|j|☆jiaco5
|j|☆cazabichos cr7
|html|jiaco5cazabichos cr7    
|uhtml|bestof|Game 2 of a best-of-3
|t:|1783993912
|gametype|doubles
|player|p1|jiaco5|102|1212
|player|p2|cazabichos cr7|bugcatcher-gen4dp|1256
|gen|9
|tier|[Gen 9 Champions] VGC 2026 Reg M-B (Bo3)
|rated|
|rule|Species Clause: Limit one of each Pokémon
|rule|Item Clause: Limit 1 of each item
|clearpoke
|poke|p1|Blastoise, L50, M|
|poke|p1|Sinistcha, L50|
|poke|p1|Delphox, L50, F|
|poke|p1|Sneasler, L50, F|
|poke|p1|Incineroar, L50, M|
|poke|p1|Kingambit, L50, F|
|poke|p2|Garchomp, L50, F|
|poke|p2|Incineroar, L50, F|
|poke|p2|Metagross, L50|
|poke|p2|Charizard, L50, F|
|poke|p2|Aerodactyl, L50, M|
|poke|p2|Sylveon, L50, M|
|teampreview|4
|showteam|p1|Blastoise||Blastoisinite|RainDish|WaterSpout,DarkPulse,ShellSmash,Protect|Modest||M|||50|]Sinistcha||OccaBerry|Hospitality|MatchaGotcha,TrickRoom,RagePowder,Protect|Relaxed|||||50|]Delphox||Delphoxite|Blaze|HeatWave,Psyshock,NastyPlot,Protect|Timid||F|||50|]Sneasler||FocusSash|PoisonTouch|CloseCombat,DireClaw,FakeOut,QuickGuard|Jolly||F|||50|]Incineroar||SitrusBerry|Intimidate|FlareBlitz,FakeOut,ThroatChop,PartingShot|Impish||M|||50|]Kingambit||BlackGlasses|Defiant|KowtowCleave,SuckerPunch,SwordsDance,Protect|Adamant||F|||50|
|showteam|p2|Garchomp||LifeOrb|RoughSkin|RockSlide,DragonClaw,Earthquake,Protect|Jolly||F|||50|]Incineroar||SitrusBerry|Intimidate|FakeOut,DarkestLariat,FlareBlitz,PartingShot|Careful||F|||50|]Metagross||Metagrossite|ClearBody|PsychicFangs,BodyPress,Protect,BulletPunch|Adamant|||||50|]Charizard||CharizarditeY|Blaze|HeatWave,SolarBeam,Protect,WeatherBall|Modest||F|||50|]Aerodactyl||FocusSash|Unnerve|RockSlide,DualWingbeat,Tailwind,Protect|Jolly||M|||50|]Sylveon||FairyFeather|Pixilate|QuickAttack,HyperBeam,HyperVoice,Detect|Modest||M|||50|
|
|t:|1783993946
|teamsize|p1|4
|teamsize|p2|4
|start
|switch|p1a: Delphox|Delphox, L50, F|100/100
|switch|p1b: Incineroar|Incineroar, L50, M|100/100
|switch|p2a: Aerodactyl|Aerodactyl, L50, M|100/100
|switch|p2b: Garchomp|Garchomp, L50, F|100/100
|-ability|p2a: Aerodactyl|Unnerve
|-ability|p1b: Incineroar|Intimidate|boost
|-unboost|p2a: Aerodactyl|atk|1
|-unboost|p2b: Garchomp|atk|1
|turn|1
|
|t:|1783993986
|switch|p2b: Incineroar|Incineroar, L50, F|100/100
|-ability|p2b: Incineroar|Intimidate|boost
|-unboost|p1a: Delphox|atk|1
|-unboost|p1b: Incineroar|atk|1
|detailschange|p1a: Delphox|Delphox-Mega, L50, F
|-mega|p1a: Delphox|Delphox|Delphoxite
|move|p2a: Aerodactyl|Protect|p2a: Aerodactyl
|-singleturn|p2a: Aerodactyl|Protect
|move|p1b: Incineroar|Fake Out|p2b: Incineroar
|-damage|p2b: Incineroar|94/100
|move|p1a: Delphox|Nasty Plot|p1a: Delphox
|-boost|p1a: Delphox|spa|2
|
|upkeep
|turn|2
|
|t:|1783994012
|move|p1a: Delphox|Protect|p1a: Delphox
|-singleturn|p1a: Delphox|Protect
|move|p2a: Aerodactyl|Dual Wingbeat|p1b: Incineroar
|-damage|p1b: Incineroar|90/100
|-damage|p1b: Incineroar|81/100
|-hitcount|p1b: Incineroar|2
|move|p2b: Incineroar|Parting Shot|p1b: Incineroar
|-unboost|p1b: Incineroar|atk|1
|-unboost|p1b: Incineroar|spa|1
|
|t:|1783994023
|switch|p2b: Charizard|Charizard, L50, F|100/100|[from] Parting Shot
|move|p1b: Incineroar|Parting Shot|p2a: Aerodactyl
|-unboost|p2a: Aerodactyl|atk|1
|-unboost|p2a: Aerodactyl|spa|1
|
|t:|1783994029
|switch|p1b: Sneasler|Sneasler, L50, F|100/100|[from] Parting Shot
|
|upkeep
|turn|3
|
|t:|1783994041
|switch|p2b: Incineroar|Incineroar, L50, F|94/100
|-ability|p2b: Incineroar|Intimidate|boost
|-unboost|p1a: Delphox|atk|1
|-unboost|p1b: Sneasler|atk|1
|move|p2a: Aerodactyl|Protect|p2a: Aerodactyl
|-singleturn|p2a: Aerodactyl|Protect
|move|p1b: Sneasler|Fake Out|p2a: Aerodactyl
|-activate|p2a: Aerodactyl|move: Protect
|move|p1a: Delphox|Nasty Plot|p1a: Delphox
|-boost|p1a: Delphox|spa|2
|
|upkeep
|turn|4
|
|t:|1783994063
|switch|p1b: Incineroar|Incineroar, L50, M|81/100
|-ability|p1b: Incineroar|Intimidate|boost
|-unboost|p2a: Aerodactyl|atk|1
|-unboost|p2b: Incineroar|atk|1
|move|p1a: Delphox|Protect|p1a: Delphox
|-singleturn|p1a: Delphox|Protect
|move|p2a: Aerodactyl|Tailwind|p2a: Aerodactyl
|-sidestart|p2: cazabichos cr7|move: Tailwind
|move|p2b: Incineroar|Parting Shot|p1b: Incineroar
|-unboost|p1b: Incineroar|atk|1
|-unboost|p1b: Incineroar|spa|1
|
|t:|1783994075
|switch|p2b: Garchomp|Garchomp, L50, F|100/100|[from] Parting Shot
|
|upkeep
|turn|5
|
|t:|1783994092
|switch|p2a: Incineroar|Incineroar, L50, F|94/100
|-ability|p2a: Incineroar|Intimidate|boost
|-unboost|p1a: Delphox|atk|1
|-unboost|p1b: Incineroar|atk|1
|move|p2b: Garchomp|Protect|p2b: Garchomp
|-singleturn|p2b: Garchomp|Protect
|move|p1b: Incineroar|Fake Out|p2b: Garchomp
|-activate|p2b: Garchomp|move: Protect
|move|p1a: Delphox|Psyshock|p2b: Garchomp
|-activate|p2b: Garchomp|move: Protect
|
|upkeep
|turn|6
|
|t:|1783994108
|switch|p2a: Aerodactyl|Aerodactyl, L50, M|100/100
|-ability|p2a: Aerodactyl|Unnerve
|switch|p1b: Sinistcha|Sinistcha, L50|100/100
|move|p1a: Delphox|Protect|p1a: Delphox
|-singleturn|p1a: Delphox|Protect
|move|p2b: Garchomp|Earthquake|p1b: Sinistcha|[spread] p1b
|-activate|p1a: Delphox|move: Protect
|-immune|p2a: Aerodactyl
|-resisted|p1b: Sinistcha|1
|-damage|p1b: Sinistcha|78/100
|-damage|p2b: Garchomp|90/100|[from] item: Life Orb
|
|upkeep
|turn|7
|
|t:|1783994132
|switch|p1b: Incineroar|Incineroar, L50, M|81/100
|-ability|p1b: Incineroar|Intimidate|boost
|-unboost|p2a: Aerodactyl|atk|1
|-unboost|p2b: Garchomp|atk|1
|move|p2a: Aerodactyl|Rock Slide|p1b: Incineroar|[spread] p1a,p1b
|-supereffective|p1a: Delphox|1
|-supereffective|p1b: Incineroar|1
|-damage|p1a: Delphox|61/100
|-damage|p1b: Incineroar|56/100
|move|p2b: Garchomp|Rock Slide|p1a: Delphox|[spread] p1a,p1b
|-supereffective|p1a: Delphox|1
|-supereffective|p1b: Incineroar|1
|-damage|p1a: Delphox|26/100
|-damage|p1b: Incineroar|34/100
|-damage|p2b: Garchomp|80/100|[from] item: Life Orb
|cant|p1a: Delphox|flinch
|
|-sideend|p2: cazabichos cr7|move: Tailwind
|upkeep
|turn|8
|
|t:|1783994154
|switch|p2b: Incineroar|Incineroar, L50, F|94/100
|-ability|p2b: Incineroar|Intimidate|boost
|-unboost|p1a: Delphox|atk|1
|-unboost|p1b: Incineroar|atk|1
|move|p2a: Aerodactyl|Protect|p2a: Aerodactyl
|-singleturn|p2a: Aerodactyl|Protect
|move|p1b: Incineroar|Fake Out|p2a: Aerodactyl
|-activate|p2a: Aerodactyl|move: Protect
|move|p1a: Delphox|Psyshock|p2b: Incineroar
|-immune|p2b: Incineroar
|
|upkeep
|turn|9
|
|t:|1783994194
|move|p2b: Incineroar|Fake Out|p1a: Delphox
|-damage|p1a: Delphox|13/100
|cant|p1a: Delphox|flinch
|move|p2a: Aerodactyl|Tailwind|p2a: Aerodactyl
|-sidestart|p2: cazabichos cr7|move: Tailwind
|move|p1b: Incineroar|Throat Chop|p2a: Aerodactyl
|-damage|p2a: Aerodactyl|68/100
|-start|p2a: Aerodactyl|Throat Chop|[silent]
|
|upkeep
|turn|10
|inactive|Battle timer is ON: inactive players will automatically lose when time's up. (requested by jiaco5)
|
|t:|1783994231
|switch|p2a: Garchomp|Garchomp, L50, F|80/100
|-enditem|p1b: Incineroar|Sitrus Berry|[eat]
|-heal|p1b: Incineroar|59/100|[from] item: Sitrus Berry
|switch|p1a: Sinistcha|Sinistcha, L50|78/100
|-heal|p1b: Incineroar|84/100|[from] ability: Hospitality|[of] p1a: Sinistcha
|move|p2b: Incineroar|Darkest Lariat|p1b: Incineroar
|-resisted|p1b: Incineroar|1
|-damage|p1b: Incineroar|71/100
|move|p1b: Incineroar|Parting Shot|p2a: Garchomp
|-unboost|p2a: Garchomp|atk|1
|-unboost|p2a: Garchomp|spa|1
|
|t:|1783994249
|switch|p1b: Delphox|Delphox-Mega, L50, F|13/100|[from] Parting Shot
|
|upkeep
|turn|11
|
|t:|1783994257
|switch|p1b: Incineroar|Incineroar, L50, M|71/100
|-ability|p1b: Incineroar|Intimidate|boost
|-unboost|p2a: Garchomp|atk|1
|-unboost|p2b: Incineroar|atk|1
|move|p2a: Garchomp|Rock Slide|p1b: Incineroar|[spread] p1a,p1b
|-supereffective|p1b: Incineroar|1
|-damage|p1a: Sinistcha|67/100
|-damage|p1b: Incineroar|51/100
|-damage|p2a: Garchomp|70/100|[from] item: Life Orb
|move|p2b: Incineroar|Parting Shot|p1a: Sinistcha
|-unboost|p1a: Sinistcha|atk|1
|-unboost|p1a: Sinistcha|spa|1
|
|t:|1783994268
|switch|p2b: Charizard|Charizard, L50, F|100/100|[from] Parting Shot
|cant|p1a: Sinistcha|flinch
|
|upkeep
|turn|12
|
|t:|1783994286
|switch|p2a: Aerodactyl|Aerodactyl, L50, M|68/100
|-ability|p2a: Aerodactyl|Unnerve
|move|p1a: Sinistcha|Protect|p1a: Sinistcha
|-singleturn|p1a: Sinistcha|Protect
|move|p2b: Charizard|Heat Wave|p1a: Sinistcha|[spread] p1b
|-activate|p1a: Sinistcha|move: Protect
|-resisted|p1b: Incineroar|1
|-damage|p1b: Incineroar|38/100
|move|p1b: Incineroar|Parting Shot|p2b: Charizard
|-unboost|p2b: Charizard|atk|1
|-unboost|p2b: Charizard|spa|1
|
|t:|1783994301
|switch|p1b: Delphox|Delphox-Mega, L50, F|13/100|[from] Parting Shot
|
|-sideend|p2: cazabichos cr7|move: Tailwind
|upkeep
|turn|13
|
|t:|1783994318
|detailschange|p2b: Charizard|Charizard-Mega-Y, L50, F
|-mega|p2b: Charizard|Charizard|Charizardite Y
|-weather|SunnyDay|[from] ability: Drought|[of] p2b: Charizard
|move|p1b: Delphox|Psyshock|p2a: Aerodactyl
|-damage|p2a: Aerodactyl|5/100
|move|p2a: Aerodactyl|Tailwind|p2a: Aerodactyl
|-sidestart|p2: cazabichos cr7|move: Tailwind
|move|p2b: Charizard|Heat Wave|p1b: Delphox|[spread] p1a,p1b
|-supereffective|p1a: Sinistcha|1
|-resisted|p1b: Delphox|1
|-damage|p1a: Sinistcha|0 fnt
|-damage|p1b: Delphox|0 fnt
|faint|p1a: Sinistcha
|faint|p1b: Delphox
|
|-weather|SunnyDay|[upkeep]
|upkeep
|
|t:|1783994330
|switch|p1b: Sneasler|Sneasler, L50, F|100/100
|switch|p1a: Incineroar|Incineroar, L50, M|38/100
|-ability|p1a: Incineroar|Intimidate|boost
|-unboost|p2a: Aerodactyl|atk|1
|-unboost|p2b: Charizard|atk|1
|turn|14
|-message|jiaco5 forfeited.
|
|win|cazabichos cr7
||jiaco5 is ready for game 3.
||cazabichos cr7 is ready for game 3.
|uhtml|next|Next: Game 3 of 3
