|j|☆gunkqing
|j|☆Tyrae
|html|gunkqingTyrae    
|uhtml|bestof|Game 2 of a best-of-3
|t:|1756402860
|gametype|doubles
|player|p1|gunkqing|striker|
|player|p2|Tyrae|ethan|
|gen|9
|tier|[Gen 9] VGC 2025 Reg H (Bo3)
|rule|Species Clause: Limit one of each Pokémon
|rule|Item Clause: Limit 1 of each item
|clearpoke
|poke|p1|Charizard, L50, F|
|poke|p1|Jumpluff, L50, F|
|poke|p1|Torkoal, L50, M|
|poke|p1|Ursaluna, L50, F|
|poke|p1|Incineroar, L50, F|
|poke|p1|Duskull, L50, M|
|poke|p2|Rillaboom, L50, F|
|poke|p2|Primarina, L50, F|
|poke|p2|Glimmora, L50, F|
|poke|p2|Dragonite, L50, M|
|poke|p2|Talonflame, L50, F|
|poke|p2|Sneasler, L50, M|
|teampreview|4
|showteam|p1|Charizard||ChoiceSpecs|SolarPower|HeatWave,Overheat,WeatherBall,DragonPulse|||F|||50|,,,,,Ghost]Jumpluff||CovertCloak|Chlorophyll|SleepPowder,Tailwind,RagePowder,SunnyDay|||F|||50|,,,,,Water]Torkoal||EjectPack|Drought|Overheat,Eruption,ClearSmog,Protect|||M|||50|,,,,,Fire]Ursaluna||FlameOrb|Guts|Facade,HeadlongRush,Earthquake,Protect|||F|||50|,,,,,Ghost]Incineroar||AssaultVest|Intimidate|FakeOut,FlareBlitz,KnockOff,Uturn|||F|||50|,,,,,Grass]Duskull||Eviolite|Levitate|NightShade,TrickRoom,HelpingHand,PainSplit|||M|||50|,,,,,Steel
|showteam|p2|Rillaboom||AssaultVest|GrassySurge|GrassyGlide,WoodHammer,FakeOut,HighHorsepower|||F|||50|,,,,,Fire]Primarina||ThroatSpray|LiquidVoice|HyperVoice,Moonblast,Haze,Protect|||F|||50|,,,,,Dragon]Glimmora||PowerHerb|ToxicDebris|MeteorBeam,SludgeBomb,EarthPower,SpikyShield|||F|||50|,,,,,Ground]Dragonite||LoadedDice|Multiscale|ScaleShot,ExtremeSpeed,TeraBlast,Protect|||M|||50|,,,,,Flying]Talonflame||CovertCloak|GaleWings|BraveBird,FlareBlitz,Tailwind,Taunt|||F|||50|,,,,,Grass]Sneasler||FocusSash|Unburden|DireClaw,CloseCombat,Coaching,Protect|||M|||50|,,,,,Stellar
|inactive|Battle timer is ON: inactive players will automatically lose when time's up. (requested by gunkqing)
|inactive|gunkqing has 60 seconds left.
|inactive|Tyrae has 60 seconds left.
|
|t:|1756402905
|teamsize|p1|4
|teamsize|p2|4
|start
|switch|p1a: Torkoal|Torkoal, L50, M, shiny|100/100
|switch|p1b: Jumpluff|Jumpluff, L50, F|100/100
|switch|p2a: Dragonite|Dragonite, L50, M|100/100
|switch|p2b: Primarina|Primarina, L50, F|100/100
|-weather|SunnyDay|[from] ability: Drought|[of] p1a: Torkoal
|turn|1
|inactive|gunkqing has 30 seconds left.
|inactive|Tyrae has 30 seconds left.
|inactive|Tyrae has 20 seconds left.
|inactive|Tyrae has 15 seconds left.
|
|t:|1756402949
|move|p1b: Jumpluff|Tailwind|p1b: Jumpluff
|-sidestart|p1: gunkqing|move: Tailwind
|move|p2a: Dragonite|Scale Shot|p1b: Jumpluff
|-damage|p1b: Jumpluff|82/100
|-damage|p1b: Jumpluff|64/100
|-damage|p1b: Jumpluff|47/100
|-damage|p1b: Jumpluff|30/100
|-hitcount|p1b: Jumpluff|4
|-unboost|p2a: Dragonite|def|1
|-boost|p2a: Dragonite|spe|1
|move|p2b: Primarina|Hyper Voice|p1b: Jumpluff|[spread] p1a,p1b
|-supereffective|p1a: Torkoal
|-resisted|p1b: Jumpluff
|-damage|p1a: Torkoal|62/100
|-damage|p1b: Jumpluff|22/100
|-enditem|p2b: Primarina|Throat Spray
|-boost|p2b: Primarina|spa|1|[from] item: Throat Spray
|move|p1a: Torkoal|Overheat|p2a: Dragonite
|-resisted|p2a: Dragonite
|-damage|p2a: Dragonite|79/100
|-unboost|p1a: Torkoal|spa|2
|-enditem|p1a: Torkoal|Eject Pack
|
|t:|1756402964
|switch|p1a: Ursaluna|Ursaluna, L50, F, shiny|100/100
|
|-weather|SunnyDay|[upkeep]
|-status|p1a: Ursaluna|brn|[from] item: Flame Orb
|upkeep
|turn|2
|inactive|Tyrae has 30 seconds left.
|inactive|Tyrae has 20 seconds left.
|inactive|Tyrae has 15 seconds left.
|inactive|Tyrae has 10 seconds left.
|
|t:|1756403011
|move|p2a: Dragonite|Extreme Speed|p1b: Jumpluff
|-damage|p1b: Jumpluff|0 fnt
|faint|p1b: Jumpluff
|move|p1a: Ursaluna|Facade|p2a: Dragonite
|-damage|p2a: Dragonite|0 fnt
|faint|p2a: Dragonite
|move|p2b: Primarina|Haze|p2b: Primarina
|-clearallboost
|
|-weather|SunnyDay|[upkeep]
|-damage|p1a: Ursaluna|94/100 brn|[from] brn
|upkeep
|
|t:|1756403022
|switch|p1b: Charizard|Charizard, L50, F, shiny|100/100
|switch|p2a: Talonflame|Talonflame, L50, F|100/100
|turn|3
|inactive|gunkqing has 30 seconds left.
|inactive|gunkqing has 20 seconds left.
|
|t:|1756403060
|move|p2a: Talonflame|Tailwind|p2a: Talonflame
|-sidestart|p2: Tyrae|move: Tailwind
|move|p1b: Charizard|Weather Ball|p2a: Talonflame
|-resisted|p2a: Talonflame
|-damage|p2a: Talonflame|0 fnt
|faint|p2a: Talonflame
|move|p2b: Primarina|Hyper Voice|p1b: Charizard|[spread] p1a,p1b
|-supereffective|p1a: Ursaluna
|-supereffective|p1b: Charizard
|-damage|p1a: Ursaluna|61/100 brn
|-damage|p1b: Charizard|53/100
|move|p1a: Ursaluna|Facade|p2b: Primarina
|-damage|p2b: Primarina|0 fnt
|faint|p2b: Primarina
|
|-weather|SunnyDay|[upkeep]
|-damage|p1b: Charizard|41/100|[from] ability: Solar Power|[of] p1b: Charizard
|-damage|p1a: Ursaluna|55/100 brn|[from] brn
|upkeep
|
|t:|1756403080
|switch|p2a: Glimmora|Glimmora, L50, F|100/100
|turn|4
|
|t:|1756403102
|switch|p1b: Torkoal|Torkoal, L50, M, shiny|62/100
|move|p2a: Glimmora|Spiky Shield|p2a: Glimmora
|-singleturn|p2a: Glimmora|move: Protect
|move|p1a: Ursaluna|Facade|p2a: Glimmora
|-activate|p2a: Glimmora|move: Protect
|-damage|p1a: Ursaluna|42/100 brn|[from] Spiky Shield|[of] p2a: Glimmora
|
|-weather|SunnyDay|[upkeep]
|-damage|p1a: Ursaluna|36/100 brn|[from] brn
|-sideend|p1: gunkqing|move: Tailwind
|upkeep
|turn|5
|inactive|gunkqing has 30 seconds left.
|
|t:|1756403133
|switch|p1b: Charizard|Charizard, L50, F, shiny|41/100
|-terastallize|p2a: Glimmora|Ground
|move|p1a: Ursaluna|Protect|p1a: Ursaluna
|-singleturn|p1a: Ursaluna|Protect
|move|p2a: Glimmora|Meteor Beam||[still]
|-prepare|p2a: Glimmora|Meteor Beam
|-boost|p2a: Glimmora|spa|1
|-enditem|p2a: Glimmora|Power Herb
|-anim|p2a: Glimmora|Meteor Beam|p1a: Ursaluna
|-activate|p1a: Ursaluna|move: Protect
|
|-weather|none
|-damage|p1a: Ursaluna|30/100 brn|[from] brn
|upkeep
|turn|6
|inactive|gunkqing has 30 seconds left.
|
|t:|1756403164
|move|p2a: Glimmora|Sludge Bomb|p1a: Ursaluna
|-resisted|p1a: Ursaluna
|-damage|p1a: Ursaluna|0 fnt
|faint|p1a: Ursaluna
|move|p1b: Charizard|Overheat|p2a: Glimmora|[miss]
|-miss|p1b: Charizard|p2a: Glimmora
|
|-sideend|p2: Tyrae|move: Tailwind
|upkeep
|
|t:|1756403169
|switch|p1a: Torkoal|Torkoal, L50, M, shiny|62/100
|-weather|SunnyDay|[from] ability: Drought|[of] p1a: Torkoal
|turn|7
|
|t:|1756403189
|-terastallize|p1a: Torkoal|Fire
|move|p1b: Charizard|Overheat|p2a: Glimmora|[miss]
|-miss|p1b: Charizard|p2a: Glimmora
|move|p2a: Glimmora|Sludge Bomb|p1b: Charizard
|-damage|p1b: Charizard|0 fnt
|faint|p1b: Charizard
|move|p1a: Torkoal|Overheat|p2a: Glimmora|[miss]
|-miss|p1a: Torkoal|p2a: Glimmora
|
|-weather|SunnyDay|[upkeep]
|upkeep
|turn|8
|
|t:|1756403200
|move|p2a: Glimmora|Earth Power|p1a: Torkoal
|-supereffective|p1a: Torkoal
|-damage|p1a: Torkoal|0 fnt
|faint|p1a: Torkoal
|
|win|Tyrae
||Tyrae is ready for game 3.
||gunkqing is ready for game 3.
|uhtml|next|Next: Game 3 of 3
|l|☆Tyrae
|player|p2|
