|j|☆barcelonaday0
|j|☆WolfeWithTheGlicky
|html|barcelonaday0WolfeWithTheGlicky    
|uhtml|bestof|Game 2 of a best-of-3
|t:|1756506496
|gametype|doubles
|player|p1|barcelonaday0|lyra|1282
|player|p2|WolfeWithTheGlicky|policeman-gen4|1300
|gen|9
|tier|[Gen 9] VGC 2025 Reg H (Bo3)
|rated|
|rule|Species Clause: Limit one of each Pokémon
|rule|Item Clause: Limit 1 of each item
|clearpoke
|poke|p1|Archaludon, L50, F|
|poke|p1|Pelipper, L50, F|
|poke|p1|Incineroar, L50, M|
|poke|p1|Basculegion, L50, M|
|poke|p1|Amoonguss, L50, M|
|poke|p1|Gholdengo, L50|
|poke|p2|Ursaluna-Bloodmoon, L50, M|
|poke|p2|Rillaboom, L50, F|
|poke|p2|Gholdengo, L50|
|poke|p2|Volcarona, L50, F|
|poke|p2|Sneasler, L50, M|
|poke|p2|Dragonite, L50, M|
|teampreview|4
|showteam|p1|Archaludon||AssaultVest|Stamina|DragonPulse,FlashCannon,ElectroShot,BodyPress|||F|||50|,,,,,Fairy]Pelipper||FocusSash|Drizzle|MuddyWater,Hurricane,Tailwind,Protect|||F|||50|,,,,,Grass]Incineroar||SafetyGoggles|Intimidate|KnockOff,Taunt,PartingShot,FakeOut|||M|||50|,,,,,Ghost]Basculegion||ChoiceScarf|Adaptability|AquaJet,WaveCrash,LastRespects,FlipTurn|||M|||50|,,,,,Water]Amoonguss||SitrusBerry|Regenerator|Spore,RagePowder,PollenPuff,Protect|||M|||50|,,,,,Water]Gholdengo||LifeOrb|GoodasGold|MakeItRain,ShadowBall,NastyPlot,Protect||||||50|,,,,,Dragon
|showteam|p2|Ursaluna-Bloodmoon||AssaultVest|MindsEye|HyperVoice,BloodMoon,EarthPower,VacuumWave|||M|||50|,,,,,Water]Rillaboom||MeadowPlate|GrassySurge|GrassyGlide,DrumBeating,KnockOff,FakeOut|||F|||50|,,,,,Fire]Gholdengo||IronPlate|GoodasGold|MakeItRain,ShadowBall,NastyPlot,Protect||||||50|,,,,,Water]Volcarona||CovertCloak|FlameBody|StruggleBug,Overheat,WillOWisp,RagePowder|||F|||50|,,,,,Dragon]Sneasler||GrassySeed|Unburden|DireClaw,CloseCombat,Coaching,Protect|||M|||50|,,,,,Ghost]Dragonite||LoadedDice|InnerFocus|ScaleShot,ExtremeSpeed,Haze,Protect|||M|||50|,,,,,Fairy
|
|t:|1756506550
|teamsize|p1|4
|teamsize|p2|4
|start
|switch|p1a: Incineroar|Incineroar, L50, M, shiny|100/100
|switch|p1b: Archaludon|Archaludon, L50, F, shiny|100/100
|switch|p2a: Volcarona|Volcarona, L50, F|100/100
|switch|p2b: Ursaluna|Ursaluna-Bloodmoon, L50, M|100/100
|-ability|p1a: Incineroar|Intimidate|boost
|-unboost|p2a: Volcarona|atk|1
|-unboost|p2b: Ursaluna|atk|1
|turn|1
|
|t:|1756506604
|move|p1a: Incineroar|Fake Out|p2b: Ursaluna
|-damage|p2b: Ursaluna|93/100
|move|p2a: Volcarona|Struggle Bug|p1b: Archaludon|[spread] p1a,p1b
|-resisted|p1b: Archaludon
|-damage|p1a: Incineroar|89/100
|-damage|p1b: Archaludon|94/100
|-unboost|p1a: Incineroar|spa|1
|-unboost|p1b: Archaludon|spa|1
|-ability|p1b: Archaludon|Stamina|boost
|-boost|p1b: Archaludon|def|1
|move|p1b: Archaludon|Body Press|p2b: Ursaluna
|-supereffective|p2b: Ursaluna
|-damage|p2b: Ursaluna|39/100
|cant|p2b: Ursaluna|flinch
|
|upkeep
|turn|2
|
|t:|1756506631
|move|p2a: Volcarona|Will-O-Wisp|p1b: Archaludon
|-status|p1b: Archaludon|brn
|move|p1b: Archaludon|Body Press|p2b: Ursaluna
|-supereffective|p2b: Ursaluna
|-damage|p2b: Ursaluna|11/100
|move|p1a: Incineroar|Knock Off|p2b: Ursaluna
|-damage|p2b: Ursaluna|0 fnt
|-enditem|p2b: Ursaluna|Assault Vest|[from] move: Knock Off|[of] p1a: Incineroar
|faint|p2b: Ursaluna
|
|-damage|p1b: Archaludon|88/100 brn|[from] brn
|upkeep
|
|t:|1756506639
|switch|p2b: Sneasler|Sneasler, L50, M|100/100
|turn|3
|
|t:|1756506658
|switch|p1a: Amoonguss|Amoonguss, L50, M, shiny|100/100
|move|p2b: Sneasler|Close Combat|p1b: Archaludon
|-supereffective|p1b: Archaludon
|-damage|p1b: Archaludon|23/100 brn
|-unboost|p2b: Sneasler|def|1
|-unboost|p2b: Sneasler|spd|1
|-ability|p1b: Archaludon|Stamina|boost
|-boost|p1b: Archaludon|def|1
|move|p2a: Volcarona|Overheat|p1b: Archaludon
|-damage|p1b: Archaludon|0 fnt
|-unboost|p2a: Volcarona|spa|2
|faint|p1b: Archaludon
|
|upkeep
|
|t:|1756506671
|switch|p1b: Pelipper|Pelipper, L50, F, shiny|100/100
|-weather|RainDance|[from] ability: Drizzle|[of] p1b: Pelipper
|turn|4
|
|t:|1756506704
|switch|p2b: Rillaboom|Rillaboom, L50, F|100/100
|-fieldstart|move: Grassy Terrain|[from] ability: Grassy Surge|[of] p2b: Rillaboom
|-terastallize|p2a: Volcarona|Dragon
|move|p2a: Volcarona|Struggle Bug|p1b: Pelipper|[spread] p1a,p1b
|-resisted|p1b: Pelipper
|-damage|p1a: Amoonguss|92/100
|-damage|p1b: Pelipper|93/100
|-unboost|p1a: Amoonguss|spa|1
|-unboost|p1b: Pelipper|spa|1
|move|p1b: Pelipper|Hurricane|p2a: Volcarona
|-damage|p2a: Volcarona|71/100
|move|p1a: Amoonguss|Spore|p2b: Rillaboom
|-immune|p2b: Rillaboom
|
|-weather|RainDance|[upkeep]
|-heal|p2a: Volcarona|77/100|[from] Grassy Terrain
|-heal|p1a: Amoonguss|98/100|[from] Grassy Terrain
|upkeep
|turn|5
|
|t:|1756506734
|switch|p1b: Incineroar|Incineroar, L50, M, shiny|89/100
|-ability|p1b: Incineroar|Intimidate|boost
|-unboost|p2a: Volcarona|atk|1
|-unboost|p2b: Rillaboom|atk|1
|move|p2a: Volcarona|Struggle Bug|p1a: Amoonguss|[spread] p1a,p1b
|-damage|p1a: Amoonguss|90/100
|-damage|p1b: Incineroar|83/100
|-unboost|p1a: Amoonguss|spa|1
|-unboost|p1b: Incineroar|spa|1
|move|p2b: Rillaboom|Knock Off|p1a: Amoonguss
|-damage|p1a: Amoonguss|74/100
|-enditem|p1a: Amoonguss|Sitrus Berry|[from] move: Knock Off|[of] p2b: Rillaboom
|move|p1a: Amoonguss|Spore|p2a: Volcarona
|-status|p2a: Volcarona|slp|[from] move: Spore
|
|-weather|RainDance|[upkeep]
|-heal|p2a: Volcarona|83/100 slp|[from] Grassy Terrain
|-heal|p1b: Incineroar|89/100|[from] Grassy Terrain
|-heal|p1a: Amoonguss|80/100|[from] Grassy Terrain
|upkeep
|turn|6
|
|t:|1756506772
|cant|p2a: Volcarona|slp
|move|p2b: Rillaboom|Knock Off|p1b: Incineroar
|-resisted|p1b: Incineroar
|-damage|p1b: Incineroar|80/100
|-enditem|p1b: Incineroar|Safety Goggles|[from] move: Knock Off|[of] p2b: Rillaboom
|move|p1b: Incineroar|Knock Off|p2a: Volcarona
|-damage|p2a: Volcarona|31/100 slp
|-enditem|p2a: Volcarona|Covert Cloak|[from] move: Knock Off|[of] p1b: Incineroar
|move|p1a: Amoonguss|Pollen Puff|p2b: Rillaboom
|-supereffective|p2b: Rillaboom
|-damage|p2b: Rillaboom|77/100
|
|-weather|RainDance|[upkeep]
|-heal|p2a: Volcarona|37/100 slp|[from] Grassy Terrain
|-heal|p2b: Rillaboom|83/100|[from] Grassy Terrain
|-heal|p1b: Incineroar|86/100|[from] Grassy Terrain
|-heal|p1a: Amoonguss|86/100|[from] Grassy Terrain
|upkeep
|turn|7
|
|t:|1756506794
|switch|p2a: Sneasler|Sneasler, L50, M|100/100
|-enditem|p2a: Sneasler|Grassy Seed
|-boost|p2a: Sneasler|def|1|[from] item: Grassy Seed
|move|p2b: Rillaboom|Drum Beating|p1b: Incineroar
|-resisted|p1b: Incineroar
|-damage|p1b: Incineroar|68/100
|-unboost|p1b: Incineroar|spe|1
|move|p1b: Incineroar|Knock Off|p2b: Rillaboom
|-damage|p2b: Rillaboom|40/100
|-enditem|p2b: Rillaboom|Meadow Plate|[from] move: Knock Off|[of] p1b: Incineroar
|move|p1a: Amoonguss|Pollen Puff|p1b: Incineroar
|-heal|p1b: Incineroar|100/100
|
|-weather|RainDance|[upkeep]
|-heal|p2b: Rillaboom|46/100|[from] Grassy Terrain
|-heal|p1a: Amoonguss|92/100|[from] Grassy Terrain
|upkeep
|turn|8
|
|t:|1756506840
|-terastallize|p1b: Incineroar|Ghost
|move|p2a: Sneasler|Coaching|p2b: Rillaboom
|-boost|p2b: Rillaboom|atk|1
|-boost|p2b: Rillaboom|def|1
|move|p2b: Rillaboom|Drum Beating|p1a: Amoonguss
|-resisted|p1a: Amoonguss
|-damage|p1a: Amoonguss|83/100
|-unboost|p1a: Amoonguss|spe|1
|move|p1b: Incineroar|Knock Off|p2a: Sneasler
|-resisted|p2a: Sneasler
|-damage|p2a: Sneasler|86/100
|move|p1a: Amoonguss|Spore|p2a: Sneasler
|-status|p2a: Sneasler|slp|[from] move: Spore
|
|-weather|none
|-heal|p2a: Sneasler|92/100 slp|[from] Grassy Terrain
|-heal|p2b: Rillaboom|52/100|[from] Grassy Terrain
|-heal|p1a: Amoonguss|89/100|[from] Grassy Terrain
|-fieldend|move: Grassy Terrain
|upkeep
|turn|9
|
|t:|1756506866
|cant|p2a: Sneasler|slp
|move|p2b: Rillaboom|Drum Beating|p1b: Incineroar
|-damage|p1b: Incineroar|69/100
|-unboost|p1b: Incineroar|spe|1
|move|p1b: Incineroar|Parting Shot|p2b: Rillaboom
|-unboost|p2b: Rillaboom|atk|1
|-unboost|p2b: Rillaboom|spa|1
|
|t:|1756506874
|switch|p1b: Pelipper|Pelipper, L50, F, shiny|93/100|[from] Parting Shot
|-weather|RainDance|[from] ability: Drizzle|[of] p1b: Pelipper
|move|p1a: Amoonguss|Pollen Puff|p1b: Pelipper
|-heal|p1b: Pelipper|100/100
|
|-weather|RainDance|[upkeep]
|upkeep
|turn|10
|
|t:|1756506889
|switch|p1a: Incineroar|Incineroar, L50, M, shiny, tera:Ghost|69/100
|-ability|p1a: Incineroar|Intimidate|boost
|-unboost|p2a: Sneasler|atk|1
|-unboost|p2b: Rillaboom|atk|1
|cant|p2a: Sneasler|slp
|move|p2b: Rillaboom|Drum Beating|p1b: Pelipper
|-damage|p1b: Pelipper|76/100
|-unboost|p1b: Pelipper|spe|1
|move|p1b: Pelipper|Hurricane|p2b: Rillaboom
|-supereffective|p2b: Rillaboom
|-damage|p2b: Rillaboom|0 fnt
|faint|p2b: Rillaboom
|
|-weather|RainDance|[upkeep]
|upkeep
|
|t:|1756506895
|switch|p2b: Volcarona|Volcarona, L50, F, tera:Dragon|37/100 slp
|turn|11
|
|t:|1756506910
|move|p1a: Incineroar|Fake Out|p2a: Sneasler
|-damage|p2a: Sneasler|81/100 slp
|cant|p2a: Sneasler|slp
|cant|p2b: Volcarona|slp
|move|p1b: Pelipper|Hurricane|p2b: Volcarona
|-damage|p2b: Volcarona|0 fnt
|faint|p2b: Volcarona
|
|-weather|RainDance|[upkeep]
|upkeep
|turn|12
|
|t:|1756506922
|-curestatus|p2a: Sneasler|slp|[msg]
|move|p2a: Sneasler|Dire Claw|p1b: Pelipper
|-damage|p1b: Pelipper|40/100
|move|p1a: Incineroar|Parting Shot|p2a: Sneasler
|-unboost|p2a: Sneasler|atk|1
|-unboost|p2a: Sneasler|spa|1
|
|t:|1756506929
|switch|p1a: Amoonguss|Amoonguss, L50, M, shiny|100/100|[from] Parting Shot
|move|p1b: Pelipper|Hurricane|p2a: Sneasler
|-supereffective|p2a: Sneasler
|-damage|p2a: Sneasler|0 fnt
|faint|p2a: Sneasler
|
|win|barcelonaday0
|raw|barcelonaday0's rating: 1282 → 1308(+26 for winning)
|raw|WolfeWithTheGlicky's rating: 1300 → 1274(-26 for losing)
|l|☆WolfeWithTheGlicky
|player|p2|
