|j|☆BeigeGorilla
|j|☆marcusquinn
|html|BeigeGorillamarcusquinn    
|uhtml|bestof|Game 2 of a best-of-3
|t:|1755128250
|gametype|doubles
|player|p1|BeigeGorilla|265|1245
|player|p2|marcusquinn|hilbert-wonderlauncher|1199
|gen|9
|tier|[Gen 9] VGC 2025 Reg H (Bo3)
|rated|
|rule|Species Clause: Limit one of each Pokémon
|rule|Item Clause: Limit 1 of each item
|clearpoke
|poke|p1|Annihilape, L50, F|
|poke|p1|Sneasler, L50, F|
|poke|p1|Sinistcha, L50|
|poke|p1|Grimmsnarl, L50, M|
|poke|p1|Indeedee, L50, M|
|poke|p1|Maushold-Four, L50|
|poke|p2|Whimsicott, L50, M|
|poke|p2|Archaludon, L50, F|
|poke|p2|Porygon2, L50|
|poke|p2|Incineroar, L50, F|
|poke|p2|Ursaluna, L50, F|
|poke|p2|Sneasler, L50, M|
|teampreview|4
|showteam|p1|Annihilape||Leftovers|Defiant|BulkUp,DrainPunch,RageFist,Protect|||F|||50|,,,,,Dark]Sneasler||PsychicSeed|Unburden|CloseCombat,Taunt,DireClaw,Protect|||F|||50|,,,,,Stellar]Sinistcha||SitrusBerry|Hospitality|MatchaGotcha,RagePowder,LifeDew,Protect||||||50|,,,,,Water]Grimmsnarl||LightClay|Prankster|SpiritBreak,Reflect,LightScreen,ThunderWave|||M|||50|,,,,,Ghost]Indeedee||ChoiceScarf|PsychicSurge|ExpandingForce,Trick,DazzlingGleam,EnergyBall|||M|||50|,,,,,Psychic]Maushold-Four||SafetyGoggles|FriendGuard|Taunt,BeatUp,FollowMe,Encore||||||50|,,,,,Dark
|showteam|p2|Whimsicott||CovertCloak|Prankster|Protect,Moonblast,Encore,Tailwind|||M|||50|,,,,,Water]Archaludon||PowerHerb|Sturdy|Protect,ElectroShot,DracoMeteor,FlashCannon|||F|||50|,,,,,Electric]Porygon2||Eviolite|Download|TeraBlast,IceBeam,Recover,TrickRoom||||||50|,,,,,Fighting]Incineroar||SitrusBerry|Intimidate|FlareBlitz,KnockOff,FakeOut,PartingShot|||F|||50|,,,,,Ghost]Ursaluna||FlameOrb|Guts|HeadlongRush,Facade,Earthquake,Protect|||F|||50|,,,,,Ghost]Sneasler||FocusSash|Unburden|Protect,CloseCombat,DireClaw,ThroatChop|||M|||50|,,,,,Stellar
|inactive|Battle timer is ON: inactive players will automatically lose when time's up. (requested by marcusquinn)
|inactive|marcusquinn has 60 seconds left.
|
|t:|1755128292
|teamsize|p1|4
|teamsize|p2|4
|start
|switch|p1a: Annihilape|Annihilape, L50, F|100/100
|switch|p1b: Grimmsnarl|Grimmsnarl, L50, M|100/100
|switch|p2a: Incineroar|Incineroar, L50, F, shiny|100/100
|switch|p2b: Whimsicott|Whimsicott, L50, M|100/100
|-ability|p2a: Incineroar|Intimidate|boost
|-unboost|p1a: Annihilape|atk|1
|-ability|p1a: Annihilape|Defiant|boost
|-boost|p1a: Annihilape|atk|2
|-unboost|p1b: Grimmsnarl|atk|1
|turn|1
|inactive|BeigeGorilla has 30 seconds left.
|inactive|marcusquinn has 30 seconds left.
|inactive|BeigeGorilla has 20 seconds left.
|inactive|marcusquinn has 20 seconds left.
|inactive|BeigeGorilla has 15 seconds left.
|inactive|marcusquinn has 15 seconds left.
|inactive|marcusquinn has 10 seconds left.
|
|t:|1755128340
|move|p1b: Grimmsnarl|Light Screen|p1b: Grimmsnarl
|-sidestart|p1: BeigeGorilla|move: Light Screen
|move|p2b: Whimsicott|Moonblast|p1a: Annihilape
|-supereffective|p1a: Annihilape
|-damage|p1a: Annihilape|65/100
|move|p1a: Annihilape|Bulk Up|p1a: Annihilape
|-boost|p1a: Annihilape|atk|1
|-boost|p1a: Annihilape|def|1
|move|p2a: Incineroar|Knock Off|p1a: Annihilape
|-damage|p1a: Annihilape|39/100
|-enditem|p1a: Annihilape|Leftovers|[from] move: Knock Off|[of] p2a: Incineroar
|
|upkeep
|turn|2
|inactive|BeigeGorilla has 30 seconds left.
|inactive|marcusquinn has 30 seconds left.
|inactive|marcusquinn has 20 seconds left.
|
|t:|1755128376
|move|p1a: Annihilape|Protect|p1a: Annihilape
|-singleturn|p1a: Annihilape|Protect
|move|p2b: Whimsicott|Tailwind|p2b: Whimsicott
|-sidestart|p2: marcusquinn|move: Tailwind
|move|p1b: Grimmsnarl|Thunder Wave|p2b: Whimsicott|[miss]
|-miss|p1b: Grimmsnarl|p2b: Whimsicott
|move|p2a: Incineroar|Parting Shot|p1b: Grimmsnarl
|-unboost|p1b: Grimmsnarl|atk|1
|-unboost|p1b: Grimmsnarl|spa|1
|
|t:|1755128387
|switch|p2a: Archaludon|Archaludon, L50, F|100/100|[from] Parting Shot
|
|upkeep
|turn|3
|
|t:|1755128402
|-terastallize|p2a: Archaludon|Electric
|move|p1b: Grimmsnarl|Thunder Wave|p2a: Archaludon|[miss]
|-miss|p1b: Grimmsnarl|p2a: Archaludon
|move|p2b: Whimsicott|Moonblast|p1b: Grimmsnarl
|-supereffective|p1b: Grimmsnarl
|-damage|p1b: Grimmsnarl|68/100
|-unboost|p1b: Grimmsnarl|spa|1
|move|p2a: Archaludon|Electro Shot||[still]
|-prepare|p2a: Archaludon|Electro Shot
|-boost|p2a: Archaludon|spa|1
|-enditem|p2a: Archaludon|Power Herb
|-anim|p2a: Archaludon|Electro Shot|p1a: Annihilape
|-damage|p1a: Annihilape|0 fnt
|faint|p1a: Annihilape
|
|upkeep
|inactive|BeigeGorilla has 30 seconds left.
|inactive|BeigeGorilla has 20 seconds left.
|
|t:|1755128442
|switch|p1a: Sneasler|Sneasler, L50, F|100/100
|turn|4
|inactive|marcusquinn has 30 seconds left.
|
|t:|1755128472
|switch|p2b: Incineroar|Incineroar, L50, F, shiny|100/100
|-ability|p2b: Incineroar|Intimidate|boost
|-unboost|p1a: Sneasler|atk|1
|-unboost|p1b: Grimmsnarl|atk|1
|move|p1a: Sneasler|Protect|p1a: Sneasler
|-singleturn|p1a: Sneasler|Protect
|move|p1b: Grimmsnarl|Thunder Wave|p2b: Incineroar
|-hint|Since gen 7, Dark is immune to Prankster moves.
|-immune|p2b: Incineroar
|move|p2a: Archaludon|Flash Cannon|p1b: Grimmsnarl
|-supereffective|p1b: Grimmsnarl
|-damage|p1b: Grimmsnarl|3/100
|
|upkeep
|turn|5
|
|t:|1755128496
|switch|p2b: Whimsicott|Whimsicott, L50, M|100/100
|switch|p1b: Indeedee|Indeedee, L50, M|100/100
|-fieldstart|move: Psychic Terrain|[from] ability: Psychic Surge|[of] p1b: Indeedee
|-enditem|p1a: Sneasler|Psychic Seed
|-boost|p1a: Sneasler|spd|1|[from] item: Psychic Seed
|move|p2a: Archaludon|Draco Meteor|p1a: Sneasler
|-damage|p1a: Sneasler|46/100
|-unboost|p2a: Archaludon|spa|2
|move|p1a: Sneasler|Close Combat|p2b: Whimsicott
|-resisted|p2b: Whimsicott
|-damage|p2b: Whimsicott|69/100
|-unboost|p1a: Sneasler|def|1
|-unboost|p1a: Sneasler|spd|1
|
|-sideend|p2: marcusquinn|move: Tailwind
|upkeep
|turn|6
|inactive|BeigeGorilla has 30 seconds left.
|
|t:|1755128527
|-terastallize|p1b: Indeedee|Psychic
|move|p2b: Whimsicott|Tailwind|p2b: Whimsicott
|-sidestart|p2: marcusquinn|move: Tailwind
|move|p2a: Archaludon|Draco Meteor|p1b: Indeedee
|-damage|p1b: Indeedee|62/100
|-unboost|p2a: Archaludon|spa|2
|move|p1a: Sneasler|Dire Claw|p2a: Archaludon
|-damage|p2a: Archaludon|73/100
|move|p1b: Indeedee|Expanding Force|p2b: Whimsicott|[spread] p2a,p2b
|-damage|p2a: Archaludon|0 fnt
|-damage|p2b: Whimsicott|0 fnt
|faint|p2a: Archaludon
|faint|p2b: Whimsicott
|
|upkeep
|
|t:|1755128541
|switch|p2b: Sneasler|Sneasler, L50, M|100/100
|switch|p2a: Incineroar|Incineroar, L50, F, shiny|100/100
|-ability|p2a: Incineroar|Intimidate|boost
|-unboost|p1a: Sneasler|atk|1
|-unboost|p1b: Indeedee|atk|1
|turn|7
|inactive|BeigeGorilla has 30 seconds left.
|inactive|BeigeGorilla has 20 seconds left.
|
|t:|1755128577
|move|p2b: Sneasler|Throat Chop|p1b: Indeedee
|-supereffective|p1b: Indeedee
|-damage|p1b: Indeedee|0 fnt
|faint|p1b: Indeedee
|move|p1a: Sneasler|Close Combat|p2a: Incineroar
|-supereffective|p2a: Incineroar
|-damage|p2a: Incineroar|35/100
|-unboost|p1a: Sneasler|def|1
|-unboost|p1a: Sneasler|spd|1
|-enditem|p2a: Incineroar|Sitrus Berry|[eat]
|-heal|p2a: Incineroar|60/100|[from] item: Sitrus Berry
|move|p2a: Incineroar|Flare Blitz|p1a: Sneasler
|-damage|p1a: Sneasler|0 fnt
|faint|p1a: Sneasler
|-damage|p2a: Incineroar|46/100|[from] Recoil
|
|upkeep
|-message|BeigeGorilla forfeited.
|
|win|marcusquinn
|raw|BeigeGorilla's rating: 1245 → 1217(-28 for losing)
|raw|marcusquinn's rating: 1199 → 1227(+28 for winning)
|l|☆BeigeGorilla
|player|p1|
