|j|☆Luna_walking
|j|☆yairmeron
|html|Luna_walkingyairmeron    
|uhtml|bestof|Game 1 of a best-of-3
|t:|1786108700
|gametype|doubles
|player|p1|Luna_walking|265|1143
|player|p2|yairmeron|170|1100
|gen|9
|tier|[Gen 9 Champions] VGC 2026 Reg M-B (Bo3)
|rated|
|rule|Species Clause: Limit one of each Pokémon
|rule|Item Clause: Limit 1 of each item
|clearpoke
|poke|p1|Charizard, L50, F|
|poke|p1|Floette-Eternal, L50, F|
|poke|p1|Whimsicott, L50, M|
|poke|p1|Incineroar, L50, M|
|poke|p1|Basculegion, L50, M|
|poke|p1|Garchomp, L50, M|
|poke|p2|Raichu, L50, M|
|poke|p2|Archaludon, L50, F|
|poke|p2|Pelipper, L50, M|
|poke|p2|Basculegion, L50, M|
|poke|p2|Corviknight, L50, M|
|poke|p2|Incineroar, L50, F|
|teampreview|4
|showteam|p1|Charizard||CharizarditeY|Blaze|HeatWave,WeatherBall,SolarBeam,Protect|Modest||F|||50|]Floette-Eternal||Floettite|FlowerVeil|Moonblast,DazzlingGleam,LightofRuin,Protect|Modest||F|||50|]Whimsicott||FocusSash|Prankster|Moonblast,Encore,Tailwind,Protect|Timid||M|||50|]Incineroar||SitrusBerry|Intimidate|FlareBlitz,DarkestLariat,PartingShot,FakeOut|Adamant||M|||50|]Basculegion||MysticWater|Adaptability|WaveCrash,LastRespects,AquaJet,Protect|Adamant||M|||50|]Garchomp||LifeOrb|RoughSkin|DragonClaw,Earthquake,Protect,RockSlide|Jolly||M|||50|
|showteam|p2|Raichu||RaichuniteY|LightningRod|FakeOut,Encore,Protect,ZapCannon|Timid||M|||50|]Archaludon||Leftovers|Stamina|ElectroShot,FlashCannon,Protect,DragonPulse|Modest||F|||50|]Pelipper||FocusSash|Drizzle|Hurricane,WeatherBall,Protect,Tailwind|Modest||M|||50|]Basculegion||LifeOrb|SwiftSwim|WaveCrash,LastRespects,AquaJet,FlipTurn|Adamant||M|||50|]Corviknight||OccaBerry|MirrorArmor|IronDefense,IronHead,BodyPress,Protect|Adamant||M|||50|]Incineroar||ChopleBerry|Intimidate|FakeOut,PartingShot,FlareBlitz,DarkestLariat|Adamant||F|||50|
|inactive|Battle timer is ON: inactive players will automatically lose when time's up. (requested by yairmeron)
|inactive|Luna_walking has 60 seconds left.
|
|t:|1786108738
|teamsize|p1|4
|teamsize|p2|4
|start
|switch|p1a: Whimsicott|Whimsicott, L50, M|100/100
|switch|p1b: Charizard|Charizard, L50, F|100/100
|switch|p2a: Corviknight|Corviknight, L50, M|100/100
|switch|p2b: Raichu|Raichu, L50, M|100/100
|turn|1
|
|t:|1786108761
|switch|p1b: Garchomp|Garchomp, L50, M|100/100
|switch|p2a: Incineroar|Incineroar, L50, F|100/100
|-ability|p2a: Incineroar|Intimidate|boost
|-unboost|p1a: Whimsicott|atk|1
|-unboost|p1b: Garchomp|atk|1
|detailschange|p2b: Raichu|Raichu-Mega-Y, L50, M
|-mega|p2b: Raichu|Raichu|Raichunite Y
|move|p1a: Whimsicott|Protect|p1a: Whimsicott
|-singleturn|p1a: Whimsicott|Protect
|move|p2b: Raichu|Fake Out|p1b: Garchomp
|-damage|p1b: Garchomp|92/100
|-damage|p2b: Raichu|87/100|[from] ability: Rough Skin|[of] p1b: Garchomp
|
|upkeep
|turn|2
|
|t:|1786108780
|switch|p2b: Corviknight|Corviknight, L50, M|100/100
|switch|p1a: Charizard|Charizard, L50, F|100/100
|move|p1b: Garchomp|Earthquake|p2b: Corviknight|[spread] p2a
|-immune|p1a: Charizard
|-immune|p2b: Corviknight
|-supereffective|p2a: Incineroar|1
|-damage|p2a: Incineroar|25/100
|-damage|p1b: Garchomp|82/100|[from] item: Life Orb
|move|p2a: Incineroar|Parting Shot|p1b: Garchomp
|-unboost|p1b: Garchomp|atk|1
|-unboost|p1b: Garchomp|spa|1
|
|t:|1786108795
|switch|p2a: Raichu|Raichu-Mega-Y, L50, M|87/100|[from] Parting Shot
|
|upkeep
|turn|3
|
|t:|1786108811
|switch|p1b: Whimsicott|Whimsicott, L50, M|100/100
|move|p1a: Charizard|Protect|p1a: Charizard
|-singleturn|p1a: Charizard|Protect
|move|p2a: Raichu|Zap Cannon|p1a: Charizard
|-activate|p1a: Charizard|move: Protect
|move|p2b: Corviknight|Iron Head|p1b: Whimsicott
|-supereffective|p1b: Whimsicott|1
|-damage|p1b: Whimsicott|3/100
|
|upkeep
|turn|4
|
|t:|1786108833
|detailschange|p1a: Charizard|Charizard-Mega-Y, L50, F
|-mega|p1a: Charizard|Charizard|Charizardite Y
|-weather|SunnyDay|[from] ability: Drought|[of] p1a: Charizard
|move|p2a: Raichu|Protect|p2a: Raichu
|-singleturn|p2a: Raichu|Protect
|move|p2b: Corviknight|Protect|p2b: Corviknight
|-singleturn|p2b: Corviknight|Protect
|move|p1b: Whimsicott|Tailwind|p1b: Whimsicott
|-sidestart|p1: Luna_walking|move: Tailwind
|move|p1a: Charizard|Heat Wave|p2b: Corviknight|[spread] 
|-activate|p2a: Raichu|move: Protect
|-activate|p2b: Corviknight|move: Protect
|
|-weather|SunnyDay|[upkeep]
|upkeep
|turn|5
|
|t:|1786108852
|switch|p2b: Pelipper|Pelipper, L50, M|100/100
|-weather|RainDance|[from] ability: Drizzle|[of] p2b: Pelipper
|move|p1b: Whimsicott|Moonblast|p2a: Raichu
|-damage|p2a: Raichu|30/100
|move|p1a: Charizard|Heat Wave|p2b: Pelipper|[spread] p2a,p2b
|-resisted|p2b: Pelipper|1
|-damage|p2a: Raichu|2/100
|-damage|p2b: Pelipper|85/100
|move|p2a: Raichu|Zap Cannon|p1a: Charizard
|-supereffective|p1a: Charizard|1
|-damage|p1a: Charizard|0 fnt
|faint|p1a: Charizard
|
|-weather|RainDance|[upkeep]
|upkeep
|
|t:|1786108866
|switch|p1a: Basculegion|Basculegion, L50, M|100/100
|turn|6
|
|t:|1786108882
|switch|p2a: Incineroar|Incineroar, L50, F|25/100
|-ability|p2a: Incineroar|Intimidate|boost
|-unboost|p1a: Basculegion|atk|1
|-unboost|p1b: Whimsicott|atk|1
|move|p1b: Whimsicott|Moonblast|p2a: Incineroar
|-damage|p2a: Incineroar|0 fnt
|faint|p2a: Incineroar
|move|p1a: Basculegion|Last Respects|p2b: Pelipper
|-damage|p2b: Pelipper|34/100
|move|p2b: Pelipper|Tailwind|p2b: Pelipper
|-sidestart|p2: yairmeron|move: Tailwind
|
|-weather|RainDance|[upkeep]
|upkeep
|
|t:|1786108897
|switch|p2a: Raichu|Raichu-Mega-Y, L50, M|2/100
|turn|7
|
|t:|1786108908
|move|p2a: Raichu|Fake Out|p1b: Whimsicott
|-damage|p1b: Whimsicott|0 fnt
|faint|p1b: Whimsicott
|move|p1a: Basculegion|Aqua Jet|p2a: Raichu
|-damage|p2a: Raichu|0 fnt
|faint|p2a: Raichu
|move|p2b: Pelipper|Hurricane|p1a: Basculegion
|-damage|p1a: Basculegion|55/100
|-start|p1a: Basculegion|confusion
|
|-weather|RainDance|[upkeep]
|-sideend|p1: Luna_walking|move: Tailwind
|upkeep
|
|t:|1786108921
|switch|p2a: Corviknight|Corviknight, L50, M|100/100
|switch|p1b: Garchomp|Garchomp, L50, M|82/100
|turn|8
|
|t:|1786108932
|-activate|p1a: Basculegion|confusion
|move|p1a: Basculegion|Protect|p1a: Basculegion
|-singleturn|p1a: Basculegion|Protect
|move|p2b: Pelipper|Hurricane|p1a: Basculegion
|-activate|p1a: Basculegion|move: Protect
|move|p2a: Corviknight|Iron Defense|p2a: Corviknight
|-boost|p2a: Corviknight|def|2
|move|p1b: Garchomp|Rock Slide|p2b: Pelipper|[spread] p2a,p2b
|-supereffective|p2b: Pelipper|1
|-damage|p2a: Corviknight|89/100
|-damage|p2b: Pelipper|0 fnt
|faint|p2b: Pelipper
|-damage|p1b: Garchomp|72/100|[from] item: Life Orb
|
|-weather|RainDance|[upkeep]
|upkeep
|turn|9
|
|t:|1786108954
|move|p2a: Corviknight|Iron Defense|p2a: Corviknight
|-boost|p2a: Corviknight|def|2
|move|p1b: Garchomp|Rock Slide|p2a: Corviknight|[miss]
|-miss|p1b: Garchomp|p2a: Corviknight
|-activate|p1a: Basculegion|confusion
|move|p1a: Basculegion|Last Respects|p2a: Corviknight
|-damage|p2a: Corviknight|70/100
|
|-weather|none
|-sideend|p2: yairmeron|move: Tailwind
|upkeep
|turn|10
|
|t:|1786108968
|move|p2a: Corviknight|Protect|p2a: Corviknight
|-singleturn|p2a: Corviknight|Protect
|move|p1b: Garchomp|Rock Slide|p2a: Corviknight
|-activate|p2a: Corviknight|move: Protect
|-activate|p1a: Basculegion|confusion
|-damage|p1a: Basculegion|45/100|[from] confusion
|
|upkeep
|turn|11
|
|t:|1786108981
|move|p1b: Garchomp|Rock Slide|p2a: Corviknight
|-damage|p2a: Corviknight|60/100
|-damage|p1b: Garchomp|62/100|[from] item: Life Orb
|-end|p1a: Basculegion|confusion
|move|p1a: Basculegion|Last Respects|p2a: Corviknight
|-damage|p2a: Corviknight|40/100
|move|p2a: Corviknight|Iron Head|p1a: Basculegion
|-resisted|p1a: Basculegion|1
|-damage|p1a: Basculegion|27/100
|
|upkeep
|turn|12
|
|t:|1786108996
|move|p1b: Garchomp|Dragon Claw|p2a: Corviknight
|-resisted|p2a: Corviknight|1
|-crit|p2a: Corviknight
|-damage|p2a: Corviknight|5/100
|-damage|p1b: Garchomp|53/100|[from] item: Life Orb
|move|p1a: Basculegion|Last Respects|p2a: Corviknight
|-crit|p2a: Corviknight
|-damage|p2a: Corviknight|0 fnt
|faint|p2a: Corviknight
|
|win|Luna_walking
