|j|‚òÜkojay
|j|‚òÜComo Se Dice Ben
|html|kojayComo Se Dice Ben    
|uhtml|bestof|Game 2 of a best-of-3
|t:|1756755587
|gametype|doubles
|player|p1|kojay|kamado-armor|
|player|p2|Como Se Dice Ben|toddsnap2|
|gen|9
|tier|[Gen 9] VGC 2025 Reg H (Bo3)
|rule|Species Clause: Limit one of each Pok√©mon
|rule|Item Clause: Limit 1 of each item
|clearpoke
|poke|p1|Garchomp, L50, F|
|poke|p1|Sneasler, L50, F|
|poke|p1|Incineroar, L50, M|
|poke|p1|Dragonite, L50, F|
|poke|p1|Gholdengo, L50|
|poke|p1|Vivillon, L50, M|
|poke|p2|Baxcalibur, L50, F|
|poke|p2|Weezing-Galar, L50, M|
|poke|p2|Corviknight, L50, M|
|poke|p2|Typhlosion-Hisui, L50, M|
|poke|p2|Toedscruel, L50, M|
|poke|p2|Annihilape, L50, F|
|teampreview|4
|showteam|p1|Garchomp||LifeOrb|RoughSkin|Earthquake,DragonClaw,StompingTantrum,Protect|||F|||50|,,,,,Ground]Sneasler||WhiteHerb|Unburden|Coaching,Protect,DireClaw,CloseCombat|||F|||50|,,,,,Ghost]Incineroar||SafetyGoggles|Intimidate|FakeOut,FlareBlitz,KnockOff,PartingShot|||M|||50|,,,,,Ghost]Dragonite||LoadedDice|InnerFocus|TeraBlast,ScaleShot,Tailwind,Protect|||F|||50|,,,,,Flying]Gholdengo||ChoiceScarf|GoodasGold|MakeItRain,ShadowBall,Trick,Thunderbolt||||||50|,,,,,Steel]Vivillon||FocusSash|CompoundEyes|Hurricane,SleepPowder,RagePowder,Protect|||M|||50|,,,,,Ghost
|showteam|p2|Baxcalibur||LifeOrb|ThermalExchange|GlaiveRush,IcicleCrash,IceShard,Protect|||F|||50|,,,,,Water]Weezing-Galar||ChoiceSpecs|NeutralizingGas|DazzlingGleam,SludgeBomb,StrangeSteam,Flamethrower|||M|||50|,,,,,Flying]Corviknight||SitrusBerry|MirrorArmor|BraveBird,Tailwind,Roost,Protect|||M|||50|,,,,,Dragon]Typhlosion-Hisui||ChoiceScarf|Frisk|Eruption,HeatWave,Overheat,InfernalParade|||M|||50|,,,,,Fire]Toedscruel||CovertCloak|MyceliumMight|Spore,EarthPower,AcidSpray,BulletSeed|||M|||50|,,,,,Water]Annihilape||AssaultVest|Defiant|RageFist,DrainPunch,CloseCombat,FinalGambit|||F|||50|,,,,,Grass
|
|t:|1756755625
|teamsize|p1|4
|teamsize|p2|4
|start
|switch|p1a: Dragonite|Dragonite, L50, F, shiny|100/100
|switch|p1b: Vivillon|Vivillon, L50, M|100/100
|switch|p2a: Typhlosion|Typhlosion-Hisui, L50, M, shiny|100/100
|switch|p2b: Corviknight|Corviknight, L50, M|100/100
|-item|p1a: Dragonite|Loaded Dice|[from] ability: Frisk|[of] p2a: Typhlosion
|-item|p1b: Vivillon|Focus Sash|[from] ability: Frisk|[of] p2a: Typhlosion
|turn|1
|
|t:|1756755672
|move|p2a: Typhlosion|Heat Wave|p1a: Dragonite|[spread] p1a,p1b
|-resisted|p1a: Dragonite
|-supereffective|p1b: Vivillon
|-crit|p1b: Vivillon
|-damage|p1a: Dragonite|82/100
|-enditem|p1b: Vivillon|Focus Sash
|-damage|p1b: Vivillon|1/100
|move|p1b: Vivillon|Sleep Powder|p2b: Corviknight
|-status|p2b: Corviknight|slp|[from] move: Sleep Powder
|move|p1a: Dragonite|Tailwind|p1a: Dragonite
|-sidestart|p1: kojay|move: Tailwind
|cant|p2b: Corviknight|slp
|
|upkeep
|turn|2
|
|t:|1756755706
|switch|p2a: Weezing|Weezing-Galar, L50, M|100/100
|-ability|p2a: Weezing|Neutralizing Gas
|-terastallize|p1a: Dragonite|Flying
|move|p1b: Vivillon|Hurricane|p2a: Weezing|[miss]
|-miss|p1b: Vivillon|p2a: Weezing
|move|p1a: Dragonite|Tera Blast|p2a: Weezing|[anim] Tera Blast Flying
|-damage|p2a: Weezing|33/100
|cant|p2b: Corviknight|slp
|
|upkeep
|turn|3
|
|t:|1756755766
|move|p1b: Vivillon|Protect|p1b: Vivillon
|-singleturn|p1b: Vivillon|Protect
|move|p1a: Dragonite|Tera Blast|p2a: Weezing|[anim] Tera Blast Flying
|-damage|p2a: Weezing|0 fnt
|faint|p2a: Weezing
|-end|p2a: Weezing|ability: Neutralizing Gas
|cant|p2b: Corviknight|slp
|
|upkeep
|
|t:|1756755774
|switch|p2a: Baxcalibur|Baxcalibur, L50, F|100/100
|turn|4
|
|t:|1756755822
|switch|p1b: Gholdengo|Gholdengo, L50|100/100
|switch|p2b: Typhlosion|Typhlosion-Hisui, L50, M, shiny|100/100
|-item|p1a: Dragonite|Loaded Dice|[from] ability: Frisk|[of] p2b: Typhlosion
|-item|p1b: Gholdengo|Choice Scarf|[from] ability: Frisk|[of] p2b: Typhlosion
|-terastallize|p2a: Baxcalibur|Water
|move|p2a: Baxcalibur|Ice Shard|p1b: Gholdengo
|-resisted|p1b: Gholdengo
|-damage|p1b: Gholdengo|81/100
|-damage|p2a: Baxcalibur|91/100|[from] item: Life Orb
|move|p1a: Dragonite|Scale Shot|p2a: Baxcalibur
|-crit|p2a: Baxcalibur
|-damage|p2a: Baxcalibur|69/100
|-damage|p2a: Baxcalibur|53/100
|-damage|p2a: Baxcalibur|40/100
|-crit|p2a: Baxcalibur
|-damage|p2a: Baxcalibur|16/100
|-hitcount|p2a: Baxcalibur|4
|-unboost|p1a: Dragonite|def|1
|-boost|p1a: Dragonite|spe|1
|
|-sideend|p1: kojay|move: Tailwind
|upkeep
|turn|5
|c|‚òÜkojay|i think thats gg
|c|‚òÜComo Se Dice Ben|Yeah same
|
|t:|1756755912
|move|p1a: Dragonite|Protect|p1a: Dragonite
|-singleturn|p1a: Dragonite|Protect
|move|p2a: Baxcalibur|Ice Shard|p1a: Dragonite
|-activate|p1a: Dragonite|move: Protect
|move|p2b: Typhlosion|Eruption|p1b: Gholdengo|[spread] p1b
|-activate|p1a: Dragonite|move: Protect
|-supereffective|p1b: Gholdengo
|-damage|p1b: Gholdengo|0 fnt
|faint|p1b: Gholdengo
|
|upkeep
|c|‚òÜkojay|sorry thinking if hteres any line
|c|‚òÜComo Se Dice Ben|I have some ideas
|c|‚òÜComo Se Dice Ben|But I think I have plans into all of them
|
|t:|1756756016
|switch|p1b: Kaladin|Garchomp, L50, F, shiny|100/100
|turn|6
|
|t:|1756756038
|move|p1b: Kaladin|Protect|p1b: Kaladin
|-singleturn|p1b: Kaladin|Protect
|move|p2a: Baxcalibur|Ice Shard|p1b: Kaladin
|-activate|p1b: Kaladin|move: Protect
|move|p2b: Typhlosion|Eruption|p1b: Kaladin|[spread] p1a
|-activate|p1b: Kaladin|move: Protect
|-damage|p1a: Dragonite|17/100
|move|p1a: Dragonite|Tailwind|p1a: Dragonite
|-sidestart|p1: kojay|move: Tailwind
|
|upkeep
|turn|7
|c|‚òÜComo Se Dice Ben|I think the Ice Shard there was 50/50
|
|t:|1756756115
|switch|p2b: Corviknight|Corviknight, L50, M|100/100 slp
|move|p2a: Baxcalibur|Ice Shard|p1b: Kaladin
|-supereffective|p1b: Kaladin
|-crit|p1b: Kaladin
|-damage|p1b: Kaladin|0 fnt
|faint|p1b: Kaladin
|-damage|p2a: Baxcalibur|6/100|[from] item: Life Orb
|move|p1a: Dragonite|Tera Blast|p2b: Corviknight|[anim] Tera Blast Flying
|-resisted|p2b: Corviknight
|-damage|p2b: Corviknight|75/100 slp
|
|upkeep
|c|‚òÜkojay|mmm shoulda just made the play
|
|t:|1756756131
|switch|p1b: Vivillon|Vivillon, L50, M|1/100
|turn|8
|c|‚òÜComo Se Dice Ben|What were you thinking?
|c|‚òÜkojay|saccing viv there
|c|‚òÜComo Se Dice Ben|That's what I was afraid of
|c|‚òÜComo Se Dice Ben|Had to gamble
|c|‚òÜkojay|im also def supposed to swing into bax if i do that last play
|c|‚òÜComo Se Dice Ben|That's what I was expecting
|c|‚òÜComo Se Dice Ben|Def never swing into my Typlo slot
|
|t:|1756756213
|move|p1a: Dragonite|Protect|p1a: Dragonite
|-singleturn|p1a: Dragonite|Protect
|move|p1b: Vivillon|Protect|p1b: Vivillon
|-singleturn|p1b: Vivillon|Protect
|move|p2a: Baxcalibur|Ice Shard|p1a: Dragonite
|-activate|p1a: Dragonite|move: Protect
|-curestatus|p2b: Corviknight|slp|[msg]
|move|p2b: Corviknight|Brave Bird|p1a: Dragonite
|-activate|p1a: Dragonite|move: Protect
|
|upkeep
|turn|9
|
|t:|1756756256
|move|p1a: Dragonite|Protect||[still]
|-fail|p1a: Dragonite
|move|p1b: Vivillon|Protect||[still]
|-fail|p1b: Vivillon
|move|p2a: Baxcalibur|Ice Shard|p1a: Dragonite
|-supereffective|p1a: Dragonite
|-damage|p1a: Dragonite|0 fnt
|faint|p1a: Dragonite
|-damage|p2a: Baxcalibur|0 fnt|[from] item: Life Orb
|faint|p2a: Baxcalibur
|move|p2b: Corviknight|Brave Bird|p1b: Vivillon
|-supereffective|p1b: Vivillon
|-damage|p1b: Vivillon|0 fnt
|faint|p1b: Vivillon
|-damage|p2b: Corviknight|75/100|[from] Recoil
|
|win|Como Se Dice Ben
|c|‚òÜkojay|kk so incin has to come to that mu
|c|‚òÜComo Se Dice Ben|Yes
|c|‚òÜComo Se Dice Ben|Incin is a big reason Ape is here
|c|‚òÜComo Se Dice Ben|Also was why Chomp was better than Bax
|c|‚òÜComo Se Dice Ben|But I like the Prio damage a lot
|c|‚òÜkojay|run it back real fast?
|c|‚òÜkojay|ima send it on full intuition
