|j|☆Iceman5687
|j|☆pependerland
|html|Iceman5687pependerland    
|uhtml|bestof|Game 2 of a best-of-3
|t:|1784136053
|gametype|doubles
|player|p1|Iceman5687|170|1241
|player|p2|pependerland|266|1184
|gen|9
|tier|[Gen 9 Champions] VGC 2026 Reg M-B (Bo3)
|rated|
|rule|Species Clause: Limit one of each Pokémon
|rule|Item Clause: Limit 1 of each item
|clearpoke
|poke|p1|Charizard, L50, F|
|poke|p1|Grimmsnarl, L50, M|
|poke|p1|Pelipper, L50, F|
|poke|p1|Archaludon, L50, F|
|poke|p1|Basculegion, L50, M|
|poke|p1|Venusaur, L50, M|
|poke|p2|Charizard, L50, F|
|poke|p2|Corviknight, L50, M|
|poke|p2|Sinistcha, L50|
|poke|p2|Sneasler, L50, F|
|poke|p2|Incineroar, L50, M|
|poke|p2|Floette-Eternal, L50, F|
|teampreview|4
|showteam|p1|Charizard||CharizarditeY|Blaze|Protect,HeatWave,WeatherBall,SolarBeam|Modest||F|||50|]Grimmsnarl||LightClay|Prankster|SpiritBreak,Reflect,LightScreen,PartingShot|Sassy||M|||50|]Pelipper||SitrusBerry|Drizzle|Hurricane,WeatherBall,Tailwind,WideGuard|Modest||F|||50|]Archaludon||Leftovers|Stamina|Protect,ElectroShot,DragonPulse,FlashCannon|Calm||F|||50|]Basculegion||ChoiceScarf|Adaptability|FlipTurn,WaveCrash,AquaJet,LastRespects|Jolly||M|||50|]Venusaur||FocusSash|Chlorophyll|Protect,SleepPowder,SludgeBomb,EarthPower|Modest||M|||50|
|showteam|p2|Charizard||CharizarditeX|Blaze|FlareBlitz,DragonClaw,DragonDance,Protect|Adamant||F|||50|]Corviknight||Leftovers|MirrorArmor|Tailwind,BraveBird,Roost,IronHead|Adamant||M|||50|]Sinistcha||KasibBerry|Hospitality|TrickRoom,RagePowder,MatchaGotcha,Protect|Calm|||||50|]Sneasler||FocusSash|Unburden|FakeOut,CloseCombat,DireClaw,Coaching|Jolly||F|||50|]Incineroar||SitrusBerry|Intimidate|FakeOut,FlareBlitz,ThroatChop,PartingShot|Adamant||M|||50|]Floette-Eternal||Floettite|Symbiosis|DazzlingGleam,Moonblast,Protect,CalmMind|Modest||F|||50|
|inactive|Battle timer is ON: inactive players will automatically lose when time's up. (requested by pependerland)
|inactive|Iceman5687 has 60 seconds left.
|
|t:|1784136086
|teamsize|p1|4
|teamsize|p2|4
|start
|switch|p1a: Basculegion|Basculegion, L50, M|100/100
|switch|p1b: Grimmsnarl|Grimmsnarl, L50, M|100/100
|switch|p2a: Charizard|Charizard, L50, F|100/100
|switch|p2b: Sneasler|Sneasler, L50, F|100/100
|turn|1
|inactive|Iceman5687 has 30 seconds left.
|inactive|pependerland has 30 seconds left.
|inactive|pependerland has 20 seconds left.
|inactive|pependerland has 15 seconds left.
|inactive|pependerland has 10 seconds left.
|
|t:|1784136132
|detailschange|p2a: Charizard|Charizard-Mega-X, L50, F
|-mega|p2a: Charizard|Charizard|Charizardite X
|move|p1b: Grimmsnarl|Reflect|p1b: Grimmsnarl
|-sidestart|p1: Iceman5687|Reflect
|move|p1a: Basculegion|Wave Crash|p2b: Sneasler
|-enditem|p2b: Sneasler|Focus Sash
|-damage|p2b: Sneasler|1/100
|-damage|p1a: Basculegion|73/100|[from] Recoil
|move|p2b: Sneasler|Coaching|p2a: Charizard
|-boost|p2a: Charizard|atk|1
|-boost|p2a: Charizard|def|1
|move|p2a: Charizard|Dragon Dance|p2a: Charizard
|-boost|p2a: Charizard|atk|1
|-boost|p2a: Charizard|spe|1
|
|upkeep
|turn|2
|inactive|Iceman5687 has 30 seconds left.
|
|t:|1784136163
|move|p1b: Grimmsnarl|Parting Shot|p2a: Charizard
|-unboost|p2a: Charizard|atk|1
|-unboost|p2a: Charizard|spa|1
|
|t:|1784136165
|switch|p1b: Pelipper|Pelipper, L50, F|100/100|[from] Parting Shot
|-weather|RainDance|[from] ability: Drizzle|[of] p1b: Pelipper
|move|p2b: Sneasler|Coaching|p2a: Charizard
|-boost|p2a: Charizard|atk|1
|-boost|p2a: Charizard|def|1
|move|p2a: Charizard|Dragon Claw|p1a: Basculegion
|-damage|p1a: Basculegion|0 fnt
|faint|p1a: Basculegion
|
|-weather|RainDance|[upkeep]
|upkeep
|
|t:|1784136176
|switch|p1a: Grimmsnarl|Grimmsnarl, L50, M|100/100
|turn|3
|inactive|Iceman5687 has 30 seconds left.
|
|t:|1784136209
|move|p1a: Grimmsnarl|Parting Shot|p2a: Charizard
|-unboost|p2a: Charizard|atk|1
|-unboost|p2a: Charizard|spa|1
|
|t:|1784136212
|switch|p1a: Archaludon|Archaludon, L50, F|100/100|[from] Parting Shot
|move|p2b: Sneasler|Coaching|p2a: Charizard
|-boost|p2a: Charizard|atk|1
|-boost|p2a: Charizard|def|1
|move|p2a: Charizard|Dragon Claw|p1b: Pelipper
|-damage|p1b: Pelipper|25/100
|-enditem|p1b: Pelipper|Sitrus Berry|[eat]
|-heal|p1b: Pelipper|49/100|[from] item: Sitrus Berry
|move|p1b: Pelipper|Tailwind|p1b: Pelipper
|-sidestart|p1: Iceman5687|move: Tailwind
|
|-weather|RainDance|[upkeep]
|upkeep
|turn|4
|
|t:|1784136234
|move|p2a: Charizard|Protect|p2a: Charizard
|-singleturn|p2a: Charizard|Protect
|move|p2b: Sneasler|Coaching|p2a: Charizard
|-boost|p2a: Charizard|atk|1
|-boost|p2a: Charizard|def|1
|move|p1a: Archaludon|Dragon Pulse|p2a: Charizard
|-activate|p2a: Charizard|move: Protect
|move|p1b: Pelipper|Weather Ball|p2a: Charizard
|-activate|p2a: Charizard|move: Protect
|
|-weather|RainDance|[upkeep]
|upkeep
|turn|5
|
|t:|1784136259
|move|p2b: Sneasler|Dire Claw|p1b: Pelipper
|-damage|p1b: Pelipper|20/100y
|-status|p1b: Pelipper|psn
|move|p1a: Archaludon|Dragon Pulse|p2a: Charizard
|-supereffective|p2a: Charizard|1
|-damage|p2a: Charizard|18/100
|move|p2a: Charizard|Dragon Claw|p1b: Pelipper
|-damage|p1b: Pelipper|0 fnt
|faint|p1b: Pelipper
|
|-weather|RainDance|[upkeep]
|upkeep
|
|t:|1784136268
|switch|p1b: Grimmsnarl|Grimmsnarl, L50, M|100/100
|turn|6
|
|t:|1784136276
|move|p2a: Charizard|Protect|p2a: Charizard
|-singleturn|p2a: Charizard|Protect
|move|p1b: Grimmsnarl|Parting Shot|p2a: Charizard
|-activate|p2a: Charizard|move: Protect
|move|p2b: Sneasler|Coaching|p2a: Charizard
|-boost|p2a: Charizard|atk|1
|-boost|p2a: Charizard|def|1
|move|p1a: Archaludon|Electro Shot||[still]
|-prepare|p1a: Archaludon|Electro Shot
|-boost|p1a: Archaludon|spa|1
|-anim|p1a: Archaludon|Electro Shot|p2b: Sneasler
|-damage|p2b: Sneasler|0 fnt
|faint|p2b: Sneasler
|
|-weather|none
|-sideend|p1: Iceman5687|move: Tailwind
|upkeep
|
|t:|1784136288
|switch|p2b: Sinistcha|Sinistcha, L50|100/100
|-heal|p2a: Charizard|42/100|[from] ability: Hospitality|[of] p2b: Sinistcha
|turn|7
|-message|Iceman5687 forfeited.
|
|win|pependerland
|raw|Iceman5687's rating: 1241 → 1212(-29 for losing)
|raw|pependerland's rating: 1184 → 1213(+29 for winning)
|l|☆Iceman5687
|player|p1|
