|j|☆bartcr0987
|j|☆TeyVgc
|html|bartcr0987TeyVgc    
|uhtml|bestof|Game 1 of a best-of-3
|t:|1783475989
|gametype|doubles
|player|p1|bartcr0987|1|1298
|player|p2|TeyVgc|rood|1329
|gen|9
|tier|[Gen 9 Champions] VGC 2026 Reg M-B (Bo3)
|rated|
|rule|Species Clause: Limit one of each Pokémon
|rule|Item Clause: Limit 1 of each item
|clearpoke
|poke|p1|Charizard, L50, M, shiny|
|poke|p1|Sneasler, L50, M, shiny|
|poke|p1|Floette-Eternal, L50, F|
|poke|p1|Kingambit, L50, F, shiny|
|poke|p1|Basculegion, L50, M|
|poke|p1|Farigiraf, L50, F|
|poke|p2|Raichu, L50, F|
|poke|p2|Sinistcha, L50|
|poke|p2|Ceruledge, L50, F|
|poke|p2|Milotic, L50, M|
|poke|p2|Incineroar, L50, F|
|poke|p2|Floette-Eternal, L50, F|
|teampreview|4
|showteam|p1|Charizard||CharizarditeY|SolarPower|HeatWave,SolarBeam,WeatherBall,Protect|Timid||M|||50|]Sneasler||FocusSash|PoisonTouch|DireClaw,CloseCombat,Protect,FakeOut|Jolly||M|||50|]Floette-Eternal||Floettite|FlowerVeil|Moonblast,DazzlingGleam,LightofRuin,Protect|Modest||F|||50|]Kingambit||BlackGlasses|Defiant|KowtowCleave,SuckerPunch,SwordsDance,Protect|Adamant||F|||50|]Basculegion||ChoiceScarf|Adaptability|LastRespects,WaveCrash,AquaJet,FlipTurn|Jolly||M|||50|]Farigiraf||SitrusBerry|ArmorTail|TrickRoom,FoulPlay,Psychic,RainDance|Bold||F|||50|
|showteam|p2|Raichu||RaichuniteY|LightningRod|ZapCannon,FocusBlast,FakeOut,Protect|Timid||F|||50|]Sinistcha||KasibBerry|Hospitality|MatchaGotcha,LifeDew,RagePowder,Protect|Relaxed|||||50|]Ceruledge||ColburBerry|FlashFire|BitterBlade,ShadowSneak,BulkUp,Protect|Adamant||F|||50|]Milotic||Leftovers|Competitive|MuddyWater,Coil,Hypnosis,Protect|Calm||M|||50|]Incineroar||SitrusBerry|Intimidate|FlareBlitz,ThroatChop,FakeOut,PartingShot|Impish||F|||50|]Floette-Eternal||Floettite|FlowerVeil|CalmMind,Protect,Moonblast,DazzlingGleam|Modest||F|||50|
|inactive|Battle timer is ON: inactive players will automatically lose when time's up. (requested by bartcr0987)
|inactive|bartcr0987 has 60 seconds left.
|
|t:|1783476051
|teamsize|p1|4
|teamsize|p2|4
|start
|switch|p1a: Farigiraf|Farigiraf, L50, F|100/100
|switch|p1b: Kingambit|Kingambit, L50, F, shiny|100/100
|switch|p2a: Raichu|Raichu, L50, F|100/100
|switch|p2b: Ceruledge|Ceruledge, L50, F|100/100
|turn|1
|inactive|TeyVgc has 30 seconds left.
|
|t:|1783476083
|detailschange|p2a: Raichu|Raichu-Mega-Y, L50, F
|-mega|p2a: Raichu|Raichu|Raichunite Y
|move|p1b: Kingambit|Protect|p1b: Kingambit
|-singleturn|p1b: Kingambit|Protect
|move|p2a: Raichu|Zap Cannon|p1a: Farigiraf
|-damage|p1a: Farigiraf|47/100
|-status|p1a: Farigiraf|par
|-enditem|p1a: Farigiraf|Sitrus Berry|[eat]
|-heal|p1a: Farigiraf|72/100 par|[from] item: Sitrus Berry
|move|p2b: Ceruledge|Bitter Blade|p1a: Farigiraf
|-damage|p1a: Farigiraf|33/100 par
|move|p1a: Farigiraf|Trick Room|p1a: Farigiraf
|-fieldstart|move: Trick Room|[of] p1a: Farigiraf
|
|upkeep
|turn|2
|inactive|bartcr0987 has 30 seconds left.
|inactive|bartcr0987 has 20 seconds left.
|inactive|bartcr0987 has 15 seconds left.
|
|t:|1783476125
|switch|p2b: Milotic|Milotic, L50, M|100/100
|move|p1a: Farigiraf|Rain Dance|p1a: Farigiraf
|-weather|RainDance
|move|p1b: Kingambit|Kowtow Cleave|p2a: Raichu
|-damage|p2a: Raichu|17/100
|move|p2a: Raichu|Focus Blast|p1b: Kingambit
|-supereffective|p1b: Kingambit|2
|-damage|p1b: Kingambit|0 fnt
|faint|p1b: Kingambit
|
|-weather|RainDance|[upkeep]
|upkeep
|
|t:|1783476132
|switch|p1b: Floette|Floette-Eternal, L50, F|100/100
|turn|3
|inactive|bartcr0987 has 30 seconds left.
|
|t:|1783476157
|detailschange|p1b: Floette|Floette-Mega, L50, F
|-mega|p1b: Floette|Floette|Floettite
|-ability|p1b: Floette|Fairy Aura
|move|p2a: Raichu|Protect|p2a: Raichu
|-singleturn|p2a: Raichu|Protect
|move|p1a: Farigiraf|Psychic|p2a: Raichu
|-activate|p2a: Raichu|move: Protect
|move|p2b: Milotic|Muddy Water|p1a: Farigiraf|[spread] p1a
|-miss|p2b: Milotic|p1b: Floette
|-damage|p1a: Farigiraf|1/100 par
|move|p1b: Floette|Moonblast|p2b: Milotic
|-damage|p2b: Milotic|50/100g
|-unboost|p2b: Milotic|spa|1
|-ability|p2b: Milotic|Competitive|boost
|-boost|p2b: Milotic|spa|2
|
|-weather|RainDance|[upkeep]
|-heal|p2b: Milotic|56/100|[from] item: Leftovers
|upkeep
|turn|4
|
|t:|1783476177
|switch|p2a: Incineroar|Incineroar, L50, F|100/100
|-ability|p2a: Incineroar|Intimidate|boost
|-unboost|p1a: Farigiraf|atk|1
|-unboost|p1b: Floette|atk|1
|move|p1a: Farigiraf|Psychic|p2a: Incineroar
|-immune|p2a: Incineroar
|move|p2b: Milotic|Muddy Water|p1a: Farigiraf|[spread] p1a
|-miss|p2b: Milotic|p1b: Floette
|-damage|p1a: Farigiraf|0 fnt
|faint|p1a: Farigiraf
|move|p1b: Floette|Light of Ruin|p2b: Milotic|[miss]
|-miss|p1b: Floette|p2b: Milotic
|
|-weather|RainDance|[upkeep]
|-heal|p2b: Milotic|62/100|[from] item: Leftovers
|upkeep
|
|t:|1783476188
|switch|p1a: Sneasler|Sneasler, L50, M, shiny|100/100
|turn|5
|
|t:|1783476197
|move|p1b: Floette|Protect|p1b: Floette
|-singleturn|p1b: Floette|Protect
|move|p1a: Sneasler|Protect|p1a: Sneasler
|-singleturn|p1a: Sneasler|Protect
|move|p2a: Incineroar|Fake Out|p1a: Sneasler
|-activate|p1a: Sneasler|move: Protect
|move|p2b: Milotic|Coil|p2b: Milotic
|-boost|p2b: Milotic|atk|1
|-boost|p2b: Milotic|def|1
|-boost|p2b: Milotic|accuracy|1
|
|-weather|RainDance|[upkeep]
|-heal|p2b: Milotic|68/100|[from] item: Leftovers
|-fieldend|move: Trick Room
|upkeep
|turn|6
|
|t:|1783476207
|move|p1a: Sneasler|Close Combat|p2a: Incineroar
|-supereffective|p2a: Incineroar|1
|-damage|p2a: Incineroar|4/100
|-unboost|p1a: Sneasler|def|1
|-unboost|p1a: Sneasler|spd|1
|-enditem|p2a: Incineroar|Sitrus Berry|[eat]
|-heal|p2a: Incineroar|29/100|[from] item: Sitrus Berry
|move|p1b: Floette|Light of Ruin|p2b: Milotic|[miss]
|-miss|p1b: Floette|p2b: Milotic
|move|p2b: Milotic|Muddy Water|p1b: Floette|[spread] p1a,p1b
|-damage|p1a: Sneasler|1/100
|-damage|p1b: Floette|55/100
|move|p2a: Incineroar|Parting Shot|p1a: Sneasler
|-unboost|p1a: Sneasler|atk|1
|-unboost|p1a: Sneasler|spa|1
|-message|bartcr0987 forfeited.
|
|win|TeyVgc
