|j|☆Viridian Q
|j|☆JaviChicaino
|html|Viridian QJaviChicaino    
|uhtml|bestof|Game 2 of a best-of-3
|t:|1756226551
|gametype|doubles
|player|p1|Viridian Q|102|1079
|player|p2|JaviChicaino|drayden|1139
|gen|9
|tier|[Gen 9] VGC 2025 Reg H (Bo3)
|rated|
|rule|Species Clause: Limit one of each Pokémon
|rule|Item Clause: Limit 1 of each item
|clearpoke
|poke|p1|Farigiraf, L50, F|
|poke|p1|Ursaluna-Bloodmoon, L50, M|
|poke|p1|Incineroar, L50, M|
|poke|p1|Archaludon, L50, F|
|poke|p1|Ninetales-Alola, L50, F|
|poke|p1|Annihilape, L50, M|
|poke|p2|Electabuzz, L50, M|
|poke|p2|Kingambit, L50, M|
|poke|p2|Rillaboom, L50, M|
|poke|p2|Sneasler, L50, M|
|poke|p2|Volcarona, L50, M|
|poke|p2|Dragonite, L50, F|
|teampreview|4
|showteam|p1|Farigiraf||ThroatSpray|ArmorTail|HyperVoice,Psychic,TrickRoom,Protect|||F|||50|,,,,,Fairy]Ursaluna-Bloodmoon||AssaultVest|MindsEye|EarthPower,BloodMoon,HyperVoice,VacuumWave|||M|||50|,,,,,Ghost]Incineroar||SafetyGoggles|Intimidate|FlareBlitz,KnockOff,PartingShot,FakeOut|||M|||50|,,,,,Ghost]Archaludon||PowerHerb|Stalwart|FlashCannon,DragonPulse,ElectroShot,Protect|||F|||50|,,,,,Stellar]Ninetales-Alola||CovertCloak|SnowWarning|Blizzard,AuroraVeil,Encore,Protect|||F|||50|,,,,,Water]Annihilape||ChoiceScarf|Defiant|CloseCombat,FinalGambit,RageFist,Uturn|||M|||50|,,,,,Grass
|showteam|p2|Electabuzz||Eviolite|VitalSpirit|FollowMe,Taunt,Thunderbolt,Protect|||M|||50|,,,,,Ghost]Kingambit||BlackGlasses|Defiant|KowtowCleave,SuckerPunch,SwordsDance,Protect|||M|||50|,,,,,Dark]Rillaboom||AssaultVest|GrassySurge|FakeOut,WoodHammer,GrassyGlide,HighHorsepower|||M|||50|,,,,,Fire]Sneasler||FocusSash|PoisonTouch|DireClaw,CloseCombat,FakeOut,Coaching|||M|||50|,,,,,Stellar]Volcarona||Leftovers|FlameBody|HeatWave,TeraBlast,QuiverDance,Protect|||M|||50|,,,,,Fairy]Dragonite||LoadedDice|Multiscale|ScaleShot,ExtremeSpeed,Haze,Protect|||F|||50|,,,,,Fairy
|
|t:|1756226590
|teamsize|p1|4
|teamsize|p2|4
|start
|switch|p1a: Farigiraf|Farigiraf, L50, F|100/100
|switch|p1b: Annihilape|Annihilape, L50, M|100/100
|switch|p2a: Sneasler|Sneasler, L50, M, shiny|100/100
|switch|p2b: Volcarona|Volcarona, L50, M|100/100
|turn|1
|
|t:|1756226608
|move|p1b: Annihilape|Final Gambit|p2b: Volcarona
|-damage|p2b: Volcarona|0 fnt
|faint|p1b: Annihilape
|faint|p2b: Volcarona
|move|p2a: Sneasler|Dire Claw|p1a: Farigiraf
|-damage|p1a: Farigiraf|57/100
|-status|p1a: Farigiraf|par
|move|p1a: Farigiraf|Hyper Voice|p2a: Sneasler
|-damage|p2a: Sneasler|45/100
|-enditem|p1a: Farigiraf|Throat Spray
|-boost|p1a: Farigiraf|spa|1|[from] item: Throat Spray
|
|upkeep
|
|t:|1756226623
|switch|p1b: Ursaluna|Ursaluna-Bloodmoon, L50, M|100/100
|switch|p2b: Kingambit|Kingambit, L50, M|100/100
|turn|2
|
|t:|1756226641
|-terastallize|p2a: Sneasler|Stellar
|-terastallize|p1b: Ursaluna|Ghost
|move|p2a: Sneasler|Close Combat|p1b: Ursaluna
|-immune|p1b: Ursaluna
|move|p1b: Ursaluna|Hyper Voice|p2a: Sneasler|[spread] p2a,p2b
|-resisted|p2b: Kingambit
|-damage|p2a: Sneasler|0 fnt
|-damage|p2b: Kingambit|84/100
|faint|p2a: Sneasler
|move|p2b: Kingambit|Kowtow Cleave|p1a: Farigiraf
|-supereffective|p1a: Farigiraf
|-damage|p1a: Farigiraf|0 fnt
|faint|p1a: Farigiraf
|
|upkeep
|
|t:|1756226655
|switch|p2a: Electabuzz|Electabuzz, L50, M|100/100
|switch|p1a: Archaludon|Archaludon, L50, F|100/100
|turn|3
|
|t:|1756226669
|move|p2a: Electabuzz|Protect|p2a: Electabuzz
|-singleturn|p2a: Electabuzz|Protect
|move|p2b: Kingambit|Sucker Punch|p1b: Ursaluna
|-supereffective|p1b: Ursaluna
|-damage|p1b: Ursaluna|38/100
|move|p1a: Archaludon|Electro Shot||[still]
|-prepare|p1a: Archaludon|Electro Shot
|-boost|p1a: Archaludon|spa|1
|-enditem|p1a: Archaludon|Power Herb
|-anim|p1a: Archaludon|Electro Shot|p2b: Kingambit
|-damage|p2b: Kingambit|22/100
|move|p1b: Ursaluna|Earth Power|p2a: Electabuzz
|-activate|p2a: Electabuzz|move: Protect
|
|upkeep
|turn|4
|
|t:|1756226688
|move|p2a: Electabuzz|Follow Me|p2a: Electabuzz
|-singleturn|p2a: Electabuzz|move: Follow Me
|move|p1b: Ursaluna|Vacuum Wave|p2a: Electabuzz
|-damage|p2a: Electabuzz|90/100
|move|p2b: Kingambit|Sucker Punch||[still]
|-fail|p2b: Kingambit
|move|p1a: Archaludon|Dragon Pulse|p2b: Kingambit
|-resisted|p2b: Kingambit
|-damage|p2b: Kingambit|0 fnt
|faint|p2b: Kingambit
|
|upkeep
|turn|5
|
|t:|1756226700
|move|p1a: Archaludon|Flash Cannon|p2a: Electabuzz
|-resisted|p2a: Electabuzz
|-damage|p2a: Electabuzz|65/100
|move|p2a: Electabuzz|Thunderbolt|p1b: Ursaluna
|-damage|p1b: Ursaluna|17/100
|move|p1b: Ursaluna|Earth Power|p2a: Electabuzz
|-supereffective|p2a: Electabuzz
|-damage|p2a: Electabuzz|0 fnt
|faint|p2a: Electabuzz
|
|win|Viridian Q
||JaviChicaino is ready for game 3.
|l|☆JaviChicaino
|player|p2|
|inactive|Viridian Q has 30 seconds to confirm battle start!
||Viridian Q is ready for game 3.
|uhtml|next|Next: Game 3 of 3
|l|☆Viridian Q
|player|p1|
|j|☆Viridian Q
|player|p1|Viridian Q|102|
