|j|☆lillyrosethedemon
|j|☆Mega Chime Time
|html|lillyrosethedemonMega Chime Time    
|uhtml|bestof|Game 1 of a best-of-3
|t:|1783474707
|gametype|doubles
|player|p1|lillyrosethedemon|madame|
|player|p2|Mega Chime Time|miku-flying|
|gen|9
|tier|[Gen 9 Champions] VGC 2026 Reg M-B (Bo3)
|rule|Species Clause: Limit one of each Pokémon
|rule|Item Clause: Limit 1 of each item
|clearpoke
|poke|p1|Ariados, L50, M|
|poke|p1|Houndoom, L50, F|
|poke|p1|Feraligatr, L50, F|
|poke|p1|Florges-White, L50, F|
|poke|p1|Medicham, L50, F|
|poke|p1|Rhyperior, L50, F|
|poke|p2|Altaria, L50, F|
|poke|p2|Salazzle, L50, F|
|poke|p2|Blastoise, L50, M|
|poke|p2|Rotom-Mow, L50, shiny|
|poke|p2|Chimecho, L50, F, shiny|
|poke|p2|Mudsdale, L50, M|
|teampreview|4
|showteam|p1|Ariados||SitrusBerry|Insomnia|RagePowder,KnockOff,StringShot,Protect|Careful||M|||50|]Houndoom||FocusSash|FlashFire|Snarl,DarkPulse,HeatWave,Protect|Timid||F|||50|]Feraligatr||LifeOrb|SheerForce|DragonDance,Liquidation,IcePunch,Protect|Adamant||F|||50|]Florges-White||ChoiceScarf|FlowerVeil|Moonblast,DazzlingGleam,Psychic,PollenPuff|Timid||F|||50|]Medicham||Medichamite|PurePower|FakeOut,Protect,CloseCombat,PsychoCut|Jolly||F|||50|]Rhyperior||PasshoBerry|SolidRock|RockSlide,HighHorsepower,Megahorn,Protect|Adamant||F|||50|
|showteam|p2|Altaria||Altarianite|NaturalCure|HyperVoice,Roost,WillOWisp,Protect|Modest||F|||50|]Salazzle||FocusSash|Corrosion|FakeOut,HeatWave,Encore,Protect|Hasty||F|||50|]Blastoise||SitrusBerry|RainDish|FakeOut,WaveCrash,Yawn,LifeDew|Adamant||M|||50|]Rotom-Mow||ChoiceScarf|Levitate|Electroweb,Trick,LeafStorm,Thunderbolt|Timid|||||50|]Chimecho||Chimechite|Levitate|FlashCannon,Psyshock,Protect,EnergyBall|Modest||F|||50|]Mudsdale||Leftovers|Stamina|BodyPress,HighHorsepower,HeavySlam,Protect|Adamant||M|||50|
|inactive|Battle timer is ON: inactive players will automatically lose when time's up. (requested by Mega Chime Time)
|c|☆lillyrosethedemon|hey
|c|☆lillyrosethedemon|glhf\
|c|☆Mega Chime Time|gl hf
|inactive|lillyrosethedemon has 60 seconds left.
|inactive|Mega Chime Time has 60 seconds left.
|
|t:|1783474765
|teamsize|p1|4
|teamsize|p2|4
|start
|switch|p1a: Medicham|Medicham, L50, F|100/100
|switch|p1b: Florges|Florges-White, L50, F|100/100
|switch|p2a: Blastoise|Blastoise, L50, M|100/100
|switch|p2b: Chimecho|Chimecho, L50, F, shiny|100/100
|turn|1
|inactive|lillyrosethedemon has 30 seconds left.
|
|t:|1783474794
|detailschange|p1a: Medicham|Medicham-Mega, L50, F
|-mega|p1a: Medicham|Medicham|Medichamite
|move|p1a: Medicham|Fake Out|p2b: Chimecho
|-damage|p2b: Chimecho|70/100
|move|p2a: Blastoise|Fake Out|p1a: Medicham
|-damage|p1a: Medicham|83/100
|move|p1b: Florges|Moonblast|p2b: Chimecho
|-damage|p2b: Chimecho|24/100
|cant|p2b: Chimecho|flinch
|
|upkeep
|turn|2
|inactive|lillyrosethedemon has 30 seconds left.
|inactive|lillyrosethedemon has 20 seconds left.
|
|t:|1783474829
|move|p1b: Florges|Moonblast|p2a: Blastoise
|-damage|p2a: Blastoise|56/100
|move|p1a: Medicham|Close Combat|p2b: Chimecho
|-resisted|p2b: Chimecho|1
|-damage|p2b: Chimecho|0 fnt
|-unboost|p1a: Medicham|def|1
|-unboost|p1a: Medicham|spd|1
|faint|p2b: Chimecho
|move|p2a: Blastoise|Wave Crash|p1b: Florges
|-damage|p1b: Florges|20/100y
|-damage|p2a: Blastoise|34/100|[from] Recoil
|-enditem|p2a: Blastoise|Sitrus Berry|[eat]
|-heal|p2a: Blastoise|59/100|[from] item: Sitrus Berry
|
|upkeep
|
|t:|1783474840
|switch|p2b: Rotom|Rotom-Mow, L50, shiny|100/100
|turn|3
|
|t:|1783474863
|switch|p1a: Ariados|Ariados, L50, M|100/100
|move|p2b: Rotom|Electroweb|p1a: Ariados|[spread] p1a,p1b
|-damage|p1a: Ariados|80/100
|-damage|p1b: Florges|5/100
|-unboost|p1a: Ariados|spe|1
|-unboost|p1b: Florges|spe|1
|move|p1b: Florges|Moonblast|p2b: Rotom
|-damage|p2b: Rotom|41/100
|-unboost|p2b: Rotom|spa|1
|move|p2a: Blastoise|Wave Crash|p1a: Ariados
|-damage|p1a: Ariados|19/100
|-enditem|p1a: Ariados|Sitrus Berry|[eat]
|-heal|p1a: Ariados|44/100|[from] item: Sitrus Berry
|-damage|p2a: Blastoise|39/100|[from] Recoil
|
|upkeep
|turn|4
|
|t:|1783474881
|move|p2b: Rotom|Electroweb|p1a: Ariados|[spread] p1a,p1b
|-damage|p1a: Ariados|32/100
|-damage|p1b: Florges|0 fnt
|-unboost|p1a: Ariados|spe|1
|faint|p1b: Florges
|move|p2a: Blastoise|Life Dew|p2a: Blastoise|[spread] p2a,p2b
|-heal|p2a: Blastoise|65/100
|-heal|p2b: Rotom|66/100
|move|p1a: Ariados|String Shot|p2b: Rotom|[spread] p2a,p2b
|-unboost|p2a: Blastoise|spe|2
|-unboost|p2b: Rotom|spe|2
|
|upkeep
|
|t:|1783474904
|switch|p1b: Medicham|Medicham-Mega, L50, F|83/100
|turn|5
|
|t:|1783474920
|move|p1b: Medicham|Close Combat|p2a: Blastoise
|-damage|p2a: Blastoise|0 fnt
|-unboost|p1b: Medicham|def|1
|-unboost|p1b: Medicham|spd|1
|faint|p2a: Blastoise
|move|p2b: Rotom|Electroweb|p1a: Ariados|[spread] p1a,p1b
|-damage|p1a: Ariados|18/100
|-damage|p1b: Medicham|52/100
|-unboost|p1a: Ariados|spe|1
|-unboost|p1b: Medicham|spe|1
|move|p1a: Ariados|Knock Off|p2b: Rotom
|-damage|p2b: Rotom|41/100
|-enditem|p2b: Rotom|Choice Scarf|[from] move: Knock Off|[of] p1a: Ariados
|
|upkeep
|
|t:|1783474923
|switch|p2a: Altaria|Altaria, L50, F|100/100
|turn|6
|inactive|lillyrosethedemon has 30 seconds left.
|inactive|lillyrosethedemon has 20 seconds left.
|inactive|lillyrosethedemon has 15 seconds left.
|
|t:|1783474964
|switch|p1b: Feraligatr|Feraligatr, L50, F|100/100
|detailschange|p2a: Altaria|Altaria-Mega, L50, F
|-mega|p2a: Altaria|Altaria|Altarianite
|move|p2a: Altaria|Hyper Voice|p1a: Ariados|[spread] p1a,p1b
|-resisted|p1a: Ariados|1
|-damage|p1a: Ariados|0 fnt
|-damage|p1b: Feraligatr|57/100
|faint|p1a: Ariados
|move|p2b: Rotom|Electroweb|p1b: Feraligatr|[miss]
|-miss|p2b: Rotom|p1b: Feraligatr
|
|upkeep
|
|t:|1783474974
|switch|p1a: Medicham|Medicham-Mega, L50, F|52/100
|turn|7
|c|☆Mega Chime Time|rotom always finds a way to betray me
|inactive|lillyrosethedemon has 30 seconds left.
|
|t:|1783475001
|move|p2a: Altaria|Protect|p2a: Altaria
|-singleturn|p2a: Altaria|Protect
|move|p1a: Medicham|Fake Out|p2a: Altaria
|-activate|p2a: Altaria|move: Protect
|move|p1b: Feraligatr|Ice Punch|p2b: Rotom
|-supereffective|p2b: Rotom|1
|-damage|p2b: Rotom|0 fnt
|faint|p2b: Rotom
|
|upkeep
|turn|8
|
|t:|1783475022
|move|p1a: Medicham|Psycho Cut|p2a: Altaria
|-crit|p2a: Altaria
|-damage|p2a: Altaria|10/100
|move|p1b: Feraligatr|Ice Punch|p2a: Altaria
|-supereffective|p2a: Altaria|1
|-damage|p2a: Altaria|0 fnt
|faint|p2a: Altaria
|
|win|lillyrosethedemon
||lillyrosethedemon is ready for game 2.
||Mega Chime Time is ready for game 2.
|uhtml|next|Next: Game 2 of 3
