|j|☆washingtongargacha
|j|☆mr.pickup
|html|washingtongargachamr.pickup    
|uhtml|bestof|Game 3 of a best-of-3
|t:|1757189753
|gametype|doubles
|player|p1|washingtongargacha|169|1164
|player|p2|mr.pickup|pokemaniac|1258
|gen|9
|tier|[Gen 9] VGC 2025 Reg H (Bo3)
|rated|
|rule|Species Clause: Limit one of each Pokémon
|rule|Item Clause: Limit 1 of each item
|clearpoke
|poke|p1|Talonflame, L50, M|
|poke|p1|Gholdengo, L50|
|poke|p1|Dragonite, L50, M|
|poke|p1|Archaludon, L50, F|
|poke|p1|Tyranitar, L50, M|
|poke|p1|Garchomp, L50, M|
|poke|p2|Gallade, L50, M|
|poke|p2|Indeedee-F, L50, F|
|poke|p2|Dragapult, L50, M|
|poke|p2|Whimsicott, L50, M|
|poke|p2|Ursaluna-Bloodmoon, L50, M|
|poke|p2|Typhlosion, L50, F|
|teampreview|4
|showteam|p1|Talonflame||CovertCloak|GaleWings|Tailwind,DualWingbeat,Taunt,FlareBlitz|||M|||50|,,,,,Ghost]Gholdengo||ChoiceSpecs|GoodasGold|MakeItRain,SteelBeam,ShadowBall,PowerGem||||||50|,,,,,Flying]Dragonite||LoadedDice|Multiscale|ScaleShot,IceSpinner,Haze,Protect|||M|||50|,,,,,Steel]Archaludon||PowerHerb|Sturdy|FlashCannon,ElectroShot,DracoMeteor,Protect|||F|||50|,,,,,Flying]Tyranitar||AssaultVest|SandStream|KnockOff,RockSlide,TeraBlast,LowKick|||M|||50|,,,,,Flying]Garchomp||LifeOrb|RoughSkin|DragonClaw,StompingTantrum,Earthquake,Protect|||M|||50|,,,,,Steel
|showteam|p2|Gallade||ClearAmulet|Sharpness|TrickRoom,PsychoCut,SacredSword,WideGuard|||M|||50|,,,,,Fighting]Indeedee-F||RockyHelmet|PsychicSurge|FollowMe,TrickRoom,Protect,Psychic|||F|||50|,,,,,Fairy]Dragapult||ChoiceBand|ClearBody|DragonDarts,Outrage,Uturn,PhantomForce|||M|||50|,,,,,Dragon]Whimsicott||CovertCloak|Prankster|SunnyDay,Moonblast,Encore,Tailwind|||M|||50|,,,,,Water]Ursaluna-Bloodmoon||ThroatSpray|MindsEye|HyperVoice,BloodMoon,EarthPower,Protect|||M|||50|,,,,,Normal]Typhlosion||ChoiceSpecs|FlashFire|Eruption,HeatWave,ShadowBall,ScorchingSands|||F|||50|,,,,,Fire
|inactive|Battle timer is ON: inactive players will automatically lose when time's up. (requested by mr.pickup)
|inactive|mr.pickup has 60 seconds left.
|
|t:|1757189785
|teamsize|p1|4
|teamsize|p2|4
|start
|switch|p1a: Talonflame|Talonflame, L50, M|100/100
|switch|p1b: Gholdengo|Gholdengo, L50|100/100
|switch|p2a: IndeedeeIndeede|Indeedee-F, L50, F|100/100
|switch|p2b: Germy long nail|Gallade, L50, M|100/100
|-fieldstart|move: Psychic Terrain|[from] ability: Psychic Surge|[of] p2a: IndeedeeIndeede
|turn|1
|inactive|washingtongargacha has 30 seconds left.
|inactive|washingtongargacha has 20 seconds left.
|inactive|washingtongargacha has 15 seconds left.
|inactive|washingtongargacha has 10 seconds left.
|inactive|washingtongargacha has 5 seconds left.
|inactive|mr.pickup has 30 seconds left.
|
|t:|1757189840
|move|p2a: IndeedeeIndeede|Follow Me|p2a: IndeedeeIndeede
|-singleturn|p2a: IndeedeeIndeede|move: Follow Me
|move|p1a: Talonflame|Taunt|p2a: IndeedeeIndeede
|-start|p2a: IndeedeeIndeede|move: Taunt
|move|p1b: Gholdengo|Make It Rain|p2b: Germy long nail|[spread] p2a,p2b
|-damage|p2a: IndeedeeIndeede|19/100
|-damage|p2b: Germy long nail|34/100
|-unboost|p1b: Gholdengo|spa|1
|move|p2b: Germy long nail|Trick Room|p2b: Germy long nail
|-fieldstart|move: Trick Room|[of] p2b: Germy long nail
|
|upkeep
|turn|2
|
|t:|1757189859
|move|p2b: Germy long nail|Sacred Sword|p1b: Gholdengo
|-immune|p1b: Gholdengo
|move|p2a: IndeedeeIndeede|Psychic|p1a: Talonflame
|-damage|p1a: Talonflame|48/100
|move|p1b: Gholdengo|Make It Rain|p2a: IndeedeeIndeede|[spread] p2a,p2b
|-damage|p2a: IndeedeeIndeede|0 fnt
|-damage|p2b: Germy long nail|0 fnt
|-unboost|p1b: Gholdengo|spa|1
|faint|p2a: IndeedeeIndeede
|faint|p2b: Germy long nail
|move|p1a: Talonflame|Flare Blitz|p2: IndeedeeIndeede|[notarget]
|-fail|p1a: Talonflame
|
|upkeep
|
|t:|1757189864
|switch|p2b: Typhlosion|Typhlosion, L50, F|100/100
|switch|p2a: Freddy freak bear|Ursaluna-Bloodmoon, L50, M|100/100
|turn|3
|inactive|washingtongargacha has 30 seconds left.
|
|t:|1757189892
|switch|p1b: Tyranitar|Tyranitar, L50, M|100/100
|-weather|Sandstorm|[from] ability: Sand Stream|[of] p1b: Tyranitar
|-terastallize|p2a: Freddy freak bear|Normal
|move|p2a: Freddy freak bear|Hyper Voice|p1a: Talonflame|[spread] p1a,p1b
|-resisted|p1b: Tyranitar
|-damage|p1a: Talonflame|0 fnt
|-damage|p1b: Tyranitar|90/100
|faint|p1a: Talonflame
|-enditem|p2a: Freddy freak bear|Throat Spray
|-boost|p2a: Freddy freak bear|spa|1|[from] item: Throat Spray
|move|p2b: Typhlosion|Heat Wave|p1b: Tyranitar
|-resisted|p1b: Tyranitar
|-crit|p1b: Tyranitar
|-damage|p1b: Tyranitar|70/100
|
|-weather|Sandstorm|[upkeep]
|-damage|p2a: Freddy freak bear|95/100|[from] Sandstorm
|-damage|p2b: Typhlosion|95/100|[from] Sandstorm
|upkeep
|
|t:|1757189909
|switch|p1a: Garchomp|Garchomp, L50, M|100/100
|turn|4
|
|t:|1757189930
|-terastallize|p1b: Tyranitar|Flying
|move|p2a: Freddy freak bear|Blood Moon|p1b: Tyranitar
|-damage|p1b: Tyranitar|0 fnt
|faint|p1b: Tyranitar
|move|p2b: Typhlosion|Heat Wave|p1a: Garchomp
|-resisted|p1a: Garchomp
|-damage|p1a: Garchomp|62/100
|move|p1a: Garchomp|Earthquake|p2a: Freddy freak bear|[spread] p2a,p2b
|-supereffective|p2b: Typhlosion
|-damage|p2a: Freddy freak bear|62/100
|-damage|p2b: Typhlosion|0 fnt
|faint|p2b: Typhlosion
|-damage|p1a: Garchomp|53/100|[from] item: Life Orb
|
|-weather|Sandstorm|[upkeep]
|-damage|p2a: Freddy freak bear|56/100|[from] Sandstorm
|upkeep
|
|t:|1757189945
|switch|p1b: Gholdengo|Gholdengo, L50|100/100
|turn|5
|inactive|washingtongargacha has 30 seconds left.
|
|t:|1757189978
|move|p2a: Freddy freak bear|Protect|p2a: Freddy freak bear
|-singleturn|p2a: Freddy freak bear|Protect
|move|p1b: Gholdengo|Make It Rain|p2a: Freddy freak bear
|-activate|p2a: Freddy freak bear|move: Protect
|move|p1a: Garchomp|Stomping Tantrum|p2a: Freddy freak bear
|-activate|p2a: Freddy freak bear|move: Protect
|
|-weather|Sandstorm|[upkeep]
|-damage|p2a: Freddy freak bear|50/100|[from] Sandstorm
|-fieldend|move: Trick Room
|-fieldend|move: Psychic Terrain
|upkeep
|turn|6
|
|t:|1757189991
|move|p1a: Garchomp|Stomping Tantrum|p2a: Freddy freak bear
|-damage|p2a: Freddy freak bear|14/100
|-damage|p1a: Garchomp|43/100|[from] item: Life Orb
|move|p1b: Gholdengo|Make It Rain|p2a: Freddy freak bear
|-damage|p2a: Freddy freak bear|0 fnt
|-unboost|p1b: Gholdengo|spa|1
|faint|p2a: Freddy freak bear
|
|win|washingtongargacha
|raw|washingtongargacha's rating: 1164 → 1196(+32 for winning)
|raw|mr.pickup's rating: 1258 → 1226(-32 for losing)
