|j|☆Poopylad
|j|☆hexagonfoot
|html|Poopyladhexagonfoot    
|uhtml|bestof|Game 3 of a best-of-3
|t:|1756692069
|gametype|doubles
|player|p1|Poopylad|265|1241
|player|p2|hexagonfoot|caitlin|1222
|gen|9
|tier|[Gen 9] VGC 2025 Reg H (Bo3)
|rated|
|rule|Species Clause: Limit one of each Pokémon
|rule|Item Clause: Limit 1 of each item
|clearpoke
|poke|p1|Dragonite, L50, F|
|poke|p1|Ninetales-Alola, L50, F|
|poke|p1|Annihilape, L50, M|
|poke|p1|Maushold-Four, L50|
|poke|p1|Whimsicott, L50, M|
|poke|p1|Incineroar, L50, F|
|poke|p2|Kingambit, L50, F|
|poke|p2|Primarina, L50, F|
|poke|p2|Sneasler, L50, M|
|poke|p2|Magmar, L50, F|
|poke|p2|Rillaboom, L50, F|
|poke|p2|Dragapult, L50, F|
|teampreview|4
|showteam|p1|Dragonite||LoadedDice|Multiscale|ScaleShot,Tailwind,Haze,ExtremeSpeed|||F|||50|,,,,,Fairy]Ninetales-Alola||LightClay|SnowWarning|Protect,AuroraVeil,Blizzard,IcyWind|||F|||50|,,,,,Water]Annihilape||Leftovers|Defiant|RageFist,DrainPunch,BulkUp,Protect|||M|||50|,,,,,Water]Maushold-Four||SafetyGoggles|FriendGuard|Taunt,Protect,FollowMe,BeatUp||||||50|,,,,,Ghost]Whimsicott||CovertCloak|Prankster|Moonblast,Charm,Tailwind,MistyTerrain|||M|||50|,,,,,Water]Incineroar||RockyHelmet|Intimidate|KnockOff,FakeOut,FlareBlitz,PartingShot|||F|||50|,,,,,Grass
|showteam|p2|Kingambit||BlackGlasses|Defiant|KowtowCleave,SuckerPunch,SwordsDance,Protect|||F|||50|,,,,,Ghost]Primarina||SitrusBerry|LiquidVoice|HyperVoice,Moonblast,Haze,Protect|||F|||50|,,,,,Water]Sneasler||FocusSash|PoisonTouch|CloseCombat,DireClaw,FakeOut,Protect|||M|||50|,,,,,Stellar]Magmar||Eviolite|VitalSpirit|Overheat,WillOWisp,FollowMe,Protect|||F|||50|,,,,,Ghost]Rillaboom||AssaultVest|GrassySurge|WoodHammer,GrassyGlide,HighHorsepower,FakeOut|||F|||50|,,,,,Fire]Dragapult||ChoiceBand|ClearBody|DragonDarts,PhantomForce,TeraBlast,Uturn|||F|||50|,,,,,Ghost
|inactive|Battle timer is ON: inactive players will automatically lose when time's up. (requested by hexagonfoot)
|inactive|Poopylad has 60 seconds left.
|
|t:|1756692103
|teamsize|p1|4
|teamsize|p2|4
|start
|switch|p1a: Incineroar|Incineroar, L50, F|100/100
|switch|p1b: Ninetales|Ninetales-Alola, L50, F|100/100
|switch|p2a: Slough|Sneasler, L50, M|100/100
|switch|p2b: Headstone Lane|Dragapult, L50, F|100/100
|-weather|Snowscape|[from] ability: Snow Warning|[of] p1b: Ninetales
|-ability|p1a: Incineroar|Intimidate|boost
|-unboost|p2a: Slough|atk|1
|-fail|p2b: Headstone Lane|unboost|[from] ability: Clear Body|[of] p2b: Headstone Lane
|turn|1
|
|t:|1756692122
|move|p2a: Slough|Fake Out|p1b: Ninetales
|-damage|p1b: Ninetales|92/100
|move|p2b: Headstone Lane|U-turn|p1a: Incineroar
|-damage|p1a: Incineroar|77/100
|-damage|p2b: Headstone Lane|84/100|[from] item: Rocky Helmet|[of] p1a: Incineroar
|
|t:|1756692131
|switch|p2b: Canary Wharf|Primarina, L50, F|100/100|[from] U-turn
|cant|p1b: Ninetales|flinch
|move|p1a: Incineroar|Knock Off|p2b: Canary Wharf
|-resisted|p2b: Canary Wharf
|-damage|p2b: Canary Wharf|82/100
|-enditem|p2b: Canary Wharf|Sitrus Berry|[from] move: Knock Off|[of] p1a: Incineroar
|
|-weather|Snowscape|[upkeep]
|upkeep
|turn|2
|inactive|hexagonfoot has 30 seconds left.
|
|t:|1756692157
|switch|p1a: Annihilape|Annihilape, L50, M|100/100
|-terastallize|p2a: Slough|Stellar
|move|p2a: Slough|Dire Claw|p1b: Ninetales
|-supereffective|p1b: Ninetales
|-damage|p1b: Ninetales|35/100
|move|p1b: Ninetales|Aurora Veil|p1b: Ninetales
|-sidestart|p1: Poopylad|move: Aurora Veil
|move|p2b: Canary Wharf|Hyper Voice|p1b: Ninetales|[spread] p1a,p1b
|-damage|p1a: Annihilape|82/100
|-damage|p1b: Ninetales|15/100
|
|-weather|Snowscape|[upkeep]
|-heal|p1a: Annihilape|88/100|[from] item: Leftovers
|upkeep
|turn|3
|inactive|Poopylad has 30 seconds left.
|inactive|hexagonfoot has 30 seconds left.
|
|t:|1756692192
|switch|p1b: Incineroar|Incineroar, L50, F|77/100
|-ability|p1b: Incineroar|Intimidate|boost
|-unboost|p2a: Slough|atk|1
|-unboost|p2b: Canary Wharf|atk|1
|-terastallize|p1a: Annihilape|Water
|move|p2a: Slough|Dire Claw|p1b: Incineroar
|-damage|p1b: Incineroar|67/100
|-damage|p2a: Slough|84/100|[from] item: Rocky Helmet|[of] p1b: Incineroar
|move|p1a: Annihilape|Rage Fist|p2b: Canary Wharf
|-damage|p2b: Canary Wharf|33/100
|move|p2b: Canary Wharf|Haze|p2b: Canary Wharf
|-clearallboost
|
|-weather|Snowscape|[upkeep]
|-heal|p1a: Annihilape|95/100|[from] item: Leftovers
|upkeep
|turn|4
|inactive|Poopylad has 30 seconds left.
|inactive|Poopylad has 20 seconds left.
|
|t:|1756692231
|switch|p1b: Ninetales|Ninetales-Alola, L50, F|15/100
|move|p2a: Slough|Protect|p2a: Slough
|-singleturn|p2a: Slough|Protect
|move|p2b: Canary Wharf|Protect|p2b: Canary Wharf
|-singleturn|p2b: Canary Wharf|Protect
|move|p1a: Annihilape|Rage Fist|p2a: Slough
|-activate|p2a: Slough|move: Protect
|
|-weather|Snowscape|[upkeep]
|-heal|p1a: Annihilape|100/100|[from] item: Leftovers
|upkeep
|turn|5
|inactive|hexagonfoot has 30 seconds left.
|inactive|hexagonfoot has 20 seconds left.
|inactive|hexagonfoot has 15 seconds left.
|
|t:|1756692273
|switch|p1b: Incineroar|Incineroar, L50, F|67/100
|-ability|p1b: Incineroar|Intimidate|boost
|-unboost|p2a: Slough|atk|1
|-unboost|p2b: Canary Wharf|atk|1
|move|p2a: Slough|Close Combat|p1a: Annihilape
|-damage|p1a: Annihilape|61/100
|-unboost|p2a: Slough|def|1
|-unboost|p2a: Slough|spd|1
|move|p1a: Annihilape|Rage Fist|p2b: Canary Wharf
|-damage|p2b: Canary Wharf|0 fnt
|faint|p2b: Canary Wharf
|
|-weather|none
|-heal|p1a: Annihilape|67/100|[from] item: Leftovers
|upkeep
|
|t:|1756692295
|switch|p2b: Headstone Lane|Dragapult, L50, F|84/100
|turn|6
|
|t:|1756692320
|move|p2a: Slough|Protect|p2a: Slough
|-singleturn|p2a: Slough|Protect
|move|p1b: Incineroar|Fake Out|p2a: Slough
|-activate|p2a: Slough|move: Protect
|move|p2b: Headstone Lane|Phantom Force||[still]
|-prepare|p2b: Headstone Lane|Phantom Force
|move|p1a: Annihilape|Rage Fist|p2b: Headstone Lane|[miss]
|-miss|p1a: Annihilape|p2b: Headstone Lane
|
|-heal|p1a: Annihilape|73/100|[from] item: Leftovers
|upkeep
|turn|7
|
|t:|1756692335
|switch|p1a: Maushold|Maushold-Four, L50|100/100
|move|p2b: Headstone Lane|Phantom Force|p1a: Maushold|[from] lockedmove
|-immune|p1a: Maushold
|move|p2a: Slough|Close Combat|p1a: Maushold
|-supereffective|p1a: Maushold
|-damage|p1a: Maushold|31/100
|-unboost|p2a: Slough|def|1
|-unboost|p2a: Slough|spd|1
|-status|p1a: Maushold|psn|[from] ability: Poison Touch|[of] p2a: Slough
|move|p1b: Incineroar|Knock Off|p2b: Headstone Lane
|-supereffective|p2b: Headstone Lane
|-damage|p2b: Headstone Lane|0 fnt
|-enditem|p2b: Headstone Lane|Choice Band|[from] move: Knock Off|[of] p1b: Incineroar
|faint|p2b: Headstone Lane
|
|-damage|p1a: Maushold|19/100 psn|[from] psn
|upkeep
|
|t:|1756692345
|switch|p2b: Syon Lane|Magmar, L50, F|100/100
|turn|8
|inactive|Poopylad has 30 seconds left.
|inactive|hexagonfoot has 30 seconds left.
|
|t:|1756692372
|switch|p1b: Ninetales|Ninetales-Alola, L50, F|15/100
|-weather|Snowscape|[from] ability: Snow Warning|[of] p1b: Ninetales
|move|p2b: Syon Lane|Protect|p2b: Syon Lane
|-singleturn|p2b: Syon Lane|Protect
|move|p2a: Slough|Close Combat|p1b: Ninetales
|-damage|p1b: Ninetales|0 fnt
|-unboost|p2a: Slough|def|1
|-unboost|p2a: Slough|spd|1
|faint|p1b: Ninetales
|move|p1a: Maushold|Taunt|p2b: Syon Lane
|-activate|p2b: Syon Lane|move: Protect
|
|-weather|Snowscape|[upkeep]
|-damage|p1a: Maushold|7/100 psn|[from] psn
|upkeep
|
|t:|1756692386
|switch|p1b: Incineroar|Incineroar, L50, F|67/100
|-ability|p1b: Incineroar|Intimidate|boost
|-unboost|p2a: Slough|atk|1
|-unboost|p2b: Syon Lane|atk|1
|turn|9
|
|t:|1756692404
|switch|p1a: Annihilape|Annihilape, L50, M, tera:Water|73/100
|move|p2a: Slough|Protect|p2a: Slough
|-singleturn|p2a: Slough|Protect
|move|p2b: Syon Lane|Protect||[still]
|-fail|p2b: Syon Lane
|move|p1b: Incineroar|Fake Out|p2a: Slough
|-activate|p2a: Slough|move: Protect
|
|-weather|Snowscape|[upkeep]
|-heal|p1a: Annihilape|79/100|[from] item: Leftovers
|-sideend|p1: Poopylad|move: Aurora Veil
|upkeep
|turn|10
|
|t:|1756692424
|move|p2a: Slough|Close Combat|p1b: Incineroar
|-supereffective|p1b: Incineroar
|-damage|p1b: Incineroar|22/100
|-unboost|p2a: Slough|def|1
|-unboost|p2a: Slough|spd|1
|-damage|p2a: Slough|68/100|[from] item: Rocky Helmet|[of] p1b: Incineroar
|move|p1a: Annihilape|Bulk Up|p1a: Annihilape
|-boost|p1a: Annihilape|atk|1
|-boost|p1a: Annihilape|def|1
|move|p2b: Syon Lane|Will-O-Wisp|p1a: Annihilape
|-status|p1a: Annihilape|brn
|move|p1b: Incineroar|Knock Off|p2b: Syon Lane
|-damage|p2b: Syon Lane|69/100
|-enditem|p2b: Syon Lane|Eviolite|[from] move: Knock Off|[of] p1b: Incineroar
|
|-weather|Snowscape|[upkeep]
|-heal|p1a: Annihilape|86/100 brn|[from] item: Leftovers
|-damage|p1a: Annihilape|79/100 brn|[from] brn
|upkeep
|turn|11
|
|t:|1756692439
|switch|p1b: Maushold|Maushold-Four, L50|7/100 psn
|move|p2b: Syon Lane|Follow Me|p2b: Syon Lane
|-singleturn|p2b: Syon Lane|move: Follow Me
|move|p2a: Slough|Close Combat|p1b: Maushold
|-supereffective|p1b: Maushold
|-damage|p1b: Maushold|0 fnt
|-unboost|p2a: Slough|def|1
|-unboost|p2a: Slough|spd|1
|faint|p1b: Maushold
|move|p1a: Annihilape|Bulk Up|p1a: Annihilape
|-boost|p1a: Annihilape|atk|1
|-boost|p1a: Annihilape|def|1
|
|-weather|Snowscape|[upkeep]
|-heal|p1a: Annihilape|86/100 brn|[from] item: Leftovers
|-damage|p1a: Annihilape|79/100 brn|[from] brn
|upkeep
|
|t:|1756692445
|switch|p1b: Incineroar|Incineroar, L50, F|22/100
|-ability|p1b: Incineroar|Intimidate|boost
|-unboost|p2a: Slough|atk|1
|-unboost|p2b: Syon Lane|atk|1
|turn|12
|
|t:|1756692461
|move|p2a: Slough|Protect|p2a: Slough
|-singleturn|p2a: Slough|Protect
|move|p2b: Syon Lane|Protect|p2b: Syon Lane
|-singleturn|p2b: Syon Lane|Protect
|move|p1b: Incineroar|Fake Out|p2a: Slough
|-activate|p2a: Slough|move: Protect
|move|p1a: Annihilape|Bulk Up|p1a: Annihilape
|-boost|p1a: Annihilape|atk|1
|-boost|p1a: Annihilape|def|1
|
|-weather|none
|-heal|p1a: Annihilape|86/100 brn|[from] item: Leftovers
|-damage|p1a: Annihilape|79/100 brn|[from] brn
|upkeep
|turn|13
|
|t:|1756692471
|move|p2b: Syon Lane|Follow Me|p2b: Syon Lane
|-singleturn|p2b: Syon Lane|move: Follow Me
|move|p2a: Slough|Close Combat|p1b: Incineroar
|-supereffective|p1b: Incineroar
|-damage|p1b: Incineroar|0 fnt
|-unboost|p2a: Slough|def|1
|-unboost|p2a: Slough|spd|1
|-damage|p2a: Slough|52/100|[from] item: Rocky Helmet|[of] p1b: Incineroar
|faint|p1b: Incineroar
|move|p1a: Annihilape|Drain Punch|p2b: Syon Lane
|-damage|p2b: Syon Lane|20/100
|-heal|p1a: Annihilape|99/100 brn|[from] drain|[of] p2b: Syon Lane
|
|-heal|p1a: Annihilape|100/100 brn|[from] item: Leftovers
|-damage|p1a: Annihilape|94/100 brn|[from] brn
|upkeep
|turn|14
|
|t:|1756692483
|move|p2b: Syon Lane|Follow Me|p2b: Syon Lane
|-singleturn|p2b: Syon Lane|move: Follow Me
|move|p2a: Slough|Close Combat|p1a: Annihilape
|-damage|p1a: Annihilape|85/100 brn
|move|p1a: Annihilape|Drain Punch|p2b: Syon Lane
|-damage|p2b: Syon Lane|0 fnt
|-heal|p1a: Annihilape|93/100 brn|[from] drain|[of] p2b: Syon Lane
|faint|p2b: Syon Lane
|
|-heal|p1a: Annihilape|99/100 brn|[from] item: Leftovers
|-damage|p1a: Annihilape|93/100 brn|[from] brn
|upkeep
|turn|15
|
|t:|1756692490
|move|p2a: Slough|Close Combat|p1a: Annihilape
|-damage|p1a: Annihilape|82/100 brn
|move|p1a: Annihilape|Rage Fist|p2a: Slough
|-damage|p2a: Slough|0 fnt
|faint|p2a: Slough
|
|win|Poopylad
|raw|Poopylad's rating: 1241 → 1265(+24 for winning)
|raw|hexagonfoot's rating: 1222 → 1198(-24 for losing)
|l|☆Poopylad
|player|p1|
