|j|☆TemporalDonut
|j|☆yesertrerte
|html|TemporalDonutyesertrerte    
|uhtml|bestof|Game 2 of a best-of-3
|t:|1784910936
|gametype|doubles
|player|p1|TemporalDonut|ingo|1116
|player|p2|yesertrerte|169|1219
|gen|9
|tier|[Gen 9 Champions] VGC 2026 Reg M-B (Bo3)
|rated|
|rule|Species Clause: Limit one of each Pokémon
|rule|Item Clause: Limit 1 of each item
|clearpoke
|poke|p1|Chandelure, L50, M|
|poke|p1|Milotic, L50, M|
|poke|p1|Maushold, L50|
|poke|p1|Hydrapple, L50, F|
|poke|p1|Grimmsnarl, L50, M|
|poke|p1|Staraptor, L50, M|
|poke|p2|Aerodactyl, L50, F|
|poke|p2|Garchomp, L50, F, shiny|
|poke|p2|Kingambit, L50, M|
|poke|p2|Charizard, L50, M, shiny|
|poke|p2|Sylveon, L50, F, shiny|
|poke|p2|Farigiraf, L50, F|
|teampreview|4
|showteam|p1|Chandelure||Chandelurite|FlashFire|CalmMind,HeatWave,ShadowBall,Protect|Bold||M|||50|]Milotic||ZoomLens|Competitive|MuddyWater,Coil,Hypnosis,LifeDew|Relaxed||M|||50|]Maushold||FocusSash|FriendGuard|SuperFang,Charm,FollowMe,Protect|Jolly|||||50|]Hydrapple||Leftovers|SupersweetSyrup|FickleBeam,PollenPuff,Yawn,Protect|Calm||F|||50|]Grimmsnarl||LightClay|Prankster|SpiritBreak,Reflect,LightScreen,PartingShot|Relaxed||M|||50|]Staraptor||Staraptite|Intimidate|CloseCombat,BraveBird,Roost,Protect|Adamant||M|||50|
|showteam|p2|Aerodactyl||Aerodactylite|Unnerve|IceFang,RockSlide,Tailwind,DualWingbeat|Jolly||F|||50|]Garchomp||LifeOrb|RoughSkin|DragonClaw,Earthquake,RockSlide,Protect|Jolly||F|||50|]Kingambit||FocusSash|Defiant|KowtowCleave,IronHead,SuckerPunch,LowKick|Adamant||M|||50|]Charizard||CharizarditeY|Blaze|HeatWave,SolarBeam,WeatherBall,Protect|Modest||M|||50|]Sylveon||FairyFeather|Pixilate|Protect,HyperVoice,HyperBeam,QuickAttack|Modest||F|||50|]Farigiraf||SitrusBerry|ArmorTail|TrickRoom,Thunderbolt,Psychic,HelpingHand|Bold||F|||50|
|inactive|Battle timer is ON: inactive players will automatically lose when time's up. (requested by yesertrerte)
|
|t:|1784910953
|teamsize|p1|4
|teamsize|p2|4
|start
|switch|p1a: Grimmsnarl|Grimmsnarl, L50, M|100/100
|switch|p1b: Chandelure|Chandelure, L50, M|100/100
|switch|p2a: Aerodactyl|Aerodactyl, L50, F|100/100
|switch|p2b: Garchomp|Garchomp, L50, F, shiny|100/100
|-ability|p2a: Aerodactyl|Unnerve
|turn|1
|inactive|TemporalDonut has 30 seconds left.
|inactive|yesertrerte has 30 seconds left.
|
|t:|1784910979
|detailschange|p1b: Chandelure|Chandelure-Mega, L50, M
|-mega|p1b: Chandelure|Chandelure|Chandelurite
|move|p1b: Chandelure|Protect|p1b: Chandelure
|-singleturn|p1b: Chandelure|Protect
|move|p1a: Grimmsnarl|Reflect|p1a: Grimmsnarl
|-sidestart|p1: TemporalDonut|Reflect
|move|p2a: Aerodactyl|Rock Slide|p1a: Grimmsnarl|[spread] p1a
|-activate|p1b: Chandelure|move: Protect
|-damage|p1a: Grimmsnarl|86/100
|move|p2b: Garchomp|Rock Slide|p1b: Chandelure|[spread] 
|-activate|p1b: Chandelure|move: Protect
|-miss|p2b: Garchomp|p1a: Grimmsnarl
|
|upkeep
|turn|2
|inactive|TemporalDonut has 30 seconds left.
|inactive|yesertrerte has 30 seconds left.
|inactive|TemporalDonut has 20 seconds left.
|
|t:|1784911016
|switch|p1b: Hydrapple|Hydrapple, L50, F|100/100
|-ability|p1b: Hydrapple|Supersweet Syrup
|-unboost|p2a: Aerodactyl|evasion|1
|-unboost|p2b: Garchomp|evasion|1
|detailschange|p2a: Aerodactyl|Aerodactyl-Mega, L50, F
|-mega|p2a: Aerodactyl|Aerodactyl|Aerodactylite
|move|p1a: Grimmsnarl|Parting Shot|p2a: Aerodactyl
|-unboost|p2a: Aerodactyl|atk|1
|-unboost|p2a: Aerodactyl|spa|1
|
|t:|1784911025
|switch|p1a: Milotic|Milotic, L50, M|100/100|[from] Parting Shot
|move|p2a: Aerodactyl|Rock Slide|p1b: Hydrapple|[spread] p1a,p1b
|-crit|p1b: Hydrapple
|-damage|p1a: Milotic|90/100
|-damage|p1b: Hydrapple|68/100
|move|p2b: Garchomp|Earthquake|p1a: Milotic|[spread] p1a,p1b
|-immune|p2a: Aerodactyl
|-resisted|p1b: Hydrapple|1
|-damage|p1a: Milotic|65/100
|-damage|p1b: Hydrapple|55/100
|-damage|p2b: Garchomp|90/100|[from] item: Life Orb
|
|-heal|p1b: Hydrapple|61/100|[from] item: Leftovers
|upkeep
|turn|3
|
|t:|1784911043
|move|p2a: Aerodactyl|Tailwind|p2a: Aerodactyl
|-sidestart|p2: yesertrerte|move: Tailwind
|move|p2b: Garchomp|Dragon Claw|p1b: Hydrapple
|-supereffective|p1b: Hydrapple|1
|-damage|p1b: Hydrapple|10/100
|-damage|p2b: Garchomp|80/100|[from] item: Life Orb
|move|p1a: Milotic|Hypnosis|p2a: Aerodactyl
|-status|p2a: Aerodactyl|slp|[from] move: Hypnosis
|move|p1b: Hydrapple|Fickle Beam|p2b: Garchomp
|-supereffective|p2b: Garchomp|1
|-damage|p2b: Garchomp|10/100
|
|-heal|p1b: Hydrapple|16/100|[from] item: Leftovers
|upkeep
|turn|4
|
|t:|1784911067
|switch|p2a: Kingambit|Kingambit, L50, M|100/100
|move|p2b: Garchomp|Protect|p2b: Garchomp
|-singleturn|p2b: Garchomp|Protect
|move|p1b: Hydrapple|Protect|p1b: Hydrapple
|-singleturn|p1b: Hydrapple|Protect
|move|p1a: Milotic|Muddy Water|p2b: Garchomp|[spread] p2a
|-activate|p2b: Garchomp|move: Protect
|-damage|p2a: Kingambit|70/100
|
|-heal|p1b: Hydrapple|23/100|[from] item: Leftovers
|upkeep
|turn|5
|inactive|yesertrerte has 30 seconds left.
|inactive|yesertrerte has 20 seconds left.
|inactive|yesertrerte has 15 seconds left.
|
|t:|1784911108
|switch|p2b: Charizard|Charizard, L50, M, shiny|100/100
|switch|p1b: Grimmsnarl|Grimmsnarl, L50, M|86/100
|move|p2a: Kingambit|Kowtow Cleave|p1b: Grimmsnarl
|-resisted|p1b: Grimmsnarl|2
|-damage|p1b: Grimmsnarl|78/100
|move|p1a: Milotic|Muddy Water|p2a: Kingambit|[spread] p2a,p2b
|-supereffective|p2b: Charizard|1
|-damage|p2a: Kingambit|43/100
|-damage|p2b: Charizard|35/100
|-unboost|p2a: Kingambit|accuracy|1
|-ability|p2a: Kingambit|Defiant|boost
|-boost|p2a: Kingambit|atk|2
|
|upkeep
|turn|6
|inactive|TemporalDonut has 30 seconds left.
|inactive|yesertrerte has 30 seconds left.
|inactive|yesertrerte has 20 seconds left.
|
|t:|1784911148
|move|p1b: Grimmsnarl|Parting Shot|p2b: Charizard
|-unboost|p2b: Charizard|atk|1
|-unboost|p2b: Charizard|spa|1
|
|t:|1784911151
|switch|p1b: Hydrapple|Hydrapple, L50, F|23/100|[from] Parting Shot
|move|p2b: Charizard|Heat Wave|p1b: Hydrapple|[spread] p1a,p1b
|-resisted|p1a: Milotic|1
|-damage|p1a: Milotic|57/100
|-damage|p1b: Hydrapple|8/100
|move|p2a: Kingambit|Iron Head|p1b: Hydrapple
|-damage|p1b: Hydrapple|0 fnt
|faint|p1b: Hydrapple
|move|p1a: Milotic|Muddy Water|p2b: Charizard|[spread] p2a,p2b
|-supereffective|p2b: Charizard|1
|-damage|p2a: Kingambit|17/100
|-damage|p2b: Charizard|0 fnt
|faint|p2b: Charizard
|
|-sideend|p2: yesertrerte|move: Tailwind
|upkeep
|
|t:|1784911168
|switch|p2b: Garchomp|Garchomp, L50, F, shiny|10/100
|switch|p1b: Chandelure|Chandelure-Mega, L50, M|100/100
|turn|7
|inactive|yesertrerte has 30 seconds left.
|
|t:|1784911195
|move|p2a: Kingambit|Sucker Punch|p1a: Milotic
|-damage|p1a: Milotic|16/100
|move|p2b: Garchomp|Earthquake|p1a: Milotic|[spread] p2a,p1a,p1b
|-supereffective|p2a: Kingambit|1
|-supereffective|p1b: Chandelure|1
|-damage|p2a: Kingambit|0 fnt
|-damage|p1a: Milotic|0 fnt
|-damage|p1b: Chandelure|46/100
|faint|p2a: Kingambit
|faint|p1a: Milotic
|-damage|p2b: Garchomp|1/100|[from] item: Life Orb
|move|p1b: Chandelure|Heat Wave|p2b: Garchomp
|-resisted|p2b: Garchomp|1
|-damage|p2b: Garchomp|0 fnt
|faint|p2b: Garchomp
|
|upkeep
|
|t:|1784911207
|switch|p2b: Aerodactyl|Aerodactyl-Mega, L50, F|100/100 slp
|switch|p1a: Grimmsnarl|Grimmsnarl, L50, M|78/100
|turn|8
|
|t:|1784911217
|cant|p2b: Aerodactyl|slp
|move|p1b: Chandelure|Shadow Ball|p2b: Aerodactyl
|-damage|p2b: Aerodactyl|46/100 slp
|move|p1a: Grimmsnarl|Spirit Break|p2b: Aerodactyl
|-crit|p2b: Aerodactyl
|-damage|p2b: Aerodactyl|0 fnt
|faint|p2b: Aerodactyl
|
|win|TemporalDonut
||TemporalDonut is ready for game 3.
||yesertrerte is ready for game 3.
|uhtml|next|Next: Game 3 of 3
|l|☆yesertrerte
|player|p2|
