|j|☆K4ren
|j|☆FlareIsSolar
|html|K4renFlareIsSolar    
|uhtml|bestof|Game 2 of a best-of-3
|t:|1757633373
|gametype|doubles
|player|p1|K4ren|karen|1231
|player|p2|FlareIsSolar|volkner|1240
|gen|9
|tier|[Gen 9] VGC 2025 Reg H (Bo3)
|rated|
|rule|Species Clause: Limit one of each Pokémon
|rule|Item Clause: Limit 1 of each item
|clearpoke
|poke|p1|Annihilape, L50, F|
|poke|p1|Sinistcha, L50|
|poke|p1|Maushold-Four, L50|
|poke|p1|Klefki, L50, F|
|poke|p1|Ursaluna-Bloodmoon, L50, M|
|poke|p1|Ninetales-Alola, L50, F|
|poke|p2|Garchomp, L50, F|
|poke|p2|Gholdengo, L50|
|poke|p2|Talonflame, L50, M|
|poke|p2|Amoonguss, L50, M|
|poke|p2|Tyranitar, L50, M|
|poke|p2|Basculegion, L50, M|
|teampreview|4
|showteam|p1|Annihilape||Leftovers|Defiant|Protect,BulkUp,DrainPunch,RageFist|||F|||50|,,,,,Fire]Sinistcha||SitrusBerry|Hospitality|MatchaGotcha,TrickRoom,LifeDew,RagePowder||||||50|,,,,,Water]Maushold-Four||SafetyGoggles|FriendGuard|FollowMe,Taunt,BeatUp,Protect||||||50|,,,,,Ghost]Klefki||LightClay|Prankster|Reflect,LightScreen,MistyTerrain,DazzlingGleam|||F|||50|,,,,,Ghost]Ursaluna-Bloodmoon||AssaultVest|MindsEye|BloodMoon,HyperVoice,EarthPower,VacuumWave|||M|||50|,,,,,Water]Ninetales-Alola||FocusSash|SnowWarning|Protect,Encore,FreezeDry,Blizzard|||F|||50|,,,,,Ghost
|showteam|p2|Garchomp||LifeOrb|RoughSkin|DragonClaw,StompingTantrum,Earthquake,Protect|||F|||50|,,,,,Steel]Gholdengo||MetalCoat|GoodasGold|MakeItRain,ShadowBall,NastyPlot,Protect||||||50|,,,,,Water]Talonflame||CovertCloak|GaleWings|BraveBird,WillOWisp,Tailwind,Taunt|||M|||50|,,,,,Ghost]Amoonguss||SitrusBerry|Regenerator|PollenPuff,Spore,RagePowder,Protect|||M|||50|,,,,,Water]Tyranitar||AssaultVest|SandStream|KnockOff,RockSlide,LowKick,TeraBlast|||M|||50|,,,,,Flying]Basculegion||ChoiceScarf|Adaptability|WaveCrash,LastRespects,FlipTurn,AquaJet|||M|||50|,,,,,Water
|
|t:|1757633413
|teamsize|p1|4
|teamsize|p2|4
|start
|switch|p1a: Ursaluna|Ursaluna-Bloodmoon, L50, M|100/100
|switch|p1b: Klefki|Klefki, L50, F|100/100
|switch|p2a: Garchomp|Garchomp, L50, F|100/100
|switch|p2b: Talonflame|Talonflame, L50, M|100/100
|turn|1
|
|t:|1757633429
|move|p2b: Talonflame|Tailwind|p2b: Talonflame
|-sidestart|p2: FlareIsSolar|move: Tailwind
|move|p1b: Klefki|Reflect|p1b: Klefki
|-sidestart|p1: K4ren|Reflect
|move|p2a: Garchomp|Earthquake|p1b: Klefki|[spread] p1a,p1b
|-immune|p2b: Talonflame
|-supereffective|p1b: Klefki
|-damage|p1a: Ursaluna|75/100
|-damage|p1b: Klefki|23/100
|-damage|p2a: Garchomp|91/100|[from] item: Life Orb
|move|p1a: Ursaluna|Hyper Voice|p2b: Talonflame|[spread] p2a,p2b
|-damage|p2a: Garchomp|52/100
|-damage|p2b: Talonflame|48/100
|
|upkeep
|turn|2
|
|t:|1757633455
|move|p1b: Klefki|Light Screen|p1b: Klefki
|-sidestart|p1: K4ren|move: Light Screen
|move|p2b: Talonflame|Will-O-Wisp|p1b: Klefki
|-status|p1b: Klefki|brn
|move|p2a: Garchomp|Earthquake|p1b: Klefki|[spread] p1a,p1b
|-immune|p2b: Talonflame
|-supereffective|p1b: Klefki
|-damage|p1a: Ursaluna|53/100
|-damage|p1b: Klefki|0 fnt
|faint|p1b: Klefki
|-damage|p2a: Garchomp|42/100|[from] item: Life Orb
|move|p1a: Ursaluna|Hyper Voice|p2a: Garchomp|[spread] p2a,p2b
|-damage|p2a: Garchomp|0 fnt
|-damage|p2b: Talonflame|0 fnt
|faint|p2a: Garchomp
|faint|p2b: Talonflame
|
|upkeep
|
|t:|1757633477
|switch|p2b: Tyranitar|Tyranitar, L50, M|100/100
|switch|p2a: Gholdengo|Gholdengo, L50|100/100
|switch|p1b: Annihilape|Annihilape, L50, F, shiny|100/100
|-weather|Sandstorm|[from] ability: Sand Stream|[of] p2b: Tyranitar
|turn|3
|
|t:|1757633516
|-terastallize|p2b: Tyranitar|Flying
|move|p2a: Gholdengo|Protect|p2a: Gholdengo
|-singleturn|p2a: Gholdengo|Protect
|move|p2b: Tyranitar|Tera Blast|p1b: Annihilape|[anim] Tera Blast Flying
|-supereffective|p1b: Annihilape
|-damage|p1b: Annihilape|47/100
|move|p1b: Annihilape|Drain Punch|p2b: Tyranitar
|-resisted|p2b: Tyranitar
|-damage|p2b: Tyranitar|88/100
|-heal|p1b: Annihilape|52/100|[from] drain|[of] p2b: Tyranitar
|move|p1a: Ursaluna|Earth Power|p2a: Gholdengo
|-activate|p2a: Gholdengo|move: Protect
|
|-weather|Sandstorm|[upkeep]
|-damage|p2b: Tyranitar|82/100|[from] Sandstorm
|-damage|p1b: Annihilape|46/100|[from] Sandstorm
|-heal|p1b: Annihilape|52/100|[from] item: Leftovers
|upkeep
|turn|4
|
|t:|1757633550
|move|p1b: Annihilape|Protect|p1b: Annihilape
|-singleturn|p1b: Annihilape|Protect
|move|p2a: Gholdengo|Make It Rain|p1a: Ursaluna|[spread] p1a
|-activate|p1b: Annihilape|move: Protect
|-damage|p1a: Ursaluna|29/100
|-unboost|p2a: Gholdengo|spa|1
|move|p2b: Tyranitar|Knock Off|p1a: Ursaluna
|-damage|p1a: Ursaluna|3/100
|-enditem|p1a: Ursaluna|Assault Vest|[from] move: Knock Off|[of] p2b: Tyranitar
|move|p1a: Ursaluna|Earth Power|p2a: Gholdengo
|-supereffective|p2a: Gholdengo
|-damage|p2a: Gholdengo|0 fnt
|faint|p2a: Gholdengo
|
|-weather|Sandstorm|[upkeep]
|-damage|p2b: Tyranitar|75/100|[from] Sandstorm
|-damage|p1b: Annihilape|46/100|[from] Sandstorm
|-heal|p1b: Annihilape|52/100|[from] item: Leftovers
|-sideend|p2: FlareIsSolar|move: Tailwind
|upkeep
|turn|5
|-message|FlareIsSolar forfeited.
|
|win|K4ren
||FlareIsSolar is ready for game 3.
|inactive|K4ren has 30 seconds to confirm battle start!
||K4ren is ready for game 3.
|uhtml|next|Next: Game 3 of 3
