|j|‽ridgeydidge
|j|☆knoxvillninja
|html|ridgeydidgeknoxvillninja    
|uhtml|bestof|Game 3 of a best-of-3
|t:|1784612720
|gametype|doubles
|player|p1|ridgeydidge|169|1000
|player|p2|knoxvillninja|2|1047
|gen|9
|tier|[Gen 9 Champions] VGC 2026 Reg M-B (Bo3)
|rated|
|rule|Species Clause: Limit one of each Pokémon
|rule|Item Clause: Limit 1 of each item
|clearpoke
|poke|p1|Araquanid, L50, F|
|poke|p1|Volcarona, L50, F|
|poke|p1|Vivillon-Pokeball, L50, M, shiny|
|poke|p1|Pinsir, L50, F|
|poke|p1|Ariados, L50, M|
|poke|p1|Kleavor, L50, M|
|poke|p2|Charizard, L50, M|
|poke|p2|Basculegion, L50, M|
|poke|p2|Aerodactyl, L50, F|
|poke|p2|Venusaur, L50, F|
|poke|p2|Krookodile, L50, F|
|poke|p2|Greninja, L50, F|
|teampreview|4
|showteam|p1|Araquanid||Leftovers|WaterBubble|Liquidation,LeechLife,AquaRing,WideGuard|Impish||F|||50|]Volcarona||ChartiBerry|FlameBody|Tailwind,BugBuzz,HeatWave,QuiverDance|Modest||F|||50|]Vivillon-Pokeball||FocusSash|CompoundEyes|Hurricane,SleepPowder,RagePowder,Protect|Timid||M|||50|]Pinsir||Pinsirite|HyperCutter|Feint,BodySlam,XScissor,Protect|Jolly||F|||50|]Ariados||OccaBerry|Swarm|NightShade,RagePowder,StickyWeb,StruggleBug|Bold||M|||50|]Kleavor||ChoiceScarf|Sharpness|StoneAxe,XScissor,NightSlash,Uturn|Jolly||M|||50|
|showteam|p2|Charizard||CharizarditeY|Blaze|HeatWave,SolarBeam,WeatherBall,Protect|Modest||M|||50|]Basculegion||ChoiceScarf|Adaptability|LastRespects,WaveCrash,AquaJet,FlipTurn|Adamant||M|||50|]Aerodactyl||FocusSash|Unnerve|RockSlide,IceFang,Tailwind,RainDance|Jolly||F|||50|]Venusaur||WideLens|Chlorophyll|SleepPowder,EarthPower,LeafStorm,Protect|Timid||F|||50|]Krookodile||LifeOrb|Intimidate|Earthquake,Crunch,RockSlide,Protect|Jolly||F|||50|]Greninja||Greninjite|Protean|HydroPump,DarkPulse,IceBeam,Protect|Timid||F|||50|
|inactive|Battle timer is ON: inactive players will automatically lose when time's up. (requested by ridgeydidge)
|inactive|knoxvillninja has 60 seconds left.
|
|t:|1784612778
|teamsize|p1|4
|teamsize|p2|4
|start
|switch|p1a: Kleavor|Kleavor, L50, M|100/100
|switch|p1b: Pinsir|Pinsir, L50, F|100/100
|switch|p2a: Venusaur|Venusaur, L50, F|100/100
|switch|p2b: Charizard|Charizard, L50, M|100/100
|turn|1
|inactive|knoxvillninja has 30 seconds left.
|inactive|knoxvillninja has 20 seconds left.
|
|t:|1784612814
|detailschange|p1b: Pinsir|Pinsir-Mega, L50, F
|-mega|p1b: Pinsir|Pinsir|Pinsirite
|detailschange|p2b: Charizard|Charizard-Mega-Y, L50, M
|-mega|p2b: Charizard|Charizard|Charizardite Y
|-weather|SunnyDay|[from] ability: Drought|[of] p2b: Charizard
|move|p1b: Pinsir|Feint|p2b: Charizard
|-damage|p2b: Charizard|74/100
|move|p2a: Venusaur|Sleep Powder|p1b: Pinsir
|-status|p1b: Pinsir|slp|[from] move: Sleep Powder
|move|p1a: Kleavor|Stone Axe|p2b: Charizard
|-supereffective|p2b: Charizard|2
|-damage|p2b: Charizard|0 fnt
|-sidestart|p2: knoxvillninja|move: Stealth Rock
|faint|p2b: Charizard
|
|-weather|SunnyDay|[upkeep]
|upkeep
|
|t:|1784612827
|switch|p2b: Krookodile|Krookodile, L50, F|100/100
|-damage|p2b: Krookodile|94/100|[from] Stealth Rock
|-ability|p2b: Krookodile|Intimidate|boost
|-unboost|p1a: Kleavor|atk|1
|-unboost|p1b: Pinsir|atk|1
|turn|2
|inactive|ridgeydidge has 30 seconds left.
|
|t:|1784612859
|switch|p2a: Basculegion|Basculegion, L50, M|100/100
|-damage|p2a: Basculegion|87/100|[from] Stealth Rock
|switch|p1b: Vivillon|Vivillon-Pokeball, L50, M, shiny|100/100
|move|p1a: Kleavor|Stone Axe|p2a: Basculegion
|-damage|p2a: Basculegion|39/100
|move|p2b: Krookodile|Rock Slide|p1a: Kleavor|[spread] p1b
|-miss|p2b: Krookodile|p1a: Kleavor
|-supereffective|p1b: Vivillon|2
|-enditem|p1b: Vivillon|Focus Sash
|-damage|p1b: Vivillon|1/100
|-damage|p2b: Krookodile|84/100|[from] item: Life Orb
|
|-weather|SunnyDay|[upkeep]
|upkeep
|turn|3
|inactive|knoxvillninja has 30 seconds left.
|
|t:|1784612887
|move|p1b: Vivillon|Rage Powder|p1b: Vivillon
|-singleturn|p1b: Vivillon|move: Rage Powder
|move|p1a: Kleavor|Stone Axe|p2a: Basculegion
|-damage|p2a: Basculegion|0 fnt
|faint|p2a: Basculegion
|move|p2b: Krookodile|Crunch|p1b: Vivillon
|-damage|p1b: Vivillon|0 fnt
|faint|p1b: Vivillon
|-damage|p2b: Krookodile|74/100|[from] item: Life Orb
|
|-weather|SunnyDay|[upkeep]
|upkeep
|
|t:|1784612898
|switch|p1b: Araquanid|Araquanid, L50, F|100/100
|switch|p2a: Venusaur|Venusaur, L50, F|100/100
|-damage|p2a: Venusaur|87/100|[from] Stealth Rock
|turn|4
|
|t:|1784612923
|switch|p1a: Pinsir|Pinsir-Mega, L50, F|100/100 slp
|move|p2a: Venusaur|Sleep Powder|p1b: Araquanid
|-status|p1b: Araquanid|slp|[from] move: Sleep Powder
|move|p2b: Krookodile|Rock Slide|p1b: Araquanid|[spread] p1b
|-miss|p2b: Krookodile|p1a: Pinsir
|-supereffective|p1b: Araquanid|1
|-damage|p1b: Araquanid|56/100 slp
|-damage|p2b: Krookodile|64/100|[from] item: Life Orb
|cant|p1b: Araquanid|slp
|
|-weather|SunnyDay|[upkeep]
|-heal|p1b: Araquanid|62/100 slp|[from] item: Leftovers
|upkeep
|turn|5
|inactive|ridgeydidge has 30 seconds left.
|
|t:|1784612954
|cant|p1a: Pinsir|slp
|-curestatus|p1b: Araquanid|slp|[msg]
|move|p1b: Araquanid|Wide Guard|p1b: Araquanid
|-singleturn|p1b: Araquanid|Wide Guard
|move|p2a: Venusaur|Leaf Storm|p1b: Araquanid
|-damage|p1b: Araquanid|6/100
|-unboost|p2a: Venusaur|spa|2
|move|p2b: Krookodile|Rock Slide|p1a: Pinsir|[spread] 
|-activate|p1a: Pinsir|move: Wide Guard
|-activate|p1b: Araquanid|move: Wide Guard
|
|-weather|none
|-heal|p1b: Araquanid|12/100|[from] item: Leftovers
|upkeep
|turn|6
|inactive|ridgeydidge has 30 seconds left.
|inactive|knoxvillninja has 30 seconds left.
|
|t:|1784612989
|cant|p1a: Pinsir|slp
|move|p2b: Krookodile|Crunch|p1a: Pinsir
|-damage|p1a: Pinsir|41/100 slp
|-unboost|p1a: Pinsir|def|1
|-damage|p2b: Krookodile|54/100|[from] item: Life Orb
|move|p2a: Venusaur|Sleep Powder|p1a: Pinsir
|-fail|p1a: Pinsir|slp
|move|p1b: Araquanid|Liquidation|p2b: Krookodile
|-supereffective|p2b: Krookodile|1
|-damage|p2b: Krookodile|0 fnt
|faint|p2b: Krookodile
|
|-heal|p1b: Araquanid|18/100|[from] item: Leftovers
|upkeep
|turn|7
|
|t:|1784613010
|-curestatus|p1a: Pinsir|slp|[msg]
|move|p1a: Pinsir|Body Slam|p2a: Venusaur
|-supereffective|p2a: Venusaur|1
|-damage|p2a: Venusaur|0 fnt
|faint|p2a: Venusaur
|
|win|ridgeydidge
|raw|ridgeydidge's rating: 1000 → 1045(+45 for winning)
|raw|knoxvillninja's rating: 1047 → 1028(-19 for losing)
|l|☆knoxvillninja
|player|p2|
