|j|☆Swift Demise
|j|☆penut amamiya
|html|Swift Demisepenut amamiya    
|uhtml|bestof|Game 1 of a best-of-3
|t:|1784437987
|gametype|doubles
|player|p1|Swift Demise|lucas|1138
|player|p2|penut amamiya|olivia|1000
|gen|9
|tier|[Gen 9 Champions] VGC 2026 Reg M-B (Bo3)
|rated|
|rule|Species Clause: Limit one of each Pokémon
|rule|Item Clause: Limit 1 of each item
|clearpoke
|poke|p1|Kommo-o, L50, F|
|poke|p1|Sinistcha, L50|
|poke|p1|Incineroar, L50, F|
|poke|p1|Gengar, L50, F|
|poke|p1|Ninetales-Alola, L50, F|
|poke|p1|Kingambit, L50, M|
|poke|p2|Whimsicott, L50, F|
|poke|p2|Scrafty, L50, F|
|poke|p2|Metagross, L50|
|poke|p2|Dragonite, L50, M|
|poke|p2|Gholdengo, L50|
|poke|p2|Krookodile, L50, M|
|teampreview|4
|showteam|p1|Kommo-o||Leftovers|Soundproof|ClangingScales,ClangorousSoul,AuraSphere,Protect|Calm||F|||50|]Sinistcha||KasibBerry|Hospitality|Protect,LifeDew,RagePowder,MatchaGotcha|Relaxed|||||50|]Incineroar||SitrusBerry|Intimidate|FlareBlitz,DarkestLariat,FakeOut,PartingShot|Impish||F|||50|]Gengar||Gengarite|CursedBody|Protect,ShadowBall,SludgeBomb,Disable|Modest||F|||50|]Ninetales-Alola||LightClay|SnowWarning|AuroraVeil,Blizzard,Encore,Protect|Timid||F|||50|]Kingambit||MetalCoat|Defiant|SuckerPunch,KowtowCleave,IronHead,Protect|Adamant||M|||50|
|showteam|p2|Whimsicott||FocusSash|Prankster|WorrySeed,Taunt,Encore,Moonblast|Timid||F|||50|]Scrafty||RoseliBerry|Intimidate|FakeOut,DrainPunch,DragonDance,KnockOff|Adamant||F|||50|]Metagross||Metagrossite|ClearBody|BulletPunch,ZenHeadbutt,ShadowClaw,SunnyDay|Adamant|||||50|]Dragonite||SitrusBerry|Multiscale|BreakingSwipe,ExtremeSpeed,IceBeam,DragonDance|Jolly||M|||50|]Gholdengo||MetalCoat|GoodasGold|MakeItRain,ShadowBall,NastyPlot,Protect|Modest|||||50|]Krookodile||SoftSand|Intimidate|Earthquake,Crunch,FireFang,Protect|Jolly||M|||50|
|
|t:|1784438027
|teamsize|p1|4
|teamsize|p2|4
|start
|switch|p1a: Gengar|Gengar, L50, F|100/100
|switch|p1b: Incineroar|Incineroar, L50, F|100/100
|switch|p2a: Whimsicott|Whimsicott, L50, F|100/100
|switch|p2b: Scrafty|Scrafty, L50, F|100/100
|-ability|p2b: Scrafty|Intimidate|boost
|-unboost|p1a: Gengar|atk|1
|-unboost|p1b: Incineroar|atk|1
|-ability|p1b: Incineroar|Intimidate|boost
|-unboost|p2a: Whimsicott|atk|1
|-unboost|p2b: Scrafty|atk|1
|turn|1
|
|t:|1784438063
|switch|p2a: Metagross|Metagross, L50|100/100
|detailschange|p1a: Gengar|Gengar-Mega, L50, F
|-mega|p1a: Gengar|Gengar|Gengarite
|move|p1b: Incineroar|Fake Out|p2a: Metagross
|-resisted|p2a: Metagross|1
|-damage|p2a: Metagross|97/100
|move|p1a: Gengar|Sludge Bomb|p2a: Metagross
|-immune|p2a: Metagross
|move|p2b: Scrafty|Knock Off|p1b: Incineroar
|-resisted|p1b: Incineroar|1
|-damage|p1b: Incineroar|90/100
|-enditem|p1b: Incineroar|Sitrus Berry|[from] move: Knock Off|[of] p2b: Scrafty
|
|upkeep
|turn|2
|
|t:|1784438090
|detailschange|p2a: Metagross|Metagross-Mega, L50
|-mega|p2a: Metagross|Metagross|Metagrossite
|move|p1a: Gengar|Shadow Ball|p2a: Metagross
|-supereffective|p2a: Metagross|1
|-damage|p2a: Metagross|8/100
|move|p2a: Metagross|Zen Headbutt|p1a: Gengar
|-supereffective|p1a: Gengar|1
|-damage|p1a: Gengar|0 fnt
|faint|p1a: Gengar
|move|p2b: Scrafty|Dragon Dance|p2b: Scrafty
|-boost|p2b: Scrafty|atk|1
|-boost|p2b: Scrafty|spe|1
|move|p1b: Incineroar|Parting Shot|p2b: Scrafty
|-unboost|p2b: Scrafty|atk|1
|-unboost|p2b: Scrafty|spa|1
|
|t:|1784438100
|switch|p1b: Kommo-o|Kommo-o, L50, F|100/100|[from] Parting Shot
|
|upkeep
|
|t:|1784438105
|switch|p1a: Incineroar|Incineroar, L50, F|90/100
|-ability|p1a: Incineroar|Intimidate|boost
|-unboost|p2a: Metagross|atk|1
|-unboost|p2b: Scrafty|atk|1
|turn|3
|
|t:|1784438124
|switch|p2a: Krookodile|Krookodile, L50, M|100/100
|-ability|p2a: Krookodile|Intimidate|boost
|-unboost|p1a: Incineroar|atk|1
|-unboost|p1b: Kommo-o|atk|1
|move|p1a: Incineroar|Fake Out|p2a: Krookodile
|-damage|p2a: Krookodile|90/100
|move|p2b: Scrafty|Dragon Dance|p2b: Scrafty
|-boost|p2b: Scrafty|atk|1
|-boost|p2b: Scrafty|spe|1
|move|p1b: Kommo-o|Clangorous Soul|p1b: Kommo-o
|-boost|p1b: Kommo-o|atk|1
|-boost|p1b: Kommo-o|def|1
|-boost|p1b: Kommo-o|spa|1
|-boost|p1b: Kommo-o|spd|1
|-boost|p1b: Kommo-o|spe|1
|-damage|p1b: Kommo-o|67/100
|
|-heal|p1b: Kommo-o|73/100|[from] item: Leftovers
|upkeep
|turn|4
|
|t:|1784438166
|switch|p2a: Whimsicott|Whimsicott, L50, F|100/100
|move|p2b: Scrafty|Drain Punch|p1a: Incineroar
|-supereffective|p1a: Incineroar|1
|-crit|p1a: Incineroar
|-damage|p1a: Incineroar|21/100
|move|p1b: Kommo-o|Clangorous Soul|p1b: Kommo-o
|-boost|p1b: Kommo-o|atk|1
|-boost|p1b: Kommo-o|def|1
|-boost|p1b: Kommo-o|spa|1
|-boost|p1b: Kommo-o|spd|1
|-boost|p1b: Kommo-o|spe|1
|-damage|p1b: Kommo-o|40/100
|move|p1a: Incineroar|Parting Shot|p2b: Scrafty
|-unboost|p2b: Scrafty|atk|1
|-unboost|p2b: Scrafty|spa|1
|
|t:|1784438175
|switch|p1a: Sinistcha|Sinistcha, L50|100/100|[from] Parting Shot
|-heal|p1b: Kommo-o|64/100|[from] ability: Hospitality|[of] p1a: Sinistcha
|
|-heal|p1b: Kommo-o|70/100|[from] item: Leftovers
|upkeep
|turn|5
|
|t:|1784438206
|move|p2a: Whimsicott|Encore|p1b: Kommo-o
|-start|p1b: Kommo-o|Encore
|move|p1b: Kommo-o|Clangorous Soul|p1b: Kommo-o
|-boost|p1b: Kommo-o|atk|1
|-boost|p1b: Kommo-o|def|1
|-boost|p1b: Kommo-o|spa|1
|-boost|p1b: Kommo-o|spd|1
|-boost|p1b: Kommo-o|spe|1
|-damage|p1b: Kommo-o|37/100
|move|p2b: Scrafty|Knock Off|p1a: Sinistcha
|-supereffective|p1a: Sinistcha|1
|-damage|p1a: Sinistcha|61/100
|-enditem|p1a: Sinistcha|Kasib Berry|[from] move: Knock Off|[of] p2b: Scrafty
|move|p1a: Sinistcha|Life Dew|p1a: Sinistcha|[spread] p1a,p1b
|-heal|p1a: Sinistcha|87/100
|-heal|p1b: Kommo-o|63/100
|
|-heal|p1b: Kommo-o|69/100|[from] item: Leftovers
|upkeep
|turn|6
|
|t:|1784438230
|move|p1b: Kommo-o|Clangorous Soul|p1b: Kommo-o
|-boost|p1b: Kommo-o|atk|1
|-boost|p1b: Kommo-o|def|1
|-boost|p1b: Kommo-o|spa|1
|-boost|p1b: Kommo-o|spd|1
|-boost|p1b: Kommo-o|spe|1
|-damage|p1b: Kommo-o|36/100
|move|p2b: Scrafty|Knock Off|p1a: Sinistcha
|-supereffective|p1a: Sinistcha|1
|-damage|p1a: Sinistcha|63/100
|move|p2a: Whimsicott|Moonblast|p1b: Kommo-o
|-supereffective|p1b: Kommo-o|2
|-damage|p1b: Kommo-o|0 fnt
|faint|p1b: Kommo-o
|move|p1a: Sinistcha|Life Dew|p1a: Sinistcha
|-heal|p1a: Sinistcha|88/100
|
|upkeep
|
|t:|1784438247
|switch|p1b: Incineroar|Incineroar, L50, F|21/100
|-ability|p1b: Incineroar|Intimidate|boost
|-unboost|p2a: Whimsicott|atk|1
|-unboost|p2b: Scrafty|atk|1
|turn|7
|-message|Swift Demise forfeited.
|
|win|penut amamiya
||Swift Demise is ready for game 2.
