|j|☆exessvgc
|j|☆beni_9
|html|exessvgcbeni_9    
|uhtml|bestof|Game 1 of a best-of-3
|t:|1784756306
|gametype|doubles
|player|p1|exessvgc|266|
|player|p2|beni_9|alder|
|gen|9
|tier|[Gen 9 Champions] VGC 2026 Reg M-B (Bo3)
|rule|Species Clause: Limit one of each Pokémon
|rule|Item Clause: Limit 1 of each item
|clearpoke
|poke|p1|Farigiraf, L50, M|
|poke|p1|Aerodactyl, L50, F|
|poke|p1|Sylveon, L50, F|
|poke|p1|Kingambit, L50, M|
|poke|p1|Garchomp, L50, F|
|poke|p1|Charizard, L50, M|
|poke|p2|Sinistcha, L50|
|poke|p2|Incineroar, L50, F|
|poke|p2|Milotic, L50, M|
|poke|p2|Raichu, L50, F|
|poke|p2|Floette-Eternal, L50, F|
|poke|p2|Ceruledge, L50, F|
|teampreview|4
|showteam|p1|Farigiraf||SitrusBerry|ArmorTail|TrickRoom,TwinBeam,HelpingHand,Thunderbolt|Bold||M|||50|]Aerodactyl||Aerodactylite|Unnerve|RockSlide,Protect,Tailwind,Taunt|Jolly||F|||50|]Sylveon||FairyFeather|Pixilate|HyperVoice,HyperBeam,Protect,ShadowBall|Modest||F|||50|]Kingambit||FocusSash|Defiant|IronHead,SuckerPunch,LowKick,Protect|Adamant||M|||50|]Garchomp||LifeOrb|RoughSkin|DragonClaw,Earthquake,StompingTantrum,Protect|Adamant||F|||50|]Charizard||CharizarditeY|Blaze|WeatherBall,HeatWave,SolarBeam,Protect|Modest||M|||50|
|showteam|p2|Sinistcha||KasibBerry|Hospitality|MatchaGotcha,LifeDew,RagePowder,Protect|Relaxed|||||50|]Incineroar||SitrusBerry|Intimidate|FlareBlitz,DarkestLariat,FakeOut,PartingShot|Impish||F|||50|]Milotic||Leftovers|Competitive|MuddyWater,Coil,Hypnosis,Protect|Calm||M|||50|]Raichu||RaichuniteY|LightningRod|ZapCannon,FocusBlast,FakeOut,Protect|Timid||F|||50|]Floette-Eternal||Floettite|FlowerVeil|DrainingKiss,DazzlingGleam,CalmMind,Protect|Timid||F|||50|]Ceruledge||ColburBerry|FlashFire|BitterBlade,ShadowSneak,BulkUp,Protect|Adamant||F|||50|
|c|☆beni_9|glhf! hopefully no stomping surprise again hahah
|j| Shmon
|
|t:|1784756445
|teamsize|p1|4
|teamsize|p2|4
|start
|switch|p1a: Charizard|Charizard, L50, M|100/100
|switch|p1b: DINOSAUVO|Aerodactyl, L50, F|100/100
|switch|p2a: Raichu|Raichu, L50, F|100/100
|switch|p2b: Milotic|Milotic, L50, M|100/100
|-ability|p1b: DINOSAUVO|Unnerve
|turn|1
|
|t:|1784756485
|detailschange|p2a: Raichu|Raichu-Mega-Y, L50, F
|-mega|p2a: Raichu|Raichu|Raichunite Y
|detailschange|p1a: Charizard|Charizard-Mega-Y, L50, M
|-mega|p1a: Charizard|Charizard|Charizardite Y
|-weather|SunnyDay|[from] ability: Drought|[of] p1a: Charizard
|move|p2a: Raichu|Fake Out|p1a: Charizard
|-damage|p1a: Charizard|91/100
|move|p1b: DINOSAUVO|Tailwind|p1b: DINOSAUVO
|-sidestart|p1: exessvgc|move: Tailwind
|cant|p1a: Charizard|flinch
|move|p2b: Milotic|Muddy Water|p1a: Charizard|[spread] p1a,p1b
|-supereffective|p1a: Charizard|1
|-crit|p1a: Charizard
|-supereffective|p1b: DINOSAUVO|1
|-damage|p1a: Charizard|58/100
|-damage|p1b: DINOSAUVO|68/100
|-unboost|p1a: Charizard|accuracy|1
|
|-weather|SunnyDay|[upkeep]
|upkeep
|turn|2
|
|t:|1784756509
|switch|p2a: Incineroar|Incineroar, L50, F|100/100
|-ability|p2a: Incineroar|Intimidate|boost
|-unboost|p1a: Charizard|atk|1
|-unboost|p1b: DINOSAUVO|atk|1
|move|p2b: Milotic|Protect|p2b: Milotic
|-singleturn|p2b: Milotic|Protect
|move|p1b: DINOSAUVO|Taunt|p2b: Milotic
|-activate|p2b: Milotic|move: Protect
|move|p1a: Charizard|Weather Ball|p2a: Incineroar
|-resisted|p2a: Incineroar|1
|-damage|p2a: Incineroar|59/100
|
|-weather|SunnyDay|[upkeep]
|upkeep
|turn|3
|
|t:|1784756548
|move|p2a: Incineroar|Fake Out|p1b: DINOSAUVO
|-resisted|p1b: DINOSAUVO|1
|-damage|p1b: DINOSAUVO|59/100
|cant|p1b: DINOSAUVO|flinch
|move|p1a: Charizard|Solar Beam||[still]
|-prepare|p1a: Charizard|Solar Beam
|-anim|p1a: Charizard|Solar Beam|p2b: Milotic|[miss]
|-miss|p1a: Charizard|p2b: Milotic
|move|p2b: Milotic|Coil|p2b: Milotic
|-boost|p2b: Milotic|atk|1
|-boost|p2b: Milotic|def|1
|-boost|p2b: Milotic|accuracy|1
|
|-weather|SunnyDay|[upkeep]
|upkeep
|turn|4
|
|t:|1784756573
|move|p1b: DINOSAUVO|Taunt|p2b: Milotic
|-start|p2b: Milotic|move: Taunt
|move|p1a: Charizard|Weather Ball|p2a: Incineroar|[miss]
|-miss|p1a: Charizard|p2a: Incineroar
|cant|p2b: Milotic|move: Taunt|Hypnosis
|move|p2a: Incineroar|Parting Shot|p1a: Charizard
|-unboost|p1a: Charizard|atk|1
|-unboost|p1a: Charizard|spa|1
|
|t:|1784756584
|switch|p2a: Raichu|Raichu-Mega-Y, L50, F|100/100|[from] Parting Shot
|
|-weather|SunnyDay|[upkeep]
|-sideend|p1: exessvgc|move: Tailwind
|upkeep
|turn|5
|
|t:|1784756612
|switch|p1a: Kingambit|Kingambit, L50, M|100/100
|move|p1b: DINOSAUVO|Protect|p1b: DINOSAUVO
|-singleturn|p1b: DINOSAUVO|Protect
|move|p2a: Raichu|Fake Out|p1a: Kingambit
|-resisted|p1a: Kingambit|1
|-damage|p1a: Kingambit|96/100
|move|p2b: Milotic|Muddy Water|p1b: DINOSAUVO|[spread] p1a
|-activate|p1b: DINOSAUVO|move: Protect
|-damage|p1a: Kingambit|85/100
|
|-weather|none
|upkeep
|turn|6
|
|t:|1784756685
|move|p1a: Kingambit|Sucker Punch|p2a: Raichu
|-damage|p2a: Raichu|40/100
|move|p1b: DINOSAUVO|Taunt||[still]
|-fail|p1b: DINOSAUVO
|move|p2a: Raichu|Focus Blast|p1a: Kingambit
|-supereffective|p1a: Kingambit|2
|-damage|p1a: Kingambit|0 fnt
|faint|p1a: Kingambit
|move|p2b: Milotic|Muddy Water|p1b: DINOSAUVO
|-supereffective|p1b: DINOSAUVO|1
|-crit|p1b: DINOSAUVO
|-damage|p1b: DINOSAUVO|0 fnt
|faint|p1b: DINOSAUVO
|
|-end|p2b: Milotic|move: Taunt
|upkeep
|
|t:|1784756704
|switch|p1b: Marianela|Sylveon, L50, F|100/100
|switch|p1a: Charizard|Charizard-Mega-Y, L50, M|58/100
|-weather|SunnyDay|[from] ability: Drought|[of] p1a: Charizard
|turn|7
|
|t:|1784756753
|move|p2a: Raichu|Zap Cannon|p1b: Marianela
|-damage|p1b: Marianela|56/100
|-status|p1b: Marianela|par
|move|p1a: Charizard|Solar Beam||[still]
|-prepare|p1a: Charizard|Solar Beam
|-anim|p1a: Charizard|Solar Beam|p2b: Milotic
|-supereffective|p2b: Milotic|1
|-damage|p2b: Milotic|36/100
|move|p2b: Milotic|Hypnosis|p1a: Charizard
|-status|p1a: Charizard|slp|[from] move: Hypnosis
|cant|p1b: Marianela|par
|
|-weather|SunnyDay|[upkeep]
|-heal|p2b: Milotic|42/100|[from] item: Leftovers
|upkeep
|turn|8
|-message|exessvgc forfeited.
|
|win|beni_9
|l|☆exessvgc
|player|p1|
||exessvgc is ready for game 2.
||beni_9 is ready for game 2.
|uhtml|next|Next: Game 2 of 3
|j|☆exessvgc
|player|p1|exessvgc|266|
