|j|☆huntr/x rumi
|j|☆Beeetch
|html|huntr/x rumiBeeetch    
|uhtml|bestof|Game 1 of a best-of-3
|t:|1756730783
|gametype|doubles
|player|p1|huntr/x rumi|guitarist|1297
|player|p2|Beeetch|beauty-gen4dp|1246
|gen|9
|tier|[Gen 9] VGC 2025 Reg H (Bo3)
|rated|
|rule|Species Clause: Limit one of each Pokémon
|rule|Item Clause: Limit 1 of each item
|clearpoke
|poke|p1|Palafin, L50, F|
|poke|p1|Incineroar, L50, M|
|poke|p1|Sinistcha, L50|
|poke|p1|Archaludon, L50, M|
|poke|p1|Stonjourner, L50, M|
|poke|p1|Ninetales-Alola, L50, F|
|poke|p2|Toedscruel, L50, M|
|poke|p2|Weezing-Galar, L50, F|
|poke|p2|Corviknight, L50, M|
|poke|p2|Pawmot, L50, F|
|poke|p2|Garchomp, L50, F|
|poke|p2|Typhlosion-Hisui, L50, M|
|teampreview|4
|showteam|p1|Palafin||MysticWater|ZerotoHero|Protect,JetPunch,WaveCrash,Haze|||F|||50|,,,,,Water]Incineroar||SafetyGoggles|Intimidate|FakeOut,FlareBlitz,KnockOff,PartingShot|||M|||50|,,,,,Ghost]Sinistcha||AssaultVest|Hospitality|MatchaGotcha,ShadowBall,Scald,GigaDrain||||||50|,,,,,Water]Archaludon||PowerHerb|Sturdy|Protect,ElectroShot,DragonPulse,Thunderbolt|||M|||50|,,,,,Electric]Stonjourner||FocusSash|PowerSpot|Protect,WideGuard,RockSlide,LowKick|||M|||50|,,,,,Ghost]Ninetales-Alola||CovertCloak|SnowWarning|Protect,AuroraVeil,Blizzard,Moonblast|||F|||50|,,,,,Water
|showteam|p2|Toedscruel||CovertCloak|MyceliumMight|Spore,EarthPower,AcidSpray,RagePowder|||M|||50|,,,,,Water]Weezing-Galar||ChoiceSpecs|NeutralizingGas|DazzlingGleam,SludgeBomb,StrangeSteam,Flamethrower|||F|||50|,,,,,Fire]Corviknight||SitrusBerry|MirrorArmor|Protect,Tailwind,Roost,BraveBird|||M|||50|,,,,,Dragon]Pawmot||FocusSash|NaturalCure|Protect,CloseCombat,DoubleShock,FakeOut|||F|||50|,,,,,Electric]Garchomp||LifeOrb|RoughSkin|Protect,Earthquake,DragonClaw,StompingTantrum|||F|||50|,,,,,Ground]Typhlosion-Hisui||ChoiceScarf|Blaze|Eruption,SleepTalk,HeatWave,ShadowBall|||M|||50|,,,,,Fire
|inactive|Battle timer is ON: inactive players will automatically lose when time's up. (requested by huntr/x rumi)
|
|t:|1756730859
|teamsize|p1|4
|teamsize|p2|4
|start
|switch|p1a: I'm Fakin|Incineroar, L50, M|100/100
|switch|p1b: Palafin|Palafin, L50, F|100/100
|switch|p2a: Weezing|Weezing-Galar, L50, F|100/100
|switch|p2b: Toedscruel|Toedscruel, L50, M|100/100
|-ability|p2a: Weezing|Neutralizing Gas
|turn|1
|
|t:|1756730874
|move|p1b: Palafin|Protect|p1b: Palafin
|-singleturn|p1b: Palafin|Protect
|move|p2b: Toedscruel|Spore|p1b: Palafin
|-activate|p1b: Palafin|move: Protect
|move|p2a: Weezing|Sludge Bomb|p1a: I'm Fakin
|-damage|p1a: I'm Fakin|47/100
|move|p1a: I'm Fakin|Parting Shot|p2a: Weezing
|-unboost|p2a: Weezing|atk|1
|-unboost|p2a: Weezing|spa|1
|
|t:|1756730884
|switch|p1a: Sinistcha|Sinistcha, L50|100/100|[from] Parting Shot
|
|upkeep
|turn|2
|inactive|Beeetch has 30 seconds left.
|
|t:|1756730912
|detailschange|p1b: Palafin|Palafin-Hero, L50, F
|switch|p1b: I'm Fakin|Incineroar, L50, M|47/100
|move|p2b: Toedscruel|Acid Spray|p1a: Sinistcha
|-damage|p1a: Sinistcha|95/100
|-unboost|p1a: Sinistcha|spd|2
|move|p1a: Sinistcha|Matcha Gotcha|p2b: Toedscruel|[spread] p2a,p2b
|-resisted|p2a: Weezing
|-crit|p2b: Toedscruel
|-damage|p2a: Weezing|80/100
|-heal|p1a: Sinistcha|100/100|[from] drain|[of] p2a: Weezing
|-damage|p2b: Toedscruel|65/100
|move|p2a: Weezing|Sludge Bomb|p1b: I'm Fakin
|-damage|p1b: I'm Fakin|12/100
|
|upkeep
|turn|3
|
|t:|1756730930
|move|p1b: I'm Fakin|Fake Out|p2a: Weezing
|-damage|p2a: Weezing|66/100
|move|p2b: Toedscruel|Earth Power|p1b: I'm Fakin
|-supereffective|p1b: I'm Fakin
|-damage|p1b: I'm Fakin|0 fnt
|faint|p1b: I'm Fakin
|move|p1a: Sinistcha|Giga Drain|p2b: Toedscruel
|-damage|p2b: Toedscruel|35/100
|cant|p2a: Weezing|flinch
|
|upkeep
|
|t:|1756730938
|switch|p1b: Palafin|Palafin-Hero, L50, F|100/100
|-activate|p1b: Palafin|ability: Zero to Hero
|turn|4
|
|t:|1756730973
|switch|p1a: Archaludon|Archaludon, L50, M, shiny|100/100
|move|p1b: Palafin|Jet Punch|p2b: Toedscruel
|-damage|p2b: Toedscruel|0 fnt
|faint|p2b: Toedscruel
|move|p2a: Weezing|Sludge Bomb|p1a: Archaludon
|-immune|p1a: Archaludon
|
|upkeep
|
|t:|1756730985
|switch|p2b: Pawmot|Pawmot, L50, F|100/100
|turn|5
|l|☆huntr/x rumi
|inactive|huntr/x rumi disconnected and has a minute to reconnect!
|player|p1|
|j|☆huntr/x rumi
|inactive|huntr/x rumi reconnected and has 45 seconds left.
|player|p1|huntr/x rumi|guitarist|
|
|t:|1756731009
|-end|p2a: Weezing|ability: Neutralizing Gas
|switch|p2a: Corviknight|Corviknight, L50, M|100/100
|-terastallize|p2b: Pawmot|Electric
|-terastallize|p1a: Archaludon|Electric
|move|p1b: Palafin|Protect|p1b: Palafin
|-singleturn|p1b: Palafin|Protect
|move|p2b: Pawmot|Double Shock|p1b: Palafin
|-activate|p1b: Palafin|move: Protect
|move|p1a: Archaludon|Electro Shot||[still]
|-prepare|p1a: Archaludon|Electro Shot
|-boost|p1a: Archaludon|spa|1
|-enditem|p1a: Archaludon|Power Herb
|-anim|p1a: Archaludon|Electro Shot|p2a: Corviknight
|-supereffective|p2a: Corviknight
|-damage|p2a: Corviknight|0 fnt
|faint|p2a: Corviknight
|
|upkeep
|
|t:|1756731020
|switch|p2a: Weezing|Weezing-Galar, L50, F|66/100
|-ability|p2a: Weezing|Neutralizing Gas
|turn|6
|
|t:|1756731031
|switch|p1b: Sinistcha|Sinistcha, L50|100/100
|move|p2b: Pawmot|Double Shock|p1b: Sinistcha
|-resisted|p1b: Sinistcha
|-damage|p1b: Sinistcha|61/100
|-start|p2b: Pawmot|typechange|Electric|[from] move: Double Shock
|move|p1a: Archaludon|Thunderbolt|p2a: Weezing
|-damage|p2a: Weezing|0 fnt
|faint|p2a: Weezing
|-end|p2a: Weezing|ability: Neutralizing Gas
|
|upkeep
|turn|7
|
|t:|1756731040
|move|p2b: Pawmot|Double Shock|p1b: Sinistcha
|-resisted|p1b: Sinistcha
|-damage|p1b: Sinistcha|26/100
|-start|p2b: Pawmot|typechange|Electric|[from] move: Double Shock
|move|p1a: Archaludon|Dragon Pulse|p2b: Pawmot
|-enditem|p2b: Pawmot|Focus Sash
|-damage|p2b: Pawmot|1/100
|move|p1b: Sinistcha|Giga Drain|p2b: Pawmot
|-damage|p2b: Pawmot|0 fnt
|-heal|p1b: Sinistcha|27/100|[from] drain|[of] p2b: Pawmot
|faint|p2b: Pawmot
|
|win|huntr/x rumi
