|j|☆testdigi
|j|☆Vulpisfoglia
|html|testdigiVulpisfoglia    
|uhtml|bestof|Game 1 of a best-of-3
|t:|1784908639
|gametype|doubles
|player|p1|testdigi|101|1151
|player|p2|Vulpisfoglia|gwynn|1191
|gen|9
|tier|[Gen 9 Champions] VGC 2026 Reg M-B (Bo3)
|rated|
|rule|Species Clause: Limit one of each Pokémon
|rule|Item Clause: Limit 1 of each item
|clearpoke
|poke|p1|Raichu, L50, F|
|poke|p1|Sinistcha, L50|
|poke|p1|Corviknight, L50, F|
|poke|p1|Sylveon, L50, F|
|poke|p1|Garchomp, L50, M|
|poke|p1|Tyranitar, L50, F|
|poke|p2|Venusaur, L50, M|
|poke|p2|Pelipper, L50, M|
|poke|p2|Swampert, L50, M|
|poke|p2|Sylveon, L50, M|
|poke|p2|Grimmsnarl, L50, M|
|poke|p2|Archaludon, L50, M|
|teampreview|4
|showteam|p1|Raichu||RaichuniteY|LightningRod|ZapCannon,FocusBlast,FakeOut,Protect|Timid||F|||50|]Sinistcha||KasibBerry|Hospitality|MatchaGotcha,ShadowBall,RagePowder,Protect|Modest|||||50|]Corviknight||OccaBerry|MirrorArmor|IronHead,BraveBird,Tailwind,Protect|Adamant||F|||50|]Sylveon||FairyFeather|Pixilate|HyperVoice,QuickAttack,Yawn,Detect|Modest||F|||50|]Garchomp||SitrusBerry|RoughSkin|DragonClaw,StompingTantrum,RockSlide,Protect|Adamant||M|||50|]Tyranitar||FocusSash|SandStream|RockSlide,KnockOff,Superpower,Protect|Adamant||F|||50|
|showteam|p2|Venusaur||Venusaurite|Chlorophyll|Protect,GigaDrain,EarthPower,SludgeBomb|Modest||M|||50|]Pelipper||SitrusBerry|Drizzle|Tailwind,WeatherBall,Hurricane,RainDance|Bold||M|||50|]Swampert||Swampertite|Torrent|WaveCrash,Protect,HighHorsepower,IcePunch|Adamant||M|||50|]Sylveon||FairyFeather|Pixilate|HyperVoice,HyperBeam,Protect,Yawn|Modest||M|||50|]Grimmsnarl||LightClay|Prankster|PartingShot,LightScreen,Reflect,FoulPlay|Careful||M|||50|]Archaludon||Leftovers|Stamina|ElectroShot,FlashCannon,Protect,DragonPulse|Calm||M|||50|
|
|t:|1784908689
|teamsize|p1|4
|teamsize|p2|4
|start
|switch|p1a: Raichu|Raichu, L50, F|100/100
|switch|p1b: Corviknight|Corviknight, L50, F|100/100
|switch|p2a: Archaludon|Archaludon, L50, M|100/100
|switch|p2b: Grimmsnarl|Grimmsnarl, L50, M|100/100
|turn|1
|
|t:|1784908722
|move|p2a: Archaludon|Protect|p2a: Archaludon
|-singleturn|p2a: Archaludon|Protect
|move|p1a: Raichu|Fake Out|p2b: Grimmsnarl
|-damage|p2b: Grimmsnarl|92/100
|cant|p2b: Grimmsnarl|flinch
|move|p1b: Corviknight|Tailwind|p1b: Corviknight
|-sidestart|p1: testdigi|move: Tailwind
|
|upkeep
|turn|2
|
|t:|1784908750
|move|p1a: Raichu|Protect|p1a: Raichu
|-singleturn|p1a: Raichu|Protect
|move|p2b: Grimmsnarl|Light Screen|p2b: Grimmsnarl
|-sidestart|p2: Vulpisfoglia|move: Light Screen
|move|p1b: Corviknight|Iron Head|p2b: Grimmsnarl
|-supereffective|p2b: Grimmsnarl|1
|-damage|p2b: Grimmsnarl|28/100
|move|p2a: Archaludon|Dragon Pulse|p1a: Raichu
|-activate|p1a: Raichu|move: Protect
|
|upkeep
|turn|3
|
|t:|1784908768
|detailschange|p1a: Raichu|Raichu-Mega-Y, L50, F
|-mega|p1a: Raichu|Raichu|Raichunite Y
|move|p2b: Grimmsnarl|Parting Shot|p1a: Raichu
|-unboost|p1a: Raichu|atk|1
|-unboost|p1a: Raichu|spa|1
|
|t:|1784908776
|switch|p2b: Pelipper|Pelipper, L50, M|100/100|[from] Parting Shot
|-weather|RainDance|[from] ability: Drizzle|[of] p2b: Pelipper
|move|p1a: Raichu|Focus Blast|p2a: Archaludon
|-supereffective|p2a: Archaludon|1
|-damage|p2a: Archaludon|64/100
|-ability|p2a: Archaludon|Stamina|boost
|-boost|p2a: Archaludon|def|1
|move|p1b: Corviknight|Brave Bird|p2a: Archaludon
|-resisted|p2a: Archaludon|1
|-damage|p2a: Archaludon|52/100
|-ability|p2a: Archaludon|Stamina|boost
|-boost|p2a: Archaludon|def|1
|-damage|p1b: Corviknight|95/100|[from] Recoil
|move|p2a: Archaludon|Electro Shot||[still]
|-prepare|p2a: Archaludon|Electro Shot
|-boost|p2a: Archaludon|spa|1
|-anim|p2a: Archaludon|Electro Shot|p1b: Corviknight
|-supereffective|p1b: Corviknight|1
|-damage|p1b: Corviknight|0 fnt
|faint|p1b: Corviknight
|
|-weather|RainDance|[upkeep]
|-heal|p2a: Archaludon|58/100|[from] item: Leftovers
|upkeep
|
|t:|1784908810
|switch|p1b: Sinistcha|Sinistcha, L50|100/100
|turn|4
|
|t:|1784908826
|switch|p1a: Garchomp|Garchomp, L50, M|100/100
|switch|p2b: Venusaur|Venusaur, L50, M|100/100
|move|p1b: Sinistcha|Protect|p1b: Sinistcha
|-singleturn|p1b: Sinistcha|Protect
|move|p2a: Archaludon|Dragon Pulse|p1b: Sinistcha
|-activate|p1b: Sinistcha|move: Protect
|
|-weather|RainDance|[upkeep]
|-heal|p2a: Archaludon|64/100|[from] item: Leftovers
|-sideend|p1: testdigi|move: Tailwind
|upkeep
|turn|5
|
|t:|1784908842
|detailschange|p2b: Venusaur|Venusaur-Mega, L50, M
|-mega|p2b: Venusaur|Venusaur|Venusaurite
|move|p1a: Garchomp|Stomping Tantrum|p2a: Archaludon
|-supereffective|p2a: Archaludon|1
|-damage|p2a: Archaludon|34/100
|-ability|p2a: Archaludon|Stamina|boost
|-boost|p2a: Archaludon|def|1
|move|p2a: Archaludon|Dragon Pulse|p1a: Garchomp
|-supereffective|p1a: Garchomp|1
|-damage|p1a: Garchomp|1/100
|-enditem|p1a: Garchomp|Sitrus Berry|[eat]
|-heal|p1a: Garchomp|26/100|[from] item: Sitrus Berry
|move|p2b: Venusaur|Giga Drain|p1a: Garchomp
|-damage|p1a: Garchomp|0 fnt
|faint|p1a: Garchomp
|move|p1b: Sinistcha|Matcha Gotcha|p2a: Archaludon|[spread] p2a,p2b
|-resisted|p2a: Archaludon|2
|-resisted|p2b: Venusaur|2
|-damage|p2a: Archaludon|29/100
|-damage|p2b: Venusaur|96/100
|-status|p2b: Venusaur|brn
|-ability|p2a: Archaludon|Stamina|boost
|-boost|p2a: Archaludon|def|1
|
|-weather|RainDance|[upkeep]
|-heal|p2a: Archaludon|36/100|[from] item: Leftovers
|-damage|p2b: Venusaur|90/100 brn|[from] brn
|upkeep
|
|t:|1784908845
|switch|p1a: Raichu|Raichu-Mega-Y, L50, F|100/100
|turn|6
|
|t:|1784908871
|move|p1a: Raichu|Fake Out|p2b: Venusaur
|-crit|p2b: Venusaur
|-damage|p2b: Venusaur|80/100 brn
|move|p2a: Archaludon|Dragon Pulse|p1a: Raichu
|-damage|p1a: Raichu|28/100
|cant|p2b: Venusaur|flinch
|move|p1b: Sinistcha|Shadow Ball|p2a: Archaludon
|-damage|p2a: Archaludon|15/100
|-ability|p2a: Archaludon|Stamina|boost
|-boost|p2a: Archaludon|def|1
|
|-weather|RainDance|[upkeep]
|-heal|p2a: Archaludon|21/100|[from] item: Leftovers
|-damage|p2b: Venusaur|74/100 brn|[from] brn
|upkeep
|turn|7
|
|t:|1784908884
|move|p1a: Raichu|Focus Blast|p2a: Archaludon
|-supereffective|p2a: Archaludon|1
|-damage|p2a: Archaludon|0 fnt
|faint|p2a: Archaludon
|move|p2b: Venusaur|Sludge Bomb|p1a: Raichu
|-damage|p1a: Raichu|0 fnt
|faint|p1a: Raichu
|move|p1b: Sinistcha|Matcha Gotcha|p2b: Venusaur
|-resisted|p2b: Venusaur|2
|-damage|p2b: Venusaur|69/100 brn
|
|-weather|none
|-damage|p2b: Venusaur|63/100 brn|[from] brn
|upkeep
|-message|testdigi forfeited.
|
|win|Vulpisfoglia
