|j|☆geardox
|j|☆randomguy1114s
|html|geardoxrandomguy1114s    
|uhtml|bestof|Game 3 of a best-of-3
|t:|1756856854
|gametype|doubles
|player|p1|geardox|cyclist|1137
|player|p2|randomguy1114s|lillie-masters|1229
|gen|9
|tier|[Gen 9] VGC 2025 Reg H (Bo3)
|rated|
|rule|Species Clause: Limit one of each Pokémon
|rule|Item Clause: Limit 1 of each item
|clearpoke
|poke|p1|Sneasler, L50, M|
|poke|p1|Garchomp, L50, M|
|poke|p1|Corviknight, L50, M|
|poke|p1|Archaludon, L50, M|
|poke|p1|Amoonguss, L50, F|
|poke|p1|Incineroar, L50, M|
|poke|p2|Garchomp, L50, M|
|poke|p2|Kingambit, L50, M|
|poke|p2|Sneasler, L50, F|
|poke|p2|Talonflame, L50, F|
|poke|p2|Primarina, L50, F|
|poke|p2|Sinistcha, L50|
|teampreview|4
|showteam|p1|Sneasler||FocusSash|Unburden|DireClaw,CloseCombat,ThroatChop,Coaching|||M|||50|,,,,,Ghost]Garchomp||LifeOrb|RoughSkin|Protect,Earthquake,DragonClaw,StompingTantrum|||M|||50|,,,,,Ground]Corviknight||SitrusBerry|MirrorArmor|BraveBird,Tailwind,Roost,IronHead|||M|||50|,,,,,Fire]Archaludon||PowerHerb|Stamina|Protect,DracoMeteor,FlashCannon,ElectroShot|||M|||50|,,,,,Dragon]Amoonguss||RockyHelmet|Regenerator|ClearSmog,RagePowder,Spore,PollenPuff|||F|||50|,,,,,Water]Incineroar||AssaultVest|Intimidate|KnockOff,FlareBlitz,FakeOut,Uturn|||M|||50|,,,,,Ghost
|showteam|p2|Garchomp||LifeOrb|RoughSkin|Earthquake,DragonClaw,StompingTantrum,Protect|||M|||50|,,,,,Steel]Kingambit||SafetyGoggles|Defiant|SuckerPunch,SwordsDance,KowtowCleave,Protect|||M|||50|,,,,,Dark]Sneasler||FocusSash|Unburden|CloseCombat,DireClaw,FakeOut,Protect|||F|||50|,,,,,Stellar]Talonflame||ClearAmulet|GaleWings|DualWingbeat,Tailwind,Uturn,Protect|||F|||50|,,,,,Ghost]Primarina||ThroatSpray|LiquidVoice|Haze,HyperVoice,Moonblast,Protect|||F|||50|,,,,,Poison]Sinistcha||MentalHerb|Hospitality|RagePowder,TrickRoom,MatchaGotcha,Protect||||||50|,,,,,Water
|inactive|Battle timer is ON: inactive players will automatically lose when time's up. (requested by geardox)
|inactive|geardox has 60 seconds left.
|inactive|randomguy1114s has 60 seconds left.
|inactive|randomguy1114s has 30 seconds left.
|
|t:|1756856932
|teamsize|p1|4
|teamsize|p2|4
|start
|switch|p1a: Big Mo|Archaludon, L50, M|100/100
|switch|p1b: Moonster|Amoonguss, L50, F, shiny|100/100
|switch|p2a: Primarina|Primarina, L50, F, shiny|100/100
|switch|p2b: Talonflame|Talonflame, L50, F, shiny|100/100
|turn|1
|
|t:|1756856955
|-terastallize|p1b: Moonster|Water
|move|p1a: Big Mo|Protect|p1a: Big Mo
|-singleturn|p1a: Big Mo|Protect
|move|p2b: Talonflame|Dual Wingbeat|p1b: Moonster
|-damage|p1b: Moonster|88/100
|-damage|p2b: Talonflame|84/100|[from] item: Rocky Helmet|[of] p1b: Moonster
|-damage|p1b: Moonster|74/100
|-damage|p2b: Talonflame|68/100|[from] item: Rocky Helmet|[of] p1b: Moonster
|-hitcount|p1b: Moonster|2
|move|p2a: Primarina|Hyper Voice|p1a: Big Mo|[spread] p1b
|-activate|p1a: Big Mo|move: Protect
|-resisted|p1b: Moonster
|-damage|p1b: Moonster|58/100
|-enditem|p2a: Primarina|Throat Spray
|-boost|p2a: Primarina|spa|1|[from] item: Throat Spray
|move|p1b: Moonster|Spore|p2a: Primarina
|-status|p2a: Primarina|slp|[from] move: Spore
|
|upkeep
|turn|2
|inactive|geardox has 30 seconds left.
|inactive|randomguy1114s has 30 seconds left.
|inactive|geardox has 20 seconds left.
|inactive|geardox has 15 seconds left.
|inactive|geardox has 10 seconds left.
|
|t:|1756857002
|cant|p2a: Primarina|slp
|move|p2b: Talonflame|U-turn|p1b: Moonster
|-damage|p1b: Moonster|44/100
|-damage|p2b: Talonflame|51/100|[from] item: Rocky Helmet|[of] p1b: Moonster
|
|t:|1756857010
|switch|p2b: Kingambit|Kingambit, L50, M, shiny|100/100|[from] U-turn
|move|p1a: Big Mo|Electro Shot||[still]
|-prepare|p1a: Big Mo|Electro Shot
|-boost|p1a: Big Mo|spa|1
|-enditem|p1a: Big Mo|Power Herb
|-anim|p1a: Big Mo|Electro Shot|p2b: Kingambit
|-damage|p2b: Kingambit|33/100
|move|p1b: Moonster|Spore|p2b: Kingambit
|-activate|p2b: Kingambit|item: Safety Goggles|Spore
|
|upkeep
|turn|3
|inactive|geardox has 30 seconds left.
|inactive|randomguy1114s has 30 seconds left.
|
|t:|1756857046
|move|p1a: Big Mo|Flash Cannon|p2a: Primarina
|-damage|p2a: Primarina|50/100 slp
|-curestatus|p2a: Primarina|slp|[msg]
|move|p2a: Primarina|Moonblast|p1b: Moonster
|-damage|p1b: Moonster|0 fnt
|faint|p1b: Moonster
|move|p2b: Kingambit|Kowtow Cleave|p1a: Big Mo
|-damage|p1a: Big Mo|56/100
|-ability|p1a: Big Mo|Stamina|boost
|-boost|p1a: Big Mo|def|1
|
|upkeep
|
|t:|1756857061
|switch|p1b: Stinky Pete|Garchomp, L50, M|100/100
|turn|4
|
|t:|1756857070
|move|p1a: Big Mo|Protect|p1a: Big Mo
|-singleturn|p1a: Big Mo|Protect
|move|p2a: Primarina|Protect|p2a: Primarina
|-singleturn|p2a: Primarina|Protect
|move|p2b: Kingambit|Protect|p2b: Kingambit
|-singleturn|p2b: Kingambit|Protect
|move|p1b: Stinky Pete|Earthquake|p2a: Primarina|[spread] 
|-activate|p1a: Big Mo|move: Protect
|-activate|p2a: Primarina|move: Protect
|-activate|p2b: Kingambit|move: Protect
|
|upkeep
|turn|5
|
|t:|1756857088
|move|p2b: Kingambit|Sucker Punch|p1b: Stinky Pete
|-damage|p1b: Stinky Pete|60/100
|-damage|p2b: Kingambit|21/100|[from] ability: Rough Skin|[of] p1b: Stinky Pete
|move|p1b: Stinky Pete|Stomping Tantrum|p2b: Kingambit
|-supereffective|p2b: Kingambit
|-damage|p2b: Kingambit|0 fnt
|faint|p2b: Kingambit
|-damage|p1b: Stinky Pete|50/100|[from] item: Life Orb
|move|p1a: Big Mo|Flash Cannon|p2a: Primarina
|-crit|p2a: Primarina
|-damage|p2a: Primarina|0 fnt
|faint|p2a: Primarina
|
|upkeep
|
|t:|1756857100
|switch|p2a: Sneasler|Sneasler, L50, F, shiny|100/100
|switch|p2b: Talonflame|Talonflame, L50, F, shiny|51/100
|turn|6
|
|t:|1756857123
|-terastallize|p2a: Sneasler|Stellar
|move|p1b: Stinky Pete|Protect|p1b: Stinky Pete
|-singleturn|p1b: Stinky Pete|Protect
|move|p1a: Big Mo|Protect|p1a: Big Mo
|-singleturn|p1a: Big Mo|Protect
|move|p2b: Talonflame|Dual Wingbeat|p1b: Stinky Pete
|-activate|p1b: Stinky Pete|move: Protect
|move|p2a: Sneasler|Close Combat|p1a: Big Mo
|-activate|p1a: Big Mo|move: Protect
|
|upkeep
|turn|7
|inactive|geardox has 30 seconds left.
|
|t:|1756857158
|move|p2b: Talonflame|Dual Wingbeat|p1b: Stinky Pete
|-damage|p1b: Stinky Pete|33/100
|-damage|p2b: Talonflame|39/100|[from] ability: Rough Skin|[of] p1b: Stinky Pete
|-damage|p1b: Stinky Pete|16/100
|-damage|p2b: Talonflame|27/100|[from] ability: Rough Skin|[of] p1b: Stinky Pete
|-hitcount|p1b: Stinky Pete|2
|move|p2a: Sneasler|Close Combat|p1a: Big Mo
|-supereffective|p1a: Big Mo
|-damage|p1a: Big Mo|0 fnt
|-unboost|p2a: Sneasler|def|1
|-unboost|p2a: Sneasler|spd|1
|faint|p1a: Big Mo
|move|p1b: Stinky Pete|Dragon Claw|p2b: Talonflame
|-damage|p2b: Talonflame|0 fnt
|faint|p2b: Talonflame
|-damage|p1b: Stinky Pete|7/100|[from] item: Life Orb
|
|upkeep
|
|t:|1756857174
|switch|p1a: Riku|Sneasler, L50, M|100/100
|turn|8
|inactive|geardox has 30 seconds left.
|inactive|geardox has 20 seconds left.
|inactive|geardox has 15 seconds left.
|
|t:|1756857218
|move|p2a: Sneasler|Protect|p2a: Sneasler
|-singleturn|p2a: Sneasler|Protect
|move|p1b: Stinky Pete|Protect|p1b: Stinky Pete
|-singleturn|p1b: Stinky Pete|Protect
|move|p1a: Riku|Dire Claw|p2a: Sneasler
|-activate|p2a: Sneasler|move: Protect
|
|upkeep
|turn|9
|
|t:|1756857231
|move|p1a: Riku|Close Combat|p2a: Sneasler
|-resisted|p2a: Sneasler
|-damage|p2a: Sneasler|17/100
|-unboost|p1a: Riku|def|1
|-unboost|p1a: Riku|spd|1
|move|p2a: Sneasler|Dire Claw|p1a: Riku
|-resisted|p1a: Riku
|-damage|p1a: Riku|27/100
|move|p1b: Stinky Pete|Stomping Tantrum|p2a: Sneasler
|-supereffective|p2a: Sneasler
|-damage|p2a: Sneasler|0 fnt
|faint|p2a: Sneasler
|-damage|p1b: Stinky Pete|0 fnt|[from] item: Life Orb
|faint|p1b: Stinky Pete
|
|win|geardox
|raw|geardox's rating: 1137 → 1168(+31 for winning)
|raw|randomguy1114s's rating: 1229 → 1198(-31 for losing)
|c|☆geardox|ggs
