|j|☆afkchampion2
|j|☆Welosethose!
|html|afkchampion2Welosethose!    
|uhtml|bestof|Game 2 of a best-of-3
|t:|1757009526
|gametype|doubles
|player|p1|afkchampion2|101|1235
|player|p2|Welosethose!|hilbert|1142
|gen|9
|tier|[Gen 9] VGC 2025 Reg H (Bo3)
|rated|
|rule|Species Clause: Limit one of each Pokémon
|rule|Item Clause: Limit 1 of each item
|clearpoke
|poke|p1|Ninetales-Alola, L50, M|
|poke|p1|Rillaboom, L50, F|
|poke|p1|Sneasler, L50, M|
|poke|p1|Kingambit, L50, M|
|poke|p1|Basculegion, L50, M|
|poke|p1|Magmar, L50, M|
|poke|p2|Incineroar, L50, F|
|poke|p2|Archaludon, L50, M|
|poke|p2|Amoonguss, L50, M|
|poke|p2|Whimsicott, L50, F|
|poke|p2|Dragapult, L50, M|
|poke|p2|Gholdengo, L50|
|teampreview|4
|showteam|p1|Ninetales-Alola||NeverMeltIce|SnowWarning|Blizzard,FreezeDry,Encore,Protect|||M|||50|,,,,,Ghost]Rillaboom||AssaultVest|GrassySurge|WoodHammer,GrassyGlide,HighHorsepower,FakeOut|||F|||50|,,,,,Ghost]Sneasler||FocusSash|PoisonTouch|DireClaw,CloseCombat,FakeOut,Protect|||M|||50|,,,,,Ghost]Kingambit||BlackGlasses|Defiant|KowtowCleave,SuckerPunch,SwordsDance,Protect|||M|||50|,,,,,Fire]Basculegion||ChoiceScarf|Adaptability|WaveCrash,FlipTurn,TeraBlast,LastRespects|||M|||50|,,,,,Fighting]Magmar||Eviolite|VitalSpirit|HeatWave,Taunt,FollowMe,Protect|||M|||50|,,,,,Ghost
|showteam|p2|Incineroar||SafetyGoggles|Intimidate|FakeOut,FlareBlitz,KnockOff,PartingShot|||F|||50|,,,,,Ghost]Archaludon||PowerHerb|Stalwart|ElectroShot,DracoMeteor,Thunderbolt,Protect|||M|||50|,,,,,Electric]Amoonguss||SitrusBerry|Regenerator|RagePowder,Spore,ClearSmog,Protect|||M|||50|,,,,,Psychic]Whimsicott||FocusSash|Prankster|Tailwind,Moonblast,Endeavor,Encore|||F|||50|,,,,,Ghost]Dragapult||ChoiceBand|ClearBody|DragonDarts,Outrage,TeraBlast,Uturn|||M|||50|,,,,,Ghost]Gholdengo||LifeOrb|GoodasGold|MakeItRain,DazzlingGleam,NastyPlot,Protect||||||50|,,,,,Fairy
|inactive|Battle timer is ON: inactive players will automatically lose when time's up. (requested by afkchampion2)
|
|t:|1757009547
|teamsize|p1|4
|teamsize|p2|4
|start
|switch|p1a: Sneasler|Sneasler, L50, M|100/100
|switch|p1b: Kingambit|Kingambit, L50, M|100/100
|switch|p2a: Amoonguss|Amoonguss, L50, M|100/100
|switch|p2b: Archaludon|Archaludon, L50, M|100/100
|turn|1
|
|t:|1757009572
|switch|p1b: Magmar|Magmar, L50, M|100/100
|move|p1a: Sneasler|Fake Out|p2a: Amoonguss
|-damage|p2a: Amoonguss|87/100
|move|p2b: Archaludon|Electro Shot||[still]
|-prepare|p2b: Archaludon|Electro Shot
|-boost|p2b: Archaludon|spa|1
|-enditem|p2b: Archaludon|Power Herb
|-anim|p2b: Archaludon|Electro Shot|p1b: Magmar
|-damage|p1b: Magmar|48/100
|cant|p2a: Amoonguss|flinch
|
|upkeep
|turn|2
|inactive|afkchampion2 has 30 seconds left.
|inactive|Welosethose! has 30 seconds left.
|inactive|afkchampion2 has 20 seconds left.
|inactive|afkchampion2 has 15 seconds left.
|inactive|afkchampion2 has 10 seconds left.
|
|t:|1757009621
|switch|p2a: Dragapult|Dragapult, L50, M|100/100
|-terastallize|p2b: Archaludon|Electric
|move|p1a: Sneasler|Dire Claw|p2a: Dragapult
|-resisted|p2a: Dragapult
|-damage|p2a: Dragapult|74/100
|-status|p2a: Dragapult|psn|[from] ability: Poison Touch|[of] p1a: Sneasler
|move|p2b: Archaludon|Thunderbolt|p1a: Sneasler
|-damage|p1a: Sneasler|6/100
|move|p1b: Magmar|Taunt|p2a: Dragapult
|-start|p2a: Dragapult|move: Taunt
|
|-damage|p2a: Dragapult|61/100 psn|[from] psn
|upkeep
|turn|3
|inactive|Welosethose! has 30 seconds left.
|inactive|Welosethose! has 20 seconds left.
|inactive|Welosethose! has 15 seconds left.
|
|t:|1757009665
|move|p1b: Magmar|Follow Me|p1b: Magmar
|-singleturn|p1b: Magmar|move: Follow Me
|move|p2a: Dragapult|U-turn|p1b: Magmar
|-resisted|p1b: Magmar
|-damage|p1b: Magmar|36/100
|
|t:|1757009668
|switch|p2a: Amoonguss|Amoonguss, L50, M|100/100|[from] U-turn
|move|p1a: Sneasler|Dire Claw|p2b: Archaludon
|-damage|p2b: Archaludon|62/100
|-status|p2b: Archaludon|slp
|cant|p2b: Archaludon|slp
|
|upkeep
|turn|4
|c|☆Welosethose!|bruh
|
|t:|1757009692
|switch|p2a: Dragapult|Dragapult, L50, M|61/100 psn
|move|p1a: Sneasler|Dire Claw|p2a: Dragapult
|-resisted|p2a: Dragapult
|-damage|p2a: Dragapult|32/100 psn
|cant|p2b: Archaludon|slp
|move|p1b: Magmar|Heat Wave|p2b: Archaludon|[spread] p2a,p2b
|-resisted|p2a: Dragapult
|-damage|p2a: Dragapult|15/100 psn
|-damage|p2b: Archaludon|26/100 slp
|
|-damage|p2a: Dragapult|3/100 psn|[from] psn
|upkeep
|turn|5
|
|t:|1757009715
|move|p1a: Sneasler|Protect|p1a: Sneasler
|-singleturn|p1a: Sneasler|Protect
|-curestatus|p2b: Archaludon|slp|[msg]
|move|p2b: Archaludon|Protect|p2b: Archaludon
|-singleturn|p2b: Archaludon|Protect
|move|p1b: Magmar|Protect|p1b: Magmar
|-singleturn|p1b: Magmar|Protect
|move|p2a: Dragapult|Outrage|p1a: Sneasler
|-activate|p1a: Sneasler|move: Protect
|
|-damage|p2a: Dragapult|0 fnt|[from] psn
|faint|p2a: Dragapult
|upkeep
|
|t:|1757009729
|switch|p2a: Amoonguss|Amoonguss, L50, M|100/100
|turn|6
|
|t:|1757009743
|move|p2a: Amoonguss|Rage Powder|p2a: Amoonguss
|-singleturn|p2a: Amoonguss|move: Rage Powder
|move|p1a: Sneasler|Dire Claw|p2a: Amoonguss
|-crit|p2a: Amoonguss
|-damage|p2a: Amoonguss|46/100
|-status|p2a: Amoonguss|slp
|-enditem|p2a: Amoonguss|Sitrus Berry|[eat]
|-heal|p2a: Amoonguss|71/100 slp|[from] item: Sitrus Berry
|move|p2b: Archaludon|Thunderbolt|p1a: Sneasler
|-damage|p1a: Sneasler|0 fnt
|faint|p1a: Sneasler
|move|p1b: Magmar|Taunt|p2a: Amoonguss
|-start|p2a: Amoonguss|move: Taunt
|
|upkeep
|
|t:|1757009755
|switch|p1a: Basculegion|Basculegion, L50, M|100/100
|turn|7
|c|☆Welosethose!|im just the worse player ig
|
|t:|1757009774
|move|p2b: Archaludon|Protect|p2b: Archaludon
|-singleturn|p2b: Archaludon|Protect
|move|p1a: Basculegion|Last Respects|p2b: Archaludon
|-activate|p2b: Archaludon|move: Protect
|move|p1b: Magmar|Heat Wave|p2b: Archaludon|[spread] p2a
|-activate|p2b: Archaludon|move: Protect
|-supereffective|p2a: Amoonguss
|-damage|p2a: Amoonguss|35/100 slp
|cant|p2a: Amoonguss|slp
|
|upkeep
|turn|8
|
|t:|1757009786
|move|p2b: Archaludon|Protect|p2b: Archaludon
|-singleturn|p2b: Archaludon|Protect
|move|p1a: Basculegion|Last Respects|p2b: Archaludon
|-activate|p2b: Archaludon|move: Protect
|move|p1b: Magmar|Heat Wave|p2a: Amoonguss|[spread] p2a
|-activate|p2b: Archaludon|move: Protect
|-supereffective|p2a: Amoonguss
|-damage|p2a: Amoonguss|0 fnt
|faint|p2a: Amoonguss
|
|upkeep
|
|t:|1757009793
|switch|p2a: Golden sins|Gholdengo, L50, shiny|100/100
|turn|9
|
|t:|1757009806
|move|p2b: Archaludon|Protect||[still]
|-fail|p2b: Archaludon
|move|p1b: Magmar|Follow Me|p1b: Magmar
|-singleturn|p1b: Magmar|move: Follow Me
|move|p1a: Basculegion|Last Respects|p2b: Archaludon
|-damage|p2b: Archaludon|0 fnt
|faint|p2b: Archaludon
|move|p2a: Golden sins|Nasty Plot|p2a: Golden sins
|-boost|p2a: Golden sins|spa|2
|
|upkeep
|turn|10
|
|t:|1757009817
|move|p1a: Basculegion|Last Respects|p2a: Golden sins
|-supereffective|p2a: Golden sins
|-damage|p2a: Golden sins|0 fnt
|faint|p2a: Golden sins
|
|win|afkchampion2
|raw|afkchampion2's rating: 1235 → 1253(+18 for winning)
|raw|Welosethose!'s rating: 1142 → 1124(-18 for losing)
|c|☆Welosethose!|ggwp
|c|☆afkchampion2|gg
|c|☆afkchampion2|srry for sleep hax
|l|☆afkchampion2
|player|p1|
