|j|☆Dr. FwiFwi
|j|☆FerKillerVGC
|html|Dr. FwiFwiFerKillerVGC    
|uhtml|bestof|Game 2 of a best-of-3
|t:|1782183792
|gametype|doubles
|player|p1|Dr. FwiFwi|101|1042
|player|p2|FerKillerVGC|102|1040
|gen|9
|tier|[Gen 9 Champions] VGC 2026 Reg M-B (Bo3)
|rated|
|rule|Species Clause: Limit one of each Pokémon
|rule|Item Clause: Limit 1 of each item
|clearpoke
|poke|p1|Sinistcha, L50|
|poke|p1|Corviknight, L50, M, shiny|
|poke|p1|Scrafty, L50, M, shiny|
|poke|p1|Hippowdon, L50, M, shiny|
|poke|p1|Toxapex, L50, F, shiny|
|poke|p1|Sableye, L50, M|
|poke|p2|Snorlax, L50, F|
|poke|p2|Sableye, L50, F|
|poke|p2|Armarouge, L50, F|
|poke|p2|Clefable, L50, M|
|poke|p2|Kingambit, L50, M|
|poke|p2|Venusaur, L50, M|
|teampreview|4
|showteam|p1|Sinistcha||SitrusBerry|Hospitality|MatchaGotcha,StrengthSap,RagePowder,Protect|Calm|||||50|]Corviknight||OccaBerry|MirrorArmor|BodyPress,IronDefense,Protect,Roost|Impish||M|||50|]Scrafty||Scraftinite|Intimidate|Protect,DrainPunch,KnockOff,FakeOut|Impish||M|||50|]Hippowdon||PasshoBerry|SandStream|Earthquake,SlackOff,Yawn,Protect|Impish||M|||50|]Toxapex||Leftovers|Regenerator|Toxic,Infestation,Recover,BanefulBunker|Bold||F|||50|]Sableye||LightClay|Prankster|LightScreen,Reflect,Recover,WillOWisp|Careful||M|||50|
|showteam|p2|Snorlax||SitrusBerry|ThickFat|Facade,BodyPress,Stockpile,Recycle|Impish||F|||50|]Sableye||RoseliBerry|Prankster|FoulPlay,WillOWisp,Quash,FakeOut|Careful||F|||50|]Armarouge||FocusSash|FlashFire|HeatWave,Psychic,WideGuard,TrickRoom|Quiet||F|||50|]Clefable||Clefablite|Unaware|Moonblast,Flamethrower,FollowMe,Protect|Bold||M|||50|]Kingambit||BlackGlasses|Defiant|KowtowCleave,IronHead,SuckerPunch,Protect|Adamant||M|||50|]Venusaur||Venusaurite|Chlorophyll|SludgeBomb,GigaDrain,EarthPower,Protect|Modest||M|||50|
|inactive|Battle timer is ON: inactive players will automatically lose when time's up. (requested by Dr. FwiFwi)
|
|t:|1782183813
|teamsize|p1|4
|teamsize|p2|4
|start
|switch|p1a: Corviknight|Corviknight, L50, M, shiny|100/100
|switch|p1b: Sableye|Sableye, L50, M|100/100
|switch|p2a: Clefable|Clefable, L50, M|100/100
|switch|p2b: Venusaur|Venusaur, L50, M|100/100
|turn|1
|inactive|FerKillerVGC has 30 seconds left.
|
|t:|1782183846
|switch|p2b: Armarouge|Armarouge, L50, F|100/100
|detailschange|p2a: Clefable|Clefable-Mega, L50, M
|-mega|p2a: Clefable|Clefable|Clefablite
|move|p1b: Sableye|Light Screen|p1b: Sableye
|-sidestart|p1: Dr. FwiFwi|move: Light Screen
|move|p2a: Clefable|Flamethrower|p1a: Corviknight
|-supereffective|p1a: Corviknight|1
|-enditem|p1a: Corviknight|Occa Berry|[eat]
|-enditem|p1a: Corviknight|Occa Berry|[weaken]
|-damage|p1a: Corviknight|82/100
|move|p1a: Corviknight|Iron Defense|p1a: Corviknight
|-boost|p1a: Corviknight|def|2
|
|upkeep
|turn|2
|inactive|Dr. FwiFwi has 30 seconds left.
|inactive|Dr. FwiFwi has 20 seconds left.
|inactive|Dr. FwiFwi has 15 seconds left.
|inactive|Dr. FwiFwi has 10 seconds left.
|
|t:|1782183894
|switch|p1b: Scrafty|Scrafty, L50, M, shiny|100/100
|-ability|p1b: Scrafty|Intimidate|boost
|-unboost|p2a: Clefable|atk|1
|-unboost|p2b: Armarouge|atk|1
|move|p2a: Clefable|Flamethrower|p1a: Corviknight
|-supereffective|p1a: Corviknight|1
|-damage|p1a: Corviknight|45/100
|move|p1a: Corviknight|Iron Defense|p1a: Corviknight
|-boost|p1a: Corviknight|def|2
|move|p2b: Armarouge|Heat Wave|p1a: Corviknight|[spread] p1a,p1b
|-supereffective|p1a: Corviknight|1
|-damage|p1a: Corviknight|0 fnt
|-damage|p1b: Scrafty|79/100
|faint|p1a: Corviknight
|
|upkeep
|
|t:|1782183909
|switch|p1a: Sableye|Sableye, L50, M|100/100
|turn|3
|
|t:|1782183925
|switch|p1a: Sinistcha|Sinistcha, L50|100/100
|-heal|p1b: Scrafty|100/100|[from] ability: Hospitality|[of] p1a: Sinistcha
|detailschange|p1b: Scrafty|Scrafty-Mega, L50, M, shiny
|-mega|p1b: Scrafty|Scrafty|Scraftinite
|-ability|p1b: Scrafty|Intimidate|boost
|-unboost|p2a: Clefable|atk|1
|-unboost|p2b: Armarouge|atk|1
|move|p2a: Clefable|Moonblast|p1b: Scrafty
|-supereffective|p1b: Scrafty|2
|-damage|p1b: Scrafty|20/100y
|move|p1b: Scrafty|Knock Off|p2b: Armarouge
|-supereffective|p2b: Armarouge|1
|-damage|p2b: Armarouge|21/100
|-enditem|p2b: Armarouge|Focus Sash|[from] move: Knock Off|[of] p1b: Scrafty
|move|p2b: Armarouge|Heat Wave|p1a: Sinistcha|[spread] p1a,p1b
|-supereffective|p1a: Sinistcha|1
|-damage|p1a: Sinistcha|52/100
|-damage|p1b: Scrafty|1/100
|
|upkeep
|turn|4
|inactive|Dr. FwiFwi has 30 seconds left.
|
|t:|1782183957
|switch|p1a: Sableye|Sableye, L50, M|100/100
|move|p1b: Scrafty|Protect|p1b: Scrafty
|-singleturn|p1b: Scrafty|Protect
|move|p2a: Clefable|Follow Me|p2a: Clefable
|-singleturn|p2a: Clefable|move: Follow Me
|move|p2b: Armarouge|Heat Wave|p1b: Scrafty|[spread] p1a
|-activate|p1b: Scrafty|move: Protect
|-damage|p1a: Sableye|71/100
|
|upkeep
|turn|5
|inactive|Dr. FwiFwi has 30 seconds left.
|
|t:|1782183987
|switch|p1a: Sinistcha|Sinistcha, L50|52/100
|-heal|p1b: Scrafty|26/100|[from] ability: Hospitality|[of] p1a: Sinistcha
|move|p2a: Clefable|Moonblast|p1b: Scrafty
|-supereffective|p1b: Scrafty|2
|-damage|p1b: Scrafty|0 fnt
|faint|p1b: Scrafty
|move|p2b: Armarouge|Heat Wave|p1a: Sinistcha
|-supereffective|p1a: Sinistcha|1
|-crit|p1a: Sinistcha
|-damage|p1a: Sinistcha|0 fnt
|faint|p1a: Sinistcha
|
|upkeep
|-message|Dr. FwiFwi forfeited.
|
|win|FerKillerVGC
|raw|Dr. FwiFwi's rating: 1042 → 1026(-16 for losing)
|raw|FerKillerVGC's rating: 1040 → 1074(+34 for winning)
|l|☆Dr. FwiFwi
|player|p1|
|c|☆FerKillerVGC|ggwp
