|j|☆PatuDucc
|j|☆DibraldinhoVGC
|html|PatuDuccDibraldinhoVGC    
|uhtml|bestof|Game 3 of a best-of-3
|t:|1784684157
|gametype|doubles
|player|p1|PatuDucc|170|
|player|p2|DibraldinhoVGC|1|
|gen|9
|tier|[Gen 9 Champions] VGC 2026 Reg M-B (Bo3)
|rule|Species Clause: Limit one of each Pokémon
|rule|Item Clause: Limit 1 of each item
|clearpoke
|poke|p1|Delphox, L50, M, shiny|
|poke|p1|Sneasler, L50, M|
|poke|p1|Blastoise, L50, F|
|poke|p1|Incineroar, L50, F, shiny|
|poke|p1|Sinistcha, L50|
|poke|p1|Kingambit, L50, F, shiny|
|poke|p2|Grimmsnarl, L50, M, shiny|
|poke|p2|Pelipper, L50, M|
|poke|p2|Archaludon, L50, M|
|poke|p2|Venusaur, L50, F|
|poke|p2|Charizard, L50, M, shiny|
|poke|p2|Basculegion, L50, M|
|teampreview|4
|showteam|p1|Delphox||Delphoxite|Blaze|HeatWave,Psyshock,NastyPlot,Protect|Timid||M|||50|]Sneasler||FocusSash|Unburden|FakeOut,DireClaw,CloseCombat,QuickGuard|Jolly||M|||50|]Blastoise||Blastoisinite|Torrent|WaterSpout,DarkPulse,ShellSmash,Protect|Modest||F|||50|]Incineroar||SitrusBerry|Intimidate|FakeOut,FlareBlitz,ThroatChop,PartingShot|Relaxed||F|||50|]Sinistcha||KasibBerry|Hospitality|RagePowder,MatchaGotcha,TrickRoom,Imprison|Bold|||||50|]Kingambit||BlackGlasses|Defiant|IronHead,KowtowCleave,SuckerPunch,Protect|Adamant||F|||50|
|showteam|p2|Grimmsnarl||LightClay|Prankster|SpiritBreak,PartingShot,Reflect,LightScreen|Sassy||M|||50|]Pelipper||SitrusBerry|Drizzle|Hurricane,WeatherBall,Tailwind,WideGuard|Modest||M|||50|]Archaludon||Leftovers|Stamina|ElectroShot,DragonPulse,FlashCannon,Protect|Modest||M|||50|]Venusaur||FocusSash|Chlorophyll|SludgeBomb,EarthPower,SleepPowder,Protect|Modest||F|||50|]Charizard||CharizarditeY|Blaze|HeatWave,WeatherBall,SolarBeam,Protect|Modest||M|||50|]Basculegion||ChoiceScarf|Adaptability|WaveCrash,LastRespects,FlipTurn,AquaJet|Jolly||M|||50|
|
|t:|1784684195
|teamsize|p1|4
|teamsize|p2|4
|start
|switch|p1a: GustavoGómez|Incineroar, L50, F, shiny|100/100
|switch|p1b: Endrick|Blastoise, L50, F|100/100
|switch|p2a: Charizard|Charizard, L50, M, shiny|100/100
|switch|p2b: Venusaur|Venusaur, L50, F|100/100
|-ability|p1a: GustavoGómez|Intimidate|boost
|-unboost|p2a: Charizard|atk|1
|-unboost|p2b: Venusaur|atk|1
|turn|1
|
|t:|1784684230
|detailschange|p2a: Charizard|Charizard-Mega-Y, L50, M, shiny
|-mega|p2a: Charizard|Charizard|Charizardite Y
|-weather|SunnyDay|[from] ability: Drought|[of] p2a: Charizard
|detailschange|p1b: Endrick|Blastoise-Mega, L50, F
|-mega|p1b: Endrick|Blastoise|Blastoisinite
|move|p1b: Endrick|Protect|p1b: Endrick
|-singleturn|p1b: Endrick|Protect
|move|p2b: Venusaur|Sleep Powder|p1b: Endrick
|-activate|p1b: Endrick|move: Protect
|move|p2a: Charizard|Solar Beam||[still]
|-prepare|p2a: Charizard|Solar Beam
|-anim|p2a: Charizard|Solar Beam|p1b: Endrick
|-activate|p1b: Endrick|move: Protect
|move|p1a: GustavoGómez|Flare Blitz|p2b: Venusaur
|-supereffective|p2b: Venusaur|1
|-enditem|p2b: Venusaur|Focus Sash
|-damage|p2b: Venusaur|1/100
|-status|p2b: Venusaur|brn
|-damage|p1a: GustavoGómez|74/100|[from] Recoil
|
|-weather|SunnyDay|[upkeep]
|-damage|p2b: Venusaur|0 fnt|[from] brn
|faint|p2b: Venusaur
|upkeep
|
|t:|1784684257
|switch|p2b: Basculegion|Basculegion, L50, M|100/100
|turn|2
|
|t:|1784684298
|switch|p1b: Estêvão|Sneasler, L50, M|100/100
|move|p2b: Basculegion|Wave Crash|p1a: GustavoGómez
|-supereffective|p1a: GustavoGómez|1
|-damage|p1a: GustavoGómez|15/100
|-enditem|p1a: GustavoGómez|Sitrus Berry|[eat]
|-heal|p1a: GustavoGómez|40/100|[from] item: Sitrus Berry
|-damage|p2b: Basculegion|79/100|[from] Recoil
|move|p2a: Charizard|Solar Beam||[still]
|-prepare|p2a: Charizard|Solar Beam
|-anim|p2a: Charizard|Solar Beam|p1b: Estêvão
|-resisted|p1b: Estêvão|1
|-damage|p1b: Estêvão|66/100
|move|p1a: GustavoGómez|Parting Shot|p2a: Charizard
|-unboost|p2a: Charizard|atk|1
|-unboost|p2a: Charizard|spa|1
|
|t:|1784684313
|switch|p1a: Endrick|Blastoise-Mega, L50, F|100/100|[from] Parting Shot
|
|-weather|SunnyDay|[upkeep]
|upkeep
|turn|3
|
|t:|1784684343
|switch|p2a: Pelipper|Pelipper, L50, M|100/100
|-weather|RainDance|[from] ability: Drizzle|[of] p2a: Pelipper
|move|p1b: Estêvão|Fake Out|p2a: Pelipper
|-damage|p2a: Pelipper|85/100
|move|p2b: Basculegion|Wave Crash|p1a: Endrick
|-resisted|p1a: Endrick|1
|-damage|p1a: Endrick|42/100
|-damage|p2b: Basculegion|64/100|[from] Recoil
|move|p1a: Endrick|Shell Smash|p1a: Endrick
|-unboost|p1a: Endrick|def|1
|-unboost|p1a: Endrick|spd|1
|-boost|p1a: Endrick|atk|2
|-boost|p1a: Endrick|spa|2
|-boost|p1a: Endrick|spe|2
|
|-weather|RainDance|[upkeep]
|upkeep
|turn|4
|
|t:|1784684412
|switch|p2b: Charizard|Charizard-Mega-Y, L50, M, shiny|100/100
|-weather|SunnyDay|[from] ability: Drought|[of] p2b: Charizard
|move|p1a: Endrick|Dark Pulse|p2b: Charizard
|-damage|p2b: Charizard|12/100
|move|p1b: Estêvão|Dire Claw|p2a: Pelipper
|-damage|p2a: Pelipper|40/100
|-status|p2a: Pelipper|slp
|-enditem|p2a: Pelipper|Sitrus Berry|[eat]
|-heal|p2a: Pelipper|64/100 slp|[from] item: Sitrus Berry
|cant|p2a: Pelipper|slp
|
|-weather|SunnyDay|[upkeep]
|upkeep
|turn|5
|
|t:|1784684470
|move|p2b: Charizard|Protect|p2b: Charizard
|-singleturn|p2b: Charizard|Protect
|move|p1a: Endrick|Dark Pulse|p2b: Charizard
|-activate|p2b: Charizard|move: Protect
|move|p1b: Estêvão|Dire Claw|p2a: Pelipper
|-damage|p2a: Pelipper|19/100 slp
|cant|p2a: Pelipper|slp
|
|-weather|SunnyDay|[upkeep]
|upkeep
|turn|6
|
|t:|1784684527
|-curestatus|p2a: Pelipper|slp|[msg]
|move|p2a: Pelipper|Wide Guard|p2a: Pelipper
|-singleturn|p2a: Pelipper|Wide Guard
|move|p1a: Endrick|Dark Pulse|p2b: Charizard
|-damage|p2b: Charizard|0 fnt
|faint|p2b: Charizard
|move|p1b: Estêvão|Dire Claw|p2a: Pelipper
|-damage|p2a: Pelipper|0 fnt
|faint|p2a: Pelipper
|
|-weather|SunnyDay|[upkeep]
|upkeep
|
|t:|1784684539
|switch|p2b: Basculegion|Basculegion, L50, M|64/100
|turn|7
|
|t:|1784684559
|move|p1a: Endrick|Dark Pulse|p2b: Basculegion
|-supereffective|p2b: Basculegion|1
|-damage|p2b: Basculegion|0 fnt
|faint|p2b: Basculegion
|
|win|PatuDucc
