|j|☆voidgod050
|j|☆KUTF1
|html|voidgod050KUTF1    
|uhtml|bestof|Game 2 of a best-of-3
|t:|1782685243
|gametype|doubles
|player|p1|voidgod050|richboy-gen4|1000
|player|p2|KUTF1|pokemonbreederf-gen4|1053
|gen|9
|tier|[Gen 9 Champions] VGC 2026 Reg M-B (Bo3)
|rated|
|rule|Species Clause: Limit one of each Pokémon
|rule|Item Clause: Limit 1 of each item
|clearpoke
|poke|p1|Dragapult, L50, M, shiny|
|poke|p1|Sylveon, L50, M, shiny|
|poke|p1|Toxapex, L50, M, shiny|
|poke|p1|Gengar, L50, M, shiny|
|poke|p1|Alakazam, L50, M, shiny|
|poke|p1|Palafin, L50, M, shiny|
|poke|p2|Raichu, L50, M|
|poke|p2|Clefable, L50, F|
|poke|p2|Mamoswine, L50, M|
|poke|p2|Ditto, L50|
|poke|p2|Musharna, L50, F|
|poke|p2|Whimsicott, L50, M|
|teampreview|4
|showteam|p1|Dragapult||MentalHerb|CursedBody|Round,DragonPulse,Agility,ShadowBall|Modest||M|||50|]Sylveon||FairyFeather|Pixilate|Round,HyperVoice,Detect,HyperBeam|Modest||M|||50|]Toxapex||SitrusBerry|Regenerator|BanefulBunker,Infestation,WideGuard,ChillingWater|Modest||M|||50|]Gengar||Gengarite|CursedBody|Venoshock,ShadowBall,Disable,NastyPlot|Timid||M|||50|]Alakazam||Alakazite|Synchronize|CalmMind,Encore,Psychic,Round|Timid||M|||50|]Palafin||MysticWater|ZerotoHero|JetPunch,Agility,Waterfall,Protect|Adamant||M|||50|
|showteam|p2|Raichu||RaichuniteY|LightningRod|ZapCannon,Protect,FakeOut,FocusBlast|Timid||M|||50|]Clefable||Clefablite|MagicGuard|DazzlingGleam,Protect,CalmMind,Flamethrower|Modest||F|||50|]Mamoswine||FocusSash|Oblivious|Earthquake,Protect,IcicleCrash,IceShard|Jolly||M|||50|]Ditto||ChoiceScarf|Imposter|Transform|Bold|||||50|]Musharna||ColburBerry|Telepathy|Psychic,Protect,TrickRoom,Moonblast|Relaxed||F|||50|]Whimsicott||MentalHerb|Prankster|Moonblast,Encore,Tailwind,Taunt|Timid||M|||50|
|inactive|Battle timer is ON: inactive players will automatically lose when time's up. (requested by KUTF1)
|inactive|voidgod050 also wants the timer to be on.
|
|t:|1782685272
|teamsize|p1|4
|teamsize|p2|4
|start
|switch|p1a: Alakazam|Alakazam, L50, M, shiny|100/100
|switch|p1b: Sylveon|Sylveon, L50, M, shiny|100/100
|switch|p2a: Squishmello|Musharna, L50, F|100/100
|switch|p2b: Laufey|Clefable, L50, F|100/100
|turn|1
|inactive|voidgod050 has 30 seconds left.
|
|t:|1782685299
|detailschange|p1a: Alakazam|Alakazam-Mega, L50, M, shiny
|-mega|p1a: Alakazam|Alakazam|Alakazite
|-ability|p1a: Alakazam|Telepathy|Trace|[from] ability: Trace|[of] p2a: Squishmello
|detailschange|p2b: Laufey|Clefable-Mega, L50, F
|-mega|p2b: Laufey|Clefable|Clefablite
|move|p1b: Sylveon|Detect|p1b: Sylveon
|-singleturn|p1b: Sylveon|Protect
|move|p1a: Alakazam|Calm Mind|p1a: Alakazam
|-boost|p1a: Alakazam|spa|1
|-boost|p1a: Alakazam|spd|1
|move|p2b: Laufey|Calm Mind|p2b: Laufey
|-boost|p2b: Laufey|spa|1
|-boost|p2b: Laufey|spd|1
|move|p2a: Squishmello|Trick Room|p2a: Squishmello
|-fieldstart|move: Trick Room|[of] p2a: Squishmello
|
|upkeep
|turn|2
|inactive|voidgod050 has 30 seconds left.
|
|t:|1782685325
|move|p2a: Squishmello|Moonblast|p1a: Alakazam
|-damage|p1a: Alakazam|81/100
|move|p1b: Sylveon|Hyper Voice|p2a: Squishmello|[spread] p2a,p2b
|-damage|p2a: Squishmello|59/100
|-damage|p2b: Laufey|73/100
|move|p2b: Laufey|Calm Mind|p2b: Laufey
|-boost|p2b: Laufey|spa|1
|-boost|p2b: Laufey|spd|1
|move|p1a: Alakazam|Encore|p2a: Squishmello
|-start|p2a: Squishmello|Encore
|
|upkeep
|turn|3
|inactive|voidgod050 has 30 seconds left.
|
|t:|1782685351
|move|p2a: Squishmello|Moonblast|p1a: Alakazam
|-damage|p1a: Alakazam|61/100
|-unboost|p1a: Alakazam|spa|1
|move|p1b: Sylveon|Round|p2a: Squishmello
|-damage|p2a: Squishmello|25/100
|move|p1a: Alakazam|Round|p2b: Laufey|[from] move: Round
|-damage|p2b: Laufey|48/100
|move|p2b: Laufey|Calm Mind|p2b: Laufey
|-boost|p2b: Laufey|spa|1
|-boost|p2b: Laufey|spd|1
|
|upkeep
|turn|4
|
|t:|1782685371
|move|p2a: Squishmello|Moonblast|p1b: Sylveon
|-damage|p1b: Sylveon|82/100
|move|p1b: Sylveon|Round|p2a: Squishmello
|-damage|p2a: Squishmello|0 fnt
|faint|p2a: Squishmello
|move|p1a: Alakazam|Round|p2b: Laufey|[from] move: Round
|-damage|p2b: Laufey|29/100
|move|p2b: Laufey|Dazzling Gleam|p1b: Sylveon|[spread] p1a,p1b
|-damage|p1a: Alakazam|0 fnt
|-damage|p1b: Sylveon|17/100
|faint|p1a: Alakazam
|
|upkeep
|
|t:|1782685386
|switch|p2a: Chiba|Mamoswine, L50, M|100/100
|switch|p1a: Toxapex|Toxapex, L50, M, shiny|100/100
|turn|5
|
|t:|1782685400
|move|p2b: Laufey|Protect|p2b: Laufey
|-singleturn|p2b: Laufey|Protect
|move|p2a: Chiba|Protect|p2a: Chiba
|-singleturn|p2a: Chiba|Protect
|move|p1a: Toxapex|Wide Guard|p1a: Toxapex
|-singleturn|p1a: Toxapex|Wide Guard
|move|p1b: Sylveon|Hyper Beam|p2a: Chiba
|-activate|p2a: Chiba|move: Protect
|
|-fieldend|move: Trick Room
|upkeep
|turn|6
|
|t:|1782685419
|move|p1a: Toxapex|Baneful Bunker|p1a: Toxapex
|-singleturn|p1a: Toxapex|move: Protect
|move|p2a: Chiba|Icicle Crash|p1b: Sylveon
|-damage|p1b: Sylveon|0 fnt
|faint|p1b: Sylveon
|move|p2b: Laufey|Calm Mind|p2b: Laufey
|-boost|p2b: Laufey|spa|1
|-boost|p2b: Laufey|spd|1
|
|upkeep
|
|t:|1782685428
|switch|p1b: Dragapult|Dragapult, L50, M, shiny|100/100
|turn|7
|
|t:|1782685448
|move|p2b: Laufey|Protect|p2b: Laufey
|-singleturn|p2b: Laufey|Protect
|move|p1b: Dragapult|Shadow Ball|p2a: Chiba
|-damage|p2a: Chiba|44/100
|move|p2a: Chiba|Icicle Crash|p1b: Dragapult|[miss]
|-miss|p2a: Chiba|p1b: Dragapult
|move|p1a: Toxapex|Infestation|p2b: Laufey
|-activate|p2b: Laufey|move: Protect
|
|upkeep
|turn|8
|
|t:|1782685463
|move|p1a: Toxapex|Wide Guard|p1a: Toxapex
|-singleturn|p1a: Toxapex|Wide Guard
|move|p2a: Chiba|Ice Shard|p1b: Dragapult
|-supereffective|p1b: Dragapult|1
|-damage|p1b: Dragapult|41/100
|move|p1b: Dragapult|Shadow Ball|p2a: Chiba
|-damage|p2a: Chiba|0 fnt
|faint|p2a: Chiba
|move|p2b: Laufey|Dazzling Gleam|p1b: Dragapult|[spread] 
|-activate|p1a: Toxapex|move: Wide Guard
|-activate|p1b: Dragapult|move: Wide Guard
|
|upkeep
|
|t:|1782685474
|switch|p2a: Derple|Ditto, L50|100/100
|-transform|p2a: Derple|p1b: Dragapult|[from] ability: Imposter
|turn|9
|
|t:|1782685490
|move|p1a: Toxapex|Baneful Bunker|p1a: Toxapex
|-singleturn|p1a: Toxapex|move: Protect
|move|p2a: Derple|Shadow Ball|p1b: Dragapult
|-supereffective|p1b: Dragapult|1
|-damage|p1b: Dragapult|0 fnt
|faint|p1b: Dragapult
|move|p2b: Laufey|Calm Mind|p2b: Laufey
|-boost|p2b: Laufey|spa|1
|-boost|p2b: Laufey|spd|1
|
|upkeep
|turn|10
|
|t:|1782685506
|move|p2a: Derple|Shadow Ball|p1a: Toxapex
|-damage|p1a: Toxapex|69/100
|move|p2b: Laufey|Dazzling Gleam|p1a: Toxapex
|-resisted|p1a: Toxapex|1
|-damage|p1a: Toxapex|0 fnt
|faint|p1a: Toxapex
|
|win|KUTF1
|raw|voidgod050's rating: 1000 → 1000(+0 for losing)
|raw|KUTF1's rating: 1053 → 1080(+27 for winning)
