|j|☆Roselia Sayo
|j|☆haymi1004
|html|Roselia Sayohaymi1004    
|uhtml|bestof|Game 2 of a best-of-3
|t:|1785417014
|gametype|doubles
|player|p1|Roselia Sayo|bellelba|
|player|p2|haymi1004|iono|
|gen|9
|tier|[Gen 9 Champions] VGC 2026 Reg M-B (Bo3)
|rule|Species Clause: Limit one of each Pokémon
|rule|Item Clause: Limit 1 of each item
|clearpoke
|poke|p1|Venusaur, L50, F|
|poke|p1|Froslass, L50, F|
|poke|p1|Pelipper, L50, F|
|poke|p1|Basculegion, L50, M|
|poke|p1|Grimmsnarl, L50, M|
|poke|p1|Archaludon, L50, F|
|poke|p2|Charizard, L50, M|
|poke|p2|Venusaur, L50, M|
|poke|p2|Pelipper, L50, M|
|poke|p2|Archaludon, L50, F|
|poke|p2|Grimmsnarl, L50, M|
|poke|p2|Basculegion, L50, M|
|teampreview|4
|showteam|p1|Venusaur||Venusaurite|Chlorophyll|GigaDrain,SludgeBomb,EarthPower,Protect|Modest||F|||50|]Froslass||Froslassite|CursedBody|Blizzard,ShadowBall,RainDance,Protect|Timid||F|||50|]Pelipper||ChoiceScarf|Drizzle|WeatherBall,Hurricane,Soak,RainDance|Timid||F|||50|]Basculegion||FocusSash|Adaptability|LastRespects,Liquidation,AquaJet,Protect|Jolly||M|||50|]Grimmsnarl||LightClay|Prankster|SpiritBreak,Reflect,LightScreen,PartingShot|Careful||M|||50|]Archaludon||Leftovers|Stamina|DragonPulse,FlashCannon,ElectroShot,Protect|Modest||F|||50|
|showteam|p2|Charizard||CharizarditeY|Blaze|HeatWave,WeatherBall,Hurricane,Protect|Modest||M|||50|]Venusaur||Venusaurite|Chlorophyll|GigaDrain,EarthPower,SludgeBomb,SleepPowder|Modest||M|||50|]Pelipper||SitrusBerry|Drizzle|WeatherBall,Hurricane,WideGuard,Tailwind|Modest||M|||50|]Archaludon||Leftovers|Stamina|DragonPulse,ElectroShot,FlashCannon,Protect|Modest||F|||50|]Grimmsnarl||LightClay|Prankster|FoulPlay,Reflect,LightScreen,PartingShot|Impish||M|||50|]Basculegion||ChoiceScarf|Adaptability|WaveCrash,LastRespects,AquaJet,FlipTurn|Jolly||M|||50|
|j| goodryan2630
|j| Edward0516
|j| 86test
|j| phoenix burner
|j| smallyeeaa
|j| test75683
|
|t:|1785417083
|teamsize|p1|4
|teamsize|p2|4
|start
|switch|p1a: Grimmsnarl|Grimmsnarl, L50, M|100/100
|switch|p1b: Archaludon|Archaludon, L50, F|100/100
|switch|p2a: Charizard|Charizard, L50, M|100/100
|switch|p2b: Grimmsnarl|Grimmsnarl, L50, M|100/100
|turn|1
|
|t:|1785417131
|detailschange|p2a: Charizard|Charizard-Mega-Y, L50, M
|-mega|p2a: Charizard|Charizard|Charizardite Y
|-weather|SunnyDay|[from] ability: Drought|[of] p2a: Charizard
|move|p2b: Grimmsnarl|Light Screen|p2b: Grimmsnarl
|-sidestart|p2: haymi1004|move: Light Screen
|move|p1a: Grimmsnarl|Light Screen|p1a: Grimmsnarl
|-sidestart|p1: Roselia Sayo|move: Light Screen
|move|p2a: Charizard|Weather Ball|p1b: Archaludon
|-damage|p1b: Archaludon|44/100
|-ability|p1b: Archaludon|Stamina|boost
|-boost|p1b: Archaludon|def|1
|move|p1b: Archaludon|Electro Shot||[still]
|-prepare|p1b: Archaludon|Electro Shot
|-boost|p1b: Archaludon|spa|1
|
|-weather|SunnyDay|[upkeep]
|-heal|p1b: Archaludon|50/100g|[from] item: Leftovers
|upkeep
|turn|2
|j| Tera Ozone
|
|t:|1785417184
|move|p2b: Grimmsnarl|Parting Shot|p1b: Archaludon
|-unboost|p1b: Archaludon|atk|1
|-unboost|p1b: Archaludon|spa|1
|
|t:|1785417188
|switch|p2b: Archaludon|Archaludon, L50, F|100/100|[from] Parting Shot
|move|p1a: Grimmsnarl|Parting Shot|p2a: Charizard
|-unboost|p2a: Charizard|atk|1
|-unboost|p2a: Charizard|spa|1
|
|t:|1785417193
|switch|p1a: Pelipper|Pelipper, L50, F|100/100|[from] Parting Shot
|-weather|RainDance|[from] ability: Drizzle|[of] p1a: Pelipper
|move|p2a: Charizard|Weather Ball|p1b: Archaludon
|-resisted|p1b: Archaludon|1
|-damage|p1b: Archaludon|37/100
|-ability|p1b: Archaludon|Stamina|boost
|-boost|p1b: Archaludon|def|1
|move|p1b: Archaludon|Electro Shot|p2b: Archaludon|[from] lockedmove
|-resisted|p2b: Archaludon|1
|-damage|p2b: Archaludon|86/100
|-ability|p2b: Archaludon|Stamina|boost
|-boost|p2b: Archaludon|def|1
|
|-weather|RainDance|[upkeep]
|-heal|p2b: Archaludon|92/100|[from] item: Leftovers
|-heal|p1b: Archaludon|43/100|[from] item: Leftovers
|upkeep
|turn|3
|
|t:|1785417229
|switch|p2a: Grimmsnarl|Grimmsnarl, L50, M|100/100
|move|p1a: Pelipper|Soak|p2b: Archaludon
|-start|p2b: Archaludon|typechange|Water
|move|p2b: Archaludon|Electro Shot||[still]
|-prepare|p2b: Archaludon|Electro Shot
|-boost|p2b: Archaludon|spa|1
|-anim|p2b: Archaludon|Electro Shot|p1a: Pelipper
|-supereffective|p1a: Pelipper|2
|-damage|p1a: Pelipper|0 fnt
|faint|p1a: Pelipper
|move|p1b: Archaludon|Electro Shot||[still]
|-prepare|p1b: Archaludon|Electro Shot
|-boost|p1b: Archaludon|spa|1
|-anim|p1b: Archaludon|Electro Shot|p2b: Archaludon
|-supereffective|p2b: Archaludon|1
|-damage|p2b: Archaludon|9/100
|-ability|p2b: Archaludon|Stamina|boost
|-boost|p2b: Archaludon|def|1
|
|-weather|RainDance|[upkeep]
|-heal|p2b: Archaludon|15/100|[from] item: Leftovers
|-heal|p1b: Archaludon|49/100|[from] item: Leftovers
|upkeep
|l| Edward0516
|
|t:|1785417248
|switch|p1a: Basculegion|Basculegion, L50, M|100/100
|turn|4
|
|t:|1785417290
|move|p1a: Basculegion|Last Respects|p2b: Archaludon
|-damage|p2b: Archaludon|0 fnt
|faint|p2b: Archaludon
|move|p1b: Archaludon|Dragon Pulse|p2a: Grimmsnarl
|-immune|p2a: Grimmsnarl
|move|p2a: Grimmsnarl|Foul Play|p1a: Basculegion
|-supereffective|p1a: Basculegion|1
|-enditem|p1a: Basculegion|Focus Sash
|-damage|p1a: Basculegion|1/100
|
|-weather|RainDance|[upkeep]
|-heal|p1b: Archaludon|55/100|[from] item: Leftovers
|upkeep
|j| BenBen84
|
|t:|1785417299
|switch|p2b: Charizard|Charizard-Mega-Y, L50, M|100/100
|-weather|SunnyDay|[from] ability: Drought|[of] p2b: Charizard
|turn|5
|j| Edward0516
|
|t:|1785417316
|move|p1a: Basculegion|Protect|p1a: Basculegion
|-singleturn|p1a: Basculegion|Protect
|move|p2b: Charizard|Weather Ball|p1b: Archaludon
|-damage|p1b: Archaludon|1/100
|-ability|p1b: Archaludon|Stamina|boost
|-boost|p1b: Archaludon|def|1
|move|p1b: Archaludon|Flash Cannon|p2a: Grimmsnarl
|-supereffective|p2a: Grimmsnarl|1
|-damage|p2a: Grimmsnarl|21/100
|move|p2a: Grimmsnarl|Foul Play|p1a: Basculegion
|-activate|p1a: Basculegion|move: Protect
|
|-weather|SunnyDay|[upkeep]
|-heal|p1b: Archaludon|6/100|[from] item: Leftovers
|upkeep
|turn|6
|-message|Roselia Sayo forfeited.
|
|win|haymi1004
|c|☆Roselia Sayo|謝謝指教
|c|☆haymi1004|謝謝指教
|l| test75683
|l| phoenix burner
|l| Edward0516
|l| BenBen84
|l|☆Roselia Sayo
|player|p1|
