|j|☆Zero_BlazeVGC
|j|☆sbhaga34
|html|Zero_BlazeVGCsbhaga34    
|uhtml|bestof|Game 2 of a best-of-3
|t:|1754774673
|gametype|doubles
|player|p1|Zero_BlazeVGC|flint|1282
|player|p2|sbhaga34|hugh|1244
|gen|9
|tier|[Gen 9] VGC 2025 Reg H (Bo3)
|rated|
|rule|Species Clause: Limit one of each Pokémon
|rule|Item Clause: Limit 1 of each item
|clearpoke
|poke|p1|Gholdengo, L50|
|poke|p1|Pelipper, L50, M|
|poke|p1|Basculegion, L50, M|
|poke|p1|Amoonguss, L50, F|
|poke|p1|Archaludon, L50, M|
|poke|p1|Incineroar, L50, M|
|poke|p2|Indeedee-F, L50, F|
|poke|p2|Corviknight, L50, F|
|poke|p2|Tyranitar, L50, M|
|poke|p2|Excadrill, L50, F|
|poke|p2|Gardevoir, L50, F|
|poke|p2|Incineroar, L50, M|
|teampreview|4
|showteam|p1|Gholdengo||LifeOrb|GoodasGold|Protect,NastyPlot,MakeItRain,ShadowBall||||||50|,,,,,Water]Pelipper||FocusSash|Drizzle|Protect,Tailwind,WeatherBall,Hurricane|||M|||50|,,,,,Stellar]Basculegion||ChoiceBand|SwiftSwim|AquaJet,WaveCrash,FlipTurn,LastRespects|||M|||50|,,,,,Fairy]Amoonguss||SitrusBerry|Regenerator|PollenPuff,Spore,RagePowder,Protect|||F|||50|,,,,,Fairy]Archaludon||AssaultVest|Stamina|ElectroShot,Snarl,FlashCannon,BodyPress|||M|||50|,,,,,Bug]Incineroar||SafetyGoggles|Intimidate|FakeOut,KnockOff,PartingShot,Taunt|||M|||50|,,,,,Ghost
|showteam|p2|Indeedee-F||SafetyGoggles|PsychicSurge|FollowMe,TrickRoom,Imprison,Psychic|||F|||50|,,,,,Water]Corviknight||CovertCloak|MirrorArmor|BraveBird,BodyPress,BulkUp,Tailwind|||F|||50|,,,,,Fighting]Tyranitar||WeaknessPolicy|SandStream|RockSlide,KnockOff,LowKick,Protect|||M|||50|,,,,,Flying]Excadrill||FocusSash|SandRush|Earthquake,IronHead,SwordsDance,Protect|||F|||50|,,,,,Ground]Gardevoir||ChoiceScarf|Telepathy|ExpandingForce,DazzlingGleam,Moonblast,IcyWind|||F|||50|,,,,,Psychic]Incineroar||AssaultVest|Intimidate|FakeOut,FlareBlitz,KnockOff,Uturn|||M|||50|,,,,,Grass
|inactive|Battle timer is ON: inactive players will automatically lose when time's up. (requested by sbhaga34)
|
|t:|1754774702
|teamsize|p1|4
|teamsize|p2|4
|start
|switch|p1a: Metalman|Archaludon, L50, M|100/100
|switch|p1b: Berry Delite|Pelipper, L50, M|100/100
|switch|p2a: Indeedee|Indeedee-F, L50, F|100/100
|switch|p2b: Excadrill|Excadrill, L50, F, shiny|100/100
|-weather|RainDance|[from] ability: Drizzle|[of] p1b: Berry Delite
|-fieldstart|move: Psychic Terrain|[from] ability: Psychic Surge|[of] p2a: Indeedee
|turn|1
|inactive|sbhaga34 has 30 seconds left.
|
|t:|1754774730
|switch|p2b: Tyranitar|Tyranitar, L50, M|100/100
|-weather|Sandstorm|[from] ability: Sand Stream|[of] p2b: Tyranitar
|-terastallize|p1a: Metalman|Bug
|move|p1a: Metalman|Snarl|p2b: Tyranitar|[spread] p2a,p2b
|-supereffective|p2a: Indeedee
|-resisted|p2b: Tyranitar
|-damage|p2a: Indeedee|79/100
|-damage|p2b: Tyranitar|96/100
|-unboost|p2a: Indeedee|spa|1
|-unboost|p2b: Tyranitar|spa|1
|move|p1b: Berry Delite|Tailwind|p1b: Berry Delite
|-sidestart|p1: Zero_BlazeVGC|move: Tailwind
|move|p2a: Indeedee|Trick Room|p2a: Indeedee
|-fieldstart|move: Trick Room|[of] p2a: Indeedee
|
|-weather|Sandstorm|[upkeep]
|-damage|p1b: Berry Delite|95/100|[from] Sandstorm
|-damage|p1a: Metalman|94/100|[from] Sandstorm
|upkeep
|turn|2
|inactive|Zero_BlazeVGC has 30 seconds left.
|
|t:|1754774762
|move|p1b: Berry Delite|Protect|p1b: Berry Delite
|-singleturn|p1b: Berry Delite|Protect
|move|p2b: Tyranitar|Rock Slide|p1a: Metalman|[spread] p1a
|-activate|p1b: Berry Delite|move: Protect
|-supereffective|p1a: Metalman
|-damage|p1a: Metalman|38/100
|-ability|p1a: Metalman|Stamina|boost
|-boost|p1a: Metalman|def|1
|move|p2a: Indeedee|Psychic|p1a: Metalman
|-damage|p1a: Metalman|18/100
|-ability|p1a: Metalman|Stamina|boost
|-boost|p1a: Metalman|def|1
|cant|p1a: Metalman|flinch
|
|-weather|Sandstorm|[upkeep]
|-damage|p1b: Berry Delite|89/100|[from] Sandstorm
|-damage|p1a: Metalman|12/100|[from] Sandstorm
|upkeep
|turn|3
|inactive|Zero_BlazeVGC has 30 seconds left.
|inactive|sbhaga34 has 30 seconds left.
|
|t:|1754774791
|switch|p1b: Omega|Gholdengo, L50|100/100
|move|p2b: Tyranitar|Rock Slide|p1b: Omega|[spread] p1a,p1b
|-supereffective|p1a: Metalman
|-resisted|p1b: Omega
|-damage|p1a: Metalman|0 fnt
|-damage|p1b: Omega|83/100
|faint|p1a: Metalman
|move|p2a: Indeedee|Psychic|p1b: Omega
|-resisted|p1b: Omega
|-damage|p1b: Omega|68/100
|
|-weather|Sandstorm|[upkeep]
|upkeep
|
|t:|1754774805
|switch|p1a: Berry Delite|Pelipper, L50, M|89/100
|-weather|RainDance|[from] ability: Drizzle|[of] p1a: Berry Delite
|turn|4
|inactive|sbhaga34 has 30 seconds left.
|
|t:|1754774835
|move|p2b: Tyranitar|Knock Off|p1b: Omega
|-supereffective|p1b: Omega
|-damage|p1b: Omega|0 fnt
|-enditem|p1b: Omega|Life Orb|[from] move: Knock Off|[of] p2b: Tyranitar
|faint|p1b: Omega
|move|p2a: Indeedee|Psychic|p1a: Berry Delite
|-damage|p1a: Berry Delite|42/100
|move|p1a: Berry Delite|Weather Ball|p2b: Tyranitar
|-supereffective|p2b: Tyranitar
|-damage|p2b: Tyranitar|0 fnt
|faint|p2b: Tyranitar
|
|-weather|RainDance|[upkeep]
|-sideend|p1: Zero_BlazeVGC|move: Tailwind
|upkeep
|
|t:|1754774849
|switch|p2b: Excadrill|Excadrill, L50, F, shiny|100/100
|switch|p1b: Oogie Boogie|Basculegion, L50, M|100/100
|turn|5
|inactive|Zero_BlazeVGC has 30 seconds left.
|
|t:|1754774877
|-terastallize|p2b: Excadrill|Ground
|move|p1a: Berry Delite|Protect|p1a: Berry Delite
|-singleturn|p1a: Berry Delite|Protect
|move|p2a: Indeedee|Psychic|p1b: Oogie Boogie
|-damage|p1b: Oogie Boogie|71/100
|-unboost|p1b: Oogie Boogie|spd|1
|move|p2b: Excadrill|Earthquake|p1b: Oogie Boogie|[spread] p2a,p1b
|-activate|p1a: Berry Delite|move: Protect
|-damage|p2a: Indeedee|13/100
|-damage|p1b: Oogie Boogie|0 fnt
|faint|p1b: Oogie Boogie
|
|-weather|RainDance|[upkeep]
|-fieldend|move: Trick Room
|-fieldend|move: Psychic Terrain
|upkeep
|turn|6
|
|t:|1754774893
|move|p2b: Excadrill|Iron Head|p1a: Berry Delite
|-resisted|p1a: Berry Delite
|-damage|p1a: Berry Delite|12/100
|move|p1a: Berry Delite|Weather Ball|p2a: Indeedee
|-damage|p2a: Indeedee|0 fnt
|faint|p2a: Indeedee
|
|-weather|RainDance|[upkeep]
|upkeep
|
|t:|1754774900
|switch|p2a: Gardevoir|Gardevoir, L50, F, shiny|100/100
|turn|7
|-message|Zero_BlazeVGC forfeited.
|
|win|sbhaga34
|raw|Zero_BlazeVGC's rating: 1282 → 1254(-28 for losing)
|raw|sbhaga34's rating: 1244 → 1272(+28 for winning)
|l|☆sbhaga34
|player|p2|
