|j|☆manikman
|j|☆lolgz
|html|manikmanlolgz    
|uhtml|bestof|Game 3 of a best-of-3
|t:|1784834670
|gametype|doubles
|player|p1|manikman|steven|1169
|player|p2|lolgz|dawn|1145
|gen|9
|tier|[Gen 9 Champions] VGC 2026 Reg M-B (Bo3)
|rated|
|rule|Species Clause: Limit one of each Pokémon
|rule|Item Clause: Limit 1 of each item
|clearpoke
|poke|p1|Scolipede, L50, M|
|poke|p1|Raichu, L50, M|
|poke|p1|Sinistcha, L50|
|poke|p1|Weavile, L50, M|
|poke|p1|Ceruledge, L50, F|
|poke|p1|Milotic, L50, F|
|poke|p2|Blastoise, L50, F|
|poke|p2|Vivillon, L50, F|
|poke|p2|Farigiraf, L50, F|
|poke|p2|Gallade, L50, M|
|poke|p2|Kingambit, L50, M|
|poke|p2|Camerupt, L50, F|
|teampreview|4
|showteam|p1|Scolipede||Scolipite|SpeedBoost|LeechLife,PoisonJab,SwordsDance,Protect|Jolly||M|||50|]Raichu||RaichuniteY|LightningRod|ZapCannon,FocusBlast,Protect,FakeOut|Timid||M|||50|]Sinistcha||KasibBerry|Hospitality|MatchaGotcha,LifeDew,Protect,RagePowder|Relaxed|||||50|]Weavile||FocusSash|Pickpocket|KnockOff,TripleAxel,LowKick,FakeOut|Jolly||M|||50|]Ceruledge||ColburBerry|FlashFire|BitterBlade,ShadowSneak,Protect,BulkUp|Adamant||F|||50|]Milotic||Leftovers|Competitive|MuddyWater,Coil,Protect,Hypnosis|Calm||F|||50|
|showteam|p2|Blastoise||Blastoisinite|Torrent|WaterSpout,DarkPulse,FakeOut,ShellSmash|Modest||F|||50|]Vivillon||ChoiceScarf|CompoundEyes|SleepPowder,RagePowder,Tailwind,Hurricane|Timid||F|||50|]Farigiraf||SitrusBerry|ArmorTail|TrickRoom,Psychic,HelpingHand,Protect|Relaxed||F|||50|]Gallade||IronBall|Sharpness|SacredSword,PsychoCut,LeafBlade,TrickRoom|Brave||M|||50|]Kingambit||BlackGlasses|Defiant|SuckerPunch,KowtowCleave,IronHead,Protect|Brave||M|||50|]Camerupt||Cameruptite|MagmaArmor|HeatWave,EarthPower,AncientPower,Protect|Quiet||F|||50|
|inactive|Battle timer is ON: inactive players will automatically lose when time's up. (requested by lolgz)
|inactive|manikman has 60 seconds left.
|
|t:|1784834704
|teamsize|p1|4
|teamsize|p2|4
|start
|switch|p1a: Ceruledge|Ceruledge, L50, F|100/100
|switch|p1b: Milotic|Milotic, L50, F|100/100
|switch|p2a: Vivillon|Vivillon, L50, F|100/100
|switch|p2b: Blastoise|Blastoise, L50, F|100/100
|turn|1
|inactive|manikman has 30 seconds left.
|
|t:|1784834735
|detailschange|p2b: Blastoise|Blastoise-Mega, L50, F
|-mega|p2b: Blastoise|Blastoise|Blastoisinite
|move|p1a: Ceruledge|Shadow Sneak|p2b: Blastoise
|-damage|p2b: Blastoise|77/100
|move|p2a: Vivillon|Sleep Powder|p1b: Milotic
|-status|p1b: Milotic|slp|[from] move: Sleep Powder
|move|p2b: Blastoise|Shell Smash|p2b: Blastoise
|-unboost|p2b: Blastoise|def|1
|-unboost|p2b: Blastoise|spd|1
|-boost|p2b: Blastoise|atk|2
|-boost|p2b: Blastoise|spa|2
|-boost|p2b: Blastoise|spe|2
|cant|p1b: Milotic|slp
|
|upkeep
|turn|2
|
|t:|1784834746
|move|p1a: Ceruledge|Protect|p1a: Ceruledge
|-singleturn|p1a: Ceruledge|Protect
|move|p2b: Blastoise|Shell Smash|p2b: Blastoise
|-unboost|p2b: Blastoise|def|1
|-unboost|p2b: Blastoise|spd|1
|-boost|p2b: Blastoise|atk|2
|-boost|p2b: Blastoise|spa|2
|-boost|p2b: Blastoise|spe|2
|move|p2a: Vivillon|Sleep Powder|p1a: Ceruledge
|-activate|p1a: Ceruledge|move: Protect
|cant|p1b: Milotic|slp
|
|upkeep
|turn|3
|
|t:|1784834755
|move|p1a: Ceruledge|Shadow Sneak|p2b: Blastoise
|-crit|p2b: Blastoise
|-damage|p2b: Blastoise|13/100
|move|p2b: Blastoise|Dark Pulse|p1b: Milotic
|-damage|p1b: Milotic|14/100 slp
|move|p2a: Vivillon|Sleep Powder|p1a: Ceruledge
|-status|p1a: Ceruledge|slp|[from] move: Sleep Powder
|-curestatus|p1b: Milotic|slp|[msg]
|move|p1b: Milotic|Coil|p1b: Milotic
|-boost|p1b: Milotic|atk|1
|-boost|p1b: Milotic|def|1
|-boost|p1b: Milotic|accuracy|1
|
|-heal|p1b: Milotic|20/100y|[from] item: Leftovers
|upkeep
|turn|4
|
|t:|1784834769
|move|p1b: Milotic|Protect|p1b: Milotic
|-singleturn|p1b: Milotic|Protect
|cant|p1a: Ceruledge|slp
|move|p2b: Blastoise|Water Spout|p1a: Ceruledge|[spread] p1a
|-activate|p1b: Milotic|move: Protect
|-supereffective|p1a: Ceruledge|1
|-damage|p1a: Ceruledge|49/100 slp
|move|p2a: Vivillon|Sleep Powder|p1b: Milotic
|-activate|p1b: Milotic|move: Protect
|
|-heal|p1b: Milotic|26/100|[from] item: Leftovers
|upkeep
|turn|5
|
|t:|1784834788
|move|p2b: Blastoise|Water Spout|p1b: Milotic|[spread] p1a,p1b
|-supereffective|p1a: Ceruledge|1
|-resisted|p1b: Milotic|1
|-damage|p1a: Ceruledge|0 fnt
|-damage|p1b: Milotic|17/100
|faint|p1a: Ceruledge
|move|p2a: Vivillon|Sleep Powder|p1b: Milotic
|-status|p1b: Milotic|slp|[from] move: Sleep Powder
|cant|p1b: Milotic|slp
|
|-heal|p1b: Milotic|23/100 slp|[from] item: Leftovers
|upkeep
|
|t:|1784834796
|switch|p1a: Raichu|Raichu, L50, M|100/100
|turn|6
|
|t:|1784834802
|switch|p2a: Farigiraf|Farigiraf, L50, F|100/100
|detailschange|p1a: Raichu|Raichu-Mega-Y, L50, M
|-mega|p1a: Raichu|Raichu|Raichunite Y
|move|p1a: Raichu|Fake Out||[still]
|cant|p2a: Farigiraf|ability: Armor Tail|Fake Out|[of] p1a: Raichu
|move|p2b: Blastoise|Dark Pulse|p1a: Raichu
|-damage|p1a: Raichu|0 fnt
|faint|p1a: Raichu
|-curestatus|p1b: Milotic|slp|[msg]
|move|p1b: Milotic|Hypnosis|p2a: Farigiraf
|-status|p2a: Farigiraf|slp|[from] move: Hypnosis
|
|-heal|p1b: Milotic|29/100|[from] item: Leftovers
|upkeep
|
|t:|1784834806
|switch|p1a: Weavile|Weavile, L50, M|100/100
|turn|7
|
|t:|1784834820
|move|p2b: Blastoise|Dark Pulse|p1b: Milotic
|-damage|p1b: Milotic|0 fnt
|faint|p1b: Milotic
|move|p1a: Weavile|Triple Axel|p2b: Blastoise
|-resisted|p2b: Blastoise|1
|-damage|p2b: Blastoise|4/100
|-resisted|p2b: Blastoise|1
|-damage|p2b: Blastoise|0 fnt
|faint|p2b: Blastoise
|-hitcount|p2: Blastoise|2
|cant|p2a: Farigiraf|slp
|
|upkeep
|
|t:|1784834822
|switch|p2b: Kingambit|Kingambit, L50, M|100/100
|turn|8
|
|t:|1784834826
|move|p2b: Kingambit|Protect|p2b: Kingambit
|-singleturn|p2b: Kingambit|Protect
|move|p1a: Weavile|Low Kick|p2b: Kingambit
|-activate|p2b: Kingambit|move: Protect
|-curestatus|p2a: Farigiraf|slp|[msg]
|move|p2a: Farigiraf|Trick Room|p2a: Farigiraf
|-fieldstart|move: Trick Room|[of] p2a: Farigiraf
|
|upkeep
|turn|9
|-message|manikman forfeited.
|
|win|lolgz
|raw|manikman's rating: 1169 → 1142(-27 for losing)
|raw|lolgz's rating: 1145 → 1172(+27 for winning)
