|j|☆SeanClubcardcoach
|j|☆redemption22
|html|SeanClubcardcoachredemption22    
|uhtml|bestof|Game 2 of a best-of-3
|t:|1754232405
|gametype|doubles
|player|p1|SeanClubcardcoach|265|1292
|player|p2|redemption22|101|1210
|gen|9
|tier|[Gen 9] VGC 2025 Reg H (Bo3)
|rated|
|rule|Species Clause: Limit one of each Pokémon
|rule|Item Clause: Limit 1 of each item
|clearpoke
|poke|p1|Indeedee-F, L50, F|
|poke|p1|Excadrill, L50, M|
|poke|p1|Sneasler, L50, F|
|poke|p1|Tyranitar, L50, M|
|poke|p1|Corviknight, L50, M|
|poke|p1|Armarouge, L50, F|
|poke|p2|Dondozo, L50, M|
|poke|p2|Tatsugiri-Droopy, L50, M|
|poke|p2|Gholdengo, L50|
|poke|p2|Dragonite, L50, M|
|poke|p2|Talonflame, L50, M|
|poke|p2|Sneasler, L50, F|
|teampreview|4
|showteam|p1|Indeedee-F||SafetyGoggles|PsychicSurge|Psychic,FollowMe,TrickRoom,HelpingHand|||F|||50|,,,,,Fairy]Excadrill||ClearAmulet|SandRush|Earthquake,HighHorsepower,IronHead,Protect|||M|||50|,,,,,Ghost]Sneasler||PsychicSeed|Unburden|DireClaw,CloseCombat,ThroatChop,Protect|||F|||50|,,,,,Dark]Tyranitar||AssaultVest|SandStream|RockSlide,TeraBlast,KnockOff,LowKick|||M|||50|,,,,,Flying]Corviknight||SitrusBerry|MirrorArmor|BraveBird,IronDefense,Roost,BodyPress|||M|||50|,,,,,Dragon]Armarouge||LifeOrb|FlashFire|TrickRoom,ArmorCannon,ExpandingForce,EnergyBall|||F|||50|,,,,,Grass
|showteam|p2|Dondozo||Leftovers|Unaware|Protect,OrderUp,Earthquake,BodyPress|||M|||50|,,,,,Grass]Tatsugiri-Droopy||ChoiceScarf|Commander|DracoMeteor,MuddyWater,IcyWind,DragonPulse|||M|||50|,,,,,Steel]Gholdengo||ChoiceSpecs|GoodasGold|Thunderbolt,ShadowBall,MakeItRain,PowerGem||||||50|,,,,,Steel]Dragonite||ChoiceBand|InnerFocus|ExtremeSpeed,StompingTantrum,Outrage,IceSpinner|||M|||50|,,,,,Normal]Talonflame||CovertCloak|GaleWings|DualWingbeat,Tailwind,Taunt,FlareBlitz|||M|||50|,,,,,Stellar]Sneasler||FocusSash|PoisonTouch|CloseCombat,FakeOut,ThroatChop,DireClaw|||F|||50|,,,,,Stellar
|inactive|Battle timer is ON: inactive players will automatically lose when time's up. (requested by SeanClubcardcoach)
|
|t:|1754232428
|teamsize|p1|4
|teamsize|p2|4
|start
|switch|p1a: Excadrill|Excadrill, L50, M|100/100
|switch|p1b: Tyranitar|Tyranitar, L50, M|100/100
|switch|p2a: Sneasler|Sneasler, L50, F|100/100
|switch|p2b: Gholdengo|Gholdengo, L50|100/100
|-weather|Sandstorm|[from] ability: Sand Stream|[of] p1b: Tyranitar
|turn|1
|
|t:|1754232445
|-terastallize|p2b: Gholdengo|Steel
|move|p1a: Excadrill|Protect|p1a: Excadrill
|-singleturn|p1a: Excadrill|Protect
|move|p2a: Sneasler|Fake Out|p1b: Tyranitar
|-resisted|p1b: Tyranitar
|-damage|p1b: Tyranitar|95/100
|move|p2b: Gholdengo|Make It Rain|p1a: Excadrill|[spread] p1b
|-activate|p1a: Excadrill|move: Protect
|-supereffective|p1b: Tyranitar
|-damage|p1b: Tyranitar|19/100
|-unboost|p2b: Gholdengo|spa|1
|cant|p1b: Tyranitar|flinch
|
|-weather|Sandstorm|[upkeep]
|-damage|p2a: Sneasler|95/100|[from] Sandstorm
|upkeep
|turn|2
|
|t:|1754232467
|switch|p2a: Tatsugiri|Tatsugiri-Droopy, L50, M|100/100
|switch|p2b: Dondozo|Dondozo, L50, M|100/100
|-activate|p2a: Tatsugiri|ability: Commander|[of] p2b: Dondozo
|-boost|p2b: Dondozo|atk|2
|-boost|p2b: Dondozo|spa|2
|-boost|p2b: Dondozo|spe|2
|-boost|p2b: Dondozo|def|2
|-boost|p2b: Dondozo|spd|2
|-terastallize|p1b: Tyranitar|Flying
|move|p1a: Excadrill|Earthquake|p2b: Dondozo|[spread] p2b
|-miss|p1a: Excadrill|p2a: Tatsugiri
|-immune|p1b: Tyranitar
|-damage|p2b: Dondozo|87/100
|move|p1b: Tyranitar|Knock Off|p2b: Dondozo
|-damage|p2b: Dondozo|70/100
|-enditem|p2b: Dondozo|Leftovers|[from] move: Knock Off|[of] p1b: Tyranitar
|
|-weather|Sandstorm|[upkeep]
|-damage|p2a: Tatsugiri|94/100|[from] Sandstorm
|-damage|p2b: Dondozo|63/100|[from] Sandstorm
|-damage|p1b: Tyranitar|13/100|[from] Sandstorm
|upkeep
|turn|3
|
|t:|1754232492
|switch|p1b: Indeedee|Indeedee-F, L50, F|100/100
|-fieldstart|move: Psychic Terrain|[from] ability: Psychic Surge|[of] p1b: Indeedee
|move|p1a: Excadrill|Protect|p1a: Excadrill
|-singleturn|p1a: Excadrill|Protect
|move|p2b: Dondozo|Order Up|p1b: Indeedee
|-damage|p1b: Indeedee|66/100
|-boost|p2b: Dondozo|def|1
|
|-weather|Sandstorm|[upkeep]
|-damage|p2a: Tatsugiri|88/100|[from] Sandstorm
|-damage|p2b: Dondozo|57/100|[from] Sandstorm
|upkeep
|turn|4
|
|t:|1754232507
|move|p1a: Excadrill|High Horsepower|p2b: Dondozo
|-damage|p2b: Dondozo|44/100
|move|p2b: Dondozo|Body Press|p1a: Excadrill
|-supereffective|p1a: Excadrill
|-damage|p1a: Excadrill|0 fnt
|faint|p1a: Excadrill
|move|p1b: Indeedee|Psychic|p2b: Dondozo
|-damage|p2b: Dondozo|29/100
|
|-weather|Sandstorm|[upkeep]
|-damage|p2a: Tatsugiri|82/100|[from] Sandstorm
|-damage|p2b: Dondozo|23/100|[from] Sandstorm
|upkeep
|
|t:|1754232513
|switch|p1a: Tyranitar|Tyranitar, L50, M, tera:Flying|13/100
|turn|5
|
|t:|1754232518
|move|p2b: Dondozo|Order Up|p1a: Tyranitar
|-damage|p1a: Tyranitar|0 fnt
|faint|p1a: Tyranitar
|-boost|p2b: Dondozo|def|1
|move|p1b: Indeedee|Trick Room|p1b: Indeedee
|-fieldstart|move: Trick Room|[of] p1b: Indeedee
|
|-weather|none
|upkeep
|
|t:|1754232521
|switch|p1a: Armarouge|Armarouge, L50, F|100/100
|turn|6
|
|t:|1754232530
|move|p2b: Dondozo|Protect|p2b: Dondozo
|-singleturn|p2b: Dondozo|Protect
|move|p1a: Armarouge|Expanding Force|p2a: Tatsugiri|[spread] 
|-miss|p1a: Armarouge|p2a: Tatsugiri
|-activate|p2b: Dondozo|move: Protect
|move|p1b: Indeedee|Psychic|p2b: Dondozo
|-activate|p2b: Dondozo|move: Protect
|
|upkeep
|turn|7
|
|t:|1754232544
|move|p2b: Dondozo|Protect|p2b: Dondozo
|-singleturn|p2b: Dondozo|Protect
|move|p1a: Armarouge|Expanding Force|p2a: Tatsugiri|[spread] 
|-miss|p1a: Armarouge|p2a: Tatsugiri
|-activate|p2b: Dondozo|move: Protect
|move|p1b: Indeedee|Psychic|p2b: Dondozo
|-activate|p2b: Dondozo|move: Protect
|
|-fieldend|move: Psychic Terrain
|upkeep
|turn|8
|
|t:|1754232550
|move|p2b: Dondozo|Protect||[still]
|-fail|p2b: Dondozo
|move|p1a: Armarouge|Trick Room|p1a: Armarouge
|-fieldend|move: Trick Room
|move|p1b: Indeedee|Trick Room|p1b: Indeedee
|-fieldstart|move: Trick Room|[of] p1b: Indeedee
|
|upkeep
|turn|9
|
|t:|1754232559
|move|p2b: Dondozo|Protect|p2b: Dondozo
|-singleturn|p2b: Dondozo|Protect
|move|p1a: Armarouge|Energy Ball|p2b: Dondozo
|-activate|p2b: Dondozo|move: Protect
|move|p1b: Indeedee|Psychic|p2b: Dondozo
|-activate|p2b: Dondozo|move: Protect
|
|upkeep
|turn|10
|
|t:|1754232566
|move|p2b: Dondozo|Protect||[still]
|-fail|p2b: Dondozo
|move|p1a: Armarouge|Expanding Force|p2b: Dondozo
|-damage|p2b: Dondozo|0 fnt
|faint|p2b: Dondozo
|-damage|p1a: Armarouge|91/100|[from] item: Life Orb
|move|p1b: Indeedee|Psychic|p2a: Tatsugiri
|-damage|p2a: Tatsugiri|47/100
|
|upkeep
|
|t:|1754232588
|switch|p2b: Sneasler|Sneasler, L50, F|95/100
|turn|11
|
|t:|1754232602
|move|p2b: Sneasler|Fake Out|p1a: Armarouge
|-damage|p1a: Armarouge|77/100
|cant|p1a: Armarouge|flinch
|move|p1b: Indeedee|Psychic|p2a: Tatsugiri
|-damage|p2a: Tatsugiri|13/100
|move|p2a: Tatsugiri|Muddy Water|p1a: Armarouge|[spread] p1a,p1b
|-supereffective|p1a: Armarouge
|-damage|p1a: Armarouge|0 fnt
|-damage|p1b: Indeedee|35/100
|-unboost|p1b: Indeedee|accuracy|1
|faint|p1a: Armarouge
|
|upkeep
|turn|12
|
|t:|1754232619
|move|p1b: Indeedee|Psychic|p2a: Tatsugiri
|-damage|p2a: Tatsugiri|0 fnt
|faint|p2a: Tatsugiri
|move|p2b: Sneasler|Dire Claw|p1b: Indeedee
|-damage|p1b: Indeedee|0 fnt
|faint|p1b: Indeedee
|
|win|redemption22
|raw|SeanClubcardcoach's rating: 1292 → 1261(-31 for losing)
|raw|redemption22's rating: 1210 → 1241(+31 for winning)
