|j|☆el1azsm
|j|☆Mortipherus
|html|el1azsmMortipherus    
|uhtml|bestof|Game 1 of a best-of-3
|t:|1756659008
|gametype|doubles
|player|p1|el1azsm|proton|1086
|player|p2|Mortipherus|biker-gen4|1150
|gen|9
|tier|[Gen 9] VGC 2025 Reg H (Bo3)
|rated|
|rule|Species Clause: Limit one of each Pokémon
|rule|Item Clause: Limit 1 of each item
|clearpoke
|poke|p1|Archaludon, L50, M|
|poke|p1|Sinistcha, L50|
|poke|p1|Pelipper, L50, M|
|poke|p1|Grimmsnarl, L50, M|
|poke|p1|Baxcalibur, L50, F|
|poke|p1|Basculegion, L50, M|
|poke|p2|Hydrapple, L50, M|
|poke|p2|Arcanine-Hisui, L50, M|
|poke|p2|Gholdengo, L50|
|poke|p2|Electabuzz, L50, M|
|poke|p2|Indeedee, L50, M|
|poke|p2|Sneasler, L50, M|
|teampreview|4
|showteam|p1|Archaludon||AssaultVest|Stamina|DragonPulse,ElectroShot,Snarl,BodyPress|||M|||50|,,,,,Grass]Sinistcha||SitrusBerry|Hospitality|Protect,RagePowder,MatchaGotcha,LifeDew||||||50|,,,,,Fairy]Pelipper||CovertCloak|Drizzle|Protect,IcyWind,Tailwind,Hurricane|||M|||50|,,,,,Grass]Grimmsnarl||LightClay|Prankster|LightScreen,Reflect,SpiritBreak,ThunderWave|||M|||50|,,,,,Dark]Baxcalibur||LoadedDice|ThermalExchange|Protect,IcicleSpear,ScaleShot,IceShard|||F|||50|,,,,,Grass]Basculegion||LifeOrb|SwiftSwim|Protect,AquaJet,LastRespects,WaveCrash|||M|||50|,,,,,Grass
|showteam|p2|Hydrapple||AssaultVest|Regenerator|FickleBeam,EnergyBall,EarthPower,BreakingSwipe|||M|||50|,,,,,Ground]Arcanine-Hisui||ClearAmulet|Intimidate|Protect,ExtremeSpeed,FlareBlitz,RockSlide|||M|||50|,,,,,Grass]Gholdengo||LifeOrb|GoodasGold|Protect,NastyPlot,MakeItRain,ShadowBall||||||50|,,,,,Flying]Electabuzz||Eviolite|VitalSpirit|Protect,FollowMe,Taunt,Electroweb|||M|||50|,,,,,Dragon]Indeedee||FocusSash|PsychicSurge|Protect,TrickRoom,ExpandingForce,TeraBlast|||M|||50|,,,,,Ground]Sneasler||PsychicSeed|Unburden|Protect,ThroatChop,DireClaw,CloseCombat|||M|||50|,,,,,Dark
|
|t:|1756659047
|teamsize|p1|4
|teamsize|p2|4
|start
|switch|p1a: Pelipper|Pelipper, L50, M|100/100
|switch|p1b: Basculegion|Basculegion, L50, M|100/100
|switch|p2a: Indeedee|Indeedee, L50, M|100/100
|switch|p2b: Sneasler|Sneasler, L50, M|100/100
|-fieldstart|move: Psychic Terrain|[from] ability: Psychic Surge|[of] p2a: Indeedee
|-enditem|p2b: Sneasler|Psychic Seed
|-boost|p2b: Sneasler|spd|1|[from] item: Psychic Seed
|-weather|RainDance|[from] ability: Drizzle|[of] p1a: Pelipper
|turn|1
|
|t:|1756659084
|move|p1b: Basculegion|Protect|p1b: Basculegion
|-singleturn|p1b: Basculegion|Protect
|move|p2b: Sneasler|Throat Chop|p1b: Basculegion
|-activate|p1b: Basculegion|move: Protect
|move|p2a: Indeedee|Expanding Force|p1b: Basculegion|[spread] p1a
|-activate|p1b: Basculegion|move: Protect
|-damage|p1a: Pelipper|37/100
|move|p1a: Pelipper|Tailwind|p1a: Pelipper
|-sidestart|p1: el1azsm|move: Tailwind
|
|-weather|RainDance|[upkeep]
|upkeep
|turn|2
|
|t:|1756659104
|switch|p2b: Hydrapple|Hydrapple, L50, M|100/100
|move|p1b: Basculegion|Wave Crash|p2a: Indeedee
|-enditem|p2a: Indeedee|Focus Sash
|-damage|p2a: Indeedee|1/100
|-damage|p1b: Basculegion|77/100|[from] Recoil
|-damage|p1b: Basculegion|68/100|[from] item: Life Orb
|move|p1a: Pelipper|Icy Wind|p2a: Indeedee|[spread] p2a,p2b
|-supereffective|p2b: Hydrapple
|-damage|p2a: Indeedee|0 fnt
|-damage|p2b: Hydrapple|78/100
|-unboost|p2b: Hydrapple|spe|1
|faint|p2a: Indeedee
|
|-weather|RainDance|[upkeep]
|upkeep
|
|t:|1756659116
|switch|p2a: Sneasler|Sneasler, L50, M|100/100
|turn|3
|
|t:|1756659130
|move|p1b: Basculegion|Protect|p1b: Basculegion
|-singleturn|p1b: Basculegion|Protect
|move|p2a: Sneasler|Protect|p2a: Sneasler
|-singleturn|p2a: Sneasler|Protect
|move|p1a: Pelipper|Icy Wind|p2a: Sneasler|[spread] p2b
|-activate|p2a: Sneasler|move: Protect
|-supereffective|p2b: Hydrapple
|-damage|p2b: Hydrapple|53/100
|-unboost|p2b: Hydrapple|spe|1
|move|p2b: Hydrapple|Energy Ball|p1b: Basculegion
|-activate|p1b: Basculegion|move: Protect
|
|-weather|RainDance|[upkeep]
|upkeep
|turn|4
|
|t:|1756659148
|switch|p2a: Gholdengo|Gholdengo, L50|100/100
|move|p1b: Basculegion|Wave Crash|p2a: Gholdengo
|-damage|p2a: Gholdengo|2/100
|-damage|p1b: Basculegion|38/100|[from] Recoil
|-damage|p1b: Basculegion|28/100|[from] item: Life Orb
|move|p1a: Pelipper|Icy Wind|p2a: Gholdengo|[spread] p2a,p2b
|-resisted|p2a: Gholdengo
|-supereffective|p2b: Hydrapple
|-damage|p2a: Gholdengo|0 fnt
|-damage|p2b: Hydrapple|28/100
|-unboost|p2b: Hydrapple|spe|1
|faint|p2a: Gholdengo
|move|p2b: Hydrapple|Energy Ball|p1b: Basculegion
|-supereffective|p1b: Basculegion
|-damage|p1b: Basculegion|0 fnt
|faint|p1b: Basculegion
|
|-weather|RainDance|[upkeep]
|-sideend|p1: el1azsm|move: Tailwind
|upkeep
|
|t:|1756659166
|switch|p1b: Baxcalibur|Baxcalibur, L50, F|100/100
|switch|p2a: Sneasler|Sneasler, L50, M|100/100
|turn|5
|
|t:|1756659175
|-terastallize|p2b: Hydrapple|Ground
|move|p1b: Baxcalibur|Protect|p1b: Baxcalibur
|-singleturn|p1b: Baxcalibur|Protect
|move|p2a: Sneasler|Close Combat|p1b: Baxcalibur
|-activate|p1b: Baxcalibur|move: Protect
|move|p1a: Pelipper|Tailwind|p1a: Pelipper
|-sidestart|p1: el1azsm|move: Tailwind
|move|p2b: Hydrapple|Breaking Swipe|p1a: Pelipper|[spread] p1a
|-activate|p1b: Baxcalibur|move: Protect
|-crit|p1a: Pelipper
|-damage|p1a: Pelipper|15/100
|
|-weather|none
|-fieldend|move: Psychic Terrain
|upkeep
|turn|6
|
|t:|1756659216
|-terastallize|p1b: Baxcalibur|Grass
|move|p1b: Baxcalibur|Scale Shot|p2a: Sneasler
|-damage|p2a: Sneasler|79/100
|-damage|p2a: Sneasler|58/100
|-damage|p2a: Sneasler|37/100
|-damage|p2a: Sneasler|15/100
|-hitcount|p2a: Sneasler|4
|-unboost|p1b: Baxcalibur|def|1
|-boost|p1b: Baxcalibur|spe|1
|move|p1a: Pelipper|Icy Wind|p2b: Hydrapple|[spread] p2a,p2b
|-supereffective|p2b: Hydrapple
|-damage|p2a: Sneasler|3/100
|-damage|p2b: Hydrapple|16/100
|-unboost|p2a: Sneasler|spe|1
|-unboost|p2b: Hydrapple|spe|1
|move|p2a: Sneasler|Close Combat|p1b: Baxcalibur
|-damage|p1b: Baxcalibur|7/100
|-unboost|p2a: Sneasler|def|1
|-unboost|p2a: Sneasler|spd|1
|move|p2b: Hydrapple|Breaking Swipe|p1b: Baxcalibur|[spread] p1a,p1b
|-damage|p1a: Pelipper|0 fnt
|-damage|p1b: Baxcalibur|0 fnt
|faint|p1a: Pelipper
|faint|p1b: Baxcalibur
|
|upkeep
|
|t:|1756659240
|switch|p1b: Archaludon|Archaludon, L50, M|100/100
|turn|7
|inactive|Battle timer is ON: inactive players will automatically lose when time's up. (requested by Mortipherus)
|
|t:|1756659247
|move|p1b: Archaludon|Snarl|p2a: Sneasler|[spread] p2a,p2b
|-resisted|p2a: Sneasler
|-crit|p2a: Sneasler
|-damage|p2a: Sneasler|0 fnt
|-damage|p2b: Hydrapple|8/100
|-unboost|p2b: Hydrapple|spa|1
|faint|p2a: Sneasler
|move|p2b: Hydrapple|Earth Power|p1b: Archaludon
|-supereffective|p1b: Archaludon
|-damage|p1b: Archaludon|65/100
|-ability|p1b: Archaludon|Stamina|boost
|-boost|p1b: Archaludon|def|1
|
|upkeep
|turn|8
|
|t:|1756659257
|move|p1b: Archaludon|Dragon Pulse|p2b: Hydrapple
|-damage|p2b: Hydrapple|0 fnt
|faint|p2b: Hydrapple
|
|win|el1azsm
|l|☆el1azsm
|player|p1|
||el1azsm is ready for game 2.
|inactive|Mortipherus has 30 seconds to confirm battle start!
|inactive|Mortipherus has 20 seconds to confirm battle start!
||Mortipherus is ready for game 2.
|uhtml|next|Next: Game 2 of 3
