|j|Ōśåsorecruiser
|j|Ōśåjar55
|html|sorecruiserjar55    
|uhtml|bestof|Game 2 of a best-of-3
|t:|1756932969
|gametype|doubles
|player|p1|sorecruiser|furisodegirl-black|1072
|player|p2|jar55|bugsy|1035
|gen|9
|tier|[Gen 9] VGC 2025 Reg H (Bo3)
|rated|
|rule|Species Clause: Limit one of each Pok├®mon
|rule|Item Clause: Limit 1 of each item
|clearpoke
|poke|p1|Gholdengo, L50|
|poke|p1|Whimsicott, L50, M|
|poke|p1|Sneasler, L50, M|
|poke|p1|Basculegion, L50, M|
|poke|p1|Hydreigon, L50, M|
|poke|p1|Magmar, L50, M|
|poke|p2|Gengar, L50, F|
|poke|p2|Porygon2, L50|
|poke|p2|Gothitelle, L50, M|
|poke|p2|Rillaboom, L50, M|
|poke|p2|Amoonguss, L50, F|
|poke|p2|Ursaluna, L50, F|
|teampreview|4
|showteam|p1|Gholdengo||MetalCoat|GoodasGold|MakeItRain,ShadowBall,NastyPlot,Protect||||||50|,,,,,Steel]Whimsicott||CovertCloak|Prankster|Tailwind,Encore,FakeTears,Moonblast|||M|||50|,,,,,Dark]Sneasler||FocusSash|PoisonTouch|Protect,CloseCombat,DireClaw,ThroatChop|||M|||50|,,,,,Dark]Basculegion||ChoiceScarf|Adaptability|LastRespects,WaveCrash,AquaJet,FlipTurn|||M|||50|,,,,,Ghost]Hydreigon||ChoiceSpecs|Levitate|DarkPulse,DracoMeteor,Snarl,HeatWave|||M|||50|,,,,,Fire]Magmar||Eviolite|VitalSpirit|Protect,FollowMe,HeatWave,Taunt|||M|||50|,,,,,Water
|showteam|p2|Gengar||FocusSash|CursedBody|ShadowBall,SludgeBomb,Encore,PerishSong|||F|||50|,,,,,Ghost]Porygon2||Eviolite|Download|IceBeam,TeraBlast,TrickRoom,Recover||||||50|,,,,,Fighting]Gothitelle||SitrusBerry|ShadowTag|FakeOut,Psychic,TrickRoom,Protect|||M|||50|,,,,,Dark]Rillaboom||AssaultVest|GrassySurge|FakeOut,WoodHammer,GrassyGlide,Uturn|||M|||50|,,,,,Fire]Amoonguss||RockyHelmet|Regenerator|Spore,PollenPuff,RagePowder,Protect|||F|||50|,,,,,Water]Ursaluna||FlameOrb|Guts|Facade,HeadlongRush,Earthquake,Protect|||F|||50|,,,,,Ghost
|inactive|Battle timer is ON: inactive players will automatically lose when time's up. (requested by jar55)
|
|t:|1756933019
|teamsize|p1|4
|teamsize|p2|4
|start
|switch|p1a: Hydreigon|Hydreigon, L50, M|100/100
|switch|p1b: Magmar|Magmar, L50, M|100/100
|switch|p2a: Gengar|Gengar, L50, F|100/100
|switch|p2b: Porygon2|Porygon2, L50|100/100
|-ability|p2b: Porygon2|Download|boost
|-boost|p2b: Porygon2|spa|1
|turn|1
|inactive|jar55 has 30 seconds left.
|inactive|sorecruiser has 30 seconds left.
|inactive|jar55 has 20 seconds left.
|inactive|jar55 has 15 seconds left.
|inactive|sorecruiser has 20 seconds left.
|inactive|jar55 has 10 seconds left.
|
|t:|1756933069
|switch|p2b: Gothitelle|Gothitelle, L50, M|100/100
|move|p2a: Gengar|Perish Song|p2a: Gengar
|-start|p1a: Hydreigon|perish3|[silent]
|-start|p1b: Magmar|perish3|[silent]
|-start|p2a: Gengar|perish3|[silent]
|-start|p2b: Gothitelle|perish3|[silent]
|-fieldactivate|move: Perish Song
|move|p1a: Hydreigon|Snarl|p2a: Gengar|[spread] p2a,p2b
|-supereffective|p2a: Gengar
|-supereffective|p2b: Gothitelle
|-enditem|p2a: Gengar|Focus Sash
|-damage|p2a: Gengar|1/100
|-damage|p2b: Gothitelle|49/100
|-unboost|p2a: Gengar|spa|1
|-unboost|p2b: Gothitelle|spa|1
|-start|p1a: Hydreigon|Disable|Snarl|[from] ability: Cursed Body|[of] p2a: Gengar
|-enditem|p2b: Gothitelle|Sitrus Berry|[eat]
|-heal|p2b: Gothitelle|73/100|[from] item: Sitrus Berry
|move|p1b: Magmar|Taunt|p2b: Gothitelle
|-start|p2b: Gothitelle|move: Taunt
|
|-start|p2a: Gengar|perish3
|-start|p1a: Hydreigon|perish3
|-start|p1b: Magmar|perish3
|-start|p2b: Gothitelle|perish3
|upkeep
|turn|2
|c|Ōśåsorecruiser|perish smerish
|inactive|jar55 has 30 seconds left.
|inactive|jar55 has 20 seconds left.
|inactive|jar55 has 15 seconds left.
|inactive|jar55 has 10 seconds left.
|
|t:|1756933117
|switch|p2b: Porygon2|Porygon2, L50|100/100
|-ability|p2b: Porygon2|Download|boost
|-boost|p2b: Porygon2|spa|1
|move|p2a: Gengar|Encore|p1b: Magmar
|-start|p1b: Magmar|Encore
|-activate|p1a: Hydreigon|move: Struggle
|move|p1a: Hydreigon|Struggle|p2b: Porygon2
|-damage|p2b: Porygon2|93/100
|-damage|p1a: Hydreigon|75/100|[from] recoil
|move|p1b: Magmar|Taunt|p2b: Porygon2
|-start|p2b: Porygon2|move: Taunt
|
|-start|p2a: Gengar|perish2
|-start|p1a: Hydreigon|perish2
|-start|p1b: Magmar|perish2
|upkeep
|turn|3
|c|Ōśåjar55|honestly, didn't notice the disable. oops
|inactive|jar55 has 30 seconds left.
|c|Ōśåsorecruiser|that's life
|inactive|jar55 has 20 seconds left.
|
|t:|1756933152
|switch|p2a: Gothitelle|Gothitelle, L50, M|73/100
|-activate|p1a: Hydreigon|move: Struggle
|move|p1a: Hydreigon|Struggle|p2a: Gothitelle
|-damage|p2a: Gothitelle|63/100
|-damage|p1a: Hydreigon|50/100|[from] recoil
|move|p1b: Magmar|Taunt|p2a: Gothitelle
|-start|p2a: Gothitelle|move: Taunt
|move|p2b: Porygon2|Ice Beam|p1a: Hydreigon
|-supereffective|p1a: Hydreigon
|-damage|p1a: Hydreigon|0 fnt
|faint|p1a: Hydreigon
|
|-start|p1b: Magmar|perish1
|upkeep
|c|Ōśåsorecruiser|i thought you might pull that but I couldn't sotp it
|c|Ōśåsorecruiser|fuck I didn't catch
|c|Ōśåsorecruiser|that you broke the lock
|
|t:|1756933169
|switch|p1a: Basculegion|Basculegion, L50, M|100/100
|turn|4
|c|Ōśåjar55|double mistake!
|c|Ōśåsorecruiser|life happens
|c|Ōśåsorecruiser|partially killin time at work and I wasn't locked in
|c|Ōśåjar55|i'm glad you're not being a sore cruiser
|inactive|jar55 has 30 seconds left.
|c|Ōśåsorecruiser|hahahaha thank you
|inactive|jar55 has 20 seconds left.
|
|t:|1756933207
|switch|p2a: Gengar|Gengar, L50, F|1/100
|move|p1a: Basculegion|Last Respects|p2a: Gengar
|-supereffective|p2a: Gengar
|-damage|p2a: Gengar|0 fnt
|-start|p1a: Basculegion|Disable|Last Respects|[from] ability: Cursed Body|[of] p2a: Gengar
|faint|p2a: Gengar
|move|p1b: Magmar|Taunt||[still]
|-fail|p1b: Magmar
|move|p2b: Porygon2|Ice Beam|p1a: Basculegion
|-resisted|p1a: Basculegion
|-damage|p1a: Basculegion|84/100
|
|-end|p2b: Porygon2|move: Taunt
|-end|p1b: Magmar|Encore
|-start|p1b: Magmar|perish0
|upkeep
|faint|p1b: Magmar
|c|Ōśåsorecruiser|i thought the name was catchy in its own way
|c|Ōśåsorecruiser|no fucking way
|c|Ōśåsorecruiser|good god
|
|t:|1756933230
|switch|p2a: Gothitelle|Gothitelle, L50, M|63/100
|switch|p1b: Sneasler|Sneasler, L50, M|100/100
|turn|5
|c|Ōśåsorecruiser|cursed body is awful awful bad
|c|Ōśåjar55|stop using choice!
|c|Ōśåsorecruiser|no :3
|
|t:|1756933250
|-terastallize|p1b: Sneasler|Dark
|move|p2a: Gothitelle|Fake Out|p1b: Sneasler
|-damage|p1b: Sneasler|92/100
|-activate|p1a: Basculegion|move: Struggle
|move|p1a: Basculegion|Struggle|p2b: Porygon2
|-damage|p2b: Porygon2|82/100
|-damage|p1a: Basculegion|59/100|[from] recoil
|cant|p1b: Sneasler|flinch
|move|p2b: Porygon2|Trick Room|p2b: Porygon2
|-fieldstart|move: Trick Room|[of] p2b: Porygon2
|
|upkeep
|turn|6
|
|t:|1756933274
|-terastallize|p2b: Porygon2|Fighting
|move|p2b: Porygon2|Tera Blast|p1b: Sneasler|[anim] Tera Blast Fighting
|-supereffective|p1b: Sneasler
|-damage|p1b: Sneasler|0 fnt
|faint|p1b: Sneasler
|move|p2a: Gothitelle|Psychic|p1a: Basculegion
|-damage|p1a: Basculegion|21/100
|-activate|p1a: Basculegion|move: Struggle
|move|p1a: Basculegion|Struggle|p2b: Porygon2
|-damage|p2b: Porygon2|71/100
|-damage|p1a: Basculegion|0 fnt|[from] recoil
|faint|p1a: Basculegion
|
|win|jar55
|raw|sorecruiser's rating: 1072 → 1049(-23 for losing)
|raw|jar55's rating: 1035 → 1073(+38 for winning)
|c|Ōśåsorecruiser|should've saved my tera for the mixup
|c|Ōśåsorecruiser|oh well
|c|Ōśåsorecruiser|ggwp
|c|Ōśåjar55|yeah, oh well. gg
|c|Ōśåsorecruiser|we play to learn
