|j|â˜†kojay
|j|â˜†RelentlessRogue
|html|kojayRelentlessRogue    
|uhtml|bestof|Game 2 of a best-of-3
|t:|1756523748
|gametype|doubles
|player|p1|kojay|kamado-armor|
|player|p2|RelentlessRogue|ethan|
|gen|9
|tier|[Gen 9] VGC 2025 Reg H (Bo3)
|rule|Species Clause: Limit one of each PokÃ©mon
|rule|Item Clause: Limit 1 of each item
|clearpoke
|poke|p1|Garchomp, L50, M|
|poke|p1|Sneasler, L50, M|
|poke|p1|Incineroar, L50, M|
|poke|p1|Dragonite, L50, F|
|poke|p1|Gholdengo, L50|
|poke|p1|Tyranitar, L50, F|
|poke|p2|Archaludon, L50, M|
|poke|p2|Pelipper, L50, M|
|poke|p2|Basculegion, L50, M|
|poke|p2|Rillaboom, L50, F|
|poke|p2|Electabuzz, L50, F|
|poke|p2|Kingambit, L50, F|
|teampreview|4
|showteam|p1|Garchomp||LifeOrb|RoughSkin|Earthquake,DragonClaw,StompingTantrum,Protect|||M|||50|,,,,,Ground]Sneasler||WhiteHerb|Unburden|Coaching,Protect,DireClaw,CloseCombat|||M|||50|,,,,,Ghost]Incineroar||SafetyGoggles|Intimidate|FakeOut,FlareBlitz,KnockOff,PartingShot|||M|||50|,,,,,Ghost]Dragonite||LoadedDice|InnerFocus|TeraBlast,ScaleShot,Tailwind,Protect|||F|||50|,,,,,Flying]Gholdengo||ChoiceScarf|GoodasGold|MakeItRain,ShadowBall,Trick,Thunderbolt||||||50|,,,,,Steel]Tyranitar||AssaultVest|SandStream|RockSlide,TeraBlast,Assurance,LowKick|||F|||50|,,,,,Grass
|showteam|p2|Archaludon||AssaultVest|Stamina|FlashCannon,DracoMeteor,ElectroShot,BodyPress|||M|||50|,,,,,Fairy]Pelipper||FocusSash|Drizzle|MuddyWater,Hurricane,Tailwind,Protect|||M|||50|,,,,,Ghost]Basculegion||ChoiceBand|SwiftSwim|WaveCrash,LastRespects,FlipTurn,AquaJet|||M|||50|,,,,,Water]Rillaboom||LoadedDice|GrassySurge|BulletSeed,GrassyGlide,FakeOut,HighHorsepower|||F|||50|,,,,,Fire]Electabuzz||Eviolite|VitalSpirit|Electroweb,Taunt,FollowMe,Protect|||F|||50|,,,,,Ghost]Kingambit||BlackGlasses|Defiant|KowtowCleave,SuckerPunch,SwordsDance,Protect|||F|||50|,,,,,Dark
|inactive|Battle timer is ON: inactive players will automatically lose when time's up. (requested by RelentlessRogue)
|j| azubbang
|inactive|kojay has 60 seconds left.
|inactive|RelentlessRogue has 60 seconds left.
|
|t:|1756523783
|teamsize|p1|4
|teamsize|p2|4
|start
|switch|p1a: Gholdengo|Gholdengo, L50|100/100
|switch|p1b: Sneasler|Sneasler, L50, M|100/100
|switch|p2a: Rillaboom|Rillaboom, L50, F|100/100
|switch|p2b: Kingambit|Kingambit, L50, F|100/100
|-fieldstart|move: Grassy Terrain|[from] ability: Grassy Surge|[of] p2a: Rillaboom
|turn|1
|inactive|RelentlessRogue has 30 seconds left.
|
|t:|1756523813
|-terastallize|p1a: Gholdengo|Steel
|-terastallize|p2b: Kingambit|Dark
|move|p2a: Rillaboom|Fake Out|p1b: Sneasler
|-damage|p1b: Sneasler|77/100
|move|p1a: Gholdengo|Make It Rain|p2b: Kingambit|[spread] p2a,p2b
|-crit|p2a: Rillaboom
|-damage|p2a: Rillaboom|0 fnt
|-damage|p2b: Kingambit|35/100
|-unboost|p1a: Gholdengo|spa|1
|faint|p2a: Rillaboom
|cant|p1b: Sneasler|flinch
|move|p2b: Kingambit|Kowtow Cleave|p1a: Gholdengo
|-damage|p1a: Gholdengo|8/100
|
|-heal|p1a: Gholdengo|15/100|[from] Grassy Terrain
|-heal|p1b: Sneasler|83/100|[from] Grassy Terrain
|-heal|p2b: Kingambit|41/100|[from] Grassy Terrain
|upkeep
|
|t:|1756523833
|switch|p2a: Pelipper|Pelipper, L50, M|100/100
|-weather|RainDance|[from] ability: Drizzle|[of] p2a: Pelipper
|turn|2
|
|t:|1756523845
|move|p2b: Kingambit|Sucker Punch|p1a: Gholdengo
|-damage|p1a: Gholdengo|0 fnt
|faint|p1a: Gholdengo
|move|p1b: Sneasler|Dire Claw|p2a: Pelipper
|-damage|p2a: Pelipper|34/100
|-status|p2a: Pelipper|slp
|cant|p2a: Pelipper|slp
|
|-weather|RainDance|[upkeep]
|-heal|p1b: Sneasler|89/100|[from] Grassy Terrain
|-heal|p2b: Kingambit|47/100|[from] Grassy Terrain
|upkeep
|c|â˜†kojay|i hate this game lol
|c| azubbang|zzz
|c|â˜†RelentlessRogue|lol same
|
|t:|1756523862
|switch|p1a: Dragonite|Dragonite, L50, F, shiny|100/100
|turn|3
|c|â˜†RelentlessRogue|they put the last reg H regional in Vegas for a reason
|inactive|kojay has 30 seconds left.
|inactive|RelentlessRogue has 30 seconds left.
|
|t:|1756523889
|switch|p2a: Archaludon|Archaludon, L50, M|100/100
|move|p2b: Kingambit|Protect|p2b: Kingambit
|-singleturn|p2b: Kingambit|Protect
|move|p1b: Sneasler|Close Combat|p2a: Archaludon
|-supereffective|p2a: Archaludon
|-damage|p2a: Archaludon|7/100
|-unboost|p1b: Sneasler|def|1
|-unboost|p1b: Sneasler|spd|1
|-ability|p2a: Archaludon|Stamina|boost
|-boost|p2a: Archaludon|def|1
|-enditem|p1b: Sneasler|White Herb
|-clearnegativeboost|p1b: Sneasler|[silent]
|move|p1a: Dragonite|Scale Shot|p2b: Kingambit
|-activate|p2b: Kingambit|move: Protect
|
|-weather|RainDance|[upkeep]
|-heal|p1b: Sneasler|95/100|[from] Grassy Terrain
|-heal|p2a: Archaludon|13/100|[from] Grassy Terrain
|-heal|p2b: Kingambit|53/100|[from] Grassy Terrain
|upkeep
|turn|4
|
|t:|1756523907
|move|p2b: Kingambit|Sucker Punch|p1b: Sneasler
|-resisted|p1b: Sneasler
|-damage|p1b: Sneasler|39/100
|move|p1b: Sneasler|Close Combat|p2a: Archaludon
|-supereffective|p2a: Archaludon
|-damage|p2a: Archaludon|0 fnt
|-unboost|p1b: Sneasler|def|1
|-unboost|p1b: Sneasler|spd|1
|faint|p2a: Archaludon
|move|p1a: Dragonite|Scale Shot|p2b: Kingambit|[miss]
|-miss|p1a: Dragonite|p2b: Kingambit
|
|-weather|RainDance|[upkeep]
|-heal|p1b: Sneasler|45/100|[from] Grassy Terrain
|-heal|p2b: Kingambit|59/100|[from] Grassy Terrain
|upkeep
|
|t:|1756523913
|switch|p2a: Pelipper|Pelipper, L50, M|34/100 slp
|turn|5
|c|â˜†kojay|yippee
|
|t:|1756523931
|cant|p2a: Pelipper|slp
|move|p2b: Kingambit|Sucker Punch||[still]
|-fail|p2b: Kingambit
|move|p1b: Sneasler|Coaching|p1a: Dragonite
|-boost|p1a: Dragonite|atk|1
|-boost|p1a: Dragonite|def|1
|move|p1a: Dragonite|Scale Shot|p2a: Pelipper
|-damage|p2a: Pelipper|7/100 slp
|-damage|p2a: Pelipper|0 fnt
|faint|p2a: Pelipper
|-hitcount|p2: Pelipper|2
|-unboost|p1a: Dragonite|def|1
|-boost|p1a: Dragonite|spe|1
|
|-weather|RainDance|[upkeep]
|-heal|p1b: Sneasler|51/100|[from] Grassy Terrain
|-heal|p2b: Kingambit|64/100|[from] Grassy Terrain
|-fieldend|move: Grassy Terrain
|upkeep
|turn|6
|c|â˜†RelentlessRogue|Let's go gambling!
|
|t:|1756523944
|move|p1b: Sneasler|Coaching|p1a: Dragonite
|-boost|p1a: Dragonite|atk|1
|-boost|p1a: Dragonite|def|1
|move|p1a: Dragonite|Scale Shot|p2b: Kingambit
|-damage|p2b: Kingambit|41/100
|-damage|p2b: Kingambit|20/100
|-damage|p2b: Kingambit|0 fnt
|faint|p2b: Kingambit
|-hitcount|p2: Kingambit|3
|
|win|kojay
||kojay is ready for game 3.
||RelentlessRogue is ready for game 3.
|uhtml|next|Next: Game 3 of 3
