|j|☆Fcjavic67
|j|☆Navizz0
|html|Fcjavic67Navizz0    
|uhtml|bestof|Game 2 of a best-of-3
|t:|1784589805
|gametype|doubles
|player|p1|Fcjavic67|101|1361
|player|p2|Navizz0|ethan|1482
|gen|9
|tier|[Gen 9 Champions] VGC 2026 Reg M-B (Bo3)
|rated|
|rule|Species Clause: Limit one of each Pokémon
|rule|Item Clause: Limit 1 of each item
|clearpoke
|poke|p1|Floette-Eternal, L50, F|
|poke|p1|Charizard, L50, M|
|poke|p1|Basculegion, L50, M|
|poke|p1|Garchomp, L50, M|
|poke|p1|Whimsicott, L50, F|
|poke|p1|Kingambit, L50, M|
|poke|p2|Blaziken, L50, M|
|poke|p2|Ninetales-Alola, L50, F|
|poke|p2|Sinistcha, L50|
|poke|p2|Aerodactyl, L50, M|
|poke|p2|Kingambit, L50, F|
|poke|p2|Basculegion, L50, M|
|teampreview|4
|showteam|p1|Floette-Eternal||Floettite|FlowerVeil|DazzlingGleam,Protect,Moonblast,LightofRuin|Modest||F|||50|]Charizard||CharizarditeY|SolarPower|Protect,SolarBeam,WeatherBall,HeatWave|Modest||M|||50|]Basculegion||ChoiceScarf|Adaptability|FlipTurn,WaveCrash,LastRespects,AquaJet|Jolly||M|||50|]Garchomp||LifeOrb|RoughSkin|Protect,Earthquake,DragonClaw,RockSlide|Jolly||M|||50|]Whimsicott||FocusSash|Prankster|Moonblast,Encore,Protect,Tailwind|Timid||F|||50|]Kingambit||BlackGlasses|Defiant|Protect,KowtowCleave,IronHead,SuckerPunch|Adamant||M|||50|
|showteam|p2|Blaziken||Blazikenite|SpeedBoost|AuraSphere,HeatWave,ScorchingSands,Detect|Modest||M|||50|]Ninetales-Alola||LifeOrb|SnowWarning|Blizzard,FreezeDry,Moonblast,Protect|Timid||F|||50|]Sinistcha||SitrusBerry|Hospitality|MatchaGotcha,Protect,TrickRoom,RagePowder|Calm|||||50|]Aerodactyl||Aerodactylite|Unnerve|RockSlide,DualWingbeat,WideGuard,Tailwind|Jolly||M|||50|]Kingambit||FocusSash|Defiant|SuckerPunch,IronHead,LowKick,KowtowCleave|Adamant||F|||50|]Basculegion||ChoiceScarf|Adaptability|LastRespects,WaveCrash,AquaJet,FlipTurn|Jolly||M|||50|
|inactive|Battle timer is ON: inactive players will automatically lose when time's up. (requested by Navizz0)
|
|t:|1784589827
|teamsize|p1|4
|teamsize|p2|4
|start
|switch|p1a: Basculegion|Basculegion, L50, M|100/100
|switch|p1b: Whimsicott|Whimsicott, L50, F|100/100
|switch|p2a: Sinistcha|Sinistcha, L50|100/100
|switch|p2b: Kingambit|Kingambit, L50, F|100/100
|turn|1
|
|t:|1784589844
|switch|p1b: Charizard|Charizard, L50, M|100/100
|move|p1a: Basculegion|Flip Turn|p2a: Sinistcha
|-resisted|p2a: Sinistcha|1
|-damage|p2a: Sinistcha|84/100
|
|t:|1784589848
|switch|p1a: Kingambit|Kingambit, L50, M|100/100|[from] Flip Turn
|move|p2b: Kingambit|Low Kick|p1a: Kingambit
|-supereffective|p1a: Kingambit|2
|-damage|p1a: Kingambit|0 fnt
|faint|p1a: Kingambit
|move|p2a: Sinistcha|Trick Room|p2a: Sinistcha
|-fieldstart|move: Trick Room|[of] p2a: Sinistcha
|
|upkeep
|
|t:|1784589856
|switch|p1a: Whimsicott|Whimsicott, L50, F|100/100
|turn|2
|
|t:|1784589862
|detailschange|p1b: Charizard|Charizard-Mega-Y, L50, M
|-mega|p1b: Charizard|Charizard|Charizardite Y
|-weather|SunnyDay|[from] ability: Drought|[of] p1b: Charizard
|move|p2a: Sinistcha|Rage Powder|p2a: Sinistcha
|-singleturn|p2a: Sinistcha|move: Rage Powder
|move|p1a: Whimsicott|Encore|p2a: Sinistcha
|-start|p2a: Sinistcha|Encore
|move|p2b: Kingambit|Kowtow Cleave|p1b: Charizard
|-damage|p1b: Charizard|46/100
|move|p1b: Charizard|Heat Wave|p2a: Sinistcha|[spread] p2a,p2b
|-supereffective|p2a: Sinistcha|1
|-supereffective|p2b: Kingambit|1
|-damage|p2a: Sinistcha|0 fnt
|-enditem|p2b: Kingambit|Focus Sash
|-damage|p2b: Kingambit|1/100
|faint|p2a: Sinistcha
|
|-weather|SunnyDay|[upkeep]
|upkeep
|
|t:|1784589869
|switch|p2a: Ninetales|Ninetales-Alola, L50, F|100/100
|-weather|Snowscape|[from] ability: Snow Warning|[of] p2a: Ninetales
|turn|3
|
|t:|1784589880
|switch|p1b: Basculegion|Basculegion, L50, M|100/100
|move|p2b: Kingambit|Iron Head|p1a: Whimsicott
|-supereffective|p1a: Whimsicott|1
|-enditem|p1a: Whimsicott|Focus Sash
|-damage|p1a: Whimsicott|1/100
|move|p2a: Ninetales|Blizzard|p1b: Basculegion|[spread] p1a,p1b
|-supereffective|p1a: Whimsicott|1
|-resisted|p1b: Basculegion|1
|-damage|p1a: Whimsicott|0 fnt
|-damage|p1b: Basculegion|75/100
|faint|p1a: Whimsicott
|-damage|p2a: Ninetales|90/100|[from] item: Life Orb
|
|-weather|Snowscape|[upkeep]
|upkeep
|
|t:|1784589886
|switch|p1a: Charizard|Charizard-Mega-Y, L50, M|46/100
|-weather|SunnyDay|[from] ability: Drought|[of] p1a: Charizard
|turn|4
|
|t:|1784589896
|switch|p2a: Aerodactyl|Aerodactyl, L50, M|100/100
|-ability|p2a: Aerodactyl|Unnerve
|move|p2b: Kingambit|Sucker Punch|p1a: Charizard
|-damage|p1a: Charizard|4/100
|move|p1b: Basculegion|Aqua Jet|p2b: Kingambit
|-damage|p2b: Kingambit|0 fnt
|faint|p2b: Kingambit
|move|p1a: Charizard|Weather Ball|p2a: Aerodactyl
|-resisted|p2a: Aerodactyl|1
|-damage|p2a: Aerodactyl|29/100
|
|-weather|SunnyDay|[upkeep]
|upkeep
|
|t:|1784589899
|switch|p2b: Ninetales|Ninetales-Alola, L50, F|90/100
|-weather|Snowscape|[from] ability: Snow Warning|[of] p2b: Ninetales
|turn|5
|inactive|Fcjavic67 has 30 seconds left.
|
|t:|1784589926
|detailschange|p2a: Aerodactyl|Aerodactyl-Mega, L50, M
|-mega|p2a: Aerodactyl|Aerodactyl|Aerodactylite
|move|p2a: Aerodactyl|Wide Guard|p2a: Aerodactyl
|-singleturn|p2a: Aerodactyl|Wide Guard
|move|p1b: Basculegion|Aqua Jet|p2b: Ninetales
|-damage|p2b: Ninetales|66/100
|move|p1a: Charizard|Weather Ball|p2a: Aerodactyl
|-supereffective|p2a: Aerodactyl|1
|-damage|p2a: Aerodactyl|0 fnt
|faint|p2a: Aerodactyl
|move|p2b: Ninetales|Freeze-Dry|p1b: Basculegion
|-supereffective|p1b: Basculegion|1
|-damage|p1b: Basculegion|0 fnt
|faint|p1b: Basculegion
|-damage|p2b: Ninetales|56/100|[from] item: Life Orb
|
|-weather|Snowscape|[upkeep]
|-fieldend|move: Trick Room
|upkeep
|turn|6
|
|t:|1784589934
|move|p2b: Ninetales|Freeze-Dry|p1a: Charizard
|-damage|p1a: Charizard|0 fnt
|faint|p1a: Charizard
|-damage|p2b: Ninetales|46/100|[from] item: Life Orb
|
|win|Navizz0
||Navizz0 is ready for game 3.
||Fcjavic67 is ready for game 3.
|uhtml|next|Next: Game 3 of 3
|l|☆Navizz0
|player|p2|
|j|☆Navizz0
|player|p2|Navizz0|ethan|
