|j|☆higigig
|j|☆Dumpling Dan
|html|higigigDumpling Dan    
|uhtml|bestof|Game 1 of a best-of-3
|t:|1756419830
|gametype|doubles
|player|p1|higigig|sisandbro|1111
|player|p2|Dumpling Dan|chuck|1066
|gen|9
|tier|[Gen 9] VGC 2025 Reg H (Bo3)
|rated|
|rule|Species Clause: Limit one of each Pokémon
|rule|Item Clause: Limit 1 of each item
|clearpoke
|poke|p1|Sneasler, L50, F|
|poke|p1|Ursaluna-Bloodmoon, L50, M|
|poke|p1|Amoonguss, L50, M|
|poke|p1|Incineroar, L50, F|
|poke|p1|Dragonite, L50, M|
|poke|p1|Gholdengo, L50|
|poke|p2|Dondozo, L50, F|
|poke|p2|Tatsugiri, L50, M|
|poke|p2|Gholdengo, L50|
|poke|p2|Annihilape, L50, M|
|poke|p2|Dragonite, L50, M|
|poke|p2|Electabuzz, L50, M|
|teampreview|4
|showteam|p1|Sneasler||FocusSash|Unburden|DireClaw,CloseCombat,Protect,ThroatChop|||F|||50|,,,,,Stellar]Ursaluna-Bloodmoon||AssaultVest|MindsEye|BloodMoon,VacuumWave,HyperVoice,EarthPower|||M|||50|,,,,,Water]Amoonguss||SitrusBerry|Regenerator|RagePowder,Spore,PollenPuff,Protect|||M|||50|,,,,,Water]Incineroar||SafetyGoggles|Intimidate|FlareBlitz,PartingShot,FakeOut,KnockOff|||F|||50|,,,,,Ghost]Dragonite||LoadedDice|Multiscale|ScaleShot,Tailwind,Protect,Haze|||M|||50|,,,,,Fairy]Gholdengo||LifeOrb|GoodasGold|MakeItRain,ShadowBall,Protect,NastyPlot||||||50|,,,,,Water
|showteam|p2|Dondozo||LifeOrb|Unaware|RockSlide,Earthquake,Protect,WaveCrash|||F|||50|,,,,,Ghost]Tatsugiri||FocusSash|Commander|DragonPulse,MuddyWater,DracoMeteor,Protect|||M|||50|,,,,,Stellar]Gholdengo||ChoiceSpecs|GoodasGold|PowerGem,Thunderbolt,MakeItRain,ShadowBall||||||50|,,,,,Steel]Annihilape||SitrusBerry|Defiant|CloseCombat,Coaching,RageFist,FinalGambit|||M|||50|,,,,,Steel]Dragonite||LoadedDice|Multiscale|DragonDance,ExtremeSpeed,ScaleShot,Protect|||M|||50|,,,,,Normal]Electabuzz||Eviolite|VitalSpirit|Thunderbolt,HelpingHand,FollowMe,Protect|||M|||50|,,,,,Ghost
|inactive|Battle timer is ON: inactive players will automatically lose when time's up. (requested by higigig)
|inactive|higigig has 60 seconds left.
|inactive|higigig has 30 seconds left.
|inactive|higigig has 20 seconds left.
|inactive|higigig has 15 seconds left.
|
|t:|1756419906
|teamsize|p1|4
|teamsize|p2|4
|start
|switch|p1a: Amoonguss|Amoonguss, L50, M|100/100
|switch|p1b: Ursaluna|Ursaluna-Bloodmoon, L50, M|100/100
|switch|p2a: Dragonite|Dragonite, L50, M|100/100
|switch|p2b: Annihilape|Annihilape, L50, M|100/100
|turn|1
|
|t:|1756419926
|move|p1a: Amoonguss|Rage Powder|p1a: Amoonguss
|-singleturn|p1a: Amoonguss|move: Rage Powder
|move|p2b: Annihilape|Coaching|p2a: Dragonite
|-boost|p2a: Dragonite|atk|1
|-boost|p2a: Dragonite|def|1
|move|p2a: Dragonite|Dragon Dance|p2a: Dragonite
|-boost|p2a: Dragonite|atk|1
|-boost|p2a: Dragonite|spe|1
|move|p1b: Ursaluna|Hyper Voice|p2a: Dragonite|[spread] p2a,p2b
|-damage|p2a: Dragonite|81/100
|-damage|p2b: Annihilape|65/100
|
|upkeep
|turn|2
|inactive|Dumpling Dan has 30 seconds left.
|inactive|higigig has 30 seconds left.
|inactive|Dumpling Dan has 20 seconds left.
|
|t:|1756419961
|switch|p1b: Incineroar|Incineroar, L50, F|100/100
|-ability|p1b: Incineroar|Intimidate|boost
|-unboost|p2a: Dragonite|atk|1
|-unboost|p2b: Annihilape|atk|1
|-ability|p2b: Annihilape|Defiant|boost
|-boost|p2b: Annihilape|atk|2
|move|p2a: Dragonite|Scale Shot|p1a: Amoonguss
|-damage|p1a: Amoonguss|83/100
|-damage|p1a: Amoonguss|65/100
|-damage|p1a: Amoonguss|47/100
|-enditem|p1a: Amoonguss|Sitrus Berry|[eat]
|-heal|p1a: Amoonguss|72/100|[from] item: Sitrus Berry
|-damage|p1a: Amoonguss|54/100
|-damage|p1a: Amoonguss|38/100
|-hitcount|p1a: Amoonguss|5
|-unboost|p2a: Dragonite|def|1
|-boost|p2a: Dragonite|spe|1
|move|p2b: Annihilape|Rage Fist|p1a: Amoonguss
|-damage|p1a: Amoonguss|0 fnt
|faint|p1a: Amoonguss
|
|upkeep
|
|t:|1756419980
|switch|p1a: Dragonite|Dragonite, L50, M|100/100
|turn|3
|inactive|Dumpling Dan has 30 seconds left.
|
|t:|1756420005
|-terastallize|p1a: Dragonite|Fairy
|move|p2a: Dragonite|Protect|p2a: Dragonite
|-singleturn|p2a: Dragonite|Protect
|move|p2b: Annihilape|Close Combat|p1b: Incineroar
|-supereffective|p1b: Incineroar
|-damage|p1b: Incineroar|0 fnt
|-unboost|p2b: Annihilape|def|1
|-unboost|p2b: Annihilape|spd|1
|faint|p1b: Incineroar
|move|p1a: Dragonite|Tailwind|p1a: Dragonite
|-sidestart|p1: higigig|move: Tailwind
|
|upkeep
|
|t:|1756420011
|switch|p1b: Ursaluna|Ursaluna-Bloodmoon, L50, M|100/100
|turn|4
|
|t:|1756420025
|-terastallize|p2a: Dragonite|Normal
|move|p2a: Dragonite|Extreme Speed|p1b: Ursaluna
|-damage|p1b: Ursaluna|44/100
|move|p1a: Dragonite|Scale Shot|p2b: Annihilape|[miss]
|-miss|p1a: Dragonite|p2b: Annihilape
|move|p1b: Ursaluna|Blood Moon|p2a: Dragonite
|-crit|p2a: Dragonite
|-damage|p2a: Dragonite|0 fnt
|faint|p2a: Dragonite
|move|p2b: Annihilape|Close Combat|p1b: Ursaluna
|-supereffective|p1b: Ursaluna
|-damage|p1b: Ursaluna|0 fnt
|-unboost|p2b: Annihilape|def|1
|-unboost|p2b: Annihilape|spd|1
|faint|p1b: Ursaluna
|
|upkeep
|
|t:|1756420039
|switch|p2a: Gholdengo|Gholdengo, L50|100/100
|turn|5
|-message|higigig forfeited.
|
|win|Dumpling Dan
