|j|☆lettitripppp
|j|☆mugentine
|html|lettitrippppmugentine    
|uhtml|bestof|Game 1 of a best-of-3
|t:|1785455210
|gametype|doubles
|player|p1|lettitripppp|lucas|1190
|player|p2|mugentine|170|1116
|gen|9
|tier|[Gen 9 Champions] VGC 2026 Reg M-B (Bo3)
|rated|
|rule|Species Clause: Limit one of each Pokémon
|rule|Item Clause: Limit 1 of each item
|clearpoke
|poke|p1|Charizard, L50, F|
|poke|p1|Glimmora, L50, F|
|poke|p1|Ninetales-Alola, L50, M|
|poke|p1|Whimsicott, L50, F|
|poke|p1|Kingambit, L50, F, shiny|
|poke|p1|Kommo-o, L50, M|
|poke|p2|Pyroar, L50, F, shiny|
|poke|p2|Scrafty, L50, F, shiny|
|poke|p2|Venusaur, L50, F|
|poke|p2|Torkoal, L50, F|
|poke|p2|Kingambit, L50, M|
|poke|p2|Mimikyu, L50, F|
|teampreview|4
|showteam|p1|Charizard||CharizarditeY|Blaze|WeatherBall,SolarBeam,HeatWave,Protect|Modest||F|||50|]Glimmora||Glimmoranite|ToxicDebris|SludgeBomb,EarthPower,PowerGem,SpikyShield|Timid||F|||50|]Ninetales-Alola||NeverMeltIce|SnowWarning|FreezeDry,Blizzard,Disable,Protect|Timid||M|||50|]Whimsicott||FocusSash|Prankster|Moonblast,Tailwind,Encore,Protect|Timid||F|||50|]Kingambit||BlackGlasses|Defiant|KowtowCleave,SuckerPunch,IronHead,Protect|Adamant||F|||50|]Kommo-o||LifeOrb|Overcoat|ClangingScales,VacuumWave,AuraSphere,Protect|Timid||M|||50|
|showteam|p2|Pyroar||Pyroarite|Unnerve|Overheat,HeatWave,Flamethrower,Protect|Timid||F|||50|]Scrafty||Scraftinite|Intimidate|DrainPunch,KnockOff,FakeOut,IcePunch|Adamant||F|||50|]Venusaur||LifeOrb|Chlorophyll|SludgeBomb,EnergyBall,Protect,EarthPower|Modest||F|||50|]Torkoal||Charcoal|Drought|HelpingHand,Eruption,WeatherBall,Protect|Quiet||F|||50|]Kingambit||FocusSash|Defiant|SuckerPunch,KowtowCleave,IronHead,Protect|Adamant||M|||50|]Mimikyu||WhiteHerb|Disguise|TrickRoom,PlayRough,ShadowSneak,Protect|Brave||F|||50|
|inactive|Battle timer is ON: inactive players will automatically lose when time's up. (requested by lettitripppp)
|inactive|lettitripppp has 60 seconds left.
|inactive|mugentine has 60 seconds left.
|inactive|lettitripppp has 30 seconds left.
|inactive|mugentine has 30 seconds left.
|inactive|lettitripppp has 20 seconds left.
|inactive|mugentine has 20 seconds left.
|
|t:|1785455285
|teamsize|p1|4
|teamsize|p2|4
|start
|switch|p1a: NO GO AWAY|Glimmora, L50, F|100/100
|switch|p1b: LETS GO GO|Whimsicott, L50, F|100/100
|switch|p2a: Pyroar|Pyroar, L50, F, shiny|100/100
|switch|p2b: Venusaur|Venusaur, L50, F|100/100
|-ability|p2a: Pyroar|Unnerve
|turn|1
|inactive|mugentine has 30 seconds left.
|inactive|mugentine has 20 seconds left.
|inactive|mugentine has 15 seconds left.
|inactive|mugentine has 10 seconds left.
|
|t:|1785455330
|switch|p2a: Torkoal|Torkoal, L50, F|100/100
|-weather|SunnyDay|[from] ability: Drought|[of] p2a: Torkoal
|move|p1a: NO GO AWAY|Spiky Shield|p1a: NO GO AWAY
|-singleturn|p1a: NO GO AWAY|move: Protect
|move|p1b: LETS GO GO|Tailwind|p1b: LETS GO GO
|-sidestart|p1: lettitripppp|move: Tailwind
|move|p2b: Venusaur|Earth Power|p1a: NO GO AWAY
|-activate|p1a: NO GO AWAY|move: Protect
|
|-weather|SunnyDay|[upkeep]
|upkeep
|turn|2
|inactive|lettitripppp has 30 seconds left.
|inactive|mugentine has 30 seconds left.
|inactive|mugentine has 20 seconds left.
|inactive|mugentine has 15 seconds left.
|inactive|mugentine has 10 seconds left.
|
|t:|1785455376
|switch|p1b: SOULOLA|Kommo-o, L50, M|100/100
|switch|p1a: AGNI|Charizard, L50, F|100/100
|move|p2b: Venusaur|Sludge Bomb|p1b: SOULOLA
|-damage|p1b: SOULOLA|34/100
|-damage|p2b: Venusaur|90/100|[from] item: Life Orb
|move|p2a: Torkoal|Eruption|p1a: AGNI|[spread] p1a,p1b
|-resisted|p1a: AGNI|1
|-resisted|p1b: SOULOLA|1
|-damage|p1a: AGNI|48/100
|-damage|p1b: SOULOLA|0 fnt
|faint|p1b: SOULOLA
|
|-weather|SunnyDay|[upkeep]
|upkeep
|
|t:|1785455388
|switch|p1b: NO GO AWAY|Glimmora, L50, F|100/100
|turn|3
|inactive|mugentine has 30 seconds left.
|inactive|mugentine has 20 seconds left.
|inactive|mugentine has 15 seconds left.
|
|t:|1785455432
|detailschange|p1a: AGNI|Charizard-Mega-Y, L50, F
|-mega|p1a: AGNI|Charizard|Charizardite Y
|move|p2b: Venusaur|Protect|p2b: Venusaur
|-singleturn|p2b: Venusaur|Protect
|move|p1b: NO GO AWAY|Power Gem|p2a: Torkoal
|-supereffective|p2a: Torkoal|1
|-damage|p2a: Torkoal|0 fnt
|faint|p2a: Torkoal
|move|p1a: AGNI|Weather Ball|p2b: Venusaur
|-activate|p2b: Venusaur|move: Protect
|
|-weather|SunnyDay|[upkeep]
|upkeep
|
|t:|1785455452
|switch|p2a: Pyroar|Pyroar, L50, F, shiny|100/100
|-ability|p2a: Pyroar|Unnerve
|turn|4
|inactive|mugentine has 30 seconds left.
|
|t:|1785455483
|move|p2a: Pyroar|Protect|p2a: Pyroar
|-singleturn|p2a: Pyroar|Protect
|move|p1b: NO GO AWAY|Power Gem|p2a: Pyroar
|-activate|p2a: Pyroar|move: Protect
|move|p1a: AGNI|Weather Ball|p2b: Venusaur
|-supereffective|p2b: Venusaur|1
|-damage|p2b: Venusaur|0 fnt
|faint|p2b: Venusaur
|
|-weather|SunnyDay|[upkeep]
|-sideend|p1: lettitripppp|move: Tailwind
|upkeep
|
|t:|1785455493
|switch|p2b: Kingambit|Kingambit, L50, M|100/100
|turn|5
|
|t:|1785455508
|switch|p1a: LETS GO GO|Whimsicott, L50, F|100/100
|detailschange|p2a: Pyroar|Pyroar-Mega, L50, F, shiny
|-mega|p2a: Pyroar|Pyroar|Pyroarite
|move|p1b: NO GO AWAY|Spiky Shield|p1b: NO GO AWAY
|-singleturn|p1b: NO GO AWAY|move: Protect
|move|p2a: Pyroar|Heat Wave|p1b: NO GO AWAY|[spread] p1a
|-activate|p1b: NO GO AWAY|move: Protect
|-supereffective|p1a: LETS GO GO|1
|-enditem|p1a: LETS GO GO|Focus Sash
|-damage|p1a: LETS GO GO|1/100
|move|p2b: Kingambit|Iron Head|p1b: NO GO AWAY
|-activate|p1b: NO GO AWAY|move: Protect
|-damage|p2b: Kingambit|88/100|[from] Spiky Shield|[of] p1b: NO GO AWAY
|
|-weather|none
|upkeep
|turn|6
|inactive|mugentine has 30 seconds left.
|
|t:|1785455534
|move|p2a: Pyroar|Protect|p2a: Pyroar
|-singleturn|p2a: Pyroar|Protect
|move|p1b: NO GO AWAY|Spiky Shield||[still]
|-fail|p1b: NO GO AWAY
|move|p1a: LETS GO GO|Tailwind|p1a: LETS GO GO
|-sidestart|p1: lettitripppp|move: Tailwind
|move|p2b: Kingambit|Iron Head|p1b: NO GO AWAY
|-supereffective|p1b: NO GO AWAY|1
|-crit|p1b: NO GO AWAY
|-damage|p1b: NO GO AWAY|0 fnt
|-activate|p1b: NO GO AWAY|ability: Toxic Debris
|-sidestart|p2: mugentine|move: Toxic Spikes
|faint|p1b: NO GO AWAY
|
|upkeep
|
|t:|1785455542
|switch|p1b: AGNI|Charizard-Mega-Y, L50, F|48/100
|-weather|SunnyDay|[from] ability: Drought|[of] p1b: AGNI
|turn|7
|
|t:|1785455561
|move|p2b: Kingambit|Sucker Punch|p1b: AGNI
|-damage|p1b: AGNI|4/100
|move|p1a: LETS GO GO|Moonblast|p2b: Kingambit
|-damage|p2b: Kingambit|54/100
|move|p1b: AGNI|Weather Ball|p2b: Kingambit
|-supereffective|p2b: Kingambit|1
|-damage|p2b: Kingambit|0 fnt
|faint|p2b: Kingambit
|move|p2a: Pyroar|Heat Wave|p1a: LETS GO GO|[spread] p1a
|-miss|p2a: Pyroar|p1b: AGNI
|-supereffective|p1a: LETS GO GO|1
|-damage|p1a: LETS GO GO|0 fnt
|faint|p1a: LETS GO GO
|
|-weather|SunnyDay|[upkeep]
|upkeep
|turn|8
|
|t:|1785455577
|move|p1b: AGNI|Weather Ball|p2a: Pyroar
|-resisted|p2a: Pyroar|1
|-damage|p2a: Pyroar|42/100
|move|p2a: Pyroar|Flamethrower|p1b: AGNI
|-resisted|p1b: AGNI|1
|-damage|p1b: AGNI|0 fnt
|faint|p1b: AGNI
|
|win|mugentine
