|j|☆A Regu1ar Guy
|j|☆snailboss
|html|A Regu1ar Guysnailboss    
|uhtml|bestof|Game 1 of a best-of-3
|t:|1756341596
|gametype|doubles
|player|p1|A Regu1ar Guy|elesa|1276
|player|p2|snailboss|1|1293
|gen|9
|tier|[Gen 9] VGC 2025 Reg H (Bo3)
|rated|
|rule|Species Clause: Limit one of each Pokémon
|rule|Item Clause: Limit 1 of each item
|clearpoke
|poke|p1|Volcarona, L50, M|
|poke|p1|Rillaboom, L50, M|
|poke|p1|Electabuzz, L50, M|
|poke|p1|Tauros-Paldea-Aqua, L50, M|
|poke|p1|Kingambit, L50, F|
|poke|p1|Dragonite, L50, M|
|poke|p2|Kingambit, L50, F|
|poke|p2|Ninetales-Alola, L50, F|
|poke|p2|Rillaboom, L50, M|
|poke|p2|Volcarona, L50, M|
|poke|p2|Tauros-Paldea-Aqua, L50, M|
|poke|p2|Electabuzz, L50, F|
|teampreview|4
|showteam|p1|Volcarona||GrassySeed|FlameBody|HeatWave,GigaDrain,QuiverDance,Protect|||M|||50|,,,,,Grass]Rillaboom||AssaultVest|GrassySurge|FakeOut,WoodHammer,GrassyGlide,HighHorsepower|||M|||50|,,,,,Fire]Electabuzz||Eviolite|VitalSpirit|Thunderbolt,FollowMe,Taunt,Protect|||M|||50|,,,,,Ghost]Tauros-Paldea-Aqua||MirrorHerb|Intimidate|WaveCrash,AquaJet,CloseCombat,Protect|||M|||50|,,,,,Water]Kingambit||BlackGlasses|Defiant|KowtowCleave,SuckerPunch,SwordsDance,Protect|||F|||50|,,,,,Dark]Dragonite||LoadedDice|Multiscale|ScaleShot,ExtremeSpeed,Haze,Protect|||M|||50|,,,,,Fairy
|showteam|p2|Kingambit||BlackGlasses|Defiant|SuckerPunch,KowtowCleave,SwordsDance,Protect|||F|||50|,,,,,Ghost]Ninetales-Alola||FocusSash|SnowWarning|Moonblast,FreezeDry,Encore,Disable|||F|||50|,,,,,Ghost]Rillaboom||AssaultVest|GrassySurge|FakeOut,GrassyGlide,WoodHammer,HighHorsepower|||M|||50|,,,,,Fire]Volcarona||CovertCloak|FlameBody|QuiverDance,HeatWave,GigaDrain,Protect|||M|||50|,,,,,Grass]Tauros-Paldea-Aqua||GrassySeed|Intimidate|WaveCrash,BodyPress,Protect,AquaJet|||M|||50|,,,,,Fire]Electabuzz||Eviolite|VitalSpirit|FollowMe,Electroweb,HelpingHand,Protect|||F|||50|,,,,,Ghost
|c|☆snailboss|hey what the
|
|t:|1756341686
|teamsize|p1|4
|teamsize|p2|4
|start
|switch|p1a: Dragonite|Dragonite, L50, M|100/100
|switch|p1b: Tauros|Tauros-Paldea-Aqua, L50, M|100/100
|switch|p2a: Volcarona|Volcarona, L50, M|100/100
|switch|p2b: Electabuzz|Electabuzz, L50, F|100/100
|-ability|p1b: Tauros|Intimidate|boost
|-unboost|p2a: Volcarona|atk|1
|-unboost|p2b: Electabuzz|atk|1
|turn|1
|c|☆A Regu1ar Guy|Looking in a mirror eh!
|
|t:|1756341720
|move|p2b: Electabuzz|Electroweb|p1b: Tauros|[spread] p1a,p1b
|-supereffective|p1b: Tauros
|-damage|p1a: Dragonite|92/100
|-damage|p1b: Tauros|59/100
|-unboost|p1a: Dragonite|spe|1
|-unboost|p1b: Tauros|spe|1
|move|p2a: Volcarona|Quiver Dance|p2a: Volcarona
|-boost|p2a: Volcarona|spa|1
|-boost|p2a: Volcarona|spd|1
|-boost|p2a: Volcarona|spe|1
|-enditem|p1b: Tauros|Mirror Herb
|-boost|p1b: Tauros|spa|1|[from] item: Mirror Herb
|-boost|p1b: Tauros|spd|1|[from] item: Mirror Herb
|-boost|p1b: Tauros|spe|1|[from] item: Mirror Herb
|move|p1b: Tauros|Wave Crash|p2b: Electabuzz
|-damage|p2b: Electabuzz|51/100
|-damage|p1b: Tauros|43/100|[from] Recoil
|move|p1a: Dragonite|Scale Shot|p2b: Electabuzz
|-damage|p2b: Electabuzz|36/100
|-damage|p2b: Electabuzz|21/100
|-damage|p2b: Electabuzz|6/100
|-damage|p2b: Electabuzz|0 fnt
|faint|p2b: Electabuzz
|-hitcount|p2: Electabuzz|4
|-unboost|p1a: Dragonite|def|1
|-boost|p1a: Dragonite|spe|1
|
|upkeep
|c|☆A Regu1ar Guy|Mighty fast electabuzz
|c|☆A Regu1ar Guy|Has to be max to outspeed taurous
|
|t:|1756341742
|switch|p2b: Ninetales|Ninetales-Alola, L50, F|100/100
|-weather|Snowscape|[from] ability: Snow Warning|[of] p2b: Ninetales
|turn|2
|
|t:|1756341764
|-terastallize|p1a: Dragonite|Fairy
|move|p2a: Volcarona|Giga Drain|p1b: Tauros
|-supereffective|p1b: Tauros
|-damage|p1b: Tauros|0 fnt
|faint|p1b: Tauros
|move|p2b: Ninetales|Freeze-Dry|p1a: Dragonite
|-damage|p1a: Dragonite|60/100
|move|p1a: Dragonite|Scale Shot|p2a: Volcarona
|-damage|p2a: Volcarona|81/100
|-damage|p2a: Volcarona|63/100
|-damage|p2a: Volcarona|44/100
|-damage|p2a: Volcarona|24/100
|-damage|p2a: Volcarona|5/100
|-hitcount|p2a: Volcarona|5
|-unboost|p1a: Dragonite|def|1
|-boost|p1a: Dragonite|spe|1
|
|-weather|Snowscape|[upkeep]
|upkeep
|
|t:|1756341778
|switch|p1b: Volcarona|Volcarona, L50, M, shiny|100/100
|turn|3
|
|t:|1756341790
|move|p2a: Volcarona|Protect|p2a: Volcarona
|-singleturn|p2a: Volcarona|Protect
|move|p1a: Dragonite|Extreme Speed|p2b: Ninetales
|-damage|p2b: Ninetales|66/100
|move|p2b: Ninetales|Encore|p1a: Dragonite
|-start|p1a: Dragonite|Encore
|move|p1b: Volcarona|Quiver Dance|p1b: Volcarona
|-boost|p1b: Volcarona|spa|1
|-boost|p1b: Volcarona|spd|1
|-boost|p1b: Volcarona|spe|1
|
|-weather|Snowscape|[upkeep]
|upkeep
|turn|4
|
|t:|1756341812
|-terastallize|p2b: Ninetales|Ghost
|move|p1a: Dragonite|Extreme Speed|p2a: Volcarona
|-damage|p2a: Volcarona|0 fnt
|faint|p2a: Volcarona
|move|p1b: Volcarona|Heat Wave|p2b: Ninetales
|-damage|p2b: Ninetales|0 fnt
|faint|p2b: Ninetales
|
|-weather|Snowscape|[upkeep]
|upkeep
|
|t:|1756341820
|switch|p2b: Tauros|Tauros-Paldea-Aqua, L50, M|100/100
|-ability|p2b: Tauros|Intimidate|boost
|-unboost|p1a: Dragonite|atk|1
|-unboost|p1b: Volcarona|atk|1
|turn|5
|
|t:|1756341838
|move|p1a: Dragonite|Extreme Speed|p2b: Tauros
|-damage|p2b: Tauros|83/100
|move|p1b: Volcarona|Giga Drain|p2b: Tauros
|-supereffective|p2b: Tauros
|-damage|p2b: Tauros|0 fnt
|faint|p2b: Tauros
|
|win|A Regu1ar Guy
||A Regu1ar Guy is ready for game 2.
|inactive|snailboss has 30 seconds to confirm battle start!
