|j|☆JareMase
|j|☆signoraino
|html|JareMasesignoraino    
|uhtml|bestof|Game 1 of a best-of-3
|t:|1786091393
|gametype|doubles
|player|p1|JareMase|265|1264
|player|p2|signoraino|2|1101
|gen|9
|tier|[Gen 9 Champions] VGC 2026 Reg M-B (Bo3)
|rated|
|rule|Species Clause: Limit one of each Pokémon
|rule|Item Clause: Limit 1 of each item
|clearpoke
|poke|p1|Scrafty, L50, F|
|poke|p1|Talonflame, L50, F|
|poke|p1|Glimmora, L50, F|
|poke|p1|Metagross, L50|
|poke|p1|Ninetales-Alola, L50, F|
|poke|p1|Farigiraf, L50, F|
|poke|p2|Incineroar, L50, M|
|poke|p2|Farigiraf, L50, F|
|poke|p2|Gallade, L50, M|
|poke|p2|Torkoal, L50, M|
|poke|p2|Mawile, L50, F|
|poke|p2|Feraligatr, L50, F|
|teampreview|4
|showteam|p1|Scrafty||Scraftinite|Intimidate|CloseCombat,KnockOff,FakeOut,IcePunch|Adamant||F|||50|]Talonflame||SharpBeak|GaleWings|Protect,Tailwind,DualWingbeat,FlareBlitz|Jolly||F|||50|]Glimmora||FocusSash|ToxicDebris|SpikyShield,EarthPower,SludgeBomb,PowerGem|Modest||F|||50|]Metagross||Metagrossite|ClearBody|Protect,HardPress,PsychicFangs,StompingTantrum|Jolly|||||50|]Ninetales-Alola||NeverMeltIce|SnowWarning|Protect,Encore,FreezeDry,Blizzard|Timid||F|||50|]Farigiraf||SitrusBerry|ArmorTail|Protect,HelpingHand,Roar,Psychic|Bold||F|||50|
|showteam|p2|Incineroar||LifeOrb|Intimidate|FakeOut,FlareBlitz,DarkestLariat,CloseCombat|Brave||M|||50|]Farigiraf||FocusSash|ArmorTail|Psychic,Thunderbolt,TrickRoom,Protect|Quiet||F|||50|]Gallade||ScopeLens|Sharpness|SacredSword,PsychoCut,Feint,NightSlash|Brave||M|||50|]Torkoal||Charcoal|Drought|Eruption,WeatherBall,StoneEdge,Protect|Quiet||M|||50|]Mawile||Mawilite|HyperCutter|PlayRough,RockSlide,SuckerPunch,SwordsDance|Brave||F|||50|]Feraligatr||Feraligite|SheerForce|DoubleEdge,Liquidation,LowKick,Protect|Brave||F|||50|
|inactive|Battle timer is ON: inactive players will automatically lose when time's up. (requested by signoraino)
|
|t:|1786091467
|teamsize|p1|4
|teamsize|p2|4
|start
|switch|p1a: Farigiraf|Farigiraf, L50, F|100/100
|switch|p1b: Talonflame|Talonflame, L50, F|100/100
|switch|p2a: Incineroar|Incineroar, L50, M|100/100
|switch|p2b: Farigiraf|Farigiraf, L50, F|100/100
|-ability|p2a: Incineroar|Intimidate|boost
|-unboost|p1a: Farigiraf|atk|1
|-unboost|p1b: Talonflame|atk|1
|turn|1
|inactive|signoraino has 30 seconds left.
|inactive|JareMase has 30 seconds left.
|inactive|signoraino has 20 seconds left.
|
|t:|1786091506
|switch|p1b: Scrafty|Scrafty, L50, F|100/100
|-ability|p1b: Scrafty|Intimidate|boost
|-unboost|p2a: Incineroar|atk|1
|-unboost|p2b: Farigiraf|atk|1
|move|p1a: Farigiraf|Protect|p1a: Farigiraf
|-singleturn|p1a: Farigiraf|Protect
|move|p2b: Farigiraf|Thunderbolt|p1b: Scrafty
|-damage|p1b: Scrafty|71/100
|move|p2a: Incineroar|Darkest Lariat|p1a: Farigiraf
|-activate|p1a: Farigiraf|move: Protect
|
|upkeep
|turn|2
|inactive|signoraino has 30 seconds left.
|inactive|signoraino has 20 seconds left.
|inactive|signoraino has 15 seconds left.
|inactive|signoraino has 10 seconds left.
|inactive|signoraino has 5 seconds left.
|
|t:|1786091557
|switch|p1a: Ninetales|Ninetales-Alola, L50, F|100/100
|-weather|Snowscape|[from] ability: Snow Warning|[of] p1a: Ninetales
|switch|p2a: Torkoal|Torkoal, L50, M|100/100
|-weather|SunnyDay|[from] ability: Drought|[of] p2a: Torkoal
|detailschange|p1b: Scrafty|Scrafty-Mega, L50, F
|-mega|p1b: Scrafty|Scrafty|Scraftinite
|-ability|p1b: Scrafty|Intimidate|boost
|-unboost|p2a: Torkoal|atk|1
|-unboost|p2b: Farigiraf|atk|1
|move|p1b: Scrafty|Close Combat|p2a: Torkoal
|-damage|p2a: Torkoal|50/100g
|-unboost|p1b: Scrafty|def|1
|-unboost|p1b: Scrafty|spd|1
|move|p2b: Farigiraf|Thunderbolt|p1b: Scrafty
|-crit|p1b: Scrafty
|-damage|p1b: Scrafty|20/100y
|
|-weather|SunnyDay|[upkeep]
|upkeep
|turn|3
|inactive|signoraino has 30 seconds left.
|inactive|JareMase has 30 seconds left.
|inactive|signoraino has 20 seconds left.
|inactive|signoraino has 15 seconds left.
|
|t:|1786091602
|move|p1a: Ninetales|Protect|p1a: Ninetales
|-singleturn|p1a: Ninetales|Protect
|move|p2b: Farigiraf|Protect|p2b: Farigiraf
|-singleturn|p2b: Farigiraf|Protect
|move|p1b: Scrafty|Knock Off|p2b: Farigiraf
|-activate|p2b: Farigiraf|move: Protect
|move|p2a: Torkoal|Weather Ball|p1a: Ninetales
|-activate|p1a: Ninetales|move: Protect
|
|-weather|SunnyDay|[upkeep]
|upkeep
|turn|4
|inactive|signoraino has 30 seconds left.
|inactive|signoraino has 20 seconds left.
|
|t:|1786091637
|move|p1a: Ninetales|Encore|p2b: Farigiraf
|-start|p2b: Farigiraf|Encore
|move|p2b: Farigiraf|Protect||[still]
|-fail|p2b: Farigiraf
|move|p1b: Scrafty|Close Combat|p2a: Torkoal
|-damage|p2a: Torkoal|0 fnt
|-unboost|p1b: Scrafty|def|1
|-unboost|p1b: Scrafty|spd|1
|faint|p2a: Torkoal
|
|-weather|SunnyDay|[upkeep]
|upkeep
|inactive|signoraino has 30 seconds left.
|
|t:|1786091663
|switch|p2a: Incineroar|Incineroar, L50, M|100/100
|-ability|p2a: Incineroar|Intimidate|boost
|-unboost|p1a: Ninetales|atk|1
|-unboost|p1b: Scrafty|atk|1
|turn|5
|
|t:|1786091683
|switch|p1a: Farigiraf|Farigiraf, L50, F|100/100
|switch|p2b: Feraligatr|Feraligatr, L50, F|100/100
|move|p2a: Incineroar|Fake Out||[still]
|cant|p1a: Farigiraf|ability: Armor Tail|Fake Out|[of] p2a: Incineroar
|move|p1b: Scrafty|Close Combat|p2a: Incineroar
|-supereffective|p2a: Incineroar|1
|-damage|p2a: Incineroar|7/100
|-unboost|p1b: Scrafty|def|1
|-unboost|p1b: Scrafty|spd|1
|
|-weather|SunnyDay|[upkeep]
|upkeep
|turn|6
|inactive|JareMase has 30 seconds left.
|inactive|signoraino has 30 seconds left.
|
|t:|1786091716
|switch|p2a: Farigiraf|Farigiraf, L50, F|100/100
|detailschange|p2b: Feraligatr|Feraligatr-Mega, L50, F
|-mega|p2b: Feraligatr|Feraligatr|Feraligite
|move|p1b: Scrafty|Knock Off|p2a: Farigiraf
|-supereffective|p2a: Farigiraf|1
|-damage|p2a: Farigiraf|29/100
|-enditem|p2a: Farigiraf|Focus Sash|[from] move: Knock Off|[of] p1b: Scrafty
|move|p2b: Feraligatr|Liquidation|p1b: Scrafty
|-damage|p1b: Scrafty|0 fnt
|faint|p1b: Scrafty
|move|p1a: Farigiraf|Psychic|p2b: Feraligatr
|-damage|p2b: Feraligatr|68/100
|
|-weather|none
|upkeep
|
|t:|1786091723
|switch|p1b: Ninetales|Ninetales-Alola, L50, F|100/100
|-weather|Snowscape|[from] ability: Snow Warning|[of] p1b: Ninetales
|turn|7
|inactive|signoraino has 30 seconds left.
|inactive|signoraino has 20 seconds left.
|inactive|signoraino has 15 seconds left.
|inactive|signoraino has 10 seconds left.
|
|t:|1786091769
|move|p2b: Feraligatr|Protect|p2b: Feraligatr
|-singleturn|p2b: Feraligatr|Protect
|move|p1b: Ninetales|Blizzard|p2b: Feraligatr|[spread] p2a
|-activate|p2b: Feraligatr|move: Protect
|-damage|p2a: Farigiraf|0 fnt
|faint|p2a: Farigiraf
|move|p1a: Farigiraf|Psychic|p2b: Feraligatr
|-activate|p2b: Feraligatr|move: Protect
|
|-weather|Snowscape|[upkeep]
|upkeep
|-message|signoraino forfeited.
|
|win|JareMase
|l|☆signoraino
|player|p2|
|raw|JareMase's rating: 1264 → 1278(+14 for winning)
|raw|signoraino's rating: 1101 → 1087(-14 for losing)
