|j|☆raineyluvsu
|j|☆failandimprove2
|html|raineyluvsufailandimprove2    
|uhtml|bestof|Game 1 of a best-of-3
|t:|1782595871
|gametype|doubles
|player|p1|raineyluvsu|1|1060
|player|p2|failandimprove2|2|1077
|gen|9
|tier|[Gen 9 Champions] VGC 2026 Reg M-B (Bo3)
|rated|
|rule|Species Clause: Limit one of each Pokémon
|rule|Item Clause: Limit 1 of each item
|clearpoke
|poke|p1|Metagross, L50|
|poke|p1|Basculegion, L50, M|
|poke|p1|Blaziken, L50, M|
|poke|p1|Politoed, L50, F|
|poke|p1|Tsareena, L50, F|
|poke|p1|Kingambit, L50, F|
|poke|p2|Incineroar, L50, M|
|poke|p2|Floette-Eternal, L50, F|
|poke|p2|Kingambit, L50, F|
|poke|p2|Sinistcha, L50|
|poke|p2|Basculegion, L50, M|
|poke|p2|Sneasler, L50, F|
|teampreview|4
|showteam|p1|Metagross||Metagrossite|ClearBody|IronHead,PsychicFangs,StompingTantrum,Protect|Jolly|||||50|]Basculegion||LifeOrb|Adaptability|WaveCrash,LastRespects,AquaJet,Protect|Jolly||M|||50|]Blaziken||FocusSash|SpeedBoost|Overheat,AuraSphere,Coaching,Detect|Modest||M|||50|]Politoed||SitrusBerry|Drizzle|WeatherBall,IceBeam,PerishSong,Protect|Bold||F|||50|]Tsareena||ChoiceScarf|QueenlyMajesty|TropKick,TripleAxel,LowKick,Uturn|Jolly||F|||50|]Kingambit||BlackGlasses|Defiant|KowtowCleave,SuckerPunch,SwordsDance,Protect|Brave||F|||50|
|showteam|p2|Incineroar||SitrusBerry|Intimidate|FlareBlitz,FakeOut,PartingShot,HelpingHand|Careful||M|||50|]Floette-Eternal||Floettite|FlowerVeil|DazzlingGleam,DrainingKiss,CalmMind,Protect|Timid||F|||50|]Kingambit||BlackGlasses|Defiant|KowtowCleave,SuckerPunch,SwordsDance,Protect|Adamant||F|||50|]Sinistcha||KasibBerry|Hospitality|MatchaGotcha,RagePowder,TrickRoom,Protect|Bold|||||50|]Basculegion||ChoiceScarf|Adaptability|WaveCrash,FlipTurn,LastRespects,AquaJet|Jolly||M|||50|]Sneasler||FocusSash|PoisonTouch|CloseCombat,DireClaw,FakeOut,Protect|Jolly||F|||50|
|inactive|Battle timer is ON: inactive players will automatically lose when time's up. (requested by raineyluvsu)
|
|t:|1782595935
|teamsize|p1|4
|teamsize|p2|4
|start
|switch|p1a: Metagross|Metagross, L50|100/100
|switch|p1b: Kingambit|Kingambit, L50, F|100/100
|switch|p2a: Sneasler|Sneasler, L50, F|100/100
|switch|p2b: Floette|Floette-Eternal, L50, F|100/100
|turn|1
|
|t:|1782595947
|switch|p2b: Kingambit|Kingambit, L50, F|100/100
|switch|p1b: Tsareena|Tsareena, L50, F|100/100
|detailschange|p1a: Metagross|Metagross-Mega, L50
|-mega|p1a: Metagross|Metagross|Metagrossite
|move|p2a: Sneasler|Close Combat|p1b: Tsareena
|-damage|p1b: Tsareena|27/100
|-unboost|p2a: Sneasler|def|1
|-unboost|p2a: Sneasler|spd|1
|move|p1a: Metagross|Iron Head|p2b: Kingambit
|-resisted|p2b: Kingambit|1
|-damage|p2b: Kingambit|78/100
|
|upkeep
|turn|2
|inactive|failandimprove2 has 30 seconds left.
|inactive|failandimprove2 has 20 seconds left.
|inactive|failandimprove2 has 15 seconds left.
|
|t:|1782595987
|move|p2b: Kingambit|Protect|p2b: Kingambit
|-singleturn|p2b: Kingambit|Protect
|move|p1b: Tsareena|Low Kick|p2b: Kingambit
|-activate|p2b: Kingambit|move: Protect
|move|p2a: Sneasler|Close Combat|p1b: Tsareena
|-damage|p1b: Tsareena|0 fnt
|-unboost|p2a: Sneasler|def|1
|-unboost|p2a: Sneasler|spd|1
|faint|p1b: Tsareena
|move|p1a: Metagross|Psychic Fangs|p2a: Sneasler
|-supereffective|p2a: Sneasler|2
|-enditem|p2a: Sneasler|Focus Sash
|-damage|p2a: Sneasler|1/100
|
|upkeep
|
|t:|1782595999
|switch|p1b: Kingambit|Kingambit, L50, F|100/100
|turn|3
|
|t:|1782596013
|switch|p2a: Floette|Floette-Eternal, L50, F|100/100
|move|p2b: Kingambit|Sucker Punch|p1a: Metagross
|-supereffective|p1a: Metagross|1
|-damage|p1a: Metagross|19/100
|move|p1a: Metagross|Stomping Tantrum|p2b: Kingambit
|-supereffective|p2b: Kingambit|1
|-damage|p2b: Kingambit|20/100y
|move|p1b: Kingambit|Swords Dance|p1b: Kingambit
|-boost|p1b: Kingambit|atk|2
|
|upkeep
|turn|4
|
|t:|1782596032
|switch|p2b: Basculegion|Basculegion, L50, M|100/100
|move|p1a: Metagross|Protect|p1a: Metagross
|-singleturn|p1a: Metagross|Protect
|move|p2a: Floette|Protect|p2a: Floette
|-singleturn|p2a: Floette|Protect
|move|p1b: Kingambit|Kowtow Cleave|p2a: Floette
|-activate|p2a: Floette|move: Protect
|
|upkeep
|turn|5
|
|t:|1782596051
|detailschange|p2a: Floette|Floette-Mega, L50, F
|-mega|p2a: Floette|Floette|Floettite
|-ability|p2a: Floette|Fairy Aura
|move|p2b: Basculegion|Aqua Jet|p1a: Metagross
|-damage|p1a: Metagross|0 fnt
|faint|p1a: Metagross
|move|p1b: Kingambit|Sucker Punch||[still]
|-fail|p1b: Kingambit
|move|p2a: Floette|Dazzling Gleam|p1b: Kingambit
|-damage|p1b: Kingambit|47/100
|
|upkeep
|
|t:|1782596060
|switch|p1a: Politoed|Politoed, L50, F|100/100
|-weather|RainDance|[from] ability: Drizzle|[of] p1a: Politoed
|turn|6
|
|t:|1782596074
|move|p2b: Basculegion|Aqua Jet|p1b: Kingambit
|-damage|p1b: Kingambit|18/100
|move|p1b: Kingambit|Sucker Punch|p2a: Floette
|-resisted|p2a: Floette|1
|-damage|p2a: Floette|49/100
|move|p2a: Floette|Dazzling Gleam|p1b: Kingambit|[spread] p1a,p1b
|-damage|p1a: Politoed|64/100
|-damage|p1b: Kingambit|0 fnt
|faint|p1b: Kingambit
|move|p1a: Politoed|Weather Ball|p2a: Floette
|-damage|p2a: Floette|9/100
|
|-weather|RainDance|[upkeep]
|upkeep
|turn|7
|
|t:|1782596086
|switch|p2b: Sneasler|Sneasler, L50, F|1/100
|move|p2a: Floette|Dazzling Gleam|p1a: Politoed
|-damage|p1a: Politoed|18/100
|-enditem|p1a: Politoed|Sitrus Berry|[eat]
|-heal|p1a: Politoed|43/100|[from] item: Sitrus Berry
|move|p1a: Politoed|Weather Ball|p2a: Floette
|-damage|p2a: Floette|0 fnt
|faint|p2a: Floette
|
|-weather|RainDance|[upkeep]
|upkeep
|
|t:|1782596089
|switch|p2a: Basculegion|Basculegion, L50, M|100/100
|turn|8
|
|t:|1782596091
|move|p1a: Politoed|Protect|p1a: Politoed
|-singleturn|p1a: Politoed|Protect
|move|p2a: Basculegion|Last Respects|p1a: Politoed
|-activate|p1a: Politoed|move: Protect
|move|p2b: Sneasler|Close Combat|p1a: Politoed
|-activate|p1a: Politoed|move: Protect
|
|-weather|RainDance|[upkeep]
|upkeep
|turn|9
|
|t:|1782596094
|move|p2a: Basculegion|Last Respects|p1a: Politoed
|-damage|p1a: Politoed|0 fnt
|faint|p1a: Politoed
|
|win|failandimprove2
