|j|☆cacaboudin oui oui
|j|☆obalapv2
|html|cacaboudin oui ouiobalapv2    
|uhtml|bestof|Game 1 of a best-of-3
|t:|1783581483
|gametype|doubles
|player|p1|cacaboudin oui oui|102|1056
|player|p2|obalapv2|266|1000
|gen|9
|tier|[Gen 9 Champions] VGC 2026 Reg M-B (Bo3)
|rated|
|rule|Species Clause: Limit one of each Pokémon
|rule|Item Clause: Limit 1 of each item
|clearpoke
|poke|p1|Armarouge, L50, F|
|poke|p1|Clefable, L50, M|
|poke|p1|Kingambit, L50, F|
|poke|p1|Whimsicott, L50, F|
|poke|p1|Glimmora, L50, M|
|poke|p1|Sneasler, L50, M|
|poke|p2|Scrafty, L50, F|
|poke|p2|Grimmsnarl, L50, M|
|poke|p2|Sinistcha-Masterpiece, L50|
|poke|p2|Basculegion, L50, M|
|poke|p2|Pelipper, L50, F|
|poke|p2|Swampert, L50, F|
|teampreview|4
|showteam|p1|Armarouge||SitrusBerry|FlashFire|WideGuard,Taunt,WillOWisp,HeatWave|Calm||F|||50|]Clefable||FairyFeather|CuteCharm|Moonblast,Protect,HelpingHand,FollowMe|Bold||M|||50|]Kingambit||BlackGlasses|Defiant|IronHead,KowtowCleave,SuckerPunch,Protect|Adamant||F|||50|]Whimsicott||FocusSash|Prankster|EnergyBall,Tailwind,SunnyDay,Encore|Timid||F|||50|]Glimmora||Glimmoranite|ToxicDebris|SludgeWave,EarthPower,PowerGem,SpikyShield|Timid||M|||50|]Sneasler||WhiteHerb|Unburden|CloseCombat,DireClaw,FakeOut,Protect|Jolly||M|||50|
|showteam|p2|Scrafty||Scraftinite|Intimidate|DrainPunch,Detect,SwordsDance,KnockOff|Adamant||F|||50|]Grimmsnarl||LightClay|Prankster|Reflect,LightScreen,FakeOut,SpiritBreak|Adamant||M|||50|]Sinistcha-Masterpiece||BrightPowder|Hospitality|TrickRoom,MatchaGotcha,ShadowBall,RagePowder|Quiet|||||50|]Basculegion||ChoiceScarf|Adaptability|WaveCrash,LastRespects,Liquidation,PhantomForce|Jolly||M|||50|]Pelipper||FocusSash|Drizzle|Hurricane,Tailwind,WeatherBall,WideGuard|Modest||F|||50|]Swampert||Swampertite|Damp|Waterfall,WaveCrash,Earthquake,FlipTurn|Adamant||F|||50|
|inactive|Battle timer is ON: inactive players will automatically lose when time's up. (requested by obalapv2)
|
|t:|1783581509
|teamsize|p1|4
|teamsize|p2|4
|start
|switch|p1a: Whimsicott|Whimsicott, L50, F|100/100
|switch|p1b: Sneasler|Sneasler, L50, M|100/100
|switch|p2a: Pelipper|Pelipper, L50, F|100/100
|switch|p2b: Swampert|Swampert, L50, F|100/100
|-weather|RainDance|[from] ability: Drizzle|[of] p2a: Pelipper
|turn|1
|
|t:|1783581527
|switch|p2b: Basculegion|Basculegion, L50, M|100/100
|move|p1b: Sneasler|Fake Out|p2b: Basculegion
|-immune|p2b: Basculegion
|move|p1a: Whimsicott|Sunny Day|p1a: Whimsicott
|-weather|SunnyDay
|move|p2a: Pelipper|Weather Ball|p1a: Whimsicott
|-supereffective|p1a: Whimsicott|1
|-crit|p1a: Whimsicott
|-enditem|p1a: Whimsicott|Focus Sash
|-damage|p1a: Whimsicott|1/100
|
|-weather|SunnyDay|[upkeep]
|upkeep
|turn|2
|
|t:|1783581544
|switch|p1a: Kingambit|Kingambit, L50, F|100/100
|move|p2b: Basculegion|Wave Crash|p1b: Sneasler
|-damage|p1b: Sneasler|35/100
|-damage|p2b: Basculegion|82/100|[from] Recoil
|move|p1b: Sneasler|Dire Claw|p2a: Pelipper
|-damage|p2a: Pelipper|55/100
|-status|p2a: Pelipper|slp
|cant|p2a: Pelipper|slp
|
|-weather|SunnyDay|[upkeep]
|upkeep
|turn|3
|inactive|cacaboudin oui oui has 30 seconds left.
|
|t:|1783581571
|switch|p2b: Sinistcha|Sinistcha-Masterpiece, L50|100/100
|-heal|p2a: Pelipper|79/100 slp|[from] ability: Hospitality|[of] p2b: Sinistcha
|move|p1b: Sneasler|Dire Claw|p2b: Sinistcha
|-damage|p2b: Sinistcha|62/100
|cant|p2a: Pelipper|slp
|move|p1a: Kingambit|Kowtow Cleave|p2a: Pelipper
|-damage|p2a: Pelipper|19/100 slp
|
|-weather|SunnyDay|[upkeep]
|upkeep
|turn|4
|inactive|obalapv2 has 30 seconds left.
|
|t:|1783581599
|switch|p2a: Basculegion|Basculegion, L50, M|82/100
|move|p2b: Sinistcha|Rage Powder|p2b: Sinistcha
|-singleturn|p2b: Sinistcha|move: Rage Powder
|move|p1b: Sneasler|Dire Claw|p2b: Sinistcha
|-damage|p2b: Sinistcha|19/100
|move|p1a: Kingambit|Kowtow Cleave|p2b: Sinistcha
|-supereffective|p2b: Sinistcha|1
|-damage|p2b: Sinistcha|0 fnt
|faint|p2b: Sinistcha
|
|-weather|SunnyDay|[upkeep]
|upkeep
|
|t:|1783581607
|switch|p2b: Pelipper|Pelipper, L50, F|19/100 slp
|-weather|RainDance|[from] ability: Drizzle|[of] p2b: Pelipper
|turn|5
|
|t:|1783581617
|move|p1a: Kingambit|Sucker Punch|p2a: Basculegion
|-supereffective|p2a: Basculegion|1
|-damage|p2a: Basculegion|0 fnt
|faint|p2a: Basculegion
|move|p1b: Sneasler|Close Combat|p2b: Pelipper
|-resisted|p2b: Pelipper|1
|-damage|p2b: Pelipper|0 fnt
|-unboost|p1b: Sneasler|def|1
|-unboost|p1b: Sneasler|spd|1
|faint|p2b: Pelipper
|-enditem|p1b: Sneasler|White Herb
|-clearnegativeboost|p1b: Sneasler|[silent]
|
|-weather|RainDance|[upkeep]
|upkeep
|
|t:|1783581621
|switch|p2a: Swampert|Swampert, L50, F|100/100
|turn|6
|
|t:|1783581635
|detailschange|p2a: Swampert|Swampert-Mega, L50, F
|-mega|p2a: Swampert|Swampert|Swampertite
|move|p1b: Sneasler|Protect|p1b: Sneasler
|-singleturn|p1b: Sneasler|Protect
|move|p2a: Swampert|Earthquake|p1b: Sneasler|[spread] p1a
|-activate|p1b: Sneasler|move: Protect
|-supereffective|p1a: Kingambit|1
|-damage|p1a: Kingambit|33/100
|move|p1a: Kingambit|Kowtow Cleave|p2a: Swampert
|-damage|p2a: Swampert|48/100
|
|-weather|RainDance|[upkeep]
|upkeep
|turn|7
|
|t:|1783581647
|move|p1a: Kingambit|Sucker Punch|p2a: Swampert
|-damage|p2a: Swampert|1/100
|move|p1b: Sneasler|Close Combat|p2a: Swampert
|-damage|p2a: Swampert|0 fnt
|-unboost|p1b: Sneasler|def|1
|-unboost|p1b: Sneasler|spd|1
|faint|p2a: Swampert
|
|win|cacaboudin oui oui
||obalapv2 is ready for game 2.
|inactive|cacaboudin oui oui has 30 seconds to confirm battle start!
||cacaboudin oui oui is ready for game 2.
|uhtml|next|Next: Game 2 of 3
