|j|☆superandry
|j|☆KrsCrossAppleSauce
|html|superandryKrsCrossAppleSauce    
|uhtml|bestof|Game 1 of a best-of-3
|t:|1756285348
|gametype|doubles
|player|p1|superandry|palmer|1080
|player|p2|KrsCrossAppleSauce|green|1179
|gen|9
|tier|[Gen 9] VGC 2025 Reg H (Bo3)
|rated|
|rule|Species Clause: Limit one of each Pokémon
|rule|Item Clause: Limit 1 of each item
|clearpoke
|poke|p1|Weezing, L50, M|
|poke|p1|Incineroar, L50, M|
|poke|p1|Dragonite, L50, F|
|poke|p1|Ursaluna-Bloodmoon, L50, M|
|poke|p1|Annihilape, L50, M|
|poke|p1|Dragapult, L50, M|
|poke|p2|Sneasler, L50, F|
|poke|p2|Gholdengo, L50|
|poke|p2|Dondozo, L50, M|
|poke|p2|Rillaboom, L50, F|
|poke|p2|Volcarona, L50, M|
|poke|p2|Electabuzz, L50, F|
|teampreview|4
|showteam|p1|Weezing||SitrusBerry|NeutralizingGas|GunkShot,WillOWisp,Taunt,Protect|||M|||50|,,,,,Water]Incineroar||AbilityShield|Intimidate|FakeOut,FlareBlitz,KnockOff,PartingShot|||M|||50|,,,,,Ghost]Dragonite||LoadedDice|Multiscale|ScaleShot,ExtremeSpeed,Tailwind,Protect|||F|||50|,,,,,Steel]Ursaluna-Bloodmoon||AssaultVest|MindsEye|HyperVoice,BloodMoon,EarthPower,VacuumWave|||M|||50|,,,,,Normal]Annihilape||SafetyGoggles|Defiant|CloseCombat,FinalGambit,RageFist,Protect|||M|||50|,,,,,Stellar]Dragapult||ChoiceSpecs|ClearBody|DracoMeteor,ShadowBall,Flamethrower,DragonDarts|||M|||50|,,,,,Stellar
|showteam|p2|Sneasler||FocusSash|PoisonTouch|FakeOut,DireClaw,CloseCombat,Protect|||F|||50|,,,,,Dark]Gholdengo||LifeOrb|GoodasGold|MakeItRain,ShadowBall,NastyPlot,Protect||||||50|,,,,,Water]Dondozo||Leftovers|Unaware|WaveCrash,Yawn,Fissure,Protect|||M|||50|,,,,,Psychic]Rillaboom||AssaultVest|GrassySurge|FakeOut,WoodHammer,GrassyGlide,Uturn|||F|||50|,,,,,Fire]Volcarona||CovertCloak|FlameBody|HeatWave,QuiverDance,TeraBlast,Protect|||M|||50|,,,,,Fairy]Electabuzz||Eviolite|VitalSpirit|Thunderbolt,FollowMe,Taunt,Protect|||F|||50|,,,,,Ghost
|inactive|Battle timer is ON: inactive players will automatically lose when time's up. (requested by superandry)
|inactive|superandry has 60 seconds left.
|inactive|KrsCrossAppleSauce has 60 seconds left.
|inactive|superandry has 30 seconds left.
|inactive|KrsCrossAppleSauce has 30 seconds left.
|inactive|KrsCrossAppleSauce has 20 seconds left.
|inactive|KrsCrossAppleSauce has 15 seconds left.
|
|t:|1756285425
|teamsize|p1|4
|teamsize|p2|4
|start
|switch|p1a: Incineroar|Incineroar, L50, M|100/100
|switch|p1b: Dragonite|Dragonite, L50, F|100/100
|switch|p2a: Gholdengo|Gholdengo, L50|100/100
|switch|p2b: Electabuzz|Electabuzz, L50, F|100/100
|-ability|p1a: Incineroar|Intimidate|boost
|-unboost|p2a: Gholdengo|atk|1
|-unboost|p2b: Electabuzz|atk|1
|turn|1
|
|t:|1756285449
|move|p2b: Electabuzz|Follow Me|p2b: Electabuzz
|-singleturn|p2b: Electabuzz|move: Follow Me
|move|p2a: Gholdengo|Nasty Plot|p2a: Gholdengo
|-boost|p2a: Gholdengo|spa|2
|move|p1b: Dragonite|Scale Shot|p2b: Electabuzz|[miss]
|-miss|p1b: Dragonite|p2b: Electabuzz
|move|p1a: Incineroar|Flare Blitz|p2b: Electabuzz
|-damage|p2b: Electabuzz|60/100
|-damage|p1a: Incineroar|89/100|[from] Recoil
|
|upkeep
|turn|2
|inactive|KrsCrossAppleSauce has 30 seconds left.
|
|t:|1756285475
|move|p2b: Electabuzz|Follow Me|p2b: Electabuzz
|-singleturn|p2b: Electabuzz|move: Follow Me
|move|p2a: Gholdengo|Shadow Ball|p1b: Dragonite
|-damage|p1b: Dragonite|35/100
|-unboost|p1b: Dragonite|spd|1
|-damage|p2a: Gholdengo|91/100|[from] item: Life Orb
|move|p1b: Dragonite|Tailwind|p1b: Dragonite
|-sidestart|p1: superandry|move: Tailwind
|move|p1a: Incineroar|Flare Blitz|p2b: Electabuzz
|-damage|p2b: Electabuzz|20/100
|-damage|p1a: Incineroar|78/100|[from] Recoil
|
|upkeep
|turn|3
|inactive|superandry has 30 seconds left.
|
|t:|1756285500
|switch|p2b: Rillaboom|Rillaboom, L50, F|100/100
|-fieldstart|move: Grassy Terrain|[from] ability: Grassy Surge|[of] p2b: Rillaboom
|move|p2a: Gholdengo|Protect|p2a: Gholdengo
|-singleturn|p2a: Gholdengo|Protect
|move|p1b: Dragonite|Scale Shot|p2a: Gholdengo
|-activate|p2a: Gholdengo|move: Protect
|move|p1a: Incineroar|Flare Blitz|p2a: Gholdengo
|-activate|p2a: Gholdengo|move: Protect
|
|-heal|p1a: Incineroar|84/100|[from] Grassy Terrain
|-heal|p2a: Gholdengo|97/100|[from] Grassy Terrain
|upkeep
|turn|4
|
|t:|1756285524
|switch|p1a: Annihilape|Annihilape, L50, M|100/100
|move|p2b: Rillaboom|Fake Out|p1a: Annihilape
|-immune|p1a: Annihilape
|move|p1b: Dragonite|Scale Shot|p2b: Rillaboom
|-damage|p2b: Rillaboom|85/100
|-damage|p2b: Rillaboom|69/100
|-damage|p2b: Rillaboom|53/100
|-crit|p2b: Rillaboom
|-damage|p2b: Rillaboom|32/100
|-damage|p2b: Rillaboom|17/100
|-hitcount|p2b: Rillaboom|5
|-unboost|p1b: Dragonite|def|1
|-boost|p1b: Dragonite|spe|1
|move|p2a: Gholdengo|Shadow Ball|p1a: Annihilape
|-supereffective|p1a: Annihilape
|-damage|p1a: Annihilape|0 fnt
|faint|p1a: Annihilape
|-damage|p2a: Gholdengo|87/100|[from] item: Life Orb
|
|-heal|p2a: Gholdengo|93/100|[from] Grassy Terrain
|-heal|p2b: Rillaboom|23/100|[from] Grassy Terrain
|upkeep
|
|t:|1756285548
|switch|p1a: Incineroar|Incineroar, L50, M|84/100
|-ability|p1a: Incineroar|Intimidate|boost
|-unboost|p2a: Gholdengo|atk|1
|-unboost|p2b: Rillaboom|atk|1
|turn|5
|
|t:|1756285571
|move|p2a: Gholdengo|Protect|p2a: Gholdengo
|-singleturn|p2a: Gholdengo|Protect
|move|p2b: Rillaboom|Grassy Glide|p1b: Dragonite
|-resisted|p1b: Dragonite
|-damage|p1b: Dragonite|26/100
|move|p1b: Dragonite|Scale Shot|p2b: Rillaboom
|-damage|p2b: Rillaboom|9/100
|-damage|p2b: Rillaboom|0 fnt
|faint|p2b: Rillaboom
|-hitcount|p2: Rillaboom|2
|-unboost|p1b: Dragonite|def|1
|-boost|p1b: Dragonite|spe|1
|move|p1a: Incineroar|Knock Off|p2a: Gholdengo
|-activate|p2a: Gholdengo|move: Protect
|
|-heal|p1a: Incineroar|90/100|[from] Grassy Terrain
|-heal|p2a: Gholdengo|99/100|[from] Grassy Terrain
|-sideend|p1: superandry|move: Tailwind
|upkeep
|
|t:|1756285583
|switch|p2b: Sneasler|Sneasler, L50, F|100/100
|turn|6
|
|t:|1756285597
|-terastallize|p2a: Gholdengo|Water
|move|p2b: Sneasler|Protect|p2b: Sneasler
|-singleturn|p2b: Sneasler|Protect
|move|p1b: Dragonite|Scale Shot|p2b: Sneasler
|-activate|p2b: Sneasler|move: Protect
|move|p2a: Gholdengo|Make It Rain|p1b: Dragonite|[spread] p1a,p1b
|-resisted|p1a: Incineroar
|-damage|p1a: Incineroar|31/100
|-damage|p1b: Dragonite|0 fnt
|-unboost|p2a: Gholdengo|spa|1
|faint|p1b: Dragonite
|-damage|p2a: Gholdengo|89/100|[from] item: Life Orb
|move|p1a: Incineroar|Flare Blitz|p2a: Gholdengo
|-resisted|p2a: Gholdengo
|-damage|p2a: Gholdengo|58/100
|-damage|p1a: Incineroar|23/100|[from] Recoil
|
|-heal|p2a: Gholdengo|64/100|[from] Grassy Terrain
|-heal|p1a: Incineroar|29/100|[from] Grassy Terrain
|upkeep
|
|t:|1756285615
|switch|p1b: Dragapult|Dragapult, L50, M, shiny|100/100
|turn|7
|
|t:|1756285631
|-terastallize|p1b: Dragapult|Stellar
|move|p1b: Dragapult|Draco Meteor|p2b: Sneasler
|-enditem|p2b: Sneasler|Focus Sash
|-damage|p2b: Sneasler|1/100
|-unboost|p1b: Dragapult|spa|2
|move|p2b: Sneasler|Dire Claw|p1b: Dragapult
|-resisted|p1b: Dragapult
|-damage|p1b: Dragapult|67/100
|-status|p1b: Dragapult|par
|move|p2a: Gholdengo|Make It Rain|p1a: Incineroar|[spread] p1a,p1b
|-resisted|p1a: Incineroar
|-damage|p1a: Incineroar|0 fnt
|-damage|p1b: Dragapult|0 fnt
|-unboost|p2a: Gholdengo|spa|1
|faint|p1a: Incineroar
|faint|p1b: Dragapult
|-damage|p2a: Gholdengo|54/100|[from] item: Life Orb
|
|win|KrsCrossAppleSauce
|inactive|superandry has 30 seconds to confirm battle start!
|inactive|KrsCrossAppleSauce has 30 seconds to confirm battle start!
||superandry is ready for game 2.
