|j|☆Kylliza
|j|☆Art22
|html|KyllizaArt22    
|uhtml|bestof|Game 3 of a best-of-3
|t:|1782347132
|gametype|doubles
|player|p1|Kylliza|265|1192
|player|p2|Art22|1|1197
|gen|9
|tier|[Gen 9 Champions] VGC 2026 Reg M-B (Bo3)
|rated|
|rule|Species Clause: Limit one of each Pokémon
|rule|Item Clause: Limit 1 of each item
|clearpoke
|poke|p1|Blaziken, L50, F|
|poke|p1|Whimsicott, L50, F|
|poke|p1|Incineroar, L50, M|
|poke|p1|Sylveon, L50, M|
|poke|p1|Basculegion, L50, M|
|poke|p1|Froslass, L50, F|
|poke|p2|Staraptor, L50, F|
|poke|p2|Whimsicott, L50, F|
|poke|p2|Garchomp, L50, M|
|poke|p2|Delphox, L50, M|
|poke|p2|Kingambit, L50, M|
|poke|p2|Milotic, L50, F|
|teampreview|4
|showteam|p1|Blaziken||Blazikenite|SpeedBoost|FlareBlitz,CloseCombat,RockSlide,Protect|Adamant||F|||50|]Whimsicott||FocusSash|Prankster|Moonblast,Tailwind,Encore,Protect|Timid||F|||50|]Incineroar||SitrusBerry|Intimidate|FakeOut,FlareBlitz,ThroatChop,PartingShot|Careful||M|||50|]Sylveon||FairyFeather|Pixilate|HyperVoice,HyperBeam,QuickAttack,Protect|Modest||M|||50|]Basculegion||ChoiceScarf|Adaptability|WaveCrash,LastRespects,AquaJet,FlipTurn|Jolly||M|||50|]Froslass||Froslassite|CursedBody|Blizzard,ShadowBall,AuroraVeil,Protect|Timid||F|||50|
|showteam|p2|Staraptor||Staraptite|Intimidate|CloseCombat,BraveBird,Roost,Protect|Adamant||F|||50|]Whimsicott||FocusSash|Prankster|Moonblast,Tickle,Tailwind,Encore|Timid||F|||50|]Garchomp||LifeOrb|RoughSkin|DragonClaw,Earthquake,RockSlide,Protect|Jolly||M|||50|]Delphox||Delphoxite|Blaze|HeatWave,Psychic,Protect,GrassKnot|Timid||M|||50|]Kingambit||BlackGlasses|Defiant|IronHead,KowtowCleave,SuckerPunch,Protect|Adamant||M|||50|]Milotic||Leftovers|Competitive|IceBeam,MuddyWater,Protect,LifeDew|Modest||F|||50|
|inactive|Battle timer is ON: inactive players will automatically lose when time's up. (requested by Kylliza)
|
|t:|1782347174
|teamsize|p1|4
|teamsize|p2|4
|start
|switch|p1a: Sylveon|Sylveon, L50, M|100/100
|switch|p1b: Whimsicott|Whimsicott, L50, F|100/100
|switch|p2a: Milotic|Milotic, L50, F|100/100
|switch|p2b: Staraptor|Staraptor, L50, F|100/100
|-ability|p2b: Staraptor|Intimidate|boost
|-unboost|p1a: Sylveon|atk|1
|-unboost|p1b: Whimsicott|atk|1
|turn|1
|inactive|Art22 has 30 seconds left.
|
|t:|1782347200
|switch|p2b: Kingambit|Kingambit, L50, M|100/100
|move|p1b: Whimsicott|Tailwind|p1b: Whimsicott
|-sidestart|p1: Kylliza|move: Tailwind
|move|p1a: Sylveon|Hyper Voice|p2a: Milotic|[spread] p2a,p2b
|-crit|p2b: Kingambit
|-damage|p2a: Milotic|62/100
|-damage|p2b: Kingambit|28/100
|move|p2a: Milotic|Muddy Water|p1a: Sylveon|[spread] p1a,p1b
|-resisted|p1b: Whimsicott|1
|-damage|p1a: Sylveon|73/100
|-damage|p1b: Whimsicott|78/100
|
|-heal|p2a: Milotic|68/100|[from] item: Leftovers
|upkeep
|turn|2
|
|t:|1782347222
|move|p1b: Whimsicott|Encore|p2a: Milotic
|-start|p2a: Milotic|Encore
|move|p1a: Sylveon|Hyper Voice|p2a: Milotic|[spread] p2a,p2b
|-damage|p2a: Milotic|29/100
|-damage|p2b: Kingambit|0 fnt
|faint|p2b: Kingambit
|move|p2a: Milotic|Muddy Water|p1b: Whimsicott|[spread] p1a,p1b
|-crit|p1a: Sylveon
|-resisted|p1b: Whimsicott|1
|-damage|p1a: Sylveon|36/100
|-damage|p1b: Whimsicott|59/100
|
|-heal|p2a: Milotic|35/100|[from] item: Leftovers
|upkeep
|
|t:|1782347233
|switch|p2b: Staraptor|Staraptor, L50, F|100/100
|-ability|p2b: Staraptor|Intimidate|boost
|-unboost|p1a: Sylveon|atk|1
|-unboost|p1b: Whimsicott|atk|1
|turn|3
|
|t:|1782347239
|move|p1b: Whimsicott|Moonblast|p2a: Milotic
|-damage|p2a: Milotic|12/100
|move|p1a: Sylveon|Hyper Voice|p2b: Staraptor|[spread] p2a,p2b
|-damage|p2a: Milotic|0 fnt
|-damage|p2b: Staraptor|35/100
|faint|p2a: Milotic
|move|p2b: Staraptor|Brave Bird|p1a: Sylveon
|-damage|p1a: Sylveon|0 fnt
|faint|p1a: Sylveon
|-damage|p2b: Staraptor|22/100|[from] Recoil
|
|upkeep
|
|t:|1782347257
|switch|p2a: Garchomp|Garchomp, L50, M|100/100
|switch|p1a: Basculegion|Basculegion, L50, M|100/100
|turn|4
|
|t:|1782347274
|move|p1a: Basculegion|Last Respects|p2a: Garchomp
|-damage|p2a: Garchomp|40/100
|move|p1b: Whimsicott|Moonblast|p2b: Staraptor
|-damage|p2b: Staraptor|0 fnt
|faint|p2b: Staraptor
|move|p2a: Garchomp|Earthquake|p1b: Whimsicott|[spread] p1a,p1b
|-resisted|p1b: Whimsicott|1
|-damage|p1a: Basculegion|38/100
|-damage|p1b: Whimsicott|28/100
|-damage|p2a: Garchomp|30/100|[from] item: Life Orb
|
|-sideend|p1: Kylliza|move: Tailwind
|upkeep
|turn|5
|-message|Art22 forfeited.
|
|win|Kylliza
|raw|Kylliza's rating: 1192 → 1217(+25 for winning)
|raw|Art22's rating: 1197 → 1172(-25 for losing)
