|j|☆ttvmoxiie
|j|☆MrTedno
|html|ttvmoxiieMrTedno    
|uhtml|bestof|Game 1 of a best-of-3
|t:|1757793386
|gametype|doubles
|player|p1|ttvmoxiie|steven|1195
|player|p2|MrTedno|170|1240
|gen|9
|tier|[Gen 9] VGC 2025 Reg H (Bo3)
|rated|
|rule|Species Clause: Limit one of each Pokémon
|rule|Item Clause: Limit 1 of each item
|clearpoke
|poke|p1|Dragonite, L50, F|
|poke|p1|Gholdengo, L50|
|poke|p1|Rillaboom, L50, F|
|poke|p1|Ursaluna-Bloodmoon, L50, M|
|poke|p1|Annihilape, L50, M|
|poke|p1|Maushold-Four, L50|
|poke|p2|Ninetales-Alola, L50, F|
|poke|p2|Garchomp, L50, F|
|poke|p2|Flamigo, L50, F|
|poke|p2|Incineroar, L50, F|
|poke|p2|Gholdengo, L50|
|poke|p2|Amoonguss, L50, M|
|teampreview|4
|showteam|p1|Dragonite||LoadedDice|Multiscale|Haze,Protect,Tailwind,ScaleShot|||F|||50|,,,,,Fairy]Gholdengo||LifeOrb|GoodasGold|Protect,NastyPlot,MakeItRain,ShadowBall||||||50|,,,,,Water]Rillaboom||MiracleSeed|GrassySurge|GrassyGlide,WoodHammer,FakeOut,HighHorsepower|||F|||50|,,,,,Fire]Ursaluna-Bloodmoon||AssaultVest|MindsEye|BloodMoon,HyperVoice,EarthPower,VacuumWave|||M|||50|,,,,,Water]Annihilape||SitrusBerry|Defiant|RageFist,DrainPunch,BulkUp,Protect|||M|||50|,,,,,Fire]Maushold-Four||FocusSash|FriendGuard|SuperFang,FollowMe,BeatUp,Protect||||||50|,,,,,Ghost
|showteam|p2|Ninetales-Alola||LightClay|SnowWarning|Protect,Blizzard,FreezeDry,AuroraVeil|||F|||50|,,,,,Water]Garchomp||ClearAmulet|RoughSkin|Earthquake,DragonClaw,StompingTantrum,Protect|||F|||50|,,,,,Fire]Flamigo||CovertCloak|Scrappy|BraveBird,CloseCombat,Tailwind,Detect|||F|||50|,,,,,Dark]Incineroar||SafetyGoggles|Intimidate|FakeOut,PartingShot,FlareBlitz,KnockOff|||F|||50|,,,,,Ghost]Gholdengo||LifeOrb|GoodasGold|ShadowBall,MakeItRain,NastyPlot,Protect||||||50|,,,,,Flying]Amoonguss||SitrusBerry|Regenerator|Spore,RagePowder,PollenPuff,ClearSmog|||M|||50|,,,,,Water
|c|☆MrTedno|glhf
|c|☆ttvmoxiie|GLHF
|inactive|Battle timer is ON: inactive players will automatically lose when time's up. (requested by ttvmoxiie)
|inactive|ttvmoxiie has 60 seconds left.
|inactive|MrTedno has 60 seconds left.
|
|t:|1757793476
|teamsize|p1|4
|teamsize|p2|4
|start
|switch|p1a: Annihilape|Annihilape, L50, M|100/100
|switch|p1b: Maushold|Maushold-Four, L50|100/100
|switch|p2a: Marty|Flamigo, L50, F|100/100
|switch|p2b: Alex|Garchomp, L50, F|100/100
|turn|1
|
|t:|1757793499
|move|p1b: Maushold|Beat Up|p1a: Annihilape
|-damage|p1a: Annihilape|98/100
|-damage|p1a: Annihilape|96/100
|-damage|p1a: Annihilape|94/100
|-damage|p1a: Annihilape|91/100
|-hitcount|p1a: Annihilape|4
|move|p2b: Alex|Earthquake|p1b: Maushold|[spread] p1a,p1b
|-immune|p2a: Marty
|-damage|p1a: Annihilape|61/100
|-damage|p1b: Maushold|54/100
|move|p1a: Annihilape|Rage Fist|p2b: Alex
|-damage|p2b: Alex|0 fnt
|-damage|p1a: Annihilape|49/100|[from] ability: Rough Skin|[of] p2b: Alex
|-enditem|p1a: Annihilape|Sitrus Berry|[eat]
|-heal|p1a: Annihilape|74/100|[from] item: Sitrus Berry
|faint|p2b: Alex
|move|p2a: Marty|Tailwind|p2a: Marty
|-sidestart|p2: MrTedno|move: Tailwind
|
|upkeep
|inactive|MrTedno has 30 seconds left.
|inactive|MrTedno has 20 seconds left.
|inactive|MrTedno has 15 seconds left.
|
|t:|1757793540
|switch|p2b: Gloria|Ninetales-Alola, L50, F|100/100
|-weather|Snowscape|[from] ability: Snow Warning|[of] p2b: Gloria
|turn|2
|
|t:|1757793559
|-terastallize|p1a: Annihilape|Fire
|move|p1b: Maushold|Follow Me|p1b: Maushold
|-singleturn|p1b: Maushold|move: Follow Me
|move|p2b: Gloria|Blizzard|p1a: Annihilape|[spread] p1a,p1b
|-resisted|p1a: Annihilape
|-damage|p1a: Annihilape|66/100
|-damage|p1b: Maushold|24/100
|move|p2a: Marty|Close Combat|p1b: Maushold
|-supereffective|p1b: Maushold
|-damage|p1b: Maushold|0 fnt
|-unboost|p2a: Marty|def|1
|-unboost|p2a: Marty|spd|1
|faint|p1b: Maushold
|move|p1a: Annihilape|Bulk Up|p1a: Annihilape
|-boost|p1a: Annihilape|atk|1
|-boost|p1a: Annihilape|def|1
|
|-weather|Snowscape|[upkeep]
|upkeep
|
|t:|1757793580
|switch|p1b: Rillaboom|Rillaboom, L50, F|100/100
|-fieldstart|move: Grassy Terrain|[from] ability: Grassy Surge|[of] p1b: Rillaboom
|turn|3
|inactive|MrTedno has 30 seconds left.
|
|t:|1757793610
|move|p1b: Rillaboom|Fake Out|p2b: Gloria
|-damage|p2b: Gloria|88/100
|cant|p2b: Gloria|flinch
|move|p2a: Marty|Brave Bird|p1a: Annihilape
|-damage|p1a: Annihilape|27/100
|-damage|p2a: Marty|85/100|[from] Recoil
|move|p1a: Annihilape|Rage Fist|p2a: Marty
|-damage|p2a: Marty|0 fnt
|faint|p2a: Marty
|
|-weather|Snowscape|[upkeep]
|-heal|p2b: Gloria|94/100|[from] Grassy Terrain
|-heal|p1a: Annihilape|33/100|[from] Grassy Terrain
|upkeep
|
|t:|1757793612
|switch|p2a: Julien|Incineroar, L50, F|100/100
|-ability|p2a: Julien|Intimidate|boost
|-unboost|p1a: Annihilape|atk|1
|-ability|p1a: Annihilape|Defiant|boost
|-boost|p1a: Annihilape|atk|2
|-unboost|p1b: Rillaboom|atk|1
|turn|4
|inactive|ttvmoxiie has 30 seconds left.
|inactive|MrTedno has 30 seconds left.
|
|t:|1757793645
|switch|p1b: Ursaluna|Ursaluna-Bloodmoon, L50, M|100/100
|-terastallize|p2a: Julien|Ghost
|move|p1a: Annihilape|Protect|p1a: Annihilape
|-singleturn|p1a: Annihilape|Protect
|move|p2a: Julien|Fake Out|p1b: Ursaluna
|-damage|p1b: Ursaluna|92/100
|move|p2b: Gloria|Aurora Veil|p2b: Gloria
|-sidestart|p2: MrTedno|move: Aurora Veil
|
|-weather|Snowscape|[upkeep]
|-heal|p2b: Gloria|99/100|[from] Grassy Terrain
|-heal|p1a: Annihilape|39/100|[from] Grassy Terrain
|-heal|p1b: Ursaluna|98/100|[from] Grassy Terrain
|-sideend|p2: MrTedno|move: Tailwind
|upkeep
|turn|5
|
|t:|1757793668
|move|p2b: Gloria|Blizzard|p1b: Ursaluna|[spread] p1a,p1b
|-resisted|p1a: Annihilape
|-supereffective|p1b: Ursaluna
|-damage|p1a: Annihilape|29/100
|-damage|p1b: Ursaluna|70/100
|move|p1a: Annihilape|Drain Punch|p2b: Gloria
|-damage|p2b: Gloria|64/100
|-heal|p1a: Annihilape|45/100|[from] drain|[of] p2b: Gloria
|move|p2a: Julien|Knock Off|p1a: Annihilape
|-damage|p1a: Annihilape|22/100
|move|p1b: Ursaluna|Blood Moon|p2a: Julien
|-damage|p2a: Julien|64/100
|
|-weather|Snowscape|[upkeep]
|-heal|p2b: Gloria|70/100|[from] Grassy Terrain
|-heal|p1a: Annihilape|28/100|[from] Grassy Terrain
|-heal|p2a: Julien|70/100|[from] Grassy Terrain
|-heal|p1b: Ursaluna|76/100|[from] Grassy Terrain
|upkeep
|turn|6
|inactive|MrTedno has 30 seconds left.
|
|t:|1757793695
|move|p1a: Annihilape|Protect|p1a: Annihilape
|-singleturn|p1a: Annihilape|Protect
|move|p2b: Gloria|Blizzard|p1a: Annihilape|[spread] p1b
|-activate|p1a: Annihilape|move: Protect
|-supereffective|p1b: Ursaluna
|-damage|p1b: Ursaluna|43/100
|move|p2a: Julien|Knock Off|p1b: Ursaluna
|-damage|p1b: Ursaluna|10/100
|-enditem|p1b: Ursaluna|Assault Vest|[from] move: Knock Off|[of] p2a: Julien
|move|p1b: Ursaluna|Hyper Voice|p2b: Gloria|[spread] p2a,p2b
|-damage|p2a: Julien|51/100
|-damage|p2b: Gloria|48/100
|
|-weather|none
|-heal|p2b: Gloria|54/100|[from] Grassy Terrain
|-heal|p1a: Annihilape|34/100|[from] Grassy Terrain
|-heal|p2a: Julien|57/100|[from] Grassy Terrain
|-heal|p1b: Ursaluna|16/100|[from] Grassy Terrain
|upkeep
|turn|7
|inactive|ttvmoxiie has 30 seconds left.
|inactive|ttvmoxiie has 20 seconds left.
|
|t:|1757793731
|move|p1b: Ursaluna|Vacuum Wave|p2b: Gloria
|-damage|p2b: Gloria|44/100
|move|p2b: Gloria|Blizzard|p1a: Annihilape|[spread] p1a,p1b
|-resisted|p1a: Annihilape
|-supereffective|p1b: Ursaluna
|-damage|p1a: Annihilape|23/100
|-damage|p1b: Ursaluna|0 fnt
|faint|p1b: Ursaluna
|move|p1a: Annihilape|Drain Punch|p2b: Gloria
|-damage|p2b: Gloria|0 fnt
|-heal|p1a: Annihilape|42/100|[from] drain|[of] p2b: Gloria
|faint|p2b: Gloria
|move|p2a: Julien|Flare Blitz|p1a: Annihilape
|-resisted|p1a: Annihilape
|-damage|p1a: Annihilape|21/100
|-damage|p2a: Julien|50/100|[from] Recoil
|
|-heal|p1a: Annihilape|27/100|[from] Grassy Terrain
|-heal|p2a: Julien|56/100|[from] Grassy Terrain
|-fieldend|move: Grassy Terrain
|upkeep
|
|t:|1757793747
|switch|p1b: Rillaboom|Rillaboom, L50, F|100/100
|-fieldstart|move: Grassy Terrain|[from] ability: Grassy Surge|[of] p1b: Rillaboom
|turn|8
|-message|MrTedno forfeited.
|
|win|ttvmoxiie
||MrTedno is ready for game 2.
