|j|☆Stutesting
|j|☆asmodeo666
|html|Stutestingasmodeo666    
|uhtml|bestof|Game 1 of a best-of-3
|t:|1757627486
|gametype|doubles
|player|p1|Stutesting|265|1247
|player|p2|asmodeo666|266|1169
|gen|9
|tier|[Gen 9] VGC 2025 Reg H (Bo3)
|rated|
|rule|Species Clause: Limit one of each Pokémon
|rule|Item Clause: Limit 1 of each item
|clearpoke
|poke|p1|Amoonguss, L50, F|
|poke|p1|Incineroar, L50, M|
|poke|p1|Ceruledge, L50, F|
|poke|p1|Porygon2, L50|
|poke|p1|Palafin, L50, F|
|poke|p1|Ursaluna, L50, M|
|poke|p2|Riolu, L50, F|
|poke|p2|Ceruledge, L50, M|
|poke|p2|Rillaboom, L50, M|
|poke|p2|Dragonite, L50, F|
|poke|p2|Gholdengo, L50|
|poke|p2|Maushold, L50|
|teampreview|4
|showteam|p1|Amoonguss||SitrusBerry|Regenerator|Spore,RagePowder,PollenPuff,Protect|||F|||50|,,,,,Water]Incineroar||SafetyGoggles|Intimidate|FakeOut,KnockOff,FlareBlitz,PartingShot|||M|||50|,,,,,Grass]Ceruledge||AssaultVest|FlashFire|BitterBlade,ShadowSneak,CloseCombat,TeraBlast|||F|||50|,,,,,Grass]Porygon2||Eviolite|Download|TeraBlast,IceBeam,TrickRoom,Recover||||||50|,,,,,Fairy]Palafin||MysticWater|ZerotoHero|JetPunch,WaveCrash,CloseCombat,Protect|||F|||50|,,,,,Water]Ursaluna||FlameOrb|Guts|Facade,HeadlongRush,Earthquake,Protect|||M|||50|,,,,,Poison
|showteam|p2|Riolu||FocusSash|Prankster|Coaching,CloseCombat,SunnyDay,Protect|||F|||50|,,,,,Ghost]Ceruledge||ClearAmulet|FlashFire|BitterBlade,ShadowSneak,CloseCombat,Protect|||M|||50|,,,,,Bug]Rillaboom||AssaultVest|GrassySurge|FakeOut,GrassyGlide,WoodHammer,Uturn|||M|||50|,,,,,Fire]Dragonite||LoadedDice|InnerFocus|ScaleShot,ExtremeSpeed,Tailwind,Protect|||F|||50|,,,,,Steel]Gholdengo||LifeOrb|GoodasGold|MakeItRain,ShadowBall,NastyPlot,Protect||||||50|,,,,,Water]Maushold||SafetyGoggles|FriendGuard|FollowMe,Encore,SuperFang,Protect||||||50|,,,,,Ghost
|inactive|Battle timer is ON: inactive players will automatically lose when time's up. (requested by Stutesting)
|inactive|Stutesting has 60 seconds left.
|
|t:|1757627529
|teamsize|p1|4
|teamsize|p2|4
|start
|switch|p1a: Palafin|Palafin, L50, F, shiny|100/100
|switch|p1b: Ceruledge|Ceruledge, L50, F, shiny|100/100
|switch|p2a: Dragonite|Dragonite, L50, F|100/100
|switch|p2b: Riolu|Riolu, L50, F|100/100
|turn|1
|
|t:|1757627543
|detailschange|p1a: Palafin|Palafin-Hero, L50, F, shiny
|switch|p1a: Incineroar|Incineroar, L50, M|100/100
|-ability|p1a: Incineroar|Intimidate|boost
|-fail|p2a: Dragonite|unboost|Attack|[from] ability: Inner Focus|[of] p2a: Dragonite
|-unboost|p2b: Riolu|atk|1
|move|p2b: Riolu|Coaching|p2a: Dragonite
|-boost|p2a: Dragonite|atk|1
|-boost|p2a: Dragonite|def|1
|move|p2a: Dragonite|Scale Shot|p1b: Ceruledge|[miss]
|-miss|p2a: Dragonite|p1b: Ceruledge
|move|p1b: Ceruledge|Bitter Blade|p2b: Riolu
|-enditem|p2b: Riolu|Focus Sash
|-damage|p2b: Riolu|1/100
|
|upkeep
|turn|2
|
|t:|1757627556
|move|p2b: Riolu|Protect|p2b: Riolu
|-singleturn|p2b: Riolu|Protect
|move|p2a: Dragonite|Protect|p2a: Dragonite
|-singleturn|p2a: Dragonite|Protect
|move|p1b: Ceruledge|Shadow Sneak|p2b: Riolu
|-activate|p2b: Riolu|move: Protect
|move|p1a: Incineroar|Knock Off|p2a: Dragonite
|-activate|p2a: Dragonite|move: Protect
|
|upkeep
|turn|3
|
|t:|1757627573
|move|p2b: Riolu|Coaching|p2a: Dragonite
|-boost|p2a: Dragonite|atk|1
|-boost|p2a: Dragonite|def|1
|move|p1b: Ceruledge|Shadow Sneak|p2b: Riolu
|-damage|p2b: Riolu|0 fnt
|faint|p2b: Riolu
|move|p2a: Dragonite|Scale Shot|p1b: Ceruledge
|-damage|p1b: Ceruledge|71/100
|-damage|p1b: Ceruledge|40/100
|-damage|p1b: Ceruledge|8/100
|-damage|p1b: Ceruledge|0 fnt
|faint|p1b: Ceruledge
|-hitcount|p1: Ceruledge|4
|-unboost|p2a: Dragonite|def|1
|-boost|p2a: Dragonite|spe|1
|move|p1a: Incineroar|Knock Off|p2a: Dragonite
|-damage|p2a: Dragonite|73/100
|-enditem|p2a: Dragonite|Loaded Dice|[from] move: Knock Off|[of] p1a: Incineroar
|
|upkeep
|
|t:|1757627588
|switch|p2b: Rillaboom|Rillaboom, L50, M|100/100
|switch|p1b: Amoonguss|Amoonguss, L50, F|100/100
|-fieldstart|move: Grassy Terrain|[from] ability: Grassy Surge|[of] p2b: Rillaboom
|turn|4
|
|t:|1757627604
|move|p2b: Rillaboom|Fake Out|p1b: Amoonguss
|-damage|p1b: Amoonguss|88/100
|move|p2a: Dragonite|Scale Shot|p1a: Incineroar
|-damage|p1a: Incineroar|80/100
|-damage|p1a: Incineroar|56/100
|-damage|p1a: Incineroar|35/100
|-hitcount|p1a: Incineroar|3
|-unboost|p2a: Dragonite|def|1
|-boost|p2a: Dragonite|spe|1
|move|p1a: Incineroar|Flare Blitz|p2b: Rillaboom
|-supereffective|p2b: Rillaboom
|-damage|p2b: Rillaboom|14/100
|-damage|p1a: Incineroar|5/100|[from] Recoil
|cant|p1b: Amoonguss|flinch
|
|-heal|p2b: Rillaboom|19/100|[from] Grassy Terrain
|-heal|p1a: Incineroar|11/100|[from] Grassy Terrain
|-heal|p1b: Amoonguss|94/100|[from] Grassy Terrain
|upkeep
|turn|5
|inactive|Stutesting has 30 seconds left.
|inactive|asmodeo666 has 30 seconds left.
|inactive|asmodeo666 has 20 seconds left.
|
|t:|1757627641
|switch|p1a: Palafin|Palafin-Hero, L50, F, shiny|100/100
|-activate|p1a: Palafin|ability: Zero to Hero
|move|p2a: Dragonite|Scale Shot|p1b: Amoonguss
|-crit|p1b: Amoonguss
|-damage|p1b: Amoonguss|52/100
|-damage|p1b: Amoonguss|26/100
|-enditem|p1b: Amoonguss|Sitrus Berry|[eat]
|-heal|p1b: Amoonguss|50/100|[from] item: Sitrus Berry
|-damage|p1b: Amoonguss|24/100
|-hitcount|p1b: Amoonguss|3
|-unboost|p2a: Dragonite|def|1
|-boost|p2a: Dragonite|spe|1
|move|p2b: Rillaboom|Wood Hammer|p1a: Palafin
|-supereffective|p1a: Palafin
|-damage|p1a: Palafin|0 fnt
|faint|p1a: Palafin
|-damage|p2b: Rillaboom|0 fnt|[from] Recoil
|faint|p2b: Rillaboom
|move|p1b: Amoonguss|Pollen Puff|p2a: Dragonite
|-resisted|p2a: Dragonite
|-damage|p2a: Dragonite|63/100
|
|-heal|p1b: Amoonguss|30/100|[from] Grassy Terrain
|upkeep
|
|t:|1757627659
|switch|p1a: Incineroar|Incineroar, L50, M|11/100
|switch|p2b: Ceruledge|Ceruledge, L50, M|100/100
|-ability|p1a: Incineroar|Intimidate|boost
|-fail|p2a: Dragonite|unboost|Attack|[from] ability: Inner Focus|[of] p2a: Dragonite
|-fail|p2b: Ceruledge|unboost|[from] item: Clear Amulet|[of] p2b: Ceruledge
|turn|6
|
|t:|1757627667
|move|p2a: Dragonite|Scale Shot|p1b: Amoonguss
|-damage|p1b: Amoonguss|3/100
|-damage|p1b: Amoonguss|0 fnt
|faint|p1b: Amoonguss
|-hitcount|p1: Amoonguss|2
|-unboost|p2a: Dragonite|def|1
|-boost|p2a: Dragonite|spe|1
|move|p2b: Ceruledge|Bitter Blade|p1a: Incineroar
|-resisted|p1a: Incineroar
|-damage|p1a: Incineroar|0 fnt
|faint|p1a: Incineroar
|
|win|asmodeo666
||asmodeo666 is ready for game 2.
||Stutesting is ready for game 2.
|uhtml|next|Next: Game 2 of 3
|l|☆asmodeo666
|player|p2|
|l|☆Stutesting
|player|p1|
