|j|☆Coperr
|j|☆CalliopeOKBH
|html|CoperrCalliopeOKBH    
|uhtml|bestof|Game 2 of a best-of-3
|t:|1757025087
|gametype|doubles
|player|p1|Coperr|cynthia-gen4|1023
|player|p2|CalliopeOKBH|zinnia|1125
|gen|9
|tier|[Gen 9] VGC 2025 Reg H (Bo3)
|rated|
|rule|Species Clause: Limit one of each Pokémon
|rule|Item Clause: Limit 1 of each item
|clearpoke
|poke|p1|Archaludon, L50, M|
|poke|p1|Sinistcha, L50|
|poke|p1|Gholdengo, L50|
|poke|p1|Mimikyu, L50, M|
|poke|p1|Ursaluna-Bloodmoon, L50, M|
|poke|p1|Pelipper, L50, M|
|poke|p2|Tyranitar, L50, F|
|poke|p2|Sneasler, L50, M|
|poke|p2|Gholdengo, L50|
|poke|p2|Garchomp, L50, F|
|poke|p2|Incineroar, L50, F|
|poke|p2|Corviknight, L50, M|
|teampreview|4
|showteam|p1|Archaludon||AssaultVest|Stamina|FlashCannon,ElectroShot,BodyPress,DracoMeteor|||M|||50|,,,,,Flying]Sinistcha||SitrusBerry|Hospitality|MatchaGotcha,RagePowder,Imprison,TrickRoom||||||50|,,,,,Dark]Gholdengo||Leftovers|GoodasGold|MakeItRain,ShadowBall,NastyPlot,Protect||||||50|,,,,,Steel]Mimikyu||MentalHerb|Disguise|PlayRough,WoodHammer,TrickRoom,WillOWisp|||M|||50|,,,,,Grass]Ursaluna-Bloodmoon||LifeOrb|MindsEye|BloodMoon,HyperVoice,EarthPower,Protect|||M|||50|,,,,,Normal]Pelipper||FocusSash|Drizzle|WeatherBall,Hurricane,Uturn,Tailwind|||M|||50|,,,,,Water
|showteam|p2|Tyranitar||AssaultVest|SandStream|RockSlide,KnockOff,TeraBlast,IceBeam|||F|||50|,,,,,Flying]Sneasler||WhiteHerb|Unburden|DireClaw,CloseCombat,Coaching,Protect|||M|||50|,,,,,Flying]Gholdengo||LifeOrb|GoodasGold|NastyPlot,MakeItRain,ShadowBall,Protect||||||50|,,,,,Steel]Garchomp||BrightPowder|SandVeil|Protect,StompingTantrum,DragonClaw,Earthquake|||F|||50|,,,,,Ghost]Incineroar||SafetyGoggles|Intimidate|FakeOut,FlareBlitz,Taunt,PartingShot|||F|||50|,,,,,Bug]Corviknight||Leftovers|Unnerve|BraveBird,BodyPress,Tailwind,Roost|||M|||50|,,,,,Fighting
|inactive|Battle timer is ON: inactive players will automatically lose when time's up. (requested by CalliopeOKBH)
|inactive|Coperr has 60 seconds left.
|
|t:|1757025120
|teamsize|p1|4
|teamsize|p2|4
|start
|switch|p1a: Mimikyu|Mimikyu, L50, M|100/100
|switch|p1b: Gholdengo|Gholdengo, L50|100/100
|switch|p2a: Sneasler|Sneasler, L50, M|100/100
|switch|p2b: Garchomp|Garchomp, L50, F|100/100
|turn|1
|
|t:|1757025142
|switch|p1b: Pelipper|Pelipper, L50, M|100/100
|-weather|RainDance|[from] ability: Drizzle|[of] p1b: Pelipper
|-terastallize|p2a: Sneasler|Flying
|move|p2a: Sneasler|Dire Claw|p1a: Mimikyu
|-activate|p1a: Mimikyu|ability: Disguise
|-damage|p1a: Mimikyu|100/100
|-status|p1a: Mimikyu|par
|detailschange|p1a: Mimikyu|Mimikyu-Busted, L50, M
|-damage|p1a: Mimikyu|89/100 par|[from] pokemon: Mimikyu-Busted
|move|p2b: Garchomp|Earthquake|p1b: Pelipper|[spread] p1a
|-immune|p2a: Sneasler
|-immune|p1b: Pelipper
|-damage|p1a: Mimikyu|28/100 par
|move|p1a: Mimikyu|Will-O-Wisp|p2b: Garchomp
|-status|p2b: Garchomp|brn
|
|-weather|RainDance|[upkeep]
|-damage|p2b: Garchomp|95/100 brn|[from] brn
|upkeep
|turn|2
|inactive|Coperr has 30 seconds left.
|inactive|CalliopeOKBH has 30 seconds left.
|
|t:|1757025177
|switch|p2b: Tyranitar|Tyranitar, L50, F|100/100
|-weather|Sandstorm|[from] ability: Sand Stream|[of] p2b: Tyranitar
|move|p2a: Sneasler|Close Combat|p1b: Pelipper
|-resisted|p1b: Pelipper
|-damage|p1b: Pelipper|53/100
|-unboost|p2a: Sneasler|def|1
|-unboost|p2a: Sneasler|spd|1
|-enditem|p2a: Sneasler|White Herb
|-clearnegativeboost|p2a: Sneasler|[silent]
|move|p1b: Pelipper|Tailwind|p1b: Pelipper
|-sidestart|p1: Coperr|move: Tailwind
|move|p1a: Mimikyu|Will-O-Wisp|p2a: Sneasler
|-status|p2a: Sneasler|brn
|
|-weather|Sandstorm|[upkeep]
|-damage|p2a: Sneasler|94/100 brn|[from] Sandstorm
|-damage|p1b: Pelipper|48/100|[from] Sandstorm
|-damage|p1a: Mimikyu|23/100 par|[from] Sandstorm
|-damage|p2a: Sneasler|88/100 brn|[from] brn
|upkeep
|turn|3
|inactive|Coperr has 30 seconds left.
|inactive|Coperr has 20 seconds left.
|inactive|Coperr has 15 seconds left.
|
|t:|1757025219
|switch|p1b: Ursaluna|Ursaluna-Bloodmoon, L50, M|100/100
|move|p2a: Sneasler|Dire Claw|p1b: Ursaluna
|-resisted|p1b: Ursaluna
|-crit|p1b: Ursaluna
|-damage|p1b: Ursaluna|88/100
|cant|p1a: Mimikyu|par
|move|p2b: Tyranitar|Rock Slide|p1a: Mimikyu|[spread] 
|-miss|p2b: Tyranitar|p1a: Mimikyu
|-miss|p2b: Tyranitar|p1b: Ursaluna
|
|-weather|Sandstorm|[upkeep]
|-damage|p2a: Sneasler|82/100 brn|[from] Sandstorm
|-damage|p1a: Mimikyu|17/100 par|[from] Sandstorm
|-damage|p2a: Sneasler|76/100 brn|[from] brn
|upkeep
|turn|4
|inactive|Coperr has 30 seconds left.
|
|t:|1757025253
|-terastallize|p1b: Ursaluna|Normal
|move|p2a: Sneasler|Dire Claw|p1b: Ursaluna
|-damage|p1b: Ursaluna|71/100
|move|p1b: Ursaluna|Blood Moon|p2a: Sneasler
|-damage|p2a: Sneasler|0 fnt
|faint|p2a: Sneasler
|-damage|p1b: Ursaluna|62/100|[from] item: Life Orb
|move|p1a: Mimikyu|Wood Hammer|p2b: Tyranitar
|-supereffective|p2b: Tyranitar
|-damage|p2b: Tyranitar|52/100
|-damage|p1a: Mimikyu|0 fnt|[from] Recoil
|faint|p1a: Mimikyu
|move|p2b: Tyranitar|Rock Slide|p1b: Ursaluna
|-damage|p1b: Ursaluna|36/100
|
|-weather|Sandstorm|[upkeep]
|-damage|p1b: Ursaluna|30/100|[from] Sandstorm
|upkeep
|
|t:|1757025269
|switch|p2a: Gholdengo|Gholdengo, L50|100/100
|switch|p1a: Pelipper|Pelipper, L50, M|48/100
|-weather|RainDance|[from] ability: Drizzle|[of] p1a: Pelipper
|turn|5
|
|t:|1757025285
|switch|p2b: Garchomp|Garchomp, L50, F|95/100 brn
|move|p1a: Pelipper|Weather Ball|p2b: Garchomp
|-damage|p2b: Garchomp|22/100 brn
|move|p1b: Ursaluna|Earth Power|p2a: Gholdengo
|-supereffective|p2a: Gholdengo
|-damage|p2a: Gholdengo|0 fnt
|faint|p2a: Gholdengo
|-damage|p1b: Ursaluna|20/100|[from] item: Life Orb
|
|-weather|RainDance|[upkeep]
|-damage|p2b: Garchomp|16/100 brn|[from] brn
|-sideend|p1: Coperr|move: Tailwind
|upkeep
|
|t:|1757025290
|switch|p2a: Tyranitar|Tyranitar, L50, F|52/100
|-weather|Sandstorm|[from] ability: Sand Stream|[of] p2a: Tyranitar
|turn|6
|
|t:|1757025299
|move|p1b: Ursaluna|Protect|p1b: Ursaluna
|-singleturn|p1b: Ursaluna|Protect
|move|p2b: Garchomp|Dragon Claw|p1b: Ursaluna
|-activate|p1b: Ursaluna|move: Protect
|move|p1a: Pelipper|Tailwind|p1a: Pelipper
|-sidestart|p1: Coperr|move: Tailwind
|move|p2a: Tyranitar|Rock Slide|p1b: Ursaluna|[spread] p1a
|-activate|p1b: Ursaluna|move: Protect
|-supereffective|p1a: Pelipper
|-damage|p1a: Pelipper|0 fnt
|faint|p1a: Pelipper
|
|-weather|Sandstorm|[upkeep]
|-damage|p1b: Ursaluna|14/100|[from] Sandstorm
|-damage|p2b: Garchomp|10/100 brn|[from] brn
|upkeep
|
|t:|1757025310
|switch|p1a: Gholdengo|Gholdengo, L50|100/100
|turn|7
|
|t:|1757025323
|move|p1a: Gholdengo|Make It Rain|p2a: Tyranitar|[spread] p2a
|-miss|p1a: Gholdengo|p2b: Garchomp
|-supereffective|p2a: Tyranitar
|-damage|p2a: Tyranitar|14/100
|-unboost|p1a: Gholdengo|spa|1
|move|p1b: Ursaluna|Earth Power|p2a: Tyranitar
|-supereffective|p2a: Tyranitar
|-damage|p2a: Tyranitar|0 fnt
|faint|p2a: Tyranitar
|-damage|p1b: Ursaluna|4/100|[from] item: Life Orb
|move|p2b: Garchomp|Dragon Claw|p1b: Ursaluna
|-damage|p1b: Ursaluna|0 fnt
|faint|p1b: Ursaluna
|
|-weather|Sandstorm|[upkeep]
|-damage|p2b: Garchomp|4/100 brn|[from] brn
|upkeep
|turn|8
|
|t:|1757025343
|move|p1a: Gholdengo|Shadow Ball|p2b: Garchomp
|-damage|p2b: Garchomp|0 fnt
|faint|p2b: Garchomp
|
|win|Coperr
|raw|Coperr's rating: 1023 → 1070(+47 for winning)
|raw|CalliopeOKBH's rating: 1125 → 1093(-32 for losing)
|l|☆Coperr
|player|p1|
