|j|☆shotstopper
|j|☆breloomb01
|html|shotstopperbreloomb01    
|uhtml|bestof|Game 2 of a best-of-3
|t:|1785353307
|gametype|doubles
|player|p1|shotstopper|2|1148
|player|p2|breloomb01|roughneck|1160
|gen|9
|tier|[Gen 9 Champions] VGC 2026 Reg M-B (Bo3)
|rated|
|rule|Species Clause: Limit one of each Pokémon
|rule|Item Clause: Limit 1 of each item
|clearpoke
|poke|p1|Sinistcha-Masterpiece, L50|
|poke|p1|Incineroar, L50, M|
|poke|p1|Milotic, L50, F, shiny|
|poke|p1|Raichu, L50, M|
|poke|p1|Floette-Eternal, L50, F|
|poke|p1|Ceruledge, L50, F|
|poke|p2|Floette-Eternal, L50, F|
|poke|p2|Incineroar, L50, M|
|poke|p2|Sinistcha, L50|
|poke|p2|Garchomp, L50, F|
|poke|p2|Sneasler, L50, M|
|poke|p2|Rotom-Wash, L50|
|teampreview|4
|showteam|p1|Sinistcha-Masterpiece||SitrusBerry|Hospitality|RagePowder,MatchaGotcha,Protect,LifeDew|Bold|||||50|]Incineroar||ChopleBerry|Intimidate|FakeOut,PartingShot,FlareBlitz,ThroatChop|Careful||M|||50|]Milotic||Leftovers|Competitive|MuddyWater,Coil,Hypnosis,Protect|Calm||F|||50|]Raichu||RaichuniteY|LightningRod|FakeOut,ZapCannon,FocusBlast,Protect|Timid||M|||50|]Floette-Eternal||Floettite|FlowerVeil|DazzlingGleam,DrainingKiss,CalmMind,Protect|Relaxed||F|||50|]Ceruledge||ColburBerry|FlashFire|BitterBlade,Protect,ShadowSneak,BulkUp|Adamant||F|||50|
|showteam|p2|Floette-Eternal||Floettite|FlowerVeil|DrainingKiss,DazzlingGleam,CalmMind,Protect|Modest||F|||50|]Incineroar||SitrusBerry|Intimidate|FakeOut,FlareBlitz,ThroatChop,PartingShot|Careful||M|||50|]Sinistcha||KasibBerry|Hospitality|Protect,RagePowder,MatchaGotcha,TrickRoom|Calm|||||50|]Garchomp||LifeOrb|RoughSkin|Earthquake,DragonClaw,RockSlide,Protect|Jolly||F|||50|]Sneasler||FocusSash|PoisonTouch|FakeOut,DireClaw,CloseCombat,Protect|Jolly||M|||50|]Rotom-Wash||Leftovers|Levitate|HydroPump,Protect,WillOWisp,Electroweb|Bold|||||50|
|inactive|Battle timer is ON: inactive players will automatically lose when time's up. (requested by shotstopper)
|inactive|shotstopper has 60 seconds left.
|
|t:|1785353359
|teamsize|p1|4
|teamsize|p2|4
|start
|switch|p1a: Milotic|Milotic, L50, F, shiny|100/100
|switch|p1b: Floette|Floette-Eternal, L50, F|100/100
|switch|p2a: Garchomp|Garchomp, L50, F|100/100
|switch|p2b: Sneasler|Sneasler, L50, M|100/100
|turn|1
|inactive|shotstopper has 30 seconds left.
|inactive|shotstopper has 20 seconds left.
|
|t:|1785353395
|detailschange|p1b: Floette|Floette-Mega, L50, F
|-mega|p1b: Floette|Floette|Floettite
|-ability|p1b: Floette|Fairy Aura
|move|p2b: Sneasler|Dire Claw|p1b: Floette
|-supereffective|p1b: Floette|1
|-damage|p1b: Floette|33/100
|-status|p1b: Floette|psn|[from] ability: Poison Touch|[of] p2b: Sneasler
|move|p2a: Garchomp|Dragon Claw|p1a: Milotic
|-damage|p1a: Milotic|54/100
|-damage|p2a: Garchomp|90/100|[from] item: Life Orb
|move|p1b: Floette|Calm Mind|p1b: Floette
|-boost|p1b: Floette|spa|1
|-boost|p1b: Floette|spd|1
|move|p1a: Milotic|Hypnosis|p2b: Sneasler|[miss]
|-miss|p1a: Milotic|p2b: Sneasler
|
|-heal|p1a: Milotic|60/100|[from] item: Leftovers
|-damage|p1b: Floette|21/100 psn|[from] psn
|upkeep
|turn|2
|
|t:|1785353423
|switch|p1a: Sinistcha|Sinistcha-Masterpiece, L50|100/100
|-heal|p1b: Floette|46/100 psn|[from] ability: Hospitality|[of] p1a: Sinistcha
|move|p1b: Floette|Protect|p1b: Floette
|-singleturn|p1b: Floette|Protect
|move|p2b: Sneasler|Close Combat|p1a: Sinistcha
|-immune|p1a: Sinistcha
|move|p2a: Garchomp|Earthquake|p1b: Floette|[spread] p2b,p1a
|-activate|p1b: Floette|move: Protect
|-supereffective|p2b: Sneasler|1
|-resisted|p1a: Sinistcha|1
|-enditem|p2b: Sneasler|Focus Sash
|-damage|p2b: Sneasler|1/100
|-damage|p1a: Sinistcha|80/100
|-damage|p2a: Garchomp|80/100|[from] item: Life Orb
|
|-damage|p1b: Floette|34/100 psn|[from] psn
|upkeep
|turn|3
|inactive|shotstopper has 30 seconds left.
|inactive|shotstopper has 20 seconds left.
|inactive|shotstopper has 15 seconds left.
|inactive|shotstopper has 10 seconds left.
|
|t:|1785353472
|switch|p2b: Sinistcha|Sinistcha, L50|100/100
|-heal|p2a: Garchomp|100/100|[from] ability: Hospitality|[of] p2b: Sinistcha
|move|p2a: Garchomp|Earthquake|p1b: Floette|[spread] p2b,p1a,p1b
|-resisted|p2b: Sinistcha|1
|-resisted|p1a: Sinistcha|1
|-damage|p2b: Sinistcha|78/100
|-damage|p1a: Sinistcha|60/100
|-damage|p1b: Floette|0 fnt
|faint|p1b: Floette
|-damage|p2a: Garchomp|90/100|[from] item: Life Orb
|move|p1a: Sinistcha|Life Dew|p1a: Sinistcha
|-heal|p1a: Sinistcha|85/100
|
|upkeep
|
|t:|1785353494
|switch|p1b: Milotic|Milotic, L50, F, shiny|60/100
|turn|4
|
|t:|1785353504
|move|p2a: Garchomp|Rock Slide|p1a: Sinistcha|[spread] p1a,p1b
|-damage|p1a: Sinistcha|65/100
|-damage|p1b: Milotic|39/100
|-damage|p2a: Garchomp|80/100|[from] item: Life Orb
|move|p1b: Milotic|Coil|p1b: Milotic
|-boost|p1b: Milotic|atk|1
|-boost|p1b: Milotic|def|1
|-boost|p1b: Milotic|accuracy|1
|move|p1a: Sinistcha|Matcha Gotcha|p2a: Garchomp|[spread] p2b
|-miss|p1a: Sinistcha|p2a: Garchomp
|-resisted|p2b: Sinistcha|1
|-damage|p2b: Sinistcha|67/100
|-heal|p1a: Sinistcha|71/100|[from] drain|[of] p2b: Sinistcha
|move|p2b: Sinistcha|Matcha Gotcha|p1a: Sinistcha|[spread] p1a,p1b
|-resisted|p1a: Sinistcha|1
|-supereffective|p1b: Milotic|1
|-damage|p1a: Sinistcha|60/100
|-heal|p2b: Sinistcha|73/100|[from] drain|[of] p1a: Sinistcha
|-damage|p1b: Milotic|9/100
|-heal|p2b: Sinistcha|89/100|[from] drain|[of] p1b: Milotic
|
|-heal|p1b: Milotic|15/100|[from] item: Leftovers
|upkeep
|turn|5
|inactive|shotstopper has 30 seconds left.
|
|t:|1785353533
|move|p2a: Garchomp|Rock Slide|p1b: Milotic|[spread] p1a,p1b
|-damage|p1a: Sinistcha|38/100
|-damage|p1b: Milotic|1/100
|-enditem|p1a: Sinistcha|Sitrus Berry|[eat]
|-heal|p1a: Sinistcha|63/100|[from] item: Sitrus Berry
|-damage|p2a: Garchomp|70/100|[from] item: Life Orb
|move|p1b: Milotic|Hypnosis|p2a: Garchomp
|-status|p2a: Garchomp|slp|[from] move: Hypnosis
|cant|p1a: Sinistcha|flinch
|move|p2b: Sinistcha|Matcha Gotcha|p1b: Milotic|[spread] p1a,p1b
|-resisted|p1a: Sinistcha|1
|-supereffective|p1b: Milotic|1
|-damage|p1a: Sinistcha|51/100
|-heal|p2b: Sinistcha|96/100|[from] drain|[of] p1a: Sinistcha
|-damage|p1b: Milotic|0 fnt
|-heal|p2b: Sinistcha|96/100|[from] drain|[of] p1b: Milotic
|faint|p1b: Milotic
|
|upkeep
|
|t:|1785353551
|switch|p1b: Ceruledge|Ceruledge, L50, F|100/100
|turn|6
|
|t:|1785353567
|cant|p2a: Garchomp|slp
|move|p1b: Ceruledge|Bulk Up|p1b: Ceruledge
|-boost|p1b: Ceruledge|atk|1
|-boost|p1b: Ceruledge|def|1
|move|p1a: Sinistcha|Matcha Gotcha|p2a: Garchomp|[spread] p2a,p2b
|-resisted|p2b: Sinistcha|1
|-damage|p2a: Garchomp|44/100 slp
|-heal|p1a: Sinistcha|64/100|[from] drain|[of] p2a: Garchomp
|-damage|p2b: Sinistcha|85/100
|-heal|p1a: Sinistcha|70/100|[from] drain|[of] p2b: Sinistcha
|move|p2b: Sinistcha|Matcha Gotcha|p1b: Ceruledge|[spread] p1b
|-miss|p2b: Sinistcha|p1a: Sinistcha
|-resisted|p1b: Ceruledge|1
|-damage|p1b: Ceruledge|87/100
|-heal|p2b: Sinistcha|92/100|[from] drain|[of] p1b: Ceruledge
|
|upkeep
|turn|7
|inactive|shotstopper has 30 seconds left.
|
|t:|1785353593
|cant|p2a: Garchomp|slp
|move|p1b: Ceruledge|Bitter Blade|p2b: Sinistcha
|-supereffective|p2b: Sinistcha|1
|-damage|p2b: Sinistcha|0 fnt
|-heal|p1b: Ceruledge|100/100|[from] drain|[of] p2b: Sinistcha
|faint|p2b: Sinistcha
|move|p1a: Sinistcha|Matcha Gotcha|p2a: Garchomp
|-damage|p2a: Garchomp|9/100 slp
|-heal|p1a: Sinistcha|88/100|[from] drain|[of] p2a: Garchomp
|
|upkeep
|
|t:|1785353599
|switch|p2b: Sneasler|Sneasler, L50, M|1/100
|turn|8
|
|t:|1785353614
|move|p1b: Ceruledge|Shadow Sneak|p2b: Sneasler
|-damage|p2b: Sneasler|0 fnt
|faint|p2b: Sneasler
|-curestatus|p2a: Garchomp|slp|[msg]
|move|p2a: Garchomp|Earthquake|p1b: Ceruledge|[spread] p1a,p1b
|-resisted|p1a: Sinistcha|1
|-supereffective|p1b: Ceruledge|1
|-damage|p1a: Sinistcha|67/100
|-damage|p1b: Ceruledge|35/100
|-damage|p2a: Garchomp|0 fnt|[from] item: Life Orb
|faint|p2a: Garchomp
|move|p1a: Sinistcha|Matcha Gotcha|p2: Garchomp|[notarget]
|-fail|p1a: Sinistcha
|
|upkeep
|
|t:|1785353617
|switch|p2b: Floette|Floette-Eternal, L50, F|100/100
|turn|9
|inactive|shotstopper has 30 seconds left.
|
|t:|1785353643
|detailschange|p2b: Floette|Floette-Mega, L50, F
|-mega|p2b: Floette|Floette|Floettite
|-ability|p2b: Floette|Fairy Aura
|move|p1b: Ceruledge|Protect|p1b: Ceruledge
|-singleturn|p1b: Ceruledge|Protect
|move|p2b: Floette|Dazzling Gleam|p1a: Sinistcha|[spread] p1a
|-activate|p1b: Ceruledge|move: Protect
|-damage|p1a: Sinistcha|14/100
|move|p1a: Sinistcha|Life Dew|p1a: Sinistcha|[spread] p1a,p1b
|-heal|p1a: Sinistcha|39/100
|-heal|p1b: Ceruledge|60/100
|
|upkeep
|turn|10
|
|t:|1785353659
|move|p2b: Floette|Dazzling Gleam|p1a: Sinistcha|[spread] p1a,p1b
|-resisted|p1b: Ceruledge|1
|-damage|p1a: Sinistcha|0 fnt
|-damage|p1b: Ceruledge|37/100
|faint|p1a: Sinistcha
|move|p1b: Ceruledge|Bitter Blade|p2b: Floette
|-damage|p2b: Floette|29/100
|-heal|p1b: Ceruledge|72/100|[from] drain|[of] p2b: Floette
|
|upkeep
|turn|11
|
|t:|1785353668
|move|p2b: Floette|Draining Kiss|p1b: Ceruledge
|-resisted|p1b: Ceruledge|1
|-damage|p1b: Ceruledge|53/100
|-heal|p2b: Floette|44/100|[from] drain|[of] p1b: Ceruledge
|move|p1b: Ceruledge|Bitter Blade|p2b: Floette
|-damage|p2b: Floette|0 fnt
|-heal|p1b: Ceruledge|75/100|[from] drain|[of] p2b: Floette
|faint|p2b: Floette
|
|win|shotstopper
