|j|☆sorecruiser
|j|☆zoan lover
|html|sorecruiserzoan lover    
|uhtml|bestof|Game 1 of a best-of-3
|t:|1756931361
|gametype|doubles
|player|p1|sorecruiser|furisodegirl-black|1058
|player|p2|zoan lover|blackbelt-gen4dp|1112
|gen|9
|tier|[Gen 9] VGC 2025 Reg H (Bo3)
|rated|
|rule|Species Clause: Limit one of each Pokémon
|rule|Item Clause: Limit 1 of each item
|clearpoke
|poke|p1|Gholdengo, L50|
|poke|p1|Whimsicott, L50, M|
|poke|p1|Sneasler, L50, M|
|poke|p1|Basculegion, L50, M|
|poke|p1|Hydreigon, L50, F|
|poke|p1|Magmar, L50, M|
|poke|p2|Sneasler, L50, F|
|poke|p2|Indeedee, L50, M|
|poke|p2|Volcarona, L50, M|
|poke|p2|Ursaluna-Bloodmoon, L50, M|
|poke|p2|Annihilape, L50, F|
|poke|p2|Tyranitar, L50, M|
|teampreview|4
|showteam|p1|Gholdengo||MetalCoat|GoodasGold|MakeItRain,ShadowBall,NastyPlot,Protect||||||50|,,,,,Steel]Whimsicott||CovertCloak|Prankster|Tailwind,Encore,FakeTears,Moonblast|||M|||50|,,,,,Dark]Sneasler||FocusSash|PoisonTouch|Protect,CloseCombat,DireClaw,ThroatChop|||M|||50|,,,,,Dark]Basculegion||ChoiceScarf|Adaptability|LastRespects,WaveCrash,AquaJet,FlipTurn|||M|||50|,,,,,Ghost]Hydreigon||ChoiceSpecs|Levitate|DarkPulse,DracoMeteor,Snarl,HeatWave|||F|||50|,,,,,Fire]Magmar||Eviolite|VitalSpirit|Protect,FollowMe,HeatWave,Taunt|||M|||50|,,,,,Water
|showteam|p2|Sneasler||PsychicSeed|Unburden|CloseCombat,DireClaw,ThroatChop,Protect|||F|||50|,,,,,Dark]Indeedee||ChoiceScarf|PsychicSurge|ExpandingForce,TeraBlast,Trick,Protect|||M|||50|,,,,,Psychic]Volcarona||SitrusBerry|FlameBody|Overheat,StruggleBug,RagePowder,Tailwind|||M|||50|,,,,,Grass]Ursaluna-Bloodmoon||LifeOrb|MindsEye|BloodMoon,HyperVoice,EarthPower,Protect|||M|||50|,,,,,Normal]Annihilape||SafetyGoggles|Defiant|CloseCombat,RageFist,Taunt,FinalGambit|||F|||50|,,,,,Fairy]Tyranitar||AssaultVest|SandStream|RockSlide,KnockOff,TeraBlast,LowKick|||M|||50|,,,,,Flying
|inactive|Battle timer is ON: inactive players will automatically lose when time's up. (requested by zoan lover)
|inactive|sorecruiser has 60 seconds left.
|inactive|zoan lover has 60 seconds left.
|inactive|sorecruiser has 30 seconds left.
|inactive|sorecruiser has 20 seconds left.
|
|t:|1756931447
|teamsize|p1|4
|teamsize|p2|4
|start
|switch|p1a: Magmar|Magmar, L50, M|100/100
|switch|p1b: Hydreigon|Hydreigon, L50, F|100/100
|switch|p2a: Sneasler|Sneasler, L50, F|100/100
|switch|p2b: Indeedee|Indeedee, L50, M|100/100
|-fieldstart|move: Psychic Terrain|[from] ability: Psychic Surge|[of] p2b: Indeedee
|-enditem|p2a: Sneasler|Psychic Seed
|-boost|p2a: Sneasler|spd|1|[from] item: Psychic Seed
|turn|1
|inactive|zoan lover has 30 seconds left.
|
|t:|1756931474
|move|p1a: Magmar|Follow Me|p1a: Magmar
|-singleturn|p1a: Magmar|move: Follow Me
|move|p2a: Sneasler|Close Combat|p1a: Magmar
|-damage|p1a: Magmar|56/100
|-unboost|p2a: Sneasler|def|1
|-unboost|p2a: Sneasler|spd|1
|move|p2b: Indeedee|Expanding Force|p1a: Magmar|[spread] p1a
|-immune|p1b: Hydreigon
|-damage|p1a: Magmar|12/100
|move|p1b: Hydreigon|Dark Pulse|p2b: Indeedee
|-supereffective|p2b: Indeedee
|-damage|p2b: Indeedee|0 fnt
|faint|p2b: Indeedee
|
|upkeep
|
|t:|1756931493
|switch|p2b: Volcarona|Volcarona, L50, M|100/100
|turn|2
|inactive|sorecruiser has 30 seconds left.
|
|t:|1756931519
|-terastallize|p1b: Hydreigon|Fire
|move|p2a: Sneasler|Protect|p2a: Sneasler
|-singleturn|p2a: Sneasler|Protect
|move|p2b: Volcarona|Struggle Bug|p1b: Hydreigon|[spread] p1a,p1b
|-resisted|p1a: Magmar
|-resisted|p1b: Hydreigon
|-damage|p1a: Magmar|5/100
|-damage|p1b: Hydreigon|92/100
|-unboost|p1a: Magmar|spa|1
|-unboost|p1b: Hydreigon|spa|1
|move|p1b: Hydreigon|Dark Pulse|p2b: Volcarona
|-damage|p2b: Volcarona|62/100
|move|p1a: Magmar|Heat Wave|p2a: Sneasler|[spread] p2b
|-activate|p2a: Sneasler|move: Protect
|-damage|p2b: Volcarona|47/100
|-enditem|p2b: Volcarona|Sitrus Berry|[eat]
|-heal|p2b: Volcarona|72/100|[from] item: Sitrus Berry
|
|upkeep
|turn|3
|inactive|zoan lover has 30 seconds left.
|
|t:|1756931545
|switch|p2a: Annihilape|Annihilape, L50, F|100/100
|switch|p1a: Basculegion|Basculegion, L50, M|100/100
|move|p2b: Volcarona|Struggle Bug|p1b: Hydreigon|[spread] p1a,p1b
|-resisted|p1a: Basculegion
|-resisted|p1b: Hydreigon
|-damage|p1a: Basculegion|91/100
|-damage|p1b: Hydreigon|83/100
|-unboost|p1a: Basculegion|spa|1
|-unboost|p1b: Hydreigon|spa|1
|move|p1b: Hydreigon|Dark Pulse|p2b: Volcarona
|-damage|p2b: Volcarona|43/100
|
|upkeep
|turn|4
|inactive|zoan lover has 30 seconds left.
|inactive|zoan lover has 20 seconds left.
|inactive|zoan lover has 15 seconds left.
|inactive|zoan lover has 10 seconds left.
|
|t:|1756931593
|switch|p1b: Magmar|Magmar, L50, M|5/100
|-terastallize|p2b: Volcarona|Grass
|move|p2b: Volcarona|Rage Powder|p2b: Volcarona
|-singleturn|p2b: Volcarona|move: Rage Powder
|move|p1a: Basculegion|Flip Turn|p2b: Volcarona
|-resisted|p2b: Volcarona
|-damage|p2b: Volcarona|14/100
|
|t:|1756931605
|switch|p1a: Hydreigon|Hydreigon, L50, F, tera:Fire|83/100|[from] Flip Turn
|move|p2a: Annihilape|Rage Fist|p1a: Hydreigon
|-damage|p1a: Hydreigon|57/100
|
|upkeep
|turn|5
|
|t:|1756931622
|move|p1b: Magmar|Follow Me|p1b: Magmar
|-singleturn|p1b: Magmar|move: Follow Me
|move|p2b: Volcarona|Struggle Bug|p1a: Hydreigon|[spread] p1a,p1b
|-resisted|p1a: Hydreigon
|-resisted|p1b: Magmar
|-damage|p1a: Hydreigon|47/100
|-damage|p1b: Magmar|0 fnt
|-unboost|p1a: Hydreigon|spa|1
|faint|p1b: Magmar
|move|p2a: Annihilape|Close Combat|p1a: Hydreigon
|-damage|p1a: Hydreigon|0 fnt
|-unboost|p2a: Annihilape|def|1
|-unboost|p2a: Annihilape|spd|1
|faint|p1a: Hydreigon
|
|-fieldend|move: Psychic Terrain
|upkeep
|
|t:|1756931636
|switch|p1a: Gholdengo|Gholdengo, L50|100/100
|switch|p1b: Basculegion|Basculegion, L50, M|91/100
|turn|6
|inactive|zoan lover has 30 seconds left.
|inactive|sorecruiser has 30 seconds left.
|inactive|zoan lover has 20 seconds left.
|inactive|sorecruiser has 20 seconds left.
|inactive|zoan lover has 15 seconds left.
|inactive|sorecruiser has 15 seconds left.
|inactive|zoan lover has 10 seconds left.
|
|t:|1756931687
|move|p2b: Volcarona|Rage Powder|p2b: Volcarona
|-singleturn|p2b: Volcarona|move: Rage Powder
|move|p1b: Basculegion|Last Respects|p2b: Volcarona
|-crit|p2b: Volcarona
|-damage|p2b: Volcarona|0 fnt
|faint|p2b: Volcarona
|move|p2a: Annihilape|Rage Fist|p1b: Basculegion
|-supereffective|p1b: Basculegion
|-damage|p1b: Basculegion|32/100
|move|p1a: Gholdengo|Shadow Ball|p2a: Annihilape
|-supereffective|p2a: Annihilape
|-damage|p2a: Annihilape|0 fnt
|faint|p2a: Annihilape
|
|upkeep
|
|t:|1756931697
|switch|p2b: Sneasler|Sneasler, L50, F|100/100
|turn|7
|
|t:|1756931704
|move|p1b: Basculegion|Last Respects|p2b: Sneasler
|-damage|p2b: Sneasler|0 fnt
|faint|p2b: Sneasler
|
|win|sorecruiser
||zoan lover is ready for game 2.
