|j|☆spodermees
|j|☆NorcalEMTShowdown
|html|spodermeesNorcalEMTShowdown    
|uhtml|bestof|Game 2 of a best-of-3
|t:|1784132012
|gametype|doubles
|player|p1|spodermees|sailor|1154
|player|p2|NorcalEMTShowdown|101|1104
|gen|9
|tier|[Gen 9 Champions] VGC 2026 Reg M-B (Bo3)
|rated|
|rule|Species Clause: Limit one of each Pokémon
|rule|Item Clause: Limit 1 of each item
|clearpoke
|poke|p1|Swampert, L50, F|
|poke|p1|Dragonite, L50, M|
|poke|p1|Pelipper, L50, F|
|poke|p1|Sableye, L50, M|
|poke|p1|Incineroar, L50, F|
|poke|p1|Archaludon, L50, M|
|poke|p2|Staraptor, L50, M|
|poke|p2|Grimmsnarl, L50, M|
|poke|p2|Sinistcha, L50|
|poke|p2|Aerodactyl, L50, F|
|poke|p2|Delphox, L50, M|
|poke|p2|Primarina, L50, F|
|teampreview|4
|showteam|p1|Swampert||Swampertite|Damp|WaveCrash,Earthquake,IcePunch,Protect|Adamant||F|||50|]Dragonite||Dragoninite|InnerFocus|Hurricane,Protect,Thunderbolt,DragonPulse|Timid||M|||50|]Pelipper||FocusSash|Drizzle|WeatherBall,Hurricane,WideGuard,Tailwind|Modest||F|||50|]Sableye||RoseliBerry|Prankster|RainDance,FakeOut,LightScreen,Reflect|Careful||M|||50|]Incineroar||SitrusBerry|Intimidate|FakeOut,PartingShot,WillOWisp,ThroatChop|Careful||F|||50|]Archaludon||Leftovers|Stamina|ElectroShot,DracoMeteor,FlashCannon,Protect|Modest||M|||50|
|showteam|p2|Staraptor||Staraptite|Intimidate|CloseCombat,BraveBird,Roost,Protect|Jolly||M|||50|]Grimmsnarl||Leftovers|Prankster|FakeOut,PartingShot,SpiritBreak,SuckerPunch|Adamant||M|||50|]Sinistcha||SitrusBerry|Hospitality|MatchaGotcha,RagePowder,StrengthSap,FoulPlay|Bold|||||50|]Aerodactyl||FocusSash|Unnerve|RockSlide,Taunt,Tailwind,DualWingbeat|Jolly||F|||50|]Delphox||Delphoxite|Blaze|HeatWave,Psyshock,DazzlingGleam,Protect|Timid||M|||50|]Primarina||ChoiceScarf|LiquidVoice|Moonblast,HydroPump,HyperVoice,IceBeam|Modest||F|||50|
|inactive|Battle timer is ON: inactive players will automatically lose when time's up. (requested by spodermees)
|inactive|NorcalEMTShowdown has 60 seconds left.
|
|t:|1784132047
|teamsize|p1|4
|teamsize|p2|4
|start
|switch|p1a: Dragonite|Dragonite, L50, M|100/100
|switch|p1b: Pelipper|Pelipper, L50, F|100/100
|switch|p2a: Aerodactyl|Aerodactyl, L50, F|100/100
|switch|p2b: Grimmsnarl|Grimmsnarl, L50, M|100/100
|-ability|p2a: Aerodactyl|Unnerve
|-weather|RainDance|[from] ability: Drizzle|[of] p1b: Pelipper
|turn|1
|
|t:|1784132061
|switch|p1a: Incineroar|Incineroar, L50, F|100/100
|-ability|p1a: Incineroar|Intimidate|boost
|-unboost|p2a: Aerodactyl|atk|1
|-unboost|p2b: Grimmsnarl|atk|1
|move|p2b: Grimmsnarl|Fake Out|p1b: Pelipper
|-damage|p1b: Pelipper|89/100
|move|p2a: Aerodactyl|Tailwind|p2a: Aerodactyl
|-sidestart|p2: NorcalEMTShowdown|move: Tailwind
|cant|p1b: Pelipper|flinch
|
|-weather|RainDance|[upkeep]
|upkeep
|turn|2
|
|t:|1784132079
|move|p1a: Incineroar|Fake Out|p2a: Aerodactyl
|-resisted|p2a: Aerodactyl|1
|-damage|p2a: Aerodactyl|92/100
|cant|p2a: Aerodactyl|flinch
|move|p2b: Grimmsnarl|Spirit Break|p1b: Pelipper
|-damage|p1b: Pelipper|62/100
|-unboost|p1b: Pelipper|spa|1
|move|p1b: Pelipper|Weather Ball|p2b: Grimmsnarl
|-damage|p2b: Grimmsnarl|57/100
|
|-weather|RainDance|[upkeep]
|-heal|p2b: Grimmsnarl|63/100|[from] item: Leftovers
|upkeep
|turn|3
|
|t:|1784132093
|switch|p1b: Archaludon|Archaludon, L50, M|100/100
|move|p2b: Grimmsnarl|Parting Shot|p1b: Archaludon
|-unboost|p1b: Archaludon|atk|1
|-unboost|p1b: Archaludon|spa|1
|
|t:|1784132099
|switch|p2b: Primarina|Primarina, L50, F|100/100|[from] Parting Shot
|move|p2a: Aerodactyl|Rock Slide|p1b: Archaludon|[spread] p1a,p1b
|-supereffective|p1a: Incineroar|1
|-resisted|p1b: Archaludon|1
|-damage|p1a: Incineroar|72/100
|-damage|p1b: Archaludon|94/100
|-ability|p1b: Archaludon|Stamina|boost
|-boost|p1b: Archaludon|def|1
|move|p1a: Incineroar|Will-O-Wisp|p2a: Aerodactyl|[miss]
|-miss|p1a: Incineroar|p2a: Aerodactyl
|
|-weather|RainDance|[upkeep]
|-heal|p1b: Archaludon|100/100|[from] item: Leftovers
|upkeep
|turn|4
|
|t:|1784132116
|switch|p1a: Pelipper|Pelipper, L50, F|62/100
|move|p2a: Aerodactyl|Rock Slide|p1b: Archaludon|[spread] p1b
|-miss|p2a: Aerodactyl|p1a: Pelipper
|-resisted|p1b: Archaludon|1
|-damage|p1b: Archaludon|95/100
|-ability|p1b: Archaludon|Stamina|boost
|-boost|p1b: Archaludon|def|1
|move|p2b: Primarina|Moonblast|p1b: Archaludon
|-damage|p1b: Archaludon|45/100
|-ability|p1b: Archaludon|Stamina|boost
|-boost|p1b: Archaludon|def|1
|move|p1b: Archaludon|Electro Shot||[still]
|-prepare|p1b: Archaludon|Electro Shot
|-boost|p1b: Archaludon|spa|1
|-anim|p1b: Archaludon|Electro Shot|p2a: Aerodactyl
|-supereffective|p2a: Aerodactyl|1
|-damage|p2a: Aerodactyl|0 fnt
|faint|p2a: Aerodactyl
|
|-weather|RainDance|[upkeep]
|-heal|p1b: Archaludon|51/100|[from] item: Leftovers
|-sideend|p2: NorcalEMTShowdown|move: Tailwind
|upkeep
|
|t:|1784132141
|switch|p2a: Staraptor|Staraptor, L50, M|100/100
|-ability|p2a: Staraptor|Intimidate|boost
|-unboost|p1a: Pelipper|atk|1
|-unboost|p1b: Archaludon|atk|1
|turn|5
|
|t:|1784132157
|switch|p1a: Incineroar|Incineroar, L50, F|72/100
|-ability|p1a: Incineroar|Intimidate|boost
|-unboost|p2a: Staraptor|atk|1
|-unboost|p2b: Primarina|atk|1
|detailschange|p2a: Staraptor|Staraptor-Mega, L50, M
|-mega|p2a: Staraptor|Staraptor|Staraptite
|move|p1b: Archaludon|Protect|p1b: Archaludon
|-singleturn|p1b: Archaludon|Protect
|move|p2a: Staraptor|Brave Bird|p1a: Incineroar
|-damage|p1a: Incineroar|32/100
|-enditem|p1a: Incineroar|Sitrus Berry|[eat]
|-heal|p1a: Incineroar|56/100|[from] item: Sitrus Berry
|-damage|p2a: Staraptor|83/100|[from] Recoil
|move|p2b: Primarina|Moonblast|p1b: Archaludon
|-activate|p1b: Archaludon|move: Protect
|
|-weather|none
|-heal|p1b: Archaludon|57/100|[from] item: Leftovers
|upkeep
|turn|6
|
|t:|1784132178
|switch|p2a: Grimmsnarl|Grimmsnarl, L50, M|63/100
|switch|p1a: Pelipper|Pelipper, L50, F|62/100
|-weather|RainDance|[from] ability: Drizzle|[of] p1a: Pelipper
|move|p2b: Primarina|Moonblast|p1b: Archaludon
|-damage|p1b: Archaludon|7/100
|-ability|p1b: Archaludon|Stamina|boost
|-boost|p1b: Archaludon|def|1
|move|p1b: Archaludon|Electro Shot||[still]
|-prepare|p1b: Archaludon|Electro Shot
|-boost|p1b: Archaludon|spa|1
|-anim|p1b: Archaludon|Electro Shot|p2a: Grimmsnarl
|-damage|p2a: Grimmsnarl|0 fnt
|faint|p2a: Grimmsnarl
|
|-weather|RainDance|[upkeep]
|-heal|p1b: Archaludon|13/100|[from] item: Leftovers
|upkeep
|
|t:|1784132183
|switch|p2a: Staraptor|Staraptor-Mega, L50, M|83/100
|turn|7
|
|t:|1784132193
|move|p1b: Archaludon|Protect|p1b: Archaludon
|-singleturn|p1b: Archaludon|Protect
|move|p2a: Staraptor|Close Combat|p1b: Archaludon
|-activate|p1b: Archaludon|move: Protect
|move|p2b: Primarina|Moonblast|p1a: Pelipper
|-damage|p1a: Pelipper|0 fnt
|faint|p1a: Pelipper
|
|-weather|RainDance|[upkeep]
|-heal|p1b: Archaludon|19/100|[from] item: Leftovers
|upkeep
|
|t:|1784132200
|switch|p1a: Dragonite|Dragonite, L50, M|100/100
|turn|8
|
|t:|1784132210
|detailschange|p1a: Dragonite|Dragonite-Mega, L50, M
|-mega|p1a: Dragonite|Dragonite|Dragoninite
|move|p2a: Staraptor|Close Combat|p1b: Archaludon
|-supereffective|p1b: Archaludon|1
|-damage|p1b: Archaludon|0 fnt
|-boost|p2a: Staraptor|def|1
|-boost|p2a: Staraptor|spd|1
|faint|p1b: Archaludon
|move|p2b: Primarina|Moonblast|p1a: Dragonite
|-supereffective|p1a: Dragonite|1
|-damage|p1a: Dragonite|50/100g
|move|p1a: Dragonite|Hurricane|p2a: Staraptor
|-supereffective|p2a: Staraptor|1
|-damage|p2a: Staraptor|0 fnt
|faint|p2a: Staraptor
|
|-weather|RainDance|[upkeep]
|upkeep
|
|t:|1784132213
|switch|p1b: Incineroar|Incineroar, L50, F|56/100
|-ability|p1b: Incineroar|Intimidate|boost
|-unboost|p2b: Primarina|atk|1
|turn|9
|
|t:|1784132222
|move|p1b: Incineroar|Fake Out|p2b: Primarina
|-damage|p2b: Primarina|85/100
|cant|p2b: Primarina|flinch
|move|p1a: Dragonite|Thunderbolt|p2b: Primarina
|-supereffective|p2b: Primarina|1
|-damage|p2b: Primarina|14/100
|-status|p2b: Primarina|par
|
|-weather|RainDance|[upkeep]
|upkeep
|turn|10
|
|t:|1784132232
|move|p1a: Dragonite|Thunderbolt|p2b: Primarina
|-supereffective|p2b: Primarina|1
|-crit|p2b: Primarina
|-damage|p2b: Primarina|0 fnt
|faint|p2b: Primarina
|
|win|spodermees
