|j|☆sbhaga34
|j|☆ancient95
|html|sbhaga34ancient95    
|uhtml|bestof|Game 1 of a best-of-3
|t:|1784661653
|gametype|doubles
|player|p1|sbhaga34|hugh|1298
|player|p2|ancient95|benga|1257
|gen|9
|tier|[Gen 9 Champions] VGC 2026 Reg M-B (Bo3)
|rated|
|rule|Species Clause: Limit one of each Pokémon
|rule|Item Clause: Limit 1 of each item
|clearpoke
|poke|p1|Excadrill, L50, F|
|poke|p1|Tyranitar, L50, M|
|poke|p1|Corviknight, L50, M|
|poke|p1|Rotom-Wash, L50|
|poke|p1|Chandelure, L50, M|
|poke|p1|Scovillain, L50, M|
|poke|p2|Whimsicott, L50, M|
|poke|p2|Staraptor, L50, M|
|poke|p2|Charizard, L50, F|
|poke|p2|Garchomp, L50, F|
|poke|p2|Kingambit, L50, M|
|poke|p2|Basculegion, L50, M|
|teampreview|4
|showteam|p1|Excadrill||FocusSash|SandRush|Earthquake,IronHead,SwordsDance,Protect|Adamant||F|||50|]Tyranitar||Tyranitarite|SandStream|RockSlide,KnockOff,LowKick,Protect|Adamant||M|||50|]Corviknight||SharpBeak|MirrorArmor|BraveBird,Tailwind,BulkUp,Roost|Careful||M|||50|]Rotom-Wash||ChoiceScarf|Levitate|VoltSwitch,Thunderbolt,Electroweb,HydroPump|Timid|||||50|]Chandelure||ShucaBerry|FlashFire|HeatWave,ShadowBall,TrickRoom,Protect|Modest||M|||50|]Scovillain||Scovillainite|Chlorophyll|RagePowder,Overheat,GigaDrain,Protect|Calm||M|||50|
|showteam|p2|Whimsicott||FocusSash|Prankster|Moonblast,Tailwind,Protect,Tickle|Timid||M|||50|]Staraptor||Staraptite|Intimidate|BraveBird,CloseCombat,Protect,Roost|Jolly||M|||50|]Charizard||CharizarditeY|Blaze|WeatherBall,HeatWave,Protect,SolarBeam|Modest||F|||50|]Garchomp||LifeOrb|RoughSkin|Earthquake,RockSlide,DragonClaw,Protect|Adamant||F|||50|]Kingambit||BlackGlasses|Defiant|KowtowCleave,SuckerPunch,LowKick,IronHead|Adamant||M|||50|]Basculegion||ChoiceScarf|Adaptability|WaveCrash,FlipTurn,AquaJet,LastRespects|Jolly||M|||50|
|inactive|Battle timer is ON: inactive players will automatically lose when time's up. (requested by ancient95)
|inactive|sbhaga34 has 60 seconds left.
|inactive|ancient95 has 60 seconds left.
|inactive|sbhaga34 has 30 seconds left.
|
|t:|1784661718
|teamsize|p1|4
|teamsize|p2|4
|start
|switch|p1a: Scovillain|Scovillain, L50, M|100/100
|switch|p1b: Chandelure|Chandelure, L50, M|100/100
|switch|p2a: Whimsicott|Whimsicott, L50, M|100/100
|switch|p2b: Staraptor|Staraptor, L50, M|100/100
|-ability|p2b: Staraptor|Intimidate|boost
|-unboost|p1a: Scovillain|atk|1
|-unboost|p1b: Chandelure|atk|1
|turn|1
|inactive|sbhaga34 has 30 seconds left.
|inactive|ancient95 has 30 seconds left.
|
|t:|1784661747
|detailschange|p1a: Scovillain|Scovillain-Mega, L50, M
|-mega|p1a: Scovillain|Scovillain|Scovillainite
|move|p2a: Whimsicott|Moonblast|p1b: Chandelure
|-resisted|p1b: Chandelure|1
|-damage|p1b: Chandelure|80/100
|move|p2b: Staraptor|Brave Bird|p1a: Scovillain
|-supereffective|p1a: Scovillain|1
|-damage|p1a: Scovillain|8/100
|-status|p2b: Staraptor|brn|[from] ability: Spicy Spray|[of] p1a: Scovillain
|-damage|p2b: Staraptor|72/100 brn|[from] Recoil
|move|p1a: Scovillain|Overheat|p2b: Staraptor
|-damage|p2b: Staraptor|0 fnt
|-unboost|p1a: Scovillain|spa|2
|faint|p2b: Staraptor
|move|p1b: Chandelure|Trick Room|p1b: Chandelure
|-fieldstart|move: Trick Room|[of] p1b: Chandelure
|
|upkeep
|
|t:|1784661760
|switch|p2b: Garchomp|Garchomp, L50, F|100/100
|turn|2
|
|t:|1784661777
|switch|p1b: Corviknight|Corviknight, L50, M|100/100
|move|p1a: Scovillain|Protect|p1a: Scovillain
|-singleturn|p1a: Scovillain|Protect
|move|p2a: Whimsicott|Tickle|p1b: Corviknight
|-ability|p1b: Corviknight|Mirror Armor
|-unboost|p2a: Whimsicott|atk|1
|-ability|p1b: Corviknight|Mirror Armor
|-unboost|p2a: Whimsicott|def|1
|move|p2b: Garchomp|Earthquake|p1a: Scovillain|[spread] p2a
|-activate|p1a: Scovillain|move: Protect
|-immune|p1b: Corviknight
|-resisted|p2a: Whimsicott|1
|-damage|p2a: Whimsicott|44/100
|-damage|p2b: Garchomp|90/100|[from] item: Life Orb
|
|upkeep
|turn|3
|inactive|sbhaga34 has 30 seconds left.
|
|t:|1784661805
|move|p2a: Whimsicott|Protect|p2a: Whimsicott
|-singleturn|p2a: Whimsicott|Protect
|move|p2b: Garchomp|Protect|p2b: Garchomp
|-singleturn|p2b: Garchomp|Protect
|move|p1a: Scovillain|Giga Drain|p2b: Garchomp
|-activate|p2b: Garchomp|move: Protect
|move|p1b: Corviknight|Brave Bird|p2a: Whimsicott
|-activate|p2a: Whimsicott|move: Protect
|
|upkeep
|turn|4
|
|t:|1784661814
|switch|p2b: Charizard|Charizard, L50, F|100/100
|move|p1a: Scovillain|Giga Drain|p2b: Charizard
|-resisted|p2b: Charizard|2
|-damage|p2b: Charizard|94/100
|-heal|p1a: Scovillain|11/100|[from] drain|[of] p2b: Charizard
|move|p1b: Corviknight|Brave Bird|p2a: Whimsicott
|-supereffective|p2a: Whimsicott|1
|-damage|p2a: Whimsicott|0 fnt
|faint|p2a: Whimsicott
|-damage|p1b: Corviknight|90/100|[from] Recoil
|
|upkeep
|
|t:|1784661816
|switch|p2a: Garchomp|Garchomp, L50, F|90/100
|turn|5
|
|t:|1784661830
|detailschange|p2b: Charizard|Charizard-Mega-Y, L50, F
|-mega|p2b: Charizard|Charizard|Charizardite Y
|-weather|SunnyDay|[from] ability: Drought|[of] p2b: Charizard
|move|p2a: Garchomp|Protect|p2a: Garchomp
|-singleturn|p2a: Garchomp|Protect
|move|p1a: Scovillain|Giga Drain|p2a: Garchomp
|-activate|p2a: Garchomp|move: Protect
|move|p1b: Corviknight|Tailwind|p1b: Corviknight
|-sidestart|p1: sbhaga34|move: Tailwind
|move|p2b: Charizard|Heat Wave|p1b: Corviknight|[spread] p1a,p1b
|-supereffective|p1b: Corviknight|1
|-damage|p1a: Scovillain|0 fnt
|-damage|p1b: Corviknight|0 fnt
|-immune|p2b: Charizard
|faint|p1a: Scovillain
|faint|p1b: Corviknight
|
|-weather|SunnyDay|[upkeep]
|-fieldend|move: Trick Room
|upkeep
|
|t:|1784661835
|switch|p1b: Tyranitar|Tyranitar, L50, M|100/100
|switch|p1a: Chandelure|Chandelure, L50, M|80/100
|-weather|Sandstorm|[from] ability: Sand Stream|[of] p1b: Tyranitar
|turn|6
|
|t:|1784661851
|move|p1a: Chandelure|Protect|p1a: Chandelure
|-singleturn|p1a: Chandelure|Protect
|move|p2a: Garchomp|Protect|p2a: Garchomp
|-singleturn|p2a: Garchomp|Protect
|move|p2b: Charizard|Protect|p2b: Charizard
|-singleturn|p2b: Charizard|Protect
|move|p1b: Tyranitar|Knock Off|p2a: Garchomp
|-activate|p2a: Garchomp|move: Protect
|
|-weather|Sandstorm|[upkeep]
|-damage|p1a: Chandelure|74/100|[from] Sandstorm
|-damage|p2b: Charizard|88/100|[from] Sandstorm
|upkeep
|turn|7
|
|t:|1784661863
|move|p1a: Chandelure|Shadow Ball|p2a: Garchomp
|-damage|p2a: Garchomp|41/100
|move|p1b: Tyranitar|Rock Slide|p2b: Charizard|[spread] p2a,p2b
|-resisted|p2a: Garchomp|1
|-supereffective|p2b: Charizard|2
|-damage|p2a: Garchomp|27/100
|-damage|p2b: Charizard|0 fnt
|faint|p2b: Charizard
|move|p2a: Garchomp|Earthquake|p1b: Tyranitar|[spread] p1a,p1b
|-supereffective|p1a: Chandelure|1
|-enditem|p1a: Chandelure|Shuca Berry|[eat]
|-enditem|p1a: Chandelure|Shuca Berry|[weaken]
|-supereffective|p1b: Tyranitar|1
|-damage|p1a: Chandelure|19/100
|-damage|p1b: Tyranitar|27/100
|-damage|p2a: Garchomp|17/100|[from] item: Life Orb
|
|-weather|Sandstorm|[upkeep]
|-damage|p1a: Chandelure|13/100|[from] Sandstorm
|upkeep
|turn|8
|
|t:|1784661873
|move|p1b: Tyranitar|Knock Off|p2a: Garchomp
|-damage|p2a: Garchomp|0 fnt
|-damage|p1b: Tyranitar|14/100|[from] ability: Rough Skin|[of] p2a: Garchomp
|-enditem|p2a: Garchomp|Life Orb|[from] move: Knock Off|[of] p1b: Tyranitar
|faint|p2a: Garchomp
|
|win|sbhaga34
