|j|☆llufamistica
|j|☆vert1go0329
|html|llufamisticavert1go0329    
|uhtml|bestof|Game 1 of a best-of-3
|t:|1757181047
|gametype|doubles
|player|p1|llufamistica|169|1076
|player|p2|vert1go0329|266|1060
|gen|9
|tier|[Gen 9] VGC 2025 Reg H (Bo3)
|rated|
|rule|Species Clause: Limit one of each Pokémon
|rule|Item Clause: Limit 1 of each item
|clearpoke
|poke|p1|Murkrow, L50, F|
|poke|p1|Garchomp, L50, M|
|poke|p1|Toxtricity, L50, M|
|poke|p1|Zoroark-Hisui, L50, M|
|poke|p1|Indeedee-F, L50, F|
|poke|p1|Annihilape, L50, F|
|poke|p2|Ursaluna-Bloodmoon, L50, M|
|poke|p2|Porygon2, L50|
|poke|p2|Incineroar, L50, F|
|poke|p2|Dragapult, L50, F|
|poke|p2|Sneasler, L50, M|
|poke|p2|Hitmontop, L50, M|
|teampreview|4
|showteam|p1|Murkrow||Eviolite|Prankster|BraveBird,Tailwind,Quash,Haze|||F|||50|,,,,,Ghost]Garchomp||LifeOrb|RoughSkin|Earthquake,IronHead,RockSlide,Protect|||M|||50|,,,,,Steel]Toxtricity||ChoiceSpecs|PunkRock|Boomburst,Overdrive,VoltSwitch,SludgeBomb|||M|||50|,,,,,Normal]Zoroark-Hisui||FocusSash|Illusion|ShadowBall,Protect,HyperVoice,NastyPlot|||M|||50|,,,,,Stellar]Indeedee-F||SafetyGoggles|Synchronize|FollowMe,HelpingHand,FakeOut,DazzlingGleam|||F|||50|,,,,,Fairy]Annihilape||ChoiceScarf|Defiant|FinalGambit,HelpingHand,ShadowClaw,CloseCombat|||F|||50|,,,,,Grass
|showteam|p2|Ursaluna-Bloodmoon||AssaultVest|MindsEye|BloodMoon,HyperVoice,EarthPower,VacuumWave|||M|||50|,,,,,Normal]Porygon2||Eviolite|Trace|IceBeam,Thunderbolt,Recover,TrickRoom||||||50|,,,,,Ghost]Incineroar||SafetyGoggles|Intimidate|KnockOff,FakeOut,PartingShot,FlareBlitz|||F|||50|,,,,,Ghost]Dragapult||ChoiceBand|ClearBody|DragonDarts,Outrage,PhantomForce,Uturn|||F|||50|,,,,,Dragon]Sneasler||FocusSash|PoisonTouch|CloseCombat,DireClaw,ThroatChop,FakeOut|||M|||50|,,,,,Dark]Hitmontop||CovertCloak|Intimidate|SuckerPunch,CloseCombat,Coaching,WideGuard|||M|||50|,,,,,Fighting
|inactive|Battle timer is ON: inactive players will automatically lose when time's up. (requested by vert1go0329)
|inactive|llufamistica has 60 seconds left.
|inactive|vert1go0329 has 60 seconds left.
|inactive|llufamistica has 30 seconds left.
|inactive|llufamistica has 20 seconds left.
|inactive|llufamistica has 15 seconds left.
|inactive|llufamistica has 10 seconds left.
|inactive|llufamistica has 5 seconds left.
|
|t:|1757181136
|teamsize|p1|4
|teamsize|p2|4
|start
|switch|p1a: Annihilape|Annihilape, L50, F, shiny|100/100
|switch|p1b: Toxtricity|Toxtricity, L50, M, shiny|100/100
|switch|p2a: Dragapult|Dragapult, L50, F|100/100
|switch|p2b: Sneasler|Sneasler, L50, M|100/100
|turn|1
|inactive|llufamistica has 30 seconds left.
|inactive|vert1go0329 has 30 seconds left.
|inactive|llufamistica has 20 seconds left.
|inactive|llufamistica has 15 seconds left.
|inactive|llufamistica has 10 seconds left.
|inactive|llufamistica has 5 seconds left.
|
|t:|1757181189
|switch|p2a: Porygon2|Porygon2, L50|100/100
|-ability|p2a: Porygon2|Punk Rock|Trace|[from] ability: Trace|[of] p1b: Toxtricity
|move|p1a: Annihilape|Shadow Claw|p2a: Porygon2
|-immune|p2a: Porygon2
|move|p2b: Sneasler|Dire Claw|p1a: Annihilape
|-resisted|p1a: Annihilape
|-damage|p1a: Annihilape|79/100
|-status|p1a: Annihilape|par
|move|p1b: Toxtricity|Overdrive|p2a: Porygon2|[spread] p2a,p2b
|-damage|p2a: Porygon2|84/100
|-damage|p2b: Sneasler|23/100
|
|upkeep
|turn|2
|inactive|llufamistica has 30 seconds left.
|inactive|vert1go0329 has 30 seconds left.
|
|t:|1757181221
|switch|p1b: Indeedee|Indeedee-F, L50, F|100/100
|switch|p1a: Toxtricity|Toxtricity, L50, M, shiny|100/100
|-terastallize|p2a: Porygon2|Ghost
|move|p2b: Sneasler|Close Combat|p1b: Indeedee
|-damage|p1b: Indeedee|32/100
|-unboost|p2b: Sneasler|def|1
|-unboost|p2b: Sneasler|spd|1
|move|p2a: Porygon2|Trick Room|p2a: Porygon2
|-fieldstart|move: Trick Room|[of] p2a: Porygon2
|
|upkeep
|turn|3
|inactive|llufamistica has 30 seconds left.
|inactive|llufamistica has 20 seconds left.
|inactive|llufamistica has 15 seconds left.
|inactive|llufamistica has 10 seconds left.
|inactive|llufamistica has 5 seconds left.
|
|t:|1757181276
|-terastallize|p1a: Toxtricity|Stellar
|move|p1b: Indeedee|Fake Out|p2b: Sneasler
|-damage|p2b: Sneasler|1/100
|move|p2a: Porygon2|Ice Beam|p1b: Indeedee
|-damage|p1b: Indeedee|10/100
|-status|p1b: Indeedee|frz
|move|p1a: Toxtricity|Shadow Ball|p2a: Porygon2
|-supereffective|p2a: Porygon2
|-damage|p2a: Porygon2|9/100
|cant|p2b: Sneasler|flinch
|
|upkeep
|turn|4
|inactive|llufamistica has 30 seconds left.
|
|t:|1757181315
|move|p2a: Porygon2|Recover|p2a: Porygon2
|-heal|p2a: Porygon2|59/100
|cant|p1b: Indeedee|frz
|move|p1a: Toxtricity|Nasty Plot|p1a: Toxtricity
|-boost|p1a: Toxtricity|spa|2
|move|p2b: Sneasler|Close Combat|p1a: Toxtricity
|-immune|p1a: Toxtricity
|
|upkeep
|turn|5
|
|t:|1757181339
|move|p1a: Toxtricity|Protect|p1a: Toxtricity
|-singleturn|p1a: Toxtricity|Protect
|move|p2a: Porygon2|Thunderbolt|p1a: Toxtricity
|-activate|p1a: Toxtricity|move: Protect
|cant|p1b: Indeedee|frz
|move|p2b: Sneasler|Throat Chop|p1a: Toxtricity
|-activate|p1a: Toxtricity|move: Protect
|
|upkeep
|turn|6
|
|t:|1757181364
|cant|p1b: Indeedee|frz
|move|p2a: Porygon2|Ice Beam|p1b: Indeedee
|-damage|p1b: Indeedee|0 fnt
|faint|p1b: Indeedee
|move|p1a: Toxtricity|Hyper Voice|p2b: Sneasler|[spread] p2b
|-immune|p2a: Porygon2
|-damage|p2b: Sneasler|0 fnt
|faint|p2b: Sneasler
|
|-fieldend|move: Trick Room
|upkeep
|
|t:|1757181381
|switch|p2b: Dragapult|Dragapult, L50, F|100/100
|switch|p1b: Annihilape|Annihilape, L50, F, shiny|79/100 par
|turn|7
|
|t:|1757181402
|move|p2b: Dragapult|Dragon Darts|p1a: Toxtricity
|-damage|p1a: Toxtricity|11/100
|replace|p1a: Zoroark|Zoroark-Hisui, L50, M, shiny
|-end|p1a: Zoroark|Illusion
|-anim|p2b: Dragapult|Dragon Darts|p1b: Annihilape
|-damage|p1b: Annihilape|41/100 par
|move|p1a: Zoroark|Shadow Ball|p2a: Porygon2
|-supereffective|p2a: Porygon2
|-damage|p2a: Porygon2|0 fnt
|faint|p2a: Porygon2
|move|p1b: Annihilape|Shadow Claw|p2b: Dragapult
|-supereffective|p2b: Dragapult
|-damage|p2b: Dragapult|19/100
|
|upkeep
|
|t:|1757181415
|switch|p2a: Ursaluna|Ursaluna-Bloodmoon, L50, M|100/100
|turn|8
|inactive|llufamistica has 30 seconds left.
|
|t:|1757181454
|move|p2b: Dragapult|Dragon Darts|p1a: Zoroark
|-damage|p1a: Zoroark|0 fnt
|-anim|p2b: Dragapult|Dragon Darts|p1b: Annihilape
|-damage|p1b: Annihilape|0 fnt
|faint|p1a: Zoroark
|faint|p1b: Annihilape
|move|p2a: Ursaluna|Earth Power|p1: Zoroark|[notarget]
|-fail|p2a: Ursaluna
|
|upkeep
|
|t:|1757181464
|switch|p1b: Toxtricity|Toxtricity, L50, M, shiny|100/100
|turn|9
|
|t:|1757181469
|move|p2b: Dragapult|Dragon Darts|p1b: Toxtricity
|-damage|p1b: Toxtricity|31/100
|-anim|p2b: Dragapult|Dragon Darts|p1b: Toxtricity
|-damage|p1b: Toxtricity|0 fnt
|faint|p1b: Toxtricity
|
|win|vert1go0329
||vert1go0329 is ready for game 2.
||llufamistica is ready for game 2.
|uhtml|next|Next: Game 2 of 3
|l|☆vert1go0329
|player|p2|
