|j|☆santicifupe
|j|☆5 sky high
|html|santicifupe5 sky high    
|uhtml|bestof|Game 3 of a best-of-3
|t:|1783135143
|gametype|doubles
|player|p1|santicifupe|iris-gen5bw2|1150
|player|p2|5 sky high|wicke|1232
|gen|9
|tier|[Gen 9 Champions] VGC 2026 Reg M-B (Bo3)
|rated|
|rule|Species Clause: Limit one of each Pokémon
|rule|Item Clause: Limit 1 of each item
|clearpoke
|poke|p1|Milotic, L50, F, shiny|
|poke|p1|Incineroar, L50, F|
|poke|p1|Sinistcha-Masterpiece, L50, shiny|
|poke|p1|Floette-Eternal, L50, F, shiny|
|poke|p1|Sneasler, L50, F, shiny|
|poke|p1|Blaziken, L50, M|
|poke|p2|Froslass, L50, F|
|poke|p2|Scovillain, L50, F|
|poke|p2|Basculegion, L50, M|
|poke|p2|Kingambit, L50, M|
|poke|p2|Sneasler, L50, F|
|poke|p2|Lycanroc-Dusk, L50, M|
|teampreview|4
|showteam|p1|Milotic||Leftovers|Competitive|MuddyWater,Recover,Hypnosis,Coil|Calm||F|||50|]Incineroar||SitrusBerry|Intimidate|FakeOut,FlareBlitz,ThroatChop,PartingShot|Careful||F|||50|]Sinistcha-Masterpiece||KasibBerry|Hospitality|MatchaGotcha,Protect,TrickRoom,RagePowder|Bold|||||50|]Floette-Eternal||Floettite|FlowerVeil|CalmMind,Protect,DrainingKiss,DazzlingGleam|Modest||F|||50|]Sneasler||FocusSash|PoisonTouch|FakeOut,Protect,DireClaw,CloseCombat|Jolly||F|||50|]Blaziken||Blazikenite|SpeedBoost|RockSlide,SwordsDance,Protect,CloseCombat|Adamant||M|||50|
|showteam|p2|Froslass||Froslassite|CursedBody|Blizzard,ShadowBall,AuroraVeil,Protect|Timid||F|||50|]Scovillain||Scovillainite|Moody|GigaDrain,Overheat,RagePowder,Protect|Bold||F|||50|]Basculegion||SitrusBerry|Adaptability|WaveCrash,LastRespects,AquaJet,Protect|Adamant||M|||50|]Kingambit||BlackGlasses|Defiant|KowtowCleave,SuckerPunch,SwordsDance,Protect|Adamant||M|||50|]Sneasler||WhiteHerb|Unburden|CloseCombat,GunkShot,Protect,FakeOut|Adamant||F|||50|]Lycanroc-Dusk||FocusSash|ToughClaws|CloseCombat,Accelerock,RockSlide,Protect|Jolly||M|||50|
|inactive|Battle timer is ON: inactive players will automatically lose when time's up. (requested by 5 sky high)
|
|t:|1783135161
|teamsize|p1|4
|teamsize|p2|4
|start
|switch|p1a: hypnosis|Milotic, L50, F, shiny|100/100
|switch|p1b: wolfe's nigthmare|Incineroar, L50, F|100/100
|switch|p2a: Froslass|Froslass, L50, F|100/100
|switch|p2b: Sneasler|Sneasler, L50, F|100/100
|-ability|p1b: wolfe's nigthmare|Intimidate|boost
|-unboost|p2a: Froslass|atk|1
|-unboost|p2b: Sneasler|atk|1
|-enditem|p2b: Sneasler|White Herb
|-clearnegativeboost|p2b: Sneasler|[silent]
|turn|1
|
|t:|1783135180
|detailschange|p2a: Froslass|Froslass-Mega, L50, F
|-mega|p2a: Froslass|Froslass|Froslassite
|-weather|Snowscape|[from] ability: Snow Warning|[of] p2a: Froslass
|move|p2b: Sneasler|Fake Out|p1a: hypnosis
|-damage|p1a: hypnosis|86/100
|move|p2a: Froslass|Aurora Veil|p2a: Froslass
|-sidestart|p2: 5 sky high|move: Aurora Veil
|cant|p1a: hypnosis|flinch
|move|p1b: wolfe's nigthmare|Flare Blitz|p2a: Froslass
|-supereffective|p2a: Froslass|1
|-damage|p2a: Froslass|36/100
|-damage|p1b: wolfe's nigthmare|82/100|[from] Recoil
|
|-weather|Snowscape|[upkeep]
|-heal|p1a: hypnosis|92/100|[from] item: Leftovers
|upkeep
|turn|2
|
|t:|1783135200
|move|p2b: Sneasler|Close Combat|p1a: hypnosis
|-damage|p1a: hypnosis|30/100
|-unboost|p2b: Sneasler|def|1
|-unboost|p2b: Sneasler|spd|1
|move|p2a: Froslass|Shadow Ball|p1a: hypnosis
|-damage|p1a: hypnosis|6/100
|move|p1a: hypnosis|Coil|p1a: hypnosis
|-boost|p1a: hypnosis|atk|1
|-boost|p1a: hypnosis|def|1
|-boost|p1a: hypnosis|accuracy|1
|move|p1b: wolfe's nigthmare|Flare Blitz|p2a: Froslass
|-supereffective|p2a: Froslass|1
|-damage|p2a: Froslass|0 fnt
|faint|p2a: Froslass
|-damage|p1b: wolfe's nigthmare|72/100|[from] Recoil
|
|-weather|Snowscape|[upkeep]
|-heal|p1a: hypnosis|12/100|[from] item: Leftovers
|upkeep
|
|t:|1783135214
|switch|p2a: Basculegion|Basculegion, L50, M|100/100
|turn|3
|
|t:|1783135230
|switch|p1b: Sinistcha|Sinistcha-Masterpiece, L50, shiny|100/100
|-heal|p1a: hypnosis|37/100|[from] ability: Hospitality|[of] p1b: Sinistcha
|move|p2b: Sneasler|Gunk Shot|p1b: Sinistcha
|-damage|p1b: Sinistcha|57/100
|-status|p1b: Sinistcha|psn
|move|p1a: hypnosis|Recover|p1a: hypnosis
|-heal|p1a: hypnosis|87/100
|move|p2a: Basculegion|Last Respects|p1b: Sinistcha
|-supereffective|p1b: Sinistcha|1
|-enditem|p1b: Sinistcha|Kasib Berry|[eat]
|-enditem|p1b: Sinistcha|Kasib Berry|[weaken]
|-damage|p1b: Sinistcha|13/100 psn
|
|-weather|Snowscape|[upkeep]
|-heal|p1a: hypnosis|93/100|[from] item: Leftovers
|-damage|p1b: Sinistcha|1/100 psn|[from] psn
|upkeep
|turn|4
|
|t:|1783135249
|move|p2b: Sneasler|Protect|p2b: Sneasler
|-singleturn|p2b: Sneasler|Protect
|move|p2a: Basculegion|Protect|p2a: Basculegion
|-singleturn|p2a: Basculegion|Protect
|move|p1b: Sinistcha|Rage Powder|p1b: Sinistcha
|-singleturn|p1b: Sinistcha|move: Rage Powder
|move|p1a: hypnosis|Coil|p1a: hypnosis
|-boost|p1a: hypnosis|atk|1
|-boost|p1a: hypnosis|def|1
|-boost|p1a: hypnosis|accuracy|1
|
|-weather|Snowscape|[upkeep]
|-heal|p1a: hypnosis|99/100|[from] item: Leftovers
|-damage|p1b: Sinistcha|0 fnt|[from] psn
|faint|p1b: Sinistcha
|upkeep
|
|t:|1783135254
|switch|p1b: wolfe's nigthmare|Incineroar, L50, F|72/100
|-ability|p1b: wolfe's nigthmare|Intimidate|boost
|-unboost|p2a: Basculegion|atk|1
|-unboost|p2b: Sneasler|atk|1
|turn|5
|
|t:|1783135266
|switch|p2a: Kingambit|Kingambit, L50, M|100/100
|move|p1b: wolfe's nigthmare|Fake Out|p2b: Sneasler
|-damage|p2b: Sneasler|87/100
|cant|p2b: Sneasler|flinch
|move|p1a: hypnosis|Hypnosis|p2a: Kingambit
|-status|p2a: Kingambit|slp|[from] move: Hypnosis
|
|-weather|none
|-heal|p1a: hypnosis|100/100|[from] item: Leftovers
|-sideend|p2: 5 sky high|move: Aurora Veil
|upkeep
|turn|6
|
|t:|1783135276
|move|p2b: Sneasler|Close Combat|p1b: wolfe's nigthmare
|-supereffective|p1b: wolfe's nigthmare|1
|-damage|p1b: wolfe's nigthmare|0 fnt
|-unboost|p2b: Sneasler|def|1
|-unboost|p2b: Sneasler|spd|1
|faint|p1b: wolfe's nigthmare
|move|p1a: hypnosis|Hypnosis|p2b: Sneasler
|-status|p2b: Sneasler|slp|[from] move: Hypnosis
|cant|p2a: Kingambit|slp
|
|upkeep
|
|t:|1783135279
|switch|p1b: Blaziken|Blaziken, L50, M|100/100
|turn|7
|
|t:|1783135290
|detailschange|p1b: Blaziken|Blaziken-Mega, L50, M
|-mega|p1b: Blaziken|Blaziken|Blazikenite
|cant|p2b: Sneasler|slp
|move|p1b: Blaziken|Swords Dance|p1b: Blaziken
|-boost|p1b: Blaziken|atk|2
|move|p1a: hypnosis|Muddy Water|p2a: Kingambit|[spread] p2a,p2b
|-damage|p2a: Kingambit|79/100 slp
|-damage|p2b: Sneasler|25/100 slp
|cant|p2a: Kingambit|slp
|
|-ability|p1b: Blaziken|Speed Boost|boost
|-boost|p1b: Blaziken|spe|1
|upkeep
|turn|8
|
|t:|1783135298
|move|p1b: Blaziken|Protect|p1b: Blaziken
|-singleturn|p1b: Blaziken|Protect
|cant|p2b: Sneasler|slp
|move|p1a: hypnosis|Muddy Water|p2a: Kingambit|[spread] p2a,p2b
|-crit|p2a: Kingambit
|-damage|p2a: Kingambit|48/100 slp
|-damage|p2b: Sneasler|0 fnt
|faint|p2b: Sneasler
|-curestatus|p2a: Kingambit|slp|[msg]
|move|p2a: Kingambit|Swords Dance|p2a: Kingambit
|-boost|p2a: Kingambit|atk|2
|
|-ability|p1b: Blaziken|Speed Boost|boost
|-boost|p1b: Blaziken|spe|1
|upkeep
|
|t:|1783135300
|switch|p2b: Basculegion|Basculegion, L50, M|100/100
|turn|9
|inactive|santicifupe has 30 seconds left.
|
|t:|1783135333
|move|p2a: Kingambit|Protect|p2a: Kingambit
|-singleturn|p2a: Kingambit|Protect
|move|p1b: Blaziken|Rock Slide|p2b: Basculegion|[spread] p2b
|-activate|p2a: Kingambit|move: Protect
|-damage|p2b: Basculegion|49/100
|-enditem|p2b: Basculegion|Sitrus Berry|[eat]
|-heal|p2b: Basculegion|74/100|[from] item: Sitrus Berry
|move|p1a: hypnosis|Hypnosis|p2a: Kingambit
|-activate|p2a: Kingambit|move: Protect
|move|p2b: Basculegion|Wave Crash|p1b: Blaziken
|-supereffective|p1b: Blaziken|1
|-damage|p1b: Blaziken|0 fnt
|faint|p1b: Blaziken
|-damage|p2b: Basculegion|47/100|[from] Recoil
|
|upkeep
|turn|10
|
|t:|1783135348
|move|p1a: hypnosis|Hypnosis|p2a: Kingambit
|-status|p2a: Kingambit|slp|[from] move: Hypnosis
|move|p2b: Basculegion|Last Respects|p1a: hypnosis
|-damage|p1a: hypnosis|54/100
|cant|p2a: Kingambit|slp
|
|-heal|p1a: hypnosis|60/100|[from] item: Leftovers
|upkeep
|turn|11
|
|t:|1783135352
|move|p1a: hypnosis|Hypnosis|p2b: Basculegion
|-status|p2b: Basculegion|slp|[from] move: Hypnosis
|cant|p2b: Basculegion|slp
|cant|p2a: Kingambit|slp
|
|-heal|p1a: hypnosis|66/100|[from] item: Leftovers
|upkeep
|turn|12
|
|t:|1783135356
|move|p1a: hypnosis|Muddy Water|p2a: Kingambit|[spread] p2a,p2b
|-resisted|p2b: Basculegion|1
|-damage|p2a: Kingambit|27/100 slp
|-damage|p2b: Basculegion|36/100 slp
|-unboost|p2b: Basculegion|accuracy|1
|-curestatus|p2b: Basculegion|slp|[msg]
|move|p2b: Basculegion|Last Respects|p1a: hypnosis
|-damage|p1a: hypnosis|18/100
|-curestatus|p2a: Kingambit|slp|[msg]
|move|p2a: Kingambit|Kowtow Cleave|p1a: hypnosis
|-damage|p1a: hypnosis|0 fnt
|faint|p1a: hypnosis
|
|win|5 sky high
|raw|santicifupe's rating: 1150 → 1131(-19 for losing)
|raw|5 sky high's rating: 1232 → 1251(+19 for winning)
|c|☆5 sky high|gg
|l|☆santicifupe
|player|p1|
