|j|☆Beh2242
|j|☆Lego Darth Malgus
|html|Beh2242Lego Darth Malgus    
|uhtml|bestof|Game 2 of a best-of-3
|t:|1757022655
|gametype|doubles
|player|p1|Beh2242|lucas-gen4pt|1212
|player|p2|Lego Darth Malgus|2|1253
|gen|9
|tier|[Gen 9] VGC 2025 Reg H (Bo3)
|rated|
|rule|Species Clause: Limit one of each Pokémon
|rule|Item Clause: Limit 1 of each item
|clearpoke
|poke|p1|Porygon2, L50|
|poke|p1|Gholdengo, L50|
|poke|p1|Hydreigon, L50, M|
|poke|p1|Amoonguss, L50, F|
|poke|p1|Ursaluna, L50, F|
|poke|p1|Incineroar, L50, M|
|poke|p2|Kommo-o, L50, F|
|poke|p2|Tyranitar, L50, F|
|poke|p2|Excadrill, L50, F|
|poke|p2|Samurott-Hisui, L50, M|
|poke|p2|Rillaboom, L50, M|
|poke|p2|Volcarona, L50, F|
|teampreview|4
|showteam|p1|Porygon2||Eviolite|Download|TeraBlast,IceBeam,Recover,TrickRoom||||||50|,,,,,Flying]Gholdengo||LifeOrb|GoodasGold|MakeItRain,ShadowBall,NastyPlot,Protect||||||50|,,,,,Water]Hydreigon||CovertCloak|Levitate|DracoMeteor,Snarl,Tailwind,Protect|||M|||50|,,,,,Poison]Amoonguss||SitrusBerry|Regenerator|Spore,RagePowder,PollenPuff,Protect|||F|||50|,,,,,Water]Ursaluna||FlameOrb|Guts|Facade,Earthquake,HeadlongRush,Protect|||F|||50|,,,,,Ghost]Incineroar||AssaultVest|Intimidate|FakeOut,FlareBlitz,KnockOff,Uturn|||M|||50|,,,,,Grass
|showteam|p2|Kommo-o||GrassySeed|Overcoat|BodyPress,IronDefense,Protect,DragonPulse|||F|||50|,,,,,Fairy]Tyranitar||ChoiceScarf|SandStream|RockSlide,KnockOff,TeraBlast,LowKick|||F|||50|,,,,,Flying]Excadrill||FocusSash|SandRush|HighHorsepower,IronHead,Bulldoze,Protect|||F|||50|,,,,,Ghost]Samurott-Hisui||AssaultVest|Sharpness|NightSlash,AquaCutter,SacredSword,SuckerPunch|||M|||50|,,,,,Ghost]Rillaboom||MiracleSeed|GrassySurge|FakeOut,DrumBeating,GrassyGlide,Taunt|||M|||50|,,,,,Water]Volcarona||SitrusBerry|FlameBody|QuiverDance,HeatWave,TeraBlast,Protect|||F|||50|,,,,,Fairy
|inactive|Battle timer is ON: inactive players will automatically lose when time's up. (requested by Lego Darth Malgus)
|
|t:|1757022675
|teamsize|p1|4
|teamsize|p2|4
|start
|switch|p1a: Porygon2|Porygon2, L50|100/100
|switch|p1b: Incineroar|Incineroar, L50, M|100/100
|switch|p2a: Rillaboom|Rillaboom, L50, M, shiny|100/100
|switch|p2b: Volcarona|Volcarona, L50, F, shiny|100/100
|-fieldstart|move: Grassy Terrain|[from] ability: Grassy Surge|[of] p2a: Rillaboom
|-ability|p1b: Incineroar|Intimidate|boost
|-unboost|p2a: Rillaboom|atk|1
|-unboost|p2b: Volcarona|atk|1
|-ability|p1a: Porygon2|Download|boost
|-boost|p1a: Porygon2|atk|1
|turn|1
|
|t:|1757022694
|switch|p2b: Kommo-o|Kommo-o, L50, F, shiny|100/100
|-enditem|p2b: Kommo-o|Grassy Seed
|-boost|p2b: Kommo-o|def|1|[from] item: Grassy Seed
|-terastallize|p1a: Porygon2|Flying
|move|p2a: Rillaboom|Fake Out|p1a: Porygon2
|-damage|p1a: Porygon2|95/100
|move|p1b: Incineroar|Fake Out|p2b: Kommo-o
|-damage|p2b: Kommo-o|94/100
|cant|p1a: Porygon2|flinch
|
|-heal|p2b: Kommo-o|99/100|[from] Grassy Terrain
|upkeep
|turn|2
|inactive|Beh2242 has 30 seconds left.
|
|t:|1757022721
|-terastallize|p2b: Kommo-o|Fairy
|move|p2a: Rillaboom|Taunt|p1a: Porygon2
|-start|p1a: Porygon2|move: Taunt
|move|p2b: Kommo-o|Iron Defense|p2b: Kommo-o
|-boost|p2b: Kommo-o|def|2
|move|p1b: Incineroar|Flare Blitz|p2a: Rillaboom
|-supereffective|p2a: Rillaboom
|-damage|p2a: Rillaboom|0 fnt
|faint|p2a: Rillaboom
|-damage|p1b: Incineroar|71/100|[from] Recoil
|move|p1a: Porygon2|Ice Beam|p2b: Kommo-o
|-damage|p2b: Kommo-o|76/100
|
|-heal|p2b: Kommo-o|82/100|[from] Grassy Terrain
|-heal|p1b: Incineroar|77/100|[from] Grassy Terrain
|upkeep
|
|t:|1757022725
|switch|p2a: Samurott|Samurott-Hisui, L50, M, shiny|100/100
|turn|3
|
|t:|1757022741
|switch|p1b: Amoonguss|Amoonguss, L50, F|100/100
|move|p2a: Samurott|Aqua Cutter|p1a: Porygon2
|-damage|p1a: Porygon2|62/100
|move|p2b: Kommo-o|Body Press|p1a: Porygon2
|-resisted|p1a: Porygon2
|-damage|p1a: Porygon2|32/100
|move|p1a: Porygon2|Tera Blast|p2a: Samurott|[anim] Tera Blast Flying
|-damage|p2a: Samurott|68/100
|
|-heal|p2a: Samurott|74/100|[from] Grassy Terrain
|-heal|p2b: Kommo-o|88/100|[from] Grassy Terrain
|upkeep
|turn|4
|
|t:|1757022766
|move|p2a: Samurott|Night Slash|p1b: Amoonguss
|-damage|p1b: Amoonguss|60/100
|move|p2b: Kommo-o|Iron Defense|p2b: Kommo-o
|-boost|p2b: Kommo-o|def|2
|move|p1a: Porygon2|Ice Beam|p2b: Kommo-o
|-damage|p2b: Kommo-o|64/100
|move|p1b: Amoonguss|Pollen Puff|p1a: Porygon2
|-heal|p1a: Porygon2|82/100
|
|-heal|p2a: Samurott|80/100|[from] Grassy Terrain
|-heal|p2b: Kommo-o|70/100|[from] Grassy Terrain
|-heal|p1b: Amoonguss|65/100|[from] Grassy Terrain
|-end|p1a: Porygon2|move: Taunt
|upkeep
|turn|5
|
|t:|1757022788
|switch|p1b: Ursaluna|Ursaluna, L50, F|100/100
|move|p2a: Samurott|Night Slash|p1b: Ursaluna
|-damage|p1b: Ursaluna|56/100
|move|p2b: Kommo-o|Body Press|p1b: Ursaluna
|-supereffective|p1b: Ursaluna
|-damage|p1b: Ursaluna|0 fnt
|faint|p1b: Ursaluna
|move|p1a: Porygon2|Trick Room|p1a: Porygon2
|-fieldstart|move: Trick Room|[of] p1a: Porygon2
|
|-heal|p2b: Kommo-o|75/100|[from] Grassy Terrain
|-heal|p2a: Samurott|86/100|[from] Grassy Terrain
|-fieldend|move: Grassy Terrain
|upkeep
|
|t:|1757022801
|switch|p1b: Incineroar|Incineroar, L50, M|77/100
|-ability|p1b: Incineroar|Intimidate|boost
|-unboost|p2a: Samurott|atk|1
|-unboost|p2b: Kommo-o|atk|1
|turn|6
|
|t:|1757022814
|switch|p2a: Volcarona|Volcarona, L50, F, shiny|100/100
|move|p2b: Kommo-o|Protect|p2b: Kommo-o
|-singleturn|p2b: Kommo-o|Protect
|move|p1a: Porygon2|Tera Blast|p2b: Kommo-o|[anim] Tera Blast Flying
|-activate|p2b: Kommo-o|move: Protect
|move|p1b: Incineroar|U-turn|p2b: Kommo-o
|-activate|p2b: Kommo-o|move: Protect
|
|upkeep
|turn|7
|
|t:|1757022829
|switch|p2a: Samurott|Samurott-Hisui, L50, M, shiny|86/100
|move|p1a: Porygon2|Tera Blast|p2a: Samurott|[anim] Tera Blast Flying
|-damage|p2a: Samurott|54/100
|move|p1b: Incineroar|Knock Off|p2a: Samurott
|-resisted|p2a: Samurott
|-damage|p2a: Samurott|22/100
|-enditem|p2a: Samurott|Assault Vest|[from] move: Knock Off|[of] p1b: Incineroar
|move|p2b: Kommo-o|Body Press|p1b: Incineroar
|-supereffective|p1b: Incineroar
|-damage|p1b: Incineroar|0 fnt
|faint|p1b: Incineroar
|
|upkeep
|
|t:|1757022842
|switch|p1b: Amoonguss|Amoonguss, L50, F|99/100
|turn|8
|
|t:|1757022851
|move|p2a: Samurott|Sucker Punch|p1a: Porygon2
|-damage|p1a: Porygon2|61/100
|move|p1b: Amoonguss|Spore|p2b: Kommo-o
|-immune|p2b: Kommo-o|[from] ability: Overcoat
|move|p1a: Porygon2|Tera Blast|p2a: Samurott|[anim] Tera Blast Flying
|-damage|p2a: Samurott|0 fnt
|faint|p2a: Samurott
|move|p2b: Kommo-o|Body Press|p1a: Porygon2
|-resisted|p1a: Porygon2
|-damage|p1a: Porygon2|14/100
|
|upkeep
|
|t:|1757022853
|switch|p2a: Volcarona|Volcarona, L50, F, shiny|100/100
|turn|9
|
|t:|1757022874
|move|p2a: Volcarona|Protect|p2a: Volcarona
|-singleturn|p2a: Volcarona|Protect
|move|p1b: Amoonguss|Spore|p2a: Volcarona
|-activate|p2a: Volcarona|move: Protect
|move|p1a: Porygon2|Recover|p1a: Porygon2
|-heal|p1a: Porygon2|64/100
|move|p2b: Kommo-o|Body Press|p1b: Amoonguss
|-resisted|p1b: Amoonguss
|-damage|p1b: Amoonguss|38/100
|-enditem|p1b: Amoonguss|Sitrus Berry|[eat]
|-heal|p1b: Amoonguss|63/100|[from] item: Sitrus Berry
|
|-fieldend|move: Trick Room
|upkeep
|turn|10
|inactive|Lego Darth Malgus has 30 seconds left.
|
|t:|1757022901
|move|p1b: Amoonguss|Protect|p1b: Amoonguss
|-singleturn|p1b: Amoonguss|Protect
|move|p2a: Volcarona|Heat Wave|p1b: Amoonguss|[spread] p1a
|-activate|p1b: Amoonguss|move: Protect
|-damage|p1a: Porygon2|42/100
|move|p2b: Kommo-o|Body Press|p1a: Porygon2
|-resisted|p1a: Porygon2
|-damage|p1a: Porygon2|0 fnt
|faint|p1a: Porygon2
|
|upkeep
|turn|11
|-message|Beh2242 forfeited.
|
|win|Lego Darth Malgus
|raw|Beh2242's rating: 1212 → 1190(-22 for losing)
|raw|Lego Darth Malgus's rating: 1253 → 1275(+22 for winning)
|l|☆Beh2242
|player|p1|
