|j|☆Not Rain
|j|☆Creff
|html|Not RainCreff    
|uhtml|bestof|Game 2 of a best-of-3
|t:|1756499792
|gametype|doubles
|player|p1|Not Rain|265|
|player|p2|Creff|1|
|gen|9
|tier|[Gen 9] VGC 2025 Reg H (Bo3)
|rule|Species Clause: Limit one of each Pokémon
|rule|Item Clause: Limit 1 of each item
|clearpoke
|poke|p1|Metagross, L50|
|poke|p1|Sneasler, L50, M|
|poke|p1|Incineroar, L50, M|
|poke|p1|Amoonguss, L50, F|
|poke|p1|Zoroark-Hisui, L50, M|
|poke|p1|Ninetales-Alola, L50, M|
|poke|p2|Archaludon, L50, M|
|poke|p2|Murkrow, L50, M|
|poke|p2|Basculegion, L50, M|
|poke|p2|Rillaboom, L50, M|
|poke|p2|Incineroar, L50, F|
|poke|p2|Flamigo, L50, F|
|teampreview|4
|showteam|p1|Metagross||AssaultVest|ClearBody|BulletPunch,MeteorMash,PsychicFangs,StompingTantrum||||||50|,,,,,Ground]Sneasler||FocusSash|PoisonTouch|FakeOut,Coaching,DireClaw,CloseCombat|||M|||50|,,,,,Grass]Incineroar||SafetyGoggles|Intimidate|FakeOut,FlareBlitz,PartingShot,Taunt|||M|||50|,,,,,Ghost]Amoonguss||RockyHelmet|Regenerator|RagePowder,Spore,PollenPuff,Protect|||F|||50|,,,,,Water]Zoroark-Hisui||ChoiceSpecs|Illusion|WillOWisp,BitterMalice,FocusBlast,HyperVoice|||M|||50|,,,,,Fighting]Ninetales-Alola||LightClay|SnowWarning|AuroraVeil,FreezeDry,DazzlingGleam,Protect|||M|||50|,,,,,Ghost
|showteam|p2|Archaludon||AssaultVest|Stamina|ElectroShot,BodyPress,DarkPulse,FlashCannon|||M|||50|,,,,,Grass]Murkrow||Eviolite|Prankster|RainDance,Tailwind,FoulPlay,Protect|||M|||50|,,,,,Ghost]Basculegion||ChoiceBand|Adaptability|FlipTurn,AquaJet,LastRespects,WaveCrash|||M|||50|,,,,,Water]Rillaboom||RockyHelmet|GrassySurge|FakeOut,Uturn,GrassyGlide,Protect|||M|||50|,,,,,Grass]Incineroar||CovertCloak|Intimidate|PartingShot,FakeOut,KnockOff,WillOWisp|||F|||50|,,,,,Grass]Flamigo||SafetyGoggles|Scrappy|BraveBird,CloseCombat,Tailwind,Protect|||F|||50|,,,,,Steel
|
|t:|1756499830
|teamsize|p1|4
|teamsize|p2|4
|start
|switch|p1a: Incineroar|Incineroar, L50, M|100/100
|switch|p1b: Amoonguss|Amoonguss, L50, F|100/100
|switch|p2a: Flamigo|Flamigo, L50, F|100/100
|switch|p2b: Basculegion|Basculegion, L50, M|100/100
|turn|1
|
|t:|1756499866
|switch|p2b: Incineroar|Incineroar, L50, F|100/100
|-ability|p2b: Incineroar|Intimidate|boost
|-unboost|p1a: Incineroar|atk|1
|-unboost|p1b: Amoonguss|atk|1
|move|p1b: Amoonguss|Rage Powder|p1b: Amoonguss
|-singleturn|p1b: Amoonguss|move: Rage Powder
|move|p1a: Incineroar|Bitter Malice|p2a: Flamigo
|-crit|p2a: Flamigo
|-damage|p2a: Flamigo|0 fnt
|faint|p2a: Flamigo
|
|upkeep
|
|t:|1756499880
|switch|p2a: Basculegion|Basculegion, L50, M|100/100
|turn|2
|
|t:|1756499924
|switch|p1a: Incineroar|Incineroar, L50, M|100/100
|-ability|p1a: Incineroar|Intimidate|boost
|-unboost|p2a: Basculegion|atk|1
|-unboost|p2b: Incineroar|atk|1
|move|p2b: Incineroar|Fake Out|p1b: Amoonguss
|-damage|p1b: Amoonguss|94/100
|-damage|p2b: Incineroar|84/100|[from] item: Rocky Helmet|[of] p1b: Amoonguss
|move|p2a: Basculegion|Flip Turn|p1a: Incineroar
|-supereffective|p1a: Incineroar
|-damage|p1a: Incineroar|33/100
|
|t:|1756499937
|switch|p2a: Murkrow|Murkrow, L50, M, shiny|100/100|[from] Flip Turn
|cant|p1b: Amoonguss|flinch
|
|upkeep
|turn|3
|
|t:|1756499946
|move|p2a: Murkrow|Protect|p2a: Murkrow
|-singleturn|p2a: Murkrow|Protect
|move|p1a: Incineroar|Fake Out|p2b: Incineroar
|-damage|p2b: Incineroar|73/100
|move|p2b: Incineroar|Parting Shot|p1a: Incineroar
|-unboost|p1a: Incineroar|atk|1
|-unboost|p1a: Incineroar|spa|1
|
|t:|1756499960
|switch|p2b: Basculegion|Basculegion, L50, M|100/100|[from] Parting Shot
|move|p1b: Amoonguss|Pollen Puff|p1a: Incineroar
|-heal|p1a: Incineroar|83/100
|
|upkeep
|turn|4
|
|t:|1756499982
|-terastallize|p1a: Incineroar|Ghost
|move|p2a: Murkrow|Rain Dance|p2a: Murkrow
|-weather|RainDance
|move|p2b: Basculegion|Flip Turn|p1a: Incineroar
|-damage|p1a: Incineroar|6/100
|
|t:|1756499989
|switch|p2b: Incineroar|Incineroar, L50, F|73/100|[from] Flip Turn
|-ability|p2b: Incineroar|Intimidate|boost
|-unboost|p1a: Incineroar|atk|1
|-unboost|p1b: Amoonguss|atk|1
|move|p1a: Incineroar|Parting Shot|p2b: Incineroar
|-unboost|p2b: Incineroar|atk|1
|-unboost|p2b: Incineroar|spa|1
|
|t:|1756499998
|switch|p1a: Incineroar|Incineroar, L50, M|100/100|[from] Parting Shot
|move|p1b: Amoonguss|Spore|p2a: Murkrow
|-status|p2a: Murkrow|slp|[from] move: Spore
|
|-weather|RainDance|[upkeep]
|upkeep
|-start|p1a: Incineroar|typechange|Ghost|[silent]
|turn|5
|
|t:|1756500026
|move|p1b: Amoonguss|Rage Powder|p1b: Amoonguss
|-singleturn|p1b: Amoonguss|move: Rage Powder
|move|p1a: Incineroar|Hyper Voice|p2a: Murkrow|[spread] p2a,p2b
|-damage|p2a: Murkrow|26/100 slp
|-damage|p2b: Incineroar|33/100
|cant|p2a: Murkrow|slp
|move|p2b: Incineroar|Knock Off|p1b: Amoonguss
|-damage|p1b: Amoonguss|74/100
|-damage|p2b: Incineroar|16/100|[from] item: Rocky Helmet|[of] p1b: Amoonguss
|-enditem|p1b: Amoonguss|Rocky Helmet|[from] move: Knock Off|[of] p2b: Incineroar
|
|-weather|RainDance|[upkeep]
|upkeep
|turn|6
|
|t:|1756500055
|switch|p1a: Sneasler|Sneasler, L50, M|100/100
|-curestatus|p2a: Murkrow|slp|[msg]
|move|p2a: Murkrow|Foul Play|p1a: Sneasler
|-resisted|p1a: Sneasler
|-damage|p1a: Sneasler|58/100
|move|p2b: Incineroar|Parting Shot|p1a: Sneasler
|-unboost|p1a: Sneasler|atk|1
|-unboost|p1a: Sneasler|spa|1
|
|t:|1756500065
|switch|p2b: Basculegion|Basculegion, L50, M|100/100|[from] Parting Shot
|move|p1b: Amoonguss|Spore|p2b: Basculegion
|-status|p2b: Basculegion|slp|[from] move: Spore
|
|-weather|RainDance|[upkeep]
|upkeep
|turn|7
|
|t:|1756500087
|switch|p1a: Incineroar|Incineroar, L50, M, tera:Ghost|6/100
|-ability|p1a: Incineroar|Intimidate|boost
|-unboost|p2a: Murkrow|atk|1
|-unboost|p2b: Basculegion|atk|1
|move|p2a: Murkrow|Protect|p2a: Murkrow
|-singleturn|p2a: Murkrow|Protect
|cant|p2b: Basculegion|slp
|move|p1b: Amoonguss|Pollen Puff|p1a: Incineroar
|-heal|p1a: Incineroar|56/100
|
|-weather|RainDance|[upkeep]
|upkeep
|turn|8
|
|t:|1756500105
|move|p1b: Amoonguss|Rage Powder|p1b: Amoonguss
|-singleturn|p1b: Amoonguss|move: Rage Powder
|move|p2a: Murkrow|Tailwind|p2a: Murkrow
|-sidestart|p2: Creff|move: Tailwind
|cant|p2b: Basculegion|slp
|move|p1a: Incineroar|Parting Shot|p2b: Basculegion
|-unboost|p2b: Basculegion|atk|1
|-unboost|p2b: Basculegion|spa|1
|
|t:|1756500114
|switch|p1a: Sneasler|Sneasler, L50, M|100/100|[from] Parting Shot
|
|-weather|none
|upkeep
|turn|9
|
|t:|1756500126
|move|p1b: Amoonguss|Rage Powder|p1b: Amoonguss
|-singleturn|p1b: Amoonguss|move: Rage Powder
|move|p2a: Murkrow|Rain Dance|p2a: Murkrow
|-weather|RainDance
|-curestatus|p2b: Basculegion|slp|[msg]
|move|p2b: Basculegion|Flip Turn|p1b: Amoonguss
|-resisted|p1b: Amoonguss
|-damage|p1b: Amoonguss|53/100
|
|t:|1756500134
|switch|p2b: Incineroar|Incineroar, L50, F|16/100|[from] Flip Turn
|-ability|p2b: Incineroar|Intimidate|boost
|-unboost|p1a: Sneasler|atk|1
|-unboost|p1b: Amoonguss|atk|1
|move|p1a: Sneasler|Bitter Malice|p2b: Incineroar
|-resisted|p2b: Incineroar
|-damage|p2b: Incineroar|0 fnt
|faint|p2b: Incineroar
|
|-weather|RainDance|[upkeep]
|upkeep
|
|t:|1756500146
|switch|p2b: Basculegion|Basculegion, L50, M|100/100
|turn|10
|
|t:|1756500162
|switch|p1a: Incineroar|Incineroar, L50, M, tera:Ghost|56/100
|-ability|p1a: Incineroar|Intimidate|boost
|-unboost|p2a: Murkrow|atk|1
|-unboost|p2b: Basculegion|atk|1
|-terastallize|p2b: Basculegion|Water
|move|p2b: Basculegion|Flip Turn|p1b: Amoonguss
|-resisted|p1b: Amoonguss
|-crit|p1b: Amoonguss
|-damage|p1b: Amoonguss|0 fnt
|faint|p1b: Amoonguss
|move|p2a: Murkrow|Foul Play|p1a: Incineroar
|-supereffective|p1a: Incineroar
|-damage|p1a: Incineroar|0 fnt
|faint|p1a: Incineroar
|
|-weather|RainDance|[upkeep]
|upkeep
|
|t:|1756500174
|switch|p1a: Sneasler|Sneasler, L50, M|100/100
|switch|p1b: Sneasler|Sneasler, L50, M|58/100
|turn|11
|
|t:|1756500195
|move|p2b: Basculegion|Flip Turn|p1a: Sneasler
|-damage|p1a: Sneasler|0 fnt
|replace|p1a: Zoroark|Zoroark-Hisui, L50, M
|-end|p1a: Zoroark|Illusion
|faint|p1a: Zoroark
|move|p2a: Murkrow|Foul Play|p1b: Sneasler
|-resisted|p1b: Sneasler
|-damage|p1b: Sneasler|15/100
|move|p1b: Sneasler|Dire Claw|p2b: Basculegion
|-damage|p2b: Basculegion|45/100
|-status|p2b: Basculegion|par
|
|-weather|RainDance|[upkeep]
|-sideend|p2: Creff|move: Tailwind
|upkeep
|turn|12
|
|t:|1756500221
|move|p2a: Murkrow|Protect|p2a: Murkrow
|-singleturn|p2a: Murkrow|Protect
|move|p1b: Sneasler|Dire Claw|p2a: Murkrow
|-activate|p2a: Murkrow|move: Protect
|cant|p2b: Basculegion|par
|
|-weather|RainDance|[upkeep]
|upkeep
|turn|13
|
|t:|1756500238
|move|p1b: Sneasler|Dire Claw|p2a: Murkrow
|-damage|p2a: Murkrow|0 fnt
|faint|p2a: Murkrow
|cant|p2b: Basculegion|par
|
|-weather|none
|upkeep
|turn|14
|
|t:|1756500247
|move|p1b: Sneasler|Close Combat|p2b: Basculegion
|-damage|p2b: Basculegion|0 fnt
|-unboost|p1b: Sneasler|def|1
|-unboost|p1b: Sneasler|spd|1
|faint|p2b: Basculegion
|
|win|Not Rain
