|j|☆Brutalandathebozz
|j|☆pandamillonario
|html|Brutalandathebozzpandamillonario    
|uhtml|bestof|Game 3 of a best-of-3
|t:|1784464128
|gametype|doubles
|player|p1|Brutalandathebozz|169|1119
|player|p2|pandamillonario|blackbelt-gen4dp|1154
|gen|9
|tier|[Gen 9 Champions] VGC 2026 Reg M-B (Bo3)
|rated|
|rule|Species Clause: Limit one of each Pokémon
|rule|Item Clause: Limit 1 of each item
|clearpoke
|poke|p1|Kommo-o, L50, F|
|poke|p1|Scizor, L50, M|
|poke|p1|Incineroar, L50, M|
|poke|p1|Sinistcha, L50|
|poke|p1|Tyranitar, L50, F|
|poke|p1|Milotic, L50, F|
|poke|p2|Charizard, L50, F|
|poke|p2|Garchomp, L50, M|
|poke|p2|Whimsicott, L50, F|
|poke|p2|Floette-Eternal, L50, F|
|poke|p2|Kingambit, L50, M|
|poke|p2|Basculegion, L50, M|
|teampreview|4
|showteam|p1|Kommo-o||Leftovers|Soundproof|ClangingScales,AuraSphere,ClangorousSoul,Protect|Modest||F|||50|]Scizor||Scizorite|Technician|BulletPunch,CloseCombat,SwordsDance,Protect|Adamant||M|||50|]Incineroar||ChopleBerry|Intimidate|FlareBlitz,ThroatChop,PartingShot,FakeOut|Impish||M|||50|]Sinistcha||ColburBerry|Hospitality|MatchaGotcha,RagePowder,LifeDew,TrickRoom|Calm|||||50|]Tyranitar||Tyranitarite|SandStream|RockSlide,KnockOff,DragonDance,Protect|Adamant||F|||50|]Milotic||SitrusBerry|Competitive|MuddyWater,IcyWind,Recover,Protect|Calm||F|||50|
|showteam|p2|Charizard||CharizarditeY|Blaze|HeatWave,WeatherBall,SolarBeam,Protect|Modest||F|||50|]Garchomp||RoseliBerry|RoughSkin|Earthquake,RockSlide,DragonClaw,PoisonJab|Adamant||M|||50|]Whimsicott||FocusSash|Prankster|Tailwind,Moonblast,Protect,Encore|Timid||F|||50|]Floette-Eternal||Floettite|FlowerVeil|Moonblast,Protect,DazzlingGleam,LightofRuin|Modest||F|||50|]Kingambit||ChopleBerry|Defiant|KowtowCleave,SuckerPunch,IronHead,LowKick|Adamant||M|||50|]Basculegion||LifeOrb|Adaptability|WaveCrash,Protect,LastRespects,AquaJet|Adamant||M|||50|
|inactive|Battle timer is ON: inactive players will automatically lose when time's up. (requested by Brutalandathebozz)
|
|t:|1784464155
|teamsize|p1|4
|teamsize|p2|4
|start
|switch|p1a: Scizor|Scizor, L50, M|100/100
|switch|p1b: Incineroar|Incineroar, L50, M|100/100
|switch|p2a: Basculegion|Basculegion, L50, M|100/100
|switch|p2b: Whimsicott|Whimsicott, L50, F|100/100
|-ability|p1b: Incineroar|Intimidate|boost
|-unboost|p2a: Basculegion|atk|1
|-unboost|p2b: Whimsicott|atk|1
|turn|1
|
|t:|1784464179
|switch|p1b: Sinistcha|Sinistcha, L50|100/100
|detailschange|p1a: Scizor|Scizor-Mega, L50, M
|-mega|p1a: Scizor|Scizor|Scizorite
|move|p2b: Whimsicott|Protect|p2b: Whimsicott
|-singleturn|p2b: Whimsicott|Protect
|move|p1a: Scizor|Bullet Punch|p2b: Whimsicott
|-activate|p2b: Whimsicott|move: Protect
|move|p2a: Basculegion|Wave Crash|p1b: Sinistcha
|-resisted|p1b: Sinistcha|1
|-damage|p1b: Sinistcha|69/100
|-damage|p2a: Basculegion|90/100|[from] Recoil
|-damage|p2a: Basculegion|81/100|[from] item: Life Orb
|
|upkeep
|turn|2
|inactive|Brutalandathebozz has 30 seconds left.
|inactive|pandamillonario has 30 seconds left.
|inactive|Brutalandathebozz has 20 seconds left.
|inactive|pandamillonario has 20 seconds left.
|inactive|Brutalandathebozz has 15 seconds left.
|inactive|Brutalandathebozz has 10 seconds left.
|
|t:|1784464225
|switch|p1a: Incineroar|Incineroar, L50, M|100/100
|-ability|p1a: Incineroar|Intimidate|boost
|-unboost|p2a: Basculegion|atk|1
|-unboost|p2b: Whimsicott|atk|1
|move|p2b: Whimsicott|Tailwind|p2b: Whimsicott
|-sidestart|p2: pandamillonario|move: Tailwind
|move|p2a: Basculegion|Wave Crash|p1a: Incineroar
|-supereffective|p1a: Incineroar|1
|-damage|p1a: Incineroar|20/100y
|-damage|p2a: Basculegion|53/100|[from] Recoil
|-damage|p2a: Basculegion|44/100|[from] item: Life Orb
|move|p1b: Sinistcha|Trick Room|p1b: Sinistcha
|-fieldstart|move: Trick Room|[of] p1b: Sinistcha
|
|upkeep
|turn|3
|inactive|pandamillonario has 30 seconds left.
|inactive|pandamillonario has 20 seconds left.
|
|t:|1784464260
|move|p1a: Incineroar|Fake Out|p2b: Whimsicott
|-damage|p2b: Whimsicott|85/100
|move|p2a: Basculegion|Aqua Jet|p1a: Incineroar
|-supereffective|p1a: Incineroar|1
|-damage|p1a: Incineroar|0 fnt
|faint|p1a: Incineroar
|-damage|p2a: Basculegion|34/100|[from] item: Life Orb
|move|p1b: Sinistcha|Matcha Gotcha|p2b: Whimsicott|[spread] p2a,p2b
|-supereffective|p2a: Basculegion|1
|-resisted|p2b: Whimsicott|1
|-damage|p2a: Basculegion|0 fnt
|-heal|p1b: Sinistcha|88/100|[from] drain|[of] p2a: Basculegion
|-damage|p2b: Whimsicott|63/100
|-heal|p1b: Sinistcha|96/100|[from] drain|[of] p2b: Whimsicott
|faint|p2a: Basculegion
|cant|p2b: Whimsicott|flinch
|
|upkeep
|inactive|pandamillonario has 30 seconds left.
|
|t:|1784464289
|switch|p1a: Tyranitar|Tyranitar, L50, F|100/100
|switch|p2a: Floette|Floette-Eternal, L50, F|100/100
|-weather|Sandstorm|[from] ability: Sand Stream|[of] p1a: Tyranitar
|turn|4
|inactive|pandamillonario has 30 seconds left.
|
|t:|1784464318
|switch|p1a: Scizor|Scizor-Mega, L50, M|100/100
|move|p1b: Sinistcha|Matcha Gotcha|p2a: Floette|[spread] p2a,p2b
|-resisted|p2b: Whimsicott|1
|-damage|p2a: Floette|75/100
|-heal|p1b: Sinistcha|100/100|[from] drain|[of] p2a: Floette
|-damage|p2b: Whimsicott|41/100
|move|p2a: Floette|Light of Ruin|p1a: Scizor
|-resisted|p1a: Scizor|1
|-damage|p1a: Scizor|60/100
|-damage|p2a: Floette|53/100|[from] Recoil
|move|p2b: Whimsicott|Moonblast|p1a: Scizor
|-resisted|p1a: Scizor|1
|-damage|p1a: Scizor|41/100
|-unboost|p1a: Scizor|spa|1
|
|-weather|Sandstorm|[upkeep]
|-damage|p1b: Sinistcha|93/100|[from] Sandstorm
|-damage|p2a: Floette|47/100|[from] Sandstorm
|-damage|p2b: Whimsicott|35/100|[from] Sandstorm
|upkeep
|turn|5
|inactive|pandamillonario has 30 seconds left.
|inactive|pandamillonario has 20 seconds left.
|inactive|pandamillonario has 15 seconds left.
|inactive|pandamillonario has 10 seconds left.
|
|t:|1784464364
|switch|p2a: Charizard|Charizard, L50, F|100/100
|move|p2b: Whimsicott|Protect|p2b: Whimsicott
|-singleturn|p2b: Whimsicott|Protect
|move|p1a: Scizor|Bullet Punch|p2a: Charizard
|-resisted|p2a: Charizard|1
|-damage|p2a: Charizard|83/100
|move|p1b: Sinistcha|Life Dew|p1b: Sinistcha|[spread] p1a,p1b
|-heal|p1a: Scizor|66/100
|-heal|p1b: Sinistcha|100/100
|
|-weather|Sandstorm|[upkeep]
|-damage|p1b: Sinistcha|93/100|[from] Sandstorm
|-damage|p2a: Charizard|77/100|[from] Sandstorm
|-damage|p2b: Whimsicott|29/100|[from] Sandstorm
|-sideend|p2: pandamillonario|move: Tailwind
|upkeep
|turn|6
|inactive|Brutalandathebozz has 30 seconds left.
|inactive|pandamillonario has 30 seconds left.
|inactive|Brutalandathebozz has 20 seconds left.
|inactive|Brutalandathebozz has 15 seconds left.
|inactive|Brutalandathebozz has 10 seconds left.
|inactive|Brutalandathebozz has 5 seconds left.
|inactive|pandamillonario has 20 seconds left.
|
|t:|1784464429
|detailschange|p2a: Charizard|Charizard-Mega-Y, L50, F
|-mega|p2a: Charizard|Charizard|Charizardite Y
|-weather|SunnyDay|[from] ability: Drought|[of] p2a: Charizard
|move|p1a: Scizor|Bullet Punch|p2b: Whimsicott
|-supereffective|p2b: Whimsicott|1
|-damage|p2b: Whimsicott|0 fnt
|faint|p2b: Whimsicott
|move|p1b: Sinistcha|Life Dew|p1b: Sinistcha|[spread] p1a,p1b
|-heal|p1a: Scizor|92/100
|-heal|p1b: Sinistcha|100/100
|move|p2a: Charizard|Heat Wave|p1b: Sinistcha|[spread] p1a,p1b
|-supereffective|p1a: Scizor|2
|-supereffective|p1b: Sinistcha|1
|-damage|p1a: Scizor|0 fnt
|-damage|p1b: Sinistcha|0 fnt
|faint|p1a: Scizor
|faint|p1b: Sinistcha
|
|-weather|SunnyDay|[upkeep]
|-fieldend|move: Trick Room
|upkeep
|
|t:|1784464448
|switch|p2b: Floette|Floette-Eternal, L50, F|47/100
|switch|p1b: Tyranitar|Tyranitar, L50, F|100/100
|-weather|Sandstorm|[from] ability: Sand Stream|[of] p1b: Tyranitar
|turn|7
|
|t:|1784464465
|move|p2b: Floette|Light of Ruin|p1b: Tyranitar|[miss]
|-miss|p2b: Floette|p1b: Tyranitar
|move|p2a: Charizard|Solar Beam||[still]
|-prepare|p2a: Charizard|Solar Beam
|move|p1b: Tyranitar|Rock Slide|p2a: Charizard|[spread] p2a,p2b
|-supereffective|p2a: Charizard|2
|-damage|p2a: Charizard|0 fnt
|-damage|p2b: Floette|9/100
|faint|p2a: Charizard
|
|-weather|Sandstorm|[upkeep]
|-damage|p2b: Floette|3/100|[from] Sandstorm
|upkeep
|turn|8
|
|t:|1784464474
|move|p1b: Tyranitar|Protect|p1b: Tyranitar
|-singleturn|p1b: Tyranitar|Protect
|move|p2b: Floette|Light of Ruin|p1b: Tyranitar
|-activate|p1b: Tyranitar|move: Protect
|
|-weather|Sandstorm|[upkeep]
|-damage|p2b: Floette|0 fnt|[from] Sandstorm
|faint|p2b: Floette
|
|win|Brutalandathebozz
|raw|Brutalandathebozz's rating: 1119 → 1147(+28 for winning)
|raw|pandamillonario's rating: 1154 → 1126(-28 for losing)
|l|☆pandamillonario
|player|p2|
|c|☆Brutalandathebozz|GG
