|j|☆Money03
|j|☆TheMochiMan
|html|Money03TheMochiMan    
|uhtml|bestof|Game 3 of a best-of-3
|t:|1757194301
|gametype|doubles
|player|p1|Money03|wattson|1326
|player|p2|TheMochiMan|doctor|1358
|gen|9
|tier|[Gen 9] VGC 2025 Reg H (Bo3)
|rated|
|rule|Species Clause: Limit one of each Pokémon
|rule|Item Clause: Limit 1 of each item
|clearpoke
|poke|p1|Arcanine-Hisui, L50, M|
|poke|p1|Rillaboom, L50, M|
|poke|p1|Dragonite, L50, F|
|poke|p1|Sneasler, L50, F|
|poke|p1|Ninetales-Alola, L50, F|
|poke|p1|Gholdengo, L50|
|poke|p2|Ursaluna, L50, F|
|poke|p2|Jumpluff, L50, F|
|poke|p2|Charizard, L50, F|
|poke|p2|Torkoal, L50, M|
|poke|p2|Incineroar, L50, F|
|poke|p2|Porygon2, L50|
|teampreview|4
|showteam|p1|Arcanine-Hisui||ClearAmulet|Intimidate|FlareBlitz,RockSlide,ExtremeSpeed,Protect|||M|||50|,,,,,Water]Rillaboom||AssaultVest|GrassySurge|DrumBeating,GrassyGlide,HighHorsepower,FakeOut|||M|||50|,,,,,Fire]Dragonite||LoadedDice|Multiscale|ScaleShot,StompingTantrum,Tailwind,Protect|||F|||50|,,,,,Ground]Sneasler||WhiteHerb|Unburden|DireClaw,CloseCombat,Coaching,Protect|||F|||50|,,,,,Ghost]Ninetales-Alola||FocusSash|SnowWarning|Blizzard,Encore,IcyWind,AuroraVeil|||F|||50|,,,,,Ghost]Gholdengo||GrassySeed|GoodasGold|MakeItRain,ShadowBall,NastyPlot,Protect||||||50|,,,,,Water
|showteam|p2|Ursaluna||FlameOrb|Guts|HeadlongRush,Facade,Earthquake,Protect|||F|||50|,,,,,Ghost]Jumpluff||CovertCloak|Chlorophyll|SleepPowder,SunnyDay,Tailwind,RagePowder|||F|||50|,,,,,Water]Charizard||ChoiceSpecs|SolarPower|AirSlash,HeatWave,Overheat,WeatherBall|||F|||50|,,,,,Ghost]Torkoal||EjectPack|Drought|HelpingHand,Eruption,Overheat,Protect|||M|||50|,,,,,Fire]Incineroar||SitrusBerry|Intimidate|FlareBlitz,KnockOff,PartingShot,FakeOut|||F|||50|,,,,,Ghost]Porygon2||Eviolite|Download|TeraBlast,IceBeam,Recover,TrickRoom||||||50|,,,,,Fighting
|inactive|Battle timer is ON: inactive players will automatically lose when time's up. (requested by Money03)
|inactive|Money03 has 60 seconds left.
|
|t:|1757194368
|teamsize|p1|4
|teamsize|p2|4
|start
|switch|p1a: Arcanine|Arcanine-Hisui, L50, M|100/100
|switch|p1b: Dragonite|Dragonite, L50, F|100/100
|switch|p2a: Tony’s family|Porygon2, L50|100/100
|switch|p2b: Brown bear|Ursaluna, L50, F|100/100
|-ability|p1a: Arcanine|Intimidate|boost
|-unboost|p2a: Tony’s family|atk|1
|-unboost|p2b: Brown bear|atk|1
|-ability|p2a: Tony’s family|Download|boost
|-boost|p2a: Tony’s family|atk|1
|turn|1
|inactive|Money03 has 30 seconds left.
|inactive|Money03 has 20 seconds left.
|inactive|Money03 has 15 seconds left.
|inactive|Money03 has 10 seconds left.
|inactive|Money03 has 5 seconds left.
|
|t:|1757194421
|switch|p1a: Rillaboom|Rillaboom, L50, M|100/100
|-fieldstart|move: Grassy Terrain|[from] ability: Grassy Surge|[of] p1a: Rillaboom
|switch|p1b: Sneasler|Sneasler, L50, F|100/100
|move|p2b: Brown bear|Headlong Rush|p1a: Rillaboom
|-resisted|p1a: Rillaboom
|-damage|p1a: Rillaboom|75/100
|-unboost|p2b: Brown bear|def|1
|-unboost|p2b: Brown bear|spd|1
|move|p2a: Tony’s family|Trick Room|p2a: Tony’s family
|-fieldstart|move: Trick Room|[of] p2a: Tony’s family
|
|-heal|p1a: Rillaboom|81/100|[from] Grassy Terrain
|-status|p2b: Brown bear|brn|[from] item: Flame Orb
|upkeep
|turn|2
|inactive|Money03 has 30 seconds left.
|inactive|TheMochiMan has 30 seconds left.
|inactive|Money03 has 20 seconds left.
|inactive|Money03 has 15 seconds left.
|inactive|Money03 has 10 seconds left.
|inactive|TheMochiMan has 20 seconds left.
|
|t:|1757194471
|-terastallize|p2b: Brown bear|Ghost
|move|p1a: Rillaboom|Grassy Glide|p2b: Brown bear
|-damage|p2b: Brown bear|66/100 brn
|move|p2a: Tony’s family|Tera Blast|p1b: Sneasler
|-damage|p1b: Sneasler|56/100
|move|p2b: Brown bear|Facade|p1a: Rillaboom
|-damage|p1a: Rillaboom|0 fnt
|faint|p1a: Rillaboom
|move|p1b: Sneasler|Close Combat|p2a: Tony’s family
|-supereffective|p2a: Tony’s family
|-damage|p2a: Tony’s family|10/100
|-unboost|p1b: Sneasler|def|1
|-unboost|p1b: Sneasler|spd|1
|-enditem|p1b: Sneasler|White Herb
|-clearnegativeboost|p1b: Sneasler|[silent]
|
|-heal|p2a: Tony’s family|16/100|[from] Grassy Terrain
|-heal|p2b: Brown bear|72/100 brn|[from] Grassy Terrain
|-heal|p1b: Sneasler|61/100|[from] Grassy Terrain
|-damage|p2b: Brown bear|66/100 brn|[from] brn
|upkeep
|
|t:|1757194492
|switch|p1a: Arcanine|Arcanine-Hisui, L50, M|100/100
|-ability|p1a: Arcanine|Intimidate|boost
|-unboost|p2a: Tony’s family|atk|1
|-unboost|p2b: Brown bear|atk|1
|turn|3
|inactive|Money03 has 30 seconds left.
|inactive|Money03 has 20 seconds left.
|
|t:|1757194528
|-terastallize|p1a: Arcanine|Water
|move|p1b: Sneasler|Protect|p1b: Sneasler
|-singleturn|p1b: Sneasler|Protect
|move|p2a: Tony’s family|Recover|p2a: Tony’s family
|-heal|p2a: Tony’s family|66/100
|move|p2b: Brown bear|Earthquake|p1a: Arcanine|[spread] p2a,p1a
|-activate|p1b: Sneasler|move: Protect
|-damage|p2a: Tony’s family|55/100
|-damage|p1a: Arcanine|81/100
|move|p1a: Arcanine|Flare Blitz|p2b: Brown bear
|-damage|p2b: Brown bear|0 fnt
|faint|p2b: Brown bear
|-damage|p1a: Arcanine|53/100|[from] Recoil
|
|-heal|p2a: Tony’s family|61/100|[from] Grassy Terrain
|-heal|p1a: Arcanine|58/100|[from] Grassy Terrain
|-heal|p1b: Sneasler|67/100|[from] Grassy Terrain
|upkeep
|
|t:|1757194542
|switch|p2b: Slow and steady|Torkoal, L50, M|100/100
|-weather|SunnyDay|[from] ability: Drought|[of] p2b: Slow and steady
|turn|4
|
|t:|1757194556
|switch|p1b: Dragonite|Dragonite, L50, F|100/100
|move|p1a: Arcanine|Protect|p1a: Arcanine
|-singleturn|p1a: Arcanine|Protect
|move|p2b: Slow and steady|Eruption|p1b: Dragonite|[spread] p1b
|-activate|p1a: Arcanine|move: Protect
|-resisted|p1b: Dragonite
|-damage|p1b: Dragonite|80/100
|move|p2a: Tony’s family|Tera Blast|p1a: Arcanine
|-activate|p1a: Arcanine|move: Protect
|
|-weather|SunnyDay|[upkeep]
|-heal|p2a: Tony’s family|68/100|[from] Grassy Terrain
|-heal|p1a: Arcanine|64/100|[from] Grassy Terrain
|upkeep
|turn|5
|inactive|Money03 has 30 seconds left.
|inactive|Money03 has 20 seconds left.
|
|t:|1757194592
|move|p2b: Slow and steady|Overheat|p1a: Arcanine
|-resisted|p1a: Arcanine
|-damage|p1a: Arcanine|9/100
|-unboost|p2b: Slow and steady|spa|2
|-enditem|p2b: Slow and steady|Eject Pack
|
|t:|1757194597
|switch|p2b: Bobcat|Incineroar, L50, F|100/100
|-ability|p2b: Bobcat|Intimidate|boost
|-fail|p1a: Arcanine|unboost|[from] item: Clear Amulet|[of] p1a: Arcanine
|-unboost|p1b: Dragonite|atk|1
|move|p2a: Tony’s family|Tera Blast|p1a: Arcanine
|-damage|p1a: Arcanine|0 fnt
|faint|p1a: Arcanine
|move|p1b: Dragonite|Stomping Tantrum|p2b: Bobcat
|-supereffective|p2b: Bobcat
|-damage|p2b: Bobcat|69/100
|
|-weather|SunnyDay|[upkeep]
|-heal|p2a: Tony’s family|74/100|[from] Grassy Terrain
|-heal|p2b: Bobcat|75/100|[from] Grassy Terrain
|-fieldend|move: Trick Room
|-fieldend|move: Grassy Terrain
|upkeep
|
|t:|1757194611
|switch|p1a: Sneasler|Sneasler, L50, F|67/100
|turn|6
|inactive|Money03 has 30 seconds left.
|inactive|Money03 has 20 seconds left.
|
|t:|1757194649
|move|p2b: Bobcat|Fake Out|p1a: Sneasler
|-damage|p1a: Sneasler|46/100
|cant|p1a: Sneasler|flinch
|move|p1b: Dragonite|Scale Shot|p2a: Tony’s family
|-damage|p2a: Tony’s family|68/100
|-damage|p2a: Tony’s family|61/100
|-damage|p2a: Tony’s family|55/100
|-damage|p2a: Tony’s family|50/100
|-damage|p2a: Tony’s family|44/100
|-hitcount|p2a: Tony’s family|5
|-unboost|p1b: Dragonite|def|1
|-boost|p1b: Dragonite|spe|1
|move|p2a: Tony’s family|Trick Room|p2a: Tony’s family
|-fieldstart|move: Trick Room|[of] p2a: Tony’s family
|
|-weather|SunnyDay|[upkeep]
|upkeep
|turn|7
|inactive|Money03 has 30 seconds left.
|inactive|Money03 has 20 seconds left.
|inactive|Money03 has 15 seconds left.
|inactive|Money03 has 10 seconds left.
|
|t:|1757194698
|move|p2a: Tony’s family|Ice Beam|p1b: Dragonite
|-supereffective|p1b: Dragonite
|-damage|p1b: Dragonite|0 fnt
|faint|p1b: Dragonite
|move|p2b: Bobcat|Flare Blitz|p1a: Sneasler
|-damage|p1a: Sneasler|0 fnt
|faint|p1a: Sneasler
|-damage|p2b: Bobcat|63/100|[from] Recoil
|
|win|TheMochiMan
|raw|Money03's rating: 1326 → 1308(-18 for losing)
|raw|TheMochiMan's rating: 1358 → 1376(+18 for winning)
|l|☆TheMochiMan
|player|p2|
