|j|☆snekia
|j|☆parkertrainingarc
|html|snekiaparkertrainingarc    
|uhtml|bestof|Game 1 of a best-of-3
|t:|1756769155
|gametype|doubles
|player|p1|snekia|lady|1040
|player|p2|parkertrainingarc|lady|1132
|gen|9
|tier|[Gen 9] VGC 2025 Reg H (Bo3)
|rated|
|rule|Species Clause: Limit one of each Pokémon
|rule|Item Clause: Limit 1 of each item
|clearpoke
|poke|p1|Kommo-o, L50, M|
|poke|p1|Ursaluna-Bloodmoon, L50, M|
|poke|p1|Archaludon, L50, M|
|poke|p1|Ribombee, L50, M|
|poke|p1|Basculegion, L50, M|
|poke|p1|Rillaboom, L50, M|
|poke|p2|Sneasler, L50, F|
|poke|p2|Indeedee, L50, M|
|poke|p2|Volcarona, L50, F|
|poke|p2|Ursaluna-Bloodmoon, L50, M|
|poke|p2|Annihilape, L50, M|
|poke|p2|Tyranitar, L50, M|
|teampreview|4
|showteam|p1|Kommo-o||ThroatSpray|Overcoat|Flamethrower,ClangingScales,ClangorousSoul,Protect|||M|||50|,,,,,Fire]Ursaluna-Bloodmoon||LifeOrb|MindsEye|BloodMoon,HyperVoice,EarthPower,Protect|||M|||50|,,,,,Ghost]Archaludon||PowerHerb|Sturdy|ElectroShot,Thunderbolt,DracoMeteor,Protect|||M|||50|,,,,,Electric]Ribombee||FocusSash|ShieldDust|Moonblast,FakeTears,Tailwind,PollenPuff|||M|||50|,,,,,Fairy]Basculegion||ChoiceScarf|Adaptability|WaveCrash,FlipTurn,TeraBlast,LastRespects|||M|||50|,,,,,Fighting]Rillaboom||AssaultVest|GrassySurge|FakeOut,WoodHammer,GrassyGlide,HighHorsepower|||M|||50|,,,,,Fire
|showteam|p2|Sneasler||PsychicSeed|Unburden|CloseCombat,DireClaw,ThroatChop,Protect|||F|||50|,,,,,Dark]Indeedee||ChoiceScarf|PsychicSurge|ExpandingForce,TeraBlast,Trick,Protect|||M|||50|,,,,,Psychic]Volcarona||SitrusBerry|FlameBody|Overheat,StruggleBug,RagePowder,Tailwind|||F|||50|,,,,,Grass]Ursaluna-Bloodmoon||LifeOrb|MindsEye|BloodMoon,HyperVoice,EarthPower,Protect|||M|||50|,,,,,Normal]Annihilape||SafetyGoggles|Defiant|CloseCombat,RageFist,Taunt,FinalGambit|||M|||50|,,,,,Fairy]Tyranitar||AssaultVest|SandStream|RockSlide,KnockOff,TeraBlast,LowKick|||M|||50|,,,,,Flying
|
|t:|1756769220
|teamsize|p1|4
|teamsize|p2|4
|start
|switch|p1a: Rillaboom|Rillaboom, L50, M|100/100
|switch|p1b: Kommo-o|Kommo-o, L50, M|100/100
|switch|p2a: Tiara|Tyranitar, L50, M|100/100
|switch|p2b: Porcelain Hands|Annihilape, L50, M|100/100
|-fieldstart|move: Grassy Terrain|[from] ability: Grassy Surge|[of] p1a: Rillaboom
|-weather|Sandstorm|[from] ability: Sand Stream|[of] p2a: Tiara
|turn|1
|
|t:|1756769254
|move|p1a: Rillaboom|Fake Out|p2a: Tiara
|-resisted|p2a: Tiara
|-damage|p2a: Tiara|95/100
|move|p2b: Porcelain Hands|Taunt|p1b: Kommo-o
|-start|p1b: Kommo-o|move: Taunt
|cant|p1b: Kommo-o|move: Taunt|Clangorous Soul
|cant|p2a: Tiara|flinch
|
|-weather|Sandstorm|[upkeep]
|-damage|p1a: Rillaboom|94/100|[from] Sandstorm
|-heal|p1a: Rillaboom|100/100|[from] Grassy Terrain
|-heal|p2a: Tiara|100/100|[from] Grassy Terrain
|upkeep
|turn|2
|
|t:|1756769286
|-terastallize|p2a: Tiara|Flying
|move|p1a: Rillaboom|Grassy Glide|p2a: Tiara
|-resisted|p2a: Tiara
|-damage|p2a: Tiara|84/100
|move|p2b: Porcelain Hands|Rage Fist|p1b: Kommo-o
|-damage|p1b: Kommo-o|83/100
|move|p1b: Kommo-o|Clanging Scales|p2b: Porcelain Hands|[spread] p2a,p2b
|-damage|p2a: Tiara|62/100
|-damage|p2b: Porcelain Hands|68/100
|-unboost|p1b: Kommo-o|def|1
|-enditem|p1b: Kommo-o|Throat Spray
|-boost|p1b: Kommo-o|spa|1|[from] item: Throat Spray
|move|p2a: Tiara|Tera Blast|p1a: Rillaboom|[anim] Tera Blast Flying
|-supereffective|p1a: Rillaboom
|-damage|p1a: Rillaboom|9/100
|
|-weather|Sandstorm|[upkeep]
|-damage|p1a: Rillaboom|3/100|[from] Sandstorm
|-damage|p2a: Tiara|56/100|[from] Sandstorm
|-heal|p2b: Porcelain Hands|75/100|[from] Grassy Terrain
|-heal|p1b: Kommo-o|89/100|[from] Grassy Terrain
|-heal|p1a: Rillaboom|9/100|[from] Grassy Terrain
|upkeep
|turn|3
|
|t:|1756769328
|move|p1a: Rillaboom|Grassy Glide|p2b: Porcelain Hands
|-damage|p2b: Porcelain Hands|40/100
|move|p2b: Porcelain Hands|Rage Fist|p1b: Kommo-o
|-damage|p1b: Kommo-o|11/100
|move|p1b: Kommo-o|Clanging Scales|p2a: Tiara|[spread] p2a,p2b
|-damage|p2a: Tiara|24/100
|-damage|p2b: Porcelain Hands|0 fnt
|faint|p2b: Porcelain Hands
|-unboost|p1b: Kommo-o|def|1
|move|p2a: Tiara|Knock Off|p1a: Rillaboom
|-damage|p1a: Rillaboom|0 fnt
|-enditem|p1a: Rillaboom|Assault Vest|[from] move: Knock Off|[of] p2a: Tiara
|faint|p1a: Rillaboom
|
|-weather|Sandstorm|[upkeep]
|-damage|p2a: Tiara|18/100|[from] Sandstorm
|-heal|p1b: Kommo-o|17/100|[from] Grassy Terrain
|-end|p1b: Kommo-o|move: Taunt
|upkeep
|
|t:|1756769354
|switch|p2b: Meanie|Indeedee, L50, M|100/100
|switch|p1a: Basculegion|Basculegion, L50, M|100/100
|-fieldstart|move: Psychic Terrain|[from] ability: Psychic Surge|[of] p2b: Meanie
|turn|4
|
|t:|1756769393
|move|p1b: Kommo-o|Protect|p1b: Kommo-o
|-singleturn|p1b: Kommo-o|Protect
|move|p2b: Meanie|Expanding Force|p1a: Basculegion|[spread] p1a
|-activate|p1b: Kommo-o|move: Protect
|-damage|p1a: Basculegion|38/100
|move|p1a: Basculegion|Last Respects|p2b: Meanie
|-immune|p2b: Meanie
|move|p2a: Tiara|Knock Off|p1a: Basculegion
|-supereffective|p1a: Basculegion
|-damage|p1a: Basculegion|0 fnt
|-enditem|p1a: Basculegion|Choice Scarf|[from] move: Knock Off|[of] p2a: Tiara
|faint|p1a: Basculegion
|
|-weather|Sandstorm|[upkeep]
|-damage|p2b: Meanie|95/100|[from] Sandstorm
|-damage|p2a: Tiara|12/100|[from] Sandstorm
|upkeep
|
|t:|1756769407
|switch|p1a: Ribombee|Ribombee, L50, M|100/100
|turn|5
|
|t:|1756769421
|move|p2b: Meanie|Expanding Force|p1b: Kommo-o|[spread] p1a,p1b
|-supereffective|p1b: Kommo-o
|-enditem|p1a: Ribombee|Focus Sash
|-damage|p1a: Ribombee|1/100
|-damage|p1b: Kommo-o|0 fnt
|faint|p1b: Kommo-o
|move|p1a: Ribombee|Pollen Puff|p1: Kommo-o|[notarget]
|-fail|p1a: Ribombee
|move|p2a: Tiara|Rock Slide|p1a: Ribombee
|-supereffective|p1a: Ribombee
|-damage|p1a: Ribombee|0 fnt
|faint|p1a: Ribombee
|
|win|parkertrainingarc
||parkertrainingarc is ready for game 2.
|inactive|snekia has 30 seconds to confirm battle start!
||snekia is ready for game 2.
|uhtml|next|Next: Game 2 of 3
