|j|☆RK_pocoyo
|j|☆ScaryQwQ
|html|RK_pocoyoScaryQwQ    
|uhtml|bestof|Game 2 of a best-of-3
|t:|1783491023
|gametype|doubles
|player|p1|RK_pocoyo|#smogonxnpa2026draftee|
|player|p2|ScaryQwQ|argenta|
|gen|9
|tier|[Gen 9 Champions] VGC 2026 Reg M-B (Bo3)
|rule|Species Clause: Limit one of each Pokémon
|rule|Item Clause: Limit 1 of each item
|clearpoke
|poke|p1|Incineroar, L50, M|
|poke|p1|Floette-Eternal, L50, F|
|poke|p1|Ceruledge, L50, M|
|poke|p1|Milotic, L50, M|
|poke|p1|Sinistcha, L50|
|poke|p1|Raichu, L50, F|
|poke|p2|Kingambit, L50, M|
|poke|p2|Ninetales-Alola, L50, M|
|poke|p2|Arcanine-Hisui, L50, F|
|poke|p2|Aerodactyl, L50, F|
|poke|p2|Scovillain, L50, M|
|poke|p2|Sneasler, L50, M|
|teampreview|4
|showteam|p1|Incineroar||SitrusBerry|Intimidate|FakeOut,FlareBlitz,ThroatChop,PartingShot|Impish||M|||50|]Floette-Eternal||Floettite|FlowerVeil|DazzlingGleam,DrainingKiss,CalmMind,Protect|Timid||F|||50|]Ceruledge||ColburBerry|FlashFire|BitterBlade,ShadowSneak,BulkUp,Protect|Adamant||M|||50|]Milotic||Leftovers|Competitive|MuddyWater,Coil,Hypnosis,Protect|Bold||M|||50|]Sinistcha||KasibBerry|Hospitality|Protect,MatchaGotcha,RagePowder,LifeDew|Calm|||||50|]Raichu||RaichuniteY|LightningRod|ZapCannon,FocusBlast,Protect,FakeOut|Timid||F|||50|
|showteam|p2|Kingambit||BlackGlasses|Defiant|KowtowCleave,SuckerPunch,SwordsDance,Protect|Adamant||M|||50|]Ninetales-Alola||NeverMeltIce|SnowWarning|Blizzard,FreezeDry,IcyWind,Protect|Timid||M|||50|]Arcanine-Hisui||FocusSash|RockHead|FlareBlitz,HeadSmash,ExtremeSpeed,Protect|Jolly||F|||50|]Aerodactyl||Aerodactylite|Unnerve|RockSlide,DualWingbeat,Tailwind,Protect|Jolly||F|||50|]Scovillain||Scovillainite|Moody|Overheat,GigaDrain,RagePowder,Protect|Calm||M|||50|]Sneasler||WhiteHerb|Unburden|CloseCombat,DireClaw,FakeOut,Protect|Jolly||M|||50|
|j| Noobilio
|j| lawrence123
|j| ispoke2soon
|
|t:|1783491085
|teamsize|p1|4
|teamsize|p2|4
|start
|switch|p1a: Raichu|Raichu, L50, F|100/100
|switch|p1b: Milotic|Milotic, L50, M|100/100
|switch|p2a: Arcanine|Arcanine-Hisui, L50, F|100/100
|switch|p2b: Sneasler|Sneasler, L50, M|100/100
|turn|1
|
|t:|1783491122
|switch|p1b: Incineroar|Incineroar, L50, M|100/100
|-ability|p1b: Incineroar|Intimidate|boost
|-unboost|p2a: Arcanine|atk|1
|-unboost|p2b: Sneasler|atk|1
|-enditem|p2b: Sneasler|White Herb
|-clearnegativeboost|p2b: Sneasler|[silent]
|detailschange|p1a: Raichu|Raichu-Mega-Y, L50, F
|-mega|p1a: Raichu|Raichu|Raichunite Y
|move|p1a: Raichu|Fake Out|p2a: Arcanine
|-resisted|p2a: Arcanine|1
|-damage|p2a: Arcanine|94/100
|move|p2b: Sneasler|Close Combat|p1b: Incineroar
|-supereffective|p1b: Incineroar|1
|-damage|p1b: Incineroar|0 fnt
|-unboost|p2b: Sneasler|def|1
|-unboost|p2b: Sneasler|spd|1
|faint|p1b: Incineroar
|cant|p2a: Arcanine|flinch
|
|upkeep
|j| Star Elisax7
|
|t:|1783491136
|switch|p1b: Milotic|Milotic, L50, M|100/100
|turn|2
|
|t:|1783491174
|move|p1a: Raichu|Protect|p1a: Raichu
|-singleturn|p1a: Raichu|Protect
|move|p2a: Arcanine|Protect|p2a: Arcanine
|-singleturn|p2a: Arcanine|Protect
|move|p2b: Sneasler|Dire Claw|p1b: Milotic
|-damage|p1b: Milotic|63/100
|move|p1b: Milotic|Muddy Water|p2b: Sneasler|[spread] p2b
|-activate|p2a: Arcanine|move: Protect
|-damage|p2b: Sneasler|55/100
|-unboost|p2b: Sneasler|accuracy|1
|
|-heal|p1b: Milotic|69/100|[from] item: Leftovers
|upkeep
|turn|3
|
|t:|1783491215
|move|p2a: Arcanine|Extreme Speed|p1a: Raichu
|-damage|p1a: Raichu|72/100
|move|p2b: Sneasler|Close Combat|p1a: Raichu
|-damage|p1a: Raichu|0 fnt
|-unboost|p2b: Sneasler|def|1
|-unboost|p2b: Sneasler|spd|1
|faint|p1a: Raichu
|move|p1b: Milotic|Coil|p1b: Milotic
|-boost|p1b: Milotic|atk|1
|-boost|p1b: Milotic|def|1
|-boost|p1b: Milotic|accuracy|1
|
|-heal|p1b: Milotic|75/100|[from] item: Leftovers
|upkeep
|
|t:|1783491219
|switch|p1a: Ceruledge|Ceruledge, L50, M|100/100
|turn|4
|
|t:|1783491243
|move|p2a: Arcanine|Protect|p2a: Arcanine
|-singleturn|p2a: Arcanine|Protect
|move|p1a: Ceruledge|Protect|p1a: Ceruledge
|-singleturn|p1a: Ceruledge|Protect
|move|p2b: Sneasler|Dire Claw|p1b: Milotic
|-damage|p1b: Milotic|50/100g
|move|p1b: Milotic|Muddy Water|p2a: Arcanine|[spread] p2b
|-activate|p2a: Arcanine|move: Protect
|-damage|p2b: Sneasler|0 fnt
|faint|p2b: Sneasler
|
|-heal|p1b: Milotic|56/100|[from] item: Leftovers
|upkeep
|
|t:|1783491277
|switch|p2b: Aerodactyl|Aerodactyl, L50, F|100/100
|-ability|p2b: Aerodactyl|Unnerve
|turn|5
|
|t:|1783491283
|detailschange|p2b: Aerodactyl|Aerodactyl-Mega, L50, F
|-mega|p2b: Aerodactyl|Aerodactyl|Aerodactylite
|move|p1a: Ceruledge|Protect||[still]
|-fail|p1a: Ceruledge
|move|p2b: Aerodactyl|Rock Slide|p1a: Ceruledge|[spread] p1a,p1b
|-supereffective|p1a: Ceruledge|1
|-damage|p1a: Ceruledge|42/100
|-damage|p1b: Milotic|41/100
|move|p2a: Arcanine|Head Smash|p1a: Ceruledge
|-supereffective|p1a: Ceruledge|1
|-damage|p1a: Ceruledge|0 fnt
|faint|p1a: Ceruledge
|move|p1b: Milotic|Muddy Water|p2b: Aerodactyl|[spread] p2a,p2b
|-supereffective|p2a: Arcanine|2
|-supereffective|p2b: Aerodactyl|1
|-damage|p2a: Arcanine|0 fnt
|-damage|p2b: Aerodactyl|41/100
|faint|p2a: Arcanine
|
|-heal|p1b: Milotic|47/100|[from] item: Leftovers
|upkeep
|
|t:|1783491292
|switch|p2a: Ninetales|Ninetales-Alola, L50, M|100/100
|-weather|Snowscape|[from] ability: Snow Warning|[of] p2a: Ninetales
|turn|6
|
|t:|1783491301
|move|p1b: Milotic|Protect|p1b: Milotic
|-singleturn|p1b: Milotic|Protect
|move|p2b: Aerodactyl|Dual Wingbeat|p1b: Milotic
|-activate|p1b: Milotic|move: Protect
|move|p2a: Ninetales|Freeze-Dry|p1b: Milotic
|-activate|p1b: Milotic|move: Protect
|
|-weather|Snowscape|[upkeep]
|-heal|p1b: Milotic|52/100|[from] item: Leftovers
|upkeep
|turn|7
|
|t:|1783491306
|move|p2b: Aerodactyl|Dual Wingbeat|p1b: Milotic
|-damage|p1b: Milotic|38/100
|-damage|p1b: Milotic|23/100
|-hitcount|p1b: Milotic|2
|move|p2a: Ninetales|Freeze-Dry|p1b: Milotic
|-supereffective|p1b: Milotic|1
|-damage|p1b: Milotic|0 fnt
|faint|p1b: Milotic
|
|win|ScaryQwQ
|c|☆RK_pocoyo|gg
|c|☆ScaryQwQ|ggs
|l|☆RK_pocoyo
|player|p1|
|l| lawrence123
|l| Star Elisax7
|l| Noobilio
