|j|☆WestyLiam
|j|☆123something
|html|WestyLiam123something    
|uhtml|bestof|Game 2 of a best-of-3
|t:|1754739889
|gametype|doubles
|player|p1|WestyLiam|1|1365
|player|p2|123something|1|1340
|gen|9
|tier|[Gen 9] VGC 2025 Reg H (Bo3)
|rated|
|rule|Species Clause: Limit one of each Pokémon
|rule|Item Clause: Limit 1 of each item
|clearpoke
|poke|p1|Ninetales-Alola, L50, F|
|poke|p1|Rillaboom, L50, F|
|poke|p1|Magmar, L50, F|
|poke|p1|Sneasler, L50, M|
|poke|p1|Kingambit, L50, M|
|poke|p1|Basculegion, L50, M|
|poke|p2|Sneasler, L50, M|
|poke|p2|Indeedee, L50, M|
|poke|p2|Volcarona, L50, F|
|poke|p2|Ursaluna-Bloodmoon, L50, M|
|poke|p2|Annihilape, L50, M|
|poke|p2|Tyranitar, L50, M|
|teampreview|4
|showteam|p1|Ninetales-Alola||LifeOrb|SnowWarning|Blizzard,FreezeDry,Encore,Protect|||F|||50|,,,,,Ghost]Rillaboom||AssaultVest|GrassySurge|WoodHammer,FakeOut,Uturn,GrassyGlide|||F|||50|,,,,,Ghost]Magmar||Eviolite|VitalSpirit|Protect,HeatWave,WillOWisp,FollowMe|||F|||50|,,,,,Ghost]Sneasler||FocusSash|PoisonTouch|FakeOut,DireClaw,CloseCombat,Protect|||M|||50|,,,,,Ghost]Kingambit||BlackGlasses|Defiant|KowtowCleave,SwordsDance,SuckerPunch,Protect|||M|||50|,,,,,Fire]Basculegion||ChoiceScarf|Adaptability|WaveCrash,FlipTurn,TeraBlast,LastRespects|||M|||50|,,,,,Fighting
|showteam|p2|Sneasler||PsychicSeed|Unburden|CloseCombat,DireClaw,ThroatChop,Protect|||M|||50|,,,,,Dark]Indeedee||ChoiceScarf|PsychicSurge|ExpandingForce,TeraBlast,Trick,Protect|||M|||50|,,,,,Psychic]Volcarona||SitrusBerry|FlameBody|Overheat,StruggleBug,RagePowder,Tailwind|||F|||50|,,,,,Grass]Ursaluna-Bloodmoon||LifeOrb|MindsEye|BloodMoon,HyperVoice,EarthPower,Protect|||M|||50|,,,,,Normal]Annihilape||SafetyGoggles|Defiant|CloseCombat,RageFist,Taunt,FinalGambit|||M|||50|,,,,,Fairy]Tyranitar||AssaultVest|SandStream|RockSlide,KnockOff,TeraBlast,LowKick|||M|||50|,,,,,Flying
|inactive|Battle timer is ON: inactive players will automatically lose when time's up. (requested by WestyLiam)
|
|t:|1754739931
|teamsize|p1|4
|teamsize|p2|4
|start
|switch|p1a: Rillaboom|Rillaboom, L50, F|100/100
|switch|p1b: Kingambit|Kingambit, L50, M|100/100
|switch|p2a: Volcarona|Volcarona, L50, F|100/100
|switch|p2b: Annihilape|Annihilape, L50, M|100/100
|-fieldstart|move: Grassy Terrain|[from] ability: Grassy Surge|[of] p1a: Rillaboom
|turn|1
|inactive|123something has 30 seconds left.
|inactive|123something has 20 seconds left.
|inactive|123something has 15 seconds left.
|
|t:|1754739971
|switch|p1a: Magmar|Magmar, L50, F|100/100
|move|p1b: Kingambit|Protect|p1b: Kingambit
|-singleturn|p1b: Kingambit|Protect
|move|p2a: Volcarona|Overheat|p1a: Magmar
|-resisted|p1a: Magmar
|-damage|p1a: Magmar|75/100
|-unboost|p2a: Volcarona|spa|2
|move|p2b: Annihilape|Close Combat|p1b: Kingambit
|-activate|p1b: Kingambit|move: Protect
|
|-heal|p1a: Magmar|81/100|[from] Grassy Terrain
|upkeep
|turn|2
|
|t:|1754739990
|switch|p2a: Sneasler|Sneasler, L50, M|100/100
|move|p1a: Magmar|Follow Me|p1a: Magmar
|-singleturn|p1a: Magmar|move: Follow Me
|move|p2b: Annihilape|Taunt|p1a: Magmar
|-start|p1a: Magmar|move: Taunt
|move|p1b: Kingambit|Swords Dance|p1b: Kingambit
|-boost|p1b: Kingambit|atk|2
|
|-heal|p1a: Magmar|87/100|[from] Grassy Terrain
|upkeep
|turn|3
|
|t:|1754740011
|move|p1b: Kingambit|Protect|p1b: Kingambit
|-singleturn|p1b: Kingambit|Protect
|move|p2a: Sneasler|Dire Claw|p1a: Magmar
|-crit|p1a: Magmar
|-damage|p1a: Magmar|33/100
|move|p2b: Annihilape|Close Combat|p1b: Kingambit
|-activate|p1b: Kingambit|move: Protect
|move|p1a: Magmar|Heat Wave|p2b: Annihilape|[spread] p2a,p2b
|-damage|p2a: Sneasler|69/100
|-damage|p2b: Annihilape|78/100
|
|-heal|p2a: Sneasler|75/100|[from] Grassy Terrain
|-heal|p2b: Annihilape|84/100|[from] Grassy Terrain
|-heal|p1a: Magmar|39/100|[from] Grassy Terrain
|upkeep
|turn|4
|inactive|123something has 30 seconds left.
|inactive|123something has 20 seconds left.
|inactive|123something has 15 seconds left.
|inactive|123something has 10 seconds left.
|inactive|123something has 5 seconds left.
|
|t:|1754740066
|switch|p1a: Rillaboom|Rillaboom, L50, F|100/100
|-terastallize|p1b: Kingambit|Fire
|move|p1b: Kingambit|Sucker Punch|p2b: Annihilape
|-damage|p2b: Annihilape|0 fnt
|faint|p2b: Annihilape
|move|p2a: Sneasler|Close Combat|p1a: Rillaboom
|-damage|p1a: Rillaboom|38/100
|-unboost|p2a: Sneasler|def|1
|-unboost|p2a: Sneasler|spd|1
|
|-heal|p2a: Sneasler|80/100|[from] Grassy Terrain
|-heal|p1a: Rillaboom|44/100|[from] Grassy Terrain
|upkeep
|
|t:|1754740081
|switch|p2b: Indeedee|Indeedee, L50, M|100/100
|-fieldstart|move: Psychic Terrain|[from] ability: Psychic Surge|[of] p2b: Indeedee
|-enditem|p2a: Sneasler|Psychic Seed
|-boost|p2a: Sneasler|spd|1|[from] item: Psychic Seed
|turn|5
|
|t:|1754740091
|switch|p2b: Volcarona|Volcarona, L50, F|100/100
|switch|p1a: Magmar|Magmar, L50, F|39/100
|move|p1b: Kingambit|Protect|p1b: Kingambit
|-singleturn|p1b: Kingambit|Protect
|move|p2a: Sneasler|Dire Claw|p1a: Magmar
|-damage|p1a: Magmar|3/100
|
|upkeep
|turn|6
|inactive|123something has 30 seconds left.
|inactive|123something has 20 seconds left.
|inactive|123something has 15 seconds left.
|inactive|123something has 10 seconds left.
|inactive|123something has 5 seconds left.
|
|t:|1754740146
|move|p1a: Magmar|Follow Me|p1a: Magmar
|-singleturn|p1a: Magmar|move: Follow Me
|move|p2a: Sneasler|Close Combat|p1a: Magmar
|-damage|p1a: Magmar|0 fnt
|-unboost|p2a: Sneasler|def|1
|-unboost|p2a: Sneasler|spd|1
|faint|p1a: Magmar
|move|p2b: Volcarona|Overheat|p1b: Kingambit
|-resisted|p1b: Kingambit
|-damage|p1b: Kingambit|70/100
|-unboost|p2b: Volcarona|spa|2
|move|p1b: Kingambit|Kowtow Cleave|p2b: Volcarona
|-damage|p2b: Volcarona|0 fnt
|faint|p2b: Volcarona
|
|upkeep
|-message|123something forfeited.
|
|win|WestyLiam
|raw|WestyLiam's rating: 1365 → 1384(+19 for winning)
|raw|123something's rating: 1340 → 1321(-19 for losing)
|l|☆123something
|player|p2|
|l|☆WestyLiam
|player|p1|
|j|☆WestyLiam
|player|p1|WestyLiam|1|
