|j|☆LostAzi
|j|☆Kylewithasmile69
|html|LostAziKylewithasmile69    
|uhtml|bestof|Game 1 of a best-of-3
|t:|1756489911
|gametype|doubles
|player|p1|LostAzi|roxie|1000
|player|p2|Kylewithasmile69|266|1058
|gen|9
|tier|[Gen 9] VGC 2025 Reg H (Bo3)
|rated|
|rule|Species Clause: Limit one of each Pokémon
|rule|Item Clause: Limit 1 of each item
|clearpoke
|poke|p1|Meowstic, L50, M|
|poke|p1|Zoroark-Hisui, L50, F|
|poke|p1|Grafaiai, L50, F|
|poke|p1|Sneasler, L50, F|
|poke|p1|Meowscarada, L50, F|
|poke|p1|Dragonite, L50, F|
|poke|p2|Porygon2, L50|
|poke|p2|Incineroar, L50, F|
|poke|p2|Ursaluna, L50, F|
|poke|p2|Jumpluff, L50, F|
|poke|p2|Charizard, L50, F|
|poke|p2|Torkoal, L50, F|
|teampreview|4
|showteam|p1|Meowstic||CovertCloak|Prankster|FakeOut,FakeTears,TeraBlast,Yawn|||M|||50|,,,,,Bug]Zoroark-Hisui||ChoiceSpecs|Illusion|TeraBlast,Hex,HyperVoice,DarkPulse|||F|||50|,,,,,Fairy]Grafaiai||MentalHerb|Prankster|Encore,Taunt,Toxic,SuperFang|||F|||50|,,,,,Dark]Sneasler||NormalGem|Unburden|DireClaw,FakeOut,CloseCombat,Acrobatics|||F|||50|,,,,,Flying]Meowscarada||SitrusBerry|Protean|FlowerTrick,Taunt,KnockOff,ThunderPunch|||F|||50|,,,,,Grass]Dragonite||SafetyGoggles|Multiscale|IceSpinner,Tailwind,ScaleShot,RockSlide|||F|||50|,,,,,Rock
|showteam|p2|Porygon2||Eviolite|Download|TeraBlast,IceBeam,TrickRoom,Recover||||||50|,,,,,Fighting]Incineroar||SitrusBerry|Intimidate|FakeOut,KnockOff,FlareBlitz,PartingShot|||F|||50|,,,,,Ghost]Ursaluna||FlameOrb|Guts|HeadlongRush,Facade,Earthquake,Protect|||F|||50|,,,,,Ghost]Jumpluff||CovertCloak|Chlorophyll|RagePowder,SunnyDay,Tailwind,SleepPowder|||F|||50|,,,,,Fire]Charizard||ChoiceSpecs|SolarPower|HeatWave,Overheat,WeatherBall,DragonPulse|||F|||50|,,,,,Ghost]Torkoal||EjectPack|Drought|Overheat,Eruption,HelpingHand,Protect|||F|||50|,,,,,Fire
|inactive|Battle timer is ON: inactive players will automatically lose when time's up. (requested by LostAzi)
|
|t:|1756489974
|teamsize|p1|4
|teamsize|p2|4
|start
|switch|p1a: Grafaiai|Grafaiai, L50, F, shiny|100/100
|switch|p1b: Sneasler|Sneasler, L50, F, shiny|100/100
|switch|p2a: Jumpluff|Jumpluff, L50, F|100/100
|switch|p2b: Torkoal|Torkoal, L50, F|100/100
|-weather|SunnyDay|[from] ability: Drought|[of] p2b: Torkoal
|turn|1
|inactive|Kylewithasmile69 has 30 seconds left.
|inactive|Kylewithasmile69 has 20 seconds left.
|
|t:|1756490012
|move|p1b: Sneasler|Fake Out|p2b: Torkoal
|-enditem|p1b: Sneasler|Normal Gem|[from] gem
|-damage|p2b: Torkoal|84/100
|move|p1a: Grafaiai|Taunt|p2a: Jumpluff
|-start|p2a: Jumpluff|move: Taunt
|cant|p2a: Jumpluff|move: Taunt|Tailwind
|cant|p2b: Torkoal|flinch
|
|-weather|SunnyDay|[upkeep]
|upkeep
|turn|2
|inactive|LostAzi has 30 seconds left.
|
|t:|1756490037
|switch|p2a: Incineroar|Incineroar, L50, F|100/100
|-ability|p2a: Incineroar|Intimidate|boost
|-unboost|p1a: Grafaiai|atk|1
|-unboost|p1b: Sneasler|atk|1
|move|p1a: Grafaiai|Toxic|p2b: Torkoal
|-status|p2b: Torkoal|tox
|move|p1b: Sneasler|Dire Claw|p2b: Torkoal
|-damage|p2b: Torkoal|60/100 tox
|move|p2b: Torkoal|Overheat|p1a: Grafaiai
|-damage|p1a: Grafaiai|17/100
|-unboost|p2b: Torkoal|spa|2
|-enditem|p2b: Torkoal|Eject Pack
|
|t:|1756490054
|switch|p2b: Jumpluff|Jumpluff, L50, F|100/100
|
|-weather|SunnyDay|[upkeep]
|upkeep
|turn|3
|
|t:|1756490078
|move|p2a: Incineroar|Fake Out|p1a: Grafaiai
|-damage|p1a: Grafaiai|0 fnt
|faint|p1a: Grafaiai
|move|p1b: Sneasler|Close Combat|p2a: Incineroar
|-supereffective|p2a: Incineroar
|-damage|p2a: Incineroar|14/100
|-unboost|p1b: Sneasler|def|1
|-unboost|p1b: Sneasler|spd|1
|-enditem|p2a: Incineroar|Sitrus Berry|[eat]
|-heal|p2a: Incineroar|39/100|[from] item: Sitrus Berry
|move|p2b: Jumpluff|Tailwind|p2b: Jumpluff
|-sidestart|p2: Kylewithasmile69|move: Tailwind
|
|-weather|SunnyDay|[upkeep]
|upkeep
|
|t:|1756490090
|switch|p1a: Dragonite|Dragonite, L50, F, shiny|100/100
|turn|4
|
|t:|1756490100
|move|p2b: Jumpluff|Sleep Powder|p1a: Dragonite
|-activate|p1a: Dragonite|item: Safety Goggles|Sleep Powder
|move|p1b: Sneasler|Acrobatics|p2b: Jumpluff
|-supereffective|p2b: Jumpluff
|-damage|p2b: Jumpluff|27/100
|move|p2a: Incineroar|Parting Shot|p1a: Dragonite
|-unboost|p1a: Dragonite|atk|1
|-unboost|p1a: Dragonite|spa|1
|
|t:|1756490109
|switch|p2a: Torkoal|Torkoal, L50, F|60/100 tox|[from] Parting Shot
|move|p1a: Dragonite|Tailwind|p1a: Dragonite
|-sidestart|p1: LostAzi|move: Tailwind
|
|-weather|SunnyDay|[upkeep]
|-damage|p2a: Torkoal|54/100 tox|[from] psn
|upkeep
|turn|5
|
|t:|1756490127
|switch|p1b: Meowscarada|Meowscarada, L50, F, shiny|100/100
|switch|p2a: Incineroar|Incineroar, L50, F|39/100
|-ability|p2a: Incineroar|Intimidate|boost
|-unboost|p1a: Dragonite|atk|1
|-unboost|p1b: Meowscarada|atk|1
|move|p2b: Jumpluff|Sleep Powder|p1b: Meowscarada
|-immune|p1b: Meowscarada
|move|p1a: Dragonite|Rock Slide|p2a: Incineroar|[spread] p2a,p2b
|-supereffective|p2a: Incineroar
|-supereffective|p2b: Jumpluff
|-damage|p2a: Incineroar|18/100
|-damage|p2b: Jumpluff|2/100
|
|-weather|none
|upkeep
|turn|6
|inactive|LostAzi has 30 seconds left.
|inactive|Kylewithasmile69 has 30 seconds left.
|inactive|Kylewithasmile69 has 20 seconds left.
|
|t:|1756490165
|switch|p2b: Torkoal|Torkoal, L50, F|54/100 tox
|-weather|SunnyDay|[from] ability: Drought|[of] p2b: Torkoal
|move|p2a: Incineroar|Fake Out|p1b: Meowscarada
|-damage|p1b: Meowscarada|78/100
|cant|p1b: Meowscarada|flinch
|move|p1a: Dragonite|Rock Slide|p2a: Incineroar|[spread] p2a,p2b
|-supereffective|p2a: Incineroar
|-supereffective|p2b: Torkoal
|-damage|p2a: Incineroar|0 fnt
|-damage|p2b: Torkoal|38/100 tox
|faint|p2a: Incineroar
|
|-weather|SunnyDay|[upkeep]
|-damage|p2b: Torkoal|32/100 tox|[from] psn
|-sideend|p2: Kylewithasmile69|move: Tailwind
|upkeep
|
|t:|1756490181
|switch|p2a: Jumpluff|Jumpluff, L50, F|2/100
|turn|7
|
|t:|1756490196
|move|p2b: Torkoal|Protect|p2b: Torkoal
|-singleturn|p2b: Torkoal|Protect
|move|p1b: Meowscarada|Thunder Punch|p2b: Torkoal
|-start|p1b: Meowscarada|typechange|Electric|[from] ability: Protean
|-activate|p2b: Torkoal|move: Protect
|move|p2a: Jumpluff|Tailwind|p2a: Jumpluff
|-sidestart|p2: Kylewithasmile69|move: Tailwind
|move|p1a: Dragonite|Rock Slide|p2b: Torkoal|[spread] p2a
|-activate|p2b: Torkoal|move: Protect
|-supereffective|p2a: Jumpluff
|-damage|p2a: Jumpluff|0 fnt
|faint|p2a: Jumpluff
|
|-weather|SunnyDay|[upkeep]
|-damage|p2b: Torkoal|19/100 tox|[from] psn
|-sideend|p1: LostAzi|move: Tailwind
|upkeep
|
|t:|1756490214
|switch|p2a: Charizard|Charizard, L50, F|100/100
|turn|8
|
|t:|1756490229
|-terastallize|p1a: Dragonite|Rock
|move|p2b: Torkoal|Helping Hand|p2a: Charizard
|-singleturn|p2a: Charizard|Helping Hand|[of] p2b: Torkoal
|move|p2a: Charizard|Heat Wave|p1a: Dragonite|[spread] p1a,p1b
|-resisted|p1a: Dragonite
|-damage|p1a: Dragonite|67/100
|-damage|p1b: Meowscarada|0 fnt
|faint|p1b: Meowscarada
|move|p1a: Dragonite|Rock Slide|p2a: Charizard|[spread] p2a,p2b
|-supereffective|p2a: Charizard
|-supereffective|p2b: Torkoal
|-damage|p2a: Charizard|4/100
|-damage|p2b: Torkoal|0 fnt
|faint|p2b: Torkoal
|
|-weather|SunnyDay|[upkeep]
|-damage|p2a: Charizard|0 fnt|[from] ability: Solar Power|[of] p2a: Charizard
|faint|p2a: Charizard
|
|win|LostAzi
|l|☆Kylewithasmile69
|player|p2|
|inactive|LostAzi has 30 seconds to confirm battle start!
|inactive|Kylewithasmile69 has 30 seconds to confirm battle start!
||LostAzi is ready for game 2.
