|j|☆Chelicerate1
|j|☆huynguy
|html|Chelicerate1huynguy    
|uhtml|bestof|Game 1 of a best-of-3
|t:|1783692306
|gametype|doubles
|player|p1|Chelicerate1|ethan|1127
|player|p2|huynguy|170|1072
|gen|9
|tier|[Gen 9 Champions] VGC 2026 Reg M-B (Bo3)
|rated|
|rule|Species Clause: Limit one of each Pokémon
|rule|Item Clause: Limit 1 of each item
|clearpoke
|poke|p1|Gholdengo, L50, shiny|
|poke|p1|Incineroar, L50, M, shiny|
|poke|p1|Charizard, L50, M, shiny|
|poke|p1|Floette-Eternal, L50, F|
|poke|p1|Sinistcha-Masterpiece, L50, shiny|
|poke|p1|Garchomp, L50, M, shiny|
|poke|p2|Whimsicott, L50, F|
|poke|p2|Lucario, L50, M|
|poke|p2|Staraptor, L50, F|
|poke|p2|Tsareena, L50, F|
|poke|p2|Garchomp, L50, F|
|poke|p2|Greninja, L50, M|
|teampreview|4
|showteam|p1|Gholdengo||ChoiceScarf|GoodasGold|MakeItRain,Thunderbolt,ShadowBall,Trick|Timid|||||50|]Incineroar||SitrusBerry|Intimidate|FakeOut,ThroatChop,PartingShot,FlareBlitz|Careful||M|||50|]Charizard||CharizarditeY|SolarPower|HeatWave,WeatherBall,SolarBeam,Protect|Modest||M|||50|]Floette-Eternal||Floettite|FlowerVeil|Moonblast,DazzlingGleam,CalmMind,Protect|Modest||F|||50|]Sinistcha-Masterpiece||FocusSash|Hospitality|LeafStorm,RagePowder,TrickRoom,Protect|Bold|||||50|]Garchomp||LifeOrb|RoughSkin|DragonClaw,RockSlide,Earthquake,Protect|Adamant||M|||50|
|showteam|p2|Whimsicott||FocusSash|Prankster|Moonblast,Tailwind,BeatUp,Encore|Timid||F|||50|]Lucario||Lucarionite|Justified|BulletPunch,DrainPunch,RockSlide,Protect|Adamant||M|||50|]Staraptor||ChoiceScarf|Intimidate|FinalGambit,CloseCombat,BraveBird,Uturn|Adamant||F|||50|]Tsareena||WideLens|QueenlyMajesty|Taunt,PowerWhip,HighJumpKick,Protect|Adamant||F|||50|]Garchomp||LifeOrb|RoughSkin|DragonClaw,Earthquake,StompingTantrum,Protect|Jolly||F|||50|]Greninja||Greninjite|Protean|Surf,IceBeam,DarkPulse,Protect|Timid||M|||50|
|inactive|Battle timer is ON: inactive players will automatically lose when time's up. (requested by Chelicerate1)
|inactive|Chelicerate1 has 60 seconds left.
|inactive|huynguy has 60 seconds left.
|inactive|Chelicerate1 has 30 seconds left.
|
|t:|1783692368
|teamsize|p1|4
|teamsize|p2|4
|start
|switch|p1a: Floette|Floette-Eternal, L50, F|100/100
|switch|p1b: Incineroar|Incineroar, L50, M, shiny|100/100
|switch|p2a: Staraptor|Staraptor, L50, F|100/100
|switch|p2b: Garchomp|Garchomp, L50, F|100/100
|-ability|p2a: Staraptor|Intimidate|boost
|-unboost|p1a: Floette|atk|1
|-unboost|p1b: Incineroar|atk|1
|-ability|p1b: Incineroar|Intimidate|boost
|-unboost|p2a: Staraptor|atk|1
|-unboost|p2b: Garchomp|atk|1
|turn|1
|inactive|Chelicerate1 has 30 seconds left.
|inactive|huynguy has 30 seconds left.
|inactive|Chelicerate1 has 20 seconds left.
|inactive|huynguy has 20 seconds left.
|inactive|Chelicerate1 has 15 seconds left.
|inactive|Chelicerate1 has 10 seconds left.
|inactive|Chelicerate1 has 5 seconds left.
|
|t:|1783692421
|detailschange|p1a: Floette|Floette-Mega, L50, F
|-mega|p1a: Floette|Floette|Floettite
|-ability|p1a: Floette|Fairy Aura
|move|p2b: Garchomp|Protect|p2b: Garchomp
|-singleturn|p2b: Garchomp|Protect
|move|p1a: Floette|Protect|p1a: Floette
|-singleturn|p1a: Floette|Protect
|move|p2a: Staraptor|Final Gambit|p1a: Floette
|-activate|p1a: Floette|move: Protect
|move|p1b: Incineroar|Parting Shot|p2b: Garchomp
|-activate|p2b: Garchomp|move: Protect
|
|upkeep
|turn|2
|inactive|Chelicerate1 has 30 seconds left.
|inactive|Chelicerate1 has 20 seconds left.
|inactive|Chelicerate1 has 15 seconds left.
|
|t:|1783692463
|switch|p1a: Sinistcha|Sinistcha-Masterpiece, L50, shiny|100/100
|move|p2a: Staraptor|Final Gambit|p1a: Sinistcha
|-immune|p1a: Sinistcha
|move|p2b: Garchomp|Earthquake|p1a: Sinistcha|[spread] p1a,p1b
|-immune|p2a: Staraptor
|-resisted|p1a: Sinistcha|1
|-supereffective|p1b: Incineroar|1
|-damage|p1a: Sinistcha|87/100
|-damage|p1b: Incineroar|30/100
|-enditem|p1b: Incineroar|Sitrus Berry|[eat]
|-heal|p1b: Incineroar|55/100|[from] item: Sitrus Berry
|-damage|p2b: Garchomp|90/100|[from] item: Life Orb
|move|p1b: Incineroar|Parting Shot|p2b: Garchomp
|-unboost|p2b: Garchomp|atk|1
|-unboost|p2b: Garchomp|spa|1
|
|t:|1783692478
|switch|p1b: Floette|Floette-Mega, L50, F|100/100|[from] Parting Shot
|-ability|p1b: Floette|Fairy Aura
|
|upkeep
|turn|3
|inactive|Chelicerate1 has 30 seconds left.
|inactive|huynguy has 30 seconds left.
|
|t:|1783692508
|switch|p2b: Greninja|Greninja, L50, M|100/100
|move|p1a: Sinistcha|Rage Powder|p1a: Sinistcha
|-singleturn|p1a: Sinistcha|move: Rage Powder
|move|p2a: Staraptor|Final Gambit|p1a: Sinistcha
|-immune|p1a: Sinistcha
|move|p1b: Floette|Dazzling Gleam|p2a: Staraptor|[spread] p2a,p2b
|-supereffective|p2b: Greninja|1
|-damage|p2a: Staraptor|34/100
|-damage|p2b: Greninja|0 fnt
|faint|p2b: Greninja
|
|upkeep
|
|t:|1783692524
|switch|p2b: Tsareena|Tsareena, L50, F|100/100
|turn|4
|
|t:|1783692547
|move|p1a: Sinistcha|Rage Powder|p1a: Sinistcha
|-singleturn|p1a: Sinistcha|move: Rage Powder
|move|p2a: Staraptor|Final Gambit|p1a: Sinistcha
|-immune|p1a: Sinistcha
|move|p1b: Floette|Dazzling Gleam|p2a: Staraptor|[spread] p2a,p2b
|-damage|p2a: Staraptor|0 fnt
|-damage|p2b: Tsareena|51/100
|faint|p2a: Staraptor
|move|p2b: Tsareena|Taunt|p1a: Sinistcha
|-start|p1a: Sinistcha|move: Taunt
|
|upkeep
|
|t:|1783692557
|switch|p2a: Garchomp|Garchomp, L50, F|90/100
|turn|5
|
|t:|1783692571
|switch|p1a: Incineroar|Incineroar, L50, M, shiny|55/100
|-ability|p1a: Incineroar|Intimidate|boost
|-unboost|p2a: Garchomp|atk|1
|-unboost|p2b: Tsareena|atk|1
|move|p2a: Garchomp|Protect|p2a: Garchomp
|-singleturn|p2a: Garchomp|Protect
|move|p1b: Floette|Dazzling Gleam|p2a: Garchomp|[spread] p2b
|-activate|p2a: Garchomp|move: Protect
|-damage|p2b: Tsareena|5/100
|move|p2b: Tsareena|Power Whip|p1b: Floette
|-damage|p1b: Floette|55/100
|
|upkeep
|turn|6
|inactive|Chelicerate1 has 30 seconds left.
|inactive|Chelicerate1 has 20 seconds left.
|inactive|Chelicerate1 has 15 seconds left.
|
|t:|1783692613
|switch|p1a: Sinistcha|Sinistcha-Masterpiece, L50, shiny|87/100
|-heal|p1b: Floette|80/100|[from] ability: Hospitality|[of] p1a: Sinistcha
|move|p2b: Tsareena|Protect|p2b: Tsareena
|-singleturn|p2b: Tsareena|Protect
|move|p2a: Garchomp|Earthquake|p1a: Sinistcha|[spread] p1a,p1b
|-activate|p2b: Tsareena|move: Protect
|-resisted|p1a: Sinistcha|1
|-damage|p1a: Sinistcha|74/100
|-damage|p1b: Floette|41/100
|-damage|p2a: Garchomp|80/100|[from] item: Life Orb
|move|p1b: Floette|Dazzling Gleam|p2a: Garchomp|[spread] p2a
|-activate|p2b: Tsareena|move: Protect
|-supereffective|p2a: Garchomp|1
|-damage|p2a: Garchomp|0 fnt
|faint|p2a: Garchomp
|
|upkeep
|turn|7
|
|t:|1783692638
|switch|p1a: Incineroar|Incineroar, L50, M, shiny|55/100
|-ability|p1a: Incineroar|Intimidate|boost
|-unboost|p2b: Tsareena|atk|1
|move|p1b: Floette|Moonblast|p2b: Tsareena
|-damage|p2b: Tsareena|0 fnt
|faint|p2b: Tsareena
|
|win|Chelicerate1
