|j|☆ginopollo
|j|☆feivelfury
|html|ginopollofeivelfury    
|uhtml|bestof|Game 2 of a best-of-3
|t:|1756467380
|gametype|doubles
|player|p1|ginopollo|265|1066
|player|p2|feivelfury|roxie|1089
|gen|9
|tier|[Gen 9] VGC 2025 Reg H (Bo3)
|rated|
|rule|Species Clause: Limit one of each Pokémon
|rule|Item Clause: Limit 1 of each item
|clearpoke
|poke|p1|Smeargle, L50, M|
|poke|p1|Gholdengo, L50|
|poke|p1|Sneasler, L50, F|
|poke|p1|Indeedee-F, L50, F|
|poke|p1|Torkoal, L50, F|
|poke|p1|Ursaluna, L50, F|
|poke|p2|Frosmoth, L50, F|
|poke|p2|Volcarona, L50, M|
|poke|p2|Ninetales-Alola, L50, F|
|poke|p2|Garchomp, L50, F|
|poke|p2|Incineroar, L50, M|
|poke|p2|Rillaboom, L50, M|
|teampreview|4
|showteam|p1|Smeargle||FocusSash|Moody|TrickRoom,FollowMe,Spore,WideGuard|||M|||50|,,,,,Ghost]Gholdengo||LifeOrb|GoodasGold|MakeItRain,ShadowBall,NastyPlot,Protect||||||50|,,,,,Water]Sneasler||AirBalloon|Unburden|DireClaw,CloseCombat,FakeOut,Protect|||F|||50|,,,,,Dark]Indeedee-F||SafetyGoggles|PsychicSurge|TrickRoom,FollowMe,HelpingHand,DazzlingGleam|||F|||50|,,,,,Fairy]Torkoal||AssaultVest|Drought|Eruption,HeatWave,SolarBeam,EarthPower|||F|||50|,,,,,Fire]Ursaluna||FlameOrb|Guts|Protect,Facade,HeadlongRush,Earthquake|||F|||50|,,,,,Ghost
|showteam|p2|Frosmoth||Leftovers|IceScales|QuiverDance,Blizzard,TeraBlast,Protect|||F|||50|,,,,,Water]Volcarona||RockyHelmet|FlameBody|RagePowder,HeatWave,WillOWisp,StruggleBug|||M|||50|,,,,,Steel]Ninetales-Alola||LifeOrb|SnowWarning|FreezeDry,IcyWind,Moonblast,AuroraVeil|||F|||50|,,,,,Ghost]Garchomp||ClearAmulet|RoughSkin|StompingTantrum,BreakingSwipe,RockSlide,Protect|||F|||50|,,,,,Fire]Incineroar||SitrusBerry|Intimidate|FakeOut,FlareBlitz,KnockOff,PartingShot|||M|||50|,,,,,Ghost]Rillaboom||AssaultVest|GrassySurge|FakeOut,WoodHammer,GrassyGlide,HighHorsepower|||M|||50|,,,,,Fire
|
|t:|1756467397
|teamsize|p1|4
|teamsize|p2|4
|start
|switch|p1a: Sneasler|Sneasler, L50, F|100/100
|switch|p1b: Gholdengo|Gholdengo, L50|100/100
|switch|p2a: Frosmoth|Frosmoth, L50, F|100/100
|switch|p2b: Incineroar|Incineroar, L50, M|100/100
|-item|p1a: Sneasler|Air Balloon
|-ability|p2b: Incineroar|Intimidate|boost
|-unboost|p1a: Sneasler|atk|1
|-unboost|p1b: Gholdengo|atk|1
|turn|1
|
|t:|1756467422
|-terastallize|p1b: Gholdengo|Water
|move|p2a: Frosmoth|Protect|p2a: Frosmoth
|-singleturn|p2a: Frosmoth|Protect
|move|p1a: Sneasler|Fake Out|p2a: Frosmoth
|-activate|p2a: Frosmoth|move: Protect
|move|p2b: Incineroar|Fake Out|p1a: Sneasler
|-damage|p1a: Sneasler|83/100
|-enditem|p1a: Sneasler|Air Balloon
|move|p1b: Gholdengo|Nasty Plot|p1b: Gholdengo
|-boost|p1b: Gholdengo|spa|2
|
|upkeep
|turn|2
|
|t:|1756467476
|-terastallize|p2a: Frosmoth|Water
|move|p1a: Sneasler|Close Combat|p2b: Incineroar
|-supereffective|p2b: Incineroar
|-damage|p2b: Incineroar|10/100
|-unboost|p1a: Sneasler|def|1
|-unboost|p1a: Sneasler|spd|1
|-enditem|p2b: Incineroar|Sitrus Berry|[eat]
|-heal|p2b: Incineroar|35/100|[from] item: Sitrus Berry
|move|p1b: Gholdengo|Shadow Ball|p2a: Frosmoth
|-damage|p2a: Frosmoth|33/100
|-damage|p1b: Gholdengo|91/100|[from] item: Life Orb
|move|p2a: Frosmoth|Quiver Dance|p2a: Frosmoth
|-boost|p2a: Frosmoth|spa|1
|-boost|p2a: Frosmoth|spd|1
|-boost|p2a: Frosmoth|spe|1
|move|p2b: Incineroar|Knock Off|p1b: Gholdengo
|-damage|p1b: Gholdengo|57/100
|-enditem|p1b: Gholdengo|Life Orb|[from] move: Knock Off|[of] p2b: Incineroar
|
|-heal|p2a: Frosmoth|39/100|[from] item: Leftovers
|upkeep
|turn|3
|
|t:|1756467505
|switch|p2b: Volcarona|Volcarona, L50, M|100/100
|move|p2a: Frosmoth|Protect|p2a: Frosmoth
|-singleturn|p2a: Frosmoth|Protect
|move|p1b: Gholdengo|Protect|p1b: Gholdengo
|-singleturn|p1b: Gholdengo|Protect
|move|p1a: Sneasler|Dire Claw|p2a: Frosmoth
|-activate|p2a: Frosmoth|move: Protect
|
|-heal|p2a: Frosmoth|46/100|[from] item: Leftovers
|upkeep
|turn|4
|
|t:|1756467554
|move|p2b: Volcarona|Rage Powder|p2b: Volcarona
|-singleturn|p2b: Volcarona|move: Rage Powder
|move|p1a: Sneasler|Dire Claw|p2b: Volcarona
|-damage|p2b: Volcarona|74/100
|-damage|p1a: Sneasler|66/100|[from] item: Rocky Helmet|[of] p2b: Volcarona
|move|p2a: Frosmoth|Quiver Dance|p2a: Frosmoth
|-boost|p2a: Frosmoth|spa|1
|-boost|p2a: Frosmoth|spd|1
|-boost|p2a: Frosmoth|spe|1
|move|p1b: Gholdengo|Shadow Ball|p2b: Volcarona
|-crit|p2b: Volcarona
|-damage|p2b: Volcarona|0 fnt
|faint|p2b: Volcarona
|
|-heal|p2a: Frosmoth|52/100|[from] item: Leftovers
|upkeep
|
|t:|1756467568
|switch|p2b: Incineroar|Incineroar, L50, M|35/100
|-ability|p2b: Incineroar|Intimidate|boost
|-unboost|p1a: Sneasler|atk|1
|-unboost|p1b: Gholdengo|atk|1
|turn|5
|
|t:|1756467586
|switch|p1a: Indeedee|Indeedee-F, L50, F|100/100
|-fieldstart|move: Psychic Terrain|[from] ability: Psychic Surge|[of] p1a: Indeedee
|switch|p2b: Ninetales|Ninetales-Alola, L50, F|100/100
|-weather|Snowscape|[from] ability: Snow Warning|[of] p2b: Ninetales
|move|p1b: Gholdengo|Protect|p1b: Gholdengo
|-singleturn|p1b: Gholdengo|Protect
|move|p2a: Frosmoth|Blizzard|p1b: Gholdengo|[spread] p1a
|-activate|p1b: Gholdengo|move: Protect
|-damage|p1a: Indeedee|46/100
|
|-weather|Snowscape|[upkeep]
|-heal|p2a: Frosmoth|58/100|[from] item: Leftovers
|upkeep
|turn|6
|
|t:|1756467627
|switch|p1b: Torkoal|Torkoal, L50, F|100/100
|-weather|SunnyDay|[from] ability: Drought|[of] p1b: Torkoal
|move|p2a: Frosmoth|Blizzard|p1b: Torkoal|[spread] p1a
|-miss|p2a: Frosmoth|p1b: Torkoal
|-damage|p1a: Indeedee|0 fnt
|faint|p1a: Indeedee
|move|p2b: Ninetales|Aurora Veil||[still]
|-fail|p2b: Ninetales
|
|-weather|SunnyDay|[upkeep]
|-heal|p2a: Frosmoth|64/100|[from] item: Leftovers
|upkeep
|
|t:|1756467641
|switch|p1a: Gholdengo|Gholdengo, L50, tera:Water|57/100
|turn|7
|
|t:|1756467661
|switch|p2b: Incineroar|Incineroar, L50, M|35/100
|-ability|p2b: Incineroar|Intimidate|boost
|-unboost|p1a: Gholdengo|atk|1
|-unboost|p1b: Torkoal|atk|1
|move|p2a: Frosmoth|Tera Blast|p1b: Torkoal|[anim] Tera Blast Water
|-supereffective|p1b: Torkoal
|-damage|p1b: Torkoal|46/100
|move|p1a: Gholdengo|Make It Rain|p2b: Incineroar|[spread] p2a,p2b
|-resisted|p2a: Frosmoth
|-resisted|p2b: Incineroar
|-damage|p2a: Frosmoth|58/100
|-damage|p2b: Incineroar|19/100
|-unboost|p1a: Gholdengo|spa|1
|move|p1b: Torkoal|Heat Wave|p2b: Incineroar|[spread] p2a,p2b
|-resisted|p2a: Frosmoth
|-crit|p2a: Frosmoth
|-resisted|p2b: Incineroar
|-damage|p2a: Frosmoth|39/100
|-damage|p2b: Incineroar|3/100
|
|-weather|SunnyDay|[upkeep]
|-heal|p2a: Frosmoth|46/100|[from] item: Leftovers
|upkeep
|turn|8
|
|t:|1756467688
|move|p2a: Frosmoth|Protect|p2a: Frosmoth
|-singleturn|p2a: Frosmoth|Protect
|move|p1a: Gholdengo|Protect|p1a: Gholdengo
|-singleturn|p1a: Gholdengo|Protect
|move|p2b: Incineroar|Knock Off|p1a: Gholdengo
|-activate|p1a: Gholdengo|move: Protect
|move|p1b: Torkoal|Heat Wave|p2a: Frosmoth|[spread] p2b
|-activate|p2a: Frosmoth|move: Protect
|-resisted|p2b: Incineroar
|-damage|p2b: Incineroar|0 fnt
|faint|p2b: Incineroar
|
|-weather|SunnyDay|[upkeep]
|-heal|p2a: Frosmoth|52/100|[from] item: Leftovers
|upkeep
|
|t:|1756467700
|switch|p2b: Ninetales|Ninetales-Alola, L50, F|100/100
|-weather|Snowscape|[from] ability: Snow Warning|[of] p2b: Ninetales
|turn|9
|inactive|Battle timer is ON: inactive players will automatically lose when time's up. (requested by ginopollo)
|
|t:|1756467729
|move|p2a: Frosmoth|Blizzard|p1b: Torkoal|[spread] p1a,p1b
|-resisted|p1a: Gholdengo
|-resisted|p1b: Torkoal
|-damage|p1a: Gholdengo|19/100
|-damage|p1b: Torkoal|18/100
|move|p2b: Ninetales|Aurora Veil|p2b: Ninetales
|-sidestart|p2: feivelfury|move: Aurora Veil
|move|p1a: Gholdengo|Make It Rain|p2a: Frosmoth|[spread] p2a,p2b
|-resisted|p2a: Frosmoth
|-supereffective|p2b: Ninetales
|-damage|p2a: Frosmoth|49/100
|-damage|p2b: Ninetales|0 fnt
|-unboost|p1a: Gholdengo|spa|1
|faint|p2b: Ninetales
|move|p1b: Torkoal|Heat Wave|p2a: Frosmoth
|-resisted|p2a: Frosmoth
|-damage|p2a: Frosmoth|45/100
|
|-weather|Snowscape|[upkeep]
|-heal|p2a: Frosmoth|51/100|[from] item: Leftovers
|-fieldend|move: Psychic Terrain
|upkeep
|turn|10
|
|t:|1756467753
|switch|p1b: Sneasler|Sneasler, L50, F|66/100
|move|p1a: Gholdengo|Protect|p1a: Gholdengo
|-singleturn|p1a: Gholdengo|Protect
|move|p2a: Frosmoth|Blizzard|p1b: Sneasler|[spread] p1b
|-activate|p1a: Gholdengo|move: Protect
|-damage|p1b: Sneasler|0 fnt
|faint|p1b: Sneasler
|
|-weather|Snowscape|[upkeep]
|-heal|p2a: Frosmoth|58/100|[from] item: Leftovers
|upkeep
|
|t:|1756467760
|switch|p1b: Torkoal|Torkoal, L50, F|18/100
|-weather|SunnyDay|[from] ability: Drought|[of] p1b: Torkoal
|turn|11
|
|t:|1756467769
|move|p2a: Frosmoth|Tera Blast|p1b: Torkoal|[anim] Tera Blast Water
|-supereffective|p1b: Torkoal
|-damage|p1b: Torkoal|0 fnt
|faint|p1b: Torkoal
|move|p1a: Gholdengo|Nasty Plot|p1a: Gholdengo
|-boost|p1a: Gholdengo|spa|2
|
|-weather|SunnyDay|[upkeep]
|-heal|p2a: Frosmoth|64/100|[from] item: Leftovers
|upkeep
|turn|12
|
|t:|1756467780
|move|p1a: Gholdengo|Protect|p1a: Gholdengo
|-singleturn|p1a: Gholdengo|Protect
|move|p2a: Frosmoth|Tera Blast|p1a: Gholdengo|[anim] Tera Blast Water
|-activate|p1a: Gholdengo|move: Protect
|
|-weather|SunnyDay|[upkeep]
|-heal|p2a: Frosmoth|70/100|[from] item: Leftovers
|upkeep
|turn|13
|
|t:|1756467792
|move|p2a: Frosmoth|Tera Blast|p1a: Gholdengo|[anim] Tera Blast Water
|-resisted|p1a: Gholdengo
|-damage|p1a: Gholdengo|3/100
|move|p1a: Gholdengo|Shadow Ball|p2a: Frosmoth
|-damage|p2a: Frosmoth|62/100
|
|-weather|SunnyDay|[upkeep]
|-heal|p2a: Frosmoth|68/100|[from] item: Leftovers
|-sideend|p2: feivelfury|move: Aurora Veil
|upkeep
|turn|14
|
|t:|1756467801
|move|p2a: Frosmoth|Tera Blast|p1a: Gholdengo|[anim] Tera Blast Water
|-resisted|p1a: Gholdengo
|-damage|p1a: Gholdengo|0 fnt
|faint|p1a: Gholdengo
|
|win|feivelfury
|raw|ginopollo's rating: 1066 → 1047(-19 for losing)
|raw|feivelfury's rating: 1089 → 1114(+25 for winning)
|l|☆ginopollo
|player|p1|
