|j|☆vipgames1m
|j|‽flyver33
|html|vipgames1mflyver33    
|uhtml|bestof|Game 2 of a best-of-3
|t:|1785768357
|gametype|doubles
|player|p1|vipgames1m|ghetsis|
|player|p2|flyver33|n|
|gen|9
|tier|[Gen 9 Champions] VGC 2026 Reg M-B (Bo3)
|rule|Species Clause: Limit one of each Pokémon
|rule|Item Clause: Limit 1 of each item
|clearpoke
|poke|p1|Zoroark, L50, M, shiny|
|poke|p1|Tinkaton, L50, F, shiny|
|poke|p1|Toucannon, L50, F, shiny|
|poke|p1|Runerigus, L50, F, shiny|
|poke|p1|Slowbro, L50, F, shiny|
|poke|p1|Abomasnow, L50, M, shiny|
|poke|p2|Zoroark, L50, F|
|poke|p2|Simipour, L50, M|
|poke|p2|Emboar, L50, M|
|poke|p2|Abomasnow, L50, M|
|poke|p2|Mr. Rime, L50, F|
|poke|p2|Runerigus, L50, F|
|teampreview|4
|showteam|p1|Zoroark||FocusSash|Illusion|NastyPlot,DarkPulse,Extrasensory,Flamethrower|Timid||M|||50|]Tinkaton||LightClay|MoldBreaker|FakeOut,Reflect,LightScreen,GigatonHammer|Adamant||F|||50|]Toucannon||IronBall|SkillLink|HelpingHand,Protect,BraveBird,BulletSeed|Brave||F|||50|]Runerigus||WideLens|WanderingSpirit|TrickRoom,Earthquake,Poltergeist,RockSlide|Brave||F|||50|]Slowbro||SitrusBerry|Regenerator|Blizzard,Scald,Protect,TrickRoom|Quiet||F|||50|]Abomasnow||Abomasite|SnowWarning|EarthPower,Blizzard,AuroraVeil,GigaDrain|Quiet||M|||50|
|showteam|p2|Zoroark||ChoiceScarf|Illusion|Trick,Taunt,DarkPulse,Snarl|Modest||F|||50|]Simipour||MysticWater|Torrent|FakeOut,Blizzard,Scald,Protect|Quiet||M|||50|]Emboar||Emboarite|Reckless|BulkUp,WildCharge,FlareBlitz,DrainPunch|Brave||M|||50|]Abomasnow||Abomasite|SnowWarning|AuroraVeil,WoodHammer,IceShard,IceHammer|Brave||M|||50|]Mr. Rime||LifeOrb|IceBody|TrickRoom,Blizzard,Psychic,Protect|Quiet||F|||50|]Runerigus||MentalHerb|WanderingSpirit|TrickRoom,Earthquake,Poltergeist,WillOWisp|Brave||F|||50|
|
|t:|1785768442
|teamsize|p1|4
|teamsize|p2|4
|start
|switch|p1a: Artefact|Runerigus, L50, F, shiny|100/100
|switch|p1b: Kiula|Toucannon, L50, F, shiny|100/100
|switch|p2a: Simipour|Simipour, L50, M|100/100
|switch|p2b: Emboar|Emboar, L50, M|100/100
|turn|1
|
|t:|1785768470
|detailschange|p2b: Emboar|Emboar-Mega, L50, M
|-mega|p2b: Emboar|Emboar|Emboarite
|-ability|p2b: Emboar|Mold Breaker
|move|p2a: Simipour|Fake Out|p1a: Artefact
|-damage|p1a: Artefact|82/100
|replace|p1a: Hidden true|Zoroark, L50, M, shiny
|-end|p1a: Hidden true|Illusion
|cant|p1a: Hidden true|flinch
|move|p2b: Emboar|Wild Charge|p1b: Kiula
|-supereffective|p1b: Kiula|1
|-crit|p1b: Kiula
|-damage|p1b: Kiula|0 fnt
|faint|p1b: Kiula
|-damage|p2b: Emboar|76/100|[from] Recoil
|
|upkeep
|
|t:|1785768483
|switch|p1b: Artefact|Runerigus, L50, F, shiny|100/100
|turn|2
|
|t:|1785768493
|move|p1a: Hidden true|Extrasensory|p2b: Emboar
|-supereffective|p2b: Emboar|1
|-damage|p2b: Emboar|33/100
|move|p2a: Simipour|Scald|p1b: Artefact
|-supereffective|p1b: Artefact|1
|-damage|p1b: Artefact|23/100
|move|p2b: Emboar|Drain Punch|p1a: Hidden true
|-supereffective|p1a: Hidden true|1
|-damage|p1a: Hidden true|0 fnt
|-heal|p2b: Emboar|61/100|[from] drain|[of] p1a: Hidden true
|faint|p1a: Hidden true
|move|p1b: Artefact|Trick Room|p1b: Artefact
|-fieldstart|move: Trick Room|[of] p1b: Artefact
|
|upkeep
|
|t:|1785768503
|switch|p1a: My first Mega|Abomasnow, L50, M, shiny|100/100
|-weather|Snowscape|[from] ability: Snow Warning|[of] p1a: My first Mega
|turn|3
|
|t:|1785768532
|switch|p2b: Abomasnow|Abomasnow, L50, M|100/100
|detailschange|p1a: My first Mega|Abomasnow-Mega, L50, M, shiny
|-mega|p1a: My first Mega|Abomasnow|Abomasite
|move|p1b: Artefact|Earthquake|p2b: Abomasnow|[spread] p1a,p2a,p2b
|-resisted|p1a: My first Mega|1
|-resisted|p2b: Abomasnow|1
|-damage|p1a: My first Mega|89/100
|-damage|p2a: Simipour|52/100
|-damage|p2b: Abomasnow|87/100
|move|p1a: My first Mega|Giga Drain|p2a: Simipour
|-supereffective|p2a: Simipour|1
|-damage|p2a: Simipour|0 fnt
|-heal|p1a: My first Mega|100/100|[from] drain|[of] p2a: Simipour
|faint|p2a: Simipour
|
|-weather|Snowscape|[upkeep]
|upkeep
|
|t:|1785768547
|switch|p2a: Mr. Rime|Mr. Rime, L50, F|100/100
|turn|4
|
|t:|1785768587
|move|p2a: Mr. Rime|Protect|p2a: Mr. Rime
|-singleturn|p2a: Mr. Rime|Protect
|move|p2b: Abomasnow|Ice Shard|p1b: Artefact
|-supereffective|p1b: Artefact|1
|-damage|p1b: Artefact|0 fnt
|faint|p1b: Artefact
|move|p1a: My first Mega|Blizzard|p2b: Abomasnow|[spread] p2b
|-activate|p2a: Mr. Rime|move: Protect
|-damage|p2b: Abomasnow|43/100
|
|-weather|Snowscape|[upkeep]
|upkeep
|turn|5
|
|t:|1785768606
|move|p1a: My first Mega|Blizzard|p2a: Mr. Rime|[spread] p2a,p2b
|-resisted|p2a: Mr. Rime|1
|-damage|p2a: Mr. Rime|75/100
|-damage|p2b: Abomasnow|0 fnt
|faint|p2b: Abomasnow
|move|p2a: Mr. Rime|Blizzard|p1a: My first Mega
|-damage|p1a: My first Mega|36/100
|-damage|p2a: Mr. Rime|65/100|[from] item: Life Orb
|
|-weather|Snowscape|[upkeep]
|-heal|p2a: Mr. Rime|71/100|[from] ability: Ice Body
|upkeep
|
|t:|1785768617
|switch|p2b: Emboar|Emboar-Mega, L50, M|61/100
|-ability|p2b: Emboar|Mold Breaker
|turn|6
|
|t:|1785768623
|move|p1a: My first Mega|Earth Power|p2b: Emboar
|-supereffective|p2b: Emboar|1
|-damage|p2b: Emboar|4/100
|-unboost|p2b: Emboar|spd|1
|move|p2a: Mr. Rime|Blizzard|p1a: My first Mega
|-damage|p1a: My first Mega|0 fnt
|faint|p1a: My first Mega
|-damage|p2a: Mr. Rime|61/100|[from] item: Life Orb
|
|win|flyver33
