|j|☆KatKraydel
|j|☆wittraid
|html|KatKraydelwittraid    
|uhtml|bestof|Game 1 of a best-of-3
|t:|1783530485
|gametype|doubles
|player|p1|KatKraydel|lebanne|
|player|p2|wittraid|169|
|gen|9
|tier|[Gen 9 Champions] VGC 2026 Reg M-B (Bo3)
|rule|Species Clause: Limit one of each Pokémon
|rule|Item Clause: Limit 1 of each item
|clearpoke
|poke|p1|Tyranitar, L50, F|
|poke|p1|Whimsicott, L50, M|
|poke|p1|Excadrill, L50, F|
|poke|p1|Kommo-o, L50, M|
|poke|p1|Venusaur, L50, M|
|poke|p1|Basculegion, L50, M|
|poke|p2|Pelipper, L50, F|
|poke|p2|Archaludon, L50, F|
|poke|p2|Swampert, L50, F|
|poke|p2|Sinistcha, L50|
|poke|p2|Kingambit, L50, M|
|poke|p2|Klefki, L50, M|
|teampreview|4
|showteam|p1|Tyranitar||Tyranitarite|SandStream|RockSlide,KnockOff,IcePunch,Protect|Adamant||F|||50|]Whimsicott||MentalHerb|Prankster|Moonblast,Tailwind,FakeTears,Protect|Bold||M|||50|]Excadrill||FocusSash|SandRush|HighHorsepower,IronHead,RockTomb,Protect|Adamant||F|||50|]Kommo-o||LifeOrb|Overcoat|ClangingScales,AuraSphere,FlashCannon,Protect|Modest||M|||50|]Venusaur||Venusaurite|Chlorophyll|EnergyBall,SludgeBomb,EarthPower,Protect|Modest||M|||50|]Basculegion||ChoiceScarf|Adaptability|WaveCrash,LastRespects,AquaJet,FlipTurn|Adamant||M|||50|
|showteam|p2|Pelipper||FocusSash|Drizzle|Hurricane,WeatherBall,Tailwind,Protect|Modest||F|||50|]Archaludon||Leftovers|Stamina|ElectroShot,Snarl,DragonPulse,Protect|Bold||F|||50|]Swampert||Swampertite|Damp|WaveCrash,HighHorsepower,IcePunch,Protect|Adamant||F|||50|]Sinistcha||SitrusBerry|Hospitality|RagePowder,TrickRoom,LifeDew,MatchaGotcha|Calm|||||50|]Kingambit||BlackGlasses|Defiant|IronHead,KowtowCleave,SuckerPunch,Protect|Adamant||M|||50|]Klefki||LightClay|Prankster|Reflect,LightScreen,RainDance,TrickRoom|Calm||M|||50|
|inactive|Battle timer is ON: inactive players will automatically lose when time's up. (requested by wittraid)
|c|☆wittraid|glhf
|inactive|wittraid has 60 seconds left.
|
|t:|1783530539
|teamsize|p1|4
|teamsize|p2|4
|start
|switch|p1a: Weeds|Venusaur, L50, M|100/100
|switch|p1b: fishing with you|Basculegion, L50, M|100/100
|switch|p2a: Pelipper|Pelipper, L50, F|100/100
|switch|p2b: Kingambit|Kingambit, L50, M|100/100
|-weather|RainDance|[from] ability: Drizzle|[of] p2a: Pelipper
|turn|1
|inactive|wittraid has 30 seconds left.
|
|t:|1783530566
|detailschange|p1a: Weeds|Venusaur-Mega, L50, M
|-mega|p1a: Weeds|Venusaur|Venusaurite
|move|p1b: fishing with you|Aqua Jet|p2a: Pelipper
|-resisted|p2a: Pelipper|1
|-damage|p2a: Pelipper|79/100
|move|p2b: Kingambit|Sucker Punch||[still]
|-fail|p2b: Kingambit
|move|p1a: Weeds|Energy Ball|p2a: Pelipper
|-damage|p2a: Pelipper|13/100
|-unboost|p2a: Pelipper|spd|1
|move|p2a: Pelipper|Hurricane|p1a: Weeds
|-supereffective|p1a: Weeds|1
|-damage|p1a: Weeds|18/100
|-start|p1a: Weeds|confusion
|
|-weather|RainDance|[upkeep]
|upkeep
|turn|2
|inactive|wittraid has 30 seconds left.
|inactive|wittraid has 20 seconds left.
|inactive|wittraid has 15 seconds left.
|inactive|wittraid has 10 seconds left.
|
|t:|1783530613
|switch|p1a: Boom Clap|Kommo-o, L50, M|100/100
|switch|p2a: Sinistcha|Sinistcha, L50|100/100
|move|p1b: fishing with you|Aqua Jet|p2a: Sinistcha
|-resisted|p2a: Sinistcha|1
|-damage|p2a: Sinistcha|81/100
|move|p2b: Kingambit|Sucker Punch||[still]
|-fail|p2b: Kingambit
|
|-weather|RainDance|[upkeep]
|upkeep
|turn|3
|inactive|wittraid has 30 seconds left.
|inactive|wittraid has 20 seconds left.
|
|t:|1783530652
|move|p2a: Sinistcha|Rage Powder|p2a: Sinistcha
|-singleturn|p2a: Sinistcha|move: Rage Powder
|move|p1b: fishing with you|Aqua Jet|p2a: Sinistcha
|-resisted|p2a: Sinistcha|1
|-damage|p2a: Sinistcha|63/100
|move|p1a: Boom Clap|Clanging Scales|p2a: Sinistcha|[spread] p2a,p2b
|-resisted|p2b: Kingambit|1
|-damage|p2a: Sinistcha|16/100
|-damage|p2b: Kingambit|77/100
|-enditem|p2a: Sinistcha|Sitrus Berry|[eat]
|-heal|p2a: Sinistcha|41/100|[from] item: Sitrus Berry
|-unboost|p1a: Boom Clap|def|1
|-damage|p1a: Boom Clap|90/100|[from] item: Life Orb
|move|p2b: Kingambit|Kowtow Cleave|p1b: fishing with you
|-supereffective|p1b: fishing with you|1
|-damage|p1b: fishing with you|0 fnt
|faint|p1b: fishing with you
|
|-weather|RainDance|[upkeep]
|upkeep
|
|t:|1783530665
|switch|p1b: Bounce Man|Whimsicott, L50, M|100/100
|turn|4
|inactive|wittraid has 30 seconds left.
|inactive|wittraid has 20 seconds left.
|inactive|wittraid has 15 seconds left.
|inactive|wittraid has 10 seconds left.
|inactive|wittraid has 5 seconds left.
|
|t:|1783530715
|move|p1b: Bounce Man|Fake Tears|p2a: Sinistcha
|-unboost|p2a: Sinistcha|spd|2
|move|p1a: Boom Clap|Clanging Scales|p2a: Sinistcha|[spread] p2a,p2b
|-resisted|p2b: Kingambit|1
|-damage|p2a: Sinistcha|0 fnt
|-damage|p2b: Kingambit|56/100
|faint|p2a: Sinistcha
|-unboost|p1a: Boom Clap|def|1
|-damage|p1a: Boom Clap|81/100|[from] item: Life Orb
|move|p2b: Kingambit|Iron Head|p1a: Boom Clap
|-damage|p1a: Boom Clap|6/100
|
|-weather|RainDance|[upkeep]
|upkeep
|
|t:|1783530728
|switch|p2a: Swampert|Swampert, L50, F|100/100
|turn|5
|
|t:|1783530738
|detailschange|p2a: Swampert|Swampert-Mega, L50, F
|-mega|p2a: Swampert|Swampert|Swampertite
|move|p1b: Bounce Man|Tailwind|p1b: Bounce Man
|-sidestart|p1: KatKraydel|move: Tailwind
|move|p2b: Kingambit|Sucker Punch|p1a: Boom Clap
|-resisted|p1a: Boom Clap|1
|-damage|p1a: Boom Clap|0 fnt
|faint|p1a: Boom Clap
|move|p2a: Swampert|Ice Punch|p1b: Bounce Man
|-supereffective|p1b: Bounce Man|1
|-crit|p1b: Bounce Man
|-damage|p1b: Bounce Man|14/100
|
|-weather|none
|upkeep
|-message|KatKraydel forfeited.
|
|win|wittraid
|l|☆KatKraydel
|player|p1|
||KatKraydel is ready for game 2.
