|j|☆gohan92
|j|☆Bigboyblue3451
|html|gohan92Bigboyblue3451    
|uhtml|bestof|Game 2 of a best-of-3
|t:|1756690109
|gametype|doubles
|player|p1|gohan92|2|1348
|player|p2|Bigboyblue3451|102|1328
|gen|9
|tier|[Gen 9] VGC 2025 Reg H (Bo3)
|rated|
|rule|Species Clause: Limit one of each Pokémon
|rule|Item Clause: Limit 1 of each item
|clearpoke
|poke|p1|Dragonite, L50, M|
|poke|p1|Kingambit, L50, F|
|poke|p1|Sneasler, L50, M|
|poke|p1|Rillaboom, L50, F|
|poke|p1|Ceruledge, L50, F|
|poke|p1|Gastrodon, L50, M|
|poke|p2|Archaludon, L50, F|
|poke|p2|Gholdengo, L50|
|poke|p2|Maushold, L50|
|poke|p2|Incineroar, L50, F|
|poke|p2|Pelipper, L50, F|
|poke|p2|Amoonguss, L50, F|
|teampreview|4
|showteam|p1|Dragonite||LoadedDice|Multiscale|ScaleShot,ExtremeSpeed,LowKick,Protect|||M|||50|,,,,,Fairy]Kingambit||AssaultVest|Defiant|KowtowCleave,IronHead,SuckerPunch,TeraBlast|||F|||50|,,,,,Flying]Sneasler||FocusSash|Unburden|FakeOut,CloseCombat,DireClaw,Coaching|||M|||50|,,,,,Ghost]Rillaboom||MiracleSeed|GrassySurge|FakeOut,WoodHammer,GrassyGlide,HighHorsepower|||F|||50|,,,,,Fire]Ceruledge||Leftovers|FlashFire|BitterBlade,ShadowSneak,BulkUp,Protect|||F|||50|,,,,,Grass]Gastrodon||SitrusBerry|StormDrain|EarthPower,IceBeam,ClearSmog,Protect|||M|||50|,,,,,Poison
|showteam|p2|Archaludon||AssaultVest|Stamina|ElectroShot,Snarl,DracoMeteor,BodyPress|||F|||50|,,,,,Bug]Gholdengo||LifeOrb|GoodasGold|MakeItRain,ShadowBall,NastyPlot,Protect||||||50|,,,,,Water]Maushold||WideLens|Technician|PopulationBomb,Taunt,FollowMe,Protect||||||50|,,,,,Ghost]Incineroar||SafetyGoggles|Intimidate|FakeOut,KnockOff,FlareBlitz,PartingShot|||F|||50|,,,,,Ghost]Pelipper||FocusSash|Drizzle|MuddyWater,Hurricane,Tailwind,Protect|||F|||50|,,,,,Stellar]Amoonguss||CovertCloak|Regenerator|Spore,PollenPuff,RagePowder,ClearSmog|||F|||50|,,,,,Psychic
|
|t:|1756690153
|teamsize|p1|4
|teamsize|p2|4
|start
|switch|p1a: Ceruledge|Ceruledge, L50, F|100/100
|switch|p1b: Sneasler|Sneasler, L50, M|100/100
|switch|p2a: Pelipper|Pelipper, L50, F|100/100
|switch|p2b: Archaludon|Archaludon, L50, F|100/100
|-weather|RainDance|[from] ability: Drizzle|[of] p2a: Pelipper
|turn|1
|
|t:|1756690172
|-terastallize|p1a: Ceruledge|Grass
|move|p1b: Sneasler|Fake Out|p2a: Pelipper
|-damage|p2a: Pelipper|83/100
|cant|p2a: Pelipper|flinch
|move|p1a: Ceruledge|Bulk Up|p1a: Ceruledge
|-boost|p1a: Ceruledge|atk|1
|-boost|p1a: Ceruledge|def|1
|move|p2b: Archaludon|Snarl|p1a: Ceruledge|[spread] p1a,p1b
|-resisted|p1b: Sneasler
|-damage|p1a: Ceruledge|88/100
|-damage|p1b: Sneasler|92/100
|-unboost|p1a: Ceruledge|spa|1
|-unboost|p1b: Sneasler|spa|1
|
|-weather|RainDance|[upkeep]
|-heal|p1a: Ceruledge|94/100|[from] item: Leftovers
|upkeep
|turn|2
|
|t:|1756690197
|move|p1a: Ceruledge|Shadow Sneak|p2a: Pelipper
|-damage|p2a: Pelipper|44/100
|move|p1b: Sneasler|Dire Claw|p2a: Pelipper
|-damage|p2a: Pelipper|0 fnt
|faint|p2a: Pelipper
|move|p2b: Archaludon|Electro Shot||[still]
|-prepare|p2b: Archaludon|Electro Shot
|-boost|p2b: Archaludon|spa|1
|-anim|p2b: Archaludon|Electro Shot|p1b: Sneasler
|-damage|p1b: Sneasler|15/100
|
|-weather|RainDance|[upkeep]
|-heal|p1a: Ceruledge|100/100|[from] item: Leftovers
|upkeep
|
|t:|1756690209
|switch|p2a: Incineroar|Incineroar, L50, F|100/100
|-ability|p2a: Incineroar|Intimidate|boost
|-unboost|p1a: Ceruledge|atk|1
|-unboost|p1b: Sneasler|atk|1
|turn|3
|
|t:|1756690241
|switch|p1b: Rillaboom|Rillaboom, L50, F|100/100
|-fieldstart|move: Grassy Terrain|[from] ability: Grassy Surge|[of] p1b: Rillaboom
|move|p1a: Ceruledge|Protect|p1a: Ceruledge
|-singleturn|p1a: Ceruledge|Protect
|move|p2a: Incineroar|Fake Out|p1b: Rillaboom
|-damage|p1b: Rillaboom|88/100
|move|p2b: Archaludon|Electro Shot||[still]
|-prepare|p2b: Archaludon|Electro Shot
|-boost|p2b: Archaludon|spa|1
|-anim|p2b: Archaludon|Electro Shot|p1b: Rillaboom
|-resisted|p1b: Rillaboom
|-crit|p1b: Rillaboom
|-damage|p1b: Rillaboom|23/100
|
|-weather|RainDance|[upkeep]
|-heal|p1b: Rillaboom|29/100|[from] Grassy Terrain
|upkeep
|turn|4
|
|t:|1756690271
|switch|p1a: Kingambit|Kingambit, L50, F|100/100
|move|p1b: Rillaboom|Fake Out|p2a: Incineroar
|-damage|p2a: Incineroar|87/100
|move|p2b: Archaludon|Body Press|p1b: Rillaboom
|-damage|p1b: Rillaboom|6/100
|cant|p2a: Incineroar|flinch
|
|-weather|RainDance|[upkeep]
|-heal|p1b: Rillaboom|12/100|[from] Grassy Terrain
|-heal|p2a: Incineroar|93/100|[from] Grassy Terrain
|upkeep
|turn|5
|
|t:|1756690293
|move|p1a: Kingambit|Sucker Punch||[still]
|-fail|p1a: Kingambit
|move|p1b: Rillaboom|High Horsepower|p2a: Incineroar
|-supereffective|p2a: Incineroar
|-damage|p2a: Incineroar|33/100
|move|p2b: Archaludon|Electro Shot||[still]
|-prepare|p2b: Archaludon|Electro Shot
|-boost|p2b: Archaludon|spa|1
|-anim|p2b: Archaludon|Electro Shot|p1a: Kingambit
|-damage|p1a: Kingambit|32/100
|move|p2a: Incineroar|Parting Shot|p1b: Rillaboom
|-unboost|p1b: Rillaboom|atk|1
|-unboost|p1b: Rillaboom|spa|1
|
|t:|1756690305
|switch|p2a: Amoonguss|Amoonguss, L50, F|100/100|[from] Parting Shot
|
|-weather|none
|-heal|p1b: Rillaboom|18/100|[from] Grassy Terrain
|-heal|p1a: Kingambit|37/100|[from] Grassy Terrain
|upkeep
|turn|6
|
|t:|1756690325
|switch|p1b: Ceruledge|Ceruledge, L50, F, tera:Grass|100/100
|move|p2b: Archaludon|Body Press|p1b: Ceruledge
|-damage|p1b: Ceruledge|73/100
|move|p1a: Kingambit|Kowtow Cleave|p2a: Amoonguss
|-damage|p2a: Amoonguss|59/100
|move|p2a: Amoonguss|Spore|p1a: Kingambit
|-status|p1a: Kingambit|slp|[from] move: Spore
|
|-heal|p1b: Ceruledge|79/100|[from] Grassy Terrain
|-heal|p1b: Ceruledge|85/100|[from] item: Leftovers
|-heal|p1a: Kingambit|43/100 slp|[from] Grassy Terrain
|-heal|p2a: Amoonguss|65/100|[from] Grassy Terrain
|upkeep
|turn|7
|
|t:|1756690342
|switch|p2a: Incineroar|Incineroar, L50, F|33/100
|-ability|p2a: Incineroar|Intimidate|boost
|-unboost|p1a: Kingambit|atk|1
|-ability|p1a: Kingambit|Defiant|boost
|-boost|p1a: Kingambit|atk|2
|-unboost|p1b: Ceruledge|atk|1
|move|p1b: Ceruledge|Protect|p1b: Ceruledge
|-singleturn|p1b: Ceruledge|Protect
|move|p2b: Archaludon|Body Press|p1a: Kingambit
|-supereffective|p1a: Kingambit
|-damage|p1a: Kingambit|0 fnt
|faint|p1a: Kingambit
|
|-heal|p1b: Ceruledge|92/100|[from] Grassy Terrain
|-heal|p1b: Ceruledge|98/100|[from] item: Leftovers
|-heal|p2a: Incineroar|39/100|[from] Grassy Terrain
|-fieldend|move: Grassy Terrain
|upkeep
|
|t:|1756690350
|switch|p1a: Rillaboom|Rillaboom, L50, F|18/100
|-fieldstart|move: Grassy Terrain|[from] ability: Grassy Surge|[of] p1a: Rillaboom
|turn|8
|
|t:|1756690361
|switch|p2a: Amoonguss|Amoonguss, L50, F|98/100
|move|p1a: Rillaboom|Fake Out|p2b: Archaludon
|-resisted|p2b: Archaludon
|-damage|p2b: Archaludon|96/100
|-ability|p2b: Archaludon|Stamina|boost
|-boost|p2b: Archaludon|def|1
|move|p1b: Ceruledge|Bulk Up|p1b: Ceruledge
|-boost|p1b: Ceruledge|atk|1
|-boost|p1b: Ceruledge|def|1
|cant|p2b: Archaludon|flinch
|
|-heal|p1b: Ceruledge|100/100|[from] Grassy Terrain
|-heal|p1a: Rillaboom|24/100|[from] Grassy Terrain
|-heal|p2b: Archaludon|100/100|[from] Grassy Terrain
|-heal|p2a: Amoonguss|100/100|[from] Grassy Terrain
|upkeep
|turn|9
|
|t:|1756690384
|switch|p2a: Incineroar|Incineroar, L50, F|39/100
|-ability|p2a: Incineroar|Intimidate|boost
|-unboost|p1a: Rillaboom|atk|1
|-unboost|p1b: Ceruledge|atk|1
|move|p1b: Ceruledge|Bitter Blade|p2a: Incineroar
|-resisted|p2a: Incineroar
|-damage|p2a: Incineroar|26/100
|move|p1a: Rillaboom|High Horsepower|p2a: Incineroar
|-supereffective|p2a: Incineroar
|-damage|p2a: Incineroar|0 fnt
|faint|p2a: Incineroar
|move|p2b: Archaludon|Draco Meteor|p1b: Ceruledge
|-damage|p1b: Ceruledge|0 fnt
|-unboost|p2b: Archaludon|spa|2
|faint|p1b: Ceruledge
|
|-heal|p1a: Rillaboom|31/100|[from] Grassy Terrain
|upkeep
|
|t:|1756690399
|switch|p1b: Sneasler|Sneasler, L50, M|15/100
|switch|p2a: Amoonguss|Amoonguss, L50, F|100/100
|turn|10
|-message|gohan92 forfeited.
|
|win|Bigboyblue3451
|raw|gohan92's rating: 1348 → 1327(-21 for losing)
|raw|Bigboyblue3451's rating: 1328 → 1349(+21 for winning)
|l|☆gohan92
|player|p1|
