|j|☆chlorinatedyopper
|j|☆KodeBeast0526
|html|chlorinatedyopperKodeBeast0526    
|uhtml|bestof|Game 1 of a best-of-3
|t:|1785442979
|gametype|doubles
|player|p1|chlorinatedyopper|266|1217
|player|p2|KodeBeast0526|hiker|1348
|gen|9
|tier|[Gen 9 Champions] VGC 2026 Reg M-B (Bo3)
|rated|
|rule|Species Clause: Limit one of each Pokémon
|rule|Item Clause: Limit 1 of each item
|clearpoke
|poke|p1|Gengar, L50, M|
|poke|p1|Swampert, L50, M|
|poke|p1|Incineroar, L50, F|
|poke|p1|Politoed, L50, F|
|poke|p1|Archaludon, L50, F|
|poke|p1|Vivillon, L50, F|
|poke|p2|Aerodactyl, L50, M|
|poke|p2|Kingambit, L50, M|
|poke|p2|Sylveon, L50, M|
|poke|p2|Garchomp, L50, M|
|poke|p2|Charizard, L50, M|
|poke|p2|Farigiraf, L50, M, shiny|
|teampreview|4
|showteam|p1|Gengar||Gengarite|CursedBody|ShadowBall,PerishSong,SludgeBomb,Protect|Timid||M|||50|]Swampert||Swampertite|Torrent|WaveCrash,Earthquake,IcePunch,Protect|Adamant||M|||50|]Incineroar||PasshoBerry|Intimidate|ThroatChop,PartingShot,FakeOut,Protect|Sassy||F|||50|]Politoed||SitrusBerry|Drizzle|WeatherBall,PerishSong,Encore,Protect|Calm||F|||50|]Archaludon||Leftovers|Stamina|DragonPulse,FlashCannon,ElectroShot,Protect|Bold||F|||50|]Vivillon||FocusSash|CompoundEyes|Hurricane,SleepPowder,RagePowder,Protect|Timid||F|||50|
|showteam|p2|Aerodactyl||Aerodactylite|Unnerve|RockSlide,IceFang,Tailwind,WideGuard|Jolly||M|||50|]Kingambit||FocusSash|Defiant|KowtowCleave,SuckerPunch,IronHead,LowKick|Adamant||M|||50|]Sylveon||FairyFeather|Pixilate|Detect,HyperVoice,HyperBeam,QuickAttack|Modest||M|||50|]Garchomp||LifeOrb|RoughSkin|Earthquake,DragonClaw,StompingTantrum,Protect|Jolly||M|||50|]Charizard||CharizarditeY|Blaze|Protect,HeatWave,SolarBeam,WeatherBall|Modest||M|||50|]Farigiraf||SitrusBerry|ArmorTail|Thunderbolt,PsychicNoise,TrickRoom,HelpingHand|Bold||M|||50|
|inactive|Battle timer is ON: inactive players will automatically lose when time's up. (requested by chlorinatedyopper)
|
|t:|1785443009
|teamsize|p1|4
|teamsize|p2|4
|start
|switch|p1a: Vivillon|Vivillon, L50, F|100/100
|switch|p1b: Big Pert|Swampert, L50, M|100/100
|switch|p2a: Aerodactyl|Aerodactyl, L50, M|100/100
|switch|p2b: Sylveon|Sylveon, L50, M|100/100
|-ability|p2a: Aerodactyl|Unnerve
|turn|1
|
|t:|1785443025
|switch|p1a: Politoed|Politoed, L50, F|100/100
|-weather|RainDance|[from] ability: Drizzle|[of] p1a: Politoed
|detailschange|p2a: Aerodactyl|Aerodactyl-Mega, L50, M
|-mega|p2a: Aerodactyl|Aerodactyl|Aerodactylite
|detailschange|p1b: Big Pert|Swampert-Mega, L50, M
|-mega|p1b: Big Pert|Swampert|Swampertite
|move|p2b: Sylveon|Quick Attack|p1a: Politoed
|-damage|p1a: Politoed|87/100
|move|p1b: Big Pert|Wave Crash|p2b: Sylveon
|-damage|p2b: Sylveon|0 fnt
|faint|p2b: Sylveon
|-damage|p1b: Big Pert|66/100|[from] Recoil
|move|p2a: Aerodactyl|Rock Slide|p1b: Big Pert|[spread] p1a
|-miss|p2a: Aerodactyl|p1b: Big Pert
|-damage|p1a: Politoed|62/100
|
|-weather|RainDance|[upkeep]
|upkeep
|
|t:|1785443038
|switch|p2b: Kingambit|Kingambit, L50, M|100/100
|turn|2
|
|t:|1785443049
|move|p2b: Kingambit|Sucker Punch|p1b: Big Pert
|-damage|p1b: Big Pert|28/100
|move|p1b: Big Pert|Wave Crash|p2a: Aerodactyl
|-supereffective|p2a: Aerodactyl|1
|-damage|p2a: Aerodactyl|0 fnt
|faint|p2a: Aerodactyl
|-damage|p1b: Big Pert|0 fnt|[from] Recoil
|faint|p1b: Big Pert
|move|p1a: Politoed|Weather Ball|p2b: Kingambit
|-damage|p2b: Kingambit|48/100
|
|-weather|RainDance|[upkeep]
|upkeep
|
|t:|1785443058
|switch|p2a: Garchomp|Garchomp, L50, M|100/100
|switch|p1b: Archaludon|Archaludon, L50, F|100/100
|turn|3
|
|t:|1785443075
|move|p2a: Garchomp|Dragon Claw|p1a: Politoed
|-crit|p1a: Politoed
|-damage|p1a: Politoed|0 fnt
|faint|p1a: Politoed
|-damage|p2a: Garchomp|90/100|[from] item: Life Orb
|move|p1b: Archaludon|Electro Shot||[still]
|-prepare|p1b: Archaludon|Electro Shot
|-boost|p1b: Archaludon|spa|1
|-anim|p1b: Archaludon|Electro Shot|p2b: Kingambit
|-damage|p2b: Kingambit|0 fnt
|faint|p2b: Kingambit
|
|-weather|RainDance|[upkeep]
|upkeep
|
|t:|1785443086
|switch|p1a: Vivillon|Vivillon, L50, F|100/100
|turn|4
|
|t:|1785443093
|move|p1b: Archaludon|Protect|p1b: Archaludon
|-singleturn|p1b: Archaludon|Protect
|move|p2a: Garchomp|Dragon Claw|p1a: Vivillon
|-enditem|p1a: Vivillon|Focus Sash
|-damage|p1a: Vivillon|1/100
|-damage|p2a: Garchomp|80/100|[from] item: Life Orb
|move|p1a: Vivillon|Sleep Powder|p2a: Garchomp
|-status|p2a: Garchomp|slp|[from] move: Sleep Powder
|
|-weather|RainDance|[upkeep]
|upkeep
|turn|5
|
|t:|1785443104
|cant|p2a: Garchomp|slp
|move|p1a: Vivillon|Hurricane|p2a: Garchomp
|-damage|p2a: Garchomp|32/100 slp
|move|p1b: Archaludon|Dragon Pulse|p2a: Garchomp
|-supereffective|p2a: Garchomp|1
|-damage|p2a: Garchomp|0 fnt
|faint|p2a: Garchomp
|
|win|chlorinatedyopper
