|j|☆mattmoosegoose
|j|☆swooshcel
|html|mattmoosegooseswooshcel    
|uhtml|bestof|Game 3 of a best-of-3
|t:|1783920024
|gametype|doubles
|player|p1|mattmoosegoose|ghetsis-gen5bw|
|player|p2|swooshcel|2|
|gen|9
|tier|[Gen 9 Champions] VGC 2026 Reg M-B (Bo3)
|rule|Species Clause: Limit one of each Pokémon
|rule|Item Clause: Limit 1 of each item
|clearpoke
|poke|p1|Tyranitar, L50, M|
|poke|p1|Metagross, L50, shiny|
|poke|p1|Staraptor, L50, F|
|poke|p1|Typhlosion-Hisui, L50, F|
|poke|p1|Overqwil, L50, M, shiny|
|poke|p1|Farigiraf, L50, F|
|poke|p2|Sinistcha-Masterpiece, L50|
|poke|p2|Basculegion, L50, M|
|poke|p2|Corviknight, L50, F|
|poke|p2|Glimmora, L50, M|
|poke|p2|Aurorus, L50, M|
|poke|p2|Froslass, L50, F|
|teampreview|4
|showteam|p1|Tyranitar||Tyranitarite|SandStream|Earthquake,Protect,Superpower,FireFang|Brave||M|||50|]Metagross||Metagrossite|ClearBody|Earthquake,MeteorMash,Protect,BulletPunch|Jolly|||||50|]Staraptor||Staraptite|Intimidate|CloseCombat,Tailwind,BraveBird,Protect|Jolly||F|||50|]Typhlosion-Hisui||ChoiceScarf|Blaze|Flamethrower,FireBlast,Protect,Eruption|Timid||F|||50|]Overqwil||LifeOrb|SwiftSwim|Crunch,SludgeWave,IceBeam,Liquidation|Naughty||M|||50|]Farigiraf||LightClay|ArmorTail|TrickRoom,Psychic,LightScreen,ThunderWave|Sassy||F|||50|
|showteam|p2|Sinistcha-Masterpiece||SitrusBerry|Hospitality|MatchaGotcha,Scald,TrickRoom,RagePowder|Timid|||||50|]Basculegion||ChoiceScarf|Adaptability|IceFang,WaveCrash,LastRespects,FlipTurn|Jolly||M|||50|]Corviknight||FocusSash|Pressure|BraveBird,BodyPress,Tailwind,IronDefense|Impish||F|||50|]Glimmora||Glimmoranite|ToxicDebris|PowerGem,Protect,SludgeWave,Explosion|Modest||M|||50|]Aurorus||LightClay|SnowWarning|AuroraVeil,Blizzard,FlashCannon,Encore|Bold||M|||50|]Froslass||Froslassite|SnowCloak|Blizzard,Protect,NastyPlot,ShadowBall|Modest||F|||50|
|
|t:|1783920052
|teamsize|p1|4
|teamsize|p2|4
|start
|switch|p1a: Staraptor|Staraptor, L50, F|100/100
|switch|p1b: Typhlosion|Typhlosion-Hisui, L50, F|100/100
|switch|p2a: aurora veil slave|Aurorus, L50, M|100/100
|switch|p2b: jarona|Sinistcha-Masterpiece, L50|100/100
|-ability|p1a: Staraptor|Intimidate|boost
|-unboost|p2a: aurora veil slave|atk|1
|-unboost|p2b: jarona|atk|1
|-weather|Snowscape|[from] ability: Snow Warning|[of] p2a: aurora veil slave
|turn|1
|
|t:|1783920104
|switch|p2b: roland|Basculegion, L50, M|100/100
|move|p1b: Typhlosion|Fire Blast|p2b: roland|[miss]
|-miss|p1b: Typhlosion|p2b: roland
|move|p1a: Staraptor|Brave Bird|p2b: roland
|-damage|p2b: roland|21/100
|-damage|p1a: Staraptor|68/100|[from] Recoil
|move|p2a: aurora veil slave|Aurora Veil|p2a: aurora veil slave
|-sidestart|p2: swooshcel|move: Aurora Veil
|
|-weather|Snowscape|[upkeep]
|upkeep
|turn|2
|
|t:|1783920134
|switch|p1b: 6 pt goat|Overqwil, L50, M, shiny|100/100
|move|p2b: roland|Last Respects|p1b: 6 pt goat
|-resisted|p1b: 6 pt goat|1
|-damage|p1b: 6 pt goat|80/100
|move|p1a: Staraptor|Tailwind|p1a: Staraptor
|-sidestart|p1: mattmoosegoose|move: Tailwind
|move|p2a: aurora veil slave|Blizzard|p1b: 6 pt goat|[spread] p1a,p1b
|-supereffective|p1a: Staraptor|1
|-damage|p1a: Staraptor|0 fnt
|-damage|p1b: 6 pt goat|28/100
|faint|p1a: Staraptor
|
|-weather|Snowscape|[upkeep]
|upkeep
|
|t:|1783920148
|switch|p1a: Metagross|Metagross, L50, shiny|100/100
|turn|3
|
|t:|1783920194
|switch|p2b: jarona|Sinistcha-Masterpiece, L50|100/100
|detailschange|p1a: Metagross|Metagross-Mega, L50, shiny
|-mega|p1a: Metagross|Metagross|Metagrossite
|move|p1a: Metagross|Bullet Punch|p2b: jarona
|-damage|p2b: jarona|81/100
|move|p1b: 6 pt goat|Liquidation|p2a: aurora veil slave
|-supereffective|p2a: aurora veil slave|1
|-damage|p2a: aurora veil slave|73/100
|-damage|p1b: 6 pt goat|18/100|[from] item: Life Orb
|move|p2a: aurora veil slave|Blizzard|p1a: Metagross|[spread] p1a,p1b
|-resisted|p1a: Metagross|1
|-damage|p1a: Metagross|86/100
|-damage|p1b: 6 pt goat|0 fnt
|faint|p1b: 6 pt goat
|
|-weather|Snowscape|[upkeep]
|upkeep
|
|t:|1783920208
|switch|p1b: Typhlosion|Typhlosion-Hisui, L50, F|100/100
|turn|4
|
|t:|1783920226
|switch|p2b: roland|Basculegion, L50, M|21/100
|move|p1b: Typhlosion|Eruption|p2a: aurora veil slave|[spread] p2a,p2b
|-resisted|p2b: roland|1
|-damage|p2a: aurora veil slave|46/100
|-damage|p2b: roland|2/100
|move|p1a: Metagross|Meteor Mash|p2a: aurora veil slave
|-supereffective|p2a: aurora veil slave|2
|-damage|p2a: aurora veil slave|0 fnt
|-boost|p1a: Metagross|atk|1
|faint|p2a: aurora veil slave
|
|-weather|Snowscape|[upkeep]
|upkeep
|
|t:|1783920239
|switch|p2a: rime shank|Froslass, L50, F|100/100
|turn|5
|
|t:|1783920248
|detailschange|p2a: rime shank|Froslass-Mega, L50, F
|-mega|p2a: rime shank|Froslass|Froslassite
|move|p1b: Typhlosion|Eruption|p2b: roland|[spread] p2a,p2b
|-supereffective|p2a: rime shank|1
|-resisted|p2b: roland|1
|-damage|p2a: rime shank|7/100
|-damage|p2b: roland|0 fnt
|faint|p2b: roland
|move|p1a: Metagross|Meteor Mash|p2a: rime shank
|-supereffective|p2a: rime shank|1
|-damage|p2a: rime shank|0 fnt
|faint|p2a: rime shank
|
|-weather|none
|-sideend|p1: mattmoosegoose|move: Tailwind
|upkeep
|
|t:|1783920269
|switch|p2b: jarona|Sinistcha-Masterpiece, L50|81/100
|turn|6
|
|t:|1783920276
|move|p1b: Typhlosion|Eruption|p2b: jarona
|-supereffective|p2b: jarona|1
|-damage|p2b: jarona|0 fnt
|faint|p2b: jarona
|
|win|mattmoosegoose
