|j|☆hp_45
|j|☆NerdConsultant
|html|hp_45NerdConsultant    
|uhtml|bestof|Game 1 of a best-of-3
|t:|1756458340
|gametype|doubles
|player|p1|hp_45|101|1083
|player|p2|NerdConsultant|roxie|1148
|gen|9
|tier|[Gen 9] VGC 2025 Reg H (Bo3)
|rated|
|rule|Species Clause: Limit one of each Pokémon
|rule|Item Clause: Limit 1 of each item
|clearpoke
|poke|p1|Bronzong, L50|
|poke|p1|Incineroar, L50, M|
|poke|p1|Amoonguss, L50, F|
|poke|p1|Primarina, L50, F|
|poke|p1|Ursaluna, L50, M|
|poke|p1|Gholdengo, L50|
|poke|p2|Kingambit, L50, M|
|poke|p2|Rillaboom, L50, M|
|poke|p2|Archaludon, L50, F|
|poke|p2|Basculegion, L50, M|
|poke|p2|Electabuzz, L50, M|
|poke|p2|Pelipper, L50, M|
|teampreview|4
|showteam|p1|Bronzong||CovertCloak|Levitate|TrickRoom,IceSpinner,GyroBall,Reflect||||||50|,,,,,Electric]Incineroar||SafetyGoggles|Intimidate|FakeOut,PartingShot,FlareBlitz,KnockOff|||M|||50|,,,,,Ghost]Amoonguss||SitrusBerry|Regenerator|Protect,Spore,RagePowder,PollenPuff|||F|||50|,,,,,Fairy]Primarina||LifeOrb|Torrent|Protect,HyperVoice,Moonblast,Haze|||F|||50|,,,,,Steel]Ursaluna||FlameOrb|Guts|Protect,Earthquake,Facade,HeadlongRush|||M|||50|,,,,,Dragon]Gholdengo||ChoiceSpecs|GoodasGold|MakeItRain,ShadowBall,Thunderbolt,DazzlingGleam||||||50|,,,,,Normal
|showteam|p2|Kingambit||BlackGlasses|Defiant|KowtowCleave,SwordsDance,SuckerPunch,Protect|||M|||50|,,,,,Dark]Rillaboom||LoadedDice|GrassySurge|HighHorsepower,GrassyGlide,BulletSeed,FakeOut|||M|||50|,,,,,Fire]Archaludon||AssaultVest|Stamina|ElectroShot,BodyPress,DracoMeteor,FlashCannon|||F|||50|,,,,,Bug]Basculegion||ChoiceBand|SwiftSwim|WaveCrash,AquaJet,LastRespects,FlipTurn|||M|||50|,,,,,Grass]Electabuzz||Eviolite|VitalSpirit|Electroweb,Taunt,FollowMe,Protect|||M|||50|,,,,,Ghost]Pelipper||FocusSash|Drizzle|Tailwind,WeatherBall,Hurricane,Protect|||M|||50|,,,,,Ghost
|inactive|Battle timer is ON: inactive players will automatically lose when time's up. (requested by hp_45)
|
|t:|1756458390
|teamsize|p1|4
|teamsize|p2|4
|start
|switch|p1a: Bronzong|Bronzong, L50|100/100
|switch|p1b: Amoonguss|Amoonguss, L50, F|100/100
|switch|p2a: Basculegion|Basculegion, L50, M|100/100
|switch|p2b: Electabuzz|Electabuzz, L50, M|100/100
|turn|1
|inactive|hp_45 has 30 seconds left.
|
|t:|1756458416
|switch|p2b: Pelipper|Pelipper, L50, M|100/100
|-weather|RainDance|[from] ability: Drizzle|[of] p2b: Pelipper
|-terastallize|p2a: Basculegion|Grass
|move|p1b: Amoonguss|Rage Powder|p1b: Amoonguss
|-singleturn|p1b: Amoonguss|move: Rage Powder
|move|p2a: Basculegion|Wave Crash|p1a: Bronzong
|-damage|p1a: Bronzong|0 fnt
|faint|p1a: Bronzong
|-damage|p2a: Basculegion|75/100|[from] Recoil
|
|-weather|RainDance|[upkeep]
|upkeep
|inactive|hp_45 has 30 seconds left.
|
|t:|1756458443
|switch|p1a: Ursaluna|Ursaluna, L50, M|100/100
|turn|2
|
|t:|1756458458
|switch|p2a: Electabuzz|Electabuzz, L50, M|100/100
|switch|p1b: Gholdengo|Gholdengo, L50|100/100
|move|p1a: Ursaluna|Protect|p1a: Ursaluna
|-singleturn|p1a: Ursaluna|Protect
|move|p2b: Pelipper|Hurricane|p1b: Gholdengo
|-resisted|p1b: Gholdengo
|-damage|p1b: Gholdengo|76/100
|
|-weather|RainDance|[upkeep]
|-status|p1a: Ursaluna|brn|[from] item: Flame Orb
|upkeep
|turn|3
|inactive|hp_45 has 30 seconds left.
|
|t:|1756458485
|-terastallize|p1a: Ursaluna|Dragon
|move|p2a: Electabuzz|Electroweb|p1b: Gholdengo|[spread] p1a,p1b
|-resisted|p1a: Ursaluna
|-damage|p1a: Ursaluna|96/100 brn
|-damage|p1b: Gholdengo|63/100
|-unboost|p1a: Ursaluna|spe|1
|-unboost|p1b: Gholdengo|spe|1
|move|p2b: Pelipper|Weather Ball|p1a: Ursaluna
|-resisted|p1a: Ursaluna
|-damage|p1a: Ursaluna|70/100 brn
|move|p1b: Gholdengo|Make It Rain|p2a: Electabuzz|[spread] p2a,p2b
|-resisted|p2a: Electabuzz
|-resisted|p2b: Pelipper
|-damage|p2a: Electabuzz|71/100
|-damage|p2b: Pelipper|34/100
|-unboost|p1b: Gholdengo|spa|1
|move|p1a: Ursaluna|Facade|p2a: Electabuzz
|-damage|p2a: Electabuzz|0 fnt
|faint|p2a: Electabuzz
|
|-weather|RainDance|[upkeep]
|-damage|p1a: Ursaluna|64/100 brn|[from] brn
|upkeep
|
|t:|1756458507
|switch|p2a: Kingambit|Kingambit, L50, M|100/100
|turn|4
|
|t:|1756458517
|switch|p1b: Amoonguss|Amoonguss, L50, F|100/100
|move|p2b: Pelipper|Hurricane|p1a: Ursaluna
|-damage|p1a: Ursaluna|22/100 brn
|move|p2a: Kingambit|Kowtow Cleave|p1b: Amoonguss
|-damage|p1b: Amoonguss|46/100
|-enditem|p1b: Amoonguss|Sitrus Berry|[eat]
|-heal|p1b: Amoonguss|71/100|[from] item: Sitrus Berry
|move|p1a: Ursaluna|Earthquake|p2b: Pelipper|[spread] p1b,p2a
|-immune|p2b: Pelipper
|-supereffective|p2a: Kingambit
|-damage|p1b: Amoonguss|11/100
|-damage|p2a: Kingambit|9/100
|
|-weather|RainDance|[upkeep]
|-damage|p1a: Ursaluna|16/100 brn|[from] brn
|upkeep
|turn|5
|inactive|hp_45 has 30 seconds left.
|
|t:|1756458543
|switch|p1b: Gholdengo|Gholdengo, L50|63/100
|move|p2b: Pelipper|Tailwind|p2b: Pelipper
|-sidestart|p2: NerdConsultant|move: Tailwind
|move|p2a: Kingambit|Kowtow Cleave|p1b: Gholdengo
|-supereffective|p1b: Gholdengo
|-damage|p1b: Gholdengo|0 fnt
|faint|p1b: Gholdengo
|move|p1a: Ursaluna|Facade|p2a: Kingambit
|-resisted|p2a: Kingambit
|-damage|p2a: Kingambit|0 fnt
|faint|p2a: Kingambit
|
|-weather|none
|-damage|p1a: Ursaluna|10/100 brn|[from] brn
|upkeep
|
|t:|1756458559
|switch|p1b: Amoonguss|Amoonguss, L50, F|44/100
|switch|p2a: Basculegion|Basculegion, L50, M, tera:Grass|75/100
|turn|6
|
|t:|1756458575
|move|p1b: Amoonguss|Rage Powder|p1b: Amoonguss
|-singleturn|p1b: Amoonguss|move: Rage Powder
|move|p2a: Basculegion|Last Respects|p1a: Ursaluna
|-damage|p1a: Ursaluna|0 fnt
|faint|p1a: Ursaluna
|move|p2b: Pelipper|Hurricane|p1b: Amoonguss
|-supereffective|p1b: Amoonguss
|-damage|p1b: Amoonguss|0 fnt
|faint|p1b: Amoonguss
|
|win|NerdConsultant
||NerdConsultant is ready for game 2.
|inactive|hp_45 has 30 seconds to confirm battle start!
||hp_45 is ready for game 2.
|uhtml|next|Next: Game 2 of 3
