|j|☆natsukivgc
|j|☆ultima10
|html|natsukivgcultima10    
|uhtml|bestof|Game 3 of a best-of-3
|t:|1785426232
|gametype|doubles
|player|p1|natsukivgc|265|1057
|player|p2|ultima10|266|1043
|gen|9
|tier|[Gen 9 Champions] VGC 2026 Reg M-B (Bo3)
|rated|
|rule|Species Clause: Limit one of each Pokémon
|rule|Item Clause: Limit 1 of each item
|clearpoke
|poke|p1|Charizard, L50, F|
|poke|p1|Sneasler, L50, M|
|poke|p1|Kingambit, L50, M|
|poke|p1|Dragonite, L50, F|
|poke|p1|Floette-Eternal, L50, F|
|poke|p1|Whimsicott, L50, F|
|poke|p2|Froslass, L50, F|
|poke|p2|Scovillain, L50, F|
|poke|p2|Basculegion, L50, M|
|poke|p2|Sneasler, L50, M|
|poke|p2|Pelipper, L50, F|
|poke|p2|Lycanroc-Dusk, L50, F|
|teampreview|4
|showteam|p1|Charizard||CharizarditeY|Blaze|HeatWave,SolarBeam,WeatherBall,Protect|Modest||F|||50|]Sneasler||WhiteHerb|Unburden|CloseCombat,DireClaw,FakeOut,Coaching|Jolly||M|||50|]Kingambit||BlackGlasses|Defiant|KowtowCleave,SuckerPunch,SwordsDance,Protect|Adamant||M|||50|]Dragonite||LifeOrb|InnerFocus|DragonClaw,LowKick,ExtremeSpeed,Protect|Adamant||F|||50|]Floette-Eternal||Floettite|FlowerVeil|Moonblast,DazzlingGleam,LightofRuin,Protect|Modest||F|||50|]Whimsicott||FocusSash|Prankster|Moonblast,Tailwind,Encore,Protect|Timid||F|||50|
|showteam|p2|Froslass||Froslassite|SnowCloak|Blizzard,ShadowBall,AuroraVeil,Protect|Modest||F|||50|]Scovillain||Scovillainite|Insomnia|Overheat,GigaDrain,RagePowder,Protect|Bold||F|||50|]Basculegion||SitrusBerry|Adaptability|LastRespects,WaveCrash,AquaJet,Protect|Adamant||M|||50|]Sneasler||WhiteHerb|Unburden|CloseCombat,GunkShot,FakeOut,Protect|Adamant||M|||50|]Pelipper||Leftovers|Drizzle|Hurricane,Tailwind,WeatherBall,Protect|Bold||F|||50|]Lycanroc-Dusk||FocusSash|ToughClaws|Accelerock,CloseCombat,RockSlide,Protect|Adamant||F|||50|
|
|t:|1785426272
|teamsize|p1|4
|teamsize|p2|4
|start
|switch|p1a: Whimsicott|Whimsicott, L50, F|100/100
|switch|p1b: Floette|Floette-Eternal, L50, F|100/100
|switch|p2a: Sneasler|Sneasler, L50, M|100/100
|switch|p2b: Pelipper|Pelipper, L50, F|100/100
|-weather|RainDance|[from] ability: Drizzle|[of] p2b: Pelipper
|turn|1
|
|t:|1785426302
|switch|p1b: Dragonite|Dragonite, L50, F|100/100
|move|p1a: Whimsicott|Protect|p1a: Whimsicott
|-singleturn|p1a: Whimsicott|Protect
|move|p2a: Sneasler|Gunk Shot|p1a: Whimsicott
|-activate|p1a: Whimsicott|move: Protect
|move|p2b: Pelipper|Tailwind|p2b: Pelipper
|-sidestart|p2: ultima10|move: Tailwind
|
|-weather|RainDance|[upkeep]
|upkeep
|turn|2
|
|t:|1785426360
|move|p1a: Whimsicott|Tailwind|p1a: Whimsicott
|-sidestart|p1: natsukivgc|move: Tailwind
|move|p2a: Sneasler|Gunk Shot|p1a: Whimsicott
|-supereffective|p1a: Whimsicott|2
|-enditem|p1a: Whimsicott|Focus Sash
|-damage|p1a: Whimsicott|1/100
|move|p1b: Dragonite|Dragon Claw|p2a: Sneasler
|-damage|p2a: Sneasler|0 fnt
|faint|p2a: Sneasler
|-damage|p1b: Dragonite|90/100|[from] item: Life Orb
|move|p2b: Pelipper|Weather Ball|p1a: Whimsicott
|-resisted|p1a: Whimsicott|1
|-damage|p1a: Whimsicott|0 fnt
|faint|p1a: Whimsicott
|
|-weather|RainDance|[upkeep]
|upkeep
|
|t:|1785426381
|switch|p1a: Floette|Floette-Eternal, L50, F|100/100
|switch|p2a: Scovillain|Scovillain, L50, F|100/100
|turn|3
|
|t:|1785426419
|detailschange|p1a: Floette|Floette-Mega, L50, F
|-mega|p1a: Floette|Floette|Floettite
|-ability|p1a: Floette|Fairy Aura
|detailschange|p2a: Scovillain|Scovillain-Mega, L50, F
|-mega|p2a: Scovillain|Scovillain|Scovillainite
|move|p1a: Floette|Dazzling Gleam|p2a: Scovillain|[spread] p2a,p2b
|-resisted|p2a: Scovillain|1
|-damage|p2a: Scovillain|75/100
|-damage|p2b: Pelipper|36/100
|-status|p1a: Floette|brn|[from] ability: Spicy Spray|[of] p2a: Scovillain
|move|p1b: Dragonite|Dragon Claw|p2a: Scovillain
|-damage|p2a: Scovillain|21/100
|-status|p1b: Dragonite|brn|[from] ability: Spicy Spray|[of] p2a: Scovillain
|-damage|p1b: Dragonite|81/100 brn|[from] item: Life Orb
|move|p2b: Pelipper|Hurricane|p1a: Floette
|-damage|p1a: Floette|68/100 brn
|move|p2a: Scovillain|Overheat|p1a: Floette
|-damage|p1a: Floette|43/100 brn
|-unboost|p2a: Scovillain|spa|2
|
|-weather|RainDance|[upkeep]
|-heal|p2b: Pelipper|42/100|[from] item: Leftovers
|-damage|p1a: Floette|38/100 brn|[from] brn
|-damage|p1b: Dragonite|74/100 brn|[from] brn
|upkeep
|turn|4
|
|t:|1785426467
|move|p2b: Pelipper|Protect|p2b: Pelipper
|-singleturn|p2b: Pelipper|Protect
|move|p2a: Scovillain|Protect|p2a: Scovillain
|-singleturn|p2a: Scovillain|Protect
|move|p1a: Floette|Dazzling Gleam|p2b: Pelipper|[spread] 
|-activate|p2a: Scovillain|move: Protect
|-activate|p2b: Pelipper|move: Protect
|move|p1b: Dragonite|Dragon Claw|p2a: Scovillain
|-activate|p2a: Scovillain|move: Protect
|
|-weather|RainDance|[upkeep]
|-heal|p2b: Pelipper|48/100|[from] item: Leftovers
|-damage|p1a: Floette|32/100 brn|[from] brn
|-damage|p1b: Dragonite|68/100 brn|[from] brn
|-sideend|p2: ultima10|move: Tailwind
|upkeep
|turn|5
|
|t:|1785426486
|move|p2a: Scovillain|Rage Powder|p2a: Scovillain
|-singleturn|p2a: Scovillain|move: Rage Powder
|move|p1a: Floette|Dazzling Gleam|p2b: Pelipper|[spread] p2a,p2b
|-resisted|p2a: Scovillain|1
|-damage|p2a: Scovillain|0 fnt
|-damage|p2b: Pelipper|0 fnt
|faint|p2a: Scovillain
|faint|p2b: Pelipper
|move|p1b: Dragonite|Dragon Claw|p2: Scovillain|[notarget]
|-fail|p1b: Dragonite
|
|-weather|none
|-damage|p1a: Floette|26/100 brn|[from] brn
|-damage|p1b: Dragonite|62/100 brn|[from] brn
|-sideend|p1: natsukivgc|move: Tailwind
|upkeep
|
|t:|1785426500
|switch|p2a: Basculegion|Basculegion, L50, M|100/100
|turn|6
|
|t:|1785426517
|move|p2a: Basculegion|Aqua Jet|p1a: Floette
|-damage|p1a: Floette|0 fnt
|faint|p1a: Floette
|move|p1b: Dragonite|Dragon Claw|p2a: Basculegion
|-damage|p2a: Basculegion|62/100
|-damage|p1b: Dragonite|53/100 brn|[from] item: Life Orb
|
|-damage|p1b: Dragonite|46/100 brn|[from] brn
|upkeep
|
|t:|1785426533
|switch|p1a: Kingambit|Kingambit, L50, M|100/100
|turn|7
|
|t:|1785426545
|move|p2a: Basculegion|Aqua Jet|p1b: Dragonite
|-resisted|p1b: Dragonite|1
|-damage|p1b: Dragonite|31/100 brn
|move|p1a: Kingambit|Sucker Punch||[still]
|-fail|p1a: Kingambit
|move|p1b: Dragonite|Dragon Claw|p2a: Basculegion
|-damage|p2a: Basculegion|26/100
|-enditem|p2a: Basculegion|Sitrus Berry|[eat]
|-heal|p2a: Basculegion|50/100g|[from] item: Sitrus Berry
|-damage|p1b: Dragonite|21/100 brn|[from] item: Life Orb
|
|-damage|p1b: Dragonite|15/100 brn|[from] brn
|upkeep
|turn|8
|
|t:|1785426559
|move|p2a: Basculegion|Aqua Jet|p1b: Dragonite
|-resisted|p1b: Dragonite|1
|-damage|p1b: Dragonite|1/100 brn
|move|p1a: Kingambit|Sucker Punch||[still]
|-fail|p1a: Kingambit
|move|p1b: Dragonite|Dragon Claw|p2a: Basculegion
|-damage|p2a: Basculegion|17/100
|-damage|p1b: Dragonite|0 fnt|[from] item: Life Orb
|faint|p1b: Dragonite
|
|upkeep
|turn|9
|
|t:|1785426584
|move|p2a: Basculegion|Last Respects|p1a: Kingambit
|-resisted|p1a: Kingambit|1
|-damage|p1a: Kingambit|46/100
|move|p1a: Kingambit|Kowtow Cleave|p2a: Basculegion
|-supereffective|p2a: Basculegion|1
|-damage|p2a: Basculegion|0 fnt
|faint|p2a: Basculegion
|
|win|natsukivgc
|raw|natsukivgc's rating: 1057 → 1087(+30 for winning)
|raw|ultima10's rating: 1043 → 1027(-16 for losing)
