|j|☆Cotton999
|j|☆ZilverZurfer
|html|Cotton999ZilverZurfer    
|uhtml|bestof|Game 3 of a best-of-3
|t:|1757629841
|gametype|doubles
|player|p1|Cotton999|giovanni|1000
|player|p2|ZilverZurfer|2|1115
|gen|9
|tier|[Gen 9] VGC 2025 Reg H (Bo3)
|rated|
|rule|Species Clause: Limit one of each Pokémon
|rule|Item Clause: Limit 1 of each item
|clearpoke
|poke|p1|Tyranitar, L50, F|
|poke|p1|Bronzong, L50|
|poke|p1|Excadrill, L50, M|
|poke|p1|Sinistcha-Masterpiece, L50|
|poke|p1|Incineroar, L50, M|
|poke|p1|Ursaluna, L50, F|
|poke|p2|Torkoal, L50, F|
|poke|p2|Lilligant-Hisui, L50, F|
|poke|p2|Indeedee-F, L50, F|
|poke|p2|Hatterene, L50, F|
|poke|p2|Gallade, L50, M|
|poke|p2|Ursaluna, L50, F|
|teampreview|4
|showteam|p1|Tyranitar||AssaultVest|SandStream|KnockOff,RockSlide,LowKick,TeraBlast|||F|||50|,,,,,Flying]Bronzong||MentalHerb|Levitate|TrickRoom,Gravity,Hypnosis,Protect||||||50|,,,,,Dark]Excadrill||ChoiceBand|SandRush|BrickBreak,IronHead,HighHorsepower,XScissor|||M|||50|,,,,,Dragon]Sinistcha-Masterpiece||SitrusBerry|Hospitality|MatchaGotcha,Protect,LifeDew,RagePowder||||||50|,,,,,Water]Incineroar||SafetyGoggles|Intimidate|FakeOut,FlareBlitz,PartingShot,Protect|||M|||50|,,,,,Ghost]Ursaluna||FlameOrb|Guts|Earthquake,Facade,CloseCombat,Protect|||F|||50|,,,,,Water
|showteam|p2|Torkoal||ChoiceSpecs|Drought|Eruption,HeatWave,EarthPower,WeatherBall|||F|||50|,,,,,Fire]Lilligant-Hisui||FocusSash|Chlorophyll|Protect,AfterYou,CloseCombat,SolarBlade|||F|||50|,,,,,Ghost]Indeedee-F||PsychicSeed|PsychicSurge|Psychic,HelpingHand,TrickRoom,FollowMe|||F|||50|,,,,,Water]Hatterene||LifeOrb|MagicBounce|Protect,ExpandingForce,DazzlingGleam,TrickRoom|||F|||50|,,,,,Fire]Gallade||ClearAmulet|Sharpness|SacredSword,PsychoCut,TrickRoom,WideGuard|||M|||50|,,,,,Grass]Ursaluna||FlameOrb|Guts|Protect,HeadlongRush,Earthquake,Facade|||F|||50|,,,,,Ghost
|inactive|Battle timer is ON: inactive players will automatically lose when time's up. (requested by Cotton999)
|
|t:|1757629868
|teamsize|p1|4
|teamsize|p2|4
|start
|switch|p1a: Incineroar|Incineroar, L50, M|100/100
|switch|p1b: Ursaluna|Ursaluna, L50, F|100/100
|switch|p2a: Indeedee|Indeedee-F, L50, F|100/100
|switch|p2b: Gallade|Gallade, L50, M|100/100
|-fieldstart|move: Psychic Terrain|[from] ability: Psychic Surge|[of] p2a: Indeedee
|-enditem|p2a: Indeedee|Psychic Seed
|-boost|p2a: Indeedee|spd|1|[from] item: Psychic Seed
|-ability|p1a: Incineroar|Intimidate|boost
|-unboost|p2a: Indeedee|atk|1
|-fail|p2b: Gallade|unboost|[from] item: Clear Amulet|[of] p2b: Gallade
|turn|1
|inactive|Cotton999 has 30 seconds left.
|inactive|ZilverZurfer has 30 seconds left.
|inactive|ZilverZurfer has 20 seconds left.
|inactive|Cotton999 has 20 seconds left.
|inactive|Cotton999 has 15 seconds left.
|inactive|Cotton999 has 10 seconds left.
|inactive|Cotton999 has 5 seconds left.
|inactive|ZilverZurfer has 15 seconds left.
|
|t:|1757629932
|move|p1b: Ursaluna|Protect|p1b: Ursaluna
|-singleturn|p1b: Ursaluna|Protect
|move|p2b: Gallade|Sacred Sword|p1a: Incineroar
|-supereffective|p1a: Incineroar
|-damage|p1a: Incineroar|0 fnt
|faint|p1a: Incineroar
|move|p2a: Indeedee|Trick Room|p2a: Indeedee
|-fieldstart|move: Trick Room|[of] p2a: Indeedee
|
|-status|p1b: Ursaluna|brn|[from] item: Flame Orb
|upkeep
|
|t:|1757629941
|switch|p1a: Tyranitar|Tyranitar, L50, F|100/100
|-weather|Sandstorm|[from] ability: Sand Stream|[of] p1a: Tyranitar
|turn|2
|
|t:|1757629955
|-terastallize|p1a: Tyranitar|Flying
|move|p2a: Indeedee|Follow Me|p2a: Indeedee
|-singleturn|p2a: Indeedee|move: Follow Me
|move|p1b: Ursaluna|Earthquake|p2a: Indeedee|[spread] p2a,p2b
|-immune|p1a: Tyranitar
|-damage|p2a: Indeedee|34/100
|-damage|p2b: Gallade|9/100
|move|p1a: Tyranitar|Rock Slide|p2a: Indeedee|[spread] p2a
|-miss|p1a: Tyranitar|p2b: Gallade
|-damage|p2a: Indeedee|8/100
|move|p2b: Gallade|Psycho Cut|p1b: Ursaluna
|-damage|p1b: Ursaluna|44/100 brn
|
|-weather|Sandstorm|[upkeep]
|-damage|p1a: Tyranitar|95/100|[from] Sandstorm
|-damage|p2b: Gallade|2/100|[from] Sandstorm
|-damage|p2a: Indeedee|2/100|[from] Sandstorm
|-damage|p1b: Ursaluna|38/100 brn|[from] brn
|upkeep
|turn|3
|inactive|Cotton999 has 30 seconds left.
|
|t:|1757629983
|move|p2b: Gallade|Wide Guard|p2b: Gallade
|-singleturn|p2b: Gallade|Wide Guard
|move|p1b: Ursaluna|Earthquake|p2b: Gallade|[spread] 
|-activate|p2a: Indeedee|move: Wide Guard
|-activate|p2b: Gallade|move: Wide Guard
|-immune|p1a: Tyranitar
|move|p1a: Tyranitar|Rock Slide|p2b: Gallade|[spread] 
|-activate|p2a: Indeedee|move: Wide Guard
|-activate|p2b: Gallade|move: Wide Guard
|move|p2a: Indeedee|Psychic|p1a: Tyranitar
|-damage|p1a: Tyranitar|74/100
|
|-weather|Sandstorm|[upkeep]
|-damage|p1a: Tyranitar|68/100|[from] Sandstorm
|-damage|p2b: Gallade|0 fnt|[from] Sandstorm
|-damage|p2a: Indeedee|0 fnt|[from] Sandstorm
|faint|p2b: Gallade
|faint|p2a: Indeedee
|-damage|p1b: Ursaluna|33/100 brn|[from] brn
|upkeep
|
|t:|1757629997
|switch|p2b: Ursaluna|Ursaluna, L50, F|100/100
|switch|p2a: Torkoal|Torkoal, L50, F|100/100
|-weather|SunnyDay|[from] ability: Drought|[of] p2a: Torkoal
|turn|4
|inactive|Cotton999 has 30 seconds left.
|
|t:|1757630024
|switch|p1a: Excadrill|Excadrill, L50, M|100/100
|-terastallize|p2a: Torkoal|Fire
|move|p1b: Ursaluna|Protect|p1b: Ursaluna
|-singleturn|p1b: Ursaluna|Protect
|move|p2a: Torkoal|Eruption|p1a: Excadrill|[spread] p1a
|-activate|p1b: Ursaluna|move: Protect
|-supereffective|p1a: Excadrill
|-damage|p1a: Excadrill|0 fnt
|faint|p1a: Excadrill
|move|p2b: Ursaluna|Facade|p1b: Ursaluna
|-activate|p1b: Ursaluna|move: Protect
|
|-weather|SunnyDay|[upkeep]
|-damage|p1b: Ursaluna|27/100 brn|[from] brn
|-status|p2b: Ursaluna|brn|[from] item: Flame Orb
|upkeep
|
|t:|1757630036
|switch|p1a: Tyranitar|Tyranitar, L50, F, tera:Flying|68/100
|-weather|Sandstorm|[from] ability: Sand Stream|[of] p1a: Tyranitar
|turn|5
|
|t:|1757630054
|move|p2a: Torkoal|Eruption|p1b: Ursaluna|[spread] p1a,p1b
|-damage|p1a: Tyranitar|17/100
|-damage|p1b: Ursaluna|0 fnt
|faint|p1b: Ursaluna
|move|p2b: Ursaluna|Facade|p1a: Tyranitar
|-damage|p1a: Tyranitar|0 fnt
|faint|p1a: Tyranitar
|
|win|ZilverZurfer
|raw|Cotton999's rating: 1000 → 1000(+0 for losing)
|raw|ZilverZurfer's rating: 1115 → 1132(+17 for winning)
