|j|☆Destinyherostratos
|j|☆Slackermaru
|html|DestinyherostratosSlackermaru    
|uhtml|bestof|Game 3 of a best-of-3
|t:|1754663687
|gametype|doubles
|player|p1|Destinyherostratos|1|1220
|player|p2|Slackermaru|workerice|1361
|gen|9
|tier|[Gen 9] VGC 2025 Reg H (Bo3)
|rated|
|rule|Species Clause: Limit one of each Pokémon
|rule|Item Clause: Limit 1 of each item
|clearpoke
|poke|p1|Gothitelle, L50, F|
|poke|p1|Kingambit, L50, M|
|poke|p1|Politoed, L50, F|
|poke|p1|Kingdra, L50, M|
|poke|p1|Amoonguss, L50, F|
|poke|p1|Incineroar, L50, F|
|poke|p2|Porygon2, L50|
|poke|p2|Hydreigon, L50, M|
|poke|p2|Incineroar, L50, M|
|poke|p2|Amoonguss, L50, M|
|poke|p2|Gholdengo, L50|
|poke|p2|Sneasler, L50, F|
|teampreview|4
|showteam|p1|Gothitelle||SitrusBerry|ShadowTag|Protect,Psychic,FakeOut,TrickRoom|||F|||50|,,,,,Dark]Kingambit||BlackGlasses|Defiant|Protect,KowtowCleave,SuckerPunch,SwordsDance|||M|||50|,,,,,Fairy]Politoed||Leftovers|Drizzle|Protect,PerishSong,Encore,WeatherBall|||F|||50|,,,,,Grass]Kingdra||LifeOrb|SwiftSwim|Protect,WeatherBall,DracoMeteor,MuddyWater|||M|||50|,,,,,Water]Amoonguss||RockyHelmet|Regenerator|Protect,Spore,RagePowder,PollenPuff|||F|||50|,,,,,Fairy]Incineroar||SafetyGoggles|Intimidate|Protect,KnockOff,PartingShot,FakeOut|||F|||50|,,,,,Bug
|showteam|p2|Porygon2||Eviolite|Download|TeraBlast,IceBeam,TrickRoom,Recover||||||50|,,,,,Fighting]Hydreigon||SafetyGoggles|Levitate|Snarl,DracoMeteor,Tailwind,Protect|||M|||50|,,,,,Ghost]Incineroar||SitrusBerry|Intimidate|FlareBlitz,KnockOff,PartingShot,FakeOut|||M|||50|,,,,,Grass]Amoonguss||CovertCloak|Regenerator|PollenPuff,Spore,RagePowder,Protect|||M|||50|,,,,,Fire]Gholdengo||MetalCoat|GoodasGold|MakeItRain,ShadowBall,NastyPlot,Protect||||||50|,,,,,Flying]Sneasler||FocusSash|PoisonTouch|CloseCombat,DireClaw,FakeOut,Protect|||F|||50|,,,,,Ghost
|
|t:|1754663724
|teamsize|p1|4
|teamsize|p2|4
|start
|switch|p1a: Kingambit|Kingambit, L50, M|100/100
|switch|p1b: Amoonguss|Amoonguss, L50, F|100/100
|switch|p2a: Sneasler|Sneasler, L50, F|100/100
|switch|p2b: Amoonguss|Amoonguss, L50, M, shiny|100/100
|turn|1
|
|t:|1754663750
|move|p2a: Sneasler|Protect|p2a: Sneasler
|-singleturn|p2a: Sneasler|Protect
|move|p1a: Kingambit|Swords Dance|p1a: Kingambit
|-boost|p1a: Kingambit|atk|2
|move|p1b: Amoonguss|Spore|p2a: Sneasler
|-activate|p2a: Sneasler|move: Protect
|move|p2b: Amoonguss|Spore|p1a: Kingambit
|-status|p1a: Kingambit|slp|[from] move: Spore
|
|upkeep
|turn|2
|
|t:|1754663772
|switch|p2a: Gholdengo|Gholdengo, L50|100/100
|switch|p2b: Incineroar|Incineroar, L50, M, shiny|100/100
|-ability|p2b: Incineroar|Intimidate|boost
|-unboost|p1a: Kingambit|atk|1
|-ability|p1a: Kingambit|Defiant|boost
|-boost|p1a: Kingambit|atk|2
|-unboost|p1b: Amoonguss|atk|1
|move|p1b: Amoonguss|Rage Powder|p1b: Amoonguss
|-singleturn|p1b: Amoonguss|move: Rage Powder
|cant|p1a: Kingambit|slp
|
|upkeep
|turn|3
|
|t:|1754663811
|switch|p1b: Politoed|Politoed, L50, F|100/100
|-weather|RainDance|[from] ability: Drizzle|[of] p1b: Politoed
|-terastallize|p2b: Incineroar|Grass
|move|p2b: Incineroar|Flare Blitz|p1a: Kingambit
|-supereffective|p1a: Kingambit
|-damage|p1a: Kingambit|66/100 slp
|-damage|p2b: Incineroar|88/100|[from] Recoil
|move|p2a: Gholdengo|Make It Rain|p1b: Politoed|[spread] p1a,p1b
|-resisted|p1a: Kingambit
|-resisted|p1b: Politoed
|-damage|p1a: Kingambit|38/100 slp
|-damage|p1b: Politoed|81/100
|-unboost|p2a: Gholdengo|spa|1
|cant|p1a: Kingambit|slp
|
|-weather|RainDance|[upkeep]
|-heal|p1b: Politoed|87/100|[from] item: Leftovers
|upkeep
|turn|4
|
|t:|1754663843
|move|p2b: Incineroar|Flare Blitz|p1a: Kingambit
|-supereffective|p1a: Kingambit
|-damage|p1a: Kingambit|2/100 slp
|-damage|p2b: Incineroar|76/100|[from] Recoil
|move|p2a: Gholdengo|Make It Rain|p1b: Politoed|[spread] p1a,p1b
|-resisted|p1a: Kingambit
|-crit|p1a: Kingambit
|-resisted|p1b: Politoed
|-damage|p1a: Kingambit|0 fnt
|-damage|p1b: Politoed|73/100
|-unboost|p2a: Gholdengo|spa|1
|faint|p1a: Kingambit
|move|p1b: Politoed|Weather Ball|p2a: Gholdengo
|-damage|p2a: Gholdengo|53/100
|
|-weather|RainDance|[upkeep]
|-heal|p1b: Politoed|79/100|[from] item: Leftovers
|upkeep
|
|t:|1754663858
|switch|p1a: Kingdra|Kingdra, L50, M|100/100
|turn|5
|
|t:|1754663884
|switch|p2b: Amoonguss|Amoonguss, L50, M, shiny|100/100
|move|p1a: Kingdra|Muddy Water|p2a: Gholdengo|[spread] p2a,p2b
|-resisted|p2b: Amoonguss
|-damage|p2a: Gholdengo|0 fnt
|-damage|p2b: Amoonguss|77/100
|faint|p2a: Gholdengo
|-damage|p1a: Kingdra|91/100|[from] item: Life Orb
|move|p1b: Politoed|Weather Ball|p2b: Amoonguss
|-resisted|p2b: Amoonguss
|-damage|p2b: Amoonguss|61/100
|
|-weather|RainDance|[upkeep]
|-heal|p1b: Politoed|85/100|[from] item: Leftovers
|upkeep
|
|t:|1754663900
|switch|p2a: Sneasler|Sneasler, L50, F|100/100
|turn|6
|
|t:|1754663921
|switch|p1b: Amoonguss|Amoonguss, L50, F|100/100
|move|p1a: Kingdra|Protect|p1a: Kingdra
|-singleturn|p1a: Kingdra|Protect
|move|p2a: Sneasler|Dire Claw|p1a: Kingdra
|-activate|p1a: Kingdra|move: Protect
|move|p2b: Amoonguss|Pollen Puff|p1a: Kingdra
|-activate|p1a: Kingdra|move: Protect
|
|-weather|RainDance|[upkeep]
|upkeep
|turn|7
|
|t:|1754663943
|move|p2a: Sneasler|Protect|p2a: Sneasler
|-singleturn|p2a: Sneasler|Protect
|move|p1b: Amoonguss|Rage Powder|p1b: Amoonguss
|-singleturn|p1b: Amoonguss|move: Rage Powder
|move|p1a: Kingdra|Draco Meteor|p2b: Amoonguss
|-damage|p2b: Amoonguss|7/100
|-unboost|p1a: Kingdra|spa|2
|-damage|p1a: Kingdra|81/100|[from] item: Life Orb
|move|p2b: Amoonguss|Spore|p1a: Kingdra
|-status|p1a: Kingdra|slp|[from] move: Spore
|
|-weather|none
|upkeep
|turn|8
|
|t:|1754663963
|switch|p2b: Incineroar|Incineroar, L50, M, shiny, tera:Grass|76/100
|-ability|p2b: Incineroar|Intimidate|boost
|-unboost|p1a: Kingdra|atk|1
|-unboost|p1b: Amoonguss|atk|1
|move|p2a: Sneasler|Close Combat|p1a: Kingdra
|-damage|p1a: Kingdra|0 fnt
|-unboost|p2a: Sneasler|def|1
|-unboost|p2a: Sneasler|spd|1
|faint|p1a: Kingdra
|move|p1b: Amoonguss|Spore|p2a: Sneasler
|-status|p2a: Sneasler|slp|[from] move: Spore
|
|upkeep
|
|t:|1754663974
|switch|p1a: Politoed|Politoed, L50, F|85/100
|-weather|RainDance|[from] ability: Drizzle|[of] p1a: Politoed
|turn|9
|
|t:|1754663989
|move|p2b: Incineroar|Fake Out|p1a: Politoed
|-damage|p1a: Politoed|72/100
|cant|p2a: Sneasler|slp
|cant|p1a: Politoed|flinch
|move|p1b: Amoonguss|Pollen Puff|p2a: Sneasler
|-resisted|p2a: Sneasler
|-damage|p2a: Sneasler|92/100 slp
|
|-weather|RainDance|[upkeep]
|-heal|p1a: Politoed|78/100|[from] item: Leftovers
|upkeep
|turn|10
|
|t:|1754664008
|switch|p2a: Amoonguss|Amoonguss, L50, M, shiny|41/100
|move|p2b: Incineroar|Parting Shot|p1a: Politoed
|-unboost|p1a: Politoed|atk|1
|-unboost|p1a: Politoed|spa|1
|
|t:|1754664013
|switch|p2b: Sneasler|Sneasler, L50, F|92/100 slp|[from] Parting Shot
|move|p1a: Politoed|Weather Ball|p2a: Amoonguss
|-resisted|p2a: Amoonguss
|-damage|p2a: Amoonguss|27/100
|move|p1b: Amoonguss|Pollen Puff|p2a: Amoonguss
|-damage|p2a: Amoonguss|13/100
|
|-weather|RainDance|[upkeep]
|-heal|p1a: Politoed|84/100|[from] item: Leftovers
|upkeep
|turn|11
|
|t:|1754664042
|switch|p2a: Incineroar|Incineroar, L50, M, shiny, tera:Grass|76/100
|-ability|p2a: Incineroar|Intimidate|boost
|-unboost|p1a: Politoed|atk|1
|-unboost|p1b: Amoonguss|atk|1
|-curestatus|p2b: Sneasler|slp|[msg]
|move|p2b: Sneasler|Dire Claw|p1a: Politoed
|-damage|p1a: Politoed|43/100
|-status|p1a: Politoed|psn|[from] ability: Poison Touch|[of] p2b: Sneasler
|move|p1a: Politoed|Weather Ball|p2b: Sneasler
|-crit|p2b: Sneasler
|-damage|p2b: Sneasler|0 fnt
|faint|p2b: Sneasler
|move|p1b: Amoonguss|Pollen Puff|p2a: Incineroar
|-supereffective|p2a: Incineroar
|-damage|p2a: Incineroar|41/100
|-enditem|p2a: Incineroar|Sitrus Berry|[eat]
|-heal|p2a: Incineroar|66/100|[from] item: Sitrus Berry
|
|-weather|RainDance|[upkeep]
|-heal|p1a: Politoed|49/100 psn|[from] item: Leftovers
|-damage|p1a: Politoed|37/100 psn|[from] psn
|upkeep
|
|t:|1754664062
|switch|p2b: Amoonguss|Amoonguss, L50, M, shiny|46/100
|turn|12
|
|t:|1754664083
|move|p2a: Incineroar|Knock Off|p1a: Politoed
|-damage|p1a: Politoed|0 fnt
|-enditem|p1a: Politoed|Leftovers|[from] move: Knock Off|[of] p2a: Incineroar
|faint|p1a: Politoed
|move|p1b: Amoonguss|Pollen Puff|p2b: Amoonguss
|-damage|p2b: Amoonguss|32/100
|move|p2b: Amoonguss|Pollen Puff|p2a: Incineroar
|-heal|p2a: Incineroar|100/100
|
|-weather|RainDance|[upkeep]
|upkeep
|turn|13
|
|t:|1754664097
|move|p2a: Incineroar|Knock Off|p1b: Amoonguss
|-damage|p1b: Amoonguss|64/100
|-damage|p2a: Incineroar|84/100|[from] item: Rocky Helmet|[of] p1b: Amoonguss
|-enditem|p1b: Amoonguss|Rocky Helmet|[from] move: Knock Off|[of] p2a: Incineroar
|move|p1b: Amoonguss|Pollen Puff|p2b: Amoonguss
|-damage|p2b: Amoonguss|17/100
|move|p2b: Amoonguss|Pollen Puff|p2a: Incineroar
|-heal|p2a: Incineroar|100/100
|
|-weather|none
|upkeep
|turn|14
|-message|Destinyherostratos forfeited.
|raw|Destinyherostratos's rating: 1220 → 1205(-15 for losing)
|raw|Slackermaru's rating: 1361 → 1373(+12 for winning)
|
|win|Slackermaru
|l|☆Destinyherostratos
|player|p1|
