|j|☆epicbluedude
|j|☆lettitripppp
|html|epicbluedudelettitripppp    
|uhtml|bestof|Game 1 of a best-of-3
|t:|1783032965
|gametype|doubles
|player|p1|epicbluedude|101|1151
|player|p2|lettitripppp|lucas|1199
|gen|9
|tier|[Gen 9 Champions] VGC 2026 Reg M-B (Bo3)
|rated|
|rule|Species Clause: Limit one of each Pokémon
|rule|Item Clause: Limit 1 of each item
|clearpoke
|poke|p1|Mawile, L50, F|
|poke|p1|Torkoal, L50, M|
|poke|p1|Incineroar, L50, F|
|poke|p1|Farigiraf, L50, M|
|poke|p1|Araquanid, L50, M|
|poke|p1|Rotom-Wash, L50|
|poke|p2|Scovillain, L50, F|
|poke|p2|Swampert, L50, M|
|poke|p2|Archaludon, L50, F|
|poke|p2|Grimmsnarl, L50, M|
|poke|p2|Pelipper, L50, M|
|poke|p2|Weavile, L50, F|
|teampreview|4
|showteam|p1|Mawile||Mawilite|HyperCutter|IronHead,PlayRough,SuckerPunch,Protect|Brave||F|||50|]Torkoal||Charcoal|Drought|Eruption,Overheat,HelpingHand,Protect|Quiet||M|||50|]Incineroar||ChopleBerry|Intimidate|FlareBlitz,FakeOut,ThroatChop,PartingShot|Brave||F|||50|]Farigiraf||ColburBerry|ArmorTail|Protect,TrickRoom,Psychic,HyperVoice|Sassy||M|||50|]Araquanid||MysticWater|WaterBubble|SkitterSmack,Liquidation,LeechLife,WideGuard|Brave||M|||50|]Rotom-Wash||ChoiceScarf|Levitate|HydroPump,WillOWisp,Thunderbolt,VoltSwitch|Modest|||||50|
|showteam|p2|Scovillain||Scovillainite|Chlorophyll|RagePowder,GigaDrain,Overheat,Protect|Bold||F|||50|]Swampert||Swampertite|Torrent|WaveCrash,Earthquake,IcePunch,Protect|Adamant||M|||50|]Archaludon||Leftovers|Stamina|FlashCannon,DragonPulse,ElectroShot,Protect|Calm||F|||50|]Grimmsnarl||LightClay|Prankster|LightScreen,PartingShot,FoulPlay,Reflect|Bold||M|||50|]Pelipper||LifeOrb|Drizzle|WeatherBall,WideGuard,Hurricane,Tailwind|Timid||M|||50|]Weavile||FocusSash|Pressure|UpperHand,IceSpinner,RainDance,FakeOut|Jolly||F|||50|
|inactive|Battle timer is ON: inactive players will automatically lose when time's up. (requested by lettitripppp)
|inactive|epicbluedude also wants the timer to be on.
|inactive|lettitripppp has 60 seconds left.
|
|t:|1783033006
|teamsize|p1|4
|teamsize|p2|4
|start
|switch|p1a: Farigiraf|Farigiraf, L50, M|100/100
|switch|p1b: Incineroar|Incineroar, L50, F|100/100
|switch|p2a: JESTER WALL|Grimmsnarl, L50, M|100/100
|switch|p2b: BIG BRIDGE|Archaludon, L50, F|100/100
|-ability|p1b: Incineroar|Intimidate|boost
|-unboost|p2a: JESTER WALL|atk|1
|-unboost|p2b: BIG BRIDGE|atk|1
|turn|1
|inactive|epicbluedude has 30 seconds left.
|
|t:|1783033036
|switch|p2a: PELI-RAIN|Pelipper, L50, M|100/100
|-weather|RainDance|[from] ability: Drizzle|[of] p2a: PELI-RAIN
|move|p2b: BIG BRIDGE|Electro Shot||[still]
|-prepare|p2b: BIG BRIDGE|Electro Shot
|-boost|p2b: BIG BRIDGE|spa|1
|-anim|p2b: BIG BRIDGE|Electro Shot|p1a: Farigiraf
|-damage|p1a: Farigiraf|52/100
|move|p1b: Incineroar|Parting Shot|p2b: BIG BRIDGE
|-unboost|p2b: BIG BRIDGE|atk|1
|-unboost|p2b: BIG BRIDGE|spa|1
|
|t:|1783033046
|switch|p1b: Torkoal|Torkoal, L50, M|100/100|[from] Parting Shot
|-weather|SunnyDay|[from] ability: Drought|[of] p1b: Torkoal
|move|p1a: Farigiraf|Trick Room|p1a: Farigiraf
|-fieldstart|move: Trick Room|[of] p1a: Farigiraf
|
|-weather|SunnyDay|[upkeep]
|upkeep
|turn|2
|
|t:|1783033058
|switch|p1a: Incineroar|Incineroar, L50, F|100/100
|-ability|p1a: Incineroar|Intimidate|boost
|-unboost|p2a: PELI-RAIN|atk|1
|-unboost|p2b: BIG BRIDGE|atk|1
|switch|p2a: JESTER WALL|Grimmsnarl, L50, M|100/100
|move|p2b: BIG BRIDGE|Protect|p2b: BIG BRIDGE
|-singleturn|p2b: BIG BRIDGE|Protect
|move|p1b: Torkoal|Eruption|p2b: BIG BRIDGE|[spread] p2a
|-activate|p2b: BIG BRIDGE|move: Protect
|-damage|p2a: JESTER WALL|13/100
|
|-weather|SunnyDay|[upkeep]
|upkeep
|turn|3
|
|t:|1783033075
|switch|p1b: Mawile|Mawile, L50, F|100/100
|switch|p2a: PELI-RAIN|Pelipper, L50, M|100/100
|-weather|RainDance|[from] ability: Drizzle|[of] p2a: PELI-RAIN
|move|p1a: Incineroar|Parting Shot|p2b: BIG BRIDGE
|-unboost|p2b: BIG BRIDGE|atk|1
|-unboost|p2b: BIG BRIDGE|spa|1
|
|t:|1783033084
|switch|p1a: Torkoal|Torkoal, L50, M|100/100|[from] Parting Shot
|-weather|SunnyDay|[from] ability: Drought|[of] p1a: Torkoal
|move|p2b: BIG BRIDGE|Electro Shot||[still]
|-prepare|p2b: BIG BRIDGE|Electro Shot
|-boost|p2b: BIG BRIDGE|spa|1
|
|-weather|SunnyDay|[upkeep]
|upkeep
|turn|4
|
|t:|1783033096
|switch|p1b: Incineroar|Incineroar, L50, F|100/100
|-ability|p1b: Incineroar|Intimidate|boost
|-unboost|p2a: PELI-RAIN|atk|1
|-unboost|p2b: BIG BRIDGE|atk|1
|move|p1a: Torkoal|Eruption|p2a: PELI-RAIN|[spread] p2a,p2b
|-resisted|p2a: PELI-RAIN|1
|-damage|p2a: PELI-RAIN|34/100
|-damage|p2b: BIG BRIDGE|26/100
|-ability|p2b: BIG BRIDGE|Stamina|boost
|-boost|p2b: BIG BRIDGE|def|1
|move|p2b: BIG BRIDGE|Electro Shot|p1a: Torkoal|[from] lockedmove
|-damage|p1a: Torkoal|55/100
|move|p2a: PELI-RAIN|Weather Ball|p1b: Incineroar
|-resisted|p1b: Incineroar|1
|-damage|p1b: Incineroar|78/100
|-damage|p2a: PELI-RAIN|25/100|[from] item: Life Orb
|
|-weather|SunnyDay|[upkeep]
|-heal|p2b: BIG BRIDGE|32/100|[from] item: Leftovers
|upkeep
|turn|5
|inactive|epicbluedude has 30 seconds left.
|inactive|lettitripppp has 30 seconds left.
|
|t:|1783033123
|switch|p2a: JESTER WALL|Grimmsnarl, L50, M|13/100
|move|p2b: BIG BRIDGE|Protect|p2b: BIG BRIDGE
|-singleturn|p2b: BIG BRIDGE|Protect
|move|p1a: Torkoal|Eruption|p2b: BIG BRIDGE|[spread] p2a
|-activate|p2b: BIG BRIDGE|move: Protect
|-damage|p2a: JESTER WALL|0 fnt
|faint|p2a: JESTER WALL
|move|p1b: Incineroar|Throat Chop|p2b: BIG BRIDGE
|-activate|p2b: BIG BRIDGE|move: Protect
|
|-weather|SunnyDay|[upkeep]
|-heal|p2b: BIG BRIDGE|38/100|[from] item: Leftovers
|-fieldend|move: Trick Room
|upkeep
|
|t:|1783033129
|switch|p2a: PELI-RAIN|Pelipper, L50, M|25/100
|-weather|RainDance|[from] ability: Drizzle|[of] p2a: PELI-RAIN
|turn|6
|
|t:|1783033142
|switch|p1a: Farigiraf|Farigiraf, L50, M|52/100
|move|p2a: PELI-RAIN|Weather Ball|p1b: Incineroar
|-supereffective|p1b: Incineroar|1
|-damage|p1b: Incineroar|0 fnt
|faint|p1b: Incineroar
|-damage|p2a: PELI-RAIN|15/100|[from] item: Life Orb
|move|p2b: BIG BRIDGE|Electro Shot||[still]
|-prepare|p2b: BIG BRIDGE|Electro Shot
|-boost|p2b: BIG BRIDGE|spa|1
|-anim|p2b: BIG BRIDGE|Electro Shot|p1a: Farigiraf
|-crit|p1a: Farigiraf
|-damage|p1a: Farigiraf|0 fnt
|faint|p1a: Farigiraf
|
|-weather|RainDance|[upkeep]
|-heal|p2b: BIG BRIDGE|44/100|[from] item: Leftovers
|upkeep
|
|t:|1783033149
|switch|p1a: Torkoal|Torkoal, L50, M|55/100
|switch|p1b: Mawile|Mawile, L50, F|100/100
|-weather|SunnyDay|[from] ability: Drought|[of] p1a: Torkoal
|turn|7
|
|t:|1783033158
|detailschange|p1b: Mawile|Mawile-Mega, L50, F
|-mega|p1b: Mawile|Mawile|Mawilite
|move|p2a: PELI-RAIN|Weather Ball|p1b: Mawile
|-supereffective|p1b: Mawile|1
|-damage|p1b: Mawile|0 fnt
|faint|p1b: Mawile
|-damage|p2a: PELI-RAIN|6/100|[from] item: Life Orb
|move|p2b: BIG BRIDGE|Dragon Pulse|p1a: Torkoal
|-damage|p1a: Torkoal|0 fnt
|faint|p1a: Torkoal
|
|win|lettitripppp
