|j|☆Phonx_Ghost
|j|‽ajin22
|html|Phonx_Ghostajin22    
|uhtml|bestof|Game 1 of a best-of-3
|t:|1784949044
|gametype|doubles
|player|p1|Phonx_Ghost|will|1103
|player|p2|ajin22|2|1104
|gen|9
|tier|[Gen 9 Champions] VGC 2026 Reg M-B (Bo3)
|rated|
|rule|Species Clause: Limit one of each Pokémon
|rule|Item Clause: Limit 1 of each item
|clearpoke
|poke|p1|Golurk, L50, shiny|
|poke|p1|Rotom-Wash, L50|
|poke|p1|Spiritomb, L50, M|
|poke|p1|Sinistcha-Masterpiece, L50|
|poke|p1|Mawile, L50, M, shiny|
|poke|p1|Sneasler, L50, M|
|poke|p2|Raichu, L50, M|
|poke|p2|Gholdengo, L50|
|poke|p2|Garchomp, L50, F|
|poke|p2|Incineroar, L50, F|
|poke|p2|Milotic, L50, F|
|poke|p2|Whimsicott, L50, F|
|teampreview|4
|showteam|p1|Golurk||Golurkite|IronFist|Poltergeist,Earthquake,IcePunch,Protect|Adamant|||||50|]Rotom-Wash||RindoBerry|Levitate|Discharge,HydroPump,Protect,DarkPulse|Modest|||||50|]Spiritomb||BlackGlasses|Infiltrator|TrickRoom,Snarl,Protect,WillOWisp|Modest||M|||50|]Sinistcha-Masterpiece||Leftovers|Hospitality|MatchaGotcha,Protect,LifeDew,Hex|Calm|||||50|]Mawile||Mawilite|Intimidate|IronHead,PlayRough,PsychicFangs,Protect|Careful||M|||50|]Sneasler||FocusSash|PoisonTouch|CloseCombat,DireClaw,UpperHand,QuickAttack|Adamant||M|||50|
|showteam|p2|Raichu||RaichuniteY|LightningRod|ZapCannon,FocusBlast,Protect,FakeOut|Timid||M|||50|]Gholdengo||SpellTag|GoodasGold|NastyPlot,ShadowBall,Protect,MakeItRain|Modest|||||50|]Garchomp||LifeOrb|RoughSkin|Earthquake,RockSlide,Protect,DragonClaw|Adamant||F|||50|]Incineroar||SitrusBerry|Intimidate|FakeOut,FlareBlitz,DarkestLariat,PartingShot|Impish||F|||50|]Milotic||Leftovers|Competitive|Coil,HydroPump,Hypnosis,Recover|Calm||F|||50|]Whimsicott||FocusSash|Prankster|Tailwind,Moonblast,Encore,Protect|Timid||F|||50|
|
|t:|1784949061
|teamsize|p1|4
|teamsize|p2|4
|start
|switch|p1a: Cynthia v2|Spiritomb, L50, M|100/100
|switch|p1b: Laraldo|Rotom-Wash, L50|100/100
|switch|p2a: Milotic|Milotic, L50, F|100/100
|switch|p2b: Incineroar|Incineroar, L50, F|100/100
|-ability|p2b: Incineroar|Intimidate|boost
|-unboost|p1a: Cynthia v2|atk|1
|-unboost|p1b: Laraldo|atk|1
|turn|1
|
|t:|1784949075
|switch|p1b: Reginaldo-Prime|Golurk, L50, shiny|100/100
|move|p2b: Incineroar|Fake Out|p1b: Reginaldo-Prime
|-immune|p1b: Reginaldo-Prime
|move|p2a: Milotic|Coil|p2a: Milotic
|-boost|p2a: Milotic|atk|1
|-boost|p2a: Milotic|def|1
|-boost|p2a: Milotic|accuracy|1
|move|p1a: Cynthia v2|Trick Room|p1a: Cynthia v2
|-fieldstart|move: Trick Room|[of] p1a: Cynthia v2
|
|upkeep
|turn|2
|
|t:|1784949094
|switch|p1a: Laraldo|Rotom-Wash, L50|100/100
|detailschange|p1b: Reginaldo-Prime|Golurk-Mega, L50, shiny
|-mega|p1b: Reginaldo-Prime|Golurk|Golurkite
|move|p1b: Reginaldo-Prime|Earthquake|p2b: Incineroar|[spread] p2a,p2b
|-immune|p1a: Laraldo|[from] ability: Levitate
|-supereffective|p2b: Incineroar|1
|-damage|p2a: Milotic|70/100
|-damage|p2b: Incineroar|25/100
|-enditem|p2b: Incineroar|Sitrus Berry|[eat]
|-heal|p2b: Incineroar|50/100y|[from] item: Sitrus Berry
|move|p2b: Incineroar|Parting Shot|p1b: Reginaldo-Prime
|-unboost|p1b: Reginaldo-Prime|atk|1
|-unboost|p1b: Reginaldo-Prime|spa|1
|
|t:|1784949106
|switch|p2b: Raichu|Raichu, L50, M|100/100|[from] Parting Shot
|move|p2a: Milotic|Hypnosis|p1b: Reginaldo-Prime
|-status|p1b: Reginaldo-Prime|slp|[from] move: Hypnosis
|
|-heal|p2a: Milotic|76/100|[from] item: Leftovers
|upkeep
|turn|3
|
|t:|1784949120
|switch|p1b: Cynthia v2|Spiritomb, L50, M|100/100
|move|p2a: Milotic|Hydro Pump|p1b: Cynthia v2
|-damage|p1b: Cynthia v2|63/100
|move|p1a: Laraldo|Discharge|p2b: Raichu|[spread] p1b,p2a
|-ability|p2b: Raichu|Lightning Rod|boost
|-boost|p2b: Raichu|spa|1
|-supereffective|p2a: Milotic|1
|-damage|p1b: Cynthia v2|38/100
|-damage|p2a: Milotic|48/100
|move|p2b: Raichu|Zap Cannon|p1a: Laraldo|[miss]
|-miss|p2b: Raichu|p1a: Laraldo
|
|-heal|p2a: Milotic|54/100|[from] item: Leftovers
|upkeep
|turn|4
|
|t:|1784949141
|move|p1b: Cynthia v2|Will-O-Wisp|p2a: Milotic
|-status|p2a: Milotic|brn
|move|p2a: Milotic|Recover|p2a: Milotic
|-heal|p2a: Milotic|100/100 brn
|move|p1a: Laraldo|Dark Pulse|p2b: Raichu
|-damage|p2b: Raichu|64/100
|move|p2b: Raichu|Zap Cannon|p1b: Cynthia v2
|-damage|p1b: Cynthia v2|0 fnt
|faint|p1b: Cynthia v2
|
|-damage|p2a: Milotic|94/100 brn|[from] brn
|upkeep
|
|t:|1784949156
|switch|p1b: Reginaldo-Prime|Golurk-Mega, L50, shiny|100/100 slp
|turn|5
|
|t:|1784949165
|detailschange|p2b: Raichu|Raichu-Mega-Y, L50, M
|-mega|p2b: Raichu|Raichu|Raichunite Y
|cant|p1b: Reginaldo-Prime|slp
|move|p2a: Milotic|Hydro Pump|p1b: Reginaldo-Prime
|-supereffective|p1b: Reginaldo-Prime|1
|-damage|p1b: Reginaldo-Prime|32/100 slp
|move|p1a: Laraldo|Discharge|p2a: Milotic|[spread] p2a,p2b
|-immune|p1b: Reginaldo-Prime
|-supereffective|p2a: Milotic|1
|-resisted|p2b: Raichu|1
|-damage|p2a: Milotic|61/100 brn
|-damage|p2b: Raichu|44/100
|move|p2b: Raichu|Zap Cannon|p1a: Laraldo
|-damage|p1a: Laraldo|0 fnt
|faint|p1a: Laraldo
|
|-heal|p2a: Milotic|67/100 brn|[from] item: Leftovers
|-damage|p2a: Milotic|61/100 brn|[from] brn
|-fieldend|move: Trick Room
|upkeep
|
|t:|1784949185
|switch|p1a: La velocidade|Sneasler, L50, M|100/100
|turn|6
|
|t:|1784949195
|switch|p2b: Incineroar|Incineroar, L50, F|50/100y
|-ability|p2b: Incineroar|Intimidate|boost
|-unboost|p1a: La velocidade|atk|1
|-unboost|p1b: Reginaldo-Prime|atk|1
|move|p1a: La velocidade|Close Combat|p2a: Milotic
|-damage|p2a: Milotic|31/100 brn
|-unboost|p1a: La velocidade|def|1
|-unboost|p1a: La velocidade|spd|1
|move|p2a: Milotic|Hydro Pump|p1b: Reginaldo-Prime
|-supereffective|p1b: Reginaldo-Prime|1
|-damage|p1b: Reginaldo-Prime|0 fnt
|faint|p1b: Reginaldo-Prime
|
|-heal|p2a: Milotic|37/100 brn|[from] item: Leftovers
|-damage|p2a: Milotic|31/100 brn|[from] brn
|upkeep
|turn|7
|
|t:|1784949214
|move|p1a: La velocidade|Upper Hand|p2b: Incineroar
|-supereffective|p2b: Incineroar|1
|-damage|p2b: Incineroar|8/100
|-status|p2b: Incineroar|psn|[from] ability: Poison Touch|[of] p1a: La velocidade
|cant|p2b: Incineroar|flinch
|move|p2a: Milotic|Recover|p2a: Milotic
|-heal|p2a: Milotic|81/100 brn
|
|-heal|p2a: Milotic|87/100 brn|[from] item: Leftovers
|-damage|p2b: Incineroar|0 fnt|[from] psn
|faint|p2b: Incineroar
|-damage|p2a: Milotic|81/100 brn|[from] brn
|upkeep
|
|t:|1784949219
|switch|p2b: Raichu|Raichu-Mega-Y, L50, M|44/100
|turn|8
|j| creed revival tour
|
|t:|1784949234
|move|p2b: Raichu|Zap Cannon|p1a: La velocidade
|-enditem|p1a: La velocidade|Focus Sash
|-damage|p1a: La velocidade|1/100
|-status|p1a: La velocidade|par
|move|p2a: Milotic|Hydro Pump|p1a: La velocidade
|-damage|p1a: La velocidade|0 fnt
|faint|p1a: La velocidade
|
|win|ajin22
||Phonx_Ghost is ready for game 2.
||ajin22 is ready for game 2.
|uhtml|next|Next: Game 2 of 3
