|j|☆ethical sga
|j|☆vibe1300
|html|ethical sgavibe1300    
|uhtml|bestof|Game 1 of a best-of-3
|t:|1784837568
|gametype|doubles
|player|p1|ethical sga|lass-gen4dp|1134
|player|p2|vibe1300|1|1156
|gen|9
|tier|[Gen 9 Champions] VGC 2026 Reg M-B (Bo3)
|rated|
|rule|Species Clause: Limit one of each Pokémon
|rule|Item Clause: Limit 1 of each item
|clearpoke
|poke|p1|Charizard, L50, F|
|poke|p1|Whimsicott, L50, M|
|poke|p1|Basculegion, L50, M|
|poke|p1|Mawile, L50, M|
|poke|p1|Farigiraf, L50, F|
|poke|p1|Garchomp, L50, F|
|poke|p2|Chandelure, L50, M|
|poke|p2|Kangaskhan, L50, F|
|poke|p2|Kingambit, L50, M|
|poke|p2|Kommo-o, L50, F|
|poke|p2|Sylveon, L50, F|
|poke|p2|Basculegion, L50, M|
|teampreview|4
|showteam|p1|Charizard||CharizarditeY|SolarPower|Protect,WeatherBall,HeatWave,SolarBeam|Modest||F|||50|]Whimsicott||FocusSash|Prankster|Protect,Moonblast,Encore,Tailwind|Timid||M|||50|]Basculegion||SitrusBerry|Adaptability|Protect,WaveCrash,LastRespects,AquaJet|Adamant||M|||50|]Mawile||Mawilite|HyperCutter|PlayRough,IronHead,SuckerPunch,RockSlide|Adamant||M|||50|]Farigiraf||ColburBerry|ArmorTail|HyperVoice,Psychic,HelpingHand,TrickRoom|Relaxed||F|||50|]Garchomp||LifeOrb|RoughSkin|Protect,DragonClaw,RockSlide,Earthquake|Jolly||F|||50|
|showteam|p2|Chandelure||FocusSash|FlashFire|TrickRoom,HeatWave,ShadowBall,Protect|Quiet||M|||50|]Kangaskhan||Kangaskhanite|Scrappy|FakeOut,DoubleEdge,SuckerPunch,BrickBreak|Brave||F|||50|]Kingambit||ChopleBerry|Defiant|KowtowCleave,SuckerPunch,IronHead,LowKick|Brave||M|||50|]Kommo-o||LifeOrb|Soundproof|ClangingScales,AuraSphere,Boomburst,Protect|Quiet||F|||50|]Sylveon||FairyFeather|Pixilate|HyperVoice,HyperBeam,QuickAttack,Protect|Quiet||F|||50|]Basculegion||SitrusBerry|Adaptability|Protect,WaveCrash,LastRespects,AquaJet|Brave||M|||50|
|
|t:|1784837642
|teamsize|p1|4
|teamsize|p2|4
|start
|switch|p1a: Garchomp|Garchomp, L50, F|100/100
|switch|p1b: Farigiraf|Farigiraf, L50, F|100/100
|switch|p2a: Kangaskhan|Kangaskhan, L50, F|100/100
|switch|p2b: Chandelure|Chandelure, L50, M|100/100
|turn|1
|inactive|Battle timer is ON: inactive players will automatically lose when time's up. (requested by vibe1300)
|
|t:|1784837661
|detailschange|p2a: Kangaskhan|Kangaskhan-Mega, L50, F
|-mega|p2a: Kangaskhan|Kangaskhan|Kangaskhanite
|move|p1a: Garchomp|Rock Slide|p2b: Chandelure|[spread] p2a,p2b
|-supereffective|p2b: Chandelure|1
|-crit|p2b: Chandelure
|-damage|p2a: Kangaskhan|79/100
|-damage|p2b: Chandelure|8/100
|-damage|p1a: Garchomp|90/100|[from] item: Life Orb
|move|p2a: Kangaskhan|Double-Edge|p1b: Farigiraf
|-damage|p1b: Farigiraf|39/100
|-damage|p1b: Farigiraf|25/100
|-hitcount|p1b: Farigiraf|2
|-damage|p2a: Kangaskhan|53/100|[from] Recoil
|move|p1b: Farigiraf|Psychic|p2a: Kangaskhan
|-damage|p2a: Kangaskhan|25/100
|move|p2b: Chandelure|Trick Room|p2b: Chandelure
|-fieldstart|move: Trick Room|[of] p2b: Chandelure
|
|upkeep
|turn|2
|inactive|ethical sga has 30 seconds left.
|inactive|ethical sga has 20 seconds left.
|
|t:|1784837697
|move|p1b: Farigiraf|Helping Hand|p1a: Garchomp
|-singleturn|p1a: Garchomp|Helping Hand|[of] p1b: Farigiraf
|move|p2b: Chandelure|Shadow Ball|p1a: Garchomp
|-damage|p1a: Garchomp|37/100
|move|p2a: Kangaskhan|Double-Edge|p1b: Farigiraf
|-damage|p1b: Farigiraf|0 fnt
|faint|p1b: Farigiraf
|-damage|p2a: Kangaskhan|16/100|[from] Recoil
|move|p1a: Garchomp|Rock Slide|p2b: Chandelure|[spread] p2a,p2b
|-supereffective|p2b: Chandelure|1
|-damage|p2a: Kangaskhan|0 fnt
|-damage|p2b: Chandelure|0 fnt
|faint|p2a: Kangaskhan
|faint|p2b: Chandelure
|-damage|p1a: Garchomp|28/100|[from] item: Life Orb
|
|upkeep
|
|t:|1784837708
|switch|p1b: Mawile|Mawile, L50, M|100/100
|switch|p2b: Sylveon|Sylveon, L50, F|100/100
|switch|p2a: Basculegion|Basculegion, L50, M|100/100
|turn|3
|
|t:|1784837732
|detailschange|p1b: Mawile|Mawile-Mega, L50, M
|-mega|p1b: Mawile|Mawile|Mawilite
|move|p2a: Basculegion|Protect|p2a: Basculegion
|-singleturn|p2a: Basculegion|Protect
|move|p1b: Mawile|Sucker Punch||[still]
|-fail|p1b: Mawile
|move|p2b: Sylveon|Hyper Voice|p1b: Mawile|[spread] p1a,p1b
|-supereffective|p1a: Garchomp|1
|-resisted|p1b: Mawile|1
|-damage|p1a: Garchomp|0 fnt
|-damage|p1b: Mawile|68/100
|faint|p1a: Garchomp
|
|upkeep
|
|t:|1784837740
|switch|p1a: Basculegion|Basculegion, L50, M|100/100
|turn|4
|
|t:|1784837758
|move|p2a: Basculegion|Protect||[still]
|-fail|p2a: Basculegion
|move|p2b: Sylveon|Hyper Beam|p1a: Basculegion
|-damage|p1a: Basculegion|0 fnt
|-mustrecharge|p2b: Sylveon
|faint|p1a: Basculegion
|move|p1b: Mawile|Iron Head|p2b: Sylveon
|-supereffective|p2b: Sylveon|1
|-damage|p2b: Sylveon|0 fnt
|faint|p2b: Sylveon
|
|upkeep
|turn|5
|
|t:|1784837782
|move|p2a: Basculegion|Protect|p2a: Basculegion
|-singleturn|p2a: Basculegion|Protect
|move|p1b: Mawile|Play Rough|p2a: Basculegion
|-activate|p2a: Basculegion|move: Protect
|
|-fieldend|move: Trick Room
|upkeep
|turn|6
|
|t:|1784837794
|move|p2a: Basculegion|Aqua Jet|p1b: Mawile
|-damage|p1b: Mawile|42/100
|move|p1b: Mawile|Play Rough|p2a: Basculegion
|-damage|p2a: Basculegion|7/100
|-enditem|p2a: Basculegion|Sitrus Berry|[eat]
|-heal|p2a: Basculegion|32/100|[from] item: Sitrus Berry
|
|upkeep
|turn|7
|
|t:|1784837806
|move|p2a: Basculegion|Protect|p2a: Basculegion
|-singleturn|p2a: Basculegion|Protect
|move|p1b: Mawile|Sucker Punch||[still]
|-fail|p1b: Mawile
|
|upkeep
|turn|8
|
|t:|1784837818
|move|p1b: Mawile|Sucker Punch|p2a: Basculegion
|-supereffective|p2a: Basculegion|1
|-damage|p2a: Basculegion|0 fnt
|faint|p2a: Basculegion
|
|win|ethical sga
