|j|☆straightrippingit
|j|☆leafeon03
|html|straightrippingitleafeon03    
|uhtml|bestof|Game 1 of a best-of-3
|t:|1785275067
|gametype|doubles
|player|p1|straightrippingit|brycenman|
|player|p2|leafeon03|erika|
|gen|9
|tier|[Gen 9 Champions] VGC 2026 Reg M-B (Bo3)
|rule|Species Clause: Limit one of each Pokémon
|rule|Item Clause: Limit 1 of each item
|clearpoke
|poke|p1|Tyranitar, L50, M|
|poke|p1|Excadrill, L50, F|
|poke|p1|Milotic, L50, M|
|poke|p1|Sinistcha, L50|
|poke|p1|Staraptor, L50, M|
|poke|p1|Gholdengo, L50|
|poke|p2|Garchomp, L50, F, shiny|
|poke|p2|Charizard, L50, F, shiny|
|poke|p2|Whimsicott, L50, M|
|poke|p2|Floette-Eternal, L50, F|
|poke|p2|Basculegion, L50, M|
|poke|p2|Kingambit, L50, F, shiny|
|teampreview|4
|showteam|p1|Tyranitar||Tyranitarite|SandStream|KnockOff,RockSlide,HighHorsepower,Protect|Jolly||M|||50|]Excadrill||FocusSash|SandRush|Earthquake,IronHead,RockSlide,Protect|Adamant||F|||50|]Milotic||SitrusBerry|Competitive|Scald,IcyWind,Haze,Protect|Calm||M|||50|]Sinistcha||ColburBerry|Hospitality|MatchaGotcha,ShadowBall,Protect,RagePowder|Bold|||||50|]Staraptor||Staraptite|Intimidate|CloseCombat,BraveBird,Tailwind,Protect|Jolly||M|||50|]Gholdengo||LifeOrb|GoodasGold|MakeItRain,ShadowBall,NastyPlot,Protect|Modest|||||50|
|showteam|p2|Garchomp||LifeOrb|RoughSkin|Earthquake,RockSlide,DragonClaw,Protect|Jolly||F|||50|]Charizard||CharizarditeY|Blaze|HeatWave,WeatherBall,SolarBeam,Protect|Modest||F|||50|]Whimsicott||FocusSash|Prankster|Moonblast,Tailwind,Encore,Protect|Timid||M|||50|]Floette-Eternal||Floettite|FlowerVeil|Moonblast,DazzlingGleam,LightofRuin,Protect|Modest||F|||50|]Basculegion||MysticWater|Adaptability|WaveCrash,LastRespects,AquaJet,Protect|Adamant||M|||50|]Kingambit||ChopleBerry|Defiant|KowtowCleave,SuckerPunch,IronHead,LowKick|Adamant||F|||50|
|
|t:|1785275123
|teamsize|p1|4
|teamsize|p2|4
|start
|switch|p1a: Gholdengo|Gholdengo, L50|100/100
|switch|p1b: Staraptor|Staraptor, L50, M|100/100
|switch|p2a: Whimsicott|Whimsicott, L50, M|100/100
|switch|p2b: Floette|Floette-Eternal, L50, F|100/100
|-ability|p1b: Staraptor|Intimidate|boost
|-block|p2a: Whimsicott|ability: Flower Veil|[of] p2b: Floette
|-unboost|p2b: Floette|atk|1
|turn|1
|
|t:|1785275200
|switch|p1b: Milotic|Milotic, L50, M|100/100
|switch|p2b: Kingambit|Kingambit, L50, F, shiny|100/100
|move|p2a: Whimsicott|Moonblast|p1b: Milotic
|-damage|p1b: Milotic|74/100
|move|p1a: Gholdengo|Make It Rain|p2b: Kingambit|[spread] p2a,p2b
|-supereffective|p2a: Whimsicott|1
|-resisted|p2b: Kingambit|1
|-enditem|p2a: Whimsicott|Focus Sash
|-damage|p2a: Whimsicott|1/100
|-damage|p2b: Kingambit|65/100
|-unboost|p1a: Gholdengo|spa|2
|-damage|p1a: Gholdengo|90/100|[from] item: Life Orb
|
|upkeep
|turn|2
|
|t:|1785275241
|switch|p2a: Floette|Floette-Eternal, L50, F|100/100
|switch|p1a: Tyranitar|Tyranitar, L50, M|100/100
|-weather|Sandstorm|[from] ability: Sand Stream|[of] p1a: Tyranitar
|move|p1b: Milotic|Scald|p2b: Kingambit
|-crit|p2b: Kingambit
|-damage|p2b: Kingambit|14/100
|-status|p2b: Kingambit|brn
|move|p2b: Kingambit|Kowtow Cleave|p1a: Tyranitar
|-resisted|p1a: Tyranitar|1
|-damage|p1a: Tyranitar|89/100
|
|-weather|Sandstorm|[upkeep]
|-damage|p2a: Floette|94/100|[from] Sandstorm
|-damage|p1b: Milotic|68/100|[from] Sandstorm
|-damage|p2b: Kingambit|8/100 brn|[from] brn
|upkeep
|turn|3
|c|☆straightrippingit|The crit burn combo is haunting this Gambit
|c|☆leafeon03|lol
|
|t:|1785275309
|detailschange|p2a: Floette|Floette-Mega, L50, F
|-mega|p2a: Floette|Floette|Floettite
|-ability|p2a: Floette|Fairy Aura
|move|p1a: Tyranitar|Protect|p1a: Tyranitar
|-singleturn|p1a: Tyranitar|Protect
|move|p2a: Floette|Light of Ruin|p1b: Milotic
|-damage|p1b: Milotic|0 fnt
|faint|p1b: Milotic
|-damage|p2a: Floette|50/100g|[from] Recoil
|move|p2b: Kingambit|Kowtow Cleave|p1a: Tyranitar
|-activate|p1a: Tyranitar|move: Protect
|
|-weather|Sandstorm|[upkeep]
|-damage|p2a: Floette|44/100|[from] Sandstorm
|-damage|p2b: Kingambit|2/100 brn|[from] brn
|upkeep
|
|t:|1785275328
|switch|p1b: Staraptor|Staraptor, L50, M|100/100
|-ability|p1b: Staraptor|Intimidate|boost
|-unboost|p2a: Floette|atk|1
|-unboost|p2b: Kingambit|atk|1
|-ability|p2b: Kingambit|Defiant|boost
|-boost|p2b: Kingambit|atk|2
|turn|4
|
|t:|1785275377
|detailschange|p1b: Staraptor|Staraptor-Mega, L50, M
|-mega|p1b: Staraptor|Staraptor|Staraptite
|move|p2a: Floette|Protect|p2a: Floette
|-singleturn|p2a: Floette|Protect
|move|p2b: Kingambit|Sucker Punch|p1a: Tyranitar
|-resisted|p1a: Tyranitar|1
|-damage|p1a: Tyranitar|75/100
|move|p1b: Staraptor|Brave Bird|p2a: Floette
|-activate|p2a: Floette|move: Protect
|move|p1a: Tyranitar|Rock Slide|p2b: Kingambit|[spread] p2b
|-activate|p2a: Floette|move: Protect
|-resisted|p2b: Kingambit|1
|-damage|p2b: Kingambit|0 fnt
|faint|p2b: Kingambit
|
|-weather|Sandstorm|[upkeep]
|-damage|p1b: Staraptor|94/100|[from] Sandstorm
|-damage|p2a: Floette|38/100|[from] Sandstorm
|upkeep
|
|t:|1785275392
|switch|p2b: Whimsicott|Whimsicott, L50, M|1/100
|turn|5
|
|t:|1785275429
|move|p2b: Whimsicott|Tailwind|p2b: Whimsicott
|-sidestart|p2: leafeon03|move: Tailwind
|move|p2a: Floette|Dazzling Gleam|p1a: Tyranitar|[spread] p1a,p1b
|-supereffective|p1a: Tyranitar|1
|-supereffective|p1b: Staraptor|1
|-damage|p1a: Tyranitar|16/100
|-damage|p1b: Staraptor|0 fnt
|faint|p1b: Staraptor
|move|p1a: Tyranitar|Rock Slide|p2b: Whimsicott|[spread] p2a,p2b
|-damage|p2a: Floette|1/100
|-damage|p2b: Whimsicott|0 fnt
|faint|p2b: Whimsicott
|
|-weather|Sandstorm|[upkeep]
|-damage|p2a: Floette|0 fnt|[from] Sandstorm
|faint|p2a: Floette
|upkeep
|
|t:|1785275444
|switch|p2b: Garchomp|Garchomp, L50, F, shiny|100/100
|switch|p1b: Gholdengo|Gholdengo, L50|90/100
|turn|6
|
|t:|1785275455
|move|p1a: Tyranitar|Protect|p1a: Tyranitar
|-singleturn|p1a: Tyranitar|Protect
|move|p2b: Garchomp|Earthquake|p1a: Tyranitar|[spread] p1b
|-activate|p1a: Tyranitar|move: Protect
|-supereffective|p1b: Gholdengo|1
|-damage|p1b: Gholdengo|2/100
|-damage|p2b: Garchomp|90/100|[from] item: Life Orb
|move|p1b: Gholdengo|Shadow Ball|p2b: Garchomp
|-damage|p2b: Garchomp|33/100
|-damage|p1b: Gholdengo|0 fnt|[from] item: Life Orb
|faint|p1b: Gholdengo
|
|-weather|none
|upkeep
|turn|7
|c|☆leafeon03|One lizard to rule them all
|
|t:|1785275473
|move|p2b: Garchomp|Earthquake|p1a: Tyranitar
|-supereffective|p1a: Tyranitar|1
|-damage|p1a: Tyranitar|0 fnt
|faint|p1a: Tyranitar
|-damage|p2b: Garchomp|23/100|[from] item: Life Orb
|
|win|leafeon03
||straightrippingit is ready for game 2.
|c|☆straightrippingit|Lol
||leafeon03 is ready for game 2.
|uhtml|next|Next: Game 2 of 3
