|j|☆is_katabo
|j|☆CrawlingKingSnake
|html|is_kataboCrawlingKingSnake    
|uhtml|bestof|Game 2 of a best-of-3
|t:|1785294064
|gametype|doubles
|player|p1|is_katabo|youngster-gen4dp|1266
|player|p2|CrawlingKingSnake|kamado-armor|1268
|gen|9
|tier|[Gen 9 Champions] VGC 2026 Reg M-B (Bo3)
|rated|
|rule|Species Clause: Limit one of each Pokémon
|rule|Item Clause: Limit 1 of each item
|clearpoke
|poke|p1|Delphox, L50, M|
|poke|p1|Floette-Eternal, L50, F|
|poke|p1|Whimsicott, L50, M|
|poke|p1|Kommo-o, L50, F|
|poke|p1|Incineroar, L50, F|
|poke|p1|Gholdengo, L50|
|poke|p2|Floette-Eternal, L50, F|
|poke|p2|Palafin, L50, F, shiny|
|poke|p2|Incineroar, L50, M|
|poke|p2|Toxapex, L50, M|
|poke|p2|Delphox, L50, M|
|poke|p2|Kingambit, L50, M|
|teampreview|4
|showteam|p1|Delphox||Delphoxite|Blaze|HeatWave,Psyshock,Substitute,Protect|Modest||M|||50|]Floette-Eternal||Floettite|FlowerVeil|Moonblast,DazzlingGleam,LightofRuin,Protect|Timid||F|||50|]Whimsicott||FocusSash|Prankster|Moonblast,Tailwind,Encore,Protect|Timid||M|||50|]Kommo-o||LifeOrb|Soundproof|ClangingScales,AuraSphere,VacuumWave,Protect|Modest||F|||50|]Incineroar||SitrusBerry|Intimidate|FakeOut,DarkestLariat,FlareBlitz,PartingShot|Careful||F|||50|]Gholdengo||OccaBerry|GoodasGold|MakeItRain,ShadowBall,PowerGem,Protect|Timid|||||50|
|showteam|p2|Floette-Eternal||Floettite|FlowerVeil|DazzlingGleam,DrainingKiss,CalmMind,Protect|Modest||F|||50|]Palafin||LifeOrb|ZerotoHero|WaveCrash,JetPunch,CloseCombat,Protect|Adamant||F|||50|]Incineroar||SitrusBerry|Intimidate|FlareBlitz,FakeOut,DarkestLariat,PartingShot|Careful||M|||50|]Toxapex||Leftovers|Regenerator|Infestation,Toxic,WideGuard,BanefulBunker|Bold||M|||50|]Delphox||Delphoxite|Blaze|HeatWave,Psychic,Substitute,Protect|Timid||M|||50|]Kingambit||FocusSash|Defiant|KowtowCleave,SuckerPunch,IronHead,LowKick|Adamant||M|||50|
|inactive|Battle timer is ON: inactive players will automatically lose when time's up. (requested by CrawlingKingSnake)
|
|t:|1785294084
|teamsize|p1|4
|teamsize|p2|4
|start
|switch|p1a: Floette|Floette-Eternal, L50, F|100/100
|switch|p1b: Kommo-o|Kommo-o, L50, F|100/100
|switch|p2a: Palafin|Palafin, L50, F, shiny|100/100
|switch|p2b: Kingambit|Kingambit, L50, M|100/100
|turn|1
|inactive|CrawlingKingSnake has 30 seconds left.
|
|t:|1785294113
|detailschange|p2a: Palafin|Palafin-Hero, L50, F, shiny
|switch|p2a: Floette|Floette-Eternal, L50, F|100/100
|detailschange|p1a: Floette|Floette-Mega, L50, F
|-mega|p1a: Floette|Floette|Floettite
|-ability|p1a: Floette|Fairy Aura
|move|p1a: Floette|Dazzling Gleam|p2b: Kingambit|[spread] p2a,p2b
|-damage|p2a: Floette|60/100
|-damage|p2b: Kingambit|48/100
|move|p1b: Kommo-o|Aura Sphere|p2b: Kingambit
|-supereffective|p2b: Kingambit|2
|-damage|p2b: Kingambit|0 fnt
|faint|p2b: Kingambit
|-damage|p1b: Kommo-o|90/100|[from] item: Life Orb
|
|upkeep
|
|t:|1785294127
|switch|p2b: Palafin|Palafin-Hero, L50, F, shiny|100/100
|-activate|p2b: Palafin|ability: Zero to Hero
|turn|2
|inactive|CrawlingKingSnake has 30 seconds left.
|inactive|CrawlingKingSnake has 20 seconds left.
|
|t:|1785294166
|detailschange|p2a: Floette|Floette-Mega, L50, F
|-mega|p2a: Floette|Floette|Floettite
|-ability|p2a: Floette|Fairy Aura
|move|p1a: Floette|Light of Ruin|p2a: Floette
|-damage|p2a: Floette|0 fnt
|faint|p2a: Floette
|-damage|p1a: Floette|64/100|[from] Recoil
|move|p2b: Palafin|Wave Crash|p1a: Floette
|-damage|p1a: Floette|0 fnt
|faint|p1a: Floette
|-damage|p2b: Palafin|81/100|[from] Recoil
|-damage|p2b: Palafin|72/100|[from] item: Life Orb
|move|p1b: Kommo-o|Aura Sphere|p2b: Palafin
|-damage|p2b: Palafin|14/100
|-damage|p1b: Kommo-o|80/100|[from] item: Life Orb
|
|upkeep
|
|t:|1785294187
|switch|p1a: Incineroar|Incineroar, L50, F|100/100
|switch|p2a: Incineroar|Incineroar, L50, M|100/100
|-ability|p1a: Incineroar|Intimidate|boost
|-unboost|p2a: Incineroar|atk|1
|-unboost|p2b: Palafin|atk|1
|-ability|p2a: Incineroar|Intimidate|boost
|-unboost|p1a: Incineroar|atk|1
|-unboost|p1b: Kommo-o|atk|1
|turn|3
|
|t:|1785294201
|move|p2a: Incineroar|Fake Out|p1b: Kommo-o
|-damage|p1b: Kommo-o|73/100
|move|p1a: Incineroar|Fake Out|p2a: Incineroar
|-damage|p2a: Incineroar|93/100
|move|p2b: Palafin|Jet Punch|p1a: Incineroar
|-supereffective|p1a: Incineroar|1
|-damage|p1a: Incineroar|32/100
|-enditem|p1a: Incineroar|Sitrus Berry|[eat]
|-heal|p1a: Incineroar|57/100|[from] item: Sitrus Berry
|-damage|p2b: Palafin|4/100|[from] item: Life Orb
|cant|p1b: Kommo-o|flinch
|
|upkeep
|turn|4
|inactive|CrawlingKingSnake has 30 seconds left.
|inactive|is_katabo has 30 seconds left.
|inactive|CrawlingKingSnake has 20 seconds left.
|
|t:|1785294239
|move|p2b: Palafin|Close Combat|p1b: Kommo-o
|-damage|p1b: Kommo-o|31/100
|-unboost|p2b: Palafin|def|1
|-unboost|p2b: Palafin|spd|1
|-damage|p2b: Palafin|0 fnt|[from] item: Life Orb
|faint|p2b: Palafin
|move|p1b: Kommo-o|Clanging Scales|p2a: Incineroar
|-damage|p2a: Incineroar|40/100
|-enditem|p2a: Incineroar|Sitrus Berry|[eat]
|-heal|p2a: Incineroar|65/100|[from] item: Sitrus Berry
|-unboost|p1b: Kommo-o|def|1
|-damage|p1b: Kommo-o|21/100|[from] item: Life Orb
|move|p1a: Incineroar|Darkest Lariat|p2a: Incineroar
|-resisted|p2a: Incineroar|1
|-damage|p2a: Incineroar|55/100
|move|p2a: Incineroar|Flare Blitz|p1b: Kommo-o
|-resisted|p1b: Kommo-o|1
|-damage|p1b: Kommo-o|0 fnt
|faint|p1b: Kommo-o
|-damage|p2a: Incineroar|49/100|[from] Recoil
|
|upkeep
|
|t:|1785294258
|switch|p1b: Gholdengo|Gholdengo, L50|100/100
|turn|5
|
|t:|1785294265
|move|p1b: Gholdengo|Power Gem|p2a: Incineroar
|-supereffective|p2a: Incineroar|1
|-damage|p2a: Incineroar|7/100
|move|p2a: Incineroar|Darkest Lariat|p1b: Gholdengo
|-supereffective|p1b: Gholdengo|1
|-crit|p1b: Gholdengo
|-damage|p1b: Gholdengo|0 fnt
|faint|p1b: Gholdengo
|move|p1a: Incineroar|Flare Blitz|p2a: Incineroar
|-resisted|p2a: Incineroar|1
|-damage|p2a: Incineroar|0 fnt
|faint|p2a: Incineroar
|-damage|p1a: Incineroar|55/100|[from] Recoil
|
|win|is_katabo
||CrawlingKingSnake is ready for game 3.
||is_katabo is ready for game 3.
|uhtml|next|Next: Game 3 of 3
