|j|☆thepokecrafter13
|j|☆furutori
|html|thepokecrafter13furutori    
|uhtml|bestof|Game 1 of a best-of-3
|t:|1783401384
|gametype|doubles
|player|p1|thepokecrafter13|2|
|player|p2|furutori|roxie|
|gen|9
|tier|[Gen 9 Champions] VGC 2026 Reg M-B (Bo3)
|rule|Species Clause: Limit one of each Pokémon
|rule|Item Clause: Limit 1 of each item
|clearpoke
|poke|p1|Garchomp, L50, M|
|poke|p1|Kingambit, L50, F|
|poke|p1|Milotic, L50, M|
|poke|p1|Whimsicott, L50, M|
|poke|p1|Charizard, L50, F|
|poke|p1|Sneasler, L50, M|
|poke|p2|Froslass, L50, F|
|poke|p2|Gholdengo, L50|
|poke|p2|Kingambit, L50, F|
|poke|p2|Incineroar, L50, M|
|poke|p2|Basculegion, L50, M|
|poke|p2|Arcanine-Hisui, L50, M|
|teampreview|4
|showteam|p1|Garchomp||YacheBerry|RoughSkin|Earthquake,DragonClaw,SwordsDance,IronHead|Jolly||M|||50|]Kingambit||BlackGlasses|SupremeOverlord|KowtowCleave,SuckerPunch,IronHead,LowKick|Adamant||F|||50|]Milotic||Leftovers|Competitive|Scald,Recover,IceBeam,Hypnosis|Bold||M|||50|]Whimsicott||MentalHerb|Prankster|Encore,Moonblast,Tailwind,Taunt|Bold||M|||50|]Charizard||CharizarditeY|Blaze|WeatherBall,SolarBeam,ScorchingSands,FocusBlast|Timid||F|||50|]Sneasler||FocusSash|Unburden|DireClaw,CloseCombat,FakeOut,Uturn|Adamant||M|||50|
|showteam|p2|Froslass||Froslassite|CursedBody|Blizzard,ShadowBall,AuroraVeil,Protect|Timid||F|||50|]Gholdengo||LifeOrb|GoodasGold|MakeItRain,ShadowBall,NastyPlot,Protect|Timid|||||50|]Kingambit||BlackGlasses|Defiant|KowtowCleave,SwordsDance,SuckerPunch,Protect|Adamant||F|||50|]Incineroar||SitrusBerry|Intimidate|FlareBlitz,FakeOut,ThroatChop,PartingShot|Impish||M|||50|]Basculegion||MysticWater|Adaptability|WaveCrash,AquaJet,LastRespects,Protect|Adamant||M|||50|]Arcanine-Hisui||FocusSash|RockHead|FlareBlitz,HeadSmash,RockSlide,Protect|Jolly||M|||50|
|c|☆furutori|glhf
|c|☆thepokecrafter13|glhf!
|
|t:|1783401443
|teamsize|p1|4
|teamsize|p2|4
|start
|switch|p1a: Kingambit|Kingambit, L50, F|100/100
|switch|p1b: Charizard|Charizard, L50, F|100/100
|switch|p2a: Sazare|Froslass, L50, F|100/100
|switch|p2b: Cineroar|Incineroar, L50, M|100/100
|-ability|p2b: Cineroar|Intimidate|boost
|-unboost|p1a: Kingambit|atk|1
|-unboost|p1b: Charizard|atk|1
|turn|1
|
|t:|1783401492
|detailschange|p1b: Charizard|Charizard-Mega-Y, L50, F
|-mega|p1b: Charizard|Charizard|Charizardite Y
|-weather|SunnyDay|[from] ability: Drought|[of] p1b: Charizard
|move|p2a: Sazare|Protect|p2a: Sazare
|-singleturn|p2a: Sazare|Protect
|move|p2b: Cineroar|Fake Out|p1b: Charizard
|-damage|p1b: Charizard|84/100
|move|p1a: Kingambit|Sucker Punch||[still]
|-fail|p1a: Kingambit
|cant|p1b: Charizard|flinch
|
|-weather|SunnyDay|[upkeep]
|upkeep
|turn|2
|
|t:|1783401540
|detailschange|p2a: Sazare|Froslass-Mega, L50, F
|-mega|p2a: Sazare|Froslass|Froslassite
|-weather|Snowscape|[from] ability: Snow Warning|[of] p2a: Sazare
|move|p2a: Sazare|Aurora Veil|p2a: Sazare
|-sidestart|p2: furutori|move: Aurora Veil
|move|p1b: Charizard|Focus Blast|p2b: Cineroar
|-supereffective|p2b: Cineroar|1
|-damage|p2b: Cineroar|44/100
|-enditem|p2b: Cineroar|Sitrus Berry|[eat]
|-heal|p2b: Cineroar|68/100|[from] item: Sitrus Berry
|move|p2b: Cineroar|Flare Blitz|p1a: Kingambit
|-supereffective|p1a: Kingambit|1
|-damage|p1a: Kingambit|32/100
|-damage|p2b: Cineroar|46/100|[from] Recoil
|move|p1a: Kingambit|Kowtow Cleave|p2a: Sazare
|-supereffective|p2a: Sazare|1
|-damage|p2a: Sazare|56/100
|
|-weather|Snowscape|[upkeep]
|upkeep
|turn|3
|
|t:|1783401588
|move|p1a: Kingambit|Sucker Punch|p2a: Sazare
|-supereffective|p2a: Sazare|1
|-damage|p2a: Sazare|22/100
|move|p2a: Sazare|Blizzard|p1b: Charizard|[spread] p1a,p1b
|-resisted|p1a: Kingambit|1
|-damage|p1a: Kingambit|13/100
|-damage|p1b: Charizard|47/100
|move|p1b: Charizard|Scorching Sands|p2b: Cineroar
|-supereffective|p2b: Cineroar|1
|-damage|p2b: Cineroar|14/100
|move|p2b: Cineroar|Parting Shot|p1a: Kingambit
|-unboost|p1a: Kingambit|atk|1
|-unboost|p1a: Kingambit|spa|1
|
|t:|1783401611
|switch|p2b: Potpot|Gholdengo, L50|100/100|[from] Parting Shot
|
|-weather|Snowscape|[upkeep]
|upkeep
|turn|4
|
|t:|1783401661
|switch|p1b: Sneasler|Sneasler, L50, M|100/100
|-end|p1a: Kingambit|fallenundefined|[silent]
|switch|p1a: Whimsicott|Whimsicott, L50, M|100/100
|move|p2a: Sazare|Protect|p2a: Sazare
|-singleturn|p2a: Sazare|Protect
|move|p2b: Potpot|Shadow Ball|p1b: Sneasler
|-damage|p1b: Sneasler|25/100
|-damage|p2b: Potpot|90/100|[from] item: Life Orb
|
|-weather|Snowscape|[upkeep]
|upkeep
|turn|5
|
|t:|1783401691
|switch|p2a: Cineroar|Incineroar, L50, M|14/100
|-ability|p2a: Cineroar|Intimidate|boost
|-unboost|p1a: Whimsicott|atk|1
|-unboost|p1b: Sneasler|atk|1
|move|p1a: Whimsicott|Tailwind|p1a: Whimsicott
|-sidestart|p1: thepokecrafter13|move: Tailwind
|move|p1b: Sneasler|Dire Claw|p2a: Cineroar
|-damage|p2a: Cineroar|0 fnt
|faint|p2a: Cineroar
|move|p2b: Potpot|Make It Rain|p1a: Whimsicott|[spread] p1a,p1b
|-supereffective|p1a: Whimsicott|1
|-damage|p1a: Whimsicott|0 fnt
|-damage|p1b: Sneasler|0 fnt
|-unboost|p2b: Potpot|spa|2
|faint|p1a: Whimsicott
|faint|p1b: Sneasler
|-damage|p2b: Potpot|80/100|[from] item: Life Orb
|
|-weather|Snowscape|[upkeep]
|upkeep
|
|t:|1783401710
|switch|p1b: Charizard|Charizard-Mega-Y, L50, F|47/100
|switch|p1a: Kingambit|Kingambit, L50, F|13/100
|switch|p2a: Maron|Arcanine-Hisui, L50, M|100/100
|-weather|SunnyDay|[from] ability: Drought|[of] p1b: Charizard
|-activate|p1a: Kingambit|ability: Supreme Overlord
|-start|p1a: Kingambit|fallen2|[silent]
|turn|6
|
|t:|1783401761
|move|p2b: Potpot|Protect|p2b: Potpot
|-singleturn|p2b: Potpot|Protect
|move|p1b: Charizard|Scorching Sands|p2a: Maron
|-supereffective|p2a: Maron|2
|-damage|p2a: Maron|1/100
|move|p2a: Maron|Rock Slide|p1b: Charizard|[spread] p1a,p1b
|-resisted|p1a: Kingambit|1
|-supereffective|p1b: Charizard|2
|-damage|p1a: Kingambit|4/100
|-damage|p1b: Charizard|0 fnt
|faint|p1b: Charizard
|move|p1a: Kingambit|Kowtow Cleave|p2b: Potpot
|-activate|p2b: Potpot|move: Protect
|
|-weather|SunnyDay|[upkeep]
|-sideend|p2: furutori|move: Aurora Veil
|upkeep
|turn|7
|
|t:|1783401784
|move|p2a: Maron|Flare Blitz|p1a: Kingambit
|-supereffective|p1a: Kingambit|1
|-damage|p1a: Kingambit|0 fnt
|faint|p1a: Kingambit
|-end|p1a: Kingambit|fallen2|[silent]
|
|win|furutori
|c|☆thepokecrafter13|gg
||thepokecrafter13 is ready for game 2.
|l|☆thepokecrafter13
|player|p1|
|inactive|furutori has 30 seconds to confirm battle start!
||furutori is ready for game 2.
|uhtml|next|Next: Game 2 of 3
