|j|☆p0lisindet0n
|j|☆lorycana_
|html|p0lisindet0nlorycana_    
|uhtml|bestof|Game 1 of a best-of-3
|t:|1756746999
|gametype|doubles
|player|p1|p0lisindet0n|lucas|1088
|player|p2|lorycana_|265|1148
|gen|9
|tier|[Gen 9] VGC 2025 Reg H (Bo3)
|rated|
|rule|Species Clause: Limit one of each Pokémon
|rule|Item Clause: Limit 1 of each item
|clearpoke
|poke|p1|Incineroar, L50, F|
|poke|p1|Ninetales-Alola, L50, M|
|poke|p1|Sneasler, L50, M|
|poke|p1|Gholdengo, L50|
|poke|p1|Baxcalibur, L50, M|
|poke|p1|Rillaboom, L50, F|
|poke|p2|Incineroar, L50, M|
|poke|p2|Pelipper, L50, F|
|poke|p2|Basculegion, L50, M|
|poke|p2|Amoonguss, L50, M|
|poke|p2|Maushold-Four, L50|
|poke|p2|Archaludon, L50, F|
|teampreview|4
|showteam|p1|Incineroar||AssaultVest|Intimidate|FakeOut,Uturn,KnockOff,FlareBlitz|||F|||50|,,,,,Water]Ninetales-Alola||LightClay|SnowWarning|Blizzard,Moonblast,Encore,AuroraVeil|||M|||50|,,,,,Steel]Sneasler||FocusSash|PoisonTouch|DireClaw,CloseCombat,Coaching,Protect|||M|||50|,,,,,Stellar]Gholdengo||ChoiceScarf|GoodasGold|ShadowBall,MakeItRain,PowerGem,TeraBlast||||||50|,,,,,Fighting]Baxcalibur||LoadedDice|ThermalExchange|ScaleShot,IcicleSpear,IceShard,Protect|||M|||50|,,,,,Ghost]Rillaboom||MiracleSeed|GrassySurge|FakeOut,GrassyGlide,WoodHammer,Protect|||F|||50|,,,,,Grass
|showteam|p2|Incineroar||SafetyGoggles|Intimidate|FakeOut,FlareBlitz,KnockOff,PartingShot|||M|||50|,,,,,Ghost]Pelipper||FocusSash|Drizzle|Hurricane,WeatherBall,Tailwind,Protect|||F|||50|,,,,,Ghost]Basculegion||MysticWater|SwiftSwim|Protect,WaveCrash,AquaJet,LastRespects|||M|||50|,,,,,Water]Amoonguss||SitrusBerry|Regenerator|Spore,RagePowder,PollenPuff,ClearSmog|||M|||50|,,,,,Water]Maushold-Four||WideLens|Technician|PopulationBomb,FollowMe,Taunt,Protect||||||50|,,,,,Grass]Archaludon||AssaultVest|Stamina|ElectroShot,DragonPulse,FlashCannon,BodyPress|||F|||50|,,,,,Grass
|inactive|Battle timer is ON: inactive players will automatically lose when time's up. (requested by lorycana_)
|inactive|p0lisindet0n has 60 seconds left.
|
|t:|1756747045
|teamsize|p1|4
|teamsize|p2|4
|start
|switch|p1a: Sneasler|Sneasler, L50, M|100/100
|switch|p1b: Rillaboom|Rillaboom, L50, F|100/100
|switch|p2a: Pelipper|Pelipper, L50, F|100/100
|switch|p2b: Archaludon|Archaludon, L50, F|100/100
|-weather|RainDance|[from] ability: Drizzle|[of] p2a: Pelipper
|-fieldstart|move: Grassy Terrain|[from] ability: Grassy Surge|[of] p1b: Rillaboom
|turn|1
|inactive|p0lisindet0n has 30 seconds left.
|inactive|p0lisindet0n has 20 seconds left.
|
|t:|1756747084
|switch|p1b: Ninetales|Ninetales-Alola, L50, M|100/100
|-weather|Snowscape|[from] ability: Snow Warning|[of] p1b: Ninetales
|-terastallize|p2b: Archaludon|Grass
|move|p1a: Sneasler|Close Combat|p2b: Archaludon
|-damage|p2b: Archaludon|53/100
|-unboost|p1a: Sneasler|def|1
|-unboost|p1a: Sneasler|spd|1
|-ability|p2b: Archaludon|Stamina|boost
|-boost|p2b: Archaludon|def|1
|move|p2a: Pelipper|Tailwind|p2a: Pelipper
|-sidestart|p2: lorycana_|move: Tailwind
|move|p2b: Archaludon|Electro Shot||[still]
|-prepare|p2b: Archaludon|Electro Shot
|-boost|p2b: Archaludon|spa|1
|
|-weather|Snowscape|[upkeep]
|-heal|p2b: Archaludon|59/100|[from] Grassy Terrain
|upkeep
|turn|2
|inactive|p0lisindet0n has 30 seconds left.
|inactive|p0lisindet0n has 20 seconds left.
|
|t:|1756747121
|switch|p2a: Incineroar|Incineroar, L50, M|100/100
|-ability|p2a: Incineroar|Intimidate|boost
|-unboost|p1a: Sneasler|atk|1
|-unboost|p1b: Ninetales|atk|1
|move|p2b: Archaludon|Electro Shot|p1a: Sneasler|[from] lockedmove
|-enditem|p1a: Sneasler|Focus Sash
|-damage|p1a: Sneasler|1/100
|move|p1a: Sneasler|Dire Claw|p2b: Archaludon
|-supereffective|p2b: Archaludon
|-damage|p2b: Archaludon|32/100
|-ability|p2b: Archaludon|Stamina|boost
|-boost|p2b: Archaludon|def|1
|-status|p2b: Archaludon|psn|[from] ability: Poison Touch|[of] p1a: Sneasler
|move|p1b: Ninetales|Blizzard|p2a: Incineroar|[spread] p2a,p2b
|-resisted|p2a: Incineroar
|-supereffective|p2b: Archaludon
|-damage|p2a: Incineroar|89/100
|-damage|p2b: Archaludon|0 fnt
|faint|p2b: Archaludon
|
|-weather|Snowscape|[upkeep]
|-heal|p1a: Sneasler|7/100|[from] Grassy Terrain
|-heal|p2a: Incineroar|95/100|[from] Grassy Terrain
|upkeep
|
|t:|1756747145
|switch|p2b: Pelipper|Pelipper, L50, F|100/100
|-weather|RainDance|[from] ability: Drizzle|[of] p2b: Pelipper
|turn|3
|
|t:|1756747165
|switch|p1b: Rillaboom|Rillaboom, L50, F|100/100
|move|p1a: Sneasler|Protect|p1a: Sneasler
|-singleturn|p1a: Sneasler|Protect
|move|p2b: Pelipper|Weather Ball|p1b: Rillaboom
|-resisted|p1b: Rillaboom
|-damage|p1b: Rillaboom|66/100
|move|p2a: Incineroar|Knock Off|p1a: Sneasler
|-activate|p1a: Sneasler|move: Protect
|
|-weather|RainDance|[upkeep]
|-heal|p1a: Sneasler|13/100|[from] Grassy Terrain
|-heal|p2a: Incineroar|100/100|[from] Grassy Terrain
|-heal|p1b: Rillaboom|72/100|[from] Grassy Terrain
|upkeep
|turn|4
|
|t:|1756747189
|switch|p1a: Ninetales|Ninetales-Alola, L50, M|100/100
|-weather|Snowscape|[from] ability: Snow Warning|[of] p1a: Ninetales
|move|p1b: Rillaboom|Fake Out|p2b: Pelipper
|-damage|p2b: Pelipper|82/100
|cant|p2b: Pelipper|flinch
|move|p2a: Incineroar|Knock Off|p1a: Ninetales
|-resisted|p1a: Ninetales
|-damage|p1a: Ninetales|83/100
|-enditem|p1a: Ninetales|Light Clay|[from] move: Knock Off|[of] p2a: Incineroar
|
|-weather|Snowscape|[upkeep]
|-heal|p1a: Ninetales|89/100|[from] Grassy Terrain
|-heal|p1b: Rillaboom|77/100|[from] Grassy Terrain
|-sideend|p2: lorycana_|move: Tailwind
|upkeep
|turn|5
|
|t:|1756747220
|move|p2b: Pelipper|Protect|p2b: Pelipper
|-singleturn|p2b: Pelipper|Protect
|move|p1a: Ninetales|Moonblast|p2a: Incineroar
|-damage|p2a: Incineroar|71/100
|move|p1b: Rillaboom|Wood Hammer|p2b: Pelipper
|-activate|p2b: Pelipper|move: Protect
|move|p2a: Incineroar|Flare Blitz|p1b: Rillaboom
|-supereffective|p1b: Rillaboom
|-damage|p1b: Rillaboom|0 fnt
|faint|p1b: Rillaboom
|-damage|p2a: Incineroar|44/100|[from] Recoil
|
|-weather|Snowscape|[upkeep]
|-heal|p1a: Ninetales|94/100|[from] Grassy Terrain
|-heal|p2a: Incineroar|50/100|[from] Grassy Terrain
|-fieldend|move: Grassy Terrain
|upkeep
|
|t:|1756747247
|switch|p1b: Sneasler|Sneasler, L50, M|13/100
|turn|6
|inactive|lorycana_ has 30 seconds left.
|
|t:|1756747278
|switch|p2b: Basculegion|Basculegion, L50, M|100/100
|move|p1b: Sneasler|Close Combat|p2a: Incineroar
|-supereffective|p2a: Incineroar
|-damage|p2a: Incineroar|0 fnt
|-unboost|p1b: Sneasler|def|1
|-unboost|p1b: Sneasler|spd|1
|faint|p2a: Incineroar
|move|p1a: Ninetales|Encore||[still]
|-fail|p1a: Ninetales
|
|-weather|Snowscape|[upkeep]
|upkeep
|
|t:|1756747292
|switch|p2a: Pelipper|Pelipper, L50, F|82/100
|-weather|RainDance|[from] ability: Drizzle|[of] p2a: Pelipper
|turn|7
|inactive|p0lisindet0n has 30 seconds left.
|inactive|p0lisindet0n has 20 seconds left.
|inactive|p0lisindet0n has 15 seconds left.
|
|t:|1756747335
|switch|p1a: Gholdengo|Gholdengo, L50|100/100
|move|p2b: Basculegion|Wave Crash|p1a: Gholdengo
|-damage|p1a: Gholdengo|0 fnt
|faint|p1a: Gholdengo
|-damage|p2b: Basculegion|71/100|[from] Recoil
|move|p1b: Sneasler|Dire Claw|p2b: Basculegion
|-resisted|p2b: Basculegion
|-damage|p2b: Basculegion|42/100
|-status|p2b: Basculegion|psn|[from] ability: Poison Touch|[of] p1b: Sneasler
|move|p2a: Pelipper|Tailwind|p2a: Pelipper
|-sidestart|p2: lorycana_|move: Tailwind
|
|-weather|RainDance|[upkeep]
|-damage|p2b: Basculegion|29/100 psn|[from] psn
|upkeep
|
|t:|1756747350
|switch|p1a: Ninetales|Ninetales-Alola, L50, M|94/100
|-weather|Snowscape|[from] ability: Snow Warning|[of] p1a: Ninetales
|turn|8
|inactive|p0lisindet0n has 30 seconds left.
|
|t:|1756747382
|-terastallize|p1b: Sneasler|Stellar
|move|p2b: Basculegion|Last Respects|p1a: Ninetales
|-damage|p1a: Ninetales|34/100
|move|p2a: Pelipper|Weather Ball|p1b: Sneasler
|-damage|p1b: Sneasler|0 fnt
|faint|p1b: Sneasler
|move|p1a: Ninetales|Moonblast|p2b: Basculegion
|-damage|p2b: Basculegion|0 fnt
|faint|p2b: Basculegion
|
|-weather|Snowscape|[upkeep]
|upkeep
|turn|9
|
|t:|1756747402
|move|p2a: Pelipper|Hurricane|p1a: Ninetales
|-damage|p1a: Ninetales|0 fnt
|faint|p1a: Ninetales
|
|win|lorycana_
||p0lisindet0n is ready for game 2.
