|j|☆tizio20
|j|☆TheRealEmilyRose
|html|tizio20TheRealEmilyRose    
|uhtml|bestof|Game 1 of a best-of-3
|t:|1783533962
|gametype|doubles
|player|p1|tizio20|169|
|player|p2|TheRealEmilyRose|dawn|
|gen|9
|tier|[Gen 9 Champions] VGC 2026 Reg M-B (Bo3)
|rule|Species Clause: Limit one of each Pokémon
|rule|Item Clause: Limit 1 of each item
|clearpoke
|poke|p1|Froslass, L50, F|
|poke|p1|Sneasler, L50, F|
|poke|p1|Kingambit, L50, M|
|poke|p1|Rotom-Mow, L50|
|poke|p1|Garchomp, L50, M|
|poke|p1|Aerodactyl, L50, F|
|poke|p2|Charizard, L50, M|
|poke|p2|Aerodactyl, L50, M|
|poke|p2|Garchomp, L50, F|
|poke|p2|Farigiraf, L50, F|
|poke|p2|Sylveon, L50, F|
|poke|p2|Kingambit, L50, M|
|teampreview|4
|showteam|p1|Froslass||Froslassite|CursedBody|Blizzard,ShadowBall,AuroraVeil,Protect|Timid||F|||50|]Sneasler||WhiteHerb|Unburden|CloseCombat,DireClaw,FakeOut,Protect|Adamant||F|||50|]Kingambit||BlackGlasses|Defiant|KowtowCleave,IronHead,SuckerPunch,Protect|Adamant||M|||50|]Rotom-Mow||Leftovers|Levitate|LeafStorm,Thunderbolt,WillOWisp,Protect|Timid|||||50|]Garchomp||LifeOrb|RoughSkin|DragonClaw,RockSlide,StompingTantrum,Protect|Jolly||M|||50|]Aerodactyl||Aerodactylite|Unnerve|RockSlide,IceFang,DualWingbeat,Tailwind|Jolly||F|||50|
|showteam|p2|Charizard||CharizarditeY|Blaze|HeatWave,WeatherBall,SolarBeam,Protect|Timid||M|||50|]Aerodactyl||Aerodactylite|Unnerve|RockSlide,IceFang,Tailwind,Protect|Jolly||M|||50|]Garchomp||LifeOrb|RoughSkin|Earthquake,DragonClaw,RockSlide,Protect|Jolly||F|||50|]Farigiraf||ColburBerry|ArmorTail|TwinBeam,Thunderbolt,TrickRoom,HelpingHand|Relaxed||F|||50|]Sylveon||FairyFeather|Pixilate|HyperVoice,HyperBeam,QuickAttack,Detect|Quiet||F|||50|]Kingambit||FocusSash|Defiant|KowtowCleave,SuckerPunch,IronHead,LowKick|Adamant||M|||50|
|inactive|Battle timer is ON: inactive players will automatically lose when time's up. (requested by TheRealEmilyRose)
|inactive|tizio20 has 60 seconds left.
|inactive|tizio20 has 30 seconds left.
|
|t:|1783534029
|teamsize|p1|4
|teamsize|p2|4
|start
|switch|p1a: Aerodactyl|Aerodactyl, L50, F|100/100
|switch|p1b: Sneasler|Sneasler, L50, F|100/100
|switch|p2a: Charizard|Charizard, L50, M|100/100
|switch|p2b: Aerodactyl|Aerodactyl, L50, M|100/100
|-ability|p2b: Aerodactyl|Unnerve
|-ability|p1a: Aerodactyl|Unnerve
|turn|1
|inactive|tizio20 has 30 seconds left.
|inactive|TheRealEmilyRose has 30 seconds left.
|
|t:|1783534062
|move|p2a: Charizard|Protect|p2a: Charizard
|-singleturn|p2a: Charizard|Protect
|move|p1b: Sneasler|Fake Out|p2b: Aerodactyl
|-resisted|p2b: Aerodactyl|1
|-damage|p2b: Aerodactyl|87/100
|move|p1a: Aerodactyl|Rock Slide|p2b: Aerodactyl|[spread] 
|-activate|p2a: Charizard|move: Protect
|-miss|p1a: Aerodactyl|p2b: Aerodactyl
|cant|p2b: Aerodactyl|flinch
|
|upkeep
|turn|2
|inactive|tizio20 has 30 seconds left.
|
|t:|1783534095
|switch|p2a: Kingambit|Kingambit, L50, M|100/100
|move|p1b: Sneasler|Protect|p1b: Sneasler
|-singleturn|p1b: Sneasler|Protect
|move|p1a: Aerodactyl|Rock Slide|p2a: Kingambit|[spread] p2a,p2b
|-resisted|p2a: Kingambit|1
|-supereffective|p2b: Aerodactyl|1
|-damage|p2a: Kingambit|88/100
|-damage|p2b: Aerodactyl|13/100
|move|p2b: Aerodactyl|Tailwind|p2b: Aerodactyl
|-sidestart|p2: TheRealEmilyRose|move: Tailwind
|
|upkeep
|turn|3
|inactive|TheRealEmilyRose has 30 seconds left.
|
|t:|1783534125
|move|p2b: Aerodactyl|Rock Slide|p1a: Aerodactyl|[spread] p1b
|-miss|p2b: Aerodactyl|p1a: Aerodactyl
|-resisted|p1b: Sneasler|1
|-crit|p1b: Sneasler
|-damage|p1b: Sneasler|70/100
|move|p2a: Kingambit|Iron Head|p1a: Aerodactyl
|-supereffective|p1a: Aerodactyl|1
|-damage|p1a: Aerodactyl|0 fnt
|faint|p1a: Aerodactyl
|move|p1b: Sneasler|Close Combat|p2a: Kingambit
|-supereffective|p2a: Kingambit|2
|-damage|p2a: Kingambit|0 fnt
|-unboost|p1b: Sneasler|def|1
|-unboost|p1b: Sneasler|spd|1
|faint|p2a: Kingambit
|-enditem|p1b: Sneasler|White Herb
|-clearnegativeboost|p1b: Sneasler|[silent]
|
|upkeep
|
|t:|1783534145
|switch|p1a: Froslass|Froslass, L50, F|100/100
|switch|p2a: Garchomp|Garchomp, L50, F|100/100
|turn|4
|
|t:|1783534161
|move|p1a: Froslass|Protect|p1a: Froslass
|-singleturn|p1a: Froslass|Protect
|move|p2b: Aerodactyl|Rock Slide|p1a: Froslass|[spread] p1b
|-activate|p1a: Froslass|move: Protect
|-resisted|p1b: Sneasler|1
|-damage|p1b: Sneasler|49/100
|move|p1b: Sneasler|Close Combat|p2b: Aerodactyl
|-damage|p2b: Aerodactyl|0 fnt
|-unboost|p1b: Sneasler|def|1
|-unboost|p1b: Sneasler|spd|1
|faint|p2b: Aerodactyl
|move|p2a: Garchomp|Earthquake|p1a: Froslass|[spread] p1b
|-activate|p1a: Froslass|move: Protect
|-supereffective|p1b: Sneasler|1
|-damage|p1b: Sneasler|0 fnt
|faint|p1b: Sneasler
|-damage|p2a: Garchomp|90/100|[from] item: Life Orb
|
|upkeep
|
|t:|1783534178
|switch|p2b: Charizard|Charizard, L50, M|100/100
|switch|p1b: Garchomp|Garchomp, L50, M|100/100
|turn|5
|
|t:|1783534196
|detailschange|p2b: Charizard|Charizard-Mega-Y, L50, M
|-mega|p2b: Charizard|Charizard|Charizardite Y
|-weather|SunnyDay|[from] ability: Drought|[of] p2b: Charizard
|detailschange|p1a: Froslass|Froslass-Mega, L50, F
|-mega|p1a: Froslass|Froslass|Froslassite
|-weather|Snowscape|[from] ability: Snow Warning|[of] p1a: Froslass
|move|p1b: Garchomp|Protect|p1b: Garchomp
|-singleturn|p1b: Garchomp|Protect
|move|p2a: Garchomp|Dragon Claw|p1b: Garchomp
|-activate|p1b: Garchomp|move: Protect
|move|p2b: Charizard|Heat Wave|p1a: Froslass|[spread] p1a
|-activate|p1b: Garchomp|move: Protect
|-supereffective|p1a: Froslass|1
|-damage|p1a: Froslass|19/100
|move|p1a: Froslass|Blizzard|p2b: Charizard|[spread] p2a,p2b
|-supereffective|p2a: Garchomp|2
|-damage|p2a: Garchomp|0 fnt
|-damage|p2b: Charizard|56/100
|faint|p2a: Garchomp
|
|-weather|Snowscape|[upkeep]
|-sideend|p2: TheRealEmilyRose|move: Tailwind
|upkeep
|turn|6
|
|t:|1783534220
|move|p1a: Froslass|Shadow Ball|p2b: Charizard
|-damage|p2b: Charizard|18/100
|move|p1b: Garchomp|Dragon Claw|p2b: Charizard
|-crit|p2b: Charizard
|-damage|p2b: Charizard|0 fnt
|faint|p2b: Charizard
|-damage|p1b: Garchomp|90/100|[from] item: Life Orb
|
|win|tizio20
||tizio20 is ready for game 2.
||TheRealEmilyRose is ready for game 2.
|uhtml|next|Next: Game 2 of 3
