|j|☆palle synchro
|j|☆JJack_Olanturn
|html|palle synchroJJack_Olanturn    
|uhtml|bestof|Game 3 of a best-of-3
|t:|1784841280
|gametype|doubles
|player|p1|palle synchro|volkner|1356
|player|p2|JJack_Olanturn|benga|1289
|gen|9
|tier|[Gen 9 Champions] VGC 2026 Reg M-B (Bo3)
|rated|
|rule|Species Clause: Limit one of each Pokémon
|rule|Item Clause: Limit 1 of each item
|clearpoke
|poke|p1|Charizard, L50, F|
|poke|p1|Venusaur, L50, M|
|poke|p1|Dragonite, L50, M|
|poke|p1|Archaludon, L50, M|
|poke|p1|Pelipper, L50, F|
|poke|p1|Basculegion, L50, M|
|poke|p2|Tyranitar, L50, M, shiny|
|poke|p2|Hydreigon, L50, F|
|poke|p2|Excadrill, L50, M, shiny|
|poke|p2|Toxapex, L50, M|
|poke|p2|Gholdengo, L50|
|poke|p2|Staraptor, L50, F, shiny|
|teampreview|4
|showteam|p1|Charizard||CharizarditeY|Blaze|HeatWave,WeatherBall,SolarBeam,Protect|Modest||F|||50|]Venusaur||FocusSash|Chlorophyll|SludgeBomb,EarthPower,SleepPowder,Protect|Modest||M|||50|]Dragonite||Dragoninite|Multiscale|DragonPulse,Flamethrower,Tailwind,Protect|Modest||M|||50|]Archaludon||Leftovers|Stamina|ElectroShot,DragonPulse,FlashCannon,Protect|Modest||M|||50|]Pelipper||SitrusBerry|Drizzle|WeatherBall,Hurricane,Tailwind,Protect|Modest||F|||50|]Basculegion||ChoiceScarf|Adaptability|WaveCrash,LastRespects,FlipTurn,AquaJet|Jolly||M|||50|
|showteam|p2|Tyranitar||Tyranitarite|SandStream|RockSlide,KnockOff,StompingTantrum,Protect|Jolly||M|||50|]Hydreigon||ChoiceScarf|Levitate|DarkPulse,DracoMeteor,EarthPower,Snarl|Modest||F|||50|]Excadrill||FocusSash|SandRush|HighHorsepower,IronHead,RockSlide,Protect|Adamant||M|||50|]Toxapex||Leftovers|Regenerator|Toxic,Infestation,WideGuard,BanefulBunker|Relaxed||M|||50|]Gholdengo||LifeOrb|GoodasGold|MakeItRain,ShadowBall,NastyPlot,Protect|Modest|||||50|]Staraptor||Staraptite|Intimidate|CloseCombat,BraveBird,Tailwind,Protect|Jolly||F|||50|
|inactive|Battle timer is ON: inactive players will automatically lose when time's up. (requested by palle synchro)
|inactive|JJack_Olanturn has 60 seconds left.
|
|t:|1784841313
|teamsize|p1|4
|teamsize|p2|4
|start
|switch|p1a: Archaludon|Archaludon, L50, M|100/100
|switch|p1b: Basculegion|Basculegion, L50, M|100/100
|switch|p2a: Blitzkrieg|Staraptor, L50, F, shiny|100/100
|switch|p2b: Oil?|Excadrill, L50, M, shiny|100/100
|-ability|p2a: Blitzkrieg|Intimidate|boost
|-unboost|p1a: Archaludon|atk|1
|-unboost|p1b: Basculegion|atk|1
|turn|1
|inactive|palle synchro has 30 seconds left.
|
|t:|1784841346
|switch|p1a: Pelipper|Pelipper, L50, F|100/100
|-weather|RainDance|[from] ability: Drizzle|[of] p1a: Pelipper
|detailschange|p2a: Blitzkrieg|Staraptor-Mega, L50, F, shiny
|-mega|p2a: Blitzkrieg|Staraptor|Staraptite
|move|p1b: Basculegion|Flip Turn|p2a: Blitzkrieg
|-damage|p2a: Blitzkrieg|62/100
|
|t:|1784841353
|switch|p1b: Archaludon|Archaludon, L50, M|100/100|[from] Flip Turn
|move|p2a: Blitzkrieg|Close Combat|p1a: Pelipper
|-resisted|p1a: Pelipper|1
|-damage|p1a: Pelipper|69/100
|-boost|p2a: Blitzkrieg|def|1
|-boost|p2a: Blitzkrieg|spd|1
|move|p2b: Oil?|High Horsepower|p1a: Pelipper
|-immune|p1a: Pelipper
|
|-weather|RainDance|[upkeep]
|upkeep
|turn|2
|
|t:|1784841373
|switch|p2b: Sandman|Tyranitar, L50, M, shiny|100/100
|-weather|Sandstorm|[from] ability: Sand Stream|[of] p2b: Sandman
|switch|p1b: Dragonite|Dragonite, L50, M|100/100
|switch|p1a: Basculegion|Basculegion, L50, M|100/100
|move|p2a: Blitzkrieg|Brave Bird|p1a: Basculegion
|-damage|p1a: Basculegion|36/100
|-damage|p2a: Blitzkrieg|41/100|[from] Recoil
|
|-weather|Sandstorm|[upkeep]
|-damage|p1a: Basculegion|30/100|[from] Sandstorm
|-damage|p2a: Blitzkrieg|35/100|[from] Sandstorm
|-damage|p1b: Dragonite|94/100|[from] Sandstorm
|upkeep
|turn|3
|inactive|JJack_Olanturn has 30 seconds left.
|
|t:|1784841402
|switch|p2a: Terrify|Hydreigon, L50, F|100/100
|detailschange|p1b: Dragonite|Dragonite-Mega, L50, M
|-mega|p1b: Dragonite|Dragonite|Dragoninite
|move|p1a: Basculegion|Wave Crash|p2b: Sandman
|-supereffective|p2b: Sandman|1
|-damage|p2b: Sandman|0 fnt
|faint|p2b: Sandman
|-damage|p1a: Basculegion|0 fnt|[from] Recoil
|faint|p1a: Basculegion
|move|p1b: Dragonite|Dragon Pulse|p2a: Terrify
|-supereffective|p2a: Terrify|1
|-damage|p2a: Terrify|0 fnt
|faint|p2a: Terrify
|
|-weather|Sandstorm|[upkeep]
|-damage|p1b: Dragonite|88/100|[from] Sandstorm
|upkeep
|
|t:|1784841416
|switch|p1a: Pelipper|Pelipper, L50, F|69/100
|switch|p2a: Blitzkrieg|Staraptor-Mega, L50, F, shiny|35/100
|switch|p2b: Oil?|Excadrill, L50, M, shiny|100/100
|-weather|RainDance|[from] ability: Drizzle|[of] p1a: Pelipper
|turn|4
|
|t:|1784841427
|move|p2a: Blitzkrieg|Tailwind|p2a: Blitzkrieg
|-sidestart|p2: JJack_Olanturn|move: Tailwind
|move|p2b: Oil?|Rock Slide|p1b: Dragonite|[spread] p1a,p1b
|-supereffective|p1a: Pelipper|1
|-supereffective|p1b: Dragonite|1
|-damage|p1a: Pelipper|21/100
|-damage|p1b: Dragonite|42/100
|-enditem|p1a: Pelipper|Sitrus Berry|[eat]
|-heal|p1a: Pelipper|46/100|[from] item: Sitrus Berry
|cant|p1b: Dragonite|flinch
|move|p1a: Pelipper|Hurricane|p2a: Blitzkrieg
|-supereffective|p2a: Blitzkrieg|1
|-damage|p2a: Blitzkrieg|0 fnt
|faint|p2a: Blitzkrieg
|
|-weather|RainDance|[upkeep]
|upkeep
|turn|5
|
|t:|1784841440
|switch|p1b: Archaludon|Archaludon, L50, M|100/100
|move|p2b: Oil?|Rock Slide|p1b: Archaludon|[spread] p1a,p1b
|-supereffective|p1a: Pelipper|1
|-resisted|p1b: Archaludon|1
|-damage|p1a: Pelipper|0 fnt
|-damage|p1b: Archaludon|91/100
|-ability|p1b: Archaludon|Stamina|boost
|-boost|p1b: Archaludon|def|1
|faint|p1a: Pelipper
|
|-weather|RainDance|[upkeep]
|-heal|p1b: Archaludon|97/100|[from] item: Leftovers
|upkeep
|
|t:|1784841449
|switch|p1a: Dragonite|Dragonite-Mega, L50, M|42/100
|turn|6
|
|t:|1784841454
|move|p1a: Dragonite|Protect|p1a: Dragonite
|-singleturn|p1a: Dragonite|Protect
|move|p1b: Archaludon|Protect|p1b: Archaludon
|-singleturn|p1b: Archaludon|Protect
|move|p2b: Oil?|Rock Slide|p1b: Archaludon|[spread] 
|-activate|p1a: Dragonite|move: Protect
|-activate|p1b: Archaludon|move: Protect
|
|-weather|RainDance|[upkeep]
|-heal|p1b: Archaludon|100/100|[from] item: Leftovers
|upkeep
|turn|7
|
|t:|1784841464
|move|p2b: Oil?|Rock Slide|p1a: Dragonite|[spread] p1a,p1b
|-supereffective|p1a: Dragonite|1
|-resisted|p1b: Archaludon|1
|-damage|p1a: Dragonite|3/100
|-damage|p1b: Archaludon|94/100
|-ability|p1b: Archaludon|Stamina|boost
|-boost|p1b: Archaludon|def|1
|cant|p1a: Dragonite|flinch
|move|p1b: Archaludon|Dragon Pulse|p2b: Oil?
|-resisted|p2b: Oil?|1
|-damage|p2b: Oil?|72/100
|
|-weather|RainDance|[upkeep]
|-heal|p1b: Archaludon|100/100|[from] item: Leftovers
|-sideend|p2: JJack_Olanturn|move: Tailwind
|upkeep
|turn|8
|-message|JJack_Olanturn forfeited.
|
|win|palle synchro
|raw|palle synchro's rating: 1356 → 1372(+16 for winning)
|raw|JJack_Olanturn's rating: 1289 → 1269(-20 for losing)
