|j|☆thebeast4895
|j|☆beeetch
|html|thebeast4895beeetch    
|uhtml|bestof|Game 1 of a best-of-3
|t:|1784580472
|gametype|doubles
|player|p1|thebeast4895|1|1193
|player|p2|beeetch|170|1112
|gen|9
|tier|[Gen 9 Champions] VGC 2026 Reg M-B (Bo3)
|rated|
|rule|Species Clause: Limit one of each Pokémon
|rule|Item Clause: Limit 1 of each item
|clearpoke
|poke|p1|Whimsicott, L50, M|
|poke|p1|Houndoom, L50, M|
|poke|p1|Farigiraf, L50, M|
|poke|p1|Floette-Eternal, L50, F|
|poke|p1|Annihilape, L50, M, shiny|
|poke|p1|Sinistcha, L50, shiny|
|poke|p2|Blastoise, L50, M|
|poke|p2|Sneasler, L50, F|
|poke|p2|Incineroar, L50, F|
|poke|p2|Sinistcha, L50|
|poke|p2|Kingambit, L50, M|
|poke|p2|Delphox, L50, F|
|teampreview|4
|showteam|p1|Whimsicott||FocusSash|Prankster|FakeTears,Moonblast,Tailwind,SunnyDay|Timid||M|||50|]Houndoom||Houndoominite|FlashFire|Protect,NastyPlot,DarkPulse,HeatWave|Serious||M|||50|]Farigiraf||ColburBerry|ArmorTail|Protect,Psychic,Imprison,TrickRoom|Bold||M|||50|]Floette-Eternal||Floettite|FlowerVeil|Protect,DazzlingGleam,LightofRuin,Moonblast|Modest||F|||50|]Annihilape||SitrusBerry|Defiant|Protect,RageFist,DrainPunch,BulkUp|Adamant||M|||50|]Sinistcha||KasibBerry|Hospitality|Protect,MatchaGotcha,RagePowder,TrickRoom|Modest|||||50|
|showteam|p2|Blastoise||Blastoisinite|Torrent|FakeOut,DarkPulse,WaterSpout,Protect|Modest||M|||50|]Sneasler||FocusSash|PoisonTouch|FakeOut,DireClaw,CloseCombat,Protect|Jolly||F|||50|]Incineroar||SitrusBerry|Intimidate|FakeOut,FlareBlitz,DarkestLariat,PartingShot|Impish||F|||50|]Sinistcha||KasibBerry|Hospitality|MatchaGotcha,LifeDew,RagePowder,Protect|Bold|||||50|]Kingambit||ChopleBerry|Defiant|SuckerPunch,KowtowCleave,IronHead,Protect|Adamant||M|||50|]Delphox||Delphoxite|Blaze|HeatWave,Psyshock,NastyPlot,Protect|Timid||F|||50|
|c|☆thebeast4895|hmmm why delphox?
|c|☆thebeast4895|hold on ill brb
|c|☆beeetch|not my team
|
|t:|1784580537
|teamsize|p1|4
|teamsize|p2|4
|start
|switch|p1a: Annihilape|Annihilape, L50, M, shiny|100/100
|switch|p1b: Farigiraf|Farigiraf, L50, M|100/100
|switch|p2a: Blastoise|Blastoise, L50, M|100/100
|switch|p2b: Sinistcha|Sinistcha, L50|100/100
|turn|1
|c|☆thebeast4895|that explains it brb
|inactive|Battle timer is ON: inactive players will automatically lose when time's up. (requested by beeetch)
|c|☆thebeast4895|just said brb
|c|☆thebeast4895|im back now
|
|t:|1784580630
|detailschange|p2a: Blastoise|Blastoise-Mega, L50, M
|-mega|p2a: Blastoise|Blastoise|Blastoisinite
|move|p2b: Sinistcha|Rage Powder|p2b: Sinistcha
|-singleturn|p2b: Sinistcha|move: Rage Powder
|move|p2a: Blastoise|Water Spout|p1b: Farigiraf|[spread] p1a,p1b
|-damage|p1a: Annihilape|40/100
|-damage|p1b: Farigiraf|29/100
|-enditem|p1a: Annihilape|Sitrus Berry|[eat]
|-heal|p1a: Annihilape|64/100|[from] item: Sitrus Berry
|move|p1a: Annihilape|Bulk Up|p1a: Annihilape
|-boost|p1a: Annihilape|atk|1
|-boost|p1a: Annihilape|def|1
|move|p1b: Farigiraf|Trick Room|p1b: Farigiraf
|-fieldstart|move: Trick Room|[of] p1b: Farigiraf
|
|upkeep
|turn|2
|
|t:|1784580652
|move|p1b: Farigiraf|Protect|p1b: Farigiraf
|-singleturn|p1b: Farigiraf|Protect
|move|p2b: Sinistcha|Rage Powder|p2b: Sinistcha
|-singleturn|p2b: Sinistcha|move: Rage Powder
|move|p1a: Annihilape|Rage Fist|p2b: Sinistcha
|-supereffective|p2b: Sinistcha|1
|-enditem|p2b: Sinistcha|Kasib Berry|[eat]
|-enditem|p2b: Sinistcha|Kasib Berry|[weaken]
|-damage|p2b: Sinistcha|49/100
|move|p2a: Blastoise|Water Spout|p1a: Annihilape|[spread] p1a
|-activate|p1b: Farigiraf|move: Protect
|-damage|p1a: Annihilape|9/100
|
|upkeep
|turn|3
|
|t:|1784580669
|move|p1a: Annihilape|Protect|p1a: Annihilape
|-singleturn|p1a: Annihilape|Protect
|move|p2b: Sinistcha|Rage Powder|p2b: Sinistcha
|-singleturn|p2b: Sinistcha|move: Rage Powder
|move|p1b: Farigiraf|Psychic|p2b: Sinistcha
|-damage|p2b: Sinistcha|16/100
|move|p2a: Blastoise|Water Spout|p1a: Annihilape|[spread] p1b
|-activate|p1a: Annihilape|move: Protect
|-damage|p1b: Farigiraf|0 fnt
|faint|p1b: Farigiraf
|
|upkeep
|
|t:|1784580678
|switch|p1b: Sinistcha|Sinistcha, L50, shiny|100/100
|-heal|p1a: Annihilape|34/100|[from] ability: Hospitality|[of] p1b: Sinistcha
|turn|4
|
|t:|1784580688
|move|p2b: Sinistcha|Rage Powder|p2b: Sinistcha
|-singleturn|p2b: Sinistcha|move: Rage Powder
|move|p1b: Sinistcha|Matcha Gotcha|p2b: Sinistcha|[spread] p2a
|-miss|p1b: Sinistcha|p2b: Sinistcha
|-supereffective|p2a: Blastoise|1
|-damage|p2a: Blastoise|42/100
|-status|p2a: Blastoise|brn
|move|p1a: Annihilape|Rage Fist|p2b: Sinistcha
|-supereffective|p2b: Sinistcha|1
|-damage|p2b: Sinistcha|0 fnt
|faint|p2b: Sinistcha
|move|p2a: Blastoise|Dark Pulse|p1a: Annihilape
|-damage|p1a: Annihilape|0 fnt
|faint|p1a: Annihilape
|
|-damage|p2a: Blastoise|36/100 brn|[from] brn
|upkeep
|
|t:|1784580707
|switch|p2b: Sneasler|Sneasler, L50, F|100/100
|switch|p1a: Floette|Floette-Eternal, L50, F|100/100
|turn|5
|
|t:|1784580720
|detailschange|p1a: Floette|Floette-Mega, L50, F
|-mega|p1a: Floette|Floette|Floettite
|-ability|p1a: Floette|Fairy Aura
|move|p2b: Sneasler|Fake Out|p1a: Floette
|-damage|p1a: Floette|80/100
|move|p1b: Sinistcha|Matcha Gotcha|p2a: Blastoise|[spread] p2a,p2b
|-supereffective|p2a: Blastoise|1
|-resisted|p2b: Sneasler|1
|-damage|p2a: Blastoise|0 fnt
|-damage|p2b: Sneasler|80/100
|faint|p2a: Blastoise
|cant|p1a: Floette|flinch
|
|-fieldend|move: Trick Room
|upkeep
|
|t:|1784580728
|switch|p2a: Kingambit|Kingambit, L50, M|100/100
|turn|6
|
|t:|1784580742
|move|p2b: Sneasler|Protect|p2b: Sneasler
|-singleturn|p2b: Sneasler|Protect
|move|p1b: Sinistcha|Rage Powder|p1b: Sinistcha
|-singleturn|p1b: Sinistcha|move: Rage Powder
|move|p1a: Floette|Moonblast|p2b: Sneasler
|-activate|p2b: Sneasler|move: Protect
|move|p2a: Kingambit|Kowtow Cleave|p1b: Sinistcha
|-supereffective|p1b: Sinistcha|1
|-damage|p1b: Sinistcha|7/100
|
|upkeep
|turn|7
|
|t:|1784580760
|move|p1b: Sinistcha|Protect|p1b: Sinistcha
|-singleturn|p1b: Sinistcha|Protect
|move|p2b: Sneasler|Dire Claw|p1b: Sinistcha
|-activate|p1b: Sinistcha|move: Protect
|move|p1a: Floette|Light of Ruin|p2a: Kingambit|[miss]
|-miss|p1a: Floette|p2a: Kingambit
|move|p2a: Kingambit|Iron Head|p1a: Floette
|-supereffective|p1a: Floette|1
|-damage|p1a: Floette|0 fnt
|faint|p1a: Floette
|
|upkeep
|turn|8
|c|☆thebeast4895|BREHH
|c|☆thebeast4895|okay
|c|☆thebeast4895|can we admit
|c|☆thebeast4895|i played that perfectly
|c|☆thebeast4895|and shoulda won that
|inactive|thebeast4895 has 30 seconds left.
|c|☆thebeast4895|can we?
|
|t:|1784580790
|move|p2b: Sneasler|Dire Claw|p1b: Sinistcha
|-damage|p1b: Sinistcha|0 fnt
|faint|p1b: Sinistcha
|
|win|beeetch
