|j|☆DragoMX
|j|☆atealcoloredcat
|html|DragoMXatealcoloredcat    
|uhtml|bestof|Game 2 of a best-of-3
|t:|1785182592
|gametype|doubles
|player|p1|DragoMX|brock|
|player|p2|atealcoloredcat|psychic|
|gen|9
|tier|[Gen 9 Champions] VGC 2026 Reg M-B (Bo3)
|rule|Species Clause: Limit one of each Pokémon
|rule|Item Clause: Limit 1 of each item
|clearpoke
|poke|p1|Krookodile, L50, M|
|poke|p1|Whimsicott, L50, F|
|poke|p1|Staraptor, L50, M|
|poke|p1|Clawitzer, L50, M|
|poke|p1|Mimikyu, L50, M|
|poke|p1|Gallade, L50, M|
|poke|p2|Meowstic, L50, M|
|poke|p2|Farigiraf, L50, F, shiny|
|poke|p2|Delphox, L50, M, shiny|
|poke|p2|Incineroar, L50, M|
|poke|p2|Slowbro-Galar, L50, F|
|poke|p2|Espathra, L50, M|
|teampreview|4
|showteam|p1|Krookodile||ChoiceScarf|Moxie|Crunch,HighHorsepower,RockSlide,Earthquake|Adamant||M|||50|]Whimsicott||FocusSash|Prankster|Protect,LightScreen,Tailwind,FakeTears|Timid||F|||50|]Staraptor||Staraptite|Intimidate|BraveBird,Protect,Endure,CloseCombat|Jolly||M|||50|]Clawitzer||ExpertBelt|MegaLauncher|WaterPulse,DarkPulse,Protect,MuddyWater|Sassy||M|||50|]Mimikyu||MentalHerb|Disguise|TrickRoom,ShadowClaw,Protect,Curse|Sassy||M|||50|]Gallade||WhiteHerb|Sharpness|NightSlash,SacredSword,TrickRoom,Protect|Adamant||M|||50|
|showteam|p2|Meowstic||Meowsticite|Prankster|FakeOut,AlluringVoice,PsychicTerrain,ExpandingForce|Calm||M|||50|]Farigiraf||ColburBerry|ArmorTail|TrickRoom,HelpingHand,PsychicTerrain,ExpandingForce|Modest||F|||50|]Delphox||Delphoxite|Blaze|Protect,DazzlingGleam,RolePlay,ExpandingForce|Modest||M|||50|]Incineroar||MuscleBand|Intimidate|FakeOut,HelpingHand,DarkestLariat,BrickBreak|Adamant||M|||50|]Slowbro-Galar||QuickClaw|QuickDraw|TrickRoom,HelpingHand,IcyWind,AcidSpray|Calm||F|||50|]Espathra||FocusSash|SpeedBoost|Protect,DazzlingGleam,PsychicTerrain,SkillSwap|Modest||M|||50|
|j| Tbigongue
|
|t:|1785182676
|teamsize|p1|4
|teamsize|p2|4
|start
|switch|p1a: Mr Claw|Clawitzer, L50, M|100/100
|switch|p1b: The Mimic|Mimikyu, L50, M|100/100
|switch|p2a: Candace Flynn|Farigiraf, L50, F, shiny|100/100
|switch|p2b: Autism Creature|Meowstic, L50, M|100/100
|turn|1
|
|t:|1785182712
|move|p1a: Mr Claw|Protect|p1a: Mr Claw
|-singleturn|p1a: Mr Claw|Protect
|move|p2b: Autism Creature|Psychic Terrain|p2b: Autism Creature
|-fieldstart|move: Psychic Terrain
|move|p1b: The Mimic|Shadow Claw|p2b: Autism Creature
|-supereffective|p2b: Autism Creature|1
|-damage|p2b: Autism Creature|36/100
|move|p2a: Candace Flynn|Expanding Force|p1b: The Mimic|[spread] p1b
|-activate|p1a: Mr Claw|move: Protect
|-activate|p1b: The Mimic|ability: Disguise
|-damage|p1b: The Mimic|100/100
|detailschange|p1b: The Mimic|Mimikyu-Busted, L50, M
|-damage|p1b: The Mimic|87/100|[from] pokemon: Mimikyu-Busted
|
|upkeep
|turn|2
|l| Tbigongue
|j| Tbigongue
|
|t:|1785182744
|switch|p2b: 7/27 IncineroarDay|Incineroar, L50, M|100/100
|-ability|p2b: 7/27 IncineroarDay|Intimidate|boost
|-unboost|p1a: Mr Claw|atk|1
|-unboost|p1b: The Mimic|atk|1
|move|p2a: Candace Flynn|Expanding Force|p1b: The Mimic|[spread] p1a,p1b
|-damage|p1a: Mr Claw|45/100
|-damage|p1b: The Mimic|41/100
|move|p1a: Mr Claw|Water Pulse|p2a: Candace Flynn
|-damage|p2a: Candace Flynn|58/100
|move|p1b: The Mimic|Trick Room|p1b: The Mimic
|-fieldstart|move: Trick Room|[of] p1b: The Mimic
|
|upkeep
|turn|3
|
|t:|1785182794
|move|p2a: Candace Flynn|Helping Hand|p2b: 7/27 IncineroarDay
|-singleturn|p2b: 7/27 IncineroarDay|Helping Hand|[of] p2a: Candace Flynn
|move|p1a: Mr Claw|Protect|p1a: Mr Claw
|-singleturn|p1a: Mr Claw|Protect
|move|p1b: The Mimic|Protect|p1b: The Mimic
|-singleturn|p1b: The Mimic|Protect
|move|p2b: 7/27 IncineroarDay|Darkest Lariat|p1b: The Mimic
|-activate|p1b: The Mimic|move: Protect
|
|upkeep
|turn|4
|
|t:|1785182856
|move|p1a: Mr Claw|Dark Pulse|p2a: Candace Flynn
|-supereffective|p2a: Candace Flynn|1
|-enditem|p2a: Candace Flynn|Colbur Berry|[eat]
|-enditem|p2a: Candace Flynn|Colbur Berry|[weaken]
|-damage|p2a: Candace Flynn|7/100
|move|p2a: Candace Flynn|Expanding Force|p1b: The Mimic|[spread] p1a,p1b
|-crit|p1b: The Mimic
|-damage|p1a: Mr Claw|0 fnt
|-damage|p1b: The Mimic|0 fnt
|faint|p1a: Mr Claw
|faint|p1b: The Mimic
|move|p2b: 7/27 IncineroarDay|Darkest Lariat|p1: Mr Claw|[notarget]
|-fail|p2b: 7/27 IncineroarDay
|
|upkeep
|
|t:|1785182863
|switch|p1a: Creature|Whimsicott, L50, F|100/100
|switch|p1b: Feature|Staraptor, L50, M|100/100
|-ability|p1b: Feature|Intimidate|boost
|-unboost|p2a: Candace Flynn|atk|1
|-unboost|p2b: 7/27 IncineroarDay|atk|1
|turn|5
|l| Tbigongue
|j| Tbigongue
|
|t:|1785182909
|move|p2b: 7/27 IncineroarDay|Helping Hand|p2a: Candace Flynn
|-singleturn|p2a: Candace Flynn|Helping Hand|[of] p2b: 7/27 IncineroarDay
|move|p1b: Feature|Protect|p1b: Feature
|-singleturn|p1b: Feature|Protect
|move|p1a: Creature|Light Screen|p1a: Creature
|-sidestart|p1: DragoMX|move: Light Screen
|move|p2a: Candace Flynn|Expanding Force|p1b: Feature|[spread] p1a
|-activate|p1b: Feature|move: Protect
|-enditem|p1a: Creature|Focus Sash
|-damage|p1a: Creature|1/100
|
|-fieldend|move: Psychic Terrain
|upkeep
|turn|6
|l| Tbigongue
|
|t:|1785183006
|switch|p2a: Autism Creature|Meowstic, L50, M|36/100
|move|p1a: Creature|Protect|p1a: Creature
|-singleturn|p1a: Creature|Protect
|move|p1b: Feature|Protect||[still]
|-fail|p1b: Feature
|move|p2b: 7/27 IncineroarDay|Brick Break|p1a: Creature
|-activate|p1a: Creature|move: Protect
|
|-fieldend|move: Trick Room
|upkeep
|turn|7
|
|t:|1785183032
|switch|p2b: Candace Flynn|Farigiraf, L50, F, shiny|7/100
|detailschange|p1b: Feature|Staraptor-Mega, L50, M
|-mega|p1b: Feature|Staraptor|Staraptite
|move|p2a: Autism Creature|Fake Out|p1a: Creature
|-damage|p1a: Creature|0 fnt
|faint|p1a: Creature
|move|p1b: Feature|Close Combat|p2b: Candace Flynn
|-damage|p2b: Candace Flynn|0 fnt
|-boost|p1b: Feature|def|1
|-boost|p1b: Feature|spd|1
|faint|p2b: Candace Flynn
|
|upkeep
|
|t:|1785183044
|switch|p2b: 7/27 IncineroarDay|Incineroar, L50, M|100/100
|-ability|p2b: 7/27 IncineroarDay|Intimidate|boost
|-boost|p1b: Feature|atk|1
|turn|8
|
|t:|1785183059
|move|p1b: Feature|Protect|p1b: Feature
|-singleturn|p1b: Feature|Protect
|move|p2a: Autism Creature|Psychic Terrain|p2a: Autism Creature
|-fieldstart|move: Psychic Terrain
|move|p2b: 7/27 IncineroarDay|Brick Break|p1b: Feature
|-activate|p1b: Feature|move: Protect
|
|upkeep
|turn|9
|
|t:|1785183069
|move|p1b: Feature|Close Combat|p2b: 7/27 IncineroarDay
|-supereffective|p2b: 7/27 IncineroarDay|1
|-damage|p2b: 7/27 IncineroarDay|0 fnt
|-boost|p1b: Feature|def|1
|-boost|p1b: Feature|spd|1
|faint|p2b: 7/27 IncineroarDay
|move|p2a: Autism Creature|Expanding Force|p1b: Feature
|-supereffective|p1b: Feature|1
|-crit|p1b: Feature
|-damage|p1b: Feature|0 fnt
|faint|p1b: Feature
|
|win|atealcoloredcat
||DragoMX is ready for game 3.
||atealcoloredcat is ready for game 3.
|uhtml|next|Next: Game 3 of 3
