|j|☆boncuss
|j|☆Zzag
|html|boncussZzag    
|uhtml|bestof|Game 2 of a best-of-3
|t:|1757818258
|gametype|doubles
|player|p1|boncuss|wattson|1172
|player|p2|Zzag|101|1263
|gen|9
|tier|[Gen 9] VGC 2025 Reg H (Bo3)
|rated|
|rule|Species Clause: Limit one of each Pokémon
|rule|Item Clause: Limit 1 of each item
|clearpoke
|poke|p1|Garganacl, L50, M|
|poke|p1|Tyranitar, L50, M|
|poke|p1|Glimmora, L50, F|
|poke|p1|Talonflame, L50, M|
|poke|p1|Excadrill, L50, M|
|poke|p1|Gastrodon, L50, M|
|poke|p2|Pelipper, L50, M|
|poke|p2|Baxcalibur, L50, F|
|poke|p2|Dragonite, L50, F|
|poke|p2|Basculegion, L50, M|
|poke|p2|Amoonguss, L50, F|
|poke|p2|Incineroar, L50, M|
|teampreview|4
|showteam|p1|Garganacl||Leftovers|PurifyingSalt|SaltCure,Avalanche,WideGuard,Protect|||M|||50|,,,,,Grass]Tyranitar||AssaultVest|SandStream|RockSlide,KnockOff,LashOut,IcePunch|||M|||50|,,,,,Flying]Glimmora||PowerHerb|ToxicDebris|MeteorBeam,SpikyShield,SludgeBomb,EarthPower|||F|||50|,,,,,Grass]Talonflame||CovertCloak|GaleWings|DualWingbeat,FlareBlitz,Tailwind,WillOWisp|||M|||50|,,,,,Flying]Excadrill||SitrusBerry|SandRush|IronHead,Earthquake,SwordsDance,Protect|||M|||50|,,,,,Ghost]Gastrodon||LifeOrb|StormDrain|EarthPower,MuddyWater,IceBeam,Protect|||M|||50|,,,,,Fire
|showteam|p2|Pelipper||FocusSash|Drizzle|Hurricane,WeatherBall,Protect,Tailwind|||M|||50|,,,,,Stellar]Baxcalibur||DragonFang|ThermalExchange|IceShard,IcicleCrash,GlaiveRush,Protect|||F|||50|,,,,,Poison]Dragonite||LoadedDice|Multiscale|ScaleShot,IceSpinner,Haze,Protect|||F|||50|,,,,,Fairy]Basculegion||LifeOrb|SwiftSwim|LastRespects,WaveCrash,AquaJet,Protect|||M|||50|,,,,,Water]Amoonguss||SitrusBerry|Regenerator|Protect,PollenPuff,RagePowder,Spore|||F|||50|,,,,,Steel]Incineroar||AssaultVest|Intimidate|FakeOut,FlareBlitz,KnockOff,Uturn|||M|||50|,,,,,Grass
|inactive|Battle timer is ON: inactive players will automatically lose when time's up. (requested by boncuss)
|
|t:|1757818288
|teamsize|p1|4
|teamsize|p2|4
|start
|switch|p1a: Talonflame|Talonflame, L50, M|100/100
|switch|p1b: Glimmora|Glimmora, L50, F|100/100
|switch|p2a: Amoonguss|Amoonguss, L50, F, shiny|100/100
|switch|p2b: Dragonite|Dragonite, L50, F|100/100
|turn|1
|
|t:|1757818308
|-terastallize|p2a: Amoonguss|Steel
|move|p2a: Amoonguss|Rage Powder|p2a: Amoonguss
|-singleturn|p2a: Amoonguss|move: Rage Powder
|move|p1a: Talonflame|Dual Wingbeat|p2a: Amoonguss
|-resisted|p2a: Amoonguss
|-damage|p2a: Amoonguss|92/100
|-resisted|p2a: Amoonguss
|-damage|p2a: Amoonguss|85/100
|-hitcount|p2a: Amoonguss|2
|move|p1b: Glimmora|Meteor Beam||[still]
|-prepare|p1b: Glimmora|Meteor Beam
|-boost|p1b: Glimmora|spa|1
|-enditem|p1b: Glimmora|Power Herb
|-anim|p1b: Glimmora|Meteor Beam|p2a: Amoonguss
|-resisted|p2a: Amoonguss
|-damage|p2a: Amoonguss|51/100
|move|p2b: Dragonite|Scale Shot|p1a: Talonflame
|-damage|p1a: Talonflame|78/100
|-damage|p1a: Talonflame|57/100
|-damage|p1a: Talonflame|35/100
|-damage|p1a: Talonflame|13/100
|-damage|p1a: Talonflame|0 fnt
|faint|p1a: Talonflame
|-hitcount|p1: Talonflame|5
|-unboost|p2b: Dragonite|def|1
|-boost|p2b: Dragonite|spe|1
|
|upkeep
|
|t:|1757818318
|switch|p1a: Excadrill|Excadrill, L50, M|100/100
|turn|2
|inactive|Zzag has 30 seconds left.
|
|t:|1757818346
|move|p1b: Glimmora|Spiky Shield|p1b: Glimmora
|-singleturn|p1b: Glimmora|move: Protect
|move|p2a: Amoonguss|Protect|p2a: Amoonguss
|-singleturn|p2a: Amoonguss|Protect
|move|p2b: Dragonite|Scale Shot|p1b: Glimmora
|-activate|p1b: Glimmora|move: Protect
|move|p1a: Excadrill|Earthquake|p2b: Dragonite|[spread] 
|-activate|p1b: Glimmora|move: Protect
|-activate|p2a: Amoonguss|move: Protect
|-immune|p2b: Dragonite
|
|upkeep
|turn|3
|
|t:|1757818363
|move|p2b: Dragonite|Scale Shot|p1a: Excadrill
|-resisted|p1a: Excadrill
|-damage|p1a: Excadrill|94/100
|-resisted|p1a: Excadrill
|-damage|p1a: Excadrill|86/100
|-resisted|p1a: Excadrill
|-damage|p1a: Excadrill|79/100
|-resisted|p1a: Excadrill
|-damage|p1a: Excadrill|71/100
|-resisted|p1a: Excadrill
|-damage|p1a: Excadrill|64/100
|-hitcount|p1a: Excadrill|5
|-unboost|p2b: Dragonite|def|1
|-boost|p2b: Dragonite|spe|1
|move|p1b: Glimmora|Earth Power|p2a: Amoonguss
|-supereffective|p2a: Amoonguss
|-damage|p2a: Amoonguss|0 fnt
|faint|p2a: Amoonguss
|move|p1a: Excadrill|Iron Head|p2b: Dragonite
|-damage|p2b: Dragonite|60/100
|
|upkeep
|inactive|Zzag has 30 seconds left.
|
|t:|1757818391
|switch|p2a: Basculegion|Basculegion, L50, M|100/100
|turn|4
|inactive|Zzag has 30 seconds left.
|
|t:|1757818422
|switch|p1a: Tyranitar|Tyranitar, L50, M|100/100
|-weather|Sandstorm|[from] ability: Sand Stream|[of] p1a: Tyranitar
|move|p2a: Basculegion|Protect|p2a: Basculegion
|-singleturn|p2a: Basculegion|Protect
|move|p2b: Dragonite|Scale Shot|p1b: Glimmora
|-damage|p1b: Glimmora|82/100
|-activate|p1b: Glimmora|ability: Toxic Debris
|-sidestart|p2: Zzag|move: Toxic Spikes
|-damage|p1b: Glimmora|64/100
|-activate|p1b: Glimmora|ability: Toxic Debris
|-sidestart|p2: Zzag|move: Toxic Spikes
|-damage|p1b: Glimmora|46/100
|-crit|p1b: Glimmora
|-damage|p1b: Glimmora|22/100
|-damage|p1b: Glimmora|4/100
|-hitcount|p1b: Glimmora|5
|-unboost|p2b: Dragonite|def|1
|-boost|p2b: Dragonite|spe|1
|move|p1b: Glimmora|Sludge Bomb|p2b: Dragonite
|-damage|p2b: Dragonite|0 fnt
|faint|p2b: Dragonite
|
|-weather|Sandstorm|[upkeep]
|-damage|p2a: Basculegion|95/100|[from] Sandstorm
|upkeep
|
|t:|1757818445
|switch|p2b: Pelipper|Pelipper, L50, M|100/100
|-weather|RainDance|[from] ability: Drizzle|[of] p2b: Pelipper
|turn|5
|inactive|Zzag has 30 seconds left.
|
|t:|1757818476
|switch|p1a: Excadrill|Excadrill, L50, M|64/100
|move|p2a: Basculegion|Wave Crash|p1a: Excadrill
|-supereffective|p1a: Excadrill
|-damage|p1a: Excadrill|0 fnt
|faint|p1a: Excadrill
|-damage|p2a: Basculegion|77/100|[from] Recoil
|-damage|p2a: Basculegion|67/100|[from] item: Life Orb
|move|p1b: Glimmora|Sludge Bomb|p2b: Pelipper
|-enditem|p2b: Pelipper|Focus Sash
|-damage|p2b: Pelipper|1/100
|move|p2b: Pelipper|Weather Ball|p1b: Glimmora
|-supereffective|p1b: Glimmora
|-crit|p1b: Glimmora
|-damage|p1b: Glimmora|0 fnt
|faint|p1b: Glimmora
|
|-weather|RainDance|[upkeep]
|upkeep
|
|t:|1757818490
|switch|p1b: Tyranitar|Tyranitar, L50, M|100/100
|-weather|Sandstorm|[from] ability: Sand Stream|[of] p1b: Tyranitar
|turn|6
|
|t:|1757818504
|-terastallize|p1b: Tyranitar|Flying
|move|p2b: Pelipper|Weather Ball|p1b: Tyranitar
|-supereffective|p1b: Tyranitar
|-damage|p1b: Tyranitar|64/100
|move|p2a: Basculegion|Wave Crash|p1b: Tyranitar
|-damage|p1b: Tyranitar|3/100
|-damage|p2a: Basculegion|48/100|[from] Recoil
|-damage|p2a: Basculegion|39/100|[from] item: Life Orb
|move|p1b: Tyranitar|Knock Off|p2a: Basculegion
|-supereffective|p2a: Basculegion
|-damage|p2a: Basculegion|0 fnt
|-enditem|p2a: Basculegion|Life Orb|[from] move: Knock Off|[of] p1b: Tyranitar
|faint|p2a: Basculegion
|
|-weather|Sandstorm|[upkeep]
|-damage|p2b: Pelipper|0 fnt|[from] Sandstorm
|-damage|p1b: Tyranitar|0 fnt|[from] Sandstorm
|faint|p2b: Pelipper
|faint|p1b: Tyranitar
|
|win|boncuss
|raw|boncuss's rating: 1172 → 1203(+31 for winning)
|raw|Zzag's rating: 1263 → 1232(-31 for losing)
|l|☆boncuss
|player|p1|
