|j|☆joniboyee
|j|☆meteorator lv8
|html|joniboyeemeteorator lv8    
|uhtml|bestof|Game 3 of a best-of-3
|t:|1783957905
|gametype|doubles
|player|p1|joniboyee|2|1103
|player|p2|meteorator lv8|fisherman-gen4|1128
|gen|9
|tier|[Gen 9 Champions] VGC 2026 Reg M-B (Bo3)
|rated|
|rule|Species Clause: Limit one of each Pokémon
|rule|Item Clause: Limit 1 of each item
|clearpoke
|poke|p1|Espathra, L50, M|
|poke|p1|Maushold-Four, L50|
|poke|p1|Chandelure, L50, M|
|poke|p1|Incineroar, L50, F|
|poke|p1|Primarina, L50, M|
|poke|p1|Sinistcha-Masterpiece, L50|
|poke|p2|Farigiraf, L50, M|
|poke|p2|Floette-Eternal, L50, F|
|poke|p2|Vivillon, L50, M|
|poke|p2|Incineroar, L50, M|
|poke|p2|Camerupt, L50, F|
|poke|p2|Kingambit, L50, M|
|teampreview|4
|showteam|p1|Espathra||FocusSash|SpeedBoost|Protect,CalmMind,LuminaCrash,BatonPass|Timid||M|||50|]Maushold-Four||WideLens|FriendGuard|FollowMe,PopulationBomb,Taunt,Protect|Jolly|||||50|]Chandelure||Chandelurite|FlameBody|HeatWave,ShadowBall,EnergyBall,Protect|Timid||M|||50|]Incineroar||Leftovers|Intimidate|FakeOut,PartingShot,ThroatChop,Protect|Careful||F|||50|]Primarina||LifeOrb|LiquidVoice|HyperVoice,Moonblast,DazzlingGleam,Protect|Modest||M|||50|]Sinistcha-Masterpiece||SitrusBerry|Hospitality|MatchaGotcha,Protect,RagePowder,LifeDew|Bold|||||50|
|showteam|p2|Farigiraf||SitrusBerry|ArmorTail|Psychic,TrickRoom,HelpingHand,Protect|Calm||M|||50|]Floette-Eternal||Floettite|FlowerVeil|Moonblast,DazzlingGleam,LightofRuin,Protect|Modest||F|||50|]Vivillon||FocusSash|CompoundEyes|Hurricane,SleepPowder,RagePowder,Protect|Timid||M|||50|]Incineroar||Charcoal|Intimidate|FlareBlitz,FakeOut,DarkestLariat,PartingShot|Adamant||M|||50|]Camerupt||Cameruptite|SolidRock|HeatWave,EarthPower,AncientPower,Protect|Quiet||F|||50|]Kingambit||BlackGlasses|Defiant|KowtowCleave,SuckerPunch,IronHead,SwordsDance|Brave||M|||50|
|
|t:|1783957946
|teamsize|p1|4
|teamsize|p2|4
|start
|switch|p1a: Maushold|Maushold-Four, L50|100/100
|switch|p1b: Espathra|Espathra, L50, M|100/100
|switch|p2a: Vivillon|Vivillon, L50, M|100/100
|switch|p2b: Floette|Floette-Eternal, L50, F|100/100
|turn|1
|
|t:|1783957964
|detailschange|p2b: Floette|Floette-Mega, L50, F
|-mega|p2b: Floette|Floette|Floettite
|-ability|p2b: Floette|Fairy Aura
|move|p1a: Maushold|Protect|p1a: Maushold
|-singleturn|p1a: Maushold|Protect
|move|p1b: Espathra|Protect|p1b: Espathra
|-singleturn|p1b: Espathra|Protect
|move|p2a: Vivillon|Rage Powder|p2a: Vivillon
|-singleturn|p2a: Vivillon|move: Rage Powder
|move|p2b: Floette|Moonblast|p1a: Maushold
|-activate|p1a: Maushold|move: Protect
|
|-ability|p1b: Espathra|Speed Boost|boost
|-boost|p1b: Espathra|spe|1
|upkeep
|turn|2
|inactive|Battle timer is ON: inactive players will automatically lose when time's up. (requested by joniboyee)
|inactive|joniboyee has 60 seconds left.
|
|t:|1783958007
|move|p2a: Vivillon|Rage Powder|p2a: Vivillon
|-singleturn|p2a: Vivillon|move: Rage Powder
|move|p1b: Espathra|Calm Mind|p1b: Espathra
|-boost|p1b: Espathra|spa|1
|-boost|p1b: Espathra|spd|1
|move|p1a: Maushold|Population Bomb|p2a: Vivillon
|-damage|p2a: Vivillon|87/100
|-damage|p2a: Vivillon|76/100
|-damage|p2a: Vivillon|64/100
|-damage|p2a: Vivillon|52/100
|-damage|p2a: Vivillon|40/100
|-damage|p2a: Vivillon|28/100
|-damage|p2a: Vivillon|17/100
|-damage|p2a: Vivillon|5/100
|-damage|p2a: Vivillon|0 fnt
|faint|p2a: Vivillon
|-hitcount|p2: Vivillon|9
|move|p2b: Floette|Moonblast|p1a: Maushold
|-damage|p1a: Maushold|1/100
|
|-ability|p1b: Espathra|Speed Boost|boost
|-boost|p1b: Espathra|spe|1
|upkeep
|
|t:|1783958024
|switch|p2a: Kingambit|Kingambit, L50, M|100/100
|turn|3
|inactive|joniboyee has 30 seconds left.
|inactive|joniboyee has 20 seconds left.
|
|t:|1783958059
|move|p1b: Espathra|Protect|p1b: Espathra
|-singleturn|p1b: Espathra|Protect
|move|p1a: Maushold|Population Bomb|p2b: Floette
|-damage|p2b: Floette|93/100
|-damage|p2b: Floette|85/100
|-damage|p2b: Floette|78/100
|-crit|p2b: Floette
|-damage|p2b: Floette|66/100
|-damage|p2b: Floette|58/100
|-damage|p2b: Floette|52/100
|-damage|p2b: Floette|44/100
|-crit|p2b: Floette
|-damage|p2b: Floette|32/100
|-damage|p2b: Floette|23/100
|-damage|p2b: Floette|17/100
|-hitcount|p2b: Floette|10
|move|p2b: Floette|Dazzling Gleam|p1a: Maushold|[spread] p1a
|-activate|p1b: Espathra|move: Protect
|-damage|p1a: Maushold|0 fnt
|faint|p1a: Maushold
|move|p2a: Kingambit|Swords Dance|p2a: Kingambit
|-boost|p2a: Kingambit|atk|2
|
|-ability|p1b: Espathra|Speed Boost|boost
|-boost|p1b: Espathra|spe|1
|upkeep
|inactive|joniboyee has 30 seconds left.
|
|t:|1783958085
|switch|p1a: Incineroar|Incineroar, L50, F|100/100
|-ability|p1a: Incineroar|Intimidate|boost
|-unboost|p2a: Kingambit|atk|1
|-ability|p2a: Kingambit|Defiant|boost
|-boost|p2a: Kingambit|atk|2
|-unboost|p2b: Floette|atk|1
|turn|4
|inactive|joniboyee has 30 seconds left.
|
|t:|1783958118
|switch|p2b: Farigiraf|Farigiraf, L50, M|100/100
|move|p1a: Incineroar|Fake Out||[still]
|cant|p2b: Farigiraf|ability: Armor Tail|Fake Out|[of] p1a: Incineroar
|move|p1b: Espathra|Lumina Crash|p2b: Farigiraf
|-resisted|p2b: Farigiraf|1
|-damage|p2b: Farigiraf|82/100
|-unboost|p2b: Farigiraf|spd|2
|move|p2a: Kingambit|Iron Head|p1b: Espathra
|-enditem|p1b: Espathra|Focus Sash
|-damage|p1b: Espathra|1/100
|
|-ability|p1b: Espathra|Speed Boost|boost
|-boost|p1b: Espathra|spe|1
|upkeep
|turn|5
|inactive|joniboyee has 30 seconds left.
|inactive|joniboyee has 20 seconds left.
|inactive|joniboyee has 15 seconds left.
|inactive|meteorator lv8 has 30 seconds left.
|
|t:|1783958167
|switch|p1a: Chandelure|Chandelure, L50, M|100/100
|move|p1b: Espathra|Baton Pass|p1b: Espathra
|
|t:|1783958171
|switch|p1b: Incineroar|Incineroar, L50, F|100/100|[from] Baton Pass
|-ability|p1b: Incineroar|Intimidate|boost
|-unboost|p2a: Kingambit|atk|1
|-ability|p2a: Kingambit|Defiant|boost
|-boost|p2a: Kingambit|atk|2
|-unboost|p2b: Farigiraf|atk|1
|move|p2a: Kingambit|Iron Head|p1b: Incineroar
|-resisted|p1b: Incineroar|1
|-damage|p1b: Incineroar|31/100
|move|p2b: Farigiraf|Trick Room|p2b: Farigiraf
|-fieldstart|move: Trick Room|[of] p2b: Farigiraf
|
|-heal|p1b: Incineroar|37/100|[from] item: Leftovers
|upkeep
|turn|6
|inactive|joniboyee has 30 seconds left.
|inactive|joniboyee has 20 seconds left.
|
|t:|1783958206
|detailschange|p1a: Chandelure|Chandelure-Mega, L50, M
|-mega|p1a: Chandelure|Chandelure|Chandelurite
|move|p1a: Chandelure|Protect|p1a: Chandelure
|-singleturn|p1a: Chandelure|Protect
|move|p2a: Kingambit|Kowtow Cleave|p1b: Incineroar
|-resisted|p1b: Incineroar|1
|-damage|p1b: Incineroar|0 fnt
|faint|p1b: Incineroar
|move|p2b: Farigiraf|Psychic|p1a: Chandelure
|-activate|p1a: Chandelure|move: Protect
|
|upkeep
|
|t:|1783958216
|switch|p1b: Espathra|Espathra, L50, M|1/100
|turn|7
|
|t:|1783958222
|move|p2a: Kingambit|Kowtow Cleave|p1a: Chandelure
|-supereffective|p1a: Chandelure|1
|-damage|p1a: Chandelure|0 fnt
|faint|p1a: Chandelure
|move|p2b: Farigiraf|Psychic|p1b: Espathra
|-resisted|p1b: Espathra|1
|-damage|p1b: Espathra|0 fnt
|faint|p1b: Espathra
|
|win|meteorator lv8
|raw|joniboyee's rating: 1103 → 1080(-23 for losing)
|raw|meteorator lv8's rating: 1128 → 1151(+23 for winning)
