|j|☆Kuei0202
|j|☆Dough0418
|html|Kuei0202Dough0418    
|uhtml|bestof|Game 1 of a best-of-3
|t:|1785675425
|gametype|doubles
|player|p1|Kuei0202|swimmerf-gen4dp|
|player|p2|Dough0418|cilan|
|gen|9
|tier|[Gen 9 Champions] VGC 2026 Reg M-B (Bo3)
|rule|Species Clause: Limit one of each Pokémon
|rule|Item Clause: Limit 1 of each item
|clearpoke
|poke|p1|Swampert, L50, F|
|poke|p1|Pelipper, L50, F|
|poke|p1|Archaludon, L50, F|
|poke|p1|Sinistcha, L50|
|poke|p1|Grimmsnarl, L50, M|
|poke|p1|Mawile, L50, F|
|poke|p2|Gengar, L50, F, shiny|
|poke|p2|Incineroar, L50, F, shiny|
|poke|p2|Annihilape, L50, F, shiny|
|poke|p2|Tinkaton, L50, F, shiny|
|poke|p2|Kingambit, L50, F, shiny|
|poke|p2|Altaria, L50, F, shiny|
|teampreview|4
|showteam|p1|Swampert||Swampertite|Damp|WaveCrash,Earthquake,IcePunch,Protect|Adamant||F|||50|]Pelipper||FocusSash|Drizzle|Hurricane,Tailwind,WeatherBall,Protect|Modest||F|||50|]Archaludon||Leftovers|Stamina|DragonPulse,FlashCannon,ElectroShot,Protect|Modest||F|||50|]Sinistcha||SitrusBerry|Hospitality|MatchaGotcha,RagePowder,TrickRoom,Protect|Bold|||||50|]Grimmsnarl||LightClay|Prankster|SpiritBreak,PartingShot,Reflect,LightScreen|Careful||M|||50|]Mawile||Mawilite|HyperCutter|PlayRough,SuckerPunch,SwordsDance,Protect|Brave||F|||50|
|showteam|p2|Gengar||Gengarite|CursedBody|ShadowBall,Disable,PerishSong,Protect|Timid||F|||50|]Incineroar||PasshoBerry|Intimidate|FakeOut,FlareBlitz,PartingShot,Protect|Impish||F|||50|]Annihilape||ChoiceScarf|Defiant|PhantomForce,DrainPunch,IcePunch,Uturn|Adamant||F|||50|]Tinkaton||SitrusBerry|MoldBreaker|FakeOut,GigatonHammer,Encore,Protect|Jolly||F|||50|]Kingambit||BlackGlasses|Defiant|KowtowCleave,SuckerPunch,SwordsDance,Protect|Adamant||F|||50|]Altaria||Leftovers|CloudNine|FireSpin,WillOWisp,PerishSong,Protect|Bold||F|||50|
|j| Manimo_1126
|j| Unskilled99
|j| Aurorascepter
|j| Midoria100
|j| Roselia Sayo
|
|t:|1785675504
|teamsize|p1|4
|teamsize|p2|4
|start
|switch|p1a: Grimmsnarl|Grimmsnarl, L50, M|100/100
|switch|p1b: Mawile|Mawile, L50, F|100/100
|switch|p2a: Incineroar|Incineroar, L50, F, shiny|100/100
|switch|p2b: Gengar|Gengar, L50, F, shiny|100/100
|-ability|p2a: Incineroar|Intimidate|boost
|-unboost|p1a: Grimmsnarl|atk|1
|-fail|p1b: Mawile|unboost|Attack|[from] ability: Hyper Cutter|[of] p1b: Mawile
|turn|1
|j| goodryan2630
|
|t:|1785675530
|switch|p1a: Archaludon|Archaludon, L50, F|100/100
|switch|p1b: Pelipper|Pelipper, L50, F|100/100
|-weather|RainDance|[from] ability: Drizzle|[of] p1b: Pelipper
|detailschange|p2b: Gengar|Gengar-Mega, L50, F, shiny
|-mega|p2b: Gengar|Gengar|Gengarite
|move|p2a: Incineroar|Fake Out|p1b: Pelipper
|-damage|p1b: Pelipper|84/100
|move|p2b: Gengar|Perish Song|p2b: Gengar
|-start|p1a: Archaludon|perish3|[silent]
|-start|p1b: Pelipper|perish3|[silent]
|-start|p2a: Incineroar|perish3|[silent]
|-start|p2b: Gengar|perish3|[silent]
|-fieldactivate|move: Perish Song
|
|-weather|RainDance|[upkeep]
|-start|p2b: Gengar|perish3
|-start|p1b: Pelipper|perish3
|-start|p1a: Archaludon|perish3
|-start|p2a: Incineroar|perish3
|upkeep
|turn|2
|j| BenBen84
|
|t:|1785675580
|switch|p2b: Altaria|Altaria, L50, F, shiny|100/100
|-ability|p2b: Altaria|Cloud Nine
|move|p1b: Pelipper|Tailwind|p1b: Pelipper
|-sidestart|p1: Kuei0202|move: Tailwind
|move|p1a: Archaludon|Electro Shot||[still]
|-prepare|p1a: Archaludon|Electro Shot
|-boost|p1a: Archaludon|spa|1
|move|p2a: Incineroar|Parting Shot|p1a: Archaludon
|-unboost|p1a: Archaludon|atk|1
|-unboost|p1a: Archaludon|spa|1
|j| 86test
|
|t:|1785675595
|switch|p2a: Gengar|Gengar-Mega, L50, F, shiny|100/100|[from] Parting Shot
|
|-weather|RainDance|[upkeep]
|-start|p1b: Pelipper|perish2
|-start|p1a: Archaludon|perish2
|upkeep
|turn|3
|
|t:|1785675636
|move|p2a: Gengar|Protect|p2a: Gengar
|-singleturn|p2a: Gengar|Protect
|move|p2b: Altaria|Protect|p2b: Altaria
|-singleturn|p2b: Altaria|Protect
|move|p1b: Pelipper|Hurricane|p2b: Altaria
|-activate|p2b: Altaria|move: Protect
|move|p1a: Archaludon|Electro Shot|p2a: Gengar|[from] lockedmove
|-activate|p2a: Gengar|move: Protect
|
|-weather|RainDance|[upkeep]
|-start|p1b: Pelipper|perish1
|-start|p1a: Archaludon|perish1
|upkeep
|turn|4
|
|t:|1785675684
|switch|p2b: Incineroar|Incineroar, L50, F, shiny|100/100
|-ability|p2b: Incineroar|Intimidate|boost
|-unboost|p1a: Archaludon|atk|1
|-unboost|p1b: Pelipper|atk|1
|move|p1b: Pelipper|Hurricane|p2a: Gengar
|-damage|p2a: Gengar|49/100
|move|p1a: Archaludon|Flash Cannon|p2a: Gengar
|-damage|p2a: Gengar|11/100
|move|p2a: Gengar|Disable|p1b: Pelipper
|-start|p1b: Pelipper|Disable|Hurricane
|
|-weather|RainDance|[upkeep]
|-start|p1b: Pelipper|perish0
|-start|p1a: Archaludon|perish0
|faint|p1b: Pelipper
|faint|p1a: Archaludon
|upkeep
|
|t:|1785675699
|switch|p1b: Mawile|Mawile, L50, F|100/100
|switch|p1a: Grimmsnarl|Grimmsnarl, L50, M|100/100
|turn|5
|
|t:|1785675731
|detailschange|p1b: Mawile|Mawile-Mega, L50, F
|-mega|p1b: Mawile|Mawile|Mawilite
|move|p2a: Gengar|Protect|p2a: Gengar
|-singleturn|p2a: Gengar|Protect
|move|p2b: Incineroar|Fake Out|p1b: Mawile
|-resisted|p1b: Mawile|1
|-damage|p1b: Mawile|94/100
|move|p1a: Grimmsnarl|Spirit Break|p2a: Gengar
|-activate|p2a: Gengar|move: Protect
|cant|p1b: Mawile|flinch
|
|-weather|none
|-sideend|p1: Kuei0202|move: Tailwind
|upkeep
|turn|6
|
|t:|1785675754
|move|p2a: Gengar|Perish Song|p2a: Gengar
|-start|p1a: Grimmsnarl|perish3|[silent]
|-start|p1b: Mawile|perish3|[silent]
|-start|p2a: Gengar|perish3|[silent]
|-start|p2b: Incineroar|perish3|[silent]
|-fieldactivate|move: Perish Song
|move|p1a: Grimmsnarl|Spirit Break|p2a: Gengar
|-resisted|p2a: Gengar|1
|-damage|p2a: Gengar|0 fnt
|faint|p2a: Gengar
|move|p2b: Incineroar|Parting Shot|p1b: Mawile
|-unboost|p1b: Mawile|atk|1
|-unboost|p1b: Mawile|spa|1
|j| haymi1004
|l| haymi1004
|
|t:|1785675774
|switch|p2b: Altaria|Altaria, L50, F, shiny|100/100|[from] Parting Shot
|-ability|p2b: Altaria|Cloud Nine
|move|p1b: Mawile|Play Rough|p2b: Altaria
|-supereffective|p2b: Altaria|1
|-damage|p2b: Altaria|9/100
|-unboost|p2b: Altaria|atk|1
|
|-heal|p2b: Altaria|15/100|[from] item: Leftovers
|-start|p1a: Grimmsnarl|perish3
|-start|p1b: Mawile|perish3
|upkeep
|
|t:|1785675788
|switch|p2a: Incineroar|Incineroar, L50, F, shiny|100/100
|-ability|p2a: Incineroar|Intimidate|boost
|-unboost|p1a: Grimmsnarl|atk|1
|-unboost|p1b: Mawile|atk|1
|turn|7
|
|t:|1785675802
|move|p2b: Altaria|Protect|p2b: Altaria
|-singleturn|p2b: Altaria|Protect
|move|p2a: Incineroar|Fake Out|p1b: Mawile
|-resisted|p1b: Mawile|1
|-damage|p1b: Mawile|90/100
|move|p1a: Grimmsnarl|Spirit Break|p2a: Incineroar
|-damage|p2a: Incineroar|84/100
|-unboost|p2a: Incineroar|spa|1
|cant|p1b: Mawile|flinch
|
|-heal|p2b: Altaria|21/100|[from] item: Leftovers
|-start|p1a: Grimmsnarl|perish2
|-start|p1b: Mawile|perish2
|upkeep
|turn|8
|
|t:|1785675829
|move|p2b: Altaria|Will-O-Wisp|p1b: Mawile
|-status|p1b: Mawile|brn
|move|p1a: Grimmsnarl|Spirit Break|p2b: Altaria
|-supereffective|p2b: Altaria|1
|-damage|p2b: Altaria|0 fnt
|faint|p2b: Altaria
|move|p2a: Incineroar|Flare Blitz|p1b: Mawile
|-supereffective|p1b: Mawile|1
|-damage|p1b: Mawile|10/100 brn
|-damage|p2a: Incineroar|63/100|[from] Recoil
|move|p1b: Mawile|Play Rough|p2a: Incineroar
|-damage|p2a: Incineroar|47/100
|
|-damage|p1b: Mawile|4/100 brn|[from] brn
|-start|p1a: Grimmsnarl|perish1
|-start|p1b: Mawile|perish1
|upkeep
|
|t:|1785675848
|switch|p2b: Annihilape|Annihilape, L50, F, shiny|100/100
|turn|9
|
|t:|1785675860
|move|p2a: Incineroar|Protect|p2a: Incineroar
|-singleturn|p2a: Incineroar|Protect
|move|p1b: Mawile|Sucker Punch|p2b: Annihilape
|-damage|p2b: Annihilape|88/100
|move|p2b: Annihilape|Phantom Force||[still]
|-prepare|p2b: Annihilape|Phantom Force
|move|p1a: Grimmsnarl|Spirit Break|p2b: Annihilape|[miss]
|-miss|p1a: Grimmsnarl|p2b: Annihilape
|
|-damage|p1b: Mawile|0 fnt|[from] brn
|faint|p1b: Mawile
|-start|p1a: Grimmsnarl|perish0
|faint|p1a: Grimmsnarl
|
|win|Dough0418
|inactive|Kuei0202 has 30 seconds to confirm battle start!
|inactive|Dough0418 has 30 seconds to confirm battle start!
|inactive|Kuei0202 has 20 seconds to confirm battle start!
|inactive|Dough0418 has 20 seconds to confirm battle start!
||Kuei0202 is ready for game 2.
||Dough0418 is ready for game 2.
|uhtml|next|Next: Game 2 of 3
|j| cornervgc486
|l| Unskilled99
|j| Unskilled99
|j| cubesugar
|j| FongSC
|l| Unskilled99
|l| cornervgc486
|j| Snorlaxyy
|j| phoenix burner
|l| cubesugar
|l| Snorlaxyy
|j| haymi1004
|j| Edward0516
|l| haymi1004
|j| vvawwwy
|l| FongSC
|j| FongSC
|l| FongSC
|j| FongSC
|j| 21Duncan
|l| 21Duncan
|j| smallyeeaa
|l| smallyeeaa
|j| smallyeeaa
|l| smallyeeaa
|l| Edward0516
|l| FongSC
|j| FongSC
|l| goodryan2630
|l| vvawwwy
|l| FongSC
|l| Midoria100
|l| phoenix burner
|l|☆Dough0418
|player|p2|
|l| 86test
|l| Roselia Sayo
