|j|☆linolino
|j|☆MammaMiaPik
|html|linolinoMammaMiaPik    
|uhtml|bestof|Game 1 of a best-of-3
|t:|1783443212
|gametype|doubles
|player|p1|linolino|266|1077
|player|p2|MammaMiaPik|1|1000
|gen|9
|tier|[Gen 9 Champions] VGC 2026 Reg M-B (Bo3)
|rated|
|rule|Species Clause: Limit one of each Pokémon
|rule|Item Clause: Limit 1 of each item
|clearpoke
|poke|p1|Sableye, L50, F|
|poke|p1|Garchomp, L50, F|
|poke|p1|Torkoal, L50, F|
|poke|p1|Incineroar, L50, M|
|poke|p1|Kingambit, L50, F|
|poke|p1|Venusaur, L50, F|
|poke|p2|Raichu, L50, F|
|poke|p2|Ninetales-Alola, L50, F|
|poke|p2|Sneasler, L50, F|
|poke|p2|Gholdengo, L50|
|poke|p2|Garchomp, L50, F|
|poke|p2|Staraptor, L50, M|
|teampreview|4
|showteam|p1|Sableye||LightClay|Prankster|SunnyDay,WillOWisp,LightScreen,FoulPlay|Careful||F|||50|]Garchomp||LifeOrb|RoughSkin|Protect,DragonClaw,RockSlide,StompingTantrum|Jolly||F|||50|]Torkoal||Charcoal|Drought|Protect,WeatherBall,HelpingHand,Overheat|Quiet||F|||50|]Incineroar||SitrusBerry|Intimidate|FakeOut,FlareBlitz,PartingShot,DarkestLariat|Adamant||M|||50|]Kingambit||FocusSash|Defiant|Protect,KowtowCleave,SuckerPunch,LowKick|Adamant||F|||50|]Venusaur||Venusaurite|Chlorophyll|SleepPowder,GigaDrain,EarthPower,SludgeBomb|Modest||F|||50|
|showteam|p2|Raichu||RaichuniteY|Static|ZapCannon,GrassKnot,FocusBlast,Protect|Timid||F|||50|]Ninetales-Alola||ChoiceScarf|SnowWarning|IcyWind,Blizzard,FreezeDry,Moonblast|Modest||F|||50|]Sneasler||FocusSash|PoisonTouch|FakeOut,PoisonJab,CloseCombat,QuickGuard|Jolly||F|||50|]Gholdengo||SitrusBerry|GoodasGold|MakeItRain,Hex,NastyPlot,Protect|Modest|||||50|]Garchomp||LifeOrb|RoughSkin|RockSlide,DragonClaw,Earthquake,Protect|Jolly||F|||50|]Staraptor||Staraptite|Intimidate|BraveBird,CloseCombat,Tailwind,Protect|Jolly||M|||50|
|j| TheBergentruck1
|l| TheBergentruck1
|inactive|Battle timer is ON: inactive players will automatically lose when time's up. (requested by linolino)
|inactive|MammaMiaPik has 60 seconds left.
|
|t:|1783443285
|teamsize|p1|4
|teamsize|p2|4
|start
|switch|p1a: Venusaur|Venusaur, L50, F|100/100
|switch|p1b: Sableye|Sableye, L50, F|100/100
|switch|p2a: Sneasler|Sneasler, L50, F|100/100
|switch|p2b: Raichu|Raichu, L50, F|100/100
|turn|1
|inactive|linolino has 30 seconds left.
|inactive|MammaMiaPik has 30 seconds left.
|inactive|linolino has 20 seconds left.
|inactive|linolino has 15 seconds left.
|inactive|linolino has 10 seconds left.
|
|t:|1783443334
|detailschange|p2b: Raichu|Raichu-Mega-Y, L50, F
|-mega|p2b: Raichu|Raichu|Raichunite Y
|detailschange|p1a: Venusaur|Venusaur-Mega, L50, F
|-mega|p1a: Venusaur|Venusaur|Venusaurite
|move|p2a: Sneasler|Fake Out|p1a: Venusaur
|-damage|p1a: Venusaur|89/100
|move|p1b: Sableye|Light Screen|p1b: Sableye
|-sidestart|p1: linolino|move: Light Screen
|move|p2b: Raichu|Zap Cannon|p1a: Venusaur
|-resisted|p1a: Venusaur|1
|-damage|p1a: Venusaur|73/100
|-status|p1a: Venusaur|par
|cant|p1a: Venusaur|flinch
|
|upkeep
|turn|2
|
|t:|1783443349
|move|p2a: Sneasler|Quick Guard|p2a: Sneasler
|-singleturn|p2a: Sneasler|Quick Guard
|move|p1b: Sableye|Will-O-Wisp|p2a: Sneasler
|-activate|p2a: Sneasler|move: Quick Guard
|move|p2b: Raichu|Zap Cannon|p1b: Sableye
|-damage|p1b: Sableye|47/100
|-status|p1b: Sableye|par
|cant|p1a: Venusaur|par
|
|upkeep
|turn|3
|inactive|linolino has 30 seconds left.
|inactive|linolino has 20 seconds left.
|inactive|MammaMiaPik has 30 seconds left.
|inactive|linolino has 15 seconds left.
|
|t:|1783443391
|switch|p1b: Garchomp|Garchomp, L50, F|100/100
|move|p2b: Raichu|Zap Cannon|p1a: Venusaur
|-resisted|p1a: Venusaur|1
|-damage|p1a: Venusaur|57/100 par
|move|p2a: Sneasler|Poison Jab|p1a: Venusaur
|-damage|p1a: Venusaur|21/100 par
|move|p1a: Venusaur|Giga Drain|p2b: Raichu
|-damage|p2b: Raichu|49/100
|-heal|p1a: Venusaur|42/100 par|[from] drain|[of] p2b: Raichu
|
|upkeep
|turn|4
|
|t:|1783443413
|switch|p2b: Staraptor|Staraptor, L50, M|100/100
|-ability|p2b: Staraptor|Intimidate|boost
|-unboost|p1a: Venusaur|atk|1
|-unboost|p1b: Garchomp|atk|1
|move|p2a: Sneasler|Poison Jab|p1a: Venusaur
|-damage|p1a: Venusaur|10/100 par
|move|p1b: Garchomp|Rock Slide|p2b: Staraptor|[spread] p2b
|-miss|p1b: Garchomp|p2a: Sneasler
|-supereffective|p2b: Staraptor|1
|-damage|p2b: Staraptor|48/100
|-damage|p1b: Garchomp|90/100|[from] item: Life Orb
|move|p1a: Venusaur|Earth Power|p2a: Sneasler
|-supereffective|p2a: Sneasler|1
|-damage|p2a: Sneasler|15/100
|
|upkeep
|turn|5
|inactive|linolino has 30 seconds left.
|inactive|MammaMiaPik has 30 seconds left.
|inactive|MammaMiaPik has 20 seconds left.
|
|t:|1783443450
|move|p2b: Staraptor|Protect|p2b: Staraptor
|-singleturn|p2b: Staraptor|Protect
|move|p2a: Sneasler|Poison Jab|p1a: Venusaur
|-damage|p1a: Venusaur|0 fnt
|faint|p1a: Venusaur
|move|p1b: Garchomp|Rock Slide|p2a: Sneasler|[spread] p2a
|-activate|p2b: Staraptor|move: Protect
|-resisted|p2a: Sneasler|1
|-damage|p2a: Sneasler|1/100
|-damage|p1b: Garchomp|80/100|[from] item: Life Orb
|
|upkeep
|
|t:|1783443468
|switch|p1a: Torkoal|Torkoal, L50, F|100/100
|-weather|SunnyDay|[from] ability: Drought|[of] p1a: Torkoal
|turn|6
|
|t:|1783443478
|switch|p2b: Ninetales|Ninetales-Alola, L50, F|100/100
|-weather|Snowscape|[from] ability: Snow Warning|[of] p2b: Ninetales
|move|p1a: Torkoal|Helping Hand|p1b: Garchomp
|-singleturn|p1b: Garchomp|Helping Hand|[of] p1a: Torkoal
|move|p2a: Sneasler|Close Combat|p1a: Torkoal
|-damage|p1a: Torkoal|49/100
|-unboost|p2a: Sneasler|def|1
|-unboost|p2a: Sneasler|spd|1
|move|p1b: Garchomp|Rock Slide|p2a: Sneasler|[spread] p2a,p2b
|-resisted|p2a: Sneasler|1
|-supereffective|p2b: Ninetales|1
|-damage|p2a: Sneasler|0 fnt
|-damage|p2b: Ninetales|47/100
|faint|p2a: Sneasler
|-damage|p1b: Garchomp|70/100|[from] item: Life Orb
|
|-weather|Snowscape|[upkeep]
|upkeep
|
|t:|1783443488
|switch|p2a: Raichu|Raichu-Mega-Y, L50, F|49/100
|turn|7
|
|t:|1783443505
|move|p1b: Garchomp|Protect|p1b: Garchomp
|-singleturn|p1b: Garchomp|Protect
|move|p2b: Ninetales|Blizzard|p1a: Torkoal|[spread] p1a
|-activate|p1b: Garchomp|move: Protect
|-resisted|p1a: Torkoal|1
|-damage|p1a: Torkoal|34/100
|move|p2a: Raichu|Zap Cannon|p1a: Torkoal
|-crit|p1a: Torkoal
|-damage|p1a: Torkoal|0 fnt
|faint|p1a: Torkoal
|
|-weather|Snowscape|[upkeep]
|upkeep
|
|t:|1783443513
|switch|p1a: Sableye|Sableye, L50, F|47/100 par
|turn|8
|
|t:|1783443524
|switch|p2b: Staraptor|Staraptor, L50, M|48/100
|-ability|p2b: Staraptor|Intimidate|boost
|-unboost|p1a: Sableye|atk|1
|-unboost|p1b: Garchomp|atk|1
|move|p2a: Raichu|Protect|p2a: Raichu
|-singleturn|p2a: Raichu|Protect
|cant|p1a: Sableye|par
|move|p1b: Garchomp|Rock Slide|p2b: Staraptor|[spread] p2b
|-activate|p2a: Raichu|move: Protect
|-supereffective|p2b: Staraptor|1
|-damage|p2b: Staraptor|13/100
|-damage|p1b: Garchomp|61/100|[from] item: Life Orb
|
|-weather|Snowscape|[upkeep]
|-sideend|p1: linolino|move: Light Screen
|upkeep
|turn|9
|
|t:|1783443543
|move|p1a: Sableye|Will-O-Wisp|p2b: Staraptor
|-status|p2b: Staraptor|brn
|move|p2a: Raichu|Zap Cannon|p1a: Sableye
|-damage|p1a: Sableye|0 fnt
|faint|p1a: Sableye
|move|p1b: Garchomp|Rock Slide|p2a: Raichu|[spread] p2a,p2b
|-supereffective|p2b: Staraptor|1
|-damage|p2a: Raichu|28/100
|-damage|p2b: Staraptor|0 fnt
|faint|p2b: Staraptor
|-damage|p1b: Garchomp|51/100|[from] item: Life Orb
|
|-weather|Snowscape|[upkeep]
|upkeep
|inactive|MammaMiaPik has 30 seconds left.
|
|t:|1783443570
|switch|p2b: Ninetales|Ninetales-Alola, L50, F|47/100
|turn|10
|
|t:|1783443589
|move|p2b: Ninetales|Blizzard|p1b: Garchomp
|-supereffective|p1b: Garchomp|2
|-damage|p1b: Garchomp|0 fnt
|faint|p1b: Garchomp
|
|win|MammaMiaPik
||linolino is ready for game 2.
|inactive|MammaMiaPik has 30 seconds to confirm battle start!
||MammaMiaPik is ready for game 2.
|uhtml|next|Next: Game 2 of 3
|l|☆linolino
|player|p1|
