|j|☆RegiSIXSEVEN
|j|☆ChikoRanium
|html|RegiSIXSEVENChikoRanium    
|uhtml|bestof|Game 2 of a best-of-3
|t:|1782373185
|gametype|doubles
|player|p1|RegiSIXSEVEN|steven|1110
|player|p2|ChikoRanium|n-masters3|1304
|gen|9
|tier|[Gen 9 Champions] VGC 2026 Reg M-B (Bo3)
|rated|
|rule|Species Clause: Limit one of each Pokémon
|rule|Item Clause: Limit 1 of each item
|clearpoke
|poke|p1|Blaziken, L50, F, shiny|
|poke|p1|Kingambit, L50, F, shiny|
|poke|p1|Froslass, L50, F, shiny|
|poke|p1|Aerodactyl, L50, F, shiny|
|poke|p1|Sinistcha, L50, shiny|
|poke|p1|Garchomp, L50, F, shiny|
|poke|p2|Blaziken, L50, F|
|poke|p2|Kingambit, L50, M|
|poke|p2|Aerodactyl, L50, M|
|poke|p2|Basculegion, L50, M|
|poke|p2|Sylveon, L50, F|
|poke|p2|Venusaur, L50, M|
|teampreview|4
|showteam|p1|Blaziken||FocusSash|SpeedBoost|HeatWave,AuraSphere,Coaching,Protect|Jolly||F|||50|]Kingambit||ChopleBerry|Defiant|SuckerPunch,KowtowCleave,IronHead,Protect|Adamant||F|||50|]Froslass||Froslassite|SnowCloak|Blizzard,ShadowBall,AuroraVeil,Protect|Timid||F|||50|]Aerodactyl||Aerodactylite|RockHead|RockSlide,DualWingbeat,Tailwind,WideGuard|Jolly||F|||50|]Sinistcha||KasibBerry|Hospitality|MatchaGotcha,RagePowder,TrickRoom,Protect|Bold|||||50|]Garchomp||LifeOrb|RoughSkin|DragonClaw,StompingTantrum,RockSlide,Protect|Jolly||F|||50|
|showteam|p2|Blaziken||Blazikenite|SpeedBoost|FlareBlitz,CloseCombat,RockSlide,Protect|Adamant||F|||50|]Kingambit||BlackGlasses|Defiant|KowtowCleave,SuckerPunch,SwordsDance,Protect|Adamant||M|||50|]Aerodactyl||FocusSash|Unnerve|Tailwind,RockSlide,WideGuard,Protect|Jolly||M|||50|]Basculegion||LifeOrb|Adaptability|Protect,AquaJet,Liquidation,LastRespects|Adamant||M|||50|]Sylveon||FairyFeather|Pixilate|HyperBeam,HyperVoice,QuickAttack,Protect|Modest||F|||50|]Venusaur||Venusaurite|Chlorophyll|GigaDrain,SludgeBomb,EarthPower,Protect|Modest||M|||50|
|inactive|Battle timer is ON: inactive players will automatically lose when time's up. (requested by RegiSIXSEVEN)
|inactive|ChikoRanium also wants the timer to be on.
|inactive|ChikoRanium has 60 seconds left.
|inactive|RegiSIXSEVEN has 60 seconds left.
|
|t:|1782373237
|teamsize|p1|4
|teamsize|p2|4
|start
|switch|p1a: Aerodactyl|Aerodactyl, L50, F, shiny|100/100
|switch|p1b: Kingambit|Kingambit, L50, F, shiny|100/100
|switch|p2a: Basculegion|Basculegion, L50, M|100/100
|switch|p2b: Sylveon|Sylveon, L50, F|100/100
|turn|1
|
|t:|1782373250
|detailschange|p1a: Aerodactyl|Aerodactyl-Mega, L50, F, shiny
|-mega|p1a: Aerodactyl|Aerodactyl|Aerodactylite
|move|p2a: Basculegion|Aqua Jet|p1a: Aerodactyl
|-supereffective|p1a: Aerodactyl|1
|-damage|p1a: Aerodactyl|15/100
|-damage|p2a: Basculegion|90/100|[from] item: Life Orb
|move|p2b: Sylveon|Quick Attack|p1a: Aerodactyl
|-damage|p1a: Aerodactyl|0 fnt
|faint|p1a: Aerodactyl
|move|p1b: Kingambit|Iron Head|p2b: Sylveon
|-supereffective|p2b: Sylveon|1
|-damage|p2b: Sylveon|5/100
|
|upkeep
|
|t:|1782373261
|switch|p1a: Garchomp|Garchomp, L50, F, shiny|100/100
|turn|2
|
|t:|1782373276
|move|p2a: Basculegion|Protect|p2a: Basculegion
|-singleturn|p2a: Basculegion|Protect
|move|p2b: Sylveon|Quick Attack|p1a: Garchomp
|-supereffective|p1a: Garchomp|1
|-damage|p1a: Garchomp|78/100
|-damage|p2b: Sylveon|0 fnt|[from] ability: Rough Skin|[of] p1a: Garchomp
|faint|p2b: Sylveon
|move|p1a: Garchomp|Rock Slide|p2a: Basculegion
|-activate|p2a: Basculegion|move: Protect
|move|p1b: Kingambit|Kowtow Cleave|p2a: Basculegion
|-activate|p2a: Basculegion|move: Protect
|
|upkeep
|
|t:|1782373289
|switch|p2b: Aerodactyl|Aerodactyl, L50, M|100/100
|-ability|p2b: Aerodactyl|Unnerve
|turn|3
|
|t:|1782373301
|move|p1b: Kingambit|Sucker Punch|p2a: Basculegion
|-supereffective|p2a: Basculegion|1
|-damage|p2a: Basculegion|9/100
|move|p2b: Aerodactyl|Tailwind|p2b: Aerodactyl
|-sidestart|p2: ChikoRanium|move: Tailwind
|move|p2a: Basculegion|Last Respects|p1a: Garchomp
|-damage|p1a: Garchomp|1/100
|-damage|p2a: Basculegion|0 fnt|[from] item: Life Orb
|faint|p2a: Basculegion
|move|p1a: Garchomp|Dragon Claw|p2b: Aerodactyl
|-damage|p2b: Aerodactyl|26/100
|-damage|p1a: Garchomp|0 fnt|[from] item: Life Orb
|faint|p1a: Garchomp
|
|upkeep
|
|t:|1782373309
|switch|p1a: Sinistcha|Sinistcha, L50, shiny|100/100
|switch|p2a: Venusaur|Venusaur, L50, M|100/100
|turn|4
|
|t:|1782373320
|detailschange|p2a: Venusaur|Venusaur-Mega, L50, M
|-mega|p2a: Venusaur|Venusaur|Venusaurite
|move|p1b: Kingambit|Protect|p1b: Kingambit
|-singleturn|p1b: Kingambit|Protect
|move|p2b: Aerodactyl|Rock Slide|p1a: Sinistcha|[spread] p1a
|-activate|p1b: Kingambit|move: Protect
|-damage|p1a: Sinistcha|79/100
|move|p2a: Venusaur|Earth Power|p1b: Kingambit
|-activate|p1b: Kingambit|move: Protect
|move|p1a: Sinistcha|Matcha Gotcha|p2a: Venusaur|[spread] p2a,p2b
|-resisted|p2a: Venusaur|2
|-damage|p2a: Venusaur|95/100
|-heal|p1a: Sinistcha|82/100|[from] drain|[of] p2a: Venusaur
|-damage|p2b: Aerodactyl|0 fnt
|-heal|p1a: Sinistcha|94/100|[from] drain|[of] p2b: Aerodactyl
|faint|p2b: Aerodactyl
|
|upkeep
|turn|5
|inactive|RegiSIXSEVEN has 30 seconds left.
|
|t:|1782373348
|move|p2a: Venusaur|Earth Power|p1b: Kingambit
|-supereffective|p1b: Kingambit|1
|-damage|p1b: Kingambit|34/100
|move|p1b: Kingambit|Kowtow Cleave|p2a: Venusaur
|-damage|p2a: Venusaur|60/100
|move|p1a: Sinistcha|Trick Room|p1a: Sinistcha
|-fieldstart|move: Trick Room|[of] p1a: Sinistcha
|
|upkeep
|turn|6
|inactive|ChikoRanium has 30 seconds left.
|
|t:|1782373375
|move|p1b: Kingambit|Kowtow Cleave|p2a: Venusaur
|-damage|p2a: Venusaur|26/100
|move|p1a: Sinistcha|Matcha Gotcha|p2a: Venusaur
|-resisted|p2a: Venusaur|2
|-damage|p2a: Venusaur|19/100
|-heal|p1a: Sinistcha|98/100|[from] drain|[of] p2a: Venusaur
|move|p2a: Venusaur|Earth Power|p1b: Kingambit
|-supereffective|p1b: Kingambit|1
|-damage|p1b: Kingambit|0 fnt
|faint|p1b: Kingambit
|
|-sideend|p2: ChikoRanium|move: Tailwind
|upkeep
|turn|7
|
|t:|1782373385
|move|p1a: Sinistcha|Matcha Gotcha|p2a: Venusaur
|-resisted|p2a: Venusaur|2
|-damage|p2a: Venusaur|12/100
|-heal|p1a: Sinistcha|100/100|[from] drain|[of] p2a: Venusaur
|-status|p2a: Venusaur|brn
|move|p2a: Venusaur|Sludge Bomb|p1a: Sinistcha
|-damage|p1a: Sinistcha|52/100
|
|-damage|p2a: Venusaur|6/100 brn|[from] brn
|upkeep
|turn|8
|
|t:|1782373396
|move|p1a: Sinistcha|Protect|p1a: Sinistcha
|-singleturn|p1a: Sinistcha|Protect
|move|p2a: Venusaur|Sludge Bomb|p1a: Sinistcha
|-activate|p1a: Sinistcha|move: Protect
|
|-damage|p2a: Venusaur|1/100 brn|[from] brn
|upkeep
|turn|9
|
|t:|1782373403
|move|p1a: Sinistcha|Protect|p1a: Sinistcha
|-singleturn|p1a: Sinistcha|Protect
|move|p2a: Venusaur|Sludge Bomb|p1a: Sinistcha
|-activate|p1a: Sinistcha|move: Protect
|
|-damage|p2a: Venusaur|0 fnt|[from] brn
|faint|p2a: Venusaur
|
|win|RegiSIXSEVEN
|raw|RegiSIXSEVEN's rating: 1110 → 1148(+38 for winning)
|raw|ChikoRanium's rating: 1304 → 1274(-30 for losing)
|l|☆ChikoRanium
|player|p2|
