|j|☆IPlayUmbreon
|j|☆owbd
|html|IPlayUmbreonowbd    
|uhtml|bestof|Game 2 of a best-of-3
|t:|1756630801
|gametype|doubles
|player|p1|IPlayUmbreon|bellelba|1095
|player|p2|owbd|cynthia-gen4|1130
|gen|9
|tier|[Gen 9] VGC 2025 Reg H (Bo3)
|rated|
|rule|Species Clause: Limit one of each Pokémon
|rule|Item Clause: Limit 1 of each item
|clearpoke
|poke|p1|Rillaboom, L50, F|
|poke|p1|Incineroar, L50, M|
|poke|p1|Primarina, L50, M|
|poke|p1|Dragapult, L50, F|
|poke|p1|Electabuzz, L50, M|
|poke|p1|Sneasler, L50, M|
|poke|p2|Gholdengo, L50|
|poke|p2|Incineroar, L50, F|
|poke|p2|Ursaluna-Bloodmoon, L50, M|
|poke|p2|Indeedee, L50, M|
|poke|p2|Sneasler, L50, F|
|poke|p2|Murkrow, L50, F|
|teampreview|4
|showteam|p1|Rillaboom||AssaultVest|GrassySurge|HighHorsepower,GrassyGlide,FakeOut,Uturn|||F|||50|,,,,,Fire]Incineroar||SafetyGoggles|Intimidate|FakeOut,KnockOff,FlareBlitz,PartingShot|||M|||50|,,,,,Ghost]Primarina||ThroatSpray|LiquidVoice|HyperVoice,Moonblast,Haze,Protect|||M|||50|,,,,,Poison]Dragapult||ChoiceBand|ClearBody|DragonDarts,PhantomForce,Outrage,Uturn|||F|||50|,,,,,Dragon]Electabuzz||Eviolite|VitalSpirit|Electroweb,FollowMe,Taunt,Protect|||M|||50|,,,,,Ghost]Sneasler||GrassySeed|Unburden|DireClaw,CloseCombat,Coaching,Protect|||M|||50|,,,,,Stellar
|showteam|p2|Gholdengo||ChoiceSpecs|GoodasGold|MakeItRain,ShadowBall,Thunderbolt,Trick||||||50|,,,,,Steel]Incineroar||SafetyGoggles|Intimidate|FlareBlitz,PartingShot,FakeOut,KnockOff|||F|||50|,,,,,Ghost]Ursaluna-Bloodmoon||AssaultVest|MindsEye|BloodMoon,EarthPower,HyperVoice,Moonblast|||M|||50|,,,,,Normal]Indeedee||FocusSash|PsychicSurge|ExpandingForce,Protect,TrickRoom,Imprison|||M|||50|,,,,,Psychic]Sneasler||PsychicSeed|Unburden|CloseCombat,DireClaw,FakeOut,ThroatChop|||F|||50|,,,,,Stellar]Murkrow||CovertCloak|Prankster|FoulPlay,Haze,SunnyDay,Tailwind|||F|||50|,,,,,Dark
|
|t:|1756630814
|teamsize|p1|4
|teamsize|p2|4
|start
|switch|p1a: Incineroar|Incineroar, L50, M|100/100
|switch|p1b: Rillaboom|Rillaboom, L50, F|100/100
|switch|p2a: Gholdengo|Gholdengo, L50|100/100
|switch|p2b: Murkrow|Murkrow, L50, F|100/100
|-fieldstart|move: Grassy Terrain|[from] ability: Grassy Surge|[of] p1b: Rillaboom
|-ability|p1a: Incineroar|Intimidate|boost
|-unboost|p2a: Gholdengo|atk|1
|-unboost|p2b: Murkrow|atk|1
|turn|1
|
|t:|1756630854
|-terastallize|p2a: Gholdengo|Steel
|move|p2a: Gholdengo|Make It Rain|p1a: Incineroar|[spread] p1a,p1b
|-resisted|p1a: Incineroar
|-damage|p1a: Incineroar|59/100
|-damage|p1b: Rillaboom|34/100
|-unboost|p2a: Gholdengo|spa|1
|move|p1b: Rillaboom|U-turn|p2b: Murkrow
|-damage|p2b: Murkrow|65/100
|
|t:|1756630874
|switch|p1b: Primarina|Primarina, L50, M|100/100|[from] U-turn
|move|p2b: Murkrow|Foul Play|p1b: Primarina
|-resisted|p1b: Primarina
|-damage|p1b: Primarina|90/100
|move|p1a: Incineroar|Flare Blitz|p2a: Gholdengo
|-supereffective|p2a: Gholdengo
|-damage|p2a: Gholdengo|0 fnt
|faint|p2a: Gholdengo
|-damage|p1a: Incineroar|33/100|[from] Recoil
|
|-heal|p1a: Incineroar|39/100|[from] Grassy Terrain
|-heal|p1b: Primarina|96/100|[from] Grassy Terrain
|upkeep
|
|t:|1756630889
|switch|p2a: Sneasler|Sneasler, L50, F|100/100
|turn|2
|
|t:|1756630904
|move|p1b: Primarina|Protect|p1b: Primarina
|-singleturn|p1b: Primarina|Protect
|move|p2a: Sneasler|Dire Claw|p1b: Primarina
|-activate|p1b: Primarina|move: Protect
|move|p2b: Murkrow|Foul Play|p1a: Incineroar
|-resisted|p1a: Incineroar
|-damage|p1a: Incineroar|21/100
|move|p1a: Incineroar|Parting Shot|p2a: Sneasler
|-unboost|p2a: Sneasler|atk|1
|-unboost|p2a: Sneasler|spa|1
|
|t:|1756630930
|switch|p1a: Sneasler|Sneasler, L50, M|100/100|[from] Parting Shot
|-enditem|p1a: Sneasler|Grassy Seed
|-boost|p1a: Sneasler|def|1|[from] item: Grassy Seed
|
|-heal|p1b: Primarina|100/100|[from] Grassy Terrain
|upkeep
|turn|3
|
|t:|1756630942
|-terastallize|p1b: Primarina|Poison
|move|p2b: Murkrow|Tailwind|p2b: Murkrow
|-sidestart|p2: owbd|move: Tailwind
|move|p1a: Sneasler|Dire Claw|p2b: Murkrow
|-damage|p2b: Murkrow|0 fnt
|faint|p2b: Murkrow
|move|p2a: Sneasler|Dire Claw|p1b: Primarina
|-resisted|p1b: Primarina
|-damage|p1b: Primarina|83/100
|-status|p1b: Primarina|slp
|cant|p1b: Primarina|slp
|
|-heal|p1b: Primarina|89/100 slp|[from] Grassy Terrain
|upkeep
|
|t:|1756630958
|switch|p2b: Indeedee|Indeedee, L50, M|100/100
|-fieldstart|move: Psychic Terrain|[from] ability: Psychic Surge|[of] p2b: Indeedee
|-enditem|p2a: Sneasler|Psychic Seed
|-boost|p2a: Sneasler|spd|1|[from] item: Psychic Seed
|turn|4
|
|t:|1756630989
|switch|p1b: Rillaboom|Rillaboom, L50, F|34/100
|-fieldstart|move: Grassy Terrain|[from] ability: Grassy Surge|[of] p1b: Rillaboom
|move|p1a: Sneasler|Protect|p1a: Sneasler
|-singleturn|p1a: Sneasler|Protect
|move|p2a: Sneasler|Dire Claw|p1a: Sneasler
|-activate|p1a: Sneasler|move: Protect
|move|p2b: Indeedee|Expanding Force|p1a: Sneasler
|-activate|p1a: Sneasler|move: Protect
|
|-heal|p1b: Rillaboom|40/100|[from] Grassy Terrain
|upkeep
|turn|5
|
|t:|1756631004
|move|p2b: Indeedee|Protect|p2b: Indeedee
|-singleturn|p2b: Indeedee|Protect
|move|p1b: Rillaboom|Fake Out|p2b: Indeedee
|-activate|p2b: Indeedee|move: Protect
|move|p2a: Sneasler|Dire Claw|p1b: Rillaboom
|-supereffective|p1b: Rillaboom
|-damage|p1b: Rillaboom|0 fnt
|faint|p1b: Rillaboom
|move|p1a: Sneasler|Dire Claw|p2b: Indeedee
|-activate|p2b: Indeedee|move: Protect
|
|upkeep
|
|t:|1756631008
|switch|p1b: Incineroar|Incineroar, L50, M|21/100
|-ability|p1b: Incineroar|Intimidate|boost
|-unboost|p2a: Sneasler|atk|1
|-unboost|p2b: Indeedee|atk|1
|turn|6
|
|t:|1756631028
|move|p1b: Incineroar|Fake Out|p2b: Indeedee
|-damage|p2b: Indeedee|80/100
|move|p2a: Sneasler|Close Combat|p1b: Incineroar
|-supereffective|p1b: Incineroar
|-damage|p1b: Incineroar|0 fnt
|-unboost|p2a: Sneasler|def|1
|-unboost|p2a: Sneasler|spd|1
|faint|p1b: Incineroar
|move|p1a: Sneasler|Dire Claw|p2b: Indeedee
|-damage|p2b: Indeedee|0 fnt
|faint|p2b: Indeedee
|
|-sideend|p2: owbd|move: Tailwind
|upkeep
|
|t:|1756631038
|switch|p1b: Primarina|Primarina, L50, M, tera:Poison|89/100 slp
|turn|7
|
|t:|1756631043
|move|p1a: Sneasler|Dire Claw|p2a: Sneasler
|-resisted|p2a: Sneasler
|-damage|p2a: Sneasler|59/100
|move|p2a: Sneasler|Dire Claw|p1a: Sneasler
|-resisted|p1a: Sneasler
|-damage|p1a: Sneasler|88/100
|-status|p1a: Sneasler|par
|-curestatus|p1b: Primarina|slp|[msg]
|move|p1b: Primarina|Hyper Voice|p2a: Sneasler
|-damage|p2a: Sneasler|6/100
|-enditem|p1b: Primarina|Throat Spray
|-boost|p1b: Primarina|spa|1|[from] item: Throat Spray
|
|-heal|p2a: Sneasler|12/100|[from] Grassy Terrain
|-heal|p1a: Sneasler|94/100 par|[from] Grassy Terrain
|-heal|p1b: Primarina|95/100|[from] Grassy Terrain
|upkeep
|turn|8
|
|t:|1756631060
|move|p2a: Sneasler|Dire Claw|p1b: Primarina
|-resisted|p1b: Primarina
|-damage|p1b: Primarina|83/100
|-status|p1b: Primarina|slp
|move|p1a: Sneasler|Dire Claw|p2a: Sneasler
|-resisted|p2a: Sneasler
|-damage|p2a: Sneasler|0 fnt
|faint|p2a: Sneasler
|
|win|IPlayUmbreon
|raw|IPlayUmbreon's rating: 1095 → 1123(+28 for winning)
|raw|owbd's rating: 1130 → 1102(-28 for losing)
|l|☆IPlayUmbreon
|player|p1|
