|j|☆x-demon18
|j|☆gg4g3
|html|x-demon18gg4g3    
|uhtml|bestof|Game 1 of a best-of-3
|t:|1784568379
|gametype|doubles
|player|p1|x-demon18|lucas|1110
|player|p2|gg4g3|miku-ghost|1263
|gen|9
|tier|[Gen 9 Champions] VGC 2026 Reg M-B (Bo3)
|rated|
|rule|Species Clause: Limit one of each Pokémon
|rule|Item Clause: Limit 1 of each item
|clearpoke
|poke|p1|Incineroar, L50, M|
|poke|p1|Rotom-Wash, L50|
|poke|p1|Venusaur, L50, M|
|poke|p1|Corviknight, L50, M|
|poke|p1|Sylveon, L50, F|
|poke|p1|Garchomp, L50, M|
|poke|p2|Charizard, L50, M|
|poke|p2|Incineroar, L50, F|
|poke|p2|Aerodactyl, L50, M|
|poke|p2|Sylveon, L50, F|
|poke|p2|Garchomp, L50, M|
|poke|p2|Farigiraf, L50, M|
|teampreview|4
|showteam|p1|Incineroar||ExpertBelt|Intimidate|FakeOut,TemperFlare,ThroatChop,PartingShot|Adamant||M|||50|]Rotom-Wash||RindoBerry|Levitate|HydroPump,Electroweb,WillOWisp,VoltSwitch|Modest|||||50|]Venusaur||Venusaurite|Chlorophyll|GigaDrain,SludgeBomb,EarthPower,Protect|Modest||M|||50|]Corviknight||OccaBerry|MirrorArmor|Tailwind,DualWingbeat,IronHead,BodyPress|Adamant||M|||50|]Sylveon||FairyFeather|Pixilate|HyperVoice,QuickAttack,Yawn,Detect|Modest||F|||50|]Garchomp||LifeOrb|RoughSkin|RockSlide,DragonClaw,StompingTantrum,Protect|Jolly||M|||50|
|showteam|p2|Charizard||CharizarditeY|Blaze|HeatWave,SolarBeam,WeatherBall,Protect|Timid||M|||50|]Incineroar||ChopleBerry|Intimidate|FakeOut,PartingShot,FlareBlitz,ThroatChop|Careful||F|||50|]Aerodactyl||Aerodactylite|Unnerve|RockSlide,DualWingbeat,Tailwind,Protect|Jolly||M|||50|]Sylveon||FairyFeather|Pixilate|HyperVoice,HyperBeam,QuickAttack,Detect|Modest||F|||50|]Garchomp||LifeOrb|RoughSkin|Earthquake,DragonClaw,RockSlide,Protect|Jolly||M|||50|]Farigiraf||SitrusBerry|ArmorTail|Psychic,TrickRoom,HelpingHand,Protect|Sassy||M|||50|
|inactive|Battle timer is ON: inactive players will automatically lose when time's up. (requested by gg4g3)
|inactive|x-demon18 has 60 seconds left.
|inactive|gg4g3 has 60 seconds left.
|
|t:|1784568433
|teamsize|p1|4
|teamsize|p2|4
|start
|switch|p1a: HydroVolt|Rotom-Wash, L50|100/100
|switch|p1b: Wolverine|Incineroar, L50, M|100/100
|switch|p2a: Aerodactyl|Aerodactyl, L50, M|100/100
|switch|p2b: Charizard|Charizard, L50, M|100/100
|-ability|p2a: Aerodactyl|Unnerve
|-ability|p1b: Wolverine|Intimidate|boost
|-unboost|p2a: Aerodactyl|atk|1
|-unboost|p2b: Charizard|atk|1
|turn|1
|
|t:|1784568452
|switch|p2a: Garchomp|Garchomp, L50, M|100/100
|move|p2b: Charizard|Protect|p2b: Charizard
|-singleturn|p2b: Charizard|Protect
|move|p1b: Wolverine|Fake Out|p2a: Garchomp
|-damage|p2a: Garchomp|86/100
|-damage|p1b: Wolverine|87/100|[from] ability: Rough Skin|[of] p2a: Garchomp
|move|p1a: HydroVolt|Volt Switch|p2b: Charizard
|-activate|p2b: Charizard|move: Protect
|
|upkeep
|turn|2
|inactive|x-demon18 has 30 seconds left.
|
|t:|1784568484
|detailschange|p2b: Charizard|Charizard-Mega-Y, L50, M
|-mega|p2b: Charizard|Charizard|Charizardite Y
|-weather|SunnyDay|[from] ability: Drought|[of] p2b: Charizard
|move|p2a: Garchomp|Rock Slide|p1a: HydroVolt|[spread] p1a,p1b
|-supereffective|p1b: Wolverine|1
|-damage|p1a: HydroVolt|75/100
|-damage|p1b: Wolverine|40/100
|-damage|p2a: Garchomp|76/100|[from] item: Life Orb
|move|p2b: Charizard|Solar Beam||[still]
|-prepare|p2b: Charizard|Solar Beam
|-anim|p2b: Charizard|Solar Beam|p1a: HydroVolt
|-supereffective|p1a: HydroVolt|1
|-enditem|p1a: HydroVolt|Rindo Berry|[eat]
|-enditem|p1a: HydroVolt|Rindo Berry|[weaken]
|-damage|p1a: HydroVolt|22/100
|cant|p1a: HydroVolt|flinch
|move|p1b: Wolverine|Parting Shot|p2a: Garchomp
|-unboost|p2a: Garchomp|atk|1
|-unboost|p2a: Garchomp|spa|1
|
|t:|1784568502
|switch|p1b: Berserk|Garchomp, L50, M|100/100|[from] Parting Shot
|
|-weather|SunnyDay|[upkeep]
|upkeep
|turn|3
|
|t:|1784568513
|switch|p2a: Incineroar|Incineroar, L50, F|100/100
|-ability|p2a: Incineroar|Intimidate|boost
|-unboost|p1a: HydroVolt|atk|1
|-unboost|p1b: Berserk|atk|1
|switch|p1a: Wolverine|Incineroar, L50, M|40/100
|-ability|p1a: Wolverine|Intimidate|boost
|-unboost|p2a: Incineroar|atk|1
|-unboost|p2b: Charizard|atk|1
|move|p2b: Charizard|Protect|p2b: Charizard
|-singleturn|p2b: Charizard|Protect
|move|p1b: Berserk|Dragon Claw|p2a: Incineroar
|-damage|p2a: Incineroar|68/100
|-damage|p1b: Berserk|90/100|[from] item: Life Orb
|
|-weather|SunnyDay|[upkeep]
|upkeep
|turn|4
|
|t:|1784568534
|switch|p1b: HydroVolt|Rotom-Wash, L50|22/100
|switch|p2b: Aerodactyl|Aerodactyl, L50, M|100/100
|-ability|p2b: Aerodactyl|Unnerve
|move|p2a: Incineroar|Fake Out|p1b: HydroVolt
|-damage|p1b: HydroVolt|14/100
|move|p1a: Wolverine|Parting Shot|p2b: Aerodactyl
|-unboost|p2b: Aerodactyl|atk|1
|-unboost|p2b: Aerodactyl|spa|1
|
|t:|1784568549
|switch|p1a: Frieren|Sylveon, L50, F|100/100|[from] Parting Shot
|
|-weather|SunnyDay|[upkeep]
|upkeep
|turn|5
|
|t:|1784568559
|move|p2b: Aerodactyl|Tailwind|p2b: Aerodactyl
|-sidestart|p2: gg4g3|move: Tailwind
|move|p2a: Incineroar|Throat Chop|p1a: Frieren
|-resisted|p1a: Frieren|1
|-damage|p1a: Frieren|88/100
|-start|p1a: Frieren|Throat Chop|[silent]
|move|p1b: HydroVolt|Volt Switch|p2b: Aerodactyl
|-supereffective|p2b: Aerodactyl|1
|-damage|p2b: Aerodactyl|7/100
|
|t:|1784568569
|switch|p1b: Berserk|Garchomp, L50, M|90/100|[from] Volt Switch
|cant|p1a: Frieren|move: Throat Chop
|
|-weather|SunnyDay|[upkeep]
|upkeep
|turn|6
|
|t:|1784568585
|move|p1a: Frieren|Quick Attack|p2b: Aerodactyl
|-damage|p2b: Aerodactyl|0 fnt
|faint|p2b: Aerodactyl
|move|p1b: Berserk|Stomping Tantrum|p2a: Incineroar
|-supereffective|p2a: Incineroar|1
|-damage|p2a: Incineroar|0 fnt
|faint|p2a: Incineroar
|-damage|p1b: Berserk|80/100|[from] item: Life Orb
|
|-weather|none
|-end|p1a: Frieren|Throat Chop|[silent]
|upkeep
|
|t:|1784568589
|switch|p2b: Garchomp|Garchomp, L50, M|76/100
|switch|p2a: Charizard|Charizard-Mega-Y, L50, M|100/100
|-weather|SunnyDay|[from] ability: Drought|[of] p2a: Charizard
|turn|7
|inactive|x-demon18 has 30 seconds left.
|
|t:|1784568615
|switch|p1b: Wolverine|Incineroar, L50, M|40/100
|-ability|p1b: Wolverine|Intimidate|boost
|-unboost|p2a: Charizard|atk|1
|-unboost|p2b: Garchomp|atk|1
|move|p2b: Garchomp|Earthquake|p1a: Frieren|[spread] p1a,p1b
|-immune|p2a: Charizard
|-supereffective|p1b: Wolverine|1
|-damage|p1a: Frieren|56/100
|-damage|p1b: Wolverine|0 fnt
|faint|p1b: Wolverine
|-damage|p2b: Garchomp|67/100|[from] item: Life Orb
|move|p2a: Charizard|Solar Beam||[still]
|-prepare|p2a: Charizard|Solar Beam
|-anim|p2a: Charizard|Solar Beam|p1a: Frieren
|-damage|p1a: Frieren|17/100
|move|p1a: Frieren|Hyper Voice|p2a: Charizard|[spread] p2a,p2b
|-resisted|p2a: Charizard|1
|-supereffective|p2b: Garchomp|1
|-damage|p2a: Charizard|77/100
|-damage|p2b: Garchomp|0 fnt
|faint|p2b: Garchomp
|
|-weather|SunnyDay|[upkeep]
|upkeep
|-message|gg4g3 forfeited.
|
|win|x-demon18
||gg4g3 is ready for game 2.
|inactive|x-demon18 has 30 seconds to confirm battle start!
