|j|☆lowk mate
|j|☆denaby
|html|lowk matedenaby    
|uhtml|bestof|Game 1 of a best-of-3
|t:|1782498166
|gametype|doubles
|player|p1|lowk mate|2|
|player|p2|denaby|sage|
|gen|9
|tier|[Gen 9 Champions] VGC 2026 Reg M-B (Bo3)
|rule|Species Clause: Limit one of each Pokémon
|rule|Item Clause: Limit 1 of each item
|clearpoke
|poke|p1|Whimsicott, L50, M|
|poke|p1|Charizard, L50, M|
|poke|p1|Floette-Eternal, L50, F|
|poke|p1|Basculegion, L50, M|
|poke|p1|Kingambit, L50, F|
|poke|p1|Garchomp, L50, M|
|poke|p2|Charizard, L50, M|
|poke|p2|Whimsicott, L50, M|
|poke|p2|Metagross, L50|
|poke|p2|Garchomp, L50, F|
|poke|p2|Kingambit, L50, M|
|poke|p2|Sylveon, L50, M|
|teampreview|4
|showteam|p1|Whimsicott||FocusSash|Prankster|Moonblast,Encore,Tailwind,Protect|Timid||M|||50|]Charizard||CharizarditeY|Blaze|HeatWave,SolarBeam,WeatherBall,Protect|Modest||M|||50|]Floette-Eternal||Floettite|FlowerVeil|LightofRuin,Moonblast,DazzlingGleam,Protect|Timid||F|||50|]Basculegion||MysticWater|Adaptability|LastRespects,AquaJet,WaveCrash,Protect|Adamant||M|||50|]Kingambit||BlackGlasses|Defiant|KowtowCleave,IronHead,SuckerPunch,Protect|Adamant||F|||50|]Garchomp||LifeOrb|RoughSkin|DragonClaw,Earthquake,RockSlide,Protect|Jolly||M|||50|
|showteam|p2|Charizard||CharizarditeY|Blaze|WeatherBall,HeatWave,SolarBeam,Protect|Modest||M|||50|]Whimsicott||MentalHerb|Prankster|Moonblast,Tailwind,Encore,Protect|Timid||M|||50|]Metagross||Metagrossite|ClearBody|IronHead,PsychicFangs,BodyPress,Protect|Jolly|||||50|]Garchomp||LifeOrb|RoughSkin|DragonClaw,StompingTantrum,RockTomb,Protect|Jolly||F|||50|]Kingambit||FocusSash|Defiant|SuckerPunch,KowtowCleave,IronHead,LowKick|Adamant||M|||50|]Sylveon||FairyFeather|Pixilate|QuickAttack,HyperBeam,HyperVoice,Detect|Modest||M|||50|
|c|☆lowk mate|gl
|
|t:|1782498230
|teamsize|p1|4
|teamsize|p2|4
|start
|switch|p1a: Whimsicott|Whimsicott, L50, M|100/100
|switch|p1b: Garchomp|Garchomp, L50, M|100/100
|switch|p2a: Garchomp|Garchomp, L50, F|100/100
|switch|p2b: Whimsicott|Whimsicott, L50, M|100/100
|turn|1
|c|☆denaby|gl
|
|t:|1782498258
|switch|p1b: Kingambit|Kingambit, L50, F|100/100
|move|p1a: Whimsicott|Tailwind|p1a: Whimsicott
|-sidestart|p1: lowk mate|move: Tailwind
|move|p2b: Whimsicott|Tailwind|p2b: Whimsicott
|-sidestart|p2: denaby|move: Tailwind
|move|p2a: Garchomp|Dragon Claw|p1b: Kingambit
|-resisted|p1b: Kingambit|1
|-damage|p1b: Kingambit|78/100
|-damage|p2a: Garchomp|90/100|[from] item: Life Orb
|
|upkeep
|turn|2
|
|t:|1782498280
|switch|p2a: Charizard|Charizard, L50, M|100/100
|move|p1b: Kingambit|Protect|p1b: Kingambit
|-singleturn|p1b: Kingambit|Protect
|move|p1a: Whimsicott|Encore|p2b: Whimsicott
|-start|p2b: Whimsicott|Encore
|-enditem|p2b: Whimsicott|Mental Herb
|-end|p2b: Whimsicott|Encore
|move|p2b: Whimsicott|Encore||[still]
|-fail|p2b: Whimsicott
|
|upkeep
|turn|3
|
|t:|1782498330
|switch|p2b: Kingambit|Kingambit, L50, M|100/100
|switch|p1b: Garchomp|Garchomp, L50, M|100/100
|detailschange|p2a: Charizard|Charizard-Mega-Y, L50, M
|-mega|p2a: Charizard|Charizard|Charizardite Y
|-weather|SunnyDay|[from] ability: Drought|[of] p2a: Charizard
|move|p1a: Whimsicott|Moonblast|p2b: Kingambit
|-damage|p2b: Kingambit|55/100
|move|p2a: Charizard|Heat Wave|p1a: Whimsicott|[spread] p1a,p1b
|-supereffective|p1a: Whimsicott|1
|-resisted|p1b: Garchomp|1
|-enditem|p1a: Whimsicott|Focus Sash
|-damage|p1a: Whimsicott|1/100
|-damage|p1b: Garchomp|64/100
|
|-weather|SunnyDay|[upkeep]
|upkeep
|turn|4
|
|t:|1782498374
|move|p1a: Whimsicott|Protect|p1a: Whimsicott
|-singleturn|p1a: Whimsicott|Protect
|move|p2b: Kingambit|Sucker Punch|p1b: Garchomp
|-damage|p1b: Garchomp|25/100
|-damage|p2b: Kingambit|43/100|[from] ability: Rough Skin|[of] p1b: Garchomp
|move|p1b: Garchomp|Earthquake|p2b: Kingambit|[spread] p2b
|-activate|p1a: Whimsicott|move: Protect
|-immune|p2a: Charizard
|-supereffective|p2b: Kingambit|1
|-damage|p2b: Kingambit|0 fnt
|faint|p2b: Kingambit
|-damage|p1b: Garchomp|15/100|[from] item: Life Orb
|move|p2a: Charizard|Heat Wave|p1b: Garchomp|[spread] p1b
|-activate|p1a: Whimsicott|move: Protect
|-resisted|p1b: Garchomp|1
|-crit|p1b: Garchomp
|-damage|p1b: Garchomp|0 fnt
|faint|p1b: Garchomp
|
|-weather|SunnyDay|[upkeep]
|-sideend|p2: denaby|move: Tailwind
|-sideend|p1: lowk mate|move: Tailwind
|upkeep
|
|t:|1782498397
|switch|p1b: Charizard|Charizard, L50, M|100/100
|switch|p2b: Whimsicott|Whimsicott, L50, M|100/100
|turn|5
|
|t:|1782498411
|detailschange|p1b: Charizard|Charizard-Mega-Y, L50, M
|-mega|p1b: Charizard|Charizard|Charizardite Y
|move|p1a: Whimsicott|Tailwind|p1a: Whimsicott
|-sidestart|p1: lowk mate|move: Tailwind
|move|p1b: Charizard|Heat Wave|p2a: Charizard|[spread] p2a,p2b
|-resisted|p2a: Charizard|1
|-supereffective|p2b: Whimsicott|1
|-crit|p2b: Whimsicott
|-damage|p2a: Charizard|69/100
|-damage|p2b: Whimsicott|0 fnt
|faint|p2b: Whimsicott
|move|p2a: Charizard|Weather Ball|p1b: Charizard
|-resisted|p1b: Charizard|1
|-damage|p1b: Charizard|57/100
|
|-weather|SunnyDay|[upkeep]
|upkeep
|
|t:|1782498423
|switch|p2b: Garchomp|Garchomp, L50, F|90/100
|turn|6
|
|t:|1782498431
|move|p2b: Garchomp|Protect|p2b: Garchomp
|-singleturn|p2b: Garchomp|Protect
|move|p1a: Whimsicott|Moonblast|p2b: Garchomp
|-activate|p2b: Garchomp|move: Protect
|move|p1b: Charizard|Weather Ball|p2a: Charizard
|-resisted|p2a: Charizard|1
|-damage|p2a: Charizard|26/100
|move|p2a: Charizard|Heat Wave|p1b: Charizard|[spread] p1a,p1b
|-supereffective|p1a: Whimsicott|1
|-resisted|p1b: Charizard|1
|-damage|p1a: Whimsicott|0 fnt
|-damage|p1b: Charizard|30/100
|faint|p1a: Whimsicott
|
|-weather|SunnyDay|[upkeep]
|upkeep
|
|t:|1782498440
|switch|p1a: Kingambit|Kingambit, L50, F|78/100
|turn|7
|
|t:|1782498453
|move|p1a: Kingambit|Sucker Punch|p2a: Charizard
|-damage|p2a: Charizard|0 fnt
|faint|p2a: Charizard
|move|p1b: Charizard|Solar Beam||[still]
|-prepare|p1b: Charizard|Solar Beam
|-anim|p1b: Charizard|Solar Beam|p2b: Garchomp
|-damage|p2b: Garchomp|38/100
|move|p2b: Garchomp|Rock Tomb|p1b: Charizard|[miss]
|-miss|p2b: Garchomp|p1b: Charizard
|
|-weather|none
|upkeep
|turn|8
|
|t:|1782498465
|move|p1a: Kingambit|Sucker Punch|p2b: Garchomp
|-damage|p2b: Garchomp|0 fnt
|-damage|p1a: Kingambit|66/100|[from] ability: Rough Skin|[of] p2b: Garchomp
|faint|p2b: Garchomp
|
|win|lowk mate
||denaby is ready for game 2.
||lowk mate is ready for game 2.
|uhtml|next|Next: Game 2 of 3
|l|☆lowk mate
|player|p1|
