|j|☆asmrticuno
|j|☆ChaoticEspeon
|html|asmrticunoChaoticEspeon    
|uhtml|bestof|Game 2 of a best-of-3
|t:|1782662831
|gametype|doubles
|player|p1|asmrticuno|roughneck-gen4|
|player|p2|ChaoticEspeon|2|
|gen|9
|tier|[Gen 9 Champions] VGC 2026 Reg M-B (Bo3)
|rule|Species Clause: Limit one of each Pokémon
|rule|Item Clause: Limit 1 of each item
|clearpoke
|poke|p1|Pyroar, L50, M|
|poke|p1|Sylveon, L50, F, shiny|
|poke|p1|Manectric, L50, M|
|poke|p1|Gyarados, L50, M, shiny|
|poke|p1|Zoroark-Hisui, L50, F, shiny|
|poke|p1|Whimsicott, L50, F|
|poke|p2|Mawile, L50, F|
|poke|p2|Farigiraf, L50, M|
|poke|p2|Kangaskhan, L50, F|
|poke|p2|Torkoal, L50, F|
|poke|p2|Venusaur, L50, F|
|poke|p2|Pyroar, L50, F|
|teampreview|4
|showteam|p1|Pyroar||Pyroarite|Unnerve|HeatWave,Round,WillOWisp,Protect|Timid||M|||50|]Sylveon||FairyFeather|Pixilate|HyperVoice,Round,WeatherBall,Detect|Modest||F|||50|]Manectric||Manectite|LightningRod|VoltSwitch,Snarl,Round,Protect|Timid||M|||50|]Gyarados||Leftovers|Intimidate|Waterfall,PowerWhip,DragonDance,Protect|Adamant||M|||50|]Zoroark-Hisui||ChoiceScarf|Illusion|HyperVoice,Round,BitterMalice,Flamethrower|Modest||F|||50|]Whimsicott||FocusSash|Prankster|Moonblast,Tailwind,SunnyDay,Protect|Timid||F|||50|
|showteam|p2|Mawile||Mawilite|Intimidate|Protect,BrickBreak,PlayRough,SuckerPunch|Brave||F|||50|]Farigiraf||SitrusBerry|ArmorTail|HelpingHand,PsychicFangs,TrickRoom,Thunderbolt|Quiet||M|||50|]Kangaskhan||SilkScarf|Scrappy|FakeOut,LastResort|Adamant||F|||50|]Torkoal||Charcoal|Drought|Protect,Eruption,WeatherBall,EarthPower|Quiet||F|||50|]Venusaur||LifeOrb|Chlorophyll|LeafStorm,SludgeBomb,EarthPower,Protect|Modest||F|||50|]Pyroar||Pyroarite|Unnerve|HeatWave,Overheat,SolarBeam,Protect|Timid||F|||50|
|j| the gong lady
|j| Squirly
|
|t:|1782662863
|teamsize|p1|4
|teamsize|p2|4
|start
|switch|p1a: Sylveon|Sylveon, L50, F, shiny|100/100
|switch|p1b: Pyroar|Pyroar, L50, M|100/100
|switch|p2a: Farigiraf|Farigiraf, L50, M|100/100
|switch|p2b: Kangaskhan|Kangaskhan, L50, F|100/100
|-ability|p1b: Pyroar|Unnerve
|turn|1
|
|t:|1782662896
|move|p2b: Kangaskhan|Fake Out|p1b: Pyroar
|-damage|p1b: Pyroar|68/100
|cant|p1b: Pyroar|flinch
|move|p1a: Sylveon|Hyper Voice|p2b: Kangaskhan|[spread] p2a,p2b
|-damage|p2a: Farigiraf|52/100
|-damage|p2b: Kangaskhan|55/100
|move|p2a: Farigiraf|Trick Room|p2a: Farigiraf
|-fieldstart|move: Trick Room|[of] p2a: Farigiraf
|
|upkeep
|turn|2
|
|t:|1782662944
|move|p2a: Farigiraf|Helping Hand|p2b: Kangaskhan
|-singleturn|p2b: Kangaskhan|Helping Hand|[of] p2a: Farigiraf
|move|p1a: Sylveon|Round|p2b: Kangaskhan
|-damage|p2b: Kangaskhan|17/100
|move|p1b: Pyroar|Round|p2b: Kangaskhan|[from] move: Round
|-damage|p2b: Kangaskhan|0 fnt
|faint|p2b: Kangaskhan
|
|upkeep
|
|t:|1782662952
|switch|p2b: Torkoal|Torkoal, L50, F|100/100
|-weather|SunnyDay|[from] ability: Drought|[of] p2b: Torkoal
|turn|3
|
|t:|1782662984
|move|p2a: Farigiraf|Helping Hand|p2b: Torkoal
|-singleturn|p2b: Torkoal|Helping Hand|[of] p2a: Farigiraf
|move|p1a: Sylveon|Detect|p1a: Sylveon
|-singleturn|p1a: Sylveon|Protect
|move|p1b: Pyroar|Protect|p1b: Pyroar
|-singleturn|p1b: Pyroar|Protect
|move|p2b: Torkoal|Eruption|p1b: Pyroar|[spread] 
|-activate|p1a: Sylveon|move: Protect
|-activate|p1b: Pyroar|move: Protect
|
|-weather|SunnyDay|[upkeep]
|upkeep
|turn|4
|
|t:|1782663041
|switch|p1a: Sylveon|Sylveon, L50, F, shiny|100/100
|switch|p1b: Gyarados|Gyarados, L50, M, shiny|100/100
|-ability|p1b: Gyarados|Intimidate|boost
|-unboost|p2a: Farigiraf|atk|1
|-unboost|p2b: Torkoal|atk|1
|move|p2a: Farigiraf|Helping Hand|p2b: Torkoal
|-singleturn|p2b: Torkoal|Helping Hand|[of] p2a: Farigiraf
|move|p2b: Torkoal|Eruption|p1a: Sylveon|[spread] p1a,p1b
|-resisted|p1b: Gyarados|1
|-damage|p1a: Sylveon|0 fnt
|-damage|p1b: Gyarados|40/100
|replace|p1a: Zoroark|Zoroark-Hisui, L50, F, shiny
|-end|p1a: Zoroark|Illusion
|faint|p1a: Zoroark
|
|-weather|SunnyDay|[upkeep]
|-heal|p1b: Gyarados|46/100|[from] item: Leftovers
|upkeep
|
|t:|1782663049
|switch|p1a: Pyroar|Pyroar, L50, M|68/100
|-ability|p1a: Pyroar|Unnerve
|turn|5
|
|t:|1782663074
|switch|p2b: Mawile|Mawile, L50, F|100/100
|-ability|p2b: Mawile|Intimidate|boost
|-unboost|p1a: Pyroar|atk|1
|-unboost|p1b: Gyarados|atk|1
|move|p1b: Gyarados|Protect|p1b: Gyarados
|-singleturn|p1b: Gyarados|Protect
|move|p1a: Pyroar|Protect|p1a: Pyroar
|-singleturn|p1a: Pyroar|Protect
|move|p2a: Farigiraf|Thunderbolt|p1b: Gyarados
|-activate|p1b: Gyarados|move: Protect
|
|-weather|SunnyDay|[upkeep]
|-heal|p1b: Gyarados|52/100|[from] item: Leftovers
|-fieldend|move: Trick Room
|upkeep
|turn|6
|
|t:|1782663102
|detailschange|p1a: Pyroar|Pyroar-Mega, L50, M
|-mega|p1a: Pyroar|Pyroar|Pyroarite
|detailschange|p2b: Mawile|Mawile-Mega, L50, F
|-mega|p2b: Mawile|Mawile|Mawilite
|move|p2a: Farigiraf|Helping Hand|p2b: Mawile
|-singleturn|p2b: Mawile|Helping Hand|[of] p2a: Farigiraf
|move|p2b: Mawile|Sucker Punch|p1a: Pyroar
|-damage|p1a: Pyroar|0 fnt
|faint|p1a: Pyroar
|move|p1b: Gyarados|Power Whip|p2a: Farigiraf|[miss]
|-miss|p1b: Gyarados|p2a: Farigiraf
|
|-weather|SunnyDay|[upkeep]
|-heal|p1b: Gyarados|59/100|[from] item: Leftovers
|upkeep
|
|t:|1782663111
|switch|p1a: Sylveon|Sylveon, L50, F, shiny|100/100
|turn|7
|
|t:|1782663136
|move|p1b: Gyarados|Waterfall|p2a: Farigiraf
|-damage|p2a: Farigiraf|39/100
|-enditem|p2a: Farigiraf|Sitrus Berry|[eat]
|-heal|p2a: Farigiraf|63/100|[from] item: Sitrus Berry
|move|p1a: Sylveon|Weather Ball|p2b: Mawile
|-supereffective|p2b: Mawile|1
|-damage|p2b: Mawile|0 fnt
|faint|p2b: Mawile
|move|p2a: Farigiraf|Thunderbolt|p1b: Gyarados
|-supereffective|p1b: Gyarados|2
|-damage|p1b: Gyarados|0 fnt
|faint|p1b: Gyarados
|
|-weather|none
|upkeep
|
|t:|1782663148
|switch|p2b: Torkoal|Torkoal, L50, F|100/100
|-weather|SunnyDay|[from] ability: Drought|[of] p2b: Torkoal
|turn|8
|
|t:|1782663156
|move|p1a: Sylveon|Hyper Voice|p2a: Farigiraf|[spread] p2a,p2b
|-resisted|p2b: Torkoal|1
|-damage|p2a: Farigiraf|17/100
|-damage|p2b: Torkoal|66/100
|move|p2b: Torkoal|Weather Ball|p1a: Sylveon
|-damage|p1a: Sylveon|47/100
|move|p2a: Farigiraf|Trick Room|p2a: Farigiraf
|-fieldstart|move: Trick Room|[of] p2a: Farigiraf
|
|-weather|SunnyDay|[upkeep]
|upkeep
|turn|9
|
|t:|1782663165
|move|p2a: Farigiraf|Helping Hand|p2b: Torkoal
|-singleturn|p2b: Torkoal|Helping Hand|[of] p2a: Farigiraf
|move|p2b: Torkoal|Eruption|p1a: Sylveon
|-damage|p1a: Sylveon|0 fnt
|faint|p1a: Sylveon
|
|win|ChaoticEspeon
|c|☆ChaoticEspeon|ggs
|c|☆asmrticuno|gg
|l| Squirly
