|j|☆Manthis
|j|☆ToastedArt
|html|ManthisToastedArt    
|uhtml|bestof|Game 2 of a best-of-3
|t:|1785724861
|gametype|doubles
|player|p1|Manthis|lance|1000
|player|p2|ToastedArt|1|1138
|gen|9
|tier|[Gen 9 Champions] VGC 2026 Reg M-B (Bo3)
|rated|
|rule|Species Clause: Limit one of each Pokémon
|rule|Item Clause: Limit 1 of each item
|clearpoke
|poke|p1|Goodra-Hisui, L50, F|
|poke|p1|Scovillain, L50, M|
|poke|p1|Basculegion, L50, M|
|poke|p1|Farigiraf, L50, M|
|poke|p1|Incineroar, L50, F|
|poke|p1|Sylveon, L50, F|
|poke|p2|Staraptor, L50, M|
|poke|p2|Whimsicott, L50, M|
|poke|p2|Incineroar, L50, M|
|poke|p2|Sinistcha, L50|
|poke|p2|Arcanine-Hisui, L50, M|
|poke|p2|Zoroark-Hisui, L50, M|
|teampreview|4
|showteam|p1|Goodra-Hisui||Leftovers|ShellArmor|Shelter,BodyPress,HeavySlam,DracoMeteor|Sassy||F|||50|]Scovillain||Scovillainite|Chlorophyll|LeechSeed,GigaDrain,RagePowder,Overheat|Sassy||M|||50|]Basculegion||MysticWater|Adaptability|WaveCrash,LastRespects,Protect,AquaJet|Adamant||M|||50|]Farigiraf||ColburBerry|ArmorTail|TwinBeam,Thunderbolt,TrickRoom,HelpingHand|Sassy||M|||50|]Incineroar||PasshoBerry|Intimidate|FakeOut,PartingShot,FlareBlitz,ThroatChop|Careful||F|||50|]Sylveon||FairyFeather|Pixilate|Detect,QuickAttack,HyperBeam,HyperVoice|Quiet||F|||50|
|showteam|p2|Staraptor||Staraptite|Intimidate|CloseCombat,DualWingbeat,Roost,Protect|Jolly||M|||50|]Whimsicott||OccaBerry|Prankster|Moonblast,Tailwind,Charm,LightScreen|Timid||M|||50|]Incineroar||SitrusBerry|Intimidate|PartingShot,FlareBlitz,ThroatChop,FakeOut|Careful||M|||50|]Sinistcha||ColburBerry|Hospitality|MatchaGotcha,RagePowder,TrickRoom,Protect|Relaxed|||||50|]Arcanine-Hisui||FocusSash|RockHead|FlareBlitz,HeadSmash,ExtremeSpeed,Protect|Jolly||M|||50|]Zoroark-Hisui||ChoiceScarf|Illusion|ShadowBall,IcyWind,Psychic,Flamethrower|Timid||M|||50|
|inactive|Battle timer is ON: inactive players will automatically lose when time's up. (requested by ToastedArt)
|
|t:|1785724883
|teamsize|p1|4
|teamsize|p2|4
|start
|switch|p1a: Incineroar|Incineroar, L50, F|100/100
|switch|p1b: Farigiraf|Farigiraf, L50, M|100/100
|switch|p2a: Staraptor|Staraptor, L50, M|100/100
|switch|p2b: Whimsicott|Whimsicott, L50, M|100/100
|-ability|p2a: Staraptor|Intimidate|boost
|-unboost|p1a: Incineroar|atk|1
|-unboost|p1b: Farigiraf|atk|1
|-ability|p1a: Incineroar|Intimidate|boost
|-unboost|p2a: Staraptor|atk|1
|-unboost|p2b: Whimsicott|atk|1
|turn|1
|inactive|ToastedArt has 30 seconds left.
|
|t:|1785724909
|detailschange|p2a: Staraptor|Staraptor-Mega, L50, M
|-mega|p2a: Staraptor|Staraptor|Staraptite
|move|p2a: Staraptor|Protect|p2a: Staraptor
|-singleturn|p2a: Staraptor|Protect
|move|p1a: Incineroar|Fake Out|p2a: Staraptor
|-activate|p2a: Staraptor|move: Protect
|move|p2b: Whimsicott|Light Screen|p2b: Whimsicott
|-sidestart|p2: ToastedArt|move: Light Screen
|move|p1b: Farigiraf|Trick Room|p1b: Farigiraf
|-fieldstart|move: Trick Room|[of] p1b: Farigiraf
|
|upkeep
|turn|2
|
|t:|1785724925
|move|p2b: Whimsicott|Charm|p2a: Staraptor
|-boost|p2a: Staraptor|atk|2
|move|p1b: Farigiraf|Twin Beam|p2a: Staraptor
|-supereffective|p2a: Staraptor|1
|-damage|p2a: Staraptor|77/100
|-supereffective|p2a: Staraptor|1
|-damage|p2a: Staraptor|57/100
|-hitcount|p2a: Staraptor|2
|move|p1a: Incineroar|Flare Blitz|p2b: Whimsicott
|-supereffective|p2b: Whimsicott|1
|-enditem|p2b: Whimsicott|Occa Berry|[eat]
|-enditem|p2b: Whimsicott|Occa Berry|[weaken]
|-damage|p2b: Whimsicott|56/100
|-damage|p1a: Incineroar|87/100|[from] Recoil
|move|p2a: Staraptor|Close Combat|p1a: Incineroar
|-supereffective|p1a: Incineroar|1
|-damage|p1a: Incineroar|0 fnt
|-boost|p2a: Staraptor|def|1
|-boost|p2a: Staraptor|spd|1
|faint|p1a: Incineroar
|
|upkeep
|
|t:|1785724940
|switch|p1a: Sylveon|Sylveon, L50, F|100/100
|turn|3
|
|t:|1785724955
|switch|p2b: Pickle Cup|Sinistcha, L50|100/100
|-heal|p2a: Staraptor|82/100|[from] ability: Hospitality|[of] p2b: Pickle Cup
|move|p1b: Farigiraf|Helping Hand|p1a: Sylveon
|-singleturn|p1a: Sylveon|Helping Hand|[of] p1b: Farigiraf
|move|p2a: Staraptor|Protect|p2a: Staraptor
|-singleturn|p2a: Staraptor|Protect
|move|p1a: Sylveon|Hyper Voice|p2b: Pickle Cup|[spread] p2b
|-activate|p2a: Staraptor|move: Protect
|-damage|p2b: Pickle Cup|55/100
|
|upkeep
|turn|4
|
|t:|1785724974
|switch|p2a: Incineroar|Incineroar, L50, M|100/100
|-ability|p2a: Incineroar|Intimidate|boost
|-unboost|p1a: Sylveon|atk|1
|-unboost|p1b: Farigiraf|atk|1
|move|p1b: Farigiraf|Helping Hand|p1a: Sylveon
|-singleturn|p1a: Sylveon|Helping Hand|[of] p1b: Farigiraf
|move|p1a: Sylveon|Hyper Voice|p2a: Incineroar|[spread] p2a,p2b
|-damage|p2a: Incineroar|62/100
|-damage|p2b: Pickle Cup|12/100
|move|p2b: Pickle Cup|Trick Room|p2b: Pickle Cup
|-fieldend|move: Trick Room
|
|upkeep
|turn|5
|inactive|Manthis has 30 seconds left.
|
|t:|1785725001
|switch|p2b: Whimsicott|Whimsicott, L50, M|56/100
|move|p1a: Sylveon|Detect|p1a: Sylveon
|-singleturn|p1a: Sylveon|Protect
|move|p2a: Incineroar|Throat Chop|p1a: Sylveon
|-activate|p1a: Sylveon|move: Protect
|move|p1b: Farigiraf|Trick Room|p1b: Farigiraf
|-fieldstart|move: Trick Room|[of] p1b: Farigiraf
|
|-sideend|p2: ToastedArt|move: Light Screen
|upkeep
|turn|6
|
|t:|1785725018
|move|p1b: Farigiraf|Helping Hand|p1a: Sylveon
|-singleturn|p1a: Sylveon|Helping Hand|[of] p1b: Farigiraf
|move|p2b: Whimsicott|Light Screen|p2b: Whimsicott
|-sidestart|p2: ToastedArt|move: Light Screen
|move|p1a: Sylveon|Hyper Voice|p2a: Incineroar|[spread] p2a,p2b
|-damage|p2a: Incineroar|20/100y
|-damage|p2b: Whimsicott|0 fnt
|-enditem|p2a: Incineroar|Sitrus Berry|[eat]
|-heal|p2a: Incineroar|45/100|[from] item: Sitrus Berry
|faint|p2b: Whimsicott
|move|p2a: Incineroar|Throat Chop|p1a: Sylveon
|-resisted|p1a: Sylveon|1
|-damage|p1a: Sylveon|82/100
|-start|p1a: Sylveon|Throat Chop|[silent]
|
|upkeep
|
|t:|1785725038
|switch|p2b: Pickle Cup|Sinistcha, L50|12/100
|-heal|p2a: Incineroar|69/100|[from] ability: Hospitality|[of] p2b: Pickle Cup
|turn|7
|
|t:|1785725049
|switch|p2a: Staraptor|Staraptor-Mega, L50, M|82/100
|move|p1a: Sylveon|Detect|p1a: Sylveon
|-singleturn|p1a: Sylveon|Protect
|move|p2b: Pickle Cup|Protect|p2b: Pickle Cup
|-singleturn|p2b: Pickle Cup|Protect
|move|p1b: Farigiraf|Twin Beam|p2b: Pickle Cup
|-activate|p2b: Pickle Cup|move: Protect
|
|-end|p1a: Sylveon|Throat Chop|[silent]
|upkeep
|turn|8
|
|t:|1785725068
|move|p1b: Farigiraf|Helping Hand|p1a: Sylveon
|-singleturn|p1a: Sylveon|Helping Hand|[of] p1b: Farigiraf
|move|p2b: Pickle Cup|Rage Powder|p2b: Pickle Cup
|-singleturn|p2b: Pickle Cup|move: Rage Powder
|move|p1a: Sylveon|Hyper Voice|p2a: Staraptor|[spread] p2a,p2b
|-supereffective|p2a: Staraptor|1
|-damage|p2a: Staraptor|0 fnt
|-damage|p2b: Pickle Cup|0 fnt
|faint|p2a: Staraptor
|faint|p2b: Pickle Cup
|
|upkeep
|-message|ToastedArt forfeited.
|
|win|Manthis
