|j|☆hundohunter24
|j|☆grapejuiceplaysyt
|html|hundohunter24grapejuiceplaysyt    
|uhtml|bestof|Game 1 of a best-of-3
|t:|1757184279
|gametype|doubles
|player|p1|hundohunter24|cynthia|
|player|p2|grapejuiceplaysyt|169|
|gen|9
|tier|[Gen 9] VGC 2025 Reg H (Bo3)
|rule|Species Clause: Limit one of each Pokémon
|rule|Item Clause: Limit 1 of each item
|clearpoke
|poke|p1|Garchomp, L50, M|
|poke|p1|Rotom-Heat, L50|
|poke|p1|Hatterene, L50, F|
|poke|p1|Orthworm, L50, M|
|poke|p1|Ursaluna-Bloodmoon, L50, M|
|poke|p1|Gyarados, L50, M|
|poke|p2|Charizard, L50, F|
|poke|p2|Torkoal, L50, M|
|poke|p2|Porygon2, L50|
|poke|p2|Incineroar, L50, M|
|poke|p2|Jumpluff, L50, F|
|poke|p2|Ursaluna, L50, F|
|teampreview|4
|showteam|p1|Garchomp||LifeOrb|RoughSkin|Earthquake,Protect,DragonClaw,IronHead|||M|||50|,,,,,Steel]Rotom-Heat||ChoiceScarf|Levitate|Overheat,TeraBlast,VoltSwitch,Thunderbolt||||||50|,,,,,Fairy]Hatterene||FocusSash|MagicBounce|TrickRoom,LifeDew,DazzlingGleam,Protect|||F|||50|,,,,,Ghost]Orthworm||SitrusBerry|EarthEater|ShedTail,BodyPress,Protect,HeavySlam|||M|||50|,,,,,Fire]Ursaluna-Bloodmoon||SafetyGoggles|MindsEye|HyperVoice,BloodMoon,Protect,EarthPower|||M|||50|,,,,,Normal]Gyarados||CovertCloak|Intimidate|Taunt,ThunderWave,Waterfall,DragonCheer|||M|||50|,,,,,Fire
|showteam|p2|Charizard||ChoiceSpecs|SolarPower|HeatWave,Overheat,WeatherBall,DragonPulse|||F|||50|,,,,,Ghost]Torkoal||EjectPack|Drought|Eruption,Overheat,HelpingHand,Protect|||M|||50|,,,,,Fire]Porygon2||Eviolite|Download|TeraBlast,IceBeam,Recover,TrickRoom||||||50|,,,,,Fighting]Incineroar||AssaultVest|Intimidate|FakeOut,FlareBlitz,KnockOff,Uturn|||M|||50|,,,,,Bug]Jumpluff||CovertCloak|Chlorophyll|SleepPowder,SunnyDay,RagePowder,Tailwind|||F|||50|,,,,,Water]Ursaluna||FlameOrb|Guts|HeadlongRush,Facade,Earthquake,Protect|||F|||50|,,,,,Ghost
|inactive|Battle timer is ON: inactive players will automatically lose when time's up. (requested by hundohunter24)
|j| Okknd
|inactiveoff|Battle timer is now OFF.
|c|☆grapejuiceplaysyt|glhf!
|c|☆hundohunter24|u2!
|c|☆grapejuiceplaysyt|what the heck is this team lol
|c|☆grapejuiceplaysyt|love it
|c|☆hundohunter24|trust
|l| Okknd
|
|t:|1757184327
|teamsize|p1|4
|teamsize|p2|4
|start
|switch|p1a: Rotom|Rotom-Heat, L50, shiny|100/100
|switch|p1b: Hatterene|Hatterene, L50, F, shiny|100/100
|switch|p2a: Porygon2|Porygon2, L50|100/100
|switch|p2b: Incineroar|Incineroar, L50, M|100/100
|-ability|p2b: Incineroar|Intimidate|boost
|-unboost|p1a: Rotom|atk|1
|-unboost|p1b: Hatterene|atk|1
|-ability|p2a: Porygon2|Download|boost
|-boost|p2a: Porygon2|atk|1
|turn|1
|j| Okknd
|l| Okknd
|
|t:|1757184370
|-terastallize|p2b: Incineroar|Bug
|move|p1a: Rotom|Volt Switch|p2b: Incineroar
|-damage|p2b: Incineroar|78/100
|j| Okknd
|
|t:|1757184376
|switch|p1a: Ursaluna|Ursaluna-Bloodmoon, L50, M|100/100|[from] Volt Switch
|move|p2b: Incineroar|U-turn|p1b: Hatterene
|-damage|p1b: Hatterene|65/100
|c| Okknd|I hate sd phone
|j| khe7marak
|l|☆hundohunter24
|player|p1|
|
|t:|1757184395
|switch|p2b: Torkoal|Torkoal, L50, M|100/100|[from] U-turn
|-weather|SunnyDay|[from] ability: Drought|[of] p2b: Torkoal
|move|p2a: Porygon2|Tera Blast|p1a: Ursaluna
|-damage|p1a: Ursaluna|56/100
|move|p1b: Hatterene|Trick Room|p1b: Hatterene
|-fieldstart|move: Trick Room|[of] p1b: Hatterene
|
|-weather|SunnyDay|[upkeep]
|upkeep
|turn|2
|j| ryanpowneyissoslay
|j|☆hundohunter24
|player|p1|hundohunter24|cynthia|
|inactive|Battle timer is ON: inactive players will automatically lose when time's up. (requested by hundohunter24)
|c| khe7marak|good luck!
|inactiveoff|Battle timer is now OFF.
|
|t:|1757184416
|move|p1a: Ursaluna|Protect|p1a: Ursaluna
|-singleturn|p1a: Ursaluna|Protect
|move|p2b: Torkoal|Eruption|p1b: Hatterene|[spread] p1b
|-activate|p1a: Ursaluna|move: Protect
|-damage|p1b: Hatterene|10/100
|move|p1b: Hatterene|Life Dew|p1b: Hatterene|[spread] p1a,p1b
|-heal|p1a: Ursaluna|81/100
|-heal|p1b: Hatterene|35/100
|move|p2a: Porygon2|Ice Beam|p1a: Ursaluna
|-activate|p1a: Ursaluna|move: Protect
|
|-weather|SunnyDay|[upkeep]
|upkeep
|turn|3
|
|t:|1757184429
|move|p2b: Torkoal|Eruption|p1a: Ursaluna|[spread] p1a,p1b
|-damage|p1a: Ursaluna|2/100
|-damage|p1b: Hatterene|0 fnt
|faint|p1b: Hatterene
|move|p1a: Ursaluna|Blood Moon|p2b: Torkoal
|-damage|p2b: Torkoal|0 fnt
|faint|p2b: Torkoal
|move|p2a: Porygon2|Ice Beam|p1a: Ursaluna
|-supereffective|p1a: Ursaluna
|-damage|p1a: Ursaluna|0 fnt
|faint|p1a: Ursaluna
|
|-weather|SunnyDay|[upkeep]
|upkeep
|
|t:|1757184447
|switch|p2b: Incineroar|Incineroar, L50, M, tera:Bug|78/100
|switch|p1b: Rotom|Rotom-Heat, L50, shiny|100/100
|switch|p1a: Orthworm|Orthworm, L50, M, shiny|100/100
|-ability|p2b: Incineroar|Intimidate|boost
|-unboost|p1a: Orthworm|atk|1
|-unboost|p1b: Rotom|atk|1
|turn|4
|l| Okknd
|j| Okknd
|l| Okknd
|
|t:|1757184502
|switch|p2a: Charizard|Charizard, L50, F|100/100
|-terastallize|p1a: Orthworm|Fire
|move|p1a: Orthworm|Body Press|p2a: Charizard
|-resisted|p2a: Charizard
|-damage|p2a: Charizard|81/100
|move|p2b: Incineroar|Flare Blitz|p1a: Orthworm
|-resisted|p1a: Orthworm
|-damage|p1a: Orthworm|71/100
|-damage|p2b: Incineroar|70/100|[from] Recoil
|move|p1b: Rotom|Overheat|p2b: Incineroar
|-supereffective|p2b: Incineroar
|-damage|p2b: Incineroar|0 fnt
|-unboost|p1b: Rotom|spa|2
|faint|p2b: Incineroar
|
|-weather|SunnyDay|[upkeep]
|-damage|p2a: Charizard|68/100|[from] ability: Solar Power|[of] p2a: Charizard
|upkeep
|
|t:|1757184514
|switch|p2b: Porygon2|Porygon2, L50|100/100
|-ability|p2b: Porygon2|Download|boost
|-boost|p2b: Porygon2|spa|1
|turn|5
|
|t:|1757184532
|move|p2b: Porygon2|Tera Blast|p1b: Rotom
|-damage|p1b: Rotom|20/100
|move|p1a: Orthworm|Body Press|p2b: Porygon2
|-supereffective|p2b: Porygon2
|-damage|p2b: Porygon2|61/100
|move|p2a: Charizard|Heat Wave|p1a: Orthworm|[spread] p1a,p1b
|-resisted|p1a: Orthworm
|-resisted|p1b: Rotom
|-damage|p1a: Orthworm|0 fnt
|-damage|p1b: Rotom|0 fnt
|faint|p1a: Orthworm
|faint|p1b: Rotom
|
|win|grapejuiceplaysyt
|c|☆hundohunter24|gg
||hundohunter24 is ready for game 2.
|c|☆grapejuiceplaysyt|gg
|inactive|grapejuiceplaysyt has 30 seconds to confirm battle start!
||grapejuiceplaysyt is ready for game 2.
|uhtml|next|Next: Game 2 of 3
