|j|☆BoloinaBox
|j|☆D_Bastial
|html|BoloinaBoxD_Bastial    
|uhtml|bestof|Game 2 of a best-of-3
|t:|1757796989
|gametype|doubles
|player|p1|BoloinaBox|2|1134
|player|p2|D_Bastial|clay|1178
|gen|9
|tier|[Gen 9] VGC 2025 Reg H (Bo3)
|rated|
|rule|Species Clause: Limit one of each Pokémon
|rule|Item Clause: Limit 1 of each item
|clearpoke
|poke|p1|Incineroar, L50, F|
|poke|p1|Rillaboom, L50, F|
|poke|p1|Ninetales-Alola, L50, F|
|poke|p1|Frosmoth, L50, F|
|poke|p1|Greninja-*, L50, M|
|poke|p1|Annihilape, L50, M|
|poke|p2|Weezing, L50, F|
|poke|p2|Slaking, L50, F|
|poke|p2|Dondozo, L50, M|
|poke|p2|Tatsugiri-Droopy, L50, F|
|poke|p2|Kilowattrel, L50, F|
|poke|p2|Mamoswine, L50, F|
|teampreview|4
|showteam|p1|Incineroar||SafetyGoggles|Intimidate|FlareBlitz,KnockOff,FakeOut,PartingShot|||F|||50|,,,,,Ghost]Rillaboom||AssaultVest|GrassySurge|WoodHammer,GrassyGlide,Uturn,FakeOut|||F|||50|,,,,,Fire]Ninetales-Alola||CovertCloak|SnowWarning|Moonblast,AuroraVeil,Disable,Encore|||F|||50|,,,,,Fire]Frosmoth||Leftovers|IceScales|Blizzard,TeraBlast,QuiverDance,Protect|||F|||50|,,,,,Water]Greninja||LoadedDice|Torrent|WaterShuriken,DarkPulse,Haze,Protect|||M|||50|,,,,,Ghost]Annihilape||SitrusBerry|Defiant|RageFist,CloseCombat,FinalGambit,Taunt|||M|||50|,,,,,Water
|showteam|p2|Weezing||CovertCloak|NeutralizingGas|Protect,WillOWisp,ToxicSpikes,SludgeBomb|||F|||50|,,,,,Flying]Slaking||LifeOrb|Truant|SuckerPunch,DoubleEdge,HighHorsepower,Protect|||F|||50|,,,,,Ghost]Dondozo||Leftovers|Unaware|Protect,WaveCrash,Substitute,Earthquake|||M|||50|,,,,,Ground]Tatsugiri-Droopy||AssaultVest|Commander|MirrorCoat,DracoMeteor,IcyWind,MuddyWater|||F|||50|,,,,,Steel]Kilowattrel||ChoiceSpecs|WindPower|Discharge,AirSlash,VoltSwitch,Thunderbolt|||F|||50|,,,,,Ghost]Mamoswine||FocusSash|Oblivious|IceShard,Protect,IcicleCrash,Earthquake|||F|||50|,,,,,Ghost
|inactive|Battle timer is ON: inactive players will automatically lose when time's up. (requested by BoloinaBox)
|inactive|BoloinaBox has 60 seconds left.
|
|t:|1757797021
|teamsize|p1|4
|teamsize|p2|4
|start
|switch|p1a: Incineroar|Incineroar, L50, F|100/100
|switch|p1b: Frosmoth|Frosmoth, L50, F|100/100
|switch|p2a: Weezing|Weezing, L50, F|100/100
|switch|p2b: Slaking|Slaking, L50, F|100/100
|-ability|p2a: Weezing|Neutralizing Gas
|turn|1
|inactive|D_Bastial has 30 seconds left.
|inactive|D_Bastial has 20 seconds left.
|c|☆BoloinaBox|2 2 2 BO1 lol
|
|t:|1757797060
|move|p2b: Slaking|Double-Edge|p1b: Frosmoth
|-damage|p1b: Frosmoth|0 fnt
|faint|p1b: Frosmoth
|-damage|p2b: Slaking|75/100|[from] Recoil
|-damage|p2b: Slaking|65/100|[from] item: Life Orb
|move|p1a: Incineroar|Knock Off|p2b: Slaking
|-crit|p2b: Slaking
|-damage|p2b: Slaking|20/100
|-enditem|p2b: Slaking|Life Orb|[from] move: Knock Off|[of] p1a: Incineroar
|move|p2a: Weezing|Toxic Spikes|p1a: Incineroar
|-sidestart|p1: BoloinaBox|move: Toxic Spikes
|
|upkeep
|c|☆BoloinaBox|why did you FF game 1?
|
|t:|1757797076
|switch|p1b: Ninetales|Ninetales-Alola, L50, F|100/100
|-status|p1b: Ninetales|psn
|turn|2
|c|☆D_Bastial|cause it was gonna turn into an annoying match
|inactive|BoloinaBox has 30 seconds left.
|c|☆BoloinaBox|glad to hear it
|inactive|BoloinaBox has 20 seconds left.
|
|t:|1757797113
|-terastallize|p1a: Incineroar|Ghost
|move|p1b: Ninetales|Encore|p2a: Weezing
|-start|p2a: Weezing|Encore
|move|p2b: Slaking|High Horsepower|p1a: Incineroar
|-damage|p1a: Incineroar|63/100
|move|p1a: Incineroar|Parting Shot|p2b: Slaking
|-unboost|p2b: Slaking|atk|1
|-unboost|p2b: Slaking|spa|1
|
|t:|1757797121
|switch|p1a: Rillaboom|Rillaboom, L50, F|100/100|[from] Parting Shot
|-status|p1a: Rillaboom|psn
|move|p2a: Weezing|Toxic Spikes|p1a: Rillaboom
|-sidestart|p1: BoloinaBox|move: Toxic Spikes
|
|-damage|p1b: Ninetales|88/100 psn|[from] psn
|-damage|p1a: Rillaboom|88/100 psn|[from] psn
|upkeep
|turn|3
|inactive|BoloinaBox has 30 seconds left.
|inactive|D_Bastial has 30 seconds left.
|inactive|BoloinaBox has 20 seconds left.
|inactive|D_Bastial has 20 seconds left.
|
|t:|1757797160
|move|p2b: Slaking|Protect|p2b: Slaking
|-singleturn|p2b: Slaking|Protect
|move|p1b: Ninetales|Moonblast|p2b: Slaking
|-activate|p2b: Slaking|move: Protect
|move|p1a: Rillaboom|U-turn|p2a: Weezing
|-resisted|p2a: Weezing
|-damage|p2a: Weezing|89/100
|
|t:|1757797167
|switch|p1a: Incineroar|Incineroar, L50, F, tera:Ghost|63/100|[from] U-turn
|-status|p1a: Incineroar|tox
|move|p2a: Weezing|Toxic Spikes||[still]
|-fail|p2a: Weezing
|
|-damage|p1b: Ninetales|75/100 psn|[from] psn
|-damage|p1a: Incineroar|57/100 tox|[from] psn
|upkeep
|turn|4
|
|t:|1757797180
|move|p2b: Slaking|Sucker Punch|p1a: Incineroar
|-supereffective|p1a: Incineroar
|-damage|p1a: Incineroar|23/100 tox
|move|p1b: Ninetales|Moonblast|p2b: Slaking
|-damage|p2b: Slaking|0 fnt
|faint|p2b: Slaking
|move|p1a: Incineroar|Knock Off|p2a: Weezing
|-damage|p2a: Weezing|55/100
|-enditem|p2a: Weezing|Covert Cloak|[from] move: Knock Off|[of] p1a: Incineroar
|move|p2a: Weezing|Toxic Spikes||[still]
|-fail|p2a: Weezing
|
|-damage|p1b: Ninetales|63/100 psn|[from] psn
|-damage|p1a: Incineroar|11/100 tox|[from] psn
|-end|p2a: Weezing|Encore
|upkeep
|
|t:|1757797203
|switch|p2b: Dondozo|Dondozo, L50, M|100/100
|turn|5
|
|t:|1757797227
|switch|p1b: Rillaboom|Rillaboom, L50, F|88/100 psn
|-end|p2a: Weezing|ability: Neutralizing Gas
|-fieldstart|move: Grassy Terrain|[from] ability: Grassy Surge|[of] p1b: Rillaboom
|-ability|p1a: Incineroar|Intimidate|boost
|-unboost|p2a: Weezing|atk|1
|-unboost|p2b: Dondozo|atk|1
|switch|p2a: Tatsugiri|Tatsugiri-Droopy, L50, F|100/100
|-activate|p2a: Tatsugiri|ability: Commander|[of] p2b: Dondozo
|-boost|p2b: Dondozo|atk|2
|-boost|p2b: Dondozo|spa|2
|-boost|p2b: Dondozo|spe|2
|-boost|p2b: Dondozo|def|2
|-boost|p2b: Dondozo|spd|2
|move|p2b: Dondozo|Wave Crash|p1b: Rillaboom
|-resisted|p1b: Rillaboom
|-damage|p1b: Rillaboom|55/100 psn
|-damage|p2b: Dondozo|92/100|[from] Recoil
|move|p1a: Incineroar|Knock Off|p2b: Dondozo
|-damage|p2b: Dondozo|80/100
|-enditem|p2b: Dondozo|Leftovers|[from] move: Knock Off|[of] p1a: Incineroar
|
|-heal|p2b: Dondozo|86/100|[from] Grassy Terrain
|-heal|p1b: Rillaboom|61/100 psn|[from] Grassy Terrain
|-heal|p1a: Incineroar|17/100 tox|[from] Grassy Terrain
|-damage|p1b: Rillaboom|49/100 psn|[from] psn
|-damage|p1a: Incineroar|0 fnt|[from] psn
|faint|p1a: Incineroar
|upkeep
|
|t:|1757797240
|switch|p1a: Ninetales|Ninetales-Alola, L50, F|63/100 psn
|-weather|Snowscape|[from] ability: Snow Warning|[of] p1a: Ninetales
|turn|6
|
|t:|1757797255
|move|p1a: Ninetales|Encore|p2b: Dondozo
|-start|p2b: Dondozo|Encore
|move|p2b: Dondozo|Wave Crash|p1b: Rillaboom
|-resisted|p1b: Rillaboom
|-damage|p1b: Rillaboom|12/100 psn
|-damage|p2b: Dondozo|78/100|[from] Recoil
|move|p1b: Rillaboom|Wood Hammer|p2b: Dondozo
|-supereffective|p2b: Dondozo
|-damage|p2b: Dondozo|28/100
|-damage|p1b: Rillaboom|0 fnt|[from] Recoil
|faint|p1b: Rillaboom
|
|-weather|Snowscape|[upkeep]
|-heal|p1a: Ninetales|69/100 psn|[from] Grassy Terrain
|-heal|p2b: Dondozo|34/100|[from] Grassy Terrain
|-damage|p1a: Ninetales|57/100 psn|[from] psn
|upkeep
|turn|7
|
|t:|1757797268
|move|p1a: Ninetales|Disable|p2b: Dondozo
|-start|p2b: Dondozo|Disable|Wave Crash
|cant|p2b: Dondozo|Disable|Wave Crash
|
|-weather|Snowscape|[upkeep]
|-heal|p1a: Ninetales|63/100 psn|[from] Grassy Terrain
|-heal|p2b: Dondozo|40/100|[from] Grassy Terrain
|-damage|p1a: Ninetales|50/100 psn|[from] psn
|upkeep
|turn|8
|
|t:|1757797276
|move|p1a: Ninetales|Aurora Veil|p1a: Ninetales
|-sidestart|p1: BoloinaBox|move: Aurora Veil
|-activate|p2b: Dondozo|move: Struggle
|move|p2b: Dondozo|Struggle|p1a: Ninetales
|-damage|p1a: Ninetales|40/100 psn
|-damage|p2b: Dondozo|15/100|[from] recoil
|
|-weather|Snowscape|[upkeep]
|-heal|p1a: Ninetales|47/100 psn|[from] Grassy Terrain
|-heal|p2b: Dondozo|22/100|[from] Grassy Terrain
|-damage|p1a: Ninetales|34/100 psn|[from] psn
|-end|p2b: Dondozo|Encore
|upkeep
|turn|9
|
|t:|1757797287
|move|p2b: Dondozo|Protect|p2b: Dondozo
|-singleturn|p2b: Dondozo|Protect
|move|p1a: Ninetales|Encore|p2b: Dondozo
|-activate|p2b: Dondozo|move: Protect
|
|-weather|Snowscape|[upkeep]
|-heal|p1a: Ninetales|40/100 psn|[from] Grassy Terrain
|-heal|p2b: Dondozo|28/100|[from] Grassy Terrain
|-damage|p1a: Ninetales|28/100 psn|[from] psn
|-fieldend|move: Grassy Terrain
|upkeep
|turn|10
|
|t:|1757797292
|move|p1a: Ninetales|Encore|p2b: Dondozo
|-start|p2b: Dondozo|Encore
|move|p2b: Dondozo|Protect||[still]
|-fail|p2b: Dondozo
|
|-weather|none
|-damage|p1a: Ninetales|15/100 psn|[from] psn
|-end|p2b: Dondozo|Disable
|upkeep
|turn|11
|
|t:|1757797302
|move|p2b: Dondozo|Protect|p2b: Dondozo
|-singleturn|p2b: Dondozo|Protect
|move|p1a: Ninetales|Disable|p2b: Dondozo
|-activate|p2b: Dondozo|move: Protect
|
|-damage|p1a: Ninetales|3/100 psn|[from] psn
|upkeep
|turn|12
|
|t:|1757797305
|move|p2b: Dondozo|Protect||[still]
|-fail|p2b: Dondozo
|move|p1a: Ninetales|Disable|p2b: Dondozo
|-start|p2b: Dondozo|Disable|Protect
|
|-damage|p1a: Ninetales|0 fnt|[from] psn
|faint|p1a: Ninetales
|
|win|D_Bastial
||BoloinaBox is ready for game 3.
||D_Bastial is ready for game 3.
|uhtml|next|Next: Game 3 of 3
|l|☆BoloinaBox
|player|p1|
|l|☆D_Bastial
|player|p2|
