|j|☆FERA kApset
|j|☆David867
|html|FERA kApsetDavid867    
|uhtml|bestof|Game 1 of a best-of-3
|t:|1783508174
|gametype|doubles
|player|p1|FERA kApset|byron|
|player|p2|David867|265|
|gen|9
|tier|[Gen 9 Champions] VGC 2026 Reg M-B (Bo3)
|rule|Species Clause: Limit one of each Pokémon
|rule|Item Clause: Limit 1 of each item
|clearpoke
|poke|p1|Delphox, L50, M|
|poke|p1|Blastoise, L50, F|
|poke|p1|Incineroar, L50, M|
|poke|p1|Sneasler, L50, F|
|poke|p1|Sinistcha-Masterpiece, L50|
|poke|p1|Maushold-Four, L50|
|poke|p2|Metagross, L50|
|poke|p2|Kommo-o, L50, M|
|poke|p2|Sylveon, L50, M|
|poke|p2|Aerodactyl, L50, F|
|poke|p2|Incineroar, L50, F|
|poke|p2|Basculegion, L50, M|
|teampreview|4
|showteam|p1|Delphox||Delphoxite|Blaze|HeatWave,Psychic,NastyPlot,Protect|Timid||M|||50|]Blastoise||Blastoisinite|RainDish|DarkPulse,WaterSpout,ShellSmash,Protect|Modest||F|||50|]Incineroar||SitrusBerry|Intimidate|FakeOut,FlareBlitz,DarkestLariat,PartingShot|Impish||M|||50|]Sneasler||FocusSash|PoisonTouch|FakeOut,CloseCombat,DireClaw,QuickGuard|Jolly||F|||50|]Sinistcha-Masterpiece||KasibBerry|Hospitality|RagePowder,LifeDew,Protect,MatchaGotcha|Bold|||||50|]Maushold-Four||ChopleBerry|FriendGuard|SuperFang,FollowMe,Protect,Feint|Impish|||||50|
|showteam|p2|Metagross||Metagrossite|ClearBody|IronHead,PsychicFangs,StompingTantrum,Protect|Adamant|||||50|]Kommo-o||Leftovers|Soundproof|ClangingScales,AuraSphere,ClangorousSoul,Protect|Modest||M|||50|]Sylveon||FairyFeather|Pixilate|HyperVoice,HyperBeam,QuickAttack,Detect|Bold||M|||50|]Aerodactyl||Aerodactylite|Unnerve|RockSlide,DualWingbeat,Tailwind,IceFang|Jolly||F|||50|]Incineroar||SitrusBerry|Intimidate|FlareBlitz,ThroatChop,PartingShot,FakeOut|Careful||F|||50|]Basculegion||LifeOrb|Adaptability|AquaJet,LastRespects,Protect,WaveCrash|Adamant||M|||50|
|inactive|Battle timer is ON: inactive players will automatically lose when time's up. (requested by FERA kApset)
|inactive|FERA kApset has 60 seconds left.
|inactive|David867 has 60 seconds left.
|inactive|FERA kApset has 30 seconds left.
|inactive|FERA kApset has 20 seconds left.
|inactive|FERA kApset has 15 seconds left.
|inactive|FERA kApset has 10 seconds left.
|
|t:|1783508255
|teamsize|p1|4
|teamsize|p2|4
|start
|switch|p1a: Blastoise|Blastoise, L50, F|100/100
|switch|p1b: Sneasler|Sneasler, L50, F|100/100
|switch|p2a: Basculegion|Basculegion, L50, M|100/100
|switch|p2b: Aerodactyl|Aerodactyl, L50, F|100/100
|-ability|p2b: Aerodactyl|Unnerve
|turn|1
|inactive|David867 has 30 seconds left.
|
|t:|1783508285
|detailschange|p2b: Aerodactyl|Aerodactyl-Mega, L50, F
|-mega|p2b: Aerodactyl|Aerodactyl|Aerodactylite
|detailschange|p1a: Blastoise|Blastoise-Mega, L50, F
|-mega|p1a: Blastoise|Blastoise|Blastoisinite
|move|p1b: Sneasler|Fake Out|p2b: Aerodactyl
|-resisted|p2b: Aerodactyl|1
|-damage|p2b: Aerodactyl|91/100
|cant|p2b: Aerodactyl|flinch
|move|p1a: Blastoise|Shell Smash|p1a: Blastoise
|-unboost|p1a: Blastoise|def|1
|-unboost|p1a: Blastoise|spd|1
|-boost|p1a: Blastoise|atk|2
|-boost|p1a: Blastoise|spa|2
|-boost|p1a: Blastoise|spe|2
|move|p2a: Basculegion|Wave Crash|p1a: Blastoise
|-resisted|p1a: Blastoise|1
|-damage|p1a: Blastoise|21/100
|-damage|p2a: Basculegion|79/100|[from] Recoil
|-damage|p2a: Basculegion|69/100|[from] item: Life Orb
|
|upkeep
|turn|2
|inactive|FERA kApset has 30 seconds left.
|inactive|FERA kApset has 20 seconds left.
|
|t:|1783508323
|switch|p1b: Sinistcha|Sinistcha-Masterpiece, L50|100/100
|-heal|p1a: Blastoise|45/100|[from] ability: Hospitality|[of] p1b: Sinistcha
|move|p1a: Blastoise|Protect|p1a: Blastoise
|-singleturn|p1a: Blastoise|Protect
|move|p2a: Basculegion|Aqua Jet|p1a: Blastoise
|-activate|p1a: Blastoise|move: Protect
|move|p2b: Aerodactyl|Tailwind|p2b: Aerodactyl
|-sidestart|p2: David867|move: Tailwind
|
|upkeep
|turn|3
|inactive|FERA kApset has 30 seconds left.
|
|t:|1783508357
|switch|p1a: Incineroar|Incineroar, L50, M|100/100
|-ability|p1a: Incineroar|Intimidate|boost
|-unboost|p2a: Basculegion|atk|1
|-unboost|p2b: Aerodactyl|atk|1
|move|p2a: Basculegion|Aqua Jet|p1a: Incineroar
|-supereffective|p1a: Incineroar|1
|-damage|p1a: Incineroar|61/100
|-damage|p2a: Basculegion|60/100|[from] item: Life Orb
|move|p2b: Aerodactyl|Rock Slide|p1a: Incineroar|[spread] p1a,p1b
|-supereffective|p1a: Incineroar|1
|-damage|p1a: Incineroar|31/100
|-damage|p1b: Sinistcha|86/100
|-enditem|p1a: Incineroar|Sitrus Berry|[eat]
|-heal|p1a: Incineroar|56/100|[from] item: Sitrus Berry
|cant|p1b: Sinistcha|flinch
|
|upkeep
|turn|4
|inactive|FERA kApset has 30 seconds left.
|
|t:|1783508385
|switch|p2b: Incineroar|Incineroar, L50, F|100/100
|-ability|p2b: Incineroar|Intimidate|boost
|-unboost|p1a: Incineroar|atk|1
|-unboost|p1b: Sinistcha|atk|1
|switch|p2a: Kommo-o|Kommo-o, L50, M|100/100
|move|p1a: Incineroar|Fake Out|p2b: Incineroar
|-damage|p2b: Incineroar|93/100
|move|p1b: Sinistcha|Matcha Gotcha|p2a: Kommo-o|[spread] p2a,p2b
|-resisted|p2a: Kommo-o|1
|-resisted|p2b: Incineroar|1
|-damage|p2a: Kommo-o|86/100
|-heal|p1b: Sinistcha|92/100|[from] drain|[of] p2a: Kommo-o
|-damage|p2b: Incineroar|85/100
|-heal|p1b: Sinistcha|97/100|[from] drain|[of] p2b: Incineroar
|
|-heal|p2a: Kommo-o|92/100|[from] item: Leftovers
|upkeep
|turn|5
|inactive|FERA kApset has 30 seconds left.
|
|t:|1783508419
|switch|p1a: Blastoise|Blastoise-Mega, L50, F|45/100
|move|p2b: Incineroar|Fake Out|p1a: Blastoise
|-damage|p1a: Blastoise|34/100
|move|p2a: Kommo-o|Clanging Scales|p1a: Blastoise|[spread] p1a,p1b
|-damage|p1a: Blastoise|0 fnt
|-damage|p1b: Sinistcha|57/100
|faint|p1a: Blastoise
|-unboost|p2a: Kommo-o|def|1
|move|p1b: Sinistcha|Life Dew|p1b: Sinistcha
|-heal|p1b: Sinistcha|82/100
|
|-heal|p2a: Kommo-o|98/100|[from] item: Leftovers
|-sideend|p2: David867|move: Tailwind
|upkeep
|
|t:|1783508441
|switch|p1a: Incineroar|Incineroar, L50, M|56/100
|-ability|p1a: Incineroar|Intimidate|boost
|-unboost|p2a: Kommo-o|atk|1
|-unboost|p2b: Incineroar|atk|1
|turn|6
|
|t:|1783508450
|move|p2a: Kommo-o|Protect|p2a: Kommo-o
|-singleturn|p2a: Kommo-o|Protect
|move|p1a: Incineroar|Fake Out|p2a: Kommo-o
|-activate|p2a: Kommo-o|move: Protect
|move|p1b: Sinistcha|Matcha Gotcha|p2b: Incineroar|[spread] p2b
|-activate|p2a: Kommo-o|move: Protect
|-resisted|p2b: Incineroar|1
|-damage|p2b: Incineroar|76/100
|-heal|p1b: Sinistcha|87/100|[from] drain|[of] p2b: Incineroar
|move|p2b: Incineroar|Parting Shot|p1a: Incineroar
|-unboost|p1a: Incineroar|atk|1
|-unboost|p1a: Incineroar|spa|1
|
|t:|1783508463
|switch|p2b: Aerodactyl|Aerodactyl-Mega, L50, F|91/100|[from] Parting Shot
|
|-heal|p2a: Kommo-o|100/100|[from] item: Leftovers
|upkeep
|turn|7
|
|t:|1783508480
|move|p2b: Aerodactyl|Tailwind|p2b: Aerodactyl
|-sidestart|p2: David867|move: Tailwind
|move|p2a: Kommo-o|Clangorous Soul|p2a: Kommo-o
|-boost|p2a: Kommo-o|atk|1
|-boost|p2a: Kommo-o|def|1
|-boost|p2a: Kommo-o|spa|1
|-boost|p2a: Kommo-o|spd|1
|-boost|p2a: Kommo-o|spe|1
|-damage|p2a: Kommo-o|67/100
|move|p1b: Sinistcha|Matcha Gotcha|p2b: Aerodactyl|[spread] p2a,p2b
|-resisted|p2a: Kommo-o|1
|-damage|p2a: Kommo-o|58/100
|-heal|p1b: Sinistcha|91/100|[from] drain|[of] p2a: Kommo-o
|-damage|p2b: Aerodactyl|60/100
|-heal|p1b: Sinistcha|100/100|[from] drain|[of] p2b: Aerodactyl
|-status|p2b: Aerodactyl|brn
|move|p1a: Incineroar|Flare Blitz|p2a: Kommo-o
|-resisted|p2a: Kommo-o|1
|-damage|p2a: Kommo-o|42/100
|-damage|p1a: Incineroar|52/100|[from] Recoil
|
|-heal|p2a: Kommo-o|48/100|[from] item: Leftovers
|-damage|p2b: Aerodactyl|55/100 brn|[from] brn
|upkeep
|turn|8
|inactive|FERA kApset has 30 seconds left.
|inactive|David867 has 30 seconds left.
|inactive|FERA kApset has 20 seconds left.
|
|t:|1783508515
|move|p2b: Aerodactyl|Dual Wingbeat|p1b: Sinistcha
|-supereffective|p1b: Sinistcha|1
|-damage|p1b: Sinistcha|79/100
|-supereffective|p1b: Sinistcha|1
|-damage|p1b: Sinistcha|58/100
|-hitcount|p1b: Sinistcha|2
|move|p2a: Kommo-o|Aura Sphere|p1a: Incineroar
|-supereffective|p1a: Incineroar|1
|-damage|p1a: Incineroar|0 fnt
|faint|p1a: Incineroar
|move|p1b: Sinistcha|Matcha Gotcha|p2b: Aerodactyl|[spread] p2a,p2b
|-resisted|p2a: Kommo-o|1
|-damage|p2a: Kommo-o|39/100
|-heal|p1b: Sinistcha|62/100|[from] drain|[of] p2a: Kommo-o
|-damage|p2b: Aerodactyl|24/100 brn
|-heal|p1b: Sinistcha|76/100|[from] drain|[of] p2b: Aerodactyl
|
|-heal|p2a: Kommo-o|45/100|[from] item: Leftovers
|-damage|p2b: Aerodactyl|18/100 brn|[from] brn
|upkeep
|
|t:|1783508533
|switch|p1a: Sneasler|Sneasler, L50, F|100/100
|turn|9
|
|t:|1783508556
|move|p2a: Kommo-o|Protect|p2a: Kommo-o
|-singleturn|p2a: Kommo-o|Protect
|move|p2b: Aerodactyl|Rock Slide|p1b: Sinistcha|[spread] p1a
|-miss|p2b: Aerodactyl|p1b: Sinistcha
|-resisted|p1a: Sneasler|1
|-damage|p1a: Sneasler|87/100
|move|p1a: Sneasler|Dire Claw|p2b: Aerodactyl
|-resisted|p2b: Aerodactyl|1
|-damage|p2b: Aerodactyl|0 fnt
|faint|p2b: Aerodactyl
|move|p1b: Sinistcha|Matcha Gotcha|p2a: Kommo-o
|-activate|p2a: Kommo-o|move: Protect
|
|-heal|p2a: Kommo-o|51/100|[from] item: Leftovers
|upkeep
|
|t:|1783508571
|switch|p2b: Basculegion|Basculegion, L50, M|60/100
|turn|10
|
|t:|1783508591
|move|p2a: Kommo-o|Clanging Scales|p1a: Sneasler|[spread] p1a,p1b
|-damage|p1a: Sneasler|7/100
|-damage|p1b: Sinistcha|19/100
|-unboost|p2a: Kommo-o|def|1
|move|p2b: Basculegion|Last Respects|p1b: Sinistcha
|-supereffective|p1b: Sinistcha|1
|-enditem|p1b: Sinistcha|Kasib Berry|[eat]
|-enditem|p1b: Sinistcha|Kasib Berry|[weaken]
|-damage|p1b: Sinistcha|0 fnt
|faint|p1b: Sinistcha
|-damage|p2b: Basculegion|50/100g|[from] item: Life Orb
|move|p1a: Sneasler|Close Combat|p2a: Kommo-o
|-damage|p2a: Kommo-o|0 fnt
|-unboost|p1a: Sneasler|def|1
|-unboost|p1a: Sneasler|spd|1
|faint|p2a: Kommo-o
|
|-sideend|p2: David867|move: Tailwind
|upkeep
|
|t:|1783508606
|switch|p2a: Incineroar|Incineroar, L50, F|76/100
|-ability|p2a: Incineroar|Intimidate|boost
|-unboost|p1a: Sneasler|atk|1
|turn|11
|
|t:|1783508618
|move|p2a: Incineroar|Fake Out|p1a: Sneasler
|-damage|p1a: Sneasler|0 fnt
|faint|p1a: Sneasler
|
|win|David867
