|j|☆Rorox641
|j|☆malo maalez
|html|Rorox641malo maalez    
|uhtml|bestof|Game 1 of a best-of-3
|t:|1756682608
|gametype|doubles
|player|p1|Rorox641|wulfric|1109
|player|p2|malo maalez|steven|1184
|gen|9
|tier|[Gen 9] VGC 2025 Reg H (Bo3)
|rated|
|rule|Species Clause: Limit one of each Pokémon
|rule|Item Clause: Limit 1 of each item
|clearpoke
|poke|p1|Archaludon, L50, M|
|poke|p1|Whimsicott, L50, F|
|poke|p1|Rillaboom, L50, M|
|poke|p1|Mamoswine, L50, F|
|poke|p1|Sneasler, L50, M|
|poke|p1|Arcanine-Hisui, L50, M|
|poke|p2|Sneasler, L50, F|
|poke|p2|Kingambit, L50, F|
|poke|p2|Dragonite, L50, M|
|poke|p2|Rillaboom, L50, F|
|poke|p2|Volcarona, L50, F|
|poke|p2|Electabuzz, L50, M|
|teampreview|4
|showteam|p1|Archaludon||PowerHerb|Stalwart|ElectroShot,Thunderbolt,DracoMeteor,Protect|||M|||50|,,,,,Electric]Whimsicott||FocusSash|Prankster|FakeTears,Tailwind,Encore,Moonblast|||F|||50|,,,,,Ghost]Rillaboom||AssaultVest|GrassySurge|FakeOut,GrassyGlide,WoodHammer,HighHorsepower|||M|||50|,,,,,Fire]Mamoswine||LoadedDice|Oblivious|IcicleSpear,HighHorsepower,IceShard,Protect|||F|||50|,,,,,Ghost]Sneasler||WhiteHerb|Unburden|CloseCombat,DireClaw,Coaching,Protect|||M|||50|,,,,,Ghost]Arcanine-Hisui||ClearAmulet|Intimidate|RockSlide,FlareBlitz,ExtremeSpeed,Protect|||M|||50|,,,,,Water
|showteam|p2|Sneasler||FocusSash|PoisonTouch|FakeOut,Coaching,CloseCombat,DireClaw|||F|||50|,,,,,Ghost]Kingambit||BlackGlasses|Defiant|KowtowCleave,SuckerPunch,SwordsDance,Protect|||F|||50|,,,,,Dark]Dragonite||LoadedDice|Multiscale|Protect,Haze,ScaleShot,ExtremeSpeed|||M|||50|,,,,,Fairy]Rillaboom||AssaultVest|GrassySurge|FakeOut,GrassyGlide,WoodHammer,HighHorsepower|||F|||50|,,,,,Fire]Volcarona||Leftovers|FlameBody|QuiverDance,Protect,TeraBlast,HeatWave|||F|||50|,,,,,Fairy]Electabuzz||Eviolite|VitalSpirit|Electroweb,FollowMe,Taunt,Protect|||M|||50|,,,,,Ghost
|inactive|Battle timer is ON: inactive players will automatically lose when time's up. (requested by Rorox641)
|inactive|Rorox641 has 60 seconds left.
|inactive|malo maalez has 60 seconds left.
|inactive|malo maalez has 30 seconds left.
|
|t:|1756682673
|teamsize|p1|4
|teamsize|p2|4
|start
|switch|p1a: Archaludon|Archaludon, L50, M, shiny|100/100
|switch|p1b: Mamoswine|Mamoswine, L50, F, shiny|100/100
|switch|p2a: A Su Lugar|Electabuzz, L50, M, shiny|100/100
|switch|p2b: Tell Me|Sneasler, L50, F|100/100
|turn|1
|inactive|malo maalez has 30 seconds left.
|
|t:|1756682703
|switch|p2a: ImitadoraVoy|Volcarona, L50, F|100/100
|move|p1b: Mamoswine|Protect|p1b: Mamoswine
|-singleturn|p1b: Mamoswine|Protect
|move|p1a: Archaludon|Protect|p1a: Archaludon
|-singleturn|p1a: Archaludon|Protect
|move|p2b: Tell Me|Coaching|p2a: ImitadoraVoy
|-boost|p2a: ImitadoraVoy|atk|1
|-boost|p2a: ImitadoraVoy|def|1
|
|upkeep
|turn|2
|
|t:|1756682724
|switch|p1b: Arcanine|Arcanine-Hisui, L50, M, shiny|100/100
|-ability|p1b: Arcanine|Intimidate|boost
|-unboost|p2a: ImitadoraVoy|atk|1
|-unboost|p2b: Tell Me|atk|1
|move|p2b: Tell Me|Dire Claw|p1b: Arcanine
|-resisted|p1b: Arcanine
|-damage|p1b: Arcanine|84/100
|-status|p1b: Arcanine|psn
|move|p2a: ImitadoraVoy|Heat Wave|p1a: Archaludon|[spread] p1a,p1b
|-resisted|p1b: Arcanine
|-damage|p1a: Archaludon|45/100
|-damage|p1b: Arcanine|71/100 psn
|move|p1a: Archaludon|Electro Shot||[still]
|-prepare|p1a: Archaludon|Electro Shot
|-boost|p1a: Archaludon|spa|1
|-enditem|p1a: Archaludon|Power Herb
|-anim|p1a: Archaludon|Electro Shot|p2a: ImitadoraVoy
|-damage|p2a: ImitadoraVoy|28/100
|
|-heal|p2a: ImitadoraVoy|34/100|[from] item: Leftovers
|-damage|p1b: Arcanine|59/100 psn|[from] psn
|upkeep
|turn|3
|inactive|Rorox641 has 30 seconds left.
|inactive|malo maalez has 30 seconds left.
|inactive|Rorox641 has 20 seconds left.
|inactive|Rorox641 has 15 seconds left.
|inactive|malo maalez has 20 seconds left.
|
|t:|1756682770
|switch|p1b: Sneasler|Sneasler, L50, M, shiny|100/100
|move|p2b: Tell Me|Close Combat|p1b: Sneasler
|-resisted|p1b: Sneasler
|-damage|p1b: Sneasler|72/100
|-unboost|p2b: Tell Me|def|1
|-unboost|p2b: Tell Me|spd|1
|move|p2a: ImitadoraVoy|Quiver Dance|p2a: ImitadoraVoy
|-boost|p2a: ImitadoraVoy|spa|1
|-boost|p2a: ImitadoraVoy|spd|1
|-boost|p2a: ImitadoraVoy|spe|1
|move|p1a: Archaludon|Thunderbolt|p2a: ImitadoraVoy
|-damage|p2a: ImitadoraVoy|0 fnt
|faint|p2a: ImitadoraVoy
|
|upkeep
|
|t:|1756682778
|switch|p2a: She's At|Dragonite, L50, M|100/100
|turn|4
|
|t:|1756682797
|switch|p1a: Arcanine|Arcanine-Hisui, L50, M, shiny|59/100 psn
|-ability|p1a: Arcanine|Intimidate|boost
|-unboost|p2a: She's At|atk|1
|-unboost|p2b: Tell Me|atk|1
|move|p2b: Tell Me|Close Combat|p1a: Arcanine
|-supereffective|p1a: Arcanine
|-damage|p1a: Arcanine|0 fnt
|-unboost|p2b: Tell Me|def|1
|-unboost|p2b: Tell Me|spd|1
|faint|p1a: Arcanine
|move|p1b: Sneasler|Dire Claw|p2a: She's At
|-damage|p2a: She's At|78/100
|move|p2a: She's At|Scale Shot|p1b: Sneasler
|-damage|p1b: Sneasler|59/100
|-damage|p1b: Sneasler|46/100
|-damage|p1b: Sneasler|34/100
|-damage|p1b: Sneasler|21/100
|-hitcount|p1b: Sneasler|4
|-unboost|p2a: She's At|def|1
|-boost|p2a: She's At|spe|1
|
|upkeep
|
|t:|1756682822
|switch|p1a: Mamoswine|Mamoswine, L50, F, shiny|100/100
|turn|5
|
|t:|1756682833
|switch|p2b: A Su Lugar|Electabuzz, L50, M, shiny|100/100
|-terastallize|p2a: She's At|Fairy
|-terastallize|p1a: Mamoswine|Ghost
|move|p2a: She's At|Extreme Speed|p1b: Sneasler
|-damage|p1b: Sneasler|0 fnt
|faint|p1b: Sneasler
|move|p1a: Mamoswine|Icicle Spear|p2b: A Su Lugar
|-damage|p2b: A Su Lugar|90/100
|-damage|p2b: A Su Lugar|79/100
|-damage|p2b: A Su Lugar|69/100
|-damage|p2b: A Su Lugar|58/100
|-hitcount|p2b: A Su Lugar|4
|
|upkeep
|
|t:|1756682853
|switch|p1b: Archaludon|Archaludon, L50, M, shiny|45/100
|turn|6
|
|t:|1756682862
|move|p2b: A Su Lugar|Follow Me|p2b: A Su Lugar
|-singleturn|p2b: A Su Lugar|move: Follow Me
|move|p2a: She's At|Scale Shot|p1a: Mamoswine
|-damage|p1a: Mamoswine|90/100
|-damage|p1a: Mamoswine|80/100
|-damage|p1a: Mamoswine|70/100
|-crit|p1a: Mamoswine
|-damage|p1a: Mamoswine|47/100
|-hitcount|p1a: Mamoswine|4
|-unboost|p2a: She's At|def|1
|-boost|p2a: She's At|spe|1
|move|p1a: Mamoswine|High Horsepower|p2b: A Su Lugar
|-supereffective|p2b: A Su Lugar
|-damage|p2b: A Su Lugar|0 fnt
|faint|p2b: A Su Lugar
|move|p1b: Archaludon|Thunderbolt|p2a: She's At
|-damage|p2a: She's At|43/100
|
|upkeep
|
|t:|1756682873
|switch|p2b: Tell Me|Sneasler, L50, F|100/100
|turn|7
|inactive|Rorox641 has 30 seconds left.
|inactive|Rorox641 has 20 seconds left.
|
|t:|1756682910
|move|p1a: Mamoswine|Ice Shard|p2a: She's At
|-damage|p2a: She's At|0 fnt
|faint|p2a: She's At
|move|p2b: Tell Me|Close Combat|p1b: Archaludon
|-supereffective|p1b: Archaludon
|-damage|p1b: Archaludon|0 fnt
|-unboost|p2b: Tell Me|def|1
|-unboost|p2b: Tell Me|spd|1
|faint|p1b: Archaludon
|
|upkeep
|turn|8
|
|t:|1756682924
|move|p2b: Tell Me|Dire Claw|p1a: Mamoswine
|-resisted|p1a: Mamoswine
|-damage|p1a: Mamoswine|21/100
|move|p1a: Mamoswine|Icicle Spear|p2b: Tell Me
|-damage|p2b: Tell Me|65/100
|-damage|p2b: Tell Me|32/100
|-damage|p2b: Tell Me|0 fnt
|faint|p2b: Tell Me
|-hitcount|p2: Tell Me|3
|
|win|Rorox641
