|j|☆BeckVGC
|j|☆entei enthusiast
|html|BeckVGCentei enthusiast    
|uhtml|bestof|Game 1 of a best-of-3
|t:|1783569369
|gametype|doubles
|player|p1|BeckVGC|roughneck-gen4|1153
|player|p2|entei enthusiast|kamado-armor|1196
|gen|9
|tier|[Gen 9 Champions] VGC 2026 Reg M-B (Bo3)
|rated|
|rule|Species Clause: Limit one of each Pokémon
|rule|Item Clause: Limit 1 of each item
|clearpoke
|poke|p1|Talonflame, L50, F, shiny|
|poke|p1|Rotom-Wash, L50|
|poke|p1|Ninetales-Alola, L50, F|
|poke|p1|Glimmora, L50, F|
|poke|p1|Kingambit, L50, M|
|poke|p1|Garchomp, L50, M|
|poke|p2|Garchomp, L50, F|
|poke|p2|Venusaur, L50, M|
|poke|p2|Incineroar, L50, M|
|poke|p2|Charizard, L50, F|
|poke|p2|Toxapex, L50, F|
|poke|p2|Annihilape, L50, M|
|teampreview|4
|showteam|p1|Talonflame|||GaleWings|Acrobatics,Tailwind,FlareBlitz,Protect|Jolly||F|||50|]Rotom-Wash||Magnet|Levitate|Thunderbolt,HydroPump,WillOWisp,Protect|Modest|||||50|]Ninetales-Alola||NeverMeltIce|SnowWarning|Blizzard,FreezeDry,Encore,Protect|Timid||F|||50|]Glimmora||Glimmoranite|ToxicDebris|PowerGem,SludgeBomb,EarthPower,SpikyShield|Timid||F|||50|]Kingambit||ChopleBerry|Defiant|KowtowCleave,SuckerPunch,LowKick,Protect|Adamant||M|||50|]Garchomp||LumBerry|RoughSkin|DragonClaw,Earthquake,SwordsDance,Protect|Jolly||M|||50|
|showteam|p2|Garchomp||ChoiceScarf|RoughSkin|Earthquake,RockSlide,DragonClaw,StompingTantrum|Adamant||F|||50|]Venusaur||LifeOrb|Chlorophyll|SludgeBomb,SolarBeam,EarthPower,Protect|Modest||M|||50|]Incineroar||SitrusBerry|Intimidate|FakeOut,FlareBlitz,ThroatChop,PartingShot|Impish||M|||50|]Charizard||CharizarditeY|Blaze|HeatWave,WeatherBall,HelpingHand,Protect|Modest||F|||50|]Toxapex||Leftovers|Regenerator|Infestation,Toxic,WideGuard,BanefulBunker|Impish||F|||50|]Annihilape||FocusSash|Defiant|CloseCombat,PhantomForce,RockTomb,Protect|Jolly||M|||50|
|inactive|Battle timer is ON: inactive players will automatically lose when time's up. (requested by BeckVGC)
|inactive|BeckVGC has 60 seconds left.
|inactive|entei enthusiast has 60 seconds left.
|inactive|entei enthusiast has 30 seconds left.
|inactive|entei enthusiast has 20 seconds left.
|
|t:|1783569444
|teamsize|p1|4
|teamsize|p2|4
|start
|switch|p1a: Phoenix|Talonflame, L50, F, shiny|100/100
|switch|p1b: Garchomp|Garchomp, L50, M|100/100
|switch|p2a: Charizard|Charizard, L50, F|100/100
|switch|p2b: Toxapex|Toxapex, L50, F|100/100
|turn|1
|inactive|BeckVGC has 30 seconds left.
|inactive|BeckVGC has 20 seconds left.
|inactive|BeckVGC has 15 seconds left.
|
|t:|1783569485
|detailschange|p2a: Charizard|Charizard-Mega-Y, L50, F
|-mega|p2a: Charizard|Charizard|Charizardite Y
|-weather|SunnyDay|[from] ability: Drought|[of] p2a: Charizard
|move|p1a: Phoenix|Tailwind|p1a: Phoenix
|-sidestart|p1: BeckVGC|move: Tailwind
|move|p1b: Garchomp|Swords Dance|p1b: Garchomp
|-boost|p1b: Garchomp|atk|2
|move|p2a: Charizard|Heat Wave|p1b: Garchomp|[spread] p1b
|-miss|p2a: Charizard|p1a: Phoenix
|-resisted|p1b: Garchomp|1
|-damage|p1b: Garchomp|70/100
|move|p2b: Toxapex|Toxic|p1b: Garchomp
|-status|p1b: Garchomp|tox
|-enditem|p1b: Garchomp|Lum Berry|[eat]
|-curestatus|p1b: Garchomp|tox|[msg]
|
|-weather|SunnyDay|[upkeep]
|upkeep
|turn|2
|
|t:|1783569506
|switch|p2b: Incineroar|Incineroar, L50, M|100/100
|-ability|p2b: Incineroar|Intimidate|boost
|-unboost|p1a: Phoenix|atk|1
|-unboost|p1b: Garchomp|atk|1
|move|p1a: Phoenix|Acrobatics|p2a: Charizard
|-damage|p2a: Charizard|72/100
|move|p1b: Garchomp|Dragon Claw|p2a: Charizard
|-damage|p2a: Charizard|12/100
|move|p2a: Charizard|Heat Wave|p1a: Phoenix|[spread] p1a,p1b
|-resisted|p1a: Phoenix|1
|-resisted|p1b: Garchomp|1
|-damage|p1a: Phoenix|50/100g
|-damage|p1b: Garchomp|42/100
|
|-weather|SunnyDay|[upkeep]
|upkeep
|turn|3
|inactive|BeckVGC has 30 seconds left.
|inactive|entei enthusiast has 30 seconds left.
|inactive|BeckVGC has 20 seconds left.
|inactive|entei enthusiast has 20 seconds left.
|inactive|entei enthusiast has 15 seconds left.
|inactive|entei enthusiast has 10 seconds left.
|
|t:|1783569552
|switch|p2a: Toxapex|Toxapex, L50, F|100/100
|move|p1b: Garchomp|Protect|p1b: Garchomp
|-singleturn|p1b: Garchomp|Protect
|move|p2b: Incineroar|Fake Out|p1b: Garchomp
|-activate|p1b: Garchomp|move: Protect
|move|p1a: Phoenix|Acrobatics|p2a: Toxapex
|-damage|p2a: Toxapex|80/100
|
|-weather|SunnyDay|[upkeep]
|-heal|p2a: Toxapex|86/100|[from] item: Leftovers
|upkeep
|turn|4
|
|t:|1783569567
|move|p2a: Toxapex|Wide Guard|p2a: Toxapex
|-singleturn|p2a: Toxapex|Wide Guard
|move|p1a: Phoenix|Acrobatics|p2b: Incineroar
|-damage|p2b: Incineroar|80/100
|move|p1b: Garchomp|Earthquake|p2b: Incineroar|[spread] 
|-activate|p2a: Toxapex|move: Wide Guard
|-activate|p2b: Incineroar|move: Wide Guard
|-immune|p1a: Phoenix
|move|p2b: Incineroar|Flare Blitz|p1a: Phoenix
|-resisted|p1a: Phoenix|1
|-damage|p1a: Phoenix|0 fnt
|faint|p1a: Phoenix
|-damage|p2b: Incineroar|67/100|[from] Recoil
|
|-weather|SunnyDay|[upkeep]
|-heal|p2a: Toxapex|92/100|[from] item: Leftovers
|-sideend|p1: BeckVGC|move: Tailwind
|upkeep
|
|t:|1783569570
|switch|p1a: Glimmy-Glim|Glimmora, L50, F|100/100
|turn|5
|inactive|entei enthusiast has 30 seconds left.
|inactive|entei enthusiast has 20 seconds left.
|
|t:|1783569610
|detailschange|p1a: Glimmy-Glim|Glimmora-Mega, L50, F
|-mega|p1a: Glimmy-Glim|Glimmora|Glimmoranite
|move|p2a: Toxapex|Wide Guard|p2a: Toxapex
|-singleturn|p2a: Toxapex|Wide Guard
|move|p1a: Glimmy-Glim|Power Gem|p2b: Incineroar
|-supereffective|p2b: Incineroar|1
|-damage|p2b: Incineroar|0 fnt
|faint|p2b: Incineroar
|move|p1b: Garchomp|Dragon Claw|p2a: Toxapex
|-damage|p2a: Toxapex|50/100g
|
|-weather|none
|-heal|p2a: Toxapex|56/100|[from] item: Leftovers
|upkeep
|
|t:|1783569620
|switch|p2b: Venusaur|Venusaur, L50, M|100/100
|turn|6
|
|t:|1783569642
|-heal|p2a: Toxapex|89/100|[from] ability: Regenerator|[silent]
|switch|p2a: Charizard|Charizard-Mega-Y, L50, F|12/100
|-weather|SunnyDay|[from] ability: Drought|[of] p2a: Charizard
|move|p1a: Glimmy-Glim|Spiky Shield|p1a: Glimmy-Glim
|-singleturn|p1a: Glimmy-Glim|move: Protect
|move|p1b: Garchomp|Protect|p1b: Garchomp
|-singleturn|p1b: Garchomp|Protect
|move|p2b: Venusaur|Earth Power|p1a: Glimmy-Glim
|-activate|p1a: Glimmy-Glim|move: Protect
|
|-weather|SunnyDay|[upkeep]
|upkeep
|turn|7
|
|t:|1783569659
|switch|p1a: Ninetales|Ninetales-Alola, L50, F|100/100
|-weather|Snowscape|[from] ability: Snow Warning|[of] p1a: Ninetales
|move|p1b: Garchomp|Dragon Claw|p2a: Charizard
|-damage|p2a: Charizard|0 fnt
|faint|p2a: Charizard
|move|p2b: Venusaur|Earth Power|p1a: Ninetales
|-damage|p1a: Ninetales|60/100
|-damage|p2b: Venusaur|90/100|[from] item: Life Orb
|
|-weather|Snowscape|[upkeep]
|upkeep
|
|t:|1783569669
|switch|p2a: Toxapex|Toxapex, L50, F|89/100
|turn|8
|inactive|entei enthusiast has 30 seconds left.
|
|t:|1783569701
|move|p2a: Toxapex|Wide Guard|p2a: Toxapex
|-singleturn|p2a: Toxapex|Wide Guard
|move|p1a: Ninetales|Freeze-Dry|p2b: Venusaur
|-supereffective|p2b: Venusaur|1
|-damage|p2b: Venusaur|21/100
|move|p1b: Garchomp|Dragon Claw|p2b: Venusaur
|-damage|p2b: Venusaur|0 fnt
|faint|p2b: Venusaur
|
|-weather|Snowscape|[upkeep]
|-heal|p2a: Toxapex|94/100|[from] item: Leftovers
|upkeep
|turn|9
|-message|entei enthusiast forfeited.
|
|win|BeckVGC
||entei enthusiast is ready for game 2.
|inactive|BeckVGC has 30 seconds to confirm battle start!
|inactive|BeckVGC has 20 seconds to confirm battle start!
||BeckVGC is ready for game 2.
|uhtml|next|Next: Game 2 of 3
|l|☆BeckVGC
|player|p1|
