|j|☆datrandomguy787
|j|☆Northgdh
|html|datrandomguy787Northgdh    
|uhtml|bestof|Game 3 of a best-of-3
|t:|1783731540
|gametype|doubles
|player|p1|datrandomguy787|2|1083
|player|p2|Northgdh|265|1069
|gen|9
|tier|[Gen 9 Champions] VGC 2026 Reg M-B (Bo3)
|rated|
|rule|Species Clause: Limit one of each Pokémon
|rule|Item Clause: Limit 1 of each item
|clearpoke
|poke|p1|Sneasler, L50, M|
|poke|p1|Blastoise, L50, M|
|poke|p1|Kingambit, L50, M|
|poke|p1|Incineroar, L50, M|
|poke|p1|Delphox, L50, F|
|poke|p1|Sinistcha, L50|
|poke|p2|Floette-Eternal, L50, F|
|poke|p2|Sinistcha, L50|
|poke|p2|Sneasler, L50, M|
|poke|p2|Incineroar, L50, F, shiny|
|poke|p2|Kingambit, L50, M, shiny|
|poke|p2|Blastoise, L50, M, shiny|
|teampreview|4
|showteam|p1|Sneasler||FocusSash|PoisonTouch|PoisonJab,CloseCombat,FakeOut,QuickGuard|Jolly||M|||50|]Blastoise||Blastoisinite|RainDish|DarkPulse,WaterSpout,ShellSmash,Protect|Modest||M|||50|]Kingambit||BlackGlasses|Defiant|KowtowCleave,SuckerPunch,SwordsDance,Protect|Adamant||M|||50|]Incineroar||SitrusBerry|Intimidate|FlareBlitz,HelpingHand,PartingShot,FakeOut|Careful||M|||50|]Delphox||Delphoxite|Blaze|HeatWave,NastyPlot,Psyshock,Protect|Modest||F|||50|]Sinistcha||KasibBerry|Hospitality|MatchaGotcha,RagePowder,TrickRoom,Protect|Bold|||||50|
|showteam|p2|Floette-Eternal||Floettite|FlowerVeil|Moonblast,DrainingKiss,CalmMind,Protect|Modest||F|||50|]Sinistcha||OccaBerry|Hospitality|MatchaGotcha,LifeDew,RagePowder,Protect|Calm|||||50|]Sneasler||FocusSash|PoisonTouch|CloseCombat,PoisonJab,FakeOut,QuickGuard|Jolly||M|||50|]Incineroar||SitrusBerry|Intimidate|FlareBlitz,FakeOut,HelpingHand,PartingShot|Impish||F|||50|]Kingambit||BlackGlasses|Defiant|KowtowCleave,SuckerPunch,SwordsDance,Protect|Adamant||M|||50|]Blastoise||Blastoisinite|RainDish|WaterSpout,DarkPulse,ShellSmash,Protect|Modest||M|||50|
|inactive|Battle timer is ON: inactive players will automatically lose when time's up. (requested by Northgdh)
|inactive|datrandomguy787 has 60 seconds left.
|inactive|datrandomguy787 has 30 seconds left.
|inactive|datrandomguy787 has 20 seconds left.
|
|t:|1783731613
|teamsize|p1|4
|teamsize|p2|4
|start
|switch|p1a: Blastoise|Blastoise, L50, M|100/100
|switch|p1b: Sinistcha|Sinistcha, L50|100/100
|switch|p2a: begged|Blastoise, L50, M, shiny|100/100
|switch|p2b: the cure|Sinistcha, L50|100/100
|turn|1
|inactive|Northgdh has 30 seconds left.
|inactive|Northgdh has 20 seconds left.
|inactive|Northgdh has 15 seconds left.
|inactive|Northgdh has 10 seconds left.
|inactive|Northgdh has 5 seconds left.
|
|t:|1783731665
|detailschange|p2a: begged|Blastoise-Mega, L50, M, shiny
|-mega|p2a: begged|Blastoise|Blastoisinite
|detailschange|p1a: Blastoise|Blastoise-Mega, L50, M
|-mega|p1a: Blastoise|Blastoise|Blastoisinite
|move|p2a: begged|Protect|p2a: begged
|-singleturn|p2a: begged|Protect
|move|p1a: Blastoise|Dark Pulse|p2b: the cure
|-supereffective|p2b: the cure|1
|-damage|p2b: the cure|20/100y
|move|p2b: the cure|Matcha Gotcha|p1a: Blastoise|[spread] p1a,p1b
|-supereffective|p1a: Blastoise|1
|-resisted|p1b: Sinistcha|1
|-damage|p1a: Blastoise|52/100
|-heal|p2b: the cure|41/100|[from] drain|[of] p1a: Blastoise
|-damage|p1b: Sinistcha|88/100
|-heal|p2b: the cure|46/100|[from] drain|[of] p1b: Sinistcha
|move|p1b: Sinistcha|Matcha Gotcha|p2a: begged|[spread] p2b
|-activate|p2a: begged|move: Protect
|-resisted|p2b: the cure|1
|-damage|p2b: the cure|36/100
|-heal|p1b: Sinistcha|93/100|[from] drain|[of] p2b: the cure
|
|upkeep
|turn|2
|inactive|datrandomguy787 has 30 seconds left.
|inactive|Northgdh has 30 seconds left.
|inactive|datrandomguy787 has 20 seconds left.
|inactive|Northgdh has 20 seconds left.
|inactive|datrandomguy787 has 15 seconds left.
|inactive|datrandomguy787 has 10 seconds left.
|inactive|datrandomguy787 has 5 seconds left.
|
|t:|1783731716
|switch|p1a: Incineroar|Incineroar, L50, M|100/100
|-ability|p1a: Incineroar|Intimidate|boost
|-unboost|p2a: begged|atk|1
|-unboost|p2b: the cure|atk|1
|switch|p2b: honeybee|Sneasler, L50, M|100/100
|move|p2a: begged|Protect||[still]
|-fail|p2a: begged
|move|p1b: Sinistcha|Matcha Gotcha|p2b: honeybee|[spread] p2a,p2b
|-supereffective|p2a: begged|1
|-crit|p2a: begged
|-resisted|p2b: honeybee|1
|-damage|p2a: begged|32/100
|-heal|p1b: Sinistcha|100/100|[from] drain|[of] p2a: begged
|-damage|p2b: honeybee|83/100
|
|upkeep
|turn|3
|c|☆Northgdh|Oh
|c|☆Northgdh|oops
|c|☆Northgdh|lol
|inactive|datrandomguy787 has 30 seconds left.
|inactive|Northgdh has 30 seconds left.
|
|t:|1783731746
|move|p1a: Incineroar|Fake Out|p2a: begged
|-damage|p2a: begged|21/100
|move|p2b: honeybee|Poison Jab|p1b: Sinistcha
|-damage|p1b: Sinistcha|64/100
|cant|p2a: begged|flinch
|move|p1b: Sinistcha|Matcha Gotcha|p2b: honeybee|[spread] p2a,p2b
|-supereffective|p2a: begged|1
|-resisted|p2b: honeybee|1
|-damage|p2a: begged|0 fnt
|-heal|p1b: Sinistcha|73/100|[from] drain|[of] p2a: begged
|-damage|p2b: honeybee|65/100
|-heal|p1b: Sinistcha|81/100|[from] drain|[of] p2b: honeybee
|faint|p2a: begged
|
|upkeep
|
|t:|1783731751
|switch|p2a: wrong w me|Incineroar, L50, F, shiny|100/100
|-ability|p2a: wrong w me|Intimidate|boost
|-unboost|p1a: Incineroar|atk|1
|-unboost|p1b: Sinistcha|atk|1
|turn|4
|inactive|datrandomguy787 has 30 seconds left.
|
|t:|1783731777
|move|p1b: Sinistcha|Protect|p1b: Sinistcha
|-singleturn|p1b: Sinistcha|Protect
|move|p2b: honeybee|Close Combat|p1a: Incineroar
|-supereffective|p1a: Incineroar|1
|-damage|p1a: Incineroar|0 fnt
|-unboost|p2b: honeybee|def|1
|-unboost|p2b: honeybee|spd|1
|faint|p1a: Incineroar
|move|p2a: wrong w me|Flare Blitz|p1b: Sinistcha
|-activate|p1b: Sinistcha|move: Protect
|
|upkeep
|
|t:|1783731788
|switch|p1a: Blastoise|Blastoise-Mega, L50, M|52/100
|turn|5
|
|t:|1783731796
|switch|p2a: the cure|Sinistcha, L50|36/100
|-heal|p2b: honeybee|90/100|[from] ability: Hospitality|[of] p2a: the cure
|move|p1b: Sinistcha|Rage Powder|p1b: Sinistcha
|-singleturn|p1b: Sinistcha|move: Rage Powder
|move|p2b: honeybee|Poison Jab|p1b: Sinistcha
|-damage|p1b: Sinistcha|46/100
|-status|p1b: Sinistcha|psn
|move|p1a: Blastoise|Water Spout|p2a: the cure|[spread] p2a,p2b
|-resisted|p2a: the cure|1
|-damage|p2a: the cure|21/100
|-damage|p2b: honeybee|24/100
|
|-damage|p1b: Sinistcha|33/100 psn|[from] psn
|upkeep
|turn|6
|inactive|datrandomguy787 has 30 seconds left.
|inactive|Northgdh has 30 seconds left.
|
|t:|1783731826
|switch|p2a: wrong w me|Incineroar, L50, F, shiny|100/100
|-ability|p2a: wrong w me|Intimidate|boost
|-unboost|p1a: Blastoise|atk|1
|-unboost|p1b: Sinistcha|atk|1
|move|p1b: Sinistcha|Rage Powder|p1b: Sinistcha
|-singleturn|p1b: Sinistcha|move: Rage Powder
|move|p2b: honeybee|Poison Jab|p1b: Sinistcha
|-damage|p1b: Sinistcha|0 fnt
|faint|p1b: Sinistcha
|move|p1a: Blastoise|Dark Pulse|p2a: wrong w me
|-resisted|p2a: wrong w me|1
|-damage|p2a: wrong w me|80/100
|
|upkeep
|
|t:|1783731830
|switch|p1b: Sneasler|Sneasler, L50, M|100/100
|turn|7
|inactive|Northgdh has 30 seconds left.
|inactive|datrandomguy787 has 30 seconds left.
|
|t:|1783731873
|switch|p2a: the cure|Sinistcha, L50|21/100
|-heal|p2b: honeybee|49/100|[from] ability: Hospitality|[of] p2a: the cure
|move|p1b: Sneasler|Close Combat|p2b: honeybee
|-resisted|p2b: honeybee|1
|-damage|p2b: honeybee|0 fnt
|-unboost|p1b: Sneasler|def|1
|-unboost|p1b: Sneasler|spd|1
|faint|p2b: honeybee
|move|p1a: Blastoise|Dark Pulse|p2a: the cure
|-supereffective|p2a: the cure|1
|-damage|p2a: the cure|0 fnt
|faint|p2a: the cure
|
|upkeep
|-message|Northgdh forfeited.
|
|win|datrandomguy787
|raw|datrandomguy787's rating: 1083 → 1109(+26 for winning)
|raw|Northgdh's rating: 1069 → 1049(-20 for losing)
|c|☆datrandomguy787|gg
