|j|☆salmoncashew
|j|☆GoPlayCatch
|html|salmoncashewGoPlayCatch    
|uhtml|bestof|Game 1 of a best-of-3
|t:|1783722557
|gametype|doubles
|player|p1|salmoncashew|caitlin|1213
|player|p2|GoPlayCatch|266|1117
|gen|9
|tier|[Gen 9 Champions] VGC 2026 Reg M-B (Bo3)
|rated|
|rule|Species Clause: Limit one of each Pokémon
|rule|Item Clause: Limit 1 of each item
|clearpoke
|poke|p1|Whimsicott, L50, F|
|poke|p1|Sneasler, L50, F|
|poke|p1|Basculegion, L50, M|
|poke|p1|Incineroar, L50, M, shiny|
|poke|p1|Pyroar, L50, F, shiny|
|poke|p1|Garchomp, L50, M|
|poke|p2|Typhlosion, L50, F|
|poke|p2|Froslass, L50, F|
|poke|p2|Annihilape, L50, M|
|poke|p2|Whimsicott, L50, F|
|poke|p2|Gyarados, L50, F|
|poke|p2|Maushold-Four, L50|
|teampreview|4
|showteam|p1|Whimsicott||FocusSash|Prankster|Protect,Tailwind,SunnyDay,Moonblast|Timid||F|||50|]Sneasler||WhiteHerb|Unburden|Protect,CloseCombat,ThroatChop,GunkShot|Adamant||F|||50|]Basculegion||ChoiceScarf|Adaptability|LastRespects,FlipTurn,WaveCrash,AquaJet|Jolly||M|||50|]Incineroar||SitrusBerry|Intimidate|FakeOut,PartingShot,ThroatChop,FlareBlitz|Adamant||M|||50|]Pyroar||Pyroarite|Unnerve|Protect,HeatWave,Overheat,SolarBeam|Timid||F|||50|]Garchomp||LifeOrb|RoughSkin|Earthquake,DragonClaw,StompingTantrum,Protect|Adamant||M|||50|
|showteam|p2|Typhlosion||ChoiceScarf|FlashFire|Eruption,Overheat,ScorchingSands,HeatWave|Timid||F|||50|]Froslass||Froslassite|SnowCloak|Blizzard,ShadowBall,Taunt,Protect|Timid||F|||50|]Annihilape||Leftovers|Defiant|BulkUp,DrainPunch,RageFist,Protect|Careful||M|||50|]Whimsicott||FocusSash|Prankster|Moonblast,Tailwind,Encore,Protect|Timid||F|||50|]Gyarados||Gyaradosite|Intimidate|DragonDance,Crunch,Waterfall,Protect|Jolly||F|||50|]Maushold-Four||WideLens|Technician|PopulationBomb,Feint,FollowMe,Protect|Jolly|||||50|
|inactive|Battle timer is ON: inactive players will automatically lose when time's up. (requested by salmoncashew)
|inactive|GoPlayCatch has 60 seconds left.
|
|t:|1783722603
|teamsize|p1|4
|teamsize|p2|4
|start
|switch|p1a: Incineroar|Incineroar, L50, M, shiny|100/100
|switch|p1b: Pyroar|Pyroar, L50, F, shiny|100/100
|switch|p2a: Annihilape|Annihilape, L50, M|100/100
|switch|p2b: Whimsicott|Whimsicott, L50, F|100/100
|-ability|p1b: Pyroar|Unnerve
|-ability|p1a: Incineroar|Intimidate|boost
|-unboost|p2a: Annihilape|atk|1
|-ability|p2a: Annihilape|Defiant|boost
|-boost|p2a: Annihilape|atk|2
|-unboost|p2b: Whimsicott|atk|1
|turn|1
|
|t:|1783722621
|switch|p1b: Basculegion|Basculegion, L50, M|100/100
|switch|p1a: Whimsicott|Whimsicott, L50, F|100/100
|move|p2b: Whimsicott|Protect|p2b: Whimsicott
|-singleturn|p2b: Whimsicott|Protect
|move|p2a: Annihilape|Protect||[still]
|-fail|p2a: Annihilape
|
|upkeep
|turn|2
|
|t:|1783722642
|move|p1a: Whimsicott|Tailwind|p1a: Whimsicott
|-sidestart|p1: salmoncashew|move: Tailwind
|move|p2b: Whimsicott|Tailwind|p2b: Whimsicott
|-sidestart|p2: GoPlayCatch|move: Tailwind
|move|p1b: Basculegion|Flip Turn|p2a: Annihilape
|-damage|p2a: Annihilape|59/100
|
|t:|1783722647
|switch|p1b: Pyroar|Pyroar, L50, F, shiny|100/100|[from] Flip Turn
|-ability|p1b: Pyroar|Unnerve
|move|p2a: Annihilape|Bulk Up|p2a: Annihilape
|-boost|p2a: Annihilape|atk|1
|-boost|p2a: Annihilape|def|1
|
|-heal|p2a: Annihilape|65/100|[from] item: Leftovers
|upkeep
|turn|3
|
|t:|1783722662
|switch|p2b: Typhlosion|Typhlosion, L50, F|100/100
|detailschange|p1b: Pyroar|Pyroar-Mega, L50, F, shiny
|-mega|p1b: Pyroar|Pyroar|Pyroarite
|move|p2a: Annihilape|Protect|p2a: Annihilape
|-singleturn|p2a: Annihilape|Protect
|move|p1a: Whimsicott|Sunny Day|p1a: Whimsicott
|-weather|SunnyDay
|move|p1b: Pyroar|Heat Wave|p2b: Typhlosion|[spread] 
|-activate|p2a: Annihilape|move: Protect
|-start|p2b: Typhlosion|ability: Flash Fire
|
|-weather|SunnyDay|[upkeep]
|-heal|p2a: Annihilape|71/100|[from] item: Leftovers
|upkeep
|turn|4
|inactive|GoPlayCatch has 30 seconds left.
|
|t:|1783722694
|switch|p1a: Incineroar|Incineroar, L50, M, shiny|100/100
|-ability|p1a: Incineroar|Intimidate|boost
|-unboost|p2a: Annihilape|atk|1
|-ability|p2a: Annihilape|Defiant|boost
|-boost|p2a: Annihilape|atk|2
|-unboost|p2b: Typhlosion|atk|1
|switch|p2a: Whimsicott|Whimsicott, L50, F|100/100
|move|p2b: Typhlosion|Eruption|p1a: Incineroar|[spread] p1a,p1b
|-resisted|p1a: Incineroar|1
|-resisted|p1b: Pyroar|1
|-damage|p1a: Incineroar|43/100
|-damage|p1b: Pyroar|34/100
|-enditem|p1a: Incineroar|Sitrus Berry|[eat]
|-heal|p1a: Incineroar|68/100|[from] item: Sitrus Berry
|move|p1b: Pyroar|Heat Wave|p2a: Whimsicott|[spread] p2a
|-immune|p2b: Typhlosion|[from] ability: Flash Fire
|-supereffective|p2a: Whimsicott|1
|-enditem|p2a: Whimsicott|Focus Sash
|-damage|p2a: Whimsicott|1/100
|
|-weather|SunnyDay|[upkeep]
|upkeep
|turn|5
|inactive|GoPlayCatch has 30 seconds left.
|
|t:|1783722720
|switch|p1b: Basculegion|Basculegion, L50, M|100/100
|move|p2a: Whimsicott|Protect|p2a: Whimsicott
|-singleturn|p2a: Whimsicott|Protect
|move|p1a: Incineroar|Fake Out|p2b: Typhlosion
|-damage|p2b: Typhlosion|79/100
|cant|p2b: Typhlosion|flinch
|
|-weather|SunnyDay|[upkeep]
|-sideend|p1: salmoncashew|move: Tailwind
|-sideend|p2: GoPlayCatch|move: Tailwind
|upkeep
|turn|6
|
|t:|1783722743
|move|p2b: Typhlosion|Eruption|p1a: Incineroar|[spread] p1a,p1b
|-resisted|p1a: Incineroar|1
|-resisted|p1b: Basculegion|1
|-damage|p1a: Incineroar|25/100
|-damage|p1b: Basculegion|44/100
|move|p1b: Basculegion|Last Respects|p2a: Whimsicott
|-damage|p2a: Whimsicott|0 fnt
|faint|p2a: Whimsicott
|move|p1a: Incineroar|Parting Shot|p2b: Typhlosion
|-unboost|p2b: Typhlosion|atk|1
|-unboost|p2b: Typhlosion|spa|1
|
|t:|1783722751
|switch|p1a: Whimsicott|Whimsicott, L50, F|100/100|[from] Parting Shot
|
|-weather|SunnyDay|[upkeep]
|upkeep
|
|t:|1783722757
|switch|p2a: Maushold|Maushold-Four, L50|100/100
|turn|7
|
|t:|1783722780
|switch|p1b: Incineroar|Incineroar, L50, M, shiny|25/100
|-ability|p1b: Incineroar|Intimidate|boost
|-unboost|p2a: Maushold|atk|1
|-unboost|p2b: Typhlosion|atk|1
|move|p2a: Maushold|Follow Me|p2a: Maushold
|-singleturn|p2a: Maushold|move: Follow Me
|move|p2b: Typhlosion|Eruption|p1b: Incineroar|[spread] p1a,p1b
|-supereffective|p1a: Whimsicott|1
|-resisted|p1b: Incineroar|1
|-enditem|p1a: Whimsicott|Focus Sash
|-damage|p1a: Whimsicott|1/100
|-damage|p1b: Incineroar|0 fnt
|faint|p1b: Incineroar
|move|p1a: Whimsicott|Moonblast|p2a: Maushold
|-damage|p2a: Maushold|63/100
|
|-weather|none
|upkeep
|
|t:|1783722787
|switch|p1b: Pyroar|Pyroar-Mega, L50, F, shiny|34/100
|turn|8
|
|t:|1783722803
|move|p1b: Pyroar|Protect|p1b: Pyroar
|-singleturn|p1b: Pyroar|Protect
|move|p2a: Maushold|Feint|p1a: Whimsicott
|-damage|p1a: Whimsicott|0 fnt
|faint|p1a: Whimsicott
|move|p2b: Typhlosion|Eruption|p1b: Pyroar
|-activate|p1b: Pyroar|move: Protect
|
|upkeep
|
|t:|1783722805
|switch|p1a: Basculegion|Basculegion, L50, M|44/100
|turn|9
|
|t:|1783722821
|move|p2a: Maushold|Follow Me|p2a: Maushold
|-singleturn|p2a: Maushold|move: Follow Me
|move|p2b: Typhlosion|Eruption|p1a: Basculegion|[spread] p1a,p1b
|-resisted|p1a: Basculegion|1
|-resisted|p1b: Pyroar|1
|-damage|p1a: Basculegion|21/100
|-damage|p1b: Pyroar|11/100
|move|p1a: Basculegion|Last Respects|p2a: Maushold
|-immune|p2a: Maushold
|move|p1b: Pyroar|Overheat|p2a: Maushold
|-damage|p2a: Maushold|0 fnt
|-unboost|p1b: Pyroar|spa|2
|faint|p2a: Maushold
|
|upkeep
|
|t:|1783722835
|switch|p2a: Annihilape|Annihilape, L50, M|71/100
|turn|10
|
|t:|1783722847
|move|p2b: Typhlosion|Eruption|p1a: Basculegion|[spread] p1a,p1b
|-resisted|p1a: Basculegion|1
|-resisted|p1b: Pyroar|1
|-damage|p1a: Basculegion|0 fnt
|-damage|p1b: Pyroar|0 fnt
|faint|p1a: Basculegion
|faint|p1b: Pyroar
|
|win|GoPlayCatch
