|j|☆Fr3gsy
|j|☆higigig
|html|Fr3gsyhigigig    
|uhtml|bestof|Game 2 of a best-of-3
|t:|1757147787
|gametype|doubles
|player|p1|Fr3gsy|cynthia|1135
|player|p2|higigig|sisandbro|1197
|gen|9
|tier|[Gen 9] VGC 2025 Reg H (Bo3)
|rated|
|rule|Species Clause: Limit one of each Pokémon
|rule|Item Clause: Limit 1 of each item
|clearpoke
|poke|p1|Dragapult, L50, M|
|poke|p1|Tauros-Paldea-Aqua, L50, M|
|poke|p1|Kingambit, L50, M|
|poke|p1|Volcarona, L50, F|
|poke|p1|Electabuzz, L50, M|
|poke|p1|Rillaboom, L50, F|
|poke|p2|Sneasler, L50, F|
|poke|p2|Gholdengo, L50|
|poke|p2|Amoonguss, L50, M|
|poke|p2|Incineroar, L50, M|
|poke|p2|Ursaluna-Bloodmoon, L50, M|
|poke|p2|Dragonite, L50, F|
|teampreview|4
|showteam|p1|Dragapult||ChoiceSpecs|ClearBody|DracoMeteor,TeraBlast,ShadowBall,Thunderbolt|||M|||50|,,,,,Ground]Tauros-Paldea-Aqua||MirrorHerb|Intimidate|CloseCombat,Protect,WaveCrash,HighHorsepower|||M|||50|,,,,,Fighting]Kingambit||BlackGlasses|Defiant|Protect,SuckerPunch,KowtowCleave,SwordsDance|||M|||50|,,,,,Dark]Volcarona||CovertCloak|FlameBody|QuiverDance,Protect,HeatWave,GigaDrain|||F|||50|,,,,,Fairy]Electabuzz||Eviolite|VitalSpirit|Electroweb,FollowMe,HelpingHand,Protect|||M|||50|,,,,,Ghost]Rillaboom||AssaultVest|GrassySurge|FakeOut,Uturn,WoodHammer,GrassyGlide|||F|||50|,,,,,Fire
|showteam|p2|Sneasler||WhiteHerb|Unburden|FakeOut,CloseCombat,DireClaw,Protect|||F|||50|,,,,,Flying]Gholdengo||MetalCoat|GoodasGold|NastyPlot,MakeItRain,ShadowBall,Protect||||||50|,,,,,Water]Amoonguss||RockyHelmet|Regenerator|Spore,RagePowder,PollenPuff,Protect|||M|||50|,,,,,Psychic]Incineroar||SafetyGoggles|Intimidate|FakeOut,FlareBlitz,KnockOff,PartingShot|||M|||50|,,,,,Ghost]Ursaluna-Bloodmoon||SitrusBerry|MindsEye|CalmMind,EarthPower,BloodMoon,Protect|||M|||50|,,,,,Poison]Dragonite||LoadedDice|Multiscale|ScaleShot,Haze,Tailwind,Protect|||F|||50|,,,,,Fairy
|inactive|Battle timer is ON: inactive players will automatically lose when time's up. (requested by higigig)
|inactive|higigig has 60 seconds left.
|
|t:|1757147828
|teamsize|p1|4
|teamsize|p2|4
|start
|switch|p1a: Rillaboom|Rillaboom, L50, F|100/100
|switch|p1b: Volcarona|Volcarona, L50, F|100/100
|switch|p2a: Dragonite|Dragonite, L50, F|100/100
|switch|p2b: Amoonguss|Amoonguss, L50, M|100/100
|-fieldstart|move: Grassy Terrain|[from] ability: Grassy Surge|[of] p1a: Rillaboom
|turn|1
|inactive|Fr3gsy has 30 seconds left.
|inactive|Fr3gsy has 20 seconds left.
|
|t:|1757147868
|move|p1a: Rillaboom|Fake Out|p2a: Dragonite
|-damage|p2a: Dragonite|95/100
|cant|p2a: Dragonite|flinch
|move|p1b: Volcarona|Quiver Dance|p1b: Volcarona
|-boost|p1b: Volcarona|spa|1
|-boost|p1b: Volcarona|spd|1
|-boost|p1b: Volcarona|spe|1
|move|p2b: Amoonguss|Spore|p1b: Volcarona
|-status|p1b: Volcarona|slp|[from] move: Spore
|
|upkeep
|turn|2
|
|t:|1757147887
|cant|p1b: Volcarona|slp
|move|p2a: Dragonite|Scale Shot|p1b: Volcarona
|-damage|p1b: Volcarona|87/100 slp
|-damage|p1b: Volcarona|73/100 slp
|-damage|p1b: Volcarona|59/100 slp
|-damage|p1b: Volcarona|46/100 slp
|-damage|p1b: Volcarona|32/100 slp
|-hitcount|p1b: Volcarona|5
|-unboost|p2a: Dragonite|def|1
|-boost|p2a: Dragonite|spe|1
|move|p1a: Rillaboom|U-turn|p2a: Dragonite
|-resisted|p2a: Dragonite
|-damage|p2a: Dragonite|78/100
|
|t:|1757147903
|switch|p1a: Dragapult|Dragapult, L50, M, shiny|100/100|[from] U-turn
|move|p2b: Amoonguss|Pollen Puff|p2a: Dragonite
|-heal|p2a: Dragonite|100/100
|
|-heal|p1b: Volcarona|38/100 slp|[from] Grassy Terrain
|upkeep
|turn|3
|inactive|Fr3gsy has 30 seconds left.
|
|t:|1757147934
|-terastallize|p1a: Dragapult|Ground
|move|p2b: Amoonguss|Rage Powder|p2b: Amoonguss
|-singleturn|p2b: Amoonguss|move: Rage Powder
|move|p1a: Dragapult|Draco Meteor|p2b: Amoonguss
|-damage|p2b: Amoonguss|29/100
|-unboost|p1a: Dragapult|spa|2
|move|p2a: Dragonite|Tailwind|p2a: Dragonite
|-sidestart|p2: higigig|move: Tailwind
|-curestatus|p1b: Volcarona|slp|[msg]
|move|p1b: Volcarona|Heat Wave|p2b: Amoonguss|[spread] p2a,p2b
|-resisted|p2a: Dragonite
|-supereffective|p2b: Amoonguss
|-damage|p2a: Dragonite|87/100
|-damage|p2b: Amoonguss|0 fnt
|faint|p2b: Amoonguss
|
|-heal|p1b: Volcarona|44/100|[from] Grassy Terrain
|upkeep
|
|t:|1757147952
|switch|p2b: Sneasler|Sneasler, L50, F|100/100
|turn|4
|
|t:|1757147970
|switch|p1a: Electabuzz|Electabuzz, L50, M|100/100
|move|p1b: Volcarona|Protect|p1b: Volcarona
|-singleturn|p1b: Volcarona|Protect
|move|p2b: Sneasler|Fake Out|p1a: Electabuzz
|-damage|p1a: Electabuzz|89/100
|move|p2a: Dragonite|Scale Shot|p1b: Volcarona
|-activate|p1b: Volcarona|move: Protect
|
|-heal|p1b: Volcarona|50/100|[from] Grassy Terrain
|-heal|p1a: Electabuzz|95/100|[from] Grassy Terrain
|upkeep
|turn|5
|
|t:|1757147988
|move|p1a: Electabuzz|Follow Me|p1a: Electabuzz
|-singleturn|p1a: Electabuzz|move: Follow Me
|move|p2a: Dragonite|Haze|p2a: Dragonite
|-clearallboost
|move|p2b: Sneasler|Dire Claw|p1a: Electabuzz
|-damage|p1a: Electabuzz|62/100
|-status|p1a: Electabuzz|psn
|move|p1b: Volcarona|Quiver Dance|p1b: Volcarona
|-boost|p1b: Volcarona|spa|1
|-boost|p1b: Volcarona|spd|1
|-boost|p1b: Volcarona|spe|1
|
|-heal|p1b: Volcarona|57/100|[from] Grassy Terrain
|-heal|p1a: Electabuzz|68/100 psn|[from] Grassy Terrain
|-damage|p1a: Electabuzz|56/100 psn|[from] psn
|-fieldend|move: Grassy Terrain
|upkeep
|turn|6
|inactive|higigig has 30 seconds left.
|
|t:|1757148013
|move|p1b: Volcarona|Protect|p1b: Volcarona
|-singleturn|p1b: Volcarona|Protect
|move|p1a: Electabuzz|Protect|p1a: Electabuzz
|-singleturn|p1a: Electabuzz|Protect
|move|p2b: Sneasler|Dire Claw|p1a: Electabuzz
|-activate|p1a: Electabuzz|move: Protect
|move|p2a: Dragonite|Haze|p2a: Dragonite
|-clearallboost
|
|-damage|p1a: Electabuzz|44/100 psn|[from] psn
|-sideend|p2: higigig|move: Tailwind
|upkeep
|turn|7
|
|t:|1757148032
|move|p2b: Sneasler|Dire Claw|p1a: Electabuzz
|-damage|p1a: Electabuzz|13/100 psn
|move|p2a: Dragonite|Scale Shot|p1b: Volcarona
|-damage|p1b: Volcarona|41/100
|-damage|p1b: Volcarona|27/100
|-damage|p1b: Volcarona|12/100
|-damage|p1b: Volcarona|0 fnt
|faint|p1b: Volcarona
|-hitcount|p1: Volcarona|4
|-unboost|p2a: Dragonite|def|1
|-boost|p2a: Dragonite|spe|1
|move|p1a: Electabuzz|Electroweb|p2a: Dragonite|[spread] p2a,p2b
|-damage|p2a: Dragonite|72/100
|-damage|p2b: Sneasler|79/100
|-unboost|p2a: Dragonite|spe|1
|-unboost|p2b: Sneasler|spe|1
|-enditem|p2b: Sneasler|White Herb
|-clearnegativeboost|p2b: Sneasler|[silent]
|
|-damage|p1a: Electabuzz|1/100 psn|[from] psn
|upkeep
|inactive|Fr3gsy has 30 seconds left.
|
|t:|1757148063
|switch|p1b: Dragapult|Dragapult, L50, M, shiny, tera:Ground|100/100
|turn|8
|inactive|higigig has 30 seconds left.
|inactive|higigig has 20 seconds left.
|inactive|higigig has 15 seconds left.
|inactive|higigig has 10 seconds left.
|
|t:|1757148110
|switch|p1a: Rillaboom|Rillaboom, L50, F|100/100
|-fieldstart|move: Grassy Terrain|[from] ability: Grassy Surge|[of] p1a: Rillaboom
|-terastallize|p2a: Dragonite|Fairy
|move|p2b: Sneasler|Dire Claw|p1b: Dragapult
|-resisted|p1b: Dragapult
|-damage|p1b: Dragapult|70/100
|move|p1b: Dragapult|Draco Meteor|p2b: Sneasler
|-damage|p2b: Sneasler|0 fnt
|-unboost|p1b: Dragapult|spa|2
|faint|p2b: Sneasler
|move|p2a: Dragonite|Tailwind|p2a: Dragonite
|-sidestart|p2: higigig|move: Tailwind
|
|-heal|p2a: Dragonite|78/100|[from] Grassy Terrain
|-heal|p1b: Dragapult|76/100|[from] Grassy Terrain
|upkeep
|
|t:|1757148120
|switch|p2b: Ursaluna|Ursaluna-Bloodmoon, L50, M|100/100
|turn|9
|
|t:|1757148137
|switch|p1b: Electabuzz|Electabuzz, L50, M|1/100 psn
|move|p2a: Dragonite|Protect|p2a: Dragonite
|-singleturn|p2a: Dragonite|Protect
|move|p2b: Ursaluna|Protect|p2b: Ursaluna
|-singleturn|p2b: Ursaluna|Protect
|move|p1a: Rillaboom|Grassy Glide|p2b: Ursaluna
|-activate|p2b: Ursaluna|move: Protect
|
|-heal|p2a: Dragonite|84/100|[from] Grassy Terrain
|-heal|p1b: Electabuzz|7/100 psn|[from] Grassy Terrain
|-damage|p1b: Electabuzz|0 fnt|[from] psn
|faint|p1b: Electabuzz
|upkeep
|
|t:|1757148154
|switch|p1b: Dragapult|Dragapult, L50, M, shiny, tera:Ground|76/100
|turn|10
|
|t:|1757148173
|move|p1a: Rillaboom|Grassy Glide|p2b: Ursaluna
|-supereffective|p2b: Ursaluna
|-damage|p2b: Ursaluna|54/100
|move|p2a: Dragonite|Scale Shot|p1b: Dragapult
|-damage|p1b: Dragapult|57/100
|-damage|p1b: Dragapult|37/100
|-damage|p1b: Dragapult|18/100
|-damage|p1b: Dragapult|0 fnt
|faint|p1b: Dragapult
|-hitcount|p1: Dragapult|4
|-unboost|p2a: Dragonite|def|1
|-boost|p2a: Dragonite|spe|1
|move|p2b: Ursaluna|Blood Moon|p1a: Rillaboom
|-damage|p1a: Rillaboom|60/100
|
|-heal|p2a: Dragonite|90/100|[from] Grassy Terrain
|-heal|p2b: Ursaluna|60/100|[from] Grassy Terrain
|-heal|p1a: Rillaboom|66/100|[from] Grassy Terrain
|upkeep
|turn|11
|inactive|Fr3gsy has 30 seconds left.
|inactive|higigig has 30 seconds left.
|
|t:|1757148204
|move|p2b: Ursaluna|Protect|p2b: Ursaluna
|-singleturn|p2b: Ursaluna|Protect
|move|p1a: Rillaboom|Grassy Glide|p2a: Dragonite
|-damage|p2a: Dragonite|20/100
|move|p2a: Dragonite|Haze|p2a: Dragonite
|-clearallboost
|
|-heal|p2a: Dragonite|26/100|[from] Grassy Terrain
|-heal|p2b: Ursaluna|66/100|[from] Grassy Terrain
|-heal|p1a: Rillaboom|72/100|[from] Grassy Terrain
|-sideend|p2: higigig|move: Tailwind
|upkeep
|turn|12
|
|t:|1757148225
|move|p2a: Dragonite|Scale Shot|p1a: Rillaboom|[miss]
|-miss|p2a: Dragonite|p1a: Rillaboom
|move|p1a: Rillaboom|Wood Hammer|p2b: Ursaluna
|-supereffective|p2b: Ursaluna
|-damage|p2b: Ursaluna|0 fnt
|faint|p2b: Ursaluna
|-damage|p1a: Rillaboom|49/100|[from] Recoil
|
|-heal|p2a: Dragonite|32/100|[from] Grassy Terrain
|-heal|p1a: Rillaboom|55/100|[from] Grassy Terrain
|-fieldend|move: Grassy Terrain
|upkeep
|turn|13
|
|t:|1757148238
|move|p2a: Dragonite|Scale Shot|p1a: Rillaboom
|-damage|p1a: Rillaboom|42/100
|-damage|p1a: Rillaboom|29/100
|-damage|p1a: Rillaboom|17/100
|-damage|p1a: Rillaboom|4/100
|-damage|p1a: Rillaboom|0 fnt
|faint|p1a: Rillaboom
|-hitcount|p1: Rillaboom|5
|
|win|higigig
