|j|☆Jackwoodsford
|j|☆chawieeee
|html|Jackwoodsfordchawieeee    
|uhtml|bestof|Game 2 of a best-of-3
|t:|1757840435
|gametype|doubles
|player|p1|Jackwoodsford|102|1086
|player|p2|chawieeee|101|1083
|gen|9
|tier|[Gen 9] VGC 2025 Reg H (Bo3)
|rated|
|rule|Species Clause: Limit one of each Pokémon
|rule|Item Clause: Limit 1 of each item
|clearpoke
|poke|p1|Whimsicott, L50, M|
|poke|p1|Gholdengo, L50|
|poke|p1|Dragonite, L50, M|
|poke|p1|Incineroar, L50, M|
|poke|p1|Sneasler, L50, M|
|poke|p1|Garchomp, L50, M|
|poke|p2|Tinkaton, L50, F|
|poke|p2|Ursaluna-Bloodmoon, L50, M|
|poke|p2|Incineroar, L50, F|
|poke|p2|Politoed, L50, F|
|poke|p2|Beartic, L50, F|
|poke|p2|Kilowattrel, L50, M|
|teampreview|4
|showteam|p1|Whimsicott||CovertCloak|Prankster|Tailwind,FakeTears,Moonblast,Protect|||M|||50|,,,,,Water]Gholdengo||ChoiceSpecs|GoodasGold|MakeItRain,ShadowBall,Trick,Protect||||||50|,,,,,Steel]Dragonite||LoadedDice|Multiscale|ScaleShot,ExtremeSpeed,Haze,Protect|||M|||50|,,,,,Fairy]Incineroar||AssaultVest|Intimidate|FakeOut,FlareBlitz,KnockOff,Uturn|||M|||50|,,,,,Ghost]Sneasler||FocusSash|Unburden|FakeOut,CloseCombat,DireClaw,Protect|||M|||50|,,,,,Flying]Garchomp||LifeOrb|RoughSkin|Earthquake,StompingTantrum,DragonClaw,Protect|||M|||50|,,,,,Ground
|showteam|p2|Tinkaton||WideLens|MoldBreaker|FakeOut,ThunderWave,Encore,PlayRough|||F|||50|,,,,,Grass]Ursaluna-Bloodmoon||LifeOrb|MindsEye|BloodMoon,EarthPower,HyperVoice,Protect|||M|||50|,,,,,Ghost]Incineroar||SafetyGoggles|Intimidate|FakeOut,Uturn,KnockOff,Taunt|||F|||50|,,,,,Bug]Politoed||AssaultVest|Drizzle|MuddyWater,WeatherBall,IcyWind,IceBeam|||F|||50|,,,,,Grass]Beartic||LoadedDice|SwiftSwim|IcicleSpear,CloseCombat,Liquidation,Protect|||F|||50|,,,,,Water]Kilowattrel||FocusSash|Competitive|Tailwind,VoltSwitch,Hurricane,Protect|||M|||50|,,,,,Ghost
|inactive|Battle timer is ON: inactive players will automatically lose when time's up. (requested by chawieeee)
|inactive|Jackwoodsford has 60 seconds left.
|
|t:|1757840471
|teamsize|p1|4
|teamsize|p2|4
|start
|switch|p1a: Sneasler|Sneasler, L50, M|100/100
|switch|p1b: Gholdengo|Gholdengo, L50|100/100
|switch|p2a: Beartic|Beartic, L50, F|100/100
|switch|p2b: Ursaluna|Ursaluna-Bloodmoon, L50, M|100/100
|turn|1
|inactive|chawieeee has 30 seconds left.
|
|t:|1757840500
|switch|p2a: Incineroar|Incineroar, L50, F|100/100
|-ability|p2a: Incineroar|Intimidate|boost
|-unboost|p1a: Sneasler|atk|1
|-unboost|p1b: Gholdengo|atk|1
|-terastallize|p1b: Gholdengo|Steel
|-terastallize|p2b: Ursaluna|Ghost
|move|p1a: Sneasler|Close Combat|p2b: Ursaluna
|-immune|p2b: Ursaluna
|move|p1b: Gholdengo|Make It Rain|p2a: Incineroar|[spread] p2a,p2b
|-resisted|p2a: Incineroar
|-damage|p2a: Incineroar|58/100
|-damage|p2b: Ursaluna|0 fnt
|-unboost|p1b: Gholdengo|spa|1
|faint|p2b: Ursaluna
|
|upkeep
|
|t:|1757840520
|switch|p2b: Beartic|Beartic, L50, F|100/100
|turn|2
|inactive|chawieeee has 30 seconds left.
|
|t:|1757840554
|switch|p1b: Incineroar|Incineroar, L50, M|100/100
|-ability|p1b: Incineroar|Intimidate|boost
|-unboost|p2a: Incineroar|atk|1
|-unboost|p2b: Beartic|atk|1
|switch|p2a: Politoed|Politoed, L50, F|100/100
|-weather|RainDance|[from] ability: Drizzle|[of] p2a: Politoed
|move|p1a: Sneasler|Protect|p1a: Sneasler
|-singleturn|p1a: Sneasler|Protect
|move|p2b: Beartic|Icicle Spear|p1a: Sneasler
|-activate|p1a: Sneasler|move: Protect
|
|-weather|RainDance|[upkeep]
|upkeep
|turn|3
|inactive|Jackwoodsford has 30 seconds left.
|inactive|Jackwoodsford has 20 seconds left.
|inactive|Jackwoodsford has 15 seconds left.
|
|t:|1757840596
|switch|p2b: Incineroar|Incineroar, L50, F|58/100
|-ability|p2b: Incineroar|Intimidate|boost
|-unboost|p1a: Sneasler|atk|1
|-unboost|p1b: Incineroar|atk|1
|switch|p1a: Garchomp|Garchomp, L50, M|100/100
|move|p1b: Incineroar|Fake Out|p2b: Incineroar
|-damage|p2b: Incineroar|51/100
|move|p2a: Politoed|Muddy Water|p1a: Garchomp|[spread] p1a,p1b
|-supereffective|p1b: Incineroar
|-damage|p1a: Garchomp|61/100
|-damage|p1b: Incineroar|52/100
|
|-weather|RainDance|[upkeep]
|upkeep
|turn|4
|inactive|chawieeee has 30 seconds left.
|
|t:|1757840622
|move|p1a: Garchomp|Protect|p1a: Garchomp
|-singleturn|p1a: Garchomp|Protect
|move|p1b: Incineroar|U-turn|p2a: Politoed
|-crit|p2a: Politoed
|-damage|p2a: Politoed|63/100
|
|t:|1757840629
|switch|p1b: Sneasler|Sneasler, L50, M|100/100|[from] U-turn
|move|p2a: Politoed|Ice Beam|p1a: Garchomp
|-activate|p1a: Garchomp|move: Protect
|move|p2b: Incineroar|U-turn|p1b: Sneasler
|-resisted|p1b: Sneasler
|-damage|p1b: Sneasler|93/100
|
|t:|1757840638
|switch|p2b: Beartic|Beartic, L50, F|100/100|[from] U-turn
|
|-weather|RainDance|[upkeep]
|upkeep
|turn|5
|
|t:|1757840651
|move|p1b: Sneasler|Fake Out|p2b: Beartic
|-damage|p2b: Beartic|81/100
|cant|p2b: Beartic|flinch
|move|p1a: Garchomp|Stomping Tantrum|p2a: Politoed
|-damage|p2a: Politoed|0 fnt
|faint|p2a: Politoed
|-damage|p1a: Garchomp|51/100|[from] item: Life Orb
|
|-weather|RainDance|[upkeep]
|upkeep
|
|t:|1757840664
|switch|p2a: Incineroar|Incineroar, L50, F|51/100
|-ability|p2a: Incineroar|Intimidate|boost
|-unboost|p1a: Garchomp|atk|1
|-unboost|p1b: Sneasler|atk|1
|turn|6
|
|t:|1757840673
|move|p1b: Sneasler|Protect|p1b: Sneasler
|-singleturn|p1b: Sneasler|Protect
|move|p1a: Garchomp|Protect|p1a: Garchomp
|-singleturn|p1a: Garchomp|Protect
|move|p2a: Incineroar|Fake Out|p1a: Garchomp
|-activate|p1a: Garchomp|move: Protect
|move|p2b: Beartic|Icicle Spear|p1b: Sneasler
|-activate|p1b: Sneasler|move: Protect
|
|-weather|none
|upkeep
|turn|7
|-message|chawieeee forfeited.
|
|win|Jackwoodsford
|l|☆chawieeee
|player|p2|
|j|☆chawieeee
|player|p2|chawieeee|101|
||Jackwoodsford is ready for game 3.
||chawieeee is ready for game 3.
|uhtml|next|Next: Game 3 of 3
|l|☆chawieeee
|player|p2|
|l|☆Jackwoodsford
|player|p1|
