|j|☆Lorido
|j|☆steelag0
|html|Loridosteelag0    
|uhtml|bestof|Game 1 of a best-of-3
|t:|1782641727
|gametype|doubles
|player|p1|Lorido|1|1134
|player|p2|steelag0|266|1275
|gen|9
|tier|[Gen 9 Champions] VGC 2026 Reg M-B (Bo3)
|rated|
|rule|Species Clause: Limit one of each Pokémon
|rule|Item Clause: Limit 1 of each item
|clearpoke
|poke|p1|Charizard, L50, M|
|poke|p1|Floette-Eternal, L50, F|
|poke|p1|Whimsicott, L50, F|
|poke|p1|Kingambit, L50, M|
|poke|p1|Garchomp, L50, M|
|poke|p1|Basculegion, L50, M|
|poke|p2|Blaziken, L50, F|
|poke|p2|Hydreigon, L50, M|
|poke|p2|Basculegion, L50, M|
|poke|p2|Whimsicott, L50, F|
|poke|p2|Farigiraf, L50, F|
|poke|p2|Metagross, L50|
|teampreview|4
|showteam|p1|Charizard||CharizarditeY|Blaze|HeatWave,WeatherBall,SolarBeam,Protect|Modest||M|||50|]Floette-Eternal||Floettite|FlowerVeil|DazzlingGleam,Protect,Moonblast,LightofRuin|Modest||F|||50|]Whimsicott||FocusSash|Prankster|Moonblast,Protect,Tailwind,Encore|Timid||F|||50|]Kingambit||ChopleBerry|Defiant|KowtowCleave,SuckerPunch,IronHead,LowKick|Adamant||M|||50|]Garchomp||LifeOrb|RoughSkin|DragonClaw,StompingTantrum,RockSlide,Protect|Jolly||M|||50|]Basculegion||MysticWater|Adaptability|WaveCrash,LastRespects,AquaJet,Protect|Adamant||M|||50|
|showteam|p2|Blaziken||Blazikenite|SpeedBoost|FlareBlitz,CloseCombat,RockSlide,Detect|Adamant||F|||50|]Hydreigon||ChoiceScarf|Levitate|DracoMeteor,DarkPulse,EarthPower,Snarl|Modest||M|||50|]Basculegion||LifeOrb|Adaptability|WaveCrash,LastRespects,AquaJet,Protect|Adamant||M|||50|]Whimsicott||FocusSash|Prankster|Moonblast,Encore,Tailwind,Protect|Timid||F|||50|]Farigiraf||SitrusBerry|ArmorTail|Psychic,Thunderbolt,Roar,TrickRoom|Bold||F|||50|]Metagross||Metagrossite|ClearBody|PsychicFangs,IronHead,StompingTantrum,Protect|Jolly|||||50|
|inactive|Battle timer is ON: inactive players will automatically lose when time's up. (requested by Lorido)
|inactive|Lorido has 60 seconds left.
|inactive|steelag0 has 60 seconds left.
|inactive|steelag0 has 30 seconds left.
|
|t:|1782641793
|teamsize|p1|4
|teamsize|p2|4
|start
|switch|p1a: Whimsicott|Whimsicott, L50, F|100/100
|switch|p1b: Garchomp|Garchomp, L50, M|100/100
|switch|p2a: Metagross|Metagross, L50|100/100
|switch|p2b: Whimsicott|Whimsicott, L50, F|100/100
|turn|1
|inactive|Lorido has 30 seconds left.
|
|t:|1782641822
|detailschange|p2a: Metagross|Metagross-Mega, L50
|-mega|p2a: Metagross|Metagross|Metagrossite
|move|p1a: Whimsicott|Tailwind|p1a: Whimsicott
|-sidestart|p1: Lorido|move: Tailwind
|move|p2b: Whimsicott|Tailwind|p2b: Whimsicott
|-sidestart|p2: steelag0|move: Tailwind
|move|p2a: Metagross|Iron Head|p1a: Whimsicott
|-supereffective|p1a: Whimsicott|1
|-enditem|p1a: Whimsicott|Focus Sash
|-damage|p1a: Whimsicott|1/100
|move|p1b: Garchomp|Stomping Tantrum|p2a: Metagross
|-supereffective|p2a: Metagross|1
|-damage|p2a: Metagross|15/100
|-damage|p1b: Garchomp|90/100|[from] item: Life Orb
|
|upkeep
|turn|2
|inactive|Lorido has 30 seconds left.
|inactive|Lorido has 20 seconds left.
|inactive|Lorido has 15 seconds left.
|
|t:|1782641865
|move|p2a: Metagross|Protect|p2a: Metagross
|-singleturn|p2a: Metagross|Protect
|move|p1a: Whimsicott|Encore|p2b: Whimsicott
|-start|p2b: Whimsicott|Encore
|move|p2b: Whimsicott|Tailwind||[still]
|-fail|p2b: Whimsicott
|move|p1b: Garchomp|Stomping Tantrum|p2a: Metagross
|-activate|p2a: Metagross|move: Protect
|
|upkeep
|turn|3
|
|t:|1782641886
|switch|p2b: Basculegion|Basculegion, L50, M|100/100
|switch|p1a: Charizard|Charizard, L50, M|100/100
|switch|p2a: Hydreigon|Hydreigon, L50, M|100/100
|move|p1b: Garchomp|Stomping Tantrum|p2a: Hydreigon
|-immune|p2a: Hydreigon|[from] ability: Levitate
|
|upkeep
|turn|4
|inactive|Lorido has 30 seconds left.
|
|t:|1782641911
|detailschange|p1a: Charizard|Charizard-Mega-Y, L50, M
|-mega|p1a: Charizard|Charizard|Charizardite Y
|-weather|SunnyDay|[from] ability: Drought|[of] p1a: Charizard
|move|p1b: Garchomp|Protect|p1b: Garchomp
|-singleturn|p1b: Garchomp|Protect
|move|p2a: Hydreigon|Draco Meteor|p1b: Garchomp
|-activate|p1b: Garchomp|move: Protect
|move|p1a: Charizard|Solar Beam||[still]
|-prepare|p1a: Charizard|Solar Beam
|-anim|p1a: Charizard|Solar Beam|p2b: Basculegion
|-supereffective|p2b: Basculegion|1
|-damage|p2b: Basculegion|0 fnt
|faint|p2b: Basculegion
|
|-weather|SunnyDay|[upkeep]
|-sideend|p1: Lorido|move: Tailwind
|-sideend|p2: steelag0|move: Tailwind
|upkeep
|
|t:|1782641927
|switch|p2b: Whimsicott|Whimsicott, L50, F|100/100
|turn|5
|inactive|steelag0 has 30 seconds left.
|
|t:|1782641954
|move|p1a: Charizard|Protect|p1a: Charizard
|-singleturn|p1a: Charizard|Protect
|move|p2a: Hydreigon|Draco Meteor|p1a: Charizard
|-activate|p1a: Charizard|move: Protect
|move|p2b: Whimsicott|Moonblast|p1a: Charizard
|-activate|p1a: Charizard|move: Protect
|move|p1b: Garchomp|Dragon Claw|p2a: Hydreigon
|-supereffective|p2a: Hydreigon|1
|-damage|p2a: Hydreigon|0 fnt
|faint|p2a: Hydreigon
|-damage|p1b: Garchomp|80/100|[from] item: Life Orb
|
|-weather|SunnyDay|[upkeep]
|upkeep
|-message|steelag0 forfeited.
|
|win|Lorido
||Lorido is ready for game 2.
