|j|☆pwefo
|j|☆Jakobtc
|html|pwefoJakobtc    
|uhtml|bestof|Game 3 of a best-of-3
|t:|1757922216
|gametype|doubles
|player|p1|pwefo|bugcatcher-gen4dp|1135
|player|p2|Jakobtc|riley|1102
|gen|9
|tier|[Gen 9] VGC 2025 Reg H (Bo3)
|rated|
|rule|Species Clause: Limit one of each Pokémon
|rule|Item Clause: Limit 1 of each item
|clearpoke
|poke|p1|Hatterene, L50, F|
|poke|p1|Indeedee-F, L50, F|
|poke|p1|Chandelure, L50, F|
|poke|p1|Torkoal, L50, F|
|poke|p1|Jumpluff, L50, F|
|poke|p1|Ursaluna, L50, F|
|poke|p2|Arcanine-Hisui, L50, M|
|poke|p2|Dragonite, L50, M|
|poke|p2|Sneasler, L50, F|
|poke|p2|Gholdengo, L50|
|poke|p2|Rillaboom, L50, F|
|poke|p2|Clefable, L50, F|
|teampreview|4
|showteam|p1|Hatterene||FocusSash|MagicBounce|TrickRoom,ExpandingForce,DazzlingGleam,MysticalFire|||F|||50|,,,,,Fire]Indeedee-F||PsychicSeed|PsychicSurge|FollowMe,HelpingHand,TrickRoom,Psychic|||F|||50|,,,,,Steel]Chandelure||LifeOrb|FlashFire|HeatWave,TrickRoom,ShadowBall,TeraBlast|||F|||50|,,,,,Fighting]Torkoal||AssaultVest|Drought|Eruption,HeatWave,LavaPlume,EarthPower|||F|||50|,,,,,Fire]Jumpluff||CovertCloak|Chlorophyll|SleepPowder,LeafStorm,Encore,Tailwind|||F|||50|,,,,,Ghost]Ursaluna||FlameOrb|Guts|Protect,Facade,HeadlongRush,Earthquake|||F|||50|,,,,,Ghost
|showteam|p2|Arcanine-Hisui||ClearAmulet|Intimidate|RockSlide,FlareBlitz,ExtremeSpeed,Protect|||M|||50|,,,,,Water]Dragonite||LoadedDice|Multiscale|ScaleShot,StompingTantrum,Tailwind,Protect|||M|||50|,,,,,Ground]Sneasler||FocusSash|Unburden|CloseCombat,DireClaw,Coaching,Protect|||F|||50|,,,,,Stellar]Gholdengo||GrassySeed|GoodasGold|MakeItRain,ShadowBall,NastyPlot,Protect||||||50|,,,,,Water]Rillaboom||AssaultVest|GrassySurge|FakeOut,GrassyGlide,DrumBeating,HighHorsepower|||F|||50|,,,,,Fire]Clefable||SafetyGoggles|Unaware|FollowMe,Moonblast,ThunderWave,Protect|||F|||50|,,,,,Water
|inactive|Battle timer is ON: inactive players will automatically lose when time's up. (requested by Jakobtc)
|
|t:|1757922247
|teamsize|p1|4
|teamsize|p2|4
|start
|switch|p1a: Jumpluff|Jumpluff, L50, F, shiny|100/100
|switch|p1b: Torkoal|Torkoal, L50, F, shiny|100/100
|switch|p2a: Arcanine|Arcanine-Hisui, L50, M|100/100
|switch|p2b: Gholdengo|Gholdengo, L50|100/100
|-ability|p2a: Arcanine|Intimidate|boost
|-unboost|p1a: Jumpluff|atk|1
|-unboost|p1b: Torkoal|atk|1
|-weather|SunnyDay|[from] ability: Drought|[of] p1b: Torkoal
|turn|1
|
|t:|1757922263
|-terastallize|p2b: Gholdengo|Water
|move|p2a: Arcanine|Protect|p2a: Arcanine
|-singleturn|p2a: Arcanine|Protect
|move|p1a: Jumpluff|Sleep Powder|p2a: Arcanine
|-activate|p2a: Arcanine|move: Protect
|move|p2b: Gholdengo|Nasty Plot|p2b: Gholdengo
|-boost|p2b: Gholdengo|spa|2
|move|p1b: Torkoal|Heat Wave|p2a: Arcanine|[spread] p2b
|-activate|p2a: Arcanine|move: Protect
|-resisted|p2b: Gholdengo
|-damage|p2b: Gholdengo|79/100
|
|-weather|SunnyDay|[upkeep]
|upkeep
|turn|2
|
|t:|1757922279
|move|p1a: Jumpluff|Tailwind|p1a: Jumpluff
|-sidestart|p1: pwefo|move: Tailwind
|move|p2a: Arcanine|Rock Slide|p1b: Torkoal|[spread] p1a,p1b
|-supereffective|p1a: Jumpluff
|-supereffective|p1b: Torkoal
|-damage|p1a: Jumpluff|40/100
|-damage|p1b: Torkoal|62/100
|move|p2b: Gholdengo|Make It Rain|p1a: Jumpluff|[spread] p1a,p1b
|-resisted|p1b: Torkoal
|-damage|p1a: Jumpluff|0 fnt
|-damage|p1b: Torkoal|24/100
|-unboost|p2b: Gholdengo|spa|1
|faint|p1a: Jumpluff
|move|p1b: Torkoal|Earth Power|p2a: Arcanine
|-supereffective|p2a: Arcanine
|-damage|p2a: Arcanine|0 fnt
|faint|p2a: Arcanine
|
|-weather|SunnyDay|[upkeep]
|upkeep
|
|t:|1757922294
|switch|p1a: Ursaluna|Ursaluna, L50, F, shiny|100/100
|switch|p2a: Rillaboom|Rillaboom, L50, F|100/100
|-fieldstart|move: Grassy Terrain|[from] ability: Grassy Surge|[of] p2a: Rillaboom
|-enditem|p2b: Gholdengo|Grassy Seed
|-boost|p2b: Gholdengo|def|1|[from] item: Grassy Seed
|turn|3
|
|t:|1757922304
|move|p1a: Ursaluna|Protect|p1a: Ursaluna
|-singleturn|p1a: Ursaluna|Protect
|move|p2a: Rillaboom|Fake Out|p1a: Ursaluna
|-activate|p1a: Ursaluna|move: Protect
|move|p2b: Gholdengo|Shadow Ball|p1b: Torkoal
|-damage|p1b: Torkoal|0 fnt
|faint|p1b: Torkoal
|
|-weather|SunnyDay|[upkeep]
|-heal|p2b: Gholdengo|85/100|[from] Grassy Terrain
|-status|p1a: Ursaluna|brn|[from] item: Flame Orb
|upkeep
|
|t:|1757922311
|switch|p1b: Chandelure|Chandelure, L50, F, shiny|100/100
|turn|4
|
|t:|1757922324
|switch|p2a: Sneasler|Sneasler, L50, F|100/100
|-terastallize|p1a: Ursaluna|Ghost
|move|p2b: Gholdengo|Protect|p2b: Gholdengo
|-singleturn|p2b: Gholdengo|Protect
|move|p1b: Chandelure|Heat Wave|p2b: Gholdengo|[spread] p2a
|-activate|p2b: Gholdengo|move: Protect
|-enditem|p2a: Sneasler|Focus Sash
|-damage|p2a: Sneasler|1/100
|-damage|p1b: Chandelure|90/100|[from] item: Life Orb
|move|p1a: Ursaluna|Facade|p2b: Gholdengo
|-activate|p2b: Gholdengo|move: Protect
|
|-weather|SunnyDay|[upkeep]
|-heal|p2a: Sneasler|7/100|[from] Grassy Terrain
|-heal|p1b: Chandelure|97/100|[from] Grassy Terrain
|-heal|p2b: Gholdengo|91/100|[from] Grassy Terrain
|-damage|p1a: Ursaluna|94/100 brn|[from] brn
|upkeep
|turn|5
|
|t:|1757922348
|move|p2a: Sneasler|Dire Claw|p1b: Chandelure
|-resisted|p1b: Chandelure
|-damage|p1b: Chandelure|73/100
|-status|p1b: Chandelure|slp
|cant|p1b: Chandelure|slp
|move|p1a: Ursaluna|Facade|p2b: Gholdengo
|-damage|p2b: Gholdengo|1/100
|move|p2b: Gholdengo|Shadow Ball|p1b: Chandelure
|-supereffective|p1b: Chandelure
|-damage|p1b: Chandelure|0 fnt
|faint|p1b: Chandelure
|
|-weather|none
|-heal|p2a: Sneasler|13/100|[from] Grassy Terrain
|-heal|p1a: Ursaluna|100/100 brn|[from] Grassy Terrain
|-heal|p2b: Gholdengo|7/100|[from] Grassy Terrain
|-damage|p1a: Ursaluna|94/100 brn|[from] brn
|-sideend|p1: pwefo|move: Tailwind
|upkeep
|turn|6
|-message|pwefo forfeited.
|raw|pwefo's rating: 1135 → 1108(-27 for losing)
|raw|Jakobtc's rating: 1102 → 1129(+27 for winning)
|
|win|Jakobtc
