|j|☆Philly Turtles
|j|☆Liebynight01
|html|Philly TurtlesLiebynight01    
|uhtml|bestof|Game 1 of a best-of-3
|t:|1783222509
|gametype|doubles
|player|p1|Philly Turtles|candice|
|player|p2|Liebynight01|pokemonranger|
|gen|9
|tier|[Gen 9 Champions] VGC 2026 Reg M-B (Bo3)
|rule|Species Clause: Limit one of each Pokémon
|rule|Item Clause: Limit 1 of each item
|raw|1 custom rule: !Force Open Team Sheets
|clearpoke
|poke|p1|Froslass, L50, F|
|poke|p1|Primarina, L50, F|
|poke|p1|Crabominable, L50, M, shiny|
|poke|p1|Slowking-Galar, L50, F|
|poke|p1|Tsareena, L50, F|
|poke|p1|Armarouge, L50, F|
|poke|p2|Tinkaton, L50, F|
|poke|p2|Farigiraf, L50, F|
|poke|p2|Golurk, L50|
|poke|p2|Milotic, L50, F|
|poke|p2|Scovillain, L50, F|
|poke|p2|Hatterene, L50, F|
|teampreview|4
|c|☆Philly Turtles|glhf
|
|t:|1783222609
|teamsize|p1|4
|teamsize|p2|4
|start
|switch|p1a: Slowking|Slowking-Galar, L50, F|100/100
|switch|p1b: Tsareena|Tsareena, L50, F|100/100
|switch|p2a: Farigiraf|Farigiraf, L50, F|100/100
|switch|p2b: Scovillain|Scovillain, L50, F|100/100
|turn|1
|
|t:|1783222644
|switch|p1b: Armarouge|Armarouge, L50, F|100/100
|detailschange|p2b: Scovillain|Scovillain-Mega, L50, F
|-mega|p2b: Scovillain|Scovillain|Scovillainite
|move|p2b: Scovillain|Rage Powder|p2b: Scovillain
|-singleturn|p2b: Scovillain|move: Rage Powder
|move|p2a: Farigiraf|Trick Room|p2a: Farigiraf
|-fieldstart|move: Trick Room|[of] p2a: Farigiraf
|move|p1a: Slowking|Trick Room|p1a: Slowking
|-fieldend|move: Trick Room
|
|upkeep
|turn|2
|
|t:|1783222747
|move|p2b: Scovillain|Rage Powder|p2b: Scovillain
|-singleturn|p2b: Scovillain|move: Rage Powder
|move|p1b: Armarouge|Heat Wave|p2a: Farigiraf|[spread] p2a,p2b
|-damage|p2a: Farigiraf|73/100
|-damage|p2b: Scovillain|67/100
|-immune|p1b: Armarouge
|-prepare|p1a: Slowking|Chilly Reception|[premajor]
|move|p1a: Slowking|Chilly Reception|p1a: Slowking
|-weather|Snowscape
|
|t:|1783222755
|switch|p1a: Crabominable|Crabominable, L50, M, shiny|100/100|[from] Chilly Reception
|move|p2a: Farigiraf|Trick Room|p2a: Farigiraf
|-fieldstart|move: Trick Room|[of] p2a: Farigiraf
|
|-weather|Snowscape|[upkeep]
|upkeep
|turn|3
|
|t:|1783222793
|move|p1a: Crabominable|Ice Hammer|p2b: Scovillain
|-damage|p2b: Scovillain|0 fnt
|-unboost|p1a: Crabominable|spe|1
|-status|p1a: Crabominable|brn|[from] ability: Spicy Spray|[of] p2b: Scovillain
|faint|p2b: Scovillain
|move|p2a: Farigiraf|Light Screen|p2a: Farigiraf
|-sidestart|p2: Liebynight01|move: Light Screen
|move|p1b: Armarouge|Armor Cannon|p2a: Farigiraf
|-damage|p2a: Farigiraf|44/100
|-unboost|p1b: Armarouge|def|1
|-unboost|p1b: Armarouge|spd|1
|-enditem|p2a: Farigiraf|Sitrus Berry|[eat]
|-heal|p2a: Farigiraf|69/100|[from] item: Sitrus Berry
|
|-weather|Snowscape|[upkeep]
|-damage|p1a: Crabominable|94/100 brn|[from] brn
|upkeep
|
|t:|1783222808
|switch|p2b: Golurk|Golurk, L50|100/100
|turn|4
|
|t:|1783222828
|move|p1a: Crabominable|Ice Hammer|p2b: Golurk
|-supereffective|p2b: Golurk|1
|-damage|p2b: Golurk|38/100
|-unboost|p1a: Crabominable|spe|1
|move|p2a: Farigiraf|Psychic|p1a: Crabominable
|-supereffective|p1a: Crabominable|1
|-damage|p1a: Crabominable|16/100 brn
|move|p2b: Golurk|Headlong Rush|p1b: Armarouge
|-supereffective|p1b: Armarouge|1
|-enditem|p1b: Armarouge|Focus Sash
|-damage|p1b: Armarouge|1/100
|-unboost|p2b: Golurk|def|1
|-unboost|p2b: Golurk|spd|1
|move|p1b: Armarouge|Heat Wave|p2a: Farigiraf|[spread] p2a,p2b
|-damage|p2a: Farigiraf|52/100
|-damage|p2b: Golurk|1/100
|
|-weather|Snowscape|[upkeep]
|-damage|p1a: Crabominable|10/100 brn|[from] brn
|-activate|p2a: Farigiraf|ability: Cud Chew
|-enditem|p2a: Farigiraf|Sitrus Berry|[eat]
|-heal|p2a: Farigiraf|77/100|[from] item: Sitrus Berry
|upkeep
|turn|5
|
|t:|1783222871
|move|p2b: Golurk|Protect|p2b: Golurk
|-singleturn|p2b: Golurk|Protect
|move|p1a: Crabominable|Ice Hammer|p2a: Farigiraf
|-damage|p2a: Farigiraf|53/100
|-unboost|p1a: Crabominable|spe|1
|move|p2a: Farigiraf|Psychic|p1a: Crabominable
|-supereffective|p1a: Crabominable|1
|-damage|p1a: Crabominable|0 fnt
|faint|p1a: Crabominable
|move|p1b: Armarouge|Heat Wave|p2a: Farigiraf|[spread] 
|-activate|p2b: Golurk|move: Protect
|-miss|p1b: Armarouge|p2a: Farigiraf
|
|-weather|Snowscape|[upkeep]
|upkeep
|
|t:|1783222896
|switch|p1a: Tsareena|Tsareena, L50, F|100/100
|turn|6
|
|t:|1783222926
|move|p2a: Farigiraf|Thunderbolt|p1b: Armarouge
|-damage|p1b: Armarouge|0 fnt
|faint|p1b: Armarouge
|move|p2b: Golurk|Poltergeist|p1a: Tsareena
|-activate|p1a: Tsareena|move: Poltergeist|Miracle Seed
|-damage|p1a: Tsareena|23/100
|move|p1a: Tsareena|Trop Kick|p2a: Farigiraf
|-damage|p2a: Farigiraf|1/100
|-unboost|p2a: Farigiraf|atk|1
|
|-weather|none
|-fieldend|move: Trick Room
|upkeep
|
|t:|1783222937
|switch|p1b: Slowking|Slowking-Galar, L50, F|100/100
|turn|7
|
|t:|1783222962
|move|p1a: Tsareena|Taunt|p2a: Farigiraf
|-start|p2a: Farigiraf|move: Taunt
|move|p2b: Golurk|Headlong Rush|p1b: Slowking
|-supereffective|p1b: Slowking|1
|-damage|p1b: Slowking|0 fnt
|-unboost|p2b: Golurk|def|1
|-unboost|p2b: Golurk|spd|1
|faint|p1b: Slowking
|move|p2a: Farigiraf|Psychic|p1a: Tsareena
|-damage|p1a: Tsareena|0 fnt
|faint|p1a: Tsareena
|
|win|Liebynight01
|inactive|Philly Turtles has 30 seconds to confirm battle start!
|inactive|Liebynight01 has 30 seconds to confirm battle start!
||Philly Turtles is ready for game 2.
||Liebynight01 is ready for game 2.
|uhtml|next|Next: Game 2 of 3
