|j|☆ryoshino19
|j|☆escorpiobutfrommk
|html|ryoshino19escorpiobutfrommk    
|uhtml|bestof|Game 1 of a best-of-3
|t:|1756429408
|gametype|doubles
|player|p1|ryoshino19|1|1176
|player|p2|escorpiobutfrommk|red|1087
|gen|9
|tier|[Gen 9] VGC 2025 Reg H (Bo3)
|rated|
|rule|Species Clause: Limit one of each Pokémon
|rule|Item Clause: Limit 1 of each item
|clearpoke
|poke|p1|Murkrow, L50, F|
|poke|p1|Gholdengo, L50|
|poke|p1|Dondozo, L50, F|
|poke|p1|Tatsugiri, L50, F|
|poke|p1|Incineroar, L50, F|
|poke|p1|Garchomp, L50, F|
|poke|p2|Sneasler, L50, F|
|poke|p2|Ceruledge, L50, F|
|poke|p2|Dragonite, L50, M|
|poke|p2|Gastrodon, L50, M|
|poke|p2|Kingambit, L50, F|
|poke|p2|Rillaboom, L50, M|
|teampreview|4
|showteam|p1|Murkrow||Eviolite|Prankster|Tailwind,FoulPlay,RainDance,Haze|||F|||50|,,,,,Ghost]Gholdengo||ChoiceSpecs|GoodasGold|MakeItRain,DazzlingGleam,ShadowBall,Thunderbolt||||||50|,,,,,Steel]Dondozo||Leftovers|Unaware|WaveCrash,HeavySlam,OrderUp,Protect|||F|||50|,,,,,Grass]Tatsugiri||FocusSash|Commander|DracoMeteor,IcyWind,MuddyWater,Protect|||F|||50|,,,,,Stellar]Incineroar||SafetyGoggles|Intimidate|FlareBlitz,KnockOff,PartingShot,FakeOut|||F|||50|,,,,,Ghost]Garchomp||LifeOrb|RoughSkin|DragonClaw,StompingTantrum,RockSlide,Protect|||F|||50|,,,,,Fairy
|showteam|p2|Sneasler||FocusSash|Unburden|DireClaw,CloseCombat,Coaching,FakeOut|||F|||50|,,,,,Ghost]Ceruledge||Leftovers|FlashFire|Protect,BulkUp,BitterBlade,ShadowSneak|||F|||50|,,,,,Grass]Dragonite||LoadedDice|Multiscale|Protect,ScaleShot,LowKick,ExtremeSpeed|||M|||50|,,,,,Fairy]Gastrodon||SitrusBerry|StormDrain|Protect,IceBeam,EarthPower,ClearSmog|||M|||50|,,,,,Flying]Kingambit||AssaultVest|Defiant|KowtowCleave,SuckerPunch,IronHead,TeraBlast|||F|||50|,,,,,Flying]Rillaboom||MiracleSeed|GrassySurge|WoodHammer,GrassyGlide,HighHorsepower,FakeOut|||M|||50|,,,,,Fire
|inactive|Battle timer is ON: inactive players will automatically lose when time's up. (requested by ryoshino19)
|inactive|ryoshino19 has 60 seconds left.
|
|t:|1756429442
|teamsize|p1|4
|teamsize|p2|4
|start
|switch|p1a: Incineroar|Incineroar, L50, F, shiny|100/100
|switch|p1b: Garchomp|Garchomp, L50, F|100/100
|switch|p2a: Sneasler|Sneasler, L50, F|100/100
|switch|p2b: Ceruledge|Ceruledge, L50, F|100/100
|-ability|p1a: Incineroar|Intimidate|boost
|-unboost|p2a: Sneasler|atk|1
|-unboost|p2b: Ceruledge|atk|1
|turn|1
|
|t:|1756429456
|-terastallize|p2b: Ceruledge|Grass
|move|p2a: Sneasler|Fake Out|p1a: Incineroar
|-damage|p1a: Incineroar|93/100
|move|p1b: Garchomp|Rock Slide|p2a: Sneasler|[spread] p2a,p2b
|-resisted|p2a: Sneasler
|-damage|p2a: Sneasler|77/100
|-damage|p2b: Ceruledge|69/100
|-damage|p1b: Garchomp|91/100|[from] item: Life Orb
|move|p2b: Ceruledge|Bulk Up|p2b: Ceruledge
|-boost|p2b: Ceruledge|atk|1
|-boost|p2b: Ceruledge|def|1
|cant|p1a: Incineroar|flinch
|
|-heal|p2b: Ceruledge|75/100|[from] item: Leftovers
|upkeep
|turn|2
|
|t:|1756429475
|move|p2a: Sneasler|Coaching|p2b: Ceruledge
|-boost|p2b: Ceruledge|atk|1
|-boost|p2b: Ceruledge|def|1
|move|p1b: Garchomp|Stomping Tantrum|p2a: Sneasler
|-supereffective|p2a: Sneasler
|-crit|p2a: Sneasler
|-damage|p2a: Sneasler|0 fnt
|faint|p2a: Sneasler
|-damage|p1b: Garchomp|81/100|[from] item: Life Orb
|move|p2b: Ceruledge|Bitter Blade|p1b: Garchomp
|-resisted|p1b: Garchomp
|-damage|p1b: Garchomp|48/100
|-heal|p2b: Ceruledge|92/100|[from] drain|[of] p1b: Garchomp
|-damage|p2b: Ceruledge|79/100|[from] ability: Rough Skin|[of] p1b: Garchomp
|move|p1a: Incineroar|Knock Off|p2b: Ceruledge
|-damage|p2b: Ceruledge|54/100
|-enditem|p2b: Ceruledge|Leftovers|[from] move: Knock Off|[of] p1a: Incineroar
|
|upkeep
|
|t:|1756429483
|switch|p2a: Gastrodon|Gastrodon, L50, M|100/100
|turn|3
|
|t:|1756429495
|move|p1b: Garchomp|Protect|p1b: Garchomp
|-singleturn|p1b: Garchomp|Protect
|move|p2b: Ceruledge|Bitter Blade|p1a: Incineroar
|-resisted|p1a: Incineroar
|-damage|p1a: Incineroar|62/100
|-heal|p2b: Ceruledge|72/100|[from] drain|[of] p1a: Incineroar
|move|p1a: Incineroar|Knock Off|p2a: Gastrodon
|-damage|p2a: Gastrodon|59/100
|-enditem|p2a: Gastrodon|Sitrus Berry|[from] move: Knock Off|[of] p1a: Incineroar
|move|p2a: Gastrodon|Ice Beam|p1b: Garchomp
|-activate|p1b: Garchomp|move: Protect
|
|upkeep
|turn|4
|
|t:|1756429510
|move|p1b: Garchomp|Dragon Claw|p2a: Gastrodon
|-damage|p2a: Gastrodon|9/100
|-damage|p1b: Garchomp|38/100|[from] item: Life Orb
|move|p2b: Ceruledge|Bitter Blade|p1a: Incineroar
|-resisted|p1a: Incineroar
|-damage|p1a: Incineroar|31/100
|-heal|p2b: Ceruledge|90/100|[from] drain|[of] p1a: Incineroar
|move|p1a: Incineroar|Flare Blitz|p2a: Gastrodon
|-resisted|p2a: Gastrodon
|-damage|p2a: Gastrodon|0 fnt
|faint|p2a: Gastrodon
|-damage|p1a: Incineroar|28/100|[from] Recoil
|
|upkeep
|
|t:|1756429517
|switch|p2a: Rillaboom|Rillaboom, L50, M|100/100
|-fieldstart|move: Grassy Terrain|[from] ability: Grassy Surge|[of] p2a: Rillaboom
|turn|5
|inactive|escorpiobutfrommk has 30 seconds left.
|inactive|escorpiobutfrommk has 20 seconds left.
|
|t:|1756429556
|move|p1b: Garchomp|Protect|p1b: Garchomp
|-singleturn|p1b: Garchomp|Protect
|move|p2a: Rillaboom|Fake Out|p1a: Incineroar
|-damage|p1a: Incineroar|16/100
|move|p2b: Ceruledge|Bitter Blade|p1b: Garchomp
|-activate|p1b: Garchomp|move: Protect
|cant|p1a: Incineroar|flinch
|
|-heal|p1b: Garchomp|44/100|[from] Grassy Terrain
|-heal|p2b: Ceruledge|96/100|[from] Grassy Terrain
|-heal|p1a: Incineroar|22/100|[from] Grassy Terrain
|upkeep
|turn|6
|
|t:|1756429571
|move|p1b: Garchomp|Dragon Claw|p2a: Rillaboom
|-damage|p2a: Rillaboom|49/100
|-damage|p1b: Garchomp|34/100|[from] item: Life Orb
|move|p2b: Ceruledge|Bitter Blade|p1b: Garchomp
|-resisted|p1b: Garchomp
|-damage|p1b: Garchomp|2/100
|-heal|p2b: Ceruledge|100/100|[from] drain|[of] p1b: Garchomp
|-damage|p2b: Ceruledge|88/100|[from] ability: Rough Skin|[of] p1b: Garchomp
|move|p2a: Rillaboom|High Horsepower|p1a: Incineroar|[miss]
|-miss|p2a: Rillaboom|p1a: Incineroar
|move|p1a: Incineroar|Parting Shot|p2a: Rillaboom
|-unboost|p2a: Rillaboom|atk|1
|-unboost|p2a: Rillaboom|spa|1
|
|t:|1756429575
|switch|p1a: Dondozo|Dondozo, L50, F|100/100|[from] Parting Shot
|
|-heal|p1b: Garchomp|8/100|[from] Grassy Terrain
|-heal|p2b: Ceruledge|94/100|[from] Grassy Terrain
|-heal|p2a: Rillaboom|55/100|[from] Grassy Terrain
|upkeep
|turn|7
|
|t:|1756429600
|switch|p1b: Tatsugiri|Tatsugiri, L50, F|100/100
|-activate|p1b: Tatsugiri|ability: Commander|[of] p1a: Dondozo
|-boost|p1a: Dondozo|atk|2
|-boost|p1a: Dondozo|spa|2
|-boost|p1a: Dondozo|spe|2
|-boost|p1a: Dondozo|def|2
|-boost|p1a: Dondozo|spd|2
|-terastallize|p1a: Dondozo|Grass
|move|p1a: Dondozo|Order Up|p2b: Ceruledge
|-damage|p2b: Ceruledge|37/100
|-boost|p1a: Dondozo|atk|1
|move|p2b: Ceruledge|Bitter Blade|p1a: Dondozo
|-supereffective|p1a: Dondozo
|-damage|p1a: Dondozo|70/100
|-heal|p2b: Ceruledge|60/100|[from] drain|[of] p1a: Dondozo
|move|p2a: Rillaboom|Wood Hammer|p1a: Dondozo
|-resisted|p1a: Dondozo
|-damage|p1a: Dondozo|55/100
|-damage|p2a: Rillaboom|49/100|[from] Recoil
|
|-heal|p1a: Dondozo|61/100|[from] Grassy Terrain
|-heal|p1a: Dondozo|67/100|[from] item: Leftovers
|-heal|p2b: Ceruledge|66/100|[from] Grassy Terrain
|-heal|p2a: Rillaboom|55/100|[from] Grassy Terrain
|upkeep
|turn|8
|
|t:|1756429617
|move|p2a: Rillaboom|Grassy Glide|p1a: Dondozo
|-resisted|p1a: Dondozo
|-crit|p1a: Dondozo
|-damage|p1a: Dondozo|45/100
|move|p1a: Dondozo|Order Up|p2b: Ceruledge
|-damage|p2b: Ceruledge|2/100
|-boost|p1a: Dondozo|atk|1
|move|p2b: Ceruledge|Bitter Blade|p1a: Dondozo
|-supereffective|p1a: Dondozo
|-damage|p1a: Dondozo|14/100
|-heal|p2b: Ceruledge|25/100|[from] drain|[of] p1a: Dondozo
|
|-heal|p1a: Dondozo|20/100|[from] Grassy Terrain
|-heal|p1a: Dondozo|27/100|[from] item: Leftovers
|-heal|p2b: Ceruledge|31/100|[from] Grassy Terrain
|-heal|p2a: Rillaboom|60/100|[from] Grassy Terrain
|upkeep
|turn|9
|
|t:|1756429628
|move|p1a: Dondozo|Protect|p1a: Dondozo
|-singleturn|p1a: Dondozo|Protect
|move|p2a: Rillaboom|Grassy Glide|p1a: Dondozo
|-activate|p1a: Dondozo|move: Protect
|move|p2b: Ceruledge|Bitter Blade|p1a: Dondozo
|-activate|p1a: Dondozo|move: Protect
|
|-heal|p1a: Dondozo|33/100|[from] Grassy Terrain
|-heal|p1a: Dondozo|39/100|[from] item: Leftovers
|-heal|p2b: Ceruledge|37/100|[from] Grassy Terrain
|-heal|p2a: Rillaboom|66/100|[from] Grassy Terrain
|-fieldend|move: Grassy Terrain
|upkeep
|turn|10
|
|t:|1756429636
|move|p1a: Dondozo|Order Up|p2b: Ceruledge
|-damage|p2b: Ceruledge|0 fnt
|faint|p2b: Ceruledge
|-boost|p1a: Dondozo|atk|1
|move|p2a: Rillaboom|Wood Hammer|p1a: Dondozo
|-resisted|p1a: Dondozo
|-damage|p1a: Dondozo|29/100
|-damage|p2a: Rillaboom|62/100|[from] Recoil
|
|-heal|p1a: Dondozo|35/100|[from] item: Leftovers
|upkeep
|turn|11
|
|t:|1756429645
|move|p1a: Dondozo|Order Up|p2a: Rillaboom
|-damage|p2a: Rillaboom|0 fnt
|faint|p2a: Rillaboom
|
|win|ryoshino19
||escorpiobutfrommk is ready for game 2.
|inactive|ryoshino19 has 30 seconds to confirm battle start!
||ryoshino19 is ready for game 2.
|uhtml|next|Next: Game 2 of 3
|l|☆ryoshino19
|player|p1|
