|j|☆BananaLoaf2
|j|☆mrshowtimex
|html|BananaLoaf2mrshowtimex    
|uhtml|bestof|Game 3 of a best-of-3
|t:|1782413246
|gametype|doubles
|player|p1|BananaLoaf2|266|
|player|p2|mrshowtimex|n|
|gen|9
|tier|[Gen 9 Champions] VGC 2026 Reg M-B (Bo3)
|rule|Species Clause: Limit one of each Pokémon
|rule|Item Clause: Limit 1 of each item
|clearpoke
|poke|p1|Swampert, L50, M, shiny|
|poke|p1|Sableye, L50, M, shiny|
|poke|p1|Pelipper, L50, M|
|poke|p1|Archaludon, L50, M|
|poke|p1|Basculegion, L50, M|
|poke|p1|Tsareena, L50, F, shiny|
|poke|p2|Dragalge, L50, M, shiny|
|poke|p2|Incineroar, L50, M|
|poke|p2|Maushold-Four, L50|
|poke|p2|Annihilape, L50, M|
|poke|p2|Sinistcha, L50|
|poke|p2|Mawile, L50, F|
|teampreview|4
|showteam|p1|Swampert||Swampertite|Damp|WaveCrash,Protect,IcePunch,HighHorsepower|Jolly||M|||50|]Sableye||LightClay|Prankster|Reflect,LightScreen,WillOWisp,Encore|Calm||M|||50|]Pelipper||DampRock|Drizzle|Tailwind,Hurricane,WideGuard,Protect|Timid||M|||50|]Archaludon||Leftovers|Stamina|ElectroShot,DracoMeteor,Protect,FlashCannon|Modest||M|||50|]Basculegion||MysticWater|Adaptability|Protect,LastRespects,AquaJet,WaveCrash|Jolly||M|||50|]Tsareena||ChoiceScarf|QueenlyMajesty|TropKick,TripleAxel,LowKick,Uturn|Adamant||F|||50|
|showteam|p2|Dragalge||Dragalgite|Adaptability|DracoMeteor,DragonPulse,SludgeBomb,Protect|Modest||M|||50|]Incineroar||SitrusBerry|Blaze|FlareBlitz,ThroatChop,PartingShot,FakeOut|Impish||M|||50|]Maushold-Four||WideLens|Technician|FollowMe,PopulationBomb,BeatUp,Protect|Jolly|||||50|]Annihilape||SpellTag|Defiant|CloseCombat,RageFist,HelpingHand,Protect|Jolly||M|||50|]Sinistcha||OccaBerry|Hospitality|MatchaGotcha,RagePowder,TrickRoom,Protect|Bold|||||50|]Mawile||Mawilite|Intimidate|PlayRough,KnockOff,PsychicFangs,Protect|Adamant||F|||50|
|
|t:|1782413283
|teamsize|p1|4
|teamsize|p2|4
|start
|switch|p1a: Sableye|Sableye, L50, M, shiny|100/100
|switch|p1b: Pelipper|Pelipper, L50, M|100/100
|switch|p2a: Sinistcha|Sinistcha, L50|100/100
|switch|p2b: Incineroar|Incineroar, L50, M|100/100
|-weather|RainDance|[from] ability: Drizzle|[of] p1b: Pelipper
|turn|1
|
|t:|1782413314
|move|p2b: Incineroar|Fake Out|p1b: Pelipper
|-damage|p1b: Pelipper|88/100
|move|p1a: Sableye|Will-O-Wisp|p2a: Sinistcha
|-status|p2a: Sinistcha|brn
|cant|p1b: Pelipper|flinch
|move|p2a: Sinistcha|Trick Room|p2a: Sinistcha
|-fieldstart|move: Trick Room|[of] p2a: Sinistcha
|
|-weather|RainDance|[upkeep]
|-damage|p2a: Sinistcha|93/100 brn|[from] brn
|upkeep
|turn|2
|
|t:|1782413350
|switch|p2a: Dragalge|Dragalge, L50, M, shiny|100/100
|move|p1a: Sableye|Encore||[still]
|-fail|p1a: Sableye
|move|p2b: Incineroar|Flare Blitz|p1a: Sableye
|-damage|p1a: Sableye|70/100
|-damage|p2b: Incineroar|92/100|[from] Recoil
|move|p1b: Pelipper|Hurricane|p2a: Dragalge
|-damage|p2a: Dragalge|66/100
|
|-weather|RainDance|[upkeep]
|upkeep
|turn|3
|
|t:|1782413369
|detailschange|p2a: Dragalge|Dragalge-Mega, L50, M, shiny
|-mega|p2a: Dragalge|Dragalge|Dragalgite
|move|p1b: Pelipper|Protect|p1b: Pelipper
|-singleturn|p1b: Pelipper|Protect
|move|p1a: Sableye|Will-O-Wisp|p2a: Dragalge|[miss]
|-miss|p1a: Sableye|p2a: Dragalge
|move|p2a: Dragalge|Draco Meteor|p1a: Sableye
|-damage|p1a: Sableye|0 fnt
|-unboost|p2a: Dragalge|spa|2
|faint|p1a: Sableye
|move|p2b: Incineroar|Parting Shot|p1b: Pelipper
|-activate|p1b: Pelipper|move: Protect
|
|-weather|RainDance|[upkeep]
|upkeep
|
|t:|1782413381
|switch|p1a: Swampert|Swampert, L50, M, shiny|100/100
|turn|4
|
|t:|1782413394
|detailschange|p1a: Swampert|Swampert-Mega, L50, M, shiny
|-mega|p1a: Swampert|Swampert|Swampertite
|move|p2a: Dragalge|Protect|p2a: Dragalge
|-singleturn|p2a: Dragalge|Protect
|move|p2b: Incineroar|Parting Shot|p1a: Swampert
|-unboost|p1a: Swampert|atk|1
|-unboost|p1a: Swampert|spa|1
|
|t:|1782413408
|switch|p2b: Annihilape|Annihilape, L50, M|100/100|[from] Parting Shot
|move|p1b: Pelipper|Hurricane|p2a: Dragalge
|-activate|p2a: Dragalge|move: Protect
|move|p1a: Swampert|High Horsepower|p2b: Annihilape
|-damage|p2b: Annihilape|60/100
|
|-weather|RainDance|[upkeep]
|upkeep
|turn|5
|
|t:|1782413422
|-heal|p2a: Dragalge|99/100|[from] ability: Regenerator|[silent]
|switch|p2a: Sinistcha|Sinistcha, L50|93/100 brn
|-heal|p2b: Annihilape|85/100|[from] ability: Hospitality|[of] p2a: Sinistcha
|move|p1b: Pelipper|Protect|p1b: Pelipper
|-singleturn|p1b: Pelipper|Protect
|move|p1a: Swampert|Protect|p1a: Swampert
|-singleturn|p1a: Swampert|Protect
|move|p2b: Annihilape|Rage Fist|p1a: Swampert
|-activate|p1a: Swampert|move: Protect
|
|-weather|RainDance|[upkeep]
|-damage|p2a: Sinistcha|87/100 brn|[from] brn
|-fieldend|move: Trick Room
|upkeep
|turn|6
|
|t:|1782413451
|move|p1a: Swampert|Ice Punch|p2a: Sinistcha
|-supereffective|p2a: Sinistcha|1
|-damage|p2a: Sinistcha|51/100 brn
|move|p2b: Annihilape|Close Combat|p1a: Swampert
|-damage|p1a: Swampert|55/100
|-unboost|p2b: Annihilape|def|1
|-unboost|p2b: Annihilape|spd|1
|move|p1b: Pelipper|Hurricane|p2a: Sinistcha
|-supereffective|p2a: Sinistcha|1
|-damage|p2a: Sinistcha|0 fnt
|faint|p2a: Sinistcha
|
|-weather|RainDance|[upkeep]
|upkeep
|
|t:|1782413463
|switch|p2a: Incineroar|Incineroar, L50, M|92/100
|turn|7
|
|t:|1782413471
|move|p2a: Incineroar|Fake Out|p1b: Pelipper
|-damage|p1b: Pelipper|76/100
|move|p1a: Swampert|Wave Crash|p2a: Incineroar
|-supereffective|p2a: Incineroar|1
|-damage|p2a: Incineroar|0 fnt
|faint|p2a: Incineroar
|-damage|p1a: Swampert|23/100|[from] Recoil
|move|p2b: Annihilape|Close Combat|p1a: Swampert
|-damage|p1a: Swampert|0 fnt
|-unboost|p2b: Annihilape|def|1
|-unboost|p2b: Annihilape|spd|1
|faint|p1a: Swampert
|cant|p1b: Pelipper|flinch
|
|-weather|RainDance|[upkeep]
|upkeep
|
|t:|1782413484
|switch|p1a: Tsareena|Tsareena, L50, F, shiny|100/100
|switch|p2a: Dragalge|Dragalge-Mega, L50, M, shiny|99/100
|turn|8
|
|t:|1782413500
|move|p1a: Tsareena|Triple Axel|p2a: Dragalge
|-supereffective|p2a: Dragalge|1
|-damage|p2a: Dragalge|84/100
|-hitcount|p2a: Dragalge|1
|move|p2b: Annihilape|Rage Fist|p1b: Pelipper
|-damage|p1b: Pelipper|13/100
|move|p1b: Pelipper|Hurricane|p2b: Annihilape
|-supereffective|p2b: Annihilape|1
|-damage|p2b: Annihilape|0 fnt
|faint|p2b: Annihilape
|move|p2a: Dragalge|Sludge Bomb|p1a: Tsareena
|-supereffective|p1a: Tsareena|1
|-damage|p1a: Tsareena|0 fnt
|faint|p1a: Tsareena
|
|-weather|none
|upkeep
|turn|9
|
|t:|1782413531
|move|p1b: Pelipper|Protect|p1b: Pelipper
|-singleturn|p1b: Pelipper|Protect
|move|p2a: Dragalge|Sludge Bomb|p1b: Pelipper
|-activate|p1b: Pelipper|move: Protect
|
|upkeep
|turn|10
|
|t:|1782413539
|move|p1b: Pelipper|Hurricane|p2a: Dragalge
|-damage|p2a: Dragalge|61/100
|-start|p2a: Dragalge|confusion
|-activate|p2a: Dragalge|confusion
|-damage|p2a: Dragalge|54/100|[from] confusion
|
|upkeep
|turn|11
|
|t:|1782413556
|move|p1b: Pelipper|Hurricane|p2a: Dragalge
|-damage|p2a: Dragalge|29/100
|-end|p2a: Dragalge|confusion
|move|p2a: Dragalge|Sludge Bomb|p1b: Pelipper
|-damage|p1b: Pelipper|0 fnt
|faint|p1b: Pelipper
|
|win|mrshowtimex
