|j|☆Tamejo
|j|☆elitejspin
|html|Tamejoelitejspin    
|uhtml|bestof|Game 2 of a best-of-3
|t:|1784133578
|gametype|doubles
|player|p1|Tamejo|caitlin|1000
|player|p2|elitejspin|lucas|1056
|gen|9
|tier|[Gen 9 Champions] VGC 2026 Reg M-B (Bo3)
|rated|
|rule|Species Clause: Limit one of each Pokémon
|rule|Item Clause: Limit 1 of each item
|clearpoke
|poke|p1|Mamoswine, L50, M|
|poke|p1|Gyarados, L50, M|
|poke|p1|Sneasler, L50, M|
|poke|p1|Sinistcha, L50|
|poke|p1|Talonflame, L50, M|
|poke|p1|Metagross, L50|
|poke|p2|Aggron, L50, F|
|poke|p2|Sinistcha, L50|
|poke|p2|Pelipper, L50, M|
|poke|p2|Primarina, L50, M|
|poke|p2|Ceruledge, L50, F|
|poke|p2|Orthworm, L50, F|
|teampreview|4
|showteam|p1|Mamoswine||LifeOrb|Oblivious|HighHorsepower,IceShard,RockSlide,Protect|Adamant||M|||50|]Gyarados||Gyaradosite|Intimidate|Waterfall,LashOut,DragonDance,Protect|Jolly||M|||50|]Sneasler||FocusSash|PoisonTouch|PoisonJab,CloseCombat,FakeOut,Coaching|Jolly||M|||50|]Sinistcha||OccaBerry|Hospitality|MatchaGotcha,RagePowder,LifeDew,Protect|Bold|||||50|]Talonflame||SharpBeak|GaleWings|DualWingbeat,Tailwind,Taunt,QuickGuard|Jolly||M|||50|]Metagross||Metagrossite|ClearBody|PsychicFangs,IronHead,BodyPress,Protect|Adamant|||||50|
|showteam|p2|Aggron||Aggronite|Sturdy|IcePunch,BodyPress,Protect,HighHorsepower|Impish||F|||50|]Sinistcha||SitrusBerry|Hospitality|TrickRoom,LifeDew,MatchaGotcha,RagePowder|Relaxed|||||50|]Pelipper||FocusSash|Drizzle|Tailwind,Protect,WeatherBall,WideGuard|Relaxed||M|||50|]Primarina||MysticWater|LiquidVoice|Protect,HyperVoice,Moonblast,EnergyBall|Quiet||M|||50|]Ceruledge||LifeOrb|FlashFire|Poltergeist,FlareBlitz,Protect,BitterBlade|Jolly||F|||50|]Orthworm|||EarthEater|HighHorsepower,ShedTail,Protect,BodyPress|Impish||F|||50|
|
|t:|1784133601
|teamsize|p1|4
|teamsize|p2|4
|start
|switch|p1a: Gyarados|Gyarados, L50, M|100/100
|switch|p1b: Sneasler|Sneasler, L50, M|100/100
|switch|p2a: Ceruledge|Ceruledge, L50, F|100/100
|switch|p2b: Aggron|Aggron, L50, F|100/100
|-ability|p1a: Gyarados|Intimidate|boost
|-unboost|p2a: Ceruledge|atk|1
|-unboost|p2b: Aggron|atk|1
|turn|1
|
|t:|1784133621
|detailschange|p2b: Aggron|Aggron-Mega, L50, F
|-mega|p2b: Aggron|Aggron|Aggronite
|move|p2a: Ceruledge|Protect|p2a: Ceruledge
|-singleturn|p2a: Ceruledge|Protect
|move|p1b: Sneasler|Fake Out|p2b: Aggron
|-resisted|p2b: Aggron|1
|-damage|p2b: Aggron|97/100
|move|p1a: Gyarados|Dragon Dance|p1a: Gyarados
|-boost|p1a: Gyarados|atk|1
|-boost|p1a: Gyarados|spe|1
|cant|p2b: Aggron|flinch
|
|upkeep
|turn|2
|
|t:|1784133644
|move|p1a: Gyarados|Waterfall|p2b: Aggron
|-damage|p2b: Aggron|71/100
|move|p1b: Sneasler|Close Combat|p2b: Aggron
|-supereffective|p2b: Aggron|1
|-damage|p2b: Aggron|31/100
|-unboost|p1b: Sneasler|def|1
|-unboost|p1b: Sneasler|spd|1
|move|p2a: Ceruledge|Poltergeist|p1b: Sneasler|[miss]
|-miss|p2a: Ceruledge|p1b: Sneasler
|cant|p2b: Aggron|flinch
|
|upkeep
|turn|3
|
|t:|1784133660
|switch|p2b: Sinistcha|Sinistcha, L50|100/100
|detailschange|p1a: Gyarados|Gyarados-Mega, L50, M
|-mega|p1a: Gyarados|Gyarados|Gyaradosite
|-ability|p1a: Gyarados|Mold Breaker
|move|p1a: Gyarados|Lash Out|p2a: Ceruledge
|-supereffective|p2a: Ceruledge|1
|-damage|p2a: Ceruledge|0 fnt
|faint|p2a: Ceruledge
|move|p1b: Sneasler|Close Combat|p2b: Sinistcha
|-immune|p2b: Sinistcha
|
|upkeep
|
|t:|1784133669
|switch|p2a: Orthworm|Orthworm, L50, F|100/100
|turn|4
|
|t:|1784133684
|move|p1a: Gyarados|Lash Out|p2b: Sinistcha
|-supereffective|p2b: Sinistcha|1
|-damage|p2b: Sinistcha|11/100
|-enditem|p2b: Sinistcha|Sitrus Berry|[eat]
|-heal|p2b: Sinistcha|35/100|[from] item: Sitrus Berry
|move|p1b: Sneasler|Close Combat|p2a: Orthworm
|-supereffective|p2a: Orthworm|1
|-damage|p2a: Orthworm|34/100
|-unboost|p1b: Sneasler|def|1
|-unboost|p1b: Sneasler|spd|1
|move|p2a: Orthworm|Shed Tail|p2a: Orthworm
|-fail|p2a: Orthworm|move: Shed Tail|[weak]
|move|p2b: Sinistcha|Trick Room|p2b: Sinistcha
|-fieldstart|move: Trick Room|[of] p2b: Sinistcha
|
|upkeep
|turn|5
|
|t:|1784133740
|switch|p1b: Sinistcha|Sinistcha, L50|100/100
|move|p2b: Sinistcha|Life Dew|p2b: Sinistcha|[spread] p2a,p2b
|-heal|p2a: Orthworm|59/100
|-heal|p2b: Sinistcha|61/100
|move|p2a: Orthworm|High Horsepower|p1b: Sinistcha
|-resisted|p1b: Sinistcha|1
|-damage|p1b: Sinistcha|91/100
|move|p1a: Gyarados|Lash Out|p2b: Sinistcha
|-supereffective|p2b: Sinistcha|1
|-damage|p2b: Sinistcha|0 fnt
|faint|p2b: Sinistcha
|
|upkeep
|
|t:|1784133754
|switch|p2b: Aggron|Aggron-Mega, L50, F|31/100
|turn|6
|
|t:|1784133763
|move|p1a: Gyarados|Protect|p1a: Gyarados
|-singleturn|p1a: Gyarados|Protect
|move|p2b: Aggron|Body Press|p1a: Gyarados
|-activate|p1a: Gyarados|move: Protect
|move|p2a: Orthworm|Body Press|p1a: Gyarados
|-activate|p1a: Gyarados|move: Protect
|move|p1b: Sinistcha|Matcha Gotcha|p2b: Aggron|[spread] p2a,p2b
|-resisted|p2a: Orthworm|1
|-resisted|p2b: Aggron|1
|-damage|p2a: Orthworm|38/100
|-heal|p1b: Sinistcha|100/100|[from] drain|[of] p2a: Orthworm
|-damage|p2b: Aggron|17/100
|
|upkeep
|turn|7
|
|t:|1784133782
|move|p2b: Aggron|Protect|p2b: Aggron
|-singleturn|p2b: Aggron|Protect
|move|p1b: Sinistcha|Rage Powder|p1b: Sinistcha
|-singleturn|p1b: Sinistcha|move: Rage Powder
|move|p2a: Orthworm|Body Press|p1b: Sinistcha
|-immune|p1b: Sinistcha
|move|p1a: Gyarados|Waterfall|p2a: Orthworm
|-damage|p2a: Orthworm|0 fnt
|faint|p2a: Orthworm
|
|upkeep
|turn|8
|
|t:|1784133791
|move|p1b: Sinistcha|Rage Powder|p1b: Sinistcha
|-singleturn|p1b: Sinistcha|move: Rage Powder
|move|p2b: Aggron|Ice Punch|p1b: Sinistcha
|-supereffective|p1b: Sinistcha|1
|-damage|p1b: Sinistcha|64/100
|move|p1a: Gyarados|Waterfall|p2b: Aggron
|-damage|p2b: Aggron|0 fnt
|faint|p2b: Aggron
|
|win|Tamejo
|raw|Tamejo's rating: 1000 → 1046(+46 for winning)
|raw|elitejspin's rating: 1056 → 1035(-21 for losing)
|l|☆elitejspin
|player|p2|
