|j|☆TimidThunderWave
|j|☆Hackervgc
|html|TimidThunderWaveHackervgc    
|uhtml|bestof|Game 1 of a best-of-3
|t:|1756578997
|gametype|doubles
|player|p1|TimidThunderWave|psychicf|
|player|p2|Hackervgc|gentleman-gen4|
|gen|9
|tier|[Gen 9] VGC 2025 Reg H (Bo3)
|rule|Species Clause: Limit one of each Pokémon
|rule|Item Clause: Limit 1 of each item
|clearpoke
|poke|p1|Talonflame, L50, F|
|poke|p1|Baxcalibur, L50, M|
|poke|p1|Sneasler, L50, F|
|poke|p1|Gholdengo, L50|
|poke|p1|Dondozo, L50, F|
|poke|p1|Tatsugiri, L50, F|
|poke|p2|Kingambit, L50, F|
|poke|p2|Magmar, L50, M|
|poke|p2|Dragonite, L50, M|
|poke|p2|Sneasler, L50, M|
|poke|p2|Ursaluna-Bloodmoon, L50, M|
|poke|p2|Farigiraf, L50, M|
|teampreview|4
|showteam|p1|Talonflame||CovertCloak|FlameBody|DualWingbeat,Tailwind,FlareBlitz,WillOWisp|||F|||50|,,,,,Grass]Baxcalibur||LoadedDice|ThermalExchange|IcicleSpear,ScaleShot,IceShard,Protect|||M|||50|,,,,,Ghost]Sneasler||FocusSash|Unburden|CloseCombat,DireClaw,Taunt,Protect|||F|||50|,,,,,Ghost]Gholdengo||ChoiceSpecs|GoodasGold|MakeItRain,ShadowBall,TeraBlast,Trick||||||50|,,,,,Fighting]Dondozo||Leftovers|Unaware|WaveCrash,OrderUp,Earthquake,Protect|||F|||50|,,,,,Grass]Tatsugiri||ChoiceScarf|Commander|MuddyWater,DracoMeteor,IcyWind,DragonPulse|||F|||50|,,,,,Steel
|showteam|p2|Kingambit||AssaultVest|Defiant|KowtowCleave,SuckerPunch,LowKick,TeraBlast|||F|||50|,,,,,Flying]Magmar||Eviolite|VitalSpirit|FollowMe,Protect,Flamethrower,WillOWisp|||M|||50|,,,,,Grass]Dragonite||LoadedDice|Multiscale|ScaleShot,Protect,Haze,Tailwind|||M|||50|,,,,,Fairy]Sneasler||FocusSash|Unburden|ThroatChop,DireClaw,CloseCombat,Protect|||M|||50|,,,,,Stellar]Ursaluna-Bloodmoon||LifeOrb|MindsEye|BloodMoon,Protect,EarthPower,HyperVoice|||M|||50|,,,,,Normal]Farigiraf||SitrusBerry|ArmorTail|TrickRoom,HelpingHand,Psychic,Protect|||M|||50|,,,,,Water
|inactive|Battle timer is ON: inactive players will automatically lose when time's up. (requested by TimidThunderWave)
|c|☆Hackervgc|np
|c|☆TimidThunderWave|glhf
|c|☆Hackervgc|glhf
|inactive|TimidThunderWave has 60 seconds left.
|inactive|Hackervgc has 60 seconds left.
|inactive|Hackervgc has 30 seconds left.
|inactive|Hackervgc has 20 seconds left.
|inactive|Hackervgc has 15 seconds left.
|inactive|Hackervgc has 10 seconds left.
|
|t:|1756579081
|teamsize|p1|4
|teamsize|p2|4
|start
|switch|p1a: D&D Rogue|Sneasler, L50, F|100/100
|switch|p1b: Talonflame|Talonflame, L50, F|100/100
|switch|p2a: Dragonita|Dragonite, L50, M|100/100
|switch|p2b: Sneasler|Sneasler, L50, M|100/100
|turn|1
|j| jayoticnl
|j| Lycopoky
|
|t:|1756579100
|move|p1b: Talonflame|Will-O-Wisp|p2a: Dragonita
|-status|p2a: Dragonita|brn
|move|p1a: D&D Rogue|Dire Claw|p2b: Sneasler
|-resisted|p2b: Sneasler
|-damage|p2b: Sneasler|66/100
|-status|p2b: Sneasler|par
|move|p2a: Dragonita|Scale Shot|p1b: Talonflame
|-damage|p1b: Talonflame|91/100
|-damage|p1b: Talonflame|82/100
|-damage|p1b: Talonflame|72/100
|-damage|p1b: Talonflame|63/100
|-damage|p1b: Talonflame|53/100
|-hitcount|p1b: Talonflame|5
|-unboost|p2a: Dragonita|def|1
|-boost|p2a: Dragonita|spe|1
|cant|p2b: Sneasler|par
|
|-damage|p2a: Dragonita|95/100 brn|[from] brn
|upkeep
|turn|2
|c| jayoticnl|I believe in sushi sweep
|inactive|Hackervgc has 30 seconds left.
|j| is_katabo
|
|t:|1756579130
|move|p2a: Dragonita|Tailwind|p2a: Dragonita
|-sidestart|p2: Hackervgc|move: Tailwind
|move|p1b: Talonflame|Dual Wingbeat|p2b: Sneasler
|-supereffective|p2b: Sneasler
|-damage|p2b: Sneasler|16/100 par
|-supereffective|p2b: Sneasler
|-damage|p2b: Sneasler|0 fnt
|faint|p2b: Sneasler
|-hitcount|p2: Sneasler|2
|move|p1a: D&D Rogue|Dire Claw|p2a: Dragonita
|-damage|p2a: Dragonita|30/100 brn
|
|-damage|p2a: Dragonita|24/100 brn|[from] brn
|upkeep
|
|t:|1756579142
|switch|p2b: Ursaluna|Ursaluna-Bloodmoon, L50, M|100/100
|turn|3
|inactive|TimidThunderWave has 30 seconds left.
|
|t:|1756579167
|-terastallize|p2b: Ursaluna|Normal
|move|p2a: Dragonita|Protect|p2a: Dragonita
|-singleturn|p2a: Dragonita|Protect
|move|p1a: D&D Rogue|Protect|p1a: D&D Rogue
|-singleturn|p1a: D&D Rogue|Protect
|move|p1b: Talonflame|Dual Wingbeat|p2a: Dragonita
|-activate|p2a: Dragonita|move: Protect
|move|p2b: Ursaluna|Hyper Voice|p1b: Talonflame|[spread] p1b
|-activate|p1a: D&D Rogue|move: Protect
|-damage|p1b: Talonflame|0 fnt
|faint|p1b: Talonflame
|-damage|p2b: Ursaluna|90/100|[from] item: Life Orb
|
|-damage|p2a: Dragonita|18/100 brn|[from] brn
|upkeep
|
|t:|1756579172
|switch|p1b: NGAAAAHHHHHH|Baxcalibur, L50, M|100/100
|turn|4
|inactive|Hackervgc has 30 seconds left.
|inactive|Hackervgc has 20 seconds left.
|inactive|Hackervgc has 15 seconds left.
|
|t:|1756579212
|switch|p2a: Farigiraf|Farigiraf, L50, M|100/100
|move|p1b: NGAAAAHHHHHH|Ice Shard||[still]
|cant|p2a: Farigiraf|ability: Armor Tail|Ice Shard|[of] p1b: NGAAAAHHHHHH
|move|p1a: D&D Rogue|Close Combat|p2b: Ursaluna
|-supereffective|p2b: Ursaluna
|-damage|p2b: Ursaluna|9/100
|-unboost|p1a: D&D Rogue|def|1
|-unboost|p1a: D&D Rogue|spd|1
|move|p2b: Ursaluna|Hyper Voice|p1b: NGAAAAHHHHHH|[spread] p1a,p1b
|-enditem|p1a: D&D Rogue|Focus Sash
|-damage|p1a: D&D Rogue|1/100
|-damage|p1b: NGAAAAHHHHHH|34/100
|-damage|p2b: Ursaluna|0 fnt|[from] item: Life Orb
|faint|p2b: Ursaluna
|
|upkeep
|
|t:|1756579224
|switch|p2b: Dragonita|Dragonite, L50, M|18/100 brn
|turn|5
|inactive|Hackervgc has 30 seconds left.
|
|t:|1756579257
|move|p1a: D&D Rogue|Close Combat|p2a: Farigiraf
|-crit|p2a: Farigiraf
|-damage|p2a: Farigiraf|12/100
|-unboost|p1a: D&D Rogue|def|1
|-unboost|p1a: D&D Rogue|spd|1
|-enditem|p2a: Farigiraf|Sitrus Berry|[eat]
|-heal|p2a: Farigiraf|36/100|[from] item: Sitrus Berry
|move|p2b: Dragonita|Scale Shot|p1b: NGAAAAHHHHHH
|-supereffective|p1b: NGAAAAHHHHHH
|-damage|p1b: NGAAAAHHHHHH|20/100
|-supereffective|p1b: NGAAAAHHHHHH
|-damage|p1b: NGAAAAHHHHHH|6/100
|-supereffective|p1b: NGAAAAHHHHHH
|-damage|p1b: NGAAAAHHHHHH|0 fnt
|faint|p1b: NGAAAAHHHHHH
|-hitcount|p1: NGAAAAHHHHHH|3
|-unboost|p2b: Dragonita|def|1
|-boost|p2b: Dragonita|spe|1
|move|p2a: Farigiraf|Psychic|p1a: D&D Rogue
|-supereffective|p1a: D&D Rogue
|-damage|p1a: D&D Rogue|0 fnt
|faint|p1a: D&D Rogue
|
|-damage|p2b: Dragonita|12/100 brn|[from] brn
|-sideend|p2: Hackervgc|move: Tailwind
|upkeep
|
|t:|1756579266
|switch|p1b: Coin Bonus|Gholdengo, L50|100/100
|turn|6
|
|t:|1756579277
|move|p2a: Farigiraf|Protect|p2a: Farigiraf
|-singleturn|p2a: Farigiraf|Protect
|move|p2b: Dragonita|Scale Shot|p1b: Coin Bonus
|-resisted|p1b: Coin Bonus
|-damage|p1b: Coin Bonus|97/100
|-resisted|p1b: Coin Bonus
|-damage|p1b: Coin Bonus|93/100
|-resisted|p1b: Coin Bonus
|-damage|p1b: Coin Bonus|89/100
|-resisted|p1b: Coin Bonus
|-damage|p1b: Coin Bonus|86/100
|-hitcount|p1b: Coin Bonus|4
|-unboost|p2b: Dragonita|def|1
|-boost|p2b: Dragonita|spe|1
|move|p1b: Coin Bonus|Make It Rain|p2b: Dragonita|[spread] p2b
|-activate|p2a: Farigiraf|move: Protect
|-damage|p2b: Dragonita|0 fnt
|-unboost|p1b: Coin Bonus|spa|1
|faint|p2b: Dragonita
|
|upkeep
|turn|7
|
|t:|1756579283
|move|p1b: Coin Bonus|Make It Rain|p2a: Farigiraf
|-damage|p2a: Farigiraf|0 fnt
|-unboost|p1b: Coin Bonus|spa|1
|faint|p2a: Farigiraf
|
|win|TimidThunderWave
||Hackervgc is ready for game 2.
||TimidThunderWave is ready for game 2.
|uhtml|next|Next: Game 2 of 3
|l| Lycopoky
|j| AuroraaVGC
|l| AuroraaVGC
|l| is_katabo
|l|☆TimidThunderWave
|player|p1|
|l| jayoticnl
