|j|☆PittsburghSkylines
|j|☆treinadorzard
|html|PittsburghSkylinestreinadorzard    
|uhtml|bestof|Game 2 of a best-of-3
|t:|1757819060
|gametype|doubles
|player|p1|PittsburghSkylines|blue|1165
|player|p2|treinadorzard|169|1217
|gen|9
|tier|[Gen 9] VGC 2025 Reg H (Bo3)
|rated|
|rule|Species Clause: Limit one of each Pokémon
|rule|Item Clause: Limit 1 of each item
|clearpoke
|poke|p1|Sneasler, L50, F|
|poke|p1|Whimsicott, L50, M|
|poke|p1|Gholdengo, L50|
|poke|p1|Hydreigon, L50, M|
|poke|p1|Garchomp, L50, F|
|poke|p1|Incineroar, L50, F|
|poke|p2|Ribombee, L50, F|
|poke|p2|Kingambit, L50, M|
|poke|p2|Dragonite, L50, M|
|poke|p2|Incineroar, L50, F|
|poke|p2|Garchomp, L50, F|
|poke|p2|Archaludon, L50, M|
|teampreview|4
|showteam|p1|Sneasler||WhiteHerb|Unburden|CloseCombat,DireClaw,FakeOut,Protect|||F|||50|,,,,,Stellar]Whimsicott||FocusSash|Prankster|Moonblast,FakeTears,Tailwind,Protect|||M|||50|,,,,,Ghost]Gholdengo||ChoiceSpecs|GoodasGold|MakeItRain,ShadowBall,PowerGem,Trick||||||50|,,,,,Steel]Hydreigon||SitrusBerry|Levitate|DracoMeteor,DarkPulse,Snarl,Protect|||M|||50|,,,,,Ghost]Garchomp||LifeOrb|RoughSkin|Earthquake,StompingTantrum,RockSlide,Protect|||F|||50|,,,,,Ground]Incineroar||AssaultVest|Intimidate|FlareBlitz,KnockOff,Uturn,FakeOut|||F|||50|,,,,,Grass
|showteam|p2|Ribombee||ChoiceSpecs|ShieldDust|Tailwind,Switcheroo,DazzlingGleam,Moonblast|||F|||50|,,,,,Ghost]Kingambit||AssaultVest|Defiant|KowtowCleave,SuckerPunch,IronHead,LowKick|||M|||50|,,,,,Dark]Dragonite||CovertCloak|Multiscale|TeraBlast,IceSpinner,ExtremeSpeed,Protect|||M|||50|,,,,,Flying]Incineroar||SafetyGoggles|Intimidate|FlareBlitz,KnockOff,PartingShot,FakeOut|||F|||50|,,,,,Ghost]Garchomp||ChoiceBand|RoughSkin|StompingTantrum,Earthquake,RockSlide,DragonClaw|||F|||50|,,,,,Steel]Archaludon||PowerHerb|Sturdy|ElectroShot,DracoMeteor,Protect,FlashCannon|||M|||50|,,,,,Stellar
|inactive|Battle timer is ON: inactive players will automatically lose when time's up. (requested by treinadorzard)
|
|t:|1757819082
|teamsize|p1|4
|teamsize|p2|4
|start
|switch|p1a: Sneasler|Sneasler, L50, F|100/100
|switch|p1b: Garchomp|Garchomp, L50, F|100/100
|switch|p2a: Garchomp|Garchomp, L50, F|100/100
|switch|p2b: Dragonite|Dragonite, L50, M|100/100
|turn|1
|inactive|PittsburghSkylines has 30 seconds left.
|
|t:|1757819115
|move|p1a: Sneasler|Fake Out|p2a: Garchomp
|-damage|p2a: Garchomp|84/100
|-damage|p1a: Sneasler|88/100|[from] ability: Rough Skin|[of] p2a: Garchomp
|cant|p2a: Garchomp|flinch
|move|p1b: Garchomp|Rock Slide|p2b: Dragonite|[spread] p2a,p2b
|-resisted|p2a: Garchomp
|-supereffective|p2b: Dragonite
|-crit|p2b: Dragonite
|-damage|p2a: Garchomp|72/100
|-damage|p2b: Dragonite|64/100
|-damage|p1b: Garchomp|91/100|[from] item: Life Orb
|move|p2b: Dragonite|Ice Spinner|p1b: Garchomp
|-supereffective|p1b: Garchomp
|-damage|p1b: Garchomp|0 fnt
|-damage|p2b: Dragonite|52/100|[from] ability: Rough Skin|[of] p1b: Garchomp
|faint|p1b: Garchomp
|
|upkeep
|
|t:|1757819126
|switch|p1b: Incineroar|Incineroar, L50, F|100/100
|-ability|p1b: Incineroar|Intimidate|boost
|-unboost|p2a: Garchomp|atk|1
|-unboost|p2b: Dragonite|atk|1
|turn|2
|
|t:|1757819149
|switch|p2b: Kingambit|Kingambit, L50, M, shiny|100/100
|move|p1b: Incineroar|Fake Out|p2a: Garchomp
|-damage|p2a: Garchomp|59/100
|-damage|p1b: Incineroar|88/100|[from] ability: Rough Skin|[of] p2a: Garchomp
|cant|p2a: Garchomp|flinch
|move|p1a: Sneasler|Close Combat|p2a: Garchomp
|-damage|p2a: Garchomp|0 fnt
|-unboost|p1a: Sneasler|def|1
|-unboost|p1a: Sneasler|spd|1
|-damage|p1a: Sneasler|76/100|[from] ability: Rough Skin|[of] p2a: Garchomp
|faint|p2a: Garchomp
|-enditem|p1a: Sneasler|White Herb
|-clearnegativeboost|p1a: Sneasler|[silent]
|
|upkeep
|
|t:|1757819162
|switch|p2a: Dragonite|Dragonite, L50, M|52/100
|turn|3
|inactive|PittsburghSkylines has 30 seconds left.
|
|t:|1757819192
|switch|p1a: Whimsicott|Whimsicott, L50, M|100/100
|switch|p2b: Ribombee|Ribombee, L50, F|100/100
|-terastallize|p2a: Dragonite|Flying
|move|p2a: Dragonite|Tera Blast|p1a: Whimsicott|[anim] Tera Blast Flying
|-supereffective|p1a: Whimsicott
|-enditem|p1a: Whimsicott|Focus Sash
|-damage|p1a: Whimsicott|1/100
|move|p1b: Incineroar|Flare Blitz|p2b: Ribombee
|-supereffective|p2b: Ribombee
|-damage|p2b: Ribombee|0 fnt
|faint|p2b: Ribombee
|-damage|p1b: Incineroar|66/100|[from] Recoil
|
|upkeep
|
|t:|1757819201
|switch|p2b: Kingambit|Kingambit, L50, M, shiny|100/100
|turn|4
|inactive|treinadorzard has 30 seconds left.
|
|t:|1757819230
|-terastallize|p1a: Whimsicott|Ghost
|move|p1a: Whimsicott|Tailwind|p1a: Whimsicott
|-sidestart|p1: PittsburghSkylines|move: Tailwind
|move|p1b: Incineroar|Flare Blitz|p2a: Dragonite
|-damage|p2a: Dragonite|0 fnt
|faint|p2a: Dragonite
|-damage|p1b: Incineroar|50/100|[from] Recoil
|move|p2b: Kingambit|Kowtow Cleave|p1b: Incineroar
|-resisted|p1b: Incineroar
|-damage|p1b: Incineroar|25/100
|
|upkeep
|turn|5
|-message|treinadorzard forfeited.
|raw|PittsburghSkylines's rating: 1165 → 1194(+29 for winning)
|raw|treinadorzard's rating: 1217 → 1188(-29 for losing)
|
|win|PittsburghSkylines
|c|☆treinadorzard|noooooo
|c|☆treinadorzard|I miss clicked
|c|☆treinadorzard|lol
