|j|☆odio esta reg
|j|☆tacoman007
|html|odio esta regtacoman007    
|uhtml|bestof|Game 2 of a best-of-3
|t:|1785486376
|gametype|doubles
|player|p1|odio esta reg|101|1032
|player|p2|tacoman007|hiker-gen4|1167
|gen|9
|tier|[Gen 9 Champions] VGC 2026 Reg M-B (Bo3)
|rated|
|rule|Species Clause: Limit one of each Pokémon
|rule|Item Clause: Limit 1 of each item
|clearpoke
|poke|p1|Charizard, L50, M|
|poke|p1|Garchomp, L50, F|
|poke|p1|Incineroar, L50, M|
|poke|p1|Venusaur, L50, F|
|poke|p1|Toxapex, L50, F|
|poke|p1|Sylveon, L50, M|
|poke|p2|Chandelure, L50, M|
|poke|p2|Ninetales-Alola, L50, M|
|poke|p2|Sneasler, L50, M|
|poke|p2|Farigiraf, L50, F|
|poke|p2|Whimsicott, L50, M|
|poke|p2|Feraligatr, L50, F|
|teampreview|4
|showteam|p1|Charizard||CharizarditeY|SolarPower|WeatherBall,HeatWave,AncientPower,Protect|Modest||M|||50|]Garchomp||ChoiceScarf|RoughSkin|RockSlide,DragonClaw,Earthquake,StompingTantrum|Adamant||F|||50|]Incineroar||SitrusBerry|Intimidate|FlareBlitz,FakeOut,DarkestLariat,PartingShot|Impish||M|||50|]Venusaur||LifeOrb|Chlorophyll|SludgeBomb,LeafStorm,EarthPower,Protect|Modest||F|||50|]Toxapex||Leftovers|Regenerator|Infestation,Toxic,WideGuard,BanefulBunker|Bold||F|||50|]Sylveon||FairyFeather|Pixilate|HyperVoice,QuickAttack,Yawn,Detect|Modest||M|||50|
|showteam|p2|Chandelure||Chandelurite|FlashFire|HeatWave,ShadowBall,TrickRoom,Protect|Modest||M|||50|]Ninetales-Alola||ChoiceScarf|SnowWarning|FreezeDry,Blizzard,IcyWind,Moonblast|Timid||M|||50|]Sneasler||WhiteHerb|Unburden|FakeOut,CloseCombat,DireClaw,Protect|Jolly||M|||50|]Farigiraf||SitrusBerry|ArmorTail|TwinBeam,LowKick,TrickRoom,Protect|Relaxed||F|||50|]Whimsicott||FocusSash|Prankster|EnergyBall,Encore,Tailwind,Protect|Timid||M|||50|]Feraligatr||Feraligite|SheerForce|Liquidation,BodySlam,DragonDance,Protect|Adamant||F|||50|
|inactive|Battle timer is ON: inactive players will automatically lose when time's up. (requested by odio esta reg)
|inactive|tacoman007 also wants the timer to be on.
|inactive|odio esta reg has 60 seconds left.
|
|t:|1785486428
|teamsize|p1|4
|teamsize|p2|4
|start
|switch|p1a: Toxapex|Toxapex, L50, F|100/100
|switch|p1b: Incineroar|Incineroar, L50, M|100/100
|switch|p2a: Chandelure|Chandelure, L50, M|100/100
|switch|p2b: Sneasler|Sneasler, L50, M|100/100
|-ability|p1b: Incineroar|Intimidate|boost
|-unboost|p2a: Chandelure|atk|1
|-unboost|p2b: Sneasler|atk|1
|-enditem|p2b: Sneasler|White Herb
|-clearnegativeboost|p2b: Sneasler|[silent]
|turn|1
|inactive|odio esta reg has 30 seconds left.
|inactive|tacoman007 has 30 seconds left.
|inactive|odio esta reg has 20 seconds left.
|
|t:|1785486472
|detailschange|p2a: Chandelure|Chandelure-Mega, L50, M
|-mega|p2a: Chandelure|Chandelure|Chandelurite
|move|p2b: Sneasler|Fake Out|p1b: Incineroar
|-damage|p1b: Incineroar|88/100
|move|p2a: Chandelure|Shadow Ball|p1a: Toxapex
|-damage|p1a: Toxapex|55/100
|cant|p1b: Incineroar|flinch
|move|p1a: Toxapex|Toxic|p2a: Chandelure
|-status|p2a: Chandelure|tox
|
|-heal|p1a: Toxapex|61/100|[from] item: Leftovers
|-damage|p2a: Chandelure|93/100 tox|[from] psn
|upkeep
|turn|2
|inactive|odio esta reg has 30 seconds left.
|inactive|tacoman007 has 30 seconds left.
|inactive|tacoman007 has 20 seconds left.
|inactive|odio esta reg has 20 seconds left.
|
|t:|1785486514
|switch|p1b: Charizard|Charizard, L50, M|100/100
|move|p1a: Toxapex|Baneful Bunker|p1a: Toxapex
|-singleturn|p1a: Toxapex|move: Protect
|move|p2b: Sneasler|Close Combat|p1b: Charizard
|-resisted|p1b: Charizard|1
|-damage|p1b: Charizard|71/100
|-unboost|p2b: Sneasler|def|1
|-unboost|p2b: Sneasler|spd|1
|move|p2a: Chandelure|Shadow Ball|p1b: Charizard
|-damage|p1b: Charizard|6/100
|
|-heal|p1a: Toxapex|66/100|[from] item: Leftovers
|-damage|p2a: Chandelure|81/100 tox|[from] psn
|upkeep
|turn|3
|
|t:|1785486535
|switch|p2a: Whimsicott|Whimsicott, L50, M|100/100
|switch|p1b: Incineroar|Incineroar, L50, M|88/100
|-ability|p1b: Incineroar|Intimidate|boost
|-unboost|p2a: Whimsicott|atk|1
|-unboost|p2b: Sneasler|atk|1
|move|p2b: Sneasler|Dire Claw|p1b: Incineroar
|-damage|p1b: Incineroar|67/100
|-status|p1b: Incineroar|par
|move|p1a: Toxapex|Infestation|p2b: Sneasler
|-resisted|p2b: Sneasler|2
|-damage|p2b: Sneasler|98/100
|-activate|p2b: Sneasler|move: Infestation|[of] p1a: Toxapex
|
|-heal|p1a: Toxapex|72/100|[from] item: Leftovers
|-damage|p2b: Sneasler|86/100|[from] move: Infestation|[partiallytrapped]
|upkeep
|turn|4
|inactive|tacoman007 has 30 seconds left.
|inactive|tacoman007 has 20 seconds left.
|
|t:|1785486571
|move|p2b: Sneasler|Close Combat|p1b: Incineroar
|-supereffective|p1b: Incineroar|1
|-damage|p1b: Incineroar|7/100 par
|-unboost|p2b: Sneasler|def|1
|-unboost|p2b: Sneasler|spd|1
|-enditem|p1b: Incineroar|Sitrus Berry|[eat]
|-heal|p1b: Incineroar|32/100 par|[from] item: Sitrus Berry
|move|p2a: Whimsicott|Energy Ball|p1a: Toxapex
|-damage|p1a: Toxapex|49/100
|move|p1a: Toxapex|Toxic|p2a: Whimsicott
|-status|p2a: Whimsicott|tox
|move|p1b: Incineroar|Flare Blitz|p2b: Sneasler
|-damage|p2b: Sneasler|0 fnt
|faint|p2b: Sneasler
|-damage|p1b: Incineroar|9/100 par|[from] Recoil
|
|-heal|p1a: Toxapex|54/100|[from] item: Leftovers
|-damage|p2a: Whimsicott|94/100 tox|[from] psn
|upkeep
|
|t:|1785486581
|switch|p2b: Ninetales|Ninetales-Alola, L50, M|100/100
|-weather|Snowscape|[from] ability: Snow Warning|[of] p2b: Ninetales
|turn|5
|
|t:|1785486594
|switch|p2a: Chandelure|Chandelure-Mega, L50, M|81/100 tox
|move|p1a: Toxapex|Baneful Bunker|p1a: Toxapex
|-singleturn|p1a: Toxapex|move: Protect
|move|p2b: Ninetales|Freeze-Dry|p1a: Toxapex
|-activate|p1a: Toxapex|move: Protect
|move|p1b: Incineroar|Flare Blitz|p2a: Chandelure
|-resisted|p2a: Chandelure|1
|-damage|p2a: Chandelure|57/100 tox
|-damage|p1b: Incineroar|3/100 par|[from] Recoil
|
|-weather|Snowscape|[upkeep]
|-heal|p1a: Toxapex|60/100|[from] item: Leftovers
|-damage|p2a: Chandelure|51/100 tox|[from] psn
|upkeep
|turn|6
|inactive|odio esta reg has 30 seconds left.
|
|t:|1785486625
|move|p1a: Toxapex|Wide Guard|p1a: Toxapex
|-singleturn|p1a: Toxapex|Wide Guard
|move|p2b: Ninetales|Freeze-Dry|p1a: Toxapex
|-supereffective|p1a: Toxapex|1
|-damage|p1a: Toxapex|21/100
|move|p2a: Chandelure|Heat Wave|p1b: Incineroar|[spread] 
|-activate|p1a: Toxapex|move: Wide Guard
|-activate|p1b: Incineroar|move: Wide Guard
|cant|p1b: Incineroar|par
|
|-weather|Snowscape|[upkeep]
|-heal|p1a: Toxapex|26/100|[from] item: Leftovers
|-damage|p2a: Chandelure|39/100 tox|[from] psn
|upkeep
|turn|7
|inactive|odio esta reg has 30 seconds left.
|inactive|odio esta reg has 20 seconds left.
|inactive|odio esta reg has 15 seconds left.
|inactive|odio esta reg has 10 seconds left.
|inactive|odio esta reg has 5 seconds left.
|
|t:|1785486679
|switch|p2a: Whimsicott|Whimsicott, L50, M|94/100 tox
|move|p2b: Ninetales|Freeze-Dry|p1b: Incineroar
|-resisted|p1b: Incineroar|1
|-damage|p1b: Incineroar|0 fnt
|faint|p1b: Incineroar
|move|p1a: Toxapex|Toxic|p2b: Ninetales
|-status|p2b: Ninetales|tox
|
|-weather|Snowscape|[upkeep]
|-heal|p1a: Toxapex|32/100|[from] item: Leftovers
|-damage|p2b: Ninetales|94/100 tox|[from] psn
|-damage|p2a: Whimsicott|88/100 tox|[from] psn
|upkeep
|
|t:|1785486687
|switch|p1b: Charizard|Charizard, L50, M|6/100
|turn|8
|
|t:|1785486699
|detailschange|p1b: Charizard|Charizard-Mega-Y, L50, M
|-mega|p1b: Charizard|Charizard|Charizardite Y
|-weather|SunnyDay|[from] ability: Drought|[of] p1b: Charizard
|move|p2b: Ninetales|Freeze-Dry|p1a: Toxapex
|-supereffective|p1a: Toxapex|1
|-damage|p1a: Toxapex|0 fnt
|faint|p1a: Toxapex
|move|p2a: Whimsicott|Energy Ball|p1b: Charizard
|-resisted|p1b: Charizard|2
|-damage|p1b: Charizard|0 fnt
|faint|p1b: Charizard
|
|-weather|SunnyDay|[upkeep]
|-damage|p2b: Ninetales|82/100 tox|[from] psn
|-damage|p2a: Whimsicott|76/100 tox|[from] psn
|upkeep
|
|t:|1785486708
|switch|p1b: Venusaur|Venusaur, L50, F|100/100
|turn|9
|inactive|odio esta reg has 30 seconds left.
|
|t:|1785486738
|move|p2a: Whimsicott|Tailwind|p2a: Whimsicott
|-sidestart|p2: tacoman007|move: Tailwind
|move|p2b: Ninetales|Freeze-Dry|p1b: Venusaur
|-supereffective|p1b: Venusaur|1
|-damage|p1b: Venusaur|42/100
|move|p1b: Venusaur|Sludge Bomb|p2a: Whimsicott
|-supereffective|p2a: Whimsicott|2
|-damage|p2a: Whimsicott|0 fnt
|faint|p2a: Whimsicott
|-damage|p1b: Venusaur|32/100|[from] item: Life Orb
|
|-weather|SunnyDay|[upkeep]
|-damage|p2b: Ninetales|65/100 tox|[from] psn
|upkeep
|
|t:|1785486743
|switch|p2a: Chandelure|Chandelure-Mega, L50, M|39/100 tox
|turn|10
|
|t:|1785486748
|move|p1b: Venusaur|Protect|p1b: Venusaur
|-singleturn|p1b: Venusaur|Protect
|move|p2b: Ninetales|Freeze-Dry|p1b: Venusaur
|-activate|p1b: Venusaur|move: Protect
|move|p2a: Chandelure|Shadow Ball|p1b: Venusaur
|-activate|p1b: Venusaur|move: Protect
|
|-weather|SunnyDay|[upkeep]
|-damage|p2b: Ninetales|42/100 tox|[from] psn
|-damage|p2a: Chandelure|33/100 tox|[from] psn
|upkeep
|turn|11
|
|t:|1785486752
|move|p1b: Venusaur|Protect||[still]
|-fail|p1b: Venusaur
|move|p2b: Ninetales|Freeze-Dry|p1b: Venusaur
|-supereffective|p1b: Venusaur|1
|-damage|p1b: Venusaur|0 fnt
|faint|p1b: Venusaur
|
|win|tacoman007
|raw|odio esta reg's rating: 1032 → 1023(-9 for losing)
|raw|tacoman007's rating: 1167 → 1183(+16 for winning)
