|j|☆DragoniteMega149
|j|☆buf01 NoSoyWekj
|html|DragoniteMega149buf01 NoSoyWekj    
|uhtml|bestof|Game 1 of a best-of-3
|t:|1756248863
|gametype|doubles
|player|p1|DragoniteMega149|red-lgpe|1258
|player|p2|buf01 NoSoyWekj|striker|1165
|gen|9
|tier|[Gen 9] VGC 2025 Reg H (Bo3)
|rated|
|rule|Species Clause: Limit one of each Pokémon
|rule|Item Clause: Limit 1 of each item
|clearpoke
|poke|p1|Sneasler, L50, F|
|poke|p1|Indeedee, L50, M|
|poke|p1|Talonflame, L50, F|
|poke|p1|Incineroar, L50, M|
|poke|p1|Electabuzz, L50, F|
|poke|p1|Ursaluna-Bloodmoon, L50, M|
|poke|p2|Sinistcha, L50|
|poke|p2|Ursaluna, L50, M|
|poke|p2|Dragonite, L50, M|
|poke|p2|Archaludon, L50, M|
|poke|p2|Pelipper, L50, F|
|poke|p2|Incineroar, L50, M|
|teampreview|4
|showteam|p1|Sneasler||PsychicSeed|Unburden|DireClaw,CloseCombat,Protect,ThroatChop|||F|||50|,,,,,Dark]Indeedee||FocusSash|PsychicSurge|Imprison,Protect,ExpandingForce,TrickRoom|||M|||50|,,,,,Psychic]Talonflame||CovertCloak|GaleWings|FlareBlitz,Tailwind,DualWingbeat,WillOWisp|||F|||50|,,,,,Fairy]Incineroar||SafetyGoggles|Intimidate|FakeOut,FlareBlitz,KnockOff,PartingShot|||M|||50|,,,,,Ghost]Electabuzz||Eviolite|VitalSpirit|FollowMe,Electroweb,Taunt,Protect|||F|||50|,,,,,Fairy]Ursaluna-Bloodmoon||LifeOrb|MindsEye|BloodMoon,HyperVoice,EarthPower,Protect|||M|||50|,,,,,Normal
|showteam|p2|Sinistcha||SitrusBerry|Hospitality|MatchaGotcha,RagePowder,LifeDew,TrickRoom||||||50|,,,,,Dark]Ursaluna||FlameOrb|Guts|Facade,HeadlongRush,Earthquake,Protect|||M|||50|,,,,,Ghost]Dragonite||LoadedDice|Multiscale|ScaleShot,Tailwind,Haze,Protect|||M|||50|,,,,,Fairy]Archaludon||AssaultVest|Stamina|ElectroShot,BodyPress,DracoMeteor,FlashCannon|||M|||50|,,,,,Bug]Pelipper||FocusSash|Drizzle|Protect,Tailwind,WeatherBall,Hurricane|||F|||50|,,,,,Ghost]Incineroar||SafetyGoggles|Intimidate|PartingShot,FakeOut,KnockOff,FlareBlitz|||M|||50|,,,,,Ghost
|
|t:|1756248886
|teamsize|p1|4
|teamsize|p2|4
|start
|switch|p1a: Electabuzz|Electabuzz, L50, F|100/100
|switch|p1b: Ursaluna|Ursaluna-Bloodmoon, L50, M|100/100
|switch|p2a: Incineroar|Incineroar, L50, M, shiny|100/100
|switch|p2b: Dragonite|Dragonite, L50, M, shiny|100/100
|-ability|p2a: Incineroar|Intimidate|boost
|-unboost|p1a: Electabuzz|atk|1
|-unboost|p1b: Ursaluna|atk|1
|turn|1
|inactive|Battle timer is ON: inactive players will automatically lose when time's up. (requested by buf01 NoSoyWekj)
|
|t:|1756248914
|move|p1a: Electabuzz|Electroweb|p2b: Dragonite|[spread] p2a,p2b
|-damage|p2a: Incineroar|87/100
|-damage|p2b: Dragonite|92/100
|-unboost|p2a: Incineroar|spe|1
|-unboost|p2b: Dragonite|spe|1
|move|p1b: Ursaluna|Earth Power|p2a: Incineroar
|-supereffective|p2a: Incineroar
|-damage|p2a: Incineroar|0 fnt
|faint|p2a: Incineroar
|-damage|p1b: Ursaluna|91/100|[from] item: Life Orb
|move|p2b: Dragonite|Tailwind|p2b: Dragonite
|-sidestart|p2: buf01 NoSoyWekj|move: Tailwind
|
|upkeep
|
|t:|1756248920
|switch|p2a: Ursaluna|Ursaluna, L50, M|100/100
|turn|2
|inactive|DragoniteMega149 has 30 seconds left.
|inactive|buf01 NoSoyWekj has 30 seconds left.
|inactive|DragoniteMega149 has 20 seconds left.
|inactive|DragoniteMega149 has 15 seconds left.
|inactive|DragoniteMega149 has 10 seconds left.
|
|t:|1756248965
|-terastallize|p1a: Electabuzz|Fairy
|move|p2a: Ursaluna|Protect|p2a: Ursaluna
|-singleturn|p2a: Ursaluna|Protect
|move|p2b: Dragonite|Protect|p2b: Dragonite
|-singleturn|p2b: Dragonite|Protect
|move|p1a: Electabuzz|Follow Me|p1a: Electabuzz
|-singleturn|p1a: Electabuzz|move: Follow Me
|move|p1b: Ursaluna|Blood Moon|p2b: Dragonite
|-activate|p2b: Dragonite|move: Protect
|
|-status|p2a: Ursaluna|brn|[from] item: Flame Orb
|upkeep
|turn|3
|j| buf51 Golden Era
|inactive|buf01 NoSoyWekj has 30 seconds left.
|
|t:|1756248994
|switch|p2b: Archaludon|Archaludon, L50, M|100/100
|move|p1b: Ursaluna|Protect|p1b: Ursaluna
|-singleturn|p1b: Ursaluna|Protect
|move|p2a: Ursaluna|Facade|p1a: Electabuzz
|-damage|p1a: Electabuzz|0 fnt
|faint|p1a: Electabuzz
|
|-damage|p2a: Ursaluna|94/100 brn|[from] brn
|upkeep
|
|t:|1756249006
|switch|p1a: Sneasler|Sneasler, L50, F|100/100
|turn|4
|inactive|buf01 NoSoyWekj has 30 seconds left.
|
|t:|1756249034
|move|p1a: Sneasler|Protect|p1a: Sneasler
|-singleturn|p1a: Sneasler|Protect
|move|p2b: Archaludon|Body Press|p1b: Ursaluna
|-supereffective|p1b: Ursaluna
|-damage|p1b: Ursaluna|56/100
|move|p2a: Ursaluna|Facade|p1b: Ursaluna
|-damage|p1b: Ursaluna|0 fnt
|faint|p1b: Ursaluna
|
|-damage|p2a: Ursaluna|88/100 brn|[from] brn
|-sideend|p2: buf01 NoSoyWekj|move: Tailwind
|upkeep
|
|t:|1756249036
|switch|p1b: Indeedee|Indeedee, L50, M|100/100
|-fieldstart|move: Psychic Terrain|[from] ability: Psychic Surge|[of] p1b: Indeedee
|-enditem|p1a: Sneasler|Psychic Seed
|-boost|p1a: Sneasler|spd|1|[from] item: Psychic Seed
|turn|5
|inactive|buf01 NoSoyWekj has 30 seconds left.
|inactive|buf01 NoSoyWekj has 20 seconds left.
|
|t:|1756249072
|-terastallize|p2a: Ursaluna|Ghost
|move|p1a: Sneasler|Throat Chop|p2a: Ursaluna
|-supereffective|p2a: Ursaluna
|-damage|p2a: Ursaluna|42/100 brn
|-start|p2a: Ursaluna|Throat Chop|[silent]
|move|p1b: Indeedee|Expanding Force|p2b: Archaludon|[spread] p2a,p2b
|-resisted|p2b: Archaludon
|-damage|p2a: Ursaluna|0 fnt
|-damage|p2b: Archaludon|83/100
|-ability|p2b: Archaludon|Stamina|boost
|-boost|p2b: Archaludon|def|1
|faint|p2a: Ursaluna
|move|p2b: Archaludon|Draco Meteor|p1b: Indeedee|[miss]
|-miss|p2b: Archaludon|p1b: Indeedee
|
|upkeep
|
|t:|1756249084
|switch|p2a: Dragonite|Dragonite, L50, M, shiny|92/100
|turn|6
|
|t:|1756249097
|move|p2a: Dragonite|Protect|p2a: Dragonite
|-singleturn|p2a: Dragonite|Protect
|move|p1a: Sneasler|Dire Claw|p2a: Dragonite
|-activate|p2a: Dragonite|move: Protect
|move|p1b: Indeedee|Expanding Force|p2b: Archaludon|[spread] p2b
|-activate|p2a: Dragonite|move: Protect
|-resisted|p2b: Archaludon
|-damage|p2b: Archaludon|63/100
|-ability|p2b: Archaludon|Stamina|boost
|-boost|p2b: Archaludon|def|1
|move|p2b: Archaludon|Draco Meteor|p1b: Indeedee
|-damage|p1b: Indeedee|12/100
|-unboost|p2b: Archaludon|spa|2
|
|upkeep
|turn|7
|
|t:|1756249111
|move|p1a: Sneasler|Dire Claw|p2a: Dragonite
|-damage|p2a: Dragonite|46/100
|-status|p2a: Dragonite|psn
|move|p1b: Indeedee|Expanding Force|p2b: Archaludon|[spread] p2a,p2b
|-resisted|p2b: Archaludon
|-damage|p2a: Dragonite|0 fnt
|-damage|p2b: Archaludon|45/100
|-ability|p2b: Archaludon|Stamina|boost
|-boost|p2b: Archaludon|def|1
|faint|p2a: Dragonite
|move|p2b: Archaludon|Body Press|p1b: Indeedee
|-damage|p1b: Indeedee|0 fnt
|faint|p1b: Indeedee
|
|upkeep
|turn|8
|
|t:|1756249126
|move|p1a: Sneasler|Close Combat|p2b: Archaludon
|-supereffective|p2b: Archaludon
|-damage|p2b: Archaludon|4/100
|-unboost|p1a: Sneasler|def|1
|-unboost|p1a: Sneasler|spd|1
|-ability|p2b: Archaludon|Stamina|boost
|-boost|p2b: Archaludon|def|1
|move|p2b: Archaludon|Flash Cannon|p1a: Sneasler
|-damage|p1a: Sneasler|73/100
|
|upkeep
|turn|9
|
|t:|1756249135
|move|p1a: Sneasler|Close Combat|p2b: Archaludon
|-supereffective|p2b: Archaludon
|-crit|p2b: Archaludon
|-damage|p2b: Archaludon|0 fnt
|-unboost|p1a: Sneasler|def|1
|-unboost|p1a: Sneasler|spd|1
|faint|p2b: Archaludon
|
|win|DragoniteMega149
||buf01 NoSoyWekj is ready for game 2.
