|j|☆dambro222
|j|☆BobbySamuel
|html|dambro222BobbySamuel    
|uhtml|bestof|Game 1 of a best-of-3
|t:|1756297130
|gametype|doubles
|player|p1|dambro222|ethan|1140
|player|p2|BobbySamuel|265|1033
|gen|9
|tier|[Gen 9] VGC 2025 Reg H (Bo3)
|rated|
|rule|Species Clause: Limit one of each Pokémon
|rule|Item Clause: Limit 1 of each item
|clearpoke
|poke|p1|Dragonite, L50, M|
|poke|p1|Volcarona, L50, F|
|poke|p1|Sneasler, L50, M|
|poke|p1|Rillaboom, L50, M|
|poke|p1|Electabuzz, L50, M|
|poke|p1|Kingambit, L50, M|
|poke|p2|Politoed, L50, F|
|poke|p2|Gothitelle, L50, F|
|poke|p2|Kingdra, L50, M|
|poke|p2|Archaludon, L50, M|
|poke|p2|Amoonguss, L50, M|
|poke|p2|Incineroar, L50, F|
|teampreview|4
|showteam|p1|Dragonite||LoadedDice|Multiscale|ScaleShot,ExtremeSpeed,Haze,Protect|||M|||50|,,,,,Fairy]Volcarona||CovertCloak|FlameBody|HeatWave,TeraBlast,QuiverDance,Protect|||F|||50|,,,,,Fairy]Sneasler||FocusSash|Unburden|CloseCombat,DireClaw,Coaching,Protect|||M|||50|,,,,,Stellar]Rillaboom||AssaultVest|GrassySurge|WoodHammer,GrassyGlide,HighHorsepower,FakeOut|||M|||50|,,,,,Water]Electabuzz||Eviolite|VitalSpirit|Electroweb,FollowMe,Taunt,Protect|||M|||50|,,,,,Ghost]Kingambit||BlackGlasses|Defiant|KowtowCleave,SuckerPunch,SwordsDance,Protect|||M|||50|,,,,,Dark
|showteam|p2|Politoed||Leftovers|Drizzle|Protect,PerishSong,WeatherBall,Encore|||F|||50|,,,,,Grass]Gothitelle||SitrusBerry|ShadowTag|Protect,FakeOut,Psychic,TrickRoom|||F|||50|,,,,,Dark]Kingdra||LifeOrb|SwiftSwim|Protect,WeatherBall,DracoMeteor,MuddyWater|||M|||50|,,,,,Stellar]Archaludon||PowerHerb|Sturdy|Protect,ElectroShot,DragonPulse,FlashCannon|||M|||50|,,,,,Electric]Amoonguss||EjectButton|Regenerator|Protect,PollenPuff,RagePowder,Spore|||M|||50|,,,,,Fairy]Incineroar||SafetyGoggles|Intimidate|Protect,FakeOut,KnockOff,PartingShot|||F|||50|,,,,,Ghost
|inactive|Battle timer is ON: inactive players will automatically lose when time's up. (requested by dambro222)
|inactive|dambro222 has 60 seconds left.
|
|t:|1756297168
|teamsize|p1|4
|teamsize|p2|4
|start
|switch|p1a: Volcarona|Volcarona, L50, F|100/100
|switch|p1b: Rillaboom|Rillaboom, L50, M|100/100
|switch|p2a: Politoed|Politoed, L50, F|100/100
|switch|p2b: Archaludon|Archaludon, L50, M|100/100
|-fieldstart|move: Grassy Terrain|[from] ability: Grassy Surge|[of] p1b: Rillaboom
|-weather|RainDance|[from] ability: Drizzle|[of] p2a: Politoed
|turn|1
|inactive|dambro222 has 30 seconds left.
|inactive|BobbySamuel has 30 seconds left.
|inactive|BobbySamuel has 20 seconds left.
|
|t:|1756297206
|switch|p2b: Gothitelle|Gothitelle, L50, F|100/100
|-terastallize|p1a: Volcarona|Fairy
|move|p1b: Rillaboom|Fake Out|p2b: Gothitelle
|-damage|p2b: Gothitelle|88/100
|move|p1a: Volcarona|Quiver Dance|p1a: Volcarona
|-boost|p1a: Volcarona|spa|1
|-boost|p1a: Volcarona|spd|1
|-boost|p1a: Volcarona|spe|1
|move|p2a: Politoed|Perish Song|p2a: Politoed
|-start|p1a: Volcarona|perish3|[silent]
|-start|p1b: Rillaboom|perish3|[silent]
|-start|p2a: Politoed|perish3|[silent]
|-start|p2b: Gothitelle|perish3|[silent]
|-fieldactivate|move: Perish Song
|
|-weather|RainDance|[upkeep]
|-heal|p2b: Gothitelle|94/100|[from] Grassy Terrain
|-start|p1a: Volcarona|perish3
|-start|p1b: Rillaboom|perish3
|-start|p2a: Politoed|perish3
|-start|p2b: Gothitelle|perish3
|upkeep
|turn|2
|inactive|dambro222 has 30 seconds left.
|inactive|BobbySamuel has 30 seconds left.
|inactive|BobbySamuel has 20 seconds left.
|inactive|BobbySamuel has 15 seconds left.
|inactive|BobbySamuel has 10 seconds left.
|
|t:|1756297251
|switch|p2a: Amoonguss|Amoonguss, L50, M|100/100
|move|p2b: Gothitelle|Fake Out|p1b: Rillaboom
|-damage|p1b: Rillaboom|95/100
|move|p1a: Volcarona|Tera Blast|p2b: Gothitelle|[anim] Tera Blast Fairy
|-damage|p2b: Gothitelle|50/100
|-enditem|p2b: Gothitelle|Sitrus Berry|[eat]
|-heal|p2b: Gothitelle|75/100|[from] item: Sitrus Berry
|cant|p1b: Rillaboom|flinch
|
|-weather|RainDance|[upkeep]
|-heal|p1b: Rillaboom|100/100|[from] Grassy Terrain
|-heal|p2b: Gothitelle|81/100|[from] Grassy Terrain
|-start|p1a: Volcarona|perish2
|-start|p1b: Rillaboom|perish2
|-start|p2b: Gothitelle|perish2
|upkeep
|turn|3
|inactive|dambro222 has 30 seconds left.
|inactive|BobbySamuel has 30 seconds left.
|inactive|dambro222 has 20 seconds left.
|inactive|BobbySamuel has 20 seconds left.
|inactive|dambro222 has 15 seconds left.
|
|t:|1756297292
|move|p2b: Gothitelle|Protect|p2b: Gothitelle
|-singleturn|p2b: Gothitelle|Protect
|move|p1a: Volcarona|Quiver Dance|p1a: Volcarona
|-boost|p1a: Volcarona|spa|1
|-boost|p1a: Volcarona|spd|1
|-boost|p1a: Volcarona|spe|1
|move|p1b: Rillaboom|Wood Hammer|p2b: Gothitelle
|-activate|p2b: Gothitelle|move: Protect
|move|p2a: Amoonguss|Pollen Puff|p1b: Rillaboom
|-supereffective|p1b: Rillaboom
|-damage|p1b: Rillaboom|74/100
|
|-weather|RainDance|[upkeep]
|-heal|p1b: Rillaboom|80/100|[from] Grassy Terrain
|-heal|p2b: Gothitelle|87/100|[from] Grassy Terrain
|-start|p1a: Volcarona|perish1
|-start|p1b: Rillaboom|perish1
|-start|p2b: Gothitelle|perish1
|upkeep
|turn|4
|inactive|dambro222 has 30 seconds left.
|inactive|BobbySamuel has 30 seconds left.
|inactive|BobbySamuel has 20 seconds left.
|inactive|dambro222 has 20 seconds left.
|inactive|BobbySamuel has 15 seconds left.
|
|t:|1756297335
|switch|p2b: Archaludon|Archaludon, L50, M|100/100
|move|p2a: Amoonguss|Rage Powder|p2a: Amoonguss
|-singleturn|p2a: Amoonguss|move: Rage Powder
|move|p1a: Volcarona|Heat Wave|p2b: Archaludon|[spread] p2a,p2b
|-supereffective|p2a: Amoonguss
|-damage|p2a: Amoonguss|34/100
|-damage|p2b: Archaludon|49/100
|-enditem|p2a: Amoonguss|Eject Button
|
|t:|1756297353
|switch|p2a: Politoed|Politoed, L50, F|100/100
|move|p1b: Rillaboom|Wood Hammer|p2b: Archaludon
|-resisted|p2b: Archaludon
|-damage|p2b: Archaludon|33/100
|-damage|p1b: Rillaboom|75/100|[from] Recoil
|
|-weather|RainDance|[upkeep]
|-heal|p2b: Archaludon|39/100|[from] Grassy Terrain
|-heal|p1b: Rillaboom|81/100|[from] Grassy Terrain
|-start|p1a: Volcarona|perish0
|-start|p1b: Rillaboom|perish0
|faint|p1a: Volcarona
|faint|p1b: Rillaboom
|upkeep
|
|t:|1756297360
|switch|p1a: Electabuzz|Electabuzz, L50, M|100/100
|switch|p1b: Sneasler|Sneasler, L50, M|100/100
|turn|5
|inactive|BobbySamuel has 30 seconds left.
|inactive|BobbySamuel has 20 seconds left.
|
|t:|1756297395
|move|p2b: Archaludon|Protect|p2b: Archaludon
|-singleturn|p2b: Archaludon|Protect
|move|p1b: Sneasler|Close Combat|p2b: Archaludon
|-activate|p2b: Archaludon|move: Protect
|move|p1a: Electabuzz|Taunt|p2a: Politoed
|-start|p2a: Politoed|move: Taunt
|move|p2a: Politoed|Weather Ball|p1b: Sneasler
|-damage|p1b: Sneasler|31/100
|
|-weather|none
|-heal|p1b: Sneasler|37/100|[from] Grassy Terrain
|-heal|p2b: Archaludon|45/100|[from] Grassy Terrain
|-fieldend|move: Grassy Terrain
|upkeep
|turn|6
|inactive|BobbySamuel has 30 seconds left.
|
|t:|1756297423
|switch|p2b: Gothitelle|Gothitelle, L50, F|87/100
|switch|p2a: Amoonguss|Amoonguss, L50, M|67/100
|move|p1a: Electabuzz|Follow Me|p1a: Electabuzz
|-singleturn|p1a: Electabuzz|move: Follow Me
|move|p1b: Sneasler|Close Combat|p2b: Gothitelle
|-resisted|p2b: Gothitelle
|-damage|p2b: Gothitelle|55/100
|-unboost|p1b: Sneasler|def|1
|-unboost|p1b: Sneasler|spd|1
|
|upkeep
|turn|7
|inactive|dambro222 has 30 seconds left.
|inactive|BobbySamuel has 30 seconds left.
|
|t:|1756297455
|move|p1b: Sneasler|Protect|p1b: Sneasler
|-singleturn|p1b: Sneasler|Protect
|move|p2b: Gothitelle|Fake Out|p1b: Sneasler
|-activate|p1b: Sneasler|move: Protect
|move|p1a: Electabuzz|Taunt|p2a: Amoonguss
|-start|p2a: Amoonguss|move: Taunt
|move|p2a: Amoonguss|Pollen Puff|p2b: Gothitelle
|-heal|p2b: Gothitelle|100/100
|
|upkeep
|turn|8
|
|t:|1756297469
|move|p1a: Electabuzz|Follow Me|p1a: Electabuzz
|-singleturn|p1a: Electabuzz|move: Follow Me
|move|p1b: Sneasler|Dire Claw|p2b: Gothitelle
|-damage|p2b: Gothitelle|62/100
|-status|p2b: Gothitelle|slp
|cant|p2b: Gothitelle|slp
|move|p2a: Amoonguss|Pollen Puff|p1a: Electabuzz
|-damage|p1a: Electabuzz|85/100
|
|upkeep
|turn|9
|
|t:|1756297487
|switch|p2a: Politoed|Politoed, L50, F|100/100
|-weather|RainDance|[from] ability: Drizzle|[of] p2a: Politoed
|move|p1b: Sneasler|Dire Claw|p2b: Gothitelle
|-damage|p2b: Gothitelle|19/100 slp
|move|p1a: Electabuzz|Electroweb|p2a: Politoed|[spread] p2a,p2b
|-supereffective|p2a: Politoed
|-damage|p2a: Politoed|76/100
|-damage|p2b: Gothitelle|8/100 slp
|-unboost|p2a: Politoed|spe|1
|-unboost|p2b: Gothitelle|spe|1
|cant|p2b: Gothitelle|slp
|
|-weather|RainDance|[upkeep]
|-heal|p2a: Politoed|82/100|[from] item: Leftovers
|upkeep
|turn|10
|l|☆dambro222
|inactive|dambro222 disconnected and has a minute to reconnect!
|player|p1|
|inactive|dambro222 has 30 seconds left.
|inactive|dambro222 has 20 seconds left.
|inactive|dambro222 has 15 seconds left.
|inactive|dambro222 has 10 seconds left.
|j|☆dambro222
|inactive|dambro222 reconnected and has 10 seconds left.
|player|p1|dambro222|ethan|
|inactive|dambro222 has 5 seconds left.
|
|t:|1756297540
|move|p1b: Sneasler|Close Combat|p2a: Politoed
|-damage|p2a: Politoed|11/100
|-unboost|p1b: Sneasler|def|1
|-unboost|p1b: Sneasler|spd|1
|move|p1a: Electabuzz|Electroweb|p2b: Gothitelle|[spread] p2a,p2b
|-supereffective|p2a: Politoed
|-damage|p2a: Politoed|0 fnt
|-damage|p2b: Gothitelle|0 fnt
|faint|p2a: Politoed
|faint|p2b: Gothitelle
|
|-weather|RainDance|[upkeep]
|upkeep
|
|t:|1756297550
|switch|p2a: Amoonguss|Amoonguss, L50, M|100/100
|switch|p2b: Archaludon|Archaludon, L50, M|45/100
|turn|11
|
|t:|1756297565
|-terastallize|p2b: Archaludon|Electric
|move|p1a: Electabuzz|Follow Me|p1a: Electabuzz
|-singleturn|p1a: Electabuzz|move: Follow Me
|move|p2a: Amoonguss|Rage Powder|p2a: Amoonguss
|-singleturn|p2a: Amoonguss|move: Rage Powder
|move|p1b: Sneasler|Close Combat|p2a: Amoonguss
|-resisted|p2a: Amoonguss
|-damage|p2a: Amoonguss|75/100
|-unboost|p1b: Sneasler|def|1
|-unboost|p1b: Sneasler|spd|1
|move|p2b: Archaludon|Electro Shot||[still]
|-prepare|p2b: Archaludon|Electro Shot
|-boost|p2b: Archaludon|spa|1
|-anim|p2b: Archaludon|Electro Shot|p1a: Electabuzz
|-resisted|p1a: Electabuzz
|-damage|p1a: Electabuzz|46/100
|
|-weather|RainDance|[upkeep]
|upkeep
|turn|12
|inactive|BobbySamuel has 30 seconds left.
|
|t:|1756297598
|move|p1b: Sneasler|Protect|p1b: Sneasler
|-singleturn|p1b: Sneasler|Protect
|move|p2a: Amoonguss|Rage Powder|p2a: Amoonguss
|-singleturn|p2a: Amoonguss|move: Rage Powder
|move|p2b: Archaludon|Electro Shot||[still]
|-prepare|p2b: Archaludon|Electro Shot
|-boost|p2b: Archaludon|spa|1
|-anim|p2b: Archaludon|Electro Shot|p1b: Sneasler
|-activate|p1b: Sneasler|move: Protect
|move|p1a: Electabuzz|Taunt|p2a: Amoonguss
|-start|p2a: Amoonguss|move: Taunt
|
|-weather|RainDance|[upkeep]
|upkeep
|turn|13
|
|t:|1756297620
|move|p1a: Electabuzz|Follow Me|p1a: Electabuzz
|-singleturn|p1a: Electabuzz|move: Follow Me
|move|p1b: Sneasler|Close Combat|p2b: Archaludon
|-damage|p2b: Archaludon|0 fnt
|-unboost|p1b: Sneasler|def|1
|-unboost|p1b: Sneasler|spd|1
|faint|p2b: Archaludon
|move|p2a: Amoonguss|Pollen Puff|p1a: Electabuzz
|-damage|p1a: Electabuzz|31/100
|
|-weather|none
|upkeep
|turn|14
|
|t:|1756297634
|move|p1a: Electabuzz|Follow Me|p1a: Electabuzz
|-singleturn|p1a: Electabuzz|move: Follow Me
|move|p1b: Sneasler|Dire Claw|p2a: Amoonguss
|-damage|p2a: Amoonguss|45/100
|move|p2a: Amoonguss|Pollen Puff|p1a: Electabuzz
|-damage|p1a: Electabuzz|16/100
|
|upkeep
|turn|15
|
|t:|1756297645
|move|p1a: Electabuzz|Follow Me|p1a: Electabuzz
|-singleturn|p1a: Electabuzz|move: Follow Me
|move|p1b: Sneasler|Dire Claw|p2a: Amoonguss
|-damage|p2a: Amoonguss|14/100
|-status|p2a: Amoonguss|slp
|cant|p2a: Amoonguss|slp
|
|-end|p2a: Amoonguss|move: Taunt
|upkeep
|turn|16
|inactive|BobbySamuel has 30 seconds left.
|-message|BobbySamuel forfeited.
|
|win|dambro222
|l|☆BobbySamuel
|player|p2|
||BobbySamuel is ready for game 2.
||dambro222 is ready for game 2.
|uhtml|next|Next: Game 2 of 3
