|j|☆tempestuwumeow
|j|☆tobyga
|html|tempestuwumeowtobyga    
|uhtml|bestof|Game 3 of a best-of-3
|t:|1786165330
|gametype|doubles
|player|p1|tempestuwumeow|170|
|player|p2|tobyga|miku-flying|
|gen|9
|tier|[Gen 9 Champions] VGC 2026 Reg M-B (Bo3)
|rule|Species Clause: Limit one of each Pokémon
|rule|Item Clause: Limit 1 of each item
|clearpoke
|poke|p1|Delphox, L50, M|
|poke|p1|Whimsicott, L50, M|
|poke|p1|Basculegion, L50, M|
|poke|p1|Garchomp, L50, M|
|poke|p1|Reuniclus, L50, F|
|poke|p1|Vileplume, L50, F|
|poke|p2|Avalugg, L50, M|
|poke|p2|Charizard, L50, F|
|poke|p2|Venusaur, L50, F|
|poke|p2|Farigiraf, L50, M|
|poke|p2|Barbaracle, L50, M|
|poke|p2|Ariados, L50, F|
|teampreview|4
|showteam|p1|Delphox||Delphoxite|Blaze|Protect,HeatWave,Psychic,NastyPlot|Modest||M|||50|]Whimsicott||FocusSash|Chlorophyll|Tailwind,Taunt,Moonblast,Protect|Timid||M|||50|]Basculegion||SpellTag|Adaptability|WaveCrash,Protect,AquaJet,LastRespects|Jolly||M|||50|]Garchomp||ChoiceScarf|RoughSkin|Earthquake,RockSlide,DragonClaw,Outrage|Jolly||M|||50|]Reuniclus||LifeOrb|Overcoat|RockSlide,Imprison,TrickRoom,Psychic|Brave||F|||50|]Vileplume||OccaBerry|Chlorophyll|SleepPowder,SludgeBomb,Protect,WeatherBall|Bold||F|||50|
|showteam|p2|Avalugg||Leftovers|Sturdy|WideGuard,IcicleCrash,Crunch,Protect|Brave||M|||50|]Charizard||CharizarditeY|Blaze|HeatWave,WeatherBall,Protect,DragonPulse|Modest||F|||50|]Venusaur||FocusSash|Chlorophyll|AcidSpray,SleepPowder,EarthPower,GigaDrain|Timid||F|||50|]Farigiraf||SitrusBerry|ArmorTail|TrickRoom,Psychic,ThunderWave,FoulPlay|Sassy||M|||50|]Barbaracle||WhiteHerb|ToughClaws|ShellSmash,NightSlash,Liquidation,RockSlide|Adamant||M|||50|]Ariados||OccaBerry|Insomnia|RagePowder,Protect,StringShot,Megahorn|Careful||F|||50|
|j| Potatomonstr
|j| PuffTheCutie
|j| falba
|j| Peppersalt1
|inactive|Battle timer is ON: inactive players will automatically lose when time's up. (requested by tobyga)
|j| andorite2
|
|t:|1786165374
|teamsize|p1|4
|teamsize|p2|4
|start
|switch|p1a: Delphox|Delphox, L50, M|100/100
|switch|p1b: Whimsicott|Whimsicott, L50, M|100/100
|switch|p2a: Dragon Wannabe|Charizard, L50, F|100/100
|switch|p2b: Grass Dog Shaped|Venusaur, L50, F|100/100
|turn|1
|inactive|tempestuwumeow has 30 seconds left.
|inactive|tobyga has 30 seconds left.
|
|t:|1786165406
|detailschange|p1a: Delphox|Delphox-Mega, L50, M
|-mega|p1a: Delphox|Delphox|Delphoxite
|detailschange|p2a: Dragon Wannabe|Charizard-Mega-Y, L50, F
|-mega|p2a: Dragon Wannabe|Charizard|Charizardite Y
|-weather|SunnyDay|[from] ability: Drought|[of] p2a: Dragon Wannabe
|move|p1a: Delphox|Protect|p1a: Delphox
|-singleturn|p1a: Delphox|Protect
|move|p1b: Whimsicott|Tailwind|p1b: Whimsicott
|-sidestart|p1: tempestuwumeow|move: Tailwind
|move|p2b: Grass Dog Shaped|Acid Spray|p1a: Delphox
|-activate|p1a: Delphox|move: Protect
|move|p2a: Dragon Wannabe|Heat Wave|p1b: Whimsicott|[spread] p1b
|-activate|p1a: Delphox|move: Protect
|-supereffective|p1b: Whimsicott|1
|-enditem|p1b: Whimsicott|Focus Sash
|-damage|p1b: Whimsicott|1/100
|
|-weather|SunnyDay|[upkeep]
|upkeep
|turn|2
|inactive|tempestuwumeow has 30 seconds left.
|inactive|tobyga has 30 seconds left.
|inactive|tempestuwumeow has 20 seconds left.
|
|t:|1786165445
|switch|p2b: Wanna See A Trick?|Farigiraf, L50, M|100/100
|move|p1b: Whimsicott|Moonblast|p2b: Wanna See A Trick?
|-crit|p2b: Wanna See A Trick?
|-damage|p2b: Wanna See A Trick?|58/100
|move|p1a: Delphox|Psychic|p2b: Wanna See A Trick?
|-resisted|p2b: Wanna See A Trick?|1
|-damage|p2b: Wanna See A Trick?|37/100
|-enditem|p2b: Wanna See A Trick?|Sitrus Berry|[eat]
|-heal|p2b: Wanna See A Trick?|62/100|[from] item: Sitrus Berry
|move|p2a: Dragon Wannabe|Heat Wave|p1a: Delphox|[spread] p1a,p1b
|-resisted|p1a: Delphox|1
|-supereffective|p1b: Whimsicott|1
|-damage|p1a: Delphox|64/100
|-damage|p1b: Whimsicott|0 fnt
|faint|p1b: Whimsicott
|
|-weather|SunnyDay|[upkeep]
|upkeep
|
|t:|1786165456
|switch|p1b: Reuniclus|Reuniclus, L50, F|100/100
|turn|3
|inactive|tobyga has 30 seconds left.
|inactive|tobyga has 20 seconds left.
|inactive|tobyga has 15 seconds left.
|
|t:|1786165497
|move|p1a: Delphox|Heat Wave|p2b: Wanna See A Trick?|[spread] p2a,p2b
|-resisted|p2a: Dragon Wannabe|1
|-damage|p2a: Dragon Wannabe|66/100
|-damage|p2b: Wanna See A Trick?|15/100
|move|p2a: Dragon Wannabe|Weather Ball|p1b: Reuniclus
|-damage|p1b: Reuniclus|0 fnt
|faint|p1b: Reuniclus
|move|p2b: Wanna See A Trick?|Thunder Wave|p1a: Delphox
|-status|p1a: Delphox|par
|
|-weather|SunnyDay|[upkeep]
|upkeep
|
|t:|1786165504
|switch|p1b: Basculegion|Basculegion, L50, M|100/100
|turn|4
|
|t:|1786165536
|move|p2a: Dragon Wannabe|Protect|p2a: Dragon Wannabe
|-singleturn|p2a: Dragon Wannabe|Protect
|move|p1b: Basculegion|Wave Crash|p2a: Dragon Wannabe
|-activate|p2a: Dragon Wannabe|move: Protect
|move|p1a: Delphox|Heat Wave|p2b: Wanna See A Trick?|[spread] p2b
|-activate|p2a: Dragon Wannabe|move: Protect
|-damage|p2b: Wanna See A Trick?|0 fnt
|faint|p2b: Wanna See A Trick?
|
|-weather|SunnyDay|[upkeep]
|-sideend|p1: tempestuwumeow|move: Tailwind
|upkeep
|
|t:|1786165550
|switch|p2b: Grass Dog Shaped|Venusaur, L50, F|100/100
|turn|5
|
|t:|1786165569
|move|p1b: Basculegion|Protect|p1b: Basculegion
|-singleturn|p1b: Basculegion|Protect
|move|p1a: Delphox|Protect|p1a: Delphox
|-singleturn|p1a: Delphox|Protect
|move|p2b: Grass Dog Shaped|Giga Drain|p1b: Basculegion
|-activate|p1b: Basculegion|move: Protect
|move|p2a: Dragon Wannabe|Heat Wave|p1a: Delphox|[spread] 
|-activate|p1a: Delphox|move: Protect
|-activate|p1b: Basculegion|move: Protect
|
|-weather|none
|upkeep
|turn|6
|inactive|tobyga has 30 seconds left.
|inactive|tobyga has 20 seconds left.
|
|t:|1786165606
|move|p1b: Basculegion|Aqua Jet|p2b: Grass Dog Shaped
|-resisted|p2b: Grass Dog Shaped|1
|-damage|p2b: Grass Dog Shaped|84/100
|move|p2b: Grass Dog Shaped|Giga Drain|p1a: Delphox
|-resisted|p1a: Delphox|1
|-damage|p1a: Delphox|49/100 par
|-heal|p2b: Grass Dog Shaped|91/100|[from] drain|[of] p1a: Delphox
|move|p2a: Dragon Wannabe|Dragon Pulse|p1a: Delphox
|-damage|p1a: Delphox|10/100 par
|move|p1a: Delphox|Psychic|p2b: Grass Dog Shaped
|-supereffective|p2b: Grass Dog Shaped|1
|-damage|p2b: Grass Dog Shaped|0 fnt
|faint|p2b: Grass Dog Shaped
|
|upkeep
|
|t:|1786165618
|switch|p2b: Arctic Table|Avalugg, L50, M|100/100
|turn|7
|inactive|tempestuwumeow has 30 seconds left.
|inactive|tobyga has 30 seconds left.
|
|t:|1786165654
|move|p2a: Dragon Wannabe|Protect|p2a: Dragon Wannabe
|-singleturn|p2a: Dragon Wannabe|Protect
|move|p1a: Delphox|Protect|p1a: Delphox
|-singleturn|p1a: Delphox|Protect
|move|p1b: Basculegion|Last Respects|p2a: Dragon Wannabe
|-activate|p2a: Dragon Wannabe|move: Protect
|move|p2b: Arctic Table|Crunch|p1a: Delphox
|-activate|p1a: Delphox|move: Protect
|
|upkeep
|turn|8
|j| BambooCyclone
|inactive|tempestuwumeow has 30 seconds left.
|inactive|tempestuwumeow has 20 seconds left.
|inactive|tempestuwumeow has 15 seconds left.
|
|t:|1786165698
|move|p1a: Delphox|Protect||[still]
|-fail|p1a: Delphox
|move|p2a: Dragon Wannabe|Heat Wave|p1a: Delphox|[spread] p1a,p1b
|-resisted|p1a: Delphox|1
|-resisted|p1b: Basculegion|1
|-damage|p1a: Delphox|0 fnt
|-damage|p1b: Basculegion|72/100
|faint|p1a: Delphox
|move|p1b: Basculegion|Last Respects|p2a: Dragon Wannabe
|-damage|p2a: Dragon Wannabe|0 fnt
|faint|p2a: Dragon Wannabe
|move|p2b: Arctic Table|Crunch|p1b: Basculegion
|-supereffective|p1b: Basculegion|1
|-damage|p1b: Basculegion|1/100
|-unboost|p1b: Basculegion|def|1
|
|upkeep
|turn|9
|c|☆tobyga|gg
|c|☆tempestuwumeow|gg</3
|
|t:|1786165720
|move|p1b: Basculegion|Last Respects|p2b: Arctic Table
|-damage|p2b: Arctic Table|21/100
|move|p2b: Arctic Table|Crunch|p1b: Basculegion
|-supereffective|p1b: Basculegion|1
|-damage|p1b: Basculegion|0 fnt
|faint|p1b: Basculegion
|
|win|tobyga
|l| falba
