|j|☆entei enthusiast
|j|☆martharia
|html|entei enthusiastmartharia    
|uhtml|bestof|Game 3 of a best-of-3
|t:|1783026098
|gametype|doubles
|player|p1|entei enthusiast|kamado-armor|1085
|player|p2|martharia|101|1197
|gen|9
|tier|[Gen 9 Champions] VGC 2026 Reg M-B (Bo3)
|rated|
|rule|Species Clause: Limit one of each Pokémon
|rule|Item Clause: Limit 1 of each item
|clearpoke
|poke|p1|Gyarados, L50, F, shiny|
|poke|p1|Floette-Eternal, L50, F|
|poke|p1|Sneasler, L50, M|
|poke|p1|Sinistcha, L50|
|poke|p1|Garchomp, L50, F|
|poke|p1|Incineroar, L50, M|
|poke|p2|Delphox, L50, F, shiny|
|poke|p2|Meowscarada, L50, F|
|poke|p2|Quaquaval, L50, F|
|poke|p2|Talonflame, L50, F|
|poke|p2|Zoroark-Hisui, L50, F, shiny|
|poke|p2|Mawile, L50, F|
|teampreview|4
|showteam|p1|Gyarados||Gyaradosite|Intimidate|Waterfall,LashOut,DragonDance,Protect|Adamant||F|||50|]Floette-Eternal||Floettite|FlowerVeil|DrainingKiss,DazzlingGleam,CalmMind,Protect|Timid||F|||50|]Sneasler||FocusSash|PoisonTouch|CloseCombat,DireClaw,FakeOut,Coaching|Jolly||M|||50|]Sinistcha||SitrusBerry|Hospitality|MatchaGotcha,LifeDew,RagePowder,Protect|Calm|||||50|]Garchomp||LifeOrb|RoughSkin|DragonClaw,RockSlide,Earthquake,Protect|Jolly||F|||50|]Incineroar||PasshoBerry|Intimidate|FlareBlitz,FakeOut,PartingShot,Taunt|Careful||M|||50|
|showteam|p2|Delphox||Delphoxite|Blaze|HeatWave,Psychic,NastyPlot,Protect|Timid||F|||50|]Meowscarada||LifeOrb|Protean|FlowerTrick,ThroatChop,ThunderPunch,Protect|Jolly||F|||50|]Quaquaval||ExpertBelt|Moxie|AquaStep,CloseCombat,IceSpinner,Protect|Jolly||F|||50|]Talonflame||ChartiBerry|GaleWings|BraveBird,FeatherDance,Tailwind,QuickGuard|Jolly||F|||50|]Zoroark-Hisui||FocusSash|Illusion|BitterMalice,IcyWind,Roar,Protect|Timid||F|||50|]Mawile||Mawilite|HyperCutter|RockSlide,PlayRough,SuckerPunch,Protect|Adamant||F|||50|
|inactive|Battle timer is ON: inactive players will automatically lose when time's up. (requested by entei enthusiast)
|inactive|entei enthusiast has 60 seconds left.
|
|t:|1783026130
|teamsize|p1|4
|teamsize|p2|4
|start
|switch|p1a: Floette|Floette-Eternal, L50, F|100/100
|switch|p1b: Incineroar|Incineroar, L50, M|100/100
|switch|p2a: Delphox|Delphox, L50, F, shiny|100/100
|switch|p2b: Quaquaval|Quaquaval, L50, F|100/100
|-ability|p1b: Incineroar|Intimidate|boost
|-unboost|p2a: Delphox|atk|1
|-unboost|p2b: Quaquaval|atk|1
|turn|1
|inactive|martharia has 30 seconds left.
|inactive|martharia has 20 seconds left.
|inactive|martharia has 15 seconds left.
|inactive|martharia has 10 seconds left.
|inactive|martharia has 5 seconds left.
|
|t:|1783026182
|switch|p2b: Meowscarada|Meowscarada, L50, F|100/100
|detailschange|p2a: Delphox|Delphox-Mega, L50, F, shiny
|-mega|p2a: Delphox|Delphox|Delphoxite
|move|p2a: Delphox|Nasty Plot|p2a: Delphox
|-boost|p2a: Delphox|spa|2
|move|p1a: Floette|Dazzling Gleam|p2a: Delphox|[spread] p2a,p2b
|-resisted|p2a: Delphox|1
|-supereffective|p2b: Meowscarada|1
|-damage|p2a: Delphox|88/100
|-damage|p2b: Meowscarada|27/100
|move|p1b: Incineroar|Parting Shot|p2a: Delphox
|-unboost|p2a: Delphox|atk|1
|-unboost|p2a: Delphox|spa|1
|
|t:|1783026193
|switch|p1b: Gyarados|Gyarados, L50, F, shiny|100/100|[from] Parting Shot
|-ability|p1b: Gyarados|Intimidate|boost
|-unboost|p2a: Delphox|atk|1
|-unboost|p2b: Meowscarada|atk|1
|
|upkeep
|turn|2
|
|t:|1783026209
|switch|p1a: Incineroar|Incineroar, L50, M|100/100
|-ability|p1a: Incineroar|Intimidate|boost
|-unboost|p2a: Delphox|atk|1
|-unboost|p2b: Meowscarada|atk|1
|detailschange|p1b: Gyarados|Gyarados-Mega, L50, F, shiny
|-mega|p1b: Gyarados|Gyarados|Gyaradosite
|-ability|p1b: Gyarados|Mold Breaker
|move|p2a: Delphox|Psychic|p1a: Incineroar
|-immune|p1a: Incineroar
|move|p2b: Meowscarada|Thunder Punch|p1b: Gyarados
|-start|p2b: Meowscarada|typechange|Electric|[from] ability: Protean
|-supereffective|p1b: Gyarados|1
|-damage|p1b: Gyarados|61/100
|-damage|p2b: Meowscarada|17/100|[from] item: Life Orb
|move|p1b: Gyarados|Lash Out|p2a: Delphox
|-supereffective|p2a: Delphox|1
|-damage|p2a: Delphox|0 fnt
|faint|p2a: Delphox
|
|upkeep
|
|t:|1783026215
|switch|p2a: Quaquaval|Quaquaval, L50, F|100/100
|turn|3
|inactive|entei enthusiast has 30 seconds left.
|
|t:|1783026245
|move|p1a: Incineroar|Fake Out|p2a: Quaquaval
|-damage|p2a: Quaquaval|85/100
|move|p2b: Meowscarada|Flower Trick|p1b: Gyarados
|-supereffective|p1b: Gyarados|1
|-crit|p1b: Gyarados
|-damage|p1b: Gyarados|0 fnt
|faint|p1b: Gyarados
|-damage|p2b: Meowscarada|7/100|[from] item: Life Orb
|cant|p2a: Quaquaval|flinch
|
|upkeep
|
|t:|1783026252
|switch|p1b: Floette|Floette-Eternal, L50, F|100/100
|turn|4
|
|t:|1783026258
|switch|p1a: Sinistcha|Sinistcha, L50|100/100
|move|p2a: Quaquaval|Protect|p2a: Quaquaval
|-singleturn|p2a: Quaquaval|Protect
|move|p2b: Meowscarada|Flower Trick|p1b: Floette
|-crit|p1b: Floette
|-damage|p1b: Floette|39/100
|-damage|p2b: Meowscarada|0 fnt|[from] item: Life Orb
|faint|p2b: Meowscarada
|move|p1b: Floette|Dazzling Gleam|p2a: Quaquaval
|-activate|p2a: Quaquaval|move: Protect
|
|upkeep
|
|t:|1783026262
|switch|p2b: Talonflame|Talonflame, L50, F|100/100
|turn|5
|
|t:|1783026283
|move|p1a: Sinistcha|Rage Powder|p1a: Sinistcha
|-singleturn|p1a: Sinistcha|move: Rage Powder
|move|p2b: Talonflame|Brave Bird|p1a: Sinistcha
|-supereffective|p1a: Sinistcha|1
|-damage|p1a: Sinistcha|11/100
|-enditem|p1a: Sinistcha|Sitrus Berry|[eat]
|-heal|p1a: Sinistcha|35/100|[from] item: Sitrus Berry
|-damage|p2b: Talonflame|67/100|[from] Recoil
|move|p1b: Floette|Draining Kiss|p2a: Quaquaval
|-supereffective|p2a: Quaquaval|1
|-damage|p2a: Quaquaval|22/100
|-heal|p1b: Floette|83/100|[from] drain|[of] p2a: Quaquaval
|move|p2a: Quaquaval|Aqua Step|p1a: Sinistcha
|-resisted|p1a: Sinistcha|1
|-damage|p1a: Sinistcha|19/100
|-boost|p2a: Quaquaval|spe|1
|
|upkeep
|turn|6
|inactive|martharia has 30 seconds left.
|inactive|martharia has 20 seconds left.
|inactive|martharia has 15 seconds left.
|inactive|martharia has 10 seconds left.
|
|t:|1783026331
|switch|p1a: Incineroar|Incineroar, L50, M|100/100
|-ability|p1a: Incineroar|Intimidate|boost
|-unboost|p2a: Quaquaval|atk|1
|-unboost|p2b: Talonflame|atk|1
|move|p2a: Quaquaval|Ice Spinner|p1b: Floette
|-damage|p1b: Floette|61/100
|move|p2b: Talonflame|Brave Bird|p1b: Floette
|-damage|p1b: Floette|21/100
|-damage|p2b: Talonflame|53/100|[from] Recoil
|move|p1b: Floette|Dazzling Gleam|p2b: Talonflame|[spread] p2a,p2b
|-supereffective|p2a: Quaquaval|1
|-resisted|p2b: Talonflame|1
|-damage|p2a: Quaquaval|0 fnt
|-damage|p2b: Talonflame|34/100
|faint|p2a: Quaquaval
|
|upkeep
|turn|7
|-message|martharia forfeited.
|
|win|entei enthusiast
|raw|entei enthusiast's rating: 1085 → 1121(+36 for winning)
|raw|martharia's rating: 1197 → 1164(-33 for losing)
|l|☆martharia
|player|p2|
