|j|☆ElDannyBoy510
|j|☆playrornds
|html|ElDannyBoy510playrornds    
|uhtml|bestof|Game 1 of a best-of-3
|t:|1756597136
|gametype|doubles
|player|p1|ElDannyBoy510|red-masters|1000
|player|p2|playrornds|giovanni-gen1rb|1085
|gen|9
|tier|[Gen 9] VGC 2025 Reg H (Bo3)
|rated|
|rule|Species Clause: Limit one of each Pokémon
|rule|Item Clause: Limit 1 of each item
|clearpoke
|poke|p1|Vivillon-Pokeball, L50, M|
|poke|p1|Gholdengo, L50|
|poke|p1|Garchomp, L50, M|
|poke|p1|Talonflame, L50, M|
|poke|p1|Ninetales-Alola, L50, F|
|poke|p1|Annihilape, L50, M|
|poke|p2|Gholdengo, L50|
|poke|p2|Kilowattrel, L50, M|
|poke|p2|Ursaluna, L50, M|
|poke|p2|Porygon2, L50|
|poke|p2|Incineroar, L50, F|
|poke|p2|Amoonguss, L50, M|
|teampreview|4
|showteam|p1|Vivillon-Pokeball||FocusSash|CompoundEyes|RagePowder,SleepPowder,Hurricane,Protect|||M|||50|,,,,,Ghost]Gholdengo||IronPlate|GoodasGold|MakeItRain,NastyPlot,ShadowBall,Protect||||||50|,,,,,Steel]Garchomp||LifeOrb|RoughSkin|Earthquake,DragonClaw,StompingTantrum,Protect|||M|||50|,,,,,Steel]Talonflame||SharpBeak|GaleWings|DualWingbeat,Tailwind,WillOWisp,Protect|||M|||50|,,,,,Ghost]Ninetales-Alola||CovertCloak|SnowWarning|FreezeDry,AuroraVeil,Blizzard,Protect|||F|||50|,,,,,Ice]Annihilape||SafetyGoggles|Defiant|RageFist,BulkUp,DrainPunch,Protect|||M|||50|,,,,,Water
|showteam|p2|Gholdengo||LifeOrb|GoodasGold|MakeItRain,ShadowBall,NastyPlot,Protect||||||50|,,,,,Water]Kilowattrel||FocusSash|Competitive|Thunderbolt,AirSlash,Tailwind,Protect|||M|||50|,,,,,Ghost]Ursaluna||FlameOrb|Guts|Facade,HeadlongRush,Earthquake,Protect|||M|||50|,,,,,Fairy]Porygon2||Eviolite|Download|TeraBlast,IceBeam,Recover,TrickRoom||||||50|,,,,,Fighting]Incineroar||AssaultVest|Intimidate|FakeOut,FlareBlitz,KnockOff,Uturn|||F|||50|,,,,,Grass]Amoonguss||SitrusBerry|Regenerator|SludgeBomb,Spore,RagePowder,Protect|||M|||50|,,,,,Water
|
|t:|1756597203
|teamsize|p1|4
|teamsize|p2|4
|start
|switch|p1a: Fubuki|Ninetales-Alola, L50, F|100/100
|switch|p1b: Megalodon|Garchomp, L50, M|100/100
|switch|p2a: Incineroar|Incineroar, L50, F|100/100
|switch|p2b: Porygon2|Porygon2, L50|100/100
|-weather|Snowscape|[from] ability: Snow Warning|[of] p1a: Fubuki
|-ability|p2a: Incineroar|Intimidate|boost
|-unboost|p1a: Fubuki|atk|1
|-unboost|p1b: Megalodon|atk|1
|-ability|p2b: Porygon2|Download|boost
|-boost|p2b: Porygon2|atk|1
|turn|1
|
|t:|1756597245
|move|p1a: Fubuki|Protect|p1a: Fubuki
|-singleturn|p1a: Fubuki|Protect
|move|p1b: Megalodon|Earthquake|p2a: Incineroar|[spread] p2a,p2b
|-activate|p1a: Fubuki|move: Protect
|-supereffective|p2a: Incineroar
|-damage|p2a: Incineroar|33/100
|-damage|p2b: Porygon2|80/100
|-damage|p1b: Megalodon|91/100|[from] item: Life Orb
|move|p2a: Incineroar|U-turn|p1a: Fubuki
|-activate|p1a: Fubuki|move: Protect
|move|p2b: Porygon2|Trick Room|p2b: Porygon2
|-fieldstart|move: Trick Room|[of] p2b: Porygon2
|
|-weather|Snowscape|[upkeep]
|upkeep
|turn|2
|
|t:|1756597278
|move|p1b: Megalodon|Protect|p1b: Megalodon
|-singleturn|p1b: Megalodon|Protect
|move|p2b: Porygon2|Ice Beam|p1b: Megalodon
|-activate|p1b: Megalodon|move: Protect
|move|p2a: Incineroar|Flare Blitz|p1a: Fubuki
|-supereffective|p1a: Fubuki
|-damage|p1a: Fubuki|0 fnt
|faint|p1a: Fubuki
|-damage|p2a: Incineroar|8/100|[from] Recoil
|
|-weather|Snowscape|[upkeep]
|upkeep
|
|t:|1756597301
|switch|p1a: Requiem|Gholdengo, L50|100/100
|turn|3
|
|t:|1756597312
|switch|p1b: Talon|Talonflame, L50, M|100/100
|move|p1a: Requiem|Protect|p1a: Requiem
|-singleturn|p1a: Requiem|Protect
|move|p2b: Porygon2|Ice Beam|p1b: Talon
|-damage|p1b: Talon|62/100
|-status|p1b: Talon|frz
|move|p2a: Incineroar|Flare Blitz|p1a: Requiem
|-activate|p1a: Requiem|move: Protect
|
|-weather|Snowscape|[upkeep]
|upkeep
|turn|4
|
|t:|1756597336
|switch|p1a: Megalodon|Garchomp, L50, M|91/100
|move|p2b: Porygon2|Ice Beam|p1b: Talon
|-damage|p1b: Talon|25/100 frz
|move|p2a: Incineroar|Flare Blitz|p1a: Megalodon
|-resisted|p1a: Megalodon
|-crit|p1a: Megalodon
|-damage|p1a: Megalodon|48/100
|-damage|p2a: Incineroar|0 fnt|[from] ability: Rough Skin|[of] p1a: Megalodon
|faint|p2a: Incineroar
|-curestatus|p1b: Talon|frz|[msg]
|move|p1b: Talon|Tailwind|p1b: Talon
|-sidestart|p1: ElDannyBoy510|move: Tailwind
|
|-weather|Snowscape|[upkeep]
|upkeep
|
|t:|1756597350
|switch|p2a: Ursaluna|Ursaluna, L50, M|100/100
|turn|5
|
|t:|1756597388
|move|p1a: Megalodon|Protect|p1a: Megalodon
|-singleturn|p1a: Megalodon|Protect
|move|p1b: Talon|Protect|p1b: Talon
|-singleturn|p1b: Talon|Protect
|move|p2b: Porygon2|Tera Blast|p1b: Talon
|-activate|p1b: Talon|move: Protect
|move|p2a: Ursaluna|Headlong Rush|p1a: Megalodon
|-activate|p1a: Megalodon|move: Protect
|
|-weather|none
|-fieldend|move: Trick Room
|-status|p2a: Ursaluna|brn|[from] item: Flame Orb
|upkeep
|turn|6
|
|t:|1756597418
|move|p1b: Talon|Dual Wingbeat|p2b: Porygon2
|-damage|p2b: Porygon2|69/100
|-damage|p2b: Porygon2|59/100
|-hitcount|p2b: Porygon2|2
|move|p1a: Megalodon|Earthquake|p2a: Ursaluna|[spread] p2a,p2b
|-immune|p1b: Talon
|-damage|p2a: Ursaluna|57/100 brn
|-damage|p2b: Porygon2|28/100
|-damage|p1a: Megalodon|39/100|[from] item: Life Orb
|move|p2a: Ursaluna|Facade|p1b: Talon
|-damage|p1b: Talon|0 fnt
|faint|p1b: Talon
|move|p2b: Porygon2|Trick Room|p2b: Porygon2
|-fieldstart|move: Trick Room|[of] p2b: Porygon2
|
|-damage|p2a: Ursaluna|51/100 brn|[from] brn
|upkeep
|
|t:|1756597432
|switch|p1b: Requiem|Gholdengo, L50|100/100
|turn|7
|
|t:|1756597451
|-terastallize|p1a: Megalodon|Steel
|move|p1b: Requiem|Protect|p1b: Requiem
|-singleturn|p1b: Requiem|Protect
|move|p2b: Porygon2|Recover|p2b: Porygon2
|-heal|p2b: Porygon2|78/100
|move|p2a: Ursaluna|Earthquake|p1b: Requiem|[spread] p2b,p1a
|-activate|p1b: Requiem|move: Protect
|-supereffective|p1a: Megalodon
|-damage|p2b: Porygon2|40/100
|-damage|p1a: Megalodon|0 fnt
|faint|p1a: Megalodon
|
|-damage|p2a: Ursaluna|45/100 brn|[from] brn
|-sideend|p1: ElDannyBoy510|move: Tailwind
|upkeep
|turn|8
|
|t:|1756597466
|move|p2b: Porygon2|Ice Beam|p1b: Requiem
|-resisted|p1b: Requiem
|-damage|p1b: Requiem|86/100
|move|p2a: Ursaluna|Headlong Rush|p1b: Requiem
|-supereffective|p1b: Requiem
|-damage|p1b: Requiem|0 fnt
|-unboost|p2a: Ursaluna|def|1
|-unboost|p2a: Ursaluna|spd|1
|faint|p1b: Requiem
|
|win|playrornds
