|j|☆BlackStag52
|j|☆gene takavic
|html|<table width="100%"><tr><td align="left">BlackStag52</td><td align="right">gene takavic</tr><tr><td align="left"><i class="fa fa-circle"></i> <i class="fa fa-circle-o"></i> </td><td align="right"><i class="fa fa-circle-o"></i> <i class="fa fa-circle"></i> </tr></table>
|uhtml|bestof|<h2><strong>Game 3</strong> of <a href="/game-bestof3-gen9vgc2025reghbo3-2428713636">a best-of-3</a></h2>
|t:|1756175581
|gametype|doubles
|player|p1|BlackStag52|beauty|1060
|player|p2|gene takavic|rika|1000
|gen|9
|tier|[Gen 9] VGC 2025 Reg H (Bo3)
|rated|
|rule|Species Clause: Limit one of each Pokémon
|rule|Item Clause: Limit 1 of each item
|clearpoke
|poke|p1|Kingambit, L50, M|
|poke|p1|Gallade, L50, M|
|poke|p1|Indeedee-F, L50, F|
|poke|p1|Rampardos, L50, F|
|poke|p1|Amoonguss, L50, M|
|poke|p1|Incineroar, L50, F|
|poke|p2|Maushold, L50|
|poke|p2|Annihilape, L50, M|
|poke|p2|Gholdengo, L50|
|poke|p2|Ursaluna-Bloodmoon, L50, M|
|poke|p2|Rillaboom, L50, F|
|poke|p2|Dragonite, L50, M|
|teampreview|4
|showteam|p1|Kingambit||BlackGlasses|Defiant|KowtowCleave,IronHead,Protect,PoisonJab|||M|||50|,,,,,Psychic]Gallade||ClearAmulet|Sharpness|SacredSword,TrickRoom,PsychoCut,WideGuard|||M|||50|,,,,,Dark]Indeedee-F||PsychicSeed|PsychicSurge|TrickRoom,FollowMe,HelpingHand,HyperVoice|||F|||50|,,,,,Fairy]Rampardos||LifeOrb|SheerForce|RockSlide,HammerArm,Protect,BreakingSwipe|||F|||50|,,,,,Dragon]Amoonguss||Leftovers|Regenerator|Spore,RagePowder,SludgeBomb,PollenPuff|||M|||50|,,,,,Dark]Incineroar||SafetyGoggles|Intimidate|FakeOut,PartingShot,KnockOff,FlareBlitz|||F|||50|,,,,,Ghost
|showteam|p2|Maushold||WideLens|FriendGuard|FollowMe,PopulationBomb,Taunt,Protect||||||50|,,,,,Normal]Annihilape||SafetyGoggles|Defiant|RageFist,CloseCombat,FinalGambit,Protect|||M|||50|,,,,,Steel]Gholdengo||LifeOrb|GoodasGold|Protect,MakeItRain,ShadowBall,NastyPlot||||||50|,,,,,Water]Ursaluna-Bloodmoon||AssaultVest|MindsEye|BloodMoon,EarthPower,VacuumWave,HyperVoice|||M|||50|,,,,,Water]Rillaboom||SitrusBerry|Overgrow|GrassyGlide,HighHorsepower,WoodHammer,FakeOut|||F|||50|,,,,,Fire]Dragonite||LoadedDice|Multiscale|ScaleShot,ExtremeSpeed,Tailwind,Protect|||M|||50|,,,,,Steel
|
|t:|1756175605
|teamsize|p1|4
|teamsize|p2|4
|start
|switch|p1a: Indeedee|Indeedee-F, L50, F|100/100
|switch|p1b: Gallade|Gallade, L50, M|100/100
|switch|p2a: Maushold|Maushold, L50|100/100
|switch|p2b: Gholdengo|Gholdengo, L50|100/100
|-fieldstart|move: Psychic Terrain|[from] ability: Psychic Surge|[of] p1a: Indeedee
|-enditem|p1a: Indeedee|Psychic Seed
|-boost|p1a: Indeedee|spd|1|[from] item: Psychic Seed
|turn|1
|
|t:|1756175618
|switch|p2b: Rillaboom|Rillaboom, L50, F|100/100
|move|p1a: Indeedee|Follow Me|p1a: Indeedee
|-singleturn|p1a: Indeedee|move: Follow Me
|move|p2a: Maushold|Taunt|p1a: Indeedee
|-start|p1a: Indeedee|move: Taunt
|move|p1b: Gallade|Trick Room|p1b: Gallade
|-fieldstart|move: Trick Room|[of] p1b: Gallade
|
|upkeep
|turn|2
|
|t:|1756175662
|switch|p1a: Incineroar|Incineroar, L50, F|100/100
|-ability|p1a: Incineroar|Intimidate|boost
|-unboost|p2a: Maushold|atk|1
|-unboost|p2b: Rillaboom|atk|1
|switch|p2a: Gholdengo|Gholdengo, L50|100/100
|move|p1b: Gallade|Sacred Sword|p2a: Gholdengo
|-immune|p2a: Gholdengo
|move|p2b: Rillaboom|Wood Hammer|p1b: Gallade
|-damage|p1b: Gallade|46/100
|-damage|p2b: Rillaboom|85/100|[from] Recoil
|
|upkeep
|turn|3
|
|t:|1756175707
|move|p1a: Incineroar|Flare Blitz|p2b: Rillaboom
|-supereffective|p2b: Rillaboom
|-damage|p2b: Rillaboom|1/100
|-enditem|p2b: Rillaboom|Sitrus Berry|[eat]
|-heal|p2b: Rillaboom|26/100|[from] item: Sitrus Berry
|-damage|p1a: Incineroar|72/100|[from] Recoil
|move|p1b: Gallade|Psycho Cut|p2a: Gholdengo
|-resisted|p2a: Gholdengo
|-damage|p2a: Gholdengo|63/100
|move|p2b: Rillaboom|Wood Hammer|p1b: Gallade
|-damage|p1b: Gallade|0 fnt
|faint|p1b: Gallade
|-damage|p2b: Rillaboom|13/100|[from] Recoil
|move|p2a: Gholdengo|Shadow Ball|p1a: Incineroar
|-resisted|p1a: Incineroar
|-damage|p1a: Incineroar|50/100
|-unboost|p1a: Incineroar|spd|1
|-damage|p2a: Gholdengo|54/100|[from] item: Life Orb
|
|upkeep
|
|t:|1756175719
|switch|p1b: Kingambit|Kingambit, L50, M|100/100
|turn|4
|
|t:|1756175736
|move|p2a: Gholdengo|Protect|p2a: Gholdengo
|-singleturn|p2a: Gholdengo|Protect
|move|p1b: Kingambit|Poison Jab|p2b: Rillaboom
|-supereffective|p2b: Rillaboom
|-damage|p2b: Rillaboom|0 fnt
|faint|p2b: Rillaboom
|move|p1a: Incineroar|Flare Blitz|p2a: Gholdengo
|-activate|p2a: Gholdengo|move: Protect
|
|upkeep
|
|t:|1756175738
|switch|p2b: Maushold|Maushold, L50|100/100
|turn|5
|
|t:|1756175751
|move|p2b: Maushold|Follow Me|p2b: Maushold
|-singleturn|p2b: Maushold|move: Follow Me
|move|p1b: Kingambit|Kowtow Cleave|p2b: Maushold
|-damage|p2b: Maushold|0 fnt
|faint|p2b: Maushold
|move|p1a: Incineroar|Flare Blitz|p2a: Gholdengo
|-supereffective|p2a: Gholdengo
|-damage|p2a: Gholdengo|0 fnt
|faint|p2a: Gholdengo
|-damage|p1a: Incineroar|35/100|[from] Recoil
|
|-fieldend|move: Trick Room
|-fieldend|move: Psychic Terrain
|upkeep
|c|☆gene takavic|that roll </3
|
|t:|1756175783
|switch|p2a: Ursaluna|Ursaluna-Bloodmoon, L50, M|100/100
|turn|6
|c|☆BlackStag52|wait which roll?
|c|☆gene takavic|kowtow on maushold
|
|t:|1756175802
|-terastallize|p2a: Ursaluna|Water
|move|p1b: Kingambit|Protect|p1b: Kingambit
|-singleturn|p1b: Kingambit|Protect
|move|p2a: Ursaluna|Earth Power|p1b: Kingambit
|-activate|p1b: Kingambit|move: Protect
|move|p1a: Incineroar|Parting Shot|p2a: Ursaluna
|-unboost|p2a: Ursaluna|atk|1
|-unboost|p2a: Ursaluna|spa|1
|c|☆gene takavic|if youre adamant 252 its only 25% chance to ko
|
|t:|1756175818
|switch|p1a: Indeedee|Indeedee-F, L50, F|100/100|[from] Parting Shot
|-fieldstart|move: Psychic Terrain|[from] ability: Psychic Surge|[of] p1a: Indeedee
|
|upkeep
|turn|7
|
|t:|1756175827
|switch|p1b: Incineroar|Incineroar, L50, F|35/100
|-ability|p1b: Incineroar|Intimidate|boost
|-unboost|p2a: Ursaluna|atk|1
|move|p2a: Ursaluna|Hyper Voice|p1b: Incineroar|[spread] p1a,p1b
|-crit|p1b: Incineroar
|-damage|p1a: Indeedee|78/100
|-damage|p1b: Incineroar|0 fnt
|faint|p1b: Incineroar
|move|p1a: Indeedee|Trick Room|p1a: Indeedee
|-fieldstart|move: Trick Room|[of] p1a: Indeedee
|
|upkeep
|c|☆BlackStag52|oh right lol
|
|t:|1756175837
|switch|p1b: Kingambit|Kingambit, L50, M|100/100
|turn|8
|
|t:|1756175852
|move|p1a: Indeedee|Helping Hand|p1b: Kingambit
|-singleturn|p1b: Kingambit|Helping Hand|[of] p1a: Indeedee
|move|p1b: Kingambit|Kowtow Cleave|p2a: Ursaluna
|-damage|p2a: Ursaluna|29/100
|move|p2a: Ursaluna|Blood Moon|p1a: Indeedee
|-damage|p1a: Indeedee|32/100
|
|upkeep
|turn|9
|
|t:|1756175862
|move|p1a: Indeedee|Helping Hand|p1b: Kingambit
|-singleturn|p1b: Kingambit|Helping Hand|[of] p1a: Indeedee
|move|p1b: Kingambit|Kowtow Cleave|p2a: Ursaluna
|-damage|p2a: Ursaluna|0 fnt
|faint|p2a: Ursaluna
|
|win|BlackStag52
|raw|BlackStag52's rating: 1060 &rarr; <strong>1086</strong><br />(+26 for winning)
|raw|gene takavic's rating: 1000 &rarr; <strong>1000</strong><br />(+0 for losing)