|j|☆BLGNB
|j|☆bea alonzo 3>e
|html|BLGNBbea alonzo 3>e    
|uhtml|bestof|Game 1 of a best-of-3
|t:|1785215720
|gametype|doubles
|player|p1|BLGNB|veteranf|1033
|player|p2|bea alonzo 3>e|266|1084
|gen|9
|tier|[Gen 9 Champions] VGC 2026 Reg M-B (Bo3)
|rated|
|rule|Species Clause: Limit one of each Pokémon
|rule|Item Clause: Limit 1 of each item
|clearpoke
|poke|p1|Slowking-Galar, L50, F|
|poke|p1|Mawile, L50, M|
|poke|p1|Milotic, L50, F|
|poke|p1|Sinistcha-Masterpiece, L50|
|poke|p1|Mudsdale, L50, F|
|poke|p1|Incineroar, L50, M|
|poke|p2|Basculegion, L50, M|
|poke|p2|Scizor, L50, F|
|poke|p2|Tyranitar, L50, F|
|poke|p2|Sneasler, L50, F|
|poke|p2|Corviknight, L50, F|
|poke|p2|Garchomp, L50, M|
|teampreview|4
|showteam|p1|Slowking-Galar||MentalHerb|Regenerator|TrickRoom,Yawn,SlackOff,SludgeWave|Sassy||F|||50|]Mawile||Mawilite|Intimidate|SuckerPunch,SwordsDance,PlayRough,IronHead|Brave||M|||50|]Milotic||Leftovers|Competitive|Recover,Protect,AlluringVoice,Scald|Sassy||F|||50|]Sinistcha-Masterpiece||MiracleSeed|Hospitality|MatchaGotcha,Protect,Scald,TrickRoom|Quiet|||||50|]Mudsdale||LifeOrb|Stamina|BodyPress,HighHorsepower,Protect,Endure|Relaxed||F|||50|]Incineroar||SitrusBerry|Intimidate|FakeOut,FlareBlitz,WillOWisp,PartingShot|Brave||M|||50|
|showteam|p2|Basculegion||SitrusBerry|Adaptability|WaveCrash,LastRespects,AquaJet,Protect|Jolly||M|||50|]Scizor||LifeOrb|Technician|BulletPunch,BugBite,SwordsDance,Protect|Adamant||F|||50|]Tyranitar||ChoiceScarf|SandStream|RockSlide,KnockOff,IcePunch,Superpower|Jolly||F|||50|]Sneasler||FocusSash|PoisonTouch|PoisonJab,CloseCombat,FakeOut,Protect|Jolly||F|||50|]Corviknight||Leftovers|MirrorArmor|IronHead,BraveBird,Tailwind,Protect|Impish||F|||50|]Garchomp||Garchompite|SandVeil|EarthPower,DracoMeteor,PowerGem,Protect|Modest||M|||50|
|inactive|Battle timer is ON: inactive players will automatically lose when time's up. (requested by BLGNB)
|inactive|bea alonzo 3>e has 60 seconds left.
|
|t:|1785215806
|teamsize|p1|4
|teamsize|p2|4
|start
|switch|p1a: Sinistcha|Sinistcha-Masterpiece, L50|100/100
|switch|p1b: Incineroar|Incineroar, L50, M|100/100
|switch|p2a: Scizor|Scizor, L50, F|100/100
|switch|p2b: Garchomp|Garchomp, L50, M|100/100
|-ability|p1b: Incineroar|Intimidate|boost
|-unboost|p2a: Scizor|atk|1
|-unboost|p2b: Garchomp|atk|1
|turn|1
|inactive|bea alonzo 3>e has 30 seconds left.
|inactive|bea alonzo 3>e has 20 seconds left.
|
|t:|1785215844
|move|p1b: Incineroar|Fake Out|p2b: Garchomp
|-damage|p2b: Garchomp|87/100
|cant|p2b: Garchomp|flinch
|move|p2a: Scizor|Bug Bite|p1a: Sinistcha
|-damage|p1a: Sinistcha|53/100
|-damage|p2a: Scizor|90/100|[from] item: Life Orb
|move|p1a: Sinistcha|Trick Room|p1a: Sinistcha
|-fieldstart|move: Trick Room|[of] p1a: Sinistcha
|
|upkeep
|turn|2
|inactive|bea alonzo 3>e has 30 seconds left.
|
|t:|1785215878
|detailschange|p2b: Garchomp|Garchomp-Mega, L50, M
|-mega|p2b: Garchomp|Garchomp|Garchompite
|move|p2a: Scizor|Protect|p2a: Scizor
|-singleturn|p2a: Scizor|Protect
|move|p1b: Incineroar|Will-O-Wisp|p2b: Garchomp
|-status|p2b: Garchomp|brn
|move|p1a: Sinistcha|Matcha Gotcha|p2b: Garchomp|[spread] p2b
|-activate|p2a: Scizor|move: Protect
|-damage|p2b: Garchomp|50/100g brn
|-heal|p1a: Sinistcha|74/100|[from] drain|[of] p2b: Garchomp
|move|p2b: Garchomp|Earth Power|p1b: Incineroar
|-supereffective|p1b: Incineroar|1
|-damage|p1b: Incineroar|15/100
|-enditem|p1b: Incineroar|Sitrus Berry|[eat]
|-heal|p1b: Incineroar|40/100|[from] item: Sitrus Berry
|
|-damage|p2b: Garchomp|44/100 brn|[from] brn
|upkeep
|turn|3
|inactive|BLGNB has 30 seconds left.
|inactive|bea alonzo 3>e has 30 seconds left.
|inactive|bea alonzo 3>e has 20 seconds left.
|
|t:|1785215917
|switch|p2a: Basculegion|Basculegion, L50, M|100/100
|move|p1b: Incineroar|Flare Blitz|p2a: Basculegion
|-resisted|p2a: Basculegion|1
|-damage|p2a: Basculegion|66/100
|-damage|p1b: Incineroar|29/100|[from] Recoil
|move|p1a: Sinistcha|Matcha Gotcha|p2a: Basculegion|[spread] p2a,p2b
|-supereffective|p2a: Basculegion|1
|-damage|p2a: Basculegion|0 fnt
|-heal|p1a: Sinistcha|100/100|[from] drain|[of] p2a: Basculegion
|-damage|p2b: Garchomp|3/100 brn
|faint|p2a: Basculegion
|move|p2b: Garchomp|Draco Meteor|p1a: Sinistcha
|-damage|p1a: Sinistcha|10/100
|-unboost|p2b: Garchomp|spa|2
|
|-damage|p2b: Garchomp|0 fnt|[from] brn
|faint|p2b: Garchomp
|upkeep
|
|t:|1785215936
|switch|p2a: Corviknight|Corviknight, L50, F|100/100
|switch|p2b: Scizor|Scizor, L50, F|90/100
|turn|4
|inactive|bea alonzo 3>e has 30 seconds left.
|
|t:|1785215965
|move|p1b: Incineroar|Flare Blitz|p2a: Corviknight
|-supereffective|p2a: Corviknight|1
|-damage|p2a: Corviknight|17/100
|-damage|p1b: Incineroar|1/100|[from] Recoil
|move|p1a: Sinistcha|Matcha Gotcha|p2b: Scizor|[spread] p2a,p2b
|-resisted|p2a: Corviknight|2
|-resisted|p2b: Scizor|2
|-damage|p2a: Corviknight|9/100
|-heal|p1a: Sinistcha|15/100|[from] drain|[of] p2a: Corviknight
|-damage|p2b: Scizor|78/100
|-heal|p1a: Sinistcha|21/100|[from] drain|[of] p2b: Scizor
|-status|p2b: Scizor|brn
|move|p2b: Scizor|Swords Dance|p2b: Scizor
|-boost|p2b: Scizor|atk|2
|move|p2a: Corviknight|Brave Bird|p1a: Sinistcha
|-supereffective|p1a: Sinistcha|1
|-damage|p1a: Sinistcha|0 fnt
|faint|p1a: Sinistcha
|-damage|p2a: Corviknight|2/100|[from] Recoil
|
|-heal|p2a: Corviknight|8/100|[from] item: Leftovers
|-damage|p2b: Scizor|72/100 brn|[from] brn
|upkeep
|inactive|BLGNB has 30 seconds left.
|
|t:|1785215994
|switch|p1a: Mawile|Mawile, L50, M|100/100
|-ability|p1a: Mawile|Intimidate|boost
|-ability|p2a: Corviknight|Mirror Armor
|-unboost|p1a: Mawile|atk|1
|-unboost|p2b: Scizor|atk|1
|turn|5
|
|t:|1785216017
|detailschange|p1a: Mawile|Mawile-Mega, L50, M
|-mega|p1a: Mawile|Mawile|Mawilite
|move|p2b: Scizor|Protect|p2b: Scizor
|-singleturn|p2b: Scizor|Protect
|move|p2a: Corviknight|Protect|p2a: Corviknight
|-singleturn|p2a: Corviknight|Protect
|move|p1a: Mawile|Iron Head|p2a: Corviknight
|-activate|p2a: Corviknight|move: Protect
|move|p1b: Incineroar|Flare Blitz|p2b: Scizor
|-activate|p2b: Scizor|move: Protect
|
|-heal|p2a: Corviknight|14/100|[from] item: Leftovers
|-damage|p2b: Scizor|66/100 brn|[from] brn
|-fieldend|move: Trick Room
|upkeep
|turn|6
|inactive|BLGNB has 30 seconds left.
|
|t:|1785216043
|move|p1a: Mawile|Sucker Punch|p2a: Corviknight
|-damage|p2a: Corviknight|0 fnt
|faint|p2a: Corviknight
|move|p2b: Scizor|Swords Dance|p2b: Scizor
|-boost|p2b: Scizor|atk|2
|move|p1b: Incineroar|Flare Blitz|p2b: Scizor
|-supereffective|p2b: Scizor|2
|-damage|p2b: Scizor|0 fnt
|faint|p2b: Scizor
|-damage|p1b: Incineroar|0 fnt|[from] Recoil
|faint|p1b: Incineroar
|
|win|BLGNB
|inactive|BLGNB has 30 seconds to confirm battle start!
|inactive|bea alonzo 3>e has 30 seconds to confirm battle start!
||bea alonzo 3>e is ready for game 2.
|l|☆BLGNB
|player|p1|
|inactive|BLGNB has 20 seconds to confirm battle start!
