|j|☆schleorge
|j|☆crudo de fava
|html|schleorgecrudo de fava    
|uhtml|bestof|Game 1 of a best-of-3
|t:|1757798308
|gametype|doubles
|player|p1|schleorge|bianca|1403
|player|p2|crudo de fava|ingo|1451
|gen|9
|tier|[Gen 9] VGC 2025 Reg H (Bo3)
|rated|
|rule|Species Clause: Limit one of each Pokémon
|rule|Item Clause: Limit 1 of each item
|clearpoke
|poke|p1|Sneasler, L50, F|
|poke|p1|Indeedee, L50, M|
|poke|p1|Ursaluna-Bloodmoon, L50, M|
|poke|p1|Electabuzz, L50, F|
|poke|p1|Incineroar, L50, F|
|poke|p1|Talonflame, L50, M|
|poke|p2|Dragonite, L50, M|
|poke|p2|Gholdengo, L50|
|poke|p2|Archaludon, L50, F|
|poke|p2|Pelipper, L50, F|
|poke|p2|Ursaluna, L50, M|
|poke|p2|Sinistcha, L50|
|teampreview|4
|showteam|p1|Sneasler||PsychicSeed|Unburden|CloseCombat,DireClaw,ThroatChop,Protect|||F|||50|,,,,,Dark]Indeedee||FocusSash|PsychicSurge|ExpandingForce,TrickRoom,HelpingHand,Protect|||M|||50|,,,,,Psychic]Ursaluna-Bloodmoon||LifeOrb|MindsEye|BloodMoon,HyperVoice,EarthPower,Protect|||M|||50|,,,,,Normal]Electabuzz||Eviolite|VitalSpirit|Electroweb,FollowMe,Taunt,Protect|||F|||50|,,,,,Dragon]Incineroar||SafetyGoggles|Intimidate|FlareBlitz,KnockOff,PartingShot,FakeOut|||F|||50|,,,,,Ghost]Talonflame||CovertCloak|GaleWings|FlareBlitz,DualWingbeat,WillOWisp,Tailwind|||M|||50|,,,,,Fairy
|showteam|p2|Dragonite||LoadedDice|Multiscale|ScaleShot,Tailwind,Haze,Protect|||M|||50|,,,,,Fairy]Gholdengo||ChoiceScarf|GoodasGold|MakeItRain,ShadowBall,Trick,PowerGem||||||50|,,,,,Flying]Archaludon||AssaultVest|Stamina|ElectroShot,FlashCannon,BodyPress,Snarl|||F|||50|,,,,,Bug]Pelipper||SafetyGoggles|Drizzle|MuddyWater,Hurricane,Tailwind,Protect|||F|||50|,,,,,Ground]Ursaluna||FlameOrb|Guts|Earthquake,Facade,HeadlongRush,Protect|||M|||50|,,,,,Ghost]Sinistcha||SitrusBerry|Hospitality|MatchaGotcha,RagePowder,TrickRoom,LifeDew||||||50|,,,,,Dark
|
|t:|1757798350
|teamsize|p1|4
|teamsize|p2|4
|start
|switch|p1a: Electabuzz|Electabuzz, L50, F|100/100
|switch|p1b: Ursaluna|Ursaluna-Bloodmoon, L50, M|100/100
|switch|p2a: Dragonite|Dragonite, L50, M|100/100
|switch|p2b: Gholdengo|Gholdengo, L50|100/100
|turn|1
|
|t:|1757798375
|-terastallize|p1b: Ursaluna|Normal
|move|p2b: Gholdengo|Make It Rain|p1a: Electabuzz|[spread] p1a,p1b
|-resisted|p1a: Electabuzz
|-damage|p1a: Electabuzz|76/100
|-damage|p1b: Ursaluna|35/100
|-unboost|p2b: Gholdengo|spa|1
|move|p1a: Electabuzz|Electroweb|p2a: Dragonite|[spread] p2a,p2b
|-damage|p2a: Dragonite|94/100
|-damage|p2b: Gholdengo|85/100
|-unboost|p2a: Dragonite|spe|1
|-unboost|p2b: Gholdengo|spe|1
|move|p1b: Ursaluna|Blood Moon|p2a: Dragonite
|-damage|p2a: Dragonite|0 fnt
|faint|p2a: Dragonite
|-damage|p1b: Ursaluna|25/100|[from] item: Life Orb
|
|upkeep
|
|t:|1757798406
|switch|p2a: Archaludon|Archaludon, L50, F|100/100
|turn|2
|
|t:|1757798423
|switch|p2b: Sinistcha|Sinistcha, L50|100/100
|move|p1a: Electabuzz|Electroweb|p2a: Archaludon|[spread] p2a,p2b
|-resisted|p2a: Archaludon
|-resisted|p2b: Sinistcha
|-damage|p2a: Archaludon|95/100
|-damage|p2b: Sinistcha|94/100
|-unboost|p2a: Archaludon|spe|1
|-unboost|p2b: Sinistcha|spe|1
|-ability|p2a: Archaludon|Stamina|boost
|-boost|p2a: Archaludon|def|1
|move|p1b: Ursaluna|Hyper Voice|p2a: Archaludon|[spread] p2a,p2b
|-resisted|p2a: Archaludon
|-damage|p2a: Archaludon|64/100
|-damage|p2b: Sinistcha|31/100
|-ability|p2a: Archaludon|Stamina|boost
|-boost|p2a: Archaludon|def|1
|-enditem|p2b: Sinistcha|Sitrus Berry|[eat]
|-heal|p2b: Sinistcha|56/100|[from] item: Sitrus Berry
|-damage|p1b: Ursaluna|16/100|[from] item: Life Orb
|move|p2a: Archaludon|Snarl|p1b: Ursaluna|[spread] p1a,p1b
|-damage|p1a: Electabuzz|67/100
|-damage|p1b: Ursaluna|2/100
|-unboost|p1a: Electabuzz|spa|1
|-unboost|p1b: Ursaluna|spa|1
|
|upkeep
|turn|3
|
|t:|1757798454
|switch|p2b: Gholdengo|Gholdengo, L50|85/100
|move|p1a: Electabuzz|Electroweb|p2a: Archaludon|[spread] p2a,p2b
|-resisted|p2a: Archaludon
|-damage|p2a: Archaludon|60/100
|-damage|p2b: Gholdengo|74/100
|-unboost|p2a: Archaludon|spe|1
|-unboost|p2b: Gholdengo|spe|1
|-ability|p2a: Archaludon|Stamina|boost
|-boost|p2a: Archaludon|def|1
|move|p1b: Ursaluna|Hyper Voice|p2b: Gholdengo|[spread] p2a,p2b
|-resisted|p2a: Archaludon
|-resisted|p2b: Gholdengo
|-damage|p2a: Archaludon|41/100
|-damage|p2b: Gholdengo|45/100
|-ability|p2a: Archaludon|Stamina|boost
|-boost|p2a: Archaludon|def|1
|-damage|p1b: Ursaluna|0 fnt|[from] item: Life Orb
|faint|p1b: Ursaluna
|move|p2a: Archaludon|Body Press|p1a: Electabuzz
|-damage|p1a: Electabuzz|0 fnt
|faint|p1a: Electabuzz
|
|upkeep
|
|t:|1757798462
|switch|p1a: Indeedee|Indeedee, L50, M|100/100
|switch|p1b: Sneasler|Sneasler, L50, F|100/100
|-fieldstart|move: Psychic Terrain|[from] ability: Psychic Surge|[of] p1a: Indeedee
|-enditem|p1b: Sneasler|Psychic Seed
|-boost|p1b: Sneasler|spd|1|[from] item: Psychic Seed
|turn|4
|
|t:|1757798501
|switch|p2b: Sinistcha|Sinistcha, L50|56/100
|-heal|p2a: Archaludon|66/100|[from] ability: Hospitality|[of] p2b: Sinistcha
|move|p1b: Sneasler|Close Combat|p2a: Archaludon
|-supereffective|p2a: Archaludon
|-damage|p2a: Archaludon|32/100
|-unboost|p1b: Sneasler|def|1
|-unboost|p1b: Sneasler|spd|1
|-ability|p2a: Archaludon|Stamina|boost
|-boost|p2a: Archaludon|def|1
|move|p1a: Indeedee|Expanding Force|p2b: Sinistcha|[spread] p2a,p2b
|-resisted|p2a: Archaludon
|-damage|p2a: Archaludon|11/100
|-damage|p2b: Sinistcha|13/100
|-ability|p2a: Archaludon|Stamina|boost
|-boost|p2a: Archaludon|def|1
|move|p2a: Archaludon|Snarl|p1a: Indeedee|[spread] p1a,p1b
|-supereffective|p1a: Indeedee
|-resisted|p1b: Sneasler
|-damage|p1a: Indeedee|68/100
|-damage|p1b: Sneasler|92/100
|-unboost|p1a: Indeedee|spa|1
|-unboost|p1b: Sneasler|spa|1
|
|upkeep
|turn|5
|
|t:|1757798543
|switch|p2b: Gholdengo|Gholdengo, L50|45/100
|move|p1b: Sneasler|Throat Chop|p2a: Archaludon
|-damage|p2a: Archaludon|5/100
|-start|p2a: Archaludon|Throat Chop|[silent]
|move|p1a: Indeedee|Expanding Force|p2a: Archaludon|[spread] p2a,p2b
|-resisted|p2a: Archaludon
|-resisted|p2b: Gholdengo
|-damage|p2a: Archaludon|0 fnt
|-damage|p2b: Gholdengo|23/100
|faint|p2a: Archaludon
|
|upkeep
|
|t:|1757798551
|switch|p2a: Sinistcha|Sinistcha, L50|13/100
|-heal|p2b: Gholdengo|48/100|[from] ability: Hospitality|[of] p2a: Sinistcha
|turn|6
|
|t:|1757798579
|move|p1a: Indeedee|Protect|p1a: Indeedee
|-singleturn|p1a: Indeedee|Protect
|move|p2a: Sinistcha|Rage Powder|p2a: Sinistcha
|-singleturn|p2a: Sinistcha|move: Rage Powder
|move|p1b: Sneasler|Throat Chop|p2a: Sinistcha
|-supereffective|p2a: Sinistcha
|-crit|p2a: Sinistcha
|-damage|p2a: Sinistcha|0 fnt
|faint|p2a: Sinistcha
|move|p2b: Gholdengo|Make It Rain|p1b: Sneasler|[spread] p1b
|-activate|p1a: Indeedee|move: Protect
|-damage|p1b: Sneasler|26/100
|-unboost|p2b: Gholdengo|spa|1
|
|upkeep
|turn|7
|
|t:|1757798594
|-terastallize|p2b: Gholdengo|Flying
|move|p1b: Sneasler|Throat Chop|p2b: Gholdengo
|-damage|p2b: Gholdengo|12/100
|-start|p2b: Gholdengo|Throat Chop|[silent]
|move|p2b: Gholdengo|Make It Rain|p1a: Indeedee|[spread] p1a,p1b
|-damage|p1a: Indeedee|25/100
|-damage|p1b: Sneasler|0 fnt
|-unboost|p2b: Gholdengo|spa|1
|faint|p1b: Sneasler
|move|p1a: Indeedee|Expanding Force|p2b: Gholdengo
|-damage|p2b: Gholdengo|0 fnt
|faint|p2b: Gholdengo
|
|win|schleorge
||schleorge is ready for game 2.
|inactive|crudo de fava has 30 seconds to confirm battle start!
||crudo de fava is ready for game 2.
|uhtml|next|Next: Game 2 of 3
