|j|☆SnowquakeMG
|j|☆xdi8723
|html|SnowquakeMGxdi8723    
|uhtml|bestof|Game 1 of a best-of-3
|t:|1757066233
|gametype|doubles
|player|p1|SnowquakeMG|steven|1000
|player|p2|xdi8723|2|1072
|gen|9
|tier|[Gen 9] VGC 2025 Reg H (Bo3)
|rated|
|rule|Species Clause: Limit one of each Pokémon
|rule|Item Clause: Limit 1 of each item
|clearpoke
|poke|p1|Hydreigon, L50, M|
|poke|p1|Talonflame, L50, M|
|poke|p1|Meowscarada, L50, M|
|poke|p1|Garchomp, L50, M|
|poke|p1|Dondozo, L50, M|
|poke|p1|Tatsugiri, L50, M|
|poke|p2|Gholdengo, L50|
|poke|p2|Amoonguss, L50, M|
|poke|p2|Incineroar, L50, M|
|poke|p2|Kommo-o, L50, M|
|poke|p2|Ninetales-Alola, L50, F|
|poke|p2|Dragonite, L50, F|
|teampreview|4
|showteam|p1|Hydreigon||ChoiceSpecs|Levitate|DarkPulse,DracoMeteor,HeatWave,FlashCannon|||M|||50|,,,,,Fire]Talonflame||CovertCloak|GaleWings|Tailwind,BraveBird,FlareBlitz,WillOWisp|||M|||50|,,,,,Flying]Meowscarada||ChoiceBand|Protean|Uturn,KnockOff,FlowerTrick,LowKick|||M|||50|,,,,,Fighting]Garchomp||LifeOrb|RoughSkin|Earthquake,DragonClaw,IronHead,Protect|||M|||50|,,,,,Ground]Dondozo||ClearAmulet|WaterVeil|OrderUp,WaveCrash,Earthquake,Protect|||M|||50|,,,,,Grass]Tatsugiri||ChoiceScarf|Commander|DracoMeteor,IcyWind,DragonPulse,MuddyWater|||M|||50|,,,,,Dragon
|showteam|p2|Gholdengo||ChoiceSpecs|GoodasGold|MakeItRain,ShadowBall,Trick,FocusBlast||||||50|,,,,,Steel]Amoonguss||RockyHelmet|Regenerator|Protect,RagePowder,Spore,PollenPuff|||M|||50|,,,,,Fairy]Incineroar||SafetyGoggles|Intimidate|FakeOut,FlareBlitz,KnockOff,PartingShot|||M|||50|,,,,,Ghost]Kommo-o||ThroatSpray|Soundproof|Protect,ClangingScales,Flamethrower,ClangorousSoul|||M|||50|,,,,,Fire]Ninetales-Alola||FocusSash|SnowWarning|Protect,Blizzard,FreezeDry,Encore|||F|||50|,,,,,Ice]Dragonite||AssaultVest|Multiscale|ExtremeSpeed,TeraBlast,IceSpinner,StompingTantrum|||F|||50|,,,,,Flying
|inactive|Battle timer is ON: inactive players will automatically lose when time's up. (requested by SnowquakeMG)
|inactive|SnowquakeMG has 60 seconds left.
|inactive|xdi8723 has 60 seconds left.
|inactive|xdi8723 has 30 seconds left.
|inactive|xdi8723 has 20 seconds left.
|
|t:|1757066308
|teamsize|p1|4
|teamsize|p2|4
|start
|switch|p1a: Talonflame|Talonflame, L50, M|100/100
|switch|p1b: Garchomp|Garchomp, L50, M|100/100
|switch|p2a: Ninetales|Ninetales-Alola, L50, F|100/100
|switch|p2b: Manolo|Amoonguss, L50, M|100/100
|-weather|Snowscape|[from] ability: Snow Warning|[of] p2a: Ninetales
|turn|1
|inactive|SnowquakeMG has 30 seconds left.
|inactive|xdi8723 has 30 seconds left.
|inactive|xdi8723 has 20 seconds left.
|inactive|xdi8723 has 15 seconds left.
|inactive|xdi8723 has 10 seconds left.
|
|t:|1757066356
|move|p1b: Garchomp|Protect|p1b: Garchomp
|-singleturn|p1b: Garchomp|Protect
|move|p2b: Manolo|Protect|p2b: Manolo
|-singleturn|p2b: Manolo|Protect
|move|p1a: Talonflame|Tailwind|p1a: Talonflame
|-sidestart|p1: SnowquakeMG|move: Tailwind
|move|p2a: Ninetales|Blizzard|p1a: Talonflame|[spread] p1a
|-activate|p1b: Garchomp|move: Protect
|-damage|p1a: Talonflame|49/100
|
|-weather|Snowscape|[upkeep]
|upkeep
|turn|2
|inactive|SnowquakeMG has 30 seconds left.
|inactive|xdi8723 has 30 seconds left.
|inactive|SnowquakeMG has 20 seconds left.
|
|t:|1757066396
|switch|p2b: Dragonite|Dragonite, L50, F|100/100
|move|p1a: Talonflame|Flare Blitz|p2b: Dragonite
|-resisted|p2b: Dragonite
|-damage|p2b: Dragonite|87/100
|-damage|p1a: Talonflame|44/100|[from] Recoil
|move|p1b: Garchomp|Earthquake|p2a: Ninetales|[spread] p2a
|-immune|p1a: Talonflame
|-immune|p2b: Dragonite
|-damage|p2a: Ninetales|45/100
|-damage|p1b: Garchomp|91/100|[from] item: Life Orb
|move|p2a: Ninetales|Blizzard|p1b: Garchomp|[spread] p1a,p1b
|-supereffective|p1b: Garchomp
|-damage|p1a: Talonflame|0 fnt
|-damage|p1b: Garchomp|0 fnt
|faint|p1a: Talonflame
|faint|p1b: Garchomp
|
|-weather|Snowscape|[upkeep]
|upkeep
|
|t:|1757066413
|switch|p1a: Dondozo|Dondozo, L50, M|100/100
|switch|p1b: Tatsugiri|Tatsugiri, L50, M|100/100
|-activate|p1b: Tatsugiri|ability: Commander|[of] p1a: Dondozo
|-boost|p1a: Dondozo|atk|2
|-boost|p1a: Dondozo|spa|2
|-boost|p1a: Dondozo|spe|2
|-boost|p1a: Dondozo|def|2
|-boost|p1a: Dondozo|spd|2
|turn|3
|inactive|xdi8723 has 30 seconds left.
|
|t:|1757066446
|switch|p2b: Manolo|Amoonguss, L50, M|100/100
|move|p1a: Dondozo|Order Up|p2b: Manolo
|-damage|p2b: Manolo|59/100
|-boost|p1a: Dondozo|atk|1
|move|p2a: Ninetales|Freeze-Dry|p1a: Dondozo
|-supereffective|p1a: Dondozo
|-damage|p1a: Dondozo|75/100
|-status|p1a: Dondozo|frz
|
|-weather|Snowscape|[upkeep]
|upkeep
|turn|4
|inactive|xdi8723 has 30 seconds left.
|
|t:|1757066475
|-terastallize|p2a: Ninetales|Ice
|cant|p1a: Dondozo|frz
|move|p2a: Ninetales|Freeze-Dry|p1a: Dondozo
|-supereffective|p1a: Dondozo
|-damage|p1a: Dondozo|41/100 frz
|move|p2b: Manolo|Pollen Puff|p2a: Ninetales
|-heal|p2a: Ninetales|95/100
|
|-weather|Snowscape|[upkeep]
|-sideend|p1: SnowquakeMG|move: Tailwind
|upkeep
|turn|5
|inactive|xdi8723 has 30 seconds left.
|inactive|xdi8723 has 20 seconds left.
|
|t:|1757066510
|move|p2a: Ninetales|Freeze-Dry|p1a: Dondozo
|-supereffective|p1a: Dondozo
|-damage|p1a: Dondozo|6/100 frz
|-curestatus|p1a: Dondozo|frz|[msg]
|move|p1a: Dondozo|Wave Crash|p2a: Ninetales
|-damage|p2a: Ninetales|0 fnt
|faint|p2a: Ninetales
|-damage|p1a: Dondozo|0 fnt|[from] Recoil
|faint|p1a: Dondozo
|move|p2b: Manolo|Spore|p1b: Tatsugiri
|-status|p1b: Tatsugiri|slp|[from] move: Spore
|
|-weather|none
|upkeep
|
|t:|1757066529
|switch|p2a: Gholdengo|Gholdengo, L50|100/100
|turn|6
|
|t:|1757066536
|move|p2b: Manolo|Rage Powder|p2b: Manolo
|-singleturn|p2b: Manolo|move: Rage Powder
|cant|p1b: Tatsugiri|slp
|move|p2a: Gholdengo|Make It Rain|p1b: Tatsugiri
|-resisted|p1b: Tatsugiri
|-damage|p1b: Tatsugiri|39/100 slp
|-unboost|p2a: Gholdengo|spa|1
|
|upkeep
|turn|7
|
|t:|1757066552
|-terastallize|p1b: Tatsugiri|Dragon
|cant|p1b: Tatsugiri|slp
|move|p2a: Gholdengo|Make It Rain|p1b: Tatsugiri
|-damage|p1b: Tatsugiri|0 fnt
|-unboost|p2a: Gholdengo|spa|1
|faint|p1b: Tatsugiri
|
|win|xdi8723
||SnowquakeMG is ready for game 2.
