|j|☆regitron 21
|j|☆tsteelerfan
|html|regitron 21tsteelerfan    
|uhtml|bestof|Game 1 of a best-of-3
|t:|1784921979
|gametype|doubles
|player|p1|regitron 21|n|1132
|player|p2|tsteelerfan|102|1111
|gen|9
|tier|[Gen 9 Champions] VGC 2026 Reg M-B (Bo3)
|rated|
|rule|Species Clause: Limit one of each Pokémon
|rule|Item Clause: Limit 1 of each item
|clearpoke
|poke|p1|Raichu, L50, M|
|poke|p1|Charizard, L50, F|
|poke|p1|Incineroar, L50, F|
|poke|p1|Farigiraf, L50, F|
|poke|p1|Sylveon, L50, M|
|poke|p1|Kingambit, L50, M|
|poke|p2|Rampardos, L50, F|
|poke|p2|Farigiraf, L50, F|
|poke|p2|Skeledirge, L50, F|
|poke|p2|Dragalge, L50, F|
|poke|p2|Milotic, L50, F|
|poke|p2|Scrafty, L50, M|
|teampreview|4
|showteam|p1|Raichu||RaichuniteY|LightningRod|ZapCannon,FocusBlast,FakeOut,Protect|Timid||M|||50|]Charizard||CharizarditeY|Blaze|HeatWave,WeatherBall,SolarBeam,Protect|Modest||F|||50|]Incineroar||SitrusBerry|Intimidate|FakeOut,FlareBlitz,DarkestLariat,PartingShot|Impish||F|||50|]Farigiraf||ColburBerry|ArmorTail|TwinBeam,Thunderbolt,HelpingHand,TrickRoom|Modest||F|||50|]Sylveon||FairyFeather|Pixilate|HyperVoice,Moonblast,Detect,CalmMind|Modest||M|||50|]Kingambit||LifeOrb|Defiant|SuckerPunch,KowtowCleave,Protect,SwordsDance|Adamant||M|||50|
|showteam|p2|Rampardos||LifeOrb|SheerForce|RockSlide,HammerArm,IronHead,Protect|Brave||F|||50|]Farigiraf||SitrusBerry|ArmorTail|TrickRoom,Protect,Psychic,Thunderbolt|Quiet||F|||50|]Skeledirge||PasshoBerry|Unaware|ShadowBall,EarthPower,TorchSong,HyperVoice|Quiet||F|||50|]Dragalge||Dragalgite|Adaptability|DragonPulse,FocusBlast,SludgeBomb,Protect|Quiet||F|||50|]Milotic||Leftovers|Competitive|Coil,Hypnosis,HydroPump,Protect|Timid||F|||50|]Scrafty||Scraftinite|Intimidate|FakeOut,Detect,KnockOff,CloseCombat|Brave||M|||50|
|c|☆regitron 21|hey good luck pal
|c|☆regitron 21|nice team
|c|☆tsteelerfan|Ty u2
|c|☆tsteelerfan|Gl
|
|t:|1784922043
|teamsize|p1|4
|teamsize|p2|4
|start
|switch|p1a: Lily|Incineroar, L50, F|100/100
|switch|p1b: Ryan|Sylveon, L50, M|100/100
|switch|p2a: Farigiraf|Farigiraf, L50, F|100/100
|switch|p2b: Scrafty|Scrafty, L50, M|100/100
|-ability|p1a: Lily|Intimidate|boost
|-unboost|p2a: Farigiraf|atk|1
|-unboost|p2b: Scrafty|atk|1
|-ability|p2b: Scrafty|Intimidate|boost
|-unboost|p1a: Lily|atk|1
|-unboost|p1b: Ryan|atk|1
|turn|1
|
|t:|1784922079
|move|p2b: Scrafty|Fake Out|p1b: Ryan
|-damage|p1b: Ryan|92/100
|cant|p1b: Ryan|flinch
|move|p1a: Lily|Darkest Lariat|p2a: Farigiraf
|-supereffective|p2a: Farigiraf|1
|-damage|p2a: Farigiraf|59/100
|move|p2a: Farigiraf|Trick Room|p2a: Farigiraf
|-fieldstart|move: Trick Room|[of] p2a: Farigiraf
|
|upkeep
|turn|2
|
|t:|1784922114
|switch|p2b: Dragalge|Dragalge, L50, F|100/100
|move|p2a: Farigiraf|Protect|p2a: Farigiraf
|-singleturn|p2a: Farigiraf|Protect
|move|p1a: Lily|Darkest Lariat|p2a: Farigiraf
|-activate|p2a: Farigiraf|move: Protect
|move|p1b: Ryan|Calm Mind|p1b: Ryan
|-boost|p1b: Ryan|spa|1
|-boost|p1b: Ryan|spd|1
|
|upkeep
|turn|3
|
|t:|1784922136
|switch|p2a: Rampardos|Rampardos, L50, F|100/100
|switch|p1a: Kinngler|Kingambit, L50, M|100/100
|detailschange|p2b: Dragalge|Dragalge-Mega, L50, F
|-mega|p2b: Dragalge|Dragalge|Dragalgite
|move|p2b: Dragalge|Sludge Bomb|p1b: Ryan
|-supereffective|p1b: Ryan|1
|-damage|p1b: Ryan|39/100
|move|p1b: Ryan|Hyper Voice|p2a: Rampardos|[spread] p2a,p2b
|-damage|p2a: Rampardos|1/100
|-damage|p2b: Dragalge|57/100
|
|upkeep
|turn|4
|
|t:|1784922159
|switch|p1a: Lily|Incineroar, L50, F|100/100
|-ability|p1a: Lily|Intimidate|boost
|-unboost|p2a: Rampardos|atk|1
|-unboost|p2b: Dragalge|atk|1
|move|p2a: Rampardos|Protect|p2a: Rampardos
|-singleturn|p2a: Rampardos|Protect
|move|p1b: Ryan|Detect|p1b: Ryan
|-singleturn|p1b: Ryan|Protect
|move|p2b: Dragalge|Sludge Bomb|p1b: Ryan
|-activate|p1b: Ryan|move: Protect
|
|upkeep
|turn|5
|
|t:|1784922174
|-heal|p2b: Dragalge|90/100|[from] ability: Regenerator|[silent]
|switch|p2b: Scrafty|Scrafty, L50, M|100/100
|-ability|p2b: Scrafty|Intimidate|boost
|-unboost|p1a: Lily|atk|1
|-unboost|p1b: Ryan|atk|1
|move|p1a: Lily|Fake Out|p2a: Rampardos
|-resisted|p2a: Rampardos|1
|-damage|p2a: Rampardos|0 fnt
|faint|p2a: Rampardos
|move|p1b: Ryan|Moonblast|p2b: Scrafty
|-supereffective|p2b: Scrafty|2
|-damage|p2b: Scrafty|0 fnt
|faint|p2b: Scrafty
|
|-fieldend|move: Trick Room
|upkeep
|
|t:|1784922183
|switch|p2a: Dragalge|Dragalge-Mega, L50, F|90/100
|switch|p2b: Farigiraf|Farigiraf, L50, F|59/100
|turn|6
|
|t:|1784922195
|move|p2b: Farigiraf|Protect|p2b: Farigiraf
|-singleturn|p2b: Farigiraf|Protect
|move|p1b: Ryan|Hyper Voice|p2a: Dragalge|[spread] p2a
|-activate|p2b: Farigiraf|move: Protect
|-damage|p2a: Dragalge|46/100
|move|p1a: Lily|Darkest Lariat|p2b: Farigiraf
|-activate|p2b: Farigiraf|move: Protect
|move|p2a: Dragalge|Sludge Bomb|p1b: Ryan
|-supereffective|p1b: Ryan|1
|-damage|p1b: Ryan|0 fnt
|faint|p1b: Ryan
|
|upkeep
|
|t:|1784922222
|switch|p1b: Kinngler|Kingambit, L50, M|100/100
|turn|7
|
|t:|1784922231
|move|p2a: Dragalge|Protect|p2a: Dragalge
|-singleturn|p2a: Dragalge|Protect
|move|p1a: Lily|Darkest Lariat|p2a: Dragalge
|-activate|p2a: Dragalge|move: Protect
|move|p1b: Kinngler|Kowtow Cleave|p2a: Dragalge
|-activate|p2a: Dragalge|move: Protect
|move|p2b: Farigiraf|Trick Room|p2b: Farigiraf
|-fieldstart|move: Trick Room|[of] p2b: Farigiraf
|
|upkeep
|turn|8
|
|t:|1784922247
|move|p1b: Kinngler|Protect|p1b: Kinngler
|-singleturn|p1b: Kinngler|Protect
|move|p2a: Dragalge|Focus Blast|p1b: Kinngler
|-activate|p1b: Kinngler|move: Protect
|move|p2b: Farigiraf|Thunderbolt|p1a: Lily
|-damage|p1a: Lily|79/100
|move|p1a: Lily|Darkest Lariat|p2a: Dragalge
|-damage|p2a: Dragalge|25/100
|
|upkeep
|turn|9
|
|t:|1784922266
|switch|p1b: Graham|Raichu, L50, M|100/100
|move|p2a: Dragalge|Focus Blast|p1b: Graham
|-damage|p1b: Graham|39/100
|move|p2b: Farigiraf|Thunderbolt|p1b: Graham
|-activate|p1b: Graham|ability: Lightning Rod
|-ability|p1b: Graham|Lightning Rod|boost
|-boost|p1b: Graham|spa|1
|move|p1a: Lily|Darkest Lariat|p2a: Dragalge
|-damage|p2a: Dragalge|2/100
|
|upkeep
|turn|10
|
|t:|1784922292
|detailschange|p1b: Graham|Raichu-Mega-Y, L50, M
|-mega|p1b: Graham|Raichu|Raichunite Y
|move|p1b: Graham|Protect|p1b: Graham
|-singleturn|p1b: Graham|Protect
|move|p2a: Dragalge|Focus Blast|p1a: Lily
|-supereffective|p1a: Lily|1
|-crit|p1a: Lily
|-damage|p1a: Lily|0 fnt
|faint|p1a: Lily
|move|p2b: Farigiraf|Psychic|p1b: Graham
|-activate|p1b: Graham|move: Protect
|
|upkeep
|
|t:|1784922301
|switch|p1a: Kinngler|Kingambit, L50, M|100/100
|turn|11
|
|t:|1784922329
|move|p2a: Dragalge|Focus Blast|p1a: Kinngler
|-supereffective|p1a: Kinngler|2
|-damage|p1a: Kinngler|0 fnt
|faint|p1a: Kinngler
|move|p2b: Farigiraf|Psychic|p1b: Graham
|-damage|p1b: Graham|0 fnt
|faint|p1b: Graham
|
|win|tsteelerfan
||regitron 21 is ready for game 2.
||tsteelerfan is ready for game 2.
|uhtml|next|Next: Game 2 of 3
|c|☆regitron 21|gg
