|j|☆Gengh1s
|j|☆Splat24
|html|Gengh1sSplat24    
|uhtml|bestof|Game 1 of a best-of-3
|t:|1783029815
|gametype|doubles
|player|p1|Gengh1s|1|
|player|p2|Splat24|265|
|gen|9
|tier|[Gen 9 Champions] VGC 2026 Reg M-B (Bo3)
|rule|Species Clause: Limit one of each Pokémon
|rule|Item Clause: Limit 1 of each item
|clearpoke
|poke|p1|Snorlax, L50, M|
|poke|p1|Aerodactyl, L50, M|
|poke|p1|Farigiraf, L50, M|
|poke|p1|Hawlucha, L50, M|
|poke|p1|Drampa, L50, M|
|poke|p1|Sinistcha, L50|
|poke|p2|Charizard, L50, M, shiny|
|poke|p2|Venusaur, L50, M|
|poke|p2|Garchomp, L50, M, shiny|
|poke|p2|Hydreigon, L50, F|
|poke|p2|Meowstic, L50, M, shiny|
|poke|p2|Zoroark-Hisui, L50, M|
|teampreview|4
|showteam|p1|Snorlax||ChestoBerry|ThickFat|RockSlide,IcePunch,Protect,Crunch|Brave||M|||50|]Aerodactyl||LifeOrb|Unnerve|RockSlide,IceFang,DualWingbeat,WideGuard|Jolly||M|||50|]Farigiraf||LumBerry|SapSipper|TrickRoom,Protect,DazzlingGleam,Psychic|Quiet||M|||50|]Hawlucha||Hawluchanite|Limber|Entrainment,ThroatChop,Protect,BraveBird|Brave||M|||50|]Drampa||ChopleBerry|CloudNine|EarthPower,Protect,HyperVoice,DracoMeteor|Quiet||M|||50|]Sinistcha||MentalHerb|Hospitality|Protect,MatchaGotcha,TrickRoom,Imprison|Calm|||||50|
|showteam|p2|Charizard||CharizarditeY|Blaze|Protect,HeatWave,SolarBeam,WeatherBall|Modest||M|||50|]Venusaur||FocusSash|Chlorophyll|Protect,SludgeBomb,EnergyBall,SleepPowder|Modest||M|||50|]Garchomp||LifeOrb|RoughSkin|Protect,RockSlide,DragonClaw,Earthquake|Adamant||M|||50|]Hydreigon||WhiteHerb|Levitate|Protect,DracoMeteor,DarkPulse,Tailwind|Modest||F|||50|]Meowstic||MentalHerb|Prankster|Imprison,SkillSwap,TrickRoom,Thunderbolt|Modest||M|||50|]Zoroark-Hisui||ChoiceScarf|Illusion|IcyWind,Uturn,DarkPulse,Trick|Modest||M|||50|
|j| Swoocetron
|j| PBreath
|
|t:|1783029838
|teamsize|p1|4
|teamsize|p2|4
|start
|switch|p1a: Long Kirk|Farigiraf, L50, M|100/100
|switch|p1b: Honk Shoo|Snorlax, L50, M|100/100
|switch|p2a: Kenpachi|Garchomp, L50, M, shiny|100/100
|switch|p2b: Unohana|Hydreigon, L50, F|100/100
|turn|1
|
|t:|1783029871
|move|p1a: Long Kirk|Protect|p1a: Long Kirk
|-singleturn|p1a: Long Kirk|Protect
|move|p2b: Unohana|Dark Pulse|p1a: Long Kirk
|-activate|p1a: Long Kirk|move: Protect
|move|p2a: Kenpachi|Earthquake|p1a: Long Kirk|[spread] p1b
|-activate|p1a: Long Kirk|move: Protect
|-immune|p2b: Unohana|[from] ability: Levitate
|-damage|p1b: Honk Shoo|41/100
|-damage|p2a: Kenpachi|90/100|[from] item: Life Orb
|move|p1b: Honk Shoo|Ice Punch|p2a: Kenpachi
|-supereffective|p2a: Kenpachi|2
|-damage|p2a: Kenpachi|0 fnt
|-damage|p1b: Honk Shoo|29/100|[from] ability: Rough Skin|[of] p2a: Kenpachi
|faint|p2a: Kenpachi
|
|upkeep
|
|t:|1783029889
|switch|p2a: Yamamoto|Charizard, L50, M, shiny|100/100
|turn|2
|
|t:|1783029903
|detailschange|p2a: Yamamoto|Charizard-Mega-Y, L50, M, shiny
|-mega|p2a: Yamamoto|Charizard|Charizardite Y
|-weather|SunnyDay|[from] ability: Drought|[of] p2a: Yamamoto
|move|p1b: Honk Shoo|Protect|p1b: Honk Shoo
|-singleturn|p1b: Honk Shoo|Protect
|move|p2a: Yamamoto|Heat Wave|p1b: Honk Shoo|[spread] p1a
|-activate|p1b: Honk Shoo|move: Protect
|-damage|p1a: Long Kirk|31/100
|move|p2b: Unohana|Dark Pulse|p1a: Long Kirk
|-supereffective|p1a: Long Kirk|1
|-damage|p1a: Long Kirk|0 fnt
|faint|p1a: Long Kirk
|
|-weather|SunnyDay|[upkeep]
|upkeep
|
|t:|1783029917
|switch|p1a: Rolex|Aerodactyl, L50, M|100/100
|-ability|p1a: Rolex|Unnerve
|turn|3
|
|t:|1783029948
|move|p2a: Yamamoto|Protect|p2a: Yamamoto
|-singleturn|p2a: Yamamoto|Protect
|move|p1a: Rolex|Wide Guard|p1a: Rolex
|-singleturn|p1a: Rolex|Wide Guard
|move|p2b: Unohana|Draco Meteor|p1a: Rolex|[miss]
|-miss|p2b: Unohana|p1a: Rolex
|move|p1b: Honk Shoo|Rock Slide|p2b: Unohana|[spread] p2b
|-activate|p2a: Yamamoto|move: Protect
|-damage|p2b: Unohana|76/100
|
|-weather|SunnyDay|[upkeep]
|upkeep
|turn|4
|
|t:|1783029991
|switch|p2a: Gin|Venusaur, L50, M|100/100
|move|p1a: Rolex|Rock Slide|p2b: Unohana|[spread] p2a,p2b
|-damage|p2a: Gin|63/100
|-damage|p2b: Unohana|38/100
|-damage|p1a: Rolex|90/100|[from] item: Life Orb
|move|p2b: Unohana|Draco Meteor|p1a: Rolex
|-damage|p1a: Rolex|0 fnt
|-unboost|p2b: Unohana|spa|2
|faint|p1a: Rolex
|-enditem|p2b: Unohana|White Herb
|-clearnegativeboost|p2b: Unohana|[silent]
|move|p1b: Honk Shoo|Ice Punch|p2b: Unohana
|-supereffective|p2b: Unohana|1
|-damage|p2b: Unohana|0 fnt
|faint|p2b: Unohana
|
|-weather|SunnyDay|[upkeep]
|upkeep
|
|t:|1783030008
|switch|p1a: Jack Black|Hawlucha, L50, M|100/100
|switch|p2b: Yamamoto|Charizard-Mega-Y, L50, M, shiny|100/100
|turn|5
|inactive|Battle timer is ON: inactive players will automatically lose when time's up. (requested by Splat24)
|
|t:|1783030099
|detailschange|p1a: Jack Black|Hawlucha-Mega, L50, M
|-mega|p1a: Jack Black|Hawlucha|Hawluchanite
|move|p2a: Gin|Sleep Powder|p1a: Jack Black
|-status|p1a: Jack Black|slp|[from] move: Sleep Powder
|move|p2b: Yamamoto|Solar Beam||[still]
|-prepare|p2b: Yamamoto|Solar Beam
|-anim|p2b: Yamamoto|Solar Beam|p1b: Honk Shoo
|-damage|p1b: Honk Shoo|2/100
|cant|p1a: Jack Black|slp
|move|p1b: Honk Shoo|Rock Slide|p2b: Yamamoto|[spread] p2a,p2b
|-supereffective|p2b: Yamamoto|2
|-damage|p2a: Gin|42/100
|-damage|p2b: Yamamoto|0 fnt
|faint|p2b: Yamamoto
|
|-weather|SunnyDay|[upkeep]
|upkeep
|turn|6
|
|t:|1783030120
|move|p1b: Honk Shoo|Protect|p1b: Honk Shoo
|-singleturn|p1b: Honk Shoo|Protect
|move|p2a: Gin|Sludge Bomb|p1b: Honk Shoo
|-activate|p1b: Honk Shoo|move: Protect
|-curestatus|p1a: Jack Black|slp|[msg]
|move|p1a: Jack Black|Brave Bird|p2a: Gin
|-supereffective|p2a: Gin|1
|-damage|p2a: Gin|0 fnt
|faint|p2a: Gin
|-damage|p1a: Jack Black|83/100|[from] Recoil
|
|win|Gengh1s
|inactive|Gengh1s has 30 seconds to confirm battle start!
|inactive|Splat24 has 30 seconds to confirm battle start!
|l|☆Splat24
|player|p2|
|l|☆Gengh1s
|player|p1|
|inactive|Gengh1s has 20 seconds to confirm battle start!
|inactive|Splat24 has 20 seconds to confirm battle start!
|inactive|Gengh1s has 10 seconds to confirm battle start!
|inactive|Splat24 has 10 seconds to confirm battle start!
|uhtml|next|Next: Game 2 of 3
|j|☆Gengh1s
|player|p1|Gengh1s|1|
