|j|☆Stoney93
|j|☆FreezyPop439
|html|Stoney93FreezyPop439    
|uhtml|bestof|Game 1 of a best-of-3
|t:|1783077814
|gametype|doubles
|player|p1|Stoney93|169|1159
|player|p2|FreezyPop439|collector|1261
|gen|9
|tier|[Gen 9 Champions] VGC 2026 Reg M-B (Bo3)
|rated|
|rule|Species Clause: Limit one of each Pokémon
|rule|Item Clause: Limit 1 of each item
|clearpoke
|poke|p1|Gengar, L50, M, shiny|
|poke|p1|Incineroar, L50, F|
|poke|p1|Snorlax, L50, M|
|poke|p1|Dragonite, L50, F|
|poke|p1|Scrafty, L50, F|
|poke|p1|Ninetales-Alola, L50, M|
|poke|p2|Raichu, L50, F|
|poke|p2|Gyarados, L50, M|
|poke|p2|Mamoswine, L50, F|
|poke|p2|Ceruledge, L50, M|
|poke|p2|Clefable, L50, M|
|poke|p2|Kingambit, L50, F|
|teampreview|4
|showteam|p1|Gengar||Gengarite|CursedBody|ShadowBall,PerishSong,SludgeBomb,Protect|Modest||M|||50|]Incineroar||SitrusBerry|Intimidate|FlareBlitz,Protect,FakeOut,PartingShot|Impish||F|||50|]Snorlax||Leftovers|ThickFat|Protect,Yawn,Encore,Fissure|Impish||M|||50|]Dragonite||DragonFang|Multiscale|Protect,DragonClaw,LowKick,ExtremeSpeed|Adamant||F|||50|]Scrafty||Scraftinite|Intimidate|Protect,CloseCombat,KnockOff,FakeOut|Careful||F|||50|]Ninetales-Alola||FocusSash|SnowWarning|Blizzard,Disable,Encore,Protect|Timid||M|||50|
|showteam|p2|Raichu||RaichuniteY|Static|ZapCannon,FocusBlast,FakeOut,Protect|Timid||F|||50|]Gyarados||Gyaradosite|Intimidate|Waterfall,PowerWhip,DragonDance,Protect|Adamant||M|||50|]Mamoswine||LifeOrb|Oblivious|HighHorsepower,IceShard,IcicleCrash,Protect|Jolly||F|||50|]Ceruledge||ColburBerry|FlashFire|BitterBlade,ShadowSneak,BulkUp,Protect|Adamant||M|||50|]Clefable||SitrusBerry|Unaware|Moonblast,FollowMe,HelpingHand,Protect|Bold||M|||50|]Kingambit||FocusSash|Defiant|IronHead,KowtowCleave,SuckerPunch,LowKick|Adamant||F|||50|
|
|t:|1783077880
|teamsize|p1|4
|teamsize|p2|4
|start
|switch|p1a: Gengar|Gengar, L50, M, shiny|100/100
|switch|p1b: Snorlax|Snorlax, L50, M|100/100
|switch|p2a: Raichu|Raichu, L50, F|100/100
|switch|p2b: Kingambit|Kingambit, L50, F|100/100
|turn|1
|inactive|Battle timer is ON: inactive players will automatically lose when time's up. (requested by FreezyPop439)
|
|t:|1783077919
|detailschange|p1a: Gengar|Gengar-Mega, L50, M, shiny
|-mega|p1a: Gengar|Gengar|Gengarite
|move|p1a: Gengar|Protect|p1a: Gengar
|-singleturn|p1a: Gengar|Protect
|move|p1b: Snorlax|Protect|p1b: Snorlax
|-singleturn|p1b: Snorlax|Protect
|move|p2a: Raichu|Fake Out|p1b: Snorlax
|-activate|p1b: Snorlax|move: Protect
|move|p2b: Kingambit|Kowtow Cleave|p1a: Gengar
|-activate|p1a: Gengar|move: Protect
|
|upkeep
|turn|2
|inactive|Stoney93 has 30 seconds left.
|inactive|Stoney93 has 20 seconds left.
|inactive|Stoney93 has 15 seconds left.
|inactive|Stoney93 has 10 seconds left.
|inactive|Stoney93 has 5 seconds left.
|
|t:|1783077969
|switch|p1a: Dragonite|Dragonite, L50, F|100/100
|detailschange|p2a: Raichu|Raichu-Mega-Y, L50, F
|-mega|p2a: Raichu|Raichu|Raichunite Y
|move|p2a: Raichu|Focus Blast|p1b: Snorlax
|-supereffective|p1b: Snorlax|1
|-damage|p1b: Snorlax|47/100
|move|p2b: Kingambit|Kowtow Cleave|p1a: Dragonite
|-damage|p1a: Dragonite|73/100
|move|p1b: Snorlax|Fissure|p2b: Kingambit|[miss]
|-miss|p1b: Snorlax|p2b: Kingambit
|
|-heal|p1b: Snorlax|53/100|[from] item: Leftovers
|upkeep
|turn|3
|inactive|Stoney93 has 30 seconds left.
|inactive|FreezyPop439 has 30 seconds left.
|
|t:|1783078001
|switch|p2b: Gyarados|Gyarados, L50, M|100/100
|-ability|p2b: Gyarados|Intimidate|boost
|-unboost|p1a: Dragonite|atk|1
|-unboost|p1b: Snorlax|atk|1
|move|p2a: Raichu|Focus Blast|p1b: Snorlax
|-supereffective|p1b: Snorlax|1
|-damage|p1b: Snorlax|3/100
|move|p1a: Dragonite|Dragon Claw|p2a: Raichu
|-damage|p2a: Raichu|50/100g
|move|p1b: Snorlax|Yawn|p2b: Gyarados
|-start|p2b: Gyarados|move: Yawn|[of] p1b: Snorlax
|
|-heal|p1b: Snorlax|10/100|[from] item: Leftovers
|upkeep
|turn|4
|inactive|Stoney93 has 30 seconds left.
|
|t:|1783078026
|switch|p2b: Clefable|Clefable, L50, M|100/100
|move|p1b: Snorlax|Protect|p1b: Snorlax
|-singleturn|p1b: Snorlax|Protect
|move|p2a: Raichu|Zap Cannon|p1a: Dragonite
|-damage|p1a: Dragonite|11/100
|-status|p1a: Dragonite|par
|move|p1a: Dragonite|Dragon Claw|p2a: Raichu
|-damage|p2a: Raichu|0 fnt
|faint|p2a: Raichu
|
|-heal|p1b: Snorlax|16/100|[from] item: Leftovers
|upkeep
|
|t:|1783078037
|switch|p2a: Gyarados|Gyarados, L50, M|100/100
|-ability|p2a: Gyarados|Intimidate|boost
|-unboost|p1a: Dragonite|atk|1
|-unboost|p1b: Snorlax|atk|1
|turn|5
|inactive|Stoney93 has 30 seconds left.
|inactive|FreezyPop439 has 30 seconds left.
|
|t:|1783078072
|switch|p1a: Gengar|Gengar-Mega, L50, M, shiny|100/100
|switch|p1b: Scrafty|Scrafty, L50, F|100/100
|-ability|p1b: Scrafty|Intimidate|boost
|-unboost|p2a: Gyarados|atk|1
|-unboost|p2b: Clefable|atk|1
|move|p2a: Gyarados|Dragon Dance|p2a: Gyarados
|-boost|p2a: Gyarados|atk|1
|-boost|p2a: Gyarados|spe|1
|move|p2b: Clefable|Moonblast|p1b: Scrafty
|-supereffective|p1b: Scrafty|2
|-damage|p1b: Scrafty|6/100
|-unboost|p1b: Scrafty|spa|1
|
|upkeep
|turn|6
|inactive|Stoney93 has 30 seconds left.
|inactive|FreezyPop439 has 30 seconds left.
|inactive|Stoney93 has 20 seconds left.
|inactive|Stoney93 has 15 seconds left.
|
|t:|1783078113
|move|p1b: Scrafty|Fake Out|p2a: Gyarados
|-damage|p2a: Gyarados|88/100
|cant|p2a: Gyarados|flinch
|move|p1a: Gengar|Perish Song|p1a: Gengar
|-start|p1a: Gengar|perish3|[silent]
|-start|p1b: Scrafty|perish3|[silent]
|-start|p2a: Gyarados|perish3|[silent]
|-start|p2b: Clefable|perish3|[silent]
|-fieldactivate|move: Perish Song
|move|p2b: Clefable|Moonblast|p1b: Scrafty
|-supereffective|p1b: Scrafty|2
|-damage|p1b: Scrafty|0 fnt
|faint|p1b: Scrafty
|
|-start|p2a: Gyarados|perish3
|-start|p1a: Gengar|perish3
|-start|p2b: Clefable|perish3
|upkeep
|
|t:|1783078133
|switch|p1b: Snorlax|Snorlax, L50, M|16/100
|turn|7
|
|t:|1783078147
|move|p1b: Snorlax|Protect|p1b: Snorlax
|-singleturn|p1b: Snorlax|Protect
|move|p2a: Gyarados|Waterfall|p1a: Gengar
|-damage|p1a: Gengar|52/100
|move|p1a: Gengar|Sludge Bomb|p2b: Clefable
|-supereffective|p2b: Clefable|1
|-damage|p2b: Clefable|1/100
|-status|p2b: Clefable|psn
|-enditem|p2b: Clefable|Sitrus Berry|[eat]
|-heal|p2b: Clefable|26/100 psn|[from] item: Sitrus Berry
|move|p2b: Clefable|Moonblast|p1b: Snorlax
|-activate|p1b: Snorlax|move: Protect
|
|-heal|p1b: Snorlax|22/100|[from] item: Leftovers
|-damage|p2b: Clefable|14/100 psn|[from] psn
|-start|p2a: Gyarados|perish2
|-start|p1a: Gengar|perish2
|-start|p2b: Clefable|perish2
|upkeep
|turn|8
|inactive|Stoney93 has 30 seconds left.
|inactive|Stoney93 has 20 seconds left.
|
|t:|1783078185
|switch|p1b: Dragonite|Dragonite, L50, F|11/100 par
|move|p2b: Clefable|Helping Hand|p2a: Gyarados
|-singleturn|p2a: Gyarados|Helping Hand|[of] p2b: Clefable
|move|p1a: Gengar|Protect|p1a: Gengar
|-singleturn|p1a: Gengar|Protect
|move|p2a: Gyarados|Waterfall|p1b: Dragonite
|-resisted|p1b: Dragonite|1
|-damage|p1b: Dragonite|0 fnt
|faint|p1b: Dragonite
|
|-damage|p2b: Clefable|1/100 psn|[from] psn
|-start|p2a: Gyarados|perish1
|-start|p1a: Gengar|perish1
|-start|p2b: Clefable|perish1
|upkeep
|
|t:|1783078202
|switch|p1b: Snorlax|Snorlax, L50, M|22/100
|turn|9
|
|t:|1783078225
|move|p2b: Clefable|Helping Hand|p2a: Gyarados
|-singleturn|p2a: Gyarados|Helping Hand|[of] p2b: Clefable
|move|p2a: Gyarados|Waterfall|p1b: Snorlax
|-damage|p1b: Snorlax|0 fnt
|faint|p1b: Snorlax
|move|p1a: Gengar|Perish Song||[still]
|-fail|p1a: Gengar
|
|-damage|p2b: Clefable|0 fnt|[from] psn
|faint|p2b: Clefable
|-start|p2a: Gyarados|perish0
|-start|p1a: Gengar|perish0
|upkeep
|faint|p2a: Gyarados
|faint|p1a: Gengar
|
|win|FreezyPop439
||Stoney93 is ready for game 2.
|inactive|FreezyPop439 has 30 seconds to confirm battle start!
