|j|☆terosath
|j|☆Bingus Von Bongus
|html|terosathBingus Von Bongus    
|uhtml|bestof|Game 1 of a best-of-3
|t:|1785112776
|gametype|doubles
|player|p1|terosath|n|
|player|p2|Bingus Von Bongus|ghetsis|
|gen|9
|tier|[Gen 9 Champions] VGC 2026 Reg M-B (Bo3)
|rule|Species Clause: Limit one of each Pokémon
|rule|Item Clause: Limit 1 of each item
|clearpoke
|poke|p1|Drampa, L50, F|
|poke|p1|Crabominable, L50, M|
|poke|p1|Sinistcha-Masterpiece, L50|
|poke|p1|Politoed, L50, M|
|poke|p1|Farigiraf, L50, M|
|poke|p1|Garganacl, L50, F|
|poke|p2|Sableye, L50, M, shiny|
|poke|p2|Sinistcha-Masterpiece, L50|
|poke|p2|Rampardos, L50, M, shiny|
|poke|p2|Aromatisse, L50, F|
|poke|p2|Beedrill, L50, F|
|poke|p2|Gardevoir, L50, M|
|teampreview|4
|showteam|p1|Drampa||Drampanite|Berserk|Protect,EarthPower,CalmMind,HyperVoice|Quiet||F|||50|]Crabominable||Crabominite|HyperCutter|DrainPunch,Protect,IceHammer,ThunderPunch|Brave||M|||50|]Sinistcha-Masterpiece||SitrusBerry|Hospitality|TrickRoom,MatchaGotcha,LifeDew,RagePowder|Modest|||||50|]Politoed||MysticWater|Drizzle|MuddyWater,Protect,Encore,HelpingHand|Calm||M|||50|]Farigiraf||MentalHerb|ArmorTail|TrickRoom,PsychicNoise,LightScreen,Reflect|Sassy||M|||50|]Garganacl||Leftovers|PurifyingSalt|WideGuard,RockSlide,Protect,BodyPress|Relaxed||F|||50|
|showteam|p2|Sableye||LightClay|Prankster|SkillSwap,Encore,LightScreen,Reflect|Impish||M|||50|]Sinistcha-Masterpiece||Leftovers|Hospitality|MatchaGotcha,ShadowBall,CalmMind,StrengthSap|Bold|||||50|]Rampardos||LifeOrb|SheerForce|RockSlide,IronHead,Protect,Crunch|Brave||M|||50|]Aromatisse||BabiriBerry|AromaVeil|AfterYou,HealPulse,AllySwitch,TrickRoom|Relaxed||F|||50|]Beedrill||Beedrillite|Sniper|Lunge,PoisonJab,Protect,KnockOff|Jolly||F|||50|]Gardevoir||Gardevoirite|Trace|HyperVoice,Moonblast,VacuumWave,Protect|Timid||M|||50|
|j| seafan13
|j| Jaybird112233
|
|t:|1785112802
|teamsize|p1|4
|teamsize|p2|4
|start
|switch|p1a: 'Nam Veteran|Drampa, L50, F|100/100
|switch|p1b: RacecaR|Farigiraf, L50, M|100/100
|switch|p2a: The Goo Haunts You|Sinistcha-Masterpiece, L50|100/100
|switch|p2b: Lil Green Ghouls|Sableye, L50, M, shiny|100/100
|turn|1
|j| geminiduality2
|
|t:|1785112831
|detailschange|p1a: 'Nam Veteran|Drampa-Mega, L50, F
|-mega|p1a: 'Nam Veteran|Drampa|Drampanite
|move|p2b: Lil Green Ghouls|Skill Swap|p2a: The Goo Haunts You
|-activate|p2b: Lil Green Ghouls|Skill Swap|||[of] p2a: The Goo Haunts You
|move|p2a: The Goo Haunts You|Calm Mind|p2a: The Goo Haunts You
|-boost|p2a: The Goo Haunts You|spa|1
|-boost|p2a: The Goo Haunts You|spd|1
|move|p1a: 'Nam Veteran|Calm Mind|p1a: 'Nam Veteran
|-boost|p1a: 'Nam Veteran|spa|1
|-boost|p1a: 'Nam Veteran|spd|1
|move|p1b: RacecaR|Trick Room|p1b: RacecaR
|-fieldstart|move: Trick Room|[of] p1b: RacecaR
|
|upkeep
|turn|2
|
|t:|1785112874
|move|p2a: The Goo Haunts You|Calm Mind|p2a: The Goo Haunts You
|-boost|p2a: The Goo Haunts You|spa|1
|-boost|p2a: The Goo Haunts You|spd|1
|move|p1a: 'Nam Veteran|Earth Power|p2a: The Goo Haunts You
|-resisted|p2a: The Goo Haunts You|1
|-damage|p2a: The Goo Haunts You|85/100
|move|p2b: Lil Green Ghouls|Light Screen|p2b: Lil Green Ghouls
|-sidestart|p2: Bingus Von Bongus|move: Light Screen
|move|p1b: RacecaR|Psychic Noise|p2a: The Goo Haunts You
|-damage|p2a: The Goo Haunts You|75/100
|-start|p2a: The Goo Haunts You|move: Heal Block
|
|upkeep
|turn|3
|
|t:|1785112942
|switch|p2b: Krang te Konqueror|Rampardos, L50, M, shiny|100/100
|move|p2a: The Goo Haunts You|Calm Mind|p2a: The Goo Haunts You
|-boost|p2a: The Goo Haunts You|spa|1
|-boost|p2a: The Goo Haunts You|spd|1
|move|p1a: 'Nam Veteran|Calm Mind|p1a: 'Nam Veteran
|-boost|p1a: 'Nam Veteran|spa|1
|-boost|p1a: 'Nam Veteran|spd|1
|move|p1b: RacecaR|Light Screen|p1b: RacecaR
|-sidestart|p1: terosath|move: Light Screen
|
|-end|p2a: The Goo Haunts You|move: Heal Block
|upkeep
|turn|4
|
|t:|1785112999
|move|p1a: 'Nam Veteran|Earth Power|p2b: Krang te Konqueror
|-supereffective|p2b: Krang te Konqueror|1
|-damage|p2b: Krang te Konqueror|0 fnt
|faint|p2b: Krang te Konqueror
|move|p1b: RacecaR|Psychic Noise|p2a: The Goo Haunts You
|-crit|p2a: The Goo Haunts You
|-damage|p2a: The Goo Haunts You|37/100
|-start|p2a: The Goo Haunts You|move: Heal Block
|cant|p2a: The Goo Haunts You|move: Heal Block|Matcha Gotcha
|
|upkeep
|
|t:|1785113009
|switch|p2b: Garganoth Bee Lord|Beedrill, L50, F|100/100
|turn|5
|
|t:|1785113028
|move|p2a: The Goo Haunts You|Calm Mind|p2a: The Goo Haunts You
|-boost|p2a: The Goo Haunts You|spa|1
|-boost|p2a: The Goo Haunts You|spd|1
|move|p1a: 'Nam Veteran|Hyper Voice|p2a: The Goo Haunts You|[spread] p2b
|-immune|p2a: The Goo Haunts You
|-damage|p2b: Garganoth Bee Lord|6/100
|move|p1b: RacecaR|Psychic Noise|p2b: Garganoth Bee Lord
|-supereffective|p2b: Garganoth Bee Lord|1
|-damage|p2b: Garganoth Bee Lord|0 fnt
|faint|p2b: Garganoth Bee Lord
|
|-end|p2a: The Goo Haunts You|move: Heal Block
|-fieldend|move: Trick Room
|upkeep
|
|t:|1785113041
|switch|p2b: Lil Green Ghouls|Sableye, L50, M, shiny|100/100
|turn|6
|
|t:|1785113087
|move|p2b: Lil Green Ghouls|Encore||[still]
|cant|p1b: RacecaR|ability: Armor Tail|Encore|[of] p2b: Lil Green Ghouls
|move|p2a: The Goo Haunts You|Matcha Gotcha|p1b: RacecaR|[spread] p1a,p1b
|-resisted|p1a: 'Nam Veteran|1
|-damage|p1a: 'Nam Veteran|89/100
|-heal|p2a: The Goo Haunts You|42/100|[from] drain|[of] p1a: 'Nam Veteran
|-damage|p1b: RacecaR|63/100
|-heal|p2a: The Goo Haunts You|65/100|[from] drain|[of] p1b: RacecaR
|move|p1a: 'Nam Veteran|Earth Power|p2a: The Goo Haunts You
|-resisted|p2a: The Goo Haunts You|1
|-damage|p2a: The Goo Haunts You|57/100
|move|p1b: RacecaR|Trick Room|p1b: RacecaR
|-fieldstart|move: Trick Room|[of] p1b: RacecaR
|
|-heal|p2a: The Goo Haunts You|64/100|[from] item: Leftovers
|upkeep
|turn|7
|
|t:|1785113137
|move|p2b: Lil Green Ghouls|Reflect|p2b: Lil Green Ghouls
|-sidestart|p2: Bingus Von Bongus|Reflect
|move|p2a: The Goo Haunts You|Calm Mind|p2a: The Goo Haunts You
|-boost|p2a: The Goo Haunts You|spa|1
|-boost|p2a: The Goo Haunts You|spd|1
|move|p1a: 'Nam Veteran|Earth Power|p2a: The Goo Haunts You
|-resisted|p2a: The Goo Haunts You|1
|-damage|p2a: The Goo Haunts You|57/100
|move|p1b: RacecaR|Psychic Noise|p2a: The Goo Haunts You
|-crit|p2a: The Goo Haunts You
|-damage|p2a: The Goo Haunts You|20/100y
|-start|p2a: The Goo Haunts You|move: Heal Block
|
|-sideend|p1: terosath|move: Light Screen
|upkeep
|turn|8
|
|t:|1785113180
|move|p2b: Lil Green Ghouls|Encore||[still]
|cant|p1b: RacecaR|ability: Armor Tail|Encore|[of] p2b: Lil Green Ghouls
|move|p2a: The Goo Haunts You|Calm Mind|p2a: The Goo Haunts You
|-boost|p2a: The Goo Haunts You|spa|1
|-boost|p2a: The Goo Haunts You|spd|1
|move|p1a: 'Nam Veteran|Earth Power|p2a: The Goo Haunts You
|-resisted|p2a: The Goo Haunts You|1
|-damage|p2a: The Goo Haunts You|14/100
|move|p1b: RacecaR|Psychic Noise|p2a: The Goo Haunts You
|-damage|p2a: The Goo Haunts You|9/100
|
|-end|p2a: The Goo Haunts You|move: Heal Block
|upkeep
|turn|9
|
|t:|1785113219
|move|p2b: Lil Green Ghouls|Skill Swap||[still]
|cant|p1b: RacecaR|ability: Armor Tail|Skill Swap|[of] p2b: Lil Green Ghouls
|move|p1a: 'Nam Veteran|Earth Power|p2a: The Goo Haunts You
|-resisted|p2a: The Goo Haunts You|1
|-damage|p2a: The Goo Haunts You|3/100
|move|p1b: RacecaR|Psychic Noise|p2a: The Goo Haunts You
|-crit|p2a: The Goo Haunts You
|-damage|p2a: The Goo Haunts You|0 fnt
|faint|p2a: The Goo Haunts You
|
|-sideend|p2: Bingus Von Bongus|move: Light Screen
|upkeep
|turn|10
|-message|Bingus Von Bongus forfeited.
|
|win|terosath
||Bingus Von Bongus is ready for game 2.
||terosath is ready for game 2.
|uhtml|next|Next: Game 2 of 3
