|j|☆vglabmty
|j|☆DioXyPKMN
|html|vglabmtyDioXyPKMN    
|uhtml|bestof|Game 2 of a best-of-3
|t:|1784593176
|gametype|doubles
|player|p1|vglabmty|scientist|1095
|player|p2|DioXyPKMN|caitlin|1040
|gen|9
|tier|[Gen 9 Champions] VGC 2026 Reg M-B (Bo3)
|rated|
|rule|Species Clause: Limit one of each Pokémon
|rule|Item Clause: Limit 1 of each item
|clearpoke
|poke|p1|Tyranitar, L50, F|
|poke|p1|Rotom-Mow, L50|
|poke|p1|Farigiraf, L50, M|
|poke|p1|Sneasler, L50, F|
|poke|p1|Houndstone, L50, F|
|poke|p1|Mamoswine, L50, M|
|poke|p2|Delphox, L50, F|
|poke|p2|Sneasler, L50, F|
|poke|p2|Sinistcha, L50|
|poke|p2|Incineroar, L50, M|
|poke|p2|Blastoise, L50, M|
|poke|p2|Kingambit, L50, M|
|teampreview|4
|showteam|p1|Tyranitar||Tyranitarite|SandStream|Protect,DragonDance,Crunch,RockSlide|Adamant||F|||50|]Rotom-Mow||Leftovers|Levitate|WillOWisp,Electroweb,LeafStorm,Protect|Calm|||||50|]Farigiraf||SitrusBerry|ArmorTail|HelpingHand,TrickRoom,TwinBeam,Thunderbolt|Relaxed||M|||50|]Sneasler||WhiteHerb|Unburden|FakeOut,DireClaw,CloseCombat,ThroatChop|Adamant||F|||50|]Houndstone||ColburBerry|SandRush|Protect,Poltergeist,ShadowSneak,BodyPress|Adamant||F|||50|]Mamoswine||LifeOrb|Oblivious|HighHorsepower,IceShard,Protect,RockSlide|Jolly||M|||50|
|showteam|p2|Delphox||Delphoxite|Blaze|HeatWave,Psyshock,NastyPlot,Protect|Timid||F|||50|]Sneasler||FocusSash|PoisonTouch|DireClaw,CloseCombat,FakeOut,QuickGuard|Jolly||F|||50|]Sinistcha||OccaBerry|Hospitality|MatchaGotcha,RagePowder,TrickRoom,Protect|Bold|||||50|]Incineroar||SitrusBerry|Intimidate|FlareBlitz,ThroatChop,PartingShot,FakeOut|Careful||M|||50|]Blastoise||Blastoisinite|Torrent|WaterSpout,DarkPulse,ShellSmash,Protect|Timid||M|||50|]Kingambit||BlackGlasses|Defiant|KowtowCleave,SuckerPunch,SwordsDance,Protect|Adamant||M|||50|
|inactive|Battle timer is ON: inactive players will automatically lose when time's up. (requested by vglabmty)
|inactive|DioXyPKMN has 60 seconds left.
|
|t:|1784593228
|teamsize|p1|4
|teamsize|p2|4
|start
|switch|p1a: Farigiraf|Farigiraf, L50, M|100/100
|switch|p1b: Sneasler|Sneasler, L50, F|100/100
|switch|p2a: Blastoise|Blastoise, L50, M|100/100
|switch|p2b: Sinistcha|Sinistcha, L50|100/100
|turn|1
|
|t:|1784593248
|detailschange|p2a: Blastoise|Blastoise-Mega, L50, M
|-mega|p2a: Blastoise|Blastoise|Blastoisinite
|move|p2a: Blastoise|Protect|p2a: Blastoise
|-singleturn|p2a: Blastoise|Protect
|move|p2b: Sinistcha|Protect|p2b: Sinistcha
|-singleturn|p2b: Sinistcha|Protect
|move|p1b: Sneasler|Fake Out|p2a: Blastoise
|-activate|p2a: Blastoise|move: Protect
|move|p1a: Farigiraf|Thunderbolt|p2a: Blastoise
|-activate|p2a: Blastoise|move: Protect
|
|upkeep
|turn|2
|inactive|DioXyPKMN has 30 seconds left.
|inactive|DioXyPKMN has 20 seconds left.
|
|t:|1784593287
|move|p2b: Sinistcha|Rage Powder|p2b: Sinistcha
|-singleturn|p2b: Sinistcha|move: Rage Powder
|move|p1b: Sneasler|Throat Chop|p2b: Sinistcha
|-supereffective|p2b: Sinistcha|1
|-damage|p2b: Sinistcha|48/100
|-start|p2b: Sinistcha|Throat Chop|[silent]
|move|p2a: Blastoise|Water Spout|p1b: Sneasler|[spread] p1a,p1b
|-crit|p1a: Farigiraf
|-damage|p1a: Farigiraf|13/100
|-damage|p1b: Sneasler|23/100
|-enditem|p1a: Farigiraf|Sitrus Berry|[eat]
|-heal|p1a: Farigiraf|38/100|[from] item: Sitrus Berry
|move|p1a: Farigiraf|Trick Room|p1a: Farigiraf
|-fieldstart|move: Trick Room|[of] p1a: Farigiraf
|
|upkeep
|turn|3
|inactive|vglabmty has 30 seconds left.
|
|t:|1784593313
|switch|p1b: Houndstone|Houndstone, L50, F|100/100
|move|p2b: Sinistcha|Rage Powder|p2b: Sinistcha
|-singleturn|p2b: Sinistcha|move: Rage Powder
|move|p1a: Farigiraf|Twin Beam|p2b: Sinistcha
|-damage|p2b: Sinistcha|34/100
|-damage|p2b: Sinistcha|21/100
|-hitcount|p2b: Sinistcha|2
|move|p2a: Blastoise|Water Spout|p1a: Farigiraf|[spread] p1a,p1b
|-damage|p1a: Farigiraf|0 fnt
|-damage|p1b: Houndstone|27/100
|faint|p1a: Farigiraf
|
|-end|p2b: Sinistcha|Throat Chop|[silent]
|upkeep
|
|t:|1784593324
|switch|p1a: Sneasler|Sneasler, L50, F|23/100
|turn|4
|
|t:|1784593329
|move|p2b: Sinistcha|Protect|p2b: Sinistcha
|-singleturn|p2b: Sinistcha|Protect
|move|p2a: Blastoise|Protect|p2a: Blastoise
|-singleturn|p2a: Blastoise|Protect
|move|p1a: Sneasler|Fake Out|p2a: Blastoise
|-activate|p2a: Blastoise|move: Protect
|move|p1b: Houndstone|Shadow Sneak|p2b: Sinistcha
|-activate|p2b: Sinistcha|move: Protect
|
|upkeep
|turn|5
|
|t:|1784593347
|move|p2b: Sinistcha|Rage Powder|p2b: Sinistcha
|-singleturn|p2b: Sinistcha|move: Rage Powder
|move|p1b: Houndstone|Shadow Sneak|p2b: Sinistcha
|-supereffective|p2b: Sinistcha|1
|-damage|p2b: Sinistcha|0 fnt
|faint|p2b: Sinistcha
|move|p2a: Blastoise|Water Spout|p1a: Sneasler|[spread] p1a,p1b
|-damage|p1a: Sneasler|0 fnt
|-damage|p1b: Houndstone|0 fnt
|faint|p1a: Sneasler
|faint|p1b: Houndstone
|
|upkeep
|
|t:|1784593352
|switch|p2b: Sneasler|Sneasler, L50, F|100/100
|switch|p1b: Tyranitar|Tyranitar, L50, F|100/100
|-weather|Sandstorm|[from] ability: Sand Stream|[of] p1b: Tyranitar
|turn|6
|-message|vglabmty forfeited.
|
|win|DioXyPKMN
|raw|vglabmty's rating: 1095 → 1067(-28 for losing)
|raw|DioXyPKMN's rating: 1040 → 1079(+39 for winning)
|l|☆vglabmty
|player|p1|
