|j|â˜†okkoso
|j|â˜†muncherscruncher
|html|okkosomuncherscruncher    
|uhtml|bestof|Game 2 of a best-of-3
|t:|1757256133
|gametype|doubles
|player|p1|okkoso|waiter-gen4dp|1020
|player|p2|muncherscruncher|1|1000
|gen|9
|tier|[Gen 9] VGC 2025 Reg H (Bo3)
|rated|
|rule|Species Clause: Limit one of each PokÃ©mon
|rule|Item Clause: Limit 1 of each item
|clearpoke
|poke|p1|Gholdengo, L50|
|poke|p1|Incineroar, L50, M|
|poke|p1|Amoonguss, L50, F|
|poke|p1|Archaludon, L50, F|
|poke|p1|Pelipper, L50, M|
|poke|p1|Basculegion, L50, M|
|poke|p2|Whimsicott, L50, M|
|poke|p2|Incineroar, L50, M|
|poke|p2|Gothitelle, L50, M|
|poke|p2|Lapras, L50, F|
|poke|p2|Barraskewda, L50, F|
|poke|p2|Ursaluna, L50, M|
|teampreview|4
|showteam|p1|Gholdengo||LifeOrb|GoodasGold|MakeItRain,ShadowBall,NastyPlot,Protect||||||50|,,,,,Water]Incineroar||RockyHelmet|Intimidate|Taunt,KnockOff,PartingShot,FakeOut|||M|||50|,,,,,Ghost]Amoonguss||SitrusBerry|Regenerator|PollenPuff,Spore,RagePowder,Protect|||F|||50|,,,,,Water]Archaludon||AssaultVest|Stamina|DragonPulse,FlashCannon,ElectroShot,BodyPress|||F|||50|,,,,,Bug]Pelipper||FocusSash|Drizzle|WeatherBall,Hurricane,Tailwind,Protect|||M|||50|,,,,,Ground]Basculegion||ChoiceBand|SwiftSwim|WaveCrash,LastRespects,FlipTurn,AquaJet|||M|||50|,,,,,Water
|showteam|p2|Whimsicott||FocusSash|Prankster|Encore,Tailwind,LightScreen,Moonblast|||M|||50|,,,,,Dark]Incineroar||SafetyGoggles|Intimidate|FakeOut,PartingShot,WillOWisp,Protect|||M|||50|,,,,,Fire]Gothitelle||Leftovers|ShadowTag|Protect,FakeOut,Taunt,ExpandingForce|||M|||50|,,,,,Steel]Lapras||BlunderPolicy|WaterAbsorb|PerishSong,Protect,FreezeDry,Blizzard|||F|||50|,,,,,Steel]Barraskewda||LifeOrb|PropellerTail|AquaJet,CloseCombat,Liquidation,Facade|||F|||50|,,,,,Water]Ursaluna||FlameOrb|Guts|Facade,CloseCombat,Earthquake,Protect|||M|||50|,,,,,Normal
|inactive|Battle timer is ON: inactive players will automatically lose when time's up. (requested by muncherscruncher)
|
|t:|1757256155
|teamsize|p1|4
|teamsize|p2|4
|start
|switch|p1a: Pelipper|Pelipper, L50, M|100/100
|switch|p1b: Basculegion|Basculegion, L50, M|100/100
|switch|p2a: Ursaluna|Ursaluna, L50, M|100/100
|switch|p2b: Lapras|Lapras, L50, F|100/100
|-weather|RainDance|[from] ability: Drizzle|[of] p1a: Pelipper
|turn|1
|
|t:|1757256173
|move|p2a: Ursaluna|Protect|p2a: Ursaluna
|-singleturn|p2a: Ursaluna|Protect
|move|p1b: Basculegion|Flip Turn|p2a: Ursaluna
|-activate|p2a: Ursaluna|move: Protect
|move|p1a: Pelipper|Tailwind|p1a: Pelipper
|-sidestart|p1: okkoso|move: Tailwind
|move|p2b: Lapras|Freeze-Dry|p1b: Basculegion
|-supereffective|p1b: Basculegion
|-damage|p1b: Basculegion|44/100
|
|-weather|RainDance|[upkeep]
|-status|p2a: Ursaluna|brn|[from] item: Flame Orb
|upkeep
|turn|2
|
|t:|1757256192
|-terastallize|p2a: Ursaluna|Normal
|move|p1b: Basculegion|Flip Turn|p2a: Ursaluna
|-damage|p2a: Ursaluna|49/100 brn
|
|t:|1757256206
|switch|p1b: Archaludon|Archaludon, L50, F|100/100|[from] Flip Turn
|move|p1a: Pelipper|Hurricane|p2b: Lapras
|-damage|p2b: Lapras|68/100
|move|p2b: Lapras|Blizzard|p1a: Pelipper|[spread] p1a,p1b
|-damage|p1a: Pelipper|55/100
|-damage|p1b: Archaludon|81/100
|-ability|p1b: Archaludon|Stamina|boost
|-boost|p1b: Archaludon|def|1
|move|p2a: Ursaluna|Facade|p1a: Pelipper
|-damage|p1a: Pelipper|0 fnt
|faint|p1a: Pelipper
|
|-weather|RainDance|[upkeep]
|-damage|p2a: Ursaluna|44/100 brn|[from] brn
|upkeep
|
|t:|1757256221
|switch|p1a: Basculegion|Basculegion, L50, M|44/100
|turn|3
|
|t:|1757256232
|-terastallize|p1b: Archaludon|Bug
|move|p2a: Ursaluna|Protect|p2a: Ursaluna
|-singleturn|p2a: Ursaluna|Protect
|move|p1a: Basculegion|Last Respects|p2b: Lapras
|-damage|p2b: Lapras|0 fnt
|faint|p2b: Lapras
|move|p1b: Archaludon|Body Press|p2a: Ursaluna
|-activate|p2a: Ursaluna|move: Protect
|
|-weather|RainDance|[upkeep]
|-damage|p2a: Ursaluna|38/100 brn|[from] brn
|upkeep
|
|t:|1757256243
|switch|p2b: Gothitelle|Gothitelle, L50, M|100/100
|turn|4
|
|t:|1757256251
|move|p2b: Gothitelle|Fake Out|p1b: Archaludon
|-damage|p1b: Archaludon|78/100
|-ability|p1b: Archaludon|Stamina|boost
|-boost|p1b: Archaludon|def|1
|move|p1a: Basculegion|Last Respects|p2b: Gothitelle
|-supereffective|p2b: Gothitelle
|-damage|p2b: Gothitelle|0 fnt
|faint|p2b: Gothitelle
|cant|p1b: Archaludon|flinch
|move|p2a: Ursaluna|Facade|p1a: Basculegion
|-immune|p1a: Basculegion
|
|-weather|RainDance|[upkeep]
|-damage|p2a: Ursaluna|32/100 brn|[from] brn
|-sideend|p1: okkoso|move: Tailwind
|upkeep
|c|â˜†muncherscruncher|lol im re tard
|
|t:|1757256268
|switch|p2b: Incineroar|Incineroar, L50, M|100/100
|-ability|p2b: Incineroar|Intimidate|boost
|-unboost|p1a: Basculegion|atk|1
|-unboost|p1b: Archaludon|atk|1
|turn|5
|
|t:|1757256291
|move|p2b: Incineroar|Fake Out|p1b: Archaludon
|-damage|p1b: Archaludon|74/100
|-ability|p1b: Archaludon|Stamina|boost
|-boost|p1b: Archaludon|def|1
|move|p1a: Basculegion|Last Respects|p2b: Incineroar
|-resisted|p2b: Incineroar
|-damage|p2b: Incineroar|78/100
|cant|p1b: Archaludon|flinch
|move|p2a: Ursaluna|Facade|p1b: Archaludon
|-damage|p1b: Archaludon|23/100
|-ability|p1b: Archaludon|Stamina|boost
|-boost|p1b: Archaludon|def|1
|
|-weather|none
|-damage|p2a: Ursaluna|26/100 brn|[from] brn
|upkeep
|turn|6
|
|t:|1757256314
|switch|p1a: Gholdengo|Gholdengo, L50|100/100
|move|p1b: Archaludon|Body Press|p2a: Ursaluna
|-supereffective|p2a: Ursaluna
|-damage|p2a: Ursaluna|0 fnt
|faint|p2a: Ursaluna
|move|p2b: Incineroar|Will-O-Wisp|p1a: Gholdengo
|-immune|p1a: Gholdengo|[from] ability: Good as Gold
|
|upkeep
|turn|7
|c|â˜†muncherscruncher|gg
|l|â˜†muncherscruncher
|inactive|muncherscruncher disconnected and has a minute to reconnect!
|player|p2|
|
|t:|1757256331
|move|p1a: Gholdengo|Shadow Ball|p2b: Incineroar
|-resisted|p2b: Incineroar
|-damage|p2b: Incineroar|55/100
|-unboost|p2b: Incineroar|spd|1
|-damage|p1a: Gholdengo|91/100|[from] item: Life Orb
|move|p1b: Archaludon|Electro Shot||[still]
|-prepare|p1b: Archaludon|Electro Shot
|-boost|p1b: Archaludon|spa|1
|move|p2b: Incineroar|Parting Shot|p1b: Archaludon
|-unboost|p1b: Archaludon|atk|1
|-unboost|p1b: Archaludon|spa|1
|
|upkeep
|turn|8
|inactive|muncherscruncher has 30 seconds left.
|inactive|muncherscruncher has 20 seconds left.
|inactive|muncherscruncher has 15 seconds left.
|inactive|muncherscruncher has 10 seconds left.
|inactive|muncherscruncher has 5 seconds left.
|-message|muncherscruncher lost due to inactivity.
|
|win|okkoso
|raw|okkoso's rating: 1020 → 1055(+35 for winning)
|raw|muncherscruncher's rating: 1000 → 1000(+0 for losing)
