|j|☆Dot1Q
|j|☆Jay is decent
|html|Dot1QJay is decent    
|uhtml|bestof|Game 1 of a best-of-3
|t:|1782322198
|gametype|doubles
|player|p1|Dot1Q|veteran|
|player|p2|Jay is decent|101|
|gen|9
|tier|[Gen 9 Champions] VGC 2026 Reg M-B (Bo3)
|rule|Species Clause: Limit one of each Pokémon
|rule|Item Clause: Limit 1 of each item
|clearpoke
|poke|p1|Annihilape, L50, F|
|poke|p1|Dragonite, L50, M|
|poke|p1|Armarouge, L50, M|
|poke|p1|Torkoal, L50, F|
|poke|p1|Maushold-Four, L50|
|poke|p1|Kingambit, L50, M|
|poke|p2|Blaziken, L50, M, shiny|
|poke|p2|Kingambit, L50, F|
|poke|p2|Basculegion, L50, M|
|poke|p2|Grimmsnarl, L50, M|
|poke|p2|Sinistcha, L50|
|poke|p2|Floette-Eternal, L50, F|
|teampreview|4
|showteam|p1|Annihilape||ChoiceScarf|Defiant|ShadowClaw,CloseCombat,SeedBomb,IcePunch|Adamant||F|||50|]Dragonite||Dragoninite|InnerFocus|DragonDance,DragonClaw,ExtremeSpeed,Protect|Adamant||M|||50|]Armarouge||Leftovers|FlashFire|Psychic,HeatWave,CalmMind,TrickRoom|Modest||M|||50|]Torkoal||Charcoal|Drought|Eruption,HeatWave,EarthPower,Protect|Quiet||F|||50|]Maushold-Four||WideLens|Technician|PopulationBomb,Bite,FollowMe,Protect|Jolly|||||50|]Kingambit||LifeOrb|Defiant|IronHead,KowtowCleave,SuckerPunch,Protect|Adamant||M|||50|
|showteam|p2|Blaziken||Blazikenite|SpeedBoost|FlareBlitz,CloseCombat,RockSlide,Detect|Adamant||M|||50|]Kingambit||BlackGlasses|Defiant|KowtowCleave,SuckerPunch,SwordsDance,Protect|Adamant||F|||50|]Basculegion||FocusSash|Adaptability|Liquidation,LastRespects,AquaJet,Protect|Adamant||M|||50|]Grimmsnarl||RoseliBerry|Prankster|FakeOut,SpiritBreak,PartingShot,ScaryFace|Careful||M|||50|]Sinistcha||KasibBerry|Hospitality|MatchaGotcha,RagePowder,TrickRoom,Protect|Bold|||||50|]Floette-Eternal||Floettite|FlowerVeil|Moonblast,DazzlingGleam,CalmMind,Protect|Modest||F|||50|
|c|☆Dot1Q|glhf
|c|☆Jay is decent|u2
|
|t:|1782322258
|teamsize|p1|4
|teamsize|p2|4
|start
|switch|p1a: Annihilape|Annihilape, L50, F|100/100
|switch|p1b: Armarouge|Armarouge, L50, M|100/100
|switch|p2a: Grimmsnarl|Grimmsnarl, L50, M|100/100
|switch|p2b: Floette|Floette-Eternal, L50, F|100/100
|turn|1
|
|t:|1782322292
|detailschange|p2b: Floette|Floette-Mega, L50, F
|-mega|p2b: Floette|Floette|Floettite
|-ability|p2b: Floette|Fairy Aura
|move|p2a: Grimmsnarl|Fake Out|p1b: Armarouge
|-damage|p1b: Armarouge|90/100
|move|p1a: Annihilape|Close Combat|p2a: Grimmsnarl
|-damage|p2a: Grimmsnarl|36/100
|-unboost|p1a: Annihilape|def|1
|-unboost|p1a: Annihilape|spd|1
|move|p2b: Floette|Calm Mind|p2b: Floette
|-boost|p2b: Floette|spa|1
|-boost|p2b: Floette|spd|1
|cant|p1b: Armarouge|flinch
|
|-heal|p1b: Armarouge|96/100|[from] item: Leftovers
|upkeep
|turn|2
|
|t:|1782322311
|move|p2a: Grimmsnarl|Parting Shot|p1b: Armarouge
|-unboost|p1b: Armarouge|atk|1
|-unboost|p1b: Armarouge|spa|1
|
|t:|1782322315
|switch|p2a: Basculegion|Basculegion, L50, M|100/100|[from] Parting Shot
|move|p1a: Annihilape|Close Combat|p2a: Basculegion
|-immune|p2a: Basculegion
|move|p2b: Floette|Dazzling Gleam|p1b: Armarouge|[spread] p1a,p1b
|-supereffective|p1a: Annihilape|1
|-resisted|p1b: Armarouge|1
|-damage|p1a: Annihilape|0 fnt
|-damage|p1b: Armarouge|58/100
|faint|p1a: Annihilape
|move|p1b: Armarouge|Trick Room|p1b: Armarouge
|-fieldstart|move: Trick Room|[of] p1b: Armarouge
|
|-heal|p1b: Armarouge|65/100|[from] item: Leftovers
|upkeep
|
|t:|1782322323
|switch|p1a: Kingambit|Kingambit, L50, M|100/100
|turn|3
|
|t:|1782322346
|move|p2b: Floette|Protect|p2b: Floette
|-singleturn|p2b: Floette|Protect
|move|p1a: Kingambit|Kowtow Cleave|p2a: Basculegion
|-supereffective|p2a: Basculegion|1
|-enditem|p2a: Basculegion|Focus Sash
|-damage|p2a: Basculegion|1/100
|-damage|p1a: Kingambit|90/100|[from] item: Life Orb
|move|p1b: Armarouge|Heat Wave|p2b: Floette|[spread] p2a
|-activate|p2b: Floette|move: Protect
|-resisted|p2a: Basculegion|1
|-damage|p2a: Basculegion|0 fnt
|faint|p2a: Basculegion
|
|-heal|p1b: Armarouge|71/100|[from] item: Leftovers
|upkeep
|
|t:|1782322362
|switch|p2a: Grimmsnarl|Grimmsnarl, L50, M|36/100
|turn|4
|
|t:|1782322371
|switch|p1b: Torkoal|Torkoal, L50, F|100/100
|-weather|SunnyDay|[from] ability: Drought|[of] p1b: Torkoal
|move|p1a: Kingambit|Protect|p1a: Kingambit
|-singleturn|p1a: Kingambit|Protect
|move|p2a: Grimmsnarl|Scary Face|p2b: Floette
|-unboost|p2b: Floette|spe|2
|move|p2b: Floette|Moonblast|p1a: Kingambit
|-activate|p1a: Kingambit|move: Protect
|
|-weather|SunnyDay|[upkeep]
|upkeep
|turn|5
|
|t:|1782322405
|move|p1a: Kingambit|Sucker Punch|p2b: Floette
|-resisted|p2b: Floette|1
|-damage|p2b: Floette|73/100
|-damage|p1a: Kingambit|80/100|[from] item: Life Orb
|move|p1b: Torkoal|Eruption|p2a: Grimmsnarl|[spread] p2a,p2b
|-damage|p2a: Grimmsnarl|0 fnt
|-damage|p2b: Floette|35/100
|faint|p2a: Grimmsnarl
|move|p2b: Floette|Moonblast|p1a: Kingambit
|-damage|p1a: Kingambit|0 fnt
|faint|p1a: Kingambit
|
|-weather|SunnyDay|[upkeep]
|upkeep
|
|t:|1782322415
|switch|p1a: Armarouge|Armarouge, L50, M|71/100
|switch|p2a: Kingambit|Kingambit, L50, F|100/100
|turn|6
|
|t:|1782322434
|move|p2a: Kingambit|Protect|p2a: Kingambit
|-singleturn|p2a: Kingambit|Protect
|move|p1b: Torkoal|Heat Wave|p2b: Floette|[spread] p2b
|-activate|p2a: Kingambit|move: Protect
|-damage|p2b: Floette|8/100
|move|p2b: Floette|Moonblast|p1a: Armarouge
|-resisted|p1a: Armarouge|1
|-damage|p1a: Armarouge|12/100
|move|p1a: Armarouge|Calm Mind|p1a: Armarouge
|-boost|p1a: Armarouge|spa|1
|-boost|p1a: Armarouge|spd|1
|
|-weather|SunnyDay|[upkeep]
|-heal|p1a: Armarouge|18/100|[from] item: Leftovers
|-fieldend|move: Trick Room
|upkeep
|turn|7
|
|t:|1782322454
|move|p2a: Kingambit|Sucker Punch|p1a: Armarouge
|-supereffective|p1a: Armarouge|1
|-damage|p1a: Armarouge|0 fnt
|faint|p1a: Armarouge
|move|p2b: Floette|Moonblast|p1b: Torkoal
|-resisted|p1b: Torkoal|1
|-damage|p1b: Torkoal|28/100
|move|p1b: Torkoal|Heat Wave|p2b: Floette|[spread] p2a,p2b
|-supereffective|p2a: Kingambit|1
|-damage|p2a: Kingambit|5/100
|-damage|p2b: Floette|0 fnt
|faint|p2b: Floette
|
|-weather|SunnyDay|[upkeep]
|upkeep
|turn|8
|
|t:|1782322466
|move|p2a: Kingambit|Kowtow Cleave|p1b: Torkoal
|-crit|p1b: Torkoal
|-damage|p1b: Torkoal|0 fnt
|faint|p1b: Torkoal
|
|win|Jay is decent
||Dot1Q is ready for game 2.
||Jay is decent is ready for game 2.
|uhtml|next|Next: Game 2 of 3
|l|☆Dot1Q
|player|p1|
