|j|☆okes30
|j|☆Kapi cant play eel
|html|okes30Kapi cant play eel    
|uhtml|bestof|Game 1 of a best-of-3
|t:|1784045034
|gametype|doubles
|player|p1|okes30|102|1127
|player|p2|Kapi cant play eel|lusamine-nihilego|1247
|gen|9
|tier|[Gen 9 Champions] VGC 2026 Reg M-B (Bo3)
|rated|
|rule|Species Clause: Limit one of each Pokémon
|rule|Item Clause: Limit 1 of each item
|clearpoke
|poke|p1|Delphox, L50, M|
|poke|p1|Blastoise, L50, M|
|poke|p1|Sinistcha-Masterpiece, L50|
|poke|p1|Sneasler, L50, F|
|poke|p1|Incineroar, L50, F, shiny|
|poke|p1|Kingambit, L50, M|
|poke|p2|Sinistcha-Masterpiece, L50|
|poke|p2|Mawile, L50, M|
|poke|p2|Primarina, L50, M|
|poke|p2|Scrafty, L50, M|
|poke|p2|Drampa, L50, F|
|poke|p2|Armarouge, L50, F|
|teampreview|4
|showteam|p1|Delphox||Delphoxite|Blaze|HeatWave,Psyshock,NastyPlot,Protect|Modest||M|||50|]Blastoise||Blastoisinite|RainDish|WaterSpout,DarkPulse,ShellSmash,Protect|Modest||M|||50|]Sinistcha-Masterpiece||MentalHerb|Hospitality|TrickRoom,MatchaGotcha,RagePowder,Protect|Calm|||||50|]Sneasler||FocusSash|PoisonTouch|PoisonJab,FakeOut,QuickGuard,CloseCombat|Adamant||F|||50|]Incineroar||SitrusBerry|Intimidate|PartingShot,FakeOut,FlareBlitz,ThroatChop|Careful||F|||50|]Kingambit||BlackGlasses|Defiant|LowKick,SuckerPunch,KowtowCleave,Protect|Adamant||M|||50|
|showteam|p2|Sinistcha-Masterpiece||SitrusBerry|Hospitality|MatchaGotcha,RagePowder,TrickRoom,Protect|Relaxed|||||50|]Mawile||Mawilite|HyperCutter|IronHead,PlayRough,SuckerPunch,Protect|Brave||M|||50|]Primarina||MysticWater|LiquidVoice|HyperVoice,IceBeam,Moonblast,Protect|Quiet||M|||50|]Scrafty||Scraftinite|Intimidate|FakeOut,Crunch,CloseCombat,Protect|Brave||M|||50|]Drampa||LifeOrb|CloudNine|HyperVoice,EarthPower,DragonPulse,Protect|Quiet||F|||50|]Armarouge||ColburBerry|FlashFire|ArmorCannon,TrickRoom,Psychic,WideGuard|Sassy||F|||50|
|inactive|Battle timer is ON: inactive players will automatically lose when time's up. (requested by Kapi cant play eel)
|
|t:|1784045118
|teamsize|p1|4
|teamsize|p2|4
|start
|switch|p1a: Kingambit|Kingambit, L50, M|100/100
|switch|p1b: Sneasler|Sneasler, L50, F|100/100
|switch|p2a: Armarouge|Armarouge, L50, F|100/100
|switch|p2b: Scrafty|Scrafty, L50, M|100/100
|-ability|p2b: Scrafty|Intimidate|boost
|-unboost|p1a: Kingambit|atk|1
|-ability|p1a: Kingambit|Defiant|boost
|-boost|p1a: Kingambit|atk|2
|-unboost|p1b: Sneasler|atk|1
|turn|1
|inactive|Kapi cant play eel has 30 seconds left.
|
|t:|1784045145
|move|p1b: Sneasler|Quick Guard|p1b: Sneasler
|-singleturn|p1b: Sneasler|Quick Guard
|move|p1a: Kingambit|Kowtow Cleave|p2a: Armarouge
|-supereffective|p2a: Armarouge|1
|-enditem|p2a: Armarouge|Colbur Berry|[eat]
|-enditem|p2a: Armarouge|Colbur Berry|[weaken]
|-damage|p2a: Armarouge|18/100
|move|p2b: Scrafty|Close Combat|p1a: Kingambit
|-supereffective|p1a: Kingambit|2
|-damage|p1a: Kingambit|0 fnt
|-unboost|p2b: Scrafty|def|1
|-unboost|p2b: Scrafty|spd|1
|faint|p1a: Kingambit
|move|p2a: Armarouge|Trick Room|p2a: Armarouge
|-fieldstart|move: Trick Room|[of] p2a: Armarouge
|
|upkeep
|
|t:|1784045154
|switch|p1a: Incineroar|Incineroar, L50, F, shiny|100/100
|-ability|p1a: Incineroar|Intimidate|boost
|-unboost|p2a: Armarouge|atk|1
|-unboost|p2b: Scrafty|atk|1
|turn|2
|
|t:|1784045176
|switch|p2b: Sinistcha|Sinistcha-Masterpiece, L50|100/100
|-heal|p2a: Armarouge|42/100|[from] ability: Hospitality|[of] p2b: Sinistcha
|switch|p1b: Blastoise|Blastoise, L50, M|100/100
|move|p1a: Incineroar|Throat Chop|p2a: Armarouge
|-supereffective|p2a: Armarouge|1
|-damage|p2a: Armarouge|0 fnt
|faint|p2a: Armarouge
|
|upkeep
|
|t:|1784045189
|switch|p2a: Scrafty|Scrafty, L50, M|100/100
|-ability|p2a: Scrafty|Intimidate|boost
|-unboost|p1a: Incineroar|atk|1
|-unboost|p1b: Blastoise|atk|1
|turn|3
|
|t:|1784045204
|detailschange|p2a: Scrafty|Scrafty-Mega, L50, M
|-mega|p2a: Scrafty|Scrafty|Scraftinite
|-ability|p2a: Scrafty|Intimidate|boost
|-unboost|p1a: Incineroar|atk|1
|-unboost|p1b: Blastoise|atk|1
|detailschange|p1b: Blastoise|Blastoise-Mega, L50, M
|-mega|p1b: Blastoise|Blastoise|Blastoisinite
|move|p1b: Blastoise|Protect|p1b: Blastoise
|-singleturn|p1b: Blastoise|Protect
|move|p2a: Scrafty|Close Combat|p1a: Incineroar
|-supereffective|p1a: Incineroar|1
|-damage|p1a: Incineroar|0 fnt
|-unboost|p2a: Scrafty|def|1
|-unboost|p2a: Scrafty|spd|1
|faint|p1a: Incineroar
|move|p2b: Sinistcha|Matcha Gotcha|p1b: Blastoise
|-activate|p1b: Blastoise|move: Protect
|
|upkeep
|
|t:|1784045208
|switch|p1a: Sneasler|Sneasler, L50, F|100/100
|turn|4
|
|t:|1784045220
|move|p2a: Scrafty|Close Combat|p1b: Blastoise
|-damage|p1b: Blastoise|36/100
|-unboost|p2a: Scrafty|def|1
|-unboost|p2a: Scrafty|spd|1
|move|p2b: Sinistcha|Matcha Gotcha|p1a: Sneasler|[spread] p1a,p1b
|-resisted|p1a: Sneasler|1
|-supereffective|p1b: Blastoise|1
|-damage|p1a: Sneasler|85/100
|-damage|p1b: Blastoise|0 fnt
|faint|p1b: Blastoise
|move|p1a: Sneasler|Close Combat|p2a: Scrafty
|-supereffective|p2a: Scrafty|1
|-damage|p2a: Scrafty|0 fnt
|-unboost|p1a: Sneasler|def|1
|-unboost|p1a: Sneasler|spd|1
|faint|p2a: Scrafty
|
|upkeep
|
|t:|1784045223
|switch|p2a: Primarina|Primarina, L50, M|100/100
|turn|5
|
|t:|1784045230
|move|p2a: Primarina|Hyper Voice|p1a: Sneasler
|-damage|p1a: Sneasler|0 fnt
|faint|p1a: Sneasler
|
|win|Kapi cant play eel
||okes30 is ready for game 2.
||Kapi cant play eel is ready for game 2.
|uhtml|next|Next: Game 2 of 3
