|j|☆Spiritneko666
|j|☆samueldiaz_9
|html|Spiritneko666samueldiaz_9    
|uhtml|bestof|Game 1 of a best-of-3
|t:|1756846314
|gametype|doubles
|player|p1|Spiritneko666|psychic-gen4|1129
|player|p2|samueldiaz_9|169|1041
|gen|9
|tier|[Gen 9] VGC 2025 Reg H (Bo3)
|rated|
|rule|Species Clause: Limit one of each Pokémon
|rule|Item Clause: Limit 1 of each item
|clearpoke
|poke|p1|Sneasler, L50, F|
|poke|p1|Indeedee, L50, M|
|poke|p1|Ursaluna-Bloodmoon, L50, M|
|poke|p1|Electabuzz, L50, F|
|poke|p1|Incineroar, L50, M|
|poke|p1|Talonflame, L50, M|
|poke|p2|Tyranitar, L50, F|
|poke|p2|Excadrill, L50, M|
|poke|p2|Corviknight, L50, F|
|poke|p2|Primarina, L50, M|
|poke|p2|Sinistcha, L50|
|poke|p2|Volcarona, L50, F|
|teampreview|4
|showteam|p1|Sneasler||PsychicSeed|Unburden|CloseCombat,DireClaw,ThroatChop,Protect|||F|||50|,,,,,Dark]Indeedee||FocusSash|PsychicSurge|ExpandingForce,TrickRoom,HelpingHand,Protect|||M|||50|,,,,,Psychic]Ursaluna-Bloodmoon||LifeOrb|MindsEye|BloodMoon,HyperVoice,EarthPower,Protect|||M|||50|,,,,,Normal]Electabuzz||Eviolite|VitalSpirit|Electroweb,FollowMe,Taunt,Protect|||F|||50|,,,,,Dragon]Incineroar||SafetyGoggles|Intimidate|FlareBlitz,KnockOff,PartingShot,FakeOut|||M|||50|,,,,,Ghost]Talonflame||CovertCloak|GaleWings|FlareBlitz,DualWingbeat,WillOWisp,Tailwind|||M|||50|,,,,,Fairy
|showteam|p2|Tyranitar||AssaultVest|SandStream|RockSlide,KnockOff,LowKick,TeraBlast|||F|||50|,,,,,Flying]Excadrill||FocusSash|SandRush|IronHead,Earthquake,StompingTantrum,Protect|||M|||50|,,,,,Stellar]Corviknight||SafetyGoggles|MirrorArmor|BraveBird,BodyPress,Tailwind,BulkUp|||F|||50|,,,,,Dragon]Primarina||SitrusBerry|LiquidVoice|HyperVoice,Moonblast,Haze,Protect|||M|||50|,,,,,Poison]Sinistcha||RockyHelmet|Hospitality|MatchaGotcha,LifeDew,RagePowder,TrickRoom||||||50|,,,,,Water]Volcarona||Leftovers|FlameBody|FieryDance,GigaDrain,QuiverDance,Protect|||F|||50|,,,,,Grass
|inactive|Battle timer is ON: inactive players will automatically lose when time's up. (requested by Spiritneko666)
|inactive|samueldiaz_9 has 60 seconds left.
|inactive|samueldiaz_9 has 30 seconds left.
|
|t:|1756846378
|teamsize|p1|4
|teamsize|p2|4
|start
|switch|p1a: Sonya|Sneasler, L50, F|100/100
|switch|p1b: Alfred|Indeedee, L50, M|100/100
|switch|p2a: Corviknight|Corviknight, L50, F|100/100
|switch|p2b: Primarina|Primarina, L50, M|100/100
|-fieldstart|move: Psychic Terrain|[from] ability: Psychic Surge|[of] p1b: Alfred
|-enditem|p1a: Sonya|Psychic Seed
|-boost|p1a: Sonya|spd|1|[from] item: Psychic Seed
|turn|1
|inactive|samueldiaz_9 has 30 seconds left.
|
|t:|1756846412
|move|p2b: Primarina|Protect|p2b: Primarina
|-singleturn|p2b: Primarina|Protect
|move|p1a: Sonya|Close Combat|p2a: Corviknight
|-damage|p2a: Corviknight|52/100
|-unboost|p1a: Sonya|def|1
|-unboost|p1a: Sonya|spd|1
|move|p1b: Alfred|Expanding Force|p2b: Primarina|[spread] p2a
|-activate|p2b: Primarina|move: Protect
|-resisted|p2a: Corviknight
|-damage|p2a: Corviknight|30/100
|move|p2a: Corviknight|Tailwind|p2a: Corviknight
|-sidestart|p2: samueldiaz_9|move: Tailwind
|
|upkeep
|turn|2
|inactive|samueldiaz_9 has 30 seconds left.
|inactive|samueldiaz_9 has 20 seconds left.
|inactive|samueldiaz_9 has 15 seconds left.
|inactive|samueldiaz_9 has 10 seconds left.
|inactive|samueldiaz_9 has 5 seconds left.
|
|t:|1756846464
|move|p1a: Sonya|Dire Claw|p2b: Primarina
|-supereffective|p2b: Primarina
|-damage|p2b: Primarina|0 fnt
|faint|p2b: Primarina
|move|p2a: Corviknight|Brave Bird|p1a: Sonya
|-supereffective|p1a: Sonya
|-damage|p1a: Sonya|0 fnt
|faint|p1a: Sonya
|-damage|p2a: Corviknight|5/100|[from] Recoil
|move|p1b: Alfred|Expanding Force|p2a: Corviknight
|-resisted|p2a: Corviknight
|-damage|p2a: Corviknight|0 fnt
|faint|p2a: Corviknight
|
|upkeep
|
|t:|1756846477
|switch|p1a: Incineroar|Incineroar, L50, M|100/100
|switch|p2a: Tyranitar|Tyranitar, L50, F|100/100
|switch|p2b: Excadrill|Excadrill, L50, M|100/100
|-weather|Sandstorm|[from] ability: Sand Stream|[of] p2a: Tyranitar
|-ability|p1a: Incineroar|Intimidate|boost
|-unboost|p2a: Tyranitar|atk|1
|-unboost|p2b: Excadrill|atk|1
|turn|3
|inactive|Spiritneko666 has 30 seconds left.
|inactive|samueldiaz_9 has 30 seconds left.
|inactive|Spiritneko666 has 20 seconds left.
|inactive|Spiritneko666 has 15 seconds left.
|
|t:|1756846521
|-terastallize|p2b: Excadrill|Stellar
|move|p1b: Alfred|Protect|p1b: Alfred
|-singleturn|p1b: Alfred|Protect
|move|p2b: Excadrill|Stomping Tantrum|p1a: Incineroar
|-supereffective|p1a: Incineroar
|-damage|p1a: Incineroar|21/100
|move|p2a: Tyranitar|Rock Slide|p1a: Incineroar|[spread] p1a
|-activate|p1b: Alfred|move: Protect
|-supereffective|p1a: Incineroar
|-damage|p1a: Incineroar|0 fnt
|faint|p1a: Incineroar
|
|-weather|Sandstorm|[upkeep]
|-damage|p1b: Alfred|95/100|[from] Sandstorm
|upkeep
|
|t:|1756846530
|switch|p1a: Maple|Ursaluna-Bloodmoon, L50, M|100/100
|turn|4
|inactive|samueldiaz_9 has 30 seconds left.
|
|t:|1756846563
|move|p1b: Alfred|Helping Hand|p1a: Maple
|-singleturn|p1a: Maple|Helping Hand|[of] p1b: Alfred
|move|p2b: Excadrill|Iron Head|p1a: Maple
|-damage|p1a: Maple|67/100
|move|p2a: Tyranitar|Knock Off|p1b: Alfred
|-supereffective|p1b: Alfred
|-damage|p1b: Alfred|0 fnt
|-enditem|p1b: Alfred|Focus Sash|[from] move: Knock Off|[of] p2a: Tyranitar
|faint|p1b: Alfred
|move|p1a: Maple|Earth Power|p2a: Tyranitar
|-supereffective|p2a: Tyranitar
|-damage|p2a: Tyranitar|23/100
|-damage|p1a: Maple|57/100|[from] item: Life Orb
|
|-weather|Sandstorm|[upkeep]
|-sideend|p2: samueldiaz_9|move: Tailwind
|upkeep
|turn|5
|
|t:|1756846584
|-terastallize|p1a: Maple|Normal
|move|p2b: Excadrill|Iron Head|p1a: Maple
|-damage|p1a: Maple|32/100
|move|p1a: Maple|Hyper Voice|p2a: Tyranitar|[spread] p2a,p2b
|-resisted|p2a: Tyranitar
|-resisted|p2b: Excadrill
|-damage|p2a: Tyranitar|9/100
|-damage|p2b: Excadrill|55/100
|-damage|p1a: Maple|22/100|[from] item: Life Orb
|move|p2a: Tyranitar|Knock Off|p1a: Maple
|-damage|p1a: Maple|0 fnt
|-enditem|p1a: Maple|Life Orb|[from] move: Knock Off|[of] p2a: Tyranitar
|faint|p1a: Maple
|
|win|samueldiaz_9
||Spiritneko666 is ready for game 2.
|inactive|samueldiaz_9 has 30 seconds to confirm battle start!
