|j|☆Basura2U
|j|☆Secks_Robot
|html|Basura2USecks_Robot    
|uhtml|bestof|Game 3 of a best-of-3
|t:|1757776996
|gametype|doubles
|player|p1|Basura2U|lucas|1084
|player|p2|Secks_Robot|hilda|1044
|gen|9
|tier|[Gen 9] VGC 2025 Reg H (Bo3)
|rated|
|rule|Species Clause: Limit one of each Pokémon
|rule|Item Clause: Limit 1 of each item
|clearpoke
|poke|p1|Talonflame, L50, F|
|poke|p1|Glimmora, L50, M|
|poke|p1|Gallade, L50, M|
|poke|p1|Dragapult, L50, F|
|poke|p1|Electabuzz, L50, M|
|poke|p1|Brambleghast, L50, F|
|poke|p2|Exeggutor, L50, F|
|poke|p2|Torkoal, L50, M|
|poke|p2|Whimsicott, L50, M|
|poke|p2|Indeedee-F, L50, F|
|poke|p2|Sneasler, L50, M|
|poke|p2|Dragapult, L50, M|
|teampreview|4
|showteam|p1|Talonflame|||GaleWings|Acrobatics,FlareBlitz,Tailwind,Protect|||F|||50|,,,,,Ghost]Glimmora||PowerHerb|ToxicDebris|SpikyShield,EarthPower,MeteorBeam,SludgeBomb|||M|||50|,,,,,Flying]Gallade||ClearAmulet|Sharpness|Protect,SacredSword,PsychoCut,NightSlash|||M|||50|,,,,,Stellar]Dragapult||ChoiceBand|ClearBody|DragonDarts,PhantomForce,PsychicFangs,Uturn|||F|||50|,,,,,Dragon]Electabuzz||Eviolite|VitalSpirit|FollowMe,Electroweb,Taunt,HelpingHand|||M|||50|,,,,,Fairy]Brambleghast||FocusSash|WindRider|Poltergeist,PowerWhip,ShadowSneak,StrengthSap|||F|||50|,,,,,Ghost
|showteam|p2|Exeggutor||SitrusBerry|Harvest|Growth,StoredPower,Protect,GigaDrain|||F|||50|,,,,,Dark]Torkoal||ChoiceSpecs|Drought|Eruption,Overheat,HeatWave,ClearSmog|||M|||50|,,,,,Ghost]Whimsicott||CovertCloak|Prankster|Tailwind,Moonblast,Encore,SunnyDay|||M|||50|,,,,,Dark]Indeedee-F||SafetyGoggles|PsychicSurge|FollowMe,TrickRoom,Psychic,HelpingHand|||F|||50|,,,,,Psychic]Sneasler||PsychicSeed|Unburden|Acrobatics,CloseCombat,DireClaw,FakeOut|||M|||50|,,,,,Flying]Dragapult||AssaultVest|Infiltrator|Thunderbolt,ShadowBall,DragonPulse,Flamethrower|||M|||50|,,,,,Grass
|inactive|Battle timer is ON: inactive players will automatically lose when time's up. (requested by Basura2U)
|inactive|Secks_Robot has 60 seconds left.
|
|t:|1757777109
|teamsize|p1|4
|teamsize|p2|4
|start
|switch|p1a: Electabuzz|Electabuzz, L50, M|100/100
|switch|p1b: Dragapult|Dragapult, L50, F|100/100
|switch|p2a: Dragapult|Dragapult, L50, M|100/100
|switch|p2b: Indeedee|Indeedee-F, L50, F|100/100
|-fieldstart|move: Psychic Terrain|[from] ability: Psychic Surge|[of] p2b: Indeedee
|turn|1
|inactive|Basura2U has 30 seconds left.
|inactive|Secks_Robot has 30 seconds left.
|inactive|Secks_Robot has 20 seconds left.
|inactive|Basura2U has 20 seconds left.
|inactive|Secks_Robot has 15 seconds left.
|inactive|Basura2U has 15 seconds left.
|inactive|Secks_Robot has 10 seconds left.
|inactive|Basura2U has 10 seconds left.
|inactive|Basura2U has 5 seconds left.
|
|t:|1757777168
|-terastallize|p2a: Dragapult|Grass
|-terastallize|p1a: Electabuzz|Fairy
|move|p2b: Indeedee|Helping Hand|p2a: Dragapult
|-singleturn|p2a: Dragapult|Helping Hand|[of] p2b: Indeedee
|move|p1a: Electabuzz|Follow Me|p1a: Electabuzz
|-singleturn|p1a: Electabuzz|move: Follow Me
|move|p2a: Dragapult|Dragon Pulse|p1a: Electabuzz
|-immune|p1a: Electabuzz
|move|p1b: Dragapult|Dragon Darts|p2a: Dragapult
|-damage|p2a: Dragapult|40/100
|-anim|p1b: Dragapult|Dragon Darts|p2b: Indeedee
|-damage|p2b: Indeedee|61/100
|
|upkeep
|turn|2
|inactive|Secks_Robot has 30 seconds left.
|
|t:|1757777196
|move|p2a: Dragapult|Shadow Ball|p1b: Dragapult
|-supereffective|p1b: Dragapult
|-damage|p1b: Dragapult|7/100
|move|p1b: Dragapult|Dragon Darts|p2a: Dragapult
|-damage|p2a: Dragapult|0 fnt
|-anim|p1b: Dragapult|Dragon Darts|p2b: Indeedee
|-damage|p2b: Indeedee|20/100
|faint|p2a: Dragapult
|move|p1a: Electabuzz|Taunt|p2b: Indeedee
|-start|p2b: Indeedee|move: Taunt
|cant|p2b: Indeedee|move: Taunt|Trick Room
|
|upkeep
|
|t:|1757777222
|switch|p2a: Torkoal|Torkoal, L50, M|100/100
|-weather|SunnyDay|[from] ability: Drought|[of] p2a: Torkoal
|turn|3
|
|t:|1757777235
|move|p1b: Dragapult|Dragon Darts|p2a: Torkoal
|-damage|p2a: Torkoal|65/100
|-anim|p1b: Dragapult|Dragon Darts|p2b: Indeedee
|-damage|p2b: Indeedee|0 fnt
|faint|p2b: Indeedee
|move|p1a: Electabuzz|Electroweb|p2a: Torkoal
|-damage|p2a: Torkoal|42/100
|-unboost|p2a: Torkoal|spe|1
|move|p2a: Torkoal|Heat Wave|p1a: Electabuzz|[spread] p1a,p1b
|-resisted|p1b: Dragapult
|-damage|p1a: Electabuzz|53/100
|-damage|p1b: Dragapult|0 fnt
|faint|p1b: Dragapult
|
|-weather|SunnyDay|[upkeep]
|upkeep
|
|t:|1757777245
|switch|p1b: Glimmora|Glimmora, L50, M|100/100
|switch|p2b: Exeggutor|Exeggutor, L50, F|100/100
|turn|4
|
|t:|1757777264
|move|p1b: Glimmora|Earth Power|p2a: Torkoal
|-supereffective|p2a: Torkoal
|-damage|p2a: Torkoal|0 fnt
|faint|p2a: Torkoal
|move|p1a: Electabuzz|Taunt|p2b: Exeggutor
|-start|p2b: Exeggutor|move: Taunt
|cant|p2b: Exeggutor|move: Taunt|Growth
|
|-weather|SunnyDay|[upkeep]
|upkeep
|turn|5
|
|t:|1757777286
|move|p1a: Electabuzz|Follow Me|p1a: Electabuzz
|-singleturn|p1a: Electabuzz|move: Follow Me
|move|p1b: Glimmora|Meteor Beam||[still]
|-prepare|p1b: Glimmora|Meteor Beam
|-boost|p1b: Glimmora|spa|1
|-enditem|p1b: Glimmora|Power Herb
|-anim|p1b: Glimmora|Meteor Beam|p2b: Exeggutor
|-damage|p2b: Exeggutor|29/100
|-enditem|p2b: Exeggutor|Sitrus Berry|[eat]
|-heal|p2b: Exeggutor|54/100|[from] item: Sitrus Berry
|move|p2b: Exeggutor|Giga Drain|p1a: Electabuzz
|-damage|p1a: Electabuzz|26/100
|-heal|p2b: Exeggutor|66/100|[from] drain|[of] p1a: Electabuzz
|
|-weather|SunnyDay|[upkeep]
|-fieldend|move: Psychic Terrain
|-item|p2b: Exeggutor|Sitrus Berry|[from] ability: Harvest
|upkeep
|turn|6
|
|t:|1757777301
|move|p1a: Electabuzz|Follow Me|p1a: Electabuzz
|-singleturn|p1a: Electabuzz|move: Follow Me
|move|p1b: Glimmora|Sludge Bomb|p2b: Exeggutor
|-supereffective|p2b: Exeggutor
|-damage|p2b: Exeggutor|0 fnt
|faint|p2b: Exeggutor
|
|win|Basura2U
|raw|Basura2U's rating: 1084 → 1108(+24 for winning)
|raw|Secks_Robot's rating: 1044 → 1029(-15 for losing)
|c|☆Secks_Robot|ggs
|l|☆Secks_Robot
|player|p2|
|l|☆Basura2U
|player|p1|
|j|☆Basura2U
|player|p1|Basura2U|lucas|
