|j|☆darthmorton
|j|☆Sbratto
|html|darthmortonSbratto    
|uhtml|bestof|Game 1 of a best-of-3
|t:|1785352961
|gametype|doubles
|player|p1|darthmorton|red|
|player|p2|Sbratto|266|
|gen|9
|tier|[Gen 9 Champions] VGC 2026 Reg M-B (Bo3)
|rule|Species Clause: Limit one of each Pokémon
|rule|Item Clause: Limit 1 of each item
|clearpoke
|poke|p1|Garchomp, L50, M|
|poke|p1|Incineroar, L50, M|
|poke|p1|Floette-Eternal, L50, F|
|poke|p1|Sinistcha, L50|
|poke|p1|Sneasler, L50, M|
|poke|p1|Kingambit, L50, M|
|poke|p2|Raichu, L50, F|
|poke|p2|Incineroar, L50, F|
|poke|p2|Sinistcha, L50|
|poke|p2|Mawile, L50, F|
|poke|p2|Basculegion, L50, M|
|poke|p2|Mamoswine, L50, F|
|teampreview|4
|showteam|p1|Garchomp||Garchompite|SandVeil|RockSlide,StompingTantrum,Earthquake,Protect|Adamant||M|||50|]Incineroar||Leftovers|Intimidate|FlareBlitz,HelpingHand,PartingShot,FakeOut|Sassy||M|||50|]Floette-Eternal||Floettite|FlowerVeil|DazzlingGleam,DrainingKiss,CalmMind,Protect|Timid||F|||50|]Sinistcha||SitrusBerry|Hospitality|MatchaGotcha,RagePowder,TrickRoom,Protect|Bold|||||50|]Sneasler||FocusSash|PoisonTouch|CloseCombat,DireClaw,FakeOut,Coaching|Naive||M|||50|]Kingambit||ChopleBerry|Defiant|KowtowCleave,SuckerPunch,IronHead,Protect|Adamant||M|||50|
|showteam|p2|Raichu||RaichuniteY|LightningRod|ZapCannon,NastyPlot,FocusBlast,Protect|Timid||F|||50|]Incineroar||SitrusBerry|Intimidate|FakeOut,FlareBlitz,PartingShot,DarkestLariat|Adamant||F|||50|]Sinistcha||OccaBerry|Hospitality|MatchaGotcha,RagePowder,TrickRoom,ShadowBall|Calm|||||50|]Mawile||Mawilite|HyperCutter|PlayRough,SuckerPunch,SwordsDance,Protect|Brave||F|||50|]Basculegion||ChoiceScarf|Adaptability|LastRespects,AquaJet,FlipTurn,WaveCrash|Jolly||M|||50|]Mamoswine||FocusSash|Oblivious|HighHorsepower,IceShard,IcicleCrash,Protect|Adamant||F|||50|
|inactive|Battle timer is ON: inactive players will automatically lose when time's up. (requested by darthmorton)
|inactive|darthmorton has 60 seconds left.
|inactive|Sbratto has 60 seconds left.
|inactive|darthmorton has 30 seconds left.
|
|t:|1785353028
|teamsize|p1|4
|teamsize|p2|4
|start
|switch|p1a: Sneasler|Sneasler, L50, M|100/100
|switch|p1b: Kingambit|Kingambit, L50, M|100/100
|switch|p2a: Mamoswine|Mamoswine, L50, F|100/100
|switch|p2b: Raichu|Raichu, L50, F|100/100
|turn|1
|j| tedidn
|inactive|Sbratto has 30 seconds left.
|inactive|Sbratto has 20 seconds left.
|
|t:|1785353067
|detailschange|p2b: Raichu|Raichu-Mega-Y, L50, F
|-mega|p2b: Raichu|Raichu|Raichunite Y
|move|p2a: Mamoswine|Protect|p2a: Mamoswine
|-singleturn|p2a: Mamoswine|Protect
|move|p1a: Sneasler|Fake Out|p2a: Mamoswine
|-activate|p2a: Mamoswine|move: Protect
|move|p2b: Raichu|Zap Cannon|p1b: Kingambit
|-damage|p1b: Kingambit|37/100
|-status|p1b: Kingambit|par
|move|p1b: Kingambit|Kowtow Cleave|p2b: Raichu
|-damage|p2b: Raichu|36/100
|
|upkeep
|turn|2
|l| tedidn
|inactive|Sbratto has 30 seconds left.
|
|t:|1785353096
|move|p1b: Kingambit|Sucker Punch||[still]
|-fail|p1b: Kingambit
|move|p1a: Sneasler|Close Combat|p2a: Mamoswine
|-supereffective|p2a: Mamoswine|1
|-enditem|p2a: Mamoswine|Focus Sash
|-damage|p2a: Mamoswine|1/100
|-unboost|p1a: Sneasler|def|1
|-unboost|p1a: Sneasler|spd|1
|move|p2b: Raichu|Nasty Plot|p2b: Raichu
|-boost|p2b: Raichu|spa|2
|move|p2a: Mamoswine|High Horsepower|p1b: Kingambit
|-supereffective|p1b: Kingambit|1
|-crit|p1b: Kingambit
|-damage|p1b: Kingambit|0 fnt
|faint|p1b: Kingambit
|
|upkeep
|
|t:|1785353102
|switch|p1b: Sinistcha|Sinistcha, L50|100/100
|turn|3
|inactive|darthmorton has 30 seconds left.
|inactive|Sbratto has 30 seconds left.
|
|t:|1785353137
|switch|p2b: Incineroar|Incineroar, L50, F|100/100
|-ability|p2b: Incineroar|Intimidate|boost
|-unboost|p1a: Sneasler|atk|1
|-unboost|p1b: Sinistcha|atk|1
|move|p2a: Mamoswine|Protect|p2a: Mamoswine
|-singleturn|p2a: Mamoswine|Protect
|move|p1a: Sneasler|Close Combat|p2b: Incineroar
|-supereffective|p2b: Incineroar|1
|-damage|p2b: Incineroar|30/100
|-unboost|p1a: Sneasler|def|1
|-unboost|p1a: Sneasler|spd|1
|-enditem|p2b: Incineroar|Sitrus Berry|[eat]
|-heal|p2b: Incineroar|55/100|[from] item: Sitrus Berry
|move|p1b: Sinistcha|Matcha Gotcha|p2a: Mamoswine|[spread] p2b
|-activate|p2a: Mamoswine|move: Protect
|-resisted|p2b: Incineroar|1
|-damage|p2b: Incineroar|43/100
|
|upkeep
|turn|4
|inactive|darthmorton has 30 seconds left.
|inactive|Sbratto has 30 seconds left.
|
|t:|1785353165
|move|p2b: Incineroar|Fake Out|p1a: Sneasler
|-damage|p1a: Sneasler|54/100
|cant|p1a: Sneasler|flinch
|move|p2a: Mamoswine|High Horsepower|p1a: Sneasler
|-supereffective|p1a: Sneasler|1
|-damage|p1a: Sneasler|0 fnt
|faint|p1a: Sneasler
|move|p1b: Sinistcha|Matcha Gotcha|p2b: Incineroar|[spread] p2a,p2b
|-supereffective|p2a: Mamoswine|1
|-crit|p2a: Mamoswine
|-resisted|p2b: Incineroar|1
|-damage|p2a: Mamoswine|0 fnt
|-damage|p2b: Incineroar|32/100
|faint|p2a: Mamoswine
|
|upkeep
|
|t:|1785353186
|switch|p1a: Garchomp|Garchomp, L50, M|100/100
|switch|p2a: Raichu|Raichu-Mega-Y, L50, F|36/100
|turn|5
|inactive|Sbratto has 30 seconds left.
|inactive|Sbratto has 20 seconds left.
|inactive|Sbratto has 15 seconds left.
|inactive|Sbratto has 10 seconds left.
|
|t:|1785353233
|switch|p2b: Basculegion|Basculegion, L50, M|100/100
|detailschange|p1a: Garchomp|Garchomp-Mega, L50, M
|-mega|p1a: Garchomp|Garchomp|Garchompite
|move|p1b: Sinistcha|Protect|p1b: Sinistcha
|-singleturn|p1b: Sinistcha|Protect
|move|p2a: Raichu|Zap Cannon|p1b: Sinistcha
|-activate|p1b: Sinistcha|move: Protect
|move|p1a: Garchomp|Earthquake|p2a: Raichu|[spread] p2a,p2b
|-activate|p1b: Sinistcha|move: Protect
|-supereffective|p2a: Raichu|1
|-damage|p2a: Raichu|0 fnt
|-damage|p2b: Basculegion|36/100
|faint|p2a: Raichu
|
|upkeep
|
|t:|1785353246
|switch|p2a: Incineroar|Incineroar, L50, F|32/100
|-ability|p2a: Incineroar|Intimidate|boost
|-unboost|p1a: Garchomp|atk|1
|-unboost|p1b: Sinistcha|atk|1
|turn|6
|
|t:|1785353254
|move|p1b: Sinistcha|Protect||[still]
|-fail|p1b: Sinistcha
|move|p2a: Incineroar|Fake Out|p1a: Garchomp
|-damage|p1a: Garchomp|90/100
|move|p2b: Basculegion|Last Respects|p1b: Sinistcha
|-supereffective|p1b: Sinistcha|1
|-damage|p1b: Sinistcha|0 fnt
|faint|p1b: Sinistcha
|cant|p1a: Garchomp|flinch
|
|upkeep
|turn|7
|
|t:|1785353272
|move|p2b: Basculegion|Last Respects|p1a: Garchomp
|-crit|p1a: Garchomp
|-damage|p1a: Garchomp|0 fnt
|faint|p1a: Garchomp
|
|win|Sbratto
