|j|☆eklyst
|j|☆FieryFIame
|html|eklystFieryFIame    
|uhtml|bestof|Game 1 of a best-of-3
|t:|1784908456
|gametype|doubles
|player|p1|eklyst|pokemaniac|1225
|player|p2|FieryFIame|1|1307
|gen|9
|tier|[Gen 9 Champions] VGC 2026 Reg M-B (Bo3)
|rated|
|rule|Species Clause: Limit one of each Pokémon
|rule|Item Clause: Limit 1 of each item
|clearpoke
|poke|p1|Metagross, L50|
|poke|p1|Floette-Eternal, L50, F|
|poke|p1|Garchomp, L50, F|
|poke|p1|Aerodactyl, L50, F|
|poke|p1|Sinistcha, L50|
|poke|p1|Incineroar, L50, F|
|poke|p2|Venusaur, L50, F|
|poke|p2|Charizard, L50, F|
|poke|p2|Garchomp, L50, F|
|poke|p2|Annihilape, L50, M|
|poke|p2|Incineroar, L50, M|
|poke|p2|Toxapex, L50, F|
|teampreview|4
|showteam|p1|Metagross||Metagrossite|ClearBody|PsychicFangs,IronHead,BulletPunch,Protect|Adamant|||||50|]Floette-Eternal||Floettite|FlowerVeil|DazzlingGleam,Moonblast,CalmMind,Protect|Modest||F|||50|]Garchomp||LifeOrb|RoughSkin|RockSlide,StompingTantrum,DragonClaw,Protect|Jolly||F|||50|]Aerodactyl||FocusSash|Unnerve|RockSlide,DualWingbeat,Tailwind,Protect|Jolly||F|||50|]Sinistcha||KasibBerry|Hospitality|MatchaGotcha,TrickRoom,RagePowder,Protect|Relaxed|||||50|]Incineroar||SitrusBerry|Intimidate|FakeOut,FlareBlitz,ThroatChop,PartingShot|Adamant||F|||50|
|showteam|p2|Venusaur||LifeOrb|Chlorophyll|SolarBeam,SludgeBomb,EarthPower,Protect|Modest||F|||50|]Charizard||CharizarditeY|Blaze|HeatWave,WeatherBall,HelpingHand,Protect|Modest||F|||50|]Garchomp||ChoiceScarf|RoughSkin|DragonClaw,Earthquake,RockSlide,StompingTantrum|Adamant||F|||50|]Annihilape||FocusSash|Defiant|CloseCombat,PhantomForce,RockTomb,Protect|Jolly||M|||50|]Incineroar||SitrusBerry|Intimidate|FakeOut,PartingShot,ThroatChop,FlareBlitz|Impish||M|||50|]Toxapex||Leftovers|Regenerator|Toxic,Infestation,BanefulBunker,WideGuard|Bold||F|||50|
|inactive|Battle timer is ON: inactive players will automatically lose when time's up. (requested by eklyst)
|inactive|FieryFIame has 60 seconds left.
|
|t:|1784908502
|teamsize|p1|4
|teamsize|p2|4
|start
|switch|p1a: Aerodactyl|Aerodactyl, L50, F|100/100
|switch|p1b: Metagross|Metagross, L50|100/100
|switch|p2a: Charizard|Charizard, L50, F|100/100
|switch|p2b: Toxapex|Toxapex, L50, F|100/100
|-ability|p1a: Aerodactyl|Unnerve
|turn|1
|inactive|eklyst has 30 seconds left.
|
|t:|1784908533
|detailschange|p2a: Charizard|Charizard-Mega-Y, L50, F
|-mega|p2a: Charizard|Charizard|Charizardite Y
|-weather|SunnyDay|[from] ability: Drought|[of] p2a: Charizard
|detailschange|p1b: Metagross|Metagross-Mega, L50
|-mega|p1b: Metagross|Metagross|Metagrossite
|move|p2b: Toxapex|Wide Guard|p2b: Toxapex
|-singleturn|p2b: Toxapex|Wide Guard
|move|p1a: Aerodactyl|Rock Slide|p2b: Toxapex|[spread] 
|-activate|p2a: Charizard|move: Wide Guard
|-activate|p2b: Toxapex|move: Wide Guard
|move|p1b: Metagross|Psychic Fangs|p2b: Toxapex
|-supereffective|p2b: Toxapex|1
|-damage|p2b: Toxapex|12/100
|move|p2a: Charizard|Heat Wave|p1a: Aerodactyl|[spread] p1a,p1b
|-resisted|p1a: Aerodactyl|1
|-supereffective|p1b: Metagross|1
|-damage|p1a: Aerodactyl|57/100
|-damage|p1b: Metagross|0 fnt
|-status|p1a: Aerodactyl|brn
|faint|p1b: Metagross
|
|-weather|SunnyDay|[upkeep]
|-heal|p2b: Toxapex|17/100|[from] item: Leftovers
|-damage|p1a: Aerodactyl|51/100 brn|[from] brn
|upkeep
|
|t:|1784908544
|switch|p1b: Garchomp|Garchomp, L50, F|100/100
|turn|2
|
|t:|1784908559
|-heal|p2b: Toxapex|50/100g|[from] ability: Regenerator|[silent]
|switch|p2b: Incineroar|Incineroar, L50, M|100/100
|-ability|p2b: Incineroar|Intimidate|boost
|-unboost|p1a: Aerodactyl|atk|1
|-unboost|p1b: Garchomp|atk|1
|move|p2a: Charizard|Protect|p2a: Charizard
|-singleturn|p2a: Charizard|Protect
|move|p1a: Aerodactyl|Dual Wingbeat|p2b: Incineroar|[miss]
|-miss|p1a: Aerodactyl|p2b: Incineroar
|move|p1b: Garchomp|Rock Slide|p2a: Charizard|[spread] p2b
|-activate|p2a: Charizard|move: Protect
|-supereffective|p2b: Incineroar|1
|-damage|p2b: Incineroar|72/100
|-damage|p1b: Garchomp|90/100|[from] item: Life Orb
|
|-weather|SunnyDay|[upkeep]
|-damage|p1a: Aerodactyl|45/100 brn|[from] brn
|upkeep
|turn|3
|
|t:|1784908578
|switch|p1a: Incineroar|Incineroar, L50, F|100/100
|-ability|p1a: Incineroar|Intimidate|boost
|-unboost|p2a: Charizard|atk|1
|-unboost|p2b: Incineroar|atk|1
|move|p1b: Garchomp|Protect|p1b: Garchomp
|-singleturn|p1b: Garchomp|Protect
|move|p2b: Incineroar|Fake Out|p1b: Garchomp
|-activate|p1b: Garchomp|move: Protect
|move|p2a: Charizard|Heat Wave|p1b: Garchomp|[spread] p1a
|-activate|p1b: Garchomp|move: Protect
|-resisted|p1a: Incineroar|1
|-damage|p1a: Incineroar|74/100
|
|-weather|SunnyDay|[upkeep]
|upkeep
|turn|4
|
|t:|1784908598
|switch|p2a: Venusaur|Venusaur, L50, F|100/100
|move|p1a: Incineroar|Fake Out|p2a: Venusaur
|-damage|p2a: Venusaur|83/100
|move|p1b: Garchomp|Rock Slide|p2b: Incineroar|[spread] p2b
|-miss|p1b: Garchomp|p2a: Venusaur
|-supereffective|p2b: Incineroar|1
|-damage|p2b: Incineroar|49/100
|-enditem|p2b: Incineroar|Sitrus Berry|[eat]
|-heal|p2b: Incineroar|74/100|[from] item: Sitrus Berry
|-damage|p1b: Garchomp|80/100|[from] item: Life Orb
|move|p2b: Incineroar|Parting Shot|p1b: Garchomp
|-unboost|p1b: Garchomp|atk|1
|-unboost|p1b: Garchomp|spa|1
|
|t:|1784908613
|switch|p2b: Toxapex|Toxapex, L50, F|50/100g|[from] Parting Shot
|
|-weather|SunnyDay|[upkeep]
|-heal|p2b: Toxapex|56/100|[from] item: Leftovers
|upkeep
|turn|5
|
|t:|1784908624
|switch|p1b: Aerodactyl|Aerodactyl, L50, F|45/100 brn
|-ability|p1b: Aerodactyl|Unnerve
|move|p2a: Venusaur|Protect|p2a: Venusaur
|-singleturn|p2a: Venusaur|Protect
|move|p1a: Incineroar|Flare Blitz|p2a: Venusaur
|-activate|p2a: Venusaur|move: Protect
|move|p2b: Toxapex|Infestation|p1a: Incineroar
|-damage|p1a: Incineroar|71/100
|-activate|p1a: Incineroar|move: Infestation|[of] p2b: Toxapex
|
|-weather|none
|-heal|p2b: Toxapex|62/100|[from] item: Leftovers
|-damage|p1b: Aerodactyl|40/100 brn|[from] brn
|-damage|p1a: Incineroar|59/100|[from] move: Infestation|[partiallytrapped]
|upkeep
|turn|6
|
|t:|1784908639
|switch|p2a: Charizard|Charizard-Mega-Y, L50, F|100/100
|-weather|SunnyDay|[from] ability: Drought|[of] p2a: Charizard
|move|p2b: Toxapex|Wide Guard|p2b: Toxapex
|-singleturn|p2b: Toxapex|Wide Guard
|move|p1b: Aerodactyl|Tailwind|p1b: Aerodactyl
|-sidestart|p1: eklyst|move: Tailwind
|move|p1a: Incineroar|Flare Blitz|p2a: Charizard
|-resisted|p2a: Charizard|1
|-damage|p2a: Charizard|55/100
|-damage|p1a: Incineroar|46/100|[from] Recoil
|-enditem|p1a: Incineroar|Sitrus Berry|[eat]
|-heal|p1a: Incineroar|70/100|[from] item: Sitrus Berry
|
|-weather|SunnyDay|[upkeep]
|-heal|p2b: Toxapex|68/100|[from] item: Leftovers
|-damage|p1b: Aerodactyl|34/100 brn|[from] brn
|-damage|p1a: Incineroar|58/100|[from] move: Infestation|[partiallytrapped]
|upkeep
|turn|7
|
|t:|1784908657
|move|p2a: Charizard|Protect|p2a: Charizard
|-singleturn|p2a: Charizard|Protect
|move|p1b: Aerodactyl|Rock Slide|p2b: Toxapex|[spread] p2b
|-activate|p2a: Charizard|move: Protect
|-damage|p2b: Toxapex|60/100
|move|p1a: Incineroar|Parting Shot|p2a: Charizard
|-activate|p2a: Charizard|move: Protect
|cant|p2b: Toxapex|flinch
|
|-weather|SunnyDay|[upkeep]
|-heal|p2b: Toxapex|66/100|[from] item: Leftovers
|-damage|p1b: Aerodactyl|28/100 brn|[from] brn
|-damage|p1a: Incineroar|46/100|[from] move: Infestation|[partiallytrapped]
|upkeep
|turn|8
|
|t:|1784908681
|move|p2b: Toxapex|Wide Guard|p2b: Toxapex
|-singleturn|p2b: Toxapex|Wide Guard
|move|p1b: Aerodactyl|Dual Wingbeat|p2a: Charizard
|-damage|p2a: Charizard|45/100
|-damage|p2a: Charizard|36/100
|-hitcount|p2a: Charizard|2
|move|p1a: Incineroar|Parting Shot|p2a: Charizard
|-unboost|p2a: Charizard|atk|1
|-unboost|p2a: Charizard|spa|1
|
|t:|1784908689
|switch|p1a: Garchomp|Garchomp, L50, F|80/100|[from] Parting Shot
|move|p2a: Charizard|Weather Ball|p1a: Garchomp
|-resisted|p1a: Garchomp|1
|-damage|p1a: Garchomp|48/100
|
|-weather|SunnyDay|[upkeep]
|-heal|p2b: Toxapex|71/100|[from] item: Leftovers
|-damage|p1b: Aerodactyl|22/100 brn|[from] brn
|upkeep
|turn|9
|
|t:|1784908703
|switch|p2a: Incineroar|Incineroar, L50, M|74/100
|-ability|p2a: Incineroar|Intimidate|boost
|-unboost|p1a: Garchomp|atk|1
|-unboost|p1b: Aerodactyl|atk|1
|move|p1b: Aerodactyl|Dual Wingbeat|p2a: Incineroar
|-damage|p2a: Incineroar|69/100
|-damage|p2a: Incineroar|64/100
|-hitcount|p2a: Incineroar|2
|move|p1a: Garchomp|Stomping Tantrum|p2b: Toxapex
|-supereffective|p2b: Toxapex|1
|-damage|p2b: Toxapex|27/100
|-damage|p1a: Garchomp|38/100|[from] item: Life Orb
|move|p2b: Toxapex|Toxic|p1a: Garchomp
|-status|p1a: Garchomp|tox
|
|-weather|SunnyDay|[upkeep]
|-heal|p2b: Toxapex|33/100|[from] item: Leftovers
|-damage|p1a: Garchomp|32/100 tox|[from] psn
|-damage|p1b: Aerodactyl|17/100 brn|[from] brn
|-sideend|p1: eklyst|move: Tailwind
|upkeep
|turn|10
|
|t:|1784908725
|switch|p1a: Incineroar|Incineroar, L50, F|46/100
|-ability|p1a: Incineroar|Intimidate|boost
|-unboost|p2a: Incineroar|atk|1
|-unboost|p2b: Toxapex|atk|1
|move|p1b: Aerodactyl|Protect|p1b: Aerodactyl
|-singleturn|p1b: Aerodactyl|Protect
|move|p2b: Toxapex|Baneful Bunker|p2b: Toxapex
|-singleturn|p2b: Toxapex|move: Protect
|move|p2a: Incineroar|Fake Out|p1a: Incineroar
|-damage|p1a: Incineroar|38/100
|
|-weather|none
|-heal|p2b: Toxapex|38/100|[from] item: Leftovers
|-damage|p1b: Aerodactyl|11/100 brn|[from] brn
|upkeep
|turn|11
|inactive|eklyst has 30 seconds left.
|
|t:|1784908751
|switch|p2a: Charizard|Charizard-Mega-Y, L50, F|36/100
|-weather|SunnyDay|[from] ability: Drought|[of] p2a: Charizard
|move|p1b: Aerodactyl|Tailwind|p1b: Aerodactyl
|-sidestart|p1: eklyst|move: Tailwind
|move|p1a: Incineroar|Throat Chop|p2b: Toxapex
|-damage|p2b: Toxapex|10/100
|-start|p2b: Toxapex|Throat Chop|[silent]
|move|p2b: Toxapex|Infestation|p1a: Incineroar
|-damage|p1a: Incineroar|35/100
|-activate|p1a: Incineroar|move: Infestation|[of] p2b: Toxapex
|
|-weather|SunnyDay|[upkeep]
|-heal|p2b: Toxapex|15/100|[from] item: Leftovers
|-damage|p1b: Aerodactyl|5/100 brn|[from] brn
|-damage|p1a: Incineroar|23/100|[from] move: Infestation|[partiallytrapped]
|upkeep
|turn|12
|
|t:|1784908769
|move|p2a: Charizard|Protect|p2a: Charizard
|-singleturn|p2a: Charizard|Protect
|move|p2b: Toxapex|Baneful Bunker|p2b: Toxapex
|-singleturn|p2b: Toxapex|move: Protect
|move|p1b: Aerodactyl|Dual Wingbeat|p2a: Charizard
|-activate|p2a: Charizard|move: Protect
|move|p1a: Incineroar|Throat Chop|p2b: Toxapex
|-activate|p2b: Toxapex|move: Protect
|-status|p1a: Incineroar|psn
|
|-weather|SunnyDay|[upkeep]
|-heal|p2b: Toxapex|21/100|[from] item: Leftovers
|-damage|p1a: Incineroar|10/100 psn|[from] psn
|-damage|p1b: Aerodactyl|0 fnt|[from] brn
|faint|p1b: Aerodactyl
|-damage|p1a: Incineroar|0 fnt|[from] move: Infestation|[partiallytrapped]
|faint|p1a: Incineroar
|-end|p2b: Toxapex|Throat Chop|[silent]
|upkeep
|
|t:|1784908775
|switch|p1a: Garchomp|Garchomp, L50, F|32/100 tox
|turn|13
|
|t:|1784908789
|-heal|p2b: Toxapex|54/100|[from] ability: Regenerator|[silent]
|switch|p2b: Incineroar|Incineroar, L50, M|64/100
|-ability|p2b: Incineroar|Intimidate|boost
|-unboost|p1a: Garchomp|atk|1
|move|p1a: Garchomp|Stomping Tantrum|p2b: Incineroar
|-supereffective|p2b: Incineroar|1
|-damage|p2b: Incineroar|10/100
|-damage|p1a: Garchomp|23/100 tox|[from] item: Life Orb
|move|p2a: Charizard|Weather Ball|p1a: Garchomp
|-resisted|p1a: Garchomp|1
|-damage|p1a: Garchomp|0 fnt
|faint|p1a: Garchomp
|
|win|FieryFIame
||eklyst is ready for game 2.
||FieryFIame is ready for game 2.
|uhtml|next|Next: Game 2 of 3
