|j|☆Chelicerate1
|j|☆naibot2814
|html|Chelicerate1naibot2814    
|uhtml|bestof|Game 1 of a best-of-3
|t:|1785471915
|gametype|doubles
|player|p1|Chelicerate1|ethan|1345
|player|p2|naibot2814|ghetsis|1432
|gen|9
|tier|[Gen 9 Champions] VGC 2026 Reg M-B (Bo3)
|rated|
|rule|Species Clause: Limit one of each Pokémon
|rule|Item Clause: Limit 1 of each item
|clearpoke
|poke|p1|Grimmsnarl, L50, M|
|poke|p1|Basculegion, L50, M|
|poke|p1|Charizard, L50, F|
|poke|p1|Pelipper, L50, M|
|poke|p1|Venusaur, L50, M|
|poke|p1|Archaludon, L50, M|
|poke|p2|Blastoise, L50, M|
|poke|p2|Incineroar, L50, M|
|poke|p2|Sneasler, L50, M|
|poke|p2|Sinistcha, L50|
|poke|p2|Kingambit, L50, M, shiny|
|poke|p2|Delphox, L50, F|
|teampreview|4
|showteam|p1|Grimmsnarl||LightClay|Prankster|SpiritBreak,PartingShot,Reflect,LightScreen|Sassy||M|||50|]Basculegion||ChoiceScarf|Adaptability|LastRespects,WaveCrash,AquaJet,FlipTurn|Jolly||M|||50|]Charizard||CharizarditeY|Blaze|Protect,HeatWave,WeatherBall,SolarBeam|Modest||F|||50|]Pelipper||SitrusBerry|Drizzle|Hurricane,WeatherBall,Tailwind,WideGuard|Modest||M|||50|]Venusaur||FocusSash|Chlorophyll|SludgeBomb,SleepPowder,EarthPower,Protect|Modest||M|||50|]Archaludon||Leftovers|Stamina|ElectroShot,DragonPulse,FlashCannon,Protect|Calm||M|||50|
|showteam|p2|Blastoise||Blastoisinite|Torrent|WaterSpout,DarkPulse,ShellSmash,Protect|Modest||M|||50|]Incineroar||SitrusBerry|Intimidate|FakeOut,FlareBlitz,DarkestLariat,PartingShot|Careful||M|||50|]Sneasler||FocusSash|PoisonTouch|FakeOut,CloseCombat,PoisonJab,QuickGuard|Jolly||M|||50|]Sinistcha||KasibBerry|Hospitality|MatchaGotcha,TrickRoom,RagePowder,Protect|Bold|||||50|]Kingambit||BlackGlasses|Defiant|KowtowCleave,SuckerPunch,SwordsDance,Protect|Adamant||M|||50|]Delphox||Delphoxite|Blaze|HeatWave,Psyshock,NastyPlot,Protect|Timid||F|||50|
|inactive|Battle timer is ON: inactive players will automatically lose when time's up. (requested by Chelicerate1)
|inactive|Chelicerate1 has 60 seconds left.
|
|t:|1785471954
|teamsize|p1|4
|teamsize|p2|4
|start
|switch|p1a: Charizard|Charizard, L50, F|100/100
|switch|p1b: Grimmsnarl|Grimmsnarl, L50, M|100/100
|switch|p2a: Blastoise|Blastoise, L50, M|100/100
|switch|p2b: Incineroar|Incineroar, L50, M|100/100
|-ability|p2b: Incineroar|Intimidate|boost
|-unboost|p1a: Charizard|atk|1
|-unboost|p1b: Grimmsnarl|atk|1
|turn|1
|inactive|Chelicerate1 has 30 seconds left.
|
|t:|1785471985
|detailschange|p1a: Charizard|Charizard-Mega-Y, L50, F
|-mega|p1a: Charizard|Charizard|Charizardite Y
|-weather|SunnyDay|[from] ability: Drought|[of] p1a: Charizard
|detailschange|p2a: Blastoise|Blastoise-Mega, L50, M
|-mega|p2a: Blastoise|Blastoise|Blastoisinite
|move|p2b: Incineroar|Fake Out|p1a: Charizard
|-damage|p1a: Charizard|89/100
|move|p1b: Grimmsnarl|Light Screen|p1b: Grimmsnarl
|-sidestart|p1: Chelicerate1|move: Light Screen
|cant|p1a: Charizard|flinch
|move|p2a: Blastoise|Shell Smash|p2a: Blastoise
|-unboost|p2a: Blastoise|def|1
|-unboost|p2a: Blastoise|spd|1
|-boost|p2a: Blastoise|atk|2
|-boost|p2a: Blastoise|spa|2
|-boost|p2a: Blastoise|spe|2
|
|-weather|SunnyDay|[upkeep]
|upkeep
|turn|2
|
|t:|1785472008
|move|p2a: Blastoise|Protect|p2a: Blastoise
|-singleturn|p2a: Blastoise|Protect
|move|p1b: Grimmsnarl|Parting Shot|p2a: Blastoise
|-activate|p2a: Blastoise|move: Protect
|move|p1a: Charizard|Solar Beam||[still]
|-prepare|p1a: Charizard|Solar Beam
|-anim|p1a: Charizard|Solar Beam|p2a: Blastoise
|-activate|p2a: Blastoise|move: Protect
|move|p2b: Incineroar|Parting Shot|p1b: Grimmsnarl
|-unboost|p1b: Grimmsnarl|atk|1
|-unboost|p1b: Grimmsnarl|spa|1
|
|t:|1785472021
|switch|p2b: Sneasler|Sneasler, L50, M|100/100|[from] Parting Shot
|
|-weather|SunnyDay|[upkeep]
|upkeep
|turn|3
|
|t:|1785472044
|move|p1a: Charizard|Protect|p1a: Charizard
|-singleturn|p1a: Charizard|Protect
|move|p2b: Sneasler|Fake Out|p1a: Charizard
|-activate|p1a: Charizard|move: Protect
|move|p2a: Blastoise|Shell Smash|p2a: Blastoise
|-unboost|p2a: Blastoise|def|1
|-unboost|p2a: Blastoise|spd|1
|-boost|p2a: Blastoise|atk|2
|-boost|p2a: Blastoise|spa|2
|-boost|p2a: Blastoise|spe|2
|move|p1b: Grimmsnarl|Spirit Break|p2a: Blastoise
|-damage|p2a: Blastoise|70/100
|-unboost|p2a: Blastoise|spa|1
|
|-weather|SunnyDay|[upkeep]
|upkeep
|turn|4
|
|t:|1785472055
|move|p2a: Blastoise|Protect|p2a: Blastoise
|-singleturn|p2a: Blastoise|Protect
|move|p1b: Grimmsnarl|Parting Shot|p2a: Blastoise
|-activate|p2a: Blastoise|move: Protect
|move|p2b: Sneasler|Poison Jab|p1a: Charizard
|-damage|p1a: Charizard|42/100
|move|p1a: Charizard|Weather Ball|p2b: Sneasler
|-enditem|p2b: Sneasler|Focus Sash
|-damage|p2b: Sneasler|1/100
|
|-weather|SunnyDay|[upkeep]
|upkeep
|turn|5
|
|t:|1785472070
|switch|p2b: Sinistcha|Sinistcha, L50|100/100
|-heal|p2a: Blastoise|95/100|[from] ability: Hospitality|[of] p2b: Sinistcha
|move|p1a: Charizard|Protect|p1a: Charizard
|-singleturn|p1a: Charizard|Protect
|move|p2a: Blastoise|Water Spout|p1b: Grimmsnarl|[spread] p1b
|-activate|p1a: Charizard|move: Protect
|-damage|p1b: Grimmsnarl|57/100
|move|p1b: Grimmsnarl|Spirit Break|p2a: Blastoise
|-damage|p2a: Blastoise|66/100
|-unboost|p2a: Blastoise|spa|1
|
|-weather|none
|upkeep
|turn|6
|
|t:|1785472090
|switch|p1a: Archaludon|Archaludon, L50, M|100/100
|move|p2b: Sinistcha|Rage Powder|p2b: Sinistcha
|-singleturn|p2b: Sinistcha|move: Rage Powder
|move|p1b: Grimmsnarl|Parting Shot|p2b: Sinistcha
|-unboost|p2b: Sinistcha|atk|1
|-unboost|p2b: Sinistcha|spa|1
|
|t:|1785472110
|switch|p1b: Charizard|Charizard-Mega-Y, L50, F|42/100|[from] Parting Shot
|-weather|SunnyDay|[from] ability: Drought|[of] p1b: Charizard
|move|p2a: Blastoise|Water Spout|p1b: Charizard|[spread] p1a,p1b
|-resisted|p1a: Archaludon|1
|-supereffective|p1b: Charizard|1
|-damage|p1a: Archaludon|86/100
|-damage|p1b: Charizard|0 fnt
|-ability|p1a: Archaludon|Stamina|boost
|-boost|p1a: Archaludon|def|1
|faint|p1b: Charizard
|
|-weather|SunnyDay|[upkeep]
|-heal|p1a: Archaludon|92/100|[from] item: Leftovers
|upkeep
|
|t:|1785472123
|switch|p1b: Pelipper|Pelipper, L50, M|100/100
|-weather|RainDance|[from] ability: Drizzle|[of] p1b: Pelipper
|turn|7
|
|t:|1785472131
|move|p2b: Sinistcha|Rage Powder|p2b: Sinistcha
|-singleturn|p2b: Sinistcha|move: Rage Powder
|move|p2a: Blastoise|Dark Pulse|p1b: Pelipper
|-damage|p1b: Pelipper|9/100
|-enditem|p1b: Pelipper|Sitrus Berry|[eat]
|-heal|p1b: Pelipper|33/100|[from] item: Sitrus Berry
|move|p1a: Archaludon|Electro Shot||[still]
|-prepare|p1a: Archaludon|Electro Shot
|-boost|p1a: Archaludon|spa|1
|-anim|p1a: Archaludon|Electro Shot|p2b: Sinistcha
|-resisted|p2b: Sinistcha|1
|-damage|p2b: Sinistcha|76/100
|move|p1b: Pelipper|Hurricane|p2b: Sinistcha
|-supereffective|p2b: Sinistcha|1
|-damage|p2b: Sinistcha|0 fnt
|faint|p2b: Sinistcha
|
|-weather|RainDance|[upkeep]
|-heal|p1a: Archaludon|98/100|[from] item: Leftovers
|upkeep
|
|t:|1785472156
|switch|p2b: Incineroar|Incineroar, L50, M|100/100
|-ability|p2b: Incineroar|Intimidate|boost
|-unboost|p1a: Archaludon|atk|1
|-unboost|p1b: Pelipper|atk|1
|turn|8
|
|t:|1785472170
|switch|p1b: Grimmsnarl|Grimmsnarl, L50, M|57/100
|move|p1a: Archaludon|Protect|p1a: Archaludon
|-singleturn|p1a: Archaludon|Protect
|move|p2b: Incineroar|Fake Out|p1a: Archaludon
|-activate|p1a: Archaludon|move: Protect
|move|p2a: Blastoise|Water Spout|p1b: Grimmsnarl|[spread] p1b
|-activate|p1a: Archaludon|move: Protect
|-damage|p1b: Grimmsnarl|0 fnt
|faint|p1b: Grimmsnarl
|
|-weather|RainDance|[upkeep]
|-heal|p1a: Archaludon|100/100|[from] item: Leftovers
|-sideend|p1: Chelicerate1|move: Light Screen
|upkeep
|
|t:|1785472177
|switch|p1b: Pelipper|Pelipper, L50, M|33/100
|turn|9
|
|t:|1785472187
|move|p2a: Blastoise|Protect|p2a: Blastoise
|-singleturn|p2a: Blastoise|Protect
|move|p1a: Archaludon|Electro Shot||[still]
|-prepare|p1a: Archaludon|Electro Shot
|-boost|p1a: Archaludon|spa|1
|-anim|p1a: Archaludon|Electro Shot|p2b: Incineroar
|-damage|p2b: Incineroar|36/100
|-enditem|p2b: Incineroar|Sitrus Berry|[eat]
|-heal|p2b: Incineroar|61/100|[from] item: Sitrus Berry
|move|p1b: Pelipper|Weather Ball|p2b: Incineroar
|-supereffective|p2b: Incineroar|1
|-crit|p2b: Incineroar
|-damage|p2b: Incineroar|0 fnt
|faint|p2b: Incineroar
|
|-weather|RainDance|[upkeep]
|upkeep
|
|t:|1785472194
|switch|p2b: Sneasler|Sneasler, L50, M|1/100
|turn|10
|
|t:|1785472205
|move|p2b: Sneasler|Fake Out|p1a: Archaludon
|-resisted|p1a: Archaludon|1
|-damage|p1a: Archaludon|95/100
|-ability|p1a: Archaludon|Stamina|boost
|-boost|p1a: Archaludon|def|1
|move|p1b: Pelipper|Wide Guard|p1b: Pelipper
|-singleturn|p1b: Pelipper|Wide Guard
|move|p2a: Blastoise|Dark Pulse|p1b: Pelipper
|-damage|p1b: Pelipper|0 fnt
|faint|p1b: Pelipper
|cant|p1a: Archaludon|flinch
|
|-weather|RainDance|[upkeep]
|-heal|p1a: Archaludon|100/100|[from] item: Leftovers
|upkeep
|turn|11
|
|t:|1785472218
|move|p2a: Blastoise|Water Spout|p1a: Archaludon
|-resisted|p1a: Archaludon|1
|-damage|p1a: Archaludon|20/100y
|-ability|p1a: Archaludon|Stamina|boost
|-boost|p1a: Archaludon|def|1
|move|p2b: Sneasler|Close Combat|p1a: Archaludon
|-supereffective|p1a: Archaludon|1
|-damage|p1a: Archaludon|0 fnt
|-unboost|p2b: Sneasler|def|1
|-unboost|p2b: Sneasler|spd|1
|faint|p1a: Archaludon
|
|win|naibot2814
||Chelicerate1 is ready for game 2.
|inactive|naibot2814 has 30 seconds to confirm battle start!
||naibot2814 is ready for game 2.
|uhtml|next|Next: Game 2 of 3
|l|☆Chelicerate1
|player|p1|
