|j|☆jamirolol
|j|☆ossigt
|html|jamirololossigt    
|uhtml|bestof|Game 3 of a best-of-3
|t:|1757933019
|gametype|doubles
|player|p1|jamirolol|101|1364
|player|p2|ossigt|hilbert-wonderlauncher|1343
|gen|9
|tier|[Gen 9] VGC 2025 Reg H (Bo3)
|rated|
|rule|Species Clause: Limit one of each Pokémon
|rule|Item Clause: Limit 1 of each item
|clearpoke
|poke|p1|Volcarona, L50, F|
|poke|p1|Rillaboom, L50, F|
|poke|p1|Sneasler, L50, F|
|poke|p1|Dragapult, L50, F|
|poke|p1|Oricorio-Sensu, L50, M|
|poke|p1|Tyranitar, L50, F|
|poke|p2|Kingambit, L50, F|
|poke|p2|Rillaboom, L50, F|
|poke|p2|Electabuzz, L50, M|
|poke|p2|Dragapult, L50, M|
|poke|p2|Volcarona, L50, M|
|poke|p2|Tauros-Paldea-Aqua, L50, M|
|teampreview|4
|showteam|p1|Volcarona||Leftovers|FlameBody|FieryDance,GigaDrain,QuiverDance,Protect|||F|||50|,,,,,Steel]Rillaboom||AssaultVest|GrassySurge|HighHorsepower,FakeOut,GrassyGlide,WoodHammer|||F|||50|,,,,,Fire]Sneasler||GrassySeed|Unburden|DireClaw,FakeOut,CloseCombat,Protect|||F|||50|,,,,,Dark]Dragapult||ChoiceBand|ClearBody|Uturn,DragonDarts,PhantomForce,PsychicFangs|||F|||50|,,,,,Dragon]Oricorio-Sensu||FocusSash|Dancer|RevelationDance,AlluringVoice,Taunt,Protect|||M|||50|,,,,,Ground]Tyranitar||ClearAmulet|SandStream|Protect,DragonDance,RockSlide,KnockOff|||F|||50|,,,,,Fire
|showteam|p2|Kingambit||BlackGlasses|Defiant|Protect,KowtowCleave,SuckerPunch,SwordsDance|||F|||50|,,,,,Dark]Rillaboom||AssaultVest|GrassySurge|WoodHammer,GrassyGlide,Uturn,FakeOut|||F|||50|,,,,,Fire]Electabuzz||Eviolite|VitalSpirit|Protect,Thunderbolt,HelpingHand,FollowMe|||M|||50|,,,,,Ghost]Dragapult||ChoiceBand|ClearBody|DragonDarts,PhantomForce,Outrage,Uturn|||M|||50|,,,,,Ghost]Volcarona||CovertCloak|FlameBody|Protect,HeatWave,GigaDrain,QuiverDance|||M|||50|,,,,,Dragon]Tauros-Paldea-Aqua||MirrorHerb|Intimidate|Protect,WaveCrash,CloseCombat,AquaJet|||M|||50|,,,,,Water
|inactive|Battle timer is ON: inactive players will automatically lose when time's up. (requested by jamirolol)
|inactive|jamirolol has 60 seconds left.
|inactive|ossigt has 60 seconds left.
|inactive|jamirolol has 30 seconds left.
|inactive|jamirolol has 20 seconds left.
|
|t:|1757933091
|teamsize|p1|4
|teamsize|p2|4
|start
|switch|p1a: Rillaboom|Rillaboom, L50, F|100/100
|switch|p1b: Dragapult|Dragapult, L50, F|100/100
|switch|p2a: Electabuzz|Electabuzz, L50, M, shiny|100/100
|switch|p2b: Kingambit|Kingambit, L50, F, shiny|100/100
|-fieldstart|move: Grassy Terrain|[from] ability: Grassy Surge|[of] p1a: Rillaboom
|turn|1
|
|t:|1757933114
|switch|p1a: Sneasler|Sneasler, L50, F, shiny|100/100
|-enditem|p1a: Sneasler|Grassy Seed
|-boost|p1a: Sneasler|def|1|[from] item: Grassy Seed
|-terastallize|p1b: Dragapult|Dragon
|move|p2a: Electabuzz|Protect|p2a: Electabuzz
|-singleturn|p2a: Electabuzz|Protect
|move|p2b: Kingambit|Protect|p2b: Kingambit
|-singleturn|p2b: Kingambit|Protect
|move|p1b: Dragapult|Dragon Darts|p2a: Electabuzz
|-activate|p2b: Kingambit|move: Protect
|
|upkeep
|turn|2
|inactive|ossigt has 30 seconds left.
|inactive|ossigt has 20 seconds left.
|
|t:|1757933152
|switch|p2a: Tauros|Tauros-Paldea-Aqua, L50, M|100/100
|-ability|p2a: Tauros|Intimidate|boost
|-unboost|p1a: Sneasler|atk|1
|-fail|p1b: Dragapult|unboost|[from] ability: Clear Body|[of] p1b: Dragapult
|move|p1a: Sneasler|Fake Out|p2b: Kingambit
|-resisted|p2b: Kingambit
|-damage|p2b: Kingambit|97/100
|cant|p2b: Kingambit|flinch
|move|p1b: Dragapult|Dragon Darts|p2a: Tauros
|-damage|p2a: Tauros|44/100
|-anim|p1b: Dragapult|Dragon Darts|p2b: Kingambit
|-resisted|p2b: Kingambit
|-damage|p2b: Kingambit|76/100
|
|-heal|p2a: Tauros|50/100|[from] Grassy Terrain
|-heal|p2b: Kingambit|82/100|[from] Grassy Terrain
|upkeep
|turn|3
|inactive|ossigt has 30 seconds left.
|inactive|ossigt has 20 seconds left.
|inactive|ossigt has 15 seconds left.
|inactive|ossigt has 10 seconds left.
|
|t:|1757933198
|switch|p2a: Electabuzz|Electabuzz, L50, M, shiny|100/100
|-terastallize|p2b: Kingambit|Dark
|move|p2b: Kingambit|Sucker Punch|p1b: Dragapult
|-damage|p1b: Dragapult|6/100
|move|p1a: Sneasler|Close Combat|p2b: Kingambit
|-supereffective|p2b: Kingambit
|-damage|p2b: Kingambit|15/100
|-unboost|p1a: Sneasler|def|1
|-unboost|p1a: Sneasler|spd|1
|move|p1b: Dragapult|Dragon Darts|p2a: Electabuzz
|-crit|p2a: Electabuzz
|-damage|p2a: Electabuzz|41/100
|-anim|p1b: Dragapult|Dragon Darts|p2b: Kingambit
|-damage|p2b: Kingambit|0 fnt
|faint|p2b: Kingambit
|
|-heal|p1b: Dragapult|12/100|[from] Grassy Terrain
|-heal|p2a: Electabuzz|47/100|[from] Grassy Terrain
|upkeep
|
|t:|1757933212
|switch|p2b: Dragapult|Dragapult, L50, M, shiny|100/100
|turn|4
|
|t:|1757933230
|move|p2a: Electabuzz|Follow Me|p2a: Electabuzz
|-singleturn|p2a: Electabuzz|move: Follow Me
|move|p1a: Sneasler|Dire Claw|p2a: Electabuzz
|-damage|p2a: Electabuzz|23/100
|move|p2b: Dragapult|Dragon Darts|p1a: Sneasler
|-damage|p1a: Sneasler|50/100
|-anim|p2b: Dragapult|Dragon Darts|p1b: Dragapult
|-supereffective|p1b: Dragapult
|-damage|p1b: Dragapult|0 fnt
|faint|p1b: Dragapult
|
|-heal|p1a: Sneasler|56/100|[from] Grassy Terrain
|-heal|p2a: Electabuzz|29/100|[from] Grassy Terrain
|upkeep
|
|t:|1757933245
|switch|p1b: Rillaboom|Rillaboom, L50, F|100/100
|turn|5
|
|t:|1757933258
|switch|p1a: Volcarona|Volcarona, L50, F|100/100
|move|p2a: Electabuzz|Follow Me|p2a: Electabuzz
|-singleturn|p2a: Electabuzz|move: Follow Me
|move|p2b: Dragapult|Dragon Darts|p1a: Volcarona
|-crit|p1a: Volcarona
|-damage|p1a: Volcarona|29/100
|-anim|p2b: Dragapult|Dragon Darts|p1b: Rillaboom
|-damage|p1b: Rillaboom|66/100
|move|p1b: Rillaboom|Wood Hammer|p2a: Electabuzz
|-damage|p2a: Electabuzz|0 fnt
|faint|p2a: Electabuzz
|-damage|p1b: Rillaboom|59/100|[from] Recoil
|
|-heal|p1a: Volcarona|35/100|[from] Grassy Terrain
|-heal|p1a: Volcarona|40/100|[from] item: Leftovers
|-heal|p1b: Rillaboom|64/100|[from] Grassy Terrain
|-fieldend|move: Grassy Terrain
|upkeep
|
|t:|1757933268
|switch|p2a: Tauros|Tauros-Paldea-Aqua, L50, M|50/100
|-ability|p2a: Tauros|Intimidate|boost
|-unboost|p1a: Volcarona|atk|1
|-unboost|p1b: Rillaboom|atk|1
|turn|6
|inactive|jamirolol has 30 seconds left.
|inactive|jamirolol has 20 seconds left.
|
|t:|1757933304
|switch|p1b: Sneasler|Sneasler, L50, F, shiny|56/100
|move|p1a: Volcarona|Protect|p1a: Volcarona
|-singleturn|p1a: Volcarona|Protect
|move|p2b: Dragapult|Dragon Darts|p1b: Sneasler
|-damage|p1b: Sneasler|5/100
|-anim|p2b: Dragapult|Dragon Darts|p1b: Sneasler
|-damage|p1b: Sneasler|0 fnt
|faint|p1b: Sneasler
|move|p2a: Tauros|Close Combat|p1a: Volcarona
|-activate|p1a: Volcarona|move: Protect
|
|-heal|p1a: Volcarona|46/100|[from] item: Leftovers
|upkeep
|
|t:|1757933316
|switch|p1b: Rillaboom|Rillaboom, L50, F|64/100
|-fieldstart|move: Grassy Terrain|[from] ability: Grassy Surge|[of] p1b: Rillaboom
|turn|7
|inactive|jamirolol has 30 seconds left.
|inactive|jamirolol has 20 seconds left.
|
|t:|1757933355
|move|p2a: Tauros|Aqua Jet|p1a: Volcarona
|-supereffective|p1a: Volcarona
|-damage|p1a: Volcarona|0 fnt
|faint|p1a: Volcarona
|move|p1b: Rillaboom|Grassy Glide|p2a: Tauros
|-supereffective|p2a: Tauros
|-damage|p2a: Tauros|0 fnt
|faint|p2a: Tauros
|move|p2b: Dragapult|Dragon Darts|p1b: Rillaboom
|-damage|p1b: Rillaboom|27/100
|-anim|p2b: Dragapult|Dragon Darts|p1b: Rillaboom
|-damage|p1b: Rillaboom|0 fnt
|faint|p1b: Rillaboom
|
|win|ossigt
|raw|jamirolol's rating: 1364 → 1343(-21 for losing)
|raw|ossigt's rating: 1343 → 1364(+21 for winning)
|l|☆jamirolol
|player|p1|
