|j|☆waqaskakhelkhtm
|j|☆xDeacon
|html|waqaskakhelkhtmxDeacon    
|uhtml|bestof|Game 2 of a best-of-3
|t:|1783968061
|gametype|doubles
|player|p1|waqaskakhelkhtm|101|1102
|player|p2|xDeacon|1|1092
|gen|9
|tier|[Gen 9 Champions] VGC 2026 Reg M-B (Bo3)
|rated|
|rule|Species Clause: Limit one of each Pokémon
|rule|Item Clause: Limit 1 of each item
|clearpoke
|poke|p1|Ceruledge, L50, M|
|poke|p1|Whimsicott, L50, M|
|poke|p1|Metagross, L50|
|poke|p1|Garchomp, L50, F|
|poke|p1|Farigiraf, L50, F|
|poke|p1|Staraptor, L50, M|
|poke|p2|Gengar, L50, F|
|poke|p2|Sneasler, L50, F|
|poke|p2|Incineroar, L50, M|
|poke|p2|Samurott-Hisui, L50, F|
|poke|p2|Ninetales-Alola, L50, F|
|poke|p2|Altaria, L50, F|
|teampreview|4
|showteam|p1|Ceruledge||ColburBerry|FlashFire|BitterBlade,BulkUp,ShadowSneak,Protect|Adamant||M|||50|]Whimsicott||FocusSash|Prankster|Moonblast,Tailwind,Charm,Encore|Timid||M|||50|]Metagross||Metagrossite|ClearBody|Protect,IronHead,PsychicFangs,StompingTantrum|Adamant|||||50|]Garchomp||LifeOrb|RoughSkin|StompingTantrum,RockSlide,Protect,DragonClaw|Jolly||F|||50|]Farigiraf||SitrusBerry|ArmorTail|HelpingHand,TrickRoom,Psychic,Thunderbolt|Calm||F|||50|]Staraptor||Staraptite|Intimidate|CloseCombat,Protect,BraveBird,Roost|Jolly||M|||50|
|showteam|p2|Gengar||Gengarite|CursedBody|Protect,ShadowBall,PerishSong,Disable|Timid||F|||50|]Sneasler||WhiteHerb|Unburden|Protect,FakeOut,DireClaw,CloseCombat|Adamant||F|||50|]Incineroar||ShucaBerry|Intimidate|Protect,FakeOut,ThroatChop,PartingShot|Relaxed||M|||50|]Samurott-Hisui||FocusSash|Sharpness|Protect,NightSlash,AquaCutter,SacredSword|Adamant||F|||50|]Ninetales-Alola||NeverMeltIce|SnowWarning|Protect,Encore,FreezeDry,Blizzard|Timid||F|||50|]Altaria||RoseliBerry|CloudNine|Protect,PerishSong,WillOWisp,BraveBird|Careful||F|||50|
|inactive|Battle timer is ON: inactive players will automatically lose when time's up. (requested by waqaskakhelkhtm)
|
|t:|1783968095
|teamsize|p1|4
|teamsize|p2|4
|start
|switch|p1a: Farigiraf|Farigiraf, L50, F|100/100
|switch|p1b: Ceruledge|Ceruledge, L50, M|100/100
|switch|p2a: Incineroar|Incineroar, L50, M|100/100
|switch|p2b: Ninetales|Ninetales-Alola, L50, F|100/100
|-weather|Snowscape|[from] ability: Snow Warning|[of] p2b: Ninetales
|-ability|p2a: Incineroar|Intimidate|boost
|-unboost|p1a: Farigiraf|atk|1
|-unboost|p1b: Ceruledge|atk|1
|turn|1
|
|t:|1783968114
|switch|p2b: Samurott|Samurott-Hisui, L50, F|100/100
|move|p1a: Farigiraf|Helping Hand|p1b: Ceruledge
|-singleturn|p1b: Ceruledge|Helping Hand|[of] p1a: Farigiraf
|move|p1b: Ceruledge|Bitter Blade|p2b: Samurott
|-resisted|p2b: Samurott|1
|-damage|p2b: Samurott|70/100
|move|p2a: Incineroar|Parting Shot|p1b: Ceruledge
|-unboost|p1b: Ceruledge|atk|1
|-unboost|p1b: Ceruledge|spa|1
|
|t:|1783968126
|switch|p2a: Gengar|Gengar, L50, F|100/100|[from] Parting Shot
|
|-weather|Snowscape|[upkeep]
|upkeep
|turn|2
|inactive|waqaskakhelkhtm has 30 seconds left.
|inactive|xDeacon has 30 seconds left.
|
|t:|1783968164
|detailschange|p2a: Gengar|Gengar-Mega, L50, F
|-mega|p2a: Gengar|Gengar|Gengarite
|move|p2a: Gengar|Protect|p2a: Gengar
|-singleturn|p2a: Gengar|Protect
|move|p1b: Ceruledge|Protect|p1b: Ceruledge
|-singleturn|p1b: Ceruledge|Protect
|move|p2b: Samurott|Aqua Cutter|p1b: Ceruledge
|-activate|p1b: Ceruledge|move: Protect
|move|p1a: Farigiraf|Thunderbolt|p2b: Samurott
|-supereffective|p2b: Samurott|1
|-damage|p2b: Samurott|3/100
|
|-weather|Snowscape|[upkeep]
|upkeep
|turn|3
|inactive|waqaskakhelkhtm has 30 seconds left.
|inactive|xDeacon has 30 seconds left.
|inactive|xDeacon has 20 seconds left.
|inactive|waqaskakhelkhtm has 20 seconds left.
|inactive|xDeacon has 15 seconds left.
|inactive|waqaskakhelkhtm has 15 seconds left.
|inactive|xDeacon has 10 seconds left.
|
|t:|1783968212
|switch|p2b: Incineroar|Incineroar, L50, M|100/100
|-ability|p2b: Incineroar|Intimidate|boost
|-unboost|p1a: Farigiraf|atk|1
|-unboost|p1b: Ceruledge|atk|1
|move|p1b: Ceruledge|Shadow Sneak|p2b: Incineroar
|-resisted|p2b: Incineroar|1
|-damage|p2b: Incineroar|97/100
|move|p2a: Gengar|Shadow Ball|p1b: Ceruledge
|-supereffective|p1b: Ceruledge|1
|-damage|p1b: Ceruledge|7/100
|move|p1a: Farigiraf|Psychic|p2a: Gengar
|-supereffective|p2a: Gengar|1
|-damage|p2a: Gengar|23/100
|
|-weather|Snowscape|[upkeep]
|upkeep
|turn|4
|
|t:|1783968235
|switch|p1b: Garchomp|Garchomp, L50, F|100/100
|move|p2a: Gengar|Disable|p1a: Farigiraf
|-start|p1a: Farigiraf|Disable|Psychic
|move|p1a: Farigiraf|Thunderbolt|p2b: Incineroar
|-damage|p2b: Incineroar|76/100
|-status|p2b: Incineroar|par
|move|p2b: Incineroar|Throat Chop|p1b: Garchomp
|-damage|p1b: Garchomp|67/100
|-start|p1b: Garchomp|Throat Chop|[silent]
|-damage|p2b: Incineroar|64/100 par|[from] ability: Rough Skin|[of] p1b: Garchomp
|
|-weather|Snowscape|[upkeep]
|upkeep
|turn|5
|inactive|xDeacon has 30 seconds left.
|
|t:|1783968267
|move|p1a: Farigiraf|Helping Hand|p1b: Garchomp
|-singleturn|p1b: Garchomp|Helping Hand|[of] p1a: Farigiraf
|move|p2a: Gengar|Protect|p2a: Gengar
|-singleturn|p2a: Gengar|Protect
|move|p1b: Garchomp|Rock Slide|p2a: Gengar|[spread] p2b
|-activate|p2a: Gengar|move: Protect
|-supereffective|p2b: Incineroar|1
|-damage|p2b: Incineroar|9/100 par
|-damage|p1b: Garchomp|57/100|[from] item: Life Orb
|cant|p2b: Incineroar|par
|
|-weather|none
|-end|p1b: Garchomp|Throat Chop|[silent]
|upkeep
|turn|6
|inactive|xDeacon has 30 seconds left.
|inactive|xDeacon has 20 seconds left.
|
|t:|1783968305
|switch|p2a: Samurott|Samurott-Hisui, L50, F|3/100
|move|p1b: Garchomp|Rock Slide|p2b: Incineroar|[spread] p2a,p2b
|-supereffective|p2b: Incineroar|1
|-damage|p2a: Samurott|0 fnt
|-damage|p2b: Incineroar|0 fnt
|faint|p2a: Samurott
|faint|p2b: Incineroar
|-damage|p1b: Garchomp|48/100|[from] item: Life Orb
|move|p1a: Farigiraf|Thunderbolt|p2: Samurott|[notarget]
|-fail|p1a: Farigiraf
|
|upkeep
|
|t:|1783968312
|switch|p2a: Gengar|Gengar-Mega, L50, F|23/100
|switch|p2b: Ninetales|Ninetales-Alola, L50, F|100/100
|-weather|Snowscape|[from] ability: Snow Warning|[of] p2b: Ninetales
|turn|7
|inactive|waqaskakhelkhtm has 30 seconds left.
|
|t:|1783968337
|move|p1a: Farigiraf|Helping Hand|p1b: Garchomp
|-singleturn|p1b: Garchomp|Helping Hand|[of] p1a: Farigiraf
|move|p2a: Gengar|Protect|p2a: Gengar
|-singleturn|p2a: Gengar|Protect
|move|p2b: Ninetales|Blizzard|p1b: Garchomp|[spread] p1a,p1b
|-supereffective|p1b: Garchomp|2
|-crit|p1b: Garchomp
|-damage|p1a: Farigiraf|74/100
|-damage|p1b: Garchomp|0 fnt
|faint|p1b: Garchomp
|
|-weather|Snowscape|[upkeep]
|-end|p1a: Farigiraf|Disable
|upkeep
|
|t:|1783968342
|switch|p1b: Ceruledge|Ceruledge, L50, M|7/100
|turn|8
|
|t:|1783968362
|move|p2a: Gengar|Protect||[still]
|-fail|p2a: Gengar
|move|p2b: Ninetales|Blizzard|p1a: Farigiraf|[spread] p1a,p1b
|-resisted|p1b: Ceruledge|1
|-damage|p1a: Farigiraf|48/100
|-damage|p1b: Ceruledge|0 fnt
|-status|p1a: Farigiraf|frz
|-enditem|p1a: Farigiraf|Sitrus Berry|[eat]
|-heal|p1a: Farigiraf|73/100 frz|[from] item: Sitrus Berry
|faint|p1b: Ceruledge
|cant|p1a: Farigiraf|frz
|
|-weather|Snowscape|[upkeep]
|upkeep
|c|☆waqaskakhelkhtm|wow
|
|t:|1783968375
|switch|p1b: Metagross|Metagross, L50|100/100
|turn|9
|c|☆xDeacon|that's a little unfortunate
|inactive|waqaskakhelkhtm has 30 seconds left.
|
|t:|1783968405
|detailschange|p1b: Metagross|Metagross-Mega, L50
|-mega|p1b: Metagross|Metagross|Metagrossite
|move|p2b: Ninetales|Protect|p2b: Ninetales
|-singleturn|p2b: Ninetales|Protect
|move|p2a: Gengar|Shadow Ball|p1b: Metagross
|-supereffective|p1b: Metagross|1
|-damage|p1b: Metagross|12/100
|move|p1b: Metagross|Iron Head|p2b: Ninetales
|-activate|p2b: Ninetales|move: Protect
|cant|p1a: Farigiraf|frz
|
|-weather|Snowscape|[upkeep]
|upkeep
|turn|10
|
|t:|1783968423
|move|p1b: Metagross|Protect|p1b: Metagross
|-singleturn|p1b: Metagross|Protect
|move|p2b: Ninetales|Blizzard|p1a: Farigiraf|[spread] p1a
|-activate|p1b: Metagross|move: Protect
|-crit|p1a: Farigiraf
|-damage|p1a: Farigiraf|32/100 frz
|move|p2a: Gengar|Shadow Ball|p1b: Metagross
|-activate|p1b: Metagross|move: Protect
|-curestatus|p1a: Farigiraf|frz|[msg]
|move|p1a: Farigiraf|Thunderbolt|p2b: Ninetales
|-damage|p2b: Ninetales|76/100
|
|-weather|Snowscape|[upkeep]
|upkeep
|turn|11
|inactive|waqaskakhelkhtm has 30 seconds left.
|inactive|xDeacon has 30 seconds left.
|
|t:|1783968452
|move|p2b: Ninetales|Blizzard|p1b: Metagross|[spread] p1a,p1b
|-resisted|p1b: Metagross|1
|-damage|p1a: Farigiraf|6/100
|-damage|p1b: Metagross|0 fnt
|faint|p1b: Metagross
|move|p2a: Gengar|Shadow Ball|p1a: Farigiraf
|-immune|p1a: Farigiraf
|move|p1a: Farigiraf|Trick Room|p1a: Farigiraf
|-fieldstart|move: Trick Room|[of] p1a: Farigiraf
|
|-weather|none
|upkeep
|turn|12
|
|t:|1783968462
|move|p1a: Farigiraf|Thunderbolt|p2b: Ninetales
|-damage|p2b: Ninetales|55/100
|move|p2a: Gengar|Perish Song|p2a: Gengar
|-start|p1a: Farigiraf|perish3|[silent]
|-start|p2a: Gengar|perish3|[silent]
|-start|p2b: Ninetales|perish3|[silent]
|-fieldactivate|move: Perish Song
|move|p2b: Ninetales|Freeze-Dry|p1a: Farigiraf
|-damage|p1a: Farigiraf|0 fnt
|faint|p1a: Farigiraf
|
|win|xDeacon
|raw|waqaskakhelkhtm's rating: 1102 → 1076(-26 for losing)
|raw|xDeacon's rating: 1092 → 1119(+27 for winning)
|l|☆waqaskakhelkhtm
|player|p1|
|c|☆xDeacon|ggs sorry about freeze
