|j|☆Heathbar25
|j|☆sogreenitslime
|html|Heathbar25sogreenitslime    
|uhtml|bestof|Game 1 of a best-of-3
|t:|1783133802
|gametype|doubles
|player|p1|Heathbar25|169|1114
|player|p2|sogreenitslime|pokemaniac|1069
|gen|9
|tier|[Gen 9 Champions] VGC 2026 Reg M-B (Bo3)
|rated|
|rule|Species Clause: Limit one of each Pokémon
|rule|Item Clause: Limit 1 of each item
|clearpoke
|poke|p1|Charizard, L50, M|
|poke|p1|Floette-Eternal, L50, F|
|poke|p1|Garchomp, L50, F|
|poke|p1|Basculegion, L50, M|
|poke|p1|Kingambit, L50, M|
|poke|p1|Whimsicott, L50, F|
|poke|p2|Aerodactyl, L50, F|
|poke|p2|Rotom-Wash, L50|
|poke|p2|Sceptile, L50, F|
|poke|p2|Kingambit, L50, F|
|poke|p2|Ninetales-Alola, L50, F|
|poke|p2|Incineroar, L50, M|
|teampreview|4
|showteam|p1|Charizard||CharizarditeY|Blaze|HeatWave,WeatherBall,SolarBeam,Protect|Modest||M|||50|]Floette-Eternal||Floettite|FlowerVeil|LightofRuin,Moonblast,DazzlingGleam,Protect|Timid||F|||50|]Garchomp||LifeOrb|RoughSkin|Earthquake,DragonClaw,RockSlide,Protect|Jolly||F|||50|]Basculegion||MysticWater|Adaptability|WaveCrash,LastRespects,AquaJet,Protect|Adamant||M|||50|]Kingambit||BlackGlasses|Defiant|KowtowCleave,IronHead,SuckerPunch,Protect|Brave||M|||50|]Whimsicott||FocusSash|Prankster|Moonblast,Tailwind,Encore,Protect|Timid||F|||50|
|showteam|p2|Aerodactyl||Aerodactylite|Unnerve|Tailwind,RockSlide,DualWingbeat,Protect|Jolly||F|||50|]Rotom-Wash||ChoiceScarf|Levitate|VoltSwitch,Discharge,Electroweb,HydroPump|Timid|||||50|]Sceptile||Sceptilite|Overgrow|EnergyBall,EarthPower,DragonPulse,Protect|Timid||F|||50|]Kingambit||ChopleBerry|Defiant|KowtowCleave,SuckerPunch,IronHead,Protect|Adamant||F|||50|]Ninetales-Alola||NeverMeltIce|SnowWarning|Blizzard,AuroraVeil,Protect,Moonblast|Bold||F|||50|]Incineroar||SitrusBerry|Intimidate|WillOWisp,FlareBlitz,PartingShot,FakeOut|Careful||M|||50|
|
|t:|1783133848
|teamsize|p1|4
|teamsize|p2|4
|start
|switch|p1a: Floette|Floette-Eternal, L50, F|100/100
|switch|p1b: Whimsicott|Whimsicott, L50, F|100/100
|switch|p2a: Aerodactyl|Aerodactyl, L50, F|100/100
|switch|p2b: Rotom|Rotom-Wash, L50|100/100
|-ability|p2a: Aerodactyl|Unnerve
|turn|1
|
|t:|1783133864
|detailschange|p2a: Aerodactyl|Aerodactyl-Mega, L50, F
|-mega|p2a: Aerodactyl|Aerodactyl|Aerodactylite
|detailschange|p1a: Floette|Floette-Mega, L50, F
|-mega|p1a: Floette|Floette|Floettite
|-ability|p1a: Floette|Fairy Aura
|move|p1b: Whimsicott|Tailwind|p1b: Whimsicott
|-sidestart|p1: Heathbar25|move: Tailwind
|move|p1a: Floette|Light of Ruin|p2a: Aerodactyl
|-damage|p2a: Aerodactyl|0 fnt
|faint|p2a: Aerodactyl
|-damage|p1a: Floette|47/100|[from] Recoil
|move|p2b: Rotom|Electroweb|p1b: Whimsicott|[spread] p1a,p1b
|-resisted|p1b: Whimsicott|1
|-damage|p1a: Floette|33/100
|-damage|p1b: Whimsicott|84/100
|-unboost|p1a: Floette|spe|1
|-unboost|p1b: Whimsicott|spe|1
|
|upkeep
|
|t:|1783133882
|switch|p2a: Incineroar|Incineroar, L50, M|100/100
|-ability|p2a: Incineroar|Intimidate|boost
|-unboost|p1a: Floette|atk|1
|-unboost|p1b: Whimsicott|atk|1
|turn|2
|
|t:|1783133893
|switch|p1a: Garchomp|Garchomp, L50, F|100/100
|move|p1b: Whimsicott|Moonblast|p2b: Rotom
|-damage|p2b: Rotom|54/100
|move|p2b: Rotom|Electroweb|p1a: Garchomp|[spread] p1b
|-immune|p1a: Garchomp
|-resisted|p1b: Whimsicott|1
|-damage|p1b: Whimsicott|70/100
|-unboost|p1b: Whimsicott|spe|1
|move|p2a: Incineroar|Flare Blitz|p1a: Garchomp
|-resisted|p1a: Garchomp|1
|-damage|p1a: Garchomp|75/100
|-status|p1a: Garchomp|brn
|-damage|p2a: Incineroar|87/100|[from] ability: Rough Skin|[of] p1a: Garchomp
|-damage|p2a: Incineroar|80/100|[from] Recoil
|
|-damage|p1a: Garchomp|69/100 brn|[from] brn
|upkeep
|turn|3
|
|t:|1783133912
|move|p1a: Garchomp|Earthquake|p2b: Rotom|[spread] p1b,p2a
|-immune|p2b: Rotom|[from] ability: Levitate
|-resisted|p1b: Whimsicott|1
|-supereffective|p2a: Incineroar|1
|-damage|p1b: Whimsicott|51/100
|-damage|p2a: Incineroar|29/100
|-enditem|p2a: Incineroar|Sitrus Berry|[eat]
|-heal|p2a: Incineroar|53/100|[from] item: Sitrus Berry
|-damage|p1a: Garchomp|60/100 brn|[from] item: Life Orb
|move|p2b: Rotom|Electroweb|p1b: Whimsicott|[spread] p1b
|-immune|p1a: Garchomp
|-resisted|p1b: Whimsicott|1
|-damage|p1b: Whimsicott|35/100
|-unboost|p1b: Whimsicott|spe|1
|move|p1b: Whimsicott|Moonblast|p2a: Incineroar
|-damage|p2a: Incineroar|31/100
|move|p2a: Incineroar|Flare Blitz|p1b: Whimsicott
|-supereffective|p1b: Whimsicott|1
|-damage|p1b: Whimsicott|0 fnt
|faint|p1b: Whimsicott
|-damage|p2a: Incineroar|23/100|[from] Recoil
|
|-damage|p1a: Garchomp|54/100 brn|[from] brn
|upkeep
|
|t:|1783133932
|switch|p1b: Basculegion|Basculegion, L50, M|100/100
|turn|4
|
|t:|1783133945
|move|p1a: Garchomp|Dragon Claw|p2a: Incineroar
|-damage|p2a: Incineroar|0 fnt
|faint|p2a: Incineroar
|-damage|p1a: Garchomp|44/100 brn|[from] item: Life Orb
|move|p2b: Rotom|Electroweb|p1b: Basculegion|[spread] p1b
|-immune|p1a: Garchomp
|-supereffective|p1b: Basculegion|1
|-damage|p1b: Basculegion|59/100
|-unboost|p1b: Basculegion|spe|1
|move|p1b: Basculegion|Last Respects|p2b: Rotom
|-damage|p2b: Rotom|0 fnt
|faint|p2b: Rotom
|
|-damage|p1a: Garchomp|38/100 brn|[from] brn
|-sideend|p1: Heathbar25|move: Tailwind
|upkeep
|
|t:|1783133961
|switch|p2b: Ninetales|Ninetales-Alola, L50, F|100/100
|-weather|Snowscape|[from] ability: Snow Warning|[of] p2b: Ninetales
|turn|5
|
|t:|1783133967
|move|p1a: Garchomp|Rock Slide|p2b: Ninetales
|-supereffective|p2b: Ninetales|1
|-damage|p2b: Ninetales|76/100
|-damage|p1a: Garchomp|28/100 brn|[from] item: Life Orb
|move|p2b: Ninetales|Blizzard|p1b: Basculegion|[spread] p1a,p1b
|-supereffective|p1a: Garchomp|2
|-resisted|p1b: Basculegion|1
|-damage|p1a: Garchomp|0 fnt
|-damage|p1b: Basculegion|42/100
|faint|p1a: Garchomp
|move|p1b: Basculegion|Last Respects|p2b: Ninetales
|-damage|p2b: Ninetales|0 fnt
|faint|p2b: Ninetales
|
|win|Heathbar25
||sogreenitslime is ready for game 2.
||Heathbar25 is ready for game 2.
|uhtml|next|Next: Game 2 of 3
