|j|☆AnotherDreamer
|j|☆BonnieSSR
|html|AnotherDreamerBonnieSSR    
|uhtml|bestof|Game 1 of a best-of-3
|t:|1756478548
|gametype|doubles
|player|p1|AnotherDreamer|169|1144
|player|p2|BonnieSSR|miku-ground|1230
|gen|9
|tier|[Gen 9] VGC 2025 Reg H (Bo3)
|rated|
|rule|Species Clause: Limit one of each Pokémon
|rule|Item Clause: Limit 1 of each item
|clearpoke
|poke|p1|Typhlosion-Hisui, L50, M|
|poke|p1|Whimsicott, L50, F|
|poke|p1|Dragapult, L50, M|
|poke|p1|Electabuzz, L50, M|
|poke|p1|Torkoal, L50, F|
|poke|p1|Lilligant-Hisui, L50, F|
|poke|p2|Tyranitar, L50, M|
|poke|p2|Amoonguss, L50, M|
|poke|p2|Kilowattrel, L50, F|
|poke|p2|Excadrill, L50, F|
|poke|p2|Kommo-o, L50, F|
|poke|p2|Incineroar, L50, M|
|teampreview|4
|showteam|p1|Typhlosion-Hisui||ChoiceSpecs|Frisk|HeatWave,Eruption,ShadowBall,Flamethrower|||M|||50|,,,,,Fire]Whimsicott||CovertCloak|Prankster|Tailwind,SunnyDay,Moonblast,TrickRoom|||F|||50|,,,,,Rock]Dragapult||ChoiceBand|ClearBody|Uturn,DragonDarts,SuckerPunch,PhantomForce|||M|||50|,,,,,Dragon]Electabuzz||Eviolite|VitalSpirit|FollowMe,Taunt,Protect,Thunderbolt|||M|||50|,,,,,Ghost]Torkoal||LifeOrb|Drought|Protect,WeatherBall,HeatWave,Eruption|||F|||50|,,,,,Fire]Lilligant-Hisui||FocusSash|Chlorophyll|AfterYou,CloseCombat,LeafBlade,SleepPowder|||F|||50|,,,,,Ghost
|showteam|p2|Tyranitar||AssaultVest|SandStream|LowKick,RockSlide,KnockOff,TeraBlast|||M|||50|,,,,,Flying]Amoonguss||SitrusBerry|Regenerator|Spore,RagePowder,SludgeBomb,Protect|||M|||50|,,,,,Water]Kilowattrel||ChoiceSpecs|Competitive|Thunderbolt,Discharge,VoltSwitch,AirSlash|||F|||50|,,,,,Ghost]Excadrill||FocusSash|SandRush|IronHead,Earthquake,HighHorsepower,Protect|||F|||50|,,,,,Ground]Kommo-o||Leftovers|Overcoat|IronDefense,BodyPress,ThroatChop,Protect|||F|||50|,,,,,Steel]Incineroar||SafetyGoggles|Intimidate|FlareBlitz,KnockOff,PartingShot,FakeOut|||M|||50|,,,,,Ghost
|inactive|Battle timer is ON: inactive players will automatically lose when time's up. (requested by AnotherDreamer)
|
|t:|1756478568
|teamsize|p1|4
|teamsize|p2|4
|start
|switch|p1a: Whimsicott|Whimsicott, L50, F|100/100
|switch|p1b: Typhlosion|Typhlosion-Hisui, L50, M|100/100
|switch|p2a: Prim|Kilowattrel, L50, F|100/100
|switch|p2b: Lacey|Excadrill, L50, F, shiny|100/100
|-item|p2a: Prim|Choice Specs|[from] ability: Frisk|[of] p1b: Typhlosion
|-item|p2b: Lacey|Focus Sash|[from] ability: Frisk|[of] p1b: Typhlosion
|turn|1
|
|t:|1756478587
|switch|p2a: Ouroboros|Tyranitar, L50, M, shiny|100/100
|-weather|Sandstorm|[from] ability: Sand Stream|[of] p2a: Ouroboros
|-terastallize|p1b: Typhlosion|Fire
|move|p1a: Whimsicott|Sunny Day|p1a: Whimsicott
|-weather|SunnyDay
|move|p1b: Typhlosion|Eruption|p2b: Lacey|[spread] p2a,p2b
|-resisted|p2a: Ouroboros
|-supereffective|p2b: Lacey
|-damage|p2a: Ouroboros|53/100
|-enditem|p2b: Lacey|Focus Sash
|-damage|p2b: Lacey|1/100
|move|p2b: Lacey|High Horsepower|p1b: Typhlosion
|-supereffective|p1b: Typhlosion
|-damage|p1b: Typhlosion|0 fnt
|faint|p1b: Typhlosion
|
|-weather|SunnyDay|[upkeep]
|upkeep
|
|t:|1756478602
|switch|p1b: Lilligant|Lilligant-Hisui, L50, F|100/100
|turn|2
|
|t:|1756478610
|switch|p2a: Transassa|Amoonguss, L50, M, shiny|100/100
|move|p2b: Lacey|Protect|p2b: Lacey
|-singleturn|p2b: Lacey|Protect
|move|p1b: Lilligant|Sleep Powder|p2a: Transassa
|-immune|p2a: Transassa
|move|p1a: Whimsicott|Moonblast|p2b: Lacey
|-activate|p2b: Lacey|move: Protect
|
|-weather|SunnyDay|[upkeep]
|upkeep
|turn|3
|
|t:|1756478620
|switch|p1b: Torkoal|Torkoal, L50, F|100/100
|switch|p2b: Ouroboros|Tyranitar, L50, M, shiny|53/100
|-weather|Sandstorm|[from] ability: Sand Stream|[of] p2b: Ouroboros
|move|p1a: Whimsicott|Moonblast|p2b: Ouroboros
|-supereffective|p2b: Ouroboros
|-damage|p2b: Ouroboros|30/100
|move|p2a: Transassa|Sludge Bomb|p1a: Whimsicott
|-supereffective|p1a: Whimsicott
|-damage|p1a: Whimsicott|0 fnt
|faint|p1a: Whimsicott
|
|-weather|Sandstorm|[upkeep]
|-damage|p2a: Transassa|95/100|[from] Sandstorm
|-damage|p1b: Torkoal|94/100|[from] Sandstorm
|upkeep
|
|t:|1756478623
|switch|p1a: Lilligant|Lilligant-Hisui, L50, F|100/100
|turn|4
|
|t:|1756478638
|switch|p2b: Prim|Kilowattrel, L50, F|100/100
|move|p1a: Lilligant|After You|p1b: Torkoal
|-activate|p1b: Torkoal|move: After You
|move|p1b: Torkoal|Eruption|p2b: Prim|[spread] p2a,p2b
|-supereffective|p2a: Transassa
|-damage|p2a: Transassa|8/100
|-damage|p2b: Prim|21/100
|-enditem|p2a: Transassa|Sitrus Berry|[eat]
|-heal|p2a: Transassa|33/100|[from] item: Sitrus Berry
|-damage|p1b: Torkoal|85/100|[from] item: Life Orb
|move|p2a: Transassa|Spore|p1b: Torkoal
|-status|p1b: Torkoal|slp|[from] move: Spore
|
|-weather|Sandstorm|[upkeep]
|-damage|p2b: Prim|16/100|[from] Sandstorm
|-damage|p1a: Lilligant|94/100|[from] Sandstorm
|-damage|p2a: Transassa|27/100|[from] Sandstorm
|-damage|p1b: Torkoal|78/100 slp|[from] Sandstorm
|upkeep
|turn|5
|
|t:|1756478655
|move|p2b: Prim|Air Slash|p1a: Lilligant
|-supereffective|p1a: Lilligant
|-damage|p1a: Lilligant|0 fnt
|faint|p1a: Lilligant
|move|p2a: Transassa|Sludge Bomb|p1b: Torkoal
|-damage|p1b: Torkoal|50/100 slp
|cant|p1b: Torkoal|slp
|
|-weather|Sandstorm|[upkeep]
|-damage|p2b: Prim|10/100|[from] Sandstorm
|-damage|p2a: Transassa|21/100|[from] Sandstorm
|-damage|p1b: Torkoal|43/100 slp|[from] Sandstorm
|upkeep
|turn|6
|
|t:|1756478663
|cant|p1b: Torkoal|slp
|move|p2b: Prim|Air Slash|p1b: Torkoal
|-crit|p1b: Torkoal
|-damage|p1b: Torkoal|0 fnt
|faint|p1b: Torkoal
|
|win|BonnieSSR
|l|☆AnotherDreamer
|player|p1|
||AnotherDreamer is ready for game 2.
||BonnieSSR is ready for game 2.
|uhtml|next|Next: Game 2 of 3
