|j|☆prosta1
|j|☆bowserx19
|html|prosta1bowserx19    
|uhtml|bestof|Game 3 of a best-of-3
|t:|1784660237
|gametype|doubles
|player|p1|prosta1|266|1092
|player|p2|bowserx19|miku-ground|1169
|gen|9
|tier|[Gen 9 Champions] VGC 2026 Reg M-B (Bo3)
|rated|
|rule|Species Clause: Limit one of each Pokémon
|rule|Item Clause: Limit 1 of each item
|clearpoke
|poke|p1|Gengar, L50, F|
|poke|p1|Swampert, L50, M|
|poke|p1|Incineroar, L50, M|
|poke|p1|Politoed, L50, F|
|poke|p1|Archaludon, L50, F|
|poke|p1|Vivillon, L50, M|
|poke|p2|Meowstic, L50, M|
|poke|p2|Alakazam, L50, M|
|poke|p2|Lucario, L50, M|
|poke|p2|Annihilape, L50, F, shiny|
|poke|p2|Gholdengo, L50|
|poke|p2|Pelipper, L50, F|
|teampreview|4
|showteam|p1|Gengar||Gengarite|CursedBody|ShadowBall,SludgeBomb,PerishSong,Protect|Timid||F|||50|]Swampert||Swampertite|Damp|WaveCrash,Earthquake,IcePunch,Protect|Adamant||M|||50|]Incineroar||PasshoBerry|Intimidate|ThroatChop,PartingShot,FakeOut,Protect|Careful||M|||50|]Politoed||SitrusBerry|Drizzle|WeatherBall,PerishSong,Encore,Protect|Calm||F|||50|]Archaludon||Leftovers|Stamina|DragonPulse,FlashCannon,ElectroShot,Protect|Modest||F|||50|]Vivillon||FocusSash|CompoundEyes|Hurricane,SleepPowder,RagePowder,Protect|Timid||M|||50|
|showteam|p2|Meowstic||FocusSash|Prankster|ExpandingForce,PsychicTerrain,LightScreen,Protect|Timid||M|||50|]Alakazam||Alakazite|MagicGuard|ExpandingForce,ShadowBall,DazzlingGleam,Protect|Timid||M|||50|]Lucario||Lucarionite|InnerFocus|AuraSphere,FlashCannon,VacuumWave,Detect|Timid||M|||50|]Annihilape||Leftovers|Defiant|BulkUp,DrainPunch,RageFist,Protect|Adamant||F|||50|]Gholdengo||ChoiceScarf|GoodasGold|MakeItRain,ShadowBall,Thunderbolt,PowerGem|Timid|||||50|]Pelipper||LifeOrb|Drizzle|Tailwind,WeatherBall,Hurricane,WideGuard|Modest||F|||50|
|inactive|Battle timer is ON: inactive players will automatically lose when time's up. (requested by bowserx19)
|
|t:|1784660253
|teamsize|p1|4
|teamsize|p2|4
|start
|switch|p1a: Swampert|Swampert, L50, M|100/100
|switch|p1b: Politoed|Politoed, L50, F|100/100
|switch|p2a: Flapper|Pelipper, L50, F|100/100
|switch|p2b: Fury|Annihilape, L50, F, shiny|100/100
|-weather|RainDance|[from] ability: Drizzle|[of] p2a: Flapper
|turn|1
|inactive|prosta1 has 30 seconds left.
|
|t:|1784660281
|detailschange|p1a: Swampert|Swampert-Mega, L50, M
|-mega|p1a: Swampert|Swampert|Swampertite
|move|p1a: Swampert|Wave Crash|p2b: Fury
|-damage|p2b: Fury|0 fnt
|faint|p2b: Fury
|-damage|p1a: Swampert|66/100|[from] Recoil
|move|p2a: Flapper|Tailwind|p2a: Flapper
|-sidestart|p2: bowserx19|move: Tailwind
|move|p1b: Politoed|Weather Ball|p2a: Flapper
|-resisted|p2a: Flapper|1
|-damage|p2a: Flapper|61/100
|
|-weather|RainDance|[upkeep]
|upkeep
|
|t:|1784660286
|switch|p2b: Mewer|Meowstic, L50, M|100/100
|turn|2
|
|t:|1784660300
|move|p2b: Mewer|Psychic Terrain|p2b: Mewer
|-fieldstart|move: Psychic Terrain
|move|p1a: Swampert|Wave Crash|p2b: Mewer
|-enditem|p2b: Mewer|Focus Sash
|-damage|p2b: Mewer|1/100
|-damage|p1a: Swampert|42/100|[from] Recoil
|move|p2a: Flapper|Hurricane|p1a: Swampert
|-damage|p1a: Swampert|0 fnt
|faint|p1a: Swampert
|-damage|p2a: Flapper|51/100|[from] item: Life Orb
|move|p1b: Politoed|Weather Ball|p2b: Mewer
|-damage|p2b: Mewer|0 fnt
|faint|p2b: Mewer
|
|-weather|RainDance|[upkeep]
|upkeep
|
|t:|1784660321
|switch|p2b: Alakadabra|Alakazam, L50, M|100/100
|switch|p1a: Archaludon|Archaludon, L50, F|100/100
|turn|3
|
|t:|1784660330
|detailschange|p2b: Alakadabra|Alakazam-Mega, L50, M
|-mega|p2b: Alakadabra|Alakazam|Alakazite
|-ability|p2b: Alakadabra|Stamina|Trace|[from] ability: Trace|[of] p1a: Archaludon
|move|p2b: Alakadabra|Expanding Force|p1b: Politoed|[spread] p1a,p1b
|-resisted|p1a: Archaludon|1
|-damage|p1a: Archaludon|51/100
|-damage|p1b: Politoed|49/100
|-ability|p1a: Archaludon|Stamina|boost
|-boost|p1a: Archaludon|def|1
|-enditem|p1b: Politoed|Sitrus Berry|[eat]
|-heal|p1b: Politoed|74/100|[from] item: Sitrus Berry
|move|p2a: Flapper|Hurricane|p1b: Politoed
|-damage|p1b: Politoed|34/100
|-damage|p2a: Flapper|42/100|[from] item: Life Orb
|move|p1a: Archaludon|Electro Shot||[still]
|-prepare|p1a: Archaludon|Electro Shot
|-boost|p1a: Archaludon|spa|1
|-anim|p1a: Archaludon|Electro Shot|p2b: Alakadabra
|-damage|p2b: Alakadabra|1/100
|-ability|p2b: Alakadabra|Stamina|boost
|-boost|p2b: Alakadabra|def|1
|move|p1b: Politoed|Perish Song|p1b: Politoed
|-start|p1a: Archaludon|perish3|[silent]
|-start|p1b: Politoed|perish3|[silent]
|-start|p2a: Flapper|perish3|[silent]
|-start|p2b: Alakadabra|perish3|[silent]
|-fieldactivate|move: Perish Song
|
|-weather|RainDance|[upkeep]
|-heal|p1a: Archaludon|57/100|[from] item: Leftovers
|-start|p2b: Alakadabra|perish3
|-start|p2a: Flapper|perish3
|-start|p1a: Archaludon|perish3
|-start|p1b: Politoed|perish3
|upkeep
|turn|4
|inactive|prosta1 has 30 seconds left.
|
|t:|1784660356
|move|p1a: Archaludon|Protect|p1a: Archaludon
|-singleturn|p1a: Archaludon|Protect
|move|p1b: Politoed|Protect|p1b: Politoed
|-singleturn|p1b: Politoed|Protect
|move|p2b: Alakadabra|Expanding Force|p1b: Politoed|[spread] 
|-activate|p1a: Archaludon|move: Protect
|-activate|p1b: Politoed|move: Protect
|move|p2a: Flapper|Hurricane|p1a: Archaludon
|-activate|p1a: Archaludon|move: Protect
|
|-weather|RainDance|[upkeep]
|-heal|p1a: Archaludon|63/100|[from] item: Leftovers
|-start|p2b: Alakadabra|perish2
|-start|p2a: Flapper|perish2
|-start|p1a: Archaludon|perish2
|-start|p1b: Politoed|perish2
|-sideend|p2: bowserx19|move: Tailwind
|upkeep
|turn|5
|
|t:|1784660374
|move|p1a: Archaludon|Protect||[still]
|-fail|p1a: Archaludon
|move|p1b: Politoed|Protect||[still]
|-fail|p1b: Politoed
|move|p2b: Alakadabra|Expanding Force|p1b: Politoed|[spread] p1a,p1b
|-resisted|p1a: Archaludon|1
|-crit|p1a: Archaludon
|-damage|p1a: Archaludon|0 fnt
|-damage|p1b: Politoed|0 fnt
|faint|p1a: Archaludon
|faint|p1b: Politoed
|move|p2a: Flapper|Hurricane|p1: Archaludon|[notarget]
|-fail|p2a: Flapper
|
|-weather|none
|-start|p2b: Alakadabra|perish1
|-start|p2a: Flapper|perish1
|upkeep
|
|t:|1784660387
|switch|p1b: Vivillon|Vivillon, L50, M|100/100
|turn|6
|
|t:|1784660396
|move|p1b: Vivillon|Protect|p1b: Vivillon
|-singleturn|p1b: Vivillon|Protect
|move|p2b: Alakadabra|Expanding Force|p1b: Vivillon
|-activate|p1b: Vivillon|move: Protect
|move|p2a: Flapper|Weather Ball|p1b: Vivillon
|-activate|p1b: Vivillon|move: Protect
|
|-start|p2b: Alakadabra|perish0
|-start|p2a: Flapper|perish0
|-fieldend|move: Psychic Terrain
|faint|p2b: Alakadabra
|faint|p2a: Flapper
|
|win|prosta1
|raw|prosta1's rating: 1092 → 1124(+32 for winning)
|raw|bowserx19's rating: 1169 → 1139(-30 for losing)
|c|☆bowserx19|gg
|c|☆prosta1|gg
|l|☆bowserx19
|player|p2|
