|j|☆Mortipherus
|j|☆furnoz
|html|Mortipherusfurnoz    
|uhtml|bestof|Game 1 of a best-of-3
|t:|1756682706
|gametype|doubles
|player|p1|Mortipherus|biker-gen4|1212
|player|p2|furnoz|wallace|1212
|gen|9
|tier|[Gen 9] VGC 2025 Reg H (Bo3)
|rated|
|rule|Species Clause: Limit one of each Pokémon
|rule|Item Clause: Limit 1 of each item
|clearpoke
|poke|p1|Hydrapple, L50, F|
|poke|p1|Arcanine-Hisui, L50, M|
|poke|p1|Gholdengo, L50|
|poke|p1|Electabuzz, L50, F|
|poke|p1|Indeedee, L50, M|
|poke|p1|Sneasler, L50, F|
|poke|p2|Weezing-Galar, L50, M|
|poke|p2|Dragapult, L50, M|
|poke|p2|Indeedee-F, L50, F|
|poke|p2|Typhlosion-Hisui, L50, M|
|poke|p2|Whimsicott, L50, M|
|poke|p2|Espeon, L50, F|
|teampreview|4
|showteam|p1|Hydrapple||AssaultVest|Regenerator|FickleBeam,EnergyBall,EarthPower,BreakingSwipe|||F|||50|,,,,,Ground]Arcanine-Hisui||ClearAmulet|Intimidate|Protect,ExtremeSpeed,FlareBlitz,RockSlide|||M|||50|,,,,,Grass]Gholdengo||LifeOrb|GoodasGold|Protect,NastyPlot,MakeItRain,ShadowBall||||||50|,,,,,Flying]Electabuzz||Eviolite|VitalSpirit|Protect,FollowMe,Taunt,Electroweb|||F|||50|,,,,,Dragon]Indeedee||FocusSash|PsychicSurge|Protect,TrickRoom,ExpandingForce,TeraBlast|||M|||50|,,,,,Ground]Sneasler||PsychicSeed|Unburden|Protect,ThroatChop,DireClaw,CloseCombat|||F|||50|,,,,,Dark
|showteam|p2|Weezing-Galar||FocusSash|NeutralizingGas|Protect,Taunt,SludgeBomb,WillOWisp|||M|||50|,,,,,Poison]Dragapult||ChoiceBand|ClearBody|DragonDarts,Uturn,PhantomForce,Outrage|||M|||50|,,,,,Dragon]Indeedee-F||PsychicSeed|PsychicSurge|FollowMe,TrickRoom,HelpingHand,DazzlingGleam|||F|||50|,,,,,Psychic]Typhlosion-Hisui||ChoiceScarf|Blaze|Eruption,Flamethrower,ShadowBall,BurningJealousy|||M|||50|,,,,,Fire]Whimsicott||CovertCloak|Prankster|Tailwind,Moonblast,SunnyDay,Encore|||M|||50|,,,,,Steel]Espeon||TwistedSpoon|Synchronize|ExpandingForce,Psychic,Protect,DazzlingGleam|||F|||50|,,,,,Psychic
|
|t:|1756682723
|teamsize|p1|4
|teamsize|p2|4
|start
|switch|p1a: Electabuzz|Electabuzz, L50, F|100/100
|switch|p1b: Gholdengo|Gholdengo, L50|100/100
|switch|p2a: Whimsicott|Whimsicott, L50, M|100/100
|switch|p2b: Typhlosion|Typhlosion-Hisui, L50, M|100/100
|turn|1
|
|t:|1756682797
|-terastallize|p2b: Typhlosion|Fire
|-terastallize|p1a: Electabuzz|Dragon
|move|p1b: Gholdengo|Protect|p1b: Gholdengo
|-singleturn|p1b: Gholdengo|Protect
|move|p2a: Whimsicott|Sunny Day|p2a: Whimsicott
|-weather|SunnyDay
|move|p2b: Typhlosion|Eruption|p1a: Electabuzz|[spread] p1a
|-activate|p1b: Gholdengo|move: Protect
|-resisted|p1a: Electabuzz
|-damage|p1a: Electabuzz|58/100
|move|p1a: Electabuzz|Taunt|p2a: Whimsicott
|-start|p2a: Whimsicott|move: Taunt
|
|-weather|SunnyDay|[upkeep]
|upkeep
|turn|2
|
|t:|1756682841
|move|p1b: Gholdengo|Protect||[still]
|-fail|p1b: Gholdengo
|move|p2b: Typhlosion|Eruption|p1b: Gholdengo|[spread] p1a,p1b
|-resisted|p1a: Electabuzz
|-supereffective|p1b: Gholdengo
|-damage|p1a: Electabuzz|12/100
|-damage|p1b: Gholdengo|0 fnt
|faint|p1b: Gholdengo
|move|p2a: Whimsicott|Moonblast|p1a: Electabuzz
|-supereffective|p1a: Electabuzz
|-damage|p1a: Electabuzz|0 fnt
|faint|p1a: Electabuzz
|
|-weather|SunnyDay|[upkeep]
|upkeep
|
|t:|1756682844
|switch|p1a: Indeedee|Indeedee, L50, M|100/100
|switch|p1b: Sneasler|Sneasler, L50, F|100/100
|-fieldstart|move: Psychic Terrain|[from] ability: Psychic Surge|[of] p1a: Indeedee
|-enditem|p1b: Sneasler|Psychic Seed
|-boost|p1b: Sneasler|spd|1|[from] item: Psychic Seed
|turn|3
|
|t:|1756682857
|move|p1b: Sneasler|Dire Claw|p2b: Typhlosion
|-damage|p2b: Typhlosion|38/100
|-status|p2b: Typhlosion|slp
|cant|p2b: Typhlosion|slp
|move|p1a: Indeedee|Expanding Force|p2b: Typhlosion|[spread] p2a,p2b
|-damage|p2a: Whimsicott|30/100
|-damage|p2b: Typhlosion|0 fnt
|faint|p2b: Typhlosion
|move|p2a: Whimsicott|Moonblast|p1b: Sneasler
|-damage|p1b: Sneasler|77/100
|
|-weather|SunnyDay|[upkeep]
|upkeep
|
|t:|1756682870
|switch|p2b: Indeedee|Indeedee-F, L50, F|100/100
|-enditem|p2b: Indeedee|Psychic Seed
|-boost|p2b: Indeedee|spd|1|[from] item: Psychic Seed
|turn|4
|
|t:|1756682880
|move|p2b: Indeedee|Follow Me|p2b: Indeedee
|-singleturn|p2b: Indeedee|move: Follow Me
|move|p1b: Sneasler|Throat Chop|p2b: Indeedee
|-supereffective|p2b: Indeedee
|-damage|p2b: Indeedee|21/100
|-start|p2b: Indeedee|Throat Chop|[silent]
|move|p1a: Indeedee|Expanding Force|p2a: Whimsicott|[spread] p2a,p2b
|-resisted|p2b: Indeedee
|-damage|p2a: Whimsicott|0 fnt
|-damage|p2b: Indeedee|10/100
|faint|p2a: Whimsicott
|
|-weather|SunnyDay|[upkeep]
|upkeep
|
|t:|1756682882
|switch|p2a: Dragapult|Dragapult, L50, M|100/100
|turn|5
|
|t:|1756682912
|move|p2b: Indeedee|Helping Hand|p2a: Dragapult
|-singleturn|p2a: Dragapult|Helping Hand|[of] p2b: Indeedee
|move|p1b: Sneasler|Throat Chop|p2a: Dragapult
|-supereffective|p2a: Dragapult
|-damage|p2a: Dragapult|20/100
|-start|p2a: Dragapult|Throat Chop|[silent]
|move|p2a: Dragapult|Dragon Darts|p1a: Indeedee
|-enditem|p1a: Indeedee|Focus Sash
|-damage|p1a: Indeedee|1/100
|-anim|p2a: Dragapult|Dragon Darts|p1b: Sneasler
|-damage|p1b: Sneasler|0 fnt
|faint|p1b: Sneasler
|move|p1a: Indeedee|Expanding Force|p2b: Indeedee|[spread] p2a,p2b
|-resisted|p2b: Indeedee
|-damage|p2a: Dragapult|0 fnt
|-damage|p2b: Indeedee|0 fnt
|faint|p2a: Dragapult
|faint|p2b: Indeedee
|
|win|Mortipherus
||furnoz is ready for game 2.
|inactive|Mortipherus has 30 seconds to confirm battle start!
