|j|☆Danito0o
|j|☆Pokeventurer
|html|Danito0oPokeventurer    
|uhtml|bestof|Game 1 of a best-of-3
|t:|1756807051
|gametype|doubles
|player|p1|Danito0o|169|1000
|player|p2|Pokeventurer|1|1076
|gen|9
|tier|[Gen 9] VGC 2025 Reg H (Bo3)
|rated|
|rule|Species Clause: Limit one of each Pokémon
|rule|Item Clause: Limit 1 of each item
|clearpoke
|poke|p1|Dragonite, L50, M|
|poke|p1|Gholdengo, L50|
|poke|p1|Annihilape, L50, M|
|poke|p1|Maushold-Four, L50|
|poke|p1|Rillaboom, L50, M|
|poke|p1|Ursaluna-Bloodmoon, L50, M|
|poke|p2|Gholdengo, L50|
|poke|p2|Amoonguss, L50, M|
|poke|p2|Basculegion, L50, M|
|poke|p2|Pelipper, L50, M|
|poke|p2|Incineroar, L50, F|
|poke|p2|Archaludon, L50, M|
|teampreview|4
|showteam|p1|Dragonite||LoadedDice|Multiscale|ScaleShot,Tailwind,Protect,Haze|||M|||50|,,,,,Fairy]Gholdengo||LifeOrb|GoodasGold|MakeItRain,ShadowBall,Protect,NastyPlot||||||50|,,,,,Water]Annihilape||Leftovers|Defiant|RageFist,DrainPunch,Protect,BulkUp|||M|||50|,,,,,Fire]Maushold-Four||CovertCloak|FriendGuard|SuperFang,BeatUp,FollowMe,Protect||||||50|,,,,,Ghost]Rillaboom||MiracleSeed|GrassySurge|GrassyGlide,WoodHammer,FakeOut,HighHorsepower|||M|||50|,,,,,Fire]Ursaluna-Bloodmoon||AssaultVest|MindsEye|HyperVoice,BloodMoon,EarthPower,VacuumWave|||M|||50|,,,,,Water
|showteam|p2|Gholdengo||LifeOrb|GoodasGold|MakeItRain,ShadowBall,NastyPlot,Protect||||||50|,,,,,Water]Amoonguss||SitrusBerry|Regenerator|Spore,RagePowder,PollenPuff,Protect|||M|||50|,,,,,Psychic]Basculegion||ChoiceBand|SwiftSwim|WaveCrash,FlipTurn,LastRespects,AquaJet|||M|||50|,,,,,Water]Pelipper||FocusSash|Drizzle|WeatherBall,Hurricane,Tailwind,Protect|||M|||50|,,,,,Ground]Incineroar||SafetyGoggles|Intimidate|FlareBlitz,KnockOff,PartingShot,FakeOut|||F|||50|,,,,,Ghost]Archaludon||AssaultVest|Stamina|ElectroShot,FlashCannon,DracoMeteor,BodyPress|||M|||50|,,,,,Bug
|inactive|Battle timer is ON: inactive players will automatically lose when time's up. (requested by Pokeventurer)
|inactive|Danito0o has 60 seconds left.
|inactive|Pokeventurer has 60 seconds left.
|
|t:|1756807113
|teamsize|p1|4
|teamsize|p2|4
|start
|switch|p1a: Maushold|Maushold-Four, L50|100/100
|switch|p1b: Annihilape|Annihilape, L50, M|100/100
|switch|p2a: Basculegion|Basculegion, L50, M|100/100
|switch|p2b: Pelipper|Pelipper, L50, M|100/100
|-weather|RainDance|[from] ability: Drizzle|[of] p2b: Pelipper
|turn|1
|inactive|Danito0o has 30 seconds left.
|inactive|Danito0o has 20 seconds left.
|
|t:|1756807150
|move|p2a: Basculegion|Wave Crash|p1a: Maushold
|-damage|p1a: Maushold|0 fnt
|faint|p1a: Maushold
|-damage|p2a: Basculegion|70/100|[from] Recoil
|move|p1b: Annihilape|Rage Fist|p2a: Basculegion
|-supereffective|p2a: Basculegion
|-damage|p2a: Basculegion|20/100
|move|p2b: Pelipper|Tailwind|p2b: Pelipper
|-sidestart|p2: Pokeventurer|move: Tailwind
|
|-weather|RainDance|[upkeep]
|upkeep
|
|t:|1756807155
|switch|p1a: Dragonite|Dragonite, L50, M|100/100
|turn|2
|
|t:|1756807181
|move|p2a: Basculegion|Wave Crash|p1a: Dragonite
|-resisted|p1a: Dragonite
|-damage|p1a: Dragonite|59/100
|-damage|p2a: Basculegion|8/100|[from] Recoil
|move|p2b: Pelipper|Hurricane|p1a: Dragonite
|-damage|p1a: Dragonite|2/100
|move|p1b: Annihilape|Rage Fist|p2b: Pelipper
|-damage|p2b: Pelipper|69/100
|move|p1a: Dragonite|Tailwind|p1a: Dragonite
|-sidestart|p1: Danito0o|move: Tailwind
|
|-weather|RainDance|[upkeep]
|upkeep
|turn|3
|
|t:|1756807198
|move|p1a: Dragonite|Protect|p1a: Dragonite
|-singleturn|p1a: Dragonite|Protect
|move|p2a: Basculegion|Wave Crash|p1a: Dragonite
|-activate|p1a: Dragonite|move: Protect
|move|p1b: Annihilape|Rage Fist|p2a: Basculegion
|-supereffective|p2a: Basculegion
|-damage|p2a: Basculegion|0 fnt
|faint|p2a: Basculegion
|move|p2b: Pelipper|Hurricane|p1b: Annihilape
|-supereffective|p1b: Annihilape
|-damage|p1b: Annihilape|0 fnt
|faint|p1b: Annihilape
|
|-weather|RainDance|[upkeep]
|upkeep
|
|t:|1756807212
|switch|p1b: Ursaluna|Ursaluna-Bloodmoon, L50, M|100/100
|switch|p2a: Incineroar|Incineroar, L50, F|100/100
|-ability|p2a: Incineroar|Intimidate|boost
|-unboost|p1a: Dragonite|atk|1
|-unboost|p1b: Ursaluna|atk|1
|turn|4
|inactive|Danito0o has 30 seconds left.
|
|t:|1756807243
|move|p1a: Dragonite|Protect||[still]
|-fail|p1a: Dragonite
|move|p2a: Incineroar|Fake Out|p1a: Dragonite
|-damage|p1a: Dragonite|0 fnt
|faint|p1a: Dragonite
|move|p2b: Pelipper|Hurricane|p1b: Ursaluna
|-damage|p1b: Ursaluna|65/100
|-start|p1b: Ursaluna|confusion
|-activate|p1b: Ursaluna|confusion
|move|p1b: Ursaluna|Hyper Voice|p2b: Pelipper|[spread] p2a,p2b
|-damage|p2a: Incineroar|64/100
|-damage|p2b: Pelipper|6/100
|
|-weather|RainDance|[upkeep]
|-sideend|p2: Pokeventurer|move: Tailwind
|upkeep
|turn|5
|
|t:|1756807260
|switch|p2b: Archaludon|Archaludon, L50, M|100/100
|-terastallize|p1b: Ursaluna|Water
|-terastallize|p2a: Incineroar|Ghost
|-activate|p1b: Ursaluna|confusion
|move|p1b: Ursaluna|Hyper Voice|p2b: Archaludon|[spread] p2a,p2b
|-resisted|p2b: Archaludon
|-damage|p2a: Incineroar|31/100
|-damage|p2b: Archaludon|87/100
|-ability|p2b: Archaludon|Stamina|boost
|-boost|p2b: Archaludon|def|1
|move|p2a: Incineroar|Parting Shot|p1b: Ursaluna
|-unboost|p1b: Ursaluna|atk|1
|-unboost|p1b: Ursaluna|spa|1
|
|t:|1756807270
|switch|p2a: Pelipper|Pelipper, L50, M|6/100|[from] Parting Shot
|
|-weather|none
|-sideend|p1: Danito0o|move: Tailwind
|upkeep
|turn|6
|
|t:|1756807279
|switch|p2a: Incineroar|Incineroar, L50, F, tera:Ghost|31/100
|-ability|p2a: Incineroar|Intimidate|boost
|-unboost|p1b: Ursaluna|atk|1
|move|p2b: Archaludon|Draco Meteor|p1b: Ursaluna
|-damage|p1b: Ursaluna|24/100
|-unboost|p2b: Archaludon|spa|2
|-end|p1b: Ursaluna|confusion
|move|p1b: Ursaluna|Earth Power|p2b: Archaludon
|-supereffective|p2b: Archaludon
|-damage|p2b: Archaludon|38/100
|-ability|p2b: Archaludon|Stamina|boost
|-boost|p2b: Archaludon|def|1
|
|upkeep
|turn|7
|
|t:|1756807295
|move|p2a: Incineroar|Fake Out|p1b: Ursaluna
|-damage|p1b: Ursaluna|15/100
|move|p2b: Archaludon|Flash Cannon|p1b: Ursaluna
|-resisted|p1b: Ursaluna
|-damage|p1b: Ursaluna|8/100
|cant|p1b: Ursaluna|flinch
|
|upkeep
|turn|8
|
|t:|1756807305
|move|p2b: Archaludon|Flash Cannon|p1b: Ursaluna
|-resisted|p1b: Ursaluna
|-damage|p1b: Ursaluna|0 fnt
|faint|p1b: Ursaluna
|
|win|Pokeventurer
||Pokeventurer is ready for game 2.
||Danito0o is ready for game 2.
|uhtml|next|Next: Game 2 of 3
