|j|☆PlzNoHurt
|j|☆hugoggg
|html|PlzNoHurthugoggg    
|uhtml|bestof|Game 2 of a best-of-3
|t:|1783647696
|gametype|doubles
|player|p1|PlzNoHurt|169|1118
|player|p2|hugoggg|169|1127
|gen|9
|tier|[Gen 9 Champions] VGC 2026 Reg M-B (Bo3)
|rated|
|rule|Species Clause: Limit one of each Pokémon
|rule|Item Clause: Limit 1 of each item
|clearpoke
|poke|p1|Staraptor, L50, M|
|poke|p1|Whimsicott, L50, F|
|poke|p1|Garchomp, L50, M|
|poke|p1|Rotom-Wash, L50|
|poke|p1|Incineroar, L50, F|
|poke|p1|Aerodactyl, L50, M|
|poke|p2|Delphox, L50, M|
|poke|p2|Garchomp, L50, M|
|poke|p2|Ninetales-Alola, L50, M|
|poke|p2|Sinistcha, L50|
|poke|p2|Sneasler, L50, F|
|poke|p2|Kingambit, L50, M|
|teampreview|4
|showteam|p1|Staraptor||Staraptite|Intimidate|CloseCombat,BraveBird,Roost,Protect|Adamant||M|||50|]Whimsicott||FocusSash|Prankster|Tailwind,Charm,Moonblast,Encore|Timid||F|||50|]Garchomp||LifeOrb|RoughSkin|Earthquake,Protect,DragonClaw,RockSlide|Jolly||M|||50|]Rotom-Wash||ChoiceScarf|Levitate|Discharge,Thunderbolt,VoltSwitch,HydroPump|Timid|||||50|]Incineroar||SitrusBerry|Intimidate|PartingShot,FakeOut,WillOWisp,DarkestLariat|Careful||F|||50|]Aerodactyl||Aerodactylite|RockHead|RockSlide,DragonDance,Protect,DualWingbeat|Adamant||M|||50|
|showteam|p2|Delphox||Delphoxite|Blaze|HeatWave,Psychic,NastyPlot,Protect|Timid||M|||50|]Garchomp||ChoiceScarf|RoughSkin|Earthquake,StoneEdge,DragonClaw,StompingTantrum|Adamant||M|||50|]Ninetales-Alola||LightClay|SnowWarning|Blizzard,AuroraVeil,IcyWind,Protect|Timid||M|||50|]Sinistcha||OccaBerry|Hospitality|MatchaGotcha,LifeDew,RagePowder,Protect|Bold|||||50|]Sneasler||LifeOrb|PoisonTouch|FakeOut,CloseCombat,GunkShot,ThroatChop|Adamant||F|||50|]Kingambit||BlackGlasses|Defiant|KowtowCleave,SuckerPunch,SwordsDance,Protect|Adamant||M|||50|
|inactive|Battle timer is ON: inactive players will automatically lose when time's up. (requested by PlzNoHurt)
|inactive|hugoggg has 60 seconds left.
|
|t:|1783647755
|teamsize|p1|4
|teamsize|p2|4
|start
|switch|p1a: Garchomp|Garchomp, L50, M|100/100
|switch|p1b: Whimsicott|Whimsicott, L50, F|100/100
|switch|p2a: Ninetales|Ninetales-Alola, L50, M|100/100
|switch|p2b: Sneasler|Sneasler, L50, F|100/100
|-weather|Snowscape|[from] ability: Snow Warning|[of] p2a: Ninetales
|turn|1
|
|t:|1783647763
|move|p2b: Sneasler|Fake Out|p1a: Garchomp
|-damage|p1a: Garchomp|78/100
|-damage|p2b: Sneasler|87/100|[from] ability: Rough Skin|[of] p1a: Garchomp
|-damage|p2b: Sneasler|78/100|[from] item: Life Orb
|move|p1b: Whimsicott|Tailwind|p1b: Whimsicott
|-sidestart|p1: PlzNoHurt|move: Tailwind
|cant|p1a: Garchomp|flinch
|move|p2a: Ninetales|Blizzard|p1a: Garchomp|[spread] p1a,p1b
|-supereffective|p1a: Garchomp|2
|-supereffective|p1b: Whimsicott|1
|-damage|p1a: Garchomp|0 fnt
|-enditem|p1b: Whimsicott|Focus Sash
|-damage|p1b: Whimsicott|1/100
|faint|p1a: Garchomp
|
|-weather|Snowscape|[upkeep]
|upkeep
|
|t:|1783647771
|switch|p1a: Staraptor|Staraptor, L50, M|100/100
|-ability|p1a: Staraptor|Intimidate|boost
|-unboost|p2a: Ninetales|atk|1
|-unboost|p2b: Sneasler|atk|1
|turn|2
|
|t:|1783647795
|detailschange|p1a: Staraptor|Staraptor-Mega, L50, M
|-mega|p1a: Staraptor|Staraptor|Staraptite
|move|p1b: Whimsicott|Charm|p1a: Staraptor
|-boost|p1a: Staraptor|atk|2
|move|p1a: Staraptor|Brave Bird|p2a: Ninetales
|-damage|p2a: Ninetales|0 fnt
|faint|p2a: Ninetales
|-damage|p1a: Staraptor|71/100|[from] Recoil
|move|p2b: Sneasler|Gunk Shot|p1a: Staraptor
|-damage|p1a: Staraptor|15/100
|-damage|p2b: Sneasler|68/100|[from] item: Life Orb
|
|-weather|Snowscape|[upkeep]
|upkeep
|
|t:|1783647805
|switch|p2a: Sinistcha|Sinistcha, L50|100/100
|-heal|p2b: Sneasler|93/100|[from] ability: Hospitality|[of] p2a: Sinistcha
|turn|3
|
|t:|1783647812
|move|p2a: Sinistcha|Rage Powder|p2a: Sinistcha
|-singleturn|p2a: Sinistcha|move: Rage Powder
|move|p1b: Whimsicott|Charm|p2b: Sneasler
|-unboost|p2b: Sneasler|atk|2
|move|p1a: Staraptor|Roost|p1a: Staraptor
|-heal|p1a: Staraptor|65/100
|-singleturn|p1a: Staraptor|move: Roost
|move|p2b: Sneasler|Gunk Shot|p1a: Staraptor|[miss]
|-miss|p2b: Sneasler|p1a: Staraptor
|
|-weather|Snowscape|[upkeep]
|upkeep
|turn|4
|inactive|PlzNoHurt has 30 seconds left.
|
|t:|1783647839
|switch|p1b: Incineroar|Incineroar, L50, F|100/100
|-ability|p1b: Incineroar|Intimidate|boost
|-unboost|p2a: Sinistcha|atk|1
|-unboost|p2b: Sneasler|atk|1
|move|p2a: Sinistcha|Rage Powder|p2a: Sinistcha
|-singleturn|p2a: Sinistcha|move: Rage Powder
|move|p1a: Staraptor|Brave Bird|p2a: Sinistcha
|-supereffective|p2a: Sinistcha|1
|-damage|p2a: Sinistcha|0 fnt
|faint|p2a: Sinistcha
|-damage|p1a: Staraptor|34/100|[from] Recoil
|move|p2b: Sneasler|Throat Chop|p1b: Incineroar
|-resisted|p1b: Incineroar|1
|-damage|p1b: Incineroar|93/100
|-start|p1b: Incineroar|Throat Chop|[silent]
|-damage|p2b: Sneasler|84/100|[from] item: Life Orb
|
|-weather|Snowscape|[upkeep]
|-sideend|p1: PlzNoHurt|move: Tailwind
|upkeep
|
|t:|1783647843
|switch|p2a: Delphox|Delphox, L50, M|100/100
|turn|5
|inactive|PlzNoHurt has 30 seconds left.
|inactive|PlzNoHurt has 20 seconds left.
|inactive|PlzNoHurt has 15 seconds left.
|inactive|hugoggg has 30 seconds left.
|
|t:|1783647890
|detailschange|p2a: Delphox|Delphox-Mega, L50, M
|-mega|p2a: Delphox|Delphox|Delphoxite
|move|p1b: Incineroar|Fake Out|p2a: Delphox
|-damage|p2a: Delphox|85/100
|cant|p2a: Delphox|flinch
|move|p2b: Sneasler|Close Combat|p1b: Incineroar
|-supereffective|p1b: Incineroar|1
|-damage|p1b: Incineroar|38/100
|-unboost|p2b: Sneasler|def|1
|-unboost|p2b: Sneasler|spd|1
|-status|p1b: Incineroar|psn|[from] ability: Poison Touch|[of] p2b: Sneasler
|-enditem|p1b: Incineroar|Sitrus Berry|[eat]
|-heal|p1b: Incineroar|62/100 psn|[from] item: Sitrus Berry
|-damage|p2b: Sneasler|74/100|[from] item: Life Orb
|move|p1a: Staraptor|Brave Bird|p2a: Delphox
|-damage|p2a: Delphox|0 fnt
|faint|p2a: Delphox
|-damage|p1a: Staraptor|8/100|[from] Recoil
|
|-weather|none
|-damage|p1b: Incineroar|50/100g psn|[from] psn
|-end|p1b: Incineroar|Throat Chop|[silent]
|upkeep
|turn|6
|inactive|PlzNoHurt has 30 seconds left.
|
|t:|1783647918
|move|p1a: Staraptor|Protect|p1a: Staraptor
|-singleturn|p1a: Staraptor|Protect
|move|p2b: Sneasler|Gunk Shot|p1a: Staraptor
|-activate|p1a: Staraptor|move: Protect
|move|p1b: Incineroar|Will-O-Wisp|p2b: Sneasler|[miss]
|-miss|p1b: Incineroar|p2b: Sneasler
|
|-damage|p1b: Incineroar|38/100 psn|[from] psn
|upkeep
|turn|7
|
|t:|1783647933
|switch|p1a: Whimsicott|Whimsicott, L50, F|1/100
|move|p2b: Sneasler|Gunk Shot|p1a: Whimsicott
|-supereffective|p1a: Whimsicott|2
|-damage|p1a: Whimsicott|0 fnt
|faint|p1a: Whimsicott
|-damage|p2b: Sneasler|64/100|[from] item: Life Orb
|move|p1b: Incineroar|Will-O-Wisp|p2b: Sneasler
|-status|p2b: Sneasler|brn
|
|-damage|p1b: Incineroar|25/100 psn|[from] psn
|-damage|p2b: Sneasler|59/100 brn|[from] brn
|upkeep
|
|t:|1783647944
|switch|p1a: Staraptor|Staraptor-Mega, L50, M|8/100
|turn|8
|
|t:|1783647955
|move|p1a: Staraptor|Protect|p1a: Staraptor
|-singleturn|p1a: Staraptor|Protect
|move|p2b: Sneasler|Gunk Shot|p1b: Incineroar
|-damage|p1b: Incineroar|11/100 psn
|-damage|p2b: Sneasler|49/100 brn|[from] item: Life Orb
|move|p1b: Incineroar|Darkest Lariat|p2b: Sneasler
|-resisted|p2b: Sneasler|1
|-damage|p2b: Sneasler|19/100 brn
|
|-damage|p1b: Incineroar|0 fnt|[from] psn
|faint|p1b: Incineroar
|-damage|p2b: Sneasler|13/100 brn|[from] brn
|upkeep
|turn|9
|
|t:|1783647975
|move|p2b: Sneasler|Gunk Shot|p1a: Staraptor
|-damage|p1a: Staraptor|0 fnt
|faint|p1a: Staraptor
|-damage|p2b: Sneasler|3/100 brn|[from] item: Life Orb
|
|win|hugoggg
||PlzNoHurt is ready for game 3.
|inactive|hugoggg has 30 seconds to confirm battle start!
||hugoggg is ready for game 3.
|uhtml|next|Next: Game 3 of 3
|l|☆PlzNoHurt
|player|p1|
|l|☆hugoggg
|player|p2|
|j|☆hugoggg
|player|p2|hugoggg|169|
