|j|☆CaratroncoSun
|j|☆NotAfrog123
|html|CaratroncoSunNotAfrog123    
|uhtml|bestof|Game 3 of a best-of-3
|t:|1784130678
|gametype|doubles
|player|p1|CaratroncoSun|juan|1255
|player|p2|NotAfrog123|2|1283
|gen|9
|tier|[Gen 9 Champions] VGC 2026 Reg M-B (Bo3)
|rated|
|rule|Species Clause: Limit one of each Pokémon
|rule|Item Clause: Limit 1 of each item
|clearpoke
|poke|p1|Charizard, L50, M, shiny|
|poke|p1|Venusaur, L50, F, shiny|
|poke|p1|Whimsicott, L50, M, shiny|
|poke|p1|Basculegion, L50, M|
|poke|p1|Tyranitar, L50, M|
|poke|p1|Mamoswine, L50, M|
|poke|p2|Raichu, L50, F|
|poke|p2|Kingambit, L50, M, shiny|
|poke|p2|Ceruledge, L50, M|
|poke|p2|Whimsicott, L50, M, shiny|
|poke|p2|Staraptor, L50, F, shiny|
|poke|p2|Venusaur, L50, M, shiny|
|teampreview|4
|showteam|p1|Charizard||CharizarditeY|Blaze|Protect,SolarBeam,HeatWave,AirSlash|Modest||M|||50|]Venusaur||WideLens|Chlorophyll|Protect,GigaDrain,EarthPower,SleepPowder|Modest||F|||50|]Whimsicott||FocusSash|Prankster|Protect,Moonblast,Tailwind,Encore|Timid||M|||50|]Basculegion||MysticWater|Adaptability|Protect,AquaJet,WaveCrash,LastRespects|Adamant||M|||50|]Tyranitar||Tyranitarite|SandStream|Protect,RockSlide,KnockOff,LowKick|Adamant||M|||50|]Mamoswine||LifeOrb|Oblivious|Protect,HighHorsepower,RockSlide,IceShard|Adamant||M|||50|
|showteam|p2|Raichu||RaichuniteY|LightningRod|Protect,ZapCannon,FocusBlast,FakeOut|Timid||F|||50|]Kingambit||BlackGlasses|Defiant|KowtowCleave,SuckerPunch,IronHead,Protect|Adamant||M|||50|]Ceruledge||ColburBerry|FlashFire|Protect,BitterBlade,ShadowSneak,BulkUp|Adamant||M|||50|]Whimsicott||FocusSash|Prankster|Moonblast,Tailwind,Encore,Charm|Timid||M|||50|]Staraptor||Staraptite|Intimidate|Protect,CloseCombat,BraveBird,Roost|Jolly||F|||50|]Venusaur||LifeOrb|Chlorophyll|EnergyBall,SludgeBomb,EarthPower,Protect|Modest||M|||50|
|
|t:|1784130720
|teamsize|p1|4
|teamsize|p2|4
|start
|switch|p1a: Charizard|Charizard, L50, M, shiny|100/100
|switch|p1b: Whimsicott|Whimsicott, L50, M, shiny|100/100
|switch|p2a: Whimsicott|Whimsicott, L50, M, shiny|100/100
|switch|p2b: Clova|Staraptor, L50, F, shiny|100/100
|-ability|p2b: Clova|Intimidate|boost
|-unboost|p1a: Charizard|atk|1
|-unboost|p1b: Whimsicott|atk|1
|turn|1
|
|t:|1784130750
|detailschange|p2b: Clova|Staraptor-Mega, L50, F, shiny
|-mega|p2b: Clova|Staraptor|Staraptite
|detailschange|p1a: Charizard|Charizard-Mega-Y, L50, M, shiny
|-mega|p1a: Charizard|Charizard|Charizardite Y
|-weather|SunnyDay|[from] ability: Drought|[of] p1a: Charizard
|move|p2a: Whimsicott|Tailwind|p2a: Whimsicott
|-sidestart|p2: NotAfrog123|move: Tailwind
|move|p2b: Clova|Close Combat|p1a: Charizard
|-resisted|p1a: Charizard|1
|-damage|p1a: Charizard|67/100
|-boost|p2b: Clova|def|1
|-boost|p2b: Clova|spd|1
|move|p1b: Whimsicott|Moonblast|p2b: Clova
|-supereffective|p2b: Clova|1
|-damage|p2b: Clova|44/100
|-boost|p2b: Clova|spa|1
|move|p1a: Charizard|Heat Wave|p2a: Whimsicott|[spread] p2a,p2b
|-supereffective|p2a: Whimsicott|1
|-enditem|p2a: Whimsicott|Focus Sash
|-damage|p2a: Whimsicott|1/100
|-damage|p2b: Clova|0 fnt
|faint|p2b: Clova
|
|-weather|SunnyDay|[upkeep]
|upkeep
|
|t:|1784130770
|switch|p2b: Ceruledge|Ceruledge, L50, M|100/100
|turn|2
|
|t:|1784130779
|move|p1b: Whimsicott|Tailwind|p1b: Whimsicott
|-sidestart|p1: CaratroncoSun|move: Tailwind
|move|p2a: Whimsicott|Moonblast|p1b: Whimsicott
|-damage|p1b: Whimsicott|45/100
|move|p1a: Charizard|Air Slash|p2b: Ceruledge
|-damage|p2b: Ceruledge|53/100
|move|p2b: Ceruledge|Bitter Blade|p1a: Charizard
|-resisted|p1a: Charizard|1
|-damage|p1a: Charizard|29/100
|-heal|p2b: Ceruledge|70/100|[from] drain|[of] p1a: Charizard
|
|-weather|SunnyDay|[upkeep]
|upkeep
|turn|3
|
|t:|1784130820
|move|p2a: Whimsicott|Moonblast|p1b: Whimsicott
|-damage|p1b: Whimsicott|0 fnt
|faint|p1b: Whimsicott
|move|p1a: Charizard|Air Slash|p2b: Ceruledge
|-damage|p2b: Ceruledge|24/100
|move|p2b: Ceruledge|Bitter Blade|p1a: Charizard
|-resisted|p1a: Charizard|1
|-damage|p1a: Charizard|0 fnt
|-heal|p2b: Ceruledge|38/100|[from] drain|[of] p1a: Charizard
|faint|p1a: Charizard
|
|-weather|SunnyDay|[upkeep]
|upkeep
|
|t:|1784130834
|switch|p1b: Mamoswine|Mamoswine, L50, M|100/100
|switch|p1a: Venusaur|Venusaur, L50, F, shiny|100/100
|turn|4
|
|t:|1784130852
|switch|p2b: Punkture II|Kingambit, L50, M, shiny|100/100
|move|p2a: Whimsicott|Charm|p1b: Mamoswine
|-unboost|p1b: Mamoswine|atk|2
|move|p1a: Venusaur|Giga Drain|p2a: Whimsicott
|-resisted|p2a: Whimsicott|1
|-damage|p2a: Whimsicott|0 fnt
|faint|p2a: Whimsicott
|move|p1b: Mamoswine|High Horsepower|p2b: Punkture II
|-supereffective|p2b: Punkture II|1
|-damage|p2b: Punkture II|49/100
|-damage|p1b: Mamoswine|90/100|[from] item: Life Orb
|
|-weather|SunnyDay|[upkeep]
|-sideend|p2: NotAfrog123|move: Tailwind
|upkeep
|
|t:|1784130865
|switch|p2a: Ceruledge|Ceruledge, L50, M|38/100
|turn|5
|
|t:|1784130889
|move|p2a: Ceruledge|Protect|p2a: Ceruledge
|-singleturn|p2a: Ceruledge|Protect
|move|p2b: Punkture II|Protect|p2b: Punkture II
|-singleturn|p2b: Punkture II|Protect
|move|p1a: Venusaur|Earth Power|p2a: Ceruledge
|-activate|p2a: Ceruledge|move: Protect
|move|p1b: Mamoswine|High Horsepower|p2b: Punkture II
|-activate|p2b: Punkture II|move: Protect
|
|-weather|none
|-sideend|p1: CaratroncoSun|move: Tailwind
|upkeep
|turn|6
|
|t:|1784130924
|move|p1b: Mamoswine|High Horsepower|p2b: Punkture II
|-supereffective|p2b: Punkture II|1
|-damage|p2b: Punkture II|0 fnt
|faint|p2b: Punkture II
|-damage|p1b: Mamoswine|80/100|[from] item: Life Orb
|move|p1a: Venusaur|Earth Power|p2a: Ceruledge
|-supereffective|p2a: Ceruledge|1
|-damage|p2a: Ceruledge|0 fnt
|faint|p2a: Ceruledge
|
|win|CaratroncoSun
|raw|CaratroncoSun's rating: 1255 → 1282(+27 for winning)
|raw|NotAfrog123's rating: 1283 → 1256(-27 for losing)
