|j|â˜†natcentre
|j|â˜†SeanClubcardcoach
|html|natcentreSeanClubcardcoach    
|uhtml|bestof|Game 3 of a best-of-3
|t:|1754680207
|gametype|doubles
|player|p1|natcentre|265|1175
|player|p2|SeanClubcardcoach|alder|1235
|gen|9
|tier|[Gen 9] VGC 2025 Reg H (Bo3)
|rated|
|rule|Species Clause: Limit one of each PokÃ©mon
|rule|Item Clause: Limit 1 of each item
|clearpoke
|poke|p1|Palafin, L50, M|
|poke|p1|Rillaboom, L50, M|
|poke|p1|Volcarona, L50, M|
|poke|p1|Sneasler, L50, F|
|poke|p1|Kingambit, L50, F|
|poke|p1|Dragapult, L50, F|
|poke|p2|Tyranitar, L50, F|
|poke|p2|Kommo-o, L50, M|
|poke|p2|Rillaboom, L50, M|
|poke|p2|Volcarona, L50, F|
|poke|p2|Whimsicott, L50, M|
|poke|p2|Palafin, L50, F|
|teampreview|4
|showteam|p1|Palafin||MysticWater|ZerotoHero|Protect,WaveCrash,JetPunch,Haze|||M|||50|,,,,,Grass]Rillaboom||AssaultVest|GrassySurge|WoodHammer,Uturn,GrassyGlide,FakeOut|||M|||50|,,,,,Fire]Volcarona||CovertCloak|FlameBody|Flamethrower,StruggleBug,RagePowder,Tailwind|||M|||50|,,,,,Fairy]Sneasler||FocusSash|Unburden|Protect,FakeOut,DireClaw,CloseCombat|||F|||50|,,,,,Ghost]Kingambit||SafetyGoggles|Defiant|Protect,KowtowCleave,SuckerPunch,SwordsDance|||F|||50|,,,,,Water]Dragapult||ChoiceSpecs|ClearBody|DracoMeteor,ShadowBall,DragonPulse,Uturn|||F|||50|,,,,,Dragon
|showteam|p2|Tyranitar||AssaultVest|SandStream|KnockOff,RockSlide,LowKick,TeraBlast|||F|||50|,,,,,Flying]Kommo-o||ChoiceSpecs|Overcoat|ClangingScales,AuraSphere,Flamethrower,DracoMeteor|||M|||50|,,,,,Fire]Rillaboom||MiracleSeed|GrassySurge|Protect,WoodHammer,GrassyGlide,FakeOut|||M|||50|,,,,,Grass]Volcarona||GrassySeed|FlameBody|Protect,RagePowder,WillOWisp,HeatWave|||F|||50|,,,,,Dragon]Whimsicott||CovertCloak|Prankster|Tailwind,Moonblast,Encore,FakeTears|||M|||50|,,,,,Fire]Palafin||MysticWater|ZerotoHero|WaveCrash,JetPunch,Haze,Protect|||F|||50|,,,,,Water
|inactive|Battle timer is ON: inactive players will automatically lose when time's up. (requested by SeanClubcardcoach)
|inactive|SeanClubcardcoach has 60 seconds left.
|
|t:|1754680258
|teamsize|p1|4
|teamsize|p2|4
|start
|switch|p1a: Palafin|Palafin, L50, M|100/100
|switch|p1b: Volcarona|Volcarona, L50, M|100/100
|switch|p2a: Palafin|Palafin, L50, F|100/100
|switch|p2b: Tyranitar|Tyranitar, L50, F|100/100
|-weather|Sandstorm|[from] ability: Sand Stream|[of] p2b: Tyranitar
|turn|1
|inactive|natcentre has 30 seconds left.
|
|t:|1754680293
|detailschange|p2a: Palafin|Palafin-Hero, L50, F
|switch|p2a: Whimsicott|Whimsicott, L50, M|100/100
|switch|p1b: Dragapult|Dragapult, L50, F|100/100
|-terastallize|p2b: Tyranitar|Flying
|move|p1a: Palafin|Wave Crash|p2b: Tyranitar
|-damage|p2b: Tyranitar|57/100
|-damage|p1a: Palafin|85/100|[from] Recoil
|move|p2b: Tyranitar|Rock Slide|p1b: Dragapult|[spread] p1a,p1b
|-damage|p1a: Palafin|47/100
|-damage|p1b: Dragapult|62/100
|
|-weather|Sandstorm|[upkeep]
|-damage|p1b: Dragapult|56/100|[from] Sandstorm
|-damage|p2a: Whimsicott|95/100|[from] Sandstorm
|-damage|p1a: Palafin|41/100|[from] Sandstorm
|-damage|p2b: Tyranitar|51/100|[from] Sandstorm
|upkeep
|turn|2
|inactive|natcentre has 30 seconds left.
|inactive|natcentre has 20 seconds left.
|inactive|natcentre has 15 seconds left.
|
|t:|1754680334
|switch|p1b: Sneasler|Sneasler, L50, F|100/100
|detailschange|p1a: Palafin|Palafin-Hero, L50, M
|switch|p1a: Volcarona|Volcarona, L50, M|100/100
|move|p2a: Whimsicott|Tailwind|p2a: Whimsicott
|-sidestart|p2: SeanClubcardcoach|move: Tailwind
|move|p2b: Tyranitar|Knock Off|p1b: Sneasler
|-resisted|p1b: Sneasler
|-damage|p1b: Sneasler|55/100
|-enditem|p1b: Sneasler|Focus Sash|[from] move: Knock Off|[of] p2b: Tyranitar
|
|-weather|Sandstorm|[upkeep]
|-damage|p1b: Sneasler|49/100|[from] Sandstorm
|-damage|p2a: Whimsicott|89/100|[from] Sandstorm
|-damage|p2b: Tyranitar|46/100|[from] Sandstorm
|-damage|p1a: Volcarona|94/100|[from] Sandstorm
|upkeep
|turn|3
|inactive|natcentre has 30 seconds left.
|
|t:|1754680361
|-terastallize|p1a: Volcarona|Fairy
|move|p1b: Sneasler|Dire Claw|p2a: Whimsicott
|-supereffective|p2a: Whimsicott
|-damage|p2a: Whimsicott|0 fnt
|faint|p2a: Whimsicott
|move|p2b: Tyranitar|Rock Slide|p1b: Sneasler|[spread] p1a,p1b
|-resisted|p1b: Sneasler
|-damage|p1a: Volcarona|65/100
|-damage|p1b: Sneasler|21/100
|move|p1a: Volcarona|Tailwind|p1a: Volcarona
|-sidestart|p1: natcentre|move: Tailwind
|
|-weather|Sandstorm|[upkeep]
|-damage|p1b: Sneasler|15/100|[from] Sandstorm
|-damage|p1a: Volcarona|58/100|[from] Sandstorm
|-damage|p2b: Tyranitar|40/100|[from] Sandstorm
|upkeep
|
|t:|1754680377
|switch|p2a: Palafin|Palafin-Hero, L50, F|100/100
|-activate|p2a: Palafin|ability: Zero to Hero
|turn|4
|inactive|natcentre has 30 seconds left.
|inactive|natcentre has 20 seconds left.
|
|t:|1754680417
|move|p2a: Palafin|Protect|p2a: Palafin
|-singleturn|p2a: Palafin|Protect
|move|p1a: Volcarona|Rage Powder|p1a: Volcarona
|-singleturn|p1a: Volcarona|move: Rage Powder
|move|p1b: Sneasler|Dire Claw|p2b: Tyranitar
|-damage|p2b: Tyranitar|6/100
|-status|p2b: Tyranitar|par
|move|p2b: Tyranitar|Rock Slide|p1a: Volcarona|[spread] p1a,p1b
|-resisted|p1b: Sneasler
|-damage|p1a: Volcarona|25/100
|-damage|p1b: Sneasler|0 fnt
|faint|p1b: Sneasler
|
|-weather|Sandstorm|[upkeep]
|-damage|p2a: Palafin|95/100|[from] Sandstorm
|-damage|p1a: Volcarona|19/100|[from] Sandstorm
|-damage|p2b: Tyranitar|0 fnt|[from] Sandstorm
|faint|p2b: Tyranitar
|upkeep
|
|t:|1754680430
|switch|p1b: Dragapult|Dragapult, L50, F|56/100
|switch|p2b: Kommo-o|Kommo-o, L50, M|100/100
|turn|5
|inactive|natcentre has 30 seconds left.
|inactive|SeanClubcardcoach has 30 seconds left.
|
|t:|1754680461
|move|p1a: Volcarona|Rage Powder|p1a: Volcarona
|-singleturn|p1a: Volcarona|move: Rage Powder
|move|p2a: Palafin|Jet Punch|p1a: Volcarona
|-damage|p1a: Volcarona|0 fnt
|faint|p1a: Volcarona
|move|p1b: Dragapult|Dragon Pulse|p2b: Kommo-o
|-supereffective|p2b: Kommo-o
|-damage|p2b: Kommo-o|0 fnt
|faint|p2b: Kommo-o
|
|-weather|none
|-sideend|p2: SeanClubcardcoach|move: Tailwind
|upkeep
|
|t:|1754680466
|switch|p1a: Palafin|Palafin-Hero, L50, M|41/100
|-activate|p1a: Palafin|ability: Zero to Hero
|turn|6
|
|t:|1754680473
|move|p2a: Palafin|Protect|p2a: Palafin
|-singleturn|p2a: Palafin|Protect
|move|p1b: Dragapult|Dragon Pulse|p2a: Palafin
|-activate|p2a: Palafin|move: Protect
|move|p1a: Palafin|Wave Crash|p2a: Palafin
|-activate|p2a: Palafin|move: Protect
|
|-sideend|p1: natcentre|move: Tailwind
|upkeep
|turn|7
|
|t:|1754680480
|move|p1b: Dragapult|Dragon Pulse|p2a: Palafin
|-damage|p2a: Palafin|31/100
|move|p2a: Palafin|Wave Crash|p1b: Dragapult
|-resisted|p1b: Dragapult
|-damage|p1b: Dragapult|0 fnt
|faint|p1b: Dragapult
|-damage|p2a: Palafin|14/100|[from] Recoil
|move|p1a: Palafin|Wave Crash|p2a: Palafin
|-resisted|p2a: Palafin
|-damage|p2a: Palafin|0 fnt
|faint|p2a: Palafin
|-damage|p1a: Palafin|37/100|[from] Recoil
|
|win|natcentre
|raw|natcentre's rating: 1175 → 1204(+29 for winning)
|raw|SeanClubcardcoach's rating: 1235 → 1206(-29 for losing)
|c|â˜†natcentre|ggwp
|c|â˜†natcentre|nice team btw
