|j|☆gundot
|j|☆spernerslemma
|html|gundotspernerslemma    
|uhtml|bestof|Game 3 of a best-of-3
|t:|1783516081
|gametype|doubles
|player|p1|gundot|169|1207
|player|p2|spernerslemma|pokekid|1227
|gen|9
|tier|[Gen 9 Champions] VGC 2026 Reg M-B (Bo3)
|rated|
|rule|Species Clause: Limit one of each Pokémon
|rule|Item Clause: Limit 1 of each item
|clearpoke
|poke|p1|Charizard, L50, F, shiny|
|poke|p1|Whimsicott, L50, F|
|poke|p1|Farigiraf, L50, F, shiny|
|poke|p1|Garchomp, L50, M|
|poke|p1|Mawile, L50, F, shiny|
|poke|p1|Basculegion, L50, M|
|poke|p2|Kingambit, L50, M|
|poke|p2|Charizard, L50, M|
|poke|p2|Aerodactyl, L50, F|
|poke|p2|Farigiraf, L50, F|
|poke|p2|Garchomp, L50, F|
|poke|p2|Sylveon, L50, M|
|teampreview|4
|showteam|p1|Charizard||CharizarditeY|SolarPower|HeatWave,WeatherBall,SolarBeam,Protect|Modest||F|||50|]Whimsicott||FocusSash|Prankster|Moonblast,Tailwind,Encore,Protect|Timid||F|||50|]Farigiraf||SitrusBerry|ArmorTail|Psychic,Thunderbolt,TrickRoom,HelpingHand|Modest||F|||50|]Garchomp||LifeOrb|RoughSkin|Earthquake,DragonClaw,RockSlide,Protect|Jolly||M|||50|]Mawile||Mawilite|HyperCutter|PlayRough,RockSlide,SuckerPunch,Protect|Adamant||F|||50|]Basculegion||MysticWater|Adaptability|WaveCrash,AquaJet,LastRespects,Protect|Adamant||M|||50|
|showteam|p2|Kingambit||FocusSash|Defiant|KowtowCleave,IronHead,SuckerPunch,LowKick|Adamant||M|||50|]Charizard||CharizarditeY|Blaze|HeatWave,SolarBeam,WeatherBall,Protect|Modest||M|||50|]Aerodactyl||Aerodactylite|Unnerve|RockSlide,DualWingbeat,IceFang,Tailwind|Jolly||F|||50|]Farigiraf||SitrusBerry|ArmorTail|Psychic,Thunderbolt,TrickRoom,Protect|Bold||F|||50|]Garchomp||LifeOrb|RoughSkin|Earthquake,DragonClaw,StompingTantrum,Protect|Jolly||F|||50|]Sylveon||FairyFeather|Pixilate|HyperVoice,HyperBeam,QuickAttack,Protect|Modest||M|||50|
|inactive|Battle timer is ON: inactive players will automatically lose when time's up. (requested by gundot)
|inactive|spernerslemma has 60 seconds left.
|
|t:|1783516122
|teamsize|p1|4
|teamsize|p2|4
|start
|switch|p1a: Whimsicott|Whimsicott, L50, F|100/100
|switch|p1b: Basculegion|Basculegion, L50, M|100/100
|switch|p2a: Farigiraf|Farigiraf, L50, F|100/100
|switch|p2b: Sylveon|Sylveon, L50, M|100/100
|turn|1
|inactive|spernerslemma has 30 seconds left.
|inactive|spernerslemma has 20 seconds left.
|inactive|spernerslemma has 15 seconds left.
|
|t:|1783516163
|move|p2a: Farigiraf|Protect|p2a: Farigiraf
|-singleturn|p2a: Farigiraf|Protect
|move|p1a: Whimsicott|Moonblast|p2a: Farigiraf
|-activate|p2a: Farigiraf|move: Protect
|move|p1b: Basculegion|Wave Crash|p2a: Farigiraf
|-activate|p2a: Farigiraf|move: Protect
|move|p2b: Sylveon|Hyper Beam|p1b: Basculegion
|-damage|p1b: Basculegion|0 fnt
|-mustrecharge|p2b: Sylveon
|faint|p1b: Basculegion
|
|upkeep
|
|t:|1783516170
|switch|p1b: Mawile|Mawile, L50, F, shiny|100/100
|turn|2
|
|t:|1783516188
|detailschange|p1b: Mawile|Mawile-Mega, L50, F, shiny
|-mega|p1b: Mawile|Mawile|Mawilite
|move|p1a: Whimsicott|Moonblast|p2a: Farigiraf
|-damage|p2a: Farigiraf|67/100
|cant|p2b: Sylveon|recharge
|move|p2a: Farigiraf|Psychic|p1a: Whimsicott
|-damage|p1a: Whimsicott|46/100
|move|p1b: Mawile|Play Rough|p2a: Farigiraf
|-crit|p2a: Farigiraf
|-damage|p2a: Farigiraf|0 fnt
|faint|p2a: Farigiraf
|
|upkeep
|inactive|spernerslemma has 30 seconds left.
|
|t:|1783516216
|switch|p2a: Kingambit|Kingambit, L50, M|100/100
|turn|3
|
|t:|1783516234
|move|p2b: Sylveon|Protect|p2b: Sylveon
|-singleturn|p2b: Sylveon|Protect
|move|p1a: Whimsicott|Tailwind|p1a: Whimsicott
|-sidestart|p1: gundot|move: Tailwind
|move|p1b: Mawile|Play Rough|p2b: Sylveon
|-activate|p2b: Sylveon|move: Protect
|move|p2a: Kingambit|Iron Head|p1a: Whimsicott
|-supereffective|p1a: Whimsicott|1
|-damage|p1a: Whimsicott|0 fnt
|faint|p1a: Whimsicott
|
|upkeep
|
|t:|1783516239
|switch|p1a: Farigiraf|Farigiraf, L50, F, shiny|100/100
|turn|4
|
|t:|1783516259
|move|p1a: Farigiraf|Thunderbolt|p2a: Kingambit
|-damage|p2a: Kingambit|70/100
|-status|p2a: Kingambit|par
|move|p1b: Mawile|Play Rough|p2a: Kingambit
|-damage|p2a: Kingambit|0 fnt
|faint|p2a: Kingambit
|move|p2b: Sylveon|Hyper Beam|p1a: Farigiraf|[miss]
|-miss|p2b: Sylveon|p1a: Farigiraf
|
|upkeep
|
|t:|1783516269
|switch|p2a: Charizard|Charizard, L50, M|100/100
|turn|5
|inactive|spernerslemma has 30 seconds left.
|inactive|spernerslemma has 20 seconds left.
|
|t:|1783516304
|detailschange|p2a: Charizard|Charizard-Mega-Y, L50, M
|-mega|p2a: Charizard|Charizard|Charizardite Y
|-weather|SunnyDay|[from] ability: Drought|[of] p2a: Charizard
|move|p2a: Charizard|Protect|p2a: Charizard
|-singleturn|p2a: Charizard|Protect
|move|p1b: Mawile|Sucker Punch||[still]
|-fail|p1b: Mawile
|move|p1a: Farigiraf|Thunderbolt|p2a: Charizard
|-activate|p2a: Charizard|move: Protect
|move|p2b: Sylveon|Hyper Beam|p1b: Mawile
|-resisted|p1b: Mawile|1
|-crit|p1b: Mawile
|-damage|p1b: Mawile|1/100
|-mustrecharge|p2b: Sylveon
|
|-weather|SunnyDay|[upkeep]
|upkeep
|turn|6
|inactive|gundot has 30 seconds left.
|inactive|spernerslemma has 30 seconds left.
|inactive|gundot has 20 seconds left.
|
|t:|1783516341
|move|p1b: Mawile|Protect|p1b: Mawile
|-singleturn|p1b: Mawile|Protect
|move|p2a: Charizard|Heat Wave|p1b: Mawile|[spread] p1a
|-activate|p1b: Mawile|move: Protect
|-damage|p1a: Farigiraf|46/100
|-status|p1a: Farigiraf|brn
|-enditem|p1a: Farigiraf|Sitrus Berry|[eat]
|-heal|p1a: Farigiraf|71/100 brn|[from] item: Sitrus Berry
|cant|p2b: Sylveon|recharge
|move|p1a: Farigiraf|Trick Room|p1a: Farigiraf
|-fieldstart|move: Trick Room|[of] p1a: Farigiraf
|
|-weather|SunnyDay|[upkeep]
|-damage|p1a: Farigiraf|65/100 brn|[from] brn
|-sideend|p1: gundot|move: Tailwind
|upkeep
|turn|7
|
|t:|1783516365
|move|p1a: Farigiraf|Helping Hand|p1b: Mawile
|-singleturn|p1b: Mawile|Helping Hand|[of] p1a: Farigiraf
|move|p1b: Mawile|Rock Slide|p2a: Charizard|[spread] p2a,p2b
|-supereffective|p2a: Charizard|2
|-damage|p2a: Charizard|0 fnt
|-damage|p2b: Sylveon|36/100
|faint|p2a: Charizard
|move|p2b: Sylveon|Hyper Voice|p1b: Mawile|[spread] p1a,p1b
|-resisted|p1b: Mawile|1
|-crit|p1b: Mawile
|-damage|p1a: Farigiraf|21/100 brn
|-damage|p1b: Mawile|0 fnt
|faint|p1b: Mawile
|
|-weather|SunnyDay|[upkeep]
|-damage|p1a: Farigiraf|15/100 brn|[from] brn
|upkeep
|turn|8
|
|t:|1783516378
|move|p1a: Farigiraf|Psychic|p2b: Sylveon
|-damage|p2b: Sylveon|6/100
|move|p2b: Sylveon|Hyper Voice|p1a: Farigiraf
|-damage|p1a: Farigiraf|0 fnt
|faint|p1a: Farigiraf
|
|win|spernerslemma
|raw|gundot's rating: 1207 → 1183(-24 for losing)
|raw|spernerslemma's rating: 1227 → 1251(+24 for winning)
