|j|☆TheTired
|j|☆komsu
|html|TheTiredkomsu    
|uhtml|bestof|Game 2 of a best-of-3
|t:|1784227305
|gametype|doubles
|player|p1|TheTired|2|1260
|player|p2|komsu|gambler|1260
|gen|9
|tier|[Gen 9 Champions] VGC 2026 Reg M-B (Bo3)
|rated|
|rule|Species Clause: Limit one of each Pokémon
|rule|Item Clause: Limit 1 of each item
|clearpoke
|poke|p1|Staraptor, L50, F|
|poke|p1|Vanilluxe, L50, F|
|poke|p1|Farigiraf, L50, M|
|poke|p1|Blastoise, L50, M|
|poke|p1|Kingambit, L50, M|
|poke|p1|Camerupt, L50, F|
|poke|p2|Kingambit, L50, M|
|poke|p2|Charizard, L50, F|
|poke|p2|Aerodactyl, L50, M|
|poke|p2|Farigiraf, L50, F|
|poke|p2|Garchomp, L50, M|
|poke|p2|Sylveon, L50, M|
|teampreview|4
|showteam|p1|Staraptor||ChoiceScarf|Intimidate|FinalGambit,BraveBird,CloseCombat,Uturn|Jolly||F|||50|]Vanilluxe||NeverMeltIce|SnowWarning|Blizzard,FreezeDry,Protect,IceShard|Quiet||F|||50|]Farigiraf||SitrusBerry|ArmorTail|PsychicFangs,HyperVoice,HelpingHand,TrickRoom|Relaxed||M|||50|]Blastoise||Blastoisinite|RainDish|FakeOut,WaterSpout,AuraSphere,DarkPulse|Quiet||M|||50|]Kingambit||LifeOrb|Defiant|KowtowCleave,IronHead,Protect,SuckerPunch|Brave||M|||50|]Camerupt||Cameruptite|SolidRock|HeatWave,EarthPower,Protect,AncientPower|Quiet||F|||50|
|showteam|p2|Kingambit||FocusSash|Defiant|KowtowCleave,IronHead,SuckerPunch,LowKick|Adamant||M|||50|]Charizard||CharizarditeY|Blaze|HeatWave,SolarBeam,WeatherBall,Protect|Modest||F|||50|]Aerodactyl||Aerodactylite|Unnerve|RockSlide,DualWingbeat,IceFang,Tailwind|Jolly||M|||50|]Farigiraf||SitrusBerry|ArmorTail|Psychic,Thunderbolt,TrickRoom,Protect|Bold||F|||50|]Garchomp||LifeOrb|RoughSkin|Earthquake,DragonClaw,RockSlide,Protect|Jolly||M|||50|]Sylveon||FairyFeather|Pixilate|HyperVoice,HyperBeam,QuickAttack,Protect|Modest||M|||50|
|inactive|Battle timer is ON: inactive players will automatically lose when time's up. (requested by TheTired)
|inactive|komsu has 60 seconds left.
|
|t:|1784227360
|teamsize|p1|4
|teamsize|p2|4
|start
|switch|p1a: Farigiraf|Farigiraf, L50, M|100/100
|switch|p1b: Kingambit|Kingambit, L50, M|100/100
|switch|p2a: Sylveon|Sylveon, L50, M|100/100
|switch|p2b: Farigiraf|Farigiraf, L50, F|100/100
|turn|1
|inactive|TheTired has 30 seconds left.
|inactive|TheTired has 20 seconds left.
|
|t:|1784227396
|switch|p2a: Garchomp|Garchomp, L50, M|100/100
|move|p2b: Farigiraf|Thunderbolt|p1b: Kingambit
|-damage|p1b: Kingambit|78/100
|move|p1b: Kingambit|Kowtow Cleave|p2b: Farigiraf
|-supereffective|p2b: Farigiraf|1
|-damage|p2b: Farigiraf|0 fnt
|faint|p2b: Farigiraf
|-damage|p1b: Kingambit|68/100|[from] item: Life Orb
|move|p1a: Farigiraf|Trick Room|p1a: Farigiraf
|-fieldstart|move: Trick Room|[of] p1a: Farigiraf
|
|upkeep
|
|t:|1784227407
|switch|p2b: Charizard|Charizard, L50, F|100/100
|turn|2
|
|t:|1784227431
|move|p1b: Kingambit|Protect|p1b: Kingambit
|-singleturn|p1b: Kingambit|Protect
|move|p1a: Farigiraf|Hyper Voice|p2b: Charizard|[spread] p2a,p2b
|-damage|p2a: Garchomp|69/100
|-damage|p2b: Charizard|73/100
|move|p2b: Charizard|Heat Wave|p1b: Kingambit|[spread] p1a
|-activate|p1b: Kingambit|move: Protect
|-damage|p1a: Farigiraf|75/100
|move|p2a: Garchomp|Earthquake|p1a: Farigiraf|[spread] p1a
|-activate|p1b: Kingambit|move: Protect
|-immune|p2b: Charizard
|-damage|p1a: Farigiraf|33/100
|-enditem|p1a: Farigiraf|Sitrus Berry|[eat]
|-heal|p1a: Farigiraf|58/100|[from] item: Sitrus Berry
|-damage|p2a: Garchomp|59/100|[from] item: Life Orb
|
|upkeep
|turn|3
|inactive|komsu has 30 seconds left.
|inactive|komsu has 20 seconds left.
|inactive|komsu has 15 seconds left.
|
|t:|1784227473
|move|p2a: Garchomp|Protect|p2a: Garchomp
|-singleturn|p2a: Garchomp|Protect
|move|p1b: Kingambit|Kowtow Cleave|p2a: Garchomp
|-activate|p2a: Garchomp|move: Protect
|move|p1a: Farigiraf|Hyper Voice|p2b: Charizard|[spread] p2b
|-activate|p2a: Garchomp|move: Protect
|-damage|p2b: Charizard|46/100
|move|p2b: Charizard|Heat Wave|p1a: Farigiraf|[spread] p1a,p1b
|-supereffective|p1b: Kingambit|1
|-damage|p1a: Farigiraf|30/100
|-damage|p1b: Kingambit|16/100
|
|upkeep
|turn|4
|inactive|komsu has 30 seconds left.
|inactive|komsu has 20 seconds left.
|
|t:|1784227511
|switch|p2a: Sylveon|Sylveon, L50, M|100/100
|move|p1b: Kingambit|Iron Head|p2a: Sylveon
|-supereffective|p2a: Sylveon|1
|-damage|p2a: Sylveon|0 fnt
|faint|p2a: Sylveon
|-damage|p1b: Kingambit|6/100|[from] item: Life Orb
|move|p1a: Farigiraf|Hyper Voice|p2b: Charizard
|-damage|p2b: Charizard|7/100
|move|p2b: Charizard|Heat Wave|p1b: Kingambit|[spread] p1a,p1b
|-supereffective|p1b: Kingambit|1
|-damage|p1a: Farigiraf|0 fnt
|-damage|p1b: Kingambit|0 fnt
|faint|p1a: Farigiraf
|faint|p1b: Kingambit
|
|upkeep
|
|t:|1784227524
|switch|p1b: Vanilluxe|Vanilluxe, L50, F|100/100
|switch|p1a: Camerupt|Camerupt, L50, F|100/100
|switch|p2a: Garchomp|Garchomp, L50, M|59/100
|-weather|Snowscape|[from] ability: Snow Warning|[of] p1b: Vanilluxe
|turn|5
|
|t:|1784227545
|detailschange|p1a: Camerupt|Camerupt-Mega, L50, F
|-mega|p1a: Camerupt|Camerupt|Cameruptite
|move|p2b: Charizard|Protect|p2b: Charizard
|-singleturn|p2b: Charizard|Protect
|move|p2a: Garchomp|Protect|p2a: Garchomp
|-singleturn|p2a: Garchomp|Protect
|move|p1a: Camerupt|Earth Power|p2a: Garchomp
|-activate|p2a: Garchomp|move: Protect
|move|p1b: Vanilluxe|Freeze-Dry|p2b: Charizard
|-activate|p2b: Charizard|move: Protect
|
|-weather|Snowscape|[upkeep]
|-fieldend|move: Trick Room
|upkeep
|turn|6
|
|t:|1784227567
|detailschange|p2b: Charizard|Charizard-Mega-Y, L50, F
|-mega|p2b: Charizard|Charizard|Charizardite Y
|-weather|SunnyDay|[from] ability: Drought|[of] p2b: Charizard
|move|p1a: Camerupt|Protect|p1a: Camerupt
|-singleturn|p1a: Camerupt|Protect
|move|p1b: Vanilluxe|Ice Shard|p2b: Charizard
|-damage|p2b: Charizard|0 fnt
|faint|p2b: Charizard
|move|p2a: Garchomp|Earthquake|p1b: Vanilluxe|[spread] p1b
|-activate|p1a: Camerupt|move: Protect
|-damage|p1b: Vanilluxe|38/100
|-damage|p2a: Garchomp|49/100|[from] item: Life Orb
|
|-weather|SunnyDay|[upkeep]
|upkeep
|turn|7
|
|t:|1784227583
|move|p1b: Vanilluxe|Ice Shard|p2a: Garchomp
|-supereffective|p2a: Garchomp|2
|-crit|p2a: Garchomp
|-damage|p2a: Garchomp|0 fnt
|faint|p2a: Garchomp
|
|win|TheTired
||TheTired is ready for game 3.
||komsu is ready for game 3.
|uhtml|next|Next: Game 3 of 3
|l|☆TheTired
|player|p1|
