|j|☆Av3z
|j|☆Yuste3_
|html|Av3zYuste3_    
|uhtml|bestof|Game 2 of a best-of-3
|t:|1756494953
|gametype|doubles
|player|p1|Av3z|steven|1005
|player|p2|Yuste3_|lucas|1015
|gen|9
|tier|[Gen 9] VGC 2025 Reg H (Bo3)
|rated|
|rule|Species Clause: Limit one of each Pokémon
|rule|Item Clause: Limit 1 of each item
|clearpoke
|poke|p1|Weezing-Galar, L50, F|
|poke|p1|Toedscruel, L50, F|
|poke|p1|Pawmot, L50, F|
|poke|p1|Corviknight, L50, M|
|poke|p1|Typhlosion-Hisui, L50, F|
|poke|p1|Garchomp, L50, M|
|poke|p2|Maushold-Four, L50|
|poke|p2|Archaludon, L50, F|
|poke|p2|Volcarona, L50, F|
|poke|p2|Whimsicott, L50, F|
|poke|p2|Indeedee, L50, M|
|poke|p2|Delphox, L50, F|
|teampreview|4
|showteam|p1|Weezing-Galar||ChoiceSpecs|NeutralizingGas|StrangeSteam,SludgeBomb,DazzlingGleam,Flamethrower|||F|||50|,,,,,Fire]Toedscruel||CovertCloak|MyceliumMight|RagePowder,Spore,EarthPower,AcidSpray|||F|||50|,,,,,Water]Pawmot||FocusSash|NaturalCure|CloseCombat,DoubleShock,Protect,FakeOut|||F|||50|,,,,,Electric]Corviknight||SitrusBerry|MirrorArmor|Roost,Tailwind,BraveBird,Protect|||M|||50|,,,,,Dragon]Typhlosion-Hisui||ChoiceScarf|Blaze|Eruption,HeatWave,ShadowBall,SleepTalk|||F|||50|,,,,,Fire]Garchomp||LifeOrb|RoughSkin|Earthquake,StompingTantrum,DragonClaw,Protect|||M|||50|,,,,,Ground
|showteam|p2|Maushold-Four||WideLens|FriendGuard|PopulationBomb,FollowMe,FakeTears,Protect||||||50|,,,,,Ghost]Archaludon||PowerHerb|Stamina|BodyPress,FlashCannon,ElectroShot,Protect|||F|||50|,,,,,Fighting]Volcarona||RockyHelmet|FlameBody|TeraBlast,StruggleBug,QuiverDance,Protect|||F|||50|,,,,,Fairy]Whimsicott||CovertCloak|Prankster|Moonblast,LightScreen,Encore,Tailwind|||F|||50|,,,,,Water]Indeedee||ChoiceScarf|PsychicSurge|ExpandingForce,HyperVoice,Psychic,Trick|||M|||50|,,,,,Psychic]Delphox||PsychicSeed|Magician|HeatWave,ExpandingForce,TeraBlast,Protect|||F|||50|,,,,,Fighting
|inactive|Battle timer is ON: inactive players will automatically lose when time's up. (requested by Yuste3_)
|
|t:|1756494980
|teamsize|p1|4
|teamsize|p2|4
|start
|switch|p1a: Paul Heyman|Weezing-Galar, L50, F|100/100
|switch|p1b: Tatum Paxley|Typhlosion-Hisui, L50, F|100/100
|switch|p2a: Volcarona|Volcarona, L50, F|100/100
|switch|p2b: Whimsicott|Whimsicott, L50, F|100/100
|-ability|p1a: Paul Heyman|Neutralizing Gas
|turn|1
|
|t:|1756495000
|-terastallize|p1b: Tatum Paxley|Fire
|-terastallize|p2b: Whimsicott|Water
|move|p2a: Volcarona|Protect|p2a: Volcarona
|-singleturn|p2a: Volcarona|Protect
|move|p1b: Tatum Paxley|Eruption|p2a: Volcarona|[spread] p2b
|-activate|p2a: Volcarona|move: Protect
|-resisted|p2b: Whimsicott
|-damage|p2b: Whimsicott|63/100
|move|p2b: Whimsicott|Light Screen|p2b: Whimsicott
|-sidestart|p2: Yuste3_|move: Light Screen
|move|p1a: Paul Heyman|Sludge Bomb|p2a: Volcarona
|-activate|p2a: Volcarona|move: Protect
|
|upkeep
|turn|2
|
|t:|1756495023
|move|p1b: Tatum Paxley|Eruption|p2a: Volcarona|[spread] p2a,p2b
|-resisted|p2b: Whimsicott
|-damage|p2a: Volcarona|49/100
|-damage|p2b: Whimsicott|37/100
|move|p2b: Whimsicott|Tailwind|p2b: Whimsicott
|-sidestart|p2: Yuste3_|move: Tailwind
|move|p2a: Volcarona|Struggle Bug|p1a: Paul Heyman|[spread] p1a,p1b
|-resisted|p1a: Paul Heyman
|-resisted|p1b: Tatum Paxley
|-crit|p1b: Tatum Paxley
|-damage|p1a: Paul Heyman|95/100
|-damage|p1b: Tatum Paxley|81/100
|-unboost|p1a: Paul Heyman|spa|1
|-unboost|p1b: Tatum Paxley|spa|1
|move|p1a: Paul Heyman|Sludge Bomb|p2b: Whimsicott
|-damage|p2b: Whimsicott|8/100
|
|upkeep
|turn|3
|
|t:|1756495039
|move|p2b: Whimsicott|Moonblast|p1b: Tatum Paxley
|-resisted|p1b: Tatum Paxley
|-damage|p1b: Tatum Paxley|62/100
|move|p1b: Tatum Paxley|Eruption|p2b: Whimsicott|[spread] p2a,p2b
|-resisted|p2b: Whimsicott
|-damage|p2a: Volcarona|29/100
|-damage|p2b: Whimsicott|0 fnt
|faint|p2b: Whimsicott
|move|p2a: Volcarona|Struggle Bug|p1a: Paul Heyman|[spread] p1a,p1b
|-resisted|p1a: Paul Heyman
|-resisted|p1b: Tatum Paxley
|-damage|p1a: Paul Heyman|88/100
|-damage|p1b: Tatum Paxley|49/100
|-unboost|p1a: Paul Heyman|spa|1
|-unboost|p1b: Tatum Paxley|spa|1
|move|p1a: Paul Heyman|Sludge Bomb|p2a: Volcarona
|-damage|p2a: Volcarona|11/100
|
|upkeep
|
|t:|1756495046
|switch|p2b: Delphox|Delphox, L50, F|100/100
|turn|4
|
|t:|1756495056
|move|p2b: Delphox|Expanding Force|p1b: Tatum Paxley
|-damage|p1b: Tatum Paxley|0 fnt
|faint|p1b: Tatum Paxley
|move|p2a: Volcarona|Struggle Bug|p1a: Paul Heyman
|-resisted|p1a: Paul Heyman
|-damage|p1a: Paul Heyman|78/100
|-unboost|p1a: Paul Heyman|spa|1
|move|p1a: Paul Heyman|Sludge Bomb|p2b: Delphox
|-damage|p2b: Delphox|84/100
|
|upkeep
|
|t:|1756495068
|switch|p1b: John Cena|Garchomp, L50, M|100/100
|turn|5
|
|t:|1756495074
|-end|p1a: Paul Heyman|ability: Neutralizing Gas
|switch|p1a: Darby Alin|Corviknight, L50, M|100/100
|move|p2b: Delphox|Heat Wave|p1b: John Cena|[spread] p1a,p1b
|-supereffective|p1a: Darby Alin
|-resisted|p1b: John Cena
|-damage|p1a: Darby Alin|42/100
|-damage|p1b: John Cena|81/100
|-enditem|p1a: Darby Alin|Sitrus Berry|[eat]
|-heal|p1a: Darby Alin|67/100|[from] item: Sitrus Berry
|move|p2a: Volcarona|Quiver Dance|p2a: Volcarona
|-boost|p2a: Volcarona|spa|1
|-boost|p2a: Volcarona|spd|1
|-boost|p2a: Volcarona|spe|1
|move|p1b: John Cena|Earthquake|p2a: Volcarona|[spread] p2a,p2b
|-immune|p1a: Darby Alin
|-supereffective|p2b: Delphox
|-damage|p2a: Volcarona|0 fnt
|-damage|p2b: Delphox|0 fnt
|faint|p2a: Volcarona
|faint|p2b: Delphox
|-damage|p1b: John Cena|72/100|[from] item: Life Orb
|
|-sideend|p2: Yuste3_|move: Light Screen
|-sideend|p2: Yuste3_|move: Tailwind
|upkeep
|
|t:|1756495089
|switch|p2b: Indeedee|Indeedee, L50, M|100/100
|-fieldstart|move: Psychic Terrain|[from] ability: Psychic Surge|[of] p2b: Indeedee
|turn|6
|
|t:|1756495101
|move|p2b: Indeedee|Expanding Force|p1a: Darby Alin|[spread] p1a,p1b
|-resisted|p1a: Darby Alin
|-damage|p1a: Darby Alin|40/100
|-damage|p1b: John Cena|8/100
|move|p1b: John Cena|Earthquake|p2b: Indeedee|[spread] p2b
|-immune|p1a: Darby Alin
|-damage|p2b: Indeedee|3/100
|-damage|p1b: John Cena|0 fnt|[from] item: Life Orb
|faint|p1b: John Cena
|move|p1a: Darby Alin|Brave Bird|p2b: Indeedee
|-damage|p2b: Indeedee|0 fnt
|faint|p2b: Indeedee
|-damage|p1a: Darby Alin|40/100|[from] Recoil
|
|win|Av3z
|raw|Av3z's rating: 1005 → 1045(+40 for winning)
|raw|Yuste3_'s rating: 1015 → 1002(-13 for losing)
|l|☆Yuste3_
|player|p2|
|c|☆Av3z|https://emojicombos.com/freaky
