|j|☆NastyCanasta7567
|j|☆TotalYinser6643
|html|NastyCanasta7567TotalYinser6643    
|uhtml|bestof|Game 1 of a best-of-3
|t:|1757817255
|gametype|doubles
|player|p1|NastyCanasta7567|ghetsis|1147
|player|p2|TotalYinser6643|170|1150
|gen|9
|tier|[Gen 9] VGC 2025 Reg H (Bo3)
|rated|
|rule|Species Clause: Limit one of each Pokémon
|rule|Item Clause: Limit 1 of each item
|clearpoke
|poke|p1|Ninetales-Alola, L50, M|
|poke|p1|Archaludon, L50, M|
|poke|p1|Dondozo, L50, M|
|poke|p1|Tatsugiri, L50, F|
|poke|p1|Indeedee, L50, M|
|poke|p1|Sneasler, L50, M|
|poke|p2|Pelipper, L50, M|
|poke|p2|Archaludon, L50, M|
|poke|p2|Ludicolo, L50, M|
|poke|p2|Baxcalibur, L50, M|
|poke|p2|Annihilape, L50, M|
|poke|p2|Incineroar, L50, M|
|teampreview|4
|showteam|p1|Ninetales-Alola||CovertCloak|SnowWarning|Blizzard,IcyWind,AuroraVeil,Encore|||M|||50|,,,,,Ice]Archaludon||PowerHerb|Sturdy|ElectroShot,DragonPulse,Thunderbolt,Protect|||M|||50|,,,,,Electric]Dondozo||Leftovers|Unaware|WaveCrash,Earthquake,OrderUp,Protect|||M|||50|,,,,,Grass]Tatsugiri||SafetyGoggles|Commander|DracoMeteor,MuddyWater,Taunt,Protect|||F|||50|,,,,,Ghost]Indeedee||FocusSash|PsychicSurge|ExpandingForce,Imprison,TrickRoom,Protect|||M|||50|,,,,,Psychic]Sneasler||PsychicSeed|Unburden|CloseCombat,DireClaw,ThroatChop,Protect|||M|||50|,,,,,Dark
|showteam|p2|Pelipper||FocusSash|Drizzle|Tailwind,WeatherBall,Hurricane,Uturn|||M|||50|,,,,,Ghost]Archaludon||PowerHerb|Sturdy|Protect,DracoMeteor,FlashCannon,ElectroShot|||M|||50|,,,,,Fairy]Ludicolo||AssaultVest|SwiftSwim|MuddyWater,LeafStorm,IcyWind,FakeOut|||M|||50|,,,,,Water]Baxcalibur||LifeOrb|ThermalExchange|Protect,IcicleCrash,IceShard,HighHorsepower|||M|||50|,,,,,Poison]Annihilape||SafetyGoggles|Defiant|Protect,DrainPunch,RageFist,BulkUp|||M|||50|,,,,,Fire]Incineroar||SitrusBerry|Intimidate|KnockOff,Taunt,PartingShot,FakeOut|||M|||50|,,,,,Ghost
|inactive|Battle timer is ON: inactive players will automatically lose when time's up. (requested by NastyCanasta7567)
|inactive|NastyCanasta7567 has 60 seconds left.
|inactive|TotalYinser6643 has 60 seconds left.
|
|t:|1757817300
|teamsize|p1|4
|teamsize|p2|4
|start
|switch|p1a: Indeedee|Indeedee, L50, M|100/100
|switch|p1b: Sneasler|Sneasler, L50, M|100/100
|switch|p2a: Incineroar|Incineroar, L50, M|100/100
|switch|p2b: Archaludon|Archaludon, L50, M|100/100
|-fieldstart|move: Psychic Terrain|[from] ability: Psychic Surge|[of] p1a: Indeedee
|-enditem|p1b: Sneasler|Psychic Seed
|-boost|p1b: Sneasler|spd|1|[from] item: Psychic Seed
|-ability|p2a: Incineroar|Intimidate|boost
|-unboost|p1a: Indeedee|atk|1
|-unboost|p1b: Sneasler|atk|1
|turn|1
|inactive|NastyCanasta7567 has 30 seconds left.
|inactive|NastyCanasta7567 has 20 seconds left.
|inactive|TotalYinser6643 has 30 seconds left.
|inactive|NastyCanasta7567 has 15 seconds left.
|
|t:|1757817344
|move|p1b: Sneasler|Close Combat|p2b: Archaludon
|-supereffective|p2b: Archaludon
|-damage|p2b: Archaludon|27/100
|-unboost|p1b: Sneasler|def|1
|-unboost|p1b: Sneasler|spd|1
|move|p1a: Indeedee|Expanding Force|p2a: Incineroar|[spread] p2b
|-immune|p2a: Incineroar
|-resisted|p2b: Archaludon
|-damage|p2b: Archaludon|0 fnt
|faint|p2b: Archaludon
|move|p2a: Incineroar|Knock Off|p1a: Indeedee
|-supereffective|p1a: Indeedee
|-enditem|p1a: Indeedee|Focus Sash
|-damage|p1a: Indeedee|1/100
|
|upkeep
|
|t:|1757817357
|switch|p2b: Annihilape|Annihilape, L50, M|100/100
|turn|2
|
|t:|1757817376
|move|p2b: Annihilape|Protect|p2b: Annihilape
|-singleturn|p2b: Annihilape|Protect
|move|p1b: Sneasler|Close Combat|p2a: Incineroar
|-supereffective|p2a: Incineroar
|-damage|p2a: Incineroar|23/100
|-unboost|p1b: Sneasler|def|1
|-unboost|p1b: Sneasler|spd|1
|-enditem|p2a: Incineroar|Sitrus Berry|[eat]
|-heal|p2a: Incineroar|48/100|[from] item: Sitrus Berry
|move|p1a: Indeedee|Expanding Force|p2b: Annihilape|[spread] 
|-activate|p2b: Annihilape|move: Protect
|-immune|p2a: Incineroar
|move|p2a: Incineroar|Knock Off|p1a: Indeedee
|-supereffective|p1a: Indeedee
|-damage|p1a: Indeedee|0 fnt
|faint|p1a: Indeedee
|
|upkeep
|
|t:|1757817387
|switch|p1a: Ninetales|Ninetales-Alola, L50, M|100/100
|-weather|Snowscape|[from] ability: Snow Warning|[of] p1a: Ninetales
|turn|3
|
|t:|1757817400
|-terastallize|p2b: Annihilape|Fire
|move|p1b: Sneasler|Close Combat|p2a: Incineroar
|-supereffective|p2a: Incineroar
|-damage|p2a: Incineroar|0 fnt
|-unboost|p1b: Sneasler|def|1
|-unboost|p1b: Sneasler|spd|1
|faint|p2a: Incineroar
|move|p1a: Ninetales|Encore|p2b: Annihilape
|-start|p2b: Annihilape|Encore
|move|p2b: Annihilape|Protect|p2b: Annihilape
|-singleturn|p2b: Annihilape|Protect
|
|-weather|Snowscape|[upkeep]
|upkeep
|
|t:|1757817409
|switch|p2a: Ludicolo|Ludicolo, L50, M|100/100
|turn|4
|
|t:|1757817433
|move|p2b: Annihilape|Protect||[still]
|-fail|p2b: Annihilape
|move|p1b: Sneasler|Dire Claw|p2a: Ludicolo
|-supereffective|p2a: Ludicolo
|-crit|p2a: Ludicolo
|-damage|p2a: Ludicolo|0 fnt
|faint|p2a: Ludicolo
|move|p1a: Ninetales|Aurora Veil|p1a: Ninetales
|-sidestart|p1: NastyCanasta7567|move: Aurora Veil
|
|-weather|Snowscape|[upkeep]
|upkeep
|turn|5
|-message|TotalYinser6643 forfeited.
|
|win|NastyCanasta7567
||TotalYinser6643 is ready for game 2.
||NastyCanasta7567 is ready for game 2.
|uhtml|next|Next: Game 2 of 3
