|j|☆theonlyambipomfan
|j|☆joyfulwizard
|html|theonlyambipomfanjoyfulwizard    
|uhtml|bestof|Game 3 of a best-of-3
|t:|1782239233
|gametype|doubles
|player|p1|theonlyambipomfan|volkner|1086
|player|p2|joyfulwizard|2|1092
|gen|9
|tier|[Gen 9 Champions] VGC 2026 Reg M-B (Bo3)
|rated|
|rule|Species Clause: Limit one of each Pokémon
|rule|Item Clause: Limit 1 of each item
|clearpoke
|poke|p1|Houndstone, L50, M|
|poke|p1|Tyranitar, L50, F|
|poke|p1|Excadrill, L50, F, shiny|
|poke|p1|Rotom-Wash, L50, shiny|
|poke|p1|Corviknight, L50, M|
|poke|p1|Farigiraf, L50, M|
|poke|p2|Politoed, L50, M|
|poke|p2|Gengar, L50, F, shiny|
|poke|p2|Sinistcha, L50|
|poke|p2|Incineroar, L50, M|
|poke|p2|Scrafty, L50, M|
|poke|p2|Floette-Eternal, L50, F|
|teampreview|4
|showteam|p1|Houndstone||LifeOrb|SandRush|LastRespects,ShadowSneak,Protect,WillOWisp|Jolly||M|||50|]Tyranitar||Tyranitarite|SandStream|RockSlide,IcePunch,KnockOff,Protect|Adamant||F|||50|]Excadrill||FocusSash|SandRush|IronHead,HighHorsepower,RockSlide,Earthquake|Adamant||F|||50|]Rotom-Wash||Magnet|Levitate|VoltSwitch,HydroPump,Thunderbolt,WillOWisp|Calm|||||50|]Corviknight||Leftovers|MirrorArmor|Tailwind,BulkUp,IronHead,BraveBird|Careful||M|||50|]Farigiraf||SitrusBerry|ArmorTail|Protect,Psychic,TrickRoom,HyperVoice|Sassy||M|||50|
|showteam|p2|Politoed||SitrusBerry|Drizzle|Protect,WeatherBall,IcyWind,Encore|Modest||M|||50|]Gengar||Gengarite|CursedBody|PerishSong,ShadowBall,Disable,Protect|Timid||F|||50|]Sinistcha||KasibBerry|Hospitality|MatchaGotcha,TrickRoom,RagePowder,Protect|Modest|||||50|]Incineroar||PasshoBerry|Intimidate|Protect,FakeOut,PartingShot,DarkestLariat|Careful||M|||50|]Scrafty||FocusSash|Intimidate|Protect,FakeOut,KnockOff,CloseCombat|Adamant||M|||50|]Floette-Eternal||Floettite|FlowerVeil|Protect,DrainingKiss,CalmMind,DazzlingGleam|Modest||F|||50|
|inactive|Battle timer is ON: inactive players will automatically lose when time's up. (requested by joyfulwizard)
|
|t:|1782239270
|teamsize|p1|4
|teamsize|p2|4
|start
|switch|p1a: Tyranitar|Tyranitar, L50, F|100/100
|switch|p1b: Corviknight|Corviknight, L50, M|100/100
|switch|p2a: Floette|Floette-Eternal, L50, F|100/100
|switch|p2b: Scrafty|Scrafty, L50, M|100/100
|-ability|p2b: Scrafty|Intimidate|boost
|-unboost|p1a: Tyranitar|atk|1
|-ability|p1b: Corviknight|Mirror Armor
|-unboost|p2b: Scrafty|atk|1
|-weather|Sandstorm|[from] ability: Sand Stream|[of] p1a: Tyranitar
|turn|1
|
|t:|1782239286
|detailschange|p2a: Floette|Floette-Mega, L50, F
|-mega|p2a: Floette|Floette|Floettite
|-ability|p2a: Floette|Fairy Aura
|move|p1a: Tyranitar|Protect|p1a: Tyranitar
|-singleturn|p1a: Tyranitar|Protect
|move|p2b: Scrafty|Fake Out|p1b: Corviknight
|-resisted|p1b: Corviknight|1
|-damage|p1b: Corviknight|96/100
|move|p2a: Floette|Calm Mind|p2a: Floette
|-boost|p2a: Floette|spa|1
|-boost|p2a: Floette|spd|1
|cant|p1b: Corviknight|flinch
|
|-weather|Sandstorm|[upkeep]
|-damage|p2a: Floette|94/100|[from] Sandstorm
|-damage|p2b: Scrafty|94/100|[from] Sandstorm
|-heal|p1b: Corviknight|100/100|[from] item: Leftovers
|upkeep
|turn|2
|inactive|joyfulwizard has 30 seconds left.
|inactive|joyfulwizard has 20 seconds left.
|
|t:|1782239327
|switch|p2b: Politoed|Politoed, L50, M|100/100
|-weather|RainDance|[from] ability: Drizzle|[of] p2b: Politoed
|switch|p1a: Houndstone|Houndstone, L50, M|100/100
|move|p2a: Floette|Draining Kiss|p1a: Houndstone
|-damage|p1a: Houndstone|21/100
|-heal|p2a: Floette|100/100|[from] drain|[of] p1a: Houndstone
|move|p1b: Corviknight|Iron Head|p2a: Floette
|-supereffective|p2a: Floette|1
|-damage|p2a: Floette|43/100
|
|-weather|RainDance|[upkeep]
|upkeep
|turn|3
|inactive|joyfulwizard has 30 seconds left.
|
|t:|1782239352
|move|p2a: Floette|Protect|p2a: Floette
|-singleturn|p2a: Floette|Protect
|move|p1a: Houndstone|Protect|p1a: Houndstone
|-singleturn|p1a: Houndstone|Protect
|move|p1b: Corviknight|Tailwind|p1b: Corviknight
|-sidestart|p1: theonlyambipomfan|move: Tailwind
|move|p2b: Politoed|Weather Ball|p1a: Houndstone
|-activate|p1a: Houndstone|move: Protect
|
|-weather|RainDance|[upkeep]
|upkeep
|turn|4
|
|t:|1782239366
|switch|p1a: Rotom|Rotom-Wash, L50, shiny|100/100
|switch|p2a: Incineroar|Incineroar, L50, M|100/100
|-ability|p2a: Incineroar|Intimidate|boost
|-unboost|p1a: Rotom|atk|1
|-ability|p1b: Corviknight|Mirror Armor
|-unboost|p2a: Incineroar|atk|1
|move|p1b: Corviknight|Iron Head|p2a: Incineroar
|-resisted|p2a: Incineroar|1
|-damage|p2a: Incineroar|87/100
|move|p2b: Politoed|Weather Ball|p1b: Corviknight
|-damage|p1b: Corviknight|56/100
|
|-weather|RainDance|[upkeep]
|-heal|p1b: Corviknight|61/100|[from] item: Leftovers
|upkeep
|turn|5
|
|t:|1782239385
|move|p2b: Politoed|Protect|p2b: Politoed
|-singleturn|p2b: Politoed|Protect
|move|p1b: Corviknight|Brave Bird|p2a: Incineroar
|-damage|p2a: Incineroar|52/100
|-damage|p1b: Corviknight|50/100g|[from] Recoil
|move|p1a: Rotom|Volt Switch|p2b: Politoed
|-activate|p2b: Politoed|move: Protect
|move|p2a: Incineroar|Parting Shot|p1a: Rotom
|-unboost|p1a: Rotom|atk|1
|-unboost|p1a: Rotom|spa|1
|
|t:|1782239395
|switch|p2a: Scrafty|Scrafty, L50, M|94/100|[from] Parting Shot
|-ability|p2a: Scrafty|Intimidate|boost
|-unboost|p1a: Rotom|atk|1
|-ability|p1b: Corviknight|Mirror Armor
|-unboost|p2a: Scrafty|atk|1
|
|-weather|RainDance|[upkeep]
|-heal|p1b: Corviknight|56/100|[from] item: Leftovers
|upkeep
|turn|6
|
|t:|1782239409
|switch|p1b: Houndstone|Houndstone, L50, M|21/100
|move|p2a: Scrafty|Fake Out|p1a: Rotom
|-damage|p1a: Rotom|90/100
|cant|p1a: Rotom|flinch
|move|p2b: Politoed|Weather Ball|p1b: Houndstone
|-damage|p1b: Houndstone|0 fnt
|faint|p1b: Houndstone
|
|-weather|none
|-sideend|p1: theonlyambipomfan|move: Tailwind
|upkeep
|
|t:|1782239420
|switch|p1b: Corviknight|Corviknight, L50, M|56/100
|turn|7
|
|t:|1782239430
|move|p2a: Scrafty|Knock Off|p1b: Corviknight
|-damage|p1b: Corviknight|29/100
|-enditem|p1b: Corviknight|Leftovers|[from] move: Knock Off|[of] p2a: Scrafty
|move|p1a: Rotom|Thunderbolt|p2b: Politoed
|-supereffective|p2b: Politoed|1
|-damage|p2b: Politoed|56/100
|move|p1b: Corviknight|Brave Bird|p2a: Scrafty
|-supereffective|p2a: Scrafty|1
|-damage|p2a: Scrafty|14/100
|-damage|p1b: Corviknight|11/100|[from] Recoil
|move|p2b: Politoed|Icy Wind|p1a: Rotom|[spread] p1a,p1b
|-resisted|p1a: Rotom|1
|-damage|p1a: Rotom|86/100
|-damage|p1b: Corviknight|2/100
|-unboost|p1a: Rotom|spe|1
|-ability|p1b: Corviknight|Mirror Armor
|-unboost|p2b: Politoed|spe|1
|
|upkeep
|turn|8
|inactive|joyfulwizard has 30 seconds left.
|
|t:|1782239460
|move|p2a: Scrafty|Close Combat|p1b: Corviknight
|-damage|p1b: Corviknight|0 fnt
|-unboost|p2a: Scrafty|def|1
|-unboost|p2a: Scrafty|spd|1
|faint|p1b: Corviknight
|move|p1a: Rotom|Volt Switch|p2a: Scrafty
|-damage|p2a: Scrafty|0 fnt
|faint|p2a: Scrafty
|
|t:|1782239468
|switch|p1a: Tyranitar|Tyranitar, L50, F|100/100|[from] Volt Switch
|-weather|Sandstorm|[from] ability: Sand Stream|[of] p1a: Tyranitar
|move|p2b: Politoed|Weather Ball|p1a: Tyranitar
|-damage|p1a: Tyranitar|86/100
|
|-weather|Sandstorm|[upkeep]
|-damage|p2b: Politoed|50/100y|[from] Sandstorm
|-enditem|p2b: Politoed|Sitrus Berry|[eat]
|-heal|p2b: Politoed|75/100|[from] item: Sitrus Berry
|upkeep
|
|t:|1782239480
|switch|p2a: Floette|Floette-Mega, L50, F|43/100
|switch|p1b: Rotom|Rotom-Wash, L50, shiny|86/100
|-ability|p2a: Floette|Fairy Aura
|turn|9
|
|t:|1782239490
|switch|p2b: Incineroar|Incineroar, L50, M|52/100
|-ability|p2b: Incineroar|Intimidate|boost
|-unboost|p1a: Tyranitar|atk|1
|-unboost|p1b: Rotom|atk|1
|detailschange|p1a: Tyranitar|Tyranitar-Mega, L50, F
|-mega|p1a: Tyranitar|Tyranitar|Tyranitarite
|move|p2a: Floette|Protect|p2a: Floette
|-singleturn|p2a: Floette|Protect
|move|p1b: Rotom|Thunderbolt|p2b: Incineroar
|-damage|p2b: Incineroar|21/100
|move|p1a: Tyranitar|Rock Slide|p2b: Incineroar|[spread] p2b
|-activate|p2a: Floette|move: Protect
|-supereffective|p2b: Incineroar|1
|-damage|p2b: Incineroar|0 fnt
|faint|p2b: Incineroar
|
|-weather|Sandstorm|[upkeep]
|-damage|p2a: Floette|37/100|[from] Sandstorm
|-damage|p1b: Rotom|80/100|[from] Sandstorm
|upkeep
|
|t:|1782239493
|switch|p2b: Politoed|Politoed, L50, M|75/100
|-weather|RainDance|[from] ability: Drizzle|[of] p2b: Politoed
|turn|10
|
|t:|1782239513
|move|p2a: Floette|Draining Kiss|p1b: Rotom
|-damage|p1b: Rotom|48/100
|-heal|p2a: Floette|62/100|[from] drain|[of] p1b: Rotom
|move|p1b: Rotom|Thunderbolt|p2a: Floette
|-damage|p2a: Floette|28/100
|move|p1a: Tyranitar|Rock Slide|p2b: Politoed|[spread] p2a,p2b
|-damage|p2a: Floette|0 fnt
|-damage|p2b: Politoed|48/100
|faint|p2a: Floette
|move|p2b: Politoed|Weather Ball|p1a: Tyranitar
|-supereffective|p1a: Tyranitar|1
|-damage|p1a: Tyranitar|3/100
|
|-weather|RainDance|[upkeep]
|upkeep
|turn|11
|c|☆joyfulwizard|gg
|
|t:|1782239528
|move|p1b: Rotom|Thunderbolt|p2b: Politoed
|-supereffective|p2b: Politoed|1
|-damage|p2b: Politoed|0 fnt
|faint|p2b: Politoed
|
|win|theonlyambipomfan
|raw|theonlyambipomfan's rating: 1086 → 1114(+28 for winning)
|raw|joyfulwizard's rating: 1092 → 1068(-24 for losing)
|c|☆theonlyambipomfan|gg
|l|☆theonlyambipomfan
|player|p1|
