|j|☆sbhaga34
|j|☆policho98
|html|sbhaga34policho98    
|uhtml|bestof|Game 2 of a best-of-3
|t:|1784817674
|gametype|doubles
|player|p1|sbhaga34|hugh|1347
|player|p2|policho98|170|1250
|gen|9
|tier|[Gen 9 Champions] VGC 2026 Reg M-B (Bo3)
|rated|
|rule|Species Clause: Limit one of each Pokémon
|rule|Item Clause: Limit 1 of each item
|clearpoke
|poke|p1|Excadrill, L50, M|
|poke|p1|Tyranitar, L50, M|
|poke|p1|Corviknight, L50, F|
|poke|p1|Rotom-Wash, L50|
|poke|p1|Chandelure, L50, F|
|poke|p1|Scovillain, L50, F|
|poke|p2|Aerodactyl, L50, F|
|poke|p2|Kingambit, L50, F|
|poke|p2|Sylveon, L50, F|
|poke|p2|Garchomp, L50, M|
|poke|p2|Charizard, L50, M|
|poke|p2|Incineroar, L50, F|
|teampreview|4
|showteam|p1|Excadrill||FocusSash|SandRush|Earthquake,IronHead,SwordsDance,Protect|Adamant||M|||50|]Tyranitar||Tyranitarite|SandStream|RockSlide,KnockOff,LowKick,Protect|Adamant||M|||50|]Corviknight||SharpBeak|MirrorArmor|BraveBird,Tailwind,BulkUp,Roost|Careful||F|||50|]Rotom-Wash||ChoiceScarf|Levitate|VoltSwitch,Thunderbolt,Electroweb,HydroPump|Timid|||||50|]Chandelure||ShucaBerry|FlashFire|HeatWave,ShadowBall,TrickRoom,Protect|Modest||F|||50|]Scovillain||Scovillainite|Chlorophyll|RagePowder,Overheat,GigaDrain,Protect|Calm||F|||50|
|showteam|p2|Aerodactyl||Aerodactylite|Unnerve|RockSlide,IceFang,Tailwind,WideGuard|Jolly||F|||50|]Kingambit||FocusSash|Defiant|KowtowCleave,SuckerPunch,IronHead,Protect|Adamant||F|||50|]Sylveon||FairyFeather|Pixilate|Detect,HyperVoice,HyperBeam,QuickAttack|Modest||F|||50|]Garchomp||LifeOrb|RoughSkin|Earthquake,DragonClaw,StompingTantrum,Protect|Jolly||M|||50|]Charizard||CharizarditeY|Blaze|Protect,HeatWave,SolarBeam,WeatherBall|Modest||M|||50|]Incineroar||SitrusBerry|Intimidate|DarkestLariat,FlareBlitz,FakeOut,PartingShot|Impish||F|||50|
|inactive|Battle timer is ON: inactive players will automatically lose when time's up. (requested by sbhaga34)
|j| LValt
|l| LValt
|inactive|sbhaga34 has 60 seconds left.
|inactive|sbhaga34 has 30 seconds left.
|
|t:|1784817743
|teamsize|p1|4
|teamsize|p2|4
|start
|switch|p1a: Scovillain|Scovillain, L50, F|100/100
|switch|p1b: Chandelure|Chandelure, L50, F|100/100
|switch|p2a: Incineroar|Incineroar, L50, F|100/100
|switch|p2b: Charizard|Charizard, L50, M|100/100
|-ability|p2a: Incineroar|Intimidate|boost
|-unboost|p1a: Scovillain|atk|1
|-unboost|p1b: Chandelure|atk|1
|turn|1
|inactive|sbhaga34 has 30 seconds left.
|inactive|sbhaga34 has 20 seconds left.
|inactive|sbhaga34 has 15 seconds left.
|
|t:|1784817784
|switch|p1b: Tyranitar|Tyranitar, L50, M|100/100
|-weather|Sandstorm|[from] ability: Sand Stream|[of] p1b: Tyranitar
|detailschange|p2b: Charizard|Charizard-Mega-Y, L50, M
|-mega|p2b: Charizard|Charizard|Charizardite Y
|-weather|SunnyDay|[from] ability: Drought|[of] p2b: Charizard
|move|p1a: Scovillain|Protect|p1a: Scovillain
|-singleturn|p1a: Scovillain|Protect
|move|p2b: Charizard|Weather Ball|p1a: Scovillain
|-activate|p1a: Scovillain|move: Protect
|move|p2a: Incineroar|Darkest Lariat|p1b: Tyranitar
|-resisted|p1b: Tyranitar|1
|-damage|p1b: Tyranitar|87/100
|
|-weather|SunnyDay|[upkeep]
|upkeep
|turn|2
|
|t:|1784817806
|switch|p1a: Corviknight|Corviknight, L50, F|100/100
|switch|p2b: Garchomp|Garchomp, L50, M|100/100
|detailschange|p1b: Tyranitar|Tyranitar-Mega, L50, M
|-mega|p1b: Tyranitar|Tyranitar|Tyranitarite
|-weather|Sandstorm|[from] ability: Sand Stream|[of] p1b: Tyranitar
|move|p1b: Tyranitar|Rock Slide|p2b: Garchomp|[spread] p2a,p2b
|-supereffective|p2a: Incineroar|1
|-resisted|p2b: Garchomp|1
|-damage|p2a: Incineroar|54/100
|-damage|p2b: Garchomp|83/100
|move|p2a: Incineroar|Parting Shot|p1b: Tyranitar
|-unboost|p1b: Tyranitar|atk|1
|-unboost|p1b: Tyranitar|spa|1
|
|t:|1784817819
|switch|p2a: Charizard|Charizard-Mega-Y, L50, M|100/100|[from] Parting Shot
|-weather|SunnyDay|[from] ability: Drought|[of] p2a: Charizard
|
|-weather|SunnyDay|[upkeep]
|upkeep
|turn|3
|inactive|sbhaga34 has 30 seconds left.
|
|t:|1784817847
|move|p2b: Garchomp|Earthquake|p1a: Corviknight|[spread] p1b
|-immune|p2a: Charizard
|-immune|p1a: Corviknight
|-supereffective|p1b: Tyranitar|1
|-damage|p1b: Tyranitar|27/100
|-damage|p2b: Garchomp|73/100|[from] item: Life Orb
|move|p2a: Charizard|Heat Wave|p1a: Corviknight|[spread] p1a,p1b
|-supereffective|p1a: Corviknight|1
|-resisted|p1b: Tyranitar|1
|-damage|p1a: Corviknight|0 fnt
|-damage|p1b: Tyranitar|5/100
|faint|p1a: Corviknight
|move|p1b: Tyranitar|Rock Slide|p2b: Garchomp|[spread] p2a,p2b
|-supereffective|p2a: Charizard|2
|-resisted|p2b: Garchomp|1
|-damage|p2a: Charizard|2/100
|-damage|p2b: Garchomp|61/100
|
|-weather|SunnyDay|[upkeep]
|upkeep
|
|t:|1784817860
|switch|p1a: Chandelure|Chandelure, L50, F|100/100
|turn|4
|
|t:|1784817868
|switch|p2a: Incineroar|Incineroar, L50, F|54/100
|-ability|p2a: Incineroar|Intimidate|boost
|-unboost|p1a: Chandelure|atk|1
|-unboost|p1b: Tyranitar|atk|1
|move|p1b: Tyranitar|Protect|p1b: Tyranitar
|-singleturn|p1b: Tyranitar|Protect
|move|p2b: Garchomp|Stomping Tantrum|p1a: Chandelure
|-supereffective|p1a: Chandelure|1
|-enditem|p1a: Chandelure|Shuca Berry|[eat]
|-enditem|p1a: Chandelure|Shuca Berry|[weaken]
|-damage|p1a: Chandelure|35/100
|-damage|p2b: Garchomp|51/100|[from] item: Life Orb
|move|p1a: Chandelure|Trick Room|p1a: Chandelure
|-fieldstart|move: Trick Room|[of] p1a: Chandelure
|
|-weather|SunnyDay|[upkeep]
|upkeep
|turn|5
|-message|sbhaga34 forfeited.
|
|win|policho98
