|j|☆glofer
|j|☆MothBug_24
|html|gloferMothBug_24    
|uhtml|bestof|Game 2 of a best-of-3
|t:|1783570547
|gametype|doubles
|player|p1|glofer|blackbelt|1049
|player|p2|MothBug_24|camper|1000
|gen|9
|tier|[Gen 9 Champions] VGC 2026 Reg M-B (Bo3)
|rated|
|rule|Species Clause: Limit one of each Pokémon
|rule|Item Clause: Limit 1 of each item
|clearpoke
|poke|p1|Lopunny, L50, F|
|poke|p1|Farigiraf, L50, M|
|poke|p1|Snorlax, L50, M|
|poke|p1|Drampa, L50, F|
|poke|p1|Maushold-Four, L50|
|poke|p1|Kangaskhan, L50, F|
|poke|p2|Kangaskhan, L50, F|
|poke|p2|Golurk, L50|
|poke|p2|Sinistcha, L50|
|poke|p2|Gholdengo, L50|
|poke|p2|Sylveon, L50, F|
|poke|p2|Incineroar, L50, M|
|teampreview|4
|showteam|p1|Lopunny||Lopunnite|Limber|CloseCombat,MachPunch,SwordsDance,FakeOut|Jolly||F|||50|]Farigiraf||SitrusBerry|ArmorTail|TwinBeam,HyperVoice,CalmMind,TrickRoom|Quiet||M|||50|]Snorlax||ChestoBerry|ThickFat|BodySlam,RockSlide,BellyDrum,Rest|Sassy||M|||50|]Drampa||LifeOrb|CloudNine|HyperBeam,DracoMeteor,Snarl,Protect|Modest||F|||50|]Maushold-Four||WideLens|FriendGuard|PopulationBomb,Encore,Taunt,Protect|Jolly|||||50|]Kangaskhan||Kangaskhanite|InnerFocus|DoubleEdge,SuckerPunch,Earthquake,Protect|Adamant||F|||50|
|showteam|p2|Kangaskhan||SilkScarf|Scrappy|FakeOut,LastResort|Adamant||F|||50|]Golurk||Golurkite|IronFist|HeadlongRush,Poltergeist,IceBeam,Protect|Brave|||||50|]Sinistcha||KasibBerry|Hospitality|MatchaGotcha,LifeDew,TrickRoom,RagePowder|Serious|||||50|]Gholdengo||LifeOrb|GoodasGold|NastyPlot,MakeItRain,ShadowBall,Protect|Modest|||||50|]Sylveon||FocusSash|Pixilate|QuickAttack,HyperVoice,Detect,HyperBeam|Rash||F|||50|]Incineroar||SitrusBerry|Blaze|DarkestLariat,FlareBlitz,PartingShot,FakeOut|Impish||M|||50|
|inactive|Battle timer is ON: inactive players will automatically lose when time's up. (requested by glofer)
|
|t:|1783570559
|teamsize|p1|4
|teamsize|p2|4
|start
|switch|p1a: Lopunny|Lopunny, L50, F|100/100
|switch|p1b: Farigiraf|Farigiraf, L50, M|100/100
|switch|p2a: Sylveon|Sylveon, L50, F|100/100
|switch|p2b: Sinistcha|Sinistcha, L50|100/100
|turn|1
|
|t:|1783570581
|detailschange|p1a: Lopunny|Lopunny-Mega, L50, F
|-mega|p1a: Lopunny|Lopunny|Lopunnite
|move|p1a: Lopunny|Fake Out|p2a: Sylveon
|-damage|p2a: Sylveon|71/100
|cant|p2a: Sylveon|flinch
|move|p1b: Farigiraf|Calm Mind|p1b: Farigiraf
|-boost|p1b: Farigiraf|spa|1
|-boost|p1b: Farigiraf|spd|1
|move|p2b: Sinistcha|Trick Room|p2b: Sinistcha
|-fieldstart|move: Trick Room|[of] p2b: Sinistcha
|
|upkeep
|turn|2
|
|t:|1783570600
|switch|p1a: Snorlax|Snorlax, L50, M|100/100
|move|p1b: Farigiraf|Twin Beam|p2b: Sinistcha
|-damage|p2b: Sinistcha|67/100
|-damage|p2b: Sinistcha|35/100
|-hitcount|p2b: Sinistcha|2
|move|p2a: Sylveon|Hyper Beam|p1a: Snorlax
|-damage|p1a: Snorlax|49/100
|-mustrecharge|p2a: Sylveon
|move|p2b: Sinistcha|Life Dew|p2b: Sinistcha|[spread] p2a,p2b
|-heal|p2a: Sylveon|97/100
|-heal|p2b: Sinistcha|60/100
|
|upkeep
|turn|3
|
|t:|1783570622
|move|p1a: Snorlax|Rest|p1a: Snorlax
|-status|p1a: Snorlax|slp|[from] move: Rest
|-heal|p1a: Snorlax|100/100 slp|[silent]
|-enditem|p1a: Snorlax|Chesto Berry|[eat]
|-curestatus|p1a: Snorlax|slp|[msg]
|move|p1b: Farigiraf|Calm Mind|p1b: Farigiraf
|-boost|p1b: Farigiraf|spa|1
|-boost|p1b: Farigiraf|spd|1
|cant|p2a: Sylveon|recharge
|move|p2b: Sinistcha|Matcha Gotcha|p1b: Farigiraf|[spread] p1a,p1b
|-crit|p1b: Farigiraf
|-damage|p1a: Snorlax|86/100
|-heal|p2b: Sinistcha|70/100|[from] drain|[of] p1a: Snorlax
|-damage|p1b: Farigiraf|61/100
|-heal|p2b: Sinistcha|95/100|[from] drain|[of] p1b: Farigiraf
|-status|p1a: Snorlax|brn
|
|-damage|p1a: Snorlax|80/100 brn|[from] brn
|upkeep
|turn|4
|inactive|MothBug_24 has 30 seconds left.
|
|t:|1783570655
|move|p1a: Snorlax|Belly Drum|p1a: Snorlax
|-damage|p1a: Snorlax|30/100 brn
|-setboost|p1a: Snorlax|atk|6|[from] move: Belly Drum
|move|p1b: Farigiraf|Twin Beam|p2b: Sinistcha
|-damage|p2b: Sinistcha|46/100
|-damage|p2b: Sinistcha|0 fnt
|faint|p2b: Sinistcha
|-hitcount|p2: Sinistcha|2
|move|p2a: Sylveon|Hyper Voice|p1b: Farigiraf|[spread] p1a,p1b
|-damage|p1a: Snorlax|8/100 brn
|-damage|p1b: Farigiraf|39/100
|-enditem|p1b: Farigiraf|Sitrus Berry|[eat]
|-heal|p1b: Farigiraf|64/100|[from] item: Sitrus Berry
|
|-damage|p1a: Snorlax|2/100 brn|[from] brn
|upkeep
|
|t:|1783570669
|switch|p2b: Golurk|Golurk, L50|100/100
|turn|5
|
|t:|1783570678
|detailschange|p2b: Golurk|Golurk-Mega, L50
|-mega|p2b: Golurk|Golurk|Golurkite
|move|p1a: Snorlax|Rest|p1a: Snorlax
|-status|p1a: Snorlax|slp|[from] move: Rest
|-heal|p1a: Snorlax|100/100 slp|[silent]
|move|p2b: Golurk|Headlong Rush|p1b: Farigiraf
|-damage|p1b: Farigiraf|0 fnt
|-unboost|p2b: Golurk|def|1
|-unboost|p2b: Golurk|spd|1
|faint|p1b: Farigiraf
|move|p2a: Sylveon|Hyper Voice|p1a: Snorlax
|-damage|p1a: Snorlax|68/100 slp
|
|-fieldend|move: Trick Room
|upkeep
|
|t:|1783570691
|switch|p1b: Lopunny|Lopunny-Mega, L50, F|100/100
|turn|6
|inactive|glofer has 30 seconds left.
|
|t:|1783570717
|move|p2a: Sylveon|Detect|p2a: Sylveon
|-singleturn|p2a: Sylveon|Protect
|move|p2b: Golurk|Protect|p2b: Golurk
|-singleturn|p2b: Golurk|Protect
|move|p1b: Lopunny|Fake Out|p2a: Sylveon
|-activate|p2a: Sylveon|move: Protect
|cant|p1a: Snorlax|slp
|
|upkeep
|turn|7
|
|t:|1783570738
|move|p1b: Lopunny|Close Combat|p2b: Golurk
|-damage|p2b: Golurk|34/100
|-unboost|p1b: Lopunny|def|1
|-unboost|p1b: Lopunny|spd|1
|move|p2a: Sylveon|Hyper Voice|p1a: Snorlax|[spread] p1a,p1b
|-supereffective|p1b: Lopunny|1
|-damage|p1a: Snorlax|43/100 slp
|-damage|p1b: Lopunny|0 fnt
|faint|p1b: Lopunny
|move|p2b: Golurk|Headlong Rush|p1a: Snorlax
|-crit|p1a: Snorlax
|-damage|p1a: Snorlax|0 fnt
|-unboost|p2b: Golurk|def|1
|-unboost|p2b: Golurk|spd|1
|faint|p1a: Snorlax
|
|upkeep
|-message|glofer forfeited.
|
|win|MothBug_24
|raw|glofer's rating: 1049 → 1029(-20 for losing)
|raw|MothBug_24's rating: 1000 → 1046(+46 for winning)
|l|☆glofer
|player|p1|
