|j|☆spellbreakvgc
|j|☆iLouca
|html|spellbreakvgciLouca    
|uhtml|bestof|Game 3 of a best-of-3
|t:|1757929377
|gametype|doubles
|player|p1|spellbreakvgc|lance|1111
|player|p2|iLouca|acetrainer|1065
|gen|9
|tier|[Gen 9] VGC 2025 Reg H (Bo3)
|rated|
|rule|Species Clause: Limit one of each Pokémon
|rule|Item Clause: Limit 1 of each item
|clearpoke
|poke|p1|Grimmsnarl, L50, M|
|poke|p1|Incineroar, L50, F|
|poke|p1|Umbreon, L50, F|
|poke|p1|Rillaboom, L50, M|
|poke|p1|Archaludon, L50, F|
|poke|p1|Pelipper, L50, M|
|poke|p2|Charizard, L50, M|
|poke|p2|Dragapult, L50, M|
|poke|p2|Gholdengo, L50|
|poke|p2|Ursaluna, L50, M|
|poke|p2|Whimsicott, L50, F|
|poke|p2|Tyranitar, L50, M|
|teampreview|4
|showteam|p1|Grimmsnarl||LightClay|Prankster|PartingShot,LightScreen,Reflect,SpiritBreak|||M|||50|,,,,,Ghost]Incineroar||SafetyGoggles|Intimidate|PartingShot,FakeOut,KnockOff,Roar|||F|||50|,,,,,Water]Umbreon||Leftovers|InnerFocus|Snarl,Protect,LightScreen,Toxic|||F|||50|,,,,,Poison]Rillaboom||LoadedDice|GrassySurge|FakeOut,Uproar,BulletSeed,Protect|||M|||50|,,,,,Fire]Archaludon||AssaultVest|Stamina|Snarl,BreakingSwipe,BodyPress,ElectroShot|||F|||50|,,,,,Fighting]Pelipper||FocusSash|Drizzle|Tailwind,Hurricane,WeatherBall,Protect|||M|||50|,,,,,Ground
|showteam|p2|Charizard||LifeOrb|SolarPower|HeatWave,AirSlash,SolarBeam,Protect|||M|||50|,,,,,Fire]Dragapult||ChoiceBand|ClearBody|DragonDarts,PhantomForce,TeraBlast,Uturn|||M|||50|,,,,,Ghost]Gholdengo||MetalCoat|GoodasGold|MakeItRain,ShadowBall,NastyPlot,Protect||||||50|,,,,,Water]Ursaluna||FlameOrb|Guts|Facade,HeadlongRush,Earthquake,Protect|||M|||50|,,,,,Ghost]Whimsicott||CovertCloak|Prankster|Moonblast,Encore,SunnyDay,Tailwind|||F|||50|,,,,,Dark]Tyranitar||ClearAmulet|SandStream|RockSlide,KnockOff,TeraBlast,Protect|||M|||50|,,,,,Flying
|inactive|Battle timer is ON: inactive players will automatically lose when time's up. (requested by spellbreakvgc)
|
|t:|1757929402
|teamsize|p1|4
|teamsize|p2|4
|start
|switch|p1a: Grimmsnarl|Grimmsnarl, L50, M|100/100
|switch|p1b: Umbreon|Umbreon, L50, F|100/100
|switch|p2a: Gholdengo|Gholdengo, L50|100/100
|switch|p2b: Tyranitar|Tyranitar, L50, M|100/100
|-weather|Sandstorm|[from] ability: Sand Stream|[of] p2b: Tyranitar
|turn|1
|
|t:|1757929422
|move|p1a: Grimmsnarl|Reflect|p1a: Grimmsnarl
|-sidestart|p1: spellbreakvgc|Reflect
|move|p2b: Tyranitar|Rock Slide|p1b: Umbreon|[spread] p1a,p1b
|-damage|p1a: Grimmsnarl|80/100
|-damage|p1b: Umbreon|84/100
|move|p2a: Gholdengo|Make It Rain|p1b: Umbreon|[spread] p1a,p1b
|-supereffective|p1a: Grimmsnarl
|-damage|p1a: Grimmsnarl|0 fnt
|-damage|p1b: Umbreon|50/100
|-unboost|p2a: Gholdengo|spa|1
|faint|p1a: Grimmsnarl
|move|p1b: Umbreon|Snarl|p2b: Tyranitar|[spread] p2a
|-miss|p1b: Umbreon|p2b: Tyranitar
|-supereffective|p2a: Gholdengo
|-damage|p2a: Gholdengo|81/100
|-unboost|p2a: Gholdengo|spa|1
|
|-weather|Sandstorm|[upkeep]
|-damage|p1b: Umbreon|45/100|[from] Sandstorm
|-heal|p1b: Umbreon|50/100|[from] item: Leftovers
|upkeep
|
|t:|1757929439
|switch|p1a: Pelipper|Pelipper, L50, M|100/100
|-weather|RainDance|[from] ability: Drizzle|[of] p1a: Pelipper
|turn|2
|
|t:|1757929453
|-terastallize|p1a: Pelipper|Ground
|move|p1a: Pelipper|Weather Ball|p2b: Tyranitar
|-supereffective|p2b: Tyranitar
|-crit|p2b: Tyranitar
|-damage|p2b: Tyranitar|0 fnt
|faint|p2b: Tyranitar
|move|p2a: Gholdengo|Nasty Plot|p2a: Gholdengo
|-boost|p2a: Gholdengo|spa|2
|move|p1b: Umbreon|Light Screen|p1b: Umbreon
|-sidestart|p1: spellbreakvgc|move: Light Screen
|
|-weather|RainDance|[upkeep]
|-heal|p1b: Umbreon|56/100|[from] item: Leftovers
|upkeep
|
|t:|1757929468
|switch|p2b: Whimsicott|Whimsicott, L50, F|100/100
|turn|3
|
|t:|1757929482
|move|p2a: Gholdengo|Protect|p2a: Gholdengo
|-singleturn|p2a: Gholdengo|Protect
|move|p2b: Whimsicott|Tailwind|p2b: Whimsicott
|-sidestart|p2: iLouca|move: Tailwind
|move|p1a: Pelipper|Hurricane|p2b: Whimsicott
|-supereffective|p2b: Whimsicott
|-damage|p2b: Whimsicott|0 fnt
|faint|p2b: Whimsicott
|move|p1b: Umbreon|Snarl|p2a: Gholdengo
|-activate|p2a: Gholdengo|move: Protect
|
|-weather|RainDance|[upkeep]
|-heal|p1b: Umbreon|62/100|[from] item: Leftovers
|upkeep
|
|t:|1757929496
|switch|p2b: Charizard|Charizard, L50, M|100/100
|turn|4
|
|t:|1757929519
|-terastallize|p2a: Gholdengo|Water
|move|p2b: Charizard|Protect|p2b: Charizard
|-singleturn|p2b: Charizard|Protect
|move|p2a: Gholdengo|Nasty Plot|p2a: Gholdengo
|-boost|p2a: Gholdengo|spa|2
|move|p1a: Pelipper|Weather Ball|p2b: Charizard
|-activate|p2b: Charizard|move: Protect
|move|p1b: Umbreon|Snarl|p2a: Gholdengo|[spread] p2a
|-activate|p2b: Charizard|move: Protect
|-damage|p2a: Gholdengo|71/100
|-unboost|p2a: Gholdengo|spa|1
|
|-weather|RainDance|[upkeep]
|-heal|p1b: Umbreon|68/100|[from] item: Leftovers
|upkeep
|turn|5
|inactive|spellbreakvgc has 30 seconds left.
|
|t:|1757929547
|move|p2b: Charizard|Air Slash|p1a: Pelipper
|-damage|p1a: Pelipper|46/100
|-damage|p2b: Charizard|91/100|[from] item: Life Orb
|move|p2a: Gholdengo|Make It Rain|p1b: Umbreon|[spread] p1a,p1b
|-damage|p1a: Pelipper|0 fnt
|-damage|p1b: Umbreon|33/100
|-unboost|p2a: Gholdengo|spa|1
|faint|p1a: Pelipper
|move|p1b: Umbreon|Snarl|p2a: Gholdengo|[spread] p2a,p2b
|-damage|p2a: Gholdengo|62/100
|-damage|p2b: Charizard|79/100
|-unboost|p2a: Gholdengo|spa|1
|-unboost|p2b: Charizard|spa|1
|
|-weather|RainDance|[upkeep]
|-heal|p1b: Umbreon|39/100|[from] item: Leftovers
|upkeep
|
|t:|1757929561
|switch|p1a: Incineroar|Incineroar, L50, F|100/100
|-ability|p1a: Incineroar|Intimidate|boost
|-unboost|p2a: Gholdengo|atk|1
|-unboost|p2b: Charizard|atk|1
|turn|6
|inactive|spellbreakvgc has 30 seconds left.
|
|t:|1757929592
|move|p1a: Incineroar|Fake Out|p2a: Gholdengo
|-damage|p2a: Gholdengo|52/100
|move|p2b: Charizard|Air Slash|p1b: Umbreon
|-damage|p1b: Umbreon|27/100
|-damage|p2b: Charizard|69/100|[from] item: Life Orb
|cant|p2a: Gholdengo|flinch
|move|p1b: Umbreon|Snarl|p2a: Gholdengo|[spread] p2a,p2b
|-damage|p2a: Gholdengo|42/100
|-damage|p2b: Charizard|59/100
|-unboost|p2a: Gholdengo|spa|1
|-unboost|p2b: Charizard|spa|1
|
|-weather|none
|-heal|p1b: Umbreon|33/100|[from] item: Leftovers
|-sideend|p1: spellbreakvgc|move: Light Screen
|-sideend|p2: iLouca|move: Tailwind
|upkeep
|turn|7
|inactive|spellbreakvgc has 30 seconds left.
|
|t:|1757929621
|move|p2b: Charizard|Air Slash|p1b: Umbreon
|-damage|p1b: Umbreon|21/100
|-damage|p2b: Charizard|49/100|[from] item: Life Orb
|move|p2a: Gholdengo|Nasty Plot|p2a: Gholdengo
|-boost|p2a: Gholdengo|spa|2
|move|p1b: Umbreon|Snarl|p2b: Charizard|[spread] p2a,p2b
|-damage|p2a: Gholdengo|33/100
|-damage|p2b: Charizard|38/100
|-unboost|p2a: Gholdengo|spa|1
|-unboost|p2b: Charizard|spa|1
|move|p1a: Incineroar|Knock Off|p2a: Gholdengo
|-damage|p2a: Gholdengo|0 fnt
|-enditem|p2a: Gholdengo|Metal Coat|[from] move: Knock Off|[of] p1a: Incineroar
|faint|p2a: Gholdengo
|
|-heal|p1b: Umbreon|27/100|[from] item: Leftovers
|upkeep
|turn|8
|inactive|spellbreakvgc has 30 seconds left.
|
|t:|1757929647
|move|p2b: Charizard|Heat Wave|p1b: Umbreon|[spread] p1a,p1b
|-resisted|p1a: Incineroar
|-damage|p1a: Incineroar|95/100
|-damage|p1b: Umbreon|17/100
|-damage|p2b: Charizard|28/100|[from] item: Life Orb
|move|p1b: Umbreon|Snarl|p2b: Charizard
|-damage|p2b: Charizard|12/100
|-unboost|p2b: Charizard|spa|1
|move|p1a: Incineroar|Knock Off|p2b: Charizard
|-damage|p2b: Charizard|0 fnt
|-enditem|p2b: Charizard|Life Orb|[from] move: Knock Off|[of] p1a: Incineroar
|faint|p2b: Charizard
|
|win|spellbreakvgc
