|j|☆volcanicrj
|j|☆Jositoelpanameno
|html|volcanicrjJositoelpanameno    
|uhtml|bestof|Game 2 of a best-of-3
|t:|1757918061
|gametype|doubles
|player|p1|volcanicrj|flannery|1047
|player|p2|Jositoelpanameno|102|1059
|gen|9
|tier|[Gen 9] VGC 2025 Reg H (Bo3)
|rated|
|rule|Species Clause: Limit one of each Pokémon
|rule|Item Clause: Limit 1 of each item
|clearpoke
|poke|p1|Dragonite, L50, F|
|poke|p1|Dondozo, L50, F|
|poke|p1|Electabuzz, L50, M|
|poke|p1|Sneasler, L50, M|
|poke|p1|Rillaboom, L50, M|
|poke|p1|Gliscor, L50, F|
|poke|p2|Porygon2, L50|
|poke|p2|Incineroar, L50, M|
|poke|p2|Ursaluna, L50, M|
|poke|p2|Amoonguss, L50, F|
|poke|p2|Gholdengo, L50|
|poke|p2|Dragonite, L50, F|
|teampreview|4
|showteam|p1|Dragonite||LoadedDice|Multiscale|ScaleShot,Tailwind,Haze,Protect|||F|||50|,,,,,Fairy]Dondozo||Leftovers|Unaware|Fissure,WaveCrash,Protect,Yawn|||F|||50|,,,,,Grass]Electabuzz||Eviolite|VitalSpirit|FollowMe,Thunderbolt,Taunt,HelpingHand|||M|||50|,,,,,Ghost]Sneasler||FocusSash|Unburden|DireClaw,Coaching,Protect,CloseCombat|||M|||50|,,,,,Stellar]Rillaboom||AssaultVest|GrassySurge|FakeOut,WoodHammer,GrassyGlide,Uturn|||M|||50|,,,,,Fire]Gliscor||ToxicOrb|PoisonHeal|DualWingbeat,HighHorsepower,SwordsDance,Protect|||F|||50|,,,,,Water
|showteam|p2|Porygon2||Eviolite|Download|TeraBlast,IceBeam,Recover,TrickRoom||||||50|,,,,,Fighting]Incineroar||SafetyGoggles|Intimidate|FakeOut,KnockOff,FlareBlitz,PartingShot|||M|||50|,,,,,Ghost]Ursaluna||FlameOrb|Guts|HeadlongRush,Facade,Earthquake,Protect|||M|||50|,,,,,Ghost]Amoonguss||SitrusBerry|Regenerator|PollenPuff,Spore,RagePowder,Protect|||F|||50|,,,,,Water]Gholdengo||LifeOrb|GoodasGold|MakeItRain,ShadowBall,NastyPlot,Protect||||||50|,,,,,Water]Dragonite||LoadedDice|Multiscale|ScaleShot,Haze,Tailwind,Protect|||F|||50|,,,,,Steel
|inactive|Battle timer is ON: inactive players will automatically lose when time's up. (requested by volcanicrj)
|
|t:|1757918097
|teamsize|p1|4
|teamsize|p2|4
|start
|switch|p1a: ugly|Sneasler, L50, M, shiny|100/100
|switch|p1b: Batman|Gliscor, L50, F|100/100
|switch|p2a: Incineroar|Incineroar, L50, M|100/100
|switch|p2b: Ursaluna|Ursaluna, L50, M|100/100
|-ability|p2a: Incineroar|Intimidate|boost
|-unboost|p1a: ugly|atk|1
|-unboost|p1b: Batman|atk|1
|turn|1
|inactive|Jositoelpanameno has 30 seconds left.
|inactive|Jositoelpanameno has 20 seconds left.
|
|t:|1757918136
|-terastallize|p2a: Incineroar|Ghost
|move|p1b: Batman|Protect|p1b: Batman
|-singleturn|p1b: Batman|Protect
|move|p2a: Incineroar|Fake Out|p1a: ugly
|-damage|p1a: ugly|82/100
|cant|p1a: ugly|flinch
|move|p2b: Ursaluna|Headlong Rush|p1a: ugly
|-supereffective|p1a: ugly
|-damage|p1a: ugly|0 fnt
|-unboost|p2b: Ursaluna|def|1
|-unboost|p2b: Ursaluna|spd|1
|faint|p1a: ugly
|
|-status|p1b: Batman|tox|[from] item: Toxic Orb
|-status|p2b: Ursaluna|brn|[from] item: Flame Orb
|upkeep
|
|t:|1757918149
|switch|p1a: Friend|Dragonite, L50, F, shiny|100/100
|turn|2
|inactive|volcanicrj has 30 seconds left.
|inactive|Jositoelpanameno has 30 seconds left.
|
|t:|1757918177
|-terastallize|p1a: Friend|Fairy
|move|p2b: Ursaluna|Protect|p2b: Ursaluna
|-singleturn|p2b: Ursaluna|Protect
|move|p1b: Batman|High Horsepower|p2b: Ursaluna
|-activate|p2b: Ursaluna|move: Protect
|move|p1a: Friend|Scale Shot|p2b: Ursaluna
|-activate|p2b: Ursaluna|move: Protect
|move|p2a: Incineroar|Parting Shot|p1a: Friend
|-unboost|p1a: Friend|atk|1
|-unboost|p1a: Friend|spa|1
|inactive|Jositoelpanameno has 30 seconds left.
|
|t:|1757918204
|switch|p2a: Dragonite|Dragonite, L50, F|100/100|[from] Parting Shot
|
|-damage|p2b: Ursaluna|95/100 brn|[from] brn
|upkeep
|turn|3
|inactive|volcanicrj has 30 seconds left.
|
|t:|1757918232
|switch|p2b: Incineroar|Incineroar, L50, M, tera:Ghost|100/100
|-ability|p2b: Incineroar|Intimidate|boost
|-unboost|p1a: Friend|atk|1
|-unboost|p1b: Batman|atk|1
|move|p1b: Batman|Protect|p1b: Batman
|-singleturn|p1b: Batman|Protect
|move|p2a: Dragonite|Protect|p2a: Dragonite
|-singleturn|p2a: Dragonite|Protect
|move|p1a: Friend|Scale Shot|p2a: Dragonite
|-activate|p2a: Dragonite|move: Protect
|
|upkeep
|turn|4
|inactive|volcanicrj has 30 seconds left.
|
|t:|1757918258
|switch|p1a: Big Bozo|Dondozo, L50, F, shiny|100/100
|move|p2b: Incineroar|Fake Out|p1a: Big Bozo
|-damage|p1a: Big Bozo|94/100
|move|p1b: Batman|High Horsepower|p2b: Incineroar
|-damage|p2b: Incineroar|85/100
|move|p2a: Dragonite|Tailwind|p2a: Dragonite
|-sidestart|p2: Jositoelpanameno|move: Tailwind
|
|-heal|p1a: Big Bozo|99/100|[from] item: Leftovers
|upkeep
|turn|5
|
|t:|1757918278
|switch|p1b: Friend|Dragonite, L50, F, shiny, tera:Fairy|100/100
|move|p2a: Dragonite|Scale Shot|p1b: Friend
|-immune|p1b: Friend
|move|p2b: Incineroar|Knock Off|p1a: Big Bozo
|-damage|p1a: Big Bozo|73/100
|-enditem|p1a: Big Bozo|Leftovers|[from] move: Knock Off|[of] p2b: Incineroar
|move|p1a: Big Bozo|Yawn|p2a: Dragonite
|-start|p2a: Dragonite|move: Yawn|[of] p1a: Big Bozo
|
|upkeep
|turn|6
|
|t:|1757918297
|move|p2a: Dragonite|Scale Shot|p1a: Big Bozo
|-damage|p1a: Big Bozo|63/100
|-damage|p1a: Big Bozo|53/100
|-damage|p1a: Big Bozo|42/100
|-damage|p1a: Big Bozo|33/100
|-hitcount|p1a: Big Bozo|4
|-unboost|p2a: Dragonite|def|1
|-boost|p2a: Dragonite|spe|1
|move|p2b: Incineroar|Parting Shot|p1b: Friend
|-unboost|p1b: Friend|atk|1
|-unboost|p1b: Friend|spa|1
|
|t:|1757918309
|switch|p2b: Gholdengo|Gholdengo, L50|100/100|[from] Parting Shot
|move|p1b: Friend|Scale Shot|p2b: Gholdengo
|-resisted|p2b: Gholdengo
|-damage|p2b: Gholdengo|95/100
|-resisted|p2b: Gholdengo
|-damage|p2b: Gholdengo|90/100
|-resisted|p2b: Gholdengo
|-damage|p2b: Gholdengo|84/100
|-resisted|p2b: Gholdengo
|-damage|p2b: Gholdengo|79/100
|-resisted|p2b: Gholdengo
|-damage|p2b: Gholdengo|73/100
|-hitcount|p2b: Gholdengo|5
|-unboost|p1b: Friend|def|1
|-boost|p1b: Friend|spe|1
|move|p1a: Big Bozo|Wave Crash|p2b: Gholdengo
|-damage|p2b: Gholdengo|13/100
|-damage|p1a: Big Bozo|20/100|[from] Recoil
|
|-end|p2a: Dragonite|move: Yawn|[silent]
|-status|p2a: Dragonite|slp
|upkeep
|turn|7
|inactive|volcanicrj has 30 seconds left.
|
|t:|1757918335
|switch|p2a: Incineroar|Incineroar, L50, M, tera:Ghost|85/100
|-ability|p2a: Incineroar|Intimidate|boost
|-unboost|p1a: Big Bozo|atk|1
|-unboost|p1b: Friend|atk|1
|move|p1b: Friend|Protect|p1b: Friend
|-singleturn|p1b: Friend|Protect
|move|p2b: Gholdengo|Make It Rain|p1b: Friend|[spread] p1a
|-activate|p1b: Friend|move: Protect
|-resisted|p1a: Big Bozo
|-damage|p1a: Big Bozo|0 fnt
|-unboost|p2b: Gholdengo|spa|1
|faint|p1a: Big Bozo
|-damage|p2b: Gholdengo|3/100|[from] item: Life Orb
|
|-sideend|p2: Jositoelpanameno|move: Tailwind
|upkeep
|
|t:|1757918345
|switch|p1a: Batman|Gliscor, L50, F|100/100 tox
|turn|8
|inactive|volcanicrj has 30 seconds left.
|
|t:|1757918376
|switch|p2b: Dragonite|Dragonite, L50, F|100/100 slp
|move|p2a: Incineroar|Fake Out|p1b: Friend
|-damage|p1b: Friend|91/100
|cant|p1b: Friend|flinch
|move|p1a: Batman|Swords Dance|p1a: Batman
|-boost|p1a: Batman|atk|2
|
|upkeep
|turn|9
|
|t:|1757918394
|cant|p2b: Dragonite|slp
|move|p1b: Friend|Scale Shot|p2b: Dragonite
|-supereffective|p2b: Dragonite
|-damage|p2b: Dragonite|91/100 slp
|-supereffective|p2b: Dragonite
|-damage|p2b: Dragonite|73/100 slp
|-supereffective|p2b: Dragonite
|-damage|p2b: Dragonite|54/100 slp
|-supereffective|p2b: Dragonite
|-damage|p2b: Dragonite|38/100 slp
|-hitcount|p2b: Dragonite|4
|-unboost|p1b: Friend|def|1
|-boost|p1b: Friend|spe|1
|move|p1a: Batman|High Horsepower|p2a: Incineroar
|-damage|p2a: Incineroar|18/100
|move|p2a: Incineroar|Parting Shot|p1a: Batman
|-unboost|p1a: Batman|atk|1
|-unboost|p1a: Batman|spa|1
|
|t:|1757918401
|switch|p2a: Ursaluna|Ursaluna, L50, M|95/100 brn|[from] Parting Shot
|
|-damage|p2a: Ursaluna|89/100 brn|[from] brn
|upkeep
|turn|10
|
|t:|1757918426
|move|p1b: Friend|Scale Shot|p2b: Dragonite
|-supereffective|p2b: Dragonite
|-damage|p2b: Dragonite|20/100 slp
|-supereffective|p2b: Dragonite
|-damage|p2b: Dragonite|2/100 slp
|-supereffective|p2b: Dragonite
|-damage|p2b: Dragonite|0 fnt
|faint|p2b: Dragonite
|-hitcount|p2: Dragonite|3
|-unboost|p1b: Friend|def|1
|-boost|p1b: Friend|spe|1
|move|p1a: Batman|High Horsepower|p2a: Ursaluna
|-damage|p2a: Ursaluna|49/100 brn
|move|p2a: Ursaluna|Facade|p1a: Batman
|-damage|p1a: Batman|0 fnt
|faint|p1a: Batman
|
|-damage|p2a: Ursaluna|44/100 brn|[from] brn
|upkeep
|
|t:|1757918429
|switch|p2b: Incineroar|Incineroar, L50, M, tera:Ghost|18/100
|-ability|p2b: Incineroar|Intimidate|boost
|-unboost|p1b: Friend|atk|1
|turn|11
|inactive|volcanicrj has 30 seconds left.
|
|t:|1757918459
|move|p1b: Friend|Protect|p1b: Friend
|-singleturn|p1b: Friend|Protect
|move|p2b: Incineroar|Fake Out|p1b: Friend
|-activate|p1b: Friend|move: Protect
|move|p2a: Ursaluna|Facade|p1b: Friend
|-activate|p1b: Friend|move: Protect
|
|-damage|p2a: Ursaluna|38/100 brn|[from] brn
|upkeep
|turn|12
|
|t:|1757918473
|move|p2a: Ursaluna|Protect|p2a: Ursaluna
|-singleturn|p2a: Ursaluna|Protect
|move|p1b: Friend|Scale Shot|p2a: Ursaluna
|-activate|p2a: Ursaluna|move: Protect
|move|p2b: Incineroar|Knock Off|p1b: Friend
|-resisted|p1b: Friend
|-damage|p1b: Friend|35/100
|-enditem|p1b: Friend|Loaded Dice|[from] move: Knock Off|[of] p2b: Incineroar
|
|-damage|p2a: Ursaluna|32/100 brn|[from] brn
|upkeep
|turn|13
|
|t:|1757918489
|move|p1b: Friend|Scale Shot|p2a: Ursaluna
|-damage|p2a: Ursaluna|27/100 brn
|-damage|p2a: Ursaluna|22/100 brn
|-hitcount|p2a: Ursaluna|2
|-unboost|p1b: Friend|def|1
|-boost|p1b: Friend|spe|1
|move|p2b: Incineroar|Parting Shot|p1b: Friend
|-unboost|p1b: Friend|atk|1
|-unboost|p1b: Friend|spa|1
|
|t:|1757918493
|switch|p2b: Gholdengo|Gholdengo, L50|3/100|[from] Parting Shot
|move|p2a: Ursaluna|Facade|p1b: Friend
|-damage|p1b: Friend|0 fnt
|faint|p1b: Friend
|
|win|Jositoelpanameno
||Jositoelpanameno is ready for game 3.
||volcanicrj is ready for game 3.
|uhtml|next|Next: Game 3 of 3
