|j|☆MilkGamer7979
|j|☆Milkgamer79
|html|MilkGamer7979Milkgamer79    
|uhtml|bestof|Game 1 of a best-of-3
|t:|1782450974
|gametype|doubles
|player|p1|MilkGamer7979|riley|
|player|p2|Milkgamer79|riley|
|gen|9
|tier|[Gen 9 Champions] VGC 2026 Reg M-B (Bo3)
|rule|Species Clause: Limit one of each Pokémon
|rule|Item Clause: Limit 1 of each item
|clearpoke
|poke|p1|Greninja, L50, M, shiny|
|poke|p1|Abomasnow, L50, M, shiny|
|poke|p1|Tauros-Paldea-Combat, L50, M, shiny|
|poke|p1|Froslass, L50, F, shiny|
|poke|p1|Mr. Rime, L50, F, shiny|
|poke|p1|Vivillon, L50, F, shiny|
|poke|p2|Staraptor, L50, M|
|poke|p2|Grimmsnarl, L50, M|
|poke|p2|Metagross, L50|
|poke|p2|Raichu, L50, F|
|poke|p2|Sandaconda, L50, F|
|poke|p2|Bastiodon, L50, M|
|teampreview|4
|showteam|p1|Greninja||Greninjite|Protean|Blizzard,Protect,DarkPulse,Uturn|Modest||M|||50|]Abomasnow||CobaBerry|SnowWarning|Blizzard,EarthPower,GigaDrain,LowKick|Modest||M|||50|]Tauros-Paldea-Combat||LifeOrb|Intimidate|HighHorsepower,IronHead,CloseCombat,Protect|Adamant||M|||50|]Froslass||Froslassite|SnowCloak|Blizzard,ShadowBall,Haze,AuroraVeil|Modest||F|||50|]Mr. Rime||Leftovers|IceBody|Blizzard,Protect,DazzlingGleam,Psychic|Bold||F|||50|]Vivillon||FocusSash|CompoundEyes|Tailwind,Protect,SleepPowder,Uturn|Timid||F|||50|
|showteam|p2|Staraptor||Staraptite|Intimidate|CloseCombat,DualWingbeat,QuickAttack,Protect|Jolly||M|||50|]Grimmsnarl||LightClay|Prankster|Reflect,LightScreen,SpiritBreak,PartingShot|Careful||M|||50|]Metagross||LifeOrb|ClearBody|IronHead,PsychicFangs,StompingTantrum,BulletPunch|Serious|||||50|]Raichu||ShucaBerry|LightningRod|FakeOut,Nuzzle,VoltSwitch,Encore|Timid||F|||50|]Sandaconda||LumBerry|SandSpit|HighHorsepower,Glare,RockBlast,Protect|Impish||F|||50|]Bastiodon||ChestoBerry|Sturdy|WideGuard,BodyPress,IronDefense,RockSlide|Careful||M|||50|
|
|t:|1782451156
|teamsize|p1|4
|teamsize|p2|4
|start
|switch|p1a: Froslass|Froslass, L50, F, shiny|100/100
|switch|p1b: Tauros|Tauros-Paldea-Combat, L50, M, shiny|100/100
|switch|p2a: Sandaconda|Sandaconda, L50, F|100/100
|switch|p2b: Bastiodon|Bastiodon, L50, M|100/100
|-ability|p1b: Tauros|Intimidate|boost
|-unboost|p2a: Sandaconda|atk|1
|-unboost|p2b: Bastiodon|atk|1
|turn|1
|
|t:|1782451189
|switch|p1a: Greninja|Greninja, L50, M, shiny|100/100
|move|p1b: Tauros|Close Combat|p2b: Bastiodon
|-supereffective|p2b: Bastiodon|2
|-ability|p2b: Bastiodon|Sturdy
|-damage|p2b: Bastiodon|1/100
|-unboost|p1b: Tauros|def|1
|-unboost|p1b: Tauros|spd|1
|-damage|p1b: Tauros|90/100|[from] item: Life Orb
|move|p2a: Sandaconda|Rock Blast|p1a: Greninja
|-damage|p1a: Greninja|93/100
|-damage|p1a: Greninja|86/100
|-damage|p1a: Greninja|79/100
|-hitcount|p1a: Greninja|3
|move|p2b: Bastiodon|Rock Slide|p1a: Greninja|[spread] p1a,p1b
|-resisted|p1b: Tauros|1
|-crit|p1b: Tauros
|-damage|p1a: Greninja|64/100
|-damage|p1b: Tauros|76/100
|
|upkeep
|turn|2
|
|t:|1782451262
|switch|p2b: Staraptor|Staraptor, L50, M|100/100
|-ability|p2b: Staraptor|Intimidate|boost
|-unboost|p1a: Greninja|atk|1
|-unboost|p1b: Tauros|atk|1
|move|p1a: Greninja|U-turn|p2b: Staraptor
|-start|p1a: Greninja|typechange|Bug|[from] ability: Protean
|-resisted|p2b: Staraptor|1
|-crit|p2b: Staraptor
|-damage|p2b: Staraptor|79/100
|
|t:|1782451271
|switch|p1a: Froslass|Froslass, L50, F, shiny|100/100|[from] U-turn
|move|p1b: Tauros|Close Combat|p2a: Sandaconda
|-damage|p2a: Sandaconda|67/100
|-unboost|p1b: Tauros|def|1
|-unboost|p1b: Tauros|spd|1
|-weather|Sandstorm|[from] ability: Sand Spit|[of] p2a: Sandaconda
|-damage|p1b: Tauros|66/100|[from] item: Life Orb
|move|p2a: Sandaconda|Glare|p1a: Froslass
|-status|p1a: Froslass|par
|
|-weather|Sandstorm|[upkeep]
|-damage|p2b: Staraptor|73/100|[from] Sandstorm
|-damage|p1b: Tauros|60/100|[from] Sandstorm
|-damage|p1a: Froslass|93/100 par|[from] Sandstorm
|upkeep
|turn|3
|
|t:|1782451302
|detailschange|p2b: Staraptor|Staraptor-Mega, L50, M
|-mega|p2b: Staraptor|Staraptor|Staraptite
|detailschange|p1a: Froslass|Froslass-Mega, L50, F, shiny
|-mega|p1a: Froslass|Froslass|Froslassite
|-weather|Snowscape|[from] ability: Snow Warning|[of] p1a: Froslass
|move|p1b: Tauros|Protect|p1b: Tauros
|-singleturn|p1b: Tauros|Protect
|move|p2b: Staraptor|Dual Wingbeat|p1b: Tauros
|-activate|p1b: Tauros|move: Protect
|move|p2a: Sandaconda|Rock Blast|p1a: Froslass
|-supereffective|p1a: Froslass|1
|-damage|p1a: Froslass|82/100 par
|-supereffective|p1a: Froslass|1
|-damage|p1a: Froslass|72/100 par
|-supereffective|p1a: Froslass|1
|-damage|p1a: Froslass|61/100 par
|-hitcount|p1a: Froslass|3
|move|p1a: Froslass|Blizzard|p2a: Sandaconda|[spread] p2a,p2b
|-supereffective|p2a: Sandaconda|1
|-supereffective|p2b: Staraptor|1
|-damage|p2a: Sandaconda|0 fnt
|-damage|p2b: Staraptor|0 fnt
|-weather|Sandstorm|[from] ability: Sand Spit|[of] p2a: Sandaconda
|faint|p2a: Sandaconda
|faint|p2b: Staraptor
|
|-weather|Sandstorm|[upkeep]
|-damage|p1b: Tauros|55/100|[from] Sandstorm
|-damage|p1a: Froslass|55/100 par|[from] Sandstorm
|upkeep
|
|t:|1782451327
|switch|p2b: Bastiodon|Bastiodon, L50, M|1/100
|switch|p2a: Metagross|Metagross, L50|100/100
|turn|4
|
|t:|1782451376
|switch|p1a: Greninja|Greninja, L50, M, shiny|64/100
|move|p2b: Bastiodon|Wide Guard|p2b: Bastiodon
|-singleturn|p2b: Bastiodon|Wide Guard
|move|p1b: Tauros|Iron Head|p2b: Bastiodon
|-damage|p2b: Bastiodon|0 fnt
|faint|p2b: Bastiodon
|-damage|p1b: Tauros|45/100|[from] item: Life Orb
|move|p2a: Metagross|Iron Head|p1a: Greninja
|-resisted|p1a: Greninja|1
|-damage|p1a: Greninja|18/100
|-damage|p2a: Metagross|90/100|[from] item: Life Orb
|
|-weather|Sandstorm|[upkeep]
|-damage|p1a: Greninja|12/100|[from] Sandstorm
|-damage|p1b: Tauros|39/100|[from] Sandstorm
|upkeep
|turn|5
|j| DarkZPichuZ
|
|t:|1782451422
|move|p1a: Greninja|Dark Pulse|p2a: Metagross
|-start|p1a: Greninja|typechange|Dark|[from] ability: Protean
|-supereffective|p2a: Metagross|1
|-damage|p2a: Metagross|5/100
|move|p1b: Tauros|High Horsepower|p2a: Metagross
|-supereffective|p2a: Metagross|1
|-crit|p2a: Metagross
|-damage|p2a: Metagross|0 fnt
|faint|p2a: Metagross
|-damage|p1b: Tauros|30/100|[from] item: Life Orb
|
|win|MilkGamer7979
|inactive|MilkGamer7979 has 30 seconds to confirm battle start!
|inactive|Milkgamer79 has 30 seconds to confirm battle start!
|inactive|MilkGamer7979 has 20 seconds to confirm battle start!
|inactive|Milkgamer79 has 20 seconds to confirm battle start!
||Milkgamer79 is ready for game 2.
||MilkGamer7979 is ready for game 2.
|uhtml|next|Next: Game 2 of 3
|l| DarkZPichuZ
