|j|☆Moonlight Flutter
|j|☆po1015
|html|Moonlight Flutterpo1015    
|uhtml|bestof|Game 2 of a best-of-3
|t:|1783175038
|gametype|doubles
|player|p1|Moonlight Flutter|miku-flying|
|player|p2|po1015|lady|
|gen|9
|tier|[Gen 9 Champions] VGC 2026 Reg M-B (Bo3)
|rule|Species Clause: Limit one of each Pokémon
|rule|Item Clause: Limit 1 of each item
|clearpoke
|poke|p1|Sinistcha, L50|
|poke|p1|Incineroar, L50, F|
|poke|p1|Milotic, L50, F|
|poke|p1|Raichu, L50, M|
|poke|p1|Ceruledge, L50, M|
|poke|p1|Mawile, L50, F, shiny|
|poke|p2|Aerodactyl, L50, F|
|poke|p2|Kangaskhan, L50, F|
|poke|p2|Kingambit, L50, M|
|poke|p2|Sylveon, L50, M|
|poke|p2|Torkoal, L50, M|
|poke|p2|Farigiraf, L50, M|
|teampreview|4
|showteam|p1|Sinistcha||FocusSash|Hospitality|MatchaGotcha,LifeDew,RagePowder,Protect|Relaxed|||||50|]Incineroar||SitrusBerry|Intimidate|FlareBlitz,ThroatChop,FakeOut,PartingShot|Impish||F|||50|]Milotic||Leftovers|Competitive|MuddyWater,Coil,Hypnosis,Protect|Calm||F|||50|]Raichu||RaichuniteY|LightningRod|ZapCannon,FocusBlast,FakeOut,Protect|Timid||M|||50|]Ceruledge||ColburBerry|FlashFire|BitterBlade,ShadowSneak,BulkUp,Protect|Adamant||M|||50|]Mawile||Mawilite|HyperCutter|PlayRough,SuckerPunch,SwordsDance,Protect|Adamant||F|||50|
|showteam|p2|Aerodactyl||Aerodactylite|Unnerve|RockSlide,DualWingbeat,Tailwind,Protect|Jolly||F|||50|]Kangaskhan||Kangaskhanite|Scrappy|FakeOut,DoubleEdge,LowKick,IcePunch|Adamant||F|||50|]Kingambit||FocusSash|Defiant|KowtowCleave,SuckerPunch,IronHead,LowKick|Adamant||M|||50|]Sylveon||FairyFeather|Pixilate|HyperVoice,HyperBeam,QuickAttack,Protect|Modest||M|||50|]Torkoal||Charcoal|Drought|Eruption,WeatherBall,HeatWave,Protect|Quiet||M|||50|]Farigiraf||SitrusBerry|ArmorTail|TwinBeam,Thunderbolt,TrickRoom,HelpingHand|Bold||M|||50|
|inactive|Battle timer is ON: inactive players will automatically lose when time's up. (requested by po1015)
|inactive|po1015 has 60 seconds left.
|inactive|po1015 has 30 seconds left.
|inactive|po1015 has 20 seconds left.
|inactive|po1015 has 15 seconds left.
|inactive|po1015 has 10 seconds left.
|inactive|po1015 has 5 seconds left.
|
|t:|1783175125
|teamsize|p1|4
|teamsize|p2|4
|start
|switch|p1a: Mawile|Mawile, L50, F, shiny|100/100
|switch|p1b: Milotic|Milotic, L50, F|100/100
|switch|p2a: Kangaskhan|Kangaskhan, L50, F|100/100
|switch|p2b: Farigiraf|Farigiraf, L50, M|100/100
|turn|1
|inactive|Moonlight Flutter has 30 seconds left.
|inactive|po1015 has 30 seconds left.
|inactive|po1015 has 20 seconds left.
|
|t:|1783175170
|switch|p2a: Torkoal|Torkoal, L50, M|100/100
|-weather|SunnyDay|[from] ability: Drought|[of] p2a: Torkoal
|switch|p1b: Ceruledge|Ceruledge, L50, M|100/100
|detailschange|p1a: Mawile|Mawile-Mega, L50, F, shiny
|-mega|p1a: Mawile|Mawile|Mawilite
|move|p1a: Mawile|Swords Dance|p1a: Mawile
|-boost|p1a: Mawile|atk|2
|move|p2b: Farigiraf|Trick Room|p2b: Farigiraf
|-fieldstart|move: Trick Room|[of] p2b: Farigiraf
|
|-weather|SunnyDay|[upkeep]
|upkeep
|turn|2
|inactive|po1015 has 30 seconds left.
|
|t:|1783175198
|move|p1a: Mawile|Protect|p1a: Mawile
|-singleturn|p1a: Mawile|Protect
|move|p2a: Torkoal|Weather Ball|p1a: Mawile
|-activate|p1a: Mawile|move: Protect
|move|p2b: Farigiraf|Twin Beam|p1b: Ceruledge
|-damage|p1b: Ceruledge|85/100
|-damage|p1b: Ceruledge|70/100
|-hitcount|p1b: Ceruledge|2
|move|p1b: Ceruledge|Bulk Up|p1b: Ceruledge
|-boost|p1b: Ceruledge|atk|1
|-boost|p1b: Ceruledge|def|1
|
|-weather|SunnyDay|[upkeep]
|upkeep
|turn|3
|
|t:|1783175211
|switch|p1a: Milotic|Milotic, L50, F|100/100
|switch|p2b: Kangaskhan|Kangaskhan, L50, F|100/100
|move|p2a: Torkoal|Weather Ball|p1a: Milotic
|-resisted|p1a: Milotic|1
|-damage|p1a: Milotic|74/100
|move|p1b: Ceruledge|Bitter Blade|p2b: Kangaskhan
|-damage|p2b: Kangaskhan|0 fnt
|-heal|p1b: Ceruledge|100/100|[from] drain|[of] p2b: Kangaskhan
|faint|p2b: Kangaskhan
|
|-weather|SunnyDay|[upkeep]
|-heal|p1a: Milotic|80/100|[from] item: Leftovers
|upkeep
|
|t:|1783175222
|switch|p2b: Farigiraf|Farigiraf, L50, M|100/100
|turn|4
|
|t:|1783175235
|move|p2a: Torkoal|Weather Ball|p1a: Milotic
|-resisted|p1a: Milotic|1
|-damage|p1a: Milotic|54/100
|move|p2b: Farigiraf|Thunderbolt|p1a: Milotic
|-supereffective|p1a: Milotic|1
|-damage|p1a: Milotic|22/100
|move|p1a: Milotic|Coil|p1a: Milotic
|-boost|p1a: Milotic|atk|1
|-boost|p1a: Milotic|def|1
|-boost|p1a: Milotic|accuracy|1
|move|p1b: Ceruledge|Bitter Blade|p2b: Farigiraf
|-damage|p2b: Farigiraf|9/100
|-enditem|p2b: Farigiraf|Sitrus Berry|[eat]
|-heal|p2b: Farigiraf|34/100|[from] item: Sitrus Berry
|
|-weather|SunnyDay|[upkeep]
|-heal|p1a: Milotic|28/100|[from] item: Leftovers
|upkeep
|turn|5
|
|t:|1783175252
|switch|p2a: Kingambit|Kingambit, L50, M|100/100
|move|p1a: Milotic|Protect|p1a: Milotic
|-singleturn|p1a: Milotic|Protect
|move|p2b: Farigiraf|Twin Beam|p1b: Ceruledge
|-damage|p1b: Ceruledge|85/100
|-damage|p1b: Ceruledge|70/100
|-hitcount|p1b: Ceruledge|2
|move|p1b: Ceruledge|Bulk Up|p1b: Ceruledge
|-boost|p1b: Ceruledge|atk|1
|-boost|p1b: Ceruledge|def|1
|
|-weather|none
|-heal|p1a: Milotic|34/100|[from] item: Leftovers
|-fieldend|move: Trick Room
|upkeep
|turn|6
|
|t:|1783175271
|move|p2b: Farigiraf|Helping Hand|p2a: Kingambit
|-singleturn|p2a: Kingambit|Helping Hand|[of] p2b: Farigiraf
|move|p1b: Ceruledge|Protect|p1b: Ceruledge
|-singleturn|p1b: Ceruledge|Protect
|move|p1a: Milotic|Hypnosis|p2a: Kingambit|[miss]
|-miss|p1a: Milotic|p2a: Kingambit
|move|p2a: Kingambit|Kowtow Cleave|p1b: Ceruledge
|-activate|p1b: Ceruledge|move: Protect
|
|-heal|p1a: Milotic|40/100|[from] item: Leftovers
|upkeep
|turn|7
|
|t:|1783175288
|switch|p1a: Sinistcha|Sinistcha, L50|100/100
|-heal|p1b: Ceruledge|95/100|[from] ability: Hospitality|[of] p1a: Sinistcha
|move|p2b: Farigiraf|Helping Hand|p2a: Kingambit
|-singleturn|p2a: Kingambit|Helping Hand|[of] p2b: Farigiraf
|move|p1b: Ceruledge|Bitter Blade|p2a: Kingambit
|-supereffective|p2a: Kingambit|1
|-enditem|p2a: Kingambit|Focus Sash
|-damage|p2a: Kingambit|1/100
|-heal|p1b: Ceruledge|100/100|[from] drain|[of] p2a: Kingambit
|move|p2a: Kingambit|Kowtow Cleave|p1b: Ceruledge
|-supereffective|p1b: Ceruledge|1
|-enditem|p1b: Ceruledge|Colbur Berry|[eat]
|-enditem|p1b: Ceruledge|Colbur Berry|[weaken]
|-damage|p1b: Ceruledge|58/100
|
|upkeep
|turn|8
|c|☆po1015|gg
|-message|po1015 forfeited.
|
|win|Moonlight Flutter
|c|☆Moonlight Flutter|gg
|l|☆po1015
|player|p2|
