|j|☆ill.busx
|j|☆Snivii
|html|ill.busxSnivii    
|uhtml|bestof|Game 1 of a best-of-3
|t:|1783632150
|gametype|doubles
|player|p1|ill.busx|265|1137
|player|p2|Snivii|2|1091
|gen|9
|tier|[Gen 9 Champions] VGC 2026 Reg M-B (Bo3)
|rated|
|rule|Species Clause: Limit one of each Pokémon
|rule|Item Clause: Limit 1 of each item
|clearpoke
|poke|p1|Kangaskhan, L50, F|
|poke|p1|Sinistcha, L50|
|poke|p1|Aerodactyl, L50, F|
|poke|p1|Incineroar, L50, M|
|poke|p1|Gengar, L50, F, shiny|
|poke|p1|Ninetales-Alola, L50, F|
|poke|p2|Serperior, L50, F|
|poke|p2|Grimmsnarl, L50, M|
|poke|p2|Staraptor, L50, F|
|poke|p2|Incineroar, L50, F|
|poke|p2|Whimsicott, L50, M|
|poke|p2|Charizard, L50, F|
|teampreview|4
|showteam|p1|Kangaskhan||Kangaskhanite|InnerFocus|Protect,FakeOut,SuckerPunch,DrainPunch|Adamant||F|||50|]Sinistcha||SitrusBerry|Hospitality|Protect,RagePowder,MatchaGotcha,LifeDew|Relaxed|||||50|]Aerodactyl||FocusSash|Unnerve|Protect,Tailwind,DualWingbeat,RockSlide|Jolly||F|||50|]Incineroar||ChopleBerry|Intimidate|Protect,FakeOut,PartingShot,ThroatChop|Relaxed||M|||50|]Gengar||Gengarite|CursedBody|Protect,PerishSong,Disable,ShadowBall|Timid||F|||50|]Ninetales-Alola||NeverMeltIce|SnowWarning|Protect,Moonblast,Blizzard,Encore|Timid||F|||50|
|showteam|p2|Serperior||WideLens|Contrary|LeafStorm,Glare,Protect,GastroAcid|Timid||F|||50|]Grimmsnarl||LightClay|Prankster|SpiritBreak,LightScreen,Reflect,PartingShot|Careful||M|||50|]Staraptor||Staraptite|Intimidate|BraveBird,CloseCombat,Roost,Protect|Jolly||F|||50|]Incineroar||SitrusBerry|Intimidate|FlareBlitz,DarkestLariat,FakeOut,PartingShot|Adamant||F|||50|]Whimsicott||FocusSash|Prankster|Moonblast,Charm,Encore,Tailwind|Timid||M|||50|]Charizard||CharizarditeY|SolarPower|HeatWave,AncientPower,WeatherBall,Protect|Timid||F|||50|
|
|t:|1783632199
|teamsize|p1|4
|teamsize|p2|4
|start
|switch|p1a: Incineroar|Incineroar, L50, M|100/100
|switch|p1b: Aerodactyl|Aerodactyl, L50, F|100/100
|switch|p2a: Grimmsnarl|Grimmsnarl, L50, M|100/100
|switch|p2b: Serperior|Serperior, L50, F|100/100
|-ability|p1b: Aerodactyl|Unnerve
|-ability|p1a: Incineroar|Intimidate|boost
|-unboost|p2a: Grimmsnarl|atk|1
|-boost|p2b: Serperior|atk|1
|turn|1
|c|☆ill.busx|glhf
|c|☆Snivii|gl hf
|
|t:|1783632264
|switch|p2b: Staraptor|Staraptor, L50, F|100/100
|-ability|p2b: Staraptor|Intimidate|boost
|-unboost|p1a: Incineroar|atk|1
|-unboost|p1b: Aerodactyl|atk|1
|move|p1a: Incineroar|Fake Out|p2b: Staraptor
|-damage|p2b: Staraptor|88/100
|move|p2a: Grimmsnarl|Reflect|p2a: Grimmsnarl
|-sidestart|p2: Snivii|Reflect
|move|p1b: Aerodactyl|Dual Wingbeat|p2b: Staraptor
|-damage|p2b: Staraptor|78/100
|-damage|p2b: Staraptor|67/100
|-hitcount|p2b: Staraptor|2
|
|upkeep
|turn|2
|
|t:|1783632310
|switch|p1a: Ninetales|Ninetales-Alola, L50, F|100/100
|-weather|Snowscape|[from] ability: Snow Warning|[of] p1a: Ninetales
|detailschange|p2b: Staraptor|Staraptor-Mega, L50, F
|-mega|p2b: Staraptor|Staraptor|Staraptite
|move|p2a: Grimmsnarl|Parting Shot|p2b: Staraptor
|-boost|p2b: Staraptor|atk|1
|-boost|p2b: Staraptor|spa|1
|
|t:|1783632317
|switch|p2a: Incineroar|Incineroar, L50, F|100/100|[from] Parting Shot
|-ability|p2a: Incineroar|Intimidate|boost
|-unboost|p1a: Ninetales|atk|1
|-unboost|p1b: Aerodactyl|atk|1
|move|p1b: Aerodactyl|Tailwind|p1b: Aerodactyl
|-sidestart|p1: ill.busx|move: Tailwind
|move|p2b: Staraptor|Close Combat|p1b: Aerodactyl
|-enditem|p1b: Aerodactyl|Focus Sash
|-damage|p1b: Aerodactyl|1/100
|-boost|p2b: Staraptor|def|1
|-boost|p2b: Staraptor|spd|1
|
|-weather|Snowscape|[upkeep]
|upkeep
|turn|3
|
|t:|1783632352
|move|p2b: Staraptor|Protect|p2b: Staraptor
|-singleturn|p2b: Staraptor|Protect
|move|p1b: Aerodactyl|Rock Slide|p2a: Incineroar|[spread] p2a
|-activate|p2b: Staraptor|move: Protect
|-supereffective|p2a: Incineroar|1
|-damage|p2a: Incineroar|84/100
|move|p1a: Ninetales|Blizzard|p2b: Staraptor|[spread] p2a
|-activate|p2b: Staraptor|move: Protect
|-resisted|p2a: Incineroar|1
|-damage|p2a: Incineroar|70/100
|cant|p2a: Incineroar|flinch
|
|-weather|Snowscape|[upkeep]
|upkeep
|turn|4
|
|t:|1783632376
|switch|p2b: Serperior|Serperior, L50, F|100/100
|move|p1b: Aerodactyl|Rock Slide|p2a: Incineroar|[spread] p2a,p2b
|-supereffective|p2a: Incineroar|1
|-damage|p2a: Incineroar|54/100
|-damage|p2b: Serperior|91/100
|move|p1a: Ninetales|Blizzard|p2a: Incineroar|[spread] p2a,p2b
|-resisted|p2a: Incineroar|1
|-supereffective|p2b: Serperior|1
|-damage|p2a: Incineroar|39/100
|-damage|p2b: Serperior|22/100
|-status|p2a: Incineroar|frz
|cant|p2a: Incineroar|flinch
|
|-weather|Snowscape|[upkeep]
|upkeep
|turn|5
|
|t:|1783632422
|move|p1b: Aerodactyl|Rock Slide|p2a: Incineroar|[spread] p2a,p2b
|-supereffective|p2a: Incineroar|1
|-damage|p2a: Incineroar|23/100 frz
|-damage|p2b: Serperior|14/100
|move|p1a: Ninetales|Moonblast|p2a: Incineroar
|-damage|p2a: Incineroar|0 fnt
|faint|p2a: Incineroar
|cant|p2b: Serperior|flinch
|
|-weather|Snowscape|[upkeep]
|-sideend|p1: ill.busx|move: Tailwind
|upkeep
|
|t:|1783632431
|switch|p2a: Grimmsnarl|Grimmsnarl, L50, M|100/100
|turn|6
|
|t:|1783632466
|move|p2a: Grimmsnarl|Light Screen|p2a: Grimmsnarl
|-sidestart|p2: Snivii|move: Light Screen
|move|p1b: Aerodactyl|Rock Slide|p2a: Grimmsnarl|[spread] p2a
|-miss|p1b: Aerodactyl|p2b: Serperior
|-damage|p2a: Grimmsnarl|91/100
|move|p2b: Serperior|Glare|p1a: Ninetales
|-status|p1a: Ninetales|par
|move|p1a: Ninetales|Blizzard|p2a: Grimmsnarl|[spread] p2a,p2b
|-supereffective|p2b: Serperior|1
|-damage|p2a: Grimmsnarl|70/100
|-damage|p2b: Serperior|0 fnt
|faint|p2b: Serperior
|
|-weather|none
|upkeep
|
|t:|1783632475
|switch|p2b: Staraptor|Staraptor-Mega, L50, F|67/100
|turn|7
|
|t:|1783632505
|switch|p1a: Kangaskhan|Kangaskhan, L50, F|100/100
|move|p2a: Grimmsnarl|Parting Shot|p2b: Staraptor
|-boost|p2b: Staraptor|atk|1
|-boost|p2b: Staraptor|spa|1
|move|p1b: Aerodactyl|Tailwind|p1b: Aerodactyl
|-sidestart|p1: ill.busx|move: Tailwind
|move|p2b: Staraptor|Close Combat|p1a: Kangaskhan
|-supereffective|p1a: Kangaskhan|1
|-damage|p1a: Kangaskhan|0 fnt
|-boost|p2b: Staraptor|def|1
|-boost|p2b: Staraptor|spd|1
|faint|p1a: Kangaskhan
|
|upkeep
|
|t:|1783632524
|switch|p1a: Ninetales|Ninetales-Alola, L50, F|100/100 par
|-weather|Snowscape|[from] ability: Snow Warning|[of] p1a: Ninetales
|turn|8
|
|t:|1783632541
|switch|p1b: Incineroar|Incineroar, L50, M|100/100
|-ability|p1b: Incineroar|Intimidate|boost
|-unboost|p2a: Grimmsnarl|atk|1
|-boost|p2b: Staraptor|atk|1
|move|p1a: Ninetales|Protect|p1a: Ninetales
|-singleturn|p1a: Ninetales|Protect
|move|p2a: Grimmsnarl|Parting Shot|p1a: Ninetales
|-activate|p1a: Ninetales|move: Protect
|move|p2b: Staraptor|Close Combat|p1a: Ninetales
|-activate|p1a: Ninetales|move: Protect
|
|-weather|Snowscape|[upkeep]
|-sideend|p2: Snivii|Reflect
|upkeep
|turn|9
|
|t:|1783632587
|move|p2b: Staraptor|Protect|p2b: Staraptor
|-singleturn|p2b: Staraptor|Protect
|move|p1b: Incineroar|Fake Out|p2a: Grimmsnarl
|-damage|p2a: Grimmsnarl|58/100
|move|p1a: Ninetales|Blizzard|p2a: Grimmsnarl|[spread] p2a
|-activate|p2b: Staraptor|move: Protect
|-crit|p2a: Grimmsnarl
|-damage|p2a: Grimmsnarl|12/100
|cant|p2a: Grimmsnarl|flinch
|
|-weather|Snowscape|[upkeep]
|upkeep
|turn|10
|
|t:|1783632627
|move|p2a: Grimmsnarl|Parting Shot|p2b: Staraptor
|-boost|p2b: Staraptor|atk|1
|-boost|p2b: Staraptor|spa|1
|move|p2b: Staraptor|Close Combat|p1b: Incineroar
|-supereffective|p1b: Incineroar|1
|-enditem|p1b: Incineroar|Chople Berry|[eat]
|-enditem|p1b: Incineroar|Chople Berry|[weaken]
|-damage|p1b: Incineroar|0 fnt
|-boost|p2b: Staraptor|def|1
|-boost|p2b: Staraptor|spd|1
|faint|p1b: Incineroar
|move|p1a: Ninetales|Blizzard|p2a: Grimmsnarl|[spread] p2a,p2b
|-supereffective|p2b: Staraptor|1
|-damage|p2a: Grimmsnarl|0 fnt
|-damage|p2b: Staraptor|46/100
|faint|p2a: Grimmsnarl
|
|-weather|Snowscape|[upkeep]
|-sideend|p1: ill.busx|move: Tailwind
|upkeep
|
|t:|1783632641
|switch|p1b: Aerodactyl|Aerodactyl, L50, F|1/100
|-ability|p1b: Aerodactyl|Unnerve
|turn|11
|
|t:|1783632667
|move|p1b: Aerodactyl|Dual Wingbeat|p2b: Staraptor
|-supereffective|p2b: Staraptor|1
|-damage|p2b: Staraptor|28/100
|-supereffective|p2b: Staraptor|1
|-damage|p2b: Staraptor|8/100
|-hitcount|p2b: Staraptor|2
|move|p2b: Staraptor|Close Combat|p1b: Aerodactyl
|-damage|p1b: Aerodactyl|0 fnt
|-boost|p2b: Staraptor|def|1
|-boost|p2b: Staraptor|spd|1
|faint|p1b: Aerodactyl
|move|p1a: Ninetales|Blizzard|p2b: Staraptor
|-supereffective|p2b: Staraptor|1
|-damage|p2b: Staraptor|0 fnt
|faint|p2b: Staraptor
|
|win|ill.busx
|inactive|ill.busx has 30 seconds to confirm battle start!
|inactive|Snivii has 30 seconds to confirm battle start!
|c|☆ill.busx|gg
||Snivii is ready for game 2.
||ill.busx is ready for game 2.
|uhtml|next|Next: Game 2 of 3
|l|☆Snivii
|player|p2|
