|j|☆Keith Jones
|j|☆NemoAK
|html|Keith JonesNemoAK    
|uhtml|bestof|Game 2 of a best-of-3
|t:|1783785474
|gametype|doubles
|player|p1|Keith Jones|169|1346
|player|p2|NemoAK|2|1234
|gen|9
|tier|[Gen 9 Champions] VGC 2026 Reg M-B (Bo3)
|rated|
|rule|Species Clause: Limit one of each Pokémon
|rule|Item Clause: Limit 1 of each item
|clearpoke
|poke|p1|Annihilape, L50, M|
|poke|p1|Maushold-Four, L50|
|poke|p1|Floette-Eternal, L50, F|
|poke|p1|Aerodactyl, L50, M|
|poke|p1|Mudsdale, L50, M|
|poke|p1|Gholdengo, L50|
|poke|p2|Staraptor, L50, M|
|poke|p2|Whimsicott, L50, M|
|poke|p2|Basculegion, L50, M|
|poke|p2|Farigiraf, L50, M|
|poke|p2|Garchomp, L50, M|
|poke|p2|Kingambit, L50, M|
|teampreview|4
|showteam|p1|Annihilape||SitrusBerry|Defiant|RageFist,CloseCombat,RockTomb,Protect|Jolly||M|||50|]Maushold-Four||FocusSash|FriendGuard|SuperFang,BeatUp,FollowMe,Protect|Timid|||||50|]Floette-Eternal||Floettite|FlowerVeil|Moonblast,DazzlingGleam,LightofRuin,Protect|Timid||F|||50|]Aerodactyl||Aerodactylite|RockHead|RockSlide,DualWingbeat,Tailwind,Protect|Jolly||M|||50|]Mudsdale||Leftovers|Stamina|BodyPress,HighHorsepower,StoneEdge,Protect|Impish||M|||50|]Gholdengo||LifeOrb|GoodasGold|MakeItRain,ShadowBall,NastyPlot,Protect|Timid|||||50|
|showteam|p2|Staraptor||Staraptite|Intimidate|CloseCombat,BraveBird,Roost,Protect|Jolly||M|||50|]Whimsicott||MentalHerb|Prankster|Moonblast,Tailwind,Protect,Charm|Timid||M|||50|]Basculegion||ChoiceScarf|Adaptability|LastRespects,WaveCrash,AquaJet,FlipTurn|Adamant||M|||50|]Farigiraf||SitrusBerry|ArmorTail|Psychic,HyperVoice,TrickRoom,HelpingHand|Quiet||M|||50|]Garchomp||LifeOrb|RoughSkin|Earthquake,RockSlide,ScaleShot,Protect|Jolly||M|||50|]Kingambit||FocusSash|Defiant|LowKick,SuckerPunch,IronHead,KowtowCleave|Brave||M|||50|
|inactive|Battle timer is ON: inactive players will automatically lose when time's up. (requested by NemoAK)
|
|t:|1783785489
|teamsize|p1|4
|teamsize|p2|4
|start
|switch|p1a: Gholdengo|Gholdengo, L50|100/100
|switch|p1b: Aerodactyl|Aerodactyl, L50, M|100/100
|switch|p2a: Fluffy|Whimsicott, L50, M|100/100
|switch|p2b: The Biggest Bird|Staraptor, L50, M|100/100
|-ability|p2b: The Biggest Bird|Intimidate|boost
|-unboost|p1a: Gholdengo|atk|1
|-unboost|p1b: Aerodactyl|atk|1
|turn|1
|inactive|NemoAK has 30 seconds left.
|
|t:|1783785515
|detailschange|p2b: The Biggest Bird|Staraptor-Mega, L50, M
|-mega|p2b: The Biggest Bird|Staraptor|Staraptite
|move|p2a: Fluffy|Tailwind|p2a: Fluffy
|-sidestart|p2: NemoAK|move: Tailwind
|move|p2b: The Biggest Bird|Close Combat|p1b: Aerodactyl
|-damage|p1b: Aerodactyl|14/100
|-boost|p2b: The Biggest Bird|def|1
|-boost|p2b: The Biggest Bird|spd|1
|move|p1b: Aerodactyl|Tailwind|p1b: Aerodactyl
|-sidestart|p1: Keith Jones|move: Tailwind
|move|p1a: Gholdengo|Nasty Plot|p1a: Gholdengo
|-boost|p1a: Gholdengo|spa|2
|
|upkeep
|turn|2
|
|t:|1783785529
|move|p2a: Fluffy|Charm|p2b: The Biggest Bird
|-boost|p2b: The Biggest Bird|atk|2
|move|p1b: Aerodactyl|Rock Slide|p2a: Fluffy|[spread] p2a,p2b
|-crit|p2a: Fluffy
|-damage|p2a: Fluffy|59/100
|-damage|p2b: The Biggest Bird|88/100
|move|p2b: The Biggest Bird|Close Combat|p1b: Aerodactyl
|-damage|p1b: Aerodactyl|0 fnt
|-boost|p2b: The Biggest Bird|def|1
|-boost|p2b: The Biggest Bird|spd|1
|faint|p1b: Aerodactyl
|move|p1a: Gholdengo|Make It Rain|p2b: The Biggest Bird|[spread] p2a,p2b
|-supereffective|p2a: Fluffy|1
|-damage|p2a: Fluffy|0 fnt
|-damage|p2b: The Biggest Bird|7/100
|-unboost|p1a: Gholdengo|spa|2
|faint|p2a: Fluffy
|-damage|p1a: Gholdengo|90/100|[from] item: Life Orb
|
|upkeep
|
|t:|1783785548
|switch|p1b: Maushold|Maushold-Four, L50|100/100
|switch|p2a: Toothless|Garchomp, L50, M|100/100
|turn|3
|
|t:|1783785558
|move|p1b: Maushold|Protect|p1b: Maushold
|-singleturn|p1b: Maushold|Protect
|move|p2b: The Biggest Bird|Close Combat|p1b: Maushold
|-activate|p1b: Maushold|move: Protect
|move|p2a: Toothless|Earthquake|p1a: Gholdengo|[spread] p1a
|-activate|p1b: Maushold|move: Protect
|-immune|p2b: The Biggest Bird
|-supereffective|p1a: Gholdengo|1
|-damage|p1a: Gholdengo|10/100
|-damage|p2a: Toothless|90/100|[from] item: Life Orb
|move|p1a: Gholdengo|Make It Rain|p2b: The Biggest Bird|[spread] p2a,p2b
|-damage|p2a: Toothless|19/100
|-damage|p2b: The Biggest Bird|0 fnt
|-unboost|p1a: Gholdengo|spa|2
|faint|p2b: The Biggest Bird
|-damage|p1a: Gholdengo|1/100|[from] item: Life Orb
|
|upkeep
|
|t:|1783785563
|switch|p2b: Gary’s Raticate|Basculegion, L50, M|100/100
|turn|4
|
|t:|1783785576
|move|p1b: Maushold|Protect||[still]
|-fail|p1b: Maushold
|move|p2b: Gary’s Raticate|Wave Crash|p1b: Maushold
|-enditem|p1b: Maushold|Focus Sash
|-damage|p1b: Maushold|1/100
|-damage|p2b: Gary’s Raticate|69/100|[from] Recoil
|move|p2a: Toothless|Rock Slide|p1a: Gholdengo|[spread] p1a,p1b
|-resisted|p1a: Gholdengo|1
|-crit|p1a: Gholdengo
|-damage|p1a: Gholdengo|0 fnt
|-damage|p1b: Maushold|0 fnt
|faint|p1a: Gholdengo
|faint|p1b: Maushold
|-damage|p2a: Toothless|9/100|[from] item: Life Orb
|
|-sideend|p2: NemoAK|move: Tailwind
|-sideend|p1: Keith Jones|move: Tailwind
|upkeep
|
|t:|1783785579
|switch|p1b: Floette|Floette-Eternal, L50, F|100/100
|turn|5
|
|t:|1783785587
|detailschange|p1b: Floette|Floette-Mega, L50, F
|-mega|p1b: Floette|Floette|Floettite
|-ability|p1b: Floette|Fairy Aura
|move|p2b: Gary’s Raticate|Wave Crash|p1b: Floette
|-damage|p1b: Floette|0 fnt
|faint|p1b: Floette
|-damage|p2b: Gary’s Raticate|44/100|[from] Recoil
|
|win|NemoAK
||NemoAK is ready for game 3.
||NemoAK is ready for game 3.
|inactive|Keith Jones has 30 seconds to confirm battle start!
|inactive|Keith Jones has 20 seconds to confirm battle start!
||Keith Jones is ready for game 3.
|uhtml|next|Next: Game 3 of 3
