|j|☆eklyst
|j|☆Can I pet the dog?
|html|eklystCan I pet the dog?    
|uhtml|bestof|Game 2 of a best-of-3
|t:|1785220997
|gametype|doubles
|player|p1|eklyst|pokemaniac|1154
|player|p2|Can I pet the dog?|101|1409
|gen|9
|tier|[Gen 9 Champions] VGC 2026 Reg M-B (Bo3)
|rated|
|rule|Species Clause: Limit one of each Pokémon
|rule|Item Clause: Limit 1 of each item
|clearpoke
|poke|p1|Metagross, L50|
|poke|p1|Floette-Eternal, L50, F|
|poke|p1|Garchomp, L50, M|
|poke|p1|Aerodactyl, L50, F|
|poke|p1|Sinistcha, L50|
|poke|p1|Incineroar, L50, M|
|poke|p2|Froslass, L50, F|
|poke|p2|Glimmora, L50, F|
|poke|p2|Incineroar, L50, M|
|poke|p2|Kommo-o, L50, F|
|poke|p2|Basculegion, L50, M|
|poke|p2|Kingambit, L50, M|
|teampreview|4
|showteam|p1|Metagross||Metagrossite|ClearBody|PsychicFangs,IronHead,BulletPunch,Protect|Adamant|||||50|]Floette-Eternal||Floettite|FlowerVeil|DazzlingGleam,Moonblast,CalmMind,Protect|Modest||F|||50|]Garchomp||LifeOrb|RoughSkin|RockSlide,StompingTantrum,DragonClaw,Protect|Jolly||M|||50|]Aerodactyl||FocusSash|Unnerve|RockSlide,DualWingbeat,Tailwind,Protect|Jolly||F|||50|]Sinistcha||KasibBerry|Hospitality|MatchaGotcha,TrickRoom,RagePowder,Protect|Relaxed|||||50|]Incineroar||SitrusBerry|Intimidate|FakeOut,FlareBlitz,ThroatChop,PartingShot|Adamant||M|||50|
|showteam|p2|Froslass||Froslassite|SnowCloak|Blizzard,ShadowBall,Thunderbolt,Protect|Timid||F|||50|]Glimmora||FocusSash|ToxicDebris|PowerGem,SludgeBomb,EarthPower,SpikyShield|Timid||F|||50|]Incineroar||SitrusBerry|Intimidate|FlareBlitz,ThroatChop,PartingShot,FakeOut|Impish||M|||50|]Kommo-o||Leftovers|Soundproof|ClangingScales,ClangorousSoul,AuraSphere,Protect|Timid||F|||50|]Basculegion||ChoiceScarf|Adaptability|WaveCrash,FlipTurn,AquaJet,LastRespects|Jolly||M|||50|]Kingambit||LifeOrb|Defiant|KowtowCleave,SuckerPunch,IronHead,Protect|Adamant||M|||50|
|inactive|Battle timer is ON: inactive players will automatically lose when time's up. (requested by eklyst)
|
|t:|1785221022
|teamsize|p1|4
|teamsize|p2|4
|start
|switch|p1a: Incineroar|Incineroar, L50, M|100/100
|switch|p1b: Metagross|Metagross, L50|100/100
|switch|p2a: Froslass|Froslass, L50, F|100/100
|switch|p2b: Glimmora|Glimmora, L50, F|100/100
|-ability|p1a: Incineroar|Intimidate|boost
|-unboost|p2a: Froslass|atk|1
|-unboost|p2b: Glimmora|atk|1
|turn|1
|inactive|eklyst has 30 seconds left.
|inactive|Can I pet the dog? has 30 seconds left.
|inactive|eklyst has 20 seconds left.
|inactive|Can I pet the dog? has 20 seconds left.
|inactive|Can I pet the dog? has 15 seconds left.
|
|t:|1785221063
|move|p2a: Froslass|Protect|p2a: Froslass
|-singleturn|p2a: Froslass|Protect
|move|p2b: Glimmora|Spiky Shield|p2b: Glimmora
|-singleturn|p2b: Glimmora|move: Protect
|move|p1b: Metagross|Protect|p1b: Metagross
|-singleturn|p1b: Metagross|Protect
|move|p1a: Incineroar|Flare Blitz|p2a: Froslass
|-activate|p2a: Froslass|move: Protect
|
|upkeep
|turn|2
|
|t:|1785221078
|switch|p2a: Basculegion|Basculegion, L50, M|100/100
|detailschange|p1b: Metagross|Metagross-Mega, L50
|-mega|p1b: Metagross|Metagross|Metagrossite
|move|p1b: Metagross|Iron Head|p2b: Glimmora
|-supereffective|p2b: Glimmora|1
|-enditem|p2b: Glimmora|Focus Sash
|-damage|p2b: Glimmora|1/100
|-activate|p2b: Glimmora|ability: Toxic Debris
|-sidestart|p1: eklyst|move: Toxic Spikes
|move|p2b: Glimmora|Power Gem|p1a: Incineroar
|-supereffective|p1a: Incineroar|1
|-damage|p1a: Incineroar|25/100
|-enditem|p1a: Incineroar|Sitrus Berry|[eat]
|-heal|p1a: Incineroar|50/100g|[from] item: Sitrus Berry
|move|p1a: Incineroar|Flare Blitz|p2a: Basculegion
|-resisted|p2a: Basculegion|1
|-damage|p2a: Basculegion|69/100
|-damage|p1a: Incineroar|41/100|[from] Recoil
|
|upkeep
|turn|3
|inactive|eklyst has 30 seconds left.
|
|t:|1785221110
|switch|p1a: Garchomp|Garchomp, L50, M|100/100
|-status|p1a: Garchomp|psn
|move|p2b: Glimmora|Spiky Shield|p2b: Glimmora
|-singleturn|p2b: Glimmora|move: Protect
|move|p1b: Metagross|Bullet Punch|p2b: Glimmora
|-activate|p2b: Glimmora|move: Protect
|-damage|p1b: Metagross|87/100|[from] Spiky Shield|[of] p2b: Glimmora
|move|p2a: Basculegion|Flip Turn|p1a: Garchomp
|-damage|p1a: Garchomp|62/100 psn
|-damage|p2a: Basculegion|57/100|[from] ability: Rough Skin|[of] p1a: Garchomp
|
|t:|1785221121
|switch|p2a: Froslass|Froslass, L50, F|100/100|[from] Flip Turn
|
|-damage|p1a: Garchomp|49/100 psn|[from] psn
|upkeep
|turn|4
|
|t:|1785221132
|switch|p1a: Incineroar|Incineroar, L50, M|41/100
|-status|p1a: Incineroar|psn
|-ability|p1a: Incineroar|Intimidate|boost
|-unboost|p2a: Froslass|atk|1
|-unboost|p2b: Glimmora|atk|1
|detailschange|p2a: Froslass|Froslass-Mega, L50, F
|-mega|p2a: Froslass|Froslass|Froslassite
|-weather|Snowscape|[from] ability: Snow Warning|[of] p2a: Froslass
|move|p1b: Metagross|Protect|p1b: Metagross
|-singleturn|p1b: Metagross|Protect
|move|p2a: Froslass|Blizzard|p1b: Metagross|[spread] p1a
|-activate|p1b: Metagross|move: Protect
|-resisted|p1a: Incineroar|1
|-damage|p1a: Incineroar|24/100 psn
|move|p2b: Glimmora|Earth Power|p1b: Metagross
|-activate|p1b: Metagross|move: Protect
|
|-weather|Snowscape|[upkeep]
|-damage|p1a: Incineroar|12/100 psn|[from] psn
|upkeep
|turn|5
|
|t:|1785221150
|move|p2a: Froslass|Protect|p2a: Froslass
|-singleturn|p2a: Froslass|Protect
|move|p2b: Glimmora|Spiky Shield|p2b: Glimmora
|-singleturn|p2b: Glimmora|move: Protect
|move|p1a: Incineroar|Fake Out|p2b: Glimmora
|-activate|p2b: Glimmora|move: Protect
|-damage|p1a: Incineroar|0 fnt|[from] Spiky Shield|[of] p2b: Glimmora
|faint|p1a: Incineroar
|move|p1b: Metagross|Iron Head|p2a: Froslass
|-activate|p2a: Froslass|move: Protect
|
|-weather|Snowscape|[upkeep]
|upkeep
|
|t:|1785221161
|switch|p1a: Sinistcha|Sinistcha, L50|100/100
|-status|p1a: Sinistcha|psn
|-heal|p1b: Metagross|100/100|[from] ability: Hospitality|[of] p1a: Sinistcha
|turn|6
|
|t:|1785221167
|move|p1a: Sinistcha|Protect|p1a: Sinistcha
|-singleturn|p1a: Sinistcha|Protect
|move|p2a: Froslass|Blizzard|p1a: Sinistcha|[spread] p1b
|-activate|p1a: Sinistcha|move: Protect
|-resisted|p1b: Metagross|1
|-damage|p1b: Metagross|79/100
|move|p1b: Metagross|Iron Head|p2a: Froslass
|-supereffective|p2a: Froslass|1
|-crit|p2a: Froslass
|-damage|p2a: Froslass|0 fnt
|faint|p2a: Froslass
|move|p2b: Glimmora|Sludge Bomb|p1a: Sinistcha
|-activate|p1a: Sinistcha|move: Protect
|
|-weather|Snowscape|[upkeep]
|-damage|p1a: Sinistcha|87/100 psn|[from] psn
|upkeep
|
|t:|1785221179
|switch|p2a: Kingambit|Kingambit, L50, M|100/100
|turn|7
|
|t:|1785221196
|move|p2b: Glimmora|Spiky Shield|p2b: Glimmora
|-singleturn|p2b: Glimmora|move: Protect
|move|p1a: Sinistcha|Protect||[still]
|-fail|p1a: Sinistcha
|move|p1b: Metagross|Bullet Punch|p2b: Glimmora
|-activate|p2b: Glimmora|move: Protect
|-damage|p1b: Metagross|67/100|[from] Spiky Shield|[of] p2b: Glimmora
|move|p2a: Kingambit|Kowtow Cleave|p1a: Sinistcha
|-supereffective|p1a: Sinistcha|1
|-damage|p1a: Sinistcha|0 fnt
|faint|p1a: Sinistcha
|-damage|p2a: Kingambit|90/100|[from] item: Life Orb
|
|-weather|Snowscape|[upkeep]
|upkeep
|
|t:|1785221201
|switch|p1a: Garchomp|Garchomp, L50, M|49/100 psn
|turn|8
|
|t:|1785221211
|move|p2a: Kingambit|Sucker Punch|p1a: Garchomp
|-damage|p1a: Garchomp|0 fnt
|-damage|p2a: Kingambit|78/100|[from] ability: Rough Skin|[of] p1a: Garchomp
|faint|p1a: Garchomp
|-damage|p2a: Kingambit|68/100|[from] item: Life Orb
|move|p1b: Metagross|Iron Head|p2a: Kingambit
|-resisted|p2a: Kingambit|1
|-damage|p2a: Kingambit|46/100
|move|p2b: Glimmora|Earth Power|p1b: Metagross
|-supereffective|p1b: Metagross|1
|-damage|p1b: Metagross|11/100
|-unboost|p1b: Metagross|spd|1
|
|-weather|none
|upkeep
|turn|9
|
|t:|1785221226
|move|p1b: Metagross|Bullet Punch|p2a: Kingambit
|-resisted|p2a: Kingambit|1
|-damage|p2a: Kingambit|35/100
|move|p2a: Kingambit|Sucker Punch||[still]
|-fail|p2a: Kingambit
|move|p2b: Glimmora|Power Gem|p1b: Metagross
|-resisted|p1b: Metagross|1
|-damage|p1b: Metagross|0 fnt
|faint|p1b: Metagross
|
|win|Can I pet the dog?
|raw|eklyst's rating: 1154 → 1145(-9 for losing)
|raw|Can I pet the dog?'s rating: 1409 → 1416(+7 for winning)
|l|☆Can I pet the dog?
|player|p2|
