|j|☆ultimatecoward
|j|☆deas22
|html|ultimatecowarddeas22    
|uhtml|bestof|Game 1 of a best-of-3
|t:|1785247426
|gametype|doubles
|player|p1|ultimatecoward|medium|1000
|player|p2|deas22|volkner|1085
|gen|9
|tier|[Gen 9 Champions] VGC 2026 Reg M-B (Bo3)
|rated|
|rule|Species Clause: Limit one of each Pokémon
|rule|Item Clause: Limit 1 of each item
|clearpoke
|poke|p1|Maushold, L50|
|poke|p1|Sableye, L50, M|
|poke|p1|Gengar, L50, M|
|poke|p1|Kingambit, L50, M|
|poke|p1|Milotic, L50, M|
|poke|p1|Garchomp, L50, M|
|poke|p2|Flapple, L50, F|
|poke|p2|Ceruledge, L50, F|
|poke|p2|Sinistcha, L50|
|poke|p2|Gardevoir, L50, F|
|poke|p2|Sableye, L50, M|
|poke|p2|Swampert, L50, F|
|teampreview|4
|showteam|p1|Maushold||KingsRock|Technician|PopulationBomb,FollowMe,Encore,Protect|Jolly|||||50|]Sableye||Sablenite|Prankster|Gravity,Encore,Disable,RainDance|Sassy||M|||50|]Gengar||Gengarite|CursedBody|Hex,Disable,Hypnosis,Protect|Timid||M|||50|]Kingambit||BlackGlasses|Defiant|KowtowCleave,SuckerPunch,IronHead,LowKick|Adamant||M|||50|]Milotic||Leftovers|Competitive|HydroPump,Hypnosis,Recover,Protect|Bold||M|||50|]Garchomp||ChoiceScarf|RoughSkin|StompingTantrum,RockSlide,DragonClaw,PoisonJab|Jolly||M|||50|
|showteam|p2|Flapple||LifeOrb|Hustle|GravApple,SuckerPunch,DragonRush,Protect|Adamant||F|||50|]Ceruledge||ColburBerry|FlashFire|BitterBlade,BrickBreak,Protect,ShadowSneak|Adamant||F|||50|]Sinistcha||SitrusBerry|Hospitality|MatchaGotcha,ShadowBall,TrickRoom,RagePowder|Modest|||||50|]Gardevoir||Gardevoirite|Synchronize|TrickRoom,HyperVoice,Protect,WillOWisp|Modest||F|||50|]Sableye||RoseliBerry|Prankster|FoulPlay,Gravity,Quash,Encore|Bold||M|||50|]Swampert||Leftovers|Torrent|WideGuard,Liquidation,HighHorsepower,IcePunch|Adamant||F|||50|
|inactive|Battle timer is ON: inactive players will automatically lose when time's up. (requested by deas22)
|
|t:|1785247516
|teamsize|p1|4
|teamsize|p2|4
|start
|switch|p1a: Sableye|Sableye, L50, M|100/100
|switch|p1b: Gengar|Gengar, L50, M|100/100
|switch|p2a: Sableye|Sableye, L50, M|100/100
|switch|p2b: Ceruledge|Ceruledge, L50, F|100/100
|turn|1
|inactive|ultimatecoward has 30 seconds left.
|inactive|deas22 has 30 seconds left.
|inactive|ultimatecoward has 20 seconds left.
|inactive|deas22 has 20 seconds left.
|inactive|ultimatecoward has 15 seconds left.
|
|t:|1785247560
|detailschange|p1b: Gengar|Gengar-Mega, L50, M
|-mega|p1b: Gengar|Gengar|Gengarite
|move|p2b: Ceruledge|Shadow Sneak|p1b: Gengar
|-supereffective|p1b: Gengar|1
|-damage|p1b: Gengar|35/100
|move|p2a: Sableye|Gravity|p2a: Sableye
|-fieldstart|move: Gravity
|move|p1a: Sableye|Gravity||[still]
|-fail|p1a: Sableye
|move|p1b: Gengar|Hypnosis|p2b: Ceruledge
|-status|p2b: Ceruledge|slp|[from] move: Hypnosis
|
|upkeep
|turn|2
|inactive|ultimatecoward has 30 seconds left.
|inactive|deas22 has 30 seconds left.
|inactive|ultimatecoward has 20 seconds left.
|inactive|ultimatecoward has 15 seconds left.
|
|t:|1785247601
|switch|p1a: Kingambit|Kingambit, L50, M|100/100
|move|p1b: Gengar|Hex|p2b: Ceruledge
|-supereffective|p2b: Ceruledge|1
|-damage|p2b: Ceruledge|0 fnt
|faint|p2b: Ceruledge
|move|p2a: Sableye|Foul Play|p1b: Gengar
|-supereffective|p1b: Gengar|1
|-crit|p1b: Gengar
|-damage|p1b: Gengar|0 fnt
|faint|p1b: Gengar
|
|upkeep
|inactive|ultimatecoward has 30 seconds left.
|
|t:|1785247627
|switch|p1b: Garchomp|Garchomp, L50, M|100/100
|switch|p2b: Flapple|Flapple, L50, F|100/100
|turn|3
|inactive|ultimatecoward has 30 seconds left.
|inactive|deas22 has 30 seconds left.
|
|t:|1785247661
|switch|p1b: Sableye|Sableye, L50, M|100/100
|move|p1a: Kingambit|Sucker Punch|p2b: Flapple
|-damage|p2b: Flapple|32/100
|move|p2b: Flapple|Dragon Rush|p1b: Sableye
|-damage|p1b: Sableye|0 fnt
|faint|p1b: Sableye
|-damage|p2b: Flapple|23/100|[from] item: Life Orb
|move|p2a: Sableye|Foul Play|p1a: Kingambit
|-resisted|p1a: Kingambit|1
|-damage|p1a: Kingambit|78/100
|
|upkeep
|
|t:|1785247674
|switch|p1b: Garchomp|Garchomp, L50, M|100/100
|turn|4
|inactive|ultimatecoward has 30 seconds left.
|
|t:|1785247706
|move|p1a: Kingambit|Sucker Punch|p2b: Flapple
|-damage|p2b: Flapple|0 fnt
|faint|p2b: Flapple
|move|p2a: Sableye|Quash|p1b: Garchomp
|-activate|p1b: Garchomp|move: Quash
|move|p1b: Garchomp|Poison Jab|p2a: Sableye
|-resisted|p2a: Sableye|1
|-crit|p2a: Sableye
|-damage|p2a: Sableye|79/100
|-status|p2a: Sableye|psn
|
|-damage|p2a: Sableye|67/100 psn|[from] psn
|upkeep
|
|t:|1785247710
|switch|p2b: Sinistcha|Sinistcha, L50|100/100
|-heal|p2a: Sableye|92/100 psn|[from] ability: Hospitality|[of] p2b: Sinistcha
|turn|5
|
|t:|1785247734
|move|p2a: Sableye|Quash|p1a: Kingambit
|-hint|Since gen 7, Dark is immune to Prankster moves.
|-immune|p1a: Kingambit
|move|p1b: Garchomp|Poison Jab|p2b: Sinistcha
|-damage|p2b: Sinistcha|73/100
|move|p2b: Sinistcha|Matcha Gotcha|p1b: Garchomp|[spread] p1a,p1b
|-resisted|p1a: Kingambit|1
|-crit|p1a: Kingambit
|-damage|p1a: Kingambit|54/100
|-heal|p2b: Sinistcha|89/100|[from] drain|[of] p1a: Kingambit
|-damage|p1b: Garchomp|65/100
|-heal|p2b: Sinistcha|100/100|[from] drain|[of] p1b: Garchomp
|move|p1a: Kingambit|Kowtow Cleave|p2a: Sableye
|-damage|p2a: Sableye|32/100 psn
|
|-damage|p2a: Sableye|20/100y psn|[from] psn
|-fieldend|move: Gravity
|upkeep
|turn|6
|
|t:|1785247757
|move|p2a: Sableye|Quash|p1a: Kingambit
|-hint|Since gen 7, Dark is immune to Prankster moves.
|-immune|p1a: Kingambit
|move|p1b: Garchomp|Poison Jab|p2b: Sinistcha
|-damage|p2b: Sinistcha|72/100
|move|p2b: Sinistcha|Matcha Gotcha|p1a: Kingambit|[spread] p1a
|-miss|p2b: Sinistcha|p1b: Garchomp
|-resisted|p1a: Kingambit|1
|-damage|p1a: Kingambit|38/100
|-heal|p2b: Sinistcha|84/100|[from] drain|[of] p1a: Kingambit
|move|p1a: Kingambit|Kowtow Cleave|p2b: Sinistcha
|-supereffective|p2b: Sinistcha|1
|-damage|p2b: Sinistcha|0 fnt
|faint|p2b: Sinistcha
|
|-damage|p2a: Sableye|8/100 psn|[from] psn
|upkeep
|turn|7
|-message|deas22 forfeited.
|
|win|ultimatecoward
|l|☆deas22
|player|p2|
|raw|ultimatecoward's rating: 1000 → 1050(+50 for winning)
|raw|deas22's rating: 1085 → 1057(-28 for losing)
