|j|☆Norra Nori
|j|☆Invissiblessed
|html|Norra NoriInvissiblessed    
|uhtml|bestof|Game 1 of a best-of-3
|t:|1757199063
|gametype|doubles
|player|p1|Norra Nori|akari|
|player|p2|Invissiblessed|1|
|gen|9
|tier|[Gen 9] VGC 2025 Reg H (Bo3)
|rule|Species Clause: Limit one of each Pokémon
|rule|Item Clause: Limit 1 of each item
|clearpoke
|poke|p1|Torkoal, L50, M|
|poke|p1|Armarouge, L50, F|
|poke|p1|Indeedee, L50, M|
|poke|p1|Exeggutor, L50, M|
|poke|p1|Rhyperior, L50, F|
|poke|p1|Conkeldurr, L50, M|
|poke|p2|Hariyama, L50, M|
|poke|p2|Kingambit, L50, M|
|poke|p2|Oranguru, L50, M|
|poke|p2|Skeledirge, L50, M|
|poke|p2|Appletun, L50, M|
|poke|p2|Smeargle, L50, M|
|teampreview|4
|showteam|p1|Torkoal||EjectPack|Drought|Protect,Eruption,Overheat,HelpingHand|||M|||50|,,,,,Fire]Armarouge||LifeOrb|FlashFire|Protect,ExpandingForce,ArmorCannon,ClearSmog|||F|||50|,,,,,Grass]Indeedee||SafetyGoggles|PsychicSurge|Protect,ExpandingForce,TeraBlast,TrickRoom|||M|||50|,,,,,Fairy]Exeggutor||CovertCloak|Chlorophyll|Protect,ExpandingForce,Bulldoze,TrickRoom|||M|||50|,,,,,Dragon]Rhyperior||WeaknessPolicy|SolidRock|Protect,RockSlide,HighHorsepower,Crunch|||F|||50|,,,,,Dragon]Conkeldurr||FlameOrb|Guts|Protect,CloseCombat,RockSlide,WideGuard|||M|||50|,,,,,Ghost
|showteam|p2|Hariyama||FlameOrb|Guts|WideGuard,FakeOut,KnockOff,CloseCombat|||M|||50|,,,,,Dark]Kingambit||BlackGlasses|SupremeOverlord|Protect,KowtowCleave,IronHead,SuckerPunch|||M|||50|,,,,,Dark]Oranguru||MentalHerb|InnerFocus|FoulPlay,Yawn,Instruct,TrickRoom|||M|||50|,,,,,Grass]Skeledirge||ThroatSpray|Unaware|TorchSong,ShadowBall,TeraBlast,Protect|||M|||50|,,,,,Grass]Appletun||SitrusBerry|Ripen|BodyPress,IronDefense,LeechSeed,Recover|||M|||50|,,,,,Water]Smeargle||FocusSash|OwnTempo|Spore,FollowMe,FakeOut,MistyTerrain|||M|||50|,,,,,Ghost
|j| Gholden Go Getters
|
|t:|1757199309
|teamsize|p1|4
|teamsize|p2|4
|start
|switch|p1a: Torkoal|Torkoal, L50, M|100/100
|switch|p1b: Exeggutor|Exeggutor, L50, M|100/100
|switch|p2a: The Biggest|Hariyama, L50, M, shiny|100/100
|switch|p2b: Regardless|Oranguru, L50, M, shiny|100/100
|-weather|SunnyDay|[from] ability: Drought|[of] p1a: Torkoal
|turn|1
|
|t:|1757199348
|move|p2a: The Biggest|Wide Guard|p2a: The Biggest
|-singleturn|p2a: The Biggest|Wide Guard
|move|p1b: Exeggutor|Expanding Force|p2a: The Biggest
|-supereffective|p2a: The Biggest
|-damage|p2a: The Biggest|21/100
|move|p1a: Torkoal|Eruption|p2a: The Biggest|[spread] 
|-activate|p2a: The Biggest|move: Wide Guard
|-activate|p2b: Regardless|move: Wide Guard
|move|p2b: Regardless|Trick Room|p2b: Regardless
|-fieldstart|move: Trick Room|[of] p2b: Regardless
|
|-weather|SunnyDay|[upkeep]
|-status|p2a: The Biggest|brn|[from] item: Flame Orb
|upkeep
|turn|2
|
|t:|1757199537
|move|p1a: Torkoal|Overheat|p2a: The Biggest
|-damage|p2a: The Biggest|0 fnt
|-unboost|p1a: Torkoal|spa|2
|faint|p2a: The Biggest
|-enditem|p1a: Torkoal|Eject Pack
|
|t:|1757199542
|switch|p1a: Indeedee|Indeedee, L50, M|100/100
|-fieldstart|move: Psychic Terrain|[from] ability: Psychic Surge|[of] p1a: Indeedee
|move|p2b: Regardless|Yawn|p1b: Exeggutor
|-start|p1b: Exeggutor|move: Yawn|[of] p2b: Regardless
|move|p1b: Exeggutor|Expanding Force|p2b: Regardless
|-resisted|p2b: Regardless
|-damage|p2b: Regardless|70/100
|
|-weather|SunnyDay|[upkeep]
|upkeep
|
|t:|1757199568
|switch|p2a: BigXthaPlug|Appletun, L50, M|100/100
|turn|3
|
|t:|1757199608
|move|p2a: BigXthaPlug|Leech Seed|p1a: Indeedee
|-start|p1a: Indeedee|move: Leech Seed
|move|p2b: Regardless|Foul Play|p1a: Indeedee
|-supereffective|p1a: Indeedee
|-damage|p1a: Indeedee|60/100
|move|p1a: Indeedee|Expanding Force|p2b: Regardless|[spread] p2a,p2b
|-resisted|p2b: Regardless
|-damage|p2a: BigXthaPlug|50/100
|-damage|p2b: Regardless|49/100
|-activate|p2a: BigXthaPlug|ability: Ripen
|-enditem|p2a: BigXthaPlug|Sitrus Berry|[eat]
|-heal|p2a: BigXthaPlug|99/100|[from] item: Sitrus Berry
|move|p1b: Exeggutor|Expanding Force|p2b: Regardless|[spread] p2a,p2b
|-resisted|p2b: Regardless
|-damage|p2a: BigXthaPlug|56/100
|-damage|p2b: Regardless|26/100
|
|-weather|SunnyDay|[upkeep]
|-damage|p1a: Indeedee|48/100|[from] Leech Seed|[of] p2a: BigXthaPlug
|-heal|p2a: BigXthaPlug|65/100|[silent]
|-end|p1b: Exeggutor|move: Yawn|[silent]
|-status|p1b: Exeggutor|slp
|upkeep
|turn|4
|
|t:|1757199653
|switch|p1a: Conkeldurr|Conkeldurr, L50, M|100/100
|move|p2a: BigXthaPlug|Iron Defense|p2a: BigXthaPlug
|-boost|p2a: BigXthaPlug|def|2
|move|p2b: Regardless|Foul Play|p1a: Conkeldurr
|-resisted|p1a: Conkeldurr
|-damage|p1a: Conkeldurr|84/100
|cant|p1b: Exeggutor|slp
|
|-weather|SunnyDay|[upkeep]
|-status|p1a: Conkeldurr|brn|[from] item: Flame Orb
|upkeep
|turn|5
|
|t:|1757199679
|move|p1a: Conkeldurr|Rock Slide|p2b: Regardless|[spread] p2a,p2b
|-damage|p2a: BigXthaPlug|50/100
|-damage|p2b: Regardless|0 fnt
|faint|p2b: Regardless
|cant|p2a: BigXthaPlug|flinch
|cant|p1b: Exeggutor|slp
|
|-weather|none
|-damage|p1a: Conkeldurr|78/100 brn|[from] brn
|-fieldend|move: Trick Room
|upkeep
|
|t:|1757199689
|switch|p2b: The Largest|Kingambit, L50, M|100/100
|-activate|p2b: The Largest|ability: Supreme Overlord
|-start|p2b: The Largest|fallen2|[silent]
|turn|6
|
|t:|1757199721
|move|p2a: BigXthaPlug|Body Press|p1a: Conkeldurr
|-damage|p1a: Conkeldurr|46/100 brn
|move|p2b: The Largest|Kowtow Cleave|p1a: Conkeldurr
|-resisted|p1a: Conkeldurr
|-damage|p1a: Conkeldurr|16/100 brn
|move|p1a: Conkeldurr|Close Combat|p2b: The Largest
|-supereffective|p2b: The Largest
|-damage|p2b: The Largest|0 fnt
|-unboost|p1a: Conkeldurr|def|1
|-unboost|p1a: Conkeldurr|spd|1
|faint|p2b: The Largest
|-end|p2b: The Largest|fallen2|[silent]
|cant|p1b: Exeggutor|slp
|
|-damage|p1a: Conkeldurr|9/100 brn|[from] brn
|-fieldend|move: Psychic Terrain
|upkeep
|turn|7
|
|t:|1757199743
|move|p2a: BigXthaPlug|Body Press|p1a: Conkeldurr
|-damage|p1a: Conkeldurr|0 fnt
|faint|p1a: Conkeldurr
|-curestatus|p1b: Exeggutor|slp|[msg]
|move|p1b: Exeggutor|Trick Room|p1b: Exeggutor
|-fieldstart|move: Trick Room|[of] p1b: Exeggutor
|
|upkeep
|
|t:|1757199750
|switch|p1a: Torkoal|Torkoal, L50, M|100/100
|-weather|SunnyDay|[from] ability: Drought|[of] p1a: Torkoal
|turn|8
|
|t:|1757199760
|move|p1a: Torkoal|Eruption|p2a: BigXthaPlug
|-damage|p2a: BigXthaPlug|0 fnt
|faint|p2a: BigXthaPlug
|
|win|Norra Nori
|inactive|Norra Nori has 14 seconds to confirm battle start!
|inactive|Invissiblessed has 14 seconds to confirm battle start!
||Norra Nori is ready for game 2.
||Norra Nori is ready for game 2.
||Norra Nori is ready for game 2.
|inactive|Invissiblessed has 4 seconds to confirm battle start!
||Norra Nori is ready for game 2.
|l|☆Invissiblessed
|player|p2|
||Norra Nori is ready for game 2.
||Norra Nori is ready for game 2.
||Norra Nori is ready for game 2.
||Norra Nori is ready for game 2.
||Norra Nori is ready for game 2.
||Norra Nori is ready for game 2.
||Norra Nori is ready for game 2.
||Norra Nori is ready for game 2.
||Norra Nori is ready for game 2.
|uhtml|next|Next: Game 2 of 3
