|j|☆kharnvgc
|j|‽Javis2025
|html|kharnvgcJavis2025    
|uhtml|bestof|Game 2 of a best-of-3
|t:|1785101240
|gametype|doubles
|player|p1|kharnvgc|veteran|1059
|player|p2|Javis2025|265|1154
|gen|9
|tier|[Gen 9 Champions] VGC 2026 Reg M-B (Bo3)
|rated|
|rule|Species Clause: Limit one of each Pokémon
|rule|Item Clause: Limit 1 of each item
|clearpoke
|poke|p1|Steelix, L50, F|
|poke|p1|Garchomp, L50, M|
|poke|p1|Tyranitar, L50, F|
|poke|p1|Farigiraf, L50, F|
|poke|p1|Sylveon, L50, M|
|poke|p1|Milotic, L50, F|
|poke|p2|Froslass, L50, F|
|poke|p2|Toxapex, L50, F|
|poke|p2|Lycanroc-Dusk, L50, M|
|poke|p2|Kingambit, L50, M|
|poke|p2|Grimmsnarl, L50, M|
|poke|p2|Garchomp, L50, F|
|teampreview|4
|showteam|p1|Steelix||Steelixite|Sturdy|Protect,HighHorsepower,WideGuard,HeavySlam|Careful||F|||50|]Garchomp||LifeOrb|SandVeil|Protect,RockSlide,DragonClaw,StompingTantrum|Jolly||M|||50|]Tyranitar||Tyranitarite|SandStream|Protect,RockSlide,BrickBreak,KnockOff|Adamant||F|||50|]Farigiraf||SitrusBerry|ArmorTail|Protect,TrickRoom,Psychic,HyperVoice|Bold||F|||50|]Sylveon||FairyFeather|Pixilate|Protect,BabyDollEyes,HyperBeam,HyperVoice|Modest||M|||50|]Milotic||Leftovers|Competitive|Protect,Coil,Hypnosis,MuddyWater|Bold||F|||50|
|showteam|p2|Froslass||Froslassite|SnowCloak|AuroraVeil,ShadowBall,Blizzard,Protect|Timid||F|||50|]Toxapex||Leftovers|Regenerator|BanefulBunker,WideGuard,Infestation,Toxic|Bold||F|||50|]Lycanroc-Dusk||FocusSash|ToughClaws|CloseCombat,RockSlide,Protect,Accelerock|Adamant||M|||50|]Kingambit||BlackGlasses|Defiant|IronHead,SuckerPunch,KowtowCleave,Protect|Adamant||M|||50|]Grimmsnarl||RoseliBerry|Prankster|FakeOut,PartingShot,SpiritBreak,ScaryFace|Careful||M|||50|]Garchomp||LifeOrb|RoughSkin|DragonClaw,RockSlide,StompingTantrum,Protect|Adamant||F|||50|
|
|t:|1785101257
|teamsize|p1|4
|teamsize|p2|4
|start
|switch|p1a: Steelix|Steelix, L50, F|100/100
|switch|p1b: Farigiraf|Farigiraf, L50, F|100/100
|switch|p2a: Toxapex|Toxapex, L50, F|100/100
|switch|p2b: Grimmsnarl|Grimmsnarl, L50, M|100/100
|turn|1
|
|t:|1785101292
|detailschange|p1a: Steelix|Steelix-Mega, L50, F
|-mega|p1a: Steelix|Steelix|Steelixite
|move|p2b: Grimmsnarl|Parting Shot||[still]
|cant|p1b: Farigiraf|ability: Armor Tail|Parting Shot|[of] p2b: Grimmsnarl
|move|p1b: Farigiraf|Psychic|p2a: Toxapex
|-supereffective|p2a: Toxapex|1
|-damage|p2a: Toxapex|52/100
|move|p2a: Toxapex|Infestation|p1b: Farigiraf
|-supereffective|p1b: Farigiraf|1
|-damage|p1b: Farigiraf|94/100
|-activate|p1b: Farigiraf|move: Infestation|[of] p2a: Toxapex
|move|p1a: Steelix|High Horsepower|p2a: Toxapex
|-supereffective|p2a: Toxapex|1
|-damage|p2a: Toxapex|0 fnt
|faint|p2a: Toxapex
|
|-end|p1b: Farigiraf|Infestation|[partiallytrapped]|[silent]
|upkeep
|
|t:|1785101309
|switch|p2a: Froslass|Froslass, L50, F|100/100
|turn|2
|
|t:|1785101320
|detailschange|p2a: Froslass|Froslass-Mega, L50, F
|-mega|p2a: Froslass|Froslass|Froslassite
|-weather|Snowscape|[from] ability: Snow Warning|[of] p2a: Froslass
|move|p1a: Steelix|Wide Guard|p1a: Steelix
|-singleturn|p1a: Steelix|Wide Guard
|move|p2b: Grimmsnarl|Parting Shot||[still]
|cant|p1b: Farigiraf|ability: Armor Tail|Parting Shot|[of] p2b: Grimmsnarl
|move|p2a: Froslass|Aurora Veil|p2a: Froslass
|-sidestart|p2: Javis2025|move: Aurora Veil
|move|p1b: Farigiraf|Trick Room|p1b: Farigiraf
|-fieldstart|move: Trick Room|[of] p1b: Farigiraf
|
|-weather|Snowscape|[upkeep]
|upkeep
|turn|3
|
|t:|1785101337
|switch|p1b: Tyranitar|Tyranitar, L50, F|100/100
|-weather|Sandstorm|[from] ability: Sand Stream|[of] p1b: Tyranitar
|move|p1a: Steelix|Heavy Slam|p2a: Froslass
|-supereffective|p2a: Froslass|1
|-damage|p2a: Froslass|0 fnt
|faint|p2a: Froslass
|move|p2b: Grimmsnarl|Spirit Break|p1b: Tyranitar
|-supereffective|p1b: Tyranitar|1
|-damage|p1b: Tyranitar|46/100
|-unboost|p1b: Tyranitar|spa|1
|
|-weather|Sandstorm|[upkeep]
|-damage|p2b: Grimmsnarl|94/100|[from] Sandstorm
|upkeep
|
|t:|1785101376
|switch|p2a: Lycanroc|Lycanroc-Dusk, L50, M|100/100
|turn|4
|
|t:|1785101389
|switch|p1b: Farigiraf|Farigiraf, L50, F|94/100
|move|p1a: Steelix|Heavy Slam|p2a: Lycanroc
|-supereffective|p2a: Lycanroc|1
|-enditem|p2a: Lycanroc|Focus Sash
|-damage|p2a: Lycanroc|1/100
|move|p2b: Grimmsnarl|Spirit Break|p1b: Farigiraf
|-damage|p1b: Farigiraf|68/100
|-unboost|p1b: Farigiraf|spa|1
|move|p2a: Lycanroc|Close Combat|p1a: Steelix
|-supereffective|p1a: Steelix|1
|-damage|p1a: Steelix|47/100
|-unboost|p2a: Lycanroc|def|1
|-unboost|p2a: Lycanroc|spd|1
|
|-weather|Sandstorm|[upkeep]
|-damage|p2b: Grimmsnarl|88/100|[from] Sandstorm
|-damage|p1b: Farigiraf|62/100|[from] Sandstorm
|upkeep
|turn|5
|
|t:|1785101411
|move|p2a: Lycanroc|Protect|p2a: Lycanroc
|-singleturn|p2a: Lycanroc|Protect
|move|p1a: Steelix|Heavy Slam|p2b: Grimmsnarl
|-supereffective|p2b: Grimmsnarl|1
|-damage|p2b: Grimmsnarl|0 fnt
|faint|p2b: Grimmsnarl
|move|p1b: Farigiraf|Hyper Voice|p2a: Lycanroc
|-activate|p2a: Lycanroc|move: Protect
|
|-weather|Sandstorm|[upkeep]
|-damage|p1b: Farigiraf|56/100|[from] Sandstorm
|upkeep
|turn|6
|
|t:|1785101423
|move|p1a: Steelix|Heavy Slam|p2a: Lycanroc
|-supereffective|p2a: Lycanroc|1
|-damage|p2a: Lycanroc|0 fnt
|faint|p2a: Lycanroc
|
|win|kharnvgc
|raw|kharnvgc's rating: 1059 → 1098(+39 for winning)
|raw|Javis2025's rating: 1154 → 1122(-32 for losing)
