|j|☆golden sun boy
|j|☆yosiel
|html|golden sun boyyosiel    
|uhtml|bestof|Game 1 of a best-of-3
|t:|1784080650
|gametype|doubles
|player|p1|golden sun boy|unknown|1057
|player|p2|yosiel|acetrainersnow|1040
|gen|9
|tier|[Gen 9 Champions] VGC 2026 Reg M-B (Bo3)
|rated|
|rule|Species Clause: Limit one of each Pokémon
|rule|Item Clause: Limit 1 of each item
|clearpoke
|poke|p1|Zoroark-Hisui, L50, M|
|poke|p1|Tyranitar, L50, M|
|poke|p1|Whimsicott, L50, F|
|poke|p1|Venusaur, L50, M|
|poke|p1|Tinkaton, L50, F|
|poke|p1|Eelektross, L50, F|
|poke|p2|Dragapult, L50, M, shiny|
|poke|p2|Incineroar, L50, M, shiny|
|poke|p2|Milotic, L50, F, shiny|
|poke|p2|Blaziken, L50, M, shiny|
|poke|p2|Aerodactyl, L50, M, shiny|
|poke|p2|Reuniclus, L50, M, shiny|
|teampreview|4
|showteam|p1|Zoroark-Hisui||LifeOrb|Illusion|HyperBeam,HyperVoice,ShadowBall,Protect|Modest||M|||50|]Tyranitar||ShedShell|SandStream|KnockOff,RockSlide,LowKick,Protect|Adamant||M|||50|]Whimsicott||OccaBerry|Prankster|Tailwind,FakeTears,Encore,Moonblast|Calm||F|||50|]Venusaur||Venusaurite|Chlorophyll|EarthPower,GigaDrain,SludgeBomb,Protect|Modest||M|||50|]Tinkaton||FocusSash|MoldBreaker|FakeOut,GigatonHammer,PlayRough,IceHammer|Adamant||F|||50|]Eelektross||Eelektrossite|Levitate|Flamethrower,DragonTail,Thunderbolt,Protect|Modest||F|||50|
|showteam|p2|Dragapult||LightClay|ClearBody|Reflect,LightScreen,DragonDarts,DragonCheer|Jolly||M|||50|]Incineroar||ChopleBerry|Intimidate|FakeOut,PartingShot,ThroatChop,FlareBlitz|Careful||M|||50|]Milotic||Leftovers|Competitive|IceBeam,Coil,MuddyWater,LifeDew|Relaxed||F|||50|]Blaziken||Blazikenite|SpeedBoost|Protect,FirePunch,CloseCombat,RockSlide|Adamant||M|||50|]Aerodactyl||FocusSash|Unnerve|Tailwind,Protect,RockSlide,WideGuard|Jolly||M|||50|]Reuniclus||SitrusBerry|Regenerator|TrickRoom,CalmMind,PainSplit,Psychic|Relaxed||M|||50|
|inactive|Battle timer is ON: inactive players will automatically lose when time's up. (requested by golden sun boy)
|inactive|golden sun boy has 60 seconds left.
|inactive|golden sun boy has 30 seconds left.
|inactive|golden sun boy has 20 seconds left.
|inactive|golden sun boy has 15 seconds left.
|inactive|golden sun boy has 10 seconds left.
|inactive|golden sun boy has 5 seconds left.
|
|t:|1784080740
|teamsize|p1|4
|teamsize|p2|4
|start
|switch|p1a: Eelektross|Eelektross, L50, F|100/100
|switch|p1b: Venusaur|Venusaur, L50, M|100/100
|switch|p2a: Incineroar|Incineroar, L50, M, shiny|100/100
|switch|p2b: Milotic|Milotic, L50, F, shiny|100/100
|-ability|p2a: Incineroar|Intimidate|boost
|-unboost|p1a: Eelektross|atk|1
|-unboost|p1b: Venusaur|atk|1
|turn|1
|inactive|golden sun boy has 30 seconds left.
|inactive|golden sun boy has 20 seconds left.
|inactive|golden sun boy has 15 seconds left.
|inactive|golden sun boy has 10 seconds left.
|
|t:|1784080787
|detailschange|p1a: Eelektross|Eelektross-Mega, L50, F
|-mega|p1a: Eelektross|Eelektross|Eelektrossite
|move|p2a: Incineroar|Fake Out|p1a: Eelektross
|-damage|p1a: Eelektross|87/100
|move|p1b: Venusaur|Hyper Voice|p2a: Incineroar|[spread] p2a,p2b
|-damage|p2a: Incineroar|65/100
|-damage|p2b: Milotic|70/100
|-damage|p1b: Venusaur|90/100|[from] item: Life Orb
|cant|p1a: Eelektross|flinch
|move|p2b: Milotic|Coil|p2b: Milotic
|-boost|p2b: Milotic|atk|1
|-boost|p2b: Milotic|def|1
|-boost|p2b: Milotic|accuracy|1
|
|-heal|p2b: Milotic|76/100|[from] item: Leftovers
|upkeep
|turn|2
|inactive|golden sun boy has 30 seconds left.
|
|t:|1784080815
|switch|p1b: Tyranitar|Tyranitar, L50, M|100/100
|-weather|Sandstorm|[from] ability: Sand Stream|[of] p1b: Tyranitar
|move|p1a: Eelektross|Thunderbolt|p2b: Milotic
|-supereffective|p2b: Milotic|1
|-damage|p2b: Milotic|6/100
|move|p2b: Milotic|Muddy Water|p1a: Eelektross|[spread] p1a,p1b
|-supereffective|p1b: Tyranitar|1
|-damage|p1a: Eelektross|59/100
|-damage|p1b: Tyranitar|71/100
|-unboost|p1b: Tyranitar|accuracy|1
|move|p2a: Incineroar|Parting Shot|p2b: Milotic
|-unboost|p2b: Milotic|atk|1
|-unboost|p2b: Milotic|spa|1
|
|t:|1784080833
|switch|p2a: Blaziken|Blaziken, L50, M, shiny|100/100|[from] Parting Shot
|
|-weather|Sandstorm|[upkeep]
|-damage|p1a: Eelektross|53/100|[from] Sandstorm
|-damage|p2a: Blaziken|94/100|[from] Sandstorm
|-damage|p2b: Milotic|1/100|[from] Sandstorm
|-heal|p2b: Milotic|6/100|[from] item: Leftovers
|upkeep
|turn|3
|inactive|golden sun boy has 30 seconds left.
|inactive|golden sun boy has 20 seconds left.
|inactive|golden sun boy has 15 seconds left.
|
|t:|1784080876
|switch|p1b: Venusaur|Venusaur, L50, M|90/100
|switch|p2b: Incineroar|Incineroar, L50, M, shiny|65/100
|-ability|p2b: Incineroar|Intimidate|boost
|-unboost|p1a: Eelektross|atk|1
|-unboost|p1b: Venusaur|atk|1
|move|p2a: Blaziken|Protect|p2a: Blaziken
|-singleturn|p2a: Blaziken|Protect
|move|p1a: Eelektross|Thunderbolt|p2b: Incineroar
|-damage|p2b: Incineroar|24/100
|
|-weather|Sandstorm|[upkeep]
|-damage|p1b: Venusaur|84/100|[from] Sandstorm
|-damage|p2a: Blaziken|88/100|[from] Sandstorm
|-damage|p1a: Eelektross|46/100|[from] Sandstorm
|-damage|p2b: Incineroar|18/100|[from] Sandstorm
|-ability|p2a: Blaziken|Speed Boost|boost
|-boost|p2a: Blaziken|spe|1
|upkeep
|turn|4
|inactive|golden sun boy has 30 seconds left.
|inactive|yosiel has 30 seconds left.
|inactive|golden sun boy has 20 seconds left.
|inactive|golden sun boy has 15 seconds left.
|
|t:|1784080918
|detailschange|p2a: Blaziken|Blaziken-Mega, L50, M, shiny
|-mega|p2a: Blaziken|Blaziken|Blazikenite
|move|p1a: Eelektross|Protect|p1a: Eelektross
|-singleturn|p1a: Eelektross|Protect
|move|p2b: Incineroar|Fake Out|p1b: Venusaur
|-immune|p1b: Venusaur
|move|p2a: Blaziken|Fire Punch|p1a: Eelektross
|-activate|p1a: Eelektross|move: Protect
|move|p1b: Venusaur|Hyper Beam|p2a: Blaziken|[miss]
|-miss|p1b: Venusaur|p2a: Blaziken
|
|-weather|Sandstorm|[upkeep]
|-damage|p2a: Blaziken|82/100|[from] Sandstorm
|-damage|p1b: Venusaur|78/100|[from] Sandstorm
|-damage|p1a: Eelektross|40/100|[from] Sandstorm
|-damage|p2b: Incineroar|12/100|[from] Sandstorm
|-ability|p2a: Blaziken|Speed Boost|boost
|-boost|p2a: Blaziken|spe|1
|upkeep
|turn|5
|inactive|golden sun boy has 30 seconds left.
|inactive|yosiel has 30 seconds left.
|inactive|golden sun boy has 20 seconds left.
|inactive|golden sun boy has 15 seconds left.
|
|t:|1784080963
|switch|p1a: Tyranitar|Tyranitar, L50, M|71/100
|move|p2a: Blaziken|Fire Punch|p1a: Tyranitar
|-resisted|p1a: Tyranitar|1
|-damage|p1a: Tyranitar|47/100
|move|p1b: Venusaur|Hyper Beam|p2a: Blaziken|[miss]
|-miss|p1b: Venusaur|p2a: Blaziken
|move|p2b: Incineroar|Throat Chop|p1b: Venusaur
|-supereffective|p1b: Venusaur|1
|-damage|p1b: Venusaur|0 fnt
|replace|p1b: Zoroark|Zoroark-Hisui, L50, M
|-end|p1b: Zoroark|Illusion
|faint|p1b: Zoroark
|
|-weather|Sandstorm|[upkeep]
|-damage|p2a: Blaziken|76/100|[from] Sandstorm
|-damage|p2b: Incineroar|6/100|[from] Sandstorm
|-ability|p2a: Blaziken|Speed Boost|boost
|-boost|p2a: Blaziken|spe|1
|upkeep
|-message|golden sun boy forfeited.
|
|win|yosiel
|l|☆golden sun boy
|player|p1|
||golden sun boy is ready for game 2.
