|j|☆spernerslemma
|j|☆TheDoomDraogn
|html|spernerslemmaTheDoomDraogn    
|uhtml|bestof|Game 2 of a best-of-3
|t:|1785259901
|gametype|doubles
|player|p1|spernerslemma|169|1370
|player|p2|TheDoomDraogn|gentleman-gen4|1352
|gen|9
|tier|[Gen 9 Champions] VGC 2026 Reg M-B (Bo3)
|rated|
|rule|Species Clause: Limit one of each Pokémon
|rule|Item Clause: Limit 1 of each item
|clearpoke
|poke|p1|Swampert, L50, F|
|poke|p1|Grimmsnarl, L50, M|
|poke|p1|Archaludon, L50, M|
|poke|p1|Pelipper, L50, F|
|poke|p1|Venusaur, L50, F|
|poke|p1|Sylveon, L50, M|
|poke|p2|Staraptor, L50, F|
|poke|p2|Sinistcha, L50|
|poke|p2|Arcanine-Hisui, L50, F|
|poke|p2|Ninetales-Alola, L50, M|
|poke|p2|Glaceon, L50, M|
|poke|p2|Milotic, L50, M|
|teampreview|4
|showteam|p1|Swampert||Swampertite|Torrent|WaveCrash,Protect,Earthquake,IcePunch|Adamant||F|||50|]Grimmsnarl||LightClay|Prankster|FoulPlay,Reflect,LightScreen,PartingShot|Calm||M|||50|]Archaludon||Leftovers|Stamina|ElectroShot,DragonPulse,FlashCannon,Protect|Modest||M|||50|]Pelipper||SitrusBerry|Drizzle|WeatherBall,Hurricane,Tailwind,Protect|Modest||F|||50|]Venusaur||Venusaurite|Chlorophyll|SludgeBomb,Protect,GigaDrain,EarthPower|Modest||F|||50|]Sylveon||FairyFeather|Pixilate|HyperVoice,HyperBeam,QuickAttack,Protect|Modest||M|||50|
|showteam|p2|Staraptor||Staraptite|Intimidate|CloseCombat,DualWingbeat,Tailwind,Protect|Jolly||F|||50|]Sinistcha||ColburBerry|Hospitality|MatchaGotcha,RagePowder,TrickRoom,StrengthSap|Calm|||||50|]Arcanine-Hisui||FocusSash|RockHead|FlareBlitz,HeadSmash,ExtremeSpeed,Protect|Jolly||F|||50|]Ninetales-Alola||LightClay|SnowWarning|IcyWind,Moonblast,FakeTears,AuroraVeil|Timid||M|||50|]Glaceon||NeverMeltIce|SnowCloak|Blizzard,FreezeDry,Wish,Protect|Modest||M|||50|]Milotic||Leftovers|Competitive|Scald,IcyWind,LifeDew,Protect|Modest||M|||50|
|
|t:|1785259946
|teamsize|p1|4
|teamsize|p2|4
|start
|switch|p1a: Venusaur|Venusaur, L50, F|100/100
|switch|p1b: Sylveon|Sylveon, L50, M|100/100
|switch|p2a: Ninetales|Ninetales-Alola, L50, M|100/100
|switch|p2b: Glaceon|Glaceon, L50, M|100/100
|-weather|Snowscape|[from] ability: Snow Warning|[of] p2a: Ninetales
|turn|1
|
|t:|1785259992
|detailschange|p1a: Venusaur|Venusaur-Mega, L50, F
|-mega|p1a: Venusaur|Venusaur|Venusaurite
|move|p1b: Sylveon|Protect|p1b: Sylveon
|-singleturn|p1b: Sylveon|Protect
|move|p2a: Ninetales|Fake Tears|p1a: Venusaur
|-unboost|p1a: Venusaur|spd|2
|move|p1a: Venusaur|Sludge Bomb|p2a: Ninetales
|-supereffective|p2a: Ninetales|1
|-damage|p2a: Ninetales|6/100
|move|p2b: Glaceon|Blizzard|p1a: Venusaur|[spread] p1a
|-activate|p1b: Sylveon|move: Protect
|-supereffective|p1a: Venusaur|1
|-damage|p1a: Venusaur|0 fnt
|faint|p1a: Venusaur
|
|-weather|Snowscape|[upkeep]
|upkeep
|
|t:|1785260014
|switch|p1a: Pelipper|Pelipper, L50, F|100/100
|-weather|RainDance|[from] ability: Drizzle|[of] p1a: Pelipper
|turn|2
|
|t:|1785260026
|switch|p1a: Archaludon|Archaludon, L50, M|100/100
|move|p1b: Sylveon|Quick Attack|p2a: Ninetales
|-damage|p2a: Ninetales|0 fnt
|faint|p2a: Ninetales
|move|p2b: Glaceon|Freeze-Dry|p1a: Archaludon
|-damage|p1a: Archaludon|54/100
|-ability|p1a: Archaludon|Stamina|boost
|-boost|p1a: Archaludon|def|1
|
|-weather|RainDance|[upkeep]
|-heal|p1a: Archaludon|60/100|[from] item: Leftovers
|upkeep
|
|t:|1785260039
|switch|p2a: Staraptor|Staraptor, L50, F|100/100
|-ability|p2a: Staraptor|Intimidate|boost
|-unboost|p1a: Archaludon|atk|1
|-unboost|p1b: Sylveon|atk|1
|turn|3
|
|t:|1785260070
|move|p2a: Staraptor|Protect|p2a: Staraptor
|-singleturn|p2a: Staraptor|Protect
|move|p1a: Archaludon|Protect|p1a: Archaludon
|-singleturn|p1a: Archaludon|Protect
|move|p1b: Sylveon|Protect|p1b: Sylveon
|-singleturn|p1b: Sylveon|Protect
|move|p2b: Glaceon|Freeze-Dry|p1b: Sylveon
|-activate|p1b: Sylveon|move: Protect
|
|-weather|RainDance|[upkeep]
|-heal|p1a: Archaludon|66/100|[from] item: Leftovers
|upkeep
|turn|4
|
|t:|1785260100
|detailschange|p2a: Staraptor|Staraptor-Mega, L50, F
|-mega|p2a: Staraptor|Staraptor|Staraptite
|move|p2a: Staraptor|Close Combat|p1a: Archaludon
|-supereffective|p1a: Archaludon|1
|-damage|p1a: Archaludon|1/100
|-boost|p2a: Staraptor|def|1
|-boost|p2a: Staraptor|spd|1
|-ability|p1a: Archaludon|Stamina|boost
|-boost|p1a: Archaludon|def|1
|move|p1a: Archaludon|Electro Shot||[still]
|-prepare|p1a: Archaludon|Electro Shot
|-boost|p1a: Archaludon|spa|1
|-anim|p1a: Archaludon|Electro Shot|p2b: Glaceon
|-damage|p2b: Glaceon|40/100
|move|p2b: Glaceon|Freeze-Dry|p1a: Archaludon
|-damage|p1a: Archaludon|0 fnt
|faint|p1a: Archaludon
|move|p1b: Sylveon|Hyper Beam|p2a: Staraptor
|-supereffective|p2a: Staraptor|1
|-damage|p2a: Staraptor|0 fnt
|-mustrecharge|p1b: Sylveon
|faint|p2a: Staraptor
|
|-weather|RainDance|[upkeep]
|upkeep
|
|t:|1785260119
|switch|p2a: Sinistcha|Sinistcha, L50|100/100
|switch|p1a: Pelipper|Pelipper, L50, F|100/100
|-heal|p2b: Glaceon|65/100|[from] ability: Hospitality|[of] p2a: Sinistcha
|turn|5
|
|t:|1785260155
|move|p1a: Pelipper|Protect|p1a: Pelipper
|-singleturn|p1a: Pelipper|Protect
|move|p2a: Sinistcha|Matcha Gotcha|p1b: Sylveon|[spread] p1b
|-activate|p1a: Pelipper|move: Protect
|-damage|p1b: Sylveon|83/100
|-status|p1b: Sylveon|brn
|move|p2b: Glaceon|Freeze-Dry|p1a: Pelipper
|-activate|p1a: Pelipper|move: Protect
|cant|p1b: Sylveon|recharge
|
|-weather|RainDance|[upkeep]
|-damage|p1b: Sylveon|77/100 brn|[from] brn
|upkeep
|turn|6
|
|t:|1785260177
|move|p1a: Pelipper|Hurricane|p2a: Sinistcha
|-supereffective|p2a: Sinistcha|1
|-damage|p2a: Sinistcha|29/100
|-start|p2a: Sinistcha|confusion
|-activate|p2a: Sinistcha|confusion
|move|p2a: Sinistcha|Matcha Gotcha|p1b: Sylveon|[spread] p1a,p1b
|-damage|p1a: Pelipper|68/100
|-heal|p2a: Sinistcha|43/100|[from] drain|[of] p1a: Pelipper
|-damage|p1b: Sylveon|61/100 brn
|-heal|p2a: Sinistcha|52/100|[from] drain|[of] p1b: Sylveon
|move|p2b: Glaceon|Freeze-Dry|p1b: Sylveon
|-damage|p1b: Sylveon|29/100 brn
|move|p1b: Sylveon|Hyper Voice|p2a: Sinistcha|[spread] p2a,p2b
|-damage|p2a: Sinistcha|14/100
|-damage|p2b: Glaceon|15/100
|
|-weather|none
|-damage|p1b: Sylveon|23/100 brn|[from] brn
|upkeep
|turn|7
|
|t:|1785260256
|move|p1a: Pelipper|Hurricane|p2b: Glaceon
|-damage|p2b: Glaceon|0 fnt
|faint|p2b: Glaceon
|-activate|p2a: Sinistcha|confusion
|-damage|p2a: Sinistcha|8/100|[from] confusion
|move|p1b: Sylveon|Hyper Voice|p2a: Sinistcha
|-damage|p2a: Sinistcha|0 fnt
|faint|p2a: Sinistcha
|
|win|spernerslemma
|raw|spernerslemma's rating: 1370 → 1389(+19 for winning)
|raw|TheDoomDraogn's rating: 1352 → 1333(-19 for losing)
|l|☆TheDoomDraogn
|player|p2|
