|j|☆Ruben branzini
|j|☆kunal
|html|Ruben branzinikunal    
|uhtml|bestof|Game 1 of a best-of-3
|t:|1783097789
|gametype|doubles
|player|p1|Ruben branzini|#vgcclassicspliii|
|player|p2|kunal|#wcop2026uswest2|
|gen|9
|tier|[Gen 9 Champions] VGC 2026 Reg M-B (Bo3)
|rule|Species Clause: Limit one of each Pokémon
|rule|Item Clause: Limit 1 of each item
|clearpoke
|poke|p1|Aerodactyl, L50, M|
|poke|p1|Garchomp, L50, M|
|poke|p1|Kingambit, L50, M|
|poke|p1|Charizard, L50, F|
|poke|p1|Sylveon, L50, F|
|poke|p1|Farigiraf, L50, M|
|poke|p2|Metagross, L50|
|poke|p2|Charizard, L50, F|
|poke|p2|Incineroar, L50, M|
|poke|p2|Garchomp, L50, M|
|poke|p2|Hydreigon, L50, F|
|poke|p2|Toxapex, L50, M|
|teampreview|4
|showteam|p1|Aerodactyl||Aerodactylite|Unnerve|IceFang,RockSlide,Tailwind,DualWingbeat|Jolly||M|||50|]Garchomp||LifeOrb|RoughSkin|DragonClaw,StompingTantrum,Earthquake,Protect|Jolly||M|||50|]Kingambit||FocusSash|Defiant|SuckerPunch,KowtowCleave,IronHead,LowKick|Adamant||M|||50|]Charizard||CharizarditeY|Blaze|Protect,WeatherBall,HeatWave,SolarBeam|Modest||F|||50|]Sylveon||FairyFeather|Pixilate|Protect,HyperVoice,HyperBeam,QuickAttack|Modest||F|||50|]Farigiraf||SitrusBerry|ArmorTail|TrickRoom,Thunderbolt,GrassKnot,TwinBeam|Bold||M|||50|
|showteam|p2|Metagross||Metagrossite|ClearBody|IronHead,BodyPress,PsychicFangs,Protect|Jolly|||||50|]Charizard||CharizarditeY|Blaze|HeatWave,WeatherBall,SolarBeam,Protect|Modest||F|||50|]Incineroar||SitrusBerry|Intimidate|FlareBlitz,DarkestLariat,FakeOut,PartingShot|Impish||M|||50|]Garchomp||LifeOrb|RoughSkin|Earthquake,DragonClaw,RockSlide,Protect|Jolly||M|||50|]Hydreigon||ChoiceScarf|Levitate|DracoMeteor,DarkPulse,Snarl,HeatWave|Modest||F|||50|]Toxapex||Leftovers|Regenerator|Infestation,WideGuard,Toxic,BanefulBunker|Bold||M|||50|
|c|☆kunal|glhf
|c|☆Ruben branzini|U2
|j| sir jelloton
|j| gephicka
|j| Rats220
|j| xmarsh
|j| camino a la 16
|l| gephicka
|j| val16
|j| Tenzai2
|j| AIRedzone
|j| AKhant
|j| brimmed cap
|j| SEROO
|j| gephicka
|
|t:|1783097930
|teamsize|p1|4
|teamsize|p2|4
|start
|switch|p1a: Farigiraf|Farigiraf, L50, M|100/100
|switch|p1b: Charizard|Charizard, L50, F|100/100
|switch|p2a: Charizard|Charizard, L50, F|100/100
|switch|p2b: Toxapex|Toxapex, L50, M|100/100
|turn|1
|l| AIRedzone
|j| Papiloco
|j|+Idyll
|j| stiven147
|
|t:|1783097973
|switch|p2b: Incineroar|Incineroar, L50, M|100/100
|-ability|p2b: Incineroar|Intimidate|boost
|-unboost|p1a: Farigiraf|atk|1
|-unboost|p1b: Charizard|atk|1
|detailschange|p2a: Charizard|Charizard-Mega-Y, L50, F
|-mega|p2a: Charizard|Charizard|Charizardite Y
|-weather|SunnyDay|[from] ability: Drought|[of] p2a: Charizard
|detailschange|p1b: Charizard|Charizard-Mega-Y, L50, F
|-mega|p1b: Charizard|Charizard|Charizardite Y
|move|p2a: Charizard|Heat Wave|p1b: Charizard|[spread] p1a,p1b
|-resisted|p1b: Charizard|1
|-damage|p1a: Farigiraf|40/100
|-damage|p1b: Charizard|73/100
|-enditem|p1a: Farigiraf|Sitrus Berry|[eat]
|-heal|p1a: Farigiraf|65/100|[from] item: Sitrus Berry
|move|p1b: Charizard|Heat Wave|p2a: Charizard|[spread] p2a,p2b
|-resisted|p2a: Charizard|1
|-resisted|p2b: Incineroar|1
|-damage|p2a: Charizard|75/100
|-damage|p2b: Incineroar|73/100
|move|p1a: Farigiraf|Twin Beam|p2b: Incineroar
|-immune|p2b: Incineroar
|
|-weather|SunnyDay|[upkeep]
|upkeep
|turn|2
|j| B1kharma
|l| SEROO
|j| SEROO
|j| qrChar
|j| LogIce
|
|t:|1783098038
|move|p2a: Charizard|Heat Wave|p1b: Charizard|[spread] p1a,p1b
|-resisted|p1b: Charizard|1
|-damage|p1a: Farigiraf|6/100
|-damage|p1b: Charizard|46/100
|move|p1b: Charizard|Heat Wave|p2a: Charizard|[spread] p2a,p2b
|-resisted|p2a: Charizard|1
|-resisted|p2b: Incineroar|1
|-damage|p2a: Charizard|49/100
|-damage|p2b: Incineroar|50/100g
|move|p2b: Incineroar|Flare Blitz|p1a: Farigiraf
|-damage|p1a: Farigiraf|0 fnt
|faint|p1a: Farigiraf
|-damage|p2b: Incineroar|48/100|[from] Recoil
|-enditem|p2b: Incineroar|Sitrus Berry|[eat]
|-heal|p2b: Incineroar|72/100|[from] item: Sitrus Berry
|
|-weather|SunnyDay|[upkeep]
|upkeep
|j| skittycel
|j| Jazz721
|
|t:|1783098070
|switch|p1a: Sylveon|Sylveon, L50, F|100/100
|turn|3
|
|t:|1783098095
|move|p2a: Charizard|Weather Ball|p1a: Sylveon
|-damage|p1a: Sylveon|31/100
|move|p1b: Charizard|Heat Wave|p2b: Incineroar|[spread] p2a
|-miss|p1b: Charizard|p2b: Incineroar
|-resisted|p2a: Charizard|1
|-damage|p2a: Charizard|24/100
|move|p1a: Sylveon|Hyper Voice|p2b: Incineroar|[spread] p2a,p2b
|-resisted|p2a: Charizard|1
|-damage|p2a: Charizard|3/100
|-damage|p2b: Incineroar|31/100
|move|p2b: Incineroar|Darkest Lariat|p1b: Charizard
|-damage|p1b: Charizard|17/100
|
|-weather|SunnyDay|[upkeep]
|upkeep
|turn|4
|l| Papiloco
|
|t:|1783098130
|switch|p2b: Toxapex|Toxapex, L50, M|100/100
|move|p2a: Charizard|Protect|p2a: Charizard
|-singleturn|p2a: Charizard|Protect
|move|p1a: Sylveon|Quick Attack|p2a: Charizard
|-activate|p2a: Charizard|move: Protect
|move|p1b: Charizard|Weather Ball|p2b: Toxapex
|-resisted|p2b: Toxapex|1
|-damage|p2b: Toxapex|66/100
|
|-weather|SunnyDay|[upkeep]
|-heal|p2b: Toxapex|71/100|[from] item: Leftovers
|upkeep
|turn|5
|j| Nido-Rus
|l| SEROO
|
|t:|1783098159
|switch|p1b: Kingambit|Kingambit, L50, M|100/100
|move|p1a: Sylveon|Quick Attack|p2a: Charizard
|-resisted|p2a: Charizard|1
|-damage|p2a: Charizard|0 fnt
|faint|p2a: Charizard
|move|p2b: Toxapex|Infestation|p1a: Sylveon
|-resisted|p1a: Sylveon|1
|-damage|p1a: Sylveon|30/100
|-activate|p1a: Sylveon|move: Infestation|[of] p2b: Toxapex
|
|-weather|none
|-heal|p2b: Toxapex|77/100|[from] item: Leftovers
|-damage|p1a: Sylveon|18/100|[from] move: Infestation|[partiallytrapped]
|upkeep
|j| SEROO
|j| AIRedzone
|
|t:|1783098168
|switch|p2a: Garchomp|Garchomp, L50, M|100/100
|turn|6
|j|+GenOne
|l| gephicka
|j| Hasayo
|j| Abe1254
|j| gephicka
|
|t:|1783098214
|move|p2a: Garchomp|Protect|p2a: Garchomp
|-singleturn|p2a: Garchomp|Protect
|move|p1a: Sylveon|Quick Attack|p2a: Garchomp
|-activate|p2a: Garchomp|move: Protect
|move|p1b: Kingambit|Kowtow Cleave|p2a: Garchomp
|-activate|p2a: Garchomp|move: Protect
|move|p2b: Toxapex|Infestation|p1b: Kingambit
|-damage|p1b: Kingambit|96/100
|-activate|p1b: Kingambit|move: Infestation|[of] p2b: Toxapex
|
|-heal|p2b: Toxapex|83/100|[from] item: Leftovers
|-damage|p1b: Kingambit|83/100|[from] move: Infestation|[partiallytrapped]
|-damage|p1a: Sylveon|5/100|[from] move: Infestation|[partiallytrapped]
|upkeep
|turn|7
|-message|Ruben branzini forfeited.
|
|win|kunal
||kunal is ready for game 2.
||Ruben branzini is ready for game 2.
|uhtml|next|Next: Game 2 of 3
|j| ratpacker
|l| qrChar
|l| AIRedzone
|l| SEROO
|l| Abe1254
|l| camino a la 16
|l| ratpacker
|j| FreyaknightVGC
|j| Abe1254
|l| val16
|j| camino a la 16
|l| camino a la 16
|j| AIRedzone
|l| AKhant
|l| AIRedzone
|l|☆kunal
|player|p2|
|l| Hasayo
|j| mynamegrassgreen
|l| stiven147
|l| Tenzai2
|l| gephicka
|l| xmarsh
|l| mynamegrassgreen
|l|+Idyll
|l| FreyaknightVGC
|l| Abe1254
|l|☆Ruben branzini
|player|p1|
|j| camino a la 16
|l| camino a la 16
|l| Nido-Rus
|l| LogIce
|j|+Idyll
|l|+Idyll
|l| skittycel
|j| ratpacker
|l| ratpacker
|j|+bagel
|j| ratpacker
|l| ratpacker
|j|+mizuhime
|l|+mizuhime
|n| sir jelloton|sirjelloton
|n| Rats220|rats220
|n| brimmed cap|brimmedcap
|n| B1kharma|b1kharma
|n| Jazz721|jazz721
|n|+GenOne|genone
|n|+bagel|bagel
|l|+bagel
|l| brimmed cap
|j| Code
|l| Code
|j| MyPokemonRBad12
|j| Alolan HTH
|l| Rats220
|l|+GenOne
|j| thepokemonuploads
|l| thepokemonuploads
|l| sir jelloton
|j|+eragon
|l| Jazz721
|l|+eragon
|l| B1kharma
|j| Ferrari450
|l| Ferrari450
|l| MyPokemonRBad12
|j| Chris Numbers
|j|+Mudkip
|l|+Mudkip
|j| Schister
|l| Schister
|j|+Actuarily
|l|+Actuarily
|j|+Actuarily
|l|+Actuarily
|j|+Actuarily
|l|+Actuarily
|l| Alolan HTH
|j|+Nails
