|j|☆SlaymonSays
|j|☆clearmomdotcom
|html|SlaymonSaysclearmomdotcom    
|uhtml|bestof|Game 2 of a best-of-3
|t:|1757827719
|gametype|doubles
|player|p1|SlaymonSays|102|1271
|player|p2|clearmomdotcom|waitress|1421
|gen|9
|tier|[Gen 9] VGC 2025 Reg H (Bo3)
|rated|
|rule|Species Clause: Limit one of each Pokémon
|rule|Item Clause: Limit 1 of each item
|clearpoke
|poke|p1|Ursaluna-Bloodmoon, L50, M|
|poke|p1|Dragonite, L50, M|
|poke|p1|Gholdengo, L50|
|poke|p1|Rillaboom, L50, M|
|poke|p1|Incineroar, L50, M|
|poke|p1|Ninetales-Alola, L50, F|
|poke|p2|Dragapult, L50, F|
|poke|p2|Clefairy, L50, M|
|poke|p2|Arcanine-Hisui, L50, F|
|poke|p2|Kommo-o, L50, M|
|poke|p2|Zoroark-Hisui, L50, M|
|poke|p2|Whimsicott, L50, M|
|teampreview|4
|showteam|p1|Ursaluna-Bloodmoon||AssaultVest|MindsEye|BloodMoon,HyperVoice,EarthPower,VacuumWave|||M|||50|,,,,,Water]Dragonite||LoadedDice|InnerFocus|ScaleShot,Haze,Tailwind,Protect|||M|||50|,,,,,Fairy]Gholdengo||LifeOrb|GoodasGold|MakeItRain,ShadowBall,NastyPlot,Protect||||||50|,,,,,Water]Rillaboom||MiracleSeed|GrassySurge|FakeOut,GrassyGlide,WoodHammer,HighHorsepower|||M|||50|,,,,,Grass]Incineroar||SafetyGoggles|Intimidate|FakeOut,FlareBlitz,KnockOff,PartingShot|||M|||50|,,,,,Ghost]Ninetales-Alola||CovertCloak|SnowWarning|Blizzard,Disable,Encore,AuroraVeil|||F|||50|,,,,,Fire
|showteam|p2|Dragapult||LifeOrb|ClearBody|DragonDarts,Protect,DragonDance,PhantomForce|||F|||50|,,,,,Dragon]Clefairy||Eviolite|CuteCharm|FollowMe,Protect,HelpingHand,AfterYou|||M|||50|,,,,,Grass]Arcanine-Hisui||ClearAmulet|Intimidate|RockSlide,HeadSmash,FlareBlitz,Protect|||F|||50|,,,,,Water]Kommo-o||ThroatSpray|Overcoat|ClangorousSoul,ClangingScales,Flamethrower,Protect|||M|||50|,,,,,Fire]Zoroark-Hisui||FocusSash|Illusion|HyperVoice,ShadowBall,NastyPlot,Taunt|||M|||50|,,,,,Stellar]Whimsicott||CovertCloak|Prankster|Moonblast,Tailwind,Encore,Endeavor|||M|||50|,,,,,Dark
|
|t:|1757827759
|teamsize|p1|4
|teamsize|p2|4
|start
|switch|p1a: Dragonite|Dragonite, L50, M|100/100
|switch|p1b: Ninetales|Ninetales-Alola, L50, F|100/100
|switch|p2a: Arcanine|Arcanine-Hisui, L50, F|100/100
|switch|p2b: Whimsicott|Whimsicott, L50, M|100/100
|-weather|Snowscape|[from] ability: Snow Warning|[of] p1b: Ninetales
|-ability|p2a: Arcanine|Intimidate|boost
|-fail|p1a: Dragonite|unboost|Attack|[from] ability: Inner Focus|[of] p1a: Dragonite
|-unboost|p1b: Ninetales|atk|1
|turn|1
|
|t:|1757827781
|-terastallize|p1a: Dragonite|Fairy
|move|p2b: Whimsicott|Moonblast|p1a: Dragonite
|-damage|p1a: Dragonite|64/100
|-unboost|p1a: Dragonite|spa|1
|move|p1b: Ninetales|Aurora Veil|p1b: Ninetales
|-sidestart|p1: SlaymonSays|move: Aurora Veil
|move|p2a: Arcanine|Head Smash|p1a: Dragonite
|-damage|p1a: Dragonite|9/100
|-damage|p2a: Arcanine|73/100|[from] Recoil
|move|p1a: Dragonite|Tailwind|p1a: Dragonite
|-sidestart|p1: SlaymonSays|move: Tailwind
|
|-weather|Snowscape|[upkeep]
|upkeep
|turn|2
|
|t:|1757827816
|switch|p1b: Gholdengo|Gholdengo, L50|100/100
|switch|p1a: Ursaluna|Ursaluna-Bloodmoon, L50, M|100/100
|move|p2b: Whimsicott|Encore||[still]
|-fail|p2b: Whimsicott
|move|p2a: Arcanine|Rock Slide|p1b: Gholdengo|[spread] p1a,p1b
|-resisted|p1a: Ursaluna
|-resisted|p1b: Gholdengo
|-damage|p1a: Ursaluna|94/100
|-damage|p1b: Gholdengo|92/100
|
|-weather|Snowscape|[upkeep]
|upkeep
|turn|3
|
|t:|1757827835
|move|p2b: Whimsicott|Tailwind|p2b: Whimsicott
|-sidestart|p2: clearmomdotcom|move: Tailwind
|move|p2a: Arcanine|Flare Blitz|p1b: Gholdengo
|-supereffective|p1b: Gholdengo
|-damage|p1b: Gholdengo|18/100
|-damage|p2a: Arcanine|46/100|[from] Recoil
|move|p1b: Gholdengo|Nasty Plot|p1b: Gholdengo
|-boost|p1b: Gholdengo|spa|2
|move|p1a: Ursaluna|Earth Power|p2a: Arcanine
|-supereffective|p2a: Arcanine
|-damage|p2a: Arcanine|0 fnt
|faint|p2a: Arcanine
|
|-weather|Snowscape|[upkeep]
|upkeep
|
|t:|1757827844
|switch|p2a: Kommo-o|Kommo-o, L50, M|100/100
|turn|4
|
|t:|1757827868
|move|p2a: Kommo-o|Protect|p2a: Kommo-o
|-singleturn|p2a: Kommo-o|Protect
|move|p2b: Whimsicott|Moonblast|p1a: Ursaluna
|-damage|p1a: Ursaluna|74/100
|move|p1b: Gholdengo|Make It Rain|p2b: Whimsicott|[spread] p2b
|-activate|p2a: Kommo-o|move: Protect
|-supereffective|p2b: Whimsicott
|-damage|p2b: Whimsicott|0 fnt
|-unboost|p1b: Gholdengo|spa|1
|faint|p2b: Whimsicott
|-damage|p1b: Gholdengo|8/100|[from] item: Life Orb
|move|p1a: Ursaluna|Blood Moon|p2a: Kommo-o
|-activate|p2a: Kommo-o|move: Protect
|
|-weather|Snowscape|[upkeep]
|-sideend|p1: SlaymonSays|move: Tailwind
|upkeep
|
|t:|1757827876
|switch|p2b: Clefairy|Clefairy, L50, M|100/100
|turn|5
|
|t:|1757827897
|move|p2b: Clefairy|Follow Me|p2b: Clefairy
|-singleturn|p2b: Clefairy|move: Follow Me
|move|p2a: Kommo-o|Clanging Scales|p1a: Ursaluna|[spread] p1a,p1b
|-resisted|p1b: Gholdengo
|-damage|p1a: Ursaluna|51/100
|-damage|p1b: Gholdengo|0 fnt
|faint|p1b: Gholdengo
|-unboost|p2a: Kommo-o|def|1
|-enditem|p2a: Kommo-o|Throat Spray
|-boost|p2a: Kommo-o|spa|1|[from] item: Throat Spray
|move|p1a: Ursaluna|Hyper Voice|p2b: Clefairy|[spread] p2a,p2b
|-damage|p2a: Kommo-o|60/100
|-damage|p2b: Clefairy|64/100
|
|-weather|none
|-sideend|p1: SlaymonSays|move: Aurora Veil
|upkeep
|
|t:|1757827912
|switch|p1b: Dragonite|Dragonite, L50, M, tera:Fairy|9/100
|turn|6
|
|t:|1757827958
|move|p2b: Clefairy|Helping Hand|p2a: Kommo-o
|-singleturn|p2a: Kommo-o|Helping Hand|[of] p2b: Clefairy
|move|p1b: Dragonite|Protect|p1b: Dragonite
|-singleturn|p1b: Dragonite|Protect
|move|p2a: Kommo-o|Clanging Scales|p1b: Dragonite|[spread] p1a
|-activate|p1b: Dragonite|move: Protect
|-crit|p1a: Ursaluna
|-damage|p1a: Ursaluna|0 fnt
|faint|p1a: Ursaluna
|-unboost|p2a: Kommo-o|def|1
|
|-sideend|p2: clearmomdotcom|move: Tailwind
|upkeep
|
|t:|1757827969
|switch|p1a: Ninetales|Ninetales-Alola, L50, F|100/100
|-weather|Snowscape|[from] ability: Snow Warning|[of] p1a: Ninetales
|turn|7
|
|t:|1757827986
|-terastallize|p2a: Kommo-o|Fire
|move|p2b: Clefairy|Follow Me|p2b: Clefairy
|-singleturn|p2b: Clefairy|move: Follow Me
|move|p1a: Ninetales|Blizzard|p2b: Clefairy|[spread] p2a,p2b
|-resisted|p2a: Kommo-o
|-damage|p2a: Kommo-o|42/100
|-damage|p2b: Clefairy|35/100
|move|p2a: Kommo-o|Flamethrower|p1a: Ninetales
|-supereffective|p1a: Ninetales
|-damage|p1a: Ninetales|0 fnt
|faint|p1a: Ninetales
|move|p1b: Dragonite|Tailwind|p1b: Dragonite
|-sidestart|p1: SlaymonSays|move: Tailwind
|
|-weather|Snowscape|[upkeep]
|upkeep
|turn|8
|
|t:|1757827998
|move|p2b: Clefairy|Follow Me|p2b: Clefairy
|-singleturn|p2b: Clefairy|move: Follow Me
|move|p1b: Dragonite|Scale Shot|p2b: Clefairy
|-immune|p2b: Clefairy
|move|p2a: Kommo-o|Flamethrower|p1b: Dragonite
|-damage|p1b: Dragonite|0 fnt
|faint|p1b: Dragonite
|
|win|clearmomdotcom
|raw|SlaymonSays's rating: 1271 → 1256(-15 for losing)
|raw|clearmomdotcom's rating: 1421 → 1433(+12 for winning)
|l|☆SlaymonSays
|player|p1|
|l|☆clearmomdotcom
|player|p2|
