|j|☆toxiccroc12
|j|☆thegreatestnone
|html|toxiccroc12thegreatestnone    
|uhtml|bestof|Game 2 of a best-of-3
|t:|1784332358
|gametype|doubles
|player|p1|toxiccroc12|101|1063
|player|p2|thegreatestnone|102|1157
|gen|9
|tier|[Gen 9 Champions] VGC 2026 Reg M-B (Bo3)
|rated|
|rule|Species Clause: Limit one of each Pokémon
|rule|Item Clause: Limit 1 of each item
|clearpoke
|poke|p1|Floette-Eternal, L50, F|
|poke|p1|Incineroar, L50, F|
|poke|p1|Sinistcha, L50|
|poke|p1|Delphox, L50, M|
|poke|p1|Sneasler, L50, M|
|poke|p1|Kingambit, L50, F|
|poke|p2|Grimmsnarl, L50, M|
|poke|p2|Toxapex, L50, M|
|poke|p2|Hydreigon, L50, M|
|poke|p2|Incineroar, L50, M|
|poke|p2|Blaziken, L50, M|
|poke|p2|Scovillain, L50, F|
|teampreview|4
|showteam|p1|Floette-Eternal||Floettite|FlowerVeil|DazzlingGleam,DrainingKiss,CalmMind,Protect|Modest||F|||50|]Incineroar||SitrusBerry|Intimidate|FlareBlitz,FakeOut,PartingShot,HelpingHand|Impish||F|||50|]Sinistcha||OccaBerry|Hospitality|MatchaGotcha,RagePowder,TrickRoom,Protect|Relaxed|||||50|]Delphox||Delphoxite|Blaze|HeatWave,Psyshock,NastyPlot,Protect|Timid||M|||50|]Sneasler||FocusSash|PoisonTouch|PoisonJab,CloseCombat,FakeOut,QuickGuard|Jolly||M|||50|]Kingambit||BlackGlasses|Defiant|KowtowCleave,SuckerPunch,SwordsDance,Protect|Adamant||F|||50|
|showteam|p2|Grimmsnarl||LightClay|Prankster|Protect,Reflect,PartingShot,LightScreen|Sassy||M|||50|]Toxapex||Leftovers|Regenerator|BanefulBunker,Infestation,Toxic,Recover|Relaxed||M|||50|]Hydreigon||ChoiceScarf|Levitate|DarkPulse,DracoMeteor,FireBlast,EarthPower|Modest||M|||50|]Incineroar||SitrusBerry|Intimidate|FakeOut,PartingShot,ThroatChop,Protect|Impish||M|||50|]Blaziken||Blazikenite|SpeedBoost|CloseCombat,RockSlide,FlareBlitz,Protect|Jolly||M|||50|]Scovillain||Scovillainite|Chlorophyll|LeechSeed,RagePowder,Protect,Flamethrower|Calm||F|||50|
|
|t:|1784332401
|teamsize|p1|4
|teamsize|p2|4
|start
|switch|p1a: Delphox|Delphox, L50, M|100/100
|switch|p1b: Sinistcha|Sinistcha, L50|100/100
|switch|p2a: Grimmsnarl|Grimmsnarl, L50, M|100/100
|switch|p2b: Scovillain|Scovillain, L50, F|100/100
|turn|1
|
|t:|1784332451
|detailschange|p1a: Delphox|Delphox-Mega, L50, M
|-mega|p1a: Delphox|Delphox|Delphoxite
|detailschange|p2b: Scovillain|Scovillain-Mega, L50, F
|-mega|p2b: Scovillain|Scovillain|Scovillainite
|move|p1b: Sinistcha|Protect|p1b: Sinistcha
|-singleturn|p1b: Sinistcha|Protect
|move|p2a: Grimmsnarl|Light Screen|p2a: Grimmsnarl
|-sidestart|p2: thegreatestnone|move: Light Screen
|move|p1a: Delphox|Nasty Plot|p1a: Delphox
|-boost|p1a: Delphox|spa|2
|move|p2b: Scovillain|Leech Seed|p1a: Delphox
|-start|p1a: Delphox|move: Leech Seed
|
|-damage|p1a: Delphox|87/100|[from] Leech Seed|[of] p2b: Scovillain
|upkeep
|turn|2
|
|t:|1784332495
|switch|p1b: Sneasler|Sneasler, L50, M|100/100
|move|p2a: Grimmsnarl|Parting Shot|p1a: Delphox
|-unboost|p1a: Delphox|atk|1
|-unboost|p1a: Delphox|spa|1
|
|t:|1784332503
|switch|p2a: Blaziken|Blaziken, L50, M|100/100|[from] Parting Shot
|move|p1a: Delphox|Heat Wave|p2b: Scovillain|[spread] p2a,p2b
|-resisted|p2a: Blaziken|1
|-damage|p2a: Blaziken|68/100
|-damage|p2b: Scovillain|62/100
|-immune|p1a: Delphox
|move|p2b: Scovillain|Flamethrower|p1b: Sneasler
|-damage|p1b: Sneasler|43/100
|
|-damage|p1a: Delphox|75/100|[from] Leech Seed|[of] p2b: Scovillain
|-heal|p2b: Scovillain|74/100|[silent]
|upkeep
|turn|3
|
|t:|1784332552
|move|p2a: Blaziken|Protect|p2a: Blaziken
|-singleturn|p2a: Blaziken|Protect
|move|p1b: Sneasler|Fake Out|p2a: Blaziken
|-activate|p2a: Blaziken|move: Protect
|move|p1a: Delphox|Nasty Plot|p1a: Delphox
|-boost|p1a: Delphox|spa|2
|move|p2b: Scovillain|Flamethrower|p1a: Delphox
|-resisted|p1a: Delphox|1
|-damage|p1a: Delphox|57/100
|
|-damage|p1a: Delphox|44/100|[from] Leech Seed|[of] p2b: Scovillain
|-heal|p2b: Scovillain|86/100|[silent]
|-ability|p2a: Blaziken|Speed Boost|boost
|-boost|p2a: Blaziken|spe|1
|upkeep
|turn|4
|
|t:|1784332593
|switch|p1b: Sinistcha|Sinistcha, L50|100/100
|-heal|p1a: Delphox|69/100|[from] ability: Hospitality|[of] p1b: Sinistcha
|move|p2b: Scovillain|Rage Powder|p2b: Scovillain
|-singleturn|p2b: Scovillain|move: Rage Powder
|move|p2a: Blaziken|Rock Slide|p1a: Delphox|[spread] p1a,p1b
|-supereffective|p1a: Delphox|1
|-crit|p1b: Sinistcha
|-damage|p1a: Delphox|20/100y
|-damage|p1b: Sinistcha|78/100
|cant|p1a: Delphox|flinch
|
|-damage|p1a: Delphox|7/100|[from] Leech Seed|[of] p2b: Scovillain
|-heal|p2b: Scovillain|97/100|[silent]
|-ability|p2a: Blaziken|Speed Boost|boost
|-boost|p2a: Blaziken|spe|1
|upkeep
|turn|5
|c|☆toxiccroc12|bruh idk what to do
|
|t:|1784332659
|switch|p1a: Kingambit|Kingambit, L50, F|100/100
|move|p2a: Blaziken|Protect|p2a: Blaziken
|-singleturn|p2a: Blaziken|Protect
|move|p2b: Scovillain|Protect|p2b: Scovillain
|-singleturn|p2b: Scovillain|Protect
|move|p1b: Sinistcha|Protect||[still]
|-fail|p1b: Sinistcha
|
|-ability|p2a: Blaziken|Speed Boost|boost
|-boost|p2a: Blaziken|spe|1
|upkeep
|turn|6
|
|t:|1784332681
|move|p1b: Sinistcha|Rage Powder|p1b: Sinistcha
|-singleturn|p1b: Sinistcha|move: Rage Powder
|move|p2a: Blaziken|Flare Blitz|p1b: Sinistcha
|-supereffective|p1b: Sinistcha|1
|-enditem|p1b: Sinistcha|Occa Berry|[eat]
|-enditem|p1b: Sinistcha|Occa Berry|[weaken]
|-damage|p1b: Sinistcha|29/100
|-damage|p2a: Blaziken|49/100|[from] Recoil
|move|p2b: Scovillain|Flamethrower|p1a: Kingambit
|-supereffective|p1a: Kingambit|1
|-damage|p1a: Kingambit|14/100
|-status|p1a: Kingambit|brn
|move|p1a: Kingambit|Swords Dance|p1a: Kingambit
|-boost|p1a: Kingambit|atk|2
|
|-damage|p1a: Kingambit|8/100 brn|[from] brn
|-ability|p2a: Blaziken|Speed Boost|boost
|-boost|p2a: Blaziken|spe|1
|upkeep
|turn|7
|c|☆toxiccroc12|dang
|
|t:|1784332729
|move|p2a: Blaziken|Protect|p2a: Blaziken
|-singleturn|p2a: Blaziken|Protect
|move|p2b: Scovillain|Flamethrower|p1a: Kingambit
|-supereffective|p1a: Kingambit|1
|-damage|p1a: Kingambit|0 fnt
|faint|p1a: Kingambit
|move|p1b: Sinistcha|Trick Room|p1b: Sinistcha
|-fieldstart|move: Trick Room|[of] p1b: Sinistcha
|
|-ability|p2a: Blaziken|Speed Boost|boost
|-boost|p2a: Blaziken|spe|1
|upkeep
|
|t:|1784332737
|switch|p1a: Delphox|Delphox-Mega, L50, M|7/100
|turn|8
|
|t:|1784332754
|move|p2b: Scovillain|Rage Powder|p2b: Scovillain
|-singleturn|p2b: Scovillain|move: Rage Powder
|move|p1b: Sinistcha|Matcha Gotcha|p2b: Scovillain|[spread] p2a,p2b
|-resisted|p2a: Blaziken|1
|-resisted|p2b: Scovillain|2
|-damage|p2a: Blaziken|36/100
|-heal|p1b: Sinistcha|35/100|[from] drain|[of] p2a: Blaziken
|-damage|p2b: Scovillain|93/100
|-heal|p1b: Sinistcha|38/100|[from] drain|[of] p2b: Scovillain
|-status|p1b: Sinistcha|brn|[from] ability: Spicy Spray|[of] p2b: Scovillain
|move|p1a: Delphox|Psyshock|p2b: Scovillain
|-crit|p2b: Scovillain
|-damage|p2b: Scovillain|18/100
|-immune|p1a: Delphox
|move|p2a: Blaziken|Rock Slide|p1a: Delphox|[spread] p1a,p1b
|-supereffective|p1a: Delphox|1
|-damage|p1a: Delphox|0 fnt
|-damage|p1b: Sinistcha|24/100 brn
|faint|p1a: Delphox
|
|-damage|p1b: Sinistcha|17/100 brn|[from] brn
|-sideend|p2: thegreatestnone|move: Light Screen
|-ability|p2a: Blaziken|Speed Boost|boost
|-boost|p2a: Blaziken|spe|1
|upkeep
|
|t:|1784332761
|switch|p1a: Sneasler|Sneasler, L50, M|43/100
|turn|9
|
|t:|1784332784
|move|p2b: Scovillain|Protect|p2b: Scovillain
|-singleturn|p2b: Scovillain|Protect
|move|p2a: Blaziken|Protect|p2a: Blaziken
|-singleturn|p2a: Blaziken|Protect
|move|p1a: Sneasler|Fake Out|p2a: Blaziken
|-activate|p2a: Blaziken|move: Protect
|move|p1b: Sinistcha|Matcha Gotcha|p2a: Blaziken|[spread] 
|-activate|p2a: Blaziken|move: Protect
|-activate|p2b: Scovillain|move: Protect
|
|-damage|p1b: Sinistcha|11/100 brn|[from] brn
|upkeep
|turn|10
|
|t:|1784332829
|switch|p2b: Toxapex|Toxapex, L50, M|100/100
|move|p1b: Sinistcha|Rage Powder|p1b: Sinistcha
|-singleturn|p1b: Sinistcha|move: Rage Powder
|move|p1a: Sneasler|Poison Jab|p2b: Toxapex
|-resisted|p2b: Toxapex|1
|-damage|p2b: Toxapex|85/100
|move|p2a: Blaziken|Flare Blitz|p1b: Sinistcha
|-supereffective|p1b: Sinistcha|1
|-damage|p1b: Sinistcha|0 fnt
|faint|p1b: Sinistcha
|-damage|p2a: Blaziken|31/100|[from] Recoil
|
|-heal|p2b: Toxapex|91/100|[from] item: Leftovers
|upkeep
|turn|11
|c|☆toxiccroc12|burh
|-message|toxiccroc12 forfeited.
|
|win|thegreatestnone
|raw|toxiccroc12's rating: 1063 → 1049(-14 for losing)
|raw|thegreatestnone's rating: 1157 → 1175(+18 for winning)
|c|☆toxiccroc12|gg
|l|☆thegreatestnone
|player|p2|
|l|☆toxiccroc12
|player|p1|
|j|☆toxiccroc12
|player|p1|toxiccroc12|101|
