|j|☆t3hsleepyshuckle
|j|☆3k Ligue Croissant
|html|t3hsleepyshuckle3k Ligue Croissant    
|uhtml|bestof|Game 1 of a best-of-3
|t:|1757629954
|gametype|doubles
|player|p1|t3hsleepyshuckle|bugcatcher-gen4dp|1133
|player|p2|3k Ligue Croissant|102|1167
|gen|9
|tier|[Gen 9] VGC 2025 Reg H (Bo3)
|rated|
|rule|Species Clause: Limit one of each Pokémon
|rule|Item Clause: Limit 1 of each item
|clearpoke
|poke|p1|Indeedee, L50, M|
|poke|p1|Sneasler, L50, F|
|poke|p1|Excadrill, L50, F|
|poke|p1|Tyranitar, L50, M|
|poke|p1|Corviknight, L50, F|
|poke|p1|Magmar, L50, F|
|poke|p2|Weavile, L50, F|
|poke|p2|Annihilape, L50, F|
|poke|p2|Coalossal, L50, M|
|poke|p2|Sinistcha, L50|
|poke|p2|Farigiraf, L50, F|
|poke|p2|Ninetales-Alola, L50, M|
|teampreview|4
|showteam|p1|Indeedee||ChoiceScarf|PsychicSurge|ExpandingForce,TeraBlast,Protect,Trick|||M|||50|,,,,,Psychic]Sneasler||WhiteHerb|Unburden|FakeOut,DireClaw,CloseCombat,Coaching|||F|||50|,,,,,Flying]Excadrill||FocusSash|SandRush|Protect,IronHead,Earthquake,SwordsDance|||F|||50|,,,,,Ground]Tyranitar||AssaultVest|SandStream|RockSlide,KnockOff,LowKick,TeraBlast|||M|||50|,,,,,Flying]Corviknight||PsychicSeed|MirrorArmor|BulkUp,BraveBird,PowerTrip,Roost|||F|||50|,,,,,Water]Magmar||Eviolite|VitalSpirit|FollowMe,HeatWave,Protect,Taunt|||F|||50|,,,,,Flying
|showteam|p2|Weavile||FocusSash|Pickpocket|Surf,FakeOut,KnockOff,TripleAxel|||F|||50|,,,,,Ghost]Annihilape||SafetyGoggles|Defiant|RageFist,DrainPunch,BulkUp,Protect|||F|||50|,,,,,Fire]Coalossal||WeaknessPolicy|SteamEngine|HeatWave,PowerGem,EarthPower,Protect|||M|||50|,,,,,Fire]Sinistcha||SitrusBerry|Hospitality|StrengthSap,LifeDew,RagePowder,MatchaGotcha||||||50|,,,,,Water]Farigiraf||ThroatSpray|ArmorTail|HyperVoice,DazzlingGleam,TrickRoom,SkillSwap|||F|||50|,,,,,Fairy]Ninetales-Alola||LightClay|SnowWarning|Blizzard,IcicleSpear,FreezeDry,AuroraVeil|||M|||50|,,,,,Ghost
|inactive|Battle timer is ON: inactive players will automatically lose when time's up. (requested by t3hsleepyshuckle)
|inactive|t3hsleepyshuckle has 60 seconds left.
|j| Arkhept
|l| Arkhept
|inactive|t3hsleepyshuckle has 30 seconds left.
|inactive|t3hsleepyshuckle has 20 seconds left.
|inactive|t3hsleepyshuckle has 15 seconds left.
|inactive|t3hsleepyshuckle has 10 seconds left.
|
|t:|1757630041
|teamsize|p1|4
|teamsize|p2|4
|start
|switch|p1a: Indeedee|Indeedee, L50, M|100/100
|switch|p1b: Excadrill|Excadrill, L50, F|100/100
|switch|p2a: Annihilape|Annihilape, L50, F|100/100
|switch|p2b: Weavile|Weavile, L50, F|100/100
|-fieldstart|move: Psychic Terrain|[from] ability: Psychic Surge|[of] p1a: Indeedee
|turn|1
|inactive|t3hsleepyshuckle has 30 seconds left.
|inactive|t3hsleepyshuckle has 20 seconds left.
|
|t:|1757630080
|move|p2a: Annihilape|Protect|p2a: Annihilape
|-singleturn|p2a: Annihilape|Protect
|move|p1a: Indeedee|Expanding Force|p2a: Annihilape|[spread] 
|-activate|p2a: Annihilape|move: Protect
|-immune|p2b: Weavile
|move|p2b: Weavile|Knock Off|p1a: Indeedee
|-supereffective|p1a: Indeedee
|-damage|p1a: Indeedee|0 fnt
|-enditem|p1a: Indeedee|Choice Scarf|[from] move: Knock Off|[of] p2b: Weavile
|faint|p1a: Indeedee
|move|p1b: Excadrill|Iron Head|p2b: Weavile
|-supereffective|p2b: Weavile
|-enditem|p2b: Weavile|Focus Sash
|-damage|p2b: Weavile|1/100
|-enditem|p1b: Excadrill|Focus Sash|[silent]|[from] ability: Pickpocket|[of] p1b: Excadrill
|-item|p2b: Weavile|Focus Sash|[from] ability: Pickpocket|[of] p1b: Excadrill
|
|upkeep
|
|t:|1757630101
|switch|p1a: Tyranitar|Tyranitar, L50, M|100/100
|-weather|Sandstorm|[from] ability: Sand Stream|[of] p1a: Tyranitar
|turn|2
|
|t:|1757630122
|switch|p2a: Ninetales|Ninetales-Alola, L50, M|100/100
|-weather|Snowscape|[from] ability: Snow Warning|[of] p2a: Ninetales
|-terastallize|p1a: Tyranitar|Flying
|move|p1b: Excadrill|Protect|p1b: Excadrill
|-singleturn|p1b: Excadrill|Protect
|move|p2b: Weavile|Triple Axel|p1b: Excadrill
|-activate|p1b: Excadrill|move: Protect
|move|p1a: Tyranitar|Tera Blast|p2a: Ninetales|[anim] Tera Blast Flying
|-damage|p2a: Ninetales|71/100
|
|-weather|Snowscape|[upkeep]
|upkeep
|turn|3
|
|t:|1757630147
|switch|p1a: Corviknight|Corviknight, L50, F|100/100
|-enditem|p1a: Corviknight|Psychic Seed
|-boost|p1a: Corviknight|spd|1|[from] item: Psychic Seed
|move|p2b: Weavile|Triple Axel|p1a: Corviknight
|-damage|p1a: Corviknight|91/100
|-damage|p1a: Corviknight|74/100
|-damage|p1a: Corviknight|50/100
|-hitcount|p1a: Corviknight|3
|move|p2a: Ninetales|Blizzard|p1a: Corviknight|[spread] p1a,p1b
|-damage|p1a: Corviknight|35/100
|-damage|p1b: Excadrill|66/100
|move|p1b: Excadrill|Earthquake|p2a: Ninetales|[spread] p2a,p2b
|-immune|p1a: Corviknight
|-damage|p2a: Ninetales|41/100
|-damage|p2b: Weavile|0 fnt
|faint|p2b: Weavile
|
|-weather|Snowscape|[upkeep]
|upkeep
|
|t:|1757630161
|switch|p2b: Coalossal|Coalossal, L50, M|100/100
|turn|4
|inactive|t3hsleepyshuckle has 30 seconds left.
|inactive|t3hsleepyshuckle has 20 seconds left.
|inactive|t3hsleepyshuckle has 15 seconds left.
|
|t:|1757630205
|-terastallize|p2b: Coalossal|Fire
|move|p2a: Ninetales|Blizzard|p1b: Excadrill|[spread] p1a,p1b
|-damage|p1a: Corviknight|20/100
|-damage|p1b: Excadrill|32/100
|move|p1b: Excadrill|Earthquake|p2b: Coalossal|[spread] p2a,p2b
|-immune|p1a: Corviknight
|-supereffective|p2b: Coalossal
|-damage|p2a: Ninetales|11/100
|-damage|p2b: Coalossal|34/100
|-enditem|p2b: Coalossal|Weakness Policy
|-boost|p2b: Coalossal|atk|2|[from] item: Weakness Policy
|-boost|p2b: Coalossal|spa|2|[from] item: Weakness Policy
|move|p1a: Corviknight|Brave Bird|p2a: Ninetales
|-damage|p2a: Ninetales|0 fnt
|faint|p2a: Ninetales
|-damage|p1a: Corviknight|17/100|[from] Recoil
|move|p2b: Coalossal|Heat Wave|p1b: Excadrill|[spread] p1a,p1b
|-supereffective|p1a: Corviknight
|-supereffective|p1b: Excadrill
|-damage|p1a: Corviknight|0 fnt
|-damage|p1b: Excadrill|0 fnt
|faint|p1a: Corviknight
|faint|p1b: Excadrill
|
|-weather|Snowscape|[upkeep]
|upkeep
|
|t:|1757630225
|switch|p2a: Annihilape|Annihilape, L50, F|100/100
|switch|p1b: Tyranitar|Tyranitar, L50, M, tera:Flying|100/100
|-weather|Sandstorm|[from] ability: Sand Stream|[of] p1b: Tyranitar
|turn|5
|
|t:|1757630237
|move|p2a: Annihilape|Bulk Up|p2a: Annihilape
|-boost|p2a: Annihilape|atk|1
|-boost|p2a: Annihilape|def|1
|move|p1b: Tyranitar|Rock Slide|p2a: Annihilape|[spread] p2a,p2b
|-resisted|p2a: Annihilape
|-supereffective|p2b: Coalossal
|-damage|p2a: Annihilape|91/100
|-damage|p2b: Coalossal|0 fnt
|faint|p2b: Coalossal
|
|-weather|Sandstorm|[upkeep]
|-damage|p1b: Tyranitar|95/100|[from] Sandstorm
|-fieldend|move: Psychic Terrain
|upkeep
|turn|6
|
|t:|1757630248
|move|p2a: Annihilape|Bulk Up|p2a: Annihilape
|-boost|p2a: Annihilape|atk|1
|-boost|p2a: Annihilape|def|1
|move|p1b: Tyranitar|Tera Blast|p2a: Annihilape|[anim] Tera Blast Flying
|-supereffective|p2a: Annihilape
|-crit|p2a: Annihilape
|-damage|p2a: Annihilape|0 fnt
|faint|p2a: Annihilape
|
|win|t3hsleepyshuckle
|c|☆3k Ligue Croissant|erzghiujklmnezfkjnezjknf'e"jknl
||3k Ligue Croissant is ready for game 2.
|inactive|t3hsleepyshuckle has 30 seconds to confirm battle start!
|c|☆t3hsleepyshuckle|that was rough
||t3hsleepyshuckle is ready for game 2.
|uhtml|next|Next: Game 2 of 3
