|j|☆clarocojones
|j|☆Jon Guridi VGC
|html|clarocojonesJon Guridi VGC    
|uhtml|bestof|Game 1 of a best-of-3
|t:|1785695041
|gametype|doubles
|player|p1|clarocojones|striker|
|player|p2|Jon Guridi VGC|lady|
|gen|9
|tier|[Gen 9 Champions] VGC 2026 Reg M-B (Bo3)
|rule|Species Clause: Limit one of each Pokémon
|rule|Item Clause: Limit 1 of each item
|clearpoke
|poke|p1|Incineroar, L50, M, shiny|
|poke|p1|Floette-Eternal, L50, F|
|poke|p1|Sinistcha-Masterpiece, L50, shiny|
|poke|p1|Kommo-o, L50, M|
|poke|p1|Kingambit, L50, F, shiny|
|poke|p1|Aerodactyl, L50, F|
|poke|p2|Gardevoir, L50, F|
|poke|p2|Talonflame, L50, M|
|poke|p2|Pelipper, L50, F|
|poke|p2|Archaludon, L50, M|
|poke|p2|Grimmsnarl, L50, M|
|poke|p2|Swampert, L50, M|
|teampreview|4
|showteam|p1|Incineroar||SitrusBerry|Intimidate|FakeOut,PartingShot,HelpingHand,FlareBlitz|Careful||M|||50|]Floette-Eternal||Floettite|FlowerVeil|Moonblast,DazzlingGleam,CalmMind,Protect|Modest||F|||50|]Sinistcha-Masterpiece||ColburBerry|Hospitality|MatchaGotcha,LifeDew,RagePowder,TrickRoom|Bold|||||50|]Kommo-o||Leftovers|Overcoat|ClangingScales,AuraSphere,ClangorousSoul,Protect|Modest||M|||50|]Kingambit||FocusSash|Defiant|KowtowCleave,SuckerPunch,IronHead,Protect|Adamant||F|||50|]Aerodactyl||Aerodactylite|Unnerve|Protect,RockSlide,Tailwind,DualWingbeat|Jolly||F|||50|
|showteam|p2|Gardevoir||Gardevoirite|Synchronize|Protect,HyperVoice,Psychic,Thunderbolt|Modest||F|||50|]Talonflame||FocusSash|GaleWings|Protect,RainDance,DualWingbeat,Tailwind|Jolly||M|||50|]Pelipper||SitrusBerry|Drizzle|WeatherBall,Hurricane,WideGuard,HelpingHand|Modest||F|||50|]Archaludon||Leftovers|Stamina|Protect,AuraSphere,FlashCannon,ElectroShot|Modest||M|||50|]Grimmsnarl||LightClay|Prankster|PartingShot,FoulPlay,Reflect,LightScreen|Calm||M|||50|]Swampert||Swampertite|Torrent|Protect,Earthquake,IcePunch,WaveCrash|Adamant||M|||50|
|inactive|Battle timer is ON: inactive players will automatically lose when time's up. (requested by Jon Guridi VGC)
|inactive|clarocojones has 60 seconds left.
|inactive|Jon Guridi VGC has 60 seconds left.
|
|t:|1785695081
|teamsize|p1|4
|teamsize|p2|4
|start
|switch|p1a: Friends Take|Incineroar, L50, M, shiny|100/100
|switch|p1b: Felicidad|Floette-Eternal, L50, F|100/100
|switch|p2a: Grimmsnarl|Grimmsnarl, L50, M|100/100
|switch|p2b: Gardevoir|Gardevoir, L50, F|100/100
|-ability|p1a: Friends Take|Intimidate|boost
|-unboost|p2a: Grimmsnarl|atk|1
|-unboost|p2b: Gardevoir|atk|1
|turn|1
|
|t:|1785695103
|detailschange|p2b: Gardevoir|Gardevoir-Mega, L50, F
|-mega|p2b: Gardevoir|Gardevoir|Gardevoirite
|move|p1a: Friends Take|Fake Out|p2b: Gardevoir
|-damage|p2b: Gardevoir|81/100
|move|p2a: Grimmsnarl|Light Screen|p2a: Grimmsnarl
|-sidestart|p2: Jon Guridi VGC|move: Light Screen
|cant|p2b: Gardevoir|flinch
|move|p1b: Felicidad|Calm Mind|p1b: Felicidad
|-boost|p1b: Felicidad|spa|1
|-boost|p1b: Felicidad|spd|1
|
|upkeep
|turn|2
|
|t:|1785695118
|move|p1b: Felicidad|Protect|p1b: Felicidad
|-singleturn|p1b: Felicidad|Protect
|move|p2a: Grimmsnarl|Parting Shot|p1b: Felicidad
|-activate|p1b: Felicidad|move: Protect
|move|p2b: Gardevoir|Hyper Voice|p1b: Felicidad|[spread] p1a
|-activate|p1b: Felicidad|move: Protect
|-damage|p1a: Friends Take|58/100
|move|p1a: Friends Take|Parting Shot|p2b: Gardevoir
|-unboost|p2b: Gardevoir|atk|1
|-unboost|p2b: Gardevoir|spa|1
|
|t:|1785695126
|switch|p1a: DON JULIO|Sinistcha-Masterpiece, L50, shiny|100/100|[from] Parting Shot
|
|upkeep
|turn|3
|
|t:|1785695143
|switch|p2a: Pelipper|Pelipper, L50, F|100/100
|-weather|RainDance|[from] ability: Drizzle|[of] p2a: Pelipper
|move|p1a: DON JULIO|Rage Powder|p1a: DON JULIO
|-singleturn|p1a: DON JULIO|move: Rage Powder
|move|p2b: Gardevoir|Hyper Voice|p1a: DON JULIO|[spread] p1a,p1b
|-damage|p1a: DON JULIO|67/100
|-damage|p1b: Felicidad|81/100
|move|p1b: Felicidad|Calm Mind|p1b: Felicidad
|-boost|p1b: Felicidad|spa|1
|-boost|p1b: Felicidad|spd|1
|
|-weather|RainDance|[upkeep]
|upkeep
|turn|4
|
|t:|1785695160
|detailschange|p1b: Felicidad|Floette-Mega, L50, F
|-mega|p1b: Felicidad|Floette|Floettite
|-ability|p1b: Felicidad|Fairy Aura
|move|p2a: Pelipper|Helping Hand|p2b: Gardevoir
|-singleturn|p2b: Gardevoir|Helping Hand|[of] p2a: Pelipper
|move|p2b: Gardevoir|Hyper Voice|p1b: Felicidad|[spread] p1a,p1b
|-damage|p1a: DON JULIO|2/100
|-damage|p1b: Felicidad|54/100
|move|p1b: Felicidad|Moonblast|p2b: Gardevoir
|-damage|p2b: Gardevoir|0 fnt
|faint|p2b: Gardevoir
|move|p1a: DON JULIO|Trick Room|p1a: DON JULIO
|-fieldstart|move: Trick Room|[of] p1a: DON JULIO
|
|-weather|RainDance|[upkeep]
|upkeep
|
|t:|1785695173
|switch|p2b: Archaludon|Archaludon, L50, M|100/100
|turn|5
|j| Kingsman11
|
|t:|1785695183
|switch|p1a: Friends Take|Incineroar, L50, M, shiny|58/100
|-ability|p1a: Friends Take|Intimidate|boost
|-unboost|p2a: Pelipper|atk|1
|-unboost|p2b: Archaludon|atk|1
|move|p1b: Felicidad|Protect|p1b: Felicidad
|-singleturn|p1b: Felicidad|Protect
|move|p2a: Pelipper|Weather Ball|p1a: Friends Take
|-supereffective|p1a: Friends Take|1
|-damage|p1a: Friends Take|0 fnt
|faint|p1a: Friends Take
|move|p2b: Archaludon|Electro Shot||[still]
|-prepare|p2b: Archaludon|Electro Shot
|-boost|p2b: Archaludon|spa|1
|-anim|p2b: Archaludon|Electro Shot|p1b: Felicidad
|-activate|p1b: Felicidad|move: Protect
|
|-weather|RainDance|[upkeep]
|upkeep
|
|t:|1785695186
|switch|p1a: DON JULIO|Sinistcha-Masterpiece, L50, shiny|2/100
|-heal|p1b: Felicidad|79/100|[from] ability: Hospitality|[of] p1a: DON JULIO
|turn|6
|j| juanale22
|
|t:|1785695200
|move|p1a: DON JULIO|Rage Powder|p1a: DON JULIO
|-singleturn|p1a: DON JULIO|move: Rage Powder
|move|p2a: Pelipper|Weather Ball|p1a: DON JULIO
|-resisted|p1a: DON JULIO|1
|-damage|p1a: DON JULIO|0 fnt
|faint|p1a: DON JULIO
|move|p2b: Archaludon|Electro Shot||[still]
|-prepare|p2b: Archaludon|Electro Shot
|-boost|p2b: Archaludon|spa|1
|-anim|p2b: Archaludon|Electro Shot|p1b: Felicidad
|-damage|p1b: Felicidad|50/100g
|move|p1b: Felicidad|Moonblast|p2b: Archaludon
|-damage|p2b: Archaludon|0 fnt
|faint|p2b: Archaludon
|
|-weather|RainDance|[upkeep]
|upkeep
|
|t:|1785695213
|switch|p1a: Kingambit|Kingambit, L50, F, shiny|100/100
|switch|p2b: Grimmsnarl|Grimmsnarl, L50, M|100/100
|turn|7
|
|t:|1785695223
|move|p2b: Grimmsnarl|Reflect|p2b: Grimmsnarl
|-sidestart|p2: Jon Guridi VGC|Reflect
|move|p2a: Pelipper|Weather Ball|p1a: Kingambit
|-damage|p1a: Kingambit|27/100
|move|p1a: Kingambit|Iron Head|p2b: Grimmsnarl
|-supereffective|p2b: Grimmsnarl|1
|-damage|p2b: Grimmsnarl|42/100
|move|p1b: Felicidad|Moonblast|p2a: Pelipper
|-damage|p2a: Pelipper|0 fnt
|faint|p2a: Pelipper
|
|-weather|none
|upkeep
|turn|8
|
|t:|1785695233
|move|p2b: Grimmsnarl|Foul Play|p1a: Kingambit
|-resisted|p1a: Kingambit|1
|-damage|p1a: Kingambit|5/100
|move|p1a: Kingambit|Iron Head|p2b: Grimmsnarl
|-supereffective|p2b: Grimmsnarl|1
|-damage|p2b: Grimmsnarl|0 fnt
|faint|p2b: Grimmsnarl
|
|win|clarocojones
||Jon Guridi VGC is ready for game 2.
||clarocojones is ready for game 2.
|uhtml|next|Next: Game 2 of 3
|j| Pokemonalpha.es
|l| Kingsman11
