|j|☆eevee1ynn
|j|☆Realfrytki
|html|eevee1ynnRealfrytki    
|uhtml|bestof|Game 2 of a best-of-3
|t:|1785954885
|gametype|doubles
|player|p1|eevee1ynn|irida-masters2|
|player|p2|Realfrytki|veteranf|
|gen|9
|tier|[Gen 9 Champions] VGC 2026 Reg M-B (Bo3)
|rule|Species Clause: Limit one of each Pokémon
|rule|Item Clause: Limit 1 of each item
|clearpoke
|poke|p1|Raichu, L50, F|
|poke|p1|Talonflame, L50, M|
|poke|p1|Maushold, L50|
|poke|p1|Kommo-o, L50, M|
|poke|p1|Tsareena, L50, F|
|poke|p1|Delphox, L50, M|
|poke|p2|Archaludon, L50, M|
|poke|p2|Pelipper, L50, M|
|poke|p2|Grimmsnarl, L50, M|
|poke|p2|Swampert, L50, M|
|poke|p2|Mawile, L50, M|
|poke|p2|Farigiraf, L50, F|
|teampreview|4
|showteam|p1|Raichu||RaichuniteY|LightningRod|Protect,ZapCannon,FocusBlast,FakeOut|Timid||F|||50|]Talonflame||SharpBeak|GaleWings|QuickGuard,DualWingbeat,Feint,Tailwind|Jolly||M|||50|]Maushold||FocusSash|FriendGuard|Protect,SuperFang,Encore,FollowMe|Timid|||||50|]Kommo-o||LifeOrb|Overcoat|Protect,AuraSphere,ClangingScales,VacuumWave|Modest||M|||50|]Tsareena||WideLens|QueenlyMajesty|Protect,PowerWhip,TripleAxel,Taunt|Adamant||F|||50|]Delphox||Delphoxite|Blaze|Protect,HeatWave,Psychic,Substitute|Timid||M|||50|
|showteam|p2|Archaludon||Leftovers|Stamina|DragonPulse,FlashCannon,ElectroShot,Protect|Modest||M|||50|]Pelipper||LifeOrb|Drizzle|Hurricane,WeatherBall,Protect,Tailwind|Modest||M|||50|]Grimmsnarl||LightClay|Prankster|SpiritBreak,PartingShot,LightScreen,Reflect|Sassy||M|||50|]Swampert||Swampertite|Torrent|WaveCrash,Earthquake,IcePunch,Protect|Adamant||M|||50|]Mawile||Mawilite|HyperCutter|PlayRough,SuckerPunch,RockSlide,Protect|Brave||M|||50|]Farigiraf||SitrusBerry|ArmorTail|Psychic,Thunderbolt,TrickRoom,HelpingHand|Bold||F|||50|
|
|t:|1785954931
|teamsize|p1|4
|teamsize|p2|4
|start
|switch|p1a: Tsareena|Tsareena, L50, F|100/100
|switch|p1b: Kommo-o|Kommo-o, L50, M|100/100
|switch|p2a: Pelipper|Pelipper, L50, M|100/100
|switch|p2b: Swampert|Swampert, L50, M|100/100
|-weather|RainDance|[from] ability: Drizzle|[of] p2a: Pelipper
|turn|1
|
|t:|1785954953
|switch|p2b: Archaludon|Archaludon, L50, M|100/100
|move|p1a: Tsareena|Protect|p1a: Tsareena
|-singleturn|p1a: Tsareena|Protect
|move|p1b: Kommo-o|Clanging Scales|p2b: Archaludon|[spread] p2a,p2b
|-damage|p2a: Pelipper|21/100
|-damage|p2b: Archaludon|44/100
|-ability|p2b: Archaludon|Stamina|boost
|-boost|p2b: Archaludon|def|1
|-unboost|p1b: Kommo-o|def|1
|-damage|p1b: Kommo-o|90/100|[from] item: Life Orb
|move|p2a: Pelipper|Tailwind|p2a: Pelipper
|-sidestart|p2: Realfrytki|move: Tailwind
|
|-weather|RainDance|[upkeep]
|-heal|p2b: Archaludon|50/100g|[from] item: Leftovers
|upkeep
|turn|2
|
|t:|1785954975
|move|p1b: Kommo-o|Protect|p1b: Kommo-o
|-singleturn|p1b: Kommo-o|Protect
|move|p2a: Pelipper|Hurricane|p1b: Kommo-o
|-activate|p1b: Kommo-o|move: Protect
|move|p2b: Archaludon|Electro Shot||[still]
|-prepare|p2b: Archaludon|Electro Shot
|-boost|p2b: Archaludon|spa|1
|-anim|p2b: Archaludon|Electro Shot|p1a: Tsareena
|-resisted|p1a: Tsareena|1
|-damage|p1a: Tsareena|70/100
|move|p1a: Tsareena|Power Whip|p2a: Pelipper
|-damage|p2a: Pelipper|0 fnt
|faint|p2a: Pelipper
|
|-weather|RainDance|[upkeep]
|-heal|p2b: Archaludon|56/100|[from] item: Leftovers
|upkeep
|
|t:|1785954990
|switch|p2a: Swampert|Swampert, L50, M|100/100
|turn|3
|
|t:|1785954998
|detailschange|p2a: Swampert|Swampert-Mega, L50, M
|-mega|p2a: Swampert|Swampert|Swampertite
|move|p1b: Kommo-o|Vacuum Wave|p2b: Archaludon
|-supereffective|p2b: Archaludon|1
|-damage|p2b: Archaludon|1/100
|-ability|p2b: Archaludon|Stamina|boost
|-boost|p2b: Archaludon|def|1
|-damage|p1b: Kommo-o|80/100|[from] item: Life Orb
|move|p2a: Swampert|Ice Punch|p1b: Kommo-o
|-supereffective|p1b: Kommo-o|1
|-damage|p1b: Kommo-o|0 fnt
|faint|p1b: Kommo-o
|move|p2b: Archaludon|Dragon Pulse|p1a: Tsareena
|-damage|p1a: Tsareena|10/100
|move|p1a: Tsareena|Power Whip|p2a: Swampert
|-supereffective|p2a: Swampert|2
|-damage|p2a: Swampert|0 fnt
|faint|p2a: Swampert
|
|-weather|RainDance|[upkeep]
|-heal|p2b: Archaludon|7/100|[from] item: Leftovers
|upkeep
|
|t:|1785955015
|switch|p1b: Raichu|Raichu, L50, F|100/100
|switch|p2a: Farigiraf|Farigiraf, L50, F|100/100
|turn|4
|
|t:|1785955041
|detailschange|p1b: Raichu|Raichu-Mega-Y, L50, F
|-mega|p1b: Raichu|Raichu|Raichunite Y
|move|p2b: Archaludon|Dragon Pulse|p1b: Raichu
|-damage|p1b: Raichu|27/100
|move|p1b: Raichu|Focus Blast|p2b: Archaludon
|-supereffective|p2b: Archaludon|1
|-damage|p2b: Archaludon|0 fnt
|faint|p2b: Archaludon
|move|p1a: Tsareena|Taunt|p2a: Farigiraf
|-start|p2a: Farigiraf|move: Taunt
|cant|p2a: Farigiraf|move: Taunt|Trick Room
|
|-weather|RainDance|[upkeep]
|-sideend|p2: Realfrytki|move: Tailwind
|upkeep
|turn|5
|
|t:|1785955053
|move|p1b: Raichu|Zap Cannon|p2a: Farigiraf
|-damage|p2a: Farigiraf|47/100
|-status|p2a: Farigiraf|par
|-enditem|p2a: Farigiraf|Sitrus Berry|[eat]
|-heal|p2a: Farigiraf|72/100 par|[from] item: Sitrus Berry
|move|p1a: Tsareena|Power Whip|p2a: Farigiraf
|-damage|p2a: Farigiraf|30/100 par
|move|p2a: Farigiraf|Psychic|p1b: Raichu
|-damage|p1b: Raichu|0 fnt
|faint|p1b: Raichu
|
|-weather|none
|upkeep
|
|t:|1785955057
|switch|p1b: Talonflame|Talonflame, L50, M|100/100
|turn|6
|
|t:|1785955068
|move|p1b: Talonflame|Quick Guard|p1b: Talonflame
|-singleturn|p1b: Talonflame|Quick Guard
|move|p1a: Tsareena|Power Whip|p2a: Farigiraf
|-damage|p2a: Farigiraf|0 fnt
|faint|p2a: Farigiraf
|
|win|eevee1ynn
