|j|☆Testwoche
|j|☆Vividedenne
|html|TestwocheVividedenne    
|uhtml|bestof|Game 3 of a best-of-3
|t:|1756415216
|gametype|doubles
|player|p1|Testwoche|lucas|
|player|p2|Vividedenne|#npl2023|
|gen|9
|tier|[Gen 9] VGC 2025 Reg H (Bo3)
|rule|Species Clause: Limit one of each Pokémon
|rule|Item Clause: Limit 1 of each item
|clearpoke
|poke|p1|Gholdengo, L50|
|poke|p1|Rillaboom, L50, M|
|poke|p1|Incineroar, L50, F|
|poke|p1|Maushold-Four, L50|
|poke|p1|Palafin, L50, F|
|poke|p1|Sneasler, L50, M|
|poke|p2|Whimsicott, L50, F|
|poke|p2|Indeedee, L50, M|
|poke|p2|Sneasler, L50, F|
|poke|p2|Delphox, L50, M|
|poke|p2|Maushold, L50|
|poke|p2|Annihilape, L50, F|
|teampreview|4
|showteam|p1|Gholdengo||GrassySeed|GoodasGold|MakeItRain,ShadowBall,NastyPlot,Protect||||||50|,,,,,Water]Rillaboom||AssaultVest|GrassySurge|FakeOut,DrumBeating,GrassyGlide,Uturn|||M|||50|,,,,,Grass]Incineroar||SafetyGoggles|Intimidate|FakeOut,FlareBlitz,KnockOff,PartingShot|||F|||50|,,,,,Ghost]Maushold-Four||ChopleBerry|FriendGuard|SuperFang,FollowMe,Taunt,Protect||||||50|,,,,,Ghost]Palafin||MysticWater|ZerotoHero|WaveCrash,JetPunch,Haze,Protect|||F|||50|,,,,,Water]Sneasler||FocusSash|Unburden|FakeOut,CloseCombat,DireClaw,Protect|||M|||50|,,,,,Stellar
|showteam|p2|Whimsicott||CovertCloak|Prankster|Tailwind,Moonblast,Encore,SunnyDay|||F|||50|,,,,,Water]Indeedee||FocusSash|PsychicSurge|ExpandingForce,TeraBlast,Imprison,TrickRoom|||M|||50|,,,,,Fighting]Sneasler||PsychicSeed|Unburden|DireClaw,CloseCombat,ThroatChop,Protect|||F|||50|,,,,,Dark]Delphox||LifeOrb|Blaze|ExpandingForce,HeatWave,TeraBlast,Protect|||M|||50|,,,,,Fighting]Maushold||WideLens|Technician|PopulationBomb,FollowMe,BeatUp,Protect||||||50|,,,,,Normal]Annihilape||AssaultVest|Defiant|FinalGambit,CloseCombat,RageFist,DrainPunch|||F|||50|,,,,,Fire
|inactive|Battle timer is ON: inactive players will automatically lose when time's up. (requested by Testwoche)
|inactive|Testwoche has 60 seconds left.
|
|t:|1756415261
|teamsize|p1|4
|teamsize|p2|4
|start
|switch|p1a: Maushold|Maushold-Four, L50|100/100
|switch|p1b: Gholdengo|Gholdengo, L50|100/100
|switch|p2a: Delphox|Delphox, L50, M|100/100
|switch|p2b: Annihilape|Annihilape, L50, F|100/100
|turn|1
|inactive|Vividedenne has 30 seconds left.
|inactive|Vividedenne has 20 seconds left.
|inactive|Vividedenne has 15 seconds left.
|inactive|Vividedenne has 10 seconds left.
|inactive|Vividedenne has 5 seconds left.
|
|t:|1756415312
|switch|p2b: Indeedee|Indeedee, L50, M|100/100
|-fieldstart|move: Psychic Terrain|[from] ability: Psychic Surge|[of] p2b: Indeedee
|-terastallize|p2a: Delphox|Fighting
|move|p1a: Maushold|Protect|p1a: Maushold
|-singleturn|p1a: Maushold|Protect
|move|p1b: Gholdengo|Protect|p1b: Gholdengo
|-singleturn|p1b: Gholdengo|Protect
|move|p2a: Delphox|Expanding Force|p1b: Gholdengo|[spread] 
|-activate|p1a: Maushold|move: Protect
|-activate|p1b: Gholdengo|move: Protect
|
|upkeep
|turn|2
|inactive|Vividedenne has 30 seconds left.
|inactive|Vividedenne has 20 seconds left.
|
|t:|1756415349
|switch|p2b: Annihilape|Annihilape, L50, F|100/100
|switch|p1a: Rillaboom|Rillaboom, L50, M|100/100
|-fieldstart|move: Grassy Terrain|[from] ability: Grassy Surge|[of] p1a: Rillaboom
|-enditem|p1b: Gholdengo|Grassy Seed
|-boost|p1b: Gholdengo|def|1|[from] item: Grassy Seed
|-terastallize|p1b: Gholdengo|Water
|move|p2a: Delphox|Heat Wave|p1a: Rillaboom|[spread] p1a,p1b
|-supereffective|p1a: Rillaboom
|-resisted|p1b: Gholdengo
|-damage|p1a: Rillaboom|35/100
|-damage|p1b: Gholdengo|81/100
|-damage|p2a: Delphox|90/100|[from] item: Life Orb
|move|p1b: Gholdengo|Nasty Plot|p1b: Gholdengo
|-boost|p1b: Gholdengo|spa|2
|
|-heal|p2a: Delphox|96/100|[from] Grassy Terrain
|-heal|p1a: Rillaboom|42/100|[from] Grassy Terrain
|-heal|p1b: Gholdengo|87/100|[from] Grassy Terrain
|upkeep
|turn|3
|inactive|Testwoche has 30 seconds left.
|inactive|Vividedenne has 30 seconds left.
|inactive|Vividedenne has 20 seconds left.
|inactive|Vividedenne has 15 seconds left.
|inactive|Vividedenne has 10 seconds left.
|
|t:|1756415397
|switch|p1a: Maushold|Maushold-Four, L50|100/100
|switch|p2b: Indeedee|Indeedee, L50, M|100/100
|-fieldstart|move: Psychic Terrain|[from] ability: Psychic Surge|[of] p2b: Indeedee
|move|p1b: Gholdengo|Protect|p1b: Gholdengo
|-singleturn|p1b: Gholdengo|Protect
|move|p2a: Delphox|Expanding Force|p1b: Gholdengo|[spread] p1a
|-activate|p1b: Gholdengo|move: Protect
|-damage|p1a: Maushold|14/100
|-damage|p2a: Delphox|86/100|[from] item: Life Orb
|
|upkeep
|turn|4
|inactive|Vividedenne has 30 seconds left.
|inactive|Vividedenne has 20 seconds left.
|inactive|Vividedenne has 15 seconds left.
|inactive|Vividedenne has 10 seconds left.
|inactive|Vividedenne has 5 seconds left.
|
|t:|1756415451
|switch|p2b: Annihilape|Annihilape, L50, F|100/100
|switch|p1a: Rillaboom|Rillaboom, L50, M|42/100
|-fieldstart|move: Grassy Terrain|[from] ability: Grassy Surge|[of] p1a: Rillaboom
|move|p2a: Delphox|Heat Wave|p1a: Rillaboom|[spread] p1a,p1b
|-supereffective|p1a: Rillaboom
|-resisted|p1b: Gholdengo
|-damage|p1a: Rillaboom|0 fnt
|-damage|p1b: Gholdengo|70/100
|faint|p1a: Rillaboom
|-damage|p2a: Delphox|76/100|[from] item: Life Orb
|move|p1b: Gholdengo|Make It Rain|p2b: Annihilape|[spread] p2a,p2b
|-damage|p2a: Delphox|0 fnt
|-damage|p2b: Annihilape|49/100
|-unboost|p1b: Gholdengo|spa|1
|faint|p2a: Delphox
|
|-heal|p2b: Annihilape|55/100|[from] Grassy Terrain
|-heal|p1b: Gholdengo|76/100|[from] Grassy Terrain
|upkeep
|
|t:|1756415469
|switch|p2a: Indeedee|Indeedee, L50, M|100/100
|switch|p1a: Maushold|Maushold-Four, L50|14/100
|-fieldstart|move: Psychic Terrain|[from] ability: Psychic Surge|[of] p2a: Indeedee
|turn|5
|inactive|Testwoche has 30 seconds left.
|inactive|Vividedenne has 30 seconds left.
|
|t:|1756415506
|move|p1a: Maushold|Protect|p1a: Maushold
|-singleturn|p1a: Maushold|Protect
|move|p2a: Indeedee|Expanding Force|p1a: Maushold|[spread] p1b
|-activate|p1a: Maushold|move: Protect
|-damage|p1b: Gholdengo|38/100
|move|p2b: Annihilape|Rage Fist|p1b: Gholdengo
|-damage|p1b: Gholdengo|18/100
|move|p1b: Gholdengo|Shadow Ball|p2b: Annihilape
|-supereffective|p2b: Annihilape
|-damage|p2b: Annihilape|0 fnt
|faint|p2b: Annihilape
|
|upkeep
|
|t:|1756415517
|switch|p2b: Sneasler|Sneasler, L50, F|100/100
|-enditem|p2b: Sneasler|Psychic Seed
|-boost|p2b: Sneasler|spd|1|[from] item: Psychic Seed
|turn|6
|inactive|Testwoche has 30 seconds left.
|inactive|Testwoche has 20 seconds left.
|inactive|Testwoche has 15 seconds left.
|inactive|Testwoche has 10 seconds left.
|inactive|Testwoche has 5 seconds left.
|
|t:|1756415567
|switch|p1b: Incineroar|Incineroar, L50, F|100/100
|-ability|p1b: Incineroar|Intimidate|boost
|-unboost|p2a: Indeedee|atk|1
|-unboost|p2b: Sneasler|atk|1
|move|p1a: Maushold|Protect||[still]
|-fail|p1a: Maushold
|move|p2b: Sneasler|Close Combat|p1a: Maushold
|-supereffective|p1a: Maushold
|-enditem|p1a: Maushold|Chople Berry|[eat]
|-enditem|p1a: Maushold|Chople Berry|[weaken]
|-damage|p1a: Maushold|0 fnt
|-unboost|p2b: Sneasler|def|1
|-unboost|p2b: Sneasler|spd|1
|faint|p1a: Maushold
|move|p2a: Indeedee|Expanding Force|p1b: Incineroar
|-immune|p1b: Incineroar
|
|upkeep
|
|t:|1756415578
|switch|p1a: Gholdengo|Gholdengo, L50, tera:Water|18/100
|turn|7
|inactive|Vividedenne has 30 seconds left.
|inactive|Vividedenne has 20 seconds left.
|inactive|Vividedenne has 15 seconds left.
|inactive|Vividedenne has 10 seconds left.
|
|t:|1756415624
|move|p1a: Gholdengo|Protect|p1a: Gholdengo
|-singleturn|p1a: Gholdengo|Protect
|move|p2b: Sneasler|Close Combat|p1b: Incineroar
|-supereffective|p1b: Incineroar
|-damage|p1b: Incineroar|32/100
|-unboost|p2b: Sneasler|def|1
|-unboost|p2b: Sneasler|spd|1
|move|p2a: Indeedee|Expanding Force|p1b: Incineroar|[spread] 
|-activate|p1a: Gholdengo|move: Protect
|-immune|p1b: Incineroar
|move|p1b: Incineroar|Flare Blitz|p2b: Sneasler
|-damage|p2b: Sneasler|0 fnt
|faint|p2b: Sneasler
|-damage|p1b: Incineroar|7/100|[from] Recoil
|
|upkeep
|turn|8
|inactive|Testwoche has 30 seconds left.
|inactive|Testwoche has 20 seconds left.
|
|t:|1756415664
|move|p2a: Indeedee|Tera Blast|p1b: Incineroar
|-damage|p1b: Incineroar|0 fnt
|faint|p1b: Incineroar
|move|p1a: Gholdengo|Make It Rain|p2a: Indeedee
|-damage|p2a: Indeedee|20/100
|-unboost|p1a: Gholdengo|spa|1
|
|upkeep
|turn|9
|
|t:|1756415672
|move|p1a: Gholdengo|Protect|p1a: Gholdengo
|-singleturn|p1a: Gholdengo|Protect
|move|p2a: Indeedee|Expanding Force|p1a: Gholdengo
|-activate|p1a: Gholdengo|move: Protect
|
|-fieldend|move: Psychic Terrain
|upkeep
|turn|10
|
|t:|1756415676
|move|p2a: Indeedee|Expanding Force|p1a: Gholdengo
|-damage|p1a: Gholdengo|0 fnt
|faint|p1a: Gholdengo
|
|win|Vividedenne
|c|☆Vividedenne|ggwp
|c|☆Testwoche|gg
|l|☆Testwoche
|player|p1|
