|j|☆capacete5
|j|☆tipolucha
|html|capacete5tipolucha    
|uhtml|bestof|Game 2 of a best-of-3
|t:|1782427176
|gametype|doubles
|player|p1|capacete5|byron|1091
|player|p2|tipolucha|170|1048
|gen|9
|tier|[Gen 9 Champions] VGC 2026 Reg M-B (Bo3)
|rated|
|rule|Species Clause: Limit one of each Pokémon
|rule|Item Clause: Limit 1 of each item
|clearpoke
|poke|p1|Aerodactyl, L50, M|
|poke|p1|Garchomp, L50, F|
|poke|p1|Kingambit, L50, F|
|poke|p1|Farigiraf, L50, M|
|poke|p1|Sylveon, L50, M|
|poke|p1|Charizard, L50, M|
|poke|p2|Sableye, L50, F|
|poke|p2|Kingambit, L50, F|
|poke|p2|Pelipper, L50, M|
|poke|p2|Milotic, L50, M|
|poke|p2|Swampert, L50, F|
|poke|p2|Scizor, L50, F|
|teampreview|4
|showteam|p1|Aerodactyl||Aerodactylite|Unnerve|RockSlide,IceFang,DualWingbeat,Tailwind|Jolly||M|||50|]Garchomp||LifeOrb|RoughSkin|Protect,DragonClaw,Earthquake,StompingTantrum|Adamant||F|||50|]Kingambit||FocusSash|Defiant|LowKick,IronHead,SuckerPunch,Protect|Adamant||F|||50|]Farigiraf||SitrusBerry|ArmorTail|HelpingHand,Psychic,TrickRoom,EnergyBall|Bold||M|||50|]Sylveon||FairyFeather|Pixilate|HyperVoice,Protect,HyperBeam,QuickAttack|Bold||M|||50|]Charizard||CharizarditeY|Blaze|HeatWave,WeatherBall,SolarBeam,Protect|Modest||M|||50|
|showteam|p2|Sableye||SitrusBerry|Prankster|RainDance,Encore,FakeOut,WillOWisp|Careful||F|||50|]Kingambit||BlackGlasses|Defiant|KowtowCleave,LowKick,SuckerPunch,Protect|Adamant||F|||50|]Pelipper||FocusSash|Drizzle|WideGuard,Tailwind,Hurricane,WeatherBall|Modest||M|||50|]Milotic||LifeOrb|Competitive|Scald,IcyWind,AlluringVoice,Protect|Timid||M|||50|]Swampert||Swampertite|Torrent|IcePunch,WaveCrash,RockSlide,Protect|Adamant||F|||50|]Scizor||Scizorite|Technician|BulletPunch,XScissor,CloseCombat,Protect|Adamant||F|||50|
|inactive|Battle timer is ON: inactive players will automatically lose when time's up. (requested by capacete5)
|inactive|capacete5 has 60 seconds left.
|inactive|tipolucha has 60 seconds left.
|
|t:|1782427228
|teamsize|p1|4
|teamsize|p2|4
|start
|switch|p1a: Aerodactyl|Aerodactyl, L50, M|100/100
|switch|p1b: Farigiraf|Farigiraf, L50, M|100/100
|switch|p2a: Kingambit|Kingambit, L50, F|100/100
|switch|p2b: Pelipper|Pelipper, L50, M|100/100
|-ability|p1a: Aerodactyl|Unnerve
|-weather|RainDance|[from] ability: Drizzle|[of] p2b: Pelipper
|turn|1
|inactive|capacete5 has 30 seconds left.
|inactive|capacete5 has 20 seconds left.
|inactive|capacete5 has 15 seconds left.
|inactive|capacete5 has 10 seconds left.
|inactive|capacete5 has 5 seconds left.
|
|t:|1782427279
|detailschange|p1a: Aerodactyl|Aerodactyl-Mega, L50, M
|-mega|p1a: Aerodactyl|Aerodactyl|Aerodactylite
|move|p2b: Pelipper|Wide Guard|p2b: Pelipper
|-singleturn|p2b: Pelipper|Wide Guard
|move|p1a: Aerodactyl|Tailwind|p1a: Aerodactyl
|-sidestart|p1: capacete5|move: Tailwind
|move|p1b: Farigiraf|Energy Ball|p2b: Pelipper
|-damage|p2b: Pelipper|69/100
|move|p2a: Kingambit|Kowtow Cleave|p1a: Aerodactyl
|-damage|p1a: Aerodactyl|41/100
|
|-weather|RainDance|[upkeep]
|upkeep
|turn|2
|inactive|capacete5 has 30 seconds left.
|
|t:|1782427310
|move|p2b: Pelipper|Wide Guard|p2b: Pelipper
|-singleturn|p2b: Pelipper|Wide Guard
|move|p1a: Aerodactyl|Dual Wingbeat|p2b: Pelipper
|-damage|p2b: Pelipper|42/100
|-damage|p2b: Pelipper|15/100
|-hitcount|p2b: Pelipper|2
|move|p1b: Farigiraf|Psychic|p2b: Pelipper
|-damage|p2b: Pelipper|0 fnt
|faint|p2b: Pelipper
|move|p2a: Kingambit|Kowtow Cleave|p1b: Farigiraf
|-supereffective|p1b: Farigiraf|1
|-damage|p1b: Farigiraf|17/100
|-enditem|p1b: Farigiraf|Sitrus Berry|[eat]
|-heal|p1b: Farigiraf|42/100|[from] item: Sitrus Berry
|
|-weather|RainDance|[upkeep]
|upkeep
|
|t:|1782427319
|switch|p2b: Swampert|Swampert, L50, F|100/100
|turn|3
|
|t:|1782427338
|detailschange|p2b: Swampert|Swampert-Mega, L50, F
|-mega|p2b: Swampert|Swampert|Swampertite
|move|p1a: Aerodactyl|Rock Slide|p2a: Kingambit|[spread] p2a,p2b
|-resisted|p2a: Kingambit|1
|-resisted|p2b: Swampert|1
|-damage|p2a: Kingambit|90/100
|-damage|p2b: Swampert|87/100
|move|p2b: Swampert|Rock Slide|p1a: Aerodactyl|[spread] p1a,p1b
|-supereffective|p1a: Aerodactyl|1
|-damage|p1a: Aerodactyl|0 fnt
|-damage|p1b: Farigiraf|25/100
|faint|p1a: Aerodactyl
|cant|p1b: Farigiraf|flinch
|cant|p2a: Kingambit|flinch
|
|-weather|RainDance|[upkeep]
|upkeep
|inactive|capacete5 has 30 seconds left.
|
|t:|1782427366
|switch|p1a: Sylveon|Sylveon, L50, M|100/100
|turn|4
|
|t:|1782427376
|move|p1b: Farigiraf|Helping Hand|p1a: Sylveon
|-singleturn|p1a: Sylveon|Helping Hand|[of] p1b: Farigiraf
|move|p2b: Swampert|Protect|p2b: Swampert
|-singleturn|p2b: Swampert|Protect
|move|p1a: Sylveon|Hyper Voice|p2b: Swampert|[spread] p2a
|-activate|p2b: Swampert|move: Protect
|-damage|p2a: Kingambit|20/100y
|move|p2a: Kingambit|Kowtow Cleave|p1b: Farigiraf
|-supereffective|p1b: Farigiraf|1
|-damage|p1b: Farigiraf|0 fnt
|faint|p1b: Farigiraf
|
|-weather|RainDance|[upkeep]
|-sideend|p1: capacete5|move: Tailwind
|upkeep
|
|t:|1782427390
|switch|p1b: Garchomp|Garchomp, L50, F|100/100
|turn|5
|
|t:|1782427400
|move|p1b: Garchomp|Protect|p1b: Garchomp
|-singleturn|p1b: Garchomp|Protect
|move|p1a: Sylveon|Protect|p1a: Sylveon
|-singleturn|p1a: Sylveon|Protect
|move|p2a: Kingambit|Protect|p2a: Kingambit
|-singleturn|p2a: Kingambit|Protect
|move|p2b: Swampert|Ice Punch|p1b: Garchomp
|-activate|p1b: Garchomp|move: Protect
|
|-weather|none
|upkeep
|turn|6
|
|t:|1782427421
|move|p2a: Kingambit|Sucker Punch|p1a: Sylveon
|-resisted|p1a: Sylveon|1
|-crit|p1a: Sylveon
|-damage|p1a: Sylveon|59/100
|move|p1b: Garchomp|Stomping Tantrum|p2b: Swampert
|-damage|p2b: Swampert|38/100
|-damage|p1b: Garchomp|90/100|[from] item: Life Orb
|move|p2b: Swampert|Ice Punch|p1b: Garchomp
|-supereffective|p1b: Garchomp|2
|-damage|p1b: Garchomp|0 fnt
|-damage|p2b: Swampert|25/100|[from] ability: Rough Skin|[of] p1b: Garchomp
|faint|p1b: Garchomp
|move|p1a: Sylveon|Hyper Voice|p2b: Swampert|[spread] p2a,p2b
|-damage|p2a: Kingambit|0 fnt
|-damage|p2b: Swampert|0 fnt
|faint|p2a: Kingambit
|faint|p2b: Swampert
|
|upkeep
|
|t:|1782427429
|switch|p2b: Milotic|Milotic, L50, M|100/100
|turn|7
|inactive|capacete5 has 30 seconds left.
|
|t:|1782427460
|move|p2b: Milotic|Scald|p1a: Sylveon
|-damage|p1a: Sylveon|22/100
|-damage|p2b: Milotic|90/100|[from] item: Life Orb
|move|p1a: Sylveon|Hyper Beam|p2b: Milotic
|-damage|p2b: Milotic|1/100
|-mustrecharge|p1a: Sylveon
|
|upkeep
|turn|8
|inactive|capacete5 has 30 seconds left.
|inactive|tipolucha has 30 seconds left.
|
|t:|1782427495
|move|p2b: Milotic|Scald|p1a: Sylveon
|-damage|p1a: Sylveon|0 fnt
|faint|p1a: Sylveon
|-damage|p2b: Milotic|0 fnt|[from] item: Life Orb
|faint|p2b: Milotic
|
|win|tipolucha
