|j|☆Dart00765
|j|☆new mental
|html|Dart00765new mental    
|uhtml|bestof|Game 3 of a best-of-3
|t:|1783253476
|gametype|doubles
|player|p1|Dart00765|1|1204
|player|p2|new mental|volkner|1271
|gen|9
|tier|[Gen 9 Champions] VGC 2026 Reg M-B (Bo3)
|rated|
|rule|Species Clause: Limit one of each Pokémon
|rule|Item Clause: Limit 1 of each item
|clearpoke
|poke|p1|Gengar, L50, F|
|poke|p1|Gholdengo, L50|
|poke|p1|Ninetales-Alola, L50, F|
|poke|p1|Incineroar, L50, M|
|poke|p1|Sceptile, L50, F|
|poke|p1|Rotom-Wash, L50|
|poke|p2|Aerodactyl, L50, M|
|poke|p2|Garchomp, L50, F|
|poke|p2|Kingambit, L50, F|
|poke|p2|Charizard, L50, M|
|poke|p2|Sylveon, L50, F|
|poke|p2|Farigiraf, L50, M|
|teampreview|4
|showteam|p1|Gengar||Gengarite|CursedBody|ShadowBall,Protect,Disable,PerishSong|Serious||F|||50|]Gholdengo||LifeOrb|GoodasGold|MakeItRain,ShadowBall,Protect,NastyPlot|Timid|||||50|]Ninetales-Alola||FocusSash|SnowWarning|AuroraVeil,Blizzard,Protect,Encore|Timid||F|||50|]Incineroar||SitrusBerry|Intimidate|FakeOut,FlareBlitz,PartingShot,Protect|Sassy||M|||50|]Sceptile||Sceptilite|Overgrow|GrassKnot,DragonPulse,Protect,VacuumWave|Timid||F|||50|]Rotom-Wash||ChoiceScarf|Levitate|Discharge,VoltSwitch,HydroPump,WillOWisp|Modest|||||50|
|showteam|p2|Aerodactyl||Aerodactylite|Unnerve|IceFang,RockSlide,Tailwind,DualWingbeat|Jolly||M|||50|]Garchomp||LifeOrb|RoughSkin|DragonClaw,StompingTantrum,Earthquake,Protect|Jolly||F|||50|]Kingambit||FocusSash|Defiant|SuckerPunch,KowtowCleave,IronHead,LowKick|Adamant||F|||50|]Charizard||CharizarditeY|SolarPower|Protect,HeatWave,SolarBeam,WeatherBall|Timid||M|||50|]Sylveon||FairyFeather|Pixilate|Protect,HyperVoice,HyperBeam,QuickAttack|Modest||F|||50|]Farigiraf||SitrusBerry|ArmorTail|TrickRoom,Thunderbolt,Psychic,Roar|Bold||M|||50|
|inactive|Battle timer is ON: inactive players will automatically lose when time's up. (requested by new mental)
|
|t:|1783253513
|teamsize|p1|4
|teamsize|p2|4
|start
|switch|p1a: Incineroar|Incineroar, L50, M|100/100
|switch|p1b: Ninetales|Ninetales-Alola, L50, F|100/100
|switch|p2a: Sylveon|Sylveon, L50, F|100/100
|switch|p2b: Farigiraf|Farigiraf, L50, M|100/100
|-weather|Snowscape|[from] ability: Snow Warning|[of] p1b: Ninetales
|-ability|p1a: Incineroar|Intimidate|boost
|-unboost|p2a: Sylveon|atk|1
|-unboost|p2b: Farigiraf|atk|1
|turn|1
|
|t:|1783253532
|move|p1b: Ninetales|Aurora Veil|p1b: Ninetales
|-sidestart|p1: Dart00765|move: Aurora Veil
|move|p2a: Sylveon|Hyper Voice|p1b: Ninetales|[spread] p1a,p1b
|-damage|p1a: Incineroar|75/100
|-damage|p1b: Ninetales|64/100
|move|p1a: Incineroar|Flare Blitz|p2a: Sylveon
|-damage|p2a: Sylveon|49/100
|-damage|p1a: Incineroar|60/100|[from] Recoil
|move|p2b: Farigiraf|Trick Room|p2b: Farigiraf
|-fieldstart|move: Trick Room|[of] p2b: Farigiraf
|
|-weather|Snowscape|[upkeep]
|upkeep
|turn|2
|
|t:|1783253548
|move|p1a: Incineroar|Flare Blitz|p2a: Sylveon
|-damage|p2a: Sylveon|0 fnt
|faint|p2a: Sylveon
|-damage|p1a: Incineroar|46/100|[from] Recoil
|-enditem|p1a: Incineroar|Sitrus Berry|[eat]
|-heal|p1a: Incineroar|70/100|[from] item: Sitrus Berry
|move|p1b: Ninetales|Encore|p2b: Farigiraf
|-start|p2b: Farigiraf|Encore
|move|p2b: Farigiraf|Trick Room|p2b: Farigiraf
|-fieldend|move: Trick Room
|
|-weather|Snowscape|[upkeep]
|upkeep
|
|t:|1783253556
|switch|p2a: Charizard|Charizard, L50, M|100/100
|turn|3
|
|t:|1783253571
|switch|p1b: Rotom|Rotom-Wash, L50|100/100
|switch|p2b: Kingambit|Kingambit, L50, F|100/100
|detailschange|p2a: Charizard|Charizard-Mega-Y, L50, M
|-mega|p2a: Charizard|Charizard|Charizardite Y
|-weather|SunnyDay|[from] ability: Drought|[of] p2a: Charizard
|move|p2a: Charizard|Heat Wave|p1b: Rotom|[spread] p1b
|-miss|p2a: Charizard|p1a: Incineroar
|-resisted|p1b: Rotom|1
|-damage|p1b: Rotom|76/100
|move|p1a: Incineroar|Flare Blitz|p2a: Charizard
|-resisted|p2a: Charizard|1
|-damage|p2a: Charizard|68/100
|-damage|p1a: Incineroar|61/100|[from] Recoil
|
|-weather|SunnyDay|[upkeep]
|upkeep
|turn|4
|inactive|Dart00765 has 30 seconds left.
|inactive|new mental has 30 seconds left.
|
|t:|1783253599
|move|p2a: Charizard|Protect|p2a: Charizard
|-singleturn|p2a: Charizard|Protect
|move|p1b: Rotom|Volt Switch|p2b: Kingambit
|-damage|p2b: Kingambit|60/100
|
|t:|1783253605
|switch|p1b: Ninetales|Ninetales-Alola, L50, F|64/100|[from] Volt Switch
|-weather|Snowscape|[from] ability: Snow Warning|[of] p1b: Ninetales
|move|p2b: Kingambit|Low Kick|p1a: Incineroar
|-supereffective|p1a: Incineroar|1
|-damage|p1a: Incineroar|22/100
|move|p1a: Incineroar|Flare Blitz|p2b: Kingambit
|-supereffective|p2b: Kingambit|1
|-damage|p2b: Kingambit|0 fnt
|faint|p2b: Kingambit
|-damage|p1a: Incineroar|4/100|[from] Recoil
|
|-weather|Snowscape|[upkeep]
|upkeep
|
|t:|1783253613
|switch|p2b: Farigiraf|Farigiraf, L50, M|100/100
|turn|5
|
|t:|1783253624
|switch|p1a: Rotom|Rotom-Wash, L50|76/100
|move|p1b: Ninetales|Encore|p2a: Charizard
|-start|p2a: Charizard|Encore
|move|p2a: Charizard|Protect|p2a: Charizard
|-singleturn|p2a: Charizard|Protect
|move|p2b: Farigiraf|Trick Room|p2b: Farigiraf
|-fieldstart|move: Trick Room|[of] p2b: Farigiraf
|
|-weather|Snowscape|[upkeep]
|-sideend|p1: Dart00765|move: Aurora Veil
|upkeep
|turn|6
|inactive|Dart00765 has 30 seconds left.
|
|t:|1783253651
|move|p2a: Charizard|Protect||[still]
|-fail|p2a: Charizard
|move|p2b: Farigiraf|Thunderbolt|p1a: Rotom
|-damage|p1a: Rotom|46/100
|move|p1b: Ninetales|Encore|p2b: Farigiraf
|-start|p2b: Farigiraf|Encore
|move|p1a: Rotom|Hydro Pump|p2a: Charizard
|-supereffective|p2a: Charizard|1
|-damage|p2a: Charizard|0 fnt
|faint|p2a: Charizard
|
|-weather|Snowscape|[upkeep]
|upkeep
|turn|7
|-message|new mental forfeited.
|
|win|Dart00765
|raw|Dart00765's rating: 1204 → 1234(+30 for winning)
|raw|new mental's rating: 1271 → 1241(-30 for losing)
