|j|☆LeonardPlayz
|j|☆SirSpiderVGC
|html|LeonardPlayzSirSpiderVGC    
|uhtml|bestof|Game 3 of a best-of-3
|t:|1783412572
|gametype|doubles
|player|p1|LeonardPlayz|hilbert-wonderlauncher|1255
|player|p2|SirSpiderVGC|lusamine-nihilego|1168
|gen|9
|tier|[Gen 9 Champions] VGC 2026 Reg M-B (Bo3)
|rated|
|rule|Species Clause: Limit one of each Pokémon
|rule|Item Clause: Limit 1 of each item
|clearpoke
|poke|p1|Gengar, L50, M|
|poke|p1|Grimmsnarl, L50, M|
|poke|p1|Incineroar, L50, M|
|poke|p1|Kommo-o, L50, F|
|poke|p1|Kingambit, L50, F|
|poke|p1|Vivillon, L50, F|
|poke|p2|Pyroar, L50, M|
|poke|p2|Aerodactyl, L50, F|
|poke|p2|Venusaur, L50, F|
|poke|p2|Torkoal, L50, F|
|poke|p2|Farigiraf, L50, F|
|poke|p2|Scrafty, L50, M|
|teampreview|4
|showteam|p1|Gengar||Gengarite|CursedBody|ShadowBall,PerishSong,SludgeBomb,Protect|Timid||M|||50|]Grimmsnarl||LightClay|Prankster|FakeOut,PartingShot,Reflect,LightScreen|Impish||M|||50|]Incineroar||SitrusBerry|Intimidate|FakeOut,ThroatChop,PartingShot,Protect|Careful||M|||50|]Kommo-o||Leftovers|Soundproof|AuraSphere,ClangingScales,ClangorousSoul,Protect|Serious||F|||50|]Kingambit||FocusSash|Defiant|SuckerPunch,IronHead,MeanLook,Protect|Adamant||F|||50|]Vivillon||ChoiceScarf|CompoundEyes|RagePowder,SleepPowder,Hurricane,Uturn|Timid||F|||50|
|showteam|p2|Pyroar||Pyroarite|Unnerve|Overheat,HeatWave,SolarBeam,Protect|Timid||M|||50|]Aerodactyl||ExpertBelt|Unnerve|RockSlide,IceFang,Taunt,Protect|Adamant||F|||50|]Venusaur||LifeOrb|Chlorophyll|EnergyBall,SludgeBomb,EarthPower,Protect|Modest||F|||50|]Torkoal||Charcoal|Drought|Eruption,WeatherBall,HelpingHand,Protect|Quiet||F|||50|]Farigiraf||SitrusBerry|ArmorTail|TwinBeam,Thunderbolt,TrickRoom,Protect|Quiet||F|||50|]Scrafty||Scraftinite|Intimidate|CloseCombat,KnockOff,IcePunch,FakeOut|Brave||M|||50|
|inactive|Battle timer is ON: inactive players will automatically lose when time's up. (requested by LeonardPlayz)
|
|t:|1783412590
|teamsize|p1|4
|teamsize|p2|4
|start
|switch|p1a: Kommo-o|Kommo-o, L50, F|100/100
|switch|p1b: Gengar|Gengar, L50, M|100/100
|switch|p2a: Farigiraf|Farigiraf, L50, F|100/100
|switch|p2b: Venusaur|Venusaur, L50, F|100/100
|turn|1
|
|t:|1783412614
|detailschange|p1b: Gengar|Gengar-Mega, L50, M
|-mega|p1b: Gengar|Gengar|Gengarite
|move|p1b: Gengar|Protect|p1b: Gengar
|-singleturn|p1b: Gengar|Protect
|move|p1a: Kommo-o|Clangorous Soul|p1a: Kommo-o
|-boost|p1a: Kommo-o|atk|1
|-boost|p1a: Kommo-o|def|1
|-boost|p1a: Kommo-o|spa|1
|-boost|p1a: Kommo-o|spd|1
|-boost|p1a: Kommo-o|spe|1
|-damage|p1a: Kommo-o|67/100
|move|p2b: Venusaur|Earth Power|p1b: Gengar
|-activate|p1b: Gengar|move: Protect
|move|p2a: Farigiraf|Twin Beam|p1b: Gengar
|-activate|p1b: Gengar|move: Protect
|
|-heal|p1a: Kommo-o|72/100|[from] item: Leftovers
|upkeep
|turn|2
|
|t:|1783412630
|move|p1a: Kommo-o|Clanging Scales|p2a: Farigiraf|[spread] p2a,p2b
|-damage|p2a: Farigiraf|58/100
|-damage|p2b: Venusaur|41/100
|-unboost|p1a: Kommo-o|def|1
|move|p1b: Gengar|Shadow Ball|p2b: Venusaur
|-damage|p2b: Venusaur|0 fnt
|faint|p2b: Venusaur
|move|p2a: Farigiraf|Twin Beam|p1b: Gengar
|-supereffective|p1b: Gengar|1
|-damage|p1b: Gengar|64/100
|-supereffective|p1b: Gengar|1
|-damage|p1b: Gengar|24/100
|-hitcount|p1b: Gengar|2
|
|-heal|p1a: Kommo-o|78/100|[from] item: Leftovers
|upkeep
|
|t:|1783412638
|switch|p2b: Scrafty|Scrafty, L50, M|100/100
|-ability|p2b: Scrafty|Intimidate|boost
|-unboost|p1a: Kommo-o|atk|1
|-unboost|p1b: Gengar|atk|1
|turn|3
|
|t:|1783412651
|detailschange|p2b: Scrafty|Scrafty-Mega, L50, M
|-mega|p2b: Scrafty|Scrafty|Scraftinite
|-ability|p2b: Scrafty|Intimidate|boost
|-unboost|p1a: Kommo-o|atk|1
|-unboost|p1b: Gengar|atk|1
|move|p2b: Scrafty|Fake Out|p1a: Kommo-o
|-damage|p1a: Kommo-o|63/100
|cant|p1a: Kommo-o|flinch
|move|p1b: Gengar|Perish Song|p1b: Gengar
|-immune|p1a: Kommo-o|[from] ability: Soundproof
|-start|p1b: Gengar|perish3|[silent]
|-start|p2a: Farigiraf|perish3|[silent]
|-start|p2b: Scrafty|perish3|[silent]
|-fieldactivate|move: Perish Song
|move|p2a: Farigiraf|Trick Room|p2a: Farigiraf
|-fieldstart|move: Trick Room|[of] p2a: Farigiraf
|
|-heal|p1a: Kommo-o|69/100|[from] item: Leftovers
|-start|p2a: Farigiraf|perish3
|-start|p2b: Scrafty|perish3
|-start|p1b: Gengar|perish3
|upkeep
|turn|4
|inactive|SirSpiderVGC has 30 seconds left.
|
|t:|1783412677
|move|p1b: Gengar|Protect|p1b: Gengar
|-singleturn|p1b: Gengar|Protect
|move|p2a: Farigiraf|Twin Beam|p1a: Kommo-o
|-supereffective|p1a: Kommo-o|1
|-damage|p1a: Kommo-o|44/100
|-supereffective|p1a: Kommo-o|1
|-damage|p1a: Kommo-o|20/100r
|-hitcount|p1a: Kommo-o|2
|move|p2b: Scrafty|Knock Off|p1b: Gengar
|-activate|p1b: Gengar|move: Protect
|move|p1a: Kommo-o|Clanging Scales|p2b: Scrafty|[spread] p2a,p2b
|-damage|p2a: Farigiraf|8/100
|-damage|p2b: Scrafty|55/100
|-enditem|p2a: Farigiraf|Sitrus Berry|[eat]
|-heal|p2a: Farigiraf|33/100|[from] item: Sitrus Berry
|-unboost|p1a: Kommo-o|def|1
|
|-heal|p1a: Kommo-o|25/100|[from] item: Leftovers
|-start|p2a: Farigiraf|perish2
|-start|p2b: Scrafty|perish2
|-start|p1b: Gengar|perish2
|upkeep
|turn|5
|
|t:|1783412701
|switch|p1b: Vivillon|Vivillon, L50, F|100/100
|move|p1a: Kommo-o|Protect|p1a: Kommo-o
|-singleturn|p1a: Kommo-o|Protect
|move|p2a: Farigiraf|Twin Beam|p1b: Vivillon
|-damage|p1b: Vivillon|66/100
|-damage|p1b: Vivillon|37/100
|-hitcount|p1b: Vivillon|2
|move|p2b: Scrafty|Ice Punch|p1a: Kommo-o
|-activate|p1a: Kommo-o|move: Protect
|
|-heal|p1a: Kommo-o|31/100|[from] item: Leftovers
|-start|p2a: Farigiraf|perish1
|-start|p2b: Scrafty|perish1
|upkeep
|turn|6
|
|t:|1783412719
|switch|p1b: Incineroar|Incineroar, L50, M|100/100
|-ability|p1b: Incineroar|Intimidate|boost
|-unboost|p2a: Farigiraf|atk|1
|-unboost|p2b: Scrafty|atk|1
|move|p2a: Farigiraf|Twin Beam|p1a: Kommo-o
|-supereffective|p1a: Kommo-o|1
|-damage|p1a: Kommo-o|4/100
|-supereffective|p1a: Kommo-o|1
|-damage|p1a: Kommo-o|0 fnt
|faint|p1a: Kommo-o
|-hitcount|p1: Kommo-o|2
|move|p2b: Scrafty|Ice Punch|p1b: Incineroar
|-resisted|p1b: Incineroar|1
|-damage|p1b: Incineroar|93/100
|
|-start|p2a: Farigiraf|perish0
|-start|p2b: Scrafty|perish0
|faint|p2a: Farigiraf
|faint|p2b: Scrafty
|upkeep
|
|t:|1783412730
|switch|p2b: Torkoal|Torkoal, L50, F|100/100
|switch|p1a: Gengar|Gengar-Mega, L50, M|24/100
|-weather|SunnyDay|[from] ability: Drought|[of] p2b: Torkoal
|turn|7
|
|t:|1783412734
|move|p1a: Gengar|Protect|p1a: Gengar
|-singleturn|p1a: Gengar|Protect
|move|p2b: Torkoal|Eruption|p1a: Gengar|[spread] p1b
|-activate|p1a: Gengar|move: Protect
|-resisted|p1b: Incineroar|1
|-damage|p1b: Incineroar|60/100
|move|p1b: Incineroar|Parting Shot|p2b: Torkoal
|-unboost|p2b: Torkoal|atk|1
|-unboost|p2b: Torkoal|spa|1
|-message|SirSpiderVGC forfeited.
|
|win|LeonardPlayz
|raw|LeonardPlayz's rating: 1255 → 1274(+19 for winning)
|raw|SirSpiderVGC's rating: 1168 → 1149(-19 for losing)
|l|☆SirSpiderVGC
|player|p2|
