|j|☆Welosethose!
|j|☆Flareblitz54
|html|Welosethose!Flareblitz54    
|uhtml|bestof|Game 3 of a best-of-3
|t:|1756511034
|gametype|doubles
|player|p1|Welosethose!|hilbert|1131
|player|p2|Flareblitz54|gladion|1178
|gen|9
|tier|[Gen 9] VGC 2025 Reg H (Bo3)
|rated|
|rule|Species Clause: Limit one of each Pokémon
|rule|Item Clause: Limit 1 of each item
|clearpoke
|poke|p1|Farigiraf, L50, M|
|poke|p1|Rillaboom, L50, F|
|poke|p1|Incineroar, L50, M|
|poke|p1|Sylveon, L50, M|
|poke|p1|Tyranitar, L50, F|
|poke|p1|Whimsicott, L50, F|
|poke|p2|Ursaluna, L50, F|
|poke|p2|Amoonguss, L50, M|
|poke|p2|Gholdengo, L50|
|poke|p2|Incineroar, L50, M|
|poke|p2|Dragapult, L50, F|
|poke|p2|Farigiraf, L50, F|
|teampreview|4
|showteam|p1|Farigiraf||ThroatSpray|ArmorTail|Protect,TrickRoom,HyperVoice,Psychic|||M|||50|,,,,,Fairy]Rillaboom||MiracleSeed|GrassySurge|FakeOut,HighHorsepower,GrassyGlide,WoodHammer|||F|||50|,,,,,Poison]Incineroar||SafetyGoggles|Intimidate|FakeOut,KnockOff,Taunt,PartingShot|||M|||50|,,,,,Ghost]Sylveon||GrassySeed|Pixilate|Protect,CalmMind,HyperVoice,TeraBlast|||M|||50|,,,,,Fire]Tyranitar||AssaultVest|SandStream|RockSlide,KnockOff,LowKick,TeraBlast|||F|||50|,,,,,Flying]Whimsicott||FocusSash|Prankster|Moonblast,Encore,Tailwind,Protect|||F|||50|,,,,,Ghost
|showteam|p2|Ursaluna||FlameOrb|Guts|HeadlongRush,Facade,Earthquake,Protect|||F|||50|,,,,,Ghost]Amoonguss||RockyHelmet|Regenerator|Spore,RagePowder,PollenPuff,Protect|||M|||50|,,,,,Water]Gholdengo||MetalCoat|GoodasGold|MakeItRain,ShadowBall,NastyPlot,Protect||||||50|,,,,,Water]Incineroar||AssaultVest|Intimidate|KnockOff,FlareBlitz,FakeOut,Uturn|||M|||50|,,,,,Ghost]Dragapult||ChoiceBand|ClearBody|DragonDarts,PhantomForce,Outrage,Uturn|||F|||50|,,,,,Dragon]Farigiraf||SitrusBerry|ArmorTail|ExpandingForce,HelpingHand,Imprison,TrickRoom|||F|||50|,,,,,Water
|inactive|Battle timer is ON: inactive players will automatically lose when time's up. (requested by Flareblitz54)
|inactive|Welosethose! has 60 seconds left.
|
|t:|1756511074
|teamsize|p1|4
|teamsize|p2|4
|start
|switch|p1a: Tyranitar|Tyranitar, L50, F|100/100
|switch|p1b: Komba|Incineroar, L50, M|100/100
|switch|p2a: StringCheese|Gholdengo, L50|100/100
|switch|p2b: AMOONGUSS??!|Amoonguss, L50, M|100/100
|-weather|Sandstorm|[from] ability: Sand Stream|[of] p1a: Tyranitar
|-ability|p1b: Komba|Intimidate|boost
|-unboost|p2a: StringCheese|atk|1
|-unboost|p2b: AMOONGUSS??!|atk|1
|turn|1
|
|t:|1756511090
|switch|p2a: Somehow He|Incineroar, L50, M|100/100
|-ability|p2a: Somehow He|Intimidate|boost
|-unboost|p1a: Tyranitar|atk|1
|-unboost|p1b: Komba|atk|1
|move|p1b: Komba|Fake Out|p2b: AMOONGUSS??!
|-damage|p2b: AMOONGUSS??!|94/100
|-damage|p1b: Komba|84/100|[from] item: Rocky Helmet|[of] p2b: AMOONGUSS??!
|move|p1a: Tyranitar|Knock Off|p2a: Somehow He
|-resisted|p2a: Somehow He
|-crit|p2a: Somehow He
|-damage|p2a: Somehow He|74/100
|-enditem|p2a: Somehow He|Assault Vest|[from] move: Knock Off|[of] p1a: Tyranitar
|cant|p2b: AMOONGUSS??!|flinch
|
|-weather|Sandstorm|[upkeep]
|-damage|p2a: Somehow He|68/100|[from] Sandstorm
|-damage|p2b: AMOONGUSS??!|88/100|[from] Sandstorm
|upkeep
|turn|2
|
|t:|1756511105
|switch|p1a: Revy|Rillaboom, L50, F|100/100
|-fieldstart|move: Grassy Terrain|[from] ability: Grassy Surge|[of] p1a: Revy
|move|p2a: Somehow He|Knock Off|p1b: Komba
|-resisted|p1b: Komba
|-damage|p1b: Komba|67/100
|-enditem|p1b: Komba|Safety Goggles|[from] move: Knock Off|[of] p2a: Somehow He
|move|p1b: Komba|Taunt|p2b: AMOONGUSS??!
|-start|p2b: AMOONGUSS??!|move: Taunt
|cant|p2b: AMOONGUSS??!|move: Taunt|Spore
|
|-weather|Sandstorm|[upkeep]
|-damage|p1a: Revy|95/100|[from] Sandstorm
|-damage|p2a: Somehow He|62/100|[from] Sandstorm
|-damage|p1b: Komba|61/100|[from] Sandstorm
|-damage|p2b: AMOONGUSS??!|82/100|[from] Sandstorm
|-heal|p1a: Revy|100/100|[from] Grassy Terrain
|-heal|p2a: Somehow He|68/100|[from] Grassy Terrain
|-heal|p1b: Komba|67/100|[from] Grassy Terrain
|-heal|p2b: AMOONGUSS??!|88/100|[from] Grassy Terrain
|upkeep
|turn|3
|inactive|Welosethose! has 30 seconds left.
|inactive|Welosethose! has 20 seconds left.
|
|t:|1756511142
|switch|p1b: Pasha|Farigiraf, L50, M|100/100
|move|p1a: Revy|High Horsepower|p2a: Somehow He
|-supereffective|p2a: Somehow He
|-damage|p2a: Somehow He|25/100
|move|p2a: Somehow He|Flare Blitz|p1a: Revy
|-supereffective|p1a: Revy
|-damage|p1a: Revy|8/100
|-damage|p2a: Somehow He|0 fnt|[from] Recoil
|faint|p2a: Somehow He
|move|p2b: AMOONGUSS??!|Pollen Puff|p2: Somehow He|[notarget]
|-fail|p2b: AMOONGUSS??!
|
|-weather|Sandstorm|[upkeep]
|-damage|p1a: Revy|2/100|[from] Sandstorm
|-damage|p1b: Pasha|94/100|[from] Sandstorm
|-damage|p2b: AMOONGUSS??!|82/100|[from] Sandstorm
|-heal|p1a: Revy|8/100|[from] Grassy Terrain
|-heal|p1b: Pasha|100/100|[from] Grassy Terrain
|-heal|p2b: AMOONGUSS??!|88/100|[from] Grassy Terrain
|upkeep
|
|t:|1756511151
|switch|p2a: StringCheese|Gholdengo, L50|100/100
|turn|4
|inactive|Welosethose! has 30 seconds left.
|inactive|Flareblitz54 has 30 seconds left.
|
|t:|1756511181
|switch|p1a: Komba|Incineroar, L50, M|67/100
|-ability|p1a: Komba|Intimidate|boost
|-unboost|p2a: StringCheese|atk|1
|-unboost|p2b: AMOONGUSS??!|atk|1
|move|p2a: StringCheese|Nasty Plot|p2a: StringCheese
|-boost|p2a: StringCheese|spa|2
|move|p2b: AMOONGUSS??!|Pollen Puff|p1a: Komba
|-damage|p1a: Komba|52/100
|move|p1b: Pasha|Trick Room|p1b: Pasha
|-fieldstart|move: Trick Room|[of] p1b: Pasha
|
|-weather|Sandstorm|[upkeep]
|-damage|p2b: AMOONGUSS??!|82/100|[from] Sandstorm
|-damage|p1a: Komba|46/100|[from] Sandstorm
|-damage|p1b: Pasha|94/100|[from] Sandstorm
|-heal|p2b: AMOONGUSS??!|88/100|[from] Grassy Terrain
|-heal|p1a: Komba|52/100|[from] Grassy Terrain
|-heal|p1b: Pasha|100/100|[from] Grassy Terrain
|-end|p2b: AMOONGUSS??!|move: Taunt
|upkeep
|turn|5
|
|t:|1756511199
|move|p2b: AMOONGUSS??!|Protect|p2b: AMOONGUSS??!
|-singleturn|p2b: AMOONGUSS??!|Protect
|move|p2a: StringCheese|Protect|p2a: StringCheese
|-singleturn|p2a: StringCheese|Protect
|move|p1a: Komba|Knock Off|p2a: StringCheese
|-activate|p2a: StringCheese|move: Protect
|move|p1b: Pasha|Psychic|p2b: AMOONGUSS??!
|-activate|p2b: AMOONGUSS??!|move: Protect
|
|-weather|none
|-heal|p2b: AMOONGUSS??!|94/100|[from] Grassy Terrain
|-heal|p1a: Komba|58/100|[from] Grassy Terrain
|upkeep
|turn|6
|
|t:|1756511221
|move|p2b: AMOONGUSS??!|Rage Powder|p2b: AMOONGUSS??!
|-singleturn|p2b: AMOONGUSS??!|move: Rage Powder
|move|p1a: Komba|Knock Off|p2b: AMOONGUSS??!
|-damage|p2b: AMOONGUSS??!|58/100
|-damage|p1a: Komba|42/100|[from] item: Rocky Helmet|[of] p2b: AMOONGUSS??!
|-enditem|p2b: AMOONGUSS??!|Rocky Helmet|[from] move: Knock Off|[of] p1a: Komba
|move|p1b: Pasha|Psychic|p2b: AMOONGUSS??!
|-supereffective|p2b: AMOONGUSS??!
|-damage|p2b: AMOONGUSS??!|0 fnt
|faint|p2b: AMOONGUSS??!
|move|p2a: StringCheese|Make It Rain|p1b: Pasha|[spread] p1a,p1b
|-resisted|p1a: Komba
|-crit|p1b: Pasha
|-damage|p1a: Komba|0 fnt
|-damage|p1b: Pasha|0 fnt
|-unboost|p2a: StringCheese|spa|1
|faint|p1a: Komba
|faint|p1b: Pasha
|
|-fieldend|move: Grassy Terrain
|upkeep
|
|t:|1756511232
|switch|p2b: Bonk x2!|Dragapult, L50, F|100/100
|switch|p1a: Revy|Rillaboom, L50, F|8/100
|switch|p1b: Tyranitar|Tyranitar, L50, F|100/100
|-weather|Sandstorm|[from] ability: Sand Stream|[of] p1b: Tyranitar
|-fieldstart|move: Grassy Terrain|[from] ability: Grassy Surge|[of] p1a: Revy
|turn|7
|
|t:|1756511254
|-terastallize|p2b: Bonk x2!|Dragon
|move|p1b: Tyranitar|Knock Off|p2b: Bonk x2!
|-damage|p2b: Bonk x2!|27/100
|-enditem|p2b: Bonk x2!|Choice Band|[from] move: Knock Off|[of] p1b: Tyranitar
|move|p1a: Revy|High Horsepower|p2a: StringCheese
|-supereffective|p2a: StringCheese
|-damage|p2a: StringCheese|39/100
|move|p2a: StringCheese|Make It Rain|p1b: Tyranitar|[spread] p1a,p1b
|-supereffective|p1b: Tyranitar
|-damage|p1a: Revy|0 fnt
|-damage|p1b: Tyranitar|30/100
|-unboost|p2a: StringCheese|spa|1
|faint|p1a: Revy
|move|p2b: Bonk x2!|Dragon Darts|p1b: Tyranitar
|-damage|p1b: Tyranitar|2/100
|-anim|p2b: Bonk x2!|Dragon Darts|p1b: Tyranitar
|-damage|p1b: Tyranitar|0 fnt
|faint|p1b: Tyranitar
|
|win|Flareblitz54
|raw|Welosethose!'s rating: 1131 → 1109(-22 for losing)
|raw|Flareblitz54's rating: 1178 → 1200(+22 for winning)
|c|☆Welosethose!|ggwp
|l|☆Flareblitz54
|player|p2|
