|j|☆Jahreed
|j|☆aefrmm
|html|Jahreedaefrmm    
|uhtml|bestof|Game 2 of a best-of-3
|t:|1756353946
|gametype|doubles
|player|p1|Jahreed|266|1145
|player|p2|aefrmm|pokemonrangerf-gen4|1078
|gen|9
|tier|[Gen 9] VGC 2025 Reg H (Bo3)
|rated|
|rule|Species Clause: Limit one of each Pokémon
|rule|Item Clause: Limit 1 of each item
|clearpoke
|poke|p1|Porygon2, L50|
|poke|p1|Ursaluna, L50, F|
|poke|p1|Incineroar, L50, M|
|poke|p1|Yanmega, L50, M|
|poke|p1|Sneasler, L50, F|
|poke|p1|Archaludon, L50, F|
|poke|p2|Ninetales-Alola, L50, F|
|poke|p2|Basculegion, L50, M|
|poke|p2|Magmar, L50, M|
|poke|p2|Sneasler, L50, M|
|poke|p2|Rillaboom, L50, M|
|poke|p2|Kingambit, L50, M|
|teampreview|4
|showteam|p1|Porygon2||Eviolite|Download|TrickRoom,IceBeam,Recover,TeraBlast||||||50|,,,,,Flying]Ursaluna||FlameOrb|Guts|Protect,Facade,HeadlongRush,Earthquake|||F|||50|,,,,,Ghost]Incineroar||SafetyGoggles|Intimidate|FakeOut,PartingShot,KnockOff,FlareBlitz|||M|||50|,,,,,Ghost]Yanmega||FocusSash|SpeedBoost|AirSlash,BugBuzz,Tailwind,Detect|||M|||50|,,,,,Ghost]Sneasler||WhiteHerb|Unburden|Protect,CloseCombat,DireClaw,ThroatChop|||F|||50|,,,,,Stellar]Archaludon||PowerHerb|Stalwart|DragonPulse,ElectroShot,Protect,Thunderbolt|||F|||50|,,,,,Electric
|showteam|p2|Ninetales-Alola||LifeOrb|SnowWarning|Blizzard,FreezeDry,Encore,Protect|||F|||50|,,,,,Ghost]Basculegion||ChoiceScarf|Adaptability|WaveCrash,LastRespects,FlipTurn,TeraBlast|||M|||50|,,,,,Fighting]Magmar||Eviolite|VitalSpirit|Taunt,HeatWave,FollowMe,Protect|||M|||50|,,,,,Water]Sneasler||FocusSash|PoisonTouch|CloseCombat,DireClaw,FakeOut,Protect|||M|||50|,,,,,Stellar]Rillaboom||AssaultVest|GrassySurge|WoodHammer,GrassyGlide,Uturn,FakeOut|||M|||50|,,,,,Water]Kingambit||BlackGlasses|Defiant|KowtowCleave,SuckerPunch,SwordsDance,Protect|||M|||50|,,,,,Fire
|inactive|Battle timer is ON: inactive players will automatically lose when time's up. (requested by aefrmm)
|inactive|aefrmm has 60 seconds left.
|
|t:|1756354003
|teamsize|p1|4
|teamsize|p2|4
|start
|switch|p1a: Sneasler|Sneasler, L50, F|100/100
|switch|p1b: Yanmega|Yanmega, L50, M|100/100
|switch|p2a: Ninetales|Ninetales-Alola, L50, F|100/100
|switch|p2b: Sneasler|Sneasler, L50, M|100/100
|-weather|Snowscape|[from] ability: Snow Warning|[of] p2a: Ninetales
|turn|1
|inactive|Jahreed has 30 seconds left.
|inactive|aefrmm has 30 seconds left.
|
|t:|1756354037
|-terastallize|p2a: Ninetales|Ghost
|-terastallize|p1b: Yanmega|Ghost
|move|p2b: Sneasler|Fake Out|p1a: Sneasler
|-damage|p1a: Sneasler|78/100
|move|p2a: Ninetales|Blizzard|p1a: Sneasler|[spread] p1a,p1b
|-damage|p1a: Sneasler|26/100
|-damage|p1b: Yanmega|23/100
|-damage|p2a: Ninetales|91/100|[from] item: Life Orb
|cant|p1a: Sneasler|flinch
|move|p1b: Yanmega|Tailwind|p1b: Yanmega
|-sidestart|p1: Jahreed|move: Tailwind
|
|-weather|Snowscape|[upkeep]
|-ability|p1b: Yanmega|Speed Boost|boost
|-boost|p1b: Yanmega|spe|1
|upkeep
|turn|2
|inactive|Jahreed has 30 seconds left.
|inactive|Jahreed has 20 seconds left.
|inactive|Jahreed has 15 seconds left.
|inactive|aefrmm has 30 seconds left.
|inactive|Jahreed has 10 seconds left.
|
|t:|1756354084
|switch|p1a: Incineroar|Incineroar, L50, M|100/100
|-ability|p1a: Incineroar|Intimidate|boost
|-unboost|p2a: Ninetales|atk|1
|-unboost|p2b: Sneasler|atk|1
|move|p1b: Yanmega|Detect|p1b: Yanmega
|-singleturn|p1b: Yanmega|Protect
|move|p2a: Ninetales|Blizzard|p1b: Yanmega|[spread] p1a
|-activate|p1b: Yanmega|move: Protect
|-resisted|p1a: Incineroar
|-damage|p1a: Incineroar|85/100
|-damage|p2a: Ninetales|82/100|[from] item: Life Orb
|move|p2b: Sneasler|Dire Claw|p1b: Yanmega
|-activate|p1b: Yanmega|move: Protect
|
|-weather|Snowscape|[upkeep]
|-ability|p1b: Yanmega|Speed Boost|boost
|-boost|p1b: Yanmega|spe|1
|upkeep
|turn|3
|inactive|aefrmm has 30 seconds left.
|inactive|Jahreed has 30 seconds left.
|inactive|aefrmm has 20 seconds left.
|inactive|Jahreed has 20 seconds left.
|
|t:|1756354127
|move|p1b: Yanmega|Air Slash|p2b: Sneasler
|-supereffective|p2b: Sneasler
|-enditem|p2b: Sneasler|Focus Sash
|-damage|p2b: Sneasler|1/100
|move|p1a: Incineroar|Knock Off|p2a: Ninetales
|-supereffective|p2a: Ninetales
|-damage|p2a: Ninetales|0 fnt
|-enditem|p2a: Ninetales|Life Orb|[from] move: Knock Off|[of] p1a: Incineroar
|faint|p2a: Ninetales
|cant|p2b: Sneasler|flinch
|
|-weather|Snowscape|[upkeep]
|-ability|p1b: Yanmega|Speed Boost|boost
|-boost|p1b: Yanmega|spe|1
|upkeep
|
|t:|1756354144
|switch|p2a: Basculegion|Basculegion, L50, M|100/100
|turn|4
|
|t:|1756354165
|move|p1b: Yanmega|Detect|p1b: Yanmega
|-singleturn|p1b: Yanmega|Protect
|move|p1a: Incineroar|Parting Shot|p2a: Basculegion
|-unboost|p2a: Basculegion|atk|1
|-unboost|p2a: Basculegion|spa|1
|
|t:|1756354172
|switch|p1a: Archaludon|Archaludon, L50, F|100/100|[from] Parting Shot
|move|p2a: Basculegion|Last Respects|p1b: Yanmega
|-activate|p1b: Yanmega|move: Protect
|move|p2b: Sneasler|Close Combat|p1a: Archaludon
|-supereffective|p1a: Archaludon
|-damage|p1a: Archaludon|39/100
|-unboost|p2b: Sneasler|def|1
|-unboost|p2b: Sneasler|spd|1
|
|-weather|Snowscape|[upkeep]
|-sideend|p1: Jahreed|move: Tailwind
|-ability|p1b: Yanmega|Speed Boost|boost
|-boost|p1b: Yanmega|spe|1
|upkeep
|turn|5
|inactive|aefrmm has 30 seconds left.
|
|t:|1756354201
|move|p1a: Archaludon|Protect|p1a: Archaludon
|-singleturn|p1a: Archaludon|Protect
|move|p1b: Yanmega|Air Slash|p2b: Sneasler
|-supereffective|p2b: Sneasler
|-damage|p2b: Sneasler|0 fnt
|faint|p2b: Sneasler
|move|p2a: Basculegion|Last Respects|p1b: Yanmega
|-supereffective|p1b: Yanmega
|-damage|p1b: Yanmega|0 fnt
|faint|p1b: Yanmega
|
|-weather|none
|upkeep
|
|t:|1756354210
|switch|p2b: Kingambit|Kingambit, L50, M|100/100
|switch|p1b: Sneasler|Sneasler, L50, F|26/100
|turn|6
|inactive|Jahreed has 30 seconds left.
|inactive|Jahreed has 20 seconds left.
|
|t:|1756354249
|switch|p1a: Incineroar|Incineroar, L50, M|85/100
|-ability|p1a: Incineroar|Intimidate|boost
|-unboost|p2a: Basculegion|atk|1
|-unboost|p2b: Kingambit|atk|1
|-ability|p2b: Kingambit|Defiant|boost
|-boost|p2b: Kingambit|atk|2
|move|p1b: Sneasler|Protect|p1b: Sneasler
|-singleturn|p1b: Sneasler|Protect
|move|p2b: Kingambit|Sucker Punch||[still]
|-fail|p2b: Kingambit
|move|p2a: Basculegion|Last Respects|p1a: Incineroar
|-resisted|p1a: Incineroar
|-damage|p1a: Incineroar|61/100
|
|upkeep
|turn|7
|inactive|Jahreed has 30 seconds left.
|inactive|aefrmm has 30 seconds left.
|inactive|Jahreed has 20 seconds left.
|inactive|aefrmm has 20 seconds left.
|inactive|Jahreed has 15 seconds left.
|inactive|aefrmm has 15 seconds left.
|inactive|aefrmm has 10 seconds left.
|inactive|Jahreed has 10 seconds left.
|inactive|aefrmm has 5 seconds left.
|
|t:|1756354304
|move|p1a: Incineroar|Fake Out|p2b: Kingambit
|-resisted|p2b: Kingambit
|-damage|p2b: Kingambit|96/100
|move|p2a: Basculegion|Last Respects|p1a: Incineroar
|-resisted|p1a: Incineroar
|-damage|p1a: Incineroar|36/100
|move|p1b: Sneasler|Throat Chop|p2a: Basculegion
|-supereffective|p2a: Basculegion
|-damage|p2a: Basculegion|39/100
|-start|p2a: Basculegion|Throat Chop|[silent]
|cant|p2b: Kingambit|flinch
|
|upkeep
|turn|8
|
|t:|1756354323
|move|p1b: Sneasler|Protect|p1b: Sneasler
|-singleturn|p1b: Sneasler|Protect
|move|p2b: Kingambit|Sucker Punch|p1a: Incineroar
|-resisted|p1a: Incineroar
|-damage|p1a: Incineroar|0 fnt
|faint|p1a: Incineroar
|move|p2a: Basculegion|Last Respects|p1b: Sneasler
|-activate|p1b: Sneasler|move: Protect
|
|-end|p2a: Basculegion|Throat Chop|[silent]
|upkeep
|
|t:|1756354331
|switch|p1a: Archaludon|Archaludon, L50, F|39/100
|turn|9
|
|t:|1756354343
|move|p2b: Kingambit|Sucker Punch|p1a: Archaludon
|-damage|p1a: Archaludon|0 fnt
|faint|p1a: Archaludon
|move|p2a: Basculegion|Last Respects|p1b: Sneasler
|-damage|p1b: Sneasler|0 fnt
|faint|p1b: Sneasler
|
|win|aefrmm
||Jahreed is ready for game 3.
||aefrmm is ready for game 3.
|uhtml|next|Next: Game 3 of 3
