|j|☆RikuXmas
|j|☆LeonardPlayz
|html|RikuXmasLeonardPlayz    
|uhtml|bestof|Game 1 of a best-of-3
|t:|1757915980
|gametype|doubles
|player|p1|RikuXmas|marlon|1121
|player|p2|LeonardPlayz|hilbert-wonderlauncher|1137
|gen|9
|tier|[Gen 9] VGC 2025 Reg H (Bo3)
|rated|
|rule|Species Clause: Limit one of each Pokémon
|rule|Item Clause: Limit 1 of each item
|clearpoke
|poke|p1|Pelipper, L50, F|
|poke|p1|Charizard, L50, F|
|poke|p1|Rillaboom, L50, M|
|poke|p1|Gholdengo, L50|
|poke|p1|Kommo-o, L50, M|
|poke|p1|Clefable, L50, F|
|poke|p2|Klefki, L50, F|
|poke|p2|Incineroar, L50, M|
|poke|p2|Ursaluna, L50, F|
|poke|p2|Indeedee, L50, M|
|poke|p2|Delphox, L50, F|
|poke|p2|Dragonite, L50, M|
|teampreview|4
|showteam|p1|Pelipper||FocusSash|Drizzle|Protect,Tailwind,Hurricane,WeatherBall|||F|||50|,,,,,Grass]Charizard||LifeOrb|Blaze|Protect,Hurricane,HeatWave,ScorchingSands|||F|||50|,,,,,Grass]Rillaboom||AssaultVest|GrassySurge|FakeOut,GrassyGlide,WoodHammer,StompingTantrum|||M|||50|,,,,,Fire]Gholdengo||WiseGlasses|GoodasGold|Protect,NastyPlot,ShadowBall,MakeItRain||||||50|,,,,,Steel]Kommo-o||ThroatSpray|Bulletproof|Protect,AuraSphere,ClangingScales,ClangorousSoul|||M|||50|,,,,,Steel]Clefable||SitrusBerry|Unaware|Protect,FollowMe,Moonblast,ThunderWave|||F|||50|,,,,,Water
|showteam|p2|Klefki||MentalHerb|Prankster|DazzlingGleam,Reflect,TrickRoom,MagicRoom|||F|||50|,,,,,Ghost]Incineroar||SitrusBerry|Intimidate|FakeOut,KnockOff,FlareBlitz,PartingShot|||M|||50|,,,,,Grass]Ursaluna||FlameOrb|Guts|Facade,HeadlongRush,Earthquake,Protect|||F|||50|,,,,,Ghost]Indeedee||FocusSash|PsychicSurge|ExpandingForce,TeraBlast,Imprison,TrickRoom|||M|||50|,,,,,Fighting]Delphox||LifeOrb|Blaze|ExpandingForce,ShadowBall,HeatWave,Protect|||F|||50|,,,,,Grass]Dragonite||ChoiceBand|InnerFocus|Haze,ExtremeSpeed,Outrage,StompingTantrum|||M|||50|,,,,,Normal
|inactive|Battle timer is ON: inactive players will automatically lose when time's up. (requested by LeonardPlayz)
|inactive|RikuXmas has 60 seconds left.
|
|t:|1757916019
|teamsize|p1|4
|teamsize|p2|4
|start
|switch|p1a: Faris|Clefable, L50, F, shiny|100/100
|switch|p1b: Trinity|Kommo-o, L50, M, shiny|100/100
|switch|p2a: Incineroar|Incineroar, L50, M|100/100
|switch|p2b: Klefki|Klefki, L50, F|100/100
|-ability|p2a: Incineroar|Intimidate|boost
|-unboost|p1a: Faris|atk|1
|-unboost|p1b: Trinity|atk|1
|turn|1
|inactive|LeonardPlayz has 30 seconds left.
|
|t:|1757916049
|move|p1b: Trinity|Protect|p1b: Trinity
|-singleturn|p1b: Trinity|Protect
|move|p1a: Faris|Protect|p1a: Faris
|-singleturn|p1a: Faris|Protect
|move|p2b: Klefki|Magic Room|p2b: Klefki
|-fieldstart|move: Magic Room|[of] p2b: Klefki
|move|p2a: Incineroar|Knock Off|p1a: Faris
|-activate|p1a: Faris|move: Protect
|
|upkeep
|turn|2
|inactive|RikuXmas has 30 seconds left.
|
|t:|1757916075
|-terastallize|p1b: Trinity|Steel
|move|p1a: Faris|Follow Me|p1a: Faris
|-singleturn|p1a: Faris|move: Follow Me
|move|p1b: Trinity|Clangorous Soul|p1b: Trinity
|-boost|p1b: Trinity|atk|1
|-boost|p1b: Trinity|def|1
|-boost|p1b: Trinity|spa|1
|-boost|p1b: Trinity|spd|1
|-boost|p1b: Trinity|spe|1
|-damage|p1b: Trinity|68/100
|move|p2a: Incineroar|Parting Shot|p1a: Faris
|-unboost|p1a: Faris|atk|1
|-unboost|p1a: Faris|spa|1
|
|t:|1757916085
|switch|p2a: Ursaluna|Ursaluna, L50, F|100/100|[from] Parting Shot
|move|p2b: Klefki|Trick Room|p2b: Klefki
|-fieldstart|move: Trick Room|[of] p2b: Klefki
|
|upkeep
|turn|3
|inactive|RikuXmas has 30 seconds left.
|
|t:|1757916116
|switch|p1a: Tempest|Pelipper, L50, F, shiny|100/100
|-weather|RainDance|[from] ability: Drizzle|[of] p1a: Tempest
|move|p1b: Trinity|Protect|p1b: Trinity
|-singleturn|p1b: Trinity|Protect
|move|p2b: Klefki|Reflect|p2b: Klefki
|-sidestart|p2: LeonardPlayz|Reflect
|move|p2a: Ursaluna|Earthquake|p1a: Tempest|[spread] p2b
|-activate|p1b: Trinity|move: Protect
|-immune|p1a: Tempest
|-supereffective|p2b: Klefki
|-damage|p2b: Klefki|40/100
|
|-weather|RainDance|[upkeep]
|upkeep
|turn|4
|inactive|RikuXmas has 30 seconds left.
|inactive|LeonardPlayz has 30 seconds left.
|inactive|LeonardPlayz has 20 seconds left.
|inactive|LeonardPlayz has 15 seconds left.
|
|t:|1757916156
|switch|p1b: Faris|Clefable, L50, F, shiny|100/100
|-terastallize|p2a: Ursaluna|Ghost
|move|p2a: Ursaluna|Facade|p1a: Tempest
|-damage|p1a: Tempest|45/100
|move|p2b: Klefki|Dazzling Gleam|p1a: Tempest|[spread] p1a,p1b
|-damage|p1a: Tempest|14/100
|-damage|p1b: Faris|87/100
|move|p1a: Tempest|Weather Ball|p2a: Ursaluna
|-damage|p2a: Ursaluna|50/100
|
|-weather|RainDance|[upkeep]
|upkeep
|turn|5
|
|t:|1757916180
|move|p1a: Tempest|Protect|p1a: Tempest
|-singleturn|p1a: Tempest|Protect
|move|p2a: Ursaluna|Facade|p1b: Faris
|-damage|p1b: Faris|52/100
|move|p1b: Faris|Thunder Wave|p2a: Ursaluna
|-status|p2a: Ursaluna|par
|move|p2b: Klefki|Dazzling Gleam|p1a: Tempest|[spread] p1b
|-activate|p1a: Tempest|move: Protect
|-damage|p1b: Faris|39/100
|
|-weather|RainDance|[upkeep]
|-fieldend|move: Magic Room|[of] p2b: Klefki
|upkeep
|-enditem|p1b: Faris|Sitrus Berry|[eat]
|-heal|p1b: Faris|64/100|[from] item: Sitrus Berry
|turn|6
|
|t:|1757916204
|switch|p2b: Incineroar|Incineroar, L50, M|100/100
|-ability|p2b: Incineroar|Intimidate|boost
|-unboost|p1a: Tempest|atk|1
|-unboost|p1b: Faris|atk|1
|move|p1b: Faris|Follow Me|p1b: Faris
|-singleturn|p1b: Faris|move: Follow Me
|move|p2a: Ursaluna|Facade|p1b: Faris
|-damage|p1b: Faris|0 fnt
|faint|p1b: Faris
|move|p1a: Tempest|Weather Ball|p2b: Incineroar
|-supereffective|p2b: Incineroar
|-damage|p2b: Incineroar|0 fnt
|faint|p2b: Incineroar
|
|-weather|RainDance|[upkeep]
|-fieldend|move: Trick Room
|upkeep
|
|t:|1757916219
|switch|p2b: Indeedee|Indeedee, L50, M|100/100
|switch|p1b: Trinity|Kommo-o, L50, M, shiny, tera:Steel|68/100
|-fieldstart|move: Psychic Terrain|[from] ability: Psychic Surge|[of] p2b: Indeedee
|turn|7
|
|t:|1757916244
|switch|p1a: AdustedGold|Gholdengo, L50, shiny|100/100
|move|p2b: Indeedee|Expanding Force|p1a: AdustedGold|[spread] p1a,p1b
|-resisted|p1a: AdustedGold
|-resisted|p1b: Trinity
|-damage|p1a: AdustedGold|71/100
|-damage|p1b: Trinity|38/100
|move|p1b: Trinity|Clanging Scales|p2b: Indeedee|[spread] p2a,p2b
|-damage|p2a: Ursaluna|23/100 par
|-damage|p2b: Indeedee|52/100
|-unboost|p1b: Trinity|def|1
|-enditem|p1b: Trinity|Throat Spray
|-boost|p1b: Trinity|spa|1|[from] item: Throat Spray
|cant|p2a: Ursaluna|par
|
|-weather|none
|-sideend|p2: LeonardPlayz|Reflect
|upkeep
|turn|8
|
|t:|1757916269
|cant|p2a: Ursaluna|par
|move|p2b: Indeedee|Expanding Force|p1a: AdustedGold|[spread] p1a,p1b
|-resisted|p1a: AdustedGold
|-resisted|p1b: Trinity
|-damage|p1a: AdustedGold|42/100
|-damage|p1b: Trinity|7/100
|move|p1b: Trinity|Clanging Scales|p2b: Indeedee|[spread] p2a,p2b
|-damage|p2a: Ursaluna|0 fnt
|-damage|p2b: Indeedee|0 fnt
|faint|p2a: Ursaluna
|faint|p2b: Indeedee
|-unboost|p1b: Trinity|def|1
|move|p1a: AdustedGold|Make It Rain|p2: Ursaluna|[notarget]
|-fail|p1a: AdustedGold
|
|upkeep
|-message|LeonardPlayz forfeited.
|
|win|RikuXmas
|l|☆LeonardPlayz
|player|p2|
||LeonardPlayz is ready for game 2.
||LeonardPlayz is ready for game 2.
|inactive|RikuXmas has 30 seconds to confirm battle start!
|inactive|RikuXmas has 20 seconds to confirm battle start!
||RikuXmas is ready for game 2.
|uhtml|next|Next: Game 2 of 3
|l|☆RikuXmas
|player|p1|
