|j|☆TaiwanNephrologist
|j|☆the rainy mouse
|html|TaiwanNephrologistthe rainy mouse    
|uhtml|bestof|Game 1 of a best-of-3
|t:|1785771028
|gametype|doubles
|player|p1|TaiwanNephrologist|101|1294
|player|p2|the rainy mouse|pokemaniac|1403
|gen|9
|tier|[Gen 9 Champions] VGC 2026 Reg M-B (Bo3)
|rated|
|rule|Species Clause: Limit one of each Pokémon
|rule|Item Clause: Limit 1 of each item
|clearpoke
|poke|p1|Delphox, L50, F, shiny|
|poke|p1|Incineroar, L50, F, shiny|
|poke|p1|Kingambit, L50, F, shiny|
|poke|p1|Sinistcha, L50, shiny|
|poke|p1|Sneasler, L50, F, shiny|
|poke|p1|Blastoise, L50, F, shiny|
|poke|p2|Charizard, L50, F|
|poke|p2|Garchomp, L50, F|
|poke|p2|Incineroar, L50, M|
|poke|p2|Venusaur, L50, M|
|poke|p2|Toxapex, L50, M|
|poke|p2|Annihilape, L50, F|
|teampreview|4
|showteam|p1|Delphox||Delphoxite|Blaze|HeatWave,Psychic,NastyPlot,Protect|Timid||F|||50|]Incineroar||SitrusBerry|Intimidate|FakeOut,FlareBlitz,HelpingHand,PartingShot|Impish||F|||50|]Kingambit||LifeOrb|Defiant|KowtowCleave,SuckerPunch,SwordsDance,Protect|Adamant||F|||50|]Sinistcha||ColburBerry|Hospitality|MatchaGotcha,RagePowder,TrickRoom,Protect|Bold|||||50|]Sneasler||FocusSash|PoisonTouch|FakeOut,PoisonJab,CloseCombat,QuickGuard|Jolly||F|||50|]Blastoise||Blastoisinite|RainDish|WaterSpout,DarkPulse,ShellSmash,Protect|Modest||F|||50|
|showteam|p2|Charizard||CharizarditeY|Blaze|WeatherBall,HeatWave,AncientPower,Protect|Modest||F|||50|]Garchomp||ChoiceScarf|RoughSkin|RockSlide,DragonClaw,Earthquake,StompingTantrum|Adamant||F|||50|]Incineroar||SitrusBerry|Intimidate|FlareBlitz,FakeOut,DarkestLariat,PartingShot|Impish||M|||50|]Venusaur||LifeOrb|Chlorophyll|SludgeBomb,LeafStorm,EarthPower,Protect|Modest||M|||50|]Toxapex||Leftovers|Regenerator|Infestation,Toxic,WideGuard,BanefulBunker|Bold||M|||50|]Annihilape||FocusSash|Defiant|CloseCombat,PhantomForce,RockTomb,Protect|Jolly||F|||50|
|inactive|Battle timer is ON: inactive players will automatically lose when time's up. (requested by TaiwanNephrologist)
|inactive|TaiwanNephrologist has 60 seconds left.
|inactive|the rainy mouse has 60 seconds left.
|
|t:|1785771086
|teamsize|p1|4
|teamsize|p2|4
|start
|switch|p1a: Delphox|Delphox, L50, F, shiny|100/100
|switch|p1b: Sneasler|Sneasler, L50, F, shiny|100/100
|switch|p2a: Garchomp|Garchomp, L50, F|100/100
|switch|p2b: Annihilape|Annihilape, L50, F|100/100
|turn|1
|inactive|TaiwanNephrologist has 30 seconds left.
|inactive|TaiwanNephrologist has 20 seconds left.
|inactive|TaiwanNephrologist has 15 seconds left.
|
|t:|1785771129
|detailschange|p1a: Delphox|Delphox-Mega, L50, F, shiny
|-mega|p1a: Delphox|Delphox|Delphoxite
|move|p1b: Sneasler|Fake Out|p2a: Garchomp
|-damage|p2a: Garchomp|85/100
|-damage|p1b: Sneasler|87/100|[from] ability: Rough Skin|[of] p2a: Garchomp
|cant|p2a: Garchomp|flinch
|move|p1a: Delphox|Psychic|p2b: Annihilape
|-supereffective|p2b: Annihilape|1
|-enditem|p2b: Annihilape|Focus Sash
|-damage|p2b: Annihilape|1/100
|move|p2b: Annihilape|Phantom Force||[still]
|-prepare|p2b: Annihilape|Phantom Force
|
|upkeep
|turn|2
|inactive|TaiwanNephrologist has 30 seconds left.
|inactive|TaiwanNephrologist has 20 seconds left.
|inactive|TaiwanNephrologist has 15 seconds left.
|inactive|TaiwanNephrologist has 10 seconds left.
|
|t:|1785771176
|switch|p1a: Incineroar|Incineroar, L50, F, shiny|100/100
|-ability|p1a: Incineroar|Intimidate|boost
|-unboost|p2a: Garchomp|atk|1
|-unboost|p2b: Annihilape|atk|1
|-ability|p2b: Annihilape|Defiant|boost
|-boost|p2b: Annihilape|atk|2
|switch|p1b: Sinistcha|Sinistcha, L50, shiny|100/100
|move|p2a: Garchomp|Earthquake|p1b: Sinistcha|[spread] p1a,p1b
|-miss|p2a: Garchomp|p2b: Annihilape
|-supereffective|p1a: Incineroar|1
|-resisted|p1b: Sinistcha|1
|-damage|p1a: Incineroar|46/100
|-damage|p1b: Sinistcha|89/100
|-enditem|p1a: Incineroar|Sitrus Berry|[eat]
|-heal|p1a: Incineroar|71/100|[from] item: Sitrus Berry
|move|p2b: Annihilape|Phantom Force|p1a: Incineroar|[from] lockedmove
|-resisted|p1a: Incineroar|1
|-damage|p1a: Incineroar|44/100
|
|upkeep
|turn|3
|inactive|TaiwanNephrologist has 30 seconds left.
|inactive|the rainy mouse has 30 seconds left.
|inactive|TaiwanNephrologist has 20 seconds left.
|inactive|TaiwanNephrologist has 15 seconds left.
|inactive|TaiwanNephrologist has 10 seconds left.
|inactive|TaiwanNephrologist has 5 seconds left.
|
|t:|1785771231
|switch|p2a: Incineroar|Incineroar, L50, M|100/100
|-ability|p2a: Incineroar|Intimidate|boost
|-unboost|p1a: Incineroar|atk|1
|-unboost|p1b: Sinistcha|atk|1
|move|p1b: Sinistcha|Rage Powder|p1b: Sinistcha
|-singleturn|p1b: Sinistcha|move: Rage Powder
|move|p2b: Annihilape|Phantom Force||[still]
|-prepare|p2b: Annihilape|Phantom Force
|move|p1a: Incineroar|Parting Shot|p2a: Incineroar
|-unboost|p2a: Incineroar|atk|1
|-unboost|p2a: Incineroar|spa|1
|
|t:|1785771240
|switch|p1a: Delphox|Delphox-Mega, L50, F, shiny|100/100|[from] Parting Shot
|
|upkeep
|turn|4
|
|t:|1785771258
|switch|p1b: Incineroar|Incineroar, L50, F, shiny|44/100
|-ability|p1b: Incineroar|Intimidate|boost
|-unboost|p2a: Incineroar|atk|1
|-unboost|p2b: Annihilape|atk|1
|-ability|p2b: Annihilape|Defiant|boost
|-boost|p2b: Annihilape|atk|2
|move|p2a: Incineroar|Fake Out|p1a: Delphox
|-damage|p1a: Delphox|93/100
|cant|p1a: Delphox|flinch
|move|p2b: Annihilape|Phantom Force|p1b: Incineroar|[from] lockedmove
|-resisted|p1b: Incineroar|1
|-damage|p1b: Incineroar|8/100
|
|upkeep
|turn|5
|inactive|TaiwanNephrologist has 30 seconds left.
|
|t:|1785771292
|switch|p2a: Garchomp|Garchomp, L50, F|85/100
|move|p2b: Annihilape|Protect|p2b: Annihilape
|-singleturn|p2b: Annihilape|Protect
|move|p1a: Delphox|Nasty Plot|p1a: Delphox
|-boost|p1a: Delphox|spa|2
|move|p1b: Incineroar|Parting Shot|p2a: Garchomp
|-unboost|p2a: Garchomp|atk|1
|-unboost|p2a: Garchomp|spa|1
|
|t:|1785771307
|switch|p1b: Sneasler|Sneasler, L50, F, shiny|87/100|[from] Parting Shot
|
|upkeep
|turn|6
|
|t:|1785771328
|switch|p2b: Incineroar|Incineroar, L50, M|100/100
|-ability|p2b: Incineroar|Intimidate|boost
|-unboost|p1a: Delphox|atk|1
|-unboost|p1b: Sneasler|atk|1
|move|p1b: Sneasler|Fake Out|p2a: Garchomp
|-damage|p2a: Garchomp|75/100
|-damage|p1b: Sneasler|75/100|[from] ability: Rough Skin|[of] p2a: Garchomp
|cant|p2a: Garchomp|flinch
|move|p1a: Delphox|Heat Wave|p2a: Garchomp|[spread] p2a,p2b
|-resisted|p2a: Garchomp|1
|-resisted|p2b: Incineroar|1
|-damage|p2a: Garchomp|30/100
|-damage|p2b: Incineroar|64/100
|
|upkeep
|turn|7
|inactive|TaiwanNephrologist has 30 seconds left.
|inactive|the rainy mouse has 30 seconds left.
|inactive|TaiwanNephrologist has 20 seconds left.
|inactive|TaiwanNephrologist has 15 seconds left.
|inactive|TaiwanNephrologist has 10 seconds left.
|
|t:|1785771378
|move|p1a: Delphox|Protect|p1a: Delphox
|-singleturn|p1a: Delphox|Protect
|move|p2a: Garchomp|Rock Slide|p1b: Sneasler|[spread] p1b
|-activate|p1a: Delphox|move: Protect
|-resisted|p1b: Sneasler|1
|-damage|p1b: Sneasler|63/100
|cant|p1b: Sneasler|flinch
|move|p2b: Incineroar|Darkest Lariat|p1a: Delphox
|-activate|p1a: Delphox|move: Protect
|
|upkeep
|turn|8
|
|t:|1785771395
|move|p2a: Garchomp|Rock Slide|p1b: Sneasler|[spread] p1a,p1b
|-supereffective|p1a: Delphox|1
|-resisted|p1b: Sneasler|1
|-damage|p1a: Delphox|60/100
|-damage|p1b: Sneasler|51/100
|move|p1a: Delphox|Heat Wave|p2b: Incineroar|[spread] 
|-miss|p1a: Delphox|p2a: Garchomp
|-miss|p1a: Delphox|p2b: Incineroar
|move|p1b: Sneasler|Close Combat|p2b: Incineroar
|-supereffective|p2b: Incineroar|1
|-damage|p2b: Incineroar|4/100
|-unboost|p1b: Sneasler|def|1
|-unboost|p1b: Sneasler|spd|1
|-status|p2b: Incineroar|psn|[from] ability: Poison Touch|[of] p1b: Sneasler
|-enditem|p2b: Incineroar|Sitrus Berry|[eat]
|-heal|p2b: Incineroar|29/100 psn|[from] item: Sitrus Berry
|move|p2b: Incineroar|Darkest Lariat|p1a: Delphox
|-supereffective|p1a: Delphox|1
|-damage|p1a: Delphox|0 fnt
|faint|p1a: Delphox
|
|-damage|p2b: Incineroar|17/100 psn|[from] psn
|upkeep
|-message|TaiwanNephrologist forfeited.
|
|win|the rainy mouse
|l|☆TaiwanNephrologist
|player|p1|
||TaiwanNephrologist is ready for game 2.
||the rainy mouse is ready for game 2.
|uhtml|next|Next: Game 2 of 3
