|j|☆qduxs
|j|☆Isagii
|html|qduxsIsagii    
|uhtml|bestof|Game 2 of a best-of-3
|t:|1783192895
|gametype|doubles
|player|p1|qduxs|n|1110
|player|p2|Isagii|steven|1173
|gen|9
|tier|[Gen 9 Champions] VGC 2026 Reg M-B (Bo3)
|rated|
|rule|Species Clause: Limit one of each Pokémon
|rule|Item Clause: Limit 1 of each item
|clearpoke
|poke|p1|Meganium, L50, M|
|poke|p1|Pelipper, L50, F|
|poke|p1|Archaludon, L50, F|
|poke|p1|Kingambit, L50, M|
|poke|p1|Rotom-Wash, L50|
|poke|p1|Corviknight, L50, F|
|poke|p2|Metagross, L50, shiny|
|poke|p2|Grimmsnarl, L50, M, shiny|
|poke|p2|Toxapex, L50, F|
|poke|p2|Hydreigon, L50, M|
|poke|p2|Charizard, L50, M, shiny|
|poke|p2|Garchomp, L50, F, shiny|
|teampreview|4
|showteam|p1|Meganium||Meganiumite|LeafGuard|SolarBeam,WeatherBall,Protect,DazzlingGleam|Serious||M|||50|]Pelipper||FocusSash|Drizzle|Tailwind,WeatherBall,Protect,MuddyWater|Modest||F|||50|]Archaludon||Leftovers|Stamina|ElectroShot,Protect,FlashCannon,IronDefense|Modest||F|||50|]Kingambit||ChopleBerry|Defiant|SuckerPunch,KowtowCleave,Protect,LowKick|Adamant||M|||50|]Rotom-Wash||MentalHerb|Levitate|VoltSwitch,HydroPump,LightScreen,WillOWisp|Timid|||||50|]Corviknight||ExpertBelt|MirrorArmor|BraveBird,BulkUp,Tailwind,IronHead|Adamant||F|||50|
|showteam|p2|Metagross||Metagrossite|ClearBody|PsychicFangs,IronHead,BodyPress,Protect|Jolly|||||50|]Grimmsnarl||LightClay|Prankster|LightScreen,Reflect,PartingShot,SpiritBreak|Careful||M|||50|]Toxapex||Leftovers|Regenerator|Toxic,Infestation,WideGuard,BanefulBunker|Bold||F|||50|]Hydreigon||ChoiceScarf|Levitate|DracoMeteor,DarkPulse,HeatWave,Snarl|Modest||M|||50|]Charizard||CharizarditeY|Blaze|HeatWave,SolarBeam,WeatherBall,Protect|Modest||M|||50|]Garchomp||LifeOrb|RoughSkin|Earthquake,DragonClaw,RockSlide,Protect|Jolly||F|||50|
|inactive|Battle timer is ON: inactive players will automatically lose when time's up. (requested by qduxs)
|inactive|Isagii also wants the timer to be on.
|inactive|qduxs has 60 seconds left.
|
|t:|1783192942
|teamsize|p1|4
|teamsize|p2|4
|start
|switch|p1a: Meganium|Meganium, L50, M|100/100
|switch|p1b: Rotom|Rotom-Wash, L50|100/100
|switch|p2a: Grimmsnarl|Grimmsnarl, L50, M, shiny|100/100
|switch|p2b: Hydreigon|Hydreigon, L50, M|100/100
|turn|1
|inactive|Isagii has 30 seconds left.
|inactive|Isagii has 20 seconds left.
|
|t:|1783192978
|detailschange|p1a: Meganium|Meganium-Mega, L50, M
|-mega|p1a: Meganium|Meganium|Meganiumite
|move|p2a: Grimmsnarl|Light Screen|p2a: Grimmsnarl
|-sidestart|p2: Isagii|move: Light Screen
|move|p2b: Hydreigon|Draco Meteor|p1b: Rotom
|-damage|p1b: Rotom|1/100
|-unboost|p2b: Hydreigon|spa|2
|move|p1b: Rotom|Light Screen|p1b: Rotom
|-sidestart|p1: qduxs|move: Light Screen
|move|p1a: Meganium|Dazzling Gleam|p2b: Hydreigon|[spread] p2a,p2b
|-supereffective|p2a: Grimmsnarl|1
|-supereffective|p2b: Hydreigon|2
|-damage|p2a: Grimmsnarl|63/100
|-damage|p2b: Hydreigon|6/100
|
|upkeep
|turn|2
|
|t:|1783192998
|move|p2b: Hydreigon|Draco Meteor|p1b: Rotom
|-damage|p1b: Rotom|0 fnt
|-unboost|p2b: Hydreigon|spa|2
|faint|p1b: Rotom
|move|p1a: Meganium|Dazzling Gleam|p2a: Grimmsnarl|[spread] p2a,p2b
|-supereffective|p2a: Grimmsnarl|1
|-supereffective|p2b: Hydreigon|2
|-damage|p2a: Grimmsnarl|28/100
|-damage|p2b: Hydreigon|0 fnt
|faint|p2b: Hydreigon
|move|p2a: Grimmsnarl|Spirit Break|p1a: Meganium
|-damage|p1a: Meganium|73/100
|-unboost|p1a: Meganium|spa|1
|
|upkeep
|
|t:|1783193012
|switch|p1b: Kingambit|Kingambit, L50, M|100/100
|switch|p2b: Garchomp|Garchomp, L50, F, shiny|100/100
|turn|3
|
|t:|1783193027
|move|p1b: Kingambit|Protect|p1b: Kingambit
|-singleturn|p1b: Kingambit|Protect
|move|p2a: Grimmsnarl|Parting Shot|p1a: Meganium
|-unboost|p1a: Meganium|atk|1
|-unboost|p1a: Meganium|spa|1
|
|t:|1783193032
|switch|p2a: Charizard|Charizard, L50, M, shiny|100/100|[from] Parting Shot
|move|p2b: Garchomp|Earthquake|p1b: Kingambit|[spread] p1a
|-activate|p1b: Kingambit|move: Protect
|-immune|p2a: Charizard
|-resisted|p1a: Meganium|1
|-damage|p1a: Meganium|52/100
|-damage|p2b: Garchomp|90/100|[from] item: Life Orb
|move|p1a: Meganium|Dazzling Gleam|p2b: Garchomp|[spread] p2a,p2b
|-resisted|p2a: Charizard|1
|-supereffective|p2b: Garchomp|1
|-damage|p2a: Charizard|94/100
|-damage|p2b: Garchomp|64/100
|
|upkeep
|turn|4
|
|t:|1783193050
|detailschange|p2a: Charizard|Charizard-Mega-Y, L50, M, shiny
|-mega|p2a: Charizard|Charizard|Charizardite Y
|-weather|SunnyDay|[from] ability: Drought|[of] p2a: Charizard
|move|p1a: Meganium|Protect|p1a: Meganium
|-singleturn|p1a: Meganium|Protect
|move|p1b: Kingambit|Sucker Punch|p2a: Charizard
|-damage|p2a: Charizard|51/100
|move|p2b: Garchomp|Earthquake|p1b: Kingambit|[spread] p1b
|-activate|p1a: Meganium|move: Protect
|-immune|p2a: Charizard
|-supereffective|p1b: Kingambit|1
|-damage|p1b: Kingambit|16/100
|-damage|p2b: Garchomp|54/100|[from] item: Life Orb
|move|p2a: Charizard|Heat Wave|p1b: Kingambit|[spread] p1b
|-activate|p1a: Meganium|move: Protect
|-supereffective|p1b: Kingambit|1
|-damage|p1b: Kingambit|0 fnt
|faint|p1b: Kingambit
|
|-weather|SunnyDay|[upkeep]
|upkeep
|
|t:|1783193067
|switch|p1b: Pelipper|Pelipper, L50, F|100/100
|-weather|RainDance|[from] ability: Drizzle|[of] p1b: Pelipper
|turn|5
|
|t:|1783193082
|switch|p2a: Grimmsnarl|Grimmsnarl, L50, M, shiny|28/100
|move|p2b: Garchomp|Rock Slide|p1b: Pelipper|[spread] p1a,p1b
|-supereffective|p1b: Pelipper|1
|-damage|p1a: Meganium|31/100
|-damage|p1b: Pelipper|45/100
|-damage|p2b: Garchomp|44/100|[from] item: Life Orb
|move|p1b: Pelipper|Tailwind|p1b: Pelipper
|-sidestart|p1: qduxs|move: Tailwind
|move|p1a: Meganium|Dazzling Gleam|p2b: Garchomp|[spread] p2a,p2b
|-supereffective|p2a: Grimmsnarl|1
|-supereffective|p2b: Garchomp|1
|-crit|p2b: Garchomp
|-damage|p2a: Grimmsnarl|10/100
|-damage|p2b: Garchomp|0 fnt
|faint|p2b: Garchomp
|
|-weather|RainDance|[upkeep]
|-sideend|p1: qduxs|move: Light Screen
|upkeep
|
|t:|1783193092
|switch|p2b: Charizard|Charizard-Mega-Y, L50, M, shiny|51/100
|-weather|SunnyDay|[from] ability: Drought|[of] p2b: Charizard
|turn|6
|
|t:|1783193113
|move|p2a: Grimmsnarl|Parting Shot|p1a: Meganium
|-unboost|p1a: Meganium|atk|1
|-unboost|p1a: Meganium|spa|1
|move|p1a: Meganium|Dazzling Gleam|p2b: Charizard|[spread] p2a,p2b
|-supereffective|p2a: Grimmsnarl|1
|-resisted|p2b: Charizard|1
|-damage|p2a: Grimmsnarl|0 fnt
|-damage|p2b: Charizard|47/100
|faint|p2a: Grimmsnarl
|move|p1b: Pelipper|Muddy Water|p2b: Charizard
|-supereffective|p2b: Charizard|1
|-damage|p2b: Charizard|22/100
|move|p2b: Charizard|Solar Beam||[still]
|-prepare|p2b: Charizard|Solar Beam
|-anim|p2b: Charizard|Solar Beam|p1b: Pelipper
|-damage|p1b: Pelipper|0 fnt
|faint|p1b: Pelipper
|
|-weather|SunnyDay|[upkeep]
|upkeep
|turn|7
|
|t:|1783193132
|move|p1a: Meganium|Solar Beam||[still]
|-prepare|p1a: Meganium|Solar Beam
|-anim|p1a: Meganium|Solar Beam|p2b: Charizard
|-resisted|p2b: Charizard|2
|-damage|p2b: Charizard|18/100
|move|p2b: Charizard|Weather Ball|p1a: Meganium
|-supereffective|p1a: Meganium|1
|-damage|p1a: Meganium|0 fnt
|faint|p1a: Meganium
|
|win|Isagii
|raw|qduxs's rating: 1110 → 1089(-21 for losing)
|raw|Isagii's rating: 1173 → 1194(+21 for winning)
|l|☆qduxs
|player|p1|
|l|☆Isagii
|player|p2|
|j|☆Isagii
|player|p2|Isagii|steven|
