|j|‽battle sim trainer
|j|☆SmolivStayStrong<3
|html|battle sim trainerSmolivStayStrong<3    
|uhtml|bestof|Game 2 of a best-of-3
|t:|1783623367
|gametype|doubles
|player|p1|battle sim trainer|turo|1126
|player|p2|SmolivStayStrong<3|miku-flying|1000
|gen|9
|tier|[Gen 9 Champions] VGC 2026 Reg M-B (Bo3)
|rated|
|rule|Species Clause: Limit one of each Pokémon
|rule|Item Clause: Limit 1 of each item
|clearpoke
|poke|p1|Swampert, L50, M|
|poke|p1|Pelipper, L50, F|
|poke|p1|Archaludon, L50, F|
|poke|p1|Grimmsnarl, L50, M|
|poke|p1|Annihilape, L50, F|
|poke|p1|Greninja, L50, M|
|poke|p2|Mawile, L50, F|
|poke|p2|Farigiraf, L50, M, shiny|
|poke|p2|Toxapex, L50, F|
|poke|p2|Garchomp, L50, F|
|poke|p2|Charizard, L50, F|
|poke|p2|Incineroar, L50, F|
|teampreview|4
|showteam|p1|Swampert||Swampertite|Damp|WaveCrash,Earthquake,IcePunch,Protect|Adamant||M|||50|]Pelipper||SitrusBerry|Drizzle|Hurricane,WeatherBall,Tailwind,Protect|Modest||F|||50|]Archaludon||Leftovers|Stamina|ElectroShot,DragonPulse,FlashCannon,Protect|Modest||F|||50|]Grimmsnarl||LightClay|Prankster|SpiritBreak,Reflect,LightScreen,PartingShot|Careful||M|||50|]Annihilape||ChoiceScarf|Defiant|RageFist,CloseCombat,Uturn,Coaching|Adamant||F|||50|]Greninja||Greninjite|Protean|WaterShuriken,DarkPulse,LowKick,WeatherBall|Modest||M|||50|
|showteam|p2|Mawile||Mawilite|HyperCutter|Protect,PlayRough,IronHead,SuckerPunch|Adamant||F|||50|]Farigiraf||SitrusBerry|ArmorTail|Psychic,EnergyBall,Protect,TrickRoom|Modest||M|||50|]Toxapex||Leftovers|Regenerator|Protect,Toxic,Infestation,WideGuard|Serious||F|||50|]Garchomp||LifeOrb|RoughSkin|DragonClaw,Earthquake,RockSlide,Protect|Jolly||F|||50|]Charizard||CharizarditeY|Blaze|HeatWave,WeatherBall,SolarBeam,Protect|Timid||F|||50|]Incineroar||Charcoal|Intimidate|FakeOut,FlareBlitz,PartingShot,ThroatChop|Brave||F|||50|
|inactive|Battle timer is ON: inactive players will automatically lose when time's up. (requested by SmolivStayStrong<3)
|inactive|SmolivStayStrong<3 has 60 seconds left.
|
|t:|1783623399
|teamsize|p1|4
|teamsize|p2|4
|start
|switch|p1a: Grimmsnarl|Grimmsnarl, L50, M|100/100
|switch|p1b: Swampert|Swampert, L50, M|100/100
|switch|p2a: Farigiraf|Farigiraf, L50, M, shiny|100/100
|switch|p2b: Charizard|Charizard, L50, F|100/100
|turn|1
|
|t:|1783623423
|switch|p2b: Incineroar|Incineroar, L50, F|100/100
|-ability|p2b: Incineroar|Intimidate|boost
|-unboost|p1a: Grimmsnarl|atk|1
|-unboost|p1b: Swampert|atk|1
|move|p1b: Swampert|Protect|p1b: Swampert
|-singleturn|p1b: Swampert|Protect
|move|p1a: Grimmsnarl|Light Screen|p1a: Grimmsnarl
|-sidestart|p1: battle sim trainer|move: Light Screen
|move|p2a: Farigiraf|Trick Room|p2a: Farigiraf
|-fieldstart|move: Trick Room|[of] p2a: Farigiraf
|
|upkeep
|turn|2
|
|t:|1783623438
|detailschange|p1b: Swampert|Swampert-Mega, L50, M
|-mega|p1b: Swampert|Swampert|Swampertite
|move|p2b: Incineroar|Fake Out|p1b: Swampert
|-damage|p1b: Swampert|87/100
|move|p1a: Grimmsnarl|Reflect|p1a: Grimmsnarl
|-sidestart|p1: battle sim trainer|Reflect
|move|p2a: Farigiraf|Energy Ball|p1b: Swampert
|-supereffective|p1b: Swampert|2
|-damage|p1b: Swampert|18/100
|cant|p1b: Swampert|flinch
|
|upkeep
|turn|3
|
|t:|1783623457
|switch|p1b: Archaludon|Archaludon, L50, F|100/100
|move|p2b: Incineroar|Flare Blitz|p1a: Grimmsnarl
|-damage|p1a: Grimmsnarl|50/100y
|-damage|p2b: Incineroar|83/100|[from] Recoil
|move|p1a: Grimmsnarl|Spirit Break|p2a: Farigiraf
|-damage|p2a: Farigiraf|78/100
|-unboost|p2a: Farigiraf|spa|1
|move|p2a: Farigiraf|Psychic|p1b: Archaludon
|-resisted|p1b: Archaludon|1
|-crit|p1b: Archaludon
|-damage|p1b: Archaludon|69/100
|-ability|p1b: Archaludon|Stamina|boost
|-boost|p1b: Archaludon|def|1
|
|-heal|p1b: Archaludon|75/100|[from] item: Leftovers
|upkeep
|turn|4
|inactive|battle sim trainer has 30 seconds left.
|
|t:|1783623485
|switch|p1a: Pelipper|Pelipper, L50, F|100/100
|-weather|RainDance|[from] ability: Drizzle|[of] p1a: Pelipper
|move|p2b: Incineroar|Parting Shot|p1b: Archaludon
|-unboost|p1b: Archaludon|atk|1
|-unboost|p1b: Archaludon|spa|1
|
|t:|1783623495
|switch|p2b: Garchomp|Garchomp, L50, F|100/100|[from] Parting Shot
|move|p2a: Farigiraf|Energy Ball|p1a: Pelipper
|-damage|p1a: Pelipper|87/100
|move|p1b: Archaludon|Electro Shot||[still]
|-prepare|p1b: Archaludon|Electro Shot
|-boost|p1b: Archaludon|spa|1
|-anim|p1b: Archaludon|Electro Shot|p2a: Farigiraf
|-damage|p2a: Farigiraf|43/100
|-enditem|p2a: Farigiraf|Sitrus Berry|[eat]
|-heal|p2a: Farigiraf|67/100|[from] item: Sitrus Berry
|
|-weather|RainDance|[upkeep]
|-heal|p1b: Archaludon|81/100|[from] item: Leftovers
|upkeep
|turn|5
|
|t:|1783623516
|move|p2a: Farigiraf|Psychic|p1a: Pelipper
|-damage|p1a: Pelipper|67/100
|move|p1a: Pelipper|Hurricane|p2b: Garchomp
|-damage|p2b: Garchomp|57/100
|move|p1b: Archaludon|Dragon Pulse|p2b: Garchomp
|-supereffective|p2b: Garchomp|1
|-damage|p2b: Garchomp|0 fnt
|faint|p2b: Garchomp
|
|-weather|RainDance|[upkeep]
|-heal|p1b: Archaludon|87/100|[from] item: Leftovers
|-fieldend|move: Trick Room
|upkeep
|
|t:|1783623521
|switch|p2b: Charizard|Charizard, L50, F|100/100
|turn|6
|inactive|SmolivStayStrong<3 has 30 seconds left.
|
|t:|1783623550
|switch|p1a: Swampert|Swampert-Mega, L50, M|18/100
|detailschange|p2b: Charizard|Charizard-Mega-Y, L50, F
|-mega|p2b: Charizard|Charizard|Charizardite Y
|-weather|SunnyDay|[from] ability: Drought|[of] p2b: Charizard
|move|p1b: Archaludon|Protect|p1b: Archaludon
|-singleturn|p1b: Archaludon|Protect
|move|p2b: Charizard|Heat Wave|p1a: Swampert|[spread] p1a
|-activate|p1b: Archaludon|move: Protect
|-resisted|p1a: Swampert|1
|-damage|p1a: Swampert|1/100
|move|p2a: Farigiraf|Energy Ball|p1a: Swampert
|-supereffective|p1a: Swampert|2
|-damage|p1a: Swampert|0 fnt
|faint|p1a: Swampert
|
|-weather|SunnyDay|[upkeep]
|-heal|p1b: Archaludon|93/100|[from] item: Leftovers
|upkeep
|inactive|battle sim trainer has 30 seconds left.
|
|t:|1783623575
|switch|p1a: Grimmsnarl|Grimmsnarl, L50, M|50/100y
|turn|7
|
|t:|1783623592
|switch|p2b: Incineroar|Incineroar, L50, F|83/100
|-ability|p2b: Incineroar|Intimidate|boost
|-unboost|p1a: Grimmsnarl|atk|1
|-unboost|p1b: Archaludon|atk|1
|switch|p1a: Pelipper|Pelipper, L50, F|67/100
|-weather|RainDance|[from] ability: Drizzle|[of] p1a: Pelipper
|move|p1b: Archaludon|Electro Shot||[still]
|-prepare|p1b: Archaludon|Electro Shot
|-boost|p1b: Archaludon|spa|1
|-anim|p1b: Archaludon|Electro Shot|p2b: Incineroar
|-damage|p2b: Incineroar|29/100
|move|p2a: Farigiraf|Psychic|p1a: Pelipper
|-damage|p1a: Pelipper|49/100
|-enditem|p1a: Pelipper|Sitrus Berry|[eat]
|-heal|p1a: Pelipper|74/100|[from] item: Sitrus Berry
|
|-weather|RainDance|[upkeep]
|-heal|p1b: Archaludon|100/100|[from] item: Leftovers
|upkeep
|turn|8
|inactive|battle sim trainer has 30 seconds left.
|inactive|SmolivStayStrong<3 has 30 seconds left.
|
|t:|1783623619
|switch|p2a: Charizard|Charizard-Mega-Y, L50, F|100/100
|-weather|SunnyDay|[from] ability: Drought|[of] p2a: Charizard
|move|p1b: Archaludon|Dragon Pulse|p2b: Incineroar
|-damage|p2b: Incineroar|0 fnt
|faint|p2b: Incineroar
|move|p1a: Pelipper|Tailwind|p1a: Pelipper
|-sidestart|p1: battle sim trainer|move: Tailwind
|
|-weather|SunnyDay|[upkeep]
|-sideend|p1: battle sim trainer|move: Light Screen
|upkeep
|
|t:|1783623625
|switch|p2b: Farigiraf|Farigiraf, L50, M, shiny|67/100
|turn|9
|
|t:|1783623633
|switch|p1a: Grimmsnarl|Grimmsnarl, L50, M|50/100y
|move|p1b: Archaludon|Protect|p1b: Archaludon
|-singleturn|p1b: Archaludon|Protect
|move|p2a: Charizard|Heat Wave|p1b: Archaludon|[spread] p1a
|-activate|p1b: Archaludon|move: Protect
|-damage|p1a: Grimmsnarl|1/100
|move|p2b: Farigiraf|Trick Room|p2b: Farigiraf
|-fieldstart|move: Trick Room|[of] p2b: Farigiraf
|
|-weather|SunnyDay|[upkeep]
|-sideend|p1: battle sim trainer|Reflect
|upkeep
|turn|10
|-message|SmolivStayStrong<3 forfeited.
|
|win|battle sim trainer
|raw|battle sim trainer's rating: 1126 → 1142(+16 for winning)
|raw|SmolivStayStrong<3's rating: 1000 → 1000(+0 for losing)
|l|☆SmolivStayStrong<3
|player|p2|
