|j|☆fuggdafogg
|j|☆dysincanto
|html|fuggdafoggdysincanto    
|uhtml|bestof|Game 2 of a best-of-3
|t:|1756732927
|gametype|doubles
|player|p1|fuggdafogg|gordie|1160
|player|p2|dysincanto|marshal|1173
|gen|9
|tier|[Gen 9] VGC 2025 Reg H (Bo3)
|rated|
|rule|Species Clause: Limit one of each Pokémon
|rule|Item Clause: Limit 1 of each item
|clearpoke
|poke|p1|Kingambit, L50, F|
|poke|p1|Sneasler, L50, M|
|poke|p1|Basculegion, L50, M|
|poke|p1|Rillaboom, L50, F|
|poke|p1|Volcarona, L50, F|
|poke|p1|Electabuzz, L50, M|
|poke|p2|Ursaluna, L50, M|
|poke|p2|Porygon2, L50|
|poke|p2|Gholdengo, L50|
|poke|p2|Incineroar, L50, M|
|poke|p2|Amoonguss, L50, M|
|poke|p2|Hydreigon, L50, M|
|teampreview|4
|showteam|p1|Kingambit||SafetyGoggles|Defiant|Protect,KowtowCleave,SuckerPunch,SwordsDance|||F|||50|,,,,,Dark]Sneasler||FocusSash|PoisonTouch|Protect,DireClaw,CloseCombat,FakeOut|||M|||50|,,,,,Stellar]Basculegion||ChoiceScarf|Adaptability|FlipTurn,WaveCrash,LastRespects,AquaJet|||M|||50|,,,,,Water]Rillaboom||AssaultVest|GrassySurge|WoodHammer,GrassyGlide,HighHorsepower,FakeOut|||F|||50|,,,,,Fire]Volcarona||SitrusBerry|FlameBody|HeatWave,TeraBlast,QuiverDance,Protect|||F|||50|,,,,,Fairy]Electabuzz||Eviolite|VitalSpirit|FollowMe,Protect,Thunderbolt,Taunt|||M|||50|,,,,,Ghost
|showteam|p2|Ursaluna||FlameOrb|Guts|Facade,HeadlongRush,Earthquake,Protect|||M|||50|,,,,,Ghost]Porygon2||Eviolite|Download|TeraBlast,IceBeam,TrickRoom,Recover||||||50|,,,,,Fighting]Gholdengo||MetalCoat|GoodasGold|MakeItRain,ShadowBall,NastyPlot,Protect||||||50|,,,,,Water]Incineroar||SitrusBerry|Intimidate|FlareBlitz,KnockOff,PartingShot,FakeOut|||M|||50|,,,,,Ghost]Amoonguss||RockyHelmet|Regenerator|PollenPuff,Spore,RagePowder,Protect|||M|||50|,,,,,Fairy]Hydreigon||SafetyGoggles|Levitate|DracoMeteor,Snarl,Tailwind,Protect|||M|||50|,,,,,Ghost
|inactive|Battle timer is ON: inactive players will automatically lose when time's up. (requested by fuggdafogg)
|
|t:|1756732964
|teamsize|p1|4
|teamsize|p2|4
|start
|switch|p1a: Rillaboom|Rillaboom, L50, F|100/100
|switch|p1b: Volcarona|Volcarona, L50, F|100/100
|switch|p2a: Porygon2|Porygon2, L50|100/100
|switch|p2b: Hydreigon|Hydreigon, L50, M|100/100
|-fieldstart|move: Grassy Terrain|[from] ability: Grassy Surge|[of] p1a: Rillaboom
|-ability|p2a: Porygon2|Download|boost
|-boost|p2a: Porygon2|atk|1
|turn|1
|inactive|fuggdafogg has 30 seconds left.
|inactive|fuggdafogg has 20 seconds left.
|inactive|fuggdafogg has 15 seconds left.
|inactive|dysincanto has 30 seconds left.
|
|t:|1756733007
|switch|p2a: Incineroar|Incineroar, L50, M|100/100
|-ability|p2a: Incineroar|Intimidate|boost
|-unboost|p1a: Rillaboom|atk|1
|-unboost|p1b: Volcarona|atk|1
|move|p1a: Rillaboom|Fake Out|p2a: Incineroar
|-damage|p2a: Incineroar|93/100
|move|p2b: Hydreigon|Tailwind|p2b: Hydreigon
|-sidestart|p2: dysincanto|move: Tailwind
|move|p1b: Volcarona|Quiver Dance|p1b: Volcarona
|-boost|p1b: Volcarona|spa|1
|-boost|p1b: Volcarona|spd|1
|-boost|p1b: Volcarona|spe|1
|
|-heal|p2a: Incineroar|99/100|[from] Grassy Terrain
|upkeep
|turn|2
|inactive|fuggdafogg has 30 seconds left.
|inactive|fuggdafogg has 20 seconds left.
|
|t:|1756733046
|switch|p2b: Ursaluna|Ursaluna, L50, M|100/100
|switch|p1a: Electabuzz|Electabuzz, L50, M|100/100
|move|p1b: Volcarona|Protect|p1b: Volcarona
|-singleturn|p1b: Volcarona|Protect
|move|p2a: Incineroar|Flare Blitz|p1a: Electabuzz
|-damage|p1a: Electabuzz|51/100
|-status|p1a: Electabuzz|brn
|-damage|p2a: Incineroar|85/100|[from] Recoil
|
|-heal|p2a: Incineroar|91/100|[from] Grassy Terrain
|-heal|p1a: Electabuzz|57/100 brn|[from] Grassy Terrain
|-damage|p1a: Electabuzz|51/100 brn|[from] brn
|-status|p2b: Ursaluna|brn|[from] item: Flame Orb
|upkeep
|turn|3
|
|t:|1756733072
|switch|p2a: Hydreigon|Hydreigon, L50, M|100/100
|move|p1a: Electabuzz|Follow Me|p1a: Electabuzz
|-singleturn|p1a: Electabuzz|move: Follow Me
|move|p1b: Volcarona|Heat Wave|p2b: Ursaluna|[spread] p2a,p2b
|-resisted|p2a: Hydreigon
|-damage|p2a: Hydreigon|77/100
|-damage|p2b: Ursaluna|51/100 brn
|move|p2b: Ursaluna|Facade|p1a: Electabuzz
|-damage|p1a: Electabuzz|0 fnt
|faint|p1a: Electabuzz
|
|-heal|p2b: Ursaluna|57/100 brn|[from] Grassy Terrain
|-damage|p2b: Ursaluna|51/100 brn|[from] brn
|upkeep
|
|t:|1756733088
|switch|p1a: Rillaboom|Rillaboom, L50, F|100/100
|turn|4
|inactive|fuggdafogg has 30 seconds left.
|
|t:|1756733114
|switch|p2b: Incineroar|Incineroar, L50, M|91/100
|-ability|p2b: Incineroar|Intimidate|boost
|-unboost|p1a: Rillaboom|atk|1
|-unboost|p1b: Volcarona|atk|1
|move|p1a: Rillaboom|Grassy Glide|p2b: Incineroar
|-resisted|p2b: Incineroar
|-damage|p2b: Incineroar|81/100
|move|p2a: Hydreigon|Snarl|p1b: Volcarona|[spread] p1a
|-miss|p2a: Hydreigon|p1b: Volcarona
|-damage|p1a: Rillaboom|89/100
|-unboost|p1a: Rillaboom|spa|1
|move|p1b: Volcarona|Heat Wave|p2a: Hydreigon|[spread] p2a,p2b
|-resisted|p2a: Hydreigon
|-resisted|p2b: Incineroar
|-damage|p2a: Hydreigon|54/100
|-damage|p2b: Incineroar|58/100
|-status|p2a: Hydreigon|brn
|
|-heal|p2b: Incineroar|64/100|[from] Grassy Terrain
|-heal|p1a: Rillaboom|95/100|[from] Grassy Terrain
|-damage|p2a: Hydreigon|48/100 brn|[from] brn
|-sideend|p2: dysincanto|move: Tailwind
|upkeep
|turn|5
|
|t:|1756733136
|move|p2b: Incineroar|Fake Out|p1b: Volcarona
|-damage|p1b: Volcarona|84/100
|cant|p1b: Volcarona|flinch
|move|p2a: Hydreigon|Tailwind|p2a: Hydreigon
|-sidestart|p2: dysincanto|move: Tailwind
|move|p1a: Rillaboom|High Horsepower|p2b: Incineroar
|-supereffective|p2b: Incineroar
|-damage|p2b: Incineroar|27/100
|-enditem|p2b: Incineroar|Sitrus Berry|[eat]
|-heal|p2b: Incineroar|52/100|[from] item: Sitrus Berry
|
|-heal|p1b: Volcarona|90/100|[from] Grassy Terrain
|-heal|p2b: Incineroar|58/100|[from] Grassy Terrain
|-heal|p1a: Rillaboom|100/100|[from] Grassy Terrain
|-damage|p2a: Hydreigon|43/100 brn|[from] brn
|-fieldend|move: Grassy Terrain
|upkeep
|turn|6
|inactive|fuggdafogg has 30 seconds left.
|inactive|dysincanto has 30 seconds left.
|
|t:|1756733165
|switch|p2a: Porygon2|Porygon2, L50|100/100
|-ability|p2a: Porygon2|Download|boost
|-boost|p2a: Porygon2|atk|1
|switch|p1a: Basculegion|Basculegion, L50, M|100/100
|-terastallize|p1b: Volcarona|Fairy
|move|p1b: Volcarona|Quiver Dance|p1b: Volcarona
|-boost|p1b: Volcarona|spa|1
|-boost|p1b: Volcarona|spd|1
|-boost|p1b: Volcarona|spe|1
|move|p2b: Incineroar|Flare Blitz|p1b: Volcarona
|-damage|p1b: Volcarona|19/100
|-enditem|p1b: Volcarona|Sitrus Berry|[eat]
|-heal|p1b: Volcarona|44/100|[from] item: Sitrus Berry
|-damage|p2b: Incineroar|36/100|[from] Recoil
|
|upkeep
|turn|7
|inactive|dysincanto has 30 seconds left.
|
|t:|1756733196
|move|p1b: Volcarona|Heat Wave|p2b: Incineroar|[spread] p2a,p2b
|-resisted|p2b: Incineroar
|-damage|p2a: Porygon2|58/100
|-damage|p2b: Incineroar|2/100
|move|p1a: Basculegion|Flip Turn|p2b: Incineroar
|-supereffective|p2b: Incineroar
|-damage|p2b: Incineroar|0 fnt
|faint|p2b: Incineroar
|
|t:|1756733200
|switch|p1a: Rillaboom|Rillaboom, L50, F|100/100|[from] Flip Turn
|-fieldstart|move: Grassy Terrain|[from] ability: Grassy Surge|[of] p1a: Rillaboom
|move|p2a: Porygon2|Recover|p2a: Porygon2
|-heal|p2a: Porygon2|100/100
|
|-heal|p1b: Volcarona|50/100|[from] Grassy Terrain
|upkeep
|
|t:|1756733205
|switch|p2b: Hydreigon|Hydreigon, L50, M|43/100 brn
|turn|8
|
|t:|1756733217
|move|p1a: Rillaboom|Fake Out|p2a: Porygon2
|-damage|p2a: Porygon2|93/100
|move|p2b: Hydreigon|Snarl|p1b: Volcarona|[spread] p1b
|-miss|p2b: Hydreigon|p1a: Rillaboom
|-resisted|p1b: Volcarona
|-damage|p1b: Volcarona|46/100
|-unboost|p1b: Volcarona|spa|1
|move|p1b: Volcarona|Tera Blast|p2b: Hydreigon|[anim] Tera Blast Fairy
|-supereffective|p2b: Hydreigon
|-damage|p2b: Hydreigon|0 fnt
|faint|p2b: Hydreigon
|cant|p2a: Porygon2|flinch
|
|-heal|p1b: Volcarona|52/100|[from] Grassy Terrain
|-heal|p2a: Porygon2|99/100|[from] Grassy Terrain
|-sideend|p2: dysincanto|move: Tailwind
|upkeep
|
|t:|1756733226
|switch|p2b: Ursaluna|Ursaluna, L50, M|51/100 brn
|turn|9
|
|t:|1756733239
|-terastallize|p2b: Ursaluna|Ghost
|move|p1b: Volcarona|Heat Wave|p2a: Porygon2|[spread] p2a,p2b
|-damage|p2a: Porygon2|66/100
|-damage|p2b: Ursaluna|2/100 brn
|-status|p2a: Porygon2|brn
|move|p1a: Rillaboom|Wood Hammer|p2b: Ursaluna
|-damage|p2b: Ursaluna|0 fnt
|faint|p2b: Ursaluna
|-damage|p1a: Rillaboom|99/100|[from] Recoil
|move|p2a: Porygon2|Trick Room|p2a: Porygon2
|-fieldstart|move: Trick Room|[of] p2a: Porygon2
|
|-heal|p2a: Porygon2|72/100 brn|[from] Grassy Terrain
|-heal|p1a: Rillaboom|100/100|[from] Grassy Terrain
|-heal|p1b: Volcarona|58/100|[from] Grassy Terrain
|-damage|p2a: Porygon2|66/100 brn|[from] brn
|upkeep
|turn|10
|-message|dysincanto forfeited.
|
|win|fuggdafogg
|raw|fuggdafogg's rating: 1160 → 1186(+26 for winning)
|raw|dysincanto's rating: 1173 → 1147(-26 for losing)
|l|☆dysincanto
|player|p2|
|c|☆fuggdafogg|gg
