|j|☆Extroier
|j|☆DkayMM
|html|ExtroierDkayMM    
|uhtml|bestof|Game 2 of a best-of-3
|t:|1757023215
|gametype|doubles
|player|p1|Extroier|265|1050
|player|p2|DkayMM|ghetsis|1071
|gen|9
|tier|[Gen 9] VGC 2025 Reg H (Bo3)
|rated|
|rule|Species Clause: Limit one of each Pokémon
|rule|Item Clause: Limit 1 of each item
|clearpoke
|poke|p1|Tinkaton, L50, F|
|poke|p1|Sneasler, L50, M|
|poke|p1|Clefairy, L50, M|
|poke|p1|Grimmsnarl, L50, M|
|poke|p1|Volcarona, L50, M|
|poke|p1|Rillaboom, L50, M|
|poke|p2|Charizard, L50, M|
|poke|p2|Torkoal, L50, M|
|poke|p2|Porygon2, L50|
|poke|p2|Incineroar, L50, M|
|poke|p2|Jumpluff, L50, M|
|poke|p2|Ursaluna, L50, M|
|teampreview|4
|showteam|p1|Tinkaton||Leftovers|OwnTempo|SwordsDance,GigatonHammer,Protect,FakeOut|||F|||50|,,,,,Dragon]Sneasler||FocusSash|PoisonTouch|CloseCombat,DireClaw,Protect,FakeOut|||M|||50|,,,,,Ghost]Clefairy||Eviolite|FriendGuard|Encore,Protect,FollowMe,LifeDew|||M|||50|,,,,,Grass]Grimmsnarl||CovertCloak|Prankster|Protect,Crunch,Taunt,LightScreen|||M|||50|,,,,,Steel]Volcarona||LifeOrb|FlameBody|FieryDance,BugBuzz,QuiverDance,Protect|||M|||50|,,,,,Bug]Rillaboom||AssaultVest|GrassySurge|GrassyGlide,Uturn,FakeOut,WoodHammer|||M|||50|,,,,,Fire
|showteam|p2|Charizard||ChoiceSpecs|SolarPower|HeatWave,Overheat,WeatherBall,AirSlash|||M|||50|,,,,,Ghost]Torkoal||EjectPack|Drought|Eruption,Overheat,HelpingHand,Protect|||M|||50|,,,,,Fire]Porygon2||Eviolite|Download|TeraBlast,IceBeam,Recover,TrickRoom||||||50|,,,,,Fighting]Incineroar||SitrusBerry|Intimidate|FlareBlitz,KnockOff,FakeOut,PartingShot|||M|||50|,,,,,Ghost]Jumpluff||CovertCloak|Chlorophyll|SleepPowder,SunnyDay,RagePowder,Tailwind|||M|||50|,,,,,Water]Ursaluna||FlameOrb|Guts|HeadlongRush,Facade,Earthquake,Protect|||M|||50|,,,,,Ghost
|inactive|Battle timer is ON: inactive players will automatically lose when time's up. (requested by DkayMM)
|
|t:|1757023234
|teamsize|p1|4
|teamsize|p2|4
|start
|switch|p1a: Volcarona|Volcarona, L50, M|100/100
|switch|p1b: Grimmsnarl|Grimmsnarl, L50, M|100/100
|switch|p2a: Charizard|Charizard, L50, M|100/100
|switch|p2b: Porygon2|Porygon2, L50|100/100
|-ability|p2b: Porygon2|Download|boost
|-boost|p2b: Porygon2|atk|1
|turn|1
|inactive|DkayMM has 30 seconds left.
|inactive|DkayMM has 20 seconds left.
|inactive|DkayMM has 15 seconds left.
|
|t:|1757023278
|move|p1b: Grimmsnarl|Light Screen|p1b: Grimmsnarl
|-sidestart|p1: Extroier|move: Light Screen
|move|p2a: Charizard|Air Slash|p1a: Volcarona
|-supereffective|p1a: Volcarona
|-damage|p1a: Volcarona|39/100
|move|p1a: Volcarona|Quiver Dance|p1a: Volcarona
|-boost|p1a: Volcarona|spa|1
|-boost|p1a: Volcarona|spd|1
|-boost|p1a: Volcarona|spe|1
|move|p2b: Porygon2|Ice Beam|p1a: Volcarona
|-resisted|p1a: Volcarona
|-damage|p1a: Volcarona|34/100
|
|upkeep
|turn|2
|inactive|Extroier has 30 seconds left.
|inactive|Extroier has 20 seconds left.
|inactive|Extroier has 15 seconds left.
|
|t:|1757023318
|move|p1b: Grimmsnarl|Taunt|p2b: Porygon2
|-start|p2b: Porygon2|move: Taunt
|move|p1a: Volcarona|Fiery Dance|p2a: Charizard
|-resisted|p2a: Charizard
|-damage|p2a: Charizard|39/100
|-damage|p1a: Volcarona|24/100|[from] item: Life Orb
|move|p2a: Charizard|Air Slash|p1a: Volcarona
|-supereffective|p1a: Volcarona
|-damage|p1a: Volcarona|0 fnt
|faint|p1a: Volcarona
|cant|p2b: Porygon2|move: Taunt|Trick Room
|
|upkeep
|
|t:|1757023340
|switch|p1a: Tinkaton|Tinkaton, L50, F|100/100
|turn|3
|inactive|DkayMM has 30 seconds left.
|inactive|DkayMM has 20 seconds left.
|inactive|DkayMM has 15 seconds left.
|inactive|DkayMM has 10 seconds left.
|inactive|DkayMM has 5 seconds left.
|
|t:|1757023393
|switch|p1b: Rillaboom|Rillaboom, L50, M|100/100
|-fieldstart|move: Grassy Terrain|[from] ability: Grassy Surge|[of] p1b: Rillaboom
|move|p2a: Charizard|Air Slash|p1b: Rillaboom
|-supereffective|p1b: Rillaboom
|-damage|p1b: Rillaboom|41/100
|move|p1a: Tinkaton|Swords Dance|p1a: Tinkaton
|-boost|p1a: Tinkaton|atk|2
|move|p2b: Porygon2|Tera Blast|p1b: Rillaboom
|-damage|p1b: Rillaboom|18/100
|
|-heal|p1b: Rillaboom|24/100|[from] Grassy Terrain
|upkeep
|turn|4
|inactive|DkayMM has 30 seconds left.
|inactive|DkayMM has 20 seconds left.
|
|t:|1757023432
|move|p1b: Rillaboom|Fake Out|p2a: Charizard
|-damage|p2a: Charizard|19/100
|cant|p2a: Charizard|flinch
|move|p1a: Tinkaton|Gigaton Hammer|p2b: Porygon2
|-damage|p2b: Porygon2|13/100
|move|p2b: Porygon2|Ice Beam|p1b: Rillaboom
|-supereffective|p1b: Rillaboom
|-damage|p1b: Rillaboom|0 fnt
|faint|p1b: Rillaboom
|
|-heal|p2b: Porygon2|19/100|[from] Grassy Terrain
|-end|p2b: Porygon2|move: Taunt
|upkeep
|
|t:|1757023448
|switch|p1b: Grimmsnarl|Grimmsnarl, L50, M|100/100
|turn|5
|inactive|DkayMM has 30 seconds left.
|inactive|DkayMM has 20 seconds left.
|
|t:|1757023486
|switch|p2a: Torkoal|Torkoal, L50, M|100/100
|-weather|SunnyDay|[from] ability: Drought|[of] p2a: Torkoal
|move|p1a: Tinkaton|Swords Dance|p1a: Tinkaton
|-boost|p1a: Tinkaton|atk|2
|move|p1b: Grimmsnarl|Crunch|p2b: Porygon2
|-damage|p2b: Porygon2|0 fnt
|faint|p2b: Porygon2
|
|-weather|SunnyDay|[upkeep]
|-sideend|p1: Extroier|move: Light Screen
|upkeep
|
|t:|1757023497
|switch|p2b: Charizard|Charizard, L50, M|19/100
|turn|6
|
|t:|1757023518
|-terastallize|p1a: Tinkaton|Dragon
|-terastallize|p2a: Torkoal|Fire
|move|p1b: Grimmsnarl|Light Screen|p1b: Grimmsnarl
|-sidestart|p1: Extroier|move: Light Screen
|move|p2b: Charizard|Weather Ball|p1a: Tinkaton
|-resisted|p1a: Tinkaton
|-damage|p1a: Tinkaton|52/100
|move|p1a: Tinkaton|Gigaton Hammer|p2a: Torkoal
|-resisted|p2a: Torkoal
|-damage|p2a: Torkoal|28/100
|move|p2a: Torkoal|Eruption|p1a: Tinkaton|[spread] p1a,p1b
|-resisted|p1a: Tinkaton
|-damage|p1a: Tinkaton|44/100
|-damage|p1b: Grimmsnarl|87/100
|
|-weather|SunnyDay|[upkeep]
|-damage|p2b: Charizard|6/100|[from] ability: Solar Power|[of] p2b: Charizard
|-heal|p1a: Tinkaton|50/100|[from] Grassy Terrain
|-heal|p1a: Tinkaton|56/100|[from] item: Leftovers
|-heal|p1b: Grimmsnarl|93/100|[from] Grassy Terrain
|-heal|p2a: Torkoal|34/100|[from] Grassy Terrain
|upkeep
|turn|7
|inactive|Extroier has 30 seconds left.
|inactive|DkayMM has 30 seconds left.
|inactive|DkayMM has 20 seconds left.
|inactive|DkayMM has 15 seconds left.
|inactive|DkayMM has 10 seconds left.
|inactive|DkayMM has 5 seconds left.
|
|t:|1757023573
|move|p1b: Grimmsnarl|Protect|p1b: Grimmsnarl
|-singleturn|p1b: Grimmsnarl|Protect
|move|p1a: Tinkaton|Protect|p1a: Tinkaton
|-singleturn|p1a: Tinkaton|Protect
|move|p2b: Charizard|Weather Ball|p1a: Tinkaton
|-activate|p1a: Tinkaton|move: Protect
|move|p2a: Torkoal|Eruption|p1b: Grimmsnarl|[spread] 
|-activate|p1a: Tinkaton|move: Protect
|-activate|p1b: Grimmsnarl|move: Protect
|
|-weather|SunnyDay|[upkeep]
|-damage|p2b: Charizard|0 fnt|[from] ability: Solar Power|[of] p2b: Charizard
|faint|p2b: Charizard
|-heal|p1a: Tinkaton|62/100|[from] Grassy Terrain
|-heal|p1a: Tinkaton|68/100|[from] item: Leftovers
|-heal|p1b: Grimmsnarl|99/100|[from] Grassy Terrain
|-heal|p2a: Torkoal|41/100|[from] Grassy Terrain
|-fieldend|move: Grassy Terrain
|upkeep
|
|t:|1757023579
|switch|p2b: Ursaluna|Ursaluna, L50, M|100/100
|turn|8
|
|t:|1757023594
|move|p2a: Torkoal|Helping Hand|p2b: Ursaluna
|-singleturn|p2b: Ursaluna|Helping Hand|[of] p2a: Torkoal
|move|p1a: Tinkaton|Gigaton Hammer|p2b: Ursaluna
|-damage|p2b: Ursaluna|0 fnt
|faint|p2b: Ursaluna
|move|p1b: Grimmsnarl|Crunch|p2a: Torkoal
|-damage|p2a: Torkoal|17/100
|
|-weather|SunnyDay|[upkeep]
|-heal|p1a: Tinkaton|74/100|[from] item: Leftovers
|upkeep
|turn|9
|-message|DkayMM forfeited.
|
|win|Extroier
