|j|☆GhostEcto
|j|☆Zachary Keith
|html|GhostEctoZachary Keith    
|uhtml|bestof|Game 2 of a best-of-3
|t:|1757806787
|gametype|doubles
|player|p1|GhostEcto|2|1203
|player|p2|Zachary Keith|101|1131
|gen|9
|tier|[Gen 9] VGC 2025 Reg H (Bo3)
|rated|
|rule|Species Clause: Limit one of each Pokémon
|rule|Item Clause: Limit 1 of each item
|clearpoke
|poke|p1|Indeedee-F, L50, F|
|poke|p1|Gallade, L50, M|
|poke|p1|Torkoal, L50, M|
|poke|p1|Ursaluna, L50, F|
|poke|p1|Hatterene, L50, F|
|poke|p1|Lilligant-Hisui, L50, F|
|poke|p2|Baxcalibur, L50, M|
|poke|p2|Kingambit, L50, F|
|poke|p2|Dondozo, L50, F|
|poke|p2|Rillaboom, L50, M|
|poke|p2|Magmar, L50, F|
|poke|p2|Sneasler, L50, M|
|teampreview|4
|showteam|p1|Indeedee-F||PsychicSeed|PsychicSurge|FollowMe,TrickRoom,HelpingHand,DazzlingGleam|||F|||50|,,,,,Fairy]Gallade||ClearAmulet|Sharpness|SacredSword,PsychoCut,TrickRoom,WideGuard|||M|||50|,,,,,Grass]Torkoal||ChoiceSpecs|Drought|EarthPower,WeatherBall,Eruption,HeatWave|||M|||50|,,,,,Fire]Ursaluna||FlameOrb|Guts|Protect,SwordsDance,HeadlongRush,Facade|||F|||50|,,,,,Ghost]Hatterene||LifeOrb|MagicBounce|TrickRoom,ExpandingForce,DazzlingGleam,Protect|||F|||50|,,,,,Psychic]Lilligant-Hisui||FocusSash|Chlorophyll|AfterYou,SleepPowder,CloseCombat,SolarBlade|||F|||50|,,,,,Ghost
|showteam|p2|Baxcalibur||LoadedDice|ThermalExchange|IcicleSpear,IceShard,ScaleShot,Protect|||M|||50|,,,,,Ghost]Kingambit||BlackGlasses|Defiant|SuckerPunch,KowtowCleave,SwordsDance,Protect|||F|||50|,,,,,Dark]Dondozo||Leftovers|Unaware|WaveCrash,Fissure,Yawn,Protect|||F|||50|,,,,,Grass]Rillaboom||AssaultVest|GrassySurge|FakeOut,GrassyGlide,WoodHammer,Uturn|||M|||50|,,,,,Fire]Magmar||Eviolite|VitalSpirit|Overheat,WillOWisp,FollowMe,Protect|||F|||50|,,,,,Fairy]Sneasler||FocusSash|PoisonTouch|DireClaw,CloseCombat,Coaching,Protect|||M|||50|,,,,,Stellar
|
|t:|1757806806
|teamsize|p1|4
|teamsize|p2|4
|start
|switch|p1a: Indeedee|Indeedee-F, L50, F|100/100
|switch|p1b: Gallade|Gallade, L50, M|100/100
|switch|p2a: Donbozo|Dondozo, L50, F, shiny|100/100
|switch|p2b: Metal T-Rex|Baxcalibur, L50, M|100/100
|-fieldstart|move: Psychic Terrain|[from] ability: Psychic Surge|[of] p1a: Indeedee
|-enditem|p1a: Indeedee|Psychic Seed
|-boost|p1a: Indeedee|spd|1|[from] item: Psychic Seed
|turn|1
|
|t:|1757806826
|move|p2b: Metal T-Rex|Icicle Spear|p1b: Gallade
|-damage|p1b: Gallade|80/100
|-damage|p1b: Gallade|58/100
|-damage|p1b: Gallade|38/100
|-damage|p1b: Gallade|18/100
|-damage|p1b: Gallade|0 fnt
|faint|p1b: Gallade
|-hitcount|p1: Gallade|5
|move|p2a: Donbozo|Yawn|p1a: Indeedee
|-start|p1a: Indeedee|move: Yawn|[of] p2a: Donbozo
|move|p1a: Indeedee|Trick Room|p1a: Indeedee
|-fieldstart|move: Trick Room|[of] p1a: Indeedee
|
|upkeep
|
|t:|1757806840
|switch|p1b: Hatterene|Hatterene, L50, F|100/100
|turn|2
|
|t:|1757806853
|switch|p2a: Forest Dude|Rillaboom, L50, M, shiny|100/100
|-fieldstart|move: Grassy Terrain|[from] ability: Grassy Surge|[of] p2a: Forest Dude
|switch|p1a: Torkoal|Torkoal, L50, M|100/100
|-weather|SunnyDay|[from] ability: Drought|[of] p1a: Torkoal
|-terastallize|p1b: Hatterene|Psychic
|move|p1b: Hatterene|Expanding Force|p2a: Forest Dude
|-damage|p2a: Forest Dude|46/100
|-damage|p1b: Hatterene|91/100|[from] item: Life Orb
|move|p2b: Metal T-Rex|Icicle Spear|p1b: Hatterene
|-damage|p1b: Hatterene|73/100
|-damage|p1b: Hatterene|56/100
|-damage|p1b: Hatterene|39/100
|-damage|p1b: Hatterene|22/100
|-damage|p1b: Hatterene|4/100
|-hitcount|p1b: Hatterene|5
|
|-weather|SunnyDay|[upkeep]
|-heal|p1b: Hatterene|10/100|[from] Grassy Terrain
|-heal|p2a: Forest Dude|52/100|[from] Grassy Terrain
|upkeep
|turn|3
|
|t:|1757806876
|switch|p1b: Indeedee|Indeedee-F, L50, F|100/100
|-fieldstart|move: Psychic Terrain|[from] ability: Psychic Surge|[of] p1b: Indeedee
|switch|p2a: Fire Chicken|Magmar, L50, F, shiny|100/100
|move|p2b: Metal T-Rex|Protect|p2b: Metal T-Rex
|-singleturn|p2b: Metal T-Rex|Protect
|move|p1a: Torkoal|Eruption|p2a: Fire Chicken|[spread] p2a
|-activate|p2b: Metal T-Rex|move: Protect
|-resisted|p2a: Fire Chicken
|-damage|p2a: Fire Chicken|55/100
|
|-weather|SunnyDay|[upkeep]
|upkeep
|turn|4
|
|t:|1757806893
|move|p1b: Indeedee|Helping Hand|p1a: Torkoal
|-singleturn|p1a: Torkoal|Helping Hand|[of] p1b: Indeedee
|move|p1a: Torkoal|Eruption|p2b: Metal T-Rex|[spread] p2a,p2b
|-resisted|p2a: Fire Chicken
|-damage|p2a: Fire Chicken|0 fnt
|-damage|p2b: Metal T-Rex|0 fnt
|faint|p2a: Fire Chicken
|faint|p2b: Metal T-Rex
|
|-weather|SunnyDay|[upkeep]
|upkeep
|
|t:|1757806903
|switch|p2a: Donbozo|Dondozo, L50, F, shiny|100/100
|switch|p2b: Forest Dude|Rillaboom, L50, M, shiny|52/100
|-fieldstart|move: Grassy Terrain|[from] ability: Grassy Surge|[of] p2b: Forest Dude
|turn|5
|
|t:|1757806919
|switch|p1a: Hatterene|Hatterene, L50, F, tera:Psychic|10/100
|move|p2b: Forest Dude|Fake Out|p1a: Hatterene
|-damage|p1a: Hatterene|0 fnt
|faint|p1a: Hatterene
|move|p2a: Donbozo|Wave Crash|p1b: Indeedee
|-damage|p1b: Indeedee|78/100
|-damage|p2a: Donbozo|95/100|[from] Recoil
|move|p1b: Indeedee|Dazzling Gleam|p2b: Forest Dude|[spread] p2a,p2b
|-damage|p2a: Donbozo|85/100
|-damage|p2b: Forest Dude|43/100
|
|-weather|SunnyDay|[upkeep]
|-heal|p2a: Donbozo|92/100|[from] Grassy Terrain
|-heal|p2a: Donbozo|98/100|[from] item: Leftovers
|-heal|p1b: Indeedee|84/100|[from] Grassy Terrain
|-heal|p2b: Forest Dude|49/100|[from] Grassy Terrain
|-fieldend|move: Trick Room
|upkeep
|
|t:|1757806928
|switch|p1a: Torkoal|Torkoal, L50, M|100/100
|turn|6
|
|t:|1757806967
|-terastallize|p2b: Forest Dude|Fire
|move|p1b: Indeedee|Follow Me|p1b: Indeedee
|-singleturn|p1b: Indeedee|move: Follow Me
|move|p2b: Forest Dude|Wood Hammer|p1b: Indeedee
|-damage|p1b: Indeedee|13/100
|-damage|p2b: Forest Dude|29/100|[from] Recoil
|move|p2a: Donbozo|Wave Crash|p1b: Indeedee
|-damage|p1b: Indeedee|0 fnt
|faint|p1b: Indeedee
|-damage|p2a: Donbozo|95/100|[from] Recoil
|move|p1a: Torkoal|Heat Wave|p2a: Donbozo|[spread] p2b
|-miss|p1a: Torkoal|p2a: Donbozo
|-resisted|p2b: Forest Dude
|-crit|p2b: Forest Dude
|-damage|p2b: Forest Dude|0 fnt
|faint|p2b: Forest Dude
|
|-weather|none
|-heal|p2a: Donbozo|100/100|[from] Grassy Terrain
|upkeep
|turn|7
|
|t:|1757806987
|move|p2a: Donbozo|Yawn|p1a: Torkoal
|-start|p1a: Torkoal|move: Yawn|[of] p2a: Donbozo
|move|p1a: Torkoal|Heat Wave|p2a: Donbozo
|-resisted|p2a: Donbozo
|-damage|p2a: Donbozo|76/100
|
|-heal|p2a: Donbozo|82/100|[from] Grassy Terrain
|-heal|p2a: Donbozo|88/100|[from] item: Leftovers
|upkeep
|turn|8
|
|t:|1757806994
|move|p2a: Donbozo|Fissure|p1a: Torkoal|[miss]
|-miss|p2a: Donbozo|p1a: Torkoal
|move|p1a: Torkoal|Heat Wave|p2a: Donbozo
|-resisted|p2a: Donbozo
|-damage|p2a: Donbozo|66/100
|
|-heal|p2a: Donbozo|72/100|[from] Grassy Terrain
|-heal|p2a: Donbozo|78/100|[from] item: Leftovers
|-end|p1a: Torkoal|move: Yawn|[silent]
|-status|p1a: Torkoal|slp
|upkeep
|turn|9
|
|t:|1757806997
|move|p2a: Donbozo|Fissure|p1a: Torkoal
|-damage|p1a: Torkoal|0 fnt
|faint|p1a: Torkoal
|-ohko
|
|win|Zachary Keith
