|j|☆T8mcrae
|j|☆northfacefan
|html|T8mcraenorthfacefan    
|uhtml|bestof|Game 1 of a best-of-3
|t:|1756924146
|gametype|doubles
|player|p1|T8mcrae|265|1198
|player|p2|northfacefan|lance|1231
|gen|9
|tier|[Gen 9] VGC 2025 Reg H (Bo3)
|rated|
|rule|Species Clause: Limit one of each Pokémon
|rule|Item Clause: Limit 1 of each item
|clearpoke
|poke|p1|Annihilape, L50, M|
|poke|p1|Primarina, L50, F|
|poke|p1|Gholdengo, L50|
|poke|p1|Maushold, L50|
|poke|p1|Vivillon-Ocean, L50, F|
|poke|p1|Rillaboom, L50, M|
|poke|p2|Kingambit, L50, M|
|poke|p2|Electabuzz, L50, M|
|poke|p2|Sneasler, L50, M|
|poke|p2|Ursaluna-Bloodmoon, L50, M|
|poke|p2|Dragonite, L50, F|
|poke|p2|Rillaboom, L50, M|
|teampreview|4
|showteam|p1|Annihilape||SafetyGoggles|Defiant|RageFist,DrainPunch,BulkUp,Protect|||M|||50|,,,,,Fire]Primarina||SitrusBerry|LiquidVoice|HyperVoice,Moonblast,Haze,Protect|||F|||50|,,,,,Water]Gholdengo||LifeOrb|GoodasGold|MakeItRain,ShadowBall,NastyPlot,Protect||||||50|,,,,,Dragon]Maushold||WideLens|FriendGuard|PopulationBomb,FollowMe,BeatUp,Protect||||||50|,,,,,Grass]Vivillon-Ocean||FocusSash|CompoundEyes|Hurricane,SleepPowder,Tailwind,Protect|||F|||50|,,,,,Ghost]Rillaboom||AssaultVest|GrassySurge|FakeOut,GrassyGlide,DrumBeating,HighHorsepower|||M|||50|,,,,,Fire
|showteam|p2|Kingambit||DreadPlate|Defiant|KowtowCleave,SuckerPunch,SwordsDance,Protect|||M|||50|,,,,,Dark]Electabuzz||Eviolite|VitalSpirit|Electroweb,FollowMe,Taunt,Protect|||M|||50|,,,,,Fairy]Sneasler||FocusSash|Unburden|CloseCombat,DireClaw,FakeOut,Protect|||M|||50|,,,,,Stellar]Ursaluna-Bloodmoon||LifeOrb|MindsEye|BloodMoon,HyperVoice,EarthPower,Protect|||M|||50|,,,,,Ghost]Dragonite||LoadedDice|Multiscale|ScaleShot,Haze,Protect,Tailwind|||F|||50|,,,,,Fairy]Rillaboom||AssaultVest|GrassySurge|FakeOut,GrassyGlide,WoodHammer,HighHorsepower|||M|||50|,,,,,Fire
|inactive|Battle timer is ON: inactive players will automatically lose when time's up. (requested by northfacefan)
|inactive|T8mcrae has 60 seconds left.
|inactive|northfacefan has 60 seconds left.
|
|t:|1756924186
|teamsize|p1|4
|teamsize|p2|4
|start
|switch|p1a: Maushold|Maushold, L50, shiny|100/100
|switch|p1b: Annihilape|Annihilape, L50, M, shiny|100/100
|switch|p2a: Electabuzz|Electabuzz, L50, M, shiny|100/100
|switch|p2b: Dragonite|Dragonite, L50, F, shiny|100/100
|turn|1
|
|t:|1756924201
|switch|p1a: Primarina|Primarina, L50, F|100/100
|move|p2a: Electabuzz|Follow Me|p2a: Electabuzz
|-singleturn|p2a: Electabuzz|move: Follow Me
|move|p1b: Annihilape|Bulk Up|p1b: Annihilape
|-boost|p1b: Annihilape|atk|1
|-boost|p1b: Annihilape|def|1
|move|p2b: Dragonite|Scale Shot|p1a: Primarina
|-immune|p1a: Primarina
|
|upkeep
|turn|2
|inactive|T8mcrae has 30 seconds left.
|inactive|northfacefan has 30 seconds left.
|
|t:|1756924231
|-terastallize|p2b: Dragonite|Fairy
|move|p2a: Electabuzz|Follow Me|p2a: Electabuzz
|-singleturn|p2a: Electabuzz|move: Follow Me
|move|p1b: Annihilape|Drain Punch|p2a: Electabuzz
|-damage|p2a: Electabuzz|67/100
|move|p2b: Dragonite|Haze|p2b: Dragonite
|-clearallboost
|move|p1a: Primarina|Hyper Voice|p2b: Dragonite|[spread] p2a,p2b
|-damage|p2a: Electabuzz|45/100
|-damage|p2b: Dragonite|83/100
|
|upkeep
|turn|3
|inactive|T8mcrae has 30 seconds left.
|inactive|northfacefan has 30 seconds left.
|inactive|T8mcrae has 20 seconds left.
|inactive|T8mcrae has 15 seconds left.
|inactive|T8mcrae has 10 seconds left.
|
|t:|1756924277
|move|p1b: Annihilape|Protect|p1b: Annihilape
|-singleturn|p1b: Annihilape|Protect
|move|p2a: Electabuzz|Follow Me|p2a: Electabuzz
|-singleturn|p2a: Electabuzz|move: Follow Me
|move|p2b: Dragonite|Scale Shot|p1b: Annihilape
|-activate|p1b: Annihilape|move: Protect
|move|p1a: Primarina|Hyper Voice|p2a: Electabuzz|[spread] p2a,p2b
|-damage|p2a: Electabuzz|24/100
|-damage|p2b: Dragonite|51/100
|
|upkeep
|turn|4
|
|t:|1756924296
|move|p1b: Annihilape|Bulk Up|p1b: Annihilape
|-boost|p1b: Annihilape|atk|1
|-boost|p1b: Annihilape|def|1
|move|p2b: Dragonite|Scale Shot|p1b: Annihilape
|-damage|p1b: Annihilape|90/100
|-damage|p1b: Annihilape|80/100
|-damage|p1b: Annihilape|69/100
|-damage|p1b: Annihilape|59/100
|-damage|p1b: Annihilape|48/100
|-hitcount|p1b: Annihilape|5
|-unboost|p2b: Dragonite|def|1
|-boost|p2b: Dragonite|spe|1
|move|p2a: Electabuzz|Taunt|p1b: Annihilape
|-start|p1b: Annihilape|move: Taunt
|move|p1a: Primarina|Moonblast|p2a: Electabuzz
|-crit|p2a: Electabuzz
|-damage|p2a: Electabuzz|0 fnt
|faint|p2a: Electabuzz
|
|upkeep
|
|t:|1756924314
|switch|p2a: Sneasler|Sneasler, L50, M, shiny|100/100
|turn|5
|
|t:|1756924332
|switch|p1b: Maushold|Maushold, L50, shiny|100/100
|-terastallize|p1a: Primarina|Water
|move|p2a: Sneasler|Fake Out|p1a: Primarina
|-damage|p1a: Primarina|90/100
|move|p2b: Dragonite|Scale Shot|p1b: Maushold
|-damage|p1b: Maushold|76/100
|-damage|p1b: Maushold|52/100
|-crit|p1b: Maushold
|-damage|p1b: Maushold|17/100
|-damage|p1b: Maushold|0 fnt
|faint|p1b: Maushold
|-hitcount|p1: Maushold|4
|-unboost|p2b: Dragonite|def|1
|-boost|p2b: Dragonite|spe|1
|cant|p1a: Primarina|flinch
|
|upkeep
|
|t:|1756924342
|switch|p1b: Vivillon|Vivillon-Ocean, L50, F|100/100
|turn|6
|
|t:|1756924359
|move|p1b: Vivillon|Protect|p1b: Vivillon
|-singleturn|p1b: Vivillon|Protect
|move|p2b: Dragonite|Scale Shot|p1b: Vivillon
|-activate|p1b: Vivillon|move: Protect
|move|p2a: Sneasler|Dire Claw|p1b: Vivillon
|-activate|p1b: Vivillon|move: Protect
|move|p1a: Primarina|Haze|p1a: Primarina
|-clearallboost
|
|upkeep
|turn|7
|
|t:|1756924379
|move|p2a: Sneasler|Dire Claw|p1b: Vivillon
|-damage|p1b: Vivillon|24/100
|move|p1b: Vivillon|Tailwind|p1b: Vivillon
|-sidestart|p1: T8mcrae|move: Tailwind
|move|p1a: Primarina|Hyper Voice|p2b: Dragonite|[spread] p2a,p2b
|-damage|p2a: Sneasler|45/100
|-damage|p2b: Dragonite|0 fnt
|faint|p2b: Dragonite
|
|upkeep
|
|t:|1756924389
|switch|p2b: Kingambit|Kingambit, L50, M, shiny|100/100
|turn|8
|
|t:|1756924414
|move|p1b: Vivillon|Sleep Powder|p2a: Sneasler
|-status|p2a: Sneasler|slp|[from] move: Sleep Powder
|cant|p2a: Sneasler|slp
|move|p1a: Primarina|Hyper Voice|p2b: Kingambit|[spread] p2a,p2b
|-damage|p2a: Sneasler|0 fnt
|-damage|p2b: Kingambit|56/100
|faint|p2a: Sneasler
|move|p2b: Kingambit|Swords Dance|p2b: Kingambit
|-boost|p2b: Kingambit|atk|2
|
|upkeep
|turn|9
|
|t:|1756924426
|move|p2b: Kingambit|Protect|p2b: Kingambit
|-singleturn|p2b: Kingambit|Protect
|move|p1b: Vivillon|Sleep Powder|p2b: Kingambit
|-activate|p2b: Kingambit|move: Protect
|move|p1a: Primarina|Haze|p1a: Primarina
|-clearallboost
|
|upkeep
|turn|10
|
|t:|1756924439
|move|p2b: Kingambit|Sucker Punch|p1a: Primarina
|-damage|p1a: Primarina|46/100
|-enditem|p1a: Primarina|Sitrus Berry|[eat]
|-heal|p1a: Primarina|71/100|[from] item: Sitrus Berry
|move|p1b: Vivillon|Sleep Powder|p2b: Kingambit
|-status|p2b: Kingambit|slp|[from] move: Sleep Powder
|move|p1a: Primarina|Hyper Voice|p2b: Kingambit
|-damage|p2b: Kingambit|4/100 slp
|
|-sideend|p1: T8mcrae|move: Tailwind
|upkeep
|turn|11
|-message|northfacefan forfeited.
|
|win|T8mcrae
||northfacefan is ready for game 2.
