|j|☆Slim Reaper 69
|j|☆teyvgc
|html|Slim Reaper 69teyvgc    
|uhtml|bestof|Game 3 of a best-of-3
|t:|1782366169
|gametype|doubles
|player|p1|Slim Reaper 69|hiker-gen4|1099
|player|p2|teyvgc|rood|1156
|gen|9
|tier|[Gen 9 Champions] VGC 2026 Reg M-B (Bo3)
|rated|
|rule|Species Clause: Limit one of each Pokémon
|rule|Item Clause: Limit 1 of each item
|clearpoke
|poke|p1|Dragonite, L50, F|
|poke|p1|Whimsicott, L50, M|
|poke|p1|Rotom-Wash, L50|
|poke|p1|Gholdengo, L50|
|poke|p1|Arcanine-Hisui, L50, F|
|poke|p1|Kingambit, L50, F|
|poke|p2|Blaziken, L50, M|
|poke|p2|Kingambit, L50, M|
|poke|p2|Metagross, L50|
|poke|p2|Whimsicott, L50, F|
|poke|p2|Basculegion, L50, M|
|poke|p2|Hydreigon, L50, M|
|teampreview|4
|showteam|p1|Dragonite||Dragoninite|InnerFocus|Thunderbolt,DracoMeteor,AirSlash,Protect|Modest||F|||50|]Whimsicott||FocusSash|Prankster|Tailwind,Moonblast,Protect,FakeTears|Timid||M|||50|]Rotom-Wash||SitrusBerry|Levitate|Electroweb,WillOWisp,HydroPump,VoltSwitch|Bold|||||50|]Gholdengo||LifeOrb|GoodasGold|ShadowBall,MakeItRain,Psyshock,Protect|Modest|||||50|]Arcanine-Hisui||ChoiceScarf|Intimidate|FlareBlitz,RockSlide,HeadSmash,CloseCombat|Adamant||F|||50|]Kingambit||BlackGlasses|Defiant|SuckerPunch,KowtowCleave,IronHead,Protect|Adamant||F|||50|
|showteam|p2|Blaziken||Blazikenite|SpeedBoost|CloseCombat,FlareBlitz,Protect,SwordsDance|Adamant||M|||50|]Kingambit||LifeOrb|Defiant|KowtowCleave,IronHead,SuckerPunch,Protect|Adamant||M|||50|]Metagross||Metagrossite|ClearBody|IronHead,PsychicFangs,BulletPunch,Protect|Jolly|||||50|]Whimsicott||FocusSash|Prankster|Tailwind,Moonblast,Encore,HelpingHand|Timid||F|||50|]Basculegion||MysticWater|Adaptability|WaveCrash,LastRespects,AquaJet,Protect|Adamant||M|||50|]Hydreigon||ChoiceScarf|Levitate|DarkPulse,DracoMeteor,EarthPower,FocusBlast|Modest||M|||50|
|
|t:|1782366182
|teamsize|p1|4
|teamsize|p2|4
|start
|switch|p1a: Rotom|Rotom-Wash, L50|100/100
|switch|p1b: Dragonite|Dragonite, L50, F|100/100
|switch|p2a: Whimsicott|Whimsicott, L50, F|100/100
|switch|p2b: Blaziken|Blaziken, L50, M|100/100
|turn|1
|
|t:|1782366198
|detailschange|p1b: Dragonite|Dragonite-Mega, L50, F
|-mega|p1b: Dragonite|Dragonite|Dragoninite
|move|p2b: Blaziken|Protect|p2b: Blaziken
|-singleturn|p2b: Blaziken|Protect
|move|p2a: Whimsicott|Moonblast|p1b: Dragonite
|-supereffective|p1b: Dragonite|1
|-damage|p1b: Dragonite|74/100
|move|p1b: Dragonite|Air Slash|p2a: Whimsicott
|-supereffective|p2a: Whimsicott|1
|-enditem|p2a: Whimsicott|Focus Sash
|-damage|p2a: Whimsicott|1/100
|move|p1a: Rotom|Electroweb|p2b: Blaziken|[spread] p2a
|-activate|p2b: Blaziken|move: Protect
|-resisted|p2a: Whimsicott|1
|-damage|p2a: Whimsicott|0 fnt
|faint|p2a: Whimsicott
|
|-ability|p2b: Blaziken|Speed Boost|boost
|-boost|p2b: Blaziken|spe|1
|upkeep
|
|t:|1782366212
|switch|p2a: Hydreigon|Hydreigon, L50, M|100/100
|turn|2
|
|t:|1782366227
|switch|p2b: Basculegion|Basculegion, L50, M|100/100
|move|p2a: Hydreigon|Draco Meteor|p1a: Rotom
|-damage|p1a: Rotom|15/100
|-unboost|p2a: Hydreigon|spa|2
|-enditem|p1a: Rotom|Sitrus Berry|[eat]
|-heal|p1a: Rotom|40/100|[from] item: Sitrus Berry
|move|p1b: Dragonite|Air Slash|p2b: Basculegion
|-damage|p2b: Basculegion|44/100
|move|p1a: Rotom|Hydro Pump|p2b: Basculegion
|-resisted|p2b: Basculegion|1
|-damage|p2b: Basculegion|23/100
|
|upkeep
|turn|3
|
|t:|1782366247
|move|p2a: Hydreigon|Draco Meteor|p1a: Rotom
|-damage|p1a: Rotom|1/100
|-unboost|p2a: Hydreigon|spa|2
|move|p2b: Basculegion|Last Respects|p1b: Dragonite
|-damage|p1b: Dragonite|22/100
|move|p1b: Dragonite|Thunderbolt|p2b: Basculegion
|-supereffective|p2b: Basculegion|1
|-damage|p2b: Basculegion|0 fnt
|faint|p2b: Basculegion
|move|p1a: Rotom|Electroweb|p2a: Hydreigon
|-resisted|p2a: Hydreigon|1
|-damage|p2a: Hydreigon|89/100
|-unboost|p2a: Hydreigon|spe|1
|
|upkeep
|
|t:|1782366256
|switch|p2b: Blaziken|Blaziken, L50, M|100/100
|turn|4
|
|t:|1782366267
|detailschange|p2b: Blaziken|Blaziken-Mega, L50, M
|-mega|p2b: Blaziken|Blaziken|Blazikenite
|move|p2b: Blaziken|Protect|p2b: Blaziken
|-singleturn|p2b: Blaziken|Protect
|move|p2a: Hydreigon|Draco Meteor|p1b: Dragonite|[miss]
|-miss|p2a: Hydreigon|p1b: Dragonite
|move|p1b: Dragonite|Air Slash|p2a: Hydreigon
|-damage|p2a: Hydreigon|35/100
|move|p1a: Rotom|Electroweb|p2b: Blaziken|[spread] p2a
|-activate|p2b: Blaziken|move: Protect
|-resisted|p2a: Hydreigon|1
|-damage|p2a: Hydreigon|27/100
|-unboost|p2a: Hydreigon|spe|1
|
|-ability|p2b: Blaziken|Speed Boost|boost
|-boost|p2b: Blaziken|spe|1
|upkeep
|turn|5
|
|t:|1782366289
|move|p2b: Blaziken|Close Combat|p1b: Dragonite
|-resisted|p1b: Dragonite|1
|-damage|p1b: Dragonite|0 fnt
|-unboost|p2b: Blaziken|def|1
|-unboost|p2b: Blaziken|spd|1
|faint|p1b: Dragonite
|move|p2a: Hydreigon|Draco Meteor|p1a: Rotom
|-damage|p1a: Rotom|0 fnt
|-unboost|p2a: Hydreigon|spa|2
|faint|p1a: Rotom
|
|-ability|p2b: Blaziken|Speed Boost|boost
|-boost|p2b: Blaziken|spe|1
|upkeep
|
|t:|1782366293
|switch|p1b: Arcanine|Arcanine-Hisui, L50, F|100/100
|switch|p1a: Whimsicott|Whimsicott, L50, M|100/100
|-ability|p1b: Arcanine|Intimidate|boost
|-unboost|p2a: Hydreigon|atk|1
|-unboost|p2b: Blaziken|atk|1
|turn|6
|
|t:|1782366309
|move|p2b: Blaziken|Close Combat|p1b: Arcanine
|-supereffective|p1b: Arcanine|1
|-crit|p1b: Arcanine
|-damage|p1b: Arcanine|0 fnt
|-unboost|p2b: Blaziken|def|1
|-unboost|p2b: Blaziken|spd|1
|faint|p1b: Arcanine
|move|p1a: Whimsicott|Moonblast|p2b: Blaziken
|-damage|p2b: Blaziken|23/100
|move|p2a: Hydreigon|Draco Meteor|p1a: Whimsicott
|-immune|p1a: Whimsicott
|
|-ability|p2b: Blaziken|Speed Boost|boost
|-boost|p2b: Blaziken|spe|1
|upkeep
|turn|7
|
|t:|1782366322
|move|p2b: Blaziken|Flare Blitz|p1a: Whimsicott
|-supereffective|p1a: Whimsicott|1
|-enditem|p1a: Whimsicott|Focus Sash
|-damage|p1a: Whimsicott|1/100
|-status|p1a: Whimsicott|brn
|-damage|p2b: Blaziken|0 fnt|[from] Recoil
|faint|p2b: Blaziken
|move|p1a: Whimsicott|Moonblast|p2a: Hydreigon
|-supereffective|p2a: Hydreigon|2
|-damage|p2a: Hydreigon|0 fnt
|faint|p2a: Hydreigon
|
|win|Slim Reaper 69
|raw|Slim Reaper 69's rating: 1099 → 1128(+29 for winning)
|raw|teyvgc's rating: 1156 → 1127(-29 for losing)
