|j|☆Iceman5687
|j|☆Scrambledegg62
|html|Iceman5687Scrambledegg62    
|uhtml|bestof|Game 1 of a best-of-3
|t:|1782473386
|gametype|doubles
|player|p1|Iceman5687|101|1195
|player|p2|Scrambledegg62|lance|1179
|gen|9
|tier|[Gen 9 Champions] VGC 2026 Reg M-B (Bo3)
|rated|
|rule|Species Clause: Limit one of each Pokémon
|rule|Item Clause: Limit 1 of each item
|clearpoke
|poke|p1|Grimmsnarl, L50, M, shiny|
|poke|p1|Swampert, L50, M|
|poke|p1|Pelipper, L50, M|
|poke|p1|Archaludon, L50, M|
|poke|p1|Sinistcha, L50|
|poke|p1|Metagross, L50|
|poke|p2|Pyroar, L50, M, shiny|
|poke|p2|Gallade, L50, M, shiny|
|poke|p2|Farigiraf, L50, F, shiny|
|poke|p2|Kangaskhan, L50, F, shiny|
|poke|p2|Torkoal, L50, F, shiny|
|poke|p2|Mawile, L50, M, shiny|
|teampreview|4
|showteam|p1|Grimmsnarl||LightClay|Prankster|FoulPlay,PartingShot,Reflect,LightScreen|Calm||M|||50|]Swampert||Swampertite|Damp|WaveCrash,Earthquake,IcePunch,Protect|Adamant||M|||50|]Pelipper||SitrusBerry|Drizzle|Hurricane,WeatherBall,Tailwind,WideGuard|Modest||M|||50|]Archaludon||Leftovers|Stamina|ElectroShot,DragonPulse,FlashCannon,Protect|Modest||M|||50|]Sinistcha||CobaBerry|Hospitality|MatchaGotcha,RagePowder,TrickRoom,Protect|Relaxed|||||50|]Metagross||Metagrossite|ClearBody|IronHead,PsychicFangs,BodyPress,Protect|Jolly|||||50|
|showteam|p2|Pyroar||Pyroarite|Unnerve|Overheat,HeatWave,SolarBeam,Protect|Timid||M|||50|]Gallade||IronBall|Sharpness|SacredSword,PsychoCut,LeafBlade,TrickRoom|Brave||M|||50|]Farigiraf||SitrusBerry|ArmorTail|TrickRoom,HelpingHand,PsychicFangs,Thunderbolt|Relaxed||F|||50|]Kangaskhan||LifeOrb|Scrappy|FakeOut,DoubleEdge,IcePunch,HammerArm|Brave||F|||50|]Torkoal||Charcoal|Drought|Eruption,WeatherBall,HelpingHand,Protect|Quiet||F|||50|]Mawile||Mawilite|Intimidate|SwordsDance,PlayRough,SuckerPunch,RockSlide|Brave||M|||50|
|inactive|Battle timer is ON: inactive players will automatically lose when time's up. (requested by Scrambledegg62)
|inactive|Iceman5687 has 60 seconds left.
|
|t:|1782473430
|teamsize|p1|4
|teamsize|p2|4
|start
|switch|p1a: Grimmsnarl|Grimmsnarl, L50, M, shiny|100/100
|switch|p1b: Swampert|Swampert, L50, M|100/100
|switch|p2a: Mawile|Mawile, L50, M, shiny|100/100
|switch|p2b: Farigiraf|Farigiraf, L50, F, shiny|100/100
|-ability|p2a: Mawile|Intimidate|boost
|-unboost|p1a: Grimmsnarl|atk|1
|-unboost|p1b: Swampert|atk|1
|turn|1
|
|t:|1782473453
|switch|p1b: Sinistcha|Sinistcha, L50|100/100
|detailschange|p2a: Mawile|Mawile-Mega, L50, M, shiny
|-mega|p2a: Mawile|Mawile|Mawilite
|move|p1a: Grimmsnarl|Reflect|p1a: Grimmsnarl
|-sidestart|p1: Iceman5687|Reflect
|move|p2a: Mawile|Play Rough|p1a: Grimmsnarl
|-supereffective|p1a: Grimmsnarl|1
|-damage|p1a: Grimmsnarl|0 fnt
|faint|p1a: Grimmsnarl
|move|p2b: Farigiraf|Trick Room|p2b: Farigiraf
|-fieldstart|move: Trick Room|[of] p2b: Farigiraf
|
|upkeep
|
|t:|1782473463
|switch|p1a: Swampert|Swampert, L50, M|100/100
|turn|2
|inactive|Scrambledegg62 has 30 seconds left.
|inactive|Iceman5687 has 30 seconds left.
|inactive|Scrambledegg62 has 20 seconds left.
|inactive|Iceman5687 has 20 seconds left.
|inactive|Scrambledegg62 has 15 seconds left.
|
|t:|1782473509
|detailschange|p1a: Swampert|Swampert-Mega, L50, M
|-mega|p1a: Swampert|Swampert|Swampertite
|move|p2a: Mawile|Play Rough|p1b: Sinistcha
|-damage|p1b: Sinistcha|47/100
|move|p2b: Farigiraf|Psychic Fangs|p1b: Sinistcha
|-sideend|p1: Iceman5687|Reflect
|-damage|p1b: Sinistcha|23/100
|move|p1a: Swampert|Earthquake|p2a: Mawile|[spread] p1b,p2a,p2b
|-resisted|p1b: Sinistcha|1
|-supereffective|p2a: Mawile|1
|-damage|p1b: Sinistcha|4/100
|-damage|p2a: Mawile|12/100
|-damage|p2b: Farigiraf|63/100
|move|p1b: Sinistcha|Trick Room|p1b: Sinistcha
|-fieldend|move: Trick Room
|
|upkeep
|turn|3
|
|t:|1782473531
|switch|p1b: Pelipper|Pelipper, L50, M|100/100
|-weather|RainDance|[from] ability: Drizzle|[of] p1b: Pelipper
|move|p1a: Swampert|Wave Crash|p2b: Farigiraf
|-damage|p2b: Farigiraf|0 fnt
|faint|p2b: Farigiraf
|-damage|p1a: Swampert|76/100|[from] Recoil
|move|p2a: Mawile|Play Rough|p1a: Swampert
|-damage|p1a: Swampert|6/100
|-unboost|p1a: Swampert|atk|1
|
|-weather|RainDance|[upkeep]
|upkeep
|
|t:|1782473545
|switch|p2b: Torkoal|Torkoal, L50, F, shiny|100/100
|-weather|SunnyDay|[from] ability: Drought|[of] p2b: Torkoal
|turn|4
|
|t:|1782473553
|switch|p1b: Sinistcha|Sinistcha, L50|4/100
|-heal|p1a: Swampert|31/100|[from] ability: Hospitality|[of] p1b: Sinistcha
|move|p2a: Mawile|Sucker Punch|p1a: Swampert
|-damage|p1a: Swampert|0 fnt
|faint|p1a: Swampert
|move|p2b: Torkoal|Weather Ball|p1b: Sinistcha
|-supereffective|p1b: Sinistcha|1
|-damage|p1b: Sinistcha|0 fnt
|faint|p1b: Sinistcha
|
|-weather|SunnyDay|[upkeep]
|upkeep
|
|t:|1782473559
|switch|p1b: Pelipper|Pelipper, L50, M|100/100
|-weather|RainDance|[from] ability: Drizzle|[of] p1b: Pelipper
|turn|5
|
|t:|1782473571
|switch|p2b: Gallade|Gallade, L50, M, shiny|100/100
|move|p2a: Mawile|Sucker Punch|p1b: Pelipper
|-damage|p1b: Pelipper|52/100
|move|p1b: Pelipper|Weather Ball|p2b: Gallade
|-damage|p2b: Gallade|45/100
|
|-weather|RainDance|[upkeep]
|upkeep
|turn|6
|
|t:|1782473586
|move|p2a: Mawile|Sucker Punch|p1b: Pelipper
|-damage|p1b: Pelipper|5/100
|-enditem|p1b: Pelipper|Sitrus Berry|[eat]
|-heal|p1b: Pelipper|30/100|[from] item: Sitrus Berry
|move|p1b: Pelipper|Weather Ball|p2a: Mawile
|-damage|p2a: Mawile|0 fnt
|faint|p2a: Mawile
|move|p2b: Gallade|Trick Room|p2b: Gallade
|-fieldstart|move: Trick Room|[of] p2b: Gallade
|
|-weather|RainDance|[upkeep]
|upkeep
|
|t:|1782473593
|switch|p2a: Torkoal|Torkoal, L50, F, shiny|100/100
|-weather|SunnyDay|[from] ability: Drought|[of] p2a: Torkoal
|turn|7
|-message|Iceman5687 forfeited.
|
|win|Scrambledegg62
