|j|☆SnorlaxPikachu1
|j|☆Urkin' Pincurchin
|html|SnorlaxPikachu1Urkin' Pincurchin    
|uhtml|bestof|Game 3 of a best-of-3
|t:|1755797802
|gametype|doubles
|player|p1|SnorlaxPikachu1|palmer|1327
|player|p2|Urkin' Pincurchin|fisherman-gen4|1376
|gen|9
|tier|[Gen 9] VGC 2025 Reg H (Bo3)
|rated|
|rule|Species Clause: Limit one of each Pokémon
|rule|Item Clause: Limit 1 of each item
|clearpoke
|poke|p1|Indeedee-F, L50, F|
|poke|p1|Delphox, L50, F|
|poke|p1|Annihilape, L50, M|
|poke|p1|Weezing-Galar, L50, F|
|poke|p1|Whimsicott, L50, F|
|poke|p1|Dragapult, L50, M|
|poke|p2|Weezing-Galar, L50, M|
|poke|p2|Tauros-Paldea-Aqua, L50, M|
|poke|p2|Typhlosion-Hisui, L50, M|
|poke|p2|Garchomp, L50, M|
|poke|p2|Corviknight, L50, M|
|poke|p2|Toedscruel, L50, M|
|teampreview|4
|showteam|p1|Indeedee-F||SitrusBerry|PsychicSurge|FollowMe,HelpingHand,Psychic,TrickRoom|||F|||50|,,,,,Fairy]Delphox||LifeOrb|Blaze|Substitute,HeatWave,ExpandingForce,Protect|||F|||50|,,,,,Psychic]Annihilape||PsychicSeed|Defiant|BulkUp,DrainPunch,RageFist,Protect|||M|||50|,,,,,Grass]Weezing-Galar||RockyHelmet|NeutralizingGas|Taunt,StrangeSteam,WillOWisp,Protect|||F|||50|,,,,,Water]Whimsicott||FocusSash|Prankster|Tailwind,BeatUp,Moonblast,LightScreen|||F|||50|,,,,,Ghost]Dragapult||ChoiceBand|ClearBody|DragonDarts,Outrage,PhantomForce,Uturn|||M|||50|,,,,,Dragon
|showteam|p2|Weezing-Galar||ChoiceSpecs|NeutralizingGas|SludgeBomb,StrangeSteam,DazzlingGleam,Flamethrower|||M|||50|,,,,,Water]Tauros-Paldea-Aqua||SafetyGoggles|Intimidate|CloseCombat,WaveCrash,AquaJet,Protect|||M|||50|,,,,,Water]Typhlosion-Hisui||ChoiceScarf|Blaze|Eruption,ShadowBall,HeatWave,WillOWisp|||M|||50|,,,,,Fire]Garchomp||LifeOrb|RoughSkin|DragonClaw,StompingTantrum,Earthquake,Protect|||M|||50|,,,,,Ground]Corviknight||SitrusBerry|MirrorArmor|BraveBird,Roost,Tailwind,Protect|||M|||50|,,,,,Dragon]Toedscruel||CovertCloak|MyceliumMight|EarthPower,AcidSpray,Spore,RagePowder|||M|||50|,,,,,Water
|inactive|Battle timer is ON: inactive players will automatically lose when time's up. (requested by Urkin' Pincurchin)
|inactive|Urkin' Pincurchin has 60 seconds left.
|inactive|Urkin' Pincurchin has 30 seconds left.
|inactive|Urkin' Pincurchin has 20 seconds left.
|inactive|Urkin' Pincurchin has 15 seconds left.
|
|t:|1755797878
|teamsize|p1|4
|teamsize|p2|4
|start
|switch|p1a: Megan Fox|Delphox, L50, F|100/100
|switch|p1b: Baby launcher|Dragapult, L50, M|100/100
|switch|p2a: Typhlosion|Typhlosion-Hisui, L50, M|100/100
|switch|p2b: Corviknight|Corviknight, L50, M|100/100
|turn|1
|inactive|Urkin' Pincurchin has 30 seconds left.
|inactive|Urkin' Pincurchin has 20 seconds left.
|inactive|Urkin' Pincurchin has 15 seconds left.
|
|t:|1755797921
|switch|p1b: Nuh uh|Indeedee-F, L50, F|100/100
|-fieldstart|move: Psychic Terrain|[from] ability: Psychic Surge|[of] p1b: Nuh uh
|move|p1a: Megan Fox|Protect|p1a: Megan Fox
|-singleturn|p1a: Megan Fox|Protect
|move|p2a: Typhlosion|Shadow Ball|p1a: Megan Fox
|-activate|p1a: Megan Fox|move: Protect
|move|p2b: Corviknight|Tailwind|p2b: Corviknight
|-sidestart|p2: Urkin' Pincurchin|move: Tailwind
|
|upkeep
|turn|2
|inactive|SnorlaxPikachu1 has 30 seconds left.
|inactive|Urkin' Pincurchin has 30 seconds left.
|inactive|Urkin' Pincurchin has 20 seconds left.
|
|t:|1755797960
|switch|p2a: Garchomp|Garchomp, L50, M|100/100
|move|p1b: Nuh uh|Helping Hand|p1a: Megan Fox
|-singleturn|p1a: Megan Fox|Helping Hand|[of] p1b: Nuh uh
|move|p2b: Corviknight|Brave Bird|p1a: Megan Fox
|-damage|p1a: Megan Fox|31/100
|-damage|p2b: Corviknight|83/100|[from] Recoil
|move|p1a: Megan Fox|Heat Wave|p2a: Garchomp|[spread] p2a,p2b
|-resisted|p2a: Garchomp
|-supereffective|p2b: Corviknight
|-damage|p2a: Garchomp|49/100
|-damage|p2b: Corviknight|0 fnt
|faint|p2b: Corviknight
|-damage|p1a: Megan Fox|21/100|[from] item: Life Orb
|
|upkeep
|
|t:|1755797970
|switch|p2b: Typhlosion|Typhlosion-Hisui, L50, M|100/100
|turn|3
|
|t:|1755797984
|-terastallize|p1b: Nuh uh|Fairy
|move|p1a: Megan Fox|Protect|p1a: Megan Fox
|-singleturn|p1a: Megan Fox|Protect
|move|p2b: Typhlosion|Eruption|p1a: Megan Fox|[spread] p1b
|-activate|p1a: Megan Fox|move: Protect
|-damage|p1b: Nuh uh|48/100
|-enditem|p1b: Nuh uh|Sitrus Berry|[eat]
|-heal|p1b: Nuh uh|73/100|[from] item: Sitrus Berry
|move|p2a: Garchomp|Dragon Claw|p1b: Nuh uh
|-immune|p1b: Nuh uh
|move|p1b: Nuh uh|Trick Room|p1b: Nuh uh
|-fieldstart|move: Trick Room|[of] p1b: Nuh uh
|
|upkeep
|turn|4
|
|t:|1755797992
|move|p1b: Nuh uh|Helping Hand|p1a: Megan Fox
|-singleturn|p1a: Megan Fox|Helping Hand|[of] p1b: Nuh uh
|move|p2a: Garchomp|Protect|p2a: Garchomp
|-singleturn|p2a: Garchomp|Protect
|move|p1a: Megan Fox|Expanding Force|p2a: Garchomp|[spread] p2b
|-activate|p2a: Garchomp|move: Protect
|-damage|p2b: Typhlosion|0 fnt
|faint|p2b: Typhlosion
|-damage|p1a: Megan Fox|11/100|[from] item: Life Orb
|
|-sideend|p2: Urkin' Pincurchin|move: Tailwind
|upkeep
|
|t:|1755797994
|switch|p2b: Weezing|Weezing-Galar, L50, M|100/100
|-ability|p2b: Weezing|Neutralizing Gas
|turn|5
|inactive|Urkin' Pincurchin has 30 seconds left.
|
|t:|1755798022
|switch|p1a: Whimsicott|Whimsicott, L50, F|100/100
|-terastallize|p2b: Weezing|Water
|move|p2b: Weezing|Dazzling Gleam|p1a: Whimsicott|[spread] p1a,p1b
|-damage|p1a: Whimsicott|47/100
|-damage|p1b: Nuh uh|39/100
|move|p1b: Nuh uh|Psychic|p2a: Garchomp
|-damage|p2a: Garchomp|6/100
|move|p2a: Garchomp|Stomping Tantrum|p1b: Nuh uh
|-damage|p1b: Nuh uh|0 fnt
|faint|p1b: Nuh uh
|-damage|p2a: Garchomp|0 fnt|[from] item: Life Orb
|faint|p2a: Garchomp
|
|-fieldend|move: Psychic Terrain
|upkeep
|inactive|SnorlaxPikachu1 has 30 seconds left.
|
|t:|1755798050
|switch|p1b: Baby launcher|Dragapult, L50, M|100/100
|turn|6
|inactive|SnorlaxPikachu1 has 30 seconds left.
|
|t:|1755798077
|switch|p1b: Megan Fox|Delphox, L50, F|11/100
|move|p2b: Weezing|Dazzling Gleam|p1a: Whimsicott|[spread] p1a,p1b
|-resisted|p1b: Megan Fox
|-damage|p1a: Whimsicott|0 fnt
|-damage|p1b: Megan Fox|0 fnt
|faint|p1a: Whimsicott
|faint|p1b: Megan Fox
|
|upkeep
|
|t:|1755798080
|switch|p1b: Baby launcher|Dragapult, L50, M|100/100
|turn|7
|
|t:|1755798085
|move|p2b: Weezing|Dazzling Gleam|p1b: Baby launcher
|-supereffective|p1b: Baby launcher
|-damage|p1b: Baby launcher|0 fnt
|faint|p1b: Baby launcher
|
|win|Urkin' Pincurchin
|raw|SnorlaxPikachu1's rating: 1327 → 1310(-17 for losing)
|raw|Urkin' Pincurchin's rating: 1376 → 1393(+17 for winning)
|c|☆SnorlaxPikachu1|gg
|l|☆SnorlaxPikachu1
|player|p1|
