|j|☆shiva2099
|j|☆Popfor
|html|shiva2099Popfor    
|uhtml|bestof|Game 3 of a best-of-3
|t:|1756737554
|gametype|doubles
|player|p1|shiva2099|steven|1078
|player|p2|Popfor|2|1040
|gen|9
|tier|[Gen 9] VGC 2025 Reg H (Bo3)
|rated|
|rule|Species Clause: Limit one of each Pokémon
|rule|Item Clause: Limit 1 of each item
|clearpoke
|poke|p1|Charizard, L50, M|
|poke|p1|Torkoal, L50, M|
|poke|p1|Porygon2, L50|
|poke|p1|Incineroar, L50, F|
|poke|p1|Volcarona, L50, F|
|poke|p1|Ursaluna, L50, F|
|poke|p2|Sylveon, L50, F|
|poke|p2|Talonflame, L50, M|
|poke|p2|Weezing-Galar, L50, M|
|poke|p2|Weavile, L50, M|
|poke|p2|Ninetales-Alola, L50, M|
|poke|p2|Maushold-Four, L50|
|teampreview|4
|showteam|p1|Charizard||ChoiceSpecs|SolarPower|HeatWave,Overheat,WeatherBall,AirSlash|||M|||50|,,,,,Fire]Torkoal||EjectPack|Drought|Overheat,Eruption,HelpingHand,Protect|||M|||50|,,,,,Fire]Porygon2||Eviolite|Download|TeraBlast,TrickRoom,Recover,IceBeam||||||50|,,,,,Fighting]Incineroar||SafetyGoggles|Intimidate|FakeOut,KnockOff,FlareBlitz,PartingShot|||F|||50|,,,,,Ghost]Volcarona||RockyHelmet|FlameBody|RagePowder,Tailwind,FieryDance,StruggleBug|||F|||50|,,,,,Bug]Ursaluna||FlameOrb|Guts|Facade,Protect,HeadlongRush,Earthquake|||F|||50|,,,,,Ground
|showteam|p2|Sylveon||ThroatSpray|Pixilate|HyperVoice,CalmMind,Wish,TeraBlast|||F|||50|,,,,,Water]Talonflame||CovertCloak|GaleWings|DualWingbeat,Tailwind,FlareBlitz,UpperHand|||M|||50|,,,,,Ghost]Weezing-Galar||RockyHelmet|MistySurge|StrangeSteam,Haze,PainSplit,Flamethrower|||M|||50|,,,,,Fire]Weavile||ClearAmulet|Pressure|IceSpinner,KnockOff,IceShard,LowKick|||M|||50|,,,,,Fighting]Ninetales-Alola||LightClay|SnowWarning|Blizzard,AuroraVeil,FreezeDry,Encore|||M|||50|,,,,,Ghost]Maushold-Four||WideLens|FriendGuard|HelpingHand,PopulationBomb,Taunt,FollowMe||||||50|,,,,,Ghost
|
|t:|1756737591
|teamsize|p1|4
|teamsize|p2|4
|start
|switch|p1a: Porygon2|Porygon2, L50|100/100
|switch|p1b: Volcarona|Volcarona, L50, F|100/100
|switch|p2a: Sylveon|Sylveon, L50, F|100/100
|switch|p2b: Weavile|Weavile, L50, M|100/100
|-ability|p2b: Weavile|Pressure
|-ability|p1a: Porygon2|Download|boost
|-boost|p1a: Porygon2|atk|1
|turn|1
|
|t:|1756737620
|switch|p1a: Torkoal|Torkoal, L50, M|100/100
|-weather|SunnyDay|[from] ability: Drought|[of] p1a: Torkoal
|-terastallize|p2b: Weavile|Fighting
|move|p2b: Weavile|Knock Off|p1a: Torkoal
|-damage|p1a: Torkoal|67/100
|-enditem|p1a: Torkoal|Eject Pack|[from] move: Knock Off|[of] p2b: Weavile
|move|p1b: Volcarona|Fiery Dance|p2b: Weavile
|-damage|p2b: Weavile|25/100
|-boost|p1b: Volcarona|spa|1
|move|p2a: Sylveon|Calm Mind|p2a: Sylveon
|-boost|p2a: Sylveon|spa|1
|-boost|p2a: Sylveon|spd|1
|
|-weather|SunnyDay|[upkeep]
|upkeep
|turn|2
|
|t:|1756737655
|move|p2b: Weavile|Knock Off|p1b: Volcarona
|-damage|p1b: Volcarona|48/100
|-damage|p2b: Weavile|9/100|[from] item: Rocky Helmet|[of] p1b: Volcarona
|-status|p2b: Weavile|brn|[from] ability: Flame Body|[of] p1b: Volcarona
|-enditem|p1b: Volcarona|Rocky Helmet|[from] move: Knock Off|[of] p2b: Weavile
|move|p1b: Volcarona|Fiery Dance|p2b: Weavile
|-damage|p2b: Weavile|0 fnt
|-boost|p1b: Volcarona|spa|1
|faint|p2b: Weavile
|move|p2a: Sylveon|Calm Mind|p2a: Sylveon
|-boost|p2a: Sylveon|spa|1
|-boost|p2a: Sylveon|spd|1
|move|p1a: Torkoal|Overheat|p2a: Sylveon
|-damage|p2a: Sylveon|68/100
|-unboost|p1a: Torkoal|spa|2
|
|-weather|SunnyDay|[upkeep]
|upkeep
|
|t:|1756737673
|switch|p2b: Maushold|Maushold-Four, L50|100/100
|turn|3
|
|t:|1756737702
|switch|p1a: Porygon2|Porygon2, L50|100/100
|-ability|p1a: Porygon2|Download|boost
|-boost|p1a: Porygon2|atk|1
|move|p2b: Maushold|Population Bomb|p1b: Volcarona
|-damage|p1b: Volcarona|40/100
|-status|p2b: Maushold|brn|[from] ability: Flame Body|[of] p1b: Volcarona
|-damage|p1b: Volcarona|36/100
|-damage|p1b: Volcarona|32/100
|-damage|p1b: Volcarona|29/100
|-damage|p1b: Volcarona|25/100
|-damage|p1b: Volcarona|21/100
|-damage|p1b: Volcarona|17/100
|-damage|p1b: Volcarona|13/100
|-damage|p1b: Volcarona|9/100
|-damage|p1b: Volcarona|6/100
|-hitcount|p1b: Volcarona|10
|move|p1b: Volcarona|Fiery Dance|p2a: Sylveon
|-damage|p2a: Sylveon|36/100
|-boost|p1b: Volcarona|spa|1
|move|p2a: Sylveon|Wish|p2a: Sylveon
|
|-weather|SunnyDay|[upkeep]
|-damage|p2b: Maushold|94/100 brn|[from] brn
|upkeep
|turn|4
|
|t:|1756737754
|move|p2b: Maushold|Follow Me|p2b: Maushold
|-singleturn|p2b: Maushold|move: Follow Me
|move|p1b: Volcarona|Fiery Dance|p2b: Maushold
|-crit|p2b: Maushold
|-damage|p2b: Maushold|0 fnt
|faint|p2b: Maushold
|move|p2a: Sylveon|Hyper Voice|p1a: Porygon2|[spread] p1a,p1b
|-resisted|p1b: Volcarona
|-damage|p1a: Porygon2|57/100
|-damage|p1b: Volcarona|0 fnt
|faint|p1b: Volcarona
|-enditem|p2a: Sylveon|Throat Spray
|-boost|p2a: Sylveon|spa|1|[from] item: Throat Spray
|move|p1a: Porygon2|Tera Blast|p2a: Sylveon
|-damage|p2a: Sylveon|22/100
|
|-weather|SunnyDay|[upkeep]
|-heal|p2a: Sylveon|72/100|[from] move: Wish|[wisher] Sylveon
|upkeep
|
|t:|1756737785
|switch|p2b: Talonflame|Talonflame, L50, M|100/100
|switch|p1b: Torkoal|Torkoal, L50, M|67/100
|turn|5
|
|t:|1756737804
|move|p2b: Talonflame|Flare Blitz|p1a: Porygon2
|-damage|p1a: Porygon2|14/100
|-damage|p2b: Talonflame|83/100|[from] Recoil
|move|p2a: Sylveon|Wish|p2a: Sylveon
|move|p1a: Porygon2|Recover|p1a: Porygon2
|-heal|p1a: Porygon2|64/100
|move|p1b: Torkoal|Overheat|p2a: Sylveon
|-damage|p2a: Sylveon|40/100
|-unboost|p1b: Torkoal|spa|2
|
|-weather|none
|upkeep
|turn|6
|
|t:|1756737838
|switch|p1b: Ursaluna|Ursaluna, L50, F|100/100
|move|p2b: Talonflame|Tailwind|p2b: Talonflame
|-sidestart|p2: Popfor|move: Tailwind
|move|p2a: Sylveon|Calm Mind|p2a: Sylveon
|-boost|p2a: Sylveon|spa|1
|-boost|p2a: Sylveon|spd|1
|move|p1a: Porygon2|Trick Room|p1a: Porygon2
|-fieldstart|move: Trick Room|[of] p1a: Porygon2
|
|-heal|p2a: Sylveon|90/100|[from] move: Wish|[wisher] Sylveon
|-status|p1b: Ursaluna|brn|[from] item: Flame Orb
|upkeep
|turn|7
|
|t:|1756737866
|move|p1b: Ursaluna|Facade|p2a: Sylveon
|-damage|p2a: Sylveon|0 fnt
|faint|p2a: Sylveon
|move|p1a: Porygon2|Recover|p1a: Porygon2
|-heal|p1a: Porygon2|100/100
|move|p2b: Talonflame|Dual Wingbeat|p1b: Ursaluna
|-damage|p1b: Ursaluna|89/100 brn
|-damage|p1b: Ursaluna|77/100 brn
|-hitcount|p1b: Ursaluna|2
|
|-damage|p1b: Ursaluna|71/100 brn|[from] brn
|upkeep
|turn|8
|c|☆Popfor|i missplayed noo
|c|☆Popfor|im stoopid
|
|t:|1756737885
|move|p1b: Ursaluna|Facade|p2b: Talonflame
|-damage|p2b: Talonflame|0 fnt
|faint|p2b: Talonflame
|
|win|shiva2099
|raw|shiva2099's rating: 1078 → 1103(+25 for winning)
|raw|Popfor's rating: 1040 → 1026(-14 for losing)
|l|☆shiva2099
|player|p1|
|c|☆Popfor|this was so won
