|j|☆Trainer Piwi
|j|☆ground tera
|html|Trainer Piwiground tera    
|uhtml|bestof|Game 1 of a best-of-3
|t:|1784380827
|gametype|doubles
|player|p1|Trainer Piwi|101|1110
|player|p2|ground tera|102|1238
|gen|9
|tier|[Gen 9 Champions] VGC 2026 Reg M-B (Bo3)
|rated|
|rule|Species Clause: Limit one of each Pokémon
|rule|Item Clause: Limit 1 of each item
|clearpoke
|poke|p1|Araquanid, L50, F|
|poke|p1|Meowstic, L50, M|
|poke|p1|Blastoise, L50, M|
|poke|p1|Garchomp, L50, M|
|poke|p1|Delphox, L50, F|
|poke|p1|Clefable, L50, M|
|poke|p2|Whimsicott, L50, F, shiny|
|poke|p2|Garchomp, L50, F|
|poke|p2|Basculegion, L50, M|
|poke|p2|Charizard, L50, M|
|poke|p2|Floette-Eternal, L50, F|
|poke|p2|Kingambit, L50, M|
|teampreview|4
|showteam|p1|Araquanid||SitrusBerry|WaterBubble|Liquidation,WideGuard,Entrainment,RainDance|Relaxed||F|||50|]Meowstic||FocusSash|Prankster|Psychic,RainDance,TrickRoom,FakeOut|Timid||M|||50|]Blastoise||Blastoisinite|Torrent|WaterSpout,Surf,AuraSphere,Protect|Quiet||M|||50|]Garchomp||LifeOrb|SandVeil|DragonClaw,Protect,Earthquake,RockSlide|Jolly||M|||50|]Delphox||Delphoxite|Blaze|HeatWave,Psychic,WillOWisp,Protect|Timid||F|||50|]Clefable||FairyFeather|MagicGuard|Moonblast,DrainingKiss,FollowMe,Encore|Bold||M|||50|
|showteam|p2|Whimsicott||FocusSash|Prankster|Protect,Tailwind,SunnyDay,Moonblast|Timid||F|||50|]Garchomp||LifeOrb|RoughSkin|Protect,RockSlide,Earthquake,DragonClaw|Jolly||F|||50|]Basculegion||MysticWater|Adaptability|Protect,WaveCrash,LastRespects,AquaJet|Adamant||M|||50|]Charizard||CharizarditeY|Blaze|Protect,HeatWave,WeatherBall,SolarBeam|Modest||M|||50|]Floette-Eternal||Floettite|FlowerVeil|Protect,LightofRuin,DazzlingGleam,Moonblast|Timid||F|||50|]Kingambit||ChopleBerry|Defiant|LowKick,SuckerPunch,KowtowCleave,IronHead|Adamant||M|||50|
|inactive|Battle timer is ON: inactive players will automatically lose when time's up. (requested by ground tera)
|inactive|Trainer Piwi has 60 seconds left.
|inactive|ground tera has 60 seconds left.
|inactive|Trainer Piwi has 30 seconds left.
|inactive|ground tera has 30 seconds left.
|inactive|ground tera has 20 seconds left.
|inactive|ground tera has 15 seconds left.
|inactive|ground tera has 10 seconds left.
|
|t:|1784380910
|teamsize|p1|4
|teamsize|p2|4
|start
|switch|p1a: Araquanid|Araquanid, L50, F|100/100
|switch|p1b: Meowstic|Meowstic, L50, M|100/100
|switch|p2a: Whimsicott|Whimsicott, L50, F, shiny|100/100
|switch|p2b: Basculegion|Basculegion, L50, M|100/100
|turn|1
|inactive|Trainer Piwi has 30 seconds left.
|
|t:|1784380935
|move|p2a: Whimsicott|Moonblast|p1b: Meowstic
|-damage|p1b: Meowstic|51/100
|move|p2b: Basculegion|Wave Crash|p1b: Meowstic
|-damage|p1b: Meowstic|0 fnt
|faint|p1b: Meowstic
|-damage|p2b: Basculegion|86/100|[from] Recoil
|move|p1a: Araquanid|Rain Dance|p1a: Araquanid
|-weather|RainDance
|
|-weather|RainDance|[upkeep]
|upkeep
|
|t:|1784380949
|switch|p1b: Blastoise|Blastoise, L50, M|100/100
|turn|2
|
|t:|1784380959
|switch|p1a: Clefable|Clefable, L50, M|100/100
|detailschange|p1b: Blastoise|Blastoise-Mega, L50, M
|-mega|p1b: Blastoise|Blastoise|Blastoisinite
|move|p1b: Blastoise|Protect|p1b: Blastoise
|-singleturn|p1b: Blastoise|Protect
|move|p2a: Whimsicott|Tailwind|p2a: Whimsicott
|-sidestart|p2: ground tera|move: Tailwind
|move|p2b: Basculegion|Wave Crash|p1b: Blastoise
|-activate|p1b: Blastoise|move: Protect
|
|-weather|RainDance|[upkeep]
|upkeep
|turn|3
|
|t:|1784380976
|move|p2a: Whimsicott|Protect|p2a: Whimsicott
|-singleturn|p2a: Whimsicott|Protect
|move|p1a: Clefable|Follow Me|p1a: Clefable
|-singleturn|p1a: Clefable|move: Follow Me
|move|p2b: Basculegion|Wave Crash|p1a: Clefable
|-damage|p1a: Clefable|0 fnt
|faint|p1a: Clefable
|-damage|p2b: Basculegion|52/100|[from] Recoil
|move|p1b: Blastoise|Water Spout|p2b: Basculegion|[spread] p2b
|-activate|p2a: Whimsicott|move: Protect
|-resisted|p2b: Basculegion|1
|-damage|p2b: Basculegion|3/100
|
|-weather|RainDance|[upkeep]
|upkeep
|
|t:|1784380993
|switch|p1a: Araquanid|Araquanid, L50, F|100/100
|turn|4
|inactive|Trainer Piwi has 30 seconds left.
|inactive|ground tera has 30 seconds left.
|inactive|Trainer Piwi has 20 seconds left.
|inactive|Trainer Piwi has 15 seconds left.
|inactive|Trainer Piwi has 10 seconds left.
|
|t:|1784381038
|move|p2a: Whimsicott|Moonblast|p1b: Blastoise
|-damage|p1b: Blastoise|70/100
|move|p2b: Basculegion|Wave Crash|p1b: Blastoise
|-resisted|p1b: Blastoise|1
|-damage|p1b: Blastoise|7/100
|-damage|p2b: Basculegion|0 fnt|[from] Recoil
|faint|p2b: Basculegion
|move|p1b: Blastoise|Water Spout|p2a: Whimsicott
|-resisted|p2a: Whimsicott|1
|-crit|p2a: Whimsicott
|-damage|p2a: Whimsicott|87/100
|move|p1a: Araquanid|Entrainment|p2a: Whimsicott
|-ability|p2a: Whimsicott|Water Bubble|Prankster|[from] move: Entrainment|[of] p1a: Araquanid
|
|-weather|RainDance|[upkeep]
|upkeep
|
|t:|1784381046
|switch|p2b: Charizard|Charizard, L50, M|100/100
|turn|5
|
|t:|1784381059
|detailschange|p2b: Charizard|Charizard-Mega-Y, L50, M
|-mega|p2b: Charizard|Charizard|Charizardite Y
|-weather|SunnyDay|[from] ability: Drought|[of] p2b: Charizard
|move|p1b: Blastoise|Protect|p1b: Blastoise
|-singleturn|p1b: Blastoise|Protect
|move|p2a: Whimsicott|Moonblast|p1a: Araquanid
|-damage|p1a: Araquanid|70/100
|move|p2b: Charizard|Weather Ball|p1b: Blastoise
|-activate|p1b: Blastoise|move: Protect
|move|p1a: Araquanid|Rain Dance|p1a: Araquanid
|-weather|RainDance
|
|-weather|RainDance|[upkeep]
|-sideend|p2: ground tera|move: Tailwind
|upkeep
|turn|6
|
|t:|1784381079
|move|p1b: Blastoise|Protect||[still]
|-fail|p1b: Blastoise
|move|p2a: Whimsicott|Sunny Day|p2a: Whimsicott
|-weather|SunnyDay
|move|p2b: Charizard|Weather Ball|p1b: Blastoise
|-resisted|p1b: Blastoise|1
|-damage|p1b: Blastoise|0 fnt
|faint|p1b: Blastoise
|move|p1a: Araquanid|Liquidation|p2b: Charizard
|-supereffective|p2b: Charizard|1
|-damage|p2b: Charizard|43/100
|-unboost|p2b: Charizard|def|1
|
|-weather|SunnyDay|[upkeep]
|upkeep
|turn|7
|-message|Trainer Piwi forfeited.
|
|win|ground tera
|l|☆Trainer Piwi
|player|p1|
||Trainer Piwi is ready for game 2.
|inactive|ground tera has 30 seconds to confirm battle start!
