|j|☆tbone603
|j|☆OhNoValentine
|html|tbone603OhNoValentine    
|uhtml|bestof|Game 2 of a best-of-3
|t:|1756825660
|gametype|doubles
|player|p1|tbone603|170|1251
|player|p2|OhNoValentine|2|1192
|gen|9
|tier|[Gen 9] VGC 2025 Reg H (Bo3)
|rated|
|rule|Species Clause: Limit one of each Pokémon
|rule|Item Clause: Limit 1 of each item
|clearpoke
|poke|p1|Whimsicott, L50, M|
|poke|p1|Annihilape, L50, M|
|poke|p1|Arcanine-Hisui, L50, M|
|poke|p1|Gholdengo, L50|
|poke|p1|Gastrodon, L50, M|
|poke|p1|Meowscarada, L50, M|
|poke|p2|Incineroar, L50, M|
|poke|p2|Porygon2, L50|
|poke|p2|Amoonguss, L50, F|
|poke|p2|Ursaluna, L50, M|
|poke|p2|Gholdengo, L50|
|poke|p2|Sneasler, L50, M|
|teampreview|4
|showteam|p1|Whimsicott||CovertCloak|Prankster|Tailwind,Encore,BeatUp,Moonblast|||M|||50|,,,,,Dark]Annihilape||Leftovers|Defiant|Protect,BulkUp,DrainPunch,RageFist|||M|||50|,,,,,Fire]Arcanine-Hisui||ChoiceBand|Intimidate|Snarl,ExtremeSpeed,FlareBlitz,HeadSmash|||M|||50|,,,,,Bug]Gholdengo||LifeOrb|GoodasGold|Protect,NastyPlot,ShadowBall,MakeItRain||||||50|,,,,,Flying]Gastrodon||WideLens|StormDrain|Protect,Yawn,Recover,MuddyWater|||M|||50|,,,,,Grass]Meowscarada||FocusSash|Overgrow|Protect,FlowerTrick,KnockOff,AllySwitch|||M|||50|,,,,,Grass
|showteam|p2|Incineroar||SafetyGoggles|Intimidate|KnockOff,FlareBlitz,PartingShot,FakeOut|||M|||50|,,,,,Ghost]Porygon2||Eviolite|Download|TeraBlast,IceBeam,Recover,TrickRoom||||||50|,,,,,Fighting]Amoonguss||MentalHerb|Regenerator|Spore,RagePowder,PollenPuff,SludgeBomb|||F|||50|,,,,,Water]Ursaluna||FlameOrb|Guts|Facade,HeadlongRush,Substitute,Protect|||M|||50|,,,,,Ghost]Gholdengo||LifeOrb|GoodasGold|MakeItRain,ShadowBall,NastyPlot,Protect||||||50|,,,,,Water]Sneasler||WhiteHerb|Unburden|Protect,CloseCombat,DireClaw,ThroatChop|||M|||50|,,,,,Dark
|inactive|Battle timer is ON: inactive players will automatically lose when time's up. (requested by tbone603)
|
|t:|1756825683
|teamsize|p1|4
|teamsize|p2|4
|start
|switch|p1a: Annihilape|Annihilape, L50, M|100/100
|switch|p1b: Arcanine|Arcanine-Hisui, L50, M|100/100
|switch|p2a: Sneasler|Sneasler, L50, M|100/100
|switch|p2b: Porygon2|Porygon2, L50, shiny|100/100
|-ability|p1b: Arcanine|Intimidate|boost
|-unboost|p2a: Sneasler|atk|1
|-unboost|p2b: Porygon2|atk|1
|-ability|p2b: Porygon2|Download|boost
|-boost|p2b: Porygon2|atk|1
|-enditem|p2a: Sneasler|White Herb
|-clearnegativeboost|p2a: Sneasler|[silent]
|turn|1
|
|t:|1756825701
|move|p2a: Sneasler|Close Combat|p1b: Arcanine
|-supereffective|p1b: Arcanine
|-damage|p1b: Arcanine|0 fnt
|-unboost|p2a: Sneasler|def|1
|-unboost|p2a: Sneasler|spd|1
|faint|p1b: Arcanine
|move|p1a: Annihilape|Bulk Up|p1a: Annihilape
|-boost|p1a: Annihilape|atk|1
|-boost|p1a: Annihilape|def|1
|move|p2b: Porygon2|Trick Room|p2b: Porygon2
|-fieldstart|move: Trick Room|[of] p2b: Porygon2
|
|upkeep
|
|t:|1756825705
|switch|p1b: Gastrodon|Gastrodon, L50, M|100/100
|turn|2
|
|t:|1756825712
|switch|p2b: Amoonguss|Amoonguss, L50, F, shiny|100/100
|switch|p2a: Ursaluna|Ursaluna, L50, M, shiny|100/100
|move|p1b: Gastrodon|Muddy Water|p2a: Ursaluna|[spread] p2a,p2b
|-supereffective|p2a: Ursaluna
|-resisted|p2b: Amoonguss
|-damage|p2a: Ursaluna|62/100
|-damage|p2b: Amoonguss|91/100
|-unboost|p2a: Ursaluna|accuracy|1
|move|p1a: Annihilape|Drain Punch|p2b: Amoonguss
|-resisted|p2b: Amoonguss
|-damage|p2b: Amoonguss|68/100
|
|-status|p2a: Ursaluna|brn|[from] item: Flame Orb
|upkeep
|turn|3
|
|t:|1756825734
|-terastallize|p2a: Ursaluna|Ghost
|move|p1b: Gastrodon|Muddy Water|p2a: Ursaluna|[spread] p2a,p2b
|-resisted|p2b: Amoonguss
|-damage|p2a: Ursaluna|42/100 brn
|-damage|p2b: Amoonguss|58/100
|move|p2b: Amoonguss|Spore|p1b: Gastrodon
|-status|p1b: Gastrodon|slp|[from] move: Spore
|move|p2a: Ursaluna|Facade|p1b: Gastrodon|[miss]
|-miss|p2a: Ursaluna|p1b: Gastrodon
|move|p1a: Annihilape|Rage Fist|p2b: Amoonguss
|-crit|p2b: Amoonguss
|-damage|p2b: Amoonguss|11/100
|
|-damage|p2a: Ursaluna|36/100 brn|[from] brn
|upkeep
|turn|4
|
|t:|1756825748
|move|p1a: Annihilape|Protect|p1a: Annihilape
|-singleturn|p1a: Annihilape|Protect
|cant|p1b: Gastrodon|slp
|move|p2b: Amoonguss|Spore|p1a: Annihilape
|-activate|p1a: Annihilape|move: Protect
|move|p2a: Ursaluna|Facade|p1b: Gastrodon
|-damage|p1b: Gastrodon|0 fnt
|faint|p1b: Gastrodon
|
|-damage|p2a: Ursaluna|30/100 brn|[from] brn
|upkeep
|
|t:|1756825756
|switch|p1b: Gholdengo|Gholdengo, L50|100/100
|turn|5
|
|t:|1756825780
|move|p1b: Gholdengo|Protect|p1b: Gholdengo
|-singleturn|p1b: Gholdengo|Protect
|move|p2b: Amoonguss|Spore|p1a: Annihilape
|-status|p1a: Annihilape|slp|[from] move: Spore
|move|p2a: Ursaluna|Facade|p1b: Gholdengo
|-activate|p1b: Gholdengo|move: Protect
|cant|p1a: Annihilape|slp
|
|-damage|p2a: Ursaluna|24/100 brn|[from] brn
|-fieldend|move: Trick Room
|upkeep
|turn|6
|
|t:|1756825790
|switch|p2a: Porygon2|Porygon2, L50, shiny|100/100
|-ability|p2a: Porygon2|Download|boost
|-boost|p2a: Porygon2|spa|1
|switch|p2b: Sneasler|Sneasler, L50, M|100/100
|move|p1b: Gholdengo|Make It Rain|p2a: Porygon2|[spread] p2a,p2b
|-damage|p2a: Porygon2|56/100
|-damage|p2b: Sneasler|10/100
|-unboost|p1b: Gholdengo|spa|1
|-damage|p1b: Gholdengo|91/100|[from] item: Life Orb
|-curestatus|p1a: Annihilape|slp|[msg]
|move|p1a: Annihilape|Bulk Up|p1a: Annihilape
|-boost|p1a: Annihilape|atk|1
|-boost|p1a: Annihilape|def|1
|
|upkeep
|turn|7
|
|t:|1756825802
|switch|p2a: Ursaluna|Ursaluna, L50, M, shiny, tera:Ghost|24/100 brn
|move|p2b: Sneasler|Throat Chop|p1b: Gholdengo
|-supereffective|p1b: Gholdengo
|-damage|p1b: Gholdengo|25/100
|-start|p1b: Gholdengo|Throat Chop|[silent]
|move|p1b: Gholdengo|Shadow Ball|p2b: Sneasler
|-damage|p2b: Sneasler|0 fnt
|faint|p2b: Sneasler
|-damage|p1b: Gholdengo|15/100|[from] item: Life Orb
|move|p1a: Annihilape|Drain Punch|p2a: Ursaluna
|-immune|p2a: Ursaluna
|
|-damage|p2a: Ursaluna|18/100 brn|[from] brn
|upkeep
|
|t:|1756825811
|switch|p2b: Porygon2|Porygon2, L50, shiny|56/100
|-ability|p2b: Porygon2|Download|boost
|-boost|p2b: Porygon2|spa|1
|turn|8
|
|t:|1756825815
|move|p2a: Ursaluna|Protect|p2a: Ursaluna
|-singleturn|p2a: Ursaluna|Protect
|move|p1b: Gholdengo|Make It Rain|p2b: Porygon2|[spread] p2b
|-activate|p2a: Ursaluna|move: Protect
|-damage|p2b: Porygon2|24/100
|-unboost|p1b: Gholdengo|spa|1
|-damage|p1b: Gholdengo|5/100|[from] item: Life Orb
|move|p1a: Annihilape|Drain Punch|p2b: Porygon2
|-supereffective|p2b: Porygon2
|-damage|p2b: Porygon2|0 fnt
|faint|p2b: Porygon2
|
|-damage|p2a: Ursaluna|13/100 brn|[from] brn
|-end|p1b: Gholdengo|Throat Chop|[silent]
|upkeep
|
|t:|1756825817
|switch|p2b: Amoonguss|Amoonguss, L50, F, shiny|44/100
|turn|9
|-message|OhNoValentine forfeited.
|
|win|tbone603
|raw|tbone603's rating: 1251 → 1272(+21 for winning)
|raw|OhNoValentine's rating: 1192 → 1171(-21 for losing)
