|j|☆caarlos.g_7
|j|☆yeepatron
|html|caarlos.g_7yeepatron    
|uhtml|bestof|Game 2 of a best-of-3
|t:|1782235961
|gametype|doubles
|player|p1|caarlos.g_7|grimsley|1101
|player|p2|yeepatron|101|1090
|gen|9
|tier|[Gen 9 Champions] VGC 2026 Reg M-B (Bo3)
|rated|
|rule|Species Clause: Limit one of each Pokémon
|rule|Item Clause: Limit 1 of each item
|clearpoke
|poke|p1|Charizard, L50, M, shiny|
|poke|p1|Whimsicott, L50, F|
|poke|p1|Garchomp, L50, M|
|poke|p1|Gholdengo, L50|
|poke|p1|Kangaskhan, L50, F|
|poke|p1|Incineroar, L50, F, shiny|
|poke|p2|Swampert, L50, M|
|poke|p2|Pelipper, L50, M|
|poke|p2|Archaludon, L50, M, shiny|
|poke|p2|Sinistcha-Masterpiece, L50|
|poke|p2|Annihilape, L50, M, shiny|
|poke|p2|Grimmsnarl, L50, M|
|teampreview|4
|showteam|p1|Charizard||CharizarditeY|Blaze|WeatherBall,HeatWave,SolarBeam,Protect|Modest||M|||50|]Whimsicott||FocusSash|Prankster|Moonblast,Tailwind,Encore,Protect|Timid||F|||50|]Garchomp||LifeOrb|RoughSkin|Earthquake,DragonClaw,RockSlide,Protect|Jolly||M|||50|]Gholdengo||SpellTag|GoodasGold|MakeItRain,ShadowBall,NastyPlot,Protect|Modest|||||50|]Kangaskhan||Kangaskhanite|Scrappy|DoubleEdge,IcePunch,LowKick,FakeOut|Adamant||F|||50|]Incineroar||SitrusBerry|Intimidate|FlareBlitz,ThroatChop,PartingShot,FakeOut|Careful||F|||50|
|showteam|p2|Swampert||Swampertite|Damp|WaveCrash,IcePunch,HighHorsepower,Protect|Adamant||M|||50|]Pelipper||FocusSash|Drizzle|Hurricane,WeatherBall,Tailwind,WideGuard|Timid||M|||50|]Archaludon||Leftovers|Stamina|ElectroShot,DragonPulse,FlashCannon,Protect|Calm||M|||50|]Sinistcha-Masterpiece||KasibBerry|Hospitality|MatchaGotcha,RagePowder,LifeDew,TrickRoom|Bold|||||50|]Annihilape||SitrusBerry|VitalSpirit|DrainPunch,RageFist,BulkUp,Protect|Adamant||M|||50|]Grimmsnarl||LightClay|Prankster|PartingShot,Reflect,LightScreen,FoulPlay|Calm||M|||50|
|inactive|Battle timer is ON: inactive players will automatically lose when time's up. (requested by caarlos.g_7)
|
|t:|1782235991
|teamsize|p1|4
|teamsize|p2|4
|start
|switch|p1a: Charizard|Charizard, L50, M, shiny|100/100
|switch|p1b: Whimsicott|Whimsicott, L50, F|100/100
|switch|p2a: Swampert|Swampert, L50, M|100/100
|switch|p2b: Grimmsnarl|Grimmsnarl, L50, M|100/100
|turn|1
|inactive|caarlos.g_7 has 30 seconds left.
|
|t:|1782236019
|detailschange|p1a: Charizard|Charizard-Mega-Y, L50, M, shiny
|-mega|p1a: Charizard|Charizard|Charizardite Y
|-weather|SunnyDay|[from] ability: Drought|[of] p1a: Charizard
|detailschange|p2a: Swampert|Swampert-Mega, L50, M
|-mega|p2a: Swampert|Swampert|Swampertite
|move|p1b: Whimsicott|Tailwind|p1b: Whimsicott
|-sidestart|p1: caarlos.g_7|move: Tailwind
|move|p2b: Grimmsnarl|Light Screen|p2b: Grimmsnarl
|-sidestart|p2: yeepatron|move: Light Screen
|move|p1a: Charizard|Solar Beam||[still]
|-prepare|p1a: Charizard|Solar Beam
|-anim|p1a: Charizard|Solar Beam|p2a: Swampert
|-supereffective|p2a: Swampert|2
|-damage|p2a: Swampert|3/100
|move|p2a: Swampert|Wave Crash|p1a: Charizard
|-supereffective|p1a: Charizard|1
|-damage|p1a: Charizard|18/100
|-damage|p2a: Swampert|0 fnt|[from] Recoil
|faint|p2a: Swampert
|
|-weather|SunnyDay|[upkeep]
|upkeep
|
|t:|1782236036
|switch|p2a: Pelipper|Pelipper, L50, M|100/100
|-weather|RainDance|[from] ability: Drizzle|[of] p2a: Pelipper
|turn|2
|
|t:|1782236053
|switch|p1a: Incineroar|Incineroar, L50, F, shiny|100/100
|-ability|p1a: Incineroar|Intimidate|boost
|-unboost|p2a: Pelipper|atk|1
|-unboost|p2b: Grimmsnarl|atk|1
|move|p2b: Grimmsnarl|Parting Shot|p1a: Incineroar
|-hint|Since gen 7, Dark is immune to Prankster moves.
|-immune|p1a: Incineroar
|move|p1b: Whimsicott|Moonblast|p2b: Grimmsnarl
|-supereffective|p2b: Grimmsnarl|1
|-damage|p2b: Grimmsnarl|56/100
|move|p2a: Pelipper|Tailwind|p2a: Pelipper
|-sidestart|p2: yeepatron|move: Tailwind
|
|-weather|RainDance|[upkeep]
|upkeep
|turn|3
|
|t:|1782236071
|switch|p2b: Archaludon|Archaludon, L50, M, shiny|100/100
|move|p1b: Whimsicott|Encore|p2a: Pelipper
|-start|p2a: Pelipper|Encore
|move|p2a: Pelipper|Tailwind||[still]
|-fail|p2a: Pelipper
|move|p1a: Incineroar|Parting Shot|p2a: Pelipper
|-unboost|p2a: Pelipper|atk|1
|-unboost|p2a: Pelipper|spa|1
|
|t:|1782236081
|switch|p1a: Charizard|Charizard-Mega-Y, L50, M, shiny|18/100|[from] Parting Shot
|-weather|SunnyDay|[from] ability: Drought|[of] p1a: Charizard
|
|-weather|SunnyDay|[upkeep]
|upkeep
|turn|4
|
|t:|1782236092
|switch|p2a: Grimmsnarl|Grimmsnarl, L50, M|56/100
|move|p1b: Whimsicott|Moonblast|p2b: Archaludon
|-damage|p2b: Archaludon|77/100
|-ability|p2b: Archaludon|Stamina|boost
|-boost|p2b: Archaludon|def|1
|move|p1a: Charizard|Weather Ball|p2b: Archaludon
|-damage|p2b: Archaludon|20/100y
|-ability|p2b: Archaludon|Stamina|boost
|-boost|p2b: Archaludon|def|1
|move|p2b: Archaludon|Dragon Pulse|p1a: Charizard
|-damage|p1a: Charizard|0 fnt
|faint|p1a: Charizard
|
|-weather|SunnyDay|[upkeep]
|-heal|p2b: Archaludon|26/100|[from] item: Leftovers
|-sideend|p1: caarlos.g_7|move: Tailwind
|upkeep
|
|t:|1782236110
|switch|p1a: Gholdengo|Gholdengo, L50|100/100
|turn|5
|
|t:|1782236126
|move|p2b: Archaludon|Protect|p2b: Archaludon
|-singleturn|p2b: Archaludon|Protect
|move|p1b: Whimsicott|Encore|p2b: Archaludon
|-activate|p2b: Archaludon|move: Protect
|move|p2a: Grimmsnarl|Foul Play|p1a: Gholdengo
|-supereffective|p1a: Gholdengo|1
|-damage|p1a: Gholdengo|68/100
|move|p1a: Gholdengo|Nasty Plot|p1a: Gholdengo
|-boost|p1a: Gholdengo|spa|2
|
|-weather|SunnyDay|[upkeep]
|-heal|p2b: Archaludon|32/100|[from] item: Leftovers
|-sideend|p2: yeepatron|move: Tailwind
|upkeep
|turn|6
|
|t:|1782236142
|switch|p2b: Pelipper|Pelipper, L50, M|100/100
|-weather|RainDance|[from] ability: Drizzle|[of] p2b: Pelipper
|move|p1b: Whimsicott|Tailwind|p1b: Whimsicott
|-sidestart|p1: caarlos.g_7|move: Tailwind
|move|p1a: Gholdengo|Shadow Ball|p2b: Pelipper
|-enditem|p2b: Pelipper|Focus Sash
|-damage|p2b: Pelipper|1/100
|move|p2a: Grimmsnarl|Foul Play|p1a: Gholdengo
|-supereffective|p1a: Gholdengo|1
|-damage|p1a: Gholdengo|36/100
|
|-weather|RainDance|[upkeep]
|upkeep
|turn|7
|
|t:|1782236164
|move|p1b: Whimsicott|Moonblast|p2a: Grimmsnarl
|-supereffective|p2a: Grimmsnarl|1
|-damage|p2a: Grimmsnarl|16/100
|move|p1a: Gholdengo|Shadow Ball|p2b: Pelipper
|-damage|p2b: Pelipper|0 fnt
|faint|p2b: Pelipper
|move|p2a: Grimmsnarl|Foul Play|p1a: Gholdengo
|-supereffective|p1a: Gholdengo|1
|-damage|p1a: Gholdengo|5/100
|
|-weather|RainDance|[upkeep]
|upkeep
|
|t:|1782236174
|switch|p2b: Archaludon|Archaludon, L50, M, shiny|32/100
|turn|8
|
|t:|1782236191
|move|p2a: Grimmsnarl|Reflect|p2a: Grimmsnarl
|-sidestart|p2: yeepatron|Reflect
|move|p1b: Whimsicott|Moonblast|p2a: Grimmsnarl
|-supereffective|p2a: Grimmsnarl|1
|-damage|p2a: Grimmsnarl|0 fnt
|faint|p2a: Grimmsnarl
|move|p1a: Gholdengo|Shadow Ball|p2b: Archaludon
|-damage|p2b: Archaludon|0 fnt
|faint|p2b: Archaludon
|
|win|caarlos.g_7
||yeepatron is ready for game 3.
||caarlos.g_7 is ready for game 3.
|uhtml|next|Next: Game 3 of 3
|l|☆yeepatron
|player|p2|
