|j|☆Olciax34
|j|☆TheHorrorHare
|html|Olciax34TheHorrorHare    
|uhtml|bestof|Game 3 of a best-of-3
|t:|1783106932
|gametype|doubles
|player|p1|Olciax34|clair|1273
|player|p2|TheHorrorHare|#rbtt9royals2|1324
|gen|9
|tier|[Gen 9 Champions] VGC 2026 Reg M-B (Bo3)
|rated|
|rule|Species Clause: Limit one of each Pokémon
|rule|Item Clause: Limit 1 of each item
|clearpoke
|poke|p1|Charizard, L50, M|
|poke|p1|Whimsicott, L50, M|
|poke|p1|Garchomp, L50, F|
|poke|p1|Gholdengo, L50|
|poke|p1|Kangaskhan, L50, F|
|poke|p1|Incineroar, L50, F|
|poke|p2|Floette-Eternal, L50, F|
|poke|p2|Incineroar, L50, F|
|poke|p2|Sinistcha, L50|
|poke|p2|Delphox, L50, F|
|poke|p2|Sneasler, L50, M|
|poke|p2|Kingambit, L50, M|
|teampreview|4
|showteam|p1|Charizard||CharizarditeY|SolarPower|HeatWave,WeatherBall,SolarBeam,Protect|Modest||M|||50|]Whimsicott||FocusSash|Prankster|Moonblast,Tailwind,Encore,Protect|Timid||M|||50|]Garchomp||LifeOrb|RoughSkin|Earthquake,DragonClaw,RockSlide,Protect|Jolly||F|||50|]Gholdengo||SpellTag|GoodasGold|MakeItRain,ShadowBall,NastyPlot,Protect|Modest|||||50|]Kangaskhan||Kangaskhanite|Scrappy|DoubleEdge,IcePunch,LowKick,FakeOut|Adamant||F|||50|]Incineroar||SitrusBerry|Intimidate|FakeOut,ThroatChop,FlareBlitz,PartingShot|Careful||F|||50|
|showteam|p2|Floette-Eternal||Floettite|FlowerVeil|DrainingKiss,DazzlingGleam,CalmMind,Protect|Modest||F|||50|]Incineroar||SitrusBerry|Intimidate|FlareBlitz,ThroatChop,PartingShot,FakeOut|Careful||F|||50|]Sinistcha||KasibBerry|Hospitality|MatchaGotcha,TrickRoom,RagePowder,Protect|Bold|||||50|]Delphox||Delphoxite|Blaze|HeatWave,Psyshock,NastyPlot,Protect|Timid||F|||50|]Sneasler||FocusSash|PoisonTouch|PoisonJab,CloseCombat,FakeOut,QuickGuard|Jolly||M|||50|]Kingambit||BlackGlasses|Defiant|KowtowCleave,SuckerPunch,SwordsDance,Protect|Adamant||M|||50|
|inactive|Battle timer is ON: inactive players will automatically lose when time's up. (requested by TheHorrorHare)
|inactive|Olciax34 has 60 seconds left.
|inactive|TheHorrorHare has 60 seconds left.
|
|t:|1783106969
|teamsize|p1|4
|teamsize|p2|4
|start
|switch|p1a: Whimsicott|Whimsicott, L50, M|100/100
|switch|p1b: Kangaskhan|Kangaskhan, L50, F|100/100
|switch|p2a: Incineroar|Incineroar, L50, F|100/100
|switch|p2b: Floette|Floette-Eternal, L50, F|100/100
|-ability|p2a: Incineroar|Intimidate|boost
|-unboost|p1a: Whimsicott|atk|1
|-fail|p1b: Kangaskhan|unboost|Attack|[from] ability: Scrappy|[of] p1b: Kangaskhan
|turn|1
|inactive|Olciax34 has 30 seconds left.
|
|t:|1783107002
|detailschange|p2b: Floette|Floette-Mega, L50, F
|-mega|p2b: Floette|Floette|Floettite
|-ability|p2b: Floette|Fairy Aura
|move|p1b: Kangaskhan|Fake Out|p2a: Incineroar
|-damage|p2a: Incineroar|82/100
|move|p1a: Whimsicott|Moonblast|p2b: Floette
|-damage|p2b: Floette|65/100
|move|p2b: Floette|Dazzling Gleam|p1b: Kangaskhan|[spread] p1a,p1b
|-damage|p1a: Whimsicott|19/100
|-damage|p1b: Kangaskhan|58/100
|cant|p2a: Incineroar|flinch
|
|upkeep
|turn|2
|
|t:|1783107019
|detailschange|p1b: Kangaskhan|Kangaskhan-Mega, L50, F
|-mega|p1b: Kangaskhan|Kangaskhan|Kangaskhanite
|move|p2b: Floette|Protect|p2b: Floette
|-singleturn|p2b: Floette|Protect
|move|p1a: Whimsicott|Tailwind|p1a: Whimsicott
|-sidestart|p1: Olciax34|move: Tailwind
|move|p1b: Kangaskhan|Low Kick|p2a: Incineroar
|-supereffective|p2a: Incineroar|1
|-damage|p2a: Incineroar|28/100
|-enditem|p2a: Incineroar|Sitrus Berry|[eat]
|-heal|p2a: Incineroar|53/100|[from] item: Sitrus Berry
|-supereffective|p2a: Incineroar|1
|-damage|p2a: Incineroar|39/100
|-hitcount|p2a: Incineroar|2
|move|p2a: Incineroar|Parting Shot|p1b: Kangaskhan
|-unboost|p1b: Kangaskhan|atk|1
|-unboost|p1b: Kangaskhan|spa|1
|
|t:|1783107032
|switch|p2a: Sneasler|Sneasler, L50, M|100/100|[from] Parting Shot
|
|upkeep
|turn|3
|
|t:|1783107049
|move|p2a: Sneasler|Fake Out|p1a: Whimsicott
|-damage|p1a: Whimsicott|0 fnt
|faint|p1a: Whimsicott
|move|p1b: Kangaskhan|Double-Edge|p2b: Floette
|-damage|p2b: Floette|19/100
|-damage|p2b: Floette|7/100
|-hitcount|p2b: Floette|2
|-damage|p1b: Kangaskhan|42/100|[from] Recoil
|move|p2b: Floette|Draining Kiss|p1b: Kangaskhan
|-damage|p1b: Kangaskhan|8/100
|-heal|p2b: Floette|38/100|[from] drain|[of] p1b: Kangaskhan
|
|upkeep
|
|t:|1783107069
|switch|p1a: Gholdengo|Gholdengo, L50|100/100
|turn|4
|
|t:|1783107079
|switch|p2b: Kingambit|Kingambit, L50, M|100/100
|move|p1a: Gholdengo|Shadow Ball|p2a: Sneasler
|-damage|p2a: Sneasler|29/100
|move|p1b: Kangaskhan|Double-Edge|p2a: Sneasler
|-damage|p2a: Sneasler|0 fnt
|faint|p2a: Sneasler
|-damage|p1b: Kangaskhan|1/100|[from] Recoil
|
|upkeep
|
|t:|1783107084
|switch|p2a: Incineroar|Incineroar, L50, F|39/100
|-ability|p2a: Incineroar|Intimidate|boost
|-unboost|p1a: Gholdengo|atk|1
|-unboost|p1b: Kangaskhan|atk|1
|turn|5
|
|t:|1783107103
|switch|p1b: Incineroar|Incineroar, L50, F|100/100
|-ability|p1b: Incineroar|Intimidate|boost
|-unboost|p2a: Incineroar|atk|1
|-unboost|p2b: Kingambit|atk|1
|-ability|p2b: Kingambit|Defiant|boost
|-boost|p2b: Kingambit|atk|2
|move|p1a: Gholdengo|Protect|p1a: Gholdengo
|-singleturn|p1a: Gholdengo|Protect
|move|p2a: Incineroar|Fake Out|p1b: Incineroar
|-damage|p1b: Incineroar|94/100
|move|p2b: Kingambit|Swords Dance|p2b: Kingambit
|-boost|p2b: Kingambit|atk|2
|
|-sideend|p1: Olciax34|move: Tailwind
|upkeep
|turn|6
|
|t:|1783107126
|switch|p2a: Floette|Floette-Mega, L50, F|38/100
|-ability|p2a: Floette|Fairy Aura
|move|p2b: Kingambit|Protect|p2b: Kingambit
|-singleturn|p2b: Kingambit|Protect
|move|p1a: Gholdengo|Shadow Ball|p2b: Kingambit
|-activate|p2b: Kingambit|move: Protect
|move|p1b: Incineroar|Flare Blitz|p2b: Kingambit
|-activate|p2b: Kingambit|move: Protect
|
|upkeep
|turn|7
|
|t:|1783107149
|move|p2b: Kingambit|Sucker Punch|p1b: Incineroar
|-resisted|p1b: Incineroar|1
|-damage|p1b: Incineroar|42/100
|-enditem|p1b: Incineroar|Sitrus Berry|[eat]
|-heal|p1b: Incineroar|67/100|[from] item: Sitrus Berry
|move|p2a: Floette|Dazzling Gleam|p1a: Gholdengo|[spread] p1a,p1b
|-resisted|p1a: Gholdengo|1
|-damage|p1a: Gholdengo|77/100
|-damage|p1b: Incineroar|31/100
|move|p1a: Gholdengo|Shadow Ball|p2b: Kingambit
|-resisted|p2b: Kingambit|1
|-damage|p2b: Kingambit|76/100
|move|p1b: Incineroar|Flare Blitz|p2b: Kingambit
|-supereffective|p2b: Kingambit|1
|-damage|p2b: Kingambit|4/100
|-status|p2b: Kingambit|brn
|-damage|p1b: Incineroar|6/100|[from] Recoil
|
|-damage|p2b: Kingambit|0 fnt|[from] brn
|faint|p2b: Kingambit
|upkeep
|
|t:|1783107165
|switch|p2b: Incineroar|Incineroar, L50, F|39/100
|-ability|p2b: Incineroar|Intimidate|boost
|-unboost|p1a: Gholdengo|atk|1
|-unboost|p1b: Incineroar|atk|1
|turn|8
|
|t:|1783107185
|move|p2a: Floette|Protect|p2a: Floette
|-singleturn|p2a: Floette|Protect
|move|p1a: Gholdengo|Protect|p1a: Gholdengo
|-singleturn|p1a: Gholdengo|Protect
|move|p2b: Incineroar|Flare Blitz|p1a: Gholdengo
|-activate|p1a: Gholdengo|move: Protect
|move|p1b: Incineroar|Flare Blitz|p2a: Floette
|-activate|p2a: Floette|move: Protect
|
|upkeep
|turn|9
|
|t:|1783107204
|move|p2a: Floette|Protect|p2a: Floette
|-singleturn|p2a: Floette|Protect
|move|p1a: Gholdengo|Make It Rain|p2a: Floette|[spread] p2b
|-activate|p2a: Floette|move: Protect
|-resisted|p2b: Incineroar|1
|-damage|p2b: Incineroar|20/100y
|-unboost|p1a: Gholdengo|spa|2
|move|p2b: Incineroar|Flare Blitz|p1a: Gholdengo
|-supereffective|p1a: Gholdengo|1
|-damage|p1a: Gholdengo|0 fnt
|faint|p1a: Gholdengo
|-damage|p2b: Incineroar|0 fnt|[from] Recoil
|faint|p2b: Incineroar
|move|p1b: Incineroar|Flare Blitz|p2a: Floette
|-activate|p2a: Floette|move: Protect
|
|upkeep
|
|t:|1783107219
|switch|p1a: Kangaskhan|Kangaskhan-Mega, L50, F|1/100
|turn|10
|
|t:|1783107223
|move|p2a: Floette|Protect||[still]
|-fail|p2a: Floette
|move|p1a: Kangaskhan|Fake Out|p2a: Floette
|-damage|p2a: Floette|14/100
|-damage|p2a: Floette|8/100
|-hitcount|p2a: Floette|2
|move|p1b: Incineroar|Flare Blitz|p2a: Floette
|-damage|p2a: Floette|0 fnt
|faint|p2a: Floette
|-damage|p1b: Incineroar|3/100|[from] Recoil
|
|win|Olciax34
|raw|Olciax34's rating: 1273 → 1302(+29 for winning)
|raw|TheHorrorHare's rating: 1324 → 1301(-23 for losing)
|l|☆TheHorrorHare
|player|p2|
