|j|☆fujishimamegumi
|j|☆Il Mule
|html|fujishimamegumiIl Mule    
|uhtml|bestof|Game 1 of a best-of-3
|t:|1786096888
|gametype|doubles
|player|p1|fujishimamegumi|169|1245
|player|p2|Il Mule|salvatore|1545
|gen|9
|tier|[Gen 9 Champions] VGC 2026 Reg M-B (Bo3)
|rated|
|rule|Species Clause: Limit one of each Pokémon
|rule|Item Clause: Limit 1 of each item
|clearpoke
|poke|p1|Raichu, L50, M|
|poke|p1|Sylveon, L50, F|
|poke|p1|Arcanine-Hisui, L50, F|
|poke|p1|Kingambit, L50, F|
|poke|p1|Farigiraf, L50, F|
|poke|p1|Staraptor, L50, F|
|poke|p2|Corviknight, L50, M|
|poke|p2|Tyranitar, L50, F|
|poke|p2|Garchomp, L50, M|
|poke|p2|Incineroar, L50, F|
|poke|p2|Venusaur, L50, F|
|poke|p2|Houndstone, L50, M|
|teampreview|4
|showteam|p1|Raichu||RaichuniteY|LightningRod|Protect,ZapCannon,FocusBlast,FakeOut|Timid||M|||50|]Sylveon||FairyFeather|Pixilate|Detect,HyperVoice,HyperBeam,QuickAttack|Modest||F|||50|]Arcanine-Hisui||FocusSash|RockHead|Protect,FlareBlitz,HeadSmash,ExtremeSpeed|Jolly||F|||50|]Kingambit||BlackGlasses|Defiant|Protect,KowtowCleave,SwordsDance,SuckerPunch|Adamant||F|||50|]Farigiraf||SitrusBerry|ArmorTail|Protect,Psychic,HelpingHand,TrickRoom|Calm||F|||50|]Staraptor||Staraptite|Intimidate|Protect,DualWingbeat,CloseCombat,Tailwind|Jolly||F|||50|
|showteam|p2|Corviknight||OccaBerry|MirrorArmor|BraveBird,IronHead,Tailwind,Roost|Impish||M|||50|]Tyranitar||Tyranitarite|SandStream|RockSlide,KnockOff,DragonDance,Protect|Jolly||F|||50|]Garchomp||LifeOrb|RoughSkin|Earthquake,RockSlide,DragonClaw,Protect|Jolly||M|||50|]Incineroar||SitrusBerry|Intimidate|FlareBlitz,HelpingHand,PartingShot,FakeOut|Impish||F|||50|]Venusaur||Venusaurite|Chlorophyll|EnergyBall,SludgeBomb,EarthPower,Protect|Modest||F|||50|]Houndstone||SpellTag|SandRush|Poltergeist,WillOWisp,Howl,Protect|Adamant||M|||50|
|c|☆Il Mule|bella sfida per argo
|j| rovesciaporci
|inactive|Battle timer is ON: inactive players will automatically lose when time's up. (requested by fujishimamegumi)
|
|t:|1786096950
|teamsize|p1|4
|teamsize|p2|4
|start
|switch|p1a: Staraptor|Staraptor, L50, F|100/100
|switch|p1b: Sylveon|Sylveon, L50, F|100/100
|switch|p2a: Quando provo|Tyranitar, L50, F|100/100
|switch|p2b: Argo|Houndstone, L50, M|100/100
|-ability|p1a: Staraptor|Intimidate|boost
|-unboost|p2a: Quando provo|atk|1
|-unboost|p2b: Argo|atk|1
|-weather|Sandstorm|[from] ability: Sand Stream|[of] p2a: Quando provo
|turn|1
|c| rovesciaporci|ah ma qui tra l'altro lo si può fare sashe
|
|t:|1786096975
|switch|p2a: Sidy|Incineroar, L50, F|100/100
|-ability|p2a: Sidy|Intimidate|boost
|-unboost|p1a: Staraptor|atk|1
|-unboost|p1b: Sylveon|atk|1
|move|p1a: Staraptor|Protect|p1a: Staraptor
|-singleturn|p1a: Staraptor|Protect
|move|p2b: Argo|Will-O-Wisp|p1a: Staraptor
|-activate|p1a: Staraptor|move: Protect
|move|p1b: Sylveon|Hyper Voice|p2b: Argo|[spread] p2a,p2b
|-damage|p2a: Sidy|59/100
|-damage|p2b: Argo|50/100g
|
|-weather|Sandstorm|[upkeep]
|-damage|p1a: Staraptor|94/100|[from] Sandstorm
|-damage|p1b: Sylveon|94/100|[from] Sandstorm
|-damage|p2a: Sidy|53/100|[from] Sandstorm
|upkeep
|turn|2
|c|☆Il Mule|g2
|j| estupinanthepuledr
|
|t:|1786096999
|switch|p1a: Farigiraf|Farigiraf, L50, F|100/100
|move|p2b: Argo|Poltergeist|p1b: Sylveon
|-activate|p1b: Sylveon|move: Poltergeist|Fairy Feather
|-crit|p1b: Sylveon
|-damage|p1b: Sylveon|14/100
|move|p1b: Sylveon|Hyper Voice|p2a: Sidy|[spread] p2a,p2b
|-damage|p2a: Sidy|14/100
|-damage|p2b: Argo|1/100
|-enditem|p2a: Sidy|Sitrus Berry|[eat]
|-heal|p2a: Sidy|39/100|[from] item: Sitrus Berry
|move|p2a: Sidy|Flare Blitz|p1b: Sylveon
|-damage|p1b: Sylveon|0 fnt
|faint|p1b: Sylveon
|-damage|p2a: Sidy|35/100|[from] Recoil
|
|-weather|Sandstorm|[upkeep]
|-damage|p2a: Sidy|29/100|[from] Sandstorm
|-damage|p1a: Farigiraf|94/100|[from] Sandstorm
|upkeep
|j| Vg0 champ
|
|t:|1786097020
|switch|p1b: Staraptor|Staraptor, L50, F|94/100
|-ability|p1b: Staraptor|Intimidate|boost
|-unboost|p2a: Sidy|atk|1
|-unboost|p2b: Argo|atk|1
|turn|3
|c| estupinanthepuledr|Che animale argo
|inactive|Il Mule has 30 seconds left.
|inactive|Il Mule has 20 seconds left.
|inactive|Il Mule has 15 seconds left.
|inactive|Il Mule has 10 seconds left.
|c| Vg0 champ|Come ha retto
|
|t:|1786097068
|move|p1b: Staraptor|Protect|p1b: Staraptor
|-singleturn|p1b: Staraptor|Protect
|move|p2b: Argo|Will-O-Wisp|p1b: Staraptor
|-activate|p1b: Staraptor|move: Protect
|move|p2a: Sidy|Parting Shot|p1a: Farigiraf
|-unboost|p1a: Farigiraf|atk|1
|-unboost|p1a: Farigiraf|spa|1
|
|t:|1786097074
|switch|p2a: Quando provo|Tyranitar, L50, F|100/100|[from] Parting Shot
|move|p1a: Farigiraf|Psychic|p2b: Argo
|-damage|p2b: Argo|0 fnt
|faint|p2b: Argo
|
|-weather|Sandstorm|[upkeep]
|-damage|p1b: Staraptor|88/100|[from] Sandstorm
|-damage|p1a: Farigiraf|88/100|[from] Sandstorm
|upkeep
|
|t:|1786097086
|switch|p2b: Sidy|Incineroar, L50, F|29/100
|-ability|p2b: Sidy|Intimidate|boost
|-unboost|p1a: Farigiraf|atk|1
|-unboost|p1b: Staraptor|atk|1
|turn|4
|
|t:|1786097108
|switch|p1a: Kingambit|Kingambit, L50, F|100/100
|detailschange|p1b: Staraptor|Staraptor-Mega, L50, F
|-mega|p1b: Staraptor|Staraptor|Staraptite
|detailschange|p2a: Quando provo|Tyranitar-Mega, L50, F
|-mega|p2a: Quando provo|Tyranitar|Tyranitarite
|move|p1b: Staraptor|Close Combat|p2b: Sidy
|-supereffective|p2b: Sidy|1
|-damage|p2b: Sidy|0 fnt
|-boost|p1b: Staraptor|def|1
|-boost|p1b: Staraptor|spd|1
|faint|p2b: Sidy
|move|p2a: Quando provo|Dragon Dance|p2a: Quando provo
|-boost|p2a: Quando provo|atk|1
|-boost|p2a: Quando provo|spe|1
|
|-weather|Sandstorm|[upkeep]
|-damage|p1b: Staraptor|82/100|[from] Sandstorm
|upkeep
|
|t:|1786097115
|switch|p2b: Venusaur|Venusaur, L50, F|100/100
|turn|5
|j| Jenny Nencioni
|
|t:|1786097135
|move|p2a: Quando provo|Rock Slide|p1a: Kingambit|[spread] p1a,p1b
|-resisted|p1a: Kingambit|1
|-damage|p1a: Kingambit|84/100
|-damage|p1b: Staraptor|52/100
|cant|p1b: Staraptor|flinch
|move|p2b: Venusaur|Earth Power|p1a: Kingambit
|-supereffective|p1a: Kingambit|1
|-damage|p1a: Kingambit|39/100
|move|p1a: Kingambit|Kowtow Cleave|p2b: Venusaur
|-damage|p2b: Venusaur|41/100
|
|-weather|none
|upkeep
|turn|6
|c| Jenny Nencioni|Fischia che culo
|
|t:|1786097155
|move|p2b: Venusaur|Protect|p2b: Venusaur
|-singleturn|p2b: Venusaur|Protect
|move|p1a: Kingambit|Sucker Punch||[still]
|-fail|p1a: Kingambit
|move|p2a: Quando provo|Rock Slide|p1a: Kingambit|[spread] p1a
|-miss|p2a: Quando provo|p1b: Staraptor
|-resisted|p1a: Kingambit|1
|-crit|p1a: Kingambit
|-damage|p1a: Kingambit|12/100
|move|p1b: Staraptor|Close Combat|p2a: Quando provo
|-supereffective|p2a: Quando provo|2
|-damage|p2a: Quando provo|4/100
|-boost|p1b: Staraptor|def|1
|-boost|p1b: Staraptor|spd|1
|
|upkeep
|turn|7
|
|t:|1786097171
|move|p2b: Venusaur|Protect||[still]
|-fail|p2b: Venusaur
|move|p1a: Kingambit|Sucker Punch|p2a: Quando provo
|-resisted|p2a: Quando provo|1
|-damage|p2a: Quando provo|0 fnt
|faint|p2a: Quando provo
|move|p1b: Staraptor|Dual Wingbeat|p2b: Venusaur
|-supereffective|p2b: Venusaur|1
|-damage|p2b: Venusaur|11/100
|-supereffective|p2b: Venusaur|1
|-damage|p2b: Venusaur|0 fnt
|faint|p2b: Venusaur
|-hitcount|p2: Venusaur|2
|
|win|fujishimamegumi
||Il Mule is ready for game 2.
||fujishimamegumi is ready for game 2.
|uhtml|next|Next: Game 2 of 3
|j| cheat99
|l| cheat99
|j| cheat99
|l| Vg0 champ
|j| lakaka siuuu
|j| Vg0 champ
|l| Jenny Nencioni
|l| rovesciaporci
|l| Vg0 champ
|l|☆Il Mule
|player|p2|
|l| lakaka siuuu
|l| estupinanthepuledr
|l| cheat99
|j| Vg0 champ
