|j|☆Sculked
|j|☆kanonkugle
|html|Sculkedkanonkugle    
|uhtml|bestof|Game 1 of a best-of-3
|t:|1783326559
|gametype|doubles
|player|p1|Sculked|will|
|player|p2|kanonkugle|unknown|
|gen|9
|tier|[Gen 9 Champions] VGC 2026 Reg M-B (Bo3)
|rule|Species Clause: Limit one of each Pokémon
|rule|Item Clause: Limit 1 of each item
|clearpoke
|poke|p1|Blastoise, L50, F|
|poke|p1|Meowstic, L50, M|
|poke|p1|Raichu, L50, F|
|poke|p1|Dragonite, L50, F|
|poke|p1|Farigiraf, L50, M, shiny|
|poke|p1|Staraptor, L50, F, shiny|
|poke|p2|Pelipper, L50, M|
|poke|p2|Eelektross, L50, M|
|poke|p2|Basculegion-F, L50, F|
|poke|p2|Politoed, L50, M|
|poke|p2|Roserade, L50, M|
|poke|p2|Archaludon, L50, M|
|teampreview|4
|showteam|p1|Blastoise||WhiteHerb|RainDish|ShellSmash,TerrainPulse,AuraSphere,Protect|Modest||F|||50|]Meowstic||BrightPowder|Prankster|PsychicTerrain,ExpandingForce,BatonPass,CalmMind|Modest||M|||50|]Raichu||RaichuniteY|LightningRod|ZapCannon,Discharge,Protect,FocusBlast|Bold||F|||50|]Dragonite||LifeOrb|Multiscale|IceSpinner,DragonDance,ExtremeSpeed,Earthquake|Jolly||F|||50|]Farigiraf||SitrusBerry|CudChew|PsychicTerrain,EnergyBall,ExpandingForce,Wish|Bold||M|||50|]Staraptor||BlackBelt|Intimidate|CloseCombat,Roost,SteelWing,BlazeKick|Jolly||F|||50|
|showteam|p2|Pelipper||DampRock|Drizzle|Hurricane,HydroPump,Tailwind,Uturn|Modest||M|||50|]Eelektross||Eelektrossite|Levitate|Thunder,Liquidation,ThunderWave,Coil|Hasty||M|||50|]Basculegion-F||LifeOrb|SwiftSwim|LastRespects,Waterfall,AquaJet,IceFang|Adamant||F|||50|]Politoed||Leftovers|Drizzle|HelpingHand,IcyWind,HydroPump,Rest|Modest||M|||50|]Roserade||BigRoot|PoisonPoint|LeechSeed,Toxic,SludgeBomb,GigaDrain|Calm||M|||50|]Archaludon||SitrusBerry|Stamina|ElectroShot,FlashCannon,AuraSphere,Protect|Timid||M|||50|
|
|t:|1783326621
|teamsize|p1|4
|teamsize|p2|4
|start
|switch|p1a: Meowstic|Meowstic, L50, M|100/100
|switch|p1b: Garuda|Dragonite, L50, F|100/100
|switch|p2a: Archaludon|Archaludon, L50, M|100/100
|switch|p2b: Pelipper|Pelipper, L50, M|100/100
|-weather|RainDance|[from] ability: Drizzle|[of] p2b: Pelipper
|turn|1
|
|t:|1783326652
|move|p2a: Archaludon|Protect|p2a: Archaludon
|-singleturn|p2a: Archaludon|Protect
|move|p1a: Meowstic|Calm Mind|p1a: Meowstic
|-boost|p1a: Meowstic|spa|1
|-boost|p1a: Meowstic|spd|1
|move|p1b: Garuda|Dragon Dance|p1b: Garuda
|-boost|p1b: Garuda|atk|1
|-boost|p1b: Garuda|spe|1
|move|p2b: Pelipper|Tailwind|p2b: Pelipper
|-sidestart|p2: kanonkugle|move: Tailwind
|
|-weather|RainDance|[upkeep]
|upkeep
|turn|2
|
|t:|1783326685
|move|p1a: Meowstic|Baton Pass|p1a: Meowstic
|
|t:|1783326687
|switch|p1a: Maple|Raichu, L50, F|100/100|[from] Baton Pass
|move|p2a: Archaludon|Electro Shot||[still]
|-activate|p1a: Maple|ability: Lightning Rod
|-prepare|p2a: Archaludon|Electro Shot
|-boost|p2a: Archaludon|spa|1
|-anim|p2a: Archaludon|Electro Shot|p1a: Maple
|-ability|p1a: Maple|Lightning Rod|boost
|-boost|p1a: Maple|spa|1
|move|p1b: Garuda|Ice Spinner|p2b: Pelipper
|-damage|p2b: Pelipper|42/100
|-damage|p1b: Garuda|90/100|[from] item: Life Orb
|move|p2b: Pelipper|Hurricane|p1b: Garuda
|-damage|p1b: Garuda|34/100
|
|-weather|RainDance|[upkeep]
|upkeep
|turn|3
|
|t:|1783326713
|detailschange|p1a: Maple|Raichu-Mega-Y, L50, F
|-mega|p1a: Maple|Raichu|Raichunite Y
|move|p2a: Archaludon|Aura Sphere|p1a: Maple
|-damage|p1a: Maple|64/100
|move|p1b: Garuda|Ice Spinner|p2b: Pelipper
|-damage|p2b: Pelipper|0 fnt
|faint|p2b: Pelipper
|-damage|p1b: Garuda|25/100|[from] item: Life Orb
|move|p1a: Maple|Focus Blast|p2a: Archaludon
|-supereffective|p2a: Archaludon|1
|-damage|p2a: Archaludon|0 fnt
|faint|p2a: Archaludon
|
|-weather|RainDance|[upkeep]
|upkeep
|
|t:|1783326725
|switch|p2a: Politoed|Politoed, L50, M|100/100
|switch|p2b: Eelektross|Eelektross, L50, M|100/100
|turn|4
|
|t:|1783326772
|detailschange|p2b: Eelektross|Eelektross-Mega, L50, M
|-mega|p2b: Eelektross|Eelektross|Eelektrossite
|move|p1b: Garuda|Extreme Speed|p2b: Eelektross
|-damage|p2b: Eelektross|21/100
|-damage|p1b: Garuda|15/100|[from] item: Life Orb
|move|p2b: Eelektross|Thunder|p1b: Garuda
|-crit|p1b: Garuda
|-damage|p1b: Garuda|0 fnt
|faint|p1b: Garuda
|-ability|p2b: Eelektross|Eelevate|boost
|-boost|p2b: Eelektross|atk|1
|move|p2a: Politoed|Icy Wind|p1a: Maple
|-damage|p1a: Maple|49/100
|-unboost|p1a: Maple|spe|1
|move|p1a: Maple|Zap Cannon|p2a: Politoed
|-supereffective|p2a: Politoed|1
|-damage|p2a: Politoed|0 fnt
|faint|p2a: Politoed
|
|-weather|RainDance|[upkeep]
|-sideend|p2: kanonkugle|move: Tailwind
|upkeep
|
|t:|1783326799
|switch|p1b: Rhubarb|Farigiraf, L50, M, shiny|100/100
|turn|5
|
|t:|1783326810
|move|p2b: Eelektross|Thunder|p1b: Rhubarb
|-damage|p1b: Rhubarb|62/100
|-status|p1b: Rhubarb|par
|move|p1a: Maple|Focus Blast|p2b: Eelektross
|-damage|p2b: Eelektross|0 fnt
|faint|p2b: Eelektross
|
|win|Sculked
||kanonkugle is ready for game 2.
|c|☆kanonkugle|gg
|inactive|Sculked has 30 seconds to confirm battle start!
|c|☆Sculked|gg
||Sculked is ready for game 2.
|uhtml|next|Next: Game 2 of 3
