|j|☆Shieler
|j|☆iannaVi
|html|ShieleriannaVi    
|uhtml|bestof|Game 3 of a best-of-3
|t:|1783936604
|gametype|doubles
|player|p1|Shieler|shadowtriad|1147
|player|p2|iannaVi|cheren-gen5bw2|1207
|gen|9
|tier|[Gen 9 Champions] VGC 2026 Reg M-B (Bo3)
|rated|
|rule|Species Clause: Limit one of each Pokémon
|rule|Item Clause: Limit 1 of each item
|clearpoke
|poke|p1|Crabominable, L50, M|
|poke|p1|Gardevoir, L50, M|
|poke|p1|Aegislash, L50, M|
|poke|p1|Mimikyu, L50, M|
|poke|p1|Infernape, L50, F|
|poke|p1|Hydreigon, L50, F|
|poke|p2|Sylveon, L50, M|
|poke|p2|Charizard, L50, F|
|poke|p2|Garchomp, L50, M|
|poke|p2|Aerodactyl, L50, M|
|poke|p2|Kingambit, L50, F|
|poke|p2|Farigiraf, L50, F|
|teampreview|4
|showteam|p1|Crabominable||Crabominite|HyperCutter|DrainPunch,IcePunch,MachPunch,Protect|Adamant||M|||50|]Gardevoir||Gardevoirite|Trace|HyperVoice,Psyshock,VacuumWave,Protect|Timid||M|||50|]Aegislash||Leftovers|StanceChange|Poltergeist,IronHead,ShadowSneak,KingsShield|Adamant||M|||50|]Mimikyu||MentalHerb|Disguise|ShadowClaw,PlayRough,TrickRoom,Protect|Sassy||M|||50|]Infernape||ChoiceScarf|IronFist|Switcheroo,FlareBlitz,CloseCombat,WillOWisp|Jolly||F|||50|]Hydreigon||FocusSash|Levitate|DracoMeteor,DarkPulse,Tailwind,Protect|Timid||F|||50|
|showteam|p2|Sylveon||FairyFeather|Pixilate|HyperVoice,HyperBeam,QuickAttack,Detect|Modest||M|||50|]Charizard||CharizarditeY|Blaze|WeatherBall,HeatWave,SolarBeam,Protect|Modest||F|||50|]Garchomp||LifeOrb|RoughSkin|DragonClaw,Protect,StompingTantrum,Earthquake|Jolly||M|||50|]Aerodactyl||Aerodactylite|Unnerve|RockSlide,IceFang,Tailwind,DualWingbeat|Jolly||M|||50|]Kingambit||FocusSash|Defiant|KowtowCleave,IronHead,SuckerPunch,LowKick|Adamant||F|||50|]Farigiraf||SitrusBerry|ArmorTail|TwinBeam,Thunderbolt,TrickRoom,Roar|Relaxed||F|||50|
|inactive|Battle timer is ON: inactive players will automatically lose when time's up. (requested by Shieler)
|
|t:|1783936630
|teamsize|p1|4
|teamsize|p2|4
|start
|switch|p1a: Aegislash|Aegislash, L50, M|100/100
|switch|p1b: Infernape|Infernape, L50, F|100/100
|switch|p2a: Kingambit|Kingambit, L50, F|100/100
|switch|p2b: Farigiraf|Farigiraf, L50, F|100/100
|turn|1
|
|t:|1783936654
|switch|p2a: Sylveon|Sylveon, L50, M|100/100
|move|p1b: Infernape|Flare Blitz|p2a: Sylveon
|-damage|p2a: Sylveon|32/100
|-status|p2a: Sylveon|brn
|-damage|p1b: Infernape|71/100|[from] Recoil
|-formechange|p1a: Aegislash|Aegislash-Blade|
|move|p1a: Aegislash|Iron Head|p2a: Sylveon
|-supereffective|p2a: Sylveon|1
|-damage|p2a: Sylveon|0 fnt
|faint|p2a: Sylveon
|move|p2b: Farigiraf|Twin Beam|p1b: Infernape
|-supereffective|p1b: Infernape|1
|-damage|p1b: Infernape|20/100y
|-supereffective|p1b: Infernape|1
|-damage|p1b: Infernape|0 fnt
|faint|p1b: Infernape
|-hitcount|p1: Infernape|2
|
|upkeep
|j| new mental
|l| new mental
|
|t:|1783936672
|switch|p1b: Mimikyu|Mimikyu, L50, M|100/100
|switch|p2a: Charizard|Charizard, L50, F|100/100
|turn|2
|
|t:|1783936694
|detailschange|p2a: Charizard|Charizard-Mega-Y, L50, F
|-mega|p2a: Charizard|Charizard|Charizardite Y
|-weather|SunnyDay|[from] ability: Drought|[of] p2a: Charizard
|move|p1b: Mimikyu|Protect|p1b: Mimikyu
|-singleturn|p1b: Mimikyu|Protect
|-formechange|p1a: Aegislash|Aegislash|
|move|p1a: Aegislash|King's Shield|p1a: Aegislash
|-singleturn|p1a: Aegislash|Protect
|move|p2a: Charizard|Heat Wave|p1b: Mimikyu|[spread] 
|-activate|p1a: Aegislash|move: Protect
|-activate|p1b: Mimikyu|move: Protect
|move|p2b: Farigiraf|Trick Room|p2b: Farigiraf
|-fieldstart|move: Trick Room|[of] p2b: Farigiraf
|
|-weather|SunnyDay|[upkeep]
|upkeep
|turn|3
|inactive|Shieler has 30 seconds left.
|
|t:|1783936724
|-formechange|p1a: Aegislash|Aegislash-Blade|
|move|p1a: Aegislash|Poltergeist|p2a: Charizard
|-activate|p2a: Charizard|move: Poltergeist|Charizardite Y
|-damage|p2a: Charizard|37/100
|move|p1b: Mimikyu|Play Rough|p2a: Charizard
|-resisted|p2a: Charizard|1
|-damage|p2a: Charizard|23/100
|move|p2a: Charizard|Heat Wave|p1b: Mimikyu|[spread] p1a,p1b
|-supereffective|p1a: Aegislash|1
|-damage|p1a: Aegislash|0 fnt
|-activate|p1b: Mimikyu|ability: Disguise
|-damage|p1b: Mimikyu|100/100
|detailschange|p1b: Mimikyu|Mimikyu-Busted, L50, M
|-damage|p1b: Mimikyu|87/100|[from] pokemon: Mimikyu-Busted
|faint|p1a: Aegislash
|move|p2b: Farigiraf|Trick Room|p2b: Farigiraf
|-fieldend|move: Trick Room
|
|-weather|SunnyDay|[upkeep]
|upkeep
|
|t:|1783936741
|switch|p1a: Crabominable|Crabominable, L50, M|100/100
|turn|4
|
|t:|1783936765
|move|p1a: Crabominable|Protect|p1a: Crabominable
|-singleturn|p1a: Crabominable|Protect
|move|p2a: Charizard|Heat Wave|p1a: Crabominable|[spread] p1b
|-activate|p1a: Crabominable|move: Protect
|-damage|p1b: Mimikyu|33/100
|move|p1b: Mimikyu|Shadow Claw|p2a: Charizard
|-damage|p2a: Charizard|2/100
|move|p2b: Farigiraf|Twin Beam|p1b: Mimikyu
|-damage|p1b: Mimikyu|22/100
|-damage|p1b: Mimikyu|10/100
|-hitcount|p1b: Mimikyu|2
|
|-weather|SunnyDay|[upkeep]
|upkeep
|turn|5
|
|t:|1783936789
|detailschange|p1a: Crabominable|Crabominable-Mega, L50, M
|-mega|p1a: Crabominable|Crabominable|Crabominite
|move|p2a: Charizard|Protect|p2a: Charizard
|-singleturn|p2a: Charizard|Protect
|move|p1b: Mimikyu|Protect|p1b: Mimikyu
|-singleturn|p1b: Mimikyu|Protect
|move|p2b: Farigiraf|Twin Beam|p1a: Crabominable
|-supereffective|p1a: Crabominable|1
|-damage|p1a: Crabominable|73/100
|-supereffective|p1a: Crabominable|1
|-damage|p1a: Crabominable|49/100
|-hitcount|p1a: Crabominable|2
|move|p1a: Crabominable|Drain Punch|p2b: Farigiraf
|-damage|p2b: Farigiraf|52/100
|-heal|p1a: Crabominable|75/100|[from] drain|[of] p2b: Farigiraf
|
|-weather|SunnyDay|[upkeep]
|upkeep
|turn|6
|inactive|Shieler has 30 seconds left.
|
|t:|1783936817
|move|p1a: Crabominable|Protect|p1a: Crabominable
|-singleturn|p1a: Crabominable|Protect
|move|p2a: Charizard|Heat Wave|p1b: Mimikyu|[spread] p1b
|-activate|p1a: Crabominable|move: Protect
|-damage|p1b: Mimikyu|0 fnt
|faint|p1b: Mimikyu
|move|p2b: Farigiraf|Twin Beam|p1a: Crabominable
|-activate|p1a: Crabominable|move: Protect
|
|-weather|none
|upkeep
|turn|7
|
|t:|1783936840
|move|p2a: Charizard|Heat Wave|p1a: Crabominable
|-supereffective|p1a: Crabominable|1
|-damage|p1a: Crabominable|0 fnt
|faint|p1a: Crabominable
|
|win|iannaVi
|raw|Shieler's rating: 1147 → 1126(-21 for losing)
|raw|iannaVi's rating: 1207 → 1228(+21 for winning)
|l|☆Shieler
|player|p1|
