|j|☆GustaEiras
|j|☆airslashesfolante
|html|GustaEirasairslashesfolante    
|uhtml|bestof|Game 3 of a best-of-3
|t:|1786069551
|gametype|doubles
|player|p1|GustaEiras|pokemonranger-gen4|
|player|p2|airslashesfolante|roxie-masters|
|gen|9
|tier|[Gen 9 Champions] VGC 2026 Reg M-B (Bo3)
|rule|Species Clause: Limit one of each Pokémon
|rule|Item Clause: Limit 1 of each item
|clearpoke
|poke|p1|Dragonite, L50, F|
|poke|p1|Toxicroak, L50, M|
|poke|p1|Vivillon, L50, F|
|poke|p1|Blastoise, L50, F|
|poke|p1|Heliolisk, L50, F|
|poke|p1|Sableye, L50, M|
|poke|p2|Chimecho, L50, M|
|poke|p2|Altaria, L50, M|
|poke|p2|Sableye, L50, M|
|poke|p2|Heliolisk, L50, M|
|poke|p2|Quaquaval, L50, F|
|poke|p2|Mr. Rime, L50, M|
|teampreview|4
|showteam|p1|Dragonite||LumBerry|Multiscale|DragonClaw,FirePunch,ExtremeSpeed,Protect|Adamant||F|||50|]Toxicroak||FocusSash|PoisonTouch|CloseCombat,PoisonJab,FakeOut,Coaching|Jolly||M|||50|]Vivillon||ChoiceScarf|CompoundEyes|Hurricane,Tailwind,RagePowder,SleepPowder|Timid||F|||50|]Blastoise||Blastoisinite|Torrent|WaterSpout,AuraSphere,ShellSmash,Protect|Modest||F|||50|]Heliolisk||LifeOrb|SolarPower|Thunderbolt,WeatherBall,Electroweb,Protect|Timid||F|||50|]Sableye||LightClay|Prankster|Encore,Disable,LightScreen,Reflect|Bold||M|||50|
|showteam|p2|Chimecho||Chimechite|Levitate|CalmMind,Recover,Psyshock,FlashCannon|Bold||M|||50|]Altaria||SitrusBerry|CloudNine|WillOWisp,Tailwind,Acrobatics,Protect|Impish||M|||50|]Sableye||LightClay|Prankster|SkillSwap,Reflect,LightScreen,FoulPlay|Bold||M|||50|]Heliolisk||ChoiceScarf|DrySkin|HyperVoice,VoltSwitch,Electroweb,Thunderbolt|Timid||M|||50|]Quaquaval||LifeOrb|Moxie|AquaStep,CloseCombat,TripleAxel,Protect|Jolly||F|||50|]Mr. Rime||NeverMeltIce|ScreenCleaner|FakeOut,FreezeDry,Taunt,Protect|Modest||M|||50|
|
|t:|1786069586
|teamsize|p1|4
|teamsize|p2|4
|start
|switch|p1a: Heliolisk|Heliolisk, L50, F|100/100
|switch|p1b: Dragonite|Dragonite, L50, F|100/100
|switch|p2a: Mr. Rime|Mr. Rime, L50, M|100/100
|switch|p2b: Altaria|Altaria, L50, M|100/100
|-ability|p2b: Altaria|Cloud Nine
|turn|1
|
|t:|1786069613
|move|p1b: Dragonite|Protect|p1b: Dragonite
|-singleturn|p1b: Dragonite|Protect
|move|p2a: Mr. Rime|Fake Out|p1b: Dragonite
|-activate|p1b: Dragonite|move: Protect
|move|p1a: Heliolisk|Thunderbolt|p2a: Mr. Rime
|-damage|p2a: Mr. Rime|39/100
|-damage|p1a: Heliolisk|90/100|[from] item: Life Orb
|move|p2b: Altaria|Tailwind|p2b: Altaria
|-sidestart|p2: airslashesfolante|move: Tailwind
|
|upkeep
|turn|2
|
|t:|1786069647
|move|p2a: Mr. Rime|Protect|p2a: Mr. Rime
|-singleturn|p2a: Mr. Rime|Protect
|move|p2b: Altaria|Acrobatics|p1b: Dragonite
|-damage|p1b: Dragonite|92/100
|move|p1a: Heliolisk|Thunderbolt|p2a: Mr. Rime
|-activate|p2a: Mr. Rime|move: Protect
|move|p1b: Dragonite|Dragon Claw|p2b: Altaria
|-supereffective|p2b: Altaria|1
|-damage|p2b: Altaria|13/100
|-enditem|p2b: Altaria|Sitrus Berry|[eat]
|-heal|p2b: Altaria|37/100|[from] item: Sitrus Berry
|
|upkeep
|turn|3
|
|t:|1786069663
|move|p1b: Dragonite|Protect|p1b: Dragonite
|-singleturn|p1b: Dragonite|Protect
|move|p2a: Mr. Rime|Freeze-Dry|p1a: Heliolisk
|-damage|p1a: Heliolisk|41/100
|move|p2b: Altaria|Acrobatics|p1b: Dragonite
|-activate|p1b: Dragonite|move: Protect
|move|p1a: Heliolisk|Thunderbolt|p2a: Mr. Rime
|-damage|p2a: Mr. Rime|0 fnt
|faint|p2a: Mr. Rime
|-damage|p1a: Heliolisk|31/100|[from] item: Life Orb
|
|upkeep
|
|t:|1786069669
|switch|p2a: Quaquaval|Quaquaval, L50, F|100/100
|turn|4
|
|t:|1786069689
|switch|p1b: Toxicroak|Toxicroak, L50, M|100/100
|move|p1a: Heliolisk|Protect|p1a: Heliolisk
|-singleturn|p1a: Heliolisk|Protect
|move|p2a: Quaquaval|Close Combat|p1a: Heliolisk
|-activate|p1a: Heliolisk|move: Protect
|move|p2b: Altaria|Acrobatics|p1b: Toxicroak
|-supereffective|p1b: Toxicroak|1
|-enditem|p1b: Toxicroak|Focus Sash
|-damage|p1b: Toxicroak|1/100
|
|-sideend|p2: airslashesfolante|move: Tailwind
|upkeep
|turn|5
|
|t:|1786069723
|switch|p2a: Heliolisk|Heliolisk, L50, M|100/100
|move|p2b: Altaria|Protect|p2b: Altaria
|-singleturn|p2b: Altaria|Protect
|move|p1b: Toxicroak|Fake Out|p2b: Altaria
|-activate|p2b: Altaria|move: Protect
|move|p1a: Heliolisk|Thunderbolt|p2a: Heliolisk
|-resisted|p2a: Heliolisk|1
|-damage|p2a: Heliolisk|64/100
|-damage|p1a: Heliolisk|22/100|[from] item: Life Orb
|
|upkeep
|turn|6
|
|t:|1786069759
|move|p1a: Heliolisk|Protect|p1a: Heliolisk
|-singleturn|p1a: Heliolisk|Protect
|move|p2a: Heliolisk|Hyper Voice|p1a: Heliolisk|[spread] p1b
|-activate|p1a: Heliolisk|move: Protect
|-damage|p1b: Toxicroak|0 fnt
|faint|p1b: Toxicroak
|move|p2b: Altaria|Tailwind|p2b: Altaria
|-sidestart|p2: airslashesfolante|move: Tailwind
|
|upkeep
|
|t:|1786069767
|switch|p1b: Sableye|Sableye, L50, M|100/100
|turn|7
|
|t:|1786069779
|move|p1b: Sableye|Reflect|p1b: Sableye
|-sidestart|p1: GustaEiras|Reflect
|move|p2a: Heliolisk|Hyper Voice|p1b: Sableye|[spread] p1a
|-immune|p1b: Sableye
|-damage|p1a: Heliolisk|0 fnt
|faint|p1a: Heliolisk
|move|p2b: Altaria|Acrobatics|p1b: Sableye
|-damage|p1b: Sableye|77/100
|
|upkeep
|
|t:|1786069786
|switch|p1a: Dragonite|Dragonite, L50, F|92/100
|turn|8
|
|t:|1786069805
|switch|p2a: Quaquaval|Quaquaval, L50, F|100/100
|move|p1b: Sableye|Light Screen|p1b: Sableye
|-sidestart|p1: GustaEiras|move: Light Screen
|move|p2b: Altaria|Acrobatics|p1b: Sableye
|-damage|p1b: Sableye|55/100
|move|p1a: Dragonite|Dragon Claw|p2b: Altaria
|-supereffective|p2b: Altaria|1
|-damage|p2b: Altaria|0 fnt
|faint|p2b: Altaria
|
|upkeep
|
|t:|1786069811
|switch|p2b: Heliolisk|Heliolisk, L50, M|64/100
|turn|9
|
|t:|1786069834
|move|p1a: Dragonite|Protect|p1a: Dragonite
|-singleturn|p1a: Dragonite|Protect
|move|p1b: Sableye|Light Screen||[still]
|-fail|p1b: Sableye
|move|p2b: Heliolisk|Thunderbolt|p1b: Sableye
|-damage|p1b: Sableye|14/100
|move|p2a: Quaquaval|Aqua Step|p1b: Sableye
|-damage|p1b: Sableye|0 fnt
|-boost|p2a: Quaquaval|spe|1
|faint|p1b: Sableye
|-ability|p2a: Quaquaval|Moxie|boost
|-boost|p2a: Quaquaval|atk|1
|-damage|p2a: Quaquaval|90/100|[from] item: Life Orb
|
|-sideend|p2: airslashesfolante|move: Tailwind
|upkeep
|turn|10
|
|t:|1786069848
|move|p2b: Heliolisk|Thunderbolt|p1a: Dragonite
|-damage|p1a: Dragonite|68/100
|move|p2a: Quaquaval|Triple Axel|p1a: Dragonite
|-supereffective|p1a: Dragonite|2
|-damage|p1a: Dragonite|36/100
|-supereffective|p1a: Dragonite|2
|-damage|p1a: Dragonite|0 fnt
|faint|p1a: Dragonite
|-hitcount|p1: Dragonite|2
|-damage|p2a: Quaquaval|80/100|[from] item: Life Orb
|
|win|airslashesfolante
|c|☆GustaEiras|jogou bem
|c|☆airslashesfolante|gg
|c|☆GustaEiras|gg
