|j|☆pizzawing
|j|☆spodermees
|html|pizzawingspodermees    
|uhtml|bestof|Game 1 of a best-of-3
|t:|1785068232
|gametype|doubles
|player|p1|pizzawing|266|1370
|player|p2|spodermees|sailor|1322
|gen|9
|tier|[Gen 9 Champions] VGC 2026 Reg M-B (Bo3)
|rated|
|rule|Species Clause: Limit one of each Pokémon
|rule|Item Clause: Limit 1 of each item
|clearpoke
|poke|p1|Floette-Eternal, L50, F|
|poke|p1|Incineroar, L50, M|
|poke|p1|Sinistcha, L50|
|poke|p1|Sneasler, L50, M|
|poke|p1|Gyarados, L50, F|
|poke|p1|Gholdengo, L50|
|poke|p2|Charizard, L50, F|
|poke|p2|Staraptor, L50, M|
|poke|p2|Whimsicott, L50, M|
|poke|p2|Basculegion, L50, M|
|poke|p2|Garchomp, L50, F|
|poke|p2|Incineroar, L50, F|
|teampreview|4
|showteam|p1|Floette-Eternal||Floettite|FlowerVeil|DrainingKiss,CalmMind,Protect,DazzlingGleam|Modest||F|||50|]Incineroar||ShucaBerry|Intimidate|FakeOut,PartingShot,FlareBlitz,ThroatChop|Careful||M|||50|]Sinistcha||SitrusBerry|Hospitality|MatchaGotcha,RagePowder,LifeDew,Protect|Bold|||||50|]Sneasler||FocusSash|Unburden|DireClaw,CloseCombat,QuickGuard,FakeOut|Jolly||M|||50|]Gyarados||Gyaradosite|Intimidate|DragonDance,Waterfall,Crunch,Protect|Adamant||F|||50|]Gholdengo||ChoiceScarf|GoodasGold|MakeItRain,ShadowBall,PowerGem,Trick|Modest|||||50|
|showteam|p2|Charizard||CharizarditeY|Blaze|HeatWave,WeatherBall,SolarBeam,Protect|Modest||F|||50|]Staraptor||Staraptite|Intimidate|CloseCombat,BraveBird,Roost,Protect|Jolly||M|||50|]Whimsicott||FocusSash|Prankster|Moonblast,Tickle,Tailwind,Encore|Bold||M|||50|]Basculegion||MysticWater|Adaptability|WaveCrash,LastRespects,AquaJet,Protect|Jolly||M|||50|]Garchomp||LifeOrb|RoughSkin|Protect,Earthquake,RockSlide,DragonClaw|Jolly||F|||50|]Incineroar||SitrusBerry|Intimidate|FakeOut,FlareBlitz,DarkestLariat,PartingShot|Careful||F|||50|
|inactive|Battle timer is ON: inactive players will automatically lose when time's up. (requested by spodermees)
|inactive|pizzawing has 60 seconds left.
|inactive|spodermees has 60 seconds left.
|inactive|pizzawing has 30 seconds left.
|inactive|pizzawing has 20 seconds left.
|inactive|pizzawing has 15 seconds left.
|inactive|pizzawing has 10 seconds left.
|inactive|pizzawing has 5 seconds left.
|
|t:|1785068320
|teamsize|p1|4
|teamsize|p2|4
|start
|switch|p1a: Floette|Floette-Eternal, L50, F|100/100
|switch|p1b: Incineroar|Incineroar, L50, M|100/100
|switch|p2a: Charizard|Charizard, L50, F|100/100
|switch|p2b: Garchomp|Garchomp, L50, F|100/100
|-ability|p1b: Incineroar|Intimidate|boost
|-unboost|p2a: Charizard|atk|1
|-unboost|p2b: Garchomp|atk|1
|turn|1
|
|t:|1785068344
|switch|p2b: Basculegion|Basculegion, L50, M|100/100
|detailschange|p2a: Charizard|Charizard-Mega-Y, L50, F
|-mega|p2a: Charizard|Charizard|Charizardite Y
|-weather|SunnyDay|[from] ability: Drought|[of] p2a: Charizard
|detailschange|p1a: Floette|Floette-Mega, L50, F
|-mega|p1a: Floette|Floette|Floettite
|-ability|p1a: Floette|Fairy Aura
|move|p1b: Incineroar|Fake Out|p2a: Charizard
|-damage|p2a: Charizard|84/100
|cant|p2a: Charizard|flinch
|move|p1a: Floette|Calm Mind|p1a: Floette
|-boost|p1a: Floette|spa|1
|-boost|p1a: Floette|spd|1
|
|-weather|SunnyDay|[upkeep]
|upkeep
|turn|2
|inactive|spodermees has 30 seconds left.
|
|t:|1785068369
|switch|p1b: Gyarados|Gyarados, L50, F|100/100
|-ability|p1b: Gyarados|Intimidate|boost
|-unboost|p2a: Charizard|atk|1
|-unboost|p2b: Basculegion|atk|1
|move|p2a: Charizard|Heat Wave|p1b: Gyarados|[spread] p1a,p1b
|-resisted|p1b: Gyarados|1
|-damage|p1a: Floette|65/100
|-damage|p1b: Gyarados|72/100
|move|p2b: Basculegion|Wave Crash|p1b: Gyarados
|-resisted|p1b: Gyarados|1
|-damage|p1b: Gyarados|58/100
|-damage|p2b: Basculegion|95/100|[from] Recoil
|move|p1a: Floette|Dazzling Gleam|p2b: Basculegion|[spread] p2a,p2b
|-resisted|p2a: Charizard|1
|-damage|p2a: Charizard|52/100
|-damage|p2b: Basculegion|18/100
|
|-weather|SunnyDay|[upkeep]
|upkeep
|turn|3
|inactive|pizzawing has 30 seconds left.
|
|t:|1785068401
|switch|p2b: Incineroar|Incineroar, L50, F|100/100
|-ability|p2b: Incineroar|Intimidate|boost
|-unboost|p1a: Floette|atk|1
|-unboost|p1b: Gyarados|atk|1
|switch|p1b: Incineroar|Incineroar, L50, M|100/100
|-ability|p1b: Incineroar|Intimidate|boost
|-unboost|p2a: Charizard|atk|1
|-unboost|p2b: Incineroar|atk|1
|move|p2a: Charizard|Solar Beam||[still]
|-prepare|p2a: Charizard|Solar Beam
|-anim|p2a: Charizard|Solar Beam|p1b: Incineroar
|-resisted|p1b: Incineroar|1
|-damage|p1b: Incineroar|81/100
|move|p1a: Floette|Dazzling Gleam|p2a: Charizard|[spread] p2a,p2b
|-resisted|p2a: Charizard|1
|-damage|p2a: Charizard|18/100
|-damage|p2b: Incineroar|53/100
|
|-weather|SunnyDay|[upkeep]
|upkeep
|turn|4
|inactive|pizzawing has 30 seconds left.
|
|t:|1785068435
|move|p2a: Charizard|Protect|p2a: Charizard
|-singleturn|p2a: Charizard|Protect
|move|p1b: Incineroar|Fake Out|p2a: Charizard
|-activate|p2a: Charizard|move: Protect
|move|p2b: Incineroar|Fake Out|p1a: Floette
|-damage|p1a: Floette|57/100
|cant|p1a: Floette|flinch
|
|-weather|SunnyDay|[upkeep]
|upkeep
|turn|5
|inactive|pizzawing has 30 seconds left.
|inactive|pizzawing has 20 seconds left.
|
|t:|1785068470
|move|p2a: Charizard|Weather Ball|p1a: Floette
|-damage|p1a: Floette|11/100
|move|p1a: Floette|Draining Kiss|p2b: Incineroar
|-damage|p2b: Incineroar|11/100
|-heal|p1a: Floette|46/100|[from] drain|[of] p2b: Incineroar
|-enditem|p2b: Incineroar|Sitrus Berry|[eat]
|-heal|p2b: Incineroar|36/100|[from] item: Sitrus Berry
|move|p1b: Incineroar|Throat Chop|p2a: Charizard
|-damage|p2a: Charizard|0 fnt
|faint|p2a: Charizard
|move|p2b: Incineroar|Parting Shot|p1b: Incineroar
|-unboost|p1b: Incineroar|atk|1
|-unboost|p1b: Incineroar|spa|1
|
|t:|1785068483
|switch|p2b: Garchomp|Garchomp, L50, F|100/100|[from] Parting Shot
|
|-weather|none
|upkeep
|
|t:|1785068486
|switch|p2a: Basculegion|Basculegion, L50, M|18/100
|turn|6
|
|t:|1785068496
|switch|p1b: Gyarados|Gyarados, L50, F|58/100
|-ability|p1b: Gyarados|Intimidate|boost
|-unboost|p2a: Basculegion|atk|1
|-unboost|p2b: Garchomp|atk|1
|move|p1a: Floette|Protect|p1a: Floette
|-singleturn|p1a: Floette|Protect
|move|p2b: Garchomp|Rock Slide|p1a: Floette|[spread] p1b
|-activate|p1a: Floette|move: Protect
|-supereffective|p1b: Gyarados|1
|-damage|p1b: Gyarados|27/100
|-damage|p2b: Garchomp|90/100|[from] item: Life Orb
|move|p2a: Basculegion|Last Respects|p1a: Floette
|-activate|p1a: Floette|move: Protect
|
|upkeep
|turn|7
|inactive|pizzawing has 30 seconds left.
|
|t:|1785068521
|switch|p1a: Incineroar|Incineroar, L50, M|81/100
|-ability|p1a: Incineroar|Intimidate|boost
|-unboost|p2a: Basculegion|atk|1
|-unboost|p2b: Garchomp|atk|1
|move|p2b: Garchomp|Rock Slide|p1a: Incineroar|[spread] p1a,p1b
|-supereffective|p1a: Incineroar|1
|-supereffective|p1b: Gyarados|1
|-damage|p1a: Incineroar|55/100
|-damage|p1b: Gyarados|1/100
|-damage|p2b: Garchomp|80/100|[from] item: Life Orb
|move|p2a: Basculegion|Last Respects|p1a: Incineroar
|-resisted|p1a: Incineroar|1
|-damage|p1a: Incineroar|39/100
|move|p1b: Gyarados|Crunch|p2a: Basculegion
|-supereffective|p2a: Basculegion|1
|-damage|p2a: Basculegion|0 fnt
|faint|p2a: Basculegion
|
|upkeep
|inactive|spodermees has 30 seconds left.
|
|t:|1785068550
|switch|p2a: Incineroar|Incineroar, L50, F|36/100
|-ability|p2a: Incineroar|Intimidate|boost
|-unboost|p1a: Incineroar|atk|1
|-unboost|p1b: Gyarados|atk|1
|turn|8
|inactive|pizzawing has 30 seconds left.
|inactive|pizzawing has 20 seconds left.
|
|t:|1785068589
|move|p1a: Incineroar|Fake Out|p2b: Garchomp
|-damage|p2b: Garchomp|73/100
|-damage|p1a: Incineroar|27/100|[from] ability: Rough Skin|[of] p2b: Garchomp
|move|p2a: Incineroar|Fake Out|p1a: Incineroar
|-damage|p1a: Incineroar|16/100
|cant|p2b: Garchomp|flinch
|move|p1b: Gyarados|Waterfall|p2a: Incineroar
|-supereffective|p2a: Incineroar|1
|-damage|p2a: Incineroar|0 fnt
|faint|p2a: Incineroar
|
|upkeep
|turn|9
|
|t:|1785068606
|move|p1b: Gyarados|Protect|p1b: Gyarados
|-singleturn|p1b: Gyarados|Protect
|move|p2b: Garchomp|Rock Slide|p1a: Incineroar|[spread] p1a
|-activate|p1b: Gyarados|move: Protect
|-supereffective|p1a: Incineroar|1
|-damage|p1a: Incineroar|0 fnt
|faint|p1a: Incineroar
|-damage|p2b: Garchomp|64/100|[from] item: Life Orb
|
|upkeep
|
|t:|1785068609
|switch|p1a: Floette|Floette-Mega, L50, F|46/100
|-ability|p1a: Floette|Fairy Aura
|turn|10
|
|t:|1785068615
|move|p2b: Garchomp|Rock Slide|p1b: Gyarados|[spread] p1a,p1b
|-supereffective|p1b: Gyarados|1
|-damage|p1a: Floette|34/100
|-damage|p1b: Gyarados|0 fnt
|faint|p1b: Gyarados
|-damage|p2b: Garchomp|54/100|[from] item: Life Orb
|move|p1a: Floette|Draining Kiss|p2b: Garchomp
|-supereffective|p2b: Garchomp|1
|-damage|p2b: Garchomp|0 fnt
|-heal|p1a: Floette|77/100|[from] drain|[of] p2b: Garchomp
|-damage|p1a: Floette|65/100|[from] ability: Rough Skin|[of] p2b: Garchomp
|faint|p2b: Garchomp
|
|win|pizzawing
