|j|☆vimith
|j|☆lettitripppp
|html|vimithlettitripppp    
|uhtml|bestof|Game 2 of a best-of-3
|t:|1785282168
|gametype|doubles
|player|p1|vimith|lady|1040
|player|p2|lettitripppp|lucas|1114
|gen|9
|tier|[Gen 9 Champions] VGC 2026 Reg M-B (Bo3)
|rated|
|rule|Species Clause: Limit one of each Pokémon
|rule|Item Clause: Limit 1 of each item
|clearpoke
|poke|p1|Blastoise, L50, F, shiny|
|poke|p1|Espathra, L50, F, shiny|
|poke|p1|Sableye, L50, F, shiny|
|poke|p1|Arcanine-Hisui, L50, F, shiny|
|poke|p1|Meganium, L50, F|
|poke|p1|Aerodactyl, L50, F, shiny|
|poke|p2|Staraptor, L50, M|
|poke|p2|Tyranitar, L50, F|
|poke|p2|Excadrill, L50, M|
|poke|p2|Gholdengo, L50|
|poke|p2|Milotic, L50, F|
|poke|p2|Sinistcha, L50|
|teampreview|4
|showteam|p1|Blastoise||Blastoisinite|Torrent|DarkPulse,WaterSpout,WaterPulse,Protect|Modest||F|||50|]Espathra||FocusSash|SpeedBoost|LuminaCrash,CalmMind,BatonPass,Protect|Modest||F|||50|]Sableye||Sablenite|Prankster|RainDance,Reflect,Taunt,FoulPlay|Relaxed||F|||50|]Arcanine-Hisui||PasshoBerry|RockHead|Protect,HelpingHand,FlareBlitz,HeadSmash|Jolly||F|||50|]Meganium||Meganiumite|Overgrow|SolarBeam,WeatherBall,DazzlingGleam,Protect|Modest||F|||50|]Aerodactyl||HardStone|Unnerve|Tailwind,RockSlide,Taunt,Protect|Jolly||F|||50|
|showteam|p2|Staraptor||Staraptite|Intimidate|CloseCombat,BraveBird,Tailwind,Protect|Jolly||M|||50|]Tyranitar||Tyranitarite|SandStream|RockSlide,KnockOff,LowKick,Protect|Jolly||F|||50|]Excadrill||FocusSash|SandRush|HighHorsepower,RockSlide,IronHead,Protect|Adamant||M|||50|]Gholdengo||LifeOrb|GoodasGold|MakeItRain,ShadowBall,NastyPlot,Protect|Timid|||||50|]Milotic||Leftovers|Competitive|IcyWind,Scald,Haze,Protect|Calm||F|||50|]Sinistcha||ColburBerry|Hospitality|MatchaGotcha,RagePowder,TrickRoom,Protect|Bold|||||50|
|inactive|Battle timer is ON: inactive players will automatically lose when time's up. (requested by lettitripppp)
|
|t:|1785282191
|teamsize|p1|4
|teamsize|p2|4
|start
|switch|p1a: Lady Gaga|Espathra, L50, F, shiny|100/100
|switch|p1b: Chopper|Sableye, L50, F, shiny|100/100
|switch|p2a: NIGHT NIGHT|Milotic, L50, F|100/100
|switch|p2b: TRANITAR|Tyranitar, L50, F|100/100
|-weather|Sandstorm|[from] ability: Sand Stream|[of] p2b: TRANITAR
|turn|1
|
|t:|1785282208
|move|p1a: Lady Gaga|Protect|p1a: Lady Gaga
|-singleturn|p1a: Lady Gaga|Protect
|move|p1b: Chopper|Rain Dance|p1b: Chopper
|-weather|RainDance
|move|p2b: TRANITAR|Knock Off|p1a: Lady Gaga
|-activate|p1a: Lady Gaga|move: Protect
|move|p2a: NIGHT NIGHT|Scald|p1a: Lady Gaga
|-activate|p1a: Lady Gaga|move: Protect
|
|-weather|RainDance|[upkeep]
|-ability|p1a: Lady Gaga|Speed Boost|boost
|-boost|p1a: Lady Gaga|spe|1
|upkeep
|turn|2
|inactive|vimith has 30 seconds left.
|inactive|vimith has 20 seconds left.
|inactive|vimith has 15 seconds left.
|
|t:|1785282250
|move|p1b: Chopper|Taunt|p2a: NIGHT NIGHT
|-start|p2a: NIGHT NIGHT|move: Taunt
|move|p1a: Lady Gaga|Lumina Crash|p2a: NIGHT NIGHT
|-damage|p2a: NIGHT NIGHT|74/100
|-unboost|p2a: NIGHT NIGHT|spd|2
|-ability|p2a: NIGHT NIGHT|Competitive|boost
|-boost|p2a: NIGHT NIGHT|spa|2
|move|p2b: TRANITAR|Knock Off|p1a: Lady Gaga
|-supereffective|p1a: Lady Gaga|1
|-enditem|p1a: Lady Gaga|Focus Sash
|-damage|p1a: Lady Gaga|1/100
|move|p2a: NIGHT NIGHT|Scald|p1a: Lady Gaga
|-damage|p1a: Lady Gaga|0 fnt
|faint|p1a: Lady Gaga
|
|-weather|RainDance|[upkeep]
|-heal|p2a: NIGHT NIGHT|80/100|[from] item: Leftovers
|upkeep
|
|t:|1785282270
|switch|p1a: Tailwind|Aerodactyl, L50, F, shiny|100/100
|-ability|p1a: Tailwind|Unnerve
|turn|3
|
|t:|1785282281
|move|p1b: Chopper|Reflect|p1b: Chopper
|-sidestart|p1: vimith|Reflect
|move|p1a: Tailwind|Tailwind|p1a: Tailwind
|-sidestart|p1: vimith|move: Tailwind
|move|p2b: TRANITAR|Knock Off|p1b: Chopper
|-damage|p1b: Chopper|78/100
|move|p2a: NIGHT NIGHT|Scald|p1a: Tailwind
|-supereffective|p1a: Tailwind|1
|-damage|p1a: Tailwind|0 fnt
|faint|p1a: Tailwind
|
|-weather|RainDance|[upkeep]
|-heal|p2a: NIGHT NIGHT|86/100|[from] item: Leftovers
|upkeep
|
|t:|1785282291
|switch|p1a: BIG MAN|Blastoise, L50, F, shiny|100/100
|turn|4
|
|t:|1785282306
|detailschange|p1a: BIG MAN|Blastoise-Mega, L50, F, shiny
|-mega|p1a: BIG MAN|Blastoise|Blastoisinite
|move|p1a: BIG MAN|Water Spout|p2b: TRANITAR|[spread] p2a,p2b
|-resisted|p2a: NIGHT NIGHT|1
|-supereffective|p2b: TRANITAR|1
|-damage|p2a: NIGHT NIGHT|28/100
|-damage|p2b: TRANITAR|0 fnt
|faint|p2b: TRANITAR
|move|p1b: Chopper|Foul Play|p2a: NIGHT NIGHT
|-damage|p2a: NIGHT NIGHT|9/100
|move|p2a: NIGHT NIGHT|Scald|p1a: BIG MAN
|-resisted|p1a: BIG MAN|1
|-damage|p1a: BIG MAN|55/100
|
|-weather|RainDance|[upkeep]
|-heal|p2a: NIGHT NIGHT|15/100|[from] item: Leftovers
|-end|p2a: NIGHT NIGHT|move: Taunt
|upkeep
|
|t:|1785282319
|switch|p2b: HEALROOM|Sinistcha, L50|100/100
|-heal|p2a: NIGHT NIGHT|40/100|[from] ability: Hospitality|[of] p2b: HEALROOM
|turn|5
|
|t:|1785282332
|move|p2b: HEALROOM|Rage Powder|p2b: HEALROOM
|-singleturn|p2b: HEALROOM|move: Rage Powder
|move|p1b: Chopper|Taunt|p2b: HEALROOM
|-start|p2b: HEALROOM|move: Taunt
|move|p1a: BIG MAN|Dark Pulse|p2b: HEALROOM
|-supereffective|p2b: HEALROOM|1
|-enditem|p2b: HEALROOM|Colbur Berry|[eat]
|-enditem|p2b: HEALROOM|Colbur Berry|[weaken]
|-damage|p2b: HEALROOM|53/100
|move|p2a: NIGHT NIGHT|Scald|p1b: Chopper
|-damage|p1b: Chopper|0 fnt
|faint|p1b: Chopper
|
|-weather|none
|-heal|p2a: NIGHT NIGHT|46/100|[from] item: Leftovers
|upkeep
|turn|6
|inactive|vimith has 30 seconds left.
|
|t:|1785282358
|move|p1a: BIG MAN|Dark Pulse|p2a: NIGHT NIGHT
|-damage|p2a: NIGHT NIGHT|0 fnt
|faint|p2a: NIGHT NIGHT
|move|p2b: HEALROOM|Matcha Gotcha|p1a: BIG MAN
|-supereffective|p1a: BIG MAN|1
|-damage|p1a: BIG MAN|0 fnt
|-heal|p2b: HEALROOM|78/100|[from] drain|[of] p1a: BIG MAN
|faint|p1a: BIG MAN
|
|win|lettitripppp
||vimith is ready for game 3.
