|j|☆lukeberno2
|j|☆GepecavaIIi
|html|lukeberno2GepecavaIIi    
|uhtml|bestof|Game 2 of a best-of-3
|t:|1757750470
|gametype|doubles
|player|p1|lukeberno2|n|1104
|player|p2|GepecavaIIi|lance|1121
|gen|9
|tier|[Gen 9] VGC 2025 Reg H (Bo3)
|rated|
|rule|Species Clause: Limit one of each Pokémon
|rule|Item Clause: Limit 1 of each item
|clearpoke
|poke|p1|Gothitelle, L50, F|
|poke|p1|Kingdra, L50, F|
|poke|p1|Politoed, L50, F|
|poke|p1|Incineroar, L50, M|
|poke|p1|Amoonguss, L50, M|
|poke|p1|Ursaluna, L50, M|
|poke|p2|Gothitelle, L50, M|
|poke|p2|Primarina, L50, F|
|poke|p2|Ursaluna-Bloodmoon, L50, M|
|poke|p2|Rillaboom, L50, F|
|poke|p2|Sneasler, L50, M|
|poke|p2|Incineroar, L50, M|
|teampreview|4
|showteam|p1|Gothitelle||SitrusBerry|ShadowTag|Psychic,FakeOut,Protect,TrickRoom|||F|||50|,,,,,Fairy]Kingdra||LifeOrb|SwiftSwim|DracoMeteor,WeatherBall,Protect,Hurricane|||F|||50|,,,,,Stellar]Politoed||Leftovers|Drizzle|WeatherBall,Protect,Encore,PerishSong|||F|||50|,,,,,Grass]Incineroar||SafetyGoggles|Intimidate|KnockOff,FakeOut,Protect,PartingShot|||M|||50|,,,,,Ghost]Amoonguss||MentalHerb|Regenerator|Spore,PollenPuff,Protect,RagePowder|||M|||50|,,,,,Water]Ursaluna||FlameOrb|Guts|Facade,Earthquake,HeadlongRush,Protect|||M|||50|,,,,,Normal
|showteam|p2|Gothitelle||SitrusBerry|ShadowTag|Psychic,Protect,TrickRoom,FakeOut|||M|||50|,,,,,Water]Primarina||ThroatSpray|LiquidVoice|HyperVoice,Moonblast,Protect,PerishSong|||F|||50|,,,,,Steel]Ursaluna-Bloodmoon||LifeOrb|MindsEye|HyperVoice,EarthPower,BloodMoon,Protect|||M|||50|,,,,,Grass]Rillaboom||AssaultVest|GrassySurge|GrassyGlide,KnockOff,FakeOut,Uturn|||F|||50|,,,,,Fire]Sneasler||FocusSash|Unburden|Protect,CloseCombat,ThroatChop,DireClaw|||M|||50|,,,,,Dark]Incineroar||SafetyGoggles|Intimidate|FakeOut,FlareBlitz,Protect,PartingShot|||M|||50|,,,,,Ghost
|inactive|Battle timer is ON: inactive players will automatically lose when time's up. (requested by lukeberno2)
|inactive|lukeberno2 has 60 seconds left.
|inactive|GepecavaIIi has 60 seconds left.
|inactive|lukeberno2 has 30 seconds left.
|inactive|lukeberno2 has 20 seconds left.
|inactive|lukeberno2 has 15 seconds left.
|inactive|lukeberno2 has 10 seconds left.
|inactive|lukeberno2 has 5 seconds left.
|
|t:|1757750565
|teamsize|p1|4
|teamsize|p2|4
|start
|switch|p1a: Gothitelle|Gothitelle, L50, F, shiny|100/100
|switch|p1b: Kingdra|Kingdra, L50, F|100/100
|switch|p2a: Primarina|Primarina, L50, F|100/100
|switch|p2b: Gothitelle|Gothitelle, L50, M|100/100
|turn|1
|inactive|lukeberno2 has 30 seconds left.
|inactive|GepecavaIIi has 30 seconds left.
|inactive|lukeberno2 has 20 seconds left.
|inactive|GepecavaIIi has 20 seconds left.
|
|t:|1757750603
|switch|p1a: Amoonguss|Amoonguss, L50, M|100/100
|move|p1b: Kingdra|Protect|p1b: Kingdra
|-singleturn|p1b: Kingdra|Protect
|move|p2a: Primarina|Protect|p2a: Primarina
|-singleturn|p2a: Primarina|Protect
|move|p2b: Gothitelle|Fake Out|p1b: Kingdra
|-activate|p1b: Kingdra|move: Protect
|
|upkeep
|turn|2
|inactive|lukeberno2 has 30 seconds left.
|inactive|GepecavaIIi has 30 seconds left.
|inactive|lukeberno2 has 20 seconds left.
|inactive|lukeberno2 has 15 seconds left.
|inactive|lukeberno2 has 10 seconds left.
|inactive|lukeberno2 has 5 seconds left.
|
|t:|1757750655
|-terastallize|p1b: Kingdra|Stellar
|move|p2b: Gothitelle|Protect|p2b: Gothitelle
|-singleturn|p2b: Gothitelle|Protect
|move|p1b: Kingdra|Draco Meteor|p2b: Gothitelle
|-activate|p2b: Gothitelle|move: Protect
|move|p2a: Primarina|Perish Song|p2a: Primarina
|-start|p1a: Amoonguss|perish3|[silent]
|-start|p1b: Kingdra|perish3|[silent]
|-start|p2a: Primarina|perish3|[silent]
|-start|p2b: Gothitelle|perish3|[silent]
|-fieldactivate|move: Perish Song
|-enditem|p2a: Primarina|Throat Spray
|-boost|p2a: Primarina|spa|1|[from] item: Throat Spray
|move|p1a: Amoonguss|Spore|p2a: Primarina
|-status|p2a: Primarina|slp|[from] move: Spore
|
|-start|p1b: Kingdra|perish3
|-start|p2b: Gothitelle|perish3
|-start|p2a: Primarina|perish3
|-start|p1a: Amoonguss|perish3
|upkeep
|turn|3
|inactive|GepecavaIIi has 30 seconds left.
|
|t:|1757750689
|switch|p2a: Rillaboom|Rillaboom, L50, F|100/100
|-fieldstart|move: Grassy Terrain|[from] ability: Grassy Surge|[of] p2a: Rillaboom
|move|p1b: Kingdra|Draco Meteor|p2b: Gothitelle
|-damage|p2b: Gothitelle|24/100
|-unboost|p1b: Kingdra|spa|2
|-enditem|p2b: Gothitelle|Sitrus Berry|[eat]
|-heal|p2b: Gothitelle|49/100|[from] item: Sitrus Berry
|-damage|p1b: Kingdra|90/100|[from] item: Life Orb
|move|p2b: Gothitelle|Psychic|p1a: Amoonguss
|-supereffective|p1a: Amoonguss
|-damage|p1a: Amoonguss|60/100
|move|p1a: Amoonguss|Pollen Puff|p2b: Gothitelle
|-supereffective|p2b: Gothitelle
|-damage|p2b: Gothitelle|20/100
|
|-heal|p1b: Kingdra|96/100|[from] Grassy Terrain
|-heal|p2b: Gothitelle|26/100|[from] Grassy Terrain
|-heal|p1a: Amoonguss|66/100|[from] Grassy Terrain
|-start|p1b: Kingdra|perish2
|-start|p2b: Gothitelle|perish2
|-start|p1a: Amoonguss|perish2
|upkeep
|turn|4
|inactive|GepecavaIIi has 30 seconds left.
|
|t:|1757750723
|switch|p2b: Primarina|Primarina, L50, F|100/100 slp
|move|p1b: Kingdra|Draco Meteor|p2b: Primarina
|-immune|p2b: Primarina
|move|p2a: Rillaboom|U-turn|p1a: Amoonguss
|-damage|p1a: Amoonguss|40/100
|
|t:|1757750731
|switch|p2a: Gothitelle|Gothitelle, L50, M|26/100|[from] U-turn
|move|p1a: Amoonguss|Pollen Puff|p2b: Primarina
|-resisted|p2b: Primarina
|-damage|p2b: Primarina|94/100 slp
|
|-heal|p1b: Kingdra|100/100|[from] Grassy Terrain
|-heal|p2a: Gothitelle|32/100|[from] Grassy Terrain
|-heal|p2b: Primarina|99/100 slp|[from] Grassy Terrain
|-heal|p1a: Amoonguss|46/100|[from] Grassy Terrain
|-start|p1b: Kingdra|perish1
|-start|p1a: Amoonguss|perish1
|upkeep
|turn|5
|inactive|lukeberno2 has 30 seconds left.
|inactive|lukeberno2 has 20 seconds left.
|inactive|lukeberno2 has 15 seconds left.
|c|☆GepecavaIIi|You didn't expect that did you
|inactive|lukeberno2 has 10 seconds left.
|inactive|lukeberno2 has 5 seconds left.
|
|t:|1757750786
|move|p2a: Gothitelle|Protect|p2a: Gothitelle
|-singleturn|p2a: Gothitelle|Protect
|cant|p2b: Primarina|slp
|move|p1b: Kingdra|Draco Meteor|p2a: Gothitelle
|-activate|p2a: Gothitelle|move: Protect
|move|p1a: Amoonguss|Spore|p2a: Gothitelle
|-activate|p2a: Gothitelle|move: Protect
|
|-heal|p2a: Gothitelle|38/100|[from] Grassy Terrain
|-heal|p2b: Primarina|100/100 slp|[from] Grassy Terrain
|-heal|p1a: Amoonguss|52/100|[from] Grassy Terrain
|-start|p1b: Kingdra|perish0
|-start|p1a: Amoonguss|perish0
|faint|p1b: Kingdra
|faint|p1a: Amoonguss
|upkeep
|
|t:|1757750789
|switch|p1b: Politoed|Politoed, L50, F, shiny|100/100
|switch|p1a: Gothitelle|Gothitelle, L50, F, shiny|100/100
|-weather|RainDance|[from] ability: Drizzle|[of] p1b: Politoed
|turn|6
|inactive|GepecavaIIi has 30 seconds left.
|
|t:|1757750820
|move|p1a: Gothitelle|Psychic|p2b: Primarina
|-damage|p2b: Primarina|75/100 slp
|move|p1b: Politoed|Weather Ball|p2a: Gothitelle
|-damage|p2a: Gothitelle|6/100
|cant|p2b: Primarina|slp
|move|p2a: Gothitelle|Trick Room|p2a: Gothitelle
|-fieldstart|move: Trick Room|[of] p2a: Gothitelle
|
|-weather|RainDance|[upkeep]
|-heal|p2b: Primarina|81/100 slp|[from] Grassy Terrain
|-heal|p2a: Gothitelle|12/100|[from] Grassy Terrain
|upkeep
|turn|7
|inactive|lukeberno2 has 30 seconds left.
|
|t:|1757750851
|move|p2a: Gothitelle|Protect|p2a: Gothitelle
|-singleturn|p2a: Gothitelle|Protect
|-curestatus|p2b: Primarina|slp|[msg]
|move|p2b: Primarina|Perish Song|p2b: Primarina
|-start|p1a: Gothitelle|perish3|[silent]
|-start|p1b: Politoed|perish3|[silent]
|-start|p2a: Gothitelle|perish3|[silent]
|-start|p2b: Primarina|perish3|[silent]
|-fieldactivate|move: Perish Song
|move|p1b: Politoed|Weather Ball|p2a: Gothitelle
|-activate|p2a: Gothitelle|move: Protect
|move|p1a: Gothitelle|Trick Room|p1a: Gothitelle
|-fieldend|move: Trick Room
|
|-weather|RainDance|[upkeep]
|-heal|p2a: Gothitelle|18/100|[from] Grassy Terrain
|-heal|p2b: Primarina|87/100|[from] Grassy Terrain
|-start|p1a: Gothitelle|perish3
|-start|p1b: Politoed|perish3
|-start|p2a: Gothitelle|perish3
|-start|p2b: Primarina|perish3
|-fieldend|move: Grassy Terrain
|upkeep
|turn|8
|
|t:|1757750874
|switch|p2a: Rillaboom|Rillaboom, L50, F|100/100
|-fieldstart|move: Grassy Terrain|[from] ability: Grassy Surge|[of] p2a: Rillaboom
|move|p2b: Primarina|Protect|p2b: Primarina
|-singleturn|p2b: Primarina|Protect
|move|p1a: Gothitelle|Psychic|p2b: Primarina
|-activate|p2b: Primarina|move: Protect
|move|p1b: Politoed|Weather Ball|p2a: Rillaboom
|-resisted|p2a: Rillaboom
|-damage|p2a: Rillaboom|83/100
|
|-weather|RainDance|[upkeep]
|-heal|p2a: Rillaboom|88/100|[from] Grassy Terrain
|-heal|p2b: Primarina|92/100|[from] Grassy Terrain
|-start|p1a: Gothitelle|perish2
|-start|p1b: Politoed|perish2
|-start|p2b: Primarina|perish2
|upkeep
|turn|9
|inactive|lukeberno2 has 30 seconds left.
|inactive|lukeberno2 has 20 seconds left.
|inactive|lukeberno2 has 15 seconds left.
|inactive|lukeberno2 has 10 seconds left.
|inactive|lukeberno2 has 5 seconds left.
|
|t:|1757750924
|move|p1a: Gothitelle|Protect|p1a: Gothitelle
|-singleturn|p1a: Gothitelle|Protect
|move|p1b: Politoed|Protect|p1b: Politoed
|-singleturn|p1b: Politoed|Protect
|move|p2a: Rillaboom|Fake Out|p1b: Politoed
|-activate|p1b: Politoed|move: Protect
|move|p2b: Primarina|Hyper Voice|p1b: Politoed|[spread] 
|-activate|p1a: Gothitelle|move: Protect
|-activate|p1b: Politoed|move: Protect
|
|-weather|RainDance|[upkeep]
|-heal|p2a: Rillaboom|94/100|[from] Grassy Terrain
|-heal|p2b: Primarina|98/100|[from] Grassy Terrain
|-start|p1a: Gothitelle|perish1
|-start|p1b: Politoed|perish1
|-start|p2b: Primarina|perish1
|upkeep
|turn|10
|inactive|lukeberno2 has 30 seconds left.
|inactive|lukeberno2 has 20 seconds left.
|inactive|lukeberno2 has 15 seconds left.
|inactive|lukeberno2 has 10 seconds left.
|inactive|lukeberno2 has 5 seconds left.
|-message|lukeberno2 forfeited.
|
|win|GepecavaIIi
||GepecavaIIi is ready for game 3.
|inactive|lukeberno2 has 30 seconds to confirm battle start!
||lukeberno2 is ready for game 3.
|uhtml|next|Next: Game 3 of 3
