|j|☆xdi8723
|j|☆Jordan230806
|html|xdi8723Jordan230806    
|uhtml|bestof|Game 1 of a best-of-3
|t:|1785952481
|gametype|doubles
|player|p1|xdi8723|1|1071
|player|p2|Jordan230806|lucas|1072
|gen|9
|tier|[Gen 9 Champions] VGC 2026 Reg M-B (Bo3)
|rated|
|rule|Species Clause: Limit one of each Pokémon
|rule|Item Clause: Limit 1 of each item
|clearpoke
|poke|p1|Archaludon, L50, M|
|poke|p1|Pelipper, L50, M|
|poke|p1|Grimmsnarl, L50, M|
|poke|p1|Sinistcha, L50|
|poke|p1|Swampert, L50, M|
|poke|p1|Lycanroc-Dusk, L50, F|
|poke|p2|Charizard, L50, M|
|poke|p2|Sylveon, L50, F|
|poke|p2|Kingambit, L50, M|
|poke|p2|Basculegion, L50, M|
|poke|p2|Garchomp, L50, M|
|poke|p2|Aerodactyl, L50, M|
|teampreview|4
|showteam|p1|Archaludon||Leftovers|Stamina|ElectroShot,AuraSphere,FlashCannon,Protect|Modest||M|||50|]Pelipper||SitrusBerry|Drizzle|Tailwind,WeatherBall,Hurricane,WideGuard|Modest||M|||50|]Grimmsnarl||LightClay|Prankster|PartingShot,SpiritBreak,Reflect,LightScreen|Calm||M|||50|]Sinistcha||KasibBerry|Hospitality|MatchaGotcha,LifeDew,RagePowder,TrickRoom|Calm|||||50|]Swampert||Swampertite|Torrent|WaveCrash,Earthquake,IcePunch,Protect|Adamant||M|||50|]Lycanroc-Dusk||FocusSash|ToughClaws|Protect,RockSlide,Accelerock,CloseCombat|Jolly||F|||50|
|showteam|p2|Charizard||CharizarditeY|Blaze|WeatherBall,HeatWave,SolarBeam,Protect|Calm||M|||50|]Sylveon||FairyFeather|Pixilate|Detect,HyperVoice,Moonblast,Yawn|Calm||F|||50|]Kingambit||ChopleBerry|Defiant|KowtowCleave,SuckerPunch,IronHead,LowKick|Adamant||M|||50|]Basculegion||LifeOrb|Adaptability|AquaJet,Protect,LastRespects,WaveCrash|Careful||M|||50|]Garchomp||SitrusBerry|RoughSkin|RockSlide,Protect,DragonClaw,Earthquake|Timid||M|||50|]Aerodactyl||Aerodactylite|Unnerve|Tailwind,RockSlide,WideGuard,Hurricane|Timid||M|||50|
|inactive|Battle timer is ON: inactive players will automatically lose when time's up. (requested by xdi8723)
|
|t:|1785952521
|teamsize|p1|4
|teamsize|p2|4
|start
|switch|p1a: Grimmsnarl|Grimmsnarl, L50, M|100/100
|switch|p1b: Swampert|Swampert, L50, M|100/100
|switch|p2a: Basculegion|Basculegion, L50, M|100/100
|switch|p2b: Sylveon|Sylveon, L50, F|100/100
|turn|1
|inactive|xdi8723 has 30 seconds left.
|inactive|Jordan230806 has 30 seconds left.
|inactive|xdi8723 has 20 seconds left.
|
|t:|1785952560
|detailschange|p1b: Swampert|Swampert-Mega, L50, M
|-mega|p1b: Swampert|Swampert|Swampertite
|move|p2a: Basculegion|Protect|p2a: Basculegion
|-singleturn|p2a: Basculegion|Protect
|move|p1a: Grimmsnarl|Parting Shot|p2b: Sylveon
|-unboost|p2b: Sylveon|atk|1
|-unboost|p2b: Sylveon|spa|1
|
|t:|1785952568
|switch|p1a: Pelipper|Pelipper, L50, M|100/100|[from] Parting Shot
|-weather|RainDance|[from] ability: Drizzle|[of] p1a: Pelipper
|move|p1b: Swampert|Ice Punch|p2b: Sylveon
|-damage|p2b: Sylveon|61/100
|move|p2b: Sylveon|Yawn|p1b: Swampert
|-start|p1b: Swampert|move: Yawn|[of] p2b: Sylveon
|
|-weather|RainDance|[upkeep]
|upkeep
|turn|2
|inactive|Jordan230806 has 30 seconds left.
|
|t:|1785952598
|switch|p1b: Grimmsnarl|Grimmsnarl, L50, M|100/100
|switch|p2a: Aerodactyl|Aerodactyl, L50, M|100/100
|-ability|p2a: Aerodactyl|Unnerve
|move|p1a: Pelipper|Weather Ball|p2b: Sylveon
|-damage|p2b: Sylveon|32/100
|move|p2b: Sylveon|Moonblast|p1a: Pelipper
|-damage|p1a: Pelipper|64/100
|
|-weather|RainDance|[upkeep]
|upkeep
|turn|3
|inactive|xdi8723 has 30 seconds left.
|inactive|xdi8723 has 20 seconds left.
|
|t:|1785952635
|switch|p2b: Basculegion|Basculegion, L50, M|100/100
|detailschange|p2a: Aerodactyl|Aerodactyl-Mega, L50, M
|-mega|p2a: Aerodactyl|Aerodactyl|Aerodactylite
|move|p1b: Grimmsnarl|Light Screen|p1b: Grimmsnarl
|-sidestart|p1: xdi8723|move: Light Screen
|move|p2a: Aerodactyl|Tailwind|p2a: Aerodactyl
|-sidestart|p2: Jordan230806|move: Tailwind
|move|p1a: Pelipper|Weather Ball|p2a: Aerodactyl
|-supereffective|p2a: Aerodactyl|1
|-damage|p2a: Aerodactyl|0 fnt
|faint|p2a: Aerodactyl
|
|-weather|RainDance|[upkeep]
|upkeep
|
|t:|1785952647
|switch|p2a: Kingambit|Kingambit, L50, M|100/100
|turn|4
|
|t:|1785952661
|switch|p1a: Swampert|Swampert-Mega, L50, M|100/100
|move|p2b: Basculegion|Aqua Jet|p1b: Grimmsnarl
|-damage|p1b: Grimmsnarl|56/100
|-damage|p2b: Basculegion|90/100|[from] item: Life Orb
|move|p1b: Grimmsnarl|Reflect|p1b: Grimmsnarl
|-sidestart|p1: xdi8723|Reflect
|move|p2a: Kingambit|Iron Head|p1b: Grimmsnarl
|-supereffective|p1b: Grimmsnarl|1
|-damage|p1b: Grimmsnarl|0 fnt
|faint|p1b: Grimmsnarl
|
|-weather|RainDance|[upkeep]
|upkeep
|
|t:|1785952679
|switch|p1b: Archaludon|Archaludon, L50, M|100/100
|turn|5
|inactive|Jordan230806 has 30 seconds left.
|
|t:|1785952706
|move|p1b: Archaludon|Protect|p1b: Archaludon
|-singleturn|p1b: Archaludon|Protect
|move|p2a: Kingambit|Sucker Punch||[still]
|-fail|p2a: Kingambit
|move|p1a: Swampert|Earthquake|p2b: Basculegion|[spread] p2a,p2b
|-activate|p1b: Archaludon|move: Protect
|-supereffective|p2a: Kingambit|1
|-damage|p2a: Kingambit|33/100
|-damage|p2b: Basculegion|39/100
|move|p2b: Basculegion|Last Respects|p1b: Archaludon
|-activate|p1b: Archaludon|move: Protect
|
|-weather|none
|upkeep
|turn|6
|
|t:|1785952728
|switch|p2a: Sylveon|Sylveon, L50, F|32/100
|switch|p1b: Pelipper|Pelipper, L50, M|64/100
|-weather|RainDance|[from] ability: Drizzle|[of] p1b: Pelipper
|move|p2b: Basculegion|Protect|p2b: Basculegion
|-singleturn|p2b: Basculegion|Protect
|move|p1a: Swampert|Earthquake|p2b: Basculegion|[spread] p2a
|-activate|p2b: Basculegion|move: Protect
|-immune|p1b: Pelipper
|-damage|p2a: Sylveon|0 fnt
|faint|p2a: Sylveon
|
|-weather|RainDance|[upkeep]
|-sideend|p2: Jordan230806|move: Tailwind
|upkeep
|
|t:|1785952741
|switch|p2a: Kingambit|Kingambit, L50, M|33/100
|turn|7
|inactive|Jordan230806 has 30 seconds left.
|
|t:|1785952774
|move|p1a: Swampert|Earthquake|p2b: Basculegion|[spread] p2a,p2b
|-immune|p1b: Pelipper
|-supereffective|p2a: Kingambit|1
|-damage|p2a: Kingambit|0 fnt
|-damage|p2b: Basculegion|0 fnt
|faint|p2a: Kingambit
|faint|p2b: Basculegion
|
|win|xdi8723
||xdi8723 is ready for game 2.
||Jordan230806 is ready for game 2.
|uhtml|next|Next: Game 2 of 3
