|j|☆freyartchan
|j|☆Uncreative7452
|html|freyartchanUncreative7452    
|uhtml|bestof|Game 1 of a best-of-3
|t:|1756746067
|gametype|doubles
|player|p1|freyartchan|kieran-champion|1123
|player|p2|Uncreative7452|tuber|1045
|gen|9
|tier|[Gen 9] VGC 2025 Reg H (Bo3)
|rated|
|rule|Species Clause: Limit one of each Pokémon
|rule|Item Clause: Limit 1 of each item
|clearpoke
|poke|p1|Sylveon, L50, M|
|poke|p1|Archaludon, L50, M|
|poke|p1|Incineroar, L50, F|
|poke|p1|Ursaluna, L50, F|
|poke|p1|Ribombee, L50, M|
|poke|p1|Porygon2, L50|
|poke|p2|Porygon2, L50|
|poke|p2|Reuniclus, L50, F|
|poke|p2|Alcremie, L50, F|
|poke|p2|Chesnaught, L50, M|
|poke|p2|Kingambit, L50, F|
|poke|p2|Indeedee, L50, M|
|teampreview|4
|showteam|p1|Sylveon||LifeOrb|Pixilate|HyperVoice,QuickAttack,TeraBlast,Protect|||M|||50|,,,,,Fire]Archaludon||PowerHerb|Sturdy|FlashCannon,DracoMeteor,ElectroShot,Protect|||M|||50|,,,,,Electric]Incineroar||SafetyGoggles|Intimidate|FakeOut,FlareBlitz,KnockOff,PartingShot|||F|||50|,,,,,Ghost]Ursaluna||FlameOrb|Guts|Facade,HeadlongRush,Earthquake,Protect|||F|||50|,,,,,Ghost]Ribombee||CovertCloak|SweetVeil|Tailwind,PollenPuff,StruggleBug,Protect|||M|||50|,,,,,Water]Porygon2||Eviolite|Download|TeraBlast,IceBeam,Recover,TrickRoom||||||50|,,,,,Flying
|showteam|p2|Porygon2||Eviolite|Download|IceBeam,TeraBlast,TrickRoom,Recover||||||50|,,,,,Fighting]Reuniclus||LifeOrb|Overcoat|ExpandingForce,ShadowBall,TrickRoom,Protect|||F|||50|,,,,,Dark]Alcremie||RoomService|AromaVeil|AlluringVoice,Decorate,Protect,HelpingHand|||F|||50|,,,,,Steel]Chesnaught||PsychicSeed|Bulletproof|LeechSeed,WideGuard,BodyPress,SpikyShield|||M|||50|,,,,,Steel]Kingambit||AssaultVest|Defiant|IronHead,SuckerPunch,TeraBlast,KowtowCleave|||F|||50|,,,,,Flying]Indeedee||FocusSash|PsychicSurge|ExpandingForce,DazzlingGleam,Protect,TrickRoom|||M|||50|,,,,,Psychic
|
|t:|1756746155
|teamsize|p1|4
|teamsize|p2|4
|start
|switch|p1a: Honey|Ribombee, L50, M|100/100
|switch|p1b: Lillie|Sylveon, L50, M|100/100
|switch|p2a: Chesnaught|Chesnaught, L50, M|100/100
|switch|p2b: Indeedee|Indeedee, L50, M|100/100
|-fieldstart|move: Psychic Terrain|[from] ability: Psychic Surge|[of] p2b: Indeedee
|-enditem|p2a: Chesnaught|Psychic Seed
|-boost|p2a: Chesnaught|spd|1|[from] item: Psychic Seed
|turn|1
|
|t:|1756746231
|move|p2a: Chesnaught|Spiky Shield|p2a: Chesnaught
|-singleturn|p2a: Chesnaught|move: Protect
|move|p1a: Honey|Struggle Bug|p2b: Indeedee|[spread] p2b
|-activate|p2a: Chesnaught|move: Protect
|-supereffective|p2b: Indeedee
|-damage|p2b: Indeedee|75/100
|-unboost|p2b: Indeedee|spa|1
|move|p1b: Lillie|Tera Blast|p2b: Indeedee
|-damage|p2b: Indeedee|29/100
|-damage|p1b: Lillie|91/100|[from] item: Life Orb
|move|p2b: Indeedee|Trick Room|p2b: Indeedee
|-fieldstart|move: Trick Room|[of] p2b: Indeedee
|
|upkeep
|turn|2
|
|t:|1756746261
|switch|p2a: Porygon2|Porygon2, L50|100/100
|-ability|p2a: Porygon2|Download|boost
|-boost|p2a: Porygon2|atk|1
|move|p1b: Lillie|Hyper Voice|p2b: Indeedee|[spread] p2a,p2b
|-damage|p2a: Porygon2|68/100
|-damage|p2b: Indeedee|0 fnt
|faint|p2b: Indeedee
|-damage|p1b: Lillie|81/100|[from] item: Life Orb
|move|p1a: Honey|Pollen Puff|p2a: Porygon2
|-damage|p2a: Porygon2|44/100
|
|upkeep
|
|t:|1756746274
|switch|p2b: Kingambit|Kingambit, L50, F|100/100
|turn|3
|
|t:|1756746303
|switch|p1b: Luna|Ursaluna, L50, F|100/100
|-terastallize|p2b: Kingambit|Flying
|move|p1a: Honey|Protect|p1a: Honey
|-singleturn|p1a: Honey|Protect
|move|p2b: Kingambit|Iron Head|p1b: Luna
|-damage|p1b: Luna|67/100
|move|p2a: Porygon2|Recover|p2a: Porygon2
|-heal|p2a: Porygon2|94/100
|
|-status|p1b: Luna|brn|[from] item: Flame Orb
|upkeep
|turn|4
|
|t:|1756746356
|move|p2b: Kingambit|Iron Head|p1a: Honey
|-supereffective|p1a: Honey
|-damage|p1a: Honey|0 fnt
|faint|p1a: Honey
|move|p2a: Porygon2|Ice Beam|p1b: Luna
|-supereffective|p1b: Luna
|-damage|p1b: Luna|23/100 brn
|move|p1b: Luna|Facade|p2a: Porygon2
|-damage|p2a: Porygon2|25/100
|
|-damage|p1b: Luna|17/100 brn|[from] brn
|upkeep
|
|t:|1756746380
|switch|p1a: Lillie|Sylveon, L50, M|81/100
|turn|5
|
|t:|1756746414
|move|p1b: Luna|Protect|p1b: Luna
|-singleturn|p1b: Luna|Protect
|move|p1a: Lillie|Protect|p1a: Lillie
|-singleturn|p1a: Lillie|Protect
|move|p2b: Kingambit|Iron Head|p1a: Lillie
|-activate|p1a: Lillie|move: Protect
|move|p2a: Porygon2|Ice Beam|p1b: Luna
|-activate|p1b: Luna|move: Protect
|
|-damage|p1b: Luna|11/100 brn|[from] brn
|-fieldend|move: Trick Room
|-fieldend|move: Psychic Terrain
|upkeep
|turn|6
|
|t:|1756746461
|move|p2b: Kingambit|Sucker Punch|p1b: Luna
|-damage|p1b: Luna|0 fnt
|faint|p1b: Luna
|move|p1a: Lillie|Hyper Voice|p2a: Porygon2|[spread] p2a,p2b
|-damage|p2a: Porygon2|0 fnt
|-damage|p2b: Kingambit|67/100
|faint|p2a: Porygon2
|-damage|p1a: Lillie|71/100|[from] item: Life Orb
|
|upkeep
|
|t:|1756746484
|switch|p1b: Skye|Archaludon, L50, M|100/100
|switch|p2a: Chesnaught|Chesnaught, L50, M|100/100
|turn|7
|
|t:|1756746533
|-terastallize|p1b: Skye|Electric
|move|p1b: Skye|Electro Shot||[still]
|-prepare|p1b: Skye|Electro Shot
|-boost|p1b: Skye|spa|1
|-enditem|p1b: Skye|Power Herb
|-anim|p1b: Skye|Electro Shot|p2b: Kingambit
|-supereffective|p2b: Kingambit
|-damage|p2b: Kingambit|0 fnt
|faint|p2b: Kingambit
|move|p1a: Lillie|Hyper Voice|p2a: Chesnaught
|-supereffective|p2a: Chesnaught
|-damage|p2a: Chesnaught|0 fnt
|faint|p2a: Chesnaught
|-damage|p1a: Lillie|61/100|[from] item: Life Orb
|
|win|freyartchan
|l|☆Uncreative7452
|player|p2|
|inactive|freyartchan has 29 seconds to confirm battle start!
|inactive|Uncreative7452 has 29 seconds to confirm battle start!
||freyartchan is ready for game 2.
|inactive|Uncreative7452 has 19 seconds to confirm battle start!
|inactive|Uncreative7452 has 9 seconds to confirm battle start!
|uhtml|next|Next: Game 2 of 3
