|j|☆TJP195
|j|☆dambro222
|html|TJP195dambro222    
|uhtml|bestof|Game 1 of a best-of-3
|t:|1756712696
|gametype|doubles
|player|p1|TJP195|rocketgrunt|1091
|player|p2|dambro222|169|1114
|gen|9
|tier|[Gen 9] VGC 2025 Reg H (Bo3)
|rated|
|rule|Species Clause: Limit one of each Pokémon
|rule|Item Clause: Limit 1 of each item
|clearpoke
|poke|p1|Braviary-Hisui, L50, M|
|poke|p1|Ursaluna, L50, M|
|poke|p1|Indeedee-F, L50, F|
|poke|p1|Sneasler, L50, M|
|poke|p1|Incineroar, L50, M|
|poke|p1|Tyranitar, L50, M|
|poke|p2|Dragonite, L50, M|
|poke|p2|Volcarona, L50, F|
|poke|p2|Sneasler, L50, M|
|poke|p2|Rillaboom, L50, M|
|poke|p2|Electabuzz, L50, M|
|poke|p2|Kingambit, L50, M|
|teampreview|4
|showteam|p1|Braviary-Hisui||ChoiceSpecs|TintedLens|ExpandingForce,HeatWave,Snarl,Hurricane|||M|||50|,,,,,Psychic]Ursaluna||FlameOrb|Guts|Facade,Protect,HeadlongRush,Earthquake|||M|||50|,,,,,Ghost]Indeedee-F||SafetyGoggles|PsychicSurge|TrickRoom,FollowMe,HelpingHand,DazzlingGleam|||F|||50|,,,,,Fairy]Sneasler||PsychicSeed|Unburden|DireClaw,CloseCombat,ThroatChop,Protect|||M|||50|,,,,,Dark]Incineroar||AssaultVest|Intimidate|Uturn,FakeOut,KnockOff,FlareBlitz|||M|||50|,,,,,Grass]Tyranitar||ClearAmulet|SandStream|TeraBlast,RockSlide,KnockOff,Protect|||M|||50|,,,,,Flying
|showteam|p2|Dragonite||LoadedDice|Multiscale|ScaleShot,ExtremeSpeed,Haze,Protect|||M|||50|,,,,,Fairy]Volcarona||CovertCloak|FlameBody|HeatWave,TeraBlast,QuiverDance,Protect|||F|||50|,,,,,Fairy]Sneasler||FocusSash|Unburden|CloseCombat,DireClaw,RockSlide,Protect|||M|||50|,,,,,Stellar]Rillaboom||AssaultVest|GrassySurge|WoodHammer,GrassyGlide,HighHorsepower,FakeOut|||M|||50|,,,,,Water]Electabuzz||Eviolite|VitalSpirit|Electroweb,FollowMe,Taunt,Protect|||M|||50|,,,,,Ghost]Kingambit||BlackGlasses|Defiant|KowtowCleave,SuckerPunch,SwordsDance,Protect|||M|||50|,,,,,Dark
|inactive|Battle timer is ON: inactive players will automatically lose when time's up. (requested by dambro222)
|inactive|dambro222 has 60 seconds left.
|
|t:|1756712730
|teamsize|p1|4
|teamsize|p2|4
|start
|switch|p1a: Indeedee|Indeedee-F, L50, F, shiny|100/100
|switch|p1b: Sneasler|Sneasler, L50, M, shiny|100/100
|switch|p2a: Volcarona|Volcarona, L50, F|100/100
|switch|p2b: Electabuzz|Electabuzz, L50, M|100/100
|-fieldstart|move: Psychic Terrain|[from] ability: Psychic Surge|[of] p1a: Indeedee
|-enditem|p1b: Sneasler|Psychic Seed
|-boost|p1b: Sneasler|spd|1|[from] item: Psychic Seed
|turn|1
|
|t:|1756712748
|switch|p1a: Ursaluna|Ursaluna, L50, M, shiny|100/100
|move|p2b: Electabuzz|Follow Me|p2b: Electabuzz
|-singleturn|p2b: Electabuzz|move: Follow Me
|move|p1b: Sneasler|Dire Claw|p2b: Electabuzz
|-damage|p2b: Electabuzz|63/100
|move|p2a: Volcarona|Quiver Dance|p2a: Volcarona
|-boost|p2a: Volcarona|spa|1
|-boost|p2a: Volcarona|spd|1
|-boost|p2a: Volcarona|spe|1
|
|-status|p1a: Ursaluna|brn|[from] item: Flame Orb
|upkeep
|turn|2
|inactive|dambro222 has 30 seconds left.
|
|t:|1756712775
|switch|p2b: Rillaboom|Rillaboom, L50, M|100/100
|-fieldstart|move: Grassy Terrain|[from] ability: Grassy Surge|[of] p2b: Rillaboom
|move|p2a: Volcarona|Protect|p2a: Volcarona
|-singleturn|p2a: Volcarona|Protect
|move|p1b: Sneasler|Dire Claw|p2a: Volcarona
|-activate|p2a: Volcarona|move: Protect
|move|p1a: Ursaluna|Earthquake|p2a: Volcarona|[spread] p1b,p2b
|-activate|p2a: Volcarona|move: Protect
|-supereffective|p1b: Sneasler
|-resisted|p2b: Rillaboom
|-damage|p1b: Sneasler|0 fnt
|-damage|p2b: Rillaboom|84/100
|faint|p1b: Sneasler
|
|-heal|p2b: Rillaboom|90/100|[from] Grassy Terrain
|-damage|p1a: Ursaluna|94/100 brn|[from] brn
|upkeep
|
|t:|1756712783
|switch|p1b: Indeedee|Indeedee-F, L50, F, shiny|100/100
|-fieldstart|move: Psychic Terrain|[from] ability: Psychic Surge|[of] p1b: Indeedee
|turn|3
|inactive|dambro222 has 30 seconds left.
|
|t:|1756712810
|switch|p2b: Electabuzz|Electabuzz, L50, M|63/100
|move|p1a: Ursaluna|Protect|p1a: Ursaluna
|-singleturn|p1a: Ursaluna|Protect
|move|p2a: Volcarona|Heat Wave|p1a: Ursaluna|[spread] p1b
|-activate|p1a: Ursaluna|move: Protect
|-damage|p1b: Indeedee|46/100
|-status|p1b: Indeedee|brn
|move|p1b: Indeedee|Trick Room|p1b: Indeedee
|-fieldstart|move: Trick Room|[of] p1b: Indeedee
|
|-damage|p1a: Ursaluna|88/100 brn|[from] brn
|-damage|p1b: Indeedee|40/100 brn|[from] brn
|upkeep
|turn|4
|
|t:|1756712835
|switch|p2b: Rillaboom|Rillaboom, L50, M|90/100
|-fieldstart|move: Grassy Terrain|[from] ability: Grassy Surge|[of] p2b: Rillaboom
|move|p2a: Volcarona|Protect|p2a: Volcarona
|-singleturn|p2a: Volcarona|Protect
|move|p1b: Indeedee|Follow Me|p1b: Indeedee
|-singleturn|p1b: Indeedee|move: Follow Me
|move|p1a: Ursaluna|Facade|p2b: Rillaboom
|-damage|p2b: Rillaboom|0 fnt
|faint|p2b: Rillaboom
|
|-heal|p1a: Ursaluna|94/100 brn|[from] Grassy Terrain
|-heal|p1b: Indeedee|46/100 brn|[from] Grassy Terrain
|-damage|p1a: Ursaluna|88/100 brn|[from] brn
|-damage|p1b: Indeedee|40/100 brn|[from] brn
|upkeep
|
|t:|1756712848
|switch|p2b: Electabuzz|Electabuzz, L50, M|63/100
|turn|5
|
|t:|1756712867
|switch|p1b: Braviary|Braviary-Hisui, L50, M, shiny|100/100
|move|p2b: Electabuzz|Follow Me|p2b: Electabuzz
|-singleturn|p2b: Electabuzz|move: Follow Me
|move|p1a: Ursaluna|Facade|p2b: Electabuzz
|-damage|p2b: Electabuzz|0 fnt
|faint|p2b: Electabuzz
|move|p2a: Volcarona|Heat Wave|p1b: Braviary|[spread] p1a,p1b
|-damage|p1a: Ursaluna|46/100 brn
|-damage|p1b: Braviary|36/100
|
|-heal|p1a: Ursaluna|52/100 brn|[from] Grassy Terrain
|-damage|p1a: Ursaluna|46/100 brn|[from] brn
|upkeep
|
|t:|1756712879
|switch|p2b: Sneasler|Sneasler, L50, M|100/100
|turn|6
|inactive|dambro222 has 30 seconds left.
|inactive|dambro222 has 20 seconds left.
|inactive|dambro222 has 15 seconds left.
|
|t:|1756712924
|move|p2a: Volcarona|Protect|p2a: Volcarona
|-singleturn|p2a: Volcarona|Protect
|move|p1a: Ursaluna|Earthquake|p2a: Volcarona|[spread] p2b
|-activate|p2a: Volcarona|move: Protect
|-immune|p1b: Braviary
|-supereffective|p2b: Sneasler
|-enditem|p2b: Sneasler|Focus Sash
|-damage|p2b: Sneasler|1/100
|move|p1b: Braviary|Snarl|p2b: Sneasler|[spread] p2b
|-activate|p2a: Volcarona|move: Protect
|-resisted|p2b: Sneasler
|-damage|p2b: Sneasler|0 fnt
|faint|p2b: Sneasler
|
|-heal|p1a: Ursaluna|52/100 brn|[from] Grassy Terrain
|-damage|p1a: Ursaluna|46/100 brn|[from] brn
|upkeep
|turn|7
|
|t:|1756712941
|move|p2a: Volcarona|Protect|p2a: Volcarona
|-singleturn|p2a: Volcarona|Protect
|move|p1a: Ursaluna|Facade|p2a: Volcarona
|-activate|p2a: Volcarona|move: Protect
|move|p1b: Braviary|Snarl|p2a: Volcarona
|-activate|p2a: Volcarona|move: Protect
|
|-heal|p1a: Ursaluna|52/100 brn|[from] Grassy Terrain
|-damage|p1a: Ursaluna|46/100 brn|[from] brn
|-fieldend|move: Trick Room
|upkeep
|turn|8
|
|t:|1756712961
|move|p2a: Volcarona|Quiver Dance|p2a: Volcarona
|-boost|p2a: Volcarona|spa|1
|-boost|p2a: Volcarona|spd|1
|-boost|p2a: Volcarona|spe|1
|move|p1b: Braviary|Snarl|p2a: Volcarona
|-damage|p2a: Volcarona|86/100
|move|p1a: Ursaluna|Facade|p2a: Volcarona
|-damage|p2a: Volcarona|0 fnt
|faint|p2a: Volcarona
|
|win|TJP195
||dambro222 is ready for game 2.
|inactive|TJP195 has 30 seconds to confirm battle start!
||TJP195 is ready for game 2.
|uhtml|next|Next: Game 2 of 3
