|j|☆Grogguu
|j|☆jony_vgc
|html|Grogguujony_vgc    
|uhtml|bestof|Game 1 of a best-of-3
|t:|1756345888
|gametype|doubles
|player|p1|Grogguu|zinzolin|1103
|player|p2|jony_vgc|wattson|1000
|gen|9
|tier|[Gen 9] VGC 2025 Reg H (Bo3)
|rated|
|rule|Species Clause: Limit one of each Pokémon
|rule|Item Clause: Limit 1 of each item
|clearpoke
|poke|p1|Sneasler, L50, F|
|poke|p1|Dragapult, L50, F|
|poke|p1|Primarina, L50, F|
|poke|p1|Rillaboom, L50, F|
|poke|p1|Kingambit, L50, F|
|poke|p1|Magmar, L50, F|
|poke|p2|Archaludon, L50, M|
|poke|p2|Salamence, L50, M|
|poke|p2|Basculegion-F, L50, F|
|poke|p2|Gastrodon-East, L50, F|
|poke|p2|Meowscarada, L50, M|
|poke|p2|Clodsire, L50, F|
|teampreview|4
|showteam|p1|Sneasler||WhiteHerb|Unburden|CloseCombat,DireClaw,Coaching,Protect|||F|||50|,,,,,Stellar]Dragapult||ChoiceBand|ClearBody|DragonDarts,TeraBlast,PhantomForce,Uturn|||F|||50|,,,,,Ghost]Primarina||SitrusBerry|LiquidVoice|HyperVoice,Moonblast,Haze,Protect|||F|||50|,,,,,Water]Rillaboom||AssaultVest|GrassySurge|WoodHammer,GrassyGlide,KnockOff,FakeOut|||F|||50|,,,,,Fire]Kingambit||BlackGlasses|Defiant|KowtowCleave,SuckerPunch,SwordsDance,Protect|||F|||50|,,,,,Ghost]Magmar||Eviolite|VitalSpirit|Overheat,WillOWisp,FollowMe,Protect|||F|||50|,,,,,Ghost
|showteam|p2|Archaludon||PowerHerb|Sturdy|ElectroShot,Protect,FlashCannon,DracoMeteor|||M|||50|,,,,,Electric]Salamence||CovertCloak|Intimidate|Tailwind,Earthquake,DragonClaw,DragonCheer|||M|||50|,,,,,Steel]Basculegion-F||LifeOrb|Adaptability|Surf,MuddyWater,ShadowBall,Protect|||F|||50|,,,,,Water]Gastrodon-East||Leftovers|StormDrain|IceBeam,MirrorCoat,Recover,EarthPower|||F|||50|,,,,,Fire]Meowscarada||WideLens|Protean|PetalBlizzard,Uturn,KnockOff,TripleAxel|||M|||50|,,,,,Stellar]Clodsire||BlackSludge|Unaware|Toxic,Recover,Haze,RainDance|||F|||50|,,,,,Poison
|inactive|Battle timer is ON: inactive players will automatically lose when time's up. (requested by Grogguu)
|
|t:|1756345938
|teamsize|p1|4
|teamsize|p2|4
|start
|switch|p1a: Kingambit|Kingambit, L50, F|100/100
|switch|p1b: Magmar|Magmar, L50, F|100/100
|switch|p2a: Archaludon|Archaludon, L50, M|100/100
|switch|p2b: Salamence|Salamence, L50, M|100/100
|-ability|p2b: Salamence|Intimidate|boost
|-unboost|p1a: Kingambit|atk|1
|-ability|p1a: Kingambit|Defiant|boost
|-boost|p1a: Kingambit|atk|2
|-unboost|p1b: Magmar|atk|1
|turn|1
|inactive|Grogguu has 30 seconds left.
|inactive|jony_vgc has 30 seconds left.
|
|t:|1756345964
|-terastallize|p2a: Archaludon|Electric
|move|p1b: Magmar|Follow Me|p1b: Magmar
|-singleturn|p1b: Magmar|move: Follow Me
|move|p2b: Salamence|Dragon Cheer|p2a: Archaludon
|-start|p2a: Archaludon|move: Dragon Cheer
|move|p2a: Archaludon|Electro Shot||[still]
|-prepare|p2a: Archaludon|Electro Shot
|-boost|p2a: Archaludon|spa|1
|-enditem|p2a: Archaludon|Power Herb
|-anim|p2a: Archaludon|Electro Shot|p1b: Magmar
|-damage|p1b: Magmar|13/100
|move|p1a: Kingambit|Swords Dance|p1a: Kingambit
|-boost|p1a: Kingambit|atk|2
|
|upkeep
|turn|2
|inactive|Grogguu has 30 seconds left.
|inactive|jony_vgc has 30 seconds left.
|
|t:|1756345999
|move|p2a: Archaludon|Protect|p2a: Archaludon
|-singleturn|p2a: Archaludon|Protect
|move|p1a: Kingambit|Sucker Punch|p2b: Salamence
|-damage|p2b: Salamence|0 fnt
|faint|p2b: Salamence
|move|p1b: Magmar|Overheat|p2a: Archaludon
|-activate|p2a: Archaludon|move: Protect
|
|upkeep
|
|t:|1756346011
|switch|p2b: Gastrodon|Gastrodon-East, L50, F|100/100
|turn|3
|
|t:|1756346022
|-terastallize|p1a: Kingambit|Ghost
|move|p1b: Magmar|Follow Me|p1b: Magmar
|-singleturn|p1b: Magmar|move: Follow Me
|move|p2a: Archaludon|Flash Cannon|p1b: Magmar
|-resisted|p1b: Magmar
|-damage|p1b: Magmar|0 fnt
|faint|p1b: Magmar
|move|p1a: Kingambit|Kowtow Cleave|p2b: Gastrodon
|-damage|p2b: Gastrodon|0 fnt
|faint|p2b: Gastrodon
|
|upkeep
|
|t:|1756346039
|switch|p1b: Rillaboom|Rillaboom, L50, F|100/100
|switch|p2b: Meowscarada|Meowscarada, L50, M|100/100
|-fieldstart|move: Grassy Terrain|[from] ability: Grassy Surge|[of] p1b: Rillaboom
|turn|4
|inactive|Grogguu has 30 seconds left.
|
|t:|1756346067
|move|p2a: Archaludon|Protect|p2a: Archaludon
|-singleturn|p2a: Archaludon|Protect
|move|p1b: Rillaboom|Fake Out|p2b: Meowscarada
|-damage|p2b: Meowscarada|80/100
|cant|p2b: Meowscarada|flinch
|move|p1a: Kingambit|Kowtow Cleave|p2a: Archaludon
|-activate|p2a: Archaludon|move: Protect
|
|-heal|p2b: Meowscarada|86/100|[from] Grassy Terrain
|upkeep
|turn|5
|
|t:|1756346084
|move|p1a: Kingambit|Sucker Punch|p2b: Meowscarada
|-resisted|p2b: Meowscarada
|-damage|p2b: Meowscarada|0 fnt
|faint|p2b: Meowscarada
|move|p2a: Archaludon|Draco Meteor|p1b: Rillaboom
|-damage|p1b: Rillaboom|13/100
|-unboost|p2a: Archaludon|spa|2
|move|p1b: Rillaboom|Wood Hammer|p2a: Archaludon
|-damage|p2a: Archaludon|33/100
|-damage|p1b: Rillaboom|0 fnt|[from] Recoil
|faint|p1b: Rillaboom
|
|-heal|p2a: Archaludon|39/100|[from] Grassy Terrain
|upkeep
|
|t:|1756346097
|switch|p1b: Primarina|Primarina, L50, F|100/100
|turn|6
|
|t:|1756346103
|move|p1a: Kingambit|Sucker Punch|p2a: Archaludon
|-damage|p2a: Archaludon|0 fnt
|faint|p2a: Archaludon
|
|win|Grogguu
||Grogguu is ready for game 2.
|l|☆jony_vgc
|player|p2|
