|j|☆1OO% Jesus
|j|☆beanybag
|html|1OO% Jesusbeanybag    
|uhtml|bestof|Game 1 of a best-of-3
|t:|1783522841
|gametype|doubles
|player|p1|1OO% Jesus|lillie-z|1226
|player|p2|beanybag|169|1128
|gen|9
|tier|[Gen 9 Champions] VGC 2026 Reg M-B (Bo3)
|rated|
|rule|Species Clause: Limit one of each Pokémon
|rule|Item Clause: Limit 1 of each item
|clearpoke
|poke|p1|Delphox, L50, M|
|poke|p1|Sneasler, L50, F|
|poke|p1|Incineroar, L50, M|
|poke|p1|Sinistcha, L50|
|poke|p1|Maushold-Four, L50|
|poke|p1|Blastoise, L50, F|
|poke|p2|Bellibolt, L50, F|
|poke|p2|Ampharos, L50, M, shiny|
|poke|p2|Araquanid, L50, F, shiny|
|poke|p2|Sinistcha, L50|
|poke|p2|Scovillain, L50, M|
|poke|p2|Chandelure, L50, F|
|teampreview|4
|showteam|p1|Delphox||Delphoxite|Blaze|HeatWave,Psyshock,NastyPlot,Protect|Timid||M|||50|]Sneasler||FocusSash|PoisonTouch|CloseCombat,PoisonJab,FakeOut,QuickGuard|Jolly||F|||50|]Incineroar||SitrusBerry|Intimidate|FlareBlitz,ThroatChop,FakeOut,PartingShot|Impish||M|||50|]Sinistcha||OccaBerry|Hospitality|MatchaGotcha,RagePowder,LifeDew,Protect|Bold|||||50|]Maushold-Four||ChopleBerry|FriendGuard|FollowMe,Feint,HelpingHand,Protect|Impish|||||50|]Blastoise||Blastoisinite|RainDish|WaterSpout,DarkPulse,ShellSmash,Protect|Modest||F|||50|
|showteam|p2|Bellibolt||SitrusBerry|Electromorphosis|Soak,VoltSwitch,ParabolicCharge,Protect|Calm||F|||50|]Ampharos||Ampharosite|Static|ParabolicCharge,Charge,CottonGuard,Protect|Calm||M|||50|]Araquanid||Leftovers|WaterBubble|Soak,Stockpile,Infestation,Protect|Relaxed||F|||50|]Sinistcha||WideLens|Hospitality|MatchaGotcha,LifeDew,TrickRoom,Protect|Sassy|||||50|]Scovillain||Scovillainite|Moody|GigaDrain,LeechSeed,RagePowder,Protect|Sassy||M|||50|]Chandelure||FocusSash|FlashFire|HeatWave,Hex,Haze,Protect|Quiet||F|||50|
|
|t:|1783522911
|teamsize|p1|4
|teamsize|p2|4
|start
|switch|p1a: Maushold|Maushold-Four, L50|100/100
|switch|p1b: Blastoise|Blastoise, L50, F|100/100
|switch|p2a: NONO SQUARE|Scovillain, L50, M|100/100
|switch|p2b: GREEN LAVA|Sinistcha, L50|100/100
|turn|1
|
|t:|1783522938
|detailschange|p1b: Blastoise|Blastoise-Mega, L50, F
|-mega|p1b: Blastoise|Blastoise|Blastoisinite
|detailschange|p2a: NONO SQUARE|Scovillain-Mega, L50, M
|-mega|p2a: NONO SQUARE|Scovillain|Scovillainite
|move|p1a: Maushold|Follow Me|p1a: Maushold
|-singleturn|p1a: Maushold|move: Follow Me
|move|p1b: Blastoise|Shell Smash|p1b: Blastoise
|-unboost|p1b: Blastoise|def|1
|-unboost|p1b: Blastoise|spd|1
|-boost|p1b: Blastoise|atk|2
|-boost|p1b: Blastoise|spa|2
|-boost|p1b: Blastoise|spe|2
|move|p2a: NONO SQUARE|Leech Seed|p1a: Maushold
|-start|p1a: Maushold|move: Leech Seed
|move|p2b: GREEN LAVA|Matcha Gotcha|p1a: Maushold|[spread] p1a,p1b
|-supereffective|p1b: Blastoise|1
|-damage|p1a: Maushold|73/100
|-damage|p1b: Blastoise|44/100
|-status|p1a: Maushold|brn
|
|-damage|p1a: Maushold|61/100 brn|[from] Leech Seed|[of] p2a: NONO SQUARE
|-damage|p1a: Maushold|55/100 brn|[from] brn
|upkeep
|turn|2
|
|t:|1783522985
|switch|p1a: Sinistcha|Sinistcha, L50|100/100
|-heal|p1b: Blastoise|69/100|[from] ability: Hospitality|[of] p1a: Sinistcha
|move|p1b: Blastoise|Protect|p1b: Blastoise
|-singleturn|p1b: Blastoise|Protect
|move|p2a: NONO SQUARE|Giga Drain|p1a: Sinistcha
|-resisted|p1a: Sinistcha|1
|-damage|p1a: Sinistcha|81/100
|move|p2b: GREEN LAVA|Matcha Gotcha|p1b: Blastoise|[spread] p1a
|-activate|p1b: Blastoise|move: Protect
|-resisted|p1a: Sinistcha|1
|-damage|p1a: Sinistcha|68/100
|
|upkeep
|turn|3
|
|t:|1783523006
|switch|p2a: SUPA SOOKA|Araquanid, L50, F, shiny|100/100
|move|p1b: Blastoise|Water Spout|p2a: SUPA SOOKA|[spread] p2a,p2b
|-resisted|p2a: SUPA SOOKA|1
|-crit|p2a: SUPA SOOKA
|-resisted|p2b: GREEN LAVA|1
|-damage|p2a: SUPA SOOKA|50/100g
|-damage|p2b: GREEN LAVA|63/100
|move|p1a: Sinistcha|Life Dew|p1a: Sinistcha|[spread] p1a,p1b
|-heal|p1a: Sinistcha|93/100
|-heal|p1b: Blastoise|94/100
|move|p2b: GREEN LAVA|Trick Room|p2b: GREEN LAVA
|-fieldstart|move: Trick Room|[of] p2b: GREEN LAVA
|
|-heal|p2a: SUPA SOOKA|56/100|[from] item: Leftovers
|upkeep
|turn|4
|
|t:|1783523027
|switch|p1a: Incineroar|Incineroar, L50, M|100/100
|-ability|p1a: Incineroar|Intimidate|boost
|-unboost|p2a: SUPA SOOKA|atk|1
|-unboost|p2b: GREEN LAVA|atk|1
|move|p1b: Blastoise|Protect|p1b: Blastoise
|-singleturn|p1b: Blastoise|Protect
|move|p2a: SUPA SOOKA|Soak|p1a: Incineroar
|-start|p1a: Incineroar|typechange|Water
|move|p2b: GREEN LAVA|Matcha Gotcha|p1a: Incineroar|[spread] p1a
|-activate|p1b: Blastoise|move: Protect
|-supereffective|p1a: Incineroar|1
|-damage|p1a: Incineroar|49/100
|-heal|p2b: GREEN LAVA|92/100|[from] drain|[of] p1a: Incineroar
|-enditem|p1a: Incineroar|Sitrus Berry|[eat]
|-heal|p1a: Incineroar|74/100|[from] item: Sitrus Berry
|
|-heal|p2a: SUPA SOOKA|61/100|[from] item: Leftovers
|upkeep
|turn|5
|
|t:|1783523062
|switch|p1a: Maushold|Maushold-Four, L50|55/100 brn
|move|p2a: SUPA SOOKA|Stockpile|p2a: SUPA SOOKA
|-start|p2a: SUPA SOOKA|stockpile1
|-boost|p2a: SUPA SOOKA|def|1
|-boost|p2a: SUPA SOOKA|spd|1
|move|p2b: GREEN LAVA|Matcha Gotcha|p1a: Maushold|[spread] p1a,p1b
|-supereffective|p1b: Blastoise|1
|-damage|p1a: Maushold|30/100 brn
|-heal|p2b: GREEN LAVA|100/100|[from] drain|[of] p1a: Maushold
|-damage|p1b: Blastoise|39/100
|move|p1b: Blastoise|Water Spout|p2a: SUPA SOOKA|[spread] p2a,p2b
|-resisted|p2a: SUPA SOOKA|1
|-resisted|p2b: GREEN LAVA|1
|-damage|p2a: SUPA SOOKA|48/100
|-damage|p2b: GREEN LAVA|79/100
|
|-heal|p2a: SUPA SOOKA|54/100|[from] item: Leftovers
|-damage|p1a: Maushold|24/100 brn|[from] brn
|upkeep
|turn|6
|
|t:|1783523079
|switch|p1a: Sinistcha|Sinistcha, L50|93/100
|-heal|p1b: Blastoise|64/100|[from] ability: Hospitality|[of] p1a: Sinistcha
|move|p2a: SUPA SOOKA|Stockpile|p2a: SUPA SOOKA
|-start|p2a: SUPA SOOKA|stockpile2
|-boost|p2a: SUPA SOOKA|def|1
|-boost|p2a: SUPA SOOKA|spd|1
|move|p2b: GREEN LAVA|Matcha Gotcha|p1b: Blastoise|[spread] p1a,p1b
|-resisted|p1a: Sinistcha|1
|-supereffective|p1b: Blastoise|1
|-damage|p1a: Sinistcha|82/100
|-heal|p2b: GREEN LAVA|85/100|[from] drain|[of] p1a: Sinistcha
|-damage|p1b: Blastoise|0 fnt
|-heal|p2b: GREEN LAVA|100/100|[from] drain|[of] p1b: Blastoise
|faint|p1b: Blastoise
|
|-heal|p2a: SUPA SOOKA|60/100|[from] item: Leftovers
|upkeep
|
|t:|1783523093
|switch|p1b: Incineroar|Incineroar, L50, M|74/100
|-ability|p1b: Incineroar|Intimidate|boost
|-unboost|p2a: SUPA SOOKA|atk|1
|-unboost|p2b: GREEN LAVA|atk|1
|turn|7
|-message|1OO% Jesus forfeited.
|
|win|beanybag
||1OO% Jesus is ready for game 2.
|inactive|beanybag has 30 seconds to confirm battle start!
||beanybag is ready for game 2.
|uhtml|next|Next: Game 2 of 3
