|j|☆dambro222
|j|☆pavel347
|html|dambro222pavel347    
|uhtml|bestof|Game 1 of a best-of-3
|t:|1756298913
|gametype|doubles
|player|p1|dambro222|ethan|1127
|player|p2|pavel347|steven|1015
|gen|9
|tier|[Gen 9] VGC 2025 Reg H (Bo3)
|rated|
|rule|Species Clause: Limit one of each Pokémon
|rule|Item Clause: Limit 1 of each item
|clearpoke
|poke|p1|Dragonite, L50, M|
|poke|p1|Volcarona, L50, F|
|poke|p1|Sneasler, L50, M|
|poke|p1|Rillaboom, L50, M|
|poke|p1|Electabuzz, L50, M|
|poke|p1|Kingambit, L50, M|
|poke|p2|Metagross, L50|
|poke|p2|Smeargle, L50, F|
|poke|p2|Hydreigon, L50, M|
|poke|p2|Talonflame, L50, M|
|poke|p2|Garchomp, L50, F|
|poke|p2|Milotic, L50, F|
|teampreview|4
|showteam|p1|Dragonite||LoadedDice|Multiscale|ScaleShot,ExtremeSpeed,Haze,Protect|||M|||50|,,,,,Fairy]Volcarona||CovertCloak|FlameBody|HeatWave,TeraBlast,QuiverDance,Protect|||F|||50|,,,,,Fairy]Sneasler||FocusSash|Unburden|CloseCombat,DireClaw,Coaching,Protect|||M|||50|,,,,,Stellar]Rillaboom||AssaultVest|GrassySurge|WoodHammer,GrassyGlide,HighHorsepower,FakeOut|||M|||50|,,,,,Water]Electabuzz||Eviolite|VitalSpirit|Electroweb,FollowMe,Taunt,Protect|||M|||50|,,,,,Ghost]Kingambit||BlackGlasses|Defiant|KowtowCleave,SuckerPunch,SwordsDance,Protect|||M|||50|,,,,,Dark
|showteam|p2|Metagross||AssaultVest|ClearBody|PsychicFangs,BulletPunch,HeavySlam,StompingTantrum||||||50|,,,,,Flying]Smeargle||FocusSash|Moody|FakeOut,Decorate,SpikyShield,FollowMe|||F|||50|,,,,,Ghost]Hydreigon||ScopeLens|Levitate|DracoMeteor,Snarl,FocusEnergy,Protect|||M|||50|,,,,,Poison]Talonflame||CovertCloak|GaleWings|Tailwind,DualWingbeat,Taunt,WillOWisp|||M|||50|,,,,,Flying]Garchomp||ChoiceBand|RoughSkin|Outrage,StompingTantrum,Earthquake,RockSlide|||F|||50|,,,,,Steel]Milotic||SafetyGoggles|Competitive|IcyWind,Scald,Recover,Haze|||F|||50|,,,,,Fairy
|inactive|Battle timer is ON: inactive players will automatically lose when time's up. (requested by pavel347)
|inactive|dambro222 also wants the timer to be on.
|inactive|dambro222 has 60 seconds left.
|inactive|pavel347 has 60 seconds left.
|
|t:|1756298953
|teamsize|p1|4
|teamsize|p2|4
|start
|switch|p1a: Volcarona|Volcarona, L50, F|100/100
|switch|p1b: Electabuzz|Electabuzz, L50, M|100/100
|switch|p2a: Camilla|Garchomp, L50, F|100/100
|switch|p2b: Smeargle|Smeargle, L50, F, shiny|100/100
|turn|1
|inactive|dambro222 has 30 seconds left.
|inactive|pavel347 has 30 seconds left.
|
|t:|1756298988
|switch|p2b: Talonflame|Talonflame, L50, M, shiny|100/100
|move|p1a: Volcarona|Protect|p1a: Volcarona
|-singleturn|p1a: Volcarona|Protect
|move|p1b: Electabuzz|Protect|p1b: Electabuzz
|-singleturn|p1b: Electabuzz|Protect
|move|p2a: Camilla|Earthquake|p1b: Electabuzz|[spread] 
|-activate|p1a: Volcarona|move: Protect
|-activate|p1b: Electabuzz|move: Protect
|-immune|p2b: Talonflame
|
|upkeep
|turn|2
|inactive|pavel347 has 30 seconds left.
|
|t:|1756299018
|switch|p1b: Rillaboom|Rillaboom, L50, M|100/100
|-fieldstart|move: Grassy Terrain|[from] ability: Grassy Surge|[of] p1b: Rillaboom
|-terastallize|p2a: Camilla|Steel
|-terastallize|p1a: Volcarona|Fairy
|move|p2b: Talonflame|Tailwind|p2b: Talonflame
|-sidestart|p2: pavel347|move: Tailwind
|move|p2a: Camilla|Earthquake|p1a: Volcarona|[spread] p1a,p1b
|-immune|p2b: Talonflame
|-resisted|p1b: Rillaboom
|-damage|p1a: Volcarona|58/100
|-damage|p1b: Rillaboom|85/100
|move|p1a: Volcarona|Quiver Dance|p1a: Volcarona
|-boost|p1a: Volcarona|spa|1
|-boost|p1a: Volcarona|spd|1
|-boost|p1a: Volcarona|spe|1
|
|-heal|p1a: Volcarona|64/100|[from] Grassy Terrain
|-heal|p1b: Rillaboom|91/100|[from] Grassy Terrain
|upkeep
|turn|3
|inactive|dambro222 has 30 seconds left.
|
|t:|1756299048
|switch|p2a: Smeargle|Smeargle, L50, F, shiny|100/100
|move|p1b: Rillaboom|Fake Out|p2a: Smeargle
|-damage|p2a: Smeargle|56/100
|move|p2b: Talonflame|Dual Wingbeat|p1b: Rillaboom
|-supereffective|p1b: Rillaboom
|-damage|p1b: Rillaboom|61/100
|-supereffective|p1b: Rillaboom
|-damage|p1b: Rillaboom|30/100
|-hitcount|p1b: Rillaboom|2
|move|p1a: Volcarona|Heat Wave|p2b: Talonflame|[spread] p2a,p2b
|-resisted|p2b: Talonflame
|-damage|p2a: Smeargle|0 fnt
|-damage|p2b: Talonflame|57/100
|faint|p2a: Smeargle
|
|-heal|p1a: Volcarona|70/100|[from] Grassy Terrain
|-heal|p1b: Rillaboom|36/100|[from] Grassy Terrain
|upkeep
|
|t:|1756299064
|switch|p2a: Metagross|Metagross, L50, shiny|100/100
|turn|4
|
|t:|1756299078
|switch|p1b: Electabuzz|Electabuzz, L50, M|100/100
|move|p1a: Volcarona|Protect|p1a: Volcarona
|-singleturn|p1a: Volcarona|Protect
|move|p2b: Talonflame|Dual Wingbeat|p1b: Electabuzz
|-resisted|p1b: Electabuzz
|-damage|p1b: Electabuzz|95/100
|-resisted|p1b: Electabuzz
|-damage|p1b: Electabuzz|89/100
|-hitcount|p1b: Electabuzz|2
|move|p2a: Metagross|Heavy Slam|p1a: Volcarona
|-activate|p1a: Volcarona|move: Protect
|
|-heal|p1a: Volcarona|76/100|[from] Grassy Terrain
|-heal|p1b: Electabuzz|95/100|[from] Grassy Terrain
|upkeep
|turn|5
|
|t:|1756299097
|move|p1b: Electabuzz|Follow Me|p1b: Electabuzz
|-singleturn|p1b: Electabuzz|move: Follow Me
|move|p2b: Talonflame|Taunt|p1b: Electabuzz
|-start|p1b: Electabuzz|move: Taunt
|move|p1a: Volcarona|Heat Wave|p2b: Talonflame|[spread] p2a
|-miss|p1a: Volcarona|p2b: Talonflame
|-supereffective|p2a: Metagross
|-damage|p2a: Metagross|30/100
|move|p2a: Metagross|Stomping Tantrum|p1b: Electabuzz
|-supereffective|p1b: Electabuzz
|-damage|p1b: Electabuzz|55/100
|
|-heal|p1a: Volcarona|82/100|[from] Grassy Terrain
|-heal|p2a: Metagross|36/100|[from] Grassy Terrain
|-heal|p1b: Electabuzz|61/100|[from] Grassy Terrain
|-sideend|p2: pavel347|move: Tailwind
|upkeep
|turn|6
|
|t:|1756299117
|move|p1a: Volcarona|Protect|p1a: Volcarona
|-singleturn|p1a: Volcarona|Protect
|move|p2a: Metagross|Bullet Punch|p1a: Volcarona
|-activate|p1a: Volcarona|move: Protect
|move|p2b: Talonflame|Tailwind|p2b: Talonflame
|-sidestart|p2: pavel347|move: Tailwind
|move|p1b: Electabuzz|Electroweb|p2b: Talonflame|[spread] p2a,p2b
|-supereffective|p2b: Talonflame
|-damage|p2a: Metagross|27/100
|-damage|p2b: Talonflame|17/100
|
|-heal|p1a: Volcarona|89/100|[from] Grassy Terrain
|-heal|p2a: Metagross|33/100|[from] Grassy Terrain
|-heal|p1b: Electabuzz|67/100|[from] Grassy Terrain
|-fieldend|move: Grassy Terrain
|upkeep
|turn|7
|inactive|dambro222 has 30 seconds left.
|
|t:|1756299144
|switch|p1a: Rillaboom|Rillaboom, L50, M|36/100
|-fieldstart|move: Grassy Terrain|[from] ability: Grassy Surge|[of] p1a: Rillaboom
|move|p2b: Talonflame|Dual Wingbeat|p1a: Rillaboom
|-supereffective|p1a: Rillaboom
|-damage|p1a: Rillaboom|3/100
|-supereffective|p1a: Rillaboom
|-damage|p1a: Rillaboom|0 fnt
|faint|p1a: Rillaboom
|-hitcount|p1: Rillaboom|2
|move|p2a: Metagross|Heavy Slam|p1b: Electabuzz
|-resisted|p1b: Electabuzz
|-damage|p1b: Electabuzz|39/100
|move|p1b: Electabuzz|Electroweb|p2a: Metagross|[spread] p2a,p2b
|-supereffective|p2b: Talonflame
|-damage|p2a: Metagross|23/100
|-damage|p2b: Talonflame|0 fnt
|faint|p2b: Talonflame
|
|-heal|p2a: Metagross|29/100|[from] Grassy Terrain
|-heal|p1b: Electabuzz|45/100|[from] Grassy Terrain
|upkeep
|
|t:|1756299164
|switch|p2b: Camilla|Garchomp, L50, F, tera:Steel|100/100
|switch|p1a: Volcarona|Volcarona, L50, F, tera:Fairy|89/100
|turn|8
|inactive|dambro222 has 30 seconds left.
|inactive|dambro222 has 20 seconds left.
|inactive|dambro222 has 15 seconds left.
|inactive|dambro222 has 10 seconds left.
|
|t:|1756299213
|move|p1a: Volcarona|Protect|p1a: Volcarona
|-singleturn|p1a: Volcarona|Protect
|move|p2b: Camilla|Stomping Tantrum|p1b: Electabuzz
|-supereffective|p1b: Electabuzz
|-damage|p1b: Electabuzz|0 fnt
|faint|p1b: Electabuzz
|move|p2a: Metagross|Heavy Slam|p1a: Volcarona
|-activate|p1a: Volcarona|move: Protect
|
|-heal|p2a: Metagross|35/100|[from] Grassy Terrain
|-heal|p1a: Volcarona|95/100|[from] Grassy Terrain
|upkeep
|
|t:|1756299224
|switch|p1b: Sneasler|Sneasler, L50, M|100/100
|turn|9
|
|t:|1756299248
|move|p1b: Sneasler|Protect|p1b: Sneasler
|-singleturn|p1b: Sneasler|Protect
|move|p2b: Camilla|Stomping Tantrum|p1b: Sneasler
|-activate|p1b: Sneasler|move: Protect
|move|p2a: Metagross|Psychic Fangs|p1b: Sneasler
|-activate|p1b: Sneasler|move: Protect
|move|p1a: Volcarona|Heat Wave|p2a: Metagross|[spread] p2b
|-miss|p1a: Volcarona|p2a: Metagross
|-supereffective|p2b: Camilla
|-damage|p2b: Camilla|25/100
|
|-heal|p2b: Camilla|31/100|[from] Grassy Terrain
|-heal|p2a: Metagross|41/100|[from] Grassy Terrain
|-heal|p1a: Volcarona|100/100|[from] Grassy Terrain
|-sideend|p2: pavel347|move: Tailwind
|upkeep
|turn|10
|
|t:|1756299268
|move|p2a: Metagross|Bullet Punch|p1a: Volcarona
|-supereffective|p1a: Volcarona
|-damage|p1a: Volcarona|42/100
|move|p1b: Sneasler|Close Combat|p2a: Metagross
|-damage|p2a: Metagross|0 fnt
|-unboost|p1b: Sneasler|def|1
|-unboost|p1b: Sneasler|spd|1
|faint|p2a: Metagross
|move|p2b: Camilla|Stomping Tantrum|p1b: Sneasler
|-supereffective|p1b: Sneasler
|-enditem|p1b: Sneasler|Focus Sash
|-damage|p1b: Sneasler|1/100
|move|p1a: Volcarona|Heat Wave|p2b: Camilla
|-supereffective|p2b: Camilla
|-damage|p2b: Camilla|0 fnt
|faint|p2b: Camilla
|
|win|dambro222
||dambro222 is ready for game 2.
|inactive|pavel347 has 30 seconds to confirm battle start!
|l|☆pavel347
|player|p2|
|inactive|pavel347 has 20 seconds to confirm battle start!
|inactive|pavel347 has 10 seconds to confirm battle start!
||pavel347 is ready for game 2.
|uhtml|next|Next: Game 2 of 3
