|j|☆CavaliereIsSoPeak
|j|☆NaisonD
|html|CavaliereIsSoPeakNaisonD    
|uhtml|bestof|Game 1 of a best-of-3
|t:|1756928604
|gametype|doubles
|player|p1|CavaliereIsSoPeak|gambler|
|player|p2|NaisonD|cheren-gen5bw2|
|gen|9
|tier|[Gen 9] VGC 2025 Reg H (Bo3)
|rule|Species Clause: Limit one of each Pokémon
|rule|Item Clause: Limit 1 of each item
|clearpoke
|poke|p1|Volcarona, L50, M|
|poke|p1|Basculegion, L50, M|
|poke|p1|Sneasler, L50, F|
|poke|p1|Dragonite, L50, M|
|poke|p1|Ursaluna-Bloodmoon, L50, M|
|poke|p1|Whimsicott, L50, F|
|poke|p2|Annihilape, L50, M|
|poke|p2|Sinistcha, L50|
|poke|p2|Basculegion, L50, M|
|poke|p2|Archaludon, L50, M|
|poke|p2|Maushold, L50|
|poke|p2|Pelipper, L50, M|
|teampreview|4
|showteam|p1|Volcarona||SitrusBerry|FlameBody|HeatWave,TeraBlast,QuiverDance,Protect|||M|||50|,,,,,Fairy]Basculegion||ChoiceBand|Adaptability|WaveCrash,FlipTurn,AquaJet,LastRespects|||M|||50|,,,,,Water]Sneasler||FocusSash|Unburden|DireClaw,CloseCombat,ThroatChop,Protect|||F|||50|,,,,,Dark]Dragonite||LoadedDice|Multiscale|ScaleShot,ExtremeSpeed,Haze,Protect|||M|||50|,,,,,Steel]Ursaluna-Bloodmoon||LifeOrb|MindsEye|BloodMoon,HyperVoice,EarthPower,Protect|||M|||50|,,,,,Normal]Whimsicott||CovertCloak|Prankster|Moonblast,Tailwind,Encore,Taunt|||F|||50|,,,,,Poison
|showteam|p2|Annihilape||LumBerry|Defiant|RageFist,DrainPunch,BulkUp,Protect|||M|||50|,,,,,Fire]Sinistcha||SitrusBerry|Hospitality|MatchaGotcha,LifeDew,TrickRoom,RagePowder||||||50|,,,,,Water]Basculegion||LifeOrb|SwiftSwim|WaveCrash,LastRespects,AquaJet,Protect|||M|||50|,,,,,Water]Archaludon||AssaultVest|Stamina|ElectroShot,FlashCannon,Snarl,BodyPress|||M|||50|,,,,,Fairy]Maushold||SafetyGoggles|FriendGuard|FollowMe,Taunt,BeatUp,Protect||||||50|,,,,,Ghost]Pelipper||CovertCloak|Drizzle|Hurricane,WeatherBall,Tailwind,Protect|||M|||50|,,,,,Stellar
|c|☆NaisonD|glhf
|c|☆CavaliereIsSoPeak|same
|inactive|Battle timer is ON: inactive players will automatically lose when time's up. (requested by CavaliereIsSoPeak)
|
|t:|1756928638
|teamsize|p1|4
|teamsize|p2|4
|start
|switch|p1a: Shāhmat|Ursaluna-Bloodmoon, L50, M|100/100
|switch|p1b: Mary|Whimsicott, L50, F|100/100
|switch|p2a: Annihilape|Annihilape, L50, M|100/100
|switch|p2b: Tate&Liza|Maushold, L50|100/100
|turn|1
|inactive|NaisonD has 30 seconds left.
|
|t:|1756928667
|switch|p2a: Archaludon|Archaludon, L50, M, shiny|100/100
|-terastallize|p1a: Shāhmat|Normal
|move|p1b: Mary|Tailwind|p1b: Mary
|-sidestart|p1: CavaliereIsSoPeak|move: Tailwind
|move|p1a: Shāhmat|Blood Moon|p2a: Archaludon
|-resisted|p2a: Archaludon
|-damage|p2a: Archaludon|61/100
|-ability|p2a: Archaludon|Stamina|boost
|-boost|p2a: Archaludon|def|1
|-damage|p1a: Shāhmat|91/100|[from] item: Life Orb
|move|p2b: Tate&Liza|Taunt|p1b: Mary
|-start|p1b: Mary|move: Taunt
|
|upkeep
|turn|2
|inactive|NaisonD has 30 seconds left.
|
|t:|1756928697
|move|p2b: Tate&Liza|Follow Me|p2b: Tate&Liza
|-singleturn|p2b: Tate&Liza|move: Follow Me
|move|p1b: Mary|Moonblast|p2b: Tate&Liza
|-damage|p2b: Tate&Liza|60/100
|-unboost|p2b: Tate&Liza|spa|1
|move|p1a: Shāhmat|Hyper Voice|p2b: Tate&Liza|[spread] p2a,p2b
|-resisted|p2a: Archaludon
|-damage|p2a: Archaludon|44/100
|-damage|p2b: Tate&Liza|0 fnt
|-ability|p2a: Archaludon|Stamina|boost
|-boost|p2a: Archaludon|def|1
|faint|p2b: Tate&Liza
|-damage|p1a: Shāhmat|81/100|[from] item: Life Orb
|move|p2a: Archaludon|Snarl|p1a: Shāhmat|[spread] p1a,p1b
|-resisted|p1b: Mary
|-damage|p1a: Shāhmat|65/100
|-damage|p1b: Mary|91/100
|-unboost|p1a: Shāhmat|spa|1
|
|upkeep
|
|t:|1756928717
|switch|p2b: Pelipper|Pelipper, L50, M, shiny|100/100
|-weather|RainDance|[from] ability: Drizzle|[of] p2b: Pelipper
|turn|3
|
|t:|1756928728
|move|p1b: Mary|Moonblast|p2a: Archaludon
|-damage|p2a: Archaludon|24/100
|-unboost|p2a: Archaludon|spa|1
|-ability|p2a: Archaludon|Stamina|boost
|-boost|p2a: Archaludon|def|1
|move|p1a: Shāhmat|Earth Power|p2a: Archaludon
|-supereffective|p2a: Archaludon
|-damage|p2a: Archaludon|0 fnt
|faint|p2a: Archaludon
|-damage|p1a: Shāhmat|55/100|[from] item: Life Orb
|move|p2b: Pelipper|Tailwind|p2b: Pelipper
|-sidestart|p2: NaisonD|move: Tailwind
|
|-weather|RainDance|[upkeep]
|upkeep
|
|t:|1756928740
|switch|p2a: Annihilape|Annihilape, L50, M|100/100
|turn|4
|
|t:|1756928751
|switch|p1b: D'oro|Sneasler, L50, F|100/100
|move|p2a: Annihilape|Bulk Up|p2a: Annihilape
|-boost|p2a: Annihilape|atk|1
|-boost|p2a: Annihilape|def|1
|move|p2b: Pelipper|Weather Ball|p1a: Shāhmat
|-damage|p1a: Shāhmat|0 fnt
|faint|p1a: Shāhmat
|
|-weather|RainDance|[upkeep]
|-sideend|p1: CavaliereIsSoPeak|move: Tailwind
|upkeep
|
|t:|1756928755
|switch|p1a: Mary|Whimsicott, L50, F|91/100
|turn|5
|inactive|NaisonD has 30 seconds left.
|
|t:|1756928782
|move|p1a: Mary|Tailwind|p1a: Mary
|-sidestart|p1: CavaliereIsSoPeak|move: Tailwind
|move|p1b: D'oro|Dire Claw|p2b: Pelipper
|-damage|p2b: Pelipper|51/100
|move|p2a: Annihilape|Drain Punch|p1b: D'oro
|-resisted|p1b: D'oro
|-damage|p1b: D'oro|56/100
|move|p2b: Pelipper|Hurricane|p1a: Mary
|-supereffective|p1a: Mary
|-damage|p1a: Mary|0 fnt
|faint|p1a: Mary
|
|-weather|RainDance|[upkeep]
|upkeep
|
|t:|1756928784
|switch|p1a: Aqua|Basculegion, L50, M|100/100
|turn|6
|inactive|NaisonD has 30 seconds left.
|inactive|NaisonD has 20 seconds left.
|inactive|NaisonD has 15 seconds left.
|
|t:|1756928827
|move|p1b: D'oro|Dire Claw|p2b: Pelipper
|-damage|p2b: Pelipper|0 fnt
|faint|p2b: Pelipper
|move|p2a: Annihilape|Rage Fist|p1a: Aqua
|-supereffective|p1a: Aqua
|-damage|p1a: Aqua|14/100
|move|p1a: Aqua|Wave Crash|p2a: Annihilape
|-damage|p2a: Annihilape|0 fnt
|faint|p2a: Annihilape
|-damage|p1a: Aqua|0 fnt|[from] Recoil
|faint|p1a: Aqua
|
|win|CavaliereIsSoPeak
||CavaliereIsSoPeak is ready for game 2.
|inactive|NaisonD has 30 seconds to confirm battle start!
||NaisonD is ready for game 2.
|uhtml|next|Next: Game 2 of 3
|l|☆CavaliereIsSoPeak
|player|p1|
