|j|☆Lightoz V
|j|☆Calabria_Fan
|html|Lightoz VCalabria_Fan    
|uhtml|bestof|Game 1 of a best-of-3
|t:|1756986163
|gametype|doubles
|player|p1|Lightoz V|blue-gen2|1366
|player|p2|Calabria_Fan|102|1377
|gen|9
|tier|[Gen 9] VGC 2025 Reg H (Bo3)
|rated|
|rule|Species Clause: Limit one of each Pokémon
|rule|Item Clause: Limit 1 of each item
|clearpoke
|poke|p1|Incineroar, L50, M|
|poke|p1|Annihilape, L50, M|
|poke|p1|Dragonite, L50, F|
|poke|p1|Volcarona, L50, F|
|poke|p1|Rillaboom, L50, M|
|poke|p1|Basculegion, L50, M|
|poke|p2|Dragonite, L50, M|
|poke|p2|Gholdengo, L50|
|poke|p2|Rillaboom, L50, M|
|poke|p2|Ursaluna-Bloodmoon, L50, M|
|poke|p2|Maushold-Four, L50|
|poke|p2|Annihilape, L50, F|
|teampreview|4
|showteam|p1|Incineroar||SitrusBerry|Intimidate|FlareBlitz,KnockOff,FakeOut,PartingShot|||M|||50|,,,,,Ghost]Annihilape||SafetyGoggles|Defiant|CloseCombat,RageFist,Coaching,FinalGambit|||M|||50|,,,,,Water]Dragonite||LoadedDice|Multiscale|ScaleShot,Tailwind,Haze,Protect|||F|||50|,,,,,Steel]Volcarona||Leftovers|FlameBody|HeatWave,TeraBlast,QuiverDance,Protect|||F|||50|,,,,,Fairy]Rillaboom||AssaultVest|GrassySurge|WoodHammer,GrassyGlide,HighHorsepower,FakeOut|||M|||50|,,,,,Fire]Basculegion||ChoiceScarf|Adaptability|WaveCrash,LastRespects,FlipTurn,AquaJet|||M|||50|,,,,,Water
|showteam|p2|Dragonite||LoadedDice|Multiscale|Tailwind,Haze,Protect,ScaleShot|||M|||50|,,,,,Fairy]Gholdengo||LifeOrb|GoodasGold|MakeItRain,ShadowBall,NastyPlot,Protect||||||50|,,,,,Water]Rillaboom||MiracleSeed|GrassySurge|WoodHammer,GrassyGlide,FakeOut,HighHorsepower|||M|||50|,,,,,Fire]Ursaluna-Bloodmoon||AssaultVest|MindsEye|BloodMoon,EarthPower,HyperVoice,VacuumWave|||M|||50|,,,,,Water]Maushold-Four||FocusSash|FriendGuard|SuperFang,FollowMe,BeatUp,Protect||||||50|,,,,,Ghost]Annihilape||SitrusBerry|Defiant|RageFist,DrainPunch,BulkUp,Protect|||F|||50|,,,,,Fire
|inactive|Battle timer is ON: inactive players will automatically lose when time's up. (requested by Lightoz V)
|
|t:|1756986224
|teamsize|p1|4
|teamsize|p2|4
|start
|switch|p1a: Rillaboom|Rillaboom, L50, M, shiny|100/100
|switch|p1b: Basculegion|Basculegion, L50, M|100/100
|switch|p2a: Maushold|Maushold-Four, L50|100/100
|switch|p2b: Annihilape|Annihilape, L50, F|100/100
|-fieldstart|move: Grassy Terrain|[from] ability: Grassy Surge|[of] p1a: Rillaboom
|turn|1
|
|t:|1756986239
|-terastallize|p1b: Basculegion|Water
|move|p2a: Maushold|Protect|p2a: Maushold
|-singleturn|p2a: Maushold|Protect
|move|p2b: Annihilape|Protect|p2b: Annihilape
|-singleturn|p2b: Annihilape|Protect
|move|p1b: Basculegion|Wave Crash|p2b: Annihilape
|-activate|p2b: Annihilape|move: Protect
|move|p1a: Rillaboom|Wood Hammer|p2b: Annihilape
|-activate|p2b: Annihilape|move: Protect
|
|upkeep
|turn|2
|inactive|Calabria_Fan has 30 seconds left.
|
|t:|1756986270
|move|p2a: Maushold|Follow Me|p2a: Maushold
|-singleturn|p2a: Maushold|move: Follow Me
|move|p1a: Rillaboom|Grassy Glide|p2a: Maushold
|-damage|p2a: Maushold|58/100
|move|p1b: Basculegion|Wave Crash|p2a: Maushold
|-damage|p2a: Maushold|0 fnt
|faint|p2a: Maushold
|-damage|p1b: Basculegion|84/100|[from] Recoil
|move|p2b: Annihilape|Bulk Up|p2b: Annihilape
|-boost|p2b: Annihilape|atk|1
|-boost|p2b: Annihilape|def|1
|
|-heal|p1b: Basculegion|90/100|[from] Grassy Terrain
|upkeep
|
|t:|1756986282
|switch|p2a: Rillaboom|Rillaboom, L50, M|100/100
|turn|3
|inactive|Calabria_Fan has 30 seconds left.
|
|t:|1756986309
|switch|p1b: Volcarona|Volcarona, L50, F|100/100
|switch|p1a: Dragonite|Dragonite, L50, F|100/100
|move|p2a: Rillaboom|Grassy Glide|p1b: Volcarona
|-resisted|p1b: Volcarona
|-damage|p1b: Volcarona|89/100
|move|p2b: Annihilape|Bulk Up|p2b: Annihilape
|-boost|p2b: Annihilape|atk|1
|-boost|p2b: Annihilape|def|1
|
|-heal|p1b: Volcarona|95/100|[from] Grassy Terrain
|-heal|p1b: Volcarona|100/100|[from] item: Leftovers
|upkeep
|turn|4
|inactive|Calabria_Fan has 30 seconds left.
|
|t:|1756986334
|-terastallize|p2b: Annihilape|Fire
|move|p1b: Volcarona|Protect|p1b: Volcarona
|-singleturn|p1b: Volcarona|Protect
|move|p2a: Rillaboom|Grassy Glide|p1a: Dragonite
|-resisted|p1a: Dragonite
|-damage|p1a: Dragonite|95/100
|move|p2b: Annihilape|Rage Fist|p1a: Dragonite
|-damage|p1a: Dragonite|46/100
|move|p1a: Dragonite|Haze|p1a: Dragonite
|-clearallboost
|
|upkeep
|turn|5
|inactive|Calabria_Fan has 30 seconds left.
|inactive|Calabria_Fan has 20 seconds left.
|
|t:|1756986371
|move|p2b: Annihilape|Bulk Up|p2b: Annihilape
|-boost|p2b: Annihilape|atk|1
|-boost|p2b: Annihilape|def|1
|move|p1b: Volcarona|Quiver Dance|p1b: Volcarona
|-boost|p1b: Volcarona|spa|1
|-boost|p1b: Volcarona|spd|1
|-boost|p1b: Volcarona|spe|1
|move|p1a: Dragonite|Tailwind|p1a: Dragonite
|-sidestart|p1: Lightoz V|move: Tailwind
|move|p2a: Rillaboom|Wood Hammer|p1a: Dragonite
|-resisted|p1a: Dragonite
|-damage|p1a: Dragonite|17/100
|-damage|p2a: Rillaboom|92/100|[from] Recoil
|
|-heal|p2a: Rillaboom|98/100|[from] Grassy Terrain
|-fieldend|move: Grassy Terrain
|upkeep
|turn|6
|inactive|Calabria_Fan has 30 seconds left.
|inactive|Calabria_Fan has 20 seconds left.
|inactive|Calabria_Fan has 15 seconds left.
|inactive|Calabria_Fan has 10 seconds left.
|inactive|Calabria_Fan has 5 seconds left.
|
|t:|1756986422
|switch|p2a: Dragonite|Dragonite, L50, M|100/100
|move|p1b: Volcarona|Heat Wave|p2b: Annihilape|[spread] p2a,p2b
|-resisted|p2a: Dragonite
|-resisted|p2b: Annihilape
|-damage|p2a: Dragonite|86/100
|-damage|p2b: Annihilape|76/100
|move|p1a: Dragonite|Scale Shot|p2a: Dragonite
|-supereffective|p2a: Dragonite
|-damage|p2a: Dragonite|53/100
|-supereffective|p2a: Dragonite
|-damage|p2a: Dragonite|21/100
|-supereffective|p2a: Dragonite
|-damage|p2a: Dragonite|0 fnt
|faint|p2a: Dragonite
|-hitcount|p2: Dragonite|3
|-unboost|p1a: Dragonite|def|1
|-boost|p1a: Dragonite|spe|1
|move|p2b: Annihilape|Drain Punch|p1a: Dragonite
|-resisted|p1a: Dragonite
|-damage|p1a: Dragonite|0 fnt
|-heal|p2b: Annihilape|83/100|[from] drain|[of] p1a: Dragonite
|faint|p1a: Dragonite
|
|upkeep
|
|t:|1756986432
|switch|p2a: Rillaboom|Rillaboom, L50, M|98/100
|switch|p1a: Rillaboom|Rillaboom, L50, M, shiny|100/100
|-fieldstart|move: Grassy Terrain|[from] ability: Grassy Surge|[of] p1a: Rillaboom
|turn|7
|
|t:|1756986445
|move|p1a: Rillaboom|Fake Out|p2b: Annihilape
|-damage|p2b: Annihilape|74/100
|move|p2a: Rillaboom|Fake Out|p1b: Volcarona
|-damage|p1b: Volcarona|82/100
|-status|p2a: Rillaboom|brn|[from] ability: Flame Body|[of] p1b: Volcarona
|cant|p1b: Volcarona|flinch
|cant|p2b: Annihilape|flinch
|
|-heal|p1b: Volcarona|89/100|[from] Grassy Terrain
|-heal|p1b: Volcarona|95/100|[from] item: Leftovers
|-heal|p2b: Annihilape|80/100|[from] Grassy Terrain
|-heal|p2a: Rillaboom|100/100 brn|[from] Grassy Terrain
|-damage|p2a: Rillaboom|94/100 brn|[from] brn
|upkeep
|turn|8
|
|t:|1756986464
|move|p2a: Rillaboom|Grassy Glide|p1a: Rillaboom
|-resisted|p1a: Rillaboom
|-damage|p1a: Rillaboom|90/100
|move|p1b: Volcarona|Heat Wave|p2b: Annihilape|[spread] p2a,p2b
|-supereffective|p2a: Rillaboom
|-resisted|p2b: Annihilape
|-damage|p2a: Rillaboom|0 fnt
|-damage|p2b: Annihilape|54/100
|faint|p2a: Rillaboom
|move|p1a: Rillaboom|High Horsepower|p2b: Annihilape
|-supereffective|p2b: Annihilape
|-damage|p2b: Annihilape|8/100
|-enditem|p2b: Annihilape|Sitrus Berry|[eat]
|-heal|p2b: Annihilape|33/100|[from] item: Sitrus Berry
|move|p2b: Annihilape|Rage Fist|p1b: Volcarona
|-damage|p1b: Volcarona|0 fnt
|faint|p1b: Volcarona
|
|-heal|p1a: Rillaboom|96/100|[from] Grassy Terrain
|-heal|p2b: Annihilape|39/100|[from] Grassy Terrain
|-sideend|p1: Lightoz V|move: Tailwind
|upkeep
|
|t:|1756986474
|switch|p1b: Basculegion|Basculegion, L50, M, tera:Water|90/100
|turn|9
|inactive|Calabria_Fan has 30 seconds left.
|inactive|Calabria_Fan has 20 seconds left.
|inactive|Calabria_Fan has 15 seconds left.
|inactive|Calabria_Fan has 10 seconds left.
|-message|Calabria_Fan forfeited.
|
|win|Lightoz V
||Calabria_Fan is ready for game 2.
||Lightoz V is ready for game 2.
|uhtml|next|Next: Game 2 of 3
|l|☆Lightoz V
|player|p1|
