|j|☆Olvidonaaaa
|j|☆janbenet
|html|Olvidonaaaajanbenet    
|uhtml|bestof|Game 2 of a best-of-3
|t:|1783525489
|gametype|doubles
|player|p1|Olvidonaaaa|170|1136
|player|p2|janbenet|101|1067
|gen|9
|tier|[Gen 9 Champions] VGC 2026 Reg M-B (Bo3)
|rated|
|rule|Species Clause: Limit one of each Pokémon
|rule|Item Clause: Limit 1 of each item
|clearpoke
|poke|p1|Froslass, L50, F, shiny|
|poke|p1|Toxapex, L50, M|
|poke|p1|Kingambit, L50, M|
|poke|p1|Garchomp, L50, M|
|poke|p1|Incineroar, L50, F|
|poke|p1|Gholdengo, L50|
|poke|p2|Kingambit, L50, M|
|poke|p2|Charizard, L50, M|
|poke|p2|Aerodactyl, L50, F|
|poke|p2|Farigiraf, L50, M|
|poke|p2|Garchomp, L50, M|
|poke|p2|Sylveon, L50, F|
|teampreview|4
|showteam|p1|Froslass||Froslassite|SnowCloak|Blizzard,AuroraVeil,ShadowBall,Protect|Timid||F|||50|]Toxapex||Leftovers|Regenerator|Toxic,Infestation,WideGuard,BanefulBunker|Calm||M|||50|]Kingambit||ChopleBerry|Defiant|SuckerPunch,KowtowCleave,LowKick,Protect|Adamant||M|||50|]Garchomp||LifeOrb|RoughSkin|StompingTantrum,DragonClaw,RockSlide,Protect|Jolly||M|||50|]Incineroar||SitrusBerry|Intimidate|FakeOut,FlareBlitz,DarkestLariat,PartingShot|Careful||F|||50|]Gholdengo||ChoiceScarf|GoodasGold|MakeItRain,PowerGem,ShadowBall,Psyshock|Timid|||||50|
|showteam|p2|Kingambit||FocusSash|Defiant|KowtowCleave,IronHead,SuckerPunch,LowKick|Adamant||M|||50|]Charizard||CharizarditeY|SolarPower|Protect,HeatWave,WeatherBall,SolarBeam|Modest||M|||50|]Aerodactyl||Aerodactylite|Unnerve|RockSlide,DualWingbeat,Tailwind,IceFang|Jolly||F|||50|]Farigiraf||SitrusBerry|ArmorTail|Psychic,Thunderbolt,TrickRoom,Roar|Bold||M|||50|]Garchomp||LifeOrb|RoughSkin|Earthquake,StompingTantrum,DragonClaw,Protect|Jolly||M|||50|]Sylveon||FairyFeather|Pixilate|HyperVoice,HyperBeam,QuickAttack,Detect|Modest||F|||50|
|inactive|Battle timer is ON: inactive players will automatically lose when time's up. (requested by Olvidonaaaa)
|inactive|janbenet also wants the timer to be on.
|
|t:|1783525512
|teamsize|p1|4
|teamsize|p2|4
|start
|switch|p1a: Gholdengo|Gholdengo, L50|100/100
|switch|p1b: Incineroar|Incineroar, L50, F|100/100
|switch|p2a: Aerodactyl|Aerodactyl, L50, F|100/100
|switch|p2b: Sylveon|Sylveon, L50, F|100/100
|-ability|p2a: Aerodactyl|Unnerve
|-ability|p1b: Incineroar|Intimidate|boost
|-unboost|p2a: Aerodactyl|atk|1
|-unboost|p2b: Sylveon|atk|1
|turn|1
|inactive|Olvidonaaaa has 30 seconds left.
|inactive|Olvidonaaaa has 20 seconds left.
|inactive|Olvidonaaaa has 15 seconds left.
|
|t:|1783525553
|switch|p2a: Garchomp|Garchomp, L50, M|100/100
|switch|p1b: Toxapex|Toxapex, L50, M|100/100
|move|p2b: Sylveon|Detect|p2b: Sylveon
|-singleturn|p2b: Sylveon|Protect
|move|p1a: Gholdengo|Make It Rain|p2b: Sylveon|[spread] p2a
|-activate|p2b: Sylveon|move: Protect
|-damage|p2a: Garchomp|46/100
|-unboost|p1a: Gholdengo|spa|2
|
|upkeep
|turn|2
|
|t:|1783525570
|switch|p1a: Incineroar|Incineroar, L50, F|100/100
|-ability|p1a: Incineroar|Intimidate|boost
|-unboost|p2a: Garchomp|atk|1
|-unboost|p2b: Sylveon|atk|1
|switch|p2b: Aerodactyl|Aerodactyl, L50, F|100/100
|-ability|p2b: Aerodactyl|Unnerve
|move|p2a: Garchomp|Earthquake|p1b: Toxapex|[spread] p1a,p1b
|-immune|p2b: Aerodactyl
|-supereffective|p1a: Incineroar|1
|-supereffective|p1b: Toxapex|1
|-damage|p1a: Incineroar|40/100
|-damage|p1b: Toxapex|55/100
|-damage|p2a: Garchomp|36/100|[from] item: Life Orb
|move|p1b: Toxapex|Toxic|p2b: Aerodactyl
|-status|p2b: Aerodactyl|tox
|
|-heal|p1b: Toxapex|61/100|[from] item: Leftovers
|-damage|p2b: Aerodactyl|93/100 tox|[from] psn
|upkeep
|turn|3
|
|t:|1783525589
|detailschange|p2b: Aerodactyl|Aerodactyl-Mega, L50, F
|-mega|p2b: Aerodactyl|Aerodactyl|Aerodactylite
|-enditem|p1a: Incineroar|Sitrus Berry|[eat]
|-heal|p1a: Incineroar|65/100|[from] item: Sitrus Berry
|move|p1a: Incineroar|Fake Out|p2a: Garchomp
|-damage|p2a: Garchomp|24/100
|-damage|p1a: Incineroar|52/100|[from] ability: Rough Skin|[of] p2a: Garchomp
|move|p2b: Aerodactyl|Tailwind|p2b: Aerodactyl
|-sidestart|p2: janbenet|move: Tailwind
|cant|p2a: Garchomp|flinch
|move|p1b: Toxapex|Infestation|p2b: Aerodactyl
|-resisted|p2b: Aerodactyl|1
|-damage|p2b: Aerodactyl|92/100 tox
|-activate|p2b: Aerodactyl|move: Infestation|[of] p1b: Toxapex
|
|-heal|p1b: Toxapex|66/100|[from] item: Leftovers
|-damage|p2b: Aerodactyl|79/100 tox|[from] psn
|-damage|p2b: Aerodactyl|67/100 tox|[from] move: Infestation|[partiallytrapped]
|upkeep
|turn|4
|
|t:|1783525609
|move|p1b: Toxapex|Baneful Bunker|p1b: Toxapex
|-singleturn|p1b: Toxapex|move: Protect
|move|p2b: Aerodactyl|Rock Slide|p1b: Toxapex|[spread] p1a
|-activate|p1b: Toxapex|move: Protect
|-supereffective|p1a: Incineroar|1
|-damage|p1a: Incineroar|7/100
|move|p2a: Garchomp|Earthquake|p1b: Toxapex|[spread] p1a
|-activate|p1b: Toxapex|move: Protect
|-immune|p2b: Aerodactyl
|-supereffective|p1a: Incineroar|1
|-damage|p1a: Incineroar|0 fnt
|faint|p1a: Incineroar
|-damage|p2a: Garchomp|14/100|[from] item: Life Orb
|
|-heal|p1b: Toxapex|72/100|[from] item: Leftovers
|-damage|p2b: Aerodactyl|48/100 tox|[from] psn
|-damage|p2b: Aerodactyl|36/100 tox|[from] move: Infestation|[partiallytrapped]
|upkeep
|
|t:|1783525629
|switch|p1a: Froslass|Froslass, L50, F, shiny|100/100
|turn|5
|
|t:|1783525639
|detailschange|p1a: Froslass|Froslass-Mega, L50, F, shiny
|-mega|p1a: Froslass|Froslass|Froslassite
|-weather|Snowscape|[from] ability: Snow Warning|[of] p1a: Froslass
|move|p1a: Froslass|Protect|p1a: Froslass
|-singleturn|p1a: Froslass|Protect
|move|p2b: Aerodactyl|Rock Slide|p1b: Toxapex|[spread] p1b
|-activate|p1a: Froslass|move: Protect
|-damage|p1b: Toxapex|55/100
|move|p2a: Garchomp|Earthquake|p1a: Froslass|[spread] p1b
|-activate|p1a: Froslass|move: Protect
|-immune|p2b: Aerodactyl
|-supereffective|p1b: Toxapex|1
|-damage|p1b: Toxapex|10/100
|-damage|p2a: Garchomp|5/100|[from] item: Life Orb
|cant|p1b: Toxapex|flinch
|
|-weather|Snowscape|[upkeep]
|-heal|p1b: Toxapex|16/100|[from] item: Leftovers
|-damage|p2b: Aerodactyl|11/100 tox|[from] psn
|-damage|p2b: Aerodactyl|0 fnt|[from] move: Infestation|[partiallytrapped]
|faint|p2b: Aerodactyl
|upkeep
|
|t:|1783525660
|switch|p2b: Kingambit|Kingambit, L50, M|100/100
|turn|6
|
|t:|1783525667
|move|p1b: Toxapex|Wide Guard|p1b: Toxapex
|-singleturn|p1b: Toxapex|Wide Guard
|move|p2a: Garchomp|Stomping Tantrum|p1b: Toxapex
|-supereffective|p1b: Toxapex|1
|-damage|p1b: Toxapex|0 fnt
|faint|p1b: Toxapex
|-damage|p2a: Garchomp|0 fnt|[from] item: Life Orb
|faint|p2a: Garchomp
|move|p2b: Kingambit|Kowtow Cleave|p1a: Froslass
|-supereffective|p1a: Froslass|1
|-damage|p1a: Froslass|0 fnt
|faint|p1a: Froslass
|
|-weather|Snowscape|[upkeep]
|-sideend|p2: janbenet|move: Tailwind
|upkeep
|-message|Olvidonaaaa forfeited.
|
|win|janbenet
|raw|Olvidonaaaa's rating: 1136 → 1106(-30 for losing)
|raw|janbenet's rating: 1067 → 1103(+36 for winning)
|l|☆Olvidonaaaa
|player|p1|
