|j|☆mikellis
|j|☆maikage
|html|mikellismaikage    
|uhtml|bestof|Game 1 of a best-of-3
|t:|1757631046
|gametype|doubles
|player|p1|mikellis|hilbert|1081
|player|p2|maikage|firebreather|1109
|gen|9
|tier|[Gen 9] VGC 2025 Reg H (Bo3)
|rated|
|rule|Species Clause: Limit one of each Pokémon
|rule|Item Clause: Limit 1 of each item
|clearpoke
|poke|p1|Pawmot, L50, M|
|poke|p1|Talonflame, L50, F|
|poke|p1|Gyarados, L50, F|
|poke|p1|Mabosstiff, L50, M|
|poke|p1|Garchomp, L50, M|
|poke|p1|Espathra, L50, F|
|poke|p2|Maushold, L50|
|poke|p2|Annihilape, L50, M|
|poke|p2|Incineroar, L50, F|
|poke|p2|Rillaboom, L50, F|
|poke|p2|Dragonite, L50, M|
|poke|p2|Gholdengo, L50|
|teampreview|4
|showteam|p1|Pawmot||FocusSash|NaturalCure|FakeOut,DoubleShock,CloseCombat,Protect|||M|||50|,,,,,Electric]Talonflame||CovertCloak|GaleWings|DualWingbeat,FlareBlitz,Tailwind,Taunt|||F|||50|,,,,,Flying]Gyarados||FigyBerry|Intimidate|Waterfall,IcyWind,Taunt,Protect|||F|||50|,,,,,Dragon]Mabosstiff||AssaultVest|GuardDog|Crunch,PsychicFangs,PlayRough,TeraBlast|||M|||50|,,,,,Poison]Garchomp||LifeOrb|RoughSkin|Earthquake,RockSlide,DragonClaw,Protect|||M|||50|,,,,,Ground]Espathra||SafetyGoggles|SpeedBoost|StoredPower,DazzlingGleam,CalmMind,Protect|||F|||50|,,,,,Fairy
|showteam|p2|Maushold||WideLens|Technician|PopulationBomb,BeatUp,Protect,FollowMe||||||50|,,,,,Ghost]Annihilape||Leftovers|Defiant|RageFist,DrainPunch,Protect,BulkUp|||M|||50|,,,,,Fire]Incineroar||SitrusBerry|Intimidate|FakeOut,KnockOff,PartingShot,FlareBlitz|||F|||50|,,,,,Grass]Rillaboom||AssaultVest|GrassySurge|FakeOut,GrassyGlide,Uturn,WoodHammer|||F|||50|,,,,,Fire]Dragonite||LoadedDice|Multiscale|ScaleShot,Tailwind,Protect,Haze|||M|||50|,,,,,Fairy]Gholdengo||LifeOrb|GoodasGold|MakeItRain,ShadowBall,Protect,NastyPlot||||||50|,,,,,Water
|inactive|Battle timer is ON: inactive players will automatically lose when time's up. (requested by maikage)
|inactive|maikage has 60 seconds left.
|inactive|maikage has 30 seconds left.
|inactive|maikage has 20 seconds left.
|inactive|maikage has 15 seconds left.
|
|t:|1757631125
|teamsize|p1|4
|teamsize|p2|4
|start
|switch|p1a: Frank|Mabosstiff, L50, M|100/100
|switch|p1b: Cleo|Espathra, L50, F|100/100
|switch|p2a: transsexual cat|Incineroar, L50, F|100/100
|switch|p2b: capitalism|Gholdengo, L50|100/100
|-ability|p2a: transsexual cat|Intimidate|boost
|-ability|p1a: Frank|Guard Dog|boost
|-boost|p1a: Frank|atk|1
|-unboost|p1b: Cleo|atk|1
|turn|1
|inactive|mikellis has 30 seconds left.
|inactive|maikage has 30 seconds left.
|inactive|maikage has 20 seconds left.
|
|t:|1757631163
|move|p2a: transsexual cat|Fake Out|p1a: Frank
|-damage|p1a: Frank|87/100
|move|p1b: Cleo|Calm Mind|p1b: Cleo
|-boost|p1b: Cleo|spa|1
|-boost|p1b: Cleo|spd|1
|move|p2b: capitalism|Shadow Ball|p1b: Cleo
|-supereffective|p1b: Cleo
|-damage|p1b: Cleo|0 fnt
|faint|p1b: Cleo
|-damage|p2b: capitalism|91/100|[from] item: Life Orb
|cant|p1a: Frank|flinch
|
|upkeep
|
|t:|1757631172
|switch|p1b: Mako|Garchomp, L50, M|100/100
|turn|2
|
|t:|1757631195
|switch|p1a: Blair|Talonflame, L50, F|100/100
|-terastallize|p1b: Mako|Ground
|move|p2b: capitalism|Protect|p2b: capitalism
|-singleturn|p2b: capitalism|Protect
|move|p1b: Mako|Earthquake|p2a: transsexual cat|[spread] p2a
|-activate|p2b: capitalism|move: Protect
|-immune|p1a: Blair
|-supereffective|p2a: transsexual cat
|-damage|p2a: transsexual cat|0 fnt
|faint|p2a: transsexual cat
|-damage|p1b: Mako|91/100|[from] item: Life Orb
|
|upkeep
|
|t:|1757631209
|switch|p2a: homosexual dog|Dragonite, L50, M|100/100
|turn|3
|
|t:|1757631231
|move|p2a: homosexual dog|Protect|p2a: homosexual dog
|-singleturn|p2a: homosexual dog|Protect
|move|p1a: Blair|Dual Wingbeat|p2a: homosexual dog
|-activate|p2a: homosexual dog|move: Protect
|move|p1b: Mako|Dragon Claw|p2a: homosexual dog
|-activate|p2a: homosexual dog|move: Protect
|move|p2b: capitalism|Make It Rain|p1a: Blair|[spread] p1a,p1b
|-resisted|p1a: Blair
|-damage|p1a: Blair|52/100
|-damage|p1b: Mako|27/100
|-unboost|p2b: capitalism|spa|1
|-damage|p2b: capitalism|82/100|[from] item: Life Orb
|
|upkeep
|turn|4
|inactive|mikellis has 30 seconds left.
|inactive|mikellis has 20 seconds left.
|inactive|maikage has 30 seconds left.
|
|t:|1757631273
|-terastallize|p2a: homosexual dog|Fairy
|move|p1a: Blair|Flare Blitz|p2b: capitalism
|-supereffective|p2b: capitalism
|-damage|p2b: capitalism|0 fnt
|faint|p2b: capitalism
|-damage|p1a: Blair|24/100|[from] Recoil
|move|p1b: Mako|Dragon Claw|p2a: homosexual dog
|-immune|p2a: homosexual dog
|move|p2a: homosexual dog|Scale Shot|p1b: Mako
|-damage|p1b: Mako|11/100
|-damage|p1b: Mako|0 fnt
|faint|p1b: Mako
|-hitcount|p1: Mako|2
|-unboost|p2a: homosexual dog|def|1
|-boost|p2a: homosexual dog|spe|1
|
|upkeep
|
|t:|1757631289
|switch|p1b: Frank|Mabosstiff, L50, M|87/100
|switch|p2b: angsty teenage son|Annihilape, L50, M|100/100
|turn|5
|inactive|maikage has 30 seconds left.
|
|t:|1757631327
|move|p2a: homosexual dog|Scale Shot|p1a: Blair
|-damage|p1a: Blair|2/100
|-damage|p1a: Blair|0 fnt
|faint|p1a: Blair
|-hitcount|p1: Blair|2
|-unboost|p2a: homosexual dog|def|1
|-boost|p2a: homosexual dog|spe|1
|move|p2b: angsty teenage son|Drain Punch|p1b: Frank
|-supereffective|p1b: Frank
|-damage|p1b: Frank|13/100
|move|p1b: Frank|Crunch|p2b: angsty teenage son
|-crit|p2b: angsty teenage son
|-damage|p2b: angsty teenage son|27/100
|
|-heal|p2b: angsty teenage son|33/100|[from] item: Leftovers
|upkeep
|turn|6
|-message|mikellis forfeited.
|
|win|maikage
|l|☆maikage
|player|p2|
||mikellis is ready for game 2.
||maikage is ready for game 2.
|uhtml|next|Next: Game 2 of 3
