|j|☆Zygobos
|j|☆2mero
|html|Zygobos2mero    
|uhtml|bestof|Game 1 of a best-of-3
|t:|1784980025
|gametype|doubles
|player|p1|Zygobos|1|
|player|p2|2mero|wattson|
|gen|9
|tier|[Gen 9 Champions] VGC 2026 Reg M-B (Bo3)
|rule|Species Clause: Limit one of each Pokémon
|rule|Item Clause: Limit 1 of each item
|clearpoke
|poke|p1|Gengar, L50, M|
|poke|p1|Kingambit, L50, F|
|poke|p1|Politoed, L50, F|
|poke|p1|Sableye, L50, M|
|poke|p1|Feraligatr, L50, F|
|poke|p1|Ariados, L50, F|
|poke|p2|Sharpedo, L50, F|
|poke|p2|Basculegion-F, L50, F|
|poke|p2|Metagross, L50|
|poke|p2|Slowking-Galar, L50, M|
|poke|p2|Wyrdeer, L50, F|
|poke|p2|Mudsdale, L50, M|
|teampreview|4
|showteam|p1|Gengar||Gengarite|CursedBody|ShadowBall,PerishSong,Thunder,Protect|Timid||M|||50|]Kingambit||BlackGlasses|Defiant|KowtowCleave,SuckerPunch,IronHead,Protect|Adamant||F|||50|]Politoed||Leftovers|Drizzle|HelpingHand,Protect,WeatherBall,Encore|Calm||F|||50|]Sableye||Sablenite|Prankster|Recover,WillOWisp,Encore,Quash|Impish||M|||50|]Feraligatr||LifeOrb|SheerForce|DragonDance,Waterfall,Crunch,Protect|Jolly||F|||50|]Ariados||FocusSash|Insomnia|RagePowder,ToxicThread,KnockOff,Protect|Impish||F|||50|
|showteam|p2|Sharpedo||Sharpedonite|SpeedBoost|Protect,Liquidation,Crunch,PsychicFangs|Adamant||F|||50|]Basculegion-F||ChoiceScarf|Adaptability|MuddyWater,ShadowBall,IceBeam,FlipTurn|Timid||F|||50|]Metagross||Metagrossite|ClearBody|Protect,PsychicFangs,IronHead,StompingTantrum|Jolly|||||50|]Slowking-Galar||ColburBerry|Regenerator|EerieSpell,SludgeBomb,TrickRoom,ChillyReception|Bold||M|||50|]Wyrdeer||ExpertBelt|Frisk|EnergyBall,EarthPower,Thunderbolt,TrickRoom|Modest||F|||50|]Mudsdale||SoftSand|Stamina|BodyPress,HighHorsepower,Protect,RockSlide|Brave||M|||50|
|inactive|Battle timer is ON: inactive players will automatically lose when time's up. (requested by Zygobos)
|inactive|Zygobos has 60 seconds left.
|inactive|2mero has 60 seconds left.
|inactiveoff|Battle timer is now OFF.
|j| Moonz605
|
|t:|1784980181
|teamsize|p1|4
|teamsize|p2|4
|start
|switch|p1a: Gengar|Gengar, L50, M|100/100
|switch|p1b: Politoed|Politoed, L50, F|100/100
|switch|p2a: Wyrdeer|Wyrdeer, L50, F|100/100
|switch|p2b: Basculegion|Basculegion-F, L50, F|100/100
|-weather|RainDance|[from] ability: Drizzle|[of] p1b: Politoed
|-item|p1a: Gengar|Gengarite|[from] ability: Frisk|[of] p2a: Wyrdeer
|-item|p1b: Politoed|Leftovers|[from] ability: Frisk|[of] p2a: Wyrdeer
|turn|1
|
|t:|1784980259
|detailschange|p1a: Gengar|Gengar-Mega, L50, M
|-mega|p1a: Gengar|Gengar|Gengarite
|move|p1a: Gengar|Protect|p1a: Gengar
|-singleturn|p1a: Gengar|Protect
|move|p2b: Basculegion|Flip Turn|p1b: Politoed
|-resisted|p1b: Politoed|1
|-damage|p1b: Politoed|80/100
|
|t:|1784980266
|switch|p2b: Mudsdale|Mudsdale, L50, M|100/100|[from] Flip Turn
|move|p1b: Politoed|Weather Ball|p2a: Wyrdeer
|-damage|p2a: Wyrdeer|41/100
|move|p2a: Wyrdeer|Earth Power|p1a: Gengar
|-activate|p1a: Gengar|move: Protect
|
|-weather|RainDance|[upkeep]
|-heal|p1b: Politoed|86/100|[from] item: Leftovers
|upkeep
|turn|2
|
|t:|1784980293
|move|p1a: Gengar|Thunder|p2a: Wyrdeer
|-damage|p2a: Wyrdeer|0 fnt
|faint|p2a: Wyrdeer
|move|p1b: Politoed|Weather Ball|p2b: Mudsdale
|-supereffective|p2b: Mudsdale|1
|-damage|p2b: Mudsdale|4/100
|-ability|p2b: Mudsdale|Stamina|boost
|-boost|p2b: Mudsdale|def|1
|move|p2b: Mudsdale|High Horsepower|p1a: Gengar
|-supereffective|p1a: Gengar|1
|-damage|p1a: Gengar|0 fnt
|faint|p1a: Gengar
|
|-weather|RainDance|[upkeep]
|-heal|p1b: Politoed|92/100|[from] item: Leftovers
|upkeep
|
|t:|1784980316
|switch|p1a: Kingambit|Kingambit, L50, F|100/100
|switch|p2a: Basculegion|Basculegion-F, L50, F|100/100
|turn|3
|
|t:|1784980334
|move|p1a: Kingambit|Protect|p1a: Kingambit
|-singleturn|p1a: Kingambit|Protect
|move|p2a: Basculegion|Muddy Water|p1b: Politoed|[spread] p1b
|-activate|p1a: Kingambit|move: Protect
|-resisted|p1b: Politoed|1
|-damage|p1b: Politoed|74/100
|move|p1b: Politoed|Weather Ball|p2b: Mudsdale
|-supereffective|p2b: Mudsdale|1
|-damage|p2b: Mudsdale|0 fnt
|faint|p2b: Mudsdale
|
|-weather|RainDance|[upkeep]
|-heal|p1b: Politoed|80/100|[from] item: Leftovers
|upkeep
|
|t:|1784980336
|switch|p2b: Shawrk|Sharpedo, L50, F|100/100
|turn|4
|
|t:|1784980354
|move|p1b: Politoed|Helping Hand|p1a: Kingambit
|-singleturn|p1a: Kingambit|Helping Hand|[of] p1b: Politoed
|move|p2b: Shawrk|Protect|p2b: Shawrk
|-singleturn|p2b: Shawrk|Protect
|move|p1a: Kingambit|Sucker Punch|p2a: Basculegion
|-supereffective|p2a: Basculegion|1
|-damage|p2a: Basculegion|0 fnt
|faint|p2a: Basculegion
|
|-weather|RainDance|[upkeep]
|-heal|p1b: Politoed|86/100|[from] item: Leftovers
|-ability|p2b: Shawrk|Speed Boost|boost
|-boost|p2b: Shawrk|spe|1
|upkeep
|turn|5
|l|☆Zygobos
|player|p1|
|j|☆Zygobos
|player|p1|Zygobos|1|
|
|t:|1784980395
|detailschange|p2b: Shawrk|Sharpedo-Mega, L50, F
|-mega|p2b: Shawrk|Sharpedo|Sharpedonite
|move|p1b: Politoed|Helping Hand|p1a: Kingambit
|-singleturn|p1a: Kingambit|Helping Hand|[of] p1b: Politoed
|move|p2b: Shawrk|Liquidation|p1a: Kingambit
|-damage|p1a: Kingambit|42/100
|move|p1a: Kingambit|Kowtow Cleave|p2b: Shawrk
|-resisted|p2b: Shawrk|1
|-damage|p2b: Shawrk|30/100
|
|-weather|none
|-heal|p1b: Politoed|92/100|[from] item: Leftovers
|upkeep
|turn|6
|
|t:|1784980410
|move|p1b: Politoed|Helping Hand|p1a: Kingambit
|-singleturn|p1a: Kingambit|Helping Hand|[of] p1b: Politoed
|move|p1a: Kingambit|Sucker Punch|p2b: Shawrk
|-resisted|p2b: Shawrk|1
|-damage|p2b: Shawrk|0 fnt
|faint|p2b: Shawrk
|
|win|Zygobos
|l|☆2mero
|player|p2|
||Zygobos is ready for game 2.
||2mero is ready for game 2.
|uhtml|next|Next: Game 2 of 3
