|j|☆yslink
|j|☆nmls_paladin
|html|yslinknmls_paladin    
|uhtml|bestof|Game 2 of a best-of-3
|t:|1785014125
|gametype|doubles
|player|p1|yslink|n|
|player|p2|nmls_paladin|hilda-wonderlauncher|
|gen|9
|tier|[Gen 9 Champions] VGC 2026 Reg M-B (Bo3)
|rule|Species Clause: Limit one of each Pokémon
|rule|Item Clause: Limit 1 of each item
|clearpoke
|poke|p1|Mawile, L50, F|
|poke|p1|Farigiraf, L50, M|
|poke|p1|Incineroar, L50, M|
|poke|p1|Hatterene, L50, F|
|poke|p1|Primarina, L50, F|
|poke|p1|Golurk, L50|
|poke|p2|Annihilape, L50, M|
|poke|p2|Blaziken, L50, F, shiny|
|poke|p2|Primarina, L50, M|
|poke|p2|Aerodactyl, L50, M|
|poke|p2|Tsareena, L50, F|
|poke|p2|Empoleon, L50, M, shiny|
|teampreview|4
|showteam|p1|Mawile||Mawilite|Intimidate|IronHead,PlayRough,Protect,SuckerPunch|Adamant||F|||50|]Farigiraf||FocusSash|ArmorTail|TrickRoom,HyperVoice,Protect,Imprison|Modest||M|||50|]Incineroar||SitrusBerry|Intimidate|FakeOut,PartingShot,ThroatChop,FlareBlitz|Adamant||M|||50|]Hatterene||LifeOrb|MagicBounce|DazzlingGleam,Psychic,TrickRoom,Protect|Modest||F|||50|]Primarina||Leftovers|LiquidVoice|HyperVoice,EnergyBall,DazzlingGleam,Protect|Quiet||F|||50|]Golurk||Golurkite|IronFist|HeadlongRush,Poltergeist,Protect,RockSlide|Brave|||||50|
|showteam|p2|Annihilape||SitrusBerry|Defiant|DrainPunch,BulkUp,RageFist,RockSlide|Adamant||M|||50|]Blaziken||Blazikenite|SpeedBoost|FlareBlitz,CloseCombat,Protect,RockSlide|Adamant||F|||50|]Primarina||Leftovers|LiquidVoice|HyperVoice,IceBeam,Moonblast,EnergyBall|Modest||M|||50|]Aerodactyl||FocusSash|RockHead|Tailwind,RockSlide,DualWingbeat,Taunt|Jolly||M|||50|]Tsareena||LifeOrb|QueenlyMajesty|TropKick,LowKick,TripleAxel,Protect|Adamant||F|||50|]Empoleon||ChopleBerry|Competitive|Blizzard,VacuumWave,FlashCannon,Protect|Modest||M|||50|
|j| Strongest man son
|l| Strongest man son
|j| Strongest man son
|
|t:|1785014153
|teamsize|p1|4
|teamsize|p2|4
|start
|switch|p1a: Hatterene|Hatterene, L50, F|100/100
|switch|p1b: Golurk|Golurk, L50|100/100
|switch|p2a: Aerodactyl|Aerodactyl, L50, M|100/100
|switch|p2b: Tsareena|Tsareena, L50, F|100/100
|turn|1
|
|t:|1785014172
|detailschange|p1b: Golurk|Golurk-Mega, L50
|-mega|p1b: Golurk|Golurk|Golurkite
|move|p2a: Aerodactyl|Rock Slide|p1b: Golurk|[spread] p1a,p1b
|-resisted|p1b: Golurk|1
|-damage|p1a: Hatterene|61/100
|-damage|p1b: Golurk|89/100
|move|p2b: Tsareena|Trop Kick|p1a: Hatterene
|-damage|p1a: Hatterene|0 fnt
|faint|p1a: Hatterene
|-damage|p2b: Tsareena|90/100|[from] item: Life Orb
|move|p1b: Golurk|Rock Slide|p2b: Tsareena|[spread] p2a,p2b
|-supereffective|p2a: Aerodactyl|1
|-damage|p2a: Aerodactyl|25/100
|-damage|p2b: Tsareena|59/100
|
|upkeep
|
|t:|1785014185
|switch|p1a: Primarina|Primarina, L50, F|100/100
|turn|2
|
|t:|1785014194
|move|p1a: Primarina|Protect|p1a: Primarina
|-singleturn|p1a: Primarina|Protect
|move|p2a: Aerodactyl|Tailwind|p2a: Aerodactyl
|-sidestart|p2: nmls_paladin|move: Tailwind
|move|p2b: Tsareena|Trop Kick|p1a: Primarina
|-activate|p1a: Primarina|move: Protect
|move|p1b: Golurk|Poltergeist|p2b: Tsareena
|-activate|p2b: Tsareena|move: Poltergeist|Life Orb
|-damage|p2b: Tsareena|0 fnt
|faint|p2b: Tsareena
|
|upkeep
|
|t:|1785014208
|switch|p2b: Blaziken|Blaziken, L50, F, shiny|100/100
|turn|3
|
|t:|1785014232
|detailschange|p2b: Blaziken|Blaziken-Mega, L50, F, shiny
|-mega|p2b: Blaziken|Blaziken|Blazikenite
|move|p2a: Aerodactyl|Rock Slide|p1b: Golurk|[spread] p1a,p1b
|-resisted|p1b: Golurk|1
|-damage|p1a: Primarina|62/100
|-damage|p1b: Golurk|78/100
|move|p2b: Blaziken|Close Combat|p1a: Primarina
|-resisted|p1a: Primarina|1
|-damage|p1a: Primarina|2/100
|-unboost|p2b: Blaziken|def|1
|-unboost|p2b: Blaziken|spd|1
|cant|p1a: Primarina|flinch
|cant|p1b: Golurk|flinch
|
|-heal|p1a: Primarina|8/100|[from] item: Leftovers
|-ability|p2b: Blaziken|Speed Boost|boost
|-boost|p2b: Blaziken|spe|1
|upkeep
|turn|4
|c|☆yslink|I'm killing myself
|c| Strongest man son|lock in twin
|
|t:|1785014267
|move|p2b: Blaziken|Protect|p2b: Blaziken
|-singleturn|p2b: Blaziken|Protect
|move|p1a: Primarina|Protect|p1a: Primarina
|-singleturn|p1a: Primarina|Protect
|move|p2a: Aerodactyl|Dual Wingbeat|p1a: Primarina
|-activate|p1a: Primarina|move: Protect
|move|p1b: Golurk|Headlong Rush|p2b: Blaziken
|-supereffective|p2b: Blaziken|1
|-ability|p1b: Golurk|Unseen Fist
|-zbroken|p2b: Blaziken
|-damage|p2b: Blaziken|23/100
|-unboost|p1b: Golurk|def|1
|-unboost|p1b: Golurk|spd|1
|
|-heal|p1a: Primarina|14/100|[from] item: Leftovers
|-ability|p2b: Blaziken|Speed Boost|boost
|-boost|p2b: Blaziken|spe|1
|upkeep
|turn|5
|c|☆yslink|DOUBLE FLINCH
|
|t:|1785014288
|switch|p1a: Incineroar|Incineroar, L50, M|100/100
|-ability|p1a: Incineroar|Intimidate|boost
|-unboost|p2a: Aerodactyl|atk|1
|-unboost|p2b: Blaziken|atk|1
|move|p2b: Blaziken|Rock Slide|p1b: Golurk|[spread] p1a,p1b
|-supereffective|p1a: Incineroar|1
|-resisted|p1b: Golurk|1
|-damage|p1a: Incineroar|70/100
|-damage|p1b: Golurk|67/100
|move|p2a: Aerodactyl|Rock Slide|p1a: Incineroar|[spread] p1a
|-miss|p2a: Aerodactyl|p1b: Golurk
|-supereffective|p1a: Incineroar|1
|-damage|p1a: Incineroar|36/100
|-enditem|p1a: Incineroar|Sitrus Berry|[eat]
|-heal|p1a: Incineroar|61/100|[from] item: Sitrus Berry
|move|p1b: Golurk|Rock Slide|p2a: Aerodactyl|[spread] p2a,p2b
|-supereffective|p2a: Aerodactyl|1
|-damage|p2a: Aerodactyl|0 fnt
|-damage|p2b: Blaziken|0 fnt
|faint|p2a: Aerodactyl
|faint|p2b: Blaziken
|
|-sideend|p2: nmls_paladin|move: Tailwind
|upkeep
|
|t:|1785014313
|switch|p2a: Annihilape|Annihilape, L50, M|100/100
|turn|6
|
|t:|1785014322
|move|p2a: Annihilape|Rage Fist|p1b: Golurk
|-supereffective|p1b: Golurk|1
|-damage|p1b: Golurk|0 fnt
|faint|p1b: Golurk
|move|p1a: Incineroar|Flare Blitz|p2a: Annihilape
|-damage|p2a: Annihilape|31/100
|-enditem|p2a: Annihilape|Sitrus Berry|[eat]
|-heal|p2a: Annihilape|56/100|[from] item: Sitrus Berry
|-damage|p1a: Incineroar|40/100|[from] Recoil
|
|upkeep
|
|t:|1785014332
|switch|p1b: Primarina|Primarina, L50, F|14/100
|turn|7
|
|t:|1785014340
|move|p2a: Annihilape|Rock Slide|p1b: Primarina|[spread] p1a
|-miss|p2a: Annihilape|p1b: Primarina
|-supereffective|p1a: Incineroar|1
|-damage|p1a: Incineroar|3/100
|move|p1a: Incineroar|Flare Blitz|p2a: Annihilape
|-damage|p2a: Annihilape|0 fnt
|faint|p2a: Annihilape
|-damage|p1a: Incineroar|0 fnt|[from] Recoil
|faint|p1a: Incineroar
|
|win|yslink
||yslink is ready for game 3.
|inactive|nmls_paladin has 30 seconds to confirm battle start!
|c|☆nmls_paladin|oof gg
|c|☆yslink|gg
|c|☆yslink|that was a close one
||nmls_paladin is ready for game 3.
|uhtml|next|Next: Game 3 of 3
