|j|☆luis.acro
|j|☆worldenddominat0r
|html|luis.acroworldenddominat0r    
|uhtml|bestof|Game 1 of a best-of-3
|t:|1782348255
|gametype|doubles
|player|p1|luis.acro|hilbert|1070
|player|p2|worldenddominat0r|maid-gen6|1201
|gen|9
|tier|[Gen 9 Champions] VGC 2026 Reg M-B (Bo3)
|rated|
|rule|Species Clause: Limit one of each Pokémon
|rule|Item Clause: Limit 1 of each item
|clearpoke
|poke|p1|Staraptor, L50, F|
|poke|p1|Grimmsnarl, L50, M|
|poke|p1|Sinistcha, L50|
|poke|p1|Garchomp, L50, M|
|poke|p1|Sylveon, L50, M|
|poke|p1|Gholdengo, L50|
|poke|p2|Staraptor, L50, F|
|poke|p2|Maushold-Four, L50|
|poke|p2|Ninetales-Alola, L50, M|
|poke|p2|Delphox, L50, F|
|poke|p2|Basculegion, L50, M|
|poke|p2|Kingambit, L50, M|
|teampreview|4
|showteam|p1|Staraptor||Staraptite|Intimidate|CloseCombat,Roost,Protect,BraveBird|Jolly||F|||50|]Grimmsnarl||LightClay|Prankster|Reflect,LightScreen,FoulPlay,PartingShot|Careful||M|||50|]Sinistcha||KasibBerry|Hospitality|MatchaGotcha,Protect,RagePowder,StrengthSap|Bold|||||50|]Garchomp||ChoiceScarf|RoughSkin|StompingTantrum,RockTomb,Protect,DragonClaw|Jolly||M|||50|]Sylveon||FairyFeather|Pixilate|Detect,HyperBeam,HyperVoice,BabyDollEyes|Serious||M|||50|]Gholdengo||LifeOrb|GoodasGold|MakeItRain,Protect,ShadowBall,NastyPlot|Timid|||||50|
|showteam|p2|Staraptor||Staraptite|Intimidate|CloseCombat,BraveBird,Protect,Tailwind|Adamant||F|||50|]Maushold-Four||FocusSash|FriendGuard|SuperFang,Protect,FollowMe,Encore|Jolly|||||50|]Ninetales-Alola||NeverMeltIce|SnowWarning|Blizzard,FreezeDry,IcyWind,Protect|Timid||M|||50|]Delphox||Delphoxite|Blaze|HeatWave,Psyshock,Protect,Substitute|Timid||F|||50|]Basculegion||ChoiceScarf|Adaptability|WaveCrash,LastRespects,FlipTurn,AquaJet|Jolly||M|||50|]Kingambit||BlackGlasses|Defiant|KowtowCleave,SuckerPunch,IronHead,Protect|Adamant||M|||50|
|inactive|Battle timer is ON: inactive players will automatically lose when time's up. (requested by worldenddominat0r)
|inactive|worldenddominat0r has 60 seconds left.
|inactive|worldenddominat0r has 30 seconds left.
|inactive|worldenddominat0r has 20 seconds left.
|
|t:|1782348327
|teamsize|p1|4
|teamsize|p2|4
|start
|switch|p1a: Staraptor|Staraptor, L50, F|100/100
|switch|p1b: Grimmsnarl|Grimmsnarl, L50, M|100/100
|switch|p2a: Delphox|Delphox, L50, F|100/100
|switch|p2b: Maushold|Maushold-Four, L50|100/100
|-ability|p1a: Staraptor|Intimidate|boost
|-unboost|p2a: Delphox|atk|1
|-unboost|p2b: Maushold|atk|1
|turn|1
|inactive|worldenddominat0r has 30 seconds left.
|
|t:|1782348358
|detailschange|p2a: Delphox|Delphox-Mega, L50, F
|-mega|p2a: Delphox|Delphox|Delphoxite
|detailschange|p1a: Staraptor|Staraptor-Mega, L50, F
|-mega|p1a: Staraptor|Staraptor|Staraptite
|move|p1b: Grimmsnarl|Light Screen|p1b: Grimmsnarl
|-sidestart|p1: luis.acro|move: Light Screen
|move|p2a: Delphox|Heat Wave|p1b: Grimmsnarl|[spread] p1a,p1b
|-damage|p1a: Staraptor|66/100
|-damage|p1b: Grimmsnarl|74/100
|move|p2b: Maushold|Super Fang|p1a: Staraptor
|-damage|p1a: Staraptor|33/100
|move|p1a: Staraptor|Close Combat|p2b: Maushold
|-supereffective|p2b: Maushold|1
|-enditem|p2b: Maushold|Focus Sash
|-damage|p2b: Maushold|1/100
|-boost|p1a: Staraptor|def|1
|-boost|p1a: Staraptor|spd|1
|
|upkeep
|turn|2
|inactive|luis.acro has 30 seconds left.
|inactive|worldenddominat0r has 30 seconds left.
|
|t:|1782348387
|move|p1a: Staraptor|Protect|p1a: Staraptor
|-singleturn|p1a: Staraptor|Protect
|move|p2b: Maushold|Follow Me|p2b: Maushold
|-singleturn|p2b: Maushold|move: Follow Me
|move|p2a: Delphox|Psyshock|p1a: Staraptor
|-activate|p1a: Staraptor|move: Protect
|move|p1b: Grimmsnarl|Foul Play|p2b: Maushold
|-damage|p2b: Maushold|0 fnt
|faint|p2b: Maushold
|
|upkeep
|
|t:|1782348394
|switch|p2b: Basculegion|Basculegion, L50, M|100/100
|turn|3
|
|t:|1782348418
|move|p1b: Grimmsnarl|Parting Shot|p1a: Staraptor
|-boost|p1a: Staraptor|atk|1
|-boost|p1a: Staraptor|spa|1
|
|t:|1782348422
|switch|p1b: Sinistcha|Sinistcha, L50|100/100|[from] Parting Shot
|-heal|p1a: Staraptor|57/100|[from] ability: Hospitality|[of] p1b: Sinistcha
|move|p2b: Basculegion|Wave Crash|p1b: Sinistcha
|-resisted|p1b: Sinistcha|1
|-damage|p1b: Sinistcha|67/100
|-damage|p2b: Basculegion|90/100|[from] Recoil
|move|p2a: Delphox|Psyshock|p1a: Staraptor
|-supereffective|p1a: Staraptor|1
|-damage|p1a: Staraptor|15/100
|move|p1a: Staraptor|Roost|p1a: Staraptor
|-heal|p1a: Staraptor|66/100
|-singleturn|p1a: Staraptor|move: Roost
|
|upkeep
|turn|4
|
|t:|1782348444
|switch|p2b: Kingambit|Kingambit, L50, M|100/100
|move|p2a: Delphox|Heat Wave|p1b: Sinistcha|[spread] p1a,p1b
|-supereffective|p1b: Sinistcha|1
|-damage|p1a: Staraptor|42/100
|-damage|p1b: Sinistcha|13/100
|-status|p1a: Staraptor|brn
|move|p1a: Staraptor|Roost|p1a: Staraptor
|-heal|p1a: Staraptor|92/100 brn
|-singleturn|p1a: Staraptor|move: Roost
|move|p1b: Sinistcha|Strength Sap|p1a: Staraptor
|-boost|p1a: Staraptor|atk|1
|-heal|p1b: Sinistcha|100/100
|
|-damage|p1a: Staraptor|87/100 brn|[from] brn
|upkeep
|turn|5
|inactive|worldenddominat0r has 30 seconds left.
|
|t:|1782348471
|switch|p2b: Basculegion|Basculegion, L50, M|90/100
|move|p1b: Sinistcha|Rage Powder|p1b: Sinistcha
|-singleturn|p1b: Sinistcha|move: Rage Powder
|move|p2a: Delphox|Psyshock|p1b: Sinistcha
|-damage|p1b: Sinistcha|76/100
|move|p1a: Staraptor|Close Combat|p2b: Basculegion
|-immune|p2b: Basculegion
|
|-damage|p1a: Staraptor|81/100 brn|[from] brn
|upkeep
|turn|6
|
|t:|1782348492
|move|p2b: Basculegion|Last Respects|p1b: Sinistcha
|-supereffective|p1b: Sinistcha|1
|-enditem|p1b: Sinistcha|Kasib Berry|[eat]
|-enditem|p1b: Sinistcha|Kasib Berry|[weaken]
|-damage|p1b: Sinistcha|22/100
|move|p2a: Delphox|Psyshock|p1a: Staraptor
|-supereffective|p1a: Staraptor|1
|-damage|p1a: Staraptor|39/100 brn
|move|p1a: Staraptor|Roost|p1a: Staraptor
|-heal|p1a: Staraptor|89/100 brn
|-singleturn|p1a: Staraptor|move: Roost
|move|p1b: Sinistcha|Strength Sap|p1a: Staraptor
|-boost|p1a: Staraptor|atk|1
|-heal|p1b: Sinistcha|100/100
|
|-damage|p1a: Staraptor|83/100 brn|[from] brn
|upkeep
|turn|7
|
|t:|1782348513
|move|p2b: Basculegion|Last Respects|p1b: Sinistcha
|-supereffective|p1b: Sinistcha|1
|-damage|p1b: Sinistcha|5/100
|move|p2a: Delphox|Heat Wave|p1a: Staraptor|[spread] p1a,p1b
|-supereffective|p1b: Sinistcha|1
|-damage|p1a: Staraptor|60/100 brn
|-damage|p1b: Sinistcha|0 fnt
|faint|p1b: Sinistcha
|move|p1a: Staraptor|Close Combat|p2a: Delphox
|-resisted|p2a: Delphox|1
|-damage|p2a: Delphox|46/100
|-boost|p1a: Staraptor|def|1
|-boost|p1a: Staraptor|spd|1
|
|-damage|p1a: Staraptor|54/100 brn|[from] brn
|upkeep
|
|t:|1782348529
|switch|p1b: Grimmsnarl|Grimmsnarl, L50, M|74/100
|turn|8
|
|t:|1782348539
|move|p1b: Grimmsnarl|Reflect|p1b: Grimmsnarl
|-sidestart|p1: luis.acro|Reflect
|move|p2b: Basculegion|Last Respects|p1a: Staraptor
|-damage|p1a: Staraptor|30/100 brn
|move|p2a: Delphox|Heat Wave|p1a: Staraptor|[spread] p1a,p1b
|-damage|p1a: Staraptor|15/100 brn
|-damage|p1b: Grimmsnarl|49/100
|move|p1a: Staraptor|Close Combat|p2a: Delphox
|-resisted|p2a: Delphox|1
|-damage|p2a: Delphox|0 fnt
|-boost|p1a: Staraptor|def|1
|-boost|p1a: Staraptor|spd|1
|faint|p2a: Delphox
|
|-damage|p1a: Staraptor|9/100 brn|[from] brn
|-sideend|p1: luis.acro|move: Light Screen
|upkeep
|
|t:|1782348543
|switch|p2a: Kingambit|Kingambit, L50, M|100/100
|turn|9
|inactive|luis.acro has 30 seconds left.
|
|t:|1782348578
|move|p2b: Basculegion|Last Respects|p1b: Grimmsnarl
|-resisted|p1b: Grimmsnarl|1
|-damage|p1b: Grimmsnarl|15/100
|move|p1a: Staraptor|Close Combat|p2a: Kingambit
|-supereffective|p2a: Kingambit|2
|-damage|p2a: Kingambit|0 fnt
|-boost|p1a: Staraptor|def|1
|-boost|p1a: Staraptor|spd|1
|faint|p2a: Kingambit
|move|p1b: Grimmsnarl|Foul Play|p2b: Basculegion
|-supereffective|p2b: Basculegion|1
|-damage|p2b: Basculegion|0 fnt
|faint|p2b: Basculegion
|
|win|luis.acro
