|j|☆camala64
|j|☆battle sim trainer
|html|camala64battle sim trainer    
|uhtml|bestof|Game 1 of a best-of-3
|t:|1783547783
|gametype|doubles
|player|p1|camala64|lance-masters2|
|player|p2|battle sim trainer|turo|
|gen|9
|tier|[Gen 9 Champions] VGC 2026 Reg M-B (Bo3)
|rule|Species Clause: Limit one of each Pokémon
|rule|Item Clause: Limit 1 of each item
|clearpoke
|poke|p1|Floette-Eternal, L50, F|
|poke|p1|Glimmora, L50, F, shiny|
|poke|p1|Talonflame, L50, F, shiny|
|poke|p1|Garchomp, L50, F, shiny|
|poke|p1|Basculegion, L50, M, shiny|
|poke|p1|Kingambit, L50, F, shiny|
|poke|p2|Swampert, L50, M|
|poke|p2|Pelipper, L50, M|
|poke|p2|Archaludon, L50, M|
|poke|p2|Sinistcha, L50|
|poke|p2|Grimmsnarl, L50, M|
|poke|p2|Corviknight, L50, M|
|teampreview|4
|showteam|p1|Floette-Eternal||Floettite|FlowerVeil|Moonblast,DazzlingGleam,LightofRuin,Protect|Modest||F|||50|]Glimmora||Glimmoranite|ToxicDebris|PowerGem,SludgeBomb,EarthPower,SpikyShield|Modest||F|||50|]Talonflame||SharpBeak|GaleWings|DualWingbeat,Tailwind,FlareBlitz,Protect|Jolly||F|||50|]Garchomp||LifeOrb|RoughSkin|Earthquake,RockSlide,DragonClaw,Protect|Adamant||F|||50|]Basculegion||FocusSash|Adaptability|Liquidation,AquaJet,LastRespects,Protect|Adamant||M|||50|]Kingambit||BlackGlasses|Defiant|KowtowCleave,SuckerPunch,IronHead,LowKick|Adamant||F|||50|
|showteam|p2|Swampert||Swampertite|Damp|WaveCrash,Earthquake,IcePunch,Protect|Adamant||M|||50|]Pelipper||SitrusBerry|Drizzle|Hurricane,WeatherBall,Tailwind,Protect|Modest||M|||50|]Archaludon||Leftovers|Stamina|ElectroShot,DragonPulse,FlashCannon,Protect|Modest||M|||50|]Sinistcha|||Hospitality|LifeDew,MatchaGotcha,TrickRoom,RagePowder|Bold|||||50|]Grimmsnarl||LightClay|Prankster|SpiritBreak,Reflect,LightScreen,PartingShot|Careful||M|||50|]Corviknight||OccaBerry|Pressure|BraveBird,IronHead,BulkUp,Roost|Careful||M|||50|
|c|☆battle sim trainer|fhlg
|
|t:|1783547901
|teamsize|p1|4
|teamsize|p2|4
|start
|switch|p1a: Void Blossom|Floette-Eternal, L50, F|100/100
|switch|p1b: Captain Falcon|Talonflame, L50, F, shiny|100/100
|switch|p2a: Archaludon|Archaludon, L50, M|100/100
|switch|p2b: Grimmsnarl|Grimmsnarl, L50, M|100/100
|turn|1
|
|t:|1783547922
|detailschange|p1a: Void Blossom|Floette-Mega, L50, F
|-mega|p1a: Void Blossom|Floette|Floettite
|-ability|p1a: Void Blossom|Fairy Aura
|move|p1b: Captain Falcon|Dual Wingbeat|p2b: Grimmsnarl
|-damage|p2b: Grimmsnarl|79/100
|-damage|p2b: Grimmsnarl|59/100
|-hitcount|p2b: Grimmsnarl|2
|move|p2b: Grimmsnarl|Light Screen|p2b: Grimmsnarl
|-sidestart|p2: battle sim trainer|move: Light Screen
|move|p1a: Void Blossom|Moonblast|p2a: Archaludon
|-damage|p2a: Archaludon|50/100g
|-ability|p2a: Archaludon|Stamina|boost
|-boost|p2a: Archaludon|def|1
|move|p2a: Archaludon|Flash Cannon|p1a: Void Blossom
|-supereffective|p1a: Void Blossom|1
|-damage|p1a: Void Blossom|31/100
|
|-heal|p2a: Archaludon|56/100|[from] item: Leftovers
|upkeep
|turn|2
|
|t:|1783547959
|move|p2a: Archaludon|Protect|p2a: Archaludon
|-singleturn|p2a: Archaludon|Protect
|move|p1b: Captain Falcon|Dual Wingbeat|p2b: Grimmsnarl
|-crit|p2b: Grimmsnarl
|-damage|p2b: Grimmsnarl|28/100
|-damage|p2b: Grimmsnarl|10/100
|-hitcount|p2b: Grimmsnarl|2
|move|p2b: Grimmsnarl|Reflect|p2b: Grimmsnarl
|-sidestart|p2: battle sim trainer|Reflect
|move|p1a: Void Blossom|Light of Ruin|p2a: Archaludon
|-activate|p2a: Archaludon|move: Protect
|
|-heal|p2a: Archaludon|62/100|[from] item: Leftovers
|upkeep
|turn|3
|
|t:|1783547989
|move|p1b: Captain Falcon|Dual Wingbeat|p2b: Grimmsnarl
|-damage|p2b: Grimmsnarl|0 fnt
|faint|p2b: Grimmsnarl
|-hitcount|p2: Grimmsnarl|1
|move|p1a: Void Blossom|Light of Ruin|p2a: Archaludon
|-damage|p2a: Archaludon|0 fnt
|faint|p2a: Archaludon
|-damage|p1a: Void Blossom|0 fnt|[from] Recoil
|faint|p1a: Void Blossom
|
|upkeep
|c|☆battle sim trainer|fack
|
|t:|1783548015
|switch|p1a: Metal Face|Kingambit, L50, F, shiny|100/100
|switch|p2a: Pelipper|Pelipper, L50, M|100/100
|switch|p2b: Corviknight|Corviknight, L50, M|100/100
|-ability|p2b: Corviknight|Pressure
|-weather|RainDance|[from] ability: Drizzle|[of] p2a: Pelipper
|turn|4
|
|t:|1783548032
|move|p1b: Captain Falcon|Dual Wingbeat|p2a: Pelipper
|-damage|p2a: Pelipper|87/100
|-damage|p2a: Pelipper|73/100
|-hitcount|p2a: Pelipper|2
|move|p1a: Metal Face|Kowtow Cleave|p2a: Pelipper
|-damage|p2a: Pelipper|33/100
|-enditem|p2a: Pelipper|Sitrus Berry|[eat]
|-heal|p2a: Pelipper|57/100|[from] item: Sitrus Berry
|move|p2b: Corviknight|Bulk Up|p2b: Corviknight
|-boost|p2b: Corviknight|atk|1
|-boost|p2b: Corviknight|def|1
|move|p2a: Pelipper|Weather Ball|p1b: Captain Falcon
|-supereffective|p1b: Captain Falcon|1
|-damage|p1b: Captain Falcon|0 fnt
|faint|p1b: Captain Falcon
|
|-weather|RainDance|[upkeep]
|upkeep
|
|t:|1783548049
|switch|p1b: Masculin|Basculegion, L50, M, shiny|100/100
|turn|5
|
|t:|1783548059
|move|p2a: Pelipper|Protect|p2a: Pelipper
|-singleturn|p2a: Pelipper|Protect
|move|p1b: Masculin|Last Respects|p2b: Corviknight
|-damage|p2b: Corviknight|62/100
|move|p1a: Metal Face|Kowtow Cleave|p2b: Corviknight
|-damage|p2b: Corviknight|43/100
|move|p2b: Corviknight|Brave Bird|p1b: Masculin
|-damage|p1b: Masculin|26/100
|-damage|p2b: Corviknight|20/100y|[from] Recoil
|
|-weather|RainDance|[upkeep]
|upkeep
|turn|6
|
|t:|1783548083
|move|p1b: Masculin|Last Respects|p2b: Corviknight
|-damage|p2b: Corviknight|0 fnt
|faint|p2b: Corviknight
|move|p1a: Metal Face|Kowtow Cleave|p2a: Pelipper
|-damage|p2a: Pelipper|16/100
|move|p2a: Pelipper|Hurricane|p1b: Masculin
|-damage|p1b: Masculin|0 fnt
|faint|p1b: Masculin
|
|-weather|RainDance|[upkeep]
|upkeep
|turn|7
|
|t:|1783548094
|move|p1a: Metal Face|Kowtow Cleave|p2a: Pelipper
|-damage|p2a: Pelipper|0 fnt
|faint|p2a: Pelipper
|
|win|camala64
||battle sim trainer is ready for game 2.
||camala64 is ready for game 2.
|uhtml|next|Next: Game 2 of 3
