|j|ÔÿåMackleMorelull
|j|ÔÿåMilkshookÔÖí
|html|MackleMorelullMilkshookÔÖí    
|uhtml|bestof|Game 2 of a best-of-3
|t:|1784472014
|gametype|doubles
|player|p1|MackleMorelull|1|
|player|p2|MilkshookÔÖí|iris-gen5bw2|
|gen|9
|tier|[Gen 9 Champions] VGC 2026 Reg M-B (Bo3)
|rule|Species Clause: Limit one of each Pok├®mon
|rule|Item Clause: Limit 1 of each item
|clearpoke
|poke|p1|Sinistcha, L50|
|poke|p1|Klefki, L50, M|
|poke|p1|Azumarill, L50, F|
|poke|p1|Drampa, L50, M|
|poke|p1|Aerodactyl, L50, F|
|poke|p1|Conkeldurr, L50, M|
|poke|p2|Metagross, L50|
|poke|p2|Whimsicott, L50, M|
|poke|p2|Milotic, L50, F|
|poke|p2|Blaziken, L50, M|
|poke|p2|Samurott-Hisui, L50, M|
|poke|p2|Gallade, L50, M|
|teampreview|4
|showteam|p1|Sinistcha||SitrusBerry|Hospitality|LifeDew,RagePowder,MatchaGotcha,TrickRoom|Relaxed|||||50|]Klefki||MentalHerb|Prankster|TrickRoom,LightScreen,DrainingKiss,Reflect|Relaxed||M|||50|]Azumarill||ExpertBelt|HugePower|Liquidation,AquaJet,PlayRough,Protect|Adamant||F|||50|]Drampa||Drampanite|CloudNine|DragonPulse,HyperVoice,Protect,EarthPower|Modest||M|||50|]Aerodactyl||Aerodactylite|Unnerve|RockSlide,DualWingbeat,PsychicFangs,WideGuard|Jolly||F|||50|]Conkeldurr||LifeOrb|IronFist|HammerArm,DrainPunch,RockSlide,KnockOff|Adamant||M|||50|
|showteam|p2|Metagross||Metagrossite|ClearBody|MeteorMash,ThunderPunch,BrickBreak,Protect|Jolly|||||50|]Whimsicott||FocusSash|Prankster|Moonblast,SunnyDay,Encore,Tailwind|Timid||M|||50|]Milotic||Leftovers|Competitive|Scald,IceBeam,LifeDew,Protect|Bold||F|||50|]Blaziken||Blazikenite|SpeedBoost|FlareBlitz,CloseCombat,SwordsDance,Protect|Adamant||M|||50|]Samurott-Hisui||BlackGlasses|Sharpness|CeaselessEdge,SuckerPunch,SacredSword,Protect|Adamant||M|||50|]Gallade||BlackBelt|Sharpness|SacredSword,TrickRoom,Imprison,Protect|Adamant||M|||50|
|j| Hariyamamomma
|l| Hariyamamomma
|j| Hariyamamomma
|
|t:|1784472040
|teamsize|p1|4
|teamsize|p2|4
|start
|switch|p1a: Great Great Grampa|Aerodactyl, L50, F|100/100
|switch|p1b: The Woker|Azumarill, L50, F|100/100
|switch|p2a: ian|Whimsicott, L50, M|100/100
|switch|p2b: bbq wings|Blaziken, L50, M|100/100
|-ability|p1a: Great Great Grampa|Unnerve
|turn|1
|
|t:|1784472079
|switch|p2a: the masher|Metagross, L50|100/100
|switch|p2b: big wall|Milotic, L50, F|100/100
|move|p1a: Great Great Grampa|Dual Wingbeat|p2a: the masher
|-resisted|p2a: the masher|1
|-damage|p2a: the masher|92/100
|-resisted|p2a: the masher|1
|-damage|p2a: the masher|84/100
|-hitcount|p2a: the masher|2
|move|p1b: The Woker|Liquidation|p2b: big wall
|-resisted|p2b: big wall|1
|-damage|p2b: big wall|77/100
|
|-heal|p2b: big wall|83/100|[from] item: Leftovers
|upkeep
|turn|2
|
|t:|1784472119
|switch|p1b: Peepaw|Drampa, L50, M|100/100
|-ability|p1b: Peepaw|Cloud Nine
|detailschange|p2a: the masher|Metagross-Mega, L50
|-mega|p2a: the masher|Metagross|Metagrossite
|move|p1a: Great Great Grampa|Rock Slide|p2b: big wall|[spread] p2a,p2b
|-resisted|p2a: the masher|1
|-damage|p2a: the masher|75/100
|-damage|p2b: big wall|62/100
|move|p2a: the masher|Meteor Mash|p1b: Peepaw|[miss]
|-miss|p2a: the masher|p1b: Peepaw
|cant|p2b: big wall|flinch
|
|-heal|p2b: big wall|68/100|[from] item: Leftovers
|upkeep
|turn|3
|
|t:|1784472145
|detailschange|p1b: Peepaw|Drampa-Mega, L50, M
|-mega|p1b: Peepaw|Drampa|Drampanite
|move|p2a: the masher|Protect|p2a: the masher
|-singleturn|p2a: the masher|Protect
|move|p1a: Great Great Grampa|Rock Slide|p2a: the masher|[spread] p2b
|-activate|p2a: the masher|move: Protect
|-damage|p2b: big wall|48/100
|move|p2b: big wall|Ice Beam|p1b: Peepaw
|-supereffective|p1b: Peepaw|1
|-damage|p1b: Peepaw|62/100
|move|p1b: Peepaw|Earth Power|p2a: the masher
|-activate|p2a: the masher|move: Protect
|
|-heal|p2b: big wall|53/100|[from] item: Leftovers
|upkeep
|turn|4
|
|t:|1784472181
|move|p1a: Great Great Grampa|Rock Slide|p2a: the masher|[spread] p2b
|-miss|p1a: Great Great Grampa|p2a: the masher
|-damage|p2b: big wall|34/100
|move|p2a: the masher|Brick Break|p1b: Peepaw
|-supereffective|p1b: Peepaw|1
|-damage|p1b: Peepaw|0 fnt
|faint|p1b: Peepaw
|move|p2b: big wall|Scald|p1a: Great Great Grampa
|-supereffective|p1a: Great Great Grampa|1
|-damage|p1a: Great Great Grampa|19/100
|
|-heal|p2b: big wall|40/100|[from] item: Leftovers
|upkeep
|
|t:|1784472189
|switch|p1b: The Drank|Sinistcha, L50|100/100
|-heal|p1a: Great Great Grampa|44/100|[from] ability: Hospitality|[of] p1b: The Drank
|turn|5
|
|t:|1784472220
|move|p1a: Great Great Grampa|Rock Slide|p2b: big wall|[spread] p2a,p2b
|-resisted|p2a: the masher|1
|-damage|p2a: the masher|65/100
|-damage|p2b: big wall|21/100
|move|p2a: the masher|Meteor Mash|p1b: The Drank
|-damage|p1b: The Drank|55/100
|move|p2b: big wall|Ice Beam|p1b: The Drank
|-supereffective|p1b: The Drank|1
|-damage|p1b: The Drank|0 fnt
|faint|p1b: The Drank
|
|-heal|p2b: big wall|27/100|[from] item: Leftovers
|upkeep
|
|t:|1784472229
|switch|p1b: The Woker|Azumarill, L50, F|100/100
|turn|6
|c|ÔÿåMackleMorelull|Yeah thats ggs LMAO
|
|t:|1784472253
|move|p1a: Great Great Grampa|Rock Slide|p2a: the masher|[spread] p2a,p2b
|-resisted|p2a: the masher|1
|-damage|p2a: the masher|56/100
|-damage|p2b: big wall|7/100
|cant|p2a: the masher|flinch
|cant|p2b: big wall|flinch
|move|p1b: The Woker|Play Rough|p2b: big wall
|-damage|p2b: big wall|0 fnt
|faint|p2b: big wall
|
|upkeep
|
|t:|1784472263
|switch|p2b: ian|Whimsicott, L50, M|100/100
|turn|7
|
|t:|1784472273
|move|p2b: ian|Tailwind|p2b: ian
|-sidestart|p2: MilkshookÔÖí|move: Tailwind
|move|p2a: the masher|Thunder Punch|p1a: Great Great Grampa
|-supereffective|p1a: Great Great Grampa|1
|-damage|p1a: Great Great Grampa|0 fnt
|faint|p1a: Great Great Grampa
|move|p1b: The Woker|Liquidation|p2a: the masher
|-damage|p2a: the masher|12/100
|
|upkeep
|turn|8
|
|t:|1784472296
|move|p2b: ian|Encore|p1b: The Woker
|-start|p1b: The Woker|Encore
|move|p2a: the masher|Thunder Punch|p1b: The Woker
|-supereffective|p1b: The Woker|1
|-damage|p1b: The Woker|19/100
|move|p1b: The Woker|Liquidation|p2b: ian
|-resisted|p2b: ian|1
|-crit|p2b: ian
|-damage|p2b: ian|40/100
|
|upkeep
|turn|9
|
|t:|1784472304
|move|p2b: ian|Moonblast|p1b: The Woker
|-damage|p1b: The Woker|0 fnt
|faint|p1b: The Woker
|
|win|MilkshookÔÖí
|c|ÔÿåMilkshookÔÖí|ggs
|l| Hariyamamomma
