|j|☆axolotlwooper
|j|☆4Test4
|html|axolotlwooper4Test4    
|uhtml|bestof|Game 3 of a best-of-3
|t:|1785959220
|gametype|doubles
|player|p1|axolotlwooper|linebacker|1225
|player|p2|4Test4|blue|1283
|gen|9
|tier|[Gen 9 Champions] VGC 2026 Reg M-B (Bo3)
|rated|
|rule|Species Clause: Limit one of each Pokémon
|rule|Item Clause: Limit 1 of each item
|clearpoke
|poke|p1|Camerupt, L50, F|
|poke|p1|Farigiraf, L50, F|
|poke|p1|Vanilluxe, L50, F|
|poke|p1|Scrafty, L50, M|
|poke|p1|Staraptor, L50, F|
|poke|p1|Sylveon, L50, M|
|poke|p2|Charizard, L50, F|
|poke|p2|Garchomp, L50, M|
|poke|p2|Toxapex, L50, F|
|poke|p2|Kingambit, L50, M|
|poke|p2|Whimsicott, L50, M|
|poke|p2|Cofagrigus, L50, M|
|teampreview|4
|showteam|p1|Camerupt||Cameruptite|SolidRock|HeatWave,AncientPower,EarthPower,Protect|Quiet||F|||50|]Farigiraf||SitrusBerry|ArmorTail|PsychicFangs,Thunderbolt,TrickRoom,Protect|Sassy||F|||50|]Vanilluxe||NeverMeltIce|SnowWarning|Blizzard,FreezeDry,IceShard,Protect|Quiet||F|||50|]Scrafty||Scraftinite|Intimidate|CloseCombat,KnockOff,IronHead,FakeOut|Brave||M|||50|]Staraptor||ChoiceScarf|Intimidate|BraveBird,CloseCombat,Uturn,FinalGambit|Jolly||F|||50|]Sylveon||FairyFeather|Pixilate|HyperVoice,QuickAttack,HyperBeam,Detect|Quiet||M|||50|
|showteam|p2|Charizard||CharizarditeY|Blaze|HeatWave,WeatherBall,HelpingHand,Protect|Modest||F|||50|]Garchomp||HabanBerry|RoughSkin|DragonClaw,Earthquake,RockSlide,Protect|Jolly||M|||50|]Toxapex||Leftovers|Regenerator|WideGuard,Toxic,Infestation,BanefulBunker|Careful||F|||50|]Kingambit||FocusSash|Defiant|KowtowCleave,IronHead,SuckerPunch,LowKick|Adamant||M|||50|]Whimsicott||KebiaBerry|Prankster|Tailwind,Moonblast,Encore,Protect|Bold||M|||50|]Cofagrigus||SitrusBerry|Mummy|ShadowBall,TrickRoom,WillOWisp,Protect|Modest||M|||50|
|inactive|Battle timer is ON: inactive players will automatically lose when time's up. (requested by axolotlwooper)
|inactive|axolotlwooper has 60 seconds left.
|
|t:|1785959256
|teamsize|p1|4
|teamsize|p2|4
|start
|switch|p1a: Farigiraf|Farigiraf, L50, F|100/100
|switch|p1b: Staraptor|Staraptor, L50, F|100/100
|switch|p2a: Kingambit|Kingambit, L50, M|100/100
|switch|p2b: Cofagrigus|Cofagrigus, L50, M|100/100
|-ability|p1b: Staraptor|Intimidate|boost
|-unboost|p2a: Kingambit|atk|1
|-ability|p2a: Kingambit|Defiant|boost
|-boost|p2a: Kingambit|atk|2
|-unboost|p2b: Cofagrigus|atk|1
|turn|1
|
|t:|1785959274
|move|p1a: Farigiraf|Protect|p1a: Farigiraf
|-singleturn|p1a: Farigiraf|Protect
|move|p1b: Staraptor|Close Combat|p2a: Kingambit
|-supereffective|p2a: Kingambit|2
|-enditem|p2a: Kingambit|Focus Sash
|-damage|p2a: Kingambit|1/100
|-unboost|p1b: Staraptor|def|1
|-unboost|p1b: Staraptor|spd|1
|move|p2a: Kingambit|Kowtow Cleave|p1a: Farigiraf
|-activate|p1a: Farigiraf|move: Protect
|move|p2b: Cofagrigus|Will-O-Wisp|p1b: Staraptor|[miss]
|-miss|p2b: Cofagrigus|p1b: Staraptor
|
|upkeep
|turn|2
|inactive|axolotlwooper has 30 seconds left.
|inactive|4Test4 has 30 seconds left.
|
|t:|1785959313
|move|p1b: Staraptor|Close Combat|p2a: Kingambit
|-supereffective|p2a: Kingambit|2
|-damage|p2a: Kingambit|0 fnt
|-unboost|p1b: Staraptor|def|1
|-unboost|p1b: Staraptor|spd|1
|faint|p2a: Kingambit
|move|p1a: Farigiraf|Psychic Fangs|p2b: Cofagrigus
|-damage|p2b: Cofagrigus|79/100
|-activate|p2b: Cofagrigus|ability: Mummy|p1a: Farigiraf|[ability] Armor Tail
|move|p2b: Cofagrigus|Trick Room|p2b: Cofagrigus
|-fieldstart|move: Trick Room|[of] p2b: Cofagrigus
|
|upkeep
|
|t:|1785959320
|switch|p2a: Charizard|Charizard, L50, F|100/100
|turn|3
|
|t:|1785959335
|detailschange|p2a: Charizard|Charizard-Mega-Y, L50, F
|-mega|p2a: Charizard|Charizard|Charizardite Y
|-weather|SunnyDay|[from] ability: Drought|[of] p2a: Charizard
|move|p2b: Cofagrigus|Shadow Ball|p1b: Staraptor
|-immune|p1b: Staraptor
|move|p1a: Farigiraf|Thunderbolt|p2a: Charizard
|-supereffective|p2a: Charizard|1
|-damage|p2a: Charizard|60/100
|move|p2a: Charizard|Heat Wave|p1a: Farigiraf|[spread] p1a,p1b
|-damage|p1a: Farigiraf|44/100
|-damage|p1b: Staraptor|0 fnt
|-enditem|p1a: Farigiraf|Sitrus Berry|[eat]
|-heal|p1a: Farigiraf|69/100|[from] item: Sitrus Berry
|faint|p1b: Staraptor
|
|-weather|SunnyDay|[upkeep]
|upkeep
|
|t:|1785959354
|switch|p1b: Camerupt|Camerupt, L50, F|100/100
|turn|4
|
|t:|1785959374
|detailschange|p1b: Camerupt|Camerupt-Mega, L50, F
|-mega|p1b: Camerupt|Camerupt|Cameruptite
|move|p2a: Charizard|Protect|p2a: Charizard
|-singleturn|p2a: Charizard|Protect
|move|p1b: Camerupt|Ancient Power|p2a: Charizard
|-activate|p2a: Charizard|move: Protect
|move|p1a: Farigiraf|Thunderbolt|p2a: Charizard
|-activate|p2a: Charizard|move: Protect
|move|p2b: Cofagrigus|Trick Room|p2b: Cofagrigus
|-fieldend|move: Trick Room
|
|-weather|SunnyDay|[upkeep]
|upkeep
|turn|5
|
|t:|1785959392
|move|p2a: Charizard|Weather Ball|p1a: Farigiraf
|-damage|p1a: Farigiraf|0 fnt
|faint|p1a: Farigiraf
|move|p2b: Cofagrigus|Shadow Ball|p1b: Camerupt
|-crit|p1b: Camerupt
|-damage|p1b: Camerupt|49/100
|-unboost|p1b: Camerupt|spd|1
|move|p1b: Camerupt|Ancient Power|p2a: Charizard
|-supereffective|p2a: Charizard|2
|-damage|p2a: Charizard|0 fnt
|faint|p2a: Charizard
|
|-weather|SunnyDay|[upkeep]
|upkeep
|
|t:|1785959404
|switch|p2a: Toxapex|Toxapex, L50, F|100/100
|switch|p1a: Vanilluxe|Vanilluxe, L50, F|100/100
|-weather|Snowscape|[from] ability: Snow Warning|[of] p1a: Vanilluxe
|turn|6
|inactive|axolotlwooper has 30 seconds left.
|
|t:|1785959439
|move|p2a: Toxapex|Baneful Bunker|p2a: Toxapex
|-singleturn|p2a: Toxapex|move: Protect
|move|p2b: Cofagrigus|Protect|p2b: Cofagrigus
|-singleturn|p2b: Cofagrigus|Protect
|move|p1a: Vanilluxe|Blizzard|p2b: Cofagrigus|[spread] 
|-activate|p2a: Toxapex|move: Protect
|-activate|p2b: Cofagrigus|move: Protect
|move|p1b: Camerupt|Earth Power|p2b: Cofagrigus
|-activate|p2b: Cofagrigus|move: Protect
|
|-weather|Snowscape|[upkeep]
|upkeep
|turn|7
|
|t:|1785959454
|move|p1b: Camerupt|Protect|p1b: Camerupt
|-singleturn|p1b: Camerupt|Protect
|move|p2a: Toxapex|Wide Guard|p2a: Toxapex
|-singleturn|p2a: Toxapex|Wide Guard
|move|p1a: Vanilluxe|Blizzard|p2b: Cofagrigus|[spread] 
|-activate|p2a: Toxapex|move: Wide Guard
|-activate|p2b: Cofagrigus|move: Wide Guard
|move|p2b: Cofagrigus|Shadow Ball|p1b: Camerupt
|-activate|p1b: Camerupt|move: Protect
|
|-weather|Snowscape|[upkeep]
|upkeep
|turn|8
|inactive|axolotlwooper has 30 seconds left.
|
|t:|1785959482
|move|p1a: Vanilluxe|Freeze-Dry|p2b: Cofagrigus
|-damage|p2b: Cofagrigus|30/100
|-enditem|p2b: Cofagrigus|Sitrus Berry|[eat]
|-heal|p2b: Cofagrigus|55/100|[from] item: Sitrus Berry
|move|p2a: Toxapex|Toxic|p1a: Vanilluxe
|-status|p1a: Vanilluxe|tox
|move|p2b: Cofagrigus|Shadow Ball|p1b: Camerupt
|-damage|p1b: Camerupt|0 fnt
|faint|p1b: Camerupt
|
|-weather|Snowscape|[upkeep]
|-damage|p1a: Vanilluxe|93/100 tox|[from] psn
|upkeep
|turn|9
|inactive|4Test4 has 30 seconds left.
|
|t:|1785959507
|move|p2a: Toxapex|Wide Guard|p2a: Toxapex
|-singleturn|p2a: Toxapex|Wide Guard
|move|p1a: Vanilluxe|Freeze-Dry|p2b: Cofagrigus
|-damage|p2b: Cofagrigus|11/100
|move|p2b: Cofagrigus|Trick Room|p2b: Cofagrigus
|-fieldstart|move: Trick Room|[of] p2b: Cofagrigus
|
|-weather|Snowscape|[upkeep]
|-damage|p1a: Vanilluxe|81/100 tox|[from] psn
|upkeep
|turn|10
|
|t:|1785959522
|move|p1a: Vanilluxe|Protect|p1a: Vanilluxe
|-singleturn|p1a: Vanilluxe|Protect
|move|p2b: Cofagrigus|Shadow Ball|p1a: Vanilluxe
|-activate|p1a: Vanilluxe|move: Protect
|move|p2a: Toxapex|Infestation|p1a: Vanilluxe
|-activate|p1a: Vanilluxe|move: Protect
|
|-weather|none
|-damage|p1a: Vanilluxe|62/100 tox|[from] psn
|upkeep
|turn|11
|
|t:|1785959532
|move|p1a: Vanilluxe|Ice Shard|p2b: Cofagrigus
|-damage|p2b: Cofagrigus|0 fnt
|faint|p2b: Cofagrigus
|move|p2a: Toxapex|Infestation|p1a: Vanilluxe
|-damage|p1a: Vanilluxe|60/100 tox
|-activate|p1a: Vanilluxe|move: Infestation|[of] p2a: Toxapex
|
|-damage|p1a: Vanilluxe|35/100 tox|[from] psn
|-damage|p1a: Vanilluxe|23/100 tox|[from] move: Infestation|[partiallytrapped]
|upkeep
|turn|12
|
|t:|1785959543
|move|p2a: Toxapex|Baneful Bunker|p2a: Toxapex
|-singleturn|p2a: Toxapex|move: Protect
|move|p1a: Vanilluxe|Freeze-Dry|p2a: Toxapex
|-activate|p2a: Toxapex|move: Protect
|
|-damage|p1a: Vanilluxe|0 fnt|[from] psn
|faint|p1a: Vanilluxe
|
|win|4Test4
|raw|axolotlwooper's rating: 1225 → 1204(-21 for losing)
|raw|4Test4's rating: 1283 → 1304(+21 for winning)
|l|☆axolotlwooper
|player|p1|
