|j|☆Caloteiros VGC
|j|☆hadukthegod
|html|Caloteiros VGChadukthegod    
|uhtml|bestof|Game 2 of a best-of-3
|t:|1785822562
|gametype|doubles
|player|p1|Caloteiros VGC|morty|1168
|player|p2|hadukthegod|hiker-gen4|1040
|gen|9
|tier|[Gen 9 Champions] VGC 2026 Reg M-B (Bo3)
|rated|
|rule|Species Clause: Limit one of each Pokémon
|rule|Item Clause: Limit 1 of each item
|clearpoke
|poke|p1|Raichu, L50, F|
|poke|p1|Sinistcha, L50|
|poke|p1|Incineroar, L50, F|
|poke|p1|Sylveon, L50, M|
|poke|p1|Hydreigon, L50, F|
|poke|p1|Metagross, L50|
|poke|p2|Kleavor, L50, M|
|poke|p2|Venusaur, L50, M|
|poke|p2|Kingambit, L50, M|
|poke|p2|Sableye, L50, F|
|poke|p2|Sylveon, L50, F|
|poke|p2|Krookodile, L50, F|
|teampreview|4
|showteam|p1|Raichu||RaichuniteY|LightningRod|ZapCannon,FocusBlast,FakeOut,Protect|Timid||F|||50|]Sinistcha||SitrusBerry|Hospitality|MatchaGotcha,RagePowder,TrickRoom,Protect|Bold|||||50|]Incineroar||ShucaBerry|Intimidate|FlareBlitz,DarkestLariat,PartingShot,FakeOut|Careful||F|||50|]Sylveon||FairyFeather|Pixilate|HyperVoice,Moonblast,CalmMind,Protect|Modest||M|||50|]Hydreigon||ChoiceScarf|Levitate|DracoMeteor,DarkPulse,EarthPower,Snarl|Modest||F|||50|]Metagross||Metagrossite|ClearBody|HardPress,BodyPress,PsychicFangs,Protect|Adamant|||||50|
|showteam|p2|Kleavor||FocusSash|Sharpness|XScissor,StoneAxe,Protect,Tailwind|Jolly||M|||50|]Venusaur||Venusaurite|Chlorophyll|GigaDrain,SludgeBomb,EarthPower,Protect|Modest||M|||50|]Kingambit||BlackGlasses|SupremeOverlord|SuckerPunch,KowtowCleave,SwordsDance,Protect|Brave||M|||50|]Sableye||LightClay|Prankster|Reflect,LightScreen,SunnyDay,Snarl|Calm||F|||50|]Sylveon||FairyFeather|Pixilate|HyperVoice,HyperBeam,QuickAttack,Protect|Modest||F|||50|]Krookodile||PasshoBerry|Intimidate|HighHorsepower,KnockOff,CloseCombat,Protect|Adamant||F|||50|
|inactive|Battle timer is ON: inactive players will automatically lose when time's up. (requested by Caloteiros VGC)
|inactive|hadukthegod has 60 seconds left.
|
|t:|1785822619
|teamsize|p1|4
|teamsize|p2|4
|start
|switch|p1a: Sylveon|Sylveon, L50, M|100/100
|switch|p1b: Raichu|Raichu, L50, F|100/100
|switch|p2a: Kleavor|Kleavor, L50, M|100/100
|switch|p2b: Krookodile|Krookodile, L50, F|100/100
|-ability|p2b: Krookodile|Intimidate|boost
|-unboost|p1a: Sylveon|atk|1
|-unboost|p1b: Raichu|atk|1
|turn|1
|inactive|Caloteiros VGC has 30 seconds left.
|inactive|hadukthegod has 30 seconds left.
|inactive|Caloteiros VGC has 20 seconds left.
|inactive|Caloteiros VGC has 15 seconds left.
|inactive|Caloteiros VGC has 10 seconds left.
|inactive|Caloteiros VGC has 5 seconds left.
|
|t:|1785822672
|detailschange|p1b: Raichu|Raichu-Mega-Y, L50, F
|-mega|p1b: Raichu|Raichu|Raichunite Y
|move|p1b: Raichu|Fake Out|p2a: Kleavor
|-resisted|p2a: Kleavor|1
|-damage|p2a: Kleavor|95/100
|cant|p2a: Kleavor|flinch
|move|p2b: Krookodile|High Horsepower|p1b: Raichu
|-supereffective|p1b: Raichu|1
|-crit|p1b: Raichu
|-damage|p1b: Raichu|0 fnt
|faint|p1b: Raichu
|move|p1a: Sylveon|Calm Mind|p1a: Sylveon
|-boost|p1a: Sylveon|spa|1
|-boost|p1a: Sylveon|spd|1
|
|upkeep
|
|t:|1785822678
|switch|p1b: Incineroar|Incineroar, L50, F|100/100
|-ability|p1b: Incineroar|Intimidate|boost
|-unboost|p2a: Kleavor|atk|1
|-unboost|p2b: Krookodile|atk|1
|turn|2
|inactive|hadukthegod has 30 seconds left.
|
|t:|1785822712
|switch|p2b: Kingambit|Kingambit, L50, M|100/100
|move|p1b: Incineroar|Fake Out|p2b: Kingambit
|-resisted|p2b: Kingambit|1
|-damage|p2b: Kingambit|96/100
|move|p2a: Kleavor|Stone Axe|p1a: Sylveon
|-damage|p1a: Sylveon|55/100
|-sidestart|p1: Caloteiros VGC|move: Stealth Rock
|move|p1a: Sylveon|Calm Mind|p1a: Sylveon
|-boost|p1a: Sylveon|spa|1
|-boost|p1a: Sylveon|spd|1
|
|upkeep
|turn|3
|inactive|Caloteiros VGC has 30 seconds left.
|inactive|hadukthegod has 30 seconds left.
|inactive|hadukthegod has 20 seconds left.
|inactive|hadukthegod has 15 seconds left.
|inactive|hadukthegod has 10 seconds left.
|
|t:|1785822761
|switch|p1b: Sinistcha|Sinistcha, L50|100/100
|-damage|p1b: Sinistcha|87/100|[from] Stealth Rock
|-heal|p1a: Sylveon|80/100|[from] ability: Hospitality|[of] p1b: Sinistcha
|move|p2b: Kingambit|Sucker Punch|p1a: Sylveon
|-resisted|p1a: Sylveon|1
|-damage|p1a: Sylveon|50/100g
|move|p2a: Kleavor|Stone Axe|p1a: Sylveon
|-damage|p1a: Sylveon|5/100
|move|p1a: Sylveon|Hyper Voice|p2b: Kingambit|[spread] p2a,p2b
|-damage|p2a: Kleavor|0 fnt
|-damage|p2b: Kingambit|7/100
|faint|p2a: Kleavor
|
|upkeep
|
|t:|1785822777
|switch|p2a: God|Venusaur, L50, M|100/100
|turn|4
|
|t:|1785822791
|detailschange|p2a: God|Venusaur-Mega, L50, M
|-mega|p2a: God|Venusaur|Venusaurite
|move|p1a: Sylveon|Protect|p1a: Sylveon
|-singleturn|p1a: Sylveon|Protect
|move|p2b: Kingambit|Sucker Punch|p1b: Sinistcha
|-supereffective|p1b: Sinistcha|1
|-damage|p1b: Sinistcha|2/100
|-enditem|p1b: Sinistcha|Sitrus Berry|[eat]
|-heal|p1b: Sinistcha|26/100|[from] item: Sitrus Berry
|move|p2a: God|Sludge Bomb|p1a: Sylveon
|-activate|p1a: Sylveon|move: Protect
|move|p1b: Sinistcha|Matcha Gotcha|p2a: God|[spread] p2a,p2b
|-resisted|p2a: God|2
|-resisted|p2b: Kingambit|1
|-damage|p2a: God|95/100
|-heal|p1b: Sinistcha|29/100|[from] drain|[of] p2a: God
|-damage|p2b: Kingambit|0 fnt
|-heal|p1b: Sinistcha|34/100|[from] drain|[of] p2b: Kingambit
|faint|p2b: Kingambit
|-end|p2b: Kingambit|fallenundefined|[silent]
|
|upkeep
|
|t:|1785822809
|switch|p2b: Krookodile|Krookodile, L50, F|100/100
|-ability|p2b: Krookodile|Intimidate|boost
|-unboost|p1a: Sylveon|atk|1
|-unboost|p1b: Sinistcha|atk|1
|turn|5
|inactive|Caloteiros VGC has 30 seconds left.
|
|t:|1785822840
|switch|p1a: Incineroar|Incineroar, L50, F|100/100
|-damage|p1a: Incineroar|75/100|[from] Stealth Rock
|-ability|p1a: Incineroar|Intimidate|boost
|-unboost|p2a: God|atk|1
|-unboost|p2b: Krookodile|atk|1
|move|p2b: Krookodile|Knock Off|p1b: Sinistcha
|-supereffective|p1b: Sinistcha|1
|-damage|p1b: Sinistcha|0 fnt
|faint|p1b: Sinistcha
|move|p2a: God|Sludge Bomb|p1a: Incineroar
|-damage|p1a: Incineroar|43/100
|
|upkeep
|-message|Caloteiros VGC forfeited.
|
|win|hadukthegod
