|j|☆KingNoahC17
|j|☆castoriceball
|html|KingNoahC17castoriceball    
|uhtml|bestof|Game 1 of a best-of-3
|t:|1784024629
|gametype|doubles
|player|p1|KingNoahC17|alec-anime|1382
|player|p2|castoriceball|miku-flying|1339
|gen|9
|tier|[Gen 9 Champions] VGC 2026 Reg M-B (Bo3)
|rated|
|rule|Species Clause: Limit one of each Pokémon
|rule|Item Clause: Limit 1 of each item
|clearpoke
|poke|p1|Volcarona, L50, M|
|poke|p1|Milotic, L50, M|
|poke|p1|Gholdengo, L50|
|poke|p1|Sinistcha, L50|
|poke|p1|Tyranitar, L50, M|
|poke|p1|Grimmsnarl, L50, M|
|poke|p2|Garchomp, L50, F|
|poke|p2|Floette-Eternal, L50, F|
|poke|p2|Talonflame, L50, M|
|poke|p2|Rotom-Wash, L50, shiny|
|poke|p2|Annihilape, L50, M|
|poke|p2|Venusaur, L50, F|
|teampreview|4
|showteam|p1|Volcarona||SitrusBerry|FlameBody|FieryDance,StruggleBug,RagePowder,Tailwind|Timid||M|||50|]Milotic||Leftovers|Competitive|MuddyWater,Coil,Hypnosis,Recover|Calm||M|||50|]Gholdengo||LifeOrb|GoodasGold|MakeItRain,ShadowBall,NastyPlot,Protect|Modest|||||50|]Sinistcha||ColburBerry|Hospitality|MatchaGotcha,RagePowder,TrickRoom,Protect|Bold|||||50|]Tyranitar||Tyranitarite|SandStream|RockSlide,KnockOff,DragonDance,Protect|Jolly||M|||50|]Grimmsnarl||LightClay|Prankster|FakeOut,Reflect,LightScreen,PartingShot|Careful||M|||50|
|showteam|p2|Garchomp||LifeOrb|RoughSkin|DragonClaw,Earthquake,RockSlide,Protect|Adamant||F|||50|]Floette-Eternal||Floettite|FlowerVeil|Moonblast,DazzlingGleam,LightofRuin,Protect|Modest||F|||50|]Talonflame||SharpBeak|GaleWings|Tailwind,DualWingbeat,FlareBlitz,Protect|Jolly||M|||50|]Rotom-Wash||Magnet|Levitate|Thunderbolt,HydroPump,Electroweb,Protect|Modest|||||50|]Annihilape||FocusSash|Defiant|CloseCombat,PhantomForce,Taunt,HelpingHand|Jolly||M|||50|]Venusaur||Venusaurite|Chlorophyll|GigaDrain,SludgeBomb,EarthPower,Protect|Modest||F|||50|
|inactive|Battle timer is ON: inactive players will automatically lose when time's up. (requested by KingNoahC17)
|inactive|KingNoahC17 has 60 seconds left.
|inactive|castoriceball has 60 seconds left.
|
|t:|1784024675
|teamsize|p1|4
|teamsize|p2|4
|start
|switch|p1a: Grimmsnarl|Grimmsnarl, L50, M|100/100
|switch|p1b: Milotic|Milotic, L50, M|100/100
|switch|p2a: Fwog|Venusaur, L50, F|100/100
|switch|p2b: Laundry List|Rotom-Wash, L50, shiny|100/100
|turn|1
|
|t:|1784024691
|switch|p1b: Gholdengo|Gholdengo, L50|100/100
|detailschange|p2a: Fwog|Venusaur-Mega, L50, F
|-mega|p2a: Fwog|Venusaur|Venusaurite
|move|p1a: Grimmsnarl|Light Screen|p1a: Grimmsnarl
|-sidestart|p1: KingNoahC17|move: Light Screen
|move|p2b: Laundry List|Thunderbolt|p1a: Grimmsnarl
|-damage|p1a: Grimmsnarl|67/100
|move|p2a: Fwog|Sludge Bomb|p1a: Grimmsnarl
|-supereffective|p1a: Grimmsnarl|1
|-damage|p1a: Grimmsnarl|13/100
|
|upkeep
|turn|2
|
|t:|1784024712
|move|p1a: Grimmsnarl|Parting Shot|p2b: Laundry List
|-unboost|p2b: Laundry List|atk|1
|-unboost|p2b: Laundry List|spa|1
|
|t:|1784024718
|switch|p1a: Milotic|Milotic, L50, M|100/100|[from] Parting Shot
|move|p1b: Gholdengo|Nasty Plot|p1b: Gholdengo
|-boost|p1b: Gholdengo|spa|2
|move|p2b: Laundry List|Electroweb|p1a: Milotic|[spread] p1a,p1b
|-supereffective|p1a: Milotic|1
|-damage|p1a: Milotic|86/100
|-damage|p1b: Gholdengo|89/100
|-unboost|p1a: Milotic|spe|1
|-ability|p1a: Milotic|Competitive|boost
|-boost|p1a: Milotic|spa|2
|-unboost|p1b: Gholdengo|spe|1
|move|p2a: Fwog|Earth Power|p1b: Gholdengo
|-supereffective|p1b: Gholdengo|1
|-damage|p1b: Gholdengo|46/100
|-unboost|p1b: Gholdengo|spd|1
|
|-heal|p1a: Milotic|92/100|[from] item: Leftovers
|upkeep
|turn|3
|inactive|KingNoahC17 has 30 seconds left.
|inactive|KingNoahC17 has 20 seconds left.
|
|t:|1784024754
|switch|p1a: Grimmsnarl|Grimmsnarl, L50, M|13/100
|move|p1b: Gholdengo|Protect|p1b: Gholdengo
|-singleturn|p1b: Gholdengo|Protect
|move|p2b: Laundry List|Thunderbolt|p1a: Grimmsnarl
|-damage|p1a: Grimmsnarl|0 fnt
|faint|p1a: Grimmsnarl
|move|p2a: Fwog|Earth Power|p1b: Gholdengo
|-activate|p1b: Gholdengo|move: Protect
|
|upkeep
|
|t:|1784024763
|switch|p1a: Sinistcha|Sinistcha, L50|100/100
|-heal|p1b: Gholdengo|70/100|[from] ability: Hospitality|[of] p1a: Sinistcha
|turn|4
|
|t:|1784024784
|switch|p1b: Milotic|Milotic, L50, M|92/100
|move|p2b: Laundry List|Thunderbolt|p1a: Sinistcha
|-resisted|p1a: Sinistcha|1
|-damage|p1a: Sinistcha|88/100
|move|p2a: Fwog|Earth Power|p1b: Milotic
|-damage|p1b: Milotic|79/100
|move|p1a: Sinistcha|Trick Room|p1a: Sinistcha
|-fieldstart|move: Trick Room|[of] p1a: Sinistcha
|
|-heal|p1b: Milotic|85/100|[from] item: Leftovers
|upkeep
|turn|5
|
|t:|1784024794
|move|p1a: Sinistcha|Matcha Gotcha|p2b: Laundry List|[spread] p2a,p2b
|-resisted|p2a: Fwog|2
|-supereffective|p2b: Laundry List|1
|-damage|p2a: Fwog|94/100
|-heal|p1a: Sinistcha|91/100|[from] drain|[of] p2a: Fwog
|-damage|p2b: Laundry List|46/100
|-heal|p1a: Sinistcha|100/100|[from] drain|[of] p2b: Laundry List
|-status|p2b: Laundry List|brn
|move|p1b: Milotic|Coil|p1b: Milotic
|-boost|p1b: Milotic|atk|1
|-boost|p1b: Milotic|def|1
|-boost|p1b: Milotic|accuracy|1
|move|p2a: Fwog|Giga Drain|p1b: Milotic
|-supereffective|p1b: Milotic|1
|-damage|p1b: Milotic|50/100y
|-heal|p2a: Fwog|100/100|[from] drain|[of] p1b: Milotic
|move|p2b: Laundry List|Thunderbolt|p1b: Milotic
|-supereffective|p1b: Milotic|1
|-damage|p1b: Milotic|21/100
|
|-heal|p1b: Milotic|27/100|[from] item: Leftovers
|-damage|p2b: Laundry List|40/100 brn|[from] brn
|upkeep
|turn|6
|
|t:|1784024813
|move|p2a: Fwog|Protect|p2a: Fwog
|-singleturn|p2a: Fwog|Protect
|move|p2b: Laundry List|Protect|p2b: Laundry List
|-singleturn|p2b: Laundry List|Protect
|move|p1a: Sinistcha|Matcha Gotcha|p2b: Laundry List|[spread] 
|-activate|p2a: Fwog|move: Protect
|-activate|p2b: Laundry List|move: Protect
|move|p1b: Milotic|Hypnosis|p2a: Fwog
|-activate|p2a: Fwog|move: Protect
|
|-heal|p1b: Milotic|33/100|[from] item: Leftovers
|-damage|p2b: Laundry List|34/100 brn|[from] brn
|upkeep
|turn|7
|
|t:|1784024821
|switch|p1a: Gholdengo|Gholdengo, L50|70/100
|move|p1b: Milotic|Hypnosis|p2a: Fwog
|-status|p2a: Fwog|slp|[from] move: Hypnosis
|cant|p2a: Fwog|slp
|move|p2b: Laundry List|Thunderbolt|p1b: Milotic
|-supereffective|p1b: Milotic|1
|-damage|p1b: Milotic|5/100
|
|-heal|p1b: Milotic|11/100|[from] item: Leftovers
|-damage|p2b: Laundry List|28/100 brn|[from] brn
|upkeep
|turn|8
|
|t:|1784024836
|switch|p2a: jarchomp|Garchomp, L50, F|100/100
|switch|p2b: Annihilape|Annihilape, L50, M|100/100
|move|p1b: Milotic|Recover|p1b: Milotic
|-heal|p1b: Milotic|61/100
|move|p1a: Gholdengo|Nasty Plot|p1a: Gholdengo
|-boost|p1a: Gholdengo|spa|2
|
|-heal|p1b: Milotic|67/100|[from] item: Leftovers
|-sideend|p1: KingNoahC17|move: Light Screen
|-fieldend|move: Trick Room
|upkeep
|turn|9
|
|t:|1784024851
|switch|p1a: Sinistcha|Sinistcha, L50|100/100
|-heal|p1b: Milotic|92/100|[from] ability: Hospitality|[of] p1a: Sinistcha
|move|p2a: jarchomp|Protect|p2a: jarchomp
|-singleturn|p2a: jarchomp|Protect
|move|p2b: Annihilape|Phantom Force||[still]
|-prepare|p2b: Annihilape|Phantom Force
|move|p1b: Milotic|Coil|p1b: Milotic
|-boost|p1b: Milotic|atk|1
|-boost|p1b: Milotic|def|1
|-boost|p1b: Milotic|accuracy|1
|
|-heal|p1b: Milotic|98/100|[from] item: Leftovers
|upkeep
|turn|10
|
|t:|1784024871
|switch|p2a: Fwog|Venusaur-Mega, L50, F|100/100 slp
|move|p2b: Annihilape|Phantom Force|p1a: Sinistcha|[from] lockedmove
|-supereffective|p1a: Sinistcha|1
|-damage|p1a: Sinistcha|32/100
|move|p1b: Milotic|Hypnosis|p2b: Annihilape
|-status|p2b: Annihilape|slp|[from] move: Hypnosis
|move|p1a: Sinistcha|Trick Room|p1a: Sinistcha
|-fieldstart|move: Trick Room|[of] p1a: Sinistcha
|
|-heal|p1b: Milotic|100/100|[from] item: Leftovers
|upkeep
|turn|11
|
|t:|1784024882
|switch|p1a: Gholdengo|Gholdengo, L50|70/100
|move|p1b: Milotic|Muddy Water|p2b: Annihilape|[spread] p2a,p2b
|-resisted|p2a: Fwog|1
|-damage|p2a: Fwog|90/100 slp
|-damage|p2b: Annihilape|77/100 slp
|cant|p2a: Fwog|slp
|cant|p2b: Annihilape|slp
|
|upkeep
|turn|12
|
|t:|1784024894
|move|p1b: Milotic|Muddy Water|p2a: Fwog|[spread] p2a,p2b
|-resisted|p2a: Fwog|1
|-crit|p2a: Fwog
|-damage|p2a: Fwog|77/100 slp
|-damage|p2b: Annihilape|54/100 slp
|-curestatus|p2a: Fwog|slp|[msg]
|move|p2a: Fwog|Earth Power|p1a: Gholdengo
|-supereffective|p1a: Gholdengo|1
|-damage|p1a: Gholdengo|9/100
|move|p1a: Gholdengo|Make It Rain|p2a: Fwog|[spread] p2a,p2b
|-damage|p2a: Fwog|22/100
|-damage|p2b: Annihilape|0 fnt
|-unboost|p1a: Gholdengo|spa|2
|faint|p2b: Annihilape
|-damage|p1a: Gholdengo|0 fnt|[from] item: Life Orb
|faint|p1a: Gholdengo
|
|upkeep
|
|t:|1784024909
|switch|p1a: Sinistcha|Sinistcha, L50|32/100
|switch|p2b: jarchomp|Garchomp, L50, F|100/100
|turn|13
|
|t:|1784024918
|move|p1a: Sinistcha|Matcha Gotcha|p2b: jarchomp|[spread] p2a,p2b
|-resisted|p2a: Fwog|2
|-damage|p2a: Fwog|17/100
|-heal|p1a: Sinistcha|35/100|[from] drain|[of] p2a: Fwog
|-damage|p2b: jarchomp|74/100
|-heal|p1a: Sinistcha|48/100|[from] drain|[of] p2b: jarchomp
|-status|p2a: Fwog|brn
|move|p1b: Milotic|Hypnosis||[still]
|-fail|p1b: Milotic
|move|p2a: Fwog|Giga Drain|p1b: Milotic
|-supereffective|p1b: Milotic|1
|-damage|p1b: Milotic|51/100
|-heal|p2a: Fwog|43/100 brn|[from] drain|[of] p1b: Milotic
|move|p2b: jarchomp|Rock Slide|p1b: Milotic|[spread] p1a,p1b
|-damage|p1a: Sinistcha|26/100
|-damage|p1b: Milotic|40/100
|-damage|p2b: jarchomp|64/100|[from] item: Life Orb
|
|-heal|p1b: Milotic|46/100|[from] item: Leftovers
|-damage|p2a: Fwog|37/100 brn|[from] brn
|upkeep
|turn|14
|
|t:|1784024936
|move|p2b: jarchomp|Protect|p2b: jarchomp
|-singleturn|p2b: jarchomp|Protect
|move|p1a: Sinistcha|Matcha Gotcha|p2a: Fwog|[spread] p2a
|-activate|p2b: jarchomp|move: Protect
|-resisted|p2a: Fwog|2
|-damage|p2a: Fwog|33/100 brn
|-heal|p1a: Sinistcha|29/100|[from] drain|[of] p2a: Fwog
|move|p1b: Milotic|Recover|p1b: Milotic
|-heal|p1b: Milotic|96/100
|move|p2a: Fwog|Giga Drain|p1b: Milotic
|-supereffective|p1b: Milotic|1
|-damage|p1b: Milotic|44/100
|-heal|p2a: Fwog|60/100 brn|[from] drain|[of] p1b: Milotic
|
|-heal|p1b: Milotic|50/100g|[from] item: Leftovers
|-damage|p2a: Fwog|55/100 brn|[from] brn
|-fieldend|move: Trick Room
|upkeep
|turn|15
|
|t:|1784024944
|move|p2b: jarchomp|Dragon Claw|p1a: Sinistcha
|-damage|p1a: Sinistcha|0 fnt
|faint|p1a: Sinistcha
|-damage|p2b: jarchomp|55/100|[from] item: Life Orb
|move|p2a: Fwog|Giga Drain|p1b: Milotic
|-supereffective|p1b: Milotic|1
|-damage|p1b: Milotic|0 fnt
|-heal|p2a: Fwog|82/100 brn|[from] drain|[of] p1b: Milotic
|faint|p1b: Milotic
|
|win|castoriceball
