|j|☆Lord_of_Ewoks
|j|☆dman12352
|html|Lord_of_Ewoksdman12352    
|uhtml|bestof|Game 1 of a best-of-3
|t:|1756410587
|gametype|doubles
|player|p1|Lord_of_Ewoks|169|1125
|player|p2|dman12352|brycenman|1043
|gen|9
|tier|[Gen 9] VGC 2025 Reg H (Bo3)
|rated|
|rule|Species Clause: Limit one of each Pokémon
|rule|Item Clause: Limit 1 of each item
|clearpoke
|poke|p1|Blaziken, L50, M|
|poke|p1|Primarina, L50, M|
|poke|p1|Serperior, L50, M|
|poke|p1|Pelipper, L50, M|
|poke|p1|Electabuzz, L50, M|
|poke|p1|Kingambit, L50, F|
|poke|p2|Comfey, L50, F|
|poke|p2|Annihilape, L50, M|
|poke|p2|Maushold, L50|
|poke|p2|Archaludon, L50, F|
|poke|p2|Incineroar, L50, M|
|poke|p2|Pelipper, L50, M|
|teampreview|4
|showteam|p1|Blaziken||ClearAmulet|SpeedBoost|FirePledge,CloseCombat,FlareBlitz,Protect|||M|||50|,,,,,Ghost]Primarina||LifeOrb|LiquidVoice|HyperVoice,Moonblast,WaterPledge,Protect|||M|||50|,,,,,Poison]Serperior||FocusSash|Contrary|LeafStorm,TeraBlast,GrassPledge,Protect|||M|||50|,,,,,Stellar]Pelipper||CovertCloak|Drizzle|Tailwind,Hurricane,WideGuard,Protect|||M|||50|,,,,,Ghost]Electabuzz||Eviolite|VitalSpirit|Electroweb,VoltSwitch,FollowMe,Protect|||M|||50|,,,,,Ghost]Kingambit||BlackGlasses|Defiant|KowtowCleave,SuckerPunch,SwordsDance,Protect|||F|||50|,,,,,Dark
|showteam|p2|Comfey||RockyHelmet|Triage|CalmMind,DrainingKiss,GigaDrain,FloralHealing|||F|||50|,,,,,Steel]Annihilape||Leftovers|Defiant|RageFist,DrainPunch,BulkUp,Protect|||M|||50|,,,,,Fire]Maushold||SafetyGoggles|FriendGuard|Protect,Encore,FollowMe,BeatUp||||||50|,,,,,Ghost]Archaludon||AssaultVest|Stamina|ElectroShot,BodyPress,DragonPulse,FlashCannon|||F|||50|,,,,,Flying]Incineroar||SitrusBerry|Intimidate|FakeOut,FlareBlitz,KnockOff,PartingShot|||M|||50|,,,,,Water]Pelipper||FocusSash|Drizzle|Tailwind,Protect,MuddyWater,Hurricane|||M|||50|,,,,,Ground
|inactive|Battle timer is ON: inactive players will automatically lose when time's up. (requested by dman12352)
|inactive|dman12352 has 60 seconds left.
|
|t:|1756410644
|teamsize|p1|4
|teamsize|p2|4
|start
|switch|p1a: Serperior|Serperior, L50, M|100/100
|switch|p1b: Primarina|Primarina, L50, M|100/100
|switch|p2a: Annihilape|Annihilape, L50, M|100/100
|switch|p2b: Maushold|Maushold, L50, shiny|100/100
|turn|1
|
|t:|1756410661
|move|p1a: Serperior|Grass Pledge|p2b: Maushold
|-waiting|p1a: Serperior|p1b: Primarina
|move|p1b: Primarina|Water Pledge|p2b: Maushold|[from] move: Grass Pledge
|-combine
|-crit|p2b: Maushold
|-damage|p2b: Maushold|0 fnt
|-sidestart|p2: dman12352|Grass Pledge
|faint|p2b: Maushold
|-damage|p1b: Primarina|91/100|[from] item: Life Orb
|move|p2a: Annihilape|Rage Fist|p1b: Primarina
|-damage|p1b: Primarina|59/100
|
|upkeep
|
|t:|1756410677
|switch|p2b: Comfey|Comfey, L50, F, shiny|100/100
|turn|2
|
|t:|1756410686
|move|p2a: Annihilape|Protect|p2a: Annihilape
|-singleturn|p2a: Annihilape|Protect
|move|p2b: Comfey|Giga Drain|p1b: Primarina
|-supereffective|p1b: Primarina
|-damage|p1b: Primarina|23/100
|move|p1a: Serperior|Leaf Storm|p2a: Annihilape
|-activate|p2a: Annihilape|move: Protect
|move|p1b: Primarina|Hyper Voice|p2a: Annihilape|[spread] p2b
|-activate|p2a: Annihilape|move: Protect
|-damage|p2b: Comfey|49/100
|-damage|p1b: Primarina|14/100|[from] item: Life Orb
|
|upkeep
|turn|3
|
|t:|1756410706
|move|p1b: Primarina|Protect|p1b: Primarina
|-singleturn|p1b: Primarina|Protect
|move|p2b: Comfey|Draining Kiss|p1a: Serperior
|-damage|p1a: Serperior|76/100
|-heal|p2b: Comfey|67/100|[from] drain|[of] p1a: Serperior
|move|p1a: Serperior|Leaf Storm|p2b: Comfey
|-damage|p2b: Comfey|22/100
|-boost|p1a: Serperior|spa|2
|move|p2a: Annihilape|Rage Fist|p1a: Serperior
|-damage|p1a: Serperior|41/100
|
|upkeep
|turn|4
|
|t:|1756410728
|move|p2b: Comfey|Draining Kiss|p1b: Primarina
|-damage|p1b: Primarina|0 fnt
|-heal|p2b: Comfey|33/100|[from] drain|[of] p1b: Primarina
|faint|p1b: Primarina
|move|p1a: Serperior|Leaf Storm|p2b: Comfey
|-damage|p2b: Comfey|0 fnt
|-boost|p1a: Serperior|spa|2
|faint|p2b: Comfey
|move|p2a: Annihilape|Rage Fist|p1a: Serperior
|-damage|p1a: Serperior|8/100
|
|-sideend|p2: dman12352|Grass Pledge
|upkeep
|
|t:|1756410736
|switch|p2b: Archaludon|Archaludon, L50, F, shiny|100/100
|switch|p1b: Blaziken|Blaziken, L50, M|100/100
|turn|5
|
|t:|1756410747
|-terastallize|p2b: Archaludon|Flying
|move|p1a: Serperior|Protect|p1a: Serperior
|-singleturn|p1a: Serperior|Protect
|move|p1b: Blaziken|Protect|p1b: Blaziken
|-singleturn|p1b: Blaziken|Protect
|move|p2a: Annihilape|Protect|p2a: Annihilape
|-singleturn|p2a: Annihilape|Protect
|move|p2b: Archaludon|Dragon Pulse|p1a: Serperior
|-activate|p1a: Serperior|move: Protect
|
|-ability|p1b: Blaziken|Speed Boost|boost
|-boost|p1b: Blaziken|spe|1
|upkeep
|turn|6
|
|t:|1756410759
|move|p1b: Blaziken|Fire Pledge|p2b: Archaludon
|-waiting|p1b: Blaziken|p1a: Serperior
|move|p1a: Serperior|Grass Pledge|p2b: Archaludon|[from] move: Fire Pledge
|-combine
|-damage|p2b: Archaludon|0 fnt
|-sidestart|p2: dman12352|Fire Pledge
|faint|p2b: Archaludon
|move|p2a: Annihilape|Rage Fist|p1b: Blaziken
|-damage|p1b: Blaziken|58/100
|
|-damage|p2a: Annihilape|88/100|[from] Fire Pledge
|-heal|p2a: Annihilape|94/100|[from] item: Leftovers
|-ability|p1b: Blaziken|Speed Boost|boost
|-boost|p1b: Blaziken|spe|1
|upkeep
|turn|7
|
|t:|1756410777
|move|p2a: Annihilape|Protect|p2a: Annihilape
|-singleturn|p2a: Annihilape|Protect
|move|p1b: Blaziken|Flare Blitz|p2a: Annihilape
|-activate|p2a: Annihilape|move: Protect
|move|p1a: Serperior|Leaf Storm|p2a: Annihilape
|-activate|p2a: Annihilape|move: Protect
|
|-damage|p2a: Annihilape|82/100|[from] Fire Pledge
|-heal|p2a: Annihilape|88/100|[from] item: Leftovers
|-ability|p1b: Blaziken|Speed Boost|boost
|-boost|p1b: Blaziken|spe|1
|upkeep
|turn|8
|
|t:|1756410783
|move|p1b: Blaziken|Flare Blitz|p2a: Annihilape
|-damage|p2a: Annihilape|29/100
|-damage|p1b: Blaziken|32/100|[from] Recoil
|move|p1a: Serperior|Leaf Storm|p2a: Annihilape
|-damage|p2a: Annihilape|0 fnt
|-boost|p1a: Serperior|spa|2
|faint|p2a: Annihilape
|
|win|Lord_of_Ewoks
|j| Plopy14
||dman12352 is ready for game 2.
||Lord_of_Ewoks is ready for game 2.
|uhtml|next|Next: Game 2 of 3
|l|☆dman12352
|player|p2|
|l|☆Lord_of_Ewoks
|player|p1|
