|j|☆dmhf
|j|☆letcheflan
|html|dmhfletcheflan    
|uhtml|bestof|Game 3 of a best-of-3
|t:|1782458780
|gametype|doubles
|player|p1|dmhf|giovanni|1114
|player|p2|letcheflan|n|1079
|gen|9
|tier|[Gen 9 Champions] VGC 2026 Reg M-B (Bo3)
|rated|
|rule|Species Clause: Limit one of each Pokémon
|rule|Item Clause: Limit 1 of each item
|clearpoke
|poke|p1|Metagross, L50, shiny|
|poke|p1|Incineroar, L50, F|
|poke|p1|Basculegion, L50, M, shiny|
|poke|p1|Aerodactyl, L50, M|
|poke|p1|Garchomp, L50, F, shiny|
|poke|p1|Raichu, L50, F|
|poke|p2|Mawile, L50, F|
|poke|p2|Farigiraf, L50, F, shiny|
|poke|p2|Sableye, L50, M|
|poke|p2|Swampert, L50, F|
|poke|p2|Sinistcha, L50|
|poke|p2|Skeledirge, L50, F|
|teampreview|4
|showteam|p1|Metagross||Metagrossite|ClearBody|PsychicFangs,IronHead,Protect,IcePunch|Jolly|||||50|]Incineroar||PasshoBerry|Intimidate|PartingShot,FakeOut,FlareBlitz,Protect|Careful||F|||50|]Basculegion||ChoiceScarf|Adaptability|WaveCrash,FlipTurn,LastRespects,AquaJet|Jolly||M|||50|]Aerodactyl||FocusSash|Unnerve|RockSlide,Taunt,Protect,Tailwind|Jolly||M|||50|]Garchomp||LifeOrb|RoughSkin|Earthquake,DragonClaw,RockSlide,Protect|Naive||F|||50|]Raichu||RaichuniteY|LightningRod|ZapCannon,FocusBlast,GrassKnot,FakeOut|Hasty||F|||50|
|showteam|p2|Mawile||Mawilite|HyperCutter|Protect,PlayRough,IronHead,SuckerPunch|Brave||F|||50|]Farigiraf||SitrusBerry|ArmorTail|AllySwitch,PsychicNoise,HelpingHand,TrickRoom|Bold||F|||50|]Sableye||RoseliBerry|Prankster|Quash,Encore,RainDance,FoulPlay|Careful||M|||50|]Swampert||Swampertite|Torrent|Protect,WaveCrash,HighHorsepower,BrickBreak|Adamant||F|||50|]Sinistcha||CobaBerry|Hospitality|MatchaGotcha,RagePowder,LifeDew,TrickRoom|Careful|||||50|]Skeledirge||ColburBerry|Unaware|Protect,TorchSong,ShadowBall,AlluringVoice|Relaxed||F|||50|
|inactive|Battle timer is ON: inactive players will automatically lose when time's up. (requested by letcheflan)
|
|t:|1782458810
|teamsize|p1|4
|teamsize|p2|4
|start
|switch|p1a: Incineroar|Incineroar, L50, F|100/100
|switch|p1b: Aerodactyl|Aerodactyl, L50, M|100/100
|switch|p2a: Mawile|Mawile, L50, F|100/100
|switch|p2b: Float|Farigiraf, L50, F, shiny|100/100
|-ability|p1b: Aerodactyl|Unnerve
|-ability|p1a: Incineroar|Intimidate|boost
|-fail|p2a: Mawile|unboost|Attack|[from] ability: Hyper Cutter|[of] p2a: Mawile
|-unboost|p2b: Float|atk|1
|turn|1
|
|t:|1782458827
|detailschange|p2a: Mawile|Mawile-Mega, L50, F
|-mega|p2a: Mawile|Mawile|Mawilite
|move|p2b: Float|Ally Switch|p2b: Float
|swap|p2b: Float|0|[from] move: Ally Switch
|move|p1b: Aerodactyl|Taunt|p2b: Mawile
|-start|p2b: Mawile|move: Taunt
|move|p1a: Incineroar|Flare Blitz|p2a: Float
|-damage|p2a: Float|62/100
|-damage|p1a: Incineroar|86/100|[from] Recoil
|move|p2b: Mawile|Play Rough|p1a: Incineroar
|-damage|p1a: Incineroar|3/100
|
|upkeep
|turn|2
|inactive|dmhf has 30 seconds left.
|
|t:|1782458855
|switch|p1a: Metagross|Metagross, L50, shiny|100/100
|move|p2b: Mawile|Sucker Punch||[still]
|-fail|p2b: Mawile
|move|p1b: Aerodactyl|Taunt|p2a: Float
|-start|p2a: Float|move: Taunt
|move|p2a: Float|Psychic Noise|p1b: Aerodactyl
|-damage|p1b: Aerodactyl|66/100
|-start|p1b: Aerodactyl|move: Heal Block
|
|upkeep
|turn|3
|
|t:|1782458879
|switch|p1b: Incineroar|Incineroar, L50, F|3/100
|-ability|p1b: Incineroar|Intimidate|boost
|-unboost|p2a: Float|atk|1
|-unboost|p2b: Mawile|atk|1
|switch|p2a: G4MER67|Sableye, L50, M|100/100
|detailschange|p1a: Metagross|Metagross-Mega, L50, shiny
|-mega|p1a: Metagross|Metagross|Metagrossite
|move|p1a: Metagross|Protect|p1a: Metagross
|-singleturn|p1a: Metagross|Protect
|move|p2b: Mawile|Iron Head|p1b: Incineroar
|-resisted|p1b: Incineroar|1
|-damage|p1b: Incineroar|0 fnt
|faint|p1b: Incineroar
|
|-end|p2b: Mawile|move: Taunt
|upkeep
|
|t:|1782458893
|switch|p1b: Aerodactyl|Aerodactyl, L50, M|66/100
|-ability|p1b: Aerodactyl|Unnerve
|turn|4
|
|t:|1782458905
|move|p1b: Aerodactyl|Rock Slide|p2a: G4MER67|[spread] p2a,p2b
|-resisted|p2b: Mawile|1
|-damage|p2a: G4MER67|75/100
|-damage|p2b: Mawile|90/100
|move|p1a: Metagross|Iron Head|p2b: Mawile
|-damage|p2b: Mawile|31/100
|move|p2a: G4MER67|Foul Play|p1a: Metagross
|-supereffective|p1a: Metagross|1
|-crit|p1a: Metagross
|-damage|p1a: Metagross|0 fnt
|faint|p1a: Metagross
|cant|p2b: Mawile|flinch
|
|upkeep
|
|t:|1782458916
|switch|p1a: Basculegion|Basculegion, L50, M, shiny|100/100
|turn|5
|
|t:|1782458924
|switch|p2b: Float|Farigiraf, L50, F, shiny|62/100
|move|p2a: G4MER67|Rain Dance|p2a: G4MER67
|-weather|RainDance
|move|p1a: Basculegion|Wave Crash|p2a: G4MER67
|-damage|p2a: G4MER67|0 fnt
|faint|p2a: G4MER67
|-damage|p1a: Basculegion|80/100|[from] Recoil
|move|p1b: Aerodactyl|Rock Slide|p2b: Float|[miss]
|-miss|p1b: Aerodactyl|p2b: Float
|
|-weather|RainDance|[upkeep]
|upkeep
|
|t:|1782458935
|switch|p2a: Swampert|Swampert, L50, F|100/100
|turn|6
|
|t:|1782458947
|move|p2b: Float|Ally Switch|p2b: Float
|swap|p2b: Float|0|[from] move: Ally Switch
|move|p1a: Basculegion|Wave Crash|p2a: Float
|-damage|p2a: Float|0 fnt
|faint|p2a: Float
|-damage|p1a: Basculegion|56/100|[from] Recoil
|move|p1b: Aerodactyl|Tailwind|p1b: Aerodactyl
|-sidestart|p1: dmhf|move: Tailwind
|move|p2b: Swampert|Wave Crash|p1b: Aerodactyl
|-supereffective|p1b: Aerodactyl|1
|-damage|p1b: Aerodactyl|0 fnt
|faint|p1b: Aerodactyl
|-damage|p2b: Swampert|76/100|[from] Recoil
|
|-weather|RainDance|[upkeep]
|upkeep
|
|t:|1782458961
|switch|p2a: Mawile|Mawile-Mega, L50, F|31/100
|turn|7
|
|t:|1782458970
|move|p2a: Mawile|Sucker Punch|p1a: Basculegion
|-supereffective|p1a: Basculegion|1
|-damage|p1a: Basculegion|0 fnt
|faint|p1a: Basculegion
|
|win|letcheflan
|raw|dmhf's rating: 1114 → 1086(-28 for losing)
|raw|letcheflan's rating: 1079 → 1110(+31 for winning)
|l|☆dmhf
|player|p1|
