|j|☆nontelo
|j|☆failandimprove2
|html|nontelofailandimprove2    
|uhtml|bestof|Game 3 of a best-of-3
|t:|1783163449
|gametype|doubles
|player|p1|nontelo|cress|1428
|player|p2|failandimprove2|102|1353
|gen|9
|tier|[Gen 9 Champions] VGC 2026 Reg M-B (Bo3)
|rated|
|rule|Species Clause: Limit one of each Pokémon
|rule|Item Clause: Limit 1 of each item
|clearpoke
|poke|p1|Venusaur, L50, M|
|poke|p1|Swampert, L50, F|
|poke|p1|Pelipper, L50, F|
|poke|p1|Hydreigon, L50, F|
|poke|p1|Grimmsnarl, L50, M|
|poke|p1|Archaludon, L50, M|
|poke|p2|Charizard, L50, F|
|poke|p2|Aerodactyl, L50, F|
|poke|p2|Garchomp, L50, F|
|poke|p2|Farigiraf, L50, F|
|poke|p2|Kingambit, L50, M|
|poke|p2|Sylveon, L50, F|
|teampreview|4
|showteam|p1|Venusaur||Venusaurite|Chlorophyll|GigaDrain,SludgeBomb,EarthPower,Protect|Modest||M|||50|]Swampert||Swampertite|Damp|WaveCrash,IcePunch,Earthquake,Protect|Adamant||F|||50|]Pelipper||FocusSash|Drizzle|Hurricane,Tailwind,WeatherBall,Protect|Timid||F|||50|]Hydreigon||ChoiceScarf|Levitate|DracoMeteor,DarkPulse,Snarl,Uturn|Modest||F|||50|]Grimmsnarl||LightClay|Prankster|SpiritBreak,PartingShot,LightScreen,Reflect|Impish||M|||50|]Archaludon||Leftovers|Stamina|FlashCannon,DragonPulse,ElectroShot,Protect|Modest||M|||50|
|showteam|p2|Charizard||CharizarditeY|SolarPower|HeatWave,WeatherBall,SolarBeam,Protect|Modest||F|||50|]Aerodactyl||Aerodactylite|Unnerve|RockSlide,IceFang,Tailwind,DualWingbeat|Jolly||F|||50|]Garchomp||LifeOrb|RoughSkin|DragonClaw,Earthquake,RockSlide,Protect|Jolly||F|||50|]Farigiraf||SitrusBerry|ArmorTail|Psychic,Thunderbolt,TrickRoom,Roar|Bold||F|||50|]Kingambit||FocusSash|Defiant|KowtowCleave,SuckerPunch,IronHead,LowKick|Adamant||M|||50|]Sylveon||FairyFeather|Pixilate|HyperVoice,HyperBeam,QuickAttack,Protect|Modest||F|||50|
|inactive|Battle timer is ON: inactive players will automatically lose when time's up. (requested by failandimprove2)
|inactive|nontelo has 60 seconds left.
|inactive|failandimprove2 has 60 seconds left.
|
|t:|1783163506
|teamsize|p1|4
|teamsize|p2|4
|start
|switch|p1a: Archaludon|Archaludon, L50, M|100/100
|switch|p1b: Hydreigon|Hydreigon, L50, F|100/100
|switch|p2a: Farigiraf|Farigiraf, L50, F|100/100
|switch|p2b: Sylveon|Sylveon, L50, F|100/100
|turn|1
|inactive|failandimprove2 has 30 seconds left.
|
|t:|1783163536
|move|p1b: Hydreigon|U-turn|p2a: Farigiraf
|-supereffective|p2a: Farigiraf|1
|-damage|p2a: Farigiraf|76/100
|
|t:|1783163538
|switch|p1b: Pelipper|Pelipper, L50, F|100/100|[from] U-turn
|-weather|RainDance|[from] ability: Drizzle|[of] p1b: Pelipper
|move|p1a: Archaludon|Electro Shot||[still]
|-prepare|p1a: Archaludon|Electro Shot
|-boost|p1a: Archaludon|spa|1
|-anim|p1a: Archaludon|Electro Shot|p2b: Sylveon
|-damage|p2b: Sylveon|50/100g
|move|p2b: Sylveon|Hyper Voice|p1b: Pelipper|[spread] p1a,p1b
|-damage|p1a: Archaludon|50/100g
|-damage|p1b: Pelipper|8/100
|-ability|p1a: Archaludon|Stamina|boost
|-boost|p1a: Archaludon|def|1
|move|p2a: Farigiraf|Trick Room|p2a: Farigiraf
|-fieldstart|move: Trick Room|[of] p2a: Farigiraf
|
|-weather|RainDance|[upkeep]
|-heal|p1a: Archaludon|56/100|[from] item: Leftovers
|upkeep
|turn|2
|
|t:|1783163553
|switch|p1b: Venusaur|Venusaur, L50, M|100/100
|move|p2b: Sylveon|Hyper Voice|p1a: Archaludon|[spread] p1a,p1b
|-resisted|p1b: Venusaur|1
|-damage|p1a: Archaludon|9/100
|-damage|p1b: Venusaur|77/100
|-ability|p1a: Archaludon|Stamina|boost
|-boost|p1a: Archaludon|def|1
|move|p1a: Archaludon|Electro Shot||[still]
|-prepare|p1a: Archaludon|Electro Shot
|-boost|p1a: Archaludon|spa|1
|-anim|p1a: Archaludon|Electro Shot|p2b: Sylveon
|-damage|p2b: Sylveon|0 fnt
|faint|p2b: Sylveon
|move|p2a: Farigiraf|Roar|p1a: Archaludon
|drag|p1a: Pelipper|Pelipper, L50, F|8/100
|
|-weather|RainDance|[upkeep]
|upkeep
|
|t:|1783163558
|switch|p2b: Charizard|Charizard, L50, F|100/100
|turn|3
|
|t:|1783163575
|switch|p1a: Hydreigon|Hydreigon, L50, F|100/100
|detailschange|p1b: Venusaur|Venusaur-Mega, L50, M
|-mega|p1b: Venusaur|Venusaur|Venusaurite
|detailschange|p2b: Charizard|Charizard-Mega-Y, L50, F
|-mega|p2b: Charizard|Charizard|Charizardite Y
|-weather|SunnyDay|[from] ability: Drought|[of] p2b: Charizard
|move|p2a: Farigiraf|Psychic|p1b: Venusaur
|-supereffective|p1b: Venusaur|1
|-damage|p1b: Venusaur|21/100
|-unboost|p1b: Venusaur|spd|1
|move|p1b: Venusaur|Sludge Bomb|p2b: Charizard
|-damage|p2b: Charizard|58/100
|move|p2b: Charizard|Heat Wave|p1a: Hydreigon|[spread] p1a,p1b
|-resisted|p1a: Hydreigon|1
|-supereffective|p1b: Venusaur|1
|-damage|p1a: Hydreigon|67/100
|-damage|p1b: Venusaur|0 fnt
|faint|p1b: Venusaur
|
|-weather|SunnyDay|[upkeep]
|upkeep
|
|t:|1783163593
|switch|p1b: Pelipper|Pelipper, L50, F|8/100
|-weather|RainDance|[from] ability: Drizzle|[of] p1b: Pelipper
|turn|4
|inactive|failandimprove2 has 30 seconds left.
|
|t:|1783163625
|switch|p2b: Kingambit|Kingambit, L50, M|100/100
|switch|p1b: Archaludon|Archaludon, L50, M|9/100
|move|p2a: Farigiraf|Psychic|p1b: Archaludon
|-resisted|p1b: Archaludon|1
|-damage|p1b: Archaludon|0 fnt
|faint|p1b: Archaludon
|move|p1a: Hydreigon|Dark Pulse|p2a: Farigiraf
|-supereffective|p2a: Farigiraf|1
|-damage|p2a: Farigiraf|0 fnt
|faint|p2a: Farigiraf
|
|-weather|RainDance|[upkeep]
|upkeep
|
|t:|1783163640
|switch|p2a: Charizard|Charizard-Mega-Y, L50, F|58/100
|switch|p1b: Pelipper|Pelipper, L50, F|8/100
|-weather|SunnyDay|[from] ability: Drought|[of] p2a: Charizard
|-weather|RainDance|[from] ability: Drizzle|[of] p1b: Pelipper
|turn|5
|
|t:|1783163652
|move|p2b: Kingambit|Kowtow Cleave|p1b: Pelipper
|-damage|p1b: Pelipper|0 fnt
|faint|p1b: Pelipper
|move|p2a: Charizard|Weather Ball|p1a: Hydreigon
|-resisted|p1a: Hydreigon|1
|-damage|p1a: Hydreigon|36/100
|move|p1a: Hydreigon|Dark Pulse|p2a: Charizard
|-damage|p2a: Charizard|15/100
|
|-weather|RainDance|[upkeep]
|-fieldend|move: Trick Room
|upkeep
|turn|6
|-message|nontelo forfeited.
|
|win|failandimprove2
|raw|nontelo's rating: 1428 → 1404(-24 for losing)
|raw|failandimprove2's rating: 1353 → 1377(+24 for winning)
