|j|☆testingsss
|j|☆LinkXSwords
|html|testingsssLinkXSwords    
|uhtml|bestof|Game 1 of a best-of-3
|t:|1782312106
|gametype|doubles
|player|p1|testingsss|unknown|1262
|player|p2|LinkXSwords|zinnia|1213
|gen|9
|tier|[Gen 9 Champions] VGC 2026 Reg M-B (Bo3)
|rated|
|rule|Species Clause: Limit one of each Pokémon
|rule|Item Clause: Limit 1 of each item
|clearpoke
|poke|p1|Delphox, L50, M|
|poke|p1|Floette-Eternal, L50, F|
|poke|p1|Kingambit, L50, F|
|poke|p1|Sneasler, L50, M|
|poke|p1|Incineroar, L50, F|
|poke|p1|Sinistcha, L50|
|poke|p2|Charizard, L50, M, shiny|
|poke|p2|Sylveon, L50, F, shiny|
|poke|p2|Kingambit, L50, M, shiny|
|poke|p2|Basculegion, L50, M|
|poke|p2|Garchomp, L50, F|
|poke|p2|Aerodactyl, L50, F|
|teampreview|4
|showteam|p1|Delphox||Delphoxite|Blaze|HeatWave,Psyshock,NastyPlot,Protect|Timid||M|||50|]Floette-Eternal||Floettite|FlowerVeil|Moonblast,DazzlingGleam,CalmMind,Protect|Modest||F|||50|]Kingambit||BlackGlasses|Defiant|SuckerPunch,KowtowCleave,SwordsDance,Protect|Adamant||F|||50|]Sneasler||FocusSash|PoisonTouch|FakeOut,CloseCombat,DireClaw,QuickGuard|Jolly||M|||50|]Incineroar||SitrusBerry|Intimidate|PartingShot,FlareBlitz,ThroatChop,FakeOut|Impish||F|||50|]Sinistcha||KasibBerry|Hospitality|RagePowder,MatchaGotcha,TrickRoom,Protect|Bold|||||50|
|showteam|p2|Charizard||CharizarditeY|Blaze|HeatWave,SolarBeam,WeatherBall,Protect|Timid||M|||50|]Sylveon||FairyFeather|Pixilate|QuickAttack,HyperVoice,Yawn,Protect|Modest||F|||50|]Kingambit||ChopleBerry|Defiant|SuckerPunch,KowtowCleave,LowKick,IronHead|Adamant||M|||50|]Basculegion||FocusSash|Adaptability|LastRespects,AquaJet,Liquidation,Protect|Jolly||M|||50|]Garchomp||SitrusBerry|RoughSkin|RockTomb,Earthquake,DragonClaw,Protect|Adamant||F|||50|]Aerodactyl||Aerodactylite|Unnerve|RockSlide,DualWingbeat,Tailwind,WideGuard|Jolly||F|||50|
|inactive|Battle timer is ON: inactive players will automatically lose when time's up. (requested by testingsss)
|inactive|testingsss has 60 seconds left.
|
|t:|1782312166
|teamsize|p1|4
|teamsize|p2|4
|start
|switch|p1a: Delphox|Delphox, L50, M|100/100
|switch|p1b: Sneasler|Sneasler, L50, M|100/100
|switch|p2a: Pou|Sylveon, L50, F, shiny|100/100
|switch|p2b: Iria|Aerodactyl, L50, F|100/100
|-ability|p2b: Iria|Unnerve
|turn|1
|
|t:|1782312179
|detailschange|p1a: Delphox|Delphox-Mega, L50, M
|-mega|p1a: Delphox|Delphox|Delphoxite
|move|p1b: Sneasler|Fake Out|p2b: Iria
|-resisted|p2b: Iria|1
|-damage|p2b: Iria|88/100
|move|p1a: Delphox|Nasty Plot|p1a: Delphox
|-boost|p1a: Delphox|spa|2
|cant|p2b: Iria|flinch
|move|p2a: Pou|Hyper Voice|p1a: Delphox|[spread] p1a,p1b
|-resisted|p1a: Delphox|1
|-damage|p1a: Delphox|77/100
|-damage|p1b: Sneasler|31/100
|
|upkeep
|turn|2
|inactive|testingsss has 30 seconds left.
|inactive|LinkXSwords has 30 seconds left.
|inactive|testingsss has 20 seconds left.
|inactive|LinkXSwords has 20 seconds left.
|inactive|testingsss has 15 seconds left.
|inactive|LinkXSwords has 15 seconds left.
|inactive|LinkXSwords has 10 seconds left.
|
|t:|1782312236
|switch|p1b: Incineroar|Incineroar, L50, F|100/100
|-ability|p1b: Incineroar|Intimidate|boost
|-unboost|p2a: Pou|atk|1
|-unboost|p2b: Iria|atk|1
|move|p1a: Delphox|Psyshock|p2b: Iria
|-damage|p2b: Iria|0 fnt
|faint|p2b: Iria
|move|p2a: Pou|Hyper Voice|p1a: Delphox|[spread] p1a,p1b
|-resisted|p1a: Delphox|1
|-damage|p1a: Delphox|58/100
|-damage|p1b: Incineroar|59/100
|
|upkeep
|
|t:|1782312245
|switch|p2b: Masculegion|Basculegion, L50, M|100/100
|turn|3
|inactive|LinkXSwords has 30 seconds left.
|inactive|testingsss has 30 seconds left.
|inactive|testingsss has 20 seconds left.
|inactive|testingsss has 15 seconds left.
|inactive|testingsss has 10 seconds left.
|
|t:|1782312301
|switch|p1b: Sneasler|Sneasler, L50, M|31/100
|move|p1a: Delphox|Protect|p1a: Delphox
|-singleturn|p1a: Delphox|Protect
|move|p2b: Masculegion|Aqua Jet|p1a: Delphox
|-activate|p1a: Delphox|move: Protect
|move|p2a: Pou|Hyper Voice|p1b: Sneasler|[spread] p1b
|-activate|p1a: Delphox|move: Protect
|-damage|p1b: Sneasler|0 fnt
|faint|p1b: Sneasler
|
|upkeep
|
|t:|1782312306
|switch|p1b: Incineroar|Incineroar, L50, F|59/100
|-ability|p1b: Incineroar|Intimidate|boost
|-unboost|p2a: Pou|atk|1
|-unboost|p2b: Masculegion|atk|1
|turn|4
|inactive|testingsss has 30 seconds left.
|
|t:|1782312337
|switch|p2b: Chorizord|Charizard, L50, M, shiny|100/100
|move|p1a: Delphox|Psyshock|p2b: Chorizord
|-damage|p2b: Chorizord|0 fnt
|faint|p2b: Chorizord
|move|p2a: Pou|Hyper Voice|p1b: Incineroar|[spread] p1a,p1b
|-resisted|p1a: Delphox|1
|-damage|p1a: Delphox|36/100
|-damage|p1b: Incineroar|19/100
|-enditem|p1b: Incineroar|Sitrus Berry|[eat]
|-heal|p1b: Incineroar|44/100|[from] item: Sitrus Berry
|move|p1b: Incineroar|Throat Chop|p2a: Pou
|-resisted|p2a: Pou|1
|-damage|p2a: Pou|82/100
|-start|p2a: Pou|Throat Chop|[silent]
|
|upkeep
|
|t:|1782312342
|switch|p2b: Masculegion|Basculegion, L50, M|100/100
|turn|5
|
|t:|1782312358
|switch|p1b: Kingambit|Kingambit, L50, F|100/100
|move|p1a: Delphox|Protect|p1a: Delphox
|-singleturn|p1a: Delphox|Protect
|move|p2b: Masculegion|Aqua Jet|p1a: Delphox
|-activate|p1a: Delphox|move: Protect
|move|p2a: Pou|Yawn|p1b: Kingambit
|-start|p1b: Kingambit|move: Yawn|[of] p2a: Pou
|
|-end|p2a: Pou|Throat Chop|[silent]
|upkeep
|turn|6
|
|t:|1782312371
|move|p2b: Masculegion|Protect|p2b: Masculegion
|-singleturn|p2b: Masculegion|Protect
|move|p2a: Pou|Protect|p2a: Pou
|-singleturn|p2a: Pou|Protect
|move|p1a: Delphox|Psyshock|p2a: Pou
|-activate|p2a: Pou|move: Protect
|move|p1b: Kingambit|Kowtow Cleave|p2b: Masculegion
|-activate|p2b: Masculegion|move: Protect
|
|-end|p1b: Kingambit|move: Yawn|[silent]
|-status|p1b: Kingambit|slp
|upkeep
|turn|7
|
|t:|1782312396
|switch|p1a: Incineroar|Incineroar, L50, F|44/100
|-ability|p1a: Incineroar|Intimidate|boost
|-unboost|p2a: Pou|atk|1
|-unboost|p2b: Masculegion|atk|1
|move|p2b: Masculegion|Aqua Jet|p1a: Incineroar
|-supereffective|p1a: Incineroar|1
|-damage|p1a: Incineroar|12/100
|cant|p1b: Kingambit|slp
|move|p2a: Pou|Hyper Voice|p1b: Kingambit|[spread] p1a,p1b
|-damage|p1a: Incineroar|0 fnt
|-damage|p1b: Kingambit|53/100 slp
|faint|p1a: Incineroar
|
|upkeep
|
|t:|1782312407
|switch|p1a: Delphox|Delphox-Mega, L50, M|36/100
|turn|8
|
|t:|1782312416
|move|p1a: Delphox|Protect|p1a: Delphox
|-singleturn|p1a: Delphox|Protect
|move|p2b: Masculegion|Aqua Jet|p1a: Delphox
|-activate|p1a: Delphox|move: Protect
|move|p2a: Pou|Quick Attack|p1a: Delphox
|-activate|p1a: Delphox|move: Protect
|-curestatus|p1b: Kingambit|slp|[msg]
|move|p1b: Kingambit|Sucker Punch||[still]
|-fail|p1b: Kingambit
|
|upkeep
|turn|9
|inactive|testingsss has 30 seconds left.
|
|t:|1782312444
|move|p1a: Delphox|Protect||[still]
|-fail|p1a: Delphox
|move|p2b: Masculegion|Aqua Jet|p1a: Delphox
|-supereffective|p1a: Delphox|1
|-damage|p1a: Delphox|0 fnt
|faint|p1a: Delphox
|move|p2a: Pou|Quick Attack|p1b: Kingambit
|-damage|p1b: Kingambit|49/100
|move|p1b: Kingambit|Kowtow Cleave|p2b: Masculegion
|-supereffective|p2b: Masculegion|1
|-enditem|p2b: Masculegion|Focus Sash
|-damage|p2b: Masculegion|1/100
|
|upkeep
|turn|10
|
|t:|1782312462
|move|p2b: Masculegion|Last Respects|p1b: Kingambit
|-resisted|p1b: Kingambit|1
|-damage|p1b: Kingambit|24/100
|move|p2a: Pou|Hyper Voice|p1b: Kingambit
|-damage|p1b: Kingambit|0 fnt
|faint|p1b: Kingambit
|
|win|LinkXSwords
||LinkXSwords is ready for game 2.
