|j|☆TeyVgc
|j|☆Junior weltmeister
|html|TeyVgcJunior weltmeister    
|uhtml|bestof|Game 3 of a best-of-3
|t:|1783488362
|gametype|doubles
|player|p1|TeyVgc|rood|1299
|player|p2|Junior weltmeister|2|1189
|gen|9
|tier|[Gen 9 Champions] VGC 2026 Reg M-B (Bo3)
|rated|
|rule|Species Clause: Limit one of each Pokémon
|rule|Item Clause: Limit 1 of each item
|clearpoke
|poke|p1|Raichu, L50, M|
|poke|p1|Sinistcha, L50|
|poke|p1|Ceruledge, L50, F|
|poke|p1|Milotic, L50, F|
|poke|p1|Incineroar, L50, F|
|poke|p1|Floette-Eternal, L50, F|
|poke|p2|Kingambit, L50, F|
|poke|p2|Charizard, L50, F|
|poke|p2|Aerodactyl, L50, M|
|poke|p2|Farigiraf, L50, F|
|poke|p2|Garchomp, L50, M|
|poke|p2|Sylveon, L50, M|
|teampreview|4
|showteam|p1|Raichu||RaichuniteY|LightningRod|ZapCannon,FocusBlast,FakeOut,Protect|Timid||M|||50|]Sinistcha||KasibBerry|Hospitality|MatchaGotcha,LifeDew,RagePowder,TrickRoom|Relaxed|||||50|]Ceruledge||ColburBerry|FlashFire|BitterBlade,ShadowSneak,BulkUp,Protect|Adamant||F|||50|]Milotic||Leftovers|Competitive|MuddyWater,Coil,Hypnosis,Protect|Calm||F|||50|]Incineroar||SitrusBerry|Intimidate|FlareBlitz,ThroatChop,FakeOut,PartingShot|Impish||F|||50|]Floette-Eternal||Floettite|FlowerVeil|CalmMind,Protect,Moonblast,DazzlingGleam|Modest||F|||50|
|showteam|p2|Kingambit||FocusSash|Defiant|KowtowCleave,IronHead,SuckerPunch,LowKick|Adamant||F|||50|]Charizard||CharizarditeY|Blaze|HeatWave,SolarBeam,WeatherBall,Protect|Modest||F|||50|]Aerodactyl||Aerodactylite|Unnerve|RockSlide,DualWingbeat,IceFang,Tailwind|Jolly||M|||50|]Farigiraf||SitrusBerry|ArmorTail|Psychic,Thunderbolt,TrickRoom,Roar|Bold||F|||50|]Garchomp||LifeOrb|RoughSkin|Earthquake,DragonClaw,StompingTantrum,Protect|Jolly||M|||50|]Sylveon||FairyFeather|Pixilate|HyperVoice,HyperBeam,QuickAttack,Protect|Modest||M|||50|
|
|t:|1783488398
|teamsize|p1|4
|teamsize|p2|4
|start
|switch|p1a: Incineroar|Incineroar, L50, F|100/100
|switch|p1b: Floette|Floette-Eternal, L50, F|100/100
|switch|p2a: Kingambit|Kingambit, L50, F|100/100
|switch|p2b: Garchomp|Garchomp, L50, M|100/100
|-ability|p1a: Incineroar|Intimidate|boost
|-unboost|p2a: Kingambit|atk|1
|-ability|p2a: Kingambit|Defiant|boost
|-boost|p2a: Kingambit|atk|2
|-unboost|p2b: Garchomp|atk|1
|turn|1
|
|t:|1783488415
|detailschange|p1b: Floette|Floette-Mega, L50, F
|-mega|p1b: Floette|Floette|Floettite
|-ability|p1b: Floette|Fairy Aura
|move|p1a: Incineroar|Fake Out|p2a: Kingambit
|-resisted|p2a: Kingambit|1
|-damage|p2a: Kingambit|96/100
|move|p2b: Garchomp|Stomping Tantrum|p1a: Incineroar
|-supereffective|p1a: Incineroar|1
|-damage|p1a: Incineroar|46/100
|-enditem|p1a: Incineroar|Sitrus Berry|[eat]
|-heal|p1a: Incineroar|70/100|[from] item: Sitrus Berry
|-damage|p2b: Garchomp|90/100|[from] item: Life Orb
|move|p1b: Floette|Calm Mind|p1b: Floette
|-boost|p1b: Floette|spa|1
|-boost|p1b: Floette|spd|1
|cant|p2a: Kingambit|flinch
|
|upkeep
|turn|2
|
|t:|1783488435
|move|p2b: Garchomp|Stomping Tantrum|p1a: Incineroar
|-supereffective|p1a: Incineroar|1
|-crit|p1a: Incineroar
|-damage|p1a: Incineroar|0 fnt
|faint|p1a: Incineroar
|-damage|p2b: Garchomp|80/100|[from] item: Life Orb
|move|p1b: Floette|Dazzling Gleam|p2b: Garchomp|[spread] p2a,p2b
|-supereffective|p2b: Garchomp|1
|-damage|p2a: Kingambit|19/100
|-damage|p2b: Garchomp|0 fnt
|faint|p2b: Garchomp
|move|p2a: Kingambit|Iron Head|p1b: Floette
|-supereffective|p1b: Floette|1
|-damage|p1b: Floette|0 fnt
|faint|p1b: Floette
|
|upkeep
|
|t:|1783488449
|switch|p2b: Aerodactyl|Aerodactyl, L50, M|100/100
|switch|p1b: Milotic|Milotic, L50, F|100/100
|switch|p1a: Sinistcha|Sinistcha, L50|100/100
|-ability|p2b: Aerodactyl|Unnerve
|turn|3
|
|t:|1783488460
|detailschange|p2b: Aerodactyl|Aerodactyl-Mega, L50, M
|-mega|p2b: Aerodactyl|Aerodactyl|Aerodactylite
|move|p2b: Aerodactyl|Tailwind|p2b: Aerodactyl
|-sidestart|p2: Junior weltmeister|move: Tailwind
|move|p2a: Kingambit|Kowtow Cleave|p1a: Sinistcha
|-supereffective|p1a: Sinistcha|1
|-damage|p1a: Sinistcha|0 fnt
|faint|p1a: Sinistcha
|move|p1b: Milotic|Muddy Water|p2b: Aerodactyl|[spread] p2a,p2b
|-supereffective|p2b: Aerodactyl|1
|-damage|p2a: Kingambit|0 fnt
|-damage|p2b: Aerodactyl|55/100
|faint|p2a: Kingambit
|
|upkeep
|
|t:|1783488466
|switch|p2a: Sylveon|Sylveon, L50, M|100/100
|turn|4
|
|t:|1783488472
|move|p1b: Milotic|Protect|p1b: Milotic
|-singleturn|p1b: Milotic|Protect
|move|p2b: Aerodactyl|Dual Wingbeat|p1b: Milotic
|-activate|p1b: Milotic|move: Protect
|move|p2a: Sylveon|Hyper Voice|p1b: Milotic
|-activate|p1b: Milotic|move: Protect
|
|upkeep
|turn|5
|
|t:|1783488479
|move|p2b: Aerodactyl|Dual Wingbeat|p1b: Milotic
|-damage|p1b: Milotic|78/100
|-damage|p1b: Milotic|57/100
|-hitcount|p1b: Milotic|2
|move|p2a: Sylveon|Hyper Voice|p1b: Milotic
|-damage|p1b: Milotic|12/100
|move|p1b: Milotic|Muddy Water|p2b: Aerodactyl|[spread] 
|-miss|p1b: Milotic|p2a: Sylveon
|-miss|p1b: Milotic|p2b: Aerodactyl
|
|-heal|p1b: Milotic|18/100|[from] item: Leftovers
|upkeep
|turn|6
|-message|TeyVgc forfeited.
|
|win|Junior weltmeister
|raw|TeyVgc's rating: 1299 → 1266(-33 for losing)
|raw|Junior weltmeister's rating: 1189 → 1222(+33 for winning)
