|j|☆grfynnvgc
|j|☆lysydzik
|html|grfynnvgclysydzik    
|uhtml|bestof|Game 3 of a best-of-3
|t:|1785381191
|gametype|doubles
|player|p1|grfynnvgc|1|1115
|player|p2|lysydzik|169|1040
|gen|9
|tier|[Gen 9 Champions] VGC 2026 Reg M-B (Bo3)
|rated|
|rule|Species Clause: Limit one of each Pokémon
|rule|Item Clause: Limit 1 of each item
|clearpoke
|poke|p1|Gengar, L50, F|
|poke|p1|Kommo-o, L50, F|
|poke|p1|Ninetales-Alola, L50, M|
|poke|p1|Primarina, L50, M|
|poke|p1|Volcarona, L50, F|
|poke|p1|Incineroar, L50, M|
|poke|p2|Metagross, L50, shiny|
|poke|p2|Talonflame, L50, M, shiny|
|poke|p2|Sinistcha-Masterpiece, L50|
|poke|p2|Ditto, L50, shiny|
|poke|p2|Sylveon, L50, F, shiny|
|poke|p2|Krookodile, L50, M|
|teampreview|4
|showteam|p1|Gengar||Gengarite|CursedBody|ShadowBall,SludgeBomb,PerishSong,Protect|Modest||F|||50|]Kommo-o||Leftovers|Soundproof|ClangingScales,AuraSphere,ClangorousSoul,Protect|Modest||F|||50|]Ninetales-Alola||FocusSash|SnowWarning|Blizzard,FreezeDry,AuroraVeil,Protect|Timid||M|||50|]Primarina||MysticWater|LiquidVoice|HyperVoice,Moonblast,PerishSong,Protect|Modest||M|||50|]Volcarona||SitrusBerry|FlameBody|Flamethrower,StruggleBug,RagePowder,Protect|Bold||F|||50|]Incineroar||ShucaBerry|Intimidate|FakeOut,ThroatChop,PartingShot,Protect|Impish||M|||50|
|showteam|p2|Metagross||Metagrossite|ClearBody|BulletPunch,PsychicFangs,MeteorMash,Protect|Adamant|||||50|]Talonflame||FocusSash|GaleWings|Tailwind,BraveBird,Uturn,FlareBlitz|Adamant||M|||50|]Sinistcha-Masterpiece||OccaBerry|Hospitality|TrickRoom,MatchaGotcha,ShadowBall,Protect|Relaxed|||||50|]Ditto||SitrusBerry|Limber|Transform|Timid|||||50|]Sylveon||FairyFeather|Pixilate|HyperVoice,HyperBeam,QuickAttack,Detect|Quiet||F|||50|]Krookodile||ChoiceScarf|Intimidate|AquaTail,Earthquake,Crunch,CloseCombat|Jolly||M|||50|
|inactive|Battle timer is ON: inactive players will automatically lose when time's up. (requested by lysydzik)
|
|t:|1785381236
|teamsize|p1|4
|teamsize|p2|4
|start
|switch|p1a: Primarina|Primarina, L50, M|100/100
|switch|p1b: Volcarona|Volcarona, L50, F|100/100
|switch|p2a: Talonflame|Talonflame, L50, M, shiny|100/100
|switch|p2b: Ditto|Ditto, L50, shiny|100/100
|turn|1
|inactiveoff|Battle timer is now OFF.
|inactive|Battle timer is ON: inactive players will automatically lose when time's up. (requested by grfynnvgc)
|
|t:|1785381260
|switch|p1b: Incineroar|Incineroar, L50, M|100/100
|-ability|p1b: Incineroar|Intimidate|boost
|-unboost|p2a: Talonflame|atk|1
|-unboost|p2b: Ditto|atk|1
|switch|p2b: Metagross|Metagross, L50, shiny|100/100
|move|p2a: Talonflame|Brave Bird|p1b: Incineroar
|-damage|p1b: Incineroar|73/100
|-damage|p2a: Talonflame|88/100|[from] Recoil
|move|p1a: Primarina|Hyper Voice|p2b: Metagross|[spread] p2a,p2b
|-supereffective|p2a: Talonflame|1
|-damage|p2a: Talonflame|0 fnt
|-damage|p2b: Metagross|40/100
|faint|p2a: Talonflame
|
|upkeep
|
|t:|1785381280
|switch|p2a: Ditto|Ditto, L50, shiny|100/100
|turn|2
|
|t:|1785381288
|detailschange|p2b: Metagross|Metagross-Mega, L50, shiny
|-mega|p2b: Metagross|Metagross|Metagrossite
|move|p2b: Metagross|Protect|p2b: Metagross
|-singleturn|p2b: Metagross|Protect
|move|p1b: Incineroar|Fake Out|p2b: Metagross
|-activate|p2b: Metagross|move: Protect
|move|p2a: Ditto|Transform|p1a: Primarina
|-transform|p2a: Ditto|p1a: Primarina
|move|p1a: Primarina|Hyper Voice|p2b: Metagross|[spread] p2a
|-activate|p2b: Metagross|move: Protect
|-resisted|p2a: Ditto|1
|-damage|p2a: Ditto|78/100
|
|upkeep
|turn|3
|
|t:|1785381312
|move|p1b: Incineroar|Protect|p1b: Incineroar
|-singleturn|p1b: Incineroar|Protect
|move|p2b: Metagross|Meteor Mash|p1a: Primarina
|-damage|p1a: Primarina|13/100
|move|p1a: Primarina|Hyper Voice|p2b: Metagross|[spread] p2a,p2b
|-resisted|p2a: Ditto|1
|-damage|p2a: Ditto|55/100
|-damage|p2b: Metagross|0 fnt
|faint|p2b: Metagross
|move|p2a: Ditto|Hyper Voice|p1b: Incineroar|[spread] p1a
|-activate|p1b: Incineroar|move: Protect
|-resisted|p1a: Primarina|1
|-damage|p1a: Primarina|0 fnt
|faint|p1a: Primarina
|
|upkeep
|
|t:|1785381325
|switch|p2b: Krookodile|Krookodile, L50, M|100/100
|switch|p1a: Gengar|Gengar, L50, F|100/100
|-ability|p2b: Krookodile|Intimidate|boost
|-unboost|p1a: Gengar|atk|1
|-unboost|p1b: Incineroar|atk|1
|turn|4
|
|t:|1785381342
|switch|p1b: Volcarona|Volcarona, L50, F|100/100
|detailschange|p1a: Gengar|Gengar-Mega, L50, F
|-mega|p1a: Gengar|Gengar|Gengarite
|move|p1a: Gengar|Protect|p1a: Gengar
|-singleturn|p1a: Gengar|Protect
|move|p2b: Krookodile|Crunch|p1a: Gengar
|-activate|p1a: Gengar|move: Protect
|move|p2a: Ditto|Hyper Voice|p1a: Gengar|[spread] p1b
|-activate|p1a: Gengar|move: Protect
|-supereffective|p1b: Volcarona|1
|-crit|p1b: Volcarona
|-damage|p1b: Volcarona|9/100
|-enditem|p1b: Volcarona|Sitrus Berry|[eat]
|-heal|p1b: Volcarona|34/100|[from] item: Sitrus Berry
|
|upkeep
|turn|5
|
|t:|1785381363
|switch|p1b: Incineroar|Incineroar, L50, M|73/100
|-ability|p1b: Incineroar|Intimidate|boost
|-unboost|p2a: Ditto|atk|1
|-unboost|p2b: Krookodile|atk|1
|move|p2b: Krookodile|Crunch|p1a: Gengar
|-supereffective|p1a: Gengar|1
|-damage|p1a: Gengar|41/100
|move|p1a: Gengar|Perish Song|p1a: Gengar
|-start|p1a: Gengar|perish3|[silent]
|-start|p1b: Incineroar|perish3|[silent]
|-start|p2a: Ditto|perish3|[silent]
|-start|p2b: Krookodile|perish3|[silent]
|-fieldactivate|move: Perish Song
|move|p2a: Ditto|Hyper Voice|p1a: Gengar|[spread] p1a,p1b
|-supereffective|p1b: Incineroar|1
|-damage|p1a: Gengar|6/100
|-damage|p1b: Incineroar|7/100
|
|-start|p2b: Krookodile|perish3
|-start|p1a: Gengar|perish3
|-start|p2a: Ditto|perish3
|-start|p1b: Incineroar|perish3
|upkeep
|turn|6
|
|t:|1785381381
|move|p1a: Gengar|Protect|p1a: Gengar
|-singleturn|p1a: Gengar|Protect
|move|p1b: Incineroar|Protect|p1b: Incineroar
|-singleturn|p1b: Incineroar|Protect
|move|p2b: Krookodile|Crunch|p1a: Gengar
|-activate|p1a: Gengar|move: Protect
|move|p2a: Ditto|Hyper Voice|p1a: Gengar|[spread] 
|-activate|p1a: Gengar|move: Protect
|-activate|p1b: Incineroar|move: Protect
|
|-start|p2b: Krookodile|perish2
|-start|p1a: Gengar|perish2
|-start|p1b: Incineroar|perish2
|-start|p2a: Ditto|perish2
|upkeep
|turn|7
|inactive|grfynnvgc has 30 seconds left.
|
|t:|1785381408
|move|p1a: Gengar|Protect||[still]
|-fail|p1a: Gengar
|move|p1b: Incineroar|Protect||[still]
|-fail|p1b: Incineroar
|move|p2b: Krookodile|Crunch|p1a: Gengar
|-supereffective|p1a: Gengar|1
|-damage|p1a: Gengar|0 fnt
|faint|p1a: Gengar
|move|p2a: Ditto|Hyper Voice|p1b: Incineroar
|-supereffective|p1b: Incineroar|1
|-damage|p1b: Incineroar|0 fnt
|faint|p1b: Incineroar
|
|-start|p2b: Krookodile|perish1
|-start|p2a: Ditto|perish1
|upkeep
|
|t:|1785381423
|switch|p1b: Volcarona|Volcarona, L50, F|34/100
|turn|8
|c|☆grfynnvgc|gg
|
|t:|1785381441
|move|p1b: Volcarona|Protect|p1b: Volcarona
|-singleturn|p1b: Volcarona|Protect
|move|p2b: Krookodile|Crunch|p1b: Volcarona
|-activate|p1b: Volcarona|move: Protect
|move|p2a: Ditto|Moonblast|p1b: Volcarona
|-activate|p1b: Volcarona|move: Protect
|
|-start|p2b: Krookodile|perish0
|-start|p2a: Ditto|perish0
|faint|p2b: Krookodile
|faint|p2a: Ditto
|
|win|grfynnvgc
|raw|grfynnvgc's rating: 1115 → 1135(+20 for winning)
|raw|lysydzik's rating: 1040 → 1027(-13 for losing)
