|j|☆othunder21
|j|☆Genesis77
|html|othunder21Genesis77    
|uhtml|bestof|Game 1 of a best-of-3
|t:|1783077034
|gametype|doubles
|player|p1|othunder21|nate|
|player|p2|Genesis77|blaine|
|gen|9
|tier|[Gen 9 Champions] VGC 2026 Reg M-B (Bo3)
|rule|Species Clause: Limit one of each Pokémon
|rule|Item Clause: Limit 1 of each item
|clearpoke
|poke|p1|Charizard, L50, M|
|poke|p1|Sylveon, L50, F|
|poke|p1|Farigiraf, L50, F|
|poke|p1|Aerodactyl, L50, M|
|poke|p1|Kingambit, L50, M|
|poke|p1|Garchomp, L50, F|
|poke|p2|Farigiraf, L50, M|
|poke|p2|Kangaskhan, L50, F|
|poke|p2|Torkoal, L50, F|
|poke|p2|Mawile, L50, F|
|poke|p2|Pyroar, L50, F|
|poke|p2|Decidueye-Hisui, L50, M|
|teampreview|4
|showteam|p1|Charizard||CharizarditeY|SolarPower|Protect,WeatherBall,SolarBeam,HeatWave|Modest||M|||50|]Sylveon||FairyFeather|Pixilate|Detect,HyperVoice,QuickAttack,HyperBeam|Modest||F|||50|]Farigiraf||SitrusBerry|ArmorTail|Thunderbolt,Psychic,Roar,TrickRoom|Bold||F|||50|]Aerodactyl||Aerodactylite|Unnerve|RockSlide,DualWingbeat,IceFang,Tailwind|Jolly||M|||50|]Kingambit||FocusSash|Defiant|KowtowCleave,SuckerPunch,IronHead,LowKick|Adamant||M|||50|]Garchomp||LifeOrb|RoughSkin|Earthquake,StompingTantrum,DragonClaw,Protect|Jolly||F|||50|
|showteam|p2|Farigiraf||ColburBerry|ArmorTail|Psychic,Thunderbolt,HelpingHand,TrickRoom|Calm||M|||50|]Kangaskhan||SilkScarf|Scrappy|LastResort,FakeOut|Brave||F|||50|]Torkoal||Charcoal|Drought|Eruption,WeatherBall,HelpingHand,Protect|Quiet||F|||50|]Mawile||Mawilite|HyperCutter|PlayRough,RockSlide,SuckerPunch,SwordsDance|Brave||F|||50|]Pyroar||Pyroarite|Unnerve|HeatWave,Overheat,SolarBeam,Protect|Timid||F|||50|]Decidueye-Hisui||LifeOrb|Scrappy|CloseCombat,LeafBlade,BraveBird,Protect|Brave||M|||50|
|inactive|Battle timer is ON: inactive players will automatically lose when time's up. (requested by Genesis77)
|inactive|othunder21 also wants the timer to be on.
|c|☆Genesis77|glhf
|c|☆othunder21|glhf u2
|inactive|othunder21 no longer wants the timer on, but the timer is staying on because genesis77 still does.
|inactive|othunder21 has 60 seconds left.
|inactive|Genesis77 has 60 seconds left.
|inactive|othunder21 has 30 seconds left.
|inactive|Genesis77 has 30 seconds left.
|inactive|othunder21 has 20 seconds left.
|inactive|Genesis77 has 20 seconds left.
|inactive|othunder21 has 15 seconds left.
|inactive|Genesis77 has 15 seconds left.
|inactive|othunder21 has 10 seconds left.
|inactive|Genesis77 has 10 seconds left.
|inactive|Genesis77 has 5 seconds left.
|
|t:|1783077123
|teamsize|p1|4
|teamsize|p2|4
|start
|switch|p1a: Aerodactyl|Aerodactyl, L50, M|100/100
|switch|p1b: Kingambit|Kingambit, L50, M|100/100
|switch|p2a: Farigiraf|Farigiraf, L50, M|100/100
|switch|p2b: Pyroar|Pyroar, L50, F|100/100
|-ability|p1a: Aerodactyl|Unnerve
|-ability|p2b: Pyroar|Unnerve
|turn|1
|inactive|Genesis77 has 30 seconds left.
|inactive|Genesis77 has 20 seconds left.
|
|t:|1783077162
|switch|p2b: Decidueye|Decidueye-Hisui, L50, M|100/100
|detailschange|p1a: Aerodactyl|Aerodactyl-Mega, L50, M
|-mega|p1a: Aerodactyl|Aerodactyl|Aerodactylite
|move|p1a: Aerodactyl|Rock Slide|p2a: Farigiraf|[spread] p2a,p2b
|-resisted|p2b: Decidueye|1
|-damage|p2a: Farigiraf|74/100
|-damage|p2b: Decidueye|85/100
|move|p1b: Kingambit|Kowtow Cleave|p2a: Farigiraf
|-supereffective|p2a: Farigiraf|1
|-enditem|p2a: Farigiraf|Colbur Berry|[eat]
|-enditem|p2a: Farigiraf|Colbur Berry|[weaken]
|-damage|p2a: Farigiraf|31/100
|move|p2a: Farigiraf|Trick Room|p2a: Farigiraf
|-fieldstart|move: Trick Room|[of] p2a: Farigiraf
|
|upkeep
|turn|2
|inactive|othunder21 has 30 seconds left.
|inactive|Genesis77 has 30 seconds left.
|inactive|othunder21 has 20 seconds left.
|inactive|othunder21 has 15 seconds left.
|
|t:|1783077202
|switch|p1a: Farigiraf|Farigiraf, L50, F|100/100
|move|p2b: Decidueye|Close Combat|p1b: Kingambit
|-supereffective|p1b: Kingambit|2
|-enditem|p1b: Kingambit|Focus Sash
|-damage|p1b: Kingambit|1/100
|-unboost|p2b: Decidueye|def|1
|-unboost|p2b: Decidueye|spd|1
|-damage|p2b: Decidueye|75/100|[from] item: Life Orb
|move|p2a: Farigiraf|Thunderbolt|p1b: Kingambit
|-damage|p1b: Kingambit|0 fnt
|faint|p1b: Kingambit
|
|upkeep
|
|t:|1783077215
|switch|p1b: Garchomp|Garchomp, L50, F|100/100
|turn|3
|
|t:|1783077235
|move|p2a: Farigiraf|Helping Hand|p2b: Decidueye
|-singleturn|p2b: Decidueye|Helping Hand|[of] p2a: Farigiraf
|move|p2b: Decidueye|Close Combat|p1a: Farigiraf
|-damage|p1a: Farigiraf|15/100
|-unboost|p2b: Decidueye|def|1
|-unboost|p2b: Decidueye|spd|1
|-enditem|p1a: Farigiraf|Sitrus Berry|[eat]
|-heal|p1a: Farigiraf|39/100|[from] item: Sitrus Berry
|-damage|p2b: Decidueye|66/100|[from] item: Life Orb
|move|p1a: Farigiraf|Psychic|p2b: Decidueye
|-supereffective|p2b: Decidueye|1
|-damage|p2b: Decidueye|0 fnt
|faint|p2b: Decidueye
|move|p1b: Garchomp|Stomping Tantrum|p2a: Farigiraf
|-damage|p2a: Farigiraf|0 fnt
|faint|p2a: Farigiraf
|-damage|p1b: Garchomp|90/100|[from] item: Life Orb
|
|upkeep
|
|t:|1783077251
|switch|p2b: Pyroar|Pyroar, L50, F|100/100
|switch|p2a: Torkoal|Torkoal, L50, F|100/100
|-ability|p2b: Pyroar|Unnerve
|-weather|SunnyDay|[from] ability: Drought|[of] p2a: Torkoal
|turn|4
|inactive|othunder21 has 30 seconds left.
|
|t:|1783077278
|move|p1b: Garchomp|Protect|p1b: Garchomp
|-singleturn|p1b: Garchomp|Protect
|move|p2b: Pyroar|Protect|p2b: Pyroar
|-singleturn|p2b: Pyroar|Protect
|move|p2a: Torkoal|Eruption|p1a: Farigiraf|[spread] p1a
|-activate|p1b: Garchomp|move: Protect
|-damage|p1a: Farigiraf|0 fnt
|faint|p1a: Farigiraf
|
|-weather|SunnyDay|[upkeep]
|upkeep
|
|t:|1783077285
|switch|p1a: Aerodactyl|Aerodactyl-Mega, L50, M|100/100
|turn|5
|
|t:|1783077297
|detailschange|p2b: Pyroar|Pyroar-Mega, L50, F
|-mega|p2b: Pyroar|Pyroar|Pyroarite
|move|p2a: Torkoal|Eruption|p1a: Aerodactyl|[spread] p1a,p1b
|-resisted|p1a: Aerodactyl|1
|-resisted|p1b: Garchomp|1
|-damage|p1a: Aerodactyl|54/100
|-damage|p1b: Garchomp|41/100
|move|p1b: Garchomp|Earthquake|p2a: Torkoal|[spread] p2a,p2b
|-immune|p1a: Aerodactyl
|-supereffective|p2a: Torkoal|1
|-supereffective|p2b: Pyroar|1
|-damage|p2a: Torkoal|23/100
|-damage|p2b: Pyroar|0 fnt
|faint|p2b: Pyroar
|-damage|p1b: Garchomp|32/100|[from] item: Life Orb
|move|p1a: Aerodactyl|Rock Slide|p2a: Torkoal
|-supereffective|p2a: Torkoal|1
|-damage|p2a: Torkoal|0 fnt
|faint|p2a: Torkoal
|
|win|othunder21
||Genesis77 is ready for game 2.
|inactive|othunder21 has 30 seconds to confirm battle start!
||othunder21 is ready for game 2.
|uhtml|next|Next: Game 2 of 3
|j| soulmoonvgc
|l| soulmoonvgc
|l|☆othunder21
|player|p1|
