|j|☆garrman3
|j|☆andiom123
|html|garrman3andiom123    
|uhtml|bestof|Game 2 of a best-of-3
|t:|1784774041
|gametype|doubles
|player|p1|garrman3|169|1038
|player|p2|andiom123|red|1113
|gen|9
|tier|[Gen 9 Champions] VGC 2026 Reg M-B (Bo3)
|rated|
|rule|Species Clause: Limit one of each Pokémon
|rule|Item Clause: Limit 1 of each item
|clearpoke
|poke|p1|Venusaur, L50, M|
|poke|p1|Charizard, L50, M|
|poke|p1|Grimmsnarl, L50, M|
|poke|p1|Archaludon, L50, F|
|poke|p1|Basculegion, L50, M|
|poke|p1|Pelipper, L50, F|
|poke|p2|Incineroar, L50, F|
|poke|p2|Farigiraf, L50, F|
|poke|p2|Sylveon, L50, F|
|poke|p2|Torkoal, L50, F|
|poke|p2|Kangaskhan, L50, F|
|poke|p2|Mudsdale, L50, M|
|teampreview|4
|showteam|p1|Venusaur||FocusSash|Chlorophyll|SludgeBomb,EarthPower,SleepPowder,Protect|Modest||M|||50|]Charizard||CharizarditeY|Blaze|Protect,HeatWave,SolarBeam,WeatherBall|Modest||M|||50|]Grimmsnarl||LightClay|Prankster|SpiritBreak,LightScreen,Reflect,PartingShot|Sassy||M|||50|]Archaludon||Leftovers|Stamina|ElectroShot,DragonPulse,FlashCannon,Protect|Calm||F|||50|]Basculegion||ChoiceScarf|Adaptability|WaveCrash,LastRespects,AquaJet,FlipTurn|Jolly||M|||50|]Pelipper||SitrusBerry|Drizzle|Hurricane,WeatherBall,Tailwind,WideGuard|Modest||F|||50|
|showteam|p2|Incineroar||MuscleBand|Intimidate|ThroatChop,FlareBlitz,FakeOut,PartingShot|Brave||F|||50|]Farigiraf||SitrusBerry|ArmorTail|FoulPlay,PsychicNoise,TrickRoom,HelpingHand|Relaxed||F|||50|]Sylveon||FairyFeather|Pixilate|HyperVoice,HyperBeam,Yawn,Detect|Modest||F|||50|]Torkoal||Charcoal|Drought|Eruption,EarthPower,Flamethrower,Protect|Quiet||F|||50|]Kangaskhan||Kangaskhanite|Scrappy|DoubleEdge,FakeOut,IcePunch,HammerArm|Brave||F|||50|]Mudsdale||LifeOrb|InnerFocus|HighHorsepower,Earthquake,RockSlide,HeavySlam|Brave||M|||50|
|
|t:|1784774076
|teamsize|p1|4
|teamsize|p2|4
|start
|switch|p1a: Charizard|Charizard, L50, M|100/100
|switch|p1b: Grimmsnarl|Grimmsnarl, L50, M|100/100
|switch|p2a: Farigiraf|Farigiraf, L50, F|100/100
|switch|p2b: Kangaskhan|Kangaskhan, L50, F|100/100
|turn|1
|
|t:|1784774096
|detailschange|p1a: Charizard|Charizard-Mega-Y, L50, M
|-mega|p1a: Charizard|Charizard|Charizardite Y
|-weather|SunnyDay|[from] ability: Drought|[of] p1a: Charizard
|detailschange|p2b: Kangaskhan|Kangaskhan-Mega, L50, F
|-mega|p2b: Kangaskhan|Kangaskhan|Kangaskhanite
|move|p2b: Kangaskhan|Fake Out|p1a: Charizard
|-damage|p1a: Charizard|75/100
|-damage|p1a: Charizard|70/100
|-hitcount|p1a: Charizard|2
|move|p1b: Grimmsnarl|Reflect|p1b: Grimmsnarl
|-sidestart|p1: garrman3|Reflect
|cant|p1a: Charizard|flinch
|move|p2a: Farigiraf|Trick Room|p2a: Farigiraf
|-fieldstart|move: Trick Room|[of] p2a: Farigiraf
|
|-weather|SunnyDay|[upkeep]
|upkeep
|turn|2
|
|t:|1784774120
|move|p2a: Farigiraf|Helping Hand|p2b: Kangaskhan
|-singleturn|p2b: Kangaskhan|Helping Hand|[of] p2a: Farigiraf
|move|p1b: Grimmsnarl|Parting Shot||[still]
|cant|p2a: Farigiraf|ability: Armor Tail|Parting Shot|[of] p1b: Grimmsnarl
|move|p2b: Kangaskhan|Double-Edge|p1a: Charizard
|-damage|p1a: Charizard|0 fnt
|faint|p1a: Charizard
|-damage|p2b: Kangaskhan|80/100|[from] Recoil
|
|-weather|SunnyDay|[upkeep]
|upkeep
|
|t:|1784774128
|switch|p1a: Pelipper|Pelipper, L50, F|100/100
|-weather|RainDance|[from] ability: Drizzle|[of] p1a: Pelipper
|turn|3
|
|t:|1784774136
|move|p2a: Farigiraf|Helping Hand|p2b: Kangaskhan
|-singleturn|p2b: Kangaskhan|Helping Hand|[of] p2a: Farigiraf
|move|p1b: Grimmsnarl|Spirit Break|p2b: Kangaskhan
|-damage|p2b: Kangaskhan|53/100
|-unboost|p2b: Kangaskhan|spa|1
|move|p1a: Pelipper|Weather Ball|p2b: Kangaskhan
|-crit|p2b: Kangaskhan
|-damage|p2b: Kangaskhan|0 fnt
|faint|p2b: Kangaskhan
|
|-weather|RainDance|[upkeep]
|upkeep
|
|t:|1784774150
|switch|p2b: Torkoal|Torkoal, L50, F|100/100
|-weather|SunnyDay|[from] ability: Drought|[of] p2b: Torkoal
|turn|4
|
|t:|1784774162
|switch|p1a: Archaludon|Archaludon, L50, F|100/100
|move|p1b: Grimmsnarl|Light Screen|p1b: Grimmsnarl
|-sidestart|p1: garrman3|move: Light Screen
|move|p2b: Torkoal|Flamethrower|p1a: Archaludon
|-crit|p1a: Archaludon
|-damage|p1a: Archaludon|4/100
|-ability|p1a: Archaludon|Stamina|boost
|-boost|p1a: Archaludon|def|1
|move|p2a: Farigiraf|Psychic Noise|p1a: Archaludon
|-resisted|p1a: Archaludon|1
|-damage|p1a: Archaludon|0 fnt
|faint|p1a: Archaludon
|
|-weather|SunnyDay|[upkeep]
|upkeep
|
|t:|1784774169
|switch|p1a: Pelipper|Pelipper, L50, F|100/100
|-weather|RainDance|[from] ability: Drizzle|[of] p1a: Pelipper
|turn|5
|
|t:|1784774180
|switch|p2b: Sylveon|Sylveon, L50, F|100/100
|move|p2a: Farigiraf|Psychic Noise|p1a: Pelipper
|-damage|p1a: Pelipper|70/100
|-start|p1a: Pelipper|move: Heal Block
|move|p1b: Grimmsnarl|Spirit Break|p2a: Farigiraf
|-damage|p2a: Farigiraf|77/100
|-unboost|p2a: Farigiraf|spa|1
|move|p1a: Pelipper|Weather Ball|p2b: Sylveon
|-damage|p2b: Sylveon|53/100
|
|-weather|RainDance|[upkeep]
|-fieldend|move: Trick Room
|upkeep
|turn|6
|
|t:|1784774211
|switch|p2b: Torkoal|Torkoal, L50, F|100/100
|-weather|SunnyDay|[from] ability: Drought|[of] p2b: Torkoal
|move|p1a: Pelipper|Weather Ball|p2b: Torkoal
|-resisted|p2b: Torkoal|1
|-damage|p2b: Torkoal|70/100
|move|p1b: Grimmsnarl|Spirit Break|p2b: Torkoal
|-resisted|p2b: Torkoal|1
|-damage|p2b: Torkoal|59/100
|-unboost|p2b: Torkoal|spa|1
|move|p2a: Farigiraf|Trick Room|p2a: Farigiraf
|-fieldstart|move: Trick Room|[of] p2a: Farigiraf
|
|-weather|SunnyDay|[upkeep]
|-end|p1a: Pelipper|move: Heal Block
|upkeep
|turn|7
|
|t:|1784774246
|move|p2b: Torkoal|Flamethrower|p1a: Pelipper
|-resisted|p1a: Pelipper|1
|-damage|p1a: Pelipper|47/100
|-enditem|p1a: Pelipper|Sitrus Berry|[eat]
|-heal|p1a: Pelipper|71/100|[from] item: Sitrus Berry
|move|p1b: Grimmsnarl|Spirit Break|p2b: Torkoal
|-resisted|p2b: Torkoal|1
|-damage|p2b: Torkoal|48/100
|-unboost|p2b: Torkoal|spa|1
|move|p2a: Farigiraf|Psychic Noise|p1a: Pelipper
|-damage|p1a: Pelipper|53/100
|-start|p1a: Pelipper|move: Heal Block
|move|p1a: Pelipper|Weather Ball|p2b: Torkoal
|-resisted|p2b: Torkoal|1
|-damage|p2b: Torkoal|16/100
|
|-weather|SunnyDay|[upkeep]
|upkeep
|turn|8
|
|t:|1784774274
|move|p2b: Torkoal|Flamethrower|p1a: Pelipper
|-resisted|p1a: Pelipper|1
|-damage|p1a: Pelipper|35/100
|move|p2a: Farigiraf|Psychic Noise|p1a: Pelipper
|-damage|p1a: Pelipper|16/100
|move|p1b: Grimmsnarl|Spirit Break|p2a: Farigiraf
|-damage|p2a: Farigiraf|53/100
|-unboost|p2a: Farigiraf|spa|1
|move|p1a: Pelipper|Weather Ball|p2b: Torkoal
|-resisted|p2b: Torkoal|1
|-damage|p2b: Torkoal|0 fnt
|faint|p2b: Torkoal
|
|-weather|SunnyDay|[upkeep]
|-end|p1a: Pelipper|move: Heal Block
|-sideend|p1: garrman3|Reflect
|upkeep
|
|t:|1784774291
|switch|p2b: Sylveon|Sylveon, L50, F|53/100
|turn|9
|
|t:|1784774301
|move|p2a: Farigiraf|Psychic Noise|p1a: Pelipper
|-damage|p1a: Pelipper|4/100
|-start|p1a: Pelipper|move: Heal Block
|move|p1b: Grimmsnarl|Spirit Break|p2b: Sylveon
|-crit|p2b: Sylveon
|-damage|p2b: Sylveon|4/100
|-unboost|p2b: Sylveon|spa|1
|move|p2b: Sylveon|Hyper Voice|p1b: Grimmsnarl|[spread] p1a,p1b
|-supereffective|p1b: Grimmsnarl|1
|-damage|p1a: Pelipper|0 fnt
|-damage|p1b: Grimmsnarl|66/100
|faint|p1a: Pelipper
|
|-weather|SunnyDay|[upkeep]
|upkeep
|turn|10
|
|t:|1784774319
|move|p2b: Sylveon|Detect|p2b: Sylveon
|-singleturn|p2b: Sylveon|Protect
|move|p2a: Farigiraf|Foul Play|p1b: Grimmsnarl
|-resisted|p1b: Grimmsnarl|2
|-damage|p1b: Grimmsnarl|60/100
|move|p1b: Grimmsnarl|Spirit Break|p2b: Sylveon
|-activate|p2b: Sylveon|move: Protect
|
|-weather|none
|-fieldend|move: Trick Room
|upkeep
|turn|11
|
|t:|1784774332
|move|p2b: Sylveon|Hyper Voice|p1b: Grimmsnarl
|-supereffective|p1b: Grimmsnarl|1
|-damage|p1b: Grimmsnarl|14/100
|move|p2a: Farigiraf|Foul Play|p1b: Grimmsnarl
|-resisted|p1b: Grimmsnarl|2
|-damage|p1b: Grimmsnarl|8/100
|move|p1b: Grimmsnarl|Spirit Break|p2b: Sylveon
|-damage|p2b: Sylveon|0 fnt
|faint|p2b: Sylveon
|
|-sideend|p1: garrman3|move: Light Screen
|upkeep
|turn|12
|
|t:|1784774344
|move|p1b: Grimmsnarl|Spirit Break|p2a: Farigiraf
|-damage|p2a: Farigiraf|30/100
|-unboost|p2a: Farigiraf|spa|1
|-enditem|p2a: Farigiraf|Sitrus Berry|[eat]
|-heal|p2a: Farigiraf|55/100|[from] item: Sitrus Berry
|move|p2a: Farigiraf|Foul Play|p1b: Grimmsnarl
|-resisted|p1b: Grimmsnarl|2
|-damage|p1b: Grimmsnarl|2/100
|
|upkeep
|turn|13
|
|t:|1784774354
|move|p1b: Grimmsnarl|Spirit Break|p2a: Farigiraf
|-damage|p2a: Farigiraf|31/100
|-unboost|p2a: Farigiraf|spa|1
|move|p2a: Farigiraf|Foul Play|p1b: Grimmsnarl
|-resisted|p1b: Grimmsnarl|2
|-damage|p1b: Grimmsnarl|0 fnt
|faint|p1b: Grimmsnarl
|
|win|andiom123
|raw|garrman3's rating: 1038 → 1026(-12 for losing)
|raw|andiom123's rating: 1113 → 1133(+20 for winning)
|l|☆garrman3
|player|p1|
