|j|☆superstar jamie
|j|☆long neck phil
|html|superstar jamielong neck phil    
|uhtml|bestof|Game 1 of a best-of-3
|t:|1783882784
|gametype|doubles
|player|p1|superstar jamie|#bsplviihoustonstealthrockets|
|player|p2|long neck phil|n|
|gen|9
|tier|[Gen 9 Champions] VGC 2026 Reg M-B (Bo3)
|rule|Species Clause: Limit one of each Pokémon
|rule|Item Clause: Limit 1 of each item
|clearpoke
|poke|p1|Hydreigon, L50, F|
|poke|p1|Garchomp, L50, F|
|poke|p1|Metagross, L50|
|poke|p1|Charizard, L50, F|
|poke|p1|Grimmsnarl, L50, M|
|poke|p1|Toxapex, L50, F|
|poke|p2|Incineroar, L50, M|
|poke|p2|Garchomp, L50, M|
|poke|p2|Staraptor, L50, M|
|poke|p2|Basculegion, L50, M|
|poke|p2|Whimsicott, L50, M|
|poke|p2|Glimmora, L50, M|
|teampreview|4
|showteam|p1|Hydreigon||ChoiceScarf|Levitate|HeatWave,DarkPulse,DracoMeteor,Snarl|Modest||F|||50|]Garchomp||SitrusBerry|RoughSkin|Earthquake,RockSlide,DragonClaw,Protect|Adamant||F|||50|]Metagross||Metagrossite|ClearBody|IronHead,HammerArm,BulletPunch,Protect|Adamant|||||50|]Charizard||CharizarditeY|Blaze|Protect,HeatWave,SolarBeam,WeatherBall|Timid||F|||50|]Grimmsnarl||RoseliBerry|Prankster|FakeOut,FoulPlay,Reflect,PartingShot|Sassy||M|||50|]Toxapex||Leftovers|Regenerator|Infestation,Toxic,BanefulBunker,WideGuard|Bold||F|||50|
|showteam|p2|Incineroar||SitrusBerry|Intimidate|FakeOut,PartingShot,FlareBlitz,ThroatChop|Impish||M|||50|]Garchomp||LifeOrb|RoughSkin|DragonClaw,StompingTantrum,RockSlide,Protect|Jolly||M|||50|]Staraptor||Staraptite|Intimidate|DualWingbeat,CloseCombat,Protect,Roost|Jolly||M|||50|]Basculegion||ChoiceScarf|Adaptability|WaveCrash,FlipTurn,LastRespects,Liquidation|Jolly||M|||50|]Whimsicott||FocusSash|Prankster|Moonblast,Tailwind,Charm,Protect|Timid||M|||50|]Glimmora||Glimmoranite|ToxicDebris|PowerGem,SludgeBomb,EarthPower,SpikyShield|Timid||M|||50|
|c|☆long neck phil|Glhf
|c|☆superstar jamie|you too
|j| Cobra Mawi
|
|t:|1783882895
|teamsize|p1|4
|teamsize|p2|4
|start
|switch|p1a: Grimmsnarl|Grimmsnarl, L50, M|100/100
|switch|p1b: Metagross|Metagross, L50|100/100
|switch|p2a: Garchomp|Garchomp, L50, M|100/100
|switch|p2b: Whimsicott|Whimsicott, L50, M|100/100
|turn|1
|
|t:|1783882920
|move|p1a: Grimmsnarl|Fake Out|p2a: Garchomp
|-damage|p2a: Garchomp|88/100
|-damage|p1a: Grimmsnarl|87/100|[from] ability: Rough Skin|[of] p2a: Garchomp
|move|p2b: Whimsicott|Tailwind|p2b: Whimsicott
|-sidestart|p2: long neck phil|move: Tailwind
|cant|p2a: Garchomp|flinch
|move|p1b: Metagross|Iron Head|p2b: Whimsicott
|-supereffective|p2b: Whimsicott|1
|-enditem|p2b: Whimsicott|Focus Sash
|-damage|p2b: Whimsicott|1/100
|
|upkeep
|turn|2
|
|t:|1783882943
|move|p1b: Metagross|Protect|p1b: Metagross
|-singleturn|p1b: Metagross|Protect
|move|p1a: Grimmsnarl|Reflect|p1a: Grimmsnarl
|-sidestart|p1: superstar jamie|Reflect
|move|p2b: Whimsicott|Moonblast|p1a: Grimmsnarl
|-supereffective|p1a: Grimmsnarl|1
|-enditem|p1a: Grimmsnarl|Roseli Berry|[eat]
|-enditem|p1a: Grimmsnarl|Roseli Berry|[weaken]
|-damage|p1a: Grimmsnarl|60/100
|move|p2a: Garchomp|Stomping Tantrum|p1b: Metagross
|-activate|p1b: Metagross|move: Protect
|
|upkeep
|turn|3
|
|t:|1783882958
|detailschange|p1b: Metagross|Metagross-Mega, L50
|-mega|p1b: Metagross|Metagross|Metagrossite
|move|p1b: Metagross|Bullet Punch|p2b: Whimsicott
|-supereffective|p2b: Whimsicott|1
|-damage|p2b: Whimsicott|0 fnt
|faint|p2b: Whimsicott
|move|p1a: Grimmsnarl|Parting Shot|p2a: Garchomp
|-unboost|p2a: Garchomp|atk|1
|-unboost|p2a: Garchomp|spa|1
|
|t:|1783882974
|switch|p1a: Toxapex|Toxapex, L50, F|100/100|[from] Parting Shot
|move|p2a: Garchomp|Stomping Tantrum|p1b: Metagross
|-supereffective|p1b: Metagross|1
|-damage|p1b: Metagross|69/100
|-damage|p2a: Garchomp|78/100|[from] item: Life Orb
|
|upkeep
|
|t:|1783882983
|switch|p2b: Basculegion|Basculegion, L50, M|100/100
|turn|4
|
|t:|1783882996
|switch|p1b: Hydreigon|Hydreigon, L50, F|100/100
|move|p2b: Basculegion|Wave Crash|p1b: Hydreigon
|-resisted|p1b: Hydreigon|1
|-damage|p1b: Hydreigon|73/100
|-damage|p2b: Basculegion|92/100|[from] Recoil
|move|p2a: Garchomp|Stomping Tantrum|p1a: Toxapex
|-supereffective|p1a: Toxapex|1
|-damage|p1a: Toxapex|66/100
|-damage|p2a: Garchomp|69/100|[from] item: Life Orb
|move|p1a: Toxapex|Toxic|p2a: Garchomp
|-status|p2a: Garchomp|tox
|
|-heal|p1a: Toxapex|72/100|[from] item: Leftovers
|-damage|p2a: Garchomp|63/100 tox|[from] psn
|-sideend|p2: long neck phil|move: Tailwind
|upkeep
|turn|5
|
|t:|1783883030
|move|p1b: Hydreigon|Dark Pulse|p2b: Basculegion
|-supereffective|p2b: Basculegion|1
|-damage|p2b: Basculegion|2/100
|move|p2b: Basculegion|Wave Crash|p1b: Hydreigon
|-resisted|p1b: Hydreigon|1
|-damage|p1b: Hydreigon|48/100
|-damage|p2b: Basculegion|0 fnt|[from] Recoil
|faint|p2b: Basculegion
|move|p2a: Garchomp|Stomping Tantrum|p1a: Toxapex
|-supereffective|p1a: Toxapex|1
|-damage|p1a: Toxapex|41/100
|-damage|p2a: Garchomp|53/100 tox|[from] item: Life Orb
|move|p1a: Toxapex|Toxic|p2a: Garchomp
|-fail|p2a: Garchomp|tox
|
|-heal|p1a: Toxapex|47/100|[from] item: Leftovers
|-damage|p2a: Garchomp|41/100 tox|[from] psn
|upkeep
|
|t:|1783883036
|switch|p2b: Glimmora|Glimmora, L50, M|100/100
|turn|6
|
|t:|1783883060
|detailschange|p2b: Glimmora|Glimmora-Mega, L50, M
|-mega|p2b: Glimmora|Glimmora|Glimmoranite
|move|p1b: Hydreigon|Dark Pulse|p2a: Garchomp
|-damage|p2a: Garchomp|0 fnt
|faint|p2a: Garchomp
|move|p2b: Glimmora|Power Gem|p1b: Hydreigon
|-damage|p1b: Hydreigon|0 fnt
|faint|p1b: Hydreigon
|move|p1a: Toxapex|Infestation|p2b: Glimmora
|-resisted|p2b: Glimmora|1
|-damage|p2b: Glimmora|98/100
|-activate|p2b: Glimmora|move: Infestation|[of] p1a: Toxapex
|
|-heal|p1a: Toxapex|52/100|[from] item: Leftovers
|-damage|p2b: Glimmora|86/100|[from] move: Infestation|[partiallytrapped]
|-sideend|p1: superstar jamie|Reflect
|upkeep
|
|t:|1783883078
|switch|p1b: Metagross|Metagross-Mega, L50|69/100
|turn|7
|
|t:|1783883088
|-heal|p1a: Toxapex|85/100|[from] ability: Regenerator|[silent]
|switch|p1a: Grimmsnarl|Grimmsnarl, L50, M|60/100
|move|p1b: Metagross|Protect|p1b: Metagross
|-singleturn|p1b: Metagross|Protect
|move|p2b: Glimmora|Earth Power|p1b: Metagross
|-activate|p1b: Metagross|move: Protect
|
|-end|p2b: Glimmora|Infestation|[partiallytrapped]|[silent]
|upkeep
|turn|8
|
|t:|1783883101
|move|p1a: Grimmsnarl|Fake Out|p2b: Glimmora
|-resisted|p2b: Glimmora|1
|-damage|p2b: Glimmora|80/100
|cant|p2b: Glimmora|flinch
|move|p1b: Metagross|Iron Head|p2b: Glimmora
|-supereffective|p2b: Glimmora|1
|-damage|p2b: Glimmora|0 fnt
|faint|p2b: Glimmora
|
|win|superstar jamie
||long neck phil is ready for game 2.
||superstar jamie is ready for game 2.
|uhtml|next|Next: Game 2 of 3
|j| whiffygnu
|l| whiffygnu
|j| whiffygnu
|l| whiffygnu
|j| Cerebellibrarian
|l| Cerebellibrarian
