|j|☆TreTrainer5252
|j|☆MrPhoenixGC
|html|TreTrainer5252MrPhoenixGC    
|uhtml|bestof|Game 2 of a best-of-3
|t:|1756836948
|gametype|doubles
|player|p1|TreTrainer5252|linebacker|1071
|player|p2|MrPhoenixGC|steven|1158
|gen|9
|tier|[Gen 9] VGC 2025 Reg H (Bo3)
|rated|
|rule|Species Clause: Limit one of each Pokémon
|rule|Item Clause: Limit 1 of each item
|clearpoke
|poke|p1|Maushold-Four, L50|
|poke|p1|Primarina, L50, F|
|poke|p1|Archaludon, L50, M|
|poke|p1|Annihilape, L50, M|
|poke|p1|Amoonguss, L50, M|
|poke|p1|Incineroar, L50, M|
|poke|p2|Gholdengo, L50|
|poke|p2|Pelipper, L50, F|
|poke|p2|Archaludon, L50, F|
|poke|p2|Ursaluna, L50, M|
|poke|p2|Dragonite, L50, M|
|poke|p2|Sinistcha, L50|
|teampreview|4
|showteam|p1|Maushold-Four||FocusSash|FriendGuard|BeatUp,Protect,FollowMe,PopulationBomb||||||50|,,,,,Ghost]Primarina||ThroatSpray|LiquidVoice|Haze,Protect,Moonblast,HyperVoice|||F|||50|,,,,,Grass]Archaludon||PowerHerb|Stamina|Snarl,BodyPress,ElectroShot,FlashCannon|||M|||50|,,,,,Fairy]Annihilape||Leftovers|Defiant|Protect,RageFist,DrainPunch,FinalGambit|||M|||50|,,,,,Fire]Amoonguss||SitrusBerry|Regenerator|Spore,Protect,PollenPuff,RagePowder|||M|||50|,,,,,Water]Incineroar||AssaultVest|Intimidate|Uturn,KnockOff,FlareBlitz,FakeOut|||M|||50|,,,,,Grass
|showteam|p2|Gholdengo||ChoiceScarf|GoodasGold|MakeItRain,ShadowBall,Trick,Protect||||||50|,,,,,Steel]Pelipper||FocusSash|Drizzle|Protect,MuddyWater,Hurricane,WideGuard|||F|||50|,,,,,Ghost]Archaludon||AssaultVest|Stamina|BodyPress,Snarl,ElectroShot,FlashCannon|||F|||50|,,,,,Bug]Ursaluna||FlameOrb|Guts|Protect,Facade,Earthquake,HeadlongRush|||M|||50|,,,,,Ghost]Dragonite||LoadedDice|Multiscale|ScaleShot,Haze,Tailwind,Protect|||M|||50|,,,,,Fairy]Sinistcha||SitrusBerry|Hospitality|TrickRoom,MatchaGotcha,LifeDew,RagePowder||||||50|,,,,,Dark
|
|t:|1756836969
|teamsize|p1|4
|teamsize|p2|4
|start
|switch|p1a: Reunion|Maushold-Four, L50|100/100
|switch|p1b: Pazoo|Annihilape, L50, M, shiny|100/100
|switch|p2a: Pelipper|Pelipper, L50, F|100/100
|switch|p2b: Dragonite|Dragonite, L50, M|100/100
|-weather|RainDance|[from] ability: Drizzle|[of] p2a: Pelipper
|turn|1
|
|t:|1756836985
|-terastallize|p1b: Pazoo|Fire
|move|p2b: Dragonite|Protect|p2b: Dragonite
|-singleturn|p2b: Dragonite|Protect
|move|p1a: Reunion|Beat Up|p1b: Pazoo
|-damage|p1b: Pazoo|99/100
|-damage|p1b: Pazoo|97/100
|-damage|p1b: Pazoo|96/100
|-damage|p1b: Pazoo|94/100
|-hitcount|p1b: Pazoo|4
|move|p2a: Pelipper|Hurricane|p1b: Pazoo
|-damage|p1b: Pazoo|64/100
|move|p1b: Pazoo|Rage Fist|p2b: Dragonite
|-activate|p2b: Dragonite|move: Protect
|
|-weather|RainDance|[upkeep]
|-heal|p1b: Pazoo|70/100|[from] item: Leftovers
|upkeep
|turn|2
|
|t:|1756837008
|move|p1a: Reunion|Follow Me|p1a: Reunion
|-singleturn|p1a: Reunion|move: Follow Me
|move|p2b: Dragonite|Tailwind|p2b: Dragonite
|-sidestart|p2: MrPhoenixGC|move: Tailwind
|move|p2a: Pelipper|Muddy Water|p1b: Pazoo|[spread] p1a,p1b
|-supereffective|p1b: Pazoo
|-damage|p1a: Reunion|57/100
|-damage|p1b: Pazoo|14/100
|-unboost|p1a: Reunion|accuracy|1
|move|p1b: Pazoo|Rage Fist|p2b: Dragonite
|-damage|p2b: Dragonite|17/100
|
|-weather|RainDance|[upkeep]
|-heal|p1b: Pazoo|20/100|[from] item: Leftovers
|upkeep
|turn|3
|
|t:|1756837029
|switch|p1b: Amoonguss|Amoonguss, L50, M, shiny|100/100
|move|p2b: Dragonite|Protect|p2b: Dragonite
|-singleturn|p2b: Dragonite|Protect
|move|p2a: Pelipper|Muddy Water|p1a: Reunion|[spread] p1a,p1b
|-resisted|p1b: Amoonguss
|-crit|p1b: Amoonguss
|-damage|p1a: Reunion|14/100
|-damage|p1b: Amoonguss|78/100
|move|p1a: Reunion|Population Bomb|p2b: Dragonite
|-activate|p2b: Dragonite|move: Protect
|
|-weather|RainDance|[upkeep]
|upkeep
|turn|4
|
|t:|1756837050
|move|p2b: Dragonite|Scale Shot|p1b: Amoonguss
|-damage|p1b: Amoonguss|70/100
|-damage|p1b: Amoonguss|61/100
|-damage|p1b: Amoonguss|53/100
|-damage|p1b: Amoonguss|43/100
|-enditem|p1b: Amoonguss|Sitrus Berry|[eat]
|-heal|p1b: Amoonguss|67/100|[from] item: Sitrus Berry
|-hitcount|p1b: Amoonguss|4
|-unboost|p2b: Dragonite|def|1
|-boost|p2b: Dragonite|spe|1
|move|p2a: Pelipper|Hurricane|p1b: Amoonguss
|-supereffective|p1b: Amoonguss
|-damage|p1b: Amoonguss|4/100
|move|p1a: Reunion|Population Bomb|p2b: Dragonite|[miss]
|-miss|p1a: Reunion|p2b: Dragonite
|move|p1b: Amoonguss|Spore|p2a: Pelipper
|-status|p2a: Pelipper|slp|[from] move: Spore
|
|-weather|RainDance|[upkeep]
|upkeep
|turn|5
|
|t:|1756837078
|switch|p2a: Sinistcha|Sinistcha, L50|100/100
|-heal|p2b: Dragonite|42/100|[from] ability: Hospitality|[of] p2a: Sinistcha
|move|p1a: Reunion|Follow Me|p1a: Reunion
|-singleturn|p1a: Reunion|move: Follow Me
|move|p2b: Dragonite|Scale Shot|p1a: Reunion
|-damage|p1a: Reunion|0 fnt
|faint|p1a: Reunion
|-hitcount|p1: Reunion|1
|-unboost|p2b: Dragonite|def|1
|-boost|p2b: Dragonite|spe|1
|move|p1b: Amoonguss|Spore|p2b: Dragonite
|-status|p2b: Dragonite|slp|[from] move: Spore
|
|-weather|none
|-sideend|p2: MrPhoenixGC|move: Tailwind
|upkeep
|
|t:|1756837104
|switch|p1a: Pazoo|Annihilape, L50, M, shiny, tera:Fire|20/100
|turn|6
|
|t:|1756837119
|cant|p2b: Dragonite|slp
|move|p1a: Pazoo|Rage Fist|p2a: Sinistcha
|-supereffective|p2a: Sinistcha
|-damage|p2a: Sinistcha|0 fnt
|faint|p2a: Sinistcha
|move|p1b: Amoonguss|Pollen Puff|p1a: Pazoo
|-heal|p1a: Pazoo|70/100
|
|-heal|p1a: Pazoo|76/100|[from] item: Leftovers
|upkeep
|inactive|Battle timer is ON: inactive players will automatically lose when time's up. (requested by TreTrainer5252)
|
|t:|1756837136
|switch|p2a: Pelipper|Pelipper, L50, F|100/100 slp
|-weather|RainDance|[from] ability: Drizzle|[of] p2a: Pelipper
|turn|7
|
|t:|1756837152
|cant|p2b: Dragonite|slp
|cant|p2a: Pelipper|slp
|move|p1a: Pazoo|Rage Fist|p2a: Pelipper
|-enditem|p2a: Pelipper|Focus Sash
|-damage|p2a: Pelipper|1/100 slp
|move|p1b: Amoonguss|Pollen Puff|p1a: Pazoo
|-heal|p1a: Pazoo|100/100
|
|-weather|RainDance|[upkeep]
|upkeep
|turn|8
|
|t:|1756837167
|move|p1a: Pazoo|Protect|p1a: Pazoo
|-singleturn|p1a: Pazoo|Protect
|-curestatus|p2b: Dragonite|slp|[msg]
|move|p2b: Dragonite|Scale Shot|p1a: Pazoo
|-activate|p1a: Pazoo|move: Protect
|cant|p2a: Pelipper|slp
|move|p1b: Amoonguss|Spore|p2b: Dragonite
|-status|p2b: Dragonite|slp|[from] move: Spore
|
|-weather|RainDance|[upkeep]
|upkeep
|turn|9
|
|t:|1756837185
|cant|p2b: Dragonite|slp
|-curestatus|p2a: Pelipper|slp|[msg]
|move|p2a: Pelipper|Muddy Water|p1a: Pazoo|[spread] p1a,p1b
|-supereffective|p1a: Pazoo
|-resisted|p1b: Amoonguss
|-damage|p1a: Pazoo|26/100
|-damage|p1b: Amoonguss|0 fnt
|faint|p1b: Amoonguss
|move|p1a: Pazoo|Rage Fist|p2b: Dragonite
|-damage|p2b: Dragonite|0 fnt
|faint|p2b: Dragonite
|
|-weather|RainDance|[upkeep]
|-heal|p1a: Pazoo|32/100|[from] item: Leftovers
|upkeep
|
|t:|1756837198
|switch|p2b: Archaludon|Archaludon, L50, F|100/100
|switch|p1b: Seeyuh II|Primarina, L50, F, shiny|100/100
|turn|10
|
|t:|1756837209
|move|p2a: Pelipper|Wide Guard|p2a: Pelipper
|-singleturn|p2a: Pelipper|Wide Guard
|move|p2b: Archaludon|Electro Shot||[still]
|-prepare|p2b: Archaludon|Electro Shot
|-boost|p2b: Archaludon|spa|1
|-anim|p2b: Archaludon|Electro Shot|p1b: Seeyuh II
|-supereffective|p1b: Seeyuh II
|-damage|p1b: Seeyuh II|11/100
|move|p1a: Pazoo|Rage Fist|p2b: Archaludon
|-damage|p2b: Archaludon|7/100
|-ability|p2b: Archaludon|Stamina|boost
|-boost|p2b: Archaludon|def|1
|move|p1b: Seeyuh II|Hyper Voice|p2a: Pelipper|[spread] 
|-activate|p2a: Pelipper|move: Wide Guard
|-activate|p2b: Archaludon|move: Wide Guard
|
|-weather|RainDance|[upkeep]
|-heal|p1a: Pazoo|38/100|[from] item: Leftovers
|upkeep
|turn|11
|inactive|MrPhoenixGC has 30 seconds left.
|
|t:|1756837242
|move|p1a: Pazoo|Protect|p1a: Pazoo
|-singleturn|p1a: Pazoo|Protect
|move|p1b: Seeyuh II|Protect|p1b: Seeyuh II
|-singleturn|p1b: Seeyuh II|Protect
|move|p2b: Archaludon|Electro Shot||[still]
|-prepare|p2b: Archaludon|Electro Shot
|-boost|p2b: Archaludon|spa|1
|-anim|p2b: Archaludon|Electro Shot|p1b: Seeyuh II
|-activate|p1b: Seeyuh II|move: Protect
|move|p2a: Pelipper|Muddy Water|p1a: Pazoo|[spread] 
|-activate|p1a: Pazoo|move: Protect
|-activate|p1b: Seeyuh II|move: Protect
|
|-weather|none
|-heal|p1a: Pazoo|44/100|[from] item: Leftovers
|upkeep
|turn|12
|
|t:|1756837265
|move|p1b: Seeyuh II|Protect|p1b: Seeyuh II
|-singleturn|p1b: Seeyuh II|Protect
|move|p2b: Archaludon|Flash Cannon|p1b: Seeyuh II
|-activate|p1b: Seeyuh II|move: Protect
|move|p2a: Pelipper|Muddy Water|p1a: Pazoo|[spread] p1a
|-activate|p1b: Seeyuh II|move: Protect
|-supereffective|p1a: Pazoo
|-damage|p1a: Pazoo|0 fnt
|faint|p1a: Pazoo
|
|upkeep
|turn|13
|c|☆TreTrainer5252|gg
|
|t:|1756837287
|move|p2b: Archaludon|Flash Cannon|p1b: Seeyuh II
|-damage|p1b: Seeyuh II|0 fnt
|faint|p1b: Seeyuh II
|
|win|MrPhoenixGC
