|j|☆MrTedno
|j|☆dycheball
|html|MrTednodycheball    
|uhtml|bestof|Game 2 of a best-of-3
|t:|1756242610
|gametype|doubles
|player|p1|MrTedno|barry|1259
|player|p2|dycheball|cyrus|1317
|gen|9
|tier|[Gen 9] VGC 2025 Reg H (Bo3)
|rated|
|rule|Species Clause: Limit one of each Pokémon
|rule|Item Clause: Limit 1 of each item
|clearpoke
|poke|p1|Dondozo, L50, F|
|poke|p1|Tatsugiri, L50, M|
|poke|p1|Politoed, L50, M|
|poke|p1|Archaludon, L50, M|
|poke|p1|Amoonguss, L50, M|
|poke|p1|Overqwil, L50, M|
|poke|p2|Archaludon, L50, F|
|poke|p2|Pelipper, L50, F|
|poke|p2|Gholdengo, L50|
|poke|p2|Basculegion, L50, M|
|poke|p2|Amoonguss, L50, M|
|poke|p2|Incineroar, L50, F|
|teampreview|4
|showteam|p1|Dondozo||LifeOrb|Unaware|Surf,Protect,SleepTalk|||F|||50|,,,,,Water]Tatsugiri||FocusSash|Commander|DracoMeteor,Protect,MuddyWater,Taunt|||M|||50|,,,,,Stellar]Politoed||SitrusBerry|Drizzle|WeatherBall,IceBeam,Haze,Protect|||M|||50|,,,,,Steel]Archaludon||AssaultVest|Stamina|BodyPress,ElectroShot,DragonPulse,FlashCannon|||M|||50|,,,,,Grass]Amoonguss||RockyHelmet|Regenerator|Spore,RagePowder,PollenPuff,Protect|||M|||50|,,,,,Fairy]Overqwil||ChoiceBand|SwiftSwim|PoisonJab,ThroatChop,Liquidation,PinMissile|||M|||50|,,,,,Ghost
|showteam|p2|Archaludon||AssaultVest|Stamina|DracoMeteor,FlashCannon,ElectroShot,BodyPress|||F|||50|,,,,,Bug]Pelipper||FocusSash|Drizzle|Protect,WeatherBall,Hurricane,Tailwind|||F|||50|,,,,,Stellar]Gholdengo||LifeOrb|GoodasGold|Protect,MakeItRain,ShadowBall,NastyPlot||||||50|,,,,,Water]Basculegion||ChoiceBand|SwiftSwim|FlipTurn,WaveCrash,AquaJet,LastRespects|||M|||50|,,,,,Grass]Amoonguss||SitrusBerry|Regenerator|Spore,RagePowder,PollenPuff,Protect|||M|||50|,,,,,Water]Incineroar||SafetyGoggles|Intimidate|FlareBlitz,KnockOff,PartingShot,FakeOut|||F|||50|,,,,,Ghost
|inactive|Battle timer is ON: inactive players will automatically lose when time's up. (requested by dycheball)
|inactive|MrTedno has 60 seconds left.
|inactive|dycheball has 60 seconds left.
|
|t:|1756242662
|teamsize|p1|4
|teamsize|p2|4
|start
|switch|p1a: Kwazii|Dondozo, L50, F|100/100
|switch|p1b: Tweak|Politoed, L50, M|100/100
|switch|p2a: Gholdengo|Gholdengo, L50|100/100
|switch|p2b: Amoonguss|Amoonguss, L50, M, shiny|100/100
|-weather|RainDance|[from] ability: Drizzle|[of] p1b: Tweak
|turn|1
|
|t:|1756242681
|switch|p2a: Archaludon|Archaludon, L50, F, shiny|100/100
|switch|p1b: Peso|Tatsugiri, L50, M|100/100
|-activate|p1b: Peso|ability: Commander|[of] p1a: Kwazii
|-boost|p1a: Kwazii|atk|2
|-boost|p1a: Kwazii|spa|2
|-boost|p1a: Kwazii|spe|2
|-boost|p1a: Kwazii|def|2
|-boost|p1a: Kwazii|spd|2
|-terastallize|p1a: Kwazii|Water
|move|p1a: Kwazii|Surf|p2b: Amoonguss|[spread] p2a,p2b
|-miss|p1a: Kwazii|p1b: Peso
|-resisted|p2a: Archaludon
|-resisted|p2b: Amoonguss
|-damage|p2a: Archaludon|61/100
|-damage|p2b: Amoonguss|45/100
|-ability|p2a: Archaludon|Stamina|boost
|-boost|p2a: Archaludon|def|1
|-enditem|p2b: Amoonguss|Sitrus Berry|[eat]
|-heal|p2b: Amoonguss|70/100|[from] item: Sitrus Berry
|-damage|p1a: Kwazii|91/100|[from] item: Life Orb
|move|p2b: Amoonguss|Spore|p1a: Kwazii
|-status|p1a: Kwazii|slp|[from] move: Spore
|
|-weather|RainDance|[upkeep]
|upkeep
|turn|2
|inactive|dycheball has 30 seconds left.
|
|t:|1756242708
|cant|p1a: Kwazii|slp
|move|p1a: Kwazii|Sleep Talk|p1a: Kwazii
|move|p1a: Kwazii|Protect|p1a: Kwazii|[from] move: Sleep Talk
|-singleturn|p1a: Kwazii|Protect
|move|p2a: Archaludon|Electro Shot||[still]
|-prepare|p2a: Archaludon|Electro Shot
|-boost|p2a: Archaludon|spa|1
|-anim|p2a: Archaludon|Electro Shot|p1a: Kwazii
|-activate|p1a: Kwazii|move: Protect
|move|p2b: Amoonguss|Pollen Puff|p2a: Archaludon
|-heal|p2a: Archaludon|100/100
|
|-weather|RainDance|[upkeep]
|upkeep
|turn|3
|
|t:|1756242729
|cant|p1a: Kwazii|slp
|move|p1a: Kwazii|Sleep Talk|p1a: Kwazii
|move|p1a: Kwazii|Surf|p2b: Amoonguss|[from] move: Sleep Talk|[spread] p2a,p2b
|-miss|p1a: Kwazii|p1b: Peso
|-resisted|p2a: Archaludon
|-resisted|p2b: Amoonguss
|-damage|p2a: Archaludon|60/100
|-damage|p2b: Amoonguss|21/100
|-ability|p2a: Archaludon|Stamina|boost
|-boost|p2a: Archaludon|def|1
|-damage|p1a: Kwazii|81/100 slp|[from] item: Life Orb
|move|p2a: Archaludon|Electro Shot||[still]
|-prepare|p2a: Archaludon|Electro Shot
|-boost|p2a: Archaludon|spa|1
|-anim|p2a: Archaludon|Electro Shot|p1a: Kwazii
|-supereffective|p1a: Kwazii
|-damage|p1a: Kwazii|32/100 slp
|move|p2b: Amoonguss|Pollen Puff|p2a: Archaludon
|-heal|p2a: Archaludon|100/100
|
|-weather|RainDance|[upkeep]
|upkeep
|turn|4
|
|t:|1756242749
|move|p2b: Amoonguss|Protect|p2b: Amoonguss
|-singleturn|p2b: Amoonguss|Protect
|cant|p1a: Kwazii|slp
|move|p2a: Archaludon|Electro Shot||[still]
|-prepare|p2a: Archaludon|Electro Shot
|-boost|p2a: Archaludon|spa|1
|-anim|p2a: Archaludon|Electro Shot|p1a: Kwazii
|-supereffective|p1a: Kwazii
|-damage|p1a: Kwazii|0 fnt
|faint|p1a: Kwazii
|
|-weather|RainDance|[upkeep]
|upkeep
|
|t:|1756242769
|switch|p1a: Tweak|Politoed, L50, M|100/100
|turn|5
|
|t:|1756242788
|switch|p2b: Pelipper|Pelipper, L50, F, shiny|100/100
|move|p1a: Tweak|Protect|p1a: Tweak
|-singleturn|p1a: Tweak|Protect
|move|p1b: Peso|Muddy Water|p2b: Pelipper|[spread] p2a,p2b
|-resisted|p2a: Archaludon
|-resisted|p2b: Pelipper
|-damage|p2a: Archaludon|83/100
|-damage|p2b: Pelipper|61/100
|-unboost|p2b: Pelipper|accuracy|1
|-ability|p2a: Archaludon|Stamina|boost
|-boost|p2a: Archaludon|def|1
|move|p2a: Archaludon|Electro Shot||[still]
|-prepare|p2a: Archaludon|Electro Shot
|-boost|p2a: Archaludon|spa|1
|-anim|p2a: Archaludon|Electro Shot|p1a: Tweak
|-activate|p1a: Tweak|move: Protect
|
|-weather|none
|upkeep
|turn|6
|inactive|MrTedno has 30 seconds left.
|inactive|MrTedno has 20 seconds left.
|inactive|MrTedno has 15 seconds left.
|inactive|MrTedno has 10 seconds left.
|inactive|MrTedno has 5 seconds left.
|
|t:|1756242840
|switch|p2b: Amoonguss|Amoonguss, L50, M, shiny|54/100
|move|p1b: Peso|Draco Meteor|p2a: Archaludon
|-crit|p2a: Archaludon
|-damage|p2a: Archaludon|11/100
|-unboost|p1b: Peso|spa|2
|-ability|p2a: Archaludon|Stamina|boost
|-boost|p2a: Archaludon|def|1
|move|p2a: Archaludon|Draco Meteor|p1a: Tweak
|-damage|p1a: Tweak|0 fnt
|-unboost|p2a: Archaludon|spa|2
|faint|p1a: Tweak
|
|upkeep
|
|t:|1756242849
|switch|p1a: Shellington|Overqwil, L50, M|100/100
|turn|7
|
|t:|1756242872
|move|p2b: Amoonguss|Rage Powder|p2b: Amoonguss
|-singleturn|p2b: Amoonguss|move: Rage Powder
|move|p1a: Shellington|Throat Chop|p2b: Amoonguss
|-damage|p2b: Amoonguss|5/100
|-start|p2b: Amoonguss|Throat Chop|[silent]
|move|p1b: Peso|Muddy Water|p2b: Amoonguss|[spread] p2a,p2b
|-resisted|p2a: Archaludon
|-resisted|p2b: Amoonguss
|-damage|p2a: Archaludon|4/100
|-damage|p2b: Amoonguss|0 fnt
|-ability|p2a: Archaludon|Stamina|boost
|-boost|p2a: Archaludon|def|1
|faint|p2b: Amoonguss
|move|p2a: Archaludon|Draco Meteor|p1a: Shellington
|-crit|p1a: Shellington
|-damage|p1a: Shellington|0 fnt
|-unboost|p2a: Archaludon|spa|2
|faint|p1a: Shellington
|
|upkeep
|
|t:|1756242885
|switch|p2b: Gholdengo|Gholdengo, L50|100/100
|turn|8
|
|t:|1756242890
|move|p2b: Gholdengo|Shadow Ball|p1b: Peso
|-damage|p1b: Peso|24/100
|-damage|p2b: Gholdengo|91/100|[from] item: Life Orb
|move|p1b: Peso|Muddy Water|p2a: Archaludon|[spread] p2a,p2b
|-resisted|p2a: Archaludon
|-damage|p2a: Archaludon|0 fnt
|-damage|p2b: Gholdengo|72/100
|-unboost|p2b: Gholdengo|accuracy|1
|faint|p2a: Archaludon
|
|upkeep
|
|t:|1756242895
|switch|p2a: Pelipper|Pelipper, L50, F, shiny|61/100
|-weather|RainDance|[from] ability: Drizzle|[of] p2a: Pelipper
|turn|9
|
|t:|1756242913
|move|p2b: Gholdengo|Shadow Ball|p1b: Peso|[miss]
|-miss|p2b: Gholdengo|p1b: Peso
|move|p1b: Peso|Draco Meteor|p2a: Pelipper
|-damage|p2a: Pelipper|3/100
|-unboost|p1b: Peso|spa|2
|move|p2a: Pelipper|Hurricane|p1b: Peso
|-damage|p1b: Peso|0 fnt
|faint|p1b: Peso
|
|win|dycheball
||MrTedno is ready for game 3.
|inactive|dycheball has 30 seconds to confirm battle start!
||dycheball is ready for game 3.
|uhtml|next|Next: Game 3 of 3
|l|☆dycheball
|player|p2|
