|j|☆smlnatya
|j|☆ExessVGC
|html|smlnatyaExessVGC    
|uhtml|bestof|Game 2 of a best-of-3
|t:|1756952822
|gametype|doubles
|player|p1|smlnatya|266|1118
|player|p2|ExessVGC|169|1243
|gen|9
|tier|[Gen 9] VGC 2025 Reg H (Bo3)
|rated|
|rule|Species Clause: Limit one of each Pokémon
|rule|Item Clause: Limit 1 of each item
|clearpoke
|poke|p1|Kommo-o, L50, F|
|poke|p1|Sneasler, L50, F|
|poke|p1|Incineroar, L50, M|
|poke|p1|Amoonguss, L50, F|
|poke|p1|Ninetales-Alola, L50, F|
|poke|p1|Basculegion, L50, M|
|poke|p2|Archaludon, L50, F|
|poke|p2|Pelipper, L50, M|
|poke|p2|Amoonguss, L50, F|
|poke|p2|Basculegion, L50, M|
|poke|p2|Weavile, L50, F|
|poke|p2|Incineroar, L50, M|
|teampreview|4
|showteam|p1|Kommo-o||LifeOrb|Overcoat|ClangingScales,FlashCannon,Protect,ClangorousSoul|||F|||50|,,,,,Steel]Sneasler||FocusSash|Unburden|DireClaw,CloseCombat,Protect,Taunt|||F|||50|,,,,,Stellar]Incineroar||AssaultVest|Intimidate|KnockOff,FakeOut,Uturn,FlareBlitz|||M|||50|,,,,,Grass]Amoonguss||CovertCloak|Regenerator|ClearSmog,Spore,PollenPuff,RagePowder|||F|||50|,,,,,Fairy]Ninetales-Alola||NeverMeltIce|SnowWarning|Blizzard,IcyWind,Protect,FreezeDry|||F|||50|,,,,,Water]Basculegion||ChoiceScarf|Adaptability|FlipTurn,WaveCrash,AquaJet,LastRespects|||M|||50|,,,,,Water
|showteam|p2|Archaludon||AssaultVest|Stamina|BodyPress,FlashCannon,ElectroShot,DracoMeteor|||F|||50|,,,,,Dragon]Pelipper||SafetyGoggles|Drizzle|WeatherBall,Hurricane,WideGuard,Tailwind|||M|||50|,,,,,Ground]Amoonguss||RockyHelmet|Regenerator|SludgeBomb,Spore,RagePowder,Protect|||F|||50|,,,,,Water]Basculegion||ChoiceScarf|Adaptability|FlipTurn,WaveCrash,LastRespects,AquaJet|||M|||50|,,,,,Grass]Weavile||FocusSash|Pickpocket|IceSpinner,Protect,ThroatChop,Taunt|||F|||50|,,,,,Ghost]Incineroar||SitrusBerry|Intimidate|FakeOut,KnockOff,PartingShot,FlareBlitz|||M|||50|,,,,,Ghost
|inactive|Battle timer is ON: inactive players will automatically lose when time's up. (requested by ExessVGC)
|
|t:|1756952901
|teamsize|p1|4
|teamsize|p2|4
|start
|switch|p1a: Amoonguss|Amoonguss, L50, F, shiny|100/100
|switch|p1b: Ninetales|Ninetales-Alola, L50, F, shiny|100/100
|switch|p2a: Piranha 3D|Basculegion, L50, M, shiny|100/100
|switch|p2b: Il Campione|Incineroar, L50, M, shiny|100/100
|-weather|Snowscape|[from] ability: Snow Warning|[of] p1b: Ninetales
|-ability|p2b: Il Campione|Intimidate|boost
|-unboost|p1a: Amoonguss|atk|1
|-unboost|p1b: Ninetales|atk|1
|turn|1
|inactive|smlnatya has 30 seconds left.
|inactive|ExessVGC has 30 seconds left.
|inactive|smlnatya has 20 seconds left.
|inactive|ExessVGC has 20 seconds left.
|inactive|smlnatya has 15 seconds left.
|
|t:|1756952942
|move|p2a: Piranha 3D|Flip Turn|p1a: Amoonguss
|-resisted|p1a: Amoonguss
|-damage|p1a: Amoonguss|85/100
|
|t:|1756952951
|switch|p2a: Mufasa|Archaludon, L50, F, shiny|100/100|[from] Flip Turn
|move|p1b: Ninetales|Freeze-Dry|p2a: Mufasa
|-damage|p2a: Mufasa|81/100
|-ability|p2a: Mufasa|Stamina|boost
|-boost|p2a: Mufasa|def|1
|move|p2b: Il Campione|Flare Blitz|p1a: Amoonguss
|-supereffective|p1a: Amoonguss
|-damage|p1a: Amoonguss|0 fnt
|faint|p1a: Amoonguss
|-damage|p2b: Il Campione|67/100|[from] Recoil
|
|-weather|Snowscape|[upkeep]
|upkeep
|
|t:|1756952968
|switch|p1a: Basculegion|Basculegion, L50, M, shiny|100/100
|turn|2
|inactive|smlnatya has 30 seconds left.
|inactive|smlnatya has 20 seconds left.
|inactive|smlnatya has 15 seconds left.
|inactive|smlnatya has 10 seconds left.
|
|t:|1756953015
|switch|p2b: Peeko|Pelipper, L50, M, shiny|100/100
|-weather|RainDance|[from] ability: Drizzle|[of] p2b: Peeko
|-terastallize|p1a: Basculegion|Water
|move|p1a: Basculegion|Flip Turn|p2b: Peeko
|-resisted|p2b: Peeko
|-damage|p2b: Peeko|72/100
|
|t:|1756953024
|switch|p1a: Incineroar|Incineroar, L50, M, shiny|100/100|[from] Flip Turn
|-ability|p1a: Incineroar|Intimidate|boost
|-unboost|p2a: Mufasa|atk|1
|-unboost|p2b: Peeko|atk|1
|move|p1b: Ninetales|Freeze-Dry|p2b: Peeko
|-supereffective|p2b: Peeko
|-damage|p2b: Peeko|0 fnt
|faint|p2b: Peeko
|move|p2a: Mufasa|Electro Shot||[still]
|-prepare|p2a: Mufasa|Electro Shot
|-boost|p2a: Mufasa|spa|1
|-anim|p2a: Mufasa|Electro Shot|p1a: Incineroar
|-damage|p1a: Incineroar|66/100
|
|-weather|RainDance|[upkeep]
|upkeep
|
|t:|1756953037
|switch|p2b: Il Campione|Incineroar, L50, M, shiny|67/100
|-ability|p2b: Il Campione|Intimidate|boost
|-unboost|p1a: Incineroar|atk|1
|-unboost|p1b: Ninetales|atk|1
|turn|3
|inactive|smlnatya has 30 seconds left.
|
|t:|1756953064
|switch|p1b: Basculegion|Basculegion, L50, M, shiny, tera:Water|100/100
|move|p1a: Incineroar|Fake Out|p2a: Mufasa
|-resisted|p2a: Mufasa
|-damage|p2a: Mufasa|79/100
|-ability|p2a: Mufasa|Stamina|boost
|-boost|p2a: Mufasa|def|1
|move|p2b: Il Campione|Fake Out|p1b: Basculegion
|-damage|p1b: Basculegion|83/100
|cant|p2a: Mufasa|flinch
|
|-weather|RainDance|[upkeep]
|upkeep
|turn|4
|inactive|smlnatya has 30 seconds left.
|inactive|ExessVGC has 30 seconds left.
|inactive|smlnatya has 20 seconds left.
|inactive|smlnatya has 15 seconds left.
|
|t:|1756953108
|move|p1b: Basculegion|Flip Turn|p2b: Il Campione
|-supereffective|p2b: Il Campione
|-damage|p2b: Il Campione|0 fnt
|faint|p2b: Il Campione
|
|t:|1756953113
|switch|p1b: Ninetales|Ninetales-Alola, L50, F, shiny|100/100|[from] Flip Turn
|-weather|Snowscape|[from] ability: Snow Warning|[of] p1b: Ninetales
|move|p1a: Incineroar|U-turn|p2a: Mufasa
|-resisted|p2a: Mufasa
|-damage|p2a: Mufasa|77/100
|-ability|p2a: Mufasa|Stamina|boost
|-boost|p2a: Mufasa|def|1
|
|t:|1756953121
|switch|p1a: Basculegion|Basculegion, L50, M, shiny, tera:Water|83/100|[from] U-turn
|move|p2a: Mufasa|Body Press|p1b: Ninetales
|-damage|p1b: Ninetales|43/100
|
|-weather|Snowscape|[upkeep]
|upkeep
|
|t:|1756953127
|switch|p2b: Piranha 3D|Basculegion, L50, M, shiny|100/100
|turn|5
|inactive|smlnatya has 30 seconds left.
|inactive|smlnatya has 20 seconds left.
|inactive|smlnatya has 15 seconds left.
|inactive|smlnatya has 10 seconds left.
|
|t:|1756953176
|-terastallize|p2b: Piranha 3D|Grass
|move|p1b: Ninetales|Protect|p1b: Ninetales
|-singleturn|p1b: Ninetales|Protect
|move|p1a: Basculegion|Last Respects|p2b: Piranha 3D
|-damage|p2b: Piranha 3D|42/100
|move|p2b: Piranha 3D|Last Respects|p1b: Ninetales
|-activate|p1b: Ninetales|move: Protect
|move|p2a: Mufasa|Body Press|p1a: Basculegion
|-damage|p1a: Basculegion|9/100
|
|-weather|Snowscape|[upkeep]
|upkeep
|turn|6
|inactive|smlnatya has 30 seconds left.
|inactive|ExessVGC has 30 seconds left.
|inactive|smlnatya has 20 seconds left.
|inactive|smlnatya has 15 seconds left.
|inactive|smlnatya has 10 seconds left.
|inactive|smlnatya has 5 seconds left.
|
|t:|1756953227
|switch|p1b: Incineroar|Incineroar, L50, M, shiny|66/100
|-ability|p1b: Incineroar|Intimidate|boost
|-unboost|p2a: Mufasa|atk|1
|-unboost|p2b: Piranha 3D|atk|1
|move|p1a: Basculegion|Last Respects|p2b: Piranha 3D
|-damage|p2b: Piranha 3D|0 fnt
|faint|p2b: Piranha 3D
|move|p2a: Mufasa|Body Press|p1b: Incineroar
|-supereffective|p1b: Incineroar
|-damage|p1b: Incineroar|0 fnt
|faint|p1b: Incineroar
|
|-weather|Snowscape|[upkeep]
|upkeep
|
|t:|1756953239
|switch|p1b: Ninetales|Ninetales-Alola, L50, F, shiny|43/100
|turn|7
|
|t:|1756953249
|move|p1a: Basculegion|Last Respects|p2a: Mufasa
|-damage|p2a: Mufasa|56/100
|-ability|p2a: Mufasa|Stamina|boost
|-boost|p2a: Mufasa|def|1
|move|p1b: Ninetales|Blizzard|p2a: Mufasa
|-damage|p2a: Mufasa|27/100
|-ability|p2a: Mufasa|Stamina|boost
|-boost|p2a: Mufasa|def|1
|move|p2a: Mufasa|Body Press|p1b: Ninetales
|-damage|p1b: Ninetales|0 fnt
|faint|p1b: Ninetales
|
|-weather|Snowscape|[upkeep]
|upkeep
|turn|8
|
|t:|1756953263
|move|p1a: Basculegion|Last Respects|p2a: Mufasa
|-damage|p2a: Mufasa|8/100
|-ability|p2a: Mufasa|Stamina|boost
|-boost|p2a: Mufasa|def|1
|move|p2a: Mufasa|Body Press|p1a: Basculegion
|-damage|p1a: Basculegion|0 fnt
|faint|p1a: Basculegion
|
|win|ExessVGC
|raw|smlnatya's rating: 1118 → 1102(-16 for losing)
|raw|ExessVGC's rating: 1243 → 1259(+16 for winning)
|l|☆smlnatya
|player|p1|
