|j|☆StardragonVGC
|j|☆Blitzball Ace
|html|StardragonVGCBlitzball Ace    
|uhtml|bestof|Game 2 of a best-of-3
|t:|1755741165
|gametype|doubles
|player|p1|StardragonVGC|scientist|1179
|player|p2|Blitzball Ace|kamado-armor|1312
|gen|9
|tier|[Gen 9] VGC 2025 Reg H (Bo3)
|rated|
|rule|Species Clause: Limit one of each Pokémon
|rule|Item Clause: Limit 1 of each item
|clearpoke
|poke|p1|Ursaluna, L50, F|
|poke|p1|Jumpluff, L50, F|
|poke|p1|Torkoal, L50, F|
|poke|p1|Porygon2, L50|
|poke|p1|Incineroar, L50, F|
|poke|p1|Ceruledge, L50, F|
|poke|p2|Garchomp, L50, M|
|poke|p2|Incineroar, L50, M|
|poke|p2|Gholdengo, L50|
|poke|p2|Porygon2, L50|
|poke|p2|Primarina, L50, M|
|poke|p2|Vivillon-Polar, L50, M|
|teampreview|4
|showteam|p1|Ursaluna||FlameOrb|Guts|HeadlongRush,Facade,Protect,Earthquake|||F|||50|,,,,,Ghost]Jumpluff||CovertCloak|Chlorophyll|PollenPuff,SunnyDay,Tailwind,SleepPowder|||F|||50|,,,,,Dark]Torkoal||EjectPack|Drought|Eruption,Protect,WeatherBall,Overheat|||F|||50|,,,,,Fire]Porygon2||Eviolite|Download|TrickRoom,IceBeam,Recover,TeraBlast||||||50|,,,,,Fighting]Incineroar||SafetyGoggles|Intimidate|FakeOut,KnockOff,FlareBlitz,PartingShot|||F|||50|,,,,,Ghost]Ceruledge||ClearAmulet|FlashFire|BitterBlade,ShadowClaw,FlameCharge,Protect|||F|||50|,,,,,Bug
|showteam|p2|Garchomp||LifeOrb|RoughSkin|Earthquake,DragonClaw,StompingTantrum,Protect|||M|||50|,,,,,Steel]Incineroar||SafetyGoggles|Intimidate|FakeOut,FlareBlitz,KnockOff,PartingShot|||M|||50|,,,,,Ghost]Gholdengo||MetalCoat|GoodasGold|MakeItRain,ShadowBall,NastyPlot,Protect||||||50|,,,,,Dragon]Porygon2||Eviolite|Download|TeraBlast,IceBeam,TrickRoom,Recover||||||50|,,,,,Fighting]Primarina||SitrusBerry|LiquidVoice|HyperVoice,Moonblast,Haze,Protect|||M|||50|,,,,,Poison]Vivillon-Polar||FocusSash|CompoundEyes|Hurricane,SleepPowder,Protect,RagePowder|||M|||50|,,,,,Ghost
|inactive|Battle timer is ON: inactive players will automatically lose when time's up. (requested by StardragonVGC)
|inactive|StardragonVGC has 60 seconds left.
|
|t:|1755741202
|teamsize|p1|4
|teamsize|p2|4
|start
|switch|p1a: Jumpluff|Jumpluff, L50, F|100/100
|switch|p1b: Ursaluna|Ursaluna, L50, F|100/100
|switch|p2a: Dalinar|Incineroar, L50, M, shiny|100/100
|switch|p2b: Adolin|Gholdengo, L50|100/100
|-ability|p2a: Dalinar|Intimidate|boost
|-unboost|p1a: Jumpluff|atk|1
|-unboost|p1b: Ursaluna|atk|1
|turn|1
|
|t:|1755741224
|-terastallize|p1a: Jumpluff|Dark
|move|p1b: Ursaluna|Protect|p1b: Ursaluna
|-singleturn|p1b: Ursaluna|Protect
|move|p1a: Jumpluff|Tailwind|p1a: Jumpluff
|-sidestart|p1: StardragonVGC|move: Tailwind
|move|p2b: Adolin|Nasty Plot|p2b: Adolin
|-boost|p2b: Adolin|spa|2
|move|p2a: Dalinar|Knock Off|p1b: Ursaluna
|-activate|p1b: Ursaluna|move: Protect
|
|-status|p1b: Ursaluna|brn|[from] item: Flame Orb
|upkeep
|turn|2
|inactive|StardragonVGC has 30 seconds left.
|
|t:|1755741253
|switch|p2a: Sylphrena|Vivillon-Polar, L50, M|100/100
|move|p2b: Adolin|Protect|p2b: Adolin
|-singleturn|p2b: Adolin|Protect
|move|p1a: Jumpluff|Pollen Puff|p2b: Adolin
|-activate|p2b: Adolin|move: Protect
|move|p1b: Ursaluna|Earthquake|p2a: Sylphrena|[spread] p1a
|-activate|p2b: Adolin|move: Protect
|-immune|p2a: Sylphrena
|-damage|p1a: Jumpluff|46/100
|
|-damage|p1b: Ursaluna|95/100 brn|[from] brn
|upkeep
|turn|3
|
|t:|1755741276
|-terastallize|p2b: Adolin|Dragon
|move|p2a: Sylphrena|Protect|p2a: Sylphrena
|-singleturn|p2a: Sylphrena|Protect
|move|p1a: Jumpluff|Sleep Powder|p2a: Sylphrena
|-activate|p2a: Sylphrena|move: Protect
|move|p1b: Ursaluna|Headlong Rush|p2b: Adolin
|-damage|p2b: Adolin|26/100
|-unboost|p1b: Ursaluna|def|1
|-unboost|p1b: Ursaluna|spd|1
|move|p2b: Adolin|Make It Rain|p1a: Jumpluff|[spread] p1a,p1b
|-damage|p1a: Jumpluff|0 fnt
|-damage|p1b: Ursaluna|0 fnt
|-unboost|p2b: Adolin|spa|1
|faint|p1a: Jumpluff
|faint|p1b: Ursaluna
|
|upkeep
|
|t:|1755741292
|switch|p1a: Ceruledge|Ceruledge, L50, F|100/100
|switch|p1b: Porygon2|Porygon2, L50|100/100
|-ability|p1b: Porygon2|Download|boost
|-boost|p1b: Porygon2|spa|1
|turn|4
|
|t:|1755741305
|switch|p2a: Dalinar|Incineroar, L50, M, shiny|100/100
|-ability|p2a: Dalinar|Intimidate|boost
|-fail|p1a: Ceruledge|unboost|[from] item: Clear Amulet|[of] p1a: Ceruledge
|-unboost|p1b: Porygon2|atk|1
|move|p2b: Adolin|Protect|p2b: Adolin
|-singleturn|p2b: Adolin|Protect
|move|p1a: Ceruledge|Flame Charge|p2a: Dalinar
|-resisted|p2a: Dalinar
|-damage|p2a: Dalinar|88/100
|-boost|p1a: Ceruledge|spe|1
|move|p1b: Porygon2|Ice Beam|p2b: Adolin
|-activate|p2b: Adolin|move: Protect
|
|-sideend|p1: StardragonVGC|move: Tailwind
|upkeep
|turn|5
|inactive|StardragonVGC has 30 seconds left.
|inactive|Blitzball Ace has 30 seconds left.
|
|t:|1755741339
|move|p1a: Ceruledge|Protect|p1a: Ceruledge
|-singleturn|p1a: Ceruledge|Protect
|move|p2b: Adolin|Shadow Ball|p1a: Ceruledge
|-activate|p1a: Ceruledge|move: Protect
|move|p2a: Dalinar|Knock Off|p1b: Porygon2
|-damage|p1b: Porygon2|75/100
|-enditem|p1b: Porygon2|Eviolite|[from] move: Knock Off|[of] p2a: Dalinar
|move|p1b: Porygon2|Ice Beam|p2b: Adolin
|-supereffective|p2b: Adolin
|-damage|p2b: Adolin|0 fnt
|faint|p2b: Adolin
|
|upkeep
|
|t:|1755741358
|switch|p2b: Sylphrena|Vivillon-Polar, L50, M|100/100
|turn|6
|inactive|StardragonVGC has 30 seconds left.
|inactive|StardragonVGC has 20 seconds left.
|inactive|StardragonVGC has 15 seconds left.
|
|t:|1755741400
|move|p1a: Ceruledge|Flame Charge|p2b: Sylphrena
|-supereffective|p2b: Sylphrena
|-enditem|p2b: Sylphrena|Focus Sash
|-damage|p2b: Sylphrena|1/100
|-boost|p1a: Ceruledge|spe|1
|move|p2b: Sylphrena|Sleep Powder|p1b: Porygon2
|-status|p1b: Porygon2|slp|[from] move: Sleep Powder
|move|p2a: Dalinar|Knock Off|p1a: Ceruledge
|-supereffective|p1a: Ceruledge
|-damage|p1a: Ceruledge|0 fnt
|-enditem|p1a: Ceruledge|Clear Amulet|[from] move: Knock Off|[of] p2a: Dalinar
|faint|p1a: Ceruledge
|cant|p1b: Porygon2|slp
|
|upkeep
|turn|7
|-message|StardragonVGC forfeited.
|
|win|Blitzball Ace
|raw|StardragonVGC's rating: 1179 → 1163(-16 for losing)
|raw|Blitzball Ace's rating: 1312 → 1325(+13 for winning)
