|j|☆Drti7
|j|☆browe
|html|Drti7browe    
|uhtml|bestof|Game 2 of a best-of-3
|t:|1757720362
|gametype|doubles
|player|p1|Drti7|brycenman|1198
|player|p2|browe|shadowtriad|1219
|gen|9
|tier|[Gen 9] VGC 2025 Reg H (Bo3)
|rated|
|rule|Species Clause: Limit one of each Pokémon
|rule|Item Clause: Limit 1 of each item
|clearpoke
|poke|p1|Baxcalibur, L50, F|
|poke|p1|Amoonguss, L50, M|
|poke|p1|Kilowattrel, L50, M|
|poke|p1|Incineroar, L50, M|
|poke|p1|Ursaluna-Bloodmoon, L50, M|
|poke|p1|Annihilape, L50, F|
|poke|p2|Sneasler, L50, F|
|poke|p2|Pelipper, L50, M|
|poke|p2|Basculegion, L50, M|
|poke|p2|Indeedee, L50, M|
|poke|p2|Amoonguss, L50, M|
|poke|p2|Archaludon, L50, F|
|teampreview|4
|showteam|p1|Baxcalibur||LoadedDice|ThermalExchange|ScaleShot,IcicleSpear,HighHorsepower,Protect|||F|||50|,,,,,Steel]Amoonguss||RockyHelmet|Regenerator|Spore,RagePowder,PollenPuff,ClearSmog|||M|||50|,,,,,Psychic]Kilowattrel||FocusSash|Competitive|Thunderbolt,ThunderWave,Tailwind,Protect|||M|||50|,,,,,Ghost]Incineroar||SitrusBerry|Intimidate|FlareBlitz,KnockOff,FakeOut,PartingShot|||M|||50|,,,,,Ghost]Ursaluna-Bloodmoon||AssaultVest|MindsEye|HyperVoice,BloodMoon,EarthPower,VacuumWave|||M|||50|,,,,,Water]Annihilape||SafetyGoggles|Defiant|RageFist,CloseCombat,FinalGambit,Coaching|||F|||50|,,,,,Dark
|showteam|p2|Sneasler||PsychicSeed|Unburden|DireClaw,CloseCombat,ThroatChop,Protect|||F|||50|,,,,,Dark]Pelipper||FocusSash|Drizzle|Hurricane,WeatherBall,Tailwind,Protect|||M|||50|,,,,,Ghost]Basculegion||ChoiceBand|SwiftSwim|WaveCrash,LastRespects,AquaJet,FlipTurn|||M|||50|,,,,,Grass]Indeedee||ChoiceScarf|PsychicSurge|ExpandingForce,DazzlingGleam,ShadowBall,Trick|||M|||50|,,,,,Psychic]Amoonguss||SitrusBerry|Regenerator|PollenPuff,RagePowder,ClearSmog,Spore|||M|||50|,,,,,Psychic]Archaludon||AssaultVest|Stamina|DracoMeteor,FlashCannon,ElectroShot,BodyPress|||F|||50|,,,,,Bug
|
|t:|1757720426
|teamsize|p1|4
|teamsize|p2|4
|start
|switch|p1a: Kilowattrel|Kilowattrel, L50, M|100/100
|switch|p1b: Amoonguss|Amoonguss, L50, M|100/100
|switch|p2a: Basculegion|Basculegion, L50, M|100/100
|switch|p2b: Archaludon|Archaludon, L50, F|100/100
|turn|1
|
|t:|1757720464
|switch|p2b: Amoonguss|Amoonguss, L50, M|100/100
|move|p1a: Kilowattrel|Thunder Wave|p2b: Amoonguss
|-status|p2b: Amoonguss|par
|move|p2a: Basculegion|Flip Turn|p1a: Kilowattrel
|-damage|p1a: Kilowattrel|16/100
|
|t:|1757720480
|switch|p2a: Pelipper|Pelipper, L50, M|100/100|[from] Flip Turn
|-weather|RainDance|[from] ability: Drizzle|[of] p2a: Pelipper
|move|p1b: Amoonguss|Spore|p2a: Pelipper
|-status|p2a: Pelipper|slp|[from] move: Spore
|
|-weather|RainDance|[upkeep]
|upkeep
|turn|2
|
|t:|1757720507
|move|p2b: Amoonguss|Rage Powder|p2b: Amoonguss
|-singleturn|p2b: Amoonguss|move: Rage Powder
|move|p1a: Kilowattrel|Thunderbolt|p2b: Amoonguss
|-resisted|p2b: Amoonguss
|-crit|p2b: Amoonguss
|-damage|p2b: Amoonguss|74/100 par
|cant|p2a: Pelipper|slp
|move|p1b: Amoonguss|Pollen Puff|p1a: Kilowattrel
|-heal|p1a: Kilowattrel|66/100
|
|-weather|RainDance|[upkeep]
|upkeep
|turn|3
|
|t:|1757720539
|move|p2b: Amoonguss|Rage Powder|p2b: Amoonguss
|-singleturn|p2b: Amoonguss|move: Rage Powder
|move|p1a: Kilowattrel|Tailwind|p1a: Kilowattrel
|-sidestart|p1: Drti7|move: Tailwind
|cant|p2a: Pelipper|slp
|move|p1b: Amoonguss|Pollen Puff|p1a: Kilowattrel
|-heal|p1a: Kilowattrel|100/100
|
|-weather|RainDance|[upkeep]
|upkeep
|turn|4
|
|t:|1757720565
|switch|p2a: Basculegion|Basculegion, L50, M|100/100
|cant|p2b: Amoonguss|par
|move|p1a: Kilowattrel|Thunderbolt|p2a: Basculegion
|-supereffective|p2a: Basculegion
|-damage|p2a: Basculegion|21/100
|move|p1b: Amoonguss|Spore|p2a: Basculegion
|-status|p2a: Basculegion|slp|[from] move: Spore
|
|-weather|RainDance|[upkeep]
|upkeep
|turn|5
|
|t:|1757720614
|move|p2b: Amoonguss|Rage Powder|p2b: Amoonguss
|-singleturn|p2b: Amoonguss|move: Rage Powder
|move|p1a: Kilowattrel|Thunderbolt|p2b: Amoonguss
|-resisted|p2b: Amoonguss
|-damage|p2b: Amoonguss|55/100 par
|cant|p2a: Basculegion|slp
|move|p1b: Amoonguss|Pollen Puff|p2a: Basculegion
|-resisted|p2a: Basculegion
|-damage|p2a: Basculegion|11/100 slp
|
|-weather|none
|upkeep
|turn|6
|
|t:|1757720647
|switch|p1a: Incineroar|Incineroar, L50, M|100/100
|-ability|p1a: Incineroar|Intimidate|boost
|-unboost|p2a: Basculegion|atk|1
|-unboost|p2b: Amoonguss|atk|1
|switch|p2b: Pelipper|Pelipper, L50, M|100/100 slp
|-weather|RainDance|[from] ability: Drizzle|[of] p2b: Pelipper
|-curestatus|p2a: Basculegion|slp|[msg]
|move|p2a: Basculegion|Flip Turn|p1a: Incineroar
|-supereffective|p1a: Incineroar
|-damage|p1a: Incineroar|9/100
|-enditem|p1a: Incineroar|Sitrus Berry|[eat]
|-heal|p1a: Incineroar|34/100|[from] item: Sitrus Berry
|
|t:|1757720671
|switch|p2a: Amoonguss|Amoonguss, L50, M|88/100 par|[from] Flip Turn
|move|p1b: Amoonguss|Clear Smog|p2a: Amoonguss
|-damage|p2a: Amoonguss|76/100 par
|-clearboost|p2a: Amoonguss
|
|-weather|RainDance|[upkeep]
|-sideend|p1: Drti7|move: Tailwind
|upkeep
|turn|7
|
|t:|1757720688
|move|p1a: Incineroar|Fake Out|p2b: Pelipper
|-damage|p2b: Pelipper|86/100 slp
|cant|p2b: Pelipper|slp
|move|p1b: Amoonguss|Pollen Puff|p1a: Incineroar
|-heal|p1a: Incineroar|84/100
|move|p2a: Amoonguss|Pollen Puff|p2b: Pelipper
|-heal|p2b: Pelipper|100/100 slp
|
|-weather|RainDance|[upkeep]
|upkeep
|turn|8
|
|t:|1757720710
|switch|p1b: Kilowattrel|Kilowattrel, L50, M|100/100
|move|p2a: Amoonguss|Rage Powder|p2a: Amoonguss
|-singleturn|p2a: Amoonguss|move: Rage Powder
|-curestatus|p2b: Pelipper|slp|[msg]
|move|p2b: Pelipper|Hurricane|p1b: Kilowattrel
|-resisted|p1b: Kilowattrel
|-damage|p1b: Kilowattrel|50/100
|move|p1a: Incineroar|Knock Off|p2a: Amoonguss
|-damage|p2a: Amoonguss|40/100 par
|-enditem|p2a: Amoonguss|Sitrus Berry|[from] move: Knock Off|[of] p1a: Incineroar
|
|-weather|RainDance|[upkeep]
|upkeep
|turn|9
|
|t:|1757720747
|-terastallize|p1a: Incineroar|Ghost
|cant|p2a: Amoonguss|par
|move|p1b: Kilowattrel|Tailwind|p1b: Kilowattrel
|-sidestart|p1: Drti7|move: Tailwind
|move|p1a: Incineroar|Flare Blitz|p2a: Amoonguss
|-supereffective|p2a: Amoonguss
|-damage|p2a: Amoonguss|0 fnt
|faint|p2a: Amoonguss
|-damage|p1a: Incineroar|69/100|[from] Recoil
|move|p2b: Pelipper|Weather Ball|p1b: Kilowattrel
|-damage|p1b: Kilowattrel|0 fnt
|faint|p1b: Kilowattrel
|
|-weather|RainDance|[upkeep]
|upkeep
|
|t:|1757720763
|switch|p1b: Amoonguss|Amoonguss, L50, M|100/100
|switch|p2a: Basculegion|Basculegion, L50, M|11/100
|turn|10
|
|t:|1757720787
|switch|p2b: Archaludon|Archaludon, L50, F|100/100
|move|p1b: Amoonguss|Rage Powder|p1b: Amoonguss
|-singleturn|p1b: Amoonguss|move: Rage Powder
|move|p2a: Basculegion|Wave Crash|p1b: Amoonguss
|-resisted|p1b: Amoonguss
|-damage|p1b: Amoonguss|46/100
|-damage|p2a: Basculegion|0 fnt|[from] item: Rocky Helmet|[of] p1b: Amoonguss
|faint|p2a: Basculegion
|move|p1a: Incineroar|Knock Off|p2b: Archaludon
|-damage|p2b: Archaludon|68/100
|-ability|p2b: Archaludon|Stamina|boost
|-boost|p2b: Archaludon|def|1
|-enditem|p2b: Archaludon|Assault Vest|[from] move: Knock Off|[of] p1a: Incineroar
|
|-weather|none
|upkeep
|
|t:|1757720798
|switch|p2a: Pelipper|Pelipper, L50, M|100/100
|-weather|RainDance|[from] ability: Drizzle|[of] p2a: Pelipper
|turn|11
|
|t:|1757720816
|move|p1a: Incineroar|Parting Shot|p2b: Archaludon
|-unboost|p2b: Archaludon|atk|1
|-unboost|p2b: Archaludon|spa|1
|
|t:|1757720823
|switch|p1a: Ursaluna|Ursaluna-Bloodmoon, L50, M|100/100|[from] Parting Shot
|move|p2a: Pelipper|Hurricane|p1b: Amoonguss
|-supereffective|p1b: Amoonguss
|-damage|p1b: Amoonguss|0 fnt
|faint|p1b: Amoonguss
|move|p2b: Archaludon|Electro Shot||[still]
|-prepare|p2b: Archaludon|Electro Shot
|-boost|p2b: Archaludon|spa|1
|-anim|p2b: Archaludon|Electro Shot|p1a: Ursaluna
|-immune|p1a: Ursaluna
|
|-weather|RainDance|[upkeep]
|upkeep
|
|t:|1757720835
|switch|p1b: Incineroar|Incineroar, L50, M, tera:Ghost|69/100
|-ability|p1b: Incineroar|Intimidate|boost
|-unboost|p2a: Pelipper|atk|1
|-unboost|p2b: Archaludon|atk|1
|turn|12
|
|t:|1757720851
|-terastallize|p2a: Pelipper|Ghost
|move|p1b: Incineroar|Fake Out|p2a: Pelipper
|-immune|p2a: Pelipper
|move|p1a: Ursaluna|Blood Moon|p2b: Archaludon
|-resisted|p2b: Archaludon
|-damage|p2b: Archaludon|30/100
|-ability|p2b: Archaludon|Stamina|boost
|-boost|p2b: Archaludon|def|1
|move|p2a: Pelipper|Weather Ball|p1a: Ursaluna
|-supereffective|p1a: Ursaluna
|-damage|p1a: Ursaluna|0 fnt
|faint|p1a: Ursaluna
|move|p2b: Archaludon|Body Press|p1b: Incineroar
|-immune|p1b: Incineroar
|
|-weather|RainDance|[upkeep]
|-sideend|p1: Drti7|move: Tailwind
|upkeep
|turn|13
|
|t:|1757720872
|move|p2a: Pelipper|Hurricane|p1b: Incineroar
|-damage|p1b: Incineroar|19/100
|-start|p1b: Incineroar|confusion
|move|p2b: Archaludon|Electro Shot||[still]
|-prepare|p2b: Archaludon|Electro Shot
|-boost|p2b: Archaludon|spa|1
|-anim|p2b: Archaludon|Electro Shot|p1b: Incineroar
|-damage|p1b: Incineroar|0 fnt
|faint|p1b: Incineroar
|
|win|browe
||browe is ready for game 3.
|inactive|Drti7 has 30 seconds to confirm battle start!
||Drti7 is ready for game 3.
|uhtml|next|Next: Game 3 of 3
|l|☆Drti7
|player|p1|
