|j|☆nagc_17
|j|☆Noyomi
|html|nagc_17Noyomi    
|uhtml|bestof|Game 2 of a best-of-3
|t:|1785117326
|gametype|doubles
|player|p1|nagc_17|scientist|
|player|p2|Noyomi|pokemonrangerf|
|gen|9
|tier|[Gen 9 Champions] VGC 2026 Reg M-B (Bo3)
|rule|Species Clause: Limit one of each Pokémon
|rule|Item Clause: Limit 1 of each item
|clearpoke
|poke|p1|Delphox, L50, M|
|poke|p1|Whimsicott, L50, F|
|poke|p1|Alcremie, L50, F|
|poke|p1|Ceruledge, L50, M|
|poke|p1|Pangoro, L50, F|
|poke|p1|Mimikyu, L50, M|
|poke|p2|Charizard, L50, M|
|poke|p2|Garchomp, L50, M|
|poke|p2|Sneasler, L50, M|
|poke|p2|Venusaur, L50, F|
|poke|p2|Milotic, L50, F|
|poke|p2|Ampharos, L50, F|
|teampreview|4
|showteam|p1|Delphox||Delphoxite|Blaze|HeatWave,Psychic,Encore,Protect|Timid||M|||50|]Whimsicott||FocusSash|Prankster|Moonblast,Tailwind,Protect,SunnyDay|Timid||F|||50|]Alcremie||SitrusBerry|SweetVeil|Decorate,DazzlingGleam,HelpingHand,Protect|Calm||F|||50|]Ceruledge||ColburBerry|FlashFire|BitterBlade,ShadowSneak,BulkUp,Protect|Adamant||M|||50|]Pangoro||ExpertBelt|Scrappy|StormThrow,KnockOff,ThunderPunch,PartingShot|Adamant||F|||50|]Mimikyu||LifeOrb|Disguise|TrickRoom,PlayRough,ShadowSneak,Taunt|Adamant||M|||50|
|showteam|p2|Charizard||CharizarditeY|Blaze|HeatWave,SolarBeam,Protect,ScorchingSands|Timid||M|||50|]Garchomp||SitrusBerry|RoughSkin|Earthquake,DragonClaw,Protect,RockSlide|Adamant||M|||50|]Sneasler||WhiteHerb|Unburden|CloseCombat,DireClaw,FakeOut,Protect|Adamant||M|||50|]Venusaur||FocusSash|Chlorophyll|SleepPowder,SludgeBomb,Protect,GigaDrain|Timid||F|||50|]Milotic||Leftovers|Competitive|Scald,IcyWind,Protect,LifeDew|Bold||F|||50|]Ampharos||Ampharosite|Static|DragonPulse,ParabolicCharge,Protect,LightScreen|Modest||F|||50|
|
|t:|1785117376
|teamsize|p1|4
|teamsize|p2|4
|start
|switch|p1a: Mimikyu|Mimikyu, L50, M|100/100
|switch|p1b: Alcremie|Alcremie, L50, F|100/100
|switch|p2a: Soy Vegano|Venusaur, L50, F|100/100
|switch|p2b: Chi|Ampharos, L50, F|100/100
|turn|1
|
|t:|1785117401
|detailschange|p2b: Chi|Ampharos-Mega, L50, F
|-mega|p2b: Chi|Ampharos|Ampharosite
|-ability|p2b: Chi|Mold Breaker
|move|p2a: Soy Vegano|Sludge Bomb|p1b: Alcremie
|-supereffective|p1b: Alcremie|1
|-damage|p1b: Alcremie|27/100
|-enditem|p1b: Alcremie|Sitrus Berry|[eat]
|-heal|p1b: Alcremie|52/100|[from] item: Sitrus Berry
|move|p1a: Mimikyu|Taunt|p2a: Soy Vegano
|-start|p2a: Soy Vegano|move: Taunt
|move|p1b: Alcremie|Dazzling Gleam|p2b: Chi|[spread] p2a,p2b
|-resisted|p2a: Soy Vegano|1
|-supereffective|p2b: Chi|1
|-damage|p2a: Soy Vegano|88/100
|-damage|p2b: Chi|65/100
|move|p2b: Chi|Light Screen|p2b: Chi
|-sidestart|p2: Noyomi|move: Light Screen
|
|upkeep
|turn|2
|
|t:|1785117438
|move|p1b: Alcremie|Helping Hand|p1a: Mimikyu
|-singleturn|p1a: Mimikyu|Helping Hand|[of] p1b: Alcremie
|move|p2b: Chi|Protect|p2b: Chi
|-singleturn|p2b: Chi|Protect
|move|p2a: Soy Vegano|Sludge Bomb|p1b: Alcremie
|-supereffective|p1b: Alcremie|1
|-damage|p1b: Alcremie|0 fnt
|faint|p1b: Alcremie
|move|p1a: Mimikyu|Play Rough|p2b: Chi
|-activate|p2b: Chi|move: Protect
|
|upkeep
|
|t:|1785117452
|switch|p1b: Delphox|Delphox, L50, M|100/100
|turn|3
|
|t:|1785117482
|detailschange|p1b: Delphox|Delphox-Mega, L50, M
|-mega|p1b: Delphox|Delphox|Delphoxite
|move|p1b: Delphox|Encore|p2b: Chi
|-start|p2b: Chi|Encore
|move|p2b: Chi|Protect||[still]
|-fail|p2b: Chi
|move|p2a: Soy Vegano|Sludge Bomb|p1a: Mimikyu
|-activate|p1a: Mimikyu|ability: Disguise
|-damage|p1a: Mimikyu|100/100
|detailschange|p1a: Mimikyu|Mimikyu-Busted, L50, M
|-damage|p1a: Mimikyu|87/100|[from] pokemon: Mimikyu-Busted
|move|p1a: Mimikyu|Play Rough|p2b: Chi
|-supereffective|p2b: Chi|1
|-damage|p2b: Chi|0 fnt
|faint|p2b: Chi
|-damage|p1a: Mimikyu|77/100|[from] item: Life Orb
|
|upkeep
|
|t:|1785117503
|switch|p2b: Ku-chau|Sneasler, L50, M|100/100
|turn|4
|
|t:|1785117525
|move|p1b: Delphox|Protect|p1b: Delphox
|-singleturn|p1b: Delphox|Protect
|move|p2b: Ku-chau|Fake Out|p1b: Delphox
|-activate|p1b: Delphox|move: Protect
|move|p1a: Mimikyu|Shadow Sneak|p2b: Ku-chau
|-damage|p2b: Ku-chau|67/100
|-damage|p1a: Mimikyu|67/100|[from] item: Life Orb
|move|p2a: Soy Vegano|Sludge Bomb|p1a: Mimikyu
|-damage|p1a: Mimikyu|18/100
|-status|p1a: Mimikyu|psn
|
|-damage|p1a: Mimikyu|6/100 psn|[from] psn
|-end|p2a: Soy Vegano|move: Taunt
|upkeep
|turn|5
|
|t:|1785117553
|move|p2b: Ku-chau|Protect|p2b: Ku-chau
|-singleturn|p2b: Ku-chau|Protect
|move|p1a: Mimikyu|Shadow Sneak|p2b: Ku-chau
|-activate|p2b: Ku-chau|move: Protect
|move|p1b: Delphox|Heat Wave|p2a: Soy Vegano|[spread] p2a
|-activate|p2b: Ku-chau|move: Protect
|-supereffective|p2a: Soy Vegano|1
|-damage|p2a: Soy Vegano|32/100
|-status|p2a: Soy Vegano|brn
|move|p2a: Soy Vegano|Sludge Bomb|p1b: Delphox
|-damage|p1b: Delphox|61/100
|-status|p1b: Delphox|psn
|
|-damage|p1b: Delphox|49/100 psn|[from] psn
|-damage|p1a: Mimikyu|0 fnt|[from] psn
|faint|p1a: Mimikyu
|-damage|p2a: Soy Vegano|26/100 brn|[from] brn
|-sideend|p2: Noyomi|move: Light Screen
|upkeep
|
|t:|1785117573
|switch|p1a: Whimsicott|Whimsicott, L50, F|100/100
|turn|6
|
|t:|1785117601
|move|p1a: Whimsicott|Protect|p1a: Whimsicott
|-singleturn|p1a: Whimsicott|Protect
|move|p2a: Soy Vegano|Protect|p2a: Soy Vegano
|-singleturn|p2a: Soy Vegano|Protect
|move|p2b: Ku-chau|Dire Claw|p1a: Whimsicott
|-activate|p1a: Whimsicott|move: Protect
|move|p1b: Delphox|Psychic|p2b: Ku-chau
|-supereffective|p2b: Ku-chau|2
|-damage|p2b: Ku-chau|0 fnt
|faint|p2b: Ku-chau
|
|-damage|p1b: Delphox|37/100 psn|[from] psn
|-damage|p2a: Soy Vegano|21/100 brn|[from] brn
|upkeep
|
|t:|1785117614
|switch|p2b: Sssssss|Milotic, L50, F|100/100
|turn|7
|
|t:|1785117627
|move|p1a: Whimsicott|Sunny Day|p1a: Whimsicott
|-weather|SunnyDay
|move|p2a: Soy Vegano|Sludge Bomb|p1a: Whimsicott
|-supereffective|p1a: Whimsicott|2
|-enditem|p1a: Whimsicott|Focus Sash
|-damage|p1a: Whimsicott|1/100
|move|p1b: Delphox|Heat Wave|p2a: Soy Vegano|[spread] 
|-miss|p1b: Delphox|p2a: Soy Vegano
|-miss|p1b: Delphox|p2b: Sssssss
|move|p2b: Sssssss|Scald|p1b: Delphox
|-supereffective|p1b: Delphox|1
|-damage|p1b: Delphox|12/100 psn
|
|-weather|SunnyDay|[upkeep]
|-damage|p1b: Delphox|0 fnt|[from] psn
|faint|p1b: Delphox
|-damage|p2a: Soy Vegano|15/100 brn|[from] brn
|upkeep
|turn|8
|
|t:|1785117651
|move|p2a: Soy Vegano|Sludge Bomb|p1a: Whimsicott
|-supereffective|p1a: Whimsicott|2
|-damage|p1a: Whimsicott|0 fnt
|faint|p1a: Whimsicott
|
|win|Noyomi
