|j|☆HolgerD
|j|☆PaniniWeenie
|html|HolgerDPaniniWeenie    
|uhtml|bestof|Game 1 of a best-of-3
|t:|1757002541
|gametype|doubles
|player|p1|HolgerD|170|1362
|player|p2|PaniniWeenie|pokemaniac|1430
|gen|9
|tier|[Gen 9] VGC 2025 Reg H (Bo3)
|rated|
|rule|Species Clause: Limit one of each Pokémon
|rule|Item Clause: Limit 1 of each item
|clearpoke
|poke|p1|Maushold, L50|
|poke|p1|Pelipper, L50, F|
|poke|p1|Archaludon, L50, M|
|poke|p1|Ursaluna, L50, F|
|poke|p1|Sinistcha, L50|
|poke|p1|Basculegion, L50, M|
|poke|p2|Sneasler, L50, M|
|poke|p2|Volcarona, L50, M|
|poke|p2|Dragonite, L50, M|
|poke|p2|Rillaboom, L50, F|
|poke|p2|Electabuzz, L50, M|
|poke|p2|Kingambit, L50, F|
|teampreview|4
|showteam|p1|Maushold||WideLens|Technician|PopulationBomb,FollowMe,Taunt,Protect||||||50|,,,,,Ghost]Pelipper||FocusSash|Drizzle|Hurricane,MuddyWater,Tailwind,Protect|||F|||50|,,,,,Ghost]Archaludon||AssaultVest|Stamina|DragonPulse,ElectroShot,BodyPress,FlashCannon|||M|||50|,,,,,Bug]Ursaluna||FlameOrb|Guts|Facade,HeadlongRush,Earthquake,Protect|||F|||50|,,,,,Ghost]Sinistcha||SitrusBerry|Hospitality|MatchaGotcha,LifeDew,RagePowder,TrickRoom||||||50|,,,,,Dark]Basculegion||ChoiceBand|SwiftSwim|AquaJet,FlipTurn,LastRespects,WaveCrash|||M|||50|,,,,,Water
|showteam|p2|Sneasler||FocusSash|PoisonTouch|DireClaw,CloseCombat,FakeOut,Coaching|||M|||50|,,,,,Stellar]Volcarona||Leftovers|FlameBody|HeatWave,QuiverDance,Protect,TeraBlast|||M|||50|,,,,,Fairy]Dragonite||LoadedDice|Multiscale|ScaleShot,ExtremeSpeed,Haze,Protect|||M|||50|,,,,,Steel]Rillaboom||AssaultVest|GrassySurge|WoodHammer,GrassyGlide,HighHorsepower,FakeOut|||F|||50|,,,,,Fire]Electabuzz||Eviolite|VitalSpirit|FollowMe,Thunderbolt,Taunt,Protect|||M|||50|,,,,,Ghost]Kingambit||BlackGlasses|Defiant|KowtowCleave,SuckerPunch,SwordsDance,Protect|||F|||50|,,,,,Dark
|inactive|Battle timer is ON: inactive players will automatically lose when time's up. (requested by PaniniWeenie)
|
|t:|1757002575
|teamsize|p1|4
|teamsize|p2|4
|start
|switch|p1a: Pelipper|Pelipper, L50, F|100/100
|switch|p1b: Basculegion|Basculegion, L50, M|100/100
|switch|p2a: Electabuzz|Electabuzz, L50, M|100/100
|switch|p2b: Volcarona|Volcarona, L50, M|100/100
|-weather|RainDance|[from] ability: Drizzle|[of] p1a: Pelipper
|turn|1
|
|t:|1757002595
|-terastallize|p2b: Volcarona|Fairy
|move|p2a: Electabuzz|Follow Me|p2a: Electabuzz
|-singleturn|p2a: Electabuzz|move: Follow Me
|move|p1b: Basculegion|Wave Crash|p2a: Electabuzz
|-damage|p2a: Electabuzz|0 fnt
|faint|p2a: Electabuzz
|-damage|p1b: Basculegion|73/100|[from] Recoil
|move|p2b: Volcarona|Quiver Dance|p2b: Volcarona
|-boost|p2b: Volcarona|spa|1
|-boost|p2b: Volcarona|spd|1
|-boost|p2b: Volcarona|spe|1
|move|p1a: Pelipper|Tailwind|p1a: Pelipper
|-sidestart|p1: HolgerD|move: Tailwind
|
|-weather|RainDance|[upkeep]
|upkeep
|
|t:|1757002608
|switch|p2a: Rillaboom|Rillaboom, L50, F|100/100
|-fieldstart|move: Grassy Terrain|[from] ability: Grassy Surge|[of] p2a: Rillaboom
|turn|2
|
|t:|1757002620
|switch|p1b: Archaludon|Archaludon, L50, M|100/100
|move|p2a: Rillaboom|Fake Out|p1a: Pelipper
|-damage|p1a: Pelipper|82/100
|cant|p1a: Pelipper|flinch
|move|p2b: Volcarona|Quiver Dance|p2b: Volcarona
|-boost|p2b: Volcarona|spa|1
|-boost|p2b: Volcarona|spd|1
|-boost|p2b: Volcarona|spe|1
|
|-weather|RainDance|[upkeep]
|upkeep
|turn|3
|
|t:|1757002640
|move|p2b: Volcarona|Quiver Dance|p2b: Volcarona
|-boost|p2b: Volcarona|spa|1
|-boost|p2b: Volcarona|spd|1
|-boost|p2b: Volcarona|spe|1
|move|p1a: Pelipper|Hurricane|p2a: Rillaboom
|-supereffective|p2a: Rillaboom
|-damage|p2a: Rillaboom|28/100
|move|p1b: Archaludon|Electro Shot||[still]
|-prepare|p1b: Archaludon|Electro Shot
|-boost|p1b: Archaludon|spa|1
|-anim|p1b: Archaludon|Electro Shot|p2a: Rillaboom
|-resisted|p2a: Rillaboom
|-damage|p2a: Rillaboom|6/100
|move|p2a: Rillaboom|Wood Hammer|p1a: Pelipper
|-damage|p1a: Pelipper|0 fnt
|faint|p1a: Pelipper
|-damage|p2a: Rillaboom|0 fnt|[from] Recoil
|faint|p2a: Rillaboom
|
|-weather|RainDance|[upkeep]
|upkeep
|
|t:|1757002656
|switch|p1a: Basculegion|Basculegion, L50, M|73/100
|switch|p2a: Kingambit|Kingambit, L50, F|100/100
|turn|4
|inactive|HolgerD has 30 seconds left.
|inactive|HolgerD has 20 seconds left.
|inactive|HolgerD has 15 seconds left.
|
|t:|1757002703
|-terastallize|p1a: Basculegion|Water
|move|p2b: Volcarona|Protect|p2b: Volcarona
|-singleturn|p2b: Volcarona|Protect
|move|p2a: Kingambit|Protect|p2a: Kingambit
|-singleturn|p2a: Kingambit|Protect
|move|p1a: Basculegion|Wave Crash|p2b: Volcarona
|-activate|p2b: Volcarona|move: Protect
|move|p1b: Archaludon|Body Press|p2a: Kingambit
|-activate|p2a: Kingambit|move: Protect
|
|-weather|RainDance|[upkeep]
|-heal|p1a: Basculegion|79/100|[from] Grassy Terrain
|-sideend|p1: HolgerD|move: Tailwind
|upkeep
|turn|5
|inactive|HolgerD has 30 seconds left.
|
|t:|1757002732
|switch|p1a: Sinistcha|Sinistcha, L50|100/100
|move|p2b: Volcarona|Tera Blast|p1a: Sinistcha|[anim] Tera Blast Fairy
|-damage|p1a: Sinistcha|6/100
|-enditem|p1a: Sinistcha|Sitrus Berry|[eat]
|-heal|p1a: Sinistcha|30/100|[from] item: Sitrus Berry
|move|p1b: Archaludon|Electro Shot||[still]
|-prepare|p1b: Archaludon|Electro Shot
|-boost|p1b: Archaludon|spa|1
|-anim|p1b: Archaludon|Electro Shot|p2a: Kingambit
|-damage|p2a: Kingambit|34/100
|move|p2a: Kingambit|Swords Dance|p2a: Kingambit
|-boost|p2a: Kingambit|atk|2
|
|-weather|none
|-heal|p1a: Sinistcha|36/100|[from] Grassy Terrain
|-heal|p2a: Kingambit|40/100|[from] Grassy Terrain
|upkeep
|turn|6
|inactive|HolgerD has 30 seconds left.
|
|t:|1757002766
|move|p2a: Kingambit|Protect|p2a: Kingambit
|-singleturn|p2a: Kingambit|Protect
|move|p2b: Volcarona|Heat Wave|p1b: Archaludon|[spread] p1a,p1b
|-supereffective|p1a: Sinistcha
|-damage|p1a: Sinistcha|0 fnt
|-damage|p1b: Archaludon|42/100
|-ability|p1b: Archaludon|Stamina|boost
|-boost|p1b: Archaludon|def|1
|faint|p1a: Sinistcha
|move|p1b: Archaludon|Body Press|p2a: Kingambit
|-activate|p2a: Kingambit|move: Protect
|
|-heal|p1b: Archaludon|48/100|[from] Grassy Terrain
|-heal|p2a: Kingambit|46/100|[from] Grassy Terrain
|-fieldend|move: Grassy Terrain
|upkeep
|
|t:|1757002772
|switch|p1a: Basculegion|Basculegion, L50, M, tera:Water|79/100
|turn|7
|
|t:|1757002796
|move|p2a: Kingambit|Sucker Punch|p1b: Archaludon
|-damage|p1b: Archaludon|6/100
|-ability|p1b: Archaludon|Stamina|boost
|-boost|p1b: Archaludon|def|1
|move|p2b: Volcarona|Tera Blast|p1a: Basculegion|[anim] Tera Blast Fairy
|-damage|p1a: Basculegion|0 fnt
|faint|p1a: Basculegion
|move|p1b: Archaludon|Body Press|p2a: Kingambit
|-supereffective|p2a: Kingambit
|-damage|p2a: Kingambit|0 fnt
|faint|p2a: Kingambit
|
|upkeep
|turn|8
|
|t:|1757002807
|move|p2b: Volcarona|Tera Blast|p1b: Archaludon|[anim] Tera Blast Fairy
|-damage|p1b: Archaludon|0 fnt
|faint|p1b: Archaludon
|
|win|PaniniWeenie
||PaniniWeenie is ready for game 2.
||HolgerD is ready for game 2.
|uhtml|next|Next: Game 2 of 3
|l|☆PaniniWeenie
|player|p2|
