|j|☆Clementine1997
|j|☆higigig
|html|Clementine1997higigig    
|uhtml|bestof|Game 2 of a best-of-3
|t:|1756794094
|gametype|doubles
|player|p1|Clementine1997|clair|1143
|player|p2|higigig|sisandbro|1127
|gen|9
|tier|[Gen 9] VGC 2025 Reg H (Bo3)
|rated|
|rule|Species Clause: Limit one of each Pokémon
|rule|Item Clause: Limit 1 of each item
|clearpoke
|poke|p1|Dragapult, L50, M|
|poke|p1|Sneasler, L50, F|
|poke|p1|Volcarona, L50, F|
|poke|p1|Kingambit, L50, F|
|poke|p1|Electabuzz, L50, M|
|poke|p1|Rillaboom, L50, M|
|poke|p2|Sneasler, L50, F|
|poke|p2|Gholdengo, L50|
|poke|p2|Amoonguss, L50, F|
|poke|p2|Incineroar, L50, F|
|poke|p2|Ursaluna-Bloodmoon, L50, M|
|poke|p2|Farigiraf, L50, M|
|teampreview|4
|showteam|p1|Dragapult||ChoiceBand|ClearBody|DragonDarts,Outrage,PhantomForce,Uturn|||M|||50|,,,,,Dragon]Sneasler||FocusSash|PoisonTouch|CloseCombat,DireClaw,FakeOut,Coaching|||F|||50|,,,,,Stellar]Volcarona||Leftovers|FlameBody|HeatWave,TeraBlast,QuiverDance,Protect|||F|||50|,,,,,Fairy]Kingambit||BlackGlasses|Defiant|KowtowCleave,SuckerPunch,SwordsDance,Protect|||F|||50|,,,,,Dark]Electabuzz||Eviolite|VitalSpirit|Electroweb,Taunt,FollowMe,Protect|||M|||50|,,,,,Dragon]Rillaboom||AssaultVest|GrassySurge|WoodHammer,GrassyGlide,Uturn,FakeOut|||M|||50|,,,,,Grass
|showteam|p2|Sneasler||ClearAmulet|PoisonTouch|FakeOut,CloseCombat,DireClaw,Protect|||F|||50|,,,,,Water]Gholdengo||LifeOrb|GoodasGold|NastyPlot,MakeItRain,ShadowBall,Protect||||||50|,,,,,Water]Amoonguss||MentalHerb|Regenerator|Spore,RagePowder,PollenPuff,Protect|||F|||50|,,,,,Water]Incineroar||SafetyGoggles|Intimidate|FakeOut,FlareBlitz,KnockOff,PartingShot|||F|||50|,,,,,Ghost]Ursaluna-Bloodmoon||SilkScarf|MindsEye|CalmMind,HyperVoice,EarthPower,BloodMoon|||M|||50|,,,,,Poison]Farigiraf||ThroatSpray|ArmorTail|HyperVoice,Psychic,TrickRoom,Protect|||M|||50|,,,,,Dragon
|inactive|Battle timer is ON: inactive players will automatically lose when time's up. (requested by higigig)
|inactive|higigig has 60 seconds left.
|
|t:|1756794147
|teamsize|p1|4
|teamsize|p2|4
|start
|switch|p1a: Electabuzz|Electabuzz, L50, M|100/100
|switch|p1b: Kingambit|Kingambit, L50, F|100/100
|switch|p2a: Sneasler|Sneasler, L50, F|100/100
|switch|p2b: Ursaluna|Ursaluna-Bloodmoon, L50, M|100/100
|turn|1
|
|t:|1756794166
|move|p1b: Kingambit|Protect|p1b: Kingambit
|-singleturn|p1b: Kingambit|Protect
|move|p2a: Sneasler|Fake Out|p1a: Electabuzz
|-damage|p1a: Electabuzz|84/100
|-status|p1a: Electabuzz|psn|[from] ability: Poison Touch|[of] p2a: Sneasler
|cant|p1a: Electabuzz|flinch
|move|p2b: Ursaluna|Calm Mind|p2b: Ursaluna
|-boost|p2b: Ursaluna|spa|1
|-boost|p2b: Ursaluna|spd|1
|
|-damage|p1a: Electabuzz|71/100 psn|[from] psn
|upkeep
|turn|2
|inactive|higigig has 30 seconds left.
|
|t:|1756794191
|move|p1a: Electabuzz|Follow Me|p1a: Electabuzz
|-singleturn|p1a: Electabuzz|move: Follow Me
|move|p2a: Sneasler|Dire Claw|p1a: Electabuzz
|-damage|p1a: Electabuzz|20/100 psn
|move|p2b: Ursaluna|Hyper Voice|p1a: Electabuzz|[spread] p1a,p1b
|-resisted|p1b: Kingambit
|-damage|p1a: Electabuzz|0 fnt
|-damage|p1b: Kingambit|68/100
|faint|p1a: Electabuzz
|move|p1b: Kingambit|Swords Dance|p1b: Kingambit
|-boost|p1b: Kingambit|atk|2
|
|upkeep
|
|t:|1756794203
|switch|p1a: Sneasler|Sneasler, L50, F|100/100
|turn|3
|inactive|higigig has 30 seconds left.
|
|t:|1756794230
|switch|p2b: Farigiraf|Farigiraf, L50, M|100/100
|-terastallize|p1b: Kingambit|Dark
|move|p1a: Sneasler|Fake Out||[still]
|cant|p2b: Farigiraf|ability: Armor Tail|Fake Out|[of] p1a: Sneasler
|move|p1b: Kingambit|Sucker Punch||[still]
|cant|p2b: Farigiraf|ability: Armor Tail|Sucker Punch|[of] p1b: Kingambit
|move|p2a: Sneasler|Close Combat|p1b: Kingambit
|-supereffective|p1b: Kingambit
|-damage|p1b: Kingambit|0 fnt
|-unboost|p2a: Sneasler|def|1
|-unboost|p2a: Sneasler|spd|1
|faint|p1b: Kingambit
|
|upkeep
|
|t:|1756794236
|switch|p1b: Volcarona|Volcarona, L50, F|100/100
|turn|4
|
|t:|1756794251
|move|p1b: Volcarona|Protect|p1b: Volcarona
|-singleturn|p1b: Volcarona|Protect
|move|p1a: Sneasler|Coaching|p1b: Volcarona
|-boost|p1b: Volcarona|atk|1
|-boost|p1b: Volcarona|def|1
|move|p2a: Sneasler|Dire Claw|p1b: Volcarona
|-activate|p1b: Volcarona|move: Protect
|move|p2b: Farigiraf|Trick Room|p2b: Farigiraf
|-fieldstart|move: Trick Room|[of] p2b: Farigiraf
|
|upkeep
|turn|5
|
|t:|1756794266
|move|p2b: Farigiraf|Hyper Voice|p1b: Volcarona|[spread] p1a,p1b
|-damage|p1a: Sneasler|61/100
|-damage|p1b: Volcarona|65/100
|-enditem|p2b: Farigiraf|Throat Spray
|-boost|p2b: Farigiraf|spa|1|[from] item: Throat Spray
|move|p2a: Sneasler|Dire Claw|p1b: Volcarona
|-damage|p1b: Volcarona|12/100
|move|p1b: Volcarona|Heat Wave|p2b: Farigiraf|[spread] p2a,p2b
|-damage|p2a: Sneasler|18/100
|-damage|p2b: Farigiraf|61/100
|move|p1a: Sneasler|Close Combat|p2b: Farigiraf
|-damage|p2b: Farigiraf|1/100
|-unboost|p1a: Sneasler|def|1
|-unboost|p1a: Sneasler|spd|1
|-status|p2b: Farigiraf|psn|[from] ability: Poison Touch|[of] p1a: Sneasler
|
|-heal|p1b: Volcarona|18/100|[from] item: Leftovers
|-damage|p2b: Farigiraf|0 fnt|[from] psn
|faint|p2b: Farigiraf
|upkeep
|
|t:|1756794279
|switch|p2b: Ursaluna|Ursaluna-Bloodmoon, L50, M|100/100
|turn|6
|
|t:|1756794288
|move|p2b: Ursaluna|Hyper Voice|p1a: Sneasler|[spread] p1a,p1b
|-damage|p1a: Sneasler|0 fnt
|-damage|p1b: Volcarona|0 fnt
|faint|p1a: Sneasler
|faint|p1b: Volcarona
|
|win|higigig
