|j|☆steelag0
|j|☆Gali37
|html|steelag0Gali37    
|uhtml|bestof|Game 2 of a best-of-3
|t:|1782402508
|gametype|doubles
|player|p1|steelag0|policeman-gen4|1000
|player|p2|Gali37|swimmerf|1093
|gen|9
|tier|[Gen 9 Champions] VGC 2026 Reg M-B (Bo3)
|rated|
|rule|Species Clause: Limit one of each Pokémon
|rule|Item Clause: Limit 1 of each item
|clearpoke
|poke|p1|Hydreigon, L50, F|
|poke|p1|Garchomp, L50, F|
|poke|p1|Metagross, L50|
|poke|p1|Charizard, L50, M|
|poke|p1|Grimmsnarl, L50, M|
|poke|p1|Toxapex, L50, M|
|poke|p2|Staraptor, L50, M|
|poke|p2|Whimsicott, L50, F|
|poke|p2|Garchomp, L50, M|
|poke|p2|Kingambit, L50, M|
|poke|p2|Swampert, L50, F|
|poke|p2|Politoed, L50, M|
|teampreview|4
|showteam|p1|Hydreigon||ChoiceScarf|Levitate|HeatWave,DarkPulse,DracoMeteor,Snarl|Modest||F|||50|]Garchomp||SitrusBerry|RoughSkin|Earthquake,RockSlide,DragonClaw,Protect|Adamant||F|||50|]Metagross||Metagrossite|ClearBody|IronHead,PsychicFangs,BulletPunch,Protect|Adamant|||||50|]Charizard||CharizarditeY|Blaze|Protect,HeatWave,SolarBeam,WeatherBall|Timid||M|||50|]Grimmsnarl||RoseliBerry|Prankster|FakeOut,FoulPlay,Reflect,PartingShot|Sassy||M|||50|]Toxapex||Leftovers|Regenerator|Infestation,Toxic,BanefulBunker,WideGuard|Bold||M|||50|
|showteam|p2|Staraptor||Staraptite|Intimidate|BlazeKick,BraveBird,CloseCombat,Protect|Adamant||M|||50|]Whimsicott||FocusSash|Prankster|Tailwind,Moonblast,Charm,Encore|Bold||F|||50|]Garchomp||ExpertBelt|RoughSkin|DragonClaw,Earthquake,PoisonJab,Protect|Jolly||M|||50|]Kingambit||ChopleBerry|Defiant|KowtowCleave,SuckerPunch,IronHead,LowKick|Adamant||M|||50|]Swampert||Swampertite|Damp|Outrage,HighHorsepower,WaveCrash,IcePunch|Adamant||F|||50|]Politoed||DampRock|Drizzle|PerishSong,Protect,WeatherBall,Haze|Calm||M|||50|
|
|t:|1782402557
|teamsize|p1|4
|teamsize|p2|4
|start
|switch|p1a: Metagross|Metagross, L50|100/100
|switch|p1b: Grimmsnarl|Grimmsnarl, L50, M|100/100
|switch|p2a: Staraptor|Staraptor, L50, M|100/100
|switch|p2b: Whimsicott|Whimsicott, L50, F|100/100
|-ability|p2a: Staraptor|Intimidate|boost
|-fail|p1a: Metagross|unboost|[from] ability: Clear Body|[of] p1a: Metagross
|-unboost|p1b: Grimmsnarl|atk|1
|turn|1
|
|t:|1782402584
|detailschange|p2a: Staraptor|Staraptor-Mega, L50, M
|-mega|p2a: Staraptor|Staraptor|Staraptite
|detailschange|p1a: Metagross|Metagross-Mega, L50
|-mega|p1a: Metagross|Metagross|Metagrossite
|move|p1b: Grimmsnarl|Fake Out|p2b: Whimsicott
|-damage|p2b: Whimsicott|93/100
|cant|p2b: Whimsicott|flinch
|move|p2a: Staraptor|Close Combat|p1a: Metagross
|-damage|p1a: Metagross|52/100
|-boost|p2a: Staraptor|def|1
|-boost|p2a: Staraptor|spd|1
|move|p1a: Metagross|Iron Head|p2b: Whimsicott
|-supereffective|p2b: Whimsicott|1
|-damage|p2b: Whimsicott|0 fnt
|faint|p2b: Whimsicott
|
|upkeep
|
|t:|1782402601
|switch|p2b: Garchomp|Garchomp, L50, M|100/100
|turn|2
|
|t:|1782402613
|move|p1a: Metagross|Protect|p1a: Metagross
|-singleturn|p1a: Metagross|Protect
|move|p1b: Grimmsnarl|Reflect|p1b: Grimmsnarl
|-sidestart|p1: steelag0|Reflect
|move|p2b: Garchomp|Earthquake|p1a: Metagross|[spread] p1b
|-activate|p1a: Metagross|move: Protect
|-immune|p2a: Staraptor
|-damage|p1b: Grimmsnarl|75/100
|move|p2a: Staraptor|Close Combat|p1a: Metagross
|-activate|p1a: Metagross|move: Protect
|
|upkeep
|turn|3
|
|t:|1782402654
|switch|p1a: Toxapex|Toxapex, L50, M|100/100
|move|p1b: Grimmsnarl|Parting Shot|p2b: Garchomp
|-unboost|p2b: Garchomp|atk|1
|-unboost|p2b: Garchomp|spa|1
|
|t:|1782402661
|switch|p1b: Hydreigon|Hydreigon, L50, F|100/100|[from] Parting Shot
|move|p2b: Garchomp|Earthquake|p1a: Toxapex|[spread] p1a
|-immune|p2a: Staraptor
|-immune|p1b: Hydreigon|[from] ability: Levitate
|-supereffective|p1a: Toxapex|1
|-damage|p1a: Toxapex|71/100
|move|p2a: Staraptor|Close Combat|p1a: Toxapex
|-resisted|p1a: Toxapex|1
|-crit|p1a: Toxapex
|-damage|p1a: Toxapex|36/100
|-boost|p2a: Staraptor|def|1
|-boost|p2a: Staraptor|spd|1
|
|-heal|p1a: Toxapex|42/100|[from] item: Leftovers
|upkeep
|turn|4
|
|t:|1782402697
|move|p2b: Garchomp|Protect|p2b: Garchomp
|-singleturn|p2b: Garchomp|Protect
|move|p1b: Hydreigon|Heat Wave|p2a: Staraptor|[spread] p2a
|-activate|p2b: Garchomp|move: Protect
|-damage|p2a: Staraptor|84/100
|-status|p2a: Staraptor|brn
|move|p2a: Staraptor|Close Combat|p1b: Hydreigon
|-supereffective|p1b: Hydreigon|1
|-damage|p1b: Hydreigon|48/100
|-boost|p2a: Staraptor|def|1
|-boost|p2a: Staraptor|spd|1
|move|p1a: Toxapex|Toxic||[still]
|-fail|p1a: Toxapex
|
|-heal|p1a: Toxapex|48/100|[from] item: Leftovers
|-damage|p2a: Staraptor|78/100 brn|[from] brn
|upkeep
|turn|5
|
|t:|1782402719
|switch|p1b: Grimmsnarl|Grimmsnarl, L50, M|75/100
|move|p2b: Garchomp|Earthquake|p1b: Grimmsnarl|[spread] p1a,p1b
|-immune|p2a: Staraptor
|-supereffective|p1a: Toxapex|1
|-damage|p1a: Toxapex|22/100
|-damage|p1b: Grimmsnarl|57/100
|move|p2a: Staraptor|Close Combat|p1b: Grimmsnarl
|-damage|p1b: Grimmsnarl|35/100
|-boost|p2a: Staraptor|def|1
|-boost|p2a: Staraptor|spd|1
|move|p1a: Toxapex|Toxic||[still]
|-fail|p1a: Toxapex
|
|-heal|p1a: Toxapex|28/100|[from] item: Leftovers
|-damage|p2a: Staraptor|72/100 brn|[from] brn
|upkeep
|turn|6
|
|t:|1782402741
|move|p1b: Grimmsnarl|Fake Out|p2b: Garchomp
|-damage|p2b: Garchomp|88/100
|-damage|p1b: Grimmsnarl|23/100|[from] ability: Rough Skin|[of] p2b: Garchomp
|cant|p2b: Garchomp|flinch
|move|p2a: Staraptor|Close Combat|p1b: Grimmsnarl
|-damage|p1b: Grimmsnarl|0 fnt
|-boost|p2a: Staraptor|def|1
|-boost|p2a: Staraptor|spd|1
|faint|p1b: Grimmsnarl
|move|p1a: Toxapex|Toxic||[still]
|-fail|p1a: Toxapex
|
|-heal|p1a: Toxapex|34/100|[from] item: Leftovers
|-damage|p2a: Staraptor|65/100 brn|[from] brn
|-sideend|p1: steelag0|Reflect
|upkeep
|
|t:|1782402766
|switch|p1b: Hydreigon|Hydreigon, L50, F|48/100
|turn|7
|-message|steelag0 forfeited.
|
|win|Gali37
