|j|☆aqueousbloop
|j|☆Xeb41
|html|aqueousbloopXeb41    
|uhtml|bestof|Game 1 of a best-of-3
|t:|1757228424
|gametype|doubles
|player|p1|aqueousbloop|swimmer-gen4dp|
|player|p2|Xeb41|2|
|gen|9
|tier|[Gen 9] VGC 2025 Reg H (Bo3)
|rule|Species Clause: Limit one of each Pokémon
|rule|Item Clause: Limit 1 of each item
|clearpoke
|poke|p1|Sneasler, L50, F|
|poke|p1|Basculegion, L50, M|
|poke|p1|Pelipper, L50, M|
|poke|p1|Indeedee-F, L50, F|
|poke|p1|Lurantis, L50, F|
|poke|p1|Hatterene, L50, F|
|poke|p2|Gholdengo, L50|
|poke|p2|Amoonguss, L50, M|
|poke|p2|Pelipper, L50, F|
|poke|p2|Basculegion, L50, M|
|poke|p2|Archaludon, L50, M|
|poke|p2|Greninja-*, L50, F|
|teampreview|4
|showteam|p1|Sneasler||SafetyGoggles|PoisonTouch|ThroatChop,CloseCombat,DireClaw,FakeOut|||F|||50|,,,,,Dark]Basculegion||ChoiceBand|SwiftSwim|FlipTurn,WaveCrash,LastRespects,AquaJet|||M|||50|,,,,,Grass]Pelipper||FocusSash|Drizzle|Hurricane,WeatherBall,WideGuard,Protect|||M|||50|,,,,,Ghost]Indeedee-F||PsychicSeed|PsychicSurge|TrickRoom,FollowMe,HelpingHand,Psychic|||F|||50|,,,,,Fairy]Lurantis||AssaultVest|Contrary|Superpower,LeafBlade,KnockOff,LeechLife|||F|||50|,,,,,Poison]Hatterene||LifeOrb|MagicBounce|TrickRoom,ExpandingForce,DazzlingGleam,Protect|||F|||50|,,,,,Psychic
|showteam|p2|Gholdengo||LifeOrb|GoodasGold|MakeItRain,ShadowBall,NastyPlot,Protect||||||50|,,,,,Water]Amoonguss||SitrusBerry|Regenerator|Spore,RagePowder,PollenPuff,Protect|||M|||50|,,,,,Fire]Pelipper||FocusSash|Drizzle|Hurricane,WeatherBall,Tailwind,Protect|||F|||50|,,,,,Steel]Basculegion||ChoiceBand|SwiftSwim|AquaJet,LastRespects,FlipTurn,WaveCrash|||M|||50|,,,,,Water]Archaludon||AssaultVest|Stamina|ElectroShot,DracoMeteor,FlashCannon,BodyPress|||M|||50|,,,,,Bug]Greninja||LoadedDice|Torrent|DarkPulse,WaterShuriken,Taunt,Protect|||F|||50|,,,,,Ghost
|
|t:|1757228546
|teamsize|p1|4
|teamsize|p2|4
|start
|switch|p1a: Sneasler|Sneasler, L50, F|100/100
|switch|p1b: Lurantis|Lurantis, L50, F|100/100
|switch|p2a: Gholdengo|Gholdengo, L50|100/100
|switch|p2b: Amoonguss|Amoonguss, L50, M|100/100
|turn|1
|
|t:|1757228603
|move|p2a: Gholdengo|Protect|p2a: Gholdengo
|-singleturn|p2a: Gholdengo|Protect
|move|p1a: Sneasler|Dire Claw|p2b: Amoonguss
|-damage|p2b: Amoonguss|58/100
|move|p2b: Amoonguss|Spore|p1a: Sneasler
|-activate|p1a: Sneasler|item: Safety Goggles|Spore
|move|p1b: Lurantis|Knock Off|p2a: Gholdengo
|-activate|p2a: Gholdengo|move: Protect
|
|upkeep
|turn|2
|
|t:|1757228634
|-terastallize|p2a: Gholdengo|Water
|move|p1a: Sneasler|Throat Chop|p2a: Gholdengo
|-damage|p2a: Gholdengo|69/100
|-start|p2a: Gholdengo|Throat Chop|[silent]
|move|p2a: Gholdengo|Make It Rain|p1b: Lurantis|[spread] p1a,p1b
|-damage|p1a: Sneasler|17/100
|-damage|p1b: Lurantis|56/100
|-unboost|p2a: Gholdengo|spa|1
|-damage|p2a: Gholdengo|59/100|[from] item: Life Orb
|move|p2b: Amoonguss|Pollen Puff|p2a: Gholdengo
|-heal|p2a: Gholdengo|100/100
|move|p1b: Lurantis|Knock Off|p2a: Gholdengo
|-damage|p2a: Gholdengo|65/100
|-enditem|p2a: Gholdengo|Life Orb|[from] move: Knock Off|[of] p1b: Lurantis
|
|upkeep
|turn|3
|
|t:|1757228674
|move|p1a: Sneasler|Close Combat|p2a: Gholdengo
|-damage|p2a: Gholdengo|0 fnt
|-unboost|p1a: Sneasler|def|1
|-unboost|p1a: Sneasler|spd|1
|faint|p2a: Gholdengo
|move|p2b: Amoonguss|Pollen Puff|p1b: Lurantis
|-supereffective|p1b: Lurantis
|-damage|p1b: Lurantis|28/100
|move|p1b: Lurantis|Superpower|p2b: Amoonguss
|-resisted|p2b: Amoonguss
|-damage|p2b: Amoonguss|38/100
|-boost|p1b: Lurantis|atk|1
|-boost|p1b: Lurantis|def|1
|-enditem|p2b: Amoonguss|Sitrus Berry|[eat]
|-heal|p2b: Amoonguss|63/100|[from] item: Sitrus Berry
|
|upkeep
|
|t:|1757228691
|switch|p2a: Basculegion|Basculegion, L50, M|100/100
|turn|4
|
|t:|1757228737
|switch|p2b: Pelipper|Pelipper, L50, F|100/100
|-weather|RainDance|[from] ability: Drizzle|[of] p2b: Pelipper
|move|p2a: Basculegion|Flip Turn|p1a: Sneasler
|-damage|p1a: Sneasler|0 fnt
|faint|p1a: Sneasler
|
|t:|1757228744
|switch|p2a: Amoonguss|Amoonguss, L50, M|96/100|[from] Flip Turn
|move|p1b: Lurantis|Leaf Blade|p2a: Amoonguss
|-resisted|p2a: Amoonguss
|-damage|p2a: Amoonguss|80/100
|
|-weather|RainDance|[upkeep]
|upkeep
|
|t:|1757228761
|switch|p1a: Indeedee|Indeedee-F, L50, F|100/100
|-fieldstart|move: Psychic Terrain|[from] ability: Psychic Surge|[of] p1a: Indeedee
|-enditem|p1a: Indeedee|Psychic Seed
|-boost|p1a: Indeedee|spd|1|[from] item: Psychic Seed
|turn|5
|
|t:|1757228774
|move|p2b: Pelipper|Hurricane|p1b: Lurantis
|-supereffective|p1b: Lurantis
|-damage|p1b: Lurantis|0 fnt
|faint|p1b: Lurantis
|move|p2a: Amoonguss|Spore|p1a: Indeedee
|-status|p1a: Indeedee|slp|[from] move: Spore
|cant|p1a: Indeedee|slp
|
|-weather|RainDance|[upkeep]
|upkeep
|
|t:|1757228784
|switch|p1b: Hatterene|Hatterene, L50, F|100/100
|turn|6
|
|t:|1757228799
|cant|p1a: Indeedee|slp
|move|p2b: Pelipper|Weather Ball|p1b: Hatterene
|-damage|p1b: Hatterene|32/100
|move|p2a: Amoonguss|Pollen Puff|p1b: Hatterene
|-damage|p1b: Hatterene|13/100
|move|p1b: Hatterene|Trick Room|p1b: Hatterene
|-fieldstart|move: Trick Room|[of] p1b: Hatterene
|
|-weather|RainDance|[upkeep]
|upkeep
|turn|7
|
|t:|1757228825
|move|p2a: Amoonguss|Protect|p2a: Amoonguss
|-singleturn|p2a: Amoonguss|Protect
|-curestatus|p1a: Indeedee|slp|[msg]
|move|p1a: Indeedee|Follow Me|p1a: Indeedee
|-singleturn|p1a: Indeedee|move: Follow Me
|move|p1b: Hatterene|Expanding Force|p2b: Pelipper|[spread] p2b
|-activate|p2a: Amoonguss|move: Protect
|-enditem|p2b: Pelipper|Focus Sash
|-damage|p2b: Pelipper|1/100
|-damage|p1b: Hatterene|4/100|[from] item: Life Orb
|move|p2b: Pelipper|Weather Ball|p1a: Indeedee
|-damage|p1a: Indeedee|56/100
|
|-weather|RainDance|[upkeep]
|upkeep
|turn|8
|
|t:|1757228859
|switch|p2a: Basculegion|Basculegion, L50, M|100/100
|move|p2b: Pelipper|Protect|p2b: Pelipper
|-singleturn|p2b: Pelipper|Protect
|move|p1a: Indeedee|Follow Me|p1a: Indeedee
|-singleturn|p1a: Indeedee|move: Follow Me
|move|p1b: Hatterene|Expanding Force|p2b: Pelipper|[spread] p2a
|-activate|p2b: Pelipper|move: Protect
|-damage|p2a: Basculegion|0 fnt
|faint|p2a: Basculegion
|-damage|p1b: Hatterene|0 fnt|[from] item: Life Orb
|faint|p1b: Hatterene
|
|-weather|none
|upkeep
|
|t:|1757228872
|switch|p2a: Amoonguss|Amoonguss, L50, M|100/100
|turn|9
|
|t:|1757228885
|move|p2a: Amoonguss|Spore|p1a: Indeedee
|-status|p1a: Indeedee|slp|[from] move: Spore
|cant|p1a: Indeedee|slp
|move|p2b: Pelipper|Hurricane|p1a: Indeedee
|-damage|p1a: Indeedee|23/100 slp
|
|-fieldend|move: Psychic Terrain
|upkeep
|turn|10
|-message|aqueousbloop forfeited.
|
|win|Xeb41
||aqueousbloop is ready for game 2.
|inactive|Xeb41 has 30 seconds to confirm battle start!
||Xeb41 is ready for game 2.
|uhtml|next|Next: Game 2 of 3
|l|☆aqueousbloop
|player|p1|
