|j|☆sergio23perez
|j|☆MoodyMukVGC
|html|sergio23perezMoodyMukVGC    
|uhtml|bestof|Game 3 of a best-of-3
|t:|1757699281
|gametype|doubles
|player|p1|sergio23perez|169|1375
|player|p2|MoodyMukVGC|bugsy|1289
|gen|9
|tier|[Gen 9] VGC 2025 Reg H (Bo3)
|rated|
|rule|Species Clause: Limit one of each Pokémon
|rule|Item Clause: Limit 1 of each item
|clearpoke
|poke|p1|Jumpluff, L50, M|
|poke|p1|Charizard, L50, F|
|poke|p1|Porygon2, L50|
|poke|p1|Torkoal, L50, F|
|poke|p1|Incineroar, L50, M|
|poke|p1|Ursaluna, L50, F|
|poke|p2|Muk-Alola, L50, M|
|poke|p2|Smeargle, L50, M|
|poke|p2|Flamigo, L50, M|
|poke|p2|Indeedee, L50, M|
|poke|p2|Weezing-Galar, L50, M|
|poke|p2|Drifblim, L50, M|
|teampreview|4
|showteam|p1|Jumpluff||CovertCloak|Chlorophyll|SleepPowder,SunnyDay,Tailwind,RagePowder|||M|||50|,,,,,Water]Charizard||ChoiceSpecs|SolarPower|AirSlash,HeatWave,Overheat,WeatherBall|||F|||50|,,,,,Ghost]Porygon2||Eviolite|Download|TeraBlast,IceBeam,Recover,TrickRoom||||||50|,,,,,Fighting]Torkoal||EjectPack|Drought|HelpingHand,Eruption,Overheat,Protect|||F|||50|,,,,,Fire]Incineroar||SafetyGoggles|Intimidate|FakeOut,PartingShot,FlareBlitz,KnockOff|||M|||50|,,,,,Ghost]Ursaluna||FlameOrb|Guts|HeadlongRush,Facade,Earthquake,Protect|||F|||50|,,,,,Ghost
|showteam|p2|Muk-Alola||Leftovers|PowerofAlchemy|KnockOff,Minimize,Substitute,Protect|||M|||50|,,,,,Water]Smeargle||FocusSash|Moody|Minimize,Spore,FollowMe,SpikyShield|||M|||50|,,,,,Dark]Flamigo||WhiteHerb|Costar|CloseCombat,Acrobatics,Substitute,WideGuard|||M|||50|,,,,,Steel]Indeedee||ChoiceSpecs|PsychicSurge|ExpandingForce,TeraBlast,Trick,DazzlingGleam|||M|||50|,,,,,Psychic]Weezing-Galar||SitrusBerry|NeutralizingGas|StrangeSteam,SludgeBomb,Taunt,Protect|||M|||50|,,,,,Flying]Drifblim||PsychicSeed|Unburden|Tailwind,Acrobatics,Minimize,WillOWisp|||M|||50|,,,,,Grass
|inactive|Battle timer is ON: inactive players will automatically lose when time's up. (requested by sergio23perez)
|
|t:|1757699301
|teamsize|p1|4
|teamsize|p2|4
|start
|switch|p1a: Jumpluff|Jumpluff, L50, M|100/100
|switch|p1b: Ursaluna|Ursaluna, L50, F|100/100
|switch|p2a: Indeedee|Indeedee, L50, M, shiny|100/100
|switch|p2b: Drifblim|Drifblim, L50, M, shiny|100/100
|-fieldstart|move: Psychic Terrain|[from] ability: Psychic Surge|[of] p2a: Indeedee
|-enditem|p2b: Drifblim|Psychic Seed
|-boost|p2b: Drifblim|spd|1|[from] item: Psychic Seed
|turn|1
|
|t:|1757699321
|switch|p1b: Torkoal|Torkoal, L50, F|100/100
|-weather|SunnyDay|[from] ability: Drought|[of] p1b: Torkoal
|move|p1a: Jumpluff|Tailwind|p1a: Jumpluff
|-sidestart|p1: sergio23perez|move: Tailwind
|move|p2b: Drifblim|Tailwind|p2b: Drifblim
|-sidestart|p2: MoodyMukVGC|move: Tailwind
|move|p2a: Indeedee|Expanding Force|p1b: Torkoal|[spread] p1a,p1b
|-damage|p1a: Jumpluff|15/100
|-damage|p1b: Torkoal|0 fnt
|faint|p1b: Torkoal
|
|-weather|SunnyDay|[upkeep]
|upkeep
|
|t:|1757699331
|switch|p1b: Charizard|Charizard, L50, F|100/100
|turn|2
|inactive|MoodyMukVGC has 30 seconds left.
|
|t:|1757699357
|move|p1a: Jumpluff|Sleep Powder|p2b: Drifblim
|-status|p2b: Drifblim|slp|[from] move: Sleep Powder
|cant|p2b: Drifblim|slp
|move|p1b: Charizard|Heat Wave|p2a: Indeedee|[spread] p2a,p2b
|-damage|p2a: Indeedee|0 fnt
|-damage|p2b: Drifblim|14/100 slp
|faint|p2a: Indeedee
|
|-weather|SunnyDay|[upkeep]
|-damage|p1b: Charizard|88/100|[from] ability: Solar Power|[of] p1b: Charizard
|upkeep
|
|t:|1757699366
|switch|p2a: Smeargle|Smeargle, L50, M, shiny|100/100
|turn|3
|
|t:|1757699380
|-terastallize|p1b: Charizard|Ghost
|move|p1a: Jumpluff|Sleep Powder|p2a: Smeargle
|-status|p2a: Smeargle|slp|[from] move: Sleep Powder
|cant|p2b: Drifblim|slp
|move|p1b: Charizard|Heat Wave|p2a: Smeargle|[spread] p2a,p2b
|-enditem|p2a: Smeargle|Focus Sash
|-damage|p2a: Smeargle|1/100 slp
|-damage|p2b: Drifblim|0 fnt
|faint|p2b: Drifblim
|cant|p2a: Smeargle|slp
|
|-weather|SunnyDay|[upkeep]
|-damage|p1b: Charizard|76/100|[from] ability: Solar Power|[of] p1b: Charizard
|-ability|p2a: Smeargle|Moody|boost
|-boost|p2a: Smeargle|spd|2
|-unboost|p2a: Smeargle|def|1
|upkeep
|
|t:|1757699399
|switch|p2b: Flamigo|Flamigo, L50, M, shiny|100/100
|-copyboost|p2b: Flamigo|p2a: Smeargle|[from] ability: Costar
|-enditem|p2b: Flamigo|White Herb
|-clearnegativeboost|p2b: Flamigo|[silent]
|turn|4
|
|t:|1757699413
|move|p1a: Jumpluff|Sleep Powder|p2b: Flamigo
|-status|p2b: Flamigo|slp|[from] move: Sleep Powder
|move|p1b: Charizard|Heat Wave|p2a: Smeargle|[spread] p2a,p2b
|-damage|p2a: Smeargle|0 fnt
|-damage|p2b: Flamigo|5/100 slp
|faint|p2a: Smeargle
|cant|p2b: Flamigo|slp
|
|-weather|SunnyDay|[upkeep]
|-damage|p1b: Charizard|63/100|[from] ability: Solar Power|[of] p1b: Charizard
|-sideend|p2: MoodyMukVGC|move: Tailwind
|-sideend|p1: sergio23perez|move: Tailwind
|upkeep
|turn|5
|c|☆sergio23perez|Dominated
|inactive|MoodyMukVGC has 30 seconds left.
|-message|MoodyMukVGC forfeited.
|raw|sergio23perez's rating: 1375 → 1390(+15 for winning)
|raw|MoodyMukVGC's rating: 1289 → 1270(-19 for losing)
|
|win|sergio23perez
|l|☆MoodyMukVGC
|player|p2|
|l|☆sergio23perez
|player|p1|
