|j|☆Rugss
|j|☆himhimhimhim15
|html|Rugsshimhimhimhim15    
|uhtml|bestof|Game 3 of a best-of-3
|t:|1784163971
|gametype|doubles
|player|p1|Rugss|lucas|1097
|player|p2|himhimhimhim15|170|1094
|gen|9
|tier|[Gen 9 Champions] VGC 2026 Reg M-B (Bo3)
|rated|
|rule|Species Clause: Limit one of each Pokémon
|rule|Item Clause: Limit 1 of each item
|clearpoke
|poke|p1|Toxapex, L50, F|
|poke|p1|Charizard, L50, M, shiny|
|poke|p1|Gliscor, L50, M|
|poke|p1|Incineroar, L50, F|
|poke|p1|Mamoswine, L50, M|
|poke|p1|Raichu, L50, F|
|poke|p2|Malamar, L50, M|
|poke|p2|Maushold, L50|
|poke|p2|Mawile, L50, F|
|poke|p2|Sinistcha, L50|
|poke|p2|Whimsicott, L50, M|
|poke|p2|Incineroar, L50, M|
|teampreview|4
|showteam|p1|Toxapex||Leftovers|Regenerator|Infestation,Toxic,WideGuard,BanefulBunker|Bold||F|||50|]Charizard||CharizarditeY|Blaze|HeatWave,Protect,SolarBeam,WeatherBall|Timid||M|||50|]Gliscor||YacheBerry|HyperCutter|StealthRock,RockSlide,Protect,DualWingbeat|Jolly||M|||50|]Incineroar||SitrusBerry|Intimidate|FakeOut,PartingShot,FlareBlitz,ThroatChop|Impish||F|||50|]Mamoswine||FocusSash|Oblivious|Earthquake,IceShard,IcicleCrash,Protect|Adamant||M|||50|]Raichu||RaichuniteY|Static|FakeOut,Protect,ZapCannon,FocusBlast|Timid||F|||50|
|showteam|p2|Malamar||Malamarite|Contrary|Superpower,KnockOff,TrickRoom,Protect|Adamant||M|||50|]Maushold||WideLens|Technician|PopulationBomb,FollowMe,Feint,Protect|Jolly|||||50|]Mawile||Mawilite|HyperCutter|PlayRough,RockSlide,SuckerPunch,Protect|Brave||F|||50|]Sinistcha||ColburBerry|Hospitality|MatchaGotcha,LifeDew,RagePowder,Protect|Calm|||||50|]Whimsicott||FocusSash|Prankster|Moonblast,Tailwind,Charm,FakeTears|Modest||M|||50|]Incineroar||LifeOrb|Intimidate|FlareBlitz,DarkestLariat,PartingShot,FakeOut|Brave||M|||50|
|
|t:|1784164015
|teamsize|p1|4
|teamsize|p2|4
|start
|switch|p1a: Charizard|Charizard, L50, M, shiny|100/100
|switch|p1b: Incineroar|Incineroar, L50, F|100/100
|switch|p2a: Malamar|Malamar, L50, M|100/100
|switch|p2b: Maushold|Maushold, L50|100/100
|-ability|p1b: Incineroar|Intimidate|boost
|-boost|p2a: Malamar|atk|1
|-unboost|p2b: Maushold|atk|1
|turn|1
|
|t:|1784164033
|detailschange|p1a: Charizard|Charizard-Mega-Y, L50, M, shiny
|-mega|p1a: Charizard|Charizard|Charizardite Y
|-weather|SunnyDay|[from] ability: Drought|[of] p1a: Charizard
|move|p2b: Maushold|Protect|p2b: Maushold
|-singleturn|p2b: Maushold|Protect
|move|p1b: Incineroar|Fake Out|p2b: Maushold
|-activate|p2b: Maushold|move: Protect
|move|p1a: Charizard|Heat Wave|p2a: Malamar|[spread] p2a
|-activate|p2b: Maushold|move: Protect
|-damage|p2a: Malamar|39/100
|move|p2a: Malamar|Trick Room|p2a: Malamar
|-fieldstart|move: Trick Room|[of] p2a: Malamar
|
|-weather|SunnyDay|[upkeep]
|upkeep
|turn|2
|
|t:|1784164067
|switch|p1b: Toxapex|Toxapex, L50, F|100/100
|move|p2a: Malamar|Superpower|p1b: Toxapex
|-resisted|p1b: Toxapex|1
|-damage|p1b: Toxapex|81/100
|-boost|p2a: Malamar|atk|1
|-boost|p2a: Malamar|def|1
|move|p1a: Charizard|Heat Wave|p2a: Malamar|[spread] p2a,p2b
|-damage|p2a: Malamar|0 fnt
|-damage|p2b: Maushold|17/100
|faint|p2a: Malamar
|move|p2b: Maushold|Population Bomb|p1a: Charizard
|-damage|p1a: Charizard|91/100
|-damage|p1a: Charizard|82/100
|-damage|p1a: Charizard|74/100
|-damage|p1a: Charizard|65/100
|-damage|p1a: Charizard|57/100
|-damage|p1a: Charizard|50/100g
|-damage|p1a: Charizard|41/100
|-damage|p1a: Charizard|33/100
|-damage|p1a: Charizard|24/100
|-damage|p1a: Charizard|15/100
|-hitcount|p1a: Charizard|10
|
|-weather|SunnyDay|[upkeep]
|-heal|p1b: Toxapex|87/100|[from] item: Leftovers
|upkeep
|
|t:|1784164092
|switch|p2a: Mawile|Mawile, L50, F|100/100
|turn|3
|
|t:|1784164160
|move|p1a: Charizard|Protect|p1a: Charizard
|-singleturn|p1a: Charizard|Protect
|move|p2b: Maushold|Feint|p1a: Charizard
|-activate|p1a: Charizard|move: Feint
|-damage|p1a: Charizard|2/100
|move|p1b: Toxapex|Infestation|p2b: Maushold
|-damage|p2b: Maushold|13/100
|-activate|p2b: Maushold|move: Infestation|[of] p1b: Toxapex
|move|p2a: Mawile|Play Rough|p1b: Toxapex
|-resisted|p1b: Toxapex|1
|-damage|p1b: Toxapex|73/100
|
|-weather|SunnyDay|[upkeep]
|-heal|p1b: Toxapex|79/100|[from] item: Leftovers
|-damage|p2b: Maushold|1/100|[from] move: Infestation|[partiallytrapped]
|upkeep
|turn|4
|
|t:|1784164185
|switch|p1a: Incineroar|Incineroar, L50, F|100/100
|-ability|p1a: Incineroar|Intimidate|boost
|-fail|p2a: Mawile|unboost|Attack|[from] ability: Hyper Cutter|[of] p2a: Mawile
|-unboost|p2b: Maushold|atk|1
|move|p1b: Toxapex|Wide Guard|p1b: Toxapex
|-singleturn|p1b: Toxapex|Wide Guard
|move|p2b: Maushold|Feint|p1a: Incineroar
|-activate|p1a: Incineroar|move: Feint
|-damage|p1a: Incineroar|92/100
|move|p2a: Mawile|Play Rough|p1b: Toxapex
|-resisted|p1b: Toxapex|1
|-damage|p1b: Toxapex|66/100
|
|-weather|SunnyDay|[upkeep]
|-heal|p1b: Toxapex|71/100|[from] item: Leftovers
|-damage|p2b: Maushold|0 fnt|[from] move: Infestation|[partiallytrapped]
|faint|p2b: Maushold
|upkeep
|
|t:|1784164201
|switch|p2b: Incineroar|Incineroar, L50, M|100/100
|-ability|p2b: Incineroar|Intimidate|boost
|-unboost|p1a: Incineroar|atk|1
|-unboost|p1b: Toxapex|atk|1
|turn|5
|
|t:|1784164254
|switch|p1a: Mamoswine|Mamoswine, L50, M|100/100
|detailschange|p2a: Mawile|Mawile-Mega, L50, F
|-mega|p2a: Mawile|Mawile|Mawilite
|move|p2b: Incineroar|Fake Out|p1b: Toxapex
|-damage|p1b: Toxapex|59/100
|-damage|p2b: Incineroar|90/100|[from] item: Life Orb
|cant|p1b: Toxapex|flinch
|move|p2a: Mawile|Rock Slide|p1a: Mamoswine|[spread] p1a,p1b
|-damage|p1a: Mamoswine|54/100
|-damage|p1b: Toxapex|36/100
|
|-weather|none
|-heal|p1b: Toxapex|42/100|[from] item: Leftovers
|-fieldend|move: Trick Room
|upkeep
|turn|6
|
|t:|1784164276
|move|p1b: Toxapex|Baneful Bunker|p1b: Toxapex
|-singleturn|p1b: Toxapex|move: Protect
|move|p2a: Mawile|Sucker Punch|p1a: Mamoswine
|-damage|p1a: Mamoswine|0 fnt
|faint|p1a: Mamoswine
|move|p2b: Incineroar|Darkest Lariat|p1b: Toxapex
|-activate|p1b: Toxapex|move: Protect
|-status|p2b: Incineroar|psn
|
|-heal|p1b: Toxapex|47/100|[from] item: Leftovers
|-damage|p2b: Incineroar|78/100 psn|[from] psn
|upkeep
|
|t:|1784164289
|switch|p1a: Charizard|Charizard-Mega-Y, L50, M, shiny|2/100
|-weather|SunnyDay|[from] ability: Drought|[of] p1a: Charizard
|turn|7
|
|t:|1784164314
|move|p1a: Charizard|Protect|p1a: Charizard
|-singleturn|p1a: Charizard|Protect
|move|p2a: Mawile|Sucker Punch||[still]
|-fail|p2a: Mawile
|move|p2b: Incineroar|Darkest Lariat|p1b: Toxapex
|-damage|p1b: Toxapex|9/100
|-damage|p2b: Incineroar|68/100 psn|[from] item: Life Orb
|move|p1b: Toxapex|Infestation|p2b: Incineroar
|-damage|p2b: Incineroar|66/100 psn
|-activate|p2b: Incineroar|move: Infestation|[of] p1b: Toxapex
|
|-weather|SunnyDay|[upkeep]
|-heal|p1b: Toxapex|15/100|[from] item: Leftovers
|-damage|p2b: Incineroar|54/100 psn|[from] psn
|-damage|p2b: Incineroar|42/100 psn|[from] move: Infestation|[partiallytrapped]
|upkeep
|turn|8
|
|t:|1784164352
|switch|p1a: Incineroar|Incineroar, L50, F|92/100
|-ability|p1a: Incineroar|Intimidate|boost
|-unboost|p2a: Mawile|atk|1
|-unboost|p2b: Incineroar|atk|1
|move|p2a: Mawile|Sucker Punch||[still]
|-fail|p2a: Mawile
|move|p2b: Incineroar|Darkest Lariat|p1b: Toxapex
|-damage|p1b: Toxapex|0 fnt
|faint|p1b: Toxapex
|-damage|p2b: Incineroar|32/100 psn|[from] item: Life Orb
|
|-weather|SunnyDay|[upkeep]
|-damage|p2b: Incineroar|20/100y psn|[from] psn
|-end|p2b: Incineroar|Infestation|[partiallytrapped]|[silent]
|upkeep
|
|t:|1784164364
|switch|p1b: Charizard|Charizard-Mega-Y, L50, M, shiny|2/100
|turn|9
|
|t:|1784164424
|move|p1a: Incineroar|Fake Out|p2a: Mawile
|-resisted|p2a: Mawile|1
|-damage|p2a: Mawile|94/100
|cant|p2a: Mawile|flinch
|move|p1b: Charizard|Weather Ball|p2b: Incineroar
|-resisted|p2b: Incineroar|1
|-damage|p2b: Incineroar|0 fnt
|faint|p2b: Incineroar
|
|-weather|SunnyDay|[upkeep]
|upkeep
|turn|10
|
|t:|1784164438
|move|p2a: Mawile|Sucker Punch|p1b: Charizard
|-damage|p1b: Charizard|0 fnt
|faint|p1b: Charizard
|move|p1a: Incineroar|Flare Blitz|p2a: Mawile
|-supereffective|p2a: Mawile|1
|-damage|p2a: Mawile|0 fnt
|faint|p2a: Mawile
|-damage|p1a: Incineroar|68/100|[from] Recoil
|
|win|Rugss
|raw|Rugss's rating: 1097 → 1122(+25 for winning)
|raw|himhimhimhim15's rating: 1094 → 1070(-24 for losing)
|l|☆himhimhimhim15
|player|p2|
