|j|☆monado476
|j|☆WASHINGTONGARGACHA
|html|monado476WASHINGTONGARGACHA    
|uhtml|bestof|Game 1 of a best-of-3
|t:|1756430178
|gametype|doubles
|player|p1|monado476|volkner|1021
|player|p2|WASHINGTONGARGACHA|265|1062
|gen|9
|tier|[Gen 9] VGC 2025 Reg H (Bo3)
|rated|
|rule|Species Clause: Limit one of each Pokémon
|rule|Item Clause: Limit 1 of each item
|clearpoke
|poke|p1|Incineroar, L50, F|
|poke|p1|Whimsicott, L50, M|
|poke|p1|Gastrodon, L50, F|
|poke|p1|Kleavor, L50, M|
|poke|p1|Gholdengo, L50|
|poke|p1|Primarina, L50, M|
|poke|p2|Gholdengo, L50|
|poke|p2|Ursaluna, L50, M|
|poke|p2|Archaludon, L50, M|
|poke|p2|Murkrow, L50, F|
|poke|p2|Farigiraf, L50, M|
|poke|p2|Palafin, L50, M|
|teampreview|4
|showteam|p1|Incineroar||SafetyGoggles|Intimidate|FakeOut,PartingShot,KnockOff,FlareBlitz|||F|||50|,,,,,Grass]Whimsicott||FocusSash|Prankster|Moonblast,Tailwind,Encore,Taunt|||M|||50|,,,,,Ghost]Gastrodon||Leftovers|StormDrain|IcyWind,Recover,Yawn,EarthPower|||F|||50|,,,,,Fire]Kleavor||LifeOrb|Sharpness|StoneAxe,NightSlash,XScissor,Protect|||M|||50|,,,,,Steel]Gholdengo||MetalCoat|GoodasGold|MakeItRain,ShadowBall,NastyPlot,Protect||||||50|,,,,,Steel]Primarina||CovertCloak|LiquidVoice|Haze,HyperVoice,Moonblast,Protect|||M|||50|,,,,,Poison
|showteam|p2|Gholdengo||SitrusBerry|GoodasGold|ShadowBall,MakeItRain,NastyPlot,Protect||||||50|,,,,,Water]Ursaluna||FlameOrb|Guts|Facade,Earthquake,Protect,HeadlongRush|||M|||50|,,,,,Ghost]Archaludon||PowerHerb|Stamina|ElectroShot,FlashCannon,DracoMeteor,Protect|||M|||50|,,,,,Grass]Murkrow||Eviolite|Prankster|Tailwind,RainDance,FoulPlay,Haze|||F|||50|,,,,,Dark]Farigiraf||ThroatSpray|ArmorTail|HyperVoice,TrickRoom,Psychic,Protect|||M|||50|,,,,,Fairy]Palafin||MysticWater|ZerotoHero|FlipTurn,Protect,JetPunch,WaveCrash|||M|||50|,,,,,Water
|inactive|Battle timer is ON: inactive players will automatically lose when time's up. (requested by monado476)
|inactive|monado476 has 60 seconds left.
|inactive|WASHINGTONGARGACHA has 60 seconds left.
|
|t:|1756430214
|teamsize|p1|4
|teamsize|p2|4
|start
|switch|p1a: Kleavor|Kleavor, L50, M|100/100
|switch|p1b: Primarina|Primarina, L50, M|100/100
|switch|p2a: Murkrow|Murkrow, L50, F|100/100
|switch|p2b: Gholdengo|Gholdengo, L50|100/100
|turn|1
|inactive|WASHINGTONGARGACHA has 30 seconds left.
|
|t:|1756430241
|-terastallize|p1a: Kleavor|Steel
|move|p2b: Gholdengo|Protect|p2b: Gholdengo
|-singleturn|p2b: Gholdengo|Protect
|move|p2a: Murkrow|Tailwind|p2a: Murkrow
|-sidestart|p2: WASHINGTONGARGACHA|move: Tailwind
|move|p1a: Kleavor|X-Scissor|p2b: Gholdengo
|-activate|p2b: Gholdengo|move: Protect
|move|p1b: Primarina|Moonblast|p2a: Murkrow
|-supereffective|p2a: Murkrow
|-damage|p2a: Murkrow|13/100
|
|upkeep
|turn|2
|inactive|WASHINGTONGARGACHA has 30 seconds left.
|
|t:|1756430272
|-terastallize|p2b: Gholdengo|Water
|move|p2a: Murkrow|Rain Dance|p2a: Murkrow
|-weather|RainDance
|move|p2b: Gholdengo|Nasty Plot|p2b: Gholdengo
|-boost|p2b: Gholdengo|spa|2
|move|p1a: Kleavor|Stone Axe|p2b: Gholdengo
|-damage|p2b: Gholdengo|39/100
|-sidestart|p2: WASHINGTONGARGACHA|move: Stealth Rock
|-enditem|p2b: Gholdengo|Sitrus Berry|[eat]
|-heal|p2b: Gholdengo|63/100|[from] item: Sitrus Berry
|-damage|p1a: Kleavor|91/100|[from] item: Life Orb
|move|p1b: Primarina|Hyper Voice|p2a: Murkrow|[spread] p2a,p2b
|-resisted|p2b: Gholdengo
|-damage|p2a: Murkrow|0 fnt
|-damage|p2b: Gholdengo|38/100
|faint|p2a: Murkrow
|
|-weather|RainDance|[upkeep]
|upkeep
|
|t:|1756430288
|switch|p2a: Archaludon|Archaludon, L50, M|100/100
|-damage|p2a: Archaludon|94/100|[from] Stealth Rock
|turn|3
|
|t:|1756430309
|switch|p1b: Gastrodon|Gastrodon, L50, F|100/100
|move|p1a: Kleavor|Protect|p1a: Kleavor
|-singleturn|p1a: Kleavor|Protect
|move|p2a: Archaludon|Electro Shot||[still]
|-prepare|p2a: Archaludon|Electro Shot
|-boost|p2a: Archaludon|spa|1
|-anim|p2a: Archaludon|Electro Shot|p1b: Gastrodon
|-immune|p1b: Gastrodon
|move|p2b: Gholdengo|Shadow Ball|p1a: Kleavor
|-activate|p1a: Kleavor|move: Protect
|
|-weather|RainDance|[upkeep]
|upkeep
|turn|4
|inactive|monado476 has 30 seconds left.
|inactive|WASHINGTONGARGACHA has 30 seconds left.
|inactive|monado476 has 20 seconds left.
|
|t:|1756430348
|switch|p1a: Incineroar|Incineroar, L50, F|100/100
|-ability|p1a: Incineroar|Intimidate|boost
|-unboost|p2a: Archaludon|atk|1
|-unboost|p2b: Gholdengo|atk|1
|move|p2a: Archaludon|Electro Shot||[still]
|-prepare|p2a: Archaludon|Electro Shot
|-boost|p2a: Archaludon|spa|1
|-anim|p2a: Archaludon|Electro Shot|p1a: Incineroar
|-damage|p1a: Incineroar|15/100
|move|p2b: Gholdengo|Make It Rain|p1b: Gastrodon|[spread] p1a,p1b
|-resisted|p1a: Incineroar
|-resisted|p1b: Gastrodon
|-damage|p1a: Incineroar|0 fnt
|-damage|p1b: Gastrodon|67/100
|-unboost|p2b: Gholdengo|spa|1
|faint|p1a: Incineroar
|move|p1b: Gastrodon|Yawn|p2a: Archaludon
|-start|p2a: Archaludon|move: Yawn|[of] p1b: Gastrodon
|
|-weather|RainDance|[upkeep]
|-heal|p1b: Gastrodon|73/100|[from] item: Leftovers
|-sideend|p2: WASHINGTONGARGACHA|move: Tailwind
|upkeep
|
|t:|1756430370
|switch|p1a: Kleavor|Kleavor, L50, M, tera:Steel|91/100
|turn|5
|
|t:|1756430391
|move|p1a: Kleavor|Protect|p1a: Kleavor
|-singleturn|p1a: Kleavor|Protect
|move|p2a: Archaludon|Draco Meteor|p1b: Gastrodon
|-damage|p1b: Gastrodon|0 fnt
|-unboost|p2a: Archaludon|spa|2
|faint|p1b: Gastrodon
|move|p2b: Gholdengo|Shadow Ball|p1a: Kleavor
|-activate|p1a: Kleavor|move: Protect
|
|-weather|RainDance|[upkeep]
|-end|p2a: Archaludon|move: Yawn|[silent]
|-status|p2a: Archaludon|slp
|upkeep
|
|t:|1756430402
|switch|p1b: Primarina|Primarina, L50, M|100/100
|turn|6
|
|t:|1756430424
|move|p2b: Gholdengo|Protect|p2b: Gholdengo
|-singleturn|p2b: Gholdengo|Protect
|cant|p2a: Archaludon|slp
|move|p1a: Kleavor|X-Scissor|p2b: Gholdengo
|-activate|p2b: Gholdengo|move: Protect
|move|p1b: Primarina|Moonblast|p2a: Archaludon
|-damage|p2a: Archaludon|20/100 slp
|-ability|p2a: Archaludon|Stamina|boost
|-boost|p2a: Archaludon|def|1
|
|-weather|none
|upkeep
|turn|7
|inactive|WASHINGTONGARGACHA has 30 seconds left.
|
|t:|1756430455
|cant|p2a: Archaludon|slp
|move|p1a: Kleavor|X-Scissor|p2b: Gholdengo
|-damage|p2b: Gholdengo|0 fnt
|faint|p2b: Gholdengo
|-damage|p1a: Kleavor|81/100|[from] item: Life Orb
|move|p1b: Primarina|Moonblast|p2a: Archaludon
|-damage|p2a: Archaludon|0 fnt
|faint|p2a: Archaludon
|
|upkeep
|
|t:|1756430465
|switch|p2b: Ursaluna|Ursaluna, L50, M|100/100
|-damage|p2b: Ursaluna|94/100|[from] Stealth Rock
|turn|8
|
|t:|1756430474
|move|p2b: Ursaluna|Protect|p2b: Ursaluna
|-singleturn|p2b: Ursaluna|Protect
|move|p1a: Kleavor|X-Scissor|p2b: Ursaluna
|-activate|p2b: Ursaluna|move: Protect
|move|p1b: Primarina|Moonblast|p2b: Ursaluna
|-activate|p2b: Ursaluna|move: Protect
|
|-status|p2b: Ursaluna|brn|[from] item: Flame Orb
|upkeep
|turn|9
|inactive|monado476 has 30 seconds left.
|
|t:|1756430503
|move|p1a: Kleavor|X-Scissor|p2b: Ursaluna
|-damage|p2b: Ursaluna|28/100 brn
|-damage|p1a: Kleavor|72/100|[from] item: Life Orb
|move|p1b: Primarina|Hyper Voice|p2b: Ursaluna
|-supereffective|p2b: Ursaluna
|-damage|p2b: Ursaluna|0 fnt
|faint|p2b: Ursaluna
|
|win|monado476
