|j|☆marcoslegui
|j|☆eeveefan199
|html|marcosleguieeveefan199    
|uhtml|bestof|Game 1 of a best-of-3
|t:|1756419968
|gametype|doubles
|player|p1|marcoslegui|pokekid|1169
|player|p2|eeveefan199|emmet|1000
|gen|9
|tier|[Gen 9] VGC 2025 Reg H (Bo3)
|rated|
|rule|Species Clause: Limit one of each Pokémon
|rule|Item Clause: Limit 1 of each item
|clearpoke
|poke|p1|Sneasler, L50, F|
|poke|p1|Volcarona, L50, M|
|poke|p1|Kingambit, L50, M|
|poke|p1|Baxcalibur, L50, F|
|poke|p1|Basculegion, L50, M|
|poke|p1|Rillaboom, L50, M|
|poke|p2|Gholdengo, L50|
|poke|p2|Rillaboom, L50, F|
|poke|p2|Electabuzz, L50, F|
|poke|p2|Whimsicott, L50, F|
|poke|p2|Arcanine-Hisui, L50, F|
|poke|p2|Ursaluna-Bloodmoon, L50, M|
|teampreview|4
|showteam|p1|Sneasler||FocusSash|Unburden|DireClaw,CloseCombat,Protect,Coaching|||F|||50|,,,,,Stellar]Volcarona||CovertCloak|FlameBody|HeatWave,TeraBlast,QuiverDance,Protect|||M|||50|,,,,,Fairy]Kingambit||AssaultVest|Defiant|KowtowCleave,SuckerPunch,IronHead,LowKick|||M|||50|,,,,,Ghost]Baxcalibur||LoadedDice|ThermalExchange|IcicleSpear,ScaleShot,IceShard,Protect|||F|||50|,,,,,Ghost]Basculegion||ChoiceScarf|Adaptability|WaveCrash,FlipTurn,LastRespects,TeraBlast|||M|||50|,,,,,Fairy]Rillaboom||MiracleSeed|GrassySurge|WoodHammer,GrassyGlide,HighHorsepower,FakeOut|||M|||50|,,,,,Fire
|showteam|p2|Gholdengo||Leftovers|GoodasGold|MakeItRain,ShadowBall,Protect,NastyPlot||||||50|,,,,,Water]Rillaboom||AssaultVest|GrassySurge|GrassyGlide,FakeOut,WoodHammer,Uturn|||F|||50|,,,,,Fire]Electabuzz||Eviolite|VitalSpirit|FollowMe,Taunt,Electroweb,ThunderWave|||F|||50|,,,,,Grass]Whimsicott||FocusSash|Prankster|Tailwind,Moonblast,SunnyDay,Encore|||F|||50|,,,,,Ghost]Arcanine-Hisui||ChoiceBand|Intimidate|FlareBlitz,RockSlide,ExtremeSpeed,CloseCombat|||F|||50|,,,,,Normal]Ursaluna-Bloodmoon||LifeOrb|MindsEye|EarthPower,BloodMoon,HyperVoice,Protect|||M|||50|,,,,,Normal
|inactive|Battle timer is ON: inactive players will automatically lose when time's up. (requested by eeveefan199)
|inactive|eeveefan199 has 60 seconds left.
|
|t:|1756420021
|teamsize|p1|4
|teamsize|p2|4
|start
|switch|p1a: Kingambit|Kingambit, L50, M|100/100
|switch|p1b: Volcarona|Volcarona, L50, M|100/100
|switch|p2a: Gholdengo|Gholdengo, L50|100/100
|switch|p2b: Whimsicott|Whimsicott, L50, F, shiny|100/100
|turn|1
|
|t:|1756420039
|switch|p2a: Rillaboom|Rillaboom, L50, F|100/100
|-fieldstart|move: Grassy Terrain|[from] ability: Grassy Surge|[of] p2a: Rillaboom
|move|p2b: Whimsicott|Tailwind|p2b: Whimsicott
|-sidestart|p2: eeveefan199|move: Tailwind
|move|p1b: Volcarona|Heat Wave|p2a: Rillaboom|[spread] p2a,p2b
|-supereffective|p2a: Rillaboom
|-supereffective|p2b: Whimsicott
|-damage|p2a: Rillaboom|53/100
|-damage|p2b: Whimsicott|13/100
|move|p1a: Kingambit|Kowtow Cleave|p2a: Rillaboom
|-damage|p2a: Rillaboom|8/100
|
|-heal|p2b: Whimsicott|19/100|[from] Grassy Terrain
|-heal|p2a: Rillaboom|14/100|[from] Grassy Terrain
|upkeep
|turn|2
|inactive|marcoslegui has 30 seconds left.
|inactive|eeveefan199 has 30 seconds left.
|inactive|marcoslegui has 20 seconds left.
|inactive|eeveefan199 has 20 seconds left.
|inactive|marcoslegui has 15 seconds left.
|inactive|eeveefan199 has 15 seconds left.
|
|t:|1756420084
|move|p2a: Rillaboom|Fake Out|p1a: Kingambit
|-resisted|p1a: Kingambit
|-damage|p1a: Kingambit|95/100
|cant|p1a: Kingambit|flinch
|move|p2b: Whimsicott|Moonblast|p1b: Volcarona
|-resisted|p1b: Volcarona
|-damage|p1b: Volcarona|90/100
|move|p1b: Volcarona|Tera Blast|p2b: Whimsicott
|-damage|p2b: Whimsicott|0 fnt
|faint|p2b: Whimsicott
|
|-heal|p2a: Rillaboom|20/100|[from] Grassy Terrain
|-heal|p1b: Volcarona|96/100|[from] Grassy Terrain
|-heal|p1a: Kingambit|100/100|[from] Grassy Terrain
|upkeep
|
|t:|1756420097
|switch|p2b: Arcanine|Arcanine-Hisui, L50, F|100/100
|-ability|p2b: Arcanine|Intimidate|boost
|-unboost|p1a: Kingambit|atk|1
|-ability|p1a: Kingambit|Defiant|boost
|-boost|p1a: Kingambit|atk|2
|-unboost|p1b: Volcarona|atk|1
|turn|3
|inactive|eeveefan199 has 30 seconds left.
|inactive|eeveefan199 has 20 seconds left.
|inactive|eeveefan199 has 15 seconds left.
|
|t:|1756420137
|-terastallize|p1b: Volcarona|Fairy
|move|p2a: Rillaboom|Grassy Glide|p1b: Volcarona
|-damage|p1b: Volcarona|52/100
|move|p2b: Arcanine|Close Combat|p1a: Kingambit
|-supereffective|p1a: Kingambit
|-damage|p1a: Kingambit|0 fnt
|-unboost|p2b: Arcanine|def|1
|-unboost|p2b: Arcanine|spd|1
|faint|p1a: Kingambit
|move|p1b: Volcarona|Quiver Dance|p1b: Volcarona
|-boost|p1b: Volcarona|spa|1
|-boost|p1b: Volcarona|spd|1
|-boost|p1b: Volcarona|spe|1
|
|-heal|p2a: Rillaboom|26/100|[from] Grassy Terrain
|-heal|p1b: Volcarona|58/100|[from] Grassy Terrain
|upkeep
|
|t:|1756420159
|switch|p1a: Rillaboom|Rillaboom, L50, M|100/100
|turn|4
|
|t:|1756420174
|switch|p2b: Gholdengo|Gholdengo, L50|100/100
|move|p1a: Rillaboom|Fake Out|p2b: Gholdengo
|-immune|p2b: Gholdengo
|move|p2a: Rillaboom|Grassy Glide|p1b: Volcarona
|-damage|p1b: Volcarona|18/100
|move|p1b: Volcarona|Heat Wave|p2a: Rillaboom|[spread] p2a,p2b
|-supereffective|p2a: Rillaboom
|-supereffective|p2b: Gholdengo
|-damage|p2a: Rillaboom|0 fnt
|-damage|p2b: Gholdengo|0 fnt
|faint|p2a: Rillaboom
|faint|p2b: Gholdengo
|
|-heal|p1b: Volcarona|24/100|[from] Grassy Terrain
|-sideend|p2: eeveefan199|move: Tailwind
|upkeep
|
|t:|1756420190
|switch|p2b: Arcanine|Arcanine-Hisui, L50, F|100/100
|-ability|p2b: Arcanine|Intimidate|boost
|-unboost|p1a: Rillaboom|atk|1
|-unboost|p1b: Volcarona|atk|1
|turn|5
|
|t:|1756420199
|-terastallize|p2b: Arcanine|Normal
|move|p1b: Volcarona|Tera Blast|p2b: Arcanine|[anim] Tera Blast Fairy
|-crit|p2b: Arcanine
|-damage|p2b: Arcanine|0 fnt
|faint|p2b: Arcanine
|
|win|marcoslegui
|inactive|marcoslegui has 30 seconds to confirm battle start!
|inactive|eeveefan199 has 30 seconds to confirm battle start!
||eeveefan199 is ready for game 2.
||marcoslegui is ready for game 2.
|uhtml|next|Next: Game 2 of 3
|l|☆eeveefan199
|player|p2|
