|j|☆Pelosis
|j|☆pokeopposition
|html|Pelosispokeopposition    
|uhtml|bestof|Game 2 of a best-of-3
|t:|1784204895
|gametype|doubles
|player|p1|Pelosis|102|1153
|player|p2|pokeopposition|silver|1185
|gen|9
|tier|[Gen 9 Champions] VGC 2026 Reg M-B (Bo3)
|rated|
|rule|Species Clause: Limit one of each Pokémon
|rule|Item Clause: Limit 1 of each item
|clearpoke
|poke|p1|Mawile, L50, M|
|poke|p1|Farigiraf, L50, M|
|poke|p1|Incineroar, L50, M|
|poke|p1|Torkoal, L50, F|
|poke|p1|Venusaur, L50, M|
|poke|p1|Scrafty, L50, M|
|poke|p2|Gyarados, L50, F, shiny|
|poke|p2|Garchomp, L50, F, shiny|
|poke|p2|Sinistcha, L50, shiny|
|poke|p2|Sneasler, L50, F, shiny|
|poke|p2|Incineroar, L50, M|
|poke|p2|Pelipper, L50, M, shiny|
|teampreview|4
|showteam|p1|Mawile||Mawilite|HyperCutter|Protect,PlayRough,SwordsDance,SuckerPunch|Brave||M|||50|]Farigiraf||SitrusBerry|ArmorTail|TrickRoom,TwinBeam,Thunderbolt,HelpingHand|Quiet||M|||50|]Incineroar||WhiteHerb|Intimidate|FakeOut,CloseCombat,FlareBlitz,DarkestLariat|Brave||M|||50|]Torkoal||Charcoal|Drought|Protect,Eruption,HeatWave,WeatherBall|Quiet||F|||50|]Venusaur||FocusSash|Chlorophyll|SleepPowder,EarthPower,EnergyBall,SludgeBomb|Modest||M|||50|]Scrafty||Scraftinite|Intimidate|FakeOut,CloseCombat,KnockOff,IcePunch|Brave||M|||50|
|showteam|p2|Gyarados||Gyaradosite|Intimidate|Waterfall,Crunch,DragonDance,Protect|Jolly||F|||50|]Garchomp||LifeOrb|RoughSkin|Earthquake,RockSlide,DragonClaw,Protect|Jolly||F|||50|]Sinistcha||Leftovers|Hospitality|MatchaGotcha,TrickRoom,RagePowder,Protect|Relaxed|||||50|]Sneasler||WhiteHerb|Unburden|GunkShot,CloseCombat,FakeOut,Protect|Adamant||F|||50|]Incineroar||SitrusBerry|Intimidate|FakeOut,PartingShot,FlareBlitz,ThroatChop|Impish||M|||50|]Pelipper||FocusSash|Drizzle|Tailwind,Hurricane,WeatherBall,Protect|Timid||M|||50|
|inactive|Battle timer is ON: inactive players will automatically lose when time's up. (requested by Pelosis)
|
|t:|1784204923
|teamsize|p1|4
|teamsize|p2|4
|start
|switch|p1a: Farigiraf|Farigiraf, L50, M|100/100
|switch|p1b: Incineroar|Incineroar, L50, M|100/100
|switch|p2a: Incineroar|Incineroar, L50, M|100/100
|switch|p2b: Gyarados|Gyarados, L50, F, shiny|100/100
|-ability|p2b: Gyarados|Intimidate|boost
|-unboost|p1a: Farigiraf|atk|1
|-unboost|p1b: Incineroar|atk|1
|-ability|p2a: Incineroar|Intimidate|boost
|-unboost|p1a: Farigiraf|atk|1
|-unboost|p1b: Incineroar|atk|1
|-ability|p1b: Incineroar|Intimidate|boost
|-unboost|p2a: Incineroar|atk|1
|-unboost|p2b: Gyarados|atk|1
|-enditem|p1b: Incineroar|White Herb
|-clearnegativeboost|p1b: Incineroar|[silent]
|turn|1
|inactive|Pelosis has 30 seconds left.
|inactive|pokeopposition has 30 seconds left.
|
|t:|1784204949
|switch|p2b: Sinistcha|Sinistcha, L50, shiny|100/100
|move|p2a: Incineroar|Parting Shot|p1a: Farigiraf
|-unboost|p1a: Farigiraf|atk|1
|-unboost|p1a: Farigiraf|spa|1
|
|t:|1784204959
|switch|p2a: Gyarados|Gyarados, L50, F, shiny|100/100|[from] Parting Shot
|-ability|p2a: Gyarados|Intimidate|boost
|-unboost|p1a: Farigiraf|atk|1
|-unboost|p1b: Incineroar|atk|1
|move|p1b: Incineroar|Close Combat|p2a: Gyarados
|-resisted|p2a: Gyarados|1
|-damage|p2a: Gyarados|81/100
|-unboost|p1b: Incineroar|def|1
|-unboost|p1b: Incineroar|spd|1
|move|p1a: Farigiraf|Trick Room|p1a: Farigiraf
|-fieldstart|move: Trick Room|[of] p1a: Farigiraf
|
|upkeep
|turn|2
|
|t:|1784204980
|switch|p1a: Torkoal|Torkoal, L50, F|100/100
|-weather|SunnyDay|[from] ability: Drought|[of] p1a: Torkoal
|switch|p2a: Garchomp|Garchomp, L50, F, shiny|100/100
|move|p1b: Incineroar|Flare Blitz|p2b: Sinistcha
|-supereffective|p2b: Sinistcha|1
|-damage|p2b: Sinistcha|8/100
|-status|p2b: Sinistcha|brn
|-damage|p1b: Incineroar|73/100|[from] Recoil
|move|p2b: Sinistcha|Trick Room|p2b: Sinistcha
|-fieldend|move: Trick Room
|
|-weather|SunnyDay|[upkeep]
|-heal|p2b: Sinistcha|15/100 brn|[from] item: Leftovers
|-damage|p2b: Sinistcha|8/100 brn|[from] brn
|upkeep
|turn|3
|inactive|Pelosis has 30 seconds left.
|inactive|Pelosis has 20 seconds left.
|inactive|Pelosis has 15 seconds left.
|
|t:|1784205022
|switch|p2b: Gyarados|Gyarados, L50, F, shiny|81/100
|-ability|p2b: Gyarados|Intimidate|boost
|-unboost|p1a: Torkoal|atk|1
|-unboost|p1b: Incineroar|atk|1
|switch|p1b: Farigiraf|Farigiraf, L50, M|100/100
|move|p1a: Torkoal|Protect|p1a: Torkoal
|-singleturn|p1a: Torkoal|Protect
|move|p2a: Garchomp|Earthquake|p1a: Torkoal|[spread] p1b
|-activate|p1a: Torkoal|move: Protect
|-immune|p2b: Gyarados
|-damage|p1b: Farigiraf|55/100
|-damage|p2a: Garchomp|90/100|[from] item: Life Orb
|
|-weather|SunnyDay|[upkeep]
|upkeep
|turn|4
|inactive|Pelosis has 30 seconds left.
|
|t:|1784205054
|switch|p1b: Mawile|Mawile, L50, M|100/100
|switch|p1a: Incineroar|Incineroar, L50, M|73/100
|-ability|p1a: Incineroar|Intimidate|boost
|-unboost|p2a: Garchomp|atk|1
|-unboost|p2b: Gyarados|atk|1
|move|p2a: Garchomp|Earthquake|p1a: Incineroar|[spread] p1a,p1b
|-immune|p2b: Gyarados
|-supereffective|p1a: Incineroar|1
|-supereffective|p1b: Mawile|1
|-damage|p1a: Incineroar|11/100
|-damage|p1b: Mawile|14/100
|-damage|p2a: Garchomp|80/100|[from] item: Life Orb
|move|p2b: Gyarados|Crunch|p1b: Mawile
|-resisted|p1b: Mawile|1
|-damage|p1b: Mawile|2/100
|
|-weather|SunnyDay|[upkeep]
|upkeep
|turn|5
|
|t:|1784205077
|detailschange|p1b: Mawile|Mawile-Mega, L50, M
|-mega|p1b: Mawile|Mawile|Mawilite
|move|p2a: Garchomp|Protect|p2a: Garchomp
|-singleturn|p2a: Garchomp|Protect
|move|p1a: Incineroar|Fake Out|p2a: Garchomp
|-activate|p2a: Garchomp|move: Protect
|move|p1b: Mawile|Sucker Punch||[still]
|-fail|p1b: Mawile
|move|p2b: Gyarados|Dragon Dance|p2b: Gyarados
|-boost|p2b: Gyarados|atk|1
|-boost|p2b: Gyarados|spe|1
|
|-weather|SunnyDay|[upkeep]
|upkeep
|turn|6
|inactive|Pelosis has 30 seconds left.
|
|t:|1784205103
|move|p1b: Mawile|Sucker Punch|p2a: Garchomp
|-damage|p2a: Garchomp|35/100
|-damage|p1b: Mawile|0 fnt|[from] ability: Rough Skin|[of] p2a: Garchomp
|faint|p1b: Mawile
|move|p2b: Gyarados|Dragon Dance|p2b: Gyarados
|-boost|p2b: Gyarados|atk|1
|-boost|p2b: Gyarados|spe|1
|move|p2a: Garchomp|Earthquake|p1a: Incineroar|[spread] p1a
|-immune|p2b: Gyarados
|-supereffective|p1a: Incineroar|1
|-damage|p1a: Incineroar|0 fnt
|faint|p1a: Incineroar
|-damage|p2a: Garchomp|25/100|[from] item: Life Orb
|
|-weather|none
|upkeep
|
|t:|1784205117
|switch|p1a: Torkoal|Torkoal, L50, F|100/100
|switch|p1b: Farigiraf|Farigiraf, L50, M|55/100
|-weather|SunnyDay|[from] ability: Drought|[of] p1a: Torkoal
|turn|7
|
|t:|1784205125
|detailschange|p2b: Gyarados|Gyarados-Mega, L50, F, shiny
|-mega|p2b: Gyarados|Gyarados|Gyaradosite
|-ability|p2b: Gyarados|Mold Breaker
|move|p2b: Gyarados|Crunch|p1b: Farigiraf
|-supereffective|p1b: Farigiraf|1
|-damage|p1b: Farigiraf|0 fnt
|faint|p1b: Farigiraf
|move|p2a: Garchomp|Dragon Claw|p1a: Torkoal
|-damage|p1a: Torkoal|70/100
|-damage|p2a: Garchomp|16/100|[from] item: Life Orb
|move|p1a: Torkoal|Heat Wave|p2a: Garchomp|[spread] p2a,p2b
|-resisted|p2a: Garchomp|1
|-resisted|p2b: Gyarados|1
|-crit|p2b: Gyarados
|-damage|p2a: Garchomp|0 fnt
|-damage|p2b: Gyarados|46/100
|-status|p2b: Gyarados|brn
|faint|p2a: Garchomp
|
|-weather|SunnyDay|[upkeep]
|-damage|p2b: Gyarados|40/100 brn|[from] brn
|upkeep
|
|t:|1784205138
|switch|p2a: Sinistcha|Sinistcha, L50, shiny|8/100 brn
|-heal|p2b: Gyarados|65/100 brn|[from] ability: Hospitality|[of] p2a: Sinistcha
|turn|8
|
|t:|1784205152
|switch|p2a: Incineroar|Incineroar, L50, M|100/100
|-ability|p2a: Incineroar|Intimidate|boost
|-unboost|p1a: Torkoal|atk|1
|move|p2b: Gyarados|Waterfall|p1a: Torkoal
|-supereffective|p1a: Torkoal|1
|-crit|p1a: Torkoal
|-damage|p1a: Torkoal|29/100
|move|p1a: Torkoal|Heat Wave|p2a: Incineroar|[spread] p2a,p2b
|-resisted|p2a: Incineroar|1
|-resisted|p2b: Gyarados|1
|-damage|p2a: Incineroar|75/100
|-damage|p2b: Gyarados|43/100 brn
|
|-weather|SunnyDay|[upkeep]
|-damage|p2b: Gyarados|37/100 brn|[from] brn
|upkeep
|turn|9
|
|t:|1784205169
|switch|p2a: Sinistcha|Sinistcha, L50, shiny|8/100 brn
|-heal|p2b: Gyarados|62/100 brn|[from] ability: Hospitality|[of] p2a: Sinistcha
|move|p1a: Torkoal|Protect|p1a: Torkoal
|-singleturn|p1a: Torkoal|Protect
|move|p2b: Gyarados|Dragon Dance|p2b: Gyarados
|-boost|p2b: Gyarados|atk|1
|-boost|p2b: Gyarados|spe|1
|
|-weather|SunnyDay|[upkeep]
|-heal|p2a: Sinistcha|15/100 brn|[from] item: Leftovers
|-damage|p2b: Gyarados|56/100 brn|[from] brn
|-damage|p2a: Sinistcha|8/100 brn|[from] brn
|upkeep
|turn|10
|
|t:|1784205188
|switch|p2a: Incineroar|Incineroar, L50, M|75/100
|-ability|p2a: Incineroar|Intimidate|boost
|-unboost|p1a: Torkoal|atk|1
|move|p2b: Gyarados|Crunch|p1a: Torkoal
|-damage|p1a: Torkoal|0 fnt
|faint|p1a: Torkoal
|
|win|pokeopposition
||Pelosis is ready for game 3.
