|j|☆mikelpoyarzabal
|j|☆Ice124567890
|html|mikelpoyarzabalIce124567890    
|uhtml|bestof|Game 3 of a best-of-3
|t:|1784744119
|gametype|doubles
|player|p1|mikelpoyarzabal|arven-s|1333
|player|p2|Ice124567890|1|1283
|gen|9
|tier|[Gen 9 Champions] VGC 2026 Reg M-B (Bo3)
|rated|
|rule|Species Clause: Limit one of each Pokémon
|rule|Item Clause: Limit 1 of each item
|clearpoke
|poke|p1|Tyranitar, L50, F|
|poke|p1|Excadrill, L50, M|
|poke|p1|Gholdengo, L50|
|poke|p1|Milotic, L50, F|
|poke|p1|Sinistcha, L50|
|poke|p1|Staraptor, L50, M|
|poke|p2|Incineroar, L50, M|
|poke|p2|Sinistcha-Masterpiece, L50|
|poke|p2|Tyranitar, L50, M|
|poke|p2|Mawile, L50, F|
|poke|p2|Annihilape, L50, F|
|poke|p2|Toxapex, L50, M|
|teampreview|4
|showteam|p1|Tyranitar||Tyranitarite|SandStream|RockSlide,KnockOff,LowKick,Protect|Jolly||F|||50|]Excadrill||FocusSash|SandRush|HighHorsepower,IronHead,RockSlide,Protect|Adamant||M|||50|]Gholdengo||LifeOrb|GoodasGold|ShadowBall,MakeItRain,NastyPlot,Protect|Modest|||||50|]Milotic||SitrusBerry|Competitive|Scald,IceBeam,IcyWind,Protect|Calm||F|||50|]Sinistcha||ColburBerry|Hospitality|MatchaGotcha,ShadowBall,RagePowder,Protect|Bold|||||50|]Staraptor||Staraptite|Intimidate|BraveBird,CloseCombat,Tailwind,Protect|Jolly||M|||50|
|showteam|p2|Incineroar||SitrusBerry|Intimidate|FakeOut,FlareBlitz,ThroatChop,PartingShot|Impish||M|||50|]Sinistcha-Masterpiece||KasibBerry|Hospitality|MatchaGotcha,RagePowder,TrickRoom,Protect|Relaxed|||||50|]Tyranitar||Tyranitarite|SandStream|RockSlide,KnockOff,DragonDance,Protect|Adamant||M|||50|]Mawile||Mawilite|HyperCutter|PlayRough,SuckerPunch,SwordsDance,Protect|Careful||F|||50|]Annihilape||FocusSash|Defiant|PhantomForce,CloseCombat,RageFist,Protect|Jolly||F|||50|]Toxapex||Leftovers|Regenerator|Infestation,Toxic,WideGuard,BanefulBunker|Bold||M|||50|
|inactive|Battle timer is ON: inactive players will automatically lose when time's up. (requested by Ice124567890)
|inactive|mikelpoyarzabal also wants the timer to be on.
|inactive|mikelpoyarzabal has 60 seconds left.
|
|t:|1784744172
|teamsize|p1|4
|teamsize|p2|4
|start
|switch|p1a: Gholdengo|Gholdengo, L50|100/100
|switch|p1b: Tyranitar|Tyranitar, L50, F|100/100
|switch|p2a: Tyranitar|Tyranitar, L50, M|100/100
|switch|p2b: Annihilape|Annihilape, L50, F|100/100
|-weather|Sandstorm|[from] ability: Sand Stream|[of] p1b: Tyranitar
|turn|1
|inactive|mikelpoyarzabal has 30 seconds left.
|
|t:|1784744198
|switch|p1b: Sinistcha|Sinistcha, L50|100/100
|detailschange|p2a: Tyranitar|Tyranitar-Mega, L50, M
|-mega|p2a: Tyranitar|Tyranitar|Tyranitarite
|move|p1a: Gholdengo|Protect|p1a: Gholdengo
|-singleturn|p1a: Gholdengo|Protect
|move|p2b: Annihilape|Rage Fist|p1a: Gholdengo
|-activate|p1a: Gholdengo|move: Protect
|move|p2a: Tyranitar|Dragon Dance|p2a: Tyranitar
|-boost|p2a: Tyranitar|atk|1
|-boost|p2a: Tyranitar|spe|1
|
|-weather|Sandstorm|[upkeep]
|-damage|p2b: Annihilape|94/100|[from] Sandstorm
|-damage|p1b: Sinistcha|94/100|[from] Sandstorm
|upkeep
|turn|2
|
|t:|1784744212
|move|p1b: Sinistcha|Rage Powder|p1b: Sinistcha
|-singleturn|p1b: Sinistcha|move: Rage Powder
|move|p2a: Tyranitar|Dragon Dance|p2a: Tyranitar
|-boost|p2a: Tyranitar|atk|1
|-boost|p2a: Tyranitar|spe|1
|move|p2b: Annihilape|Rage Fist|p1b: Sinistcha
|-supereffective|p1b: Sinistcha|1
|-damage|p1b: Sinistcha|55/100
|move|p1a: Gholdengo|Make It Rain|p2a: Tyranitar|[spread] p2a
|-miss|p1a: Gholdengo|p2b: Annihilape
|-supereffective|p2a: Tyranitar|1
|-damage|p2a: Tyranitar|19/100
|-unboost|p1a: Gholdengo|spa|2
|-damage|p1a: Gholdengo|90/100|[from] item: Life Orb
|
|-weather|Sandstorm|[upkeep]
|-damage|p2b: Annihilape|88/100|[from] Sandstorm
|-damage|p1b: Sinistcha|49/100|[from] Sandstorm
|upkeep
|turn|3
|
|t:|1784744229
|switch|p1a: Excadrill|Excadrill, L50, M|100/100
|move|p2a: Tyranitar|Rock Slide|p1a: Excadrill|[spread] p1a,p1b
|-resisted|p1a: Excadrill|2
|-damage|p1a: Excadrill|72/100
|-damage|p1b: Sinistcha|0 fnt
|faint|p1b: Sinistcha
|move|p2b: Annihilape|Rage Fist|p1a: Excadrill
|-damage|p1a: Excadrill|36/100
|
|-weather|Sandstorm|[upkeep]
|-damage|p2b: Annihilape|82/100|[from] Sandstorm
|upkeep
|
|t:|1784744241
|switch|p1b: Gholdengo|Gholdengo, L50|90/100
|turn|4
|
|t:|1784744247
|switch|p2b: Sinistcha|Sinistcha-Masterpiece, L50|100/100
|-heal|p2a: Tyranitar|44/100|[from] ability: Hospitality|[of] p2b: Sinistcha
|move|p1a: Excadrill|Protect|p1a: Excadrill
|-singleturn|p1a: Excadrill|Protect
|move|p2a: Tyranitar|Protect|p2a: Tyranitar
|-singleturn|p2a: Tyranitar|Protect
|move|p1b: Gholdengo|Shadow Ball|p2b: Sinistcha
|-supereffective|p2b: Sinistcha|1
|-enditem|p2b: Sinistcha|Kasib Berry|[eat]
|-enditem|p2b: Sinistcha|Kasib Berry|[weaken]
|-damage|p2b: Sinistcha|41/100
|-damage|p1b: Gholdengo|81/100|[from] item: Life Orb
|
|-weather|Sandstorm|[upkeep]
|-damage|p2b: Sinistcha|34/100|[from] Sandstorm
|upkeep
|turn|5
|
|t:|1784744262
|move|p2b: Sinistcha|Rage Powder|p2b: Sinistcha
|-singleturn|p2b: Sinistcha|move: Rage Powder
|move|p1a: Excadrill|Rock Slide|p2a: Tyranitar|[spread] p2a,p2b
|-damage|p2a: Tyranitar|26/100
|-damage|p2b: Sinistcha|16/100
|cant|p2a: Tyranitar|flinch
|move|p1b: Gholdengo|Make It Rain|p2b: Sinistcha|[spread] p2a,p2b
|-supereffective|p2a: Tyranitar|1
|-damage|p2a: Tyranitar|0 fnt
|-damage|p2b: Sinistcha|0 fnt
|-unboost|p1b: Gholdengo|spa|2
|faint|p2a: Tyranitar
|faint|p2b: Sinistcha
|-damage|p1b: Gholdengo|71/100|[from] item: Life Orb
|
|-weather|none
|upkeep
|
|t:|1784744267
|switch|p2a: Incineroar|Incineroar, L50, M|100/100
|switch|p2b: Annihilape|Annihilape, L50, F|82/100
|-ability|p2a: Incineroar|Intimidate|boost
|-unboost|p1a: Excadrill|atk|1
|-unboost|p1b: Gholdengo|atk|1
|turn|6
|
|t:|1784744282
|switch|p1b: Tyranitar|Tyranitar, L50, F|100/100
|-weather|Sandstorm|[from] ability: Sand Stream|[of] p1b: Tyranitar
|move|p1a: Excadrill|Protect|p1a: Excadrill
|-singleturn|p1a: Excadrill|Protect
|move|p2b: Annihilape|Rage Fist|p1a: Excadrill
|-activate|p1a: Excadrill|move: Protect
|move|p2a: Incineroar|Flare Blitz|p1b: Tyranitar
|-resisted|p1b: Tyranitar|1
|-damage|p1b: Tyranitar|79/100
|-damage|p2a: Incineroar|93/100|[from] Recoil
|
|-weather|Sandstorm|[upkeep]
|-damage|p2b: Annihilape|76/100|[from] Sandstorm
|-damage|p2a: Incineroar|87/100|[from] Sandstorm
|upkeep
|turn|7
|
|t:|1784744293
|switch|p1a: Gholdengo|Gholdengo, L50|71/100
|move|p1b: Tyranitar|Protect|p1b: Tyranitar
|-singleturn|p1b: Tyranitar|Protect
|move|p2b: Annihilape|Close Combat|p1b: Tyranitar
|-activate|p1b: Tyranitar|move: Protect
|move|p2a: Incineroar|Flare Blitz|p1a: Gholdengo
|-supereffective|p1a: Gholdengo|1
|-damage|p1a: Gholdengo|0 fnt
|faint|p1a: Gholdengo
|-damage|p2a: Incineroar|67/100|[from] Recoil
|
|-weather|Sandstorm|[upkeep]
|-damage|p2b: Annihilape|70/100|[from] Sandstorm
|-damage|p2a: Incineroar|61/100|[from] Sandstorm
|upkeep
|
|t:|1784744297
|switch|p1a: Excadrill|Excadrill, L50, M|36/100
|turn|8
|
|t:|1784744314
|detailschange|p1b: Tyranitar|Tyranitar-Mega, L50, F
|-mega|p1b: Tyranitar|Tyranitar|Tyranitarite
|move|p1a: Excadrill|Rock Slide|p2b: Annihilape|[spread] p2a,p2b
|-supereffective|p2a: Incineroar|1
|-resisted|p2b: Annihilape|1
|-damage|p2a: Incineroar|29/100
|-damage|p2b: Annihilape|57/100
|-enditem|p2a: Incineroar|Sitrus Berry|[eat]
|-heal|p2a: Incineroar|53/100|[from] item: Sitrus Berry
|move|p2b: Annihilape|Close Combat|p1b: Tyranitar
|-supereffective|p1b: Tyranitar|2
|-damage|p1b: Tyranitar|0 fnt
|-unboost|p2b: Annihilape|def|1
|-unboost|p2b: Annihilape|spd|1
|faint|p1b: Tyranitar
|cant|p2a: Incineroar|flinch
|
|-weather|Sandstorm|[upkeep]
|-damage|p2b: Annihilape|51/100|[from] Sandstorm
|-damage|p2a: Incineroar|48/100|[from] Sandstorm
|upkeep
|turn|9
|
|t:|1784744328
|move|p1a: Excadrill|Rock Slide|p2a: Incineroar|[spread] 
|-miss|p1a: Excadrill|p2a: Incineroar
|-miss|p1a: Excadrill|p2b: Annihilape
|move|p2b: Annihilape|Close Combat|p1a: Excadrill
|-supereffective|p1a: Excadrill|1
|-damage|p1a: Excadrill|0 fnt
|-unboost|p2b: Annihilape|def|1
|-unboost|p2b: Annihilape|spd|1
|faint|p1a: Excadrill
|
|win|Ice124567890
|raw|mikelpoyarzabal's rating: 1333 → 1310(-23 for losing)
|raw|Ice124567890's rating: 1283 → 1312(+29 for winning)
