|j|☆void25o
|j|☆robby w
|html|void25orobby w    
|uhtml|bestof|Game 1 of a best-of-3
|t:|1756656600
|gametype|doubles
|player|p1|void25o|miku-ghost|1177
|player|p2|robby w|pokefan-gen4|1318
|gen|9
|tier|[Gen 9] VGC 2025 Reg H (Bo3)
|rated|
|rule|Species Clause: Limit one of each Pokémon
|rule|Item Clause: Limit 1 of each item
|clearpoke
|poke|p1|Pelipper, L50, M|
|poke|p1|Archaludon, L50, M|
|poke|p1|Maushold-Four, L50|
|poke|p1|Poliwrath, L50, F|
|poke|p1|Sinistcha, L50|
|poke|p1|Indeedee, L50, M|
|poke|p2|Dondozo, L50, F|
|poke|p2|Tatsugiri, L50, F|
|poke|p2|Sneasler, L50, M|
|poke|p2|Indeedee, L50, M|
|poke|p2|Archaludon, L50, F|
|poke|p2|Pelipper, L50, M|
|teampreview|4
|showteam|p1|Pelipper||SafetyGoggles|Drizzle|WeatherBall,Hurricane,Tailwind,Protect|||M|||50|,,,,,Ground]Archaludon||AssaultVest|Stamina|DragonPulse,ElectroShot,FlashCannon,BodyPress|||M|||50|,,,,,Grass]Maushold-Four||WideLens|Technician|PopulationBomb,FollowMe,Taunt,Protect||||||50|,,,,,Ghost]Poliwrath||SitrusBerry|SwiftSwim|DrainPunch,Liquidation,BellyDrum,Protect|||F|||50|,,,,,Grass]Sinistcha||RockyHelmet|Hospitality|MatchaGotcha,LifeDew,RagePowder,TrickRoom||||||50|,,,,,Water]Indeedee||FocusSash|PsychicSurge|ExpandingForce,TeraBlast,Imprison,TrickRoom|||M|||50|,,,,,Psychic
|showteam|p2|Dondozo||Leftovers|Unaware|Protect,WaveCrash,Earthquake,OrderUp|||F|||50|,,,,,Grass]Tatsugiri||ChoiceScarf|Commander|DragonPulse,IcyWind,DracoMeteor,MuddyWater|||F|||50|,,,,,Stellar]Sneasler||PsychicSeed|Unburden|DireClaw,CloseCombat,Protect,ThroatChop|||M|||50|,,,,,Dark]Indeedee||FocusSash|PsychicSurge|DazzlingGleam,HelpingHand,ExpandingForce,Protect|||M|||50|,,,,,Fairy]Archaludon||AssaultVest|Stamina|BodyPress,FlashCannon,ElectroShot,DracoMeteor|||F|||50|,,,,,Fighting]Pelipper||CovertCloak|Drizzle|Tailwind,WeatherBall,Protect,Hurricane|||M|||50|,,,,,Water
|
|t:|1756656660
|teamsize|p1|4
|teamsize|p2|4
|start
|switch|p1a: Maushold|Maushold-Four, L50|100/100
|switch|p1b: Indeedee|Indeedee, L50, M|100/100
|switch|p2a: Pelipper|Pelipper, L50, M|100/100
|switch|p2b: Archaludon|Archaludon, L50, F|100/100
|-fieldstart|move: Psychic Terrain|[from] ability: Psychic Surge|[of] p1b: Indeedee
|-weather|RainDance|[from] ability: Drizzle|[of] p2a: Pelipper
|turn|1
|
|t:|1756656689
|switch|p1b: Archaludon|Archaludon, L50, M, shiny|100/100
|move|p2a: Pelipper|Protect|p2a: Pelipper
|-singleturn|p2a: Pelipper|Protect
|move|p1a: Maushold|Population Bomb|p2a: Pelipper
|-activate|p2a: Pelipper|move: Protect
|move|p2b: Archaludon|Electro Shot||[still]
|-prepare|p2b: Archaludon|Electro Shot
|-boost|p2b: Archaludon|spa|1
|-anim|p2b: Archaludon|Electro Shot|p1a: Maushold
|-damage|p1a: Maushold|3/100
|
|-weather|RainDance|[upkeep]
|upkeep
|turn|2
|
|t:|1756656732
|move|p1a: Maushold|Population Bomb|p1b: Archaludon
|-resisted|p1b: Archaludon
|-damage|p1b: Archaludon|96/100
|-ability|p1b: Archaludon|Stamina|boost
|-boost|p1b: Archaludon|def|1
|-resisted|p1b: Archaludon
|-damage|p1b: Archaludon|94/100
|-ability|p1b: Archaludon|Stamina|boost
|-boost|p1b: Archaludon|def|1
|-resisted|p1b: Archaludon
|-damage|p1b: Archaludon|92/100
|-ability|p1b: Archaludon|Stamina|boost
|-boost|p1b: Archaludon|def|1
|-resisted|p1b: Archaludon
|-damage|p1b: Archaludon|90/100
|-ability|p1b: Archaludon|Stamina|boost
|-boost|p1b: Archaludon|def|1
|-resisted|p1b: Archaludon
|-damage|p1b: Archaludon|89/100
|-ability|p1b: Archaludon|Stamina|boost
|-boost|p1b: Archaludon|def|1
|-resisted|p1b: Archaludon
|-damage|p1b: Archaludon|87/100
|-ability|p1b: Archaludon|Stamina|boost
|-boost|p1b: Archaludon|def|1
|-resisted|p1b: Archaludon
|-damage|p1b: Archaludon|86/100
|-resisted|p1b: Archaludon
|-damage|p1b: Archaludon|85/100
|-resisted|p1b: Archaludon
|-damage|p1b: Archaludon|84/100
|-resisted|p1b: Archaludon
|-damage|p1b: Archaludon|83/100
|-hitcount|p1b: Archaludon|10
|move|p2b: Archaludon|Body Press|p1b: Archaludon
|-supereffective|p1b: Archaludon
|-damage|p1b: Archaludon|75/100
|move|p1b: Archaludon|Body Press|p2b: Archaludon
|-supereffective|p2b: Archaludon
|-damage|p2b: Archaludon|0 fnt
|faint|p2b: Archaludon
|move|p2a: Pelipper|Tailwind|p2a: Pelipper
|-sidestart|p2: robby w|move: Tailwind
|
|-weather|RainDance|[upkeep]
|upkeep
|
|t:|1756656765
|switch|p2b: Dondozo|Dondozo, L50, F, shiny|100/100
|turn|3
|
|t:|1756656772
|switch|p2a: Tatsugiri|Tatsugiri, L50, F|100/100
|-activate|p2a: Tatsugiri|ability: Commander|[of] p2b: Dondozo
|-boost|p2b: Dondozo|atk|2
|-boost|p2b: Dondozo|spa|2
|-boost|p2b: Dondozo|spe|2
|-boost|p2b: Dondozo|def|2
|-boost|p2b: Dondozo|spd|2
|move|p2b: Dondozo|Earthquake|p1a: Maushold|[spread] p1a,p1b
|-miss|p2b: Dondozo|p2a: Tatsugiri
|-supereffective|p1b: Archaludon
|-damage|p1a: Maushold|0 fnt
|-damage|p1b: Archaludon|6/100
|faint|p1a: Maushold
|move|p1b: Archaludon|Electro Shot||[still]
|-prepare|p1b: Archaludon|Electro Shot
|-boost|p1b: Archaludon|spa|1
|-anim|p1b: Archaludon|Electro Shot|p2b: Dondozo
|-supereffective|p2b: Dondozo
|-damage|p2b: Dondozo|54/100
|
|-weather|RainDance|[upkeep]
|-heal|p2b: Dondozo|60/100|[from] item: Leftovers
|upkeep
|
|t:|1756656788
|switch|p1a: Pelipper|Pelipper, L50, M|100/100
|turn|4
|
|t:|1756656801
|move|p2b: Dondozo|Order Up|p1b: Archaludon
|-damage|p1b: Archaludon|0 fnt
|faint|p1b: Archaludon
|-boost|p2b: Dondozo|atk|1
|move|p1a: Pelipper|Tailwind|p1a: Pelipper
|-sidestart|p1: void25o|move: Tailwind
|
|-weather|RainDance|[upkeep]
|-heal|p2b: Dondozo|66/100|[from] item: Leftovers
|upkeep
|
|t:|1756656805
|switch|p1b: Indeedee|Indeedee, L50, M|100/100
|turn|5
|
|t:|1756656827
|-terastallize|p1b: Indeedee|Psychic
|move|p2b: Dondozo|Order Up|p1b: Indeedee
|-enditem|p1b: Indeedee|Focus Sash
|-damage|p1b: Indeedee|1/100
|-boost|p2b: Dondozo|atk|1
|move|p1b: Indeedee|Expanding Force|p2b: Dondozo|[spread] p2b
|-miss|p1b: Indeedee|p2a: Tatsugiri
|-damage|p2b: Dondozo|27/100
|move|p1a: Pelipper|Hurricane|p2b: Dondozo
|-damage|p2b: Dondozo|3/100
|
|-weather|none
|-heal|p2b: Dondozo|9/100|[from] item: Leftovers
|-sideend|p2: robby w|move: Tailwind
|-fieldend|move: Psychic Terrain
|upkeep
|turn|6
|
|t:|1756656869
|move|p1b: Indeedee|Expanding Force|p2b: Dondozo
|-damage|p2b: Dondozo|0 fnt
|faint|p2b: Dondozo
|move|p1a: Pelipper|Hurricane|p2a: Tatsugiri|[miss]
|-miss|p1a: Pelipper|p2a: Tatsugiri
|
|upkeep
|
|t:|1756656876
|switch|p2b: Pelipper|Pelipper, L50, M|100/100
|-weather|RainDance|[from] ability: Drizzle|[of] p2b: Pelipper
|turn|7
|
|t:|1756656892
|move|p2b: Pelipper|Protect|p2b: Pelipper
|-singleturn|p2b: Pelipper|Protect
|move|p1b: Indeedee|Expanding Force|p2a: Tatsugiri
|-damage|p2a: Tatsugiri|32/100
|move|p1a: Pelipper|Hurricane|p2a: Tatsugiri
|-damage|p2a: Tatsugiri|0 fnt
|faint|p2a: Tatsugiri
|
|-weather|RainDance|[upkeep]
|-sideend|p1: void25o|move: Tailwind
|upkeep
|turn|8
|
|t:|1756656911
|move|p1b: Indeedee|Tera Blast|p2b: Pelipper|[anim] Tera Blast Psychic
|-damage|p2b: Pelipper|23/100
|move|p2b: Pelipper|Hurricane|p1a: Pelipper
|-damage|p1a: Pelipper|33/100
|move|p1a: Pelipper|Hurricane|p2b: Pelipper
|-damage|p2b: Pelipper|0 fnt
|faint|p2b: Pelipper
|
|win|void25o
||robby w is ready for game 2.
||void25o is ready for game 2.
|uhtml|next|Next: Game 2 of 3
|l|☆void25o
|player|p1|
