|j|☆GetaJobApplication
|j|☆lettitripppp
|html|GetaJobApplicationlettitripppp    
|uhtml|bestof|Game 2 of a best-of-3
|t:|1784236861
|gametype|doubles
|player|p1|GetaJobApplication|cynthia|1186
|player|p2|lettitripppp|lucas|1284
|gen|9
|tier|[Gen 9 Champions] VGC 2026 Reg M-B (Bo3)
|rated|
|rule|Species Clause: Limit one of each Pokémon
|rule|Item Clause: Limit 1 of each item
|clearpoke
|poke|p1|Incineroar, L50, M|
|poke|p1|Kingambit, L50, M|
|poke|p1|Sneasler, L50, F|
|poke|p1|Floette-Eternal, L50, F|
|poke|p1|Sinistcha, L50|
|poke|p1|Dragonite, L50, F|
|poke|p2|Charizard, L50, M, shiny|
|poke|p2|Basculegion, L50, M, shiny|
|poke|p2|Pelipper, L50, M|
|poke|p2|Venusaur, L50, F|
|poke|p2|Archaludon, L50, M|
|poke|p2|Grimmsnarl, L50, M, shiny|
|teampreview|4
|showteam|p1|Incineroar||SitrusBerry|Intimidate|FakeOut,FlareBlitz,DarkestLariat,PartingShot|Careful||M|||50|]Kingambit||ChopleBerry|Defiant|KowtowCleave,SuckerPunch,IronHead,Protect|Adamant||M|||50|]Sneasler||FocusSash|PoisonTouch|FakeOut,Protect,CloseCombat,PoisonJab|Jolly||F|||50|]Floette-Eternal||Floettite|FlowerVeil|CalmMind,Protect,DrainingKiss,DazzlingGleam|Bold||F|||50|]Sinistcha||Leftovers|Hospitality|TrickRoom,RagePowder,MatchaGotcha,Protect|Bold|||||50|]Dragonite||LifeOrb|InnerFocus|ExtremeSpeed,DragonClaw,Protect,LowKick|Adamant||F|||50|
|showteam|p2|Charizard||CharizarditeY|Blaze|WeatherBall,SolarBeam,HeatWave,Protect|Modest||M|||50|]Basculegion||ChoiceScarf|Adaptability|LastRespects,WaveCrash,FlipTurn,AquaJet|Jolly||M|||50|]Pelipper||SitrusBerry|Drizzle|WeatherBall,WideGuard,Hurricane,Tailwind|Modest||M|||50|]Venusaur||FocusSash|Chlorophyll|SleepPowder,SludgeBomb,EarthPower,Protect|Modest||F|||50|]Archaludon||Leftovers|Stamina|FlashCannon,DragonPulse,ElectroShot,Protect|Calm||M|||50|]Grimmsnarl||LightClay|Prankster|PartingShot,LightScreen,SpiritBreak,Reflect|Relaxed||M|||50|
|inactive|Battle timer is ON: inactive players will automatically lose when time's up. (requested by lettitripppp)
|
|t:|1784236883
|teamsize|p1|4
|teamsize|p2|4
|start
|switch|p1a: Dragonite|Dragonite, L50, F|100/100
|switch|p1b: Incineroar|Incineroar, L50, M|100/100
|switch|p2a: AGNI|Charizard, L50, M, shiny|100/100
|switch|p2b: SOFT-SLEEP|Venusaur, L50, F|100/100
|-ability|p1b: Incineroar|Intimidate|boost
|-unboost|p2a: AGNI|atk|1
|-unboost|p2b: SOFT-SLEEP|atk|1
|turn|1
|
|t:|1784236890
|move|p2a: AGNI|Protect|p2a: AGNI
|-singleturn|p2a: AGNI|Protect
|move|p2b: SOFT-SLEEP|Protect|p2b: SOFT-SLEEP
|-singleturn|p2b: SOFT-SLEEP|Protect
|move|p1b: Incineroar|Fake Out|p2b: SOFT-SLEEP
|-activate|p2b: SOFT-SLEEP|move: Protect
|move|p1a: Dragonite|Dragon Claw|p2a: AGNI
|-activate|p2a: AGNI|move: Protect
|
|upkeep
|turn|2
|
|t:|1784236902
|detailschange|p2a: AGNI|Charizard-Mega-Y, L50, M, shiny
|-mega|p2a: AGNI|Charizard|Charizardite Y
|-weather|SunnyDay|[from] ability: Drought|[of] p2a: AGNI
|move|p1a: Dragonite|Extreme Speed|p2a: AGNI
|-damage|p2a: AGNI|59/100
|-damage|p1a: Dragonite|90/100|[from] item: Life Orb
|move|p2b: SOFT-SLEEP|Sleep Powder|p1b: Incineroar
|-status|p1b: Incineroar|slp|[from] move: Sleep Powder
|move|p2a: AGNI|Heat Wave|p1a: Dragonite|[spread] p1a
|-miss|p2a: AGNI|p1b: Incineroar
|-resisted|p1a: Dragonite|1
|-damage|p1a: Dragonite|60/100
|cant|p1b: Incineroar|slp
|
|-weather|SunnyDay|[upkeep]
|upkeep
|turn|3
|
|t:|1784236916
|move|p1a: Dragonite|Protect|p1a: Dragonite
|-singleturn|p1a: Dragonite|Protect
|move|p2b: SOFT-SLEEP|Sleep Powder|p1a: Dragonite
|-activate|p1a: Dragonite|move: Protect
|move|p2a: AGNI|Weather Ball|p1b: Incineroar
|-resisted|p1b: Incineroar|1
|-damage|p1b: Incineroar|64/100 slp
|cant|p1b: Incineroar|slp
|
|-weather|SunnyDay|[upkeep]
|upkeep
|turn|4
|
|t:|1784236931
|switch|p2a: GO JOHAN|Grimmsnarl, L50, M, shiny|100/100
|move|p1a: Dragonite|Extreme Speed|p2a: GO JOHAN
|-damage|p2a: GO JOHAN|58/100
|-damage|p1a: Dragonite|51/100|[from] item: Life Orb
|move|p2b: SOFT-SLEEP|Sleep Powder|p1a: Dragonite|[miss]
|-miss|p2b: SOFT-SLEEP|p1a: Dragonite
|-curestatus|p1b: Incineroar|slp|[msg]
|move|p1b: Incineroar|Darkest Lariat|p2a: GO JOHAN
|-resisted|p2a: GO JOHAN|2
|-damage|p2a: GO JOHAN|51/100
|
|-weather|SunnyDay|[upkeep]
|upkeep
|turn|5
|
|t:|1784236947
|move|p1a: Dragonite|Extreme Speed|p2b: SOFT-SLEEP
|-damage|p2b: SOFT-SLEEP|49/100
|-damage|p1a: Dragonite|41/100|[from] item: Life Orb
|move|p2a: GO JOHAN|Reflect|p2a: GO JOHAN
|-sidestart|p2: lettitripppp|Reflect
|move|p2b: SOFT-SLEEP|Sleep Powder|p1b: Incineroar
|-status|p1b: Incineroar|slp|[from] move: Sleep Powder
|cant|p1b: Incineroar|slp
|
|-weather|SunnyDay|[upkeep]
|upkeep
|turn|6
|
|t:|1784236956
|move|p1a: Dragonite|Extreme Speed|p2b: SOFT-SLEEP
|-damage|p2b: SOFT-SLEEP|12/100
|-damage|p1a: Dragonite|31/100|[from] item: Life Orb
|move|p2b: SOFT-SLEEP|Earth Power|p1b: Incineroar
|-supereffective|p1b: Incineroar|1
|-damage|p1b: Incineroar|22/100 slp
|-unboost|p1b: Incineroar|spd|1
|-enditem|p1b: Incineroar|Sitrus Berry|[eat]
|-heal|p1b: Incineroar|47/100 slp|[from] item: Sitrus Berry
|cant|p1b: Incineroar|slp
|move|p2a: GO JOHAN|Spirit Break|p1a: Dragonite
|-supereffective|p1a: Dragonite|1
|-damage|p1a: Dragonite|0 fnt
|faint|p1a: Dragonite
|
|-weather|none
|upkeep
|
|t:|1784236962
|switch|p1a: Floette|Floette-Eternal, L50, F|100/100
|turn|7
|
|t:|1784236974
|detailschange|p1a: Floette|Floette-Mega, L50, F
|-mega|p1a: Floette|Floette|Floettite
|-ability|p1a: Floette|Fairy Aura
|move|p2a: GO JOHAN|Parting Shot|p1a: Floette
|-unboost|p1a: Floette|atk|1
|-unboost|p1a: Floette|spa|1
|
|t:|1784236979
|switch|p2a: AGNI|Charizard-Mega-Y, L50, M, shiny|59/100|[from] Parting Shot
|-weather|SunnyDay|[from] ability: Drought|[of] p2a: AGNI
|move|p2b: SOFT-SLEEP|Sleep Powder|p1a: Floette
|-status|p1a: Floette|slp|[from] move: Sleep Powder
|cant|p1a: Floette|slp
|-curestatus|p1b: Incineroar|slp|[msg]
|move|p1b: Incineroar|Parting Shot|p2a: AGNI
|-unboost|p2a: AGNI|atk|1
|-unboost|p2a: AGNI|spa|1
|
|t:|1784236988
|switch|p1b: Kingambit|Kingambit, L50, M|100/100|[from] Parting Shot
|
|-weather|SunnyDay|[upkeep]
|upkeep
|turn|8
|
|t:|1784236998
|move|p1b: Kingambit|Protect|p1b: Kingambit
|-singleturn|p1b: Kingambit|Protect
|move|p2b: SOFT-SLEEP|Sludge Bomb|p1a: Floette
|-supereffective|p1a: Floette|1
|-damage|p1a: Floette|32/100 slp
|move|p2a: AGNI|Weather Ball|p1b: Kingambit
|-activate|p1b: Kingambit|move: Protect
|-curestatus|p1a: Floette|slp|[msg]
|move|p1a: Floette|Dazzling Gleam|p2a: AGNI|[spread] p2a,p2b
|-resisted|p2a: AGNI|1
|-crit|p2a: AGNI
|-resisted|p2b: SOFT-SLEEP|1
|-crit|p2b: SOFT-SLEEP
|-damage|p2a: AGNI|33/100
|-damage|p2b: SOFT-SLEEP|0 fnt
|faint|p2b: SOFT-SLEEP
|
|-weather|SunnyDay|[upkeep]
|upkeep
|
|t:|1784237004
|switch|p2b: GHOSTWAVE|Basculegion, L50, M, shiny|100/100
|turn|9
|
|t:|1784237012
|switch|p1a: Incineroar|Incineroar, L50, M|47/100
|-ability|p1a: Incineroar|Intimidate|boost
|-unboost|p2a: AGNI|atk|1
|-unboost|p2b: GHOSTWAVE|atk|1
|move|p1b: Kingambit|Sucker Punch|p2a: AGNI
|-damage|p2a: AGNI|5/100
|move|p2b: GHOSTWAVE|Last Respects|p1a: Incineroar
|-resisted|p1a: Incineroar|1
|-damage|p1a: Incineroar|28/100
|move|p2a: AGNI|Weather Ball|p1b: Kingambit
|-supereffective|p1b: Kingambit|1
|-damage|p1b: Kingambit|0 fnt
|faint|p1b: Kingambit
|
|-weather|SunnyDay|[upkeep]
|upkeep
|
|t:|1784237020
|switch|p1b: Floette|Floette-Mega, L50, F|32/100
|-ability|p1b: Floette|Fairy Aura
|turn|10
|
|t:|1784237028
|switch|p2a: GO JOHAN|Grimmsnarl, L50, M, shiny|51/100
|move|p1b: Floette|Protect|p1b: Floette
|-singleturn|p1b: Floette|Protect
|move|p2b: GHOSTWAVE|Last Respects|p1b: Floette
|-activate|p1b: Floette|move: Protect
|move|p1a: Incineroar|Darkest Lariat|p2b: GHOSTWAVE
|-supereffective|p2b: GHOSTWAVE|1
|-damage|p2b: GHOSTWAVE|44/100
|
|-weather|SunnyDay|[upkeep]
|upkeep
|turn|11
|
|t:|1784237043
|move|p2a: GO JOHAN|Reflect||[still]
|-fail|p2a: GO JOHAN
|move|p2b: GHOSTWAVE|Last Respects|p1b: Floette
|-damage|p1b: Floette|1/100
|move|p1b: Floette|Draining Kiss|p2a: GO JOHAN
|-supereffective|p2a: GO JOHAN|1
|-damage|p2a: GO JOHAN|0 fnt
|-heal|p1b: Floette|44/100|[from] drain|[of] p2a: GO JOHAN
|faint|p2a: GO JOHAN
|move|p1a: Incineroar|Darkest Lariat|p2b: GHOSTWAVE
|-supereffective|p2b: GHOSTWAVE|1
|-damage|p2b: GHOSTWAVE|0 fnt
|faint|p2b: GHOSTWAVE
|
|-weather|none
|upkeep
|
|t:|1784237051
|switch|p2b: AGNI|Charizard-Mega-Y, L50, M, shiny|5/100
|-weather|SunnyDay|[from] ability: Drought|[of] p2b: AGNI
|turn|12
|
|t:|1784237056
|move|p2b: AGNI|Heat Wave|p1a: Incineroar|[spread] p1b
|-miss|p2b: AGNI|p1a: Incineroar
|-damage|p1b: Floette|0 fnt
|faint|p1b: Floette
|move|p1a: Incineroar|Darkest Lariat|p2b: AGNI
|-damage|p2b: AGNI|0 fnt
|faint|p2b: AGNI
|
|win|GetaJobApplication
||GetaJobApplication is ready for game 3.
