|j|☆engoleseco
|j|☆ChefHoe
|html|engolesecoChefHoe    
|uhtml|bestof|Game 1 of a best-of-3
|t:|1756423117
|gametype|doubles
|player|p1|engoleseco|2|1000
|player|p2|ChefHoe|gambler|1014
|gen|9
|tier|[Gen 9] VGC 2025 Reg H (Bo3)
|rated|
|rule|Species Clause: Limit one of each Pokémon
|rule|Item Clause: Limit 1 of each item
|clearpoke
|poke|p1|Armarouge, L50, M|
|poke|p1|Gengar, L50, M|
|poke|p1|Ursaluna, L50, F|
|poke|p1|Indeedee-F, L50, F|
|poke|p1|Torkoal, L50, M|
|poke|p1|Gallade, L50, M|
|poke|p2|Rillaboom, L50, M|
|poke|p2|Empoleon, L50, F|
|poke|p2|Incineroar, L50, F|
|poke|p2|Gholdengo, L50|
|poke|p2|Sinistcha, L50|
|poke|p2|Ninetales-Alola, L50, M|
|teampreview|4
|showteam|p1|Armarouge||PsychicSeed|FlashFire|EnergyBall,TrickRoom,ExpandingForce,HeatWave|||M|||50|,,,,,Grass]Gengar||FocusSash|CursedBody|Taunt,ShadowBall,DarkPulse,SludgeBomb|||M|||50|,,,,,Dark]Ursaluna||FlameOrb|Guts|Facade,Protect,HeadlongRush,Earthquake|||F|||50|,,,,,Ghost]Indeedee-F||RockyHelmet|PsychicSurge|FollowMe,TrickRoom,Psychic,HelpingHand|||F|||50|,,,,,Grass]Torkoal||Charcoal|Drought|Eruption,WeatherBall,EarthPower,HeatWave|||M|||50|,,,,,Fire]Gallade||ClearAmulet|Steadfast|SacredSword,WideGuard,PsychoCut,TrickRoom|||M|||50|,,,,,Grass
|showteam|p2|Rillaboom||AssaultVest|GrassySurge|Uturn,GrassPledge,GrassyGlide,FakeOut|||M|||50|,,,,,Water]Empoleon||GrassySeed|Competitive|Protect,WaterPledge,FlashCannon,IronDefense|||F|||50|,,,,,Ghost]Incineroar||SafetyGoggles|Intimidate|PartingShot,KnockOff,FlareBlitz,FakeOut|||F|||50|,,,,,Ghost]Gholdengo||LifeOrb|GoodasGold|Protect,MakeItRain,ShadowBall,NastyPlot||||||50|,,,,,Dragon]Sinistcha||MentalHerb|Hospitality|MatchaGotcha,StrengthSap,RagePowder,TrickRoom||||||50|,,,,,Fire]Ninetales-Alola||LightClay|SnowWarning|Protect,Moonblast,Blizzard,AuroraVeil|||M|||50|,,,,,Water
|inactive|Battle timer is ON: inactive players will automatically lose when time's up. (requested by engoleseco)
|inactive|ChefHoe has 60 seconds left.
|
|t:|1756423155
|teamsize|p1|4
|teamsize|p2|4
|start
|switch|p1a: Indeedee|Indeedee-F, L50, F|100/100
|switch|p1b: Armarouge|Armarouge, L50, M|100/100
|switch|p2a: Empoleon|Empoleon, L50, F|100/100
|switch|p2b: Incineroar|Incineroar, L50, F|100/100
|-ability|p2b: Incineroar|Intimidate|boost
|-unboost|p1a: Indeedee|atk|1
|-unboost|p1b: Armarouge|atk|1
|-fieldstart|move: Psychic Terrain|[from] ability: Psychic Surge|[of] p1a: Indeedee
|-enditem|p1b: Armarouge|Psychic Seed
|-boost|p1b: Armarouge|spd|1|[from] item: Psychic Seed
|turn|1
|inactive|ChefHoe has 30 seconds left.
|inactive|ChefHoe has 20 seconds left.
|inactive|ChefHoe has 15 seconds left.
|inactive|ChefHoe has 10 seconds left.
|inactive|ChefHoe has 5 seconds left.
|
|t:|1756423207
|switch|p2a: Rillaboom|Rillaboom, L50, M|100/100
|-fieldstart|move: Grassy Terrain|[from] ability: Grassy Surge|[of] p2a: Rillaboom
|-terastallize|p1b: Armarouge|Grass
|move|p2b: Incineroar|Fake Out|p1b: Armarouge
|-damage|p1b: Armarouge|91/100
|move|p1a: Indeedee|Follow Me|p1a: Indeedee
|-singleturn|p1a: Indeedee|move: Follow Me
|cant|p1b: Armarouge|flinch
|
|-heal|p1b: Armarouge|97/100|[from] Grassy Terrain
|upkeep
|turn|2
|inactive|ChefHoe has 30 seconds left.
|inactive|ChefHoe has 20 seconds left.
|inactive|ChefHoe has 15 seconds left.
|inactive|ChefHoe has 10 seconds left.
|inactive|ChefHoe has 5 seconds left.
|
|t:|1756423258
|switch|p1a: Ursaluna|Ursaluna, L50, F|100/100
|move|p2a: Rillaboom|Fake Out|p1b: Armarouge
|-damage|p1b: Armarouge|87/100
|move|p2b: Incineroar|Knock Off|p1a: Ursaluna
|-damage|p1a: Ursaluna|75/100
|-enditem|p1a: Ursaluna|Flame Orb|[from] move: Knock Off|[of] p2b: Incineroar
|cant|p1b: Armarouge|flinch
|
|-heal|p1b: Armarouge|93/100|[from] Grassy Terrain
|-heal|p1a: Ursaluna|81/100|[from] Grassy Terrain
|upkeep
|turn|3
|inactive|ChefHoe has 30 seconds left.
|inactive|ChefHoe has 20 seconds left.
|inactive|ChefHoe has 15 seconds left.
|inactive|ChefHoe has 10 seconds left.
|inactive|ChefHoe has 5 seconds left.
|
|t:|1756423309
|move|p2a: Rillaboom|Grassy Glide|p1a: Ursaluna
|-supereffective|p1a: Ursaluna
|-damage|p1a: Ursaluna|39/100
|move|p2b: Incineroar|Parting Shot|p1a: Ursaluna
|-unboost|p1a: Ursaluna|atk|1
|-unboost|p1a: Ursaluna|spa|1
|
|t:|1756423316
|switch|p2b: Ninetales|Ninetales-Alola, L50, M|100/100|[from] Parting Shot
|-weather|Snowscape|[from] ability: Snow Warning|[of] p2b: Ninetales
|move|p1a: Ursaluna|Headlong Rush|p2b: Ninetales
|-damage|p2b: Ninetales|66/100
|-unboost|p1a: Ursaluna|def|1
|-unboost|p1a: Ursaluna|spd|1
|move|p1b: Armarouge|Trick Room|p1b: Armarouge
|-fieldstart|move: Trick Room|[of] p1b: Armarouge
|
|-weather|Snowscape|[upkeep]
|-heal|p1a: Ursaluna|45/100|[from] Grassy Terrain
|-heal|p1b: Armarouge|99/100|[from] Grassy Terrain
|-heal|p2b: Ninetales|73/100|[from] Grassy Terrain
|upkeep
|turn|4
|
|t:|1756423335
|switch|p1a: Indeedee|Indeedee-F, L50, F|100/100
|-fieldstart|move: Psychic Terrain|[from] ability: Psychic Surge|[of] p1a: Indeedee
|switch|p2a: Incineroar|Incineroar, L50, F|100/100
|-ability|p2a: Incineroar|Intimidate|boost
|-unboost|p1a: Indeedee|atk|1
|-unboost|p1b: Armarouge|atk|1
|move|p2b: Ninetales|Protect|p2b: Ninetales
|-singleturn|p2b: Ninetales|Protect
|move|p1b: Armarouge|Expanding Force|p2b: Ninetales|[spread] 
|-activate|p2b: Ninetales|move: Protect
|-immune|p2a: Incineroar
|
|-weather|Snowscape|[upkeep]
|upkeep
|turn|5
|inactive|ChefHoe has 30 seconds left.
|inactive|ChefHoe has 20 seconds left.
|
|t:|1756423372
|switch|p1a: Torkoal|Torkoal, L50, M|100/100
|-weather|SunnyDay|[from] ability: Drought|[of] p1a: Torkoal
|switch|p2b: Rillaboom|Rillaboom, L50, M|100/100
|-fieldstart|move: Grassy Terrain|[from] ability: Grassy Surge|[of] p2b: Rillaboom
|move|p2a: Incineroar|Fake Out|p1b: Armarouge
|-damage|p1b: Armarouge|90/100
|cant|p1b: Armarouge|flinch
|
|-weather|SunnyDay|[upkeep]
|-heal|p1b: Armarouge|96/100|[from] Grassy Terrain
|upkeep
|turn|6
|inactive|ChefHoe has 30 seconds left.
|
|t:|1756423397
|switch|p1b: Indeedee|Indeedee-F, L50, F|100/100
|-fieldstart|move: Psychic Terrain|[from] ability: Psychic Surge|[of] p1b: Indeedee
|switch|p2a: Ninetales|Ninetales-Alola, L50, M|73/100
|-weather|Snowscape|[from] ability: Snow Warning|[of] p2a: Ninetales
|move|p2b: Rillaboom|Fake Out|p1a: Torkoal
|-activate|p1a: Torkoal|move: Psychic Terrain
|move|p1a: Torkoal|Eruption|p2a: Ninetales|[spread] p2a,p2b
|-supereffective|p2a: Ninetales
|-supereffective|p2b: Rillaboom
|-damage|p2a: Ninetales|0 fnt
|-damage|p2b: Rillaboom|21/100
|faint|p2a: Ninetales
|
|-weather|Snowscape|[upkeep]
|upkeep
|
|t:|1756423418
|switch|p2a: Empoleon|Empoleon, L50, F|100/100
|turn|7
|
|t:|1756423431
|switch|p2b: Incineroar|Incineroar, L50, F|100/100
|-ability|p2b: Incineroar|Intimidate|boost
|-unboost|p1a: Torkoal|atk|1
|-unboost|p1b: Indeedee|atk|1
|move|p1b: Indeedee|Helping Hand|p1a: Torkoal
|-singleturn|p1a: Torkoal|Helping Hand|[of] p1b: Indeedee
|move|p1a: Torkoal|Eruption|p2b: Incineroar|[spread] p2a,p2b
|-resisted|p2b: Incineroar
|-damage|p2a: Empoleon|8/100
|-damage|p2b: Incineroar|67/100
|move|p2a: Empoleon|Water Pledge|p1a: Torkoal
|-supereffective|p1a: Torkoal
|-damage|p1a: Torkoal|11/100
|
|-weather|Snowscape|[upkeep]
|-fieldend|move: Trick Room
|upkeep
|turn|8
|inactive|engoleseco has 30 seconds left.
|
|t:|1756423462
|switch|p1a: Armarouge|Armarouge, L50, M, tera:Grass|96/100
|move|p2a: Empoleon|Water Pledge|p1a: Armarouge
|-resisted|p1a: Armarouge
|-damage|p1a: Armarouge|78/100
|move|p2b: Incineroar|Knock Off|p1b: Indeedee
|-supereffective|p1b: Indeedee
|-damage|p1b: Indeedee|19/100
|-damage|p2b: Incineroar|50/100|[from] item: Rocky Helmet|[of] p1b: Indeedee
|-enditem|p1b: Indeedee|Rocky Helmet|[from] move: Knock Off|[of] p2b: Incineroar
|move|p1b: Indeedee|Trick Room|p1b: Indeedee
|-fieldstart|move: Trick Room|[of] p1b: Indeedee
|
|-weather|Snowscape|[upkeep]
|upkeep
|turn|9
|inactive|ChefHoe has 30 seconds left.
|j| 0-6day2
|
|t:|1756423496
|switch|p1b: Torkoal|Torkoal, L50, M|11/100
|-weather|SunnyDay|[from] ability: Drought|[of] p1b: Torkoal
|move|p1a: Armarouge|Heat Wave|p2b: Incineroar|[spread] p2a,p2b
|-resisted|p2b: Incineroar
|-damage|p2a: Empoleon|0 fnt
|-damage|p2b: Incineroar|31/100
|faint|p2a: Empoleon
|move|p2b: Incineroar|Flare Blitz|p1a: Armarouge
|-start|p1a: Armarouge|ability: Flash Fire
|
|-weather|SunnyDay|[upkeep]
|upkeep
|l| 0-6day2
|
|t:|1756423508
|switch|p2a: Rillaboom|Rillaboom, L50, M|21/100
|-fieldstart|move: Grassy Terrain|[from] ability: Grassy Surge|[of] p2a: Rillaboom
|turn|10
|-message|ChefHoe forfeited.
|
|win|engoleseco
||ChefHoe is ready for game 2.
