|j|‽informtech
|j|☆IvoTerrone
|html|informtechIvoTerrone    
|uhtml|bestof|Game 1 of a best-of-3
|t:|1783001617
|gametype|doubles
|player|p1|informtech|170|1136
|player|p2|IvoTerrone|gambler|1166
|gen|9
|tier|[Gen 9 Champions] VGC 2026 Reg M-B (Bo3)
|rated|
|rule|Species Clause: Limit one of each Pokémon
|rule|Item Clause: Limit 1 of each item
|clearpoke
|poke|p1|Staraptor, L50, M|
|poke|p1|Whimsicott, L50, M|
|poke|p1|Basculegion, L50, M|
|poke|p1|Garchomp, L50, F|
|poke|p1|Charizard, L50, M|
|poke|p1|Kingambit, L50, F|
|poke|p2|Froslass, L50, F|
|poke|p2|Scovillain, L50, F, shiny|
|poke|p2|Basculegion, L50, M|
|poke|p2|Kingambit, L50, M|
|poke|p2|Sneasler, L50, F|
|poke|p2|Lycanroc-Dusk, L50, M|
|teampreview|4
|showteam|p1|Staraptor||Staraptite|Intimidate|CloseCombat,DualWingbeat,Protect,Roost|Adamant||M|||50|]Whimsicott||FocusSash|Prankster|Tailwind,TrickRoom,Moonblast,Tickle|Quiet||M|||50|]Basculegion||LifeOrb|Adaptability|LastRespects,Protect,AquaJet,WaveCrash|Jolly||M|||50|]Garchomp||ExpertBelt|RoughSkin|DragonClaw,RockTomb,Earthquake,Protect|Adamant||F|||50|]Charizard||CharizarditeY|SolarPower|HeatWave,AirSlash,SolarBeam,Protect|Timid||M|||50|]Kingambit||BlackGlasses|Defiant|KowtowCleave,SuckerPunch,Protect,IronHead|Adamant||F|||50|
|showteam|p2|Froslass||Froslassite|CursedBody|Blizzard,ShadowBall,AuroraVeil,Protect|Modest||F|||50|]Scovillain||Scovillainite|Moody|GigaDrain,Overheat,RagePowder,Protect|Bold||F|||50|]Basculegion||SitrusBerry|Adaptability|WaveCrash,LastRespects,AquaJet,Protect|Adamant||M|||50|]Kingambit||BlackGlasses|Defiant|KowtowCleave,SuckerPunch,SwordsDance,Protect|Adamant||M|||50|]Sneasler||WhiteHerb|Unburden|CloseCombat,GunkShot,Protect,FakeOut|Adamant||F|||50|]Lycanroc-Dusk||FocusSash|ToughClaws|CloseCombat,Accelerock,RockSlide,Protect|Adamant||M|||50|
|
|t:|1783001669
|teamsize|p1|4
|teamsize|p2|4
|start
|switch|p1a: Whimsicott|Whimsicott, L50, M|100/100
|switch|p1b: Garchomp|Garchomp, L50, F|100/100
|switch|p2a: Scovillain|Scovillain, L50, F, shiny|100/100
|switch|p2b: Lycanroc|Lycanroc-Dusk, L50, M|100/100
|turn|1
|
|t:|1783001689
|detailschange|p2a: Scovillain|Scovillain-Mega, L50, F, shiny
|-mega|p2a: Scovillain|Scovillain|Scovillainite
|move|p2b: Lycanroc|Protect|p2b: Lycanroc
|-singleturn|p2b: Lycanroc|Protect
|move|p1a: Whimsicott|Tailwind|p1a: Whimsicott
|-sidestart|p1: informtech|move: Tailwind
|move|p1b: Garchomp|Earthquake|p2a: Scovillain|[spread] p1a,p2a
|-activate|p2b: Lycanroc|move: Protect
|-resisted|p1a: Whimsicott|1
|-damage|p1a: Whimsicott|73/100
|-damage|p2a: Scovillain|58/100
|-status|p1b: Garchomp|brn|[from] ability: Spicy Spray|[of] p2a: Scovillain
|move|p2a: Scovillain|Giga Drain|p1b: Garchomp
|-damage|p1b: Garchomp|70/100 brn
|-heal|p2a: Scovillain|75/100|[from] drain|[of] p1b: Garchomp
|
|-damage|p1b: Garchomp|64/100 brn|[from] brn
|upkeep
|turn|2
|
|t:|1783001717
|switch|p1a: Staraptor|Staraptor, L50, M|100/100
|-ability|p1a: Staraptor|Intimidate|boost
|-unboost|p2a: Scovillain|atk|1
|-unboost|p2b: Lycanroc|atk|1
|switch|p2b: Kingambit|Kingambit, L50, M|100/100
|move|p1b: Garchomp|Earthquake|p2b: Kingambit|[spread] p2a,p2b
|-immune|p1a: Staraptor
|-supereffective|p2b: Kingambit|1
|-damage|p2a: Scovillain|55/100
|-damage|p2b: Kingambit|63/100
|move|p2a: Scovillain|Giga Drain|p1b: Garchomp
|-damage|p1b: Garchomp|34/100 brn
|-heal|p2a: Scovillain|72/100|[from] drain|[of] p1b: Garchomp
|
|-damage|p1b: Garchomp|28/100 brn|[from] brn
|upkeep
|turn|3
|
|t:|1783001742
|switch|p2b: Basculegion|Basculegion, L50, M|100/100
|detailschange|p1a: Staraptor|Staraptor-Mega, L50, M
|-mega|p1a: Staraptor|Staraptor|Staraptite
|move|p1a: Staraptor|Dual Wingbeat|p2a: Scovillain|[miss]
|-miss|p1a: Staraptor|p2a: Scovillain
|move|p1b: Garchomp|Earthquake|p2a: Scovillain|[spread] p2a,p2b
|-immune|p1a: Staraptor
|-damage|p2a: Scovillain|52/100
|-damage|p2b: Basculegion|79/100
|move|p2a: Scovillain|Giga Drain|p1b: Garchomp
|-damage|p1b: Garchomp|0 fnt
|-heal|p2a: Scovillain|69/100|[from] drain|[of] p1b: Garchomp
|faint|p1b: Garchomp
|
|upkeep
|
|t:|1783001770
|switch|p1b: Whimsicott|Whimsicott, L50, M|73/100
|turn|4
|
|t:|1783001792
|switch|p2b: Kingambit|Kingambit, L50, M|63/100
|move|p2a: Scovillain|Rage Powder|p2a: Scovillain
|-singleturn|p2a: Scovillain|move: Rage Powder
|move|p1b: Whimsicott|Tickle|p1a: Staraptor
|-boost|p1a: Staraptor|atk|1
|-boost|p1a: Staraptor|def|1
|move|p1a: Staraptor|Dual Wingbeat|p2a: Scovillain
|-supereffective|p2a: Scovillain|1
|-damage|p2a: Scovillain|3/100
|-status|p1a: Staraptor|brn|[from] ability: Spicy Spray|[of] p2a: Scovillain
|-supereffective|p2a: Scovillain|1
|-damage|p2a: Scovillain|0 fnt
|faint|p2a: Scovillain
|-hitcount|p2: Scovillain|2
|
|-damage|p1a: Staraptor|94/100 brn|[from] brn
|-sideend|p1: informtech|move: Tailwind
|upkeep
|
|t:|1783001810
|switch|p2a: Lycanroc|Lycanroc-Dusk, L50, M|100/100
|turn|5
|
|t:|1783001825
|move|p1b: Whimsicott|Tailwind|p1b: Whimsicott
|-sidestart|p1: informtech|move: Tailwind
|move|p1a: Staraptor|Close Combat|p2b: Kingambit
|-supereffective|p2b: Kingambit|2
|-damage|p2b: Kingambit|0 fnt
|-boost|p1a: Staraptor|def|1
|-boost|p1a: Staraptor|spd|1
|faint|p2b: Kingambit
|move|p2a: Lycanroc|Rock Slide|p1b: Whimsicott|[spread] p1a,p1b
|-damage|p1a: Staraptor|80/100 brn
|-damage|p1b: Whimsicott|37/100
|
|-damage|p1a: Staraptor|74/100 brn|[from] brn
|upkeep
|
|t:|1783001836
|switch|p2b: Basculegion|Basculegion, L50, M|79/100
|turn|6
|
|t:|1783001845
|move|p1b: Whimsicott|Tickle|p1a: Staraptor
|-boost|p1a: Staraptor|atk|1
|-boost|p1a: Staraptor|def|1
|move|p2a: Lycanroc|Accelerock|p1b: Whimsicott
|-damage|p1b: Whimsicott|1/100
|move|p1a: Staraptor|Close Combat|p2a: Lycanroc
|-supereffective|p2a: Lycanroc|1
|-enditem|p2a: Lycanroc|Focus Sash
|-damage|p2a: Lycanroc|1/100
|-boost|p1a: Staraptor|def|1
|-boost|p1a: Staraptor|spd|1
|move|p2b: Basculegion|Wave Crash|p1a: Staraptor
|-damage|p1a: Staraptor|49/100 brn
|-damage|p2b: Basculegion|72/100|[from] Recoil
|
|-damage|p1a: Staraptor|43/100 brn|[from] brn
|upkeep
|turn|7
|
|t:|1783001869
|move|p2a: Lycanroc|Protect|p2a: Lycanroc
|-singleturn|p2a: Lycanroc|Protect
|move|p2b: Basculegion|Aqua Jet|p1b: Whimsicott
|-resisted|p1b: Whimsicott|1
|-damage|p1b: Whimsicott|0 fnt
|faint|p1b: Whimsicott
|move|p1a: Staraptor|Roost|p1a: Staraptor
|-heal|p1a: Staraptor|93/100 brn
|-singleturn|p1a: Staraptor|move: Roost
|
|-damage|p1a: Staraptor|87/100 brn|[from] brn
|upkeep
|
|t:|1783001874
|switch|p1b: Basculegion|Basculegion, L50, M|100/100
|turn|8
|
|t:|1783001895
|move|p2b: Basculegion|Protect|p2b: Basculegion
|-singleturn|p2b: Basculegion|Protect
|move|p1b: Basculegion|Aqua Jet|p2a: Lycanroc
|-supereffective|p2a: Lycanroc|1
|-damage|p2a: Lycanroc|0 fnt
|faint|p2a: Lycanroc
|-damage|p1b: Basculegion|90/100|[from] item: Life Orb
|move|p1a: Staraptor|Dual Wingbeat|p2b: Basculegion
|-activate|p2b: Basculegion|move: Protect
|
|-damage|p1a: Staraptor|82/100 brn|[from] brn
|-sideend|p1: informtech|move: Tailwind
|upkeep
|turn|9
|
|t:|1783001907
|move|p1a: Staraptor|Dual Wingbeat|p2b: Basculegion
|-damage|p2b: Basculegion|48/100
|-enditem|p2b: Basculegion|Sitrus Berry|[eat]
|-heal|p2b: Basculegion|73/100|[from] item: Sitrus Berry
|-damage|p2b: Basculegion|50/100g
|-hitcount|p2b: Basculegion|2
|move|p1b: Basculegion|Last Respects|p2b: Basculegion
|-supereffective|p2b: Basculegion|1
|-damage|p2b: Basculegion|0 fnt
|faint|p2b: Basculegion
|-damage|p1b: Basculegion|80/100|[from] item: Life Orb
|
|win|informtech
||IvoTerrone is ready for game 2.
|inactive|informtech has 30 seconds to confirm battle start!
