|j|☆ground tera
|j|☆raicune28
|html|ground teraraicune28    
|uhtml|bestof|Game 1 of a best-of-3
|t:|1784395124
|gametype|doubles
|player|p1|ground tera|102|
|player|p2|raicune28|170|
|gen|9
|tier|[Gen 9 Champions] VGC 2026 Reg M-B (Bo3)
|rule|Species Clause: Limit one of each Pokémon
|rule|Item Clause: Limit 1 of each item
|clearpoke
|poke|p1|Sneasler, L50, F|
|poke|p1|Kingambit, L50, M|
|poke|p1|Incineroar, L50, F|
|poke|p1|Blastoise, L50, M|
|poke|p1|Sinistcha, L50|
|poke|p1|Delphox, L50, F, shiny|
|poke|p2|Sinistcha-Masterpiece, L50|
|poke|p2|Delphox, L50, M, shiny|
|poke|p2|Incineroar, L50, M|
|poke|p2|Floette-Eternal, L50, F|
|poke|p2|Sneasler, L50, F, shiny|
|poke|p2|Kingambit, L50, F|
|teampreview|4
|showteam|p1|Sneasler||FocusSash|PoisonTouch|QuickGuard,FakeOut,CloseCombat,DireClaw|Jolly||F|||50|]Kingambit||BlackGlasses|Defiant|Protect,SwordsDance,SuckerPunch,KowtowCleave|Adamant||M|||50|]Incineroar||SitrusBerry|Intimidate|FakeOut,PartingShot,FlareBlitz,ThroatChop|Impish||F|||50|]Blastoise||Blastoisinite|Torrent|Protect,ShellSmash,WaterSpout,DarkPulse|Modest||M|||50|]Sinistcha||OccaBerry|Hospitality|Protect,MatchaGotcha,TrickRoom,RagePowder|Bold|||||50|]Delphox||Delphoxite|Blaze|Protect,HeatWave,Psyshock,NastyPlot|Timid||F|||50|
|showteam|p2|Sinistcha-Masterpiece||KasibBerry|Hospitality|MatchaGotcha,Protect,RagePowder,TrickRoom|Bold|||||50|]Delphox||Delphoxite|Blaze|HeatWave,Psyshock,NastyPlot,Protect|Timid||M|||50|]Incineroar||SitrusBerry|Intimidate|FakeOut,PartingShot,ThroatChop,FlareBlitz|Careful||M|||50|]Floette-Eternal||Floettite|FlowerVeil|Protect,CalmMind,Moonblast,DazzlingGleam|Modest||F|||50|]Sneasler||FocusSash|PoisonTouch|FakeOut,QuickGuard,DireClaw,CloseCombat|Jolly||F|||50|]Kingambit||BlackGlasses|Defiant|KowtowCleave,Protect,SuckerPunch,SwordsDance|Adamant||F|||50|
|inactive|Battle timer is ON: inactive players will automatically lose when time's up. (requested by ground tera)
|
|t:|1784395143
|teamsize|p1|4
|teamsize|p2|4
|start
|switch|p1a: Sneasler|Sneasler, L50, F|100/100
|switch|p1b: Blastoise|Blastoise, L50, M|100/100
|switch|p2a: Delphox|Delphox, L50, M, shiny|100/100
|switch|p2b: Sneasler|Sneasler, L50, F, shiny|100/100
|turn|1
|inactive|raicune28 has 30 seconds left.
|
|t:|1784395170
|switch|p1a: Incineroar|Incineroar, L50, F|100/100
|-ability|p1a: Incineroar|Intimidate|boost
|-unboost|p2a: Delphox|atk|1
|-unboost|p2b: Sneasler|atk|1
|detailschange|p2a: Delphox|Delphox-Mega, L50, M, shiny
|-mega|p2a: Delphox|Delphox|Delphoxite
|detailschange|p1b: Blastoise|Blastoise-Mega, L50, M
|-mega|p1b: Blastoise|Blastoise|Blastoisinite
|move|p1b: Blastoise|Protect|p1b: Blastoise
|-singleturn|p1b: Blastoise|Protect
|move|p2b: Sneasler|Fake Out|p1b: Blastoise
|-activate|p1b: Blastoise|move: Protect
|move|p2a: Delphox|Heat Wave|p1b: Blastoise|[spread] p1a
|-activate|p1b: Blastoise|move: Protect
|-resisted|p1a: Incineroar|1
|-damage|p1a: Incineroar|81/100
|
|upkeep
|turn|2
|inactive|raicune28 has 30 seconds left.
|
|t:|1784395201
|switch|p2b: Incineroar|Incineroar, L50, M|100/100
|-ability|p2b: Incineroar|Intimidate|boost
|-unboost|p1a: Incineroar|atk|1
|-unboost|p1b: Blastoise|atk|1
|move|p1a: Incineroar|Fake Out|p2b: Incineroar
|-damage|p2b: Incineroar|93/100
|move|p2a: Delphox|Nasty Plot|p2a: Delphox
|-boost|p2a: Delphox|spa|2
|move|p1b: Blastoise|Shell Smash|p1b: Blastoise
|-unboost|p1b: Blastoise|def|1
|-unboost|p1b: Blastoise|spd|1
|-boost|p1b: Blastoise|atk|2
|-boost|p1b: Blastoise|spa|2
|-boost|p1b: Blastoise|spe|2
|
|upkeep
|turn|3
|inactive|raicune28 has 30 seconds left.
|inactive|raicune28 has 20 seconds left.
|inactive|raicune28 has 15 seconds left.
|
|t:|1784395242
|switch|p2b: Sneasler|Sneasler, L50, F, shiny|100/100
|move|p1b: Blastoise|Protect|p1b: Blastoise
|-singleturn|p1b: Blastoise|Protect
|move|p2a: Delphox|Heat Wave|p1a: Incineroar|[spread] p1a
|-activate|p1b: Blastoise|move: Protect
|-resisted|p1a: Incineroar|1
|-damage|p1a: Incineroar|41/100
|-enditem|p1a: Incineroar|Sitrus Berry|[eat]
|-heal|p1a: Incineroar|65/100|[from] item: Sitrus Berry
|move|p1a: Incineroar|Parting Shot|p2b: Sneasler
|-unboost|p2b: Sneasler|atk|1
|-unboost|p2b: Sneasler|spa|1
|
|t:|1784395255
|switch|p1a: Sneasler|Sneasler, L50, F|100/100|[from] Parting Shot
|
|upkeep
|turn|4
|
|t:|1784395271
|move|p2b: Sneasler|Fake Out|p1b: Blastoise
|-damage|p1b: Blastoise|85/100
|-status|p1b: Blastoise|psn|[from] ability: Poison Touch|[of] p2b: Sneasler
|move|p1a: Sneasler|Fake Out|p2a: Delphox
|-damage|p2a: Delphox|78/100
|-status|p2a: Delphox|psn|[from] ability: Poison Touch|[of] p1a: Sneasler
|cant|p1b: Blastoise|flinch
|cant|p2a: Delphox|flinch
|
|-damage|p1b: Blastoise|73/100 psn|[from] psn
|-damage|p2a: Delphox|66/100 psn|[from] psn
|upkeep
|turn|5
|inactive|ground tera has 30 seconds left.
|inactive|raicune28 has 30 seconds left.
|inactive|raicune28 has 20 seconds left.
|inactive|ground tera has 20 seconds left.
|inactive|raicune28 has 15 seconds left.
|inactive|raicune28 has 10 seconds left.
|
|t:|1784395317
|move|p1b: Blastoise|Water Spout|p2a: Delphox|[spread] p2a,p2b
|-supereffective|p2a: Delphox|1
|-damage|p2a: Delphox|0 fnt
|-enditem|p2b: Sneasler|Focus Sash
|-damage|p2b: Sneasler|1/100
|faint|p2a: Delphox
|move|p2b: Sneasler|Close Combat|p1b: Blastoise
|-damage|p1b: Blastoise|9/100 psn
|-unboost|p2b: Sneasler|def|1
|-unboost|p2b: Sneasler|spd|1
|move|p1a: Sneasler|Dire Claw|p2b: Sneasler
|-resisted|p2b: Sneasler|1
|-damage|p2b: Sneasler|0 fnt
|faint|p2b: Sneasler
|
|-damage|p1b: Blastoise|0 fnt|[from] psn
|faint|p1b: Blastoise
|upkeep
|
|t:|1784395338
|switch|p2a: Incineroar|Incineroar, L50, M|93/100
|switch|p2b: Kingambit|Kingambit, L50, F|100/100
|switch|p1b: Incineroar|Incineroar, L50, F|65/100
|-ability|p1b: Incineroar|Intimidate|boost
|-unboost|p2a: Incineroar|atk|1
|-unboost|p2b: Kingambit|atk|1
|-ability|p2b: Kingambit|Defiant|boost
|-boost|p2b: Kingambit|atk|2
|-ability|p2a: Incineroar|Intimidate|boost
|-unboost|p1a: Sneasler|atk|1
|-unboost|p1b: Incineroar|atk|1
|turn|6
|inactive|raicune28 has 30 seconds left.
|
|t:|1784395372
|move|p1b: Incineroar|Fake Out|p2b: Kingambit
|-resisted|p2b: Kingambit|1
|-damage|p2b: Kingambit|97/100
|move|p2a: Incineroar|Fake Out|p1a: Sneasler
|-crit|p1a: Sneasler
|-damage|p1a: Sneasler|71/100
|cant|p1a: Sneasler|flinch
|cant|p2b: Kingambit|flinch
|
|upkeep
|turn|7
|
|t:|1784395390
|move|p2b: Kingambit|Protect|p2b: Kingambit
|-singleturn|p2b: Kingambit|Protect
|move|p1a: Sneasler|Close Combat|p2a: Incineroar
|-supereffective|p2a: Incineroar|1
|-damage|p2a: Incineroar|10/100
|-unboost|p1a: Sneasler|def|1
|-unboost|p1a: Sneasler|spd|1
|-enditem|p2a: Incineroar|Sitrus Berry|[eat]
|-heal|p2a: Incineroar|35/100|[from] item: Sitrus Berry
|move|p1b: Incineroar|Flare Blitz|p2b: Kingambit
|-activate|p2b: Kingambit|move: Protect
|move|p2a: Incineroar|Flare Blitz|p1a: Sneasler
|-damage|p1a: Sneasler|0 fnt
|faint|p1a: Sneasler
|-damage|p2a: Incineroar|16/100|[from] Recoil
|
|upkeep
|
|t:|1784395392
|switch|p1a: Sinistcha|Sinistcha, L50|100/100
|-heal|p1b: Incineroar|90/100|[from] ability: Hospitality|[of] p1a: Sinistcha
|turn|8
|
|t:|1784395412
|move|p1a: Sinistcha|Protect|p1a: Sinistcha
|-singleturn|p1a: Sinistcha|Protect
|move|p1b: Incineroar|Flare Blitz|p2b: Kingambit
|-supereffective|p2b: Kingambit|1
|-damage|p2b: Kingambit|53/100
|-damage|p1b: Incineroar|75/100|[from] Recoil
|move|p2a: Incineroar|Throat Chop|p1a: Sinistcha
|-activate|p1a: Sinistcha|move: Protect
|move|p2b: Kingambit|Kowtow Cleave|p1a: Sinistcha
|-activate|p1a: Sinistcha|move: Protect
|
|upkeep
|turn|9
|
|t:|1784395424
|move|p1b: Incineroar|Flare Blitz|p2b: Kingambit
|-supereffective|p2b: Kingambit|1
|-damage|p2b: Kingambit|6/100
|-damage|p1b: Incineroar|59/100|[from] Recoil
|move|p2a: Incineroar|Throat Chop|p1a: Sinistcha
|-supereffective|p1a: Sinistcha|1
|-damage|p1a: Sinistcha|64/100
|-start|p1a: Sinistcha|Throat Chop|[silent]
|move|p1a: Sinistcha|Matcha Gotcha|p2b: Kingambit|[spread] p2a,p2b
|-resisted|p2a: Incineroar|1
|-resisted|p2b: Kingambit|1
|-damage|p2a: Incineroar|6/100
|-heal|p1a: Sinistcha|70/100|[from] drain|[of] p2a: Incineroar
|-damage|p2b: Kingambit|0 fnt
|-heal|p1a: Sinistcha|74/100|[from] drain|[of] p2b: Kingambit
|faint|p2b: Kingambit
|
|upkeep
|turn|10
|-message|raicune28 forfeited.
|
|win|ground tera
|inactive|ground tera has 30 seconds to confirm battle start!
|inactive|raicune28 has 30 seconds to confirm battle start!
||ground tera is ready for game 2.
|inactive|raicune28 has 20 seconds to confirm battle start!
||raicune28 is ready for game 2.
|uhtml|next|Next: Game 2 of 3
