|j|☆elytsujuw
|j|☆bahia ducati
|html|elytsujuwbahia ducati    
|uhtml|bestof|Game 1 of a best-of-3
|t:|1757847814
|gametype|doubles
|player|p1|elytsujuw|volo|1185
|player|p2|bahia ducati|skier|1187
|gen|9
|tier|[Gen 9] VGC 2025 Reg H (Bo3)
|rated|
|rule|Species Clause: Limit one of each Pokémon
|rule|Item Clause: Limit 1 of each item
|clearpoke
|poke|p1|Comfey, L50, F|
|poke|p1|Rillaboom, L50, M|
|poke|p1|Incineroar, L50, M|
|poke|p1|Politoed, L50, M|
|poke|p1|Archaludon, L50, M|
|poke|p1|Grimmsnarl, L50, M|
|poke|p2|Sneasler, L50, F|
|poke|p2|Indeedee, L50, M|
|poke|p2|Excadrill, L50, M|
|poke|p2|Corviknight, L50, M|
|poke|p2|Annihilape, L50, M|
|poke|p2|Tyranitar, L50, M|
|teampreview|4
|showteam|p1|Comfey||CovertCloak|Triage|FloralHealing,DrainingKiss,GigaDrain,Protect|||F|||50|,,,,,Grass]Rillaboom||LifeOrb|GrassySurge|FakeOut,WoodHammer,GrassyGlide,HighHorsepower|||M|||50|,,,,,Fire]Incineroar||MirrorHerb|Intimidate|FlareBlitz,KnockOff,FakeOut,PartingShot|||M|||50|,,,,,Ghost]Politoed||Leftovers|Drizzle|WeatherBall,MuddyWater,Haze,Protect|||M|||50|,,,,,Water]Archaludon||PowerHerb|Stamina|ElectroShot,FlashCannon,BodyPress,Protect|||M|||50|,,,,,Electric]Grimmsnarl||LightClay|Prankster|SpiritBreak,LightScreen,Reflect,ThunderWave|||M|||50|,,,,,Dark
|showteam|p2|Sneasler||PsychicSeed|Unburden|CloseCombat,DireClaw,ThroatChop,Protect|||F|||50|,,,,,Dark]Indeedee||ChoiceScarf|PsychicSurge|ExpandingForce,TeraBlast,Trick,Protect|||M|||50|,,,,,Psychic]Excadrill||FocusSash|SandRush|Earthquake,HighHorsepower,IronHead,Protect|||M|||50|,,,,,Ground]Corviknight||Leftovers|MirrorArmor|BraveBird,BodyPress,Roost,BulkUp|||M|||50|,,,,,Dragon]Annihilape||SafetyGoggles|Defiant|CloseCombat,RageFist,Taunt,FinalGambit|||M|||50|,,,,,Fairy]Tyranitar||AssaultVest|SandStream|RockSlide,KnockOff,TeraBlast,LowKick|||M|||50|,,,,,Flying
|inactive|Battle timer is ON: inactive players will automatically lose when time's up. (requested by bahia ducati)
|inactive|elytsujuw also wants the timer to be on.
|inactive|elytsujuw has 60 seconds left.
|inactive|bahia ducati has 60 seconds left.
|
|t:|1757847856
|teamsize|p1|4
|teamsize|p2|4
|start
|switch|p1a: Rillaboom|Rillaboom, L50, M|100/100
|switch|p1b: Grimmsnarl|Grimmsnarl, L50, M|100/100
|switch|p2a: LaGata|Indeedee, L50, M|100/100
|switch|p2b: ElGato|Sneasler, L50, F|100/100
|-fieldstart|move: Psychic Terrain|[from] ability: Psychic Surge|[of] p2a: LaGata
|-enditem|p2b: ElGato|Psychic Seed
|-boost|p2b: ElGato|spd|1|[from] item: Psychic Seed
|-fieldstart|move: Grassy Terrain|[from] ability: Grassy Surge|[of] p1a: Rillaboom
|turn|1
|inactive|elytsujuw has 30 seconds left.
|inactive|bahia ducati has 30 seconds left.
|inactive|bahia ducati has 20 seconds left.
|inactive|bahia ducati has 15 seconds left.
|
|t:|1757847896
|switch|p2a: clonky|Corviknight, L50, M|100/100
|move|p2b: ElGato|Protect|p2b: ElGato
|-singleturn|p2b: ElGato|Protect
|move|p1a: Rillaboom|Fake Out|p2b: ElGato
|-activate|p2b: ElGato|move: Protect
|move|p1b: Grimmsnarl|Spirit Break|p2b: ElGato
|-activate|p2b: ElGato|move: Protect
|
|upkeep
|turn|2
|inactive|elytsujuw has 30 seconds left.
|
|t:|1757847922
|-terastallize|p2b: ElGato|Dark
|move|p1b: Grimmsnarl|Reflect|p1b: Grimmsnarl
|-sidestart|p1: elytsujuw|Reflect
|move|p2b: ElGato|Dire Claw|p1a: Rillaboom
|-supereffective|p1a: Rillaboom
|-damage|p1a: Rillaboom|42/100
|move|p1a: Rillaboom|High Horsepower|p2b: ElGato
|-damage|p2b: ElGato|17/100
|-damage|p1a: Rillaboom|32/100|[from] item: Life Orb
|move|p2a: clonky|Bulk Up|p2a: clonky
|-boost|p2a: clonky|atk|1
|-boost|p2a: clonky|def|1
|
|-heal|p2b: ElGato|23/100|[from] Grassy Terrain
|-heal|p1a: Rillaboom|38/100|[from] Grassy Terrain
|upkeep
|turn|3
|
|t:|1757847946
|move|p2b: ElGato|Protect|p2b: ElGato
|-singleturn|p2b: ElGato|Protect
|move|p1a: Rillaboom|Grassy Glide|p2b: ElGato
|-activate|p2b: ElGato|move: Protect
|move|p1b: Grimmsnarl|Thunder Wave|p2a: clonky
|-status|p2a: clonky|par
|cant|p2a: clonky|par
|
|-heal|p2b: ElGato|29/100|[from] Grassy Terrain
|-heal|p1a: Rillaboom|44/100|[from] Grassy Terrain
|upkeep
|turn|4
|inactive|bahia ducati has 30 seconds left.
|inactive|bahia ducati has 20 seconds left.
|inactive|bahia ducati has 15 seconds left.
|
|t:|1757847987
|switch|p1b: Archaludon|Archaludon, L50, M|100/100
|switch|p2a: LaGata|Indeedee, L50, M|100/100
|-fieldstart|move: Psychic Terrain|[from] ability: Psychic Surge|[of] p2a: LaGata
|move|p2b: ElGato|Dire Claw|p1a: Rillaboom
|-supereffective|p1a: Rillaboom
|-crit|p1a: Rillaboom
|-damage|p1a: Rillaboom|0 fnt
|faint|p1a: Rillaboom
|
|upkeep
|
|t:|1757847998
|switch|p1a: Comfey|Comfey, L50, F|100/100
|turn|5
|
|t:|1757848019
|-terastallize|p1b: Archaludon|Electric
|move|p1a: Comfey|Protect|p1a: Comfey
|-singleturn|p1a: Comfey|Protect
|move|p2b: ElGato|Dire Claw|p1a: Comfey
|-activate|p1a: Comfey|move: Protect
|move|p2a: LaGata|Expanding Force|p1a: Comfey|[spread] p1b
|-activate|p1a: Comfey|move: Protect
|-damage|p1b: Archaludon|28/100
|-ability|p1b: Archaludon|Stamina|boost
|-boost|p1b: Archaludon|def|1
|move|p1b: Archaludon|Electro Shot||[still]
|-prepare|p1b: Archaludon|Electro Shot
|-boost|p1b: Archaludon|spa|1
|-enditem|p1b: Archaludon|Power Herb
|-anim|p1b: Archaludon|Electro Shot|p2a: LaGata
|-damage|p2a: LaGata|0 fnt
|faint|p2a: LaGata
|
|upkeep
|
|t:|1757848036
|switch|p2a: MyBeloved|Annihilape, L50, M|100/100
|turn|6
|inactive|bahia ducati has 30 seconds left.
|inactive|bahia ducati has 20 seconds left.
|inactive|bahia ducati has 15 seconds left.
|
|t:|1757848079
|switch|p1a: Grimmsnarl|Grimmsnarl, L50, M|100/100
|move|p1b: Archaludon|Protect|p1b: Archaludon
|-singleturn|p1b: Archaludon|Protect
|move|p2b: ElGato|Close Combat|p1b: Archaludon
|-activate|p1b: Archaludon|move: Protect
|move|p2a: MyBeloved|Taunt|p1a: Grimmsnarl
|-start|p1a: Grimmsnarl|move: Taunt
|
|upkeep
|turn|7
|
|t:|1757848101
|switch|p1b: Comfey|Comfey, L50, F|100/100
|move|p2b: ElGato|Close Combat|p1b: Comfey
|-resisted|p1b: Comfey
|-crit|p1b: Comfey
|-damage|p1b: Comfey|38/100
|-unboost|p2b: ElGato|def|1
|-unboost|p2b: ElGato|spd|1
|move|p2a: MyBeloved|Close Combat|p1b: Comfey
|-resisted|p1b: Comfey
|-damage|p1b: Comfey|20/100
|-unboost|p2a: MyBeloved|def|1
|-unboost|p2a: MyBeloved|spd|1
|move|p1a: Grimmsnarl|Spirit Break|p2b: ElGato
|-supereffective|p2b: ElGato
|-damage|p2b: ElGato|0 fnt
|faint|p2b: ElGato
|
|upkeep
|
|t:|1757848103
|switch|p2b: clonky|Corviknight, L50, M|100/100 par
|turn|8
|inactive|elytsujuw has 30 seconds left.
|
|t:|1757848138
|move|p1b: Comfey|Protect|p1b: Comfey
|-singleturn|p1b: Comfey|Protect
|move|p2a: MyBeloved|Rage Fist|p1b: Comfey
|-activate|p1b: Comfey|move: Protect
|move|p1a: Grimmsnarl|Spirit Break|p2b: clonky
|-resisted|p2b: clonky
|-damage|p2b: clonky|87/100 par
|-ability|p2b: clonky|Mirror Armor
|-unboost|p1a: Grimmsnarl|spa|1
|move|p2b: clonky|Bulk Up|p2b: clonky
|-boost|p2b: clonky|atk|1
|-boost|p2b: clonky|def|1
|
|-heal|p2b: clonky|93/100 par|[from] item: Leftovers
|-end|p1a: Grimmsnarl|move: Taunt
|-fieldend|move: Psychic Terrain
|upkeep
|turn|9
|inactive|bahia ducati has 30 seconds left.
|
|t:|1757848168
|switch|p1a: Archaludon|Archaludon, L50, M, tera:Electric|28/100
|move|p1b: Comfey|Floral Healing|p1a: Archaludon
|-heal|p1a: Archaludon|78/100
|move|p2a: MyBeloved|Rage Fist|p1b: Comfey
|-damage|p1b: Comfey|4/100
|move|p2b: clonky|Bulk Up|p2b: clonky
|-boost|p2b: clonky|atk|1
|-boost|p2b: clonky|def|1
|
|-heal|p2b: clonky|99/100 par|[from] item: Leftovers
|-sideend|p1: elytsujuw|Reflect
|upkeep
|turn|10
|inactive|elytsujuw has 30 seconds left.
|inactive|elytsujuw has 20 seconds left.
|
|t:|1757848204
|move|p1a: Archaludon|Protect|p1a: Archaludon
|-singleturn|p1a: Archaludon|Protect
|move|p1b: Comfey|Draining Kiss|p2a: MyBeloved
|-supereffective|p2a: MyBeloved
|-damage|p2a: MyBeloved|43/100
|-heal|p1b: Comfey|61/100|[from] drain|[of] p2a: MyBeloved
|move|p2a: MyBeloved|Taunt|p1b: Comfey
|-start|p1b: Comfey|move: Taunt
|move|p2b: clonky|Bulk Up|p2b: clonky
|-boost|p2b: clonky|atk|1
|-boost|p2b: clonky|def|1
|
|-heal|p2b: clonky|100/100 par|[from] item: Leftovers
|upkeep
|turn|11
|
|t:|1757848227
|switch|p1a: Grimmsnarl|Grimmsnarl, L50, M|100/100
|move|p1b: Comfey|Draining Kiss|p2a: MyBeloved
|-supereffective|p2a: MyBeloved
|-damage|p2a: MyBeloved|0 fnt
|-heal|p1b: Comfey|100/100|[from] drain|[of] p2a: MyBeloved
|faint|p2a: MyBeloved
|move|p2b: clonky|Body Press|p1a: Grimmsnarl
|-damage|p1a: Grimmsnarl|54/100
|
|upkeep
|turn|12
|
|t:|1757848246
|move|p1b: Comfey|Draining Kiss|p2b: clonky
|-resisted|p2b: clonky
|-damage|p2b: clonky|90/100 par
|move|p1a: Grimmsnarl|Reflect|p1a: Grimmsnarl
|-sidestart|p1: elytsujuw|Reflect
|move|p2b: clonky|Brave Bird|p1b: Comfey
|-damage|p1b: Comfey|0 fnt
|faint|p1b: Comfey
|-damage|p2b: clonky|65/100 par|[from] Recoil
|
|-heal|p2b: clonky|71/100 par|[from] item: Leftovers
|upkeep
|
|t:|1757848253
|switch|p1b: Archaludon|Archaludon, L50, M, tera:Electric|78/100
|turn|13
|
|t:|1757848283
|move|p1b: Archaludon|Electro Shot||[still]
|-prepare|p1b: Archaludon|Electro Shot
|-boost|p1b: Archaludon|spa|1
|move|p1a: Grimmsnarl|Spirit Break|p2b: clonky
|-resisted|p2b: clonky
|-damage|p2b: clonky|65/100 par
|-ability|p2b: clonky|Mirror Armor
|-unboost|p1a: Grimmsnarl|spa|1
|move|p2b: clonky|Brave Bird|p1a: Grimmsnarl
|-damage|p1a: Grimmsnarl|0 fnt
|faint|p1a: Grimmsnarl
|-damage|p2b: clonky|48/100 par|[from] Recoil
|
|-heal|p2b: clonky|53/100 par|[from] item: Leftovers
|upkeep
|turn|14
|
|t:|1757848293
|move|p1b: Archaludon|Electro Shot|p2b: clonky|[from] lockedmove
|-supereffective|p2b: clonky
|-damage|p2b: clonky|0 fnt
|faint|p2b: clonky
|
|win|elytsujuw
||bahia ducati is ready for game 2.
