|j|☆Hadrian1917
|j|☆Cosentino
|html|Hadrian1917Cosentino    
|uhtml|bestof|Game 2 of a best-of-3
|t:|1756766900
|gametype|doubles
|player|p1|Hadrian1917|1|1090
|player|p2|Cosentino|clown|1089
|gen|9
|tier|[Gen 9] VGC 2025 Reg H (Bo3)
|rated|
|rule|Species Clause: Limit one of each Pokémon
|rule|Item Clause: Limit 1 of each item
|clearpoke
|poke|p1|Annihilape, L50, F|
|poke|p1|Dragonite, L50, F|
|poke|p1|Ursaluna-Bloodmoon, L50, M|
|poke|p1|Rillaboom, L50, F|
|poke|p1|Gholdengo, L50|
|poke|p1|Pelipper, L50, M|
|poke|p2|Sneasler, L50, M|
|poke|p2|Dragonite, L50, M|
|poke|p2|Whimsicott, L50, F|
|poke|p2|Volcarona, L50, F|
|poke|p2|Amoonguss, L50, F|
|poke|p2|Gholdengo, L50|
|teampreview|4
|showteam|p1|Annihilape||SitrusBerry|Defiant|DrainPunch,RageFist,BulkUp,Protect|||F|||50|,,,,,Fire]Dragonite||LoadedDice|Multiscale|ScaleShot,Haze,Tailwind,Protect|||F|||50|,,,,,Fairy]Ursaluna-Bloodmoon||AssaultVest|MindsEye|HyperVoice,EarthPower,BloodMoon,VacuumWave|||M|||50|,,,,,Dragon]Rillaboom||MiracleSeed|GrassySurge|GrassyGlide,Uturn,WoodHammer,FakeOut|||F|||50|,,,,,Fire]Gholdengo||LifeOrb|GoodasGold|Protect,NastyPlot,ShadowBall,MakeItRain||||||50|,,,,,Water]Pelipper||FocusSash|Drizzle|WeatherBall,Hurricane,WideGuard,Protect|||M|||50|,,,,,Ghost
|showteam|p2|Sneasler||FocusSash|PoisonTouch|Protect,CloseCombat,DireClaw,FakeOut|||M|||50|,,,,,Ghost]Dragonite||ChoiceBand|InnerFocus|ExtremeSpeed,DragonClaw,LowKick,StompingTantrum|||M|||50|,,,,,Normal]Whimsicott||CovertCloak|Prankster|LightScreen,Moonblast,SunnyDay,Tailwind|||F|||50|,,,,,Dark]Volcarona||SitrusBerry|FlameBody|Protect,GigaDrain,HeatWave,QuiverDance|||F|||50|,,,,,Grass]Amoonguss||RockyHelmet|Regenerator|GigaDrain,ClearSmog,RagePowder,Spore|||F|||50|,,,,,Water]Gholdengo||Leftovers|GoodasGold|Protect,NastyPlot,MakeItRain,ShadowBall||||||50|,,,,,Fairy
|inactive|Battle timer is ON: inactive players will automatically lose when time's up. (requested by Hadrian1917)
|
|t:|1756766938
|teamsize|p1|4
|teamsize|p2|4
|start
|switch|p1a: Gholdengo|Gholdengo, L50|100/100
|switch|p1b: Dragonite|Dragonite, L50, F|100/100
|switch|p2a: Whimsicott|Whimsicott, L50, F|100/100
|switch|p2b: Volcarona|Volcarona, L50, F|100/100
|turn|1
|inactive|Hadrian1917 has 30 seconds left.
|inactive|Hadrian1917 has 20 seconds left.
|inactive|Hadrian1917 has 15 seconds left.
|
|t:|1756766981
|move|p1a: Gholdengo|Protect|p1a: Gholdengo
|-singleturn|p1a: Gholdengo|Protect
|move|p2a: Whimsicott|Light Screen|p2a: Whimsicott
|-sidestart|p2: Cosentino|move: Light Screen
|move|p1b: Dragonite|Scale Shot|p2b: Volcarona
|-damage|p2b: Volcarona|83/100
|-damage|p2b: Volcarona|66/100
|-damage|p2b: Volcarona|48/100
|-enditem|p2b: Volcarona|Sitrus Berry|[eat]
|-heal|p2b: Volcarona|72/100|[from] item: Sitrus Berry
|-damage|p2b: Volcarona|55/100
|-damage|p2b: Volcarona|39/100
|-hitcount|p2b: Volcarona|5
|-unboost|p1b: Dragonite|def|1
|-boost|p1b: Dragonite|spe|1
|move|p2b: Volcarona|Heat Wave|p1a: Gholdengo|[spread] p1b
|-activate|p1a: Gholdengo|move: Protect
|-resisted|p1b: Dragonite
|-damage|p1b: Dragonite|92/100
|
|upkeep
|turn|2
|inactive|Hadrian1917 has 30 seconds left.
|inactive|Hadrian1917 has 20 seconds left.
|inactive|Hadrian1917 has 15 seconds left.
|
|t:|1756767023
|switch|p1a: Pelipper|Pelipper, L50, M|100/100
|-weather|RainDance|[from] ability: Drizzle|[of] p1a: Pelipper
|move|p2a: Whimsicott|Tailwind|p2a: Whimsicott
|-sidestart|p2: Cosentino|move: Tailwind
|move|p2b: Volcarona|Heat Wave|p1b: Dragonite|[spread] p1a,p1b
|-resisted|p1a: Pelipper
|-resisted|p1b: Dragonite
|-damage|p1a: Pelipper|87/100
|-damage|p1b: Dragonite|83/100
|move|p1b: Dragonite|Scale Shot|p2b: Volcarona
|-damage|p2b: Volcarona|22/100
|-crit|p2b: Volcarona
|-damage|p2b: Volcarona|0 fnt
|faint|p2b: Volcarona
|-hitcount|p2: Volcarona|2
|-unboost|p1b: Dragonite|def|1
|-boost|p1b: Dragonite|spe|1
|
|-weather|RainDance|[upkeep]
|upkeep
|
|t:|1756767041
|switch|p2b: Gholdengo|Gholdengo, L50|100/100
|turn|3
|inactive|Hadrian1917 has 30 seconds left.
|inactive|Cosentino has 30 seconds left.
|inactive|Hadrian1917 has 20 seconds left.
|
|t:|1756767081
|move|p2a: Whimsicott|Moonblast|p1b: Dragonite
|-supereffective|p1b: Dragonite
|-damage|p1b: Dragonite|21/100
|-unboost|p1b: Dragonite|spa|1
|move|p1b: Dragonite|Tailwind|p1b: Dragonite
|-sidestart|p1: Hadrian1917|move: Tailwind
|move|p2b: Gholdengo|Shadow Ball|p1b: Dragonite
|-damage|p1b: Dragonite|0 fnt
|faint|p1b: Dragonite
|move|p1a: Pelipper|Hurricane|p2a: Whimsicott
|-supereffective|p2a: Whimsicott
|-damage|p2a: Whimsicott|9/100
|
|-weather|RainDance|[upkeep]
|upkeep
|
|t:|1756767098
|switch|p1b: Annihilape|Annihilape, L50, F|100/100
|turn|4
|inactive|Cosentino has 30 seconds left.
|inactive|Cosentino has 20 seconds left.
|
|t:|1756767136
|switch|p2a: Dragonite|Dragonite, L50, M|100/100
|-terastallize|p1b: Annihilape|Fire
|move|p1b: Annihilape|Bulk Up|p1b: Annihilape
|-boost|p1b: Annihilape|atk|1
|-boost|p1b: Annihilape|def|1
|move|p2b: Gholdengo|Make It Rain|p1a: Pelipper|[spread] p1a,p1b
|-resisted|p1a: Pelipper
|-resisted|p1b: Annihilape
|-damage|p1a: Pelipper|50/100
|-damage|p1b: Annihilape|82/100
|-unboost|p2b: Gholdengo|spa|1
|move|p1a: Pelipper|Hurricane|p2a: Dragonite
|-crit|p2a: Dragonite
|-damage|p2a: Dragonite|38/100
|
|-weather|RainDance|[upkeep]
|upkeep
|turn|5
|inactive|Hadrian1917 has 30 seconds left.
|inactive|Cosentino has 30 seconds left.
|inactive|Hadrian1917 has 20 seconds left.
|inactive|Cosentino has 20 seconds left.
|
|t:|1756767175
|switch|p2b: Whimsicott|Whimsicott, L50, F|9/100
|move|p2a: Dragonite|Extreme Speed|p1a: Pelipper
|-damage|p1a: Pelipper|0 fnt
|faint|p1a: Pelipper
|move|p1b: Annihilape|Rage Fist|p2a: Dragonite
|-damage|p2a: Dragonite|0 fnt
|faint|p2a: Dragonite
|
|-weather|RainDance|[upkeep]
|-sideend|p2: Cosentino|move: Light Screen
|-sideend|p2: Cosentino|move: Tailwind
|upkeep
|
|t:|1756767186
|switch|p1a: Gholdengo|Gholdengo, L50|100/100
|switch|p2a: Gholdengo|Gholdengo, L50|100/100
|turn|6
|
|t:|1756767208
|move|p2b: Whimsicott|Tailwind|p2b: Whimsicott
|-sidestart|p2: Cosentino|move: Tailwind
|move|p1b: Annihilape|Rage Fist|p2a: Gholdengo
|-supereffective|p2a: Gholdengo
|-damage|p2a: Gholdengo|0 fnt
|faint|p2a: Gholdengo
|move|p1a: Gholdengo|Make It Rain|p2b: Whimsicott
|-supereffective|p2b: Whimsicott
|-damage|p2b: Whimsicott|0 fnt
|-unboost|p1a: Gholdengo|spa|1
|faint|p2b: Whimsicott
|-damage|p1a: Gholdengo|91/100|[from] item: Life Orb
|
|win|Hadrian1917
||Cosentino is ready for game 3.
|l|☆Cosentino
|player|p2|
|raw|Hadrian1917's rating: 1090 → 1116(+26 for winning)
|raw|Cosentino's rating: 1089 → 1066(-23 for losing)
