|j|☆Pever3ll
|j|☆sebrai
|html|Pever3llsebrai    
|uhtml|bestof|Game 1 of a best-of-3
|t:|1784217374
|gametype|doubles
|player|p1|Pever3ll|266|
|player|p2|sebrai|iris-gen5bw2|
|gen|9
|tier|[Gen 9 Champions] VGC 2026 Reg M-B (Bo3)
|rule|Species Clause: Limit one of each Pokémon
|rule|Item Clause: Limit 1 of each item
|clearpoke
|poke|p1|Bellibolt, L50, M|
|poke|p1|Runerigus, L50, F|
|poke|p1|Politoed, L50, F|
|poke|p1|Archaludon, L50, F|
|poke|p1|Swampert, L50, F|
|poke|p1|Sableye, L50, F|
|poke|p2|Whimsicott, L50, F, shiny|
|poke|p2|Staraptor, L50, M|
|poke|p2|Maushold-Four, L50|
|poke|p2|Annihilape, L50, F|
|poke|p2|Rotom-Mow, L50|
|poke|p2|Aurorus, L50, F|
|teampreview|4
|showteam|p1|Bellibolt||Magnet|Electromorphosis|ParabolicCharge,Thunder,Protect,WeatherBall|Quiet||M|||50|]Runerigus||MentalHerb|WanderingSpirit|Poltergeist,WillOWisp,TrickRoom,Disable|Relaxed||F|||50|]Politoed||DampRock|Drizzle|WeatherBall,Protect,IceBeam,HelpingHand|Bold||F|||50|]Archaludon||WhiteHerb|Stalwart|ElectroShot,FlashCannon,DracoMeteor,Protect|Modest||F|||50|]Swampert||Swampertite|Torrent|WaveCrash,HighHorsepower,Protect,IcePunch|Adamant||F|||50|]Sableye||FocusSash|Prankster|Disable,FakeOut,RainDance,Encore|Calm||F|||50|
|showteam|p2|Whimsicott||FocusSash|Prankster|Tickle,Tailwind,Encore,Moonblast|Bold||F|||50|]Staraptor||Staraptite|Intimidate|CloseCombat,Roost,BraveBird,Protect|Adamant||M|||50|]Maushold-Four||MentalHerb|FriendGuard|BeatUp,SuperFang,FollowMe,Protect|Timid|||||50|]Annihilape||SitrusBerry|Defiant|CloseCombat,RageFist,Protect,StormThrow|Jolly||F|||50|]Rotom-Mow||WhiteHerb|Levitate|LeafStorm,Thunderbolt,Protect,WillOWisp|Bold|||||50|]Aurorus||PasshoBerry|SnowWarning|EarthPower,FreezeDry,AuroraVeil,Protect|Bold||F|||50|
|inactive|Battle timer is ON: inactive players will automatically lose when time's up. (requested by sebrai)
|inactive|Pever3ll has 60 seconds left.
|inactive|sebrai has 60 seconds left.
|inactive|Pever3ll has 30 seconds left.
|inactive|Pever3ll has 20 seconds left.
|inactive|Pever3ll has 15 seconds left.
|
|t:|1784217450
|teamsize|p1|4
|teamsize|p2|4
|start
|switch|p1a: Runerigus|Runerigus, L50, F|100/100
|switch|p1b: Politoed|Politoed, L50, F|100/100
|switch|p2a: ticle monster|Whimsicott, L50, F, shiny|100/100
|switch|p2b: biggest bird|Staraptor, L50, M|100/100
|-ability|p2b: biggest bird|Intimidate|boost
|-unboost|p1a: Runerigus|atk|1
|-unboost|p1b: Politoed|atk|1
|-weather|RainDance|[from] ability: Drizzle|[of] p1b: Politoed
|turn|1
|inactive|sebrai has 30 seconds left.
|
|t:|1784217484
|detailschange|p2b: biggest bird|Staraptor-Mega, L50, M
|-mega|p2b: biggest bird|Staraptor|Staraptite
|move|p2a: ticle monster|Tickle|p2b: biggest bird
|-boost|p2b: biggest bird|atk|1
|-boost|p2b: biggest bird|def|1
|move|p2b: biggest bird|Close Combat|p1b: Politoed
|-damage|p1b: Politoed|1/100
|-boost|p2b: biggest bird|def|1
|-boost|p2b: biggest bird|spd|1
|move|p1b: Politoed|Ice Beam|p2a: ticle monster
|-supereffective|p2a: ticle monster|1
|-damage|p2a: ticle monster|40/100
|move|p1a: Runerigus|Trick Room|p1a: Runerigus
|-fieldstart|move: Trick Room|[of] p1a: Runerigus
|
|-weather|RainDance|[upkeep]
|upkeep
|turn|2
|
|t:|1784217504
|switch|p1b: Bellibolt|Bellibolt, L50, M|100/100
|move|p2a: ticle monster|Encore|p1a: Runerigus
|-start|p1a: Runerigus|Encore
|-enditem|p1a: Runerigus|Mental Herb
|-end|p1a: Runerigus|Encore
|move|p1a: Runerigus|Will-O-Wisp|p2b: biggest bird
|-status|p2b: biggest bird|brn
|move|p2b: biggest bird|Close Combat|p1b: Bellibolt
|-damage|p1b: Bellibolt|55/100
|-boost|p2b: biggest bird|def|1
|-boost|p2b: biggest bird|spd|1
|-start|p1b: Bellibolt|Charge|Close Combat|[from] ability: Electromorphosis
|
|-weather|RainDance|[upkeep]
|-damage|p2b: biggest bird|94/100 brn|[from] brn
|upkeep
|turn|3
|inactive|sebrai has 30 seconds left.
|
|t:|1784217531
|move|p2a: ticle monster|Tickle|p2b: biggest bird
|-boost|p2b: biggest bird|atk|1
|-boost|p2b: biggest bird|def|1
|move|p1a: Runerigus|Poltergeist|p2a: ticle monster|[miss]
|-miss|p1a: Runerigus|p2a: ticle monster
|move|p1b: Bellibolt|Thunder|p2b: biggest bird
|-supereffective|p2b: biggest bird|1
|-damage|p2b: biggest bird|0 fnt
|faint|p2b: biggest bird
|-end|p1b: Bellibolt|Charge|[silent]
|
|-weather|RainDance|[upkeep]
|upkeep
|
|t:|1784217542
|switch|p2b: aurora borealis|Aurorus, L50, F|100/100
|-weather|Snowscape|[from] ability: Snow Warning|[of] p2b: aurora borealis
|turn|4
|inactive|sebrai has 30 seconds left.
|
|t:|1784217574
|switch|p1a: Politoed|Politoed, L50, F|1/100
|-weather|RainDance|[from] ability: Drizzle|[of] p1a: Politoed
|move|p2a: ticle monster|Encore|p1b: Bellibolt
|-start|p1b: Bellibolt|Encore
|move|p1b: Bellibolt|Thunder|p2b: aurora borealis
|-damage|p2b: aurora borealis|41/100
|-status|p2b: aurora borealis|par
|move|p2b: aurora borealis|Freeze-Dry|p1a: Politoed
|-supereffective|p1a: Politoed|1
|-damage|p1a: Politoed|0 fnt
|faint|p1a: Politoed
|
|-weather|RainDance|[upkeep]
|upkeep
|
|t:|1784217589
|switch|p1a: Runerigus|Runerigus, L50, F|100/100
|turn|5
|
|t:|1784217609
|move|p2b: aurora borealis|Earth Power|p1b: Bellibolt
|-supereffective|p1b: Bellibolt|1
|-crit|p1b: Bellibolt
|-damage|p1b: Bellibolt|0 fnt
|faint|p1b: Bellibolt
|move|p1a: Runerigus|Disable|p2b: aurora borealis
|-start|p2b: aurora borealis|Disable|Earth Power
|move|p2a: ticle monster|Moonblast|p1a: Runerigus
|-damage|p1a: Runerigus|69/100
|
|-weather|RainDance|[upkeep]
|-fieldend|move: Trick Room
|upkeep
|
|t:|1784217612
|switch|p1b: Swampert|Swampert, L50, F|100/100
|turn|6
|
|t:|1784217636
|detailschange|p1b: Swampert|Swampert-Mega, L50, F
|-mega|p1b: Swampert|Swampert|Swampertite
|move|p2a: ticle monster|Encore|p1a: Runerigus
|-start|p1a: Runerigus|Encore
|move|p1b: Swampert|Wave Crash|p2b: aurora borealis
|-supereffective|p2b: aurora borealis|1
|-enditem|p2b: aurora borealis|Passho Berry|[eat]
|-enditem|p2b: aurora borealis|Passho Berry|[weaken]
|-damage|p2b: aurora borealis|0 fnt
|faint|p2b: aurora borealis
|-damage|p1b: Swampert|85/100|[from] Recoil
|move|p1a: Runerigus|Disable|p2a: ticle monster
|-start|p2a: ticle monster|Disable|Encore
|
|-weather|RainDance|[upkeep]
|upkeep
|
|t:|1784217646
|switch|p2b: smiley|Rotom-Mow, L50|100/100
|turn|7
|inactive|sebrai has 30 seconds left.
|
|t:|1784217686
|move|p2a: ticle monster|Tailwind|p2a: ticle monster
|-sidestart|p2: sebrai|move: Tailwind
|move|p2b: smiley|Leaf Storm|p1a: Runerigus
|-supereffective|p1a: Runerigus|1
|-damage|p1a: Runerigus|0 fnt
|-unboost|p2b: smiley|spa|2
|faint|p1a: Runerigus
|-enditem|p2b: smiley|White Herb
|-clearnegativeboost|p2b: smiley|[silent]
|move|p1b: Swampert|Ice Punch|p2a: ticle monster
|-supereffective|p2a: ticle monster|1
|-damage|p2a: ticle monster|0 fnt
|faint|p2a: ticle monster
|
|-weather|RainDance|[upkeep]
|upkeep
|turn|8
|inactive|sebrai has 30 seconds left.
|
|t:|1784217713
|move|p2b: smiley|Leaf Storm|p1b: Swampert
|-supereffective|p1b: Swampert|2
|-damage|p1b: Swampert|0 fnt
|-unboost|p2b: smiley|spa|2
|faint|p1b: Swampert
|
|win|sebrai
||sebrai is ready for game 2.
||Pever3ll is ready for game 2.
|uhtml|next|Next: Game 2 of 3
|l|☆Pever3ll
|player|p1|
|j|☆Pever3ll
|player|p1|Pever3ll|miku-flying|
|l|☆Pever3ll
|player|p1|
|j|☆Pever3ll
|player|p1|Pever3ll|miku-flying|
|l|☆Pever3ll
|player|p1|
|j|☆Pever3ll
|player|p1|Pever3ll|miku-flying|
|l|☆Pever3ll
|player|p1|
