|j|☆Mega Chime Time
|j|☆horseki
|html|Mega Chime Timehorseki    
|uhtml|bestof|Game 2 of a best-of-3
|t:|1783477056
|gametype|doubles
|player|p1|Mega Chime Time|miku-flying|
|player|p2|horseki|clerkf|
|gen|9
|tier|[Gen 9 Champions] VGC 2026 Reg M-B (Bo3)
|rule|Species Clause: Limit one of each Pokémon
|rule|Item Clause: Limit 1 of each item
|clearpoke
|poke|p1|Altaria, L50, F|
|poke|p1|Salazzle, L50, F|
|poke|p1|Blastoise, L50, M|
|poke|p1|Rotom-Mow, L50, shiny|
|poke|p1|Skarmory, L50, F|
|poke|p1|Mudsdale, L50, F|
|poke|p2|Raichu-Alola, L50, F|
|poke|p2|Noivern, L50, F|
|poke|p2|Krookodile, L50, F|
|poke|p2|Gengar, L50, M|
|poke|p2|Medicham, L50, M|
|poke|p2|Rotom-Mow, L50|
|teampreview|4
|showteam|p1|Altaria||Altarianite|NaturalCure|HyperVoice,Roost,WillOWisp,Protect|Modest||F|||50|]Salazzle||FocusSash|Corrosion|FakeOut,HeatWave,Encore,Protect|Hasty||F|||50|]Blastoise||SitrusBerry|RainDish|FakeOut,WaveCrash,Yawn,LifeDew|Adamant||M|||50|]Rotom-Mow||ChoiceScarf|Levitate|Electroweb,Trick,LeafStorm,Thunderbolt|Timid|||||50|]Skarmory||Skarmorite|Sturdy|Tailwind,IronHead,BraveBird,Protect|Jolly||F|||50|]Mudsdale||Leftovers|Stamina|BodyPress,HighHorsepower,HeavySlam,Protect|Adamant||F|||50|
|showteam|p2|Raichu-Alola||FocusSash|SurgeSurfer|FakeOut,Discharge,Psychic,Protect|Hasty||F|||50|]Noivern||WhiteHerb|Telepathy|Tailwind,DracoMeteor,Flamethrower,Protect|Timid||F|||50|]Krookodile||BlackGlasses|Intimidate|Crunch,HighHorsepower,Taunt,Protect|Jolly||F|||50|]Gengar||LifeOrb|CursedBody|Taunt,ShadowBall,SludgeBomb,Protect|Timid||M|||50|]Medicham||Medichamite|PurePower|FakeOut,CloseCombat,ZenHeadbutt,Protect|Jolly||M|||50|]Rotom-Mow||OccaBerry|Levitate|ElectricTerrain,LeafStorm,HelpingHand,VoltSwitch|Quiet|||||50|
|inactive|Battle timer is ON: inactive players will automatically lose when time's up. (requested by Mega Chime Time)
|j| lillyrosethedemon
|j| jebward1234
|
|t:|1783477082
|teamsize|p1|4
|teamsize|p2|4
|start
|switch|p1a: Rotom|Rotom-Mow, L50, shiny|100/100
|switch|p1b: Altaria|Altaria, L50, F|100/100
|switch|p2a: Medicham|Medicham, L50, M|100/100
|switch|p2b: Rotom|Rotom-Mow, L50|100/100
|turn|1
|c| lillyrosethedemon|no chime:d
|c|☆Mega Chime Time|:(
|inactive|Mega Chime Time has 30 seconds left.
|inactive|horseki has 30 seconds left.
|inactive|horseki has 20 seconds left.
|inactive|horseki has 15 seconds left.
|inactive|horseki has 10 seconds left.
|
|t:|1783477128
|switch|p1a: Mudsdale|Mudsdale, L50, F|100/100
|detailschange|p2a: Medicham|Medicham-Mega, L50, M
|-mega|p2a: Medicham|Medicham|Medichamite
|detailschange|p1b: Altaria|Altaria-Mega, L50, F
|-mega|p1b: Altaria|Altaria|Altarianite
|move|p2a: Medicham|Fake Out|p1b: Altaria
|-damage|p1b: Altaria|77/100
|cant|p1b: Altaria|flinch
|move|p2b: Rotom|Electric Terrain|p2b: Rotom
|-fieldstart|move: Electric Terrain
|
|upkeep
|turn|2
|
|t:|1783477147
|move|p2a: Medicham|Zen Headbutt|p1b: Altaria
|-damage|p1b: Altaria|18/100
|move|p1b: Altaria|Hyper Voice|p2a: Medicham|[spread] p2a,p2b
|-supereffective|p2a: Medicham|1
|-damage|p2a: Medicham|0 fnt
|-damage|p2b: Rotom|59/100
|faint|p2a: Medicham
|move|p2b: Rotom|Leaf Storm|p1a: Mudsdale|[miss]
|-miss|p2b: Rotom|p1a: Mudsdale
|move|p1a: Mudsdale|Heavy Slam|p2b: Rotom
|-resisted|p2b: Rotom|1
|-damage|p2b: Rotom|36/100
|
|upkeep
|
|t:|1783477163
|switch|p2a: Raichu|Raichu-Alola, L50, F|100/100
|turn|3
|
|t:|1783477180
|switch|p1a: Rotom|Rotom-Mow, L50, shiny|100/100
|move|p1b: Altaria|Protect|p1b: Altaria
|-singleturn|p1b: Altaria|Protect
|move|p2a: Raichu|Fake Out|p1a: Rotom
|-damage|p1a: Rotom|88/100
|move|p2b: Rotom|Leaf Storm|p1a: Rotom
|-resisted|p1a: Rotom|1
|-crit|p1a: Rotom
|-damage|p1a: Rotom|26/100
|-unboost|p2b: Rotom|spa|2
|
|upkeep
|turn|4
|inactive|Mega Chime Time has 30 seconds left.
|
|t:|1783477205
|switch|p1b: Mudsdale|Mudsdale, L50, F|100/100
|move|p2b: Rotom|Helping Hand|p2a: Raichu
|-singleturn|p2a: Raichu|Helping Hand|[of] p2b: Rotom
|move|p2a: Raichu|Discharge|p1a: Rotom|[spread] p2b,p1a
|-immune|p1b: Mudsdale
|-resisted|p2b: Rotom|2
|-resisted|p1a: Rotom|2
|-damage|p2b: Rotom|23/100
|-damage|p1a: Rotom|9/100
|move|p1a: Rotom|Leaf Storm|p2a: Raichu|[miss]
|-miss|p1a: Rotom|p2a: Raichu
|
|upkeep
|turn|5
|c|☆Mega Chime Time|fair's fair
|inactive|Mega Chime Time has 30 seconds left.
|inactive|horseki has 30 seconds left.
|inactive|Mega Chime Time has 20 seconds left.
|
|t:|1783477242
|switch|p1a: Blastoise|Blastoise, L50, M|100/100
|move|p2a: Raichu|Psychic|p1b: Mudsdale
|-damage|p1b: Mudsdale|61/100
|-ability|p1b: Mudsdale|Stamina|boost
|-boost|p1b: Mudsdale|def|1
|move|p2b: Rotom|Volt Switch|p1a: Blastoise
|-supereffective|p1a: Blastoise|1
|-damage|p1a: Blastoise|66/100
|
|t:|1783477251
|switch|p2b: Gengar|Gengar, L50, M|100/100|[from] Volt Switch
|move|p1b: Mudsdale|Heavy Slam|p2b: Gengar
|-damage|p2b: Gengar|18/100
|
|-heal|p1b: Mudsdale|67/100|[from] item: Leftovers
|-fieldend|move: Electric Terrain
|upkeep
|turn|6
|inactive|Mega Chime Time has 30 seconds left.
|
|t:|1783477284
|move|p2b: Gengar|Protect|p2b: Gengar
|-singleturn|p2b: Gengar|Protect
|move|p2a: Raichu|Discharge|p1a: Blastoise|[spread] p1a
|-activate|p2b: Gengar|move: Protect
|-immune|p1b: Mudsdale
|-supereffective|p1a: Blastoise|1
|-damage|p1a: Blastoise|18/100
|-enditem|p1a: Blastoise|Sitrus Berry|[eat]
|-heal|p1a: Blastoise|43/100|[from] item: Sitrus Berry
|move|p1a: Blastoise|Life Dew|p1a: Blastoise|[spread] p1a,p1b
|-heal|p1a: Blastoise|68/100
|-heal|p1b: Mudsdale|92/100
|move|p1b: Mudsdale|Heavy Slam|p2a: Raichu
|-resisted|p2a: Raichu|1
|-damage|p2a: Raichu|49/100
|
|-heal|p1b: Mudsdale|98/100|[from] item: Leftovers
|upkeep
|turn|7
|inactive|horseki has 30 seconds left.
|inactive|horseki has 20 seconds left.
|inactive|horseki has 15 seconds left.
|inactive|horseki has 10 seconds left.
|
|t:|1783477334
|move|p2a: Raichu|Psychic|p1b: Mudsdale
|-damage|p1b: Mudsdale|64/100
|-ability|p1b: Mudsdale|Stamina|boost
|-boost|p1b: Mudsdale|def|1
|move|p2b: Gengar|Shadow Ball|p1b: Mudsdale
|-damage|p1b: Mudsdale|16/100
|-unboost|p1b: Mudsdale|spd|1
|-ability|p1b: Mudsdale|Stamina|boost
|-boost|p1b: Mudsdale|def|1
|-damage|p2b: Gengar|9/100|[from] item: Life Orb
|move|p1a: Blastoise|Wave Crash|p2b: Gengar
|-damage|p2b: Gengar|0 fnt
|faint|p2b: Gengar
|-damage|p1a: Blastoise|66/100|[from] Recoil
|move|p1b: Mudsdale|Heavy Slam|p2a: Raichu
|-resisted|p2a: Raichu|1
|-damage|p2a: Raichu|0 fnt
|faint|p2a: Raichu
|
|-heal|p1b: Mudsdale|22/100|[from] item: Leftovers
|upkeep
|
|t:|1783477344
|switch|p2b: Rotom|Rotom-Mow, L50|23/100
|turn|8
|c|☆horseki|ggs
|
|t:|1783477357
|switch|p1a: Rotom|Rotom-Mow, L50, shiny|9/100
|move|p2b: Rotom|Leaf Storm|p1b: Mudsdale
|-supereffective|p1b: Mudsdale|1
|-damage|p1b: Mudsdale|0 fnt
|-unboost|p2b: Rotom|spa|2
|faint|p1b: Mudsdale
|
|upkeep
|
|t:|1783477362
|switch|p1b: Blastoise|Blastoise, L50, M|66/100
|turn|9
|
|t:|1783477377
|move|p1b: Blastoise|Fake Out|p2b: Rotom
|-damage|p2b: Rotom|12/100
|move|p1a: Rotom|Thunderbolt|p2b: Rotom
|-resisted|p2b: Rotom|2
|-damage|p2b: Rotom|1/100
|cant|p2b: Rotom|flinch
|
|upkeep
|turn|10
|c|☆horseki|lol
|c|☆Mega Chime Time|gg
|
|t:|1783477387
|move|p1a: Rotom|Thunderbolt|p2b: Rotom
|-resisted|p2b: Rotom|2
|-damage|p2b: Rotom|0 fnt
|faint|p2b: Rotom
|
|win|Mega Chime Time
|c|☆horseki|gg
|l| jebward1234
