|j|☆prove it to ya
|j|☆Gundnub
|html|prove it to yaGundnub    
|uhtml|bestof|Game 1 of a best-of-3
|t:|1786055277
|gametype|doubles
|player|p1|prove it to ya|pokemonranger-gen4|
|player|p2|Gundnub|169|
|gen|9
|tier|[Gen 9 Champions] VGC 2026 Reg M-B (Bo3)
|rule|Species Clause: Limit one of each Pokémon
|rule|Item Clause: Limit 1 of each item
|clearpoke
|poke|p1|Kingambit, L50, F|
|poke|p1|Gardevoir, L50, F|
|poke|p1|Talonflame, L50, M|
|poke|p1|Maushold, L50|
|poke|p1|Basculegion, L50, M|
|poke|p1|Garchomp, L50, M|
|poke|p2|Staraptor, L50, M|
|poke|p2|Garchomp, L50, M|
|poke|p2|Whimsicott, L50, M|
|poke|p2|Delphox, L50, M|
|poke|p2|Glimmora, L50, M|
|poke|p2|Kingambit, L50, M|
|teampreview|4
|showteam|p1|Kingambit||FocusSash|Defiant|KowtowCleave,IronHead,SuckerPunch,LowKick|Adamant||F|||50|]Gardevoir||Gardevoirite|Telepathy|HyperVoice,Psyshock,TrickRoom,Protect|Modest||F|||50|]Talonflame||LifeOrb|GaleWings|DualWingbeat,FlareBlitz,Tailwind,Protect|Jolly||M|||50|]Maushold||ChopleBerry|FriendGuard|Feint,SuperFang,FollowMe,Protect|Impish|||||50|]Basculegion||MysticWater|Adaptability|WaveCrash,LastRespects,AquaJet,Protect|Adamant||M|||50|]Garchomp||SitrusBerry|RoughSkin|Earthquake,StompingTantrum,RockTomb,Protect|Adamant||M|||50|
|showteam|p2|Staraptor||Staraptite|Intimidate|Protect,Roost,CloseCombat,BraveBird|Jolly||M|||50|]Garchomp||LifeOrb|RoughSkin|Protect,RockSlide,Earthquake,DragonClaw|Jolly||M|||50|]Whimsicott||OccaBerry|Prankster|Moonblast,Tailwind,Charm,LightScreen|Timid||M|||50|]Delphox||Delphoxite|Magician|Protect,Psychic,HeatWave,Substitute|Timid||M|||50|]Glimmora||FocusSash|ToxicDebris|SpikyShield,SludgeBomb,EarthPower,PowerGem|Timid||M|||50|]Kingambit||ChopleBerry|Defiant|SuckerPunch,LowKick,IronHead,KowtowCleave|Adamant||M|||50|
|inactive|Battle timer is ON: inactive players will automatically lose when time's up. (requested by prove it to ya)
|inactiveoff|Battle timer is now OFF.
|l|☆Gundnub
|player|p2|
|j|☆Gundnub
|player|p2|Gundnub|169|
|
|t:|1786055452
|teamsize|p1|4
|teamsize|p2|4
|start
|switch|p1a: Gardevoir|Gardevoir, L50, F|100/100
|switch|p1b: Kingambit|Kingambit, L50, F|100/100
|switch|p2a: Glimmora|Glimmora, L50, M|100/100
|switch|p2b: Delphox|Delphox, L50, M|100/100
|turn|1
|
|t:|1786055566
|detailschange|p2b: Delphox|Delphox-Mega, L50, M
|-mega|p2b: Delphox|Delphox|Delphoxite
|detailschange|p1a: Gardevoir|Gardevoir-Mega, L50, F
|-mega|p1a: Gardevoir|Gardevoir|Gardevoirite
|move|p2b: Delphox|Substitute|p2b: Delphox
|-start|p2b: Delphox|Substitute
|-damage|p2b: Delphox|75/100
|move|p2a: Glimmora|Earth Power|p1b: Kingambit
|-supereffective|p1b: Kingambit|1
|-damage|p1b: Kingambit|26/100
|move|p1b: Kingambit|Kowtow Cleave|p2b: Delphox
|-supereffective|p2b: Delphox|1
|-end|p2b: Delphox|Substitute
|move|p1a: Gardevoir|Trick Room|p1a: Gardevoir
|-fieldstart|move: Trick Room|[of] p1a: Gardevoir
|
|upkeep
|turn|2
|
|t:|1786055756
|move|p2a: Glimmora|Spiky Shield|p2a: Glimmora
|-singleturn|p2a: Glimmora|move: Protect
|move|p2b: Delphox|Protect|p2b: Delphox
|-singleturn|p2b: Delphox|Protect
|move|p1b: Kingambit|Kowtow Cleave|p2b: Delphox
|-activate|p2b: Delphox|move: Protect
|move|p1a: Gardevoir|Hyper Voice|p2b: Delphox|[spread] 
|-activate|p2a: Glimmora|move: Protect
|-activate|p2b: Delphox|move: Protect
|
|upkeep
|turn|3
|
|t:|1786055892
|move|p1b: Kingambit|Kowtow Cleave|p2b: Delphox
|-supereffective|p2b: Delphox|1
|-damage|p2b: Delphox|0 fnt
|faint|p2b: Delphox
|move|p1a: Gardevoir|Hyper Voice|p2a: Glimmora
|-resisted|p2a: Glimmora|1
|-damage|p2a: Glimmora|52/100
|move|p2a: Glimmora|Sludge Bomb|p1a: Gardevoir
|-supereffective|p1a: Gardevoir|1
|-damage|p1a: Gardevoir|30/100
|-status|p1a: Gardevoir|psn
|
|-damage|p1a: Gardevoir|18/100 psn|[from] psn
|upkeep
|
|t:|1786055904
|switch|p2b: Kingambit|Kingambit, L50, M|100/100
|turn|4
|
|t:|1786055999
|move|p2b: Kingambit|Low Kick|p1b: Kingambit
|-supereffective|p1b: Kingambit|2
|-damage|p1b: Kingambit|0 fnt
|faint|p1b: Kingambit
|move|p1a: Gardevoir|Psyshock|p2a: Glimmora
|-supereffective|p2a: Glimmora|1
|-damage|p2a: Glimmora|0 fnt
|faint|p2a: Glimmora
|
|-damage|p1a: Gardevoir|6/100 psn|[from] psn
|upkeep
|
|t:|1786056020
|switch|p1b: Garchomp|Garchomp, L50, M|100/100
|switch|p2a: Garchomp|Garchomp, L50, M|100/100
|turn|5
|
|t:|1786056104
|move|p2b: Kingambit|Kowtow Cleave|p1a: Gardevoir
|-damage|p1a: Gardevoir|0 fnt
|faint|p1a: Gardevoir
|move|p1b: Garchomp|Earthquake|p2a: Garchomp|[spread] p2a,p2b
|-supereffective|p2b: Kingambit|1
|-damage|p2a: Garchomp|62/100
|-damage|p2b: Kingambit|44/100
|move|p2a: Garchomp|Dragon Claw|p1b: Garchomp
|-supereffective|p1b: Garchomp|1
|-damage|p1b: Garchomp|1/100
|-damage|p2a: Garchomp|50/100g|[from] ability: Rough Skin|[of] p1b: Garchomp
|-enditem|p1b: Garchomp|Sitrus Berry|[eat]
|-heal|p1b: Garchomp|25/100|[from] item: Sitrus Berry
|-damage|p2a: Garchomp|40/100|[from] item: Life Orb
|
|-fieldend|move: Trick Room
|upkeep
|
|t:|1786056123
|switch|p1a: Basculegion|Basculegion, L50, M|100/100
|turn|6
|
|t:|1786056337
|move|p1b: Garchomp|Protect|p1b: Garchomp
|-singleturn|p1b: Garchomp|Protect
|move|p1a: Basculegion|Aqua Jet|p2a: Garchomp
|-damage|p2a: Garchomp|6/100
|-damage|p1a: Basculegion|87/100|[from] ability: Rough Skin|[of] p2a: Garchomp
|move|p2b: Kingambit|Sucker Punch||[still]
|-fail|p2b: Kingambit
|move|p2a: Garchomp|Dragon Claw|p1b: Garchomp
|-activate|p1b: Garchomp|move: Protect
|
|upkeep
|turn|7
|
|t:|1786056394
|move|p2a: Garchomp|Protect|p2a: Garchomp
|-singleturn|p2a: Garchomp|Protect
|move|p1a: Basculegion|Aqua Jet|p2a: Garchomp
|-activate|p2a: Garchomp|move: Protect
|move|p2b: Kingambit|Sucker Punch|p1b: Garchomp
|-damage|p1b: Garchomp|0 fnt
|-damage|p2b: Kingambit|32/100|[from] ability: Rough Skin|[of] p1b: Garchomp
|faint|p1b: Garchomp
|
|upkeep
|turn|8
|
|t:|1786056429
|move|p2a: Garchomp|Dragon Claw|p1a: Basculegion
|-damage|p1a: Basculegion|29/100
|-damage|p2a: Garchomp|0 fnt|[from] item: Life Orb
|faint|p2a: Garchomp
|move|p1a: Basculegion|Wave Crash|p2b: Kingambit
|-damage|p2b: Kingambit|0 fnt
|faint|p2b: Kingambit
|-damage|p1a: Basculegion|18/100|[from] Recoil
|
|win|prove it to ya
||Gundnub is ready for game 2.
|inactive|prove it to ya has 30 seconds to confirm battle start!
