|j|â˜†Subzan
|j|â˜†2BStellar
|html|Subzan2BStellar    
|uhtml|bestof|Game 2 of a best-of-3
|t:|1785956342
|gametype|doubles
|player|p1|Subzan|169|
|player|p2|2BStellar|hilbert-wonderlauncher|
|gen|9
|tier|[Gen 9 Champions] VGC 2026 Reg M-B (Bo3)
|rule|Species Clause: Limit one of each PokÃ©mon
|rule|Item Clause: Limit 1 of each item
|clearpoke
|poke|p1|Pyroar, L50, F|
|poke|p1|Torkoal, L50, F|
|poke|p1|Farigiraf, L50, F|
|poke|p1|Dragonite, L50, F|
|poke|p1|Whimsicott, L50, M|
|poke|p1|Sneasler, L50, F|
|poke|p2|Sylveon, L50, F, shiny|
|poke|p2|Garchomp, L50, M, shiny|
|poke|p2|Kingambit, L50, M, shiny|
|poke|p2|Charizard, L50, M, shiny|
|poke|p2|Aerodactyl, L50, M, shiny|
|poke|p2|Farigiraf, L50, F, shiny|
|teampreview|4
|showteam|p1|Pyroar||Pyroarite|Unnerve|HeatWave,Overheat,SolarBeam,Protect|Timid||F|||50|]Torkoal||Charcoal|Drought|Eruption,WeatherBall,Protect,HelpingHand|Modest||F|||50|]Farigiraf||SitrusBerry|ArmorTail|TrickRoom,TwinBeam,Thunderbolt,HelpingHand|Bold||F|||50|]Dragonite||LifeOrb|InnerFocus|DragonClaw,ExtremeSpeed,Superpower,Protect|Adamant||F|||50|]Whimsicott||FocusSash|Prankster|Moonblast,Tailwind,Encore,SunnyDay|Timid||M|||50|]Sneasler||WhiteHerb|Unburden|FakeOut,DireClaw,CloseCombat,Protect|Jolly||F|||50|
|showteam|p2|Sylveon||FairyFeather|Pixilate|Detect,HyperVoice,QuickAttack,HyperBeam|Modest||F|||50|]Garchomp||ChoiceScarf|RoughSkin|StompingTantrum,Earthquake,DragonClaw,StoneEdge|Adamant||M|||50|]Kingambit||LifeOrb|Defiant|SuckerPunch,KowtowCleave,IronHead,BrickBreak|Adamant||M|||50|]Charizard||CharizarditeY|Blaze|Protect,HeatWave,SolarBeam,WeatherBall|Modest||M|||50|]Aerodactyl||Aerodactylite|RockHead|Tailwind,RockSlide,WideGuard,DualWingbeat|Jolly||M|||50|]Farigiraf||SitrusBerry|ArmorTail|Protect,Thunderbolt,TwinBeam,TrickRoom|Bold||F|||50|
|c|â˜†Subzan|i hate sucker mindgames so much lol
|c|â˜†Subzan|its so stressful
|c|â˜†2BStellar|the double protect got me bro
|c|â˜†2BStellar|generational fumble
|
|t:|1785956431
|teamsize|p1|4
|teamsize|p2|4
|start
|switch|p1a: Sneasler|Sneasler, L50, F|100/100
|switch|p1b: Pyroar|Pyroar, L50, F|100/100
|switch|p2a: AAAAAA|Aerodactyl, L50, M, shiny|100/100
|switch|p2b: e4e5f4|Kingambit, L50, M, shiny|100/100
|-ability|p1b: Pyroar|Unnerve
|turn|1
|
|t:|1785956465
|switch|p1a: Farigiraf|Farigiraf, L50, F|100/100
|switch|p2b: giraf|Farigiraf, L50, F, shiny|100/100
|detailschange|p2a: AAAAAA|Aerodactyl-Mega, L50, M, shiny
|-mega|p2a: AAAAAA|Aerodactyl|Aerodactylite
|detailschange|p1b: Pyroar|Pyroar-Mega, L50, F
|-mega|p1b: Pyroar|Pyroar|Pyroarite
|move|p2a: AAAAAA|Rock Slide|p1a: Farigiraf|[spread] p1a
|-miss|p2a: AAAAAA|p1b: Pyroar
|-damage|p1a: Farigiraf|74/100
|move|p1b: Pyroar|Heat Wave|p2a: AAAAAA|[spread] p2a,p2b
|-resisted|p2a: AAAAAA|1
|-damage|p2a: AAAAAA|65/100
|-damage|p2b: giraf|53/100
|-status|p2b: giraf|brn
|
|-damage|p2b: giraf|47/100 brn|[from] brn
|upkeep
|-enditem|p2b: giraf|Sitrus Berry|[eat]
|-heal|p2b: giraf|72/100 brn|[from] item: Sitrus Berry
|turn|2
|c|â˜†2BStellar|ah
|
|t:|1785956514
|switch|p2b: piano|Garchomp, L50, M, shiny|100/100
|move|p1b: Pyroar|Protect|p1b: Pyroar
|-singleturn|p1b: Pyroar|Protect
|move|p2a: AAAAAA|Rock Slide|p1a: Farigiraf|[spread] 
|-activate|p1b: Pyroar|move: Protect
|-miss|p2a: AAAAAA|p1a: Farigiraf
|move|p1a: Farigiraf|Thunderbolt|p2a: AAAAAA
|-supereffective|p2a: AAAAAA|1
|-damage|p2a: AAAAAA|7/100
|
|upkeep
|turn|3
|
|t:|1785956540
|switch|p1b: Whimsicott|Whimsicott, L50, M|100/100
|move|p2b: piano|Earthquake|p1a: Farigiraf|[spread] p1a,p1b
|-immune|p2a: AAAAAA
|-resisted|p1b: Whimsicott|1
|-damage|p1a: Farigiraf|40/100
|-damage|p1b: Whimsicott|70/100
|-enditem|p1a: Farigiraf|Sitrus Berry|[eat]
|-heal|p1a: Farigiraf|65/100|[from] item: Sitrus Berry
|move|p2a: AAAAAA|Rock Slide|p1a: Farigiraf|[spread] p1a,p1b
|-damage|p1a: Farigiraf|38/100
|-damage|p1b: Whimsicott|24/100
|cant|p1a: Farigiraf|flinch
|
|upkeep
|turn|4
|c|â˜†Subzan|yeah that was deserved for all my dodges
|
|t:|1785956593
|move|p1b: Whimsicott|Tailwind|p1b: Whimsicott
|-sidestart|p1: Subzan|move: Tailwind
|move|p2b: piano|Earthquake|p1a: Farigiraf|[spread] p1a,p1b
|-immune|p2a: AAAAAA
|-resisted|p1b: Whimsicott|1
|-damage|p1a: Farigiraf|3/100
|-damage|p1b: Whimsicott|0 fnt
|faint|p1b: Whimsicott
|move|p2a: AAAAAA|Tailwind|p2a: AAAAAA
|-sidestart|p2: 2BStellar|move: Tailwind
|move|p1a: Farigiraf|Thunderbolt|p2a: AAAAAA
|-supereffective|p2a: AAAAAA|1
|-damage|p2a: AAAAAA|0 fnt
|faint|p2a: AAAAAA
|
|upkeep
|
|t:|1785956629
|switch|p2a: giraf|Farigiraf, L50, F, shiny|72/100 brn
|switch|p1b: Pyroar|Pyroar-Mega, L50, F|100/100
|turn|5
|
|t:|1785956659
|move|p1a: Farigiraf|Helping Hand|p1b: Pyroar
|-singleturn|p1b: Pyroar|Helping Hand|[of] p1a: Farigiraf
|move|p2b: piano|Earthquake|p1b: Pyroar|[spread] p2a,p1a,p1b
|-supereffective|p1b: Pyroar|1
|-damage|p2a: giraf|38/100 brn
|-damage|p1a: Farigiraf|0 fnt
|-damage|p1b: Pyroar|0 fnt
|faint|p1a: Farigiraf
|faint|p1b: Pyroar
|move|p2a: giraf|Twin Beam|p1: Farigiraf|[notarget]
|-fail|p2a: giraf
|
|-damage|p2a: giraf|32/100 brn|[from] brn
|upkeep
|-message|Subzan forfeited.
|
|win|2BStellar
||Subzan is ready for game 3.
||2BStellar is ready for game 3.
|uhtml|next|Next: Game 3 of 3
