|j|☆gundot
|j|☆Maffles
|html|gundotMaffles    
|uhtml|bestof|Game 3 of a best-of-3
|t:|1783514823
|gametype|doubles
|player|p1|gundot|169|1195
|player|p2|Maffles|265|1276
|gen|9
|tier|[Gen 9 Champions] VGC 2026 Reg M-B (Bo3)
|rated|
|rule|Species Clause: Limit one of each Pokémon
|rule|Item Clause: Limit 1 of each item
|clearpoke
|poke|p1|Charizard, L50, F, shiny|
|poke|p1|Whimsicott, L50, F|
|poke|p1|Farigiraf, L50, F, shiny|
|poke|p1|Garchomp, L50, M|
|poke|p1|Mawile, L50, F, shiny|
|poke|p1|Basculegion, L50, M|
|poke|p2|Gengar, L50, M|
|poke|p2|Kingambit, L50, F|
|poke|p2|Ninetales-Alola, L50, M|
|poke|p2|Toxapex, L50, F|
|poke|p2|Basculegion, L50, M|
|poke|p2|Lopunny, L50, M|
|teampreview|4
|showteam|p1|Charizard||CharizarditeY|SolarPower|HeatWave,WeatherBall,SolarBeam,Protect|Modest||F|||50|]Whimsicott||FocusSash|Prankster|Moonblast,Tailwind,Encore,Protect|Timid||F|||50|]Farigiraf||SitrusBerry|ArmorTail|Psychic,Thunderbolt,TrickRoom,HelpingHand|Modest||F|||50|]Garchomp||LifeOrb|RoughSkin|Earthquake,DragonClaw,RockSlide,Protect|Jolly||M|||50|]Mawile||Mawilite|HyperCutter|PlayRough,RockSlide,SuckerPunch,Protect|Adamant||F|||50|]Basculegion||MysticWater|Adaptability|WaveCrash,AquaJet,LastRespects,Protect|Adamant||M|||50|
|showteam|p2|Gengar||Gengarite|CursedBody|SludgeBomb,Disable,PerishSong,Protect|Timid||M|||50|]Kingambit||ChopleBerry|Defiant|KowtowCleave,SuckerPunch,SwordsDance,Protect|Brave||F|||50|]Ninetales-Alola||FocusSash|SnowWarning|Blizzard,Moonblast,Encore,Protect|Timid||M|||50|]Toxapex||Leftovers|Regenerator|Infestation,Toxic,WideGuard,BanefulBunker|Sassy||F|||50|]Basculegion||SitrusBerry|Adaptability|LastRespects,FlipTurn,Soak,Protect|Sassy||M|||50|]Lopunny||Lopunnite|CuteCharm|CloseCombat,FakeOut,Encore,Protect|Jolly||M|||50|
|inactive|Battle timer is ON: inactive players will automatically lose when time's up. (requested by gundot)
|inactive|gundot has 60 seconds left.
|inactive|Maffles has 60 seconds left.
|
|t:|1783514864
|teamsize|p1|4
|teamsize|p2|4
|start
|switch|p1a: Charizard|Charizard, L50, F, shiny|100/100
|switch|p1b: Farigiraf|Farigiraf, L50, F, shiny|100/100
|switch|p2a: Kingambit|Kingambit, L50, F|100/100
|switch|p2b: Gengar|Gengar, L50, M|100/100
|turn|1
|
|t:|1783514879
|switch|p2a: Basculegion|Basculegion, L50, M|100/100
|detailschange|p2b: Gengar|Gengar-Mega, L50, M
|-mega|p2b: Gengar|Gengar|Gengarite
|detailschange|p1a: Charizard|Charizard-Mega-Y, L50, F, shiny
|-mega|p1a: Charizard|Charizard|Charizardite Y
|-weather|SunnyDay|[from] ability: Drought|[of] p1a: Charizard
|move|p2b: Gengar|Protect|p2b: Gengar
|-singleturn|p2b: Gengar|Protect
|move|p1a: Charizard|Heat Wave|p2a: Basculegion|[spread] p2a
|-activate|p2b: Gengar|move: Protect
|-resisted|p2a: Basculegion|1
|-damage|p2a: Basculegion|77/100
|move|p1b: Farigiraf|Psychic|p2b: Gengar
|-activate|p2b: Gengar|move: Protect
|
|-weather|SunnyDay|[upkeep]
|upkeep
|turn|2
|
|t:|1783514904
|switch|p2b: Toxapex|Toxapex, L50, F|100/100
|move|p1a: Charizard|Solar Beam||[still]
|-prepare|p1a: Charizard|Solar Beam
|-anim|p1a: Charizard|Solar Beam|p2a: Basculegion
|-supereffective|p2a: Basculegion|1
|-damage|p2a: Basculegion|11/100
|-enditem|p2a: Basculegion|Sitrus Berry|[eat]
|-heal|p2a: Basculegion|36/100|[from] item: Sitrus Berry
|move|p2a: Basculegion|Soak|p1a: Charizard
|-start|p1a: Charizard|typechange|Water
|move|p1b: Farigiraf|Psychic|p2b: Toxapex
|-supereffective|p2b: Toxapex|1
|-damage|p2b: Toxapex|54/100
|
|-weather|SunnyDay|[upkeep]
|-heal|p2b: Toxapex|59/100|[from] item: Leftovers
|upkeep
|turn|3
|inactive|gundot has 30 seconds left.
|
|t:|1783514936
|switch|p2a: Kingambit|Kingambit, L50, F|100/100
|move|p2b: Toxapex|Baneful Bunker|p2b: Toxapex
|-singleturn|p2b: Toxapex|move: Protect
|move|p1a: Charizard|Heat Wave|p2b: Toxapex|[spread] 
|-activate|p2b: Toxapex|move: Protect
|-miss|p1a: Charizard|p2a: Kingambit
|move|p1b: Farigiraf|Psychic|p2b: Toxapex
|-activate|p2b: Toxapex|move: Protect
|
|-weather|SunnyDay|[upkeep]
|-heal|p2b: Toxapex|65/100|[from] item: Leftovers
|upkeep
|turn|4
|
|t:|1783514952
|move|p2a: Kingambit|Protect|p2a: Kingambit
|-singleturn|p2a: Kingambit|Protect
|move|p1a: Charizard|Weather Ball|p2a: Kingambit
|-activate|p2a: Kingambit|move: Protect
|move|p1b: Farigiraf|Psychic|p2b: Toxapex
|-supereffective|p2b: Toxapex|1
|-damage|p2b: Toxapex|18/100
|move|p2b: Toxapex|Infestation|p1a: Charizard
|-damage|p1a: Charizard|97/100
|-activate|p1a: Charizard|move: Infestation|[of] p2b: Toxapex
|
|-weather|SunnyDay|[upkeep]
|-heal|p2b: Toxapex|24/100|[from] item: Leftovers
|-damage|p1a: Charizard|85/100|[from] move: Infestation|[partiallytrapped]
|upkeep
|turn|5
|
|t:|1783514974
|switch|p2a: Basculegion|Basculegion, L50, M|36/100
|move|p1a: Charizard|Weather Ball|p2a: Basculegion
|-resisted|p2a: Basculegion|1
|-damage|p2a: Basculegion|15/100
|move|p1b: Farigiraf|Thunderbolt|p2a: Basculegion
|-supereffective|p2a: Basculegion|1
|-damage|p2a: Basculegion|0 fnt
|faint|p2a: Basculegion
|move|p2b: Toxapex|Toxic|p1a: Charizard
|-status|p1a: Charizard|tox
|
|-weather|none
|-heal|p2b: Toxapex|29/100|[from] item: Leftovers
|-damage|p1a: Charizard|79/100 tox|[from] psn
|-damage|p1a: Charizard|67/100 tox|[from] move: Infestation|[partiallytrapped]
|upkeep
|l|☆Maffles
|inactive|Maffles disconnected and has a minute to reconnect!
|player|p2|
|inactive|Maffles has 30 seconds left.
|inactive|Maffles has 20 seconds left.
|inactive|Maffles has 15 seconds left.
|inactive|Maffles has 10 seconds left.
|inactive|Maffles has 5 seconds left.
|-message|Maffles lost due to inactivity.
|
|win|gundot
|raw|gundot's rating: 1195 → 1226(+31 for winning)
|raw|Maffles's rating: 1276 → 1245(-31 for losing)
