|j|☆Crystneel
|j|☆ashnext
|html|Crystneelashnext    
|uhtml|bestof|Game 1 of a best-of-3
|t:|1756921419
|gametype|doubles
|player|p1|Crystneel|101|1054
|player|p2|ashnext|101|1000
|gen|9
|tier|[Gen 9] VGC 2025 Reg H (Bo3)
|rated|
|rule|Species Clause: Limit one of each Pokémon
|rule|Item Clause: Limit 1 of each item
|clearpoke
|poke|p1|Volcarona, L50, M|
|poke|p1|Electabuzz, L50, M|
|poke|p1|Sneasler, L50, M|
|poke|p1|Rillaboom, L50, M|
|poke|p1|Dragonite, L50, F|
|poke|p1|Ursaluna-Bloodmoon, L50, M|
|poke|p2|Dragonite, L50, M|
|poke|p2|Volcarona, L50, M|
|poke|p2|Sneasler, L50, F|
|poke|p2|Rillaboom, L50, F|
|poke|p2|Electabuzz, L50, M|
|poke|p2|Kingambit, L50, F|
|teampreview|4
|showteam|p1|Volcarona||Leftovers|FlameBody|FieryDance,QuiverDance,GigaDrain,Protect|||M|||50|,,,,,Water]Electabuzz||Eviolite|Static|FollowMe,Electroweb,VoltSwitch,Taunt|||M|||50|,,,,,Fairy]Sneasler||GrassySeed|Unburden|DireClaw,CloseCombat,ThroatChop,Protect|||M|||50|,,,,,Dark]Rillaboom||AssaultVest|GrassySurge|FakeOut,GrassyGlide,WoodHammer,Uturn|||M|||50|,,,,,Fire]Dragonite||LoadedDice|Multiscale|ExtremeSpeed,ScaleShot,IceSpinner,LowKick|||F|||50|,,,,,Normal]Ursaluna-Bloodmoon||ThroatSpray|MindsEye|BloodMoon,HyperVoice,EarthPower,Protect|||M|||50|,,,,,Poison
|showteam|p2|Dragonite||LoadedDice|Multiscale|ScaleShot,ExtremeSpeed,Haze,Protect|||M|||50|,,,,,Fairy]Volcarona||CovertCloak|FlameBody|Protect,HeatWave,QuiverDance,GigaDrain|||M|||50|,,,,,Fairy]Sneasler||FocusSash|Unburden|CloseCombat,DireClaw,Protect,ThroatChop|||F|||50|,,,,,Dark]Rillaboom||AssaultVest|GrassySurge|GrassyGlide,FakeOut,WoodHammer,HighHorsepower|||F|||50|,,,,,Fire]Electabuzz||Eviolite|VitalSpirit|FollowMe,Protect,Taunt,Electroweb|||M|||50|,,,,,Ghost]Kingambit||BlackGlasses|Defiant|SuckerPunch,KowtowCleave,Protect,SwordsDance|||F|||50|,,,,,Dark
|
|t:|1756921489
|teamsize|p1|4
|teamsize|p2|4
|start
|switch|p1a: Electabuzz|Electabuzz, L50, M|100/100
|switch|p1b: Volcarona|Volcarona, L50, M|100/100
|switch|p2a: Electabuzz|Electabuzz, L50, M|100/100
|switch|p2b: Rillaboom|Rillaboom, L50, F|100/100
|-fieldstart|move: Grassy Terrain|[from] ability: Grassy Surge|[of] p2b: Rillaboom
|turn|1
|
|t:|1756921509
|move|p2b: Rillaboom|Fake Out|p1b: Volcarona
|-damage|p1b: Volcarona|84/100
|move|p2a: Electabuzz|Taunt|p1a: Electabuzz
|-start|p1a: Electabuzz|move: Taunt
|cant|p1b: Volcarona|flinch
|cant|p1a: Electabuzz|move: Taunt|Taunt
|
|-heal|p1b: Volcarona|90/100|[from] Grassy Terrain
|-heal|p1b: Volcarona|95/100|[from] item: Leftovers
|upkeep
|turn|2
|inactive|Battle timer is ON: inactive players will automatically lose when time's up. (requested by Crystneel)
|
|t:|1756921579
|switch|p2a: Dragonite|Dragonite, L50, M|100/100
|move|p2b: Rillaboom|Grassy Glide|p1a: Electabuzz
|-damage|p1a: Electabuzz|64/100
|move|p1b: Volcarona|Quiver Dance|p1b: Volcarona
|-boost|p1b: Volcarona|spa|1
|-boost|p1b: Volcarona|spd|1
|-boost|p1b: Volcarona|spe|1
|move|p1a: Electabuzz|Volt Switch|p2a: Dragonite
|-damage|p2a: Dragonite|88/100
|inactive|Crystneel has 30 seconds left.
|
|t:|1756921605
|switch|p1a: Sneasler|Sneasler, L50, M|100/100|[from] Volt Switch
|-enditem|p1a: Sneasler|Grassy Seed
|-boost|p1a: Sneasler|def|1|[from] item: Grassy Seed
|
|-heal|p1b: Volcarona|100/100|[from] Grassy Terrain
|upkeep
|turn|3
|inactive|ashnext has 30 seconds left.
|inactive|ashnext has 20 seconds left.
|
|t:|1756921643
|switch|p2b: Kingambit|Kingambit, L50, F|100/100
|move|p1a: Sneasler|Dire Claw|p2b: Kingambit
|-immune|p2b: Kingambit
|move|p1b: Volcarona|Fiery Dance|p2b: Kingambit
|-supereffective|p2b: Kingambit
|-damage|p2b: Kingambit|0 fnt
|faint|p2b: Kingambit
|move|p2a: Dragonite|Haze|p2a: Dragonite
|-clearallboost
|
|upkeep
|
|t:|1756921658
|switch|p2b: Rillaboom|Rillaboom, L50, F|100/100
|turn|4
|inactive|ashnext has 30 seconds left.
|
|t:|1756921685
|-terastallize|p2b: Rillaboom|Fire
|move|p1a: Sneasler|Protect|p1a: Sneasler
|-singleturn|p1a: Sneasler|Protect
|move|p2b: Rillaboom|Fake Out|p1b: Volcarona
|-damage|p1b: Volcarona|85/100
|cant|p1b: Volcarona|flinch
|move|p2a: Dragonite|Scale Shot|p1a: Sneasler
|-activate|p1a: Sneasler|move: Protect
|
|-heal|p1b: Volcarona|91/100|[from] Grassy Terrain
|-heal|p1b: Volcarona|96/100|[from] item: Leftovers
|upkeep
|turn|5
|inactive|ashnext has 30 seconds left.
|
|t:|1756921718
|move|p1a: Sneasler|Dire Claw|p2a: Dragonite
|-damage|p2a: Dragonite|43/100
|move|p1b: Volcarona|Quiver Dance|p1b: Volcarona
|-boost|p1b: Volcarona|spa|1
|-boost|p1b: Volcarona|spd|1
|-boost|p1b: Volcarona|spe|1
|move|p2a: Dragonite|Scale Shot|p1a: Sneasler
|-damage|p1a: Sneasler|77/100
|-damage|p1a: Sneasler|49/100
|-crit|p1a: Sneasler
|-damage|p1a: Sneasler|12/100
|-damage|p1a: Sneasler|0 fnt
|faint|p1a: Sneasler
|-hitcount|p1: Sneasler|4
|-unboost|p2a: Dragonite|def|1
|-boost|p2a: Dragonite|spe|1
|move|p2b: Rillaboom|High Horsepower|p1b: Volcarona
|-damage|p1b: Volcarona|60/100
|
|-heal|p1b: Volcarona|66/100|[from] Grassy Terrain
|-heal|p1b: Volcarona|72/100|[from] item: Leftovers
|-fieldend|move: Grassy Terrain
|upkeep
|
|t:|1756921742
|switch|p1a: Dragonite|Dragonite, L50, F|100/100
|turn|6
|inactive|Crystneel has 30 seconds left.
|inactive|Crystneel has 20 seconds left.
|
|t:|1756921780
|switch|p2a: Electabuzz|Electabuzz, L50, M|100/100
|-terastallize|p1b: Volcarona|Water
|move|p1a: Dragonite|Extreme Speed|p2a: Electabuzz
|-damage|p2a: Electabuzz|70/100
|move|p1b: Volcarona|Quiver Dance|p1b: Volcarona
|-boost|p1b: Volcarona|spa|1
|-boost|p1b: Volcarona|spd|1
|-boost|p1b: Volcarona|spe|1
|move|p2b: Rillaboom|High Horsepower|p1b: Volcarona
|-damage|p1b: Volcarona|33/100
|
|-heal|p1b: Volcarona|39/100|[from] item: Leftovers
|upkeep
|turn|7
|inactive|ashnext has 30 seconds left.
|
|t:|1756921813
|move|p1b: Volcarona|Giga Drain|p2a: Electabuzz
|-damage|p2a: Electabuzz|33/100
|-heal|p1b: Volcarona|54/100|[from] drain|[of] p2a: Electabuzz
|move|p2a: Electabuzz|Electroweb|p1a: Dragonite|[spread] p1a,p1b
|-supereffective|p1b: Volcarona
|-damage|p1a: Dragonite|93/100
|-damage|p1b: Volcarona|42/100
|-unboost|p1a: Dragonite|spe|1
|-unboost|p1b: Volcarona|spe|1
|move|p2b: Rillaboom|Grassy Glide|p1b: Volcarona
|-supereffective|p1b: Volcarona
|-damage|p1b: Volcarona|0 fnt
|faint|p1b: Volcarona
|move|p1a: Dragonite|Scale Shot|p2a: Electabuzz|[miss]
|-miss|p1a: Dragonite|p2a: Electabuzz
|
|upkeep
|
|t:|1756921826
|switch|p1b: Electabuzz|Electabuzz, L50, M|64/100
|turn|8
|inactive|ashnext has 30 seconds left.
|inactive|ashnext has 20 seconds left.
|
|t:|1756921865
|move|p2a: Electabuzz|Follow Me|p2a: Electabuzz
|-singleturn|p2a: Electabuzz|move: Follow Me
|move|p1b: Electabuzz|Follow Me|p1b: Electabuzz
|-singleturn|p1b: Electabuzz|move: Follow Me
|move|p2b: Rillaboom|Grassy Glide|p1b: Electabuzz
|-damage|p1b: Electabuzz|37/100
|-status|p2b: Rillaboom|par|[from] ability: Static|[of] p1b: Electabuzz
|move|p1a: Dragonite|Scale Shot|p2a: Electabuzz
|-damage|p2a: Electabuzz|19/100
|-damage|p2a: Electabuzz|3/100
|-damage|p2a: Electabuzz|0 fnt
|faint|p2a: Electabuzz
|-hitcount|p2: Electabuzz|3
|-unboost|p1a: Dragonite|def|1
|-boost|p1a: Dragonite|spe|1
|
|upkeep
|
|t:|1756921882
|switch|p2a: Dragonite|Dragonite, L50, M|43/100
|turn|9
|
|t:|1756921904
|move|p1b: Electabuzz|Follow Me|p1b: Electabuzz
|-singleturn|p1b: Electabuzz|move: Follow Me
|move|p1a: Dragonite|Scale Shot|p2b: Rillaboom
|-damage|p2b: Rillaboom|87/100 par
|-damage|p2b: Rillaboom|72/100 par
|-damage|p2b: Rillaboom|59/100 par
|-damage|p2b: Rillaboom|44/100 par
|-hitcount|p2b: Rillaboom|4
|-unboost|p1a: Dragonite|def|1
|-boost|p1a: Dragonite|spe|1
|move|p2a: Dragonite|Scale Shot|p1b: Electabuzz
|-damage|p1b: Electabuzz|23/100
|-damage|p1b: Electabuzz|7/100
|-damage|p1b: Electabuzz|0 fnt
|faint|p1b: Electabuzz
|-hitcount|p1: Electabuzz|3
|-unboost|p2a: Dragonite|def|1
|-boost|p2a: Dragonite|spe|1
|move|p2b: Rillaboom|High Horsepower|p1a: Dragonite
|-immune|p1a: Dragonite
|
|upkeep
|turn|10
|inactive|Crystneel has 30 seconds left.
|inactive|ashnext has 30 seconds left.
|
|t:|1756921936
|move|p1a: Dragonite|Extreme Speed|p2a: Dragonite
|-damage|p2a: Dragonite|0 fnt
|faint|p2a: Dragonite
|move|p2b: Rillaboom|Wood Hammer|p1a: Dragonite
|-resisted|p1a: Dragonite
|-damage|p1a: Dragonite|61/100
|-damage|p2b: Rillaboom|36/100 par|[from] Recoil
|
|upkeep
|turn|11
|-message|ashnext forfeited.
|
|win|Crystneel
|l|☆ashnext
|player|p2|
||ashnext is ready for game 2.
|inactive|Crystneel has 30 seconds to confirm battle start!
