|j|☆sky yeh
|j|☆HopsVGC
|html|sky yehHopsVGC    
|uhtml|bestof|Game 2 of a best-of-3
|t:|1783601366
|gametype|doubles
|player|p1|sky yeh|perrin|1305
|player|p2|HopsVGC|170|1225
|gen|9
|tier|[Gen 9 Champions] VGC 2026 Reg M-B (Bo3)
|rated|
|rule|Species Clause: Limit one of each Pokémon
|rule|Item Clause: Limit 1 of each item
|clearpoke
|poke|p1|Charizard, L50, M, shiny|
|poke|p1|Floette-Eternal, L50, F|
|poke|p1|Whimsicott, L50, F, shiny|
|poke|p1|Garchomp, L50, M|
|poke|p1|Basculegion, L50, M, shiny|
|poke|p1|Kingambit, L50, M, shiny|
|poke|p2|Venusaur, L50, M, shiny|
|poke|p2|Basculegion, L50, M|
|poke|p2|Pelipper, L50, F|
|poke|p2|Grimmsnarl, L50, M|
|poke|p2|Archaludon, L50, F|
|poke|p2|Sinistcha, L50|
|teampreview|4
|showteam|p1|Charizard||CharizarditeY|Blaze|WeatherBall,HeatWave,SolarBeam,Protect|Modest||M|||50|]Floette-Eternal||Floettite|FlowerVeil|LightofRuin,Moonblast,DazzlingGleam,Protect|Timid||F|||50|]Whimsicott||FocusSash|Prankster|Moonblast,Tailwind,Encore,Protect|Timid||F|||50|]Garchomp||LifeOrb|RoughSkin|Earthquake,DragonClaw,RockSlide,Protect|Jolly||M|||50|]Basculegion||MysticWater|Adaptability|LastRespects,WaveCrash,AquaJet,Protect|Adamant||M|||50|]Kingambit||ChopleBerry|Defiant|KowtowCleave,SuckerPunch,LowKick,Protect|Adamant||M|||50|
|showteam|p2|Venusaur||Venusaurite|Chlorophyll|SludgeBomb,EarthPower,LeechSeed,Protect|Modest||M|||50|]Basculegion||ChoiceScarf|Adaptability|WaveCrash,LastRespects,AquaJet,FlipTurn|Jolly||M|||50|]Pelipper||FocusSash|Drizzle|WeatherBall,Hurricane,Tailwind,Protect|Timid||F|||50|]Grimmsnarl||LightClay|Prankster|SpiritBreak,Reflect,LightScreen,PartingShot|Careful||M|||50|]Archaludon||Leftovers|Stamina|ElectroShot,FlashCannon,AuraSphere,Protect|Bold||F|||50|]Sinistcha||SitrusBerry|Hospitality|MatchaGotcha,RagePowder,TrickRoom,LifeDew|Relaxed|||||50|
|inactive|Battle timer is ON: inactive players will automatically lose when time's up. (requested by HopsVGC)
|
|t:|1783601408
|teamsize|p1|4
|teamsize|p2|4
|start
|switch|p1a: Whimsicott|Whimsicott, L50, F, shiny|100/100
|switch|p1b: Garchomp|Garchomp, L50, M|100/100
|switch|p2a: Venusaur|Venusaur, L50, M, shiny|100/100
|switch|p2b: Grimmsnarl|Grimmsnarl, L50, M|100/100
|turn|1
|
|t:|1783601421
|detailschange|p2a: Venusaur|Venusaur-Mega, L50, M, shiny
|-mega|p2a: Venusaur|Venusaur|Venusaurite
|move|p1a: Whimsicott|Protect|p1a: Whimsicott
|-singleturn|p1a: Whimsicott|Protect
|move|p2b: Grimmsnarl|Light Screen|p2b: Grimmsnarl
|-sidestart|p2: HopsVGC|move: Light Screen
|move|p1b: Garchomp|Earthquake|p2a: Venusaur|[spread] p2a,p2b
|-activate|p1a: Whimsicott|move: Protect
|-damage|p2a: Venusaur|67/100
|-damage|p2b: Grimmsnarl|48/100
|-damage|p1b: Garchomp|90/100|[from] item: Life Orb
|move|p2a: Venusaur|Leech Seed|p1b: Garchomp
|-start|p1b: Garchomp|move: Leech Seed
|
|-damage|p1b: Garchomp|78/100|[from] Leech Seed|[of] p2a: Venusaur
|-heal|p2a: Venusaur|80/100|[silent]
|upkeep
|turn|2
|inactive|sky yeh has 30 seconds left.
|inactive|sky yeh has 20 seconds left.
|inactive|sky yeh has 15 seconds left.
|inactive|sky yeh has 10 seconds left.
|
|t:|1783601467
|switch|p1b: Charizard|Charizard, L50, M, shiny|100/100
|move|p1a: Whimsicott|Encore|p2a: Venusaur
|-start|p2a: Venusaur|Encore
|move|p2b: Grimmsnarl|Reflect|p2b: Grimmsnarl
|-sidestart|p2: HopsVGC|Reflect
|move|p2a: Venusaur|Leech Seed|p1a: Whimsicott
|-immune|p1a: Whimsicott
|
|upkeep
|turn|3
|inactive|sky yeh has 30 seconds left.
|
|t:|1783601493
|move|p2b: Grimmsnarl|Parting Shot|p1b: Charizard
|-unboost|p1b: Charizard|atk|1
|-unboost|p1b: Charizard|spa|1
|
|t:|1783601496
|switch|p2b: Basculegion|Basculegion, L50, M|100/100|[from] Parting Shot
|move|p1a: Whimsicott|Moonblast|p2b: Basculegion
|-damage|p2b: Basculegion|71/100
|move|p1b: Charizard|Heat Wave|p2a: Venusaur|[spread] p2a
|-miss|p1b: Charizard|p2b: Basculegion
|-supereffective|p2a: Venusaur|1
|-crit|p2a: Venusaur
|-damage|p2a: Venusaur|42/100
|move|p2a: Venusaur|Leech Seed|p1b: Charizard
|-start|p1b: Charizard|move: Leech Seed
|
|-damage|p1b: Charizard|88/100|[from] Leech Seed|[of] p2a: Venusaur
|-heal|p2a: Venusaur|53/100|[silent]
|upkeep
|turn|4
|inactive|sky yeh has 30 seconds left.
|
|t:|1783601524
|switch|p2b: Grimmsnarl|Grimmsnarl, L50, M|48/100
|switch|p1b: Garchomp|Garchomp, L50, M|78/100
|move|p1a: Whimsicott|Tailwind|p1a: Whimsicott
|-sidestart|p1: sky yeh|move: Tailwind
|move|p2a: Venusaur|Leech Seed|p1b: Garchomp
|-start|p1b: Garchomp|move: Leech Seed
|
|-damage|p1b: Garchomp|66/100|[from] Leech Seed|[of] p2a: Venusaur
|-heal|p2a: Venusaur|66/100|[silent]
|-end|p2a: Venusaur|Encore
|upkeep
|turn|5
|
|t:|1783601547
|move|p1a: Whimsicott|Encore|p2a: Venusaur
|-start|p2a: Venusaur|Encore
|move|p1b: Garchomp|Earthquake|p2b: Grimmsnarl|[spread] p1a,p2a,p2b
|-resisted|p1a: Whimsicott|1
|-damage|p1a: Whimsicott|62/100
|-damage|p2a: Venusaur|44/100
|-damage|p2b: Grimmsnarl|12/100
|-damage|p1b: Garchomp|56/100|[from] item: Life Orb
|move|p2a: Venusaur|Leech Seed||[still]
|-fail|p2a: Venusaur
|move|p2b: Grimmsnarl|Spirit Break|p1a: Whimsicott
|-damage|p1a: Whimsicott|13/100
|-unboost|p1a: Whimsicott|spa|1
|
|-damage|p1b: Garchomp|44/100|[from] Leech Seed|[of] p2a: Venusaur
|-heal|p2a: Venusaur|57/100|[silent]
|upkeep
|turn|6
|
|t:|1783601568
|switch|p1a: Charizard|Charizard, L50, M, shiny|88/100
|move|p2b: Grimmsnarl|Parting Shot|p1a: Charizard
|-unboost|p1a: Charizard|atk|1
|-unboost|p1a: Charizard|spa|1
|
|t:|1783601573
|switch|p2b: Basculegion|Basculegion, L50, M|71/100|[from] Parting Shot
|move|p1b: Garchomp|Earthquake|p2b: Basculegion|[spread] p2a,p2b
|-immune|p1a: Charizard
|-damage|p2a: Venusaur|37/100
|-damage|p2b: Basculegion|34/100
|-damage|p1b: Garchomp|35/100|[from] item: Life Orb
|move|p2a: Venusaur|Leech Seed||[still]
|-fail|p2a: Venusaur
|
|-damage|p1b: Garchomp|23/100|[from] Leech Seed|[of] p2a: Venusaur
|-heal|p2a: Venusaur|50/100g|[silent]
|upkeep
|turn|7
|
|t:|1783601592
|switch|p1b: Whimsicott|Whimsicott, L50, F, shiny|13/100
|switch|p2a: Grimmsnarl|Grimmsnarl, L50, M|12/100
|move|p2b: Basculegion|Aqua Jet|p1b: Whimsicott
|-resisted|p1b: Whimsicott|1
|-damage|p1b: Whimsicott|0 fnt
|faint|p1b: Whimsicott
|move|p1a: Charizard|Heat Wave|p2a: Grimmsnarl|[spread] p2a,p2b
|-resisted|p2b: Basculegion|1
|-damage|p2a: Grimmsnarl|1/100
|-damage|p2b: Basculegion|26/100
|
|-sideend|p1: sky yeh|move: Tailwind
|upkeep
|inactive|sky yeh has 30 seconds left.
|
|t:|1783601618
|switch|p1b: Basculegion|Basculegion, L50, M, shiny|100/100
|turn|8
|
|t:|1783601634
|move|p1a: Charizard|Protect|p1a: Charizard
|-singleturn|p1a: Charizard|Protect
|move|p2b: Basculegion|Aqua Jet|p1a: Charizard
|-activate|p1a: Charizard|move: Protect
|move|p2a: Grimmsnarl|Parting Shot|p1b: Basculegion
|-unboost|p1b: Basculegion|atk|1
|-unboost|p1b: Basculegion|spa|1
|
|t:|1783601641
|switch|p2a: Venusaur|Venusaur-Mega, L50, M, shiny|50/100g|[from] Parting Shot
|move|p1b: Basculegion|Last Respects|p2b: Basculegion
|-supereffective|p2b: Basculegion|1
|-damage|p2b: Basculegion|0 fnt
|faint|p2b: Basculegion
|
|-sideend|p2: HopsVGC|move: Light Screen
|upkeep
|
|t:|1783601647
|switch|p2b: Grimmsnarl|Grimmsnarl, L50, M|1/100
|turn|9
|inactive|sky yeh has 30 seconds left.
|inactive|HopsVGC has 30 seconds left.
|
|t:|1783601676
|switch|p1a: Garchomp|Garchomp, L50, M|23/100
|move|p1b: Basculegion|Aqua Jet|p2b: Grimmsnarl
|-damage|p2b: Grimmsnarl|0 fnt
|faint|p2b: Grimmsnarl
|move|p2a: Venusaur|Leech Seed|p1a: Garchomp
|-start|p1a: Garchomp|move: Leech Seed
|
|-damage|p1a: Garchomp|11/100|[from] Leech Seed|[of] p2a: Venusaur
|-heal|p2a: Venusaur|63/100|[silent]
|-sideend|p2: HopsVGC|Reflect
|upkeep
|
|t:|1783601684
|switch|p2b: Pelipper|Pelipper, L50, F|100/100
|-weather|RainDance|[from] ability: Drizzle|[of] p2b: Pelipper
|turn|10
|
|t:|1783601697
|move|p1a: Garchomp|Rock Slide|p2b: Pelipper|[spread] p2a,p2b
|-supereffective|p2b: Pelipper|1
|-damage|p2a: Venusaur|48/100
|-damage|p2b: Pelipper|40/100
|-damage|p1a: Garchomp|1/100|[from] item: Life Orb
|move|p1b: Basculegion|Last Respects|p2b: Pelipper
|-damage|p2b: Pelipper|0 fnt
|faint|p2b: Pelipper
|move|p2a: Venusaur|Leech Seed|p1b: Basculegion
|-start|p1b: Basculegion|move: Leech Seed
|
|-weather|RainDance|[upkeep]
|-damage|p1a: Garchomp|0 fnt|[from] Leech Seed|[of] p2a: Venusaur
|-heal|p2a: Venusaur|49/100|[silent]
|faint|p1a: Garchomp
|-damage|p1b: Basculegion|87/100|[from] Leech Seed|[of] p2a: Venusaur
|-heal|p2a: Venusaur|62/100|[silent]
|upkeep
|
|t:|1783601702
|switch|p1a: Charizard|Charizard, L50, M, shiny|88/100
|turn|11
|
|t:|1783601708
|detailschange|p1a: Charizard|Charizard-Mega-Y, L50, M, shiny
|-mega|p1a: Charizard|Charizard|Charizardite Y
|-weather|SunnyDay|[from] ability: Drought|[of] p1a: Charizard
|move|p2a: Venusaur|Protect|p2a: Venusaur
|-singleturn|p2a: Venusaur|Protect
|move|p1a: Charizard|Weather Ball|p2a: Venusaur
|-activate|p2a: Venusaur|move: Protect
|move|p1b: Basculegion|Last Respects|p2a: Venusaur
|-activate|p2a: Venusaur|move: Protect
|
|-weather|SunnyDay|[upkeep]
|-damage|p1b: Basculegion|75/100|[from] Leech Seed|[of] p2a: Venusaur
|-heal|p2a: Venusaur|75/100|[silent]
|upkeep
|turn|12
|
|t:|1783601719
|move|p1a: Charizard|Weather Ball|p2a: Venusaur
|-supereffective|p2a: Venusaur|1
|-damage|p2a: Venusaur|6/100
|move|p1b: Basculegion|Last Respects|p2a: Venusaur
|-damage|p2a: Venusaur|0 fnt
|faint|p2a: Venusaur
|
|win|sky yeh
||HopsVGC is ready for game 3.
||sky yeh is ready for game 3.
|uhtml|next|Next: Game 3 of 3
|l|☆HopsVGC
|player|p2|
