|j|☆dambro222
|j|☆eternatusminspeed
|html|dambro222eternatusminspeed    
|uhtml|bestof|Game 2 of a best-of-3
|t:|1756399173
|gametype|doubles
|player|p1|dambro222|102|1161
|player|p2|eternatusminspeed|2|1208
|gen|9
|tier|[Gen 9] VGC 2025 Reg H (Bo3)
|rated|
|rule|Species Clause: Limit one of each Pokémon
|rule|Item Clause: Limit 1 of each item
|clearpoke
|poke|p1|Dragonite, L50, M|
|poke|p1|Volcarona, L50, F|
|poke|p1|Sneasler, L50, M|
|poke|p1|Rillaboom, L50, M|
|poke|p1|Electabuzz, L50, M|
|poke|p1|Kingambit, L50, M|
|poke|p2|Sneasler, L50, F|
|poke|p2|Dragonite, L50, M|
|poke|p2|Rillaboom, L50, M|
|poke|p2|Basculegion, L50, M|
|poke|p2|Volcarona, L50, F|
|poke|p2|Kingambit, L50, F|
|teampreview|4
|showteam|p1|Dragonite||LoadedDice|Multiscale|ScaleShot,ExtremeSpeed,Haze,Protect|||M|||50|,,,,,Fairy]Volcarona||CovertCloak|FlameBody|HeatWave,TeraBlast,QuiverDance,Protect|||F|||50|,,,,,Fairy]Sneasler||FocusSash|Unburden|CloseCombat,DireClaw,RockSlide,Protect|||M|||50|,,,,,Stellar]Rillaboom||AssaultVest|GrassySurge|WoodHammer,GrassyGlide,HighHorsepower,FakeOut|||M|||50|,,,,,Water]Electabuzz||Eviolite|VitalSpirit|Electroweb,FollowMe,Taunt,Protect|||M|||50|,,,,,Ghost]Kingambit||BlackGlasses|Defiant|KowtowCleave,SuckerPunch,SwordsDance,Protect|||M|||50|,,,,,Dark
|showteam|p2|Sneasler||FocusSash|Unburden|CloseCombat,DireClaw,Coaching,Protect|||F|||50|,,,,,Ghost]Dragonite||LoadedDice|Multiscale|ScaleShot,ExtremeSpeed,Haze,Protect|||M|||50|,,,,,Fairy]Rillaboom||MiracleSeed|GrassySurge|WoodHammer,GrassyGlide,Taunt,FakeOut|||M|||50|,,,,,Fire]Basculegion||ChoiceScarf|Adaptability|WaveCrash,FlipTurn,LastRespects,TeraBlast|||M|||50|,,,,,Fighting]Volcarona||CovertCloak|FlameBody|HeatWave,TeraBlast,QuiverDance,Protect|||F|||50|,,,,,Fairy]Kingambit||AssaultVest|Defiant|KowtowCleave,SuckerPunch,IronHead,LowKick|||F|||50|,,,,,Flying
|inactive|Battle timer is ON: inactive players will automatically lose when time's up. (requested by dambro222)
|
|t:|1756399197
|teamsize|p1|4
|teamsize|p2|4
|start
|switch|p1a: Volcarona|Volcarona, L50, F|100/100
|switch|p1b: Electabuzz|Electabuzz, L50, M|100/100
|switch|p2a: Volcarona|Volcarona, L50, F|100/100
|switch|p2b: Sneasler|Sneasler, L50, F|100/100
|turn|1
|
|t:|1756399207
|move|p1b: Electabuzz|Follow Me|p1b: Electabuzz
|-singleturn|p1b: Electabuzz|move: Follow Me
|move|p2b: Sneasler|Dire Claw|p1b: Electabuzz
|-damage|p1b: Electabuzz|67/100
|move|p1a: Volcarona|Quiver Dance|p1a: Volcarona
|-boost|p1a: Volcarona|spa|1
|-boost|p1a: Volcarona|spd|1
|-boost|p1a: Volcarona|spe|1
|move|p2a: Volcarona|Quiver Dance|p2a: Volcarona
|-boost|p2a: Volcarona|spa|1
|-boost|p2a: Volcarona|spd|1
|-boost|p2a: Volcarona|spe|1
|
|upkeep
|turn|2
|
|t:|1756399223
|move|p1a: Volcarona|Heat Wave|p2a: Volcarona|[spread] p2a,p2b
|-damage|p2a: Volcarona|68/100
|-damage|p2b: Sneasler|25/100
|move|p2a: Volcarona|Quiver Dance|p2a: Volcarona
|-boost|p2a: Volcarona|spa|1
|-boost|p2a: Volcarona|spd|1
|-boost|p2a: Volcarona|spe|1
|move|p2b: Sneasler|Dire Claw|p1a: Volcarona
|-damage|p1a: Volcarona|40/100
|move|p1b: Electabuzz|Electroweb|p2b: Sneasler|[spread] p2a,p2b
|-damage|p2a: Volcarona|61/100
|-damage|p2b: Sneasler|6/100
|-unboost|p2b: Sneasler|spe|1
|
|upkeep
|turn|3
|inactive|eternatusminspeed has 30 seconds left.
|
|t:|1756399250
|move|p1a: Volcarona|Protect|p1a: Volcarona
|-singleturn|p1a: Volcarona|Protect
|move|p2a: Volcarona|Heat Wave|p1a: Volcarona|[spread] p1b
|-activate|p1a: Volcarona|move: Protect
|-damage|p1b: Electabuzz|12/100
|move|p1b: Electabuzz|Electroweb|p2a: Volcarona|[spread] p2a,p2b
|-damage|p2a: Volcarona|54/100
|-damage|p2b: Sneasler|0 fnt
|faint|p2b: Sneasler
|
|upkeep
|
|t:|1756399267
|switch|p2b: Basculegion|Basculegion, L50, M|100/100
|turn|4
|
|t:|1756399286
|move|p1b: Electabuzz|Follow Me|p1b: Electabuzz
|-singleturn|p1b: Electabuzz|move: Follow Me
|move|p2a: Volcarona|Heat Wave|p1b: Electabuzz|[spread] p1a
|-miss|p2a: Volcarona|p1b: Electabuzz
|-damage|p1a: Volcarona|0 fnt
|faint|p1a: Volcarona
|move|p2b: Basculegion|Flip Turn|p1b: Electabuzz
|-damage|p1b: Electabuzz|0 fnt
|faint|p1b: Electabuzz
|
|t:|1756399295
|switch|p2b: Kingambit|Kingambit, L50, F|100/100|[from] Flip Turn
|
|upkeep
|
|t:|1756399300
|switch|p1a: Rillaboom|Rillaboom, L50, M|100/100
|switch|p1b: Sneasler|Sneasler, L50, M|100/100
|-fieldstart|move: Grassy Terrain|[from] ability: Grassy Surge|[of] p1a: Rillaboom
|turn|5
|
|t:|1756399320
|-terastallize|p2b: Kingambit|Flying
|move|p2a: Volcarona|Protect|p2a: Volcarona
|-singleturn|p2a: Volcarona|Protect
|move|p1a: Rillaboom|Fake Out|p2a: Volcarona
|-activate|p2a: Volcarona|move: Protect
|move|p1b: Sneasler|Close Combat|p2b: Kingambit
|-resisted|p2b: Kingambit
|-damage|p2b: Kingambit|79/100
|-unboost|p1b: Sneasler|def|1
|-unboost|p1b: Sneasler|spd|1
|move|p2b: Kingambit|Kowtow Cleave|p1b: Sneasler
|-resisted|p1b: Sneasler
|-damage|p1b: Sneasler|39/100
|
|-heal|p2a: Volcarona|60/100|[from] Grassy Terrain
|-heal|p1b: Sneasler|45/100|[from] Grassy Terrain
|upkeep
|turn|6
|
|t:|1756399343
|-terastallize|p1b: Sneasler|Stellar
|move|p2b: Kingambit|Sucker Punch|p1b: Sneasler
|-resisted|p1b: Sneasler
|-damage|p1b: Sneasler|0 fnt
|faint|p1b: Sneasler
|move|p2a: Volcarona|Heat Wave|p1a: Rillaboom
|-supereffective|p1a: Rillaboom
|-damage|p1a: Rillaboom|0 fnt
|faint|p1a: Rillaboom
|
|win|eternatusminspeed
|raw|dambro222's rating: 1161 → 1139(-22 for losing)
|raw|eternatusminspeed's rating: 1208 → 1230(+22 for winning)
|c|☆dambro222|gg
|c|☆eternatusminspeed|Gg
|l|☆eternatusminspeed
|player|p2|
