|j|☆Manitarenios ht
|j|☆xeb41
|html|Manitarenios htxeb41    
|uhtml|bestof|Game 3 of a best-of-3
|t:|1756641516
|gametype|doubles
|player|p1|Manitarenios ht|169|
|player|p2|xeb41|170|
|gen|9
|tier|[Gen 9] VGC 2025 Reg H (Bo3)
|rule|Species Clause: Limit one of each Pokémon
|rule|Item Clause: Limit 1 of each item
|clearpoke
|poke|p1|Sneasler, L50, F|
|poke|p1|Indeedee, L50, M|
|poke|p1|Ursaluna-Bloodmoon, L50, M|
|poke|p1|Electabuzz, L50, F|
|poke|p1|Incineroar, L50, M|
|poke|p1|Whimsicott, L50, F|
|poke|p2|Gothitelle, L50, M|
|poke|p2|Palafin, L50, M|
|poke|p2|Politoed, L50, M|
|poke|p2|Hitmontop, L50, M|
|poke|p2|Smeargle, L50, F|
|poke|p2|Porygon2, L50|
|teampreview|4
|showteam|p1|Sneasler||PsychicSeed|Unburden|CloseCombat,DireClaw,ThroatChop,Protect|||F|||50|,,,,,Dark]Indeedee||FocusSash|PsychicSurge|ExpandingForce,TrickRoom,HelpingHand,Protect|||M|||50|,,,,,Psychic]Ursaluna-Bloodmoon||LifeOrb|MindsEye|BloodMoon,HyperVoice,EarthPower,Protect|||M|||50|,,,,,Normal]Electabuzz||Eviolite|VitalSpirit|Electroweb,FollowMe,Taunt,Protect|||F|||50|,,,,,Dragon]Incineroar||SafetyGoggles|Intimidate|FlareBlitz,KnockOff,PartingShot,FakeOut|||M|||50|,,,,,Ghost]Whimsicott||CovertCloak|Prankster|Tailwind,Moonblast,Taunt,Protect|||F|||50|,,,,,Steel
|showteam|p2|Gothitelle||SitrusBerry|ShadowTag|Protect,Psychic,FakeOut,TrickRoom|||M|||50|,,,,,Dark]Palafin||MysticWater|ZerotoHero|Protect,WaveCrash,JetPunch,IcePunch|||M|||50|,,,,,Water]Politoed||Leftovers|Drizzle|Protect,WeatherBall,PerishSong,Encore|||M|||50|,,,,,Poison]Hitmontop||EjectButton|Intimidate|FakeOut,WideGuard,CloseCombat,Detect|||M|||50|,,,,,Fighting]Smeargle||FocusSash|Moody|Decorate,SpikyShield,Spore,FollowMe|||F|||50|,,,,,Grass]Porygon2||Eviolite|Download|IceBeam,Recover,TeraBlast,TrickRoom||||||50|,,,,,Poison
|inactive|Battle timer is ON: inactive players will automatically lose when time's up. (requested by Manitarenios ht)
|inactive|xeb41 has 60 seconds left.
|inactive|xeb41 has 30 seconds left.
|
|t:|1756641598
|teamsize|p1|4
|teamsize|p2|4
|start
|switch|p1a: Sneasler|Sneasler, L50, F|100/100
|switch|p1b: Indeedee|Indeedee, L50, M|100/100
|switch|p2a: Palafin|Palafin, L50, M|100/100
|switch|p2b: Gothitelle|Gothitelle, L50, M|100/100
|-fieldstart|move: Psychic Terrain|[from] ability: Psychic Surge|[of] p1b: Indeedee
|-enditem|p1a: Sneasler|Psychic Seed
|-boost|p1a: Sneasler|spd|1|[from] item: Psychic Seed
|turn|1
|c|☆xeb41|πω βρήκες την αδυναμία της ομάδας μου?
|inactive|xeb41 has 30 seconds left.
|inactive|Manitarenios ht has 30 seconds left.
|inactive|Manitarenios ht has 20 seconds left.
|inactive|Manitarenios ht has 15 seconds left.
|inactive|Manitarenios ht has 10 seconds left.
|inactive|Manitarenios ht has 5 seconds left.
|
|t:|1756641657
|move|p1b: Indeedee|Helping Hand|p1a: Sneasler
|-singleturn|p1a: Sneasler|Helping Hand|[of] p1b: Indeedee
|move|p2a: Palafin|Protect|p2a: Palafin
|-singleturn|p2a: Palafin|Protect
|move|p1a: Sneasler|Dire Claw|p2b: Gothitelle
|-damage|p2b: Gothitelle|39/100
|-status|p2b: Gothitelle|slp
|-enditem|p2b: Gothitelle|Sitrus Berry|[eat]
|-heal|p2b: Gothitelle|64/100 slp|[from] item: Sitrus Berry
|cant|p2b: Gothitelle|slp
|
|upkeep
|turn|2
|c|☆xeb41|haha
|inactive|xeb41 has 30 seconds left.
|c|☆Manitarenios ht|XAXAXAXAXAX
|inactive|xeb41 has 20 seconds left.
|c|☆xeb41|ιάσε κανένα σταθσ
|inactive|xeb41 has 15 seconds left.
|inactive|xeb41 has 10 seconds left.
|
|t:|1756641703
|detailschange|p2a: Palafin|Palafin-Hero, L50, M
|switch|p2a: Porygon2|Porygon2, L50|100/100
|-ability|p2a: Porygon2|Download|boost
|-boost|p2a: Porygon2|atk|1
|-terastallize|p1b: Indeedee|Psychic
|move|p1a: Sneasler|Dire Claw|p2a: Porygon2
|-damage|p2a: Porygon2|74/100
|move|p1b: Indeedee|Expanding Force|p2a: Porygon2|[spread] p2a,p2b
|-resisted|p2b: Gothitelle
|-damage|p2a: Porygon2|31/100
|-damage|p2b: Gothitelle|38/100 slp
|-curestatus|p2b: Gothitelle|slp|[msg]
|move|p2b: Gothitelle|Psychic|p1a: Sneasler
|-supereffective|p1a: Sneasler
|-damage|p1a: Sneasler|0 fnt
|faint|p1a: Sneasler
|
|upkeep
|
|t:|1756641718
|switch|p1a: Ursaluna|Ursaluna-Bloodmoon, L50, M|100/100
|turn|3
|inactive|xeb41 has 30 seconds left.
|
|t:|1756641747
|move|p1b: Indeedee|Expanding Force|p2b: Gothitelle|[spread] p2a,p2b
|-resisted|p2b: Gothitelle
|-damage|p2a: Porygon2|0 fnt
|-damage|p2b: Gothitelle|14/100
|faint|p2a: Porygon2
|move|p1a: Ursaluna|Hyper Voice|p2b: Gothitelle
|-damage|p2b: Gothitelle|0 fnt
|faint|p2b: Gothitelle
|-damage|p1a: Ursaluna|91/100|[from] item: Life Orb
|
|upkeep
|
|t:|1756641756
|switch|p2a: Palafin|Palafin-Hero, L50, M|100/100
|switch|p2b: Smeargle|Smeargle, L50, F|100/100
|-activate|p2a: Palafin|ability: Zero to Hero
|turn|4
|
|t:|1756641768
|-terastallize|p2a: Palafin|Water
|move|p1b: Indeedee|Expanding Force|p2b: Smeargle|[spread] p2a,p2b
|-damage|p2a: Palafin|29/100
|-enditem|p2b: Smeargle|Focus Sash
|-damage|p2b: Smeargle|1/100
|move|p2b: Smeargle|Spore|p1b: Indeedee
|-status|p1b: Indeedee|slp|[from] move: Spore
|move|p2a: Palafin|Wave Crash|p1a: Ursaluna
|-supereffective|p1a: Ursaluna
|-damage|p1a: Ursaluna|0 fnt
|faint|p1a: Ursaluna
|-damage|p2a: Palafin|1/100|[from] Recoil
|
|-ability|p2b: Smeargle|Moody|boost
|-boost|p2b: Smeargle|def|2
|-unboost|p2b: Smeargle|spe|1
|upkeep
|
|t:|1756641779
|switch|p1a: Electabuzz|Electabuzz, L50, F, shiny|100/100
|turn|5
|
|t:|1756641802
|move|p2a: Palafin|Protect|p2a: Palafin
|-singleturn|p2a: Palafin|Protect
|move|p1a: Electabuzz|Electroweb|p2b: Smeargle|[spread] p2b
|-activate|p2a: Palafin|move: Protect
|-damage|p2b: Smeargle|0 fnt
|faint|p2b: Smeargle
|cant|p1b: Indeedee|slp
|
|-fieldend|move: Psychic Terrain
|upkeep
|turn|6
|
|t:|1756641816
|move|p2a: Palafin|Jet Punch|p1a: Electabuzz
|-damage|p1a: Electabuzz|36/100
|move|p1a: Electabuzz|Electroweb|p2a: Palafin
|-supereffective|p2a: Palafin
|-damage|p2a: Palafin|0 fnt
|faint|p2a: Palafin
|
|win|Manitarenios ht
