|j|☆ninha1600
|j|☆Alecat
|html|ninha1600Alecat    
|uhtml|bestof|Game 2 of a best-of-3
|t:|1756911433
|gametype|doubles
|player|p1|ninha1600|lady|1070
|player|p2|Alecat|scientistf|1103
|gen|9
|tier|[Gen 9] VGC 2025 Reg H (Bo3)
|rated|
|rule|Species Clause: Limit one of each Pokémon
|rule|Item Clause: Limit 1 of each item
|clearpoke
|poke|p1|Dragonite, L50, M|
|poke|p1|Gholdengo, L50|
|poke|p1|Rillaboom, L50, M|
|poke|p1|Arcanine-Hisui, L50, F|
|poke|p1|Annihilape, L50, M|
|poke|p1|Murkrow, L50, F|
|poke|p2|Pawmot, L50, M|
|poke|p2|Gyarados, L50, F|
|poke|p2|Volcarona, L50, F|
|poke|p2|Murkrow, L50, M|
|poke|p2|Incineroar, L50, M|
|poke|p2|Archaludon, L50, M|
|teampreview|4
|showteam|p1|Dragonite||LoadedDice|Multiscale|Protect,ScaleShot,LowKick,ExtremeSpeed|||M|||50|,,,,,Fairy]Gholdengo||ChoiceSpecs|GoodasGold|Thunderbolt,PowerGem,MakeItRain,ShadowBall||||||50|,,,,,Steel]Rillaboom||AssaultVest|GrassySurge|FakeOut,HighHorsepower,WoodHammer,GrassyGlide|||M|||50|,,,,,Fire]Arcanine-Hisui||ClearAmulet|Intimidate|Protect,FlareBlitz,RockSlide,ExtremeSpeed|||F|||50|,,,,,Water]Annihilape||FocusSash|Defiant|Coaching,CloseCombat,RageFist,FinalGambit|||M|||50|,,,,,Stellar]Murkrow||Eviolite|Prankster|Haze,Tailwind,FoulPlay,Taunt|||F|||50|,,,,,Ghost
|showteam|p2|Pawmot||FocusSash|VoltAbsorb|DoubleShock,Coaching,CloseCombat,Protect|||M|||50|,,,,,Electric]Gyarados||ClearAmulet|Moxie|Waterfall,DragonDance,Earthquake,Protect|||F|||50|,,,,,Ground]Volcarona||SitrusBerry|FlameBody|Overheat,StruggleBug,RagePowder,Tailwind|||F|||50|,,,,,Grass]Murkrow||Eviolite|Prankster|FoulPlay,RainDance,Tailwind,SunnyDay|||M|||50|,,,,,Dark]Incineroar||SafetyGoggles|Intimidate|FlareBlitz,FakeOut,Bulldoze,Taunt|||M|||50|,,,,,Ghost]Archaludon||PowerHerb|Stalwart|DragonTail,FlashCannon,ElectroShot,Protect|||M|||50|,,,,,Grass
|inactive|Battle timer is ON: inactive players will automatically lose when time's up. (requested by Alecat)
|inactive|ninha1600 has 60 seconds left.
|
|t:|1756911469
|teamsize|p1|4
|teamsize|p2|4
|start
|switch|p1a: Murkrow|Murkrow, L50, F, shiny|100/100
|switch|p1b: Gholdengo|Gholdengo, L50|100/100
|switch|p2a: Murkrow|Murkrow, L50, M|100/100
|switch|p2b: Volcarona|Volcarona, L50, F|100/100
|turn|1
|inactive|ninha1600 has 30 seconds left.
|
|t:|1756911495
|-terastallize|p1b: Gholdengo|Steel
|move|p1a: Murkrow|Taunt|p2b: Volcarona
|-start|p2b: Volcarona|move: Taunt
|move|p2a: Murkrow|Tailwind|p2a: Murkrow
|-sidestart|p2: Alecat|move: Tailwind
|move|p2b: Volcarona|Overheat|p1b: Gholdengo|[miss]
|-miss|p2b: Volcarona|p1b: Gholdengo
|move|p1b: Gholdengo|Thunderbolt|p2a: Murkrow
|-supereffective|p2a: Murkrow
|-damage|p2a: Murkrow|24/100
|-status|p2a: Murkrow|par
|
|upkeep
|turn|2
|inactive|ninha1600 has 30 seconds left.
|
|t:|1756911521
|switch|p1b: Dragonite|Dragonite, L50, M|100/100
|move|p1a: Murkrow|Tailwind|p1a: Murkrow
|-sidestart|p1: ninha1600|move: Tailwind
|move|p2a: Murkrow|Sunny Day|p2a: Murkrow
|-weather|SunnyDay
|move|p2b: Volcarona|Struggle Bug|p1a: Murkrow|[spread] p1a,p1b
|-resisted|p1b: Dragonite
|-damage|p1a: Murkrow|84/100
|-damage|p1b: Dragonite|96/100
|-unboost|p1a: Murkrow|spa|1
|-unboost|p1b: Dragonite|spa|1
|
|-weather|SunnyDay|[upkeep]
|upkeep
|turn|3
|inactive|ninha1600 has 30 seconds left.
|
|t:|1756911552
|move|p2b: Volcarona|Overheat|p1b: Dragonite
|-resisted|p1b: Dragonite
|-damage|p1b: Dragonite|51/100
|-unboost|p2b: Volcarona|spa|2
|move|p1b: Dragonite|Scale Shot|p2b: Volcarona
|-damage|p2b: Volcarona|80/100
|-damage|p2b: Volcarona|60/100
|-damage|p2b: Volcarona|42/100
|-enditem|p2b: Volcarona|Sitrus Berry|[eat]
|-heal|p2b: Volcarona|67/100|[from] item: Sitrus Berry
|-damage|p2b: Volcarona|47/100
|-hitcount|p2b: Volcarona|4
|-unboost|p1b: Dragonite|def|1
|-boost|p1b: Dragonite|spe|1
|move|p1a: Murkrow|Foul Play|p2b: Volcarona
|-damage|p2b: Volcarona|26/100
|move|p2a: Murkrow|Foul Play|p1b: Dragonite
|-damage|p1b: Dragonite|0 fnt
|faint|p1b: Dragonite
|
|-weather|SunnyDay|[upkeep]
|-end|p2b: Volcarona|move: Taunt
|upkeep
|
|t:|1756911574
|switch|p1b: Gholdengo|Gholdengo, L50, tera:Steel|100/100
|turn|4
|
|t:|1756911593
|switch|p2a: Gyarados|Gyarados, L50, F|100/100
|move|p2b: Volcarona|Overheat|p1b: Gholdengo
|-supereffective|p1b: Gholdengo
|-damage|p1b: Gholdengo|4/100
|-unboost|p2b: Volcarona|spa|2
|move|p1b: Gholdengo|Make It Rain|p2a: Gyarados|[spread] p2a,p2b
|-resisted|p2a: Gyarados
|-resisted|p2b: Volcarona
|-crit|p2b: Volcarona
|-damage|p2a: Gyarados|54/100
|-damage|p2b: Volcarona|0 fnt
|-unboost|p1b: Gholdengo|spa|1
|faint|p2b: Volcarona
|move|p1a: Murkrow|Foul Play|p2a: Gyarados
|-damage|p2a: Gyarados|0 fnt
|faint|p2a: Gyarados
|
|-weather|SunnyDay|[upkeep]
|-sideend|p2: Alecat|move: Tailwind
|upkeep
|
|t:|1756911610
|switch|p2b: Archaludon|Archaludon, L50, M|100/100
|switch|p2a: Murkrow|Murkrow, L50, M|24/100 par
|turn|5
|
|t:|1756911633
|move|p1a: Murkrow|Haze|p1a: Murkrow
|-clearallboost
|move|p2a: Murkrow|Tailwind|p2a: Murkrow
|-sidestart|p2: Alecat|move: Tailwind
|move|p2b: Archaludon|Electro Shot||[still]
|-prepare|p2b: Archaludon|Electro Shot
|-boost|p2b: Archaludon|spa|1
|-enditem|p2b: Archaludon|Power Herb
|-anim|p2b: Archaludon|Electro Shot|p1a: Murkrow
|-supereffective|p1a: Murkrow
|-damage|p1a: Murkrow|0 fnt
|faint|p1a: Murkrow
|move|p1b: Gholdengo|Make It Rain|p2a: Murkrow|[spread] p2a,p2b
|-resisted|p2b: Archaludon
|-crit|p2b: Archaludon
|-damage|p2a: Murkrow|0 fnt
|-damage|p2b: Archaludon|0 fnt
|-unboost|p1b: Gholdengo|spa|1
|faint|p2a: Murkrow
|faint|p2b: Archaludon
|
|win|ninha1600
|raw|ninha1600's rating: 1070 → 1102(+32 for winning)
|raw|Alecat's rating: 1103 → 1076(-27 for losing)
|l|☆Alecat
|player|p2|
