|j|☆Mamapingatest
|j|☆INT Shinji
|html|MamapingatestINT Shinji    
|uhtml|bestof|Game 3 of a best-of-3
|t:|1757625787
|gametype|doubles
|player|p1|Mamapingatest|169|1163
|player|p2|INT Shinji|hilbert|1230
|gen|9
|tier|[Gen 9] VGC 2025 Reg H (Bo3)
|rated|
|rule|Species Clause: Limit one of each Pokémon
|rule|Item Clause: Limit 1 of each item
|clearpoke
|poke|p1|Porygon2, L50|
|poke|p1|Hydreigon, L50, M|
|poke|p1|Incineroar, L50, F|
|poke|p1|Garchomp, L50, M|
|poke|p1|Amoonguss, L50, F|
|poke|p1|Gholdengo, L50|
|poke|p2|Archaludon, L50, F|
|poke|p2|Maushold, L50|
|poke|p2|Annihilape, L50, F|
|poke|p2|Ursaluna, L50, F|
|poke|p2|Pelipper, L50, M|
|poke|p2|Sinistcha-Masterpiece, L50|
|teampreview|4
|showteam|p1|Porygon2||Eviolite|Download|TeraBlast,IceBeam,TrickRoom,Recover||||||50|,,,,,Fighting]Hydreigon||SafetyGoggles|Levitate|Snarl,DracoMeteor,Tailwind,Protect|||M|||50|,,,,,Ghost]Incineroar||SitrusBerry|Intimidate|FlareBlitz,KnockOff,PartingShot,FakeOut|||F|||50|,,,,,Grass]Garchomp||LoadedDice|RoughSkin|ScaleShot,Earthquake,StompingTantrum,Protect|||M|||50|,,,,,Fire]Amoonguss||CovertCloak|Regenerator|PollenPuff,Spore,RagePowder,Protect|||F|||50|,,,,,Fire]Gholdengo||MetalCoat|GoodasGold|MakeItRain,ShadowBall,NastyPlot,Protect||||||50|,,,,,Flying
|showteam|p2|Archaludon||AssaultVest|Stamina|ElectroShot,DracoMeteor,FlashCannon,BodyPress|||F|||50|,,,,,Bug]Maushold||WideLens|Technician|PopulationBomb,Protect,BeatUp,Taunt||||||50|,,,,,Grass]Annihilape||SafetyGoggles|Defiant|CloseCombat,Taunt,RageFist,FinalGambit|||F|||50|,,,,,Fire]Ursaluna||FlameOrb|Guts|Facade,HeadlongRush,Earthquake,Protect|||F|||50|,,,,,Ghost]Pelipper||FocusSash|Drizzle|MuddyWater,Hurricane,Tailwind,Protect|||M|||50|,,,,,Ghost]Sinistcha-Masterpiece||SitrusBerry|Hospitality|MatchaGotcha,LifeDew,RagePowder,TrickRoom||||||50|,,,,,Steel
|inactive|Battle timer is ON: inactive players will automatically lose when time's up. (requested by INT Shinji)
|inactive|Mamapingatest has 60 seconds left.
|
|t:|1757625848
|teamsize|p1|4
|teamsize|p2|4
|start
|switch|p1a: Hydreigon|Hydreigon, L50, M, shiny|100/100
|switch|p1b: Garchomp|Garchomp, L50, M, shiny|100/100
|switch|p2a: Maushold|Maushold, L50|100/100
|switch|p2b: Annihilape|Annihilape, L50, F|100/100
|turn|1
|inactive|INT Shinji has 30 seconds left.
|inactive|INT Shinji has 20 seconds left.
|inactive|INT Shinji has 15 seconds left.
|inactive|INT Shinji has 10 seconds left.
|
|t:|1757625894
|move|p1b: Garchomp|Protect|p1b: Garchomp
|-singleturn|p1b: Garchomp|Protect
|move|p2a: Maushold|Beat Up|p2b: Annihilape
|-damage|p2b: Annihilape|95/100
|-damage|p2b: Annihilape|89/100
|-damage|p2b: Annihilape|83/100
|-damage|p2b: Annihilape|78/100
|-hitcount|p2b: Annihilape|4
|move|p1a: Hydreigon|Tailwind|p1a: Hydreigon
|-sidestart|p1: Mamapingatest|move: Tailwind
|move|p2b: Annihilape|Close Combat|p1a: Hydreigon
|-supereffective|p1a: Hydreigon
|-damage|p1a: Hydreigon|0 fnt
|-unboost|p2b: Annihilape|def|1
|-unboost|p2b: Annihilape|spd|1
|faint|p1a: Hydreigon
|
|upkeep
|
|t:|1757625913
|switch|p1a: Gholdengo|Gholdengo, L50, shiny|100/100
|turn|2
|inactive|INT Shinji has 30 seconds left.
|inactive|INT Shinji has 20 seconds left.
|inactive|INT Shinji has 15 seconds left.
|inactive|INT Shinji has 10 seconds left.
|
|t:|1757625959
|switch|p2a: Archaludon|Archaludon, L50, F|100/100
|move|p1b: Garchomp|Scale Shot|p2b: Annihilape
|-damage|p2b: Annihilape|55/100
|-damage|p2b: Annihilape|33/100
|-damage|p2b: Annihilape|10/100
|-damage|p2b: Annihilape|0 fnt
|faint|p2b: Annihilape
|-hitcount|p2: Annihilape|4
|-unboost|p1b: Garchomp|def|1
|-boost|p1b: Garchomp|spe|1
|move|p1a: Gholdengo|Nasty Plot|p1a: Gholdengo
|-boost|p1a: Gholdengo|spa|2
|
|upkeep
|
|t:|1757625971
|switch|p2b: Pelipper|Pelipper, L50, M|100/100
|-weather|RainDance|[from] ability: Drizzle|[of] p2b: Pelipper
|turn|3
|
|t:|1757625996
|switch|p2a: Maushold|Maushold, L50|100/100
|move|p1b: Garchomp|Scale Shot|p2b: Pelipper
|-damage|p2b: Pelipper|82/100
|-damage|p2b: Pelipper|64/100
|-damage|p2b: Pelipper|45/100
|-damage|p2b: Pelipper|25/100
|-damage|p2b: Pelipper|6/100
|-hitcount|p2b: Pelipper|5
|-unboost|p1b: Garchomp|def|1
|-boost|p1b: Garchomp|spe|1
|move|p1a: Gholdengo|Shadow Ball|p2a: Maushold
|-immune|p2a: Maushold
|move|p2b: Pelipper|Tailwind|p2b: Pelipper
|-sidestart|p2: INT Shinji|move: Tailwind
|
|-weather|RainDance|[upkeep]
|upkeep
|turn|4
|
|t:|1757626020
|move|p2a: Maushold|Protect|p2a: Maushold
|-singleturn|p2a: Maushold|Protect
|move|p1b: Garchomp|Scale Shot|p2a: Maushold
|-activate|p2a: Maushold|move: Protect
|move|p2b: Pelipper|Muddy Water|p1a: Gholdengo|[spread] p1a,p1b
|-damage|p1a: Gholdengo|53/100
|-damage|p1b: Garchomp|56/100
|-unboost|p1a: Gholdengo|accuracy|1
|-unboost|p1b: Garchomp|accuracy|1
|move|p1a: Gholdengo|Make It Rain|p2b: Pelipper|[spread] 
|-activate|p2a: Maushold|move: Protect
|-miss|p1a: Gholdengo|p2b: Pelipper
|
|-weather|RainDance|[upkeep]
|-sideend|p1: Mamapingatest|move: Tailwind
|upkeep
|turn|5
|
|t:|1757626044
|switch|p1b: Amoonguss|Amoonguss, L50, F, shiny|100/100
|move|p1a: Gholdengo|Protect|p1a: Gholdengo
|-singleturn|p1a: Gholdengo|Protect
|move|p2a: Maushold|Population Bomb|p1b: Amoonguss
|-damage|p1b: Amoonguss|91/100
|-damage|p1b: Amoonguss|80/100
|-damage|p1b: Amoonguss|70/100
|-damage|p1b: Amoonguss|59/100
|-damage|p1b: Amoonguss|48/100
|-damage|p1b: Amoonguss|37/100
|-damage|p1b: Amoonguss|26/100
|-damage|p1b: Amoonguss|16/100
|-damage|p1b: Amoonguss|5/100
|-damage|p1b: Amoonguss|0 fnt
|faint|p1b: Amoonguss
|-hitcount|p1: Amoonguss|10
|move|p2b: Pelipper|Muddy Water|p1a: Gholdengo
|-activate|p1a: Gholdengo|move: Protect
|
|-weather|RainDance|[upkeep]
|upkeep
|
|t:|1757626058
|switch|p1b: Garchomp|Garchomp, L50, M, shiny|56/100
|turn|6
|
|t:|1757626081
|move|p2a: Maushold|Population Bomb|p1b: Garchomp
|-crit|p1b: Garchomp
|-damage|p1b: Garchomp|40/100
|-damage|p2a: Maushold|88/100|[from] ability: Rough Skin|[of] p1b: Garchomp
|-damage|p1b: Garchomp|28/100
|-damage|p2a: Maushold|76/100|[from] ability: Rough Skin|[of] p1b: Garchomp
|-damage|p1b: Garchomp|16/100
|-damage|p2a: Maushold|64/100|[from] ability: Rough Skin|[of] p1b: Garchomp
|-damage|p1b: Garchomp|4/100
|-damage|p2a: Maushold|52/100|[from] ability: Rough Skin|[of] p1b: Garchomp
|-damage|p1b: Garchomp|0 fnt
|-damage|p2a: Maushold|40/100|[from] ability: Rough Skin|[of] p1b: Garchomp
|faint|p1b: Garchomp
|-hitcount|p1: Garchomp|5
|move|p2b: Pelipper|Muddy Water|p1a: Gholdengo|[miss]
|-miss|p2b: Pelipper|p1a: Gholdengo
|move|p1a: Gholdengo|Make It Rain|p2a: Maushold|[spread] p2a,p2b
|-resisted|p2b: Pelipper
|-damage|p2a: Maushold|0 fnt
|-damage|p2b: Pelipper|0 fnt
|-unboost|p1a: Gholdengo|spa|1
|faint|p2a: Maushold
|faint|p2b: Pelipper
|
|-weather|RainDance|[upkeep]
|-sideend|p2: INT Shinji|move: Tailwind
|upkeep
|
|t:|1757626099
|switch|p2b: Archaludon|Archaludon, L50, F|100/100
|turn|7
|
|t:|1757626114
|move|p1a: Gholdengo|Protect|p1a: Gholdengo
|-singleturn|p1a: Gholdengo|Protect
|move|p2b: Archaludon|Electro Shot||[still]
|-prepare|p2b: Archaludon|Electro Shot
|-boost|p2b: Archaludon|spa|1
|-anim|p2b: Archaludon|Electro Shot|p1a: Gholdengo
|-activate|p1a: Gholdengo|move: Protect
|
|-weather|none
|upkeep
|turn|8
|
|t:|1757626131
|move|p2b: Archaludon|Draco Meteor|p1a: Gholdengo
|-resisted|p1a: Gholdengo
|-damage|p1a: Gholdengo|14/100
|-unboost|p2b: Archaludon|spa|2
|move|p1a: Gholdengo|Shadow Ball|p2b: Archaludon
|-damage|p2b: Archaludon|49/100
|-ability|p2b: Archaludon|Stamina|boost
|-boost|p2b: Archaludon|def|1
|
|upkeep
|turn|9
|
|t:|1757626143
|-terastallize|p2b: Archaludon|Bug
|move|p1a: Gholdengo|Protect|p1a: Gholdengo
|-singleturn|p1a: Gholdengo|Protect
|move|p2b: Archaludon|Draco Meteor|p1a: Gholdengo
|-activate|p1a: Gholdengo|move: Protect
|
|upkeep
|turn|10
|
|t:|1757626151
|move|p2b: Archaludon|Draco Meteor|p1a: Gholdengo
|-resisted|p1a: Gholdengo
|-damage|p1a: Gholdengo|0 fnt
|-unboost|p2b: Archaludon|spa|2
|faint|p1a: Gholdengo
|
|win|INT Shinji
|raw|Mamapingatest's rating: 1163 → 1143(-20 for losing)
|raw|INT Shinji's rating: 1230 → 1250(+20 for winning)
|c|☆INT Shinji|GG
|l|☆Mamapingatest
|player|p1|
|l|☆INT Shinji
|player|p2|
|j|☆INT Shinji
|player|p2|INT Shinji|hilbert|
