|j|☆kirkin07
|j|☆Bolsa_25
|html|kirkin07Bolsa_25    
|uhtml|bestof|Game 1 of a best-of-3
|t:|1757089848
|gametype|doubles
|player|p1|kirkin07|2|1025
|player|p2|Bolsa_25|psychicf|1028
|gen|9
|tier|[Gen 9] VGC 2025 Reg H (Bo3)
|rated|
|rule|Species Clause: Limit one of each Pokémon
|rule|Item Clause: Limit 1 of each item
|clearpoke
|poke|p1|Politoed, L50, F|
|poke|p1|Gothitelle, L50, F|
|poke|p1|Kingdra, L50, F|
|poke|p1|Archaludon, L50, F|
|poke|p1|Amoonguss, L50, M|
|poke|p1|Incineroar, L50, F|
|poke|p2|Gholdengo, L50|
|poke|p2|Magmar, L50, F|
|poke|p2|Dragonite, L50, M|
|poke|p2|Rillaboom, L50, M|
|poke|p2|Annihilape, L50, F|
|poke|p2|Sylveon, L50, M|
|teampreview|4
|showteam|p1|Politoed||Leftovers|Drizzle|Protect,PerishSong,WeatherBall,Encore|||F|||50|,,,,,Grass]Gothitelle||SitrusBerry|ShadowTag|Protect,FakeOut,Psychic,TrickRoom|||F|||50|,,,,,Dark]Kingdra||LifeOrb|SwiftSwim|DracoMeteor,MuddyWater,Protect,WeatherBall|||F|||50|,,,,,Stellar]Archaludon||PowerHerb|Sturdy|Protect,ElectroShot,DragonPulse,FlashCannon|||F|||50|,,,,,Electric]Amoonguss||EjectButton|Regenerator|RagePowder,PollenPuff,SludgeBomb,Spore|||M|||50|,,,,,Fairy]Incineroar||SafetyGoggles|Intimidate|Facade,KnockOff,PartingShot,Protect|||F|||50|,,,,,Ghost
|showteam|p2|Gholdengo||LifeOrb|GoodasGold|Protect,NastyPlot,MakeItRain,ShadowBall||||||50|,,,,,Water]Magmar||Eviolite|VitalSpirit|Taunt,WillOWisp,FollowMe,HeatWave|||F|||50|,,,,,Ghost]Dragonite||LoadedDice|Multiscale|Protect,Haze,Tailwind,ScaleShot|||M|||50|,,,,,Fairy]Rillaboom||AssaultVest|GrassySurge|FakeOut,GrassyGlide,WoodHammer,HighHorsepower|||M|||50|,,,,,Fire]Annihilape||SafetyGoggles|Defiant|Protect,BulkUp,RageFist,DrainPunch|||F|||50|,,,,,Steel]Sylveon||ThroatSpray|Pixilate|TeraBlast,HyperBeam,Protect,BabyDollEyes|||M|||50|,,,,,Water
|inactive|Battle timer is ON: inactive players will automatically lose when time's up. (requested by Bolsa_25)
|
|t:|1757089864
|teamsize|p1|4
|teamsize|p2|4
|start
|switch|p1a: Kingdra|Kingdra, L50, F|100/100
|switch|p1b: Politoed|Politoed, L50, F|100/100
|switch|p2a: Annihilape|Annihilape, L50, F|100/100
|switch|p2b: Magmar|Magmar, L50, F|100/100
|-weather|RainDance|[from] ability: Drizzle|[of] p1b: Politoed
|turn|1
|inactive|kirkin07 has 30 seconds left.
|inactive|Bolsa_25 has 30 seconds left.
|inactive|kirkin07 has 20 seconds left.
|inactive|kirkin07 has 15 seconds left.
|
|t:|1757089907
|-terastallize|p2b: Magmar|Ghost
|move|p1a: Kingdra|Muddy Water|p2b: Magmar|[spread] p2a,p2b
|-damage|p2a: Annihilape|39/100
|-damage|p2b: Magmar|55/100
|-damage|p1a: Kingdra|91/100|[from] item: Life Orb
|move|p2a: Annihilape|Rage Fist|p1a: Kingdra
|-damage|p1a: Kingdra|32/100
|move|p2b: Magmar|Taunt|p1b: Politoed
|-start|p1b: Politoed|move: Taunt
|move|p1b: Politoed|Weather Ball|p2a: Annihilape
|-damage|p2a: Annihilape|0 fnt
|faint|p2a: Annihilape
|
|-weather|RainDance|[upkeep]
|upkeep
|inactive|Bolsa_25 has 30 seconds left.
|inactive|Bolsa_25 has 20 seconds left.
|inactive|Bolsa_25 has 15 seconds left.
|
|t:|1757089951
|switch|p2a: Rillaboom|Rillaboom, L50, M|100/100
|-fieldstart|move: Grassy Terrain|[from] ability: Grassy Surge|[of] p2a: Rillaboom
|turn|2
|
|t:|1757089975
|switch|p2b: Gholdengo|Gholdengo, L50|100/100
|switch|p1b: Amoonguss|Amoonguss, L50, M|100/100
|move|p1a: Kingdra|Protect|p1a: Kingdra
|-singleturn|p1a: Kingdra|Protect
|move|p2a: Rillaboom|High Horsepower|p1a: Kingdra
|-activate|p1a: Kingdra|move: Protect
|
|-weather|RainDance|[upkeep]
|-heal|p1a: Kingdra|38/100|[from] Grassy Terrain
|upkeep
|turn|3
|inactive|kirkin07 has 30 seconds left.
|
|t:|1757090001
|move|p1b: Amoonguss|Rage Powder|p1b: Amoonguss
|-singleturn|p1b: Amoonguss|move: Rage Powder
|move|p2a: Rillaboom|Grassy Glide|p1a: Kingdra
|-damage|p1a: Kingdra|0 fnt
|faint|p1a: Kingdra
|move|p2b: Gholdengo|Nasty Plot|p2b: Gholdengo
|-boost|p2b: Gholdengo|spa|2
|
|-weather|RainDance|[upkeep]
|upkeep
|
|t:|1757090009
|switch|p1a: Politoed|Politoed, L50, F|100/100
|turn|4
|inactive|kirkin07 has 30 seconds left.
|
|t:|1757090035
|-terastallize|p1a: Politoed|Grass
|move|p2b: Gholdengo|Shadow Ball|p1b: Amoonguss
|-damage|p1b: Amoonguss|0 fnt
|faint|p1b: Amoonguss
|-damage|p2b: Gholdengo|91/100|[from] item: Life Orb
|move|p2a: Rillaboom|High Horsepower|p1a: Politoed
|-resisted|p1a: Politoed
|-damage|p1a: Politoed|82/100
|move|p1a: Politoed|Weather Ball|p2b: Gholdengo
|-damage|p2b: Gholdengo|32/100
|
|-weather|RainDance|[upkeep]
|-heal|p2b: Gholdengo|38/100|[from] Grassy Terrain
|-heal|p1a: Politoed|88/100|[from] Grassy Terrain
|-heal|p1a: Politoed|94/100|[from] item: Leftovers
|upkeep
|
|t:|1757090048
|switch|p1b: Gothitelle|Gothitelle, L50, F|100/100
|turn|5
|
|t:|1757090072
|move|p1b: Gothitelle|Protect|p1b: Gothitelle
|-singleturn|p1b: Gothitelle|Protect
|move|p2b: Gholdengo|Make It Rain|p1b: Gothitelle|[spread] p1a
|-activate|p1b: Gothitelle|move: Protect
|-damage|p1a: Politoed|0 fnt
|-unboost|p2b: Gholdengo|spa|1
|faint|p1a: Politoed
|-damage|p2b: Gholdengo|28/100|[from] item: Life Orb
|move|p2a: Rillaboom|Wood Hammer|p1b: Gothitelle
|-activate|p1b: Gothitelle|move: Protect
|
|-weather|none
|-heal|p2b: Gholdengo|34/100|[from] Grassy Terrain
|upkeep
|turn|6
|-message|kirkin07 forfeited.
|
|win|Bolsa_25
|l|☆kirkin07
|player|p1|
||kirkin07 is ready for game 2.
|inactive|Bolsa_25 has 30 seconds to confirm battle start!
||Bolsa_25 is ready for game 2.
|uhtml|next|Next: Game 2 of 3
