|j|☆glimmorarooter
|j|‽sfdgtbcv
|html|glimmorarootersfdgtbcv    
|uhtml|bestof|Game 2 of a best-of-3
|t:|1785270533
|gametype|doubles
|player|p1|glimmorarooter|harlequin|1096
|player|p2|sfdgtbcv|101|1000
|gen|9
|tier|[Gen 9 Champions] VGC 2026 Reg M-B (Bo3)
|rated|
|rule|Species Clause: Limit one of each Pokémon
|rule|Item Clause: Limit 1 of each item
|clearpoke
|poke|p1|Staraptor, L50, M|
|poke|p1|Delphox, L50, M|
|poke|p1|Farigiraf, L50, F|
|poke|p1|Whimsicott, L50, M|
|poke|p1|Kingambit, L50, F|
|poke|p1|Garchomp, L50, F|
|poke|p2|Glimmora, L50, M|
|poke|p2|Ninetales-Alola, L50, M|
|poke|p2|Meowscarada, L50, M|
|poke|p2|Talonflame, L50, F|
|poke|p2|Mudsdale, L50, M|
|poke|p2|Clawitzer, L50, M|
|teampreview|4
|showteam|p1|Staraptor||Staraptite|Intimidate|CloseCombat,BraveBird,Roost,Protect|Jolly||M|||50|]Delphox||Delphoxite|Magician|HeatWave,Psychic,Substitute,Protect|Timid||M|||50|]Farigiraf||SitrusBerry|ArmorTail|Thunderbolt,Psychic,HelpingHand,TrickRoom|Quiet||F|||50|]Whimsicott||OccaBerry|Prankster|Tailwind,Moonblast,Charm,SunnyDay|Timid||M|||50|]Kingambit||LifeOrb|Defiant|KowtowCleave,IronHead,SuckerPunch,LowKick|Adamant||F|||50|]Garchomp||ChoiceScarf|RoughSkin|Earthquake,DragonClaw,StompingTantrum,RockSlide|Adamant||F|||50|
|showteam|p2|Glimmora||Glimmoranite|ToxicDebris|SpikyShield,SludgeBomb,PowerGem,EarthPower|Timid||M|||50|]Ninetales-Alola||FocusSash|SnowWarning|Protect,AuroraVeil,FreezeDry,Blizzard|Timid||M|||50|]Meowscarada||ChoiceScarf|Protean|Uturn,FlowerTrick,KnockOff,PlayRough|Adamant||M|||50|]Talonflame||SharpBeak|GaleWings|QuickGuard,Tailwind,FlareBlitz,BraveBird|Jolly||F|||50|]Mudsdale||Leftovers|InnerFocus|Protect,Curse,HeavySlam,Earthquake|Brave||M|||50|]Clawitzer||LifeOrb|MegaLauncher|Protect,AuraSphere,WaterPulse,DragonPulse|Modest||M|||50|
|inactive|Battle timer is ON: inactive players will automatically lose when time's up. (requested by glimmorarooter)
|
|t:|1785270587
|teamsize|p1|4
|teamsize|p2|4
|start
|switch|p1a: Delphox|Delphox, L50, M|100/100
|switch|p1b: Whimsicott|Whimsicott, L50, M|100/100
|switch|p2a: Talonflame|Talonflame, L50, F|100/100
|switch|p2b: Clawitzer|Clawitzer, L50, M|100/100
|turn|1
|inactive|glimmorarooter has 30 seconds left.
|inactive|sfdgtbcv has 30 seconds left.
|
|t:|1785270618
|move|p1a: Delphox|Protect|p1a: Delphox
|-singleturn|p1a: Delphox|Protect
|move|p2a: Talonflame|Tailwind|p2a: Talonflame
|-sidestart|p2: sfdgtbcv|move: Tailwind
|move|p1b: Whimsicott|Tailwind|p1b: Whimsicott
|-sidestart|p1: glimmorarooter|move: Tailwind
|move|p2b: Clawitzer|Water Pulse|p1a: Delphox
|-activate|p1a: Delphox|move: Protect
|
|upkeep
|turn|2
|inactive|sfdgtbcv has 30 seconds left.
|j| soulmoonvgc
|
|t:|1785270652
|switch|p1a: Garchomp|Garchomp, L50, F|100/100
|move|p2a: Talonflame|Brave Bird|p1a: Garchomp
|-damage|p1a: Garchomp|48/100
|-damage|p2a: Talonflame|87/100|[from] ability: Rough Skin|[of] p1a: Garchomp
|-damage|p2a: Talonflame|66/100|[from] Recoil
|move|p1b: Whimsicott|Sunny Day|p1b: Whimsicott
|-weather|SunnyDay
|move|p2b: Clawitzer|Water Pulse|p1a: Garchomp
|-damage|p1a: Garchomp|12/100
|-damage|p2b: Clawitzer|90/100|[from] item: Life Orb
|
|-weather|SunnyDay|[upkeep]
|upkeep
|turn|3
|inactive|sfdgtbcv has 30 seconds left.
|
|t:|1785270686
|switch|p2a: Ninetales|Ninetales-Alola, L50, M|100/100
|-weather|Snowscape|[from] ability: Snow Warning|[of] p2a: Ninetales
|move|p1a: Garchomp|Rock Slide|p2b: Clawitzer|[spread] p2a
|-miss|p1a: Garchomp|p2b: Clawitzer
|-supereffective|p2a: Ninetales|1
|-damage|p2a: Ninetales|60/100
|move|p1b: Whimsicott|Moonblast|p2b: Clawitzer
|-crit|p2b: Clawitzer
|-damage|p2b: Clawitzer|37/100
|move|p2b: Clawitzer|Dragon Pulse|p1a: Garchomp
|-supereffective|p1a: Garchomp|1
|-damage|p1a: Garchomp|0 fnt
|faint|p1a: Garchomp
|-damage|p2b: Clawitzer|27/100|[from] item: Life Orb
|
|-weather|Snowscape|[upkeep]
|upkeep
|
|t:|1785270699
|switch|p1a: Delphox|Delphox, L50, M|100/100
|turn|4
|inactive|sfdgtbcv has 30 seconds left.
|
|t:|1785270731
|switch|p2b: Talonflame|Talonflame, L50, F|66/100
|detailschange|p1a: Delphox|Delphox-Mega, L50, M
|-mega|p1a: Delphox|Delphox|Delphoxite
|move|p2a: Ninetales|Protect|p2a: Ninetales
|-singleturn|p2a: Ninetales|Protect
|move|p1b: Whimsicott|Sunny Day|p1b: Whimsicott
|-weather|SunnyDay
|move|p1a: Delphox|Heat Wave|p2b: Talonflame|[spread] p2b
|-activate|p2a: Ninetales|move: Protect
|-resisted|p2b: Talonflame|1
|-damage|p2b: Talonflame|14/100
|
|-weather|SunnyDay|[upkeep]
|-sideend|p2: sfdgtbcv|move: Tailwind
|-sideend|p1: glimmorarooter|move: Tailwind
|upkeep
|turn|5
|inactive|sfdgtbcv has 30 seconds left.
|inactive|sfdgtbcv has 20 seconds left.
|inactive|sfdgtbcv has 15 seconds left.
|
|t:|1785270773
|switch|p2a: Clawitzer|Clawitzer, L50, M|27/100
|move|p1a: Delphox|Heat Wave|p2b: Talonflame|[spread] p2b
|-miss|p1a: Delphox|p2a: Clawitzer
|-resisted|p2b: Talonflame|1
|-damage|p2b: Talonflame|0 fnt
|faint|p2b: Talonflame
|move|p1b: Whimsicott|Moonblast|p2a: Clawitzer
|-damage|p2a: Clawitzer|0 fnt
|faint|p2a: Clawitzer
|
|-weather|SunnyDay|[upkeep]
|upkeep
|
|t:|1785270787
|switch|p2b: Ninetales|Ninetales-Alola, L50, M|60/100
|switch|p2a: Glimmora|Glimmora, L50, M|100/100
|-weather|Snowscape|[from] ability: Snow Warning|[of] p2b: Ninetales
|turn|6
|inactive|sfdgtbcv has 30 seconds left.
|-message|sfdgtbcv forfeited.
|
|win|glimmorarooter
|raw|glimmorarooter's rating: 1096 → 1115(+19 for winning)
|raw|sfdgtbcv's rating: 1000 → 1000(+0 for losing)
|l|‽sfdgtbcv
|player|p2|
