|j|☆WashYoButt
|j|☆MrPhoenixGC
|html|WashYoButtMrPhoenixGC    
|uhtml|bestof|Game 1 of a best-of-3
|t:|1757651882
|gametype|doubles
|player|p1|WashYoButt|ariana|1151
|player|p2|MrPhoenixGC|steven|1146
|gen|9
|tier|[Gen 9] VGC 2025 Reg H (Bo3)
|rated|
|rule|Species Clause: Limit one of each Pokémon
|rule|Item Clause: Limit 1 of each item
|clearpoke
|poke|p1|Gholdengo, L50|
|poke|p1|Basculegion, L50, M|
|poke|p1|Amoonguss, L50, M|
|poke|p1|Kommo-o, L50, F|
|poke|p1|Ninetales-Alola, L50, M|
|poke|p1|Incineroar, L50, M|
|poke|p2|Gholdengo, L50|
|poke|p2|Pelipper, L50, F|
|poke|p2|Archaludon, L50, M|
|poke|p2|Ursaluna, L50, M|
|poke|p2|Dragonite, L50, F|
|poke|p2|Sinistcha, L50|
|teampreview|4
|showteam|p1|Gholdengo||LifeOrb|GoodasGold|Protect,NastyPlot,ShadowBall,MakeItRain||||||50|,,,,,Water]Basculegion||ChoiceScarf|Adaptability|WaveCrash,LastRespects,AquaJet,FlipTurn|||M|||50|,,,,,Grass]Amoonguss||RockyHelmet|Regenerator|Spore,PollenPuff,RagePowder,ClearSmog|||M|||50|,,,,,Water]Kommo-o||Leftovers|Bulletproof|IronDefense,BodyPress,Flamethrower,Protect|||F|||50|,,,,,Fire]Ninetales-Alola||FocusSash|SnowWarning|Protect,Moonblast,Blizzard,Encore|||M|||50|,,,,,Ghost]Incineroar||SafetyGoggles|Intimidate|KnockOff,FlareBlitz,FakeOut,PartingShot|||M|||50|,,,,,Ghost
|showteam|p2|Gholdengo||LifeOrb|GoodasGold|MakeItRain,ShadowBall,NastyPlot,Protect||||||50|,,,,,Dragon]Pelipper||FocusSash|Drizzle|Protect,MuddyWater,Hurricane,WideGuard|||F|||50|,,,,,Ground]Archaludon||AssaultVest|Stamina|BodyPress,Snarl,ElectroShot,FlashCannon|||M|||50|,,,,,Bug]Ursaluna||FlameOrb|Guts|Protect,Facade,Earthquake,HeadlongRush|||M|||50|,,,,,Ghost]Dragonite||LoadedDice|Multiscale|ScaleShot,Haze,Tailwind,Protect|||F|||50|,,,,,Fairy]Sinistcha||SitrusBerry|Hospitality|TrickRoom,MatchaGotcha,LifeDew,RagePowder||||||50|,,,,,Dark
|inactive|Battle timer is ON: inactive players will automatically lose when time's up. (requested by WashYoButt)
|
|t:|1757651939
|teamsize|p1|4
|teamsize|p2|4
|start
|switch|p1a: Basculegion|Basculegion, L50, M|100/100
|switch|p1b: Incineroar|Incineroar, L50, M|100/100
|switch|p2a: Pelipper|Pelipper, L50, F|100/100
|switch|p2b: Dragonite|Dragonite, L50, F|100/100
|-weather|RainDance|[from] ability: Drizzle|[of] p2a: Pelipper
|-ability|p1b: Incineroar|Intimidate|boost
|-unboost|p2a: Pelipper|atk|1
|-unboost|p2b: Dragonite|atk|1
|turn|1
|
|t:|1757651961
|move|p2b: Dragonite|Protect|p2b: Dragonite
|-singleturn|p2b: Dragonite|Protect
|move|p1b: Incineroar|Fake Out|p2a: Pelipper
|-damage|p2a: Pelipper|86/100
|move|p1a: Basculegion|Flip Turn|p2b: Dragonite
|-activate|p2b: Dragonite|move: Protect
|cant|p2a: Pelipper|flinch
|
|-weather|RainDance|[upkeep]
|upkeep
|turn|2
|inactive|WashYoButt has 30 seconds left.
|
|t:|1757651994
|move|p1a: Basculegion|Flip Turn|p2b: Dragonite
|-resisted|p2b: Dragonite
|-crit|p2b: Dragonite
|-damage|p2b: Dragonite|75/100
|
|t:|1757651998
|switch|p1a: Ninetales|Ninetales-Alola, L50, M|100/100|[from] Flip Turn
|-weather|Snowscape|[from] ability: Snow Warning|[of] p1a: Ninetales
|move|p2b: Dragonite|Tailwind|p2b: Dragonite
|-sidestart|p2: MrPhoenixGC|move: Tailwind
|move|p2a: Pelipper|Muddy Water|p1a: Ninetales|[spread] 
|-miss|p2a: Pelipper|p1a: Ninetales
|-miss|p2a: Pelipper|p1b: Incineroar
|move|p1b: Incineroar|Knock Off|p2b: Dragonite
|-damage|p2b: Dragonite|33/100
|-enditem|p2b: Dragonite|Loaded Dice|[from] move: Knock Off|[of] p1b: Incineroar
|
|-weather|Snowscape|[upkeep]
|upkeep
|turn|3
|j| Nocturne1023
|inactive|MrPhoenixGC has 30 seconds left.
|inactive|MrPhoenixGC has 20 seconds left.
|inactive|MrPhoenixGC has 15 seconds left.
|
|t:|1757652042
|move|p2a: Pelipper|Wide Guard|p2a: Pelipper
|-singleturn|p2a: Pelipper|Wide Guard
|move|p2b: Dragonite|Haze|p2b: Dragonite
|-clearallboost
|move|p1a: Ninetales|Blizzard|p2b: Dragonite|[spread] 
|-activate|p2a: Pelipper|move: Wide Guard
|-activate|p2b: Dragonite|move: Wide Guard
|move|p1b: Incineroar|Knock Off|p2a: Pelipper
|-damage|p2a: Pelipper|31/100
|-enditem|p2a: Pelipper|Focus Sash|[from] move: Knock Off|[of] p1b: Incineroar
|
|-weather|Snowscape|[upkeep]
|upkeep
|turn|4
|
|t:|1757652063
|-terastallize|p2b: Dragonite|Fairy
|move|p2b: Dragonite|Scale Shot|p1b: Incineroar
|-damage|p1b: Incineroar|89/100
|-damage|p1b: Incineroar|76/100
|-hitcount|p1b: Incineroar|2
|-unboost|p2b: Dragonite|def|1
|-boost|p2b: Dragonite|spe|1
|move|p2a: Pelipper|Muddy Water|p1b: Incineroar|[spread] p1a,p1b
|-supereffective|p1b: Incineroar
|-damage|p1a: Ninetales|64/100
|-damage|p1b: Incineroar|26/100
|move|p1a: Ninetales|Moonblast|p2b: Dragonite
|-damage|p2b: Dragonite|0 fnt
|faint|p2b: Dragonite
|move|p1b: Incineroar|Knock Off|p2a: Pelipper
|-damage|p2a: Pelipper|0 fnt
|faint|p2a: Pelipper
|
|-weather|Snowscape|[upkeep]
|upkeep
|
|t:|1757652081
|switch|p2b: Gholdengo|Gholdengo, L50|100/100
|switch|p2a: Archaludon|Archaludon, L50, M|100/100
|turn|5
|
|t:|1757652105
|move|p2b: Gholdengo|Make It Rain|p1a: Ninetales|[spread] p1a,p1b
|-supereffective|p1a: Ninetales
|-resisted|p1b: Incineroar
|-damage|p1a: Ninetales|0 fnt
|-damage|p1b: Incineroar|0 fnt
|-unboost|p2b: Gholdengo|spa|1
|faint|p1a: Ninetales
|faint|p1b: Incineroar
|-damage|p2b: Gholdengo|91/100|[from] item: Life Orb
|move|p2a: Archaludon|Flash Cannon|p1: Ninetales|[notarget]
|-fail|p2a: Archaludon
|
|-weather|Snowscape|[upkeep]
|-sideend|p2: MrPhoenixGC|move: Tailwind
|upkeep
|
|t:|1757652109
|switch|p1a: Basculegion|Basculegion, L50, M|100/100
|switch|p1b: Kommo-o|Kommo-o, L50, F|100/100
|turn|6
|
|t:|1757652132
|move|p2b: Gholdengo|Protect|p2b: Gholdengo
|-singleturn|p2b: Gholdengo|Protect
|move|p1a: Basculegion|Last Respects|p2b: Gholdengo
|-activate|p2b: Gholdengo|move: Protect
|move|p1b: Kommo-o|Iron Defense|p1b: Kommo-o
|-boost|p1b: Kommo-o|def|2
|move|p2a: Archaludon|Snarl|p1a: Basculegion|[spread] p1a,p1b
|-supereffective|p1a: Basculegion
|-resisted|p1b: Kommo-o
|-damage|p1a: Basculegion|75/100
|-damage|p1b: Kommo-o|95/100
|-unboost|p1a: Basculegion|spa|1
|-unboost|p1b: Kommo-o|spa|1
|
|-weather|none
|-heal|p1b: Kommo-o|100/100|[from] item: Leftovers
|upkeep
|turn|7
|
|t:|1757652155
|move|p1a: Basculegion|Last Respects|p2b: Gholdengo
|-supereffective|p2b: Gholdengo
|-damage|p2b: Gholdengo|0 fnt
|faint|p2b: Gholdengo
|move|p1b: Kommo-o|Iron Defense|p1b: Kommo-o
|-boost|p1b: Kommo-o|def|2
|move|p2a: Archaludon|Body Press|p1b: Kommo-o
|-damage|p1b: Kommo-o|94/100
|
|-heal|p1b: Kommo-o|99/100|[from] item: Leftovers
|upkeep
|turn|8
|
|t:|1757652171
|move|p1a: Basculegion|Last Respects|p2a: Archaludon
|-damage|p2a: Archaludon|38/100
|-ability|p2a: Archaludon|Stamina|boost
|-boost|p2a: Archaludon|def|1
|move|p1b: Kommo-o|Iron Defense|p1b: Kommo-o
|-boost|p1b: Kommo-o|def|2
|move|p2a: Archaludon|Snarl|p1a: Basculegion|[spread] p1a,p1b
|-supereffective|p1a: Basculegion
|-resisted|p1b: Kommo-o
|-damage|p1a: Basculegion|48/100
|-damage|p1b: Kommo-o|95/100
|-unboost|p1a: Basculegion|spa|1
|-unboost|p1b: Kommo-o|spa|1
|
|-heal|p1b: Kommo-o|100/100|[from] item: Leftovers
|upkeep
|turn|9
|
|t:|1757652188
|move|p1a: Basculegion|Last Respects|p2a: Archaludon
|-damage|p2a: Archaludon|0 fnt
|faint|p2a: Archaludon
|
|win|WashYoButt
||WashYoButt is ready for game 2.
|inactive|MrPhoenixGC has 30 seconds to confirm battle start!
|l|☆MrPhoenixGC
|player|p2|
||MrPhoenixGC is ready for game 2.
|uhtml|next|Next: Game 2 of 3
