|j|☆tang de maracuja
|j|☆the_frantic_franxx
|html|tang de maracujathe_frantic_franxx    
|uhtml|bestof|Game 2 of a best-of-3
|t:|1784732881
|gametype|doubles
|player|p1|tang de maracuja|morty|1287
|player|p2|the_frantic_franxx|2|1265
|gen|9
|tier|[Gen 9 Champions] VGC 2026 Reg M-B (Bo3)
|rated|
|rule|Species Clause: Limit one of each Pokémon
|rule|Item Clause: Limit 1 of each item
|clearpoke
|poke|p1|Sinistcha, L50|
|poke|p1|Gholdengo, L50|
|poke|p1|Incineroar, L50, M|
|poke|p1|Staraptor, L50, F|
|poke|p1|Arcanine-Hisui, L50, M|
|poke|p1|Ninetales-Alola, L50, F|
|poke|p2|Froslass, L50, F|
|poke|p2|Dragonite, L50, M|
|poke|p2|Toxapex, L50, M|
|poke|p2|Sneasler, L50, M|
|poke|p2|Kingambit, L50, F|
|poke|p2|Blaziken, L50, F|
|teampreview|4
|showteam|p1|Sinistcha||ColburBerry|Hospitality|MatchaGotcha,RagePowder,TrickRoom,StrengthSap|Calm|||||50|]Gholdengo||LifeOrb|GoodasGold|Protect,MakeItRain,ShadowBall,NastyPlot|Modest|||||50|]Incineroar||SitrusBerry|Intimidate|PartingShot,FlareBlitz,DarkestLariat,FakeOut|Careful||M|||50|]Staraptor||Staraptite|Intimidate|Protect,CloseCombat,BraveBird,Roost|Jolly||F|||50|]Arcanine-Hisui||FocusSash|RockHead|Protect,HeadSmash,FlareBlitz,ExtremeSpeed|Jolly||M|||50|]Ninetales-Alola||NeverMeltIce|SnowWarning|Protect,Blizzard,FreezeDry,AuroraVeil|Timid||F|||50|
|showteam|p2|Froslass||Froslassite|CursedBody|Blizzard,ShadowBall,AuroraVeil,Protect|Timid||F|||50|]Dragonite||LifeOrb|InnerFocus|DragonClaw,ExtremeSpeed,LowKick,Protect|Adamant||M|||50|]Toxapex||Leftovers|Regenerator|Infestation,Toxic,WideGuard,BanefulBunker|Bold||M|||50|]Sneasler||FocusSash|PoisonTouch|CloseCombat,PoisonJab,FakeOut,Protect|Jolly||M|||50|]Kingambit||BlackGlasses|Defiant|KowtowCleave,IronHead,SuckerPunch,Protect|Adamant||F|||50|]Blaziken||Blazikenite|SpeedBoost|CloseCombat,FlareBlitz,RockSlide,Protect|Adamant||F|||50|
|inactive|Battle timer is ON: inactive players will automatically lose when time's up. (requested by tang de maracuja)
|
|t:|1784732906
|teamsize|p1|4
|teamsize|p2|4
|start
|switch|p1a: Arcanine|Arcanine-Hisui, L50, M|100/100
|switch|p1b: Ninetales|Ninetales-Alola, L50, F|100/100
|switch|p2a: Froslass|Froslass, L50, F|100/100
|switch|p2b: Kingambit|Kingambit, L50, F|100/100
|-weather|Snowscape|[from] ability: Snow Warning|[of] p1b: Ninetales
|turn|1
|inactive|tang de maracuja has 30 seconds left.
|inactive|the_frantic_franxx has 30 seconds left.
|inactive|tang de maracuja has 20 seconds left.
|
|t:|1784732949
|move|p2a: Froslass|Protect|p2a: Froslass
|-singleturn|p2a: Froslass|Protect
|move|p2b: Kingambit|Sucker Punch|p1a: Arcanine
|-damage|p1a: Arcanine|35/100
|move|p1b: Ninetales|Aurora Veil|p1b: Ninetales
|-sidestart|p1: tang de maracuja|move: Aurora Veil
|move|p1a: Arcanine|Flare Blitz|p2b: Kingambit
|-supereffective|p2b: Kingambit|1
|-damage|p2b: Kingambit|13/100
|
|-weather|Snowscape|[upkeep]
|upkeep
|turn|2
|
|t:|1784732970
|switch|p1a: Incineroar|Incineroar, L50, M|100/100
|-ability|p1a: Incineroar|Intimidate|boost
|-unboost|p2a: Froslass|atk|1
|-unboost|p2b: Kingambit|atk|1
|-ability|p2b: Kingambit|Defiant|boost
|-boost|p2b: Kingambit|atk|2
|switch|p2b: Toxapex|Toxapex, L50, M|100/100
|detailschange|p2a: Froslass|Froslass-Mega, L50, F
|-mega|p2a: Froslass|Froslass|Froslassite
|move|p2a: Froslass|Shadow Ball|p1a: Incineroar
|-resisted|p1a: Incineroar|1
|-damage|p1a: Incineroar|88/100
|move|p1b: Ninetales|Blizzard|p2a: Froslass|[spread] p2a,p2b
|-resisted|p2a: Froslass|1
|-resisted|p2b: Toxapex|1
|-damage|p2a: Froslass|79/100
|-damage|p2b: Toxapex|86/100
|
|-weather|Snowscape|[upkeep]
|-heal|p2b: Toxapex|92/100|[from] item: Leftovers
|upkeep
|turn|3
|inactive|tang de maracuja has 30 seconds left.
|inactive|tang de maracuja has 20 seconds left.
|inactive|tang de maracuja has 15 seconds left.
|inactive|tang de maracuja has 10 seconds left.
|
|t:|1784733016
|move|p2a: Froslass|Protect|p2a: Froslass
|-singleturn|p2a: Froslass|Protect
|move|p2b: Toxapex|Baneful Bunker|p2b: Toxapex
|-singleturn|p2b: Toxapex|move: Protect
|move|p1b: Ninetales|Freeze-Dry|p2b: Toxapex
|-activate|p2b: Toxapex|move: Protect
|move|p1a: Incineroar|Flare Blitz|p2a: Froslass
|-activate|p2a: Froslass|move: Protect
|
|-weather|Snowscape|[upkeep]
|-heal|p2b: Toxapex|98/100|[from] item: Leftovers
|upkeep
|turn|4
|inactive|tang de maracuja has 30 seconds left.
|
|t:|1784733044
|switch|p2a: Kingambit|Kingambit, L50, F|13/100
|move|p1b: Ninetales|Freeze-Dry|p2b: Toxapex
|-supereffective|p2b: Toxapex|1
|-damage|p2b: Toxapex|48/100
|move|p1a: Incineroar|Flare Blitz|p2a: Kingambit
|-supereffective|p2a: Kingambit|1
|-damage|p2a: Kingambit|0 fnt
|faint|p2a: Kingambit
|-damage|p1a: Incineroar|84/100|[from] Recoil
|move|p2b: Toxapex|Toxic|p1b: Ninetales
|-status|p1b: Ninetales|tox
|
|-weather|Snowscape|[upkeep]
|-heal|p2b: Toxapex|54/100|[from] item: Leftovers
|-damage|p1b: Ninetales|93/100 tox|[from] psn
|upkeep
|
|t:|1784733051
|switch|p2a: Sneasler|Sneasler, L50, M|100/100
|turn|5
|inactive|tang de maracuja has 30 seconds left.
|inactive|tang de maracuja has 20 seconds left.
|
|t:|1784733087
|move|p1b: Ninetales|Protect|p1b: Ninetales
|-singleturn|p1b: Ninetales|Protect
|move|p2a: Sneasler|Fake Out|p1b: Ninetales
|-activate|p1b: Ninetales|move: Protect
|move|p1a: Incineroar|Parting Shot|p2a: Sneasler
|-unboost|p2a: Sneasler|atk|1
|-unboost|p2a: Sneasler|spa|1
|
|t:|1784733095
|switch|p1a: Staraptor|Staraptor, L50, F|100/100|[from] Parting Shot
|-ability|p1a: Staraptor|Intimidate|boost
|-unboost|p2a: Sneasler|atk|1
|-unboost|p2b: Toxapex|atk|1
|move|p2b: Toxapex|Toxic|p1a: Staraptor
|-status|p1a: Staraptor|tox
|
|-weather|none
|-heal|p2b: Toxapex|59/100|[from] item: Leftovers
|-damage|p1b: Ninetales|81/100 tox|[from] psn
|-damage|p1a: Staraptor|94/100 tox|[from] psn
|-sideend|p1: tang de maracuja|move: Aurora Veil
|upkeep
|turn|6
|
|t:|1784733103
|detailschange|p1a: Staraptor|Staraptor-Mega, L50, F
|-mega|p1a: Staraptor|Staraptor|Staraptite
|move|p2a: Sneasler|Poison Jab|p1b: Ninetales
|-supereffective|p1b: Ninetales|1
|-damage|p1b: Ninetales|13/100 tox
|move|p1a: Staraptor|Brave Bird|p2a: Sneasler
|-supereffective|p2a: Sneasler|1
|-enditem|p2a: Sneasler|Focus Sash
|-damage|p2a: Sneasler|1/100
|-damage|p1a: Staraptor|67/100 tox|[from] Recoil
|move|p1b: Ninetales|Freeze-Dry|p2b: Toxapex
|-supereffective|p2b: Toxapex|1
|-damage|p2b: Toxapex|10/100
|move|p2b: Toxapex|Infestation|p1a: Staraptor
|-resisted|p1a: Staraptor|2
|-damage|p1a: Staraptor|66/100 tox
|-activate|p1a: Staraptor|move: Infestation|[of] p2b: Toxapex
|
|-heal|p2b: Toxapex|15/100|[from] item: Leftovers
|-damage|p1a: Staraptor|55/100 tox|[from] psn
|-damage|p1b: Ninetales|0 fnt|[from] psn
|faint|p1b: Ninetales
|-damage|p1a: Staraptor|42/100 tox|[from] move: Infestation|[partiallytrapped]
|upkeep
|inactive|tang de maracuja has 30 seconds left.
|
|t:|1784733133
|switch|p1b: Incineroar|Incineroar, L50, M|84/100
|-ability|p1b: Incineroar|Intimidate|boost
|-unboost|p2a: Sneasler|atk|1
|-unboost|p2b: Toxapex|atk|1
|turn|7
|
|t:|1784733143
|switch|p2a: Froslass|Froslass-Mega, L50, F|79/100
|-weather|Snowscape|[from] ability: Snow Warning|[of] p2a: Froslass
|switch|p1b: Arcanine|Arcanine-Hisui, L50, M|35/100
|move|p2b: Toxapex|Baneful Bunker|p2b: Toxapex
|-singleturn|p2b: Toxapex|move: Protect
|move|p1a: Staraptor|Roost|p1a: Staraptor
|-heal|p1a: Staraptor|93/100 tox
|-singleturn|p1a: Staraptor|move: Roost
|
|-weather|Snowscape|[upkeep]
|-heal|p2b: Toxapex|21/100|[from] item: Leftovers
|-damage|p1a: Staraptor|75/100 tox|[from] psn
|-damage|p1a: Staraptor|63/100 tox|[from] move: Infestation|[partiallytrapped]
|upkeep
|turn|8
|inactive|tang de maracuja has 30 seconds left.
|
|t:|1784733176
|-heal|p2b: Toxapex|54/100|[from] ability: Regenerator|[silent]
|switch|p2b: Sneasler|Sneasler, L50, M|1/100
|move|p1b: Arcanine|Protect|p1b: Arcanine
|-singleturn|p1b: Arcanine|Protect
|move|p2a: Froslass|Blizzard|p1a: Staraptor|[spread] p1a
|-activate|p1b: Arcanine|move: Protect
|-supereffective|p1a: Staraptor|1
|-damage|p1a: Staraptor|0 fnt
|faint|p1a: Staraptor
|
|-weather|Snowscape|[upkeep]
|upkeep
|
|t:|1784733182
|switch|p1a: Incineroar|Incineroar, L50, M|84/100
|-ability|p1a: Incineroar|Intimidate|boost
|-unboost|p2a: Froslass|atk|1
|-unboost|p2b: Sneasler|atk|1
|turn|9
|
|t:|1784733195
|switch|p2b: Toxapex|Toxapex, L50, M|54/100
|move|p1b: Arcanine|Extreme Speed|p2b: Toxapex
|-damage|p2b: Toxapex|38/100
|move|p2a: Froslass|Shadow Ball|p1b: Arcanine
|-damage|p1b: Arcanine|0 fnt
|faint|p1b: Arcanine
|move|p1a: Incineroar|Darkest Lariat|p2a: Froslass
|-supereffective|p2a: Froslass|1
|-damage|p2a: Froslass|21/100
|
|-weather|Snowscape|[upkeep]
|-heal|p2b: Toxapex|43/100|[from] item: Leftovers
|upkeep
|turn|10
|-message|tang de maracuja forfeited.
|
|win|the_frantic_franxx
