|j|☆FrancoilCieco777
|j|☆gostzin
|html|FrancoilCieco777gostzin    
|uhtml|bestof|Game 2 of a best-of-3
|t:|1757017994
|gametype|doubles
|player|p1|FrancoilCieco777|baker|1188
|player|p2|gostzin|1|1141
|gen|9
|tier|[Gen 9] VGC 2025 Reg H (Bo3)
|rated|
|rule|Species Clause: Limit one of each Pokémon
|rule|Item Clause: Limit 1 of each item
|clearpoke
|poke|p1|Volcarona, L50, F|
|poke|p1|Electabuzz, L50, M|
|poke|p1|Sneasler, L50, M|
|poke|p1|Kingambit, L50, F|
|poke|p1|Dragonite, L50, M|
|poke|p1|Rillaboom, L50, F|
|poke|p2|Incineroar, L50, M|
|poke|p2|Volcarona, L50, M|
|poke|p2|Amoonguss, L50, M|
|poke|p2|Ninetales-Alola, L50, F|
|poke|p2|Ursaluna-Bloodmoon, L50, M|
|poke|p2|Dondozo, L50, F|
|teampreview|4
|showteam|p1|Volcarona||CovertCloak|FlameBody|HeatWave,TeraBlast,QuiverDance,Protect|||F|||50|,,,,,Fairy]Electabuzz||Eviolite|VitalSpirit|Thunderbolt,FollowMe,Taunt,Protect|||M|||50|,,,,,Ghost]Sneasler||FocusSash|Unburden|FakeOut,CloseCombat,DireClaw,Coaching|||M|||50|,,,,,Stellar]Kingambit||BlackGlasses|Defiant|KowtowCleave,SuckerPunch,SwordsDance,Protect|||F|||50|,,,,,Dark]Dragonite||LoadedDice|Multiscale|ScaleShot,ExtremeSpeed,Haze,Protect|||M|||50|,,,,,Normal]Rillaboom||AssaultVest|GrassySurge|WoodHammer,GrassyGlide,HighHorsepower,FakeOut|||F|||50|,,,,,Fire
|showteam|p2|Incineroar||SafetyGoggles|Intimidate|WillOWisp,FakeOut,Taunt,KnockOff|||M|||50|,,,,,Ghost]Volcarona||CovertCloak|FlameBody|QuiverDance,FieryDance,GigaDrain,Protect|||M|||50|,,,,,Fairy]Amoonguss||RockyHelmet|Regenerator|Spore,ClearSmog,PollenPuff,RagePowder|||M|||50|,,,,,Water]Ninetales-Alola||FocusSash|SnowWarning|Blizzard,Encore,IcyWind,AuroraVeil|||F|||50|,,,,,Ghost]Ursaluna-Bloodmoon||AssaultVest|MindsEye|BloodMoon,EarthPower,HyperVoice,VacuumWave|||M|||50|,,,,,Ghost]Dondozo||Leftovers|Unaware|Yawn,Protect,Liquidation,Fissure|||F|||50|,,,,,Fire
|inactive|Battle timer is ON: inactive players will automatically lose when time's up. (requested by FrancoilCieco777)
|
|t:|1757018019
|teamsize|p1|4
|teamsize|p2|4
|start
|switch|p1a: Volcarona|Volcarona, L50, F, shiny|100/100
|switch|p1b: Sneasler|Sneasler, L50, M|100/100
|switch|p2a: Incineroar|Incineroar, L50, M, shiny|100/100
|switch|p2b: Amoonguss|Amoonguss, L50, M|100/100
|-ability|p2a: Incineroar|Intimidate|boost
|-unboost|p1a: Volcarona|atk|1
|-unboost|p1b: Sneasler|atk|1
|turn|1
|
|t:|1757018034
|move|p1b: Sneasler|Fake Out|p2b: Amoonguss
|-damage|p2b: Amoonguss|91/100
|-damage|p1b: Sneasler|84/100|[from] item: Rocky Helmet|[of] p2b: Amoonguss
|move|p2a: Incineroar|Fake Out|p1b: Sneasler
|-damage|p1b: Sneasler|64/100
|move|p1a: Volcarona|Quiver Dance|p1a: Volcarona
|-boost|p1a: Volcarona|spa|1
|-boost|p1a: Volcarona|spd|1
|-boost|p1a: Volcarona|spe|1
|cant|p2b: Amoonguss|flinch
|
|upkeep
|turn|2
|
|t:|1757018049
|switch|p1b: Rillaboom|Rillaboom, L50, F|100/100
|-fieldstart|move: Grassy Terrain|[from] ability: Grassy Surge|[of] p1b: Rillaboom
|-terastallize|p2a: Incineroar|Ghost
|move|p1a: Volcarona|Protect|p1a: Volcarona
|-singleturn|p1a: Volcarona|Protect
|move|p2a: Incineroar|Taunt|p1a: Volcarona
|-activate|p1a: Volcarona|move: Protect
|move|p2b: Amoonguss|Spore|p1a: Volcarona
|-activate|p1a: Volcarona|move: Protect
|
|-heal|p2b: Amoonguss|97/100|[from] Grassy Terrain
|upkeep
|turn|3
|
|t:|1757018066
|move|p1b: Rillaboom|Fake Out|p2b: Amoonguss
|-damage|p2b: Amoonguss|84/100
|-damage|p1b: Rillaboom|84/100|[from] item: Rocky Helmet|[of] p2b: Amoonguss
|move|p1a: Volcarona|Heat Wave|p2a: Incineroar|[spread] p2a,p2b
|-supereffective|p2b: Amoonguss
|-damage|p2a: Incineroar|54/100
|-damage|p2b: Amoonguss|4/100
|move|p2a: Incineroar|Taunt|p1a: Volcarona
|-start|p1a: Volcarona|move: Taunt
|cant|p2b: Amoonguss|flinch
|
|-heal|p1b: Rillaboom|90/100|[from] Grassy Terrain
|-heal|p2a: Incineroar|60/100|[from] Grassy Terrain
|-heal|p2b: Amoonguss|10/100|[from] Grassy Terrain
|upkeep
|turn|4
|
|t:|1757018082
|switch|p1b: Kingambit|Kingambit, L50, F|100/100
|switch|p2b: Dondozo|Dondozo, L50, F|100/100
|move|p1a: Volcarona|Heat Wave|p2b: Dondozo|[spread] p2a,p2b
|-resisted|p2b: Dondozo
|-damage|p2a: Incineroar|15/100
|-damage|p2b: Dondozo|88/100
|move|p2a: Incineroar|Knock Off|p1a: Volcarona
|-damage|p1a: Volcarona|59/100
|-enditem|p1a: Volcarona|Covert Cloak|[from] move: Knock Off|[of] p2a: Incineroar
|
|-heal|p1a: Volcarona|65/100|[from] Grassy Terrain
|-heal|p2a: Incineroar|21/100|[from] Grassy Terrain
|-heal|p2b: Dondozo|94/100|[from] Grassy Terrain
|-heal|p2b: Dondozo|99/100|[from] item: Leftovers
|upkeep
|turn|5
|
|t:|1757018099
|switch|p1b: Rillaboom|Rillaboom, L50, F|90/100
|move|p1a: Volcarona|Heat Wave|p2a: Incineroar|[spread] p2a
|-miss|p1a: Volcarona|p2b: Dondozo
|-damage|p2a: Incineroar|0 fnt
|faint|p2a: Incineroar
|move|p2b: Dondozo|Yawn|p1a: Volcarona
|-start|p1a: Volcarona|move: Yawn|[of] p2b: Dondozo
|
|-heal|p1a: Volcarona|71/100|[from] Grassy Terrain
|-heal|p1b: Rillaboom|96/100|[from] Grassy Terrain
|-heal|p2b: Dondozo|100/100|[from] Grassy Terrain
|upkeep
|
|t:|1757018112
|switch|p2a: Volcarona|Volcarona, L50, M, shiny|100/100
|turn|6
|
|t:|1757018136
|switch|p1a: Sneasler|Sneasler, L50, M|64/100
|-terastallize|p1b: Rillaboom|Fire
|move|p2b: Dondozo|Protect|p2b: Dondozo
|-singleturn|p2b: Dondozo|Protect
|move|p2a: Volcarona|Quiver Dance|p2a: Volcarona
|-boost|p2a: Volcarona|spa|1
|-boost|p2a: Volcarona|spd|1
|-boost|p2a: Volcarona|spe|1
|move|p1b: Rillaboom|Wood Hammer|p2b: Dondozo
|-activate|p2b: Dondozo|move: Protect
|
|-heal|p1a: Sneasler|70/100|[from] Grassy Terrain
|-heal|p1b: Rillaboom|100/100|[from] Grassy Terrain
|-fieldend|move: Grassy Terrain
|upkeep
|turn|7
|
|t:|1757018154
|switch|p2b: Amoonguss|Amoonguss, L50, M|43/100
|move|p2a: Volcarona|Fiery Dance|p1a: Sneasler
|-damage|p1a: Sneasler|0 fnt
|faint|p1a: Sneasler
|move|p1b: Rillaboom|Wood Hammer|p2b: Amoonguss
|-resisted|p2b: Amoonguss
|-damage|p2b: Amoonguss|29/100
|-damage|p1b: Rillaboom|84/100|[from] item: Rocky Helmet|[of] p2b: Amoonguss
|-damage|p1b: Rillaboom|79/100|[from] Recoil
|
|upkeep
|
|t:|1757018162
|switch|p1a: Volcarona|Volcarona, L50, F, shiny|71/100
|turn|8
|
|t:|1757018170
|move|p2b: Amoonguss|Rage Powder|p2b: Amoonguss
|-singleturn|p2b: Amoonguss|move: Rage Powder
|move|p2a: Volcarona|Fiery Dance|p1a: Volcarona
|-damage|p1a: Volcarona|23/100
|move|p1a: Volcarona|Heat Wave|p2b: Amoonguss|[spread] p2a,p2b
|-supereffective|p2b: Amoonguss
|-damage|p2a: Volcarona|80/100
|-damage|p2b: Amoonguss|0 fnt
|faint|p2b: Amoonguss
|move|p1b: Rillaboom|High Horsepower|p2a: Volcarona
|-damage|p2a: Volcarona|40/100
|
|upkeep
|
|t:|1757018180
|switch|p2b: Dondozo|Dondozo, L50, F|100/100
|turn|9
|
|t:|1757018197
|switch|p1b: Kingambit|Kingambit, L50, F|100/100
|move|p2a: Volcarona|Fiery Dance|p1a: Volcarona
|-damage|p1a: Volcarona|0 fnt
|-boost|p2a: Volcarona|spa|1
|faint|p1a: Volcarona
|move|p2b: Dondozo|Liquidation|p1b: Kingambit
|-damage|p1b: Kingambit|78/100
|
|upkeep
|
|t:|1757018203
|switch|p1a: Rillaboom|Rillaboom, L50, F, tera:Fire|79/100
|-fieldstart|move: Grassy Terrain|[from] ability: Grassy Surge|[of] p1a: Rillaboom
|turn|10
|
|t:|1757018212
|move|p2a: Volcarona|Protect|p2a: Volcarona
|-singleturn|p2a: Volcarona|Protect
|move|p1b: Kingambit|Sucker Punch||[still]
|-fail|p1b: Kingambit
|move|p1a: Rillaboom|Wood Hammer|p2b: Dondozo
|-supereffective|p2b: Dondozo
|-damage|p2b: Dondozo|28/100
|-damage|p1a: Rillaboom|48/100|[from] Recoil
|move|p2b: Dondozo|Yawn|p1b: Kingambit
|-start|p1b: Kingambit|move: Yawn|[of] p2b: Dondozo
|
|-heal|p2a: Volcarona|46/100|[from] Grassy Terrain
|-heal|p1a: Rillaboom|54/100|[from] Grassy Terrain
|-heal|p1b: Kingambit|84/100|[from] Grassy Terrain
|-heal|p2b: Dondozo|34/100|[from] Grassy Terrain
|-heal|p2b: Dondozo|40/100|[from] item: Leftovers
|upkeep
|turn|11
|
|t:|1757018231
|move|p2a: Volcarona|Quiver Dance|p2a: Volcarona
|-boost|p2a: Volcarona|spa|1
|-boost|p2a: Volcarona|spd|1
|-boost|p2a: Volcarona|spe|1
|move|p1a: Rillaboom|Wood Hammer|p2b: Dondozo
|-supereffective|p2b: Dondozo
|-damage|p2b: Dondozo|0 fnt
|faint|p2b: Dondozo
|-damage|p1a: Rillaboom|37/100|[from] Recoil
|move|p1b: Kingambit|Kowtow Cleave|p2a: Volcarona
|-damage|p2a: Volcarona|0 fnt
|faint|p2a: Volcarona
|
|win|FrancoilCieco777
