|j|☆King_shuckle17
|j|☆rdxcrrnz
|html|King_shuckle17rdxcrrnz    
|uhtml|bestof|Game 2 of a best-of-3
|t:|1756606632
|gametype|doubles
|player|p1|King_shuckle17|lusamine-masters|1110
|player|p2|rdxcrrnz|bugcatcher-gen4dp|1040
|gen|9
|tier|[Gen 9] VGC 2025 Reg H (Bo3)
|rated|
|rule|Species Clause: Limit one of each Pokémon
|rule|Item Clause: Limit 1 of each item
|clearpoke
|poke|p1|Pelipper, L50, M|
|poke|p1|Archaludon, L50, F|
|poke|p1|Incineroar, L50, M|
|poke|p1|Grimmsnarl, L50, M|
|poke|p1|Overqwil, L50, F|
|poke|p1|Sneasler, L50, F|
|poke|p2|Annihilape, L50, M|
|poke|p2|Rillaboom, L50, M|
|poke|p2|Maushold-Four, L50|
|poke|p2|Archaludon, L50, M|
|poke|p2|Pelipper, L50, F|
|poke|p2|Weezing, L50, F|
|teampreview|4
|showteam|p1|Pelipper||FocusSash|Drizzle|Hurricane,WeatherBall,Tailwind,Protect|||M|||50|,,,,,Ghost]Archaludon||AssaultVest|Stamina|ElectroShot,DragonPulse,FlashCannon,BodyPress|||F|||50|,,,,,Fairy]Incineroar||SitrusBerry|Intimidate|FakeOut,PartingShot,KnockOff,Taunt|||M|||50|,,,,,Grass]Grimmsnarl||LightClay|Prankster|LightScreen,Reflect,SpiritBreak,SuckerPunch|||M|||50|,,,,,Ghost]Overqwil||LifeOrb|SwiftSwim|BarbBarrage,Crunch,Haze,Protect|||F|||50|,,,,,Grass]Sneasler||CovertCloak|PoisonTouch|DireClaw,CloseCombat,ThroatChop,Protect|||F|||50|,,,,,Stellar
|showteam|p2|Annihilape||Leftovers|Defiant|DrainPunch,RageFist,BulkUp,Protect|||M|||50|,,,,,Fire]Rillaboom||LoadedDice|GrassySurge|FakeOut,GrassyGlide,BulletSeed,HighHorsepower|||M|||50|,,,,,Fire]Maushold-Four||SafetyGoggles|FriendGuard|ThunderWave,Taunt,BeatUp,FollowMe||||||50|,,,,,Ghost]Archaludon||AssaultVest|Stamina|ElectroShot,FlashCannon,BodyPress,Snarl|||M|||50|,,,,,Grass]Pelipper||FocusSash|Drizzle|Hurricane,WeatherBall,Tailwind,Protect|||F|||50|,,,,,Stellar]Weezing||RockyHelmet|NeutralizingGas|ClearSmog,WillOWisp,PainSplit,Taunt|||F|||50|,,,,,Fairy
|inactive|Battle timer is ON: inactive players will automatically lose when time's up. (requested by King_shuckle17)
|
|t:|1756606679
|teamsize|p1|4
|teamsize|p2|4
|start
|switch|p1a: Overqwil|Overqwil, L50, F|100/100
|switch|p1b: Grimmsnarl|Grimmsnarl, L50, M|100/100
|switch|p2a: Maushold|Maushold-Four, L50, shiny|100/100
|switch|p2b: Annihilape|Annihilape, L50, M, shiny|100/100
|turn|1
|inactive|King_shuckle17 has 30 seconds left.
|inactive|rdxcrrnz has 30 seconds left.
|
|t:|1756606713
|-terastallize|p2b: Annihilape|Fire
|move|p1b: Grimmsnarl|Reflect|p1b: Grimmsnarl
|-sidestart|p1: King_shuckle17|Reflect
|move|p2a: Maushold|Beat Up|p2b: Annihilape
|-damage|p2b: Annihilape|99/100
|-damage|p2b: Annihilape|97/100
|-damage|p2b: Annihilape|95/100
|-damage|p2b: Annihilape|93/100
|-hitcount|p2b: Annihilape|4
|move|p2b: Annihilape|Rage Fist|p1a: Overqwil
|-resisted|p1a: Overqwil
|-damage|p1a: Overqwil|69/100
|move|p1a: Overqwil|Barb Barrage|p2b: Annihilape
|-damage|p2b: Annihilape|62/100
|-status|p2b: Annihilape|psn
|-damage|p1a: Overqwil|59/100|[from] item: Life Orb
|
|-heal|p2b: Annihilape|68/100 psn|[from] item: Leftovers
|-damage|p2b: Annihilape|55/100 psn|[from] psn
|upkeep
|turn|2
|inactive|rdxcrrnz has 30 seconds left.
|inactive|rdxcrrnz has 20 seconds left.
|
|t:|1756606753
|move|p2a: Maushold|Thunder Wave|p1a: Overqwil
|-status|p1a: Overqwil|par
|move|p2b: Annihilape|Rage Fist|p1a: Overqwil
|-resisted|p1a: Overqwil
|-damage|p1a: Overqwil|18/100 par
|move|p1b: Grimmsnarl|Spirit Break|p2a: Maushold
|-damage|p2a: Maushold|57/100
|-unboost|p2a: Maushold|spa|1
|cant|p1a: Overqwil|par
|
|-heal|p2b: Annihilape|61/100 psn|[from] item: Leftovers
|-damage|p2b: Annihilape|49/100 psn|[from] psn
|upkeep
|turn|3
|inactive|rdxcrrnz has 30 seconds left.
|
|t:|1756606779
|switch|p1b: Pelipper|Pelipper, L50, M|100/100
|-weather|RainDance|[from] ability: Drizzle|[of] p1b: Pelipper
|move|p2a: Maushold|Follow Me|p2a: Maushold
|-singleturn|p2a: Maushold|move: Follow Me
|move|p2b: Annihilape|Rage Fist|p1a: Overqwil
|-resisted|p1a: Overqwil
|-damage|p1a: Overqwil|0 fnt
|faint|p1a: Overqwil
|
|-weather|RainDance|[upkeep]
|-heal|p2b: Annihilape|55/100 psn|[from] item: Leftovers
|-damage|p2b: Annihilape|43/100 psn|[from] psn
|upkeep
|
|t:|1756606787
|switch|p1a: Archaludon|Archaludon, L50, F|100/100
|turn|4
|
|t:|1756606811
|-terastallize|p1a: Archaludon|Fairy
|move|p2a: Maushold|Follow Me|p2a: Maushold
|-singleturn|p2a: Maushold|move: Follow Me
|move|p2b: Annihilape|Rage Fist|p1b: Pelipper
|-crit|p1b: Pelipper
|-enditem|p1b: Pelipper|Focus Sash
|-damage|p1b: Pelipper|1/100
|move|p1b: Pelipper|Tailwind|p1b: Pelipper
|-sidestart|p1: King_shuckle17|move: Tailwind
|move|p1a: Archaludon|Electro Shot||[still]
|-prepare|p1a: Archaludon|Electro Shot
|-boost|p1a: Archaludon|spa|1
|-anim|p1a: Archaludon|Electro Shot|p2a: Maushold
|-damage|p2a: Maushold|0 fnt
|faint|p2a: Maushold
|
|-weather|RainDance|[upkeep]
|-heal|p2b: Annihilape|49/100 psn|[from] item: Leftovers
|-damage|p2b: Annihilape|36/100 psn|[from] psn
|upkeep
|
|t:|1756606833
|switch|p2a: Weezing|Weezing, L50, F|100/100
|-ability|p2a: Weezing|Neutralizing Gas
|turn|5
|inactive|rdxcrrnz has 30 seconds left.
|inactive|rdxcrrnz has 20 seconds left.
|
|t:|1756606869
|move|p1b: Pelipper|Weather Ball|p2a: Weezing
|-damage|p2a: Weezing|38/100
|move|p1a: Archaludon|Electro Shot||[still]
|-prepare|p1a: Archaludon|Electro Shot
|-boost|p1a: Archaludon|spa|1
|-anim|p1a: Archaludon|Electro Shot|p2a: Weezing
|-damage|p2a: Weezing|0 fnt
|faint|p2a: Weezing
|-end|p2a: Weezing|ability: Neutralizing Gas
|move|p2b: Annihilape|Drain Punch|p1a: Archaludon
|-resisted|p1a: Archaludon
|-damage|p1a: Archaludon|93/100
|-heal|p2b: Annihilape|40/100 psn|[from] drain|[of] p1a: Archaludon
|-ability|p1a: Archaludon|Stamina|boost
|-boost|p1a: Archaludon|def|1
|
|-weather|RainDance|[upkeep]
|-heal|p2b: Annihilape|46/100 psn|[from] item: Leftovers
|-damage|p2b: Annihilape|33/100 psn|[from] psn
|upkeep
|-message|rdxcrrnz forfeited.
|
|win|King_shuckle17
|raw|King_shuckle17's rating: 1110 → 1130(+20 for winning)
|raw|rdxcrrnz's rating: 1040 → 1027(-13 for losing)
|l|☆rdxcrrnz
|player|p2|
