|j|☆blood moon 101
|j|☆repo2
|html|blood moon 101repo2    
|uhtml|bestof|Game 1 of a best-of-3
|t:|1785771892
|gametype|doubles
|player|p1|blood moon 101|169|1015
|player|p2|repo2|pokemonrangerf|1000
|gen|9
|tier|[Gen 9 Champions] VGC 2026 Reg M-B (Bo3)
|rated|
|rule|Species Clause: Limit one of each Pokémon
|rule|Item Clause: Limit 1 of each item
|clearpoke
|poke|p1|Charizard, L50, F, shiny|
|poke|p1|Dragapult, L50, M|
|poke|p1|Sneasler, L50, M|
|poke|p1|Raichu, L50, F|
|poke|p1|Floette-Eternal, L50, F|
|poke|p1|Venusaur, L50, M|
|poke|p2|Staraptor, L50, F|
|poke|p2|Farigiraf, L50, M|
|poke|p2|Incineroar, L50, M|
|poke|p2|Floette-Eternal, L50, F|
|poke|p2|Excadrill, L50, F|
|poke|p2|Milotic, L50, M|
|teampreview|4
|showteam|p1|Charizard||CharizarditeY|Blaze|SolarBeam,HeatWave,Protect,AncientPower|Timid||F|||50|]Dragapult||Leftovers|ClearBody|DracoMeteor,Protect,ShadowBall,Uturn|Timid||M|||50|]Sneasler||FocusSash|PoisonTouch|FakeOut,CloseCombat,DireClaw,Protect|Jolly||M|||50|]Raichu||RaichuniteY|LightningRod|ZapCannon,FocusBlast,FakeOut,Protect|Hasty||F|||50|]Floette-Eternal||Floettite|FlowerVeil|DazzlingGleam,DrainingKiss,CalmMind,Protect|Timid||F|||50|]Venusaur||LifeOrb|Chlorophyll|EarthPower,SludgeBomb,EnergyBall,SleepPowder|Modest||M|||50|
|showteam|p2|Staraptor||ChoiceScarf|Intimidate|FinalGambit,CloseCombat,Uturn,BraveBird|Jolly||F|||50|]Farigiraf||SitrusBerry|ArmorTail|TrickRoom,Psychic,Thunderbolt,HelpingHand|Bold||M|||50|]Incineroar||FocusSash|Intimidate|FakeOut,PartingShot,FlareBlitz,ThroatChop|Adamant||M|||50|]Floette-Eternal||Floettite|FlowerVeil|DazzlingGleam,Protect,CalmMind,DrainingKiss|Modest||F|||50|]Excadrill||LifeOrb|MoldBreaker|IronHead,HighHorsepower,Protect,RockSlide|Jolly||F|||50|]Milotic||Leftovers|Competitive|MuddyWater,Hypnosis,Coil,Recover|Calm||M|||50|
|inactive|Battle timer is ON: inactive players will automatically lose when time's up. (requested by repo2)
|inactive|blood moon 101 has 60 seconds left.
|
|t:|1785771940
|teamsize|p1|4
|teamsize|p2|4
|start
|switch|p1a: Charizard|Charizard, L50, F, shiny|100/100
|switch|p1b: Venusaur|Venusaur, L50, M|100/100
|switch|p2a: Staraptor|Staraptor, L50, F|100/100
|switch|p2b: Incineroar|Incineroar, L50, M|100/100
|-ability|p2a: Staraptor|Intimidate|boost
|-unboost|p1a: Charizard|atk|1
|-unboost|p1b: Venusaur|atk|1
|-ability|p2b: Incineroar|Intimidate|boost
|-unboost|p1a: Charizard|atk|1
|-unboost|p1b: Venusaur|atk|1
|turn|1
|
|t:|1785771964
|switch|p1b: Raichu|Raichu, L50, F|100/100
|detailschange|p1a: Charizard|Charizard-Mega-Y, L50, F, shiny
|-mega|p1a: Charizard|Charizard|Charizardite Y
|-weather|SunnyDay|[from] ability: Drought|[of] p1a: Charizard
|move|p1a: Charizard|Protect|p1a: Charizard
|-singleturn|p1a: Charizard|Protect
|move|p2b: Incineroar|Fake Out|p1b: Raichu
|-damage|p1b: Raichu|65/100
|move|p2a: Staraptor|Final Gambit|p1a: Charizard
|-activate|p1a: Charizard|move: Protect
|
|-weather|SunnyDay|[upkeep]
|upkeep
|turn|2
|
|t:|1785771985
|switch|p2b: Farigiraf|Farigiraf, L50, M|100/100
|move|p1b: Raichu|Fake Out||[still]
|cant|p2b: Farigiraf|ability: Armor Tail|Fake Out|[of] p1b: Raichu
|move|p2a: Staraptor|Final Gambit|p1a: Charizard
|-damage|p1a: Charizard|0 fnt
|faint|p2a: Staraptor
|faint|p1a: Charizard
|
|-weather|SunnyDay|[upkeep]
|upkeep
|
|t:|1785771997
|switch|p2a: Floette|Floette-Eternal, L50, F|100/100
|switch|p1a: Venusaur|Venusaur, L50, M|100/100
|turn|3
|
|t:|1785772018
|switch|p2b: Incineroar|Incineroar, L50, M|100/100
|-ability|p2b: Incineroar|Intimidate|boost
|-unboost|p1a: Venusaur|atk|1
|-unboost|p1b: Raichu|atk|1
|detailschange|p2a: Floette|Floette-Mega, L50, F
|-mega|p2a: Floette|Floette|Floettite
|-ability|p2a: Floette|Fairy Aura
|move|p2a: Floette|Protect|p2a: Floette
|-singleturn|p2a: Floette|Protect
|move|p1a: Venusaur|Sludge Bomb|p2a: Floette
|-activate|p2a: Floette|move: Protect
|move|p1b: Raichu|Zap Cannon|p2b: Incineroar|[miss]
|-miss|p1b: Raichu|p2b: Incineroar
|
|-weather|SunnyDay|[upkeep]
|upkeep
|turn|4
|inactive|blood moon 101 has 30 seconds left.
|
|t:|1785772043
|move|p2b: Incineroar|Fake Out|p1a: Venusaur
|-damage|p1a: Venusaur|82/100
|cant|p1a: Venusaur|flinch
|move|p1b: Raichu|Focus Blast|p2b: Incineroar
|-supereffective|p2b: Incineroar|1
|-damage|p2b: Incineroar|27/100
|move|p2a: Floette|Calm Mind|p2a: Floette
|-boost|p2a: Floette|spa|1
|-boost|p2a: Floette|spd|1
|
|-weather|SunnyDay|[upkeep]
|upkeep
|turn|5
|
|t:|1785772065
|move|p2a: Floette|Protect|p2a: Floette
|-singleturn|p2a: Floette|Protect
|move|p1a: Venusaur|Sludge Bomb|p2a: Floette
|-activate|p2a: Floette|move: Protect
|move|p1b: Raichu|Focus Blast|p2b: Incineroar
|-supereffective|p2b: Incineroar|1
|-damage|p2b: Incineroar|0 fnt
|faint|p2b: Incineroar
|
|-weather|none
|upkeep
|
|t:|1785772076
|switch|p2b: Farigiraf|Farigiraf, L50, M|100/100
|turn|6
|
|t:|1785772086
|switch|p1b: Sneasler|Sneasler, L50, M|100/100
|move|p2a: Floette|Draining Kiss|p1b: Sneasler
|-damage|p1b: Sneasler|25/100
|move|p1a: Venusaur|Sludge Bomb|p2a: Floette
|-supereffective|p2a: Floette|1
|-damage|p2a: Floette|48/100
|-status|p2a: Floette|psn
|-damage|p1a: Venusaur|72/100|[from] item: Life Orb
|move|p2b: Farigiraf|Psychic|p1a: Venusaur
|-supereffective|p1a: Venusaur|1
|-damage|p1a: Venusaur|0 fnt
|faint|p1a: Venusaur
|
|-damage|p2a: Floette|35/100 psn|[from] psn
|upkeep
|
|t:|1785772100
|switch|p1a: Raichu|Raichu, L50, F|65/100
|turn|7
|
|t:|1785772111
|move|p2a: Floette|Protect|p2a: Floette
|-singleturn|p2a: Floette|Protect
|move|p1a: Raichu|Fake Out||[still]
|cant|p2b: Farigiraf|ability: Armor Tail|Fake Out|[of] p1a: Raichu
|move|p1b: Sneasler|Dire Claw|p2a: Floette
|-activate|p2a: Floette|move: Protect
|move|p2b: Farigiraf|Psychic|p1b: Sneasler
|-supereffective|p1b: Sneasler|2
|-damage|p1b: Sneasler|0 fnt
|faint|p1b: Sneasler
|
|-damage|p2a: Floette|23/100 psn|[from] psn
|upkeep
|turn|8
|-message|blood moon 101 forfeited.
|
|win|repo2
|l|☆blood moon 101
|player|p1|
|raw|blood moon 101's rating: 1015 → 1002(-13 for losing)
|raw|repo2's rating: 1000 → 1042(+42 for winning)
