|j|☆roman_legend
|j|☆franny6767
|html|roman_legendfranny6767    
|uhtml|bestof|Game 2 of a best-of-3
|t:|1756860412
|gametype|doubles
|player|p1|roman_legend|102|1077
|player|p2|franny6767|265|1128
|gen|9
|tier|[Gen 9] VGC 2025 Reg H (Bo3)
|rated|
|rule|Species Clause: Limit one of each Pokémon
|rule|Item Clause: Limit 1 of each item
|clearpoke
|poke|p1|Gholdengo, L50|
|poke|p1|Sneasler, L50, M|
|poke|p1|Rillaboom, L50, M|
|poke|p1|Dragonite, L50, F|
|poke|p1|Ninetales-Alola, L50, F|
|poke|p1|Arcanine-Hisui, L50, F|
|poke|p2|Dragonite, L50, F|
|poke|p2|Annihilape, L50, M|
|poke|p2|Garchomp, L50, F|
|poke|p2|Whimsicott, L50, M|
|poke|p2|Incineroar, L50, F|
|poke|p2|Gholdengo, L50|
|teampreview|4
|showteam|p1|Gholdengo||GrassySeed|GoodasGold|NastyPlot,MakeItRain,ShadowBall,Protect||||||50|,,,,,Water]Sneasler||WhiteHerb|Unburden|CloseCombat,DireClaw,Coaching,Protect|||M|||50|,,,,,Ghost]Rillaboom||AssaultVest|GrassySurge|FakeOut,GrassyGlide,DrumBeating,HighHorsepower|||M|||50|,,,,,Fire]Dragonite||LoadedDice|Multiscale|ScaleShot,StompingTantrum,Tailwind,Protect|||F|||50|,,,,,Ground]Ninetales-Alola||FocusSash|SnowWarning|Blizzard,IcyWind,Encore,AuroraVeil|||F|||50|,,,,,Ghost]Arcanine-Hisui||ClearAmulet|Intimidate|RockSlide,FlareBlitz,ExtremeSpeed,Protect|||F|||50|,,,,,Water
|showteam|p2|Dragonite||LoadedDice|Multiscale|ScaleShot,Protect,Tailwind,Haze|||F|||50|,,,,,Fairy]Annihilape||SafetyGoggles|Defiant|CloseCombat,FinalGambit,RageFist,Coaching|||M|||50|,,,,,Fire]Garchomp||LifeOrb|RoughSkin|Earthquake,DragonClaw,StompingTantrum,Protect|||F|||50|,,,,,Fairy]Whimsicott||FocusSash|Prankster|Moonblast,Taunt,Tailwind,BeatUp|||M|||50|,,,,,Ghost]Incineroar||MirrorHerb|Intimidate|KnockOff,FlareBlitz,FakeOut,PartingShot|||F|||50|,,,,,Ghost]Gholdengo||ChoiceSpecs|GoodasGold|MakeItRain,SteelBeam,ShadowBall,PowerGem||||||50|,,,,,Flying
|inactive|Battle timer is ON: inactive players will automatically lose when time's up. (requested by franny6767)
|inactive|franny6767 has 60 seconds left.
|inactive|franny6767 has 30 seconds left.
|inactive|franny6767 has 20 seconds left.
|inactive|franny6767 has 15 seconds left.
|inactive|franny6767 has 10 seconds left.
|
|t:|1756860495
|teamsize|p1|4
|teamsize|p2|4
|start
|switch|p1a: Dragonite|Dragonite, L50, F|100/100
|switch|p1b: Ninetales|Ninetales-Alola, L50, F|100/100
|switch|p2a: Annihilape|Annihilape, L50, M|100/100
|switch|p2b: Whimsicott|Whimsicott, L50, M|100/100
|-weather|Snowscape|[from] ability: Snow Warning|[of] p1b: Ninetales
|turn|1
|inactive|roman_legend has 30 seconds left.
|inactive|roman_legend has 20 seconds left.
|inactive|roman_legend has 15 seconds left.
|
|t:|1756860539
|-terastallize|p2a: Annihilape|Fire
|move|p1a: Dragonite|Protect|p1a: Dragonite
|-singleturn|p1a: Dragonite|Protect
|move|p2b: Whimsicott|Beat Up|p2a: Annihilape
|-damage|p2a: Annihilape|98/100
|-damage|p2a: Annihilape|96/100
|-damage|p2a: Annihilape|93/100
|-damage|p2a: Annihilape|91/100
|-hitcount|p2a: Annihilape|4
|move|p1b: Ninetales|Encore|p2b: Whimsicott
|-start|p2b: Whimsicott|Encore
|move|p2a: Annihilape|Rage Fist|p1b: Ninetales
|-damage|p1b: Ninetales|1/100
|
|-weather|Snowscape|[upkeep]
|upkeep
|turn|2
|inactive|roman_legend has 30 seconds left.
|
|t:|1756860571
|switch|p2b: Gholdengo|Gholdengo, L50|100/100
|-terastallize|p1a: Dragonite|Ground
|move|p1b: Ninetales|Aurora Veil|p1b: Ninetales
|-sidestart|p1: roman_legend|move: Aurora Veil
|move|p2a: Annihilape|Rage Fist|p1b: Ninetales
|-damage|p1b: Ninetales|0 fnt
|faint|p1b: Ninetales
|move|p1a: Dragonite|Stomping Tantrum|p2a: Annihilape
|-supereffective|p2a: Annihilape
|-damage|p2a: Annihilape|4/100
|
|-weather|Snowscape|[upkeep]
|upkeep
|
|t:|1756860588
|switch|p1b: Rillaboom|Rillaboom, L50, M|100/100
|-fieldstart|move: Grassy Terrain|[from] ability: Grassy Surge|[of] p1b: Rillaboom
|turn|3
|
|t:|1756860604
|switch|p2a: Whimsicott|Whimsicott, L50, M|100/100
|switch|p2b: Garchomp|Garchomp, L50, F|100/100
|move|p1b: Rillaboom|Fake Out|p2a: Whimsicott
|-damage|p2a: Whimsicott|80/100
|move|p1a: Dragonite|Stomping Tantrum|p2b: Garchomp
|-damage|p2b: Garchomp|56/100
|-damage|p1a: Dragonite|89/100|[from] ability: Rough Skin|[of] p2b: Garchomp
|
|-weather|Snowscape|[upkeep]
|-heal|p2a: Whimsicott|86/100|[from] Grassy Terrain
|-heal|p2b: Garchomp|62/100|[from] Grassy Terrain
|-heal|p1a: Dragonite|95/100|[from] Grassy Terrain
|upkeep
|turn|4
|
|t:|1756860624
|move|p2a: Whimsicott|Tailwind|p2a: Whimsicott
|-sidestart|p2: franny6767|move: Tailwind
|move|p2b: Garchomp|Dragon Claw|p1a: Dragonite
|-damage|p1a: Dragonite|57/100
|-damage|p2b: Garchomp|52/100|[from] item: Life Orb
|move|p1b: Rillaboom|Drum Beating|p2b: Garchomp
|-damage|p2b: Garchomp|0 fnt
|faint|p2b: Garchomp
|move|p1a: Dragonite|Tailwind|p1a: Dragonite
|-sidestart|p1: roman_legend|move: Tailwind
|
|-weather|Snowscape|[upkeep]
|-heal|p2a: Whimsicott|92/100|[from] Grassy Terrain
|-heal|p1a: Dragonite|63/100|[from] Grassy Terrain
|upkeep
|
|t:|1756860647
|switch|p2b: Gholdengo|Gholdengo, L50|100/100
|turn|5
|
|t:|1756860664
|move|p1a: Dragonite|Protect|p1a: Dragonite
|-singleturn|p1a: Dragonite|Protect
|move|p2a: Whimsicott|Moonblast|p1a: Dragonite
|-activate|p1a: Dragonite|move: Protect
|move|p1b: Rillaboom|High Horsepower|p2b: Gholdengo
|-supereffective|p2b: Gholdengo
|-damage|p2b: Gholdengo|37/100
|move|p2b: Gholdengo|Make It Rain|p1a: Dragonite|[spread] p1b
|-activate|p1a: Dragonite|move: Protect
|-damage|p1b: Rillaboom|54/100
|-unboost|p2b: Gholdengo|spa|1
|
|-weather|none
|-heal|p2a: Whimsicott|98/100|[from] Grassy Terrain
|-heal|p1b: Rillaboom|60/100|[from] Grassy Terrain
|-heal|p2b: Gholdengo|43/100|[from] Grassy Terrain
|-heal|p1a: Dragonite|69/100|[from] Grassy Terrain
|upkeep
|turn|6
|
|t:|1756860680
|switch|p1a: Gholdengo|Gholdengo, L50, shiny|100/100
|-enditem|p1a: Gholdengo|Grassy Seed
|-boost|p1a: Gholdengo|def|1|[from] item: Grassy Seed
|move|p2a: Whimsicott|Moonblast|p1a: Gholdengo
|-resisted|p1a: Gholdengo
|-damage|p1a: Gholdengo|87/100
|-unboost|p1a: Gholdengo|spa|1
|move|p1b: Rillaboom|High Horsepower|p2b: Gholdengo
|-supereffective|p2b: Gholdengo
|-damage|p2b: Gholdengo|0 fnt
|faint|p2b: Gholdengo
|
|-heal|p2a: Whimsicott|100/100|[from] Grassy Terrain
|-heal|p1b: Rillaboom|66/100|[from] Grassy Terrain
|-heal|p1a: Gholdengo|94/100|[from] Grassy Terrain
|-sideend|p1: roman_legend|move: Aurora Veil
|upkeep
|
|t:|1756860693
|switch|p2b: Annihilape|Annihilape, L50, M, tera:Fire|4/100
|turn|7
|-message|franny6767 forfeited.
|
|win|roman_legend
|l|☆franny6767
|player|p2|
||roman_legend is ready for game 3.
