|j|☆QUELON
|j|☆Daniw9
|html|QUELONDaniw9    
|uhtml|bestof|Game 2 of a best-of-3
|t:|1754581295
|gametype|doubles
|player|p1|QUELON|scientist-gen4|1199
|player|p2|Daniw9|102|1240
|gen|9
|tier|[Gen 9] VGC 2025 Reg H (Bo3)
|rated|
|rule|Species Clause: Limit one of each Pokémon
|rule|Item Clause: Limit 1 of each item
|clearpoke
|poke|p1|Incineroar, L50, F|
|poke|p1|Amoonguss, L50, F|
|poke|p1|Ursaluna-Bloodmoon, L50, M|
|poke|p1|Sneasler, L50, M|
|poke|p1|Gholdengo, L50|
|poke|p1|Dragonite, L50, M|
|poke|p2|Sneasler, L50, M|
|poke|p2|Indeedee, L50, M|
|poke|p2|Talonflame, L50, F|
|poke|p2|Ursaluna-Bloodmoon, L50, M|
|poke|p2|Amoonguss, L50, F|
|poke|p2|Primarina, L50, M|
|teampreview|4
|showteam|p1|Incineroar||SafetyGoggles|Intimidate|FlareBlitz,KnockOff,PartingShot,FakeOut|||F|||50|,,,,,Ghost]Amoonguss||SitrusBerry|Regenerator|Spore,RagePowder,PollenPuff,Protect|||F|||50|,,,,,Psychic]Ursaluna-Bloodmoon||AssaultVest|MindsEye|HyperVoice,BloodMoon,EarthPower,VacuumWave|||M|||50|,,,,,Water]Sneasler||FocusSash|Unburden|CloseCombat,DireClaw,ThroatChop,Protect|||M|||50|,,,,,Stellar]Gholdengo||LifeOrb|GoodasGold|MakeItRain,ShadowBall,NastyPlot,Protect||||||50|,,,,,Water]Dragonite||LoadedDice|Multiscale|ScaleShot,Tailwind,Haze,Protect|||M|||50|,,,,,Fairy
|showteam|p2|Sneasler||PsychicSeed|Unburden|DireClaw,CloseCombat,ThroatChop,Protect|||M|||50|,,,,,Dark]Indeedee||FocusSash|PsychicSurge|ExpandingForce,DazzlingGleam,Protect,TrickRoom|||M|||50|,,,,,Fairy]Talonflame||CovertCloak|GaleWings|Tailwind,DualWingbeat,FlareBlitz,WillOWisp|||F|||50|,,,,,Flying]Ursaluna-Bloodmoon||LifeOrb|MindsEye|HyperVoice,BloodMoon,Protect,EarthPower|||M|||50|,,,,,Normal]Amoonguss||RockyHelmet|Regenerator|Spore,PollenPuff,ClearSmog,RagePowder|||F|||50|,,,,,Water]Primarina||ThroatSpray|LiquidVoice|HyperVoice,Moonblast,Protect,IceBeam|||M|||50|,,,,,Poison
|
|t:|1754581310
|teamsize|p1|4
|teamsize|p2|4
|start
|switch|p1a: Incineroar|Incineroar, L50, F|100/100
|switch|p1b: Amoonguss|Amoonguss, L50, F|100/100
|switch|p2a: Talonflame|Talonflame, L50, F|100/100
|switch|p2b: Ursaluna|Ursaluna-Bloodmoon, L50, M|100/100
|-ability|p1a: Incineroar|Intimidate|boost
|-unboost|p2a: Talonflame|atk|1
|-unboost|p2b: Ursaluna|atk|1
|turn|1
|
|t:|1754581352
|switch|p2a: Indeedee|Indeedee, L50, M|100/100
|-fieldstart|move: Psychic Terrain|[from] ability: Psychic Surge|[of] p2a: Indeedee
|-terastallize|p2b: Ursaluna|Normal
|move|p1b: Amoonguss|Protect|p1b: Amoonguss
|-singleturn|p1b: Amoonguss|Protect
|move|p2b: Ursaluna|Blood Moon|p1b: Amoonguss
|-activate|p1b: Amoonguss|move: Protect
|move|p1a: Incineroar|Knock Off|p2a: Indeedee
|-supereffective|p2a: Indeedee
|-enditem|p2a: Indeedee|Focus Sash
|-damage|p2a: Indeedee|1/100
|
|upkeep
|turn|2
|
|t:|1754581386
|switch|p1a: Gholdengo|Gholdengo, L50|100/100
|-terastallize|p1b: Amoonguss|Psychic
|move|p2a: Indeedee|Expanding Force|p1b: Amoonguss|[spread] p1a,p1b
|-resisted|p1a: Gholdengo
|-resisted|p1b: Amoonguss
|-damage|p1a: Gholdengo|67/100
|-damage|p1b: Amoonguss|79/100
|move|p2b: Ursaluna|Hyper Voice|p1b: Amoonguss|[spread] p1a,p1b
|-resisted|p1a: Gholdengo
|-damage|p1a: Gholdengo|28/100
|-damage|p1b: Amoonguss|22/100
|-enditem|p1b: Amoonguss|Sitrus Berry|[eat]
|-heal|p1b: Amoonguss|47/100|[from] item: Sitrus Berry
|-damage|p2b: Ursaluna|90/100|[from] item: Life Orb
|move|p1b: Amoonguss|Spore|p2b: Ursaluna
|-status|p2b: Ursaluna|slp|[from] move: Spore
|
|upkeep
|turn|3
|
|t:|1754581438
|switch|p1a: Incineroar|Incineroar, L50, F|100/100
|-ability|p1a: Incineroar|Intimidate|boost
|-unboost|p2a: Indeedee|atk|1
|-unboost|p2b: Ursaluna|atk|1
|move|p2a: Indeedee|Expanding Force|p1a: Incineroar|[spread] p1b
|-immune|p1a: Incineroar
|-resisted|p1b: Amoonguss
|-damage|p1b: Amoonguss|25/100
|cant|p2b: Ursaluna|slp
|move|p1b: Amoonguss|Pollen Puff|p2b: Ursaluna
|-damage|p2b: Ursaluna|68/100 slp
|
|upkeep
|turn|4
|
|t:|1754581466
|move|p2a: Indeedee|Protect|p2a: Indeedee
|-singleturn|p2a: Indeedee|Protect
|cant|p2b: Ursaluna|slp
|move|p1a: Incineroar|Knock Off|p2b: Ursaluna
|-damage|p2b: Ursaluna|32/100 slp
|-enditem|p2b: Ursaluna|Life Orb|[from] move: Knock Off|[of] p1a: Incineroar
|move|p1b: Amoonguss|Pollen Puff|p2a: Indeedee
|-activate|p2a: Indeedee|move: Protect
|
|upkeep
|turn|5
|
|t:|1754581480
|switch|p2a: Sneasler|Sneasler, L50, M|100/100
|-enditem|p2a: Sneasler|Psychic Seed
|-boost|p2a: Sneasler|spd|1|[from] item: Psychic Seed
|move|p1b: Amoonguss|Protect|p1b: Amoonguss
|-singleturn|p1b: Amoonguss|Protect
|-curestatus|p2b: Ursaluna|slp|[msg]
|move|p2b: Ursaluna|Hyper Voice|p1a: Incineroar|[spread] p1a
|-activate|p1b: Amoonguss|move: Protect
|-damage|p1a: Incineroar|60/100
|move|p1a: Incineroar|Flare Blitz|p2b: Ursaluna
|-damage|p2b: Ursaluna|0 fnt
|faint|p2b: Ursaluna
|-damage|p1a: Incineroar|50/100|[from] Recoil
|
|-fieldend|move: Psychic Terrain
|upkeep
|
|t:|1754581497
|switch|p2b: Talonflame|Talonflame, L50, F|100/100
|turn|6
|
|t:|1754581544
|switch|p1a: Gholdengo|Gholdengo, L50|28/100
|move|p2b: Talonflame|Dual Wingbeat|p1b: Amoonguss
|-damage|p1b: Amoonguss|10/100
|-damage|p1b: Amoonguss|0 fnt
|faint|p1b: Amoonguss
|-hitcount|p1: Amoonguss|2
|move|p2a: Sneasler|Close Combat|p1a: Gholdengo
|-immune|p1a: Gholdengo
|
|upkeep
|
|t:|1754581552
|switch|p1b: Incineroar|Incineroar, L50, F|50/100
|-ability|p1b: Incineroar|Intimidate|boost
|-unboost|p2a: Sneasler|atk|1
|-unboost|p2b: Talonflame|atk|1
|turn|7
|
|t:|1754581576
|move|p2a: Sneasler|Protect|p2a: Sneasler
|-singleturn|p2a: Sneasler|Protect
|move|p2b: Talonflame|Flare Blitz|p1a: Gholdengo
|-supereffective|p1a: Gholdengo
|-damage|p1a: Gholdengo|0 fnt
|faint|p1a: Gholdengo
|-damage|p2b: Talonflame|90/100|[from] Recoil
|move|p1b: Incineroar|Knock Off|p2b: Talonflame
|-damage|p2b: Talonflame|31/100
|-enditem|p2b: Talonflame|Covert Cloak|[from] move: Knock Off|[of] p1b: Incineroar
|
|upkeep
|
|t:|1754581584
|switch|p1a: Sneasler|Sneasler, L50, M|100/100
|turn|8
|
|t:|1754581604
|move|p2a: Sneasler|Close Combat|p1b: Incineroar
|-supereffective|p1b: Incineroar
|-damage|p1b: Incineroar|0 fnt
|-unboost|p2a: Sneasler|def|1
|-unboost|p2a: Sneasler|spd|1
|faint|p1b: Incineroar
|move|p1a: Sneasler|Dire Claw|p2b: Talonflame
|-damage|p2b: Talonflame|0 fnt
|faint|p2b: Talonflame
|
|upkeep
|
|t:|1754581612
|switch|p2b: Indeedee|Indeedee, L50, M|1/100
|-fieldstart|move: Psychic Terrain|[from] ability: Psychic Surge|[of] p2b: Indeedee
|turn|9
|
|t:|1754581632
|move|p2a: Sneasler|Dire Claw|p1a: Sneasler
|-resisted|p1a: Sneasler
|-damage|p1a: Sneasler|74/100
|move|p1a: Sneasler|Dire Claw|p2b: Indeedee
|-damage|p2b: Indeedee|0 fnt
|faint|p2b: Indeedee
|
|upkeep
|turn|10
|
|t:|1754581642
|move|p2a: Sneasler|Dire Claw|p1a: Sneasler
|-resisted|p1a: Sneasler
|-damage|p1a: Sneasler|47/100
|move|p1a: Sneasler|Dire Claw|p2a: Sneasler
|-resisted|p2a: Sneasler
|-damage|p2a: Sneasler|47/100
|-status|p2a: Sneasler|par
|
|upkeep
|turn|11
|
|t:|1754581652
|move|p1a: Sneasler|Dire Claw|p2a: Sneasler
|-resisted|p2a: Sneasler
|-damage|p2a: Sneasler|0 fnt
|faint|p2a: Sneasler
|
|win|QUELON
|raw|QUELON's rating: 1199 → 1227(+28 for winning)
|raw|Daniw9's rating: 1240 → 1212(-28 for losing)
|l|☆Daniw9
|player|p2|
