|j|☆Prince Sparks
|j|☆nov2023
|html|Prince Sparksnov2023    
|uhtml|bestof|Game 2 of a best-of-3
|t:|1756172135
|gametype|doubles
|player|p1|Prince Sparks|gambler|
|player|p2|nov2023|cameraman|
|gen|9
|tier|[Gen 9] VGC 2025 Reg H (Bo3)
|rule|Species Clause: Limit one of each Pokémon
|rule|Item Clause: Limit 1 of each item
|clearpoke
|poke|p1|Smeargle, L50, F|
|poke|p1|Zoroark-Hisui, L50, M|
|poke|p1|Torkoal, L50, F|
|poke|p1|Indeedee-F, L50, F|
|poke|p1|Hatterene, L50, F|
|poke|p1|Ursaluna, L50, M|
|poke|p2|Reuniclus, L50, M|
|poke|p2|Tyranitar, L50, F|
|poke|p2|Indeedee-F, L50, F|
|poke|p2|Garchomp, L50, F|
|poke|p2|Volcarona, L50, F|
|poke|p2|Hitmontop, L50, M|
|teampreview|4
|showteam|p1|Smeargle||EjectPack|Moody|FollowMe,Spore,Taunt,FakeOut|||F|||50|,,,,,Grass]Zoroark-Hisui||ChoiceSpecs|Illusion|HyperVoice,ShadowBall,TeraBlast,Trick|||M|||50|,,,,,Fighting]Torkoal||Charcoal|Drought|Eruption,WeatherBall,Protect,ClearSmog|||F|||50|,,,,,Flying]Indeedee-F||SafetyGoggles|PsychicSurge|Psychic,FollowMe,HelpingHand,TrickRoom|||F|||50|,,,,,Water]Hatterene||LifeOrb|MagicBounce|ExpandingForce,DazzlingGleam,Protect,TrickRoom|||F|||50|,,,,,Fire]Ursaluna||FlameOrb|Guts|Facade,HeadlongRush,Earthquake,Protect|||M|||50|,,,,,Bug
|showteam|p2|Reuniclus||LifeOrb|MagicGuard|Protect,ExpandingForce,Gravity,FocusBlast|||M|||50|,,,,,Fighting]Tyranitar||AssaultVest|SandStream|LowKick,RockSlide,KnockOff,TeraBlast|||F|||50|,,,,,Stellar]Indeedee-F||CovertCloak|PsychicSurge|TrickRoom,HelpingHand,FollowMe,Imprison|||F|||50|,,,,,Grass]Garchomp||ClearAmulet|SandVeil|Earthquake,DragonClaw,Protect,SwordsDance|||F|||50|,,,,,Fairy]Volcarona||SafetyGoggles|FlameBody|Tailwind,GigaDrain,HeatWave,QuiverDance|||F|||50|,,,,,Flying]Hitmontop||EjectPack|Intimidate|WideGuard,HelpingHand,CloseCombat,Protect|||M|||50|,,,,,Fighting
|inactive|Battle timer is ON: inactive players will automatically lose when time's up. (requested by nov2023)
|
|t:|1756172150
|teamsize|p1|4
|teamsize|p2|4
|start
|switch|p1a: Indeedee|Indeedee-F, L50, F|100/100
|switch|p1b: Hatterene|Hatterene, L50, F|100/100
|switch|p2a: Hitmontop|Hitmontop, L50, M|100/100
|switch|p2b: Volcarona|Volcarona, L50, F|100/100
|-ability|p2a: Hitmontop|Intimidate|boost
|-unboost|p1a: Indeedee|atk|1
|-unboost|p1b: Hatterene|atk|1
|-fieldstart|move: Psychic Terrain|[from] ability: Psychic Surge|[of] p1a: Indeedee
|turn|1
|inactive|Prince Sparks has 30 seconds left.
|
|t:|1756172182
|move|p1b: Hatterene|Trick|p2b: Volcarona
|-activate|p1b: Hatterene|move: Trick|[of] p2b: Volcarona
|-item|p2b: Volcarona|Choice Specs|[from] move: Trick
|-item|p1b: Hatterene|Safety Goggles|[from] move: Trick
|move|p2a: Hitmontop|Close Combat|p1b: Hatterene
|-immune|p1b: Hatterene
|move|p2b: Volcarona|Quiver Dance|p2b: Volcarona
|-boost|p2b: Volcarona|spa|1
|-boost|p2b: Volcarona|spd|1
|-boost|p2b: Volcarona|spe|1
|move|p1a: Indeedee|Psychic|p2a: Hitmontop
|-supereffective|p2a: Hitmontop
|-damage|p2a: Hitmontop|0 fnt
|faint|p2a: Hitmontop
|
|upkeep
|
|t:|1756172197
|switch|p2a: Tyranitar|Tyranitar, L50, F|100/100
|-weather|Sandstorm|[from] ability: Sand Stream|[of] p2a: Tyranitar
|turn|2
|
|t:|1756172208
|switch|p2b: Reuniclus|Reuniclus, L50, M|100/100
|-terastallize|p1b: Hatterene|Fighting
|move|p1a: Indeedee|Helping Hand|p1b: Hatterene
|-singleturn|p1b: Hatterene|Helping Hand|[of] p1a: Indeedee
|move|p1b: Hatterene|Tera Blast|p2a: Tyranitar|[anim] Tera Blast Fighting
|-supereffective|p2a: Tyranitar
|-damage|p2a: Tyranitar|12/100
|move|p2a: Tyranitar|Knock Off|p1a: Indeedee
|-supereffective|p1a: Indeedee
|-damage|p1a: Indeedee|0 fnt
|-enditem|p1a: Indeedee|Safety Goggles|[from] move: Knock Off|[of] p2a: Tyranitar
|faint|p1a: Indeedee
|
|-weather|Sandstorm|[upkeep]
|upkeep
|
|t:|1756172226
|switch|p1a: Hatterene|Hatterene, L50, F|100/100
|turn|3
|c|☆nov2023|nice zoruark
|inactive|nov2023 has 30 seconds left.
|c|☆Prince Sparks|it's really fun
|inactive|nov2023 has 20 seconds left.
|inactive|nov2023 has 15 seconds left.
|
|t:|1756172268
|move|p1b: Hatterene|Shadow Ball|p2b: Reuniclus
|-supereffective|p2b: Reuniclus
|-damage|p2b: Reuniclus|20/100
|move|p2a: Tyranitar|Knock Off|p1a: Hatterene
|-damage|p1a: Hatterene|45/100
|-enditem|p1a: Hatterene|Life Orb|[from] move: Knock Off|[of] p2a: Tyranitar
|move|p2b: Reuniclus|Expanding Force|p1a: Hatterene|[spread] p1a,p1b
|-resisted|p1a: Hatterene
|-supereffective|p1b: Hatterene
|-damage|p1a: Hatterene|0 fnt
|-damage|p1b: Hatterene|0 fnt
|replace|p1b: Zoroark|Zoroark-Hisui, L50, M
|-end|p1b: Zoroark|Illusion
|faint|p1a: Hatterene
|faint|p1b: Zoroark
|
|-weather|Sandstorm|[upkeep]
|upkeep
|
|t:|1756172278
|switch|p1b: Ursaluna|Ursaluna, L50, M|100/100
|turn|4
|
|t:|1756172291
|move|p2a: Tyranitar|Knock Off|p1b: Ursaluna
|-damage|p1b: Ursaluna|63/100
|-enditem|p1b: Ursaluna|Flame Orb|[from] move: Knock Off|[of] p2a: Tyranitar
|move|p1b: Ursaluna|Earthquake|p2b: Reuniclus|[spread] p2a,p2b
|-supereffective|p2a: Tyranitar
|-damage|p2a: Tyranitar|0 fnt
|-damage|p2b: Reuniclus|0 fnt
|faint|p2a: Tyranitar
|faint|p2b: Reuniclus
|
|-weather|Sandstorm|[upkeep]
|upkeep
|
|t:|1756172301
|switch|p2a: Volcarona|Volcarona, L50, F|100/100
|turn|5
|
|t:|1756172307
|-terastallize|p2a: Volcarona|Flying
|move|p2a: Volcarona|Giga Drain|p1b: Ursaluna
|-supereffective|p1b: Ursaluna
|-damage|p1b: Ursaluna|2/100
|move|p1b: Ursaluna|Headlong Rush|p2a: Volcarona
|-immune|p2a: Volcarona
|
|-weather|Sandstorm|[upkeep]
|-damage|p2a: Volcarona|94/100|[from] Sandstorm
|-fieldend|move: Psychic Terrain
|upkeep
|turn|6
|l|☆Prince Sparks
|inactive|Prince Sparks disconnected and has 300 seconds to reconnect!
|player|p1|
|inactive|Prince Sparks has 270 seconds to reconnect!
|inactive|Prince Sparks has 240 seconds to reconnect!
|inactive|Prince Sparks has 210 seconds to reconnect!
|j|☆Prince Sparks
|inactive|Prince Sparks reconnected and has 40 seconds left.
|player|p1|Prince Sparks|gambler|
|
|t:|1756172441
|move|p2a: Volcarona|Giga Drain|p1b: Ursaluna
|-supereffective|p1b: Ursaluna
|-damage|p1b: Ursaluna|0 fnt
|-heal|p2a: Volcarona|95/100|[from] drain|[of] p1b: Ursaluna
|faint|p1b: Ursaluna
|
|win|nov2023
