|j|☆leonsunp
|j|☆jokkebrok
|html|leonsunpjokkebrok    
|uhtml|bestof|Game 2 of a best-of-3
|t:|1756368791
|gametype|doubles
|player|p1|leonsunp|colress|1114
|player|p2|jokkebrok|larry|1056
|gen|9
|tier|[Gen 9] VGC 2025 Reg H (Bo3)
|rated|
|rule|Species Clause: Limit one of each Pokémon
|rule|Item Clause: Limit 1 of each item
|clearpoke
|poke|p1|Sneasler, L50, M|
|poke|p1|Rillaboom, L50, M|
|poke|p1|Kingambit, L50, M|
|poke|p1|Salamence, L50, M|
|poke|p1|Volcarona, L50, M|
|poke|p1|Ninetales-Alola, L50, M|
|poke|p2|Greninja-*, L50, M|
|poke|p2|Annihilape, L50, M|
|poke|p2|Pelipper, L50, M|
|poke|p2|Basculegion, L50, M|
|poke|p2|Archaludon, L50, M|
|poke|p2|Dragapult, L50, M|
|teampreview|4
|showteam|p1|Sneasler||WhiteHerb|Unburden|CloseCombat,DireClaw,Coaching,Protect|||M|||50|,,,,,Stellar]Rillaboom||AssaultVest|GrassySurge|WoodHammer,GrassyGlide,HighHorsepower,FakeOut|||M|||50|,,,,,Water]Kingambit||BlackGlasses|Defiant|KowtowCleave,SuckerPunch,SwordsDance,Protect|||M|||50|,,,,,Dark]Salamence||SafetyGoggles|Intimidate|DualWingbeat,DracoMeteor,Tailwind,Protect|||M|||50|,,,,,Fire]Volcarona||Leftovers|FlameBody|HeatWave,TeraBlast,QuiverDance,Protect|||M|||50|,,,,,Fairy]Ninetales-Alola||LightClay|SnowWarning|Encore,FreezeDry,AuroraVeil,Blizzard|||M|||50|,,,,,Ghost
|showteam|p2|Greninja||LoadedDice|Torrent|WaterShuriken,ShadowSneak,Haze,Protect|||M|||50|,,,,,Ghost]Annihilape||ChoiceScarf|Defiant|RageFist,CloseCombat,FinalGambit,Uturn|||M|||50|,,,,,Steel]Pelipper||FocusSash|Drizzle|Tailwind,Hurricane,WeatherBall,Protect|||M|||50|,,,,,Ground]Basculegion||LifeOrb|SwiftSwim|FlipTurn,WaveCrash,LastRespects,Protect|||M|||50|,,,,,Ghost]Archaludon||AssaultVest|Stamina|BodyPress,HeavySlam,ElectroShot,DragonPulse|||M|||50|,,,,,Grass]Dragapult||ChoiceBand|ClearBody|DragonDarts,PhantomForce,Outrage,Uturn|||M|||50|,,,,,Dragon
|inactive|Battle timer is ON: inactive players will automatically lose when time's up. (requested by leonsunp)
|inactive|leonsunp has 60 seconds left.
|inactive|leonsunp has 30 seconds left.
|inactive|leonsunp has 20 seconds left.
|inactive|leonsunp has 15 seconds left.
|inactive|leonsunp has 10 seconds left.
|
|t:|1756368878
|teamsize|p1|4
|teamsize|p2|4
|start
|switch|p1a: Salamence|Salamence, L50, M|100/100
|switch|p1b: Volcarona|Volcarona, L50, M|100/100
|switch|p2a: Greninja|Greninja, L50, M|100/100
|switch|p2b: Annihilape|Annihilape, L50, M|100/100
|-ability|p1a: Salamence|Intimidate|boost
|-unboost|p2a: Greninja|atk|1
|-unboost|p2b: Annihilape|atk|1
|-ability|p2b: Annihilape|Defiant|boost
|-boost|p2b: Annihilape|atk|2
|turn|1
|inactive|jokkebrok has 30 seconds left.
|
|t:|1756368906
|-terastallize|p2b: Annihilape|Steel
|-terastallize|p1b: Volcarona|Fairy
|move|p2a: Greninja|Water Shuriken|p2b: Annihilape
|-damage|p2b: Annihilape|96/100
|-damage|p2b: Annihilape|89/100
|-damage|p2b: Annihilape|84/100
|-damage|p2b: Annihilape|78/100
|-hitcount|p2b: Annihilape|4
|move|p2b: Annihilape|Rage Fist|p1b: Volcarona
|-damage|p1b: Volcarona|0 fnt
|faint|p1b: Volcarona
|move|p1a: Salamence|Dual Wingbeat|p2b: Annihilape
|-resisted|p2b: Annihilape
|-damage|p2b: Annihilape|65/100
|-resisted|p2b: Annihilape
|-damage|p2b: Annihilape|53/100
|-hitcount|p2b: Annihilape|2
|
|upkeep
|
|t:|1756368923
|switch|p1b: Kingambit|Kingambit, L50, M|100/100
|turn|2
|
|t:|1756368941
|move|p2a: Greninja|Protect|p2a: Greninja
|-singleturn|p2a: Greninja|Protect
|move|p1b: Kingambit|Sucker Punch|p2b: Annihilape
|-damage|p2b: Annihilape|0 fnt
|faint|p2b: Annihilape
|move|p1a: Salamence|Tailwind|p1a: Salamence
|-sidestart|p1: leonsunp|move: Tailwind
|
|upkeep
|
|t:|1756368950
|switch|p2b: Pelipper|Pelipper, L50, M|100/100
|-weather|RainDance|[from] ability: Drizzle|[of] p2b: Pelipper
|turn|3
|inactive|leonsunp has 30 seconds left.
|
|t:|1756368977
|move|p2a: Greninja|Water Shuriken|p1a: Salamence
|-resisted|p1a: Salamence
|-damage|p1a: Salamence|96/100
|-resisted|p1a: Salamence
|-crit|p1a: Salamence
|-damage|p1a: Salamence|88/100
|-resisted|p1a: Salamence
|-damage|p1a: Salamence|83/100
|-resisted|p1a: Salamence
|-damage|p1a: Salamence|78/100
|-hitcount|p1a: Salamence|4
|move|p1a: Salamence|Dual Wingbeat|p2a: Greninja
|-damage|p2a: Greninja|70/100
|-damage|p2a: Greninja|43/100
|-hitcount|p2a: Greninja|2
|move|p1b: Kingambit|Swords Dance|p1b: Kingambit
|-boost|p1b: Kingambit|atk|2
|move|p2b: Pelipper|Tailwind|p2b: Pelipper
|-sidestart|p2: jokkebrok|move: Tailwind
|
|-weather|RainDance|[upkeep]
|upkeep
|turn|4
|inactive|leonsunp has 30 seconds left.
|inactive|leonsunp has 20 seconds left.
|
|t:|1756369017
|move|p2a: Greninja|Protect|p2a: Greninja
|-singleturn|p2a: Greninja|Protect
|move|p1a: Salamence|Dual Wingbeat|p2a: Greninja
|-activate|p2a: Greninja|move: Protect
|move|p2b: Pelipper|Hurricane|p1a: Salamence
|-damage|p1a: Salamence|31/100
|move|p1b: Kingambit|Kowtow Cleave|p2b: Pelipper
|-enditem|p2b: Pelipper|Focus Sash
|-damage|p2b: Pelipper|1/100
|
|-weather|RainDance|[upkeep]
|upkeep
|turn|5
|inactive|jokkebrok has 30 seconds left.
|
|t:|1756369050
|move|p1b: Kingambit|Sucker Punch|p2b: Pelipper
|-damage|p2b: Pelipper|0 fnt
|faint|p2b: Pelipper
|move|p2a: Greninja|Haze|p2a: Greninja
|-clearallboost
|move|p1a: Salamence|Dual Wingbeat|p2a: Greninja
|-damage|p2a: Greninja|14/100
|-damage|p2a: Greninja|0 fnt
|faint|p2a: Greninja
|-hitcount|p2: Greninja|2
|
|-weather|RainDance|[upkeep]
|-sideend|p1: leonsunp|move: Tailwind
|upkeep
|
|t:|1756369063
|switch|p2b: Archaludon|Archaludon, L50, M|100/100
|turn|6
|
|t:|1756369073
|move|p2b: Archaludon|Dragon Pulse|p1a: Salamence
|-supereffective|p1a: Salamence
|-damage|p1a: Salamence|0 fnt
|faint|p1a: Salamence
|move|p1b: Kingambit|Swords Dance|p1b: Kingambit
|-boost|p1b: Kingambit|atk|2
|
|-weather|RainDance|[upkeep]
|-sideend|p2: jokkebrok|move: Tailwind
|upkeep
|
|t:|1756369080
|switch|p1a: Ninetales|Ninetales-Alola, L50, M|100/100
|-weather|Snowscape|[from] ability: Snow Warning|[of] p1a: Ninetales
|turn|7
|
|t:|1756369091
|move|p1a: Ninetales|Encore|p2b: Archaludon
|-start|p2b: Archaludon|Encore
|move|p2b: Archaludon|Dragon Pulse|p1b: Kingambit
|-resisted|p1b: Kingambit
|-damage|p1b: Kingambit|79/100
|move|p1b: Kingambit|Swords Dance|p1b: Kingambit
|-boost|p1b: Kingambit|atk|2
|
|-weather|Snowscape|[upkeep]
|upkeep
|turn|8
|-message|jokkebrok forfeited.
|
|win|leonsunp
||leonsunp is ready for game 3.
||jokkebrok is ready for game 3.
|uhtml|next|Next: Game 3 of 3
|l|☆leonsunp
|player|p1|
