|j|☆thebusinesspiggy2
|j|☆LovelyLilypad
|html|thebusinesspiggy2LovelyLilypad    
|uhtml|bestof|Game 1 of a best-of-3
|t:|1757726897
|gametype|doubles
|player|p1|thebusinesspiggy2|iris-gen5bw2|
|player|p2|LovelyLilypad|caitlin|
|gen|9
|tier|[Gen 9] VGC 2025 Reg H (Bo3)
|rule|Species Clause: Limit one of each Pokémon
|rule|Item Clause: Limit 1 of each item
|clearpoke
|poke|p1|Electrode, L50|
|poke|p1|Serperior, L50, F|
|poke|p1|Murkrow, L50, F|
|poke|p1|Arcanine-Hisui, L50, M|
|poke|p1|Bisharp, L50, M|
|poke|p1|Baxcalibur, L50, M|
|poke|p2|Hatterene, L50, F|
|poke|p2|Farigiraf, L50, M|
|poke|p2|Dragapult, L50, M|
|poke|p2|Kommo-o, L50, F|
|poke|p2|Yanmega, L50, F|
|poke|p2|Magnezone, L50|
|teampreview|4
|showteam|p1|Electrode||CovertCloak|Soundproof|Electroweb,FoulPlay,EerieImpulse,Taunt||||||50|,,,,,Dark]Serperior||ChoiceSpecs|Contrary|LeafStorm,FrenzyPlant,TeraBlast,DragonPulse|||F|||50|,,,,,Stellar]Murkrow||FocusSash|Prankster|Tailwind,FeatherDance,FoulPlay,Quash|||F|||50|,,,,,Ghost]Arcanine-Hisui||SafetyGoggles|Intimidate|FlareBlitz,HeadSmash,RockSlide,Protect|||M|||50|,,,,,Dragon]Bisharp||Eviolite|Defiant|IronHead,ThroatChop,SuckerPunch,Protect|||M|||50|,,,,,Water]Baxcalibur||LifeOrb|ThermalExchange|IcicleCrash,GlaiveRush,HighHorsepower,Protect|||M|||50|,,,,,Steel
|showteam|p2|Hatterene||LifeOrb|MagicBounce|ExpandingForce,DazzlingGleam,MysticalFire,TrickRoom|||F|||50|,,,,,Fire]Farigiraf||SafetyGoggles|ArmorTail|HyperVoice,StoredPower,ShadowBall,PsychUp|||M|||50|,,,,,Stellar]Dragapult||ChoiceBand|ClearBody|DragonDarts,Outrage,PhantomForce,Uturn|||M|||50|,,,,,Dragon]Kommo-o||ThroatSpray|Overcoat|ClangingScales,Flamethrower,AuraSphere,ClangorousSoul|||F|||50|,,,,,Fire]Yanmega||FocusSash|SpeedBoost|Protect,Tailwind,AirSlash,BugBuzz|||F|||50|,,,,,Ghost]Magnezone||ChoiceSpecs|Sturdy|Thunderbolt,FlashCannon,TeraBlast,VoltSwitch||||||50|,,,,,Flying
|c|☆thebusinesspiggy2|glhf
|c|☆LovelyLilypad|you too!! glhf
|
|t:|1757726941
|teamsize|p1|4
|teamsize|p2|4
|start
|switch|p1a: Dung Defender|Electrode, L50|100/100
|switch|p1b: Mossy|Serperior, L50, F, shiny|100/100
|switch|p2a: Hot Topic Shopper|Farigiraf, L50, M|100/100
|switch|p2b: Zildjian|Kommo-o, L50, F|100/100
|turn|1
|
|t:|1757726980
|move|p1a: Dung Defender|Eerie Impulse|p2b: Zildjian
|-unboost|p2b: Zildjian|spa|2
|move|p1b: Mossy|Leaf Storm|p2a: Hot Topic Shopper
|-damage|p2a: Hot Topic Shopper|33/100
|-boost|p1b: Mossy|spa|2
|move|p2b: Zildjian|Clangorous Soul|p2b: Zildjian
|-boost|p2b: Zildjian|atk|1
|-boost|p2b: Zildjian|def|1
|-boost|p2b: Zildjian|spa|1
|-boost|p2b: Zildjian|spd|1
|-boost|p2b: Zildjian|spe|1
|-damage|p2b: Zildjian|68/100
|-enditem|p2b: Zildjian|Throat Spray
|-boost|p2b: Zildjian|spa|1|[from] item: Throat Spray
|move|p2a: Hot Topic Shopper|Psych Up|p2b: Zildjian
|-copyboost|p2a: Hot Topic Shopper|p2b: Zildjian|[from] move: Psych Up
|
|upkeep
|turn|2
|
|t:|1757727021
|move|p1a: Dung Defender|Eerie Impulse|p2b: Zildjian
|-unboost|p2b: Zildjian|spa|2
|move|p2b: Zildjian|Clanging Scales|p1a: Dung Defender|[spread] p1b
|-immune|p1a: Dung Defender|[from] ability: Soundproof
|-damage|p1b: Mossy|79/100
|-unboost|p2b: Zildjian|def|1
|move|p1b: Mossy|Leaf Storm|p2a: Hot Topic Shopper
|-damage|p2a: Hot Topic Shopper|0 fnt
|-boost|p1b: Mossy|spa|2
|faint|p2a: Hot Topic Shopper
|
|upkeep
|
|t:|1757727035
|switch|p2a: Bazelgeuse|Dragapult, L50, M|100/100
|turn|3
|
|t:|1757727077
|switch|p2b: BZZT!|Yanmega, L50, F|100/100
|-terastallize|p2a: Bazelgeuse|Dragon
|-terastallize|p1b: Mossy|Stellar
|move|p1a: Dung Defender|Foul Play|p2a: Bazelgeuse
|-damage|p2a: Bazelgeuse|54/100
|move|p2a: Bazelgeuse|Dragon Darts|p1b: Mossy
|-damage|p1b: Mossy|14/100
|-anim|p2a: Bazelgeuse|Dragon Darts|p1a: Dung Defender
|-damage|p1a: Dung Defender|27/100
|move|p1b: Mossy|Leaf Storm|p2a: Bazelgeuse
|-resisted|p2a: Bazelgeuse
|-crit|p2a: Bazelgeuse
|-damage|p2a: Bazelgeuse|0 fnt
|-boost|p1b: Mossy|spa|2
|faint|p2a: Bazelgeuse
|
|upkeep
|
|t:|1757727093
|switch|p2a: Zildjian|Kommo-o, L50, F|68/100
|turn|4
|
|t:|1757727127
|move|p2b: BZZT!|Protect|p2b: BZZT!
|-singleturn|p2b: BZZT!|Protect
|move|p1a: Dung Defender|Electroweb|p2a: Zildjian|[spread] p2a
|-activate|p2b: BZZT!|move: Protect
|-resisted|p2a: Zildjian
|-damage|p2a: Zildjian|62/100
|-unboost|p2a: Zildjian|spe|1
|move|p1b: Mossy|Leaf Storm|p2a: Zildjian
|-resisted|p2a: Zildjian
|-damage|p2a: Zildjian|0 fnt
|faint|p2a: Zildjian
|
|-ability|p2b: BZZT!|Speed Boost|boost
|-boost|p2b: BZZT!|spe|1
|upkeep
|turn|5
|
|t:|1757727151
|move|p2b: BZZT!|Bug Buzz|p1a: Dung Defender
|-immune|p1a: Dung Defender|[from] ability: Soundproof
|move|p1a: Dung Defender|Electroweb|p2b: BZZT!
|-supereffective|p2b: BZZT!
|-damage|p2b: BZZT!|43/100
|-unboost|p2b: BZZT!|spe|1
|move|p1b: Mossy|Leaf Storm|p2b: BZZT!|[miss]
|-miss|p1b: Mossy|p2b: BZZT!
|
|-ability|p2b: BZZT!|Speed Boost|boost
|-boost|p2b: BZZT!|spe|1
|upkeep
|turn|6
|
|t:|1757727163
|move|p2b: BZZT!|Bug Buzz|p1b: Mossy
|-supereffective|p1b: Mossy
|-damage|p1b: Mossy|0 fnt
|faint|p1b: Mossy
|move|p1a: Dung Defender|Electroweb|p2b: BZZT!|[miss]
|-miss|p1a: Dung Defender|p2b: BZZT!
|
|-ability|p2b: BZZT!|Speed Boost|boost
|-boost|p2b: BZZT!|spe|1
|upkeep
|
|t:|1757727171
|switch|p1b: Sheo|Bisharp, L50, M|100/100
|turn|7
|c|☆thebusinesspiggy2|ggs
|
|t:|1757727178
|move|p1b: Sheo|Sucker Punch|p2b: BZZT!
|-damage|p2b: BZZT!|0 fnt
|faint|p2b: BZZT!
|
|win|thebusinesspiggy2
||thebusinesspiggy2 is ready for game 2.
||LovelyLilypad is ready for game 2.
|uhtml|next|Next: Game 2 of 3
|l|☆thebusinesspiggy2
|player|p1|
|l|☆LovelyLilypad
|player|p2|
