|j|☆ShadowGhost4488
|j|☆yuirs gsb
|html|ShadowGhost4488yuirs gsb    
|uhtml|bestof|Game 3 of a best-of-3
|t:|1783277272
|gametype|doubles
|player|p1|ShadowGhost4488|unknownf|1155
|player|p2|yuirs gsb|benga|1079
|gen|9
|tier|[Gen 9 Champions] VGC 2026 Reg M-B (Bo3)
|rated|
|rule|Species Clause: Limit one of each Pokémon
|rule|Item Clause: Limit 1 of each item
|clearpoke
|poke|p1|Scrafty, L50, M, shiny|
|poke|p1|Charizard, L50, M, shiny|
|poke|p1|Sylveon, L50, F, shiny|
|poke|p1|Garchomp, L50, F, shiny|
|poke|p1|Farigiraf, L50, F, shiny|
|poke|p1|Aerodactyl, L50, M, shiny|
|poke|p2|Araquanid, L50, F|
|poke|p2|Venusaur, L50, F|
|poke|p2|Heliolisk, L50, M|
|poke|p2|Metagross, L50|
|poke|p2|Garganacl, L50, F|
|poke|p2|Garchomp, L50, F|
|teampreview|4
|showteam|p1|Scrafty||Scraftinite|Intimidate|FakeOut,Detect,CloseCombat,KnockOff|Adamant||M|||50|]Charizard||CharizarditeY|Blaze|HeatWave,WeatherBall,SolarBeam,Protect|Modest||M|||50|]Sylveon||FairyFeather|Pixilate|Detect,QuickAttack,HyperVoice,HyperBeam|Modest||F|||50|]Garchomp||LifeOrb|RoughSkin|Earthquake,Protect,RockSlide,DragonClaw|Jolly||F|||50|]Farigiraf||SitrusBerry|ArmorTail|TrickRoom,HelpingHand,HyperVoice,TwinBeam|Bold||F|||50|]Aerodactyl||FocusSash|Unnerve|Protect,RockSlide,Tailwind,DualWingbeat|Jolly||M|||50|
|showteam|p2|Araquanid||SitrusBerry|WaterBubble|Entrainment,IcyWind,StickyWeb,LeechLife|Impish||F|||50|]Venusaur||Venusaurite|Overgrow|SludgeBomb,GigaDrain,Protect,EarthPower|Modest||F|||50|]Heliolisk||FocusSash|DrySkin|Protect,Thunderbolt,GrassKnot,Electroweb|Timid||M|||50|]Metagross||Metagrossite|ClearBody|IronHead,PsychicFangs,Protect,IcePunch|Adamant|||||50|]Garganacl||Leftovers|PurifyingSalt|SaltCure,Protect,WideGuard,Recover|Careful||F|||50|]Garchomp||LifeOrb|RoughSkin|StompingTantrum,DragonClaw,Protect,RockSlide|Adamant||F|||50|
|inactive|Battle timer is ON: inactive players will automatically lose when time's up. (requested by ShadowGhost4488)
|inactive|yuirs gsb also wants the timer to be on.
|
|t:|1783277294
|teamsize|p1|4
|teamsize|p2|4
|start
|switch|p1a: Aerodactyl|Aerodactyl, L50, M, shiny|100/100
|switch|p1b: Charizard|Charizard, L50, M, shiny|100/100
|switch|p2a: Araquanid|Araquanid, L50, F|100/100
|switch|p2b: Garganacl|Garganacl, L50, F|100/100
|-ability|p1a: Aerodactyl|Unnerve
|turn|1
|
|t:|1783277317
|detailschange|p1b: Charizard|Charizard-Mega-Y, L50, M, shiny
|-mega|p1b: Charizard|Charizard|Charizardite Y
|-weather|SunnyDay|[from] ability: Drought|[of] p1b: Charizard
|move|p1b: Charizard|Protect|p1b: Charizard
|-singleturn|p1b: Charizard|Protect
|move|p1a: Aerodactyl|Rock Slide|p2a: Araquanid|[spread] p2b
|-miss|p1a: Aerodactyl|p2a: Araquanid
|-damage|p2b: Garganacl|84/100
|move|p2a: Araquanid|Icy Wind|p1a: Aerodactyl|[spread] p1a
|-activate|p1b: Charizard|move: Protect
|-supereffective|p1a: Aerodactyl|1
|-damage|p1a: Aerodactyl|85/100
|-unboost|p1a: Aerodactyl|spe|1
|cant|p2b: Garganacl|flinch
|
|-weather|SunnyDay|[upkeep]
|-heal|p2b: Garganacl|89/100|[from] item: Leftovers
|upkeep
|turn|2
|
|t:|1783277335
|move|p2b: Garganacl|Protect|p2b: Garganacl
|-singleturn|p2b: Garganacl|Protect
|move|p1b: Charizard|Solar Beam||[still]
|-prepare|p1b: Charizard|Solar Beam
|-anim|p1b: Charizard|Solar Beam|p2b: Garganacl
|-activate|p2b: Garganacl|move: Protect
|move|p1a: Aerodactyl|Rock Slide|p2b: Garganacl|[spread] p2a
|-activate|p2b: Garganacl|move: Protect
|-supereffective|p2a: Araquanid|1
|-crit|p2a: Araquanid
|-damage|p2a: Araquanid|33/100
|move|p2a: Araquanid|Icy Wind|p1b: Charizard|[spread] p1a,p1b
|-supereffective|p1a: Aerodactyl|1
|-crit|p1b: Charizard
|-damage|p1a: Aerodactyl|70/100
|-damage|p1b: Charizard|90/100
|-unboost|p1a: Aerodactyl|spe|1
|-unboost|p1b: Charizard|spe|1
|
|-weather|SunnyDay|[upkeep]
|-heal|p2b: Garganacl|95/100|[from] item: Leftovers
|upkeep
|turn|3
|
|t:|1783277354
|switch|p2a: Venusaur|Venusaur, L50, F|100/100
|move|p2b: Garganacl|Wide Guard|p2b: Garganacl
|-singleturn|p2b: Garganacl|Wide Guard
|move|p1b: Charizard|Solar Beam||[still]
|-prepare|p1b: Charizard|Solar Beam
|-anim|p1b: Charizard|Solar Beam|p2b: Garganacl
|-supereffective|p2b: Garganacl|1
|-damage|p2b: Garganacl|20/100y
|move|p1a: Aerodactyl|Rock Slide|p2b: Garganacl|[spread] 
|-activate|p2a: Venusaur|move: Wide Guard
|-activate|p2b: Garganacl|move: Wide Guard
|
|-weather|SunnyDay|[upkeep]
|-heal|p2b: Garganacl|26/100|[from] item: Leftovers
|upkeep
|turn|4
|
|t:|1783277375
|detailschange|p2a: Venusaur|Venusaur-Mega, L50, F
|-mega|p2a: Venusaur|Venusaur|Venusaurite
|move|p2b: Garganacl|Wide Guard|p2b: Garganacl
|-singleturn|p2b: Garganacl|Wide Guard
|move|p2a: Venusaur|Giga Drain|p1a: Aerodactyl
|-damage|p1a: Aerodactyl|16/100
|move|p1b: Charizard|Solar Beam||[still]
|-prepare|p1b: Charizard|Solar Beam
|-anim|p1b: Charizard|Solar Beam|p2b: Garganacl
|-supereffective|p2b: Garganacl|1
|-damage|p2b: Garganacl|0 fnt
|faint|p2b: Garganacl
|move|p1a: Aerodactyl|Dual Wingbeat|p2a: Venusaur
|-supereffective|p2a: Venusaur|1
|-damage|p2a: Venusaur|71/100
|-supereffective|p2a: Venusaur|1
|-damage|p2a: Venusaur|41/100
|-hitcount|p2a: Venusaur|2
|
|-weather|SunnyDay|[upkeep]
|upkeep
|
|t:|1783277385
|switch|p2b: Garchomp|Garchomp, L50, F|100/100
|turn|5
|
|t:|1783277401
|move|p1b: Charizard|Protect|p1b: Charizard
|-singleturn|p1b: Charizard|Protect
|move|p2b: Garchomp|Rock Slide|p1a: Aerodactyl|[spread] p1a
|-activate|p1b: Charizard|move: Protect
|-supereffective|p1a: Aerodactyl|1
|-damage|p1a: Aerodactyl|0 fnt
|faint|p1a: Aerodactyl
|-damage|p2b: Garchomp|90/100|[from] item: Life Orb
|move|p2a: Venusaur|Sludge Bomb|p1b: Charizard
|-activate|p1b: Charizard|move: Protect
|
|-weather|none
|upkeep
|
|t:|1783277408
|switch|p1a: Sylveon|Sylveon, L50, F, shiny|100/100
|turn|6
|
|t:|1783277424
|switch|p1b: Garchomp|Garchomp, L50, F, shiny|100/100
|move|p2b: Garchomp|Stomping Tantrum|p1a: Sylveon
|-damage|p1a: Sylveon|43/100
|-damage|p2b: Garchomp|80/100|[from] item: Life Orb
|move|p2a: Venusaur|Sludge Bomb|p1a: Sylveon
|-supereffective|p1a: Sylveon|1
|-damage|p1a: Sylveon|0 fnt
|faint|p1a: Sylveon
|
|upkeep
|
|t:|1783277433
|switch|p1a: Charizard|Charizard-Mega-Y, L50, M, shiny|90/100
|-weather|SunnyDay|[from] ability: Drought|[of] p1a: Charizard
|turn|7
|
|t:|1783277441
|move|p1b: Garchomp|Protect|p1b: Garchomp
|-singleturn|p1b: Garchomp|Protect
|move|p1a: Charizard|Solar Beam||[still]
|-prepare|p1a: Charizard|Solar Beam
|-anim|p1a: Charizard|Solar Beam|p2b: Garchomp
|-damage|p2b: Garchomp|35/100
|move|p2b: Garchomp|Rock Slide|p1a: Charizard|[spread] p1a
|-activate|p1b: Garchomp|move: Protect
|-supereffective|p1a: Charizard|2
|-damage|p1a: Charizard|0 fnt
|faint|p1a: Charizard
|-damage|p2b: Garchomp|25/100|[from] item: Life Orb
|move|p2a: Venusaur|Giga Drain|p1b: Garchomp
|-activate|p1b: Garchomp|move: Protect
|
|-weather|SunnyDay|[upkeep]
|upkeep
|turn|8
|
|t:|1783277454
|move|p1b: Garchomp|Earthquake|p2a: Venusaur|[spread] p2a,p2b
|-damage|p2a: Venusaur|0 fnt
|-damage|p2b: Garchomp|0 fnt
|faint|p2a: Venusaur
|faint|p2b: Garchomp
|-damage|p1b: Garchomp|90/100|[from] item: Life Orb
|
|-weather|SunnyDay|[upkeep]
|upkeep
|
|t:|1783277459
|switch|p2b: Araquanid|Araquanid, L50, F|33/100
|-enditem|p2b: Araquanid|Sitrus Berry|[eat]
|-heal|p2b: Araquanid|58/100|[from] item: Sitrus Berry
|turn|9
|
|t:|1783277466
|move|p1b: Garchomp|Rock Slide|p2b: Araquanid
|-supereffective|p2b: Araquanid|1
|-damage|p2b: Araquanid|0 fnt
|faint|p2b: Araquanid
|-damage|p1b: Garchomp|80/100|[from] item: Life Orb
|
|win|ShadowGhost4488
|raw|ShadowGhost4488's rating: 1155 → 1175(+20 for winning)
|raw|yuirs gsb's rating: 1079 → 1062(-17 for losing)
|l|☆yuirs gsb
|player|p2|
