|j|☆TimidSwamp
|j|☆Brutalandathebozz
|html|TimidSwampBrutalandathebozz    
|uhtml|bestof|Game 2 of a best-of-3
|t:|1756103478
|gametype|doubles
|player|p1|TimidSwamp|psychicf|1193
|player|p2|Brutalandathebozz|102|1156
|gen|9
|tier|[Gen 9] VGC 2025 Reg H (Bo3)
|rated|
|rule|Species Clause: Limit one of each Pokémon
|rule|Item Clause: Limit 1 of each item
|clearpoke
|poke|p1|Talonflame, L50, F|
|poke|p1|Baxcalibur, L50, M|
|poke|p1|Pawmot, L50, M|
|poke|p1|Gholdengo, L50|
|poke|p1|Dondozo, L50, F|
|poke|p1|Tatsugiri, L50, M|
|poke|p2|Salamence, L50, M|
|poke|p2|Sneasler, L50, M|
|poke|p2|Kingambit, L50, F|
|poke|p2|Primarina, L50, F|
|poke|p2|Electabuzz, L50, M|
|poke|p2|Rillaboom, L50, M|
|teampreview|4
|showteam|p1|Talonflame||CovertCloak|GaleWings|FlareBlitz,Tailwind,WillOWisp,Taunt|||F|||50|,,,,,Ghost]Baxcalibur||LoadedDice|ThermalExchange|IcicleSpear,ScaleShot,IceShard,Protect|||M|||50|,,,,,Ghost]Pawmot||FocusSash|NaturalCure|DoubleShock,CloseCombat,FakeOut,Protect|||M|||50|,,,,,Electric]Gholdengo||LifeOrb|GoodasGold|MakeItRain,ShadowBall,NastyPlot,Protect||||||50|,,,,,Steel]Dondozo||Leftovers|Unaware|WaveCrash,OrderUp,Earthquake,Protect|||F|||50|,,,,,Grass]Tatsugiri||ChoiceScarf|Commander|MuddyWater,DracoMeteor,IcyWind,DragonPulse|||M|||50|,,,,,Steel
|showteam|p2|Salamence||LifeOrb|Intimidate|DualWingbeat,DracoMeteor,Protect,Tailwind|||M|||50|,,,,,Stellar]Sneasler||FocusSash|PoisonTouch|FakeOut,CloseCombat,DireClaw,Protect|||M|||50|,,,,,Ghost]Kingambit||BlackGlasses|Defiant|KowtowCleave,SuckerPunch,Protect,SwordsDance|||F|||50|,,,,,Dark]Primarina||SitrusBerry|LiquidVoice|HyperVoice,Moonblast,Protect,Haze|||F|||50|,,,,,Poison]Electabuzz||Eviolite|VitalSpirit|Protect,Taunt,FollowMe,Electroweb|||M|||50|,,,,,Ghost]Rillaboom||AssaultVest|GrassySurge|WoodHammer,GrassyGlide,FakeOut,HighHorsepower|||M|||50|,,,,,Fire
|inactive|Battle timer is ON: inactive players will automatically lose when time's up. (requested by TimidSwamp)
|j| teamthief420
|
|t:|1756103507
|teamsize|p1|4
|teamsize|p2|4
|start
|switch|p1a: Baxcalibur|Baxcalibur, L50, M|100/100
|switch|p1b: Gholdengo|Gholdengo, L50|100/100
|switch|p2a: Kingambit|Kingambit, L50, F|100/100
|switch|p2b: Electabuzz|Electabuzz, L50, M|100/100
|turn|1
|
|t:|1756103526
|move|p2b: Electabuzz|Electroweb|p1b: Gholdengo|[spread] p1a
|-miss|p2b: Electabuzz|p1b: Gholdengo
|-resisted|p1a: Baxcalibur
|-damage|p1a: Baxcalibur|93/100
|-unboost|p1a: Baxcalibur|spe|1
|move|p1b: Gholdengo|Shadow Ball|p2a: Kingambit
|-resisted|p2a: Kingambit
|-damage|p2a: Kingambit|70/100
|-damage|p1b: Gholdengo|91/100|[from] item: Life Orb
|move|p1a: Baxcalibur|Icicle Spear|p2a: Kingambit
|-resisted|p2a: Kingambit
|-damage|p2a: Kingambit|65/100
|-resisted|p2a: Kingambit
|-damage|p2a: Kingambit|59/100
|-resisted|p2a: Kingambit
|-damage|p2a: Kingambit|53/100
|-resisted|p2a: Kingambit
|-crit|p2a: Kingambit
|-damage|p2a: Kingambit|44/100
|-hitcount|p2a: Kingambit|4
|move|p2a: Kingambit|Swords Dance|p2a: Kingambit
|-boost|p2a: Kingambit|atk|2
|
|upkeep
|turn|2
|inactive|Brutalandathebozz has 30 seconds left.
|inactive|Brutalandathebozz has 20 seconds left.
|
|t:|1756103565
|move|p2b: Electabuzz|Electroweb|p1a: Baxcalibur|[spread] p1a,p1b
|-resisted|p1a: Baxcalibur
|-damage|p1a: Baxcalibur|85/100
|-damage|p1b: Gholdengo|74/100
|-unboost|p1a: Baxcalibur|spe|1
|-unboost|p1b: Gholdengo|spe|1
|move|p1b: Gholdengo|Shadow Ball|p2b: Electabuzz
|-damage|p2b: Electabuzz|53/100
|-unboost|p2b: Electabuzz|spd|1
|-damage|p1b: Gholdengo|64/100|[from] item: Life Orb
|move|p2a: Kingambit|Kowtow Cleave|p1a: Baxcalibur
|-damage|p1a: Baxcalibur|0 fnt
|faint|p1a: Baxcalibur
|
|upkeep
|
|t:|1756103575
|switch|p1a: Dondozo|Dondozo, L50, F|100/100
|turn|3
|
|t:|1756103581
|switch|p2b: Salamence|Salamence, L50, M|100/100
|-ability|p2b: Salamence|Intimidate|boost
|-unboost|p1a: Dondozo|atk|1
|-unboost|p1b: Gholdengo|atk|1
|switch|p1b: Tatsugiri|Tatsugiri, L50, M|100/100
|-activate|p1b: Tatsugiri|ability: Commander|[of] p1a: Dondozo
|-boost|p1a: Dondozo|atk|2
|-boost|p1a: Dondozo|spa|2
|-boost|p1a: Dondozo|spe|2
|-boost|p1a: Dondozo|def|2
|-boost|p1a: Dondozo|spd|2
|move|p2a: Kingambit|Protect|p2a: Kingambit
|-singleturn|p2a: Kingambit|Protect
|move|p1a: Dondozo|Earthquake|p2a: Kingambit|[spread] 
|-miss|p1a: Dondozo|p1b: Tatsugiri
|-activate|p2a: Kingambit|move: Protect
|-immune|p2b: Salamence
|
|upkeep
|turn|4
|
|t:|1756103596
|-terastallize|p2a: Kingambit|Dark
|move|p2a: Kingambit|Sucker Punch|p1a: Dondozo
|-damage|p1a: Dondozo|76/100
|move|p1a: Dondozo|Order Up|p2b: Salamence
|-supereffective|p2b: Salamence
|-damage|p2b: Salamence|38/100
|-boost|p1a: Dondozo|atk|1
|move|p2b: Salamence|Tailwind|p2b: Salamence
|-sidestart|p2: Brutalandathebozz|move: Tailwind
|
|-heal|p1a: Dondozo|82/100|[from] item: Leftovers
|upkeep
|turn|5
|
|t:|1756103603
|switch|p2b: Primarina|Primarina, L50, F|100/100
|move|p1a: Dondozo|Protect|p1a: Dondozo
|-singleturn|p1a: Dondozo|Protect
|move|p2a: Kingambit|Kowtow Cleave|p1a: Dondozo
|-activate|p1a: Dondozo|move: Protect
|
|-heal|p1a: Dondozo|88/100|[from] item: Leftovers
|upkeep
|turn|6
|
|t:|1756103616
|move|p2a: Kingambit|Protect|p2a: Kingambit
|-singleturn|p2a: Kingambit|Protect
|move|p2b: Primarina|Haze|p2b: Primarina
|-clearallboost
|move|p1a: Dondozo|Wave Crash|p2a: Kingambit
|-activate|p2a: Kingambit|move: Protect
|
|-heal|p1a: Dondozo|94/100|[from] item: Leftovers
|upkeep
|turn|7
|
|t:|1756103628
|switch|p2a: Salamence|Salamence, L50, M|38/100
|-ability|p2a: Salamence|Intimidate|boost
|-unboost|p1a: Dondozo|atk|1
|-unboost|p1b: Tatsugiri|atk|1
|move|p2b: Primarina|Moonblast|p1a: Dondozo
|-damage|p1a: Dondozo|49/100
|-unboost|p1a: Dondozo|spa|1
|move|p1a: Dondozo|Order Up|p2a: Salamence
|-supereffective|p2a: Salamence
|-damage|p2a: Salamence|5/100
|-boost|p1a: Dondozo|atk|1
|
|-heal|p1a: Dondozo|55/100|[from] item: Leftovers
|-sideend|p2: Brutalandathebozz|move: Tailwind
|upkeep
|turn|8
|
|t:|1756103637
|move|p2a: Salamence|Tailwind|p2a: Salamence
|-sidestart|p2: Brutalandathebozz|move: Tailwind
|move|p2b: Primarina|Moonblast|p1a: Dondozo
|-damage|p1a: Dondozo|12/100
|move|p1a: Dondozo|Order Up|p2a: Salamence
|-supereffective|p2a: Salamence
|-damage|p2a: Salamence|0 fnt
|faint|p2a: Salamence
|-boost|p1a: Dondozo|atk|1
|
|-heal|p1a: Dondozo|19/100|[from] item: Leftovers
|upkeep
|
|t:|1756103646
|switch|p2a: Kingambit|Kingambit, L50, F, tera:Dark|44/100
|turn|9
|
|t:|1756103650
|move|p1a: Dondozo|Protect|p1a: Dondozo
|-singleturn|p1a: Dondozo|Protect
|move|p2b: Primarina|Moonblast|p1a: Dondozo
|-activate|p1a: Dondozo|move: Protect
|move|p2a: Kingambit|Swords Dance|p2a: Kingambit
|-boost|p2a: Kingambit|atk|2
|
|-heal|p1a: Dondozo|25/100|[from] item: Leftovers
|upkeep
|turn|10
|
|t:|1756103659
|move|p1a: Dondozo|Protect|p1a: Dondozo
|-singleturn|p1a: Dondozo|Protect
|move|p2b: Primarina|Moonblast|p1a: Dondozo
|-activate|p1a: Dondozo|move: Protect
|move|p2a: Kingambit|Kowtow Cleave|p1b: Tatsugiri|[miss]
|-miss|p2a: Kingambit|p1b: Tatsugiri
|
|-heal|p1a: Dondozo|31/100|[from] item: Leftovers
|upkeep
|turn|11
|
|t:|1756103670
|move|p1a: Dondozo|Protect||[still]
|-fail|p1a: Dondozo
|move|p2a: Kingambit|Sucker Punch||[still]
|-fail|p2a: Kingambit
|move|p2b: Primarina|Moonblast|p1b: Tatsugiri|[miss]
|-miss|p2b: Primarina|p1b: Tatsugiri
|
|-heal|p1a: Dondozo|37/100|[from] item: Leftovers
|-sideend|p2: Brutalandathebozz|move: Tailwind
|upkeep
|turn|12
|
|t:|1756103685
|move|p1a: Dondozo|Protect|p1a: Dondozo
|-singleturn|p1a: Dondozo|Protect
|move|p2a: Kingambit|Sucker Punch||[still]
|-fail|p2a: Kingambit
|move|p2b: Primarina|Moonblast|p1a: Dondozo
|-activate|p1a: Dondozo|move: Protect
|
|-heal|p1a: Dondozo|43/100|[from] item: Leftovers
|upkeep
|turn|13
|
|t:|1756103696
|move|p1a: Dondozo|Protect||[still]
|-fail|p1a: Dondozo
|move|p2a: Kingambit|Sucker Punch||[still]
|-fail|p2a: Kingambit
|move|p2b: Primarina|Moonblast|p1a: Dondozo
|-damage|p1a: Dondozo|2/100
|
|-heal|p1a: Dondozo|8/100|[from] item: Leftovers
|upkeep
|turn|14
|
|t:|1756103707
|move|p1a: Dondozo|Protect|p1a: Dondozo
|-singleturn|p1a: Dondozo|Protect
|move|p2b: Primarina|Moonblast|p1a: Dondozo
|-activate|p1a: Dondozo|move: Protect
|move|p2a: Kingambit|Kowtow Cleave|p1b: Tatsugiri|[miss]
|-miss|p2a: Kingambit|p1b: Tatsugiri
|
|-heal|p1a: Dondozo|15/100|[from] item: Leftovers
|upkeep
|turn|15
|
|t:|1756103712
|move|p1a: Dondozo|Protect||[still]
|-fail|p1a: Dondozo
|move|p2b: Primarina|Moonblast|p1a: Dondozo
|-damage|p1a: Dondozo|0 fnt
|faint|p1a: Dondozo
|move|p2a: Kingambit|Kowtow Cleave|p1b: Tatsugiri
|-damage|p1b: Tatsugiri|0 fnt
|faint|p1b: Tatsugiri
|
|upkeep
|
|t:|1756103714
|switch|p1b: Gholdengo|Gholdengo, L50|64/100
|turn|16
|
|t:|1756103728
|switch|p2b: Electabuzz|Electabuzz, L50, M|53/100
|-terastallize|p1b: Gholdengo|Steel
|move|p1b: Gholdengo|Make It Rain|p2a: Kingambit|[spread] p2a,p2b
|-resisted|p2b: Electabuzz
|-damage|p2a: Kingambit|0 fnt
|-damage|p2b: Electabuzz|18/100
|-unboost|p1b: Gholdengo|spa|1
|faint|p2a: Kingambit
|-damage|p1b: Gholdengo|54/100|[from] item: Life Orb
|
|upkeep
|
|t:|1756103732
|switch|p2a: Primarina|Primarina, L50, F|100/100
|turn|17
|
|t:|1756103746
|move|p2b: Electabuzz|Protect|p2b: Electabuzz
|-singleturn|p2b: Electabuzz|Protect
|move|p1b: Gholdengo|Protect|p1b: Gholdengo
|-singleturn|p1b: Gholdengo|Protect
|move|p2a: Primarina|Hyper Voice|p1b: Gholdengo
|-activate|p1b: Gholdengo|move: Protect
|
|upkeep
|turn|18
|
|t:|1756103756
|move|p2b: Electabuzz|Electroweb|p1b: Gholdengo
|-damage|p1b: Gholdengo|30/100
|-unboost|p1b: Gholdengo|spe|1
|move|p1b: Gholdengo|Shadow Ball|p2b: Electabuzz
|-damage|p2b: Electabuzz|0 fnt
|faint|p2b: Electabuzz
|-damage|p1b: Gholdengo|20/100|[from] item: Life Orb
|move|p2a: Primarina|Hyper Voice|p1b: Gholdengo
|-damage|p1b: Gholdengo|0 fnt
|faint|p1b: Gholdengo
|
|win|Brutalandathebozz
|raw|TimidSwamp's rating: 1193 → 1165(-28 for losing)
|raw|Brutalandathebozz's rating: 1156 → 1184(+28 for winning)
|l|☆TimidSwamp
|player|p1|
|l|☆Brutalandathebozz
|player|p2|
|l| teamthief420
|j|☆Brutalandathebozz
|player|p2|Brutalandathebozz|102|
|l|☆Brutalandathebozz
|player|p2|
|j|☆Brutalandathebozz
|player|p2|Brutalandathebozz|102|
