|j|☆axcoquette
|j|☆neuesspielzeug
|html|axcoquetteneuesspielzeug    
|uhtml|bestof|Game 3 of a best-of-3
|t:|1784594385
|gametype|doubles
|player|p1|axcoquette|2|1216
|player|p2|neuesspielzeug|2|1266
|gen|9
|tier|[Gen 9 Champions] VGC 2026 Reg M-B (Bo3)
|rated|
|rule|Species Clause: Limit one of each Pokémon
|rule|Item Clause: Limit 1 of each item
|clearpoke
|poke|p1|Sneasler, L50, M|
|poke|p1|Blastoise, L50, M|
|poke|p1|Kingambit, L50, M|
|poke|p1|Incineroar, L50, M|
|poke|p1|Delphox, L50, F|
|poke|p1|Sinistcha, L50|
|poke|p2|Charizard, L50, F|
|poke|p2|Floette-Eternal, L50, F|
|poke|p2|Sinistcha, L50|
|poke|p2|Tyranitar, L50, F|
|poke|p2|Gholdengo, L50|
|poke|p2|Basculegion, L50, M|
|teampreview|4
|showteam|p1|Sneasler||FocusSash|PoisonTouch|PoisonJab,CloseCombat,FakeOut,QuickGuard|Jolly||M|||50|]Blastoise||Blastoisinite|RainDish|DarkPulse,WaterSpout,ShellSmash,Protect|Modest||M|||50|]Kingambit||BlackGlasses|Defiant|KowtowCleave,SuckerPunch,SwordsDance,Protect|Adamant||M|||50|]Incineroar||SitrusBerry|Intimidate|FlareBlitz,HelpingHand,PartingShot,FakeOut|Careful||M|||50|]Delphox||Delphoxite|Blaze|HeatWave,NastyPlot,Psyshock,Protect|Modest||F|||50|]Sinistcha||KasibBerry|Hospitality|MatchaGotcha,RagePowder,TrickRoom,Protect|Bold|||||50|
|showteam|p2|Charizard||CharizarditeX|Blaze|BreakingSwipe,WillOWisp,TemperFlare,Protect|Adamant||F|||50|]Floette-Eternal||Floettite|FlowerVeil|DazzlingGleam,Moonblast,LightofRuin,Protect|Timid||F|||50|]Sinistcha||KasibBerry|Hospitality|Protect,TrickRoom,MatchaGotcha,RagePowder|Calm|||||50|]Tyranitar||FocusSash|SandStream|RockSlide,LowKick,KnockOff,Protect|Jolly||F|||50|]Gholdengo||LifeOrb|GoodasGold|NastyPlot,ShadowBall,MakeItRain,Protect|Modest|||||50|]Basculegion||ChoiceScarf|Adaptability|WaveCrash,LastRespects,AquaJet,FlipTurn|Jolly||M|||50|
|inactive|Battle timer is ON: inactive players will automatically lose when time's up. (requested by axcoquette)
|j| brittneysheercold
|inactive|axcoquette has 60 seconds left.
|inactive|neuesspielzeug has 60 seconds left.
|inactive|axcoquette has 30 seconds left.
|
|t:|1784594454
|teamsize|p1|4
|teamsize|p2|4
|start
|switch|p1a: Incineroar|Incineroar, L50, M|100/100
|switch|p1b: Delphox|Delphox, L50, F|100/100
|switch|p2a: Basculegion|Basculegion, L50, M|100/100
|switch|p2b: Floette|Floette-Eternal, L50, F|100/100
|-ability|p1a: Incineroar|Intimidate|boost
|-unboost|p2a: Basculegion|atk|1
|-unboost|p2b: Floette|atk|1
|turn|1
|inactive|axcoquette has 30 seconds left.
|inactive|neuesspielzeug has 30 seconds left.
|inactive|axcoquette has 20 seconds left.
|inactive|axcoquette has 15 seconds left.
|inactive|axcoquette has 10 seconds left.
|inactive|axcoquette has 5 seconds left.
|
|t:|1784594508
|switch|p1b: Kingambit|Kingambit, L50, M|100/100
|detailschange|p2b: Floette|Floette-Mega, L50, F
|-mega|p2b: Floette|Floette|Floettite
|-ability|p2b: Floette|Fairy Aura
|move|p1a: Incineroar|Fake Out|p2b: Floette
|-damage|p2b: Floette|86/100
|move|p2a: Basculegion|Wave Crash|p1a: Incineroar
|-supereffective|p1a: Incineroar|1
|-crit|p1a: Incineroar
|-damage|p1a: Incineroar|0 fnt
|faint|p1a: Incineroar
|-damage|p2a: Basculegion|65/100|[from] Recoil
|cant|p2b: Floette|flinch
|
|upkeep
|
|t:|1784594524
|switch|p1a: Delphox|Delphox, L50, F|100/100
|turn|2
|
|t:|1784594544
|switch|p2a: Tyranitar|Tyranitar, L50, F|100/100
|-weather|Sandstorm|[from] ability: Sand Stream|[of] p2a: Tyranitar
|detailschange|p1a: Delphox|Delphox-Mega, L50, F
|-mega|p1a: Delphox|Delphox|Delphoxite
|move|p1b: Kingambit|Sucker Punch||[still]
|-fail|p1b: Kingambit
|move|p1a: Delphox|Nasty Plot|p1a: Delphox
|-boost|p1a: Delphox|spa|2
|move|p2b: Floette|Light of Ruin|p1b: Kingambit
|-damage|p1b: Kingambit|11/100
|-damage|p2b: Floette|25/100|[from] Recoil
|
|-weather|Sandstorm|[upkeep]
|-damage|p1a: Delphox|94/100|[from] Sandstorm
|-damage|p2b: Floette|19/100|[from] Sandstorm
|upkeep
|turn|3
|inactive|axcoquette has 30 seconds left.
|inactive|neuesspielzeug has 30 seconds left.
|inactive|axcoquette has 20 seconds left.
|
|t:|1784594589
|move|p1a: Delphox|Protect|p1a: Delphox
|-singleturn|p1a: Delphox|Protect
|move|p1b: Kingambit|Sucker Punch|p2a: Tyranitar
|-resisted|p2a: Tyranitar|1
|-damage|p2a: Tyranitar|81/100
|move|p2b: Floette|Light of Ruin|p1b: Kingambit
|-damage|p1b: Kingambit|0 fnt
|faint|p1b: Kingambit
|-damage|p2b: Floette|11/100|[from] Recoil
|move|p2a: Tyranitar|Rock Slide|p1a: Delphox
|-activate|p1a: Delphox|move: Protect
|
|-weather|Sandstorm|[upkeep]
|-damage|p1a: Delphox|88/100|[from] Sandstorm
|-damage|p2b: Floette|5/100|[from] Sandstorm
|upkeep
|
|t:|1784594602
|switch|p1b: Sinistcha|Sinistcha, L50|100/100
|-heal|p1a: Delphox|100/100|[from] ability: Hospitality|[of] p1b: Sinistcha
|turn|4
|inactive|axcoquette has 30 seconds left.
|
|t:|1784594637
|switch|p2b: Sinistcha|Sinistcha, L50|100/100
|-heal|p2a: Tyranitar|100/100|[from] ability: Hospitality|[of] p2b: Sinistcha
|move|p1b: Sinistcha|Protect|p1b: Sinistcha
|-singleturn|p1b: Sinistcha|Protect
|move|p1a: Delphox|Heat Wave|p2b: Sinistcha|[spread] p2a,p2b
|-resisted|p2a: Tyranitar|1
|-supereffective|p2b: Sinistcha|1
|-crit|p2b: Sinistcha
|-damage|p2a: Tyranitar|72/100
|-damage|p2b: Sinistcha|0 fnt
|faint|p2b: Sinistcha
|move|p2a: Tyranitar|Rock Slide|p1b: Sinistcha|[spread] p1a
|-activate|p1b: Sinistcha|move: Protect
|-supereffective|p1a: Delphox|1
|-damage|p1a: Delphox|27/100
|
|-weather|Sandstorm|[upkeep]
|-damage|p1a: Delphox|21/100|[from] Sandstorm
|-damage|p1b: Sinistcha|93/100|[from] Sandstorm
|upkeep
|inactive|neuesspielzeug has 30 seconds left.
|
|t:|1784594662
|switch|p2b: Floette|Floette-Mega, L50, F|5/100
|-ability|p2b: Floette|Fairy Aura
|turn|5
|
|t:|1784594679
|move|p1a: Delphox|Heat Wave|p2b: Floette|[spread] p2a,p2b
|-resisted|p2a: Tyranitar|1
|-damage|p2a: Tyranitar|45/100
|-damage|p2b: Floette|0 fnt
|-status|p2a: Tyranitar|brn
|faint|p2b: Floette
|move|p2a: Tyranitar|Rock Slide|p1b: Sinistcha|[spread] p1a,p1b
|-supereffective|p1a: Delphox|1
|-damage|p1a: Delphox|0 fnt
|-damage|p1b: Sinistcha|82/100
|faint|p1a: Delphox
|cant|p1b: Sinistcha|flinch
|
|-weather|Sandstorm|[upkeep]
|-damage|p1b: Sinistcha|75/100|[from] Sandstorm
|-damage|p2a: Tyranitar|39/100 brn|[from] brn
|upkeep
|
|t:|1784594683
|switch|p2b: Basculegion|Basculegion, L50, M|65/100
|turn|6
|
|t:|1784594700
|move|p2b: Basculegion|Last Respects|p1b: Sinistcha
|-supereffective|p1b: Sinistcha|1
|-enditem|p1b: Sinistcha|Kasib Berry|[eat]
|-enditem|p1b: Sinistcha|Kasib Berry|[weaken]
|-damage|p1b: Sinistcha|0 fnt
|faint|p1b: Sinistcha
|
|win|neuesspielzeug
|raw|axcoquette's rating: 1216 → 1195(-21 for losing)
|raw|neuesspielzeug's rating: 1266 → 1287(+21 for winning)
