|j|☆capspungo
|j|☆Lego Darth Malgus
|html|capspungoLego Darth Malgus    
|uhtml|bestof|Game 2 of a best-of-3
|t:|1756990275
|gametype|doubles
|player|p1|capspungo|266|1287
|player|p2|Lego Darth Malgus|1|1301
|gen|9
|tier|[Gen 9] VGC 2025 Reg H (Bo3)
|rated|
|rule|Species Clause: Limit one of each Pokémon
|rule|Item Clause: Limit 1 of each item
|clearpoke
|poke|p1|Ursaluna, L50, M|
|poke|p1|Indeedee-F, L50, F|
|poke|p1|Exeggutor, L50, F|
|poke|p1|Torkoal, L50, F|
|poke|p1|Gallade, L50, M|
|poke|p1|Annihilape, L50, M|
|poke|p2|Kommo-o, L50, F|
|poke|p2|Tyranitar, L50, M|
|poke|p2|Excadrill, L50, M|
|poke|p2|Samurott-Hisui, L50, F|
|poke|p2|Rillaboom, L50, F|
|poke|p2|Volcarona, L50, M|
|teampreview|4
|showteam|p1|Ursaluna||FlameOrb|Guts|Protect,Facade,Earthquake,HeadlongRush|||M|||50|,,,,,Ghost]Indeedee-F||PsychicSeed|PsychicSurge|TrickRoom,DazzlingGleam,FollowMe,HelpingHand|||F|||50|,,,,,Grass]Exeggutor||FocusSash|Chlorophyll|TrickRoom,ExpandingForce,LeafStorm,SleepPowder|||F|||50|,,,,,Psychic]Torkoal||Charcoal|Drought|Eruption,HeatWave,Protect,WeatherBall|||F|||50|,,,,,Fire]Gallade||ClearAmulet|Sharpness|PsychoCut,TrickRoom,WideGuard,SacredSword|||M|||50|,,,,,Fire]Annihilape||ChoiceScarf|Defiant|FinalGambit,CloseCombat,ShadowClaw,Uturn|||M|||50|,,,,,Stellar
|showteam|p2|Kommo-o||GrassySeed|Overcoat|BodyPress,IronDefense,Protect,DragonPulse|||F|||50|,,,,,Fairy]Tyranitar||ChoiceScarf|SandStream|RockSlide,KnockOff,TeraBlast,LowKick|||M|||50|,,,,,Flying]Excadrill||FocusSash|SandRush|HighHorsepower,IronHead,Bulldoze,Protect|||M|||50|,,,,,Ghost]Samurott-Hisui||AssaultVest|Sharpness|NightSlash,AquaCutter,SacredSword,SuckerPunch|||F|||50|,,,,,Ghost]Rillaboom||MiracleSeed|GrassySurge|FakeOut,DrumBeating,GrassyGlide,Taunt|||F|||50|,,,,,Water]Volcarona||SitrusBerry|FlameBody|QuiverDance,HeatWave,TeraBlast,Protect|||M|||50|,,,,,Fairy
|inactive|Battle timer is ON: inactive players will automatically lose when time's up. (requested by Lego Darth Malgus)
|inactive|capspungo has 60 seconds left.
|
|t:|1756990308
|teamsize|p1|4
|teamsize|p2|4
|start
|switch|p1a: Exeggutor|Exeggutor, L50, F|100/100
|switch|p1b: Annihilape|Annihilape, L50, M, shiny|100/100
|switch|p2a: Volcarona|Volcarona, L50, M, shiny|100/100
|switch|p2b: Rillaboom|Rillaboom, L50, F, shiny|100/100
|-fieldstart|move: Grassy Terrain|[from] ability: Grassy Surge|[of] p2b: Rillaboom
|turn|1
|inactive|capspungo has 30 seconds left.
|inactive|capspungo has 20 seconds left.
|
|t:|1756990348
|move|p1b: Annihilape|Final Gambit|p2b: Rillaboom
|-damage|p2b: Rillaboom|0 fnt
|faint|p1b: Annihilape
|faint|p2b: Rillaboom
|move|p2a: Volcarona|Quiver Dance|p2a: Volcarona
|-boost|p2a: Volcarona|spa|1
|-boost|p2a: Volcarona|spd|1
|-boost|p2a: Volcarona|spe|1
|move|p1a: Exeggutor|Trick Room|p1a: Exeggutor
|-fieldstart|move: Trick Room|[of] p1a: Exeggutor
|
|upkeep
|
|t:|1756990363
|switch|p1b: Torkoal|Torkoal, L50, F|100/100
|switch|p2b: Samurott|Samurott-Hisui, L50, F, shiny|100/100
|-weather|SunnyDay|[from] ability: Drought|[of] p1b: Torkoal
|turn|2
|inactive|capspungo has 30 seconds left.
|inactive|Lego Darth Malgus has 30 seconds left.
|
|t:|1756990397
|switch|p2b: Tyranitar|Tyranitar, L50, M|100/100
|-weather|Sandstorm|[from] ability: Sand Stream|[of] p2b: Tyranitar
|move|p1b: Torkoal|Eruption|p2a: Volcarona|[spread] p2a,p2b
|-resisted|p2b: Tyranitar
|-damage|p2a: Volcarona|68/100
|-damage|p2b: Tyranitar|80/100
|move|p1a: Exeggutor|Leaf Storm|p2b: Tyranitar
|-supereffective|p2b: Tyranitar
|-crit|p2b: Tyranitar
|-damage|p2b: Tyranitar|0 fnt
|-unboost|p1a: Exeggutor|spa|2
|faint|p2b: Tyranitar
|move|p2a: Volcarona|Heat Wave|p1b: Torkoal|[spread] p1a
|-miss|p2a: Volcarona|p1b: Torkoal
|-supereffective|p1a: Exeggutor
|-enditem|p1a: Exeggutor|Focus Sash
|-damage|p1a: Exeggutor|1/100
|
|-weather|Sandstorm|[upkeep]
|-damage|p1b: Torkoal|94/100|[from] Sandstorm
|-damage|p1a: Exeggutor|0 fnt|[from] Sandstorm
|-damage|p2a: Volcarona|62/100|[from] Sandstorm
|faint|p1a: Exeggutor
|-heal|p1b: Torkoal|100/100|[from] Grassy Terrain
|-heal|p2a: Volcarona|68/100|[from] Grassy Terrain
|upkeep
|
|t:|1756990412
|switch|p1a: Gallade|Gallade, L50, M|100/100
|switch|p2b: Samurott|Samurott-Hisui, L50, F, shiny|100/100
|turn|3
|inactive|capspungo has 30 seconds left.
|
|t:|1756990446
|-terastallize|p1a: Gallade|Fire
|-terastallize|p2a: Volcarona|Fairy
|move|p2b: Samurott|Sucker Punch|p1b: Torkoal
|-damage|p1b: Torkoal|75/100
|move|p1b: Torkoal|Eruption|p2b: Samurott|[spread] p2a,p2b
|-resisted|p2b: Samurott
|-damage|p2a: Volcarona|44/100
|-damage|p2b: Samurott|80/100
|-enditem|p2a: Volcarona|Sitrus Berry|[eat]
|-heal|p2a: Volcarona|69/100|[from] item: Sitrus Berry
|move|p1a: Gallade|Sacred Sword|p2a: Volcarona
|-resisted|p2a: Volcarona
|-damage|p2a: Volcarona|23/100
|move|p2a: Volcarona|Tera Blast|p1a: Gallade|[anim] Tera Blast Fairy
|-resisted|p1a: Gallade
|-damage|p1a: Gallade|74/100
|
|-weather|Sandstorm|[upkeep]
|-damage|p1b: Torkoal|68/100|[from] Sandstorm
|-damage|p1a: Gallade|68/100|[from] Sandstorm
|-damage|p2b: Samurott|74/100|[from] Sandstorm
|-damage|p2a: Volcarona|18/100|[from] Sandstorm
|-heal|p1b: Torkoal|75/100|[from] Grassy Terrain
|-heal|p1a: Gallade|74/100|[from] Grassy Terrain
|-heal|p2b: Samurott|80/100|[from] Grassy Terrain
|-heal|p2a: Volcarona|23/100|[from] Grassy Terrain
|upkeep
|turn|4
|inactive|capspungo has 30 seconds left.
|inactive|Lego Darth Malgus has 30 seconds left.
|inactive|Lego Darth Malgus has 20 seconds left.
|inactive|Lego Darth Malgus has 15 seconds left.
|
|t:|1756990487
|move|p2a: Volcarona|Protect|p2a: Volcarona
|-singleturn|p2a: Volcarona|Protect
|move|p2b: Samurott|Sucker Punch|p1a: Gallade
|-damage|p1a: Gallade|23/100
|move|p1b: Torkoal|Heat Wave|p2b: Samurott|[spread] 
|-activate|p2a: Volcarona|move: Protect
|-miss|p1b: Torkoal|p2b: Samurott
|move|p1a: Gallade|Sacred Sword|p2b: Samurott
|-supereffective|p2b: Samurott
|-damage|p2b: Samurott|0 fnt
|faint|p2b: Samurott
|
|-weather|Sandstorm|[upkeep]
|-damage|p1b: Torkoal|68/100|[from] Sandstorm
|-damage|p1a: Gallade|18/100|[from] Sandstorm
|-damage|p2a: Volcarona|18/100|[from] Sandstorm
|-heal|p1b: Torkoal|75/100|[from] Grassy Terrain
|-heal|p1a: Gallade|23/100|[from] Grassy Terrain
|-heal|p2a: Volcarona|23/100|[from] Grassy Terrain
|upkeep
|turn|5
|
|t:|1756990507
|move|p2a: Volcarona|Protect||[still]
|-fail|p2a: Volcarona
|move|p1b: Torkoal|Eruption|p2a: Volcarona
|-damage|p2a: Volcarona|0 fnt
|faint|p2a: Volcarona
|
|win|capspungo
||Lego Darth Malgus is ready for game 3.
||capspungo is ready for game 3.
|uhtml|next|Next: Game 3 of 3
|l|☆capspungo
|player|p1|
