|j|☆ZeroVGC98
|j|☆natsukivgc
|html|ZeroVGC98natsukivgc    
|uhtml|bestof|Game 2 of a best-of-3
|t:|1786034250
|gametype|doubles
|player|p1|ZeroVGC98|170|1123
|player|p2|natsukivgc|101|1232
|gen|9
|tier|[Gen 9 Champions] VGC 2026 Reg M-B (Bo3)
|rated|
|rule|Species Clause: Limit one of each Pokémon
|rule|Item Clause: Limit 1 of each item
|clearpoke
|poke|p1|Ninetales-Alola, L50, M|
|poke|p1|Kommo-o, L50, M|
|poke|p1|Glimmora, L50, M|
|poke|p1|Whimsicott, L50, M|
|poke|p1|Basculegion, L50, M|
|poke|p1|Kingambit, L50, F|
|poke|p2|Garchomp, L50, M|
|poke|p2|Venusaur, L50, M|
|poke|p2|Incineroar, L50, F|
|poke|p2|Charizard, L50, M|
|poke|p2|Toxapex, L50, F|
|poke|p2|Annihilape, L50, F|
|teampreview|4
|showteam|p1|Ninetales-Alola||NeverMeltIce|SnowWarning|Blizzard,FreezeDry,HelpingHand,Protect|Modest||M|||50|]Kommo-o||LifeOrb|Soundproof|AuraSphere,VacuumWave,ClangingScales,Protect|Modest||M|||50|]Glimmora||Glimmoranite|ToxicDebris|PowerGem,SludgeBomb,EarthPower,SpikyShield|Timid||M|||50|]Whimsicott||FocusSash|Prankster|Moonblast,Tailwind,Encore,Protect|Bold||M|||50|]Basculegion||ChoiceScarf|SwiftSwim|FlipTurn,AquaJet,WaveCrash,LastRespects|Adamant||M|||50|]Kingambit||ChopleBerry|Defiant|LowKick,KowtowCleave,SuckerPunch,Protect|Adamant||F|||50|
|showteam|p2|Garchomp||ChoiceScarf|RoughSkin|Earthquake,DragonClaw,StompingTantrum,RockSlide|Adamant||M|||50|]Venusaur||LifeOrb|Chlorophyll|SolarBeam,SludgeBomb,EarthPower,Protect|Modest||M|||50|]Incineroar||SitrusBerry|Intimidate|FlareBlitz,ThroatChop,FakeOut,PartingShot|Impish||F|||50|]Charizard||CharizarditeY|Blaze|HeatWave,WeatherBall,Protect,HelpingHand|Modest||M|||50|]Toxapex||Leftovers|Regenerator|Infestation,Toxic,WideGuard,BanefulBunker|Bold||F|||50|]Annihilape||FocusSash|Defiant|CloseCombat,PhantomForce,RockTomb,Protect|Jolly||F|||50|
|
|t:|1786034280
|teamsize|p1|4
|teamsize|p2|4
|start
|switch|p1a: Basculegion|Basculegion, L50, M|100/100
|switch|p1b: Whimsicott|Whimsicott, L50, M|100/100
|switch|p2a: Venusaur|Venusaur, L50, M|100/100
|switch|p2b: Charizard|Charizard, L50, M|100/100
|turn|1
|inactive|Battle timer is ON: inactive players will automatically lose when time's up. (requested by ZeroVGC98)
|
|t:|1786034310
|switch|p1a: Kingambit|Kingambit, L50, F|100/100
|detailschange|p2b: Charizard|Charizard-Mega-Y, L50, M
|-mega|p2b: Charizard|Charizard|Charizardite Y
|-weather|SunnyDay|[from] ability: Drought|[of] p2b: Charizard
|move|p1b: Whimsicott|Protect|p1b: Whimsicott
|-singleturn|p1b: Whimsicott|Protect
|move|p2a: Venusaur|Sludge Bomb|p1a: Kingambit
|-immune|p1a: Kingambit
|move|p2b: Charizard|Heat Wave|p1a: Kingambit|[spread] p1a
|-activate|p1b: Whimsicott|move: Protect
|-supereffective|p1a: Kingambit|1
|-damage|p1a: Kingambit|0 fnt
|faint|p1a: Kingambit
|
|-weather|SunnyDay|[upkeep]
|upkeep
|
|t:|1786034333
|switch|p1a: Glimmora|Glimmora, L50, M|100/100
|turn|2
|inactive|natsukivgc has 30 seconds left.
|
|t:|1786034360
|detailschange|p1a: Glimmora|Glimmora-Mega, L50, M
|-mega|p1a: Glimmora|Glimmora|Glimmoranite
|move|p2b: Charizard|Protect|p2b: Charizard
|-singleturn|p2b: Charizard|Protect
|move|p1b: Whimsicott|Encore|p2a: Venusaur
|-start|p2a: Venusaur|Encore
|move|p2a: Venusaur|Sludge Bomb|p1b: Whimsicott
|-supereffective|p1b: Whimsicott|2
|-enditem|p1b: Whimsicott|Focus Sash
|-damage|p1b: Whimsicott|1/100
|-damage|p2a: Venusaur|90/100|[from] item: Life Orb
|move|p1a: Glimmora|Power Gem|p2b: Charizard
|-activate|p2b: Charizard|move: Protect
|
|-weather|SunnyDay|[upkeep]
|upkeep
|turn|3
|inactive|ZeroVGC98 has 30 seconds left.
|inactive|natsukivgc has 30 seconds left.
|
|t:|1786034392
|switch|p2b: Incineroar|Incineroar, L50, F|100/100
|-ability|p2b: Incineroar|Intimidate|boost
|-unboost|p1a: Glimmora|atk|1
|-unboost|p1b: Whimsicott|atk|1
|move|p1b: Whimsicott|Protect|p1b: Whimsicott
|-singleturn|p1b: Whimsicott|Protect
|move|p2a: Venusaur|Sludge Bomb|p1b: Whimsicott
|-activate|p1b: Whimsicott|move: Protect
|move|p1a: Glimmora|Power Gem|p2b: Incineroar
|-supereffective|p2b: Incineroar|1
|-damage|p2b: Incineroar|0 fnt
|faint|p2b: Incineroar
|
|-weather|SunnyDay|[upkeep]
|upkeep
|
|t:|1786034405
|switch|p2b: Annihilape|Annihilape, L50, F|100/100
|turn|4
|inactive|natsukivgc has 30 seconds left.
|inactive|ZeroVGC98 has 30 seconds left.
|
|t:|1786034438
|move|p1a: Glimmora|Spiky Shield|p1a: Glimmora
|-singleturn|p1a: Glimmora|move: Protect
|move|p2b: Annihilape|Protect|p2b: Annihilape
|-singleturn|p2b: Annihilape|Protect
|move|p2a: Venusaur|Sludge Bomb|p1b: Whimsicott
|-supereffective|p1b: Whimsicott|2
|-damage|p1b: Whimsicott|0 fnt
|faint|p1b: Whimsicott
|-damage|p2a: Venusaur|81/100|[from] item: Life Orb
|
|-weather|SunnyDay|[upkeep]
|-end|p2a: Venusaur|Encore
|upkeep
|
|t:|1786034451
|switch|p1b: Basculegion|Basculegion, L50, M|100/100
|turn|5
|
|t:|1786034470
|move|p2a: Venusaur|Earth Power|p1a: Glimmora
|-supereffective|p1a: Glimmora|2
|-damage|p1a: Glimmora|0 fnt
|faint|p1a: Glimmora
|-damage|p2a: Venusaur|71/100|[from] item: Life Orb
|move|p1b: Basculegion|Last Respects|p2b: Annihilape
|-supereffective|p2b: Annihilape|1
|-enditem|p2b: Annihilape|Focus Sash
|-damage|p2b: Annihilape|1/100
|move|p2b: Annihilape|Phantom Force||[still]
|-prepare|p2b: Annihilape|Phantom Force
|
|-weather|none
|upkeep
|turn|6
|-message|ZeroVGC98 forfeited.
|
|win|natsukivgc
|raw|ZeroVGC98's rating: 1123 → 1106(-17 for losing)
|raw|natsukivgc's rating: 1232 → 1249(+17 for winning)
