|j|☆pasto67
|j|☆Chelicerate1
|html|pasto67Chelicerate1    
|uhtml|bestof|Game 1 of a best-of-3
|t:|1782222108
|gametype|doubles
|player|p1|pasto67|170|1000
|player|p2|Chelicerate1|ethan|1000
|gen|9
|tier|[Gen 9 Champions] VGC 2026 Reg M-B (Bo3)
|rated|
|rule|Species Clause: Limit one of each Pokémon
|rule|Item Clause: Limit 1 of each item
|clearpoke
|poke|p1|Staraptor, L50, M, shiny|
|poke|p1|Eelektross, L50, M|
|poke|p1|Excadrill, L50, F|
|poke|p1|Whimsicott, L50, M|
|poke|p1|Feraligatr, L50, F, shiny|
|poke|p1|Aegislash, L50, M|
|poke|p2|Sinistcha-Masterpiece, L50|
|poke|p2|Staraptor, L50, F|
|poke|p2|Grimmsnarl, L50, M|
|poke|p2|Gholdengo, L50|
|poke|p2|Floette-Eternal, L50, F, shiny|
|poke|p2|Incineroar, L50, F|
|teampreview|4
|showteam|p1|Staraptor||Staraptite|Intimidate|CloseCombat,BraveBird,Roost,Protect|Naive||M|||50|]Eelektross||Eelektrossite|Levitate|Discharge,Protect,GigaDrain,Flamethrower|Mild||M|||50|]Excadrill||ChoiceScarf|SandRush|Earthquake,DrillRun,Megahorn,ThroatChop|Adamant||F|||50|]Whimsicott||FocusSash|Prankster|Encore,Moonblast,Charm,Tailwind|Calm||M|||50|]Feraligatr||LifeOrb|SheerForce|AquaJet,IcePunch,RockSlide,Liquidation|Brave||F|||50|]Aegislash||ExpertBelt|StanceChange|KingsShield,ShadowSneak,SacredSword,Facade|Brave||M|||50|
|showteam|p2|Sinistcha-Masterpiece||OccaBerry|Hospitality|LeafStorm,RagePowder,LifeDew,Protect|Bold|||||50|]Staraptor||Staraptite|Intimidate|BraveBird,CloseCombat,Roost,Protect|Jolly||F|||50|]Grimmsnarl||LightClay|Prankster|Reflect,PartingShot,LightScreen,FakeOut|Careful||M|||50|]Gholdengo||ChoiceScarf|GoodasGold|MakeItRain,PowerGem,ShadowBall,Thunderbolt|Modest|||||50|]Floette-Eternal||Floettite|FlowerVeil|Moonblast,DazzlingGleam,CalmMind,Protect|Timid||F|||50|]Incineroar||Leftovers|Intimidate|FlareBlitz,PartingShot,ThroatChop,FakeOut|Impish||F|||50|
|inactive|Battle timer is ON: inactive players will automatically lose when time's up. (requested by Chelicerate1)
|inactive|Chelicerate1 has 60 seconds left.
|inactive|pasto67 has 60 seconds left.
|inactive|Chelicerate1 has 30 seconds left.
|
|t:|1782222176
|teamsize|p1|4
|teamsize|p2|4
|start
|switch|p1a: Staraptor|Staraptor, L50, M, shiny|100/100
|switch|p1b: Aegislash|Aegislash, L50, M|100/100
|switch|p2a: Floette|Floette-Eternal, L50, F, shiny|100/100
|switch|p2b: Grimmsnarl|Grimmsnarl, L50, M|100/100
|-ability|p1a: Staraptor|Intimidate|boost
|-unboost|p2a: Floette|atk|1
|-unboost|p2b: Grimmsnarl|atk|1
|turn|1
|inactive|Chelicerate1 has 30 seconds left.
|inactive|Chelicerate1 has 20 seconds left.
|inactive|Chelicerate1 has 15 seconds left.
|inactive|Chelicerate1 has 10 seconds left.
|
|t:|1782222224
|detailschange|p1a: Staraptor|Staraptor-Mega, L50, M, shiny
|-mega|p1a: Staraptor|Staraptor|Staraptite
|detailschange|p2a: Floette|Floette-Mega, L50, F, shiny
|-mega|p2a: Floette|Floette|Floettite
|-ability|p2a: Floette|Fairy Aura
|move|p2b: Grimmsnarl|Reflect|p2b: Grimmsnarl
|-sidestart|p2: Chelicerate1|Reflect
|move|p1a: Staraptor|Close Combat|p2b: Grimmsnarl
|-damage|p2b: Grimmsnarl|50/100g
|-boost|p1a: Staraptor|def|1
|-boost|p1a: Staraptor|spd|1
|move|p2a: Floette|Dazzling Gleam|p1a: Staraptor|[spread] p1a,p1b
|-supereffective|p1a: Staraptor|1
|-resisted|p1b: Aegislash|1
|-damage|p1a: Staraptor|27/100
|-damage|p1b: Aegislash|81/100
|-formechange|p1b: Aegislash|Aegislash-Blade|
|move|p1b: Aegislash|Sacred Sword|p2a: Floette
|-resisted|p2a: Floette|1
|-damage|p2a: Floette|87/100
|
|upkeep
|turn|2
|inactive|Chelicerate1 has 30 seconds left.
|inactive|Chelicerate1 has 20 seconds left.
|inactive|Chelicerate1 has 15 seconds left.
|inactive|Chelicerate1 has 10 seconds left.
|
|t:|1782222274
|switch|p2b: Incineroar|Incineroar, L50, F|100/100
|-ability|p2b: Incineroar|Intimidate|boost
|-boost|p1a: Staraptor|atk|1
|-unboost|p1b: Aegislash|atk|1
|switch|p1b: Whimsicott|Whimsicott, L50, M|100/100
|move|p1a: Staraptor|Protect|p1a: Staraptor
|-singleturn|p1a: Staraptor|Protect
|move|p2a: Floette|Dazzling Gleam|p1b: Whimsicott|[spread] p1b
|-activate|p1a: Staraptor|move: Protect
|-damage|p1b: Whimsicott|55/100
|
|upkeep
|turn|3
|inactive|pasto67 has 30 seconds left.
|
|t:|1782222308
|move|p2b: Incineroar|Fake Out|p1b: Whimsicott
|-damage|p1b: Whimsicott|43/100
|cant|p1b: Whimsicott|flinch
|move|p1a: Staraptor|Roost|p1a: Staraptor
|-heal|p1a: Staraptor|77/100
|-singleturn|p1a: Staraptor|move: Roost
|move|p2a: Floette|Moonblast|p1a: Staraptor
|-supereffective|p1a: Staraptor|1
|-damage|p1a: Staraptor|0 fnt
|faint|p1a: Staraptor
|
|upkeep
|
|t:|1782222323
|switch|p1a: Feraligatr|Feraligatr, L50, F, shiny|100/100
|turn|4
|
|t:|1782222347
|move|p1b: Whimsicott|Charm|p2b: Incineroar
|-hint|Since gen 7, Dark is immune to Prankster moves.
|-immune|p2b: Incineroar
|move|p2a: Floette|Dazzling Gleam|p1a: Feraligatr|[spread] p1a,p1b
|-damage|p1a: Feraligatr|47/100
|-damage|p1b: Whimsicott|0 fnt
|faint|p1b: Whimsicott
|move|p1a: Feraligatr|Liquidation|p2b: Incineroar
|-supereffective|p2b: Incineroar|1
|-damage|p2b: Incineroar|17/100
|move|p2b: Incineroar|Parting Shot|p1a: Feraligatr
|-unboost|p1a: Feraligatr|atk|1
|-unboost|p1a: Feraligatr|spa|1
|
|t:|1782222360
|switch|p2b: Sinistcha|Sinistcha-Masterpiece, L50|100/100|[from] Parting Shot
|-heal|p2a: Floette|100/100|[from] ability: Hospitality|[of] p2b: Sinistcha
|
|upkeep
|
|t:|1782222364
|switch|p1b: Aegislash|Aegislash, L50, M|81/100
|turn|5
|
|t:|1782222388
|move|p2b: Sinistcha|Rage Powder|p2b: Sinistcha
|-singleturn|p2b: Sinistcha|move: Rage Powder
|move|p2a: Floette|Dazzling Gleam|p1a: Feraligatr|[spread] p1a,p1b
|-resisted|p1b: Aegislash|1
|-damage|p1a: Feraligatr|0 fnt
|-damage|p1b: Aegislash|62/100
|faint|p1a: Feraligatr
|-formechange|p1b: Aegislash|Aegislash-Blade|
|move|p1b: Aegislash|Facade|p2b: Sinistcha
|-immune|p2b: Sinistcha
|
|upkeep
|turn|6
|inactive|Chelicerate1 has 30 seconds left.
|inactive|Chelicerate1 has 20 seconds left.
|inactive|Chelicerate1 has 15 seconds left.
|inactive|Chelicerate1 has 10 seconds left.
|
|t:|1782222435
|-formechange|p1b: Aegislash|Aegislash|
|move|p1b: Aegislash|King's Shield|p1b: Aegislash
|-singleturn|p1b: Aegislash|Protect
|move|p2b: Sinistcha|Rage Powder|p2b: Sinistcha
|-singleturn|p2b: Sinistcha|move: Rage Powder
|move|p2a: Floette|Moonblast|p1b: Aegislash
|-activate|p1b: Aegislash|move: Protect
|
|upkeep
|turn|7
|
|t:|1782222456
|move|p2b: Sinistcha|Rage Powder|p2b: Sinistcha
|-singleturn|p2b: Sinistcha|move: Rage Powder
|-formechange|p1b: Aegislash|Aegislash-Blade|
|move|p1b: Aegislash|Shadow Sneak|p2b: Sinistcha
|-supereffective|p2b: Sinistcha|1
|-damage|p2b: Sinistcha|67/100
|move|p2a: Floette|Moonblast|p1b: Aegislash
|-resisted|p1b: Aegislash|1
|-damage|p1b: Aegislash|3/100
|
|upkeep
|turn|8
|-message|pasto67 forfeited.
|raw|pasto67's rating: 1000 → 1000(+0 for losing)
|raw|Chelicerate1's rating: 1000 → 1040(+40 for winning)
|
|win|Chelicerate1
|l|☆pasto67
|player|p1|
|j|☆pasto67
|player|p1|pasto67|170|
|l|☆pasto67
|player|p1|
