|j|☆Frakub
|j|☆Realfrytki
|html|FrakubRealfrytki    
|uhtml|bestof|Game 2 of a best-of-3
|t:|1756119033
|gametype|doubles
|player|p1|Frakub|acetrainer-gen4dp|1271
|player|p2|Realfrytki|veteranf|1373
|gen|9
|tier|[Gen 9] VGC 2025 Reg H (Bo3)
|rated|
|rule|Species Clause: Limit one of each Pokémon
|rule|Item Clause: Limit 1 of each item
|clearpoke
|poke|p1|Kingambit, L50, F|
|poke|p1|Rillaboom, L50, F|
|poke|p1|Ninetales-Alola, L50, M|
|poke|p1|Dragonite, L50, F|
|poke|p1|Magmar, L50, F|
|poke|p1|Sneasler, L50, F|
|poke|p2|Volcarona, L50, F|
|poke|p2|Rillaboom, L50, F|
|poke|p2|Dragonite, L50, F|
|poke|p2|Kingambit, L50, F|
|poke|p2|Sneasler, L50, F|
|poke|p2|Electabuzz, L50, M|
|teampreview|4
|showteam|p1|Kingambit||BlackGlasses|Defiant|KowtowCleave,SuckerPunch,SwordsDance,Protect|||F|||50|,,,,,Dark]Rillaboom||AssaultVest|GrassySurge|WoodHammer,GrassyGlide,HighHorsepower,FakeOut|||F|||50|,,,,,Fire]Ninetales-Alola||LightClay|SnowWarning|Blizzard,FreezeDry,Protect,AuroraVeil|||M|||50|,,,,,Ghost]Dragonite||LoadedDice|Multiscale|ScaleShot,ExtremeSpeed,Haze,Protect|||F|||50|,,,,,Steel]Magmar||Eviolite|VitalSpirit|Taunt,Overheat,FollowMe,Protect|||F|||50|,,,,,Ghost]Sneasler||FocusSash|PoisonTouch|FakeOut,DireClaw,CloseCombat,Protect|||F|||50|,,,,,Ghost
|showteam|p2|Volcarona||Leftovers|FlameBody|HeatWave,TeraBlast,QuiverDance,Protect|||F|||50|,,,,,Fairy]Rillaboom||MiracleSeed|GrassySurge|WoodHammer,GrassyGlide,FakeOut,HighHorsepower|||F|||50|,,,,,Fire]Dragonite||LoadedDice|Multiscale|ScaleShot,ExtremeSpeed,Haze,Protect|||F|||50|,,,,,Steel]Kingambit||AssaultVest|Defiant|KowtowCleave,SuckerPunch,IronHead,TeraBlast|||F|||50|,,,,,Flying]Sneasler||FocusSash|Unburden|CloseCombat,DireClaw,Coaching,FakeOut|||F|||50|,,,,,Stellar]Electabuzz||Eviolite|VitalSpirit|Thunderbolt,FollowMe,Taunt,Protect|||M|||50|,,,,,Ghost
|inactive|Battle timer is ON: inactive players will automatically lose when time's up. (requested by Frakub)
|
|t:|1756119055
|teamsize|p1|4
|teamsize|p2|4
|start
|switch|p1a: Kingambit|Kingambit, L50, F|100/100
|switch|p1b: Sneasler|Sneasler, L50, F|100/100
|switch|p2a: Rillaboom|Rillaboom, L50, F|100/100
|switch|p2b: Volcarona|Volcarona, L50, F|100/100
|-fieldstart|move: Grassy Terrain|[from] ability: Grassy Surge|[of] p2a: Rillaboom
|turn|1
|
|t:|1756119070
|-terastallize|p1a: Kingambit|Dark
|move|p1b: Sneasler|Fake Out|p2a: Rillaboom
|-damage|p2a: Rillaboom|88/100
|cant|p2a: Rillaboom|flinch
|move|p2b: Volcarona|Quiver Dance|p2b: Volcarona
|-boost|p2b: Volcarona|spa|1
|-boost|p2b: Volcarona|spd|1
|-boost|p2b: Volcarona|spe|1
|move|p1a: Kingambit|Swords Dance|p1a: Kingambit
|-boost|p1a: Kingambit|atk|2
|
|-heal|p2a: Rillaboom|94/100|[from] Grassy Terrain
|upkeep
|turn|2
|
|t:|1756119095
|-terastallize|p2b: Volcarona|Fairy
|move|p2a: Rillaboom|Grassy Glide|p1b: Sneasler
|-resisted|p1b: Sneasler
|-crit|p1b: Sneasler
|-damage|p1b: Sneasler|46/100
|move|p1a: Kingambit|Sucker Punch|p2b: Volcarona
|-resisted|p2b: Volcarona
|-damage|p2b: Volcarona|25/100
|move|p2b: Volcarona|Tera Blast|p1b: Sneasler|[anim] Tera Blast Fairy
|-damage|p1b: Sneasler|0 fnt
|faint|p1b: Sneasler
|
|-heal|p2b: Volcarona|31/100|[from] Grassy Terrain
|-heal|p2b: Volcarona|37/100|[from] item: Leftovers
|-heal|p2a: Rillaboom|99/100|[from] Grassy Terrain
|upkeep
|inactive|Frakub has 30 seconds left.
|
|t:|1756119120
|switch|p1b: Magmar|Magmar, L50, F|100/100
|turn|3
|
|t:|1756119129
|switch|p2a: Sneasler|Sneasler, L50, F|100/100
|move|p2b: Volcarona|Protect|p2b: Volcarona
|-singleturn|p2b: Volcarona|Protect
|move|p1b: Magmar|Follow Me|p1b: Magmar
|-singleturn|p1b: Magmar|move: Follow Me
|move|p1a: Kingambit|Kowtow Cleave|p2b: Volcarona
|-activate|p2b: Volcarona|move: Protect
|
|-heal|p2b: Volcarona|44/100|[from] Grassy Terrain
|-heal|p2b: Volcarona|50/100|[from] item: Leftovers
|upkeep
|turn|4
|
|t:|1756119144
|move|p1a: Kingambit|Protect|p1a: Kingambit
|-singleturn|p1a: Kingambit|Protect
|move|p2a: Sneasler|Fake Out|p1a: Kingambit
|-activate|p1a: Kingambit|move: Protect
|move|p2b: Volcarona|Heat Wave|p1b: Magmar|[spread] p1b
|-activate|p1a: Kingambit|move: Protect
|-resisted|p1b: Magmar
|-damage|p1b: Magmar|79/100
|move|p1b: Magmar|Overheat|p2a: Sneasler
|-damage|p2a: Sneasler|29/100
|-unboost|p1b: Magmar|spa|2
|
|-heal|p2b: Volcarona|56/100|[from] Grassy Terrain
|-heal|p2b: Volcarona|62/100|[from] item: Leftovers
|-heal|p2a: Sneasler|34/100|[from] Grassy Terrain
|-heal|p1b: Magmar|85/100|[from] Grassy Terrain
|upkeep
|turn|5
|inactive|Realfrytki has 30 seconds left.
|inactive|Realfrytki has 20 seconds left.
|
|t:|1756119184
|switch|p2b: Kingambit|Kingambit, L50, F|100/100
|move|p1b: Magmar|Follow Me|p1b: Magmar
|-singleturn|p1b: Magmar|move: Follow Me
|move|p2a: Sneasler|Close Combat|p1b: Magmar
|-damage|p1b: Magmar|38/100
|-unboost|p2a: Sneasler|def|1
|-unboost|p2a: Sneasler|spd|1
|move|p1a: Kingambit|Kowtow Cleave|p2b: Kingambit
|-resisted|p2b: Kingambit
|-damage|p2b: Kingambit|43/100
|
|-heal|p2a: Sneasler|40/100|[from] Grassy Terrain
|-heal|p1b: Magmar|44/100|[from] Grassy Terrain
|-heal|p2b: Kingambit|49/100|[from] Grassy Terrain
|-fieldend|move: Grassy Terrain
|upkeep
|turn|6
|
|t:|1756119201
|move|p1a: Kingambit|Sucker Punch||[still]
|-fail|p1a: Kingambit
|move|p2a: Sneasler|Coaching|p2b: Kingambit
|-boost|p2b: Kingambit|atk|1
|-boost|p2b: Kingambit|def|1
|move|p1b: Magmar|Overheat|p2b: Kingambit
|-supereffective|p2b: Kingambit
|-damage|p2b: Kingambit|13/100
|-unboost|p1b: Magmar|spa|2
|move|p2b: Kingambit|Kowtow Cleave|p1b: Magmar
|-damage|p1b: Magmar|0 fnt
|faint|p1b: Magmar
|
|upkeep
|
|t:|1756119206
|switch|p1b: Dragonite|Dragonite, L50, F|100/100
|turn|7
|inactive|Realfrytki has 30 seconds left.
|
|t:|1756119237
|switch|p2a: Rillaboom|Rillaboom, L50, F|99/100
|-fieldstart|move: Grassy Terrain|[from] ability: Grassy Surge|[of] p2a: Rillaboom
|move|p1b: Dragonite|Extreme Speed|p2a: Rillaboom
|-damage|p2a: Rillaboom|68/100
|move|p2b: Kingambit|Sucker Punch||[still]
|-fail|p2b: Kingambit
|move|p1a: Kingambit|Kowtow Cleave|p2b: Kingambit
|-resisted|p2b: Kingambit
|-damage|p2b: Kingambit|0 fnt
|faint|p2b: Kingambit
|
|-heal|p2a: Rillaboom|74/100|[from] Grassy Terrain
|upkeep
|
|t:|1756119251
|switch|p2b: Volcarona|Volcarona, L50, F, tera:Fairy|62/100
|turn|8
|
|t:|1756119274
|move|p1b: Dragonite|Protect|p1b: Dragonite
|-singleturn|p1b: Dragonite|Protect
|move|p1a: Kingambit|Protect|p1a: Kingambit
|-singleturn|p1a: Kingambit|Protect
|move|p2a: Rillaboom|Fake Out|p1a: Kingambit
|-activate|p1a: Kingambit|move: Protect
|move|p2b: Volcarona|Quiver Dance|p2b: Volcarona
|-boost|p2b: Volcarona|spa|1
|-boost|p2b: Volcarona|spd|1
|-boost|p2b: Volcarona|spe|1
|
|-heal|p2b: Volcarona|69/100|[from] Grassy Terrain
|-heal|p2b: Volcarona|75/100|[from] item: Leftovers
|-heal|p2a: Rillaboom|80/100|[from] Grassy Terrain
|upkeep
|turn|9
|inactive|Realfrytki has 30 seconds left.
|
|t:|1756119304
|move|p2b: Volcarona|Protect|p2b: Volcarona
|-singleturn|p2b: Volcarona|Protect
|move|p1b: Dragonite|Extreme Speed|p2b: Volcarona
|-activate|p2b: Volcarona|move: Protect
|move|p2a: Rillaboom|Grassy Glide|p1a: Kingambit
|-damage|p1a: Kingambit|69/100
|move|p1a: Kingambit|Kowtow Cleave|p2b: Volcarona
|-activate|p2b: Volcarona|move: Protect
|
|-heal|p2b: Volcarona|81/100|[from] Grassy Terrain
|-heal|p2b: Volcarona|87/100|[from] item: Leftovers
|-heal|p2a: Rillaboom|85/100|[from] Grassy Terrain
|-heal|p1a: Kingambit|74/100|[from] Grassy Terrain
|upkeep
|turn|10
|
|t:|1756119320
|move|p1b: Dragonite|Extreme Speed|p2b: Volcarona
|-damage|p2b: Volcarona|53/100
|move|p1a: Kingambit|Sucker Punch|p2b: Volcarona
|-resisted|p2b: Volcarona
|-damage|p2b: Volcarona|0 fnt
|faint|p2b: Volcarona
|move|p2a: Rillaboom|Wood Hammer|p1a: Kingambit
|-damage|p1a: Kingambit|0 fnt
|faint|p1a: Kingambit
|-damage|p2a: Rillaboom|61/100|[from] Recoil
|
|-heal|p2a: Rillaboom|67/100|[from] Grassy Terrain
|upkeep
|
|t:|1756119332
|switch|p2b: Sneasler|Sneasler, L50, F|40/100
|turn|11
|
|t:|1756119345
|move|p1b: Dragonite|Extreme Speed|p2b: Sneasler
|-damage|p2b: Sneasler|0 fnt
|faint|p2b: Sneasler
|move|p2a: Rillaboom|Wood Hammer|p1b: Dragonite
|-resisted|p1b: Dragonite
|-damage|p1b: Dragonite|87/100
|-damage|p2a: Rillaboom|63/100|[from] Recoil
|
|-heal|p2a: Rillaboom|69/100|[from] Grassy Terrain
|-fieldend|move: Grassy Terrain
|upkeep
|turn|12
|
|t:|1756119356
|move|p1b: Dragonite|Extreme Speed|p2a: Rillaboom
|-damage|p2a: Rillaboom|40/100
|move|p2a: Rillaboom|Wood Hammer|p1b: Dragonite
|-resisted|p1b: Dragonite
|-damage|p1b: Dragonite|67/100
|-damage|p2a: Rillaboom|35/100|[from] Recoil
|
|upkeep
|turn|13
|
|t:|1756119364
|move|p1b: Dragonite|Extreme Speed|p2a: Rillaboom
|-damage|p2a: Rillaboom|5/100
|move|p2a: Rillaboom|Wood Hammer|p1b: Dragonite
|-resisted|p1b: Dragonite
|-damage|p1b: Dragonite|47/100
|-damage|p2a: Rillaboom|0 fnt|[from] Recoil
|faint|p2a: Rillaboom
|
|win|Frakub
|raw|Frakub's rating: 1271 → 1303(+32 for winning)
|raw|Realfrytki's rating: 1373 → 1347(-26 for losing)
|c|☆Frakub|gg
