|j|☆NotAcid
|j|☆Yinobo
|html|NotAcidYinobo    
|uhtml|bestof|Game 2 of a best-of-3
|t:|1784252400
|gametype|doubles
|player|p1|NotAcid|will|1079
|player|p2|Yinobo|pokemaniac|1160
|gen|9
|tier|[Gen 9 Champions] VGC 2026 Reg M-B (Bo3)
|rated|
|rule|Species Clause: Limit one of each Pokémon
|rule|Item Clause: Limit 1 of each item
|clearpoke
|poke|p1|Garchomp, L50, F|
|poke|p1|Orthworm, L50, F|
|poke|p1|Talonflame, L50, F|
|poke|p1|Primarina, L50, F|
|poke|p1|Sinistcha-Masterpiece, L50|
|poke|p1|Tyranitar, L50, M|
|poke|p2|Charizard, L50, M, shiny|
|poke|p2|Garchomp, L50, M, shiny|
|poke|p2|Sylveon, L50, M, shiny|
|poke|p2|Kingambit, L50, F, shiny|
|poke|p2|Farigiraf, L50, M, shiny|
|poke|p2|Aerodactyl, L50, M|
|teampreview|4
|showteam|p1|Garchomp||Garchompite|SandVeil|Earthquake,StoneEdge,IronHead,Protect|Jolly||F|||50|]Orthworm||SitrusBerry|EarthEater|HeavySlam,BodyPress,Protect,ShedTail|Careful||F|||50|]Talonflame|||GaleWings|Acrobatics,FlareBlitz,Tailwind,WillOWisp|Jolly||F|||50|]Primarina||LifeOrb|LiquidVoice|WeatherBall,HyperVoice,Moonblast,IcyWind|Timid||F|||50|]Sinistcha-Masterpiece||Leftovers|Hospitality|MatchaGotcha,RagePowder,TrickRoom,StrengthSap|Modest|||||50|]Tyranitar||HardStone|SandStream|Protect,ThunderWave,StoneEdge,HeavySlam|Adamant||M|||50|
|showteam|p2|Charizard||CharizarditeY|SolarPower|Protect,WeatherBall,SolarBeam,HeatWave|Modest||M|||50|]Garchomp||LifeOrb|RoughSkin|Protect,RockSlide,Earthquake,DragonClaw|Jolly||M|||50|]Sylveon||FairyFeather|Pixilate|Detect,HyperBeam,QuickAttack,HyperVoice|Modest||M|||50|]Kingambit||FocusSash|Defiant|KowtowCleave,IronHead,SuckerPunch,LowKick|Adamant||F|||50|]Farigiraf||SitrusBerry|ArmorTail|Psychic,TrickRoom,Thunderbolt,Roar|Bold||M|||50|]Aerodactyl||Aerodactylite|Unnerve|RockSlide,Tailwind,DualWingbeat,IceFang|Jolly||M|||50|
|inactive|Battle timer is ON: inactive players will automatically lose when time's up. (requested by NotAcid)
|inactive|Yinobo has 60 seconds left.
|inactive|Yinobo has 30 seconds left.
|inactive|Yinobo has 20 seconds left.
|inactive|Yinobo has 15 seconds left.
|inactive|Yinobo has 10 seconds left.
|inactive|Yinobo has 5 seconds left.
|
|t:|1784252488
|teamsize|p1|4
|teamsize|p2|4
|start
|switch|p1a: Talonflame|Talonflame, L50, F|100/100
|switch|p1b: Tyranitar|Tyranitar, L50, M|100/100
|switch|p2a: Charizard|Charizard, L50, M, shiny|100/100
|switch|p2b: Kingambit|Kingambit, L50, F, shiny|100/100
|-weather|Sandstorm|[from] ability: Sand Stream|[of] p1b: Tyranitar
|turn|1
|inactive|Yinobo has 30 seconds left.
|inactive|Yinobo has 20 seconds left.
|inactive|Yinobo has 15 seconds left.
|
|t:|1784252528
|move|p1b: Tyranitar|Protect|p1b: Tyranitar
|-singleturn|p1b: Tyranitar|Protect
|move|p1a: Talonflame|Tailwind|p1a: Talonflame
|-sidestart|p1: NotAcid|move: Tailwind
|move|p2a: Charizard|Weather Ball|p1a: Talonflame
|-supereffective|p1a: Talonflame|2
|-damage|p1a: Talonflame|0 fnt
|faint|p1a: Talonflame
|move|p2b: Kingambit|Low Kick|p1b: Tyranitar
|-activate|p1b: Tyranitar|move: Protect
|
|-weather|Sandstorm|[upkeep]
|-damage|p2a: Charizard|93/100|[from] Sandstorm
|upkeep
|inactive|NotAcid has 30 seconds left.
|
|t:|1784252557
|switch|p1a: Garchomp|Garchomp, L50, F|100/100
|turn|2
|inactive|Yinobo has 30 seconds left.
|
|t:|1784252590
|switch|p1b: Primarina|Primarina, L50, F|100/100
|switch|p2a: Garchomp|Garchomp, L50, M, shiny|100/100
|detailschange|p1a: Garchomp|Garchomp-Mega, L50, F
|-mega|p1a: Garchomp|Garchomp|Garchompite
|move|p1a: Garchomp|Stone Edge|p2a: Garchomp
|-resisted|p2a: Garchomp|1
|-damage|p2a: Garchomp|72/100
|move|p2b: Kingambit|Low Kick|p1b: Primarina
|-resisted|p1b: Primarina|1
|-damage|p1b: Primarina|84/100
|
|-weather|Sandstorm|[upkeep]
|-damage|p1b: Primarina|78/100|[from] Sandstorm
|upkeep
|turn|3
|inactive|NotAcid has 30 seconds left.
|inactive|NotAcid has 20 seconds left.
|
|t:|1784252629
|move|p2a: Garchomp|Protect|p2a: Garchomp
|-singleturn|p2a: Garchomp|Protect
|move|p2b: Kingambit|Sucker Punch|p1a: Garchomp
|-damage|p1a: Garchomp|66/100
|move|p1a: Garchomp|Earthquake|p2a: Garchomp|[spread] p1b,p2b
|-activate|p2a: Garchomp|move: Protect
|-supereffective|p2b: Kingambit|1
|-damage|p1b: Primarina|0 fnt
|-enditem|p2b: Kingambit|Focus Sash
|-damage|p2b: Kingambit|1/100
|faint|p1b: Primarina
|
|-weather|Sandstorm|[upkeep]
|upkeep
|
|t:|1784252638
|switch|p1b: Tyranitar|Tyranitar, L50, M|100/100
|turn|4
|inactive|Yinobo has 30 seconds left.
|
|t:|1784252667
|switch|p2a: Charizard|Charizard, L50, M, shiny|93/100
|move|p2b: Kingambit|Sucker Punch|p1a: Garchomp
|-damage|p1a: Garchomp|30/100
|move|p1a: Garchomp|Stone Edge|p2b: Kingambit
|-resisted|p2b: Kingambit|1
|-damage|p2b: Kingambit|0 fnt
|faint|p2b: Kingambit
|move|p1b: Tyranitar|Stone Edge|p2a: Charizard
|-supereffective|p2a: Charizard|2
|-damage|p2a: Charizard|0 fnt
|faint|p2a: Charizard
|
|-weather|Sandstorm|[upkeep]
|-sideend|p1: NotAcid|move: Tailwind
|upkeep
|
|t:|1784252681
|switch|p2a: Garchomp|Garchomp, L50, M, shiny|72/100
|switch|p2b: Sylveon|Sylveon, L50, M, shiny|100/100
|turn|5
|inactive|NotAcid has 30 seconds left.
|
|t:|1784252712
|move|p1a: Garchomp|Protect|p1a: Garchomp
|-singleturn|p1a: Garchomp|Protect
|move|p2a: Garchomp|Dragon Claw|p1a: Garchomp
|-activate|p1a: Garchomp|move: Protect
|move|p1b: Tyranitar|Heavy Slam|p2a: Garchomp
|-damage|p2a: Garchomp|50/100g
|-damage|p1b: Tyranitar|88/100|[from] ability: Rough Skin|[of] p2a: Garchomp
|move|p2b: Sylveon|Hyper Voice|p1b: Tyranitar|[spread] p1b
|-activate|p1a: Garchomp|move: Protect
|-supereffective|p1b: Tyranitar|1
|-damage|p1b: Tyranitar|32/100
|
|-weather|none
|upkeep
|turn|6
|
|t:|1784252732
|move|p2b: Sylveon|Detect|p2b: Sylveon
|-singleturn|p2b: Sylveon|Protect
|move|p2a: Garchomp|Earthquake|p1a: Garchomp|[spread] p1a,p1b
|-activate|p2b: Sylveon|move: Protect
|-supereffective|p1b: Tyranitar|1
|-damage|p1a: Garchomp|0 fnt
|-damage|p1b: Tyranitar|0 fnt
|faint|p1a: Garchomp
|faint|p1b: Tyranitar
|-damage|p2a: Garchomp|40/100|[from] item: Life Orb
|
|win|Yinobo
||NotAcid is ready for game 3.
|inactive|Yinobo has 30 seconds to confirm battle start!
||Yinobo is ready for game 3.
|uhtml|next|Next: Game 3 of 3
|l|☆NotAcid
|player|p1|
