|j|☆ChimpDoppio
|j|☆boykie629
|html|ChimpDoppioboykie629    
|uhtml|bestof|Game 3 of a best-of-3
|t:|1756934895
|gametype|doubles
|player|p1|ChimpDoppio|ingo|1180
|player|p2|boykie629|102|1135
|gen|9
|tier|[Gen 9] VGC 2025 Reg H (Bo3)
|rated|
|rule|Species Clause: Limit one of each Pokémon
|rule|Item Clause: Limit 1 of each item
|clearpoke
|poke|p1|Porygon2, L50|
|poke|p1|Ursaluna, L50, F|
|poke|p1|Volcarona, L50, F|
|poke|p1|Grimmsnarl, L50, M|
|poke|p1|Annihilape, L50, M|
|poke|p1|Hydreigon, L50, F|
|poke|p2|Pelipper, L50, F|
|poke|p2|Palafin, L50, F|
|poke|p2|Archaludon, L50, F|
|poke|p2|Gholdengo, L50|
|poke|p2|Rillaboom, L50, M|
|poke|p2|Incineroar, L50, F|
|teampreview|4
|showteam|p1|Porygon2||Eviolite|Download|IceBeam,TeraBlast,Recover,TrickRoom||||||50|,,,,,Flying]Ursaluna||FlameOrb|Guts|Facade,Earthquake,HeadlongRush,Protect|||F|||50|,,,,,Ghost]Volcarona||SitrusBerry|FlameBody|GigaDrain,HeatWave,QuiverDance,RagePowder|||F|||50|,,,,,Dragon]Grimmsnarl||LightClay|Prankster|SpiritBreak,Reflect,LightScreen,PartingShot|||M|||50|,,,,,Ghost]Annihilape||SafetyGoggles|Defiant|Protect,BulkUp,DrainPunch,RageFist|||M|||50|,,,,,Water]Hydreigon||AssaultVest|Levitate|DracoMeteor,DarkPulse,EarthPower,FlashCannon|||F|||50|,,,,,Steel
|showteam|p2|Pelipper||FocusSash|Drizzle|Hurricane,WeatherBall,Tailwind,Protect|||F|||50|,,,,,Stellar]Palafin||MysticWater|ZerotoHero|JetPunch,WaveCrash,Haze,Protect|||F|||50|,,,,,Water]Archaludon||AssaultVest|Stamina|FlashCannon,DracoMeteor,ElectroShot,BodyPress|||F|||50|,,,,,Bug]Gholdengo||GrassySeed|GoodasGold|MakeItRain,ShadowBall,NastyPlot,Protect||||||50|,,,,,Water]Rillaboom||LoadedDice|GrassySurge|BulletSeed,GrassyGlide,Uturn,FakeOut|||M|||50|,,,,,Water]Incineroar||SafetyGoggles|Intimidate|FlareBlitz,PartingShot,KnockOff,FakeOut|||F|||50|,,,,,Ghost
|inactive|Battle timer is ON: inactive players will automatically lose when time's up. (requested by ChimpDoppio)
|inactive|ChimpDoppio has 60 seconds left.
|
|t:|1756934929
|teamsize|p1|4
|teamsize|p2|4
|start
|switch|p1a: Volcarona|Volcarona, L50, F, shiny|100/100
|switch|p1b: Annihilape|Annihilape, L50, M, shiny|100/100
|switch|p2a: Rillaboom|Rillaboom, L50, M|100/100
|switch|p2b: Gholdengo|Gholdengo, L50|100/100
|-fieldstart|move: Grassy Terrain|[from] ability: Grassy Surge|[of] p2a: Rillaboom
|-enditem|p2b: Gholdengo|Grassy Seed
|-boost|p2b: Gholdengo|def|1|[from] item: Grassy Seed
|turn|1
|
|t:|1756934944
|move|p2a: Rillaboom|Fake Out|p1a: Volcarona
|-damage|p1a: Volcarona|89/100
|move|p2b: Gholdengo|Nasty Plot|p2b: Gholdengo
|-boost|p2b: Gholdengo|spa|2
|cant|p1a: Volcarona|flinch
|move|p1b: Annihilape|Bulk Up|p1b: Annihilape
|-boost|p1b: Annihilape|atk|1
|-boost|p1b: Annihilape|def|1
|
|-heal|p1a: Volcarona|95/100|[from] Grassy Terrain
|upkeep
|turn|2
|inactive|ChimpDoppio has 30 seconds left.
|inactive|boykie629 has 30 seconds left.
|inactive|boykie629 has 20 seconds left.
|inactive|boykie629 has 15 seconds left.
|
|t:|1756934986
|move|p2b: Gholdengo|Shadow Ball|p1b: Annihilape
|-supereffective|p1b: Annihilape
|-damage|p1b: Annihilape|0 fnt
|faint|p1b: Annihilape
|move|p1a: Volcarona|Heat Wave|p2a: Rillaboom|[spread] p2a,p2b
|-supereffective|p2a: Rillaboom
|-supereffective|p2b: Gholdengo
|-damage|p2a: Rillaboom|28/100
|-damage|p2b: Gholdengo|36/100
|move|p2a: Rillaboom|U-turn|p1a: Volcarona
|-resisted|p1a: Volcarona
|-damage|p1a: Volcarona|84/100
|
|t:|1756934995
|switch|p2a: Pelipper|Pelipper, L50, F|100/100|[from] U-turn
|-weather|RainDance|[from] ability: Drizzle|[of] p2a: Pelipper
|
|-weather|RainDance|[upkeep]
|-heal|p2b: Gholdengo|42/100|[from] Grassy Terrain
|-heal|p1a: Volcarona|90/100|[from] Grassy Terrain
|upkeep
|
|t:|1756935002
|switch|p1b: Porygon2|Porygon2, L50, shiny|100/100
|-ability|p1b: Porygon2|Download|boost
|-boost|p1b: Porygon2|spa|1
|turn|3
|
|t:|1756935019
|-terastallize|p1a: Volcarona|Dragon
|move|p2b: Gholdengo|Make It Rain|p1b: Porygon2|[spread] p1a,p1b
|-damage|p1a: Volcarona|5/100
|-damage|p1b: Porygon2|56/100
|-unboost|p2b: Gholdengo|spa|1
|-enditem|p1a: Volcarona|Sitrus Berry|[eat]
|-heal|p1a: Volcarona|30/100|[from] item: Sitrus Berry
|move|p1a: Volcarona|Quiver Dance|p1a: Volcarona
|-boost|p1a: Volcarona|spa|1
|-boost|p1a: Volcarona|spd|1
|-boost|p1a: Volcarona|spe|1
|move|p2a: Pelipper|Weather Ball|p1a: Volcarona
|-resisted|p1a: Volcarona
|-damage|p1a: Volcarona|10/100
|move|p1b: Porygon2|Ice Beam|p2a: Pelipper
|-damage|p2a: Pelipper|39/100
|
|-weather|RainDance|[upkeep]
|-heal|p1a: Volcarona|17/100|[from] Grassy Terrain
|-heal|p2b: Gholdengo|48/100|[from] Grassy Terrain
|-heal|p1b: Porygon2|62/100|[from] Grassy Terrain
|upkeep
|turn|4
|
|t:|1756935040
|-terastallize|p2a: Pelipper|Stellar
|move|p1a: Volcarona|Heat Wave|p2a: Pelipper|[spread] p2a,p2b
|-resisted|p2a: Pelipper
|-supereffective|p2b: Gholdengo
|-damage|p2a: Pelipper|19/100
|-damage|p2b: Gholdengo|0 fnt
|-status|p2a: Pelipper|brn
|faint|p2b: Gholdengo
|move|p2a: Pelipper|Weather Ball|p1b: Porygon2
|-damage|p1b: Porygon2|15/100
|move|p1b: Porygon2|Ice Beam|p2a: Pelipper
|-damage|p2a: Pelipper|0 fnt
|faint|p2a: Pelipper
|
|-weather|RainDance|[upkeep]
|-heal|p1a: Volcarona|23/100|[from] Grassy Terrain
|-heal|p1b: Porygon2|21/100|[from] Grassy Terrain
|upkeep
|
|t:|1756935051
|switch|p2b: Incineroar|Incineroar, L50, F|100/100
|switch|p2a: Rillaboom|Rillaboom, L50, M|28/100
|-ability|p2b: Incineroar|Intimidate|boost
|-unboost|p1a: Volcarona|atk|1
|-unboost|p1b: Porygon2|atk|1
|turn|5
|
|t:|1756935067
|move|p2b: Incineroar|Fake Out|p1a: Volcarona
|-damage|p1a: Volcarona|11/100
|cant|p1a: Volcarona|flinch
|move|p2a: Rillaboom|Bullet Seed|p1a: Volcarona
|-resisted|p1a: Volcarona
|-damage|p1a: Volcarona|4/100
|-resisted|p1a: Volcarona
|-damage|p1a: Volcarona|0 fnt
|faint|p1a: Volcarona
|-hitcount|p1: Volcarona|2
|move|p1b: Porygon2|Trick Room|p1b: Porygon2
|-fieldstart|move: Trick Room|[of] p1b: Porygon2
|
|-weather|RainDance|[upkeep]
|-heal|p1b: Porygon2|27/100|[from] Grassy Terrain
|-heal|p2a: Rillaboom|34/100|[from] Grassy Terrain
|-fieldend|move: Grassy Terrain
|upkeep
|
|t:|1756935074
|switch|p1a: Ursaluna|Ursaluna, L50, F|100/100
|turn|6
|
|t:|1756935081
|move|p1a: Ursaluna|Protect|p1a: Ursaluna
|-singleturn|p1a: Ursaluna|Protect
|move|p1b: Porygon2|Ice Beam|p2a: Rillaboom
|-supereffective|p2a: Rillaboom
|-damage|p2a: Rillaboom|0 fnt
|faint|p2a: Rillaboom
|move|p2b: Incineroar|Flare Blitz|p1b: Porygon2
|-damage|p1b: Porygon2|8/100
|-damage|p2b: Incineroar|95/100|[from] Recoil
|
|-weather|none
|-status|p1a: Ursaluna|brn|[from] item: Flame Orb
|upkeep
|turn|7
|-message|boykie629 forfeited.
|
|win|ChimpDoppio
|raw|ChimpDoppio's rating: 1180 → 1202(+22 for winning)
|raw|boykie629's rating: 1135 → 1113(-22 for losing)
|l|☆boykie629
|player|p2|
