|j|☆CamronVGC
|j|☆bancomat 2
|html|CamronVGCbancomat 2    
|uhtml|bestof|Game 2 of a best-of-3
|t:|1783347912
|gametype|doubles
|player|p1|CamronVGC|koga|1127
|player|p2|bancomat 2|volkner|1097
|gen|9
|tier|[Gen 9 Champions] VGC 2026 Reg M-B (Bo3)
|rated|
|rule|Species Clause: Limit one of each Pokémon
|rule|Item Clause: Limit 1 of each item
|clearpoke
|poke|p1|Dragalge, L50, F|
|poke|p1|Sinistcha-Masterpiece, L50|
|poke|p1|Incineroar, L50, M|
|poke|p1|Ceruledge, L50, M|
|poke|p1|Ninetales-Alola, L50, M|
|poke|p1|Tauros-Paldea-Aqua, L50, M|
|poke|p2|Kingambit, L50, M, shiny|
|poke|p2|Charizard, L50, M, shiny|
|poke|p2|Floette-Eternal, L50, F|
|poke|p2|Whimsicott, L50, F|
|poke|p2|Garchomp, L50, M, shiny|
|poke|p2|Basculegion, L50, M|
|teampreview|4
|showteam|p1|Dragalge||Dragalgite|PoisonPoint|Protect,Toxic,DragonPulse,ToxicSpikes|Bold||F|||50|]Sinistcha-Masterpiece||KasibBerry|Hospitality|Protect,RagePowder,MatchaGotcha,LifeDew|Bold|||||50|]Incineroar||PasshoBerry|Intimidate|FlareBlitz,ThroatChop,PartingShot,FakeOut|Careful||M|||50|]Ceruledge||ColburBerry|FlashFire|Protect,ShadowSneak,BitterBlade,BulkUp|Adamant||M|||50|]Ninetales-Alola||FocusSash|SnowWarning|Protect,Blizzard,FreezeDry,AuroraVeil|Timid||M|||50|]Tauros-Paldea-Aqua||LifeOrb|Intimidate|Protect,AquaJet,WaveCrash,CloseCombat|Adamant||M|||50|
|showteam|p2|Kingambit||BlackGlasses|Defiant|KowtowCleave,SuckerPunch,LowKick,Protect|Adamant||M|||50|]Charizard||CharizarditeY|SolarPower|HeatWave,WeatherBall,SolarBeam,Protect|Modest||M|||50|]Floette-Eternal||Floettite|FlowerVeil|Moonblast,DazzlingGleam,LightofRuin,Protect|Timid||F|||50|]Whimsicott||FocusSash|Prankster|Moonblast,Tailwind,Encore,Protect|Timid||F|||50|]Garchomp||LifeOrb|RoughSkin|Earthquake,DragonClaw,RockSlide,Protect|Jolly||M|||50|]Basculegion||MysticWater|Adaptability|WaveCrash,AquaJet,LastRespects,Protect|Adamant||M|||50|
|inactive|Battle timer is ON: inactive players will automatically lose when time's up. (requested by CamronVGC)
|inactive|CamronVGC has 60 seconds left.
|inactive|bancomat 2 has 60 seconds left.
|
|t:|1783347969
|teamsize|p1|4
|teamsize|p2|4
|start
|switch|p1a: Dragalge|Dragalge, L50, F|100/100
|switch|p1b: Ninetales|Ninetales-Alola, L50, M|100/100
|switch|p2a: Basculegion|Basculegion, L50, M|100/100
|switch|p2b: Whimsicott|Whimsicott, L50, F|100/100
|-weather|Snowscape|[from] ability: Snow Warning|[of] p1b: Ninetales
|turn|1
|
|t:|1783347993
|detailschange|p1a: Dragalge|Dragalge-Mega, L50, F
|-mega|p1a: Dragalge|Dragalge|Dragalgite
|move|p2b: Whimsicott|Tailwind|p2b: Whimsicott
|-sidestart|p2: bancomat 2|move: Tailwind
|move|p2a: Basculegion|Wave Crash|p1a: Dragalge
|-resisted|p1a: Dragalge|1
|-damage|p1a: Dragalge|60/100
|-damage|p2a: Basculegion|89/100|[from] Recoil
|move|p1b: Ninetales|Blizzard|p2a: Basculegion|[spread] p2a,p2b
|-resisted|p2a: Basculegion|1
|-supereffective|p2b: Whimsicott|1
|-damage|p2a: Basculegion|71/100
|-enditem|p2b: Whimsicott|Focus Sash
|-damage|p2b: Whimsicott|1/100
|move|p1a: Dragalge|Toxic Spikes|p2b: Whimsicott
|-sidestart|p2: bancomat 2|move: Toxic Spikes
|
|-weather|Snowscape|[upkeep]
|upkeep
|turn|2
|
|t:|1783348012
|move|p2b: Whimsicott|Moonblast|p1b: Ninetales
|-damage|p1b: Ninetales|60/100
|move|p2a: Basculegion|Wave Crash|p1b: Ninetales
|-damage|p1b: Ninetales|0 fnt
|faint|p1b: Ninetales
|-damage|p2a: Basculegion|57/100|[from] Recoil
|move|p1a: Dragalge|Toxic Spikes|p2a: Basculegion
|-sidestart|p2: bancomat 2|move: Toxic Spikes
|
|-weather|Snowscape|[upkeep]
|upkeep
|
|t:|1783348029
|switch|p1b: Ceruledge|Ceruledge, L50, M|100/100
|turn|3
|
|t:|1783348037
|-heal|p1a: Dragalge|93/100|[from] ability: Regenerator|[silent]
|switch|p1a: Incineroar|Incineroar, L50, M|100/100
|-ability|p1a: Incineroar|Intimidate|boost
|-unboost|p2a: Basculegion|atk|1
|-unboost|p2b: Whimsicott|atk|1
|move|p1b: Ceruledge|Protect|p1b: Ceruledge
|-singleturn|p1b: Ceruledge|Protect
|move|p2b: Whimsicott|Encore|p1a: Incineroar
|-hint|Since gen 7, Dark is immune to Prankster moves.
|-immune|p1a: Incineroar
|move|p2a: Basculegion|Wave Crash|p1b: Ceruledge
|-activate|p1b: Ceruledge|move: Protect
|
|-weather|Snowscape|[upkeep]
|upkeep
|turn|4
|inactive|CamronVGC has 30 seconds left.
|
|t:|1783348064
|move|p1a: Incineroar|Fake Out|p2b: Whimsicott
|-damage|p2b: Whimsicott|0 fnt
|faint|p2b: Whimsicott
|move|p1b: Ceruledge|Shadow Sneak|p2a: Basculegion
|-supereffective|p2a: Basculegion|1
|-crit|p2a: Basculegion
|-damage|p2a: Basculegion|0 fnt
|faint|p2a: Basculegion
|
|-weather|Snowscape|[upkeep]
|-sideend|p2: bancomat 2|move: Tailwind
|upkeep
|
|t:|1783348071
|switch|p2b: Garchomp|Garchomp, L50, M, shiny|100/100
|switch|p2a: Charizard|Charizard, L50, M, shiny|100/100
|-status|p2b: Garchomp|tox
|turn|5
|
|t:|1783348091
|switch|p1a: Dragalge|Dragalge-Mega, L50, F|93/100
|detailschange|p2a: Charizard|Charizard-Mega-Y, L50, M, shiny
|-mega|p2a: Charizard|Charizard|Charizardite Y
|-weather|SunnyDay|[from] ability: Drought|[of] p2a: Charizard
|move|p1b: Ceruledge|Protect|p1b: Ceruledge
|-singleturn|p1b: Ceruledge|Protect
|move|p2b: Garchomp|Earthquake|p1a: Dragalge|[spread] p1a
|-activate|p1b: Ceruledge|move: Protect
|-immune|p2a: Charizard
|-supereffective|p1a: Dragalge|1
|-damage|p1a: Dragalge|20/100y
|-damage|p2b: Garchomp|90/100 tox|[from] item: Life Orb
|move|p2a: Charizard|Weather Ball|p1a: Dragalge
|-resisted|p1a: Dragalge|1
|-damage|p1a: Dragalge|0 fnt
|faint|p1a: Dragalge
|
|-weather|SunnyDay|[upkeep]
|-damage|p2b: Garchomp|84/100 tox|[from] psn
|upkeep
|
|t:|1783348109
|switch|p1a: Incineroar|Incineroar, L50, M|100/100
|-ability|p1a: Incineroar|Intimidate|boost
|-unboost|p2a: Charizard|atk|1
|-unboost|p2b: Garchomp|atk|1
|turn|6
|
|t:|1783348116
|move|p2b: Garchomp|Protect|p2b: Garchomp
|-singleturn|p2b: Garchomp|Protect
|move|p1a: Incineroar|Fake Out|p2b: Garchomp
|-activate|p2b: Garchomp|move: Protect
|move|p2a: Charizard|Weather Ball|p1a: Incineroar
|-resisted|p1a: Incineroar|1
|-damage|p1a: Incineroar|70/100
|move|p1b: Ceruledge|Bulk Up|p1b: Ceruledge
|-boost|p1b: Ceruledge|atk|1
|-boost|p1b: Ceruledge|def|1
|
|-weather|SunnyDay|[upkeep]
|-damage|p2b: Garchomp|71/100 tox|[from] psn
|upkeep
|turn|7
|inactive|CamronVGC has 30 seconds left.
|inactive|CamronVGC has 20 seconds left.
|
|t:|1783348154
|move|p1b: Ceruledge|Protect|p1b: Ceruledge
|-singleturn|p1b: Ceruledge|Protect
|move|p2b: Garchomp|Earthquake|p1b: Ceruledge|[spread] p1a
|-activate|p1b: Ceruledge|move: Protect
|-immune|p2a: Charizard
|-supereffective|p1a: Incineroar|1
|-damage|p1a: Incineroar|12/100
|-damage|p2b: Garchomp|62/100 tox|[from] item: Life Orb
|move|p2a: Charizard|Solar Beam||[still]
|-prepare|p2a: Charizard|Solar Beam
|-anim|p2a: Charizard|Solar Beam|p1a: Incineroar
|-resisted|p1a: Incineroar|1
|-damage|p1a: Incineroar|0 fnt
|faint|p1a: Incineroar
|
|-weather|SunnyDay|[upkeep]
|-damage|p2b: Garchomp|43/100 tox|[from] psn
|upkeep
|turn|8
|
|t:|1783348172
|move|p2b: Garchomp|Earthquake|p1b: Ceruledge|[spread] p1b
|-immune|p2a: Charizard
|-supereffective|p1b: Ceruledge|1
|-damage|p1b: Ceruledge|56/100
|-damage|p2b: Garchomp|34/100 tox|[from] item: Life Orb
|move|p2a: Charizard|Solar Beam||[still]
|-prepare|p2a: Charizard|Solar Beam
|-anim|p2a: Charizard|Solar Beam|p1b: Ceruledge
|-resisted|p1b: Ceruledge|1
|-damage|p1b: Ceruledge|34/100
|move|p1b: Ceruledge|Bitter Blade|p2b: Garchomp
|-resisted|p2b: Garchomp|1
|-damage|p2b: Garchomp|0 fnt
|-heal|p1b: Ceruledge|53/100|[from] drain|[of] p2b: Garchomp
|-damage|p1b: Ceruledge|40/100|[from] ability: Rough Skin|[of] p2b: Garchomp
|faint|p2b: Garchomp
|
|-weather|SunnyDay|[upkeep]
|upkeep
|turn|9
|-message|bancomat 2 forfeited.
|
|win|CamronVGC
