|j|☆belinvgc
|j|☆yizhongchang
|html|belinvgcyizhongchang    
|uhtml|bestof|Game 1 of a best-of-3
|t:|1785162740
|gametype|doubles
|player|p1|belinvgc|2|1191
|player|p2|yizhongchang|101|1271
|gen|9
|tier|[Gen 9 Champions] VGC 2026 Reg M-B (Bo3)
|rated|
|rule|Species Clause: Limit one of each Pokémon
|rule|Item Clause: Limit 1 of each item
|clearpoke
|poke|p1|Tyranitar, L50, M|
|poke|p1|Garchomp, L50, F|
|poke|p1|Gholdengo, L50|
|poke|p1|Milotic, L50, F|
|poke|p1|Sinistcha, L50|
|poke|p1|Staraptor, L50, F|
|poke|p2|Charizard, L50, F|
|poke|p2|Archaludon, L50, F|
|poke|p2|Politoed, L50, F|
|poke|p2|Basculegion, L50, M|
|poke|p2|Venusaur, L50, F|
|poke|p2|Aerodactyl, L50, F|
|teampreview|4
|showteam|p1|Tyranitar||Tyranitarite|SandStream|RockSlide,KnockOff,DragonDance,Protect|Jolly||M|||50|]Garchomp||LifeOrb|RoughSkin|DragonClaw,StompingTantrum,Earthquake,Protect|Jolly||F|||50|]Gholdengo||SitrusBerry|GoodasGold|MakeItRain,ShadowBall,NastyPlot,Protect|Modest|||||50|]Milotic||Leftovers|Competitive|Scald,IcyWind,Recover,Protect|Calm||F|||50|]Sinistcha||ColburBerry|Hospitality|MatchaGotcha,RagePowder,TrickRoom,Protect|Bold|||||50|]Staraptor||Staraptite|Intimidate|BraveBird,CloseCombat,Tailwind,Protect|Jolly||F|||50|
|showteam|p2|Charizard||CharizarditeY|Blaze|HeatWave,WeatherBall,SolarBeam,Protect|Modest||F|||50|]Archaludon||Leftovers|Stamina|FlashCannon,ElectroShot,DragonPulse,Protect|Calm||F|||50|]Politoed||SitrusBerry|Drizzle|WeatherBall,PerishSong,IcyWind,Protect|Bold||F|||50|]Basculegion||FocusSash|Adaptability|Liquidation,AquaJet,LastRespects,Protect|Jolly||M|||50|]Venusaur||LifeOrb|Chlorophyll|SludgeBomb,EarthPower,EnergyBall,Protect|Modest||F|||50|]Aerodactyl||Aerodactylite|Unnerve|RockSlide,DualWingbeat,Tailwind,Protect|Jolly||F|||50|
|
|t:|1785162807
|teamsize|p1|4
|teamsize|p2|4
|start
|switch|p1a: Milotic|Milotic, L50, F|100/100
|switch|p1b: Tyranitar|Tyranitar, L50, M|100/100
|switch|p2a: Charizard|Charizard, L50, F|100/100
|switch|p2b: Venusaur|Venusaur, L50, F|100/100
|-weather|Sandstorm|[from] ability: Sand Stream|[of] p1b: Tyranitar
|turn|1
|
|t:|1785162833
|detailschange|p1b: Tyranitar|Tyranitar-Mega, L50, M
|-mega|p1b: Tyranitar|Tyranitar|Tyranitarite
|move|p2a: Charizard|Protect|p2a: Charizard
|-singleturn|p2a: Charizard|Protect
|move|p1b: Tyranitar|Rock Slide|p2a: Charizard|[spread] p2b
|-activate|p2a: Charizard|move: Protect
|-damage|p2b: Venusaur|57/100
|move|p2b: Venusaur|Energy Ball|p1a: Milotic
|-supereffective|p1a: Milotic|1
|-damage|p1a: Milotic|23/100
|-unboost|p1a: Milotic|spd|1
|-ability|p1a: Milotic|Competitive|boost
|-boost|p1a: Milotic|spa|2
|-damage|p2b: Venusaur|48/100|[from] item: Life Orb
|move|p1a: Milotic|Icy Wind|p2a: Charizard|[spread] p2b
|-activate|p2a: Charizard|move: Protect
|-supereffective|p2b: Venusaur|1
|-damage|p2b: Venusaur|7/100
|-unboost|p2b: Venusaur|spe|1
|
|-weather|Sandstorm|[upkeep]
|-damage|p2a: Charizard|94/100|[from] Sandstorm
|-damage|p1a: Milotic|17/100|[from] Sandstorm
|-damage|p2b: Venusaur|1/100|[from] Sandstorm
|-heal|p1a: Milotic|23/100|[from] item: Leftovers
|upkeep
|turn|2
|
|t:|1785162861
|switch|p1b: Sinistcha|Sinistcha, L50|100/100
|-heal|p1a: Milotic|48/100|[from] ability: Hospitality|[of] p1b: Sinistcha
|detailschange|p2a: Charizard|Charizard-Mega-Y, L50, F
|-mega|p2a: Charizard|Charizard|Charizardite Y
|-weather|SunnyDay|[from] ability: Drought|[of] p2a: Charizard
|move|p2b: Venusaur|Energy Ball|p1b: Sinistcha
|-resisted|p1b: Sinistcha|1
|-damage|p1b: Sinistcha|68/100
|-unboost|p1b: Sinistcha|spd|1
|-damage|p2b: Venusaur|0 fnt|[from] item: Life Orb
|faint|p2b: Venusaur
|move|p2a: Charizard|Heat Wave|p1b: Sinistcha|[spread] p1a,p1b
|-resisted|p1a: Milotic|1
|-supereffective|p1b: Sinistcha|1
|-damage|p1a: Milotic|19/100
|-damage|p1b: Sinistcha|0 fnt
|faint|p1b: Sinistcha
|move|p1a: Milotic|Icy Wind|p2a: Charizard
|-damage|p2a: Charizard|72/100
|-unboost|p2a: Charizard|spe|1
|
|-weather|SunnyDay|[upkeep]
|-heal|p1a: Milotic|25/100|[from] item: Leftovers
|upkeep
|
|t:|1785162914
|switch|p2b: Basculegion|Basculegion, L50, M|100/100
|switch|p1b: Tyranitar|Tyranitar-Mega, L50, M|100/100
|-weather|Sandstorm|[from] ability: Sand Stream|[of] p1b: Tyranitar
|turn|3
|
|t:|1785162946
|switch|p2a: Politoed|Politoed, L50, F|100/100
|-weather|RainDance|[from] ability: Drizzle|[of] p2a: Politoed
|move|p1b: Tyranitar|Protect|p1b: Tyranitar
|-singleturn|p1b: Tyranitar|Protect
|move|p2b: Basculegion|Last Respects|p1a: Milotic
|-damage|p1a: Milotic|0 fnt
|faint|p1a: Milotic
|
|-weather|RainDance|[upkeep]
|upkeep
|
|t:|1785163002
|switch|p1a: Garchomp|Garchomp, L50, F|100/100
|turn|4
|
|t:|1785163028
|move|p1b: Tyranitar|Protect|p1b: Tyranitar
|-singleturn|p1b: Tyranitar|Protect
|move|p1a: Garchomp|Earthquake|p2b: Basculegion|[spread] p2a,p2b
|-activate|p1b: Tyranitar|move: Protect
|-damage|p2a: Politoed|60/100
|-damage|p2b: Basculegion|37/100
|-damage|p1a: Garchomp|90/100|[from] item: Life Orb
|move|p2b: Basculegion|Liquidation|p1b: Tyranitar
|-activate|p1b: Tyranitar|move: Protect
|move|p2a: Politoed|Perish Song|p2a: Politoed
|-start|p1a: Garchomp|perish3|[silent]
|-start|p1b: Tyranitar|perish3|[silent]
|-start|p2a: Politoed|perish3|[silent]
|-start|p2b: Basculegion|perish3|[silent]
|-fieldactivate|move: Perish Song
|
|-weather|RainDance|[upkeep]
|-start|p1a: Garchomp|perish3
|-start|p2b: Basculegion|perish3
|-start|p1b: Tyranitar|perish3
|-start|p2a: Politoed|perish3
|upkeep
|turn|5
|
|t:|1785163083
|move|p2b: Basculegion|Protect|p2b: Basculegion
|-singleturn|p2b: Basculegion|Protect
|move|p2a: Politoed|Protect|p2a: Politoed
|-singleturn|p2a: Politoed|Protect
|move|p1a: Garchomp|Stomping Tantrum|p2b: Basculegion
|-activate|p2b: Basculegion|move: Protect
|move|p1b: Tyranitar|Dragon Dance|p1b: Tyranitar
|-boost|p1b: Tyranitar|atk|1
|-boost|p1b: Tyranitar|spe|1
|
|-weather|RainDance|[upkeep]
|-start|p1b: Tyranitar|perish2
|-start|p1a: Garchomp|perish2
|-start|p2b: Basculegion|perish2
|-start|p2a: Politoed|perish2
|upkeep
|turn|6
|
|t:|1785163096
|move|p2b: Basculegion|Aqua Jet|p1b: Tyranitar
|-supereffective|p1b: Tyranitar|1
|-damage|p1b: Tyranitar|46/100
|move|p1b: Tyranitar|Knock Off|p2a: Politoed
|-damage|p2a: Politoed|0 fnt
|-enditem|p2a: Politoed|Sitrus Berry|[from] move: Knock Off|[of] p1b: Tyranitar
|faint|p2a: Politoed
|move|p1a: Garchomp|Stomping Tantrum|p2b: Basculegion
|-damage|p2b: Basculegion|0 fnt
|faint|p2b: Basculegion
|-damage|p1a: Garchomp|80/100|[from] item: Life Orb
|
|-weather|RainDance|[upkeep]
|-start|p1b: Tyranitar|perish1
|-start|p1a: Garchomp|perish1
|upkeep
|
|t:|1785163100
|switch|p2a: Charizard|Charizard-Mega-Y, L50, F|72/100
|-weather|SunnyDay|[from] ability: Drought|[of] p2a: Charizard
|turn|7
|
|t:|1785163120
|move|p2a: Charizard|Protect|p2a: Charizard
|-singleturn|p2a: Charizard|Protect
|move|p1b: Tyranitar|Rock Slide|p2a: Charizard
|-activate|p2a: Charizard|move: Protect
|move|p1a: Garchomp|Dragon Claw|p2a: Charizard
|-activate|p2a: Charizard|move: Protect
|
|-weather|SunnyDay|[upkeep]
|-start|p1b: Tyranitar|perish0
|-start|p1a: Garchomp|perish0
|faint|p1b: Tyranitar
|faint|p1a: Garchomp
|
|win|yizhongchang
||belinvgc is ready for game 2.
|inactive|yizhongchang has 30 seconds to confirm battle start!
|inactive|yizhongchang has 20 seconds to confirm battle start!
||yizhongchang is ready for game 2.
|uhtml|next|Next: Game 2 of 3
|l|☆belinvgc
|player|p1|
|l|☆yizhongchang
|player|p2|
|j|☆belinvgc
|player|p1|belinvgc|2|
