|j|☆MrDarki256
|j|☆pokemonalpha.es
|html|MrDarki256pokemonalpha.es    
|uhtml|bestof|Game 3 of a best-of-3
|t:|1783110772
|gametype|doubles
|player|p1|MrDarki256|preschooler|
|player|p2|pokemonalpha.es|lebanne|
|gen|9
|tier|[Gen 9 Champions] VGC 2026 Reg M-B (Bo3)
|rule|Species Clause: Limit one of each Pokémon
|rule|Item Clause: Limit 1 of each item
|clearpoke
|poke|p1|Greninja, L50, F|
|poke|p1|Ceruledge, L50, F|
|poke|p1|Incineroar, L50, F|
|poke|p1|Sinistcha, L50|
|poke|p1|Milotic, L50, F|
|poke|p1|Floette-Eternal, L50, F|
|poke|p2|Sneasler, L50, M|
|poke|p2|Scovillain, L50, F|
|poke|p2|Kingambit, L50, F|
|poke|p2|Toxapex, L50, M|
|poke|p2|Snorlax, L50, F|
|poke|p2|Basculegion, L50, M|
|teampreview|4
|showteam|p1|Greninja||Greninjite|Protean|GunkShot,BrickBreak,DarkPulse,Protect|Naive||F|||50|]Ceruledge||ColburBerry|FlashFire|BitterBlade,ShadowSneak,BulkUp,Protect|Adamant||F|||50|]Incineroar||SitrusBerry|Intimidate|FlareBlitz,ThroatChop,PartingShot,FakeOut|Impish||F|||50|]Sinistcha||KasibBerry|Hospitality|MatchaGotcha,RagePowder,LifeDew,Protect|Bold|||||50|]Milotic||Leftovers|Competitive|MuddyWater,Coil,Hypnosis,Protect|Calm||F|||50|]Floette-Eternal||Floettite|FlowerVeil|DrainingKiss,DazzlingGleam,CalmMind,Protect|Timid||F|||50|
|showteam|p2|Sneasler||WhiteHerb|Unburden|CloseCombat,GunkShot,FakeOut,Protect|Jolly||M|||50|]Scovillain||Scovillainite|Moody|Overheat,RagePowder,LeechSeed,Protect|Calm||F|||50|]Kingambit||ChopleBerry|Defiant|KowtowCleave,SuckerPunch,LowKick,Protect|Adamant||F|||50|]Toxapex||Leftovers|Regenerator|Infestation,WideGuard,Recover,Protect|Bold||M|||50|]Snorlax||SitrusBerry|ThickFat|DoubleEdge,Yawn,Fissure,Protect|Relaxed||F|||50|]Basculegion||ChoiceScarf|Adaptability|WaveCrash,LastRespects,FlipTurn,AquaJet|Jolly||M|||50|
|inactive|Battle timer is ON: inactive players will automatically lose when time's up. (requested by pokemonalpha.es)
|j| Prepucio Santos
|j| shishio_ax
|inactive|MrDarki256 has 60 seconds left.
|
|t:|1783110815
|teamsize|p1|4
|teamsize|p2|4
|start
|switch|p1a: Milotic|Milotic, L50, F|100/100
|switch|p1b: Incineroar|Incineroar, L50, F|100/100
|switch|p2a: Scovillain|Scovillain, L50, F|100/100
|switch|p2b: Basculegion|Basculegion, L50, M|100/100
|-ability|p1b: Incineroar|Intimidate|boost
|-unboost|p2a: Scovillain|atk|1
|-unboost|p2b: Basculegion|atk|1
|turn|1
|inactive|pokemonalpha.es has 30 seconds left.
|
|t:|1783110842
|detailschange|p2a: Scovillain|Scovillain-Mega, L50, F
|-mega|p2a: Scovillain|Scovillain|Scovillainite
|move|p1b: Incineroar|Fake Out|p2a: Scovillain
|-damage|p2a: Scovillain|87/100
|-immune|p1b: Incineroar
|move|p2b: Basculegion|Flip Turn|p1b: Incineroar
|-supereffective|p1b: Incineroar|1
|-damage|p1b: Incineroar|60/100
|
|t:|1783110849
|switch|p2b: Snorlax|Snorlax, L50, F|100/100|[from] Flip Turn
|move|p1a: Milotic|Coil|p1a: Milotic
|-boost|p1a: Milotic|atk|1
|-boost|p1a: Milotic|def|1
|-boost|p1a: Milotic|accuracy|1
|cant|p2a: Scovillain|flinch
|
|upkeep
|turn|2
|inactive|MrDarki256 has 30 seconds left.
|
|t:|1783110877
|move|p1a: Milotic|Hypnosis|p2b: Snorlax
|-status|p2b: Snorlax|slp|[from] move: Hypnosis
|move|p1b: Incineroar|Parting Shot|p2a: Scovillain
|-unboost|p2a: Scovillain|atk|1
|-unboost|p2a: Scovillain|spa|1
|j| raicune28
|c| Prepucio Santos|venga vamos a cantar
|
|t:|1783110886
|switch|p1b: Floette|Floette-Eternal, L50, F|100/100|[from] Parting Shot
|move|p2a: Scovillain|Leech Seed|p1a: Milotic
|-start|p1a: Milotic|move: Leech Seed
|cant|p2b: Snorlax|slp
|
|-damage|p1a: Milotic|87/100|[from] Leech Seed|[of] p2a: Scovillain
|-heal|p2a: Scovillain|100/100|[silent]
|upkeep
|turn|3
|c| Prepucio Santos|todos juntos!!!
|c| Prepucio Santos|teleteavisooooo
|
|t:|1783110906
|detailschange|p1b: Floette|Floette-Mega, L50, F
|-mega|p1b: Floette|Floette|Floettite
|-ability|p1b: Floette|Fairy Aura
|move|p1b: Floette|Calm Mind|p1b: Floette
|-boost|p1b: Floette|spa|1
|-boost|p1b: Floette|spd|1
|move|p1a: Milotic|Hypnosis|p2a: Scovillain|[miss]
|-miss|p1a: Milotic|p2a: Scovillain
|move|p2a: Scovillain|Leech Seed|p1b: Floette
|-start|p1b: Floette|move: Leech Seed
|cant|p2b: Snorlax|slp
|
|-heal|p1a: Milotic|93/100|[from] item: Leftovers
|-damage|p1b: Floette|87/100|[from] Leech Seed|[of] p2a: Scovillain
|-damage|p1a: Milotic|81/100|[from] Leech Seed|[of] p2a: Scovillain
|upkeep
|turn|4
|c| Prepucio Santos|teleteavisooooooooo
|c| Prepucio Santos|tinki winki dixi lala y poooo
|
|t:|1783110927
|switch|p2a: Toxapex|Toxapex, L50, M|100/100
|move|p1b: Floette|Protect|p1b: Floette
|-singleturn|p1b: Floette|Protect
|move|p1a: Milotic|Coil|p1a: Milotic
|-boost|p1a: Milotic|atk|1
|-boost|p1a: Milotic|def|1
|-boost|p1a: Milotic|accuracy|1
|-curestatus|p2b: Snorlax|slp|[msg]
|move|p2b: Snorlax|Fissure|p1b: Floette
|-activate|p1b: Floette|move: Protect
|
|-heal|p1a: Milotic|87/100|[from] item: Leftovers
|-damage|p1b: Floette|75/100|[from] Leech Seed|[of] p2a: Toxapex
|-damage|p1a: Milotic|74/100|[from] Leech Seed|[of] p2a: Toxapex
|upkeep
|turn|5
|c| Prepucio Santos|tinki winki dixi lala y pooooo
|c| Prepucio Santos|tinki winki dixi lala y pooooo
|
|t:|1783110942
|move|p1b: Floette|Calm Mind|p1b: Floette
|-boost|p1b: Floette|spa|1
|-boost|p1b: Floette|spd|1
|move|p1a: Milotic|Hypnosis|p2b: Snorlax
|-status|p2b: Snorlax|slp|[from] move: Hypnosis
|move|p2a: Toxapex|Infestation|p1b: Floette
|-resisted|p1b: Floette|1
|-damage|p1b: Floette|75/100
|-activate|p1b: Floette|move: Infestation|[of] p2a: Toxapex
|cant|p2b: Snorlax|slp
|
|-heal|p1a: Milotic|80/100|[from] item: Leftovers
|-damage|p1b: Floette|62/100|[from] Leech Seed|[of] p2a: Toxapex
|-damage|p1a: Milotic|68/100|[from] Leech Seed|[of] p2a: Toxapex
|-damage|p1b: Floette|50/100g|[from] move: Infestation|[partiallytrapped]
|upkeep
|turn|6
|c| Prepucio Santos|oleeee
|
|t:|1783110965
|move|p1b: Floette|Draining Kiss|p2b: Snorlax
|-damage|p2b: Snorlax|57/100 slp
|-heal|p1b: Floette|100/100|[from] drain|[of] p2b: Snorlax
|move|p1a: Milotic|Hypnosis|p2a: Toxapex
|-status|p2a: Toxapex|slp|[from] move: Hypnosis
|cant|p2a: Toxapex|slp
|-curestatus|p2b: Snorlax|slp|[msg]
|move|p2b: Snorlax|Double-Edge|p1b: Floette
|-damage|p1b: Floette|53/100
|-damage|p2b: Snorlax|48/100|[from] Recoil
|-enditem|p2b: Snorlax|Sitrus Berry|[eat]
|-heal|p2b: Snorlax|73/100|[from] item: Sitrus Berry
|
|-heal|p1a: Milotic|74/100|[from] item: Leftovers
|-damage|p1b: Floette|41/100|[from] Leech Seed|[of] p2a: Toxapex
|-damage|p1a: Milotic|61/100|[from] Leech Seed|[of] p2a: Toxapex
|-damage|p1b: Floette|29/100|[from] move: Infestation|[partiallytrapped]
|upkeep
|turn|7
|
|t:|1783110986
|move|p2b: Snorlax|Protect|p2b: Snorlax
|-singleturn|p2b: Snorlax|Protect
|move|p1b: Floette|Draining Kiss|p2a: Toxapex
|-resisted|p2a: Toxapex|1
|-damage|p2a: Toxapex|75/100 slp
|-heal|p1b: Floette|48/100|[from] drain|[of] p2a: Toxapex
|move|p1a: Milotic|Hypnosis|p2b: Snorlax
|-activate|p2b: Snorlax|move: Protect
|cant|p2a: Toxapex|slp
|
|-heal|p1a: Milotic|67/100|[from] item: Leftovers
|-heal|p2a: Toxapex|80/100 slp|[from] item: Leftovers
|-damage|p1b: Floette|35/100|[from] Leech Seed|[of] p2a: Toxapex
|-heal|p2a: Toxapex|92/100 slp|[silent]
|-damage|p1a: Milotic|55/100|[from] Leech Seed|[of] p2a: Toxapex
|-heal|p2a: Toxapex|100/100 slp|[silent]
|-damage|p1b: Floette|23/100|[from] move: Infestation|[partiallytrapped]
|upkeep
|turn|8
|
|t:|1783111002
|switch|p2b: Scovillain|Scovillain-Mega, L50, F|100/100
|move|p1b: Floette|Draining Kiss|p2b: Scovillain
|-resisted|p2b: Scovillain|1
|-damage|p2b: Scovillain|68/100
|-heal|p1b: Floette|50/100y|[from] drain|[of] p2b: Scovillain
|-status|p1b: Floette|brn|[from] ability: Spicy Spray|[of] p2b: Scovillain
|move|p1a: Milotic|Hypnosis|p2b: Scovillain
|-status|p2b: Scovillain|slp|[from] move: Hypnosis
|-curestatus|p2a: Toxapex|slp|[msg]
|move|p2a: Toxapex|Infestation|p1a: Milotic
|-damage|p1a: Milotic|53/100
|-activate|p1a: Milotic|move: Infestation|[of] p2a: Toxapex
|
|-heal|p1a: Milotic|59/100|[from] item: Leftovers
|-damage|p1b: Floette|37/100 brn|[from] Leech Seed|[of] p2a: Toxapex
|-damage|p1a: Milotic|47/100|[from] Leech Seed|[of] p2a: Toxapex
|-damage|p1b: Floette|32/100 brn|[from] brn
|-damage|p1b: Floette|19/100 brn|[from] move: Infestation|[partiallytrapped]
|-damage|p1a: Milotic|34/100|[from] move: Infestation|[partiallytrapped]
|upkeep
|turn|9
|c| Prepucio Santos|pelea de metapods
|inactive|MrDarki256 has 30 seconds left.
|inactive|pokemonalpha.es has 30 seconds left.
|
|t:|1783111033
|move|p2a: Toxapex|Wide Guard|p2a: Toxapex
|-singleturn|p2a: Toxapex|Wide Guard
|move|p1b: Floette|Draining Kiss|p2b: Scovillain
|-resisted|p2b: Scovillain|1
|-damage|p2b: Scovillain|34/100 slp
|-heal|p1b: Floette|48/100 brn|[from] drain|[of] p2b: Scovillain
|move|p1a: Milotic|Hypnosis|p2a: Toxapex
|-status|p2a: Toxapex|slp|[from] move: Hypnosis
|cant|p2b: Scovillain|slp
|
|-heal|p1a: Milotic|40/100|[from] item: Leftovers
|-damage|p1b: Floette|35/100 brn|[from] Leech Seed|[of] p2a: Toxapex
|-damage|p1a: Milotic|28/100|[from] Leech Seed|[of] p2a: Toxapex
|-damage|p1b: Floette|30/100 brn|[from] brn
|-end|p1b: Floette|Infestation|[partiallytrapped]
|-damage|p1a: Milotic|15/100|[from] move: Infestation|[partiallytrapped]
|upkeep
|turn|10
|c| Prepucio Santos|parece esto partifa de ou
|
|t:|1783111056
|-curestatus|p2b: Scovillain|slp|[msg]
|move|p2b: Scovillain|Protect|p2b: Scovillain
|-singleturn|p2b: Scovillain|Protect
|move|p1b: Floette|Draining Kiss|p2b: Scovillain
|-activate|p2b: Scovillain|move: Protect
|move|p1a: Milotic|Muddy Water|p2a: Toxapex|[spread] p2a
|-activate|p2b: Scovillain|move: Protect
|-resisted|p2a: Toxapex|1
|-damage|p2a: Toxapex|90/100 slp
|cant|p2a: Toxapex|slp
|
|-heal|p1a: Milotic|21/100|[from] item: Leftovers
|-heal|p2a: Toxapex|96/100 slp|[from] item: Leftovers
|-damage|p1b: Floette|17/100 brn|[from] Leech Seed|[of] p2a: Toxapex
|-heal|p2a: Toxapex|100/100 slp|[silent]
|-damage|p1a: Milotic|9/100|[from] Leech Seed|[of] p2a: Toxapex
|-damage|p1b: Floette|12/100 brn|[from] brn
|-damage|p1a: Milotic|0 fnt|[from] move: Infestation|[partiallytrapped]
|faint|p1a: Milotic
|upkeep
|c| shishio_ax|Estoy igual q el Toxapex ahora mismo
|
|t:|1783111072
|switch|p1a: Sinistcha|Sinistcha, L50|100/100
|-heal|p1b: Floette|37/100 brn|[from] ability: Hospitality|[of] p1a: Sinistcha
|turn|11
|l| raicune28
|
|t:|1783111087
|cant|p2a: Toxapex|slp
|move|p1b: Floette|Draining Kiss|p2b: Scovillain
|-resisted|p2b: Scovillain|1
|-damage|p2b: Scovillain|1/100
|-heal|p1b: Floette|65/100 brn|[from] drain|[of] p2b: Scovillain
|move|p2b: Scovillain|Overheat|p1a: Sinistcha
|-supereffective|p1a: Sinistcha|1
|-damage|p1a: Sinistcha|0 fnt
|-unboost|p2b: Scovillain|spa|2
|faint|p1a: Sinistcha
|
|-damage|p1b: Floette|53/100 brn|[from] Leech Seed|[of] p2a: Toxapex
|-damage|p1b: Floette|47/100 brn|[from] brn
|upkeep
|c|☆MrDarki256|No me lo puedo creer
|
|t:|1783111101
|switch|p1a: Incineroar|Incineroar, L50, F|60/100
|-ability|p1a: Incineroar|Intimidate|boost
|-unboost|p2a: Toxapex|atk|1
|-unboost|p2b: Scovillain|atk|1
|turn|12
|c| shishio_ax|Ostia puta
|inactive|MrDarki256 has 30 seconds left.
|inactive|MrDarki256 has 20 seconds left.
|inactive|MrDarki256 has 15 seconds left.
|
|t:|1783111142
|move|p2b: Scovillain|Protect|p2b: Scovillain
|-singleturn|p2b: Scovillain|Protect
|move|p1b: Floette|Draining Kiss|p2a: Toxapex
|-resisted|p2a: Toxapex|1
|-damage|p2a: Toxapex|76/100 slp
|-heal|p1b: Floette|65/100 brn|[from] drain|[of] p2a: Toxapex
|move|p1a: Incineroar|Parting Shot|p2b: Scovillain
|-activate|p2b: Scovillain|move: Protect
|-curestatus|p2a: Toxapex|slp|[msg]
|move|p2a: Toxapex|Infestation|p1b: Floette
|-resisted|p1b: Floette|1
|-damage|p1b: Floette|64/100 brn
|-activate|p1b: Floette|move: Infestation|[of] p2a: Toxapex
|
|-heal|p2a: Toxapex|82/100|[from] item: Leftovers
|-damage|p1b: Floette|52/100 brn|[from] Leech Seed|[of] p2a: Toxapex
|-heal|p2a: Toxapex|94/100|[silent]
|-damage|p1b: Floette|46/100 brn|[from] brn
|-damage|p1b: Floette|34/100 brn|[from] move: Infestation|[partiallytrapped]
|upkeep
|turn|13
|
|t:|1783111158
|move|p2a: Toxapex|Protect|p2a: Toxapex
|-singleturn|p2a: Toxapex|Protect
|move|p1b: Floette|Draining Kiss|p2a: Toxapex
|-activate|p2a: Toxapex|move: Protect
|move|p1a: Incineroar|Throat Chop|p2b: Scovillain
|-damage|p2b: Scovillain|0 fnt
|-immune|p1a: Incineroar
|faint|p2b: Scovillain
|
|-heal|p2a: Toxapex|100/100|[from] item: Leftovers
|-damage|p1b: Floette|22/100 brn|[from] Leech Seed|[of] p2a: Toxapex
|-damage|p1b: Floette|16/100 brn|[from] brn
|-damage|p1b: Floette|4/100 brn|[from] move: Infestation|[partiallytrapped]
|upkeep
|
|t:|1783111167
|switch|p2b: Basculegion|Basculegion, L50, M|100/100
|turn|14
|
|t:|1783111178
|move|p2b: Basculegion|Flip Turn|p1b: Floette
|-damage|p1b: Floette|0 fnt
|faint|p1b: Floette
|
|t:|1783111181
|switch|p2b: Snorlax|Snorlax, L50, F|73/100|[from] Flip Turn
|move|p1a: Incineroar|Throat Chop|p2b: Snorlax
|-crit|p2b: Snorlax
|-damage|p2b: Snorlax|41/100
|-start|p2b: Snorlax|Throat Chop|[silent]
|move|p2a: Toxapex|Infestation|p1a: Incineroar
|-damage|p1a: Incineroar|57/100
|-activate|p1a: Incineroar|move: Infestation|[of] p2a: Toxapex
|
|-damage|p1a: Incineroar|45/100|[from] move: Infestation|[partiallytrapped]
|upkeep
|-enditem|p1a: Incineroar|Sitrus Berry|[eat]
|-heal|p1a: Incineroar|69/100|[from] item: Sitrus Berry
|turn|15
|-message|MrDarki256 forfeited.
|
|win|pokemonalpha.es
|c| Prepucio Santos|emilio es el villano
|c|☆pokemonalpha.es|ggs
|c|☆MrDarki256|gg
|l| shishio_ax
