|j|☆bellytelevision
|j|‽babysha
|html|bellytelevisionbabysha    
|uhtml|bestof|Game 3 of a best-of-3
|t:|1784830674
|gametype|doubles
|player|p1|bellytelevision|dawn|1114
|player|p2|babysha|101|1155
|gen|9
|tier|[Gen 9 Champions] VGC 2026 Reg M-B (Bo3)
|rated|
|rule|Species Clause: Limit one of each Pokémon
|rule|Item Clause: Limit 1 of each item
|clearpoke
|poke|p1|Venusaur, L50, M, shiny|
|poke|p1|Metagross, L50|
|poke|p1|Sinistcha, L50|
|poke|p1|Pelipper, L50, F|
|poke|p1|Archaludon, L50, M, shiny|
|poke|p1|Sableye, L50, M, shiny|
|poke|p2|Aerodactyl, L50, F|
|poke|p2|Archaludon, L50, M|
|poke|p2|Sinistcha, L50|
|poke|p2|Swampert, L50, M|
|poke|p2|Sneasler, L50, F|
|poke|p2|Pelipper, L50, M|
|teampreview|4
|showteam|p1|Venusaur||Venusaurite|Chlorophyll|GigaDrain,SludgeBomb,Protect,EarthPower|Modest||M|||50|]Metagross||Metagrossite|ClearBody|IronHead,PsychicFangs,IcePunch,Protect|Jolly|||||50|]Sinistcha||ColburBerry|Hospitality|RagePowder,MatchaGotcha,LifeDew,TrickRoom|Sassy|||||50|]Pelipper||SitrusBerry|Drizzle|Tailwind,Hurricane,WeatherBall,WideGuard|Bold||F|||50|]Archaludon||Leftovers|Stamina|ElectroShot,FlashCannon,DragonPulse,Protect|Modest||M|||50|]Sableye||LightClay|Prankster|RainDance,Reflect,LightScreen,WillOWisp|Sassy||M|||50|
|showteam|p2|Aerodactyl||LifeOrb|Unnerve|Tailwind,DualWingbeat,RockSlide,Protect|Jolly||F|||50|]Archaludon||ShucaBerry|Stamina|ElectroShot,FlashCannon,DragonPulse,Protect|Serious||M|||50|]Sinistcha||CobaBerry|Hospitality|RagePowder,MatchaGotcha,Imprison,TrickRoom|Serious|||||50|]Swampert||Swampertite|Torrent|WaveCrash,Earthquake,IcePunch,Protect|Adamant||M|||50|]Sneasler||WhiteHerb|Unburden|FakeOut,ThroatChop,DireClaw,CloseCombat|Adamant||F|||50|]Pelipper||FocusSash|Drizzle|Tailwind,Hurricane,WeatherBall,Protect|Modest||M|||50|
|inactive|Battle timer is ON: inactive players will automatically lose when time's up. (requested by babysha)
|
|t:|1784830701
|teamsize|p1|4
|teamsize|p2|4
|start
|switch|p1a: Metagross|Metagross, L50|100/100
|switch|p1b: Sableye|Sableye, L50, M, shiny|100/100
|switch|p2a: Sneasler|Sneasler, L50, F|100/100
|switch|p2b: Pelipper|Pelipper, L50, M|100/100
|-weather|RainDance|[from] ability: Drizzle|[of] p2b: Pelipper
|turn|1
|inactive|babysha has 30 seconds left.
|
|t:|1784830732
|switch|p1b: Archaludon|Archaludon, L50, M, shiny|100/100
|detailschange|p1a: Metagross|Metagross-Mega, L50
|-mega|p1a: Metagross|Metagross|Metagrossite
|move|p2a: Sneasler|Fake Out|p1a: Metagross
|-resisted|p1a: Metagross|1
|-damage|p1a: Metagross|94/100
|cant|p1a: Metagross|flinch
|move|p2b: Pelipper|Hurricane|p1b: Archaludon
|-resisted|p1b: Archaludon|1
|-damage|p1b: Archaludon|74/100
|-ability|p1b: Archaludon|Stamina|boost
|-boost|p1b: Archaludon|def|1
|
|-weather|RainDance|[upkeep]
|-heal|p1b: Archaludon|80/100|[from] item: Leftovers
|upkeep
|turn|2
|inactive|babysha has 30 seconds left.
|
|t:|1784830763
|switch|p2a: Swampert|Swampert, L50, M|100/100
|move|p1a: Metagross|Psychic Fangs|p2a: Swampert
|-damage|p2a: Swampert|35/100
|move|p2b: Pelipper|Weather Ball|p1b: Archaludon
|-resisted|p1b: Archaludon|1
|-damage|p1b: Archaludon|47/100
|-ability|p1b: Archaludon|Stamina|boost
|-boost|p1b: Archaludon|def|1
|move|p1b: Archaludon|Electro Shot||[still]
|-prepare|p1b: Archaludon|Electro Shot
|-boost|p1b: Archaludon|spa|1
|-anim|p1b: Archaludon|Electro Shot|p2b: Pelipper
|-supereffective|p2b: Pelipper|2
|-enditem|p2b: Pelipper|Focus Sash
|-damage|p2b: Pelipper|1/100
|
|-weather|RainDance|[upkeep]
|-heal|p1b: Archaludon|54/100|[from] item: Leftovers
|upkeep
|turn|3
|inactive|bellytelevision has 30 seconds left.
|inactive|bellytelevision has 20 seconds left.
|inactive|babysha has 30 seconds left.
|inactive|bellytelevision has 15 seconds left.
|
|t:|1784830806
|switch|p1a: Sinistcha|Sinistcha, L50|100/100
|-heal|p1b: Archaludon|79/100|[from] ability: Hospitality|[of] p1a: Sinistcha
|detailschange|p2a: Swampert|Swampert-Mega, L50, M
|-mega|p2a: Swampert|Swampert|Swampertite
|move|p2a: Swampert|Earthquake|p1a: Sinistcha|[spread] p1a,p1b
|-immune|p2b: Pelipper
|-resisted|p1a: Sinistcha|1
|-supereffective|p1b: Archaludon|1
|-damage|p1a: Sinistcha|77/100
|-damage|p1b: Archaludon|46/100
|-ability|p1b: Archaludon|Stamina|boost
|-boost|p1b: Archaludon|def|1
|move|p2b: Pelipper|Weather Ball|p1b: Archaludon
|-resisted|p1b: Archaludon|1
|-damage|p1b: Archaludon|15/100
|-ability|p1b: Archaludon|Stamina|boost
|-boost|p1b: Archaludon|def|1
|move|p1b: Archaludon|Dragon Pulse|p2a: Swampert
|-damage|p2a: Swampert|0 fnt
|faint|p2a: Swampert
|
|-weather|RainDance|[upkeep]
|-heal|p1b: Archaludon|21/100|[from] item: Leftovers
|upkeep
|
|t:|1784830819
|switch|p2a: Archaludon|Archaludon, L50, M|100/100
|turn|4
|
|t:|1784830833
|switch|p1a: Sableye|Sableye, L50, M, shiny|100/100
|move|p1b: Archaludon|Protect|p1b: Archaludon
|-singleturn|p1b: Archaludon|Protect
|move|p2a: Archaludon|Dragon Pulse|p1b: Archaludon
|-activate|p1b: Archaludon|move: Protect
|move|p2b: Pelipper|Hurricane|p1a: Sableye
|-damage|p1a: Sableye|38/100
|-start|p1a: Sableye|confusion
|
|-weather|RainDance|[upkeep]
|-heal|p1b: Archaludon|27/100|[from] item: Leftovers
|upkeep
|turn|5
|inactive|bellytelevision has 30 seconds left.
|
|t:|1784830866
|switch|p1b: Sinistcha|Sinistcha, L50|77/100
|-heal|p1a: Sableye|63/100|[from] ability: Hospitality|[of] p1b: Sinistcha
|-activate|p1a: Sableye|confusion
|move|p1a: Sableye|Will-O-Wisp|p2b: Pelipper
|-status|p2b: Pelipper|brn
|move|p2a: Archaludon|Dragon Pulse|p1b: Sinistcha
|-damage|p1b: Sinistcha|40/100
|move|p2b: Pelipper|Tailwind|p2b: Pelipper
|-sidestart|p2: babysha|move: Tailwind
|
|-weather|none
|-damage|p2b: Pelipper|0 fnt|[from] brn
|faint|p2b: Pelipper
|upkeep
|
|t:|1784830879
|switch|p2b: Sneasler|Sneasler, L50, F|100/100
|turn|6
|
|t:|1784830890
|switch|p1b: Metagross|Metagross-Mega, L50|94/100
|switch|p1a: Archaludon|Archaludon, L50, M, shiny|27/100
|move|p2b: Sneasler|Dire Claw|p1b: Metagross
|-immune|p1b: Metagross
|move|p2a: Archaludon|Dragon Pulse|p1b: Metagross
|-resisted|p1b: Metagross|1
|-damage|p1b: Metagross|76/100
|
|-heal|p1a: Archaludon|33/100|[from] item: Leftovers
|upkeep
|turn|7
|inactive|babysha has 30 seconds left.
|
|t:|1784830915
|move|p1b: Metagross|Protect|p1b: Metagross
|-singleturn|p1b: Metagross|Protect
|move|p1a: Archaludon|Protect|p1a: Archaludon
|-singleturn|p1a: Archaludon|Protect
|move|p2b: Sneasler|Close Combat|p1b: Metagross
|-activate|p1b: Metagross|move: Protect
|move|p2a: Archaludon|Flash Cannon|p1b: Metagross
|-activate|p1b: Metagross|move: Protect
|
|-heal|p1a: Archaludon|40/100|[from] item: Leftovers
|upkeep
|turn|8
|inactive|bellytelevision has 30 seconds left.
|
|t:|1784830941
|switch|p1b: Sableye|Sableye, L50, M, shiny|63/100
|switch|p1a: Sinistcha|Sinistcha, L50|40/100
|-heal|p1b: Sableye|87/100|[from] ability: Hospitality|[of] p1a: Sinistcha
|move|p2b: Sneasler|Close Combat|p1a: Sinistcha
|-immune|p1a: Sinistcha
|move|p2a: Archaludon|Flash Cannon|p1b: Sableye
|-damage|p1b: Sableye|47/100
|
|-sideend|p2: babysha|move: Tailwind
|upkeep
|turn|9
|
|t:|1784830963
|switch|p1a: Metagross|Metagross-Mega, L50|76/100
|move|p1b: Sableye|Will-O-Wisp|p2b: Sneasler
|-status|p2b: Sneasler|brn
|move|p2b: Sneasler|Throat Chop|p1a: Metagross
|-supereffective|p1a: Metagross|1
|-damage|p1a: Metagross|53/100
|-start|p1a: Metagross|Throat Chop|[silent]
|move|p2a: Archaludon|Dragon Pulse|p1a: Metagross
|-resisted|p1a: Metagross|1
|-damage|p1a: Metagross|34/100
|
|-damage|p2b: Sneasler|94/100 brn|[from] brn
|upkeep
|turn|10
|
|t:|1784830980
|move|p1a: Metagross|Protect|p1a: Metagross
|-singleturn|p1a: Metagross|Protect
|move|p1b: Sableye|Light Screen|p1b: Sableye
|-sidestart|p1: bellytelevision|move: Light Screen
|move|p2b: Sneasler|Throat Chop|p1b: Sableye
|-crit|p1b: Sableye
|-damage|p1b: Sableye|19/100
|-start|p1b: Sableye|Throat Chop|[silent]
|move|p2a: Archaludon|Flash Cannon|p1a: Metagross
|-activate|p1a: Metagross|move: Protect
|
|-damage|p2b: Sneasler|88/100 brn|[from] brn
|-end|p1a: Metagross|Throat Chop|[silent]
|upkeep
|turn|11
|
|t:|1784830996
|switch|p1b: Sinistcha|Sinistcha, L50|40/100
|-heal|p1a: Metagross|59/100|[from] ability: Hospitality|[of] p1b: Sinistcha
|move|p2b: Sneasler|Throat Chop|p1b: Sinistcha
|-supereffective|p1b: Sinistcha|1
|-enditem|p1b: Sinistcha|Colbur Berry|[eat]
|-enditem|p1b: Sinistcha|Colbur Berry|[weaken]
|-damage|p1b: Sinistcha|26/100
|-start|p1b: Sinistcha|Throat Chop|[silent]
|move|p1a: Metagross|Psychic Fangs|p2b: Sneasler
|-supereffective|p2b: Sneasler|2
|-damage|p2b: Sneasler|0 fnt
|faint|p2b: Sneasler
|move|p2a: Archaludon|Flash Cannon|p1a: Metagross
|-resisted|p1a: Metagross|1
|-damage|p1a: Metagross|48/100
|
|upkeep
|turn|12
|l|‽babysha
|inactive|babysha disconnected and has a minute to reconnect!
|player|p2|
|inactive|bellytelevision has 30 seconds left.
|inactive|babysha has 30 seconds left.
|inactive|babysha has 20 seconds left.
|inactive|babysha has 15 seconds left.
|inactive|babysha has 10 seconds left.
|inactive|babysha has 5 seconds left.
|-message|babysha lost due to inactivity.
|
|win|bellytelevision
|raw|bellytelevision's rating: 1114 → 1142(+28 for winning)
|raw|babysha's rating: 1155 → 1127(-28 for losing)
