|j|☆superandry
|j|☆jumplufffan123
|html|superandryjumplufffan123    
|uhtml|bestof|Game 3 of a best-of-3
|t:|1756286923
|gametype|doubles
|player|p1|superandry|palmer|1045
|player|p2|jumplufffan123|cheryl|1147
|gen|9
|tier|[Gen 9] VGC 2025 Reg H (Bo3)
|rated|
|rule|Species Clause: Limit one of each Pokémon
|rule|Item Clause: Limit 1 of each item
|clearpoke
|poke|p1|Weezing, L50, M|
|poke|p1|Incineroar, L50, M|
|poke|p1|Dragonite, L50, M|
|poke|p1|Ursaluna-Bloodmoon, L50, M|
|poke|p1|Annihilape, L50, F|
|poke|p1|Dragapult, L50, M|
|poke|p2|Charizard, L50, F|
|poke|p2|Torkoal, L50, M|
|poke|p2|Porygon2, L50|
|poke|p2|Incineroar, L50, M|
|poke|p2|Jumpluff, L50, M|
|poke|p2|Ursaluna, L50, M|
|teampreview|4
|showteam|p1|Weezing||SitrusBerry|NeutralizingGas|GunkShot,WillOWisp,Taunt,Protect|||M|||50|,,,,,Water]Incineroar||AbilityShield|Intimidate|FakeOut,FlareBlitz,KnockOff,PartingShot|||M|||50|,,,,,Ghost]Dragonite||LoadedDice|Multiscale|ScaleShot,ExtremeSpeed,Tailwind,Protect|||M|||50|,,,,,Steel]Ursaluna-Bloodmoon||AssaultVest|MindsEye|HyperVoice,BloodMoon,EarthPower,VacuumWave|||M|||50|,,,,,Normal]Annihilape||SafetyGoggles|Defiant|CloseCombat,FinalGambit,RageFist,Protect|||F|||50|,,,,,Stellar]Dragapult||ChoiceSpecs|ClearBody|DracoMeteor,ShadowBall,Flamethrower,DragonDarts|||M|||50|,,,,,Stellar
|showteam|p2|Charizard||ChoiceSpecs|SolarPower|HeatWave,Overheat,WeatherBall,AirSlash|||F|||50|,,,,,Ghost]Torkoal||EjectPack|Drought|Eruption,Overheat,HelpingHand,Protect|||M|||50|,,,,,Fire]Porygon2||Eviolite|Download|TeraBlast,IceBeam,Recover,TrickRoom||||||50|,,,,,Fighting]Incineroar||SitrusBerry|Intimidate|FlareBlitz,KnockOff,FakeOut,PartingShot|||M|||50|,,,,,Ghost]Jumpluff||CovertCloak|Chlorophyll|SleepPowder,SunnyDay,RagePowder,Tailwind|||M|||50|,,,,,Water]Ursaluna||FlameOrb|Guts|HeadlongRush,Facade,Earthquake,Protect|||M|||50|,,,,,Ghost
|inactive|Battle timer is ON: inactive players will automatically lose when time's up. (requested by superandry)
|inactive|jumplufffan123 also wants the timer to be on.
|
|t:|1756286943
|teamsize|p1|4
|teamsize|p2|4
|start
|switch|p1a: Weezing|Weezing, L50, M|100/100
|switch|p1b: Dragapult|Dragapult, L50, M, shiny|100/100
|switch|p2a: Jumpluff|Jumpluff, L50, M, shiny|100/100
|switch|p2b: Incineroar|Incineroar, L50, M|100/100
|-ability|p1a: Weezing|Neutralizing Gas
|turn|1
|
|t:|1756286960
|-terastallize|p1b: Dragapult|Stellar
|move|p2b: Incineroar|Fake Out|p1a: Weezing
|-damage|p1a: Weezing|91/100
|move|p1b: Dragapult|Draco Meteor|p2a: Jumpluff
|-damage|p2a: Jumpluff|0 fnt
|-unboost|p1b: Dragapult|spa|2
|faint|p2a: Jumpluff
|cant|p1a: Weezing|flinch
|
|upkeep
|inactive|jumplufffan123 has 30 seconds left.
|
|t:|1756286989
|switch|p2a: Charizard|Charizard, L50, F|100/100
|turn|2
|
|t:|1756287011
|switch|p2a: Torkoal|Torkoal, L50, M|100/100
|move|p1b: Dragapult|Draco Meteor|p2a: Torkoal
|-damage|p2a: Torkoal|39/100
|-unboost|p1b: Dragapult|spa|2
|move|p2b: Incineroar|Knock Off|p1b: Dragapult
|-supereffective|p1b: Dragapult
|-damage|p1b: Dragapult|0 fnt
|-enditem|p1b: Dragapult|Choice Specs|[from] move: Knock Off|[of] p2b: Incineroar
|faint|p1b: Dragapult
|move|p1a: Weezing|Gunk Shot|p2a: Torkoal
|-damage|p2a: Torkoal|8/100
|
|upkeep
|
|t:|1756287031
|switch|p1b: Annihilape|Annihilape, L50, F|100/100
|turn|3
|
|t:|1756287043
|move|p2a: Torkoal|Protect|p2a: Torkoal
|-singleturn|p2a: Torkoal|Protect
|move|p1b: Annihilape|Close Combat|p2b: Incineroar
|-supereffective|p2b: Incineroar
|-damage|p2b: Incineroar|4/100
|-unboost|p1b: Annihilape|def|1
|-unboost|p1b: Annihilape|spd|1
|-enditem|p2b: Incineroar|Sitrus Berry|[eat]
|-heal|p2b: Incineroar|29/100|[from] item: Sitrus Berry
|move|p2b: Incineroar|Flare Blitz|p1a: Weezing
|-crit|p1a: Weezing
|-damage|p1a: Weezing|21/100
|-enditem|p1a: Weezing|Sitrus Berry|[eat]
|-heal|p1a: Weezing|46/100|[from] item: Sitrus Berry
|-damage|p2b: Incineroar|9/100|[from] Recoil
|move|p1a: Weezing|Gunk Shot|p2a: Torkoal
|-activate|p2a: Torkoal|move: Protect
|
|upkeep
|turn|4
|inactive|superandry has 30 seconds left.
|
|t:|1756287068
|switch|p2a: Charizard|Charizard, L50, F|100/100
|move|p1b: Annihilape|Rage Fist|p2b: Incineroar
|-resisted|p2b: Incineroar
|-damage|p2b: Incineroar|0 fnt
|faint|p2b: Incineroar
|move|p1a: Weezing|Gunk Shot|p2a: Charizard|[miss]
|-miss|p1a: Weezing|p2a: Charizard
|
|upkeep
|
|t:|1756287076
|switch|p2b: Torkoal|Torkoal, L50, M|8/100
|turn|5
|
|t:|1756287089
|move|p2b: Torkoal|Helping Hand|p2a: Charizard
|-singleturn|p2a: Charizard|Helping Hand|[of] p2b: Torkoal
|move|p2a: Charizard|Heat Wave|p1a: Weezing|[spread] p1a,p1b
|-damage|p1a: Weezing|0 fnt
|-damage|p1b: Annihilape|4/100
|faint|p1a: Weezing
|-end|p1a: Weezing|ability: Neutralizing Gas
|-weather|SunnyDay|[from] ability: Drought|[of] p2b: Torkoal
|move|p1b: Annihilape|Final Gambit|p2a: Charizard
|-damage|p2a: Charizard|95/100
|faint|p1b: Annihilape
|
|-weather|SunnyDay|[upkeep]
|-damage|p2a: Charizard|83/100|[from] ability: Solar Power|[of] p2a: Charizard
|upkeep
|
|t:|1756287106
|switch|p1a: Incineroar|Incineroar, L50, M|100/100
|-ability|p1a: Incineroar|Intimidate|boost
|-unboost|p2a: Charizard|atk|1
|-unboost|p2b: Torkoal|atk|1
|turn|6
|
|t:|1756287129
|move|p1a: Incineroar|Fake Out|p2b: Torkoal
|-damage|p2b: Torkoal|0 fnt
|faint|p2b: Torkoal
|move|p2a: Charizard|Heat Wave|p1a: Incineroar
|-resisted|p1a: Incineroar
|-damage|p1a: Incineroar|38/100
|
|-weather|SunnyDay|[upkeep]
|-damage|p2a: Charizard|70/100|[from] ability: Solar Power|[of] p2a: Charizard
|upkeep
|turn|7
|
|t:|1756287140
|move|p2a: Charizard|Heat Wave|p1a: Incineroar
|-resisted|p1a: Incineroar
|-damage|p1a: Incineroar|0 fnt
|faint|p1a: Incineroar
|
|win|jumplufffan123
|raw|superandry's rating: 1045 → 1033(-12 for losing)
|raw|jumplufffan123's rating: 1147 → 1165(+18 for winning)
|l|☆jumplufffan123
|player|p2|
