|j|☆Qicide
|j|☆INT Shinji
|html|QicideINT Shinji    
|uhtml|bestof|Game 2 of a best-of-3
|t:|1757630890
|gametype|doubles
|player|p1|Qicide|red|1359
|player|p2|INT Shinji|hilbert|1304
|gen|9
|tier|[Gen 9] VGC 2025 Reg H (Bo3)
|rated|
|rule|Species Clause: Limit one of each Pokémon
|rule|Item Clause: Limit 1 of each item
|clearpoke
|poke|p1|Porygon2, L50|
|poke|p1|Incineroar, L50, F|
|poke|p1|Ursaluna, L50, M|
|poke|p1|Jumpluff, L50, M|
|poke|p1|Charizard, L50, M|
|poke|p1|Torkoal, L50, F|
|poke|p2|Archaludon, L50, M|
|poke|p2|Maushold, L50|
|poke|p2|Annihilape, L50, M|
|poke|p2|Ursaluna, L50, M|
|poke|p2|Pelipper, L50, F|
|poke|p2|Sinistcha-Masterpiece, L50|
|teampreview|4
|showteam|p1|Porygon2||Eviolite|Download|TeraBlast,IceBeam,TrickRoom,Recover||||||50|,,,,,Fighting]Incineroar||SitrusBerry|Intimidate|FakeOut,KnockOff,FlareBlitz,PartingShot|||F|||50|,,,,,Ghost]Ursaluna||FlameOrb|Guts|HeadlongRush,Facade,Earthquake,Protect|||M|||50|,,,,,Ghost]Jumpluff||CovertCloak|Chlorophyll|RagePowder,SunnyDay,Tailwind,SleepPowder|||M|||50|,,,,,Water]Charizard||ChoiceSpecs|SolarPower|HeatWave,Overheat,WeatherBall,SolarBeam|||M|||50|,,,,,Ghost]Torkoal||EjectPack|Drought|Overheat,Eruption,HelpingHand,Protect|||F|||50|,,,,,Fire
|showteam|p2|Archaludon||AssaultVest|Stamina|ElectroShot,DracoMeteor,FlashCannon,BodyPress|||M|||50|,,,,,Bug]Maushold||WideLens|Technician|PopulationBomb,Protect,BeatUp,Taunt||||||50|,,,,,Grass]Annihilape||SafetyGoggles|Defiant|CloseCombat,Taunt,RageFist,FinalGambit|||M|||50|,,,,,Fire]Ursaluna||FlameOrb|Guts|Facade,HeadlongRush,Earthquake,Protect|||M|||50|,,,,,Ghost]Pelipper||FocusSash|Drizzle|MuddyWater,Hurricane,Tailwind,Protect|||F|||50|,,,,,Ghost]Sinistcha-Masterpiece||SitrusBerry|Hospitality|MatchaGotcha,LifeDew,RagePowder,TrickRoom||||||50|,,,,,Steel
|inactive|Battle timer is ON: inactive players will automatically lose when time's up. (requested by Qicide)
|
|t:|1757630920
|teamsize|p1|4
|teamsize|p2|4
|start
|switch|p1a: Jumpluff|Jumpluff, L50, M|100/100
|switch|p1b: Charizard|Charizard, L50, M, shiny|100/100
|switch|p2a: Annihilape|Annihilape, L50, M|100/100
|switch|p2b: Maushold|Maushold, L50|100/100
|turn|1
|inactive|INT Shinji has 30 seconds left.
|
|t:|1757630949
|-terastallize|p2b: Maushold|Grass
|-terastallize|p1b: Charizard|Ghost
|move|p2b: Maushold|Population Bomb|p1b: Charizard
|-immune|p1b: Charizard
|move|p1a: Jumpluff|Sunny Day|p1a: Jumpluff
|-weather|SunnyDay
|move|p1b: Charizard|Heat Wave|p2b: Maushold|[spread] p2a,p2b
|-supereffective|p2b: Maushold
|-damage|p2a: Annihilape|0 fnt
|-damage|p2b: Maushold|0 fnt
|faint|p2a: Annihilape
|faint|p2b: Maushold
|
|-weather|SunnyDay|[upkeep]
|-damage|p1b: Charizard|88/100|[from] ability: Solar Power|[of] p1b: Charizard
|upkeep
|
|t:|1757630955
|switch|p2b: Archaludon|Archaludon, L50, M|100/100
|switch|p2a: Pelipper|Pelipper, L50, F|100/100
|-weather|RainDance|[from] ability: Drizzle|[of] p2a: Pelipper
|turn|2
|
|t:|1757630965
|switch|p1a: Torkoal|Torkoal, L50, F|100/100
|-weather|SunnyDay|[from] ability: Drought|[of] p1a: Torkoal
|move|p1b: Charizard|Heat Wave|p2a: Pelipper|[spread] p2b
|-miss|p1b: Charizard|p2a: Pelipper
|-damage|p2b: Archaludon|13/100
|-ability|p2b: Archaludon|Stamina|boost
|-boost|p2b: Archaludon|def|1
|move|p2b: Archaludon|Draco Meteor|p1a: Torkoal
|-damage|p1a: Torkoal|29/100
|-unboost|p2b: Archaludon|spa|2
|move|p2a: Pelipper|Muddy Water|p1a: Torkoal|[spread] p1a,p1b
|-supereffective|p1a: Torkoal
|-damage|p1a: Torkoal|0 fnt
|-damage|p1b: Charizard|70/100
|-unboost|p1b: Charizard|accuracy|1
|faint|p1a: Torkoal
|
|-weather|SunnyDay|[upkeep]
|-damage|p1b: Charizard|58/100|[from] ability: Solar Power|[of] p1b: Charizard
|upkeep
|
|t:|1757630974
|switch|p1a: Jumpluff|Jumpluff, L50, M|100/100
|turn|3
|
|t:|1757630993
|move|p1a: Jumpluff|Tailwind|p1a: Jumpluff
|-sidestart|p1: Qicide|move: Tailwind
|move|p1b: Charizard|Heat Wave|p2a: Pelipper|[spread] p2a,p2b
|-resisted|p2a: Pelipper
|-enditem|p2a: Pelipper|Focus Sash
|-damage|p2a: Pelipper|1/100
|-damage|p2b: Archaludon|0 fnt
|faint|p2b: Archaludon
|move|p2a: Pelipper|Muddy Water|p1b: Charizard|[spread] p1a,p1b
|-resisted|p1a: Jumpluff
|-damage|p1a: Jumpluff|94/100
|-damage|p1b: Charizard|40/100
|-unboost|p1b: Charizard|accuracy|1
|
|-weather|SunnyDay|[upkeep]
|-damage|p1b: Charizard|28/100|[from] ability: Solar Power|[of] p1b: Charizard
|upkeep
|turn|4
|
|t:|1757631009
|switch|p1b: Ursaluna|Ursaluna, L50, M|100/100
|move|p1a: Jumpluff|Sleep Powder|p2a: Pelipper|[miss]
|-miss|p1a: Jumpluff|p2a: Pelipper
|move|p2a: Pelipper|Muddy Water|p1b: Ursaluna|[spread] p1a
|-miss|p2a: Pelipper|p1b: Ursaluna
|-resisted|p1a: Jumpluff
|-damage|p1a: Jumpluff|87/100
|
|-weather|SunnyDay|[upkeep]
|-status|p1b: Ursaluna|brn|[from] item: Flame Orb
|upkeep
|turn|5
|-message|INT Shinji forfeited.
|
|win|Qicide
|l|☆INT Shinji
|player|p2|
