|j|‽emboar's bacon
|j|☆lettitripppp
|html|emboar's baconlettitripppp    
|uhtml|bestof|Game 2 of a best-of-3
|t:|1783806599
|gametype|doubles
|player|p1|emboar's bacon|wattson|1030
|player|p2|lettitripppp|lucas|1192
|gen|9
|tier|[Gen 9 Champions] VGC 2026 Reg M-B (Bo3)
|rated|
|rule|Species Clause: Limit one of each Pokémon
|rule|Item Clause: Limit 1 of each item
|clearpoke
|poke|p1|Ninetales-Alola, L50, F|
|poke|p1|Milotic, L50, M|
|poke|p1|Froslass, L50, F|
|poke|p1|Kingambit, L50, F|
|poke|p1|Garchomp, L50, F|
|poke|p1|Talonflame, L50, F|
|poke|p2|Aerodactyl, L50, F|
|poke|p2|Charizard, L50, F|
|poke|p2|Farigiraf, L50, M|
|poke|p2|Garchomp, L50, M|
|poke|p2|Sylveon, L50, F|
|poke|p2|Kingambit, L50, F|
|teampreview|4
|showteam|p1|Ninetales-Alola||FocusSash|SnowWarning|Blizzard,Moonblast,AuroraVeil,Protect|Timid||F|||50|]Milotic||LumBerry|Competitive|IcyWind,MuddyWater,LifeDew,Protect|Modest||M|||50|]Froslass||Froslassite|SnowCloak|ShadowBall,Blizzard,ChillingWater,Protect|Timid||F|||50|]Kingambit||BlackGlasses|Defiant|KowtowCleave,IronHead,SuckerPunch,Protect|Adamant||F|||50|]Garchomp||LifeOrb|RoughSkin|RockSlide,DragonClaw,StompingTantrum,Protect|Jolly||F|||50|]Talonflame||SitrusBerry|GaleWings|Tailwind,WillOWisp,FlareBlitz,Uturn|Jolly||F|||50|
|showteam|p2|Aerodactyl||Aerodactylite|Unnerve|WideGuard,RockSlide,Tailwind,IceFang|Jolly||F|||50|]Charizard||CharizarditeY|Blaze|WeatherBall,SolarBeam,HeatWave,Protect|Modest||F|||50|]Farigiraf||SitrusBerry|ArmorTail|Thunderbolt,TrickRoom,TwinBeam,Roar|Calm||M|||50|]Garchomp||LifeOrb|RoughSkin|StompingTantrum,DragonClaw,Earthquake,Protect|Jolly||M|||50|]Sylveon||FairyFeather|Pixilate|QuickAttack,HyperBeam,HyperVoice,Detect|Modest||F|||50|]Kingambit||FocusSash|Defiant|KowtowCleave,SuckerPunch,IronHead,LowKick|Adamant||F|||50|
|inactive|Battle timer is ON: inactive players will automatically lose when time's up. (requested by lettitripppp)
|
|t:|1783806616
|teamsize|p1|4
|teamsize|p2|4
|start
|switch|p1a: Milotic|Milotic, L50, M|100/100
|switch|p1b: Ninetales|Ninetales-Alola, L50, F|100/100
|switch|p2a: DEADWING|Aerodactyl, L50, F|100/100
|switch|p2b: AGNI|Charizard, L50, F|100/100
|-ability|p2a: DEADWING|Unnerve
|-weather|Snowscape|[from] ability: Snow Warning|[of] p1b: Ninetales
|turn|1
|
|t:|1783806639
|detailschange|p2b: AGNI|Charizard-Mega-Y, L50, F
|-mega|p2b: AGNI|Charizard|Charizardite Y
|-weather|SunnyDay|[from] ability: Drought|[of] p2b: AGNI
|move|p2a: DEADWING|Tailwind|p2a: DEADWING
|-sidestart|p2: lettitripppp|move: Tailwind
|move|p2b: AGNI|Solar Beam||[still]
|-prepare|p2b: AGNI|Solar Beam
|-anim|p2b: AGNI|Solar Beam|p1a: Milotic
|-supereffective|p1a: Milotic|1
|-damage|p1a: Milotic|27/100
|move|p1b: Ninetales|Aurora Veil||[still]
|-fail|p1b: Ninetales
|move|p1a: Milotic|Muddy Water|p2b: AGNI|[spread] p2a,p2b
|-supereffective|p2a: DEADWING|1
|-supereffective|p2b: AGNI|1
|-damage|p2a: DEADWING|61/100
|-damage|p2b: AGNI|71/100
|-unboost|p2b: AGNI|accuracy|1
|
|-weather|SunnyDay|[upkeep]
|upkeep
|turn|2
|
|t:|1783806656
|switch|p2b: MAGICAL NECK|Farigiraf, L50, M|100/100
|switch|p1b: Garchomp|Garchomp, L50, F|100/100
|move|p2a: DEADWING|Rock Slide|p1b: Garchomp|[spread] p1a
|-miss|p2a: DEADWING|p1b: Garchomp
|-damage|p1a: Milotic|6/100
|move|p1a: Milotic|Muddy Water|p2a: DEADWING|[spread] p2a,p2b
|-supereffective|p2a: DEADWING|1
|-crit|p2a: DEADWING
|-damage|p2a: DEADWING|3/100
|-damage|p2b: MAGICAL NECK|87/100
|
|-weather|SunnyDay|[upkeep]
|upkeep
|turn|3
|
|t:|1783806674
|move|p1a: Milotic|Protect|p1a: Milotic
|-singleturn|p1a: Milotic|Protect
|move|p2a: DEADWING|Ice Fang|p1b: Garchomp
|-supereffective|p1b: Garchomp|2
|-damage|p1b: Garchomp|32/100
|-damage|p2a: DEADWING|0 fnt|[from] ability: Rough Skin|[of] p1b: Garchomp
|faint|p2a: DEADWING
|move|p1b: Garchomp|Rock Slide|p2b: MAGICAL NECK
|-damage|p2b: MAGICAL NECK|59/100
|-damage|p1b: Garchomp|23/100|[from] item: Life Orb
|cant|p2b: MAGICAL NECK|flinch
|
|-weather|SunnyDay|[upkeep]
|upkeep
|
|t:|1783806692
|switch|p2a: PIKU BEAM|Sylveon, L50, F|100/100
|turn|4
|
|t:|1783806698
|move|p1b: Garchomp|Protect|p1b: Garchomp
|-singleturn|p1b: Garchomp|Protect
|move|p2a: PIKU BEAM|Hyper Voice|p1a: Milotic|[spread] p1a
|-activate|p1b: Garchomp|move: Protect
|-damage|p1a: Milotic|0 fnt
|faint|p1a: Milotic
|move|p2b: MAGICAL NECK|Trick Room|p2b: MAGICAL NECK
|-fieldstart|move: Trick Room|[of] p2b: MAGICAL NECK
|
|-weather|SunnyDay|[upkeep]
|-sideend|p2: lettitripppp|move: Tailwind
|upkeep
|
|t:|1783806705
|switch|p1a: Froslass|Froslass, L50, F|100/100
|turn|5
|
|t:|1783806727
|switch|p1b: Ninetales|Ninetales-Alola, L50, F|100/100
|-weather|Snowscape|[from] ability: Snow Warning|[of] p1b: Ninetales
|move|p2a: PIKU BEAM|Hyper Beam|p1a: Froslass
|-damage|p1a: Froslass|0 fnt
|-mustrecharge|p2a: PIKU BEAM
|faint|p1a: Froslass
|move|p2b: MAGICAL NECK|Roar|p2a: PIKU BEAM
|drag|p2a: AGNI|Charizard-Mega-Y, L50, F|71/100
|-weather|SunnyDay|[from] ability: Drought|[of] p2a: AGNI
|
|-weather|SunnyDay|[upkeep]
|upkeep
|
|t:|1783806740
|switch|p1a: Garchomp|Garchomp, L50, F|23/100
|turn|6
|
|t:|1783806753
|move|p2b: MAGICAL NECK|Twin Beam|p1a: Garchomp
|-damage|p1a: Garchomp|5/100
|-damage|p1a: Garchomp|0 fnt
|faint|p1a: Garchomp
|-hitcount|p1: Garchomp|2
|move|p2a: AGNI|Weather Ball|p1b: Ninetales
|-supereffective|p1b: Ninetales|1
|-enditem|p1b: Ninetales|Focus Sash
|-damage|p1b: Ninetales|1/100
|move|p1b: Ninetales|Moonblast|p2a: AGNI
|-resisted|p2a: AGNI|1
|-damage|p2a: AGNI|55/100
|
|-weather|SunnyDay|[upkeep]
|upkeep
|turn|7
|-message|emboar's bacon forfeited.
|
|win|lettitripppp
|raw|emboar's bacon's rating: 1030 → 1022(-8 for losing)
|raw|lettitripppp's rating: 1192 → 1206(+14 for winning)
|l|‽emboar's bacon
|player|p1|
