|j|☆TheHorrorHare
|j|☆higigig
|html|TheHorrorHarehigigig    
|uhtml|bestof|Game 2 of a best-of-3
|t:|1756264075
|gametype|doubles
|player|p1|TheHorrorHare|az|1193
|player|p2|higigig|sisandbro|1074
|gen|9
|tier|[Gen 9] VGC 2025 Reg H (Bo3)
|rated|
|rule|Species Clause: Limit one of each Pokémon
|rule|Item Clause: Limit 1 of each item
|clearpoke
|poke|p1|Archaludon, L50, F|
|poke|p1|Dragonite, L50, F|
|poke|p1|Pelipper, L50, M|
|poke|p1|Ursaluna, L50, F|
|poke|p1|Sinistcha, L50|
|poke|p1|Gholdengo, L50|
|poke|p2|Sneasler, L50, M|
|poke|p2|Gholdengo, L50|
|poke|p2|Amoonguss, L50, F|
|poke|p2|Incineroar, L50, F|
|poke|p2|Farigiraf, L50, M|
|poke|p2|Ursaluna-Bloodmoon, L50, M|
|teampreview|4
|showteam|p1|Archaludon||AssaultVest|Stamina|FlashCannon,BodyPress,ElectroShot,Snarl|||F|||50|,,,,,Fighting]Dragonite||LoadedDice|Multiscale|ScaleShot,Tailwind,Haze,Protect|||F|||50|,,,,,Fairy]Pelipper||FocusSash|Drizzle|MuddyWater,Hurricane,Tailwind,Protect|||M|||50|,,,,,Ghost]Ursaluna||FlameOrb|Guts|Facade,HeadlongRush,Earthquake,Protect|||F|||50|,,,,,Ghost]Sinistcha||SitrusBerry|Hospitality|MatchaGotcha,LifeDew,RagePowder,TrickRoom||||||50|,,,,,Dark]Gholdengo||ChoiceScarf|GoodasGold|MakeItRain,ShadowBall,Trick,Protect||||||50|,,,,,Flying
|showteam|p2|Sneasler||ClearAmulet|PoisonTouch|FakeOut,CloseCombat,DireClaw,Protect|||M|||50|,,,,,Fighting]Gholdengo||MetalCoat|GoodasGold|NastyPlot,MakeItRain,ShadowBall,Protect||||||50|,,,,,Water]Amoonguss||SitrusBerry|Regenerator|SludgeBomb,PollenPuff,Spore,RagePowder|||F|||50|,,,,,Water]Incineroar||SafetyGoggles|Intimidate|FakeOut,FlareBlitz,KnockOff,PartingShot|||F|||50|,,,,,Ghost]Farigiraf||MentalHerb|ArmorTail|Psychic,Imprison,TrickRoom,Protect|||M|||50|,,,,,Grass]Ursaluna-Bloodmoon||ThroatSpray|MindsEye|HyperVoice,EarthPower,BloodMoon,Protect|||M|||50|,,,,,Normal
|inactive|Battle timer is ON: inactive players will automatically lose when time's up. (requested by higigig)
|inactive|TheHorrorHare also wants the timer to be on.
|inactive|higigig has 60 seconds left.
|inactive|higigig has 30 seconds left.
|inactive|higigig has 20 seconds left.
|
|t:|1756264149
|teamsize|p1|4
|teamsize|p2|4
|start
|switch|p1a: Pelipper|Pelipper, L50, M|100/100
|switch|p1b: Archaludon|Archaludon, L50, F|100/100
|switch|p2a: Amoonguss|Amoonguss, L50, F|100/100
|switch|p2b: Ursaluna|Ursaluna-Bloodmoon, L50, M|100/100
|-weather|RainDance|[from] ability: Drizzle|[of] p1a: Pelipper
|turn|1
|
|t:|1756264164
|-terastallize|p2b: Ursaluna|Normal
|move|p1a: Pelipper|Hurricane|p2a: Amoonguss
|-supereffective|p2a: Amoonguss
|-damage|p2a: Amoonguss|29/100
|-enditem|p2a: Amoonguss|Sitrus Berry|[eat]
|-heal|p2a: Amoonguss|54/100|[from] item: Sitrus Berry
|move|p1b: Archaludon|Electro Shot||[still]
|-prepare|p1b: Archaludon|Electro Shot
|-boost|p1b: Archaludon|spa|1
|-anim|p1b: Archaludon|Electro Shot|p2a: Amoonguss
|-resisted|p2a: Amoonguss
|-damage|p2a: Amoonguss|32/100
|move|p2b: Ursaluna|Hyper Voice|p1a: Pelipper|[spread] p1a,p1b
|-resisted|p1b: Archaludon
|-damage|p1a: Pelipper|12/100
|-damage|p1b: Archaludon|82/100
|-ability|p1b: Archaludon|Stamina|boost
|-boost|p1b: Archaludon|def|1
|-enditem|p2b: Ursaluna|Throat Spray
|-boost|p2b: Ursaluna|spa|1|[from] item: Throat Spray
|move|p2a: Amoonguss|Spore|p1b: Archaludon
|-status|p1b: Archaludon|slp|[from] move: Spore
|
|-weather|RainDance|[upkeep]
|upkeep
|turn|2
|
|t:|1756264182
|move|p1a: Pelipper|Muddy Water|p2b: Ursaluna|[spread] p2a,p2b
|-resisted|p2a: Amoonguss
|-damage|p2a: Amoonguss|15/100
|-damage|p2b: Ursaluna|48/100
|cant|p1b: Archaludon|slp
|move|p2b: Ursaluna|Earth Power|p1b: Archaludon
|-supereffective|p1b: Archaludon
|-damage|p1b: Archaludon|0 fnt
|faint|p1b: Archaludon
|move|p2a: Amoonguss|Pollen Puff|p2b: Ursaluna
|-heal|p2b: Ursaluna|98/100
|
|-weather|RainDance|[upkeep]
|upkeep
|
|t:|1756264200
|switch|p1b: Sinistcha|Sinistcha, L50|100/100
|-heal|p1a: Pelipper|37/100|[from] ability: Hospitality|[of] p1b: Sinistcha
|turn|3
|
|t:|1756264221
|switch|p2a: Sneasler|Sneasler, L50, M|100/100
|move|p1a: Pelipper|Hurricane|p2b: Ursaluna
|-damage|p2b: Ursaluna|33/100
|-start|p2b: Ursaluna|confusion
|move|p1b: Sinistcha|Matcha Gotcha|p2a: Sneasler|[spread] p2a,p2b
|-resisted|p2a: Sneasler
|-damage|p2a: Sneasler|87/100
|-damage|p2b: Ursaluna|2/100
|-status|p2a: Sneasler|brn
|-activate|p2b: Ursaluna|confusion
|move|p2b: Ursaluna|Blood Moon|p1b: Sinistcha
|-damage|p1b: Sinistcha|0 fnt
|faint|p1b: Sinistcha
|
|-weather|RainDance|[upkeep]
|-damage|p2a: Sneasler|81/100 brn|[from] brn
|upkeep
|
|t:|1756264233
|switch|p1b: Ursaluna|Ursaluna, L50, F|100/100
|turn|4
|
|t:|1756264254
|switch|p2b: Incineroar|Incineroar, L50, F|100/100
|-ability|p2b: Incineroar|Intimidate|boost
|-unboost|p1a: Pelipper|atk|1
|-unboost|p1b: Ursaluna|atk|1
|move|p1a: Pelipper|Protect|p1a: Pelipper
|-singleturn|p1a: Pelipper|Protect
|move|p1b: Ursaluna|Protect|p1b: Ursaluna
|-singleturn|p1b: Ursaluna|Protect
|move|p2a: Sneasler|Dire Claw|p1a: Pelipper
|-activate|p1a: Pelipper|move: Protect
|
|-weather|RainDance|[upkeep]
|-damage|p2a: Sneasler|74/100 brn|[from] brn
|-status|p1b: Ursaluna|brn|[from] item: Flame Orb
|upkeep
|turn|5
|inactive|higigig has 30 seconds left.
|
|t:|1756264285
|switch|p2b: Amoonguss|Amoonguss, L50, F|48/100
|-terastallize|p1a: Pelipper|Ghost
|move|p2a: Sneasler|Dire Claw|p1a: Pelipper
|-resisted|p1a: Pelipper
|-damage|p1a: Pelipper|23/100
|-status|p1a: Pelipper|psn|[from] ability: Poison Touch|[of] p2a: Sneasler
|move|p1a: Pelipper|Tailwind|p1a: Pelipper
|-sidestart|p1: TheHorrorHare|move: Tailwind
|move|p1b: Ursaluna|Earthquake|p2a: Sneasler|[spread] p1a,p2a,p2b
|-supereffective|p2a: Sneasler
|-damage|p1a: Pelipper|0 fnt
|-damage|p2a: Sneasler|0 fnt
|-damage|p2b: Amoonguss|2/100
|faint|p1a: Pelipper
|faint|p2a: Sneasler
|
|-weather|none
|-damage|p1b: Ursaluna|95/100 brn|[from] brn
|upkeep
|
|t:|1756264297
|switch|p2a: Incineroar|Incineroar, L50, F|100/100
|-ability|p2a: Incineroar|Intimidate|boost
|-unboost|p1b: Ursaluna|atk|1
|turn|6
|
|t:|1756264309
|switch|p2b: Ursaluna|Ursaluna-Bloodmoon, L50, M, tera:Normal|2/100
|move|p1b: Ursaluna|Protect|p1b: Ursaluna
|-singleturn|p1b: Ursaluna|Protect
|move|p2a: Incineroar|Fake Out|p1b: Ursaluna
|-activate|p1b: Ursaluna|move: Protect
|
|-damage|p1b: Ursaluna|89/100 brn|[from] brn
|upkeep
|turn|7
|
|t:|1756264324
|switch|p2a: Amoonguss|Amoonguss, L50, F|35/100
|move|p2b: Ursaluna|Protect|p2b: Ursaluna
|-singleturn|p2b: Ursaluna|Protect
|move|p1b: Ursaluna|Earthquake|p2b: Ursaluna|[spread] p2a
|-activate|p2b: Ursaluna|move: Protect
|-damage|p2a: Amoonguss|4/100
|
|-damage|p1b: Ursaluna|83/100 brn|[from] brn
|upkeep
|turn|8
|
|t:|1756264348
|switch|p2b: Incineroar|Incineroar, L50, F|100/100
|-ability|p2b: Incineroar|Intimidate|boost
|-unboost|p1b: Ursaluna|atk|1
|move|p1b: Ursaluna|Earthquake|p2a: Amoonguss|[spread] p2a,p2b
|-crit|p2a: Amoonguss
|-supereffective|p2b: Incineroar
|-damage|p2a: Amoonguss|0 fnt
|-damage|p2b: Incineroar|44/100
|faint|p2a: Amoonguss
|
|-damage|p1b: Ursaluna|77/100 brn|[from] brn
|-sideend|p1: TheHorrorHare|move: Tailwind
|upkeep
|
|t:|1756264350
|switch|p2a: Ursaluna|Ursaluna-Bloodmoon, L50, M, tera:Normal|2/100
|turn|9
|
|t:|1756264355
|move|p1b: Ursaluna|Protect|p1b: Ursaluna
|-singleturn|p1b: Ursaluna|Protect
|move|p2b: Incineroar|Fake Out|p1b: Ursaluna
|-activate|p1b: Ursaluna|move: Protect
|move|p2a: Ursaluna|Hyper Voice|p1b: Ursaluna
|-activate|p1b: Ursaluna|move: Protect
|
|-damage|p1b: Ursaluna|71/100 brn|[from] brn
|upkeep
|turn|10
|
|t:|1756264361
|move|p1b: Ursaluna|Earthquake|p2b: Incineroar|[spread] p2a,p2b
|-supereffective|p2b: Incineroar
|-crit|p2b: Incineroar
|-damage|p2a: Ursaluna|0 fnt
|-damage|p2b: Incineroar|0 fnt
|faint|p2a: Ursaluna
|faint|p2b: Incineroar
|
|win|TheHorrorHare
|raw|TheHorrorHare's rating: 1193 → 1210(+17 for winning)
|raw|higigig's rating: 1074 → 1060(-14 for losing)
