|j|‽jx1212
|j|☆kememe
|html|jx1212kememe    
|uhtml|bestof|Game 2 of a best-of-3
|t:|1784842150
|gametype|doubles
|player|p1|jx1212|n|1046
|player|p2|kememe|crasherwake|1117
|gen|9
|tier|[Gen 9 Champions] VGC 2026 Reg M-B (Bo3)
|rated|
|rule|Species Clause: Limit one of each Pokémon
|rule|Item Clause: Limit 1 of each item
|clearpoke
|poke|p1|Staraptor, L50, M|
|poke|p1|Metagross, L50|
|poke|p1|Farigiraf, L50, F|
|poke|p1|Whimsicott, L50, F|
|poke|p1|Garchomp, L50, F|
|poke|p1|Ceruledge, L50, M|
|poke|p2|Scizor, L50, M|
|poke|p2|Aerodactyl, L50, M|
|poke|p2|Politoed, L50, M|
|poke|p2|Basculegion, L50, M|
|poke|p2|Farigiraf, L50, M|
|poke|p2|Mamoswine, L50, F|
|teampreview|4
|showteam|p1|Staraptor||Staraptite|Intimidate|Protect,CloseCombat,BraveBird,Roost|Jolly||M|||50|]Metagross||Metagrossite|ClearBody|Protect,IronHead,PsychicFangs,StompingTantrum|Adamant|||||50|]Farigiraf||SitrusBerry|ArmorTail|HelpingHand,Psychic,Thunderbolt,TrickRoom|Calm||F|||50|]Whimsicott||FocusSash|Prankster|Moonblast,Tailwind,Charm,Encore|Timid||F|||50|]Garchomp||LifeOrb|RoughSkin|Protect,StompingTantrum,RockSlide,DragonClaw|Jolly||F|||50|]Ceruledge||ColburBerry|FlashFire|Protect,ShadowSneak,BulkUp,BitterBlade|Adamant||M|||50|
|showteam|p2|Scizor||Scizorite|Technician|BulletPunch,Protect,BugBite,SwordsDance|Adamant||M|||50|]Aerodactyl||FocusSash|Unnerve|RockSlide,Protect,Tailwind,DualWingbeat|Adamant||M|||50|]Politoed||Leftovers|Drizzle|Haze,WeatherBall,ChillingWater,Protect|Modest||M|||50|]Basculegion||ChoiceScarf|Adaptability|FlipTurn,WaveCrash,LastRespects,AquaJet|Adamant||M|||50|]Farigiraf||SitrusBerry|ArmorTail|Psychic,Protect,EnergyBall,ThunderWave|Modest||M|||50|]Mamoswine||LifeOrb|Oblivious|IceShard,IcicleSpear,Protect,HighHorsepower|Adamant||F|||50|
|inactive|Battle timer is ON: inactive players will automatically lose when time's up. (requested by jx1212)
|inactive|kememe has 60 seconds left.
|
|t:|1784842182
|teamsize|p1|4
|teamsize|p2|4
|start
|switch|p1a: Staraptor|Staraptor, L50, M|100/100
|switch|p1b: Whimsicott|Whimsicott, L50, F|100/100
|switch|p2a: Mamoswine|Mamoswine, L50, F|100/100
|switch|p2b: Farigiraf|Farigiraf, L50, M|100/100
|-ability|p1a: Staraptor|Intimidate|boost
|-fail|p2a: Mamoswine|unboost|Attack|[from] ability: Oblivious|[of] p2a: Mamoswine
|-unboost|p2b: Farigiraf|atk|1
|turn|1
|inactive|kememe has 30 seconds left.
|inactive|kememe has 20 seconds left.
|inactive|jx1212 has 30 seconds left.
|inactive|kememe has 15 seconds left.
|
|t:|1784842228
|switch|p1b: Farigiraf|Farigiraf, L50, F|100/100
|detailschange|p1a: Staraptor|Staraptor-Mega, L50, M
|-mega|p1a: Staraptor|Staraptor|Staraptite
|move|p1a: Staraptor|Close Combat|p2a: Mamoswine
|-supereffective|p2a: Mamoswine|1
|-damage|p2a: Mamoswine|0 fnt
|-boost|p1a: Staraptor|def|1
|-boost|p1a: Staraptor|spd|1
|faint|p2a: Mamoswine
|move|p2b: Farigiraf|Psychic|p1a: Staraptor
|-supereffective|p1a: Staraptor|1
|-damage|p1a: Staraptor|42/100
|
|upkeep
|
|t:|1784842243
|switch|p2a: Basculegion|Basculegion, L50, M|100/100
|turn|2
|inactive|jx1212 has 30 seconds left.
|inactive|jx1212 has 20 seconds left.
|
|t:|1784842281
|move|p1a: Staraptor|Protect|p1a: Staraptor
|-singleturn|p1a: Staraptor|Protect
|move|p2a: Basculegion|Wave Crash|p1a: Staraptor
|-activate|p1a: Staraptor|move: Protect
|move|p1b: Farigiraf|Thunderbolt|p2a: Basculegion
|-supereffective|p2a: Basculegion|1
|-damage|p2a: Basculegion|45/100
|-status|p2a: Basculegion|par
|move|p2b: Farigiraf|Thunder Wave|p1b: Farigiraf
|-status|p1b: Farigiraf|par
|
|upkeep
|turn|3
|inactive|jx1212 has 30 seconds left.
|inactive|jx1212 has 20 seconds left.
|inactive|jx1212 has 15 seconds left.
|
|t:|1784842326
|switch|p1a: Whimsicott|Whimsicott, L50, F|100/100
|move|p2a: Basculegion|Wave Crash|p1a: Whimsicott
|-resisted|p1a: Whimsicott|1
|-damage|p1a: Whimsicott|39/100
|-damage|p2a: Basculegion|31/100 par|[from] Recoil
|move|p2b: Farigiraf|Psychic|p1a: Whimsicott
|-damage|p1a: Whimsicott|0 fnt
|faint|p1a: Whimsicott
|move|p1b: Farigiraf|Thunderbolt|p2a: Basculegion
|-supereffective|p2a: Basculegion|1
|-damage|p2a: Basculegion|0 fnt
|faint|p2a: Basculegion
|
|upkeep
|j| beyondevo
|
|t:|1784842342
|switch|p1a: Garchomp|Garchomp, L50, F|100/100
|switch|p2a: Scizor|Scizor, L50, M|100/100
|turn|4
|
|t:|1784842358
|detailschange|p2a: Scizor|Scizor-Mega, L50, M
|-mega|p2a: Scizor|Scizor|Scizorite
|move|p1a: Garchomp|Stomping Tantrum|p2a: Scizor
|-damage|p2a: Scizor|53/100
|-damage|p1a: Garchomp|90/100|[from] item: Life Orb
|move|p2a: Scizor|Swords Dance|p2a: Scizor
|-boost|p2a: Scizor|atk|2
|move|p2b: Farigiraf|Energy Ball|p1a: Garchomp
|-damage|p1a: Garchomp|55/100
|move|p1b: Farigiraf|Thunderbolt|p2a: Scizor
|-damage|p2a: Scizor|29/100
|
|upkeep
|turn|5
|inactive|jx1212 has 30 seconds left.
|inactive|kememe has 30 seconds left.
|
|t:|1784842389
|move|p1a: Garchomp|Stomping Tantrum|p2a: Scizor
|-damage|p2a: Scizor|0 fnt
|faint|p2a: Scizor
|-damage|p1a: Garchomp|45/100|[from] item: Life Orb
|move|p2b: Farigiraf|Psychic|p1a: Garchomp
|-damage|p1a: Garchomp|0 fnt
|faint|p1a: Garchomp
|move|p1b: Farigiraf|Thunderbolt|p2b: Farigiraf
|-damage|p2b: Farigiraf|74/100
|-status|p2b: Farigiraf|par
|
|upkeep
|
|t:|1784842392
|switch|p1a: Staraptor|Staraptor-Mega, L50, M|42/100
|turn|6
|
|t:|1784842405
|move|p1b: Farigiraf|Helping Hand|p1a: Staraptor
|-singleturn|p1a: Staraptor|Helping Hand|[of] p1b: Farigiraf
|move|p1a: Staraptor|Close Combat|p2b: Farigiraf
|-damage|p2b: Farigiraf|0 fnt
|-boost|p1a: Staraptor|def|1
|-boost|p1a: Staraptor|spd|1
|faint|p2b: Farigiraf
|
|win|jx1212
|raw|jx1212's rating: 1046 → 1086(+40 for winning)
|raw|kememe's rating: 1117 → 1087(-30 for losing)
