|j|☆scawy monsta
|j|☆Imreesithink
|html|scawy monstaImreesithink    
|uhtml|bestof|Game 2 of a best-of-3
|t:|1786054508
|gametype|doubles
|player|p1|scawy monsta|roxie|1356
|player|p2|Imreesithink|1|1325
|gen|9
|tier|[Gen 9 Champions] VGC 2026 Reg M-B (Bo3)
|rated|
|rule|Species Clause: Limit one of each Pokémon
|rule|Item Clause: Limit 1 of each item
|clearpoke
|poke|p1|Pelipper, L50, M, shiny|
|poke|p1|Grimmsnarl, L50, M|
|poke|p1|Archaludon, L50, F, shiny|
|poke|p1|Talonflame, L50, M|
|poke|p1|Gardevoir, L50, M, shiny|
|poke|p1|Swampert, L50, M, shiny|
|poke|p2|Staraptor, L50, M, shiny|
|poke|p2|Raichu, L50, M, shiny|
|poke|p2|Sylveon, L50, F, shiny|
|poke|p2|Farigiraf, L50, F, shiny|
|poke|p2|Arcanine-Hisui, L50, M, shiny|
|poke|p2|Kingambit, L50, M, shiny|
|teampreview|4
|showteam|p1|Pelipper||FocusSash|Drizzle|Hurricane,WeatherBall,Protect,WideGuard|Timid||M|||50|]Grimmsnarl||LightClay|Prankster|PartingShot,SpiritBreak,Reflect,LightScreen|Impish||M|||50|]Archaludon||Leftovers|Stamina|DragonPulse,FlashCannon,ElectroShot,Protect|Modest||F|||50|]Talonflame||SharpBeak|GaleWings|Tailwind,RainDance,Protect,DualWingbeat|Jolly||M|||50|]Gardevoir||Gardevoirite|Trace|HyperVoice,Thunderbolt,Psyshock,Protect|Modest||M|||50|]Swampert||Swampertite|Damp|Earthquake,WaveCrash,IcePunch,Protect|Adamant||M|||50|
|showteam|p2|Staraptor||Staraptite|Intimidate|Tailwind,Protect,CloseCombat,DualWingbeat|Jolly||M|||50|]Raichu||RaichuniteY|LightningRod|FakeOut,ZapCannon,FocusBlast,Protect|Timid||M|||50|]Sylveon||FairyFeather|Pixilate|Detect,HyperVoice,QuickAttack,HyperBeam|Modest||F|||50|]Farigiraf||SitrusBerry|ArmorTail|Psychic,TrickRoom,HelpingHand,Protect|Sassy||F|||50|]Arcanine-Hisui||FocusSash|RockHead|Protect,ExtremeSpeed,HeadSmash,FlareBlitz|Jolly||M|||50|]Kingambit||LifeOrb|Defiant|Protect,KowtowCleave,SwordsDance,SuckerPunch|Adamant||M|||50|
|inactive|Battle timer is ON: inactive players will automatically lose when time's up. (requested by scawy monsta)
|inactive|Imreesithink also wants the timer to be on.
|
|t:|1786054534
|teamsize|p1|4
|teamsize|p2|4
|start
|switch|p1a: Talonflame|Talonflame, L50, M|100/100
|switch|p1b: Ayanami|Gardevoir, L50, M, shiny|100/100
|switch|p2a: Raichu|Raichu, L50, M, shiny|100/100
|switch|p2b: Farigiraf|Farigiraf, L50, F, shiny|100/100
|-ability|p1b: Ayanami|Lightning Rod|Trace|[from] ability: Trace|[of] p2a: Raichu
|turn|1
|
|t:|1786054547
|switch|p1a: Pelipper|Pelipper, L50, M, shiny|100/100
|-weather|RainDance|[from] ability: Drizzle|[of] p1a: Pelipper
|switch|p1b: Archaludon|Archaludon, L50, F, shiny|100/100
|detailschange|p2a: Raichu|Raichu-Mega-Y, L50, M, shiny
|-mega|p2a: Raichu|Raichu|Raichunite Y
|move|p2a: Raichu|Fake Out|p1b: Archaludon
|-resisted|p1b: Archaludon|1
|-damage|p1b: Archaludon|97/100
|-ability|p1b: Archaludon|Stamina|boost
|-boost|p1b: Archaludon|def|1
|move|p2b: Farigiraf|Trick Room|p2b: Farigiraf
|-fieldstart|move: Trick Room|[of] p2b: Farigiraf
|
|-weather|RainDance|[upkeep]
|-heal|p1b: Archaludon|100/100|[from] item: Leftovers
|upkeep
|turn|2
|
|t:|1786054559
|move|p2b: Farigiraf|Helping Hand|p2a: Raichu
|-singleturn|p2a: Raichu|Helping Hand|[of] p2b: Farigiraf
|move|p1b: Archaludon|Electro Shot||[still]
|-prepare|p1b: Archaludon|Electro Shot
|-boost|p1b: Archaludon|spa|1
|-anim|p1b: Archaludon|Electro Shot|p2a: Raichu
|-resisted|p2a: Raichu|1
|-damage|p2a: Raichu|59/100
|move|p1a: Pelipper|Weather Ball|p2a: Raichu
|-damage|p2a: Raichu|0 fnt
|faint|p2a: Raichu
|
|-weather|RainDance|[upkeep]
|upkeep
|
|t:|1786054565
|switch|p2a: Sylveon|Sylveon, L50, F, shiny|100/100
|turn|3
|
|t:|1786054579
|move|p1b: Archaludon|Protect|p1b: Archaludon
|-singleturn|p1b: Archaludon|Protect
|move|p2b: Farigiraf|Psychic|p1a: Pelipper
|-damage|p1a: Pelipper|45/100
|move|p2a: Sylveon|Hyper Beam|p1b: Archaludon
|-activate|p1b: Archaludon|move: Protect
|move|p1a: Pelipper|Weather Ball|p2a: Sylveon
|-damage|p2a: Sylveon|52/100
|
|-weather|RainDance|[upkeep]
|upkeep
|turn|4
|
|t:|1786054585
|switch|p1b: Talonflame|Talonflame, L50, M|100/100
|move|p1a: Pelipper|Protect|p1a: Pelipper
|-singleturn|p1a: Pelipper|Protect
|move|p2b: Farigiraf|Psychic|p1a: Pelipper
|-activate|p1a: Pelipper|move: Protect
|move|p2a: Sylveon|Hyper Beam|p1b: Talonflame
|-resisted|p1b: Talonflame|1
|-damage|p1b: Talonflame|16/100
|-mustrecharge|p2a: Sylveon
|
|-weather|RainDance|[upkeep]
|upkeep
|turn|5
|
|t:|1786054596
|switch|p1a: Archaludon|Archaludon, L50, F, shiny|100/100
|switch|p1b: Ayanami|Gardevoir, L50, M, shiny|100/100
|-ability|p1b: Ayanami|Pixilate|Trace|[from] ability: Trace|[of] p2a: Sylveon
|move|p2b: Farigiraf|Psychic|p1a: Archaludon
|-resisted|p1a: Archaludon|1
|-damage|p1a: Archaludon|82/100
|-ability|p1a: Archaludon|Stamina|boost
|-boost|p1a: Archaludon|def|1
|cant|p2a: Sylveon|recharge
|
|-weather|none
|-heal|p1a: Archaludon|88/100|[from] item: Leftovers
|-fieldend|move: Trick Room
|upkeep
|turn|6
|
|t:|1786054605
|detailschange|p1b: Ayanami|Gardevoir-Mega, L50, M, shiny
|-mega|p1b: Ayanami|Gardevoir|Gardevoirite
|move|p2a: Sylveon|Detect|p2a: Sylveon
|-singleturn|p2a: Sylveon|Protect
|move|p1b: Ayanami|Hyper Voice|p2a: Sylveon|[spread] p2b
|-activate|p2a: Sylveon|move: Protect
|-damage|p2b: Farigiraf|59/100
|move|p1a: Archaludon|Dragon Pulse|p2b: Farigiraf
|-damage|p2b: Farigiraf|28/100
|-enditem|p2b: Farigiraf|Sitrus Berry|[eat]
|-heal|p2b: Farigiraf|53/100|[from] item: Sitrus Berry
|move|p2b: Farigiraf|Trick Room|p2b: Farigiraf
|-fieldstart|move: Trick Room|[of] p2b: Farigiraf
|
|-heal|p1a: Archaludon|94/100|[from] item: Leftovers
|upkeep
|turn|7
|
|t:|1786054616
|move|p2b: Farigiraf|Helping Hand|p2a: Sylveon
|-singleturn|p2a: Sylveon|Helping Hand|[of] p2b: Farigiraf
|move|p1b: Ayanami|Protect|p1b: Ayanami
|-singleturn|p1b: Ayanami|Protect
|move|p2a: Sylveon|Hyper Voice|p1a: Archaludon|[spread] p1a
|-activate|p1b: Ayanami|move: Protect
|-damage|p1a: Archaludon|15/100
|-ability|p1a: Archaludon|Stamina|boost
|-boost|p1a: Archaludon|def|1
|move|p1a: Archaludon|Flash Cannon|p2a: Sylveon
|-supereffective|p2a: Sylveon|1
|-damage|p2a: Sylveon|0 fnt
|faint|p2a: Sylveon
|
|-heal|p1a: Archaludon|20/100y|[from] item: Leftovers
|upkeep
|
|t:|1786054625
|switch|p2a: Kingambit|Kingambit, L50, M, shiny|100/100
|turn|8
|
|t:|1786054640
|move|p2a: Kingambit|Kowtow Cleave|p1b: Ayanami
|-damage|p1b: Ayanami|13/100
|-damage|p2a: Kingambit|90/100|[from] item: Life Orb
|move|p2b: Farigiraf|Psychic|p1a: Archaludon
|-resisted|p1a: Archaludon|1
|-damage|p1a: Archaludon|1/100
|-ability|p1a: Archaludon|Stamina|boost
|-boost|p1a: Archaludon|def|1
|move|p1a: Archaludon|Dragon Pulse|p2b: Farigiraf
|-damage|p2b: Farigiraf|23/100
|move|p1b: Ayanami|Hyper Voice|p2a: Kingambit|[spread] p2a,p2b
|-crit|p2a: Kingambit
|-damage|p2a: Kingambit|14/100
|-damage|p2b: Farigiraf|0 fnt
|faint|p2b: Farigiraf
|
|-heal|p1a: Archaludon|7/100|[from] item: Leftovers
|upkeep
|turn|9
|
|t:|1786054649
|move|p2a: Kingambit|Kowtow Cleave|p1a: Archaludon
|-damage|p1a: Archaludon|0 fnt
|faint|p1a: Archaludon
|-damage|p2a: Kingambit|5/100|[from] item: Life Orb
|move|p1b: Ayanami|Hyper Voice|p2a: Kingambit
|-damage|p2a: Kingambit|0 fnt
|faint|p2a: Kingambit
|
|win|scawy monsta
|raw|scawy monsta's rating: 1356 → 1374(+18 for winning)
|raw|Imreesithink's rating: 1325 → 1307(-18 for losing)
|l|☆Imreesithink
|player|p2|
