|j|☆Wrner13isking
|j|☆lillyrosethedemon
|html|Wrner13iskinglillyrosethedemon    
|uhtml|bestof|Game 3 of a best-of-3
|t:|1783292119
|gametype|doubles
|player|p1|Wrner13isking|brycen|1104
|player|p2|lillyrosethedemon|madame|1206
|gen|9
|tier|[Gen 9 Champions] VGC 2026 Reg M-B (Bo3)
|rated|
|rule|Species Clause: Limit one of each Pokémon
|rule|Item Clause: Limit 1 of each item
|clearpoke
|poke|p1|Archaludon, L50, M|
|poke|p1|Pelipper, L50, F|
|poke|p1|Arcanine-Hisui, L50, F|
|poke|p1|Dragonite, L50, F, shiny|
|poke|p1|Sinistcha, L50|
|poke|p1|Jolteon, L50, F|
|poke|p2|Garchomp, L50, M|
|poke|p2|Milotic, L50, M|
|poke|p2|Staraptor, L50, F|
|poke|p2|Gholdengo, L50|
|poke|p2|Sinistcha, L50|
|poke|p2|Rotom-Heat, L50|
|teampreview|4
|showteam|p1|Archaludon||Leftovers|Stamina|ElectroShot,DracoMeteor,FlashCannon,Protect|Bold||M|||50|]Pelipper||SitrusBerry|Drizzle|Tailwind,WeatherBall,WideGuard,Hurricane|Bold||F|||50|]Arcanine-Hisui||ChoiceScarf|Intimidate|RockSlide,FlareBlitz,ExtremeSpeed,CloseCombat|Jolly||F|||50|]Dragonite||Dragoninite|Multiscale|WeatherBall,Hurricane,DracoMeteor,Protect|Timid||F|||50|]Sinistcha||KasibBerry|Hospitality|TrickRoom,MatchaGotcha,RagePowder,LifeDew|Bold|||||50|]Jolteon||FocusSash|VoltAbsorb|Discharge,VoltSwitch,Protect,Yawn|Timid||F|||50|
|showteam|p2|Garchomp||LifeOrb|RoughSkin|RockSlide,StompingTantrum,DragonClaw,Protect|Jolly||M|||50|]Milotic||Leftovers|Competitive|MuddyWater,Hypnosis,Coil,Protect|Calm||M|||50|]Staraptor||Staraptite|Intimidate|BraveBird,CloseCombat,Protect,Tailwind|Jolly||F|||50|]Gholdengo||SitrusBerry|GoodasGold|NastyPlot,ShadowBall,MakeItRain,Protect|Modest|||||50|]Sinistcha||CobaBerry|Hospitality|MatchaGotcha,TrickRoom,RagePowder,Protect|Relaxed|||||50|]Rotom-Heat||ChoiceScarf|Levitate|Electroweb,VoltSwitch,Overheat,Thunderbolt|Timid|||||50|
|inactive|Battle timer is ON: inactive players will automatically lose when time's up. (requested by Wrner13isking)
|
|t:|1783292147
|teamsize|p1|4
|teamsize|p2|4
|start
|switch|p1a: Arcanine|Arcanine-Hisui, L50, F|100/100
|switch|p1b: Dragonite|Dragonite, L50, F, shiny|100/100
|switch|p2a: Gholdengo|Gholdengo, L50|100/100
|switch|p2b: Staraptor|Staraptor, L50, F|100/100
|-ability|p1a: Arcanine|Intimidate|boost
|-unboost|p2a: Gholdengo|atk|1
|-unboost|p2b: Staraptor|atk|1
|-ability|p2b: Staraptor|Intimidate|boost
|-unboost|p1a: Arcanine|atk|1
|-unboost|p1b: Dragonite|atk|1
|turn|1
|
|t:|1783292171
|switch|p2a: Garchomp|Garchomp, L50, M|100/100
|detailschange|p2b: Staraptor|Staraptor-Mega, L50, F
|-mega|p2b: Staraptor|Staraptor|Staraptite
|detailschange|p1b: Dragonite|Dragonite-Mega, L50, F, shiny
|-mega|p1b: Dragonite|Dragonite|Dragoninite
|move|p1a: Arcanine|Flare Blitz|p2a: Garchomp
|-resisted|p2a: Garchomp|1
|-damage|p2a: Garchomp|78/100
|-damage|p1a: Arcanine|87/100|[from] ability: Rough Skin|[of] p2a: Garchomp
|-damage|p1a: Arcanine|80/100|[from] Recoil
|move|p2b: Staraptor|Close Combat|p1a: Arcanine
|-supereffective|p1a: Arcanine|1
|-damage|p1a: Arcanine|0 fnt
|-boost|p2b: Staraptor|def|1
|-boost|p2b: Staraptor|spd|1
|faint|p1a: Arcanine
|move|p1b: Dragonite|Hurricane|p2b: Staraptor
|-supereffective|p2b: Staraptor|1
|-damage|p2b: Staraptor|0 fnt
|faint|p2b: Staraptor
|
|upkeep
|
|t:|1783292191
|switch|p2b: Gholdengo|Gholdengo, L50|100/100
|switch|p1a: Pelipper|Pelipper, L50, F|100/100
|-weather|RainDance|[from] ability: Drizzle|[of] p1a: Pelipper
|turn|2
|
|t:|1783292203
|switch|p1b: Archaludon|Archaludon, L50, M|100/100
|move|p2a: Garchomp|Rock Slide|p1a: Pelipper|[spread] p1a
|-miss|p2a: Garchomp|p1b: Archaludon
|-supereffective|p1a: Pelipper|1
|-damage|p1a: Pelipper|54/100
|-damage|p2a: Garchomp|69/100|[from] item: Life Orb
|move|p2b: Gholdengo|Nasty Plot|p2b: Gholdengo
|-boost|p2b: Gholdengo|spa|2
|move|p1a: Pelipper|Tailwind|p1a: Pelipper
|-sidestart|p1: Wrner13isking|move: Tailwind
|
|-weather|RainDance|[upkeep]
|upkeep
|turn|3
|inactive|lillyrosethedemon has 30 seconds left.
|
|t:|1783292237
|switch|p2a: Sinistcha|Sinistcha, L50|100/100
|move|p1b: Archaludon|Electro Shot||[still]
|-prepare|p1b: Archaludon|Electro Shot
|-boost|p1b: Archaludon|spa|1
|-anim|p1b: Archaludon|Electro Shot|p2b: Gholdengo
|-damage|p2b: Gholdengo|44/100
|-enditem|p2b: Gholdengo|Sitrus Berry|[eat]
|-heal|p2b: Gholdengo|69/100|[from] item: Sitrus Berry
|move|p1a: Pelipper|Hurricane|p2a: Sinistcha
|-supereffective|p2a: Sinistcha|1
|-enditem|p2a: Sinistcha|Coba Berry|[eat]
|-enditem|p2a: Sinistcha|Coba Berry|[weaken]
|-damage|p2a: Sinistcha|64/100
|move|p2b: Gholdengo|Shadow Ball|p1a: Pelipper
|-damage|p1a: Pelipper|0 fnt
|faint|p1a: Pelipper
|
|-weather|RainDance|[upkeep]
|upkeep
|
|t:|1783292250
|switch|p1a: Dragonite|Dragonite-Mega, L50, F, shiny|100/100
|turn|4
|
|t:|1783292268
|switch|p2a: Garchomp|Garchomp, L50, M|69/100
|move|p1b: Archaludon|Protect|p1b: Archaludon
|-singleturn|p1b: Archaludon|Protect
|move|p2b: Gholdengo|Protect|p2b: Gholdengo
|-singleturn|p2b: Gholdengo|Protect
|move|p1a: Dragonite|Hurricane|p2a: Garchomp
|-damage|p2a: Garchomp|2/100
|
|-weather|RainDance|[upkeep]
|upkeep
|turn|5
|
|t:|1783292283
|switch|p2a: Sinistcha|Sinistcha, L50|64/100
|-heal|p2b: Gholdengo|93/100|[from] ability: Hospitality|[of] p2a: Sinistcha
|move|p1a: Dragonite|Weather Ball|p2a: Sinistcha
|-resisted|p2a: Sinistcha|1
|-damage|p2a: Sinistcha|36/100
|move|p1b: Archaludon|Electro Shot||[still]
|-prepare|p1b: Archaludon|Electro Shot
|-boost|p1b: Archaludon|spa|1
|-anim|p1b: Archaludon|Electro Shot|p2b: Gholdengo
|-damage|p2b: Gholdengo|17/100
|move|p2b: Gholdengo|Shadow Ball|p1b: Archaludon
|-damage|p1b: Archaludon|2/100
|-ability|p1b: Archaludon|Stamina|boost
|-boost|p1b: Archaludon|def|1
|
|-weather|RainDance|[upkeep]
|-heal|p1b: Archaludon|8/100|[from] item: Leftovers
|-sideend|p1: Wrner13isking|move: Tailwind
|upkeep
|turn|6
|
|t:|1783292306
|move|p2a: Sinistcha|Rage Powder|p2a: Sinistcha
|-singleturn|p2a: Sinistcha|move: Rage Powder
|move|p1a: Dragonite|Weather Ball|p2a: Sinistcha
|-resisted|p2a: Sinistcha|1
|-damage|p2a: Sinistcha|9/100
|move|p2b: Gholdengo|Make It Rain|p1b: Archaludon|[spread] p1a,p1b
|-resisted|p1b: Archaludon|1
|-damage|p1a: Dragonite|60/100
|-damage|p1b: Archaludon|0 fnt
|-unboost|p2b: Gholdengo|spa|2
|faint|p1b: Archaludon
|
|-weather|none
|upkeep
|turn|7
|
|t:|1783292322
|move|p2a: Sinistcha|Rage Powder|p2a: Sinistcha
|-singleturn|p2a: Sinistcha|move: Rage Powder
|move|p1a: Dragonite|Hurricane|p2a: Sinistcha
|-supereffective|p2a: Sinistcha|1
|-damage|p2a: Sinistcha|0 fnt
|faint|p2a: Sinistcha
|move|p2b: Gholdengo|Shadow Ball|p1a: Dragonite
|-damage|p1a: Dragonite|21/100
|-unboost|p1a: Dragonite|spd|1
|
|upkeep
|c|☆lillyrosethedemon|ggwp
|
|t:|1783292332
|switch|p2a: Garchomp|Garchomp, L50, M|2/100
|turn|8
|c|☆Wrner13isking|Ggwp
|inactive|Wrner13isking has 30 seconds left.
|c|☆Wrner13isking|Jesus Loves you, dont ever forget that
|-message|Wrner13isking forfeited.
|
|win|lillyrosethedemon
|raw|Wrner13isking's rating: 1104 → 1086(-18 for losing)
|raw|lillyrosethedemon's rating: 1206 → 1224(+18 for winning)
|l|☆Wrner13isking
|player|p1|
|l|☆lillyrosethedemon
|player|p2|
