|j|☆hypergamer_2422
|j|☆s3vans1
|html|hypergamer_2422s3vans1    
|uhtml|bestof|Game 2 of a best-of-3
|t:|1783532237
|gametype|doubles
|player|p1|hypergamer_2422|pokemaniac|
|player|p2|s3vans1|ghetsis|
|gen|9
|tier|[Gen 9 Champions] VGC 2026 Reg M-B (Bo3)
|rule|Species Clause: Limit one of each Pokémon
|rule|Item Clause: Limit 1 of each item
|clearpoke
|poke|p1|Staraptor, L50, M|
|poke|p1|Ditto, L50|
|poke|p1|Grimmsnarl, L50, M|
|poke|p1|Garchomp, L50, M|
|poke|p1|Goodra-Hisui, L50, M|
|poke|p1|Espathra, L50, M|
|poke|p2|Sceptile, L50, F, shiny|
|poke|p2|Rotom-Heat, L50|
|poke|p2|Garchomp, L50, F|
|poke|p2|Raichu, L50, F|
|poke|p2|Basculegion, L50, M|
|poke|p2|Sneasler, L50, F|
|teampreview|4
|showteam|p1|Staraptor||Staraptite|Intimidate|CloseCombat,Facade,Protect,BraveBird|Jolly||M|||50|]Ditto||FocusSash|Imposter|Transform|Relaxed|||||50|]Grimmsnarl||LightClay|Prankster|FakeOut,LightScreen,Reflect,FoulPlay|Careful||M|||50|]Garchomp||ChoiceScarf|RoughSkin|Outrage,Earthquake,StoneEdge,BodySlam|Jolly||M|||50|]Goodra-Hisui||QuickClaw|Gooey|Rest,SleepTalk,FireBlast,FlashCannon|Modest||M|||50|]Espathra||LifeOrb|SpeedBoost|LuminaCrash,CalmMind,ShadowBall,Uturn|Modest||M|||50|
|showteam|p2|Sceptile||Sceptilite|Overgrow|LeafStorm,DragonPulse,EarthPower,Detect|Timid||F|||50|]Rotom-Heat||ChoiceScarf|Levitate|Discharge,Overheat,ShadowBall,Trick|Timid|||||50|]Garchomp||LifeOrb|RoughSkin|Earthquake,StompingTantrum,DragonClaw,Protect|Jolly||F|||50|]Raichu||RaichuniteY|LightningRod|ZapCannon,FocusBlast,DazzlingGleam,FakeOut|Timid||F|||50|]Basculegion||FocusSash|Adaptability|AquaJet,Liquidation,LastRespects,FlipTurn|Adamant||M|||50|]Sneasler||WhiteHerb|Unburden|DireClaw,CloseCombat,RockSlide,FakeOut|Adamant||F|||50|
|
|t:|1783532326
|teamsize|p1|4
|teamsize|p2|4
|start
|switch|p1a: Ditto|Ditto, L50|100/100
|switch|p1b: Grimmsnarl|Grimmsnarl, L50, M|100/100
|switch|p2a: Flambè|Rotom-Heat, L50|100/100
|switch|p2b: Santana|Garchomp, L50, F|100/100
|-transform|p1a: Ditto|p2b: Santana|[from] ability: Imposter
|turn|1
|
|t:|1783532367
|switch|p1a: Staraptor|Staraptor, L50, M|100/100
|-ability|p1a: Staraptor|Intimidate|boost
|-unboost|p2a: Flambè|atk|1
|-unboost|p2b: Santana|atk|1
|move|p1b: Grimmsnarl|Fake Out|p2a: Flambè
|-damage|p2a: Flambè|85/100
|cant|p2a: Flambè|flinch
|move|p2b: Santana|Dragon Claw|p1a: Staraptor
|-damage|p1a: Staraptor|46/100
|-damage|p2b: Santana|90/100|[from] item: Life Orb
|
|upkeep
|turn|2
|
|t:|1783532419
|switch|p1b: Garchomp|Garchomp, L50, M|100/100
|move|p1a: Staraptor|Protect|p1a: Staraptor
|-singleturn|p1a: Staraptor|Protect
|move|p2a: Flambè|Discharge|p1b: Garchomp|[spread] 
|-activate|p1a: Staraptor|move: Protect
|-immune|p2b: Santana
|-immune|p1b: Garchomp
|move|p2b: Santana|Dragon Claw|p1a: Staraptor
|-activate|p1a: Staraptor|move: Protect
|
|upkeep
|turn|3
|
|t:|1783532457
|switch|p1a: Grimmsnarl|Grimmsnarl, L50, M|100/100
|move|p2b: Santana|Protect|p2b: Santana
|-singleturn|p2b: Santana|Protect
|move|p1b: Garchomp|Outrage|p2a: Flambè
|-damage|p2a: Flambè|0 fnt
|faint|p2a: Flambè
|
|upkeep
|
|t:|1783532478
|switch|p2a: Superfly|Sceptile, L50, F, shiny|100/100
|turn|4
|
|t:|1783532514
|detailschange|p2a: Superfly|Sceptile-Mega, L50, F, shiny
|-mega|p2a: Superfly|Sceptile|Sceptilite
|move|p1a: Grimmsnarl|Fake Out|p2a: Superfly
|-damage|p2a: Superfly|83/100
|move|p1b: Garchomp|Outrage|p2b: Santana|[from] lockedmove
|-supereffective|p2b: Santana|1
|-damage|p2b: Santana|0 fnt
|-damage|p1b: Garchomp|87/100|[from] ability: Rough Skin|[of] p2b: Santana
|faint|p2b: Santana
|cant|p2a: Superfly|flinch
|
|upkeep
|
|t:|1783532524
|switch|p2b: RedHotChiliPepper|Raichu, L50, F|100/100
|turn|5
|
|t:|1783532579
|move|p2b: RedHotChiliPepper|Fake Out|p1a: Grimmsnarl
|-damage|p1a: Grimmsnarl|89/100
|cant|p1a: Grimmsnarl|flinch
|move|p1b: Garchomp|Outrage|p2b: RedHotChiliPepper|[from] lockedmove
|-damage|p2b: RedHotChiliPepper|0 fnt
|faint|p2b: RedHotChiliPepper
|-start|p1b: Garchomp|confusion|[fatigue]
|move|p2a: Superfly|Dragon Pulse|p1b: Garchomp
|-supereffective|p1b: Garchomp|1
|-crit|p1b: Garchomp
|-damage|p1b: Garchomp|0 fnt
|faint|p1b: Garchomp
|
|upkeep
|
|t:|1783532591
|switch|p1b: Ditto|Ditto, L50|100/100
|-transform|p1b: Ditto|p2a: Superfly|[from] ability: Imposter
|turn|6
|
|t:|1783532620
|move|p1a: Grimmsnarl|Light Screen|p1a: Grimmsnarl
|-sidestart|p1: hypergamer_2422|move: Light Screen
|move|p2a: Superfly|Dragon Pulse|p1b: Ditto
|-supereffective|p1b: Ditto|1
|-damage|p1b: Ditto|1/100
|move|p1b: Ditto|Dragon Pulse|p2a: Superfly
|-supereffective|p2a: Superfly|1
|-damage|p2a: Superfly|0 fnt
|faint|p2a: Superfly
|
|win|hypergamer_2422
|c|☆hypergamer_2422|gg
|c|☆s3vans1|gg
