|j|☆lillyrosethedemon
|j|☆Mega Chime Time
|html|lillyrosethedemonMega Chime Time    
|uhtml|bestof|Game 2 of a best-of-3
|t:|1783355738
|gametype|doubles
|player|p1|lillyrosethedemon|madame|
|player|p2|Mega Chime Time|miku-flying|
|gen|9
|tier|[Gen 9 Champions] VGC 2026 Reg M-B (Bo3)
|rule|Species Clause: Limit one of each Pokémon
|rule|Item Clause: Limit 1 of each item
|clearpoke
|poke|p1|Crabominable, L50, M|
|poke|p1|Slowking-Galar, L50, F|
|poke|p1|Rhyperior, L50, M|
|poke|p1|Starmie, L50|
|poke|p1|Ariados, L50, M|
|poke|p1|Houndoom, L50, M|
|poke|p2|Chimecho, L50, M|
|poke|p2|Blastoise, L50, M|
|poke|p2|Lucario, L50, F, shiny|
|poke|p2|Hippowdon, L50, F|
|poke|p2|Steelix, L50, M|
|poke|p2|Dragalge, L50, F|
|teampreview|4
|showteam|p1|Crabominable||Crabominite|HyperCutter|IceHammer,DrainPunch,Protect,BulkUp|Brave||M|||50|]Slowking-Galar||MentalHerb|Regenerator|ChillyReception,TrickRoom,SludgeBomb,Protect|Calm||F|||50|]Rhyperior||LifeOrb|SolidRock|RockSlide,HighHorsepower,Protect,HeatCrash|Brave||M|||50|]Starmie||Starminite|Illuminate|Liquidation,ZenHeadbutt,Protect,IceSpinner|Jolly|||||50|]Ariados||SitrusBerry|Insomnia|RagePowder,KnockOff,ToxicThread,Protect|Careful||M|||50|]Houndoom||FocusSash|FlashFire|Snarl,DarkPulse,HeatWave,Protect|Timid||M|||50|
|showteam|p2|Chimecho||Chimechite|Levitate|Psychic,FlashCannon,Protect,TrickRoom|Modest||M|||50|]Blastoise||SitrusBerry|RainDish|FakeOut,WaveCrash,Yawn,FlipTurn|Adamant||M|||50|]Lucario||ChoiceScarf|InnerFocus|FinalGambit,CloseCombat,Coaching,RockTomb|Jolly||F|||50|]Hippowdon||Leftovers|SandStream|RockSlide,Protect,SandTomb,Yawn|Sassy||F|||50|]Steelix||Steelixite|RockHead|Earthquake,HeavySlam,Protect,RockSlide|Brave||M|||50|]Dragalge||PoisonBarb|Adaptability|SludgeBomb,SludgeWave,DragonPulse,Protect|Modest||F|||50|
|inactive|Battle timer is ON: inactive players will automatically lose when time's up. (requested by Mega Chime Time)
|j| sumire labubu
|c|☆lillyrosethedemon|glhf
|c|☆Mega Chime Time|u2
|inactive|Mega Chime Time has 60 seconds left.
|
|t:|1783355770
|teamsize|p1|4
|teamsize|p2|4
|start
|switch|p1a: Ariados|Ariados, L50, M|100/100
|switch|p1b: Houndoom|Houndoom, L50, M|100/100
|switch|p2a: Chimecho|Chimecho, L50, M|100/100
|switch|p2b: Dragalge|Dragalge, L50, F|100/100
|turn|1
|
|t:|1783355794
|move|p2a: Chimecho|Protect|p2a: Chimecho
|-singleturn|p2a: Chimecho|Protect
|move|p1b: Houndoom|Snarl|p2a: Chimecho|[spread] p2b
|-activate|p2a: Chimecho|move: Protect
|-damage|p2b: Dragalge|84/100
|-unboost|p2b: Dragalge|spa|1
|move|p2b: Dragalge|Sludge Wave|p1a: Ariados|[spread] p1a,p1b
|-activate|p2a: Chimecho|move: Protect
|-resisted|p1a: Ariados|1
|-damage|p1a: Ariados|82/100
|-damage|p1b: Houndoom|52/100
|move|p1a: Ariados|Knock Off|p2b: Dragalge
|-damage|p2b: Dragalge|61/100
|-enditem|p2b: Dragalge|Poison Barb|[from] move: Knock Off|[of] p1a: Ariados
|
|upkeep
|turn|2
|
|t:|1783355814
|detailschange|p2a: Chimecho|Chimecho-Mega, L50, M
|-mega|p2a: Chimecho|Chimecho|Chimechite
|move|p1b: Houndoom|Protect|p1b: Houndoom
|-singleturn|p1b: Houndoom|Protect
|move|p2b: Dragalge|Sludge Wave|p1a: Ariados|[spread] p1a
|-activate|p1b: Houndoom|move: Protect
|-immune|p2a: Chimecho
|-resisted|p1a: Ariados|1
|-damage|p1a: Ariados|67/100
|move|p1a: Ariados|Toxic Thread|p2a: Chimecho
|-unboost|p2a: Chimecho|spe|2
|-immune|p2a: Chimecho
|move|p2a: Chimecho|Trick Room|p2a: Chimecho
|-fieldstart|move: Trick Room|[of] p2a: Chimecho
|
|upkeep
|turn|3
|
|t:|1783355839
|move|p1a: Ariados|Rage Powder|p1a: Ariados
|-singleturn|p1a: Ariados|move: Rage Powder
|move|p2a: Chimecho|Psychic|p1a: Ariados
|-supereffective|p1a: Ariados|1
|-damage|p1a: Ariados|0 fnt
|faint|p1a: Ariados
|move|p2b: Dragalge|Sludge Bomb|p1b: Houndoom
|-damage|p1b: Houndoom|1/100
|move|p1b: Houndoom|Dark Pulse|p2a: Chimecho
|-supereffective|p2a: Chimecho|1
|-damage|p2a: Chimecho|34/100
|
|upkeep
|
|t:|1783355849
|switch|p1a: Rhyperior|Rhyperior, L50, M|100/100
|turn|4
|
|t:|1783355860
|switch|p2a: Blastoise|Blastoise, L50, M|100/100
|move|p2b: Dragalge|Protect|p2b: Dragalge
|-singleturn|p2b: Dragalge|Protect
|move|p1a: Rhyperior|High Horsepower|p2b: Dragalge
|-activate|p2b: Dragalge|move: Protect
|move|p1b: Houndoom|Dark Pulse|p2a: Blastoise
|-damage|p2a: Blastoise|64/100
|
|upkeep
|turn|5
|
|t:|1783355880
|switch|p1b: Starmie|Starmie, L50|100/100
|move|p1a: Rhyperior|Protect|p1a: Rhyperior
|-singleturn|p1a: Rhyperior|Protect
|move|p2a: Blastoise|Fake Out|p1a: Rhyperior
|-activate|p1a: Rhyperior|move: Protect
|move|p2b: Dragalge|Dragon Pulse|p1a: Rhyperior
|-activate|p1a: Rhyperior|move: Protect
|
|upkeep
|turn|6
|
|t:|1783355895
|switch|p2b: Chimecho|Chimecho-Mega, L50, M|34/100
|detailschange|p1b: Starmie|Starmie-Mega, L50
|-mega|p1b: Starmie|Starmie|Starminite
|move|p1a: Rhyperior|High Horsepower|p2b: Chimecho
|-immune|p2b: Chimecho|[from] ability: Levitate
|move|p2a: Blastoise|Yawn|p1b: Starmie
|-start|p1b: Starmie|move: Yawn|[of] p2a: Blastoise
|move|p1b: Starmie|Zen Headbutt|p2a: Blastoise
|-damage|p2a: Blastoise|5/100
|-enditem|p2a: Blastoise|Sitrus Berry|[eat]
|-heal|p2a: Blastoise|30/100|[from] item: Sitrus Berry
|
|-fieldend|move: Trick Room
|upkeep
|turn|7
|inactive|lillyrosethedemon has 30 seconds left.
|
|t:|1783355921
|switch|p1b: Houndoom|Houndoom, L50, M|1/100
|move|p2a: Blastoise|Wave Crash|p1a: Rhyperior
|-supereffective|p1a: Rhyperior|2
|-damage|p1a: Rhyperior|0 fnt
|faint|p1a: Rhyperior
|-damage|p2a: Blastoise|0 fnt|[from] Recoil
|faint|p2a: Blastoise
|move|p2b: Chimecho|Trick Room|p2b: Chimecho
|-fieldstart|move: Trick Room|[of] p2b: Chimecho
|
|upkeep
|
|t:|1783355930
|switch|p1a: Starmie|Starmie-Mega, L50|100/100
|switch|p2a: Dragalge|Dragalge, L50, F|61/100
|turn|8
|
|t:|1783355944
|move|p2a: Dragalge|Sludge Bomb|p1a: Starmie
|-damage|p1a: Starmie|25/100
|move|p2b: Chimecho|Flash Cannon|p1b: Houndoom
|-resisted|p1b: Houndoom|1
|-damage|p1b: Houndoom|0 fnt
|faint|p1b: Houndoom
|move|p1a: Starmie|Zen Headbutt|p2a: Dragalge
|-supereffective|p2a: Dragalge|1
|-damage|p2a: Dragalge|0 fnt
|faint|p2a: Dragalge
|
|upkeep
|
|t:|1783355947
|switch|p2a: Hippowdon|Hippowdon, L50, F|100/100
|-weather|Sandstorm|[from] ability: Sand Stream|[of] p2a: Hippowdon
|turn|9
|
|t:|1783355963
|move|p2a: Hippowdon|Protect|p2a: Hippowdon
|-singleturn|p2a: Hippowdon|Protect
|move|p2b: Chimecho|Protect|p2b: Chimecho
|-singleturn|p2b: Chimecho|Protect
|move|p1a: Starmie|Protect||[still]
|-fail|p1a: Starmie
|
|-weather|Sandstorm|[upkeep]
|-damage|p1a: Starmie|19/100|[from] Sandstorm
|upkeep
|turn|10
|
|t:|1783355975
|move|p1a: Starmie|Protect|p1a: Starmie
|-singleturn|p1a: Starmie|Protect
|move|p2a: Hippowdon|Rock Slide|p1a: Starmie
|-activate|p1a: Starmie|move: Protect
|move|p2b: Chimecho|Flash Cannon|p1a: Starmie
|-activate|p1a: Starmie|move: Protect
|
|-weather|Sandstorm|[upkeep]
|-damage|p1a: Starmie|13/100|[from] Sandstorm
|upkeep
|turn|11
|
|t:|1783355984
|move|p1a: Starmie|Protect||[still]
|-fail|p1a: Starmie
|move|p2a: Hippowdon|Rock Slide|p1a: Starmie
|-damage|p1a: Starmie|0 fnt
|faint|p1a: Starmie
|
|win|Mega Chime Time
|c|☆Mega Chime Time|GGs
|l|☆Mega Chime Time
|player|p2|
