|j|☆Yei_Lai
|j|☆huanyu0.0
|html|Yei_Laihuanyu0.0    
|uhtml|bestof|Game 2 of a best-of-3
|t:|1785074012
|gametype|doubles
|player|p1|Yei_Lai|101|
|player|p2|huanyu0.0|101|
|gen|9
|tier|[Gen 9 Champions] VGC 2026 Reg M-B (Bo3)
|rule|Species Clause: Limit one of each Pokémon
|rule|Item Clause: Limit 1 of each item
|clearpoke
|poke|p1|Charizard, L50, F|
|poke|p1|Archaludon, L50, M|
|poke|p1|Venusaur, L50, F|
|poke|p1|Pelipper, L50, M|
|poke|p1|Grimmsnarl, L50, M|
|poke|p1|Basculegion, L50, M|
|poke|p2|Staraptor, L50, M|
|poke|p2|Tyranitar, L50, F|
|poke|p2|Excadrill, L50, F|
|poke|p2|Gholdengo, L50|
|poke|p2|Milotic, L50, M|
|poke|p2|Sinistcha, L50|
|teampreview|4
|showteam|p1|Charizard||CharizarditeY|Blaze|HeatWave,WeatherBall,SolarBeam,Protect|Modest||F|||50|]Archaludon||Leftovers|Stamina|ElectroShot,FlashCannon,DragonPulse,Protect|Modest||M|||50|]Venusaur||LifeOrb|Chlorophyll|LeafStorm,SludgeBomb,EarthPower,Protect|Modest||F|||50|]Pelipper||FocusSash|Drizzle|WeatherBall,Hurricane,Tailwind,WideGuard|Timid||M|||50|]Grimmsnarl||LightClay|Prankster|SpiritBreak,PartingShot,Reflect,LightScreen|Careful||M|||50|]Basculegion||ChoiceScarf|Adaptability|WaveCrash,FlipTurn,AquaJet,LastRespects|Jolly||M|||50|
|showteam|p2|Staraptor||Staraptite|Intimidate|CloseCombat,BraveBird,Tailwind,Protect|Jolly||M|||50|]Tyranitar||Tyranitarite|SandStream|RockSlide,KnockOff,LowKick,Protect|Adamant||F|||50|]Excadrill||FocusSash|SandRush|IronHead,HighHorsepower,RockSlide,Protect|Adamant||F|||50|]Gholdengo||LifeOrb|GoodasGold|MakeItRain,ShadowBall,NastyPlot,Protect|Modest|||||50|]Milotic||SitrusBerry|Competitive|Scald,IceBeam,IcyWind,Protect|Modest||M|||50|]Sinistcha||ColburBerry|Hospitality|MatchaGotcha,RagePowder,TrickRoom,Protect|Calm|||||50|
|inactive|Battle timer is ON: inactive players will automatically lose when time's up. (requested by huanyu0.0)
|
|t:|1785074037
|teamsize|p1|4
|teamsize|p2|4
|start
|switch|p1a: Grimmsnarl|Grimmsnarl, L50, M|100/100
|switch|p1b: Basculegion|Basculegion, L50, M|100/100
|switch|p2a: Staraptor|Staraptor, L50, M|100/100
|switch|p2b: Tyranitar|Tyranitar, L50, F|100/100
|-ability|p2a: Staraptor|Intimidate|boost
|-unboost|p1a: Grimmsnarl|atk|1
|-unboost|p1b: Basculegion|atk|1
|-weather|Sandstorm|[from] ability: Sand Stream|[of] p2b: Tyranitar
|turn|1
|inactive|huanyu0.0 has 30 seconds left.
|
|t:|1785074067
|detailschange|p2a: Staraptor|Staraptor-Mega, L50, M
|-mega|p2a: Staraptor|Staraptor|Staraptite
|move|p1a: Grimmsnarl|Reflect|p1a: Grimmsnarl
|-sidestart|p1: Yei_Lai|Reflect
|move|p1b: Basculegion|Flip Turn|p2a: Staraptor
|-damage|p2a: Staraptor|74/100
|
|t:|1785074076
|switch|p1b: Archaludon|Archaludon, L50, M|100/100|[from] Flip Turn
|move|p2a: Staraptor|Tailwind|p2a: Staraptor
|-sidestart|p2: huanyu0.0|move: Tailwind
|move|p2b: Tyranitar|Knock Off|p1b: Archaludon
|-damage|p1b: Archaludon|75/100
|-ability|p1b: Archaludon|Stamina|boost
|-boost|p1b: Archaludon|def|1
|-enditem|p1b: Archaludon|Leftovers|[from] move: Knock Off|[of] p2b: Tyranitar
|
|-weather|Sandstorm|[upkeep]
|-damage|p2a: Staraptor|69/100|[from] Sandstorm
|-damage|p1a: Grimmsnarl|94/100|[from] Sandstorm
|upkeep
|turn|2
|
|t:|1785074091
|switch|p2b: Sinistcha|Sinistcha, L50|100/100
|-heal|p2a: Staraptor|93/100|[from] ability: Hospitality|[of] p2b: Sinistcha
|move|p2a: Staraptor|Protect|p2a: Staraptor
|-singleturn|p2a: Staraptor|Protect
|move|p1b: Archaludon|Protect|p1b: Archaludon
|-singleturn|p1b: Archaludon|Protect
|move|p1a: Grimmsnarl|Spirit Break|p2a: Staraptor
|-activate|p2a: Staraptor|move: Protect
|
|-weather|Sandstorm|[upkeep]
|-damage|p2a: Staraptor|88/100|[from] Sandstorm
|-damage|p2b: Sinistcha|94/100|[from] Sandstorm
|-damage|p1a: Grimmsnarl|88/100|[from] Sandstorm
|upkeep
|turn|3
|
|t:|1785074113
|move|p2b: Sinistcha|Rage Powder|p2b: Sinistcha
|-singleturn|p2b: Sinistcha|move: Rage Powder
|move|p1a: Grimmsnarl|Parting Shot|p2b: Sinistcha
|-unboost|p2b: Sinistcha|atk|1
|-unboost|p2b: Sinistcha|spa|1
|
|t:|1785074116
|switch|p1a: Pelipper|Pelipper, L50, M|100/100|[from] Parting Shot
|-weather|RainDance|[from] ability: Drizzle|[of] p1a: Pelipper
|move|p2a: Staraptor|Close Combat|p1a: Pelipper
|-resisted|p1a: Pelipper|1
|-damage|p1a: Pelipper|72/100
|-boost|p2a: Staraptor|def|1
|-boost|p2a: Staraptor|spd|1
|move|p1b: Archaludon|Electro Shot||[still]
|-prepare|p1b: Archaludon|Electro Shot
|-boost|p1b: Archaludon|spa|1
|-anim|p1b: Archaludon|Electro Shot|p2b: Sinistcha
|-resisted|p2b: Sinistcha|1
|-damage|p2b: Sinistcha|69/100
|
|-weather|RainDance|[upkeep]
|upkeep
|turn|4
|
|t:|1785074141
|move|p1b: Archaludon|Protect|p1b: Archaludon
|-singleturn|p1b: Archaludon|Protect
|move|p2b: Sinistcha|Rage Powder|p2b: Sinistcha
|-singleturn|p2b: Sinistcha|move: Rage Powder
|move|p2a: Staraptor|Brave Bird|p1a: Pelipper
|-damage|p1a: Pelipper|20/100y
|-damage|p2a: Staraptor|74/100|[from] Recoil
|move|p1a: Pelipper|Tailwind|p1a: Pelipper
|-sidestart|p1: Yei_Lai|move: Tailwind
|
|-weather|RainDance|[upkeep]
|-sideend|p2: huanyu0.0|move: Tailwind
|upkeep
|turn|5
|
|t:|1785074157
|switch|p1a: Grimmsnarl|Grimmsnarl, L50, M|88/100
|move|p2b: Sinistcha|Rage Powder|p2b: Sinistcha
|-singleturn|p2b: Sinistcha|move: Rage Powder
|move|p1b: Archaludon|Electro Shot||[still]
|-prepare|p1b: Archaludon|Electro Shot
|-boost|p1b: Archaludon|spa|1
|-anim|p1b: Archaludon|Electro Shot|p2b: Sinistcha
|-resisted|p2b: Sinistcha|1
|-damage|p2b: Sinistcha|33/100
|move|p2a: Staraptor|Brave Bird|p1a: Grimmsnarl
|-damage|p1a: Grimmsnarl|49/100
|-damage|p2a: Staraptor|59/100|[from] Recoil
|
|-weather|RainDance|[upkeep]
|upkeep
|turn|6
|
|t:|1785074175
|switch|p2b: Tyranitar|Tyranitar, L50, F|100/100
|-weather|Sandstorm|[from] ability: Sand Stream|[of] p2b: Tyranitar
|move|p1b: Archaludon|Flash Cannon|p2b: Tyranitar
|-supereffective|p2b: Tyranitar|1
|-damage|p2b: Tyranitar|4/100
|move|p2a: Staraptor|Close Combat|p1a: Grimmsnarl
|-damage|p1a: Grimmsnarl|3/100
|-boost|p2a: Staraptor|def|1
|-boost|p2a: Staraptor|spd|1
|move|p1a: Grimmsnarl|Spirit Break|p2b: Tyranitar
|-supereffective|p2b: Tyranitar|1
|-damage|p2b: Tyranitar|0 fnt
|faint|p2b: Tyranitar
|
|-weather|Sandstorm|[upkeep]
|-damage|p2a: Staraptor|53/100|[from] Sandstorm
|-damage|p1a: Grimmsnarl|0 fnt|[from] Sandstorm
|faint|p1a: Grimmsnarl
|upkeep
|
|t:|1785074196
|switch|p2b: Sinistcha|Sinistcha, L50|33/100
|switch|p1a: Pelipper|Pelipper, L50, M|20/100y
|-weather|RainDance|[from] ability: Drizzle|[of] p1a: Pelipper
|-heal|p2a: Staraptor|78/100|[from] ability: Hospitality|[of] p2b: Sinistcha
|turn|7
|
|t:|1785074213
|move|p2b: Sinistcha|Rage Powder|p2b: Sinistcha
|-singleturn|p2b: Sinistcha|move: Rage Powder
|move|p1a: Pelipper|Hurricane|p2b: Sinistcha
|-supereffective|p2b: Sinistcha|1
|-damage|p2b: Sinistcha|0 fnt
|faint|p2b: Sinistcha
|move|p1b: Archaludon|Electro Shot||[still]
|-prepare|p1b: Archaludon|Electro Shot
|-boost|p1b: Archaludon|spa|1
|-anim|p1b: Archaludon|Electro Shot|p2a: Staraptor
|-supereffective|p2a: Staraptor|1
|-damage|p2a: Staraptor|0 fnt
|faint|p2a: Staraptor
|
|-weather|RainDance|[upkeep]
|-sideend|p1: Yei_Lai|move: Tailwind
|upkeep
|
|t:|1785074219
|switch|p2b: Excadrill|Excadrill, L50, F|100/100
|turn|8
|-message|huanyu0.0 forfeited.
|
|win|Yei_Lai
||huanyu0.0 is ready for game 3.
|inactive|Yei_Lai has 30 seconds to confirm battle start!
|inactive|Yei_Lai has 20 seconds to confirm battle start!
|inactive|Yei_Lai has 10 seconds to confirm battle start!
||Yei_Lai is ready for game 3.
|uhtml|next|Next: Game 3 of 3
