|j|☆henryclayalt
|j|☆Friegg
|html|henryclayaltFriegg    
|uhtml|bestof|Game 2 of a best-of-3
|t:|1784141482
|gametype|doubles
|player|p1|henryclayalt|n|
|player|p2|Friegg|2|
|gen|9
|tier|[Gen 9 Champions] VGC 2026 Reg M-B (Bo3)
|rule|Species Clause: Limit one of each Pokémon
|rule|Item Clause: Limit 1 of each item
|clearpoke
|poke|p1|Basculegion, L50, M|
|poke|p1|Floette-Eternal, L50, F|
|poke|p1|Farigiraf, L50, M|
|poke|p1|Aggron, L50, M|
|poke|p1|Toxapex, L50, F|
|poke|p1|Vivillon, L50, M|
|poke|p2|Charizard, L50, M|
|poke|p2|Kingambit, L50, F|
|poke|p2|Tinkaton, L50, F|
|poke|p2|Scovillain, L50, F|
|poke|p2|Aerodactyl, L50, F|
|poke|p2|Typhlosion-Hisui, L50, F|
|teampreview|4
|showteam|p1|Basculegion||ChoiceScarf|Adaptability|WaveCrash,AquaJet,LastRespects,FlipTurn|Adamant||M|||50|]Floette-Eternal||Floettite|FlowerVeil|CalmMind,LightofRuin,DazzlingGleam,Protect|Timid||F|||50|]Farigiraf||SitrusBerry|ArmorTail|TrickRoom,HelpingHand,Thunderbolt,HyperVoice|Sassy||M|||50|]Aggron||Aggronite|RockHead|RockSlide,Curse,HeavySlam,StompingTantrum|Brave||M|||50|]Toxapex||Leftovers|Regenerator|BanefulBunker,WideGuard,Infestation,IcyWind|Sassy||F|||50|]Vivillon||FocusSash|FriendGuard|RagePowder,Tailwind,SleepPowder,Hurricane|Timid||M|||50|
|showteam|p2|Charizard||CharizarditeY|Blaze|HeatWave,WeatherBall,AirSlash,Protect|Timid||M|||50|]Kingambit||BlackGlasses|Defiant|KowtowCleave,IronHead,SuckerPunch,Protect|Adamant||F|||50|]Tinkaton||MetalCoat|MoldBreaker|GigatonHammer,FakeOut,Encore,Protect|Jolly||F|||50|]Scovillain||ExpertBelt|Chlorophyll|LeafStorm,Overheat,RagePowder,Protect|Modest||F|||50|]Aerodactyl||FocusSash|Unnerve|RockSlide,Tailwind,WideGuard,Protect|Jolly||F|||50|]Typhlosion-Hisui||Charcoal|Frisk|Eruption,Overheat,ShadowBall,Protect|Timid||F|||50|
|
|t:|1784141507
|teamsize|p1|4
|teamsize|p2|4
|start
|switch|p1a: Farigiraf|Farigiraf, L50, M|100/100
|switch|p1b: Basculegion|Basculegion, L50, M|100/100
|switch|p2a: Scovillain|Scovillain, L50, F|100/100
|switch|p2b: Charizard|Charizard, L50, M|100/100
|turn|1
|
|t:|1784141537
|detailschange|p2b: Charizard|Charizard-Mega-Y, L50, M
|-mega|p2b: Charizard|Charizard|Charizardite Y
|-weather|SunnyDay|[from] ability: Drought|[of] p2b: Charizard
|move|p1a: Farigiraf|Helping Hand|p1b: Basculegion
|-singleturn|p1b: Basculegion|Helping Hand|[of] p1a: Farigiraf
|move|p2a: Scovillain|Overheat|p1a: Farigiraf
|-damage|p1a: Farigiraf|33/100
|-unboost|p2a: Scovillain|spa|2
|-enditem|p1a: Farigiraf|Sitrus Berry|[eat]
|-heal|p1a: Farigiraf|58/100|[from] item: Sitrus Berry
|move|p1b: Basculegion|Wave Crash|p2b: Charizard
|-supereffective|p2b: Charizard|1
|-damage|p2b: Charizard|0 fnt
|faint|p2b: Charizard
|-damage|p1b: Basculegion|74/100|[from] Recoil
|
|-weather|SunnyDay|[upkeep]
|upkeep
|
|t:|1784141555
|switch|p2b: Aerodactyl|Aerodactyl, L50, F|100/100
|-ability|p2b: Aerodactyl|Unnerve
|turn|2
|
|t:|1784141566
|switch|p2a: Kingambit|Kingambit, L50, F|100/100
|move|p2b: Aerodactyl|Rock Slide|p1b: Basculegion|[spread] p1a,p1b
|-damage|p1a: Farigiraf|30/100
|-damage|p1b: Basculegion|42/100
|move|p1b: Basculegion|Wave Crash|p2b: Aerodactyl
|-supereffective|p2b: Aerodactyl|1
|-enditem|p2b: Aerodactyl|Focus Sash
|-damage|p2b: Aerodactyl|1/100
|-damage|p1b: Basculegion|16/100|[from] Recoil
|move|p1a: Farigiraf|Thunderbolt|p2b: Aerodactyl
|-supereffective|p2b: Aerodactyl|1
|-damage|p2b: Aerodactyl|0 fnt
|faint|p2b: Aerodactyl
|
|-weather|SunnyDay|[upkeep]
|upkeep
|
|t:|1784141581
|switch|p2b: Scovillain|Scovillain, L50, F|100/100
|turn|3
|
|t:|1784141597
|switch|p1b: Toxapex|Toxapex, L50, F|100/100
|move|p2b: Scovillain|Protect|p2b: Scovillain
|-singleturn|p2b: Scovillain|Protect
|move|p2a: Kingambit|Kowtow Cleave|p1a: Farigiraf
|-supereffective|p1a: Farigiraf|1
|-damage|p1a: Farigiraf|0 fnt
|faint|p1a: Farigiraf
|
|-weather|SunnyDay|[upkeep]
|upkeep
|
|t:|1784141609
|switch|p1a: Aggron|Aggron, L50, M|100/100
|turn|4
|
|t:|1784141632
|detailschange|p1a: Aggron|Aggron-Mega, L50, M
|-mega|p1a: Aggron|Aggron|Aggronite
|move|p2b: Scovillain|Overheat|p1a: Aggron
|-supereffective|p1a: Aggron|1
|-damage|p1a: Aggron|0 fnt
|-unboost|p2b: Scovillain|spa|2
|faint|p1a: Aggron
|move|p2a: Kingambit|Kowtow Cleave|p1b: Toxapex
|-damage|p1b: Toxapex|53/100
|move|p1b: Toxapex|Infestation|p2b: Scovillain
|-damage|p2b: Scovillain|94/100
|-activate|p2b: Scovillain|move: Infestation|[of] p1b: Toxapex
|
|-weather|SunnyDay|[upkeep]
|-heal|p1b: Toxapex|59/100|[from] item: Leftovers
|-damage|p2b: Scovillain|82/100|[from] move: Infestation|[partiallytrapped]
|upkeep
|
|t:|1784141647
|switch|p1a: Basculegion|Basculegion, L50, M|16/100
|turn|5
|
|t:|1784141665
|move|p1b: Toxapex|Baneful Bunker|p1b: Toxapex
|-singleturn|p1b: Toxapex|move: Protect
|move|p2b: Scovillain|Rage Powder|p2b: Scovillain
|-singleturn|p2b: Scovillain|move: Rage Powder
|move|p1a: Basculegion|Aqua Jet|p2b: Scovillain
|-damage|p2b: Scovillain|56/100
|move|p2a: Kingambit|Kowtow Cleave|p1a: Basculegion
|-supereffective|p1a: Basculegion|1
|-damage|p1a: Basculegion|0 fnt
|faint|p1a: Basculegion
|
|-weather|none
|-heal|p1b: Toxapex|64/100|[from] item: Leftovers
|-damage|p2b: Scovillain|44/100|[from] move: Infestation|[partiallytrapped]
|upkeep
|turn|6
|
|t:|1784141683
|move|p2b: Scovillain|Leaf Storm|p1b: Toxapex
|-damage|p1b: Toxapex|40/100
|-unboost|p2b: Scovillain|spa|2
|move|p2a: Kingambit|Kowtow Cleave|p1b: Toxapex
|-damage|p1b: Toxapex|0 fnt
|faint|p1b: Toxapex
|
|win|Friegg
||henryclayalt is ready for game 3.
|inactive|Friegg has 30 seconds to confirm battle start!
||Friegg is ready for game 3.
|uhtml|next|Next: Game 3 of 3
|l|☆henryclayalt
|player|p1|
|j|☆henryclayalt
|player|p1|henryclayalt|n|
|l|☆henryclayalt
|player|p1|
|l|☆Friegg
|player|p2|
|j|☆Friegg
|player|p2|Friegg|2|
