|j|☆GubGubFan
|j|☆CW-EB9000
|html|GubGubFanCW-EB9000    
|uhtml|bestof|Game 1 of a best-of-3
|t:|1757190174
|gametype|doubles
|player|p1|GubGubFan|gladion-stance|1153
|player|p2|CW-EB9000|170|1108
|gen|9
|tier|[Gen 9] VGC 2025 Reg H (Bo3)
|rated|
|rule|Species Clause: Limit one of each Pokémon
|rule|Item Clause: Limit 1 of each item
|clearpoke
|poke|p1|Tyranitar, L50, F|
|poke|p1|Excadrill, L50, F|
|poke|p1|Basculegion, L50, M|
|poke|p1|Volcarona, L50, F|
|poke|p1|Dragonite, L50, F|
|poke|p1|Magmar, L50, M|
|poke|p2|Amoonguss, L50, M|
|poke|p2|Annihilape, L50, F|
|poke|p2|Whimsicott, L50, F|
|poke|p2|Typhlosion-Hisui, L50, F|
|poke|p2|Garchomp, L50, F|
|poke|p2|Dragonite, L50, F|
|teampreview|4
|showteam|p1|Tyranitar||AssaultVest|SandStream|RockSlide,KnockOff,LowKick,TeraBlast|||F|||50|,,,,,Flying]Excadrill||FocusSash|SandRush|Earthquake,HighHorsepower,IronHead,Protect|||F|||50|,,,,,Ground]Basculegion||ChoiceScarf|Adaptability|WaveCrash,FlipTurn,AquaJet,LastRespects|||M|||50|,,,,,Grass]Volcarona||Leftovers|FlameBody|HeatWave,QuiverDance,TeraBlast,Protect|||F|||50|,,,,,Fairy]Dragonite||LoadedDice|Multiscale|Protect,Tailwind,ScaleShot,Haze|||F|||50|,,,,,Fairy]Magmar||Eviolite|VitalSpirit|FollowMe,Taunt,HeatWave,WillOWisp|||M|||50|,,,,,Grass
|showteam|p2|Amoonguss||RockyHelmet|Regenerator|PollenPuff,Spore,RagePowder,Protect|||M|||50|,,,,,Water]Annihilape||ChoiceScarf|VitalSpirit|CloseCombat,FinalGambit,ShadowClaw,Coaching|||F|||50|,,,,,Normal]Whimsicott||FocusSash|Prankster|Moonblast,Encore,Tailwind,SunnyDay|||F|||50|,,,,,Ghost]Typhlosion-Hisui||LifeOrb|Blaze|Eruption,HeatWave,ShadowBall,Protect|||F|||50|,,,,,Fire]Garchomp||ChoiceBand|RoughSkin|DragonClaw,RockSlide,IronHead,Earthquake|||F|||50|,,,,,Steel]Dragonite||ClearAmulet|Multiscale|ExtremeSpeed,LowKick,Haze,Protect|||F|||50|,,,,,Normal
|inactive|Battle timer is ON: inactive players will automatically lose when time's up. (requested by GubGubFan)
|inactive|CW-EB9000 has 60 seconds left.
|inactive|CW-EB9000 has 30 seconds left.
|
|t:|1757190279
|teamsize|p1|4
|teamsize|p2|4
|start
|switch|p1a: Basculegion|Basculegion, L50, M|100/100
|switch|p1b: Excadrill|Excadrill, L50, F|100/100
|switch|p2a: Amoonguss|Amoonguss, L50, M|100/100
|switch|p2b: Annihilape|Annihilape, L50, F|100/100
|turn|1
|inactive|GubGubFan has 30 seconds left.
|inactive|CW-EB9000 has 30 seconds left.
|inactive|CW-EB9000 has 20 seconds left.
|inactive|CW-EB9000 has 15 seconds left.
|
|t:|1757190319
|move|p1b: Excadrill|Protect|p1b: Excadrill
|-singleturn|p1b: Excadrill|Protect
|move|p2a: Amoonguss|Rage Powder|p2a: Amoonguss
|-singleturn|p2a: Amoonguss|move: Rage Powder
|move|p1a: Basculegion|Flip Turn|p2a: Amoonguss
|-resisted|p2a: Amoonguss
|-damage|p2a: Amoonguss|81/100
|-damage|p1a: Basculegion|84/100|[from] item: Rocky Helmet|[of] p2a: Amoonguss
|
|t:|1757190330
|switch|p1a: Tyranitar|Tyranitar, L50, F|100/100|[from] Flip Turn
|-weather|Sandstorm|[from] ability: Sand Stream|[of] p1a: Tyranitar
|move|p2b: Annihilape|Close Combat|p1b: Excadrill
|-activate|p1b: Excadrill|move: Protect
|
|-weather|Sandstorm|[upkeep]
|-damage|p2b: Annihilape|95/100|[from] Sandstorm
|-damage|p2a: Amoonguss|75/100|[from] Sandstorm
|upkeep
|turn|2
|inactive|CW-EB9000 has 30 seconds left.
|
|t:|1757190362
|-terastallize|p1a: Tyranitar|Flying
|-terastallize|p2a: Amoonguss|Water
|move|p1b: Excadrill|Earthquake|p2a: Amoonguss|[spread] p2a,p2b
|-immune|p1a: Tyranitar
|-damage|p2a: Amoonguss|24/100
|-damage|p2b: Annihilape|50/100
|move|p2b: Annihilape|Close Combat|p1b: Excadrill
|-supereffective|p1b: Excadrill
|-enditem|p1b: Excadrill|Focus Sash
|-damage|p1b: Excadrill|1/100
|-unboost|p2b: Annihilape|def|1
|-unboost|p2b: Annihilape|spd|1
|move|p1a: Tyranitar|Tera Blast|p2b: Annihilape|[anim] Tera Blast Flying
|-supereffective|p2b: Annihilape
|-damage|p2b: Annihilape|0 fnt
|faint|p2b: Annihilape
|move|p2a: Amoonguss|Spore|p1b: Excadrill
|-status|p1b: Excadrill|slp|[from] move: Spore
|
|-weather|Sandstorm|[upkeep]
|-damage|p1a: Tyranitar|95/100|[from] Sandstorm
|-damage|p2a: Amoonguss|18/100|[from] Sandstorm
|upkeep
|
|t:|1757190385
|switch|p2b: Garchomp|Garchomp, L50, F|100/100
|turn|3
|
|t:|1757190406
|switch|p2a: Dragonite|Dragonite, L50, F|100/100
|cant|p1b: Excadrill|slp
|move|p2b: Garchomp|Rock Slide|p1a: Tyranitar|[spread] p1a,p1b
|-supereffective|p1a: Tyranitar
|-resisted|p1b: Excadrill
|-crit|p1b: Excadrill
|-damage|p1a: Tyranitar|46/100
|-damage|p1b: Excadrill|0 fnt
|faint|p1b: Excadrill
|cant|p1a: Tyranitar|flinch
|
|-weather|Sandstorm|[upkeep]
|-damage|p2a: Dragonite|94/100|[from] Sandstorm
|-damage|p1a: Tyranitar|41/100|[from] Sandstorm
|upkeep
|
|t:|1757190425
|switch|p1b: Dragonite|Dragonite, L50, F|100/100
|turn|4
|
|t:|1757190444
|move|p2a: Dragonite|Extreme Speed|p1b: Dragonite
|-damage|p1b: Dragonite|83/100
|move|p2b: Garchomp|Rock Slide|p1b: Dragonite|[spread] p1a,p1b
|-supereffective|p1a: Tyranitar
|-supereffective|p1b: Dragonite
|-damage|p1a: Tyranitar|0 fnt
|-damage|p1b: Dragonite|16/100
|faint|p1a: Tyranitar
|cant|p1b: Dragonite|flinch
|
|-weather|Sandstorm|[upkeep]
|-damage|p1b: Dragonite|10/100|[from] Sandstorm
|-damage|p2a: Dragonite|88/100|[from] Sandstorm
|upkeep
|
|t:|1757190453
|switch|p1a: Basculegion|Basculegion, L50, M|84/100
|turn|5
|inactive|GubGubFan has 30 seconds left.
|
|t:|1757190481
|switch|p2b: Amoonguss|Amoonguss, L50, M, tera:Water|51/100
|move|p1b: Dragonite|Protect|p1b: Dragonite
|-singleturn|p1b: Dragonite|Protect
|move|p2a: Dragonite|Extreme Speed|p1b: Dragonite
|-activate|p1b: Dragonite|move: Protect
|move|p1a: Basculegion|Last Respects|p2b: Amoonguss
|-crit|p2b: Amoonguss
|-damage|p2b: Amoonguss|0 fnt
|faint|p2b: Amoonguss
|
|-weather|none
|upkeep
|
|t:|1757190485
|switch|p2b: Garchomp|Garchomp, L50, F|100/100
|turn|6
|
|t:|1757190502
|move|p2a: Dragonite|Extreme Speed|p1b: Dragonite
|-damage|p1b: Dragonite|0 fnt
|faint|p1b: Dragonite
|move|p1a: Basculegion|Last Respects|p2b: Garchomp
|-damage|p2b: Garchomp|0 fnt
|faint|p2b: Garchomp
|
|upkeep
|turn|7
|
|t:|1757190514
|move|p2a: Dragonite|Extreme Speed|p1a: Basculegion
|-immune|p1a: Basculegion
|move|p1a: Basculegion|Last Respects|p2a: Dragonite
|-damage|p2a: Dragonite|0 fnt
|faint|p2a: Dragonite
|
|win|GubGubFan
||CW-EB9000 is ready for game 2.
|inactive|GubGubFan has 30 seconds to confirm battle start!
||GubGubFan is ready for game 2.
|uhtml|next|Next: Game 2 of 3
