|j|☆detoxfilms
|j|☆caluuben
|html|detoxfilmscaluuben    
|uhtml|bestof|Game 2 of a best-of-3
|t:|1757708398
|gametype|doubles
|player|p1|detoxfilms|clerk|1213
|player|p2|caluuben|266|1139
|gen|9
|tier|[Gen 9] VGC 2025 Reg H (Bo3)
|rated|
|rule|Species Clause: Limit one of each Pokémon
|rule|Item Clause: Limit 1 of each item
|clearpoke
|poke|p1|Primarina, L50, F|
|poke|p1|Gothitelle, L50, M|
|poke|p1|Lapras, L50, M|
|poke|p1|Dragapult, L50, F|
|poke|p1|Incineroar, L50, M|
|poke|p1|Weezing, L50, F|
|poke|p2|Incineroar, L50, M|
|poke|p2|Amoonguss, L50, M|
|poke|p2|Gholdengo, L50|
|poke|p2|Porygon2, L50|
|poke|p2|Ursaluna-Bloodmoon, L50, M|
|poke|p2|Altaria, L50, F|
|teampreview|4
|showteam|p1|Primarina||CovertCloak|LiquidVoice|Protect,HyperVoice,PerishSong,Encore|||F|||50|,,,,,Dark]Gothitelle||SitrusBerry|ShadowTag|Protect,FakeOut,Psychic,TrickRoom|||M|||50|,,,,,Dark]Lapras||Leftovers|WaterAbsorb|Protect,MuddyWater,DragonCheer,PerishSong|||M|||50|,,,,,Grass]Dragapult||ChoiceBand|ClearBody|DragonDarts,TeraBlast,PhantomForce,Uturn|||F|||50|,,,,,Ghost]Incineroar||SafetyGoggles|Intimidate|FakeOut,FlareBlitz,PartingShot,Protect|||M|||50|,,,,,Bug]Weezing||AirBalloon|NeutralizingGas|Protect,SludgeBomb,Taunt,WillOWisp|||F|||50|,,,,,Dark
|showteam|p2|Incineroar||SitrusBerry|Intimidate|FakeOut,FlareBlitz,PartingShot,KnockOff|||M|||50|,,,,,Grass]Amoonguss||MentalHerb|Regenerator|Spore,RagePowder,PollenPuff,Protect|||M|||50|,,,,,Water]Gholdengo||LifeOrb|GoodasGold|MakeItRain,ShadowBall,NastyPlot,Protect||||||50|,,,,,Steel]Porygon2||Eviolite|Download|TeraBlast,IceBeam,TrickRoom,Recover||||||50|,,,,,Fighting]Ursaluna-Bloodmoon||AssaultVest|MindsEye|BloodMoon,HyperVoice,EarthPower,VacuumWave|||M|||50|,,,,,Normal]Altaria||CovertCloak|CloudNine|WillOWisp,Tailwind,BreakingSwipe,Protect|||F|||50|,,,,,Steel
|inactive|Battle timer is ON: inactive players will automatically lose when time's up. (requested by caluuben)
|
|t:|1757708430
|teamsize|p1|4
|teamsize|p2|4
|start
|switch|p1a: Dragapult|Dragapult, L50, F|100/100
|switch|p1b: Primarina|Primarina, L50, F|100/100
|switch|p2a: Gholdengo|Gholdengo, L50|100/100
|switch|p2b: Incineroar|Incineroar, L50, M|100/100
|-ability|p2b: Incineroar|Intimidate|boost
|-fail|p1a: Dragapult|unboost|[from] ability: Clear Body|[of] p1a: Dragapult
|-unboost|p1b: Primarina|atk|1
|turn|1
|inactive|detoxfilms has 30 seconds left.
|inactive|detoxfilms has 20 seconds left.
|
|t:|1757708468
|switch|p1b: Incineroar|Incineroar, L50, M|100/100
|-ability|p1b: Incineroar|Intimidate|boost
|-unboost|p2a: Gholdengo|atk|1
|-unboost|p2b: Incineroar|atk|1
|-terastallize|p1a: Dragapult|Ghost
|-terastallize|p2a: Gholdengo|Steel
|move|p1a: Dragapult|Phantom Force||[still]
|-prepare|p1a: Dragapult|Phantom Force
|move|p2a: Gholdengo|Make It Rain|p1b: Incineroar|[spread] p1b
|-miss|p2a: Gholdengo|p1a: Dragapult
|-resisted|p1b: Incineroar
|-damage|p1b: Incineroar|59/100
|-unboost|p2a: Gholdengo|spa|1
|-damage|p2a: Gholdengo|91/100|[from] item: Life Orb
|move|p2b: Incineroar|Knock Off|p1a: Dragapult|[miss]
|-miss|p2b: Incineroar|p1a: Dragapult
|
|upkeep
|turn|2
|inactive|caluuben has 30 seconds left.
|
|t:|1757708495
|switch|p2a: Amoonguss|Amoonguss, L50, M, shiny|100/100
|move|p1b: Incineroar|Fake Out|p2b: Incineroar
|-crit|p2b: Incineroar
|-damage|p2b: Incineroar|87/100
|move|p1a: Dragapult|Phantom Force|p2a: Amoonguss|[from] lockedmove
|-damage|p2a: Amoonguss|30/100
|cant|p2b: Incineroar|flinch
|
|upkeep
|turn|3
|
|t:|1757708509
|move|p2a: Amoonguss|Protect|p2a: Amoonguss
|-singleturn|p2a: Amoonguss|Protect
|move|p1a: Dragapult|Phantom Force||[still]
|-prepare|p1a: Dragapult|Phantom Force
|move|p1b: Incineroar|Parting Shot|p2b: Incineroar
|-unboost|p2b: Incineroar|atk|1
|-unboost|p2b: Incineroar|spa|1
|
|t:|1757708516
|switch|p1b: Gothitelle|Gothitelle, L50, M|100/100|[from] Parting Shot
|move|p2b: Incineroar|Knock Off|p1a: Dragapult|[miss]
|-miss|p2b: Incineroar|p1a: Dragapult
|
|upkeep
|turn|4
|
|t:|1757708527
|move|p1b: Gothitelle|Fake Out|p2b: Incineroar
|-damage|p2b: Incineroar|82/100
|move|p1a: Dragapult|Phantom Force|p2a: Amoonguss|[from] lockedmove
|-damage|p2a: Amoonguss|0 fnt
|faint|p2a: Amoonguss
|cant|p2b: Incineroar|flinch
|
|upkeep
|
|t:|1757708532
|switch|p2a: Ursaluna|Ursaluna-Bloodmoon, L50, M|100/100
|turn|5
|
|t:|1757708548
|switch|p1a: Primarina|Primarina, L50, F|100/100
|switch|p1b: Incineroar|Incineroar, L50, M|59/100
|-ability|p1b: Incineroar|Intimidate|boost
|-unboost|p2a: Ursaluna|atk|1
|-unboost|p2b: Incineroar|atk|1
|move|p2b: Incineroar|Knock Off|p1b: Incineroar
|-resisted|p1b: Incineroar
|-damage|p1b: Incineroar|53/100
|-enditem|p1b: Incineroar|Safety Goggles|[from] move: Knock Off|[of] p2b: Incineroar
|move|p2a: Ursaluna|Hyper Voice|p1a: Primarina|[spread] p1a,p1b
|-damage|p1a: Primarina|76/100
|-damage|p1b: Incineroar|17/100
|
|upkeep
|turn|6
|inactive|detoxfilms has 30 seconds left.
|inactive|caluuben has 30 seconds left.
|
|t:|1757708578
|switch|p2b: Gholdengo|Gholdengo, L50, tera:Steel|91/100
|move|p2a: Ursaluna|Vacuum Wave|p1b: Incineroar
|-supereffective|p1b: Incineroar
|-damage|p1b: Incineroar|0 fnt
|faint|p1b: Incineroar
|move|p1a: Primarina|Perish Song|p1a: Primarina
|-start|p1a: Primarina|perish3|[silent]
|-start|p2a: Ursaluna|perish3|[silent]
|-immune|p2b: Gholdengo|[from] ability: Good as Gold
|-fieldactivate|move: Perish Song
|
|-start|p1a: Primarina|perish3
|-start|p2a: Ursaluna|perish3
|upkeep
|
|t:|1757708587
|switch|p1b: Dragapult|Dragapult, L50, F, tera:Ghost|100/100
|turn|7
|
|t:|1757708607
|switch|p2a: Incineroar|Incineroar, L50, M|82/100
|-ability|p2a: Incineroar|Intimidate|boost
|-unboost|p1a: Primarina|atk|1
|-fail|p1b: Dragapult|unboost|[from] ability: Clear Body|[of] p1b: Dragapult
|move|p1b: Dragapult|U-turn|p2a: Incineroar
|-damage|p2a: Incineroar|51/100
|
|t:|1757708613
|switch|p1b: Gothitelle|Gothitelle, L50, M|100/100|[from] U-turn
|move|p2b: Gholdengo|Shadow Ball|p1b: Gothitelle
|-supereffective|p1b: Gothitelle
|-damage|p1b: Gothitelle|11/100
|-enditem|p1b: Gothitelle|Sitrus Berry|[eat]
|-heal|p1b: Gothitelle|36/100|[from] item: Sitrus Berry
|-damage|p2b: Gholdengo|81/100|[from] item: Life Orb
|move|p1a: Primarina|Hyper Voice|p2b: Gholdengo|[spread] p2a,p2b
|-supereffective|p2a: Incineroar
|-damage|p2a: Incineroar|3/100
|-damage|p2b: Gholdengo|48/100
|-enditem|p2a: Incineroar|Sitrus Berry|[eat]
|-heal|p2a: Incineroar|27/100|[from] item: Sitrus Berry
|
|-start|p1a: Primarina|perish2
|upkeep
|turn|8
|
|t:|1757708633
|move|p2a: Incineroar|Fake Out|p1a: Primarina
|-damage|p1a: Primarina|61/100
|move|p1b: Gothitelle|Fake Out|p2b: Gholdengo
|-resisted|p2b: Gholdengo
|-damage|p2b: Gholdengo|45/100
|cant|p2b: Gholdengo|flinch
|move|p1a: Primarina|Hyper Voice|p2b: Gholdengo|[spread] p2a,p2b
|-supereffective|p2a: Incineroar
|-damage|p2a: Incineroar|0 fnt
|-damage|p2b: Gholdengo|9/100
|faint|p2a: Incineroar
|
|-start|p1a: Primarina|perish1
|upkeep
|
|t:|1757708642
|switch|p2a: Ursaluna|Ursaluna-Bloodmoon, L50, M|100/100
|turn|9
|
|t:|1757708652
|move|p2b: Gholdengo|Make It Rain|p1b: Gothitelle|[spread] p1a,p1b
|-damage|p1a: Primarina|6/100
|-damage|p1b: Gothitelle|0 fnt
|-unboost|p2b: Gholdengo|spa|1
|faint|p1b: Gothitelle
|-damage|p2b: Gholdengo|0 fnt|[from] item: Life Orb
|faint|p2b: Gholdengo
|move|p1a: Primarina|Hyper Voice|p2a: Ursaluna
|-supereffective|p2a: Ursaluna
|-damage|p2a: Ursaluna|41/100
|move|p2a: Ursaluna|Hyper Voice|p1a: Primarina
|-damage|p1a: Primarina|0 fnt
|faint|p1a: Primarina
|
|upkeep
|
|t:|1757708661
|switch|p1b: Dragapult|Dragapult, L50, F, tera:Ghost|100/100
|turn|10
|
|t:|1757708670
|move|p1b: Dragapult|Dragon Darts|p2a: Ursaluna
|-damage|p2a: Ursaluna|15/100
|-anim|p1b: Dragapult|Dragon Darts|p2a: Ursaluna
|-damage|p2a: Ursaluna|0 fnt
|faint|p2a: Ursaluna
|
|win|detoxfilms
||detoxfilms is ready for game 3.
||caluuben is ready for game 3.
|uhtml|next|Next: Game 3 of 3
