|j|☆glofer
|j|☆vamzam
|html|glofervamzam    
|uhtml|bestof|Game 3 of a best-of-3
|t:|1785604415
|gametype|doubles
|player|p1|glofer|blackbelt|1060
|player|p2|vamzam|2|1206
|gen|9
|tier|[Gen 9 Champions] VGC 2026 Reg M-B (Bo3)
|rated|
|rule|Species Clause: Limit one of each Pokémon
|rule|Item Clause: Limit 1 of each item
|clearpoke
|poke|p1|Bellibolt, L50, F|
|poke|p1|Raichu, L50, M|
|poke|p1|Manectric, L50, F|
|poke|p1|Eelektross, L50, F|
|poke|p1|Jolteon, L50, M|
|poke|p1|Emolga, L50, F|
|poke|p2|Arcanine-Hisui, L50, F|
|poke|p2|Whimsicott, L50, F|
|poke|p2|Sneasler, L50, M|
|poke|p2|Garchomp, L50, F|
|poke|p2|Kingambit, L50, M|
|poke|p2|Froslass, L50, F, shiny|
|teampreview|4
|showteam|p1|Bellibolt||Leftovers|Electromorphosis|ParabolicCharge,AcidSpray,Soak,Protect|Modest||F|||50|]Raichu||RaichuniteY|LightningRod|ZapCannon,FocusBlast,FakeOut,Protect|Timid||M|||50|]Manectric||Manectite|LightningRod|VoltSwitch,Flamethrower,Snarl,Protect|Timid||F|||50|]Eelektross||LifeOrb|Levitate|SupercellSlam,BrickBreak,Bulldoze,Coil|Brave||F|||50|]Jolteon||ExpertBelt|VoltAbsorb|Discharge,ShadowBall,AlluringVoice,Protect|Timid||M|||50|]Emolga||FocusSash|MotorDrive|Electroweb,AirSlash,EnergyBall,Encore|Timid||F|||50|
|showteam|p2|Arcanine-Hisui||FocusSash|RockHead|FlareBlitz,RockSlide,ExtremeSpeed,Protect|Impish||F|||50|]Whimsicott||OccaBerry|Prankster|EnergyBall,Encore,Tailwind,Moonblast|Modest||F|||50|]Sneasler||QuickClaw|PoisonTouch|FakeOut,DireClaw,CloseCombat,ThroatChop|Jolly||M|||50|]Garchomp||LifeOrb|RoughSkin|DragonClaw,Earthquake,RockSlide,Protect|Jolly||F|||50|]Kingambit||BlackGlasses|Defiant|KowtowCleave,IronHead,SuckerPunch,Protect|Adamant||M|||50|]Froslass||Froslassite|CursedBody|Blizzard,Thunderbolt,Protect,ShadowBall|Modest||F|||50|
|
|t:|1785604427
|teamsize|p1|4
|teamsize|p2|4
|start
|switch|p1a: Raichu|Raichu, L50, M|100/100
|switch|p1b: Emolga|Emolga, L50, F|100/100
|switch|p2a: Sneasler|Sneasler, L50, M|100/100
|switch|p2b: Whimsicott|Whimsicott, L50, F|100/100
|turn|1
|
|t:|1785604449
|detailschange|p1a: Raichu|Raichu-Mega-Y, L50, M
|-mega|p1a: Raichu|Raichu|Raichunite Y
|move|p1a: Raichu|Fake Out|p2a: Sneasler
|-damage|p2a: Sneasler|84/100
|cant|p2a: Sneasler|flinch
|move|p2b: Whimsicott|Tailwind|p2b: Whimsicott
|-sidestart|p2: vamzam|move: Tailwind
|move|p1b: Emolga|Encore|p2b: Whimsicott
|-start|p2b: Whimsicott|Encore
|
|upkeep
|turn|2
|
|t:|1785604467
|switch|p2b: Garchomp|Garchomp, L50, F|100/100
|move|p1a: Raichu|Protect|p1a: Raichu
|-singleturn|p1a: Raichu|Protect
|move|p2a: Sneasler|Close Combat|p1a: Raichu
|-activate|p1a: Raichu|move: Protect
|move|p1b: Emolga|Air Slash|p2a: Sneasler
|-supereffective|p2a: Sneasler|1
|-damage|p2a: Sneasler|7/100
|
|upkeep
|turn|3
|
|t:|1785604485
|switch|p1a: Eelektross|Eelektross, L50, F|100/100
|move|p2a: Sneasler|Close Combat|p1a: Eelektross
|-damage|p1a: Eelektross|44/100
|-unboost|p2a: Sneasler|def|1
|-unboost|p2a: Sneasler|spd|1
|move|p2b: Garchomp|Rock Slide|p1b: Emolga|[spread] p1a,p1b
|-supereffective|p1b: Emolga|1
|-damage|p1a: Eelektross|24/100
|-enditem|p1b: Emolga|Focus Sash
|-damage|p1b: Emolga|1/100
|-damage|p2b: Garchomp|90/100|[from] item: Life Orb
|move|p1b: Emolga|Air Slash|p2b: Garchomp
|-damage|p2b: Garchomp|65/100
|
|upkeep
|turn|4
|
|t:|1785604513
|move|p2a: Sneasler|Dire Claw|p1a: Eelektross
|-damage|p1a: Eelektross|0 fnt
|faint|p1a: Eelektross
|move|p2b: Garchomp|Dragon Claw|p1b: Emolga
|-damage|p1b: Emolga|0 fnt
|faint|p1b: Emolga
|-damage|p2b: Garchomp|55/100|[from] item: Life Orb
|
|-sideend|p2: vamzam|move: Tailwind
|upkeep
|
|t:|1785604516
|switch|p1b: Raichu|Raichu-Mega-Y, L50, M|100/100
|switch|p1a: Jolteon|Jolteon, L50, M|100/100
|turn|5
|
|t:|1785604547
|move|p2b: Garchomp|Protect|p2b: Garchomp
|-singleturn|p2b: Garchomp|Protect
|move|p1a: Jolteon|Alluring Voice|p2b: Garchomp
|-activate|p2b: Garchomp|move: Protect
|move|p1b: Raichu|Zap Cannon|p2a: Sneasler
|-damage|p2a: Sneasler|0 fnt
|faint|p2a: Sneasler
|
|upkeep
|
|t:|1785604556
|switch|p2a: Whimsicott|Whimsicott, L50, F|100/100
|turn|6
|
|t:|1785604567
|move|p1b: Raichu|Protect|p1b: Raichu
|-singleturn|p1b: Raichu|Protect
|move|p2a: Whimsicott|Tailwind|p2a: Whimsicott
|-sidestart|p2: vamzam|move: Tailwind
|move|p2b: Garchomp|Earthquake|p1a: Jolteon|[spread] p2a,p1a
|-activate|p1b: Raichu|move: Protect
|-resisted|p2a: Whimsicott|1
|-supereffective|p1a: Jolteon|1
|-damage|p2a: Whimsicott|67/100
|-damage|p1a: Jolteon|0 fnt
|faint|p1a: Jolteon
|-damage|p2b: Garchomp|45/100|[from] item: Life Orb
|
|upkeep
|turn|7
|-message|glofer forfeited.
|raw|glofer's rating: 1060 → 1049(-11 for losing)
|raw|vamzam's rating: 1206 → 1221(+15 for winning)
|
|win|vamzam
|l|☆glofer
|player|p1|
