|j|☆HeyEllie
|j|☆cbdtoilet
|html|HeyElliecbdtoilet    
|uhtml|bestof|Game 1 of a best-of-3
|t:|1784532328
|gametype|doubles
|player|p1|HeyEllie|diantha|1000
|player|p2|cbdtoilet|170|1035
|gen|9
|tier|[Gen 9 Champions] VGC 2026 Reg M-B (Bo3)
|rated|
|rule|Species Clause: Limit one of each Pokémon
|rule|Item Clause: Limit 1 of each item
|clearpoke
|poke|p1|Talonflame, L50, F|
|poke|p1|Garchomp, L50, F|
|poke|p1|Basculegion, L50, M|
|poke|p1|Annihilape, L50, M|
|poke|p1|Maushold, L50|
|poke|p1|Floette-Eternal, L50, F|
|poke|p2|Gallade, L50, M|
|poke|p2|Farigiraf, L50, M|
|poke|p2|Clefable, L50, M|
|poke|p2|Espathra, L50, M|
|poke|p2|Torkoal, L50, M|
|poke|p2|Grimmsnarl, L50, M|
|teampreview|4
|showteam|p1|Talonflame||SharpBeak|GaleWings|DualWingbeat,Tailwind,Protect,WillOWisp|Jolly||F|||50|]Garchomp||LifeOrb|RoughSkin|Earthquake,RockSlide,DragonClaw,Protect|Jolly||F|||50|]Basculegion||MysticWater|Adaptability|WaveCrash,LastRespects,AquaJet,Protect|Jolly||M|||50|]Annihilape||SitrusBerry|Defiant|RageFist,DrainPunch,Protect,BulkUp|Adamant||M|||50|]Maushold||FocusSash|FriendGuard|BeatUp,FollowMe,Protect,Taunt|Jolly|||||50|]Floette-Eternal||Floettite|FlowerVeil|LightofRuin,Moonblast,DazzlingGleam,Protect|Modest||F|||50|
|showteam|p2|Gallade||Galladite|Justified|DrainPunch,ShadowSneak,RockSlide,Protect|Adamant||M|||50|]Farigiraf||SitrusBerry|ArmorTail|AllySwitch,Psychic,HelpingHand,BeatUp|Relaxed||M|||50|]Clefable||Leftovers|MagicGuard|FollowMe,LifeDew,CosmicPower,BatonPass|Bold||M|||50|]Espathra||MentalHerb|SpeedBoost|BatonPass,CalmMind,Protect,ExpandingForce|Bold||M|||50|]Torkoal||Charcoal|Drought|Eruption,Protect,SolarBeam,WeatherBall|Quiet||M|||50|]Grimmsnarl||LightClay|Prankster|Reflect,LightScreen,PartingShot,MistyTerrain|Careful||M|||50|
|inactive|Battle timer is ON: inactive players will automatically lose when time's up. (requested by HeyEllie)
|
|t:|1784532344
|teamsize|p1|4
|teamsize|p2|4
|start
|switch|p1a: Garchomp|Garchomp, L50, F|100/100
|switch|p1b: Talonflame|Talonflame, L50, F|100/100
|switch|p2a: Grimmsnarl|Grimmsnarl, L50, M|100/100
|switch|p2b: Clefable|Clefable, L50, M|100/100
|turn|1
|
|t:|1784532357
|move|p1b: Talonflame|Dual Wingbeat|p2b: Clefable
|-damage|p2b: Clefable|85/100
|-damage|p2b: Clefable|70/100
|-hitcount|p2b: Clefable|2
|move|p2a: Grimmsnarl|Reflect|p2a: Grimmsnarl
|-sidestart|p2: cbdtoilet|Reflect
|move|p1a: Garchomp|Earthquake|p2a: Grimmsnarl|[spread] p2a,p2b
|-immune|p1b: Talonflame
|-damage|p2a: Grimmsnarl|66/100
|-damage|p2b: Clefable|42/100
|-damage|p1a: Garchomp|90/100|[from] item: Life Orb
|move|p2b: Clefable|Cosmic Power|p2b: Clefable
|-boost|p2b: Clefable|def|1
|-boost|p2b: Clefable|spd|1
|
|-heal|p2b: Clefable|48/100|[from] item: Leftovers
|upkeep
|turn|2
|
|t:|1784532376
|move|p1b: Talonflame|Dual Wingbeat|p2b: Clefable
|-damage|p2b: Clefable|40/100
|-damage|p2b: Clefable|34/100
|-hitcount|p2b: Clefable|2
|move|p2a: Grimmsnarl|Parting Shot|p1a: Garchomp
|-unboost|p1a: Garchomp|atk|1
|-unboost|p1a: Garchomp|spa|1
|
|t:|1784532383
|switch|p2a: Farigiraf|Farigiraf, L50, M|100/100|[from] Parting Shot
|move|p1a: Garchomp|Earthquake|p2a: Farigiraf|[spread] p2a,p2b
|-immune|p1b: Talonflame
|-damage|p2a: Farigiraf|82/100
|-damage|p2b: Clefable|22/100
|-damage|p1a: Garchomp|80/100|[from] item: Life Orb
|move|p2b: Clefable|Cosmic Power|p2b: Clefable
|-boost|p2b: Clefable|def|1
|-boost|p2b: Clefable|spd|1
|
|-heal|p2b: Clefable|28/100|[from] item: Leftovers
|upkeep
|turn|3
|
|t:|1784532393
|move|p1b: Talonflame|Will-O-Wisp|p2a: Farigiraf
|-status|p2a: Farigiraf|brn
|move|p1a: Garchomp|Earthquake|p2a: Farigiraf|[spread] p2a,p2b
|-immune|p1b: Talonflame
|-damage|p2a: Farigiraf|64/100 brn
|-damage|p2b: Clefable|18/100
|-damage|p1a: Garchomp|70/100|[from] item: Life Orb
|move|p2b: Clefable|Life Dew|p2b: Clefable|[spread] p2a,p2b
|-heal|p2a: Farigiraf|89/100 brn
|-heal|p2b: Clefable|44/100
|move|p2a: Farigiraf|Psychic|p1b: Talonflame
|-damage|p1b: Talonflame|49/100
|
|-heal|p2b: Clefable|50/100y|[from] item: Leftovers
|-damage|p2a: Farigiraf|83/100 brn|[from] brn
|upkeep
|turn|4
|
|t:|1784532420
|switch|p1a: Maushold|Maushold, L50|100/100
|move|p2a: Farigiraf|Ally Switch|p2a: Farigiraf
|swap|p2a: Farigiraf|1|[from] move: Ally Switch
|move|p1b: Talonflame|Will-O-Wisp|p2b: Farigiraf
|-fail|p2b: Farigiraf|brn
|move|p2a: Clefable|Cosmic Power|p2a: Clefable
|-boost|p2a: Clefable|def|1
|-boost|p2a: Clefable|spd|1
|
|-heal|p2a: Clefable|55/100|[from] item: Leftovers
|-damage|p2b: Farigiraf|77/100 brn|[from] brn
|upkeep
|turn|5
|inactive|HeyEllie has 30 seconds left.
|inactive|cbdtoilet has 30 seconds left.
|
|t:|1784532448
|move|p1b: Talonflame|Dual Wingbeat|p2b: Farigiraf
|-damage|p2b: Farigiraf|67/100 brn
|-damage|p2b: Farigiraf|57/100 brn
|-hitcount|p2b: Farigiraf|2
|move|p1a: Maushold|Taunt|p2a: Clefable
|-start|p2a: Clefable|move: Taunt
|cant|p2a: Clefable|move: Taunt|Cosmic Power
|move|p2b: Farigiraf|Psychic|p1a: Maushold
|-damage|p1a: Maushold|60/100
|
|-heal|p2a: Clefable|61/100|[from] item: Leftovers
|-damage|p2b: Farigiraf|51/100 brn|[from] brn
|upkeep
|turn|6
|inactive|HeyEllie has 30 seconds left.
|inactive|cbdtoilet has 30 seconds left.
|
|t:|1784532480
|move|p2b: Farigiraf|Ally Switch|p2b: Farigiraf
|swap|p2b: Farigiraf|0|[from] move: Ally Switch
|move|p1b: Talonflame|Will-O-Wisp|p2a: Farigiraf
|-fail|p2a: Farigiraf|brn
|move|p1a: Maushold|Taunt||[still]
|-fail|p1a: Maushold
|-activate|p2b: Clefable|move: Struggle
|move|p2b: Clefable|Struggle|p1a: Maushold
|-damage|p1a: Maushold|50/100g
|-damage|p2b: Clefable|36/100|[from] recoil
|
|-heal|p2b: Clefable|42/100|[from] item: Leftovers
|-damage|p2a: Farigiraf|45/100 brn|[from] brn
|upkeep
|-enditem|p2a: Farigiraf|Sitrus Berry|[eat]
|-heal|p2a: Farigiraf|70/100 brn|[from] item: Sitrus Berry
|turn|7
|inactive|cbdtoilet has 30 seconds left.
|
|t:|1784532509
|move|p1b: Talonflame|Will-O-Wisp|p2b: Clefable
|-status|p2b: Clefable|brn
|move|p1a: Maushold|Taunt|p2a: Farigiraf
|-start|p2a: Farigiraf|move: Taunt
|-activate|p2b: Clefable|move: Struggle
|move|p2b: Clefable|Struggle|p1b: Talonflame
|-damage|p1b: Talonflame|44/100
|-damage|p2b: Clefable|17/100 brn|[from] recoil
|move|p2a: Farigiraf|Psychic|p1a: Maushold
|-damage|p1a: Maushold|5/100
|-unboost|p1a: Maushold|spd|1
|
|-heal|p2b: Clefable|23/100 brn|[from] item: Leftovers
|-damage|p2a: Farigiraf|63/100 brn|[from] brn
|-end|p2b: Clefable|move: Taunt
|upkeep
|turn|8
|inactive|HeyEllie has 30 seconds left.
|
|t:|1784532543
|move|p1b: Talonflame|Dual Wingbeat|p2b: Clefable
|-damage|p2b: Clefable|18/100 brn
|-damage|p2b: Clefable|14/100 brn
|-hitcount|p2b: Clefable|2
|move|p1a: Maushold|Taunt|p2b: Clefable
|-start|p2b: Clefable|move: Taunt
|cant|p2b: Clefable|move: Taunt|Baton Pass
|move|p2a: Farigiraf|Beat Up|p2b: Clefable
|-resisted|p2b: Clefable|1
|-damage|p2b: Clefable|13/100 brn
|-resisted|p2b: Clefable|1
|-damage|p2b: Clefable|13/100 brn
|-resisted|p2b: Clefable|1
|-damage|p2b: Clefable|12/100 brn
|-hitcount|p2b: Clefable|3
|
|-heal|p2b: Clefable|18/100 brn|[from] item: Leftovers
|-damage|p2a: Farigiraf|57/100 brn|[from] brn
|-sideend|p2: cbdtoilet|Reflect
|upkeep
|turn|9
|
|t:|1784532567
|switch|p2b: Grimmsnarl|Grimmsnarl, L50, M|66/100
|move|p1b: Talonflame|Dual Wingbeat|p2b: Grimmsnarl
|-damage|p2b: Grimmsnarl|48/100
|-damage|p2b: Grimmsnarl|30/100
|-hitcount|p2b: Grimmsnarl|2
|move|p1a: Maushold|Beat Up|p2a: Farigiraf
|-supereffective|p2a: Farigiraf|1
|-damage|p2a: Farigiraf|53/100 brn
|-supereffective|p2a: Farigiraf|1
|-damage|p2a: Farigiraf|48/100 brn
|-supereffective|p2a: Farigiraf|1
|-damage|p2a: Farigiraf|42/100 brn
|-supereffective|p2a: Farigiraf|1
|-damage|p2a: Farigiraf|37/100 brn
|-hitcount|p2a: Farigiraf|4
|move|p2a: Farigiraf|Psychic|p1a: Maushold
|-damage|p1a: Maushold|0 fnt
|faint|p1a: Maushold
|
|-damage|p2a: Farigiraf|31/100 brn|[from] brn
|-end|p2a: Farigiraf|move: Taunt
|upkeep
|
|t:|1784532571
|switch|p1a: Garchomp|Garchomp, L50, F|70/100
|turn|10
|
|t:|1784532591
|move|p2b: Grimmsnarl|Reflect|p2b: Grimmsnarl
|-sidestart|p2: cbdtoilet|Reflect
|move|p1b: Talonflame|Dual Wingbeat|p2a: Farigiraf
|-damage|p2a: Farigiraf|22/100 brn
|-crit|p2a: Farigiraf
|-damage|p2a: Farigiraf|1/100 brn
|-hitcount|p2a: Farigiraf|2
|move|p1a: Garchomp|Earthquake|p2b: Grimmsnarl|[spread] p2a,p2b
|-immune|p1b: Talonflame
|-damage|p2a: Farigiraf|0 fnt
|-damage|p2b: Grimmsnarl|0 fnt
|faint|p2a: Farigiraf
|faint|p2b: Grimmsnarl
|-damage|p1a: Garchomp|61/100|[from] item: Life Orb
|
|upkeep
|
|t:|1784532595
|switch|p2b: Clefable|Clefable, L50, M|18/100 brn
|switch|p2a: Gallade|Gallade, L50, M|100/100
|turn|11
|inactive|cbdtoilet has 30 seconds left.
|inactive|cbdtoilet has 20 seconds left.
|inactive|cbdtoilet has 15 seconds left.
|inactive|cbdtoilet has 10 seconds left.
|inactive|cbdtoilet has 5 seconds left.
|
|t:|1784532650
|move|p2b: Clefable|Follow Me|p2b: Clefable
|-singleturn|p2b: Clefable|move: Follow Me
|move|p1b: Talonflame|Dual Wingbeat|p2b: Clefable
|-damage|p2b: Clefable|9/100 brn
|-damage|p2b: Clefable|0 fnt
|faint|p2b: Clefable
|-hitcount|p2: Clefable|2
|move|p1a: Garchomp|Earthquake|p2a: Gallade|[spread] p2a
|-immune|p1b: Talonflame
|-damage|p2a: Gallade|52/100
|-damage|p1a: Garchomp|51/100|[from] item: Life Orb
|move|p2a: Gallade|Drain Punch|p1a: Garchomp
|-damage|p1a: Garchomp|7/100
|-heal|p2a: Gallade|75/100|[from] drain|[of] p1a: Garchomp
|-damage|p2a: Gallade|63/100|[from] ability: Rough Skin|[of] p1a: Garchomp
|
|upkeep
|turn|12
|inactive|cbdtoilet has 30 seconds left.
|inactive|cbdtoilet has 20 seconds left.
|inactive|cbdtoilet has 15 seconds left.
|inactive|cbdtoilet has 10 seconds left.
|inactive|cbdtoilet has 5 seconds left.
|
|t:|1784532705
|move|p1b: Talonflame|Dual Wingbeat|p2a: Gallade
|-supereffective|p2a: Gallade|1
|-crit|p2a: Gallade
|-damage|p2a: Gallade|0 fnt
|faint|p2a: Gallade
|-hitcount|p2: Gallade|1
|
|win|HeyEllie
