|j|☆chungoc
|j|☆importarcade
|html|chungocimportarcade    
|uhtml|bestof|Game 3 of a best-of-3
|t:|1784690270
|gametype|doubles
|player|p1|chungoc|birdkeeper|1145
|player|p2|importarcade|ethan|1067
|gen|9
|tier|[Gen 9 Champions] VGC 2026 Reg M-B (Bo3)
|rated|
|rule|Species Clause: Limit one of each Pokémon
|rule|Item Clause: Limit 1 of each item
|clearpoke
|poke|p1|Tyranitar, L50, M, shiny|
|poke|p1|Whimsicott, L50, F|
|poke|p1|Excadrill, L50, M|
|poke|p1|Rotom-Wash, L50|
|poke|p1|Hydreigon, L50, M|
|poke|p1|Delphox, L50, F|
|poke|p2|Sneasler, L50, M|
|poke|p2|Blastoise, L50, M|
|poke|p2|Kingambit, L50, M|
|poke|p2|Incineroar, L50, M|
|poke|p2|Delphox, L50, F|
|poke|p2|Sinistcha, L50|
|teampreview|4
|showteam|p1|Tyranitar||Tyranitarite|SandStream|RockSlide,KnockOff,Protect,LowKick|Adamant||M|||50|]Whimsicott||FocusSash|Prankster|Moonblast,Tailwind,Encore,Taunt|Timid||F|||50|]Excadrill||LifeOrb|SandRush|HighHorsepower,IronHead,RockSlide,Protect|Adamant||M|||50|]Rotom-Wash||SitrusBerry|Levitate|Protect,WillOWisp,Thunderbolt,HydroPump|Modest|||||50|]Hydreigon||RoseliBerry|Levitate|Protect,DarkPulse,DracoMeteor,FlashCannon|Modest||M|||50|]Delphox||Delphoxite|Blaze|HeatWave,Psychic,Protect,DazzlingGleam|Modest||F|||50|
|showteam|p2|Sneasler||FocusSash|PoisonTouch|PoisonJab,CloseCombat,FakeOut,QuickGuard|Jolly||M|||50|]Blastoise||Blastoisinite|RainDish|DarkPulse,WaterSpout,ShellSmash,Protect|Modest||M|||50|]Kingambit||BlackGlasses|Defiant|KowtowCleave,SuckerPunch,SwordsDance,Protect|Adamant||M|||50|]Incineroar||SitrusBerry|Intimidate|FlareBlitz,HelpingHand,PartingShot,FakeOut|Careful||M|||50|]Delphox||Delphoxite|Blaze|HeatWave,NastyPlot,Psyshock,Protect|Modest||F|||50|]Sinistcha||KasibBerry|Hospitality|MatchaGotcha,RagePowder,TrickRoom,Protect|Bold|||||50|
|
|t:|1784690294
|teamsize|p1|4
|teamsize|p2|4
|start
|switch|p1a: Delphox|Delphox, L50, F|100/100
|switch|p1b: Rotom|Rotom-Wash, L50|100/100
|switch|p2a: Sinistcha|Sinistcha, L50|100/100
|switch|p2b: Sneasler|Sneasler, L50, M|100/100
|turn|1
|
|t:|1784690313
|move|p1a: Delphox|Protect|p1a: Delphox
|-singleturn|p1a: Delphox|Protect
|move|p1b: Rotom|Protect|p1b: Rotom
|-singleturn|p1b: Rotom|Protect
|move|p2b: Sneasler|Fake Out|p1a: Delphox
|-activate|p1a: Delphox|move: Protect
|move|p2a: Sinistcha|Matcha Gotcha|p1b: Rotom|[spread] 
|-activate|p1a: Delphox|move: Protect
|-activate|p1b: Rotom|move: Protect
|
|upkeep
|turn|2
|
|t:|1784690343
|detailschange|p1a: Delphox|Delphox-Mega, L50, F
|-mega|p1a: Delphox|Delphox|Delphoxite
|move|p2b: Sneasler|Close Combat|p1b: Rotom
|-damage|p1b: Rotom|12/100
|-unboost|p2b: Sneasler|def|1
|-unboost|p2b: Sneasler|spd|1
|-enditem|p1b: Rotom|Sitrus Berry|[eat]
|-heal|p1b: Rotom|37/100|[from] item: Sitrus Berry
|move|p1a: Delphox|Heat Wave|p2a: Sinistcha|[spread] p2a,p2b
|-supereffective|p2a: Sinistcha|1
|-damage|p2a: Sinistcha|7/100
|-damage|p2b: Sneasler|2/100
|move|p1b: Rotom|Thunderbolt|p2b: Sneasler
|-damage|p2b: Sneasler|0 fnt
|faint|p2b: Sneasler
|move|p2a: Sinistcha|Matcha Gotcha|p1b: Rotom|[spread] p1a,p1b
|-resisted|p1a: Delphox|1
|-supereffective|p1b: Rotom|1
|-damage|p1a: Delphox|86/100
|-heal|p2a: Sinistcha|13/100|[from] drain|[of] p1a: Delphox
|-damage|p1b: Rotom|0 fnt
|-heal|p2a: Sinistcha|26/100|[from] drain|[of] p1b: Rotom
|faint|p1b: Rotom
|
|upkeep
|
|t:|1784690372
|switch|p2b: Blastoise|Blastoise, L50, M|100/100
|switch|p1b: Excadrill|Excadrill, L50, M|100/100
|turn|3
|
|t:|1784690402
|detailschange|p2b: Blastoise|Blastoise-Mega, L50, M
|-mega|p2b: Blastoise|Blastoise|Blastoisinite
|move|p2a: Sinistcha|Protect|p2a: Sinistcha
|-singleturn|p2a: Sinistcha|Protect
|move|p1a: Delphox|Heat Wave|p2b: Blastoise|[spread] p2b
|-activate|p2a: Sinistcha|move: Protect
|-resisted|p2b: Blastoise|1
|-damage|p2b: Blastoise|74/100
|move|p1b: Excadrill|High Horsepower|p2b: Blastoise
|-damage|p2b: Blastoise|7/100
|-damage|p1b: Excadrill|90/100|[from] item: Life Orb
|move|p2b: Blastoise|Water Spout|p1a: Delphox|[spread] p1a,p1b
|-supereffective|p1a: Delphox|1
|-supereffective|p1b: Excadrill|1
|-damage|p1a: Delphox|77/100
|-damage|p1b: Excadrill|76/100
|
|upkeep
|turn|4
|
|t:|1784690441
|switch|p2a: Kingambit|Kingambit, L50, M|100/100
|move|p2b: Blastoise|Protect|p2b: Blastoise
|-singleturn|p2b: Blastoise|Protect
|move|p1a: Delphox|Heat Wave|p2a: Kingambit|[spread] p2a
|-activate|p2b: Blastoise|move: Protect
|-supereffective|p2a: Kingambit|1
|-damage|p2a: Kingambit|30/100
|move|p1b: Excadrill|Rock Slide|p2a: Kingambit|[spread] p2a
|-activate|p2b: Blastoise|move: Protect
|-resisted|p2a: Kingambit|1
|-damage|p2a: Kingambit|19/100
|-damage|p1b: Excadrill|66/100|[from] item: Life Orb
|
|upkeep
|turn|5
|
|t:|1784690472
|move|p2a: Kingambit|Sucker Punch|p1a: Delphox
|-supereffective|p1a: Delphox|1
|-damage|p1a: Delphox|0 fnt
|faint|p1a: Delphox
|move|p1b: Excadrill|Rock Slide|p2a: Kingambit|[spread] p2a,p2b
|-resisted|p2a: Kingambit|1
|-damage|p2a: Kingambit|8/100
|-damage|p2b: Blastoise|0 fnt
|faint|p2b: Blastoise
|-damage|p1b: Excadrill|56/100|[from] item: Life Orb
|
|upkeep
|
|t:|1784690483
|switch|p1a: Tyranitar|Tyranitar, L50, M, shiny|100/100
|switch|p2b: Sinistcha|Sinistcha, L50|26/100
|-weather|Sandstorm|[from] ability: Sand Stream|[of] p1a: Tyranitar
|-heal|p2a: Kingambit|33/100|[from] ability: Hospitality|[of] p2b: Sinistcha
|turn|6
|
|t:|1784690503
|move|p2a: Kingambit|Protect|p2a: Kingambit
|-singleturn|p2a: Kingambit|Protect
|move|p1b: Excadrill|Iron Head|p2b: Sinistcha
|-damage|p2b: Sinistcha|0 fnt
|faint|p2b: Sinistcha
|-damage|p1b: Excadrill|47/100|[from] item: Life Orb
|move|p1a: Tyranitar|Knock Off|p2a: Kingambit
|-activate|p2a: Kingambit|move: Protect
|
|-weather|Sandstorm|[upkeep]
|upkeep
|turn|7
|-message|importarcade forfeited.
|
|win|chungoc
|raw|chungoc's rating: 1145 → 1164(+19 for winning)
|raw|importarcade's rating: 1067 → 1051(-16 for losing)
|c|☆importarcade|ggs
|c|☆chungoc|gg
|l|☆chungoc
|player|p1|
