|j|☆hdhkhgf
|j|☆StarDoor01
|html|hdhkhgfStarDoor01    
|uhtml|bestof|Game 1 of a best-of-3
|t:|1785234595
|gametype|doubles
|player|p1|hdhkhgf|170|1000
|player|p2|StarDoor01|2|1107
|gen|9
|tier|[Gen 9 Champions] VGC 2026 Reg M-B (Bo3)
|rated|
|rule|Species Clause: Limit one of each Pokémon
|rule|Item Clause: Limit 1 of each item
|clearpoke
|poke|p1|Excadrill, L50, F|
|poke|p1|Staraptor, L50, F|
|poke|p1|Whimsicott, L50, M|
|poke|p1|Arcanine-Hisui, L50, F|
|poke|p1|Ninetales-Alola, L50, F|
|poke|p1|Basculegion, L50, M|
|poke|p2|Scovillain, L50, F|
|poke|p2|Sylveon, L50, F|
|poke|p2|Kingambit, L50, F|
|poke|p2|Lycanroc-Dusk, L50, F|
|poke|p2|Basculegion, L50, M|
|poke|p2|Metagross, L50|
|teampreview|4
|showteam|p1|Excadrill||Excadrite|SandRush|HighHorsepower,IronHead,Protect,RockSlide|Jolly||F|||50|]Staraptor||Staraptite|Intimidate|Roost,BraveBird,CloseCombat,Protect|Jolly||F|||50|]Whimsicott||OccaBerry|Prankster|Moonblast,Charm,LightScreen,Tailwind|Timid||M|||50|]Arcanine-Hisui||FocusSash|RockHead|HeadSmash,FlareBlitz,Protect,ExtremeSpeed|Jolly||F|||50|]Ninetales-Alola||NeverMeltIce|SnowWarning|Blizzard,FreezeDry,Protect,Disable|Timid||F|||50|]Basculegion||LifeOrb|Adaptability|AquaJet,LastRespects,WaveCrash,Protect|Serious||M|||50|
|showteam|p2|Scovillain||Scovillainite|Moody|GigaDrain,Overheat,RagePowder,Protect|Bold||F|||50|]Sylveon||FairyFeather|Pixilate|HyperVoice,HyperBeam,QuickAttack,Detect|Modest||F|||50|]Kingambit||BlackGlasses|Defiant|KowtowCleave,SuckerPunch,SwordsDance,Protect|Adamant||F|||50|]Lycanroc-Dusk||FocusSash|ToughClaws|CloseCombat,Accelerock,RockSlide,Protect|Adamant||F|||50|]Basculegion||SitrusBerry|Adaptability|WaveCrash,LastRespects,AquaJet,Protect|Adamant||M|||50|]Metagross||Metagrossite|ClearBody|IronHead,PsychicFangs,IcePunch,Protect|Jolly|||||50|
|
|t:|1785234661
|teamsize|p1|4
|teamsize|p2|4
|start
|switch|p1a: Whimsicott|Whimsicott, L50, M|100/100
|switch|p1b: Arcanine|Arcanine-Hisui, L50, F|100/100
|switch|p2a: Scovillain|Scovillain, L50, F|100/100
|switch|p2b: Sylveon|Sylveon, L50, F|100/100
|turn|1
|inactive|Battle timer is ON: inactive players will automatically lose when time's up. (requested by StarDoor01)
|inactive|hdhkhgf has 60 seconds left.
|inactive|StarDoor01 has 60 seconds left.
|inactive|StarDoor01 has 30 seconds left.
|
|t:|1785234727
|move|p2a: Scovillain|Protect|p2a: Scovillain
|-singleturn|p2a: Scovillain|Protect
|move|p1a: Whimsicott|Tailwind|p1a: Whimsicott
|-sidestart|p1: hdhkhgf|move: Tailwind
|move|p1b: Arcanine|Flare Blitz|p2a: Scovillain
|-activate|p2a: Scovillain|move: Protect
|move|p2b: Sylveon|Hyper Voice|p1b: Arcanine|[spread] p1a,p1b
|-resisted|p1b: Arcanine|1
|-damage|p1a: Whimsicott|46/100
|-damage|p1b: Arcanine|74/100
|
|-ability|p2a: Scovillain|Moody|boost
|-boost|p2a: Scovillain|atk|2
|-unboost|p2a: Scovillain|spd|1
|upkeep
|turn|2
|inactive|hdhkhgf has 30 seconds left.
|inactive|StarDoor01 has 30 seconds left.
|inactive|StarDoor01 has 20 seconds left.
|
|t:|1785234766
|detailschange|p2a: Scovillain|Scovillain-Mega, L50, F
|-mega|p2a: Scovillain|Scovillain|Scovillainite
|move|p1a: Whimsicott|Light Screen|p1a: Whimsicott
|-sidestart|p1: hdhkhgf|move: Light Screen
|move|p1b: Arcanine|Flare Blitz|p2a: Scovillain
|-damage|p2a: Scovillain|47/100
|-immune|p1b: Arcanine
|move|p2b: Sylveon|Hyper Voice|p1a: Whimsicott|[spread] p1a,p1b
|-resisted|p1b: Arcanine|1
|-damage|p1a: Whimsicott|7/100
|-damage|p1b: Arcanine|58/100
|move|p2a: Scovillain|Overheat|p1a: Whimsicott
|-supereffective|p1a: Whimsicott|1
|-enditem|p1a: Whimsicott|Occa Berry|[eat]
|-enditem|p1a: Whimsicott|Occa Berry|[weaken]
|-damage|p1a: Whimsicott|0 fnt
|-unboost|p2a: Scovillain|spa|2
|faint|p1a: Whimsicott
|
|upkeep
|
|t:|1785234785
|switch|p1a: Excadrill|Excadrill, L50, F|100/100
|turn|3
|
|t:|1785234797
|detailschange|p1a: Excadrill|Excadrill-Mega, L50, F
|-mega|p1a: Excadrill|Excadrill|Excadrite
|move|p2b: Sylveon|Detect|p2b: Sylveon
|-singleturn|p2b: Sylveon|Protect
|move|p1a: Excadrill|Iron Head|p2b: Sylveon
|-supereffective|p2b: Sylveon|1
|-ability|p1a: Excadrill|Piercing Drill
|-zbroken|p2b: Sylveon
|-damage|p2b: Sylveon|70/100
|move|p1b: Arcanine|Flare Blitz|p2a: Scovillain
|-damage|p2a: Scovillain|0 fnt
|-immune|p1b: Arcanine
|faint|p2a: Scovillain
|
|upkeep
|
|t:|1785234816
|switch|p2a: Basculegion|Basculegion, L50, M|100/100
|turn|4
|inactive|hdhkhgf has 30 seconds left.
|inactive|StarDoor01 has 30 seconds left.
|
|t:|1785234852
|switch|p2b: Kindred|Lycanroc-Dusk, L50, F|100/100
|move|p1a: Excadrill|Iron Head|p2b: Kindred
|-supereffective|p2b: Kindred|1
|-enditem|p2b: Kindred|Focus Sash
|-damage|p2b: Kindred|1/100
|move|p1b: Arcanine|Head Smash|p2a: Basculegion
|-damage|p2a: Basculegion|17/100
|-enditem|p2a: Basculegion|Sitrus Berry|[eat]
|-heal|p2a: Basculegion|42/100|[from] item: Sitrus Berry
|move|p2a: Basculegion|Wave Crash|p1a: Excadrill
|-supereffective|p1a: Excadrill|1
|-damage|p1a: Excadrill|0 fnt
|faint|p1a: Excadrill
|-damage|p2a: Basculegion|11/100|[from] Recoil
|
|-sideend|p1: hdhkhgf|move: Tailwind
|upkeep
|
|t:|1785234871
|switch|p1a: Basculegion|Basculegion, L50, M|100/100
|turn|5
|inactive|StarDoor01 has 30 seconds left.
|inactive|StarDoor01 has 20 seconds left.
|
|t:|1785234907
|move|p1b: Arcanine|Extreme Speed|p2b: Kindred
|-resisted|p2b: Kindred|1
|-damage|p2b: Kindred|0 fnt
|faint|p2b: Kindred
|move|p2a: Basculegion|Aqua Jet|p1b: Arcanine
|-supereffective|p1b: Arcanine|2
|-damage|p1b: Arcanine|0 fnt
|faint|p1b: Arcanine
|move|p1a: Basculegion|Aqua Jet|p2a: Basculegion
|-resisted|p2a: Basculegion|1
|-damage|p2a: Basculegion|0 fnt
|faint|p2a: Basculegion
|-damage|p1a: Basculegion|90/100|[from] item: Life Orb
|
|upkeep
|
|t:|1785234929
|switch|p2b: Sylveon|Sylveon, L50, F|70/100
|turn|6
|
|t:|1785234934
|move|p2b: Sylveon|Detect|p2b: Sylveon
|-singleturn|p2b: Sylveon|Protect
|move|p1a: Basculegion|Last Respects|p2b: Sylveon
|-activate|p2b: Sylveon|move: Protect
|
|-sideend|p1: hdhkhgf|move: Light Screen
|upkeep
|turn|7
|
|t:|1785234959
|move|p2b: Sylveon|Hyper Beam|p1a: Basculegion
|-damage|p1a: Basculegion|0 fnt
|-mustrecharge|p2b: Sylveon
|faint|p1a: Basculegion
|
|win|StarDoor01
|raw|hdhkhgf's rating: 1000 → 1000(+0 for losing)
|raw|StarDoor01's rating: 1107 → 1125(+18 for winning)
