|j|☆odio esta reg
|j|☆zetababy4
|html|odio esta regzetababy4    
|uhtml|bestof|Game 1 of a best-of-3
|t:|1785686138
|gametype|doubles
|player|p1|odio esta reg|101|1176
|player|p2|zetababy4|169|1195
|gen|9
|tier|[Gen 9 Champions] VGC 2026 Reg M-B (Bo3)
|rated|
|rule|Species Clause: Limit one of each Pokémon
|rule|Item Clause: Limit 1 of each item
|clearpoke
|poke|p1|Charizard, L50, F|
|poke|p1|Grimmsnarl, L50, M|
|poke|p1|Pelipper, L50, F|
|poke|p1|Archaludon, L50, M|
|poke|p1|Basculegion, L50, M|
|poke|p1|Venusaur, L50, F|
|poke|p2|Gholdengo, L50|
|poke|p2|Whimsicott, L50, M|
|poke|p2|Hydreigon, L50, M|
|poke|p2|Floette-Eternal, L50, F|
|poke|p2|Incineroar, L50, M|
|poke|p2|Sneasler, L50, F|
|teampreview|4
|showteam|p1|Charizard||CharizarditeY|Blaze|Protect,HeatWave,WeatherBall,SolarBeam|Modest||F|||50|]Grimmsnarl||LightClay|Prankster|SpiritBreak,Reflect,LightScreen,PartingShot|Sassy||M|||50|]Pelipper||SitrusBerry|Drizzle|Hurricane,WeatherBall,Tailwind,WideGuard|Modest||F|||50|]Archaludon||Leftovers|Stamina|Protect,ElectroShot,DragonPulse,FlashCannon|Calm||M|||50|]Basculegion||ChoiceScarf|Adaptability|FlipTurn,WaveCrash,AquaJet,LastRespects|Jolly||M|||50|]Venusaur||FocusSash|Chlorophyll|Protect,SleepPowder,SludgeBomb,EarthPower|Modest||F|||50|
|showteam|p2|Gholdengo||FocusSash|GoodasGold|Protect,PowerGem,MakeItRain,ShadowBall|Timid|||||50|]Whimsicott||FairyFeather|Prankster|Moonblast,Tailwind,Encore,Protect|Bold||M|||50|]Hydreigon||ChoiceScarf|Levitate|DracoMeteor,EarthPower,Snarl,DarkPulse|Timid||M|||50|]Floette-Eternal||Floettite|FlowerVeil|Protect,CalmMind,DazzlingGleam,Moonblast|Timid||F|||50|]Incineroar||SitrusBerry|Intimidate|FakeOut,PartingShot,ThroatChop,FlareBlitz|Adamant||M|||50|]Sneasler||LifeOrb|Pressure|FakeOut,CloseCombat,DireClaw,Protect|Jolly||F|||50|
|inactive|Battle timer is ON: inactive players will automatically lose when time's up. (requested by odio esta reg)
|inactive|odio esta reg has 60 seconds left.
|inactive|zetababy4 has 60 seconds left.
|
|t:|1785686195
|teamsize|p1|4
|teamsize|p2|4
|start
|switch|p1a: Archaludon|Archaludon, L50, M|100/100
|switch|p1b: Basculegion|Basculegion, L50, M|100/100
|switch|p2a: Whimsicott|Whimsicott, L50, M|100/100
|switch|p2b: Sneasler|Sneasler, L50, F|100/100
|-ability|p2b: Sneasler|Pressure
|turn|1
|inactive|odio esta reg has 30 seconds left.
|
|t:|1785686221
|move|p2a: Whimsicott|Tailwind|p2a: Whimsicott
|-sidestart|p2: zetababy4|move: Tailwind
|move|p2b: Sneasler|Close Combat|p1a: Archaludon
|-supereffective|p1a: Archaludon|1
|-damage|p1a: Archaludon|0 fnt
|-unboost|p2b: Sneasler|def|1
|-unboost|p2b: Sneasler|spd|1
|faint|p1a: Archaludon
|-damage|p2b: Sneasler|90/100|[from] item: Life Orb
|move|p1b: Basculegion|Flip Turn|p2b: Sneasler
|-damage|p2b: Sneasler|0 fnt
|faint|p2b: Sneasler
|
|t:|1785686245
|switch|p1b: Pelipper|Pelipper, L50, F|100/100|[from] Flip Turn
|-weather|RainDance|[from] ability: Drizzle|[of] p1b: Pelipper
|
|-weather|RainDance|[upkeep]
|upkeep
|
|t:|1785686256
|switch|p2b: Floette|Floette-Eternal, L50, F|100/100
|switch|p1a: Venusaur|Venusaur, L50, F|100/100
|turn|2
|inactive|odio esta reg has 30 seconds left.
|
|t:|1785686283
|detailschange|p2b: Floette|Floette-Mega, L50, F
|-mega|p2b: Floette|Floette|Floettite
|-ability|p2b: Floette|Fairy Aura
|move|p2b: Floette|Moonblast|p1a: Venusaur
|-resisted|p1a: Venusaur|1
|-damage|p1a: Venusaur|56/100
|move|p2a: Whimsicott|Moonblast|p1a: Venusaur
|-resisted|p1a: Venusaur|1
|-damage|p1a: Venusaur|29/100
|move|p1a: Venusaur|Sludge Bomb|p2a: Whimsicott
|-supereffective|p2a: Whimsicott|2
|-damage|p2a: Whimsicott|0 fnt
|faint|p2a: Whimsicott
|move|p1b: Pelipper|Hurricane|p2b: Floette
|-damage|p2b: Floette|66/100
|-start|p2b: Floette|confusion
|
|-weather|RainDance|[upkeep]
|upkeep
|
|t:|1785686301
|switch|p2a: Gholdengo|Gholdengo, L50|100/100
|turn|3
|
|t:|1785686320
|-activate|p2b: Floette|confusion
|move|p2b: Floette|Dazzling Gleam|p1b: Pelipper|[spread] p1a,p1b
|-resisted|p1a: Venusaur|1
|-damage|p1a: Venusaur|1/100
|-damage|p1b: Pelipper|45/100
|-enditem|p1b: Pelipper|Sitrus Berry|[eat]
|-heal|p1b: Pelipper|69/100|[from] item: Sitrus Berry
|move|p2a: Gholdengo|Shadow Ball|p1a: Venusaur
|-damage|p1a: Venusaur|0 fnt
|faint|p1a: Venusaur
|move|p1b: Pelipper|Tailwind|p1b: Pelipper
|-sidestart|p1: odio esta reg|move: Tailwind
|
|-weather|RainDance|[upkeep]
|upkeep
|
|t:|1785686328
|switch|p1a: Basculegion|Basculegion, L50, M|100/100
|turn|4
|inactive|odio esta reg has 30 seconds left.
|
|t:|1785686354
|move|p1a: Basculegion|Last Respects|p2a: Gholdengo
|-supereffective|p2a: Gholdengo|1
|-enditem|p2a: Gholdengo|Focus Sash
|-damage|p2a: Gholdengo|1/100
|-activate|p2b: Floette|confusion
|move|p2b: Floette|Moonblast|p1a: Basculegion
|-damage|p1a: Basculegion|11/100
|move|p2a: Gholdengo|Shadow Ball|p1a: Basculegion
|-supereffective|p1a: Basculegion|1
|-damage|p1a: Basculegion|0 fnt
|faint|p1a: Basculegion
|move|p1b: Pelipper|Weather Ball|p2b: Floette
|-damage|p2b: Floette|15/100
|
|-weather|RainDance|[upkeep]
|-sideend|p2: zetababy4|move: Tailwind
|upkeep
|turn|5
|
|t:|1785686377
|move|p1b: Pelipper|Weather Ball|p2b: Floette
|-damage|p2b: Floette|0 fnt
|faint|p2b: Floette
|move|p2a: Gholdengo|Power Gem|p1b: Pelipper
|-supereffective|p1b: Pelipper|1
|-damage|p1b: Pelipper|10/100
|
|-weather|none
|upkeep
|turn|6
|
|t:|1785686386
|move|p2a: Gholdengo|Protect|p2a: Gholdengo
|-singleturn|p2a: Gholdengo|Protect
|move|p1b: Pelipper|Hurricane|p2a: Gholdengo
|-activate|p2a: Gholdengo|move: Protect
|
|-sideend|p1: odio esta reg|move: Tailwind
|upkeep
|turn|7
|
|t:|1785686395
|move|p2a: Gholdengo|Power Gem|p1b: Pelipper
|-supereffective|p1b: Pelipper|1
|-damage|p1b: Pelipper|0 fnt
|faint|p1b: Pelipper
|
|win|zetababy4
