|j|☆anino23
|j|☆Doomnik
|html|anino23Doomnik    
|uhtml|bestof|Game 3 of a best-of-3
|t:|1756319655
|gametype|doubles
|player|p1|anino23|101|1032
|player|p2|Doomnik|hiker-gen4|1084
|gen|9
|tier|[Gen 9] VGC 2025 Reg H (Bo3)
|rated|
|rule|Species Clause: Limit one of each Pokémon
|rule|Item Clause: Limit 1 of each item
|clearpoke
|poke|p1|Jolteon, L50, M|
|poke|p1|Dragonite, L50, M|
|poke|p1|Porygon2, L50|
|poke|p1|Ursaluna, L50, F|
|poke|p1|Incineroar, L50, F|
|poke|p1|Gholdengo, L50|
|poke|p2|Ninetales-Alola, L50, F|
|poke|p2|Ursaluna-Bloodmoon, L50, M|
|poke|p2|Maushold-Four, L50|
|poke|p2|Annihilape, L50, F|
|poke|p2|Klefki, L50, M|
|poke|p2|Sinistcha-Masterpiece, L50|
|teampreview|4
|showteam|p1|Jolteon||LifeOrb|VoltAbsorb|Electroweb,Detect,Thunderbolt,VoltSwitch|||M|||50|,,,,,Electric]Dragonite||LoadedDice|Multiscale|ScaleShot,ExtremeSpeed,Protect,Tailwind|||M|||50|,,,,,Normal]Porygon2||Eviolite|Download|TrickRoom,IceBeam,Recover,TeraBlast||||||50|,,,,,Fairy]Ursaluna||FlameOrb|Guts|Facade,HeadlongRush,Earthquake,Protect|||F|||50|,,,,,Ghost]Incineroar||SafetyGoggles|Intimidate|FakeOut,PartingShot,FlareBlitz,KnockOff|||F|||50|,,,,,Grass]Gholdengo||ChoiceSpecs|GoodasGold|MakeItRain,ShadowBall,Trick,DazzlingGleam||||||50|,,,,,Steel
|showteam|p2|Ninetales-Alola||FocusSash|SnowWarning|Blizzard,FreezeDry,Encore,Protect|||F|||50|,,,,,Ghost]Ursaluna-Bloodmoon||AssaultVest|MindsEye|BloodMoon,EarthPower,HyperVoice,VacuumWave|||M|||50|,,,,,Water]Maushold-Four||SafetyGoggles|FriendGuard|BeatUp,Taunt,FollowMe,Protect||||||50|,,,,,Ghost]Annihilape||Leftovers|Defiant|DrainPunch,RageFist,BulkUp,Protect|||F|||50|,,,,,Fire]Klefki||LightClay|Prankster|DazzlingGleam,Reflect,LightScreen,MistyTerrain|||M|||50|,,,,,Ghost]Sinistcha-Masterpiece||SitrusBerry|Hospitality|MatchaGotcha,RagePowder,LifeDew,TrickRoom||||||50|,,,,,Water
|inactive|Battle timer is ON: inactive players will automatically lose when time's up. (requested by Doomnik)
|inactive|anino23 has 60 seconds left.
|inactive|anino23 has 30 seconds left.
|
|t:|1756319756
|teamsize|p1|4
|teamsize|p2|4
|start
|switch|p1a: Dragonite|Dragonite, L50, M|100/100
|switch|p1b: Gholdengo|Gholdengo, L50|100/100
|switch|p2a: Maushold|Maushold-Four, L50|100/100
|switch|p2b: Annihilape|Annihilape, L50, F|100/100
|turn|1
|inactive|anino23 has 30 seconds left.
|inactive|anino23 has 20 seconds left.
|inactive|anino23 has 15 seconds left.
|inactive|anino23 has 10 seconds left.
|inactive|anino23 has 5 seconds left.
|
|t:|1756319810
|move|p2a: Maushold|Beat Up|p2b: Annihilape
|-damage|p2b: Annihilape|99/100
|-damage|p2b: Annihilape|96/100
|-damage|p2b: Annihilape|94/100
|-damage|p2b: Annihilape|92/100
|-hitcount|p2b: Annihilape|4
|move|p2b: Annihilape|Rage Fist|p1b: Gholdengo
|-supereffective|p1b: Gholdengo
|-damage|p1b: Gholdengo|0 fnt
|faint|p1b: Gholdengo
|move|p1a: Dragonite|Scale Shot|p2a: Maushold
|-damage|p2a: Maushold|84/100
|-damage|p2a: Maushold|67/100
|-damage|p2a: Maushold|49/100
|-damage|p2a: Maushold|31/100
|-hitcount|p2a: Maushold|4
|-unboost|p1a: Dragonite|def|1
|-boost|p1a: Dragonite|spe|1
|
|-heal|p2b: Annihilape|99/100|[from] item: Leftovers
|upkeep
|
|t:|1756319830
|switch|p1b: Porygon2|Porygon2, L50|100/100
|-ability|p1b: Porygon2|Download|boost
|-boost|p1b: Porygon2|atk|1
|turn|2
|
|t:|1756319851
|-terastallize|p2b: Annihilape|Fire
|move|p2a: Maushold|Taunt|p1a: Dragonite
|-start|p1a: Dragonite|move: Taunt
|move|p2b: Annihilape|Bulk Up|p2b: Annihilape
|-boost|p2b: Annihilape|atk|1
|-boost|p2b: Annihilape|def|1
|cant|p1a: Dragonite|move: Taunt|Tailwind
|move|p1b: Porygon2|Tera Blast|p2a: Maushold
|-crit|p2a: Maushold
|-damage|p2a: Maushold|0 fnt
|faint|p2a: Maushold
|
|-heal|p2b: Annihilape|100/100|[from] item: Leftovers
|upkeep
|
|t:|1756319865
|switch|p2a: Klefki|Klefki, L50, M|100/100
|turn|3
|inactive|anino23 has 30 seconds left.
|
|t:|1756319894
|switch|p1a: Ursaluna|Ursaluna, L50, F|100/100
|move|p2a: Klefki|Misty Terrain|p2a: Klefki
|-fieldstart|move: Misty Terrain
|move|p2b: Annihilape|Drain Punch|p1a: Ursaluna
|-supereffective|p1a: Ursaluna
|-damage|p1a: Ursaluna|26/100
|move|p1b: Porygon2|Trick Room|p1b: Porygon2
|-fieldstart|move: Trick Room|[of] p1b: Porygon2
|
|upkeep
|turn|4
|inactive|anino23 has 30 seconds left.
|inactive|Doomnik has 30 seconds left.
|
|t:|1756319927
|move|p1a: Ursaluna|Protect|p1a: Ursaluna
|-singleturn|p1a: Ursaluna|Protect
|move|p2b: Annihilape|Protect|p2b: Annihilape
|-singleturn|p2b: Annihilape|Protect
|move|p2a: Klefki|Reflect|p2a: Klefki
|-sidestart|p2: Doomnik|Reflect
|move|p1b: Porygon2|Ice Beam|p2a: Klefki
|-resisted|p2a: Klefki
|-damage|p2a: Klefki|86/100
|
|upkeep
|turn|5
|
|t:|1756319952
|move|p2a: Klefki|Light Screen|p2a: Klefki
|-sidestart|p2: Doomnik|move: Light Screen
|move|p1b: Porygon2|Ice Beam|p2b: Annihilape
|-resisted|p2b: Annihilape
|-damage|p2b: Annihilape|92/100
|move|p1a: Ursaluna|Headlong Rush|p2b: Annihilape
|-supereffective|p2b: Annihilape
|-damage|p2b: Annihilape|20/100
|-unboost|p1a: Ursaluna|def|1
|-unboost|p1a: Ursaluna|spd|1
|move|p2b: Annihilape|Rage Fist|p1a: Ursaluna
|-immune|p1a: Ursaluna
|
|-heal|p2b: Annihilape|26/100|[from] item: Leftovers
|upkeep
|turn|6
|
|t:|1756319974
|switch|p1b: Dragonite|Dragonite, L50, M|100/100
|move|p2b: Annihilape|Protect|p2b: Annihilape
|-singleturn|p2b: Annihilape|Protect
|move|p1a: Ursaluna|Earthquake|p2a: Klefki|[spread] p2a
|-activate|p2b: Annihilape|move: Protect
|-immune|p1b: Dragonite
|-supereffective|p2a: Klefki
|-damage|p2a: Klefki|30/100
|move|p2a: Klefki|Dazzling Gleam|p1a: Ursaluna|[spread] p1a,p1b
|-supereffective|p1b: Dragonite
|-damage|p1a: Ursaluna|0 fnt
|-damage|p1b: Dragonite|84/100
|faint|p1a: Ursaluna
|
|-heal|p2b: Annihilape|32/100|[from] item: Leftovers
|upkeep
|
|t:|1756319988
|switch|p1a: Porygon2|Porygon2, L50|100/100
|-ability|p1a: Porygon2|Download|boost
|-boost|p1a: Porygon2|spa|1
|turn|7
|
|t:|1756320013
|switch|p2a: Sinistcha|Sinistcha-Masterpiece, L50|100/100
|-heal|p2b: Annihilape|57/100|[from] ability: Hospitality|[of] p2a: Sinistcha
|move|p1a: Porygon2|Tera Blast|p2b: Annihilape
|-damage|p2b: Annihilape|25/100
|move|p1b: Dragonite|Scale Shot|p2b: Annihilape
|-damage|p2b: Annihilape|22/100
|-damage|p2b: Annihilape|18/100
|-damage|p2b: Annihilape|14/100
|-damage|p2b: Annihilape|10/100
|-hitcount|p2b: Annihilape|4
|-unboost|p1b: Dragonite|def|1
|-boost|p1b: Dragonite|spe|1
|move|p2b: Annihilape|Drain Punch|p1a: Porygon2
|-supereffective|p1a: Porygon2
|-damage|p1a: Porygon2|44/100
|-heal|p2b: Annihilape|36/100|[from] drain|[of] p1a: Porygon2
|
|-heal|p2b: Annihilape|42/100|[from] item: Leftovers
|-fieldend|move: Trick Room
|-fieldend|Misty Terrain
|upkeep
|turn|8
|inactive|anino23 has 30 seconds left.
|inactive|Doomnik has 30 seconds left.
|
|t:|1756320047
|move|p2b: Annihilape|Rage Fist|p1b: Dragonite
|-damage|p1b: Dragonite|0 fnt
|faint|p1b: Dragonite
|move|p2a: Sinistcha|Life Dew||[still]|[spread] p2a,p2b
|-fail|p2a: Sinistcha|heal
|-heal|p2b: Annihilape|67/100
|move|p1a: Porygon2|Ice Beam|p2a: Sinistcha
|-supereffective|p2a: Sinistcha
|-damage|p2a: Sinistcha|58/100
|
|-heal|p2b: Annihilape|73/100|[from] item: Leftovers
|upkeep
|turn|9
|-message|anino23 forfeited.
|
|win|Doomnik
|raw|anino23's rating: 1032 → 1019(-13 for losing)
|raw|Doomnik's rating: 1084 → 1107(+23 for winning)
|l|☆anino23
|player|p1|
