|j|☆Dust and fidget
|j|☆palle synchro
|html|Dust and fidgetpalle synchro    
|uhtml|bestof|Game 3 of a best-of-3
|t:|1757086819
|gametype|doubles
|player|p1|Dust and fidget|akari|1377
|player|p2|palle synchro|volkner|1413
|gen|9
|tier|[Gen 9] VGC 2025 Reg H (Bo3)
|rated|
|rule|Species Clause: Limit one of each Pokémon
|rule|Item Clause: Limit 1 of each item
|clearpoke
|poke|p1|Rillaboom, L50, M|
|poke|p1|Sneasler, L50, M|
|poke|p1|Basculegion, L50, M|
|poke|p1|Farigiraf, L50, F|
|poke|p1|Magmar, L50, M|
|poke|p1|Archaludon, L50, M|
|poke|p2|Whimsicott, L50, M|
|poke|p2|Basculegion, L50, M|
|poke|p2|Indeedee, L50, M|
|poke|p2|Sneasler, L50, M|
|poke|p2|Ursaluna-Bloodmoon, L50, M|
|poke|p2|Archaludon, L50, F|
|teampreview|4
|showteam|p1|Rillaboom||AssaultVest|GrassySurge|WoodHammer,GrassyGlide,FakeOut,HighHorsepower|||M|||50|,,,,,Fire]Sneasler||FocusSash|Unburden|DireClaw,CloseCombat,ThroatChop,Protect|||M|||50|,,,,,Stellar]Basculegion||ChoiceScarf|Adaptability|WaveCrash,LastRespects,AquaJet,FlipTurn|||M|||50|,,,,,Grass]Farigiraf||ThroatSpray|ArmorTail|HyperVoice,TwinBeam,TrickRoom,Protect|||F|||50|,,,,,Fairy]Magmar||Eviolite|VitalSpirit|Flamethrower,Taunt,FollowMe,Protect|||M|||50|,,,,,Grass]Archaludon||PowerHerb|Sturdy|ElectroShot,DragonPulse,Thunderbolt,Protect|||M|||50|,,,,,Electric
|showteam|p2|Whimsicott||CovertCloak|Prankster|Moonblast,Taunt,Tailwind,FakeTears|||M|||50|,,,,,Water]Basculegion||ChoiceScarf|Adaptability|WaveCrash,LastRespects,FlipTurn,AquaJet|||M|||50|,,,,,Fairy]Indeedee||FocusSash|PsychicSurge|ExpandingForce,TeraBlast,Imprison,TrickRoom|||M|||50|,,,,,Psychic]Sneasler||PsychicSeed|Unburden|CloseCombat,DireClaw,ThroatChop,Protect|||M|||50|,,,,,Dark]Ursaluna-Bloodmoon||LifeOrb|MindsEye|HyperVoice,BloodMoon,EarthPower,Protect|||M|||50|,,,,,Normal]Archaludon||PowerHerb|Sturdy|ElectroShot,DragonPulse,Thunderbolt,Protect|||F|||50|,,,,,Electric
|inactive|Battle timer is ON: inactive players will automatically lose when time's up. (requested by Dust and fidget)
|
|t:|1757086843
|teamsize|p1|4
|teamsize|p2|4
|start
|switch|p1a: Sneasler|Sneasler, L50, M, shiny|100/100
|switch|p1b: Safety car|Farigiraf, L50, F, shiny|100/100
|switch|p2a: Indeedee|Indeedee, L50, M|100/100
|switch|p2b: Sneasler|Sneasler, L50, M|100/100
|-fieldstart|move: Psychic Terrain|[from] ability: Psychic Surge|[of] p2a: Indeedee
|-enditem|p2b: Sneasler|Psychic Seed
|-boost|p2b: Sneasler|spd|1|[from] item: Psychic Seed
|turn|1
|inactive|Dust and fidget has 30 seconds left.
|
|t:|1757086873
|-terastallize|p1b: Safety car|Fairy
|move|p2b: Sneasler|Dire Claw|p1a: Sneasler
|-resisted|p1a: Sneasler
|-damage|p1a: Sneasler|60/100
|-status|p1a: Sneasler|par
|move|p2a: Indeedee|Expanding Force|p1b: Safety car|[spread] p1a,p1b
|-supereffective|p1a: Sneasler
|-damage|p1a: Sneasler|0 fnt
|-damage|p1b: Safety car|50/100
|faint|p1a: Sneasler
|move|p1b: Safety car|Twin Beam|p2b: Sneasler
|-supereffective|p2b: Sneasler
|-damage|p2b: Sneasler|6/100
|-supereffective|p2b: Sneasler
|-damage|p2b: Sneasler|0 fnt
|faint|p2b: Sneasler
|-hitcount|p2: Sneasler|2
|
|upkeep
|
|t:|1757086887
|switch|p1a: Rillaboom|Rillaboom, L50, M, shiny|100/100
|switch|p2b: Basculegion|Basculegion, L50, M|100/100
|-fieldstart|move: Grassy Terrain|[from] ability: Grassy Surge|[of] p1a: Rillaboom
|turn|2
|
|t:|1757086909
|switch|p2a: Ursaluna|Ursaluna-Bloodmoon, L50, M|100/100
|-terastallize|p2b: Basculegion|Fairy
|move|p1b: Safety car|Protect|p1b: Safety car
|-singleturn|p1b: Safety car|Protect
|move|p2b: Basculegion|Last Respects|p1b: Safety car
|-activate|p1b: Safety car|move: Protect
|move|p1a: Rillaboom|Wood Hammer|p2b: Basculegion
|-damage|p2b: Basculegion|3/100
|-damage|p1a: Rillaboom|68/100|[from] Recoil
|
|-heal|p2b: Basculegion|9/100|[from] Grassy Terrain
|-heal|p1a: Rillaboom|74/100|[from] Grassy Terrain
|-heal|p1b: Safety car|56/100|[from] Grassy Terrain
|upkeep
|turn|3
|
|t:|1757086924
|move|p2b: Basculegion|Last Respects|p1b: Safety car
|-damage|p1b: Safety car|5/100
|move|p1a: Rillaboom|Wood Hammer|p2a: Ursaluna
|-supereffective|p2a: Ursaluna
|-damage|p2a: Ursaluna|0 fnt
|faint|p2a: Ursaluna
|-damage|p1a: Rillaboom|43/100|[from] Recoil
|move|p1b: Safety car|Hyper Voice|p2b: Basculegion
|-damage|p2b: Basculegion|0 fnt
|faint|p2b: Basculegion
|-enditem|p1b: Safety car|Throat Spray
|-boost|p1b: Safety car|spa|1|[from] item: Throat Spray
|
|-heal|p1a: Rillaboom|49/100|[from] Grassy Terrain
|-heal|p1b: Safety car|11/100|[from] Grassy Terrain
|upkeep
|
|t:|1757086930
|switch|p2b: Indeedee|Indeedee, L50, M|100/100
|-fieldstart|move: Psychic Terrain|[from] ability: Psychic Surge|[of] p2b: Indeedee
|turn|4
|
|t:|1757086937
|switch|p1a: Archaludon|Archaludon, L50, M|100/100
|move|p2b: Indeedee|Expanding Force|p1b: Safety car|[spread] p1a,p1b
|-resisted|p1a: Archaludon
|-crit|p1b: Safety car
|-damage|p1a: Archaludon|61/100
|-damage|p1b: Safety car|0 fnt
|faint|p1b: Safety car
|
|upkeep
|
|t:|1757086940
|switch|p1b: Rillaboom|Rillaboom, L50, M, shiny|49/100
|-fieldstart|move: Grassy Terrain|[from] ability: Grassy Surge|[of] p1b: Rillaboom
|turn|5
|-message|palle synchro forfeited.
|
|win|Dust and fidget
|raw|Dust and fidget's rating: 1377 → 1399(+22 for winning)
|raw|palle synchro's rating: 1413 → 1391(-22 for losing)
