|j|☆AtomicTwilight
|j|☆ceruleancrow
|html|AtomicTwilightceruleancrow    
|uhtml|bestof|Game 3 of a best-of-3
|t:|1783538423
|gametype|doubles
|player|p1|AtomicTwilight|canari|
|player|p2|ceruleancrow|266|
|gen|9
|tier|[Gen 9 Champions] VGC 2026 Reg M-B (Bo3)
|rule|Species Clause: Limit one of each Pokémon
|rule|Item Clause: Limit 1 of each item
|clearpoke
|poke|p1|Greninja, L50, M|
|poke|p1|Slowking-Galar, L50, F|
|poke|p1|Rotom-Frost, L50|
|poke|p1|Klefki, L50, F|
|poke|p1|Krookodile, L50, M|
|poke|p1|Floette-Eternal, L50, F|
|poke|p2|Steelix, L50, F|
|poke|p2|Hydrapple, L50, M|
|poke|p2|Cofagrigus, L50, M|
|poke|p2|Hippowdon, L50, F|
|poke|p2|Chandelure, L50, F|
|poke|p2|Ariados, L50, M|
|teampreview|4
|showteam|p1|Greninja||Greninjite|Protean|Blizzard,DarkPulse,Extrasensory,Protect|Modest||M|||50|]Slowking-Galar||Leftovers|Regenerator|ChillyReception,Protect,Toxic,ChillingWater|Calm||F|||50|]Rotom-Frost||ChoiceScarf|Levitate|VoltSwitch,Blizzard,Discharge,Electroweb|Timid|||||50|]Klefki||FocusSash|Prankster|ThunderWave,Reflect,LightScreen,DazzlingGleam|Timid||F|||50|]Krookodile||LifeOrb|Intimidate|Earthquake,KnockOff,CloseCombat,Protect|Jolly||M|||50|]Floette-Eternal||FairyFeather|FlowerVeil|Protect,DazzlingGleam,Moonblast,LightofRuin|Timid||F|||50|
|showteam|p2|Steelix||Steelixite|Sturdy|Protect,HeavySlam,RockSlide,HighHorsepower|Brave||F|||50|]Hydrapple||LifeOrb|Regenerator|Protect,FickleBeam,GigaDrain,PollenPuff|Quiet||M|||50|]Cofagrigus||MentalHerb|Mummy|Protect,TrickRoom,WillOWisp,NightShade|Relaxed||M|||50|]Hippowdon||Leftovers|SandStream|Protect,Yawn,SlackOff,HighHorsepower|Relaxed||F|||50|]Chandelure||Chandelurite|FlashFire|Protect,HeatWave,ShadowBall,TrickRoom|Modest||F|||50|]Ariados||CobaBerry|Insomnia|RagePowder,Electroweb,KnockOff,AcidSpray|Sassy||M|||50|
|
|t:|1783538475
|teamsize|p1|4
|teamsize|p2|4
|start
|switch|p1a: Slowking|Slowking-Galar, L50, F|100/100
|switch|p1b: Rotom|Rotom-Frost, L50|100/100
|switch|p2a: Cofagrigus|Cofagrigus, L50, M|100/100
|switch|p2b: Hydrapple|Hydrapple, L50, M|100/100
|turn|1
|
|t:|1783538508
|move|p2b: Hydrapple|Protect|p2b: Hydrapple
|-singleturn|p2b: Hydrapple|Protect
|move|p1b: Rotom|Volt Switch|p2a: Cofagrigus
|-damage|p2a: Cofagrigus|73/100
|
|t:|1783538517
|switch|p1b: Greninja|Greninja, L50, M|100/100|[from] Volt Switch
|-prepare|p1a: Slowking|Chilly Reception|[premajor]
|move|p1a: Slowking|Chilly Reception|p1a: Slowking
|-weather|Snowscape
|
|t:|1783538525
|switch|p1a: Krookodile|Krookodile, L50, M|100/100|[from] Chilly Reception
|-ability|p1a: Krookodile|Intimidate|boost
|-unboost|p2a: Cofagrigus|atk|1
|-unboost|p2b: Hydrapple|atk|1
|move|p2a: Cofagrigus|Trick Room|p2a: Cofagrigus
|-fieldstart|move: Trick Room|[of] p2a: Cofagrigus
|
|-weather|Snowscape|[upkeep]
|upkeep
|turn|2
|
|t:|1783538548
|switch|p2b: Hippowdon|Hippowdon, L50, F|100/100
|-weather|Sandstorm|[from] ability: Sand Stream|[of] p2b: Hippowdon
|move|p1b: Greninja|Protect|p1b: Greninja
|-start|p1b: Greninja|typechange|Normal|[from] ability: Protean
|-singleturn|p1b: Greninja|Protect
|move|p2a: Cofagrigus|Will-O-Wisp|p1a: Krookodile
|-status|p1a: Krookodile|brn
|move|p1a: Krookodile|Knock Off|p2b: Hippowdon
|-damage|p2b: Hippowdon|81/100
|-enditem|p2b: Hippowdon|Leftovers|[from] move: Knock Off|[of] p1a: Krookodile
|-damage|p1a: Krookodile|90/100 brn|[from] item: Life Orb
|
|-weather|Sandstorm|[upkeep]
|-damage|p2a: Cofagrigus|67/100|[from] Sandstorm
|-damage|p1b: Greninja|93/100|[from] Sandstorm
|-damage|p1a: Krookodile|84/100 brn|[from] brn
|upkeep
|turn|3
|
|t:|1783538586
|switch|p2a: Steelix|Steelix, L50, F|100/100
|switch|p1b: Rotom|Rotom-Frost, L50|100/100
|move|p2b: Hippowdon|High Horsepower|p1a: Krookodile
|-damage|p1a: Krookodile|38/100 brn
|move|p1a: Krookodile|Earthquake|p2b: Hippowdon|[spread] p2a,p2b
|-immune|p1b: Rotom|[from] ability: Levitate
|-supereffective|p2a: Steelix|1
|-damage|p2a: Steelix|75/100
|-damage|p2b: Hippowdon|65/100
|-damage|p1a: Krookodile|29/100 brn|[from] item: Life Orb
|
|-weather|Sandstorm|[upkeep]
|-damage|p1b: Rotom|94/100|[from] Sandstorm
|-damage|p1a: Krookodile|23/100 brn|[from] brn
|upkeep
|turn|4
|
|t:|1783538624
|detailschange|p2a: Steelix|Steelix-Mega, L50, F
|-mega|p2a: Steelix|Steelix|Steelixite
|move|p2a: Steelix|Rock Slide|p1b: Rotom|[spread] p1a,p1b
|-resisted|p1a: Krookodile|1
|-supereffective|p1b: Rotom|1
|-damage|p1a: Krookodile|7/100 brn
|-damage|p1b: Rotom|26/100
|move|p2b: Hippowdon|High Horsepower|p1a: Krookodile
|-damage|p1a: Krookodile|0 fnt
|faint|p1a: Krookodile
|move|p1b: Rotom|Blizzard|p2a: Steelix|[spread] p2b
|-miss|p1b: Rotom|p2a: Steelix
|-supereffective|p2b: Hippowdon|1
|-damage|p2b: Hippowdon|1/100
|
|-weather|Sandstorm|[upkeep]
|-damage|p1b: Rotom|21/100|[from] Sandstorm
|upkeep
|
|t:|1783538638
|switch|p1a: Slowking|Slowking-Galar, L50, F|100/100
|turn|5
|
|t:|1783538662
|move|p2a: Steelix|Rock Slide|p1a: Slowking|[spread] p1b
|-miss|p2a: Steelix|p1a: Slowking
|-supereffective|p1b: Rotom|1
|-damage|p1b: Rotom|0 fnt
|faint|p1b: Rotom
|-prepare|p1a: Slowking|Chilly Reception|[premajor]
|move|p1a: Slowking|Chilly Reception|p1a: Slowking
|-weather|Snowscape
|
|t:|1783538669
|switch|p1a: Greninja|Greninja, L50, M|93/100|[from] Chilly Reception
|move|p2b: Hippowdon|Slack Off|p2b: Hippowdon
|-heal|p2b: Hippowdon|51/100
|
|-weather|Snowscape|[upkeep]
|-fieldend|move: Trick Room
|upkeep
|
|t:|1783538676
|switch|p1b: Slowking|Slowking-Galar, L50, F|100/100
|turn|6
|
|t:|1783538695
|switch|p2b: Hydrapple|Hydrapple, L50, M|100/100
|detailschange|p1a: Greninja|Greninja-Mega, L50, M
|-mega|p1a: Greninja|Greninja|Greninjite
|move|p2a: Steelix|Protect|p2a: Steelix
|-singleturn|p2a: Steelix|Protect
|move|p1a: Greninja|Blizzard|p2b: Hydrapple|[spread] p2b
|-start|p1a: Greninja|typechange|Ice|[from] ability: Protean
|-activate|p2a: Steelix|move: Protect
|-supereffective|p2b: Hydrapple|2
|-damage|p2b: Hydrapple|0 fnt
|faint|p2b: Hydrapple
|move|p1b: Slowking|Toxic|p2a: Steelix
|-activate|p2a: Steelix|move: Protect
|
|-weather|Snowscape|[upkeep]
|upkeep
|
|t:|1783538713
|switch|p2b: Hippowdon|Hippowdon, L50, F|51/100
|-weather|Sandstorm|[from] ability: Sand Stream|[of] p2b: Hippowdon
|turn|7
|
|t:|1783538728
|move|p1a: Greninja|Protect|p1a: Greninja
|-singleturn|p1a: Greninja|Protect
|move|p2b: Hippowdon|High Horsepower|p1b: Slowking
|-supereffective|p1b: Slowking|1
|-damage|p1b: Slowking|27/100
|-prepare|p1b: Slowking|Chilly Reception|[premajor]
|move|p1b: Slowking|Chilly Reception|p1b: Slowking
|-weather|Snowscape
|move|p2a: Steelix|Heavy Slam|p1a: Greninja
|-activate|p1a: Greninja|move: Protect
|
|-weather|Snowscape|[upkeep]
|-heal|p1b: Slowking|33/100|[from] item: Leftovers
|upkeep
|turn|8
|
|t:|1783538757
|move|p2a: Steelix|Protect|p2a: Steelix
|-singleturn|p2a: Steelix|Protect
|move|p1a: Greninja|Blizzard|p2b: Hippowdon|[spread] p2b
|-activate|p2a: Steelix|move: Protect
|-supereffective|p2b: Hippowdon|1
|-damage|p2b: Hippowdon|0 fnt
|faint|p2b: Hippowdon
|move|p1b: Slowking|Chilling Water|p2a: Steelix
|-activate|p2a: Steelix|move: Protect
|
|-weather|Snowscape|[upkeep]
|-heal|p1b: Slowking|39/100|[from] item: Leftovers
|upkeep
|
|t:|1783538768
|switch|p2b: Cofagrigus|Cofagrigus, L50, M|67/100
|turn|9
|
|t:|1783538800
|move|p2a: Steelix|Protect||[still]
|-fail|p2a: Steelix
|move|p1a: Greninja|Blizzard|p2b: Cofagrigus|[spread] p2a,p2b
|-damage|p2a: Steelix|28/100
|-damage|p2b: Cofagrigus|26/100
|move|p1b: Slowking|Chilling Water|p2a: Steelix
|-supereffective|p2a: Steelix|1
|-damage|p2a: Steelix|1/100
|-unboost|p2a: Steelix|atk|1
|move|p2b: Cofagrigus|Trick Room|p2b: Cofagrigus
|-fieldstart|move: Trick Room|[of] p2b: Cofagrigus
|
|-weather|Snowscape|[upkeep]
|-heal|p1b: Slowking|45/100|[from] item: Leftovers
|upkeep
|turn|10
|
|t:|1783538831
|move|p2a: Steelix|Protect|p2a: Steelix
|-singleturn|p2a: Steelix|Protect
|move|p1b: Slowking|Protect|p1b: Slowking
|-singleturn|p1b: Slowking|Protect
|move|p2b: Cofagrigus|Night Shade|p1b: Slowking
|-activate|p1b: Slowking|move: Protect
|move|p1a: Greninja|Blizzard|p2a: Steelix|[spread] p2b
|-activate|p2a: Steelix|move: Protect
|-damage|p2b: Cofagrigus|0 fnt
|faint|p2b: Cofagrigus
|
|-weather|Snowscape|[upkeep]
|-heal|p1b: Slowking|51/100|[from] item: Leftovers
|upkeep
|turn|11
|c|☆ceruleancrow|nice
|c|☆AtomicTwilight|tyty
|
|t:|1783538852
|move|p2a: Steelix|Rock Slide|p1b: Slowking|[spread] p1a,p1b
|-supereffective|p1a: Greninja|1
|-damage|p1a: Greninja|65/100
|-damage|p1b: Slowking|36/100
|cant|p1b: Slowking|flinch
|cant|p1a: Greninja|flinch
|
|-weather|none
|-heal|p1b: Slowking|42/100|[from] item: Leftovers
|upkeep
|turn|12
|
|t:|1783538872
|move|p2a: Steelix|Heavy Slam|p1a: Greninja
|-supereffective|p1a: Greninja|1
|-damage|p1a: Greninja|0 fnt
|faint|p1a: Greninja
|move|p1b: Slowking|Chilling Water|p2a: Steelix
|-supereffective|p2a: Steelix|1
|-damage|p2a: Steelix|0 fnt
|faint|p2a: Steelix
|
|win|AtomicTwilight
|c|☆ceruleancrow|gg
|c|☆AtomicTwilight|ggwp
|l|☆ceruleancrow
|player|p2|
