|j|☆Mystical777
|j|☆axcoquette
|html|Mystical777axcoquette    
|uhtml|bestof|Game 1 of a best-of-3
|t:|1784584639
|gametype|doubles
|player|p1|Mystical777|102|1117
|player|p2|axcoquette|2|1230
|gen|9
|tier|[Gen 9 Champions] VGC 2026 Reg M-B (Bo3)
|rated|
|rule|Species Clause: Limit one of each Pokémon
|rule|Item Clause: Limit 1 of each item
|clearpoke
|poke|p1|Liepard, L50, F|
|poke|p1|Alcremie, L50, F|
|poke|p1|Venusaur, L50, M|
|poke|p1|Sneasler, L50, F|
|poke|p1|Kingambit, L50, M|
|poke|p1|Aerodactyl, L50, M|
|poke|p2|Ceruledge, L50, M|
|poke|p2|Glimmora, L50, M|
|poke|p2|Weavile, L50, M|
|poke|p2|Raichu, L50, F|
|poke|p2|Whimsicott, L50, F|
|poke|p2|Milotic, L50, F|
|teampreview|4
|showteam|p1|Liepard||RoseliBerry|Prankster|FakeOut,Encore,FoulPlay,Taunt|Timid||F|||50|]Alcremie||ChoiceScarf|AromaVeil|Decorate,MysticalFire,AlluringVoice,DazzlingGleam|Timid||F|||50|]Venusaur||Venusaurite|Overgrow|GigaDrain,EarthPower,SludgeBomb,Protect|Bold||M|||50|]Sneasler||FocusSash|Unburden|CloseCombat,DireClaw,FakeOut,Protect|Jolly||F|||50|]Kingambit||BlackGlasses|Defiant|SwordsDance,KowtowCleave,SuckerPunch,Protect|Adamant||M|||50|]Aerodactyl||Aerodactylite|Unnerve|RockSlide,Protect,DualWingbeat,IceFang|Jolly||M|||50|
|showteam|p2|Ceruledge||ColburBerry|FlashFire|BitterBlade,ShadowSneak,BulkUp,Protect|Impish||M|||50|]Glimmora||Glimmoranite|ToxicDebris|SpikyShield,PowerGem,EarthPower,SludgeBomb|Timid||M|||50|]Weavile||FocusSash|Pressure|IceSpinner,FakeOut,Protect,KnockOff|Jolly||M|||50|]Raichu||RaichuniteY|LightningRod|FakeOut,FocusBlast,ZapCannon,Protect|Timid||F|||50|]Whimsicott||FairyFeather|Prankster|Tailwind,Moonblast,Protect,Encore|Modest||F|||50|]Milotic||Leftovers|Competitive|Coil,Hypnosis,MuddyWater,Recover|Calm||F|||50|
|inactive|Battle timer is ON: inactive players will automatically lose when time's up. (requested by axcoquette)
|inactive|axcoquette has 60 seconds left.
|
|t:|1784584674
|teamsize|p1|4
|teamsize|p2|4
|start
|switch|p1a: Kingambit|Kingambit, L50, M|100/100
|switch|p1b: Sneasler|Sneasler, L50, F|100/100
|switch|p2a: Glimmora|Glimmora, L50, M|100/100
|switch|p2b: Weavile|Weavile, L50, M|100/100
|-ability|p2b: Weavile|Pressure
|turn|1
|inactive|Mystical777 has 30 seconds left.
|
|t:|1784584700
|detailschange|p2a: Glimmora|Glimmora-Mega, L50, M
|-mega|p2a: Glimmora|Glimmora|Glimmoranite
|move|p2b: Weavile|Fake Out|p1b: Sneasler
|-damage|p1b: Sneasler|75/100
|cant|p1b: Sneasler|flinch
|move|p2a: Glimmora|Earth Power|p1a: Kingambit
|-supereffective|p1a: Kingambit|1
|-damage|p1a: Kingambit|15/100
|move|p1a: Kingambit|Swords Dance|p1a: Kingambit
|-boost|p1a: Kingambit|atk|2
|
|upkeep
|turn|2
|
|t:|1784584723
|move|p2a: Glimmora|Spiky Shield|p2a: Glimmora
|-singleturn|p2a: Glimmora|move: Protect
|move|p1a: Kingambit|Protect|p1a: Kingambit
|-singleturn|p1a: Kingambit|Protect
|move|p2b: Weavile|Knock Off|p1a: Kingambit
|-activate|p1a: Kingambit|move: Protect
|move|p1b: Sneasler|Close Combat|p2b: Weavile
|-supereffective|p2b: Weavile|2
|-crit|p2b: Weavile
|-enditem|p2b: Weavile|Focus Sash
|-damage|p2b: Weavile|1/100
|-unboost|p1b: Sneasler|def|1
|-unboost|p1b: Sneasler|spd|1
|
|upkeep
|turn|3
|inactive|Mystical777 has 30 seconds left.
|inactive|axcoquette has 30 seconds left.
|
|t:|1784584753
|switch|p2a: Ceruledge|Ceruledge, L50, M|100/100
|move|p1a: Kingambit|Sucker Punch||[still]
|-fail|p1a: Kingambit
|move|p2b: Weavile|Knock Off|p1a: Kingambit
|-resisted|p1a: Kingambit|1
|-damage|p1a: Kingambit|0 fnt
|-enditem|p1a: Kingambit|Black Glasses|[from] move: Knock Off|[of] p2b: Weavile
|faint|p1a: Kingambit
|move|p1b: Sneasler|Dire Claw|p2b: Weavile
|-damage|p2b: Weavile|0 fnt
|faint|p2b: Weavile
|
|upkeep
|
|t:|1784584770
|switch|p2b: Milotic|Milotic, L50, F|100/100
|switch|p1a: Aerodactyl|Aerodactyl, L50, M|100/100
|-ability|p1a: Aerodactyl|Unnerve
|turn|4
|
|t:|1784584785
|detailschange|p1a: Aerodactyl|Aerodactyl-Mega, L50, M
|-mega|p1a: Aerodactyl|Aerodactyl|Aerodactylite
|move|p1a: Aerodactyl|Rock Slide|p2b: Milotic|[spread] p2a,p2b
|-supereffective|p2a: Ceruledge|1
|-damage|p2a: Ceruledge|39/100
|-damage|p2b: Milotic|76/100
|move|p1b: Sneasler|Close Combat|p2b: Milotic
|-damage|p2b: Milotic|26/100
|-unboost|p1b: Sneasler|def|1
|-unboost|p1b: Sneasler|spd|1
|move|p2a: Ceruledge|Bitter Blade|p1b: Sneasler
|-damage|p1b: Sneasler|0 fnt
|-heal|p2a: Ceruledge|72/100|[from] drain|[of] p1b: Sneasler
|faint|p1b: Sneasler
|move|p2b: Milotic|Coil|p2b: Milotic
|-boost|p2b: Milotic|atk|1
|-boost|p2b: Milotic|def|1
|-boost|p2b: Milotic|accuracy|1
|
|-heal|p2b: Milotic|32/100|[from] item: Leftovers
|upkeep
|
|t:|1784584806
|switch|p1b: Alcremie|Alcremie, L50, F|100/100
|turn|5
|
|t:|1784584825
|move|p1a: Aerodactyl|Rock Slide|p2b: Milotic|[spread] p2a,p2b
|-supereffective|p2a: Ceruledge|1
|-damage|p2a: Ceruledge|16/100
|-damage|p2b: Milotic|16/100
|move|p1b: Alcremie|Decorate|p1a: Aerodactyl
|-boost|p1a: Aerodactyl|atk|2
|-boost|p1a: Aerodactyl|spa|2
|move|p2a: Ceruledge|Bitter Blade|p1b: Alcremie
|-damage|p1b: Alcremie|49/100
|-heal|p2a: Ceruledge|40/100|[from] drain|[of] p1b: Alcremie
|cant|p2b: Milotic|flinch
|
|-heal|p2b: Milotic|22/100|[from] item: Leftovers
|upkeep
|turn|6
|
|t:|1784584844
|move|p2a: Ceruledge|Shadow Sneak|p1b: Alcremie
|-damage|p1b: Alcremie|26/100
|move|p1a: Aerodactyl|Rock Slide|p2a: Ceruledge|[spread] p2b
|-miss|p1a: Aerodactyl|p2a: Ceruledge
|-damage|p2b: Milotic|0 fnt
|faint|p2b: Milotic
|move|p1b: Alcremie|Decorate|p1a: Aerodactyl
|-boost|p1a: Aerodactyl|atk|2
|-boost|p1a: Aerodactyl|spa|2
|
|upkeep
|
|t:|1784584854
|switch|p2b: Glimmora|Glimmora-Mega, L50, M|100/100
|turn|7
|
|t:|1784584868
|move|p1a: Aerodactyl|Rock Slide|p2a: Ceruledge|[spread] p2a,p2b
|-supereffective|p2a: Ceruledge|1
|-damage|p2a: Ceruledge|0 fnt
|-damage|p2b: Glimmora|0 fnt
|faint|p2a: Ceruledge
|faint|p2b: Glimmora
|
|win|Mystical777
