|j|☆DobleClimaPeroBien
|j|☆reuman
|html|DobleClimaPeroBienreuman    
|uhtml|bestof|Game 1 of a best-of-3
|t:|1785431339
|gametype|doubles
|player|p1|DobleClimaPeroBien|li|1000
|player|p2|reuman|lucas|1052
|gen|9
|tier|[Gen 9 Champions] VGC 2026 Reg M-B (Bo3)
|rated|
|rule|Species Clause: Limit one of each Pokémon
|rule|Item Clause: Limit 1 of each item
|clearpoke
|poke|p1|Charizard, L50, M, shiny|
|poke|p1|Excadrill, L50, M, shiny|
|poke|p1|Grimmsnarl, L50, M, shiny|
|poke|p1|Tyranitar, L50, M, shiny|
|poke|p1|Floette-Eternal, L50, F|
|poke|p1|Whimsicott, L50, M, shiny|
|poke|p2|Whimsicott, L50, F, shiny|
|poke|p2|Gengar, L50, F, shiny|
|poke|p2|Garchomp, L50, M|
|poke|p2|Rotom-Wash, L50, shiny|
|poke|p2|Incineroar, L50, M|
|poke|p2|Sylveon, L50, F, shiny|
|teampreview|4
|showteam|p1|Charizard||CharizarditeY|Blaze|HeatWave,WeatherBall,SolarBeam,Protect|Modest||M|||50|]Excadrill||FocusSash|SandRush|IronHead,RockSlide,Earthquake,Protect|Jolly||M|||50|]Grimmsnarl||LightClay|Prankster|SpiritBreak,Reflect,LightScreen,PartingShot|Sassy||M|||50|]Tyranitar||ExpertBelt|SandStream|RockSlide,KnockOff,IcePunch,Protect|Adamant||M|||50|]Floette-Eternal||Floettite|FlowerVeil|Moonblast,DazzlingGleam,LightofRuin,Protect|Timid||F|||50|]Whimsicott||CobaBerry|Prankster|Moonblast,Encore,Tailwind,Protect|Timid||M|||50|
|showteam|p2|Whimsicott||FocusSash|Prankster|Tailwind,Encore,Protect,Moonblast|Bold||F|||50|]Gengar||Gengarite|CursedBody|ShadowBall,FocusBlast,Protect,SludgeWave|Timid||F|||50|]Garchomp||LifeOrb|RoughSkin|StompingTantrum,DragonClaw,Protect,RockSlide|Jolly||M|||50|]Rotom-Wash||BrightPowder|Levitate|WillOWisp,Thunderbolt,HydroPump,Electroweb|Calm|||||50|]Incineroar||SitrusBerry|Intimidate|FlareBlitz,CloseCombat,DarkestLariat,PartingShot|Adamant||M|||50|]Sylveon||Leftovers|Pixilate|HyperVoice,CalmMind,Protect,MysticalFire|Sassy||F|||50|
|inactive|Battle timer is ON: inactive players will automatically lose when time's up. (requested by DobleClimaPeroBien)
|inactive|reuman has 60 seconds left.
|inactive|DobleClimaPeroBien has 60 seconds left.
|
|t:|1785431402
|teamsize|p1|4
|teamsize|p2|4
|start
|switch|p1a: Charizard|Charizard, L50, M, shiny|100/100
|switch|p1b: Grimmsnarl|Grimmsnarl, L50, M, shiny|100/100
|switch|p2a: Whimsicott|Whimsicott, L50, F, shiny|100/100
|switch|p2b: Rotom|Rotom-Wash, L50, shiny|100/100
|turn|1
|inactive|reuman has 30 seconds left.
|
|t:|1785431432
|detailschange|p1a: Charizard|Charizard-Mega-Y, L50, M, shiny
|-mega|p1a: Charizard|Charizard|Charizardite Y
|-weather|SunnyDay|[from] ability: Drought|[of] p1a: Charizard
|move|p2a: Whimsicott|Protect|p2a: Whimsicott
|-singleturn|p2a: Whimsicott|Protect
|move|p1b: Grimmsnarl|Parting Shot|p2b: Rotom
|-unboost|p2b: Rotom|atk|1
|-unboost|p2b: Rotom|spa|1
|
|t:|1785431436
|switch|p1b: Whimsicott|Whimsicott, L50, M, shiny|100/100|[from] Parting Shot
|move|p1a: Charizard|Solar Beam||[still]
|-prepare|p1a: Charizard|Solar Beam
|-anim|p1a: Charizard|Solar Beam|p2b: Rotom
|-supereffective|p2b: Rotom|1
|-damage|p2b: Rotom|4/100
|move|p2b: Rotom|Electroweb|p1a: Charizard|[spread] p1a,p1b
|-supereffective|p1a: Charizard|1
|-resisted|p1b: Whimsicott|1
|-damage|p1a: Charizard|81/100
|-damage|p1b: Whimsicott|92/100
|-unboost|p1a: Charizard|spe|1
|-unboost|p1b: Whimsicott|spe|1
|
|-weather|SunnyDay|[upkeep]
|upkeep
|turn|2
|
|t:|1785431453
|move|p2a: Whimsicott|Tailwind|p2a: Whimsicott
|-sidestart|p2: reuman|move: Tailwind
|move|p1b: Whimsicott|Encore|p2a: Whimsicott
|-start|p2a: Whimsicott|Encore
|move|p2b: Rotom|Thunderbolt|p1a: Charizard
|-supereffective|p1a: Charizard|1
|-damage|p1a: Charizard|38/100
|move|p1a: Charizard|Heat Wave|p2a: Whimsicott|[spread] p2a,p2b
|-supereffective|p2a: Whimsicott|1
|-resisted|p2b: Rotom|1
|-enditem|p2a: Whimsicott|Focus Sash
|-damage|p2a: Whimsicott|1/100
|-damage|p2b: Rotom|0 fnt
|faint|p2b: Rotom
|
|-weather|SunnyDay|[upkeep]
|upkeep
|
|t:|1785431462
|switch|p2b: Garchomp|Garchomp, L50, M|100/100
|turn|3
|
|t:|1785431469
|switch|p2a: Incineroar|Incineroar, L50, M|100/100
|-ability|p2a: Incineroar|Intimidate|boost
|-unboost|p1a: Charizard|atk|1
|-unboost|p1b: Whimsicott|atk|1
|switch|p1a: Grimmsnarl|Grimmsnarl, L50, M, shiny|100/100
|move|p2b: Garchomp|Rock Slide|p1b: Whimsicott|[spread] p1a,p1b
|-crit|p1a: Grimmsnarl
|-damage|p1a: Grimmsnarl|61/100
|-damage|p1b: Whimsicott|64/100
|-damage|p2b: Garchomp|90/100|[from] item: Life Orb
|move|p1b: Whimsicott|Moonblast|p2b: Garchomp
|-supereffective|p2b: Garchomp|1
|-damage|p2b: Garchomp|28/100
|
|-weather|SunnyDay|[upkeep]
|upkeep
|turn|4
|
|t:|1785431488
|move|p1b: Whimsicott|Protect|p1b: Whimsicott
|-singleturn|p1b: Whimsicott|Protect
|move|p2b: Garchomp|Protect|p2b: Garchomp
|-singleturn|p2b: Garchomp|Protect
|move|p1a: Grimmsnarl|Reflect|p1a: Grimmsnarl
|-sidestart|p1: DobleClimaPeroBien|Reflect
|move|p2a: Incineroar|Flare Blitz|p1b: Whimsicott
|-activate|p1b: Whimsicott|move: Protect
|
|-weather|SunnyDay|[upkeep]
|upkeep
|turn|5
|
|t:|1785431501
|switch|p2b: Whimsicott|Whimsicott, L50, F, shiny|1/100
|move|p1b: Whimsicott|Tailwind|p1b: Whimsicott
|-sidestart|p1: DobleClimaPeroBien|move: Tailwind
|move|p1a: Grimmsnarl|Parting Shot|p2b: Whimsicott
|-unboost|p2b: Whimsicott|atk|1
|-unboost|p2b: Whimsicott|spa|1
|
|t:|1785431505
|switch|p1a: Charizard|Charizard-Mega-Y, L50, M, shiny|38/100|[from] Parting Shot
|move|p2a: Incineroar|Flare Blitz|p1b: Whimsicott
|-supereffective|p1b: Whimsicott|1
|-damage|p1b: Whimsicott|0 fnt
|faint|p1b: Whimsicott
|-damage|p2a: Incineroar|84/100|[from] Recoil
|
|-weather|none
|-sideend|p2: reuman|move: Tailwind
|upkeep
|
|t:|1785431508
|switch|p1b: Excadrill|Excadrill, L50, M, shiny|100/100
|turn|6
|
|t:|1785431518
|switch|p2a: Garchomp|Garchomp, L50, M|28/100
|move|p2b: Whimsicott|Tailwind|p2b: Whimsicott
|-sidestart|p2: reuman|move: Tailwind
|move|p1b: Excadrill|Earthquake|p2b: Whimsicott|[spread] p2a,p2b
|-immune|p1a: Charizard
|-resisted|p2b: Whimsicott|1
|-damage|p2a: Garchomp|0 fnt
|-damage|p2b: Whimsicott|0 fnt
|faint|p2a: Garchomp
|faint|p2b: Whimsicott
|move|p1a: Charizard|Heat Wave|p2: Garchomp|[notarget]
|-fail|p1a: Charizard
|
|upkeep
|
|t:|1785431526
|switch|p2b: Incineroar|Incineroar, L50, M|84/100
|-ability|p2b: Incineroar|Intimidate|boost
|-unboost|p1a: Charizard|atk|1
|-unboost|p1b: Excadrill|atk|1
|turn|7
|
|t:|1785431537
|move|p1b: Excadrill|Earthquake|p2b: Incineroar|[spread] p2b
|-immune|p1a: Charizard
|-supereffective|p2b: Incineroar|1
|-damage|p2b: Incineroar|30/100
|-enditem|p2b: Incineroar|Sitrus Berry|[eat]
|-heal|p2b: Incineroar|55/100|[from] item: Sitrus Berry
|move|p1a: Charizard|Weather Ball|p2b: Incineroar
|-damage|p2b: Incineroar|39/100
|move|p2b: Incineroar|Flare Blitz|p1b: Excadrill
|-supereffective|p1b: Excadrill|1
|-damage|p1b: Excadrill|3/100
|-damage|p2b: Incineroar|9/100|[from] Recoil
|
|upkeep
|turn|8
|
|t:|1785431549
|move|p1b: Excadrill|Earthquake|p2b: Incineroar|[spread] p2b
|-immune|p1a: Charizard
|-supereffective|p2b: Incineroar|1
|-damage|p2b: Incineroar|0 fnt
|faint|p2b: Incineroar
|
|win|DobleClimaPeroBien
