|j|Ōśåquecle
|j|Ōśåtailmyroom
|html|quecletailmyroom    
|uhtml|bestof|Game 2 of a best-of-3
|t:|1756302925
|gametype|doubles
|player|p1|quecle|gambler|1293
|player|p2|tailmyroom|scientist-gen4dp|1213
|gen|9
|tier|[Gen 9] VGC 2025 Reg H (Bo3)
|rated|
|rule|Species Clause: Limit one of each Pok├®mon
|rule|Item Clause: Limit 1 of each item
|clearpoke
|poke|p1|Primarina, L50, M|
|poke|p1|Incineroar, L50, M|
|poke|p1|Rillaboom, L50, F|
|poke|p1|Farigiraf, L50, M|
|poke|p1|Archaludon, L50, M|
|poke|p1|Maushold, L50|
|poke|p2|Gholdengo, L50|
|poke|p2|Sneasler, L50, M|
|poke|p2|Rillaboom, L50, F|
|poke|p2|Dragonite, L50, F|
|poke|p2|Ninetales-Alola, L50, F|
|poke|p2|Arcanine-Hisui, L50, F|
|teampreview|4
|showteam|p1|Primarina||Leftovers|LiquidVoice|Protect,CalmMind,HyperVoice,Moonblast|||M|||50|,,,,,Grass]Incineroar||SafetyGoggles|Intimidate|KnockOff,FlareBlitz,PartingShot,FakeOut|||M|||50|,,,,,Ghost]Rillaboom||SitrusBerry|GrassySurge|WoodHammer,GrassyGlide,Uturn,FakeOut|||F|||50|,,,,,Fire]Farigiraf||ThroatSpray|ArmorTail|HyperVoice,Psychic,TrickRoom,Protect|||M|||50|,,,,,Water]Archaludon||AssaultVest|Stamina|BodyPress,Snarl,HeavySlam,DracoMeteor|||M|||50|,,,,,Grass]Maushold||WideLens|Technician|PopulationBomb,FollowMe,Protect,Encore||||||50|,,,,,Ghost
|showteam|p2|Gholdengo||GrassySeed|GoodasGold|NastyPlot,MakeItRain,ShadowBall,Protect||||||50|,,,,,Water]Sneasler||WhiteHerb|Unburden|CloseCombat,DireClaw,Coaching,Protect|||M|||50|,,,,,Ghost]Rillaboom||AssaultVest|GrassySurge|FakeOut,GrassyGlide,DrumBeating,HighHorsepower|||F|||50|,,,,,Fire]Dragonite||LoadedDice|Multiscale|ScaleShot,StompingTantrum,Tailwind,Protect|||F|||50|,,,,,Ground]Ninetales-Alola||FocusSash|SnowWarning|Blizzard,IcyWind,Encore,AuroraVeil|||F|||50|,,,,,Ghost]Arcanine-Hisui||ClearAmulet|Intimidate|RockSlide,FlareBlitz,ExtremeSpeed,Protect|||F|||50|,,,,,Water
|inactive|Battle timer is ON: inactive players will automatically lose when time's up. (requested by tailmyroom)
|
|t:|1756302993
|teamsize|p1|4
|teamsize|p2|4
|start
|switch|p1a: Incineroar|Incineroar, L50, M|100/100
|switch|p1b: Archaludon|Archaludon, L50, M|100/100
|switch|p2a: Dragonite|Dragonite, L50, F|100/100
|switch|p2b: Sneasler|Sneasler, L50, M|100/100
|-ability|p1a: Incineroar|Intimidate|boost
|-unboost|p2a: Dragonite|atk|1
|-unboost|p2b: Sneasler|atk|1
|-enditem|p2b: Sneasler|White Herb
|-clearnegativeboost|p2b: Sneasler|[silent]
|turn|1
|inactive|tailmyroom has 30 seconds left.
|inactive|tailmyroom has 20 seconds left.
|inactive|tailmyroom has 15 seconds left.
|
|t:|1756303035
|move|p2b: Sneasler|Protect|p2b: Sneasler
|-singleturn|p2b: Sneasler|Protect
|move|p2a: Dragonite|Protect|p2a: Dragonite
|-singleturn|p2a: Dragonite|Protect
|move|p1a: Incineroar|Fake Out|p2a: Dragonite
|-activate|p2a: Dragonite|move: Protect
|move|p1b: Archaludon|Draco Meteor|p2a: Dragonite
|-activate|p2a: Dragonite|move: Protect
|
|upkeep
|turn|2
|inactive|tailmyroom has 30 seconds left.
|inactive|quecle has 30 seconds left.
|inactive|quecle has 20 seconds left.
|inactive|quecle has 15 seconds left.
|inactive|quecle has 10 seconds left.
|inactive|tailmyroom has 20 seconds left.
|j| thewanderer55
|inactive|quecle has 5 seconds left.
|
|t:|1756303093
|switch|p1b: Rillaboom|Rillaboom, L50, F|100/100
|-fieldstart|move: Grassy Terrain|[from] ability: Grassy Surge|[of] p1b: Rillaboom
|-terastallize|p2a: Dragonite|Ground
|move|p2b: Sneasler|Close Combat|p1b: Rillaboom
|-damage|p1b: Rillaboom|34/100
|-unboost|p2b: Sneasler|def|1
|-unboost|p2b: Sneasler|spd|1
|-enditem|p1b: Rillaboom|Sitrus Berry|[eat]
|-heal|p1b: Rillaboom|59/100|[from] item: Sitrus Berry
|move|p2a: Dragonite|Scale Shot|p1a: Incineroar
|-damage|p1a: Incineroar|91/100
|-damage|p1a: Incineroar|82/100
|-damage|p1a: Incineroar|73/100
|-damage|p1a: Incineroar|65/100
|-damage|p1a: Incineroar|56/100
|-hitcount|p1a: Incineroar|5
|-unboost|p2a: Dragonite|def|1
|-boost|p2a: Dragonite|spe|1
|move|p1a: Incineroar|Knock Off|p2a: Dragonite
|-damage|p2a: Dragonite|66/100
|-enditem|p2a: Dragonite|Loaded Dice|[from] move: Knock Off|[of] p1a: Incineroar
|
|-heal|p2a: Dragonite|72/100|[from] Grassy Terrain
|-heal|p1b: Rillaboom|66/100|[from] Grassy Terrain
|-heal|p1a: Incineroar|62/100|[from] Grassy Terrain
|upkeep
|turn|3
|inactive|quecle has 30 seconds left.
|inactive|tailmyroom has 30 seconds left.
|inactive|quecle has 20 seconds left.
|inactive|tailmyroom has 20 seconds left.
|inactive|quecle has 15 seconds left.
|inactive|tailmyroom has 15 seconds left.
|inactive|tailmyroom has 10 seconds left.
|
|t:|1756303142
|switch|p2a: Arcanine|Arcanine-Hisui, L50, F|100/100
|-ability|p2a: Arcanine|Intimidate|boost
|-unboost|p1a: Incineroar|atk|1
|-unboost|p1b: Rillaboom|atk|1
|switch|p1a: Archaludon|Archaludon, L50, M|100/100
|move|p1b: Rillaboom|Fake Out|p2b: Sneasler
|-damage|p2b: Sneasler|83/100
|cant|p2b: Sneasler|flinch
|
|-heal|p2b: Sneasler|89/100|[from] Grassy Terrain
|-heal|p1b: Rillaboom|72/100|[from] Grassy Terrain
|upkeep
|turn|4
|inactive|quecle has 30 seconds left.
|inactive|tailmyroom has 30 seconds left.
|inactive|quecle has 20 seconds left.
|inactive|quecle has 15 seconds left.
|inactive|quecle has 10 seconds left.
|
|t:|1756303192
|switch|p1b: Incineroar|Incineroar, L50, M|62/100
|-ability|p1b: Incineroar|Intimidate|boost
|-fail|p2a: Arcanine|unboost|[from] item: Clear Amulet|[of] p2a: Arcanine
|-unboost|p2b: Sneasler|atk|1
|move|p2b: Sneasler|Close Combat|p1a: Archaludon
|-supereffective|p1a: Archaludon
|-crit|p1a: Archaludon
|-damage|p1a: Archaludon|0 fnt
|-unboost|p2b: Sneasler|def|1
|-unboost|p2b: Sneasler|spd|1
|faint|p1a: Archaludon
|move|p2a: Arcanine|Flare Blitz|p1b: Incineroar
|-resisted|p1b: Incineroar
|-damage|p1b: Incineroar|39/100
|-damage|p2a: Arcanine|92/100|[from] Recoil
|
|-heal|p2b: Sneasler|95/100|[from] Grassy Terrain
|-heal|p2a: Arcanine|98/100|[from] Grassy Terrain
|-heal|p1b: Incineroar|45/100|[from] Grassy Terrain
|upkeep
|c|Ōśåquecle|:(
|
|t:|1756303205
|switch|p1a: Primarina|Primarina, L50, M|100/100
|turn|5
|c|Ōśåtailmyroom|damn
|c|Ōśåtailmyroom|sry for the crit
|
|t:|1756303218
|switch|p2b: Gholdengo|Gholdengo, L50|100/100
|-enditem|p2b: Gholdengo|Grassy Seed
|-boost|p2b: Gholdengo|def|1|[from] item: Grassy Seed
|move|p2a: Arcanine|Protect|p2a: Arcanine
|-singleturn|p2a: Arcanine|Protect
|move|p1b: Incineroar|Fake Out|p2b: Gholdengo
|-immune|p2b: Gholdengo
|move|p1a: Primarina|Calm Mind|p1a: Primarina
|-boost|p1a: Primarina|spa|1
|-boost|p1a: Primarina|spd|1
|
|-heal|p2a: Arcanine|100/100|[from] Grassy Terrain
|-heal|p1b: Incineroar|51/100|[from] Grassy Terrain
|upkeep
|turn|6
|
|t:|1756303242
|move|p2a: Arcanine|Rock Slide|p1b: Incineroar|[spread] p1a,p1b
|-supereffective|p1b: Incineroar
|-damage|p1a: Primarina|75/100
|-damage|p1b: Incineroar|2/100
|move|p2b: Gholdengo|Nasty Plot|p2b: Gholdengo
|-boost|p2b: Gholdengo|spa|2
|cant|p1b: Incineroar|flinch
|move|p1a: Primarina|Hyper Voice|p2b: Gholdengo|[spread] p2a,p2b
|-supereffective|p2a: Arcanine
|-damage|p2a: Arcanine|0 fnt
|-damage|p2b: Gholdengo|46/100
|faint|p2a: Arcanine
|
|-heal|p2b: Gholdengo|52/100|[from] Grassy Terrain
|-heal|p1b: Incineroar|8/100|[from] Grassy Terrain
|-heal|p1a: Primarina|81/100|[from] Grassy Terrain
|-heal|p1a: Primarina|87/100|[from] item: Leftovers
|-fieldend|move: Grassy Terrain
|upkeep
|
|t:|1756303253
|switch|p2a: Sneasler|Sneasler, L50, M|95/100
|turn|7
|inactive|quecle has 30 seconds left.
|inactive|quecle has 20 seconds left.
|
|t:|1756303290
|switch|p1b: Rillaboom|Rillaboom, L50, F|72/100
|-fieldstart|move: Grassy Terrain|[from] ability: Grassy Surge|[of] p1b: Rillaboom
|move|p1a: Primarina|Protect|p1a: Primarina
|-singleturn|p1a: Primarina|Protect
|move|p2a: Sneasler|Dire Claw|p1a: Primarina
|-activate|p1a: Primarina|move: Protect
|move|p2b: Gholdengo|Make It Rain|p1a: Primarina|[spread] p1b
|-activate|p1a: Primarina|move: Protect
|-damage|p1b: Rillaboom|0 fnt
|-unboost|p2b: Gholdengo|spa|1
|faint|p1b: Rillaboom
|
|-heal|p2a: Sneasler|100/100|[from] Grassy Terrain
|-heal|p2b: Gholdengo|58/100|[from] Grassy Terrain
|-heal|p1a: Primarina|94/100|[from] Grassy Terrain
|-heal|p1a: Primarina|99/100|[from] item: Leftovers
|upkeep
|
|t:|1756303304
|switch|p1b: Incineroar|Incineroar, L50, M|8/100
|-ability|p1b: Incineroar|Intimidate|boost
|-unboost|p2a: Sneasler|atk|1
|-unboost|p2b: Gholdengo|atk|1
|turn|8
|
|t:|1756303319
|switch|p2a: Dragonite|Dragonite, L50, F, tera:Ground|72/100
|move|p1b: Incineroar|Fake Out|p2a: Dragonite
|-damage|p2a: Dragonite|59/100
|move|p2b: Gholdengo|Make It Rain|p1a: Primarina|[spread] p1a,p1b
|-resisted|p1b: Incineroar
|-damage|p1a: Primarina|62/100
|-damage|p1b: Incineroar|0 fnt
|-unboost|p2b: Gholdengo|spa|1
|faint|p1b: Incineroar
|move|p1a: Primarina|Hyper Voice|p2b: Gholdengo|[spread] p2a,p2b
|-supereffective|p2a: Dragonite
|-damage|p2a: Dragonite|0 fnt
|-damage|p2b: Gholdengo|7/100
|faint|p2a: Dragonite
|
|-heal|p2b: Gholdengo|13/100|[from] Grassy Terrain
|-heal|p1a: Primarina|69/100|[from] Grassy Terrain
|-heal|p1a: Primarina|75/100|[from] item: Leftovers
|upkeep
|
|t:|1756303327
|switch|p2a: Sneasler|Sneasler, L50, M|100/100
|turn|9
|
|t:|1756303333
|move|p1a: Primarina|Protect|p1a: Primarina
|-singleturn|p1a: Primarina|Protect
|move|p2a: Sneasler|Dire Claw|p1a: Primarina
|-activate|p1a: Primarina|move: Protect
|move|p2b: Gholdengo|Make It Rain|p1a: Primarina
|-activate|p1a: Primarina|move: Protect
|
|-heal|p2b: Gholdengo|19/100|[from] Grassy Terrain
|-heal|p1a: Primarina|81/100|[from] Grassy Terrain
|-heal|p1a: Primarina|87/100|[from] item: Leftovers
|upkeep
|turn|10
|
|t:|1756303344
|move|p2a: Sneasler|Dire Claw|p1a: Primarina
|-supereffective|p1a: Primarina
|-damage|p1a: Primarina|4/100
|-status|p1a: Primarina|psn
|move|p2b: Gholdengo|Make It Rain|p1a: Primarina
|-damage|p1a: Primarina|0 fnt
|-unboost|p2b: Gholdengo|spa|1
|faint|p1a: Primarina
|
|win|tailmyroom
|raw|quecle's rating: 1293 → 1262(-31 for losing)
|raw|tailmyroom's rating: 1213 → 1244(+31 for winning)
|c|Ōśåtailmyroom|gg
|c|Ōśåquecle|gg
