|j|☆waveniki
|j|☆Pietplezier7
|html|wavenikiPietplezier7    
|uhtml|bestof|Game 2 of a best-of-3
|t:|1756664057
|gametype|doubles
|player|p1|waveniki|clerk|1215
|player|p2|Pietplezier7|grimsley-gen7|1179
|gen|9
|tier|[Gen 9] VGC 2025 Reg H (Bo3)
|rated|
|rule|Species Clause: Limit one of each Pokémon
|rule|Item Clause: Limit 1 of each item
|clearpoke
|poke|p1|Incineroar, L50, F|
|poke|p1|Amoonguss, L50, M|
|poke|p1|Ursaluna-Bloodmoon, L50, M|
|poke|p1|Dragonite, L50, F|
|poke|p1|Sneasler, L50, M|
|poke|p1|Gholdengo, L50|
|poke|p2|Archaludon, L50, M|
|poke|p2|Dragonite, L50, M|
|poke|p2|Pelipper, L50, F|
|poke|p2|Ursaluna, L50, F|
|poke|p2|Sinistcha, L50|
|poke|p2|Gholdengo, L50|
|teampreview|4
|showteam|p1|Incineroar||SafetyGoggles|Intimidate|FlareBlitz,KnockOff,FakeOut,PartingShot|||F|||50|,,,,,Ghost]Amoonguss||SitrusBerry|Regenerator|PollenPuff,Spore,RagePowder,Protect|||M|||50|,,,,,Psychic]Ursaluna-Bloodmoon||AssaultVest|MindsEye|HyperVoice,BloodMoon,EarthPower,VacuumWave|||M|||50|,,,,,Water]Dragonite||LoadedDice|Multiscale|ScaleShot,Tailwind,Haze,Protect|||F|||50|,,,,,Fairy]Sneasler||FocusSash|Unburden|CloseCombat,DireClaw,ThroatChop,Protect|||M|||50|,,,,,Stellar]Gholdengo||LifeOrb|GoodasGold|MakeItRain,ShadowBall,NastyPlot,Protect||||||50|,,,,,Water
|showteam|p2|Archaludon||AssaultVest|Stamina|FlashCannon,BodyPress,ElectroShot,DracoMeteor|||M|||50|,,,,,Grass]Dragonite||LoadedDice|Multiscale|ScaleShot,Tailwind,Haze,Protect|||M|||50|,,,,,Fairy]Pelipper||FocusSash|Drizzle|MuddyWater,Hurricane,Tailwind,Protect|||F|||50|,,,,,Ghost]Ursaluna||FlameOrb|Guts|Facade,HeadlongRush,Earthquake,Protect|||F|||50|,,,,,Dragon]Sinistcha||SitrusBerry|Hospitality|MatchaGotcha,LifeDew,RagePowder,TrickRoom||||||50|,,,,,Dark]Gholdengo||ChoiceScarf|GoodasGold|MakeItRain,ShadowBall,Trick,Protect||||||50|,,,,,Flying
|inactive|Battle timer is ON: inactive players will automatically lose when time's up. (requested by Pietplezier7)
|inactive|waveniki also wants the timer to be on.
|j| Paranoix
|inactive|Pietplezier7 has 60 seconds left.
|inactive|Pietplezier7 has 30 seconds left.
|
|t:|1756664122
|teamsize|p1|4
|teamsize|p2|4
|start
|switch|p1a: Dragonite|Dragonite, L50, F|100/100
|switch|p1b: Ursaluna|Ursaluna-Bloodmoon, L50, M|100/100
|switch|p2a: Dragonite|Dragonite, L50, M|100/100
|switch|p2b: Pelipper|Pelipper, L50, F|100/100
|-weather|RainDance|[from] ability: Drizzle|[of] p2b: Pelipper
|turn|1
|inactive|waveniki has 30 seconds left.
|inactive|Pietplezier7 has 30 seconds left.
|
|t:|1756664151
|-terastallize|p1a: Dragonite|Fairy
|-terastallize|p2a: Dragonite|Fairy
|move|p2a: Dragonite|Tailwind|p2a: Dragonite
|-sidestart|p2: Pietplezier7|move: Tailwind
|move|p2b: Pelipper|Muddy Water|p1a: Dragonite|[spread] p1a,p1b
|-supereffective|p1b: Ursaluna
|-damage|p1a: Dragonite|74/100
|-damage|p1b: Ursaluna|36/100
|move|p1a: Dragonite|Tailwind|p1a: Dragonite
|-sidestart|p1: waveniki|move: Tailwind
|move|p1b: Ursaluna|Hyper Voice|p2b: Pelipper|[spread] p2a,p2b
|-damage|p2a: Dragonite|83/100
|-damage|p2b: Pelipper|34/100
|
|-weather|RainDance|[upkeep]
|upkeep
|turn|2
|inactive|Pietplezier7 has 30 seconds left.
|
|t:|1756664179
|switch|p2b: Gholdengo|Gholdengo, L50|100/100
|switch|p1b: Gholdengo|Gholdengo, L50|100/100
|move|p1a: Dragonite|Scale Shot|p2b: Gholdengo
|-resisted|p2b: Gholdengo
|-crit|p2b: Gholdengo
|-damage|p2b: Gholdengo|88/100
|-resisted|p2b: Gholdengo
|-crit|p2b: Gholdengo
|-damage|p2b: Gholdengo|77/100
|-resisted|p2b: Gholdengo
|-damage|p2b: Gholdengo|68/100
|-resisted|p2b: Gholdengo
|-crit|p2b: Gholdengo
|-damage|p2b: Gholdengo|57/100
|-resisted|p2b: Gholdengo
|-damage|p2b: Gholdengo|49/100
|-hitcount|p2b: Gholdengo|5
|-unboost|p1a: Dragonite|def|1
|-boost|p1a: Dragonite|spe|1
|move|p2a: Dragonite|Scale Shot|p1b: Gholdengo
|-resisted|p1b: Gholdengo
|-damage|p1b: Gholdengo|92/100
|-resisted|p1b: Gholdengo
|-damage|p1b: Gholdengo|84/100
|-resisted|p1b: Gholdengo
|-damage|p1b: Gholdengo|76/100
|-resisted|p1b: Gholdengo
|-damage|p1b: Gholdengo|69/100
|-hitcount|p1b: Gholdengo|4
|-unboost|p2a: Dragonite|def|1
|-boost|p2a: Dragonite|spe|1
|
|-weather|RainDance|[upkeep]
|upkeep
|turn|3
|inactive|Pietplezier7 has 30 seconds left.
|inactive|Pietplezier7 has 20 seconds left.
|inactive|waveniki has 30 seconds left.
|inactive|Pietplezier7 has 15 seconds left.
|inactive|Pietplezier7 has 10 seconds left.
|inactive|waveniki has 20 seconds left.
|
|t:|1756664233
|move|p2a: Dragonite|Scale Shot|p1b: Gholdengo
|-resisted|p1b: Gholdengo
|-crit|p1b: Gholdengo
|-damage|p1b: Gholdengo|58/100
|-resisted|p1b: Gholdengo
|-damage|p1b: Gholdengo|51/100
|-resisted|p1b: Gholdengo
|-damage|p1b: Gholdengo|42/100
|-resisted|p1b: Gholdengo
|-damage|p1b: Gholdengo|34/100
|-resisted|p1b: Gholdengo
|-damage|p1b: Gholdengo|26/100
|-hitcount|p1b: Gholdengo|5
|-unboost|p2a: Dragonite|def|1
|-boost|p2a: Dragonite|spe|1
|move|p1a: Dragonite|Scale Shot|p2b: Gholdengo
|-resisted|p2b: Gholdengo
|-damage|p2b: Gholdengo|41/100
|-resisted|p2b: Gholdengo
|-damage|p2b: Gholdengo|33/100
|-resisted|p2b: Gholdengo
|-damage|p2b: Gholdengo|24/100
|-resisted|p2b: Gholdengo
|-damage|p2b: Gholdengo|16/100
|-resisted|p2b: Gholdengo
|-damage|p2b: Gholdengo|8/100
|-hitcount|p2b: Gholdengo|5
|-unboost|p1a: Dragonite|def|1
|-boost|p1a: Dragonite|spe|1
|move|p2b: Gholdengo|Shadow Ball|p1b: Gholdengo
|-supereffective|p1b: Gholdengo
|-damage|p1b: Gholdengo|0 fnt
|faint|p1b: Gholdengo
|
|-weather|RainDance|[upkeep]
|upkeep
|
|t:|1756664241
|switch|p1b: Sneasler|Sneasler, L50, M|100/100
|turn|4
|inactive|Pietplezier7 has 30 seconds left.
|inactive|Pietplezier7 has 20 seconds left.
|inactive|Pietplezier7 has 15 seconds left.
|
|t:|1756664281
|move|p2a: Dragonite|Scale Shot|p1b: Sneasler
|-damage|p1b: Sneasler|77/100
|-damage|p1b: Sneasler|53/100
|-damage|p1b: Sneasler|27/100
|-damage|p1b: Sneasler|1/100
|-hitcount|p1b: Sneasler|4
|-unboost|p2a: Dragonite|def|1
|-boost|p2a: Dragonite|spe|1
|move|p1a: Dragonite|Haze|p1a: Dragonite
|-clearallboost
|move|p2b: Gholdengo|Shadow Ball|p1a: Dragonite
|-damage|p1a: Dragonite|24/100
|-unboost|p1a: Dragonite|spd|1
|move|p1b: Sneasler|Dire Claw|p2a: Dragonite
|-supereffective|p2a: Dragonite
|-damage|p2a: Dragonite|0 fnt
|faint|p2a: Dragonite
|
|-weather|RainDance|[upkeep]
|-sideend|p2: Pietplezier7|move: Tailwind
|-sideend|p1: waveniki|move: Tailwind
|upkeep
|
|t:|1756664303
|switch|p2a: Archaludon|Archaludon, L50, M|100/100
|turn|5
|
|t:|1756664320
|move|p2b: Gholdengo|Shadow Ball|p1b: Sneasler
|-damage|p1b: Sneasler|0 fnt
|faint|p1b: Sneasler
|move|p1a: Dragonite|Scale Shot|p2b: Gholdengo
|-resisted|p2b: Gholdengo
|-damage|p2b: Gholdengo|1/100
|-resisted|p2b: Gholdengo
|-damage|p2b: Gholdengo|0 fnt
|faint|p2b: Gholdengo
|-hitcount|p2: Gholdengo|2
|-unboost|p1a: Dragonite|def|1
|-boost|p1a: Dragonite|spe|1
|move|p2a: Archaludon|Flash Cannon|p1a: Dragonite
|-supereffective|p1a: Dragonite
|-damage|p1a: Dragonite|0 fnt
|faint|p1a: Dragonite
|
|-weather|none
|upkeep
|
|t:|1756664323
|switch|p1b: Ursaluna|Ursaluna-Bloodmoon, L50, M|36/100
|switch|p2b: Pelipper|Pelipper, L50, F|34/100
|-weather|RainDance|[from] ability: Drizzle|[of] p2b: Pelipper
|turn|6
|
|t:|1756664336
|move|p2b: Pelipper|Hurricane|p1b: Ursaluna
|-damage|p1b: Ursaluna|0 fnt
|faint|p1b: Ursaluna
|
|win|Pietplezier7
||waveniki is ready for game 3.
||Pietplezier7 is ready for game 3.
|uhtml|next|Next: Game 3 of 3
