|j|☆homerj71
|j|☆ImseSixten
|html|homerj71ImseSixten    
|uhtml|bestof|Game 1 of a best-of-3
|t:|1784800007
|gametype|doubles
|player|p1|homerj71|101|1106
|player|p2|ImseSixten|arezu|1181
|gen|9
|tier|[Gen 9 Champions] VGC 2026 Reg M-B (Bo3)
|rated|
|rule|Species Clause: Limit one of each Pokémon
|rule|Item Clause: Limit 1 of each item
|clearpoke
|poke|p1|Sneasler, L50, M|
|poke|p1|Sinistcha, L50|
|poke|p1|Incineroar, L50, F|
|poke|p1|Kingambit, L50, M|
|poke|p1|Delphox, L50, M|
|poke|p1|Blastoise, L50, M|
|poke|p2|Houndoom, L50, M|
|poke|p2|Ninetales, L50, M, shiny|
|poke|p2|Whimsicott, L50, F|
|poke|p2|Floette-Eternal, L50, F|
|poke|p2|Basculegion, L50, M|
|poke|p2|Sneasler, L50, F|
|teampreview|4
|showteam|p1|Sneasler||FocusSash|PoisonTouch|FakeOut,QuickGuard,DireClaw,CloseCombat|Jolly||M|||50|]Sinistcha||OccaBerry|Hospitality|Protect,RagePowder,MatchaGotcha,TrickRoom|Relaxed|||||50|]Incineroar||SitrusBerry|Intimidate|FakeOut,FlareBlitz,ThroatChop,PartingShot|Careful||F|||50|]Kingambit||BlackGlasses|Defiant|KowtowCleave,SwordsDance,SuckerPunch,Protect|Adamant||M|||50|]Delphox||Delphoxite|Blaze|Protect,NastyPlot,HeatWave,Psyshock|Timid||M|||50|]Blastoise||Blastoisinite|RainDish|WaterSpout,DarkPulse,Protect,ShellSmash|Modest||M|||50|
|showteam|p2|Houndoom||Houndoominite|FlashFire|HeatWave,Snarl,Flamethrower,Protect|Timid||M|||50|]Ninetales||ChoiceScarf|Drought|HeatWave,Overheat,SolarBeam,FakeTears|Modest||M|||50|]Whimsicott||FocusSash|Prankster|Moonblast,Tailwind,SunnyDay,Protect|Timid||F|||50|]Floette-Eternal||Floettite|FlowerVeil|Moonblast,DazzlingGleam,LightofRuin,Protect|Modest||F|||50|]Basculegion||MysticWater|Adaptability|WaveCrash,AquaJet,LastRespects,Protect|Adamant||M|||50|]Sneasler||LifeOrb|PoisonTouch|CloseCombat,PoisonJab,RockSlide,Protect|Adamant||F|||50|
|inactive|Battle timer is ON: inactive players will automatically lose when time's up. (requested by homerj71)
|inactive|ImseSixten also wants the timer to be on.
|inactive|homerj71 has 60 seconds left.
|inactive|ImseSixten has 60 seconds left.
|
|t:|1784800044
|teamsize|p1|4
|teamsize|p2|4
|start
|switch|p1a: Blastoise|Blastoise, L50, M|100/100
|switch|p1b: Incineroar|Incineroar, L50, F|100/100
|switch|p2a: Houndoom|Houndoom, L50, M|100/100
|switch|p2b: Ninetales|Ninetales, L50, M, shiny|100/100
|-weather|SunnyDay|[from] ability: Drought|[of] p2b: Ninetales
|-ability|p1b: Incineroar|Intimidate|boost
|-unboost|p2a: Houndoom|atk|1
|-unboost|p2b: Ninetales|atk|1
|turn|1
|inactive|homerj71 has 30 seconds left.
|
|t:|1784800074
|detailschange|p2a: Houndoom|Houndoom-Mega, L50, M
|-mega|p2a: Houndoom|Houndoom|Houndoominite
|detailschange|p1a: Blastoise|Blastoise-Mega, L50, M
|-mega|p1a: Blastoise|Blastoise|Blastoisinite
|move|p1b: Incineroar|Fake Out|p2b: Ninetales
|-damage|p2b: Ninetales|84/100
|cant|p2b: Ninetales|flinch
|move|p2a: Houndoom|Snarl|p1b: Incineroar|[spread] p1a,p1b
|-resisted|p1b: Incineroar|1
|-damage|p1a: Blastoise|64/100
|-damage|p1b: Incineroar|87/100
|-unboost|p1a: Blastoise|spa|1
|-unboost|p1b: Incineroar|spa|1
|move|p1a: Blastoise|Water Spout|p2a: Houndoom|[spread] p2a,p2b
|-supereffective|p2a: Houndoom|1
|-crit|p2a: Houndoom
|-supereffective|p2b: Ninetales|1
|-damage|p2a: Houndoom|19/100
|-damage|p2b: Ninetales|52/100
|
|-weather|SunnyDay|[upkeep]
|-damage|p2a: Houndoom|7/100|[from] ability: Solar Power|[of] p2a: Houndoom
|upkeep
|turn|2
|inactive|homerj71 has 30 seconds left.
|inactive|ImseSixten has 30 seconds left.
|
|t:|1784800101
|switch|p2a: Basculegion|Basculegion, L50, M|100/100
|move|p1a: Blastoise|Protect|p1a: Blastoise
|-singleturn|p1a: Blastoise|Protect
|move|p2b: Ninetales|Solar Beam||[still]
|-prepare|p2b: Ninetales|Solar Beam
|-anim|p2b: Ninetales|Solar Beam|p1b: Incineroar
|-resisted|p1b: Incineroar|1
|-damage|p1b: Incineroar|74/100
|move|p1b: Incineroar|Parting Shot|p2b: Ninetales
|-unboost|p2b: Ninetales|atk|1
|-unboost|p2b: Ninetales|spa|1
|
|t:|1784800115
|switch|p1b: Sinistcha|Sinistcha, L50|100/100|[from] Parting Shot
|-heal|p1a: Blastoise|89/100|[from] ability: Hospitality|[of] p1b: Sinistcha
|
|-weather|SunnyDay|[upkeep]
|upkeep
|turn|3
|
|t:|1784800124
|switch|p2b: Whimsicott|Whimsicott, L50, F|100/100
|move|p1b: Sinistcha|Rage Powder|p1b: Sinistcha
|-singleturn|p1b: Sinistcha|move: Rage Powder
|move|p2a: Basculegion|Last Respects|p1b: Sinistcha
|-supereffective|p1b: Sinistcha|1
|-damage|p1b: Sinistcha|48/100
|move|p1a: Blastoise|Shell Smash|p1a: Blastoise
|-unboost|p1a: Blastoise|def|1
|-unboost|p1a: Blastoise|spd|1
|-boost|p1a: Blastoise|atk|2
|-boost|p1a: Blastoise|spa|2
|-boost|p1a: Blastoise|spe|2
|
|-weather|SunnyDay|[upkeep]
|upkeep
|turn|4
|
|t:|1784800143
|move|p2a: Basculegion|Protect|p2a: Basculegion
|-singleturn|p2a: Basculegion|Protect
|move|p2b: Whimsicott|Tailwind|p2b: Whimsicott
|-sidestart|p2: ImseSixten|move: Tailwind
|move|p1a: Blastoise|Dark Pulse|p2a: Basculegion
|-activate|p2a: Basculegion|move: Protect
|move|p1b: Sinistcha|Matcha Gotcha|p2a: Basculegion|[spread] p2b
|-activate|p2a: Basculegion|move: Protect
|-resisted|p2b: Whimsicott|1
|-damage|p2b: Whimsicott|80/100
|-heal|p1b: Sinistcha|55/100|[from] drain|[of] p2b: Whimsicott
|
|-weather|SunnyDay|[upkeep]
|upkeep
|turn|5
|
|t:|1784800165
|move|p1b: Sinistcha|Rage Powder|p1b: Sinistcha
|-singleturn|p1b: Sinistcha|move: Rage Powder
|move|p2b: Whimsicott|Moonblast|p1a: Blastoise
|-damage|p1a: Blastoise|32/100
|move|p1a: Blastoise|Dark Pulse|p2a: Basculegion
|-supereffective|p2a: Basculegion|1
|-damage|p2a: Basculegion|0 fnt
|faint|p2a: Basculegion
|
|-weather|none
|upkeep
|
|t:|1784800173
|switch|p2a: Houndoom|Houndoom-Mega, L50, M|7/100
|turn|6
|
|t:|1784800177
|switch|p1a: Incineroar|Incineroar, L50, F|74/100
|-ability|p1a: Incineroar|Intimidate|boost
|-unboost|p2a: Houndoom|atk|1
|-unboost|p2b: Whimsicott|atk|1
|move|p2b: Whimsicott|Moonblast|p1a: Incineroar
|-damage|p1a: Incineroar|43/100
|-enditem|p1a: Incineroar|Sitrus Berry|[eat]
|-heal|p1a: Incineroar|67/100|[from] item: Sitrus Berry
|move|p2a: Houndoom|Flamethrower|p1b: Sinistcha
|-supereffective|p1b: Sinistcha|1
|-enditem|p1b: Sinistcha|Occa Berry|[eat]
|-enditem|p1b: Sinistcha|Occa Berry|[weaken]
|-damage|p1b: Sinistcha|1/100
|move|p1b: Sinistcha|Matcha Gotcha|p2a: Houndoom|[spread] p2a,p2b
|-resisted|p2a: Houndoom|1
|-resisted|p2b: Whimsicott|1
|-damage|p2a: Houndoom|0 fnt
|-heal|p1b: Sinistcha|5/100|[from] drain|[of] p2a: Houndoom
|-damage|p2b: Whimsicott|62/100
|-heal|p1b: Sinistcha|12/100|[from] drain|[of] p2b: Whimsicott
|faint|p2a: Houndoom
|
|upkeep
|
|t:|1784800181
|switch|p2a: Ninetales|Ninetales, L50, M, shiny|52/100
|-weather|SunnyDay|[from] ability: Drought|[of] p2a: Ninetales
|turn|7
|
|t:|1784800200
|move|p1b: Sinistcha|Protect|p1b: Sinistcha
|-singleturn|p1b: Sinistcha|Protect
|move|p2a: Ninetales|Heat Wave|p1a: Incineroar|[spread] p1a
|-activate|p1b: Sinistcha|move: Protect
|-resisted|p1a: Incineroar|1
|-crit|p1a: Incineroar
|-damage|p1a: Incineroar|41/100
|move|p2b: Whimsicott|Moonblast|p1b: Sinistcha
|-activate|p1b: Sinistcha|move: Protect
|move|p1a: Incineroar|Flare Blitz|p2b: Whimsicott
|-supereffective|p2b: Whimsicott|1
|-damage|p2b: Whimsicott|0 fnt
|faint|p2b: Whimsicott
|-damage|p1a: Incineroar|27/100|[from] Recoil
|
|-weather|SunnyDay|[upkeep]
|-sideend|p2: ImseSixten|move: Tailwind
|upkeep
|turn|8
|-message|ImseSixten forfeited.
|
|win|homerj71
