|j|☆mertering
|j|☆GrovyleSSJ
|html|merteringGrovyleSSJ    
|uhtml|bestof|Game 3 of a best-of-3
|t:|1782645517
|gametype|doubles
|player|p1|mertering|steven|1536
|player|p2|GrovyleSSJ|1|1390
|gen|9
|tier|[Gen 9 Champions] VGC 2026 Reg M-B (Bo3)
|rated|
|rule|Species Clause: Limit one of each Pokémon
|rule|Item Clause: Limit 1 of each item
|clearpoke
|poke|p1|Blaziken, L50, M|
|poke|p1|Kingambit, L50, M|
|poke|p1|Basculegion, L50, M|
|poke|p1|Farigiraf, L50, F|
|poke|p1|Floette-Eternal, L50, F|
|poke|p1|Whimsicott, L50, M|
|poke|p2|Gengar, L50, M|
|poke|p2|Incineroar, L50, F|
|poke|p2|Ninetales-Alola, L50, F|
|poke|p2|Snorlax, L50, F|
|poke|p2|Dragonite, L50, M|
|poke|p2|Sneasler, L50, F|
|teampreview|4
|showteam|p1|Blaziken||Blazikenite|SpeedBoost|CloseCombat,FlareBlitz,RockSlide,Protect|Adamant||M|||50|]Kingambit||BlackGlasses|Defiant|KowtowCleave,SuckerPunch,IronHead,LowKick|Adamant||M|||50|]Basculegion||LifeOrb|Adaptability|WaveCrash,LastRespects,AquaJet,Protect|Jolly||M|||50|]Farigiraf||SitrusBerry|ArmorTail|Imprison,Psyshock,HelpingHand,TrickRoom|Bold||F|||50|]Floette-Eternal||Floettite|FlowerVeil|DazzlingGleam,Moonblast,LightofRuin,Protect|Modest||F|||50|]Whimsicott||FocusSash|Prankster|Moonblast,Tailwind,Encore,Protect|Timid||M|||50|
|showteam|p2|Gengar||Gengarite|CursedBody|Protect,PerishSong,SludgeBomb,ShadowBall|Timid||M|||50|]Incineroar||SitrusBerry|Intimidate|FakeOut,PartingShot,FlareBlitz,Protect|Sassy||F|||50|]Ninetales-Alola||FocusSash|SnowWarning|Protect,Encore,Disable,Blizzard|Timid||F|||50|]Snorlax||Leftovers|ThickFat|Protect,Yawn,Encore,HighHorsepower|Relaxed||F|||50|]Dragonite||DragonFang|Multiscale|Protect,LowKick,ExtremeSpeed,DragonClaw|Adamant||M|||50|]Sneasler||WhiteHerb|Unburden|Protect,FakeOut,CloseCombat,DireClaw|Adamant||F|||50|
|inactive|Battle timer is ON: inactive players will automatically lose when time's up. (requested by mertering)
|inactive|mertering has 60 seconds left.
|inactive|GrovyleSSJ has 60 seconds left.
|inactive|GrovyleSSJ has 30 seconds left.
|inactive|GrovyleSSJ has 20 seconds left.
|
|t:|1782645593
|teamsize|p1|4
|teamsize|p2|4
|start
|switch|p1a: Basculegion|Basculegion, L50, M|100/100
|switch|p1b: Farigiraf|Farigiraf, L50, F|100/100
|switch|p2a: Gengar|Gengar, L50, M|100/100
|switch|p2b: Sneasler|Sneasler, L50, F|100/100
|turn|1
|
|t:|1782645617
|switch|p2b: Snorlax|Snorlax, L50, F|100/100
|detailschange|p2a: Gengar|Gengar-Mega, L50, M
|-mega|p2a: Gengar|Gengar|Gengarite
|move|p1a: Basculegion|Protect|p1a: Basculegion
|-singleturn|p1a: Basculegion|Protect
|move|p2a: Gengar|Shadow Ball|p1a: Basculegion
|-activate|p1a: Basculegion|move: Protect
|move|p1b: Farigiraf|Trick Room|p1b: Farigiraf
|-fieldstart|move: Trick Room|[of] p1b: Farigiraf
|
|upkeep
|turn|2
|inactive|mertering has 30 seconds left.
|inactive|GrovyleSSJ has 30 seconds left.
|
|t:|1782645651
|switch|p1a: Kingambit|Kingambit, L50, M|100/100
|switch|p2a: Dragonite|Dragonite, L50, M|100/100
|move|p1b: Farigiraf|Helping Hand|p1a: Kingambit
|-singleturn|p1a: Kingambit|Helping Hand|[of] p1b: Farigiraf
|move|p2b: Snorlax|Encore||[still]
|-fail|p2b: Snorlax
|
|upkeep
|turn|3
|inactive|mertering has 30 seconds left.
|
|t:|1782645682
|move|p2b: Snorlax|Yawn|p1a: Kingambit
|-start|p1a: Kingambit|move: Yawn|[of] p2b: Snorlax
|move|p1b: Farigiraf|Psyshock|p2a: Dragonite
|-damage|p2a: Dragonite|84/100
|move|p1a: Kingambit|Kowtow Cleave|p2a: Dragonite
|-damage|p2a: Dragonite|27/100
|move|p2a: Dragonite|Low Kick|p1a: Kingambit
|-supereffective|p1a: Kingambit|2
|-damage|p1a: Kingambit|0 fnt
|faint|p1a: Kingambit
|
|upkeep
|inactive|mertering has 30 seconds left.
|
|t:|1782645708
|switch|p1a: Floette|Floette-Eternal, L50, F|100/100
|turn|4
|
|t:|1782645726
|detailschange|p1a: Floette|Floette-Mega, L50, F
|-mega|p1a: Floette|Floette|Floettite
|-ability|p1a: Floette|Fairy Aura
|move|p1b: Farigiraf|Helping Hand|p1a: Floette
|-singleturn|p1a: Floette|Helping Hand|[of] p1b: Farigiraf
|move|p2a: Dragonite|Protect|p2a: Dragonite
|-singleturn|p2a: Dragonite|Protect
|move|p2b: Snorlax|Yawn|p1a: Floette
|-start|p1a: Floette|move: Yawn|[of] p2b: Snorlax
|move|p1a: Floette|Dazzling Gleam|p2b: Snorlax|[spread] p2b
|-activate|p2a: Dragonite|move: Protect
|-damage|p2b: Snorlax|53/100
|
|-heal|p2b: Snorlax|59/100|[from] item: Leftovers
|upkeep
|turn|5
|
|t:|1782645746
|move|p1b: Farigiraf|Helping Hand|p1a: Floette
|-singleturn|p1a: Floette|Helping Hand|[of] p1b: Farigiraf
|move|p2b: Snorlax|Yawn|p1b: Farigiraf
|-start|p1b: Farigiraf|move: Yawn|[of] p2b: Snorlax
|move|p2a: Dragonite|Dragon Claw|p1b: Farigiraf
|-damage|p1b: Farigiraf|59/100
|move|p1a: Floette|Dazzling Gleam|p2a: Dragonite|[spread] p2a,p2b
|-supereffective|p2a: Dragonite|1
|-damage|p2a: Dragonite|0 fnt
|-damage|p2b: Snorlax|13/100
|faint|p2a: Dragonite
|
|-heal|p2b: Snorlax|19/100|[from] item: Leftovers
|-end|p1a: Floette|move: Yawn|[silent]
|-status|p1a: Floette|slp
|-fieldend|move: Trick Room
|upkeep
|
|t:|1782645760
|switch|p2a: Sneasler|Sneasler, L50, F|100/100
|turn|6
|inactive|mertering has 30 seconds left.
|
|t:|1782645786
|move|p2a: Sneasler|Dire Claw|p1a: Floette
|-supereffective|p1a: Floette|1
|-damage|p1a: Floette|0 fnt
|-fail|p1a: Floette|slp
|faint|p1a: Floette
|move|p2b: Snorlax|Yawn||[still]
|-fail|p2b: Snorlax
|move|p1b: Farigiraf|Trick Room|p1b: Farigiraf
|-fieldstart|move: Trick Room|[of] p1b: Farigiraf
|
|-heal|p2b: Snorlax|25/100|[from] item: Leftovers
|-end|p1b: Farigiraf|move: Yawn|[silent]
|-status|p1b: Farigiraf|slp
|upkeep
|
|t:|1782645797
|switch|p1a: Basculegion|Basculegion, L50, M|100/100
|turn|7
|
|t:|1782645807
|move|p2a: Sneasler|Protect|p2a: Sneasler
|-singleturn|p2a: Sneasler|Protect
|move|p2b: Snorlax|Yawn|p1a: Basculegion
|-start|p1a: Basculegion|move: Yawn|[of] p2b: Snorlax
|cant|p1b: Farigiraf|slp
|move|p1a: Basculegion|Wave Crash|p2b: Snorlax
|-damage|p2b: Snorlax|0 fnt
|faint|p2b: Snorlax
|-damage|p1a: Basculegion|88/100|[from] Recoil
|-damage|p1a: Basculegion|79/100|[from] item: Life Orb
|
|upkeep
|
|t:|1782645812
|switch|p2b: Gengar|Gengar-Mega, L50, M|100/100
|turn|8
|
|t:|1782645831
|move|p2a: Sneasler|Protect||[still]
|-fail|p2a: Sneasler
|cant|p1b: Farigiraf|slp
|move|p1a: Basculegion|Last Respects|p2b: Gengar
|-supereffective|p2b: Gengar|1
|-damage|p2b: Gengar|0 fnt
|faint|p2b: Gengar
|-damage|p1a: Basculegion|69/100|[from] item: Life Orb
|
|-end|p1a: Basculegion|move: Yawn|[silent]
|-status|p1a: Basculegion|slp
|upkeep
|turn|9
|c|☆mertering|gg
|
|t:|1782645844
|-curestatus|p1b: Farigiraf|slp|[msg]
|move|p1b: Farigiraf|Psyshock|p2a: Sneasler
|-supereffective|p2a: Sneasler|2
|-damage|p2a: Sneasler|0 fnt
|faint|p2a: Sneasler
|
|win|mertering
|raw|mertering's rating: 1536 → 1548(+12 for winning)
|raw|GrovyleSSJ's rating: 1390 → 1378(-12 for losing)
