|j|☆BausBuddy
|j|☆mr.charizard98
|html|BausBuddymr.charizard98    
|uhtml|bestof|Game 2 of a best-of-3
|t:|1785667375
|gametype|doubles
|player|p1|BausBuddy|102|1027
|player|p2|mr.charizard98|169|1000
|gen|9
|tier|[Gen 9 Champions] VGC 2026 Reg M-B (Bo3)
|rated|
|rule|Species Clause: Limit one of each Pokémon
|rule|Item Clause: Limit 1 of each item
|clearpoke
|poke|p1|Staraptor, L50, F|
|poke|p1|Garchomp, L50, F|
|poke|p1|Whimsicott, L50, M|
|poke|p1|Delphox, L50, F|
|poke|p1|Glimmora, L50, M|
|poke|p1|Kingambit, L50, F|
|poke|p2|Toxapex, L50, F, shiny|
|poke|p2|Incineroar, L50, F|
|poke|p2|Charizard, L50, F|
|poke|p2|Sneasler, L50, F|
|poke|p2|Hydreigon, L50, M, shiny|
|poke|p2|Mamoswine, L50, F|
|teampreview|4
|showteam|p1|Staraptor||Staraptite|Intimidate|Protect,Roost,CloseCombat,BraveBird|Jolly||F|||50|]Garchomp||LifeOrb|RoughSkin|Protect,RockSlide,Earthquake,DragonClaw|Jolly||F|||50|]Whimsicott||OccaBerry|Prankster|Moonblast,Tailwind,Charm,LightScreen|Timid||M|||50|]Delphox||Delphoxite|Blaze|Protect,Psychic,HeatWave,Substitute|Modest||F|||50|]Glimmora||FocusSash|ToxicDebris|SpikyShield,EarthPower,PowerGem,SludgeBomb|Timid||M|||50|]Kingambit||ChopleBerry|Defiant|KowtowCleave,IronHead,SuckerPunch,LowKick|Adamant||F|||50|
|showteam|p2|Toxapex||Leftovers|Regenerator|BanefulBunker,Toxic,Infestation,WideGuard|Bold||F|||50|]Incineroar||SitrusBerry|Intimidate|FakeOut,PartingShot,FlareBlitz,ThroatChop|Impish||F|||50|]Charizard||CharizarditeY|Blaze|Protect,HeatWave,SolarBeam,WeatherBall|Timid||F|||50|]Sneasler||WhiteHerb|Unburden|Protect,FakeOut,CloseCombat,DireClaw|Jolly||F|||50|]Hydreigon||ChoiceScarf|Levitate|DarkPulse,EarthPower,DracoMeteor,Snarl|Modest||M|||50|]Mamoswine||FocusSash|Oblivious|Protect,Earthquake,IcicleCrash,IceShard|Adamant||F|||50|
|inactive|Battle timer is ON: inactive players will automatically lose when time's up. (requested by mr.charizard98)
|
|t:|1785667397
|teamsize|p1|4
|teamsize|p2|4
|start
|switch|p1a: Whimsicott|Whimsicott, L50, M|100/100
|switch|p1b: Glimmora|Glimmora, L50, M|100/100
|switch|p2a: Charizard|Charizard, L50, F|100/100
|switch|p2b: Mamoswine|Mamoswine, L50, F|100/100
|turn|1
|inactive|mr.charizard98 has 30 seconds left.
|
|t:|1785667429
|move|p2a: Charizard|Protect|p2a: Charizard
|-singleturn|p2a: Charizard|Protect
|move|p1a: Whimsicott|Tailwind|p1a: Whimsicott
|-sidestart|p1: BausBuddy|move: Tailwind
|move|p1b: Glimmora|Power Gem|p2a: Charizard
|-activate|p2a: Charizard|move: Protect
|move|p2b: Mamoswine|Earthquake|p1a: Whimsicott|[spread] p1a,p1b
|-activate|p2a: Charizard|move: Protect
|-resisted|p1a: Whimsicott|1
|-supereffective|p1b: Glimmora|2
|-damage|p1a: Whimsicott|64/100
|-enditem|p1b: Glimmora|Focus Sash
|-damage|p1b: Glimmora|1/100
|-activate|p1b: Glimmora|ability: Toxic Debris
|-sidestart|p2: mr.charizard98|move: Toxic Spikes
|
|upkeep
|turn|2
|
|t:|1785667449
|switch|p2a: Sneasler|Sneasler, L50, F|100/100
|-sideend|p2: mr.charizard98|move: Toxic Spikes|[of] p2a: Sneasler
|move|p1a: Whimsicott|Light Screen|p1a: Whimsicott
|-sidestart|p1: BausBuddy|move: Light Screen
|move|p2b: Mamoswine|Ice Shard|p1a: Whimsicott
|-supereffective|p1a: Whimsicott|1
|-damage|p1a: Whimsicott|0 fnt
|faint|p1a: Whimsicott
|move|p1b: Glimmora|Power Gem|p2a: Sneasler
|-resisted|p2a: Sneasler|1
|-damage|p2a: Sneasler|73/100
|
|upkeep
|
|t:|1785667464
|switch|p1a: Delphox|Delphox, L50, F|100/100
|turn|3
|
|t:|1785667481
|detailschange|p1a: Delphox|Delphox-Mega, L50, F
|-mega|p1a: Delphox|Delphox|Delphoxite
|move|p2a: Sneasler|Fake Out|p1a: Delphox
|-damage|p1a: Delphox|80/100
|move|p2b: Mamoswine|Ice Shard|p1b: Glimmora
|-damage|p1b: Glimmora|0 fnt
|-activate|p1b: Glimmora|ability: Toxic Debris
|-sidestart|p2: mr.charizard98|move: Toxic Spikes
|faint|p1b: Glimmora
|cant|p1a: Delphox|flinch
|
|upkeep
|
|t:|1785667491
|switch|p1b: Kingambit|Kingambit, L50, F|100/100
|turn|4
|
|t:|1785667512
|move|p2a: Sneasler|Protect|p2a: Sneasler
|-singleturn|p2a: Sneasler|Protect
|move|p2b: Mamoswine|Protect|p2b: Mamoswine
|-singleturn|p2b: Mamoswine|Protect
|move|p1a: Delphox|Heat Wave|p2a: Sneasler|[spread] 
|-activate|p2a: Sneasler|move: Protect
|-activate|p2b: Mamoswine|move: Protect
|move|p1b: Kingambit|Kowtow Cleave|p2b: Mamoswine
|-activate|p2b: Mamoswine|move: Protect
|
|-sideend|p1: BausBuddy|move: Tailwind
|upkeep
|turn|5
|
|t:|1785667527
|move|p1a: Delphox|Heat Wave|p2a: Sneasler|[spread] p2a,p2b
|-supereffective|p2b: Mamoswine|1
|-damage|p2a: Sneasler|22/100
|-enditem|p2b: Mamoswine|Focus Sash
|-damage|p2b: Mamoswine|1/100
|move|p2a: Sneasler|Close Combat|p1b: Kingambit
|-supereffective|p1b: Kingambit|2
|-crit|p1b: Kingambit
|-enditem|p1b: Kingambit|Chople Berry|[eat]
|-enditem|p1b: Kingambit|Chople Berry|[weaken]
|-damage|p1b: Kingambit|0 fnt
|-unboost|p2a: Sneasler|def|1
|-unboost|p2a: Sneasler|spd|1
|faint|p1b: Kingambit
|-enditem|p2a: Sneasler|White Herb
|-clearnegativeboost|p2a: Sneasler|[silent]
|move|p2b: Mamoswine|Icicle Crash|p1a: Delphox
|-resisted|p1a: Delphox|1
|-damage|p1a: Delphox|46/100
|
|upkeep
|turn|6
|
|t:|1785667547
|move|p2b: Mamoswine|Ice Shard|p1a: Delphox
|-resisted|p1a: Delphox|1
|-damage|p1a: Delphox|29/100
|move|p2a: Sneasler|Dire Claw|p1a: Delphox
|-damage|p1a: Delphox|0 fnt
|faint|p1a: Delphox
|
|win|mr.charizard98
|raw|BausBuddy's rating: 1027 → 1012(-15 for losing)
|raw|mr.charizard98's rating: 1000 → 1043(+43 for winning)
|l|☆mr.charizard98
|player|p2|
|c|☆BausBuddy|close one
|j|☆mr.charizard98
|player|p2|mr.charizard98|169|
|l|☆BausBuddy
|player|p1|
