|j|☆failandimprove2
|j|☆lalalaing
|html|failandimprove2lalalaing    
|uhtml|bestof|Game 3 of a best-of-3
|t:|1783278826
|gametype|doubles
|player|p1|failandimprove2|2|1452
|player|p2|lalalaing|chili|1354
|gen|9
|tier|[Gen 9 Champions] VGC 2026 Reg M-B (Bo3)
|rated|
|rule|Species Clause: Limit one of each Pokémon
|rule|Item Clause: Limit 1 of each item
|clearpoke
|poke|p1|Charizard, L50, M|
|poke|p1|Floette-Eternal, L50, F|
|poke|p1|Whimsicott, L50, F|
|poke|p1|Basculegion, L50, M|
|poke|p1|Kingambit, L50, M|
|poke|p1|Garchomp, L50, F|
|poke|p2|Charizard, L50, M|
|poke|p2|Raichu, L50, M|
|poke|p2|Sneasler, L50, F|
|poke|p2|Sinistcha, L50|
|poke|p2|Kingambit, L50, M|
|poke|p2|Milotic, L50, F|
|teampreview|4
|showteam|p1|Charizard||CharizarditeY|Blaze|HeatWave,WeatherBall,SolarBeam,Protect|Modest||M|||50|]Floette-Eternal||Floettite|FlowerVeil|Moonblast,DazzlingGleam,LightofRuin,Protect|Timid||F|||50|]Whimsicott||FocusSash|Prankster|Moonblast,Tailwind,Encore,Protect|Timid||F|||50|]Basculegion||MysticWater|Adaptability|WaveCrash,LastRespects,AquaJet,Protect|Adamant||M|||50|]Kingambit||ChopleBerry|Defiant|KowtowCleave,SuckerPunch,IronHead,LowKick|Adamant||M|||50|]Garchomp||LifeOrb|RoughSkin|Earthquake,RockSlide,DragonClaw,Protect|Jolly||F|||50|
|showteam|p2|Charizard||CharizarditeX|Blaze|FlareBlitz,DragonClaw,DragonDance,Protect|Adamant||M|||50|]Raichu||RaichuniteY|LightningRod|ZapCannon,FocusBlast,FakeOut,Protect|Timid||M|||50|]Sneasler||WhiteHerb|Unburden|DireClaw,CloseCombat,FakeOut,Protect|Adamant||F|||50|]Sinistcha||SitrusBerry|Hospitality|MatchaGotcha,RagePowder,TrickRoom,Protect|Calm|||||50|]Kingambit||BlackGlasses|Defiant|KowtowCleave,SuckerPunch,SwordsDance,Protect|Adamant||M|||50|]Milotic||Leftovers|Competitive|MuddyWater,Coil,Hypnosis,Protect|Bold||F|||50|
|inactive|Battle timer is ON: inactive players will automatically lose when time's up. (requested by failandimprove2)
|inactive|lalalaing has 60 seconds left.
|
|t:|1783278861
|teamsize|p1|4
|teamsize|p2|4
|start
|switch|p1a: Garchomp|Garchomp, L50, F|100/100
|switch|p1b: Whimsicott|Whimsicott, L50, F|100/100
|switch|p2a: Raichu|Raichu, L50, M|100/100
|switch|p2b: Sinistcha|Sinistcha, L50|100/100
|turn|1
|
|t:|1783278881
|switch|p2a: Kingambit|Kingambit, L50, M|100/100
|move|p1b: Whimsicott|Protect|p1b: Whimsicott
|-singleturn|p1b: Whimsicott|Protect
|move|p1a: Garchomp|Protect|p1a: Garchomp
|-singleturn|p1a: Garchomp|Protect
|move|p2b: Sinistcha|Matcha Gotcha|p1b: Whimsicott|[spread] 
|-activate|p1a: Garchomp|move: Protect
|-activate|p1b: Whimsicott|move: Protect
|
|upkeep
|turn|2
|
|t:|1783278892
|move|p2a: Kingambit|Protect|p2a: Kingambit
|-singleturn|p2a: Kingambit|Protect
|move|p1b: Whimsicott|Moonblast|p2a: Kingambit
|-activate|p2a: Kingambit|move: Protect
|move|p1a: Garchomp|Earthquake|p2b: Sinistcha|[spread] p1b,p2b
|-activate|p2a: Kingambit|move: Protect
|-resisted|p1b: Whimsicott|1
|-resisted|p2b: Sinistcha|1
|-damage|p1b: Whimsicott|64/100
|-damage|p2b: Sinistcha|77/100
|-damage|p1a: Garchomp|90/100|[from] item: Life Orb
|move|p2b: Sinistcha|Matcha Gotcha|p1a: Garchomp|[spread] p1a,p1b
|-resisted|p1b: Whimsicott|1
|-damage|p1a: Garchomp|64/100
|-heal|p2b: Sinistcha|91/100|[from] drain|[of] p1a: Garchomp
|-damage|p1b: Whimsicott|43/100
|-heal|p2b: Sinistcha|100/100|[from] drain|[of] p1b: Whimsicott
|-status|p1a: Garchomp|brn
|
|-damage|p1a: Garchomp|58/100 brn|[from] brn
|upkeep
|turn|3
|inactive|lalalaing has 30 seconds left.
|
|t:|1783278921
|move|p2a: Kingambit|Sucker Punch|p1b: Whimsicott
|-resisted|p1b: Whimsicott|1
|-damage|p1b: Whimsicott|5/100
|move|p1b: Whimsicott|Moonblast|p2a: Kingambit
|-crit|p2a: Kingambit
|-damage|p2a: Kingambit|47/100
|move|p1a: Garchomp|Earthquake|p2a: Kingambit|[spread] p1b,p2a,p2b
|-resisted|p1b: Whimsicott|1
|-supereffective|p2a: Kingambit|1
|-resisted|p2b: Sinistcha|1
|-damage|p1b: Whimsicott|0 fnt
|-damage|p2a: Kingambit|10/100
|-damage|p2b: Sinistcha|88/100
|faint|p1b: Whimsicott
|-damage|p1a: Garchomp|49/100 brn|[from] item: Life Orb
|move|p2b: Sinistcha|Matcha Gotcha|p1a: Garchomp
|-damage|p1a: Garchomp|14/100 brn
|-heal|p2b: Sinistcha|100/100|[from] drain|[of] p1a: Garchomp
|
|-damage|p1a: Garchomp|8/100 brn|[from] brn
|upkeep
|
|t:|1783278931
|switch|p1b: Floette|Floette-Eternal, L50, F|100/100
|turn|4
|
|t:|1783278946
|switch|p1a: Kingambit|Kingambit, L50, M|100/100
|detailschange|p1b: Floette|Floette-Mega, L50, F
|-mega|p1b: Floette|Floette|Floettite
|-ability|p1b: Floette|Fairy Aura
|move|p2b: Sinistcha|Protect|p2b: Sinistcha
|-singleturn|p2b: Sinistcha|Protect
|move|p2a: Kingambit|Sucker Punch|p1b: Floette
|-resisted|p1b: Floette|1
|-damage|p1b: Floette|66/100
|move|p1b: Floette|Dazzling Gleam|p2b: Sinistcha|[spread] p2a
|-activate|p2b: Sinistcha|move: Protect
|-damage|p2a: Kingambit|0 fnt
|faint|p2a: Kingambit
|
|upkeep
|
|t:|1783278953
|switch|p2a: Raichu|Raichu, L50, M|100/100
|turn|5
|inactive|failandimprove2 has 30 seconds left.
|inactive|failandimprove2 has 20 seconds left.
|inactive|failandimprove2 has 15 seconds left.
|
|t:|1783278995
|detailschange|p2a: Raichu|Raichu-Mega-Y, L50, M
|-mega|p2a: Raichu|Raichu|Raichunite Y
|move|p1b: Floette|Protect|p1b: Floette
|-singleturn|p1b: Floette|Protect
|move|p2b: Sinistcha|Rage Powder|p2b: Sinistcha
|-singleturn|p2b: Sinistcha|move: Rage Powder
|move|p2a: Raichu|Focus Blast|p1a: Kingambit
|-supereffective|p1a: Kingambit|2
|-enditem|p1a: Kingambit|Chople Berry|[eat]
|-enditem|p1a: Kingambit|Chople Berry|[weaken]
|-damage|p1a: Kingambit|0 fnt
|faint|p1a: Kingambit
|
|upkeep
|-message|failandimprove2 forfeited.
|
|win|lalalaing
|raw|failandimprove2's rating: 1452 → 1427(-25 for losing)
|raw|lalalaing's rating: 1354 → 1379(+25 for winning)
