|j|☆Realmyth10
|j|☆justin tang1234
|html|Realmyth10justin tang1234    
|uhtml|bestof|Game 1 of a best-of-3
|t:|1785753902
|gametype|doubles
|player|p1|Realmyth10|101|1093
|player|p2|justin tang1234|266|1213
|gen|9
|tier|[Gen 9 Champions] VGC 2026 Reg M-B (Bo3)
|rated|
|rule|Species Clause: Limit one of each Pokémon
|rule|Item Clause: Limit 1 of each item
|clearpoke
|poke|p1|Froslass, L50, F|
|poke|p1|Bellibolt, L50, M|
|poke|p1|Garchomp, L50, F|
|poke|p1|Incineroar, L50, F|
|poke|p1|Venusaur, L50, F|
|poke|p1|Milotic, L50, F|
|poke|p2|Staraptor, L50, M|
|poke|p2|Garchomp, L50, M|
|poke|p2|Whimsicott, L50, M|
|poke|p2|Delphox, L50, M|
|poke|p2|Glimmora, L50, M|
|poke|p2|Kingambit, L50, M|
|teampreview|4
|showteam|p1|Froslass||Froslassite|SnowCloak|Blizzard,ShadowBall,AuroraVeil,Protect|Modest||F|||50|]Bellibolt||Leftovers|Electromorphosis|Electroweb,Protect,Thunderbolt,Soak|Quiet||M|||50|]Garchomp||ChoiceScarf|RoughSkin|DragonClaw,StompingTantrum,RockSlide,BreakingSwipe|Adamant||F|||50|]Incineroar||SitrusBerry|Intimidate|FakeOut,ThroatChop,PartingShot,FlareBlitz|Adamant||F|||50|]Venusaur||Venusaurite|Chlorophyll|SludgeBomb,EarthPower,SleepPowder,GigaDrain|Modest||F|||50|]Milotic||LifeOrb|Competitive|Scald,IcyWind,Protect,LifeDew|Modest||F|||50|
|showteam|p2|Staraptor||Staraptite|Intimidate|Protect,Roost,CloseCombat,BraveBird|Jolly||M|||50|]Garchomp||LifeOrb|RoughSkin|Protect,RockSlide,Earthquake,DragonClaw|Jolly||M|||50|]Whimsicott||OccaBerry|Prankster|Moonblast,Tailwind,Charm,LightScreen|Timid||M|||50|]Delphox||Delphoxite|Magician|Protect,Psychic,HeatWave,Substitute|Timid||M|||50|]Glimmora||FocusSash|ToxicDebris|SpikyShield,SludgeBomb,EarthPower,PowerGem|Timid||M|||50|]Kingambit||ChopleBerry|Defiant|SuckerPunch,LowKick,IronHead,KowtowCleave|Adamant||M|||50|
|j| humanbacon
|inactive|Battle timer is ON: inactive players will automatically lose when time's up. (requested by justin tang1234)
|inactive|Realmyth10 also wants the timer to be on.
|inactive|Realmyth10 has 60 seconds left.
|inactive|justin tang1234 has 60 seconds left.
|
|t:|1785753968
|teamsize|p1|4
|teamsize|p2|4
|start
|switch|p1a: Garchomp|Garchomp, L50, F|100/100
|switch|p1b: Milotic|Milotic, L50, F|100/100
|switch|p2a: Delphox|Delphox, L50, M|100/100
|switch|p2b: Whimsicott|Whimsicott, L50, M|100/100
|turn|1
|inactive|justin tang1234 has 30 seconds left.
|
|t:|1785754001
|detailschange|p2a: Delphox|Delphox-Mega, L50, M
|-mega|p2a: Delphox|Delphox|Delphoxite
|move|p2a: Delphox|Protect|p2a: Delphox
|-singleturn|p2a: Delphox|Protect
|move|p2b: Whimsicott|Tailwind|p2b: Whimsicott
|-sidestart|p2: justin tang1234|move: Tailwind
|move|p1a: Garchomp|Rock Slide|p2a: Delphox|[spread] p2b
|-activate|p2a: Delphox|move: Protect
|-damage|p2b: Whimsicott|73/100
|move|p1b: Milotic|Icy Wind|p2a: Delphox|[spread] p2b
|-activate|p2a: Delphox|move: Protect
|-supereffective|p2b: Whimsicott|1
|-damage|p2b: Whimsicott|25/100
|-unboost|p2b: Whimsicott|spe|1
|-damage|p1b: Milotic|90/100|[from] item: Life Orb
|
|upkeep
|turn|2
|
|t:|1785754024
|move|p2a: Delphox|Psychic|p1a: Garchomp
|-damage|p1a: Garchomp|45/100
|move|p2b: Whimsicott|Moonblast|p1a: Garchomp
|-supereffective|p1a: Garchomp|1
|-damage|p1a: Garchomp|0 fnt
|faint|p1a: Garchomp
|move|p1b: Milotic|Scald|p2a: Delphox
|-supereffective|p2a: Delphox|1
|-damage|p2a: Delphox|12/100
|-damage|p1b: Milotic|80/100|[from] item: Life Orb
|
|upkeep
|
|t:|1785754035
|switch|p1a: Incineroar|Incineroar, L50, F|100/100
|-ability|p1a: Incineroar|Intimidate|boost
|-unboost|p2a: Delphox|atk|1
|-unboost|p2b: Whimsicott|atk|1
|turn|3
|inactive|Realmyth10 has 30 seconds left.
|
|t:|1785754067
|switch|p2b: Kingambit|Kingambit, L50, M|100/100
|move|p2a: Delphox|Protect|p2a: Delphox
|-singleturn|p2a: Delphox|Protect
|move|p1a: Incineroar|Fake Out|p2b: Kingambit
|-resisted|p2b: Kingambit|1
|-damage|p2b: Kingambit|95/100
|move|p1b: Milotic|Scald|p2a: Delphox
|-activate|p2a: Delphox|move: Protect
|
|upkeep
|turn|4
|inactive|justin tang1234 has 30 seconds left.
|
|t:|1785754102
|move|p2a: Delphox|Psychic|p1b: Milotic
|-damage|p1b: Milotic|38/100
|move|p2b: Kingambit|Kowtow Cleave|p1b: Milotic
|-damage|p1b: Milotic|0 fnt
|faint|p1b: Milotic
|move|p1a: Incineroar|Flare Blitz|p2b: Kingambit
|-supereffective|p2b: Kingambit|1
|-damage|p2b: Kingambit|0 fnt
|faint|p2b: Kingambit
|-damage|p1a: Incineroar|67/100|[from] Recoil
|
|-sideend|p2: justin tang1234|move: Tailwind
|upkeep
|
|t:|1785754109
|switch|p1b: Froslass|Froslass, L50, F|100/100
|switch|p2b: Garchomp|Garchomp, L50, M|100/100
|turn|5
|inactive|Realmyth10 has 30 seconds left.
|inactive|Realmyth10 has 20 seconds left.
|inactive|Realmyth10 has 15 seconds left.
|
|t:|1785754151
|detailschange|p1b: Froslass|Froslass-Mega, L50, F
|-mega|p1b: Froslass|Froslass|Froslassite
|-weather|Snowscape|[from] ability: Snow Warning|[of] p1b: Froslass
|move|p2b: Garchomp|Protect|p2b: Garchomp
|-singleturn|p2b: Garchomp|Protect
|move|p2a: Delphox|Heat Wave|p1a: Incineroar|[spread] p1a,p1b
|-resisted|p1a: Incineroar|1
|-supereffective|p1b: Froslass|1
|-damage|p1a: Incineroar|49/100
|-damage|p1b: Froslass|10/100
|-enditem|p1a: Incineroar|Sitrus Berry|[eat]
|-heal|p1a: Incineroar|74/100|[from] item: Sitrus Berry
|move|p1b: Froslass|Blizzard|p2a: Delphox|[spread] p2a
|-activate|p2b: Garchomp|move: Protect
|-resisted|p2a: Delphox|1
|-damage|p2a: Delphox|0 fnt
|faint|p2a: Delphox
|move|p1a: Incineroar|Throat Chop|p2b: Garchomp
|-activate|p2b: Garchomp|move: Protect
|
|-weather|Snowscape|[upkeep]
|upkeep
|
|t:|1785754172
|switch|p2a: Whimsicott|Whimsicott, L50, M|25/100
|turn|6
|
|t:|1785754195
|move|p2a: Whimsicott|Tailwind|p2a: Whimsicott
|-sidestart|p2: justin tang1234|move: Tailwind
|move|p2b: Garchomp|Earthquake|p1b: Froslass|[spread] p2a,p1a,p1b
|-resisted|p2a: Whimsicott|1
|-supereffective|p1a: Incineroar|1
|-damage|p2a: Whimsicott|0 fnt
|-damage|p1a: Incineroar|0 fnt
|-damage|p1b: Froslass|0 fnt
|faint|p2a: Whimsicott
|faint|p1a: Incineroar
|faint|p1b: Froslass
|-damage|p2b: Garchomp|90/100|[from] item: Life Orb
|
|win|justin tang1234
||justin tang1234 is ready for game 2.
|inactive|Realmyth10 has 30 seconds to confirm battle start!
