|j|☆ttvmoxiie
|j|☆itbeasher
|html|ttvmoxiieitbeasher    
|uhtml|bestof|Game 2 of a best-of-3
|t:|1757710089
|gametype|doubles
|player|p1|ttvmoxiie|steven|1090
|player|p2|itbeasher|169|1117
|gen|9
|tier|[Gen 9] VGC 2025 Reg H (Bo3)
|rated|
|rule|Species Clause: Limit one of each Pokémon
|rule|Item Clause: Limit 1 of each item
|clearpoke
|poke|p1|Dragonite, L50, M|
|poke|p1|Gholdengo, L50|
|poke|p1|Rillaboom, L50, M|
|poke|p1|Ursaluna-Bloodmoon, L50, M|
|poke|p1|Annihilape, L50, F|
|poke|p1|Maushold-Four, L50|
|poke|p2|Dondozo, L50, F|
|poke|p2|Tatsugiri, L50, M|
|poke|p2|Whimsicott, L50, F|
|poke|p2|Ursaluna-Bloodmoon, L50, M|
|poke|p2|Indeedee, L50, M|
|poke|p2|Sneasler, L50, F|
|teampreview|4
|showteam|p1|Dragonite||LoadedDice|Multiscale|Haze,Protect,Tailwind,ScaleShot|||M|||50|,,,,,Fairy]Gholdengo||LifeOrb|GoodasGold|Protect,NastyPlot,MakeItRain,ShadowBall||||||50|,,,,,Water]Rillaboom||MiracleSeed|GrassySurge|GrassyGlide,WoodHammer,FakeOut,HighHorsepower|||M|||50|,,,,,Fire]Ursaluna-Bloodmoon||AssaultVest|MindsEye|BloodMoon,HyperVoice,EarthPower,VacuumWave|||M|||50|,,,,,Water]Annihilape||SitrusBerry|Defiant|RageFist,DrainPunch,BulkUp,Protect|||F|||50|,,,,,Fire]Maushold-Four||FocusSash|FriendGuard|SuperFang,FollowMe,BeatUp,Protect||||||50|,,,,,Ghost
|showteam|p2|Dondozo||Leftovers|Unaware|Protect,HeavySlam,WaveCrash,OrderUp|||F|||50|,,,,,Steel]Tatsugiri||FocusSash|Commander|MuddyWater,DracoMeteor,IcyWind,Protect|||M|||50|,,,,,Fairy]Whimsicott||CovertCloak|Prankster|Moonblast,Tailwind,HelpingHand,LightScreen|||F|||50|,,,,,Water]Ursaluna-Bloodmoon||LifeOrb|MindsEye|Protect,HyperVoice,BloodMoon,EarthPower|||M|||50|,,,,,Normal]Indeedee||ChoiceScarf|PsychicSurge|Protect,Trick,ExpandingForce,TeraBlast|||M|||50|,,,,,Psychic]Sneasler||PsychicSeed|Unburden|Protect,DireClaw,CloseCombat,ThroatChop|||F|||50|,,,,,Dark
|j| neurotic212
|
|t:|1757710098
|teamsize|p1|4
|teamsize|p2|4
|start
|switch|p1a: Annihilape|Annihilape, L50, F|100/100
|switch|p1b: Maushold|Maushold-Four, L50|100/100
|switch|p2a: Whimsicott|Whimsicott, L50, F|100/100
|switch|p2b: Ursaluna|Ursaluna-Bloodmoon, L50, M|100/100
|turn|1
|inactive|Battle timer is ON: inactive players will automatically lose when time's up. (requested by ttvmoxiie)
|
|t:|1757710116
|move|p2b: Ursaluna|Protect|p2b: Ursaluna
|-singleturn|p2b: Ursaluna|Protect
|move|p2a: Whimsicott|Moonblast|p1b: Maushold
|-damage|p1b: Maushold|67/100
|move|p1b: Maushold|Super Fang|p2b: Ursaluna
|-activate|p2b: Ursaluna|move: Protect
|move|p1a: Annihilape|Bulk Up|p1a: Annihilape
|-boost|p1a: Annihilape|atk|1
|-boost|p1a: Annihilape|def|1
|
|upkeep
|turn|2
|
|t:|1757710140
|-terastallize|p2b: Ursaluna|Normal
|move|p2a: Whimsicott|Tailwind|p2a: Whimsicott
|-sidestart|p2: itbeasher|move: Tailwind
|move|p2b: Ursaluna|Blood Moon|p1a: Annihilape
|-damage|p1a: Annihilape|10/100
|-enditem|p1a: Annihilape|Sitrus Berry|[eat]
|-heal|p1a: Annihilape|35/100|[from] item: Sitrus Berry
|-damage|p2b: Ursaluna|91/100|[from] item: Life Orb
|move|p1b: Maushold|Beat Up|p1a: Annihilape
|-damage|p1a: Annihilape|33/100
|-damage|p1a: Annihilape|32/100
|-damage|p1a: Annihilape|30/100
|-damage|p1a: Annihilape|28/100
|-hitcount|p1a: Annihilape|4
|move|p1a: Annihilape|Drain Punch|p2b: Ursaluna
|-supereffective|p2b: Ursaluna
|-damage|p2b: Ursaluna|24/100
|-heal|p1a: Annihilape|61/100|[from] drain|[of] p2b: Ursaluna
|
|upkeep
|turn|3
|inactive|ttvmoxiie has 30 seconds left.
|inactive|ttvmoxiie has 20 seconds left.
|inactive|ttvmoxiie has 15 seconds left.
|
|t:|1757710184
|move|p2a: Whimsicott|Helping Hand|p2b: Ursaluna
|-singleturn|p2b: Ursaluna|Helping Hand|[of] p2a: Whimsicott
|move|p1b: Maushold|Follow Me|p1b: Maushold
|-singleturn|p1b: Maushold|move: Follow Me
|move|p2b: Ursaluna|Hyper Voice|p1a: Annihilape|[spread] p1a,p1b
|-damage|p1a: Annihilape|0 fnt
|-damage|p1b: Maushold|0 fnt
|faint|p1a: Annihilape
|faint|p1b: Maushold
|-damage|p2b: Ursaluna|15/100|[from] item: Life Orb
|
|upkeep
|
|t:|1757710192
|switch|p1b: Rillaboom|Rillaboom, L50, M|100/100
|switch|p1a: Dragonite|Dragonite, L50, M|100/100
|-fieldstart|move: Grassy Terrain|[from] ability: Grassy Surge|[of] p1b: Rillaboom
|turn|4
|
|t:|1757710207
|move|p2b: Ursaluna|Protect|p2b: Ursaluna
|-singleturn|p2b: Ursaluna|Protect
|move|p1b: Rillaboom|Fake Out|p2b: Ursaluna
|-activate|p2b: Ursaluna|move: Protect
|move|p2a: Whimsicott|Moonblast|p1a: Dragonite
|-supereffective|p1a: Dragonite
|-damage|p1a: Dragonite|75/100
|move|p1a: Dragonite|Tailwind|p1a: Dragonite
|-sidestart|p1: ttvmoxiie|move: Tailwind
|
|-heal|p2b: Ursaluna|21/100|[from] Grassy Terrain
|upkeep
|turn|5
|
|t:|1757710229
|-terastallize|p1a: Dragonite|Fairy
|move|p2a: Whimsicott|Moonblast|p1a: Dragonite
|-damage|p1a: Dragonite|49/100
|move|p1a: Dragonite|Scale Shot|p2b: Ursaluna
|-damage|p2b: Ursaluna|8/100
|-damage|p2b: Ursaluna|0 fnt
|faint|p2b: Ursaluna
|-hitcount|p2: Ursaluna|2
|-unboost|p1a: Dragonite|def|1
|-boost|p1a: Dragonite|spe|1
|move|p1b: Rillaboom|Wood Hammer|p2a: Whimsicott
|-resisted|p2a: Whimsicott
|-damage|p2a: Whimsicott|39/100
|-damage|p1b: Rillaboom|84/100|[from] Recoil
|
|-heal|p2a: Whimsicott|45/100|[from] Grassy Terrain
|-heal|p1a: Dragonite|55/100|[from] Grassy Terrain
|-heal|p1b: Rillaboom|90/100|[from] Grassy Terrain
|-sideend|p2: itbeasher|move: Tailwind
|upkeep
|
|t:|1757710240
|switch|p2b: Dondozo|Dondozo, L50, F|100/100
|turn|6
|
|t:|1757710255
|move|p2b: Dondozo|Protect|p2b: Dondozo
|-singleturn|p2b: Dondozo|Protect
|move|p2a: Whimsicott|Tailwind|p2a: Whimsicott
|-sidestart|p2: itbeasher|move: Tailwind
|move|p1a: Dragonite|Scale Shot|p2b: Dondozo
|-activate|p2b: Dondozo|move: Protect
|move|p1b: Rillaboom|Wood Hammer|p2b: Dondozo
|-activate|p2b: Dondozo|move: Protect
|
|-heal|p2a: Whimsicott|51/100|[from] Grassy Terrain
|-heal|p1a: Dragonite|61/100|[from] Grassy Terrain
|-heal|p1b: Rillaboom|96/100|[from] Grassy Terrain
|upkeep
|turn|7
|
|t:|1757710278
|switch|p2a: Tatsugiri|Tatsugiri, L50, M|100/100
|-activate|p2a: Tatsugiri|ability: Commander|[of] p2b: Dondozo
|-boost|p2b: Dondozo|atk|2
|-boost|p2b: Dondozo|spa|2
|-boost|p2b: Dondozo|spe|2
|-boost|p2b: Dondozo|def|2
|-boost|p2b: Dondozo|spd|2
|move|p2b: Dondozo|Wave Crash|p1a: Dragonite
|-damage|p1a: Dragonite|0 fnt
|faint|p1a: Dragonite
|-damage|p2b: Dondozo|84/100|[from] Recoil
|move|p1b: Rillaboom|Wood Hammer|p2b: Dondozo
|-supereffective|p2b: Dondozo
|-damage|p2b: Dondozo|19/100
|-damage|p1b: Rillaboom|72/100|[from] Recoil
|
|-heal|p2b: Dondozo|25/100|[from] Grassy Terrain
|-heal|p2b: Dondozo|31/100|[from] item: Leftovers
|-heal|p1b: Rillaboom|78/100|[from] Grassy Terrain
|-sideend|p1: ttvmoxiie|move: Tailwind
|upkeep
|turn|8
|inactive|ttvmoxiie has 30 seconds left.
|
|t:|1757710304
|move|p2b: Dondozo|Protect|p2b: Dondozo
|-singleturn|p2b: Dondozo|Protect
|move|p1b: Rillaboom|Grassy Glide|p2b: Dondozo
|-activate|p2b: Dondozo|move: Protect
|
|-heal|p2b: Dondozo|38/100|[from] Grassy Terrain
|-heal|p2b: Dondozo|44/100|[from] item: Leftovers
|-heal|p1b: Rillaboom|84/100|[from] Grassy Terrain
|-fieldend|move: Grassy Terrain
|upkeep
|turn|9
|
|t:|1757710328
|move|p2b: Dondozo|Wave Crash|p1b: Rillaboom
|-resisted|p1b: Rillaboom
|-damage|p1b: Rillaboom|29/100
|-damage|p2b: Dondozo|27/100|[from] Recoil
|move|p1b: Rillaboom|Wood Hammer|p2b: Dondozo
|-supereffective|p2b: Dondozo
|-damage|p2b: Dondozo|0 fnt
|faint|p2b: Dondozo
|-damage|p1b: Rillaboom|19/100|[from] Recoil
|
|-sideend|p2: itbeasher|move: Tailwind
|upkeep
|
|t:|1757710339
|switch|p2b: Whimsicott|Whimsicott, L50, F|51/100
|turn|10
|
|t:|1757710348
|move|p2b: Whimsicott|Moonblast|p1b: Rillaboom
|-damage|p1b: Rillaboom|0 fnt
|faint|p1b: Rillaboom
|
|win|itbeasher
