|j|☆me vs you
|j|☆swag morra
|html|me vs youswag morra    
|uhtml|bestof|Game 1 of a best-of-3
|t:|1757763002
|gametype|doubles
|player|p1|me vs you|sightseerf|1076
|player|p2|swag morra|maylene|1027
|gen|9
|tier|[Gen 9] VGC 2025 Reg H (Bo3)
|rated|
|rule|Species Clause: Limit one of each Pokémon
|rule|Item Clause: Limit 1 of each item
|clearpoke
|poke|p1|Charizard, L50, M|
|poke|p1|Jumpluff, L50, F|
|poke|p1|Torkoal, L50, F|
|poke|p1|Ursaluna, L50, M|
|poke|p1|Porygon2, L50|
|poke|p1|Incineroar, L50, F|
|poke|p2|Maushold, L50|
|poke|p2|Annihilape, L50, M|
|poke|p2|Archaludon, L50, F|
|poke|p2|Gholdengo, L50|
|poke|p2|Ambipom, L50, M|
|poke|p2|Dudunsparce-*, L50, M|
|teampreview|4
|showteam|p1|Charizard||ChoiceSpecs|SolarPower|HeatWave,Overheat,SolarBeam,WeatherBall|||M|||50|,,,,,Ghost]Jumpluff||FocusSash|Chlorophyll|Encore,RagePowder,SunnyDay,Tailwind|||F|||50|,,,,,Ghost]Torkoal||EjectPack|Drought|Eruption,Bulldoze,HeatWave,WillOWisp|||F|||50|,,,,,Fire]Ursaluna||FlameOrb|Guts|Earthquake,HeadlongRush,Facade,Protect|||M|||50|,,,,,Ground]Porygon2||Eviolite|Download|TrickRoom,TeraBlast,Psyshock,IceBeam||||||50|,,,,,Fighting]Incineroar||AssaultVest|Intimidate|FakeOut,KnockOff,FlareBlitz,Uturn|||F|||50|,,,,,Fire
|showteam|p2|Maushold||CovertCloak|FriendGuard|BeatUp,FollowMe,Protect,SuperFang||||||50|,,,,,Ghost]Annihilape||SitrusBerry|Defiant|RageFist,DrainPunch,BulkUp,Protect|||M|||50|,,,,,Fire]Archaludon||AssaultVest|Stamina|BodyPress,FlashCannon,Snarl,DragonPulse|||F|||50|,,,,,Flying]Gholdengo||WeaknessPolicy|GoodasGold|MakeItRain,Protect,ShadowBall,NastyPlot||||||50|,,,,,Steel]Ambipom||FocusSash|Technician|FakeOut,BeatUp,Covet,Protect|||M|||50|,,,,,Ghost]Dudunsparce-Three-Segment||Leftovers|Rattled|Boomburst,CalmMind,ShadowBall,Protect|||M|||50|,,,,,Normal
|
|t:|1757763046
|teamsize|p1|4
|teamsize|p2|4
|start
|switch|p1a: Jumpluff|Jumpluff, L50, F, shiny|100/100
|switch|p1b: Charizard|Charizard, L50, M, shiny|100/100
|switch|p2a: Ambipom|Ambipom, L50, M|100/100
|switch|p2b: Gholdengo|Gholdengo, L50|100/100
|turn|1
|inactive|Battle timer is ON: inactive players will automatically lose when time's up. (requested by me vs you)
|inactive|swag morra has 60 seconds left.
|
|t:|1757763087
|-terastallize|p1b: Charizard|Ghost
|move|p2a: Ambipom|Fake Out|p1a: Jumpluff
|-damage|p1a: Jumpluff|66/100
|cant|p1a: Jumpluff|flinch
|move|p1b: Charizard|Heat Wave|p2a: Ambipom|[spread] p2a,p2b
|-supereffective|p2b: Gholdengo
|-damage|p2a: Ambipom|13/100
|-damage|p2b: Gholdengo|0 fnt
|faint|p2b: Gholdengo
|
|upkeep
|
|t:|1757763099
|switch|p2b: Annihilape|Annihilape, L50, M|100/100
|turn|2
|
|t:|1757763113
|switch|p1b: Incineroar|Incineroar, L50, F|100/100
|-ability|p1b: Incineroar|Intimidate|boost
|-unboost|p2a: Ambipom|atk|1
|-unboost|p2b: Annihilape|atk|1
|-ability|p2b: Annihilape|Defiant|boost
|-boost|p2b: Annihilape|atk|2
|-terastallize|p2b: Annihilape|Fire
|move|p2a: Ambipom|Beat Up|p2b: Annihilape
|-damage|p2b: Annihilape|95/100
|-damage|p2b: Annihilape|89/100
|-damage|p2b: Annihilape|83/100
|-hitcount|p2b: Annihilape|3
|move|p1a: Jumpluff|Tailwind|p1a: Jumpluff
|-sidestart|p1: me vs you|move: Tailwind
|move|p2b: Annihilape|Rage Fist|p1b: Incineroar
|-resisted|p1b: Incineroar
|-damage|p1b: Incineroar|34/100
|
|upkeep
|turn|3
|inactive|me vs you has 30 seconds left.
|inactive|swag morra has 30 seconds left.
|inactive|me vs you has 20 seconds left.
|inactive|me vs you has 15 seconds left.
|inactive|me vs you has 10 seconds left.
|
|t:|1757763162
|switch|p2a: Archaludon|Archaludon, L50, F|100/100
|move|p1b: Incineroar|Fake Out|p2b: Annihilape
|-damage|p2b: Annihilape|66/100
|move|p1a: Jumpluff|Encore||[still]
|-fail|p1a: Jumpluff
|cant|p2b: Annihilape|flinch
|
|upkeep
|turn|4
|inactive|swag morra has 30 seconds left.
|
|t:|1757763190
|switch|p1a: Torkoal|Torkoal, L50, F|100/100
|-weather|SunnyDay|[from] ability: Drought|[of] p1a: Torkoal
|move|p1b: Incineroar|Knock Off|p2b: Annihilape
|-damage|p2b: Annihilape|3/100
|-enditem|p2b: Annihilape|Sitrus Berry|[from] move: Knock Off|[of] p1b: Incineroar
|move|p2b: Annihilape|Drain Punch|p1a: Torkoal
|-damage|p1a: Torkoal|63/100
|-heal|p2b: Annihilape|20/100|[from] drain|[of] p1a: Torkoal
|move|p2a: Archaludon|Dragon Pulse|p1a: Torkoal
|-damage|p1a: Torkoal|28/100
|
|-weather|SunnyDay|[upkeep]
|upkeep
|turn|5
|inactive|me vs you has 30 seconds left.
|
|t:|1757763216
|move|p2b: Annihilape|Protect|p2b: Annihilape
|-singleturn|p2b: Annihilape|Protect
|move|p1b: Incineroar|Knock Off|p2b: Annihilape
|-activate|p2b: Annihilape|move: Protect
|move|p2a: Archaludon|Body Press|p1b: Incineroar
|-supereffective|p1b: Incineroar
|-damage|p1b: Incineroar|0 fnt
|faint|p1b: Incineroar
|move|p1a: Torkoal|Bulldoze|p2a: Archaludon|[spread] p2a
|-activate|p2b: Annihilape|move: Protect
|-supereffective|p2a: Archaludon
|-damage|p2a: Archaludon|87/100
|-unboost|p2a: Archaludon|spe|1
|-ability|p2a: Archaludon|Stamina|boost
|-boost|p2a: Archaludon|def|1
|
|-weather|SunnyDay|[upkeep]
|-sideend|p1: me vs you|move: Tailwind
|upkeep
|
|t:|1757763222
|switch|p1b: Charizard|Charizard, L50, M, shiny, tera:Ghost|100/100
|turn|6
|
|t:|1757763237
|move|p1b: Charizard|Heat Wave|p2b: Annihilape|[spread] p2b
|-miss|p1b: Charizard|p2a: Archaludon
|-resisted|p2b: Annihilape
|-damage|p2b: Annihilape|0 fnt
|faint|p2b: Annihilape
|move|p2a: Archaludon|Snarl|p1a: Torkoal|[spread] p1a,p1b
|-supereffective|p1b: Charizard
|-damage|p1a: Torkoal|16/100
|-damage|p1b: Charizard|65/100
|-unboost|p1a: Torkoal|spa|1
|-unboost|p1b: Charizard|spa|1
|-enditem|p1a: Torkoal|Eject Pack
|
|t:|1757763247
|switch|p1a: Jumpluff|Jumpluff, L50, F, shiny|66/100
|
|-weather|SunnyDay|[upkeep]
|-damage|p1b: Charizard|53/100|[from] ability: Solar Power|[of] p1b: Charizard
|upkeep
|
|t:|1757763251
|switch|p2b: Ambipom|Ambipom, L50, M|13/100
|turn|7
|
|t:|1757763263
|move|p2b: Ambipom|Fake Out|p1a: Jumpluff
|-damage|p1a: Jumpluff|31/100
|cant|p1a: Jumpluff|flinch
|move|p1b: Charizard|Heat Wave|p2a: Archaludon|[spread] p2a,p2b
|-crit|p2a: Archaludon
|-damage|p2a: Archaludon|0 fnt
|-damage|p2b: Ambipom|0 fnt
|faint|p2a: Archaludon
|faint|p2b: Ambipom
|
|win|me vs you
|l|☆me vs you
|player|p1|
||swag morra is ready for game 2.
|inactive|me vs you has 30 seconds to confirm battle start!
||me vs you is ready for game 2.
|uhtml|next|Next: Game 2 of 3
