|j|☆skjaal
|j|☆Aizenora
|html|skjaalAizenora    
|uhtml|bestof|Game 1 of a best-of-3
|t:|1757923362
|gametype|doubles
|player|p1|skjaal|plasmagrunt-gen5bw|1190
|player|p2|Aizenora|101|1321
|gen|9
|tier|[Gen 9] VGC 2025 Reg H (Bo3)
|rated|
|rule|Species Clause: Limit one of each Pokémon
|rule|Item Clause: Limit 1 of each item
|clearpoke
|poke|p1|Garchomp, L50, M|
|poke|p1|Smeargle, L50, F|
|poke|p1|Kilowattrel, L50, F|
|poke|p1|Basculegion, L50, M|
|poke|p1|Ninetales-Alola, L50, F|
|poke|p1|Dragonite, L50, F|
|poke|p2|Gholdengo, L50|
|poke|p2|Porygon2, L50|
|poke|p2|Incineroar, L50, M|
|poke|p2|Amoonguss, L50, M|
|poke|p2|Ursaluna, L50, M|
|poke|p2|Flamigo, L50, M|
|teampreview|4
|showteam|p1|Garchomp||LifeOrb|RoughSkin|Protect,DragonClaw,Earthquake,SwordsDance|||M|||50|,,,,,Steel]Smeargle||FocusSash|Moody|FakeOut,Spore,FollowMe,WideGuard|||F|||50|,,,,,Fairy]Kilowattrel||CovertCloak|Competitive|Protect,AirSlash,Discharge,Tailwind|||F|||50|,,,,,Electric]Basculegion||ChoiceScarf|Adaptability|FlipTurn,LastRespects,WaveCrash,AquaJet|||M|||50|,,,,,Water]Ninetales-Alola||ChoiceSpecs|SnowWarning|Moonblast,FreezeDry,Blizzard,DazzlingGleam|||F|||50|,,,,,Poison]Dragonite||LoadedDice|Multiscale|Protect,ScaleShot,ExtremeSpeed,Haze|||F|||50|,,,,,Steel
|showteam|p2|Gholdengo||LifeOrb|GoodasGold|MakeItRain,ShadowBall,NastyPlot,Protect||||||50|,,,,,Dragon]Porygon2||Eviolite|Download|TeraBlast,IceBeam,Recover,TrickRoom||||||50|,,,,,Fighting]Incineroar||SafetyGoggles|Intimidate|KnockOff,FlareBlitz,FakeOut,PartingShot|||M|||50|,,,,,Ghost]Amoonguss||MentalHerb|Regenerator|Spore,SludgeBomb,RagePowder,Protect|||M|||50|,,,,,Water]Ursaluna||FlameOrb|Guts|Facade,HeadlongRush,Earthquake,Protect|||M|||50|,,,,,Normal]Flamigo||FocusSash|Scrappy|CloseCombat,DualWingbeat,WideGuard,Detect|||M|||50|,,,,,Ghost
|inactive|Battle timer is ON: inactive players will automatically lose when time's up. (requested by skjaal)
|
|t:|1757923417
|teamsize|p1|4
|teamsize|p2|4
|start
|switch|p1a: Garchomp|Garchomp, L50, M|100/100
|switch|p1b: Smeargle|Smeargle, L50, F|100/100
|switch|p2a: Flamigo|Flamigo, L50, M|100/100
|switch|p2b: Amoonguss|Amoonguss, L50, M|100/100
|turn|1
|
|t:|1757923438
|move|p1b: Smeargle|Fake Out|p2b: Amoonguss
|-crit|p2b: Amoonguss
|-damage|p2b: Amoonguss|88/100
|move|p1a: Garchomp|Swords Dance|p1a: Garchomp
|-boost|p1a: Garchomp|atk|2
|move|p2a: Flamigo|Dual Wingbeat|p1b: Smeargle
|-damage|p1b: Smeargle|43/100
|-damage|p1b: Smeargle|0 fnt
|faint|p1b: Smeargle
|-hitcount|p1: Smeargle|2
|cant|p2b: Amoonguss|flinch
|
|upkeep
|
|t:|1757923459
|switch|p1b: Basculegion|Basculegion, L50, M|100/100
|turn|2
|
|t:|1757923467
|move|p1b: Basculegion|Flip Turn|p2a: Flamigo
|-damage|p2a: Flamigo|37/100
|
|t:|1757923471
|switch|p1b: Ninetales|Ninetales-Alola, L50, F|100/100|[from] Flip Turn
|-weather|Snowscape|[from] ability: Snow Warning|[of] p1b: Ninetales
|move|p1a: Garchomp|Dragon Claw|p2b: Amoonguss
|-damage|p2b: Amoonguss|5/100
|-damage|p1a: Garchomp|91/100|[from] item: Life Orb
|move|p2a: Flamigo|Close Combat|p1a: Garchomp
|-damage|p1a: Garchomp|33/100
|-unboost|p2a: Flamigo|def|1
|-unboost|p2a: Flamigo|spd|1
|-damage|p2a: Flamigo|25/100|[from] ability: Rough Skin|[of] p1a: Garchomp
|move|p2b: Amoonguss|Spore|p1a: Garchomp
|-status|p1a: Garchomp|slp|[from] move: Spore
|
|-weather|Snowscape|[upkeep]
|upkeep
|turn|3
|
|t:|1757923491
|move|p2a: Flamigo|Wide Guard|p2a: Flamigo
|-singleturn|p2a: Flamigo|Wide Guard
|move|p1b: Ninetales|Blizzard|p2a: Flamigo|[spread] 
|-activate|p2a: Flamigo|move: Wide Guard
|-activate|p2b: Amoonguss|move: Wide Guard
|cant|p1a: Garchomp|slp
|move|p2b: Amoonguss|Spore|p1b: Ninetales
|-status|p1b: Ninetales|slp|[from] move: Spore
|
|-weather|Snowscape|[upkeep]
|upkeep
|turn|4
|
|t:|1757923500
|switch|p2b: Porygon2|Porygon2, L50|100/100
|-ability|p2b: Porygon2|Download|boost
|-boost|p2b: Porygon2|atk|1
|cant|p1b: Ninetales|slp
|cant|p1a: Garchomp|slp
|move|p2a: Flamigo|Close Combat|p1a: Garchomp
|-damage|p1a: Garchomp|0 fnt
|-unboost|p2a: Flamigo|def|1
|-unboost|p2a: Flamigo|spd|1
|-damage|p2a: Flamigo|13/100|[from] ability: Rough Skin|[of] p1a: Garchomp
|faint|p1a: Garchomp
|
|-weather|Snowscape|[upkeep]
|upkeep
|
|t:|1757923511
|switch|p1a: Basculegion|Basculegion, L50, M|100/100
|turn|5
|
|t:|1757923522
|move|p2a: Flamigo|Wide Guard|p2a: Flamigo
|-singleturn|p2a: Flamigo|Wide Guard
|move|p1a: Basculegion|Wave Crash|p2b: Porygon2
|-damage|p2b: Porygon2|55/100
|-damage|p1a: Basculegion|86/100|[from] Recoil
|cant|p1b: Ninetales|slp
|move|p2b: Porygon2|Trick Room|p2b: Porygon2
|-fieldstart|move: Trick Room|[of] p2b: Porygon2
|
|-weather|Snowscape|[upkeep]
|upkeep
|turn|6
|inactive|Aizenora has 30 seconds left.
|
|t:|1757923552
|move|p2b: Porygon2|Tera Blast|p1b: Ninetales
|-damage|p1b: Ninetales|62/100 slp
|move|p2a: Flamigo|Close Combat|p1b: Ninetales
|-damage|p1b: Ninetales|7/100 slp
|-unboost|p2a: Flamigo|def|1
|-unboost|p2a: Flamigo|spd|1
|cant|p1b: Ninetales|slp
|move|p1a: Basculegion|Wave Crash|p2b: Porygon2
|-damage|p2b: Porygon2|11/100
|-damage|p1a: Basculegion|71/100|[from] Recoil
|
|-weather|none
|upkeep
|turn|7
|
|t:|1757923574
|move|p2b: Porygon2|Tera Blast|p1b: Ninetales
|-damage|p1b: Ninetales|0 fnt
|faint|p1b: Ninetales
|move|p2a: Flamigo|Close Combat|p1a: Basculegion
|-damage|p1a: Basculegion|0 fnt
|-unboost|p2a: Flamigo|def|1
|-unboost|p2a: Flamigo|spd|1
|faint|p1a: Basculegion
|
|win|Aizenora
||Aizenora is ready for game 2.
||skjaal is ready for game 2.
|uhtml|next|Next: Game 2 of 3
|l|☆Aizenora
|player|p2|
