|j|☆A_TerroneVGC
|j|☆KingDom1992
|html|A_TerroneVGCKingDom1992    
|uhtml|bestof|Game 3 of a best-of-3
|t:|1756658631
|gametype|doubles
|player|p1|A_TerroneVGC|102|1166
|player|p2|KingDom1992|brock|1194
|gen|9
|tier|[Gen 9] VGC 2025 Reg H (Bo3)
|rated|
|rule|Species Clause: Limit one of each Pokémon
|rule|Item Clause: Limit 1 of each item
|clearpoke
|poke|p1|Toedscruel, L50, M|
|poke|p1|Weezing-Galar, L50, M|
|poke|p1|Corviknight, L50, M|
|poke|p1|Pawmot, L50, M|
|poke|p1|Garchomp, L50, M|
|poke|p1|Typhlosion-Hisui, L50, M|
|poke|p2|Gholdengo, L50|
|poke|p2|Sneasler, L50, M|
|poke|p2|Incineroar, L50, M|
|poke|p2|Amoonguss, L50, F|
|poke|p2|Dragonite, L50, F|
|poke|p2|Ursaluna-Bloodmoon, L50, M|
|teampreview|4
|showteam|p1|Toedscruel||CovertCloak|MyceliumMight|EarthPower,AcidSpray,Spore,RagePowder|||M|||50|,,,,,Water]Weezing-Galar||ChoiceSpecs|NeutralizingGas|SludgeBomb,StrangeSteam,Flamethrower,DazzlingGleam|||M|||50|,,,,,Fire]Corviknight||SitrusBerry|MirrorArmor|BraveBird,Roost,Tailwind,Protect|||M|||50|,,,,,Dragon]Pawmot||FocusSash|NaturalCure|DoubleShock,CloseCombat,FakeOut,Protect|||M|||50|,,,,,Electric]Garchomp||LifeOrb|RoughSkin|DragonClaw,StompingTantrum,Earthquake,Protect|||M|||50|,,,,,Ground]Typhlosion-Hisui||ChoiceScarf|Blaze|Eruption,ShadowBall,HeatWave,SleepTalk|||M|||50|,,,,,Fire
|showteam|p2|Gholdengo||LifeOrb|GoodasGold|MakeItRain,ShadowBall,NastyPlot,Protect||||||50|,,,,,Water]Sneasler||FocusSash|PoisonTouch|FakeOut,CloseCombat,DireClaw,Protect|||M|||50|,,,,,Stellar]Incineroar||SafetyGoggles|Intimidate|FakeOut,FlareBlitz,KnockOff,PartingShot|||M|||50|,,,,,Ghost]Amoonguss||SitrusBerry|Regenerator|Spore,RagePowder,PollenPuff,Protect|||F|||50|,,,,,Water]Dragonite||LoadedDice|Multiscale|ScaleShot,Haze,Tailwind,ExtremeSpeed|||F|||50|,,,,,Fairy]Ursaluna-Bloodmoon||AssaultVest|MindsEye|HyperVoice,BloodMoon,EarthPower,VacuumWave|||M|||50|,,,,,Normal
|inactive|Battle timer is ON: inactive players will automatically lose when time's up. (requested by KingDom1992)
|
|t:|1756658659
|teamsize|p1|4
|teamsize|p2|4
|start
|switch|p1a: Weezing|Weezing-Galar, L50, M|100/100
|switch|p1b: Toedscruel|Toedscruel, L50, M|100/100
|switch|p2a: Gholdengo|Gholdengo, L50|100/100
|switch|p2b: Incineroar|Incineroar, L50, M, shiny|100/100
|-ability|p1a: Weezing|Neutralizing Gas
|turn|1
|
|t:|1756658681
|-terastallize|p1b: Toedscruel|Water
|move|p2a: Gholdengo|Protect|p2a: Gholdengo
|-singleturn|p2a: Gholdengo|Protect
|move|p1b: Toedscruel|Acid Spray|p2b: Incineroar
|-damage|p2b: Incineroar|95/100
|-unboost|p2b: Incineroar|spd|2
|move|p1a: Weezing|Dazzling Gleam|p2a: Gholdengo|[spread] p2b
|-activate|p2a: Gholdengo|move: Protect
|-damage|p2b: Incineroar|45/100
|move|p2b: Incineroar|Knock Off|p1b: Toedscruel
|-damage|p1b: Toedscruel|49/100
|-enditem|p1b: Toedscruel|Covert Cloak|[from] move: Knock Off|[of] p2b: Incineroar
|
|upkeep
|turn|2
|
|t:|1756658706
|switch|p2b: Amoonguss|Amoonguss, L50, F, shiny|100/100
|move|p1b: Toedscruel|Spore|p2a: Gholdengo
|-status|p2a: Gholdengo|slp|[from] move: Spore
|cant|p2a: Gholdengo|slp
|move|p1a: Weezing|Dazzling Gleam|p2a: Gholdengo|[spread] p2a,p2b
|-resisted|p2a: Gholdengo
|-resisted|p2b: Amoonguss
|-damage|p2a: Gholdengo|82/100 slp
|-damage|p2b: Amoonguss|84/100
|
|upkeep
|turn|3
|
|t:|1756658725
|move|p1b: Toedscruel|Acid Spray|p2b: Amoonguss
|-damage|p2b: Amoonguss|77/100
|-unboost|p2b: Amoonguss|spd|2
|-curestatus|p2a: Gholdengo|slp|[msg]
|move|p2a: Gholdengo|Nasty Plot|p2a: Gholdengo
|-boost|p2a: Gholdengo|spa|2
|move|p1a: Weezing|Dazzling Gleam|p2b: Amoonguss|[spread] p2a,p2b
|-resisted|p2a: Gholdengo
|-resisted|p2b: Amoonguss
|-damage|p2a: Gholdengo|63/100
|-damage|p2b: Amoonguss|45/100
|-enditem|p2b: Amoonguss|Sitrus Berry|[eat]
|-heal|p2b: Amoonguss|70/100|[from] item: Sitrus Berry
|move|p2b: Amoonguss|Spore|p1b: Toedscruel
|-status|p1b: Toedscruel|slp|[from] move: Spore
|
|upkeep
|turn|4
|
|t:|1756658747
|cant|p1b: Toedscruel|slp
|move|p2a: Gholdengo|Make It Rain|p1b: Toedscruel|[spread] p1a,p1b
|-supereffective|p1a: Weezing
|-resisted|p1b: Toedscruel
|-damage|p1a: Weezing|0 fnt
|-damage|p1b: Toedscruel|3/100 slp
|-unboost|p2a: Gholdengo|spa|1
|faint|p1a: Weezing
|-end|p1a: Weezing|ability: Neutralizing Gas
|-damage|p2a: Gholdengo|53/100|[from] item: Life Orb
|move|p2b: Amoonguss|Pollen Puff|p2a: Gholdengo
|-heal|p2a: Gholdengo|100/100
|
|upkeep
|
|t:|1756658765
|switch|p1a: Typhlosion|Typhlosion-Hisui, L50, M|100/100
|turn|5
|
|t:|1756658786
|switch|p2b: Incineroar|Incineroar, L50, M, shiny|45/100
|-ability|p2b: Incineroar|Intimidate|boost
|-unboost|p1a: Typhlosion|atk|1
|-unboost|p1b: Toedscruel|atk|1
|move|p2a: Gholdengo|Protect|p2a: Gholdengo
|-singleturn|p2a: Gholdengo|Protect
|move|p1a: Typhlosion|Eruption|p2a: Gholdengo|[spread] p2b
|-activate|p2a: Gholdengo|move: Protect
|-resisted|p2b: Incineroar
|-damage|p2b: Incineroar|25/100
|-curestatus|p1b: Toedscruel|slp|[msg]
|move|p1b: Toedscruel|Earth Power|p2a: Gholdengo
|-activate|p2a: Gholdengo|move: Protect
|
|upkeep
|turn|6
|inactive|A_TerroneVGC has 30 seconds left.
|
|t:|1756658812
|-terastallize|p2a: Gholdengo|Water
|move|p2b: Incineroar|Fake Out|p1b: Toedscruel
|-damage|p1b: Toedscruel|0 fnt
|faint|p1b: Toedscruel
|move|p1a: Typhlosion|Eruption|p2a: Gholdengo|[spread] p2a,p2b
|-resisted|p2a: Gholdengo
|-resisted|p2b: Incineroar
|-damage|p2a: Gholdengo|69/100
|-damage|p2b: Incineroar|4/100
|move|p2a: Gholdengo|Shadow Ball|p1a: Typhlosion
|-supereffective|p1a: Typhlosion
|-damage|p1a: Typhlosion|0 fnt
|faint|p1a: Typhlosion
|-damage|p2a: Gholdengo|60/100|[from] item: Life Orb
|
|upkeep
|
|t:|1756658828
|switch|p1a: Pawmot|Pawmot, L50, M|100/100
|turn|7
|
|t:|1756658834
|switch|p2b: Amoonguss|Amoonguss, L50, F, shiny|100/100
|move|p2a: Gholdengo|Protect|p2a: Gholdengo
|-singleturn|p2a: Gholdengo|Protect
|move|p1a: Pawmot|Fake Out|p2b: Amoonguss
|-damage|p2b: Amoonguss|90/100
|
|upkeep
|turn|8
|
|t:|1756658845
|move|p2b: Amoonguss|Rage Powder|p2b: Amoonguss
|-singleturn|p2b: Amoonguss|move: Rage Powder
|move|p1a: Pawmot|Double Shock|p2b: Amoonguss
|-resisted|p2b: Amoonguss
|-damage|p2b: Amoonguss|68/100
|-start|p1a: Pawmot|typechange|???/Fighting|[from] move: Double Shock
|move|p2a: Gholdengo|Shadow Ball|p1a: Pawmot
|-enditem|p1a: Pawmot|Focus Sash
|-damage|p1a: Pawmot|1/100
|-damage|p2a: Gholdengo|50/100|[from] item: Life Orb
|
|upkeep
|turn|9
|
|t:|1756658859
|move|p2b: Amoonguss|Rage Powder|p2b: Amoonguss
|-singleturn|p2b: Amoonguss|move: Rage Powder
|move|p1a: Pawmot|Double Shock||[still]
|-fail|p1a: Pawmot|move: Double Shock
|move|p2a: Gholdengo|Shadow Ball|p1a: Pawmot
|-crit|p1a: Pawmot
|-damage|p1a: Pawmot|0 fnt
|faint|p1a: Pawmot
|-damage|p2a: Gholdengo|41/100|[from] item: Life Orb
|
|win|KingDom1992
|raw|A_TerroneVGC's rating: 1166 → 1143(-23 for losing)
|raw|KingDom1992's rating: 1194 → 1217(+23 for winning)
|l|☆A_TerroneVGC
|player|p1|
