|j|☆jusemato
|j|☆aerodactylhater
|html|jusematoaerodactylhater    
|uhtml|bestof|Game 1 of a best-of-3
|t:|1785187367
|gametype|doubles
|player|p1|jusemato|ingo|1244
|player|p2|aerodactylhater|cowgirl|1353
|gen|9
|tier|[Gen 9 Champions] VGC 2026 Reg M-B (Bo3)
|rated|
|rule|Species Clause: Limit one of each Pokémon
|rule|Item Clause: Limit 1 of each item
|clearpoke
|poke|p1|Kommo-o, L50, M|
|poke|p1|Metagross, L50, shiny|
|poke|p1|Basculegion, L50, M|
|poke|p1|Kingambit, L50, M|
|poke|p1|Sneasler, L50, M|
|poke|p1|Aerodactyl, L50, M|
|poke|p2|Vanilluxe, L50, F|
|poke|p2|Blaziken, L50, M|
|poke|p2|Whimsicott, L50, M|
|poke|p2|Farigiraf, L50, M|
|poke|p2|Basculegion, L50, M|
|poke|p2|Kingambit, L50, M|
|teampreview|4
|showteam|p1|Kommo-o||LifeOrb|Overcoat|ClangingScales,AuraSphere,VacuumWave,Protect|Modest||M|||50|]Metagross||Metagrossite|ClearBody|PsychicFangs,IronHead,BulletPunch,Protect|Jolly|||||50|]Basculegion||ChoiceScarf|Adaptability|WaveCrash,LastRespects,FlipTurn,AquaJet|Jolly||M|||50|]Kingambit||OccaBerry|Defiant|KowtowCleave,Protect,SuckerPunch,IronHead|Adamant||M|||50|]Sneasler||FocusSash|Unburden|CloseCombat,DireClaw,FakeOut,Coaching|Jolly||M|||50|]Aerodactyl||Aerodactylite|Unnerve|RockSlide,DualWingbeat,IceFang,Tailwind|Jolly||M|||50|
|showteam|p2|Vanilluxe||ChoiceScarf|SnowWarning|FreezeDry,Blizzard,IcyWind,SheerCold|Timid||F|||50|]Blaziken||Blazikenite|SpeedBoost|CloseCombat,FlareBlitz,Protect,RockSlide|Adamant||M|||50|]Whimsicott||FocusSash|Prankster|Moonblast,Tailwind,Protect,Encore|Timid||M|||50|]Farigiraf||SitrusBerry|ArmorTail|Psychic,Thunderbolt,TrickRoom,Protect|Modest||M|||50|]Basculegion||LifeOrb|Adaptability|WaveCrash,AquaJet,LastRespects,Protect|Adamant||M|||50|]Kingambit||BlackGlasses|Defiant|KowtowCleave,SuckerPunch,IronHead,Protect|Adamant||M|||50|
|inactive|Battle timer is ON: inactive players will automatically lose when time's up. (requested by aerodactylhater)
|c|☆jusemato|Glhf
|c|☆aerodactylhater|glhf
|inactive|jusemato has 60 seconds left.
|inactive|aerodactylhater has 60 seconds left.
|
|t:|1785187415
|teamsize|p1|4
|teamsize|p2|4
|start
|switch|p1a: Metagross|Metagross, L50, shiny|100/100
|switch|p1b: Aerodactyl|Aerodactyl, L50, M|100/100
|switch|p2a: Blaziken|Blaziken, L50, M|100/100
|switch|p2b: Kingambit|Kingambit, L50, M|100/100
|-ability|p1b: Aerodactyl|Unnerve
|turn|1
|
|t:|1785187435
|switch|p1a: Sneasler|Sneasler, L50, M|100/100
|detailschange|p2a: Blaziken|Blaziken-Mega, L50, M
|-mega|p2a: Blaziken|Blaziken|Blazikenite
|move|p2a: Blaziken|Protect|p2a: Blaziken
|-singleturn|p2a: Blaziken|Protect
|move|p1b: Aerodactyl|Tailwind|p1b: Aerodactyl
|-sidestart|p1: jusemato|move: Tailwind
|move|p2b: Kingambit|Iron Head|p1b: Aerodactyl
|-supereffective|p1b: Aerodactyl|1
|-damage|p1b: Aerodactyl|0 fnt
|faint|p1b: Aerodactyl
|
|-ability|p2a: Blaziken|Speed Boost|boost
|-boost|p2a: Blaziken|spe|1
|upkeep
|
|t:|1785187449
|switch|p1b: Metagross|Metagross, L50, shiny|100/100
|turn|2
|
|t:|1785187457
|switch|p2a: Whimsicott|Whimsicott, L50, M|100/100
|detailschange|p1b: Metagross|Metagross-Mega, L50, shiny
|-mega|p1b: Metagross|Metagross|Metagrossite
|move|p2b: Kingambit|Protect|p2b: Kingambit
|-singleturn|p2b: Kingambit|Protect
|move|p1a: Sneasler|Coaching|p1b: Metagross
|-boost|p1b: Metagross|atk|1
|-boost|p1b: Metagross|def|1
|move|p1b: Metagross|Psychic Fangs|p2a: Whimsicott
|-enditem|p2a: Whimsicott|Focus Sash
|-damage|p2a: Whimsicott|1/100
|
|upkeep
|turn|3
|
|t:|1785187481
|move|p1b: Metagross|Bullet Punch|p2a: Whimsicott
|-supereffective|p2a: Whimsicott|1
|-damage|p2a: Whimsicott|0 fnt
|faint|p2a: Whimsicott
|move|p2b: Kingambit|Sucker Punch||[still]
|-fail|p2b: Kingambit
|move|p1a: Sneasler|Close Combat|p2b: Kingambit
|-supereffective|p2b: Kingambit|2
|-damage|p2b: Kingambit|0 fnt
|-unboost|p1a: Sneasler|def|1
|-unboost|p1a: Sneasler|spd|1
|faint|p2b: Kingambit
|
|upkeep
|
|t:|1785187485
|switch|p2a: Blaziken|Blaziken-Mega, L50, M|100/100
|switch|p2b: Basculegion|Basculegion, L50, M|100/100
|turn|4
|inactive|jusemato has 30 seconds left.
|
|t:|1785187512
|move|p2a: Blaziken|Protect|p2a: Blaziken
|-singleturn|p2a: Blaziken|Protect
|move|p2b: Basculegion|Aqua Jet|p1a: Sneasler
|-damage|p1a: Sneasler|2/100
|-damage|p2b: Basculegion|90/100|[from] item: Life Orb
|move|p1a: Sneasler|Coaching|p1b: Metagross
|-boost|p1b: Metagross|atk|1
|-boost|p1b: Metagross|def|1
|move|p1b: Metagross|Psychic Fangs|p2b: Basculegion
|-damage|p2b: Basculegion|0 fnt
|faint|p2b: Basculegion
|
|-sideend|p1: jusemato|move: Tailwind
|-ability|p2a: Blaziken|Speed Boost|boost
|-boost|p2a: Blaziken|spe|1
|upkeep
|turn|5
|
|t:|1785187531
|move|p2a: Blaziken|Rock Slide|p1a: Sneasler|[spread] p1a,p1b
|-resisted|p1a: Sneasler|1
|-resisted|p1b: Metagross|1
|-damage|p1a: Sneasler|0 fnt
|-damage|p1b: Metagross|95/100
|faint|p1a: Sneasler
|cant|p1b: Metagross|flinch
|
|-ability|p2a: Blaziken|Speed Boost|boost
|-boost|p2a: Blaziken|spe|1
|upkeep
|
|t:|1785187534
|switch|p1a: Basculegion|Basculegion, L50, M|100/100
|turn|6
|
|t:|1785187540
|move|p1b: Metagross|Protect|p1b: Metagross
|-singleturn|p1b: Metagross|Protect
|move|p2a: Blaziken|Flare Blitz|p1b: Metagross
|-activate|p1b: Metagross|move: Protect
|move|p1a: Basculegion|Wave Crash|p2a: Blaziken
|-supereffective|p2a: Blaziken|1
|-damage|p2a: Blaziken|0 fnt
|faint|p2a: Blaziken
|-damage|p1a: Basculegion|73/100|[from] Recoil
|
|win|jusemato
