|j|☆Pledgen
|j|☆rurik2
|html|Pledgenrurik2    
|uhtml|bestof|Game 1 of a best-of-3
|t:|1784797792
|gametype|doubles
|player|p1|Pledgen|1|1047
|player|p2|rurik2|zinzolin|1082
|gen|9
|tier|[Gen 9 Champions] VGC 2026 Reg M-B (Bo3)
|rated|
|rule|Species Clause: Limit one of each Pokémon
|rule|Item Clause: Limit 1 of each item
|clearpoke
|poke|p1|Raichu, L50, F|
|poke|p1|Meowscarada, L50, M, shiny|
|poke|p1|Maushold-Four, L50|
|poke|p1|Blastoise, L50, F|
|poke|p1|Garchomp, L50, F|
|poke|p1|Gholdengo, L50|
|poke|p2|Gardevoir, L50, M|
|poke|p2|Talonflame, L50, F|
|poke|p2|Kingambit, L50, F|
|poke|p2|Maushold-Four, L50|
|poke|p2|Kommo-o, L50, M|
|poke|p2|Basculegion, L50, M|
|teampreview|4
|showteam|p1|Raichu||RaichuniteY|LightningRod|ZapCannon,FocusBlast,Encore,Protect|Timid||F|||50|]Meowscarada||FocusSash|Overgrow|FlowerTrick,KnockOff,Uturn,Protect|Jolly||M|||50|]Maushold-Four||SitrusBerry|CheekPouch|FollowMe,PopulationBomb,Encore,Taunt|Jolly|||||50|]Blastoise||Blastoisinite|RainDish|WaterSpout,ShellSmash,DarkPulse,FakeOut|Rash||F|||50|]Garchomp||LifeOrb|RoughSkin|RockSlide,DragonClaw,StompingTantrum,Protect|Jolly||F|||50|]Gholdengo||WhiteHerb|GoodasGold|ShadowBall,MakeItRain,NastyPlot,Protect|Modest|||||50|
|showteam|p2|Gardevoir||Gardevoirite|Trace|HyperVoice,Psyshock,FocusBlast,Protect|Modest||M|||50|]Talonflame||SharpBeak|GaleWings|FlareBlitz,BraveBird,Tailwind,Protect|Adamant||F|||50|]Kingambit||ExpertBelt|Defiant|KowtowCleave,SuckerPunch,IronHead,LowKick|Brave||F|||50|]Maushold-Four||FocusSash|FriendGuard|SuperFang,FollowMe,Taunt,Protect|Impish|||||50|]Kommo-o||Leftovers|Soundproof|ClangingScales,ClangorousSoul,DrainPunch,Protect|Timid||M|||50|]Basculegion||ChoiceScarf|Adaptability|WaveCrash,FlipTurn,AquaJet,LastRespects|Jolly||M|||50|
|inactive|Battle timer is ON: inactive players will automatically lose when time's up. (requested by Pledgen)
|inactive|rurik2 has 60 seconds left.
|
|t:|1784797853
|teamsize|p1|4
|teamsize|p2|4
|start
|switch|p1a: Meowscarada|Meowscarada, L50, M, shiny|100/100
|switch|p1b: Raichu|Raichu, L50, F|100/100
|switch|p2a: Kommo-o|Kommo-o, L50, M|100/100
|switch|p2b: Basculegion|Basculegion, L50, M|100/100
|turn|1
|inactive|Pledgen has 30 seconds left.
|
|t:|1784797887
|switch|p1b: Gholdengo|Gholdengo, L50|100/100
|move|p2b: Basculegion|Flip Turn|p1b: Gholdengo
|-damage|p1b: Gholdengo|67/100
|
|t:|1784797894
|switch|p2b: Talonflame|Talonflame, L50, F|100/100|[from] Flip Turn
|move|p1a: Meowscarada|Flower Trick|p2b: Talonflame
|-resisted|p2b: Talonflame|2
|-crit|p2b: Talonflame
|-damage|p2b: Talonflame|83/100
|move|p2a: Kommo-o|Clanging Scales|p1b: Gholdengo|[spread] p1a,p1b
|-resisted|p1b: Gholdengo|1
|-damage|p1a: Meowscarada|44/100
|-damage|p1b: Gholdengo|50/100y
|-unboost|p2a: Kommo-o|def|1
|
|upkeep
|turn|2
|inactive|Pledgen has 30 seconds left.
|
|t:|1784797925
|switch|p1b: Maushold|Maushold-Four, L50|100/100
|move|p1a: Meowscarada|Knock Off|p2b: Talonflame
|-damage|p2b: Talonflame|12/100
|-enditem|p2b: Talonflame|Sharp Beak|[from] move: Knock Off|[of] p1a: Meowscarada
|move|p2b: Talonflame|Tailwind|p2b: Talonflame
|-sidestart|p2: rurik2|move: Tailwind
|move|p2a: Kommo-o|Clanging Scales|p1a: Meowscarada|[spread] p1a,p1b
|-crit|p1b: Maushold
|-damage|p1a: Meowscarada|0 fnt
|-damage|p1b: Maushold|32/100
|-enditem|p1b: Maushold|Sitrus Berry|[eat]
|-heal|p1b: Maushold|56/100|[from] item: Sitrus Berry
|-heal|p1b: Maushold|90/100|[from] ability: Cheek Pouch
|faint|p1a: Meowscarada
|-unboost|p2a: Kommo-o|def|1
|
|upkeep
|
|t:|1784797940
|switch|p1a: Raichu|Raichu, L50, F|100/100
|turn|3
|inactive|Pledgen has 30 seconds left.
|
|t:|1784797966
|switch|p2b: Gardevoir|Gardevoir, L50, M|100/100
|-ability|p2b: Gardevoir|Cheek Pouch|Trace|[from] ability: Trace|[of] p1b: Maushold
|detailschange|p1a: Raichu|Raichu-Mega-Y, L50, F
|-mega|p1a: Raichu|Raichu|Raichunite Y
|move|p2a: Kommo-o|Drain Punch|p1b: Maushold
|-supereffective|p1b: Maushold|1
|-damage|p1b: Maushold|29/100
|move|p1a: Raichu|Focus Blast|p2a: Kommo-o
|-damage|p2a: Kommo-o|53/100
|move|p1b: Maushold|Population Bomb|p2b: Gardevoir
|-crit|p2b: Gardevoir
|-damage|p2b: Gardevoir|84/100
|-damage|p2b: Gardevoir|74/100
|-damage|p2b: Gardevoir|63/100
|-damage|p2b: Gardevoir|52/100
|-hitcount|p2b: Gardevoir|4
|
|-heal|p2a: Kommo-o|59/100|[from] item: Leftovers
|upkeep
|turn|4
|inactive|Pledgen has 30 seconds left.
|inactive|rurik2 has 30 seconds left.
|inactive|Pledgen has 20 seconds left.
|
|t:|1784798001
|switch|p1b: Gholdengo|Gholdengo, L50|50/100y
|detailschange|p2b: Gardevoir|Gardevoir-Mega, L50, M
|-mega|p2b: Gardevoir|Gardevoir|Gardevoirite
|move|p1a: Raichu|Protect|p1a: Raichu
|-singleturn|p1a: Raichu|Protect
|move|p2b: Gardevoir|Hyper Voice|p1a: Raichu|[spread] p1b
|-activate|p1a: Raichu|move: Protect
|-resisted|p1b: Gholdengo|1
|-damage|p1b: Gholdengo|24/100
|move|p2a: Kommo-o|Clanging Scales|p1a: Raichu|[spread] p1b
|-activate|p1a: Raichu|move: Protect
|-resisted|p1b: Gholdengo|1
|-damage|p1b: Gholdengo|9/100
|-unboost|p2a: Kommo-o|def|1
|
|-heal|p2a: Kommo-o|65/100|[from] item: Leftovers
|upkeep
|turn|5
|inactive|rurik2 has 30 seconds left.
|
|t:|1784798030
|switch|p1a: Maushold|Maushold-Four, L50|29/100
|move|p1b: Gholdengo|Protect|p1b: Gholdengo
|-singleturn|p1b: Gholdengo|Protect
|move|p2b: Gardevoir|Hyper Voice|p1a: Maushold|[spread] p1a
|-activate|p1b: Gholdengo|move: Protect
|-damage|p1a: Maushold|0 fnt
|faint|p1a: Maushold
|move|p2a: Kommo-o|Clanging Scales|p1b: Gholdengo
|-activate|p1b: Gholdengo|move: Protect
|
|-heal|p2a: Kommo-o|71/100|[from] item: Leftovers
|-sideend|p2: rurik2|move: Tailwind
|upkeep
|
|t:|1784798039
|switch|p1a: Raichu|Raichu-Mega-Y, L50, F|100/100
|turn|6
|
|t:|1784798061
|move|p2b: Gardevoir|Protect|p2b: Gardevoir
|-singleturn|p2b: Gardevoir|Protect
|move|p1a: Raichu|Zap Cannon|p2b: Gardevoir
|-activate|p2b: Gardevoir|move: Protect
|move|p2a: Kommo-o|Clanging Scales|p1a: Raichu|[spread] p1a,p1b
|-resisted|p1b: Gholdengo|1
|-damage|p1a: Raichu|44/100
|-damage|p1b: Gholdengo|0 fnt
|faint|p1b: Gholdengo
|-unboost|p2a: Kommo-o|def|1
|
|-heal|p2a: Kommo-o|77/100|[from] item: Leftovers
|upkeep
|turn|7
|-message|Pledgen forfeited.
|raw|Pledgen's rating: 1047 → 1032(-15 for losing)
|raw|rurik2's rating: 1082 → 1107(+25 for winning)
|
|win|rurik2
