|j|☆quetzalyami
|j|☆Gayangos
|html|quetzalyamiGayangos    
|uhtml|bestof|Game 2 of a best-of-3
|t:|1757625754
|gametype|doubles
|player|p1|quetzalyami|265|1257
|player|p2|Gayangos|2|1257
|gen|9
|tier|[Gen 9] VGC 2025 Reg H (Bo3)
|rated|
|rule|Species Clause: Limit one of each Pokémon
|rule|Item Clause: Limit 1 of each item
|clearpoke
|poke|p1|Rillaboom, L50, M|
|poke|p1|Kingambit, L50, F|
|poke|p1|Dragonite, L50, F|
|poke|p1|Sneasler, L50, M|
|poke|p1|Ceruledge, L50, M|
|poke|p1|Gastrodon, L50, F|
|poke|p2|Dragapult, L50, M|
|poke|p2|Sneasler, L50, M|
|poke|p2|Incineroar, L50, M|
|poke|p2|Rillaboom, L50, M|
|poke|p2|Kingambit, L50, F|
|poke|p2|Volcarona, L50, F|
|teampreview|4
|showteam|p1|Rillaboom||MiracleSeed|GrassySurge|FakeOut,GrassyGlide,WoodHammer,HighHorsepower|||M|||50|,,,,,Fire]Kingambit||AssaultVest|Defiant|KowtowCleave,SuckerPunch,IronHead,TeraBlast|||F|||50|,,,,,Flying]Dragonite||LoadedDice|Multiscale|ExtremeSpeed,ScaleShot,Protect,LowKick|||F|||50|,,,,,Fairy]Sneasler||FocusSash|Unburden|DireClaw,CloseCombat,FakeOut,Coaching|||M|||50|,,,,,Ghost]Ceruledge||Leftovers|FlashFire|BitterBlade,Protect,BulkUp,ShadowClaw|||M|||50|,,,,,Grass]Gastrodon||SitrusBerry|StormDrain|EarthPower,Protect,ClearSmog,IceBeam|||F|||50|,,,,,Poison
|showteam|p2|Dragapult||ChoiceBand|ClearBody|DragonDarts,Outrage,PhantomForce,Uturn|||M|||50|,,,,,Dragon]Sneasler||FocusSash|Unburden|CloseCombat,DireClaw,ThroatChop,Protect|||M|||50|,,,,,Stellar]Incineroar||SafetyGoggles|Intimidate|KnockOff,FakeOut,Taunt,PartingShot|||M|||50|,,,,,Ghost]Rillaboom||AssaultVest|GrassySurge|WoodHammer,GrassyGlide,FakeOut,Uturn|||M|||50|,,,,,Fire]Kingambit||BlackGlasses|Defiant|KowtowCleave,SuckerPunch,SwordsDance,Protect|||F|||50|,,,,,Dark]Volcarona||GrassySeed|FlameBody|HeatWave,TeraBlast,QuiverDance,Protect|||F|||50|,,,,,Fairy
|inactive|Battle timer is ON: inactive players will automatically lose when time's up. (requested by quetzalyami)
|
|t:|1757625774
|teamsize|p1|4
|teamsize|p2|4
|start
|switch|p1a: Kingambit|Kingambit, L50, F|100/100
|switch|p1b: Sneasler|Sneasler, L50, M|100/100
|switch|p2a: Dragapult|Dragapult, L50, M|100/100
|switch|p2b: Sneasler|Sneasler, L50, M|100/100
|turn|1
|inactive|quetzalyami has 30 seconds left.
|inactive|quetzalyami has 20 seconds left.
|
|t:|1757625811
|-terastallize|p1a: Kingambit|Flying
|move|p2a: Dragapult|U-turn|p1b: Sneasler
|-resisted|p1b: Sneasler
|-damage|p1b: Sneasler|84/100
|
|t:|1757625818
|switch|p2a: Rillaboom|Rillaboom, L50, M|100/100|[from] U-turn
|-fieldstart|move: Grassy Terrain|[from] ability: Grassy Surge|[of] p2a: Rillaboom
|move|p2b: Sneasler|Close Combat|p1a: Kingambit
|-resisted|p1a: Kingambit
|-damage|p1a: Kingambit|77/100
|-unboost|p2b: Sneasler|def|1
|-unboost|p2b: Sneasler|spd|1
|move|p1b: Sneasler|Coaching|p1a: Kingambit
|-boost|p1a: Kingambit|atk|1
|-boost|p1a: Kingambit|def|1
|move|p1a: Kingambit|Tera Blast|p2a: Rillaboom|[anim] Tera Blast Flying
|-supereffective|p2a: Rillaboom
|-damage|p2a: Rillaboom|0 fnt
|faint|p2a: Rillaboom
|
|-heal|p1b: Sneasler|90/100|[from] Grassy Terrain
|upkeep
|
|t:|1757625822
|switch|p2a: Dragapult|Dragapult, L50, M|100/100
|turn|2
|
|t:|1757625843
|-terastallize|p2a: Dragapult|Dragon
|move|p2a: Dragapult|Dragon Darts|p1b: Sneasler
|-damage|p1b: Sneasler|0 fnt
|-anim|p2a: Dragapult|Dragon Darts|p1a: Kingambit
|-damage|p1a: Kingambit|50/100
|faint|p1b: Sneasler
|move|p2b: Sneasler|Dire Claw|p1a: Kingambit
|-damage|p1a: Kingambit|30/100
|-status|p1a: Kingambit|psn
|move|p1a: Kingambit|Kowtow Cleave|p2a: Dragapult
|-damage|p2a: Dragapult|0 fnt
|faint|p2a: Dragapult
|
|-damage|p1a: Kingambit|17/100 psn|[from] psn
|upkeep
|
|t:|1757625866
|switch|p2a: Incineroar|Incineroar, L50, M|100/100
|switch|p1b: Rillaboom|Rillaboom, L50, M|100/100
|-ability|p2a: Incineroar|Intimidate|boost
|-unboost|p1a: Kingambit|atk|1
|-ability|p1a: Kingambit|Defiant|boost
|-boost|p1a: Kingambit|atk|2
|-unboost|p1b: Rillaboom|atk|1
|turn|3
|
|t:|1757625882
|move|p2b: Sneasler|Protect|p2b: Sneasler
|-singleturn|p2b: Sneasler|Protect
|move|p1b: Rillaboom|Fake Out|p2b: Sneasler
|-activate|p2b: Sneasler|move: Protect
|move|p2a: Incineroar|Fake Out|p1a: Kingambit
|-damage|p1a: Kingambit|12/100 psn
|cant|p1a: Kingambit|flinch
|
|-damage|p1a: Kingambit|0 fnt|[from] psn
|faint|p1a: Kingambit
|upkeep
|
|t:|1757625885
|switch|p1a: Gastrodon|Gastrodon, L50, F|100/100
|turn|4
|
|t:|1757625898
|move|p1b: Rillaboom|Grassy Glide|p2b: Sneasler
|-resisted|p2b: Sneasler
|-damage|p2b: Sneasler|63/100
|move|p2b: Sneasler|Dire Claw|p1b: Rillaboom
|-supereffective|p1b: Rillaboom
|-damage|p1b: Rillaboom|17/100
|move|p2a: Incineroar|Knock Off|p1a: Gastrodon
|-damage|p1a: Gastrodon|60/100
|-enditem|p1a: Gastrodon|Sitrus Berry|[from] move: Knock Off|[of] p2a: Incineroar
|move|p1a: Gastrodon|Earth Power|p2b: Sneasler
|-supereffective|p2b: Sneasler
|-damage|p2b: Sneasler|0 fnt
|faint|p2b: Sneasler
|
|-heal|p1b: Rillaboom|23/100|[from] Grassy Terrain
|-heal|p1a: Gastrodon|66/100|[from] Grassy Terrain
|upkeep
|turn|5
|
|t:|1757625920
|move|p1b: Rillaboom|High Horsepower|p2a: Incineroar
|-supereffective|p2a: Incineroar
|-damage|p2a: Incineroar|63/100
|move|p2a: Incineroar|Knock Off|p1a: Gastrodon
|-damage|p1a: Gastrodon|39/100
|move|p1a: Gastrodon|Earth Power|p2a: Incineroar
|-supereffective|p2a: Incineroar
|-damage|p2a: Incineroar|9/100
|
|-heal|p1b: Rillaboom|29/100|[from] Grassy Terrain
|-heal|p2a: Incineroar|15/100|[from] Grassy Terrain
|-heal|p1a: Gastrodon|45/100|[from] Grassy Terrain
|-fieldend|move: Grassy Terrain
|upkeep
|turn|6
|
|t:|1757625936
|move|p1b: Rillaboom|High Horsepower|p2a: Incineroar
|-supereffective|p2a: Incineroar
|-damage|p2a: Incineroar|0 fnt
|faint|p2a: Incineroar
|
|win|quetzalyami
||quetzalyami is ready for game 3.
||Gayangos is ready for game 3.
|uhtml|next|Next: Game 3 of 3
