|j|☆SwordCrave2297
|j|☆Garden Monke
|html|SwordCrave2297Garden Monke    
|uhtml|bestof|Game 1 of a best-of-3
|t:|1785102184
|gametype|doubles
|player|p1|SwordCrave2297|169|1135
|player|p2|Garden Monke|giacomo|1154
|gen|9
|tier|[Gen 9 Champions] VGC 2026 Reg M-B (Bo3)
|rated|
|rule|Species Clause: Limit one of each Pokémon
|rule|Item Clause: Limit 1 of each item
|clearpoke
|poke|p1|Scrafty, L50, F|
|poke|p1|Farigiraf, L50, F|
|poke|p1|Torkoal, L50, M|
|poke|p1|Mamoswine, L50, M|
|poke|p1|Sylveon, L50, F|
|poke|p1|Pyroar, L50, F, shiny|
|poke|p2|Garchomp, L50, M|
|poke|p2|Venusaur, L50, F|
|poke|p2|Incineroar, L50, F|
|poke|p2|Charizard, L50, F|
|poke|p2|Toxapex, L50, F|
|poke|p2|Annihilape, L50, F|
|teampreview|4
|showteam|p1|Scrafty||Scraftinite|Intimidate|KnockOff,DrainPunch,Detect,FakeOut|Adamant||F|||50|]Farigiraf||SitrusBerry|ArmorTail|TwinBeam,Thunderbolt,TrickRoom,HelpingHand|Bold||F|||50|]Torkoal||HeatRock|Drought|Eruption,Protect,WeatherBall,HelpingHand|Quiet||M|||50|]Mamoswine||FocusSash|Oblivious|IcicleCrash,Protect,HighHorsepower,IceShard|Adamant||M|||50|]Sylveon||FairyFeather|Pixilate|Detect,HyperVoice,QuickAttack,HyperBeam|Modest||F|||50|]Pyroar||Pyroarite|Unnerve|SolarBeam,Overheat,HeatWave,Protect|Timid||F|||50|
|showteam|p2|Garchomp||ChoiceScarf|RoughSkin|Earthquake,RockSlide,DragonClaw,StompingTantrum|Adamant||M|||50|]Venusaur||LifeOrb|Chlorophyll|SludgeBomb,SolarBeam,EarthPower,Protect|Modest||F|||50|]Incineroar||SitrusBerry|Intimidate|FakeOut,FlareBlitz,ThroatChop,PartingShot|Impish||F|||50|]Charizard||CharizarditeY|Blaze|HeatWave,WeatherBall,Protect,HelpingHand|Modest||F|||50|]Toxapex||Leftovers|Regenerator|Infestation,Toxic,WideGuard,BanefulBunker|Impish||F|||50|]Annihilape||FocusSash|Defiant|CloseCombat,PhantomForce,RockTomb,Protect|Jolly||F|||50|
|inactive|Battle timer is ON: inactive players will automatically lose when time's up. (requested by Garden Monke)
|
|t:|1785102214
|teamsize|p1|4
|teamsize|p2|4
|start
|switch|p1a: Scrafty|Scrafty, L50, F|100/100
|switch|p1b: Farigiraf|Farigiraf, L50, F|100/100
|switch|p2a: Toxapex|Toxapex, L50, F|100/100
|switch|p2b: Charizard|Charizard, L50, F|100/100
|-ability|p1a: Scrafty|Intimidate|boost
|-unboost|p2a: Toxapex|atk|1
|-unboost|p2b: Charizard|atk|1
|turn|1
|inactive|Garden Monke has 30 seconds left.
|
|t:|1785102247
|switch|p2b: Incineroar|Incineroar, L50, F|100/100
|-ability|p2b: Incineroar|Intimidate|boost
|-unboost|p1a: Scrafty|atk|1
|-unboost|p1b: Farigiraf|atk|1
|detailschange|p1a: Scrafty|Scrafty-Mega, L50, F
|-mega|p1a: Scrafty|Scrafty|Scraftinite
|-ability|p1a: Scrafty|Intimidate|boost
|-unboost|p2a: Toxapex|atk|1
|-unboost|p2b: Incineroar|atk|1
|move|p1a: Scrafty|Fake Out|p2b: Incineroar
|-damage|p2b: Incineroar|92/100
|move|p2a: Toxapex|Toxic|p1b: Farigiraf
|-status|p1b: Farigiraf|tox
|move|p1b: Farigiraf|Trick Room|p1b: Farigiraf
|-fieldstart|move: Trick Room|[of] p1b: Farigiraf
|
|-damage|p1b: Farigiraf|94/100 tox|[from] psn
|upkeep
|turn|2
|inactive|Garden Monke has 30 seconds left.
|
|t:|1785102274
|move|p2a: Toxapex|Toxic|p1a: Scrafty
|-status|p1a: Scrafty|tox
|move|p1b: Farigiraf|Twin Beam|p2a: Toxapex
|-supereffective|p2a: Toxapex|1
|-damage|p2a: Toxapex|75/100
|-supereffective|p2a: Toxapex|1
|-damage|p2a: Toxapex|51/100
|-hitcount|p2a: Toxapex|2
|move|p2b: Incineroar|Parting Shot|p1b: Farigiraf
|-unboost|p1b: Farigiraf|atk|1
|-unboost|p1b: Farigiraf|spa|1
|
|t:|1785102286
|switch|p2b: Charizard|Charizard, L50, F|100/100|[from] Parting Shot
|move|p1a: Scrafty|Drain Punch|p2b: Charizard
|-resisted|p2b: Charizard|1
|-damage|p2b: Charizard|86/100
|
|-heal|p2a: Toxapex|57/100|[from] item: Leftovers
|-damage|p1b: Farigiraf|82/100 tox|[from] psn
|-damage|p1a: Scrafty|94/100 tox|[from] psn
|upkeep
|turn|3
|
|t:|1785102300
|-heal|p2a: Toxapex|90/100|[from] ability: Regenerator|[silent]
|switch|p2a: Incineroar|Incineroar, L50, F|92/100
|-ability|p2a: Incineroar|Intimidate|boost
|-unboost|p1a: Scrafty|atk|1
|-unboost|p1b: Farigiraf|atk|1
|switch|p1b: Mamoswine|Mamoswine, L50, M|100/100
|detailschange|p2b: Charizard|Charizard-Mega-Y, L50, F
|-mega|p2b: Charizard|Charizard|Charizardite Y
|-weather|SunnyDay|[from] ability: Drought|[of] p2b: Charizard
|move|p1a: Scrafty|Knock Off|p2b: Charizard
|-damage|p2b: Charizard|69/100
|move|p2b: Charizard|Heat Wave|p1b: Mamoswine|[spread] p1a,p1b
|-supereffective|p1b: Mamoswine|1
|-damage|p1a: Scrafty|43/100 tox
|-enditem|p1b: Mamoswine|Focus Sash
|-damage|p1b: Mamoswine|1/100
|
|-weather|SunnyDay|[upkeep]
|-damage|p1a: Scrafty|31/100 tox|[from] psn
|upkeep
|turn|4
|inactive|Garden Monke has 30 seconds left.
|
|t:|1785102329
|switch|p2b: Toxapex|Toxapex, L50, F|90/100
|move|p1b: Mamoswine|Protect|p1b: Mamoswine
|-singleturn|p1b: Mamoswine|Protect
|move|p2a: Incineroar|Parting Shot|p1b: Mamoswine
|-activate|p1b: Mamoswine|move: Protect
|move|p1a: Scrafty|Drain Punch|p2a: Incineroar
|-supereffective|p2a: Incineroar|1
|-damage|p2a: Incineroar|62/100
|-heal|p1a: Scrafty|48/100 tox|[from] drain|[of] p2a: Incineroar
|
|-weather|SunnyDay|[upkeep]
|-heal|p2b: Toxapex|96/100|[from] item: Leftovers
|-damage|p1a: Scrafty|31/100 tox|[from] psn
|upkeep
|turn|5
|inactive|SwordCrave2297 has 30 seconds left.
|
|t:|1785102356
|switch|p1a: Farigiraf|Farigiraf, L50, F|82/100 tox
|move|p2b: Toxapex|Infestation|p1a: Farigiraf
|-supereffective|p1a: Farigiraf|1
|-damage|p1a: Farigiraf|76/100 tox
|-activate|p1a: Farigiraf|move: Infestation|[of] p2b: Toxapex
|move|p2a: Incineroar|Throat Chop|p1b: Mamoswine
|-damage|p1b: Mamoswine|0 fnt
|faint|p1b: Mamoswine
|
|-weather|SunnyDay|[upkeep]
|-heal|p2b: Toxapex|100/100|[from] item: Leftovers
|-damage|p1a: Farigiraf|70/100 tox|[from] psn
|-damage|p1a: Farigiraf|58/100 tox|[from] move: Infestation|[partiallytrapped]
|-fieldend|move: Trick Room
|upkeep
|
|t:|1785102365
|switch|p1b: Scrafty|Scrafty-Mega, L50, F|31/100 tox
|-ability|p1b: Scrafty|Intimidate|boost
|-unboost|p2a: Incineroar|atk|1
|-unboost|p2b: Toxapex|atk|1
|turn|6
|
|t:|1785102386
|move|p2b: Toxapex|Baneful Bunker|p2b: Toxapex
|-singleturn|p2b: Toxapex|move: Protect
|move|p1b: Scrafty|Drain Punch|p2a: Incineroar
|-supereffective|p2a: Incineroar|1
|-damage|p2a: Incineroar|2/100
|-heal|p1b: Scrafty|66/100 tox|[from] drain|[of] p2a: Incineroar
|-enditem|p2a: Incineroar|Sitrus Berry|[eat]
|-heal|p2a: Incineroar|27/100|[from] item: Sitrus Berry
|move|p2a: Incineroar|Parting Shot|p1b: Scrafty
|-unboost|p1b: Scrafty|atk|1
|-unboost|p1b: Scrafty|spa|1
|
|t:|1785102401
|switch|p2a: Charizard|Charizard-Mega-Y, L50, F|69/100|[from] Parting Shot
|move|p1a: Farigiraf|Trick Room|p1a: Farigiraf
|-fieldstart|move: Trick Room|[of] p1a: Farigiraf
|
|-weather|SunnyDay|[upkeep]
|-damage|p1a: Farigiraf|46/100 tox|[from] psn
|-damage|p1b: Scrafty|60/100 tox|[from] psn
|-damage|p1a: Farigiraf|34/100 tox|[from] move: Infestation|[partiallytrapped]
|upkeep
|-enditem|p1a: Farigiraf|Sitrus Berry|[eat]
|-heal|p1a: Farigiraf|59/100 tox|[from] item: Sitrus Berry
|turn|7
|inactive|Garden Monke has 30 seconds left.
|
|t:|1785102426
|switch|p1b: Torkoal|Torkoal, L50, M|100/100
|switch|p2a: Incineroar|Incineroar, L50, F|27/100
|-ability|p2a: Incineroar|Intimidate|boost
|-unboost|p1a: Farigiraf|atk|1
|-unboost|p1b: Torkoal|atk|1
|move|p2b: Toxapex|Infestation|p1b: Torkoal
|-resisted|p1b: Torkoal|1
|-damage|p1b: Torkoal|98/100
|-activate|p1b: Torkoal|move: Infestation|[of] p2b: Toxapex
|move|p1a: Farigiraf|Thunderbolt|p2a: Incineroar
|-damage|p2a: Incineroar|7/100
|
|-weather|none
|-damage|p1a: Farigiraf|41/100 tox|[from] psn
|-damage|p1b: Torkoal|85/100|[from] move: Infestation|[partiallytrapped]
|-damage|p1a: Farigiraf|29/100 tox|[from] move: Infestation|[partiallytrapped]
|upkeep
|turn|8
|inactive|SwordCrave2297 has 30 seconds left.
|
|t:|1785102461
|switch|p2a: Garchomp|Garchomp, L50, M|100/100
|move|p1b: Torkoal|Weather Ball|p2a: Garchomp
|-damage|p2a: Garchomp|84/100
|move|p2b: Toxapex|Toxic|p1b: Torkoal
|-status|p1b: Torkoal|tox
|move|p1a: Farigiraf|Thunderbolt|p2b: Toxapex
|-supereffective|p2b: Toxapex|1
|-damage|p2b: Toxapex|68/100
|
|-heal|p2b: Toxapex|73/100|[from] item: Leftovers
|-damage|p1b: Torkoal|79/100 tox|[from] psn
|-damage|p1a: Farigiraf|5/100 tox|[from] psn
|-damage|p1b: Torkoal|67/100 tox|[from] move: Infestation|[partiallytrapped]
|-damage|p1a: Farigiraf|0 fnt|[from] move: Infestation|[partiallytrapped]
|faint|p1a: Farigiraf
|upkeep
|
|t:|1785102463
|switch|p1a: Scrafty|Scrafty-Mega, L50, F|60/100 tox
|-ability|p1a: Scrafty|Intimidate|boost
|-unboost|p2a: Garchomp|atk|1
|-unboost|p2b: Toxapex|atk|1
|turn|9
|inactive|SwordCrave2297 has 30 seconds left.
|
|t:|1785102492
|switch|p2a: Incineroar|Incineroar, L50, F|7/100
|-ability|p2a: Incineroar|Intimidate|boost
|-unboost|p1a: Scrafty|atk|1
|-unboost|p1b: Torkoal|atk|1
|move|p1b: Torkoal|Helping Hand|p1a: Scrafty
|-singleturn|p1a: Scrafty|Helping Hand|[of] p1b: Torkoal
|move|p2b: Toxapex|Infestation|p1a: Scrafty
|-damage|p1a: Scrafty|58/100 tox
|-activate|p1a: Scrafty|move: Infestation|[of] p2b: Toxapex
|move|p1a: Scrafty|Drain Punch|p2a: Incineroar
|-supereffective|p2a: Incineroar|1
|-damage|p2a: Incineroar|0 fnt
|-heal|p1a: Scrafty|62/100 tox|[from] drain|[of] p2a: Incineroar
|faint|p2a: Incineroar
|
|-heal|p2b: Toxapex|79/100|[from] item: Leftovers
|-damage|p1b: Torkoal|54/100 tox|[from] psn
|-damage|p1a: Scrafty|56/100 tox|[from] psn
|-damage|p1b: Torkoal|42/100 tox|[from] move: Infestation|[partiallytrapped]
|-damage|p1a: Scrafty|44/100 tox|[from] move: Infestation|[partiallytrapped]
|upkeep
|
|t:|1785102511
|switch|p2a: Charizard|Charizard-Mega-Y, L50, F|69/100
|-weather|SunnyDay|[from] ability: Drought|[of] p2a: Charizard
|turn|10
|
|t:|1785102527
|move|p2b: Toxapex|Baneful Bunker|p2b: Toxapex
|-singleturn|p2b: Toxapex|move: Protect
|move|p2a: Charizard|Protect|p2a: Charizard
|-singleturn|p2a: Charizard|Protect
|move|p1b: Torkoal|Weather Ball|p2b: Toxapex
|-activate|p2b: Toxapex|move: Protect
|move|p1a: Scrafty|Knock Off|p2a: Charizard
|-activate|p2a: Charizard|move: Protect
|
|-weather|SunnyDay|[upkeep]
|-heal|p2b: Toxapex|85/100|[from] item: Leftovers
|-damage|p1b: Torkoal|23/100 tox|[from] psn
|-damage|p1a: Scrafty|33/100 tox|[from] psn
|-damage|p1b: Torkoal|11/100 tox|[from] move: Infestation|[partiallytrapped]
|-damage|p1a: Scrafty|20/100y tox|[from] move: Infestation|[partiallytrapped]
|-fieldend|move: Trick Room
|upkeep
|turn|11
|
|t:|1785102544
|move|p2a: Charizard|Heat Wave|p1b: Torkoal|[spread] p1a,p1b
|-resisted|p1b: Torkoal|1
|-damage|p1a: Scrafty|0 fnt
|-damage|p1b: Torkoal|0 fnt
|faint|p1a: Scrafty
|faint|p1b: Torkoal
|
|win|Garden Monke
||SwordCrave2297 is ready for game 2.
||Garden Monke is ready for game 2.
|uhtml|next|Next: Game 2 of 3
