|j|☆im rune not rine
|j|☆redcorvin
|html|im rune not rineredcorvin    
|uhtml|bestof|Game 3 of a best-of-3
|t:|1784396288
|gametype|doubles
|player|p1|im rune not rine|265|
|player|p2|redcorvin|nate|
|gen|9
|tier|[Gen 9 Champions] VGC 2026 Reg M-B (Bo3)
|rule|Species Clause: Limit one of each Pokémon
|rule|Item Clause: Limit 1 of each item
|clearpoke
|poke|p1|Pelipper, L50, F|
|poke|p1|Azumarill, L50, M, shiny|
|poke|p1|Archaludon, L50, M, shiny|
|poke|p1|Dragonite, L50, F|
|poke|p1|Raichu, L50, F|
|poke|p1|Incineroar, L50, M|
|poke|p2|Floette-Eternal, L50, F|
|poke|p2|Charizard, L50, M|
|poke|p2|Whimsicott, L50, F, shiny|
|poke|p2|Garchomp, L50, F, shiny|
|poke|p2|Basculegion, L50, M|
|poke|p2|Kingambit, L50, M, shiny|
|teampreview|4
|showteam|p1|Pelipper||DampRock|Drizzle|Hurricane,Uturn,RainDance,Tailwind|Bold||F|||50|]Azumarill||LifeOrb|HugePower|AquaJet,PlayRough,Encore,IceSpinner|Adamant||M|||50|]Archaludon||QuickClaw|Stamina|AuraSphere,DracoMeteor,ElectroShot,Protect|Timid||M|||50|]Dragonite||Dragoninite|Multiscale|DracoMeteor,ExtremeSpeed,IceBeam,WeatherBall|Quiet||F|||50|]Raichu||RaichuniteY|LightningRod|Encore,FakeOut,ZapCannon,FocusBlast|Modest||F|||50|]Incineroar||Leftovers|Intimidate|CloseCombat,DarkestLariat,FakeOut,PartingShot|Impish||M|||50|
|showteam|p2|Floette-Eternal||Floettite|FlowerVeil|Moonblast,DazzlingGleam,LightofRuin,Protect|Modest||F|||50|]Charizard||CharizarditeY|Blaze|HeatWave,WeatherBall,SolarBeam,Protect|Modest||M|||50|]Whimsicott||FocusSash|Prankster|Moonblast,Tailwind,Encore,Protect|Timid||F|||50|]Garchomp||RoseliBerry|RoughSkin|DragonClaw,StompingTantrum,PoisonJab,RockSlide|Jolly||F|||50|]Basculegion||MysticWater|Adaptability|WaveCrash,LastRespects,AquaJet,Protect|Adamant||M|||50|]Kingambit||OccaBerry|Defiant|KowtowCleave,IronHead,SuckerPunch,Protect|Adamant||M|||50|
|
|t:|1784396344
|teamsize|p1|4
|teamsize|p2|4
|start
|switch|p1a: plskeeprain|Pelipper, L50, F|100/100
|switch|p1b: CIaydol|Incineroar, L50, M|100/100
|switch|p2a: Whimsicott|Whimsicott, L50, F, shiny|100/100
|switch|p2b: Charizard|Charizard, L50, M|100/100
|-weather|RainDance|[from] ability: Drizzle|[of] p1a: plskeeprain
|-ability|p1b: CIaydol|Intimidate|boost
|-unboost|p2a: Whimsicott|atk|1
|-unboost|p2b: Charizard|atk|1
|turn|1
|
|t:|1784396372
|switch|p2b: Basculegion|Basculegion, L50, M|100/100
|move|p1b: CIaydol|Fake Out|p2a: Whimsicott
|-damage|p2a: Whimsicott|82/100
|cant|p2a: Whimsicott|flinch
|move|p1a: plskeeprain|U-turn|p2a: Whimsicott
|-damage|p2a: Whimsicott|69/100
|
|t:|1784396383
|switch|p1a: Magenton|Dragonite, L50, F|100/100|[from] U-turn
|
|-weather|RainDance|[upkeep]
|upkeep
|turn|2
|
|t:|1784396407
|switch|p1b: plskeeprain|Pelipper, L50, F|100/100
|detailschange|p1a: Magenton|Dragonite-Mega, L50, F
|-mega|p1a: Magenton|Dragonite|Dragoninite
|move|p2a: Whimsicott|Tailwind|p2a: Whimsicott
|-sidestart|p2: redcorvin|move: Tailwind
|move|p2b: Basculegion|Wave Crash|p1b: plskeeprain
|-resisted|p1b: plskeeprain|1
|-damage|p1b: plskeeprain|41/100
|-damage|p2b: Basculegion|83/100|[from] Recoil
|move|p1a: Magenton|Ice Beam|p2a: Whimsicott
|-supereffective|p2a: Whimsicott|1
|-damage|p2a: Whimsicott|0 fnt
|faint|p2a: Whimsicott
|
|-weather|RainDance|[upkeep]
|upkeep
|
|t:|1784396420
|switch|p2a: Charizard|Charizard, L50, M|100/100
|turn|3
|l|☆redcorvin
|player|p2|
|j|☆redcorvin
|player|p2|redcorvin|nate|
|
|t:|1784396476
|switch|p1b: CIaydol|Incineroar, L50, M|100/100
|-ability|p1b: CIaydol|Intimidate|boost
|-unboost|p2a: Charizard|atk|1
|-unboost|p2b: Basculegion|atk|1
|detailschange|p2a: Charizard|Charizard-Mega-Y, L50, M
|-mega|p2a: Charizard|Charizard|Charizardite Y
|-weather|SunnyDay|[from] ability: Drought|[of] p2a: Charizard
|move|p2a: Charizard|Heat Wave|p1b: CIaydol|[spread] p1a,p1b
|-resisted|p1a: Magenton|1
|-resisted|p1b: CIaydol|1
|-damage|p1a: Magenton|87/100
|-damage|p1b: CIaydol|70/100
|move|p2b: Basculegion|Wave Crash|p1a: Magenton
|-resisted|p1a: Magenton|1
|-damage|p1a: Magenton|75/100
|-damage|p2b: Basculegion|79/100|[from] Recoil
|move|p1a: Magenton|Draco Meteor|p2b: Basculegion
|-damage|p2b: Basculegion|0 fnt
|-unboost|p1a: Magenton|spa|2
|faint|p2b: Basculegion
|
|-weather|SunnyDay|[upkeep]
|-heal|p1b: CIaydol|76/100|[from] item: Leftovers
|upkeep
|
|t:|1784396496
|switch|p2b: Garchomp|Garchomp, L50, F, shiny|100/100
|turn|4
|
|t:|1784396514
|switch|p1a: plskeeprain|Pelipper, L50, F|41/100
|-weather|RainDance|[from] ability: Drizzle|[of] p1a: plskeeprain
|move|p2a: Charizard|Protect|p2a: Charizard
|-singleturn|p2a: Charizard|Protect
|move|p1b: CIaydol|Fake Out|p2a: Charizard
|-activate|p2a: Charizard|move: Protect
|move|p2b: Garchomp|Rock Slide|p1a: plskeeprain|[spread] p1a
|-miss|p2b: Garchomp|p1b: CIaydol
|-supereffective|p1a: plskeeprain|1
|-damage|p1a: plskeeprain|11/100
|
|-weather|RainDance|[upkeep]
|-heal|p1b: CIaydol|82/100|[from] item: Leftovers
|upkeep
|turn|5
|
|t:|1784396535
|move|p2b: Garchomp|Rock Slide|p1b: CIaydol|[spread] p1a,p1b
|-supereffective|p1a: plskeeprain|1
|-supereffective|p1b: CIaydol|1
|-damage|p1a: plskeeprain|0 fnt
|-damage|p1b: CIaydol|54/100
|faint|p1a: plskeeprain
|move|p2a: Charizard|Weather Ball|p1b: CIaydol
|-supereffective|p1b: CIaydol|1
|-damage|p1b: CIaydol|0 fnt
|faint|p1b: CIaydol
|
|-weather|RainDance|[upkeep]
|-sideend|p2: redcorvin|move: Tailwind
|upkeep
|
|t:|1784396544
|switch|p1a: Magenton|Dragonite-Mega, L50, F|75/100
|switch|p1b: BaxcaIibur|Archaludon, L50, M, shiny|100/100
|turn|6
|
|t:|1784396560
|move|p2b: Garchomp|Dragon Claw|p1a: Magenton
|-supereffective|p1a: Magenton|1
|-damage|p1a: Magenton|7/100
|move|p1b: BaxcaIibur|Electro Shot||[still]
|-prepare|p1b: BaxcaIibur|Electro Shot
|-boost|p1b: BaxcaIibur|spa|1
|-anim|p1b: BaxcaIibur|Electro Shot|p2a: Charizard
|-supereffective|p2a: Charizard|1
|-damage|p2a: Charizard|0 fnt
|faint|p2a: Charizard
|move|p1a: Magenton|Ice Beam|p2b: Garchomp
|-supereffective|p2b: Garchomp|2
|-damage|p2b: Garchomp|0 fnt
|faint|p2b: Garchomp
|
|win|im rune not rine
|c|☆im rune not rine|gg!
|c|☆redcorvin|gg
|l|☆redcorvin
|player|p2|
