|j|☆PikaTROD
|j|☆SupernovaSZ8
|html|PikaTRODSupernovaSZ8    
|uhtml|bestof|Game 2 of a best-of-3
|t:|1756442505
|gametype|doubles
|player|p1|PikaTROD|169|1292
|player|p2|SupernovaSZ8|nessa|1206
|gen|9
|tier|[Gen 9] VGC 2025 Reg H (Bo3)
|rated|
|rule|Species Clause: Limit one of each Pokémon
|rule|Item Clause: Limit 1 of each item
|clearpoke
|poke|p1|Kingambit, L50, M|
|poke|p1|Primarina, L50, M|
|poke|p1|Sneasler, L50, M|
|poke|p1|Magmar, L50, M|
|poke|p1|Rillaboom, L50, F|
|poke|p1|Dragapult, L50, F|
|poke|p2|Gholdengo, L50|
|poke|p2|Ursaluna-Bloodmoon, L50, M|
|poke|p2|Incineroar, L50, F|
|poke|p2|Sneasler, L50, M|
|poke|p2|Whimsicott, L50, M|
|poke|p2|Porygon2, L50|
|teampreview|4
|showteam|p1|Kingambit||BlackGlasses|Defiant|KowtowCleave,SuckerPunch,SwordsDance,Protect|||M|||50|,,,,,Dark]Primarina||SitrusBerry|LiquidVoice|HyperVoice,Moonblast,Haze,Protect|||M|||50|,,,,,Water]Sneasler||FocusSash|Unburden|CloseCombat,DireClaw,FakeOut,Protect|||M|||50|,,,,,Ghost]Magmar||Eviolite|VitalSpirit|Overheat,WillOWisp,FollowMe,Protect|||M|||50|,,,,,Ghost]Rillaboom||AssaultVest|GrassySurge|WoodHammer,GrassyGlide,HighHorsepower,FakeOut|||F|||50|,,,,,Fire]Dragapult||ChoiceBand|ClearBody|DragonDarts,PhantomForce,Outrage,Uturn|||F|||50|,,,,,Dragon
|showteam|p2|Gholdengo||MetalCoat|GoodasGold|MakeItRain,ShadowBall,NastyPlot,Protect||||||50|,,,,,Dragon]Ursaluna-Bloodmoon||LifeOrb|MindsEye|HyperVoice,EarthPower,BloodMoon,Protect|||M|||50|,,,,,Normal]Incineroar||SafetyGoggles|Intimidate|FlareBlitz,KnockOff,FakeOut,PartingShot|||F|||50|,,,,,Water]Sneasler||WhiteHerb|Unburden|DireClaw,CloseCombat,ThroatChop,Protect|||M|||50|,,,,,Dark]Whimsicott||FocusSash|Prankster|Moonblast,Tailwind,Encore,Protect|||M|||50|,,,,,Ghost]Porygon2||Eviolite|Download|TeraBlast,IceBeam,TrickRoom,Recover||||||50|,,,,,Ground
|inactive|Battle timer is ON: inactive players will automatically lose when time's up. (requested by SupernovaSZ8)
|
|t:|1756442618
|teamsize|p1|4
|teamsize|p2|4
|start
|switch|p1a: Dragapult|Dragapult, L50, F|100/100
|switch|p1b: Sneasler|Sneasler, L50, M|100/100
|switch|p2a: Gholdengo|Gholdengo, L50|100/100
|switch|p2b: Ursaluna|Ursaluna-Bloodmoon, L50, M|100/100
|turn|1
|
|t:|1756442640
|switch|p2b: Sneasler|Sneasler, L50, M|100/100
|move|p1a: Dragapult|U-turn|p2a: Gholdengo
|-resisted|p2a: Gholdengo
|-damage|p2a: Gholdengo|92/100
|
|t:|1756442649
|switch|p1a: Kingambit|Kingambit, L50, M|100/100|[from] U-turn
|move|p1b: Sneasler|Close Combat|p2b: Sneasler
|-resisted|p2b: Sneasler
|-damage|p2b: Sneasler|47/100
|-unboost|p1b: Sneasler|def|1
|-unboost|p1b: Sneasler|spd|1
|move|p2a: Gholdengo|Make It Rain|p1b: Sneasler|[spread] p1a,p1b
|-resisted|p1a: Kingambit
|-crit|p1b: Sneasler
|-damage|p1a: Kingambit|74/100
|-enditem|p1b: Sneasler|Focus Sash
|-damage|p1b: Sneasler|1/100
|-unboost|p2a: Gholdengo|spa|1
|
|upkeep
|turn|2
|inactive|PikaTROD has 30 seconds left.
|inactive|SupernovaSZ8 has 30 seconds left.
|inactive|PikaTROD has 20 seconds left.
|inactive|SupernovaSZ8 has 20 seconds left.
|inactive|PikaTROD has 15 seconds left.
|inactive|PikaTROD has 10 seconds left.
|
|t:|1756442695
|switch|p2a: Ursaluna|Ursaluna-Bloodmoon, L50, M|100/100
|move|p1a: Kingambit|Sucker Punch||[still]
|-fail|p1a: Kingambit
|move|p1b: Sneasler|Close Combat|p2b: Sneasler
|-resisted|p2b: Sneasler
|-damage|p2b: Sneasler|0 fnt
|-unboost|p1b: Sneasler|def|1
|-unboost|p1b: Sneasler|spd|1
|faint|p2b: Sneasler
|
|upkeep
|
|t:|1756442703
|switch|p2b: Porygon2|Porygon2, L50, shiny|100/100
|-ability|p2b: Porygon2|Download|boost
|-boost|p2b: Porygon2|spa|1
|turn|3
|inactive|PikaTROD has 30 seconds left.
|
|t:|1756442735
|-terastallize|p1a: Kingambit|Dark
|move|p1b: Sneasler|Close Combat|p2b: Porygon2
|-supereffective|p2b: Porygon2
|-damage|p2b: Porygon2|15/100
|-unboost|p1b: Sneasler|def|1
|-unboost|p1b: Sneasler|spd|1
|move|p2a: Ursaluna|Hyper Voice|p1b: Sneasler|[spread] p1a,p1b
|-damage|p1a: Kingambit|28/100
|-damage|p1b: Sneasler|0 fnt
|faint|p1b: Sneasler
|-damage|p2a: Ursaluna|91/100|[from] item: Life Orb
|move|p1a: Kingambit|Kowtow Cleave|p2b: Porygon2
|-damage|p2b: Porygon2|0 fnt
|faint|p2b: Porygon2
|
|upkeep
|
|t:|1756442758
|switch|p1b: Rillaboom|Rillaboom, L50, F|100/100
|switch|p2b: Gholdengo|Gholdengo, L50|92/100
|-fieldstart|move: Grassy Terrain|[from] ability: Grassy Surge|[of] p1b: Rillaboom
|turn|4
|inactive|PikaTROD has 30 seconds left.
|inactive|SupernovaSZ8 has 30 seconds left.
|inactive|PikaTROD has 20 seconds left.
|inactive|PikaTROD has 15 seconds left.
|inactive|PikaTROD has 10 seconds left.
|inactive|PikaTROD has 5 seconds left.
|
|t:|1756442819
|-terastallize|p2b: Gholdengo|Dragon
|move|p2b: Gholdengo|Make It Rain|p1a: Kingambit|[spread] p1a,p1b
|-damage|p1a: Kingambit|0 fnt
|-damage|p1b: Rillaboom|60/100
|-unboost|p2b: Gholdengo|spa|1
|faint|p1a: Kingambit
|move|p1b: Rillaboom|High Horsepower|p2b: Gholdengo
|-damage|p2b: Gholdengo|62/100
|move|p2a: Ursaluna|Hyper Voice|p1b: Rillaboom
|-damage|p1b: Rillaboom|9/100
|-damage|p2a: Ursaluna|81/100|[from] item: Life Orb
|
|-heal|p2b: Gholdengo|68/100|[from] Grassy Terrain
|-heal|p1b: Rillaboom|15/100|[from] Grassy Terrain
|-heal|p2a: Ursaluna|87/100|[from] Grassy Terrain
|upkeep
|
|t:|1756442830
|switch|p1a: Dragapult|Dragapult, L50, F|100/100
|turn|5
|
|t:|1756442846
|move|p2b: Gholdengo|Protect|p2b: Gholdengo
|-singleturn|p2b: Gholdengo|Protect
|move|p1b: Rillaboom|Grassy Glide|p2a: Ursaluna
|-supereffective|p2a: Ursaluna
|-damage|p2a: Ursaluna|29/100
|move|p1a: Dragapult|Dragon Darts|p2a: Ursaluna
|-damage|p2a: Ursaluna|0 fnt
|faint|p2a: Ursaluna
|
|-heal|p2b: Gholdengo|74/100|[from] Grassy Terrain
|-heal|p1b: Rillaboom|21/100|[from] Grassy Terrain
|upkeep
|turn|6
|c|☆PikaTROD|gg
|
|t:|1756442864
|move|p1a: Dragapult|Dragon Darts|p2b: Gholdengo
|-supereffective|p2b: Gholdengo
|-damage|p2b: Gholdengo|0 fnt
|faint|p2b: Gholdengo
|
|win|PikaTROD
|raw|PikaTROD's rating: 1317 → 1331(+14 for winning)
|raw|SupernovaSZ8's rating: 1206 → 1189(-17 for losing)
|l|☆SupernovaSZ8
|player|p2|
|j| GBVGC Shamonezenta
|l| GBVGC Shamonezenta
|j| GBVGC Shamonezenta
|l| GBVGC Shamonezenta
