|j|☆KingDom1992
|j|☆robby w
|html|KingDom1992robby w    
|uhtml|bestof|Game 2 of a best-of-3
|t:|1756655071
|gametype|doubles
|player|p1|KingDom1992|brock|1222
|player|p2|robby w|pokefan-gen4|1303
|gen|9
|tier|[Gen 9] VGC 2025 Reg H (Bo3)
|rated|
|rule|Species Clause: Limit one of each Pokémon
|rule|Item Clause: Limit 1 of each item
|clearpoke
|poke|p1|Gholdengo, L50|
|poke|p1|Sneasler, L50, F|
|poke|p1|Incineroar, L50, F|
|poke|p1|Amoonguss, L50, F|
|poke|p1|Dragonite, L50, F|
|poke|p1|Ursaluna-Bloodmoon, L50, M|
|poke|p2|Dondozo, L50, F|
|poke|p2|Tatsugiri, L50, M|
|poke|p2|Sneasler, L50, F|
|poke|p2|Indeedee, L50, M|
|poke|p2|Whimsicott, L50, F|
|poke|p2|Hydreigon, L50, M|
|teampreview|4
|showteam|p1|Gholdengo||LifeOrb|GoodasGold|MakeItRain,ShadowBall,NastyPlot,Protect||||||50|,,,,,Water]Sneasler||FocusSash|PoisonTouch|FakeOut,CloseCombat,DireClaw,Protect|||F|||50|,,,,,Stellar]Incineroar||SafetyGoggles|Intimidate|FakeOut,FlareBlitz,KnockOff,PartingShot|||F|||50|,,,,,Ghost]Amoonguss||SitrusBerry|Regenerator|Spore,RagePowder,PollenPuff,Protect|||F|||50|,,,,,Water]Dragonite||LoadedDice|Multiscale|ScaleShot,Haze,Tailwind,ExtremeSpeed|||F|||50|,,,,,Fairy]Ursaluna-Bloodmoon||AssaultVest|MindsEye|HyperVoice,BloodMoon,EarthPower,VacuumWave|||M|||50|,,,,,Normal
|showteam|p2|Dondozo||Leftovers|Unaware|Protect,WaveCrash,Earthquake,OrderUp|||F|||50|,,,,,Grass]Tatsugiri||ChoiceScarf|Commander|DragonPulse,IcyWind,DracoMeteor,MuddyWater|||M|||50|,,,,,Stellar]Sneasler||PsychicSeed|Unburden|DireClaw,CloseCombat,Protect,ThroatChop|||F|||50|,,,,,Dark]Indeedee||FocusSash|PsychicSurge|DazzlingGleam,HelpingHand,ExpandingForce,Protect|||M|||50|,,,,,Fairy]Whimsicott||CovertCloak|Prankster|Tailwind,Moonblast,Encore,SunnyDay|||F|||50|,,,,,Dark]Hydreigon||ChoiceSpecs|Levitate|HeatWave,Snarl,DarkPulse,DracoMeteor|||M|||50|,,,,,Steel
|inactive|Battle timer is ON: inactive players will automatically lose when time's up. (requested by KingDom1992)
|
|t:|1756655100
|teamsize|p1|4
|teamsize|p2|4
|start
|switch|p1a: Sneasler|Sneasler, L50, F, shiny|100/100
|switch|p1b: Gholdengo|Gholdengo, L50|100/100
|switch|p2a: Whimsicott|Whimsicott, L50, F|100/100
|switch|p2b: Hydreigon|Hydreigon, L50, M|100/100
|turn|1
|inactive|robby w has 30 seconds left.
|
|t:|1756655133
|switch|p2b: Dondozo|Dondozo, L50, F, shiny|100/100
|move|p1b: Gholdengo|Protect|p1b: Gholdengo
|-singleturn|p1b: Gholdengo|Protect
|move|p2a: Whimsicott|Tailwind|p2a: Whimsicott
|-sidestart|p2: robby w|move: Tailwind
|move|p1a: Sneasler|Dire Claw|p2a: Whimsicott
|-supereffective|p2a: Whimsicott
|-damage|p2a: Whimsicott|0 fnt
|faint|p2a: Whimsicott
|
|upkeep
|
|t:|1756655144
|switch|p2a: Hydreigon|Hydreigon, L50, M|100/100
|turn|2
|inactive|robby w has 30 seconds left.
|
|t:|1756655178
|switch|p1b: Incineroar|Incineroar, L50, F, shiny|100/100
|-ability|p1b: Incineroar|Intimidate|boost
|-unboost|p2a: Hydreigon|atk|1
|-unboost|p2b: Dondozo|atk|1
|move|p1a: Sneasler|Protect|p1a: Sneasler
|-singleturn|p1a: Sneasler|Protect
|move|p2a: Hydreigon|Draco Meteor|p1b: Incineroar
|-damage|p1b: Incineroar|27/100
|-unboost|p2a: Hydreigon|spa|2
|move|p2b: Dondozo|Earthquake|p1a: Sneasler|[spread] p1b
|-activate|p1a: Sneasler|move: Protect
|-immune|p2a: Hydreigon|[from] ability: Levitate
|-supereffective|p1b: Incineroar
|-crit|p1b: Incineroar
|-damage|p1b: Incineroar|0 fnt
|faint|p1b: Incineroar
|
|upkeep
|
|t:|1756655196
|switch|p1b: Dragonite|Dragonite, L50, F|100/100
|turn|3
|inactive|KingDom1992 has 30 seconds left.
|
|t:|1756655225
|-terastallize|p2a: Hydreigon|Steel
|move|p2a: Hydreigon|Draco Meteor|p1b: Dragonite
|-supereffective|p1b: Dragonite
|-damage|p1b: Dragonite|44/100
|-unboost|p2a: Hydreigon|spa|2
|move|p1a: Sneasler|Dire Claw|p2b: Dondozo
|-damage|p2b: Dondozo|69/100
|move|p2b: Dondozo|Earthquake|p1b: Dragonite|[spread] p1a
|-immune|p2a: Hydreigon|[from] ability: Levitate
|-immune|p1b: Dragonite
|-supereffective|p1a: Sneasler
|-damage|p1a: Sneasler|49/100
|move|p1b: Dragonite|Haze|p1b: Dragonite
|-clearallboost
|
|-heal|p2b: Dondozo|75/100|[from] item: Leftovers
|upkeep
|turn|4
|inactive|robby w has 30 seconds left.
|inactive|robby w has 20 seconds left.
|
|t:|1756655262
|switch|p1b: Gholdengo|Gholdengo, L50|100/100
|move|p1a: Sneasler|Protect|p1a: Sneasler
|-singleturn|p1a: Sneasler|Protect
|move|p2a: Hydreigon|Draco Meteor|p1a: Sneasler
|-activate|p1a: Sneasler|move: Protect
|move|p2b: Dondozo|Order Up|p1b: Gholdengo
|-resisted|p1b: Gholdengo
|-damage|p1b: Gholdengo|88/100
|
|-heal|p2b: Dondozo|81/100|[from] item: Leftovers
|-sideend|p2: robby w|move: Tailwind
|upkeep
|turn|5
|inactive|KingDom1992 has 30 seconds left.
|
|t:|1756655289
|switch|p1a: Dragonite|Dragonite, L50, F|44/100
|switch|p2a: Tatsugiri|Tatsugiri, L50, M|100/100
|-activate|p2a: Tatsugiri|ability: Commander|[of] p2b: Dondozo
|-boost|p2b: Dondozo|atk|2
|-boost|p2b: Dondozo|spa|2
|-boost|p2b: Dondozo|spe|2
|-boost|p2b: Dondozo|def|2
|-boost|p2b: Dondozo|spd|2
|move|p2b: Dondozo|Earthquake|p1b: Gholdengo|[spread] p1b
|-miss|p2b: Dondozo|p2a: Tatsugiri
|-immune|p1a: Dragonite
|-supereffective|p1b: Gholdengo
|-damage|p1b: Gholdengo|0 fnt
|faint|p1b: Gholdengo
|
|-heal|p2b: Dondozo|87/100|[from] item: Leftovers
|upkeep
|
|t:|1756655302
|switch|p1b: Sneasler|Sneasler, L50, F, shiny|49/100
|turn|6
|
|t:|1756655309
|move|p1b: Sneasler|Fake Out|p2b: Dondozo
|-damage|p2b: Dondozo|82/100
|cant|p2b: Dondozo|flinch
|move|p1a: Dragonite|Tailwind|p1a: Dragonite
|-sidestart|p1: KingDom1992|move: Tailwind
|
|-heal|p2b: Dondozo|89/100|[from] item: Leftovers
|upkeep
|turn|7
|
|t:|1756655330
|-terastallize|p1a: Dragonite|Fairy
|move|p1b: Sneasler|Dire Claw|p2b: Dondozo
|-crit|p2b: Dondozo
|-damage|p2b: Dondozo|43/100
|move|p1a: Dragonite|Haze|p1a: Dragonite
|-clearallboost
|move|p2b: Dondozo|Wave Crash|p1b: Sneasler
|-damage|p1b: Sneasler|0 fnt
|faint|p1b: Sneasler
|-damage|p2b: Dondozo|32/100|[from] Recoil
|
|-heal|p2b: Dondozo|38/100|[from] item: Leftovers
|upkeep
|turn|8
|
|t:|1756655347
|move|p1a: Dragonite|Scale Shot|p2b: Dondozo
|-damage|p2b: Dondozo|27/100
|-damage|p2b: Dondozo|17/100
|-damage|p2b: Dondozo|5/100
|-damage|p2b: Dondozo|0 fnt
|faint|p2b: Dondozo
|-hitcount|p2: Dondozo|4
|-unboost|p1a: Dragonite|def|1
|-boost|p1a: Dragonite|spe|1
|
|upkeep
|
|t:|1756655357
|switch|p2b: Hydreigon|Hydreigon, L50, M, tera:Steel|100/100
|turn|9
|
|t:|1756655364
|move|p1a: Dragonite|Scale Shot|p2a: Tatsugiri|[miss]
|-miss|p1a: Dragonite|p2a: Tatsugiri
|move|p2a: Tatsugiri|Icy Wind|p1a: Dragonite
|-damage|p1a: Dragonite|24/100
|-unboost|p1a: Dragonite|spe|1
|move|p2b: Hydreigon|Heat Wave|p1a: Dragonite|[miss]
|-miss|p2b: Hydreigon|p1a: Dragonite
|
|-sideend|p1: KingDom1992|move: Tailwind
|upkeep
|turn|10
|
|t:|1756655376
|move|p2a: Tatsugiri|Icy Wind|p1a: Dragonite
|-damage|p1a: Dragonite|3/100
|-unboost|p1a: Dragonite|spe|1
|move|p2b: Hydreigon|Heat Wave|p1a: Dragonite
|-damage|p1a: Dragonite|0 fnt
|faint|p1a: Dragonite
|
|win|robby w
||KingDom1992 is ready for game 3.
||robby w is ready for game 3.
|uhtml|next|Next: Game 3 of 3
|l|☆KingDom1992
|player|p1|
