|j|☆I like tomaroes
|j|☆Staryu14
|html|I like tomaroesStaryu14    
|uhtml|bestof|Game 2 of a best-of-3
|t:|1756493380
|gametype|doubles
|player|p1|I like tomaroes|veteran|1187
|player|p2|Staryu14|matt|1290
|gen|9
|tier|[Gen 9] VGC 2025 Reg H (Bo3)
|rated|
|rule|Species Clause: Limit one of each Pokémon
|rule|Item Clause: Limit 1 of each item
|clearpoke
|poke|p1|Pelipper, L50, M|
|poke|p1|Sinistcha, L50|
|poke|p1|Ursaluna, L50, F|
|poke|p1|Dragonite, L50, F|
|poke|p1|Archaludon, L50, M|
|poke|p1|Basculegion, L50, M|
|poke|p2|Archaludon, L50, F|
|poke|p2|Pelipper, L50, M|
|poke|p2|Basculegion, L50, M|
|poke|p2|Incineroar, L50, M|
|poke|p2|Toxicroak, L50, M|
|poke|p2|Amoonguss, L50, M|
|teampreview|4
|showteam|p1|Pelipper||FocusSash|Drizzle|WeatherBall,Hurricane,Tailwind,Protect|||M|||50|,,,,,Ghost]Sinistcha||SitrusBerry|Hospitality|MatchaGotcha,LifeDew,RagePowder,TrickRoom||||||50|,,,,,Dark]Ursaluna||FlameOrb|Guts|Facade,HeadlongRush,Earthquake,Protect|||F|||50|,,,,,Ghost]Dragonite||LoadedDice|Multiscale|ScaleShot,Haze,Tailwind,Protect|||F|||50|,,,,,Fairy]Archaludon||AssaultVest|Stamina|ElectroShot,FlashCannon,Snarl,BodyPress|||M|||50|,,,,,Bug]Basculegion||ChoiceBand|SwiftSwim|WaveCrash,FlipTurn,AquaJet,LastRespects|||M|||50|,,,,,Water
|showteam|p2|Archaludon||AssaultVest|Stamina|ElectroShot,Snarl,DragonPulse,BodyPress|||F|||50|,,,,,Grass]Pelipper||FocusSash|Drizzle|WeatherBall,Hurricane,Protect,Tailwind|||M|||50|,,,,,Ground]Basculegion||MysticWater|SwiftSwim|AquaJet,WaveCrash,Protect,LastRespects|||M|||50|,,,,,Water]Incineroar||SafetyGoggles|Intimidate|FakeOut,FlareBlitz,KnockOff,PartingShot|||M|||50|,,,,,Ghost]Toxicroak||LifeOrb|DrySkin|FakeOut,CloseCombat,PoisonJab,SuckerPunch|||M|||50|,,,,,Dark]Amoonguss||CovertCloak|Regenerator|LeafStorm,Spore,RagePowder,PollenPuff|||M|||50|,,,,,Fairy
|inactive|Battle timer is ON: inactive players will automatically lose when time's up. (requested by I like tomaroes)
|inactive|Staryu14 has 60 seconds left.
|inactive|Staryu14 has 30 seconds left.
|
|t:|1756493447
|teamsize|p1|4
|teamsize|p2|4
|start
|switch|p1a: Ursaluna|Ursaluna, L50, F|100/100
|switch|p1b: Dragonite|Dragonite, L50, F|100/100
|switch|p2a: Toxicroak|Toxicroak, L50, M|100/100
|switch|p2b: Archaludon|Archaludon, L50, F|100/100
|turn|1
|inactive|I like tomaroes has 30 seconds left.
|inactive|Staryu14 has 30 seconds left.
|
|t:|1756493478
|switch|p2a: Incineroar|Incineroar, L50, M|100/100
|-ability|p2a: Incineroar|Intimidate|boost
|-unboost|p1a: Ursaluna|atk|1
|-unboost|p1b: Dragonite|atk|1
|-terastallize|p1b: Dragonite|Fairy
|move|p1a: Ursaluna|Protect|p1a: Ursaluna
|-singleturn|p1a: Ursaluna|Protect
|move|p2b: Archaludon|Dragon Pulse|p1b: Dragonite
|-immune|p1b: Dragonite
|move|p1b: Dragonite|Tailwind|p1b: Dragonite
|-sidestart|p1: I like tomaroes|move: Tailwind
|
|-status|p1a: Ursaluna|brn|[from] item: Flame Orb
|upkeep
|turn|2
|inactive|Staryu14 has 30 seconds left.
|inactive|Staryu14 has 20 seconds left.
|
|t:|1756493514
|move|p2a: Incineroar|Fake Out|p1a: Ursaluna
|-damage|p1a: Ursaluna|92/100 brn
|move|p1b: Dragonite|Scale Shot|p2a: Incineroar
|-damage|p2a: Incineroar|93/100
|-damage|p2a: Incineroar|84/100
|-crit|p2a: Incineroar
|-damage|p2a: Incineroar|66/100
|-damage|p2a: Incineroar|57/100
|-damage|p2a: Incineroar|48/100
|-hitcount|p2a: Incineroar|5
|-unboost|p1b: Dragonite|def|1
|-boost|p1b: Dragonite|spe|1
|cant|p1a: Ursaluna|flinch
|move|p2b: Archaludon|Body Press|p1a: Ursaluna
|-supereffective|p1a: Ursaluna
|-damage|p1a: Ursaluna|54/100 brn
|
|-damage|p1a: Ursaluna|48/100 brn|[from] brn
|upkeep
|turn|3
|inactive|I like tomaroes has 30 seconds left.
|inactive|Staryu14 has 30 seconds left.
|inactive|Staryu14 has 20 seconds left.
|inactive|Staryu14 has 15 seconds left.
|inactive|Staryu14 has 10 seconds left.
|
|t:|1756493559
|switch|p2b: Amoonguss|Amoonguss, L50, M|100/100
|move|p1a: Ursaluna|Protect|p1a: Ursaluna
|-singleturn|p1a: Ursaluna|Protect
|move|p1b: Dragonite|Scale Shot|p2a: Incineroar|[miss]
|-miss|p1b: Dragonite|p2a: Incineroar
|move|p2a: Incineroar|Flare Blitz|p1a: Ursaluna
|-activate|p1a: Ursaluna|move: Protect
|
|-damage|p1a: Ursaluna|42/100 brn|[from] brn
|upkeep
|turn|4
|inactive|I like tomaroes has 30 seconds left.
|inactive|I like tomaroes has 20 seconds left.
|inactive|I like tomaroes has 15 seconds left.
|inactive|Staryu14 has 30 seconds left.
|inactive|I like tomaroes has 10 seconds left.
|inactive|I like tomaroes has 5 seconds left.
|
|t:|1756493612
|switch|p2b: Archaludon|Archaludon, L50, F|100/100
|move|p1b: Dragonite|Scale Shot|p2b: Archaludon
|-damage|p2b: Archaludon|93/100
|-ability|p2b: Archaludon|Stamina|boost
|-boost|p2b: Archaludon|def|1
|-damage|p2b: Archaludon|87/100
|-ability|p2b: Archaludon|Stamina|boost
|-boost|p2b: Archaludon|def|1
|-damage|p2b: Archaludon|83/100
|-ability|p2b: Archaludon|Stamina|boost
|-boost|p2b: Archaludon|def|1
|-crit|p2b: Archaludon
|-damage|p2b: Archaludon|65/100
|-ability|p2b: Archaludon|Stamina|boost
|-boost|p2b: Archaludon|def|1
|-hitcount|p2b: Archaludon|4
|-unboost|p1b: Dragonite|def|1
|-boost|p1b: Dragonite|spe|1
|move|p1a: Ursaluna|Headlong Rush|p2b: Archaludon
|-supereffective|p2b: Archaludon
|-damage|p2b: Archaludon|24/100
|-unboost|p1a: Ursaluna|def|1
|-unboost|p1a: Ursaluna|spd|1
|-ability|p2b: Archaludon|Stamina|boost
|-boost|p2b: Archaludon|def|1
|move|p2a: Incineroar|Knock Off|p1b: Dragonite
|-resisted|p1b: Dragonite
|-damage|p1b: Dragonite|79/100
|-enditem|p1b: Dragonite|Loaded Dice|[from] move: Knock Off|[of] p2a: Incineroar
|
|-damage|p1a: Ursaluna|36/100 brn|[from] brn
|-sideend|p1: I like tomaroes|move: Tailwind
|upkeep
|turn|5
|inactive|Staryu14 has 30 seconds left.
|inactive|Staryu14 has 20 seconds left.
|inactive|Staryu14 has 15 seconds left.
|inactive|I like tomaroes has 30 seconds left.
|inactive|I like tomaroes has 20 seconds left.
|inactive|I like tomaroes has 15 seconds left.
|
|t:|1756493673
|switch|p2a: Amoonguss|Amoonguss, L50, M|100/100
|move|p1b: Dragonite|Tailwind|p1b: Dragonite
|-sidestart|p1: I like tomaroes|move: Tailwind
|move|p1a: Ursaluna|Earthquake|p2a: Amoonguss|[spread] p1b,p2a,p2b
|-supereffective|p2b: Archaludon
|-damage|p1b: Dragonite|0 fnt
|-damage|p2a: Amoonguss|60/100
|-damage|p2b: Archaludon|6/100
|-ability|p2b: Archaludon|Stamina|boost
|-boost|p2b: Archaludon|def|1
|faint|p1b: Dragonite
|move|p2b: Archaludon|Dragon Pulse|p1a: Ursaluna
|-damage|p1a: Ursaluna|0 fnt
|faint|p1a: Ursaluna
|
|upkeep
|
|t:|1756493679
|switch|p1b: Sinistcha|Sinistcha, L50|100/100
|switch|p1a: Pelipper|Pelipper, L50, M|100/100
|-weather|RainDance|[from] ability: Drizzle|[of] p1a: Pelipper
|turn|6
|inactive|Staryu14 has 30 seconds left.
|inactive|Staryu14 has 20 seconds left.
|inactive|Staryu14 has 15 seconds left.
|inactive|Staryu14 has 10 seconds left.
|
|t:|1756493725
|move|p2a: Amoonguss|Rage Powder|p2a: Amoonguss
|-singleturn|p2a: Amoonguss|move: Rage Powder
|move|p1a: Pelipper|Hurricane|p2a: Amoonguss
|-supereffective|p2a: Amoonguss
|-damage|p2a: Amoonguss|0 fnt
|faint|p2a: Amoonguss
|move|p1b: Sinistcha|Matcha Gotcha|p2b: Archaludon|[miss]
|-miss|p1b: Sinistcha|p2b: Archaludon
|move|p2b: Archaludon|Snarl|p1a: Pelipper|[spread] p1a,p1b
|-supereffective|p1b: Sinistcha
|-damage|p1a: Pelipper|78/100
|-damage|p1b: Sinistcha|77/100
|-unboost|p1a: Pelipper|spa|1
|-unboost|p1b: Sinistcha|spa|1
|
|-weather|RainDance|[upkeep]
|upkeep
|
|t:|1756493745
|switch|p2a: Incineroar|Incineroar, L50, M|48/100
|-ability|p2a: Incineroar|Intimidate|boost
|-unboost|p1a: Pelipper|atk|1
|-unboost|p1b: Sinistcha|atk|1
|turn|7
|
|t:|1756493754
|move|p2a: Incineroar|Fake Out|p1a: Pelipper
|-damage|p1a: Pelipper|63/100
|cant|p1a: Pelipper|flinch
|move|p1b: Sinistcha|Matcha Gotcha|p2b: Archaludon|[spread] p2b
|-miss|p1b: Sinistcha|p2a: Incineroar
|-resisted|p2b: Archaludon
|-damage|p2b: Archaludon|2/100
|-heal|p1b: Sinistcha|79/100|[from] drain|[of] p2b: Archaludon
|move|p2b: Archaludon|Snarl|p1b: Sinistcha|[spread] p1a,p1b
|-supereffective|p1b: Sinistcha
|-damage|p1a: Pelipper|40/100
|-damage|p1b: Sinistcha|56/100
|-unboost|p1a: Pelipper|spa|1
|-unboost|p1b: Sinistcha|spa|1
|
|-weather|RainDance|[upkeep]
|upkeep
|turn|8
|
|t:|1756493770
|switch|p2a: Toxicroak|Toxicroak, L50, M|100/100
|move|p1a: Pelipper|Hurricane|p2a: Toxicroak
|-supereffective|p2a: Toxicroak
|-damage|p2a: Toxicroak|29/100
|-start|p2a: Toxicroak|confusion
|move|p1b: Sinistcha|Matcha Gotcha|p2b: Archaludon|[spread] p2b
|-miss|p1b: Sinistcha|p2a: Toxicroak
|-resisted|p2b: Archaludon
|-damage|p2b: Archaludon|0 fnt
|-heal|p1b: Sinistcha|56/100|[from] drain|[of] p2b: Archaludon
|faint|p2b: Archaludon
|
|-weather|RainDance|[upkeep]
|-heal|p2a: Toxicroak|41/100|[from] ability: Dry Skin
|-sideend|p1: I like tomaroes|move: Tailwind
|upkeep
|
|t:|1756493774
|switch|p2b: Incineroar|Incineroar, L50, M|48/100
|-ability|p2b: Incineroar|Intimidate|boost
|-unboost|p1a: Pelipper|atk|1
|-unboost|p1b: Sinistcha|atk|1
|turn|9
|
|t:|1756493798
|move|p1a: Pelipper|Protect|p1a: Pelipper
|-singleturn|p1a: Pelipper|Protect
|-activate|p2a: Toxicroak|confusion
|move|p2a: Toxicroak|Fake Out|p1a: Pelipper
|-activate|p1a: Pelipper|move: Protect
|move|p1b: Sinistcha|Life Dew|p1b: Sinistcha|[spread] p1a,p1b
|-heal|p1a: Pelipper|66/100
|-heal|p1b: Sinistcha|81/100
|move|p2b: Incineroar|Knock Off|p1b: Sinistcha
|-supereffective|p1b: Sinistcha
|-damage|p1b: Sinistcha|16/100
|-enditem|p1b: Sinistcha|Sitrus Berry|[from] move: Knock Off|[of] p2b: Incineroar
|
|-weather|RainDance|[upkeep]
|-heal|p2a: Toxicroak|53/100|[from] ability: Dry Skin
|upkeep
|turn|10
|inactive|Staryu14 has 30 seconds left.
|
|t:|1756493824
|-terastallize|p2a: Toxicroak|Dark
|-activate|p2a: Toxicroak|confusion
|move|p2a: Toxicroak|Poison Jab|p1a: Pelipper
|-damage|p1a: Pelipper|0 fnt
|faint|p1a: Pelipper
|-damage|p2a: Toxicroak|43/100|[from] item: Life Orb
|move|p1b: Sinistcha|Matcha Gotcha|p2b: Incineroar|[spread] p2a,p2b
|-resisted|p2b: Incineroar
|-damage|p2a: Toxicroak|24/100
|-heal|p1b: Sinistcha|25/100|[from] drain|[of] p2a: Toxicroak
|-damage|p2b: Incineroar|42/100
|-heal|p1b: Sinistcha|28/100|[from] drain|[of] p2b: Incineroar
|move|p2b: Incineroar|Knock Off|p1b: Sinistcha
|-supereffective|p1b: Sinistcha
|-damage|p1b: Sinistcha|0 fnt
|faint|p1b: Sinistcha
|
|win|Staryu14
|raw|I like tomaroes's rating: 1187 → 1169(-18 for losing)
|raw|Staryu14's rating: 1290 → 1308(+18 for winning)
|l|☆I like tomaroes
|player|p1|
