|j|☆Delacruso
|j|☆jacobeiro
|html|Delacrusojacobeiro    
|uhtml|bestof|Game 1 of a best-of-3
|t:|1756628454
|gametype|doubles
|player|p1|Delacruso|red|1060
|player|p2|jacobeiro|266|1072
|gen|9
|tier|[Gen 9] VGC 2025 Reg H (Bo3)
|rated|
|rule|Species Clause: Limit one of each Pokémon
|rule|Item Clause: Limit 1 of each item
|clearpoke
|poke|p1|Ninetales, L50, M|
|poke|p1|Charizard, L50, M|
|poke|p1|Jumpluff, L50, F|
|poke|p1|Ursaluna-Bloodmoon, L50, M|
|poke|p1|Incineroar, L50, F|
|poke|p1|Porygon2, L50|
|poke|p2|Incineroar, L50, M|
|poke|p2|Amoonguss, L50, M|
|poke|p2|Gholdengo, L50|
|poke|p2|Ursaluna-Bloodmoon, L50, M|
|poke|p2|Sneasler, L50, F|
|poke|p2|Archaludon, L50, F|
|teampreview|4
|showteam|p1|Ninetales||Charcoal|Drought|BatonPass,CalmMind,WeatherBall,HeatWave|||M|||50|,,,,,Grass]Charizard||ChoiceSpecs|SolarPower|DragonPulse,HeatWave,Overheat,WeatherBall|||M|||50|,,,,,Ghost]Jumpluff||CovertCloak|Chlorophyll|SleepPowder,SunnyDay,Tailwind,RagePowder|||F|||50|,,,,,Water]Ursaluna-Bloodmoon||AssaultVest|MindsEye|EarthPower,BloodMoon,HyperVoice,VacuumWave|||M|||50|,,,,,Normal]Incineroar||SafetyGoggles|Intimidate|FakeOut,FlareBlitz,KnockOff,PartingShot|||F|||50|,,,,,Ghost]Porygon2||Eviolite|Download|Thunderbolt,IceBeam,Recover,TrickRoom||||||50|,,,,,Electric
|showteam|p2|Incineroar||SafetyGoggles|Intimidate|FlareBlitz,KnockOff,PartingShot,FakeOut|||M|||50|,,,,,Ghost]Amoonguss||SitrusBerry|Regenerator|Spore,RagePowder,PollenPuff,Protect|||M|||50|,,,,,Fire]Gholdengo||LifeOrb|GoodasGold|MakeItRain,ShadowBall,NastyPlot,Protect||||||50|,,,,,Water]Ursaluna-Bloodmoon||AssaultVest|MindsEye|HyperVoice,BloodMoon,EarthPower,VacuumWave|||M|||50|,,,,,Water]Sneasler||FocusSash|Unburden|CloseCombat,DireClaw,ThroatChop,Protect|||F|||50|,,,,,Stellar]Archaludon||PowerHerb|Sturdy|ElectroShot,Snarl,DracoMeteor,Protect|||F|||50|,,,,,Electric
|inactive|Battle timer is ON: inactive players will automatically lose when time's up. (requested by jacobeiro)
|
|t:|1756628498
|teamsize|p1|4
|teamsize|p2|4
|start
|switch|p1a: Jumpluff|Jumpluff, L50, F|100/100
|switch|p1b: Ninetales|Ninetales, L50, M|100/100
|switch|p2a: Ursaluna|Ursaluna-Bloodmoon, L50, M|100/100
|switch|p2b: Archaludon|Archaludon, L50, F|100/100
|-weather|SunnyDay|[from] ability: Drought|[of] p1b: Ninetales
|turn|1
|inactive|Delacruso has 30 seconds left.
|
|t:|1756628526
|-terastallize|p1b: Ninetales|Grass
|move|p1a: Jumpluff|Sleep Powder|p2a: Ursaluna|[miss]
|-miss|p1a: Jumpluff|p2a: Ursaluna
|move|p2b: Archaludon|Electro Shot||[still]
|-prepare|p2b: Archaludon|Electro Shot
|-boost|p2b: Archaludon|spa|1
|-enditem|p2b: Archaludon|Power Herb
|-anim|p2b: Archaludon|Electro Shot|p1a: Jumpluff
|-damage|p1a: Jumpluff|20/100
|move|p1b: Ninetales|Calm Mind|p1b: Ninetales
|-boost|p1b: Ninetales|spa|1
|-boost|p1b: Ninetales|spd|1
|move|p2a: Ursaluna|Earth Power|p1b: Ninetales
|-resisted|p1b: Ninetales
|-damage|p1b: Ninetales|85/100
|
|-weather|SunnyDay|[upkeep]
|upkeep
|turn|2
|inactive|Delacruso has 30 seconds left.
|inactive|jacobeiro has 30 seconds left.
|inactive|Delacruso has 20 seconds left.
|inactive|Delacruso has 15 seconds left.
|
|t:|1756628570
|move|p1a: Jumpluff|Sleep Powder|p2a: Ursaluna|[miss]
|-miss|p1a: Jumpluff|p2a: Ursaluna
|move|p2b: Archaludon|Snarl|p1b: Ninetales|[spread] p1a,p1b
|-crit|p1b: Ninetales
|-damage|p1a: Jumpluff|0 fnt
|-damage|p1b: Ninetales|48/100
|-unboost|p1b: Ninetales|spa|1
|faint|p1a: Jumpluff
|move|p1b: Ninetales|Heat Wave|p2b: Archaludon|[spread] p2b
|-miss|p1b: Ninetales|p2a: Ursaluna
|-damage|p2b: Archaludon|47/100
|move|p2a: Ursaluna|Blood Moon|p1b: Ninetales
|-damage|p1b: Ninetales|3/100
|
|-weather|SunnyDay|[upkeep]
|upkeep
|c|☆Delacruso|wow
|c|☆Delacruso|gg
|inactive|Delacruso has 30 seconds left.
|c|☆jacobeiro|gg
|
|t:|1756628601
|switch|p1a: Charizard|Charizard, L50, M, shiny|100/100
|turn|3
|
|t:|1756628613
|move|p2a: Ursaluna|Vacuum Wave|p1b: Ninetales
|-damage|p1b: Ninetales|0 fnt
|faint|p1b: Ninetales
|move|p1a: Charizard|Heat Wave|p2a: Ursaluna|[spread] p2a,p2b
|-damage|p2a: Ursaluna|35/100
|-damage|p2b: Archaludon|0 fnt
|faint|p2b: Archaludon
|
|-weather|SunnyDay|[upkeep]
|-damage|p1a: Charizard|88/100|[from] ability: Solar Power|[of] p1a: Charizard
|upkeep
|
|t:|1756628622
|switch|p2b: Amoonguss|Amoonguss, L50, M|100/100
|switch|p1b: Ursaluna|Ursaluna-Bloodmoon, L50, M|100/100
|turn|4
|
|t:|1756628635
|-terastallize|p2b: Amoonguss|Fire
|move|p1a: Charizard|Heat Wave|p2b: Amoonguss|[spread] p2a
|-miss|p1a: Charizard|p2b: Amoonguss
|-damage|p2a: Ursaluna|0 fnt
|faint|p2a: Ursaluna
|move|p1b: Ursaluna|Blood Moon|p2b: Amoonguss
|-damage|p2b: Amoonguss|35/100
|-enditem|p2b: Amoonguss|Sitrus Berry|[eat]
|-heal|p2b: Amoonguss|60/100|[from] item: Sitrus Berry
|move|p2b: Amoonguss|Spore|p1a: Charizard
|-status|p1a: Charizard|slp|[from] move: Spore
|
|-weather|SunnyDay|[upkeep]
|-damage|p1a: Charizard|76/100 slp|[from] ability: Solar Power|[of] p1a: Charizard
|upkeep
|
|t:|1756628646
|switch|p2a: Sneasler|Sneasler, L50, F|100/100
|turn|5
|c|☆Delacruso|everything misses ...
|
|t:|1756628657
|move|p2a: Sneasler|Close Combat|p1b: Ursaluna
|-supereffective|p1b: Ursaluna
|-damage|p1b: Ursaluna|4/100
|-unboost|p2a: Sneasler|def|1
|-unboost|p2a: Sneasler|spd|1
|cant|p1a: Charizard|slp
|move|p1b: Ursaluna|Hyper Voice|p2a: Sneasler|[spread] p2a,p2b
|-damage|p2a: Sneasler|15/100
|-damage|p2b: Amoonguss|28/100
|move|p2b: Amoonguss|Spore|p1b: Ursaluna
|-status|p1b: Ursaluna|slp|[from] move: Spore
|
|-weather|none
|upkeep
|turn|6
|
|t:|1756628678
|cant|p1b: Ursaluna|slp
|move|p2a: Sneasler|Dire Claw|p1a: Charizard
|-damage|p1a: Charizard|17/100 slp
|-curestatus|p1a: Charizard|slp|[msg]
|move|p1a: Charizard|Heat Wave|p2a: Sneasler|[spread] p2a,p2b
|-resisted|p2b: Amoonguss
|-damage|p2a: Sneasler|0 fnt
|-damage|p2b: Amoonguss|10/100
|faint|p2a: Sneasler
|move|p2b: Amoonguss|Pollen Puff|p1b: Ursaluna
|-crit|p1b: Ursaluna
|-damage|p1b: Ursaluna|0 fnt
|faint|p1b: Ursaluna
|
|upkeep
|turn|7
|c|☆jacobeiro|1 turn sleed
|c|☆jacobeiro|sleep
|
|t:|1756628692
|move|p2b: Amoonguss|Rage Powder|p2b: Amoonguss
|-singleturn|p2b: Amoonguss|move: Rage Powder
|move|p1a: Charizard|Heat Wave|p2b: Amoonguss|[miss]
|-miss|p1a: Charizard|p2b: Amoonguss
|
|upkeep
|turn|8
|c|☆jacobeiro|no way
|
|t:|1756628698
|move|p1a: Charizard|Heat Wave|p2b: Amoonguss
|-resisted|p2b: Amoonguss
|-damage|p2b: Amoonguss|0 fnt
|faint|p2b: Amoonguss
|
|win|Delacruso
|l|☆jacobeiro
|player|p2|
|c|☆Delacruso|lol
|inactive|Delacruso has 30 seconds to confirm battle start!
|inactive|jacobeiro has 30 seconds to confirm battle start!
||jacobeiro is ready for game 2.
||Delacruso is ready for game 2.
|uhtml|next|Next: Game 2 of 3
