|j|☆Pokeventurer
|j|☆volcanicrj
|html|Pokeventurervolcanicrj    
|uhtml|bestof|Game 1 of a best-of-3
|t:|1757792634
|gametype|doubles
|player|p1|Pokeventurer|169|1116
|player|p2|volcanicrj|flannery|1067
|gen|9
|tier|[Gen 9] VGC 2025 Reg H (Bo3)
|rated|
|rule|Species Clause: Limit one of each Pokémon
|rule|Item Clause: Limit 1 of each item
|clearpoke
|poke|p1|Incineroar, L50, M|
|poke|p1|Ursaluna-Bloodmoon, L50, M|
|poke|p1|Gholdengo, L50|
|poke|p1|Dragonite, L50, F|
|poke|p1|Sneasler, L50, F|
|poke|p1|Amoonguss, L50, M|
|poke|p2|Toxtricity-Low-Key, L50, F|
|poke|p2|Kommo-o, L50, F|
|poke|p2|Sinistcha, L50|
|poke|p2|Murkrow, L50, F|
|poke|p2|Samurott-Hisui, L50, M|
|poke|p2|Incineroar, L50, F|
|teampreview|4
|showteam|p1|Incineroar||SafetyGoggles|Intimidate|FlareBlitz,KnockOff,PartingShot,FakeOut|||M|||50|,,,,,Ghost]Ursaluna-Bloodmoon||AssaultVest|MindsEye|HyperVoice,BloodMoon,EarthPower,VacuumWave|||M|||50|,,,,,Water]Gholdengo||LifeOrb|GoodasGold|MakeItRain,ShadowBall,NastyPlot,Protect||||||50|,,,,,Water]Dragonite||LoadedDice|InnerFocus|ScaleShot,Tailwind,Haze,ExtremeSpeed|||F|||50|,,,,,Fairy]Sneasler||FocusSash|Unburden|CloseCombat,DireClaw,FakeOut,Feint|||F|||50|,,,,,Stellar]Amoonguss||CovertCloak|Regenerator|PollenPuff,RagePowder,Spore,Protect|||M|||50|,,,,,Water
|showteam|p2|Toxtricity-Low-Key||ThroatSpray|PunkRock|Overdrive,Boomburst,SludgeBomb,Protect|||F|||50|,,,,,Normal]Kommo-o||LifeOrb|Soundproof|ClangingScales,ClangorousSoul,Flamethrower,Protect|||F|||50|,,,,,Fire]Sinistcha||RockyHelmet|Hospitality|MatchaGotcha,RagePowder,TrickRoom,Protect||||||50|,,,,,Water]Murkrow||Eviolite|Prankster|Tailwind,Quash,Haze,BraveBird|||F|||50|,,,,,Ghost]Samurott-Hisui||ScopeLens|Sharpness|AquaCutter,NightSlash,Detect,AquaJet|||M|||50|,,,,,Grass]Incineroar||SafetyGoggles|Intimidate|FlareBlitz,FakeOut,PartingShot,KnockOff|||F|||50|,,,,,Ghost
|inactive|Battle timer is ON: inactive players will automatically lose when time's up. (requested by volcanicrj)
|inactive|Pokeventurer has 60 seconds left.
|
|t:|1757792695
|teamsize|p1|4
|teamsize|p2|4
|start
|switch|p1a: Sneasler|Sneasler, L50, F|100/100
|switch|p1b: Dragonite|Dragonite, L50, F|100/100
|switch|p2a: Kendrick Lamar|Incineroar, L50, F|100/100
|switch|p2b: Mikey Way|Samurott-Hisui, L50, M|100/100
|-ability|p2a: Kendrick Lamar|Intimidate|boost
|-unboost|p1a: Sneasler|atk|1
|-fail|p1b: Dragonite|unboost|Attack|[from] ability: Inner Focus|[of] p1b: Dragonite
|turn|1
|inactive|volcanicrj has 30 seconds left.
|inactive|volcanicrj has 20 seconds left.
|
|t:|1757792733
|-terastallize|p2a: Kendrick Lamar|Ghost
|move|p1a: Sneasler|Fake Out|p2b: Mikey Way
|-damage|p2b: Mikey Way|89/100
|cant|p2b: Mikey Way|flinch
|move|p1b: Dragonite|Tailwind|p1b: Dragonite
|-sidestart|p1: Pokeventurer|move: Tailwind
|move|p2a: Kendrick Lamar|Knock Off|p1b: Dragonite
|-damage|p1b: Dragonite|50/100
|-enditem|p1b: Dragonite|Loaded Dice|[from] move: Knock Off|[of] p2a: Kendrick Lamar
|
|upkeep
|turn|2
|inactive|Pokeventurer has 30 seconds left.
|
|t:|1757792761
|switch|p1b: Gholdengo|Gholdengo, L50|100/100
|move|p2b: Mikey Way|Detect|p2b: Mikey Way
|-singleturn|p2b: Mikey Way|Protect
|move|p1a: Sneasler|Close Combat|p2b: Mikey Way
|-activate|p2b: Mikey Way|move: Protect
|move|p2a: Kendrick Lamar|Flare Blitz|p1b: Gholdengo
|-supereffective|p1b: Gholdengo
|-damage|p1b: Gholdengo|0 fnt
|faint|p1b: Gholdengo
|-damage|p2a: Kendrick Lamar|70/100|[from] Recoil
|
|upkeep
|
|t:|1757792769
|switch|p1b: Ursaluna|Ursaluna-Bloodmoon, L50, M|100/100
|turn|3
|
|t:|1757792788
|-terastallize|p1a: Sneasler|Stellar
|move|p2b: Mikey Way|Aqua Jet|p1a: Sneasler
|-damage|p1a: Sneasler|63/100
|move|p1a: Sneasler|Close Combat|p2b: Mikey Way
|-supereffective|p2b: Mikey Way
|-damage|p2b: Mikey Way|0 fnt
|-unboost|p1a: Sneasler|def|1
|-unboost|p1a: Sneasler|spd|1
|faint|p2b: Mikey Way
|move|p1b: Ursaluna|Blood Moon|p2a: Kendrick Lamar
|-damage|p2a: Kendrick Lamar|0 fnt
|faint|p2a: Kendrick Lamar
|
|upkeep
|
|t:|1757792800
|switch|p2b: Jinu|Kommo-o, L50, F|100/100
|switch|p2a: Miku|Sinistcha, L50|100/100
|turn|4
|
|t:|1757792823
|move|p1a: Sneasler|Feint|p2b: Jinu
|-damage|p2b: Jinu|92/100
|move|p2a: Miku|Rage Powder|p2a: Miku
|-singleturn|p2a: Miku|move: Rage Powder
|move|p1b: Ursaluna|Hyper Voice|p2b: Jinu|[spread] p2a
|-immune|p2b: Jinu|[from] ability: Soundproof
|-damage|p2a: Miku|61/100
|move|p2b: Jinu|Clangorous Soul|p2b: Jinu
|-boost|p2b: Jinu|atk|1
|-boost|p2b: Jinu|def|1
|-boost|p2b: Jinu|spa|1
|-boost|p2b: Jinu|spd|1
|-boost|p2b: Jinu|spe|1
|-damage|p2b: Jinu|59/100
|
|-sideend|p1: Pokeventurer|move: Tailwind
|upkeep
|turn|5
|inactive|volcanicrj has 30 seconds left.
|
|t:|1757792849
|move|p2a: Miku|Rage Powder|p2a: Miku
|-singleturn|p2a: Miku|move: Rage Powder
|move|p1a: Sneasler|Dire Claw|p2a: Miku
|-damage|p2a: Miku|21/100
|-damage|p1a: Sneasler|47/100|[from] item: Rocky Helmet|[of] p2a: Miku
|move|p2b: Jinu|Clanging Scales|p1a: Sneasler|[spread] p1a,p1b
|-damage|p1a: Sneasler|0 fnt
|-damage|p1b: Ursaluna|54/100
|faint|p1a: Sneasler
|-unboost|p2b: Jinu|def|1
|-damage|p2b: Jinu|50/100|[from] item: Life Orb
|move|p1b: Ursaluna|Blood Moon|p2a: Miku
|-damage|p2a: Miku|0 fnt
|faint|p2a: Miku
|
|upkeep
|
|t:|1757792857
|switch|p1a: Dragonite|Dragonite, L50, F|50/100
|turn|6
|inactive|Pokeventurer has 30 seconds left.
|l|☆Pokeventurer
|inactive|Pokeventurer disconnected and has a minute to reconnect!
|player|p1|
|inactive|Pokeventurer has 20 seconds left.
|inactive|Pokeventurer has 15 seconds left.
|inactive|Pokeventurer has 10 seconds left.
|inactive|Pokeventurer has 5 seconds left.
|-message|Pokeventurer lost due to inactivity.
|
|win|volcanicrj
|j|☆Pokeventurer
|player|p1|Pokeventurer|169|
||volcanicrj is ready for game 2.
||Pokeventurer is ready for game 2.
|uhtml|next|Next: Game 2 of 3
|l|☆volcanicrj
|player|p2|
