|j|☆fashoooo
|j|☆feedback9946
|html|fashoooofeedback9946    
|uhtml|bestof|Game 1 of a best-of-3
|t:|1784717259
|gametype|doubles
|player|p1|fashoooo|2|1031
|player|p2|feedback9946|grimsley-gen7|1124
|gen|9
|tier|[Gen 9 Champions] VGC 2026 Reg M-B (Bo3)
|rated|
|rule|Species Clause: Limit one of each Pokémon
|rule|Item Clause: Limit 1 of each item
|clearpoke
|poke|p1|Tyranitar, L50, M|
|poke|p1|Excadrill, L50, F|
|poke|p1|Milotic, L50, M|
|poke|p1|Sinistcha, L50|
|poke|p1|Staraptor, L50, F|
|poke|p1|Gholdengo, L50|
|poke|p2|Glimmora, L50, M|
|poke|p2|Swampert, L50, F|
|poke|p2|Kingambit, L50, M|
|poke|p2|Pelipper, L50, F|
|poke|p2|Rotom-Mow, L50|
|poke|p2|Noivern, L50, M|
|teampreview|4
|showteam|p1|Tyranitar||Tyranitarite|SandStream|KnockOff,RockSlide,HighHorsepower,Protect|Jolly||M|||50|]Excadrill||FocusSash|SandRush|Earthquake,IronHead,RockSlide,Protect|Adamant||F|||50|]Milotic||SitrusBerry|Competitive|Scald,IcyWind,Haze,Protect|Calm||M|||50|]Sinistcha||ColburBerry|Hospitality|MatchaGotcha,ShadowBall,Protect,RagePowder|Bold|||||50|]Staraptor||Staraptite|Intimidate|CloseCombat,BraveBird,Tailwind,Protect|Jolly||F|||50|]Gholdengo||LifeOrb|GoodasGold|MakeItRain,ShadowBall,NastyPlot,Protect|Modest|||||50|
|showteam|p2|Glimmora||Glimmoranite|ToxicDebris|PowerGem,SludgeWave,EarthPower,SpikyShield|Modest||M|||50|]Swampert||Swampertite|Torrent|WaveCrash,Earthquake,IcePunch,Protect|Adamant||F|||50|]Kingambit||ChopleBerry|Defiant|SuckerPunch,KowtowCleave,IronHead,Protect|Adamant||M|||50|]Pelipper||SitrusBerry|Drizzle|Hurricane,WeatherBall,WideGuard,Protect|Modest||F|||50|]Rotom-Mow||ChoiceScarf|Levitate|LeafStorm,VoltSwitch,Discharge,Electroweb|Timid|||||50|]Noivern||FocusSash|Telepathy|DracoMeteor,SuperFang,Tailwind,Protect|Timid||M|||50|
|inactive|Battle timer is ON: inactive players will automatically lose when time's up. (requested by feedback9946)
|l|☆fashoooo
|inactive|fashoooo disconnected and has a minute to reconnect!
|player|p1|
|j|☆fashoooo
|inactive|fashoooo reconnected and has 80 seconds left.
|player|p1|fashoooo|2|
|inactive|fashoooo has 60 seconds left.
|inactive|fashoooo has 30 seconds left.
|
|t:|1784717326
|teamsize|p1|4
|teamsize|p2|4
|start
|switch|p1a: Tyranitar|Tyranitar, L50, M|100/100
|switch|p1b: Excadrill|Excadrill, L50, F|100/100
|switch|p2a: Kingambit|Kingambit, L50, M|100/100
|switch|p2b: Rotom|Rotom-Mow, L50|100/100
|-weather|Sandstorm|[from] ability: Sand Stream|[of] p1a: Tyranitar
|turn|1
|inactive|fashoooo has 30 seconds left.
|inactive|feedback9946 has 30 seconds left.
|inactive|feedback9946 has 20 seconds left.
|
|t:|1784717366
|move|p1a: Tyranitar|Protect|p1a: Tyranitar
|-singleturn|p1a: Tyranitar|Protect
|move|p2a: Kingambit|Protect|p2a: Kingambit
|-singleturn|p2a: Kingambit|Protect
|move|p1b: Excadrill|Rock Slide|p2b: Rotom|[spread] p2b
|-activate|p2a: Kingambit|move: Protect
|-damage|p2b: Rotom|74/100
|move|p2b: Rotom|Volt Switch|p1a: Tyranitar
|-activate|p1a: Tyranitar|move: Protect
|
|-weather|Sandstorm|[upkeep]
|-damage|p2b: Rotom|68/100|[from] Sandstorm
|upkeep
|turn|2
|
|t:|1784717390
|switch|p2a: Swampert|Swampert, L50, F|100/100
|detailschange|p1a: Tyranitar|Tyranitar-Mega, L50, M
|-mega|p1a: Tyranitar|Tyranitar|Tyranitarite
|move|p1b: Excadrill|Rock Slide|p2b: Rotom|[spread] p2a,p2b
|-resisted|p2a: Swampert|1
|-crit|p2a: Swampert
|-damage|p2a: Swampert|84/100
|-damage|p2b: Rotom|43/100
|cant|p2b: Rotom|flinch
|move|p1a: Tyranitar|Rock Slide|p2b: Rotom|[spread] p2a,p2b
|-resisted|p2a: Swampert|1
|-damage|p2a: Swampert|69/100
|-damage|p2b: Rotom|6/100
|
|-weather|Sandstorm|[upkeep]
|-damage|p2b: Rotom|1/100|[from] Sandstorm
|upkeep
|turn|3
|
|t:|1784717410
|switch|p1b: Staraptor|Staraptor, L50, F|100/100
|-ability|p1b: Staraptor|Intimidate|boost
|-unboost|p2a: Swampert|atk|1
|-unboost|p2b: Rotom|atk|1
|switch|p2b: Pelipper|Pelipper, L50, F|100/100
|-weather|RainDance|[from] ability: Drizzle|[of] p2b: Pelipper
|detailschange|p2a: Swampert|Swampert-Mega, L50, F
|-mega|p2a: Swampert|Swampert|Swampertite
|move|p1a: Tyranitar|Protect|p1a: Tyranitar
|-singleturn|p1a: Tyranitar|Protect
|move|p2a: Swampert|Earthquake|p1a: Tyranitar|[spread] 
|-activate|p1a: Tyranitar|move: Protect
|-immune|p2b: Pelipper
|-immune|p1b: Staraptor
|
|-weather|RainDance|[upkeep]
|upkeep
|turn|4
|
|t:|1784717432
|switch|p2a: Rotom|Rotom-Mow, L50|1/100
|switch|p1a: Sinistcha|Sinistcha, L50|100/100
|move|p1b: Staraptor|Tailwind|p1b: Staraptor
|-sidestart|p1: fashoooo|move: Tailwind
|move|p2b: Pelipper|Hurricane|p1b: Staraptor
|-damage|p1b: Staraptor|31/100
|
|-weather|RainDance|[upkeep]
|upkeep
|turn|5
|
|t:|1784717451
|switch|p1b: Tyranitar|Tyranitar-Mega, L50, M|100/100
|-weather|Sandstorm|[from] ability: Sand Stream|[of] p1b: Tyranitar
|move|p2a: Rotom|Volt Switch|p1b: Tyranitar
|-damage|p1b: Tyranitar|84/100
|
|t:|1784717461
|switch|p2a: Kingambit|Kingambit, L50, M|100/100|[from] Volt Switch
|move|p1a: Sinistcha|Shadow Ball|p2b: Pelipper
|-damage|p2b: Pelipper|45/100
|-enditem|p2b: Pelipper|Sitrus Berry|[eat]
|-heal|p2b: Pelipper|70/100|[from] item: Sitrus Berry
|move|p2b: Pelipper|Hurricane|p1a: Sinistcha
|-supereffective|p1a: Sinistcha|1
|-damage|p1a: Sinistcha|2/100
|-start|p1a: Sinistcha|confusion
|
|-weather|Sandstorm|[upkeep]
|-damage|p1a: Sinistcha|0 fnt|[from] Sandstorm
|-damage|p2b: Pelipper|64/100|[from] Sandstorm
|faint|p1a: Sinistcha
|upkeep
|
|t:|1784717468
|switch|p1a: Staraptor|Staraptor, L50, F|31/100
|-ability|p1a: Staraptor|Intimidate|boost
|-unboost|p2a: Kingambit|atk|1
|-ability|p2a: Kingambit|Defiant|boost
|-boost|p2a: Kingambit|atk|2
|-unboost|p2b: Pelipper|atk|1
|turn|6
|
|t:|1784717491
|move|p2a: Kingambit|Protect|p2a: Kingambit
|-singleturn|p2a: Kingambit|Protect
|move|p1a: Staraptor|Close Combat|p2a: Kingambit
|-activate|p2a: Kingambit|move: Protect
|move|p1b: Tyranitar|Knock Off|p2b: Pelipper
|-damage|p2b: Pelipper|13/100
|move|p2b: Pelipper|Weather Ball|p1a: Staraptor
|-supereffective|p1a: Staraptor|1
|-damage|p1a: Staraptor|0 fnt
|faint|p1a: Staraptor
|
|-weather|Sandstorm|[upkeep]
|-damage|p2b: Pelipper|7/100|[from] Sandstorm
|upkeep
|
|t:|1784717502
|switch|p1a: Excadrill|Excadrill, L50, F|100/100
|turn|7
|
|t:|1784717517
|move|p2b: Pelipper|Wide Guard|p2b: Pelipper
|-singleturn|p2b: Pelipper|Wide Guard
|move|p1a: Excadrill|Iron Head|p2b: Pelipper
|-resisted|p2b: Pelipper|1
|-damage|p2b: Pelipper|0 fnt
|faint|p2b: Pelipper
|move|p1b: Tyranitar|High Horsepower|p2a: Kingambit
|-supereffective|p2a: Kingambit|1
|-damage|p2a: Kingambit|42/100
|move|p2a: Kingambit|Iron Head|p1b: Tyranitar
|-supereffective|p1b: Tyranitar|1
|-damage|p1b: Tyranitar|0 fnt
|faint|p1b: Tyranitar
|
|-weather|Sandstorm|[upkeep]
|-sideend|p1: fashoooo|move: Tailwind
|upkeep
|-message|fashoooo forfeited.
|
|win|feedback9946
|l|☆fashoooo
|player|p1|
||feedback9946 is ready for game 2.
||fashoooo is ready for game 2.
|uhtml|next|Next: Game 2 of 3
|l|☆feedback9946
|player|p2|
|j|☆fashoooo
|player|p1|fashoooo|2|
