|j|☆toxiccroc12
|j|☆leilinoone
|html|toxiccroc12leilinoone    
|uhtml|bestof|Game 3 of a best-of-3
|t:|1783878516
|gametype|doubles
|player|p1|toxiccroc12|2|1062
|player|p2|leilinoone|1|1110
|gen|9
|tier|[Gen 9 Champions] VGC 2026 Reg M-B (Bo3)
|rated|
|rule|Species Clause: Limit one of each Pokémon
|rule|Item Clause: Limit 1 of each item
|clearpoke
|poke|p1|Floette-Eternal, L50, F|
|poke|p1|Incineroar, L50, M|
|poke|p1|Sinistcha, L50|
|poke|p1|Delphox, L50, F|
|poke|p1|Sneasler, L50, M|
|poke|p1|Kingambit, L50, M|
|poke|p2|Gyarados, L50, M|
|poke|p2|Garchomp, L50, F|
|poke|p2|Raichu, L50, M|
|poke|p2|Incineroar, L50, M|
|poke|p2|Sinistcha, L50|
|poke|p2|Ninetales-Alola, L50, F|
|teampreview|4
|showteam|p1|Floette-Eternal||Floettite|FlowerVeil|DazzlingGleam,DrainingKiss,CalmMind,Protect|Modest||F|||50|]Incineroar||SitrusBerry|Intimidate|FlareBlitz,FakeOut,PartingShot,HelpingHand|Impish||M|||50|]Sinistcha||OccaBerry|Hospitality|MatchaGotcha,RagePowder,TrickRoom,Protect|Relaxed|||||50|]Delphox||Delphoxite|Blaze|HeatWave,Psyshock,NastyPlot,Protect|Timid||F|||50|]Sneasler||FocusSash|PoisonTouch|PoisonJab,CloseCombat,FakeOut,QuickGuard|Jolly||M|||50|]Kingambit||BlackGlasses|Defiant|KowtowCleave,SuckerPunch,SwordsDance,Protect|Adamant||M|||50|
|showteam|p2|Gyarados||Gyaradosite|Intimidate|Waterfall,LashOut,DragonDance,Protect|Adamant||M|||50|]Garchomp||LifeOrb|RoughSkin|DragonClaw,StompingTantrum,RockSlide,Protect|Jolly||F|||50|]Raichu||RaichuniteX|LightningRod|Nuzzle,RisingVoltage,FakeOut,Protect|Timid||M|||50|]Incineroar||SitrusBerry|Intimidate|FlareBlitz,CloseCombat,FakeOut,PartingShot|Brave||M|||50|]Sinistcha||CobaBerry|Hospitality|MatchaGotcha,TrickRoom,Imprison,Protect|Quiet|||||50|]Ninetales-Alola||FocusSash|SnowWarning|Blizzard,AuroraVeil,IcyWind,Encore|Timid||F|||50|
|
|t:|1783878553
|teamsize|p1|4
|teamsize|p2|4
|start
|switch|p1a: Delphox|Delphox, L50, F|100/100
|switch|p1b: Sneasler|Sneasler, L50, M|100/100
|switch|p2a: Raichu|Raichu, L50, M|100/100
|switch|p2b: Ninetales|Ninetales-Alola, L50, F|100/100
|-weather|Snowscape|[from] ability: Snow Warning|[of] p2b: Ninetales
|turn|1
|
|t:|1783878604
|detailschange|p1a: Delphox|Delphox-Mega, L50, F
|-mega|p1a: Delphox|Delphox|Delphoxite
|move|p1b: Sneasler|Fake Out|p2a: Raichu
|-damage|p2a: Raichu|77/100
|move|p1a: Delphox|Nasty Plot|p1a: Delphox
|-boost|p1a: Delphox|spa|2
|move|p2b: Ninetales|Icy Wind|p1a: Delphox|[spread] p1a,p1b
|-resisted|p1a: Delphox|1
|-damage|p1a: Delphox|92/100
|-damage|p1b: Sneasler|78/100
|-unboost|p1a: Delphox|spe|1
|-unboost|p1b: Sneasler|spe|1
|cant|p2a: Raichu|flinch
|
|-weather|Snowscape|[upkeep]
|upkeep
|turn|2
|
|t:|1783878641
|switch|p1a: Incineroar|Incineroar, L50, M|100/100
|-ability|p1a: Incineroar|Intimidate|boost
|-unboost|p2a: Raichu|atk|1
|-unboost|p2b: Ninetales|atk|1
|detailschange|p2a: Raichu|Raichu-Mega-X, L50, M
|-mega|p2a: Raichu|Raichu|Raichunite X
|-fieldstart|move: Electric Terrain|[from] ability: Electric Surge|[of] p2a: Raichu
|move|p2b: Ninetales|Encore||[still]
|-fail|p2b: Ninetales
|move|p2a: Raichu|Rising Voltage|p1b: Sneasler
|-hint|Rising Voltage's BP doubled on grounded target.
|-damage|p1b: Sneasler|0 fnt
|faint|p1b: Sneasler
|
|-weather|Snowscape|[upkeep]
|upkeep
|
|t:|1783878653
|switch|p1b: Delphox|Delphox-Mega, L50, F|92/100
|turn|3
|
|t:|1783878691
|move|p1a: Incineroar|Fake Out|p2a: Raichu
|-damage|p2a: Raichu|64/100
|move|p1b: Delphox|Heat Wave|p2b: Ninetales|[spread] p2a,p2b
|-supereffective|p2b: Ninetales|1
|-damage|p2a: Raichu|14/100
|-damage|p2b: Ninetales|10/100
|move|p2b: Ninetales|Icy Wind|p1a: Incineroar|[spread] p1a
|-miss|p2b: Ninetales|p1b: Delphox
|-resisted|p1a: Incineroar|1
|-damage|p1a: Incineroar|92/100
|-unboost|p1a: Incineroar|spe|1
|cant|p2a: Raichu|flinch
|
|-weather|Snowscape|[upkeep]
|upkeep
|turn|4
|
|t:|1783878720
|move|p2a: Raichu|Protect|p2a: Raichu
|-singleturn|p2a: Raichu|Protect
|move|p1b: Delphox|Heat Wave|p2a: Raichu|[spread] p2b
|-activate|p2a: Raichu|move: Protect
|-supereffective|p2b: Ninetales|1
|-crit|p2b: Ninetales
|-damage|p2b: Ninetales|0 fnt
|faint|p2b: Ninetales
|move|p1a: Incineroar|Parting Shot|p2a: Raichu
|-activate|p2a: Raichu|move: Protect
|
|-weather|Snowscape|[upkeep]
|upkeep
|
|t:|1783878732
|switch|p2b: Gyarados|Gyarados, L50, M|100/100
|-ability|p2b: Gyarados|Intimidate|boost
|-unboost|p1a: Incineroar|atk|1
|-unboost|p1b: Delphox|atk|1
|turn|5
|
|t:|1783878785
|switch|p1b: Sinistcha|Sinistcha, L50|100/100
|-heal|p1a: Incineroar|100/100|[from] ability: Hospitality|[of] p1b: Sinistcha
|move|p2a: Raichu|Nuzzle|p1b: Sinistcha
|-resisted|p1b: Sinistcha|1
|-damage|p1b: Sinistcha|97/100
|-status|p1b: Sinistcha|par
|move|p2b: Gyarados|Dragon Dance|p2b: Gyarados
|-boost|p2b: Gyarados|atk|1
|-boost|p2b: Gyarados|spe|1
|move|p1a: Incineroar|Flare Blitz|p2a: Raichu
|-damage|p2a: Raichu|0 fnt
|faint|p2a: Raichu
|-damage|p1a: Incineroar|96/100|[from] Recoil
|
|-weather|none
|upkeep
|
|t:|1783878800
|switch|p2a: Garchomp|Garchomp, L50, F|100/100
|turn|6
|
|t:|1783878841
|move|p1a: Incineroar|Helping Hand|p1b: Sinistcha
|-singleturn|p1b: Sinistcha|Helping Hand|[of] p1a: Incineroar
|move|p2b: Gyarados|Lash Out|p1b: Sinistcha
|-supereffective|p1b: Sinistcha|1
|-damage|p1b: Sinistcha|28/100 par
|move|p2a: Garchomp|Stomping Tantrum|p1a: Incineroar
|-supereffective|p1a: Incineroar|1
|-damage|p1a: Incineroar|14/100
|-enditem|p1a: Incineroar|Sitrus Berry|[eat]
|-heal|p1a: Incineroar|39/100|[from] item: Sitrus Berry
|-damage|p2a: Garchomp|90/100|[from] item: Life Orb
|move|p1b: Sinistcha|Matcha Gotcha|p2b: Gyarados|[spread] p2a,p2b
|-damage|p2a: Garchomp|51/100
|-heal|p1b: Sinistcha|48/100 par|[from] drain|[of] p2a: Garchomp
|-damage|p2b: Gyarados|63/100
|-heal|p1b: Sinistcha|66/100 par|[from] drain|[of] p2b: Gyarados
|-status|p2b: Gyarados|brn
|
|-damage|p2b: Gyarados|57/100 brn|[from] brn
|-fieldend|move: Electric Terrain
|upkeep
|turn|7
|
|t:|1783878875
|switch|p1a: Delphox|Delphox-Mega, L50, F|92/100
|move|p1b: Sinistcha|Protect|p1b: Sinistcha
|-singleturn|p1b: Sinistcha|Protect
|move|p2b: Gyarados|Dragon Dance|p2b: Gyarados
|-boost|p2b: Gyarados|atk|1
|-boost|p2b: Gyarados|spe|1
|move|p2a: Garchomp|Rock Slide|p1b: Sinistcha|[spread] p1a
|-activate|p1b: Sinistcha|move: Protect
|-supereffective|p1a: Delphox|1
|-damage|p1a: Delphox|20/100y
|-damage|p2a: Garchomp|41/100|[from] item: Life Orb
|
|-damage|p2b: Gyarados|52/100 brn|[from] brn
|upkeep
|turn|8
|
|t:|1783878923
|move|p1b: Sinistcha|Rage Powder|p1b: Sinistcha
|-singleturn|p1b: Sinistcha|move: Rage Powder
|move|p2b: Gyarados|Waterfall|p1b: Sinistcha
|-resisted|p1b: Sinistcha|1
|-crit|p1b: Sinistcha
|-damage|p1b: Sinistcha|40/100 par
|move|p1a: Delphox|Psyshock|p2a: Garchomp
|-damage|p2a: Garchomp|0 fnt
|faint|p2a: Garchomp
|
|-damage|p2b: Gyarados|46/100 brn|[from] brn
|upkeep
|turn|9
|
|t:|1783878950
|move|p1b: Sinistcha|Rage Powder|p1b: Sinistcha
|-singleturn|p1b: Sinistcha|move: Rage Powder
|move|p2b: Gyarados|Lash Out|p1b: Sinistcha
|-supereffective|p1b: Sinistcha|1
|-damage|p1b: Sinistcha|0 fnt
|faint|p1b: Sinistcha
|move|p1a: Delphox|Psyshock|p2b: Gyarados
|-damage|p2b: Gyarados|0 fnt
|faint|p2b: Gyarados
|
|win|toxiccroc12
|raw|toxiccroc12's rating: 1062 → 1097(+35 for winning)
|raw|leilinoone's rating: 1110 → 1082(-28 for losing)
|c|☆leilinoone|gg
|c|☆toxiccroc12|ggwp
|c|☆leilinoone|wp
|l|☆leilinoone
|player|p2|
