|j|☆Barri Deagol
|j|☆tiriricasuicida
|html|Barri Deagoltiriricasuicida    
|uhtml|bestof|Game 1 of a best-of-3
|t:|1756569717
|gametype|doubles
|player|p1|Barri Deagol|collector|1094
|player|p2|tiriricasuicida|101|1072
|gen|9
|tier|[Gen 9] VGC 2025 Reg H (Bo3)
|rated|
|rule|Species Clause: Limit one of each Pokémon
|rule|Item Clause: Limit 1 of each item
|clearpoke
|poke|p1|Archaludon, L50, F|
|poke|p1|Dragonite, L50, M|
|poke|p1|Pelipper, L50, M|
|poke|p1|Ursaluna, L50, F|
|poke|p1|Sinistcha, L50|
|poke|p1|Gholdengo, L50|
|poke|p2|Armarouge, L50, F|
|poke|p2|Gengar, L50, M|
|poke|p2|Ursaluna, L50, M|
|poke|p2|Indeedee-F, L50, F|
|poke|p2|Torkoal, L50, F|
|poke|p2|Gallade, L50, M|
|teampreview|4
|showteam|p1|Archaludon||AssaultVest|Stamina|FlashCannon,BodyPress,ElectroShot,Snarl|||F|||50|,,,,,Fighting]Dragonite||LoadedDice|Multiscale|ScaleShot,Tailwind,Haze,Protect|||M|||50|,,,,,Fairy]Pelipper||FocusSash|Drizzle|MuddyWater,Hurricane,Tailwind,Protect|||M|||50|,,,,,Ghost]Ursaluna||FlameOrb|Guts|Facade,HeadlongRush,Earthquake,Protect|||F|||50|,,,,,Ghost]Sinistcha||SitrusBerry|Hospitality|MatchaGotcha,LifeDew,RagePowder,TrickRoom||||||50|,,,,,Dark]Gholdengo||ChoiceScarf|GoodasGold|MakeItRain,ShadowBall,Trick,Protect||||||50|,,,,,Flying
|showteam|p2|Armarouge||PsychicSeed|FlashFire|EnergyBall,TrickRoom,ExpandingForce,HeatWave|||F|||50|,,,,,Grass]Gengar||FocusSash|CursedBody|Taunt,ShadowBall,DarkPulse,SludgeBomb|||M|||50|,,,,,Dark]Ursaluna||FlameOrb|Guts|Facade,Protect,HeadlongRush,Earthquake|||M|||50|,,,,,Ghost]Indeedee-F||RockyHelmet|PsychicSurge|FollowMe,TrickRoom,Psychic,HelpingHand|||F|||50|,,,,,Grass]Torkoal||Charcoal|Drought|Eruption,WeatherBall,EarthPower,HeatWave|||F|||50|,,,,,Fire]Gallade||ClearAmulet|Sharpness|SacredSword,WideGuard,PsychoCut,TrickRoom|||M|||50|,,,,,Grass
|inactive|Battle timer is ON: inactive players will automatically lose when time's up. (requested by tiriricasuicida)
|inactive|Barri Deagol also wants the timer to be on.
|inactive|Barri Deagol has 60 seconds left.
|
|t:|1756569758
|teamsize|p1|4
|teamsize|p2|4
|start
|switch|p1a: Gholdengo|Gholdengo, L50|100/100
|switch|p1b: Archaludon|Archaludon, L50, F|100/100
|switch|p2a: Indeedee|Indeedee-F, L50, F|100/100
|switch|p2b: Armarouge|Armarouge, L50, F|100/100
|-fieldstart|move: Psychic Terrain|[from] ability: Psychic Surge|[of] p2a: Indeedee
|-enditem|p2b: Armarouge|Psychic Seed
|-boost|p2b: Armarouge|spd|1|[from] item: Psychic Seed
|turn|1
|inactive|Barri Deagol has 30 seconds left.
|inactive|tiriricasuicida has 30 seconds left.
|inactive|tiriricasuicida has 20 seconds left.
|inactive|tiriricasuicida has 15 seconds left.
|inactive|tiriricasuicida has 10 seconds left.
|inactive|tiriricasuicida has 5 seconds left.
|
|t:|1756569813
|move|p2a: Indeedee|Follow Me|p2a: Indeedee
|-singleturn|p2a: Indeedee|move: Follow Me
|move|p1a: Gholdengo|Shadow Ball|p2a: Indeedee
|-immune|p2a: Indeedee
|move|p1b: Archaludon|Snarl|p2a: Indeedee|[spread] p2a,p2b
|-supereffective|p2a: Indeedee
|-supereffective|p2b: Armarouge
|-damage|p2a: Indeedee|78/100
|-damage|p2b: Armarouge|83/100
|-unboost|p2a: Indeedee|spa|1
|-unboost|p2b: Armarouge|spa|1
|move|p2b: Armarouge|Energy Ball|p1a: Gholdengo
|-resisted|p1a: Gholdengo
|-damage|p1a: Gholdengo|88/100
|
|upkeep
|turn|2
|inactive|Barri Deagol has 30 seconds left.
|inactive|tiriricasuicida has 30 seconds left.
|inactive|tiriricasuicida has 20 seconds left.
|inactive|tiriricasuicida has 15 seconds left.
|
|t:|1756569854
|switch|p1a: Pelipper|Pelipper, L50, M|100/100
|-weather|RainDance|[from] ability: Drizzle|[of] p1a: Pelipper
|move|p2a: Indeedee|Follow Me|p2a: Indeedee
|-singleturn|p2a: Indeedee|move: Follow Me
|move|p1b: Archaludon|Electro Shot||[still]
|-prepare|p1b: Archaludon|Electro Shot
|-boost|p1b: Archaludon|spa|1
|-anim|p1b: Archaludon|Electro Shot|p2a: Indeedee
|-damage|p2a: Indeedee|26/100
|move|p2b: Armarouge|Trick Room|p2b: Armarouge
|-fieldstart|move: Trick Room|[of] p2b: Armarouge
|
|-weather|RainDance|[upkeep]
|upkeep
|turn|3
|inactive|Barri Deagol has 30 seconds left.
|
|t:|1756569884
|switch|p2a: Torkoal|Torkoal, L50, F|100/100
|-weather|SunnyDay|[from] ability: Drought|[of] p2a: Torkoal
|-terastallize|p2b: Armarouge|Grass
|move|p1a: Pelipper|Protect|p1a: Pelipper
|-singleturn|p1a: Pelipper|Protect
|move|p2b: Armarouge|Energy Ball|p1a: Pelipper
|-activate|p1a: Pelipper|move: Protect
|move|p1b: Archaludon|Snarl|p2b: Armarouge|[spread] p2a,p2b
|-damage|p2a: Torkoal|78/100
|-damage|p2b: Armarouge|72/100
|-unboost|p2a: Torkoal|spa|1
|-unboost|p2b: Armarouge|spa|1
|
|-weather|SunnyDay|[upkeep]
|upkeep
|turn|4
|inactive|Barri Deagol has 30 seconds left.
|inactive|tiriricasuicida has 30 seconds left.
|inactive|Barri Deagol has 20 seconds left.
|inactive|tiriricasuicida has 20 seconds left.
|inactive|Barri Deagol has 15 seconds left.
|inactive|tiriricasuicida has 15 seconds left.
|inactive|tiriricasuicida has 10 seconds left.
|inactive|tiriricasuicida has 5 seconds left.
|
|t:|1756569939
|switch|p1a: Sinistcha|Sinistcha, L50|100/100
|-terastallize|p1b: Archaludon|Fighting
|move|p2a: Torkoal|Eruption|p1b: Archaludon|[spread] p1a,p1b
|-supereffective|p1a: Sinistcha
|-damage|p1a: Sinistcha|16/100
|-damage|p1b: Archaludon|72/100
|-ability|p1b: Archaludon|Stamina|boost
|-boost|p1b: Archaludon|def|1
|-enditem|p1a: Sinistcha|Sitrus Berry|[eat]
|-heal|p1a: Sinistcha|41/100|[from] item: Sitrus Berry
|move|p2b: Armarouge|Energy Ball|p1b: Archaludon
|-damage|p1b: Archaludon|55/100
|-ability|p1b: Archaludon|Stamina|boost
|-boost|p1b: Archaludon|def|1
|move|p1b: Archaludon|Snarl|p2a: Torkoal|[spread] p2a
|-miss|p1b: Archaludon|p2b: Armarouge
|-damage|p2a: Torkoal|56/100
|-unboost|p2a: Torkoal|spa|1
|
|-weather|SunnyDay|[upkeep]
|upkeep
|turn|5
|inactive|Barri Deagol has 30 seconds left.
|inactive|tiriricasuicida has 30 seconds left.
|inactive|tiriricasuicida has 20 seconds left.
|inactive|tiriricasuicida has 15 seconds left.
|inactive|tiriricasuicida has 10 seconds left.
|inactive|tiriricasuicida has 5 seconds left.
|
|t:|1756569994
|move|p2a: Torkoal|Eruption|p1b: Archaludon|[spread] p1a,p1b
|-supereffective|p1a: Sinistcha
|-damage|p1a: Sinistcha|0 fnt
|-damage|p1b: Archaludon|39/100
|-ability|p1b: Archaludon|Stamina|boost
|-boost|p1b: Archaludon|def|1
|faint|p1a: Sinistcha
|move|p2b: Armarouge|Energy Ball|p1b: Archaludon
|-damage|p1b: Archaludon|22/100
|-ability|p1b: Archaludon|Stamina|boost
|-boost|p1b: Archaludon|def|1
|move|p1b: Archaludon|Body Press|p2a: Torkoal
|-damage|p2a: Torkoal|0 fnt
|faint|p2a: Torkoal
|
|-weather|SunnyDay|[upkeep]
|-fieldend|move: Psychic Terrain
|upkeep
|inactive|Barri Deagol has 30 seconds left.
|
|t:|1756570020
|switch|p2a: Indeedee|Indeedee-F, L50, F|26/100
|switch|p1a: Pelipper|Pelipper, L50, M|100/100
|-fieldstart|move: Psychic Terrain|[from] ability: Psychic Surge|[of] p2a: Indeedee
|-weather|RainDance|[from] ability: Drizzle|[of] p1a: Pelipper
|turn|6
|inactive|Barri Deagol has 30 seconds left.
|inactive|tiriricasuicida has 30 seconds left.
|inactive|Barri Deagol has 20 seconds left.
|inactive|tiriricasuicida has 20 seconds left.
|inactive|Barri Deagol has 15 seconds left.
|inactive|tiriricasuicida has 15 seconds left.
|inactive|tiriricasuicida has 10 seconds left.
|inactive|tiriricasuicida has 5 seconds left.
|
|t:|1756570075
|switch|p1b: Gholdengo|Gholdengo, L50|88/100
|move|p1a: Pelipper|Protect|p1a: Pelipper
|-singleturn|p1a: Pelipper|Protect
|move|p2a: Indeedee|Follow Me|p2a: Indeedee
|-singleturn|p2a: Indeedee|move: Follow Me
|move|p2b: Armarouge|Energy Ball|p1b: Gholdengo
|-resisted|p1b: Gholdengo
|-damage|p1b: Gholdengo|72/100
|
|-weather|RainDance|[upkeep]
|-fieldend|move: Trick Room
|upkeep
|turn|7
|
|t:|1756570092
|move|p2a: Indeedee|Follow Me|p2a: Indeedee
|-singleturn|p2a: Indeedee|move: Follow Me
|move|p1b: Gholdengo|Make It Rain|p2a: Indeedee|[spread] p2a,p2b
|-damage|p2a: Indeedee|0 fnt
|-damage|p2b: Armarouge|35/100
|-unboost|p1b: Gholdengo|spa|1
|faint|p2a: Indeedee
|move|p1a: Pelipper|Hurricane|p2b: Armarouge
|-supereffective|p2b: Armarouge
|-damage|p2b: Armarouge|0 fnt
|faint|p2b: Armarouge
|
|-weather|RainDance|[upkeep]
|upkeep
|inactive|tiriricasuicida has 30 seconds left.
|
|t:|1756570118
|switch|p2b: Ursaluna|Ursaluna, L50, M|100/100
|turn|8
|
|t:|1756570127
|move|p1b: Gholdengo|Make It Rain|p2b: Ursaluna
|-damage|p2b: Ursaluna|60/100
|-unboost|p1b: Gholdengo|spa|1
|move|p1a: Pelipper|Muddy Water|p2b: Ursaluna
|-supereffective|p2b: Ursaluna
|-damage|p2b: Ursaluna|0 fnt
|faint|p2b: Ursaluna
|
|win|Barri Deagol
||tiriricasuicida is ready for game 2.
|inactive|Barri Deagol has 30 seconds to confirm battle start!
