|j|☆Scoseb
|j|☆ChrisJHall13
|html|ScosebChrisJHall13    
|uhtml|bestof|Game 2 of a best-of-3
|t:|1784655866
|gametype|doubles
|player|p1|Scoseb|brycenman|1274
|player|p2|ChrisJHall13|102|1204
|gen|9
|tier|[Gen 9 Champions] VGC 2026 Reg M-B (Bo3)
|rated|
|rule|Species Clause: Limit one of each Pokémon
|rule|Item Clause: Limit 1 of each item
|clearpoke
|poke|p1|Gholdengo, L50|
|poke|p1|Zoroark-Hisui, L50, F|
|poke|p1|Incineroar, L50, F|
|poke|p1|Whimsicott, L50, F|
|poke|p1|Staraptor, L50, M|
|poke|p1|Garchomp, L50, F|
|poke|p2|Incineroar, L50, M|
|poke|p2|Ninetales-Alola, L50, F|
|poke|p2|Gengar, L50, F|
|poke|p2|Dragonite, L50, F|
|poke|p2|Snorlax, L50, F|
|poke|p2|Scrafty, L50, F|
|teampreview|4
|showteam|p1|Gholdengo||LifeOrb|GoodasGold|PowerGem,Protect,MakeItRain,ShadowBall|Modest|||||50|]Zoroark-Hisui||FocusSash|Illusion|Taunt,IcyWind,FakeTears,BitterMalice|Timid||F|||50|]Incineroar||SitrusBerry|Intimidate|FakeOut,PartingShot,FlareBlitz,DarkestLariat|Careful||F|||50|]Whimsicott||FairyFeather|Prankster|Moonblast,Tailwind,Charm,Encore|Modest||F|||50|]Staraptor||Staraptite|Reckless|CloseCombat,Protect,BraveBird,Roost|Jolly||M|||50|]Garchomp||Garchompite|RoughSkin|Protect,Earthquake,DragonClaw,RockSlide|Adamant||F|||50|
|showteam|p2|Incineroar||ShucaBerry|Intimidate|FakeOut,DarkestLariat,Protect,PartingShot|Careful||M|||50|]Ninetales-Alola||FocusSash|SnowWarning|Blizzard,Protect,Encore,Disable|Timid||F|||50|]Gengar||Gengarite|CursedBody|PerishSong,ShadowBall,Protect,SludgeBomb|Modest||F|||50|]Dragonite||LifeOrb|InnerFocus|DragonClaw,ExtremeSpeed,Protect,LowKick|Adamant||F|||50|]Snorlax||Leftovers|ThickFat|Yawn,Fissure,DoubleEdge,Protect|Relaxed||F|||50|]Scrafty||Scraftinite|Intimidate|CloseCombat,KnockOff,FakeOut,Protect|Adamant||F|||50|
|inactive|Battle timer is ON: inactive players will automatically lose when time's up. (requested by Scoseb)
|inactive|ChrisJHall13 has 60 seconds left.
|
|t:|1784655898
|teamsize|p1|4
|teamsize|p2|4
|start
|switch|p1a: Gholdengo|Gholdengo, L50|100/100
|switch|p1b: Staraptor|Staraptor, L50, M|100/100
|switch|p2a: Incineroar|Incineroar, L50, M|100/100
|switch|p2b: Ninetales|Ninetales-Alola, L50, F|100/100
|-weather|Snowscape|[from] ability: Snow Warning|[of] p2b: Ninetales
|-ability|p2a: Incineroar|Intimidate|boost
|-unboost|p1a: Gholdengo|atk|1
|-unboost|p1b: Staraptor|atk|1
|turn|1
|
|t:|1784655921
|move|p1b: Staraptor|Fake Tears|p2a: Incineroar
|-unboost|p2a: Incineroar|spd|2
|move|p2b: Ninetales|Blizzard|p1a: Gholdengo|[spread] p1a,p1b
|-resisted|p1a: Gholdengo|1
|-damage|p1a: Gholdengo|84/100
|-damage|p1b: Staraptor|34/100
|replace|p1b: Zoroark|Zoroark-Hisui, L50, F
|-end|p1b: Zoroark|Illusion
|move|p1a: Gholdengo|Power Gem|p2a: Incineroar
|-supereffective|p2a: Incineroar|1
|-damage|p2a: Incineroar|0 fnt
|faint|p2a: Incineroar
|-damage|p1a: Gholdengo|75/100|[from] item: Life Orb
|
|-weather|Snowscape|[upkeep]
|upkeep
|
|t:|1784655946
|switch|p2a: Gengar|Gengar, L50, F|100/100
|turn|2
|
|t:|1784655956
|detailschange|p2a: Gengar|Gengar-Mega, L50, F
|-mega|p2a: Gengar|Gengar|Gengarite
|move|p1a: Gholdengo|Protect|p1a: Gholdengo
|-singleturn|p1a: Gholdengo|Protect
|move|p2a: Gengar|Shadow Ball|p1a: Gholdengo
|-activate|p1a: Gholdengo|move: Protect
|move|p1b: Zoroark|Icy Wind|p2a: Gengar|[spread] p2a,p2b
|-resisted|p2b: Ninetales|1
|-damage|p2a: Gengar|85/100
|-damage|p2b: Ninetales|91/100
|-unboost|p2a: Gengar|spe|1
|-unboost|p2b: Ninetales|spe|1
|move|p2b: Ninetales|Blizzard|p1a: Gholdengo|[spread] p1b
|-activate|p1a: Gholdengo|move: Protect
|-damage|p1b: Zoroark|0 fnt
|faint|p1b: Zoroark
|
|-weather|Snowscape|[upkeep]
|upkeep
|
|t:|1784655973
|switch|p1b: Staraptor|Staraptor, L50, M|100/100
|turn|3
|
|t:|1784655991
|switch|p2a: Dragonite|Dragonite, L50, F|100/100
|detailschange|p1b: Staraptor|Staraptor-Mega, L50, M
|-mega|p1b: Staraptor|Staraptor|Staraptite
|move|p1b: Staraptor|Close Combat|p2b: Ninetales
|-damage|p2b: Ninetales|32/100
|-boost|p1b: Staraptor|def|1
|-boost|p1b: Staraptor|spd|1
|move|p1a: Gholdengo|Shadow Ball|p2a: Dragonite
|-damage|p2a: Dragonite|42/100
|-unboost|p2a: Dragonite|spd|1
|-damage|p1a: Gholdengo|65/100|[from] item: Life Orb
|move|p2b: Ninetales|Blizzard|p1a: Gholdengo|[spread] p1a,p1b
|-resisted|p1a: Gholdengo|1
|-crit|p1a: Gholdengo
|-supereffective|p1b: Staraptor|1
|-damage|p1a: Gholdengo|40/100
|-damage|p1b: Staraptor|56/100
|
|-weather|Snowscape|[upkeep]
|upkeep
|turn|4
|inactive|ChrisJHall13 has 30 seconds left.
|
|t:|1784656023
|move|p1b: Staraptor|Protect|p1b: Staraptor
|-singleturn|p1b: Staraptor|Protect
|move|p2a: Dragonite|Protect|p2a: Dragonite
|-singleturn|p2a: Dragonite|Protect
|move|p1a: Gholdengo|Make It Rain|p2b: Ninetales|[spread] p2b
|-activate|p2a: Dragonite|move: Protect
|-supereffective|p2b: Ninetales|2
|-damage|p2b: Ninetales|0 fnt
|-unboost|p1a: Gholdengo|spa|2
|faint|p2b: Ninetales
|-damage|p1a: Gholdengo|30/100|[from] item: Life Orb
|
|-weather|Snowscape|[upkeep]
|upkeep
|
|t:|1784656029
|switch|p2b: Gengar|Gengar-Mega, L50, F|85/100
|turn|5
|
|t:|1784656039
|switch|p1a: Whimsicott|Whimsicott, L50, F|100/100
|move|p2a: Dragonite|Extreme Speed|p1b: Staraptor
|-damage|p1b: Staraptor|32/100
|-damage|p2a: Dragonite|33/100|[from] item: Life Orb
|move|p2b: Gengar|Sludge Bomb|p1b: Staraptor
|-damage|p1b: Staraptor|0 fnt
|faint|p1b: Staraptor
|
|-weather|none
|upkeep
|
|t:|1784656049
|switch|p1b: Gholdengo|Gholdengo, L50|30/100
|turn|6
|
|t:|1784656055
|move|p2b: Gengar|Protect|p2b: Gengar
|-singleturn|p2b: Gengar|Protect
|move|p1a: Whimsicott|Tailwind|p1a: Whimsicott
|-sidestart|p1: Scoseb|move: Tailwind
|move|p1b: Gholdengo|Shadow Ball|p2b: Gengar
|-activate|p2b: Gengar|move: Protect
|move|p2a: Dragonite|Dragon Claw|p1b: Gholdengo
|-resisted|p1b: Gholdengo|1
|-damage|p1b: Gholdengo|4/100
|-damage|p2a: Dragonite|23/100|[from] item: Life Orb
|
|upkeep
|turn|7
|
|t:|1784656068
|move|p1b: Gholdengo|Protect|p1b: Gholdengo
|-singleturn|p1b: Gholdengo|Protect
|move|p2b: Gengar|Protect||[still]
|-fail|p2b: Gengar
|move|p1a: Whimsicott|Moonblast|p2a: Dragonite
|-supereffective|p2a: Dragonite|1
|-damage|p2a: Dragonite|0 fnt
|faint|p2a: Dragonite
|
|upkeep
|turn|8
|
|t:|1784656078
|move|p1a: Whimsicott|Encore|p2b: Gengar
|-start|p2b: Gengar|Encore
|move|p2b: Gengar|Protect|p2b: Gengar
|-singleturn|p2b: Gengar|Protect
|move|p1b: Gholdengo|Shadow Ball|p2b: Gengar
|-activate|p2b: Gengar|move: Protect
|
|upkeep
|turn|9
|-message|ChrisJHall13 forfeited.
|
|win|Scoseb
|l|☆ChrisJHall13
|player|p2|
||ChrisJHall13 is ready for game 3.
||Scoseb is ready for game 3.
|uhtml|next|Next: Game 3 of 3
