|j|☆Noyomi
|j|☆gio0314
|html|Noyomigio0314    
|uhtml|bestof|Game 1 of a best-of-3
|t:|1783992202
|gametype|doubles
|player|p1|Noyomi|pokemonrangerf|
|player|p2|gio0314|102|
|gen|9
|tier|[Gen 9 Champions] VGC 2026 Reg M-B (Bo3)
|rule|Species Clause: Limit one of each Pokémon
|rule|Item Clause: Limit 1 of each item
|clearpoke
|poke|p1|Charizard, L50, F|
|poke|p1|Garchomp, L50, M|
|poke|p1|Sneasler, L50, M|
|poke|p1|Venusaur, L50, F|
|poke|p1|Milotic, L50, M|
|poke|p1|Ampharos, L50, M|
|poke|p2|Lucario, L50, M|
|poke|p2|Sableye, L50, F|
|poke|p2|Lycanroc-Dusk, L50, M|
|poke|p2|Luxray, L50, F|
|poke|p2|Hydreigon, L50, M|
|poke|p2|Talonflame, L50, F|
|teampreview|4
|showteam|p1|Charizard||CharizarditeY|Blaze|HeatWave,SolarBeam,Protect,ScorchingSands|Timid||F|||50|]Garchomp||SitrusBerry|RoughSkin|Earthquake,DragonClaw,Protect,RockSlide|Adamant||M|||50|]Sneasler||WhiteHerb|Unburden|CloseCombat,DireClaw,FakeOut,Protect|Adamant||M|||50|]Venusaur||FocusSash|Chlorophyll|SleepPowder,SludgeBomb,Protect,GigaDrain|Timid||F|||50|]Milotic||Leftovers|Competitive|Scald,IcyWind,Protect,Recover|Calm||M|||50|]Ampharos||Ampharosite|Static|DragonPulse,ParabolicCharge,Protect,HelpingHand|Modest||M|||50|
|showteam|p2|Lucario||Lucarionite|Steadfast|BulletPunch,CloseCombat,Protect,ShadowBall|Hasty||M|||50|]Sableye||SitrusBerry|Prankster|WillOWisp,SuckerPunch,HelpingHand,LightScreen|Careful||F|||50|]Lycanroc-Dusk||LifeOrb|ToughClaws|Accelerock,CloseCombat,StoneEdge,SwordsDance|Jolly||M|||50|]Luxray||ChoiceScarf|Intimidate|Crunch,IceFang,VoltSwitch,WildCharge|Hasty||F|||50|]Hydreigon||FocusSash|Levitate|Taunt,DracoMeteor,DarkPulse,NastyPlot|Timid||M|||50|]Talonflame||Leftovers|GaleWings|BraveBird,Tailwind,FlareBlitz,Uturn|Jolly||F|||50|
|
|t:|1783992247
|teamsize|p1|4
|teamsize|p2|4
|start
|switch|p1a: Sssssss|Milotic, L50, M|100/100
|switch|p1b: Chi|Ampharos, L50, M|100/100
|switch|p2a: Sableye|Sableye, L50, F|100/100
|switch|p2b: Lycanroc|Lycanroc-Dusk, L50, M|100/100
|turn|1
|
|t:|1783992289
|switch|p2b: Lucario|Lucario, L50, M|100/100
|detailschange|p1b: Chi|Ampharos-Mega, L50, M
|-mega|p1b: Chi|Ampharos|Ampharosite
|-ability|p1b: Chi|Mold Breaker
|move|p2a: Sableye|Light Screen|p2a: Sableye
|-sidestart|p2: gio0314|move: Light Screen
|move|p1a: Sssssss|Scald|p2b: Lucario
|-damage|p2b: Lucario|66/100
|move|p1b: Chi|Dragon Pulse|p2b: Lucario
|-resisted|p2b: Lucario|1
|-damage|p2b: Lucario|35/100
|
|upkeep
|turn|2
|
|t:|1783992319
|detailschange|p2b: Lucario|Lucario-Mega, L50, M
|-mega|p2b: Lucario|Lucario|Lucarionite
|move|p2a: Sableye|Helping Hand|p2b: Lucario
|-singleturn|p2b: Lucario|Helping Hand|[of] p2a: Sableye
|move|p1b: Chi|Helping Hand|p1a: Sssssss
|-singleturn|p1a: Sssssss|Helping Hand|[of] p1b: Chi
|move|p2b: Lucario|Close Combat|p1b: Chi
|-damage|p1b: Chi|1/100
|-unboost|p2b: Lucario|def|1
|-unboost|p2b: Lucario|spd|1
|move|p1a: Sssssss|Scald|p2b: Lucario
|-damage|p2b: Lucario|0 fnt
|faint|p2b: Lucario
|
|upkeep
|
|t:|1783992333
|switch|p2b: Lycanroc|Lycanroc-Dusk, L50, M|100/100
|turn|3
|
|t:|1783992351
|move|p1b: Chi|Protect|p1b: Chi
|-singleturn|p1b: Chi|Protect
|move|p2b: Lycanroc|Accelerock|p1b: Chi
|-activate|p1b: Chi|move: Protect
|move|p2a: Sableye|Will-O-Wisp|p1a: Sssssss|[miss]
|-miss|p2a: Sableye|p1a: Sssssss
|move|p1a: Sssssss|Scald|p2b: Lycanroc
|-supereffective|p2b: Lycanroc|1
|-damage|p2b: Lycanroc|41/100
|-status|p2b: Lycanroc|brn
|
|-damage|p2b: Lycanroc|35/100 brn|[from] brn
|upkeep
|turn|4
|
|t:|1783992367
|move|p1a: Sssssss|Protect|p1a: Sssssss
|-singleturn|p1a: Sssssss|Protect
|move|p2b: Lycanroc|Accelerock|p1b: Chi
|-damage|p1b: Chi|0 fnt
|faint|p1b: Chi
|-damage|p2b: Lycanroc|25/100 brn|[from] item: Life Orb
|move|p2a: Sableye|Will-O-Wisp|p1a: Sssssss
|-activate|p1a: Sssssss|move: Protect
|
|-damage|p2b: Lycanroc|19/100 brn|[from] brn
|upkeep
|
|t:|1783992380
|switch|p1b: Uy temblaste|Garchomp, L50, M|100/100
|turn|5
|
|t:|1783992406
|move|p1b: Uy temblaste|Protect|p1b: Uy temblaste
|-singleturn|p1b: Uy temblaste|Protect
|move|p2a: Sableye|Will-O-Wisp|p1b: Uy temblaste
|-activate|p1b: Uy temblaste|move: Protect
|move|p2b: Lycanroc|Close Combat|p1a: Sssssss
|-damage|p1a: Sssssss|72/100
|-unboost|p2b: Lycanroc|def|1
|-unboost|p2b: Lycanroc|spd|1
|-damage|p2b: Lycanroc|9/100 brn|[from] item: Life Orb
|move|p1a: Sssssss|Scald|p2b: Lycanroc
|-supereffective|p2b: Lycanroc|1
|-damage|p2b: Lycanroc|0 fnt
|faint|p2b: Lycanroc
|
|-heal|p1a: Sssssss|78/100|[from] item: Leftovers
|-sideend|p2: gio0314|move: Light Screen
|upkeep
|
|t:|1783992421
|switch|p2b: Luxray|Luxray, L50, F|100/100
|-ability|p2b: Luxray|Intimidate|boost
|-unboost|p1a: Sssssss|atk|1
|-ability|p1a: Sssssss|Competitive|boost
|-boost|p1a: Sssssss|spa|2
|-unboost|p1b: Uy temblaste|atk|1
|turn|6
|
|t:|1783992432
|move|p1a: Sssssss|Protect|p1a: Sssssss
|-singleturn|p1a: Sssssss|Protect
|move|p2a: Sableye|Will-O-Wisp|p1b: Uy temblaste
|-status|p1b: Uy temblaste|brn
|move|p2b: Luxray|Wild Charge|p1a: Sssssss
|-activate|p1a: Sssssss|move: Protect
|move|p1b: Uy temblaste|Earthquake|p2b: Luxray|[spread] p2a,p2b
|-activate|p1a: Sssssss|move: Protect
|-supereffective|p2b: Luxray|1
|-damage|p2a: Sableye|83/100
|-damage|p2b: Luxray|55/100
|
|-heal|p1a: Sssssss|84/100|[from] item: Leftovers
|-damage|p1b: Uy temblaste|93/100 brn|[from] brn
|upkeep
|turn|7
|
|t:|1783992468
|move|p2a: Sableye|Helping Hand|p2b: Luxray
|-singleturn|p2b: Luxray|Helping Hand|[of] p2a: Sableye
|move|p2b: Luxray|Wild Charge|p1a: Sssssss
|-supereffective|p1a: Sssssss|1
|-damage|p1a: Sssssss|0 fnt
|faint|p1a: Sssssss
|-damage|p2b: Luxray|27/100|[from] Recoil
|move|p1b: Uy temblaste|Dragon Claw|p2b: Luxray
|-damage|p2b: Luxray|2/100
|
|-damage|p1b: Uy temblaste|87/100 brn|[from] brn
|upkeep
|
|t:|1783992479
|switch|p1a: ku-chau|Sneasler, L50, M|100/100
|turn|8
|
|t:|1783992530
|move|p1b: Uy temblaste|Protect|p1b: Uy temblaste
|-singleturn|p1b: Uy temblaste|Protect
|move|p1a: ku-chau|Fake Out|p2b: Luxray
|-damage|p2b: Luxray|0 fnt
|faint|p2b: Luxray
|move|p2a: Sableye|Will-O-Wisp|p1a: ku-chau
|-status|p1a: ku-chau|brn
|
|-damage|p1a: ku-chau|94/100 brn|[from] brn
|-damage|p1b: Uy temblaste|81/100 brn|[from] brn
|upkeep
|turn|9
|
|t:|1783992548
|move|p2a: Sableye|Sucker Punch|p1a: ku-chau
|-resisted|p1a: ku-chau|1
|-damage|p1a: ku-chau|76/100 brn
|move|p1a: ku-chau|Dire Claw|p2a: Sableye
|-resisted|p2a: Sableye|1
|-damage|p2a: Sableye|70/100
|move|p1b: Uy temblaste|Dragon Claw|p2a: Sableye
|-damage|p2a: Sableye|52/100
|
|-damage|p1a: ku-chau|70/100 brn|[from] brn
|-damage|p1b: Uy temblaste|75/100 brn|[from] brn
|upkeep
|turn|10
|
|t:|1783992562
|move|p1a: ku-chau|Protect|p1a: ku-chau
|-singleturn|p1a: ku-chau|Protect
|move|p2a: Sableye|Sucker Punch||[still]
|-fail|p2a: Sableye
|move|p1b: Uy temblaste|Earthquake|p2a: Sableye|[spread] p2a
|-activate|p1a: ku-chau|move: Protect
|-damage|p2a: Sableye|35/100
|-enditem|p2a: Sableye|Sitrus Berry|[eat]
|-heal|p2a: Sableye|60/100|[from] item: Sitrus Berry
|
|-damage|p1a: ku-chau|65/100 brn|[from] brn
|-damage|p1b: Uy temblaste|69/100 brn|[from] brn
|upkeep
|turn|11
|
|t:|1783992579
|move|p2a: Sableye|Sucker Punch|p1a: ku-chau
|-resisted|p1a: ku-chau|1
|-damage|p1a: ku-chau|47/100 brn
|move|p1a: ku-chau|Dire Claw|p2a: Sableye
|-resisted|p2a: Sableye|1
|-damage|p2a: Sableye|45/100
|move|p1b: Uy temblaste|Dragon Claw|p2a: Sableye
|-damage|p2a: Sableye|26/100
|
|-damage|p1a: ku-chau|41/100 brn|[from] brn
|-damage|p1b: Uy temblaste|63/100 brn|[from] brn
|upkeep
|turn|12
|
|t:|1783992596
|move|p2a: Sableye|Sucker Punch|p1b: Uy temblaste
|-damage|p1b: Uy temblaste|46/100 brn
|-damage|p2a: Sableye|14/100|[from] ability: Rough Skin|[of] p1b: Uy temblaste
|-enditem|p1b: Uy temblaste|Sitrus Berry|[eat]
|-heal|p1b: Uy temblaste|71/100 brn|[from] item: Sitrus Berry
|move|p1a: ku-chau|Dire Claw|p2a: Sableye
|-resisted|p2a: Sableye|1
|-damage|p2a: Sableye|0 fnt
|faint|p2a: Sableye
|
|win|Noyomi
|inactive|Noyomi has 30 seconds to confirm battle start!
|inactive|gio0314 has 30 seconds to confirm battle start!
||Noyomi is ready for game 2.
||gio0314 is ready for game 2.
|uhtml|next|Next: Game 2 of 3
