|j|☆Carlos Giraldez
|j|☆MannMars
|html|Carlos GiraldezMannMars    
|uhtml|bestof|Game 1 of a best-of-3
|t:|1756425021
|gametype|doubles
|player|p1|Carlos Giraldez|wattson|1197
|player|p2|MannMars|rocketgruntf|1092
|gen|9
|tier|[Gen 9] VGC 2025 Reg H (Bo3)
|rated|
|rule|Species Clause: Limit one of each Pokémon
|rule|Item Clause: Limit 1 of each item
|clearpoke
|poke|p1|Indeedee-F, L50, F|
|poke|p1|Hatterene, L50, F|
|poke|p1|Gallade, L50, M|
|poke|p1|Ursaluna, L50, M|
|poke|p1|Lilligant-Hisui, L50, F|
|poke|p1|Torkoal, L50, M|
|poke|p2|Tyranitar, L50, F|
|poke|p2|Indeedee, L50, M|
|poke|p2|Excadrill, L50, M|
|poke|p2|Sneasler, L50, F|
|poke|p2|Annihilape, L50, F|
|poke|p2|Sinistcha-Masterpiece, L50|
|teampreview|4
|showteam|p1|Indeedee-F||PsychicSeed|PsychicSurge|TrickRoom,FollowMe,HelpingHand,DazzlingGleam|||F|||50|,,,,,Fire]Hatterene||LifeOrb|MagicBounce|ExpandingForce,TrickRoom,DazzlingGleam,Protect|||F|||50|,,,,,Psychic]Gallade||ClearAmulet|Sharpness|PsychoCut,TrickRoom,SacredSword,WideGuard|||M|||50|,,,,,Grass]Ursaluna||FlameOrb|Guts|HeadlongRush,Facade,SwordsDance,Protect|||M|||50|,,,,,Ghost]Lilligant-Hisui||FocusSash|Chlorophyll|SolarBlade,SleepPowder,CloseCombat,AfterYou|||F|||50|,,,,,Ghost]Torkoal||ChoiceSpecs|Drought|Eruption,HeatWave,WeatherBall,EarthPower|||M|||50|,,,,,Fire
|showteam|p2|Tyranitar||AssaultVest|SandStream|TeraBlast,KnockOff,RockSlide,LowKick|||F|||50|,,,,,Flying]Indeedee||FocusSash|PsychicSurge|ExpandingForce,TeraBlast,TrickRoom,Imprison|||M|||50|,,,,,Fighting]Excadrill||ClearAmulet|SandRush|Earthquake,IronHead,HighHorsepower,Protect|||M|||50|,,,,,Dragon]Sneasler||PsychicSeed|Unburden|ThroatChop,CloseCombat,DireClaw,Protect|||F|||50|,,,,,Dark]Annihilape||SafetyGoggles|Defiant|FinalGambit,CloseCombat,RageFist,Protect|||F|||50|,,,,,Fire]Sinistcha-Masterpiece||SitrusBerry|Hospitality|RagePowder,MatchaGotcha,PsychUp,ShadowBall||||||50|,,,,,Water
|
|t:|1756425061
|teamsize|p1|4
|teamsize|p2|4
|start
|switch|p1a: Malecum Salam|Hatterene, L50, F, shiny|100/100
|switch|p1b: Salam Malecum|Indeedee-F, L50, F, shiny|100/100
|switch|p2a: Indeedee|Indeedee, L50, M|100/100
|switch|p2b: Sneasler|Sneasler, L50, F|100/100
|-fieldstart|move: Psychic Terrain|[from] ability: Psychic Surge|[of] p2a: Indeedee
|-enditem|p2b: Sneasler|Psychic Seed
|-boost|p2b: Sneasler|spd|1|[from] item: Psychic Seed
|-enditem|p1b: Salam Malecum|Psychic Seed
|-boost|p1b: Salam Malecum|spd|1|[from] item: Psychic Seed
|turn|1
|
|t:|1756425088
|move|p1b: Salam Malecum|Follow Me|p1b: Salam Malecum
|-singleturn|p1b: Salam Malecum|move: Follow Me
|move|p2b: Sneasler|Throat Chop|p1b: Salam Malecum
|-supereffective|p1b: Salam Malecum
|-damage|p1b: Salam Malecum|45/100
|-start|p1b: Salam Malecum|Throat Chop|[silent]
|move|p2a: Indeedee|Imprison|p2a: Indeedee
|-start|p2a: Indeedee|move: Imprison
|cant|p1a: Malecum Salam|move: Imprison|Trick Room
|
|upkeep
|turn|2
|
|t:|1756425106
|move|p1b: Salam Malecum|Follow Me|p1b: Salam Malecum
|-singleturn|p1b: Salam Malecum|move: Follow Me
|move|p2b: Sneasler|Throat Chop|p1b: Salam Malecum
|-supereffective|p1b: Salam Malecum
|-damage|p1b: Salam Malecum|0 fnt
|faint|p1b: Salam Malecum
|move|p2a: Indeedee|Tera Blast|p1a: Malecum Salam
|-damage|p1a: Malecum Salam|62/100
|move|p1a: Malecum Salam|Dazzling Gleam|p2a: Indeedee|[spread] p2a,p2b
|-damage|p2a: Indeedee|31/100
|-damage|p2b: Sneasler|61/100
|-damage|p1a: Malecum Salam|53/100|[from] item: Life Orb
|
|upkeep
|
|t:|1756425111
|switch|p1b: TIKKA MASALA|Ursaluna, L50, M, shiny|100/100
|turn|3
|
|t:|1756425143
|-terastallize|p1b: TIKKA MASALA|Ghost
|move|p2b: Sneasler|Protect|p2b: Sneasler
|-singleturn|p2b: Sneasler|Protect
|move|p2a: Indeedee|Expanding Force|p1b: TIKKA MASALA|[spread] p1a,p1b
|-resisted|p1a: Malecum Salam
|-damage|p1a: Malecum Salam|24/100
|-damage|p1b: TIKKA MASALA|54/100
|move|p1b: TIKKA MASALA|Facade|p2b: Sneasler
|-activate|p2b: Sneasler|move: Protect
|move|p1a: Malecum Salam|Dazzling Gleam|p2a: Indeedee|[spread] p2a
|-activate|p2b: Sneasler|move: Protect
|-damage|p2a: Indeedee|0 fnt
|faint|p2a: Indeedee
|-damage|p1a: Malecum Salam|15/100|[from] item: Life Orb
|
|-status|p1b: TIKKA MASALA|brn|[from] item: Flame Orb
|upkeep
|
|t:|1756425163
|switch|p2a: Excadrill|Excadrill, L50, M|100/100
|turn|4
|
|t:|1756425200
|move|p2b: Sneasler|Throat Chop|p1b: TIKKA MASALA
|-supereffective|p1b: TIKKA MASALA
|-damage|p1b: TIKKA MASALA|10/100 brn
|-start|p1b: TIKKA MASALA|Throat Chop|[silent]
|move|p2a: Excadrill|High Horsepower|p1a: Malecum Salam
|-damage|p1a: Malecum Salam|0 fnt
|faint|p1a: Malecum Salam
|move|p1b: TIKKA MASALA|Headlong Rush|p2a: Excadrill
|-supereffective|p2a: Excadrill
|-damage|p2a: Excadrill|0 fnt
|-unboost|p1b: TIKKA MASALA|def|1
|-unboost|p1b: TIKKA MASALA|spd|1
|faint|p2a: Excadrill
|
|-damage|p1b: TIKKA MASALA|4/100 brn|[from] brn
|upkeep
|
|t:|1756425214
|switch|p2a: Tyranitar|Tyranitar, L50, F|100/100
|switch|p1a: Smokye|Torkoal, L50, M, shiny|100/100
|-weather|Sandstorm|[from] ability: Sand Stream|[of] p2a: Tyranitar
|-weather|SunnyDay|[from] ability: Drought|[of] p1a: Smokye
|turn|5
|
|t:|1756425238
|move|p2b: Sneasler|Protect|p2b: Sneasler
|-singleturn|p2b: Sneasler|Protect
|move|p2a: Tyranitar|Rock Slide|p1b: TIKKA MASALA|[spread] p1a,p1b
|-supereffective|p1a: Smokye
|-damage|p1a: Smokye|53/100
|-damage|p1b: TIKKA MASALA|0 fnt
|faint|p1b: TIKKA MASALA
|cant|p1a: Smokye|flinch
|
|-weather|SunnyDay|[upkeep]
|-fieldend|move: Psychic Terrain
|upkeep
|turn|6
|
|t:|1756425253
|move|p2b: Sneasler|Dire Claw|p1a: Smokye
|-damage|p1a: Smokye|19/100
|-status|p1a: Smokye|par
|move|p2a: Tyranitar|Rock Slide|p1a: Smokye
|-supereffective|p1a: Smokye
|-damage|p1a: Smokye|0 fnt
|faint|p1a: Smokye
|
|win|MannMars
||MannMars is ready for game 2.
|inactive|Carlos Giraldez has 30 seconds to confirm battle start!
||Carlos Giraldez is ready for game 2.
|uhtml|next|Next: Game 2 of 3
