|j|☆Jakobtc
|j|☆svendeer
|html|Jakobtcsvendeer    
|uhtml|bestof|Game 1 of a best-of-3
|t:|1756571353
|gametype|doubles
|player|p1|Jakobtc|riley|1070
|player|p2|svendeer|1|1050
|gen|9
|tier|[Gen 9] VGC 2025 Reg H (Bo3)
|rated|
|rule|Species Clause: Limit one of each Pokémon
|rule|Item Clause: Limit 1 of each item
|clearpoke
|poke|p1|Glimmora, L50, M|
|poke|p1|Whimsicott, L50, M|
|poke|p1|Incineroar, L50, F|
|poke|p1|Ursaluna-Bloodmoon, L50, M|
|poke|p1|Espathra, L50, M|
|poke|p1|Dragapult, L50, F|
|poke|p2|Archaludon, L50, M|
|poke|p2|Dragonite, L50, F|
|poke|p2|Pelipper, L50, M|
|poke|p2|Ursaluna, L50, F|
|poke|p2|Sinistcha, L50|
|poke|p2|Gholdengo, L50|
|teampreview|4
|showteam|p1|Glimmora||PowerHerb|ToxicDebris|MeteorBeam,SludgeBomb,EarthPower,SpikyShield|||M|||50|,,,,,Grass]Whimsicott||CovertCloak|Prankster|Moonblast,Tailwind,MistyTerrain,Encore|||M|||50|,,,,,Water]Incineroar||SafetyGoggles|Intimidate|FakeOut,FlareBlitz,KnockOff,PartingShot|||F|||50|,,,,,Ghost]Ursaluna-Bloodmoon||AssaultVest|MindsEye|BloodMoon,HyperVoice,EarthPower,VacuumWave|||M|||50|,,,,,Water]Espathra||FocusSash|SpeedBoost|LuminaCrash,TeraBlast,Hypnosis,Protect|||M|||50|,,,,,Fighting]Dragapult||ChoiceBand|ClearBody|DragonDarts,Outrage,PhantomForce,Uturn|||F|||50|,,,,,Dragon
|showteam|p2|Archaludon||AssaultVest|Stamina|FlashCannon,BodyPress,ElectroShot,DracoMeteor|||M|||50|,,,,,Fighting]Dragonite||LoadedDice|Multiscale|ScaleShot,Tailwind,Haze,Protect|||F|||50|,,,,,Fairy]Pelipper||FocusSash|Drizzle|MuddyWater,Hurricane,Tailwind,Protect|||M|||50|,,,,,Ghost]Ursaluna||FlameOrb|Guts|Facade,HeadlongRush,Earthquake,Protect|||F|||50|,,,,,Ghost]Sinistcha||SitrusBerry|Hospitality|MatchaGotcha,LifeDew,RagePowder,TrickRoom||||||50|,,,,,Dark]Gholdengo||Leftovers|GoodasGold|Protect,NastyPlot,MakeItRain,ShadowBall||||||50|,,,,,Fairy
|c|☆Jakobtc|glhf
|j| pjdm
|c|☆svendeer|glhf
|
|t:|1756571398
|teamsize|p1|4
|teamsize|p2|4
|start
|switch|p1a: Espathra|Espathra, L50, M|100/100
|switch|p1b: Glimmora|Glimmora, L50, M|100/100
|switch|p2a: Dragonite|Dragonite, L50, F|100/100
|switch|p2b: Gholdengo|Gholdengo, L50|100/100
|turn|1
|
|t:|1756571440
|move|p1a: Espathra|Lumina Crash|p2a: Dragonite
|-damage|p2a: Dragonite|84/100
|-unboost|p2a: Dragonite|spd|2
|move|p1b: Glimmora|Meteor Beam||[still]
|-prepare|p1b: Glimmora|Meteor Beam
|-boost|p1b: Glimmora|spa|1
|-enditem|p1b: Glimmora|Power Herb
|-anim|p1b: Glimmora|Meteor Beam|p2a: Dragonite
|-supereffective|p2a: Dragonite
|-damage|p2a: Dragonite|0 fnt
|faint|p2a: Dragonite
|move|p2b: Gholdengo|Nasty Plot|p2b: Gholdengo
|-boost|p2b: Gholdengo|spa|2
|
|-ability|p1a: Espathra|Speed Boost|boost
|-boost|p1a: Espathra|spe|1
|upkeep
|
|t:|1756571451
|switch|p2a: Sinistcha|Sinistcha, L50|100/100
|turn|2
|
|t:|1756571471
|-terastallize|p1b: Glimmora|Grass
|move|p1a: Espathra|Lumina Crash|p2a: Sinistcha
|-damage|p2a: Sinistcha|68/100
|-unboost|p2a: Sinistcha|spd|2
|move|p1b: Glimmora|Earth Power|p2b: Gholdengo
|-supereffective|p2b: Gholdengo
|-damage|p2b: Gholdengo|17/100
|move|p2b: Gholdengo|Make It Rain|p1a: Espathra|[spread] p1a,p1b
|-enditem|p1a: Espathra|Focus Sash
|-damage|p1a: Espathra|1/100
|-damage|p1b: Glimmora|0 fnt
|-unboost|p2b: Gholdengo|spa|1
|faint|p1b: Glimmora
|move|p2a: Sinistcha|Trick Room|p2a: Sinistcha
|-fieldstart|move: Trick Room|[of] p2a: Sinistcha
|
|-heal|p2b: Gholdengo|23/100|[from] item: Leftovers
|-ability|p1a: Espathra|Speed Boost|boost
|-boost|p1a: Espathra|spe|1
|upkeep
|
|t:|1756571489
|switch|p1b: Ursaluna|Ursaluna-Bloodmoon, L50, M|100/100
|turn|3
|l| pjdm
|
|t:|1756571505
|switch|p2a: Ursaluna|Ursaluna, L50, F|100/100
|switch|p1a: Whimsicott|Whimsicott, L50, M|100/100
|move|p1b: Ursaluna|Hyper Voice|p2a: Ursaluna|[spread] p2a,p2b
|-resisted|p2b: Gholdengo
|-damage|p2a: Ursaluna|64/100
|-damage|p2b: Gholdengo|5/100
|move|p2b: Gholdengo|Make It Rain|p1a: Whimsicott|[spread] p1a,p1b
|-supereffective|p1a: Whimsicott
|-damage|p1a: Whimsicott|0 fnt
|-damage|p1b: Ursaluna|45/100
|-unboost|p2b: Gholdengo|spa|1
|faint|p1a: Whimsicott
|
|-heal|p2b: Gholdengo|11/100|[from] item: Leftovers
|-status|p2a: Ursaluna|brn|[from] item: Flame Orb
|upkeep
|
|t:|1756571521
|switch|p1a: Espathra|Espathra, L50, M|1/100
|turn|4
|j| Trestkon
|
|t:|1756571527
|move|p2a: Ursaluna|Protect|p2a: Ursaluna
|-singleturn|p2a: Ursaluna|Protect
|move|p1a: Espathra|Protect|p1a: Espathra
|-singleturn|p1a: Espathra|Protect
|move|p1b: Ursaluna|Vacuum Wave|p2a: Ursaluna
|-activate|p2a: Ursaluna|move: Protect
|move|p2b: Gholdengo|Make It Rain|p1b: Ursaluna|[spread] p1b
|-activate|p1a: Espathra|move: Protect
|-damage|p1b: Ursaluna|7/100
|-unboost|p2b: Gholdengo|spa|1
|
|-heal|p2b: Gholdengo|17/100|[from] item: Leftovers
|-damage|p2a: Ursaluna|58/100 brn|[from] brn
|-ability|p1a: Espathra|Speed Boost|boost
|-boost|p1a: Espathra|spe|1
|upkeep
|turn|5
|
|t:|1756571548
|switch|p2b: Sinistcha|Sinistcha, L50|68/100
|-heal|p2a: Ursaluna|83/100 brn|[from] ability: Hospitality|[of] p2b: Sinistcha
|-terastallize|p2a: Ursaluna|Ghost
|move|p1b: Ursaluna|Vacuum Wave|p2b: Sinistcha
|-damage|p2b: Sinistcha|52/100
|move|p2a: Ursaluna|Earthquake|p1b: Ursaluna|[spread] p2b,p1a,p1b
|-resisted|p2b: Sinistcha
|-damage|p2b: Sinistcha|26/100
|-damage|p1a: Espathra|0 fnt
|-damage|p1b: Ursaluna|0 fnt
|-enditem|p2b: Sinistcha|Sitrus Berry|[eat]
|-heal|p2b: Sinistcha|50/100|[from] item: Sitrus Berry
|faint|p1a: Espathra
|faint|p1b: Ursaluna
|
|win|svendeer
|inactive|Jakobtc has 30 seconds to confirm battle start!
|inactive|svendeer has 30 seconds to confirm battle start!
