|j|☆dr. shio
|j|☆k1ngm3
|html|dr. shiok1ngm3    
|uhtml|bestof|Game 3 of a best-of-3
|t:|1783738089
|gametype|doubles
|player|p1|dr. shio|265|1040
|player|p2|k1ngm3|dragontamer|1062
|gen|9
|tier|[Gen 9 Champions] VGC 2026 Reg M-B (Bo3)
|rated|
|rule|Species Clause: Limit one of each Pokémon
|rule|Item Clause: Limit 1 of each item
|clearpoke
|poke|p1|Aggron, L50, M, shiny|
|poke|p1|Slowking, L50, F, shiny|
|poke|p1|Sinistcha, L50|
|poke|p1|Toxapex, L50, M, shiny|
|poke|p1|Charizard, L50, M, shiny|
|poke|p1|Weavile, L50, F, shiny|
|poke|p2|Mr. Rime, L50, F|
|poke|p2|Tyranitar, L50, M|
|poke|p2|Kingambit, L50, F|
|poke|p2|Sinistcha-Masterpiece, L50|
|poke|p2|Dragalge, L50, M|
|poke|p2|Blaziken, L50, F|
|teampreview|4
|showteam|p1|Aggron||Aggronite|Sturdy|Protect,BodyPress,HeavySlam,IronDefense|Careful||M|||50|]Slowking||RindoBerry|Regenerator|Protect,ChillyReception,TrickRoom,PowerGem|Calm||F|||50|]Sinistcha||KasibBerry|Hospitality|MatchaGotcha,Protect,StrengthSap,RagePowder|Calm|||||50|]Toxapex||Leftovers|Regenerator|BanefulBunker,Infestation,Toxic,WideGuard|Calm||M|||50|]Charizard||CharizarditeX|Blaze|DragonDance,Protect,DragonClaw,FlareBlitz|Adamant||M|||50|]Weavile||FocusSash|Pickpocket|KnockOff,FakeOut,LowKick,TripleAxel|Jolly||F|||50|
|showteam|p2|Mr. Rime||ChoiceScarf|ScreenCleaner|FakeOut,Psychic,FreezeDry,IcyWind|Hasty||F|||50|]Tyranitar||Tyranitarite|SandStream|RockSlide,StealthRock,KnockOff,EarthPower|Brave||M|||50|]Kingambit||BlackGlasses|Defiant|SuckerPunch,KowtowCleave,LowKick,Protect|Adamant||F|||50|]Sinistcha-Masterpiece||Leftovers|Hospitality|RagePowder,TrickRoom,MatchaGotcha,Curse|Relaxed|||||50|]Dragalge||Dragalgite|PoisonPoint|DracoMeteor,SludgeWave,Thunderbolt,Toxic|Modest||M|||50|]Blaziken||Blazikenite|SpeedBoost|BatonPass,Detect,CloseCombat,FlareBlitz|Adamant||F|||50|
|inactive|Battle timer is ON: inactive players will automatically lose when time's up. (requested by k1ngm3)
|
|t:|1783738135
|teamsize|p1|4
|teamsize|p2|4
|start
|switch|p1a: Toxapex|Toxapex, L50, M, shiny|100/100
|switch|p1b: Weavile|Weavile, L50, F, shiny|100/100
|switch|p2a: Dragalge|Dragalge, L50, M|100/100
|switch|p2b: Kingambit|Kingambit, L50, F|100/100
|turn|1
|inactive|k1ngm3 has 30 seconds left.
|inactive|dr. shio has 30 seconds left.
|inactive|dr. shio has 20 seconds left.
|
|t:|1783738180
|switch|p2a: Blaziken|Blaziken, L50, F|100/100
|move|p1a: Toxapex|Baneful Bunker|p1a: Toxapex
|-singleturn|p1a: Toxapex|move: Protect
|move|p1b: Weavile|Low Kick|p2b: Kingambit
|-supereffective|p2b: Kingambit|2
|-damage|p2b: Kingambit|0 fnt
|faint|p2b: Kingambit
|
|upkeep
|
|t:|1783738189
|switch|p2b: Tyranitar|Tyranitar, L50, M|100/100
|-weather|Sandstorm|[from] ability: Sand Stream|[of] p2b: Tyranitar
|turn|2
|
|t:|1783738209
|switch|p2b: Dragalge|Dragalge, L50, M|100/100
|move|p1b: Weavile|Triple Axel|p2b: Dragalge
|-supereffective|p2b: Dragalge|1
|-damage|p2b: Dragalge|77/100
|-status|p1b: Weavile|psn|[from] ability: Poison Point|[of] p2b: Dragalge
|-supereffective|p2b: Dragalge|1
|-damage|p2b: Dragalge|34/100
|-supereffective|p2b: Dragalge|1
|-crit|p2b: Dragalge
|-damage|p2b: Dragalge|0 fnt
|faint|p2b: Dragalge
|-hitcount|p2: Dragalge|3
|move|p2a: Blaziken|Close Combat|p1b: Weavile
|-supereffective|p1b: Weavile|2
|-enditem|p1b: Weavile|Focus Sash
|-damage|p1b: Weavile|1/100 psn
|-unboost|p2a: Blaziken|def|1
|-unboost|p2a: Blaziken|spd|1
|move|p1a: Toxapex|Infestation|p2a: Blaziken
|-resisted|p2a: Blaziken|2
|-damage|p2a: Blaziken|98/100
|-activate|p2a: Blaziken|move: Infestation|[of] p1a: Toxapex
|
|-weather|Sandstorm|[upkeep]
|-damage|p1b: Weavile|0 fnt|[from] Sandstorm
|-damage|p2a: Blaziken|92/100|[from] Sandstorm
|-damage|p1a: Toxapex|94/100|[from] Sandstorm
|faint|p1b: Weavile
|-heal|p1a: Toxapex|100/100|[from] item: Leftovers
|-damage|p2a: Blaziken|80/100|[from] move: Infestation|[partiallytrapped]
|-ability|p2a: Blaziken|Speed Boost|boost
|-boost|p2a: Blaziken|spe|1
|upkeep
|inactive|dr. shio has 30 seconds left.
|inactive|k1ngm3 has 30 seconds left.
|inactive|dr. shio has 20 seconds left.
|
|t:|1783738245
|switch|p1b: Charizard|Charizard, L50, M, shiny|100/100
|switch|p2b: Tyranitar|Tyranitar, L50, M|100/100
|turn|3
|inactive|k1ngm3 has 30 seconds left.
|inactive|k1ngm3 has 20 seconds left.
|inactive|k1ngm3 has 15 seconds left.
|inactive|k1ngm3 has 10 seconds left.
|inactive|k1ngm3 has 5 seconds left.
|
|t:|1783738300
|detailschange|p1b: Charizard|Charizard-Mega-X, L50, M, shiny
|-mega|p1b: Charizard|Charizard|Charizardite X
|move|p1a: Toxapex|Wide Guard|p1a: Toxapex
|-singleturn|p1a: Toxapex|Wide Guard
|move|p2a: Blaziken|Baton Pass||[still]
|-fail|p2a: Blaziken
|move|p1b: Charizard|Dragon Claw|p2a: Blaziken
|-damage|p2a: Blaziken|0 fnt
|faint|p2a: Blaziken
|move|p2b: Tyranitar|Rock Slide|p1a: Toxapex|[spread] 
|-activate|p1a: Toxapex|move: Wide Guard
|-activate|p1b: Charizard|move: Wide Guard
|
|-weather|Sandstorm|[upkeep]
|-damage|p1b: Charizard|94/100|[from] Sandstorm
|-damage|p1a: Toxapex|94/100|[from] Sandstorm
|-heal|p1a: Toxapex|100/100|[from] item: Leftovers
|upkeep
|turn|4
|c|☆k1ngm3|clicked the wrong move lol
|c|☆dr. shio|oof
|inactive|dr. shio has 30 seconds left.
|
|t:|1783738333
|detailschange|p2b: Tyranitar|Tyranitar-Mega, L50, M
|-mega|p2b: Tyranitar|Tyranitar|Tyranitarite
|move|p1b: Charizard|Protect|p1b: Charizard
|-singleturn|p1b: Charizard|Protect
|move|p2b: Tyranitar|Knock Off|p1b: Charizard
|-activate|p1b: Charizard|move: Protect
|move|p1a: Toxapex|Toxic|p2b: Tyranitar
|-status|p2b: Tyranitar|tox
|
|-weather|Sandstorm|[upkeep]
|-damage|p1b: Charizard|88/100|[from] Sandstorm
|-damage|p1a: Toxapex|94/100|[from] Sandstorm
|-heal|p1a: Toxapex|100/100|[from] item: Leftovers
|-damage|p2b: Tyranitar|94/100 tox|[from] psn
|upkeep
|turn|5
|
|t:|1783738348
|move|p1b: Charizard|Dragon Claw|p2b: Tyranitar
|-damage|p2b: Tyranitar|63/100 tox
|move|p2b: Tyranitar|Rock Slide|p1b: Charizard|[spread] p1a,p1b
|-supereffective|p1b: Charizard|1
|-damage|p1a: Toxapex|70/100
|-damage|p1b: Charizard|26/100
|move|p1a: Toxapex|Infestation|p2b: Tyranitar
|-supereffective|p2b: Tyranitar|1
|-damage|p2b: Tyranitar|59/100 tox
|-activate|p2b: Tyranitar|move: Infestation|[of] p1a: Toxapex
|
|-weather|Sandstorm|[upkeep]
|-damage|p1b: Charizard|20/100y|[from] Sandstorm
|-damage|p1a: Toxapex|64/100|[from] Sandstorm
|-heal|p1a: Toxapex|70/100|[from] item: Leftovers
|-damage|p2b: Tyranitar|48/100 tox|[from] psn
|-damage|p2b: Tyranitar|36/100 tox|[from] move: Infestation|[partiallytrapped]
|upkeep
|turn|6
|
|t:|1783738365
|move|p1a: Toxapex|Baneful Bunker|p1a: Toxapex
|-singleturn|p1a: Toxapex|move: Protect
|move|p1b: Charizard|Flare Blitz|p2b: Tyranitar
|-resisted|p2b: Tyranitar|1
|-damage|p2b: Tyranitar|13/100 tox
|-damage|p1b: Charizard|11/100|[from] Recoil
|move|p2b: Tyranitar|Knock Off|p1b: Charizard
|-damage|p1b: Charizard|0 fnt
|faint|p1b: Charizard
|
|-weather|none
|-heal|p1a: Toxapex|76/100|[from] item: Leftovers
|-damage|p2b: Tyranitar|0 fnt|[from] psn
|faint|p2b: Tyranitar
|
|win|dr. shio
|raw|dr. shio's rating: 1040 → 1076(+36 for winning)
|raw|k1ngm3's rating: 1062 → 1041(-21 for losing)
|c|☆dr. shio|gg
|c|☆dr. shio|cool team ngl
|c|☆k1ngm3|gg
|c|☆k1ngm3|same
|c|☆dr. shio|wish you luck in future battles
