|j|☆greatox17
|j|☆revitup23
|html|greatox17revitup23    
|uhtml|bestof|Game 2 of a best-of-3
|t:|1784255739
|gametype|doubles
|player|p1|greatox17|265|
|player|p2|revitup23|2|
|gen|9
|tier|[Gen 9 Champions] VGC 2026 Reg M-B (Bo3)
|rule|Species Clause: Limit one of each Pokémon
|rule|Item Clause: Limit 1 of each item
|clearpoke
|poke|p1|Crabominable, L50, M|
|poke|p1|Vanilluxe, L50, F|
|poke|p1|Tsareena, L50, F|
|poke|p1|Rotom-Heat, L50|
|poke|p1|Sableye, L50, F|
|poke|p1|Swampert, L50, M|
|poke|p2|Aegislash, L50, F, shiny|
|poke|p2|Lopunny, L50, M, shiny|
|poke|p2|Swampert, L50, M, shiny|
|poke|p2|Garganacl, L50, M, shiny|
|poke|p2|Kingambit, L50, M, shiny|
|poke|p2|Pelipper, L50, F, shiny|
|teampreview|4
|showteam|p1|Crabominable||Crabominite|AngerPoint|MachPunch,DrainPunch,IcePunch,Protect|Adamant||M|||50|]Vanilluxe||ChopleBerry|SnowWarning|FrostBreath,Blizzard,AuroraVeil,Protect|Calm||F|||50|]Tsareena||LifeOrb|QueenlyMajesty|LowKick,KnockOff,TropKick,Protect|Adamant||F|||50|]Rotom-Heat||ChoiceScarf|Levitate|Overheat,Discharge,VoltSwitch,WillOWisp|Modest|||||50|]Sableye||FocusSash|Prankster|RainDance,Encore,Reflect,Protect|Bold||F|||50|]Swampert||Swampertite|Torrent|WaveCrash,HighHorsepower,IcePunch,Protect|Adamant||M|||50|
|showteam|p2|Aegislash||Leftovers|StanceChange|KingsShield,ShadowBall,FlashCannon,SacredSword|Quiet||F|||50|]Lopunny||Lopunnite|Limber|FakeOut,CloseCombat,Facade,Uturn|Jolly||M|||50|]Swampert||MysticWater|Torrent|Liquidation,Earthquake,IcePunch,StealthRock|Adamant||M|||50|]Garganacl||LifeOrb|PurifyingSalt|SaltCure,Recover,Protect,BodyPress|Relaxed||M|||50|]Kingambit||LumBerry|SupremeOverlord|KowtowCleave,IronHead,SuckerPunch,SwordsDance|Adamant||M|||50|]Pelipper||DampRock|Drizzle|WeatherBall,Uturn,Roost,Hurricane|Bold||F|||50|
|j| sinduhquil
|j| thefozguy
|
|t:|1784255771
|teamsize|p1|4
|teamsize|p2|4
|start
|switch|p1a: Vanilluxe|Vanilluxe, L50, F|100/100
|switch|p1b: Rotom|Rotom-Heat, L50|100/100
|switch|p2a: Pelipper|Pelipper, L50, F, shiny|100/100
|switch|p2b: Garganacl|Garganacl, L50, M, shiny|100/100
|-weather|Snowscape|[from] ability: Snow Warning|[of] p1a: Vanilluxe
|-weather|RainDance|[from] ability: Drizzle|[of] p2a: Pelipper
|turn|1
|
|t:|1784255792
|switch|p1a: Tsareena|Tsareena, L50, F|100/100
|move|p2b: Garganacl|Protect|p2b: Garganacl
|-singleturn|p2b: Garganacl|Protect
|move|p1b: Rotom|Volt Switch|p2a: Pelipper
|-supereffective|p2a: Pelipper|2
|-damage|p2a: Pelipper|0 fnt
|faint|p2a: Pelipper
|
|t:|1784255800
|switch|p1b: Vanilluxe|Vanilluxe, L50, F|100/100|[from] Volt Switch
|-weather|Snowscape|[from] ability: Snow Warning|[of] p1b: Vanilluxe
|
|-weather|Snowscape|[upkeep]
|upkeep
|
|t:|1784255807
|switch|p2a: Lopunny|Lopunny, L50, M, shiny|100/100
|turn|2
|
|t:|1784255841
|detailschange|p2a: Lopunny|Lopunny-Mega, L50, M, shiny
|-mega|p2a: Lopunny|Lopunny|Lopunnite
|move|p1b: Vanilluxe|Protect|p1b: Vanilluxe
|-singleturn|p1b: Vanilluxe|Protect
|move|p1a: Tsareena|Protect|p1a: Tsareena
|-singleturn|p1a: Tsareena|Protect
|move|p2a: Lopunny|Close Combat|p1b: Vanilluxe
|-activate|p1b: Vanilluxe|move: Protect
|move|p2b: Garganacl|Body Press|p1a: Tsareena
|-activate|p1a: Tsareena|move: Protect
|
|-weather|Snowscape|[upkeep]
|upkeep
|turn|3
|
|t:|1784255861
|move|p2b: Garganacl|Protect|p2b: Garganacl
|-singleturn|p2b: Garganacl|Protect
|move|p2a: Lopunny|Close Combat|p1b: Vanilluxe
|-supereffective|p1b: Vanilluxe|1
|-enditem|p1b: Vanilluxe|Chople Berry|[eat]
|-enditem|p1b: Vanilluxe|Chople Berry|[weaken]
|-damage|p1b: Vanilluxe|59/100
|-unboost|p2a: Lopunny|def|1
|-unboost|p2a: Lopunny|spd|1
|move|p1b: Vanilluxe|Aurora Veil|p1b: Vanilluxe
|-sidestart|p1: greatox17|move: Aurora Veil
|move|p1a: Tsareena|Trop Kick|p2a: Lopunny
|-crit|p2a: Lopunny
|-damage|p2a: Lopunny|0 fnt
|faint|p2a: Lopunny
|-damage|p1a: Tsareena|90/100|[from] item: Life Orb
|
|-weather|Snowscape|[upkeep]
|upkeep
|
|t:|1784255877
|switch|p2a: Kingambit|Kingambit, L50, M, shiny|100/100
|-activate|p2a: Kingambit|ability: Supreme Overlord
|-start|p2a: Kingambit|fallen2|[silent]
|turn|4
|c| thefozguy|the crit
|
|t:|1784255912
|move|p1b: Vanilluxe|Blizzard|p2a: Kingambit|[spread] p2a,p2b
|-resisted|p2a: Kingambit|1
|-damage|p2a: Kingambit|83/100
|-damage|p2b: Garganacl|71/100
|-status|p2a: Kingambit|frz
|-enditem|p2a: Kingambit|Lum Berry|[eat]
|-curestatus|p2a: Kingambit|frz|[msg]
|move|p1a: Tsareena|Low Kick|p2a: Kingambit
|-supereffective|p2a: Kingambit|2
|-damage|p2a: Kingambit|0 fnt
|faint|p2a: Kingambit
|-end|p2a: Kingambit|fallen2|[silent]
|-damage|p1a: Tsareena|81/100|[from] item: Life Orb
|move|p2b: Garganacl|Body Press|p1a: Tsareena
|-damage|p1a: Tsareena|58/100
|-damage|p2b: Garganacl|61/100|[from] item: Life Orb
|
|-weather|Snowscape|[upkeep]
|upkeep
|turn|5
|c|☆greatox17|ggs
|
|t:|1784255940
|move|p1b: Vanilluxe|Frost Breath|p2b: Garganacl
|-crit|p2b: Garganacl
|-damage|p2b: Garganacl|32/100
|move|p1a: Tsareena|Low Kick|p2b: Garganacl
|-supereffective|p2b: Garganacl|1
|-damage|p2b: Garganacl|0 fnt
|faint|p2b: Garganacl
|-damage|p1a: Tsareena|48/100|[from] item: Life Orb
|
|win|greatox17
|l| sinduhquil
|l|☆revitup23
|player|p2|
