|j|☆MrGreen3432
|j|☆hbernabe
|html|MrGreen3432hbernabe    
|uhtml|bestof|Game 1 of a best-of-3
|t:|1757832322
|gametype|doubles
|player|p1|MrGreen3432|101|1202
|player|p2|hbernabe|ethan|1038
|gen|9
|tier|[Gen 9] VGC 2025 Reg H (Bo3)
|rated|
|rule|Species Clause: Limit one of each Pokémon
|rule|Item Clause: Limit 1 of each item
|clearpoke
|poke|p1|Garchomp, L50, F|
|poke|p1|Sneasler, L50, M|
|poke|p1|Misdreavus, L50, M|
|poke|p1|Gothitelle, L50, M|
|poke|p1|Amoonguss, L50, F|
|poke|p1|Incineroar, L50, M|
|poke|p2|Archaludon, L50, M|
|poke|p2|Basculegion, L50, M|
|poke|p2|Pelipper, L50, F|
|poke|p2|Amoonguss, L50, F|
|poke|p2|Incineroar, L50, M|
|poke|p2|Maushold, L50|
|teampreview|4
|showteam|p1|Garchomp||LifeOrb|RoughSkin|Protect,Earthquake,StompingTantrum,DragonClaw|||F|||50|,,,,,Stellar]Sneasler||FocusSash|Unburden|Protect,DireClaw,CloseCombat,ThroatChop|||M|||50|,,,,,Dark]Misdreavus||Eviolite|Levitate|Protect,PerishSong,WillOWisp,ShadowBall|||M|||50|,,,,,Steel]Gothitelle||SitrusBerry|ShadowTag|Protect,FakeOut,TrickRoom,Psychic|||M|||50|,,,,,Dark]Amoonguss||EjectButton|Regenerator|Protect,RagePowder,Spore,PollenPuff|||F|||50|,,,,,Fairy]Incineroar||SafetyGoggles|Intimidate|Protect,FakeOut,PartingShot,KnockOff|||M|||50|,,,,,Ghost
|showteam|p2|Archaludon||AssaultVest|Stamina|ElectroShot,DragonPulse,FlashCannon,BodyPress|||M|||50|,,,,,Grass]Basculegion||MysticWater|SwiftSwim|Protect,WaveCrash,AquaJet,LastRespects|||M|||50|,,,,,Water]Pelipper||FocusSash|Drizzle|Hurricane,WeatherBall,Tailwind,Protect|||F|||50|,,,,,Ghost]Amoonguss||SitrusBerry|Regenerator|Spore,RagePowder,PollenPuff,ClearSmog|||F|||50|,,,,,Water]Incineroar||SafetyGoggles|Intimidate|FakeOut,FlareBlitz,KnockOff,PartingShot|||M|||50|,,,,,Ghost]Maushold||WideLens|Technician|PopulationBomb,FollowMe,Taunt,Protect||||||50|,,,,,Grass
|inactive|Battle timer is ON: inactive players will automatically lose when time's up. (requested by hbernabe)
|inactive|MrGreen3432 has 60 seconds left.
|inactive|hbernabe has 60 seconds left.
|inactive|MrGreen3432 has 30 seconds left.
|inactive|hbernabe has 30 seconds left.
|inactive|hbernabe has 20 seconds left.
|
|t:|1757832394
|teamsize|p1|4
|teamsize|p2|4
|start
|switch|p1a: Misdreavus|Misdreavus, L50, M|100/100
|switch|p1b: Gothitelle|Gothitelle, L50, M|100/100
|switch|p2a: Incineroar|Incineroar, L50, M|100/100
|switch|p2b: Pelipper|Pelipper, L50, F, shiny|100/100
|-weather|RainDance|[from] ability: Drizzle|[of] p2b: Pelipper
|-ability|p2a: Incineroar|Intimidate|boost
|-unboost|p1a: Misdreavus|atk|1
|-unboost|p1b: Gothitelle|atk|1
|turn|1
|inactive|hbernabe has 30 seconds left.
|
|t:|1757832429
|-terastallize|p2b: Pelipper|Ghost
|move|p1b: Gothitelle|Fake Out|p2a: Incineroar
|-damage|p2a: Incineroar|97/100
|move|p2b: Pelipper|Weather Ball|p1a: Misdreavus
|-damage|p1a: Misdreavus|59/100
|cant|p2a: Incineroar|flinch
|move|p1a: Misdreavus|Perish Song|p1a: Misdreavus
|-start|p1a: Misdreavus|perish3|[silent]
|-start|p1b: Gothitelle|perish3|[silent]
|-start|p2a: Incineroar|perish3|[silent]
|-start|p2b: Pelipper|perish3|[silent]
|-fieldactivate|move: Perish Song
|
|-weather|RainDance|[upkeep]
|-start|p2b: Pelipper|perish3
|-start|p1a: Misdreavus|perish3
|-start|p2a: Incineroar|perish3
|-start|p1b: Gothitelle|perish3
|upkeep
|turn|2
|inactive|MrGreen3432 has 30 seconds left.
|inactive|MrGreen3432 has 20 seconds left.
|
|t:|1757832464
|switch|p1a: Amoonguss|Amoonguss, L50, F|100/100
|-terastallize|p1b: Gothitelle|Dark
|move|p2b: Pelipper|Hurricane|p1b: Gothitelle
|-damage|p1b: Gothitelle|68/100
|move|p2a: Incineroar|Knock Off|p1a: Amoonguss
|-damage|p1a: Amoonguss|66/100
|-enditem|p1a: Amoonguss|Eject Button|[from] move: Knock Off|[of] p2a: Incineroar
|move|p1b: Gothitelle|Trick Room|p1b: Gothitelle
|-fieldstart|move: Trick Room|[of] p1b: Gothitelle
|
|-weather|RainDance|[upkeep]
|-start|p1b: Gothitelle|perish2
|-start|p2a: Incineroar|perish2
|-start|p2b: Pelipper|perish2
|upkeep
|turn|3
|c|☆hbernabe|Mr Green con perish
|
|t:|1757832489
|move|p1b: Gothitelle|Protect|p1b: Gothitelle
|-singleturn|p1b: Gothitelle|Protect
|move|p1a: Amoonguss|Spore|p2b: Pelipper
|-status|p2b: Pelipper|slp|[from] move: Spore
|move|p2a: Incineroar|Parting Shot|p1b: Gothitelle
|-activate|p1b: Gothitelle|move: Protect
|cant|p2b: Pelipper|slp
|
|-weather|RainDance|[upkeep]
|-start|p1b: Gothitelle|perish1
|-start|p2a: Incineroar|perish1
|-start|p2b: Pelipper|perish1
|upkeep
|turn|4
|
|t:|1757832512
|switch|p1b: Misdreavus|Misdreavus, L50, M|59/100
|switch|p2b: Basculegion|Basculegion, L50, M, shiny|100/100
|move|p1a: Amoonguss|Spore|p2b: Basculegion
|-status|p2b: Basculegion|slp|[from] move: Spore
|move|p2a: Incineroar|Parting Shot|p1b: Misdreavus
|-unboost|p1b: Misdreavus|atk|1
|-unboost|p1b: Misdreavus|spa|1
|
|t:|1757832526
|switch|p2a: Archaludon|Archaludon, L50, M|100/100|[from] Parting Shot
|
|-weather|RainDance|[upkeep]
|upkeep
|turn|5
|inactive|hbernabe has 30 seconds left.
|
|t:|1757832554
|switch|p2a: Incineroar|Incineroar, L50, M|97/100
|-ability|p2a: Incineroar|Intimidate|boost
|-unboost|p1a: Amoonguss|atk|1
|-unboost|p1b: Misdreavus|atk|1
|switch|p2b: Pelipper|Pelipper, L50, F, shiny, tera:Ghost|100/100 slp
|move|p1a: Amoonguss|Pollen Puff|p1b: Misdreavus
|-heal|p1b: Misdreavus|100/100
|move|p1b: Misdreavus|Shadow Ball|p2b: Pelipper
|-supereffective|p2b: Pelipper
|-damage|p2b: Pelipper|43/100 slp
|
|-weather|none
|upkeep
|turn|6
|inactive|hbernabe has 30 seconds left.
|inactive|hbernabe has 20 seconds left.
|inactive|hbernabe has 15 seconds left.
|inactive|hbernabe has 10 seconds left.
|
|t:|1757832603
|switch|p1a: Sneasler|Sneasler, L50, M|100/100
|switch|p2b: Archaludon|Archaludon, L50, M|100/100
|move|p1b: Misdreavus|Protect|p1b: Misdreavus
|-singleturn|p1b: Misdreavus|Protect
|move|p2a: Incineroar|Knock Off|p1b: Misdreavus
|-activate|p1b: Misdreavus|move: Protect
|
|-fieldend|move: Trick Room
|upkeep
|turn|7
|inactive|MrGreen3432 has 30 seconds left.
|
|t:|1757832637
|switch|p2a: Pelipper|Pelipper, L50, F, shiny, tera:Ghost|43/100 slp
|-weather|RainDance|[from] ability: Drizzle|[of] p2a: Pelipper
|move|p1a: Sneasler|Dire Claw|p2a: Pelipper
|-resisted|p2a: Pelipper
|-damage|p2a: Pelipper|12/100 slp
|move|p2b: Archaludon|Electro Shot||[still]
|-prepare|p2b: Archaludon|Electro Shot
|-boost|p2b: Archaludon|spa|1
|-anim|p2b: Archaludon|Electro Shot|p1a: Sneasler
|-enditem|p1a: Sneasler|Focus Sash
|-damage|p1a: Sneasler|1/100
|move|p1b: Misdreavus|Perish Song|p1b: Misdreavus
|-start|p1a: Sneasler|perish3|[silent]
|-start|p1b: Misdreavus|perish3|[silent]
|-start|p2a: Pelipper|perish3|[silent]
|-start|p2b: Archaludon|perish3|[silent]
|-fieldactivate|move: Perish Song
|
|-weather|RainDance|[upkeep]
|-start|p1a: Sneasler|perish3
|-start|p2a: Pelipper|perish3
|-start|p2b: Archaludon|perish3
|-start|p1b: Misdreavus|perish3
|upkeep
|turn|8
|inactive|MrGreen3432 has 30 seconds left.
|inactive|hbernabe has 30 seconds left.
|inactive|MrGreen3432 has 20 seconds left.
|inactive|hbernabe has 20 seconds left.
|inactive|hbernabe has 15 seconds left.
|
|t:|1757832681
|switch|p1a: Amoonguss|Amoonguss, L50, F|99/100
|switch|p2b: Incineroar|Incineroar, L50, M|97/100
|-ability|p2b: Incineroar|Intimidate|boost
|-unboost|p1a: Amoonguss|atk|1
|-unboost|p1b: Misdreavus|atk|1
|-curestatus|p2a: Pelipper|slp|[msg]
|move|p2a: Pelipper|Weather Ball|p1a: Amoonguss
|-resisted|p1a: Amoonguss
|-damage|p1a: Amoonguss|68/100
|move|p1b: Misdreavus|Shadow Ball|p2a: Pelipper
|-supereffective|p2a: Pelipper
|-damage|p2a: Pelipper|0 fnt
|faint|p2a: Pelipper
|
|-weather|RainDance|[upkeep]
|-start|p1b: Misdreavus|perish2
|upkeep
|
|t:|1757832700
|switch|p2a: Basculegion|Basculegion, L50, M, shiny|100/100 slp
|turn|9
|
|t:|1757832719
|move|p2b: Incineroar|Fake Out|p1a: Amoonguss
|-damage|p1a: Amoonguss|57/100
|cant|p2a: Basculegion|slp
|move|p1b: Misdreavus|Shadow Ball|p2a: Basculegion
|-supereffective|p2a: Basculegion
|-damage|p2a: Basculegion|60/100 slp
|cant|p1a: Amoonguss|flinch
|
|-weather|RainDance|[upkeep]
|-start|p1b: Misdreavus|perish1
|upkeep
|turn|10
|
|t:|1757832732
|move|p1a: Amoonguss|Rage Powder|p1a: Amoonguss
|-singleturn|p1a: Amoonguss|move: Rage Powder
|cant|p2a: Basculegion|slp
|move|p1b: Misdreavus|Shadow Ball|p2a: Basculegion
|-supereffective|p2a: Basculegion
|-damage|p2a: Basculegion|27/100 slp
|move|p2b: Incineroar|Knock Off|p1b: Misdreavus
|-supereffective|p1b: Misdreavus
|-damage|p1b: Misdreavus|6/100
|-enditem|p1b: Misdreavus|Eviolite|[from] move: Knock Off|[of] p2b: Incineroar
|
|-weather|RainDance|[upkeep]
|-start|p1b: Misdreavus|perish0
|upkeep
|faint|p1b: Misdreavus
|
|t:|1757832741
|switch|p1b: Sneasler|Sneasler, L50, M|1/100
|turn|11
|
|t:|1757832758
|-curestatus|p2a: Basculegion|slp|[msg]
|move|p2a: Basculegion|Aqua Jet|p1b: Sneasler
|-damage|p1b: Sneasler|0 fnt
|faint|p1b: Sneasler
|move|p2b: Incineroar|Knock Off|p1a: Amoonguss
|-damage|p1a: Amoonguss|32/100
|move|p1a: Amoonguss|Pollen Puff|p1: Sneasler|[notarget]
|-fail|p1a: Amoonguss
|
|-weather|none
|upkeep
|-message|MrGreen3432 forfeited.
|
|win|hbernabe
|l|☆MrGreen3432
|player|p1|
||MrGreen3432 is ready for game 2.
||hbernabe is ready for game 2.
|uhtml|next|Next: Game 2 of 3
|l|☆hbernabe
|player|p2|
