|j|☆KodeBeast0526
|j|☆gastero
|html|KodeBeast0526gastero    
|uhtml|bestof|Game 3 of a best-of-3
|t:|1785609773
|gametype|doubles
|player|p1|KodeBeast0526|hiker|1307
|player|p2|gastero|carmine|1269
|gen|9
|tier|[Gen 9 Champions] VGC 2026 Reg M-B (Bo3)
|rated|
|rule|Species Clause: Limit one of each Pokémon
|rule|Item Clause: Limit 1 of each item
|clearpoke
|poke|p1|Basculegion, L50, M|
|poke|p1|Garchomp, L50, F|
|poke|p1|Scizor, L50, F|
|poke|p1|Tyranitar, L50, F|
|poke|p1|Sneasler, L50, F|
|poke|p1|Corviknight, L50, F|
|poke|p2|Staraptor, L50, M|
|poke|p2|Gholdengo, L50|
|poke|p2|Sinistcha, L50|
|poke|p2|Incineroar, L50, F|
|poke|p2|Arcanine-Hisui, L50, F|
|poke|p2|Ninetales-Alola, L50, F|
|teampreview|4
|showteam|p1|Basculegion||SitrusBerry|Adaptability|WaveCrash,LastRespects,AquaJet,Protect|Jolly||M|||50|]Garchomp||Garchompite|RoughSkin|EarthPower,DracoMeteor,PowerGem,Protect|Modest||F|||50|]Scizor||LifeOrb|Technician|BulletPunch,BugBite,SwordsDance,Protect|Adamant||F|||50|]Tyranitar||ChoiceScarf|SandStream|RockSlide,KnockOff,IcePunch,Superpower|Jolly||F|||50|]Sneasler||FocusSash|PoisonTouch|PoisonJab,CloseCombat,FakeOut,Protect|Jolly||F|||50|]Corviknight||Leftovers|MirrorArmor|IronHead,BraveBird,Tailwind,Protect|Impish||F|||50|
|showteam|p2|Staraptor||Staraptite|Intimidate|CloseCombat,DualWingbeat,Tailwind,Protect|Jolly||M|||50|]Gholdengo||LifeOrb|GoodasGold|MakeItRain,ShadowBall,NastyPlot,Protect|Modest|||||50|]Sinistcha||ColburBerry|Hospitality|MatchaGotcha,RagePowder,TrickRoom,StrengthSap|Calm|||||50|]Incineroar||SitrusBerry|Intimidate|FakeOut,FlareBlitz,DarkestLariat,PartingShot|Careful||F|||50|]Arcanine-Hisui||FocusSash|RockHead|FlareBlitz,HeadSmash,ExtremeSpeed,Protect|Jolly||F|||50|]Ninetales-Alola||NeverMeltIce|SnowWarning|Blizzard,FreezeDry,Encore,Protect|Timid||F|||50|
|inactive|Battle timer is ON: inactive players will automatically lose when time's up. (requested by KodeBeast0526)
|
|t:|1785609818
|teamsize|p1|4
|teamsize|p2|4
|start
|switch|p1a: Corviknight|Corviknight, L50, F|100/100
|switch|p1b: Garchomp|Garchomp, L50, F|100/100
|switch|p2a: Arcanine|Arcanine-Hisui, L50, F|100/100
|switch|p2b: Incineroar|Incineroar, L50, F|100/100
|-ability|p2b: Incineroar|Intimidate|boost
|-ability|p1a: Corviknight|Mirror Armor
|-unboost|p2b: Incineroar|atk|1
|-unboost|p1b: Garchomp|atk|1
|turn|1
|inactive|gastero has 30 seconds left.
|
|t:|1785609845
|move|p1b: Garchomp|Protect|p1b: Garchomp
|-singleturn|p1b: Garchomp|Protect
|move|p2b: Incineroar|Fake Out|p1b: Garchomp
|-activate|p1b: Garchomp|move: Protect
|move|p2a: Arcanine|Flare Blitz|p1a: Corviknight
|-supereffective|p1a: Corviknight|1
|-damage|p1a: Corviknight|20/100r
|move|p1a: Corviknight|Tailwind|p1a: Corviknight
|-sidestart|p1: KodeBeast0526|move: Tailwind
|
|-heal|p1a: Corviknight|25/100|[from] item: Leftovers
|upkeep
|turn|2
|
|t:|1785609862
|detailschange|p1b: Garchomp|Garchomp-Mega, L50, F
|-mega|p1b: Garchomp|Garchomp|Garchompite
|move|p2a: Arcanine|Protect|p2a: Arcanine
|-singleturn|p2a: Arcanine|Protect
|move|p1b: Garchomp|Earth Power|p2a: Arcanine
|-activate|p2a: Arcanine|move: Protect
|move|p1a: Corviknight|Iron Head|p2a: Arcanine
|-activate|p2a: Arcanine|move: Protect
|move|p2b: Incineroar|Flare Blitz|p1a: Corviknight
|-supereffective|p1a: Corviknight|1
|-damage|p1a: Corviknight|0 fnt
|faint|p1a: Corviknight
|-damage|p2b: Incineroar|91/100|[from] Recoil
|
|upkeep
|
|t:|1785609866
|switch|p1a: Tyranitar|Tyranitar, L50, F|100/100
|-weather|Sandstorm|[from] ability: Sand Stream|[of] p1a: Tyranitar
|turn|3
|
|t:|1785609883
|move|p2a: Arcanine|Extreme Speed|p1b: Garchomp
|-damage|p1b: Garchomp|80/100
|move|p1a: Tyranitar|Rock Slide|p2b: Incineroar|[spread] p2a,p2b
|-supereffective|p2a: Arcanine|1
|-supereffective|p2b: Incineroar|1
|-damage|p2a: Arcanine|29/100
|-damage|p2b: Incineroar|37/100
|-enditem|p2b: Incineroar|Sitrus Berry|[eat]
|-heal|p2b: Incineroar|61/100|[from] item: Sitrus Berry
|move|p1b: Garchomp|Earth Power|p2a: Arcanine
|-supereffective|p2a: Arcanine|2
|-damage|p2a: Arcanine|0 fnt
|faint|p2a: Arcanine
|cant|p2b: Incineroar|flinch
|
|-weather|Sandstorm|[upkeep]
|-damage|p2b: Incineroar|55/100|[from] Sandstorm
|upkeep
|
|t:|1785609905
|switch|p2a: Staraptor|Staraptor, L50, M|100/100
|-ability|p2a: Staraptor|Intimidate|boost
|-unboost|p1a: Tyranitar|atk|1
|-unboost|p1b: Garchomp|atk|1
|turn|4
|
|t:|1785609920
|move|p2a: Staraptor|Protect|p2a: Staraptor
|-singleturn|p2a: Staraptor|Protect
|move|p1a: Tyranitar|Rock Slide|p2a: Staraptor|[spread] p2b
|-activate|p2a: Staraptor|move: Protect
|-supereffective|p2b: Incineroar|1
|-damage|p2b: Incineroar|22/100
|move|p1b: Garchomp|Power Gem|p2a: Staraptor
|-activate|p2a: Staraptor|move: Protect
|move|p2b: Incineroar|Parting Shot|p1a: Tyranitar
|-unboost|p1a: Tyranitar|atk|1
|-unboost|p1a: Tyranitar|spa|1
|
|t:|1785609930
|switch|p2b: Ninetales|Ninetales-Alola, L50, F|100/100|[from] Parting Shot
|-weather|Snowscape|[from] ability: Snow Warning|[of] p2b: Ninetales
|
|-weather|Snowscape|[upkeep]
|-sideend|p1: KodeBeast0526|move: Tailwind
|upkeep
|turn|5
|
|t:|1785609947
|switch|p1a: Basculegion|Basculegion, L50, M|100/100
|detailschange|p2a: Staraptor|Staraptor-Mega, L50, M
|-mega|p2a: Staraptor|Staraptor|Staraptite
|move|p1b: Garchomp|Protect|p1b: Garchomp
|-singleturn|p1b: Garchomp|Protect
|move|p2a: Staraptor|Dual Wingbeat|p1a: Basculegion
|-damage|p1a: Basculegion|78/100
|-damage|p1a: Basculegion|56/100
|-hitcount|p1a: Basculegion|2
|move|p2b: Ninetales|Blizzard|p1a: Basculegion|[spread] p1a
|-activate|p1b: Garchomp|move: Protect
|-resisted|p1a: Basculegion|1
|-damage|p1a: Basculegion|33/100
|-enditem|p1a: Basculegion|Sitrus Berry|[eat]
|-heal|p1a: Basculegion|58/100|[from] item: Sitrus Berry
|
|-weather|Snowscape|[upkeep]
|upkeep
|turn|6
|inactive|gastero has 30 seconds left.
|
|t:|1785609979
|switch|p1a: Tyranitar|Tyranitar, L50, F|100/100
|-weather|Sandstorm|[from] ability: Sand Stream|[of] p1a: Tyranitar
|move|p2a: Staraptor|Dual Wingbeat|p1a: Tyranitar
|-resisted|p1a: Tyranitar|1
|-damage|p1a: Tyranitar|90/100
|-resisted|p1a: Tyranitar|1
|-damage|p1a: Tyranitar|80/100
|-hitcount|p1a: Tyranitar|2
|move|p2b: Ninetales|Freeze-Dry|p1b: Garchomp
|-supereffective|p1b: Garchomp|2
|-damage|p1b: Garchomp|0 fnt
|faint|p1b: Garchomp
|
|-weather|Sandstorm|[upkeep]
|-damage|p2a: Staraptor|94/100|[from] Sandstorm
|-damage|p2b: Ninetales|93/100|[from] Sandstorm
|upkeep
|
|t:|1785609991
|switch|p1b: Basculegion|Basculegion, L50, M|58/100
|turn|7
|
|t:|1785609997
|switch|p2b: Incineroar|Incineroar, L50, F|22/100
|-ability|p2b: Incineroar|Intimidate|boost
|-unboost|p1a: Tyranitar|atk|1
|-unboost|p1b: Basculegion|atk|1
|move|p1a: Tyranitar|Rock Slide|p2b: Incineroar|[spread] p2a,p2b
|-supereffective|p2b: Incineroar|1
|-damage|p2a: Staraptor|76/100
|-damage|p2b: Incineroar|0 fnt
|faint|p2b: Incineroar
|move|p2a: Staraptor|Close Combat|p1a: Tyranitar
|-supereffective|p1a: Tyranitar|2
|-damage|p1a: Tyranitar|0 fnt
|-boost|p2a: Staraptor|def|1
|-boost|p2a: Staraptor|spd|1
|faint|p1a: Tyranitar
|move|p1b: Basculegion|Last Respects|p2a: Staraptor
|-damage|p2a: Staraptor|28/100
|
|-weather|Sandstorm|[upkeep]
|-damage|p2a: Staraptor|22/100|[from] Sandstorm
|-damage|p1b: Basculegion|52/100|[from] Sandstorm
|upkeep
|
|t:|1785610007
|switch|p2b: Ninetales|Ninetales-Alola, L50, F|93/100
|-weather|Snowscape|[from] ability: Snow Warning|[of] p2b: Ninetales
|turn|8
|
|t:|1785610009
|move|p2a: Staraptor|Dual Wingbeat|p1b: Basculegion
|-damage|p1b: Basculegion|29/100
|-damage|p1b: Basculegion|8/100
|-hitcount|p1b: Basculegion|2
|move|p2b: Ninetales|Freeze-Dry|p1b: Basculegion
|-supereffective|p1b: Basculegion|1
|-damage|p1b: Basculegion|0 fnt
|faint|p1b: Basculegion
|
|win|gastero
|raw|KodeBeast0526's rating: 1307 → 1285(-22 for losing)
|raw|gastero's rating: 1269 → 1297(+28 for winning)
|l|☆KodeBeast0526
|player|p1|
