|j|☆Jiaco5
|j|☆alexander1111
|html|Jiaco5alexander1111    
|uhtml|bestof|Game 3 of a best-of-3
|t:|1784260003
|gametype|doubles
|player|p1|Jiaco5|1|1236
|player|p2|alexander1111|preschooler|1392
|gen|9
|tier|[Gen 9 Champions] VGC 2026 Reg M-B (Bo3)
|rated|
|rule|Species Clause: Limit one of each Pokémon
|rule|Item Clause: Limit 1 of each item
|clearpoke
|poke|p1|Blastoise, L50, M|
|poke|p1|Sinistcha, L50|
|poke|p1|Delphox, L50, M|
|poke|p1|Sneasler, L50, F|
|poke|p1|Incineroar, L50, F|
|poke|p1|Kingambit, L50, F|
|poke|p2|Milotic, L50, F|
|poke|p2|Maushold-Four, L50|
|poke|p2|Charizard, L50, M, shiny|
|poke|p2|Whimsicott, L50, F, shiny|
|poke|p2|Kingambit, L50, F|
|poke|p2|Garchomp, L50, F|
|teampreview|4
|showteam|p1|Blastoise||Blastoisinite|RainDish|WaterSpout,DarkPulse,ShellSmash,Protect|Modest||M|||50|]Sinistcha||OccaBerry|Hospitality|MatchaGotcha,TrickRoom,RagePowder,Protect|Relaxed|||||50|]Delphox||Delphoxite|Blaze|HeatWave,Psychic,NastyPlot,Protect|Timid||M|||50|]Sneasler||FocusSash|PoisonTouch|CloseCombat,PoisonJab,FakeOut,QuickGuard|Jolly||F|||50|]Incineroar||SitrusBerry|Intimidate|FlareBlitz,FakeOut,Taunt,PartingShot|Impish||F|||50|]Kingambit||LifeOrb|Defiant|KowtowCleave,SuckerPunch,SwordsDance,Protect|Adamant||F|||50|
|showteam|p2|Milotic||SitrusBerry|Competitive|Scald,IceBeam,HelpingHand,Protect|Modest||F|||50|]Maushold-Four||WideLens|Technician|PopulationBomb,FollowMe,Protect,SunnyDay|Jolly|||||50|]Charizard||CharizarditeY|Blaze|SolarBeam,HeatWave,WeatherBall,Protect|Timid||M|||50|]Whimsicott||FocusSash|Prankster|Tailwind,Moonblast,Protect,Encore|Timid||F|||50|]Kingambit||ChopleBerry|Defiant|KowtowCleave,SuckerPunch,IronHead,LowKick|Adamant||F|||50|]Garchomp||LifeOrb|RoughSkin|RockSlide,Earthquake,DragonClaw,Protect|Jolly||F|||50|
|
|t:|1784260040
|teamsize|p1|4
|teamsize|p2|4
|start
|switch|p1a: Delphox|Delphox, L50, M|100/100
|switch|p1b: Sneasler|Sneasler, L50, F|100/100
|switch|p2a: Milotic|Milotic, L50, F|100/100
|switch|p2b: Whimsicott|Whimsicott, L50, F, shiny|100/100
|turn|1
|
|t:|1784260069
|detailschange|p1a: Delphox|Delphox-Mega, L50, M
|-mega|p1a: Delphox|Delphox|Delphoxite
|move|p2b: Whimsicott|Protect|p2b: Whimsicott
|-singleturn|p2b: Whimsicott|Protect
|move|p1b: Sneasler|Fake Out|p2a: Milotic
|-damage|p2a: Milotic|87/100
|move|p1a: Delphox|Nasty Plot|p1a: Delphox
|-boost|p1a: Delphox|spa|2
|cant|p2a: Milotic|flinch
|
|upkeep
|turn|2
|
|t:|1784260077
|move|p1b: Sneasler|Quick Guard|p1b: Sneasler
|-singleturn|p1b: Sneasler|Quick Guard
|move|p2b: Whimsicott|Tailwind|p2b: Whimsicott
|-sidestart|p2: alexander1111|move: Tailwind
|move|p2a: Milotic|Scald|p1a: Delphox
|-supereffective|p1a: Delphox|1
|-damage|p1a: Delphox|36/100
|move|p1a: Delphox|Psychic|p2a: Milotic
|-damage|p2a: Milotic|13/100
|-enditem|p2a: Milotic|Sitrus Berry|[eat]
|-heal|p2a: Milotic|38/100|[from] item: Sitrus Berry
|
|upkeep
|turn|3
|
|t:|1784260098
|switch|p1b: Sinistcha|Sinistcha, L50|100/100
|-heal|p1a: Delphox|61/100|[from] ability: Hospitality|[of] p1b: Sinistcha
|move|p1a: Delphox|Protect|p1a: Delphox
|-singleturn|p1a: Delphox|Protect
|move|p2b: Whimsicott|Encore||[still]
|-fail|p2b: Whimsicott
|move|p2a: Milotic|Scald|p1a: Delphox
|-activate|p1a: Delphox|move: Protect
|
|upkeep
|turn|4
|
|t:|1784260121
|switch|p1a: Sneasler|Sneasler, L50, F|100/100
|move|p2b: Whimsicott|Encore||[still]
|-fail|p2b: Whimsicott
|move|p2a: Milotic|Ice Beam|p1b: Sinistcha
|-supereffective|p1b: Sinistcha|1
|-damage|p1b: Sinistcha|49/100
|move|p1b: Sinistcha|Matcha Gotcha|p2a: Milotic|[spread] p2a
|-miss|p1b: Sinistcha|p2b: Whimsicott
|-supereffective|p2a: Milotic|1
|-damage|p2a: Milotic|1/100
|-heal|p1b: Sinistcha|70/100|[from] drain|[of] p2a: Milotic
|
|upkeep
|turn|5
|
|t:|1784260147
|move|p2b: Whimsicott|Moonblast|p1a: Sneasler
|-damage|p1a: Sneasler|47/100
|move|p2a: Milotic|Ice Beam|p1b: Sinistcha
|-supereffective|p1b: Sinistcha|1
|-damage|p1b: Sinistcha|26/100
|move|p1a: Sneasler|Poison Jab|p2b: Whimsicott
|-supereffective|p2b: Whimsicott|2
|-enditem|p2b: Whimsicott|Focus Sash
|-damage|p2b: Whimsicott|1/100
|move|p1b: Sinistcha|Matcha Gotcha|p2a: Milotic|[spread] p2a,p2b
|-supereffective|p2a: Milotic|1
|-resisted|p2b: Whimsicott|1
|-damage|p2a: Milotic|0 fnt
|-heal|p1b: Sinistcha|27/100|[from] drain|[of] p2a: Milotic
|-damage|p2b: Whimsicott|0 fnt
|-heal|p1b: Sinistcha|28/100|[from] drain|[of] p2b: Whimsicott
|faint|p2a: Milotic
|faint|p2b: Whimsicott
|
|-sideend|p2: alexander1111|move: Tailwind
|upkeep
|
|t:|1784260155
|switch|p2b: Maushold|Maushold-Four, L50|100/100
|switch|p2a: Garchomp|Garchomp, L50, F|100/100
|turn|6
|
|t:|1784260196
|switch|p1a: Delphox|Delphox-Mega, L50, M|61/100
|move|p2b: Maushold|Protect|p2b: Maushold
|-singleturn|p2b: Maushold|Protect
|move|p1b: Sinistcha|Rage Powder|p1b: Sinistcha
|-singleturn|p1b: Sinistcha|move: Rage Powder
|move|p2a: Garchomp|Rock Slide|p1b: Sinistcha|[spread] p1a,p1b
|-supereffective|p1a: Delphox|1
|-crit|p1a: Delphox
|-damage|p1a: Delphox|0 fnt
|-damage|p1b: Sinistcha|8/100
|faint|p1a: Delphox
|-damage|p2a: Garchomp|90/100|[from] item: Life Orb
|
|upkeep
|
|t:|1784260210
|switch|p1a: Incineroar|Incineroar, L50, F|100/100
|-ability|p1a: Incineroar|Intimidate|boost
|-unboost|p2a: Garchomp|atk|1
|-unboost|p2b: Maushold|atk|1
|turn|7
|
|t:|1784260226
|move|p1a: Incineroar|Fake Out|p2a: Garchomp
|-damage|p2a: Garchomp|79/100
|-damage|p1a: Incineroar|87/100|[from] ability: Rough Skin|[of] p2a: Garchomp
|move|p2b: Maushold|Population Bomb|p1a: Incineroar
|-damage|p1a: Incineroar|81/100
|-damage|p1a: Incineroar|75/100
|-damage|p1a: Incineroar|70/100
|-damage|p1a: Incineroar|64/100
|-damage|p1a: Incineroar|58/100
|-damage|p1a: Incineroar|52/100
|-damage|p1a: Incineroar|47/100
|-enditem|p1a: Incineroar|Sitrus Berry|[eat]
|-heal|p1a: Incineroar|71/100|[from] item: Sitrus Berry
|-damage|p1a: Incineroar|65/100
|-damage|p1a: Incineroar|60/100
|-damage|p1a: Incineroar|55/100
|-hitcount|p1a: Incineroar|10
|cant|p2a: Garchomp|flinch
|move|p1b: Sinistcha|Matcha Gotcha|p2a: Garchomp|[spread] p2a,p2b
|-damage|p2a: Garchomp|55/100
|-heal|p1b: Sinistcha|21/100|[from] drain|[of] p2a: Garchomp
|-damage|p2b: Maushold|63/100
|-heal|p1b: Sinistcha|37/100|[from] drain|[of] p2b: Maushold
|-status|p2b: Maushold|brn
|
|-damage|p2b: Maushold|57/100 brn|[from] brn
|upkeep
|turn|8
|
|t:|1784260264
|move|p2b: Maushold|Protect|p2b: Maushold
|-singleturn|p2b: Maushold|Protect
|move|p2a: Garchomp|Earthquake|p1b: Sinistcha|[spread] p1a,p1b
|-activate|p2b: Maushold|move: Protect
|-supereffective|p1a: Incineroar|1
|-resisted|p1b: Sinistcha|1
|-damage|p1a: Incineroar|12/100
|-damage|p1b: Sinistcha|24/100
|-damage|p2a: Garchomp|45/100|[from] item: Life Orb
|move|p1a: Incineroar|Parting Shot|p2a: Garchomp
|-unboost|p2a: Garchomp|atk|1
|-unboost|p2a: Garchomp|spa|1
|
|t:|1784260274
|switch|p1a: Sneasler|Sneasler, L50, F|47/100|[from] Parting Shot
|move|p1b: Sinistcha|Matcha Gotcha|p2a: Garchomp|[spread] p2a
|-activate|p2b: Maushold|move: Protect
|-damage|p2a: Garchomp|23/100
|-heal|p1b: Sinistcha|36/100|[from] drain|[of] p2a: Garchomp
|
|-damage|p2b: Maushold|51/100 brn|[from] brn
|upkeep
|turn|9
|
|t:|1784260296
|move|p2a: Garchomp|Protect|p2a: Garchomp
|-singleturn|p2a: Garchomp|Protect
|move|p1a: Sneasler|Close Combat|p2b: Maushold
|-supereffective|p2b: Maushold|1
|-damage|p2b: Maushold|0 fnt
|-unboost|p1a: Sneasler|def|1
|-unboost|p1a: Sneasler|spd|1
|faint|p2b: Maushold
|move|p1b: Sinistcha|Matcha Gotcha|p2a: Garchomp
|-activate|p2a: Garchomp|move: Protect
|
|upkeep
|turn|10
|
|t:|1784260303
|move|p1a: Sneasler|Close Combat|p2a: Garchomp
|-damage|p2a: Garchomp|0 fnt
|-unboost|p1a: Sneasler|def|1
|-unboost|p1a: Sneasler|spd|1
|-damage|p1a: Sneasler|35/100|[from] ability: Rough Skin|[of] p2a: Garchomp
|faint|p2a: Garchomp
|
|win|Jiaco5
|raw|Jiaco5's rating: 1236 → 1272(+36 for winning)
|raw|alexander1111's rating: 1392 → 1364(-28 for losing)
