|j|☆Potatomonstr
|j|‽kurowasun
|html|Potatomonstrkurowasun    
|uhtml|bestof|Game 1 of a best-of-3
|t:|1786160363
|gametype|doubles
|player|p1|Potatomonstr|miku-flying|
|player|p2|kurowasun|102|
|gen|9
|tier|[Gen 9 Champions] VGC 2026 Reg M-B (Bo3)
|rule|Species Clause: Limit one of each Pokémon
|rule|Item Clause: Limit 1 of each item
|clearpoke
|poke|p1|Simisage, L50, M|
|poke|p1|Houndstone, L50, F|
|poke|p1|Klefki, L50, F|
|poke|p1|Floette-Eternal, L50, F|
|poke|p1|Primarina, L50, F|
|poke|p1|Typhlosion-Hisui, L50, M|
|poke|p2|Metagross, L50|
|poke|p2|Swampert, L50, F|
|poke|p2|Pelipper, L50, M|
|poke|p2|Sneasler, L50, F|
|poke|p2|Goodra-Hisui, L50, F|
|poke|p2|Tsareena, L50, F|
|teampreview|4
|showteam|p1|Simisage||SitrusBerry|Gluttony|FakeOut,Taunt,Protect,GrassKnot|Adamant||M|||50|]Houndstone||KasibBerry|Fluffy|LastRespects,WillOWisp,AllySwitch,PsychicFangs|Adamant||F|||50|]Klefki||LightClay|Prankster|Reflect,LightScreen,ThunderWave,SunnyDay|Bold||F|||50|]Floette-Eternal||Floettite|FlowerVeil|CalmMind,DrainingKiss,Protect,Moonblast|Bold||F|||50|]Primarina||LifeOrb|LiquidVoice|HyperVoice,Protect,Moonblast,Haze|Modest||F|||50|]Typhlosion-Hisui||ChoiceScarf|Frisk|Eruption,HeatWave,ShadowBall,Overheat|Timid||M|||50|
|showteam|p2|Metagross||Metagrossite|ClearBody|RockSlide,IronHead,BodyPress,Protect|Jolly|||||50|]Swampert||Swampertite|Torrent|WaveCrash,PoisonJab,Earthquake,Protect|Adamant||F|||50|]Pelipper||SitrusBerry|Drizzle|Hurricane,WeatherBall,Tailwind,WideGuard|Modest||M|||50|]Sneasler||FocusSash|Unburden|FakeOut,ThroatChop,DireClaw,Protect|Jolly||F|||50|]Goodra-Hisui||Leftovers|ShellArmor|BodyPress,HeavySlam,Shelter,LifeDew|Brave||F|||50|]Tsareena||WideLens|QueenlyMajesty|PowerWhip,LowKick,Taunt,Protect|Jolly||F|||50|
|j| PuffTheCutie
|j| tobyga
|inactive|Battle timer is ON: inactive players will automatically lose when time's up. (requested by kurowasun)
|j| tempestuwumeow
|inactive|kurowasun has 60 seconds left.
|j| BambooCyclone
|inactive|Potatomonstr has 60 seconds left.
|inactive|kurowasun has 30 seconds left.
|
|t:|1786160444
|teamsize|p1|4
|teamsize|p2|4
|start
|switch|p1a: flat keys|Klefki, L50, F|100/100
|switch|p1b: very hawt guy|Typhlosion-Hisui, L50, M|100/100
|switch|p2a: Tsareena|Tsareena, L50, F|100/100
|switch|p2b: Pelipper|Pelipper, L50, M|100/100
|-item|p2a: Tsareena|Wide Lens|[from] ability: Frisk|[of] p1b: very hawt guy
|-item|p2b: Pelipper|Sitrus Berry|[from] ability: Frisk|[of] p1b: very hawt guy
|-weather|RainDance|[from] ability: Drizzle|[of] p2b: Pelipper
|turn|1
|inactive|kurowasun has 30 seconds left.
|
|t:|1786160470
|move|p1a: flat keys|Sunny Day|p1a: flat keys
|-weather|SunnyDay
|move|p1b: very hawt guy|Overheat|p2a: Tsareena
|-supereffective|p2a: Tsareena|1
|-damage|p2a: Tsareena|0 fnt
|-unboost|p1b: very hawt guy|spa|2
|faint|p2a: Tsareena
|move|p2b: Pelipper|Tailwind|p2b: Pelipper
|-sidestart|p2: kurowasun|move: Tailwind
|
|-weather|SunnyDay|[upkeep]
|upkeep
|
|t:|1786160478
|switch|p2a: Swampert|Swampert, L50, F|100/100
|turn|2
|
|t:|1786160501
|switch|p1b: my dead dog|Houndstone, L50, F|100/100
|detailschange|p2a: Swampert|Swampert-Mega, L50, F
|-mega|p2a: Swampert|Swampert|Swampertite
|move|p1a: flat keys|Reflect|p1a: flat keys
|-sidestart|p1: Potatomonstr|Reflect
|move|p2a: Swampert|Earthquake|p1b: my dead dog|[spread] p1a,p1b
|-immune|p2b: Pelipper
|-supereffective|p1a: flat keys|1
|-damage|p1a: flat keys|40/100
|-damage|p1b: my dead dog|62/100
|move|p2b: Pelipper|Weather Ball|p1b: my dead dog
|-damage|p1b: my dead dog|0 fnt
|faint|p1b: my dead dog
|
|-weather|SunnyDay|[upkeep]
|upkeep
|
|t:|1786160513
|switch|p1b: Funeral flowers|Floette-Eternal, L50, F|100/100
|turn|3
|
|t:|1786160530
|switch|p2b: Goodra|Goodra-Hisui, L50, F|100/100
|detailschange|p1b: Funeral flowers|Floette-Mega, L50, F
|-mega|p1b: Funeral flowers|Floette|Floettite
|-ability|p1b: Funeral flowers|Fairy Aura
|move|p1a: flat keys|Light Screen|p1a: flat keys
|-sidestart|p1: Potatomonstr|move: Light Screen
|move|p2a: Swampert|Earthquake|p1b: Funeral flowers|[spread] p2b,p1a,p1b
|-supereffective|p2b: Goodra|1
|-supereffective|p1a: flat keys|1
|-damage|p2b: Goodra|21/100
|-damage|p1a: flat keys|0 fnt
|-damage|p1b: Funeral flowers|73/100
|faint|p1a: flat keys
|move|p1b: Funeral flowers|Draining Kiss|p2a: Swampert
|-damage|p2a: Swampert|67/100
|-heal|p1b: Funeral flowers|98/100|[from] drain|[of] p2a: Swampert
|
|-weather|SunnyDay|[upkeep]
|-heal|p2b: Goodra|27/100|[from] item: Leftovers
|upkeep
|
|t:|1786160542
|switch|p1a: very hawt guy|Typhlosion-Hisui, L50, M|100/100
|-item|p2a: Swampert|Swampertite|[from] ability: Frisk|[of] p1a: very hawt guy
|-item|p2b: Goodra|Leftovers|[from] ability: Frisk|[of] p1a: very hawt guy
|turn|4
|
|t:|1786160560
|switch|p2b: Pelipper|Pelipper, L50, M|100/100
|-weather|RainDance|[from] ability: Drizzle|[of] p2b: Pelipper
|move|p2a: Swampert|Wave Crash|p1a: very hawt guy
|-supereffective|p1a: very hawt guy|1
|-damage|p1a: very hawt guy|0 fnt
|faint|p1a: very hawt guy
|-damage|p2a: Swampert|40/100|[from] Recoil
|move|p1b: Funeral flowers|Calm Mind|p1b: Funeral flowers
|-boost|p1b: Funeral flowers|spa|1
|-boost|p1b: Funeral flowers|spd|1
|
|-weather|RainDance|[upkeep]
|-sideend|p2: kurowasun|move: Tailwind
|upkeep
|turn|5
|inactive|kurowasun has 30 seconds left.
|
|t:|1786160586
|move|p2a: Swampert|Protect|p2a: Swampert
|-singleturn|p2a: Swampert|Protect
|move|p1b: Funeral flowers|Moonblast|p2a: Swampert
|-activate|p2a: Swampert|move: Protect
|move|p2b: Pelipper|Weather Ball|p1b: Funeral flowers
|-damage|p1b: Funeral flowers|78/100
|
|-weather|RainDance|[upkeep]
|upkeep
|turn|6
|
|t:|1786160605
|move|p2a: Swampert|Poison Jab|p1b: Funeral flowers
|-supereffective|p1b: Funeral flowers|1
|-damage|p1b: Funeral flowers|43/100
|-status|p1b: Funeral flowers|psn
|move|p1b: Funeral flowers|Draining Kiss|p2a: Swampert
|-damage|p2a: Swampert|0 fnt
|-heal|p1b: Funeral flowers|73/100 psn|[from] drain|[of] p2a: Swampert
|faint|p2a: Swampert
|move|p2b: Pelipper|Hurricane|p1b: Funeral flowers
|-damage|p1b: Funeral flowers|58/100 psn
|-start|p1b: Funeral flowers|confusion
|
|-weather|RainDance|[upkeep]
|-damage|p1b: Funeral flowers|46/100 psn|[from] psn
|upkeep
|
|t:|1786160615
|switch|p2a: Goodra|Goodra-Hisui, L50, F|27/100
|turn|7
|
|t:|1786160625
|-activate|p1b: Funeral flowers|confusion
|move|p1b: Funeral flowers|Draining Kiss|p2a: Goodra
|-damage|p2a: Goodra|0 fnt
|-heal|p1b: Funeral flowers|68/100 psn|[from] drain|[of] p2a: Goodra
|faint|p2a: Goodra
|move|p2b: Pelipper|Hurricane|p1b: Funeral flowers
|-damage|p1b: Funeral flowers|53/100 psn
|
|-weather|RainDance|[upkeep]
|-damage|p1b: Funeral flowers|41/100 psn|[from] psn
|upkeep
|turn|8
|
|t:|1786160641
|-end|p1b: Funeral flowers|confusion
|move|p1b: Funeral flowers|Draining Kiss|p2b: Pelipper
|-damage|p2b: Pelipper|36/100
|-heal|p1b: Funeral flowers|86/100 psn|[from] drain|[of] p2b: Pelipper
|-enditem|p2b: Pelipper|Sitrus Berry|[eat]
|-heal|p2b: Pelipper|61/100|[from] item: Sitrus Berry
|move|p2b: Pelipper|Hurricane|p1b: Funeral flowers
|-damage|p1b: Funeral flowers|72/100 psn
|
|-weather|none
|-damage|p1b: Funeral flowers|60/100 psn|[from] psn
|upkeep
|turn|9
|
|t:|1786160647
|move|p1b: Funeral flowers|Draining Kiss|p2b: Pelipper
|-damage|p2b: Pelipper|0 fnt
|-heal|p1b: Funeral flowers|100/100 psn|[from] drain|[of] p2b: Pelipper
|faint|p2b: Pelipper
|
|win|Potatomonstr
