|j|☆echoes630
|j|☆Papo12345
|html|echoes630Papo12345    
|uhtml|bestof|Game 2 of a best-of-3
|t:|1784234033
|gametype|doubles
|player|p1|echoes630|265|1266
|player|p2|Papo12345|170|1204
|gen|9
|tier|[Gen 9 Champions] VGC 2026 Reg M-B (Bo3)
|rated|
|rule|Species Clause: Limit one of each Pokémon
|rule|Item Clause: Limit 1 of each item
|clearpoke
|poke|p1|Sneasler, L50, M|
|poke|p1|Blastoise, L50, M|
|poke|p1|Kingambit, L50, M|
|poke|p1|Incineroar, L50, M|
|poke|p1|Delphox, L50, F|
|poke|p1|Sinistcha, L50|
|poke|p2|Floette-Eternal, L50, F|
|poke|p2|Charizard, L50, M|
|poke|p2|Incineroar, L50, F|
|poke|p2|Basculegion, L50, M|
|poke|p2|Whimsicott, L50, M|
|poke|p2|Garchomp, L50, F|
|teampreview|4
|showteam|p1|Sneasler||FocusSash|PoisonTouch|PoisonJab,CloseCombat,FakeOut,QuickGuard|Jolly||M|||50|]Blastoise||Blastoisinite|RainDish|DarkPulse,WaterSpout,ShellSmash,Protect|Modest||M|||50|]Kingambit||BlackGlasses|Defiant|KowtowCleave,SuckerPunch,SwordsDance,Protect|Adamant||M|||50|]Incineroar||SitrusBerry|Intimidate|FlareBlitz,HelpingHand,PartingShot,FakeOut|Careful||M|||50|]Delphox||Delphoxite|Blaze|HeatWave,NastyPlot,Psyshock,Protect|Modest||F|||50|]Sinistcha||KasibBerry|Hospitality|MatchaGotcha,RagePowder,TrickRoom,Protect|Bold|||||50|
|showteam|p2|Floette-Eternal||Floettite|FlowerVeil|DazzlingGleam,Moonblast,LightofRuin,Protect|Modest||F|||50|]Charizard||CharizarditeY|Blaze|HeatWave,WeatherBall,SolarBeam,Protect|Modest||M|||50|]Incineroar||SitrusBerry|Intimidate|FlareBlitz,ThroatChop,PartingShot,FakeOut|Careful||F|||50|]Basculegion||LifeOrb|Adaptability|WaveCrash,LastRespects,AquaJet,Protect|Adamant||M|||50|]Whimsicott||FocusSash|Prankster|Moonblast,Tailwind,Encore,Protect|Timid||M|||50|]Garchomp||ChoiceScarf|RoughSkin|RockSlide,DragonClaw,Earthquake,StompingTantrum|Adamant||F|||50|
|inactive|Battle timer is ON: inactive players will automatically lose when time's up. (requested by echoes630)
|
|t:|1784234215
|teamsize|p1|4
|teamsize|p2|4
|start
|switch|p1a: Incineroar|Incineroar, L50, M|100/100
|switch|p1b: Delphox|Delphox, L50, F|100/100
|switch|p2a: Charizard|Charizard, L50, M|100/100
|switch|p2b: Basculegion|Basculegion, L50, M|100/100
|-ability|p1a: Incineroar|Intimidate|boost
|-unboost|p2a: Charizard|atk|1
|-unboost|p2b: Basculegion|atk|1
|turn|1
|inactive|Papo12345 has 30 seconds left.
|inactive|echoes630 has 30 seconds left.
|
|t:|1784234248
|detailschange|p1b: Delphox|Delphox-Mega, L50, F
|-mega|p1b: Delphox|Delphox|Delphoxite
|move|p1b: Delphox|Protect|p1b: Delphox
|-singleturn|p1b: Delphox|Protect
|move|p2a: Charizard|Heat Wave|p1a: Incineroar|[spread] p1a
|-activate|p1b: Delphox|move: Protect
|-resisted|p1a: Incineroar|1
|-damage|p1a: Incineroar|87/100
|move|p2b: Basculegion|Wave Crash|p1a: Incineroar
|-supereffective|p1a: Incineroar|1
|-damage|p1a: Incineroar|0 fnt
|faint|p1a: Incineroar
|-damage|p2b: Basculegion|70/100|[from] Recoil
|-damage|p2b: Basculegion|61/100|[from] item: Life Orb
|
|upkeep
|
|t:|1784234261
|switch|p1a: Sneasler|Sneasler, L50, M|100/100
|turn|2
|inactive|echoes630 has 30 seconds left.
|inactive|Papo12345 has 30 seconds left.
|inactive|Papo12345 has 20 seconds left.
|inactive|Papo12345 has 15 seconds left.
|inactive|Papo12345 has 10 seconds left.
|inactive|Papo12345 has 5 seconds left.
|
|t:|1784234315
|move|p2b: Basculegion|Aqua Jet|p1b: Delphox
|-supereffective|p1b: Delphox|1
|-damage|p1b: Delphox|42/100
|-damage|p2b: Basculegion|51/100|[from] item: Life Orb
|move|p1a: Sneasler|Poison Jab|p2b: Basculegion
|-resisted|p2b: Basculegion|1
|-damage|p2b: Basculegion|29/100
|-status|p2b: Basculegion|psn
|move|p1b: Delphox|Psyshock|p2b: Basculegion
|-damage|p2b: Basculegion|0 fnt
|faint|p2b: Basculegion
|move|p2a: Charizard|Heat Wave|p1a: Sneasler|[spread] p1a,p1b
|-resisted|p1b: Delphox|1
|-damage|p1a: Sneasler|61/100
|-damage|p1b: Delphox|29/100
|-status|p1a: Sneasler|brn
|
|-damage|p1a: Sneasler|55/100 brn|[from] brn
|upkeep
|
|t:|1784234340
|switch|p2b: Garchomp|Garchomp, L50, F|100/100
|turn|3
|
|t:|1784234356
|switch|p1a: Sinistcha|Sinistcha, L50|100/100
|-heal|p1b: Delphox|54/100|[from] ability: Hospitality|[of] p1a: Sinistcha
|detailschange|p2a: Charizard|Charizard-Mega-Y, L50, M
|-mega|p2a: Charizard|Charizard|Charizardite Y
|-weather|SunnyDay|[from] ability: Drought|[of] p2a: Charizard
|move|p1b: Delphox|Protect|p1b: Delphox
|-singleturn|p1b: Delphox|Protect
|move|p2b: Garchomp|Rock Slide|p1a: Sinistcha|[spread] 
|-activate|p1b: Delphox|move: Protect
|-miss|p2b: Garchomp|p1a: Sinistcha
|move|p2a: Charizard|Heat Wave|p1a: Sinistcha|[spread] p1a
|-activate|p1b: Delphox|move: Protect
|-supereffective|p1a: Sinistcha|1
|-damage|p1a: Sinistcha|0 fnt
|faint|p1a: Sinistcha
|
|-weather|SunnyDay|[upkeep]
|upkeep
|
|t:|1784234379
|switch|p1a: Sneasler|Sneasler, L50, M|55/100 brn
|turn|4
|
|t:|1784234402
|move|p1a: Sneasler|Fake Out|p2b: Garchomp
|-damage|p2b: Garchomp|93/100
|-damage|p1a: Sneasler|43/100 brn|[from] ability: Rough Skin|[of] p2b: Garchomp
|cant|p2b: Garchomp|flinch
|move|p1b: Delphox|Psyshock|p2b: Garchomp
|-damage|p2b: Garchomp|50/100g
|move|p2a: Charizard|Weather Ball|p1a: Sneasler
|-damage|p1a: Sneasler|0 fnt
|faint|p1a: Sneasler
|
|-weather|SunnyDay|[upkeep]
|upkeep
|turn|5
|
|t:|1784234408
|move|p2b: Garchomp|Rock Slide|p1b: Delphox
|-supereffective|p1b: Delphox|1
|-damage|p1b: Delphox|0 fnt
|faint|p1b: Delphox
|
|win|Papo12345
||Papo12345 is ready for game 3.
|inactive|echoes630 has 30 seconds to confirm battle start!
|inactive|echoes630 has 20 seconds to confirm battle start!
|inactive|echoes630 has 10 seconds to confirm battle start!
||echoes630 is ready for game 3.
|uhtml|next|Next: Game 3 of 3
