|j|☆jc1701
|j|☆steelag0
|html|jc1701steelag0    
|uhtml|bestof|Game 1 of a best-of-3
|t:|1782473130
|gametype|doubles
|player|p1|jc1701|266|1046
|player|p2|steelag0|265|1087
|gen|9
|tier|[Gen 9 Champions] VGC 2026 Reg M-B (Bo3)
|rated|
|rule|Species Clause: Limit one of each Pokémon
|rule|Item Clause: Limit 1 of each item
|clearpoke
|poke|p1|Swampert, L50, M|
|poke|p1|Pelipper, L50, F|
|poke|p1|Archaludon, L50, F|
|poke|p1|Grimmsnarl, L50, M|
|poke|p1|Venusaur, L50, M|
|poke|p1|Basculegion, L50, M|
|poke|p2|Blaziken, L50, F|
|poke|p2|Hydreigon, L50, F|
|poke|p2|Basculegion, L50, M|
|poke|p2|Whimsicott, L50, F|
|poke|p2|Farigiraf, L50, F|
|poke|p2|Metagross, L50|
|teampreview|4
|showteam|p1|Swampert||Swampertite|Torrent|WaveCrash,Earthquake,IcePunch,Protect|Adamant||M|||50|]Pelipper||LifeOrb|Drizzle|WeatherBall,Tailwind,Protect,Hurricane|Modest||F|||50|]Archaludon||Leftovers|Stamina|DragonPulse,FlashCannon,ElectroShot,Protect|Modest||F|||50|]Grimmsnarl||LightClay|Prankster|LightScreen,Reflect,PartingShot,SpiritBreak|Careful||M|||50|]Venusaur||Venusaurite|Chlorophyll|EnergyBall,SludgeBomb,Protect,LeechSeed|Modest||M|||50|]Basculegion||ChoiceScarf|Adaptability|WaveCrash,AquaJet,LastRespects,FlipTurn|Jolly||M|||50|
|showteam|p2|Blaziken||Blazikenite|SpeedBoost|FlareBlitz,CloseCombat,RockSlide,Detect|Adamant||F|||50|]Hydreigon||ChoiceScarf|Levitate|DracoMeteor,DarkPulse,EarthPower,Snarl|Modest||F|||50|]Basculegion||LifeOrb|Adaptability|WaveCrash,LastRespects,AquaJet,Protect|Adamant||M|||50|]Whimsicott||FocusSash|Prankster|Moonblast,Encore,Tailwind,Protect|Timid||F|||50|]Farigiraf||SitrusBerry|ArmorTail|Psychic,Thunderbolt,Roar,TrickRoom|Bold||F|||50|]Metagross||Metagrossite|ClearBody|PsychicFangs,IronHead,StompingTantrum,Protect|Jolly|||||50|
|inactive|Battle timer is ON: inactive players will automatically lose when time's up. (requested by jc1701)
|inactive|steelag0 has 60 seconds left.
|
|t:|1782473191
|teamsize|p1|4
|teamsize|p2|4
|start
|switch|p1a: Paco|Grimmsnarl, L50, M|100/100
|switch|p1b: CBUM|Swampert, L50, M|100/100
|switch|p2a: Whimsicott|Whimsicott, L50, F|100/100
|switch|p2b: Metagross|Metagross, L50|100/100
|turn|1
|
|t:|1782473214
|detailschange|p2b: Metagross|Metagross-Mega, L50
|-mega|p2b: Metagross|Metagross|Metagrossite
|detailschange|p1b: CBUM|Swampert-Mega, L50, M
|-mega|p1b: CBUM|Swampert|Swampertite
|move|p2a: Whimsicott|Tailwind|p2a: Whimsicott
|-sidestart|p2: steelag0|move: Tailwind
|move|p1a: Paco|Parting Shot|p2b: Metagross
|-unboost|p2b: Metagross|atk|1
|-unboost|p2b: Metagross|spa|1
|
|t:|1782473222
|switch|p1a: Jose Luis|Pelipper, L50, F|100/100|[from] Parting Shot
|-weather|RainDance|[from] ability: Drizzle|[of] p1a: Jose Luis
|move|p2b: Metagross|Psychic Fangs|p1b: CBUM
|-damage|p1b: CBUM|63/100
|move|p1b: CBUM|Ice Punch|p2a: Whimsicott
|-supereffective|p2a: Whimsicott|1
|-enditem|p2a: Whimsicott|Focus Sash
|-damage|p2a: Whimsicott|1/100
|
|-weather|RainDance|[upkeep]
|upkeep
|turn|2
|inactive|steelag0 has 30 seconds left.
|
|t:|1782473249
|move|p1b: CBUM|Protect|p1b: CBUM
|-singleturn|p1b: CBUM|Protect
|move|p2a: Whimsicott|Encore|p1b: CBUM
|-activate|p1b: CBUM|move: Protect
|move|p2b: Metagross|Psychic Fangs|p1a: Jose Luis
|-damage|p1a: Jose Luis|46/100
|move|p1a: Jose Luis|Tailwind|p1a: Jose Luis
|-sidestart|p1: jc1701|move: Tailwind
|
|-weather|RainDance|[upkeep]
|upkeep
|turn|3
|inactive|jc1701 has 30 seconds left.
|
|t:|1782473278
|switch|p1b: Paco|Grimmsnarl, L50, M|100/100
|move|p2a: Whimsicott|Encore|p1b: Paco
|-hint|Since gen 7, Dark is immune to Prankster moves.
|-immune|p1b: Paco
|move|p2b: Metagross|Psychic Fangs|p1a: Jose Luis
|-damage|p1a: Jose Luis|0 fnt
|faint|p1a: Jose Luis
|
|-weather|RainDance|[upkeep]
|upkeep
|
|t:|1782473286
|switch|p1a: CBUM|Swampert-Mega, L50, M|63/100
|turn|4
|
|t:|1782473305
|move|p2a: Whimsicott|Protect|p2a: Whimsicott
|-singleturn|p2a: Whimsicott|Protect
|move|p1b: Paco|Reflect|p1b: Paco
|-sidestart|p1: jc1701|Reflect
|move|p1a: CBUM|Earthquake|p2a: Whimsicott|[spread] p1b,p2b
|-activate|p2a: Whimsicott|move: Protect
|-supereffective|p2b: Metagross|1
|-damage|p1b: Paco|59/100
|-damage|p2b: Metagross|20/100r
|move|p2b: Metagross|Psychic Fangs|p1a: CBUM
|-sideend|p1: jc1701|Reflect
|-damage|p1a: CBUM|24/100
|
|-weather|RainDance|[upkeep]
|-sideend|p2: steelag0|move: Tailwind
|upkeep
|turn|5
|inactive|jc1701 has 30 seconds left.
|
|t:|1782473339
|move|p1a: CBUM|Protect|p1a: CBUM
|-singleturn|p1a: CBUM|Protect
|move|p2b: Metagross|Protect|p2b: Metagross
|-singleturn|p2b: Metagross|Protect
|move|p2a: Whimsicott|Tailwind|p2a: Whimsicott
|-sidestart|p2: steelag0|move: Tailwind
|move|p1b: Paco|Parting Shot|p2b: Metagross
|-activate|p2b: Metagross|move: Protect
|
|-weather|none
|-sideend|p1: jc1701|move: Tailwind
|upkeep
|turn|6
|inactive|steelag0 has 30 seconds left.
|
|t:|1782473369
|switch|p2b: Hydreigon|Hydreigon, L50, F|100/100
|move|p1a: CBUM|Protect||[still]
|-fail|p1a: CBUM
|move|p2a: Whimsicott|Encore|p1a: CBUM
|-start|p1a: CBUM|Encore
|move|p1b: Paco|Spirit Break|p2b: Hydreigon
|-supereffective|p2b: Hydreigon|2
|-damage|p2b: Hydreigon|0 fnt
|faint|p2b: Hydreigon
|
|upkeep
|
|t:|1782473390
|switch|p2b: Basculegion|Basculegion, L50, M|100/100
|turn|7
|
|t:|1782473401
|switch|p1a: fyahbwoy|Venusaur, L50, M|100/100
|move|p1b: Paco|Reflect|p1b: Paco
|-sidestart|p1: jc1701|Reflect
|move|p2a: Whimsicott|Moonblast|p1b: Paco
|-supereffective|p1b: Paco|1
|-damage|p1b: Paco|0 fnt
|faint|p1b: Paco
|move|p2b: Basculegion|Last Respects|p1a: fyahbwoy
|-damage|p1a: fyahbwoy|34/100
|-damage|p2b: Basculegion|90/100|[from] item: Life Orb
|
|upkeep
|
|t:|1782473415
|switch|p1b: CBUM|Swampert-Mega, L50, M|24/100
|turn|8
|
|t:|1782473431
|move|p2a: Whimsicott|Moonblast|p1b: CBUM
|-damage|p1b: CBUM|0 fnt
|faint|p1b: CBUM
|move|p2b: Basculegion|Last Respects|p1a: fyahbwoy
|-damage|p1a: fyahbwoy|0 fnt
|faint|p1a: fyahbwoy
|-damage|p2b: Basculegion|80/100|[from] item: Life Orb
|
|win|steelag0
|inactive|jc1701 has 30 seconds to confirm battle start!
|inactive|steelag0 has 30 seconds to confirm battle start!
||steelag0 is ready for game 2.
||jc1701 is ready for game 2.
|uhtml|next|Next: Game 2 of 3
|l|☆jc1701
|player|p1|
