|j|☆siamocucinatidoc
|j|‽ernestosparalesto1
|html|siamocucinatidocernestosparalesto1    
|uhtml|bestof|Game 2 of a best-of-3
|t:|1783846809
|gametype|doubles
|player|p1|siamocucinatidoc|2|1073
|player|p2|ernestosparalesto1|2|1096
|gen|9
|tier|[Gen 9 Champions] VGC 2026 Reg M-B (Bo3)
|rated|
|rule|Species Clause: Limit one of each Pokémon
|rule|Item Clause: Limit 1 of each item
|clearpoke
|poke|p1|Gholdengo, L50|
|poke|p1|Aerodactyl, L50, M|
|poke|p1|Incineroar, L50, M|
|poke|p1|Sinistcha-Masterpiece, L50|
|poke|p1|Kommo-o, L50, M|
|poke|p1|Charizard, L50, F|
|poke|p2|Mamoswine, L50, F|
|poke|p2|Samurott-Hisui, L50, F|
|poke|p2|Dragalge, L50, F|
|poke|p2|Sinistcha, L50|
|poke|p2|Rotom-Wash, L50|
|poke|p2|Pyroar, L50, M|
|teampreview|4
|showteam|p1|Gholdengo||ColburBerry|GoodasGold|MakeItRain,ShadowBall,NastyPlot,Protect|Modest|||||50|]Aerodactyl||Aerodactylite|Unnerve|Tailwind,RockSlide,DualWingbeat,WideGuard|Jolly||M|||50|]Incineroar||SitrusBerry|Intimidate|FakeOut,FlareBlitz,ThroatChop,PartingShot|Careful||M|||50|]Sinistcha-Masterpiece||KasibBerry|Hospitality|MatchaGotcha,RagePowder,TrickRoom,LifeDew|Bold|||||50|]Kommo-o||Leftovers|Soundproof|ClangingScales,AuraSphere,ClangorousSoul,Protect|Timid||M|||50|]Charizard||CharizarditeY|SolarPower|HeatWave,WeatherBall,SolarBeam,Protect|Modest||F|||50|
|showteam|p2|Mamoswine||LifeOrb|Oblivious|IcicleCrash,HighHorsepower,IceShard,Protect|Adamant||F|||50|]Samurott-Hisui||ExpertBelt|Sharpness|CeaselessEdge,SacredSword,SuckerPunch,Protect|Adamant||F|||50|]Dragalge||Dragalgite|PoisonPoint|DracoMeteor,SludgeBomb,Toxic,Protect|Calm||F|||50|]Sinistcha||KasibBerry|Hospitality|MatchaGotcha,TrickRoom,RagePowder,Protect|Relaxed|||||50|]Rotom-Wash||Leftovers|Levitate|Thunderbolt,HydroPump,WillOWisp,Protect|Bold|||||50|]Pyroar||Pyroarite|Rivalry|HeatWave,Overheat,HyperVoice,Protect|Timid||M|||50|
|inactive|Battle timer is ON: inactive players will automatically lose when time's up. (requested by ernestosparalesto1)
|
|t:|1783846837
|teamsize|p1|4
|teamsize|p2|4
|start
|switch|p1a: Charizard|Charizard, L50, F|100/100
|switch|p1b: Aerodactyl|Aerodactyl, L50, M|100/100
|switch|p2a: Dragalge|Dragalge, L50, F|100/100
|switch|p2b: Rotom|Rotom-Wash, L50|100/100
|-ability|p1b: Aerodactyl|Unnerve
|turn|1
|inactive|ernestosparalesto1 has 30 seconds left.
|
|t:|1783846863
|switch|p2b: Sinistcha|Sinistcha, L50|100/100
|detailschange|p1a: Charizard|Charizard-Mega-Y, L50, F
|-mega|p1a: Charizard|Charizard|Charizardite Y
|-weather|SunnyDay|[from] ability: Drought|[of] p1a: Charizard
|detailschange|p2a: Dragalge|Dragalge-Mega, L50, F
|-mega|p2a: Dragalge|Dragalge|Dragalgite
|move|p1b: Aerodactyl|Rock Slide|p2a: Dragalge|[spread] p2a,p2b
|-damage|p2a: Dragalge|79/100
|-damage|p2b: Sinistcha|86/100
|move|p1a: Charizard|Solar Beam||[still]
|-prepare|p1a: Charizard|Solar Beam
|-anim|p1a: Charizard|Solar Beam|p2b: Sinistcha
|-resisted|p2b: Sinistcha|1
|-damage|p2b: Sinistcha|61/100
|move|p2a: Dragalge|Sludge Bomb|p1a: Charizard
|-damage|p1a: Charizard|60/100
|-status|p1a: Charizard|psn
|
|-weather|SunnyDay|[upkeep]
|-damage|p1a: Charizard|48/100 psn|[from] psn
|upkeep
|turn|2
|inactive|siamocucinatidoc has 30 seconds left.
|inactive|ernestosparalesto1 has 30 seconds left.
|inactive|siamocucinatidoc has 20 seconds left.
|inactive|ernestosparalesto1 has 20 seconds left.
|inactive|ernestosparalesto1 has 15 seconds left.
|
|t:|1783846904
|switch|p1a: Gholdengo|Gholdengo, L50|100/100
|switch|p2b: Rotom|Rotom-Wash, L50|100/100
|move|p1b: Aerodactyl|Dual Wingbeat|p2b: Rotom
|-resisted|p2b: Rotom|1
|-damage|p2b: Rotom|94/100
|-resisted|p2b: Rotom|1
|-damage|p2b: Rotom|88/100
|-hitcount|p2b: Rotom|2
|move|p2a: Dragalge|Draco Meteor|p1b: Aerodactyl|[miss]
|-miss|p2a: Dragalge|p1b: Aerodactyl
|
|-weather|SunnyDay|[upkeep]
|-heal|p2b: Rotom|94/100|[from] item: Leftovers
|upkeep
|turn|3
|inactive|ernestosparalesto1 has 30 seconds left.
|inactive|ernestosparalesto1 has 20 seconds left.
|
|t:|1783846940
|-heal|p2a: Dragalge|100/100|[from] ability: Regenerator|[silent]
|switch|p2a: Mamoswine|Mamoswine, L50, F|100/100
|move|p1b: Aerodactyl|Tailwind|p1b: Aerodactyl
|-sidestart|p1: siamocucinatidoc|move: Tailwind
|move|p1a: Gholdengo|Nasty Plot|p1a: Gholdengo
|-boost|p1a: Gholdengo|spa|2
|move|p2b: Rotom|Thunderbolt|p1b: Aerodactyl
|-supereffective|p1b: Aerodactyl|1
|-damage|p1b: Aerodactyl|19/100
|
|-weather|SunnyDay|[upkeep]
|-heal|p2b: Rotom|100/100|[from] item: Leftovers
|upkeep
|turn|4
|inactive|siamocucinatidoc has 30 seconds left.
|inactive|siamocucinatidoc has 20 seconds left.
|inactive|siamocucinatidoc has 15 seconds left.
|inactive|siamocucinatidoc has 10 seconds left.
|inactive|siamocucinatidoc has 5 seconds left.
|
|t:|1783846993
|switch|p2a: Dragalge|Dragalge-Mega, L50, F|100/100
|move|p1b: Aerodactyl|Rock Slide|p2a: Dragalge|[spread] p2a,p2b
|-damage|p2a: Dragalge|77/100
|-damage|p2b: Rotom|84/100
|move|p1a: Gholdengo|Make It Rain|p2a: Dragalge|[spread] p2a,p2b
|-resisted|p2b: Rotom|2
|-damage|p2a: Dragalge|27/100
|-damage|p2b: Rotom|59/100
|-unboost|p1a: Gholdengo|spa|2
|move|p2b: Rotom|Thunderbolt|p1a: Gholdengo
|-damage|p1a: Gholdengo|68/100
|
|-weather|SunnyDay|[upkeep]
|-heal|p2b: Rotom|65/100|[from] item: Leftovers
|upkeep
|turn|5
|
|t:|1783847013
|switch|p1b: Sinistcha|Sinistcha-Masterpiece, L50|100/100
|-heal|p1a: Gholdengo|93/100|[from] ability: Hospitality|[of] p1b: Sinistcha
|-heal|p2a: Dragalge|61/100|[from] ability: Regenerator|[silent]
|switch|p2a: Sinistcha|Sinistcha, L50|61/100
|-heal|p2b: Rotom|90/100|[from] ability: Hospitality|[of] p2a: Sinistcha
|move|p1a: Gholdengo|Nasty Plot|p1a: Gholdengo
|-boost|p1a: Gholdengo|spa|2
|move|p2b: Rotom|Thunderbolt|p1b: Sinistcha
|-resisted|p1b: Sinistcha|1
|-damage|p1b: Sinistcha|84/100
|
|-weather|none
|-heal|p2b: Rotom|96/100|[from] item: Leftovers
|upkeep
|turn|6
|inactive|ernestosparalesto1 has 30 seconds left.
|
|t:|1783847042
|move|p2a: Sinistcha|Protect|p2a: Sinistcha
|-singleturn|p2a: Sinistcha|Protect
|move|p1b: Sinistcha|Rage Powder|p1b: Sinistcha
|-singleturn|p1b: Sinistcha|move: Rage Powder
|move|p1a: Gholdengo|Shadow Ball|p2a: Sinistcha
|-activate|p2a: Sinistcha|move: Protect
|move|p2b: Rotom|Thunderbolt|p1b: Sinistcha
|-resisted|p1b: Sinistcha|1
|-damage|p1b: Sinistcha|68/100
|
|-heal|p2b: Rotom|100/100|[from] item: Leftovers
|-sideend|p1: siamocucinatidoc|move: Tailwind
|upkeep
|turn|7
|
|t:|1783847062
|switch|p2b: Mamoswine|Mamoswine, L50, F|100/100
|move|p2a: Sinistcha|Protect||[still]
|-fail|p2a: Sinistcha
|move|p1a: Gholdengo|Shadow Ball|p2a: Sinistcha
|-supereffective|p2a: Sinistcha|1
|-enditem|p2a: Sinistcha|Kasib Berry|[eat]
|-enditem|p2a: Sinistcha|Kasib Berry|[weaken]
|-damage|p2a: Sinistcha|0 fnt
|faint|p2a: Sinistcha
|move|p1b: Sinistcha|Matcha Gotcha|p2b: Mamoswine
|-supereffective|p2b: Mamoswine|1
|-damage|p2b: Mamoswine|0 fnt
|-heal|p1b: Sinistcha|100/100|[from] drain|[of] p2b: Mamoswine
|faint|p2b: Mamoswine
|
|upkeep
|-message|ernestosparalesto1 forfeited.
|raw|siamocucinatidoc's rating: 1073 → 1104(+31 for winning)
|raw|ernestosparalesto1's rating: 1096 → 1070(-26 for losing)
|
|win|siamocucinatidoc
|l|‽ernestosparalesto1
|player|p2|
