|j|☆Lego Darth Malgus
|j|☆crudo de fava
|html|Lego Darth Malguscrudo de fava    
|uhtml|bestof|Game 2 of a best-of-3
|t:|1756561579
|gametype|doubles
|player|p1|Lego Darth Malgus|265|1211
|player|p2|crudo de fava|cyclist-gen4|1265
|gen|9
|tier|[Gen 9] VGC 2025 Reg H (Bo3)
|rated|
|rule|Species Clause: Limit one of each Pokémon
|rule|Item Clause: Limit 1 of each item
|clearpoke
|poke|p1|Kommo-o, L50, F|
|poke|p1|Tyranitar, L50, F|
|poke|p1|Excadrill, L50, F|
|poke|p1|Samurott-Hisui, L50, M|
|poke|p1|Rillaboom, L50, M|
|poke|p1|Volcarona, L50, M|
|poke|p2|Charizard, L50, M|
|poke|p2|Torkoal, L50, M|
|poke|p2|Porygon2, L50|
|poke|p2|Incineroar, L50, M|
|poke|p2|Jumpluff, L50, F|
|poke|p2|Ursaluna, L50, M|
|teampreview|4
|showteam|p1|Kommo-o||GrassySeed|Overcoat|BodyPress,IronDefense,Protect,DragonPulse|||F|||50|,,,,,Fairy]Tyranitar||ChoiceScarf|SandStream|RockSlide,KnockOff,TeraBlast,LowKick|||F|||50|,,,,,Flying]Excadrill||FocusSash|SandRush|HighHorsepower,IronHead,RockSlide,Protect|||F|||50|,,,,,Ghost]Samurott-Hisui||AssaultVest|Sharpness|CeaselessEdge,RazorShell,SacredSword,SuckerPunch|||M|||50|,,,,,Ghost]Rillaboom||MiracleSeed|GrassySurge|FakeOut,DrumBeating,GrassyGlide,Taunt|||M|||50|,,,,,Water]Volcarona||SitrusBerry|FlameBody|QuiverDance,HeatWave,TeraBlast,Protect|||M|||50|,,,,,Fairy
|showteam|p2|Charizard||ChoiceSpecs|SolarPower|HeatWave,Overheat,WeatherBall,AirSlash|||M|||50|,,,,,Ghost]Torkoal||EjectPack|Drought|Eruption,Overheat,HelpingHand,Protect|||M|||50|,,,,,Fire]Porygon2||Eviolite|Download|TeraBlast,IceBeam,Recover,TrickRoom||||||50|,,,,,Fighting]Incineroar||SitrusBerry|Intimidate|FlareBlitz,KnockOff,FakeOut,PartingShot|||M|||50|,,,,,Ghost]Jumpluff||CovertCloak|Chlorophyll|SleepPowder,SunnyDay,RagePowder,Tailwind|||F|||50|,,,,,Water]Ursaluna||FlameOrb|Guts|HeadlongRush,Facade,Earthquake,Protect|||M|||50|,,,,,Ghost
|inactive|Battle timer is ON: inactive players will automatically lose when time's up. (requested by Lego Darth Malgus)
|inactive|crudo de fava has 60 seconds left.
|
|t:|1756561622
|teamsize|p1|4
|teamsize|p2|4
|start
|switch|p1a: Tyranitar|Tyranitar, L50, F|100/100
|switch|p1b: Rillaboom|Rillaboom, L50, M, shiny|100/100
|switch|p2a: Incineroar|Incineroar, L50, M|100/100
|switch|p2b: Porygon2|Porygon2, L50|100/100
|-weather|Sandstorm|[from] ability: Sand Stream|[of] p1a: Tyranitar
|-fieldstart|move: Grassy Terrain|[from] ability: Grassy Surge|[of] p1b: Rillaboom
|-ability|p2a: Incineroar|Intimidate|boost
|-unboost|p1a: Tyranitar|atk|1
|-unboost|p1b: Rillaboom|atk|1
|-ability|p2b: Porygon2|Download|boost
|-boost|p2b: Porygon2|spa|1
|turn|1
|inactive|crudo de fava has 30 seconds left.
|inactive|crudo de fava has 20 seconds left.
|inactive|crudo de fava has 15 seconds left.
|inactive|crudo de fava has 10 seconds left.
|
|t:|1756561669
|switch|p1a: Kommo-o|Kommo-o, L50, F, shiny|100/100
|-enditem|p1a: Kommo-o|Grassy Seed
|-boost|p1a: Kommo-o|def|1|[from] item: Grassy Seed
|-terastallize|p2b: Porygon2|Fighting
|move|p1b: Rillaboom|Fake Out|p2b: Porygon2
|-damage|p2b: Porygon2|94/100
|move|p2a: Incineroar|Fake Out|p1b: Rillaboom
|-damage|p1b: Rillaboom|87/100
|cant|p2b: Porygon2|flinch
|
|-weather|Sandstorm|[upkeep]
|-damage|p1b: Rillaboom|82/100|[from] Sandstorm
|-damage|p2a: Incineroar|95/100|[from] Sandstorm
|-damage|p2b: Porygon2|87/100|[from] Sandstorm
|-heal|p1b: Rillaboom|87/100|[from] Grassy Terrain
|-heal|p2a: Incineroar|100/100|[from] Grassy Terrain
|-heal|p2b: Porygon2|94/100|[from] Grassy Terrain
|upkeep
|turn|2
|inactive|crudo de fava has 30 seconds left.
|inactive|crudo de fava has 20 seconds left.
|
|t:|1756561708
|switch|p2a: Torkoal|Torkoal, L50, M|100/100
|-weather|SunnyDay|[from] ability: Drought|[of] p2a: Torkoal
|-terastallize|p1a: Kommo-o|Fairy
|move|p1b: Rillaboom|Taunt|p2b: Porygon2
|-start|p2b: Porygon2|move: Taunt
|move|p1a: Kommo-o|Body Press|p2a: Torkoal
|-damage|p2a: Torkoal|51/100
|move|p2b: Porygon2|Ice Beam|p1a: Kommo-o
|-damage|p1a: Kommo-o|55/100
|
|-weather|SunnyDay|[upkeep]
|-heal|p1b: Rillaboom|93/100|[from] Grassy Terrain
|-heal|p1a: Kommo-o|61/100|[from] Grassy Terrain
|-heal|p2b: Porygon2|99/100|[from] Grassy Terrain
|-heal|p2a: Torkoal|57/100|[from] Grassy Terrain
|upkeep
|turn|3
|inactive|Lego Darth Malgus has 30 seconds left.
|
|t:|1756561738
|switch|p1b: Tyranitar|Tyranitar, L50, F|100/100
|-weather|Sandstorm|[from] ability: Sand Stream|[of] p1b: Tyranitar
|switch|p2b: Incineroar|Incineroar, L50, M|100/100
|-ability|p2b: Incineroar|Intimidate|boost
|-unboost|p1a: Kommo-o|atk|1
|-unboost|p1b: Tyranitar|atk|1
|move|p1a: Kommo-o|Protect|p1a: Kommo-o
|-singleturn|p1a: Kommo-o|Protect
|move|p2a: Torkoal|Overheat|p1a: Kommo-o
|-activate|p1a: Kommo-o|move: Protect
|
|-weather|Sandstorm|[upkeep]
|-damage|p2b: Incineroar|95/100|[from] Sandstorm
|-damage|p2a: Torkoal|51/100|[from] Sandstorm
|-heal|p1a: Kommo-o|67/100|[from] Grassy Terrain
|-heal|p2b: Incineroar|100/100|[from] Grassy Terrain
|-heal|p2a: Torkoal|57/100|[from] Grassy Terrain
|upkeep
|turn|4
|inactive|crudo de fava has 30 seconds left.
|
|t:|1756561764
|switch|p1b: Samurott|Samurott-Hisui, L50, M, shiny|100/100
|switch|p2a: Porygon2|Porygon2, L50, tera:Fighting|99/100
|-ability|p2a: Porygon2|Download|boost
|-boost|p2a: Porygon2|spa|1
|move|p2b: Incineroar|Fake Out|p1a: Kommo-o
|-damage|p1a: Kommo-o|62/100
|cant|p1a: Kommo-o|flinch
|
|-weather|Sandstorm|[upkeep]
|-damage|p1b: Samurott|94/100|[from] Sandstorm
|-damage|p2b: Incineroar|95/100|[from] Sandstorm
|-damage|p2a: Porygon2|94/100|[from] Sandstorm
|-heal|p1b: Samurott|100/100|[from] Grassy Terrain
|-heal|p1a: Kommo-o|67/100|[from] Grassy Terrain
|-heal|p2b: Incineroar|100/100|[from] Grassy Terrain
|-heal|p2a: Porygon2|99/100|[from] Grassy Terrain
|upkeep
|turn|5
|
|t:|1756561785
|switch|p2b: Torkoal|Torkoal, L50, M|57/100
|-weather|SunnyDay|[from] ability: Drought|[of] p2b: Torkoal
|move|p1b: Samurott|Razor Shell|p2a: Porygon2
|-damage|p2a: Porygon2|81/100
|-unboost|p2a: Porygon2|def|1
|move|p1a: Kommo-o|Body Press|p2a: Porygon2
|-damage|p2a: Porygon2|12/100
|move|p2a: Porygon2|Trick Room|p2a: Porygon2
|-fieldstart|move: Trick Room|[of] p2a: Porygon2
|
|-weather|SunnyDay|[upkeep]
|-heal|p2b: Torkoal|63/100|[from] Grassy Terrain
|-heal|p2a: Porygon2|18/100|[from] Grassy Terrain
|-heal|p1a: Kommo-o|73/100|[from] Grassy Terrain
|-fieldend|move: Grassy Terrain
|upkeep
|turn|6
|
|t:|1756561807
|switch|p1a: Tyranitar|Tyranitar, L50, F|100/100
|-weather|Sandstorm|[from] ability: Sand Stream|[of] p1a: Tyranitar
|move|p1b: Samurott|Sucker Punch|p2a: Porygon2
|-resisted|p2a: Porygon2
|-damage|p2a: Porygon2|0 fnt
|faint|p2a: Porygon2
|move|p2b: Torkoal|Eruption|p1a: Tyranitar|[spread] p1a,p1b
|-resisted|p1a: Tyranitar
|-resisted|p1b: Samurott
|-damage|p1a: Tyranitar|91/100
|-damage|p1b: Samurott|85/100
|
|-weather|Sandstorm|[upkeep]
|-damage|p2b: Torkoal|57/100|[from] Sandstorm
|-damage|p1b: Samurott|79/100|[from] Sandstorm
|upkeep
|
|t:|1756561819
|switch|p2a: Ursaluna|Ursaluna, L50, M|100/100
|turn|7
|inactive|Lego Darth Malgus has 30 seconds left.
|inactive|crudo de fava has 30 seconds left.
|
|t:|1756561848
|switch|p1a: Rillaboom|Rillaboom, L50, M, shiny|93/100
|-fieldstart|move: Grassy Terrain|[from] ability: Grassy Surge|[of] p1a: Rillaboom
|move|p2b: Torkoal|Overheat|p1b: Samurott
|-resisted|p1b: Samurott
|-damage|p1b: Samurott|51/100
|-unboost|p2b: Torkoal|spa|2
|-enditem|p2b: Torkoal|Eject Pack
|
|t:|1756561856
|switch|p2b: Incineroar|Incineroar, L50, M|100/100
|-ability|p2b: Incineroar|Intimidate|boost
|-unboost|p1a: Rillaboom|atk|1
|-unboost|p1b: Samurott|atk|1
|move|p2a: Ursaluna|Headlong Rush|p1b: Samurott
|-damage|p1b: Samurott|0 fnt
|-unboost|p2a: Ursaluna|def|1
|-unboost|p2a: Ursaluna|spd|1
|faint|p1b: Samurott
|
|-weather|Sandstorm|[upkeep]
|-damage|p2b: Incineroar|95/100|[from] Sandstorm
|-damage|p1a: Rillaboom|87/100|[from] Sandstorm
|-heal|p2b: Incineroar|100/100|[from] Grassy Terrain
|-heal|p1a: Rillaboom|93/100|[from] Grassy Terrain
|-status|p2a: Ursaluna|brn|[from] item: Flame Orb
|upkeep
|
|t:|1756561865
|switch|p1b: Kommo-o|Kommo-o, L50, F, shiny, tera:Fairy|73/100
|turn|8
|
|t:|1756561886
|switch|p1b: Tyranitar|Tyranitar, L50, F|91/100
|move|p2b: Incineroar|Fake Out|p1a: Rillaboom
|-damage|p1a: Rillaboom|80/100
|cant|p1a: Rillaboom|flinch
|move|p2a: Ursaluna|Facade|p1b: Tyranitar
|-resisted|p1b: Tyranitar
|-damage|p1b: Tyranitar|37/100
|
|-weather|Sandstorm|[upkeep]
|-damage|p2b: Incineroar|95/100|[from] Sandstorm
|-damage|p1a: Rillaboom|74/100|[from] Sandstorm
|-heal|p2b: Incineroar|100/100|[from] Grassy Terrain
|-heal|p1a: Rillaboom|80/100|[from] Grassy Terrain
|-heal|p1b: Tyranitar|43/100|[from] Grassy Terrain
|-damage|p2a: Ursaluna|95/100 brn|[from] brn
|upkeep
|turn|9
|
|t:|1756561895
|move|p1a: Rillaboom|Grassy Glide|p2a: Ursaluna
|-supereffective|p2a: Ursaluna
|-damage|p2a: Ursaluna|25/100 brn
|move|p2a: Ursaluna|Headlong Rush|p1b: Tyranitar
|-supereffective|p1b: Tyranitar
|-damage|p1b: Tyranitar|0 fnt
|-unboost|p2a: Ursaluna|def|1
|-unboost|p2a: Ursaluna|spd|1
|faint|p1b: Tyranitar
|move|p2b: Incineroar|Flare Blitz|p1a: Rillaboom
|-supereffective|p1a: Rillaboom
|-crit|p1a: Rillaboom
|-damage|p1a: Rillaboom|0 fnt
|faint|p1a: Rillaboom
|-damage|p2b: Incineroar|78/100|[from] Recoil
|
|-weather|Sandstorm|[upkeep]
|-damage|p2b: Incineroar|72/100|[from] Sandstorm
|-heal|p2a: Ursaluna|31/100 brn|[from] Grassy Terrain
|-heal|p2b: Incineroar|78/100|[from] Grassy Terrain
|-damage|p2a: Ursaluna|25/100 brn|[from] brn
|-fieldend|move: Trick Room
|upkeep
|
|t:|1756561898
|switch|p1b: Kommo-o|Kommo-o, L50, F, shiny, tera:Fairy|73/100
|turn|10
|
|t:|1756561915
|move|p1b: Kommo-o|Body Press|p2a: Ursaluna
|-supereffective|p2a: Ursaluna
|-damage|p2a: Ursaluna|0 fnt
|faint|p2a: Ursaluna
|move|p2b: Incineroar|Flare Blitz|p1b: Kommo-o
|-damage|p1b: Kommo-o|41/100
|-status|p1b: Kommo-o|brn
|-damage|p2b: Incineroar|69/100|[from] Recoil
|
|-weather|none
|-heal|p1b: Kommo-o|47/100 brn|[from] Grassy Terrain
|-heal|p2b: Incineroar|75/100|[from] Grassy Terrain
|-damage|p1b: Kommo-o|41/100 brn|[from] brn
|upkeep
|
|t:|1756561918
|switch|p2a: Torkoal|Torkoal, L50, M|57/100
|-weather|SunnyDay|[from] ability: Drought|[of] p2a: Torkoal
|turn|11
|
|t:|1756561922
|move|p1b: Kommo-o|Protect|p1b: Kommo-o
|-singleturn|p1b: Kommo-o|Protect
|move|p2b: Incineroar|Flare Blitz|p1b: Kommo-o
|-activate|p1b: Kommo-o|move: Protect
|move|p2a: Torkoal|Overheat|p1b: Kommo-o
|-activate|p1b: Kommo-o|move: Protect
|
|-weather|SunnyDay|[upkeep]
|-heal|p1b: Kommo-o|47/100 brn|[from] Grassy Terrain
|-heal|p2b: Incineroar|81/100|[from] Grassy Terrain
|-heal|p2a: Torkoal|63/100|[from] Grassy Terrain
|-damage|p1b: Kommo-o|41/100 brn|[from] brn
|-fieldend|move: Grassy Terrain
|upkeep
|turn|12
|
|t:|1756561928
|move|p1b: Kommo-o|Dragon Pulse|p2a: Torkoal
|-damage|p2a: Torkoal|23/100
|move|p2b: Incineroar|Flare Blitz|p1b: Kommo-o
|-damage|p1b: Kommo-o|0 fnt
|faint|p1b: Kommo-o
|-damage|p2b: Incineroar|69/100|[from] Recoil
|
|win|crudo de fava
|raw|Lego Darth Malgus's rating: 1211 → 1190(-21 for losing)
|raw|crudo de fava's rating: 1265 → 1286(+21 for winning)
