|j|☆ToyDollRi
|j|☆Abo Demi Demi
|html|ToyDollRiAbo Demi Demi    
|uhtml|bestof|Game 1 of a best-of-3
|t:|1756768132
|gametype|doubles
|player|p1|ToyDollRi|burglar|1152
|player|p2|Abo Demi Demi|unknown|1202
|gen|9
|tier|[Gen 9] VGC 2025 Reg H (Bo3)
|rated|
|rule|Species Clause: Limit one of each Pokémon
|rule|Item Clause: Limit 1 of each item
|clearpoke
|poke|p1|Electabuzz, L50, F|
|poke|p1|Kingambit, L50, M|
|poke|p1|Rillaboom, L50, M|
|poke|p1|Sneasler, L50, M|
|poke|p1|Volcarona, L50, F|
|poke|p1|Dragonite, L50, M|
|poke|p2|Rillaboom, L50, M|
|poke|p2|Sneasler, L50, F|
|poke|p2|Dragonite, L50, M|
|poke|p2|Ceruledge, L50, M|
|poke|p2|Electabuzz, L50, F|
|poke|p2|Primarina, L50, M|
|teampreview|4
|showteam|p1|Electabuzz||Eviolite|VitalSpirit|Thunderbolt,Taunt,FollowMe,Protect|||F|||50|,,,,,Ghost]Kingambit||BlackGlasses|Defiant|KowtowCleave,SuckerPunch,SwordsDance,Protect|||M|||50|,,,,,Dark]Rillaboom||AssaultVest|GrassySurge|FakeOut,HighHorsepower,WoodHammer,GrassyGlide|||M|||50|,,,,,Fire]Sneasler||FocusSash|PoisonTouch|DireClaw,CloseCombat,FakeOut,Coaching|||M|||50|,,,,,Stellar]Volcarona||Leftovers|FlameBody|HeatWave,TeraBlast,QuiverDance,Protect|||F|||50|,,,,,Fairy]Dragonite||LoadedDice|Multiscale|ExtremeSpeed,ScaleShot,Protect,Haze|||M|||50|,,,,,Steel
|showteam|p2|Rillaboom||AssaultVest|GrassySurge|FakeOut,WoodHammer,HighHorsepower,Uturn|||M|||50|,,,,,Fire]Sneasler||GrassySeed|Unburden|Coaching,DireClaw,CloseCombat,Protect|||F|||50|,,,,,Stellar]Dragonite||LoadedDice|InnerFocus|Protect,Haze,ScaleShot,ExtremeSpeed|||M|||50|,,,,,Fairy]Ceruledge||ClearAmulet|FlashFire|Protect,BitterBlade,BulkUp,ShadowSneak|||M|||50|,,,,,Grass]Electabuzz||Eviolite|VitalSpirit|Electroweb,FollowMe,Protect,Taunt|||F|||50|,,,,,Ghost]Primarina||Leftovers|LiquidVoice|CalmMind,HyperVoice,Moonblast,Protect|||M|||50|,,,,,Poison
|inactive|Battle timer is ON: inactive players will automatically lose when time's up. (requested by ToyDollRi)
|inactive|Abo Demi Demi has 60 seconds left.
|inactive|Abo Demi Demi has 30 seconds left.
|inactive|Abo Demi Demi has 20 seconds left.
|inactive|Abo Demi Demi has 15 seconds left.
|inactive|Abo Demi Demi has 10 seconds left.
|
|t:|1756768252
|teamsize|p1|4
|teamsize|p2|4
|start
|switch|p1a: Volcarona|Volcarona, L50, F|100/100
|switch|p1b: Electabuzz|Electabuzz, L50, F|100/100
|switch|p2a: Ceruledge|Ceruledge, L50, M|100/100
|switch|p2b: Electabuzz|Electabuzz, L50, F|100/100
|turn|1
|
|t:|1756768269
|switch|p1a: Kingambit|Kingambit, L50, M|100/100
|move|p2b: Electabuzz|Taunt|p1b: Electabuzz
|-start|p1b: Electabuzz|move: Taunt
|cant|p1b: Electabuzz|move: Taunt|Taunt
|move|p2a: Ceruledge|Bulk Up|p2a: Ceruledge
|-boost|p2a: Ceruledge|atk|1
|-boost|p2a: Ceruledge|def|1
|
|upkeep
|turn|2
|inactive|Abo Demi Demi has 30 seconds left.
|
|t:|1756768304
|switch|p1b: Sneasler|Sneasler, L50, M|100/100
|-terastallize|p1a: Kingambit|Dark
|move|p2b: Electabuzz|Follow Me|p2b: Electabuzz
|-singleturn|p2b: Electabuzz|move: Follow Me
|move|p2a: Ceruledge|Bitter Blade|p1a: Kingambit
|-damage|p1a: Kingambit|55/100
|move|p1a: Kingambit|Kowtow Cleave|p2b: Electabuzz
|-damage|p2b: Electabuzz|29/100
|
|upkeep
|turn|3
|inactive|Abo Demi Demi has 30 seconds left.
|inactive|Abo Demi Demi has 20 seconds left.
|inactive|Abo Demi Demi has 15 seconds left.
|inactive|Abo Demi Demi has 10 seconds left.
|
|t:|1756768352
|-terastallize|p2a: Ceruledge|Grass
|move|p2b: Electabuzz|Follow Me|p2b: Electabuzz
|-singleturn|p2b: Electabuzz|move: Follow Me
|move|p1b: Sneasler|Dire Claw|p2b: Electabuzz
|-damage|p2b: Electabuzz|0 fnt
|faint|p2b: Electabuzz
|move|p2a: Ceruledge|Bitter Blade|p1b: Sneasler
|-enditem|p1b: Sneasler|Focus Sash
|-damage|p1b: Sneasler|1/100
|move|p1a: Kingambit|Kowtow Cleave|p2a: Ceruledge
|-damage|p2a: Ceruledge|44/100
|
|upkeep
|
|t:|1756768368
|switch|p2b: Sneasler|Sneasler, L50, F|100/100
|turn|4
|
|t:|1756768373
|switch|p1b: Volcarona|Volcarona, L50, F|100/100
|move|p1a: Kingambit|Protect|p1a: Kingambit
|-singleturn|p1a: Kingambit|Protect
|move|p2a: Ceruledge|Shadow Sneak|p1b: Volcarona
|-damage|p1b: Volcarona|67/100
|move|p2b: Sneasler|Close Combat|p1a: Kingambit
|-activate|p1a: Kingambit|move: Protect
|
|-heal|p1b: Volcarona|73/100|[from] item: Leftovers
|upkeep
|turn|5
|inactive|ToyDollRi has 30 seconds left.
|inactive|Abo Demi Demi has 30 seconds left.
|inactive|Abo Demi Demi has 20 seconds left.
|inactive|Abo Demi Demi has 15 seconds left.
|inactive|Abo Demi Demi has 10 seconds left.
|inactive|Abo Demi Demi has 5 seconds left.
|
|t:|1756768428
|move|p1a: Kingambit|Protect||[still]
|-fail|p1a: Kingambit
|move|p2b: Sneasler|Dire Claw|p1a: Kingambit
|-damage|p1a: Kingambit|22/100
|-status|p1a: Kingambit|slp
|move|p1b: Volcarona|Tera Blast|p2a: Ceruledge
|-damage|p2a: Ceruledge|22/100
|move|p2a: Ceruledge|Bulk Up|p2a: Ceruledge
|-boost|p2a: Ceruledge|atk|1
|-boost|p2a: Ceruledge|def|1
|
|-heal|p1b: Volcarona|80/100|[from] item: Leftovers
|upkeep
|turn|6
|inactive|Abo Demi Demi has 30 seconds left.
|
|t:|1756768460
|switch|p1a: Electabuzz|Electabuzz, L50, F|100/100
|move|p1b: Volcarona|Protect|p1b: Volcarona
|-singleturn|p1b: Volcarona|Protect
|move|p2a: Ceruledge|Shadow Sneak|p1b: Volcarona
|-activate|p1b: Volcarona|move: Protect
|move|p2b: Sneasler|Dire Claw|p1b: Volcarona
|-activate|p1b: Volcarona|move: Protect
|
|-heal|p1b: Volcarona|86/100|[from] item: Leftovers
|upkeep
|turn|7
|
|t:|1756768475
|switch|p2b: Rillaboom|Rillaboom, L50, M|100/100
|-fieldstart|move: Grassy Terrain|[from] ability: Grassy Surge|[of] p2b: Rillaboom
|move|p2a: Ceruledge|Protect|p2a: Ceruledge
|-singleturn|p2a: Ceruledge|Protect
|move|p1a: Electabuzz|Follow Me|p1a: Electabuzz
|-singleturn|p1a: Electabuzz|move: Follow Me
|move|p1b: Volcarona|Tera Blast|p2a: Ceruledge
|-activate|p2a: Ceruledge|move: Protect
|
|-heal|p1b: Volcarona|92/100|[from] Grassy Terrain
|-heal|p1b: Volcarona|98/100|[from] item: Leftovers
|-heal|p2a: Ceruledge|28/100|[from] Grassy Terrain
|upkeep
|turn|8
|
|t:|1756768495
|move|p1b: Volcarona|Protect|p1b: Volcarona
|-singleturn|p1b: Volcarona|Protect
|move|p2b: Rillaboom|Fake Out|p1b: Volcarona
|-activate|p1b: Volcarona|move: Protect
|move|p1a: Electabuzz|Taunt|p2a: Ceruledge
|-start|p2a: Ceruledge|move: Taunt
|move|p2a: Ceruledge|Bitter Blade|p1a: Electabuzz
|-damage|p1a: Electabuzz|36/100
|-heal|p2a: Ceruledge|59/100|[from] drain|[of] p1a: Electabuzz
|
|-heal|p1b: Volcarona|100/100|[from] Grassy Terrain
|-heal|p1a: Electabuzz|42/100|[from] Grassy Terrain
|-heal|p2a: Ceruledge|65/100|[from] Grassy Terrain
|upkeep
|turn|9
|
|t:|1756768511
|move|p1a: Electabuzz|Follow Me|p1a: Electabuzz
|-singleturn|p1a: Electabuzz|move: Follow Me
|move|p1b: Volcarona|Quiver Dance|p1b: Volcarona
|-boost|p1b: Volcarona|spa|1
|-boost|p1b: Volcarona|spd|1
|-boost|p1b: Volcarona|spe|1
|move|p2a: Ceruledge|Bitter Blade|p1a: Electabuzz
|-damage|p1a: Electabuzz|0 fnt
|-heal|p2a: Ceruledge|85/100|[from] drain|[of] p1a: Electabuzz
|faint|p1a: Electabuzz
|move|p2b: Rillaboom|U-turn|p1b: Volcarona
|-resisted|p1b: Volcarona
|-damage|p1b: Volcarona|86/100
|
|t:|1756768519
|switch|p2b: Sneasler|Sneasler, L50, F|100/100|[from] U-turn
|-enditem|p2b: Sneasler|Grassy Seed
|-boost|p2b: Sneasler|def|1|[from] item: Grassy Seed
|
|-heal|p1b: Volcarona|92/100|[from] Grassy Terrain
|-heal|p1b: Volcarona|98/100|[from] item: Leftovers
|-heal|p2a: Ceruledge|91/100|[from] Grassy Terrain
|upkeep
|
|t:|1756768526
|switch|p1a: Sneasler|Sneasler, L50, M|1/100
|turn|10
|inactive|Abo Demi Demi has 30 seconds left.
|
|t:|1756768553
|move|p1a: Sneasler|Fake Out|p2a: Ceruledge
|-damage|p2a: Ceruledge|82/100
|move|p2b: Sneasler|Dire Claw|p1a: Sneasler
|-resisted|p1a: Sneasler
|-damage|p1a: Sneasler|0 fnt
|faint|p1a: Sneasler
|move|p1b: Volcarona|Tera Blast|p2a: Ceruledge
|-damage|p2a: Ceruledge|48/100
|cant|p2a: Ceruledge|flinch
|
|-heal|p1b: Volcarona|100/100|[from] Grassy Terrain
|-heal|p2a: Ceruledge|54/100|[from] Grassy Terrain
|-end|p2a: Ceruledge|move: Taunt
|upkeep
|
|t:|1756768558
|switch|p1a: Kingambit|Kingambit, L50, M, tera:Dark|22/100 slp
|turn|11
|
|t:|1756768569
|move|p1b: Volcarona|Protect|p1b: Volcarona
|-singleturn|p1b: Volcarona|Protect
|cant|p1a: Kingambit|slp
|move|p2b: Sneasler|Close Combat|p1a: Kingambit
|-supereffective|p1a: Kingambit
|-damage|p1a: Kingambit|0 fnt
|-unboost|p2b: Sneasler|def|1
|-unboost|p2b: Sneasler|spd|1
|faint|p1a: Kingambit
|move|p2a: Ceruledge|Bitter Blade|p1b: Volcarona
|-activate|p1b: Volcarona|move: Protect
|
|-heal|p2a: Ceruledge|60/100|[from] Grassy Terrain
|-fieldend|move: Grassy Terrain
|upkeep
|turn|12
|
|t:|1756768578
|move|p2b: Sneasler|Dire Claw|p1b: Volcarona
|-damage|p1b: Volcarona|45/100
|-status|p1b: Volcarona|par
|move|p2a: Ceruledge|Bitter Blade|p1b: Volcarona
|-damage|p1b: Volcarona|0 fnt
|-heal|p2a: Ceruledge|84/100|[from] drain|[of] p1b: Volcarona
|faint|p1b: Volcarona
|
|win|Abo Demi Demi
|l|☆ToyDollRi
|player|p1|
||ToyDollRi is ready for game 2.
||Abo Demi Demi is ready for game 2.
|uhtml|next|Next: Game 2 of 3
|l|☆Abo Demi Demi
|player|p2|
|j|☆Abo Demi Demi
|player|p2|Abo Demi Demi|unknown|
