|j|☆letcheflan
|j|☆Nezk025
|html|letcheflanNezk025    
|uhtml|bestof|Game 1 of a best-of-3
|t:|1782199081
|gametype|doubles
|player|p1|letcheflan|n|1090
|player|p2|Nezk025|nate|1231
|gen|9
|tier|[Gen 9 Champions] VGC 2026 Reg M-B (Bo3)
|rated|
|rule|Species Clause: Limit one of each Pokémon
|rule|Item Clause: Limit 1 of each item
|clearpoke
|poke|p1|Mawile, L50, F|
|poke|p1|Farigiraf, L50, F, shiny|
|poke|p1|Sableye, L50, M|
|poke|p1|Swampert, L50, F|
|poke|p1|Sinistcha, L50|
|poke|p1|Skeledirge, L50, F|
|poke|p2|Tyranitar, L50, M|
|poke|p2|Excadrill, L50, F|
|poke|p2|Basculegion, L50, M|
|poke|p2|Corviknight, L50, M|
|poke|p2|Rotom-Wash, L50|
|poke|p2|Garchomp, L50, F|
|teampreview|4
|showteam|p1|Mawile||Mawilite|Intimidate|Protect,PlayRough,IronHead,SwordsDance|Brave||F|||50|]Farigiraf||SitrusBerry|ArmorTail|Protect,PsychicNoise,HelpingHand,TrickRoom|Bold||F|||50|]Sableye||RoseliBerry|Prankster|LightScreen,Reflect,RainDance,Quash|Careful||M|||50|]Swampert||Swampertite|Torrent|Protect,WaveCrash,HighHorsepower,KnockOff|Adamant||F|||50|]Sinistcha||CobaBerry|Hospitality|MatchaGotcha,RagePowder,LifeDew,TrickRoom|Bold|||||50|]Skeledirge||ColburBerry|Unaware|Protect,TorchSong,ShadowBall,AlluringVoice|Relaxed||F|||50|
|showteam|p2|Tyranitar||Tyranitarite|SandStream|RockSlide,KnockOff,LowKick,Protect|Adamant||M|||50|]Excadrill||FocusSash|SandRush|Earthquake,IronHead,RockTomb,Protect|Adamant||F|||50|]Basculegion||ChoiceScarf|Adaptability|AquaJet,FlipTurn,LastRespects,WaveCrash|Adamant||M|||50|]Corviknight||Leftovers|MirrorArmor|Protect,Tailwind,BraveBird,IronHead|Impish||M|||50|]Rotom-Wash||SitrusBerry|Levitate|LightScreen,Reflect,VoltSwitch,Thunderbolt|Calm|||||50|]Garchomp||Garchompite|RoughSkin|DragonPulse,PowerGem,Protect,EarthPower|Modest||F|||50|
|inactive|Battle timer is ON: inactive players will automatically lose when time's up. (requested by letcheflan)
|inactive|letcheflan has 60 seconds left.
|
|t:|1782199122
|teamsize|p1|4
|teamsize|p2|4
|start
|switch|p1a: Swampert|Swampert, L50, F|100/100
|switch|p1b: G4MER67|Sableye, L50, M|100/100
|switch|p2a: Tyranitar|Tyranitar, L50, M|100/100
|switch|p2b: 120sp atk>170atk|Garchomp, L50, F|100/100
|-weather|Sandstorm|[from] ability: Sand Stream|[of] p2a: Tyranitar
|turn|1
|inactive|letcheflan has 30 seconds left.
|
|t:|1782199151
|switch|p2a: Rotom|Rotom-Wash, L50|100/100
|detailschange|p2b: 120sp atk>170atk|Garchomp-Mega, L50, F
|-mega|p2b: 120sp atk>170atk|Garchomp|Garchompite
|detailschange|p1a: Swampert|Swampert-Mega, L50, F
|-mega|p1a: Swampert|Swampert|Swampertite
|move|p1a: Swampert|Protect|p1a: Swampert
|-singleturn|p1a: Swampert|Protect
|move|p1b: G4MER67|Reflect|p1b: G4MER67
|-sidestart|p1: letcheflan|Reflect
|move|p2b: 120sp atk>170atk|Earth Power|p1a: Swampert
|-activate|p1a: Swampert|move: Protect
|
|-weather|Sandstorm|[upkeep]
|-damage|p2a: Rotom|94/100|[from] Sandstorm
|-damage|p1b: G4MER67|94/100|[from] Sandstorm
|upkeep
|turn|2
|c|☆letcheflan|special mega garchomp is crazy work
|inactive|letcheflan has 30 seconds left.
|inactive|letcheflan has 20 seconds left.
|
|t:|1782199188
|move|p2b: 120sp atk>170atk|Protect|p2b: 120sp atk>170atk
|-singleturn|p2b: 120sp atk>170atk|Protect
|move|p1b: G4MER67|Light Screen|p1b: G4MER67
|-sidestart|p1: letcheflan|move: Light Screen
|move|p1a: Swampert|Knock Off|p2a: Rotom
|-damage|p2a: Rotom|54/100
|-enditem|p2a: Rotom|Sitrus Berry|[from] move: Knock Off|[of] p1a: Swampert
|move|p2a: Rotom|Reflect|p2a: Rotom
|-sidestart|p2: Nezk025|Reflect
|
|-weather|Sandstorm|[upkeep]
|-damage|p2a: Rotom|49/100|[from] Sandstorm
|-damage|p1b: G4MER67|88/100|[from] Sandstorm
|upkeep
|turn|3
|
|t:|1782199203
|move|p1b: G4MER67|Rain Dance|p1b: G4MER67
|-weather|RainDance
|move|p1a: Swampert|Wave Crash|p2b: 120sp atk>170atk
|-damage|p2b: 120sp atk>170atk|39/100
|-damage|p1a: Swampert|75/100|[from] Recoil
|move|p2b: 120sp atk>170atk|Earth Power|p1a: Swampert
|-damage|p1a: Swampert|46/100
|move|p2a: Rotom|Volt Switch|p1b: G4MER67
|-damage|p1b: G4MER67|69/100
|
|t:|1782199226
|switch|p2a: Tyranitar|Tyranitar, L50, M|100/100|[from] Volt Switch
|-weather|Sandstorm|[from] ability: Sand Stream|[of] p2a: Tyranitar
|
|-weather|Sandstorm|[upkeep]
|-damage|p1b: G4MER67|63/100|[from] Sandstorm
|upkeep
|turn|4
|
|t:|1782199240
|switch|p2b: Corviknight|Corviknight, L50, M|100/100
|switch|p2a: Rotom|Rotom-Wash, L50|49/100
|move|p1a: Swampert|Protect|p1a: Swampert
|-singleturn|p1a: Swampert|Protect
|move|p1b: G4MER67|Rain Dance|p1b: G4MER67
|-weather|RainDance
|
|-weather|RainDance|[upkeep]
|upkeep
|turn|5
|
|t:|1782199254
|switch|p1b: Sinistcha|Sinistcha, L50|100/100
|-heal|p1a: Swampert|71/100|[from] ability: Hospitality|[of] p1b: Sinistcha
|move|p1a: Swampert|Knock Off|p2a: Rotom
|-damage|p2a: Rotom|30/100
|move|p2a: Rotom|Volt Switch|p1b: Sinistcha
|-resisted|p1b: Sinistcha|1
|-damage|p1b: Sinistcha|91/100
|
|t:|1782199264
|switch|p2a: Tyranitar|Tyranitar, L50, M|100/100|[from] Volt Switch
|-weather|Sandstorm|[from] ability: Sand Stream|[of] p2a: Tyranitar
|move|p2b: Corviknight|Brave Bird|p1a: Swampert
|-damage|p1a: Swampert|45/100
|-damage|p2b: Corviknight|92/100|[from] Recoil
|
|-weather|Sandstorm|[upkeep]
|-damage|p1b: Sinistcha|85/100|[from] Sandstorm
|-heal|p2b: Corviknight|98/100|[from] item: Leftovers
|-sideend|p1: letcheflan|Reflect
|upkeep
|turn|6
|
|t:|1782199278
|move|p1a: Swampert|Protect|p1a: Swampert
|-singleturn|p1a: Swampert|Protect
|move|p2a: Tyranitar|Knock Off|p1b: Sinistcha
|-supereffective|p1b: Sinistcha|1
|-damage|p1b: Sinistcha|0 fnt
|-enditem|p1b: Sinistcha|Coba Berry|[from] move: Knock Off|[of] p2a: Tyranitar
|faint|p1b: Sinistcha
|move|p2b: Corviknight|Brave Bird|p1a: Swampert
|-activate|p1a: Swampert|move: Protect
|
|-weather|Sandstorm|[upkeep]
|-heal|p2b: Corviknight|100/100|[from] item: Leftovers
|-sideend|p2: Nezk025|Reflect
|-sideend|p1: letcheflan|move: Light Screen
|upkeep
|
|t:|1782199289
|switch|p1b: G4MER67|Sableye, L50, M|63/100
|turn|7
|
|t:|1782199296
|move|p2a: Tyranitar|Protect|p2a: Tyranitar
|-singleturn|p2a: Tyranitar|Protect
|move|p1b: G4MER67|Rain Dance|p1b: G4MER67
|-weather|RainDance
|move|p1a: Swampert|Wave Crash|p2a: Tyranitar
|-activate|p2a: Tyranitar|move: Protect
|move|p2b: Corviknight|Brave Bird|p1a: Swampert
|-damage|p1a: Swampert|2/100
|-damage|p2b: Corviknight|87/100|[from] Recoil
|
|-weather|RainDance|[upkeep]
|-heal|p2b: Corviknight|93/100|[from] item: Leftovers
|upkeep
|turn|8
|inactive|letcheflan has 30 seconds left.
|inactive|letcheflan has 20 seconds left.
|
|t:|1782199333
|switch|p2a: Rotom|Rotom-Wash, L50|30/100
|switch|p1b: Salsa|Skeledirge, L50, F|100/100
|move|p1a: Swampert|Knock Off|p2b: Corviknight
|-damage|p2b: Corviknight|62/100
|-enditem|p2b: Corviknight|Leftovers|[from] move: Knock Off|[of] p1a: Swampert
|move|p2b: Corviknight|Tailwind|p2b: Corviknight
|-sidestart|p2: Nezk025|move: Tailwind
|
|-weather|RainDance|[upkeep]
|upkeep
|turn|9
|
|t:|1782199352
|move|p1b: Salsa|Protect|p1b: Salsa
|-singleturn|p1b: Salsa|Protect
|move|p1a: Swampert|Knock Off|p2a: Rotom
|-damage|p2a: Rotom|3/100
|move|p2a: Rotom|Volt Switch|p1b: Salsa
|-activate|p1b: Salsa|move: Protect
|move|p2b: Corviknight|Iron Head|p1a: Swampert
|-resisted|p1a: Swampert|1
|-damage|p1a: Swampert|0 fnt
|faint|p1a: Swampert
|
|-weather|RainDance|[upkeep]
|upkeep
|
|t:|1782199364
|switch|p1a: G4MER67|Sableye, L50, M|63/100
|turn|10
|
|t:|1782199376
|move|p1a: G4MER67|Quash|p2a: Rotom
|-activate|p2a: Rotom|move: Quash
|move|p2b: Corviknight|Brave Bird|p1b: Salsa
|-damage|p1b: Salsa|71/100
|-damage|p2b: Corviknight|52/100|[from] Recoil
|move|p1b: Salsa|Torch Song|p2a: Rotom
|-resisted|p2a: Rotom|1
|-damage|p2a: Rotom|0 fnt
|-boost|p1b: Salsa|spa|1
|faint|p2a: Rotom
|
|-weather|RainDance|[upkeep]
|upkeep
|
|t:|1782199385
|switch|p2a: 120sp atk>170atk|Garchomp-Mega, L50, F|39/100
|turn|11
|
|t:|1782199399
|switch|p2b: Tyranitar|Tyranitar, L50, M|100/100
|-weather|Sandstorm|[from] ability: Sand Stream|[of] p2b: Tyranitar
|move|p1a: G4MER67|Light Screen|p1a: G4MER67
|-sidestart|p1: letcheflan|move: Light Screen
|move|p2a: 120sp atk>170atk|Earth Power|p1b: Salsa
|-supereffective|p1b: Salsa|1
|-damage|p1b: Salsa|0 fnt
|faint|p1b: Salsa
|
|-weather|Sandstorm|[upkeep]
|-damage|p1a: G4MER67|57/100|[from] Sandstorm
|-sideend|p2: Nezk025|move: Tailwind
|upkeep
|turn|12
|-message|letcheflan forfeited.
|
|win|Nezk025
|l|☆letcheflan
|player|p1|
||letcheflan is ready for game 2.
||Nezk025 is ready for game 2.
|uhtml|next|Next: Game 2 of 3
|l|☆Nezk025
|player|p2|
|j|☆letcheflan
|player|p1|letcheflan|n|
