|j|☆empyreanbuggle
|j|☆Bruthathechosen
|html|empyreanbuggleBruthathechosen    
|uhtml|bestof|Game 1 of a best-of-3
|t:|1757174336
|gametype|doubles
|player|p1|empyreanbuggle|170|1176
|player|p2|Bruthathechosen|lady-gen4|1120
|gen|9
|tier|[Gen 9] VGC 2025 Reg H (Bo3)
|rated|
|rule|Species Clause: Limit one of each Pokémon
|rule|Item Clause: Limit 1 of each item
|clearpoke
|poke|p1|Kommo-o, L50, M|
|poke|p1|Incineroar, L50, F|
|poke|p1|Sneasler, L50, F|
|poke|p1|Milotic, L50, M|
|poke|p1|Electabuzz, L50, M|
|poke|p1|Rillaboom, L50, M|
|poke|p2|Kingambit, L50, F|
|poke|p2|Rillaboom, L50, F|
|poke|p2|Hydreigon, L50, M|
|poke|p2|Sneasler, L50, M|
|poke|p2|Electabuzz, L50, M|
|poke|p2|Volcarona, L50, M|
|teampreview|4
|showteam|p1|Kommo-o||Leftovers|Soundproof|BodyPress,IronDefense,Flamethrower,Protect|||M|||50|,,,,,Fire]Incineroar||SafetyGoggles|Intimidate|FakeOut,FlareBlitz,KnockOff,PartingShot|||F|||50|,,,,,Ghost]Sneasler||FocusSash|Unburden|CloseCombat,DireClaw,FakeOut,Coaching|||F|||50|,,,,,Stellar]Milotic||SitrusBerry|Competitive|Scald,IceBeam,Recover,Haze|||M|||50|,,,,,Grass]Electabuzz||Eviolite|VitalSpirit|FollowMe,Thunderbolt,Taunt,Protect|||M|||50|,,,,,Fairy]Rillaboom||MiracleSeed|GrassySurge|WoodHammer,GrassyGlide,FakeOut,Protect|||M|||50|,,,,,Fire
|showteam|p2|Kingambit||BlackGlasses|Defiant|SuckerPunch,KowtowCleave,SwordsDance,Protect|||F|||50|,,,,,Dark]Rillaboom||AssaultVest|GrassySurge|FakeOut,GrassyGlide,HighHorsepower,Uturn|||F|||50|,,,,,Water]Hydreigon||ChoiceSpecs|Levitate|DarkPulse,DracoMeteor,Snarl,Uturn|||M|||50|,,,,,Ghost]Sneasler||GrassySeed|Unburden|FakeOut,CloseCombat,DireClaw,Protect|||M|||50|,,,,,Stellar]Electabuzz||Eviolite|VitalSpirit|Taunt,Thunderbolt,FollowMe,Protect|||M|||50|,,,,,Dragon]Volcarona||CovertCloak|FlameBody|QuiverDance,HeatWave,TeraBlast,Protect|||M|||50|,,,,,Fairy
|inactive|Battle timer is ON: inactive players will automatically lose when time's up. (requested by empyreanbuggle)
|inactive|Bruthathechosen has 60 seconds left.
|
|t:|1757174382
|teamsize|p1|4
|teamsize|p2|4
|start
|switch|p1a: Kommo-o|Kommo-o, L50, M|100/100
|switch|p1b: Sneasler|Sneasler, L50, F|100/100
|switch|p2a: Volcarona|Volcarona, L50, M|100/100
|switch|p2b: Electabuzz|Electabuzz, L50, M|100/100
|turn|1
|
|t:|1757174403
|-terastallize|p1a: Kommo-o|Fire
|move|p1b: Sneasler|Fake Out|p2b: Electabuzz
|-damage|p2b: Electabuzz|85/100
|cant|p2b: Electabuzz|flinch
|move|p2a: Volcarona|Quiver Dance|p2a: Volcarona
|-boost|p2a: Volcarona|spa|1
|-boost|p2a: Volcarona|spd|1
|-boost|p2a: Volcarona|spe|1
|move|p1a: Kommo-o|Iron Defense|p1a: Kommo-o
|-boost|p1a: Kommo-o|def|2
|
|upkeep
|turn|2
|inactive|Bruthathechosen has 30 seconds left.
|
|t:|1757174431
|move|p2b: Electabuzz|Follow Me|p2b: Electabuzz
|-singleturn|p2b: Electabuzz|move: Follow Me
|move|p2a: Volcarona|Heat Wave|p1a: Kommo-o|[spread] p1a,p1b
|-resisted|p1a: Kommo-o
|-damage|p1a: Kommo-o|75/100
|-damage|p1b: Sneasler|39/100
|move|p1b: Sneasler|Coaching|p1a: Kommo-o
|-boost|p1a: Kommo-o|atk|1
|-boost|p1a: Kommo-o|def|1
|move|p1a: Kommo-o|Body Press|p2b: Electabuzz
|-damage|p2b: Electabuzz|0 fnt
|faint|p2b: Electabuzz
|
|-heal|p1a: Kommo-o|81/100|[from] item: Leftovers
|upkeep
|
|t:|1757174444
|switch|p2b: Rillaboom|Rillaboom, L50, F|100/100
|-fieldstart|move: Grassy Terrain|[from] ability: Grassy Surge|[of] p2b: Rillaboom
|turn|3
|inactive|empyreanbuggle has 30 seconds left.
|
|t:|1757174475
|switch|p1b: Milotic|Milotic, L50, M|100/100
|move|p2b: Rillaboom|Fake Out|p1b: Milotic
|-damage|p1b: Milotic|86/100
|move|p2a: Volcarona|Heat Wave|p1b: Milotic|[spread] p1a,p1b
|-resisted|p1a: Kommo-o
|-resisted|p1b: Milotic
|-damage|p1a: Kommo-o|58/100
|-damage|p1b: Milotic|72/100
|move|p1a: Kommo-o|Body Press|p2b: Rillaboom
|-damage|p2b: Rillaboom|14/100
|
|-heal|p1a: Kommo-o|64/100|[from] Grassy Terrain
|-heal|p1a: Kommo-o|70/100|[from] item: Leftovers
|-heal|p1b: Milotic|78/100|[from] Grassy Terrain
|-heal|p2b: Rillaboom|19/100|[from] Grassy Terrain
|upkeep
|turn|4
|inactive|empyreanbuggle has 30 seconds left.
|inactive|Bruthathechosen has 30 seconds left.
|inactive|empyreanbuggle has 20 seconds left.
|inactive|Bruthathechosen has 20 seconds left.
|inactive|Bruthathechosen has 15 seconds left.
|
|t:|1757174519
|switch|p1b: Sneasler|Sneasler, L50, F|39/100
|move|p2b: Rillaboom|Grassy Glide|p1b: Sneasler
|-resisted|p1b: Sneasler
|-damage|p1b: Sneasler|9/100
|move|p2a: Volcarona|Tera Blast|p1a: Kommo-o
|-damage|p1a: Kommo-o|34/100
|move|p1a: Kommo-o|Body Press|p2b: Rillaboom
|-damage|p2b: Rillaboom|0 fnt
|faint|p2b: Rillaboom
|
|-heal|p1b: Sneasler|15/100|[from] Grassy Terrain
|-heal|p1a: Kommo-o|40/100|[from] Grassy Terrain
|-heal|p1a: Kommo-o|46/100|[from] item: Leftovers
|upkeep
|
|t:|1757174528
|switch|p2b: Sneasler|Sneasler, L50, M|100/100
|-enditem|p2b: Sneasler|Grassy Seed
|-boost|p2b: Sneasler|def|1|[from] item: Grassy Seed
|turn|5
|
|t:|1757174540
|move|p1a: Kommo-o|Protect|p1a: Kommo-o
|-singleturn|p1a: Kommo-o|Protect
|move|p2b: Sneasler|Fake Out|p1b: Sneasler
|-damage|p1b: Sneasler|0 fnt
|faint|p1b: Sneasler
|move|p2a: Volcarona|Tera Blast|p1a: Kommo-o
|-activate|p1a: Kommo-o|move: Protect
|
|-heal|p1a: Kommo-o|52/100|[from] Grassy Terrain
|-heal|p1a: Kommo-o|58/100|[from] item: Leftovers
|upkeep
|
|t:|1757174554
|switch|p1b: Rillaboom|Rillaboom, L50, M|100/100
|turn|6
|
|t:|1757174565
|move|p2b: Sneasler|Protect|p2b: Sneasler
|-singleturn|p2b: Sneasler|Protect
|move|p1b: Rillaboom|Fake Out|p2b: Sneasler
|-activate|p2b: Sneasler|move: Protect
|move|p2a: Volcarona|Heat Wave|p1b: Rillaboom|[spread] p1a,p1b
|-resisted|p1a: Kommo-o
|-supereffective|p1b: Rillaboom
|-damage|p1a: Kommo-o|36/100
|-damage|p1b: Rillaboom|0 fnt
|faint|p1b: Rillaboom
|move|p1a: Kommo-o|Body Press|p2a: Volcarona
|-resisted|p2a: Volcarona
|-damage|p2a: Volcarona|41/100
|
|-heal|p2a: Volcarona|47/100|[from] Grassy Terrain
|-heal|p1a: Kommo-o|42/100|[from] Grassy Terrain
|-heal|p1a: Kommo-o|48/100|[from] item: Leftovers
|upkeep
|
|t:|1757174579
|switch|p1b: Milotic|Milotic, L50, M|78/100
|turn|7
|
|t:|1757174598
|move|p1a: Kommo-o|Protect|p1a: Kommo-o
|-singleturn|p1a: Kommo-o|Protect
|move|p2b: Sneasler|Close Combat|p1b: Milotic
|-damage|p1b: Milotic|1/100
|-unboost|p2b: Sneasler|def|1
|-unboost|p2b: Sneasler|spd|1
|-enditem|p1b: Milotic|Sitrus Berry|[eat]
|-heal|p1b: Milotic|26/100|[from] item: Sitrus Berry
|move|p2a: Volcarona|Heat Wave|p1a: Kommo-o|[spread] p1b
|-activate|p1a: Kommo-o|move: Protect
|-resisted|p1b: Milotic
|-damage|p1b: Milotic|11/100
|-status|p1b: Milotic|brn
|move|p1b: Milotic|Scald|p2a: Volcarona
|-supereffective|p2a: Volcarona
|-damage|p2a: Volcarona|13/100
|
|-heal|p2a: Volcarona|19/100|[from] Grassy Terrain
|-heal|p1a: Kommo-o|54/100|[from] Grassy Terrain
|-heal|p1a: Kommo-o|60/100|[from] item: Leftovers
|-heal|p1b: Milotic|17/100 brn|[from] Grassy Terrain
|-damage|p1b: Milotic|11/100 brn|[from] brn
|-fieldend|move: Grassy Terrain
|upkeep
|turn|8
|inactive|empyreanbuggle has 30 seconds left.
|
|t:|1757174624
|move|p2b: Sneasler|Close Combat|p1b: Milotic
|-damage|p1b: Milotic|0 fnt
|-unboost|p2b: Sneasler|def|1
|-unboost|p2b: Sneasler|spd|1
|faint|p1b: Milotic
|move|p2a: Volcarona|Tera Blast|p1a: Kommo-o
|-damage|p1a: Kommo-o|24/100
|move|p1a: Kommo-o|Body Press|p2a: Volcarona
|-resisted|p2a: Volcarona
|-damage|p2a: Volcarona|0 fnt
|faint|p2a: Volcarona
|
|-heal|p1a: Kommo-o|30/100|[from] item: Leftovers
|upkeep
|turn|9
|
|t:|1757174637
|move|p1a: Kommo-o|Protect|p1a: Kommo-o
|-singleturn|p1a: Kommo-o|Protect
|move|p2b: Sneasler|Dire Claw|p1a: Kommo-o
|-activate|p1a: Kommo-o|move: Protect
|
|-heal|p1a: Kommo-o|36/100|[from] item: Leftovers
|upkeep
|turn|10
|
|t:|1757174644
|move|p2b: Sneasler|Dire Claw|p1a: Kommo-o
|-damage|p1a: Kommo-o|21/100
|-status|p1a: Kommo-o|par
|move|p1a: Kommo-o|Body Press|p2b: Sneasler
|-resisted|p2b: Sneasler
|-damage|p2b: Sneasler|0 fnt
|faint|p2b: Sneasler
|
|win|empyreanbuggle
||empyreanbuggle is ready for game 2.
||Bruthathechosen is ready for game 2.
|uhtml|next|Next: Game 2 of 3
