|j|☆Oscarm92
|j|☆Z4RDEL
|html|Oscarm92Z4RDEL    
|uhtml|bestof|Game 1 of a best-of-3
|t:|1783181080
|gametype|doubles
|player|p1|Oscarm92|266|1269
|player|p2|Z4RDEL|miku-fire|1191
|gen|9
|tier|[Gen 9 Champions] VGC 2026 Reg M-B (Bo3)
|rated|
|rule|Species Clause: Limit one of each Pokémon
|rule|Item Clause: Limit 1 of each item
|clearpoke
|poke|p1|Charizard, L50, F, shiny|
|poke|p1|Aerodactyl, L50, F|
|poke|p1|Garchomp, L50, M, shiny|
|poke|p1|Kingambit, L50, M|
|poke|p1|Sylveon, L50, M|
|poke|p1|Farigiraf, L50, M|
|poke|p2|Froslass, L50, F|
|poke|p2|Glimmora, L50, F|
|poke|p2|Sinistcha-Masterpiece, L50|
|poke|p2|Archaludon, L50, M|
|poke|p2|Incineroar, L50, F|
|poke|p2|Tyranitar, L50, F|
|teampreview|4
|showteam|p1|Charizard||CharizarditeY|Blaze|HeatWave,WeatherBall,SolarBeam,Protect|Modest||F|||50|]Aerodactyl||Aerodactylite|RockHead|IceFang,RockSlide,Tailwind,DualWingbeat|Jolly||F|||50|]Garchomp||LifeOrb|RoughSkin|DragonClaw,StompingTantrum,Earthquake,Protect|Jolly||M|||50|]Kingambit||FocusSash|Defiant|SuckerPunch,KowtowCleave,IronHead,LowKick|Adamant||M|||50|]Sylveon||FairyFeather|Pixilate|QuickAttack,HyperVoice,HyperBeam,Protect|Modest||M|||50|]Farigiraf||SitrusBerry|ArmorTail|TrickRoom,Thunderbolt,GrassKnot,TwinBeam|Bold||M|||50|
|showteam|p2|Froslass||Froslassite|SnowCloak|AuroraVeil,Blizzard,ShadowBall,Protect|Modest||F|||50|]Glimmora||FocusSash|ToxicDebris|PowerGem,EarthPower,MortalSpin,StealthRock|Modest||F|||50|]Sinistcha-Masterpiece||SitrusBerry|Hospitality|MatchaGotcha,TrickRoom,RagePowder,LifeDew|Sassy|||||50|]Archaludon||Leftovers|Stamina|ElectroShot,FlashCannon,DracoMeteor,Protect|Bold||M|||50|]Incineroar||QuickClaw|Intimidate|PartingShot,FakeOut,FlareBlitz,DarkestLariat|Adamant||F|||50|]Tyranitar||Tyranitarite|SandStream|RockSlide,Curse,Crunch,Roar|Adamant||F|||50|
|inactive|Battle timer is ON: inactive players will automatically lose when time's up. (requested by Z4RDEL)
|inactive|Oscarm92 has 60 seconds left.
|
|t:|1783181127
|teamsize|p1|4
|teamsize|p2|4
|start
|switch|p1a: Charizard|Charizard, L50, F, shiny|100/100
|switch|p1b: Garchomp|Garchomp, L50, M, shiny|100/100
|switch|p2a: Tyranitar|Tyranitar, L50, F|100/100
|switch|p2b: Archaludon|Archaludon, L50, M|100/100
|-weather|Sandstorm|[from] ability: Sand Stream|[of] p2a: Tyranitar
|turn|1
|inactive|Oscarm92 has 30 seconds left.
|inactive|Z4RDEL has 30 seconds left.
|inactive|Oscarm92 has 20 seconds left.
|inactive|Oscarm92 has 15 seconds left.
|
|t:|1783181168
|detailschange|p1a: Charizard|Charizard-Mega-Y, L50, F, shiny
|-mega|p1a: Charizard|Charizard|Charizardite Y
|-weather|SunnyDay|[from] ability: Drought|[of] p1a: Charizard
|detailschange|p2a: Tyranitar|Tyranitar-Mega, L50, F
|-mega|p2a: Tyranitar|Tyranitar|Tyranitarite
|-weather|Sandstorm|[from] ability: Sand Stream|[of] p2a: Tyranitar
|move|p1b: Garchomp|Earthquake|p2a: Tyranitar|[spread] p2a,p2b
|-immune|p1a: Charizard
|-supereffective|p2a: Tyranitar|1
|-supereffective|p2b: Archaludon|1
|-crit|p2b: Archaludon
|-damage|p2a: Tyranitar|49/100
|-damage|p2b: Archaludon|24/100
|-ability|p2b: Archaludon|Stamina|boost
|-boost|p2b: Archaludon|def|1
|-damage|p1b: Garchomp|90/100|[from] item: Life Orb
|move|p1a: Charizard|Solar Beam||[still]
|-prepare|p1a: Charizard|Solar Beam
|move|p2b: Archaludon|Draco Meteor|p1b: Garchomp
|-supereffective|p1b: Garchomp|1
|-damage|p1b: Garchomp|0 fnt
|-unboost|p2b: Archaludon|spa|2
|faint|p1b: Garchomp
|move|p2a: Tyranitar|Rock Slide|p1a: Charizard
|-supereffective|p1a: Charizard|2
|-damage|p1a: Charizard|0 fnt
|faint|p1a: Charizard
|
|-weather|Sandstorm|[upkeep]
|-heal|p2b: Archaludon|30/100|[from] item: Leftovers
|upkeep
|
|t:|1783181177
|switch|p1b: Kingambit|Kingambit, L50, M|100/100
|switch|p1a: Farigiraf|Farigiraf, L50, M|100/100
|turn|2
|inactive|Oscarm92 has 30 seconds left.
|inactive|Z4RDEL has 30 seconds left.
|
|t:|1783181210
|switch|p2a: Sinistcha|Sinistcha-Masterpiece, L50|100/100
|-heal|p2b: Archaludon|55/100|[from] ability: Hospitality|[of] p2a: Sinistcha
|move|p2b: Archaludon|Electro Shot||[still]
|-prepare|p2b: Archaludon|Electro Shot
|-boost|p2b: Archaludon|spa|1
|move|p1b: Kingambit|Iron Head|p2b: Archaludon
|-resisted|p2b: Archaludon|1
|-damage|p2b: Archaludon|47/100
|-ability|p2b: Archaludon|Stamina|boost
|-boost|p2b: Archaludon|def|1
|move|p1a: Farigiraf|Grass Knot|p2a: Sinistcha
|-resisted|p2a: Sinistcha|1
|-damage|p2a: Sinistcha|97/100
|
|-weather|Sandstorm|[upkeep]
|-damage|p2a: Sinistcha|91/100|[from] Sandstorm
|-damage|p1a: Farigiraf|94/100|[from] Sandstorm
|-heal|p2b: Archaludon|53/100|[from] item: Leftovers
|upkeep
|turn|3
|inactive|Z4RDEL has 30 seconds left.
|inactive|Oscarm92 has 30 seconds left.
|inactive|Oscarm92 has 20 seconds left.
|inactive|Oscarm92 has 15 seconds left.
|inactive|Oscarm92 has 10 seconds left.
|
|t:|1783181263
|move|p2b: Archaludon|Electro Shot|p1b: Kingambit|[from] lockedmove
|-damage|p1b: Kingambit|73/100
|move|p1b: Kingambit|Low Kick|p2b: Archaludon
|-supereffective|p2b: Archaludon|1
|-damage|p2b: Archaludon|35/100
|-ability|p2b: Archaludon|Stamina|boost
|-boost|p2b: Archaludon|def|1
|move|p2a: Sinistcha|Life Dew|p2a: Sinistcha|[spread] p2a,p2b
|-heal|p2a: Sinistcha|100/100
|-heal|p2b: Archaludon|59/100
|move|p1a: Farigiraf|Trick Room|p1a: Farigiraf
|-fieldstart|move: Trick Room|[of] p1a: Farigiraf
|
|-weather|Sandstorm|[upkeep]
|-damage|p1a: Farigiraf|88/100|[from] Sandstorm
|-damage|p2a: Sinistcha|93/100|[from] Sandstorm
|-heal|p2b: Archaludon|65/100|[from] item: Leftovers
|upkeep
|turn|4
|l|☆Z4RDEL
|inactive|Z4RDEL disconnected and has a minute to reconnect!
|player|p2|
|j|☆Z4RDEL
|inactive|Z4RDEL reconnected and has 50 seconds left.
|player|p2|Z4RDEL|miku-fire|
|
|t:|1783181285
|move|p1a: Farigiraf|Twin Beam|p2a: Sinistcha
|-damage|p2a: Sinistcha|81/100
|-damage|p2a: Sinistcha|67/100
|-hitcount|p2a: Sinistcha|2
|move|p2a: Sinistcha|Life Dew|p2a: Sinistcha|[spread] p2a,p2b
|-heal|p2a: Sinistcha|93/100
|-heal|p2b: Archaludon|90/100
|move|p1b: Kingambit|Kowtow Cleave|p2a: Sinistcha
|-supereffective|p2a: Sinistcha|1
|-damage|p2a: Sinistcha|4/100
|-enditem|p2a: Sinistcha|Sitrus Berry|[eat]
|-heal|p2a: Sinistcha|29/100|[from] item: Sitrus Berry
|move|p2b: Archaludon|Electro Shot||[still]
|-prepare|p2b: Archaludon|Electro Shot
|-boost|p2b: Archaludon|spa|1
|
|-weather|Sandstorm|[upkeep]
|-damage|p1a: Farigiraf|82/100|[from] Sandstorm
|-damage|p2a: Sinistcha|23/100|[from] Sandstorm
|-heal|p2b: Archaludon|96/100|[from] item: Leftovers
|upkeep
|turn|5
|inactive|Z4RDEL has 30 seconds left.
|
|t:|1783181312
|move|p1a: Farigiraf|Twin Beam|p2b: Archaludon
|-resisted|p2b: Archaludon|1
|-damage|p2b: Archaludon|86/100
|-ability|p2b: Archaludon|Stamina|boost
|-boost|p2b: Archaludon|def|1
|-resisted|p2b: Archaludon|1
|-crit|p2b: Archaludon
|-damage|p2b: Archaludon|73/100
|-ability|p2b: Archaludon|Stamina|boost
|-boost|p2b: Archaludon|def|1
|-hitcount|p2b: Archaludon|2
|move|p2a: Sinistcha|Matcha Gotcha|p1a: Farigiraf|[spread] p1a,p1b
|-resisted|p1b: Kingambit|1
|-damage|p1a: Farigiraf|61/100
|-heal|p2a: Sinistcha|35/100|[from] drain|[of] p1a: Farigiraf
|-damage|p1b: Kingambit|58/100
|-heal|p2a: Sinistcha|43/100|[from] drain|[of] p1b: Kingambit
|move|p1b: Kingambit|Kowtow Cleave|p2a: Sinistcha
|-supereffective|p2a: Sinistcha|1
|-damage|p2a: Sinistcha|0 fnt
|faint|p2a: Sinistcha
|move|p2b: Archaludon|Electro Shot|p1b: Kingambit|[from] lockedmove
|-damage|p1b: Kingambit|18/100
|
|-weather|none
|-heal|p2b: Archaludon|79/100|[from] item: Leftovers
|upkeep
|
|t:|1783181330
|switch|p2a: Tyranitar|Tyranitar-Mega, L50, F|49/100
|-weather|Sandstorm|[from] ability: Sand Stream|[of] p2a: Tyranitar
|turn|6
|
|t:|1783181343
|move|p1a: Farigiraf|Twin Beam|p2b: Archaludon
|-resisted|p2b: Archaludon|1
|-damage|p2b: Archaludon|69/100
|-ability|p2b: Archaludon|Stamina|boost
|-boost|p2b: Archaludon|def|1
|-resisted|p2b: Archaludon|1
|-damage|p2b: Archaludon|58/100
|-hitcount|p2b: Archaludon|2
|move|p2a: Tyranitar|Curse|p2a: Tyranitar
|-unboost|p2a: Tyranitar|spe|1
|-boost|p2a: Tyranitar|atk|1
|-boost|p2a: Tyranitar|def|1
|move|p1b: Kingambit|Low Kick|p2a: Tyranitar
|-supereffective|p2a: Tyranitar|2
|-damage|p2a: Tyranitar|0 fnt
|faint|p2a: Tyranitar
|move|p2b: Archaludon|Electro Shot||[still]
|-prepare|p2b: Archaludon|Electro Shot
|-boost|p2b: Archaludon|spa|1
|
|-weather|Sandstorm|[upkeep]
|-damage|p1a: Farigiraf|55/100|[from] Sandstorm
|-heal|p2b: Archaludon|64/100|[from] item: Leftovers
|upkeep
|
|t:|1783181356
|switch|p2a: Glimmora|Glimmora, L50, F|100/100
|turn|7
|
|t:|1783181375
|move|p1a: Farigiraf|Twin Beam|p2a: Glimmora
|-supereffective|p2a: Glimmora|1
|-damage|p2a: Glimmora|73/100
|-supereffective|p2a: Glimmora|1
|-damage|p2a: Glimmora|43/100
|-hitcount|p2a: Glimmora|2
|move|p1b: Kingambit|Iron Head|p2a: Glimmora
|-supereffective|p2a: Glimmora|1
|-damage|p2a: Glimmora|0 fnt
|-activate|p2a: Glimmora|ability: Toxic Debris
|-sidestart|p1: Oscarm92|move: Toxic Spikes
|faint|p2a: Glimmora
|move|p2b: Archaludon|Electro Shot|p1b: Kingambit|[from] lockedmove
|-damage|p1b: Kingambit|0 fnt
|faint|p1b: Kingambit
|
|-weather|Sandstorm|[upkeep]
|-damage|p1a: Farigiraf|49/100|[from] Sandstorm
|-enditem|p1a: Farigiraf|Sitrus Berry|[eat]
|-heal|p1a: Farigiraf|74/100|[from] item: Sitrus Berry
|-heal|p2b: Archaludon|71/100|[from] item: Leftovers
|-fieldend|move: Trick Room
|upkeep
|turn|8
|
|t:|1783181380
|move|p2b: Archaludon|Flash Cannon|p1a: Farigiraf
|-crit|p1a: Farigiraf
|-damage|p1a: Farigiraf|5/100
|move|p1a: Farigiraf|Twin Beam|p2b: Archaludon
|-resisted|p2b: Archaludon|1
|-damage|p2b: Archaludon|61/100
|-resisted|p2b: Archaludon|1
|-damage|p2b: Archaludon|52/100
|-hitcount|p2b: Archaludon|2
|
|-weather|Sandstorm|[upkeep]
|-damage|p1a: Farigiraf|0 fnt|[from] Sandstorm
|faint|p1a: Farigiraf
|
|win|Z4RDEL
||Z4RDEL is ready for game 2.
|inactive|Oscarm92 has 30 seconds to confirm battle start!
||Oscarm92 is ready for game 2.
|uhtml|next|Next: Game 2 of 3
|l|☆Z4RDEL
|player|p2|
