|j|☆ZekromAllDay
|j|☆RacallapoVGC
|html|ZekromAllDayRacallapoVGC    
|uhtml|bestof|Game 2 of a best-of-3
|t:|1757788640
|gametype|doubles
|player|p1|ZekromAllDay|170|1218
|player|p2|RacallapoVGC|ethan|1160
|gen|9
|tier|[Gen 9] VGC 2025 Reg H (Bo3)
|rated|
|rule|Species Clause: Limit one of each Pokémon
|rule|Item Clause: Limit 1 of each item
|clearpoke
|poke|p1|Volcarona, L50, M|
|poke|p1|Maushold, L50|
|poke|p1|Annihilape, L50, M|
|poke|p1|Indeedee, L50, M|
|poke|p1|Sneasler, L50, M|
|poke|p1|Gholdengo, L50|
|poke|p2|Ursaluna, L50, F|
|poke|p2|Sinistcha, L50|
|poke|p2|Pelipper, L50, F|
|poke|p2|Archaludon, L50, F|
|poke|p2|Dragonite, L50, F|
|poke|p2|Basculegion, L50, M|
|teampreview|4
|showteam|p1|Volcarona||CovertCloak|FlameBody|QuiverDance,HeatWave,TeraBlast,Protect|||M|||50|,,,,,Fairy]Maushold||SafetyGoggles|FriendGuard|FollowMe,BeatUp,SuperFang,Protect||||||50|,,,,,Ghost]Annihilape||Leftovers|Defiant|BulkUp,DrainPunch,RageFist,Protect|||M|||50|,,,,,Water]Indeedee||FocusSash|PsychicSurge|ExpandingForce,TrickRoom,TeraBlast,Protect|||M|||50|,,,,,Fighting]Sneasler||PsychicSeed|Unburden|CloseCombat,DireClaw,Protect,ThroatChop|||M|||50|,,,,,Dark]Gholdengo||LifeOrb|GoodasGold|MakeItRain,ShadowBall,NastyPlot,Protect||||||50|,,,,,Steel
|showteam|p2|Ursaluna||FlameOrb|Guts|HeadlongRush,Facade,Protect,Earthquake|||F|||50|,,,,,Ghost]Sinistcha||SitrusBerry|Hospitality|RagePowder,TrickRoom,LifeDew,MatchaGotcha||||||50|,,,,,Dark]Pelipper||FocusSash|Drizzle|Hurricane,Protect,WeatherBall,WideGuard|||F|||50|,,,,,Ghost]Archaludon||AssaultVest|Stamina|ElectroShot,FlashCannon,BodyPress,DracoMeteor|||F|||50|,,,,,Bug]Dragonite||LoadedDice|Multiscale|Protect,ScaleShot,Tailwind,Haze|||F|||50|,,,,,Steel]Basculegion||ChoiceBand|SwiftSwim|WaveCrash,FlipTurn,LastRespects,AquaJet|||M|||50|,,,,,Water
|inactive|Battle timer is ON: inactive players will automatically lose when time's up. (requested by RacallapoVGC)
|
|t:|1757788666
|teamsize|p1|4
|teamsize|p2|4
|start
|switch|p1a: Maushold|Maushold, L50|100/100
|switch|p1b: Gholdengo|Gholdengo, L50|100/100
|switch|p2a: Sinistcha|Sinistcha, L50|100/100
|switch|p2b: Ursaluna|Ursaluna, L50, F|100/100
|turn|1
|
|t:|1757788686
|-terastallize|p1b: Gholdengo|Steel
|move|p1a: Maushold|Super Fang|p2a: Sinistcha
|-immune|p2a: Sinistcha
|move|p1b: Gholdengo|Make It Rain|p2b: Ursaluna|[spread] p2a,p2b
|-damage|p2a: Sinistcha|30/100
|-damage|p2b: Ursaluna|34/100
|-unboost|p1b: Gholdengo|spa|1
|-enditem|p2a: Sinistcha|Sitrus Berry|[eat]
|-heal|p2a: Sinistcha|55/100|[from] item: Sitrus Berry
|-damage|p1b: Gholdengo|91/100|[from] item: Life Orb
|move|p2b: Ursaluna|Headlong Rush|p1b: Gholdengo
|-supereffective|p1b: Gholdengo
|-damage|p1b: Gholdengo|0 fnt
|-unboost|p2b: Ursaluna|def|1
|-unboost|p2b: Ursaluna|spd|1
|faint|p1b: Gholdengo
|move|p2a: Sinistcha|Trick Room|p2a: Sinistcha
|-fieldstart|move: Trick Room|[of] p2a: Sinistcha
|
|-status|p2b: Ursaluna|brn|[from] item: Flame Orb
|upkeep
|
|t:|1757788695
|switch|p1b: Annihilape|Annihilape, L50, M|100/100
|turn|2
|
|t:|1757788706
|-terastallize|p2a: Sinistcha|Dark
|move|p2a: Sinistcha|Rage Powder|p2a: Sinistcha
|-singleturn|p2a: Sinistcha|move: Rage Powder
|move|p1a: Maushold|Follow Me|p1a: Maushold
|-singleturn|p1a: Maushold|move: Follow Me
|move|p2b: Ursaluna|Headlong Rush|p1a: Maushold
|-damage|p1a: Maushold|0 fnt
|-unboost|p2b: Ursaluna|def|1
|-unboost|p2b: Ursaluna|spd|1
|faint|p1a: Maushold
|move|p1b: Annihilape|Bulk Up|p1b: Annihilape
|-boost|p1b: Annihilape|atk|1
|-boost|p1b: Annihilape|def|1
|
|-damage|p2b: Ursaluna|28/100 brn|[from] brn
|upkeep
|
|t:|1757788717
|switch|p1a: Volcarona|Volcarona, L50, M, shiny|100/100
|turn|3
|
|t:|1757788730
|move|p2b: Ursaluna|Protect|p2b: Ursaluna
|-singleturn|p2b: Ursaluna|Protect
|move|p1b: Annihilape|Protect|p1b: Annihilape
|-singleturn|p1b: Annihilape|Protect
|move|p2a: Sinistcha|Life Dew|p2a: Sinistcha|[spread] p2a,p2b
|-heal|p2a: Sinistcha|80/100
|-heal|p2b: Ursaluna|53/100 brn
|move|p1a: Volcarona|Heat Wave|p2b: Ursaluna|[spread] p2a
|-activate|p2b: Ursaluna|move: Protect
|-damage|p2a: Sinistcha|43/100
|
|-damage|p2b: Ursaluna|47/100 brn|[from] brn
|upkeep
|turn|4
|inactive|ZekromAllDay has 30 seconds left.
|
|t:|1757788755
|switch|p2a: Pelipper|Pelipper, L50, F|100/100
|-weather|RainDance|[from] ability: Drizzle|[of] p2a: Pelipper
|move|p2b: Ursaluna|Earthquake|p1b: Annihilape|[spread] p1a,p1b
|-immune|p2a: Pelipper
|-damage|p1a: Volcarona|14/100
|-damage|p1b: Annihilape|55/100
|move|p1a: Volcarona|Heat Wave|p2b: Ursaluna|[spread] p2a,p2b
|-resisted|p2a: Pelipper
|-damage|p2a: Pelipper|84/100
|-damage|p2b: Ursaluna|12/100 brn
|move|p1b: Annihilape|Drain Punch|p2b: Ursaluna
|-supereffective|p2b: Ursaluna
|-damage|p2b: Ursaluna|0 fnt
|-heal|p1b: Annihilape|61/100|[from] drain|[of] p2b: Ursaluna
|faint|p2b: Ursaluna
|
|-weather|RainDance|[upkeep]
|-heal|p1b: Annihilape|67/100|[from] item: Leftovers
|upkeep
|
|t:|1757788763
|switch|p2b: Sinistcha|Sinistcha, L50, tera:Dark|43/100
|-heal|p2a: Pelipper|100/100|[from] ability: Hospitality|[of] p2b: Sinistcha
|turn|5
|
|t:|1757788775
|move|p1a: Volcarona|Protect|p1a: Volcarona
|-singleturn|p1a: Volcarona|Protect
|move|p1b: Annihilape|Protect|p1b: Annihilape
|-singleturn|p1b: Annihilape|Protect
|move|p2b: Sinistcha|Matcha Gotcha|p1b: Annihilape|[spread] 
|-activate|p1a: Volcarona|move: Protect
|-activate|p1b: Annihilape|move: Protect
|move|p2a: Pelipper|Hurricane|p1b: Annihilape
|-activate|p1b: Annihilape|move: Protect
|
|-weather|RainDance|[upkeep]
|-heal|p1b: Annihilape|73/100|[from] item: Leftovers
|-fieldend|move: Trick Room
|upkeep
|turn|6
|
|t:|1757788794
|move|p1b: Annihilape|Drain Punch|p2b: Sinistcha
|-supereffective|p2b: Sinistcha
|-damage|p2b: Sinistcha|0 fnt
|-heal|p1b: Annihilape|92/100|[from] drain|[of] p2b: Sinistcha
|faint|p2b: Sinistcha
|move|p1a: Volcarona|Tera Blast|p2a: Pelipper
|-damage|p2a: Pelipper|42/100
|move|p2a: Pelipper|Hurricane|p1b: Annihilape
|-supereffective|p1b: Annihilape
|-damage|p1b: Annihilape|10/100
|-start|p1b: Annihilape|confusion
|
|-weather|RainDance|[upkeep]
|-heal|p1b: Annihilape|16/100|[from] item: Leftovers
|upkeep
|
|t:|1757788798
|switch|p2b: Archaludon|Archaludon, L50, F|100/100
|turn|7
|inactive|ZekromAllDay has 30 seconds left.
|
|t:|1757788830
|move|p1a: Volcarona|Protect|p1a: Volcarona
|-singleturn|p1a: Volcarona|Protect
|-activate|p1b: Annihilape|confusion
|-damage|p1b: Annihilape|4/100|[from] confusion
|move|p2a: Pelipper|Hurricane|p1b: Annihilape
|-supereffective|p1b: Annihilape
|-damage|p1b: Annihilape|0 fnt
|faint|p1b: Annihilape
|move|p2b: Archaludon|Electro Shot||[still]
|-prepare|p2b: Archaludon|Electro Shot
|-boost|p2b: Archaludon|spa|1
|-anim|p2b: Archaludon|Electro Shot|p1a: Volcarona
|-activate|p1a: Volcarona|move: Protect
|
|-weather|RainDance|[upkeep]
|upkeep
|turn|8
|-message|ZekromAllDay forfeited.
|raw|ZekromAllDay's rating: 1218 → 1189(-29 for losing)
|raw|RacallapoVGC's rating: 1160 → 1189(+29 for winning)
|
|win|RacallapoVGC
|l|☆ZekromAllDay
|player|p1|
