|j|☆dragonboy2100
|j|☆furretusedpunch
|html|dragonboy2100furretusedpunch    
|uhtml|bestof|Game 2 of a best-of-3
|t:|1757221474
|gametype|doubles
|player|p1|dragonboy2100|sage|1367
|player|p2|furretusedpunch|lacey|1293
|gen|9
|tier|[Gen 9] VGC 2025 Reg H (Bo3)
|rated|
|rule|Species Clause: Limit one of each Pokémon
|rule|Item Clause: Limit 1 of each item
|clearpoke
|poke|p1|Rillaboom, L50, M|
|poke|p1|Volcarona, L50, F|
|poke|p1|Electabuzz, L50, M|
|poke|p1|Garchomp, L50, M|
|poke|p1|Incineroar, L50, F|
|poke|p1|Palafin, L50, M|
|poke|p2|Gholdengo, L50|
|poke|p2|Rillaboom, L50, M|
|poke|p2|Dragonite, L50, F|
|poke|p2|Ninetales-Alola, L50, F|
|poke|p2|Incineroar, L50, M|
|poke|p2|Garchomp, L50, F|
|teampreview|4
|showteam|p1|Rillaboom||AssaultVest|GrassySurge|WoodHammer,GrassyGlide,FakeOut,Uturn|||M|||50|,,,,,Fire]Volcarona||GrassySeed|FlameBody|HeatWave,TeraBlast,QuiverDance,Protect|||F|||50|,,,,,Fairy]Electabuzz||Eviolite|VitalSpirit|Electroweb,Taunt,FollowMe,Protect|||M|||50|,,,,,Ghost]Garchomp||LoadedDice|RoughSkin|ScaleShot,StompingTantrum,SwordsDance,Protect|||M|||50|,,,,,Psychic]Incineroar||SafetyGoggles|Intimidate|FlareBlitz,KnockOff,FakeOut,PartingShot|||F|||50|,,,,,Ghost]Palafin||MysticWater|ZerotoHero|WaveCrash,JetPunch,Haze,Protect|||M|||50|,,,,,Water
|showteam|p2|Gholdengo||LifeOrb|GoodasGold|NastyPlot,MakeItRain,ShadowBall,Protect||||||50|,,,,,Water]Rillaboom||AssaultVest|GrassySurge|FakeOut,GrassyGlide,DrumBeating,HighHorsepower|||M|||50|,,,,,Fire]Dragonite||LoadedDice|Multiscale|ScaleShot,Haze,Tailwind,Protect|||F|||50|,,,,,Steel]Ninetales-Alola||FocusSash|SnowWarning|IcyWind,Encore,FreezeDry,AuroraVeil|||F|||50|,,,,,Ghost]Incineroar||SitrusBerry|Intimidate|FlareBlitz,KnockOff,FakeOut,PartingShot|||M|||50|,,,,,Ghost]Garchomp||ChoiceBand|RoughSkin|StompingTantrum,DragonClaw,RockSlide,Earthquake|||F|||50|,,,,,Fire
|inactive|Battle timer is ON: inactive players will automatically lose when time's up. (requested by dragonboy2100)
|inactive|furretusedpunch has 60 seconds left.
|
|t:|1757221532
|teamsize|p1|4
|teamsize|p2|4
|start
|switch|p1a: Incineroar|Incineroar, L50, F|100/100
|switch|p1b: Garchomp|Garchomp, L50, M|100/100
|switch|p2a: Garchomp|Garchomp, L50, F|100/100
|switch|p2b: Dragonite|Dragonite, L50, F|100/100
|-ability|p1a: Incineroar|Intimidate|boost
|-unboost|p2a: Garchomp|atk|1
|-unboost|p2b: Dragonite|atk|1
|turn|1
|inactive|furretusedpunch has 30 seconds left.
|inactive|dragonboy2100 has 30 seconds left.
|inactive|furretusedpunch has 20 seconds left.
|inactive|dragonboy2100 has 20 seconds left.
|inactive|dragonboy2100 has 15 seconds left.
|
|t:|1757221579
|switch|p2a: Ninetales|Ninetales-Alola, L50, F|100/100
|-weather|Snowscape|[from] ability: Snow Warning|[of] p2a: Ninetales
|switch|p1b: Volcarona|Volcarona, L50, F|100/100
|move|p2b: Dragonite|Protect|p2b: Dragonite
|-singleturn|p2b: Dragonite|Protect
|move|p1a: Incineroar|Fake Out|p2b: Dragonite
|-activate|p2b: Dragonite|move: Protect
|
|-weather|Snowscape|[upkeep]
|upkeep
|turn|2
|inactive|dragonboy2100 has 30 seconds left.
|inactive|furretusedpunch has 30 seconds left.
|
|t:|1757221611
|switch|p2a: Garchomp|Garchomp, L50, F|100/100
|move|p1b: Volcarona|Heat Wave|p2a: Garchomp|[spread] p2a
|-miss|p1b: Volcarona|p2b: Dragonite
|-resisted|p2a: Garchomp
|-damage|p2a: Garchomp|80/100
|move|p2b: Dragonite|Tailwind|p2b: Dragonite
|-sidestart|p2: furretusedpunch|move: Tailwind
|move|p1a: Incineroar|Knock Off|p2a: Garchomp
|-damage|p2a: Garchomp|39/100
|-damage|p1a: Incineroar|88/100|[from] ability: Rough Skin|[of] p2a: Garchomp
|-enditem|p2a: Garchomp|Choice Band|[from] move: Knock Off|[of] p1a: Incineroar
|
|-weather|Snowscape|[upkeep]
|upkeep
|turn|3
|inactive|dragonboy2100 has 30 seconds left.
|inactive|furretusedpunch has 30 seconds left.
|inactive|dragonboy2100 has 20 seconds left.
|inactive|dragonboy2100 has 15 seconds left.
|
|t:|1757221655
|switch|p1a: Garchomp|Garchomp, L50, M|100/100
|-terastallize|p1b: Volcarona|Fairy
|move|p2a: Garchomp|Rock Slide|p1a: Garchomp|[spread] p1a,p1b
|-resisted|p1a: Garchomp
|-damage|p1a: Garchomp|91/100
|-damage|p1b: Volcarona|77/100
|move|p2b: Dragonite|Scale Shot|p1a: Garchomp
|-supereffective|p1a: Garchomp
|-damage|p1a: Garchomp|72/100
|-supereffective|p1a: Garchomp
|-damage|p1a: Garchomp|53/100
|-supereffective|p1a: Garchomp
|-damage|p1a: Garchomp|34/100
|-supereffective|p1a: Garchomp
|-damage|p1a: Garchomp|16/100
|-supereffective|p1a: Garchomp
|-damage|p1a: Garchomp|0 fnt
|faint|p1a: Garchomp
|-hitcount|p1: Garchomp|5
|-unboost|p2b: Dragonite|def|1
|-boost|p2b: Dragonite|spe|1
|move|p1b: Volcarona|Tera Blast|p2a: Garchomp|[anim] Tera Blast Fairy
|-supereffective|p2a: Garchomp
|-damage|p2a: Garchomp|0 fnt
|faint|p2a: Garchomp
|
|-weather|Snowscape|[upkeep]
|upkeep
|
|t:|1757221679
|switch|p2a: Gholdengo|Gholdengo, L50|100/100
|switch|p1a: Incineroar|Incineroar, L50, F|88/100
|-ability|p1a: Incineroar|Intimidate|boost
|-unboost|p2a: Gholdengo|atk|1
|-unboost|p2b: Dragonite|atk|1
|turn|4
|inactive|dragonboy2100 has 30 seconds left.
|inactive|furretusedpunch has 30 seconds left.
|inactive|furretusedpunch has 20 seconds left.
|inactive|furretusedpunch has 15 seconds left.
|inactive|furretusedpunch has 10 seconds left.
|
|t:|1757221726
|switch|p1b: Electabuzz|Electabuzz, L50, M|100/100
|-terastallize|p2a: Gholdengo|Water
|move|p2b: Dragonite|Scale Shot|p1a: Incineroar
|-damage|p1a: Incineroar|82/100
|-damage|p1a: Incineroar|76/100
|-damage|p1a: Incineroar|70/100
|-damage|p1a: Incineroar|64/100
|-hitcount|p1a: Incineroar|4
|-unboost|p2b: Dragonite|def|1
|-boost|p2b: Dragonite|spe|1
|move|p2a: Gholdengo|Nasty Plot|p2a: Gholdengo
|-boost|p2a: Gholdengo|spa|2
|move|p1a: Incineroar|Knock Off|p2a: Gholdengo
|-damage|p2a: Gholdengo|63/100
|-enditem|p2a: Gholdengo|Life Orb|[from] move: Knock Off|[of] p1a: Incineroar
|
|-weather|Snowscape|[upkeep]
|upkeep
|turn|5
|
|t:|1757221750
|move|p2b: Dragonite|Scale Shot|p1b: Electabuzz|[miss]
|-miss|p2b: Dragonite|p1b: Electabuzz
|move|p2a: Gholdengo|Shadow Ball|p1b: Electabuzz
|-damage|p1b: Electabuzz|21/100
|move|p1b: Electabuzz|Electroweb|p2b: Dragonite|[spread] p2a,p2b
|-supereffective|p2a: Gholdengo
|-damage|p2a: Gholdengo|35/100
|-damage|p2b: Dragonite|93/100
|-unboost|p2a: Gholdengo|spe|1
|-unboost|p2b: Dragonite|spe|1
|move|p1a: Incineroar|Knock Off|p2b: Dragonite
|-damage|p2b: Dragonite|5/100
|-enditem|p2b: Dragonite|Loaded Dice|[from] move: Knock Off|[of] p1a: Incineroar
|
|-weather|none
|-sideend|p2: furretusedpunch|move: Tailwind
|upkeep
|turn|6
|inactive|dragonboy2100 has 30 seconds left.
|
|t:|1757221781
|move|p1b: Electabuzz|Protect|p1b: Electabuzz
|-singleturn|p1b: Electabuzz|Protect
|move|p2b: Dragonite|Tailwind|p2b: Dragonite
|-sidestart|p2: furretusedpunch|move: Tailwind
|move|p2a: Gholdengo|Make It Rain|p1b: Electabuzz|[spread] p1a
|-activate|p1b: Electabuzz|move: Protect
|-resisted|p1a: Incineroar
|-damage|p1a: Incineroar|20/100
|-unboost|p2a: Gholdengo|spa|1
|move|p1a: Incineroar|Knock Off|p2a: Gholdengo
|-damage|p2a: Gholdengo|10/100
|
|upkeep
|turn|7
|inactive|dragonboy2100 has 30 seconds left.
|inactive|dragonboy2100 has 20 seconds left.
|
|t:|1757221817
|move|p1b: Electabuzz|Protect||[still]
|-fail|p1b: Electabuzz
|move|p2b: Dragonite|Scale Shot|p1b: Electabuzz
|-damage|p1b: Electabuzz|11/100
|-damage|p1b: Electabuzz|4/100
|-hitcount|p1b: Electabuzz|2
|-unboost|p2b: Dragonite|def|1
|-boost|p2b: Dragonite|spe|1
|move|p2a: Gholdengo|Make It Rain|p1b: Electabuzz|[spread] p1a,p1b
|-resisted|p1a: Incineroar
|-resisted|p1b: Electabuzz
|-damage|p1a: Incineroar|0 fnt
|-damage|p1b: Electabuzz|0 fnt
|-unboost|p2a: Gholdengo|spa|1
|faint|p1a: Incineroar
|faint|p1b: Electabuzz
|
|upkeep
|
|t:|1757221823
|switch|p1b: Volcarona|Volcarona, L50, F, tera:Fairy|77/100
|turn|8
|-message|dragonboy2100 forfeited.
|
|win|furretusedpunch
|raw|dragonboy2100's rating: 1367 → 1343(-24 for losing)
|raw|furretusedpunch's rating: 1293 → 1323(+30 for winning)
