|j|☆ManoloVAR
|j|☆punishedmelody
|html|ManoloVARpunishedmelody    
|uhtml|bestof|Game 2 of a best-of-3
|t:|1783737966
|gametype|doubles
|player|p1|ManoloVAR|hilbert|1131
|player|p2|punishedmelody|taunie|1040
|gen|9
|tier|[Gen 9 Champions] VGC 2026 Reg M-B (Bo3)
|rated|
|rule|Species Clause: Limit one of each Pokémon
|rule|Item Clause: Limit 1 of each item
|clearpoke
|poke|p1|Sinistcha-Masterpiece, L50|
|poke|p1|Swampert, L50, M|
|poke|p1|Politoed, L50, M|
|poke|p1|Incineroar, L50, M|
|poke|p1|Archaludon, L50, M|
|poke|p1|Gengar, L50, M, shiny|
|poke|p2|Blaziken, L50, M, shiny|
|poke|p2|Venusaur, L50, M|
|poke|p2|Ninetales-Alola, L50, M|
|poke|p2|Lycanroc-Dusk, L50, F|
|poke|p2|Kingambit, L50, M, shiny|
|poke|p2|Basculegion, L50, M|
|teampreview|4
|showteam|p1|Sinistcha-Masterpiece||KasibBerry|Hospitality|MatchaGotcha,Protect,LifeDew,TrickRoom|Bold|||||50|]Swampert||Swampertite|Torrent|HighHorsepower,WaveCrash,IcePunch,Protect|Adamant||M|||50|]Politoed||SitrusBerry|Drizzle|PerishSong,Protect,IcyWind,WeatherBall|Calm||M|||50|]Incineroar||WhiteHerb|Intimidate|CloseCombat,FlareBlitz,PartingShot,FakeOut|Adamant||M|||50|]Archaludon||Leftovers|Stamina|ElectroShot,DracoMeteor,Protect,FlashCannon|Modest||M|||50|]Gengar||Gengarite|CursedBody|Protect,SludgeBomb,ShadowBall,PerishSong|Timid||M|||50|
|showteam|p2|Blaziken||Blazikenite|SpeedBoost|FlareBlitz,CloseCombat,StoneEdge,Detect|Adamant||M|||50|]Venusaur||Venusaurite|Overgrow|GigaDrain,SludgeBomb,EarthPower,Protect|Modest||M|||50|]Ninetales-Alola||NeverMeltIce|SnowWarning|Blizzard,FreezeDry,Encore,Protect|Timid||M|||50|]Lycanroc-Dusk||FocusSash|ToughClaws|Accelerock,RockSlide,CloseCombat,Protect|Adamant||F|||50|]Kingambit||LifeOrb|Defiant|KowtowCleave,SuckerPunch,IronHead,Protect|Adamant||M|||50|]Basculegion||ChoiceScarf|Adaptability|WaveCrash,AquaJet,LastRespects,FlipTurn|Jolly||M|||50|
|inactive|Battle timer is ON: inactive players will automatically lose when time's up. (requested by ManoloVAR)
|
|t:|1783737988
|teamsize|p1|4
|teamsize|p2|4
|start
|switch|p1a: Gengar|Gengar, L50, M, shiny|100/100
|switch|p1b: Incineroar|Incineroar, L50, M|100/100
|switch|p2a: Senbonzagura|Venusaur, L50, M|100/100
|switch|p2b: Tensa Zangetsu|Kingambit, L50, M, shiny|100/100
|-ability|p1b: Incineroar|Intimidate|boost
|-unboost|p2a: Senbonzagura|atk|1
|-unboost|p2b: Tensa Zangetsu|atk|1
|-ability|p2b: Tensa Zangetsu|Defiant|boost
|-boost|p2b: Tensa Zangetsu|atk|2
|turn|1
|
|t:|1783738005
|switch|p2a: La Muerte|Basculegion, L50, M|100/100
|detailschange|p1a: Gengar|Gengar-Mega, L50, M, shiny
|-mega|p1a: Gengar|Gengar|Gengarite
|move|p1a: Gengar|Perish Song|p1a: Gengar
|-start|p1a: Gengar|perish3|[silent]
|-start|p1b: Incineroar|perish3|[silent]
|-start|p2a: La Muerte|perish3|[silent]
|-start|p2b: Tensa Zangetsu|perish3|[silent]
|-fieldactivate|move: Perish Song
|move|p1b: Incineroar|Close Combat|p2b: Tensa Zangetsu
|-supereffective|p2b: Tensa Zangetsu|2
|-damage|p2b: Tensa Zangetsu|0 fnt
|-unboost|p1b: Incineroar|def|1
|-unboost|p1b: Incineroar|spd|1
|faint|p2b: Tensa Zangetsu
|-enditem|p1b: Incineroar|White Herb
|-clearnegativeboost|p1b: Incineroar|[silent]
|
|-start|p2a: La Muerte|perish3
|-start|p1a: Gengar|perish3
|-start|p1b: Incineroar|perish3
|upkeep
|
|t:|1783738019
|switch|p2b: Senbonzagura|Venusaur, L50, M|100/100
|turn|2
|
|t:|1783738036
|detailschange|p2b: Senbonzagura|Venusaur-Mega, L50, M
|-mega|p2b: Senbonzagura|Venusaur|Venusaurite
|move|p1a: Gengar|Protect|p1a: Gengar
|-singleturn|p1a: Gengar|Protect
|move|p2a: La Muerte|Last Respects|p1a: Gengar
|-activate|p1a: Gengar|move: Protect
|move|p2b: Senbonzagura|Earth Power|p1b: Incineroar
|-supereffective|p1b: Incineroar|1
|-damage|p1b: Incineroar|37/100
|move|p1b: Incineroar|Parting Shot|p2b: Senbonzagura
|-unboost|p2b: Senbonzagura|atk|1
|-unboost|p2b: Senbonzagura|spa|1
|
|t:|1783738047
|switch|p1b: Politoed|Politoed, L50, M|100/100|[from] Parting Shot
|-weather|RainDance|[from] ability: Drizzle|[of] p1b: Politoed
|
|-weather|RainDance|[upkeep]
|-start|p2a: La Muerte|perish2
|-start|p1a: Gengar|perish2
|upkeep
|turn|3
|
|t:|1783738055
|switch|p1a: Incineroar|Incineroar, L50, M|37/100
|-ability|p1a: Incineroar|Intimidate|boost
|-unboost|p2a: La Muerte|atk|1
|-unboost|p2b: Senbonzagura|atk|1
|move|p2a: La Muerte|Last Respects|p1a: Incineroar
|-resisted|p1a: Incineroar|1
|-damage|p1a: Incineroar|18/100
|move|p2b: Senbonzagura|Earth Power|p1a: Incineroar
|-supereffective|p1a: Incineroar|1
|-damage|p1a: Incineroar|0 fnt
|faint|p1a: Incineroar
|move|p1b: Politoed|Icy Wind|p2b: Senbonzagura|[spread] p2b
|-miss|p1b: Politoed|p2a: La Muerte
|-supereffective|p2b: Senbonzagura|1
|-damage|p2b: Senbonzagura|92/100
|-unboost|p2b: Senbonzagura|spe|1
|
|-weather|RainDance|[upkeep]
|-start|p2a: La Muerte|perish1
|upkeep
|
|t:|1783738073
|switch|p1a: Archaludon|Archaludon, L50, M|100/100
|turn|4
|
|t:|1783738079
|switch|p2a: Hakka no Togame|Ninetales-Alola, L50, M|100/100
|-weather|Snowscape|[from] ability: Snow Warning|[of] p2a: Hakka no Togame
|move|p1a: Archaludon|Protect|p1a: Archaludon
|-singleturn|p1a: Archaludon|Protect
|move|p1b: Politoed|Protect|p1b: Politoed
|-singleturn|p1b: Politoed|Protect
|move|p2b: Senbonzagura|Giga Drain|p1b: Politoed
|-activate|p1b: Politoed|move: Protect
|
|-weather|Snowscape|[upkeep]
|upkeep
|turn|5
|
|t:|1783738094
|switch|p1a: Gengar|Gengar-Mega, L50, M, shiny|100/100
|switch|p2b: La Muerte|Basculegion, L50, M|100/100
|move|p2a: Hakka no Togame|Encore||[still]
|-fail|p2a: Hakka no Togame
|move|p1b: Politoed|Icy Wind|p2a: Hakka no Togame|[spread] p2a,p2b
|-resisted|p2a: Hakka no Togame|1
|-resisted|p2b: La Muerte|1
|-damage|p2a: Hakka no Togame|95/100
|-damage|p2b: La Muerte|94/100
|-unboost|p2a: Hakka no Togame|spe|1
|-unboost|p2b: La Muerte|spe|1
|
|-weather|Snowscape|[upkeep]
|upkeep
|turn|6
|
|t:|1783738109
|switch|p1b: Archaludon|Archaludon, L50, M|100/100
|move|p1a: Gengar|Shadow Ball|p2b: La Muerte
|-supereffective|p2b: La Muerte|1
|-damage|p2b: La Muerte|0 fnt
|faint|p2b: La Muerte
|move|p2a: Hakka no Togame|Freeze-Dry|p1b: Archaludon
|-damage|p1b: Archaludon|67/100
|-ability|p1b: Archaludon|Stamina|boost
|-boost|p1b: Archaludon|def|1
|
|-weather|Snowscape|[upkeep]
|-heal|p1b: Archaludon|73/100|[from] item: Leftovers
|upkeep
|
|t:|1783738112
|switch|p2b: Senbonzagura|Venusaur-Mega, L50, M|92/100
|turn|7
|
|t:|1783738123
|switch|p1b: Politoed|Politoed, L50, M|100/100
|-weather|RainDance|[from] ability: Drizzle|[of] p1b: Politoed
|move|p1a: Gengar|Perish Song|p1a: Gengar
|-start|p1a: Gengar|perish3|[silent]
|-start|p1b: Politoed|perish3|[silent]
|-start|p2a: Hakka no Togame|perish3|[silent]
|-start|p2b: Senbonzagura|perish3|[silent]
|-fieldactivate|move: Perish Song
|move|p2a: Hakka no Togame|Encore|p1a: Gengar
|-start|p1a: Gengar|Encore
|move|p2b: Senbonzagura|Earth Power|p1b: Politoed
|-damage|p1b: Politoed|76/100
|
|-weather|RainDance|[upkeep]
|-start|p1a: Gengar|perish3
|-start|p2a: Hakka no Togame|perish3
|-start|p2b: Senbonzagura|perish3
|-start|p1b: Politoed|perish3
|upkeep
|turn|8
|
|t:|1783738146
|switch|p1a: Archaludon|Archaludon, L50, M|73/100
|move|p1b: Politoed|Protect|p1b: Politoed
|-singleturn|p1b: Politoed|Protect
|move|p2a: Hakka no Togame|Blizzard|p1a: Archaludon|[spread] p1a
|-activate|p1b: Politoed|move: Protect
|-damage|p1a: Archaludon|35/100
|-ability|p1a: Archaludon|Stamina|boost
|-boost|p1a: Archaludon|def|1
|move|p2b: Senbonzagura|Earth Power|p1a: Archaludon
|-supereffective|p1a: Archaludon|1
|-damage|p1a: Archaludon|0 fnt
|faint|p1a: Archaludon
|
|-weather|RainDance|[upkeep]
|-start|p2a: Hakka no Togame|perish2
|-start|p2b: Senbonzagura|perish2
|-start|p1b: Politoed|perish2
|upkeep
|
|t:|1783738157
|switch|p1a: Gengar|Gengar-Mega, L50, M, shiny|100/100
|turn|9
|inactive|ManoloVAR has 30 seconds left.
|inactive|punishedmelody has 30 seconds left.
|
|t:|1783738189
|move|p1a: Gengar|Sludge Bomb|p2a: Hakka no Togame
|-supereffective|p2a: Hakka no Togame|1
|-damage|p2a: Hakka no Togame|0 fnt
|faint|p2a: Hakka no Togame
|move|p2b: Senbonzagura|Earth Power|p1a: Gengar
|-supereffective|p1a: Gengar|1
|-damage|p1a: Gengar|36/100
|move|p1b: Politoed|Weather Ball|p2b: Senbonzagura
|-resisted|p2b: Senbonzagura|1
|-damage|p2b: Senbonzagura|71/100
|
|-weather|RainDance|[upkeep]
|-start|p2b: Senbonzagura|perish1
|-start|p1b: Politoed|perish1
|upkeep
|turn|10
|-message|punishedmelody forfeited.
|
|win|ManoloVAR
