|j|☆ShackWoods
|j|☆zach_lucius
|html|ShackWoodszach_lucius    
|uhtml|bestof|Game 1 of a best-of-3
|t:|1756322600
|gametype|doubles
|player|p1|ShackWoods|korrina|1181
|player|p2|zach_lucius|briar|1246
|gen|9
|tier|[Gen 9] VGC 2025 Reg H (Bo3)
|rated|
|rule|Species Clause: Limit one of each Pokémon
|rule|Item Clause: Limit 1 of each item
|clearpoke
|poke|p1|Lilligant-Hisui, L50, F|
|poke|p1|Armarouge, L50, F|
|poke|p1|Indeedee-F, L50, F|
|poke|p1|Torkoal, L50, F|
|poke|p1|Ursaluna, L50, F|
|poke|p1|Hatterene, L50, F|
|poke|p2|Indeedee-F, L50, F|
|poke|p2|Sneasler, L50, F|
|poke|p2|Armarouge, L50, F|
|poke|p2|Torkoal, L50, F|
|poke|p2|Lilligant-Hisui, L50, F|
|poke|p2|Gallade, L50, M|
|teampreview|4
|showteam|p1|Lilligant-Hisui||FocusSash|Chlorophyll|SolarBlade,CloseCombat,TripleAxel,AfterYou|||F|||50|,,,,,Ghost]Armarouge||PsychicSeed|FlashFire|ExpandingForce,ArmorCannon,WideGuard,TrickRoom|||F|||50|,,,,,Grass]Indeedee-F||RockyHelmet|PsychicSurge|AlluringVoice,HelpingHand,FollowMe,TrickRoom|||F|||50|,,,,,Grass]Torkoal||Charcoal|Drought|Eruption,WeatherBall,ClearSmog,Protect|||F|||50|,,,,,Fire]Ursaluna||FlameOrb|Guts|Facade,HeadlongRush,Substitute,Protect|||F|||50|,,,,,Ghost]Hatterene||LifeOrb|MagicBounce|ExpandingForce,DazzlingGleam,MysticalFire,TrickRoom|||F|||50|,,,,,Fire
|showteam|p2|Indeedee-F||SafetyGoggles|PsychicSurge|Psychic,HelpingHand,FollowMe,TrickRoom|||F|||50|,,,,,Fairy]Sneasler||PsychicSeed|Unburden|DireClaw,CloseCombat,ThroatChop,Protect|||F|||50|,,,,,Dark]Armarouge||LifeOrb|FlashFire|ExpandingForce,ArmorCannon,TrickRoom,Protect|||F|||50|,,,,,Grass]Torkoal||Charcoal|Drought|Eruption,WeatherBall,ClearSmog,Protect|||F|||50|,,,,,Fire]Lilligant-Hisui||FocusSash|Chlorophyll|CloseCombat,SolarBlade,IceSpinner,AfterYou|||F|||50|,,,,,Ghost]Gallade||ClearAmulet|Sharpness|SacredSword,PsychoCut,WideGuard,TrickRoom|||M|||50|,,,,,Steel
|c|☆ShackWoods|gl hf
|
|t:|1756322687
|teamsize|p1|4
|teamsize|p2|4
|start
|switch|p1a: Armarouge|Armarouge, L50, F|100/100
|switch|p1b: Indeedee|Indeedee-F, L50, F|100/100
|switch|p2a: Gallade|Gallade, L50, M|100/100
|switch|p2b: Armarouge|Armarouge, L50, F|100/100
|-fieldstart|move: Psychic Terrain|[from] ability: Psychic Surge|[of] p1b: Indeedee
|-enditem|p1a: Armarouge|Psychic Seed
|-boost|p1a: Armarouge|spd|1|[from] item: Psychic Seed
|turn|1
|
|t:|1756322708
|move|p1b: Indeedee|Helping Hand|p1a: Armarouge
|-singleturn|p1a: Armarouge|Helping Hand|[of] p1b: Indeedee
|move|p2a: Gallade|Sacred Sword|p1b: Indeedee
|-damage|p1b: Indeedee|24/100
|-damage|p2a: Gallade|84/100|[from] item: Rocky Helmet|[of] p1b: Indeedee
|move|p2b: Armarouge|Expanding Force|p1a: Armarouge|[spread] p1a,p1b
|-resisted|p1a: Armarouge
|-resisted|p1b: Indeedee
|-damage|p1a: Armarouge|71/100
|-damage|p1b: Indeedee|0 fnt
|faint|p1b: Indeedee
|-damage|p2b: Armarouge|91/100|[from] item: Life Orb
|move|p1a: Armarouge|Armor Cannon|p2a: Gallade
|-damage|p2a: Gallade|0 fnt
|-unboost|p1a: Armarouge|def|1
|-unboost|p1a: Armarouge|spd|1
|faint|p2a: Gallade
|
|upkeep
|
|t:|1756322731
|switch|p2a: Sneasler|Sneasler, L50, F|100/100
|switch|p1b: Ursaluna|Ursaluna, L50, F|100/100
|-enditem|p2a: Sneasler|Psychic Seed
|-boost|p2a: Sneasler|spd|1|[from] item: Psychic Seed
|turn|2
|
|t:|1756322774
|-terastallize|p2b: Armarouge|Grass
|move|p1b: Ursaluna|Protect|p1b: Ursaluna
|-singleturn|p1b: Ursaluna|Protect
|move|p1a: Armarouge|Wide Guard|p1a: Armarouge
|-singleturn|p1a: Armarouge|Wide Guard
|move|p2a: Sneasler|Throat Chop|p1a: Armarouge
|-supereffective|p1a: Armarouge
|-damage|p1a: Armarouge|0 fnt
|faint|p1a: Armarouge
|move|p2b: Armarouge|Expanding Force|p1b: Ursaluna
|-activate|p1b: Ursaluna|move: Wide Guard
|
|-status|p1b: Ursaluna|brn|[from] item: Flame Orb
|upkeep
|
|t:|1756322786
|switch|p1a: Torkoal|Torkoal, L50, F|100/100
|-weather|SunnyDay|[from] ability: Drought|[of] p1a: Torkoal
|turn|3
|
|t:|1756322815
|move|p1a: Torkoal|Protect|p1a: Torkoal
|-singleturn|p1a: Torkoal|Protect
|move|p2a: Sneasler|Dire Claw|p1b: Ursaluna
|-resisted|p1b: Ursaluna
|-damage|p1b: Ursaluna|85/100 brn
|move|p2b: Armarouge|Expanding Force|p1a: Torkoal|[spread] p1b
|-activate|p1a: Torkoal|move: Protect
|-damage|p1b: Ursaluna|14/100 brn
|-damage|p2b: Armarouge|81/100|[from] item: Life Orb
|move|p1b: Ursaluna|Facade|p2b: Armarouge
|-damage|p2b: Armarouge|0 fnt
|faint|p2b: Armarouge
|
|-weather|SunnyDay|[upkeep]
|-damage|p1b: Ursaluna|9/100 brn|[from] brn
|upkeep
|
|t:|1756322826
|switch|p2b: Indeedee|Indeedee-F, L50, F|100/100
|turn|4
|
|t:|1756322850
|move|p1a: Torkoal|Protect|p1a: Torkoal
|-singleturn|p1a: Torkoal|Protect
|move|p2a: Sneasler|Dire Claw|p1b: Ursaluna
|-resisted|p1b: Ursaluna
|-damage|p1b: Ursaluna|0 fnt
|faint|p1b: Ursaluna
|move|p2b: Indeedee|Psychic|p1a: Torkoal
|-activate|p1a: Torkoal|move: Protect
|
|-weather|SunnyDay|[upkeep]
|upkeep
|turn|5
|
|t:|1756322862
|-terastallize|p1a: Torkoal|Fire
|move|p2a: Sneasler|Dire Claw|p1a: Torkoal
|-damage|p1a: Torkoal|71/100
|move|p2b: Indeedee|Psychic|p1a: Torkoal
|-damage|p1a: Torkoal|17/100
|move|p1a: Torkoal|Weather Ball|p2a: Sneasler
|-damage|p2a: Sneasler|0 fnt
|faint|p2a: Sneasler
|
|-weather|SunnyDay|[upkeep]
|-fieldend|move: Psychic Terrain
|upkeep
|turn|6
|c|☆ShackWoods|gg
|
|t:|1756322877
|move|p2b: Indeedee|Psychic|p1a: Torkoal
|-damage|p1a: Torkoal|0 fnt
|faint|p1a: Torkoal
|
|win|zach_lucius
||ShackWoods is ready for game 2.
||zach_lucius is ready for game 2.
|uhtml|next|Next: Game 2 of 3
|l|☆zach_lucius
|player|p2|
