|j|☆gundnub
|j|☆audrith
|html|gundnubaudrith    
|uhtml|bestof|Game 1 of a best-of-3
|t:|1783294580
|gametype|doubles
|player|p1|gundnub|pokemonranger-gen4|
|player|p2|audrith|266|
|gen|9
|tier|[Gen 9 Champions] VGC 2026 Reg M-B (Bo3)
|rule|Species Clause: Limit one of each Pokémon
|rule|Item Clause: Limit 1 of each item
|clearpoke
|poke|p1|Arcanine, L50, F|
|poke|p1|Toxicroak, L50, F|
|poke|p1|Krookodile, L50, M|
|poke|p1|Pidgeot, L50, F|
|poke|p1|Floette-Eternal, L50, F|
|poke|p1|Rotom-Mow, L50|
|poke|p2|Floette-Eternal, L50, F|
|poke|p2|Chandelure, L50, F|
|poke|p2|Noivern, L50, M|
|poke|p2|Liepard, L50, M|
|poke|p2|Goodra-Hisui, L50, M|
|poke|p2|Skarmory, L50, F|
|teampreview|4
|showteam|p1|Arcanine||SitrusBerry|Intimidate|FlareBlitz,ExtremeSpeed,HelpingHand,Roar|Careful||F|||50|]Toxicroak||WhiteHerb|DrySkin|Protect,PoisonJab,CloseCombat,FakeOut|Adamant||F|||50|]Krookodile||RoseliBerry|Intimidate|Protect,Earthquake,LashOut,RockSlide|Adamant||M|||50|]Pidgeot||Pidgeotite|KeenEye|Protect,Hurricane,HeatWave,Tailwind|Timid||F|||50|]Floette-Eternal||LifeOrb|FlowerVeil|Protect,Moonblast,DazzlingGleam,LightofRuin|Timid||F|||50|]Rotom-Mow||ChoiceScarf|Levitate|Electroweb,VoltSwitch,LeafStorm,Trick|Timid|||||50|
|showteam|p2|Floette-Eternal||ChoiceScarf|FlowerVeil|DazzlingGleam,EnergyBall,LightofRuin,Psychic|Modest||F|||50|]Chandelure||Chandelurite|FlashFire|HeatWave,ShadowBall,TrickRoom,Protect|Serious||F|||50|]Noivern||WhiteHerb|Frisk|Tailwind,Taunt,SunnyDay,DracoMeteor|Timid||M|||50|]Liepard||SitrusBerry|Prankster|FakeOut,Encore,FoulPlay,FakeTears|Impish||M|||50|]Goodra-Hisui||LifeOrb|Gooey|ChillingWater,FlashCannon,DragonPulse,Protect|Modest||M|||50|]Skarmory||Skarmorite|KeenEye|BraveBird,IronHead,Tailwind,BodyPress|Impish||F|||50|
|inactive|Battle timer is ON: inactive players will automatically lose when time's up. (requested by gundnub)
|inactive|gundnub has 60 seconds left.
|inactive|audrith has 60 seconds left.
|
|t:|1783294636
|teamsize|p1|4
|teamsize|p2|4
|start
|switch|p1a: Arcanine|Arcanine, L50, F|100/100
|switch|p1b: Toxicroak|Toxicroak, L50, F|100/100
|switch|p2a: Floette|Floette-Eternal, L50, F|100/100
|switch|p2b: Chandelure|Chandelure, L50, F|100/100
|-ability|p1a: Arcanine|Intimidate|boost
|-unboost|p2a: Floette|atk|1
|-unboost|p2b: Chandelure|atk|1
|turn|1
|inactive|gundnub has 30 seconds left.
|inactive|audrith has 30 seconds left.
|
|t:|1783294664
|detailschange|p2b: Chandelure|Chandelure-Mega, L50, F
|-mega|p2b: Chandelure|Chandelure|Chandelurite
|move|p2a: Floette|Psychic|p1b: Toxicroak
|-supereffective|p1b: Toxicroak|2
|-damage|p1b: Toxicroak|0 fnt
|faint|p1b: Toxicroak
|move|p2b: Chandelure|Shadow Ball|p1a: Arcanine
|-damage|p1a: Arcanine|52/100
|move|p1a: Arcanine|Roar|p2b: Chandelure
|drag|p2b: Noivern|Noivern, L50, M|100/100
|-item|p1a: Arcanine|Sitrus Berry|[from] ability: Frisk|[of] p2b: Noivern
|
|upkeep
|
|t:|1783294676
|switch|p1b: Krookodile|Krookodile, L50, M|100/100
|-ability|p1b: Krookodile|Intimidate|boost
|-unboost|p2a: Floette|atk|1
|-unboost|p2b: Noivern|atk|1
|-enditem|p2b: Noivern|White Herb
|-clearnegativeboost|p2b: Noivern|[silent]
|turn|2
|
|t:|1783294693
|move|p1a: Arcanine|Extreme Speed|p2b: Noivern
|-damage|p2b: Noivern|74/100
|move|p2a: Floette|Psychic|p1a: Arcanine
|-damage|p1a: Arcanine|22/100
|-unboost|p1a: Arcanine|spd|1
|-enditem|p1a: Arcanine|Sitrus Berry|[eat]
|-heal|p1a: Arcanine|47/100|[from] item: Sitrus Berry
|move|p2b: Noivern|Tailwind|p2b: Noivern
|-sidestart|p2: audrith|move: Tailwind
|move|p1b: Krookodile|Rock Slide|p2b: Noivern|[spread] p2a,p2b
|-supereffective|p2b: Noivern|1
|-damage|p2a: Floette|67/100
|-damage|p2b: Noivern|28/100
|
|upkeep
|turn|3
|inactive|gundnub has 30 seconds left.
|inactive|audrith has 30 seconds left.
|inactive|gundnub has 20 seconds left.
|
|t:|1783294732
|move|p1a: Arcanine|Extreme Speed|p2b: Noivern
|-damage|p2b: Noivern|4/100
|move|p2a: Floette|Psychic|p1a: Arcanine
|-crit|p1a: Arcanine
|-damage|p1a: Arcanine|0 fnt
|faint|p1a: Arcanine
|move|p2b: Noivern|Draco Meteor|p1b: Krookodile
|-damage|p1b: Krookodile|37/100
|-unboost|p2b: Noivern|spa|2
|move|p1b: Krookodile|Rock Slide|p2b: Noivern|[spread] p2a,p2b
|-supereffective|p2b: Noivern|1
|-damage|p2a: Floette|31/100
|-damage|p2b: Noivern|0 fnt
|faint|p2b: Noivern
|
|upkeep
|inactive|audrith has 30 seconds left.
|
|t:|1783294759
|switch|p2b: Goodra|Goodra-Hisui, L50, M|100/100
|switch|p1a: Pidgeot|Pidgeot, L50, F|100/100
|turn|4
|
|t:|1783294781
|detailschange|p1a: Pidgeot|Pidgeot-Mega, L50, F
|-mega|p1a: Pidgeot|Pidgeot|Pidgeotite
|move|p1b: Krookodile|Protect|p1b: Krookodile
|-singleturn|p1b: Krookodile|Protect
|move|p2a: Floette|Psychic|p1a: Pidgeot
|-damage|p1a: Pidgeot|59/100
|move|p2b: Goodra|Flash Cannon|p1b: Krookodile
|-activate|p1b: Krookodile|move: Protect
|move|p1a: Pidgeot|Tailwind|p1a: Pidgeot
|-sidestart|p1: gundnub|move: Tailwind
|
|upkeep
|turn|5
|inactive|gundnub has 30 seconds left.
|
|t:|1783294809
|move|p2a: Floette|Psychic|p1a: Pidgeot
|-damage|p1a: Pidgeot|23/100
|-unboost|p1a: Pidgeot|spd|1
|move|p1a: Pidgeot|Hurricane|p2b: Goodra
|-resisted|p2b: Goodra|1
|-damage|p2b: Goodra|80/100
|move|p1b: Krookodile|Earthquake|p2a: Floette|[spread] p2a,p2b
|-immune|p1a: Pidgeot
|-supereffective|p2b: Goodra|1
|-damage|p2a: Floette|0 fnt
|-damage|p2b: Goodra|0 fnt
|faint|p2a: Floette
|faint|p2b: Goodra
|
|-sideend|p2: audrith|move: Tailwind
|upkeep
|
|t:|1783294822
|switch|p2b: Chandelure|Chandelure-Mega, L50, F|100/100
|turn|6
|
|t:|1783294835
|move|p2b: Chandelure|Protect|p2b: Chandelure
|-singleturn|p2b: Chandelure|Protect
|move|p1a: Pidgeot|Hurricane|p2b: Chandelure
|-activate|p2b: Chandelure|move: Protect
|move|p1b: Krookodile|Earthquake|p2b: Chandelure|[spread] 
|-activate|p2b: Chandelure|move: Protect
|-immune|p1a: Pidgeot
|
|upkeep
|turn|7
|
|t:|1783294857
|move|p1a: Pidgeot|Hurricane|p2b: Chandelure
|-damage|p2b: Chandelure|54/100
|-start|p2b: Chandelure|confusion
|move|p1b: Krookodile|Earthquake|p2b: Chandelure|[spread] p2b
|-immune|p1a: Pidgeot
|-supereffective|p2b: Chandelure|1
|-damage|p2b: Chandelure|0 fnt
|faint|p2b: Chandelure
|
|win|gundnub
