|j|☆merrypasta
|j|☆AMediocreRobot
|html|merrypastaAMediocreRobot    
|uhtml|bestof|Game 2 of a best-of-3
|t:|1784977960
|gametype|doubles
|player|p1|merrypasta|anabel-gen7|
|player|p2|AMediocreRobot|medium|
|gen|9
|tier|[Gen 9 Champions] VGC 2026 Reg M-B (Bo3)
|rule|Species Clause: Limit one of each Pokémon
|rule|Item Clause: Limit 1 of each item
|clearpoke
|poke|p1|Gardevoir, L50, F, shiny|
|poke|p1|Aegislash, L50, F|
|poke|p1|Tsareena, L50, F|
|poke|p1|Scrafty, L50, M|
|poke|p1|Rotom-Wash, L50|
|poke|p1|Talonflame, L50, F|
|poke|p2|Corviknight, L50, F|
|poke|p2|Scizor, L50, F|
|poke|p2|Rotom-Wash, L50|
|poke|p2|Pyroar, L50, F|
|poke|p2|Aegislash, L50, F|
|poke|p2|Tsareena, L50, F|
|teampreview|4
|showteam|p1|Gardevoir||Gardevoirite|Trace|HyperVoice,Psyshock,Protect,TrickRoom|Modest||F|||50|]Aegislash||LifeOrb|StanceChange|Poltergeist,CloseCombat,KingsShield,ShadowSneak|Adamant||F|||50|]Tsareena||ExpertBelt|QueenlyMajesty|PowerWhip,TripleAxel,Protect,LowKick|Adamant||F|||50|]Scrafty||Scraftinite|Intimidate|CloseCombat,KnockOff,FakeOut,Encore|Adamant||M|||50|]Rotom-Wash||SitrusBerry|Levitate|Thunderbolt,HydroPump,Protect,WillOWisp|Modest|||||50|]Talonflame||SharpBeak|GaleWings|BraveBird,FlareBlitz,Protect,Tailwind|Jolly||F|||50|
|showteam|p2|Corviknight||ExpertBelt|MirrorArmor|BraveBird,BodyPress,Tailwind,BulkUp|Impish||F|||50|]Scizor||LifeOrb|Technician|Assurance,BulletPunch,Uturn,Protect|Adamant||F|||50|]Rotom-Wash||ChoiceScarf|Levitate|HydroPump,Electroweb,VoltSwitch,Thunderbolt|Modest|||||50|]Pyroar||Pyroarite|Unnerve|HeatWave,Overheat,HyperVoice,Protect|Timid||F|||50|]Aegislash||SitrusBerry|StanceChange|Poltergeist,CloseCombat,KingsShield,SwordsDance|Adamant||F|||50|]Tsareena||WideLens|QueenlyMajesty|PowerWhip,TripleAxel,HighJumpKick,Protect|Adamant||F|||50|
|
|t:|1784978000
|teamsize|p1|4
|teamsize|p2|4
|start
|switch|p1a: Rotom|Rotom-Wash, L50|100/100
|switch|p1b: Talonflame|Talonflame, L50, F|100/100
|switch|p2a: Pyroar|Pyroar, L50, F|100/100
|switch|p2b: Corviknight|Corviknight, L50, F|100/100
|-ability|p2a: Pyroar|Unnerve
|turn|1
|
|t:|1784978015
|detailschange|p2a: Pyroar|Pyroar-Mega, L50, F
|-mega|p2a: Pyroar|Pyroar|Pyroarite
|move|p1b: Talonflame|Flare Blitz|p2b: Corviknight
|-supereffective|p2b: Corviknight|1
|-damage|p2b: Corviknight|23/100
|-status|p2b: Corviknight|brn
|-damage|p1b: Talonflame|70/100|[from] Recoil
|move|p2a: Pyroar|Hyper Voice|p1b: Talonflame|[spread] p1a,p1b
|-damage|p1a: Rotom|62/100
|-damage|p1b: Talonflame|15/100
|move|p1a: Rotom|Thunderbolt|p2b: Corviknight
|-supereffective|p2b: Corviknight|1
|-damage|p2b: Corviknight|0 fnt
|faint|p2b: Corviknight
|
|upkeep
|
|t:|1784978030
|switch|p2b: Scizor|Scizor, L50, F|100/100
|turn|2
|
|t:|1784978047
|switch|p1b: Scrafty|Scrafty, L50, M|100/100
|-ability|p1b: Scrafty|Intimidate|boost
|-unboost|p2a: Pyroar|atk|1
|-unboost|p2b: Scizor|atk|1
|move|p2b: Scizor|Bullet Punch|p1b: Scrafty
|-damage|p1b: Scrafty|75/100
|-damage|p2b: Scizor|90/100|[from] item: Life Orb
|move|p2a: Pyroar|Hyper Voice|p1a: Rotom|[spread] p1a,p1b
|-damage|p1a: Rotom|21/100
|-damage|p1b: Scrafty|43/100
|-enditem|p1a: Rotom|Sitrus Berry|[eat]
|-heal|p1a: Rotom|46/100|[from] item: Sitrus Berry
|move|p1a: Rotom|Hydro Pump|p2a: Pyroar
|-supereffective|p2a: Pyroar|1
|-damage|p2a: Pyroar|0 fnt
|faint|p2a: Pyroar
|
|upkeep
|
|t:|1784978055
|switch|p2a: Rotom|Rotom-Wash, L50|100/100
|turn|3
|
|t:|1784978071
|detailschange|p1b: Scrafty|Scrafty-Mega, L50, M
|-mega|p1b: Scrafty|Scrafty|Scraftinite
|-ability|p1b: Scrafty|Intimidate|boost
|-unboost|p2a: Rotom|atk|1
|-unboost|p2b: Scizor|atk|1
|move|p1b: Scrafty|Fake Out|p2a: Rotom
|-damage|p2a: Rotom|84/100
|cant|p2a: Rotom|flinch
|move|p1a: Rotom|Will-O-Wisp|p2b: Scizor
|-status|p2b: Scizor|brn
|move|p2b: Scizor|U-turn|p1a: Rotom
|-damage|p1a: Rotom|34/100
|-damage|p2b: Scizor|80/100 brn|[from] item: Life Orb
|
|-damage|p2b: Scizor|74/100 brn|[from] brn
|upkeep
|turn|4
|
|t:|1784978085
|move|p2a: Rotom|Hydro Pump|p1b: Scrafty
|-damage|p1b: Scrafty|4/100
|move|p1a: Rotom|Thunderbolt|p2a: Rotom
|-damage|p2a: Rotom|40/100
|move|p2b: Scizor|U-turn|p1a: Rotom
|-damage|p1a: Rotom|19/100
|-damage|p2b: Scizor|64/100 brn|[from] item: Life Orb
|move|p1b: Scrafty|Close Combat|p2a: Rotom
|-damage|p2a: Rotom|0 fnt
|-unboost|p1b: Scrafty|def|1
|-unboost|p1b: Scrafty|spd|1
|faint|p2a: Rotom
|
|-damage|p2b: Scizor|59/100 brn|[from] brn
|upkeep
|turn|5
|-message|AMediocreRobot forfeited.
|
|win|merrypasta
|l|☆AMediocreRobot
|player|p2|
