|j|☆zifisha
|j|☆luoking
|html|zifishaluoking    
|uhtml|bestof|Game 1 of a best-of-3
|t:|1785328215
|gametype|doubles
|player|p1|zifisha|265|
|player|p2|luoking|265|
|gen|9
|tier|[Gen 9 Champions] VGC 2026 Reg M-B (Bo3)
|rule|Species Clause: Limit one of each Pokémon
|rule|Item Clause: Limit 1 of each item
|clearpoke
|poke|p1|Raichu, L50, M, shiny|
|poke|p1|Staraptor, L50, F|
|poke|p1|Gholdengo, L50|
|poke|p1|Meowscarada, L50, F, shiny|
|poke|p1|Whimsicott, L50, F, shiny|
|poke|p1|Primarina, L50, F, shiny|
|poke|p2|Camerupt, L50, F|
|poke|p2|Sneasler, L50, F|
|poke|p2|Farigiraf, L50, M|
|poke|p2|Vanilluxe, L50, F|
|poke|p2|Kleavor, L50, M|
|poke|p2|Kingambit, L50, M|
|teampreview|4
|showteam|p1|Raichu||RaichuniteY|LightningRod|FakeOut,ZapCannon,FocusBlast,Protect|Timid||M|||50|]Staraptor||Staraptite|Intimidate|CloseCombat,BraveBird,Tailwind,Protect|Jolly||F|||50|]Gholdengo||FocusSash|GoodasGold|MakeItRain,NastyPlot,ShadowBall,PowerGem|Timid|||||50|]Meowscarada||LifeOrb|Protean|FlowerTrick,KnockOff,Protect,LowKick|Jolly||F|||50|]Whimsicott||OccaBerry|Prankster|Tailwind,Encore,Charm,Moonblast|Timid||F|||50|]Primarina||SitrusBerry|LiquidVoice|Protect,HyperVoice,DazzlingGleam,CalmMind|Modest||F|||50|
|showteam|p2|Camerupt||Cameruptite|SolidRock|AncientPower,HeatWave,EarthPower,Eruption|Quiet||F|||50|]Sneasler||IronBall|PoisonTouch|FakeOut,CloseCombat,DireClaw,Fling|Brave||F|||50|]Farigiraf||SitrusBerry|ArmorTail|Psychic,Thunderbolt,TrickRoom,Protect|Modest||M|||50|]Vanilluxe||NeverMeltIce|SnowWarning|FreezeDry,Blizzard,IceShard,Protect|Quiet||F|||50|]Kleavor||ChoiceScarf|Sharpness|StoneAxe,XScissor,CloseCombat,NightSlash|Adamant||M|||50|]Kingambit||LifeOrb|Defiant|SuckerPunch,IronHead,KowtowCleave,Protect|Brave||M|||50|
|
|t:|1785328269
|teamsize|p1|4
|teamsize|p2|4
|start
|switch|p1a: Gholdengo|Gholdengo, L50|100/100
|switch|p1b: Raichu|Raichu, L50, M, shiny|100/100
|switch|p2a: Kleavor|Kleavor, L50, M|100/100
|switch|p2b: Farigiraf|Farigiraf, L50, M|100/100
|turn|1
|
|t:|1785328306
|detailschange|p1b: Raichu|Raichu-Mega-Y, L50, M, shiny
|-mega|p1b: Raichu|Raichu|Raichunite Y
|move|p2a: Kleavor|Stone Axe|p1b: Raichu
|-damage|p1b: Raichu|0 fnt
|-sidestart|p1: zifisha|move: Stealth Rock
|faint|p1b: Raichu
|move|p1a: Gholdengo|Nasty Plot|p1a: Gholdengo
|-boost|p1a: Gholdengo|spa|2
|move|p2b: Farigiraf|Trick Room|p2b: Farigiraf
|-fieldstart|move: Trick Room|[of] p2b: Farigiraf
|
|upkeep
|
|t:|1785328329
|switch|p1b: Primarina|Primarina, L50, F, shiny|100/100
|-damage|p1b: Primarina|87/100|[from] Stealth Rock
|turn|2
|
|t:|1785328361
|move|p1b: Primarina|Protect|p1b: Primarina
|-singleturn|p1b: Primarina|Protect
|move|p2b: Farigiraf|Psychic|p1a: Gholdengo
|-resisted|p1a: Gholdengo|1
|-damage|p1a: Gholdengo|77/100
|move|p1a: Gholdengo|Nasty Plot|p1a: Gholdengo
|-boost|p1a: Gholdengo|spa|2
|move|p2a: Kleavor|Stone Axe|p1b: Primarina
|-activate|p1b: Primarina|move: Protect
|
|upkeep
|turn|3
|
|t:|1785328383
|switch|p1b: Meowscarada|Meowscarada, L50, F, shiny|100/100
|-damage|p1b: Meowscarada|87/100|[from] Stealth Rock
|move|p2b: Farigiraf|Thunderbolt|p1b: Meowscarada
|-resisted|p1b: Meowscarada|1
|-damage|p1b: Meowscarada|68/100
|move|p1a: Gholdengo|Make It Rain|p2b: Farigiraf|[spread] p2a,p2b
|-supereffective|p2a: Kleavor|1
|-damage|p2a: Kleavor|0 fnt
|-damage|p2b: Farigiraf|0 fnt
|-unboost|p1a: Gholdengo|spa|2
|faint|p2a: Kleavor
|faint|p2b: Farigiraf
|
|upkeep
|
|t:|1785328396
|switch|p2b: Camerupt|Camerupt, L50, F|100/100
|switch|p2a: Sneasler|Sneasler, L50, F|100/100
|turn|4
|
|t:|1785328418
|detailschange|p2b: Camerupt|Camerupt-Mega, L50, F
|-mega|p2b: Camerupt|Camerupt|Cameruptite
|move|p1b: Meowscarada|Protect|p1b: Meowscarada
|-start|p1b: Meowscarada|typechange|Normal|[from] ability: Protean
|-singleturn|p1b: Meowscarada|Protect
|move|p2b: Camerupt|Eruption|p1a: Gholdengo|[spread] p1a
|-activate|p1b: Meowscarada|move: Protect
|-supereffective|p1a: Gholdengo|1
|-damage|p1a: Gholdengo|0 fnt
|faint|p1a: Gholdengo
|move|p2a: Sneasler|Dire Claw|p1b: Meowscarada
|-activate|p1b: Meowscarada|move: Protect
|
|upkeep
|
|t:|1785328426
|switch|p1a: Primarina|Primarina, L50, F, shiny|87/100
|-damage|p1a: Primarina|75/100|[from] Stealth Rock
|turn|5
|
|t:|1785328436
|move|p1a: Primarina|Protect|p1a: Primarina
|-singleturn|p1a: Primarina|Protect
|move|p1b: Meowscarada|Protect||[still]
|-fail|p1b: Meowscarada
|move|p2b: Camerupt|Eruption|p1a: Primarina|[spread] p1b
|-activate|p1a: Primarina|move: Protect
|-damage|p1b: Meowscarada|0 fnt
|faint|p1b: Meowscarada
|move|p2a: Sneasler|Dire Claw|p1a: Primarina
|-activate|p1a: Primarina|move: Protect
|
|-fieldend|move: Trick Room
|upkeep
|turn|6
|
|t:|1785328459
|move|p1a: Primarina|Hyper Voice|p2a: Sneasler|[spread] p2a,p2b
|-supereffective|p2b: Camerupt|2
|-damage|p2a: Sneasler|55/100
|-damage|p2b: Camerupt|0 fnt
|faint|p2b: Camerupt
|move|p2a: Sneasler|Dire Claw|p1a: Primarina
|-supereffective|p1a: Primarina|1
|-damage|p1a: Primarina|0 fnt
|faint|p1a: Primarina
|
|win|luoking
||zifisha is ready for game 2.
|inactive|luoking has 30 seconds to confirm battle start!
||luoking is ready for game 2.
|uhtml|next|Next: Game 2 of 3
|l|☆luoking
|player|p2|
|j|☆luoking
|player|p2|luoking|265|
