|j|☆Felixavi
|j|☆kyoshi44
|html|Felixavikyoshi44    
|uhtml|bestof|Game 1 of a best-of-3
|t:|1756621451
|gametype|doubles
|player|p1|Felixavi|giovanni|1084
|player|p2|kyoshi44|dawn-gen4pt|1111
|gen|9
|tier|[Gen 9] VGC 2025 Reg H (Bo3)
|rated|
|rule|Species Clause: Limit one of each Pokémon
|rule|Item Clause: Limit 1 of each item
|clearpoke
|poke|p1|Pelipper, L50, M|
|poke|p1|Basculegion, L50, M|
|poke|p1|Archaludon, L50, F|
|poke|p1|Kingambit, L50, M|
|poke|p1|Rillaboom, L50, F|
|poke|p1|Electabuzz, L50, F|
|poke|p2|Armarouge, L50, M|
|poke|p2|Primarina, L50, F|
|poke|p2|Sneasler, L50, M|
|poke|p2|Dragonite, L50, M|
|poke|p2|Indeedee-F, L50, F|
|poke|p2|Gastrodon-East, L50, F|
|teampreview|4
|showteam|p1|Pelipper||FocusSash|Drizzle|Hurricane,WeatherBall,Tailwind,Protect|||M|||50|,,,,,Ghost]Basculegion||ChoiceBand|SwiftSwim|WaveCrash,FlipTurn,LastRespects,AquaJet|||M|||50|,,,,,Grass]Archaludon||AssaultVest|Stamina|ElectroShot,DracoMeteor,BodyPress,FlashCannon|||F|||50|,,,,,Fairy]Kingambit||BlackGlasses|Defiant|KowtowCleave,SwordsDance,Protect,SuckerPunch|||M|||50|,,,,,Dark]Rillaboom||LoadedDice|GrassySurge|GrassyGlide,BulletSeed,HighHorsepower,FakeOut|||F|||50|,,,,,Fire]Electabuzz||Eviolite|VitalSpirit|Electroweb,Protect,FollowMe,Taunt|||F|||50|,,,,,Ghost
|showteam|p2|Armarouge||WeaknessPolicy|WeakArmor|HeatWave,StoredPower,Protect,ExpandingForce|||M|||50|,,,,,Fire]Primarina||AssaultVest|LiquidVoice|HyperVoice,DazzlingGleam,AquaJet,EnergyBall|||F|||50|,,,,,Grass]Sneasler||WhiteHerb|Unburden|CloseCombat,DireClaw,Coaching,Protect|||M|||50|,,,,,Ghost]Dragonite||LoadedDice|Multiscale|ScaleShot,Protect,Haze,ExtremeSpeed|||M|||50|,,,,,Fairy]Indeedee-F||RockyHelmet|PsychicSurge|FollowMe,TrickRoom,Imprison,Psychic|||F|||50|,,,,,Fairy]Gastrodon-East||Leftovers|StormDrain|IceBeam,EarthPower,Protect,Recover|||F|||50|,,,,,Fairy
|inactive|Battle timer is ON: inactive players will automatically lose when time's up. (requested by kyoshi44)
|inactive|Felixavi has 60 seconds left.
|inactive|Felixavi has 30 seconds left.
|
|t:|1756621538
|teamsize|p1|4
|teamsize|p2|4
|start
|switch|p1a: Electabuzz|Electabuzz, L50, F|100/100
|switch|p1b: Rillaboom|Rillaboom, L50, F|100/100
|switch|p2a: Gastrodon|Gastrodon-East, L50, F|100/100
|switch|p2b: Dragonite|Dragonite, L50, M|100/100
|-fieldstart|move: Grassy Terrain|[from] ability: Grassy Surge|[of] p1b: Rillaboom
|turn|1
|inactive|Felixavi has 30 seconds left.
|inactive|Felixavi has 20 seconds left.
|inactive|Felixavi has 15 seconds left.
|inactive|Felixavi has 10 seconds left.
|
|t:|1756621586
|move|p2b: Dragonite|Protect|p2b: Dragonite
|-singleturn|p2b: Dragonite|Protect
|move|p2a: Gastrodon|Protect|p2a: Gastrodon
|-singleturn|p2a: Gastrodon|Protect
|move|p1a: Electabuzz|Electroweb|p2b: Dragonite|[spread] 
|-activate|p2a: Gastrodon|move: Protect
|-activate|p2b: Dragonite|move: Protect
|move|p1b: Rillaboom|Bullet Seed|p2a: Gastrodon
|-activate|p2a: Gastrodon|move: Protect
|
|upkeep
|turn|2
|inactive|Felixavi has 30 seconds left.
|
|t:|1756621612
|-terastallize|p2a: Gastrodon|Fairy
|move|p1a: Electabuzz|Electroweb|p2b: Dragonite|[spread] p2a,p2b
|-damage|p2a: Gastrodon|87/100
|-damage|p2b: Dragonite|94/100
|-unboost|p2a: Gastrodon|spe|1
|-unboost|p2b: Dragonite|spe|1
|move|p1b: Rillaboom|Bullet Seed|p2a: Gastrodon
|-damage|p2a: Gastrodon|71/100
|-damage|p2a: Gastrodon|57/100
|-crit|p2a: Gastrodon
|-damage|p2a: Gastrodon|36/100
|-damage|p2a: Gastrodon|22/100
|-damage|p2a: Gastrodon|8/100
|-hitcount|p2a: Gastrodon|5
|move|p2b: Dragonite|Scale Shot|p1a: Electabuzz
|-damage|p1a: Electabuzz|86/100
|-damage|p1a: Electabuzz|72/100
|-damage|p1a: Electabuzz|57/100
|-damage|p1a: Electabuzz|44/100
|-hitcount|p1a: Electabuzz|4
|-unboost|p2b: Dragonite|def|1
|-boost|p2b: Dragonite|spe|1
|move|p2a: Gastrodon|Earth Power|p1a: Electabuzz
|-supereffective|p1a: Electabuzz
|-damage|p1a: Electabuzz|0 fnt
|faint|p1a: Electabuzz
|
|-heal|p2a: Gastrodon|14/100|[from] Grassy Terrain
|-heal|p2a: Gastrodon|20/100|[from] item: Leftovers
|upkeep
|inactive|Felixavi has 30 seconds left.
|inactive|Felixavi has 20 seconds left.
|inactive|Felixavi has 15 seconds left.
|inactive|Felixavi has 10 seconds left.
|
|t:|1756621661
|switch|p1a: Basculegion|Basculegion, L50, M|100/100
|turn|3
|inactive|kyoshi44 has 30 seconds left.
|
|t:|1756621687
|switch|p1b: Pelipper|Pelipper, L50, M|100/100
|-weather|RainDance|[from] ability: Drizzle|[of] p1b: Pelipper
|move|p1a: Basculegion|Last Respects|p2b: Dragonite
|-damage|p2b: Dragonite|0 fnt
|faint|p2b: Dragonite
|move|p2a: Gastrodon|Recover|p2a: Gastrodon
|-heal|p2a: Gastrodon|70/100
|
|-weather|RainDance|[upkeep]
|-heal|p2a: Gastrodon|77/100|[from] Grassy Terrain
|-heal|p2a: Gastrodon|83/100|[from] item: Leftovers
|upkeep
|
|t:|1756621701
|switch|p2b: Primarina|Primarina, L50, F|100/100
|turn|4
|inactive|Felixavi has 30 seconds left.
|inactive|Felixavi has 20 seconds left.
|
|t:|1756621738
|move|p1a: Basculegion|Last Respects|p2b: Primarina
|-damage|p2b: Primarina|0 fnt
|faint|p2b: Primarina
|move|p1b: Pelipper|Hurricane|p2a: Gastrodon
|-damage|p2a: Gastrodon|42/100
|move|p2a: Gastrodon|Ice Beam|p1b: Pelipper
|-damage|p1b: Pelipper|67/100
|
|-weather|RainDance|[upkeep]
|-heal|p2a: Gastrodon|48/100|[from] Grassy Terrain
|-heal|p2a: Gastrodon|55/100|[from] item: Leftovers
|upkeep
|
|t:|1756621747
|switch|p2b: Sneasler|Sneasler, L50, M|100/100
|turn|5
|
|t:|1756621768
|move|p2a: Gastrodon|Protect|p2a: Gastrodon
|-singleturn|p2a: Gastrodon|Protect
|move|p1a: Basculegion|Last Respects|p2b: Sneasler
|-damage|p2b: Sneasler|0 fnt
|faint|p2b: Sneasler
|move|p1b: Pelipper|Hurricane|p2a: Gastrodon
|-activate|p2a: Gastrodon|move: Protect
|
|-weather|RainDance|[upkeep]
|-heal|p2a: Gastrodon|61/100|[from] Grassy Terrain
|-heal|p2a: Gastrodon|67/100|[from] item: Leftovers
|-fieldend|move: Grassy Terrain
|upkeep
|turn|6
|-message|kyoshi44 forfeited.
|
|win|Felixavi
|l|☆kyoshi44
|player|p2|
||Felixavi is ready for game 2.
||kyoshi44 is ready for game 2.
|uhtml|next|Next: Game 2 of 3
