|j|‽SabasVGC
|j|☆jonen
|html|SabasVGCjonen    
|uhtml|bestof|Game 2 of a best-of-3
|t:|1756829650
|gametype|doubles
|player|p1|SabasVGC|bugcatcher-gen4dp|1294
|player|p2|jonen|ruinmaniac-gen3|1187
|gen|9
|tier|[Gen 9] VGC 2025 Reg H (Bo3)
|rated|
|rule|Species Clause: Limit one of each Pokémon
|rule|Item Clause: Limit 1 of each item
|clearpoke
|poke|p1|Volcarona, L50, M|
|poke|p1|Kingambit, L50, F|
|poke|p1|Dragonite, L50, F|
|poke|p1|Sneasler, L50, M|
|poke|p1|Rillaboom, L50, F|
|poke|p1|Electabuzz, L50, F|
|poke|p2|Garchomp, L50, M|
|poke|p2|Weezing-Galar, L50, M|
|poke|p2|Archaludon, L50, M|
|poke|p2|Gholdengo, L50|
|poke|p2|Talonflame, L50, M|
|poke|p2|Annihilape, L50, F|
|teampreview|4
|showteam|p1|Volcarona||Leftovers|FlameBody|HeatWave,TeraBlast,QuiverDance,Protect|||M|||50|,,,,,Fairy]Kingambit||BlackGlasses|Defiant|KowtowCleave,SuckerPunch,SwordsDance,Protect|||F|||50|,,,,,Dark]Dragonite||LoadedDice|Multiscale|ScaleShot,ExtremeSpeed,Haze,Protect|||F|||50|,,,,,Steel]Sneasler||FocusSash|PoisonTouch|CloseCombat,DireClaw,FakeOut,Coaching|||M|||50|,,,,,Stellar]Rillaboom||AssaultVest|GrassySurge|WoodHammer,GrassyGlide,HighHorsepower,FakeOut|||F|||50|,,,,,Fire]Electabuzz||Eviolite|VitalSpirit|Thunderbolt,Taunt,FollowMe,Protect|||F|||50|,,,,,Ghost
|showteam|p2|Garchomp||LifeOrb|RoughSkin|DragonClaw,Earthquake,StompingTantrum,Protect|||M|||50|,,,,,Ground]Weezing-Galar||FocusSash|NeutralizingGas|Protect,SludgeBomb,Taunt,StrangeSteam|||M|||50|,,,,,Flying]Archaludon||PowerHerb|Sturdy|ElectroShot,Thunderbolt,DracoMeteor,Protect|||M|||50|,,,,,Electric]Gholdengo||ChoiceSpecs|GoodasGold|ShadowBall,DazzlingGleam,PowerGem,MakeItRain||||||50|,,,,,Fairy]Talonflame||CovertCloak|GaleWings|Tailwind,DualWingbeat,UpperHand,FlareBlitz|||M|||50|,,,,,Fairy]Annihilape||AssaultVest|Defiant|CloseCombat,RageFist,FinalGambit,IcePunch|||F|||50|,,,,,Grass
|
|t:|1756829670
|teamsize|p1|4
|teamsize|p2|4
|start
|switch|p1a: Volcarona|Volcarona, L50, M|100/100
|switch|p1b: Electabuzz|Electabuzz, L50, F|100/100
|switch|p2a: Talonflame|Talonflame, L50, M|100/100
|switch|p2b: Annihilape|Annihilape, L50, F|100/100
|turn|1
|inactive|Battle timer is ON: inactive players will automatically lose when time's up. (requested by SabasVGC)
|
|t:|1756829690
|move|p1b: Electabuzz|Follow Me|p1b: Electabuzz
|-singleturn|p1b: Electabuzz|move: Follow Me
|move|p2a: Talonflame|Tailwind|p2a: Talonflame
|-sidestart|p2: jonen|move: Tailwind
|move|p2b: Annihilape|Final Gambit|p1b: Electabuzz
|-damage|p1b: Electabuzz|0 fnt
|faint|p2b: Annihilape
|faint|p1b: Electabuzz
|move|p1a: Volcarona|Quiver Dance|p1a: Volcarona
|-boost|p1a: Volcarona|spa|1
|-boost|p1a: Volcarona|spd|1
|-boost|p1a: Volcarona|spe|1
|
|upkeep
|
|t:|1756829704
|switch|p2b: Gholdengo|Gholdengo, L50|100/100
|switch|p1b: Kingambit|Kingambit, L50, F|100/100
|turn|2
|
|t:|1756829723
|-terastallize|p2b: Gholdengo|Fairy
|move|p1a: Volcarona|Protect|p1a: Volcarona
|-singleturn|p1a: Volcarona|Protect
|move|p2a: Talonflame|Flare Blitz|p1b: Kingambit
|-supereffective|p1b: Kingambit
|-damage|p1b: Kingambit|22/100
|-damage|p2a: Talonflame|66/100|[from] Recoil
|move|p2b: Gholdengo|Power Gem|p1a: Volcarona
|-activate|p1a: Volcarona|move: Protect
|move|p1b: Kingambit|Swords Dance|p1b: Kingambit
|-boost|p1b: Kingambit|atk|2
|
|upkeep
|turn|3
|
|t:|1756829747
|-terastallize|p1a: Volcarona|Fairy
|move|p2a: Talonflame|Upper Hand|p1b: Kingambit
|-supereffective|p1b: Kingambit
|-damage|p1b: Kingambit|0 fnt
|faint|p1b: Kingambit
|move|p2b: Gholdengo|Power Gem|p1a: Volcarona
|-damage|p1a: Volcarona|72/100
|move|p1a: Volcarona|Quiver Dance|p1a: Volcarona
|-boost|p1a: Volcarona|spa|1
|-boost|p1a: Volcarona|spd|1
|-boost|p1a: Volcarona|spe|1
|
|-heal|p1a: Volcarona|78/100|[from] item: Leftovers
|upkeep
|
|t:|1756829759
|switch|p1b: Sneasler|Sneasler, L50, M|100/100
|turn|4
|inactive|SabasVGC has 30 seconds left.
|
|t:|1756829787
|switch|p2b: Garchomp|Garchomp, L50, M|100/100
|move|p1b: Sneasler|Fake Out|p2a: Talonflame
|-damage|p2a: Talonflame|45/100
|move|p2a: Talonflame|Dual Wingbeat|p1b: Sneasler|[miss]
|-miss|p2a: Talonflame|p1b: Sneasler
|move|p1a: Volcarona|Tera Blast|p2a: Talonflame|[anim] Tera Blast Fairy
|-resisted|p2a: Talonflame
|-damage|p2a: Talonflame|0 fnt
|faint|p2a: Talonflame
|
|-heal|p1a: Volcarona|84/100|[from] item: Leftovers
|-sideend|p2: jonen|move: Tailwind
|upkeep
|
|t:|1756829796
|switch|p2a: Gholdengo|Gholdengo, L50, tera:Fairy|100/100
|turn|5
|inactive|SabasVGC has 30 seconds left.
|
|t:|1756829831
|move|p2b: Garchomp|Protect|p2b: Garchomp
|-singleturn|p2b: Garchomp|Protect
|move|p1a: Volcarona|Heat Wave|p2a: Gholdengo|[spread] p2a
|-activate|p2b: Garchomp|move: Protect
|-damage|p2a: Gholdengo|25/100
|move|p1b: Sneasler|Dire Claw|p2a: Gholdengo
|-supereffective|p2a: Gholdengo
|-damage|p2a: Gholdengo|0 fnt
|faint|p2a: Gholdengo
|
|-heal|p1a: Volcarona|90/100|[from] item: Leftovers
|upkeep
|turn|6
|
|t:|1756829845
|move|p1a: Volcarona|Tera Blast|p2b: Garchomp|[anim] Tera Blast Fairy
|-supereffective|p2b: Garchomp
|-damage|p2b: Garchomp|0 fnt
|faint|p2b: Garchomp
|
|win|SabasVGC
