|j|☆Camerupt4Ever
|j|☆erarrr395
|html|Camerupt4Evererarrr395    
|uhtml|bestof|Game 1 of a best-of-3
|t:|1756652614
|gametype|doubles
|player|p1|Camerupt4Ever|flannery|1144
|player|p2|erarrr395|266|1078
|gen|9
|tier|[Gen 9] VGC 2025 Reg H (Bo3)
|rated|
|rule|Species Clause: Limit one of each Pokémon
|rule|Item Clause: Limit 1 of each item
|clearpoke
|poke|p1|Wyrdeer, L50, M|
|poke|p1|Indeedee-F, L50, F|
|poke|p1|Annihilape, L50, F|
|poke|p1|Torkoal, L50, F|
|poke|p1|Delphox, L50, F|
|poke|p1|Kingambit, L50, F|
|poke|p2|Archaludon, L50, M|
|poke|p2|Sableye, L50, F|
|poke|p2|Typhlosion-Hisui, L50, F|
|poke|p2|Venusaur, L50, F|
|poke|p2|Gastrodon, L50, M|
|poke|p2|Dragonite, L50, F|
|teampreview|4
|showteam|p1|Wyrdeer||Leftovers|Intimidate|Protect,TrickRoom,ExpandingForce,EarthPower|||M|||50|,,,,,Ground]Indeedee-F||RockyHelmet|PsychicSurge|Imprison,FollowMe,TrickRoom,Psychic|||F|||50|,,,,,Grass]Annihilape||SafetyGoggles|Defiant|DrainPunch,Taunt,RageFist,Protect|||F|||50|,,,,,Fire]Torkoal||Charcoal|Drought|Eruption,HelpingHand,Protect,WeatherBall|||F|||50|,,,,,Grass]Delphox||ChoiceScarf|Blaze|HeatWave,ExpandingForce,DazzlingGleam,Flamethrower|||F|||50|,,,,,Fairy]Kingambit||AssaultVest|Defiant|KowtowCleave,SuckerPunch,IronHead,LowKick|||F|||50|,,,,,Poison
|showteam|p2|Archaludon||PowerHerb|Stamina|ElectroShot,DracoMeteor,BodyPress,Protect|||M|||50|,,,,,Flying]Sableye||SitrusBerry|Prankster|FoulPlay,Recover,SunnyDay,RainDance|||F|||50|,,,,,Fire]Typhlosion-Hisui||ChoiceScarf|Frisk|Eruption,ShadowBall,HeatWave,InfernalParade|||F|||50|,,,,,Fire]Venusaur||OccaBerry|Chlorophyll|SleepPowder,SolarBeam,WeatherBall,SludgeBomb|||F|||50|,,,,,Water]Gastrodon||Leftovers|StormDrain|EarthPower,IceBeam,ClearSmog,Protect|||M|||50|,,,,,Poison]Dragonite||LoadedDice|Multiscale|Tailwind,Protect,ScaleShot,RockSlide|||F|||50|,,,,,Fairy
|
|t:|1756652671
|teamsize|p1|4
|teamsize|p2|4
|start
|switch|p1a: Kingambit|Kingambit, L50, F|100/100
|switch|p1b: Delphox|Delphox, L50, F|100/100
|switch|p2a: Sableye|Sableye, L50, F|100/100
|switch|p2b: Typhlosion|Typhlosion-Hisui, L50, F|100/100
|-item|p1a: Kingambit|Assault Vest|[from] ability: Frisk|[of] p2b: Typhlosion
|-item|p1b: Delphox|Choice Scarf|[from] ability: Frisk|[of] p2b: Typhlosion
|turn|1
|
|t:|1756652690
|switch|p2b: Venusaur|Venusaur, L50, F|100/100
|-terastallize|p1a: Kingambit|Poison
|move|p1a: Kingambit|Sucker Punch||[still]
|-fail|p1a: Kingambit
|move|p1b: Delphox|Dazzling Gleam|p2b: Venusaur|[spread] p2a,p2b
|-supereffective|p2a: Sableye
|-resisted|p2b: Venusaur
|-damage|p2a: Sableye|43/100
|-damage|p2b: Venusaur|90/100
|-enditem|p2a: Sableye|Sitrus Berry|[eat]
|-heal|p2a: Sableye|68/100|[from] item: Sitrus Berry
|move|p2a: Sableye|Foul Play|p1b: Delphox
|-supereffective|p1b: Delphox
|-damage|p1b: Delphox|47/100
|
|upkeep
|turn|2
|
|t:|1756652712
|-terastallize|p2b: Venusaur|Water
|move|p1b: Delphox|Dazzling Gleam|p2b: Venusaur|[spread] p2a,p2b
|-supereffective|p2a: Sableye
|-damage|p2a: Sableye|6/100
|-damage|p2b: Venusaur|68/100
|move|p2b: Venusaur|Sleep Powder|p1b: Delphox
|-status|p1b: Delphox|slp|[from] move: Sleep Powder
|move|p2a: Sableye|Foul Play|p1a: Kingambit
|-damage|p1a: Kingambit|61/100
|move|p1a: Kingambit|Kowtow Cleave|p2b: Venusaur
|-damage|p2b: Venusaur|17/100
|
|upkeep
|turn|3
|
|t:|1756652739
|move|p2a: Sableye|Recover|p2a: Sableye
|-heal|p2a: Sableye|56/100
|move|p1a: Kingambit|Sucker Punch||[still]
|-fail|p1a: Kingambit
|cant|p1b: Delphox|slp
|move|p2b: Venusaur|Sleep Powder|p1a: Kingambit
|-status|p1a: Kingambit|slp|[from] move: Sleep Powder
|
|upkeep
|turn|4
|
|t:|1756652765
|cant|p1a: Kingambit|slp
|cant|p1b: Delphox|slp
|move|p2b: Venusaur|Sludge Bomb|p1a: Kingambit
|-resisted|p1a: Kingambit
|-damage|p1a: Kingambit|48/100 slp
|move|p2a: Sableye|Foul Play|p1b: Delphox
|-supereffective|p1b: Delphox
|-damage|p1b: Delphox|0 fnt
|faint|p1b: Delphox
|
|upkeep
|
|t:|1756652773
|switch|p1b: Annihilape|Annihilape, L50, F|100/100
|turn|5
|
|t:|1756652789
|move|p2a: Sableye|Sunny Day|p2a: Sableye
|-weather|SunnyDay
|move|p2b: Venusaur|Sleep Powder|p1b: Annihilape
|-activate|p1b: Annihilape|item: Safety Goggles|Sleep Powder
|move|p1b: Annihilape|Rage Fist|p2a: Sableye
|-damage|p2a: Sableye|22/100
|cant|p1a: Kingambit|slp
|
|-weather|SunnyDay|[upkeep]
|upkeep
|turn|6
|
|t:|1756652818
|move|p2a: Sableye|Recover|p2a: Sableye
|-heal|p2a: Sableye|72/100
|-curestatus|p1a: Kingambit|slp|[msg]
|move|p1a: Kingambit|Sucker Punch||[still]
|-fail|p1a: Kingambit
|move|p2b: Venusaur|Sleep Powder|p1a: Kingambit
|-status|p1a: Kingambit|slp|[from] move: Sleep Powder
|move|p1b: Annihilape|Rage Fist|p2a: Sableye
|-damage|p2a: Sableye|34/100
|
|-weather|SunnyDay|[upkeep]
|upkeep
|turn|7
|
|t:|1756652842
|move|p2a: Sableye|Recover|p2a: Sableye
|-heal|p2a: Sableye|84/100
|move|p2b: Venusaur|Weather Ball|p1a: Kingambit
|-damage|p1a: Kingambit|18/100 slp
|move|p1b: Annihilape|Rage Fist|p2b: Venusaur
|-damage|p2b: Venusaur|0 fnt
|faint|p2b: Venusaur
|cant|p1a: Kingambit|slp
|
|-weather|SunnyDay|[upkeep]
|upkeep
|
|t:|1756652849
|switch|p2b: Typhlosion|Typhlosion-Hisui, L50, F|100/100
|-item|p1a: Kingambit|Assault Vest|[from] ability: Frisk|[of] p2b: Typhlosion
|-item|p1b: Annihilape|Safety Goggles|[from] ability: Frisk|[of] p2b: Typhlosion
|turn|8
|
|t:|1756652863
|switch|p2b: Gastrodon|Gastrodon, L50, M|100/100
|move|p1b: Annihilape|Protect|p1b: Annihilape
|-singleturn|p1b: Annihilape|Protect
|cant|p1a: Kingambit|slp
|move|p2a: Sableye|Foul Play|p1a: Kingambit
|-crit|p1a: Kingambit
|-damage|p1a: Kingambit|0 fnt
|faint|p1a: Kingambit
|
|-weather|SunnyDay|[upkeep]
|upkeep
|
|t:|1756652867
|switch|p1a: Wyrdeer|Wyrdeer, L50, M|100/100
|-ability|p1a: Wyrdeer|Intimidate|boost
|-unboost|p2a: Sableye|atk|1
|-unboost|p2b: Gastrodon|atk|1
|turn|9
|
|t:|1756652881
|move|p2b: Gastrodon|Protect|p2b: Gastrodon
|-singleturn|p2b: Gastrodon|Protect
|move|p1b: Annihilape|Rage Fist|p2a: Sableye
|-crit|p2a: Sableye
|-damage|p2a: Sableye|29/100
|move|p2a: Sableye|Foul Play|p1a: Wyrdeer
|-supereffective|p1a: Wyrdeer
|-damage|p1a: Wyrdeer|32/100
|move|p1a: Wyrdeer|Trick Room|p1a: Wyrdeer
|-fieldstart|move: Trick Room|[of] p1a: Wyrdeer
|
|-weather|none
|-heal|p1a: Wyrdeer|38/100|[from] item: Leftovers
|upkeep
|turn|10
|
|t:|1756652909
|move|p1a: Wyrdeer|Protect|p1a: Wyrdeer
|-singleturn|p1a: Wyrdeer|Protect
|move|p2a: Sableye|Recover|p2a: Sableye
|-heal|p2a: Sableye|79/100
|move|p2b: Gastrodon|Earth Power|p1a: Wyrdeer
|-activate|p1a: Wyrdeer|move: Protect
|move|p1b: Annihilape|Rage Fist|p2a: Sableye
|-damage|p2a: Sableye|43/100
|
|-heal|p1a: Wyrdeer|44/100|[from] item: Leftovers
|upkeep
|turn|11
|
|t:|1756652926
|move|p2a: Sableye|Recover|p2a: Sableye
|-heal|p2a: Sableye|93/100
|move|p2b: Gastrodon|Earth Power|p1a: Wyrdeer
|-damage|p1a: Wyrdeer|7/100
|move|p1a: Wyrdeer|Expanding Force|p2b: Gastrodon
|-damage|p2b: Gastrodon|62/100
|move|p1b: Annihilape|Drain Punch|p2a: Sableye
|-immune|p2a: Sableye
|
|-heal|p2b: Gastrodon|68/100|[from] item: Leftovers
|-heal|p1a: Wyrdeer|13/100|[from] item: Leftovers
|upkeep
|turn|12
|
|t:|1756652949
|move|p2b: Gastrodon|Protect|p2b: Gastrodon
|-singleturn|p2b: Gastrodon|Protect
|move|p1a: Wyrdeer|Expanding Force|p2b: Gastrodon
|-activate|p2b: Gastrodon|move: Protect
|move|p2a: Sableye|Foul Play|p1a: Wyrdeer
|-supereffective|p1a: Wyrdeer
|-damage|p1a: Wyrdeer|0 fnt
|faint|p1a: Wyrdeer
|move|p1b: Annihilape|Drain Punch|p2b: Gastrodon
|-activate|p2b: Gastrodon|move: Protect
|
|-heal|p2b: Gastrodon|74/100|[from] item: Leftovers
|upkeep
|turn|13
|-message|Camerupt4Ever forfeited.
|
|win|erarrr395
|l|☆Camerupt4Ever
|player|p1|
||erarrr395 is ready for game 2.
||Camerupt4Ever is ready for game 2.
|uhtml|next|Next: Game 2 of 3
|j|☆Camerupt4Ever
|player|p1|Camerupt4Ever|flannery|
