|j|☆WowieKazowee
|j|☆chalizhou
|html|WowieKazoweechalizhou    
|uhtml|bestof|Game 2 of a best-of-3
|t:|1757159039
|gametype|doubles
|player|p1|WowieKazowee|idol|1054
|player|p2|chalizhou|rosa|1090
|gen|9
|tier|[Gen 9] VGC 2025 Reg H (Bo3)
|rated|
|rule|Species Clause: Limit one of each Pokémon
|rule|Item Clause: Limit 1 of each item
|clearpoke
|poke|p1|Pelipper, L50, M|
|poke|p1|Archaludon, L50, F|
|poke|p1|Basculegion, L50, M|
|poke|p1|Ursaluna, L50, F|
|poke|p1|Farigiraf, L50, F|
|poke|p1|Sinistcha, L50|
|poke|p2|Umbreon, L50, F|
|poke|p2|Gholdengo, L50|
|poke|p2|Dragonite, L50, F|
|poke|p2|Whimsicott, L50, M|
|poke|p2|Dondozo, L50, M|
|poke|p2|Tatsugiri, L50, M|
|teampreview|4
|showteam|p1|Pelipper||FocusSash|Drizzle|WeatherBall,Hurricane,RainDance,WideGuard|||M|||50|,,,,,Ghost]Archaludon||AssaultVest|Stamina|ElectroShot,DracoMeteor,FlashCannon,BodyPress|||F|||50|,,,,,Grass]Basculegion||MysticWater|SwiftSwim|WaveCrash,LastRespects,AquaJet,Protect|||M|||50|,,,,,Water]Ursaluna||FlameOrb|Guts|Facade,HeadlongRush,SwordsDance,Protect|||F|||50|,,,,,Ghost]Farigiraf||MentalHerb|ArmorTail|FoulPlay,TrickRoom,HelpingHand,Protect|||F|||50|,,,,,Dark]Sinistcha||SitrusBerry|Hospitality|MatchaGotcha,NastyPlot,TrickRoom,RagePowder||||||50|,,,,,Water
|showteam|p2|Umbreon||AguavBerry|Synchronize|FoulPlay,Toxic,Protect,Wish|||F|||50|,,,,,Ghost]Gholdengo||ChoiceSpecs|GoodasGold|MakeItRain,ShadowBall,PowerGem,Thunderbolt||||||50|,,,,,Steel]Dragonite||LoadedDice|Multiscale|Roost,Tailwind,ScaleShot,Haze|||F|||50|,,,,,Steel]Whimsicott||FocusSash|Prankster|HelpingHand,Tailwind,Endeavor,Encore|||M|||50|,,,,,Ghost]Dondozo||Leftovers|Unaware|OrderUp,Protect,WaveCrash,RockSlide|||M|||50|,,,,,Steel]Tatsugiri||ChoiceScarf|Commander|MuddyWater,DracoMeteor,IcyWind,ChillingWater|||M|||50|,,,,,Steel
|
|t:|1757159056
|teamsize|p1|4
|teamsize|p2|4
|start
|switch|p1a: Ursaluna|Ursaluna, L50, F|100/100
|switch|p1b: Farigiraf|Farigiraf, L50, F|100/100
|switch|p2a: Gholdengo|Gholdengo, L50|100/100
|switch|p2b: Whimsicott|Whimsicott, L50, M|100/100
|turn|1
|
|t:|1757159071
|move|p2b: Whimsicott|Helping Hand|p2a: Gholdengo
|-immune|p2a: Gholdengo|[from] ability: Good as Gold
|move|p1a: Ursaluna|Protect|p1a: Ursaluna
|-singleturn|p1a: Ursaluna|Protect
|move|p2a: Gholdengo|Make It Rain|p1b: Farigiraf|[spread] p1b
|-activate|p1a: Ursaluna|move: Protect
|-damage|p1b: Farigiraf|35/100
|-unboost|p2a: Gholdengo|spa|1
|move|p1b: Farigiraf|Trick Room|p1b: Farigiraf
|-fieldstart|move: Trick Room|[of] p1b: Farigiraf
|
|-status|p1a: Ursaluna|brn|[from] item: Flame Orb
|upkeep
|turn|2
|
|t:|1757159103
|switch|p2a: Tatsugiri|Tatsugiri, L50, M|100/100
|move|p1b: Farigiraf|Protect|p1b: Farigiraf
|-singleturn|p1b: Farigiraf|Protect
|move|p1a: Ursaluna|Headlong Rush|p2a: Tatsugiri
|-damage|p2a: Tatsugiri|0 fnt
|-unboost|p1a: Ursaluna|def|1
|-unboost|p1a: Ursaluna|spd|1
|faint|p2a: Tatsugiri
|move|p2b: Whimsicott|Endeavor|p1a: Ursaluna
|-damage|p1a: Ursaluna|71/100 brn
|
|-damage|p1a: Ursaluna|65/100 brn|[from] brn
|upkeep
|
|t:|1757159119
|switch|p2a: Dondozo|Dondozo, L50, M, shiny|100/100
|turn|3
|
|t:|1757159131
|switch|p2b: Gholdengo|Gholdengo, L50|100/100
|move|p1a: Ursaluna|Facade|p2b: Gholdengo
|-immune|p2b: Gholdengo
|move|p2a: Dondozo|Wave Crash|p1a: Ursaluna
|-supereffective|p1a: Ursaluna
|-damage|p1a: Ursaluna|0 fnt
|faint|p1a: Ursaluna
|-damage|p2a: Dondozo|80/100|[from] Recoil
|move|p1b: Farigiraf|Foul Play|p2b: Gholdengo
|-supereffective|p2b: Gholdengo
|-damage|p2b: Gholdengo|76/100
|
|-heal|p2a: Dondozo|86/100|[from] item: Leftovers
|upkeep
|
|t:|1757159145
|switch|p1a: Sinistcha|Sinistcha, L50|100/100
|-heal|p1b: Farigiraf|60/100|[from] ability: Hospitality|[of] p1a: Sinistcha
|turn|4
|
|t:|1757159161
|-terastallize|p2b: Gholdengo|Steel
|move|p2a: Dondozo|Protect|p2a: Dondozo
|-singleturn|p2a: Dondozo|Protect
|move|p1b: Farigiraf|Protect|p1b: Farigiraf
|-singleturn|p1b: Farigiraf|Protect
|move|p1a: Sinistcha|Nasty Plot|p1a: Sinistcha
|-boost|p1a: Sinistcha|spa|2
|move|p2b: Gholdengo|Make It Rain|p1a: Sinistcha|[spread] p1a
|-activate|p1b: Farigiraf|move: Protect
|-damage|p1a: Sinistcha|0 fnt
|-unboost|p2b: Gholdengo|spa|1
|faint|p1a: Sinistcha
|
|-heal|p2a: Dondozo|92/100|[from] item: Leftovers
|upkeep
|
|t:|1757159176
|switch|p1a: Pelipper|Pelipper, L50, M|100/100
|-weather|RainDance|[from] ability: Drizzle|[of] p1a: Pelipper
|turn|5
|
|t:|1757159190
|switch|p2b: Whimsicott|Whimsicott, L50, M|100/100
|move|p2a: Dondozo|Rock Slide|p1b: Farigiraf|[spread] p1a,p1b
|-supereffective|p1a: Pelipper
|-damage|p1a: Pelipper|70/100
|-damage|p1b: Farigiraf|45/100
|move|p1b: Farigiraf|Foul Play|p2a: Dondozo
|-damage|p2a: Dondozo|75/100
|move|p1a: Pelipper|Weather Ball|p2b: Whimsicott
|-resisted|p2b: Whimsicott
|-damage|p2b: Whimsicott|59/100
|
|-weather|RainDance|[upkeep]
|-heal|p2a: Dondozo|81/100|[from] item: Leftovers
|-fieldend|move: Trick Room
|upkeep
|turn|6
|
|t:|1757159213
|move|p2b: Whimsicott|Endeavor|p1a: Pelipper
|-damage|p1a: Pelipper|62/100
|move|p1a: Pelipper|Hurricane|p2b: Whimsicott
|-supereffective|p2b: Whimsicott
|-damage|p2b: Whimsicott|0 fnt
|faint|p2b: Whimsicott
|move|p1b: Farigiraf|Foul Play|p2a: Dondozo
|-damage|p2a: Dondozo|64/100
|move|p2a: Dondozo|Rock Slide|p1a: Pelipper|[spread] p1a,p1b
|-supereffective|p1a: Pelipper
|-damage|p1a: Pelipper|30/100
|-damage|p1b: Farigiraf|29/100
|
|-weather|RainDance|[upkeep]
|-heal|p2a: Dondozo|70/100|[from] item: Leftovers
|upkeep
|
|t:|1757159229
|switch|p2b: Gholdengo|Gholdengo, L50, tera:Steel|76/100
|turn|7
|
|t:|1757159238
|move|p1b: Farigiraf|Helping Hand|p1a: Pelipper
|-singleturn|p1a: Pelipper|Helping Hand|[of] p1b: Farigiraf
|move|p2b: Gholdengo|Make It Rain|p1b: Farigiraf|[spread] p1a,p1b
|-resisted|p1a: Pelipper
|-damage|p1a: Pelipper|0 fnt
|-damage|p1b: Farigiraf|0 fnt
|-unboost|p2b: Gholdengo|spa|1
|faint|p1a: Pelipper
|faint|p1b: Farigiraf
|
|win|chalizhou
|raw|WowieKazowee's rating: 1054 → 1038(-16 for losing)
|raw|chalizhou's rating: 1090 → 1114(+24 for winning)
