|j|☆MobiusVGC
|j|☆Hemz0 0
|html|MobiusVGCHemz0 0    
|uhtml|bestof|Game 2 of a best-of-3
|t:|1756318951
|gametype|doubles
|player|p1|MobiusVGC|gentleman-gen4dp|1197
|player|p2|Hemz0 0|depotagent|1273
|gen|9
|tier|[Gen 9] VGC 2025 Reg H (Bo3)
|rated|
|rule|Species Clause: Limit one of each Pokémon
|rule|Item Clause: Limit 1 of each item
|clearpoke
|poke|p1|Kilowattrel, L50, M|
|poke|p1|Amoonguss, L50, F|
|poke|p1|Incineroar, L50, M|
|poke|p1|Porygon2, L50|
|poke|p1|Gholdengo, L50|
|poke|p1|Ursaluna, L50, M|
|poke|p2|Pelipper, L50, M|
|poke|p2|Archaludon, L50, M|
|poke|p2|Incineroar, L50, M|
|poke|p2|Sneasler, L50, F|
|poke|p2|Rillaboom, L50, M|
|poke|p2|Gholdengo, L50|
|teampreview|4
|showteam|p1|Kilowattrel||FocusSash|Competitive|Thunderbolt,AirSlash,Tailwind,Protect|||M|||50|,,,,,Ghost]Amoonguss||SitrusBerry|Regenerator|PollenPuff,Spore,RagePowder,Protect|||F|||50|,,,,,Water]Incineroar||SafetyGoggles|Intimidate|FakeOut,FlareBlitz,KnockOff,PartingShot|||M|||50|,,,,,Ghost]Porygon2||Eviolite|Download|TeraBlast,IceBeam,Recover,TrickRoom||||||50|,,,,,Fighting]Gholdengo||MetalCoat|GoodasGold|MakeItRain,ShadowBall,NastyPlot,Protect||||||50|,,,,,Flying]Ursaluna||FlameOrb|Guts|Facade,HeadlongRush,Earthquake,Protect|||M|||50|,,,,,Ghost
|showteam|p2|Pelipper||ChoiceScarf|Drizzle|WeatherBall,Hurricane,Tailwind,Uturn|||M|||50|,,,,,Ghost]Archaludon||PowerHerb|Sturdy|ElectroShot,DragonPulse,FlashCannon,Protect|||M|||50|,,,,,Electric]Incineroar||SafetyGoggles|Intimidate|Taunt,FakeOut,KnockOff,PartingShot|||M|||50|,,,,,Ghost]Sneasler||GrassySeed|Unburden|CloseCombat,DireClaw,ThroatChop,Protect|||F|||50|,,,,,Dark]Rillaboom||AssaultVest|GrassySurge|WoodHammer,GrassyGlide,FakeOut,HighHorsepower|||M|||50|,,,,,Fire]Gholdengo||MetalCoat|GoodasGold|ShadowBall,MakeItRain,NastyPlot,Protect||||||50|,,,,,Fighting
|
|t:|1756318963
|teamsize|p1|4
|teamsize|p2|4
|start
|switch|p1a: Kilowattrel|Kilowattrel, L50, M|100/100
|switch|p1b: Gholdengo|Gholdengo, L50|100/100
|switch|p2a: Archaludon|Archaludon, L50, M|100/100
|switch|p2b: Pelipper|Pelipper, L50, M|100/100
|-weather|RainDance|[from] ability: Drizzle|[of] p2b: Pelipper
|turn|1
|
|t:|1756318987
|-terastallize|p2a: Archaludon|Electric
|move|p1a: Kilowattrel|Thunderbolt|p2b: Pelipper
|-supereffective|p2b: Pelipper
|-damage|p2b: Pelipper|0 fnt
|faint|p2b: Pelipper
|move|p2a: Archaludon|Electro Shot||[still]
|-prepare|p2a: Archaludon|Electro Shot
|-boost|p2a: Archaludon|spa|1
|-anim|p2a: Archaludon|Electro Shot|p1b: Gholdengo
|-damage|p1b: Gholdengo|0 fnt
|faint|p1b: Gholdengo
|
|-weather|RainDance|[upkeep]
|upkeep
|l|☆MobiusVGC
|player|p1|
|inactive|Battle timer is ON: inactive players will automatically lose when time's up. (requested by Hemz0 0)
|j|☆MobiusVGC
|inactive|MobiusVGC reconnected and has 80 seconds left.
|player|p1|MobiusVGC|gentleman-gen4dp|
|
|t:|1756319077
|switch|p1b: Incineroar|Incineroar, L50, M|100/100
|switch|p2b: Sabzi Wala|Rillaboom, L50, M, shiny|100/100
|-fieldstart|move: Grassy Terrain|[from] ability: Grassy Surge|[of] p2b: Sabzi Wala
|-ability|p1b: Incineroar|Intimidate|boost
|-unboost|p2a: Archaludon|atk|1
|-unboost|p2b: Sabzi Wala|atk|1
|turn|2
|
|t:|1756319091
|move|p2b: Sabzi Wala|Fake Out|p1a: Kilowattrel
|-damage|p1a: Kilowattrel|83/100
|move|p1b: Incineroar|Fake Out|p2a: Archaludon
|-damage|p2a: Archaludon|89/100
|cant|p1a: Kilowattrel|flinch
|cant|p2a: Archaludon|flinch
|
|-weather|RainDance|[upkeep]
|-heal|p2a: Archaludon|95/100|[from] Grassy Terrain
|upkeep
|turn|3
|inactive|Hemz0 0 has 30 seconds left.
|
|t:|1756319125
|move|p1a: Kilowattrel|Tailwind|p1a: Kilowattrel
|-sidestart|p1: MobiusVGC|move: Tailwind
|move|p1b: Incineroar|Parting Shot|p2a: Archaludon
|-unboost|p2a: Archaludon|atk|1
|-unboost|p2a: Archaludon|spa|1
|
|t:|1756319129
|switch|p1b: Ursaluna|Ursaluna, L50, M|100/100|[from] Parting Shot
|move|p2a: Archaludon|Electro Shot||[still]
|-prepare|p2a: Archaludon|Electro Shot
|-boost|p2a: Archaludon|spa|1
|-anim|p2a: Archaludon|Electro Shot|p1b: Ursaluna
|-immune|p1b: Ursaluna
|move|p2b: Sabzi Wala|Wood Hammer|p1a: Kilowattrel
|-resisted|p1a: Kilowattrel
|-damage|p1a: Kilowattrel|33/100
|-damage|p2b: Sabzi Wala|89/100|[from] Recoil
|
|-weather|RainDance|[upkeep]
|-heal|p2a: Archaludon|100/100|[from] Grassy Terrain
|-heal|p2b: Sabzi Wala|95/100|[from] Grassy Terrain
|-status|p1b: Ursaluna|brn|[from] item: Flame Orb
|upkeep
|turn|4
|inactive|Hemz0 0 has 30 seconds left.
|
|t:|1756319170
|move|p1a: Kilowattrel|Thunderbolt|p2a: Archaludon
|-resisted|p2a: Archaludon
|-damage|p2a: Archaludon|72/100
|move|p1b: Ursaluna|Headlong Rush|p2a: Archaludon
|-supereffective|p2a: Archaludon
|-damage|p2a: Archaludon|0 fnt
|-unboost|p1b: Ursaluna|def|1
|-unboost|p1b: Ursaluna|spd|1
|faint|p2a: Archaludon
|move|p2b: Sabzi Wala|Wood Hammer|p1b: Ursaluna
|-supereffective|p1b: Ursaluna
|-damage|p1b: Ursaluna|0 fnt
|faint|p1b: Ursaluna
|-damage|p2b: Sabzi Wala|61/100|[from] Recoil
|
|-weather|RainDance|[upkeep]
|-heal|p2b: Sabzi Wala|67/100|[from] Grassy Terrain
|upkeep
|
|t:|1756319181
|switch|p2a: Incineroar|Incineroar, L50, M|100/100
|switch|p1b: Incineroar|Incineroar, L50, M|100/100
|-ability|p1b: Incineroar|Intimidate|boost
|-unboost|p2a: Incineroar|atk|1
|-unboost|p2b: Sabzi Wala|atk|1
|-ability|p2a: Incineroar|Intimidate|boost
|-unboost|p1a: Kilowattrel|atk|1
|-ability|p1a: Kilowattrel|Competitive|boost
|-boost|p1a: Kilowattrel|spa|2
|-unboost|p1b: Incineroar|atk|1
|turn|5
|
|t:|1756319197
|-terastallize|p1a: Kilowattrel|Ghost
|move|p1b: Incineroar|Fake Out|p2a: Incineroar
|-damage|p2a: Incineroar|95/100
|move|p1a: Kilowattrel|Air Slash|p2b: Sabzi Wala
|-supereffective|p2b: Sabzi Wala
|-damage|p2b: Sabzi Wala|0 fnt
|faint|p2b: Sabzi Wala
|cant|p2a: Incineroar|flinch
|
|-weather|none
|-heal|p1a: Kilowattrel|39/100|[from] Grassy Terrain
|-heal|p2a: Incineroar|100/100|[from] Grassy Terrain
|upkeep
|turn|6
|
|t:|1756319214
|move|p1a: Kilowattrel|Protect|p1a: Kilowattrel
|-singleturn|p1a: Kilowattrel|Protect
|move|p1b: Incineroar|Knock Off|p2a: Incineroar
|-resisted|p2a: Incineroar
|-damage|p2a: Incineroar|89/100
|-enditem|p2a: Incineroar|Safety Goggles|[from] move: Knock Off|[of] p1b: Incineroar
|move|p2a: Incineroar|Knock Off|p1b: Incineroar
|-resisted|p1b: Incineroar
|-damage|p1b: Incineroar|89/100
|-enditem|p1b: Incineroar|Safety Goggles|[from] move: Knock Off|[of] p2a: Incineroar
|
|-heal|p1a: Kilowattrel|45/100|[from] Grassy Terrain
|-heal|p1b: Incineroar|95/100|[from] Grassy Terrain
|-heal|p2a: Incineroar|95/100|[from] Grassy Terrain
|-sideend|p1: MobiusVGC|move: Tailwind
|-fieldend|move: Grassy Terrain
|upkeep
|turn|7
|
|t:|1756319225
|move|p1a: Kilowattrel|Thunderbolt|p2a: Incineroar
|-damage|p2a: Incineroar|26/100
|move|p1b: Incineroar|Flare Blitz|p2a: Incineroar
|-resisted|p2a: Incineroar
|-damage|p2a: Incineroar|11/100
|-damage|p1b: Incineroar|90/100|[from] Recoil
|move|p2a: Incineroar|Knock Off|p1a: Kilowattrel
|-supereffective|p1a: Kilowattrel
|-damage|p1a: Kilowattrel|0 fnt
|-enditem|p1a: Kilowattrel|Focus Sash|[from] move: Knock Off|[of] p2a: Incineroar
|faint|p1a: Kilowattrel
|
|upkeep
|turn|8
|
|t:|1756319234
|move|p1b: Incineroar|Flare Blitz|p2a: Incineroar
|-resisted|p2a: Incineroar
|-damage|p2a: Incineroar|0 fnt
|faint|p2a: Incineroar
|-damage|p1b: Incineroar|86/100|[from] Recoil
|
|win|MobiusVGC
||Hemz0 0 is ready for game 3.
||MobiusVGC is ready for game 3.
|uhtml|next|Next: Game 3 of 3
