|j|☆soap1170
|j|☆ENDERLANDA
|html|soap1170ENDERLANDA    
|uhtml|bestof|Game 1 of a best-of-3
|t:|1785943844
|gametype|doubles
|player|p1|soap1170|veteran|1125
|player|p2|ENDERLANDA|170|1186
|gen|9
|tier|[Gen 9 Champions] VGC 2026 Reg M-B (Bo3)
|rated|
|rule|Species Clause: Limit one of each Pokémon
|rule|Item Clause: Limit 1 of each item
|clearpoke
|poke|p1|Archaludon, L50, M|
|poke|p1|Aerodactyl, L50, M|
|poke|p1|Houndoom, L50, M|
|poke|p1|Pelipper, L50, F|
|poke|p1|Scizor, L50, M|
|poke|p1|Annihilape, L50, M|
|poke|p2|Charizard, L50, F|
|poke|p2|Milotic, L50, F|
|poke|p2|Grimmsnarl, L50, M|
|poke|p2|Sinistcha, L50|
|poke|p2|Incineroar, L50, M|
|poke|p2|Floette-Eternal, L50, F|
|teampreview|4
|showteam|p1|Archaludon||WiseGlasses|Stamina|ElectroShot,Protect,DragonPulse,AuraSphere|Modest||M|||50|]Aerodactyl||MuscleBand|Unnerve|RockSlide,Tailwind,Earthquake,Protect|Jolly||M|||50|]Houndoom||Houndoominite|FlashFire|HeatWave,ShadowBall,ScorchingSands,Protect|Timid||M|||50|]Pelipper||FocusSash|Drizzle|Tailwind,Hurricane,WeatherBall,Roost|Timid||F|||50|]Scizor||Scizorite|Technician|Roost,BulletPunch,BugBite,AerialAce|Adamant||M|||50|]Annihilape||ExpertBelt|Defiant|RageFist,NightSlash,DrainPunch,PoisonJab|Jolly||M|||50|
|showteam|p2|Charizard||CharizarditeX|Blaze|Protect,DragonRush,FlareBlitz,DragonDance|Adamant||F|||50|]Milotic||Leftovers|Competitive|Coil,MuddyWater,Hypnosis,Protect|Calm||F|||50|]Grimmsnarl||LightClay|Prankster|LightScreen,Reflect,SpiritBreak,PartingShot|Impish||M|||50|]Sinistcha||ColburBerry|Hospitality|MatchaGotcha,TrickRoom,RagePowder,Protect|Calm|||||50|]Incineroar||SitrusBerry|Intimidate|FakeOut,FlareBlitz,PartingShot,ThroatChop|Adamant||M|||50|]Floette-Eternal||Floettite|FlowerVeil|Protect,Moonblast,DazzlingGleam,CalmMind|Modest||F|||50|
|inactive|Battle timer is ON: inactive players will automatically lose when time's up. (requested by ENDERLANDA)
|inactive|soap1170 has 60 seconds left.
|inactive|ENDERLANDA has 60 seconds left.
|
|t:|1785943898
|teamsize|p1|4
|teamsize|p2|4
|start
|switch|p1a: Aerodactyl|Aerodactyl, L50, M|100/100
|switch|p1b: Houndoom|Houndoom, L50, M|100/100
|switch|p2a: Charizard|Charizard, L50, F|100/100
|switch|p2b: Grimmsnarl|Grimmsnarl, L50, M|100/100
|-ability|p1a: Aerodactyl|Unnerve
|turn|1
|
|t:|1785943915
|detailschange|p1b: Houndoom|Houndoom-Mega, L50, M
|-mega|p1b: Houndoom|Houndoom|Houndoominite
|detailschange|p2a: Charizard|Charizard-Mega-X, L50, F
|-mega|p2a: Charizard|Charizard|Charizardite X
|move|p2b: Grimmsnarl|Reflect|p2b: Grimmsnarl
|-sidestart|p2: ENDERLANDA|Reflect
|move|p1a: Aerodactyl|Rock Slide|p2b: Grimmsnarl|[spread] p2a,p2b
|-supereffective|p2a: Charizard|1
|-damage|p2a: Charizard|62/100
|-damage|p2b: Grimmsnarl|81/100
|move|p1b: Houndoom|Heat Wave|p2b: Grimmsnarl|[spread] p2a,p2b
|-resisted|p2a: Charizard|2
|-damage|p2a: Charizard|52/100
|-damage|p2b: Grimmsnarl|45/100
|move|p2a: Charizard|Dragon Dance|p2a: Charizard
|-boost|p2a: Charizard|atk|1
|-boost|p2a: Charizard|spe|1
|
|upkeep
|turn|2
|
|t:|1785943934
|move|p1b: Houndoom|Protect|p1b: Houndoom
|-singleturn|p1b: Houndoom|Protect
|move|p2b: Grimmsnarl|Parting Shot|p1a: Aerodactyl
|-unboost|p1a: Aerodactyl|atk|1
|-unboost|p1a: Aerodactyl|spa|1
|
|t:|1785943942
|switch|p2b: Sinistcha|Sinistcha, L50|100/100|[from] Parting Shot
|-heal|p2a: Charizard|76/100|[from] ability: Hospitality|[of] p2b: Sinistcha
|move|p2a: Charizard|Dragon Rush|p1a: Aerodactyl
|-damage|p1a: Aerodactyl|0 fnt
|faint|p1a: Aerodactyl
|
|upkeep
|
|t:|1785943952
|switch|p1a: Archaludon|Archaludon, L50, M|100/100
|turn|3
|
|t:|1785943963
|switch|p2b: Incineroar|Incineroar, L50, M|100/100
|-ability|p2b: Incineroar|Intimidate|boost
|-unboost|p1a: Archaludon|atk|1
|-unboost|p1b: Houndoom|atk|1
|move|p2a: Charizard|Protect|p2a: Charizard
|-singleturn|p2a: Charizard|Protect
|move|p1b: Houndoom|Scorching Sands|p2a: Charizard
|-activate|p2a: Charizard|move: Protect
|move|p1a: Archaludon|Dragon Pulse|p2a: Charizard
|-activate|p2a: Charizard|move: Protect
|
|upkeep
|turn|4
|
|t:|1785943979
|move|p2a: Charizard|Flare Blitz|p1a: Archaludon
|-damage|p1a: Archaludon|0 fnt
|faint|p1a: Archaludon
|-damage|p2a: Charizard|44/100|[from] Recoil
|move|p1b: Houndoom|Scorching Sands|p2a: Charizard
|-supereffective|p2a: Charizard|1
|-damage|p2a: Charizard|0 fnt
|faint|p2a: Charizard
|move|p2b: Incineroar|Parting Shot|p1b: Houndoom
|-unboost|p1b: Houndoom|atk|1
|-unboost|p1b: Houndoom|spa|1
|
|t:|1785943988
|switch|p2b: Grimmsnarl|Grimmsnarl, L50, M|45/100|[from] Parting Shot
|
|upkeep
|
|t:|1785943991
|switch|p2a: Incineroar|Incineroar, L50, M|100/100
|switch|p1a: Annihilape|Annihilape, L50, M|100/100
|-ability|p2a: Incineroar|Intimidate|boost
|-unboost|p1a: Annihilape|atk|1
|-ability|p1a: Annihilape|Defiant|boost
|-boost|p1a: Annihilape|atk|2
|-unboost|p1b: Houndoom|atk|1
|turn|5
|
|t:|1785944012
|move|p2b: Grimmsnarl|Light Screen|p2b: Grimmsnarl
|-sidestart|p2: ENDERLANDA|move: Light Screen
|move|p1b: Houndoom|Scorching Sands|p2a: Incineroar
|-supereffective|p2a: Incineroar|1
|-damage|p2a: Incineroar|82/100
|move|p1a: Annihilape|Poison Jab|p2b: Grimmsnarl
|-supereffective|p2b: Grimmsnarl|1
|-damage|p2b: Grimmsnarl|0 fnt
|faint|p2b: Grimmsnarl
|move|p2a: Incineroar|Flare Blitz|p1a: Annihilape
|-damage|p1a: Annihilape|38/100
|-damage|p2a: Incineroar|63/100|[from] Recoil
|
|upkeep
|
|t:|1785944020
|switch|p2b: Sinistcha|Sinistcha, L50|100/100
|-heal|p2a: Incineroar|88/100|[from] ability: Hospitality|[of] p2b: Sinistcha
|turn|6
|
|t:|1785944031
|move|p1b: Houndoom|Shadow Ball|p2b: Sinistcha
|-supereffective|p2b: Sinistcha|1
|-damage|p2b: Sinistcha|76/100
|move|p1a: Annihilape|Rage Fist|p2b: Sinistcha
|-supereffective|p2b: Sinistcha|1
|-damage|p2b: Sinistcha|0 fnt
|faint|p2b: Sinistcha
|move|p2a: Incineroar|Flare Blitz|p1a: Annihilape
|-damage|p1a: Annihilape|0 fnt
|faint|p1a: Annihilape
|-damage|p2a: Incineroar|76/100|[from] Recoil
|
|upkeep
|turn|7
|
|t:|1785944044
|move|p1b: Houndoom|Protect|p1b: Houndoom
|-singleturn|p1b: Houndoom|Protect
|move|p2a: Incineroar|Throat Chop|p1b: Houndoom
|-activate|p1b: Houndoom|move: Protect
|
|upkeep
|turn|8
|
|t:|1785944050
|move|p1b: Houndoom|Scorching Sands|p2a: Incineroar
|-supereffective|p2a: Incineroar|1
|-damage|p2a: Incineroar|56/100
|move|p2a: Incineroar|Throat Chop|p1b: Houndoom
|-resisted|p1b: Houndoom|1
|-damage|p1b: Houndoom|78/100
|-start|p1b: Houndoom|Throat Chop|[silent]
|
|-sideend|p2: ENDERLANDA|Reflect
|upkeep
|turn|9
|
|t:|1785944058
|move|p1b: Houndoom|Protect|p1b: Houndoom
|-singleturn|p1b: Houndoom|Protect
|move|p2a: Incineroar|Parting Shot|p1b: Houndoom
|-activate|p1b: Houndoom|move: Protect
|
|-end|p1b: Houndoom|Throat Chop|[silent]
|upkeep
|turn|10
|
|t:|1785944063
|move|p1b: Houndoom|Scorching Sands|p2a: Incineroar
|-supereffective|p2a: Incineroar|1
|-damage|p2a: Incineroar|36/100
|-enditem|p2a: Incineroar|Sitrus Berry|[eat]
|-heal|p2a: Incineroar|61/100|[from] item: Sitrus Berry
|move|p2a: Incineroar|Parting Shot|p1b: Houndoom
|-unboost|p1b: Houndoom|atk|1
|-unboost|p1b: Houndoom|spa|1
|
|upkeep
|turn|11
|
|t:|1785944074
|move|p1b: Houndoom|Scorching Sands|p2a: Incineroar
|-supereffective|p2a: Incineroar|1
|-damage|p2a: Incineroar|48/100
|move|p2a: Incineroar|Throat Chop|p1b: Houndoom
|-resisted|p1b: Houndoom|1
|-damage|p1b: Houndoom|55/100
|-start|p1b: Houndoom|Throat Chop|[silent]
|
|upkeep
|turn|12
|inactive|soap1170 has 30 seconds left.
|c|☆soap1170|i think its absolutely insane you just can spam parting shot even though you have nothing to switch to
|
|t:|1785944104
|move|p1b: Houndoom|Scorching Sands|p2a: Incineroar
|-supereffective|p2a: Incineroar|1
|-damage|p2a: Incineroar|34/100
|move|p2a: Incineroar|Throat Chop|p1b: Houndoom
|-resisted|p1b: Houndoom|1
|-damage|p1b: Houndoom|32/100
|
|-end|p1b: Houndoom|Throat Chop|[silent]
|-sideend|p2: ENDERLANDA|move: Light Screen
|upkeep
|turn|13
|
|t:|1785944114
|move|p1b: Houndoom|Scorching Sands|p2a: Incineroar
|-supereffective|p2a: Incineroar|1
|-damage|p2a: Incineroar|11/100
|move|p2a: Incineroar|Flare Blitz|p1b: Houndoom
|-resisted|p1b: Houndoom|1
|-damage|p1b: Houndoom|2/100
|-damage|p2a: Incineroar|3/100|[from] Recoil
|
|upkeep
|turn|14
|c|☆soap1170|hey no light screen
|
|t:|1785944124
|move|p1b: Houndoom|Scorching Sands|p2a: Incineroar
|-supereffective|p2a: Incineroar|1
|-damage|p2a: Incineroar|0 fnt
|faint|p2a: Incineroar
|
|win|soap1170
|c|☆soap1170|would you look at that
||soap1170 is ready for game 2.
