|j|☆Duzlink
|j|☆iliasdelm
|html|Duzlinkiliasdelm    
|uhtml|bestof|Game 1 of a best-of-3
|t:|1756971705
|gametype|doubles
|player|p1|Duzlink|102|1111
|player|p2|iliasdelm|gambler|1212
|gen|9
|tier|[Gen 9] VGC 2025 Reg H (Bo3)
|rated|
|rule|Species Clause: Limit one of each Pokémon
|rule|Item Clause: Limit 1 of each item
|clearpoke
|poke|p1|Incineroar, L50, M|
|poke|p1|Garchomp, L50, M|
|poke|p1|Amoonguss, L50, F|
|poke|p1|Porygon2, L50|
|poke|p1|Sneasler, L50, M|
|poke|p1|Gholdengo, L50|
|poke|p2|Primarina, L50, M|
|poke|p2|Incineroar, L50, F|
|poke|p2|Gholdengo, L50|
|poke|p2|Ursaluna, L50, F|
|poke|p2|Amoonguss, L50, F|
|poke|p2|Porygon2, L50|
|teampreview|4
|showteam|p1|Incineroar||SafetyGoggles|Intimidate|FakeOut,KnockOff,FlareBlitz,PartingShot|||M|||50|,,,,,Ghost]Garchomp||ClearAmulet|RoughSkin|Protect,Earthquake,DragonClaw,StompingTantrum|||M|||50|,,,,,Fire]Amoonguss||RockyHelmet|Regenerator|Protect,Spore,RagePowder,PollenPuff|||F|||50|,,,,,Fairy]Porygon2||Eviolite|Download|Recover,TeraBlast,IceBeam,TrickRoom||||||50|,,,,,Flying]Sneasler||FocusSash|PoisonTouch|Protect,Coaching,DireClaw,CloseCombat|||M|||50|,,,,,Dark]Gholdengo||LifeOrb|GoodasGold|Protect,MakeItRain,NastyPlot,ShadowBall||||||50|,,,,,Water
|showteam|p2|Primarina||ThroatSpray|LiquidVoice|HyperVoice,Moonblast,Haze,Protect|||M|||50|,,,,,Poison]Incineroar||AssaultVest|Intimidate|FlareBlitz,KnockOff,FakeOut,Uturn|||F|||50|,,,,,Grass]Gholdengo||LifeOrb|GoodasGold|MakeItRain,ShadowBall,NastyPlot,Protect||||||50|,,,,,Water]Ursaluna||FlameOrb|Guts|Facade,HeadlongRush,Protect,Substitute|||F|||50|,,,,,Ghost]Amoonguss||SitrusBerry|Regenerator|PollenPuff,Spore,RagePowder,GigaDrain|||F|||50|,,,,,Electric]Porygon2||Eviolite|Download|IceBeam,TeraBlast,Recover,TrickRoom||||||50|,,,,,Fighting
|inactive|Battle timer is ON: inactive players will automatically lose when time's up. (requested by iliasdelm)
|inactive|Duzlink has 60 seconds left.
|inactive|Duzlink has 30 seconds left.
|
|t:|1756971824
|teamsize|p1|4
|teamsize|p2|4
|start
|switch|p1a: Porygon2|Porygon2, L50|100/100
|switch|p1b: Incineroar|Incineroar, L50, M|100/100
|switch|p2a: Incineroar|Incineroar, L50, F|100/100
|switch|p2b: Gholdengo|Gholdengo, L50|100/100
|-ability|p2a: Incineroar|Intimidate|boost
|-unboost|p1a: Porygon2|atk|1
|-unboost|p1b: Incineroar|atk|1
|-ability|p1a: Porygon2|Download|boost
|-boost|p1a: Porygon2|atk|1
|-ability|p1b: Incineroar|Intimidate|boost
|-unboost|p2a: Incineroar|atk|1
|-unboost|p2b: Gholdengo|atk|1
|turn|1
|inactive|Duzlink has 30 seconds left.
|inactive|Duzlink has 20 seconds left.
|inactive|Duzlink has 15 seconds left.
|
|t:|1756971868
|move|p2a: Incineroar|Fake Out|p1a: Porygon2
|-damage|p1a: Porygon2|95/100
|move|p2b: Gholdengo|Nasty Plot|p2b: Gholdengo
|-boost|p2b: Gholdengo|spa|2
|cant|p1a: Porygon2|flinch
|move|p1b: Incineroar|Knock Off|p2a: Incineroar
|-resisted|p2a: Incineroar
|-damage|p2a: Incineroar|88/100
|-enditem|p2a: Incineroar|Assault Vest|[from] move: Knock Off|[of] p1b: Incineroar
|
|upkeep
|turn|2
|inactive|Duzlink has 30 seconds left.
|
|t:|1756971893
|move|p2b: Gholdengo|Make It Rain|p1b: Incineroar|[spread] p1a,p1b
|-resisted|p1b: Incineroar
|-damage|p1a: Porygon2|28/100
|-damage|p1b: Incineroar|57/100
|-unboost|p2b: Gholdengo|spa|1
|-damage|p2b: Gholdengo|91/100|[from] item: Life Orb
|move|p2a: Incineroar|Knock Off|p1a: Porygon2
|-damage|p1a: Porygon2|10/100
|-enditem|p1a: Porygon2|Eviolite|[from] move: Knock Off|[of] p2a: Incineroar
|move|p1a: Porygon2|Ice Beam|p2a: Incineroar
|-resisted|p2a: Incineroar
|-damage|p2a: Incineroar|76/100
|move|p1b: Incineroar|Knock Off|p2b: Gholdengo
|-supereffective|p2b: Gholdengo
|-damage|p2b: Gholdengo|43/100
|-enditem|p2b: Gholdengo|Life Orb|[from] move: Knock Off|[of] p1b: Incineroar
|
|upkeep
|turn|3
|
|t:|1756971916
|switch|p1a: Amoonguss|Amoonguss, L50, F|100/100
|move|p2b: Gholdengo|Make It Rain|p1b: Incineroar|[spread] p1a,p1b
|-resisted|p1b: Incineroar
|-damage|p1a: Amoonguss|53/100
|-damage|p1b: Incineroar|34/100
|-unboost|p2b: Gholdengo|spa|1
|move|p2a: Incineroar|Flare Blitz|p1b: Incineroar
|-resisted|p1b: Incineroar
|-damage|p1b: Incineroar|19/100
|-damage|p2a: Incineroar|71/100|[from] Recoil
|move|p1b: Incineroar|Parting Shot|p2a: Incineroar
|-unboost|p2a: Incineroar|atk|1
|-unboost|p2a: Incineroar|spa|1
|
|t:|1756971931
|switch|p1b: Gholdengo|Gholdengo, L50|100/100|[from] Parting Shot
|
|upkeep
|turn|4
|
|t:|1756971942
|-terastallize|p1b: Gholdengo|Water
|move|p1b: Gholdengo|Nasty Plot|p1b: Gholdengo
|-boost|p1b: Gholdengo|spa|2
|move|p2b: Gholdengo|Shadow Ball|p1b: Gholdengo
|-damage|p1b: Gholdengo|57/100
|move|p2a: Incineroar|Flare Blitz|p1b: Gholdengo
|-resisted|p1b: Gholdengo
|-crit|p1b: Gholdengo
|-damage|p1b: Gholdengo|13/100
|-damage|p2a: Incineroar|58/100|[from] Recoil
|move|p1a: Amoonguss|Pollen Puff|p1b: Gholdengo
|-heal|p1b: Gholdengo|63/100
|
|upkeep
|turn|5
|inactive|iliasdelm has 30 seconds left.
|
|t:|1756971968
|move|p1b: Gholdengo|Make It Rain|p2b: Gholdengo|[spread] p2a,p2b
|-resisted|p2a: Incineroar
|-resisted|p2b: Gholdengo
|-damage|p2a: Incineroar|0 fnt
|-damage|p2b: Gholdengo|0 fnt
|-unboost|p1b: Gholdengo|spa|1
|faint|p2a: Incineroar
|faint|p2b: Gholdengo
|-damage|p1b: Gholdengo|53/100|[from] item: Life Orb
|move|p1a: Amoonguss|Spore|p2: Incineroar|[notarget]
|-fail|p1a: Amoonguss
|
|upkeep
|
|t:|1756971977
|switch|p2b: Ursaluna|Ursaluna, L50, F|100/100
|switch|p2a: Porygon2|Porygon2, L50|100/100
|-ability|p2a: Porygon2|Download|boost
|-boost|p2a: Porygon2|atk|1
|turn|6
|inactive|Duzlink has 30 seconds left.
|inactive|Duzlink has 20 seconds left.
|inactive|Duzlink has 15 seconds left.
|inactive|iliasdelm has 30 seconds left.
|
|t:|1756972028
|-terastallize|p2a: Porygon2|Fighting
|move|p1b: Gholdengo|Make It Rain|p2a: Porygon2|[spread] p2a,p2b
|-damage|p2a: Porygon2|47/100
|-damage|p2b: Ursaluna|29/100
|-unboost|p1b: Gholdengo|spa|1
|-damage|p1b: Gholdengo|43/100|[from] item: Life Orb
|move|p2a: Porygon2|Tera Blast|p1b: Gholdengo|[anim] Tera Blast Fighting
|-damage|p1b: Gholdengo|11/100
|move|p2b: Ursaluna|Headlong Rush|p1b: Gholdengo
|-damage|p1b: Gholdengo|0 fnt
|-unboost|p2b: Ursaluna|def|1
|-unboost|p2b: Ursaluna|spd|1
|faint|p1b: Gholdengo
|move|p1a: Amoonguss|Spore|p2b: Ursaluna
|-status|p2b: Ursaluna|slp|[from] move: Spore
|
|upkeep
|
|t:|1756972047
|switch|p1b: Incineroar|Incineroar, L50, M|19/100
|-ability|p1b: Incineroar|Intimidate|boost
|-unboost|p2a: Porygon2|atk|1
|-unboost|p2b: Ursaluna|atk|1
|turn|7
|
|t:|1756972064
|move|p1a: Amoonguss|Rage Powder|p1a: Amoonguss
|-singleturn|p1a: Amoonguss|move: Rage Powder
|move|p1b: Incineroar|Knock Off|p2a: Porygon2
|-resisted|p2a: Porygon2
|-damage|p2a: Porygon2|35/100
|-enditem|p2a: Porygon2|Eviolite|[from] move: Knock Off|[of] p1b: Incineroar
|move|p2a: Porygon2|Recover|p2a: Porygon2
|-heal|p2a: Porygon2|85/100
|cant|p2b: Ursaluna|slp
|
|upkeep
|turn|8
|
|t:|1756972080
|move|p1a: Amoonguss|Rage Powder|p1a: Amoonguss
|-singleturn|p1a: Amoonguss|move: Rage Powder
|move|p1b: Incineroar|Flare Blitz|p2b: Ursaluna
|-damage|p2b: Ursaluna|0 fnt
|faint|p2b: Ursaluna
|-damage|p1b: Incineroar|8/100|[from] Recoil
|move|p2a: Porygon2|Tera Blast|p1a: Amoonguss|[anim] Tera Blast Fighting
|-resisted|p1a: Amoonguss
|-damage|p1a: Amoonguss|40/100
|
|upkeep
|turn|9
|
|t:|1756972099
|move|p1b: Incineroar|Parting Shot|p2a: Porygon2
|-unboost|p2a: Porygon2|atk|1
|-unboost|p2a: Porygon2|spa|1
|
|t:|1756972102
|switch|p1b: Porygon2|Porygon2, L50|10/100|[from] Parting Shot
|-ability|p1b: Porygon2|Download|boost
|-boost|p1b: Porygon2|spa|1
|move|p2a: Porygon2|Ice Beam|p1a: Amoonguss
|-supereffective|p1a: Amoonguss
|-damage|p1a: Amoonguss|14/100
|move|p1a: Amoonguss|Spore|p2a: Porygon2
|-status|p2a: Porygon2|slp|[from] move: Spore
|
|upkeep
|turn|10
|
|t:|1756972121
|switch|p1a: Incineroar|Incineroar, L50, M|8/100
|-ability|p1a: Incineroar|Intimidate|boost
|-unboost|p2a: Porygon2|atk|1
|move|p1b: Porygon2|Recover|p1b: Porygon2
|-heal|p1b: Porygon2|60/100
|cant|p2a: Porygon2|slp
|
|upkeep
|turn|11
|j| Arkhept
|
|t:|1756972136
|move|p1a: Incineroar|Fake Out|p2a: Porygon2
|-damage|p2a: Porygon2|76/100 slp
|move|p1b: Porygon2|Ice Beam|p2a: Porygon2
|-damage|p2a: Porygon2|43/100 slp
|-curestatus|p2a: Porygon2|slp|[msg]
|cant|p2a: Porygon2|flinch
|
|upkeep
|turn|12
|l| Arkhept
|
|t:|1756972154
|move|p1b: Porygon2|Ice Beam|p2a: Porygon2
|-damage|p2a: Porygon2|11/100
|-status|p2a: Porygon2|frz
|move|p1a: Incineroar|Parting Shot|p2a: Porygon2
|-unboost|p2a: Porygon2|atk|1
|-unboost|p2a: Porygon2|spa|1
|
|t:|1756972160
|switch|p1a: Amoonguss|Amoonguss, L50, F|47/100|[from] Parting Shot
|cant|p2a: Porygon2|frz
|
|upkeep
|turn|13
|-message|iliasdelm forfeited.
|
|win|Duzlink
