|j|☆papitaslight
|j|☆undershucklee
|html|papitaslightundershucklee    
|uhtml|bestof|Game 2 of a best-of-3
|t:|1785774573
|gametype|doubles
|player|p1|papitaslight|1|1000
|player|p2|undershucklee|170|1074
|gen|9
|tier|[Gen 9 Champions] VGC 2026 Reg M-B (Bo3)
|rated|
|rule|Species Clause: Limit one of each Pokémon
|rule|Item Clause: Limit 1 of each item
|clearpoke
|poke|p1|Charizard, L50, M|
|poke|p1|Whimsicott, L50, F|
|poke|p1|Farigiraf, L50, F|
|poke|p1|Mawile, L50, F|
|poke|p1|Kingambit, L50, M|
|poke|p1|Sneasler, L50, F|
|poke|p2|Blaziken, L50, M|
|poke|p2|Kingambit, L50, M|
|poke|p2|Sinistcha, L50|
|poke|p2|Quaquaval, L50, F|
|poke|p2|Raichu, L50, F|
|poke|p2|Incineroar, L50, F|
|teampreview|4
|showteam|p1|Charizard||CharizarditeY|Blaze|SolarBeam,Protect,HeatWave,DragonPulse|Modest||M|||50|]Whimsicott||FocusSash|Prankster|Tailwind,DazzlingGleam,HelpingHand,Encore|Timid||F|||50|]Farigiraf|||ArmorTail|HelpingHand,TrickRoom,HyperVoice,ThunderWave|Bold||F|||50|]Mawile||Mawilite|Intimidate|PlayRough,RockSlide,Protect,IronHead|Adamant||F|||50|]Kingambit||ChopleBerry|Defiant|SuckerPunch,KowtowCleave,Protect,IronHead|Relaxed||M|||50|]Sneasler||MentalHerb|PoisonTouch|CloseCombat,DireClaw,Protect,FakeOut|Jolly||F|||50|
|showteam|p2|Blaziken||Blazikenite|SpeedBoost|CloseCombat,FlareBlitz,SwordsDance,Protect|Adamant||M|||50|]Kingambit||FocusSash|Defiant|SuckerPunch,KowtowCleave,IronHead,LowKick|Adamant||M|||50|]Sinistcha||Leftovers|Hospitality|MatchaGotcha,LifeDew,RagePowder,TrickRoom|Calm|||||50|]Quaquaval||LifeOrb|Moxie|AquaStep,CloseCombat,AquaJet,Detect|Adamant||F|||50|]Raichu||RaichuniteY|Static|FakeOut,ZapCannon,FocusBlast,Protect|Timid||F|||50|]Incineroar||SitrusBerry|Intimidate|FlareBlitz,FakeOut,ThroatChop,PartingShot|Impish||F|||50|
|inactive|Battle timer is ON: inactive players will automatically lose when time's up. (requested by undershucklee)
|inactive|papitaslight has 60 seconds left.
|inactive|papitaslight has 30 seconds left.
|
|t:|1785774640
|teamsize|p1|4
|teamsize|p2|4
|start
|switch|p1a: Sneasler|Sneasler, L50, F|100/100
|switch|p1b: Kingambit|Kingambit, L50, M|100/100
|switch|p2a: Incineroar|Incineroar, L50, F|100/100
|switch|p2b: Raichu|Raichu, L50, F|100/100
|-ability|p2a: Incineroar|Intimidate|boost
|-unboost|p1a: Sneasler|atk|1
|-unboost|p1b: Kingambit|atk|1
|-ability|p1b: Kingambit|Defiant|boost
|-boost|p1b: Kingambit|atk|2
|turn|1
|
|t:|1785774654
|detailschange|p2b: Raichu|Raichu-Mega-Y, L50, F
|-mega|p2b: Raichu|Raichu|Raichunite Y
|move|p1a: Sneasler|Protect|p1a: Sneasler
|-singleturn|p1a: Sneasler|Protect
|move|p1b: Kingambit|Protect|p1b: Kingambit
|-singleturn|p1b: Kingambit|Protect
|move|p2a: Incineroar|Fake Out|p1b: Kingambit
|-activate|p1b: Kingambit|move: Protect
|move|p2b: Raichu|Focus Blast|p1b: Kingambit
|-activate|p1b: Kingambit|move: Protect
|
|upkeep
|turn|2
|
|t:|1785774675
|switch|p2b: Quaquaval|Quaquaval, L50, F|100/100
|move|p1b: Kingambit|Sucker Punch||[still]
|-fail|p1b: Kingambit
|move|p1a: Sneasler|Dire Claw|p2b: Quaquaval
|-damage|p2b: Quaquaval|66/100
|-status|p2b: Quaquaval|slp
|move|p2a: Incineroar|Flare Blitz|p1b: Kingambit
|-supereffective|p1b: Kingambit|1
|-damage|p1b: Kingambit|36/100
|-damage|p2a: Incineroar|78/100|[from] Recoil
|
|upkeep
|turn|3
|inactive|undershucklee has 30 seconds left.
|
|t:|1785774706
|switch|p1b: Mawile|Mawile, L50, F|100/100
|-ability|p1b: Mawile|Intimidate|boost
|-unboost|p2a: Incineroar|atk|1
|-unboost|p2b: Quaquaval|atk|1
|cant|p2b: Quaquaval|slp
|move|p1a: Sneasler|Close Combat|p2a: Incineroar
|-supereffective|p2a: Incineroar|1
|-damage|p2a: Incineroar|18/100
|-unboost|p1a: Sneasler|def|1
|-unboost|p1a: Sneasler|spd|1
|-enditem|p2a: Incineroar|Sitrus Berry|[eat]
|-heal|p2a: Incineroar|43/100|[from] item: Sitrus Berry
|move|p2a: Incineroar|Flare Blitz|p1b: Mawile
|-supereffective|p1b: Mawile|1
|-damage|p1b: Mawile|19/100
|-damage|p2a: Incineroar|22/100|[from] Recoil
|
|upkeep
|turn|4
|inactive|papitaslight has 30 seconds left.
|inactive|undershucklee has 30 seconds left.
|
|t:|1785774740
|detailschange|p1b: Mawile|Mawile-Mega, L50, F
|-mega|p1b: Mawile|Mawile|Mawilite
|move|p1b: Mawile|Protect|p1b: Mawile
|-singleturn|p1b: Mawile|Protect
|move|p1a: Sneasler|Dire Claw|p2a: Incineroar
|-damage|p2a: Incineroar|1/100
|-status|p2a: Incineroar|psn|[from] ability: Poison Touch|[of] p1a: Sneasler
|cant|p2b: Quaquaval|slp
|move|p2a: Incineroar|Flare Blitz|p1b: Mawile
|-activate|p1b: Mawile|move: Protect
|
|-damage|p2a: Incineroar|0 fnt|[from] psn
|faint|p2a: Incineroar
|upkeep
|
|t:|1785774755
|switch|p2a: Kingambit|Kingambit, L50, M|100/100
|turn|5
|
|t:|1785774775
|move|p1a: Sneasler|Protect|p1a: Sneasler
|-singleturn|p1a: Sneasler|Protect
|-curestatus|p2b: Quaquaval|slp|[msg]
|move|p2b: Quaquaval|Aqua Step|p1a: Sneasler
|-activate|p1a: Sneasler|move: Protect
|move|p1b: Mawile|Play Rough|p2b: Quaquaval
|-supereffective|p2b: Quaquaval|1
|-damage|p2b: Quaquaval|0 fnt
|faint|p2b: Quaquaval
|move|p2a: Kingambit|Iron Head|p1b: Mawile
|-damage|p1b: Mawile|0 fnt
|faint|p1b: Mawile
|
|upkeep
|
|t:|1785774791
|switch|p2b: Raichu|Raichu-Mega-Y, L50, F|100/100
|switch|p1b: Magma|Charizard, L50, M|100/100
|turn|6
|inactive|papitaslight has 30 seconds left.
|inactive|undershucklee has 30 seconds left.
|inactive|undershucklee has 20 seconds left.
|inactive|undershucklee has 15 seconds left.
|
|t:|1785774834
|move|p1b: Magma|Protect|p1b: Magma
|-singleturn|p1b: Magma|Protect
|move|p2b: Raichu|Fake Out|p1a: Sneasler
|-damage|p1a: Sneasler|79/100
|move|p2a: Kingambit|Sucker Punch||[still]
|-fail|p2a: Kingambit
|cant|p1a: Sneasler|flinch
|
|upkeep
|turn|7
|
|t:|1785774857
|switch|p1b: Kingambit|Kingambit, L50, M|36/100
|move|p2a: Kingambit|Sucker Punch||[still]
|-fail|p2a: Kingambit
|move|p2b: Raichu|Zap Cannon|p1a: Sneasler
|-damage|p1a: Sneasler|0 fnt
|faint|p1a: Sneasler
|
|upkeep
|
|t:|1785774865
|switch|p1a: Magma|Charizard, L50, M|100/100
|turn|8
|
|t:|1785774886
|move|p1b: Kingambit|Sucker Punch|p2b: Raichu
|-damage|p2b: Raichu|35/100
|move|p2b: Raichu|Zap Cannon|p1a: Magma
|-supereffective|p1a: Magma|1
|-damage|p1a: Magma|0 fnt
|faint|p1a: Magma
|move|p2a: Kingambit|Low Kick|p1b: Kingambit
|-supereffective|p1b: Kingambit|2
|-enditem|p1b: Kingambit|Chople Berry|[eat]
|-enditem|p1b: Kingambit|Chople Berry|[weaken]
|-damage|p1b: Kingambit|0 fnt
|faint|p1b: Kingambit
|
|win|undershucklee
|raw|papitaslight's rating: 1000 → 1000(+0 for losing)
|raw|undershucklee's rating: 1074 → 1097(+23 for winning)
|l|☆undershucklee
|player|p2|
|c|☆papitaslight|gracias por el combate
|c|☆papitaslight|juegas muy bien :D
