|j|☆Capitan-N
|j|☆CappyTJ5
|html|Capitan-NCappyTJ5    
|uhtml|bestof|Game 1 of a best-of-3
|t:|1757044504
|gametype|doubles
|player|p1|Capitan-N|n|1055
|player|p2|CappyTJ5|wallace|1093
|gen|9
|tier|[Gen 9] VGC 2025 Reg H (Bo3)
|rated|
|rule|Species Clause: Limit one of each Pokémon
|rule|Item Clause: Limit 1 of each item
|clearpoke
|poke|p1|Palafin, L50, M|
|poke|p1|Incineroar, L50, F|
|poke|p1|Rillaboom, L50, F|
|poke|p1|Gholdengo, L50|
|poke|p1|Corviknight, L50, M|
|poke|p1|Clefable, L50, F|
|poke|p2|Sneasler, L50, F|
|poke|p2|Incineroar, L50, F|
|poke|p2|Dragonite, L50, F|
|poke|p2|Gholdengo, L50|
|poke|p2|Amoonguss, L50, F|
|poke|p2|Ursaluna-Bloodmoon, L50, M|
|teampreview|4
|showteam|p1|Palafin||GrassySeed|ZerotoHero|CloseCombat,Protect,JetPunch,Acrobatics|||M|||50|,,,,,Water]Incineroar||SafetyGoggles|Intimidate|FakeOut,FlareBlitz,KnockOff,Uturn|||F|||50|,,,,,Bug]Rillaboom||AssaultVest|GrassySurge|GrassyGlide,HighHorsepower,Snarl,WoodHammer|||F|||50|,,,,,Fire]Gholdengo||LifeOrb|GoodasGold|MakeItRain,NastyPlot,TeraBlast,Protect||||||50|,,,,,Dark]Corviknight||RockyHelmet|MirrorArmor|BodyPress,IronDefense,Roost,Protect|||M|||50|,,,,,Dragon]Clefable||Leftovers|Unaware|FollowMe,LifeDew,Moonblast,CosmicPower|||F|||50|,,,,,Steel
|showteam|p2|Sneasler||FocusSash|Unburden|Protect,DireClaw,CloseCombat,ThroatChop|||F|||50|,,,,,Stellar]Incineroar||SafetyGoggles|Intimidate|KnockOff,FlareBlitz,PartingShot,FakeOut|||F|||50|,,,,,Ghost]Dragonite||LoadedDice|Multiscale|Protect,ScaleShot,Tailwind,Haze|||F|||50|,,,,,Fairy]Gholdengo||LifeOrb|GoodasGold|Protect,MakeItRain,ShadowBall,NastyPlot||||||50|,,,,,Water]Amoonguss||SitrusBerry|Regenerator|Protect,Spore,PollenPuff,RagePowder|||F|||50|,,,,,Water]Ursaluna-Bloodmoon||AssaultVest|MindsEye|HyperVoice,BloodMoon,EarthPower,VacuumWave|||M|||50|,,,,,Water
|inactive|Battle timer is ON: inactive players will automatically lose when time's up. (requested by CappyTJ5)
|inactive|Capitan-N has 60 seconds left.
|inactive|CappyTJ5 has 60 seconds left.
|inactive|CappyTJ5 has 30 seconds left.
|inactive|CappyTJ5 has 20 seconds left.
|inactive|CappyTJ5 has 15 seconds left.
|inactive|CappyTJ5 has 10 seconds left.
|
|t:|1757044586
|teamsize|p1|4
|teamsize|p2|4
|start
|switch|p1a: Clefable|Clefable, L50, F, shiny|100/100
|switch|p1b: Palafin|Palafin, L50, M, shiny|100/100
|switch|p2a: Incineroar|Incineroar, L50, F|100/100
|switch|p2b: Sneasler|Sneasler, L50, F|100/100
|-ability|p2a: Incineroar|Intimidate|boost
|-unboost|p1a: Clefable|atk|1
|-unboost|p1b: Palafin|atk|1
|turn|1
|inactive|CappyTJ5 has 30 seconds left.
|
|t:|1757044617
|detailschange|p1b: Palafin|Palafin-Hero, L50, M, shiny
|switch|p1b: Incineroar|Incineroar, L50, F, shiny|100/100
|-ability|p1b: Incineroar|Intimidate|boost
|-unboost|p2a: Incineroar|atk|1
|-unboost|p2b: Sneasler|atk|1
|move|p2a: Incineroar|Fake Out|p1a: Clefable
|-damage|p1a: Clefable|91/100
|move|p2b: Sneasler|Dire Claw|p1a: Clefable
|-supereffective|p1a: Clefable
|-damage|p1a: Clefable|13/100
|cant|p1a: Clefable|flinch
|
|-heal|p1a: Clefable|19/100|[from] item: Leftovers
|upkeep
|turn|2
|inactive|Capitan-N has 30 seconds left.
|inactive|CappyTJ5 has 30 seconds left.
|
|t:|1757044650
|switch|p1a: Palafin|Palafin-Hero, L50, M, shiny|100/100
|-activate|p1a: Palafin|ability: Zero to Hero
|move|p1b: Incineroar|Fake Out|p2a: Incineroar
|-damage|p2a: Incineroar|87/100
|move|p2b: Sneasler|Close Combat|p1a: Palafin
|-damage|p1a: Palafin|59/100
|-unboost|p2b: Sneasler|def|1
|-unboost|p2b: Sneasler|spd|1
|cant|p2a: Incineroar|flinch
|
|upkeep
|turn|3
|inactive|CappyTJ5 has 30 seconds left.
|inactive|CappyTJ5 has 20 seconds left.
|inactive|CappyTJ5 has 15 seconds left.
|inactive|CappyTJ5 has 10 seconds left.
|
|t:|1757044699
|switch|p2b: Dragonite|Dragonite, L50, F|100/100
|-terastallize|p2a: Incineroar|Ghost
|move|p1a: Palafin|Jet Punch|p2b: Dragonite
|-resisted|p2b: Dragonite
|-crit|p2b: Dragonite
|-damage|p2b: Dragonite|85/100
|move|p1b: Incineroar|Knock Off|p2a: Incineroar
|-supereffective|p2a: Incineroar
|-damage|p2a: Incineroar|0 fnt
|-enditem|p2a: Incineroar|Safety Goggles|[from] move: Knock Off|[of] p1b: Incineroar
|faint|p2a: Incineroar
|
|upkeep
|inactive|CappyTJ5 has 30 seconds left.
|inactive|CappyTJ5 has 20 seconds left.
|inactive|CappyTJ5 has 15 seconds left.
|
|t:|1757044740
|switch|p2a: Sneasler|Sneasler, L50, F|100/100
|turn|4
|inactive|Capitan-N has 30 seconds left.
|inactive|CappyTJ5 has 30 seconds left.
|inactive|CappyTJ5 has 20 seconds left.
|inactive|CappyTJ5 has 15 seconds left.
|
|t:|1757044788
|move|p1a: Palafin|Protect|p1a: Palafin
|-singleturn|p1a: Palafin|Protect
|move|p2a: Sneasler|Close Combat|p1b: Incineroar
|-supereffective|p1b: Incineroar
|-damage|p1b: Incineroar|0 fnt
|-unboost|p2a: Sneasler|def|1
|-unboost|p2a: Sneasler|spd|1
|faint|p1b: Incineroar
|move|p2b: Dragonite|Scale Shot|p1a: Palafin
|-activate|p1a: Palafin|move: Protect
|
|upkeep
|
|t:|1757044806
|switch|p1b: Rillaboom|Rillaboom, L50, F, shiny|100/100
|-fieldstart|move: Grassy Terrain|[from] ability: Grassy Surge|[of] p1b: Rillaboom
|-enditem|p1a: Palafin|Grassy Seed
|-boost|p1a: Palafin|def|1|[from] item: Grassy Seed
|turn|5
|
|t:|1757044820
|-terastallize|p1b: Rillaboom|Fire
|move|p2a: Sneasler|Protect|p2a: Sneasler
|-singleturn|p2a: Sneasler|Protect
|move|p1a: Palafin|Jet Punch|p2a: Sneasler
|-activate|p2a: Sneasler|move: Protect
|move|p2b: Dragonite|Haze|p2b: Dragonite
|-clearallboost
|move|p1b: Rillaboom|High Horsepower|p2a: Sneasler
|-activate|p2a: Sneasler|move: Protect
|
|-heal|p1a: Palafin|66/100|[from] Grassy Terrain
|upkeep
|turn|6
|inactive|CappyTJ5 has 30 seconds left.
|inactive|CappyTJ5 has 20 seconds left.
|
|t:|1757044855
|switch|p2a: Gholdengo|Gholdengo, L50|100/100
|move|p1a: Palafin|Protect|p1a: Palafin
|-singleturn|p1a: Palafin|Protect
|move|p2b: Dragonite|Scale Shot|p1a: Palafin
|-activate|p1a: Palafin|move: Protect
|move|p1b: Rillaboom|High Horsepower|p2a: Gholdengo
|-supereffective|p2a: Gholdengo
|-damage|p2a: Gholdengo|25/100
|
|-heal|p1a: Palafin|72/100|[from] Grassy Terrain
|-heal|p2a: Gholdengo|31/100|[from] Grassy Terrain
|upkeep
|turn|7
|inactive|CappyTJ5 has 30 seconds left.
|inactive|CappyTJ5 has 20 seconds left.
|
|t:|1757044893
|switch|p1b: Clefable|Clefable, L50, F, shiny|19/100
|move|p1a: Palafin|Jet Punch|p2a: Gholdengo
|-damage|p2a: Gholdengo|0 fnt
|faint|p2a: Gholdengo
|move|p2b: Dragonite|Scale Shot|p1a: Palafin|[miss]
|-miss|p2b: Dragonite|p1a: Palafin
|
|-heal|p1a: Palafin|78/100|[from] Grassy Terrain
|-heal|p1b: Clefable|25/100|[from] Grassy Terrain
|-heal|p1b: Clefable|31/100|[from] item: Leftovers
|upkeep
|
|t:|1757044900
|switch|p2a: Sneasler|Sneasler, L50, F|100/100
|turn|8
|
|t:|1757044917
|move|p1b: Clefable|Follow Me|p1b: Clefable
|-singleturn|p1b: Clefable|move: Follow Me
|move|p1a: Palafin|Jet Punch|p2a: Sneasler
|-damage|p2a: Sneasler|33/100
|move|p2a: Sneasler|Dire Claw|p1b: Clefable
|-supereffective|p1b: Clefable
|-damage|p1b: Clefable|0 fnt
|faint|p1b: Clefable
|move|p2b: Dragonite|Tailwind|p2b: Dragonite
|-sidestart|p2: CappyTJ5|move: Tailwind
|
|-heal|p2a: Sneasler|39/100|[from] Grassy Terrain
|-heal|p1a: Palafin|84/100|[from] Grassy Terrain
|upkeep
|
|t:|1757044929
|switch|p1b: Rillaboom|Rillaboom, L50, F, shiny, tera:Fire|100/100
|turn|9
|
|t:|1757044944
|move|p2a: Sneasler|Protect|p2a: Sneasler
|-singleturn|p2a: Sneasler|Protect
|move|p2b: Dragonite|Scale Shot|p1b: Rillaboom
|-crit|p1b: Rillaboom
|-damage|p1b: Rillaboom|78/100
|-damage|p1b: Rillaboom|63/100
|-damage|p1b: Rillaboom|47/100
|-damage|p1b: Rillaboom|33/100
|-hitcount|p1b: Rillaboom|4
|-unboost|p2b: Dragonite|def|1
|-boost|p2b: Dragonite|spe|1
|move|p1a: Palafin|Acrobatics|p2b: Dragonite
|-damage|p2b: Dragonite|2/100
|move|p1b: Rillaboom|High Horsepower|p2a: Sneasler
|-activate|p2a: Sneasler|move: Protect
|
|-heal|p2a: Sneasler|44/100|[from] Grassy Terrain
|-heal|p1a: Palafin|90/100|[from] Grassy Terrain
|-heal|p1b: Rillaboom|38/100|[from] Grassy Terrain
|-fieldend|move: Grassy Terrain
|upkeep
|turn|10
|inactive|CappyTJ5 has 30 seconds left.
|inactive|CappyTJ5 has 20 seconds left.
|inactive|CappyTJ5 has 15 seconds left.
|inactive|CappyTJ5 has 10 seconds left.
|
|t:|1757044990
|move|p2b: Dragonite|Protect|p2b: Dragonite
|-singleturn|p2b: Dragonite|Protect
|move|p1a: Palafin|Jet Punch|p2a: Sneasler
|-damage|p2a: Sneasler|0 fnt
|faint|p2a: Sneasler
|move|p1b: Rillaboom|Grassy Glide|p2b: Dragonite
|-activate|p2b: Dragonite|move: Protect
|
|upkeep
|turn|11
|-message|CappyTJ5 forfeited.
|
|win|Capitan-N
