|j|☆efmork
|j|☆ivaro_23
|html|efmorkivaro_23    
|uhtml|bestof|Game 1 of a best-of-3
|t:|1757712072
|gametype|doubles
|player|p1|efmork|giovanni|
|player|p2|ivaro_23|alder|
|gen|9
|tier|[Gen 9] VGC 2025 Reg H (Bo3)
|rule|Species Clause: Limit one of each Pokémon
|rule|Item Clause: Limit 1 of each item
|clearpoke
|poke|p1|Annihilape, L50, M|
|poke|p1|Talonflame, L50, M|
|poke|p1|Vivillon-Ocean, L50, M|
|poke|p1|Ninetales-Alola, L50, M|
|poke|p1|Garchomp, L50, M|
|poke|p1|Gholdengo, L50|
|poke|p2|Ursaluna, L50, M|
|poke|p2|Porygon2, L50|
|poke|p2|Incineroar, L50, M|
|poke|p2|Amoonguss, L50, F|
|poke|p2|Whimsicott, L50, F|
|poke|p2|Gholdengo, L50|
|teampreview|4
|showteam|p1|Annihilape||SafetyGoggles|Defiant|BulkUp,DrainPunch,Protect,RageFist|||M|||50|,,,,,Water]Talonflame||SharpBeak|GaleWings|DualWingbeat,Tailwind,WillOWisp,Protect|||M|||50|,,,,,Ghost]Vivillon-Ocean||FocusSash|CompoundEyes|SleepPowder,Hurricane,RagePowder,Protect|||M|||50|,,,,,Ghost]Ninetales-Alola||CovertCloak|SnowWarning|Blizzard,FreezeDry,AuroraVeil,Protect|||M|||50|,,,,,Ice]Garchomp||LifeOrb|RoughSkin|Earthquake,StompingTantrum,DragonClaw,Protect|||M|||50|,,,,,Steel]Gholdengo||IronPlate|GoodasGold|MakeItRain,NastyPlot,Protect,ShadowBall||||||50|,,,,,Steel
|showteam|p2|Ursaluna||FlameOrb|Guts|Facade,Earthquake,HeadlongRush,Protect|||M|||50|,,,,,Ghost]Porygon2||Eviolite|Download|TeraBlast,IceBeam,TrickRoom,Protect||||||50|,,,,,Stellar]Incineroar||SafetyGoggles|Intimidate|FakeOut,KnockOff,FlareBlitz,PartingShot|||M|||50|,,,,,Ghost]Amoonguss||SitrusBerry|Regenerator|PollenPuff,Spore,SludgeBomb,RagePowder|||F|||50|,,,,,Grass]Whimsicott||FocusSash|Prankster|Endeavor,Encore,Tailwind,HelpingHand|||F|||50|,,,,,Grass]Gholdengo||LifeOrb|GoodasGold|MakeItRain,NastyPlot,Protect,ShadowBall||||||50|,,,,,Steel
|inactive|Battle timer is ON: inactive players will automatically lose when time's up. (requested by ivaro_23)
|inactive|efmork has 60 seconds left.
|inactive|ivaro_23 has 60 seconds left.
|inactive|efmork has 30 seconds left.
|inactive|efmork has 20 seconds left.
|inactive|efmork has 15 seconds left.
|
|t:|1757712152
|teamsize|p1|4
|teamsize|p2|4
|start
|switch|p1a: Talonflame|Talonflame, L50, M, shiny|100/100
|switch|p1b: Annihilape|Annihilape, L50, M, shiny|100/100
|switch|p2a: Diddy|Incineroar, L50, M|100/100
|switch|p2b: Windows 7|Porygon2, L50|100/100
|-ability|p2b: Windows 7|Download|boost
|-boost|p2b: Windows 7|atk|1
|-ability|p2a: Diddy|Intimidate|boost
|-unboost|p1a: Talonflame|atk|1
|-unboost|p1b: Annihilape|atk|1
|-ability|p1b: Annihilape|Defiant|boost
|-boost|p1b: Annihilape|atk|2
|turn|1
|inactive|efmork has 30 seconds left.
|inactive|efmork has 20 seconds left.
|inactive|efmork has 15 seconds left.
|inactive|efmork has 10 seconds left.
|inactive|efmork has 5 seconds left.
|inactive|ivaro_23 has 30 seconds left.
|inactive|ivaro_23 has 20 seconds left.
|
|t:|1757712217
|move|p1a: Talonflame|Tailwind|p1a: Talonflame
|-sidestart|p1: efmork|move: Tailwind
|move|p1b: Annihilape|Bulk Up|p1b: Annihilape
|-boost|p1b: Annihilape|atk|1
|-boost|p1b: Annihilape|def|1
|move|p2a: Diddy|Flare Blitz|p1b: Annihilape
|-damage|p1b: Annihilape|63/100
|-damage|p2a: Diddy|87/100|[from] Recoil
|move|p2b: Windows 7|Trick Room|p2b: Windows 7
|-fieldstart|move: Trick Room|[of] p2b: Windows 7
|
|upkeep
|turn|2
|inactive|efmork has 30 seconds left.
|inactive|efmork has 20 seconds left.
|
|t:|1757712256
|switch|p1a: Ninetales|Ninetales-Alola, L50, M, shiny|100/100
|-weather|Snowscape|[from] ability: Snow Warning|[of] p1a: Ninetales
|move|p2b: Windows 7|Protect|p2b: Windows 7
|-singleturn|p2b: Windows 7|Protect
|move|p2a: Diddy|Parting Shot|p1a: Ninetales
|-unboost|p1a: Ninetales|atk|1
|-unboost|p1a: Ninetales|spa|1
|
|t:|1757712268
|switch|p2a: Amoonguss|Amoonguss, L50, F|100/100|[from] Parting Shot
|move|p1b: Annihilape|Drain Punch|p2b: Windows 7
|-activate|p2b: Windows 7|move: Protect
|
|-weather|Snowscape|[upkeep]
|upkeep
|turn|3
|inactive|efmork has 30 seconds left.
|inactive|ivaro_23 has 30 seconds left.
|inactive|efmork has 20 seconds left.
|inactive|efmork has 15 seconds left.
|inactive|ivaro_23 has 20 seconds left.
|
|t:|1757712311
|move|p2a: Amoonguss|Spore|p1a: Ninetales
|-status|p1a: Ninetales|slp|[from] move: Spore
|move|p2b: Windows 7|Tera Blast|p1a: Ninetales
|-damage|p1a: Ninetales|55/100 slp
|move|p1b: Annihilape|Drain Punch|p2b: Windows 7
|-supereffective|p2b: Windows 7
|-damage|p2b: Windows 7|0 fnt
|-heal|p1b: Annihilape|100/100|[from] drain|[of] p2b: Windows 7
|faint|p2b: Windows 7
|cant|p1a: Ninetales|slp
|
|-weather|Snowscape|[upkeep]
|upkeep
|
|t:|1757712324
|switch|p2b: Teddy Bear|Ursaluna, L50, M|100/100
|turn|4
|
|t:|1757712344
|switch|p1a: Talonflame|Talonflame, L50, M, shiny|100/100
|move|p1b: Annihilape|Protect|p1b: Annihilape
|-singleturn|p1b: Annihilape|Protect
|move|p2b: Teddy Bear|Headlong Rush|p1b: Annihilape
|-activate|p1b: Annihilape|move: Protect
|move|p2a: Amoonguss|Spore|p1b: Annihilape
|-activate|p1b: Annihilape|move: Protect
|
|-weather|Snowscape|[upkeep]
|-sideend|p1: efmork|move: Tailwind
|-status|p2b: Teddy Bear|brn|[from] item: Flame Orb
|upkeep
|turn|5
|inactive|efmork has 30 seconds left.
|inactive|efmork has 20 seconds left.
|inactive|efmork has 15 seconds left.
|
|t:|1757712391
|move|p1a: Talonflame|Dual Wingbeat|p2a: Amoonguss|[miss]
|-miss|p1a: Talonflame|p2a: Amoonguss
|move|p2b: Teddy Bear|Facade|p1a: Talonflame
|-damage|p1a: Talonflame|0 fnt
|faint|p1a: Talonflame
|move|p2a: Amoonguss|Spore|p1b: Annihilape
|-activate|p1b: Annihilape|item: Safety Goggles|Spore
|move|p1b: Annihilape|Drain Punch|p2b: Teddy Bear
|-supereffective|p2b: Teddy Bear
|-damage|p2b: Teddy Bear|0 fnt
|faint|p2b: Teddy Bear
|
|-weather|Snowscape|[upkeep]
|-fieldend|move: Trick Room
|upkeep
|
|t:|1757712411
|switch|p1a: Ninetales|Ninetales-Alola, L50, M, shiny|55/100 slp
|switch|p2b: Diddy|Incineroar, L50, M|87/100
|-ability|p2b: Diddy|Intimidate|boost
|-unboost|p1a: Ninetales|atk|1
|-unboost|p1b: Annihilape|atk|1
|-ability|p1b: Annihilape|Defiant|boost
|-boost|p1b: Annihilape|atk|2
|turn|6
|
|t:|1757712432
|-curestatus|p1a: Ninetales|slp|[msg]
|move|p1a: Ninetales|Blizzard|p2b: Diddy|[spread] p2a,p2b
|-supereffective|p2a: Amoonguss
|-resisted|p2b: Diddy
|-crit|p2b: Diddy
|-damage|p2a: Amoonguss|43/100
|-damage|p2b: Diddy|66/100
|-status|p2a: Amoonguss|frz
|-enditem|p2a: Amoonguss|Sitrus Berry|[eat]
|-heal|p2a: Amoonguss|68/100 frz|[from] item: Sitrus Berry
|move|p1b: Annihilape|Drain Punch|p2b: Diddy
|-supereffective|p2b: Diddy
|-damage|p2b: Diddy|0 fnt
|faint|p2b: Diddy
|cant|p2a: Amoonguss|frz
|
|-weather|none
|upkeep
|turn|7
|
|t:|1757712450
|move|p1a: Ninetales|Freeze-Dry|p2a: Amoonguss
|-supereffective|p2a: Amoonguss
|-damage|p2a: Amoonguss|21/100 frz
|move|p1b: Annihilape|Rage Fist|p2a: Amoonguss
|-damage|p2a: Amoonguss|0 fnt
|faint|p2a: Amoonguss
|
|win|efmork
|l|☆ivaro_23
|player|p2|
|inactive|efmork has 30 seconds to confirm battle start!
|inactive|ivaro_23 has 30 seconds to confirm battle start!
|l|☆efmork
|player|p1|
|inactive|efmork has 20 seconds to confirm battle start!
|inactive|ivaro_23 has 20 seconds to confirm battle start!
|inactive|efmork has 10 seconds to confirm battle start!
|inactive|ivaro_23 has 10 seconds to confirm battle start!
|uhtml|next|Next: Game 2 of 3
