|j|☆Slim Shady LPVGC
|j|☆nocturnallynoct
|html|Slim Shady LPVGCnocturnallynoct    
|uhtml|bestof|Game 1 of a best-of-3
|t:|1756674367
|gametype|doubles
|player|p1|Slim Shady LPVGC|cynthia|1150
|player|p2|nocturnallynoct|266|1094
|gen|9
|tier|[Gen 9] VGC 2025 Reg H (Bo3)
|rated|
|rule|Species Clause: Limit one of each Pokémon
|rule|Item Clause: Limit 1 of each item
|clearpoke
|poke|p1|Whimsicott, L50, M|
|poke|p1|Dragapult, L50, M|
|poke|p1|Gholdengo, L50|
|poke|p1|Sneasler, L50, M|
|poke|p1|Hydreigon, L50, F|
|poke|p1|Amoonguss, L50, F|
|poke|p2|Sneasler, L50, M|
|poke|p2|Indeedee, L50, M|
|poke|p2|Tyranitar, L50, M|
|poke|p2|Ursaluna-Bloodmoon, L50, M|
|poke|p2|Electabuzz, L50, M|
|poke|p2|Talonflame, L50, M|
|teampreview|4
|showteam|p1|Whimsicott||CovertCloak|Prankster|Moonblast,Tailwind,Encore,FakeTears|||M|||50|,,,,,Dark]Dragapult||ChoiceBand|ClearBody|DragonDarts,PhantomForce,SuckerPunch,Uturn|||M|||50|,,,,,Dragon]Gholdengo||MetalCoat|GoodasGold|Protect,MakeItRain,ShadowBall,NastyPlot||||||50|,,,,,Steel]Sneasler||WhiteHerb|Unburden|Protect,DireClaw,CloseCombat,FakeOut|||M|||50|,,,,,Stellar]Hydreigon||LifeOrb|Levitate|Protect,DracoMeteor,DarkPulse,EarthPower|||F|||50|,,,,,Ghost]Amoonguss||MentalHerb|Regenerator|Protect,RagePowder,PollenPuff,Spore|||F|||50|,,,,,Water
|showteam|p2|Sneasler||PsychicSeed|Unburden|DireClaw,CloseCombat,ThroatChop,Protect|||M|||50|,,,,,Dark]Indeedee||FocusSash|PsychicSurge|ExpandingForce,TeraBlast,Protect,TrickRoom|||M|||50|,,,,,Fighting]Tyranitar||AssaultVest|SandStream|RockSlide,KnockOff,LowKick,TeraBlast|||M|||50|,,,,,Flying]Ursaluna-Bloodmoon||LifeOrb|MindsEye|BloodMoon,HyperVoice,EarthPower,Protect|||M|||50|,,,,,Normal]Electabuzz||Eviolite|VitalSpirit|Electroweb,FollowMe,Taunt,Protect|||M|||50|,,,,,Dragon]Talonflame||CovertCloak|GaleWings|DualWingbeat,FlareBlitz,Tailwind,WillOWisp|||M|||50|,,,,,Fairy
|inactive|Battle timer is ON: inactive players will automatically lose when time's up. (requested by Slim Shady LPVGC)
|inactive|nocturnallynoct also wants the timer to be on.
|c|☆nocturnallynoct|glhf
|inactive|Slim Shady LPVGC has 60 seconds left.
|inactive|nocturnallynoct has 60 seconds left.
|inactive|nocturnallynoct has 30 seconds left.
|
|t:|1756674428
|teamsize|p1|4
|teamsize|p2|4
|start
|switch|p1a: Whimsicott|Whimsicott, L50, M|100/100
|switch|p1b: Dragapult|Dragapult, L50, M|100/100
|switch|p2a: Talonflame|Talonflame, L50, M|100/100
|switch|p2b: Ursaluna|Ursaluna-Bloodmoon, L50, M|100/100
|turn|1
|inactive|Slim Shady LPVGC has 30 seconds left.
|inactive|Slim Shady LPVGC has 20 seconds left.
|
|t:|1756674467
|-terastallize|p1b: Dragapult|Dragon
|-terastallize|p2a: Talonflame|Fairy
|move|p2b: Ursaluna|Protect|p2b: Ursaluna
|-singleturn|p2b: Ursaluna|Protect
|move|p1a: Whimsicott|Tailwind|p1a: Whimsicott
|-sidestart|p1: Slim Shady LPVGC|move: Tailwind
|move|p1b: Dragapult|Dragon Darts|p2a: Talonflame
|-immune|p2a: Talonflame
|move|p2a: Talonflame|Will-O-Wisp|p1b: Dragapult
|-status|p1b: Dragapult|brn
|
|-damage|p1b: Dragapult|94/100 brn|[from] brn
|upkeep
|turn|2
|inactive|nocturnallynoct has 30 seconds left.
|
|t:|1756674501
|switch|p1b: Sneasler|Sneasler, L50, M|100/100
|move|p1a: Whimsicott|Encore|p2a: Talonflame
|-start|p2a: Talonflame|Encore
|move|p2a: Talonflame|Will-O-Wisp|p1a: Whimsicott|[miss]
|-miss|p2a: Talonflame|p1a: Whimsicott
|move|p2b: Ursaluna|Blood Moon|p1b: Sneasler
|-damage|p1b: Sneasler|0 fnt
|faint|p1b: Sneasler
|-damage|p2b: Ursaluna|90/100|[from] item: Life Orb
|
|upkeep
|
|t:|1756674521
|switch|p1b: Hydreigon|Hydreigon, L50, F|100/100
|turn|3
|inactive|Slim Shady LPVGC has 30 seconds left.
|
|t:|1756674553
|switch|p2a: Indeedee|Indeedee, L50, M|100/100
|-fieldstart|move: Psychic Terrain|[from] ability: Psychic Surge|[of] p2a: Indeedee
|switch|p2b: Sneasler|Sneasler, L50, M|100/100
|-enditem|p2b: Sneasler|Psychic Seed
|-boost|p2b: Sneasler|spd|1|[from] item: Psychic Seed
|move|p1a: Whimsicott|Moonblast|p2a: Indeedee
|-damage|p2a: Indeedee|52/100
|move|p1b: Hydreigon|Dark Pulse|p2a: Indeedee
|-supereffective|p2a: Indeedee
|-damage|p2a: Indeedee|0 fnt
|faint|p2a: Indeedee
|-damage|p1b: Hydreigon|91/100|[from] item: Life Orb
|
|upkeep
|
|t:|1756674572
|switch|p2a: Talonflame|Talonflame, L50, M, tera:Fairy|100/100
|turn|4
|inactive|nocturnallynoct has 30 seconds left.
|
|t:|1756674606
|switch|p1a: Dragapult|Dragapult, L50, M, tera:Dragon|94/100 brn
|move|p2a: Talonflame|Tailwind|p2a: Talonflame
|-sidestart|p2: nocturnallynoct|move: Tailwind
|move|p2b: Sneasler|Dire Claw|p1a: Dragapult
|-damage|p1a: Dragapult|31/100 brn
|move|p1b: Hydreigon|Earth Power|p2b: Sneasler
|-supereffective|p2b: Sneasler
|-damage|p2b: Sneasler|22/100
|-damage|p1b: Hydreigon|81/100|[from] item: Life Orb
|
|-damage|p1a: Dragapult|25/100 brn|[from] brn
|-sideend|p1: Slim Shady LPVGC|move: Tailwind
|upkeep
|turn|5
|inactive|Slim Shady LPVGC has 30 seconds left.
|inactive|nocturnallynoct has 30 seconds left.
|
|t:|1756674640
|move|p2a: Talonflame|Dual Wingbeat|p1a: Dragapult
|-activate|p1a: Dragapult|move: Psychic Terrain
|move|p2b: Sneasler|Close Combat|p1b: Hydreigon
|-supereffective|p1b: Hydreigon
|-damage|p1b: Hydreigon|0 fnt
|-unboost|p2b: Sneasler|def|1
|-unboost|p2b: Sneasler|spd|1
|faint|p1b: Hydreigon
|move|p1a: Dragapult|Dragon Darts|p2b: Sneasler
|-damage|p2b: Sneasler|0 fnt
|faint|p2b: Sneasler
|
|-damage|p1a: Dragapult|19/100 brn|[from] brn
|upkeep
|
|t:|1756674653
|switch|p2b: Ursaluna|Ursaluna-Bloodmoon, L50, M|90/100
|switch|p1b: Whimsicott|Whimsicott, L50, M|100/100
|turn|6
|
|t:|1756674675
|move|p1b: Whimsicott|Tailwind|p1b: Whimsicott
|-sidestart|p1: Slim Shady LPVGC|move: Tailwind
|move|p1a: Dragapult|Dragon Darts|p2b: Ursaluna
|-damage|p2b: Ursaluna|70/100
|-anim|p1a: Dragapult|Dragon Darts|p2b: Ursaluna
|-damage|p2b: Ursaluna|51/100
|move|p2a: Talonflame|Flare Blitz|p1b: Whimsicott
|-supereffective|p1b: Whimsicott
|-crit|p1b: Whimsicott
|-damage|p1b: Whimsicott|0 fnt
|faint|p1b: Whimsicott
|-damage|p2a: Talonflame|74/100|[from] Recoil
|move|p2b: Ursaluna|Hyper Voice|p1a: Dragapult
|-damage|p1a: Dragapult|0 fnt
|faint|p1a: Dragapult
|-damage|p2b: Ursaluna|41/100|[from] item: Life Orb
|
|win|nocturnallynoct
||Slim Shady LPVGC is ready for game 2.
|inactive|nocturnallynoct has 30 seconds to confirm battle start!
||nocturnallynoct is ready for game 2.
|uhtml|next|Next: Game 2 of 3
|l|☆Slim Shady LPVGC
|player|p1|
