|j|☆miguelitocalidoso
|j|☆furretusedpunch
|html|miguelitocalidosofurretusedpunch    
|uhtml|bestof|Game 1 of a best-of-3
|t:|1757805036
|gametype|doubles
|player|p1|miguelitocalidoso|hilda|1276
|player|p2|furretusedpunch|lacey|1324
|gen|9
|tier|[Gen 9] VGC 2025 Reg H (Bo3)
|rated|
|rule|Species Clause: Limit one of each Pokémon
|rule|Item Clause: Limit 1 of each item
|clearpoke
|poke|p1|Baxcalibur, L50, F|
|poke|p1|Dondozo, L50, M|
|poke|p1|Kingambit, L50, M|
|poke|p1|Rillaboom, L50, M|
|poke|p1|Sneasler, L50, F|
|poke|p1|Volcarona, L50, M|
|poke|p2|Gholdengo, L50|
|poke|p2|Sneasler, L50, M|
|poke|p2|Rillaboom, L50, F|
|poke|p2|Dragonite, L50, M|
|poke|p2|Ninetales-Alola, L50, F|
|poke|p2|Incineroar, L50, F|
|teampreview|4
|showteam|p1|Baxcalibur||LoadedDice|ThermalExchange|Protect,IcicleSpear,ScaleShot,IceShard|||F|||50|,,,,,Ghost]Dondozo||Leftovers|Unaware|Protect,Liquidation,Yawn,Fissure|||M|||50|,,,,,Poison]Kingambit||SafetyGoggles|Defiant|Protect,KowtowCleave,SuckerPunch,SwordsDance|||M|||50|,,,,,Ghost]Rillaboom||AssaultVest|GrassySurge|WoodHammer,GrassyGlide,FakeOut,HighHorsepower|||M|||50|,,,,,Water]Sneasler||FocusSash|Unburden|Protect,CloseCombat,DireClaw,Coaching|||F|||50|,,,,,Stellar]Volcarona||CovertCloak|FlameBody|HeatWave,TeraBlast,QuiverDance,RagePowder|||M|||50|,,,,,Fairy
|showteam|p2|Gholdengo||LifeOrb|GoodasGold|NastyPlot,MakeItRain,ShadowBall,Protect||||||50|,,,,,Water]Sneasler||WhiteHerb|Unburden|CloseCombat,DireClaw,Coaching,Protect|||M|||50|,,,,,Ghost]Rillaboom||AssaultVest|GrassySurge|FakeOut,GrassyGlide,DrumBeating,HighHorsepower|||F|||50|,,,,,Fire]Dragonite||LoadedDice|Multiscale|ScaleShot,StompingTantrum,Tailwind,Protect|||M|||50|,,,,,Ground]Ninetales-Alola||FocusSash|SnowWarning|IcyWind,Encore,FreezeDry,Blizzard|||F|||50|,,,,,Ghost]Incineroar||SitrusBerry|Intimidate|FlareBlitz,KnockOff,FakeOut,PartingShot|||F|||50|,,,,,Ghost
|
|t:|1757805112
|teamsize|p1|4
|teamsize|p2|4
|start
|switch|p1a: Kingambit|Kingambit, L50, M|100/100
|switch|p1b: Volcarona|Volcarona, L50, M|100/100
|switch|p2a: Sneasler|Sneasler, L50, M|100/100
|switch|p2b: Dragonite|Dragonite, L50, M|100/100
|turn|1
|inactive|Battle timer is ON: inactive players will automatically lose when time's up. (requested by miguelitocalidoso)
|
|t:|1757805155
|move|p2a: Sneasler|Coaching|p2b: Dragonite
|-boost|p2b: Dragonite|atk|1
|-boost|p2b: Dragonite|def|1
|move|p1b: Volcarona|Quiver Dance|p1b: Volcarona
|-boost|p1b: Volcarona|spa|1
|-boost|p1b: Volcarona|spd|1
|-boost|p1b: Volcarona|spe|1
|move|p2b: Dragonite|Scale Shot|p1b: Volcarona
|-damage|p1b: Volcarona|75/100
|-damage|p1b: Volcarona|49/100
|-damage|p1b: Volcarona|24/100
|-damage|p1b: Volcarona|0 fnt
|faint|p1b: Volcarona
|-hitcount|p1: Volcarona|4
|-unboost|p2b: Dragonite|def|1
|-boost|p2b: Dragonite|spe|1
|move|p1a: Kingambit|Swords Dance|p1a: Kingambit
|-boost|p1a: Kingambit|atk|2
|
|upkeep
|
|t:|1757805164
|switch|p1b: Baxcalibur|Baxcalibur, L50, F|100/100
|turn|2
|inactive|furretusedpunch has 30 seconds left.
|
|t:|1757805197
|-terastallize|p1b: Baxcalibur|Ghost
|move|p2b: Dragonite|Protect|p2b: Dragonite
|-singleturn|p2b: Dragonite|Protect
|move|p2a: Sneasler|Protect|p2a: Sneasler
|-singleturn|p2a: Sneasler|Protect
|move|p1b: Baxcalibur|Ice Shard|p2a: Sneasler
|-activate|p2a: Sneasler|move: Protect
|move|p1a: Kingambit|Sucker Punch||[still]
|-fail|p1a: Kingambit
|
|upkeep
|turn|3
|inactive|furretusedpunch has 30 seconds left.
|
|t:|1757805227
|-terastallize|p2b: Dragonite|Ground
|move|p1b: Baxcalibur|Ice Shard|p2b: Dragonite
|-supereffective|p2b: Dragonite
|-damage|p2b: Dragonite|76/100
|move|p1a: Kingambit|Sucker Punch|p2b: Dragonite
|-damage|p2b: Dragonite|0 fnt
|faint|p2b: Dragonite
|move|p2a: Sneasler|Coaching|p2: Dragonite|[notarget]
|-fail|p2a: Sneasler
|
|upkeep
|
|t:|1757805244
|switch|p2b: Ninetales|Ninetales-Alola, L50, F|100/100
|-weather|Snowscape|[from] ability: Snow Warning|[of] p2b: Ninetales
|turn|4
|inactive|miguelitocalidoso has 30 seconds left.
|
|t:|1757805271
|move|p1a: Kingambit|Sucker Punch|p2a: Sneasler
|-resisted|p2a: Sneasler
|-damage|p2a: Sneasler|52/100
|move|p2b: Ninetales|Encore|p1b: Baxcalibur
|-start|p1b: Baxcalibur|Encore
|move|p2a: Sneasler|Close Combat|p1a: Kingambit
|-supereffective|p1a: Kingambit
|-damage|p1a: Kingambit|0 fnt
|-unboost|p2a: Sneasler|def|1
|-unboost|p2a: Sneasler|spd|1
|faint|p1a: Kingambit
|-enditem|p2a: Sneasler|White Herb
|-clearnegativeboost|p2a: Sneasler|[silent]
|move|p1b: Baxcalibur|Ice Shard|p2b: Ninetales
|-resisted|p2b: Ninetales
|-damage|p2b: Ninetales|88/100
|
|-weather|Snowscape|[upkeep]
|upkeep
|
|t:|1757805285
|switch|p1a: Sneasler|Sneasler, L50, F|100/100
|turn|5
|inactive|furretusedpunch has 30 seconds left.
|inactive|furretusedpunch has 20 seconds left.
|inactive|furretusedpunch has 15 seconds left.
|inactive|furretusedpunch has 10 seconds left.
|
|t:|1757805334
|move|p1b: Baxcalibur|Ice Shard|p2a: Sneasler
|-damage|p2a: Sneasler|18/100
|move|p2a: Sneasler|Dire Claw|p1a: Sneasler
|-resisted|p1a: Sneasler
|-damage|p1a: Sneasler|67/100
|move|p1a: Sneasler|Dire Claw|p2b: Ninetales
|-supereffective|p2b: Ninetales
|-damage|p2b: Ninetales|7/100
|-status|p2b: Ninetales|psn
|move|p2b: Ninetales|Blizzard|p1b: Baxcalibur|[spread] p1a,p1b
|-damage|p1a: Sneasler|22/100
|-damage|p1b: Baxcalibur|68/100
|
|-weather|Snowscape|[upkeep]
|-damage|p2b: Ninetales|0 fnt|[from] psn
|faint|p2b: Ninetales
|upkeep
|
|t:|1757805343
|switch|p2b: Incineroar|Incineroar, L50, F|100/100
|-ability|p2b: Incineroar|Intimidate|boost
|-unboost|p1a: Sneasler|atk|1
|-unboost|p1b: Baxcalibur|atk|1
|turn|6
|inactive|furretusedpunch has 30 seconds left.
|
|t:|1757805370
|move|p2a: Sneasler|Protect|p2a: Sneasler
|-singleturn|p2a: Sneasler|Protect
|move|p1b: Baxcalibur|Ice Shard|p2a: Sneasler
|-activate|p2a: Sneasler|move: Protect
|move|p1a: Sneasler|Close Combat|p2b: Incineroar
|-supereffective|p2b: Incineroar
|-damage|p2b: Incineroar|16/100
|-unboost|p1a: Sneasler|def|1
|-unboost|p1a: Sneasler|spd|1
|-enditem|p2b: Incineroar|Sitrus Berry|[eat]
|-heal|p2b: Incineroar|41/100|[from] item: Sitrus Berry
|move|p2b: Incineroar|Knock Off|p1b: Baxcalibur
|-supereffective|p1b: Baxcalibur
|-damage|p1b: Baxcalibur|0 fnt
|-enditem|p1b: Baxcalibur|Loaded Dice|[from] move: Knock Off|[of] p2b: Incineroar
|faint|p1b: Baxcalibur
|
|-weather|Snowscape|[upkeep]
|upkeep
|turn|7
|-message|miguelitocalidoso forfeited.
|
|win|furretusedpunch
