|j|☆Gurrasnurra5
|j|☆Ethan's Bleakmiss
|html|Gurrasnurra5Ethan's Bleakmiss    
|uhtml|bestof|Game 2 of a best-of-3
|t:|1784733329
|gametype|doubles
|player|p1|Gurrasnurra5|101|1246
|player|p2|Ethan's Bleakmiss|unknown|1130
|gen|9
|tier|[Gen 9 Champions] VGC 2026 Reg M-B (Bo3)
|rated|
|rule|Species Clause: Limit one of each Pokémon
|rule|Item Clause: Limit 1 of each item
|clearpoke
|poke|p1|Whimsicott, L50, F|
|poke|p1|Floette-Eternal, L50, F|
|poke|p1|Hydreigon, L50, M|
|poke|p1|Incineroar, L50, M|
|poke|p1|Gholdengo, L50|
|poke|p1|Sneasler, L50, F|
|poke|p2|Blaziken, L50, M|
|poke|p2|Ninetales-Alola, L50, F|
|poke|p2|Kingambit, L50, F|
|poke|p2|Lycanroc-Dusk, L50, F, shiny|
|poke|p2|Venusaur, L50, M, shiny|
|poke|p2|Clefable, L50, F, shiny|
|teampreview|4
|showteam|p1|Whimsicott||FairyFeather|Prankster|Moonblast,Encore,Tailwind,Protect|Timid||F|||50|]Floette-Eternal||Floettite|FlowerVeil|Moonblast,DazzlingGleam,CalmMind,Protect|Timid||F|||50|]Hydreigon||ChoiceScarf|Levitate|DracoMeteor,Snarl,EarthPower,DarkPulse|Modest||M|||50|]Incineroar||SitrusBerry|Intimidate|FakeOut,PartingShot,FlareBlitz,ThroatChop|Careful||M|||50|]Gholdengo||FocusSash|GoodasGold|MakeItRain,ShadowBall,PowerGem,Protect|Modest|||||50|]Sneasler||LifeOrb|PoisonTouch|FakeOut,CloseCombat,DireClaw,Protect|Jolly||F|||50|
|showteam|p2|Blaziken||Blazikenite|SpeedBoost|CloseCombat,FlareBlitz,StoneEdge,Detect|Adamant||M|||50|]Ninetales-Alola||NeverMeltIce|SnowWarning|Blizzard,FreezeDry,Encore,Protect|Timid||F|||50|]Kingambit||LifeOrb|Defiant|SuckerPunch,KowtowCleave,IronHead,Protect|Adamant||F|||50|]Lycanroc-Dusk||FocusSash|ToughClaws|Accelerock,SwordsDance,Protect,RockSlide|Jolly||F|||50|]Venusaur||Venusaurite|Chlorophyll|SleepPowder,EnergyBall,SludgeBomb,Protect|Modest||M|||50|]Clefable||SitrusBerry|MagicGuard|Protect,FollowMe,HelpingHand,Moonblast|Bold||F|||50|
|inactive|Battle timer is ON: inactive players will automatically lose when time's up. (requested by Ethan's Bleakmiss)
|inactive|Ethan's Bleakmiss has 60 seconds left.
|
|t:|1784733380
|teamsize|p1|4
|teamsize|p2|4
|start
|switch|p1a: Sneasler|Sneasler, L50, F|100/100
|switch|p1b: Floette|Floette-Eternal, L50, F|100/100
|switch|p2a: Venusaur|Venusaur, L50, M, shiny|100/100
|switch|p2b: Kingambit|Kingambit, L50, F|100/100
|turn|1
|
|t:|1784733399
|detailschange|p1b: Floette|Floette-Mega, L50, F
|-mega|p1b: Floette|Floette|Floettite
|-ability|p1b: Floette|Fairy Aura
|move|p1a: Sneasler|Protect|p1a: Sneasler
|-singleturn|p1a: Sneasler|Protect
|move|p1b: Floette|Protect|p1b: Floette
|-singleturn|p1b: Floette|Protect
|move|p2a: Venusaur|Sleep Powder|p1b: Floette
|-activate|p1b: Floette|move: Protect
|move|p2b: Kingambit|Iron Head|p1b: Floette
|-activate|p1b: Floette|move: Protect
|
|upkeep
|turn|2
|
|t:|1784733417
|move|p2b: Kingambit|Protect|p2b: Kingambit
|-singleturn|p2b: Kingambit|Protect
|move|p1a: Sneasler|Close Combat|p2b: Kingambit
|-activate|p2b: Kingambit|move: Protect
|move|p1b: Floette|Calm Mind|p1b: Floette
|-boost|p1b: Floette|spa|1
|-boost|p1b: Floette|spd|1
|move|p2a: Venusaur|Sleep Powder|p1b: Floette
|-status|p1b: Floette|slp|[from] move: Sleep Powder
|
|upkeep
|turn|3
|
|t:|1784733436
|switch|p2b: Lycanroc|Lycanroc-Dusk, L50, F, shiny|100/100
|move|p1a: Sneasler|Close Combat|p2b: Lycanroc
|-supereffective|p2b: Lycanroc|1
|-enditem|p2b: Lycanroc|Focus Sash
|-damage|p2b: Lycanroc|1/100
|-unboost|p1a: Sneasler|def|1
|-unboost|p1a: Sneasler|spd|1
|-damage|p1a: Sneasler|90/100|[from] item: Life Orb
|cant|p1b: Floette|slp
|move|p2a: Venusaur|Sludge Bomb|p1b: Floette
|-supereffective|p1b: Floette|1
|-damage|p1b: Floette|60/100 slp
|
|upkeep
|turn|4
|inactive|Gurrasnurra5 has 30 seconds left.
|inactive|Ethan's Bleakmiss has 30 seconds left.
|inactive|Ethan's Bleakmiss has 20 seconds left.
|
|t:|1784733474
|move|p2b: Lycanroc|Accelerock|p1b: Floette
|-damage|p1b: Floette|36/100 slp
|move|p1a: Sneasler|Dire Claw|p2a: Venusaur
|-damage|p2a: Venusaur|31/100
|-damage|p1a: Sneasler|81/100|[from] item: Life Orb
|-curestatus|p1b: Floette|slp|[msg]
|move|p1b: Floette|Dazzling Gleam|p2a: Venusaur|[spread] p2a,p2b
|-resisted|p2a: Venusaur|1
|-damage|p2a: Venusaur|3/100
|-damage|p2b: Lycanroc|0 fnt
|faint|p2b: Lycanroc
|move|p2a: Venusaur|Sludge Bomb|p1b: Floette
|-supereffective|p1b: Floette|1
|-damage|p1b: Floette|0 fnt
|faint|p1b: Floette
|
|upkeep
|
|t:|1784733494
|switch|p2b: Blaziken|Blaziken, L50, M|100/100
|switch|p1b: Whimsicott|Whimsicott, L50, F|100/100
|turn|5
|
|t:|1784733515
|detailschange|p2b: Blaziken|Blaziken-Mega, L50, M
|-mega|p2b: Blaziken|Blaziken|Blazikenite
|move|p1a: Sneasler|Close Combat|p2b: Blaziken
|-damage|p2b: Blaziken|0 fnt
|-unboost|p1a: Sneasler|def|1
|-unboost|p1a: Sneasler|spd|1
|faint|p2b: Blaziken
|-damage|p1a: Sneasler|71/100|[from] item: Life Orb
|move|p1b: Whimsicott|Moonblast|p2a: Venusaur
|-resisted|p2a: Venusaur|1
|-damage|p2a: Venusaur|0 fnt
|faint|p2a: Venusaur
|
|upkeep
|
|t:|1784733527
|switch|p2b: Kingambit|Kingambit, L50, F|100/100
|turn|6
|
|t:|1784733534
|move|p2b: Kingambit|Sucker Punch|p1a: Sneasler
|-resisted|p1a: Sneasler|1
|-damage|p1a: Sneasler|0 fnt
|faint|p1a: Sneasler
|-damage|p2b: Kingambit|90/100|[from] item: Life Orb
|move|p1b: Whimsicott|Moonblast|p2b: Kingambit
|-damage|p2b: Kingambit|46/100
|
|upkeep
|
|t:|1784733538
|switch|p1a: Gholdengo|Gholdengo, L50|100/100
|turn|7
|
|t:|1784733548
|move|p1b: Whimsicott|Moonblast|p2b: Kingambit
|-damage|p2b: Kingambit|8/100
|move|p1a: Gholdengo|Shadow Ball|p2b: Kingambit
|-resisted|p2b: Kingambit|1
|-damage|p2b: Kingambit|0 fnt
|faint|p2b: Kingambit
|
|win|Gurrasnurra5
|raw|Gurrasnurra5's rating: 1246 → 1263(+17 for winning)
|raw|Ethan's Bleakmiss's rating: 1130 → 1113(-17 for losing)
