|j|☆ToastedArt
|j|☆Abhi504
|html|ToastedArtAbhi504    
|uhtml|bestof|Game 1 of a best-of-3
|t:|1785609931
|gametype|doubles
|player|p1|ToastedArt|iris|1033
|player|p2|Abhi504|102|1104
|gen|9
|tier|[Gen 9 Champions] VGC 2026 Reg M-B (Bo3)
|rated|
|rule|Species Clause: Limit one of each Pokémon
|rule|Item Clause: Limit 1 of each item
|clearpoke
|poke|p1|Pidgeot, L50, F|
|poke|p1|Gholdengo, L50|
|poke|p1|Sneasler, L50, F|
|poke|p1|Incineroar, L50, M|
|poke|p1|Sinistcha, L50|
|poke|p1|Blastoise, L50, F|
|poke|p2|Pelipper, L50, M|
|poke|p2|Swampert, L50, F|
|poke|p2|Archaludon, L50, F|
|poke|p2|Ditto, L50|
|poke|p2|Staraptor, L50, M|
|poke|p2|Grimmsnarl, L50, M|
|teampreview|4
|showteam|p1|Pidgeot||Pidgeotite|BigPecks|Hurricane,Tailwind,HeatWave,Protect|Modest||F|||50|]Gholdengo||LifeOrb|GoodasGold|MakeItRain,ShadowBall,NastyPlot,Protect|Modest|||||50|]Sneasler||FocusSash|PoisonTouch|CloseCombat,PoisonJab,FakeOut,Protect|Jolly||F|||50|]Incineroar||SitrusBerry|Intimidate|FlareBlitz,DarkestLariat,PartingShot,FakeOut|Impish||M|||50|]Sinistcha||OccaBerry|Hospitality|MatchaGotcha,RagePowder,TrickRoom,Protect|Relaxed|||||50|]Blastoise||Blastoisinite|Torrent|WaterSpout,DarkPulse,ShellSmash,Protect|Modest||F|||50|
|showteam|p2|Pelipper||FocusSash|Drizzle|Hurricane,WeatherBall,Protect,WideGuard|Bold||M|||50|]Swampert||Swampertite|Torrent|WaveCrash,IcePunch,Earthquake,Protect|Adamant||F|||50|]Archaludon||LifeOrb|Stamina|ElectroShot,FlashCannon,Protect,DragonPulse|Timid||F|||50|]Ditto||SitrusBerry|Imposter|Transform|Bold|||||50|]Staraptor||Staraptite|Intimidate|Protect,Tailwind,CloseCombat,BraveBird|Jolly||M|||50|]Grimmsnarl||LightClay|Prankster|LightScreen,PartingShot,Reflect,SpiritBreak|Adamant||M|||50|
|inactive|Battle timer is ON: inactive players will automatically lose when time's up. (requested by ToastedArt)
|inactive|Abhi504 has 60 seconds left.
|
|t:|1785609966
|teamsize|p1|4
|teamsize|p2|4
|start
|switch|p1a: Sneasler|Sneasler, L50, F|100/100
|switch|p1b: Blastoise|Blastoise, L50, F|100/100
|switch|p2a: Grimmsnarl|Grimmsnarl, L50, M|100/100
|switch|p2b: Staraptor|Staraptor, L50, M|100/100
|-ability|p2b: Staraptor|Intimidate|boost
|-unboost|p1a: Sneasler|atk|1
|-unboost|p1b: Blastoise|atk|1
|turn|1
|inactive|Abhi504 has 30 seconds left.
|inactive|Abhi504 has 20 seconds left.
|
|t:|1785610006
|detailschange|p2b: Staraptor|Staraptor-Mega, L50, M
|-mega|p2b: Staraptor|Staraptor|Staraptite
|detailschange|p1b: Blastoise|Blastoise-Mega, L50, F
|-mega|p1b: Blastoise|Blastoise|Blastoisinite
|move|p1a: Sneasler|Fake Out|p2b: Staraptor
|-damage|p2b: Staraptor|90/100
|-status|p2b: Staraptor|psn|[from] ability: Poison Touch|[of] p1a: Sneasler
|move|p2a: Grimmsnarl|Light Screen|p2a: Grimmsnarl
|-sidestart|p2: Abhi504|move: Light Screen
|cant|p2b: Staraptor|flinch
|move|p1b: Blastoise|Shell Smash|p1b: Blastoise
|-unboost|p1b: Blastoise|def|1
|-unboost|p1b: Blastoise|spd|1
|-boost|p1b: Blastoise|atk|2
|-boost|p1b: Blastoise|spa|2
|-boost|p1b: Blastoise|spe|2
|
|-damage|p2b: Staraptor|77/100 psn|[from] psn
|upkeep
|turn|2
|inactive|Abhi504 has 30 seconds left.
|
|t:|1785610037
|switch|p1a: Incineroar|Incineroar, L50, M|100/100
|-ability|p1a: Incineroar|Intimidate|boost
|-unboost|p2a: Grimmsnarl|atk|1
|-boost|p2b: Staraptor|atk|1
|move|p1b: Blastoise|Protect|p1b: Blastoise
|-singleturn|p1b: Blastoise|Protect
|move|p2b: Staraptor|Protect|p2b: Staraptor
|-singleturn|p2b: Staraptor|Protect
|move|p2a: Grimmsnarl|Parting Shot|p2b: Staraptor
|-activate|p2b: Staraptor|move: Protect
|
|-damage|p2b: Staraptor|65/100 psn|[from] psn
|upkeep
|turn|3
|inactive|Abhi504 has 30 seconds left.
|
|t:|1785610071
|move|p2b: Staraptor|Protect||[still]
|-fail|p2b: Staraptor
|move|p1a: Incineroar|Fake Out|p2a: Grimmsnarl
|-damage|p2a: Grimmsnarl|86/100
|move|p1b: Blastoise|Water Spout|p2b: Staraptor|[spread] p2a,p2b
|-damage|p2a: Grimmsnarl|0 fnt
|-damage|p2b: Staraptor|0 fnt
|faint|p2a: Grimmsnarl
|faint|p2b: Staraptor
|
|upkeep
|
|t:|1785610081
|switch|p2b: Archaludon|Archaludon, L50, F|100/100
|switch|p2a: Ditto|Ditto, L50|100/100
|-transform|p2a: Ditto|p1b: Blastoise|[from] ability: Imposter
|turn|4
|inactive|Abhi504 has 30 seconds left.
|
|t:|1785610115
|switch|p1a: Sinistcha|Sinistcha, L50|100/100
|move|p2a: Ditto|Water Spout|p1b: Blastoise|[spread] p1a,p1b
|-resisted|p1a: Sinistcha|1
|-resisted|p1b: Blastoise|1
|-damage|p1a: Sinistcha|37/100
|-damage|p1b: Blastoise|14/100
|move|p1b: Blastoise|Water Spout|p2b: Archaludon|[spread] p2a,p2b
|-resisted|p2a: Ditto|1
|-resisted|p2b: Archaludon|1
|-damage|p2a: Ditto|90/100
|-damage|p2b: Archaludon|91/100
|-ability|p2b: Archaludon|Stamina|boost
|-boost|p2b: Archaludon|def|1
|move|p2b: Archaludon|Dragon Pulse|p1b: Blastoise
|-damage|p1b: Blastoise|0 fnt
|faint|p1b: Blastoise
|-damage|p2b: Archaludon|82/100|[from] item: Life Orb
|
|upkeep
|
|t:|1785610125
|switch|p1b: Sneasler|Sneasler, L50, F|100/100
|turn|5
|-message|ToastedArt forfeited.
|
|win|Abhi504
