|j|☆Lord_of_Ewoks
|j|☆soulmoonvgc
|html|Lord_of_Ewokssoulmoonvgc    
|uhtml|bestof|Game 1 of a best-of-3
|t:|1782759094
|gametype|doubles
|player|p1|Lord_of_Ewoks|lass-gen4|1127
|player|p2|soulmoonvgc|marshal|1117
|gen|9
|tier|[Gen 9 Champions] VGC 2026 Reg M-B (Bo3)
|rated|
|rule|Species Clause: Limit one of each Pokémon
|rule|Item Clause: Limit 1 of each item
|clearpoke
|poke|p1|Cofagrigus, L50, M|
|poke|p1|Sinistcha, L50|
|poke|p1|Mawile, L50, M|
|poke|p1|Primarina, L50, F|
|poke|p1|Incineroar, L50, F|
|poke|p1|Garganacl, L50, F|
|poke|p2|Aerodactyl, L50, M|
|poke|p2|Scovillain, L50, F|
|poke|p2|Gholdengo, L50|
|poke|p2|Sneasler, L50, M|
|poke|p2|Basculegion, L50, M|
|poke|p2|Garchomp, L50, M|
|teampreview|4
|showteam|p1|Cofagrigus||Leftovers|Mummy|Hex,WillOWisp,TrickRoom,Protect|Sassy||M|||50|]Sinistcha||SitrusBerry|Hospitality|MatchaGotcha,LifeDew,TrickRoom,Protect|Bold|||||50|]Mawile||Mawilite|Intimidate|IronHead,PlayRough,SuckerPunch,Protect|Adamant||M|||50|]Primarina||MysticWater|LiquidVoice|HyperVoice,Moonblast,EnergyBall,Protect|Modest||F|||50|]Incineroar||Charcoal|Intimidate|FakeOut,FlareBlitz,DarkestLariat,PartingShot|Adamant||F|||50|]Garganacl||FocusSash|PurifyingSalt|SaltCure,BodyPress,Recover,Protect|Relaxed||F|||50|
|showteam|p2|Aerodactyl||Aerodactylite|Unnerve|DualWingbeat,Tailwind,RockSlide,Protect|Jolly||M|||50|]Scovillain||Scovillainite|Moody|Overheat,LeechSeed,RagePowder,Protect|Calm||F|||50|]Gholdengo||LifeOrb|GoodasGold|MakeItRain,ShadowBall,NastyPlot,Protect|Modest|||||50|]Sneasler||FocusSash|Unburden|CloseCombat,DireClaw,FakeOut,QuickGuard|Jolly||M|||50|]Basculegion||ChoiceScarf|Adaptability|WaveCrash,FlipTurn,LastRespects,AquaJet|Jolly||M|||50|]Garchomp||ExpertBelt|RoughSkin|Earthquake,DragonClaw,RockSlide,Protect|Jolly||M|||50|
|inactive|Battle timer is ON: inactive players will automatically lose when time's up. (requested by soulmoonvgc)
|inactive|Lord_of_Ewoks has 60 seconds left.
|
|t:|1782759137
|teamsize|p1|4
|teamsize|p2|4
|start
|switch|p1a: Cofagrigus|Cofagrigus, L50, M|100/100
|switch|p1b: Incineroar|Incineroar, L50, F|100/100
|switch|p2a: Scovillain|Scovillain, L50, F|100/100
|switch|p2b: Gholdengo|Gholdengo, L50|100/100
|-ability|p1b: Incineroar|Intimidate|boost
|-unboost|p2a: Scovillain|atk|1
|-unboost|p2b: Gholdengo|atk|1
|turn|1
|
|t:|1782759150
|move|p2b: Gholdengo|Protect|p2b: Gholdengo
|-singleturn|p2b: Gholdengo|Protect
|move|p2a: Scovillain|Protect|p2a: Scovillain
|-singleturn|p2a: Scovillain|Protect
|move|p1b: Incineroar|Flare Blitz|p2b: Gholdengo
|-activate|p2b: Gholdengo|move: Protect
|move|p1a: Cofagrigus|Trick Room|p1a: Cofagrigus
|-fieldstart|move: Trick Room|[of] p1a: Cofagrigus
|
|-ability|p2a: Scovillain|Moody|boost
|-boost|p2a: Scovillain|spa|2
|-unboost|p2a: Scovillain|def|1
|upkeep
|turn|2
|
|t:|1782759170
|detailschange|p2a: Scovillain|Scovillain-Mega, L50, F
|-mega|p2a: Scovillain|Scovillain|Scovillainite
|move|p1a: Cofagrigus|Protect|p1a: Cofagrigus
|-singleturn|p1a: Cofagrigus|Protect
|move|p2a: Scovillain|Rage Powder|p2a: Scovillain
|-singleturn|p2a: Scovillain|move: Rage Powder
|move|p1b: Incineroar|Parting Shot|p2a: Scovillain
|-unboost|p2a: Scovillain|atk|1
|-unboost|p2a: Scovillain|spa|1
|
|t:|1782759177
|switch|p1b: Primarina|Primarina, L50, F|100/100|[from] Parting Shot
|move|p2b: Gholdengo|Nasty Plot|p2b: Gholdengo
|-boost|p2b: Gholdengo|spa|2
|
|upkeep
|turn|3
|
|t:|1782759192
|switch|p1a: Incineroar|Incineroar, L50, F|100/100
|-ability|p1a: Incineroar|Intimidate|boost
|-unboost|p2a: Scovillain|atk|1
|-unboost|p2b: Gholdengo|atk|1
|move|p1b: Primarina|Protect|p1b: Primarina
|-singleturn|p1b: Primarina|Protect
|move|p2a: Scovillain|Rage Powder|p2a: Scovillain
|-singleturn|p2a: Scovillain|move: Rage Powder
|move|p2b: Gholdengo|Make It Rain|p1b: Primarina|[spread] p1a
|-activate|p1b: Primarina|move: Protect
|-resisted|p1a: Incineroar|1
|-damage|p1a: Incineroar|43/100
|-unboost|p2b: Gholdengo|spa|2
|-damage|p2b: Gholdengo|90/100|[from] item: Life Orb
|
|upkeep
|turn|4
|
|t:|1782759206
|move|p2a: Scovillain|Rage Powder|p2a: Scovillain
|-singleturn|p2a: Scovillain|move: Rage Powder
|move|p1a: Incineroar|Flare Blitz|p2a: Scovillain
|-damage|p2a: Scovillain|0 fnt
|-immune|p1a: Incineroar
|faint|p2a: Scovillain
|-damage|p1a: Incineroar|16/100|[from] Recoil
|move|p1b: Primarina|Hyper Voice|p2b: Gholdengo
|-damage|p2b: Gholdengo|28/100
|move|p2b: Gholdengo|Nasty Plot|p2b: Gholdengo
|-boost|p2b: Gholdengo|spa|2
|
|upkeep
|
|t:|1782759210
|switch|p2a: Garchomp|Garchomp, L50, M|100/100
|turn|5
|
|t:|1782759230
|switch|p1a: Cofagrigus|Cofagrigus, L50, M|100/100
|move|p2b: Gholdengo|Protect|p2b: Gholdengo
|-singleturn|p2b: Gholdengo|Protect
|move|p2a: Garchomp|Protect|p2a: Garchomp
|-singleturn|p2a: Garchomp|Protect
|move|p1b: Primarina|Hyper Voice|p2a: Garchomp|[spread] 
|-activate|p2a: Garchomp|move: Protect
|-activate|p2b: Gholdengo|move: Protect
|
|-fieldend|move: Trick Room
|upkeep
|turn|6
|
|t:|1782759238
|switch|p1b: Incineroar|Incineroar, L50, F|16/100
|-ability|p1b: Incineroar|Intimidate|boost
|-unboost|p2a: Garchomp|atk|1
|-unboost|p2b: Gholdengo|atk|1
|move|p1a: Cofagrigus|Protect|p1a: Cofagrigus
|-singleturn|p1a: Cofagrigus|Protect
|move|p2a: Garchomp|Rock Slide|p1b: Incineroar|[spread] p1b
|-activate|p1a: Cofagrigus|move: Protect
|-supereffective|p1b: Incineroar|1
|-damage|p1b: Incineroar|0 fnt
|faint|p1b: Incineroar
|move|p2b: Gholdengo|Make It Rain|p1a: Cofagrigus
|-activate|p1a: Cofagrigus|move: Protect
|
|upkeep
|
|t:|1782759245
|switch|p1b: Mawile|Mawile, L50, M|100/100
|-ability|p1b: Mawile|Intimidate|boost
|-unboost|p2a: Garchomp|atk|1
|-unboost|p2b: Gholdengo|atk|1
|turn|7
|
|t:|1782759263
|switch|p2a: Basculegion|Basculegion, L50, M|100/100
|detailschange|p1b: Mawile|Mawile-Mega, L50, M
|-mega|p1b: Mawile|Mawile|Mawilite
|move|p1b: Mawile|Sucker Punch|p2b: Gholdengo
|-supereffective|p2b: Gholdengo|1
|-damage|p2b: Gholdengo|0 fnt
|faint|p2b: Gholdengo
|move|p1a: Cofagrigus|Trick Room|p1a: Cofagrigus
|-fieldstart|move: Trick Room|[of] p1a: Cofagrigus
|
|upkeep
|
|t:|1782759267
|switch|p2b: Garchomp|Garchomp, L50, M|100/100
|turn|8
|
|t:|1782759279
|move|p1b: Mawile|Protect|p1b: Mawile
|-singleturn|p1b: Mawile|Protect
|move|p1a: Cofagrigus|Will-O-Wisp|p2b: Garchomp
|-status|p2b: Garchomp|brn
|move|p2b: Garchomp|Earthquake|p1b: Mawile|[spread] p2a,p1a
|-activate|p1b: Mawile|move: Protect
|-damage|p2a: Basculegion|76/100
|-damage|p1a: Cofagrigus|84/100
|move|p2a: Basculegion|Last Respects|p1b: Mawile
|-activate|p1b: Mawile|move: Protect
|
|-heal|p1a: Cofagrigus|90/100|[from] item: Leftovers
|-damage|p2b: Garchomp|94/100 brn|[from] brn
|upkeep
|turn|9
|
|t:|1782759294
|move|p1b: Mawile|Sucker Punch|p2a: Basculegion
|-supereffective|p2a: Basculegion|1
|-damage|p2a: Basculegion|0 fnt
|faint|p2a: Basculegion
|move|p1a: Cofagrigus|Hex|p2b: Garchomp
|-damage|p2b: Garchomp|40/100 brn
|move|p2b: Garchomp|Earthquake|p1a: Cofagrigus|[spread] p1a,p1b
|-supereffective|p1b: Mawile|1
|-damage|p1a: Cofagrigus|75/100
|-damage|p1b: Mawile|48/100
|
|-heal|p1a: Cofagrigus|81/100|[from] item: Leftovers
|-damage|p2b: Garchomp|34/100 brn|[from] brn
|upkeep
|turn|10
|
|t:|1782759304
|move|p1a: Cofagrigus|Hex|p2b: Garchomp
|-damage|p2b: Garchomp|0 fnt
|faint|p2b: Garchomp
|
|win|Lord_of_Ewoks
