|j|☆Soorf
|j|☆new mental
|html|Soorfnew mental    
|uhtml|bestof|Game 1 of a best-of-3
|t:|1784638381
|gametype|doubles
|player|p1|Soorf|265|1097
|player|p2|new mental|volkner|1199
|gen|9
|tier|[Gen 9 Champions] VGC 2026 Reg M-B (Bo3)
|rated|
|rule|Species Clause: Limit one of each Pokémon
|rule|Item Clause: Limit 1 of each item
|clearpoke
|poke|p1|Politoed, L50, M|
|poke|p1|Bellibolt, L50, F|
|poke|p1|Toxicroak, L50, F|
|poke|p1|Venusaur, L50, F|
|poke|p1|Greninja, L50, M|
|poke|p1|Basculegion, L50, M|
|poke|p2|Aerodactyl, L50, F|
|poke|p2|Garchomp, L50, F|
|poke|p2|Kingambit, L50, F|
|poke|p2|Charizard, L50, F|
|poke|p2|Sylveon, L50, M|
|poke|p2|Farigiraf, L50, F|
|teampreview|4
|showteam|p1|Politoed||SitrusBerry|Drizzle|IceBeam,WeatherBall,Protect,PerishSong|Timid||M|||50|]Bellibolt||Magnet|Electromorphosis|ParabolicCharge,Thunder,Soak,Protect|Modest||F|||50|]Toxicroak||FocusSash|PoisonTouch|Protect,KnockOff,FakeOut,CloseCombat|Adamant||F|||50|]Venusaur||Venusaurite|Chlorophyll|GigaDrain,SludgeBomb,Protect,HelpingHand|Serious||F|||50|]Greninja||Greninjite|Protean|Uturn,IceBeam,WeatherBall,Protect|Timid||M|||50|]Basculegion||LifeOrb|Adaptability|AquaJet,WaveCrash,LastRespects,Protect|Adamant||M|||50|
|showteam|p2|Aerodactyl||Aerodactylite|Unnerve|IceFang,RockSlide,Tailwind,DualWingbeat|Jolly||F|||50|]Garchomp||LifeOrb|RoughSkin|DragonClaw,RockSlide,Earthquake,Protect|Jolly||F|||50|]Kingambit||FocusSash|Defiant|SuckerPunch,KowtowCleave,IronHead,LowKick|Adamant||F|||50|]Charizard||CharizarditeY|SolarPower|Protect,WeatherBall,HeatWave,SolarBeam|Modest||F|||50|]Sylveon||FairyFeather|Pixilate|Protect,HyperVoice,HyperBeam,QuickAttack|Modest||M|||50|]Farigiraf||SitrusBerry|ArmorTail|TrickRoom,Thunderbolt,Roar,Psychic|Bold||F|||50|
|
|t:|1784638418
|teamsize|p1|4
|teamsize|p2|4
|start
|switch|p1a: Basculegion|Basculegion, L50, M|100/100
|switch|p1b: ash frog|Greninja, L50, M|100/100
|switch|p2a: Aerodactyl|Aerodactyl, L50, F|100/100
|switch|p2b: Sylveon|Sylveon, L50, M|100/100
|-ability|p2a: Aerodactyl|Unnerve
|turn|1
|inactive|Battle timer is ON: inactive players will automatically lose when time's up. (requested by new mental)
|
|t:|1784638450
|switch|p1b: rain frog|Politoed, L50, M|100/100
|-weather|RainDance|[from] ability: Drizzle|[of] p1b: rain frog
|detailschange|p2a: Aerodactyl|Aerodactyl-Mega, L50, F
|-mega|p2a: Aerodactyl|Aerodactyl|Aerodactylite
|move|p2a: Aerodactyl|Tailwind|p2a: Aerodactyl
|-sidestart|p2: new mental|move: Tailwind
|move|p2b: Sylveon|Hyper Voice|p1a: Basculegion|[spread] p1a,p1b
|-damage|p1a: Basculegion|49/100
|-damage|p1b: rain frog|57/100
|move|p1a: Basculegion|Wave Crash|p2a: Aerodactyl
|-supereffective|p2a: Aerodactyl|1
|-damage|p2a: Aerodactyl|0 fnt
|faint|p2a: Aerodactyl
|-damage|p1a: Basculegion|21/100|[from] Recoil
|-damage|p1a: Basculegion|12/100|[from] item: Life Orb
|
|-weather|RainDance|[upkeep]
|upkeep
|
|t:|1784638465
|switch|p2a: Farigiraf|Farigiraf, L50, F|100/100
|turn|2
|
|t:|1784638486
|move|p1a: Basculegion|Aqua Jet||[still]
|cant|p2a: Farigiraf|ability: Armor Tail|Aqua Jet|[of] p1a: Basculegion
|move|p2b: Sylveon|Hyper Voice|p1b: rain frog|[spread] p1a,p1b
|-crit|p1b: rain frog
|-damage|p1a: Basculegion|0 fnt
|-damage|p1b: rain frog|0 fnt
|faint|p1a: Basculegion
|faint|p1b: rain frog
|move|p2a: Farigiraf|Thunderbolt|p1: Basculegion|[notarget]
|-fail|p2a: Farigiraf
|
|-weather|RainDance|[upkeep]
|upkeep
|
|t:|1784638496
|switch|p1a: ash frog|Greninja, L50, M|100/100
|switch|p1b: pointy frog|Toxicroak, L50, F|100/100
|turn|3
|
|t:|1784638503
|move|p1a: ash frog|Protect|p1a: ash frog
|-start|p1a: ash frog|typechange|Normal|[from] ability: Protean
|-singleturn|p1a: ash frog|Protect
|move|p1b: pointy frog|Protect|p1b: pointy frog
|-singleturn|p1b: pointy frog|Protect
|move|p2b: Sylveon|Hyper Voice|p1a: ash frog|[spread] 
|-activate|p1a: ash frog|move: Protect
|-activate|p1b: pointy frog|move: Protect
|move|p2a: Farigiraf|Psychic|p1b: pointy frog
|-activate|p1b: pointy frog|move: Protect
|
|-weather|RainDance|[upkeep]
|upkeep
|turn|4
|inactive|Soorf has 30 seconds left.
|inactive|Soorf has 20 seconds left.
|
|t:|1784638541
|detailschange|p1a: ash frog|Greninja-Mega, L50, M
|-mega|p1a: ash frog|Greninja|Greninjite
|move|p1a: ash frog|Weather Ball|p2b: Sylveon
|-start|p1a: ash frog|typechange|Water|[from] ability: Protean
|-damage|p2b: Sylveon|31/100
|move|p2b: Sylveon|Hyper Voice|p1a: ash frog|[spread] p1a,p1b
|-damage|p1a: ash frog|35/100
|-damage|p1b: pointy frog|18/100
|move|p2a: Farigiraf|Psychic|p1b: pointy frog
|-supereffective|p1b: pointy frog|2
|-damage|p1b: pointy frog|0 fnt
|faint|p1b: pointy frog
|
|-weather|RainDance|[upkeep]
|-sideend|p2: new mental|move: Tailwind
|upkeep
|turn|5
|
|t:|1784638559
|move|p1a: ash frog|Weather Ball|p2b: Sylveon
|-damage|p2b: Sylveon|0 fnt
|faint|p2b: Sylveon
|move|p2a: Farigiraf|Thunderbolt|p1a: ash frog
|-supereffective|p1a: ash frog|1
|-damage|p1a: ash frog|0 fnt
|faint|p1a: ash frog
|
|win|new mental
