|j|☆ronzthebonz
|j|☆darthmorton
|html|ronzthebonzdarthmorton    
|uhtml|bestof|Game 1 of a best-of-3
|t:|1784141478
|gametype|doubles
|player|p1|ronzthebonz|265|1356
|player|p2|darthmorton|dragontamer|1270
|gen|9
|tier|[Gen 9 Champions] VGC 2026 Reg M-B (Bo3)
|rated|
|rule|Species Clause: Limit one of each Pokémon
|rule|Item Clause: Limit 1 of each item
|clearpoke
|poke|p1|Charizard, L50, M|
|poke|p1|Venusaur, L50, M|
|poke|p1|Annihilape, L50, F|
|poke|p1|Garchomp, L50, M|
|poke|p1|Incineroar, L50, M|
|poke|p1|Toxapex, L50, M|
|poke|p2|Sneasler, L50, F|
|poke|p2|Sinistcha, L50|
|poke|p2|Incineroar, L50, M|
|poke|p2|Charizard, L50, M|
|poke|p2|Floette-Eternal, L50, F|
|poke|p2|Kingambit, L50, F|
|teampreview|4
|showteam|p1|Charizard||CharizarditeY|Blaze|HeatWave,WeatherBall,HelpingHand,Protect|Modest||M|||50|]Venusaur||LifeOrb|Chlorophyll|EnergyBall,SludgeBomb,EarthPower,Protect|Modest||M|||50|]Annihilape||FocusSash|Defiant|CloseCombat,PhantomForce,RockTomb,Protect|Jolly||F|||50|]Garchomp||ChoiceScarf|RoughSkin|DragonClaw,Earthquake,RockSlide,StompingTantrum|Adamant||M|||50|]Incineroar||SitrusBerry|Intimidate|FlareBlitz,DarkestLariat,PartingShot,FakeOut|Impish||M|||50|]Toxapex||Leftovers|Regenerator|Toxic,Infestation,WideGuard,BanefulBunker|Bold||M|||50|
|showteam|p2|Sneasler||FocusSash|PoisonTouch|FakeOut,GunkShot,CloseCombat,Coaching|Jolly||F|||50|]Sinistcha||SitrusBerry|Hospitality|MatchaGotcha,RagePowder,TrickRoom,Protect|Bold|||||50|]Incineroar||ChopleBerry|Intimidate|FlareBlitz,HelpingHand,PartingShot,FakeOut|Impish||M|||50|]Charizard||CharizarditeX|Blaze|FlareBlitz,DragonClaw,DragonDance,Protect|Adamant||M|||50|]Floette-Eternal||Floettite|FlowerVeil|Moonblast,CalmMind,DazzlingGleam,Protect|Modest||F|||50|]Kingambit||BlackGlasses|Defiant|KowtowCleave,SuckerPunch,SwordsDance,Protect|Adamant||F|||50|
|inactive|Battle timer is ON: inactive players will automatically lose when time's up. (requested by darthmorton)
|inactive|ronzthebonz has 60 seconds left.
|inactive|darthmorton has 60 seconds left.
|inactive|ronzthebonz has 30 seconds left.
|
|t:|1784141543
|teamsize|p1|4
|teamsize|p2|4
|start
|switch|p1a: Annihilape|Annihilape, L50, F|100/100
|switch|p1b: Toxapex|Toxapex, L50, M|100/100
|switch|p2a: Sneasler|Sneasler, L50, F|100/100
|switch|p2b: Floette|Floette-Eternal, L50, F|100/100
|turn|1
|
|t:|1784141562
|detailschange|p2b: Floette|Floette-Mega, L50, F
|-mega|p2b: Floette|Floette|Floettite
|-ability|p2b: Floette|Fairy Aura
|move|p2a: Sneasler|Fake Out|p1b: Toxapex
|-damage|p1b: Toxapex|89/100
|move|p1a: Annihilape|Phantom Force||[still]
|-prepare|p1a: Annihilape|Phantom Force
|move|p2b: Floette|Dazzling Gleam|p1a: Annihilape|[spread] p1b
|-miss|p2b: Floette|p1a: Annihilape
|-resisted|p1b: Toxapex|1
|-damage|p1b: Toxapex|72/100
|cant|p1b: Toxapex|flinch
|
|-heal|p1b: Toxapex|78/100|[from] item: Leftovers
|upkeep
|turn|2
|
|t:|1784141578
|move|p2a: Sneasler|Coaching|p2b: Floette
|-boost|p2b: Floette|atk|1
|-boost|p2b: Floette|def|1
|move|p1a: Annihilape|Phantom Force|p2b: Floette|[from] lockedmove
|-damage|p2b: Floette|67/100
|move|p2b: Floette|Dazzling Gleam|p1a: Annihilape|[spread] p1a,p1b
|-supereffective|p1a: Annihilape|1
|-resisted|p1b: Toxapex|1
|-damage|p1a: Annihilape|5/100
|-damage|p1b: Toxapex|59/100
|move|p1b: Toxapex|Toxic|p2b: Floette
|-status|p2b: Floette|tox
|
|-heal|p1b: Toxapex|65/100|[from] item: Leftovers
|-damage|p2b: Floette|62/100 tox|[from] psn
|upkeep
|turn|3
|inactive|ronzthebonz has 30 seconds left.
|inactive|darthmorton has 30 seconds left.
|inactive|darthmorton has 20 seconds left.
|inactive|darthmorton has 15 seconds left.
|inactive|darthmorton has 10 seconds left.
|inactive|darthmorton has 5 seconds left.
|
|t:|1784141630
|switch|p2b: Kingambit|Kingambit, L50, F|100/100
|move|p1b: Toxapex|Baneful Bunker|p1b: Toxapex
|-singleturn|p1b: Toxapex|move: Protect
|move|p2a: Sneasler|Gunk Shot|p1a: Annihilape
|-resisted|p1a: Annihilape|1
|-damage|p1a: Annihilape|0 fnt
|faint|p1a: Annihilape
|
|-heal|p1b: Toxapex|71/100|[from] item: Leftovers
|upkeep
|
|t:|1784141640
|switch|p1a: Charizard|Charizard, L50, M|100/100
|turn|4
|
|t:|1784141651
|detailschange|p1a: Charizard|Charizard-Mega-Y, L50, M
|-mega|p1a: Charizard|Charizard|Charizardite Y
|-weather|SunnyDay|[from] ability: Drought|[of] p1a: Charizard
|move|p2b: Kingambit|Sucker Punch|p1a: Charizard
|-damage|p1a: Charizard|53/100
|move|p2a: Sneasler|Gunk Shot|p1a: Charizard|[miss]
|-miss|p2a: Sneasler|p1a: Charizard
|move|p1a: Charizard|Heat Wave|p2a: Sneasler|[spread] p2a,p2b
|-supereffective|p2b: Kingambit|1
|-damage|p2a: Sneasler|15/100
|-damage|p2b: Kingambit|0 fnt
|faint|p2b: Kingambit
|move|p1b: Toxapex|Infestation|p2a: Sneasler
|-resisted|p2a: Sneasler|2
|-damage|p2a: Sneasler|14/100
|-activate|p2a: Sneasler|move: Infestation|[of] p1b: Toxapex
|
|-weather|SunnyDay|[upkeep]
|-heal|p1b: Toxapex|77/100|[from] item: Leftovers
|-damage|p2a: Sneasler|2/100|[from] move: Infestation|[partiallytrapped]
|upkeep
|
|t:|1784141659
|switch|p2b: Sinistcha|Sinistcha, L50|100/100
|-heal|p2a: Sneasler|27/100|[from] ability: Hospitality|[of] p2b: Sinistcha
|turn|5
|
|t:|1784141680
|move|p1a: Charizard|Protect|p1a: Charizard
|-singleturn|p1a: Charizard|Protect
|move|p2a: Sneasler|Gunk Shot|p1a: Charizard
|-activate|p1a: Charizard|move: Protect
|move|p2b: Sinistcha|Matcha Gotcha|p1b: Toxapex|[spread] p1b
|-activate|p1a: Charizard|move: Protect
|-damage|p1b: Toxapex|59/100
|move|p1b: Toxapex|Toxic|p2b: Sinistcha
|-status|p2b: Sinistcha|tox
|
|-weather|SunnyDay|[upkeep]
|-heal|p1b: Toxapex|65/100|[from] item: Leftovers
|-damage|p2b: Sinistcha|93/100 tox|[from] psn
|-damage|p2a: Sneasler|15/100|[from] move: Infestation|[partiallytrapped]
|upkeep
|turn|6
|
|t:|1784141698
|move|p2a: Sneasler|Gunk Shot|p1a: Charizard
|-damage|p1a: Charizard|0 fnt
|faint|p1a: Charizard
|move|p2b: Sinistcha|Matcha Gotcha|p1b: Toxapex
|-damage|p1b: Toxapex|38/100
|-heal|p2b: Sinistcha|100/100 tox|[from] drain|[of] p1b: Toxapex
|move|p1b: Toxapex|Infestation|p2b: Sinistcha
|-damage|p2b: Sinistcha|96/100 tox
|-activate|p2b: Sinistcha|move: Infestation|[of] p1b: Toxapex
|
|-weather|SunnyDay|[upkeep]
|-heal|p1b: Toxapex|44/100|[from] item: Leftovers
|-damage|p2b: Sinistcha|83/100 tox|[from] psn
|-damage|p2a: Sneasler|3/100|[from] move: Infestation|[partiallytrapped]
|-damage|p2b: Sinistcha|71/100 tox|[from] move: Infestation|[partiallytrapped]
|upkeep
|
|t:|1784141709
|switch|p1a: Venusaur|Venusaur, L50, M|100/100
|turn|7
|
|t:|1784141718
|move|p1b: Toxapex|Wide Guard|p1b: Toxapex
|-singleturn|p1b: Toxapex|Wide Guard
|move|p1a: Venusaur|Sludge Bomb|p2a: Sneasler
|-resisted|p2a: Sneasler|1
|-damage|p2a: Sneasler|0 fnt
|faint|p2a: Sneasler
|-damage|p1a: Venusaur|90/100|[from] item: Life Orb
|move|p2b: Sinistcha|Matcha Gotcha|p1b: Toxapex|[spread] 
|-activate|p1a: Venusaur|move: Wide Guard
|-activate|p1b: Toxapex|move: Wide Guard
|
|-weather|SunnyDay|[upkeep]
|-heal|p1b: Toxapex|50/100g|[from] item: Leftovers
|-damage|p2b: Sinistcha|52/100 tox|[from] psn
|-damage|p2b: Sinistcha|40/100 tox|[from] move: Infestation|[partiallytrapped]
|upkeep
|-enditem|p2b: Sinistcha|Sitrus Berry|[eat]
|-heal|p2b: Sinistcha|65/100 tox|[from] item: Sitrus Berry
|
|t:|1784141729
|switch|p2a: Floette|Floette-Mega, L50, F|62/100 tox
|-ability|p2a: Floette|Fairy Aura
|turn|8
|
|t:|1784141735
|move|p1b: Toxapex|Wide Guard|p1b: Toxapex
|-singleturn|p1b: Toxapex|Wide Guard
|move|p1a: Venusaur|Sludge Bomb|p2a: Floette
|-supereffective|p2a: Floette|1
|-damage|p2a: Floette|0 fnt
|faint|p2a: Floette
|-damage|p1a: Venusaur|80/100|[from] item: Life Orb
|move|p2b: Sinistcha|Matcha Gotcha|p1a: Venusaur|[spread] 
|-activate|p1a: Venusaur|move: Wide Guard
|-activate|p1b: Toxapex|move: Wide Guard
|
|-weather|none
|-heal|p1b: Toxapex|56/100|[from] item: Leftovers
|-damage|p2b: Sinistcha|40/100 tox|[from] psn
|-damage|p2b: Sinistcha|28/100 tox|[from] move: Infestation|[partiallytrapped]
|upkeep
|turn|9
|-message|darthmorton forfeited.
|
|win|ronzthebonz
