|j|☆Gayangos
|j|☆x5414
|html|Gayangosx5414    
|uhtml|bestof|Game 3 of a best-of-3
|t:|1782321440
|gametype|doubles
|player|p1|Gayangos|266|1245
|player|p2|x5414|170|1255
|gen|9
|tier|[Gen 9 Champions] VGC 2026 Reg M-B (Bo3)
|rated|
|rule|Species Clause: Limit one of each Pokémon
|rule|Item Clause: Limit 1 of each item
|clearpoke
|poke|p1|Metagross, L50|
|poke|p1|Froslass, L50, F|
|poke|p1|Lycanroc-Dusk, L50, F|
|poke|p1|Sneasler, L50, M|
|poke|p1|Hydreigon, L50, F|
|poke|p1|Milotic, L50, F|
|poke|p2|Pelipper, L50, M|
|poke|p2|Basculegion, L50, M|
|poke|p2|Incineroar, L50, M|
|poke|p2|Raichu, L50, M|
|poke|p2|Garchomp, L50, M|
|poke|p2|Scizor, L50, F|
|teampreview|4
|showteam|p1|Metagross||Metagrossite|ClearBody|IronHead,StompingTantrum,ThunderPunch,Protect|Jolly|||||50|]Froslass||Froslassite|CursedBody|Blizzard,ShadowBall,AuroraVeil,Protect|Modest||F|||50|]Lycanroc-Dusk||FocusSash|ToughClaws|RockSlide,CloseCombat,Accelerock,Protect|Adamant||F|||50|]Sneasler||WhiteHerb|Unburden|FakeOut,DireClaw,CloseCombat,Coaching|Jolly||M|||50|]Hydreigon||ChoiceScarf|Levitate|DracoMeteor,DarkPulse,Snarl,HeatWave|Modest||F|||50|]Milotic||Leftovers|Competitive|MuddyWater,Hypnosis,Coil,Recover|Calm||F|||50|
|showteam|p2|Pelipper||FocusSash|Drizzle|Hurricane,Tailwind,WeatherBall,Protect|Timid||M|||50|]Basculegion||ChoiceScarf|Adaptability|FlipTurn,LastRespects,WaveCrash,AquaJet|Jolly||M|||50|]Incineroar||SitrusBerry|Intimidate|FlareBlitz,PartingShot,FakeOut,ThroatChop|Relaxed||M|||50|]Raichu||RaichuniteY|LightningRod|Encore,FocusBlast,ZapCannon,Protect|Timid||M|||50|]Garchomp||SoftSand|RoughSkin|SwordsDance,StompingTantrum,DragonClaw,Protect|Adamant||M|||50|]Scizor||Leftovers|Technician|Curse,Protect,BugBite,BulletPunch|Adamant||F|||50|
|inactive|Battle timer is ON: inactive players will automatically lose when time's up. (requested by x5414)
|
|t:|1782321456
|teamsize|p1|4
|teamsize|p2|4
|start
|switch|p1a: Lycanroc|Lycanroc-Dusk, L50, F|100/100
|switch|p1b: Sneasler|Sneasler, L50, M|100/100
|switch|p2a: Incineroar|Incineroar, L50, M|100/100
|switch|p2b: Scizor|Scizor, L50, F|100/100
|-ability|p2a: Incineroar|Intimidate|boost
|-unboost|p1a: Lycanroc|atk|1
|-unboost|p1b: Sneasler|atk|1
|-enditem|p1b: Sneasler|White Herb
|-clearnegativeboost|p1b: Sneasler|[silent]
|turn|1
|
|t:|1782321474
|switch|p2a: Basculegion|Basculegion, L50, M|100/100
|move|p1b: Sneasler|Close Combat|p2a: Basculegion
|-immune|p2a: Basculegion
|move|p1a: Lycanroc|Rock Slide|p2a: Basculegion|[spread] p2a,p2b
|-damage|p2a: Basculegion|73/100
|-damage|p2b: Scizor|80/100
|move|p2b: Scizor|Curse|p2b: Scizor
|-unboost|p2b: Scizor|spe|1
|-boost|p2b: Scizor|atk|1
|-boost|p2b: Scizor|def|1
|
|-heal|p2b: Scizor|87/100|[from] item: Leftovers
|upkeep
|turn|2
|
|t:|1782321494
|switch|p1b: Hydreigon|Hydreigon, L50, F|100/100
|move|p2b: Scizor|Bullet Punch|p1a: Lycanroc
|-supereffective|p1a: Lycanroc|1
|-enditem|p1a: Lycanroc|Focus Sash
|-damage|p1a: Lycanroc|1/100
|move|p2a: Basculegion|Flip Turn|p1a: Lycanroc
|-supereffective|p1a: Lycanroc|1
|-damage|p1a: Lycanroc|0 fnt
|faint|p1a: Lycanroc
|
|t:|1782321501
|switch|p2a: Incineroar|Incineroar, L50, M|100/100|[from] Flip Turn
|-ability|p2a: Incineroar|Intimidate|boost
|-unboost|p1b: Hydreigon|atk|1
|
|-heal|p2b: Scizor|93/100|[from] item: Leftovers
|upkeep
|
|t:|1782321505
|switch|p1a: Sneasler|Sneasler, L50, M|100/100
|turn|3
|inactive|x5414 has 30 seconds left.
|
|t:|1782321535
|move|p2b: Scizor|Protect|p2b: Scizor
|-singleturn|p2b: Scizor|Protect
|move|p1b: Hydreigon|Dark Pulse|p2a: Incineroar
|-resisted|p2a: Incineroar|1
|-damage|p2a: Incineroar|80/100
|move|p1a: Sneasler|Close Combat|p2a: Incineroar
|-supereffective|p2a: Incineroar|1
|-damage|p2a: Incineroar|0 fnt
|-unboost|p1a: Sneasler|def|1
|-unboost|p1a: Sneasler|spd|1
|faint|p2a: Incineroar
|
|-heal|p2b: Scizor|99/100|[from] item: Leftovers
|upkeep
|
|t:|1782321546
|switch|p2a: Raichu|Raichu, L50, M|100/100
|turn|4
|
|t:|1782321559
|switch|p1b: Froslass|Froslass, L50, F|100/100
|move|p2a: Raichu|Protect|p2a: Raichu
|-singleturn|p2a: Raichu|Protect
|move|p1a: Sneasler|Close Combat|p2a: Raichu
|-activate|p2a: Raichu|move: Protect
|move|p2b: Scizor|Bug Bite|p1b: Froslass
|-resisted|p1b: Froslass|1
|-damage|p1b: Froslass|42/100
|
|-heal|p2b: Scizor|100/100|[from] item: Leftovers
|upkeep
|turn|5
|inactive|Gayangos has 30 seconds left.
|inactive|Gayangos has 20 seconds left.
|inactive|Gayangos has 15 seconds left.
|inactive|Gayangos has 10 seconds left.
|inactive|Gayangos has 5 seconds left.
|
|t:|1782321614
|detailschange|p2a: Raichu|Raichu-Mega-Y, L50, M
|-mega|p2a: Raichu|Raichu|Raichunite Y
|move|p2b: Scizor|Bullet Punch|p1b: Froslass
|-supereffective|p1b: Froslass|1
|-damage|p1b: Froslass|0 fnt
|faint|p1b: Froslass
|move|p2a: Raichu|Zap Cannon|p1a: Sneasler
|-crit|p1a: Sneasler
|-damage|p1a: Sneasler|0 fnt
|faint|p1a: Sneasler
|
|upkeep
|inactive|Gayangos has 30 seconds left.
|inactive|Gayangos has 20 seconds left.
|inactive|Gayangos has 15 seconds left.
|inactive|Gayangos has 10 seconds left.
|inactive|Gayangos has 5 seconds left.
|
|t:|1782321669
|switch|p1a: Hydreigon|Hydreigon, L50, F|100/100
|turn|6
|inactive|Gayangos has 30 seconds left.
|inactive|Gayangos has 20 seconds left.
|inactive|Gayangos has 15 seconds left.
|inactive|Gayangos has 10 seconds left.
|
|t:|1782321717
|move|p1a: Hydreigon|Heat Wave|p2a: Raichu|[spread] p2a,p2b
|-supereffective|p2b: Scizor|2
|-damage|p2a: Raichu|60/100
|-damage|p2b: Scizor|0 fnt
|faint|p2b: Scizor
|move|p2a: Raichu|Zap Cannon|p1a: Hydreigon
|-resisted|p1a: Hydreigon|1
|-damage|p1a: Hydreigon|62/100
|-status|p1a: Hydreigon|par
|
|upkeep
|
|t:|1782321725
|switch|p2b: Basculegion|Basculegion, L50, M|73/100
|turn|7
|inactive|Gayangos has 30 seconds left.
|inactive|Gayangos has 20 seconds left.
|inactive|Gayangos has 15 seconds left.
|inactive|Gayangos has 10 seconds left.
|inactive|Gayangos has 5 seconds left.
|
|t:|1782321780
|move|p2b: Basculegion|Last Respects|p1a: Hydreigon
|-resisted|p1a: Hydreigon|1
|-damage|p1a: Hydreigon|9/100 par
|move|p2a: Raichu|Focus Blast|p1a: Hydreigon
|-supereffective|p1a: Hydreigon|1
|-damage|p1a: Hydreigon|0 fnt
|faint|p1a: Hydreigon
|
|win|x5414
|raw|Gayangos's rating: 1245 → 1221(-24 for losing)
|raw|x5414's rating: 1255 → 1279(+24 for winning)
