|j|☆monsoonisbest
|j|☆RegiSIXSEVEN
|html|monsoonisbestRegiSIXSEVEN    
|uhtml|bestof|Game 3 of a best-of-3
|t:|1784803425
|gametype|doubles
|player|p1|monsoonisbest|265|1228
|player|p2|RegiSIXSEVEN|steven|1255
|gen|9
|tier|[Gen 9 Champions] VGC 2026 Reg M-B (Bo3)
|rated|
|rule|Species Clause: Limit one of each Pokémon
|rule|Item Clause: Limit 1 of each item
|clearpoke
|poke|p1|Venusaur, L50, M|
|poke|p1|Grimmsnarl, L50, M|
|poke|p1|Pelipper, L50, F|
|poke|p1|Archaludon, L50, F|
|poke|p1|Charizard, L50, F|
|poke|p1|Basculegion, L50, M|
|poke|p2|Garchomp, L50, F, shiny|
|poke|p2|Venusaur, L50, M, shiny|
|poke|p2|Incineroar, L50, M, shiny|
|poke|p2|Charizard, L50, F, shiny|
|poke|p2|Toxapex, L50, M, shiny|
|poke|p2|Annihilape, L50, F, shiny|
|teampreview|4
|showteam|p1|Venusaur||Venusaurite|Chlorophyll|SludgeBomb,EarthPower,SleepPowder,Protect|Modest||M|||50|]Grimmsnarl||LightClay|Prankster|SpiritBreak,Reflect,LightScreen,PartingShot|Careful||M|||50|]Pelipper||SitrusBerry|Drizzle|Hurricane,WeatherBall,Tailwind,WideGuard|Modest||F|||50|]Archaludon||Leftovers|Stamina|DragonPulse,FlashCannon,ElectroShot,Protect|Modest||F|||50|]Charizard||CharizarditeY|Blaze|HeatWave,SolarBeam,WeatherBall,Protect|Modest||F|||50|]Basculegion||ChoiceScarf|Adaptability|WaveCrash,FlipTurn,LastRespects,AquaJet|Jolly||M|||50|
|showteam|p2|Garchomp||ChoiceScarf|RoughSkin|Earthquake,DragonClaw,StompingTantrum,RockSlide|Adamant||F|||50|]Venusaur||LifeOrb|Chlorophyll|SolarBeam,SludgeBomb,EarthPower,Protect|Modest||M|||50|]Incineroar||SitrusBerry|Intimidate|FlareBlitz,ThroatChop,FakeOut,PartingShot|Impish||M|||50|]Charizard||CharizarditeY|Blaze|HeatWave,WeatherBall,HelpingHand,Protect|Modest||F|||50|]Toxapex||Leftovers|Regenerator|Infestation,Toxic,WideGuard,BanefulBunker|Bold||M|||50|]Annihilape||FocusSash|Defiant|CloseCombat,PhantomForce,RockTomb,Protect|Jolly||F|||50|
|inactive|Battle timer is ON: inactive players will automatically lose when time's up. (requested by RegiSIXSEVEN)
|
|t:|1784803437
|teamsize|p1|4
|teamsize|p2|4
|start
|switch|p1a: Charizard|Charizard, L50, F|100/100
|switch|p1b: Grimmsnarl|Grimmsnarl, L50, M|100/100
|switch|p2a: Charizard|Charizard, L50, F, shiny|100/100
|switch|p2b: Annihilape|Annihilape, L50, F, shiny|100/100
|turn|1
|inactive|RegiSIXSEVEN has 30 seconds left.
|inactive|RegiSIXSEVEN has 20 seconds left.
|
|t:|1784803475
|switch|p1a: Archaludon|Archaludon, L50, F|100/100
|detailschange|p2a: Charizard|Charizard-Mega-Y, L50, F, shiny
|-mega|p2a: Charizard|Charizard|Charizardite Y
|-weather|SunnyDay|[from] ability: Drought|[of] p2a: Charizard
|move|p1b: Grimmsnarl|Parting Shot|p2a: Charizard
|-unboost|p2a: Charizard|atk|1
|-unboost|p2a: Charizard|spa|1
|
|t:|1784803479
|switch|p1b: Pelipper|Pelipper, L50, F|100/100|[from] Parting Shot
|-weather|RainDance|[from] ability: Drizzle|[of] p1b: Pelipper
|move|p2b: Annihilape|Rock Tomb|p1a: Archaludon
|-resisted|p1a: Archaludon|1
|-damage|p1a: Archaludon|93/100
|-unboost|p1a: Archaludon|spe|1
|-ability|p1a: Archaludon|Stamina|boost
|-boost|p1a: Archaludon|def|1
|move|p2a: Charizard|Weather Ball|p1b: Pelipper
|-resisted|p1b: Pelipper|1
|-damage|p1b: Pelipper|78/100
|
|-weather|RainDance|[upkeep]
|-heal|p1a: Archaludon|100/100|[from] item: Leftovers
|upkeep
|turn|2
|inactive|RegiSIXSEVEN has 30 seconds left.
|
|t:|1784803505
|switch|p2a: Incineroar|Incineroar, L50, M, shiny|100/100
|-ability|p2a: Incineroar|Intimidate|boost
|-unboost|p1a: Archaludon|atk|1
|-unboost|p1b: Pelipper|atk|1
|move|p2b: Annihilape|Protect|p2b: Annihilape
|-singleturn|p2b: Annihilape|Protect
|move|p1b: Pelipper|Tailwind|p1b: Pelipper
|-sidestart|p1: monsoonisbest|move: Tailwind
|move|p1a: Archaludon|Electro Shot||[still]
|-prepare|p1a: Archaludon|Electro Shot
|-boost|p1a: Archaludon|spa|1
|-anim|p1a: Archaludon|Electro Shot|p2a: Incineroar
|-damage|p2a: Incineroar|44/100
|-enditem|p2a: Incineroar|Sitrus Berry|[eat]
|-heal|p2a: Incineroar|69/100|[from] item: Sitrus Berry
|
|-weather|RainDance|[upkeep]
|upkeep
|turn|3
|
|t:|1784803515
|switch|p1b: Grimmsnarl|Grimmsnarl, L50, M|100/100
|move|p2a: Incineroar|Fake Out|p1b: Grimmsnarl
|-damage|p1b: Grimmsnarl|89/100
|move|p2b: Annihilape|Close Combat|p1a: Archaludon
|-supereffective|p1a: Archaludon|1
|-damage|p1a: Archaludon|47/100
|-unboost|p2b: Annihilape|def|1
|-unboost|p2b: Annihilape|spd|1
|-ability|p1a: Archaludon|Stamina|boost
|-boost|p1a: Archaludon|def|1
|move|p1a: Archaludon|Dragon Pulse|p2a: Incineroar
|-damage|p2a: Incineroar|19/100
|
|-weather|RainDance|[upkeep]
|-heal|p1a: Archaludon|53/100|[from] item: Leftovers
|upkeep
|turn|4
|
|t:|1784803533
|switch|p2a: Charizard|Charizard-Mega-Y, L50, F, shiny|100/100
|-weather|SunnyDay|[from] ability: Drought|[of] p2a: Charizard
|move|p1b: Grimmsnarl|Spirit Break|p2b: Annihilape
|-supereffective|p2b: Annihilape|1
|-enditem|p2b: Annihilape|Focus Sash
|-damage|p2b: Annihilape|1/100
|-unboost|p2b: Annihilape|spa|1
|-ability|p2b: Annihilape|Defiant|boost
|-boost|p2b: Annihilape|atk|2
|move|p2b: Annihilape|Phantom Force||[still]
|-prepare|p2b: Annihilape|Phantom Force
|move|p1a: Archaludon|Dragon Pulse|p2b: Annihilape|[miss]
|-miss|p1a: Archaludon|p2b: Annihilape
|
|-weather|SunnyDay|[upkeep]
|-heal|p1a: Archaludon|59/100|[from] item: Leftovers
|upkeep
|turn|5
|inactive|RegiSIXSEVEN has 30 seconds left.
|
|t:|1784803563
|move|p1b: Grimmsnarl|Parting Shot|p2a: Charizard
|-unboost|p2a: Charizard|atk|1
|-unboost|p2a: Charizard|spa|1
|
|t:|1784803566
|switch|p1b: Pelipper|Pelipper, L50, F|78/100|[from] Parting Shot
|-weather|RainDance|[from] ability: Drizzle|[of] p1b: Pelipper
|move|p2b: Annihilape|Phantom Force|p1b: Pelipper|[from] lockedmove
|-damage|p1b: Pelipper|0 fnt
|faint|p1b: Pelipper
|move|p1a: Archaludon|Electro Shot||[still]
|-prepare|p1a: Archaludon|Electro Shot
|-boost|p1a: Archaludon|spa|1
|-anim|p1a: Archaludon|Electro Shot|p2a: Charizard
|-supereffective|p2a: Charizard|1
|-damage|p2a: Charizard|0 fnt
|faint|p2a: Charizard
|
|-weather|RainDance|[upkeep]
|-heal|p1a: Archaludon|65/100|[from] item: Leftovers
|-sideend|p1: monsoonisbest|move: Tailwind
|upkeep
|
|t:|1784803579
|switch|p2a: Incineroar|Incineroar, L50, M, shiny|19/100
|switch|p1b: Charizard|Charizard, L50, F|100/100
|-ability|p2a: Incineroar|Intimidate|boost
|-unboost|p1a: Archaludon|atk|1
|-unboost|p1b: Charizard|atk|1
|turn|6
|
|t:|1784803590
|move|p1b: Charizard|Protect|p1b: Charizard
|-singleturn|p1b: Charizard|Protect
|move|p1a: Archaludon|Protect|p1a: Archaludon
|-singleturn|p1a: Archaludon|Protect
|move|p2a: Incineroar|Fake Out|p1b: Charizard
|-activate|p1b: Charizard|move: Protect
|move|p2b: Annihilape|Close Combat|p1a: Archaludon
|-activate|p1a: Archaludon|move: Protect
|
|-weather|RainDance|[upkeep]
|-heal|p1a: Archaludon|71/100|[from] item: Leftovers
|upkeep
|turn|7
|inactive|monsoonisbest has 30 seconds left.
|
|t:|1784803616
|detailschange|p1b: Charizard|Charizard-Mega-Y, L50, F
|-mega|p1b: Charizard|Charizard|Charizardite Y
|-weather|SunnyDay|[from] ability: Drought|[of] p1b: Charizard
|move|p2b: Annihilape|Phantom Force||[still]
|-prepare|p2b: Annihilape|Phantom Force
|move|p1b: Charizard|Heat Wave|p2b: Annihilape|[spread] p2a
|-miss|p1b: Charizard|p2b: Annihilape
|-resisted|p2a: Incineroar|1
|-damage|p2a: Incineroar|0 fnt
|faint|p2a: Incineroar
|move|p1a: Archaludon|Dragon Pulse|p2b: Annihilape|[miss]
|-miss|p1a: Archaludon|p2b: Annihilape
|
|-weather|SunnyDay|[upkeep]
|-heal|p1a: Archaludon|77/100|[from] item: Leftovers
|upkeep
|
|t:|1784803626
|switch|p2a: Garchomp|Garchomp, L50, F, shiny|100/100
|turn|8
|
|t:|1784803633
|move|p2a: Garchomp|Rock Slide|p1a: Archaludon|[spread] p1a,p1b
|-resisted|p1a: Archaludon|1
|-supereffective|p1b: Charizard|2
|-damage|p1a: Archaludon|74/100
|-damage|p1b: Charizard|32/100
|-ability|p1a: Archaludon|Stamina|boost
|-boost|p1a: Archaludon|def|1
|move|p2b: Annihilape|Phantom Force|p1a: Archaludon|[from] lockedmove
|-damage|p1a: Archaludon|48/100
|-ability|p1a: Archaludon|Stamina|boost
|-boost|p1a: Archaludon|def|1
|move|p1b: Charizard|Heat Wave|p2a: Garchomp|[spread] p2a,p2b
|-resisted|p2a: Garchomp|1
|-damage|p2a: Garchomp|69/100
|-damage|p2b: Annihilape|0 fnt
|faint|p2b: Annihilape
|move|p1a: Archaludon|Dragon Pulse|p2a: Garchomp
|-supereffective|p2a: Garchomp|1
|-damage|p2a: Garchomp|0 fnt
|faint|p2a: Garchomp
|
|win|monsoonisbest
|raw|monsoonisbest's rating: 1228 → 1255(+27 for winning)
|raw|RegiSIXSEVEN's rating: 1255 → 1228(-27 for losing)
