|j|☆bigboyblue3451
|j|☆RaikuDraco
|html|bigboyblue3451RaikuDraco    
|uhtml|bestof|Game 2 of a best-of-3
|t:|1756774775
|gametype|doubles
|player|p1|bigboyblue3451|101|1282
|player|p2|RaikuDraco|265|1227
|gen|9
|tier|[Gen 9] VGC 2025 Reg H (Bo3)
|rated|
|rule|Species Clause: Limit one of each Pokémon
|rule|Item Clause: Limit 1 of each item
|clearpoke
|poke|p1|Archaludon, L50, M|
|poke|p1|Maushold, L50|
|poke|p1|Incineroar, L50, F|
|poke|p1|Pelipper, L50, M|
|poke|p1|Amoonguss, L50, F|
|poke|p1|Basculegion, L50, M|
|poke|p2|Whimsicott, L50, M|
|poke|p2|Dragonite, L50, M|
|poke|p2|Gholdengo, L50|
|poke|p2|Garchomp, L50, F|
|poke|p2|Sneasler, L50, M|
|poke|p2|Incineroar, L50, M|
|teampreview|4
|showteam|p1|Archaludon||AssaultVest|Stamina|ElectroShot,Snarl,DracoMeteor,BodyPress|||M|||50|,,,,,Bug]Maushold||WideLens|Technician|PopulationBomb,Taunt,FollowMe,Protect||||||50|,,,,,Ghost]Incineroar||SafetyGoggles|Intimidate|FakeOut,KnockOff,FlareBlitz,PartingShot|||F|||50|,,,,,Ghost]Pelipper||FocusSash|Drizzle|MuddyWater,Hurricane,Tailwind,Protect|||M|||50|,,,,,Stellar]Amoonguss||CovertCloak|Regenerator|Spore,PollenPuff,RagePowder,ClearSmog|||F|||50|,,,,,Psychic]Basculegion||ChoiceBand|SwiftSwim|AquaJet,FlipTurn,WaveCrash,LastRespects|||M|||50|,,,,,Fire
|showteam|p2|Whimsicott||CovertCloak|Prankster|Moonblast,Tailwind,Encore,Taunt|||M|||50|,,,,,Water]Dragonite||LoadedDice|Multiscale|ScaleShot,ExtremeSpeed,Haze,Protect|||M|||50|,,,,,Fairy]Gholdengo||ChoiceSpecs|GoodasGold|MakeItRain,ShadowBall,Thunderbolt,Trick||||||50|,,,,,Steel]Garchomp||LifeOrb|RoughSkin|DragonClaw,StompingTantrum,Earthquake,Protect|||F|||50|,,,,,Ground]Sneasler||FocusSash|Unburden|DireClaw,CloseCombat,Coaching,Protect|||M|||50|,,,,,Stellar]Incineroar||AssaultVest|Intimidate|FlareBlitz,KnockOff,Uturn,FakeOut|||M|||50|,,,,,Grass
|inactive|Battle timer is ON: inactive players will automatically lose when time's up. (requested by bigboyblue3451)
|
|t:|1756774820
|teamsize|p1|4
|teamsize|p2|4
|start
|switch|p1a: Maushold|Maushold, L50|100/100
|switch|p1b: Pelipper|Pelipper, L50, M|100/100
|switch|p2a: Incineroar|Incineroar, L50, M|100/100
|switch|p2b: Garchomp|Garchomp, L50, F|100/100
|-weather|RainDance|[from] ability: Drizzle|[of] p1b: Pelipper
|-ability|p2a: Incineroar|Intimidate|boost
|-unboost|p1a: Maushold|atk|1
|-unboost|p1b: Pelipper|atk|1
|turn|1
|inactive|bigboyblue3451 has 30 seconds left.
|inactive|RaikuDraco has 30 seconds left.
|inactive|bigboyblue3451 has 20 seconds left.
|inactive|bigboyblue3451 has 15 seconds left.
|inactive|bigboyblue3451 has 10 seconds left.
|inactive|bigboyblue3451 has 5 seconds left.
|
|t:|1756774875
|move|p2a: Incineroar|Fake Out|p1b: Pelipper
|-damage|p1b: Pelipper|85/100
|move|p1a: Maushold|Population Bomb|p2a: Incineroar
|-damage|p2a: Incineroar|94/100
|-damage|p2a: Incineroar|87/100
|-damage|p2a: Incineroar|81/100
|-damage|p2a: Incineroar|74/100
|-damage|p2a: Incineroar|68/100
|-damage|p2a: Incineroar|62/100
|-damage|p2a: Incineroar|55/100
|-damage|p2a: Incineroar|49/100
|-damage|p2a: Incineroar|43/100
|-damage|p2a: Incineroar|37/100
|-hitcount|p2a: Incineroar|10
|move|p2b: Garchomp|Dragon Claw|p1a: Maushold
|-damage|p1a: Maushold|14/100
|-damage|p2b: Garchomp|91/100|[from] item: Life Orb
|cant|p1b: Pelipper|flinch
|
|-weather|RainDance|[upkeep]
|upkeep
|turn|2
|inactive|bigboyblue3451 has 30 seconds left.
|inactive|RaikuDraco has 30 seconds left.
|inactive|bigboyblue3451 has 20 seconds left.
|inactive|RaikuDraco has 20 seconds left.
|inactive|bigboyblue3451 has 15 seconds left.
|inactive|RaikuDraco has 15 seconds left.
|inactive|bigboyblue3451 has 10 seconds left.
|inactive|RaikuDraco has 10 seconds left.
|inactive|bigboyblue3451 has 5 seconds left.
|inactive|RaikuDraco has 5 seconds left.
|
|t:|1756774930
|switch|p2a: Gholdengo|Gholdengo, L50|100/100
|move|p1a: Maushold|Population Bomb|p2b: Garchomp
|-damage|p2b: Garchomp|83/100
|-damage|p1a: Maushold|2/100|[from] ability: Rough Skin|[of] p2b: Garchomp
|-damage|p2b: Garchomp|75/100
|-damage|p1a: Maushold|0 fnt|[from] ability: Rough Skin|[of] p2b: Garchomp
|faint|p1a: Maushold
|-hitcount|p2b: Garchomp|2
|move|p2b: Garchomp|Dragon Claw|p1b: Pelipper
|-damage|p1b: Pelipper|12/100
|-damage|p2b: Garchomp|65/100|[from] item: Life Orb
|move|p1b: Pelipper|Muddy Water|p2a: Gholdengo|[spread] p2a,p2b
|-damage|p2a: Gholdengo|49/100
|-damage|p2b: Garchomp|14/100
|-unboost|p2b: Garchomp|accuracy|1
|
|-weather|RainDance|[upkeep]
|upkeep
|
|t:|1756774938
|switch|p1a: Basculegion|Basculegion, L50, M|100/100
|turn|3
|inactive|RaikuDraco has 30 seconds left.
|inactive|RaikuDraco has 20 seconds left.
|inactive|RaikuDraco has 15 seconds left.
|inactive|RaikuDraco has 10 seconds left.
|
|t:|1756774985
|switch|p1b: Archaludon|Archaludon, L50, M|100/100
|move|p1a: Basculegion|Flip Turn|p2b: Garchomp
|-damage|p2b: Garchomp|0 fnt
|-damage|p1a: Basculegion|88/100|[from] ability: Rough Skin|[of] p2b: Garchomp
|faint|p2b: Garchomp
|
|t:|1756774993
|switch|p1a: Pelipper|Pelipper, L50, M|12/100|[from] Flip Turn
|move|p2a: Gholdengo|Make It Rain|p1b: Archaludon|[spread] p1a,p1b
|-resisted|p1a: Pelipper
|-resisted|p1b: Archaludon
|-damage|p1a: Pelipper|0 fnt
|-damage|p1b: Archaludon|78/100
|-unboost|p2a: Gholdengo|spa|1
|-ability|p1b: Archaludon|Stamina|boost
|-boost|p1b: Archaludon|def|1
|faint|p1a: Pelipper
|
|-weather|RainDance|[upkeep]
|upkeep
|inactive|RaikuDraco has 30 seconds left.
|
|t:|1756775023
|switch|p2b: Incineroar|Incineroar, L50, M|37/100
|switch|p1a: Basculegion|Basculegion, L50, M|88/100
|-ability|p2b: Incineroar|Intimidate|boost
|-unboost|p1a: Basculegion|atk|1
|-unboost|p1b: Archaludon|atk|1
|turn|4
|inactive|RaikuDraco has 30 seconds left.
|inactive|RaikuDraco has 20 seconds left.
|inactive|RaikuDraco has 15 seconds left.
|inactive|RaikuDraco has 10 seconds left.
|
|t:|1756775070
|switch|p2a: Sneasler|Sneasler, L50, M|100/100
|move|p1a: Basculegion|Wave Crash|p2a: Sneasler
|-enditem|p2a: Sneasler|Focus Sash
|-damage|p2a: Sneasler|1/100
|-damage|p1a: Basculegion|62/100|[from] Recoil
|move|p1b: Archaludon|Electro Shot||[still]
|-prepare|p1b: Archaludon|Electro Shot
|-boost|p1b: Archaludon|spa|1
|-anim|p1b: Archaludon|Electro Shot|p2b: Incineroar
|-damage|p2b: Incineroar|4/100
|move|p2b: Incineroar|U-turn|p1a: Basculegion
|-resisted|p1a: Basculegion
|-damage|p1a: Basculegion|50/100
|
|t:|1756775088
|switch|p2b: Gholdengo|Gholdengo, L50|49/100|[from] U-turn
|
|-weather|RainDance|[upkeep]
|upkeep
|turn|5
|inactive|bigboyblue3451 has 30 seconds left.
|inactive|RaikuDraco has 30 seconds left.
|inactive|RaikuDraco has 20 seconds left.
|
|t:|1756775129
|-terastallize|p1b: Archaludon|Bug
|move|p2a: Sneasler|Protect|p2a: Sneasler
|-singleturn|p2a: Sneasler|Protect
|move|p1a: Basculegion|Wave Crash|p2b: Gholdengo
|-damage|p2b: Gholdengo|0 fnt
|faint|p2b: Gholdengo
|-damage|p1a: Basculegion|36/100|[from] Recoil
|move|p1b: Archaludon|Electro Shot||[still]
|-prepare|p1b: Archaludon|Electro Shot
|-boost|p1b: Archaludon|spa|1
|-anim|p1b: Archaludon|Electro Shot|p2a: Sneasler
|-activate|p2a: Sneasler|move: Protect
|
|-weather|none
|upkeep
|
|t:|1756775142
|switch|p2b: Incineroar|Incineroar, L50, M|4/100
|-ability|p2b: Incineroar|Intimidate|boost
|-unboost|p1a: Basculegion|atk|1
|-unboost|p1b: Archaludon|atk|1
|turn|6
|inactive|RaikuDraco has 30 seconds left.
|inactive|RaikuDraco has 20 seconds left.
|
|t:|1756775179
|move|p2b: Incineroar|Fake Out|p1b: Archaludon
|-damage|p1b: Archaludon|72/100
|-ability|p1b: Archaludon|Stamina|boost
|-boost|p1b: Archaludon|def|1
|move|p2a: Sneasler|Dire Claw|p1a: Basculegion
|-resisted|p1a: Basculegion
|-damage|p1a: Basculegion|8/100
|move|p1a: Basculegion|Wave Crash|p2a: Sneasler
|-damage|p2a: Sneasler|0 fnt
|faint|p2a: Sneasler
|-damage|p1a: Basculegion|7/100|[from] Recoil
|cant|p1b: Archaludon|flinch
|
|upkeep
|turn|7
|
|t:|1756775197
|move|p1a: Basculegion|Wave Crash|p2b: Incineroar
|-supereffective|p2b: Incineroar
|-damage|p2b: Incineroar|0 fnt
|faint|p2b: Incineroar
|-damage|p1a: Basculegion|6/100|[from] Recoil
|
|win|bigboyblue3451
|raw|bigboyblue3451's rating: 1282 → 1303(+21 for winning)
|raw|RaikuDraco's rating: 1227 → 1206(-21 for losing)
|l|☆bigboyblue3451
|player|p1|
