|j|☆TrumpForPrez2028
|j|‽babysha
|html|TrumpForPrez2028babysha    
|uhtml|bestof|Game 2 of a best-of-3
|t:|1785617922
|gametype|doubles
|player|p1|TrumpForPrez2028|2|1141
|player|p2|babysha|266|1076
|gen|9
|tier|[Gen 9 Champions] VGC 2026 Reg M-B (Bo3)
|rated|
|rule|Species Clause: Limit one of each Pokémon
|rule|Item Clause: Limit 1 of each item
|clearpoke
|poke|p1|Basculegion, L50, M|
|poke|p1|Garchomp, L50, F|
|poke|p1|Charizard, L50, M|
|poke|p1|Farigiraf, L50, M|
|poke|p1|Whimsicott, L50, F|
|poke|p1|Kingambit, L50, F|
|poke|p2|Aerodactyl, L50, M|
|poke|p2|Kingambit, L50, M|
|poke|p2|Sinistcha, L50|
|poke|p2|Swampert, L50, M|
|poke|p2|Sneasler, L50, F|
|poke|p2|Pelipper, L50, M|
|teampreview|4
|showteam|p1|Basculegion||ChoiceScarf|Adaptability|AquaJet,LastRespects,WaveCrash,FlipTurn|Jolly||M|||50|]Garchomp||LifeOrb|RoughSkin|Earthquake,Protect,RockSlide,DragonClaw|Jolly||F|||50|]Charizard||CharizarditeY|Blaze|HeatWave,Protect,WeatherBall,SolarBeam|Modest||M|||50|]Farigiraf||ColburBerry|ArmorTail|TrickRoom,Imprison,HyperVoice,Thunderbolt|Modest||M|||50|]Whimsicott||FocusSash|Prankster|Tailwind,Protect,Moonblast,Encore|Timid||F|||50|]Kingambit||BlackGlasses|Defiant|SuckerPunch,KowtowCleave,Protect,IronHead|Adamant||F|||50|
|showteam|p2|Aerodactyl||FocusSash|Unnerve|Tailwind,DualWingbeat,RockSlide,Protect|Jolly||M|||50|]Kingambit||LifeOrb|Defiant|KowtowCleave,SuckerPunch,IronHead,Protect|Jolly||M|||50|]Sinistcha||SitrusBerry|Hospitality|RagePowder,MatchaGotcha,Imprison,TrickRoom|Bold|||||50|]Swampert||Swampertite|Torrent|WaveCrash,Earthquake,IcePunch,Protect|Adamant||M|||50|]Sneasler||WhiteHerb|Unburden|FakeOut,DireClaw,CloseCombat,Protect|Adamant||F|||50|]Pelipper||DampRock|Drizzle|Tailwind,Hurricane,WeatherBall,Protect|Timid||M|||50|
|inactive|Battle timer is ON: inactive players will automatically lose when time's up. (requested by babysha)
|
|t:|1785617935
|teamsize|p1|4
|teamsize|p2|4
|start
|switch|p1a: Garchomp|Garchomp, L50, F|100/100
|switch|p1b: Whimsicott|Whimsicott, L50, F|100/100
|switch|p2a: Aerodactyl|Aerodactyl, L50, M|100/100
|switch|p2b: Kingambit|Kingambit, L50, M|100/100
|-ability|p2a: Aerodactyl|Unnerve
|turn|1
|
|t:|1785617955
|move|p1b: Whimsicott|Protect|p1b: Whimsicott
|-singleturn|p1b: Whimsicott|Protect
|move|p2a: Aerodactyl|Dual Wingbeat|p1b: Whimsicott
|-activate|p1b: Whimsicott|move: Protect
|move|p1a: Garchomp|Earthquake|p2b: Kingambit|[spread] p2b
|-activate|p1b: Whimsicott|move: Protect
|-immune|p2a: Aerodactyl
|-supereffective|p2b: Kingambit|1
|-damage|p2b: Kingambit|16/100
|-damage|p1a: Garchomp|90/100|[from] item: Life Orb
|move|p2b: Kingambit|Kowtow Cleave|p1a: Garchomp
|-damage|p1a: Garchomp|27/100
|-damage|p2b: Kingambit|3/100|[from] ability: Rough Skin|[of] p1a: Garchomp
|-damage|p2b: Kingambit|0 fnt|[from] item: Life Orb
|faint|p2b: Kingambit
|
|upkeep
|
|t:|1785617965
|switch|p2b: Swampert|Swampert, L50, M|100/100
|turn|2
|
|t:|1785617973
|switch|p1b: Basculegion|Basculegion, L50, M|100/100
|detailschange|p2b: Swampert|Swampert-Mega, L50, M
|-mega|p2b: Swampert|Swampert|Swampertite
|move|p2a: Aerodactyl|Dual Wingbeat|p1b: Basculegion
|-damage|p1b: Basculegion|76/100
|-damage|p1b: Basculegion|54/100
|-hitcount|p1b: Basculegion|2
|move|p1a: Garchomp|Rock Slide|p2b: Swampert|[spread] p2a,p2b
|-supereffective|p2a: Aerodactyl|1
|-resisted|p2b: Swampert|1
|-damage|p2a: Aerodactyl|17/100
|-damage|p2b: Swampert|88/100
|-damage|p1a: Garchomp|17/100|[from] item: Life Orb
|cant|p2b: Swampert|flinch
|
|upkeep
|turn|3
|
|t:|1785618000
|switch|p1b: Charizard|Charizard, L50, M|100/100
|switch|p2a: Pelipper|Pelipper, L50, M|100/100
|-weather|RainDance|[from] ability: Drizzle|[of] p2a: Pelipper
|switch|p1a: Whimsicott|Whimsicott, L50, F|100/100
|move|p2b: Swampert|Earthquake|p1b: Charizard|[spread] p1a
|-immune|p2a: Pelipper
|-immune|p1b: Charizard
|-resisted|p1a: Whimsicott|1
|-damage|p1a: Whimsicott|66/100
|
|-weather|RainDance|[upkeep]
|upkeep
|turn|4
|inactive|TrumpForPrez2028 has 30 seconds left.
|inactive|babysha has 30 seconds left.
|inactive|babysha has 20 seconds left.
|
|t:|1785618040
|detailschange|p1b: Charizard|Charizard-Mega-Y, L50, M
|-mega|p1b: Charizard|Charizard|Charizardite Y
|-weather|SunnyDay|[from] ability: Drought|[of] p1b: Charizard
|move|p2b: Swampert|Protect|p2b: Swampert
|-singleturn|p2b: Swampert|Protect
|move|p1a: Whimsicott|Moonblast|p2a: Pelipper
|-damage|p2a: Pelipper|37/100
|-unboost|p2a: Pelipper|spa|1
|move|p1b: Charizard|Solar Beam||[still]
|-prepare|p1b: Charizard|Solar Beam
|-anim|p1b: Charizard|Solar Beam|p2a: Pelipper
|-damage|p2a: Pelipper|0 fnt
|faint|p2a: Pelipper
|
|-weather|SunnyDay|[upkeep]
|upkeep
|
|t:|1785618052
|switch|p2a: Aerodactyl|Aerodactyl, L50, M|17/100
|-ability|p2a: Aerodactyl|Unnerve
|turn|5
|
|t:|1785618061
|move|p1a: Whimsicott|Tailwind|p1a: Whimsicott
|-sidestart|p1: TrumpForPrez2028|move: Tailwind
|move|p1b: Charizard|Heat Wave|p2b: Swampert|[spread] p2a,p2b
|-resisted|p2a: Aerodactyl|1
|-resisted|p2b: Swampert|1
|-damage|p2a: Aerodactyl|0 fnt
|-damage|p2b: Swampert|55/100
|faint|p2a: Aerodactyl
|move|p2b: Swampert|Ice Punch|p1a: Whimsicott
|-supereffective|p1a: Whimsicott|1
|-damage|p1a: Whimsicott|0 fnt
|faint|p1a: Whimsicott
|
|-weather|SunnyDay|[upkeep]
|upkeep
|
|t:|1785618067
|switch|p1a: Garchomp|Garchomp, L50, F|17/100
|turn|6
|-message|babysha forfeited.
|
|win|TrumpForPrez2028
|l|‽babysha
|player|p2|
||TrumpForPrez2028 is ready for game 3.
||babysha is ready for game 3.
|uhtml|next|Next: Game 3 of 3
