|j|☆Hammycarter L
|j|☆whatsupbig
|html|Hammycarter Lwhatsupbig    
|uhtml|bestof|Game 1 of a best-of-3
|t:|1757861146
|gametype|doubles
|player|p1|Hammycarter L|2|
|player|p2|whatsupbig|170|
|gen|9
|tier|[Gen 9] VGC 2025 Reg H (Bo3)
|rule|Species Clause: Limit one of each Pokémon
|rule|Item Clause: Limit 1 of each item
|clearpoke
|poke|p1|Ursaluna, L50, M|
|poke|p1|Hydreigon, L50, F|
|poke|p1|Indeedee-F, L50, F|
|poke|p1|Dondozo, L50, F|
|poke|p1|Tatsugiri, L50, M|
|poke|p1|Incineroar, L50, M|
|poke|p2|Maushold-Four, L50|
|poke|p2|Archaludon, L50, M|
|poke|p2|Basculegion, L50, M|
|poke|p2|Pelipper, L50, F|
|poke|p2|Lurantis, L50, M|
|poke|p2|Gholdengo, L50|
|teampreview|4
|showteam|p1|Ursaluna||FlameOrb|Guts|Facade,Earthquake,HeadlongRush,Protect|||M|||50|,,,,,Ghost]Hydreigon||ScopeLens|Levitate|DracoMeteor,FlashCannon,FocusEnergy,Protect|||F|||50|,,,,,Ghost]Indeedee-F||PsychicSeed|PsychicSurge|FollowMe,HelpingHand,TrickRoom,DazzlingGleam|||F|||50|,,,,,Fairy]Dondozo||Leftovers|Unaware|WaveCrash,Earthquake,Yawn,Protect|||F|||50|,,,,,Grass]Tatsugiri||ChoiceScarf|Commander|IcyWind,HydroPump,MuddyWater,DracoMeteor|||M|||50|,,,,,Stellar]Incineroar||SafetyGoggles|Intimidate|PartingShot,FakeOut,FlareBlitz,KnockOff|||M|||50|,,,,,Bug
|showteam|p2|Maushold-Four||WideLens|Technician|PopulationBomb,Protect,FollowMe,BeatUp||||||50|,,,,,Normal]Archaludon||Leftovers|Stamina|ElectroShot,BodyPress,FlashCannon,Protect|||M|||50|,,,,,Ghost]Basculegion||ChoiceBand|SwiftSwim|LastRespects,WaveCrash,FlipTurn,Crunch|||M|||50|,,,,,Ghost]Pelipper||CovertCloak|Drizzle|Hurricane,Protect,Tailwind,IcyWind|||F|||50|,,,,,Ground]Lurantis||ClearAmulet|Contrary|Superpower,LeafBlade,Protect,KnockOff|||M|||50|,,,,,Fighting]Gholdengo||ChoiceSpecs|GoodasGold|MakeItRain,ShadowBall,Thunder,PowerGem||||||50|,,,,,Dark
|
|t:|1757861222
|teamsize|p1|4
|teamsize|p2|4
|start
|switch|p1a: Hydreigon|Hydreigon, L50, F|100/100
|switch|p1b: Incineroar|Incineroar, L50, M|100/100
|switch|p2a: Pelipper|Pelipper, L50, F|100/100
|switch|p2b: Archaludon|Archaludon, L50, M|100/100
|-weather|RainDance|[from] ability: Drizzle|[of] p2a: Pelipper
|-ability|p1b: Incineroar|Intimidate|boost
|-unboost|p2a: Pelipper|atk|1
|-unboost|p2b: Archaludon|atk|1
|turn|1
|
|t:|1757861244
|move|p2b: Archaludon|Protect|p2b: Archaludon
|-singleturn|p2b: Archaludon|Protect
|move|p1b: Incineroar|Fake Out|p2b: Archaludon
|-activate|p2b: Archaludon|move: Protect
|move|p1a: Hydreigon|Focus Energy|p1a: Hydreigon
|-start|p1a: Hydreigon|move: Focus Energy
|move|p2a: Pelipper|Tailwind|p2a: Pelipper
|-sidestart|p2: whatsupbig|move: Tailwind
|
|-weather|RainDance|[upkeep]
|upkeep
|turn|2
|
|t:|1757861274
|move|p1a: Hydreigon|Protect|p1a: Hydreigon
|-singleturn|p1a: Hydreigon|Protect
|move|p2b: Archaludon|Body Press|p1a: Hydreigon
|-activate|p1a: Hydreigon|move: Protect
|move|p2a: Pelipper|Hurricane|p1a: Hydreigon
|-activate|p1a: Hydreigon|move: Protect
|move|p1b: Incineroar|Parting Shot|p2b: Archaludon
|-unboost|p2b: Archaludon|atk|1
|-unboost|p2b: Archaludon|spa|1
|
|t:|1757861288
|switch|p1b: Tatsugiri|Tatsugiri, L50, M|100/100|[from] Parting Shot
|
|-weather|RainDance|[upkeep]
|upkeep
|turn|3
|
|t:|1757861305
|move|p1b: Tatsugiri|Icy Wind|p2a: Pelipper|[spread] p2a,p2b
|-damage|p2a: Pelipper|82/100
|-damage|p2b: Archaludon|82/100
|-unboost|p2b: Archaludon|spe|1
|-ability|p2b: Archaludon|Stamina|boost
|-boost|p2b: Archaludon|def|1
|move|p2a: Pelipper|Hurricane|p1a: Hydreigon
|-damage|p1a: Hydreigon|60/100
|move|p1a: Hydreigon|Draco Meteor|p2b: Archaludon
|-crit|p2b: Archaludon
|-damage|p2b: Archaludon|0 fnt
|-unboost|p1a: Hydreigon|spa|2
|faint|p2b: Archaludon
|
|-weather|RainDance|[upkeep]
|upkeep
|
|t:|1757861323
|switch|p2b: Basculegion|Basculegion, L50, M|100/100
|turn|4
|
|t:|1757861341
|switch|p1b: Incineroar|Incineroar, L50, M|100/100
|-ability|p1b: Incineroar|Intimidate|boost
|-unboost|p2a: Pelipper|atk|1
|-unboost|p2b: Basculegion|atk|1
|move|p1a: Hydreigon|Protect|p1a: Hydreigon
|-singleturn|p1a: Hydreigon|Protect
|move|p2b: Basculegion|Last Respects|p1a: Hydreigon
|-activate|p1a: Hydreigon|move: Protect
|move|p2a: Pelipper|Hurricane|p1a: Hydreigon
|-activate|p1a: Hydreigon|move: Protect
|
|-weather|RainDance|[upkeep]
|-sideend|p2: whatsupbig|move: Tailwind
|upkeep
|turn|5
|
|t:|1757861369
|switch|p2b: Lurantis|Lurantis, L50, M|100/100
|move|p1b: Incineroar|Fake Out|p2a: Pelipper
|-damage|p2a: Pelipper|72/100
|move|p1a: Hydreigon|Draco Meteor|p2b: Lurantis
|-crit|p2b: Lurantis
|-damage|p2b: Lurantis|0 fnt
|-unboost|p1a: Hydreigon|spa|2
|faint|p2b: Lurantis
|move|p2a: Pelipper|Tailwind|p2a: Pelipper
|-sidestart|p2: whatsupbig|move: Tailwind
|
|-weather|none
|upkeep
|
|t:|1757861381
|switch|p2b: Basculegion|Basculegion, L50, M|100/100
|turn|6
|
|t:|1757861393
|move|p1a: Hydreigon|Protect|p1a: Hydreigon
|-singleturn|p1a: Hydreigon|Protect
|move|p2b: Basculegion|Last Respects|p1a: Hydreigon
|-activate|p1a: Hydreigon|move: Protect
|move|p2a: Pelipper|Hurricane|p1a: Hydreigon
|-activate|p1a: Hydreigon|move: Protect
|move|p1b: Incineroar|Parting Shot|p2b: Basculegion
|-unboost|p2b: Basculegion|atk|1
|-unboost|p2b: Basculegion|spa|1
|
|t:|1757861412
|switch|p1b: Tatsugiri|Tatsugiri, L50, M|100/100|[from] Parting Shot
|
|upkeep
|turn|7
|
|t:|1757861426
|move|p2b: Basculegion|Last Respects|p1a: Hydreigon
|-resisted|p1a: Hydreigon
|-damage|p1a: Hydreigon|18/100
|move|p1b: Tatsugiri|Icy Wind|p2a: Pelipper|[spread] p2a,p2b
|-resisted|p2b: Basculegion
|-damage|p2a: Pelipper|51/100
|-damage|p2b: Basculegion|92/100
|-unboost|p2b: Basculegion|spe|1
|move|p2a: Pelipper|Hurricane|p1a: Hydreigon|[miss]
|-miss|p2a: Pelipper|p1a: Hydreigon
|move|p1a: Hydreigon|Draco Meteor|p2b: Basculegion
|-crit|p2b: Basculegion
|-damage|p2b: Basculegion|0 fnt
|-unboost|p1a: Hydreigon|spa|2
|faint|p2b: Basculegion
|
|upkeep
|turn|8
|
|t:|1757861441
|move|p1b: Tatsugiri|Icy Wind|p2a: Pelipper
|-damage|p2a: Pelipper|25/100
|move|p2a: Pelipper|Hurricane|p1a: Hydreigon|[miss]
|-miss|p2a: Pelipper|p1a: Hydreigon
|move|p1a: Hydreigon|Draco Meteor|p2a: Pelipper
|-crit|p2a: Pelipper
|-damage|p2a: Pelipper|0 fnt
|faint|p2a: Pelipper
|
|win|Hammycarter L
||whatsupbig is ready for game 2.
|inactive|Hammycarter L has 30 seconds to confirm battle start!
||Hammycarter L is ready for game 2.
|uhtml|next|Next: Game 2 of 3
|l|☆whatsupbig
|player|p2|
