|j|☆palle synchro
|j|☆shanekobe23
|html|palle synchroshanekobe23    
|uhtml|bestof|Game 1 of a best-of-3
|t:|1784836201
|gametype|doubles
|player|p1|palle synchro|volkner|1450
|player|p2|shanekobe23|101|1335
|gen|9
|tier|[Gen 9 Champions] VGC 2026 Reg M-B (Bo3)
|rated|
|rule|Species Clause: Limit one of each Pokémon
|rule|Item Clause: Limit 1 of each item
|clearpoke
|poke|p1|Charizard, L50, M|
|poke|p1|Venusaur, L50, F|
|poke|p1|Sableye, L50, F|
|poke|p1|Archaludon, L50, F|
|poke|p1|Pelipper, L50, M|
|poke|p1|Swampert, L50, M|
|poke|p2|Delphox, L50, M|
|poke|p2|Incineroar, L50, F|
|poke|p2|Garchomp, L50, M|
|poke|p2|Floette-Eternal, L50, F|
|poke|p2|Whimsicott, L50, M|
|poke|p2|Sneasler, L50, M|
|teampreview|4
|showteam|p1|Charizard||CharizarditeY|Blaze|HeatWave,WeatherBall,Hurricane,Protect|Modest||M|||50|]Venusaur||FocusSash|Chlorophyll|EnergyBall,SludgeBomb,EarthPower,SleepPowder|Modest||F|||50|]Sableye||LightClay|Prankster|LightScreen,Reflect,RainDance,Disable|Sassy||F|||50|]Archaludon||Leftovers|Stamina|ElectroShot,DragonPulse,FlashCannon,Protect|Modest||F|||50|]Pelipper||SitrusBerry|Drizzle|WeatherBall,Hurricane,Tailwind,Protect|Modest||M|||50|]Swampert||Swampertite|Torrent|WaveCrash,HighHorsepower,IcePunch,Protect|Adamant||M|||50|
|showteam|p2|Delphox||Delphoxite|Blaze|HeatWave,Psychic,NastyPlot,Protect|Modest||M|||50|]Incineroar||ShucaBerry|Intimidate|FakeOut,ThroatChop,FlareBlitz,PartingShot|Careful||F|||50|]Garchomp||LifeOrb|RoughSkin|StompingTantrum,Earthquake,DragonClaw,Protect|Adamant||M|||50|]Floette-Eternal||Floettite|FlowerVeil|Moonblast,DazzlingGleam,LightofRuin,Protect|Modest||F|||50|]Whimsicott||FocusSash|Prankster|Moonblast,Tailwind,Encore,Protect|Timid||M|||50|]Sneasler||WhiteHerb|PoisonTouch|Taunt,DireClaw,CloseCombat,Protect|Jolly||M|||50|
|inactive|Battle timer is ON: inactive players will automatically lose when time's up. (requested by palle synchro)
|inactive|shanekobe23 has 60 seconds left.
|c|☆palle synchro|dai su
|inactive|shanekobe23 has 30 seconds left.
|
|t:|1784836290
|teamsize|p1|4
|teamsize|p2|4
|start
|switch|p1a: Charizard|Charizard, L50, M|100/100
|switch|p1b: Venusaur|Venusaur, L50, F|100/100
|switch|p2a: Garchomp|Garchomp, L50, M|100/100
|switch|p2b: Whimsicott|Whimsicott, L50, M|100/100
|turn|1
|c|☆shanekobe23|huh
|inactive|shanekobe23 has 30 seconds left.
|
|t:|1784836315
|detailschange|p1a: Charizard|Charizard-Mega-Y, L50, M
|-mega|p1a: Charizard|Charizard|Charizardite Y
|-weather|SunnyDay|[from] ability: Drought|[of] p1a: Charizard
|move|p2b: Whimsicott|Tailwind|p2b: Whimsicott
|-sidestart|p2: shanekobe23|move: Tailwind
|move|p1b: Venusaur|Sleep Powder|p2a: Garchomp|[miss]
|-miss|p1b: Venusaur|p2a: Garchomp
|move|p2a: Garchomp|Dragon Claw|p1a: Charizard
|-damage|p1a: Charizard|32/100
|-damage|p2a: Garchomp|90/100|[from] item: Life Orb
|move|p1a: Charizard|Heat Wave|p2b: Whimsicott|[spread] p2a,p2b
|-resisted|p2a: Garchomp|1
|-supereffective|p2b: Whimsicott|1
|-damage|p2a: Garchomp|62/100
|-enditem|p2b: Whimsicott|Focus Sash
|-damage|p2b: Whimsicott|1/100
|
|-weather|SunnyDay|[upkeep]
|upkeep
|turn|2
|inactive|shanekobe23 has 30 seconds left.
|
|t:|1784836345
|move|p2b: Whimsicott|Moonblast|p1b: Venusaur
|-resisted|p1b: Venusaur|1
|-damage|p1b: Venusaur|80/100
|move|p1b: Venusaur|Sleep Powder|p2a: Garchomp|[miss]
|-miss|p1b: Venusaur|p2a: Garchomp
|move|p2a: Garchomp|Dragon Claw|p1b: Venusaur
|-damage|p1b: Venusaur|7/100
|-damage|p2a: Garchomp|52/100|[from] item: Life Orb
|move|p1a: Charizard|Heat Wave|p2b: Whimsicott|[spread] p2a,p2b
|-resisted|p2a: Garchomp|1
|-supereffective|p2b: Whimsicott|1
|-damage|p2a: Garchomp|22/100
|-damage|p2b: Whimsicott|0 fnt
|faint|p2b: Whimsicott
|
|-weather|SunnyDay|[upkeep]
|upkeep
|
|t:|1784836362
|switch|p2b: Floette|Floette-Eternal, L50, F|100/100
|turn|3
|
|t:|1784836376
|switch|p1b: Archaludon|Archaludon, L50, F|100/100
|switch|p1a: Pelipper|Pelipper, L50, M|100/100
|-weather|RainDance|[from] ability: Drizzle|[of] p1a: Pelipper
|detailschange|p2b: Floette|Floette-Mega, L50, F
|-mega|p2b: Floette|Floette|Floettite
|-ability|p2b: Floette|Fairy Aura
|move|p2b: Floette|Dazzling Gleam|p1b: Archaludon|[spread] p1a,p1b
|-damage|p1a: Pelipper|43/100
|-damage|p1b: Archaludon|48/100
|-ability|p1b: Archaludon|Stamina|boost
|-boost|p1b: Archaludon|def|1
|-enditem|p1a: Pelipper|Sitrus Berry|[eat]
|-heal|p1a: Pelipper|68/100|[from] item: Sitrus Berry
|move|p2a: Garchomp|Stomping Tantrum|p1a: Pelipper
|-immune|p1a: Pelipper
|
|-weather|RainDance|[upkeep]
|-heal|p1b: Archaludon|54/100|[from] item: Leftovers
|upkeep
|turn|4
|inactive|shanekobe23 has 30 seconds left.
|
|t:|1784836401
|move|p1b: Archaludon|Protect|p1b: Archaludon
|-singleturn|p1b: Archaludon|Protect
|move|p2b: Floette|Dazzling Gleam|p1b: Archaludon|[spread] p1a
|-activate|p1b: Archaludon|move: Protect
|-damage|p1a: Pelipper|13/100
|move|p2a: Garchomp|Dragon Claw|p1a: Pelipper
|-damage|p1a: Pelipper|0 fnt
|faint|p1a: Pelipper
|-damage|p2a: Garchomp|12/100|[from] item: Life Orb
|
|-weather|RainDance|[upkeep]
|-heal|p1b: Archaludon|61/100|[from] item: Leftovers
|-sideend|p2: shanekobe23|move: Tailwind
|upkeep
|
|t:|1784836415
|switch|p1a: Venusaur|Venusaur, L50, F|7/100
|turn|5
|
|t:|1784836426
|switch|p1b: Charizard|Charizard-Mega-Y, L50, M|32/100
|-weather|SunnyDay|[from] ability: Drought|[of] p1b: Charizard
|move|p1a: Venusaur|Sleep Powder|p2b: Floette
|-status|p2b: Floette|slp|[from] move: Sleep Powder
|cant|p2b: Floette|slp
|move|p2a: Garchomp|Dragon Claw|p1a: Venusaur
|-damage|p1a: Venusaur|0 fnt
|faint|p1a: Venusaur
|-damage|p2a: Garchomp|2/100|[from] item: Life Orb
|
|-weather|SunnyDay|[upkeep]
|upkeep
|
|t:|1784836433
|switch|p1a: Archaludon|Archaludon, L50, F|61/100
|turn|6
|
|t:|1784836451
|move|p2a: Garchomp|Protect|p2a: Garchomp
|-singleturn|p2a: Garchomp|Protect
|-curestatus|p2b: Floette|slp|[msg]
|move|p2b: Floette|Dazzling Gleam|p1a: Archaludon|[spread] p1a,p1b
|-resisted|p1b: Charizard|1
|-damage|p1a: Archaludon|9/100
|-damage|p1b: Charizard|10/100
|-ability|p1a: Archaludon|Stamina|boost
|-boost|p1a: Archaludon|def|1
|move|p1b: Charizard|Heat Wave|p2b: Floette|[spread] 
|-activate|p2a: Garchomp|move: Protect
|-miss|p1b: Charizard|p2b: Floette
|move|p1a: Archaludon|Flash Cannon|p2b: Floette
|-supereffective|p2b: Floette|1
|-damage|p2b: Floette|42/100
|
|-weather|SunnyDay|[upkeep]
|-heal|p1a: Archaludon|15/100|[from] item: Leftovers
|upkeep
|turn|7
|-message|palle synchro forfeited.
|
|win|shanekobe23
