|j|☆Luks1220
|j|☆lockerft
|html|Luks1220lockerft    
|uhtml|bestof|Game 3 of a best-of-3
|t:|1783784786
|gametype|doubles
|player|p1|Luks1220|1|
|player|p2|lockerft|1|
|gen|9
|tier|[Gen 9 Champions] VGC 2026 Reg M-B (Bo3)
|rule|Species Clause: Limit one of each Pokémon
|rule|Item Clause: Limit 1 of each item
|clearpoke
|poke|p1|Falinks, L50|
|poke|p1|Sinistcha, L50|
|poke|p1|Incineroar, L50, F|
|poke|p1|Rotom-Wash, L50|
|poke|p1|Dragalge, L50, F|
|poke|p1|Glimmora, L50, M|
|poke|p2|Rotom-Wash, L50, shiny|
|poke|p2|Swampert, L50, F|
|poke|p2|Basculegion, L50, M|
|poke|p2|Eelektross, L50, F|
|poke|p2|Archaludon, L50, M|
|poke|p2|Pelipper, L50, M|
|teampreview|4
|showteam|p1|Falinks||Falinksite|Defiant|NoRetreat,CloseCombat,IronHead,Protect|Adamant|||||50|]Sinistcha||KasibBerry|Hospitality|MatchaGotcha,Protect,RagePowder,StrengthSap|Bold|||||50|]Incineroar||ChopleBerry|Intimidate|FakeOut,PartingShot,DarkestLariat,FlareBlitz|Impish||F|||50|]Rotom-Wash||SitrusBerry|Levitate|Thunderbolt,WillOWisp,HydroPump,LightScreen|Bold|||||50|]Dragalge||Dragalgite|PoisonPoint|SludgeBomb,FlipTurn,Protect,DracoMeteor|Serious||F|||50|]Glimmora||FocusSash|ToxicDebris|SpikyShield,EarthPower,PowerGem,SludgeBomb|Timid||M|||50|
|showteam|p2|Rotom-Wash||SitrusBerry|Levitate|Thunderbolt,HydroPump,Protect,WillOWisp|Timid|||||50|]Swampert||Swampertite|Torrent|Liquidation,HighHorsepower,Protect,IcePunch|Adamant||F|||50|]Basculegion||LifeOrb|SwiftSwim|Liquidation,LastRespects,AquaJet,PsychicFangs|Adamant||M|||50|]Eelektross||Eelektrossite|Levitate|Thunder,GigaDrain,DragonPulse,Protect|Timid||F|||50|]Archaludon||Leftovers|Stamina|FlashCannon,DracoMeteor,ElectroShot,DarkPulse|Modest||M|||50|]Pelipper||DampRock|Drizzle|WeatherBall,Hurricane,Tailwind,Protect|Bold||M|||50|
|
|t:|1783784795
|teamsize|p1|4
|teamsize|p2|4
|start
|switch|p1a: PredictableCreatur|Falinks, L50|100/100
|switch|p1b: JARONA!|Incineroar, L50, F|100/100
|switch|p2a: Pelipper|Pelipper, L50, M|100/100
|switch|p2b: Swampert|Swampert, L50, F|100/100
|-weather|RainDance|[from] ability: Drizzle|[of] p2a: Pelipper
|-ability|p1b: JARONA!|Intimidate|boost
|-unboost|p2a: Pelipper|atk|1
|-unboost|p2b: Swampert|atk|1
|turn|1
|
|t:|1783784815
|detailschange|p2b: Swampert|Swampert-Mega, L50, F
|-mega|p2b: Swampert|Swampert|Swampertite
|detailschange|p1a: PredictableCreatur|Falinks-Mega, L50
|-mega|p1a: PredictableCreatur|Falinks|Falinksite
|move|p1b: JARONA!|Fake Out|p2a: Pelipper
|-damage|p2a: Pelipper|90/100
|move|p2b: Swampert|Liquidation|p1a: PredictableCreatur
|-damage|p1a: PredictableCreatur|53/100
|-unboost|p1a: PredictableCreatur|def|1
|-ability|p1a: PredictableCreatur|Defiant|boost
|-boost|p1a: PredictableCreatur|atk|2
|move|p1a: PredictableCreatur|No Retreat|p1a: PredictableCreatur
|-boost|p1a: PredictableCreatur|atk|1
|-boost|p1a: PredictableCreatur|def|1
|-boost|p1a: PredictableCreatur|spa|1
|-boost|p1a: PredictableCreatur|spd|1
|-boost|p1a: PredictableCreatur|spe|1
|-start|p1a: PredictableCreatur|move: No Retreat
|cant|p2a: Pelipper|flinch
|
|-weather|RainDance|[upkeep]
|upkeep
|turn|2
|
|t:|1783784839
|switch|p1b: It's me Flowery|Sinistcha, L50|100/100
|-heal|p1a: PredictableCreatur|78/100|[from] ability: Hospitality|[of] p1b: It's me Flowery
|move|p1a: PredictableCreatur|Protect|p1a: PredictableCreatur
|-singleturn|p1a: PredictableCreatur|Protect
|move|p2b: Swampert|Liquidation|p1b: It's me Flowery
|-resisted|p1b: It's me Flowery|1
|-damage|p1b: It's me Flowery|81/100
|move|p2a: Pelipper|Tailwind|p2a: Pelipper
|-sidestart|p2: lockerft|move: Tailwind
|
|-weather|RainDance|[upkeep]
|upkeep
|turn|3
|
|t:|1783784856
|switch|p2b: Archaludon|Archaludon, L50, M|100/100
|move|p1a: PredictableCreatur|Close Combat|p2b: Archaludon
|-supereffective|p2b: Archaludon|1
|-damage|p2b: Archaludon|0 fnt
|-unboost|p1a: PredictableCreatur|def|1
|-unboost|p1a: PredictableCreatur|spd|1
|faint|p2b: Archaludon
|move|p2a: Pelipper|Hurricane|p1b: It's me Flowery
|-supereffective|p1b: It's me Flowery|1
|-damage|p1b: It's me Flowery|0 fnt
|faint|p1b: It's me Flowery
|
|-weather|RainDance|[upkeep]
|upkeep
|
|t:|1783784871
|switch|p2b: Rotom|Rotom-Wash, L50, shiny|100/100
|switch|p1b: Ja-orange!|Rotom-Wash, L50|100/100
|turn|4
|
|t:|1783784880
|switch|p2a: Swampert|Swampert-Mega, L50, F|100/100
|move|p2b: Rotom|Will-O-Wisp|p1a: PredictableCreatur|[miss]
|-miss|p2b: Rotom|p1a: PredictableCreatur
|move|p1a: PredictableCreatur|Close Combat|p2b: Rotom
|-damage|p2b: Rotom|0 fnt
|-unboost|p1a: PredictableCreatur|def|1
|-unboost|p1a: PredictableCreatur|spd|1
|faint|p2b: Rotom
|move|p1b: Ja-orange!|Thunderbolt|p2a: Swampert
|-immune|p2a: Swampert
|
|-weather|RainDance|[upkeep]
|upkeep
|
|t:|1783784885
|switch|p2b: Pelipper|Pelipper, L50, M|90/100
|turn|5
|
|t:|1783784900
|move|p2b: Pelipper|Protect|p2b: Pelipper
|-singleturn|p2b: Pelipper|Protect
|move|p2a: Swampert|Liquidation|p1a: PredictableCreatur
|-damage|p1a: PredictableCreatur|0 fnt
|faint|p1a: PredictableCreatur
|move|p1b: Ja-orange!|Thunderbolt|p2b: Pelipper
|-activate|p2b: Pelipper|move: Protect
|
|-weather|RainDance|[upkeep]
|-sideend|p2: lockerft|move: Tailwind
|upkeep
|
|t:|1783784911
|switch|p1a: JARONA!|Incineroar, L50, F|100/100
|-ability|p1a: JARONA!|Intimidate|boost
|-unboost|p2a: Swampert|atk|1
|-unboost|p2b: Pelipper|atk|1
|turn|6
|
|t:|1783784920
|move|p1a: JARONA!|Fake Out|p2a: Swampert
|-crit|p2a: Swampert
|-damage|p2a: Swampert|80/100
|cant|p2a: Swampert|flinch
|move|p1b: Ja-orange!|Thunderbolt|p2b: Pelipper
|-supereffective|p2b: Pelipper|2
|-damage|p2b: Pelipper|0 fnt
|faint|p2b: Pelipper
|
|-weather|RainDance|[upkeep]
|upkeep
|turn|7
|
|t:|1783784935
|move|p2a: Swampert|Liquidation|p1a: JARONA!
|-supereffective|p1a: JARONA!|1
|-damage|p1a: JARONA!|7/100
|-unboost|p1a: JARONA!|def|1
|move|p1b: Ja-orange!|Hydro Pump|p2a: Swampert|[miss]
|-miss|p1b: Ja-orange!|p2a: Swampert
|move|p1a: JARONA!|Darkest Lariat|p2a: Swampert
|-damage|p2a: Swampert|41/100
|
|-weather|RainDance|[upkeep]
|upkeep
|turn|8
|
|t:|1783784953
|move|p2a: Swampert|Liquidation|p1b: Ja-orange!
|-resisted|p1b: Ja-orange!|1
|-damage|p1b: Ja-orange!|75/100
|move|p1b: Ja-orange!|Hydro Pump|p2a: Swampert
|-damage|p2a: Swampert|0 fnt
|faint|p2a: Swampert
|
|win|Luks1220
|l|☆lockerft
|player|p2|
