|j|☆buf47RIPMegaFlygon
|j|☆edhen
|html|buf47RIPMegaFlygonedhen    
|uhtml|bestof|Game 1 of a best-of-3
|t:|1756414980
|gametype|doubles
|player|p1|buf47RIPMegaFlygon|265|1354
|player|p2|edhen|clair|1303
|gen|9
|tier|[Gen 9] VGC 2025 Reg H (Bo3)
|rated|
|rule|Species Clause: Limit one of each Pokémon
|rule|Item Clause: Limit 1 of each item
|clearpoke
|poke|p1|Dondozo, L50, M|
|poke|p1|Tatsugiri, L50, M|
|poke|p1|Dragonite, L50, F|
|poke|p1|Annihilape, L50, M|
|poke|p1|Zoroark-Hisui, L50, M|
|poke|p1|Volcarona, L50, M|
|poke|p2|Pelipper, L50, F|
|poke|p2|Archaludon, L50, M|
|poke|p2|Comfey, L50, M|
|poke|p2|Rillaboom, L50, M|
|poke|p2|Basculegion, L50, M|
|poke|p2|Volcarona, L50, M|
|teampreview|4
|showteam|p1|Dondozo||Leftovers|Unaware|WaveCrash,Earthquake,OrderUp,Protect|||M|||50|,,,,,Grass]Tatsugiri||ChoiceScarf|Commander|DracoMeteor,MuddyWater,IcyWind,HelpingHand|||M|||50|,,,,,Steel]Dragonite||LoadedDice|Multiscale|ScaleShot,IronHead,Haze,Protect|||F|||50|,,,,,Fairy]Annihilape||SafetyGoggles|Defiant|CloseCombat,RageFist,Taunt,Protect|||M|||50|,,,,,Fire]Zoroark-Hisui||ChoiceSpecs|Illusion|HyperVoice,ShadowBall,Flamethrower,Trick|||M|||50|,,,,,Normal]Volcarona||SitrusBerry|FlameBody|HeatWave,StruggleBug,RagePowder,Tailwind|||M|||50|,,,,,Fairy
|showteam|p2|Pelipper||FocusSash|Drizzle|WeatherBall,Hurricane,Tailwind,Protect|||F|||50|,,,,,Ghost]Archaludon||AssaultVest|Stamina|ElectroShot,BodyPress,FlashCannon,DragonPulse|||M|||50|,,,,,Grass]Comfey||WikiBerry|Triage|Protect,FloralHealing,DrainingKiss,Taunt|||M|||50|,,,,,Steel]Rillaboom||LoadedDice|GrassySurge|BulletSeed,GrassyGlide,FakeOut,HighHorsepower|||M|||50|,,,,,Water]Basculegion||ChoiceBand|SwiftSwim|LastRespects,WaveCrash,AquaJet,FlipTurn|||M|||50|,,,,,Water]Volcarona||GrassySeed|FlameBody|QuiverDance,GigaDrain,HeatWave,Protect|||M|||50|,,,,,Water
|
|t:|1756415011
|teamsize|p1|4
|teamsize|p2|4
|start
|switch|p1a: Dragonite|Dragonite, L50, F, shiny|100/100
|switch|p1b: Annihilape|Annihilape, L50, M, shiny|100/100
|switch|p2a: Rillaboom|Rillaboom, L50, M|100/100
|switch|p2b: Archaludon|Archaludon, L50, M|100/100
|-fieldstart|move: Grassy Terrain|[from] ability: Grassy Surge|[of] p2a: Rillaboom
|turn|1
|
|t:|1756415042
|-terastallize|p2b: Archaludon|Grass
|move|p1b: Annihilape|Close Combat|p2a: Rillaboom
|-damage|p2a: Rillaboom|49/100
|-unboost|p1b: Annihilape|def|1
|-unboost|p1b: Annihilape|spd|1
|move|p2a: Rillaboom|Bullet Seed|p2b: Archaludon
|-resisted|p2b: Archaludon
|-damage|p2b: Archaludon|94/100
|-ability|p2b: Archaludon|Stamina|boost
|-boost|p2b: Archaludon|def|1
|-resisted|p2b: Archaludon
|-damage|p2b: Archaludon|91/100
|-ability|p2b: Archaludon|Stamina|boost
|-boost|p2b: Archaludon|def|1
|-resisted|p2b: Archaludon
|-damage|p2b: Archaludon|88/100
|-ability|p2b: Archaludon|Stamina|boost
|-boost|p2b: Archaludon|def|1
|-resisted|p2b: Archaludon
|-damage|p2b: Archaludon|86/100
|-ability|p2b: Archaludon|Stamina|boost
|-boost|p2b: Archaludon|def|1
|-hitcount|p2b: Archaludon|4
|move|p1a: Dragonite|Scale Shot|p2a: Rillaboom|[miss]
|-miss|p1a: Dragonite|p2a: Rillaboom
|move|p2b: Archaludon|Dragon Pulse|p1a: Dragonite
|-supereffective|p1a: Dragonite
|-damage|p1a: Dragonite|64/100
|
|-heal|p2a: Rillaboom|55/100|[from] Grassy Terrain
|-heal|p2b: Archaludon|92/100|[from] Grassy Terrain
|upkeep
|turn|2
|
|t:|1756415072
|switch|p2a: Comfey|Comfey, L50, M|100/100
|move|p1b: Annihilape|Close Combat|p2a: Comfey
|-resisted|p2a: Comfey
|-damage|p2a: Comfey|71/100
|-unboost|p1b: Annihilape|def|1
|-unboost|p1b: Annihilape|spd|1
|move|p1a: Dragonite|Haze|p1a: Dragonite
|-clearallboost
|move|p2b: Archaludon|Dragon Pulse|p1a: Dragonite
|-supereffective|p1a: Dragonite
|-damage|p1a: Dragonite|0 fnt
|faint|p1a: Dragonite
|
|-heal|p2a: Comfey|77/100|[from] Grassy Terrain
|-heal|p2b: Archaludon|98/100|[from] Grassy Terrain
|upkeep
|
|t:|1756415083
|switch|p1a: Dondoctor|Dondozo, L50, M, shiny|100/100
|turn|3
|
|t:|1756415093
|switch|p1b: The rock|Tatsugiri, L50, M, shiny|100/100
|-activate|p1b: The rock|ability: Commander|[of] p1a: Dondoctor
|-boost|p1a: Dondoctor|atk|2
|-boost|p1a: Dondoctor|spa|2
|-boost|p1a: Dondoctor|spe|2
|-boost|p1a: Dondoctor|def|2
|-boost|p1a: Dondoctor|spd|2
|switch|p2a: Pelipper|Pelipper, L50, F|100/100
|-weather|RainDance|[from] ability: Drizzle|[of] p2a: Pelipper
|-terastallize|p1a: Dondoctor|Grass
|move|p1a: Dondoctor|Wave Crash|p2a: Pelipper
|-resisted|p2a: Pelipper
|-enditem|p2a: Pelipper|Focus Sash
|-damage|p2a: Pelipper|1/100
|-damage|p1a: Dondoctor|80/100|[from] Recoil
|move|p2b: Archaludon|Electro Shot||[still]
|-prepare|p2b: Archaludon|Electro Shot
|-boost|p2b: Archaludon|spa|1
|-anim|p2b: Archaludon|Electro Shot|p1a: Dondoctor
|-resisted|p1a: Dondoctor
|-damage|p1a: Dondoctor|69/100
|
|-weather|RainDance|[upkeep]
|-heal|p1a: Dondoctor|75/100|[from] Grassy Terrain
|-heal|p1a: Dondoctor|81/100|[from] item: Leftovers
|-heal|p2b: Archaludon|100/100|[from] Grassy Terrain
|upkeep
|turn|4
|
|t:|1756415116
|move|p2a: Pelipper|Protect|p2a: Pelipper
|-singleturn|p2a: Pelipper|Protect
|move|p1a: Dondoctor|Order Up|p2a: Pelipper
|-activate|p2a: Pelipper|move: Protect
|move|p2b: Archaludon|Dragon Pulse|p1a: Dondoctor
|-damage|p1a: Dondoctor|61/100
|
|-weather|RainDance|[upkeep]
|-heal|p1a: Dondoctor|66/100|[from] Grassy Terrain
|-heal|p1a: Dondoctor|72/100|[from] item: Leftovers
|upkeep
|turn|5
|
|t:|1756415138
|move|p2a: Pelipper|Protect|p2a: Pelipper
|-singleturn|p2a: Pelipper|Protect
|move|p1a: Dondoctor|Order Up|p2a: Pelipper
|-activate|p2a: Pelipper|move: Protect
|move|p2b: Archaludon|Dragon Pulse|p1a: Dondoctor
|-damage|p1a: Dondoctor|51/100
|
|-weather|RainDance|[upkeep]
|-heal|p1a: Dondoctor|57/100|[from] Grassy Terrain
|-heal|p1a: Dondoctor|63/100|[from] item: Leftovers
|-fieldend|move: Grassy Terrain
|upkeep
|turn|6
|
|t:|1756415145
|switch|p2a: Comfey|Comfey, L50, M|77/100
|move|p1a: Dondoctor|Order Up|p2a: Comfey
|-immune|p2a: Comfey
|move|p2b: Archaludon|Dragon Pulse|p1a: Dondoctor
|-damage|p1a: Dondoctor|40/100
|
|-weather|RainDance|[upkeep]
|-heal|p1a: Dondoctor|46/100|[from] item: Leftovers
|upkeep
|turn|7
|
|t:|1756415171
|move|p1a: Dondoctor|Protect|p1a: Dondoctor
|-singleturn|p1a: Dondoctor|Protect
|move|p2a: Comfey|Draining Kiss|p1a: Dondoctor
|-activate|p1a: Dondoctor|move: Protect
|move|p2b: Archaludon|Dragon Pulse|p1a: Dondoctor
|-activate|p1a: Dondoctor|move: Protect
|
|-weather|none
|-heal|p1a: Dondoctor|52/100|[from] item: Leftovers
|upkeep
|turn|8
|
|t:|1756415175
|move|p2a: Comfey|Protect|p2a: Comfey
|-singleturn|p2a: Comfey|Protect
|move|p1a: Dondoctor|Wave Crash|p2a: Comfey
|-activate|p2a: Comfey|move: Protect
|move|p2b: Archaludon|Dragon Pulse|p1a: Dondoctor
|-damage|p1a: Dondoctor|32/100
|
|-heal|p1a: Dondoctor|38/100|[from] item: Leftovers
|upkeep
|turn|9
|
|t:|1756415185
|move|p2a: Comfey|Draining Kiss|p1a: Dondoctor
|-crit|p1a: Dondoctor
|-damage|p1a: Dondoctor|16/100
|-heal|p2a: Comfey|100/100|[from] drain|[of] p1a: Dondoctor
|move|p1a: Dondoctor|Wave Crash|p2a: Comfey
|-damage|p2a: Comfey|0 fnt
|faint|p2a: Comfey
|-damage|p1a: Dondoctor|0 fnt|[from] Recoil
|faint|p1a: Dondoctor
|move|p2b: Archaludon|Dragon Pulse|p1b: The rock
|-supereffective|p1b: The rock
|-damage|p1b: The rock|0 fnt
|faint|p1b: The rock
|
|upkeep
|-message|buf47RIPMegaFlygon forfeited.
|
|win|edhen
||buf47RIPMegaFlygon is ready for game 2.
