|j|☆jimbo13
|j|☆Gamingdragon123
|html|jimbo13Gamingdragon123    
|uhtml|bestof|Game 2 of a best-of-3
|t:|1784834620
|gametype|doubles
|player|p1|jimbo13|grimsley|
|player|p2|Gamingdragon123|101|
|gen|9
|tier|[Gen 9 Champions] VGC 2026 Reg M-B (Bo3)
|rule|Species Clause: Limit one of each Pokémon
|rule|Item Clause: Limit 1 of each item
|clearpoke
|poke|p1|Spiritomb, L50, M|
|poke|p1|Snorlax, L50, M|
|poke|p1|Torkoal, L50, F|
|poke|p1|Grimmsnarl, L50, M|
|poke|p1|Scizor, L50, F|
|poke|p1|Typhlosion-Hisui, L50, M|
|poke|p2|Dragonite, L50, M|
|poke|p2|Heliolisk, L50, M|
|poke|p2|Kangaskhan, L50, F|
|poke|p2|Azumarill, L50, F|
|poke|p2|Lucario, L50, M|
|poke|p2|Charizard, L50, M|
|teampreview|4
|showteam|p1|Spiritomb||SpellTag|Infiltrator|Hex,WillOWisp,TrickRoom,PainSplit|Quiet||M|||50|]Snorlax||ChestoBerry|ThickFat|BodySlam,Earthquake,Rest,RockSlide|Brave||M|||50|]Torkoal||SitrusBerry|Drought|Eruption,Protect,SolarBeam,WillOWisp|Quiet||F|||50|]Grimmsnarl||LightClay|Prankster|SpiritBreak,PartingShot,Reflect,LightScreen|Sassy||M|||50|]Scizor||Scizorite|Technician|BulletPunch,BugBite,SwordsDance,DualWingbeat|Brave||F|||50|]Typhlosion-Hisui||ChoiceScarf|Blaze|Eruption,InfernalParade,FocusBlast,Extrasensory|Timid||M|||50|
|showteam|p2|Dragonite||SitrusBerry|InnerFocus|Protect,Waterfall,BodyPress,RockSlide|Adamant||M|||50|]Heliolisk||ChoiceScarf|DrySkin|RockSlide,Protect,Discharge,DarkPulse|Mild||M|||50|]Kangaskhan||Kangaskhanite|Scrappy|Crunch,FakeOut,Protect,DrainPunch|Adamant||F|||50|]Azumarill||ExpertBelt|HugePower|Waterfall,Encore,PlayRough,Protect|Adamant||F|||50|]Lucario||BlackBelt|Steadfast|AuraSphere,Counter,BrickBreak,BulletPunch|Serious||M|||50|]Charizard||CharizarditeY|Blaze|AncientPower,DragonPulse,Flamethrower,Protect|Naive||M|||50|
|
|t:|1784834713
|teamsize|p1|4
|teamsize|p2|4
|start
|switch|p1a: Tumble|Spiritomb, L50, M|100/100
|switch|p1b: Rough|Grimmsnarl, L50, M|100/100
|switch|p2a: Kangaskhan|Kangaskhan, L50, F|100/100
|switch|p2b: Azumarill|Azumarill, L50, F|100/100
|turn|1
|
|t:|1784834742
|switch|p1a: Sheol|Typhlosion-Hisui, L50, M|100/100
|move|p2a: Kangaskhan|Fake Out|p1a: Sheol
|-crit|p1a: Sheol
|-damage|p1a: Sheol|61/100
|move|p1b: Rough|Reflect|p1b: Rough
|-sidestart|p1: jimbo13|Reflect
|move|p2b: Azumarill|Encore|p1b: Rough
|-start|p1b: Rough|Encore
|
|upkeep
|turn|2
|
|t:|1784834826
|switch|p1b: Tumble|Spiritomb, L50, M|100/100
|move|p1a: Sheol|Eruption|p2a: Kangaskhan|[spread] p2a,p2b
|-crit|p2a: Kangaskhan
|-resisted|p2b: Azumarill|1
|-damage|p2a: Kangaskhan|43/100
|-damage|p2b: Azumarill|79/100
|move|p2a: Kangaskhan|Crunch|p1a: Sheol
|-supereffective|p1a: Sheol|1
|-damage|p1a: Sheol|16/100
|move|p2b: Azumarill|Waterfall|p1a: Sheol
|-supereffective|p1a: Sheol|1
|-damage|p1a: Sheol|0 fnt
|faint|p1a: Sheol
|
|upkeep
|
|t:|1784834838
|switch|p1a: Rough|Grimmsnarl, L50, M|100/100
|turn|3
|
|t:|1784834889
|move|p1a: Rough|Parting Shot|p2b: Azumarill
|-unboost|p2b: Azumarill|atk|1
|-unboost|p2b: Azumarill|spa|1
|
|t:|1784834911
|switch|p1a: Eepy|Snorlax, L50, M|100/100|[from] Parting Shot
|move|p2a: Kangaskhan|Drain Punch|p1b: Tumble
|-supereffective|p1b: Tumble|1
|-damage|p1b: Tumble|59/100
|-heal|p2a: Kangaskhan|58/100|[from] drain|[of] p1b: Tumble
|move|p2b: Azumarill|Play Rough|p1b: Tumble
|-supereffective|p1b: Tumble|1
|-damage|p1b: Tumble|0 fnt
|faint|p1b: Tumble
|
|upkeep
|
|t:|1784834922
|switch|p1b: Rough|Grimmsnarl, L50, M|100/100
|turn|4
|
|t:|1784835009
|move|p2a: Kangaskhan|Drain Punch|p1b: Rough
|-damage|p1b: Rough|79/100
|-heal|p2a: Kangaskhan|69/100|[from] drain|[of] p1b: Rough
|move|p2b: Azumarill|Play Rough|p1b: Rough
|-supereffective|p1b: Rough|1
|-crit|p1b: Rough
|-damage|p1b: Rough|0 fnt
|faint|p1b: Rough
|move|p1a: Eepy|Body Slam|p2b: Azumarill
|-damage|p2b: Azumarill|24/100
|-status|p2b: Azumarill|par
|
|upkeep
|turn|5
|
|t:|1784835026
|move|p2b: Azumarill|Protect|p2b: Azumarill
|-singleturn|p2b: Azumarill|Protect
|move|p2a: Kangaskhan|Drain Punch|p1a: Eepy
|-supereffective|p1a: Eepy|1
|-damage|p1a: Eepy|68/100
|-heal|p2a: Kangaskhan|92/100|[from] drain|[of] p1a: Eepy
|move|p1a: Eepy|Earthquake|p2a: Kangaskhan|[spread] p2a
|-activate|p2b: Azumarill|move: Protect
|-damage|p2a: Kangaskhan|64/100
|
|upkeep
|turn|6
|
|t:|1784835050
|move|p2a: Kangaskhan|Drain Punch|p1a: Eepy
|-supereffective|p1a: Eepy|1
|-damage|p1a: Eepy|37/100
|-heal|p2a: Kangaskhan|87/100|[from] drain|[of] p1a: Eepy
|move|p2b: Azumarill|Play Rough|p1a: Eepy
|-damage|p1a: Eepy|14/100
|move|p1a: Eepy|Earthquake|p2a: Kangaskhan|[spread] p2a,p2b
|-damage|p2a: Kangaskhan|54/100
|-damage|p2b: Azumarill|0 fnt
|faint|p2b: Azumarill
|
|upkeep
|
|t:|1784835061
|switch|p2b: Dragonite|Dragonite, L50, M|100/100
|turn|7
|
|t:|1784835068
|move|p2a: Kangaskhan|Drain Punch|p1a: Eepy
|-supereffective|p1a: Eepy|1
|-damage|p1a: Eepy|0 fnt
|-heal|p2a: Kangaskhan|65/100|[from] drain|[of] p1a: Eepy
|faint|p1a: Eepy
|
|win|Gamingdragon123
||jimbo13 is ready for game 3.
||Gamingdragon123 is ready for game 3.
|uhtml|next|Next: Game 3 of 3
