|j|☆PalitinhoPJL
|j|☆snailboss
|html|PalitinhoPJLsnailboss    
|uhtml|bestof|Game 3 of a best-of-3
|t:|1757718524
|gametype|doubles
|player|p1|PalitinhoPJL|silver|1075
|player|p2|snailboss|hilda-wonderlauncher|1166
|gen|9
|tier|[Gen 9] VGC 2025 Reg H (Bo3)
|rated|
|rule|Species Clause: Limit one of each Pokémon
|rule|Item Clause: Limit 1 of each item
|clearpoke
|poke|p1|Delphox, L50, M|
|poke|p1|Murkrow, L50, M|
|poke|p1|Indeedee, L50, M|
|poke|p1|Sneasler, L50, M|
|poke|p1|Ninetales-Alola, L50, F|
|poke|p1|Dragapult, L50, F|
|poke|p2|Kingambit, L50, M|
|poke|p2|Rillaboom, L50, F|
|poke|p2|Volcarona, L50, F|
|poke|p2|Tauros-Paldea-Aqua, L50, M|
|poke|p2|Electabuzz, L50, F|
|poke|p2|Ninetales-Alola, L50, M|
|teampreview|4
|showteam|p1|Delphox||LifeOrb|Blaze|ExpandingForce,HeatWave,Flamethrower,Protect|||M|||50|,,,,,Fire]Murkrow||Eviolite|Prankster|Tailwind,FoulPlay,Haze,SunnyDay|||M|||50|,,,,,Ghost]Indeedee||FocusSash|PsychicSurge|ExpandingForce,TeraBlast,Imprison,TrickRoom|||M|||50|,,,,,Fighting]Sneasler||PsychicSeed|Unburden|DireClaw,CloseCombat,ThroatChop,Protect|||M|||50|,,,,,Dark]Ninetales-Alola||CovertCloak|SnowWarning|Blizzard,AuroraVeil,Encore,IcyWind|||F|||50|,,,,,Water]Dragapult||ChoiceBand|ClearBody|DragonDarts,PhantomForce,TeraBlast,Uturn|||F|||50|,,,,,Ghost
|showteam|p2|Kingambit||BlackGlasses|Defiant|SuckerPunch,KowtowCleave,SwordsDance,Protect|||M|||50|,,,,,Fire]Rillaboom||AssaultVest|GrassySurge|FakeOut,GrassyGlide,WoodHammer,HighHorsepower|||F|||50|,,,,,Fire]Volcarona||CovertCloak|FlameBody|QuiverDance,HeatWave,GigaDrain,Protect|||F|||50|,,,,,Grass]Tauros-Paldea-Aqua||GrassySeed|Intimidate|WaveCrash,BodyPress,Protect,AquaJet|||M|||50|,,,,,Fire]Electabuzz||Eviolite|VitalSpirit|Taunt,Thunderbolt,Protect,FollowMe|||F|||50|,,,,,Ghost]Ninetales-Alola||FocusSash|SnowWarning|Protect,Encore,FreezeDry,Disable|||M|||50|,,,,,Ghost
|
|t:|1757718542
|teamsize|p1|4
|teamsize|p2|4
|start
|switch|p1a: Magrão|Sneasler, L50, M|100/100
|switch|p1b: Drip|Murkrow, L50, M|100/100
|switch|p2a: Electabuzz|Electabuzz, L50, F|100/100
|switch|p2b: Kingambit|Kingambit, L50, M|100/100
|turn|1
|
|t:|1757718562
|-terastallize|p2b: Kingambit|Fire
|move|p1b: Drip|Tailwind|p1b: Drip
|-sidestart|p1: PalitinhoPJL|move: Tailwind
|move|p1a: Magrão|Close Combat|p2b: Kingambit
|-damage|p2b: Kingambit|52/100
|-unboost|p1a: Magrão|def|1
|-unboost|p1a: Magrão|spd|1
|move|p2a: Electabuzz|Taunt|p1b: Drip
|-start|p1b: Drip|move: Taunt
|move|p2b: Kingambit|Swords Dance|p2b: Kingambit
|-boost|p2b: Kingambit|atk|2
|
|upkeep
|turn|2
|
|t:|1757718587
|move|p2a: Electabuzz|Follow Me|p2a: Electabuzz
|-singleturn|p2a: Electabuzz|move: Follow Me
|move|p1a: Magrão|Dire Claw|p2a: Electabuzz
|-damage|p2a: Electabuzz|64/100
|move|p1b: Drip|Foul Play|p2a: Electabuzz
|-damage|p2a: Electabuzz|44/100
|move|p2b: Kingambit|Kowtow Cleave|p1a: Magrão
|-resisted|p1a: Magrão
|-damage|p1a: Magrão|0 fnt
|faint|p1a: Magrão
|
|upkeep
|
|t:|1757718596
|switch|p1a: FireFox|Delphox, L50, M|100/100
|turn|3
|
|t:|1757718621
|-terastallize|p1a: FireFox|Fire
|move|p2a: Electabuzz|Protect|p2a: Electabuzz
|-singleturn|p2a: Electabuzz|Protect
|move|p2b: Kingambit|Protect|p2b: Kingambit
|-singleturn|p2b: Kingambit|Protect
|move|p1a: FireFox|Heat Wave|p2b: Kingambit|[spread] 
|-activate|p2a: Electabuzz|move: Protect
|-activate|p2b: Kingambit|move: Protect
|move|p1b: Drip|Foul Play|p2b: Kingambit
|-activate|p2b: Kingambit|move: Protect
|
|upkeep
|turn|4
|
|t:|1757718638
|move|p2b: Kingambit|Sucker Punch|p1b: Drip
|-resisted|p1b: Drip
|-damage|p1b: Drip|50/100
|move|p1a: FireFox|Expanding Force|p2b: Kingambit
|-damage|p2b: Kingambit|8/100
|-damage|p1a: FireFox|90/100|[from] item: Life Orb
|move|p1b: Drip|Foul Play|p2b: Kingambit
|-damage|p2b: Kingambit|0 fnt
|faint|p2b: Kingambit
|move|p2a: Electabuzz|Thunderbolt|p1b: Drip
|-supereffective|p1b: Drip
|-damage|p1b: Drip|0 fnt
|faint|p1b: Drip
|
|-sideend|p1: PalitinhoPJL|move: Tailwind
|upkeep
|
|t:|1757718659
|switch|p1b: Dagão|Dragapult, L50, F, shiny|100/100
|switch|p2b: Volcarona|Volcarona, L50, F|100/100
|turn|5
|
|t:|1757718665
|move|p2a: Electabuzz|Follow Me|p2a: Electabuzz
|-singleturn|p2a: Electabuzz|move: Follow Me
|move|p1b: Dagão|Dragon Darts|p2a: Electabuzz
|-crit|p2a: Electabuzz
|-damage|p2a: Electabuzz|0 fnt
|faint|p2a: Electabuzz
|move|p1a: FireFox|Expanding Force|p2b: Volcarona
|-damage|p2b: Volcarona|58/100
|-damage|p1a: FireFox|80/100|[from] item: Life Orb
|move|p2b: Volcarona|Quiver Dance|p2b: Volcarona
|-boost|p2b: Volcarona|spa|1
|-boost|p2b: Volcarona|spd|1
|-boost|p2b: Volcarona|spe|1
|
|upkeep
|
|t:|1757718675
|switch|p2a: Rillaboom|Rillaboom, L50, F|100/100
|-fieldstart|move: Grassy Terrain|[from] ability: Grassy Surge|[of] p2a: Rillaboom
|turn|6
|
|t:|1757718685
|move|p2a: Rillaboom|Fake Out|p1a: FireFox
|-damage|p1a: FireFox|59/100
|move|p2b: Volcarona|Heat Wave|p1b: Dagão|[spread] p1a,p1b
|-resisted|p1a: FireFox
|-resisted|p1b: Dagão
|-damage|p1a: FireFox|31/100
|-damage|p1b: Dagão|66/100
|move|p1b: Dagão|Dragon Darts|p2b: Volcarona
|-damage|p2b: Volcarona|18/100
|-anim|p1b: Dagão|Dragon Darts|p2a: Rillaboom
|-damage|p2a: Rillaboom|68/100
|cant|p1a: FireFox|flinch
|
|-heal|p2b: Volcarona|24/100|[from] Grassy Terrain
|-heal|p1b: Dagão|72/100|[from] Grassy Terrain
|-heal|p1a: FireFox|37/100|[from] Grassy Terrain
|-heal|p2a: Rillaboom|74/100|[from] Grassy Terrain
|upkeep
|turn|7
|
|t:|1757718705
|move|p1a: FireFox|Protect|p1a: FireFox
|-singleturn|p1a: FireFox|Protect
|move|p2a: Rillaboom|Grassy Glide|p1a: FireFox
|-activate|p1a: FireFox|move: Protect
|move|p2b: Volcarona|Heat Wave|p1b: Dagão|[spread] p1b
|-activate|p1a: FireFox|move: Protect
|-resisted|p1b: Dagão
|-damage|p1b: Dagão|35/100
|move|p1b: Dagão|Dragon Darts|p2b: Volcarona
|-damage|p2b: Volcarona|0 fnt
|-anim|p1b: Dagão|Dragon Darts|p2a: Rillaboom
|-damage|p2a: Rillaboom|35/100
|faint|p2b: Volcarona
|
|-heal|p1b: Dagão|41/100|[from] Grassy Terrain
|-heal|p1a: FireFox|43/100|[from] Grassy Terrain
|-heal|p2a: Rillaboom|41/100|[from] Grassy Terrain
|upkeep
|turn|8
|-message|snailboss forfeited.
|
|win|PalitinhoPJL
|raw|PalitinhoPJL's rating: 1075 → 1111(+36 for winning)
|raw|snailboss's rating: 1166 → 1135(-31 for losing)
