|j|☆Fell Blue
|j|☆snake111
|html|Fell Bluesnake111    
|uhtml|bestof|Game 2 of a best-of-3
|t:|1784740753
|gametype|doubles
|player|p1|Fell Blue|fantina|1066
|player|p2|snake111|266|1000
|gen|9
|tier|[Gen 9 Champions] VGC 2026 Reg M-B (Bo3)
|rated|
|rule|Species Clause: Limit one of each Pokémon
|rule|Item Clause: Limit 1 of each item
|clearpoke
|poke|p1|Mawile, L50, M|
|poke|p1|Liepard, L50, F|
|poke|p1|Sneasler, L50, F|
|poke|p1|Chandelure, L50, M|
|poke|p1|Ninetales-Alola, L50, M|
|poke|p1|Incineroar, L50, M|
|poke|p2|Scrafty, L50, F|
|poke|p2|Incineroar, L50, M|
|poke|p2|Kingambit, L50, M|
|poke|p2|Hatterene, L50, F|
|poke|p2|Chesnaught, L50, F|
|poke|p2|Slowking-Galar, L50, M|
|teampreview|4
|showteam|p1|Mawile||Mawilite|HyperCutter|PlayRough,SuckerPunch,Protect,IronDefense|Adamant||M|||50|]Liepard||FocusSash|Prankster|FakeOut,ThunderWave,FoulPlay,Encore|Timid||F|||50|]Sneasler||WhiteHerb|Unburden|DireClaw,Coaching,FakeOut,CloseCombat|Adamant||F|||50|]Chandelure||Chandelurite|FlashFire|ShadowBall,HeatWave,CalmMind,Protect|Modest||M|||50|]Ninetales-Alola||LightClay|SnowWarning|AuroraVeil,Protect,FreezeDry,IcyWind|Timid||M|||50|]Incineroar||SitrusBerry|Intimidate|FakeOut,PartingShot,ThroatChop,FlareBlitz|Impish||M|||50|
|showteam|p2|Scrafty||Scraftinite|Intimidate|KnockOff,CloseCombat,DragonTail,Taunt|Impish||F|||50|]Incineroar||Leftovers|Intimidate|FlareBlitz,PartingShot,Protect,DarkestLariat|Brave||M|||50|]Kingambit||BlackGlasses|Defiant|IronDefense,SuckerPunch,ThroatChop,IronHead|Serious||M|||50|]Hatterene||ChoiceScarf|Healer|TrickRoom,DazzlingGleam,DrainingKiss,ExpandingForce|Serious||F|||50|]Chesnaught||Chesnaughtite|Bulletproof|BodyPress,SpikyShield,WoodHammer,Protect|Serious||F|||50|]Slowking-Galar||LifeOrb|CuriousMedicine|SludgeBomb,TrickRoom,Waterfall,Protect|Serious||M|||50|
|
|t:|1784740775
|teamsize|p1|4
|teamsize|p2|4
|start
|switch|p1a: Sneasler|Sneasler, L50, F|100/100
|switch|p1b: Mawile|Mawile, L50, M|100/100
|switch|p2a: Hatterene|Hatterene, L50, F|100/100
|switch|p2b: Kingambit|Kingambit, L50, M|100/100
|turn|1
|
|t:|1784740791
|detailschange|p1b: Mawile|Mawile-Mega, L50, M
|-mega|p1b: Mawile|Mawile|Mawilite
|move|p1a: Sneasler|Fake Out|p2a: Hatterene
|-damage|p2a: Hatterene|81/100
|move|p2b: Kingambit|Sucker Punch||[still]
|-fail|p2b: Kingambit
|move|p1b: Mawile|Play Rough|p2a: Hatterene
|-damage|p2a: Hatterene|0 fnt
|faint|p2a: Hatterene
|
|upkeep
|
|t:|1784740803
|switch|p2a: Chesnaught|Chesnaught, L50, F|100/100
|turn|2
|
|t:|1784740818
|detailschange|p2a: Chesnaught|Chesnaught-Mega, L50, F
|-mega|p2a: Chesnaught|Chesnaught|Chesnaughtite
|move|p2a: Chesnaught|Spiky Shield|p2a: Chesnaught
|-singleturn|p2a: Chesnaught|move: Protect
|move|p1a: Sneasler|Coaching|p1b: Mawile
|-boost|p1b: Mawile|atk|1
|-boost|p1b: Mawile|def|1
|move|p1b: Mawile|Play Rough|p2a: Chesnaught
|-activate|p2a: Chesnaught|move: Protect
|-damage|p1b: Mawile|87/100|[from] Spiky Shield|[of] p2a: Chesnaught
|move|p2b: Kingambit|Iron Head|p1a: Sneasler
|-damage|p1a: Sneasler|50/100g
|
|upkeep
|turn|3
|
|t:|1784740845
|move|p2a: Chesnaught|Spiky Shield|p2a: Chesnaught
|-singleturn|p2a: Chesnaught|move: Protect
|move|p1a: Sneasler|Close Combat|p2b: Kingambit
|-supereffective|p2b: Kingambit|2
|-damage|p2b: Kingambit|0 fnt
|-unboost|p1a: Sneasler|def|1
|-unboost|p1a: Sneasler|spd|1
|faint|p2b: Kingambit
|-enditem|p1a: Sneasler|White Herb
|-clearnegativeboost|p1a: Sneasler|[silent]
|move|p1b: Mawile|Play Rough|p2a: Chesnaught
|-activate|p2a: Chesnaught|move: Protect
|-damage|p1b: Mawile|75/100|[from] Spiky Shield|[of] p2a: Chesnaught
|
|upkeep
|
|t:|1784740861
|switch|p2b: Incineroar|Incineroar, L50, M|100/100
|-ability|p2b: Incineroar|Intimidate|boost
|-unboost|p1a: Sneasler|atk|1
|-unboost|p1b: Mawile|atk|1
|turn|4
|
|t:|1784740880
|switch|p1a: Incineroar|Incineroar, L50, M|100/100
|-ability|p1a: Incineroar|Intimidate|boost
|-unboost|p2a: Chesnaught|atk|1
|-unboost|p2b: Incineroar|atk|1
|move|p1b: Mawile|Protect|p1b: Mawile
|-singleturn|p1b: Mawile|Protect
|move|p2a: Chesnaught|Spiky Shield||[still]
|-fail|p2a: Chesnaught
|move|p2b: Incineroar|Flare Blitz|p1b: Mawile
|-activate|p1b: Mawile|move: Protect
|
|upkeep
|turn|5
|
|t:|1784740902
|move|p1b: Mawile|Play Rough|p2b: Incineroar
|-damage|p2b: Incineroar|17/100
|move|p1a: Incineroar|Parting Shot|p2b: Incineroar
|-unboost|p2b: Incineroar|atk|1
|-unboost|p2b: Incineroar|spa|1
|
|t:|1784740907
|switch|p1a: Sneasler|Sneasler, L50, F|50/100g|[from] Parting Shot
|move|p2a: Chesnaught|Body Press|p1a: Sneasler
|-resisted|p1a: Sneasler|1
|-damage|p1a: Sneasler|18/100
|move|p2b: Incineroar|Flare Blitz|p1b: Mawile
|-supereffective|p1b: Mawile|1
|-damage|p1b: Mawile|41/100
|-damage|p2b: Incineroar|8/100|[from] Recoil
|
|-heal|p2b: Incineroar|14/100|[from] item: Leftovers
|upkeep
|turn|6
|
|t:|1784740927
|move|p1b: Mawile|Protect|p1b: Mawile
|-singleturn|p1b: Mawile|Protect
|move|p1a: Sneasler|Coaching|p1b: Mawile
|-boost|p1b: Mawile|atk|1
|-boost|p1b: Mawile|def|1
|move|p2b: Incineroar|Flare Blitz|p1b: Mawile
|-activate|p1b: Mawile|move: Protect
|move|p2a: Chesnaught|Body Press|p1a: Sneasler
|-resisted|p1a: Sneasler|1
|-damage|p1a: Sneasler|0 fnt
|faint|p1a: Sneasler
|
|-heal|p2b: Incineroar|20/100y|[from] item: Leftovers
|upkeep
|
|t:|1784740938
|switch|p1a: Chandelure|Chandelure, L50, M|100/100
|turn|7
|
|t:|1784740956
|switch|p1a: Incineroar|Incineroar, L50, M|100/100
|-ability|p1a: Incineroar|Intimidate|boost
|-unboost|p2a: Chesnaught|atk|1
|-unboost|p2b: Incineroar|atk|1
|move|p1b: Mawile|Play Rough|p2a: Chesnaught|[miss]
|-miss|p1b: Mawile|p2a: Chesnaught
|move|p2b: Incineroar|Darkest Lariat|p1a: Incineroar
|-resisted|p1a: Incineroar|1
|-damage|p1a: Incineroar|94/100
|move|p2a: Chesnaught|Body Press|p1b: Mawile
|-damage|p1b: Mawile|14/100
|
|-heal|p2b: Incineroar|26/100|[from] item: Leftovers
|upkeep
|turn|8
|
|t:|1784740981
|move|p2b: Incineroar|Protect|p2b: Incineroar
|-singleturn|p2b: Incineroar|Protect
|move|p1a: Incineroar|Fake Out|p2a: Chesnaught
|-damage|p2a: Chesnaught|93/100
|move|p1b: Mawile|Play Rough|p2b: Incineroar
|-activate|p2b: Incineroar|move: Protect
|cant|p2a: Chesnaught|flinch
|
|-heal|p2b: Incineroar|32/100|[from] item: Leftovers
|upkeep
|turn|9
|
|t:|1784740999
|move|p1b: Mawile|Protect|p1b: Mawile
|-singleturn|p1b: Mawile|Protect
|move|p2b: Incineroar|Protect|p2b: Incineroar
|-singleturn|p2b: Incineroar|Protect
|move|p1a: Incineroar|Flare Blitz|p2a: Chesnaught
|-supereffective|p2a: Chesnaught|1
|-damage|p2a: Chesnaught|34/100
|-damage|p1a: Incineroar|78/100|[from] Recoil
|move|p2a: Chesnaught|Body Press|p1b: Mawile
|-activate|p1b: Mawile|move: Protect
|
|-heal|p2b: Incineroar|38/100|[from] item: Leftovers
|upkeep
|turn|10
|
|t:|1784741028
|move|p1b: Mawile|Play Rough|p2b: Incineroar
|-damage|p2b: Incineroar|0 fnt
|faint|p2b: Incineroar
|move|p1a: Incineroar|Flare Blitz|p2a: Chesnaught
|-supereffective|p2a: Chesnaught|1
|-damage|p2a: Chesnaught|0 fnt
|faint|p2a: Chesnaught
|-damage|p1a: Incineroar|69/100|[from] Recoil
|
|win|Fell Blue
|raw|Fell Blue's rating: 1066 → 1090(+24 for winning)
|raw|snake111's rating: 1000 → 1000(+0 for losing)
