|j|☆shasaora
|j|☆asbdsp
|html|shasaoraasbdsp    
|uhtml|bestof|Game 1 of a best-of-3
|t:|1783094113
|gametype|doubles
|player|p1|shasaora|170|
|player|p2|asbdsp|265|
|gen|9
|tier|[Gen 9 Champions] VGC 2026 Reg M-B (Bo3)
|rule|Species Clause: Limit one of each Pokémon
|rule|Item Clause: Limit 1 of each item
|clearpoke
|poke|p1|Sceptile, L50, F|
|poke|p1|Rotom-Fan, L50|
|poke|p1|Staraptor, L50, M|
|poke|p1|Sneasler, L50, M|
|poke|p1|Grimmsnarl, L50, M|
|poke|p1|Meowscarada, L50, M|
|poke|p2|Floette-Eternal, L50, F|
|poke|p2|Garchomp, L50, M|
|poke|p2|Kingambit, L50, M|
|poke|p2|Sylveon, L50, M|
|poke|p2|Glimmora, L50, F|
|poke|p2|Gallade, L50, M|
|teampreview|4
|showteam|p1|Sceptile||Sceptilite|Overgrow|Detect,EarthPower,DragonPulse,LeafStorm|Modest||F|||50|]Rotom-Fan||ChoiceScarf|Levitate|Discharge,AirSlash,VoltSwitch,Thunderbolt|Modest|||||50|]Staraptor||SitrusBerry|Intimidate|FinalGambit,Protect,BraveBird,CloseCombat|Jolly||M|||50|]Sneasler||KingsRock|Unburden|FakeOut,CloseCombat,DireClaw,Fling|Adamant||M|||50|]Grimmsnarl||LightClay|Prankster|Reflect,LightScreen,PartingShot,SpiritBreak|Careful||M|||50|]Meowscarada||LifeOrb|Protean|TripleAxel,FlowerTrick,SuckerPunch,Protect|Adamant||M|||50|
|showteam|p2|Floette-Eternal||Floettite|FlowerVeil|CalmMind,DazzlingGleam,DrainingKiss,Protect|Modest||F|||50|]Garchomp||LifeOrb|RoughSkin|DragonClaw,Earthquake,Protect,PoisonJab|Jolly||M|||50|]Kingambit||BlackGlasses|Defiant|IronHead,KowtowCleave,Protect,SuckerPunch|Adamant||M|||50|]Sylveon||FairyFeather|Pixilate|HyperVoice,Moonblast,Protect,QuickAttack|Modest||M|||50|]Glimmora||FocusSash|ToxicDebris|EarthPower,PowerGem,SludgeBomb,SpikyShield|Modest||F|||50|]Gallade||ExpertBelt|Sharpness|LeafBlade,Protect,PsychoCut,SacredSword|Adamant||M|||50|
|j| babayaga27
|c| babayaga27|glhf guys
|c|☆asbdsp|Let's give a minute for people to join to spectate
|c| babayaga27|i dont think anyone else is joining
|c|☆asbdsp|I posted the link in the Draft League
|c|☆asbdsp|Okay, let's get started then :)
|c|☆asbdsp|glhf!
|l|☆shasaora
|player|p1|
|c| babayaga27|i think some technical difficulty
|c| babayaga27|give zain a moment
|c|☆asbdsp|np
|c| babayaga27|either his net died or his phone died
|c|☆asbdsp|I didn't turn on the timer, for that reason
|j|☆shasaora
|player|p1|shasaora|170|
|c| babayaga27|ok hes back
|c| babayaga27|lets start
|j| omg_pokemon_wow!
|c| babayaga27|alamgir bhai you need to select i think?
|
|t:|1783094395
|teamsize|p1|4
|teamsize|p2|4
|start
|switch|p1a: Trickster|Sneasler, L50, M|100/100
|switch|p1b: Pagal|Grimmsnarl, L50, M|100/100
|switch|p2a: Kingambit|Kingambit, L50, M|100/100
|switch|p2b: Floette|Floette-Eternal, L50, F|100/100
|turn|1
|
|t:|1783094433
|detailschange|p2b: Floette|Floette-Mega, L50, F
|-mega|p2b: Floette|Floette|Floettite
|-ability|p2b: Floette|Fairy Aura
|move|p2b: Floette|Protect|p2b: Floette
|-singleturn|p2b: Floette|Protect
|move|p1a: Trickster|Fake Out|p2b: Floette
|-activate|p2b: Floette|move: Protect
|move|p1b: Pagal|Reflect|p1b: Pagal
|-sidestart|p1: shasaora|Reflect
|move|p2a: Kingambit|Iron Head|p1b: Pagal
|-supereffective|p1b: Pagal|1
|-damage|p1b: Pagal|44/100
|
|upkeep
|turn|2
|
|t:|1783094468
|switch|p2b: Garchomp|Garchomp, L50, M|100/100
|move|p1b: Pagal|Parting Shot|p2a: Kingambit
|-hint|Since gen 7, Dark is immune to Prankster moves.
|-immune|p2a: Kingambit
|move|p1a: Trickster|Dire Claw|p2b: Garchomp
|-resisted|p2b: Garchomp|1
|-damage|p2b: Garchomp|78/100
|-damage|p1a: Trickster|87/100|[from] ability: Rough Skin|[of] p2b: Garchomp
|move|p2a: Kingambit|Iron Head|p1b: Pagal
|-supereffective|p1b: Pagal|1
|-damage|p1b: Pagal|0 fnt
|faint|p1b: Pagal
|
|upkeep
|
|t:|1783094485
|switch|p1b: Guardian|Sceptile, L50, F|100/100
|turn|3
|
|t:|1783094512
|switch|p2b: Sylveon|Sylveon, L50, M|100/100
|detailschange|p1b: Guardian|Sceptile-Mega, L50, F
|-mega|p1b: Guardian|Sceptile|Sceptilite
|move|p1b: Guardian|Detect|p1b: Guardian
|-singleturn|p1b: Guardian|Protect
|move|p2a: Kingambit|Protect|p2a: Kingambit
|-singleturn|p2a: Kingambit|Protect
|move|p1a: Trickster|Close Combat|p2a: Kingambit
|-activate|p2a: Kingambit|move: Protect
|
|upkeep
|turn|4
|
|t:|1783094546
|move|p1b: Guardian|Earth Power|p2a: Kingambit
|-supereffective|p2a: Kingambit|1
|-damage|p2a: Kingambit|31/100
|move|p1a: Trickster|Fling|p2b: Sylveon
|-resisted|p2b: Sylveon|1
|-damage|p2b: Sylveon|93/100
|-enditem|p1a: Trickster|King's Rock|[from] move: Fling
|cant|p2b: Sylveon|flinch
|move|p2a: Kingambit|Iron Head|p1b: Guardian
|-damage|p1b: Guardian|47/100
|
|upkeep
|turn|5
|
|t:|1783094604
|switch|p2b: Garchomp|Garchomp, L50, M|78/100
|move|p2a: Kingambit|Sucker Punch|p1b: Guardian
|-damage|p1b: Guardian|0 fnt
|faint|p1b: Guardian
|move|p1a: Trickster|Dire Claw|p2b: Garchomp
|-resisted|p2b: Garchomp|1
|-damage|p2b: Garchomp|54/100
|-damage|p1a: Trickster|75/100|[from] ability: Rough Skin|[of] p2b: Garchomp
|
|upkeep
|
|t:|1783094614
|switch|p1b: The Fan|Rotom-Fan, L50|100/100
|turn|6
|
|t:|1783094649
|move|p2b: Garchomp|Protect|p2b: Garchomp
|-singleturn|p2b: Garchomp|Protect
|move|p1a: Trickster|Close Combat|p2a: Kingambit
|-supereffective|p2a: Kingambit|2
|-damage|p2a: Kingambit|0 fnt
|-unboost|p1a: Trickster|def|1
|-unboost|p1a: Trickster|spd|1
|faint|p2a: Kingambit
|move|p1b: The Fan|Air Slash|p2b: Garchomp
|-activate|p2b: Garchomp|move: Protect
|
|upkeep
|
|t:|1783094674
|switch|p2a: Sylveon|Sylveon, L50, M|93/100
|turn|7
|
|t:|1783094690
|move|p2a: Sylveon|Protect|p2a: Sylveon
|-singleturn|p2a: Sylveon|Protect
|move|p1a: Trickster|Dire Claw|p2a: Sylveon
|-activate|p2a: Sylveon|move: Protect
|move|p1b: The Fan|Air Slash|p2b: Garchomp
|-damage|p2b: Garchomp|14/100
|move|p2b: Garchomp|Earthquake|p1a: Trickster|[spread] p1a
|-activate|p2a: Sylveon|move: Protect
|-immune|p1b: The Fan
|-supereffective|p1a: Trickster|1
|-damage|p1a: Trickster|0 fnt
|faint|p1a: Trickster
|-damage|p2b: Garchomp|4/100|[from] item: Life Orb
|
|upkeep
|turn|8
|
|t:|1783094718
|switch|p2b: Floette|Floette-Mega, L50, F|100/100
|-ability|p2b: Floette|Fairy Aura
|move|p1b: The Fan|Air Slash|p2a: Sylveon
|-damage|p2a: Sylveon|64/100
|move|p2a: Sylveon|Hyper Voice|p1b: The Fan
|-damage|p1b: The Fan|0 fnt
|faint|p1b: The Fan
|
|win|asbdsp
|c|☆asbdsp|gg
|inactive|shasaora has 30 seconds to confirm battle start!
|inactive|asbdsp has 30 seconds to confirm battle start!
|l|☆shasaora
|player|p1|
|c| babayaga27|gg
