|j|☆NotThinkingVGC
|j|☆kotamager34
|html|NotThinkingVGCkotamager34    
|uhtml|bestof|Game 2 of a best-of-3
|t:|1783340462
|gametype|doubles
|player|p1|NotThinkingVGC|volkner|1163
|player|p2|kotamager34|grimsley|1219
|gen|9
|tier|[Gen 9 Champions] VGC 2026 Reg M-B (Bo3)
|rated|
|rule|Species Clause: Limit one of each Pokémon
|rule|Item Clause: Limit 1 of each item
|clearpoke
|poke|p1|Blastoise, L50, F|
|poke|p1|Delphox, L50, M|
|poke|p1|Incineroar, L50, M|
|poke|p1|Sinistcha-Masterpiece, L50|
|poke|p1|Maushold, L50|
|poke|p1|Sneasler, L50, M|
|poke|p2|Froslass, L50, F|
|poke|p2|Sneasler, L50, F|
|poke|p2|Kingambit, L50, F|
|poke|p2|Scovillain, L50, F|
|poke|p2|Incineroar, L50, F|
|poke|p2|Basculegion, L50, M|
|teampreview|4
|showteam|p1|Blastoise||Blastoisinite|RainDish|Protect,WaterSpout,DarkPulse,ShellSmash|Modest||F|||50|]Delphox||Delphoxite|Blaze|HeatWave,Psyshock,NastyPlot,Protect|Modest||M|||50|]Incineroar||PasshoBerry|Intimidate|PartingShot,FakeOut,FlareBlitz,DarkestLariat|Impish||M|||50|]Sinistcha-Masterpiece||KasibBerry|Hospitality|MatchaGotcha,Protect,LifeDew,RagePowder|Bold|||||50|]Maushold||FocusSash|FriendGuard|Protect,FollowMe,SuperFang,Encore|Jolly|||||50|]Sneasler||WhiteHerb|Unburden|GunkShot,FakeOut,CloseCombat,Protect|Jolly||M|||50|
|showteam|p2|Froslass||Froslassite|SnowCloak|Blizzard,ShadowBall,AuroraVeil,Protect|Timid||F|||50|]Sneasler||WhiteHerb|Unburden|DireClaw,CloseCombat,FakeOut,Protect|Jolly||F|||50|]Kingambit||BlackGlasses|Defiant|KowtowCleave,SuckerPunch,SwordsDance,Protect|Adamant||F|||50|]Scovillain||Scovillainite|Moody|Overheat,RagePowder,GigaDrain,Protect|Calm||F|||50|]Incineroar||SitrusBerry|Intimidate|FlareBlitz,ThroatChop,PartingShot,FakeOut|Impish||F|||50|]Basculegion||ChoiceScarf|Adaptability|WaveCrash,AquaJet,FlipTurn,LastRespects|Adamant||M|||50|
|inactive|Battle timer is ON: inactive players will automatically lose when time's up. (requested by NotThinkingVGC)
|inactive|kotamager34 also wants the timer to be on.
|inactive|NotThinkingVGC has 60 seconds left.
|inactive|kotamager34 has 60 seconds left.
|
|t:|1783340500
|teamsize|p1|4
|teamsize|p2|4
|start
|switch|p1a: Blastoise|Blastoise, L50, F|100/100
|switch|p1b: Sneasler|Sneasler, L50, M|100/100
|switch|p2a: Basculegion|Basculegion, L50, M|100/100
|switch|p2b: Kingambit|Kingambit, L50, F|100/100
|turn|1
|
|t:|1783340518
|detailschange|p1a: Blastoise|Blastoise-Mega, L50, F
|-mega|p1a: Blastoise|Blastoise|Blastoisinite
|move|p2b: Kingambit|Protect|p2b: Kingambit
|-singleturn|p2b: Kingambit|Protect
|move|p1b: Sneasler|Fake Out|p2b: Kingambit
|-activate|p2b: Kingambit|move: Protect
|move|p2a: Basculegion|Wave Crash|p1b: Sneasler
|-damage|p1b: Sneasler|2/100
|-damage|p2a: Basculegion|70/100|[from] Recoil
|move|p1a: Blastoise|Shell Smash|p1a: Blastoise
|-unboost|p1a: Blastoise|def|1
|-unboost|p1a: Blastoise|spd|1
|-boost|p1a: Blastoise|atk|2
|-boost|p1a: Blastoise|spa|2
|-boost|p1a: Blastoise|spe|2
|
|upkeep
|turn|2
|
|t:|1783340530
|switch|p1b: Maushold|Maushold, L50|100/100
|move|p2b: Kingambit|Sucker Punch|p1a: Blastoise
|-damage|p1a: Blastoise|47/100
|move|p1a: Blastoise|Water Spout|p2b: Kingambit|[spread] p2a,p2b
|-resisted|p2a: Basculegion|1
|-damage|p2a: Basculegion|35/100
|-damage|p2b: Kingambit|43/100
|move|p2a: Basculegion|Wave Crash|p1b: Maushold
|-enditem|p1b: Maushold|Focus Sash
|-damage|p1b: Maushold|1/100
|-damage|p2a: Basculegion|5/100|[from] Recoil
|
|upkeep
|turn|3
|
|t:|1783340545
|move|p2b: Kingambit|Protect|p2b: Kingambit
|-singleturn|p2b: Kingambit|Protect
|move|p1b: Maushold|Follow Me|p1b: Maushold
|-singleturn|p1b: Maushold|move: Follow Me
|move|p1a: Blastoise|Water Spout|p2b: Kingambit|[spread] p2a
|-activate|p2b: Kingambit|move: Protect
|-resisted|p2a: Basculegion|1
|-damage|p2a: Basculegion|0 fnt
|faint|p2a: Basculegion
|
|upkeep
|
|t:|1783340550
|switch|p2a: Froslass|Froslass, L50, F|100/100
|turn|4
|
|t:|1783340565
|detailschange|p2a: Froslass|Froslass-Mega, L50, F
|-mega|p2a: Froslass|Froslass|Froslassite
|-weather|Snowscape|[from] ability: Snow Warning|[of] p2a: Froslass
|move|p2b: Kingambit|Protect||[still]
|-fail|p2b: Kingambit
|move|p1b: Maushold|Follow Me|p1b: Maushold
|-singleturn|p1b: Maushold|move: Follow Me
|move|p1a: Blastoise|Water Spout|p2a: Froslass|[spread] p2a,p2b
|-damage|p2a: Froslass|17/100
|-damage|p2b: Kingambit|0 fnt
|faint|p2b: Kingambit
|move|p2a: Froslass|Blizzard|p1a: Blastoise|[spread] p1a,p1b
|-resisted|p1a: Blastoise|1
|-damage|p1a: Blastoise|19/100
|-damage|p1b: Maushold|0 fnt
|faint|p1b: Maushold
|
|-weather|Snowscape|[upkeep]
|upkeep
|
|t:|1783340574
|switch|p1b: Sinistcha|Sinistcha-Masterpiece, L50|100/100
|switch|p2b: Incineroar|Incineroar, L50, F|100/100
|-ability|p2b: Incineroar|Intimidate|boost
|-unboost|p1a: Blastoise|atk|1
|-unboost|p1b: Sinistcha|atk|1
|-heal|p1a: Blastoise|44/100|[from] ability: Hospitality|[of] p1b: Sinistcha
|turn|5
|
|t:|1783340582
|move|p1a: Blastoise|Protect|p1a: Blastoise
|-singleturn|p1a: Blastoise|Protect
|move|p2b: Incineroar|Fake Out|p1a: Blastoise
|-activate|p1a: Blastoise|move: Protect
|move|p2a: Froslass|Aurora Veil|p2a: Froslass
|-sidestart|p2: kotamager34|move: Aurora Veil
|move|p1b: Sinistcha|Life Dew||[still]|[spread] p1a,p1b
|-heal|p1a: Blastoise|69/100
|-fail|p1b: Sinistcha|heal
|
|-weather|Snowscape|[upkeep]
|upkeep
|turn|6
|
|t:|1783340595
|switch|p1b: Sneasler|Sneasler, L50, M|2/100
|move|p1a: Blastoise|Water Spout|p2b: Incineroar|[spread] p2a,p2b
|-supereffective|p2b: Incineroar|1
|-damage|p2a: Froslass|0 fnt
|-damage|p2b: Incineroar|0 fnt
|faint|p2a: Froslass
|faint|p2b: Incineroar
|
|win|NotThinkingVGC
