|j|☆iamflorete
|j|☆testdigi
|html|iamfloretetestdigi    
|uhtml|bestof|Game 2 of a best-of-3
|t:|1784918930
|gametype|doubles
|player|p1|iamflorete|266|1112
|player|p2|testdigi|101|1137
|gen|9
|tier|[Gen 9 Champions] VGC 2026 Reg M-B (Bo3)
|rated|
|rule|Species Clause: Limit one of each Pokémon
|rule|Item Clause: Limit 1 of each item
|clearpoke
|poke|p1|Hatterene, L50, F|
|poke|p1|Tsareena, L50, F, shiny|
|poke|p1|Incineroar, L50, F|
|poke|p1|Scizor, L50, M, shiny|
|poke|p1|Typhlosion-Hisui, L50, M, shiny|
|poke|p1|Meowstic, L50, M, shiny|
|poke|p2|Raichu, L50, M|
|poke|p2|Sinistcha, L50|
|poke|p2|Corviknight, L50, F|
|poke|p2|Sylveon, L50, M|
|poke|p2|Garchomp, L50, F|
|poke|p2|Tyranitar, L50, F|
|teampreview|4
|showteam|p1|Hatterene||LifeOrb|MagicBounce|TrickRoom,DazzlingGleam,Psychic,Protect|Serious||F|||50|]Tsareena||WideLens|QueenlyMajesty|TripleAxel,PowerWhip,Protect,Taunt|Brave||F|||50|]Incineroar||SitrusBerry|Intimidate|FakeOut,PartingShot,FlareBlitz,Protect|Impish||F|||50|]Scizor||Scizorite|Technician|Protect,SwordsDance,BugBite,BulletPunch|Serious||M|||50|]Typhlosion-Hisui||ChoiceScarf|Frisk|Eruption,HeatWave,ShadowBall,FocusBlast|Timid||M|||50|]Meowstic||LightClay|Prankster|FakeOut,LightScreen,Reflect,PsychicNoise|Bold||M|||50|
|showteam|p2|Raichu||RaichuniteY|LightningRod|ZapCannon,FocusBlast,FakeOut,Protect|Timid||M|||50|]Sinistcha||KasibBerry|Hospitality|MatchaGotcha,LifeDew,RagePowder,Protect|Modest|||||50|]Corviknight||OccaBerry|MirrorArmor|IronHead,BraveBird,Tailwind,Protect|Adamant||F|||50|]Sylveon||FairyFeather|Pixilate|HyperVoice,QuickAttack,Yawn,Detect|Modest||M|||50|]Garchomp||LifeOrb|RoughSkin|DragonClaw,StompingTantrum,RockSlide,Protect|Adamant||F|||50|]Tyranitar||FocusSash|SandStream|RockSlide,KnockOff,Superpower,Protect|Adamant||F|||50|
|inactive|Battle timer is ON: inactive players will automatically lose when time's up. (requested by testdigi)
|inactive|testdigi has 60 seconds left.
|
|t:|1784918966
|teamsize|p1|4
|teamsize|p2|4
|start
|switch|p1a: Typhlosion|Typhlosion-Hisui, L50, M, shiny|100/100
|switch|p1b: Meowstic|Meowstic, L50, M, shiny|100/100
|switch|p2a: Corviknight|Corviknight, L50, F|100/100
|switch|p2b: Tyranitar|Tyranitar, L50, F|100/100
|-item|p2a: Corviknight|Occa Berry|[from] ability: Frisk|[of] p1a: Typhlosion
|-item|p2b: Tyranitar|Focus Sash|[from] ability: Frisk|[of] p1a: Typhlosion
|-weather|Sandstorm|[from] ability: Sand Stream|[of] p2b: Tyranitar
|turn|1
|inactive|iamflorete has 30 seconds left.
|inactive|testdigi has 30 seconds left.
|inactive|iamflorete has 20 seconds left.
|
|t:|1784919004
|move|p1b: Meowstic|Fake Out|p2b: Tyranitar
|-resisted|p2b: Tyranitar|1
|-damage|p2b: Tyranitar|97/100
|move|p1a: Typhlosion|Focus Blast|p2b: Tyranitar|[miss]
|-miss|p1a: Typhlosion|p2b: Tyranitar
|cant|p2b: Tyranitar|flinch
|move|p2a: Corviknight|Tailwind|p2a: Corviknight
|-sidestart|p2: testdigi|move: Tailwind
|
|-weather|Sandstorm|[upkeep]
|-damage|p1a: Typhlosion|93/100|[from] Sandstorm
|-damage|p1b: Meowstic|93/100|[from] Sandstorm
|upkeep
|turn|2
|inactive|iamflorete has 30 seconds left.
|
|t:|1784919029
|switch|p1a: Scizor|Scizor, L50, M, shiny|100/100
|move|p1b: Meowstic|Reflect|p1b: Meowstic
|-sidestart|p1: iamflorete|Reflect
|move|p2b: Tyranitar|Knock Off|p1a: Scizor
|-damage|p1a: Scizor|72/100
|move|p2a: Corviknight|Iron Head|p1b: Meowstic
|-damage|p1b: Meowstic|72/100
|
|-weather|Sandstorm|[upkeep]
|-damage|p1b: Meowstic|66/100|[from] Sandstorm
|upkeep
|turn|3
|inactive|iamflorete has 30 seconds left.
|inactive|testdigi has 30 seconds left.
|inactive|iamflorete has 20 seconds left.
|
|t:|1784919065
|switch|p2b: Garchomp|Garchomp, L50, F|100/100
|switch|p1b: Typhlosion|Typhlosion-Hisui, L50, M, shiny|93/100
|-item|p2a: Corviknight|Occa Berry|[from] ability: Frisk|[of] p1b: Typhlosion
|-item|p2b: Garchomp|Life Orb|[from] ability: Frisk|[of] p1b: Typhlosion
|detailschange|p1a: Scizor|Scizor-Mega, L50, M, shiny
|-mega|p1a: Scizor|Scizor|Scizorite
|move|p2a: Corviknight|Brave Bird|p1a: Scizor
|-damage|p1a: Scizor|46/100
|-damage|p2a: Corviknight|92/100|[from] Recoil
|move|p1a: Scizor|Bug Bite|p2b: Garchomp
|-damage|p2b: Garchomp|53/100
|-damage|p1a: Scizor|34/100|[from] ability: Rough Skin|[of] p2b: Garchomp
|
|-weather|Sandstorm|[upkeep]
|-damage|p1b: Typhlosion|87/100|[from] Sandstorm
|upkeep
|turn|4
|inactive|iamflorete has 30 seconds left.
|inactive|testdigi has 30 seconds left.
|inactive|iamflorete has 20 seconds left.
|inactive|testdigi has 20 seconds left.
|inactive|iamflorete has 15 seconds left.
|
|t:|1784919108
|move|p2a: Corviknight|Protect|p2a: Corviknight
|-singleturn|p2a: Corviknight|Protect
|move|p1a: Scizor|Protect|p1a: Scizor
|-singleturn|p1a: Scizor|Protect
|move|p2b: Garchomp|Rock Slide|p1a: Scizor|[spread] p1b
|-activate|p1a: Scizor|move: Protect
|-supereffective|p1b: Typhlosion|1
|-damage|p1b: Typhlosion|49/100
|-damage|p2b: Garchomp|43/100|[from] item: Life Orb
|move|p1b: Typhlosion|Eruption|p2b: Garchomp|[spread] p2b
|-activate|p2a: Corviknight|move: Protect
|-resisted|p2b: Garchomp|1
|-damage|p2b: Garchomp|33/100
|
|-weather|Sandstorm|[upkeep]
|-damage|p1b: Typhlosion|43/100|[from] Sandstorm
|-sideend|p2: testdigi|move: Tailwind
|upkeep
|turn|5
|inactive|iamflorete has 30 seconds left.
|
|t:|1784919138
|switch|p1b: Meowstic|Meowstic, L50, M, shiny|66/100
|move|p2b: Garchomp|Protect|p2b: Garchomp
|-singleturn|p2b: Garchomp|Protect
|move|p2a: Corviknight|Tailwind|p2a: Corviknight
|-sidestart|p2: testdigi|move: Tailwind
|move|p1a: Scizor|Bug Bite|p2b: Garchomp
|-activate|p2b: Garchomp|move: Protect
|
|-weather|none
|upkeep
|turn|6
|
|t:|1784919162
|move|p1b: Meowstic|Fake Out|p2a: Corviknight
|-resisted|p2a: Corviknight|1
|-damage|p2a: Corviknight|90/100
|move|p2b: Garchomp|Stomping Tantrum|p1a: Scizor
|-damage|p1a: Scizor|10/100
|-damage|p2b: Garchomp|23/100|[from] item: Life Orb
|cant|p2a: Corviknight|flinch
|move|p1a: Scizor|Bug Bite|p2b: Garchomp
|-damage|p2b: Garchomp|0 fnt
|-damage|p1a: Scizor|0 fnt|[from] ability: Rough Skin|[of] p2b: Garchomp
|faint|p2b: Garchomp
|faint|p1a: Scizor
|
|upkeep
|
|t:|1784919186
|switch|p2b: Tyranitar|Tyranitar, L50, F|97/100
|switch|p1a: Tsareena|Tsareena, L50, F, shiny|100/100
|-weather|Sandstorm|[from] ability: Sand Stream|[of] p2b: Tyranitar
|turn|7
|inactive|iamflorete has 30 seconds left.
|inactive|testdigi has 30 seconds left.
|inactive|iamflorete has 20 seconds left.
|
|t:|1784919224
|move|p1b: Meowstic|Light Screen|p1b: Meowstic
|-sidestart|p1: iamflorete|move: Light Screen
|move|p2b: Tyranitar|Knock Off|p1a: Tsareena
|-damage|p1a: Tsareena|65/100
|-enditem|p1a: Tsareena|Wide Lens|[from] move: Knock Off|[of] p2b: Tyranitar
|move|p2a: Corviknight|Brave Bird|p1a: Tsareena
|-supereffective|p1a: Tsareena|1
|-damage|p1a: Tsareena|0 fnt
|faint|p1a: Tsareena
|-damage|p2a: Corviknight|69/100|[from] Recoil
|
|-weather|Sandstorm|[upkeep]
|-damage|p1b: Meowstic|60/100|[from] Sandstorm
|upkeep
|
|t:|1784919239
|switch|p1a: Typhlosion|Typhlosion-Hisui, L50, M, shiny|43/100
|-item|p2a: Corviknight|Occa Berry|[from] ability: Frisk|[of] p1a: Typhlosion
|-item|p2b: Tyranitar|Focus Sash|[from] ability: Frisk|[of] p1a: Typhlosion
|turn|8
|inactive|testdigi has 30 seconds left.
|inactive|testdigi has 20 seconds left.
|
|t:|1784919279
|move|p2a: Corviknight|Protect|p2a: Corviknight
|-singleturn|p2a: Corviknight|Protect
|move|p1a: Typhlosion|Focus Blast|p2b: Tyranitar|[miss]
|-miss|p1a: Typhlosion|p2b: Tyranitar
|move|p2b: Tyranitar|Knock Off|p1a: Typhlosion
|-supereffective|p1a: Typhlosion|1
|-damage|p1a: Typhlosion|0 fnt
|-enditem|p1a: Typhlosion|Choice Scarf|[from] move: Knock Off|[of] p2b: Tyranitar
|faint|p1a: Typhlosion
|move|p1b: Meowstic|Psychic Noise|p2a: Corviknight
|-activate|p2a: Corviknight|move: Protect
|
|-weather|Sandstorm|[upkeep]
|-damage|p1b: Meowstic|54/100|[from] Sandstorm
|-sideend|p2: testdigi|move: Tailwind
|upkeep
|turn|9
|inactive|iamflorete has 30 seconds left.
|inactive|iamflorete has 20 seconds left.
|inactive|iamflorete has 15 seconds left.
|inactive|iamflorete has 10 seconds left.
|inactive|iamflorete has 5 seconds left.
|c|☆testdigi|;)
|
|t:|1784919376
|move|p2b: Tyranitar|Protect|p2b: Tyranitar
|-singleturn|p2b: Tyranitar|Protect
|move|p2a: Corviknight|Protect|p2a: Corviknight
|-singleturn|p2a: Corviknight|Protect
|move|p1b: Meowstic|Light Screen||[still]
|-fail|p1b: Meowstic
|
|-weather|Sandstorm|[upkeep]
|-damage|p1b: Meowstic|48/100|[from] Sandstorm
|-sideend|p1: iamflorete|Reflect
|upkeep
|turn|10
|inactive|iamflorete has 30 seconds left.
|inactive|iamflorete has 20 seconds left.
|inactive|iamflorete has 15 seconds left.
|inactive|iamflorete has 10 seconds left.
|inactive|iamflorete has 5 seconds left.
|
|t:|1784919431
|move|p1b: Meowstic|Light Screen||[still]
|-fail|p1b: Meowstic
|move|p2b: Tyranitar|Knock Off|p1b: Meowstic
|-supereffective|p1b: Meowstic|1
|-damage|p1b: Meowstic|0 fnt
|-enditem|p1b: Meowstic|Light Clay|[from] move: Knock Off|[of] p2b: Tyranitar
|faint|p1b: Meowstic
|
|win|testdigi
