|j|☆loveforvgc
|j|☆Pumpkinman
|html|loveforvgcPumpkinman    
|uhtml|bestof|Game 3 of a best-of-3
|t:|1757020795
|gametype|doubles
|player|p1|loveforvgc|ghetsis|1087
|player|p2|Pumpkinman|cyclist-gen4|1153
|gen|9
|tier|[Gen 9] VGC 2025 Reg H (Bo3)
|rated|
|rule|Species Clause: Limit one of each Pokémon
|rule|Item Clause: Limit 1 of each item
|clearpoke
|poke|p1|Kingambit, L50, M|
|poke|p1|Sneasler, L50, M|
|poke|p1|Rillaboom, L50, M|
|poke|p1|Dragonite, L50, M|
|poke|p1|Volcarona, L50, F|
|poke|p1|Electabuzz, L50, F|
|poke|p2|Charizard, L50, M|
|poke|p2|Torkoal, L50, M|
|poke|p2|Porygon2, L50|
|poke|p2|Incineroar, L50, F|
|poke|p2|Jumpluff, L50, M|
|poke|p2|Ursaluna, L50, F|
|teampreview|4
|showteam|p1|Kingambit||BlackGlasses|Defiant|KowtowCleave,SuckerPunch,SwordsDance,Protect|||M|||50|,,,,,Ghost]Sneasler||FocusSash|Unburden|FakeOut,CloseCombat,DireClaw,Coaching|||M|||50|,,,,,Stellar]Rillaboom||AssaultVest|GrassySurge|FakeOut,WoodHammer,GrassyGlide,HighHorsepower|||M|||50|,,,,,Fire]Dragonite||LoadedDice|Multiscale|ScaleShot,ExtremeSpeed,Haze,Protect|||M|||50|,,,,,Fairy]Volcarona||Leftovers|FlameBody|HeatWave,TeraBlast,QuiverDance,Protect|||F|||50|,,,,,Fairy]Electabuzz||Eviolite|VitalSpirit|Electroweb,FollowMe,Taunt,Protect|||F|||50|,,,,,Dragon
|showteam|p2|Charizard||ChoiceSpecs|SolarPower|HeatWave,Overheat,WeatherBall,AirSlash|||M|||50|,,,,,Ghost]Torkoal||EjectPack|Drought|Eruption,Overheat,HelpingHand,Protect|||M|||50|,,,,,Fire]Porygon2||Eviolite|Download|TeraBlast,IceBeam,Recover,TrickRoom||||||50|,,,,,Fighting]Incineroar||SitrusBerry|Intimidate|FlareBlitz,KnockOff,FakeOut,PartingShot|||F|||50|,,,,,Ghost]Jumpluff||CovertCloak|Chlorophyll|SleepPowder,SunnyDay,RagePowder,Tailwind|||M|||50|,,,,,Water]Ursaluna||FlameOrb|Guts|HeadlongRush,Facade,Earthquake,Protect|||F|||50|,,,,,Ghost
|inactive|Battle timer is ON: inactive players will automatically lose when time's up. (requested by Pumpkinman)
|inactive|Pumpkinman has 60 seconds left.
|inactive|Pumpkinman has 30 seconds left.
|inactive|Pumpkinman has 20 seconds left.
|
|t:|1757020868
|teamsize|p1|4
|teamsize|p2|4
|start
|switch|p1a: Skydragon|Dragonite, L50, M|100/100
|switch|p1b: 1000volt|Electabuzz, L50, F|100/100
|switch|p2a: Porygon2|Porygon2, L50|100/100
|switch|p2b: Torkoal|Torkoal, L50, M|100/100
|-ability|p2a: Porygon2|Download|boost
|-boost|p2a: Porygon2|atk|1
|-weather|SunnyDay|[from] ability: Drought|[of] p2b: Torkoal
|turn|1
|inactive|Pumpkinman has 30 seconds left.
|inactive|Pumpkinman has 20 seconds left.
|inactive|Pumpkinman has 15 seconds left.
|
|t:|1757020911
|move|p1b: 1000volt|Taunt|p2a: Porygon2
|-start|p2a: Porygon2|move: Taunt
|move|p1a: Skydragon|Scale Shot|p2b: Torkoal
|-damage|p2b: Torkoal|90/100
|-damage|p2b: Torkoal|79/100
|-damage|p2b: Torkoal|67/100
|-crit|p2b: Torkoal
|-damage|p2b: Torkoal|50/100
|-hitcount|p2b: Torkoal|4
|-unboost|p1a: Skydragon|def|1
|-boost|p1a: Skydragon|spe|1
|move|p2a: Porygon2|Tera Blast|p1b: 1000volt
|-damage|p1b: 1000volt|67/100
|move|p2b: Torkoal|Eruption|p1a: Skydragon|[spread] p1a,p1b
|-resisted|p1a: Skydragon
|-damage|p1a: Skydragon|92/100
|-damage|p1b: 1000volt|40/100
|
|-weather|SunnyDay|[upkeep]
|upkeep
|turn|2
|inactive|loveforvgc has 30 seconds left.
|inactive|Pumpkinman has 30 seconds left.
|inactive|Pumpkinman has 20 seconds left.
|
|t:|1757020949
|switch|p2a: Incineroar|Incineroar, L50, F|100/100
|-ability|p2a: Incineroar|Intimidate|boost
|-unboost|p1a: Skydragon|atk|1
|-unboost|p1b: 1000volt|atk|1
|move|p1a: Skydragon|Scale Shot|p2a: Incineroar
|-damage|p2a: Incineroar|91/100
|-damage|p2a: Incineroar|82/100
|-damage|p2a: Incineroar|72/100
|-damage|p2a: Incineroar|63/100
|-damage|p2a: Incineroar|53/100
|-hitcount|p2a: Incineroar|5
|-unboost|p1a: Skydragon|def|1
|-boost|p1a: Skydragon|spe|1
|move|p1b: 1000volt|Electroweb|p2a: Incineroar|[spread] p2a,p2b
|-crit|p2b: Torkoal
|-damage|p2a: Incineroar|40/100
|-damage|p2b: Torkoal|24/100
|-unboost|p2a: Incineroar|spe|1
|-unboost|p2b: Torkoal|spe|1
|-enditem|p2a: Incineroar|Sitrus Berry|[eat]
|-heal|p2a: Incineroar|64/100|[from] item: Sitrus Berry
|-enditem|p2b: Torkoal|Eject Pack
|inactive|Pumpkinman has 30 seconds left.
|
|t:|1757020980
|switch|p2b: Jumpluff|Jumpluff, L50, M|100/100
|
|-weather|SunnyDay|[upkeep]
|upkeep
|turn|3
|
|t:|1757020996
|move|p1a: Skydragon|Protect|p1a: Skydragon
|-singleturn|p1a: Skydragon|Protect
|move|p1b: 1000volt|Protect|p1b: 1000volt
|-singleturn|p1b: 1000volt|Protect
|move|p2a: Incineroar|Fake Out|p1a: Skydragon
|-activate|p1a: Skydragon|move: Protect
|move|p2b: Jumpluff|Sleep Powder|p1b: 1000volt
|-activate|p1b: 1000volt|move: Protect
|
|-weather|SunnyDay|[upkeep]
|upkeep
|turn|4
|inactive|Pumpkinman has 30 seconds left.
|
|t:|1757021022
|move|p1b: 1000volt|Follow Me|p1b: 1000volt
|-singleturn|p1b: 1000volt|move: Follow Me
|move|p2b: Jumpluff|Tailwind|p2b: Jumpluff
|-sidestart|p2: Pumpkinman|move: Tailwind
|move|p1a: Skydragon|Scale Shot|p2b: Jumpluff
|-damage|p2b: Jumpluff|87/100
|-damage|p2b: Jumpluff|75/100
|-damage|p2b: Jumpluff|63/100
|-damage|p2b: Jumpluff|51/100
|-damage|p2b: Jumpluff|38/100
|-hitcount|p2b: Jumpluff|5
|-unboost|p1a: Skydragon|def|1
|-boost|p1a: Skydragon|spe|1
|move|p2a: Incineroar|Flare Blitz|p1b: 1000volt
|-damage|p1b: 1000volt|0 fnt
|faint|p1b: 1000volt
|-damage|p2a: Incineroar|53/100|[from] Recoil
|
|-weather|SunnyDay|[upkeep]
|upkeep
|inactive|loveforvgc has 30 seconds left.
|
|t:|1757021056
|switch|p1b: Nightmare|Sneasler, L50, M|100/100
|turn|5
|inactive|Pumpkinman has 30 seconds left.
|inactive|Pumpkinman has 20 seconds left.
|
|t:|1757021094
|-terastallize|p2a: Incineroar|Ghost
|move|p1b: Nightmare|Fake Out|p2b: Jumpluff
|-damage|p2b: Jumpluff|19/100
|move|p1a: Skydragon|Extreme Speed|p2b: Jumpluff
|-damage|p2b: Jumpluff|0 fnt
|faint|p2b: Jumpluff
|move|p2a: Incineroar|Knock Off|p1a: Skydragon
|-damage|p1a: Skydragon|0 fnt
|-enditem|p1a: Skydragon|Loaded Dice|[from] move: Knock Off|[of] p2a: Incineroar
|faint|p1a: Skydragon
|
|-weather|none
|upkeep
|inactive|Pumpkinman has 30 seconds left.
|
|t:|1757021120
|switch|p2b: Porygon2|Porygon2, L50|100/100
|switch|p1a: Shōgun|Kingambit, L50, M, shiny|100/100
|-ability|p2b: Porygon2|Download|boost
|-boost|p2b: Porygon2|atk|1
|turn|6
|inactive|Pumpkinman has 30 seconds left.
|inactive|Pumpkinman has 20 seconds left.
|inactive|Pumpkinman has 15 seconds left.
|inactive|Pumpkinman has 10 seconds left.
|
|t:|1757021169
|-terastallize|p1b: Nightmare|Stellar
|move|p1a: Shōgun|Sucker Punch|p2a: Incineroar
|-supereffective|p2a: Incineroar
|-damage|p2a: Incineroar|0 fnt
|faint|p2a: Incineroar
|move|p1b: Nightmare|Close Combat|p2b: Porygon2
|-supereffective|p2b: Porygon2
|-damage|p2b: Porygon2|0 fnt
|-unboost|p1b: Nightmare|def|1
|-unboost|p1b: Nightmare|spd|1
|faint|p2b: Porygon2
|
|upkeep
|-message|Pumpkinman forfeited.
|
|win|loveforvgc
|raw|loveforvgc's rating: 1087 → 1119(+32 for winning)
|raw|Pumpkinman's rating: 1153 → 1123(-30 for losing)
