|j|☆sam0el
|j|☆Zacharykeith
|html|sam0elZacharykeith    
|uhtml|bestof|Game 3 of a best-of-3
|t:|1756339415
|gametype|doubles
|player|p1|sam0el|veteran|1089
|player|p2|Zacharykeith|fisherman-gen4|1106
|gen|9
|tier|[Gen 9] VGC 2025 Reg H (Bo3)
|rated|
|rule|Species Clause: Limit one of each Pokémon
|rule|Item Clause: Limit 1 of each item
|clearpoke
|poke|p1|Hatterene, L50, F|
|poke|p1|Indeedee-F, L50, F|
|poke|p1|Gallade, L50, M|
|poke|p1|Torkoal, L50, F|
|poke|p1|Zoroark-Hisui, L50, M|
|poke|p1|Ursaluna-Bloodmoon, L50, M|
|poke|p2|Rillaboom, L50, M|
|poke|p2|Infernape, L50, M|
|poke|p2|Electabuzz, L50, M|
|poke|p2|Kingambit, L50, F|
|poke|p2|Primarina, L50, M|
|poke|p2|Dragapult, L50, F|
|teampreview|4
|showteam|p1|Hatterene||MindPlate|MagicBounce|ExpandingForce,DazzlingGleam,Protect,TrickRoom|||F|||50|,,,,,Fire]Indeedee-F||PsychicSeed|PsychicSurge|FollowMe,HelpingHand,TrickRoom,HealPulse|||F|||50|,,,,,Water]Gallade||ClearAmulet|Sharpness|SacredSword,PsychoCut,WideGuard,TrickRoom|||M|||50|,,,,,Grass]Torkoal||ChoiceSpecs|Drought|Eruption,HeatWave,WeatherBall,EarthPower|||F|||50|,,,,,Fire]Zoroark-Hisui||LifeOrb|Illusion|HyperBeam,ShadowBall,Protect,Flamethrower|||M|||50|,,,,,Stellar]Ursaluna-Bloodmoon||SilkScarf|MindsEye|EarthPower,BloodMoon,HyperVoice,HyperBeam|||M|||50|,,,,,Normal
|showteam|p2|Rillaboom||AssaultVest|GrassySurge|FakeOut,GrassyGlide,WoodHammer,HighHorsepower|||M|||50|,,,,,Fire]Infernape||ClearAmulet|IronFist|FakeOut,FirePunch,CloseCombat,Protect|||M|||50|,,,,,Fire]Electabuzz||Eviolite|VitalSpirit|VoltSwitch,Electroweb,FollowMe,Taunt|||M|||50|,,,,,Ghost]Kingambit||BlackGlasses|Defiant|SuckerPunch,KowtowCleave,SwordsDance,Protect|||F|||50|,,,,,Dark]Primarina||ThroatSpray|LiquidVoice|HyperVoice,Moonblast,Haze,Protect|||M|||50|,,,,,Steel]Dragapult||ChoiceBand|ClearBody|DragonDarts,PhantomForce,Uturn,Outrage|||F|||50|,,,,,Dragon
|
|t:|1756339452
|teamsize|p1|4
|teamsize|p2|4
|start
|switch|p1a: Indeedee|Indeedee-F, L50, F|100/100
|switch|p1b: Hatterene|Hatterene, L50, F|100/100
|switch|p2a: Electabuzz|Electabuzz, L50, M|100/100
|switch|p2b: Kingambit|Kingambit, L50, F|100/100
|-fieldstart|move: Psychic Terrain|[from] ability: Psychic Surge|[of] p1a: Indeedee
|-enditem|p1a: Indeedee|Psychic Seed
|-boost|p1a: Indeedee|spd|1|[from] item: Psychic Seed
|turn|1
|
|t:|1756339469
|move|p1a: Indeedee|Follow Me|p1a: Indeedee
|-singleturn|p1a: Indeedee|move: Follow Me
|move|p2a: Electabuzz|Taunt|p1a: Indeedee
|-start|p1a: Indeedee|move: Taunt
|move|p2b: Kingambit|Swords Dance|p2b: Kingambit
|-boost|p2b: Kingambit|atk|2
|move|p1b: Hatterene|Trick Room|p1b: Hatterene
|-fieldstart|move: Trick Room|[of] p1b: Hatterene
|
|upkeep
|turn|2
|
|t:|1756339513
|switch|p1a: Torkoal|Torkoal, L50, F|100/100
|-weather|SunnyDay|[from] ability: Drought|[of] p1a: Torkoal
|switch|p2a: Rillaboom|Rillaboom, L50, M|100/100
|-fieldstart|move: Grassy Terrain|[from] ability: Grassy Surge|[of] p2a: Rillaboom
|-terastallize|p2b: Kingambit|Dark
|move|p2b: Kingambit|Sucker Punch|p1b: Hatterene
|-damage|p1b: Hatterene|0 fnt
|faint|p1b: Hatterene
|
|-weather|SunnyDay|[upkeep]
|upkeep
|
|t:|1756339530
|switch|p1b: Indeedee|Indeedee-F, L50, F|100/100
|-fieldstart|move: Psychic Terrain|[from] ability: Psychic Surge|[of] p1b: Indeedee
|turn|3
|
|t:|1756339537
|switch|p2a: Primarina|Primarina, L50, M|100/100
|-terastallize|p1a: Torkoal|Fire
|move|p1b: Indeedee|Helping Hand|p1a: Torkoal
|-singleturn|p1a: Torkoal|Helping Hand|[of] p1b: Indeedee
|move|p2b: Kingambit|Protect|p2b: Kingambit
|-singleturn|p2b: Kingambit|Protect
|move|p1a: Torkoal|Eruption|p2a: Primarina|[spread] p2a
|-activate|p2b: Kingambit|move: Protect
|-resisted|p2a: Primarina
|-damage|p2a: Primarina|14/100
|
|-weather|SunnyDay|[upkeep]
|upkeep
|turn|4
|
|t:|1756339559
|switch|p2a: Rillaboom|Rillaboom, L50, M|100/100
|-fieldstart|move: Grassy Terrain|[from] ability: Grassy Surge|[of] p2a: Rillaboom
|move|p1b: Indeedee|Helping Hand|p1a: Torkoal
|-singleturn|p1a: Torkoal|Helping Hand|[of] p1b: Indeedee
|move|p2b: Kingambit|Sucker Punch|p1a: Torkoal
|-damage|p1a: Torkoal|9/100
|move|p1a: Torkoal|Eruption|p2a: Rillaboom|[spread] p2a,p2b
|-supereffective|p2a: Rillaboom
|-crit|p2a: Rillaboom
|-damage|p2a: Rillaboom|60/100
|-damage|p2b: Kingambit|83/100
|
|-weather|SunnyDay|[upkeep]
|-heal|p1a: Torkoal|15/100|[from] Grassy Terrain
|-heal|p2b: Kingambit|89/100|[from] Grassy Terrain
|-heal|p2a: Rillaboom|66/100|[from] Grassy Terrain
|upkeep
|turn|5
|
|t:|1756339597
|move|p2a: Rillaboom|Grassy Glide|p1a: Torkoal
|-resisted|p1a: Torkoal
|-damage|p1a: Torkoal|2/100
|move|p1a: Torkoal|Eruption|p2a: Rillaboom|[spread] p2a,p2b
|-supereffective|p2a: Rillaboom
|-damage|p2a: Rillaboom|60/100
|-damage|p2b: Kingambit|87/100
|move|p2b: Kingambit|Kowtow Cleave|p1b: Indeedee
|-supereffective|p1b: Indeedee
|-damage|p1b: Indeedee|0 fnt
|faint|p1b: Indeedee
|
|-weather|SunnyDay|[upkeep]
|-heal|p1a: Torkoal|8/100|[from] Grassy Terrain
|-heal|p2b: Kingambit|93/100|[from] Grassy Terrain
|-heal|p2a: Rillaboom|66/100|[from] Grassy Terrain
|-fieldend|move: Trick Room
|upkeep
|
|t:|1756339613
|switch|p1b: Ursaluna|Ursaluna-Bloodmoon, L50, M|100/100
|turn|6
|
|t:|1756339640
|move|p2a: Rillaboom|Grassy Glide|p1b: Ursaluna
|-supereffective|p1b: Ursaluna
|-damage|p1b: Ursaluna|51/100
|move|p2b: Kingambit|Sucker Punch|p1b: Ursaluna
|-damage|p1b: Ursaluna|0 fnt
|faint|p1b: Ursaluna
|move|p1a: Torkoal|Eruption|p2a: Rillaboom|[spread] p2a,p2b
|-supereffective|p2a: Rillaboom
|-damage|p2a: Rillaboom|50/100
|-damage|p2b: Kingambit|80/100
|
|-weather|none
|-heal|p2a: Rillaboom|56/100|[from] Grassy Terrain
|-heal|p2b: Kingambit|86/100|[from] Grassy Terrain
|-heal|p1a: Torkoal|15/100|[from] Grassy Terrain
|upkeep
|turn|7
|-message|sam0el forfeited.
|
|win|Zacharykeith
|raw|sam0el's rating: 1089 → 1067(-22 for losing)
|raw|Zacharykeith's rating: 1106 → 1130(+24 for winning)
