|j|вҳҶMuseigenTest
|j|вҳҶLetmein191
|html|MuseigenTestLetmein191    
|uhtml|bestof|Game 1 of a best-of-3
|t:|1756435184
|gametype|doubles
|player|p1|MuseigenTest|blaine|1141
|player|p2|Letmein191|266|1086
|gen|9
|tier|[Gen 9] VGC 2025 Reg H (Bo3)
|rated|
|rule|Species Clause: Limit one of each PokГ©mon
|rule|Item Clause: Limit 1 of each item
|clearpoke
|poke|p1|Sneasler, L50, F|
|poke|p1|Indeedee, L50, M|
|poke|p1|Volcarona, L50, M|
|poke|p1|Ursaluna-Bloodmoon, L50, M|
|poke|p1|Annihilape, L50, F|
|poke|p1|Tyranitar, L50, M|
|poke|p2|Indeedee-F, L50, F|
|poke|p2|Hatterene, L50, F|
|poke|p2|Gallade, L50, M|
|poke|p2|Ursaluna, L50, M|
|poke|p2|Lilligant-Hisui, L50, F|
|poke|p2|Torkoal, L50, M|
|teampreview|4
|showteam|p1|Sneasler||PsychicSeed|Unburden|CloseCombat,DireClaw,ThroatChop,Protect|||F|||50|,,,,,Dark]Indeedee||ChoiceScarf|PsychicSurge|ExpandingForce,TeraBlast,Trick,Protect|||M|||50|,,,,,Psychic]Volcarona||SitrusBerry|FlameBody|Overheat,StruggleBug,RagePowder,Tailwind|||M|||50|,,,,,Grass]Ursaluna-Bloodmoon||LifeOrb|MindsEye|BloodMoon,HyperVoice,EarthPower,Protect|||M|||50|,,,,,Normal]Annihilape||SafetyGoggles|Defiant|CloseCombat,RageFist,Taunt,FinalGambit|||F|||50|,,,,,Fairy]Tyranitar||AssaultVest|SandStream|RockSlide,KnockOff,TeraBlast,LowKick|||M|||50|,,,,,Flying
|showteam|p2|Indeedee-F||PsychicSeed|PsychicSurge|TrickRoom,FollowMe,HelpingHand,DazzlingGleam|||F|||50|,,,,,Fire]Hatterene||LifeOrb|MagicBounce|ExpandingForce,TrickRoom,DazzlingGleam,Protect|||F|||50|,,,,,Psychic]Gallade||ClearAmulet|Sharpness|PsychoCut,TrickRoom,SacredSword,WideGuard|||M|||50|,,,,,Grass]Ursaluna||FlameOrb|Guts|HeadlongRush,Facade,SwordsDance,Protect|||M|||50|,,,,,Ghost]Lilligant-Hisui||FocusSash|Chlorophyll|SolarBlade,SleepPowder,CloseCombat,AfterYou|||F|||50|,,,,,Ghost]Torkoal||ChoiceSpecs|Drought|Eruption,HeatWave,WeatherBall,EarthPower|||M|||50|,,,,,Fire
|inactive|Battle timer is ON: inactive players will automatically lose when time's up. (requested by MuseigenTest)
|c|вҳҶMuseigenTest|gl
|inactive|MuseigenTest has 60 seconds left.
|inactive|Letmein191 has 60 seconds left.
|inactive|MuseigenTest has 30 seconds left.
|inactive|MuseigenTest has 20 seconds left.
|inactive|MuseigenTest has 15 seconds left.
|inactive|MuseigenTest has 10 seconds left.
|
|t:|1756435269
|teamsize|p1|4
|teamsize|p2|4
|start
|switch|p1a: Annihilape|Annihilape, L50, F|100/100
|switch|p1b: Ursaluna|Ursaluna-Bloodmoon, L50, M|100/100
|switch|p2a: зҙ«з«Ҫи¶…еҸҜж„ӣ|Indeedee-F, L50, F, shiny|100/100
|switch|p2b: зҙ«з«ҪиҰӘиЎӣйҡҠ|Gallade, L50, M, shiny|100/100
|-fieldstart|move: Psychic Terrain|[from] ability: Psychic Surge|[of] p2a: зҙ«з«Ҫи¶…еҸҜж„ӣ
|-enditem|p2a: зҙ«з«Ҫи¶…еҸҜж„ӣ|Psychic Seed
|-boost|p2a: зҙ«з«Ҫи¶…еҸҜж„ӣ|spd|1|[from] item: Psychic Seed
|turn|1
|inactive|MuseigenTest has 30 seconds left.
|inactive|MuseigenTest has 20 seconds left.
|inactive|MuseigenTest has 15 seconds left.
|
|t:|1756435314
|move|p2a: зҙ«з«Ҫи¶…еҸҜж„ӣ|Follow Me|p2a: зҙ«з«Ҫи¶…еҸҜж„ӣ
|-singleturn|p2a: зҙ«з«Ҫи¶…еҸҜж„ӣ|move: Follow Me
|move|p1a: Annihilape|Final Gambit|p2a: зҙ«з«Ҫи¶…еҸҜж„ӣ
|-damage|p2a: зҙ«з«Ҫи¶…еҸҜж„ӣ|0 fnt
|faint|p1a: Annihilape
|faint|p2a: зҙ«з«Ҫи¶…еҸҜж„ӣ
|move|p1b: Ursaluna|Blood Moon|p2b: зҙ«з«ҪиҰӘиЎӣйҡҠ
|-damage|p2b: зҙ«з«ҪиҰӘиЎӣйҡҠ|2/100
|-damage|p1b: Ursaluna|91/100|[from] item: Life Orb
|move|p2b: зҙ«з«ҪиҰӘиЎӣйҡҠ|Trick Room|p2b: зҙ«з«ҪиҰӘиЎӣйҡҠ
|-fieldstart|move: Trick Room|[of] p2b: зҙ«з«ҪиҰӘиЎӣйҡҠ
|
|upkeep
|
|t:|1756435337
|switch|p2a: еӨӘжЁӮе·ҙжҲҲж–Ҝ|Torkoal, L50, M, shiny|100/100
|switch|p1a: Tyranitar|Tyranitar, L50, M|100/100
|-weather|SunnyDay|[from] ability: Drought|[of] p2a: еӨӘжЁӮе·ҙжҲҲж–Ҝ
|-weather|Sandstorm|[from] ability: Sand Stream|[of] p1a: Tyranitar
|turn|2
|inactive|Letmein191 has 30 seconds left.
|
|t:|1756435367
|switch|p2a: дёҖжӢіжңҲжңҲзҶҠ|Ursaluna, L50, M, shiny|100/100
|-terastallize|p1a: Tyranitar|Flying
|move|p1b: Ursaluna|Protect|p1b: Ursaluna
|-singleturn|p1b: Ursaluna|Protect
|move|p2b: зҙ«з«ҪиҰӘиЎӣйҡҠ|Sacred Sword|p1a: Tyranitar
|-resisted|p1a: Tyranitar
|-damage|p1a: Tyranitar|71/100
|move|p1a: Tyranitar|Rock Slide|p2a: дёҖжӢіжңҲжңҲзҶҠ|[spread] p2a,p2b
|-resisted|p2a: дёҖжӢіжңҲжңҲзҶҠ
|-resisted|p2b: зҙ«з«ҪиҰӘиЎӣйҡҠ
|-damage|p2a: дёҖжӢіжңҲжңҲзҶҠ|89/100
|-damage|p2b: зҙ«з«ҪиҰӘиЎӣйҡҠ|0 fnt
|faint|p2b: зҙ«з«ҪиҰӘиЎӣйҡҠ
|
|-weather|Sandstorm|[upkeep]
|-damage|p1a: Tyranitar|66/100|[from] Sandstorm
|-status|p2a: дёҖжӢіжңҲжңҲзҶҠ|brn|[from] item: Flame Orb
|upkeep
|
|t:|1756435383
|switch|p2b: еӨӘжЁӮе·ҙжҲҲж–Ҝ|Torkoal, L50, M, shiny|100/100
|-weather|SunnyDay|[from] ability: Drought|[of] p2b: еӨӘжЁӮе·ҙжҲҲж–Ҝ
|turn|3
|inactive|MuseigenTest has 30 seconds left.
|inactive|MuseigenTest has 20 seconds left.
|inactive|MuseigenTest has 15 seconds left.
|inactive|MuseigenTest has 10 seconds left.
|inactive|MuseigenTest has 5 seconds left.
|
|t:|1756435438
|-terastallize|p2b: еӨӘжЁӮе·ҙжҲҲж–Ҝ|Fire
|move|p2b: еӨӘжЁӮе·ҙжҲҲж–Ҝ|Eruption|p1b: Ursaluna|[spread] p1a,p1b
|-damage|p1a: Tyranitar|0 fnt
|-damage|p1b: Ursaluna|0 fnt
|faint|p1a: Tyranitar
|faint|p1b: Ursaluna
|move|p2a: дёҖжӢіжңҲжңҲзҶҠ|Facade|p1: Tyranitar|[notarget]
|-fail|p2a: дёҖжӢіжңҲжңҲзҶҠ
|
|-weather|SunnyDay|[upkeep]
|-damage|p2a: дёҖжӢіжңҲжңҲзҶҠ|83/100 brn|[from] brn
|upkeep
|
|t:|1756435446
|switch|p1b: Sneasler|Sneasler, L50, F|100/100
|-enditem|p1b: Sneasler|Psychic Seed
|-boost|p1b: Sneasler|spd|1|[from] item: Psychic Seed
|turn|4
|
|t:|1756435453
|move|p1b: Sneasler|Protect|p1b: Sneasler
|-singleturn|p1b: Sneasler|Protect
|move|p2b: еӨӘжЁӮе·ҙжҲҲж–Ҝ|Eruption|p1b: Sneasler
|-activate|p1b: Sneasler|move: Protect
|move|p2a: дёҖжӢіжңҲжңҲзҶҠ|Facade|p1b: Sneasler
|-activate|p1b: Sneasler|move: Protect
|
|-weather|SunnyDay|[upkeep]
|-damage|p2a: дёҖжӢіжңҲжңҲзҶҠ|77/100 brn|[from] brn
|upkeep
|turn|5
|
|t:|1756435464
|move|p1b: Sneasler|Protect||[still]
|-fail|p1b: Sneasler
|move|p2b: еӨӘжЁӮе·ҙжҲҲж–Ҝ|Eruption|p1b: Sneasler
|-damage|p1b: Sneasler|0 fnt
|faint|p1b: Sneasler
|
|win|Letmein191
||MuseigenTest is ready for game 2.
||Letmein191 is ready for game 2.
|uhtml|next|Next: Game 2 of 3
|l|вҳҶLetmein191
|player|p2|
