|j|‽FooshPlays
|j|☆iloveships
|html|FooshPlaysiloveships    
|uhtml|bestof|Game 1 of a best-of-3
|t:|1785426412
|gametype|doubles
|player|p1|FooshPlays|cynthia-gen4|1121
|player|p2|iloveships|emmet|1125
|gen|9
|tier|[Gen 9 Champions] VGC 2026 Reg M-B (Bo3)
|rated|
|rule|Species Clause: Limit one of each Pokémon
|rule|Item Clause: Limit 1 of each item
|clearpoke
|poke|p1|Raichu, L50, M|
|poke|p1|Staraptor, L50, F|
|poke|p1|Whimsicott, L50, F|
|poke|p1|Incineroar, L50, F|
|poke|p1|Farigiraf, L50, M|
|poke|p1|Vaporeon, L50, F|
|poke|p2|Talonflame, L50, F|
|poke|p2|Raichu, L50, M|
|poke|p2|Maushold, L50|
|poke|p2|Garchomp, L50, M|
|poke|p2|Floette-Eternal, L50, F|
|poke|p2|Kingambit, L50, M|
|teampreview|4
|showteam|p1|Raichu||RaichuniteY|LightningRod|ZapCannon,FocusBlast,FakeOut,Protect|Timid||M|||50|]Staraptor||Staraptite|Intimidate|BraveBird,CloseCombat,Roost,Protect|Adamant||F|||50|]Whimsicott||FocusSash|Prankster|Moonblast,Tailwind,Charm,Encore|Timid||F|||50|]Incineroar||SitrusBerry|Intimidate|FakeOut,FlareBlitz,PartingShot,Taunt|Careful||F|||50|]Farigiraf||ColburBerry|ArmorTail|FoulPlay,TrickRoom,HelpingHand,Protect|Calm||M|||50|]Vaporeon||Leftovers|WaterAbsorb|Scald,AlluringVoice,Yawn,Protect|Bold||F|||50|
|showteam|p2|Talonflame||SharpBeak|GaleWings|Tailwind,QuickGuard,Overheat,Taunt|Jolly||F|||50|]Raichu||RaichuniteY|LightningRod|FakeOut,Protect,ZapCannon,FocusBlast|Serious||M|||50|]Maushold||WideLens|Technician|FollowMe,Protect,PopulationBomb,Encore|Serious|||||50|]Garchomp||LifeOrb|RoughSkin|DragonClaw,RockSlide,Earthquake,Protect|Jolly||M|||50|]Floette-Eternal||Floettite|FlowerVeil|Protect,DazzlingGleam,Moonblast,LightofRuin|Modest||F|||50|]Kingambit||FocusSash|Defiant|SuckerPunch,KowtowCleave,IronHead,Protect|Adamant||M|||50|
|inactive|Battle timer is ON: inactive players will automatically lose when time's up. (requested by iloveships)
|inactive|iloveships has 60 seconds left.
|
|t:|1785426454
|teamsize|p1|4
|teamsize|p2|4
|start
|switch|p1a: Raichu|Raichu, L50, M|100/100
|switch|p1b: Whimsicott|Whimsicott, L50, F|100/100
|switch|p2a: Talonflame|Talonflame, L50, F|100/100
|switch|p2b: Maushold|Maushold, L50|100/100
|turn|1
|inactive|FooshPlays has 30 seconds left.
|inactive|iloveships has 30 seconds left.
|
|t:|1785426489
|detailschange|p1a: Raichu|Raichu-Mega-Y, L50, M
|-mega|p1a: Raichu|Raichu|Raichunite Y
|move|p1a: Raichu|Fake Out|p2b: Maushold
|-damage|p2b: Maushold|86/100
|move|p2a: Talonflame|Tailwind|p2a: Talonflame
|-sidestart|p2: iloveships|move: Tailwind
|move|p1b: Whimsicott|Tailwind|p1b: Whimsicott
|-sidestart|p1: FooshPlays|move: Tailwind
|cant|p2b: Maushold|flinch
|
|upkeep
|turn|2
|inactive|iloveships has 30 seconds left.
|
|t:|1785426522
|switch|p2a: Raichu|Raichu, L50, M|100/100
|move|p1b: Whimsicott|Encore||[still]
|-fail|p1b: Whimsicott
|move|p1a: Raichu|Focus Blast|p2b: Maushold
|-supereffective|p2b: Maushold|1
|-damage|p2b: Maushold|0 fnt
|faint|p2b: Maushold
|
|upkeep
|
|t:|1785426532
|switch|p2b: Garchomp|Garchomp, L50, M|100/100
|turn|3
|
|t:|1785426554
|detailschange|p2a: Raichu|Raichu-Mega-Y, L50, M
|-mega|p2a: Raichu|Raichu|Raichunite Y
|move|p2a: Raichu|Fake Out|p1b: Whimsicott
|-damage|p1b: Whimsicott|86/100
|move|p1a: Raichu|Focus Blast|p2a: Raichu
|-damage|p2a: Raichu|34/100
|cant|p1b: Whimsicott|flinch
|move|p2b: Garchomp|Rock Slide|p1a: Raichu|[spread] p1a,p1b
|-damage|p1a: Raichu|48/100
|-damage|p1b: Whimsicott|54/100
|-damage|p2b: Garchomp|90/100|[from] item: Life Orb
|
|upkeep
|turn|4
|
|t:|1785426571
|move|p2a: Raichu|Protect|p2a: Raichu
|-singleturn|p2a: Raichu|Protect
|move|p1a: Raichu|Focus Blast|p2a: Raichu
|-activate|p2a: Raichu|move: Protect
|move|p1b: Whimsicott|Moonblast|p2b: Garchomp
|-supereffective|p2b: Garchomp|1
|-damage|p2b: Garchomp|22/100
|move|p2b: Garchomp|Earthquake|p1b: Whimsicott|[spread] p1a,p1b
|-activate|p2a: Raichu|move: Protect
|-supereffective|p1a: Raichu|1
|-crit|p1a: Raichu
|-resisted|p1b: Whimsicott|1
|-damage|p1a: Raichu|0 fnt
|-damage|p1b: Whimsicott|22/100
|faint|p1a: Raichu
|-damage|p2b: Garchomp|12/100|[from] item: Life Orb
|
|-sideend|p1: FooshPlays|move: Tailwind
|-sideend|p2: iloveships|move: Tailwind
|upkeep
|
|t:|1785426583
|switch|p1a: Incineroar|Incineroar, L50, F|100/100
|-ability|p1a: Incineroar|Intimidate|boost
|-unboost|p2a: Raichu|atk|1
|-unboost|p2b: Garchomp|atk|1
|turn|5
|
|t:|1785426603
|switch|p2a: Talonflame|Talonflame, L50, F|100/100
|move|p1a: Incineroar|Fake Out|p2a: Talonflame
|-damage|p2a: Talonflame|85/100
|move|p1b: Whimsicott|Moonblast|p2b: Garchomp
|-supereffective|p2b: Garchomp|1
|-damage|p2b: Garchomp|0 fnt
|faint|p2b: Garchomp
|
|upkeep
|
|t:|1785426612
|switch|p2b: Raichu|Raichu-Mega-Y, L50, M|34/100
|turn|6
|inactive|iloveships has 30 seconds left.
|inactive|iloveships has 20 seconds left.
|
|t:|1785426649
|move|p1b: Whimsicott|Tailwind|p1b: Whimsicott
|-sidestart|p1: FooshPlays|move: Tailwind
|move|p2a: Talonflame|Overheat|p1b: Whimsicott
|-supereffective|p1b: Whimsicott|1
|-damage|p1b: Whimsicott|0 fnt
|-unboost|p2a: Talonflame|spa|2
|faint|p1b: Whimsicott
|move|p1a: Incineroar|Flare Blitz|p2b: Raichu
|-crit|p2b: Raichu
|-damage|p2b: Raichu|0 fnt
|faint|p2b: Raichu
|-damage|p1a: Incineroar|91/100|[from] Recoil
|
|upkeep
|
|t:|1785426657
|switch|p1b: Vaporeon|Vaporeon, L50, F|100/100
|turn|7
|-message|iloveships forfeited.
|
|win|FooshPlays
