|j|☆VVVincenTTT
|j|☆Mongoos19
|html|VVVincenTTTMongoos19    
|uhtml|bestof|Game 3 of a best-of-3
|t:|1757218105
|gametype|doubles
|player|p1|VVVincenTTT|cyrus|1332
|player|p2|Mongoos19|102|1256
|gen|9
|tier|[Gen 9] VGC 2025 Reg H (Bo3)
|rated|
|rule|Species Clause: Limit one of each Pokémon
|rule|Item Clause: Limit 1 of each item
|clearpoke
|poke|p1|Baxcalibur, L50, F|
|poke|p1|Volcarona, L50, M|
|poke|p1|Rillaboom, L50, F|
|poke|p1|Kingambit, L50, M|
|poke|p1|Dondozo, L50, M|
|poke|p1|Sneasler, L50, F|
|poke|p2|Palafin, L50, F|
|poke|p2|Ursaluna-Bloodmoon, L50, M|
|poke|p2|Amoonguss, L50, F|
|poke|p2|Incineroar, L50, F|
|poke|p2|Dusclops, L50, F|
|poke|p2|Frosmoth, L50, M|
|teampreview|4
|showteam|p1|Baxcalibur||LoadedDice|ThermalExchange|IcicleSpear,ScaleShot,IceShard,Protect|||F|||50|,,,,,Ghost]Volcarona||CovertCloak|FlameBody|HeatWave,TeraBlast,QuiverDance,RagePowder|||M|||50|,,,,,Fairy]Rillaboom||AssaultVest|GrassySurge|GrassyGlide,WoodHammer,HighHorsepower,FakeOut|||F|||50|,,,,,Water]Kingambit||SafetyGoggles|Defiant|KowtowCleave,SuckerPunch,SwordsDance,Protect|||M|||50|,,,,,Ghost]Dondozo||Leftovers|Unaware|WaveCrash,Fissure,Yawn,Protect|||M|||50|,,,,,Bug]Sneasler||FocusSash|PoisonTouch|DireClaw,CloseCombat,Coaching,Protect|||F|||50|,,,,,Stellar
|showteam|p2|Palafin||LifeOrb|ZerotoHero|WaveCrash,CloseCombat,JetPunch,Protect|||F|||50|,,,,,Fighting]Ursaluna-Bloodmoon||WeaknessPolicy|MindsEye|HyperVoice,EarthPower,BloodMoon,Protect|||M|||50|,,,,,Ghost]Amoonguss||SitrusBerry|Regenerator|PollenPuff,Spore,RagePowder,Protect|||F|||50|,,,,,Water]Incineroar||SafetyGoggles|Intimidate|FakeOut,FlareBlitz,KnockOff,PartingShot|||F|||50|,,,,,Ghost]Dusclops||Eviolite|Pressure|ShadowSneak,PainSplit,WillOWisp,TrickRoom|||F|||50|,,,,,Dark]Frosmoth||CovertCloak|IceScales|BugBuzz,IceBeam,WideGuard,Protect|||M|||50|,,,,,Dragon
|inactive|Battle timer is ON: inactive players will automatically lose when time's up. (requested by Mongoos19)
|inactive|Mongoos19 has 60 seconds left.
|
|t:|1757218152
|teamsize|p1|4
|teamsize|p2|4
|start
|switch|p1a: Kingambit|Kingambit, L50, M|100/100
|switch|p1b: Rillaboom|Rillaboom, L50, F|100/100
|switch|p2a: Palafin|Palafin, L50, F|100/100
|switch|p2b: Frosmoth|Frosmoth, L50, M, shiny|100/100
|-fieldstart|move: Grassy Terrain|[from] ability: Grassy Surge|[of] p1b: Rillaboom
|turn|1
|inactive|VVVincenTTT has 30 seconds left.
|
|t:|1757218185
|detailschange|p2a: Palafin|Palafin-Hero, L50, F
|switch|p2a: Dusclops|Dusclops, L50, F|100/100
|-ability|p2a: Dusclops|Pressure
|switch|p1b: Baxcalibur|Baxcalibur, L50, F|100/100
|move|p2b: Frosmoth|Ice Beam|p1b: Baxcalibur
|-damage|p1b: Baxcalibur|49/100
|move|p1a: Kingambit|Swords Dance|p1a: Kingambit
|-boost|p1a: Kingambit|atk|2
|
|-heal|p1b: Baxcalibur|55/100|[from] Grassy Terrain
|upkeep
|turn|2
|inactive|VVVincenTTT has 30 seconds left.
|
|t:|1757218214
|-terastallize|p2a: Dusclops|Dark
|move|p1b: Baxcalibur|Icicle Spear|p2a: Dusclops
|-damage|p2a: Dusclops|92/100
|-damage|p2a: Dusclops|81/100
|-damage|p2a: Dusclops|73/100
|-damage|p2a: Dusclops|62/100
|-damage|p2a: Dusclops|53/100
|-hitcount|p2a: Dusclops|5
|move|p2b: Frosmoth|Bug Buzz|p1b: Baxcalibur
|-damage|p1b: Baxcalibur|5/100
|move|p1a: Kingambit|Kowtow Cleave|p2a: Dusclops
|-resisted|p2a: Dusclops
|-damage|p2a: Dusclops|24/100
|move|p2a: Dusclops|Will-O-Wisp|p1a: Kingambit
|-status|p1a: Kingambit|brn
|
|-heal|p1b: Baxcalibur|11/100|[from] Grassy Terrain
|-heal|p2a: Dusclops|30/100|[from] Grassy Terrain
|-damage|p1a: Kingambit|94/100 brn|[from] brn
|upkeep
|turn|3
|inactive|VVVincenTTT has 30 seconds left.
|inactive|Mongoos19 has 30 seconds left.
|inactive|VVVincenTTT has 20 seconds left.
|inactive|VVVincenTTT has 15 seconds left.
|inactive|Mongoos19 has 20 seconds left.
|
|t:|1757218262
|switch|p1b: Rillaboom|Rillaboom, L50, F|100/100
|move|p2a: Dusclops|Shadow Sneak|p1b: Rillaboom
|-damage|p1b: Rillaboom|92/100
|move|p2b: Frosmoth|Bug Buzz|p1a: Kingambit
|-damage|p1a: Kingambit|47/100 brn
|move|p1a: Kingambit|Kowtow Cleave|p2b: Frosmoth
|-damage|p2b: Frosmoth|28/100
|
|-heal|p1b: Rillaboom|98/100|[from] Grassy Terrain
|-heal|p2b: Frosmoth|34/100|[from] Grassy Terrain
|-heal|p1a: Kingambit|53/100 brn|[from] Grassy Terrain
|-heal|p2a: Dusclops|37/100|[from] Grassy Terrain
|-damage|p1a: Kingambit|47/100 brn|[from] brn
|upkeep
|turn|4
|inactive|Mongoos19 has 30 seconds left.
|
|t:|1757218287
|switch|p2a: Amoonguss|Amoonguss, L50, F|100/100
|move|p2b: Frosmoth|Protect|p2b: Frosmoth
|-singleturn|p2b: Frosmoth|Protect
|move|p1a: Kingambit|Sucker Punch||[still]
|-fail|p1a: Kingambit
|move|p1b: Rillaboom|Wood Hammer|p2a: Amoonguss
|-resisted|p2a: Amoonguss
|-damage|p2a: Amoonguss|84/100
|-damage|p1b: Rillaboom|92/100|[from] Recoil
|
|-heal|p1b: Rillaboom|98/100|[from] Grassy Terrain
|-heal|p2b: Frosmoth|41/100|[from] Grassy Terrain
|-heal|p1a: Kingambit|53/100 brn|[from] Grassy Terrain
|-heal|p2a: Amoonguss|90/100|[from] Grassy Terrain
|-damage|p1a: Kingambit|47/100 brn|[from] brn
|upkeep
|turn|5
|
|t:|1757218308
|switch|p2b: Dusclops|Dusclops, L50, F, tera:Dark|37/100
|-ability|p2b: Dusclops|Pressure
|move|p1a: Kingambit|Sucker Punch||[still]
|-fail|p1a: Kingambit
|move|p1b: Rillaboom|High Horsepower|p2a: Amoonguss
|-damage|p2a: Amoonguss|61/100
|move|p2a: Amoonguss|Pollen Puff|p1a: Kingambit
|-damage|p1a: Kingambit|27/100 brn
|
|-heal|p1b: Rillaboom|100/100|[from] Grassy Terrain
|-heal|p1a: Kingambit|33/100 brn|[from] Grassy Terrain
|-heal|p2a: Amoonguss|67/100|[from] Grassy Terrain
|-heal|p2b: Dusclops|43/100|[from] Grassy Terrain
|-damage|p1a: Kingambit|27/100 brn|[from] brn
|-fieldend|move: Grassy Terrain
|upkeep
|turn|6
|
|t:|1757218330
|move|p1b: Rillaboom|Wood Hammer|p2b: Dusclops
|-damage|p2b: Dusclops|7/100
|-damage|p1b: Rillaboom|92/100|[from] Recoil
|move|p1a: Kingambit|Kowtow Cleave|p2b: Dusclops
|-resisted|p2b: Dusclops
|-damage|p2b: Dusclops|0 fnt
|faint|p2b: Dusclops
|move|p2a: Amoonguss|Pollen Puff|p1a: Kingambit
|-damage|p1a: Kingambit|9/100 brn
|
|-damage|p1a: Kingambit|3/100 brn|[from] brn
|upkeep
|inactive|Mongoos19 has 30 seconds left.
|
|t:|1757218365
|switch|p2b: Palafin|Palafin-Hero, L50, F|100/100
|-activate|p2b: Palafin|ability: Zero to Hero
|turn|7
|
|t:|1757218377
|switch|p1b: Baxcalibur|Baxcalibur, L50, F|11/100
|switch|p1a: Sneasler|Sneasler, L50, F|100/100
|move|p2b: Palafin|Protect|p2b: Palafin
|-singleturn|p2b: Palafin|Protect
|move|p2a: Amoonguss|Spore|p1b: Baxcalibur
|-status|p1b: Baxcalibur|slp|[from] move: Spore
|
|upkeep
|turn|8
|inactive|VVVincenTTT has 30 seconds left.
|
|t:|1757218403
|switch|p1b: Kingambit|Kingambit, L50, M|3/100 brn
|-terastallize|p1a: Sneasler|Stellar
|move|p2b: Palafin|Jet Punch|p1a: Sneasler
|-damage|p1a: Sneasler|13/100
|-damage|p2b: Palafin|91/100|[from] item: Life Orb
|move|p1a: Sneasler|Dire Claw|p2b: Palafin
|-damage|p2b: Palafin|37/100
|move|p2a: Amoonguss|Spore|p1a: Sneasler
|-status|p1a: Sneasler|slp|[from] move: Spore
|
|-damage|p1b: Kingambit|0 fnt|[from] brn
|faint|p1b: Kingambit
|upkeep
|
|t:|1757218417
|switch|p1b: Rillaboom|Rillaboom, L50, F|92/100
|-fieldstart|move: Grassy Terrain|[from] ability: Grassy Surge|[of] p1b: Rillaboom
|turn|9
|
|t:|1757218436
|switch|p2b: Frosmoth|Frosmoth, L50, M, shiny|41/100
|cant|p1a: Sneasler|slp
|move|p1b: Rillaboom|Grassy Glide|p2b: Frosmoth
|-resisted|p2b: Frosmoth
|-damage|p2b: Frosmoth|11/100
|move|p2a: Amoonguss|Pollen Puff|p2b: Frosmoth
|-heal|p2b: Frosmoth|60/100
|
|-heal|p1a: Sneasler|19/100 slp|[from] Grassy Terrain
|-heal|p1b: Rillaboom|98/100|[from] Grassy Terrain
|-heal|p2b: Frosmoth|67/100|[from] Grassy Terrain
|-heal|p2a: Amoonguss|72/100|[from] Grassy Terrain
|upkeep
|turn|10
|
|t:|1757218454
|cant|p1a: Sneasler|slp
|move|p1b: Rillaboom|Wood Hammer|p2b: Frosmoth
|-resisted|p2b: Frosmoth
|-damage|p2b: Frosmoth|2/100
|-damage|p1b: Rillaboom|79/100|[from] Recoil
|move|p2b: Frosmoth|Ice Beam|p1a: Sneasler
|-damage|p1a: Sneasler|0 fnt
|faint|p1a: Sneasler
|move|p2a: Amoonguss|Pollen Puff|p2b: Frosmoth
|-heal|p2b: Frosmoth|52/100
|
|-heal|p1b: Rillaboom|85/100|[from] Grassy Terrain
|-heal|p2b: Frosmoth|58/100|[from] Grassy Terrain
|-heal|p2a: Amoonguss|78/100|[from] Grassy Terrain
|upkeep
|
|t:|1757218468
|switch|p1a: Baxcalibur|Baxcalibur, L50, F|11/100 slp
|turn|11
|
|t:|1757218476
|move|p2b: Frosmoth|Protect|p2b: Frosmoth
|-singleturn|p2b: Frosmoth|Protect
|cant|p1a: Baxcalibur|slp
|move|p1b: Rillaboom|Wood Hammer|p2b: Frosmoth
|-activate|p2b: Frosmoth|move: Protect
|move|p2a: Amoonguss|Pollen Puff|p1a: Baxcalibur
|-damage|p1a: Baxcalibur|0 fnt
|faint|p1a: Baxcalibur
|
|-heal|p1b: Rillaboom|91/100|[from] Grassy Terrain
|-heal|p2b: Frosmoth|64/100|[from] Grassy Terrain
|-heal|p2a: Amoonguss|84/100|[from] Grassy Terrain
|upkeep
|turn|12
|
|t:|1757218490
|move|p1b: Rillaboom|Wood Hammer|p2b: Frosmoth
|-resisted|p2b: Frosmoth
|-damage|p2b: Frosmoth|3/100
|-damage|p1b: Rillaboom|73/100|[from] Recoil
|move|p2b: Frosmoth|Bug Buzz|p1b: Rillaboom
|-supereffective|p1b: Rillaboom
|-damage|p1b: Rillaboom|12/100
|-unboost|p1b: Rillaboom|spd|1
|move|p2a: Amoonguss|Pollen Puff|p2b: Frosmoth
|-heal|p2b: Frosmoth|52/100
|
|-heal|p1b: Rillaboom|18/100|[from] Grassy Terrain
|-heal|p2b: Frosmoth|59/100|[from] Grassy Terrain
|-heal|p2a: Amoonguss|90/100|[from] Grassy Terrain
|upkeep
|turn|13
|-message|VVVincenTTT forfeited.
|
|win|Mongoos19
|raw|VVVincenTTT's rating: 1332 → 1308(-24 for losing)
|raw|Mongoos19's rating: 1256 → 1286(+30 for winning)
|l|☆VVVincenTTT
|player|p1|
