|j|☆tuckered out1
|j|☆DragoniteMega149
|html|tuckered out1DragoniteMega149    
|uhtml|bestof|Game 1 of a best-of-3
|t:|1756165148
|gametype|doubles
|player|p1|tuckered out1|gentleman-gen4|1047
|player|p2|DragoniteMega149|red-lgpe|1088
|gen|9
|tier|[Gen 9] VGC 2025 Reg H (Bo3)
|rated|
|rule|Species Clause: Limit one of each Pokémon
|rule|Item Clause: Limit 1 of each item
|clearpoke
|poke|p1|Politoed, L50, M|
|poke|p1|Dragonite, L50, M|
|poke|p1|Grimmsnarl, L50, M|
|poke|p1|Porygon-Z, L50|
|poke|p1|Hydrapple, L50, M|
|poke|p1|Incineroar, L50, M|
|poke|p2|Sneasler, L50, F|
|poke|p2|Indeedee, L50, M|
|poke|p2|Dragonite, L50, M|
|poke|p2|Incineroar, L50, F|
|poke|p2|Electabuzz, L50, M|
|poke|p2|Ursaluna-Bloodmoon, L50, M|
|teampreview|4
|showteam|p1|Politoed||WacanBerry|Drizzle|WeatherBall,Psychic,IceBeam,HelpingHand|||M|||50|,,,,,Grass]Dragonite||ExpertBelt|InnerFocus|Tailwind,BreakingSwipe,Hurricane,Thunder|||M|||50|,,,,,Electric]Grimmsnarl||FocusSash|Prankster|Reflect,LightScreen,PartingShot,SuckerPunch|||M|||50|,,,,,Water]Porygon-Z||LifeOrb|Adaptability|IceBeam,ShadowBall,Thunderbolt,HyperBeam||||||50|,,,,,Normal]Hydrapple||AssaultVest|SupersweetSyrup|FickleBeam,EarthPower,TeraBlast,GyroBall|||M|||50|,,,,,Fighting]Incineroar||SitrusBerry|Intimidate|FakeOut,PartingShot,KnockOff,FlareBlitz|||M|||50|,,,,,Bug
|showteam|p2|Sneasler||PsychicSeed|Unburden|DireClaw,CloseCombat,Protect,ThroatChop|||F|||50|,,,,,Dark]Indeedee||FocusSash|PsychicSurge|Imprison,Protect,ExpandingForce,TrickRoom|||M|||50|,,,,,Psychic]Dragonite||LoadedDice|Multiscale|ScaleShot,Tailwind,Haze,Protect|||M|||50|,,,,,Fairy]Incineroar||SafetyGoggles|Intimidate|FakeOut,FlareBlitz,KnockOff,PartingShot|||F|||50|,,,,,Ghost]Electabuzz||Eviolite|VitalSpirit|FollowMe,Electroweb,Taunt,Protect|||M|||50|,,,,,Fairy]Ursaluna-Bloodmoon||LifeOrb|MindsEye|BloodMoon,HyperVoice,EarthPower,Protect|||M|||50|,,,,,Normal
|inactive|Battle timer is ON: inactive players will automatically lose when time's up. (requested by tuckered out1)
|inactive|DragoniteMega149 has 60 seconds left.
|
|t:|1756165182
|teamsize|p1|4
|teamsize|p2|4
|start
|switch|p1a: Grimmsnarl|Grimmsnarl, L50, M|100/100
|switch|p1b: Porygon-Z|Porygon-Z, L50|100/100
|switch|p2a: Electabuzz|Electabuzz, L50, M|100/100
|switch|p2b: Ursaluna|Ursaluna-Bloodmoon, L50, M|100/100
|turn|1
|inactive|tuckered out1 has 30 seconds left.
|inactive|DragoniteMega149 has 30 seconds left.
|inactive|DragoniteMega149 has 20 seconds left.
|
|t:|1756165222
|switch|p1b: Hydrapple|Hydrapple, L50, M|100/100
|-ability|p1b: Hydrapple|Supersweet Syrup
|-unboost|p2a: Electabuzz|evasion|1
|-unboost|p2b: Ursaluna|evasion|1
|-terastallize|p2b: Ursaluna|Normal
|move|p1a: Grimmsnarl|Light Screen|p1a: Grimmsnarl
|-sidestart|p1: tuckered out1|move: Light Screen
|move|p2a: Electabuzz|Electroweb|p1a: Grimmsnarl|[spread] p1a,p1b
|-resisted|p1b: Hydrapple
|-damage|p1a: Grimmsnarl|92/100
|-damage|p1b: Hydrapple|99/100
|-unboost|p1a: Grimmsnarl|spe|1
|-unboost|p1b: Hydrapple|spe|1
|move|p2b: Ursaluna|Blood Moon|p1b: Hydrapple
|-damage|p1b: Hydrapple|33/100
|-damage|p2b: Ursaluna|91/100|[from] item: Life Orb
|
|upkeep
|turn|2
|
|t:|1756165245
|move|p2a: Electabuzz|Follow Me|p2a: Electabuzz
|-singleturn|p2a: Electabuzz|move: Follow Me
|move|p1a: Grimmsnarl|Parting Shot|p2a: Electabuzz
|-unboost|p2a: Electabuzz|atk|1
|-unboost|p2a: Electabuzz|spa|1
|
|t:|1756165251
|switch|p1a: Politoed|Politoed, L50, M|100/100|[from] Parting Shot
|-weather|RainDance|[from] ability: Drizzle|[of] p1a: Politoed
|move|p2b: Ursaluna|Hyper Voice|p1a: Politoed|[spread] p1a,p1b
|-damage|p1a: Politoed|62/100
|-damage|p1b: Hydrapple|0 fnt
|faint|p1b: Hydrapple
|-damage|p2b: Ursaluna|81/100|[from] item: Life Orb
|
|-weather|RainDance|[upkeep]
|upkeep
|
|t:|1756165254
|switch|p1b: Grimmsnarl|Grimmsnarl, L50, M|92/100
|turn|3
|
|t:|1756165268
|move|p1b: Grimmsnarl|Parting Shot|p2b: Ursaluna
|-unboost|p2b: Ursaluna|atk|1
|-unboost|p2b: Ursaluna|spa|1
|
|t:|1756165271
|switch|p1b: Porygon-Z|Porygon-Z, L50|100/100|[from] Parting Shot
|move|p2a: Electabuzz|Electroweb|p1b: Porygon-Z|[spread] p1a,p1b
|-supereffective|p1a: Politoed
|-enditem|p1a: Politoed|Wacan Berry|[eat]
|-enditem|p1a: Politoed|Wacan Berry|[weaken]
|-damage|p1a: Politoed|56/100
|-damage|p1b: Porygon-Z|92/100
|-unboost|p1a: Politoed|spe|1
|-unboost|p1b: Porygon-Z|spe|1
|move|p2b: Ursaluna|Blood Moon|p1a: Politoed
|-damage|p1a: Politoed|2/100
|-damage|p2b: Ursaluna|72/100|[from] item: Life Orb
|move|p1a: Politoed|Weather Ball|p2b: Ursaluna
|-damage|p2b: Ursaluna|0 fnt
|faint|p2b: Ursaluna
|
|-weather|RainDance|[upkeep]
|upkeep
|
|t:|1756165280
|switch|p2b: Sneasler|Sneasler, L50, F|100/100
|turn|4
|
|t:|1756165297
|move|p2b: Sneasler|Close Combat|p1b: Porygon-Z
|-supereffective|p1b: Porygon-Z
|-damage|p1b: Porygon-Z|0 fnt
|-unboost|p2b: Sneasler|def|1
|-unboost|p2b: Sneasler|spd|1
|faint|p1b: Porygon-Z
|move|p2a: Electabuzz|Electroweb|p1a: Politoed
|-supereffective|p1a: Politoed
|-damage|p1a: Politoed|0 fnt
|faint|p1a: Politoed
|
|-weather|RainDance|[upkeep]
|upkeep
|
|t:|1756165301
|switch|p1b: Grimmsnarl|Grimmsnarl, L50, M|92/100
|turn|5
|
|t:|1756165306
|-terastallize|p1b: Grimmsnarl|Water
|move|p2a: Electabuzz|Follow Me|p2a: Electabuzz
|-singleturn|p2a: Electabuzz|move: Follow Me
|move|p1b: Grimmsnarl|Reflect|p1b: Grimmsnarl
|-sidestart|p1: tuckered out1|Reflect
|move|p2b: Sneasler|Dire Claw|p1b: Grimmsnarl
|-damage|p1b: Grimmsnarl|56/100
|-status|p1b: Grimmsnarl|psn
|
|-weather|RainDance|[upkeep]
|-damage|p1b: Grimmsnarl|44/100 psn|[from] psn
|-sideend|p1: tuckered out1|move: Light Screen
|upkeep
|turn|6
|
|t:|1756165310
|move|p2a: Electabuzz|Follow Me|p2a: Electabuzz
|-singleturn|p2a: Electabuzz|move: Follow Me
|move|p1b: Grimmsnarl|Sucker Punch||[still]
|-fail|p1b: Grimmsnarl
|move|p2b: Sneasler|Dire Claw|p1b: Grimmsnarl
|-damage|p1b: Grimmsnarl|8/100 psn
|
|-weather|none
|-damage|p1b: Grimmsnarl|0 fnt|[from] psn
|faint|p1b: Grimmsnarl
|
|win|DragoniteMega149
||DragoniteMega149 is ready for game 2.
