|j|☆wweewwzz
|j|☆ThierryVGC
|html|wweewwzzThierryVGC    
|uhtml|bestof|Game 3 of a best-of-3
|t:|1756490071
|gametype|doubles
|player|p1|wweewwzz|pokekid|1366
|player|p2|ThierryVGC|101|1256
|gen|9
|tier|[Gen 9] VGC 2025 Reg H (Bo3)
|rated|
|rule|Species Clause: Limit one of each Pokémon
|rule|Item Clause: Limit 1 of each item
|clearpoke
|poke|p1|Gholdengo, L50|
|poke|p1|Incineroar, L50, M|
|poke|p1|Ursaluna, L50, F|
|poke|p1|Sinistcha, L50|
|poke|p1|Sneasler, L50, M|
|poke|p1|Dragonite, L50, F|
|poke|p2|Garchomp, L50, F|
|poke|p2|Drifblim, L50, M|
|poke|p2|Indeedee, L50, M|
|poke|p2|Sneasler, L50, F|
|poke|p2|Corviknight, L50, F|
|poke|p2|Gardevoir, L50, F|
|teampreview|4
|showteam|p1|Gholdengo||LifeOrb|GoodasGold|MakeItRain,ShadowBall,NastyPlot,Protect||||||50|,,,,,Water]Incineroar||AssaultVest|Intimidate|FakeOut,Uturn,KnockOff,FlareBlitz|||M|||50|,,,,,Ghost]Ursaluna||FlameOrb|Guts|Earthquake,Facade,HeadlongRush,Protect|||F|||50|,,,,,Ghost]Sinistcha||SitrusBerry|Hospitality|MatchaGotcha,LifeDew,RagePowder,TrickRoom||||||50|,,,,,Dark]Sneasler||FocusSash|PoisonTouch|DireClaw,CloseCombat,Coaching,Protect|||M|||50|,,,,,Flying]Dragonite||LoadedDice|Multiscale|ScaleShot,Haze,Tailwind,Protect|||F|||50|,,,,,Fairy
|showteam|p2|Garchomp||LifeOrb|RoughSkin|Earthquake,StompingTantrum,DragonClaw,Protect|||F|||50|,,,,,Ground]Drifblim||PsychicSeed|Unburden|Acrobatics,Disable,Tailwind,Haze|||M|||50|,,,,,Grass]Indeedee||FocusSash|PsychicSurge|ExpandingForce,TeraBlast,Imprison,TrickRoom|||M|||50|,,,,,Ground]Sneasler||WhiteHerb|Unburden|DireClaw,CloseCombat,ThroatChop,Protect|||F|||50|,,,,,Dark]Corviknight||LumBerry|MirrorArmor|BraveBird,BodyPress,BulkUp,Roost|||F|||50|,,,,,Dragon]Gardevoir||ChoiceScarf|Telepathy|DazzlingGleam,Moonblast,ExpandingForce,Trick|||F|||50|,,,,,Psychic
|inactive|Battle timer is ON: inactive players will automatically lose when time's up. (requested by wweewwzz)
|inactive|ThierryVGC has 60 seconds left.
|
|t:|1756490108
|teamsize|p1|4
|teamsize|p2|4
|start
|switch|p1a: Dragonite|Dragonite, L50, F, shiny|100/100
|switch|p1b: Gholdengo|Gholdengo, L50, shiny|100/100
|switch|p2a: Sneasler|Sneasler, L50, F|100/100
|switch|p2b: Indeedee|Indeedee, L50, M|100/100
|-fieldstart|move: Psychic Terrain|[from] ability: Psychic Surge|[of] p2b: Indeedee
|turn|1
|
|t:|1756490124
|move|p2a: Sneasler|Dire Claw|p1a: Dragonite
|-damage|p1a: Dragonite|77/100
|move|p1b: Gholdengo|Nasty Plot|p1b: Gholdengo
|-boost|p1b: Gholdengo|spa|2
|move|p2b: Indeedee|Expanding Force|p1a: Dragonite|[spread] p1a,p1b
|-resisted|p1b: Gholdengo
|-damage|p1a: Dragonite|14/100
|-damage|p1b: Gholdengo|71/100
|move|p1a: Dragonite|Scale Shot|p2b: Indeedee
|-damage|p2b: Indeedee|69/100
|-damage|p2b: Indeedee|35/100
|-damage|p2b: Indeedee|3/100
|-damage|p2b: Indeedee|0 fnt
|faint|p2b: Indeedee
|-hitcount|p2: Indeedee|4
|-unboost|p1a: Dragonite|def|1
|-boost|p1a: Dragonite|spe|1
|
|upkeep
|
|t:|1756490133
|switch|p2b: Garchomp|Garchomp, L50, F|100/100
|turn|2
|inactive|ThierryVGC has 30 seconds left.
|
|t:|1756490160
|switch|p1a: Sinistcha|Sinistcha, L50|100/100
|-heal|p1b: Gholdengo|96/100|[from] ability: Hospitality|[of] p1a: Sinistcha
|-terastallize|p2b: Garchomp|Ground
|move|p1b: Gholdengo|Protect|p1b: Gholdengo
|-singleturn|p1b: Gholdengo|Protect
|move|p2a: Sneasler|Dire Claw|p1a: Sinistcha
|-damage|p1a: Sinistcha|58/100
|-status|p1a: Sinistcha|psn
|move|p2b: Garchomp|Stomping Tantrum|p1b: Gholdengo
|-activate|p1b: Gholdengo|move: Protect
|
|-damage|p1a: Sinistcha|46/100 psn|[from] psn
|upkeep
|-enditem|p1a: Sinistcha|Sitrus Berry|[eat]
|-heal|p1a: Sinistcha|71/100 psn|[from] item: Sitrus Berry
|turn|3
|inactive|ThierryVGC has 30 seconds left.
|
|t:|1756490187
|switch|p2a: Corviknight|Corviknight, L50, F|100/100
|-terastallize|p1b: Gholdengo|Water
|move|p1a: Sinistcha|Rage Powder|p1a: Sinistcha
|-singleturn|p1a: Sinistcha|move: Rage Powder
|move|p2b: Garchomp|Earthquake|p1b: Gholdengo|[spread] p1a,p1b
|-immune|p2a: Corviknight
|-resisted|p1a: Sinistcha
|-damage|p1a: Sinistcha|40/100 psn
|-damage|p1b: Gholdengo|25/100
|-damage|p2b: Garchomp|91/100|[from] item: Life Orb
|move|p1b: Gholdengo|Make It Rain|p2b: Garchomp|[spread] p2a,p2b
|-resisted|p2a: Corviknight
|-damage|p2a: Corviknight|54/100
|-damage|p2b: Garchomp|0 fnt
|-unboost|p1b: Gholdengo|spa|1
|faint|p2b: Garchomp
|-damage|p1b: Gholdengo|16/100|[from] item: Life Orb
|
|-damage|p1a: Sinistcha|27/100 psn|[from] psn
|upkeep
|
|t:|1756490199
|switch|p2b: Sneasler|Sneasler, L50, F|100/100
|turn|4
|
|t:|1756490216
|move|p2b: Sneasler|Protect|p2b: Sneasler
|-singleturn|p2b: Sneasler|Protect
|move|p1a: Sinistcha|Rage Powder|p1a: Sinistcha
|-singleturn|p1a: Sinistcha|move: Rage Powder
|move|p1b: Gholdengo|Shadow Ball|p2a: Corviknight
|-damage|p2a: Corviknight|0 fnt
|faint|p2a: Corviknight
|-damage|p1b: Gholdengo|6/100|[from] item: Life Orb
|
|-damage|p1a: Sinistcha|15/100 psn|[from] psn
|upkeep
|turn|5
|
|t:|1756490225
|move|p1a: Sinistcha|Rage Powder|p1a: Sinistcha
|-singleturn|p1a: Sinistcha|move: Rage Powder
|move|p2b: Sneasler|Dire Claw|p1a: Sinistcha
|-damage|p1a: Sinistcha|0 fnt
|faint|p1a: Sinistcha
|move|p1b: Gholdengo|Make It Rain|p2b: Sneasler
|-damage|p2b: Sneasler|0 fnt
|-unboost|p1b: Gholdengo|spa|1
|faint|p2b: Sneasler
|-damage|p1b: Gholdengo|0 fnt|[from] item: Life Orb
|faint|p1b: Gholdengo
|
|win|wweewwzz
|raw|wweewwzz's rating: 1366 → 1380(+14 for winning)
|raw|ThierryVGC's rating: 1256 → 1239(-17 for losing)
