|j|☆ZeGaboVGC
|j|☆thedelybird
|html|ZeGaboVGCthedelybird    
|uhtml|bestof|Game 2 of a best-of-3
|t:|1756733575
|gametype|doubles
|player|p1|ZeGaboVGC|benga|1176
|player|p2|thedelybird|blue-masters|1249
|gen|9
|tier|[Gen 9] VGC 2025 Reg H (Bo3)
|rated|
|rule|Species Clause: Limit one of each Pokémon
|rule|Item Clause: Limit 1 of each item
|clearpoke
|poke|p1|Incineroar, L50, F|
|poke|p1|Amoonguss, L50, M|
|poke|p1|Ursaluna-Bloodmoon, L50, M|
|poke|p1|Sneasler, L50, F|
|poke|p1|Gholdengo, L50|
|poke|p1|Dragonite, L50, M|
|poke|p2|Basculegion, L50, M|
|poke|p2|Pelipper, L50, F|
|poke|p2|Archaludon, L50, M|
|poke|p2|Gholdengo, L50|
|poke|p2|Amoonguss, L50, F|
|poke|p2|Incineroar, L50, F|
|teampreview|4
|showteam|p1|Incineroar||SafetyGoggles|Intimidate|FlareBlitz,KnockOff,PartingShot,FakeOut|||F|||50|,,,,,Ghost]Amoonguss||SitrusBerry|Regenerator|Spore,RagePowder,PollenPuff,Protect|||M|||50|,,,,,Dark]Ursaluna-Bloodmoon||AssaultVest|MindsEye|HyperVoice,BloodMoon,EarthPower,VacuumWave|||M|||50|,,,,,Water]Sneasler||FocusSash|Unburden|CloseCombat,DireClaw,ThroatChop,Protect|||F|||50|,,,,,Stellar]Gholdengo||LifeOrb|GoodasGold|MakeItRain,ShadowBall,NastyPlot,Protect||||||50|,,,,,Water]Dragonite||LoadedDice|Multiscale|ScaleShot,Tailwind,Haze,Protect|||M|||50|,,,,,Fairy
|showteam|p2|Basculegion||ChoiceBand|SwiftSwim|LastRespects,WaveCrash,AquaJet,FlipTurn|||M|||50|,,,,,Grass]Pelipper||FocusSash|Drizzle|Hurricane,WeatherBall,Protect,Tailwind|||F|||50|,,,,,Ghost]Archaludon||AssaultVest|Stamina|ElectroShot,BodyPress,DracoMeteor,FlashCannon|||M|||50|,,,,,Fairy]Gholdengo||MetalCoat|GoodasGold|MakeItRain,ShadowBall,NastyPlot,Protect||||||50|,,,,,Water]Amoonguss||SitrusBerry|EffectSpore|Protect,Spore,RagePowder,PollenPuff|||F|||50|,,,,,Water]Incineroar||SafetyGoggles|Intimidate|FakeOut,FlareBlitz,KnockOff,PartingShot|||F|||50|,,,,,Ghost
|inactive|Battle timer is ON: inactive players will automatically lose when time's up. (requested by ZeGaboVGC)
|inactive|ZeGaboVGC has 60 seconds left.
|inactive|thedelybird has 60 seconds left.
|
|t:|1756733609
|teamsize|p1|4
|teamsize|p2|4
|start
|switch|p1a: Dragonite|Dragonite, L50, M|100/100
|switch|p1b: Sneasler|Sneasler, L50, F|100/100
|switch|p2a: Incineroar|Incineroar, L50, F|100/100
|switch|p2b: Pelipper|Pelipper, L50, F|100/100
|-weather|RainDance|[from] ability: Drizzle|[of] p2b: Pelipper
|-ability|p2a: Incineroar|Intimidate|boost
|-unboost|p1a: Dragonite|atk|1
|-unboost|p1b: Sneasler|atk|1
|turn|1
|
|t:|1756733627
|switch|p1b: Incineroar|Incineroar, L50, F|100/100
|-ability|p1b: Incineroar|Intimidate|boost
|-unboost|p2a: Incineroar|atk|1
|-unboost|p2b: Pelipper|atk|1
|move|p1a: Dragonite|Protect|p1a: Dragonite
|-singleturn|p1a: Dragonite|Protect
|move|p2a: Incineroar|Fake Out|p1a: Dragonite
|-activate|p1a: Dragonite|move: Protect
|move|p2b: Pelipper|Tailwind|p2b: Pelipper
|-sidestart|p2: thedelybird|move: Tailwind
|
|-weather|RainDance|[upkeep]
|upkeep
|turn|2
|
|t:|1756733646
|switch|p2b: Archaludon|Archaludon, L50, M|100/100
|move|p2a: Incineroar|Knock Off|p1a: Dragonite
|-damage|p1a: Dragonite|81/100
|-enditem|p1a: Dragonite|Loaded Dice|[from] move: Knock Off|[of] p2a: Incineroar
|move|p1a: Dragonite|Tailwind|p1a: Dragonite
|-sidestart|p1: ZeGaboVGC|move: Tailwind
|move|p1b: Incineroar|Parting Shot|p2b: Archaludon
|-unboost|p2b: Archaludon|atk|1
|-unboost|p2b: Archaludon|spa|1
|
|t:|1756733659
|switch|p1b: Sneasler|Sneasler, L50, F|100/100|[from] Parting Shot
|
|-weather|RainDance|[upkeep]
|upkeep
|turn|3
|
|t:|1756733679
|switch|p1a: Incineroar|Incineroar, L50, F|100/100
|-ability|p1a: Incineroar|Intimidate|boost
|-unboost|p2a: Incineroar|atk|1
|-unboost|p2b: Archaludon|atk|1
|switch|p2a: Amoonguss|Amoonguss, L50, F|100/100
|-terastallize|p2b: Archaludon|Fairy
|move|p1b: Sneasler|Close Combat|p2a: Amoonguss
|-resisted|p2a: Amoonguss
|-damage|p2a: Amoonguss|69/100
|-unboost|p1b: Sneasler|def|1
|-unboost|p1b: Sneasler|spd|1
|move|p2b: Archaludon|Electro Shot||[still]
|-prepare|p2b: Archaludon|Electro Shot
|-boost|p2b: Archaludon|spa|1
|-anim|p2b: Archaludon|Electro Shot|p1b: Sneasler
|-damage|p1b: Sneasler|14/100
|
|-weather|RainDance|[upkeep]
|upkeep
|turn|4
|inactive|thedelybird has 30 seconds left.
|
|t:|1756733708
|switch|p1b: Gholdengo|Gholdengo, L50|100/100
|switch|p2b: Incineroar|Incineroar, L50, F|100/100
|-ability|p2b: Incineroar|Intimidate|boost
|-unboost|p1a: Incineroar|atk|1
|-unboost|p1b: Gholdengo|atk|1
|move|p1a: Incineroar|Parting Shot|p2b: Incineroar
|-unboost|p2b: Incineroar|atk|1
|-unboost|p2b: Incineroar|spa|1
|
|t:|1756733721
|switch|p1a: Sneasler|Sneasler, L50, F|14/100|[from] Parting Shot
|move|p2a: Amoonguss|Spore|p1b: Gholdengo
|-immune|p1b: Gholdengo|[from] ability: Good as Gold
|
|-weather|RainDance|[upkeep]
|-sideend|p2: thedelybird|move: Tailwind
|upkeep
|turn|5
|inactive|ZeGaboVGC has 30 seconds left.
|
|t:|1756733749
|move|p1a: Sneasler|Close Combat|p2b: Incineroar
|-supereffective|p2b: Incineroar
|-damage|p2b: Incineroar|0 fnt
|-unboost|p1a: Sneasler|def|1
|-unboost|p1a: Sneasler|spd|1
|faint|p2b: Incineroar
|move|p1b: Gholdengo|Nasty Plot|p1b: Gholdengo
|-boost|p1b: Gholdengo|spa|2
|move|p2a: Amoonguss|Spore|p1a: Sneasler
|-status|p1a: Sneasler|slp|[from] move: Spore
|
|-weather|none
|-sideend|p1: ZeGaboVGC|move: Tailwind
|upkeep
|
|t:|1756733756
|switch|p2b: Archaludon|Archaludon, L50, M, tera:Fairy|100/100
|turn|6
|
|t:|1756733764
|switch|p2a: Pelipper|Pelipper, L50, F|100/100
|-weather|RainDance|[from] ability: Drizzle|[of] p2a: Pelipper
|cant|p1a: Sneasler|slp
|move|p1b: Gholdengo|Make It Rain|p2a: Pelipper|[spread] p2a,p2b
|-resisted|p2a: Pelipper
|-supereffective|p2b: Archaludon
|-enditem|p2a: Pelipper|Focus Sash
|-damage|p2a: Pelipper|1/100
|-damage|p2b: Archaludon|0 fnt
|-unboost|p1b: Gholdengo|spa|1
|faint|p2b: Archaludon
|-damage|p1b: Gholdengo|91/100|[from] item: Life Orb
|
|-weather|RainDance|[upkeep]
|upkeep
|
|t:|1756733774
|switch|p2b: Amoonguss|Amoonguss, L50, F|69/100
|turn|7
|
|t:|1756733782
|cant|p1a: Sneasler|slp
|move|p1b: Gholdengo|Make It Rain|p2a: Pelipper|[spread] p2a,p2b
|-resisted|p2a: Pelipper
|-damage|p2a: Pelipper|0 fnt
|-damage|p2b: Amoonguss|5/100
|-unboost|p1b: Gholdengo|spa|1
|-enditem|p2b: Amoonguss|Sitrus Berry|[eat]
|-heal|p2b: Amoonguss|30/100|[from] item: Sitrus Berry
|faint|p2a: Pelipper
|-damage|p1b: Gholdengo|81/100|[from] item: Life Orb
|move|p2b: Amoonguss|Pollen Puff|p2: Pelipper|[notarget]
|-fail|p2b: Amoonguss
|
|-weather|RainDance|[upkeep]
|upkeep
|turn|8
|-message|thedelybird forfeited.
|
|win|ZeGaboVGC
||thedelybird is ready for game 3.
|inactive|ZeGaboVGC has 30 seconds to confirm battle start!
|inactive|ZeGaboVGC has 20 seconds to confirm battle start!
||ZeGaboVGC is ready for game 3.
|uhtml|next|Next: Game 3 of 3
|l|☆ZeGaboVGC
|player|p1|
