|j|☆Rou45
|j|☆fashoooo
|html|Rou45fashoooo    
|uhtml|bestof|Game 1 of a best-of-3
|t:|1784763317
|gametype|doubles
|player|p1|Rou45|shadowtriad|1045
|player|p2|fashoooo|grisham|1020
|gen|9
|tier|[Gen 9 Champions] VGC 2026 Reg M-B (Bo3)
|rated|
|rule|Species Clause: Limit one of each Pokémon
|rule|Item Clause: Limit 1 of each item
|clearpoke
|poke|p1|Scolipede, L50, M, shiny|
|poke|p1|Primarina, L50, F|
|poke|p1|Garchomp, L50, M, shiny|
|poke|p1|Maushold-Four, L50, shiny|
|poke|p1|Skeledirge, L50, M|
|poke|p1|Eelektross, L50, M|
|poke|p2|Tyranitar, L50, F|
|poke|p2|Excadrill, L50, M|
|poke|p2|Milotic, L50, M|
|poke|p2|Sinistcha, L50|
|poke|p2|Staraptor, L50, M|
|poke|p2|Gholdengo, L50|
|teampreview|4
|showteam|p1|Scolipede||LifeOrb|SpeedBoost|Megahorn,GunkShot,Protect,SteelRoller|Adamant||M|||50|]Primarina||QuickClaw|LiquidVoice|HyperVoice,FlipTurn,Moonblast,MistyTerrain|Modest||F|||50|]Garchomp||SitrusBerry|RoughSkin|DragonClaw,RockSlide,Protect,Earthquake|Jolly||M|||50|]Maushold-Four||FocusSash|FriendGuard|Taunt,FollowMe,Protect,SuperFang|Timid|||||50|]Skeledirge||Leftovers|Unaware|TorchSong,ShadowBall,SlackOff,AlluringVoice|Modest||M|||50|]Eelektross||Eelektrossite|Levitate|ThunderPunch,FlashCannon,KnockOff,Liquidation|Hasty||M|||50|
|showteam|p2|Tyranitar||Tyranitarite|SandStream|KnockOff,RockSlide,HighHorsepower,Protect|Jolly||F|||50|]Excadrill||FocusSash|SandRush|Earthquake,IronHead,RockSlide,Protect|Adamant||M|||50|]Milotic||SitrusBerry|Competitive|Scald,IcyWind,Haze,Protect|Calm||M|||50|]Sinistcha||ColburBerry|Hospitality|MatchaGotcha,ShadowBall,Protect,RagePowder|Bold|||||50|]Staraptor||Staraptite|Intimidate|CloseCombat,BraveBird,Tailwind,Protect|Jolly||M|||50|]Gholdengo||LifeOrb|GoodasGold|MakeItRain,ShadowBall,NastyPlot,Protect|Modest|||||50|
|inactive|Battle timer is ON: inactive players will automatically lose when time's up. (requested by Rou45)
|
|t:|1784763398
|teamsize|p1|4
|teamsize|p2|4
|start
|switch|p1a: Scolipede|Scolipede, L50, M, shiny|100/100
|switch|p1b: Primarina|Primarina, L50, F|100/100
|switch|p2a: Staraptor|Staraptor, L50, M|100/100
|switch|p2b: Milotic|Milotic, L50, M|100/100
|-ability|p2a: Staraptor|Intimidate|boost
|-unboost|p1a: Scolipede|atk|1
|-unboost|p1b: Primarina|atk|1
|turn|1
|
|t:|1784763423
|switch|p2a: Excadrill|Excadrill, L50, M|100/100
|move|p1a: Scolipede|Protect|p1a: Scolipede
|-singleturn|p1a: Scolipede|Protect
|move|p2b: Milotic|Scald|p1a: Scolipede
|-activate|p1a: Scolipede|move: Protect
|move|p1b: Primarina|Misty Terrain|p1b: Primarina
|-fieldstart|move: Misty Terrain
|
|-ability|p1a: Scolipede|Speed Boost|boost
|-boost|p1a: Scolipede|spe|1
|upkeep
|turn|2
|inactive|Rou45 has 30 seconds left.
|inactive|fashoooo has 30 seconds left.
|
|t:|1784763453
|move|p1a: Scolipede|Megahorn|p2b: Milotic
|-damage|p2b: Milotic|50/100y
|-enditem|p2b: Milotic|Sitrus Berry|[eat]
|-heal|p2b: Milotic|74/100|[from] item: Sitrus Berry
|-damage|p1a: Scolipede|90/100|[from] item: Life Orb
|move|p2a: Excadrill|Rock Slide|p1b: Primarina|[spread] p1a,p1b
|-supereffective|p1a: Scolipede|1
|-damage|p1a: Scolipede|24/100
|-damage|p1b: Primarina|73/100
|move|p2b: Milotic|Haze|p2b: Milotic
|-clearallboost
|cant|p1b: Primarina|flinch
|
|-ability|p1a: Scolipede|Speed Boost|boost
|-boost|p1a: Scolipede|spe|1
|upkeep
|turn|3
|inactive|Rou45 has 30 seconds left.
|
|t:|1784763480
|switch|p2b: Tyranitar|Tyranitar, L50, F|100/100
|-weather|Sandstorm|[from] ability: Sand Stream|[of] p2b: Tyranitar
|move|p2a: Excadrill|Rock Slide|p1b: Primarina|[spread] p1a,p1b
|-supereffective|p1a: Scolipede|1
|-crit|p1b: Primarina
|-damage|p1a: Scolipede|0 fnt
|-damage|p1b: Primarina|35/100
|faint|p1a: Scolipede
|move|p1b: Primarina|Hyper Voice|p2b: Tyranitar|[spread] p2a,p2b
|-supereffective|p2a: Excadrill|1
|-supereffective|p2b: Tyranitar|1
|-enditem|p2a: Excadrill|Focus Sash
|-damage|p2a: Excadrill|1/100
|-damage|p2b: Tyranitar|52/100
|
|-weather|Sandstorm|[upkeep]
|-damage|p1b: Primarina|29/100|[from] Sandstorm
|upkeep
|
|t:|1784763496
|switch|p1a: Maushold|Maushold-Four, L50, shiny|100/100
|turn|4
|
|t:|1784763514
|move|p2b: Tyranitar|Protect|p2b: Tyranitar
|-singleturn|p2b: Tyranitar|Protect
|move|p2a: Excadrill|Earthquake|p1b: Primarina|[spread] p1a,p1b
|-activate|p2b: Tyranitar|move: Protect
|-damage|p1a: Maushold|37/100
|-damage|p1b: Primarina|0 fnt
|faint|p1b: Primarina
|move|p1a: Maushold|Super Fang|p2b: Tyranitar
|-activate|p2b: Tyranitar|move: Protect
|
|-weather|Sandstorm|[upkeep]
|-damage|p1a: Maushold|30/100|[from] Sandstorm
|upkeep
|
|t:|1784763525
|switch|p1b: Skeledirge|Skeledirge, L50, M|100/100
|turn|5
|
|t:|1784763540
|switch|p2b: Staraptor|Staraptor, L50, M|100/100
|-ability|p2b: Staraptor|Intimidate|boost
|-unboost|p1a: Maushold|atk|1
|-unboost|p1b: Skeledirge|atk|1
|move|p1a: Maushold|Protect|p1a: Maushold
|-singleturn|p1a: Maushold|Protect
|move|p2a: Excadrill|Earthquake|p1a: Maushold|[spread] p1b
|-activate|p1a: Maushold|move: Protect
|-immune|p2b: Staraptor
|-supereffective|p1b: Skeledirge|1
|-damage|p1b: Skeledirge|44/100
|move|p1b: Skeledirge|Torch Song|p2b: Staraptor
|-damage|p2b: Staraptor|42/100
|-boost|p1b: Skeledirge|spa|1
|
|-weather|Sandstorm|[upkeep]
|-damage|p1a: Maushold|24/100|[from] Sandstorm
|-damage|p2b: Staraptor|37/100|[from] Sandstorm
|-damage|p1b: Skeledirge|38/100|[from] Sandstorm
|-heal|p1b: Skeledirge|44/100|[from] item: Leftovers
|-fieldend|Misty Terrain
|upkeep
|turn|6
|
|t:|1784763564
|detailschange|p2b: Staraptor|Staraptor-Mega, L50, M
|-mega|p2b: Staraptor|Staraptor|Staraptite
|move|p1a: Maushold|Follow Me|p1a: Maushold
|-singleturn|p1a: Maushold|move: Follow Me
|move|p2a: Excadrill|Earthquake|p1a: Maushold|[spread] p1a,p1b
|-immune|p2b: Staraptor
|-supereffective|p1b: Skeledirge|1
|-damage|p1a: Maushold|0 fnt
|-damage|p1b: Skeledirge|0 fnt
|faint|p1a: Maushold
|faint|p1b: Skeledirge
|
|win|fashoooo
