|j|☆Dawsonschris
|j|☆tapiocabun27
|html|Dawsonschristapiocabun27    
|uhtml|bestof|Game 1 of a best-of-3
|t:|1756434842
|gametype|doubles
|player|p1|Dawsonschris|artist-gen4|1008
|player|p2|tapiocabun27|266|1000
|gen|9
|tier|[Gen 9] VGC 2025 Reg H (Bo3)
|rated|
|rule|Species Clause: Limit one of each Pokémon
|rule|Item Clause: Limit 1 of each item
|clearpoke
|poke|p1|Ursaluna-Bloodmoon, L50, M|
|poke|p1|Electabuzz, L50, M|
|poke|p1|Sneasler, L50, F|
|poke|p1|Indeedee, L50, M|
|poke|p1|Incineroar, L50, M|
|poke|p1|Talonflame, L50, F|
|poke|p2|Ursaluna, L50, F|
|poke|p2|Bronzong, L50|
|poke|p2|Incineroar, L50, F|
|poke|p2|Torkoal, L50, M|
|poke|p2|Lilligant-Hisui, L50, F|
|poke|p2|Exeggutor-Alola, L50, F|
|teampreview|4
|showteam|p1|Ursaluna-Bloodmoon||LifeOrb|MindsEye|Protect,BloodMoon,EarthPower,HyperVoice|||M|||50|,,,,,Normal]Electabuzz||Eviolite|VitalSpirit|FollowMe,Taunt,Electroweb,Protect|||M|||50|,,,,,Dragon]Sneasler||PsychicSeed|Unburden|ThroatChop,DireClaw,CloseCombat,Protect|||F|||50|,,,,,Dark]Indeedee||FocusSash|PsychicSurge|ExpandingForce,TrickRoom,HelpingHand,Protect|||M|||50|,,,,,Psychic]Incineroar||SafetyGoggles|Intimidate|FakeOut,KnockOff,PartingShot,FlareBlitz|||M|||50|,,,,,Dragon]Talonflame||CovertCloak|GaleWings|FlareBlitz,DualWingbeat,WillOWisp,Tailwind|||F|||50|,,,,,Fairy
|showteam|p2|Ursaluna||FlameOrb|Guts|Facade,HeadlongRush,Protect,Earthquake|||F|||50|,,,,,Ghost]Bronzong||CovertCloak|Levitate|TrickRoom,GyroBall,Gravity,Hypnosis||||||50|,,,,,Dark]Incineroar||RockyHelmet|Intimidate|FakeOut,PartingShot,KnockOff,FlareBlitz|||F|||50|,,,,,Bug]Torkoal||EjectPack|Drought|Eruption,Overheat,Protect,HelpingHand|||M|||50|,,,,,Fire]Lilligant-Hisui||FocusSash|Chlorophyll|CloseCombat,SolarBlade,AfterYou,Coaching|||F|||50|,,,,,Steel]Exeggutor-Alola||SitrusBerry|Harvest|Protect,DragonPulse,SolarBeam,CalmMind|||F|||50|,,,,,Fire
|
|t:|1756434902
|teamsize|p1|4
|teamsize|p2|4
|start
|switch|p1a: Incineroar|Incineroar, L50, M, shiny|100/100
|switch|p1b: Ursaluna|Ursaluna-Bloodmoon, L50, M|100/100
|switch|p2a: Bronzong|Bronzong, L50|100/100
|switch|p2b: Torkoal|Torkoal, L50, M|100/100
|-ability|p1a: Incineroar|Intimidate|boost
|-unboost|p2a: Bronzong|atk|1
|-unboost|p2b: Torkoal|atk|1
|-weather|SunnyDay|[from] ability: Drought|[of] p2b: Torkoal
|-enditem|p2b: Torkoal|Eject Pack
|inactive|Battle timer is ON: inactive players will automatically lose when time's up. (requested by Dawsonschris)
|
|t:|1756434908
|switch|p2b: Exeggutor|Exeggutor-Alola, L50, F, shiny|100/100
|turn|1
|
|t:|1756434930
|-terastallize|p1b: Ursaluna|Normal
|move|p2b: Exeggutor|Protect|p2b: Exeggutor
|-singleturn|p2b: Exeggutor|Protect
|move|p1a: Incineroar|Fake Out|p2b: Exeggutor
|-activate|p2b: Exeggutor|move: Protect
|move|p1b: Ursaluna|Blood Moon|p2a: Bronzong
|-resisted|p2a: Bronzong
|-damage|p2a: Bronzong|46/100
|-damage|p1b: Ursaluna|91/100|[from] item: Life Orb
|move|p2a: Bronzong|Trick Room|p2a: Bronzong
|-fieldstart|move: Trick Room|[of] p2a: Bronzong
|
|-weather|SunnyDay|[upkeep]
|upkeep
|turn|2
|inactive|Dawsonschris has 30 seconds left.
|inactive|tapiocabun27 has 30 seconds left.
|
|t:|1756434959
|move|p1b: Ursaluna|Protect|p1b: Ursaluna
|-singleturn|p1b: Ursaluna|Protect
|move|p2a: Bronzong|Gyro Ball|p1b: Ursaluna
|-activate|p1b: Ursaluna|move: Protect
|move|p2b: Exeggutor|Dragon Pulse|p1a: Incineroar
|-damage|p1a: Incineroar|58/100
|move|p1a: Incineroar|Flare Blitz|p2a: Bronzong
|-supereffective|p2a: Bronzong
|-damage|p2a: Bronzong|0 fnt
|faint|p2a: Bronzong
|-damage|p1a: Incineroar|44/100|[from] Recoil
|
|-weather|SunnyDay|[upkeep]
|upkeep
|
|t:|1756434970
|switch|p2a: Ursaluna|Ursaluna, L50, F|100/100
|turn|3
|inactive|tapiocabun27 has 30 seconds left.
|
|t:|1756435003
|switch|p1b: Electabuzz|Electabuzz, L50, M|100/100
|move|p2a: Ursaluna|Protect|p2a: Ursaluna
|-singleturn|p2a: Ursaluna|Protect
|move|p2b: Exeggutor|Dragon Pulse|p1a: Incineroar
|-damage|p1a: Incineroar|0 fnt
|faint|p1a: Incineroar
|
|-weather|SunnyDay|[upkeep]
|-status|p2a: Ursaluna|brn|[from] item: Flame Orb
|upkeep
|
|t:|1756435027
|switch|p1a: Indeedee|Indeedee, L50, M|100/100
|-fieldstart|move: Psychic Terrain|[from] ability: Psychic Surge|[of] p1a: Indeedee
|turn|4
|
|t:|1756435040
|move|p1b: Electabuzz|Follow Me|p1b: Electabuzz
|-singleturn|p1b: Electabuzz|move: Follow Me
|move|p2b: Exeggutor|Solar Beam||[still]
|-prepare|p2b: Exeggutor|Solar Beam
|-anim|p2b: Exeggutor|Solar Beam|p1b: Electabuzz
|-damage|p1b: Electabuzz|46/100
|move|p2a: Ursaluna|Earthquake|p1a: Indeedee|[spread] p2b,p1a,p1b
|-resisted|p2b: Exeggutor
|-supereffective|p1b: Electabuzz
|-damage|p2b: Exeggutor|62/100
|-enditem|p1a: Indeedee|Focus Sash
|-damage|p1a: Indeedee|1/100
|-damage|p1b: Electabuzz|0 fnt
|faint|p1b: Electabuzz
|move|p1a: Indeedee|Expanding Force|p2b: Exeggutor|[spread] p2a,p2b
|-damage|p2a: Ursaluna|53/100 brn
|-damage|p2b: Exeggutor|10/100
|-enditem|p2b: Exeggutor|Sitrus Berry|[eat]
|-heal|p2b: Exeggutor|35/100|[from] item: Sitrus Berry
|
|-weather|SunnyDay|[upkeep]
|-damage|p2a: Ursaluna|47/100 brn|[from] brn
|-item|p2b: Exeggutor|Sitrus Berry|[from] ability: Harvest
|upkeep
|-enditem|p2b: Exeggutor|Sitrus Berry|[eat]
|-heal|p2b: Exeggutor|60/100|[from] item: Sitrus Berry
|
|t:|1756435063
|switch|p1b: Ursaluna|Ursaluna-Bloodmoon, L50, M, tera:Normal|91/100
|turn|5
|
|t:|1756435082
|move|p1b: Ursaluna|Protect|p1b: Ursaluna
|-singleturn|p1b: Ursaluna|Protect
|move|p1a: Indeedee|Protect|p1a: Indeedee
|-singleturn|p1a: Indeedee|Protect
|move|p2b: Exeggutor|Solar Beam||[still]
|-prepare|p2b: Exeggutor|Solar Beam
|-anim|p2b: Exeggutor|Solar Beam|p1b: Ursaluna
|-activate|p1b: Ursaluna|move: Protect
|move|p2a: Ursaluna|Earthquake|p1a: Indeedee|[spread] p2b
|-activate|p1a: Indeedee|move: Protect
|-activate|p1b: Ursaluna|move: Protect
|-resisted|p2b: Exeggutor
|-damage|p2b: Exeggutor|27/100
|
|-weather|none
|-damage|p2a: Ursaluna|41/100 brn|[from] brn
|-fieldend|move: Trick Room
|upkeep
|turn|6
|
|t:|1756435101
|switch|p2a: Torkoal|Torkoal, L50, M|100/100
|-weather|SunnyDay|[from] ability: Drought|[of] p2a: Torkoal
|move|p1a: Indeedee|Expanding Force|p2b: Exeggutor|[spread] p2a,p2b
|-crit|p2a: Torkoal
|-damage|p2a: Torkoal|0 fnt
|-damage|p2b: Exeggutor|0 fnt
|faint|p2a: Torkoal
|faint|p2b: Exeggutor
|move|p1b: Ursaluna|Hyper Voice|p2: Torkoal|[notarget]
|-fail|p1b: Ursaluna
|
|-weather|SunnyDay|[upkeep]
|upkeep
|
|t:|1756435108
|switch|p2b: Ursaluna|Ursaluna, L50, F|41/100 brn
|turn|7
|
|t:|1756435118
|move|p1a: Indeedee|Expanding Force|p2b: Ursaluna
|-damage|p2b: Ursaluna|0 fnt
|faint|p2b: Ursaluna
|
|win|Dawsonschris
||tapiocabun27 is ready for game 2.
