|j|☆dimee
|j|☆DibraldinhoVGC
|html|dimeeDibraldinhoVGC    
|uhtml|bestof|Game 1 of a best-of-3
|t:|1784682355
|gametype|doubles
|player|p1|dimee|lance|
|player|p2|DibraldinhoVGC|1|
|gen|9
|tier|[Gen 9 Champions] VGC 2026 Reg M-B (Bo3)
|rule|Species Clause: Limit one of each Pokémon
|rule|Item Clause: Limit 1 of each item
|clearpoke
|poke|p1|Vileplume, L50, M|
|poke|p1|Charizard, L50, F|
|poke|p1|Torkoal, L50, M|
|poke|p1|Aegislash, L50, M|
|poke|p1|Malamar, L50, F|
|poke|p1|Sableye, L50, F|
|poke|p2|Grimmsnarl, L50, M, shiny|
|poke|p2|Pelipper, L50, M|
|poke|p2|Archaludon, L50, M|
|poke|p2|Venusaur, L50, F|
|poke|p2|Charizard, L50, M, shiny|
|poke|p2|Basculegion, L50, M|
|teampreview|4
|showteam|p1|Vileplume||SitrusBerry|EffectSpore|SludgeBomb,SleepPowder,GigaDrain,Protect|Modest||M|||50|]Charizard||CharizarditeY|Blaze|HeatWave,Overheat,SolarBeam,Protect|Timid||F|||50|]Torkoal||ExpertBelt|Drought|HeatWave,Protect,Overheat,EarthPower|Quiet||M|||50|]Aegislash||FocusSash|StanceChange|IronHead,CloseCombat,KingsShield,ShadowSneak|Adamant||M|||50|]Malamar||QuickClaw|Contrary|KnockOff,TrickRoom,TopsyTurvy,Superpower|Brave||F|||50|]Sableye||Leftovers|Prankster|FoulPlay,Quash,WillOWisp,Reflect|Relaxed||F|||50|
|showteam|p2|Grimmsnarl||LightClay|Prankster|SpiritBreak,PartingShot,Reflect,LightScreen|Sassy||M|||50|]Pelipper||SitrusBerry|Drizzle|Hurricane,WeatherBall,Tailwind,WideGuard|Modest||M|||50|]Archaludon||Leftovers|Stamina|ElectroShot,DragonPulse,FlashCannon,Protect|Modest||M|||50|]Venusaur||FocusSash|Chlorophyll|SludgeBomb,EarthPower,SleepPowder,Protect|Modest||F|||50|]Charizard||CharizarditeY|Blaze|HeatWave,WeatherBall,SolarBeam,Protect|Modest||M|||50|]Basculegion||ChoiceScarf|Adaptability|WaveCrash,LastRespects,FlipTurn,AquaJet|Jolly||M|||50|
|
|t:|1784682421
|teamsize|p1|4
|teamsize|p2|4
|start
|switch|p1a: Malamar|Malamar, L50, F|100/100
|switch|p1b: Vileplume|Vileplume, L50, M|100/100
|switch|p2a: Archaludon|Archaludon, L50, M|100/100
|switch|p2b: Grimmsnarl|Grimmsnarl, L50, M, shiny|100/100
|turn|1
|
|t:|1784682466
|move|p2b: Grimmsnarl|Reflect|p2b: Grimmsnarl
|-sidestart|p2: DibraldinhoVGC|Reflect
|move|p2a: Archaludon|Dragon Pulse|p1a: Malamar
|-damage|p1a: Malamar|58/100
|move|p1b: Vileplume|Sleep Powder|p2a: Archaludon
|-status|p2a: Archaludon|slp|[from] move: Sleep Powder
|move|p1a: Malamar|Trick Room|p1a: Malamar
|-fieldstart|move: Trick Room|[of] p1a: Malamar
|
|upkeep
|turn|2
|
|t:|1784682497
|switch|p2a: Basculegion|Basculegion, L50, M|100/100
|move|p1b: Vileplume|Sludge Bomb|p2b: Grimmsnarl
|-supereffective|p2b: Grimmsnarl|1
|-damage|p2b: Grimmsnarl|15/100
|move|p2b: Grimmsnarl|Spirit Break|p1a: Malamar
|-supereffective|p1a: Malamar|1
|-damage|p1a: Malamar|1/100
|-boost|p1a: Malamar|spa|1
|move|p1a: Malamar|Knock Off|p2b: Grimmsnarl
|-resisted|p2b: Grimmsnarl|2
|-damage|p2b: Grimmsnarl|9/100
|-enditem|p2b: Grimmsnarl|Light Clay|[from] move: Knock Off|[of] p1a: Malamar
|
|upkeep
|turn|3
|
|t:|1784682538
|switch|p2a: Archaludon|Archaludon, L50, M|100/100 slp
|move|p2b: Grimmsnarl|Light Screen|p2b: Grimmsnarl
|-sidestart|p2: DibraldinhoVGC|move: Light Screen
|move|p1b: Vileplume|Sludge Bomb|p2b: Grimmsnarl
|-supereffective|p2b: Grimmsnarl|1
|-crit|p2b: Grimmsnarl
|-damage|p2b: Grimmsnarl|0 fnt
|faint|p2b: Grimmsnarl
|move|p1a: Malamar|Knock Off|p2a: Archaludon
|-damage|p2a: Archaludon|83/100 slp
|-ability|p2a: Archaludon|Stamina|boost
|-boost|p2a: Archaludon|def|1
|-enditem|p2a: Archaludon|Leftovers|[from] move: Knock Off|[of] p1a: Malamar
|
|upkeep
|
|t:|1784682550
|switch|p2b: Basculegion|Basculegion, L50, M|100/100
|turn|4
|
|t:|1784682576
|move|p2b: Basculegion|Aqua Jet|p1a: Malamar
|-damage|p1a: Malamar|0 fnt
|faint|p1a: Malamar
|move|p1b: Vileplume|Giga Drain|p2b: Basculegion
|-supereffective|p2b: Basculegion|1
|-damage|p2b: Basculegion|35/100
|cant|p2a: Archaludon|slp
|
|upkeep
|
|t:|1784682586
|switch|p1a: Sableye|Sableye, L50, F|100/100
|turn|5
|
|t:|1784682614
|switch|p2b: Pelipper|Pelipper, L50, M|100/100
|-weather|RainDance|[from] ability: Drizzle|[of] p2b: Pelipper
|move|p1a: Sableye|Foul Play|p2a: Archaludon
|-damage|p2a: Archaludon|73/100 slp
|-ability|p2a: Archaludon|Stamina|boost
|-boost|p2a: Archaludon|def|1
|move|p1b: Vileplume|Giga Drain|p2b: Pelipper
|-crit|p2b: Pelipper
|-damage|p2b: Pelipper|31/100
|-enditem|p2b: Pelipper|Sitrus Berry|[eat]
|-heal|p2b: Pelipper|56/100|[from] item: Sitrus Berry
|cant|p2a: Archaludon|slp
|
|-weather|RainDance|[upkeep]
|-fieldend|move: Trick Room
|upkeep
|turn|6
|
|t:|1784682664
|switch|p2b: Basculegion|Basculegion, L50, M|35/100
|move|p1a: Sableye|Quash||[still]
|-fail|p1a: Sableye
|-curestatus|p2a: Archaludon|slp|[msg]
|move|p2a: Archaludon|Dragon Pulse|p1a: Sableye
|-damage|p1a: Sableye|50/100y
|move|p1b: Vileplume|Sleep Powder|p2b: Basculegion|[miss]
|-miss|p1b: Vileplume|p2b: Basculegion
|
|-weather|RainDance|[upkeep]
|-heal|p1a: Sableye|55/100|[from] item: Leftovers
|upkeep
|turn|7
|
|t:|1784682699
|move|p1b: Vileplume|Protect|p1b: Vileplume
|-singleturn|p1b: Vileplume|Protect
|move|p2b: Basculegion|Aqua Jet|p1a: Sableye
|-damage|p1a: Sableye|12/100
|move|p2a: Archaludon|Dragon Pulse|p1a: Sableye
|-damage|p1a: Sableye|0 fnt
|faint|p1a: Sableye
|
|-weather|RainDance|[upkeep]
|-sideend|p2: DibraldinhoVGC|move: Light Screen
|upkeep
|
|t:|1784682712
|switch|p1a: Torkoal|Torkoal, L50, M|100/100
|-weather|SunnyDay|[from] ability: Drought|[of] p1a: Torkoal
|turn|8
|
|t:|1784682762
|switch|p2b: Pelipper|Pelipper, L50, M|56/100
|-weather|RainDance|[from] ability: Drizzle|[of] p2b: Pelipper
|move|p2a: Archaludon|Protect|p2a: Archaludon
|-singleturn|p2a: Archaludon|Protect
|move|p1a: Torkoal|Protect|p1a: Torkoal
|-singleturn|p1a: Torkoal|Protect
|move|p1b: Vileplume|Sleep Powder|p2a: Archaludon
|-activate|p2a: Archaludon|move: Protect
|
|-weather|RainDance|[upkeep]
|-sideend|p2: DibraldinhoVGC|Reflect
|upkeep
|turn|9
|
|t:|1784682787
|move|p1b: Vileplume|Protect|p1b: Vileplume
|-singleturn|p1b: Vileplume|Protect
|move|p2a: Archaludon|Electro Shot||[still]
|-prepare|p2a: Archaludon|Electro Shot
|-boost|p2a: Archaludon|spa|1
|-anim|p2a: Archaludon|Electro Shot|p1b: Vileplume
|-activate|p1b: Vileplume|move: Protect
|move|p2b: Pelipper|Weather Ball|p1a: Torkoal
|-supereffective|p1a: Torkoal|1
|-damage|p1a: Torkoal|0 fnt
|faint|p1a: Torkoal
|
|-weather|RainDance|[upkeep]
|upkeep
|turn|10
|
|t:|1784682805
|move|p2a: Archaludon|Electro Shot||[still]
|-prepare|p2a: Archaludon|Electro Shot
|-boost|p2a: Archaludon|spa|1
|-anim|p2a: Archaludon|Electro Shot|p1b: Vileplume
|-resisted|p1b: Vileplume|1
|-damage|p1b: Vileplume|58/100
|move|p2b: Pelipper|Hurricane|p1b: Vileplume
|-supereffective|p1b: Vileplume|1
|-damage|p1b: Vileplume|0 fnt
|faint|p1b: Vileplume
|
|win|DibraldinhoVGC
