|j|☆ScrewSalesman
|j|☆monado476
|html|ScrewSalesmanmonado476    
|uhtml|bestof|Game 2 of a best-of-3
|t:|1756436463
|gametype|doubles
|player|p1|ScrewSalesman|cynthia-gen4|1121
|player|p2|monado476|volkner|1078
|gen|9
|tier|[Gen 9] VGC 2025 Reg H (Bo3)
|rated|
|rule|Species Clause: Limit one of each Pokémon
|rule|Item Clause: Limit 1 of each item
|clearpoke
|poke|p1|Porygon2, L50|
|poke|p1|Incineroar, L50, F|
|poke|p1|Ursaluna, L50, F|
|poke|p1|Jumpluff, L50, F|
|poke|p1|Charizard, L50, M|
|poke|p1|Torkoal, L50, M|
|poke|p2|Incineroar, L50, M|
|poke|p2|Whimsicott, L50, M|
|poke|p2|Gastrodon, L50, F|
|poke|p2|Kleavor, L50, F|
|poke|p2|Gholdengo, L50|
|poke|p2|Primarina, L50, F|
|teampreview|4
|showteam|p1|Porygon2||Eviolite|Download|TeraBlast,IceBeam,TrickRoom,Recover||||||50|,,,,,Fighting]Incineroar||SitrusBerry|Intimidate|FakeOut,KnockOff,FlareBlitz,PartingShot|||F|||50|,,,,,Ghost]Ursaluna||FlameOrb|Guts|HeadlongRush,Facade,Earthquake,Protect|||F|||50|,,,,,Ghost]Jumpluff||CovertCloak|Chlorophyll|RagePowder,PollenPuff,Tailwind,SleepPowder|||F|||50|,,,,,Water]Charizard||ChoiceSpecs|SolarPower|HeatWave,Overheat,WeatherBall,DragonPulse|||M|||50|,,,,,Ghost]Torkoal||EjectPack|Drought|Overheat,Eruption,HelpingHand,Protect|||M|||50|,,,,,Fire
|showteam|p2|Incineroar||SafetyGoggles|Intimidate|FakeOut,PartingShot,KnockOff,FlareBlitz|||M|||50|,,,,,Grass]Whimsicott||FocusSash|Prankster|Moonblast,Tailwind,Encore,Taunt|||M|||50|,,,,,Ghost]Gastrodon||Leftovers|StormDrain|IcyWind,Recover,Yawn,EarthPower|||F|||50|,,,,,Fire]Kleavor||LifeOrb|Sharpness|StoneAxe,NightSlash,XScissor,Protect|||F|||50|,,,,,Steel]Gholdengo||MetalCoat|GoodasGold|MakeItRain,ShadowBall,NastyPlot,Protect||||||50|,,,,,Steel]Primarina||CovertCloak|LiquidVoice|Haze,HyperVoice,Moonblast,Protect|||F|||50|,,,,,Poison
|inactive|Battle timer is ON: inactive players will automatically lose when time's up. (requested by ScrewSalesman)
|
|t:|1756436487
|teamsize|p1|4
|teamsize|p2|4
|start
|switch|p1a: Incineroar|Incineroar, L50, F|100/100
|switch|p1b: Porygon2|Porygon2, L50, shiny|100/100
|switch|p2a: Whimsicott|Whimsicott, L50, M|100/100
|switch|p2b: Primarina|Primarina, L50, F|100/100
|-ability|p1a: Incineroar|Intimidate|boost
|-unboost|p2a: Whimsicott|atk|1
|-unboost|p2b: Primarina|atk|1
|-ability|p1b: Porygon2|Download|boost
|-boost|p1b: Porygon2|atk|1
|turn|1
|
|t:|1756436512
|move|p2a: Whimsicott|Taunt|p1b: Porygon2
|-start|p1b: Porygon2|move: Taunt
|move|p2b: Primarina|Hyper Voice|p1a: Incineroar|[spread] p1a,p1b
|-supereffective|p1a: Incineroar
|-damage|p1a: Incineroar|31/100
|-damage|p1b: Porygon2|77/100
|-enditem|p1a: Incineroar|Sitrus Berry|[eat]
|-heal|p1a: Incineroar|56/100|[from] item: Sitrus Berry
|move|p1a: Incineroar|Parting Shot|p2b: Primarina
|-unboost|p2b: Primarina|atk|1
|-unboost|p2b: Primarina|spa|1
|
|t:|1756436522
|switch|p1a: Ursaluna|Ursaluna, L50, F|100/100|[from] Parting Shot
|move|p1b: Porygon2|Ice Beam|p2a: Whimsicott
|-supereffective|p2a: Whimsicott
|-damage|p2a: Whimsicott|6/100
|-status|p2a: Whimsicott|frz
|
|-status|p1a: Ursaluna|brn|[from] item: Flame Orb
|upkeep
|turn|2
|inactive|monado476 has 30 seconds left.
|
|t:|1756436547
|switch|p1b: Jumpluff|Jumpluff, L50, F|100/100
|cant|p2a: Whimsicott|frz
|move|p2b: Primarina|Haze|p2b: Primarina
|-clearallboost
|move|p1a: Ursaluna|Earthquake|p2b: Primarina|[spread] p2a,p2b
|-immune|p1b: Jumpluff
|-resisted|p2a: Whimsicott
|-damage|p2a: Whimsicott|0 fnt
|-damage|p2b: Primarina|10/100
|faint|p2a: Whimsicott
|
|-damage|p1a: Ursaluna|95/100 brn|[from] brn
|upkeep
|
|t:|1756436564
|switch|p2a: Gholdengo|Gholdengo, L50|100/100
|turn|3
|
|t:|1756436582
|-terastallize|p2a: Gholdengo|Steel
|move|p2b: Primarina|Protect|p2b: Primarina
|-singleturn|p2b: Primarina|Protect
|move|p1b: Jumpluff|Tailwind|p1b: Jumpluff
|-sidestart|p1: ScrewSalesman|move: Tailwind
|move|p1a: Ursaluna|Earthquake|p2b: Primarina|[spread] p2a
|-activate|p2b: Primarina|move: Protect
|-immune|p1b: Jumpluff
|-supereffective|p2a: Gholdengo
|-damage|p2a: Gholdengo|0 fnt
|faint|p2a: Gholdengo
|
|-damage|p1a: Ursaluna|89/100 brn|[from] brn
|upkeep
|
|t:|1756436594
|switch|p2a: Kleavor|Kleavor, L50, F|100/100
|turn|4
|
|t:|1756436603
|move|p1b: Jumpluff|Rage Powder|p1b: Jumpluff
|-singleturn|p1b: Jumpluff|move: Rage Powder
|move|p1a: Ursaluna|Earthquake|p2a: Kleavor|[spread] p2a,p2b
|-immune|p1b: Jumpluff
|-damage|p2a: Kleavor|11/100
|-damage|p2b: Primarina|0 fnt
|faint|p2b: Primarina
|move|p2a: Kleavor|X-Scissor|p1b: Jumpluff
|-damage|p1b: Jumpluff|1/100
|-damage|p2a: Kleavor|2/100|[from] item: Life Orb
|
|-damage|p1a: Ursaluna|83/100 brn|[from] brn
|upkeep
|turn|5
|-message|monado476 forfeited.
|
|win|ScrewSalesman
|raw|ScrewSalesman's rating: 1121 → 1143(+22 for winning)
|raw|monado476's rating: 1078 → 1059(-19 for losing)
|l|☆monado476
|player|p2|
