|j|☆Chapignon286
|j|☆Lab01JNEST
|html|Chapignon286Lab01JNEST    
|uhtml|bestof|Game 1 of a best-of-3
|t:|1757713926
|gametype|doubles
|player|p1|Chapignon286|102|1223
|player|p2|Lab01JNEST|266|1318
|gen|9
|tier|[Gen 9] VGC 2025 Reg H (Bo3)
|rated|
|rule|Species Clause: Limit one of each Pokémon
|rule|Item Clause: Limit 1 of each item
|clearpoke
|poke|p1|Dondozo, L50, M|
|poke|p1|Tatsugiri, L50, M|
|poke|p1|Kingambit, L50, M|
|poke|p1|Sneasler, L50, F|
|poke|p1|Volcarona, L50, M|
|poke|p1|Dragonite, L50, F|
|poke|p2|Tyranitar, L50, M|
|poke|p2|Garchomp, L50, F|
|poke|p2|Sinistcha, L50|
|poke|p2|Dragonite, L50, M|
|poke|p2|Corviknight, L50, M|
|poke|p2|Volcarona, L50, M|
|teampreview|4
|showteam|p1|Dondozo||Leftovers|Unaware|WaveCrash,OrderUp,Yawn,Protect|||M|||50|,,,,,Grass]Tatsugiri||ChoiceScarf|Commander|IcyWind,DracoMeteor,MuddyWater,TeraBlast|||M|||50|,,,,,Steel]Kingambit||SafetyGoggles|Defiant|KowtowCleave,SuckerPunch,SwordsDance,Protect|||M|||50|,,,,,Dark]Sneasler||FocusSash|PoisonTouch|CloseCombat,DireClaw,FakeOut,Protect|||F|||50|,,,,,Stellar]Volcarona||CovertCloak|FlameBody|HeatWave,TeraBlast,QuiverDance,RagePowder|||M|||50|,,,,,Fairy]Dragonite||LoadedDice|Multiscale|ScaleShot,Protect,Tailwind,StompingTantrum|||F|||50|,,,,,Fairy
|showteam|p2|Tyranitar||AssaultVest|SandStream|RockSlide,KnockOff,TeraBlast,LowKick|||M|||50|,,,,,Flying]Garchomp||LifeOrb|RoughSkin|Protect,DragonClaw,StompingTantrum,Earthquake|||F|||50|,,,,,Ground]Sinistcha||RockyHelmet|Hospitality|MatchaGotcha,LifeDew,TrickRoom,RagePowder||||||50|,,,,,Dark]Dragonite||ChoiceBand|InnerFocus|Outrage,ExtremeSpeed,IceSpinner,AerialAce|||M|||50|,,,,,Normal]Corviknight||SitrusBerry|MirrorArmor|Tailwind,BulkUp,Roost,BraveBird|||M|||50|,,,,,Dragon]Volcarona||Leftovers|FlameBody|FieryDance,GigaDrain,QuiverDance,Protect|||M|||50|,,,,,Dragon
|inactive|Battle timer is ON: inactive players will automatically lose when time's up. (requested by Lab01JNEST)
|inactive|Chapignon286 also wants the timer to be on.
|inactive|Chapignon286 has 60 seconds left.
|inactive|Chapignon286 has 30 seconds left.
|
|t:|1757713990
|teamsize|p1|4
|teamsize|p2|4
|start
|switch|p1a: Sneasler|Sneasler, L50, F|100/100
|switch|p1b: Dragonite|Dragonite, L50, F|100/100
|switch|p2a: Dragonite|Dragonite, L50, M|100/100
|switch|p2b: Volcarona|Volcarona, L50, M|100/100
|turn|1
|inactive|Chapignon286 has 30 seconds left.
|
|t:|1757714020
|-terastallize|p2a: Dragonite|Normal
|move|p2a: Dragonite|Extreme Speed|p1a: Sneasler
|-enditem|p1a: Sneasler|Focus Sash
|-damage|p1a: Sneasler|1/100
|move|p1a: Sneasler|Dire Claw|p2b: Volcarona
|-damage|p2b: Volcarona|48/100
|-status|p2b: Volcarona|psn|[from] ability: Poison Touch|[of] p1a: Sneasler
|move|p2b: Volcarona|Quiver Dance|p2b: Volcarona
|-boost|p2b: Volcarona|spa|1
|-boost|p2b: Volcarona|spd|1
|-boost|p2b: Volcarona|spe|1
|move|p1b: Dragonite|Scale Shot|p2a: Dragonite|[miss]
|-miss|p1b: Dragonite|p2a: Dragonite
|
|-heal|p2b: Volcarona|55/100 psn|[from] item: Leftovers
|-damage|p2b: Volcarona|42/100 psn|[from] psn
|upkeep
|turn|2
|inactive|Chapignon286 has 30 seconds left.
|
|t:|1757714048
|move|p1a: Sneasler|Protect|p1a: Sneasler
|-singleturn|p1a: Sneasler|Protect
|move|p2a: Dragonite|Extreme Speed|p1a: Sneasler
|-activate|p1a: Sneasler|move: Protect
|move|p2b: Volcarona|Fiery Dance|p1b: Dragonite
|-resisted|p1b: Dragonite
|-damage|p1b: Dragonite|83/100
|move|p1b: Dragonite|Scale Shot|p2b: Volcarona
|-damage|p2b: Volcarona|23/100 psn
|-damage|p2b: Volcarona|3/100 psn
|-damage|p2b: Volcarona|0 fnt
|faint|p2b: Volcarona
|-hitcount|p2: Volcarona|3
|-unboost|p1b: Dragonite|def|1
|-boost|p1b: Dragonite|spe|1
|
|upkeep
|
|t:|1757714054
|switch|p2b: Corviknight|Corviknight, L50, M|100/100
|turn|3
|inactive|Chapignon286 has 30 seconds left.
|
|t:|1757714079
|switch|p1b: Dondozo|Dondozo, L50, M|100/100
|switch|p1a: Tatsugiri|Tatsugiri, L50, M|100/100
|-activate|p1a: Tatsugiri|ability: Commander|[of] p1b: Dondozo
|-boost|p1b: Dondozo|atk|2
|-boost|p1b: Dondozo|spa|2
|-boost|p1b: Dondozo|spe|2
|-boost|p1b: Dondozo|def|2
|-boost|p1b: Dondozo|spd|2
|move|p2a: Dragonite|Extreme Speed|p1a: Tatsugiri|[miss]
|-miss|p2a: Dragonite|p1a: Tatsugiri
|move|p2b: Corviknight|Brave Bird|p1b: Dondozo
|-crit|p1b: Dondozo
|-damage|p1b: Dondozo|52/100
|-damage|p2b: Corviknight|83/100|[from] Recoil
|
|-heal|p1b: Dondozo|58/100|[from] item: Leftovers
|upkeep
|turn|4
|
|t:|1757714103
|move|p2a: Dragonite|Extreme Speed|p1b: Dondozo
|-damage|p1b: Dondozo|35/100
|move|p1b: Dondozo|Order Up|p2a: Dragonite
|-damage|p2a: Dragonite|53/100
|-boost|p1b: Dondozo|atk|1
|move|p2b: Corviknight|Brave Bird|p1b: Dondozo
|-damage|p1b: Dondozo|19/100
|-damage|p2b: Corviknight|77/100|[from] Recoil
|
|-heal|p1b: Dondozo|25/100|[from] item: Leftovers
|upkeep
|turn|5
|inactive|Lab01JNEST has 30 seconds left.
|
|t:|1757714137
|move|p2a: Dragonite|Extreme Speed|p1b: Dondozo
|-damage|p1b: Dondozo|1/100
|move|p1b: Dondozo|Order Up|p2a: Dragonite
|-damage|p2a: Dragonite|0 fnt
|faint|p2a: Dragonite
|-boost|p1b: Dondozo|atk|1
|move|p2b: Corviknight|Tailwind|p2b: Corviknight
|-sidestart|p2: Lab01JNEST|move: Tailwind
|
|-heal|p1b: Dondozo|8/100|[from] item: Leftovers
|upkeep
|
|t:|1757714141
|switch|p2a: Garchomp|Garchomp, L50, F|100/100
|turn|6
|
|t:|1757714159
|move|p1b: Dondozo|Protect|p1b: Dondozo
|-singleturn|p1b: Dondozo|Protect
|move|p2a: Garchomp|Dragon Claw|p1b: Dondozo
|-activate|p1b: Dondozo|move: Protect
|move|p2b: Corviknight|Brave Bird|p1a: Tatsugiri|[miss]
|-miss|p2b: Corviknight|p1a: Tatsugiri
|
|-heal|p1b: Dondozo|14/100|[from] item: Leftovers
|upkeep
|turn|7
|inactive|Chapignon286 has 30 seconds left.
|inactive|Chapignon286 has 20 seconds left.
|
|t:|1757714197
|move|p2a: Garchomp|Dragon Claw|p1b: Dondozo
|-damage|p1b: Dondozo|0 fnt
|faint|p1b: Dondozo
|-damage|p2a: Garchomp|91/100|[from] item: Life Orb
|move|p2b: Corviknight|Brave Bird|p1a: Tatsugiri
|-damage|p1a: Tatsugiri|12/100
|-damage|p2b: Corviknight|57/100|[from] Recoil
|
|upkeep
|
|t:|1757714212
|switch|p1b: Dragonite|Dragonite, L50, F|83/100
|turn|8
|inactive|Chapignon286 has 30 seconds left.
|inactive|Lab01JNEST has 30 seconds left.
|inactive|Chapignon286 has 20 seconds left.
|inactive|Chapignon286 has 15 seconds left.
|inactive|Chapignon286 has 10 seconds left.
|
|t:|1757714261
|move|p1b: Dragonite|Protect|p1b: Dragonite
|-singleturn|p1b: Dragonite|Protect
|move|p2a: Garchomp|Dragon Claw|p1a: Tatsugiri
|-supereffective|p1a: Tatsugiri
|-damage|p1a: Tatsugiri|0 fnt
|faint|p1a: Tatsugiri
|-damage|p2a: Garchomp|81/100|[from] item: Life Orb
|move|p2b: Corviknight|Bulk Up|p2b: Corviknight
|-boost|p2b: Corviknight|atk|1
|-boost|p2b: Corviknight|def|1
|
|-sideend|p2: Lab01JNEST|move: Tailwind
|upkeep
|
|t:|1757714264
|switch|p1a: Sneasler|Sneasler, L50, F|1/100
|turn|9
|inactive|Chapignon286 has 30 seconds left.
|
|t:|1757714290
|-terastallize|p1b: Dragonite|Fairy
|move|p1a: Sneasler|Fake Out|p2b: Corviknight
|-resisted|p2b: Corviknight
|-crit|p2b: Corviknight
|-damage|p2b: Corviknight|48/100
|-enditem|p2b: Corviknight|Sitrus Berry|[eat]
|-heal|p2b: Corviknight|73/100|[from] item: Sitrus Berry
|move|p2a: Garchomp|Dragon Claw|p1b: Dragonite
|-immune|p1b: Dragonite
|move|p1b: Dragonite|Scale Shot|p2a: Garchomp
|-supereffective|p2a: Garchomp
|-damage|p2a: Garchomp|53/100
|-supereffective|p2a: Garchomp
|-damage|p2a: Garchomp|21/100
|-supereffective|p2a: Garchomp
|-crit|p2a: Garchomp
|-damage|p2a: Garchomp|0 fnt
|faint|p2a: Garchomp
|-hitcount|p2: Garchomp|3
|-unboost|p1b: Dragonite|def|1
|-boost|p1b: Dragonite|spe|1
|cant|p2b: Corviknight|flinch
|
|upkeep
|turn|10
|
|t:|1757714301
|move|p1b: Dragonite|Scale Shot|p2b: Corviknight
|-resisted|p2b: Corviknight
|-crit|p2b: Corviknight
|-damage|p2b: Corviknight|63/100
|-resisted|p2b: Corviknight
|-crit|p2b: Corviknight
|-damage|p2b: Corviknight|54/100
|-resisted|p2b: Corviknight
|-damage|p2b: Corviknight|50/100
|-resisted|p2b: Corviknight
|-damage|p2b: Corviknight|46/100
|-resisted|p2b: Corviknight
|-damage|p2b: Corviknight|42/100
|-hitcount|p2b: Corviknight|5
|-unboost|p1b: Dragonite|def|1
|-boost|p1b: Dragonite|spe|1
|move|p1a: Sneasler|Close Combat|p2b: Corviknight
|-damage|p2b: Corviknight|9/100
|-unboost|p1a: Sneasler|def|1
|-unboost|p1a: Sneasler|spd|1
|move|p2b: Corviknight|Brave Bird|p1b: Dragonite
|-damage|p1b: Dragonite|0 fnt
|faint|p1b: Dragonite
|-damage|p2b: Corviknight|0 fnt|[from] Recoil
|faint|p2b: Corviknight
|
|win|Chapignon286
