|j|☆dresovense
|j|☆Lycaon05
|html|dresovenseLycaon05    
|uhtml|bestof|Game 1 of a best-of-3
|t:|1784275536
|gametype|doubles
|player|p1|dresovense|skier|
|player|p2|Lycaon05|1|
|gen|9
|tier|[Gen 9 Champions] VGC 2026 Reg M-B (Bo3)
|rule|Species Clause: Limit one of each Pokémon
|rule|Item Clause: Limit 1 of each item
|clearpoke
|poke|p1|Grimmsnarl, L50, M|
|poke|p1|Swampert, L50, F|
|poke|p1|Pelipper, L50, M|
|poke|p1|Archaludon, L50, F|
|poke|p1|Sinistcha, L50|
|poke|p1|Metagross, L50|
|poke|p2|Venusaur, L50, F|
|poke|p2|Archaludon, L50, M|
|poke|p2|Pelipper, L50, F|
|poke|p2|Basculegion, L50, M|
|poke|p2|Charizard, L50, F|
|poke|p2|Grimmsnarl, L50, M|
|teampreview|4
|showteam|p1|Grimmsnarl||LightClay|Prankster|FoulPlay,PartingShot,LightScreen,Reflect|Calm||M|||50|]Swampert||Swampertite|Damp|Protect,IcePunch,WaveCrash,Earthquake|Adamant||F|||50|]Pelipper||SitrusBerry|Drizzle|WideGuard,Tailwind,WeatherBall,Hurricane|Modest||M|||50|]Archaludon||Leftovers|Stamina|Protect,ElectroShot,FlashCannon,DragonPulse|Modest||F|||50|]Sinistcha||CobaBerry|Hospitality|Protect,ShadowBall,MatchaGotcha,RagePowder|Relaxed|||||50|]Metagross||Metagrossite|ClearBody|Protect,BodyPress,PsychicFangs,IronHead|Jolly|||||50|
|showteam|p2|Venusaur||Venusaurite|Chlorophyll|SludgeBomb,GigaDrain,EarthPower,Protect|Modest||F|||50|]Archaludon||Leftovers|Stamina|ElectroShot,DragonPulse,FlashCannon,Protect|Bold||M|||50|]Pelipper||LifeOrb|Drizzle|WeatherBall,Hurricane,WideGuard,Tailwind|Modest||F|||50|]Basculegion||ChoiceScarf|Adaptability|WaveCrash,FlipTurn,LastRespects,AquaJet|Jolly||M|||50|]Charizard||CharizarditeY|Blaze|HeatWave,SolarBeam,WeatherBall,Protect|Modest||F|||50|]Grimmsnarl||LightClay|Prankster|PartingShot,SpiritBreak,LightScreen,Reflect|Careful||M|||50|
|c|☆Lycaon05|glhf!
|inactive|Battle timer is ON: inactive players will automatically lose when time's up. (requested by Lycaon05)
|c|☆dresovense|glhf !
|inactive|dresovense has 60 seconds left.
|inactive|Lycaon05 has 60 seconds left.
|inactive|dresovense has 30 seconds left.
|inactive|Lycaon05 has 30 seconds left.
|inactive|dresovense has 20 seconds left.
|inactive|dresovense has 15 seconds left.
|inactive|Lycaon05 has 20 seconds left.
|inactive|dresovense has 10 seconds left.
|inactive|dresovense has 5 seconds left.
|
|t:|1784275632
|teamsize|p1|4
|teamsize|p2|4
|start
|switch|p1a: Grimmsnarl|Grimmsnarl, L50, M|100/100
|switch|p1b: Pelipper|Pelipper, L50, M|100/100
|switch|p2a: Venusaur|Venusaur, L50, F|100/100
|switch|p2b: Grimmsnarl|Grimmsnarl, L50, M|100/100
|-weather|RainDance|[from] ability: Drizzle|[of] p1b: Pelipper
|turn|1
|inactive|dresovense has 30 seconds left.
|inactive|dresovense has 20 seconds left.
|inactive|dresovense has 15 seconds left.
|
|t:|1784275675
|switch|p2a: Archaludon|Archaludon, L50, M|100/100
|move|p1a: Grimmsnarl|Light Screen|p1a: Grimmsnarl
|-sidestart|p1: dresovense|move: Light Screen
|move|p2b: Grimmsnarl|Light Screen|p2b: Grimmsnarl
|-sidestart|p2: Lycaon05|move: Light Screen
|move|p1b: Pelipper|Weather Ball|p2b: Grimmsnarl
|-damage|p2b: Grimmsnarl|68/100
|
|-weather|RainDance|[upkeep]
|upkeep
|turn|2
|inactive|dresovense has 30 seconds left.
|
|t:|1784275707
|switch|p1b: Archaludon|Archaludon, L50, F|100/100
|move|p1a: Grimmsnarl|Parting Shot|p2a: Archaludon
|-unboost|p2a: Archaludon|atk|1
|-unboost|p2a: Archaludon|spa|1
|
|t:|1784275713
|switch|p1a: Metagross|Metagross, L50|100/100|[from] Parting Shot
|move|p2b: Grimmsnarl|Parting Shot|p1b: Archaludon
|-unboost|p1b: Archaludon|atk|1
|-unboost|p1b: Archaludon|spa|1
|
|t:|1784275720
|switch|p2b: Six Seveeen|Charizard, L50, F|100/100|[from] Parting Shot
|move|p2a: Archaludon|Electro Shot||[still]
|-prepare|p2a: Archaludon|Electro Shot
|-boost|p2a: Archaludon|spa|1
|-anim|p2a: Archaludon|Electro Shot|p1b: Archaludon
|-resisted|p1b: Archaludon|1
|-damage|p1b: Archaludon|87/100
|-ability|p1b: Archaludon|Stamina|boost
|-boost|p1b: Archaludon|def|1
|
|-weather|RainDance|[upkeep]
|-heal|p1b: Archaludon|93/100|[from] item: Leftovers
|upkeep
|turn|3
|inactive|dresovense has 30 seconds left.
|
|t:|1784275751
|switch|p1b: Grimmsnarl|Grimmsnarl, L50, M|100/100
|detailschange|p1a: Metagross|Metagross-Mega, L50
|-mega|p1a: Metagross|Metagross|Metagrossite
|move|p2b: Six Seveeen|Protect|p2b: Six Seveeen
|-singleturn|p2b: Six Seveeen|Protect
|move|p1a: Metagross|Psychic Fangs|p2b: Six Seveeen
|-activate|p2b: Six Seveeen|move: Protect
|move|p2a: Archaludon|Electro Shot||[still]
|-prepare|p2a: Archaludon|Electro Shot
|-boost|p2a: Archaludon|spa|1
|-anim|p2a: Archaludon|Electro Shot|p1a: Metagross
|-damage|p1a: Metagross|63/100
|
|-weather|RainDance|[upkeep]
|upkeep
|turn|4
|inactive|dresovense has 30 seconds left.
|inactive|dresovense has 20 seconds left.
|
|t:|1784275787
|switch|p2b: Grimmsnarl|Grimmsnarl, L50, M|68/100
|move|p1b: Grimmsnarl|Parting Shot|p2b: Grimmsnarl
|-hint|Since gen 7, Dark is immune to Prankster moves.
|-immune|p2b: Grimmsnarl
|move|p1a: Metagross|Body Press|p2a: Archaludon
|-supereffective|p2a: Archaludon|1
|-damage|p2a: Archaludon|52/100
|-ability|p2a: Archaludon|Stamina|boost
|-boost|p2a: Archaludon|def|1
|move|p2a: Archaludon|Electro Shot||[still]
|-prepare|p2a: Archaludon|Electro Shot
|-boost|p2a: Archaludon|spa|1
|-anim|p2a: Archaludon|Electro Shot|p1a: Metagross
|-damage|p1a: Metagross|18/100
|
|-weather|RainDance|[upkeep]
|-heal|p2a: Archaludon|58/100|[from] item: Leftovers
|upkeep
|turn|5
|inactive|dresovense has 30 seconds left.
|inactive|dresovense has 20 seconds left.
|inactive|dresovense has 15 seconds left.
|inactive|dresovense has 10 seconds left.
|inactive|Lycaon05 has 30 seconds left.
|inactive|dresovense has 5 seconds left.
|
|t:|1784275838
|switch|p1a: Archaludon|Archaludon, L50, F|93/100
|move|p2b: Grimmsnarl|Reflect|p2b: Grimmsnarl
|-sidestart|p2: Lycaon05|Reflect
|move|p1b: Grimmsnarl|Parting Shot|p2a: Archaludon
|-unboost|p2a: Archaludon|atk|1
|-unboost|p2a: Archaludon|spa|1
|
|t:|1784275851
|switch|p1b: Pelipper|Pelipper, L50, M|100/100|[from] Parting Shot
|move|p2a: Archaludon|Electro Shot||[still]
|-prepare|p2a: Archaludon|Electro Shot
|-boost|p2a: Archaludon|spa|1
|-anim|p2a: Archaludon|Electro Shot|p1a: Archaludon
|-resisted|p1a: Archaludon|1
|-damage|p1a: Archaludon|71/100
|-ability|p1a: Archaludon|Stamina|boost
|-boost|p1a: Archaludon|def|1
|
|-weather|none
|-heal|p2a: Archaludon|64/100|[from] item: Leftovers
|-heal|p1a: Archaludon|77/100|[from] item: Leftovers
|upkeep
|turn|6
|inactive|dresovense has 30 seconds left.
|inactive|dresovense has 20 seconds left.
|inactive|dresovense has 15 seconds left.
|inactive|dresovense has 10 seconds left.
|
|t:|1784275900
|switch|p1b: Grimmsnarl|Grimmsnarl, L50, M|100/100
|move|p2b: Grimmsnarl|Parting Shot|p1a: Archaludon
|-unboost|p1a: Archaludon|atk|1
|-unboost|p1a: Archaludon|spa|1
|
|t:|1784275906
|switch|p2b: Venusaur|Venusaur, L50, F|100/100|[from] Parting Shot
|move|p2a: Archaludon|Dragon Pulse|p1a: Archaludon
|-damage|p1a: Archaludon|31/100
|-ability|p1a: Archaludon|Stamina|boost
|-boost|p1a: Archaludon|def|1
|move|p1a: Archaludon|Dragon Pulse|p2a: Archaludon
|-damage|p2a: Archaludon|47/100
|-ability|p2a: Archaludon|Stamina|boost
|-boost|p2a: Archaludon|def|1
|
|-heal|p2a: Archaludon|53/100|[from] item: Leftovers
|-heal|p1a: Archaludon|38/100|[from] item: Leftovers
|upkeep
|turn|7
|inactive|dresovense has 30 seconds left.
|inactive|dresovense has 20 seconds left.
|inactive|dresovense has 15 seconds left.
|inactive|dresovense has 10 seconds left.
|
|t:|1784275952
|move|p1b: Grimmsnarl|Parting Shot|p2a: Archaludon
|-unboost|p2a: Archaludon|atk|1
|-unboost|p2a: Archaludon|spa|1
|
|t:|1784275957
|switch|p1b: Pelipper|Pelipper, L50, M|100/100|[from] Parting Shot
|-weather|RainDance|[from] ability: Drizzle|[of] p1b: Pelipper
|move|p2a: Archaludon|Flash Cannon|p1b: Pelipper
|-resisted|p1b: Pelipper|1
|-damage|p1b: Pelipper|80/100
|move|p1a: Archaludon|Dragon Pulse|p2a: Archaludon
|-damage|p2a: Archaludon|35/100
|-ability|p2a: Archaludon|Stamina|boost
|-boost|p2a: Archaludon|def|1
|move|p2b: Venusaur|Earth Power|p1a: Archaludon
|-supereffective|p1a: Archaludon|1
|-damage|p1a: Archaludon|0 fnt
|faint|p1a: Archaludon
|
|-weather|RainDance|[upkeep]
|-heal|p2a: Archaludon|41/100|[from] item: Leftovers
|upkeep
|
|t:|1784275981
|switch|p1a: Metagross|Metagross-Mega, L50|18/100
|turn|8
|inactive|dresovense has 30 seconds left.
|inactive|dresovense has 20 seconds left.
|
|t:|1784276020
|move|p2b: Venusaur|Protect|p2b: Venusaur
|-singleturn|p2b: Venusaur|Protect
|move|p1a: Metagross|Body Press|p2a: Archaludon
|-supereffective|p2a: Archaludon|1
|-damage|p2a: Archaludon|29/100
|-ability|p2a: Archaludon|Stamina|boost
|-boost|p2a: Archaludon|def|1
|move|p2a: Archaludon|Electro Shot||[still]
|-prepare|p2a: Archaludon|Electro Shot
|-boost|p2a: Archaludon|spa|1
|-anim|p2a: Archaludon|Electro Shot|p1b: Pelipper
|-supereffective|p1b: Pelipper|2
|-crit|p1b: Pelipper
|-damage|p1b: Pelipper|0 fnt
|faint|p1b: Pelipper
|
|-weather|RainDance|[upkeep]
|-heal|p2a: Archaludon|35/100|[from] item: Leftovers
|-sideend|p2: Lycaon05|move: Light Screen
|-sideend|p1: dresovense|move: Light Screen
|upkeep
|
|t:|1784276031
|switch|p1b: Grimmsnarl|Grimmsnarl, L50, M|100/100
|turn|9
|inactive|dresovense has 30 seconds left.
|
|t:|1784276060
|move|p1b: Grimmsnarl|Parting Shot|p2b: Venusaur
|-unboost|p2b: Venusaur|atk|1
|-unboost|p2b: Venusaur|spa|1
|move|p1a: Metagross|Body Press|p2a: Archaludon
|-supereffective|p2a: Archaludon|1
|-damage|p2a: Archaludon|25/100
|-ability|p2a: Archaludon|Stamina|boost
|-boost|p2a: Archaludon|def|1
|move|p2a: Archaludon|Electro Shot||[still]
|-prepare|p2a: Archaludon|Electro Shot
|-boost|p2a: Archaludon|spa|1
|-anim|p2a: Archaludon|Electro Shot|p1a: Metagross
|-damage|p1a: Metagross|0 fnt
|faint|p1a: Metagross
|move|p2b: Venusaur|Earth Power|p1b: Grimmsnarl
|-damage|p1b: Grimmsnarl|84/100
|-unboost|p1b: Grimmsnarl|spd|1
|
|-weather|RainDance|[upkeep]
|-heal|p2a: Archaludon|31/100|[from] item: Leftovers
|upkeep
|turn|10
|inactive|dresovense has 30 seconds left.
|inactive|dresovense has 20 seconds left.
|inactive|dresovense has 15 seconds left.
|
|t:|1784276088
|detailschange|p2b: Venusaur|Venusaur-Mega, L50, F
|-mega|p2b: Venusaur|Venusaur|Venusaurite
|move|p2a: Archaludon|Flash Cannon|p1b: Grimmsnarl
|-supereffective|p1b: Grimmsnarl|1
|-damage|p1b: Grimmsnarl|0 fnt
|faint|p1b: Grimmsnarl
|
|win|Lycaon05
||Lycaon05 is ready for game 2.
||dresovense is ready for game 2.
|uhtml|next|Next: Game 2 of 3
