|j|☆BlackXeno
|j|☆lordtentacle69
|html|BlackXenolordtentacle69    
|uhtml|bestof|Game 2 of a best-of-3
|t:|1782967328
|gametype|doubles
|player|p1|BlackXeno|169|1117
|player|p2|lordtentacle69|corbeau|1072
|gen|9
|tier|[Gen 9 Champions] VGC 2026 Reg M-B (Bo3)
|rated|
|rule|Species Clause: Limit one of each Pokémon
|rule|Item Clause: Limit 1 of each item
|clearpoke
|poke|p1|Froslass, L50, F|
|poke|p1|Glaceon, L50, F|
|poke|p1|Sneasler, L50, M|
|poke|p1|Garchomp, L50, M|
|poke|p1|Basculegion, L50, M|
|poke|p1|Incineroar, L50, F|
|poke|p2|Aerodactyl, L50, F|
|poke|p2|Charizard, L50, F|
|poke|p2|Kingambit, L50, F|
|poke|p2|Sylveon, L50, M|
|poke|p2|Farigiraf, L50, M|
|poke|p2|Garchomp, L50, M|
|teampreview|4
|showteam|p1|Froslass||Froslassite|SnowCloak|Blizzard,ShadowBall,AuroraVeil,Protect|Timid||F|||50|]Glaceon||BrightPowder|SnowCloak|Blizzard,AlluringVoice,IcyWind,Detect|Calm||F|||50|]Sneasler||WhiteHerb|Unburden|CloseCombat,DireClaw,FakeOut,Protect|Adamant||M|||50|]Garchomp||FocusSash|RoughSkin|Earthquake,RockSlide,DragonClaw,Protect|Jolly||M|||50|]Basculegion||ChoiceScarf|Adaptability|WaveCrash,LastRespects,AquaJet,FlipTurn|Adamant||M|||50|]Incineroar||SitrusBerry|Intimidate|FakeOut,FlareBlitz,DarkestLariat,PartingShot|Adamant||F|||50|
|showteam|p2|Aerodactyl||Aerodactylite|Unnerve|RockSlide,DualWingbeat,IceFang,Tailwind|Jolly||F|||50|]Charizard||CharizarditeY|Blaze|HeatWave,Protect,SolarBeam,WeatherBall|Modest||F|||50|]Kingambit||FocusSash|Defiant|KowtowCleave,SuckerPunch,LowKick,IronHead|Adamant||F|||50|]Sylveon||FairyFeather|Pixilate|HyperVoice,HyperBeam,QuickAttack,Protect|Modest||M|||50|]Farigiraf||SitrusBerry|ArmorTail|Psychic,Protect,TrickRoom,Thunderbolt|Bold||M|||50|]Garchomp||LifeOrb|RoughSkin|Earthquake,StompingTantrum,DragonClaw,Protect|Jolly||M|||50|
|
|t:|1782967357
|teamsize|p1|4
|teamsize|p2|4
|start
|switch|p1a: Froslass|Froslass, L50, F|100/100
|switch|p1b: Incineroar|Incineroar, L50, F|100/100
|switch|p2a: Farigiraf|Farigiraf, L50, M|100/100
|switch|p2b: Kingambit|Kingambit, L50, F|100/100
|-ability|p1b: Incineroar|Intimidate|boost
|-unboost|p2a: Farigiraf|atk|1
|-unboost|p2b: Kingambit|atk|1
|-ability|p2b: Kingambit|Defiant|boost
|-boost|p2b: Kingambit|atk|2
|turn|1
|
|t:|1782967379
|switch|p2a: Charizard|Charizard, L50, F|100/100
|detailschange|p1a: Froslass|Froslass-Mega, L50, F
|-mega|p1a: Froslass|Froslass|Froslassite
|-weather|Snowscape|[from] ability: Snow Warning|[of] p1a: Froslass
|move|p1a: Froslass|Protect|p1a: Froslass
|-singleturn|p1a: Froslass|Protect
|move|p2b: Kingambit|Low Kick|p1b: Incineroar
|-supereffective|p1b: Incineroar|1
|-damage|p1b: Incineroar|5/100
|-enditem|p1b: Incineroar|Sitrus Berry|[eat]
|-heal|p1b: Incineroar|30/100|[from] item: Sitrus Berry
|move|p1b: Incineroar|Flare Blitz|p2b: Kingambit
|-supereffective|p2b: Kingambit|1
|-damage|p2b: Kingambit|2/100
|-damage|p1b: Incineroar|2/100|[from] Recoil
|
|-weather|Snowscape|[upkeep]
|upkeep
|turn|2
|
|t:|1782967424
|switch|p1a: Garchomp|Garchomp, L50, M|100/100
|detailschange|p2a: Charizard|Charizard-Mega-Y, L50, F
|-mega|p2a: Charizard|Charizard|Charizardite Y
|-weather|SunnyDay|[from] ability: Drought|[of] p2a: Charizard
|move|p2b: Kingambit|Sucker Punch||[still]
|-fail|p2b: Kingambit
|move|p2a: Charizard|Heat Wave|p1a: Garchomp|[spread] p1a,p1b
|-resisted|p1a: Garchomp|1
|-resisted|p1b: Incineroar|1
|-damage|p1a: Garchomp|62/100
|-damage|p1b: Incineroar|0 fnt
|faint|p1b: Incineroar
|
|-weather|SunnyDay|[upkeep]
|upkeep
|
|t:|1782967436
|switch|p1b: Froslass|Froslass-Mega, L50, F|100/100
|-weather|Snowscape|[from] ability: Snow Warning|[of] p1b: Froslass
|turn|3
|
|t:|1782967452
|move|p2b: Kingambit|Sucker Punch|p1a: Garchomp
|-damage|p1a: Garchomp|0 fnt
|-damage|p2b: Kingambit|0 fnt|[from] ability: Rough Skin|[of] p1a: Garchomp
|faint|p1a: Garchomp
|faint|p2b: Kingambit
|move|p1b: Froslass|Shadow Ball|p2a: Charizard
|-damage|p2a: Charizard|57/100
|move|p2a: Charizard|Heat Wave|p1b: Froslass
|-supereffective|p1b: Froslass|1
|-damage|p1b: Froslass|0 fnt
|faint|p1b: Froslass
|
|-weather|Snowscape|[upkeep]
|upkeep
|
|t:|1782967467
|switch|p1a: Sneasler|Sneasler, L50, M|100/100
|switch|p2b: Farigiraf|Farigiraf, L50, M|100/100
|turn|4
|
|t:|1782967475
|move|p2a: Charizard|Protect|p2a: Charizard
|-singleturn|p2a: Charizard|Protect
|move|p1a: Sneasler|Dire Claw|p2a: Charizard
|-activate|p2a: Charizard|move: Protect
|move|p2b: Farigiraf|Trick Room|p2b: Farigiraf
|-fieldstart|move: Trick Room|[of] p2b: Farigiraf
|
|-weather|Snowscape|[upkeep]
|upkeep
|turn|5
|-message|BlackXeno forfeited.
|
|win|lordtentacle69
|raw|BlackXeno's rating: 1117 → 1089(-28 for losing)
|raw|lordtentacle69's rating: 1072 → 1105(+33 for winning)
|l|☆BlackXeno
|player|p1|
