|j|☆pikatrod
|j|☆Inferno prodigy
|html|pikatrodInferno prodigy    
|uhtml|bestof|Game 1 of a best-of-3
|t:|1784576968
|gametype|doubles
|player|p1|pikatrod|1|1409
|player|p2|Inferno prodigy|102|1345
|gen|9
|tier|[Gen 9 Champions] VGC 2026 Reg M-B (Bo3)
|rated|
|rule|Species Clause: Limit one of each Pokémon
|rule|Item Clause: Limit 1 of each item
|clearpoke
|poke|p1|Kingambit, L50, M|
|poke|p1|Charizard, L50, M|
|poke|p1|Aerodactyl, L50, F|
|poke|p1|Farigiraf, L50, F|
|poke|p1|Garchomp, L50, F|
|poke|p1|Sylveon, L50, M|
|poke|p2|Staraptor, L50, M|
|poke|p2|Metagross, L50|
|poke|p2|Farigiraf, L50, M|
|poke|p2|Whimsicott, L50, M|
|poke|p2|Garchomp, L50, F|
|poke|p2|Ceruledge, L50, M|
|teampreview|4
|showteam|p1|Kingambit||FocusSash|Defiant|KowtowCleave,IronHead,SuckerPunch,LowKick|Adamant||M|||50|]Charizard||CharizarditeY|Blaze|HeatWave,SolarBeam,WeatherBall,Protect|Modest||M|||50|]Aerodactyl||Aerodactylite|Unnerve|RockSlide,DualWingbeat,IceFang,Tailwind|Jolly||F|||50|]Farigiraf||SitrusBerry|ArmorTail|TwinBeam,Thunderbolt,TrickRoom,Roar|Bold||F|||50|]Garchomp||LifeOrb|RoughSkin|Earthquake,DragonClaw,StompingTantrum,Protect|Jolly||F|||50|]Sylveon||FairyFeather|Pixilate|HyperVoice,HyperBeam,QuickAttack,Protect|Modest||M|||50|
|showteam|p2|Staraptor||Staraptite|Intimidate|CloseCombat,Roost,BraveBird,Protect|Jolly||M|||50|]Metagross||Metagrossite|ClearBody|Protect,IronHead,PsychicFangs,BodyPress|Adamant|||||50|]Farigiraf||SitrusBerry|ArmorTail|Psychic,Thunderbolt,HelpingHand,TrickRoom|Calm||M|||50|]Whimsicott||FocusSash|Prankster|Moonblast,Tailwind,Encore,Charm|Timid||M|||50|]Garchomp||LifeOrb|RoughSkin|StompingTantrum,RockSlide,DragonClaw,Protect|Jolly||F|||50|]Ceruledge||ColburBerry|FlashFire|BitterBlade,ShadowSneak,BulkUp,Protect|Adamant||M|||50|
|
|t:|1784577029
|teamsize|p1|4
|teamsize|p2|4
|start
|switch|p1a: Farigiraf|Farigiraf, L50, F|100/100
|switch|p1b: Sylveon|Sylveon, L50, M|100/100
|switch|p2a: Staraptor|Staraptor, L50, M|100/100
|switch|p2b: Whimsicott|Whimsicott, L50, M|100/100
|-ability|p2a: Staraptor|Intimidate|boost
|-unboost|p1a: Farigiraf|atk|1
|-unboost|p1b: Sylveon|atk|1
|turn|1
|
|t:|1784577051
|switch|p2a: Ceruledge|Ceruledge, L50, M|100/100
|move|p1b: Sylveon|Protect|p1b: Sylveon
|-singleturn|p1b: Sylveon|Protect
|move|p2b: Whimsicott|Moonblast|p1b: Sylveon
|-activate|p1b: Sylveon|move: Protect
|move|p1a: Farigiraf|Trick Room|p1a: Farigiraf
|-fieldstart|move: Trick Room|[of] p1a: Farigiraf
|
|upkeep
|turn|2
|
|t:|1784577063
|move|p1a: Farigiraf|Twin Beam|p2a: Ceruledge
|-damage|p2a: Ceruledge|85/100
|-damage|p2a: Ceruledge|68/100
|-hitcount|p2a: Ceruledge|2
|move|p1b: Sylveon|Hyper Voice|p2b: Whimsicott|[spread] p2a,p2b
|-resisted|p2a: Ceruledge|1
|-damage|p2a: Ceruledge|45/100
|-damage|p2b: Whimsicott|21/100
|move|p2a: Ceruledge|Bulk Up|p2a: Ceruledge
|-boost|p2a: Ceruledge|atk|1
|-boost|p2a: Ceruledge|def|1
|move|p2b: Whimsicott|Moonblast|p1b: Sylveon
|-damage|p1b: Sylveon|72/100
|
|upkeep
|turn|3
|
|t:|1784577080
|move|p2a: Ceruledge|Protect|p2a: Ceruledge
|-singleturn|p2a: Ceruledge|Protect
|move|p1a: Farigiraf|Twin Beam|p2a: Ceruledge
|-activate|p2a: Ceruledge|move: Protect
|move|p1b: Sylveon|Hyper Voice|p2b: Whimsicott|[spread] p2b
|-activate|p2a: Ceruledge|move: Protect
|-damage|p2b: Whimsicott|0 fnt
|faint|p2b: Whimsicott
|
|upkeep
|
|t:|1784577087
|switch|p2b: Farigiraf|Farigiraf, L50, M|100/100
|turn|4
|
|t:|1784577094
|move|p1a: Farigiraf|Twin Beam|p2a: Ceruledge
|-damage|p2a: Ceruledge|30/100
|-damage|p2a: Ceruledge|15/100
|-hitcount|p2a: Ceruledge|2
|move|p1b: Sylveon|Hyper Voice|p2a: Ceruledge|[spread] p2a,p2b
|-resisted|p2a: Ceruledge|1
|-damage|p2a: Ceruledge|0 fnt
|-damage|p2b: Farigiraf|60/100
|faint|p2a: Ceruledge
|move|p2b: Farigiraf|Trick Room|p2b: Farigiraf
|-fieldend|move: Trick Room
|
|upkeep
|
|t:|1784577099
|switch|p2a: Staraptor|Staraptor, L50, M|100/100
|-ability|p2a: Staraptor|Intimidate|boost
|-unboost|p1a: Farigiraf|atk|1
|-unboost|p1b: Sylveon|atk|1
|turn|5
|
|t:|1784577117
|detailschange|p2a: Staraptor|Staraptor-Mega, L50, M
|-mega|p2a: Staraptor|Staraptor|Staraptite
|move|p2a: Staraptor|Close Combat|p1a: Farigiraf
|-damage|p1a: Farigiraf|57/100
|-boost|p2a: Staraptor|def|1
|-boost|p2a: Staraptor|spd|1
|move|p1b: Sylveon|Hyper Voice|p2b: Farigiraf|[spread] p2a,p2b
|-supereffective|p2a: Staraptor|1
|-damage|p2a: Staraptor|31/100
|-damage|p2b: Farigiraf|17/100
|-enditem|p2b: Farigiraf|Sitrus Berry|[eat]
|-heal|p2b: Farigiraf|42/100|[from] item: Sitrus Berry
|move|p2b: Farigiraf|Thunderbolt|p1a: Farigiraf
|-damage|p1a: Farigiraf|38/100
|-enditem|p1a: Farigiraf|Sitrus Berry|[eat]
|-heal|p1a: Farigiraf|63/100|[from] item: Sitrus Berry
|move|p1a: Farigiraf|Twin Beam|p2a: Staraptor
|-supereffective|p2a: Staraptor|1
|-damage|p2a: Staraptor|9/100
|-supereffective|p2a: Staraptor|1
|-damage|p2a: Staraptor|0 fnt
|faint|p2a: Staraptor
|-hitcount|p2: Staraptor|2
|
|upkeep
|turn|6
|-message|Inferno prodigy forfeited.
|
|win|pikatrod
|l|☆Inferno prodigy
|player|p2|
||Inferno prodigy is ready for game 2.
||pikatrod is ready for game 2.
|uhtml|next|Next: Game 2 of 3
