|j|☆firepon79
|j|☆TheBigGibber
|html|firepon79TheBigGibber    
|uhtml|bestof|Game 3 of a best-of-3
|t:|1754454928
|gametype|doubles
|player|p1|firepon79|psychic-gen4|1300
|player|p2|TheBigGibber|102|1331
|gen|9
|tier|[Gen 9] VGC 2025 Reg H (Bo3)
|rated|
|rule|Species Clause: Limit one of each Pokémon
|rule|Item Clause: Limit 1 of each item
|clearpoke
|poke|p1|Annihilape, L50, M|
|poke|p1|Dragonite, L50, F|
|poke|p1|Rillaboom, L50, F|
|poke|p1|Electabuzz, L50, F|
|poke|p1|Gholdengo, L50|
|poke|p1|Incineroar, L50, F|
|poke|p2|Magmar, L50, F|
|poke|p2|Rillaboom, L50, M|
|poke|p2|Primarina, L50, F|
|poke|p2|Baxcalibur, L50, F|
|poke|p2|Kingambit, L50, F|
|poke|p2|Sneasler, L50, M|
|teampreview|4
|showteam|p1|Annihilape||FocusSash|Defiant|CloseCombat,Coaching,RageFist,Taunt|||M|||50|,,,,,Stellar]Dragonite||LoadedDice|Multiscale|Protect,ScaleShot,Haze,ExtremeSpeed|||F|||50|,,,,,Fairy]Rillaboom||AssaultVest|GrassySurge|GrassyGlide,FakeOut,WoodHammer,HighHorsepower|||F|||50|,,,,,Fire]Electabuzz||Eviolite|VitalSpirit|Protect,Taunt,FollowMe,Electroweb|||F|||50|,,,,,Dragon]Gholdengo||SitrusBerry|GoodasGold|Protect,NastyPlot,MakeItRain,ShadowBall||||||50|,,,,,Water]Incineroar||MirrorHerb|Intimidate|FlareBlitz,KnockOff,PartingShot,FakeOut|||F|||50|,,,,,Ghost
|showteam|p2|Magmar||Eviolite|VitalSpirit|HeatWave,Taunt,FollowMe,Protect|||F|||50|,,,,,Ghost]Rillaboom||AssaultVest|GrassySurge|GrassyGlide,WoodHammer,HighHorsepower,FakeOut|||M|||50|,,,,,Water]Primarina||SitrusBerry|LiquidVoice|Moonblast,HyperVoice,Haze,Protect|||F|||50|,,,,,Water]Baxcalibur||LoadedDice|ThermalExchange|IcicleSpear,ScaleShot,IceShard,Protect|||F|||50|,,,,,Ghost]Kingambit||BlackGlasses|Defiant|KowtowCleave,SwordsDance,SuckerPunch,Protect|||F|||50|,,,,,Dark]Sneasler||FocusSash|Unburden|DireClaw,CloseCombat,Coaching,FakeOut|||M|||50|,,,,,Stellar
|inactive|Battle timer is ON: inactive players will automatically lose when time's up. (requested by firepon79)
|inactive|firepon79 has 60 seconds left.
|
|t:|1754454975
|teamsize|p1|4
|teamsize|p2|4
|start
|switch|p1a: Gholdengo|Gholdengo, L50|100/100
|switch|p1b: Rillaboom|Rillaboom, L50, F|100/100
|switch|p2a: Primarina|Primarina, L50, F|100/100
|switch|p2b: Sneasler|Sneasler, L50, M|100/100
|-fieldstart|move: Grassy Terrain|[from] ability: Grassy Surge|[of] p1b: Rillaboom
|turn|1
|inactive|firepon79 has 30 seconds left.
|
|t:|1754455002
|switch|p2a: Kingambit|Kingambit, L50, F|100/100
|move|p2b: Sneasler|Fake Out|p1b: Rillaboom
|-damage|p1b: Rillaboom|86/100
|move|p1a: Gholdengo|Nasty Plot|p1a: Gholdengo
|-boost|p1a: Gholdengo|spa|2
|cant|p1b: Rillaboom|flinch
|
|-heal|p1b: Rillaboom|92/100|[from] Grassy Terrain
|upkeep
|turn|2
|inactive|TheBigGibber has 30 seconds left.
|
|t:|1754455037
|switch|p2b: Magmar|Magmar, L50, F|100/100
|-terastallize|p1a: Gholdengo|Water
|-terastallize|p2a: Kingambit|Dark
|move|p1a: Gholdengo|Make It Rain|p2b: Magmar|[spread] p2a,p2b
|-resisted|p2b: Magmar
|-damage|p2a: Kingambit|12/100
|-damage|p2b: Magmar|64/100
|-unboost|p1a: Gholdengo|spa|1
|move|p1b: Rillaboom|High Horsepower|p2a: Kingambit
|-damage|p2a: Kingambit|0 fnt
|faint|p2a: Kingambit
|
|-heal|p2b: Magmar|70/100|[from] Grassy Terrain
|-heal|p1b: Rillaboom|98/100|[from] Grassy Terrain
|upkeep
|
|t:|1754455055
|switch|p2a: Sneasler|Sneasler, L50, M|100/100
|turn|3
|
|t:|1754455064
|switch|p1b: Incineroar|Incineroar, L50, F|100/100
|-ability|p1b: Incineroar|Intimidate|boost
|-unboost|p2a: Sneasler|atk|1
|-unboost|p2b: Magmar|atk|1
|move|p1a: Gholdengo|Protect|p1a: Gholdengo
|-singleturn|p1a: Gholdengo|Protect
|move|p2a: Sneasler|Dire Claw|p1b: Incineroar
|-damage|p1b: Incineroar|72/100
|move|p2b: Magmar|Heat Wave|p1a: Gholdengo|[spread] p1b
|-activate|p1a: Gholdengo|move: Protect
|-resisted|p1b: Incineroar
|-damage|p1b: Incineroar|58/100
|
|-heal|p2b: Magmar|76/100|[from] Grassy Terrain
|-heal|p1b: Incineroar|64/100|[from] Grassy Terrain
|upkeep
|turn|4
|
|t:|1754455086
|switch|p2a: Primarina|Primarina, L50, F|100/100
|move|p1b: Incineroar|Fake Out|p2a: Primarina
|-damage|p2a: Primarina|87/100
|move|p1a: Gholdengo|Nasty Plot|p1a: Gholdengo
|-boost|p1a: Gholdengo|spa|2
|move|p2b: Magmar|Heat Wave|p1a: Gholdengo|[spread] p1a,p1b
|-resisted|p1a: Gholdengo
|-resisted|p1b: Incineroar
|-damage|p1a: Gholdengo|85/100
|-damage|p1b: Incineroar|52/100
|-status|p1a: Gholdengo|brn
|
|-heal|p1a: Gholdengo|91/100 brn|[from] Grassy Terrain
|-heal|p2b: Magmar|82/100|[from] Grassy Terrain
|-heal|p1b: Incineroar|58/100|[from] Grassy Terrain
|-heal|p2a: Primarina|93/100|[from] Grassy Terrain
|-damage|p1a: Gholdengo|85/100 brn|[from] brn
|upkeep
|turn|5
|
|t:|1754455106
|move|p2b: Magmar|Protect|p2b: Magmar
|-singleturn|p2b: Magmar|Protect
|move|p1a: Gholdengo|Make It Rain|p2a: Primarina|[spread] p2a
|-activate|p2b: Magmar|move: Protect
|-damage|p2a: Primarina|0 fnt
|-unboost|p1a: Gholdengo|spa|1
|faint|p2a: Primarina
|move|p1b: Incineroar|Knock Off|p2b: Magmar
|-activate|p2b: Magmar|move: Protect
|
|-heal|p1a: Gholdengo|91/100 brn|[from] Grassy Terrain
|-heal|p2b: Magmar|88/100|[from] Grassy Terrain
|-heal|p1b: Incineroar|64/100|[from] Grassy Terrain
|-damage|p1a: Gholdengo|85/100 brn|[from] brn
|-fieldend|move: Grassy Terrain
|upkeep
|
|t:|1754455110
|switch|p2a: Sneasler|Sneasler, L50, M|100/100
|turn|6
|
|t:|1754455126
|switch|p1b: Rillaboom|Rillaboom, L50, F|98/100
|-fieldstart|move: Grassy Terrain|[from] ability: Grassy Surge|[of] p1b: Rillaboom
|move|p1a: Gholdengo|Protect|p1a: Gholdengo
|-singleturn|p1a: Gholdengo|Protect
|move|p2a: Sneasler|Close Combat|p1a: Gholdengo
|-activate|p1a: Gholdengo|move: Protect
|move|p2b: Magmar|Heat Wave|p1a: Gholdengo|[spread] p1b
|-activate|p1a: Gholdengo|move: Protect
|-supereffective|p1b: Rillaboom
|-crit|p1b: Rillaboom
|-damage|p1b: Rillaboom|32/100
|
|-heal|p1a: Gholdengo|91/100 brn|[from] Grassy Terrain
|-heal|p2b: Magmar|94/100|[from] Grassy Terrain
|-heal|p1b: Rillaboom|38/100|[from] Grassy Terrain
|-damage|p1a: Gholdengo|85/100 brn|[from] brn
|upkeep
|turn|7
|
|t:|1754455140
|move|p1b: Rillaboom|Fake Out|p2a: Sneasler
|-damage|p2a: Sneasler|65/100
|cant|p2a: Sneasler|flinch
|move|p1a: Gholdengo|Make It Rain|p2a: Sneasler|[spread] p2a,p2b
|-resisted|p2b: Magmar
|-damage|p2a: Sneasler|0 fnt
|-damage|p2b: Magmar|55/100
|-unboost|p1a: Gholdengo|spa|1
|faint|p2a: Sneasler
|move|p2b: Magmar|Heat Wave|p1a: Gholdengo|[spread] p1a,p1b
|-resisted|p1a: Gholdengo
|-supereffective|p1b: Rillaboom
|-damage|p1a: Gholdengo|72/100 brn
|-damage|p1b: Rillaboom|0 fnt
|faint|p1b: Rillaboom
|
|-heal|p1a: Gholdengo|78/100 brn|[from] Grassy Terrain
|-heal|p2b: Magmar|61/100|[from] Grassy Terrain
|-damage|p1a: Gholdengo|72/100 brn|[from] brn
|upkeep
|-message|TheBigGibber forfeited.
|
|win|firepon79
|raw|firepon79's rating: 1300 → 1327(+27 for winning)
|raw|TheBigGibber's rating: 1331 → 1309(-22 for losing)
|l|☆firepon79
|player|p1|
