|j|☆dynamo22
|j|☆Davirate
|html|dynamo22Davirate    
|uhtml|bestof|Game 3 of a best-of-3
|t:|1757630722
|gametype|doubles
|player|p1|dynamo22|101|1176
|player|p2|Davirate|steven-masters2|1252
|gen|9
|tier|[Gen 9] VGC 2025 Reg H (Bo3)
|rated|
|rule|Species Clause: Limit one of each Pokémon
|rule|Item Clause: Limit 1 of each item
|clearpoke
|poke|p1|Charizard, L50, M|
|poke|p1|Torkoal, L50, F|
|poke|p1|Porygon2, L50|
|poke|p1|Incineroar, L50, F|
|poke|p1|Jumpluff, L50, M|
|poke|p1|Ursaluna, L50, M|
|poke|p2|Sneasler, L50, F|
|poke|p2|Indeedee, L50, M|
|poke|p2|Volcarona, L50, M|
|poke|p2|Ursaluna-Bloodmoon, L50, M|
|poke|p2|Annihilape, L50, F|
|poke|p2|Tyranitar, L50, M|
|teampreview|4
|showteam|p1|Charizard||ChoiceSpecs|SolarPower|HeatWave,Overheat,WeatherBall,AirSlash|||M|||50|,,,,,Ghost]Torkoal||EjectPack|Drought|Eruption,Overheat,HelpingHand,Protect|||F|||50|,,,,,Fire]Porygon2||Eviolite|Download|TeraBlast,IceBeam,Recover,TrickRoom||||||50|,,,,,Fighting]Incineroar||SitrusBerry|Intimidate|FlareBlitz,KnockOff,FakeOut,PartingShot|||F|||50|,,,,,Ghost]Jumpluff||CovertCloak|Chlorophyll|SleepPowder,SunnyDay,RagePowder,Tailwind|||M|||50|,,,,,Water]Ursaluna||FlameOrb|Guts|HeadlongRush,Facade,Earthquake,Protect|||M|||50|,,,,,Ghost
|showteam|p2|Sneasler||PsychicSeed|Unburden|CloseCombat,DireClaw,ThroatChop,Protect|||F|||50|,,,,,Stellar]Indeedee||ChoiceScarf|PsychicSurge|ExpandingForce,TeraBlast,Trick,Protect|||M|||50|,,,,,Psychic]Volcarona||SitrusBerry|FlameBody|Overheat,StruggleBug,RagePowder,Tailwind|||M|||50|,,,,,Grass]Ursaluna-Bloodmoon||LifeOrb|MindsEye|BloodMoon,HyperVoice,EarthPower,Protect|||M|||50|,,,,,Normal]Annihilape||SafetyGoggles|Defiant|CloseCombat,RageFist,Taunt,FinalGambit|||F|||50|,,,,,Fairy]Tyranitar||AssaultVest|SandStream|RockSlide,KnockOff,TeraBlast,LowKick|||M|||50|,,,,,Flying
|
|t:|1757630748
|teamsize|p1|4
|teamsize|p2|4
|start
|switch|p1a: Jumpluff|Jumpluff, L50, M|100/100
|switch|p1b: Ursaluna|Ursaluna, L50, M|100/100
|switch|p2a: Sneasler|Sneasler, L50, F|100/100
|switch|p2b: Indeedee|Indeedee, L50, M|100/100
|-fieldstart|move: Psychic Terrain|[from] ability: Psychic Surge|[of] p2b: Indeedee
|-enditem|p2a: Sneasler|Psychic Seed
|-boost|p2a: Sneasler|spd|1|[from] item: Psychic Seed
|turn|1
|
|t:|1757630821
|move|p1a: Jumpluff|Rage Powder|p1a: Jumpluff
|-singleturn|p1a: Jumpluff|move: Rage Powder
|move|p2a: Sneasler|Throat Chop|p1a: Jumpluff
|-damage|p1a: Jumpluff|66/100
|move|p2b: Indeedee|Expanding Force|p1a: Jumpluff|[spread] p1a,p1b
|-damage|p1a: Jumpluff|8/100
|-damage|p1b: Ursaluna|45/100
|move|p1b: Ursaluna|Earthquake|p2a: Sneasler|[spread] p2a,p2b
|-immune|p1a: Jumpluff
|-supereffective|p2a: Sneasler
|-damage|p2a: Sneasler|0 fnt
|-damage|p2b: Indeedee|9/100
|faint|p2a: Sneasler
|
|-status|p1b: Ursaluna|brn|[from] item: Flame Orb
|upkeep
|
|t:|1757630835
|switch|p2a: Annihilape|Annihilape, L50, F|100/100
|turn|2
|
|t:|1757630870
|switch|p1a: Incineroar|Incineroar, L50, F|100/100
|-ability|p1a: Incineroar|Intimidate|boost
|-unboost|p2a: Annihilape|atk|1
|-ability|p2a: Annihilape|Defiant|boost
|-boost|p2a: Annihilape|atk|2
|-unboost|p2b: Indeedee|atk|1
|move|p1b: Ursaluna|Protect|p1b: Ursaluna
|-singleturn|p1b: Ursaluna|Protect
|move|p2b: Indeedee|Expanding Force|p1a: Incineroar|[spread] 
|-activate|p1b: Ursaluna|move: Protect
|-immune|p1a: Incineroar
|move|p2a: Annihilape|Close Combat|p1b: Ursaluna
|-activate|p1b: Ursaluna|move: Protect
|
|-damage|p1b: Ursaluna|39/100 brn|[from] brn
|upkeep
|turn|3
|
|t:|1757630931
|move|p2b: Indeedee|Expanding Force|p1b: Ursaluna|[spread] p1b
|-immune|p1a: Incineroar
|-damage|p1b: Ursaluna|0 fnt
|faint|p1b: Ursaluna
|move|p2a: Annihilape|Close Combat|p1a: Incineroar
|-supereffective|p1a: Incineroar
|-damage|p1a: Incineroar|0 fnt
|-unboost|p2a: Annihilape|def|1
|-unboost|p2a: Annihilape|spd|1
|faint|p1a: Incineroar
|
|upkeep
|
|t:|1757630943
|switch|p1a: Porygon2|Porygon2, L50|100/100
|switch|p1b: Jumpluff|Jumpluff, L50, M|8/100
|-ability|p1a: Porygon2|Download|boost
|-boost|p1a: Porygon2|atk|1
|turn|4
|
|t:|1757630963
|move|p2b: Indeedee|Expanding Force|p1b: Jumpluff|[spread] p1a,p1b
|-damage|p1a: Porygon2|62/100
|-damage|p1b: Jumpluff|0 fnt
|faint|p1b: Jumpluff
|move|p2a: Annihilape|Taunt|p1a: Porygon2
|-start|p1a: Porygon2|move: Taunt
|cant|p1a: Porygon2|move: Taunt|Trick Room
|
|upkeep
|turn|5
|
|t:|1757630974
|move|p2b: Indeedee|Expanding Force|p1a: Porygon2
|-damage|p1a: Porygon2|17/100
|move|p2a: Annihilape|Final Gambit|p1a: Porygon2
|-damage|p1a: Porygon2|0 fnt
|faint|p2a: Annihilape
|faint|p1a: Porygon2
|
|win|Davirate
|raw|dynamo22's rating: 1176 → 1156(-20 for losing)
|raw|Davirate's rating: 1252 → 1272(+20 for winning)
