|j|☆Uniursh
|j|☆sloth diesel
|html|Uniurshsloth diesel    
|uhtml|bestof|Game 2 of a best-of-3
|t:|1757100503
|gametype|doubles
|player|p1|Uniursh|ingo|1013
|player|p2|sloth diesel|archie-usum|1119
|gen|9
|tier|[Gen 9] VGC 2025 Reg H (Bo3)
|rated|
|rule|Species Clause: Limit one of each Pokémon
|rule|Item Clause: Limit 1 of each item
|clearpoke
|poke|p1|Lilligant-Hisui, L50, F|
|poke|p1|Umbreon, L50, M|
|poke|p1|Volcarona, L50, M|
|poke|p1|Ninetales, L50, M|
|poke|p1|Jumpluff, L50, F|
|poke|p1|Ursaluna-Bloodmoon, L50, M|
|poke|p2|Tyranitar, L50, F|
|poke|p2|Corviknight, L50, M|
|poke|p2|Arcanine-Hisui, L50, F|
|poke|p2|Whimsicott, L50, F|
|poke|p2|Dragonite, L50, M|
|poke|p2|Ursaluna-Bloodmoon, L50, M|
|teampreview|4
|showteam|p1|Lilligant-Hisui||WideLens|Chlorophyll|SolarBlade,CloseCombat,SleepPowder,TripleAxel|||F|||50|,,,,,Ghost]Umbreon||Leftovers|InnerFocus|FoulPlay,Snarl,Taunt,SkillSwap|||M|||50|,,,,,Water]Volcarona||SafetyGoggles|FlameBody|QuiverDance,FieryDance,BugBuzz,Protect|||M|||50|,,,,,Ghost]Ninetales||BlunderPolicy|Drought|WillOWisp,SolarBeam,HeatWave,SunnyDay|||M|||50|,,,,,Grass]Jumpluff||CovertCloak|Chlorophyll|Tailwind,SleepPowder,RagePowder,Encore|||F|||50|,,,,,Dark]Ursaluna-Bloodmoon||AssaultVest|MindsEye|EarthPower,BloodMoon,HyperVoice,VacuumWave|||M|||50|,,,,,Normal
|showteam|p2|Tyranitar||AssaultVest|SandStream|RockSlide,KnockOff,LowKick,TeraBlast|||F|||50|,,,,,Grass]Corviknight||SitrusBerry|MirrorArmor|BraveBird,PowerTrip,BulkUp,Roost|||M|||50|,,,,,Water]Arcanine-Hisui||ClearAmulet|Intimidate|RockSlide,ExtremeSpeed,FlareBlitz,Protect|||F|||50|,,,,,Water]Whimsicott||CovertCloak|Prankster|Moonblast,Tailwind,Tickle,Taunt|||F|||50|,,,,,Steel]Dragonite||LoadedDice|Multiscale|ScaleShot,StompingTantrum,Protect,Haze|||M|||50|,,,,,Ground]Ursaluna-Bloodmoon||LifeOrb|MindsEye|HyperVoice,EarthPower,BloodMoon,Protect|||M|||50|,,,,,Normal
|
|t:|1757100527
|teamsize|p1|4
|teamsize|p2|4
|start
|switch|p1a: Lillimon|Lilligant-Hisui, L50, F|100/100
|switch|p1b: Carnifax|Umbreon, L50, M|100/100
|switch|p2a: Whimsicott|Whimsicott, L50, F, shiny|100/100
|switch|p2b: Ursaluna|Ursaluna-Bloodmoon, L50, M|100/100
|turn|1
|
|t:|1757100548
|move|p2b: Ursaluna|Protect|p2b: Ursaluna
|-singleturn|p2b: Ursaluna|Protect
|move|p2a: Whimsicott|Taunt|p1a: Lillimon
|-start|p1a: Lillimon|move: Taunt
|move|p1a: Lillimon|Close Combat|p2b: Ursaluna
|-activate|p2b: Ursaluna|move: Protect
|move|p1b: Carnifax|Taunt|p2a: Whimsicott
|-start|p2a: Whimsicott|move: Taunt
|
|upkeep
|turn|2
|
|t:|1757100568
|switch|p2a: Arcanine|Arcanine-Hisui, L50, F|100/100
|-ability|p2a: Arcanine|Intimidate|boost
|-unboost|p1a: Lillimon|atk|1
|-fail|p1b: Carnifax|unboost|Attack|[from] ability: Inner Focus|[of] p1b: Carnifax
|move|p1a: Lillimon|Close Combat|p2b: Ursaluna
|-supereffective|p2b: Ursaluna
|-damage|p2b: Ursaluna|37/100
|-unboost|p1a: Lillimon|def|1
|-unboost|p1a: Lillimon|spd|1
|move|p2b: Ursaluna|Hyper Voice|p1a: Lillimon|[spread] p1a,p1b
|-crit|p1a: Lillimon
|-damage|p1a: Lillimon|0 fnt
|-damage|p1b: Carnifax|71/100
|faint|p1a: Lillimon
|-damage|p2b: Ursaluna|27/100|[from] item: Life Orb
|move|p1b: Carnifax|Snarl|p2a: Arcanine|[spread] p2a,p2b
|-damage|p2a: Arcanine|89/100
|-damage|p2b: Ursaluna|15/100
|-unboost|p2b: Ursaluna|spa|1
|
|-heal|p1b: Carnifax|77/100|[from] item: Leftovers
|upkeep
|
|t:|1757100591
|switch|p1a: Vulcanus|Volcarona, L50, M|100/100
|turn|3
|
|t:|1757100604
|move|p1a: Vulcanus|Protect|p1a: Vulcanus
|-singleturn|p1a: Vulcanus|Protect
|move|p2a: Arcanine|Rock Slide|p1b: Carnifax|[spread] p1b
|-activate|p1a: Vulcanus|move: Protect
|-damage|p1b: Carnifax|61/100
|move|p2b: Ursaluna|Blood Moon|p1a: Vulcanus
|-activate|p1a: Vulcanus|move: Protect
|move|p1b: Carnifax|Skill Swap|p2b: Ursaluna
|-activate|p1b: Carnifax|move: Skill Swap|Mind's Eye|Inner Focus|[of] p2b: Ursaluna
|
|-heal|p1b: Carnifax|67/100|[from] item: Leftovers
|upkeep
|turn|4
|
|t:|1757100642
|-terastallize|p1a: Vulcanus|Ghost
|move|p2a: Arcanine|Rock Slide|p1a: Vulcanus|[spread] p1a,p1b
|-damage|p1a: Vulcanus|56/100
|-damage|p1b: Carnifax|48/100
|move|p1a: Vulcanus|Bug Buzz|p2b: Ursaluna
|-damage|p2b: Ursaluna|0 fnt
|faint|p2b: Ursaluna
|move|p1b: Carnifax|Snarl|p2a: Arcanine
|-damage|p2a: Arcanine|73/100
|
|-heal|p1b: Carnifax|54/100|[from] item: Leftovers
|upkeep
|
|t:|1757100654
|switch|p2b: Tyranitar|Tyranitar, L50, F|100/100
|-weather|Sandstorm|[from] ability: Sand Stream|[of] p2b: Tyranitar
|turn|5
|
|t:|1757100669
|move|p2a: Arcanine|Rock Slide|p1b: Carnifax|[spread] p1a,p1b
|-damage|p1a: Vulcanus|15/100
|-damage|p1b: Carnifax|35/100
|move|p1a: Vulcanus|Bug Buzz|p2b: Tyranitar
|-supereffective|p2b: Tyranitar
|-damage|p2b: Tyranitar|58/100
|move|p2b: Tyranitar|Rock Slide|p1a: Vulcanus|[spread] p1a
|-miss|p2b: Tyranitar|p1b: Carnifax
|-damage|p1a: Vulcanus|0 fnt
|faint|p1a: Vulcanus
|move|p1b: Carnifax|Foul Play|p2a: Arcanine
|-damage|p2a: Arcanine|16/100
|
|-weather|Sandstorm|[upkeep]
|-damage|p1b: Carnifax|29/100|[from] Sandstorm
|-heal|p1b: Carnifax|35/100|[from] item: Leftovers
|upkeep
|
|t:|1757100684
|switch|p1a: FullMetalAlchemist|Ursaluna-Bloodmoon, L50, M|100/100
|turn|6
|
|t:|1757100719
|-terastallize|p2b: Tyranitar|Grass
|move|p1a: FullMetalAlchemist|Vacuum Wave|p2a: Arcanine
|-supereffective|p2a: Arcanine
|-damage|p2a: Arcanine|0 fnt
|faint|p2a: Arcanine
|move|p2b: Tyranitar|Tera Blast|p1a: FullMetalAlchemist|[anim] Tera Blast Grass
|-supereffective|p1a: FullMetalAlchemist
|-damage|p1a: FullMetalAlchemist|40/100
|move|p1b: Carnifax|Foul Play|p2b: Tyranitar
|-damage|p2b: Tyranitar|13/100
|
|-weather|Sandstorm|[upkeep]
|-damage|p2b: Tyranitar|7/100|[from] Sandstorm
|-damage|p1b: Carnifax|29/100|[from] Sandstorm
|-heal|p1b: Carnifax|35/100|[from] item: Leftovers
|upkeep
|
|t:|1757100731
|switch|p2a: Whimsicott|Whimsicott, L50, F, shiny|100/100
|turn|7
|
|t:|1757100742
|move|p1a: FullMetalAlchemist|Vacuum Wave|p2b: Tyranitar
|-damage|p2b: Tyranitar|0 fnt
|faint|p2b: Tyranitar
|move|p2a: Whimsicott|Moonblast|p1a: FullMetalAlchemist
|-damage|p1a: FullMetalAlchemist|22/100
|move|p1b: Carnifax|Snarl|p2a: Whimsicott
|-resisted|p2a: Whimsicott
|-damage|p2a: Whimsicott|91/100
|
|-weather|Sandstorm|[upkeep]
|-damage|p2a: Whimsicott|85/100|[from] Sandstorm
|-damage|p1b: Carnifax|29/100|[from] Sandstorm
|-heal|p1b: Carnifax|35/100|[from] item: Leftovers
|upkeep
|turn|8
|
|t:|1757100759
|move|p2a: Whimsicott|Moonblast|p1a: FullMetalAlchemist
|-damage|p1a: FullMetalAlchemist|5/100
|move|p1b: Carnifax|Taunt|p2a: Whimsicott
|-start|p2a: Whimsicott|move: Taunt
|move|p1a: FullMetalAlchemist|Blood Moon|p2a: Whimsicott
|-damage|p2a: Whimsicott|0 fnt
|faint|p2a: Whimsicott
|
|win|Uniursh
||sloth diesel is ready for game 3.
||Uniursh is ready for game 3.
|uhtml|next|Next: Game 3 of 3
