|j|☆SlaymonSays
|j|☆CretaceousDraconid
|html|SlaymonSaysCretaceousDraconid    
|uhtml|bestof|Game 1 of a best-of-3
|t:|1757743196
|gametype|doubles
|player|p1|SlaymonSays|1|1334
|player|p2|CretaceousDraconid|zinnia-masters|1327
|gen|9
|tier|[Gen 9] VGC 2025 Reg H (Bo3)
|rated|
|rule|Species Clause: Limit one of each Pokémon
|rule|Item Clause: Limit 1 of each item
|clearpoke
|poke|p1|Ursaluna-Bloodmoon, L50, M|
|poke|p1|Dragonite, L50, M|
|poke|p1|Gholdengo, L50|
|poke|p1|Rillaboom, L50, M|
|poke|p1|Incineroar, L50, F|
|poke|p1|Ninetales-Alola, L50, F|
|poke|p2|Indeedee, L50, M|
|poke|p2|Sneasler, L50, M|
|poke|p2|Dragapult, L50, M|
|poke|p2|Delphox, L50, F|
|poke|p2|Murkrow, L50, F|
|poke|p2|Gholdengo, L50|
|teampreview|4
|showteam|p1|Ursaluna-Bloodmoon||LifeOrb|MindsEye|BloodMoon,HyperVoice,EarthPower,Protect|||M|||50|,,,,,Normal]Dragonite||LoadedDice|InnerFocus|ScaleShot,Haze,Tailwind,Protect|||M|||50|,,,,,Fairy]Gholdengo||Leftovers|GoodasGold|MakeItRain,ShadowBall,NastyPlot,Protect||||||50|,,,,,Water]Rillaboom||AssaultVest|GrassySurge|FakeOut,GrassyGlide,WoodHammer,HighHorsepower|||M|||50|,,,,,Fire]Incineroar||SafetyGoggles|Intimidate|FakeOut,FlareBlitz,KnockOff,PartingShot|||F|||50|,,,,,Ghost]Ninetales-Alola||CovertCloak|SnowWarning|Blizzard,IcyWind,AuroraVeil,Encore|||F|||50|,,,,,Fire
|showteam|p2|Indeedee||FocusSash|PsychicSurge|TeraBlast,ExpandingForce,Protect,TrickRoom|||M|||50|,,,,,Fighting]Sneasler||PsychicSeed|Unburden|CloseCombat,DireClaw,ThroatChop,Protect|||M|||50|,,,,,Dark]Dragapult||ChoiceBand|ClearBody|DragonDarts,PhantomForce,Uturn,TeraBlast|||M|||50|,,,,,Ghost]Delphox||LifeOrb|Blaze|HeatWave,ExpandingForce,DazzlingGleam,Protect|||F|||50|,,,,,Stellar]Murkrow||Eviolite|Prankster|Taunt,Haze,BraveBird,Tailwind|||F|||50|,,,,,Ghost]Gholdengo||ChoiceSpecs|GoodasGold|MakeItRain,Trick,PowerGem,ShadowBall||||||50|,,,,,Steel
|j| sam smithy
|
|t:|1757743241
|teamsize|p1|4
|teamsize|p2|4
|start
|switch|p1a: Rillaboom|Rillaboom, L50, M|100/100
|switch|p1b: Ninetales|Ninetales-Alola, L50, F|100/100
|switch|p2a: Dragapult|Dragapult, L50, M|100/100
|switch|p2b: Sneasler|Sneasler, L50, M|100/100
|-weather|Snowscape|[from] ability: Snow Warning|[of] p1b: Ninetales
|-fieldstart|move: Grassy Terrain|[from] ability: Grassy Surge|[of] p1a: Rillaboom
|turn|1
|l| sam smithy
|
|t:|1757743274
|move|p2a: Dragapult|U-turn|p1b: Ninetales
|-resisted|p1b: Ninetales
|-damage|p1b: Ninetales|84/100
|
|t:|1757743278
|switch|p2a: Indeedee|Indeedee, L50, M|100/100|[from] U-turn
|-fieldstart|move: Psychic Terrain|[from] ability: Psychic Surge|[of] p2a: Indeedee
|-enditem|p2b: Sneasler|Psychic Seed
|-boost|p2b: Sneasler|spd|1|[from] item: Psychic Seed
|move|p2b: Sneasler|Dire Claw|p1b: Ninetales
|-supereffective|p1b: Ninetales
|-damage|p1b: Ninetales|4/100
|move|p1b: Ninetales|Aurora Veil|p1b: Ninetales
|-sidestart|p1: SlaymonSays|move: Aurora Veil
|move|p1a: Rillaboom|High Horsepower|p2b: Sneasler
|-supereffective|p2b: Sneasler
|-damage|p2b: Sneasler|0 fnt
|faint|p2b: Sneasler
|
|-weather|Snowscape|[upkeep]
|upkeep
|
|t:|1757743289
|switch|p2b: Dragapult|Dragapult, L50, M|100/100
|turn|2
|
|t:|1757743311
|switch|p1a: Gholdengo|Gholdengo, L50|100/100
|move|p2a: Indeedee|Protect|p2a: Indeedee
|-singleturn|p2a: Indeedee|Protect
|move|p2b: Dragapult|U-turn|p1b: Ninetales
|-resisted|p1b: Ninetales
|-damage|p1b: Ninetales|0 fnt
|faint|p1b: Ninetales
|
|t:|1757743313
|switch|p2b: Gholdengo|Gholdengo, L50|100/100|[from] U-turn
|
|-weather|Snowscape|[upkeep]
|upkeep
|
|t:|1757743322
|switch|p1b: Incineroar|Incineroar, L50, F|100/100
|-ability|p1b: Incineroar|Intimidate|boost
|-unboost|p2a: Indeedee|atk|1
|-unboost|p2b: Gholdengo|atk|1
|turn|3
|
|t:|1757743355
|switch|p1a: Rillaboom|Rillaboom, L50, M|100/100
|-fieldstart|move: Grassy Terrain|[from] ability: Grassy Surge|[of] p1a: Rillaboom
|move|p2a: Indeedee|Expanding Force|p1a: Rillaboom
|-damage|p1a: Rillaboom|82/100
|move|p2b: Gholdengo|Shadow Ball|p1a: Rillaboom
|-damage|p1a: Rillaboom|41/100
|move|p1b: Incineroar|Knock Off|p2b: Gholdengo
|-supereffective|p2b: Gholdengo
|-crit|p2b: Gholdengo
|-damage|p2b: Gholdengo|0 fnt
|-enditem|p2b: Gholdengo|Choice Specs|[from] move: Knock Off|[of] p1b: Incineroar
|faint|p2b: Gholdengo
|
|-weather|Snowscape|[upkeep]
|-heal|p1a: Rillaboom|47/100|[from] Grassy Terrain
|upkeep
|
|t:|1757743357
|switch|p2b: Dragapult|Dragapult, L50, M|100/100
|turn|4
|
|t:|1757743396
|-terastallize|p2a: Indeedee|Fighting
|move|p2b: Dragapult|Dragon Darts|p1a: Rillaboom
|-damage|p1a: Rillaboom|21/100
|-anim|p2b: Dragapult|Dragon Darts|p1b: Incineroar
|-damage|p1b: Incineroar|77/100
|move|p2a: Indeedee|Tera Blast|p1a: Rillaboom|[anim] Tera Blast Fighting
|-damage|p1a: Rillaboom|3/100
|move|p1a: Rillaboom|Wood Hammer|p2a: Indeedee
|-enditem|p2a: Indeedee|Focus Sash
|-damage|p2a: Indeedee|1/100
|-damage|p1a: Rillaboom|0 fnt|[from] Recoil
|faint|p1a: Rillaboom
|move|p1b: Incineroar|Knock Off|p2b: Dragapult
|-supereffective|p2b: Dragapult
|-damage|p2b: Dragapult|0 fnt
|-enditem|p2b: Dragapult|Choice Band|[from] move: Knock Off|[of] p1b: Incineroar
|faint|p2b: Dragapult
|
|-weather|Snowscape|[upkeep]
|-heal|p2a: Indeedee|7/100|[from] Grassy Terrain
|-heal|p1b: Incineroar|83/100|[from] Grassy Terrain
|upkeep
|
|t:|1757743405
|switch|p1a: Gholdengo|Gholdengo, L50|100/100
|turn|5
|
|t:|1757743413
|move|p2a: Indeedee|Tera Blast|p1b: Incineroar|[anim] Tera Blast Fighting
|-supereffective|p1b: Incineroar
|-damage|p1b: Incineroar|43/100
|move|p1a: Gholdengo|Make It Rain|p2a: Indeedee
|-damage|p2a: Indeedee|0 fnt
|-unboost|p1a: Gholdengo|spa|1
|faint|p2a: Indeedee
|
|win|SlaymonSays
||SlaymonSays is ready for game 2.
||CretaceousDraconid is ready for game 2.
|uhtml|next|Next: Game 2 of 3
|l|☆CretaceousDraconid
|player|p2|
