|j|☆Scobie
|j|☆dhairyasethia
|html|Scobiedhairyasethia    
|uhtml|bestof|Game 1 of a best-of-3
|t:|1756571483
|gametype|doubles
|player|p1|Scobie|veteran-gen4|1057
|player|p2|dhairyasethia|101|1090
|gen|9
|tier|[Gen 9] VGC 2025 Reg H (Bo3)
|rated|
|rule|Species Clause: Limit one of each Pokémon
|rule|Item Clause: Limit 1 of each item
|clearpoke
|poke|p1|Incineroar, L50, F|
|poke|p1|Sneasler, L50, M|
|poke|p1|Rillaboom, L50, F|
|poke|p1|Ursaluna-Bloodmoon, L50, M|
|poke|p1|Murkrow, L50, M|
|poke|p1|Gholdengo, L50|
|poke|p2|Weezing-Galar, L50, F|
|poke|p2|Toedscruel, L50, F|
|poke|p2|Pawmot, L50, M|
|poke|p2|Typhlosion-Hisui, L50, M|
|poke|p2|Garchomp, L50, M|
|poke|p2|Corviknight, L50, M|
|teampreview|4
|showteam|p1|Incineroar||SafetyGoggles|Intimidate|FakeOut,KnockOff,FlareBlitz,PartingShot|||F|||50|,,,,,Ghost]Sneasler||WhiteHerb|Unburden|DireClaw,CloseCombat,FakeOut,Protect|||M|||50|,,,,,Stellar]Rillaboom||MiracleSeed|GrassySurge|WoodHammer,GrassyGlide,FakeOut,Protect|||F|||50|,,,,,Grass]Ursaluna-Bloodmoon||LifeOrb|MindsEye|BloodMoon,HyperVoice,EarthPower,Protect|||M|||50|,,,,,Normal]Murkrow||CovertCloak|Prankster|Tailwind,RainDance,Haze,FoulPlay|||M|||50|,,,,,Dark]Gholdengo||Leftovers|GoodasGold|Protect,NastyPlot,MakeItRain,ShadowBall||||||50|,,,,,Normal
|showteam|p2|Weezing-Galar||ChoiceSpecs|NeutralizingGas|DazzlingGleam,StrangeSteam,SludgeBomb,ShadowBall|||F|||50|,,,,,Fire]Toedscruel||CovertCloak|MyceliumMight|Spore,AcidSpray,LightScreen,Protect|||F|||50|,,,,,Water]Pawmot||FocusSash|VoltAbsorb|DoubleShock,Protect,CloseCombat,FakeOut|||M|||50|,,,,,Electric]Typhlosion-Hisui||ChoiceScarf|Frisk|Eruption,SleepTalk,ShadowBall,Overheat|||M|||50|,,,,,Water]Garchomp||LifeOrb|RoughSkin|Protect,Earthquake,StompingTantrum,DragonClaw|||M|||50|,,,,,Ground]Corviknight||ClearAmulet|MirrorArmor|Tailwind,Protect,BraveBird,BulkUp|||M|||50|,,,,,Dragon
|
|t:|1756571516
|teamsize|p1|4
|teamsize|p2|4
|start
|switch|p1a: Murkrow|Murkrow, L50, M|100/100
|switch|p1b: Gholdengo|Gholdengo, L50|100/100
|switch|p2a: Weezing|Weezing-Galar, L50, F|100/100
|switch|p2b: Toedscruel|Toedscruel, L50, F|100/100
|-ability|p2a: Weezing|Neutralizing Gas
|turn|1
|
|t:|1756571568
|move|p2b: Toedscruel|Spore|p1b: Gholdengo
|-status|p1b: Gholdengo|slp|[from] move: Spore
|move|p1a: Murkrow|Foul Play|p2b: Toedscruel
|-damage|p2b: Toedscruel|79/100
|cant|p1b: Gholdengo|slp
|move|p2a: Weezing|Shadow Ball|p1b: Gholdengo
|-supereffective|p1b: Gholdengo
|-damage|p1b: Gholdengo|46/100 slp
|
|-heal|p1b: Gholdengo|52/100 slp|[from] item: Leftovers
|upkeep
|turn|2
|
|t:|1756571593
|switch|p1a: Rillaboom|Rillaboom, L50, F|100/100
|move|p2b: Toedscruel|Light Screen|p2b: Toedscruel
|-sidestart|p2: dhairyasethia|move: Light Screen
|cant|p1b: Gholdengo|slp
|move|p2a: Weezing|Shadow Ball|p1a: Rillaboom
|-damage|p1a: Rillaboom|71/100
|
|-heal|p1b: Gholdengo|58/100 slp|[from] item: Leftovers
|upkeep
|turn|3
|
|t:|1756571613
|move|p2b: Toedscruel|Acid Spray|p1a: Rillaboom
|-supereffective|p1a: Rillaboom
|-damage|p1a: Rillaboom|53/100
|-unboost|p1a: Rillaboom|spd|2
|cant|p1b: Gholdengo|slp
|move|p1a: Rillaboom|Wood Hammer|p2b: Toedscruel
|-damage|p2b: Toedscruel|0 fnt
|faint|p2b: Toedscruel
|-damage|p1a: Rillaboom|30/100|[from] Recoil
|move|p2a: Weezing|Shadow Ball|p1b: Gholdengo
|-supereffective|p1b: Gholdengo
|-damage|p1b: Gholdengo|4/100 slp
|
|-heal|p1b: Gholdengo|10/100 slp|[from] item: Leftovers
|upkeep
|
|t:|1756571633
|switch|p2b: Pawmot|Pawmot, L50, M|100/100
|turn|4
|
|t:|1756571648
|switch|p1a: Ursaluna|Ursaluna-Bloodmoon, L50, M|100/100
|move|p2b: Pawmot|Fake Out|p1a: Ursaluna
|-damage|p1a: Ursaluna|91/100
|-curestatus|p1b: Gholdengo|slp|[msg]
|move|p1b: Gholdengo|Make It Rain|p2a: Weezing|[spread] p2a,p2b
|-supereffective|p2a: Weezing
|-resisted|p2b: Pawmot
|-damage|p2a: Weezing|35/100
|-damage|p2b: Pawmot|69/100
|-unboost|p1b: Gholdengo|spa|1
|move|p2a: Weezing|Shadow Ball|p1b: Gholdengo
|-supereffective|p1b: Gholdengo
|-damage|p1b: Gholdengo|0 fnt
|faint|p1b: Gholdengo
|
|upkeep
|
|t:|1756571665
|switch|p1b: Rillaboom|Rillaboom, L50, F|30/100
|turn|5
|
|t:|1756571691
|move|p2b: Pawmot|Close Combat|p1a: Ursaluna
|-supereffective|p1a: Ursaluna
|-damage|p1a: Ursaluna|2/100
|-unboost|p2b: Pawmot|def|1
|-unboost|p2b: Pawmot|spd|1
|move|p1b: Rillaboom|Wood Hammer|p2a: Weezing
|-resisted|p2a: Weezing
|-damage|p2a: Weezing|2/100
|-damage|p1b: Rillaboom|21/100|[from] Recoil
|move|p1a: Ursaluna|Hyper Voice|p2a: Weezing|[spread] p2a,p2b
|-damage|p2a: Weezing|0 fnt
|-damage|p2b: Pawmot|0 fnt
|faint|p2a: Weezing
|-end|p2a: Weezing|ability: Neutralizing Gas
|-fieldstart|move: Grassy Terrain|[from] ability: Grassy Surge|[of] p1b: Rillaboom
|faint|p2b: Pawmot
|-damage|p1a: Ursaluna|0 fnt|[from] item: Life Orb
|faint|p1a: Ursaluna
|
|-heal|p1b: Rillaboom|27/100|[from] Grassy Terrain
|upkeep
|
|t:|1756571716
|switch|p2b: Typhlosion|Typhlosion-Hisui, L50, M|100/100
|switch|p1a: Murkrow|Murkrow, L50, M|100/100
|-item|p1a: Murkrow|Covert Cloak|[from] ability: Frisk|[of] p2b: Typhlosion
|-item|p1b: Rillaboom|Miracle Seed|[from] ability: Frisk|[of] p2b: Typhlosion
|turn|6
|
|t:|1756571742
|-terastallize|p1b: Rillaboom|Grass
|move|p1b: Rillaboom|Grassy Glide|p2b: Typhlosion
|-resisted|p2b: Typhlosion
|-damage|p2b: Typhlosion|60/100
|move|p2b: Typhlosion|Eruption|p1b: Rillaboom|[spread] p1a,p1b
|-supereffective|p1b: Rillaboom
|-damage|p1a: Murkrow|55/100
|-damage|p1b: Rillaboom|0 fnt
|faint|p1b: Rillaboom
|move|p1a: Murkrow|Foul Play|p2b: Typhlosion
|-supereffective|p2b: Typhlosion
|-damage|p2b: Typhlosion|3/100
|
|-heal|p2b: Typhlosion|9/100|[from] Grassy Terrain
|-sideend|p2: dhairyasethia|move: Light Screen
|upkeep
|turn|7
|
|t:|1756571765
|-terastallize|p2b: Typhlosion|Water
|move|p2b: Typhlosion|Eruption|p1a: Murkrow
|-damage|p1a: Murkrow|45/100
|move|p1a: Murkrow|Foul Play|p2b: Typhlosion
|-damage|p2b: Typhlosion|0 fnt
|faint|p2b: Typhlosion
|
|win|Scobie
||dhairyasethia is ready for game 2.
|inactive|Scobie has 30 seconds to confirm battle start!
||Scobie is ready for game 2.
|uhtml|next|Next: Game 2 of 3
|l|☆dhairyasethia
|player|p2|
