|j|☆ikerros2010
|j|☆jonixs
|html|ikerros2010jonixs    
|uhtml|bestof|Game 2 of a best-of-3
|t:|1782527668
|gametype|doubles
|player|p1|ikerros2010|169|1123
|player|p2|jonixs|hilda|1198
|gen|9
|tier|[Gen 9 Champions] VGC 2026 Reg M-B (Bo3)
|rated|
|rule|Species Clause: Limit one of each Pokémon
|rule|Item Clause: Limit 1 of each item
|clearpoke
|poke|p1|Delphox, L50, F|
|poke|p1|Kingambit, L50, F|
|poke|p1|Sinistcha, L50|
|poke|p1|Incineroar, L50, M|
|poke|p1|Sneasler, L50, M|
|poke|p1|Sylveon, L50, F|
|poke|p2|Pelipper, L50, M|
|poke|p2|Archaludon, L50, M, shiny|
|poke|p2|Sinistcha, L50|
|poke|p2|Swampert, L50, F|
|poke|p2|Basculegion, L50, M|
|poke|p2|Mawile, L50, F|
|teampreview|4
|showteam|p1|Delphox||Delphoxite|Blaze|HeatWave,Psyshock,NastyPlot,Protect|Timid||F|||50|]Kingambit||BlackGlasses|Defiant|KowtowCleave,SuckerPunch,Protect,SwordsDance|Adamant||F|||50|]Sinistcha||KasibBerry|Hospitality|MatchaGotcha,RagePowder,TrickRoom,Protect|Relaxed|||||50|]Incineroar||SitrusBerry|Intimidate|FlareBlitz,DarkestLariat,FakeOut,PartingShot|Impish||M|||50|]Sneasler||FocusSash|PoisonTouch|CloseCombat,DireClaw,QuickGuard,FakeOut|Jolly||M|||50|]Sylveon||FairyFeather|Pixilate|HyperVoice,Protect,HyperBeam,QuickAttack|Modest||F|||50|
|showteam|p2|Pelipper||SitrusBerry|Drizzle|Hurricane,WeatherBall,Protect,Tailwind|Bold||M|||50|]Archaludon||Leftovers|Stamina|ElectroShot,Protect,FlashCannon,DragonPulse|Modest||M|||50|]Sinistcha||KasibBerry|Hospitality|MatchaGotcha,TrickRoom,RagePowder,Protect|Bold|||||50|]Swampert||Swampertite|Torrent|IcePunch,WaveCrash,HighHorsepower,Protect|Adamant||F|||50|]Basculegion||ChoiceScarf|Adaptability|AquaJet,LastRespects,WaveCrash,FlipTurn|Jolly||M|||50|]Mawile||Mawilite|HyperCutter|PlayRough,IronHead,Protect,SuckerPunch|Adamant||F|||50|
|inactive|Battle timer is ON: inactive players will automatically lose when time's up. (requested by ikerros2010)
|inactive|jonixs also wants the timer to be on.
|
|t:|1782527676
|teamsize|p1|4
|teamsize|p2|4
|start
|switch|p1a: Sinistcha|Sinistcha, L50|100/100
|switch|p1b: Incineroar|Incineroar, L50, M|100/100
|switch|p2a: Archaludon|Archaludon, L50, M, shiny|100/100
|switch|p2b: Basculegion|Basculegion, L50, M|100/100
|-ability|p1b: Incineroar|Intimidate|boost
|-unboost|p2a: Archaludon|atk|1
|-unboost|p2b: Basculegion|atk|1
|turn|1
|inactive|ikerros2010 has 30 seconds left.
|inactive|jonixs has 30 seconds left.
|
|t:|1782527704
|move|p2b: Basculegion|Flip Turn|p1b: Incineroar
|-supereffective|p1b: Incineroar|1
|-damage|p1b: Incineroar|64/100
|
|t:|1782527707
|switch|p2b: Pelipper|Pelipper, L50, M|100/100|[from] Flip Turn
|-weather|RainDance|[from] ability: Drizzle|[of] p2b: Pelipper
|move|p2a: Archaludon|Electro Shot||[still]
|-prepare|p2a: Archaludon|Electro Shot
|-boost|p2a: Archaludon|spa|1
|-anim|p2a: Archaludon|Electro Shot|p1b: Incineroar
|-damage|p1b: Incineroar|9/100
|-enditem|p1b: Incineroar|Sitrus Berry|[eat]
|-heal|p1b: Incineroar|34/100|[from] item: Sitrus Berry
|move|p1b: Incineroar|Parting Shot|p2a: Archaludon
|-unboost|p2a: Archaludon|atk|1
|-unboost|p2a: Archaludon|spa|1
|
|t:|1782527719
|switch|p1b: Sylveon|Sylveon, L50, F|100/100|[from] Parting Shot
|move|p1a: Sinistcha|Trick Room|p1a: Sinistcha
|-fieldstart|move: Trick Room|[of] p1a: Sinistcha
|
|-weather|RainDance|[upkeep]
|upkeep
|turn|2
|
|t:|1782527729
|move|p1a: Sinistcha|Matcha Gotcha|p2b: Pelipper|[spread] p2a,p2b
|-resisted|p2a: Archaludon|2
|-damage|p2a: Archaludon|94/100
|-damage|p2b: Pelipper|70/100
|-status|p2b: Pelipper|brn
|-ability|p2a: Archaludon|Stamina|boost
|-boost|p2a: Archaludon|def|1
|move|p1b: Sylveon|Hyper Beam|p2a: Archaludon
|-damage|p2a: Archaludon|0 fnt
|-mustrecharge|p1b: Sylveon
|faint|p2a: Archaludon
|move|p2b: Pelipper|Hurricane|p1a: Sinistcha
|-supereffective|p1a: Sinistcha|1
|-damage|p1a: Sinistcha|24/100
|
|-weather|RainDance|[upkeep]
|-damage|p2b: Pelipper|64/100 brn|[from] brn
|upkeep
|
|t:|1782527741
|switch|p2a: Swampert|Swampert, L50, F|100/100
|turn|3
|
|t:|1782527750
|detailschange|p2a: Swampert|Swampert-Mega, L50, F
|-mega|p2a: Swampert|Swampert|Swampertite
|move|p1a: Sinistcha|Matcha Gotcha|p2a: Swampert|[spread] p2a,p2b
|-supereffective|p2a: Swampert|2
|-damage|p2a: Swampert|17/100
|-heal|p1a: Sinistcha|69/100|[from] drain|[of] p2a: Swampert
|-damage|p2b: Pelipper|37/100 brn
|-heal|p1a: Sinistcha|82/100|[from] drain|[of] p2b: Pelipper
|-enditem|p2b: Pelipper|Sitrus Berry|[eat]
|-heal|p2b: Pelipper|61/100 brn|[from] item: Sitrus Berry
|cant|p1b: Sylveon|recharge
|move|p2b: Pelipper|Hurricane|p1a: Sinistcha
|-supereffective|p1a: Sinistcha|1
|-damage|p1a: Sinistcha|5/100
|move|p2a: Swampert|Wave Crash|p1b: Sylveon
|-damage|p1b: Sylveon|0 fnt
|faint|p1b: Sylveon
|-damage|p2a: Swampert|0 fnt|[from] Recoil
|faint|p2a: Swampert
|
|-weather|RainDance|[upkeep]
|-damage|p2b: Pelipper|55/100 brn|[from] brn
|upkeep
|
|t:|1782527770
|switch|p1b: Incineroar|Incineroar, L50, M|34/100
|switch|p2a: Basculegion|Basculegion, L50, M|100/100
|-ability|p1b: Incineroar|Intimidate|boost
|-unboost|p2a: Basculegion|atk|1
|-unboost|p2b: Pelipper|atk|1
|turn|4
|
|t:|1782527780
|move|p2b: Pelipper|Protect|p2b: Pelipper
|-singleturn|p2b: Pelipper|Protect
|move|p1b: Incineroar|Fake Out|p2b: Pelipper
|-activate|p2b: Pelipper|move: Protect
|move|p1a: Sinistcha|Matcha Gotcha|p2b: Pelipper|[spread] p2a
|-activate|p2b: Pelipper|move: Protect
|-supereffective|p2a: Basculegion|1
|-damage|p2a: Basculegion|46/100
|-heal|p1a: Sinistcha|34/100|[from] drain|[of] p2a: Basculegion
|-status|p2a: Basculegion|brn
|move|p2a: Basculegion|Last Respects|p1b: Incineroar
|-resisted|p1b: Incineroar|1
|-damage|p1b: Incineroar|22/100
|
|-weather|RainDance|[upkeep]
|-damage|p2b: Pelipper|49/100 brn|[from] brn
|-damage|p2a: Basculegion|40/100 brn|[from] brn
|upkeep
|turn|5
|
|t:|1782527800
|move|p1a: Sinistcha|Matcha Gotcha|p2a: Basculegion|[spread] p2a,p2b
|-supereffective|p2a: Basculegion|1
|-damage|p2a: Basculegion|0 fnt
|-heal|p1a: Sinistcha|56/100|[from] drain|[of] p2a: Basculegion
|-damage|p2b: Pelipper|20/100y brn
|-heal|p1a: Sinistcha|70/100|[from] drain|[of] p2b: Pelipper
|faint|p2a: Basculegion
|move|p1b: Incineroar|Darkest Lariat|p2b: Pelipper
|-damage|p2b: Pelipper|0 fnt
|faint|p2b: Pelipper
|
|win|ikerros2010
|raw|ikerros2010's rating: 1123 → 1153(+30 for winning)
|raw|jonixs's rating: 1198 → 1168(-30 for losing)
|l|☆jonixs
|player|p2|
|l|☆ikerros2010
|player|p1|
|j|☆ikerros2010
|player|p1|ikerros2010|169|
|l|☆ikerros2010
|player|p1|
|j|☆ikerros2010
|player|p1|ikerros2010|169|
