|j|☆tabemash0
|j|☆asdfpilot
|html|tabemash0asdfpilot    
|uhtml|bestof|Game 1 of a best-of-3
|t:|1785468004
|gametype|doubles
|player|p1|tabemash0|swimmer|
|player|p2|asdfpilot|169|
|gen|9
|tier|[Gen 9 Champions] VGC 2026 Reg M-B (Bo3)
|rule|Species Clause: Limit one of each Pokémon
|rule|Item Clause: Limit 1 of each item
|clearpoke
|poke|p1|Floette-Eternal, L50, F|
|poke|p1|Delphox, L50, M|
|poke|p1|Meowstic, L50, M|
|poke|p1|Malamar, L50, F|
|poke|p1|Chesnaught, L50, F|
|poke|p1|Vivillon, L50, M|
|poke|p2|Excadrill, L50, M|
|poke|p2|Staraptor, L50, F|
|poke|p2|Tyranitar, L50, M|
|poke|p2|Liepard, L50, F|
|poke|p2|Sinistcha, L50|
|poke|p2|Incineroar, L50, M|
|teampreview|4
|showteam|p1|Floette-Eternal||Floettite|FlowerVeil|Moonblast,DazzlingGleam,AlluringVoice,Protect|Modest||F|||50|]Delphox||Delphoxite|Blaze|FocusBlast,Overheat,Psychic,Protect|Modest||M|||50|]Meowstic||MentalHerb|Prankster|ThunderWave,WonderRoom,FakeOut,Tickle|Naive||M|||50|]Malamar||Malamarite|Contrary|Superpower,KnockOff,Protect,PsychoCut|Adamant||F|||50|]Chesnaught||CobaBerry|Overgrow|Crunch,CloseCombat,WideGuard,SpikyShield|Adamant||F|||50|]Vivillon||ChartiBerry|CompoundEyes|Hurricane,Tailwind,Protect,RagePowder|Bold||M|||50|
|showteam|p2|Excadrill||FocusSash|SandRush|Earthquake,IronHead,XScissor,Protect|Adamant||M|||50|]Staraptor||Staraptite|Intimidate|BraveBird,Roost,CloseCombat,Protect|Jolly||F|||50|]Tyranitar||Tyranitarite|SandStream|RockSlide,Crunch,KnockOff,Protect|Adamant||M|||50|]Liepard||MentalHerb|Prankster|FakeOut,Charm,KnockOff,Taunt|Serious||F|||50|]Sinistcha||OccaBerry|Hospitality|MatchaGotcha,RagePowder,TrickRoom,ShadowBall|Modest|||||50|]Incineroar||SitrusBerry|Intimidate|FakeOut,PartingShot,DarkestLariat,FlareBlitz|Adamant||M|||50|
|
|t:|1785468033
|teamsize|p1|4
|teamsize|p2|4
|start
|switch|p1a: Meowstic|Meowstic, L50, M|100/100
|switch|p1b: Malamar|Malamar, L50, F|100/100
|switch|p2a: Staraptor|Staraptor, L50, F|100/100
|switch|p2b: Liepard|Liepard, L50, F|100/100
|-ability|p2a: Staraptor|Intimidate|boost
|-unboost|p1a: Meowstic|atk|1
|-boost|p1b: Malamar|atk|1
|turn|1
|
|t:|1785468117
|detailschange|p2a: Staraptor|Staraptor-Mega, L50, F
|-mega|p2a: Staraptor|Staraptor|Staraptite
|detailschange|p1b: Malamar|Malamar-Mega, L50, F
|-mega|p1b: Malamar|Malamar|Malamarite
|move|p1a: Meowstic|Tickle|p1b: Malamar
|-boost|p1b: Malamar|atk|1
|-boost|p1b: Malamar|def|1
|move|p2b: Liepard|Charm|p2a: Staraptor
|-boost|p2a: Staraptor|atk|2
|move|p2a: Staraptor|Close Combat|p1b: Malamar
|-damage|p1b: Malamar|16/100
|-boost|p2a: Staraptor|def|1
|-boost|p2a: Staraptor|spd|1
|move|p1b: Malamar|Psycho Cut|p2a: Staraptor
|-supereffective|p2a: Staraptor|1
|-damage|p2a: Staraptor|0 fnt
|faint|p2a: Staraptor
|
|upkeep
|
|t:|1785468136
|switch|p2a: Excadrill|Excadrill, L50, M|100/100
|turn|2
|
|t:|1785468214
|move|p1a: Meowstic|Thunder Wave|p2a: Excadrill
|-immune|p2a: Excadrill
|move|p2b: Liepard|Taunt|p1a: Meowstic
|-start|p1a: Meowstic|move: Taunt
|-enditem|p1a: Meowstic|Mental Herb
|-end|p1a: Meowstic|move: Taunt
|move|p2a: Excadrill|X-Scissor|p1b: Malamar
|-supereffective|p1b: Malamar|2
|-damage|p1b: Malamar|0 fnt
|faint|p1b: Malamar
|
|upkeep
|
|t:|1785468229
|switch|p1b: Vivillon|Vivillon, L50, M|100/100
|turn|3
|
|t:|1785468244
|switch|p1a: Chesnaught|Chesnaught, L50, F|100/100
|move|p1b: Vivillon|Protect|p1b: Vivillon
|-singleturn|p1b: Vivillon|Protect
|move|p2b: Liepard|Taunt|p1b: Vivillon
|-activate|p1b: Vivillon|move: Protect
|move|p2a: Excadrill|X-Scissor|p1a: Chesnaught
|-damage|p1a: Chesnaught|75/100
|
|upkeep
|turn|4
|
|t:|1785468282
|move|p2b: Liepard|Charm|p1a: Chesnaught
|-unboost|p1a: Chesnaught|atk|2
|move|p1b: Vivillon|Hurricane|p2a: Excadrill
|-resisted|p2a: Excadrill|1
|-damage|p2a: Excadrill|79/100
|-start|p2a: Excadrill|confusion
|-activate|p2a: Excadrill|confusion
|move|p2a: Excadrill|Iron Head|p1b: Vivillon
|-damage|p1b: Vivillon|55/100
|move|p1a: Chesnaught|Close Combat|p2a: Excadrill
|-supereffective|p2a: Excadrill|1
|-damage|p2a: Excadrill|6/100
|-unboost|p1a: Chesnaught|def|1
|-unboost|p1a: Chesnaught|spd|1
|
|upkeep
|turn|5
|
|t:|1785468309
|switch|p2a: Tyranitar|Tyranitar, L50, M|100/100
|-weather|Sandstorm|[from] ability: Sand Stream|[of] p2a: Tyranitar
|move|p1b: Vivillon|Protect|p1b: Vivillon
|-singleturn|p1b: Vivillon|Protect
|move|p1a: Chesnaught|Spiky Shield|p1a: Chesnaught
|-singleturn|p1a: Chesnaught|move: Protect
|move|p2b: Liepard|Knock Off|p1a: Chesnaught
|-activate|p1a: Chesnaught|move: Protect
|-damage|p2b: Liepard|87/100|[from] Spiky Shield|[of] p1a: Chesnaught
|
|-weather|Sandstorm|[upkeep]
|-damage|p2b: Liepard|82/100|[from] Sandstorm
|-damage|p1b: Vivillon|49/100|[from] Sandstorm
|-damage|p1a: Chesnaught|69/100|[from] Sandstorm
|upkeep
|turn|6
|
|t:|1785468349
|move|p2b: Liepard|Charm|p1a: Chesnaught
|-unboost|p1a: Chesnaught|atk|2
|move|p1b: Vivillon|Tailwind|p1b: Vivillon
|-sidestart|p1: tabemash0|move: Tailwind
|move|p1a: Chesnaught|Close Combat|p2a: Tyranitar
|-supereffective|p2a: Tyranitar|2
|-damage|p2a: Tyranitar|36/100
|-unboost|p1a: Chesnaught|def|1
|-unboost|p1a: Chesnaught|spd|1
|move|p2a: Tyranitar|Crunch|p1b: Vivillon
|-damage|p1b: Vivillon|2/100
|
|-weather|Sandstorm|[upkeep]
|-damage|p1b: Vivillon|0 fnt|[from] Sandstorm
|-damage|p1a: Chesnaught|63/100|[from] Sandstorm
|-damage|p2b: Liepard|76/100|[from] Sandstorm
|faint|p1b: Vivillon
|upkeep
|
|t:|1785468362
|switch|p1b: Meowstic|Meowstic, L50, M|100/100
|turn|7
|
|t:|1785468382
|move|p2a: Tyranitar|Protect|p2a: Tyranitar
|-singleturn|p2a: Tyranitar|Protect
|move|p1b: Meowstic|Fake Out|p2a: Tyranitar
|-activate|p2a: Tyranitar|move: Protect
|move|p2b: Liepard|Taunt|p1b: Meowstic
|-start|p1b: Meowstic|move: Taunt
|move|p1a: Chesnaught|Close Combat|p2b: Liepard
|-supereffective|p2b: Liepard|1
|-damage|p2b: Liepard|0 fnt
|-unboost|p1a: Chesnaught|def|1
|-unboost|p1a: Chesnaught|spd|1
|faint|p2b: Liepard
|
|-weather|Sandstorm|[upkeep]
|-damage|p1b: Meowstic|94/100|[from] Sandstorm
|-damage|p1a: Chesnaught|56/100|[from] Sandstorm
|upkeep
|
|t:|1785468396
|switch|p2b: Excadrill|Excadrill, L50, M|6/100
|turn|8
|
|t:|1785468405
|move|p1a: Chesnaught|Spiky Shield|p1a: Chesnaught
|-singleturn|p1a: Chesnaught|move: Protect
|-activate|p1b: Meowstic|move: Struggle
|move|p1b: Meowstic|Struggle|p2a: Tyranitar
|-damage|p2a: Tyranitar|28/100
|-damage|p1b: Meowstic|68/100|[from] recoil
|move|p2b: Excadrill|X-Scissor|p1b: Meowstic
|-supereffective|p1b: Meowstic|1
|-damage|p1b: Meowstic|0 fnt
|faint|p1b: Meowstic
|move|p2a: Tyranitar|Rock Slide|p1a: Chesnaught
|-activate|p1a: Chesnaught|move: Protect
|
|-weather|Sandstorm|[upkeep]
|-damage|p1a: Chesnaught|50/100g|[from] Sandstorm
|upkeep
|turn|9
|
|t:|1785468433
|move|p2b: Excadrill|Iron Head|p1a: Chesnaught
|-damage|p1a: Chesnaught|0 fnt
|faint|p1a: Chesnaught
|
|win|asdfpilot
||asdfpilot is ready for game 2.
|inactive|tabemash0 has 30 seconds to confirm battle start!
||tabemash0 is ready for game 2.
|uhtml|next|Next: Game 2 of 3
|l|☆asdfpilot
|player|p2|
