|j|☆BVSelf
|j|☆new mental
|html|BVSelfnew mental    
|uhtml|bestof|Game 2 of a best-of-3
|t:|1783869828
|gametype|doubles
|player|p1|BVSelf|juan|1410
|player|p2|new mental|volkner|1289
|gen|9
|tier|[Gen 9 Champions] VGC 2026 Reg M-B (Bo3)
|rated|
|rule|Species Clause: Limit one of each Pokémon
|rule|Item Clause: Limit 1 of each item
|clearpoke
|poke|p1|Delphox, L50, F|
|poke|p1|Incineroar, L50, M|
|poke|p1|Maushold-Four, L50|
|poke|p1|Sinistcha, L50|
|poke|p1|Sneasler, L50, F|
|poke|p1|Blastoise, L50, F|
|poke|p2|Charizard, L50, M|
|poke|p2|Kingambit, L50, M|
|poke|p2|Sylveon, L50, M|
|poke|p2|Garchomp, L50, F|
|poke|p2|Aerodactyl, L50, F|
|poke|p2|Farigiraf, L50, F|
|teampreview|4
|showteam|p1|Delphox||Delphoxite|Blaze|HeatWave,Psyshock,NastyPlot,Protect|Timid||F|||50|]Incineroar||SitrusBerry|Intimidate|FlareBlitz,FakeOut,ThroatChop,PartingShot|Impish||M|||50|]Maushold-Four||ChopleBerry|FriendGuard|Feint,HelpingHand,FollowMe,Protect|Impish|||||50|]Sinistcha||KasibBerry|Hospitality|Protect,MatchaGotcha,RagePowder,TrickRoom|Relaxed|||||50|]Sneasler||FocusSash|PoisonTouch|CloseCombat,DireClaw,QuickGuard,FakeOut|Jolly||F|||50|]Blastoise||Blastoisinite|RainDish|Protect,ShellSmash,WaterSpout,DarkPulse|Modest||F|||50|
|showteam|p2|Charizard||CharizarditeY|SolarPower|Protect,HeatWave,SolarBeam,WeatherBall|Modest||M|||50|]Kingambit||FocusSash|Defiant|IronHead,SuckerPunch,KowtowCleave,LowKick|Adamant||M|||50|]Sylveon||FairyFeather|Pixilate|Detect,HyperVoice,HyperBeam,QuickAttack|Modest||M|||50|]Garchomp||LifeOrb|RoughSkin|Protect,DragonClaw,Earthquake,RockSlide|Jolly||F|||50|]Aerodactyl||Aerodactylite|Unnerve|IceFang,RockSlide,Tailwind,DualWingbeat|Jolly||F|||50|]Farigiraf||SitrusBerry|ArmorTail|TrickRoom,Psychic,Thunderbolt,Roar|Bold||F|||50|
|
|t:|1783869850
|teamsize|p1|4
|teamsize|p2|4
|start
|switch|p1a: Delphox|Delphox, L50, F|100/100
|switch|p1b: Incineroar|Incineroar, L50, M|100/100
|switch|p2a: Aerodactyl|Aerodactyl, L50, F|100/100
|switch|p2b: Sylveon|Sylveon, L50, M|100/100
|-ability|p2a: Aerodactyl|Unnerve
|-ability|p1b: Incineroar|Intimidate|boost
|-unboost|p2a: Aerodactyl|atk|1
|-unboost|p2b: Sylveon|atk|1
|turn|1
|
|t:|1783869872
|switch|p2b: Kingambit|Kingambit, L50, M|100/100
|detailschange|p2a: Aerodactyl|Aerodactyl-Mega, L50, F
|-mega|p2a: Aerodactyl|Aerodactyl|Aerodactylite
|detailschange|p1a: Delphox|Delphox-Mega, L50, F
|-mega|p1a: Delphox|Delphox|Delphoxite
|move|p2a: Aerodactyl|Rock Slide|p1b: Incineroar|[spread] p1a,p1b
|-supereffective|p1a: Delphox|1
|-supereffective|p1b: Incineroar|1
|-damage|p1a: Delphox|57/100
|-damage|p1b: Incineroar|76/100
|move|p1a: Delphox|Nasty Plot|p1a: Delphox
|-boost|p1a: Delphox|spa|2
|cant|p1b: Incineroar|flinch
|
|upkeep
|turn|2
|
|t:|1783869893
|move|p1a: Delphox|Protect|p1a: Delphox
|-singleturn|p1a: Delphox|Protect
|move|p2a: Aerodactyl|Rock Slide|p1b: Incineroar|[spread] p1b
|-activate|p1a: Delphox|move: Protect
|-supereffective|p1b: Incineroar|1
|-damage|p1b: Incineroar|52/100
|move|p2b: Kingambit|Low Kick|p1b: Incineroar
|-supereffective|p1b: Incineroar|1
|-damage|p1b: Incineroar|9/100
|-enditem|p1b: Incineroar|Sitrus Berry|[eat]
|-heal|p1b: Incineroar|34/100|[from] item: Sitrus Berry
|move|p1b: Incineroar|Parting Shot|p2a: Aerodactyl
|-unboost|p2a: Aerodactyl|atk|1
|-unboost|p2a: Aerodactyl|spa|1
|
|t:|1783869906
|switch|p1b: Sinistcha|Sinistcha, L50|100/100|[from] Parting Shot
|-heal|p1a: Delphox|82/100|[from] ability: Hospitality|[of] p1b: Sinistcha
|
|upkeep
|turn|3
|
|t:|1783869917
|switch|p2a: Farigiraf|Farigiraf, L50, F|100/100
|move|p1b: Sinistcha|Rage Powder|p1b: Sinistcha
|-singleturn|p1b: Sinistcha|move: Rage Powder
|move|p1a: Delphox|Psyshock|p2a: Farigiraf
|-resisted|p2a: Farigiraf|1
|-damage|p2a: Farigiraf|65/100
|move|p2b: Kingambit|Kowtow Cleave|p1b: Sinistcha
|-supereffective|p1b: Sinistcha|1
|-damage|p1b: Sinistcha|25/100
|
|upkeep
|turn|4
|
|t:|1783869934
|move|p1b: Sinistcha|Rage Powder|p1b: Sinistcha
|-singleturn|p1b: Sinistcha|move: Rage Powder
|move|p1a: Delphox|Heat Wave|p2a: Farigiraf|[spread] p2a,p2b
|-supereffective|p2b: Kingambit|1
|-damage|p2a: Farigiraf|0 fnt
|-enditem|p2b: Kingambit|Focus Sash
|-damage|p2b: Kingambit|1/100
|faint|p2a: Farigiraf
|move|p2b: Kingambit|Kowtow Cleave|p1b: Sinistcha
|-supereffective|p1b: Sinistcha|1
|-damage|p1b: Sinistcha|0 fnt
|faint|p1b: Sinistcha
|
|upkeep
|
|t:|1783869952
|switch|p1b: Sneasler|Sneasler, L50, F|100/100
|switch|p2a: Aerodactyl|Aerodactyl-Mega, L50, F|100/100
|turn|5
|
|t:|1783869976
|move|p1a: Delphox|Protect|p1a: Delphox
|-singleturn|p1a: Delphox|Protect
|move|p1b: Sneasler|Fake Out|p2b: Kingambit
|-resisted|p2b: Kingambit|1
|-damage|p2b: Kingambit|0 fnt
|faint|p2b: Kingambit
|move|p2a: Aerodactyl|Tailwind|p2a: Aerodactyl
|-sidestart|p2: new mental|move: Tailwind
|
|upkeep
|
|t:|1783869983
|switch|p2b: Sylveon|Sylveon, L50, M|100/100
|turn|6
|
|t:|1783869996
|switch|p1b: Incineroar|Incineroar, L50, M|34/100
|-ability|p1b: Incineroar|Intimidate|boost
|-unboost|p2a: Aerodactyl|atk|1
|-unboost|p2b: Sylveon|atk|1
|move|p2a: Aerodactyl|Rock Slide|p1b: Incineroar|[spread] p1a,p1b
|-supereffective|p1a: Delphox|1
|-supereffective|p1b: Incineroar|1
|-damage|p1a: Delphox|39/100
|-damage|p1b: Incineroar|7/100
|move|p1a: Delphox|Psyshock|p2a: Aerodactyl
|-damage|p2a: Aerodactyl|4/100
|move|p2b: Sylveon|Hyper Voice|p1a: Delphox|[spread] p1a,p1b
|-resisted|p1a: Delphox|1
|-damage|p1a: Delphox|19/100
|-damage|p1b: Incineroar|0 fnt
|faint|p1b: Incineroar
|
|upkeep
|
|t:|1783870009
|switch|p1b: Sneasler|Sneasler, L50, F|100/100
|turn|7
|
|t:|1783870017
|move|p1b: Sneasler|Fake Out|p2a: Aerodactyl
|-resisted|p2a: Aerodactyl|1
|-damage|p2a: Aerodactyl|0 fnt
|faint|p2a: Aerodactyl
|move|p1a: Delphox|Psyshock|p2b: Sylveon
|-damage|p2b: Sylveon|2/100
|move|p2b: Sylveon|Hyper Voice|p1b: Sneasler|[spread] p1a,p1b
|-resisted|p1a: Delphox|1
|-damage|p1a: Delphox|0 fnt
|-damage|p1b: Sneasler|38/100
|faint|p1a: Delphox
|
|upkeep
|turn|8
|
|t:|1783870027
|move|p1b: Sneasler|Dire Claw|p2b: Sylveon
|-supereffective|p2b: Sylveon|1
|-damage|p2b: Sylveon|0 fnt
|faint|p2b: Sylveon
|
|win|BVSelf
||new mental is ready for game 3.
||BVSelf is ready for game 3.
|uhtml|next|Next: Game 3 of 3
