|j|☆SbonghiSupreme
|j|☆tedidn
|html|SbonghiSupremetedidn    
|uhtml|bestof|Game 1 of a best-of-3
|t:|1756673227
|gametype|doubles
|player|p1|SbonghiSupreme|102|1404
|player|p2|tedidn|marshal|1259
|gen|9
|tier|[Gen 9] VGC 2025 Reg H (Bo3)
|rated|
|rule|Species Clause: Limit one of each Pokémon
|rule|Item Clause: Limit 1 of each item
|clearpoke
|poke|p1|Ursaluna, L50, M|
|poke|p1|Porygon2, L50|
|poke|p1|Incineroar, L50, M|
|poke|p1|Amoonguss, L50, F|
|poke|p1|Gholdengo, L50|
|poke|p1|Hydreigon, L50, F|
|poke|p2|Dragonite, L50, M|
|poke|p2|Rillaboom, L50, M|
|poke|p2|Sneasler, L50, F|
|poke|p2|Volcarona, L50, M|
|poke|p2|Electabuzz, L50, M|
|poke|p2|Kingambit, L50, M|
|teampreview|4
|showteam|p1|Ursaluna||FlameOrb|Guts|Facade,HeadlongRush,Earthquake,Protect|||M|||50|,,,,,Ghost]Porygon2||Eviolite|Download|TeraBlast,IceBeam,Recover,TrickRoom||||||50|,,,,,Fighting]Incineroar||SitrusBerry|Intimidate|FlareBlitz,KnockOff,PartingShot,FakeOut|||M|||50|,,,,,Ghost]Amoonguss||RockyHelmet|Regenerator|PollenPuff,Spore,RagePowder,Protect|||F|||50|,,,,,Fairy]Gholdengo||MetalCoat|GoodasGold|MakeItRain,ShadowBall,NastyPlot,Protect||||||50|,,,,,Water]Hydreigon||SafetyGoggles|Levitate|DracoMeteor,Snarl,Tailwind,Protect|||F|||50|,,,,,Ghost
|showteam|p2|Dragonite||LoadedDice|Multiscale|ScaleShot,ExtremeSpeed,Haze,Protect|||M|||50|,,,,,Normal]Rillaboom||AssaultVest|GrassySurge|WoodHammer,GrassyGlide,FakeOut,Uturn|||M|||50|,,,,,Fire]Sneasler||FocusSash|Unburden|CloseCombat,Coaching,DireClaw,FakeOut|||F|||50|,,,,,Stellar]Volcarona||GrassySeed|FlameBody|Flamethrower,QuiverDance,GigaDrain,Protect|||M|||50|,,,,,Grass]Electabuzz||Eviolite|VitalSpirit|Thunderbolt,Taunt,FollowMe,Protect|||M|||50|,,,,,Ghost]Kingambit||SafetyGoggles|Defiant|KowtowCleave,SuckerPunch,SwordsDance,Protect|||M|||50|,,,,,Dark
|inactive|Battle timer is ON: inactive players will automatically lose when time's up. (requested by tedidn)
|inactive|SbonghiSupreme has 60 seconds left.
|inactive|tedidn has 60 seconds left.
|inactive|SbonghiSupreme has 30 seconds left.
|inactive|SbonghiSupreme has 20 seconds left.
|
|t:|1756673300
|teamsize|p1|4
|teamsize|p2|4
|start
|switch|p1a: Hydreigon|Hydreigon, L50, F|100/100
|switch|p1b: Ursaluna|Ursaluna, L50, M|100/100
|switch|p2a: Noxia|Sneasler, L50, F|100/100
|switch|p2b: Tokugawa|Kingambit, L50, M|100/100
|turn|1
|
|t:|1756673319
|-terastallize|p1a: Hydreigon|Ghost
|-terastallize|p2b: Tokugawa|Dark
|move|p1b: Ursaluna|Protect|p1b: Ursaluna
|-singleturn|p1b: Ursaluna|Protect
|move|p2a: Noxia|Coaching|p2b: Tokugawa
|-boost|p2b: Tokugawa|atk|1
|-boost|p2b: Tokugawa|def|1
|move|p1a: Hydreigon|Tailwind|p1a: Hydreigon
|-sidestart|p1: SbonghiSupreme|move: Tailwind
|move|p2b: Tokugawa|Swords Dance|p2b: Tokugawa
|-boost|p2b: Tokugawa|atk|2
|
|-status|p1b: Ursaluna|brn|[from] item: Flame Orb
|upkeep
|turn|2
|inactive|SbonghiSupreme has 30 seconds left.
|inactive|SbonghiSupreme has 20 seconds left.
|inactive|SbonghiSupreme has 15 seconds left.
|inactive|SbonghiSupreme has 10 seconds left.
|inactive|SbonghiSupreme has 5 seconds left.
|
|t:|1756673372
|switch|p1a: Incineroar|Incineroar, L50, M|100/100
|-ability|p1a: Incineroar|Intimidate|boost
|-unboost|p2a: Noxia|atk|1
|-unboost|p2b: Tokugawa|atk|1
|-ability|p2b: Tokugawa|Defiant|boost
|-boost|p2b: Tokugawa|atk|2
|move|p2b: Tokugawa|Sucker Punch||[still]
|-fail|p2b: Tokugawa
|move|p1b: Ursaluna|Facade|p2b: Tokugawa
|-damage|p2b: Tokugawa|41/100
|move|p2a: Noxia|Close Combat|p1b: Ursaluna
|-supereffective|p1b: Ursaluna
|-damage|p1b: Ursaluna|25/100 brn
|-unboost|p2a: Noxia|def|1
|-unboost|p2a: Noxia|spd|1
|
|-damage|p1b: Ursaluna|19/100 brn|[from] brn
|upkeep
|turn|3
|inactive|SbonghiSupreme has 30 seconds left.
|inactive|SbonghiSupreme has 20 seconds left.
|inactive|SbonghiSupreme has 15 seconds left.
|
|t:|1756673414
|switch|p1b: Hydreigon|Hydreigon, L50, F, tera:Ghost|100/100
|move|p2b: Tokugawa|Protect|p2b: Tokugawa
|-singleturn|p2b: Tokugawa|Protect
|move|p1a: Incineroar|Fake Out|p2a: Noxia
|-damage|p2a: Noxia|69/100
|cant|p2a: Noxia|flinch
|
|upkeep
|turn|4
|inactive|SbonghiSupreme has 30 seconds left.
|inactive|SbonghiSupreme has 20 seconds left.
|inactive|SbonghiSupreme has 15 seconds left.
|
|t:|1756673457
|switch|p1b: Porygon2|Porygon2, L50|100/100
|-ability|p1b: Porygon2|Download|boost
|-boost|p1b: Porygon2|spa|1
|switch|p2a: Harambe|Rillaboom, L50, M|100/100
|-fieldstart|move: Grassy Terrain|[from] ability: Grassy Surge|[of] p2a: Harambe
|move|p2b: Tokugawa|Sucker Punch||[still]
|-fail|p2b: Tokugawa
|move|p1a: Incineroar|Flare Blitz|p2a: Harambe
|-supereffective|p2a: Harambe
|-damage|p2a: Harambe|0 fnt
|faint|p2a: Harambe
|-damage|p1a: Incineroar|72/100|[from] Recoil
|
|-heal|p1a: Incineroar|78/100|[from] Grassy Terrain
|-heal|p2b: Tokugawa|47/100|[from] Grassy Terrain
|-sideend|p1: SbonghiSupreme|move: Tailwind
|upkeep
|
|t:|1756673470
|switch|p2a: Noxia|Sneasler, L50, F|69/100
|turn|5
|
|t:|1756673479
|switch|p1a: Ursaluna|Ursaluna, L50, M|19/100 brn
|switch|p1b: Hydreigon|Hydreigon, L50, F, tera:Ghost|100/100
|move|p2a: Noxia|Fake Out|p1b: Hydreigon
|-immune|p1b: Hydreigon
|move|p2b: Tokugawa|Kowtow Cleave|p1a: Ursaluna
|-damage|p1a: Ursaluna|0 fnt
|faint|p1a: Ursaluna
|
|-heal|p2a: Noxia|75/100|[from] Grassy Terrain
|-heal|p2b: Tokugawa|53/100|[from] Grassy Terrain
|upkeep
|
|t:|1756673503
|switch|p1a: Porygon2|Porygon2, L50|100/100
|-ability|p1a: Porygon2|Download|boost
|-boost|p1a: Porygon2|spa|1
|turn|6
|inactive|SbonghiSupreme has 30 seconds left.
|inactive|SbonghiSupreme has 20 seconds left.
|
|t:|1756673543
|move|p2b: Tokugawa|Protect|p2b: Tokugawa
|-singleturn|p2b: Tokugawa|Protect
|move|p2a: Noxia|Close Combat|p1a: Porygon2
|-supereffective|p1a: Porygon2
|-damage|p1a: Porygon2|10/100
|-unboost|p2a: Noxia|def|1
|-unboost|p2a: Noxia|spd|1
|move|p1b: Hydreigon|Tailwind|p1b: Hydreigon
|-sidestart|p1: SbonghiSupreme|move: Tailwind
|move|p1a: Porygon2|Tera Blast|p2b: Tokugawa
|-activate|p2b: Tokugawa|move: Protect
|
|-heal|p2a: Noxia|81/100|[from] Grassy Terrain
|-heal|p1a: Porygon2|16/100|[from] Grassy Terrain
|-heal|p2b: Tokugawa|59/100|[from] Grassy Terrain
|upkeep
|turn|7
|inactive|SbonghiSupreme has 30 seconds left.
|inactive|SbonghiSupreme has 20 seconds left.
|inactive|SbonghiSupreme has 15 seconds left.
|inactive|SbonghiSupreme has 10 seconds left.
|
|t:|1756673592
|switch|p1b: Incineroar|Incineroar, L50, M|78/100
|-ability|p1b: Incineroar|Intimidate|boost
|-unboost|p2a: Noxia|atk|1
|-unboost|p2b: Tokugawa|atk|1
|-ability|p2b: Tokugawa|Defiant|boost
|-boost|p2b: Tokugawa|atk|2
|move|p2b: Tokugawa|Sucker Punch||[still]
|-fail|p2b: Tokugawa
|move|p2a: Noxia|Close Combat|p1a: Porygon2
|-supereffective|p1a: Porygon2
|-damage|p1a: Porygon2|0 fnt
|-unboost|p2a: Noxia|def|1
|-unboost|p2a: Noxia|spd|1
|faint|p1a: Porygon2
|
|-heal|p1b: Incineroar|84/100|[from] Grassy Terrain
|-heal|p2a: Noxia|86/100|[from] Grassy Terrain
|-heal|p2b: Tokugawa|65/100|[from] Grassy Terrain
|upkeep
|
|t:|1756673595
|switch|p1a: Hydreigon|Hydreigon, L50, F, tera:Ghost|100/100
|turn|8
|
|t:|1756673614
|switch|p2a: Michael|Electabuzz, L50, M|100/100
|move|p2b: Tokugawa|Protect|p2b: Tokugawa
|-singleturn|p2b: Tokugawa|Protect
|move|p1b: Incineroar|Fake Out|p2a: Michael
|-damage|p2a: Michael|92/100
|move|p1a: Hydreigon|Draco Meteor|p2a: Michael
|-crit|p2a: Michael
|-damage|p2a: Michael|24/100
|-unboost|p1a: Hydreigon|spa|2
|
|-heal|p1b: Incineroar|90/100|[from] Grassy Terrain
|-heal|p2a: Michael|30/100|[from] Grassy Terrain
|-heal|p2b: Tokugawa|71/100|[from] Grassy Terrain
|-fieldend|move: Grassy Terrain
|upkeep
|turn|9
|
|t:|1756673633
|move|p2a: Michael|Follow Me|p2a: Michael
|-singleturn|p2a: Michael|move: Follow Me
|move|p1a: Hydreigon|Draco Meteor|p2a: Michael
|-damage|p2a: Michael|5/100
|-unboost|p1a: Hydreigon|spa|2
|move|p1b: Incineroar|Flare Blitz|p2a: Michael
|-damage|p2a: Michael|0 fnt
|faint|p2a: Michael
|-damage|p1b: Incineroar|88/100|[from] Recoil
|move|p2b: Tokugawa|Kowtow Cleave|p1b: Incineroar
|-resisted|p1b: Incineroar
|-damage|p1b: Incineroar|0 fnt
|faint|p1b: Incineroar
|
|-sideend|p1: SbonghiSupreme|move: Tailwind
|upkeep
|-message|SbonghiSupreme forfeited.
|
|win|tedidn
