|j|☆laseboya
|j|☆Olciax34
|html|laseboyaOlciax34    
|uhtml|bestof|Game 1 of a best-of-3
|t:|1785176864
|gametype|doubles
|player|p1|laseboya|idol|1142
|player|p2|Olciax34|clair|1315
|gen|9
|tier|[Gen 9 Champions] VGC 2026 Reg M-B (Bo3)
|rated|
|rule|Species Clause: Limit one of each Pokémon
|rule|Item Clause: Limit 1 of each item
|clearpoke
|poke|p1|Charizard, L50, M|
|poke|p1|Glimmora, L50, M|
|poke|p1|Kommo-o, L50, M|
|poke|p1|Kingambit, L50, M|
|poke|p1|Ninetales-Alola, L50, F|
|poke|p1|Whimsicott, L50, F|
|poke|p2|Incineroar, L50, M|
|poke|p2|Floette-Eternal, L50, F|
|poke|p2|Sinistcha, L50|
|poke|p2|Palafin, L50, M|
|poke|p2|Kingambit, L50, F|
|poke|p2|Raichu, L50, M|
|teampreview|4
|showteam|p1|Charizard||CharizarditeY|Blaze|WeatherBall,SolarBeam,HeatWave,Protect|Modest||M|||50|]Glimmora||Glimmoranite|ToxicDebris|SludgeBomb,PowerGem,EarthPower,SpikyShield|Modest||M|||50|]Kommo-o||LifeOrb|Overcoat|ClangingScales,VacuumWave,AuraSphere,Protect|Modest||M|||50|]Kingambit||BlackGlasses|Defiant|KowtowCleave,SuckerPunch,IronHead,Protect|Adamant||M|||50|]Ninetales-Alola||NeverMeltIce|SnowWarning|FreezeDry,Blizzard,Disable,Protect|Timid||F|||50|]Whimsicott||FocusSash|Prankster|Moonblast,Tailwind,Encore,Protect|Timid||F|||50|
|showteam|p2|Incineroar||SitrusBerry|Intimidate|FakeOut,ThroatChop,FlareBlitz,PartingShot|Careful||M|||50|]Floette-Eternal||Floettite|FlowerVeil|DazzlingGleam,DrainingKiss,CalmMind,Protect|Modest||F|||50|]Sinistcha||KasibBerry|Hospitality|MatchaGotcha,LifeDew,RagePowder,Protect|Calm|||||50|]Palafin||Leftovers|ZerotoHero|BulkUp,JetPunch,DrainPunch,Protect|Adamant||M|||50|]Kingambit||ChopleBerry|Defiant|KowtowCleave,SuckerPunch,IronHead,LowKick|Adamant||F|||50|]Raichu||RaichuniteY|LightningRod|FakeOut,ZapCannon,FocusBlast,Protect|Timid||M|||50|
|inactive|Battle timer is ON: inactive players will automatically lose when time's up. (requested by Olciax34)
|inactive|Olciax34 has 60 seconds left.
|inactive|laseboya has 60 seconds left.
|
|t:|1785176919
|teamsize|p1|4
|teamsize|p2|4
|start
|switch|p1a: Charizard|Charizard, L50, M|100/100
|switch|p1b: Whimsicott|Whimsicott, L50, F|100/100
|switch|p2a: Kingambit|Kingambit, L50, F|100/100
|switch|p2b: Sinistcha|Sinistcha, L50|100/100
|turn|1
|
|t:|1785176931
|switch|p1b: Kingambit|Kingambit, L50, M|100/100
|switch|p2b: Palafin|Palafin, L50, M|100/100
|detailschange|p1a: Charizard|Charizard-Mega-Y, L50, M
|-mega|p1a: Charizard|Charizard|Charizardite Y
|-weather|SunnyDay|[from] ability: Drought|[of] p1a: Charizard
|move|p2a: Kingambit|Sucker Punch|p1a: Charizard
|-damage|p1a: Charizard|57/100
|move|p1a: Charizard|Heat Wave|p2a: Kingambit|[spread] p2a,p2b
|-supereffective|p2a: Kingambit|1
|-resisted|p2b: Palafin|1
|-damage|p2a: Kingambit|0 fnt
|-damage|p2b: Palafin|66/100
|faint|p2a: Kingambit
|
|-weather|SunnyDay|[upkeep]
|-heal|p2b: Palafin|72/100|[from] item: Leftovers
|upkeep
|
|t:|1785176949
|switch|p2a: Raichu|Raichu, L50, M|100/100
|turn|2
|
|t:|1785176966
|switch|p1a: Whimsicott|Whimsicott, L50, F|100/100
|detailschange|p2b: Palafin|Palafin-Hero, L50, M
|switch|p2b: Sinistcha|Sinistcha, L50|100/100
|detailschange|p2a: Raichu|Raichu-Mega-Y, L50, M
|-mega|p2a: Raichu|Raichu|Raichunite Y
|move|p1b: Kingambit|Sucker Punch|p2a: Raichu
|-damage|p2a: Raichu|12/100
|move|p2a: Raichu|Focus Blast|p1b: Kingambit
|-supereffective|p1b: Kingambit|2
|-damage|p1b: Kingambit|0 fnt
|faint|p1b: Kingambit
|
|-weather|SunnyDay|[upkeep]
|upkeep
|
|t:|1785176968
|switch|p1b: Charizard|Charizard-Mega-Y, L50, M|57/100
|turn|3
|
|t:|1785176983
|switch|p2a: Palafin|Palafin-Hero, L50, M|72/100
|-activate|p2a: Palafin|ability: Zero to Hero
|move|p2b: Sinistcha|Protect|p2b: Sinistcha
|-singleturn|p2b: Sinistcha|Protect
|move|p1a: Whimsicott|Tailwind|p1a: Whimsicott
|-sidestart|p1: laseboya|move: Tailwind
|move|p1b: Charizard|Heat Wave|p2a: Palafin|[spread] p2a
|-activate|p2b: Sinistcha|move: Protect
|-resisted|p2a: Palafin|1
|-damage|p2a: Palafin|47/100
|
|-weather|SunnyDay|[upkeep]
|-heal|p2a: Palafin|53/100|[from] item: Leftovers
|upkeep
|turn|4
|
|t:|1785177006
|move|p2a: Palafin|Jet Punch|p1b: Charizard
|-supereffective|p1b: Charizard|1
|-damage|p1b: Charizard|23/100
|move|p1a: Whimsicott|Moonblast|p2a: Palafin
|-damage|p2a: Palafin|25/100
|-unboost|p2a: Palafin|spa|1
|move|p1b: Charizard|Weather Ball|p2b: Sinistcha
|-supereffective|p2b: Sinistcha|1
|-damage|p2b: Sinistcha|0 fnt
|faint|p2b: Sinistcha
|
|-weather|SunnyDay|[upkeep]
|-heal|p2a: Palafin|30/100|[from] item: Leftovers
|upkeep
|
|t:|1785177018
|switch|p2b: Raichu|Raichu-Mega-Y, L50, M|12/100
|turn|5
|
|t:|1785177022
|move|p1a: Whimsicott|Protect|p1a: Whimsicott
|-singleturn|p1a: Whimsicott|Protect
|move|p1b: Charizard|Protect|p1b: Charizard
|-singleturn|p1b: Charizard|Protect
|move|p2b: Raichu|Fake Out|p1a: Whimsicott
|-activate|p1a: Whimsicott|move: Protect
|move|p2a: Palafin|Jet Punch|p1b: Charizard
|-activate|p1b: Charizard|move: Protect
|
|-weather|none
|-heal|p2a: Palafin|36/100|[from] item: Leftovers
|upkeep
|turn|6
|j| tedidn
|inactive|Olciax34 has 30 seconds left.
|
|t:|1785177049
|move|p2b: Raichu|Protect|p2b: Raichu
|-singleturn|p2b: Raichu|Protect
|move|p1a: Whimsicott|Moonblast|p2a: Palafin
|-damage|p2a: Palafin|6/100
|-unboost|p2a: Palafin|spa|1
|move|p1b: Charizard|Heat Wave|p2a: Palafin|[spread] p2a
|-activate|p2b: Raichu|move: Protect
|-resisted|p2a: Palafin|1
|-damage|p2a: Palafin|0 fnt
|faint|p2a: Palafin
|
|-sideend|p1: laseboya|move: Tailwind
|upkeep
|turn|7
|-message|Olciax34 forfeited.
|
|win|laseboya
