|j|☆marcosdeltasena31
|j|☆Onir the magician
|html|marcosdeltasena31Onir the magician    
|uhtml|bestof|Game 2 of a best-of-3
|t:|1757112656
|gametype|doubles
|player|p1|marcosdeltasena31|hilbert|1341
|player|p2|Onir the magician|brycenman|1249
|gen|9
|tier|[Gen 9] VGC 2025 Reg H (Bo3)
|rated|
|rule|Species Clause: Limit one of each Pokémon
|rule|Item Clause: Limit 1 of each item
|clearpoke
|poke|p1|Dragonite, L50, F|
|poke|p1|Sneasler, L50, F|
|poke|p1|Volcarona, L50, F|
|poke|p1|Rillaboom, L50, M|
|poke|p1|Kingambit, L50, F|
|poke|p1|Electabuzz, L50, F|
|poke|p2|Dragonite, L50, M|
|poke|p2|Ursaluna-Bloodmoon, L50, M|
|poke|p2|Gholdengo, L50|
|poke|p2|Amoonguss, L50, F|
|poke|p2|Sneasler, L50, M|
|poke|p2|Incineroar, L50, M|
|teampreview|4
|showteam|p1|Dragonite||LoadedDice|Multiscale|ScaleShot,ExtremeSpeed,Haze,Protect|||F|||50|,,,,,Fairy]Sneasler||FocusSash|PoisonTouch|DireClaw,CloseCombat,FakeOut,Coaching|||F|||50|,,,,,Ghost]Volcarona||CovertCloak|FlameBody|HeatWave,TeraBlast,QuiverDance,Protect|||F|||50|,,,,,Fairy]Rillaboom||AssaultVest|GrassySurge|WoodHammer,FakeOut,GrassyGlide,HighHorsepower|||M|||50|,,,,,Fire]Kingambit||BlackGlasses|Defiant|KowtowCleave,SwordsDance,SuckerPunch,Protect|||F|||50|,,,,,Dark]Electabuzz||Eviolite|VitalSpirit|Thunderbolt,FollowMe,Taunt,Protect|||F|||50|,,,,,Ghost
|showteam|p2|Dragonite||LoadedDice|Multiscale|ScaleShot,Tailwind,Haze,Protect|||M|||50|,,,,,Fairy]Ursaluna-Bloodmoon||AssaultVest|MindsEye|BloodMoon,EarthPower,VacuumWave,HyperVoice|||M|||50|,,,,,Water]Gholdengo||LifeOrb|GoodasGold|Protect,MakeItRain,ShadowBall,NastyPlot||||||50|,,,,,Water]Amoonguss||SitrusBerry|Regenerator|RagePowder,Spore,PollenPuff,Protect|||F|||50|,,,,,Psychic]Sneasler||FocusSash|Unburden|Protect,DireClaw,CloseCombat,ThroatChop|||M|||50|,,,,,Stellar]Incineroar||SafetyGoggles|Intimidate|KnockOff,PartingShot,FlareBlitz,FakeOut|||M|||50|,,,,,Ghost
|
|t:|1757112714
|teamsize|p1|4
|teamsize|p2|4
|start
|switch|p1a: Dragonite|Dragonite, L50, F|100/100
|switch|p1b: Sneasler|Sneasler, L50, F|100/100
|switch|p2a: Zzzzzzzz|Amoonguss, L50, F|100/100
|switch|p2b: Golden Wind|Dragonite, L50, M|100/100
|turn|1
|
|t:|1757112737
|switch|p2b: Luffy|Incineroar, L50, M|100/100
|-ability|p2b: Luffy|Intimidate|boost
|-unboost|p1a: Dragonite|atk|1
|-unboost|p1b: Sneasler|atk|1
|-terastallize|p1a: Dragonite|Fairy
|move|p1b: Sneasler|Dire Claw|p2a: Zzzzzzzz
|-damage|p2a: Zzzzzzzz|79/100
|move|p1a: Dragonite|Scale Shot|p2a: Zzzzzzzz
|-damage|p2a: Zzzzzzzz|70/100
|-damage|p2a: Zzzzzzzz|62/100
|-damage|p2a: Zzzzzzzz|53/100
|-damage|p2a: Zzzzzzzz|45/100
|-enditem|p2a: Zzzzzzzz|Sitrus Berry|[eat]
|-heal|p2a: Zzzzzzzz|70/100|[from] item: Sitrus Berry
|-hitcount|p2a: Zzzzzzzz|4
|-unboost|p1a: Dragonite|def|1
|-boost|p1a: Dragonite|spe|1
|move|p2a: Zzzzzzzz|Spore|p1b: Sneasler
|-status|p1b: Sneasler|slp|[from] move: Spore
|
|upkeep
|turn|2
|
|t:|1757112770
|switch|p1a: Electabuzz|Electabuzz, L50, F|100/100
|switch|p1b: Kingambit|Kingambit, L50, F|100/100
|move|p2b: Luffy|Knock Off|p1a: Electabuzz
|-damage|p1a: Electabuzz|69/100
|-enditem|p1a: Electabuzz|Eviolite|[from] move: Knock Off|[of] p2b: Luffy
|move|p2a: Zzzzzzzz|Pollen Puff|p1b: Kingambit
|-damage|p1b: Kingambit|84/100
|
|upkeep
|turn|3
|
|t:|1757112792
|switch|p2a: 8|Sneasler, L50, M|100/100
|move|p1a: Electabuzz|Follow Me|p1a: Electabuzz
|-singleturn|p1a: Electabuzz|move: Follow Me
|move|p2b: Luffy|Flare Blitz|p1a: Electabuzz
|-damage|p1a: Electabuzz|9/100
|-damage|p2b: Luffy|84/100|[from] Recoil
|move|p1b: Kingambit|Swords Dance|p1b: Kingambit
|-boost|p1b: Kingambit|atk|2
|
|upkeep
|turn|4
|
|t:|1757112810
|move|p1a: Electabuzz|Follow Me|p1a: Electabuzz
|-singleturn|p1a: Electabuzz|move: Follow Me
|move|p2a: 8|Dire Claw|p1a: Electabuzz
|-damage|p1a: Electabuzz|0 fnt
|faint|p1a: Electabuzz
|move|p2b: Luffy|Flare Blitz|p1b: Kingambit
|-supereffective|p1b: Kingambit
|-damage|p1b: Kingambit|2/100
|-damage|p2b: Luffy|56/100|[from] Recoil
|move|p1b: Kingambit|Kowtow Cleave|p2a: 8
|-resisted|p2a: 8
|-enditem|p2a: 8|Focus Sash
|-damage|p2a: 8|1/100
|
|upkeep
|
|t:|1757112824
|switch|p1a: Dragonite|Dragonite, L50, F, tera:Fairy|100/100
|turn|5
|
|t:|1757112843
|switch|p2a: Zzzzzzzz|Amoonguss, L50, F|100/100
|move|p1b: Kingambit|Sucker Punch||[still]
|-fail|p1b: Kingambit
|move|p1a: Dragonite|Scale Shot|p2b: Luffy
|-damage|p2b: Luffy|42/100
|-damage|p2b: Luffy|27/100
|-damage|p2b: Luffy|12/100
|-damage|p2b: Luffy|0 fnt
|faint|p2b: Luffy
|-hitcount|p2: Luffy|4
|-unboost|p1a: Dragonite|def|1
|-boost|p1a: Dragonite|spe|1
|
|upkeep
|
|t:|1757112854
|switch|p2b: Golden Wind|Dragonite, L50, M|100/100
|turn|6
|
|t:|1757112875
|-terastallize|p2b: Golden Wind|Fairy
|move|p1b: Kingambit|Sucker Punch||[still]
|-fail|p1b: Kingambit
|move|p1a: Dragonite|Scale Shot|p2b: Golden Wind
|-immune|p2b: Golden Wind
|move|p2b: Golden Wind|Haze|p2b: Golden Wind
|-clearallboost
|move|p2a: Zzzzzzzz|Spore|p1a: Dragonite
|-status|p1a: Dragonite|slp|[from] move: Spore
|
|upkeep
|turn|7
|
|t:|1757112906
|move|p1b: Kingambit|Sucker Punch|p2b: Golden Wind
|-resisted|p2b: Golden Wind
|-damage|p2b: Golden Wind|87/100
|cant|p1a: Dragonite|slp
|move|p2b: Golden Wind|Scale Shot|p1b: Kingambit
|-resisted|p1b: Kingambit
|-damage|p1b: Kingambit|0 fnt
|faint|p1b: Kingambit
|-hitcount|p1: Kingambit|1
|-unboost|p2b: Golden Wind|def|1
|-boost|p2b: Golden Wind|spe|1
|move|p2a: Zzzzzzzz|Pollen Puff|p1a: Dragonite
|-resisted|p1a: Dragonite
|-damage|p1a: Dragonite|95/100 slp
|
|upkeep
|
|t:|1757112916
|switch|p1b: Sneasler|Sneasler, L50, F|100/100 slp
|turn|8
|
|t:|1757112923
|cant|p1b: Sneasler|slp
|move|p2b: Golden Wind|Scale Shot|p1b: Sneasler
|-damage|p1b: Sneasler|77/100 slp
|-damage|p1b: Sneasler|50/100 slp
|-damage|p1b: Sneasler|27/100 slp
|-damage|p1b: Sneasler|2/100 slp
|-hitcount|p1b: Sneasler|4
|-unboost|p2b: Golden Wind|def|1
|-boost|p2b: Golden Wind|spe|1
|-curestatus|p1a: Dragonite|slp|[msg]
|move|p1a: Dragonite|Haze|p1a: Dragonite
|-clearallboost
|move|p2a: Zzzzzzzz|Pollen Puff|p1a: Dragonite
|-resisted|p1a: Dragonite
|-damage|p1a: Dragonite|86/100
|
|upkeep
|turn|9
|
|t:|1757112939
|-curestatus|p1b: Sneasler|slp|[msg]
|move|p1b: Sneasler|Dire Claw|p2b: Golden Wind
|-supereffective|p2b: Golden Wind
|-damage|p2b: Golden Wind|0 fnt
|faint|p2b: Golden Wind
|move|p1a: Dragonite|Scale Shot|p2a: Zzzzzzzz
|-damage|p2a: Zzzzzzzz|88/100
|-damage|p2a: Zzzzzzzz|76/100
|-damage|p2a: Zzzzzzzz|64/100
|-damage|p2a: Zzzzzzzz|51/100
|-hitcount|p2a: Zzzzzzzz|4
|-unboost|p1a: Dragonite|def|1
|-boost|p1a: Dragonite|spe|1
|move|p2a: Zzzzzzzz|Spore|p1a: Dragonite
|-status|p1a: Dragonite|slp|[from] move: Spore
|
|upkeep
|
|t:|1757112943
|switch|p2b: 8|Sneasler, L50, M|1/100
|turn|10
|
|t:|1757112959
|cant|p1a: Dragonite|slp
|move|p2a: Zzzzzzzz|Rage Powder|p2a: Zzzzzzzz
|-singleturn|p2a: Zzzzzzzz|move: Rage Powder
|move|p2b: 8|Dire Claw|p1a: Dragonite
|-supereffective|p1a: Dragonite
|-damage|p1a: Dragonite|0 fnt
|faint|p1a: Dragonite
|move|p1b: Sneasler|Dire Claw|p2a: Zzzzzzzz
|-damage|p2a: Zzzzzzzz|18/100
|-status|p2a: Zzzzzzzz|slp
|
|upkeep
|turn|11
|
|t:|1757112972
|move|p2b: 8|Protect|p2b: 8
|-singleturn|p2b: 8|Protect
|move|p1b: Sneasler|Dire Claw|p2b: 8
|-activate|p2b: 8|move: Protect
|cant|p2a: Zzzzzzzz|slp
|
|upkeep
|turn|12
|
|t:|1757112979
|move|p2b: 8|Dire Claw|p1b: Sneasler
|-resisted|p1b: Sneasler
|-damage|p1b: Sneasler|0 fnt
|faint|p1b: Sneasler
|
|win|Onir the magician
