|j|☆tmjp01
|j|☆naibot2814
|html|tmjp01naibot2814    
|uhtml|bestof|Game 3 of a best-of-3
|t:|1782617008
|gametype|doubles
|player|p1|tmjp01|2|1266
|player|p2|naibot2814|ghetsis|1348
|gen|9
|tier|[Gen 9 Champions] VGC 2026 Reg M-B (Bo3)
|rated|
|rule|Species Clause: Limit one of each Pokémon
|rule|Item Clause: Limit 1 of each item
|clearpoke
|poke|p1|Corviknight, L50, F|
|poke|p1|Tyranitar, L50, F|
|poke|p1|Hydreigon, L50, M|
|poke|p1|Froslass, L50, F|
|poke|p1|Garchomp, L50, M|
|poke|p1|Arcanine-Hisui, L50, F|
|poke|p2|Metagross, L50, shiny|
|poke|p2|Sneasler, L50, M|
|poke|p2|Hydreigon, L50, M|
|poke|p2|Incineroar, L50, M|
|poke|p2|Aerodactyl, L50, M|
|poke|p2|Floette-Eternal, L50, F|
|teampreview|4
|showteam|p1|Corviknight||OccaBerry|MirrorArmor|BraveBird,Protect,IronHead,Tailwind|Adamant||F|||50|]Tyranitar||Tyranitarite|SandStream|Protect,KnockOff,RockSlide,DragonDance|Adamant||F|||50|]Hydreigon||ChoiceScarf|Levitate|DarkPulse,DracoMeteor,EarthPower,FlashCannon|Timid||M|||50|]Froslass||Froslassite|CursedBody|Blizzard,Protect,ShadowBall,WeatherBall|Timid||F|||50|]Garchomp||LifeOrb|RoughSkin|Protect,DragonClaw,RockSlide,Earthquake|Jolly||M|||50|]Arcanine-Hisui||FocusSash|RockHead|Protect,HeadSmash,ExtremeSpeed,FlareBlitz|Adamant||F|||50|
|showteam|p2|Metagross||Metagrossite|ClearBody|PsychicFangs,BodyPress,IronHead,Protect|Jolly|||||50|]Sneasler||WhiteHerb|Unburden|FakeOut,Coaching,CloseCombat,DireClaw|Jolly||M|||50|]Hydreigon||ChoiceScarf|Levitate|DracoMeteor,Snarl,DarkPulse,Flamethrower|Modest||M|||50|]Incineroar||PasshoBerry|Intimidate|FakeOut,DarkestLariat,FlareBlitz,PartingShot|Careful||M|||50|]Aerodactyl||FocusSash|Unnerve|DualWingbeat,RockSlide,WideGuard,Tailwind|Jolly||M|||50|]Floette-Eternal||Floettite|FlowerVeil|DrainingKiss,DazzlingGleam,CalmMind,Protect|Modest||F|||50|
|
|t:|1782617078
|teamsize|p1|4
|teamsize|p2|4
|start
|switch|p1a: Corviknight|Corviknight, L50, F|100/100
|switch|p1b: Hydreigon|Hydreigon, L50, M|100/100
|switch|p2a: Pedro Sánchez|Aerodactyl, L50, M|100/100
|switch|p2b: Metron|Metagross, L50, shiny|100/100
|-ability|p2a: Pedro Sánchez|Unnerve
|turn|1
|
|t:|1782617104
|detailschange|p2b: Metron|Metagross-Mega, L50, shiny
|-mega|p2b: Metron|Metagross|Metagrossite
|move|p1b: Hydreigon|Dark Pulse|p2b: Metron
|-supereffective|p2b: Metron|1
|-damage|p2b: Metron|17/100
|move|p2a: Pedro Sánchez|Tailwind|p2a: Pedro Sánchez
|-sidestart|p2: naibot2814|move: Tailwind
|cant|p2b: Metron|flinch
|move|p1a: Corviknight|Tailwind|p1a: Corviknight
|-sidestart|p1: tmjp01|move: Tailwind
|
|upkeep
|turn|2
|
|t:|1782617120
|switch|p2b: HAIL HYDRA|Hydreigon, L50, M|100/100
|move|p1b: Hydreigon|Dark Pulse|p2a: Pedro Sánchez
|-damage|p2a: Pedro Sánchez|46/100
|move|p2a: Pedro Sánchez|Rock Slide|p1b: Hydreigon|[spread] p1a,p1b
|-damage|p1a: Corviknight|79/100
|-damage|p1b: Hydreigon|69/100
|move|p1a: Corviknight|Iron Head|p2a: Pedro Sánchez
|-supereffective|p2a: Pedro Sánchez|1
|-damage|p2a: Pedro Sánchez|0 fnt
|faint|p2a: Pedro Sánchez
|
|upkeep
|
|t:|1782617137
|switch|p2a: Nagatoro|Sneasler, L50, M|100/100
|turn|3
|
|t:|1782617149
|move|p1b: Hydreigon|Dark Pulse|p2a: Nagatoro
|-resisted|p2a: Nagatoro|1
|-damage|p2a: Nagatoro|73/100
|move|p2b: HAIL HYDRA|Dark Pulse|p1a: Corviknight
|-damage|p1a: Corviknight|42/100
|move|p2a: Nagatoro|Close Combat|p1a: Corviknight
|-damage|p1a: Corviknight|0 fnt
|-unboost|p2a: Nagatoro|def|1
|-unboost|p2a: Nagatoro|spd|1
|faint|p1a: Corviknight
|-enditem|p2a: Nagatoro|White Herb
|-clearnegativeboost|p2a: Nagatoro|[silent]
|
|upkeep
|
|t:|1782617167
|switch|p1a: Froslass|Froslass, L50, F|100/100
|turn|4
|
|t:|1782617175
|switch|p1b: Arcanine|Arcanine-Hisui, L50, F|100/100
|detailschange|p1a: Froslass|Froslass-Mega, L50, F
|-mega|p1a: Froslass|Froslass|Froslassite
|-weather|Snowscape|[from] ability: Snow Warning|[of] p1a: Froslass
|move|p2a: Nagatoro|Close Combat|p1b: Arcanine
|-supereffective|p1b: Arcanine|1
|-enditem|p1b: Arcanine|Focus Sash
|-damage|p1b: Arcanine|1/100
|-unboost|p2a: Nagatoro|def|1
|-unboost|p2a: Nagatoro|spd|1
|move|p2b: HAIL HYDRA|Dark Pulse|p1a: Froslass
|-supereffective|p1a: Froslass|1
|-damage|p1a: Froslass|0 fnt
|faint|p1a: Froslass
|
|-weather|Snowscape|[upkeep]
|-sideend|p1: tmjp01|move: Tailwind
|-sideend|p2: naibot2814|move: Tailwind
|upkeep
|
|t:|1782617190
|switch|p1a: Hydreigon|Hydreigon, L50, M|69/100
|turn|5
|
|t:|1782617223
|move|p1b: Arcanine|Extreme Speed|p2a: Nagatoro
|-damage|p2a: Nagatoro|15/100
|move|p2a: Nagatoro|Close Combat|p1a: Hydreigon
|-supereffective|p1a: Hydreigon|1
|-damage|p1a: Hydreigon|0 fnt
|-unboost|p2a: Nagatoro|def|1
|-unboost|p2a: Nagatoro|spd|1
|faint|p1a: Hydreigon
|move|p2b: HAIL HYDRA|Dark Pulse|p1b: Arcanine
|-damage|p1b: Arcanine|0 fnt
|faint|p1b: Arcanine
|
|win|naibot2814
|raw|tmjp01's rating: 1266 → 1247(-19 for losing)
|raw|naibot2814's rating: 1348 → 1363(+15 for winning)
|l|☆naibot2814
|player|p2|
