|j|☆JapaneseBinbou
|j|☆spellbreakvgc
|html|JapaneseBinbouspellbreakvgc    
|uhtml|bestof|Game 2 of a best-of-3
|t:|1756150573
|gametype|doubles
|player|p1|JapaneseBinbou|170|1044
|player|p2|spellbreakvgc|lance|1078
|gen|9
|tier|[Gen 9] VGC 2025 Reg H (Bo3)
|rated|
|rule|Species Clause: Limit one of each Pokémon
|rule|Item Clause: Limit 1 of each item
|clearpoke
|poke|p1|Charizard, L50, M|
|poke|p1|Torkoal, L50, M|
|poke|p1|Porygon2, L50|
|poke|p1|Incineroar, L50, M|
|poke|p1|Jumpluff, L50, M|
|poke|p1|Ursaluna, L50, F|
|poke|p2|Whimsicott, L50, M|
|poke|p2|Typhlosion-Hisui, L50, M|
|poke|p2|Dragapult, L50, M|
|poke|p2|Sneasler, L50, M|
|poke|p2|Indeedee, L50, M|
|poke|p2|Electabuzz, L50, M|
|teampreview|4
|showteam|p1|Charizard||ChoiceSpecs|SolarPower|HeatWave,Overheat,WeatherBall,AirSlash|||M|||50|,,,,,Ghost]Torkoal||EjectPack|Drought|Eruption,Overheat,HelpingHand,Protect|||M|||50|,,,,,Fire]Porygon2||Eviolite|Download|IceBeam,TeraBlast,TrickRoom,Recover||||||50|,,,,,Fighting]Incineroar||SitrusBerry|Intimidate|FlareBlitz,KnockOff,FakeOut,PartingShot|||M|||50|,,,,,Ghost]Jumpluff||CovertCloak|Chlorophyll|SleepPowder,SunnyDay,RagePowder,Tailwind|||M|||50|,,,,,Water]Ursaluna||FlameOrb|Guts|HeadlongRush,Facade,Earthquake,Protect|||F|||50|,,,,,Ghost
|showteam|p2|Whimsicott||CovertCloak|Prankster|Tailwind,SunnyDay,Encore,Moonblast|||M|||50|,,,,,Ghost]Typhlosion-Hisui||ChoiceSpecs|Blaze|Eruption,HeatWave,ShadowBall,FocusBlast|||M|||50|,,,,,Fire]Dragapult||ChoiceBand|ClearBody|DragonDarts,Outrage,PhantomForce,Uturn|||M|||50|,,,,,Dragon]Sneasler||PsychicSeed|Unburden|DireClaw,CloseCombat,ThroatChop,Protect|||M|||50|,,,,,Fighting]Indeedee||FocusSash|PsychicSurge|ExpandingForce,TeraBlast,TrickRoom,Imprison|||M|||50|,,,,,Psychic]Electabuzz||Eviolite|VitalSpirit|Electroweb,FollowMe,Taunt,Protect|||M|||50|,,,,,Ghost
|inactive|Battle timer is ON: inactive players will automatically lose when time's up. (requested by JapaneseBinbou)
|
|t:|1756150609
|teamsize|p1|4
|teamsize|p2|4
|start
|switch|p1a: Incineroar|Incineroar, L50, M|100/100
|switch|p1b: Charizard|Charizard, L50, M|100/100
|switch|p2a: Whimsicott|Whimsicott, L50, M|100/100
|switch|p2b: Typhlosion|Typhlosion-Hisui, L50, M|100/100
|-ability|p1a: Incineroar|Intimidate|boost
|-unboost|p2a: Whimsicott|atk|1
|-unboost|p2b: Typhlosion|atk|1
|turn|1
|
|t:|1756150633
|move|p1a: Incineroar|Fake Out|p2b: Typhlosion
|-immune|p2b: Typhlosion
|move|p2a: Whimsicott|Tailwind|p2a: Whimsicott
|-sidestart|p2: spellbreakvgc|move: Tailwind
|move|p2b: Typhlosion|Eruption|p1a: Incineroar|[spread] p1a,p1b
|-resisted|p1a: Incineroar
|-resisted|p1b: Charizard
|-damage|p1a: Incineroar|59/100
|-damage|p1b: Charizard|42/100
|move|p1b: Charizard|Air Slash|p2b: Typhlosion
|-damage|p2b: Typhlosion|33/100
|
|upkeep
|turn|2
|inactive|spellbreakvgc has 30 seconds left.
|
|t:|1756150664
|switch|p1b: Porygon2|Porygon2, L50|100/100
|-ability|p1b: Porygon2|Download|boost
|-boost|p1b: Porygon2|spa|1
|move|p2a: Whimsicott|Moonblast|p1b: Porygon2
|-damage|p1b: Porygon2|80/100
|move|p2b: Typhlosion|Eruption|p1a: Incineroar|[spread] p1a,p1b
|-resisted|p1a: Incineroar
|-damage|p1a: Incineroar|37/100
|-damage|p1b: Porygon2|48/100
|-enditem|p1a: Incineroar|Sitrus Berry|[eat]
|-heal|p1a: Incineroar|61/100|[from] item: Sitrus Berry
|move|p1a: Incineroar|Flare Blitz|p2a: Whimsicott
|-supereffective|p2a: Whimsicott
|-damage|p2a: Whimsicott|0 fnt
|faint|p2a: Whimsicott
|-damage|p1a: Incineroar|39/100|[from] Recoil
|
|upkeep
|
|t:|1756150684
|switch|p2a: Indeedee|Indeedee, L50, M|100/100
|-fieldstart|move: Psychic Terrain|[from] ability: Psychic Surge|[of] p2a: Indeedee
|turn|3
|inactive|JapaneseBinbou has 30 seconds left.
|inactive|JapaneseBinbou has 20 seconds left.
|inactive|JapaneseBinbou has 15 seconds left.
|
|t:|1756150724
|-terastallize|p2a: Indeedee|Psychic
|move|p2a: Indeedee|Expanding Force|p1a: Incineroar|[spread] p1b
|-immune|p1a: Incineroar
|-damage|p1b: Porygon2|0 fnt
|faint|p1b: Porygon2
|move|p2b: Typhlosion|Eruption|p1a: Incineroar
|-resisted|p1a: Incineroar
|-damage|p1a: Incineroar|8/100
|move|p1a: Incineroar|Knock Off|p2a: Indeedee
|-supereffective|p2a: Indeedee
|-enditem|p2a: Indeedee|Focus Sash
|-damage|p2a: Indeedee|1/100
|
|upkeep
|inactive|JapaneseBinbou has 30 seconds left.
|
|t:|1756150752
|switch|p1b: Jumpluff|Jumpluff, L50, M|100/100
|turn|4
|
|t:|1756150765
|-terastallize|p1b: Jumpluff|Water
|move|p2b: Typhlosion|Eruption|p1b: Jumpluff|[spread] p1a,p1b
|-resisted|p1a: Incineroar
|-resisted|p1b: Jumpluff
|-damage|p1a: Incineroar|0 fnt
|-damage|p1b: Jumpluff|76/100
|faint|p1a: Incineroar
|move|p2a: Indeedee|Expanding Force|p1b: Jumpluff
|-damage|p1b: Jumpluff|0 fnt
|faint|p1b: Jumpluff
|
|-sideend|p2: spellbreakvgc|move: Tailwind
|upkeep
|
|t:|1756150774
|switch|p1b: Charizard|Charizard, L50, M|42/100
|turn|5
|
|t:|1756150784
|move|p1b: Charizard|Heat Wave|p2a: Indeedee|[spread] p2a,p2b
|-resisted|p2b: Typhlosion
|-damage|p2a: Indeedee|0 fnt
|-damage|p2b: Typhlosion|1/100
|faint|p2a: Indeedee
|move|p2b: Typhlosion|Eruption|p1b: Charizard
|-resisted|p1b: Charizard
|-damage|p1b: Charizard|42/100
|
|upkeep
|
|t:|1756150787
|switch|p2a: Dragapult|Dragapult, L50, M|100/100
|turn|6
|
|t:|1756150793
|move|p2a: Dragapult|Dragon Darts|p1b: Charizard
|-damage|p1b: Charizard|0 fnt
|faint|p1b: Charizard
|
|win|spellbreakvgc
