|j|☆Pantsuit
|j|☆MoonEnthusiast
|html|PantsuitMoonEnthusiast    
|uhtml|bestof|Game 1 of a best-of-3
|t:|1757709374
|gametype|doubles
|player|p1|Pantsuit|169|1337
|player|p2|MoonEnthusiast|parasollady|1250
|gen|9
|tier|[Gen 9] VGC 2025 Reg H (Bo3)
|rated|
|rule|Species Clause: Limit one of each Pokémon
|rule|Item Clause: Limit 1 of each item
|clearpoke
|poke|p1|Gholdengo, L50|
|poke|p1|Annihilape, L50, M|
|poke|p1|Volcarona, L50, F|
|poke|p1|Dragonite, L50, F|
|poke|p1|Ninetales-Alola, L50, F|
|poke|p1|Ursaluna-Bloodmoon, L50, M|
|poke|p2|Primarina, L50, F|
|poke|p2|Gothitelle, L50, F|
|poke|p2|Amoonguss, L50, M|
|poke|p2|Incineroar, L50, M|
|poke|p2|Ursaluna-Bloodmoon, L50, M|
|poke|p2|Volcarona, L50, F|
|teampreview|4
|showteam|p1|Gholdengo||LifeOrb|GoodasGold|NastyPlot,MakeItRain,ShadowBall,Protect||||||50|,,,,,Water]Annihilape||SafetyGoggles|Defiant|DrainPunch,RageFist,BulkUp,Protect|||M|||50|,,,,,Fire]Volcarona||SitrusBerry|FlameBody|StruggleBug,Overheat,RagePowder,Tailwind|||F|||50|,,,,,Steel]Dragonite||LoadedDice|Multiscale|ScaleShot,Haze,Tailwind,Protect|||F|||50|,,,,,Steel]Ninetales-Alola||FocusSash|SnowWarning|Blizzard,IcyWind,IcicleSpear,AuroraVeil|||F|||50|,,,,,Ghost]Ursaluna-Bloodmoon||AssaultVest|MindsEye|BloodMoon,HyperVoice,EarthPower,VacuumWave|||M|||50|,,,,,Water
|showteam|p2|Primarina||SitrusBerry|LiquidVoice|Protect,HyperVoice,Moonblast,PerishSong|||F|||50|,,,,,Steel]Gothitelle||MentalHerb|ShadowTag|Protect,Psychic,TrickRoom,FakeOut|||F|||50|,,,,,Water]Amoonguss||RockyHelmet|Regenerator|Protect,PollenPuff,RagePowder,Spore|||M|||50|,,,,,Psychic]Incineroar||SafetyGoggles|Intimidate|Protect,KnockOff,PartingShot,FakeOut|||M|||50|,,,,,Ghost]Ursaluna-Bloodmoon||LifeOrb|MindsEye|Protect,HyperVoice,BloodMoon,EarthPower|||M|||50|,,,,,Normal]Volcarona||CovertCloak|FlameBody|Protect,Flamethrower,BugBuzz,QuiverDance|||F|||50|,,,,,Fairy
|inactive|Battle timer is ON: inactive players will automatically lose when time's up. (requested by MoonEnthusiast)
|
|t:|1757709424
|teamsize|p1|4
|teamsize|p2|4
|start
|switch|p1a: Volcarona|Volcarona, L50, F|100/100
|switch|p1b: Annihilape|Annihilape, L50, M|100/100
|switch|p2a: Ursaluna|Ursaluna-Bloodmoon, L50, M|100/100
|switch|p2b: Volcarona|Volcarona, L50, F|100/100
|turn|1
|
|t:|1757709442
|-terastallize|p2a: Ursaluna|Normal
|move|p1a: Volcarona|Overheat|p2b: Volcarona
|-damage|p2b: Volcarona|43/100
|-unboost|p1a: Volcarona|spa|2
|move|p1b: Annihilape|Drain Punch|p2a: Ursaluna
|-supereffective|p2a: Ursaluna
|-damage|p2a: Ursaluna|56/100
|move|p2b: Volcarona|Quiver Dance|p2b: Volcarona
|-boost|p2b: Volcarona|spa|1
|-boost|p2b: Volcarona|spd|1
|-boost|p2b: Volcarona|spe|1
|move|p2a: Ursaluna|Blood Moon|p1b: Annihilape
|-damage|p1b: Annihilape|0 fnt
|faint|p1b: Annihilape
|-damage|p2a: Ursaluna|46/100|[from] item: Life Orb
|
|upkeep
|
|t:|1757709448
|switch|p1b: Ursaluna|Ursaluna-Bloodmoon, L50, M|100/100
|turn|2
|
|t:|1757709467
|switch|p2a: Incineroar|Incineroar, L50, M|100/100
|-ability|p2a: Incineroar|Intimidate|boost
|-unboost|p1a: Volcarona|atk|1
|-unboost|p1b: Ursaluna|atk|1
|-terastallize|p1b: Ursaluna|Water
|move|p2b: Volcarona|Protect|p2b: Volcarona
|-singleturn|p2b: Volcarona|Protect
|move|p1a: Volcarona|Tailwind|p1a: Volcarona
|-sidestart|p1: Pantsuit|move: Tailwind
|move|p1b: Ursaluna|Blood Moon|p2a: Incineroar
|-damage|p2a: Incineroar|37/100
|
|upkeep
|turn|3
|
|t:|1757709481
|move|p2a: Incineroar|Fake Out|p1b: Ursaluna
|-damage|p1b: Ursaluna|93/100
|move|p1a: Volcarona|Overheat|p2b: Volcarona
|-crit|p2b: Volcarona
|-damage|p2b: Volcarona|0 fnt
|-unboost|p1a: Volcarona|spa|2
|faint|p2b: Volcarona
|cant|p1b: Ursaluna|flinch
|
|upkeep
|
|t:|1757709491
|switch|p2b: Primarina|Primarina, L50, F|100/100
|turn|4
|
|t:|1757709502
|move|p1a: Volcarona|Struggle Bug|p2b: Primarina|[spread] p2a,p2b
|-resisted|p2b: Primarina
|-damage|p2a: Incineroar|32/100
|-damage|p2b: Primarina|98/100
|-unboost|p2a: Incineroar|spa|1
|-unboost|p2b: Primarina|spa|1
|move|p1b: Ursaluna|Hyper Voice|p2b: Primarina|[spread] p2a,p2b
|-damage|p2a: Incineroar|0 fnt
|-damage|p2b: Primarina|68/100
|faint|p2a: Incineroar
|move|p2b: Primarina|Perish Song|p2b: Primarina
|-start|p1a: Volcarona|perish3|[silent]
|-start|p1b: Ursaluna|perish3|[silent]
|-start|p2b: Primarina|perish3|[silent]
|-fieldactivate|move: Perish Song
|
|-start|p1a: Volcarona|perish3
|-start|p1b: Ursaluna|perish3
|-start|p2b: Primarina|perish3
|upkeep
|
|t:|1757709510
|switch|p2a: Ursaluna|Ursaluna-Bloodmoon, L50, M, tera:Normal|46/100
|turn|5
|-message|MoonEnthusiast forfeited.
|
|win|Pantsuit
|l|☆MoonEnthusiast
|player|p2|
||MoonEnthusiast is ready for game 2.
||Pantsuit is ready for game 2.
|uhtml|next|Next: Game 2 of 3
