|j|☆Chandeliere
|j|☆Tsbaaasdf
|html|ChandeliereTsbaaasdf    
|uhtml|bestof|Game 2 of a best-of-3
|t:|1756714800
|gametype|doubles
|player|p1|Chandeliere|ethan|1238
|player|p2|Tsbaaasdf|101|1064
|gen|9
|tier|[Gen 9] VGC 2025 Reg H (Bo3)
|rated|
|rule|Species Clause: Limit one of each Pokémon
|rule|Item Clause: Limit 1 of each item
|clearpoke
|poke|p1|Ninetales-Alola, L50, F|
|poke|p1|Gholdengo, L50|
|poke|p1|Garchomp, L50, F|
|poke|p1|Incineroar, L50, M|
|poke|p1|Sneasler, L50, F|
|poke|p1|Vivillon-Pokeball, L50, M|
|poke|p2|Shiftry, L50, M|
|poke|p2|Ursaluna-Bloodmoon, L50, M|
|poke|p2|Skeledirge, L50, M|
|poke|p2|Gastrodon, L50, M|
|poke|p2|Sneasler, L50, M|
|poke|p2|Sinistcha, L50|
|teampreview|4
|showteam|p1|Ninetales-Alola||LightClay|SnowWarning|AuroraVeil,Blizzard,FreezeDry,Protect|||F|||50|,,,,,Ghost]Gholdengo||LifeOrb|GoodasGold|MakeItRain,ShadowBall,NastyPlot,Protect||||||50|,,,,,Water]Garchomp||ClearAmulet|RoughSkin|Earthquake,StompingTantrum,DragonClaw,Protect|||F|||50|,,,,,Ground]Incineroar||AssaultVest|Intimidate|FakeOut,KnockOff,FlareBlitz,Uturn|||M|||50|,,,,,Grass]Sneasler||WhiteHerb|Unburden|Coaching,CloseCombat,DireClaw,Protect|||F|||50|,,,,,Ghost]Vivillon-Pokeball||FocusSash|CompoundEyes|SleepPowder,Hurricane,Tailwind,Protect|||M|||50|,,,,,Ghost
|showteam|p2|Shiftry||FocusSash|WindRider|KnockOff,LeafBlade,SuckerPunch,Protect|||M|||50|,,,,,Ghost]Ursaluna-Bloodmoon||LifeOrb|MindsEye|BloodMoon,EarthPower,HyperVoice,Protect|||M|||50|,,,,,Ghost]Skeledirge||Leftovers|Unaware|AlluringVoice,TorchSong,ShadowBall,Protect|||M|||50|,,,,,Water]Gastrodon||SitrusBerry|StormDrain|IcyWind,EarthPower,Yawn,MuddyWater|||M|||50|,,,,,Fire]Sneasler||WhiteHerb|Unburden|FakeOut,CloseCombat,DireClaw,Protect|||M|||50|,,,,,Ghost]Sinistcha||RockyHelmet|Hospitality|RagePowder,MatchaGotcha,ShadowBall,LifeDew||||||50|,,,,,Grass
|
|t:|1756714853
|teamsize|p1|4
|teamsize|p2|4
|start
|switch|p1a: Ninetales|Ninetales-Alola, L50, F|100/100
|switch|p1b: Gholdengo|Gholdengo, L50|100/100
|switch|p2a: Sinistcha|Sinistcha, L50|100/100
|switch|p2b: Skeledirge|Skeledirge, L50, M|100/100
|-weather|Snowscape|[from] ability: Snow Warning|[of] p1a: Ninetales
|turn|1
|
|t:|1756714876
|switch|p2a: Shiftry|Shiftry, L50, M|100/100
|-terastallize|p1b: Gholdengo|Water
|-terastallize|p2b: Skeledirge|Water
|move|p1a: Ninetales|Aurora Veil|p1a: Ninetales
|-sidestart|p1: Chandeliere|move: Aurora Veil
|move|p1b: Gholdengo|Nasty Plot|p1b: Gholdengo
|-boost|p1b: Gholdengo|spa|2
|move|p2b: Skeledirge|Torch Song|p1a: Ninetales
|-supereffective|p1a: Ninetales
|-damage|p1a: Ninetales|44/100
|-boost|p2b: Skeledirge|spa|1
|
|-weather|Snowscape|[upkeep]
|upkeep
|turn|2
|
|t:|1756714910
|move|p2b: Skeledirge|Protect|p2b: Skeledirge
|-singleturn|p2b: Skeledirge|Protect
|move|p1a: Ninetales|Blizzard|p2b: Skeledirge|[spread] 
|-activate|p2b: Skeledirge|move: Protect
|-ability|p2a: Shiftry|Wind Rider|boost
|-boost|p2a: Shiftry|atk|1
|move|p2a: Shiftry|Leaf Blade|p1b: Gholdengo
|-supereffective|p1b: Gholdengo
|-damage|p1b: Gholdengo|24/100
|move|p1b: Gholdengo|Make It Rain|p2b: Skeledirge|[spread] p2a
|-activate|p2b: Skeledirge|move: Protect
|-enditem|p2a: Shiftry|Focus Sash
|-damage|p2a: Shiftry|1/100
|-unboost|p1b: Gholdengo|spa|1
|-damage|p1b: Gholdengo|15/100|[from] item: Life Orb
|
|-weather|Snowscape|[upkeep]
|upkeep
|turn|3
|
|t:|1756714932
|move|p2a: Shiftry|Protect|p2a: Shiftry
|-singleturn|p2a: Shiftry|Protect
|move|p1a: Ninetales|Freeze-Dry|p2a: Shiftry
|-activate|p2a: Shiftry|move: Protect
|move|p1b: Gholdengo|Shadow Ball|p2b: Skeledirge
|-damage|p2b: Skeledirge|41/100
|-damage|p1b: Gholdengo|5/100|[from] item: Life Orb
|move|p2b: Skeledirge|Torch Song|p1a: Ninetales
|-supereffective|p1a: Ninetales
|-damage|p1a: Ninetales|0 fnt
|-boost|p2b: Skeledirge|spa|1
|faint|p1a: Ninetales
|
|-weather|Snowscape|[upkeep]
|-heal|p2b: Skeledirge|47/100|[from] item: Leftovers
|upkeep
|
|t:|1756714947
|switch|p1a: Sneasler|Sneasler, L50, F|100/100
|turn|4
|
|t:|1756714959
|move|p1a: Sneasler|Dire Claw|p2a: Shiftry
|-supereffective|p2a: Shiftry
|-damage|p2a: Shiftry|0 fnt
|faint|p2a: Shiftry
|move|p1b: Gholdengo|Shadow Ball|p2b: Skeledirge
|-damage|p2b: Skeledirge|0 fnt
|faint|p2b: Skeledirge
|-damage|p1b: Gholdengo|0 fnt|[from] item: Life Orb
|faint|p1b: Gholdengo
|
|-weather|Snowscape|[upkeep]
|upkeep
|
|t:|1756714969
|switch|p2a: Sinistcha|Sinistcha, L50|100/100
|switch|p1b: Garchomp|Garchomp, L50, F|100/100
|switch|p2b: Sneasler|Sneasler, L50, M|100/100
|turn|5
|
|t:|1756714985
|move|p2a: Sinistcha|Rage Powder|p2a: Sinistcha
|-singleturn|p2a: Sinistcha|move: Rage Powder
|move|p2b: Sneasler|Close Combat|p1b: Garchomp
|-damage|p1b: Garchomp|59/100
|-unboost|p2b: Sneasler|def|1
|-unboost|p2b: Sneasler|spd|1
|-damage|p2b: Sneasler|88/100|[from] ability: Rough Skin|[of] p1b: Garchomp
|-enditem|p2b: Sneasler|White Herb
|-clearnegativeboost|p2b: Sneasler|[silent]
|move|p1a: Sneasler|Dire Claw|p2a: Sinistcha
|-damage|p2a: Sinistcha|70/100
|-status|p2a: Sinistcha|slp
|-damage|p1a: Sneasler|84/100|[from] item: Rocky Helmet|[of] p2a: Sinistcha
|move|p1b: Garchomp|Dragon Claw|p2a: Sinistcha
|-damage|p2a: Sinistcha|39/100 slp
|-damage|p1b: Garchomp|43/100|[from] item: Rocky Helmet|[of] p2a: Sinistcha
|
|-weather|none
|upkeep
|turn|6
|
|t:|1756715012
|move|p2b: Sneasler|Protect|p2b: Sneasler
|-singleturn|p2b: Sneasler|Protect
|move|p1a: Sneasler|Dire Claw|p2a: Sinistcha
|-damage|p2a: Sinistcha|11/100 slp
|-damage|p1a: Sneasler|68/100|[from] item: Rocky Helmet|[of] p2a: Sinistcha
|move|p1b: Garchomp|Stomping Tantrum|p2b: Sneasler
|-activate|p2b: Sneasler|move: Protect
|cant|p2a: Sinistcha|slp
|
|upkeep
|turn|7
|
|t:|1756715029
|move|p2b: Sneasler|Close Combat|p1b: Garchomp
|-damage|p1b: Garchomp|0 fnt
|-unboost|p2b: Sneasler|def|1
|-unboost|p2b: Sneasler|spd|1
|-damage|p2b: Sneasler|76/100|[from] ability: Rough Skin|[of] p1b: Garchomp
|faint|p1b: Garchomp
|move|p1a: Sneasler|Dire Claw|p2a: Sinistcha
|-damage|p2a: Sinistcha|0 fnt
|-damage|p1a: Sneasler|51/100|[from] item: Rocky Helmet|[of] p2a: Sinistcha
|faint|p2a: Sinistcha
|
|upkeep
|turn|8
|
|t:|1756715051
|move|p2b: Sneasler|Protect|p2b: Sneasler
|-singleturn|p2b: Sneasler|Protect
|move|p1a: Sneasler|Close Combat|p2b: Sneasler
|-activate|p2b: Sneasler|move: Protect
|
|-sideend|p1: Chandeliere|move: Aurora Veil
|upkeep
|turn|9
|
|t:|1756715060
|move|p2b: Sneasler|Dire Claw|p1a: Sneasler
|-resisted|p1a: Sneasler
|-damage|p1a: Sneasler|24/100
|move|p1a: Sneasler|Close Combat|p2b: Sneasler
|-resisted|p2b: Sneasler
|-damage|p2b: Sneasler|0 fnt
|-unboost|p1a: Sneasler|def|1
|-unboost|p1a: Sneasler|spd|1
|faint|p2b: Sneasler
|-enditem|p1a: Sneasler|White Herb
|-clearnegativeboost|p1a: Sneasler|[silent]
|
|win|Chandeliere
||Tsbaaasdf is ready for game 3.
|inactive|Chandeliere has 30 seconds to confirm battle start!
||Chandeliere is ready for game 3.
|uhtml|next|Next: Game 3 of 3
|l|☆Tsbaaasdf
|player|p2|
