|j|☆Im_Neutro
|j|☆the doctor rock
|html|Im_Neutrothe doctor rock    
|uhtml|bestof|Game 2 of a best-of-3
|t:|1783535946
|gametype|doubles
|player|p1|Im_Neutro|noland|1111
|player|p2|the doctor rock|marlon|1035
|gen|9
|tier|[Gen 9 Champions] VGC 2026 Reg M-B (Bo3)
|rated|
|rule|Species Clause: Limit one of each Pokémon
|rule|Item Clause: Limit 1 of each item
|clearpoke
|poke|p1|Sylveon, L50, F|
|poke|p1|Farigiraf, L50, F|
|poke|p1|Charizard, L50, F|
|poke|p1|Kingambit, L50, M|
|poke|p1|Aerodactyl, L50, F|
|poke|p1|Garchomp, L50, M|
|poke|p2|Malamar, L50, F|
|poke|p2|Grimmsnarl, L50, M|
|poke|p2|Sinistcha, L50|
|poke|p2|Froslass, L50, F|
|poke|p2|Sneasler, L50, F|
|poke|p2|Bastiodon, L50, M|
|teampreview|4
|showteam|p1|Sylveon||FairyFeather|Pixilate|Protect,QuickAttack,HyperVoice,HyperBeam|Sassy||F|||50|]Farigiraf||MentalHerb|ArmorTail|TrickRoom,Psychic,Thunderbolt,Roar|Sassy||F|||50|]Charizard||CharizarditeY|Blaze|Protect,HeatWave,WeatherBall,SolarBeam|Timid||F|||50|]Kingambit||BlackGlasses|Defiant|KowtowCleave,SuckerPunch,IronHead,Protect|Adamant||M|||50|]Aerodactyl||Aerodactylite|RockHead|Tailwind,RockSlide,DualWingbeat,IceFang|Jolly||F|||50|]Garchomp||LifeOrb|RoughSkin|DragonClaw,Protect,StompingTantrum,RockSlide|Jolly||M|||50|
|showteam|p2|Malamar||Malamarite|Contrary|KnockOff,PsychoCut,Superpower,Protect|Adamant||F|||50|]Grimmsnarl||RoseliBerry|Prankster|FoulPlay,FakeTears,Taunt,PartingShot|Bold||M|||50|]Sinistcha||SitrusBerry|Hospitality|MatchaGotcha,LifeDew,RagePowder,TrickRoom|Bold|||||50|]Froslass||Froslassite|SnowCloak|Blizzard,ShadowBall,AuroraVeil,Protect|Timid||F|||50|]Sneasler||WhiteHerb|Unburden|CloseCombat,DireClaw,FakeOut,Protect|Adamant||F|||50|]Bastiodon||ShucaBerry|Sturdy|RockSlide,BodyPress,WideGuard,Protect|Careful||M|||50|
|inactive|Battle timer is ON: inactive players will automatically lose when time's up. (requested by Im_Neutro)
|inactive|the doctor rock also wants the timer to be on.
|
|t:|1783535975
|teamsize|p1|4
|teamsize|p2|4
|start
|switch|p1a: Charizard|Charizard, L50, F|100/100
|switch|p1b: Farigiraf|Farigiraf, L50, F|100/100
|switch|p2a: Malamar|Malamar, L50, F|100/100
|switch|p2b: Sneasler|Sneasler, L50, F|100/100
|turn|1
|
|t:|1783535999
|detailschange|p1a: Charizard|Charizard-Mega-Y, L50, F
|-mega|p1a: Charizard|Charizard|Charizardite Y
|-weather|SunnyDay|[from] ability: Drought|[of] p1a: Charizard
|move|p2a: Malamar|Protect|p2a: Malamar
|-singleturn|p2a: Malamar|Protect
|move|p2b: Sneasler|Dire Claw|p1a: Charizard
|-damage|p1a: Charizard|38/100
|-status|p1a: Charizard|par
|move|p1a: Charizard|Heat Wave|p2a: Malamar|[spread] p2b
|-activate|p2a: Malamar|move: Protect
|-damage|p2b: Sneasler|13/100
|move|p1b: Farigiraf|Thunderbolt|p2a: Malamar
|-activate|p2a: Malamar|move: Protect
|
|-weather|SunnyDay|[upkeep]
|upkeep
|turn|2
|
|t:|1783536019
|detailschange|p2a: Malamar|Malamar-Mega, L50, F
|-mega|p2a: Malamar|Malamar|Malamarite
|move|p1a: Charizard|Protect|p1a: Charizard
|-singleturn|p1a: Charizard|Protect
|move|p2b: Sneasler|Dire Claw|p1a: Charizard
|-activate|p1a: Charizard|move: Protect
|move|p2a: Malamar|Superpower|p1b: Farigiraf
|-damage|p1b: Farigiraf|59/100
|-boost|p2a: Malamar|atk|1
|-boost|p2a: Malamar|def|1
|move|p1b: Farigiraf|Trick Room|p1b: Farigiraf
|-fieldstart|move: Trick Room|[of] p1b: Farigiraf
|
|-weather|SunnyDay|[upkeep]
|upkeep
|turn|3
|
|t:|1783536034
|move|p2a: Malamar|Protect|p2a: Malamar
|-singleturn|p2a: Malamar|Protect
|move|p1b: Farigiraf|Thunderbolt|p2a: Malamar
|-activate|p2a: Malamar|move: Protect
|move|p1a: Charizard|Heat Wave|p2b: Sneasler|[spread] p2b
|-activate|p2a: Malamar|move: Protect
|-damage|p2b: Sneasler|0 fnt
|faint|p2b: Sneasler
|
|-weather|SunnyDay|[upkeep]
|upkeep
|
|t:|1783536041
|switch|p2b: Bastiodon|Bastiodon, L50, M|100/100
|turn|4
|
|t:|1783536051
|move|p1a: Charizard|Protect|p1a: Charizard
|-singleturn|p1a: Charizard|Protect
|move|p2b: Bastiodon|Rock Slide|p1b: Farigiraf|[spread] p1b
|-activate|p1a: Charizard|move: Protect
|-damage|p1b: Farigiraf|46/100
|move|p2a: Malamar|Superpower|p1b: Farigiraf
|-damage|p1b: Farigiraf|0 fnt
|-boost|p2a: Malamar|atk|1
|-boost|p2a: Malamar|def|1
|faint|p1b: Farigiraf
|
|-weather|SunnyDay|[upkeep]
|upkeep
|
|t:|1783536057
|switch|p1b: Sylveon|Sylveon, L50, F|100/100
|turn|5
|
|t:|1783536065
|move|p2a: Malamar|Protect|p2a: Malamar
|-singleturn|p2a: Malamar|Protect
|move|p2b: Bastiodon|Rock Slide|p1b: Sylveon|[spread] p1a
|-miss|p2b: Bastiodon|p1b: Sylveon
|-supereffective|p1a: Charizard|2
|-damage|p1a: Charizard|0 fnt
|faint|p1a: Charizard
|move|p1b: Sylveon|Hyper Voice|p2a: Malamar|[spread] p2b
|-activate|p2a: Malamar|move: Protect
|-resisted|p2b: Bastiodon|1
|-damage|p2b: Bastiodon|86/100
|
|-weather|none
|upkeep
|
|t:|1783536075
|switch|p1a: Kingambit|Kingambit, L50, M|100/100
|turn|6
|
|t:|1783536089
|move|p2b: Bastiodon|Wide Guard|p2b: Bastiodon
|-singleturn|p2b: Bastiodon|Wide Guard
|move|p1a: Kingambit|Kowtow Cleave|p2a: Malamar
|-damage|p2a: Malamar|70/100
|move|p1b: Sylveon|Hyper Voice|p2b: Bastiodon|[spread] 
|-activate|p2a: Malamar|move: Wide Guard
|-activate|p2b: Bastiodon|move: Wide Guard
|move|p2a: Malamar|Psycho Cut|p1b: Sylveon
|-damage|p1b: Sylveon|0 fnt
|faint|p1b: Sylveon
|
|-fieldend|move: Trick Room
|upkeep
|turn|7
|-message|Im_Neutro forfeited.
|
|win|the doctor rock
|raw|Im_Neutro's rating: 1111 → 1081(-30 for losing)
|raw|the doctor rock's rating: 1035 → 1077(+42 for winning)
|l|☆Im_Neutro
|player|p1|
