|j|☆tipoveneno
|j|☆barney7
|html|tipovenenobarney7    
|uhtml|bestof|Game 3 of a best-of-3
|t:|1756187134
|gametype|doubles
|player|p1|tipoveneno|2|1051
|player|p2|barney7|ltsurge|1063
|gen|9
|tier|[Gen 9] VGC 2025 Reg H (Bo3)
|rated|
|rule|Species Clause: Limit one of each Pokémon
|rule|Item Clause: Limit 1 of each item
|clearpoke
|poke|p1|Volcarona, L50, M|
|poke|p1|Electabuzz, L50, F|
|poke|p1|Kingambit, L50, F|
|poke|p1|Sneasler, L50, M|
|poke|p1|Dragonite, L50, F|
|poke|p1|Rillaboom, L50, F|
|poke|p2|Pelipper, L50, M|
|poke|p2|Archaludon, L50, M|
|poke|p2|Ursaluna, L50, M|
|poke|p2|Dusclops, L50, M|
|poke|p2|Basculegion, L50, M|
|poke|p2|Grimmsnarl, L50, M|
|teampreview|4
|showteam|p1|Volcarona||Leftovers|FlameBody|HeatWave,TeraBlast,QuiverDance,Protect|||M|||50|,,,,,Fairy]Electabuzz||Eviolite|VitalSpirit|Electroweb,FollowMe,Protect,Taunt|||F|||50|,,,,,Water]Kingambit||BlackGlasses|Defiant|KowtowCleave,SuckerPunch,SwordsDance,Protect|||F|||50|,,,,,Dark]Sneasler||FocusSash|Unburden|DireClaw,CloseCombat,Protect,Coaching|||M|||50|,,,,,Ghost]Dragonite||LoadedDice|Multiscale|ScaleShot,Tailwind,Protect,Haze|||F|||50|,,,,,Fairy]Rillaboom||AssaultVest|GrassySurge|GrassyGlide,WoodHammer,FakeOut,Uturn|||F|||50|,,,,,Fire
|showteam|p2|Pelipper||FocusSash|Drizzle|Protect,Hurricane,WeatherBall,Tailwind|||M|||50|,,,,,Ghost]Archaludon||AssaultVest|Stamina|ElectroShot,BodyPress,DracoMeteor,Snarl|||M|||50|,,,,,Grass]Ursaluna||FlameOrb|Guts|HeadlongRush,Protect,Earthquake,Facade|||M|||50|,,,,,Ghost]Dusclops||Eviolite|Frisk|Haze,WillOWisp,TrickRoom,PainSplit|||M|||50|,,,,,Grass]Basculegion||ChoiceBand|SwiftSwim|AquaJet,WaveCrash,FlipTurn,LastRespects|||M|||50|,,,,,Grass]Grimmsnarl||CovertCloak|Prankster|Taunt,PartingShot,ThunderWave,SpiritBreak|||M|||50|,,,,,Fire
|inactive|Battle timer is ON: inactive players will automatically lose when time's up. (requested by tipoveneno)
|inactive|barney7 has 60 seconds left.
|
|t:|1756187202
|teamsize|p1|4
|teamsize|p2|4
|start
|switch|p1a: Electabuzz|Electabuzz, L50, F|100/100
|switch|p1b: Kingambit|Kingambit, L50, F|100/100
|switch|p2a: Dusclops|Dusclops, L50, M|100/100
|switch|p2b: Grimmsnarl|Grimmsnarl, L50, M|100/100
|-item|p1a: Electabuzz|Eviolite|[from] ability: Frisk|[of] p2a: Dusclops
|-item|p1b: Kingambit|Black Glasses|[from] ability: Frisk|[of] p2a: Dusclops
|turn|1
|
|t:|1756187225
|move|p1a: Electabuzz|Follow Me|p1a: Electabuzz
|-singleturn|p1a: Electabuzz|move: Follow Me
|move|p2b: Grimmsnarl|Taunt|p1a: Electabuzz
|-start|p1a: Electabuzz|move: Taunt
|move|p1b: Kingambit|Kowtow Cleave|p2a: Dusclops
|-supereffective|p2a: Dusclops
|-damage|p2a: Dusclops|43/100
|move|p2a: Dusclops|Trick Room|p2a: Dusclops
|-fieldstart|move: Trick Room|[of] p2a: Dusclops
|
|upkeep
|turn|2
|inactive|tipoveneno has 30 seconds left.
|inactive|tipoveneno has 20 seconds left.
|inactive|tipoveneno has 15 seconds left.
|
|t:|1756187267
|switch|p2b: Ursaluna|Ursaluna, L50, M|100/100
|switch|p1a: Volcarona|Volcarona, L50, M|100/100
|move|p2a: Dusclops|Will-O-Wisp|p1b: Kingambit
|-status|p1b: Kingambit|brn
|move|p1b: Kingambit|Kowtow Cleave|p2b: Ursaluna
|-damage|p2b: Ursaluna|78/100
|
|-damage|p1b: Kingambit|95/100 brn|[from] brn
|-status|p2b: Ursaluna|brn|[from] item: Flame Orb
|upkeep
|turn|3
|inactive|tipoveneno has 30 seconds left.
|inactive|barney7 has 30 seconds left.
|inactive|tipoveneno has 20 seconds left.
|inactive|barney7 has 20 seconds left.
|inactive|barney7 has 15 seconds left.
|inactive|barney7 has 10 seconds left.
|inactive|tipoveneno has 15 seconds left.
|inactive|barney7 has 5 seconds left.
|
|t:|1756187320
|move|p1a: Volcarona|Protect|p1a: Volcarona
|-singleturn|p1a: Volcarona|Protect
|move|p1b: Kingambit|Sucker Punch|p2b: Ursaluna
|-damage|p2b: Ursaluna|59/100 brn
|move|p2a: Dusclops|Pain Split|p1b: Kingambit
|-sethp|p1b: Kingambit|63/100 brn|[from] move: Pain Split|[silent]
|-sethp|p2a: Dusclops|88/100|[from] move: Pain Split
|move|p2b: Ursaluna|Facade|p1a: Volcarona
|-activate|p1a: Volcarona|move: Protect
|
|-damage|p2b: Ursaluna|53/100 brn|[from] brn
|-damage|p1b: Kingambit|57/100 brn|[from] brn
|upkeep
|turn|4
|inactive|tipoveneno has 30 seconds left.
|inactive|tipoveneno has 20 seconds left.
|inactive|tipoveneno has 15 seconds left.
|
|t:|1756187360
|switch|p2a: Grimmsnarl|Grimmsnarl, L50, M|100/100
|-terastallize|p1a: Volcarona|Fairy
|move|p1b: Kingambit|Sucker Punch|p2b: Ursaluna
|-damage|p2b: Ursaluna|36/100 brn
|move|p2b: Ursaluna|Facade|p1a: Volcarona
|-damage|p1a: Volcarona|0 fnt
|faint|p1a: Volcarona
|
|-damage|p2b: Ursaluna|30/100 brn|[from] brn
|-damage|p1b: Kingambit|51/100 brn|[from] brn
|upkeep
|
|t:|1756187377
|switch|p1a: Sneasler|Sneasler, L50, M|100/100
|turn|5
|
|t:|1756187391
|move|p1a: Sneasler|Protect|p1a: Sneasler
|-singleturn|p1a: Sneasler|Protect
|move|p1b: Kingambit|Sucker Punch|p2b: Ursaluna
|-damage|p2b: Ursaluna|13/100 brn
|move|p2a: Grimmsnarl|Parting Shot|p1a: Sneasler
|-activate|p1a: Sneasler|move: Protect
|move|p2b: Ursaluna|Facade|p1b: Kingambit
|-resisted|p1b: Kingambit
|-damage|p1b: Kingambit|1/100 brn
|
|-damage|p2b: Ursaluna|7/100 brn|[from] brn
|-damage|p1b: Kingambit|0 fnt|[from] brn
|faint|p1b: Kingambit
|-fieldend|move: Trick Room
|upkeep
|
|t:|1756187405
|switch|p1b: Electabuzz|Electabuzz, L50, F|100/100
|turn|6
|inactive|tipoveneno has 30 seconds left.
|
|t:|1756187438
|move|p2a: Grimmsnarl|Taunt|p1b: Electabuzz
|-start|p1b: Electabuzz|move: Taunt
|move|p1b: Electabuzz|Electroweb|p2a: Grimmsnarl|[spread] p2a
|-immune|p2b: Ursaluna
|-damage|p2a: Grimmsnarl|90/100
|move|p1a: Sneasler|Dire Claw|p2a: Grimmsnarl
|-supereffective|p2a: Grimmsnarl
|-damage|p2a: Grimmsnarl|0 fnt
|faint|p2a: Grimmsnarl
|move|p2b: Ursaluna|Earthquake|p1b: Electabuzz|[spread] p1a,p1b
|-supereffective|p1a: Sneasler
|-supereffective|p1b: Electabuzz
|-enditem|p1a: Sneasler|Focus Sash
|-damage|p1a: Sneasler|1/100
|-damage|p1b: Electabuzz|0 fnt
|faint|p1b: Electabuzz
|
|-damage|p2b: Ursaluna|1/100 brn|[from] brn
|upkeep
|
|t:|1756187448
|switch|p2a: Dusclops|Dusclops, L50, M|88/100
|turn|7
|inactive|tipoveneno has 30 seconds left.
|inactive|tipoveneno has 20 seconds left.
|
|t:|1756187484
|move|p1a: Sneasler|Dire Claw|p2a: Dusclops
|-resisted|p2a: Dusclops
|-damage|p2a: Dusclops|77/100
|-status|p2a: Dusclops|par
|move|p2b: Ursaluna|Facade|p1a: Sneasler
|-damage|p1a: Sneasler|0 fnt
|faint|p1a: Sneasler
|
|win|barney7
|raw|tipoveneno's rating: 1051 → 1034(-17 for losing)
|raw|barney7's rating: 1063 → 1092(+29 for winning)
|l|☆barney7
|player|p2|
