|j|☆noka47
|j|☆sogreenitslime
|html|noka47sogreenitslime    
|uhtml|bestof|Game 2 of a best-of-3
|t:|1785075665
|gametype|doubles
|player|p1|noka47|102|1231
|player|p2|sogreenitslime|pokemaniac|1297
|gen|9
|tier|[Gen 9 Champions] VGC 2026 Reg M-B (Bo3)
|rated|
|rule|Species Clause: Limit one of each Pokémon
|rule|Item Clause: Limit 1 of each item
|clearpoke
|poke|p1|Gengar, L50, M|
|poke|p1|Altaria, L50, F|
|poke|p1|Maushold, L50|
|poke|p1|Incineroar, L50, F|
|poke|p1|Tinkaton, L50, F|
|poke|p1|Kingambit, L50, M|
|poke|p2|Tyranitar, L50, F|
|poke|p2|Excadrill, L50, F|
|poke|p2|Milotic, L50, M|
|poke|p2|Sinistcha, L50|
|poke|p2|Staraptor, L50, M|
|poke|p2|Gholdengo, L50|
|teampreview|4
|showteam|p1|Gengar||Gengarite|CursedBody|ShadowBall,PerishSong,Disable,Protect|Timid||M|||50|]Altaria||Leftovers|CloudNine|FireSpin,PerishSong,WillOWisp,Protect|Calm||F|||50|]Maushold||ChopleBerry|FriendGuard|Uturn,Encore,FollowMe,Protect|Jolly|||||50|]Incineroar||PasshoBerry|Intimidate|ThroatChop,PartingShot,FakeOut,Protect|Careful||F|||50|]Tinkaton||ShucaBerry|MoldBreaker|GigatonHammer,Encore,FakeOut,Protect|Jolly||F|||50|]Kingambit||BlackGlasses|Defiant|KowtowCleave,SuckerPunch,SwordsDance,Protect|Adamant||M|||50|
|showteam|p2|Tyranitar||Tyranitarite|SandStream|KnockOff,RockSlide,HighHorsepower,Protect|Jolly||F|||50|]Excadrill||FocusSash|SandRush|Earthquake,IronHead,RockSlide,Protect|Adamant||F|||50|]Milotic||SitrusBerry|Competitive|Scald,IcyWind,Haze,Protect|Calm||M|||50|]Sinistcha||ColburBerry|Hospitality|MatchaGotcha,ShadowBall,Protect,RagePowder|Bold|||||50|]Staraptor||Staraptite|Intimidate|CloseCombat,BraveBird,Tailwind,Protect|Jolly||M|||50|]Gholdengo||LifeOrb|GoodasGold|MakeItRain,ShadowBall,NastyPlot,Protect|Modest|||||50|
|inactive|Battle timer is ON: inactive players will automatically lose when time's up. (requested by noka47)
|
|t:|1785075707
|teamsize|p1|4
|teamsize|p2|4
|start
|switch|p1a: Gengar|Gengar, L50, M|100/100
|switch|p1b: Incineroar|Incineroar, L50, F|100/100
|switch|p2a: Sinistcha|Sinistcha, L50|100/100
|switch|p2b: Gholdengo|Gholdengo, L50|100/100
|-ability|p1b: Incineroar|Intimidate|boost
|-unboost|p2a: Sinistcha|atk|1
|-unboost|p2b: Gholdengo|atk|1
|turn|1
|inactive|noka47 has 30 seconds left.
|
|t:|1785075732
|detailschange|p1a: Gengar|Gengar-Mega, L50, M
|-mega|p1a: Gengar|Gengar|Gengarite
|move|p1a: Gengar|Protect|p1a: Gengar
|-singleturn|p1a: Gengar|Protect
|move|p2b: Gholdengo|Shadow Ball|p1a: Gengar
|-activate|p1a: Gengar|move: Protect
|move|p1b: Incineroar|Throat Chop|p2b: Gholdengo
|-supereffective|p2b: Gholdengo|1
|-crit|p2b: Gholdengo
|-damage|p2b: Gholdengo|16/100
|-start|p2b: Gholdengo|Throat Chop|[silent]
|move|p2a: Sinistcha|Shadow Ball|p1a: Gengar
|-activate|p1a: Gengar|move: Protect
|
|upkeep
|turn|2
|
|t:|1785075754
|switch|p1a: Kingambit|Kingambit, L50, M|100/100
|move|p2a: Sinistcha|Rage Powder|p2a: Sinistcha
|-singleturn|p2a: Sinistcha|move: Rage Powder
|move|p2b: Gholdengo|Shadow Ball|p1a: Kingambit
|-resisted|p1a: Kingambit|1
|-damage|p1a: Kingambit|75/100
|-damage|p2b: Gholdengo|6/100|[from] item: Life Orb
|move|p1b: Incineroar|Throat Chop|p2a: Sinistcha
|-supereffective|p2a: Sinistcha|1
|-enditem|p2a: Sinistcha|Colbur Berry|[eat]
|-enditem|p2a: Sinistcha|Colbur Berry|[weaken]
|-damage|p2a: Sinistcha|75/100
|-start|p2a: Sinistcha|Throat Chop|[silent]
|
|-end|p2b: Gholdengo|Throat Chop|[silent]
|upkeep
|turn|3
|
|t:|1785075775
|move|p2b: Gholdengo|Nasty Plot|p2b: Gholdengo
|-boost|p2b: Gholdengo|spa|2
|move|p1b: Incineroar|Throat Chop|p2b: Gholdengo
|-supereffective|p2b: Gholdengo|1
|-damage|p2b: Gholdengo|0 fnt
|faint|p2b: Gholdengo
|move|p2a: Sinistcha|Matcha Gotcha|p1b: Incineroar|[spread] p1a,p1b
|-resisted|p1a: Kingambit|1
|-resisted|p1b: Incineroar|1
|-damage|p1a: Kingambit|62/100
|-heal|p2a: Sinistcha|82/100|[from] drain|[of] p1a: Kingambit
|-damage|p1b: Incineroar|89/100
|-heal|p2a: Sinistcha|89/100|[from] drain|[of] p1b: Incineroar
|move|p1a: Kingambit|Swords Dance|p1a: Kingambit
|-boost|p1a: Kingambit|atk|2
|
|-end|p2a: Sinistcha|Throat Chop|[silent]
|upkeep
|
|t:|1785075793
|switch|p2b: Tyranitar|Tyranitar, L50, F|100/100
|-weather|Sandstorm|[from] ability: Sand Stream|[of] p2b: Tyranitar
|turn|4
|
|t:|1785075806
|move|p1a: Kingambit|Protect|p1a: Kingambit
|-singleturn|p1a: Kingambit|Protect
|move|p2b: Tyranitar|High Horsepower|p1a: Kingambit
|-activate|p1a: Kingambit|move: Protect
|move|p1b: Incineroar|Parting Shot|p2b: Tyranitar
|-unboost|p2b: Tyranitar|atk|1
|-unboost|p2b: Tyranitar|spa|1
|
|t:|1785075813
|switch|p1b: Tinkaton|Tinkaton, L50, F|100/100|[from] Parting Shot
|-ability|p1b: Tinkaton|Mold Breaker
|move|p2a: Sinistcha|Matcha Gotcha|p1a: Kingambit|[spread] p1b
|-activate|p1a: Kingambit|move: Protect
|-resisted|p1b: Tinkaton|1
|-crit|p1b: Tinkaton
|-damage|p1b: Tinkaton|84/100
|-heal|p2a: Sinistcha|97/100|[from] drain|[of] p1b: Tinkaton
|
|-weather|Sandstorm|[upkeep]
|-damage|p2a: Sinistcha|92/100|[from] Sandstorm
|upkeep
|turn|5
|
|t:|1785075832
|move|p1b: Tinkaton|Fake Out|p2b: Tyranitar
|-resisted|p2b: Tyranitar|1
|-damage|p2b: Tyranitar|96/100
|cant|p2b: Tyranitar|flinch
|move|p2a: Sinistcha|Matcha Gotcha|p1b: Tinkaton|[spread] p1a,p1b
|-resisted|p1a: Kingambit|1
|-resisted|p1b: Tinkaton|1
|-damage|p1a: Kingambit|49/100
|-heal|p2a: Sinistcha|100/100|[from] drain|[of] p1a: Kingambit
|-damage|p1b: Tinkaton|75/100
|-status|p1b: Tinkaton|brn
|move|p1a: Kingambit|Kowtow Cleave|p2a: Sinistcha
|-supereffective|p2a: Sinistcha|1
|-damage|p2a: Sinistcha|0 fnt
|faint|p2a: Sinistcha
|
|-weather|Sandstorm|[upkeep]
|-damage|p1b: Tinkaton|68/100 brn|[from] brn
|upkeep
|
|t:|1785075849
|switch|p2a: Staraptor|Staraptor, L50, M|100/100
|-ability|p2a: Staraptor|Intimidate|boost
|-unboost|p1a: Kingambit|atk|1
|-ability|p1a: Kingambit|Defiant|boost
|-boost|p1a: Kingambit|atk|2
|-unboost|p1b: Tinkaton|atk|1
|turn|6
|
|t:|1785075873
|switch|p1b: Incineroar|Incineroar, L50, F|89/100
|-ability|p1b: Incineroar|Intimidate|boost
|-unboost|p2a: Staraptor|atk|1
|-unboost|p2b: Tyranitar|atk|1
|detailschange|p2a: Staraptor|Staraptor-Mega, L50, M
|-mega|p2a: Staraptor|Staraptor|Staraptite
|move|p1a: Kingambit|Protect|p1a: Kingambit
|-singleturn|p1a: Kingambit|Protect
|move|p2a: Staraptor|Close Combat|p1a: Kingambit
|-activate|p1a: Kingambit|move: Protect
|move|p2b: Tyranitar|High Horsepower|p1a: Kingambit
|-activate|p1a: Kingambit|move: Protect
|
|-weather|Sandstorm|[upkeep]
|-damage|p2a: Staraptor|94/100|[from] Sandstorm
|-damage|p1b: Incineroar|83/100|[from] Sandstorm
|upkeep
|turn|7
|inactive|noka47 has 30 seconds left.
|
|t:|1785075899
|move|p2a: Staraptor|Protect|p2a: Staraptor
|-singleturn|p2a: Staraptor|Protect
|move|p1b: Incineroar|Fake Out|p2a: Staraptor
|-activate|p2a: Staraptor|move: Protect
|move|p2b: Tyranitar|High Horsepower|p1a: Kingambit
|-supereffective|p1a: Kingambit|1
|-damage|p1a: Kingambit|24/100
|move|p1a: Kingambit|Kowtow Cleave|p2a: Staraptor
|-activate|p2a: Staraptor|move: Protect
|
|-weather|Sandstorm|[upkeep]
|-damage|p2a: Staraptor|88/100|[from] Sandstorm
|-damage|p1b: Incineroar|77/100|[from] Sandstorm
|upkeep
|turn|8
|
|t:|1785075919
|move|p1a: Kingambit|Sucker Punch|p2a: Staraptor
|-resisted|p2a: Staraptor|1
|-damage|p2a: Staraptor|30/100
|move|p2a: Staraptor|Close Combat|p1a: Kingambit
|-supereffective|p1a: Kingambit|2
|-damage|p1a: Kingambit|0 fnt
|-boost|p2a: Staraptor|def|1
|-boost|p2a: Staraptor|spd|1
|faint|p1a: Kingambit
|move|p2b: Tyranitar|Knock Off|p1b: Incineroar
|-resisted|p1b: Incineroar|1
|-damage|p1b: Incineroar|66/100
|-enditem|p1b: Incineroar|Passho Berry|[from] move: Knock Off|[of] p2b: Tyranitar
|move|p1b: Incineroar|Parting Shot|p2b: Tyranitar
|-unboost|p2b: Tyranitar|atk|1
|-unboost|p2b: Tyranitar|spa|1
|
|t:|1785075933
|switch|p1b: Gengar|Gengar-Mega, L50, M|100/100|[from] Parting Shot
|
|-weather|none
|upkeep
|
|t:|1785075936
|switch|p1a: Tinkaton|Tinkaton, L50, F|68/100 brn
|-ability|p1a: Tinkaton|Mold Breaker
|turn|9
|
|t:|1785075945
|move|p1a: Tinkaton|Fake Out|p2a: Staraptor
|-damage|p2a: Staraptor|27/100
|move|p1b: Gengar|Perish Song|p1b: Gengar
|-start|p1a: Tinkaton|perish3|[silent]
|-start|p1b: Gengar|perish3|[silent]
|-start|p2a: Staraptor|perish3|[silent]
|-start|p2b: Tyranitar|perish3|[silent]
|-fieldactivate|move: Perish Song
|cant|p2a: Staraptor|flinch
|move|p2b: Tyranitar|High Horsepower|p1b: Gengar
|-supereffective|p1b: Gengar|1
|-damage|p1b: Gengar|56/100
|
|-damage|p1a: Tinkaton|62/100 brn|[from] brn
|-start|p1b: Gengar|perish3
|-start|p2a: Staraptor|perish3
|-start|p1a: Tinkaton|perish3
|-start|p2b: Tyranitar|perish3
|upkeep
|turn|10
|
|t:|1785075963
|move|p1b: Gengar|Protect|p1b: Gengar
|-singleturn|p1b: Gengar|Protect
|move|p1a: Tinkaton|Protect|p1a: Tinkaton
|-singleturn|p1a: Tinkaton|Protect
|move|p2a: Staraptor|Close Combat|p1a: Tinkaton
|-activate|p1a: Tinkaton|move: Protect
|move|p2b: Tyranitar|High Horsepower|p1b: Gengar
|-activate|p1b: Gengar|move: Protect
|
|-damage|p1a: Tinkaton|56/100 brn|[from] brn
|-start|p1b: Gengar|perish2
|-start|p2a: Staraptor|perish2
|-start|p1a: Tinkaton|perish2
|-start|p2b: Tyranitar|perish2
|upkeep
|turn|11
|
|t:|1785075984
|move|p1b: Gengar|Disable|p2a: Staraptor
|-start|p2a: Staraptor|Disable|Close Combat
|move|p2a: Staraptor|Brave Bird|p1b: Gengar
|-damage|p1b: Gengar|0 fnt
|faint|p1b: Gengar
|-damage|p2a: Staraptor|14/100|[from] Recoil
|move|p1a: Tinkaton|Encore|p2a: Staraptor
|-start|p2a: Staraptor|Encore
|move|p2b: Tyranitar|High Horsepower|p1a: Tinkaton
|-supereffective|p1a: Tinkaton|1
|-enditem|p1a: Tinkaton|Shuca Berry|[eat]
|-enditem|p1a: Tinkaton|Shuca Berry|[weaken]
|-damage|p1a: Tinkaton|42/100 brn
|
|-damage|p1a: Tinkaton|35/100 brn|[from] brn
|-start|p2a: Staraptor|perish1
|-start|p1a: Tinkaton|perish1
|-start|p2b: Tyranitar|perish1
|upkeep
|
|t:|1785076001
|switch|p1b: Incineroar|Incineroar, L50, F|66/100
|-ability|p1b: Incineroar|Intimidate|boost
|-boost|p2a: Staraptor|atk|1
|-unboost|p2b: Tyranitar|atk|1
|turn|12
|
|t:|1785076009
|move|p1a: Tinkaton|Protect|p1a: Tinkaton
|-singleturn|p1a: Tinkaton|Protect
|move|p1b: Incineroar|Protect|p1b: Incineroar
|-singleturn|p1b: Incineroar|Protect
|move|p2a: Staraptor|Brave Bird|p1b: Incineroar
|-activate|p1b: Incineroar|move: Protect
|move|p2b: Tyranitar|Rock Slide|p1b: Incineroar|[spread] 
|-activate|p1a: Tinkaton|move: Protect
|-activate|p1b: Incineroar|move: Protect
|
|-damage|p1a: Tinkaton|29/100 brn|[from] brn
|-start|p2a: Staraptor|perish0
|-start|p1a: Tinkaton|perish0
|-start|p2b: Tyranitar|perish0
|faint|p2a: Staraptor
|faint|p1a: Tinkaton
|faint|p2b: Tyranitar
|
|win|noka47
||noka47 is ready for game 3.
|inactive|sogreenitslime has 30 seconds to confirm battle start!
||sogreenitslime is ready for game 3.
|uhtml|next|Next: Game 3 of 3
|l|☆noka47
|player|p1|
