|j|☆Hokore
|j|☆bascisdozo
|html|Hokorebascisdozo    
|uhtml|bestof|Game 3 of a best-of-3
|t:|1756296836
|gametype|doubles
|player|p1|Hokore|veteran|1001
|player|p2|bascisdozo|169|1040
|gen|9
|tier|[Gen 9] VGC 2025 Reg H (Bo3)
|rated|
|rule|Species Clause: Limit one of each Pokémon
|rule|Item Clause: Limit 1 of each item
|clearpoke
|poke|p1|Dragapult, L50, F|
|poke|p1|Sneasler, L50, M|
|poke|p1|Jumpluff, L50, M|
|poke|p1|Meowscarada, L50, F|
|poke|p1|Incineroar, L50, M|
|poke|p1|Gholdengo, L50|
|poke|p2|Whimsicott, L50, F|
|poke|p2|Gholdengo, L50|
|poke|p2|Pelipper, L50, M|
|poke|p2|Archaludon, L50, M|
|poke|p2|Basculegion, L50, M|
|poke|p2|Dragonite, L50, F|
|teampreview|4
|showteam|p1|Dragapult||SafetyGoggles|ClearBody|Flamethrower,Uturn,Thunderbolt,ShadowBall|||F|||50|,,,,,Steel]Sneasler||NormalGem|Unburden|DireClaw,FakeOut,CloseCombat,ShadowClaw|||M|||50|,,,,,Poison]Jumpluff||FocusSash|Chlorophyll|SleepPowder,RagePowder,PollenPuff,Tailwind|||M|||50|,,,,,Grass]Meowscarada||BlackGlasses|Protean|FlowerTrick,SuckerPunch,Uturn,KnockOff|||F|||50|,,,,,Grass]Incineroar||SitrusBerry|Intimidate|FakeOut,FlareBlitz,KnockOff,Uturn|||M|||50|,,,,,Water]Gholdengo||Leftovers|GoodasGold|DazzlingGleam,Hex,ThunderWave,Recover||||||50|,,,,,Steel
|showteam|p2|Whimsicott||CovertCloak|Prankster|Moonblast,Taunt,FakeTears,Tailwind|||F|||50|,,,,,Steel]Gholdengo||SitrusBerry|GoodasGold|MakeItRain,ShadowBall,NastyPlot,Protect||||||50|,,,,,Water]Pelipper||FocusSash|Drizzle|WeatherBall,Hurricane,MuddyWater,WideGuard|||M|||50|,,,,,Ground]Archaludon||AssaultVest|Sturdy|ElectroShot,DracoMeteor,FlashCannon,Snarl|||M|||50|,,,,,Grass]Basculegion||LifeOrb|Adaptability|Liquidation,LastRespects,AquaJet,Protect|||M|||50|,,,,,Ghost]Dragonite||LoadedDice|Multiscale|ScaleShot,Haze,Encore,Protect|||F|||50|,,,,,Steel
|inactive|Battle timer is ON: inactive players will automatically lose when time's up. (requested by bascisdozo)
|
|t:|1756296879
|teamsize|p1|4
|teamsize|p2|4
|start
|switch|p1a: Sneasler|Sneasler, L50, M|100/100
|switch|p1b: Dragapult|Dragapult, L50, F|100/100
|switch|p2a: Whimsicott|Whimsicott, L50, F|100/100
|switch|p2b: Gholdengo|Gholdengo, L50|100/100
|turn|1
|inactive|Hokore has 30 seconds left.
|inactive|bascisdozo has 30 seconds left.
|inactive|Hokore has 20 seconds left.
|inactive|Hokore has 15 seconds left.
|
|t:|1756296920
|switch|p2b: Pelipper|Pelipper, L50, M|100/100
|-weather|RainDance|[from] ability: Drizzle|[of] p2b: Pelipper
|-terastallize|p1b: Dragapult|Steel
|-terastallize|p2a: Whimsicott|Steel
|move|p1b: Dragapult|Thunderbolt|p2b: Pelipper
|-supereffective|p2b: Pelipper
|-enditem|p2b: Pelipper|Focus Sash
|-damage|p2b: Pelipper|1/100
|move|p1a: Sneasler|Dire Claw|p2a: Whimsicott
|-immune|p2a: Whimsicott
|move|p2a: Whimsicott|Moonblast|p1b: Dragapult
|-resisted|p1b: Dragapult
|-damage|p1b: Dragapult|82/100
|
|-weather|RainDance|[upkeep]
|upkeep
|turn|2
|inactive|Hokore has 30 seconds left.
|inactive|bascisdozo has 30 seconds left.
|
|t:|1756296949
|move|p2a: Whimsicott|Tailwind|p2a: Whimsicott
|-sidestart|p2: bascisdozo|move: Tailwind
|move|p2b: Pelipper|Hurricane|p1a: Sneasler
|-supereffective|p1a: Sneasler
|-crit|p1a: Sneasler
|-damage|p1a: Sneasler|0 fnt
|faint|p1a: Sneasler
|move|p1b: Dragapult|Flamethrower|p2a: Whimsicott
|-supereffective|p2a: Whimsicott
|-damage|p2a: Whimsicott|65/100
|
|-weather|RainDance|[upkeep]
|upkeep
|
|t:|1756296961
|switch|p1a: Meowscarada|Meowscarada, L50, F|100/100
|turn|3
|
|t:|1756296978
|move|p1a: Meowscarada|Sucker Punch|p2b: Pelipper
|-start|p1a: Meowscarada|typechange|Dark|[from] ability: Protean
|-damage|p2b: Pelipper|0 fnt
|faint|p2b: Pelipper
|move|p2a: Whimsicott|Moonblast|p1a: Meowscarada
|-supereffective|p1a: Meowscarada
|-damage|p1a: Meowscarada|18/100
|-unboost|p1a: Meowscarada|spa|1
|move|p1b: Dragapult|Flamethrower|p2a: Whimsicott
|-supereffective|p2a: Whimsicott
|-damage|p2a: Whimsicott|29/100
|
|-weather|RainDance|[upkeep]
|upkeep
|
|t:|1756296990
|switch|p2b: Gholdengo|Gholdengo, L50|100/100
|turn|4
|
|t:|1756297011
|move|p1a: Meowscarada|Sucker Punch|p2a: Whimsicott
|-crit|p2a: Whimsicott
|-damage|p2a: Whimsicott|0 fnt
|faint|p2a: Whimsicott
|move|p2b: Gholdengo|Nasty Plot|p2b: Gholdengo
|-boost|p2b: Gholdengo|spa|2
|move|p1b: Dragapult|Shadow Ball|p2b: Gholdengo
|-supereffective|p2b: Gholdengo
|-damage|p2b: Gholdengo|35/100
|-unboost|p2b: Gholdengo|spd|1
|-enditem|p2b: Gholdengo|Sitrus Berry|[eat]
|-heal|p2b: Gholdengo|59/100|[from] item: Sitrus Berry
|
|-weather|RainDance|[upkeep]
|upkeep
|
|t:|1756297023
|switch|p2a: Basculegion|Basculegion, L50, M|100/100
|turn|5
|
|t:|1756297041
|move|p2b: Gholdengo|Protect|p2b: Gholdengo
|-singleturn|p2b: Gholdengo|Protect
|move|p2a: Basculegion|Aqua Jet|p1a: Meowscarada
|-damage|p1a: Meowscarada|0 fnt
|faint|p1a: Meowscarada
|-damage|p2a: Basculegion|91/100|[from] item: Life Orb
|move|p1b: Dragapult|Shadow Ball|p2b: Gholdengo
|-activate|p2b: Gholdengo|move: Protect
|
|-weather|none
|-sideend|p2: bascisdozo|move: Tailwind
|upkeep
|
|t:|1756297054
|switch|p1a: Gholdengo|Gholdengo, L50|100/100
|turn|6
|inactive|Hokore has 30 seconds left.
|inactive|bascisdozo has 30 seconds left.
|
|t:|1756297083
|move|p1b: Dragapult|Shadow Ball|p2b: Gholdengo
|-supereffective|p2b: Gholdengo
|-damage|p2b: Gholdengo|0 fnt
|faint|p2b: Gholdengo
|move|p2a: Basculegion|Last Respects|p1b: Dragapult
|-damage|p1b: Dragapult|0 fnt
|faint|p1b: Dragapult
|-damage|p2a: Basculegion|81/100|[from] item: Life Orb
|move|p1a: Gholdengo|Thunder Wave|p2a: Basculegion
|-status|p2a: Basculegion|par
|
|upkeep
|turn|7
|
|t:|1756297099
|move|p1a: Gholdengo|Hex|p2a: Basculegion
|-supereffective|p2a: Basculegion
|-damage|p2a: Basculegion|0 fnt
|faint|p2a: Basculegion
|
|win|Hokore
|raw|Hokore's rating: 1001 → 1045(+44 for winning)
|raw|bascisdozo's rating: 1040 → 1022(-18 for losing)
|l|☆bascisdozo
|player|p2|
