|j|☆syry.exe
|j|☆OhNoValentine
|html|syry.exeOhNoValentine    
|uhtml|bestof|Game 1 of a best-of-3
|t:|1756995967
|gametype|doubles
|player|p1|syry.exe|101|1111
|player|p2|OhNoValentine|170|1266
|gen|9
|tier|[Gen 9] VGC 2025 Reg H (Bo3)
|rated|
|rule|Species Clause: Limit one of each Pokémon
|rule|Item Clause: Limit 1 of each item
|clearpoke
|poke|p1|Tatsugiri, L50, M|
|poke|p1|Dondozo, L50, F|
|poke|p1|Incineroar, L50, M|
|poke|p1|Rillaboom, L50, F|
|poke|p1|Glimmora, L50, F|
|poke|p1|Sneasler, L50, M|
|poke|p2|Rillaboom, L50, F|
|poke|p2|Sneasler, L50, F|
|poke|p2|Gholdengo, L50|
|poke|p2|Ursaluna, L50, M|
|poke|p2|Dragonite, L50, F|
|poke|p2|Annihilape, L50, M|
|teampreview|4
|showteam|p1|Tatsugiri||ChoiceScarf|Commander|IcyWind,DracoMeteor,MuddyWater,Taunt|||M|||50|,,,,,Dragon]Dondozo||Leftovers|Unaware|WaveCrash,OrderUp,Protect,Substitute|||F|||50|,,,,,Steel]Incineroar||SafetyGoggles|Intimidate|FlareBlitz,KnockOff,PartingShot,FakeOut|||M|||50|,,,,,Ghost]Rillaboom||AssaultVest|GrassySurge|WoodHammer,GrassyGlide,FakeOut,Uturn|||F|||50|,,,,,Fire]Glimmora||PowerHerb|ToxicDebris|MeteorBeam,SpikyShield,SludgeBomb,EarthPower|||F|||50|,,,,,Grass]Sneasler||FocusSash|Unburden|CloseCombat,FakeOut,DireClaw,Taunt|||M|||50|,,,,,Stellar
|showteam|p2|Rillaboom||AssaultVest|GrassySurge|FakeOut,WoodHammer,Uturn,GrassyGlide|||F|||50|,,,,,Fire]Sneasler||GrassySeed|Unburden|Protect,CloseCombat,DireClaw,ThroatChop|||F|||50|,,,,,Dark]Gholdengo||LifeOrb|GoodasGold|MakeItRain,ShadowBall,NastyPlot,Protect||||||50|,,,,,Water]Ursaluna||FlameOrb|Guts|Protect,HeadlongRush,Earthquake,Facade|||M|||50|,,,,,Ghost]Dragonite||LoadedDice|Multiscale|Protect,Tailwind,Haze,ScaleShot|||F|||50|,,,,,Steel]Annihilape||SafetyGoggles|Defiant|RageFist,DrainPunch,Protect,BulkUp|||M|||50|,,,,,Fire
|
|t:|1756996002
|teamsize|p1|4
|teamsize|p2|4
|start
|switch|p1a: Glimmora|Glimmora, L50, F|100/100
|switch|p1b: Sneasler|Sneasler, L50, M|100/100
|switch|p2a: Gholdengo|Gholdengo, L50, shiny|100/100
|switch|p2b: Annihilape|Annihilape, L50, M|100/100
|turn|1
|inactive|Battle timer is ON: inactive players will automatically lose when time's up. (requested by syry.exe)
|
|t:|1756996030
|move|p1a: Glimmora|Spiky Shield|p1a: Glimmora
|-singleturn|p1a: Glimmora|move: Protect
|move|p2a: Gholdengo|Protect|p2a: Gholdengo
|-singleturn|p2a: Gholdengo|Protect
|move|p2b: Annihilape|Protect|p2b: Annihilape
|-singleturn|p2b: Annihilape|Protect
|move|p1b: Sneasler|Taunt|p2b: Annihilape
|-activate|p2b: Annihilape|move: Protect
|
|upkeep
|turn|2
|inactive|syry.exe has 30 seconds left.
|
|t:|1756996058
|switch|p1b: Dondozo|Dondozo, L50, F|100/100
|switch|p1a: Tatsugiri|Tatsugiri, L50, M|100/100
|-activate|p1a: Tatsugiri|ability: Commander|[of] p1b: Dondozo
|-boost|p1b: Dondozo|atk|2
|-boost|p1b: Dondozo|spa|2
|-boost|p1b: Dondozo|spe|2
|-boost|p1b: Dondozo|def|2
|-boost|p1b: Dondozo|spd|2
|-terastallize|p2a: Gholdengo|Water
|move|p2a: Gholdengo|Make It Rain|p1b: Dondozo|[spread] p1b
|-miss|p2a: Gholdengo|p1a: Tatsugiri
|-resisted|p1b: Dondozo
|-damage|p1b: Dondozo|90/100
|-unboost|p2a: Gholdengo|spa|1
|-damage|p2a: Gholdengo|91/100|[from] item: Life Orb
|move|p2b: Annihilape|Rage Fist|p1b: Dondozo
|-damage|p1b: Dondozo|83/100
|
|-heal|p1b: Dondozo|90/100|[from] item: Leftovers
|upkeep
|turn|3
|
|t:|1756996082
|switch|p2a: Rillaboom|Rillaboom, L50, F|100/100
|-fieldstart|move: Grassy Terrain|[from] ability: Grassy Surge|[of] p2a: Rillaboom
|switch|p2b: Dragonite|Dragonite, L50, F|100/100
|move|p1b: Dondozo|Substitute|p1b: Dondozo
|-start|p1b: Dondozo|Substitute
|-damage|p1b: Dondozo|65/100
|
|-heal|p1b: Dondozo|71/100|[from] Grassy Terrain
|-heal|p1b: Dondozo|77/100|[from] item: Leftovers
|upkeep
|turn|4
|
|t:|1756996096
|move|p1b: Dondozo|Protect|p1b: Dondozo
|-singleturn|p1b: Dondozo|Protect
|move|p2b: Dragonite|Haze|p2b: Dragonite
|-clearallboost
|move|p2a: Rillaboom|Wood Hammer|p1b: Dondozo
|-activate|p1b: Dondozo|move: Protect
|
|-heal|p1b: Dondozo|83/100|[from] Grassy Terrain
|-heal|p1b: Dondozo|90/100|[from] item: Leftovers
|upkeep
|turn|5
|
|t:|1756996111
|move|p2b: Dragonite|Protect|p2b: Dragonite
|-singleturn|p2b: Dragonite|Protect
|move|p2a: Rillaboom|U-turn|p1b: Dondozo
|-activate|p1b: Dondozo|move: Substitute|[damage]
|
|t:|1756996115
|switch|p2a: Annihilape|Annihilape, L50, M|100/100|[from] U-turn
|move|p1b: Dondozo|Order Up|p2b: Dragonite
|-activate|p2b: Dragonite|move: Protect
|
|-heal|p1b: Dondozo|96/100|[from] Grassy Terrain
|-heal|p1b: Dondozo|100/100|[from] item: Leftovers
|upkeep
|turn|6
|
|t:|1756996124
|move|p2a: Annihilape|Drain Punch|p1b: Dondozo
|-end|p1b: Dondozo|Substitute
|move|p2b: Dragonite|Scale Shot|p1b: Dondozo
|-damage|p1b: Dondozo|91/100
|-damage|p1b: Dondozo|82/100
|-damage|p1b: Dondozo|73/100
|-damage|p1b: Dondozo|64/100
|-damage|p1b: Dondozo|55/100
|-hitcount|p1b: Dondozo|5
|-unboost|p2b: Dragonite|def|1
|-boost|p2b: Dragonite|spe|1
|move|p1b: Dondozo|Order Up|p2b: Dragonite
|-supereffective|p2b: Dragonite
|-damage|p2b: Dragonite|77/100
|-boost|p1b: Dondozo|atk|1
|
|-heal|p1b: Dondozo|61/100|[from] Grassy Terrain
|-heal|p1b: Dondozo|67/100|[from] item: Leftovers
|upkeep
|turn|7
|
|t:|1756996144
|move|p2b: Dragonite|Tailwind|p2b: Dragonite
|-sidestart|p2: OhNoValentine|move: Tailwind
|move|p2a: Annihilape|Drain Punch|p1b: Dondozo
|-crit|p1b: Dondozo
|-damage|p1b: Dondozo|36/100
|move|p1b: Dondozo|Order Up|p2b: Dragonite
|-supereffective|p2b: Dragonite
|-damage|p2b: Dragonite|10/100
|-boost|p1b: Dondozo|atk|1
|
|-heal|p1b: Dondozo|42/100|[from] Grassy Terrain
|-heal|p1b: Dondozo|48/100|[from] item: Leftovers
|-fieldend|move: Grassy Terrain
|upkeep
|turn|8
|
|t:|1756996152
|move|p1b: Dondozo|Protect|p1b: Dondozo
|-singleturn|p1b: Dondozo|Protect
|move|p2b: Dragonite|Scale Shot|p1b: Dondozo
|-activate|p1b: Dondozo|move: Protect
|move|p2a: Annihilape|Drain Punch|p1b: Dondozo
|-activate|p1b: Dondozo|move: Protect
|
|-heal|p1b: Dondozo|54/100|[from] item: Leftovers
|upkeep
|turn|9
|
|t:|1756996172
|move|p2b: Dragonite|Scale Shot|p2a: Annihilape
|-damage|p2a: Annihilape|86/100
|-damage|p2a: Annihilape|71/100
|-damage|p2a: Annihilape|57/100
|-damage|p2a: Annihilape|43/100
|-hitcount|p2a: Annihilape|4
|-unboost|p2b: Dragonite|def|1
|-boost|p2b: Dragonite|spe|1
|move|p2a: Annihilape|Rage Fist|p1b: Dondozo
|-damage|p1b: Dondozo|0 fnt
|faint|p1b: Dondozo
|
|upkeep
|
|t:|1756996195
|switch|p1b: Sneasler|Sneasler, L50, M|100/100
|turn|10
|
|t:|1756996203
|move|p1b: Sneasler|Fake Out|p2b: Dragonite
|-damage|p2b: Dragonite|0 fnt
|faint|p2b: Dragonite
|move|p2a: Annihilape|Rage Fist|p1a: Tatsugiri
|-damage|p1a: Tatsugiri|0 fnt
|faint|p1a: Tatsugiri
|
|-sideend|p2: OhNoValentine|move: Tailwind
|upkeep
|
|t:|1756996212
|switch|p1a: Glimmora|Glimmora, L50, F|100/100
|switch|p2b: Rillaboom|Rillaboom, L50, F|100/100
|-fieldstart|move: Grassy Terrain|[from] ability: Grassy Surge|[of] p2b: Rillaboom
|turn|11
|inactive|OhNoValentine has 30 seconds left.
|inactive|OhNoValentine has 20 seconds left.
|inactive|OhNoValentine has 15 seconds left.
|
|t:|1756996253
|-terastallize|p1b: Sneasler|Stellar
|move|p2a: Annihilape|Protect|p2a: Annihilape
|-singleturn|p2a: Annihilape|Protect
|move|p1b: Sneasler|Dire Claw|p2a: Annihilape
|-activate|p2a: Annihilape|move: Protect
|move|p1a: Glimmora|Meteor Beam||[still]
|-prepare|p1a: Glimmora|Meteor Beam
|-boost|p1a: Glimmora|spa|1
|-enditem|p1a: Glimmora|Power Herb
|-anim|p1a: Glimmora|Meteor Beam|p2a: Annihilape
|-activate|p2a: Annihilape|move: Protect
|move|p2b: Rillaboom|U-turn|p1a: Glimmora
|-resisted|p1a: Glimmora
|-damage|p1a: Glimmora|87/100
|-activate|p1a: Glimmora|ability: Toxic Debris
|-sidestart|p2: OhNoValentine|move: Toxic Spikes
|
|t:|1756996264
|switch|p2b: Gholdengo|Gholdengo, L50, shiny, tera:Water|91/100|[from] U-turn
|-status|p2b: Gholdengo|psn
|
|-heal|p1a: Glimmora|92/100|[from] Grassy Terrain
|-heal|p2b: Gholdengo|97/100 psn|[from] Grassy Terrain
|-heal|p2a: Annihilape|49/100|[from] Grassy Terrain
|-damage|p2b: Gholdengo|84/100 psn|[from] psn
|upkeep
|turn|12
|
|t:|1756996282
|move|p1b: Sneasler|Dire Claw|p2a: Annihilape
|-resisted|p2a: Annihilape
|-damage|p2a: Annihilape|20/100
|move|p1a: Glimmora|Earth Power|p2a: Annihilape
|-damage|p2a: Annihilape|0 fnt
|faint|p2a: Annihilape
|move|p2b: Gholdengo|Make It Rain|p1a: Glimmora|[spread] p1a,p1b
|-supereffective|p1a: Glimmora
|-damage|p1a: Glimmora|0 fnt
|-damage|p1b: Sneasler|13/100
|-unboost|p2b: Gholdengo|spa|1
|faint|p1a: Glimmora
|-damage|p2b: Gholdengo|75/100 psn|[from] item: Life Orb
|
|-heal|p1b: Sneasler|19/100|[from] Grassy Terrain
|-heal|p2b: Gholdengo|81/100 psn|[from] Grassy Terrain
|-damage|p2b: Gholdengo|68/100 psn|[from] psn
|upkeep
|
|t:|1756996287
|switch|p2a: Rillaboom|Rillaboom, L50, F|100/100
|-status|p2a: Rillaboom|psn
|turn|13
|-message|syry.exe forfeited.
|
|win|OhNoValentine
