|j|☆tryson69
|j|☆TalonMasterJ
|html|tryson69TalonMasterJ    
|uhtml|bestof|Game 1 of a best-of-3
|t:|1783002308
|gametype|doubles
|player|p1|tryson69|crasherwake|1231
|player|p2|TalonMasterJ|steven|1264
|gen|9
|tier|[Gen 9 Champions] VGC 2026 Reg M-B (Bo3)
|rated|
|rule|Species Clause: Limit one of each Pokémon
|rule|Item Clause: Limit 1 of each item
|clearpoke
|poke|p1|Tyranitar, L50, F|
|poke|p1|Sinistcha, L50|
|poke|p1|Sneasler, L50, M|
|poke|p1|Garchomp, L50, F|
|poke|p1|Corviknight, L50, M|
|poke|p1|Gholdengo, L50|
|poke|p2|Raichu, L50, F|
|poke|p2|Mawile, L50, F|
|poke|p2|Sinistcha, L50|
|poke|p2|Ceruledge, L50, F|
|poke|p2|Milotic, L50, F|
|poke|p2|Incineroar, L50, F|
|teampreview|4
|showteam|p1|Tyranitar||Tyranitarite|SandStream|KnockOff,RockSlide,Protect,DragonDance|Adamant||F|||50|]Sinistcha||SitrusBerry|Hospitality|TrickRoom,MatchaGotcha,RagePowder,Protect|Bold|||||50|]Sneasler||WhiteHerb|Unburden|CloseCombat,DireClaw,FakeOut,Protect|Jolly||M|||50|]Garchomp||LifeOrb|RoughSkin|Earthquake,RockSlide,Protect,DragonClaw|Adamant||F|||50|]Corviknight||Leftovers|MirrorArmor|Tailwind,BulkUp,Protect,BraveBird|Careful||M|||50|]Gholdengo||SpellTag|GoodasGold|MakeItRain,NastyPlot,ShadowBall,Protect|Modest|||||50|
|showteam|p2|Raichu||RaichuniteY|LightningRod|ZapCannon,FocusBlast,FakeOut,Protect|Timid||F|||50|]Mawile||Mawilite|HyperCutter|PlayRough,SuckerPunch,SwordsDance,Protect|Adamant||F|||50|]Sinistcha||KasibBerry|Hospitality|MatchaGotcha,LifeDew,RagePowder,Protect|Relaxed|||||50|]Ceruledge||ColburBerry|FlashFire|BitterBlade,ShadowSneak,BulkUp,Protect|Adamant||F|||50|]Milotic||Leftovers|Competitive|MuddyWater,Coil,Hypnosis,Protect|Calm||F|||50|]Incineroar||SitrusBerry|Intimidate|FlareBlitz,ThroatChop,FakeOut,PartingShot|Impish||F|||50|
|
|t:|1783002367
|teamsize|p1|4
|teamsize|p2|4
|start
|switch|p1a: Garchomp|Garchomp, L50, F|100/100
|switch|p1b: Sneasler|Sneasler, L50, M|100/100
|switch|p2a: Incineroar|Incineroar, L50, F|100/100
|switch|p2b: Mawile|Mawile, L50, F|100/100
|-ability|p2a: Incineroar|Intimidate|boost
|-unboost|p1a: Garchomp|atk|1
|-unboost|p1b: Sneasler|atk|1
|-enditem|p1b: Sneasler|White Herb
|-clearnegativeboost|p1b: Sneasler|[silent]
|turn|1
|
|t:|1783002394
|move|p1b: Sneasler|Protect|p1b: Sneasler
|-singleturn|p1b: Sneasler|Protect
|move|p2a: Incineroar|Fake Out|p1a: Garchomp
|-crit|p1a: Garchomp
|-damage|p1a: Garchomp|86/100
|-damage|p2a: Incineroar|87/100|[from] ability: Rough Skin|[of] p1a: Garchomp
|cant|p1a: Garchomp|flinch
|move|p2b: Mawile|Swords Dance|p2b: Mawile
|-boost|p2b: Mawile|atk|2
|
|upkeep
|turn|2
|
|t:|1783002417
|switch|p2a: Sinistcha|Sinistcha, L50|100/100
|detailschange|p2b: Mawile|Mawile-Mega, L50, F
|-mega|p2b: Mawile|Mawile|Mawilite
|move|p2b: Mawile|Protect|p2b: Mawile
|-singleturn|p2b: Mawile|Protect
|move|p1b: Sneasler|Close Combat|p2b: Mawile
|-activate|p2b: Mawile|move: Protect
|move|p1a: Garchomp|Earthquake|p2a: Sinistcha|[spread] p1b,p2a
|-activate|p2b: Mawile|move: Protect
|-supereffective|p1b: Sneasler|1
|-crit|p1b: Sneasler
|-resisted|p2a: Sinistcha|1
|-damage|p1b: Sneasler|0 fnt
|-damage|p2a: Sinistcha|85/100
|faint|p1b: Sneasler
|-damage|p1a: Garchomp|76/100|[from] item: Life Orb
|
|upkeep
|
|t:|1783002425
|switch|p1b: Sinistcha|Sinistcha, L50|100/100
|-heal|p1a: Garchomp|100/100|[from] ability: Hospitality|[of] p1b: Sinistcha
|turn|3
|
|t:|1783002438
|switch|p2a: Incineroar|Incineroar, L50, F|87/100
|-ability|p2a: Incineroar|Intimidate|boost
|-unboost|p1a: Garchomp|atk|1
|-unboost|p1b: Sinistcha|atk|1
|move|p1a: Garchomp|Earthquake|p2b: Mawile|[spread] p1b,p2a,p2b
|-resisted|p1b: Sinistcha|1
|-supereffective|p2a: Incineroar|1
|-supereffective|p2b: Mawile|1
|-damage|p1b: Sinistcha|89/100
|-damage|p2a: Incineroar|47/100
|-damage|p2b: Mawile|53/100
|-enditem|p2a: Incineroar|Sitrus Berry|[eat]
|-heal|p2a: Incineroar|72/100|[from] item: Sitrus Berry
|-damage|p1a: Garchomp|90/100|[from] item: Life Orb
|move|p1b: Sinistcha|Matcha Gotcha|p2a: Incineroar|[spread] p2b
|-miss|p1b: Sinistcha|p2a: Incineroar
|-resisted|p2b: Mawile|1
|-damage|p2b: Mawile|40/100
|-heal|p1b: Sinistcha|94/100|[from] drain|[of] p2b: Mawile
|-status|p2b: Mawile|brn
|move|p2b: Mawile|Play Rough|p1b: Sinistcha
|-damage|p1b: Sinistcha|30/100
|-enditem|p1b: Sinistcha|Sitrus Berry|[eat]
|-heal|p1b: Sinistcha|55/100|[from] item: Sitrus Berry
|
|-damage|p2b: Mawile|35/100 brn|[from] brn
|upkeep
|turn|4
|
|t:|1783002489
|switch|p1a: Gholdengo|Gholdengo, L50|100/100
|switch|p2a: Sinistcha|Sinistcha, L50|85/100
|-heal|p2b: Mawile|59/100 brn|[from] ability: Hospitality|[of] p2a: Sinistcha
|move|p1b: Sinistcha|Protect|p1b: Sinistcha
|-singleturn|p1b: Sinistcha|Protect
|move|p2b: Mawile|Protect||[still]
|-fail|p2b: Mawile
|
|-damage|p2b: Mawile|54/100 brn|[from] brn
|upkeep
|turn|5
|
|t:|1783002521
|move|p1b: Sinistcha|Rage Powder|p1b: Sinistcha
|-singleturn|p1b: Sinistcha|move: Rage Powder
|move|p1a: Gholdengo|Make It Rain|p2b: Mawile|[spread] p2a,p2b
|-damage|p2a: Sinistcha|36/100
|-damage|p2b: Mawile|5/100 brn
|-unboost|p1a: Gholdengo|spa|2
|move|p2a: Sinistcha|Life Dew|p2a: Sinistcha|[spread] p2a,p2b
|-heal|p2a: Sinistcha|61/100
|-heal|p2b: Mawile|30/100 brn
|move|p2b: Mawile|Play Rough|p1b: Sinistcha
|-damage|p1b: Sinistcha|0 fnt
|faint|p1b: Sinistcha
|
|-damage|p2b: Mawile|24/100 brn|[from] brn
|upkeep
|
|t:|1783002529
|switch|p1b: Garchomp|Garchomp, L50, F|90/100
|turn|6
|
|t:|1783002540
|switch|p2a: Incineroar|Incineroar, L50, F|72/100
|-ability|p2a: Incineroar|Intimidate|boost
|-unboost|p1a: Gholdengo|atk|1
|-unboost|p1b: Garchomp|atk|1
|move|p2b: Mawile|Protect|p2b: Mawile
|-singleturn|p2b: Mawile|Protect
|move|p1b: Garchomp|Rock Slide|p2a: Incineroar|[spread] p2a
|-activate|p2b: Mawile|move: Protect
|-supereffective|p2a: Incineroar|1
|-damage|p2a: Incineroar|48/100
|-damage|p1b: Garchomp|80/100|[from] item: Life Orb
|move|p1a: Gholdengo|Nasty Plot|p1a: Gholdengo
|-boost|p1a: Gholdengo|spa|2
|
|-damage|p2b: Mawile|19/100 brn|[from] brn
|upkeep
|turn|7
|
|t:|1783002557
|switch|p2a: Sinistcha|Sinistcha, L50|61/100
|-heal|p2b: Mawile|43/100 brn|[from] ability: Hospitality|[of] p2a: Sinistcha
|move|p1b: Garchomp|Protect|p1b: Garchomp
|-singleturn|p1b: Garchomp|Protect
|move|p2b: Mawile|Sucker Punch||[still]
|-fail|p2b: Mawile
|move|p1a: Gholdengo|Nasty Plot|p1a: Gholdengo
|-boost|p1a: Gholdengo|spa|2
|
|-damage|p2b: Mawile|38/100 brn|[from] brn
|upkeep
|turn|8
|
|t:|1783002581
|switch|p2a: Incineroar|Incineroar, L50, F|48/100
|-ability|p2a: Incineroar|Intimidate|boost
|-unboost|p1a: Gholdengo|atk|1
|-unboost|p1b: Garchomp|atk|1
|move|p1a: Gholdengo|Protect|p1a: Gholdengo
|-singleturn|p1a: Gholdengo|Protect
|move|p2b: Mawile|Sucker Punch||[still]
|-fail|p2b: Mawile
|move|p1b: Garchomp|Earthquake|p2a: Incineroar|[spread] p2a,p2b
|-activate|p1a: Gholdengo|move: Protect
|-supereffective|p2a: Incineroar|1
|-supereffective|p2b: Mawile|1
|-damage|p2a: Incineroar|11/100
|-damage|p2b: Mawile|0 fnt
|faint|p2b: Mawile
|-damage|p1b: Garchomp|70/100|[from] item: Life Orb
|
|upkeep
|
|t:|1783002588
|switch|p2b: Sinistcha|Sinistcha, L50|61/100
|-heal|p2a: Incineroar|36/100|[from] ability: Hospitality|[of] p2b: Sinistcha
|turn|9
|
|t:|1783002600
|move|p1b: Garchomp|Rock Slide|p2b: Sinistcha|[spread] p2a,p2b
|-supereffective|p2a: Incineroar|1
|-damage|p2a: Incineroar|17/100
|-damage|p2b: Sinistcha|51/100
|-damage|p1b: Garchomp|60/100|[from] item: Life Orb
|move|p1a: Gholdengo|Shadow Ball|p2b: Sinistcha
|-supereffective|p2b: Sinistcha|1
|-enditem|p2b: Sinistcha|Kasib Berry|[eat]
|-enditem|p2b: Sinistcha|Kasib Berry|[weaken]
|-damage|p2b: Sinistcha|0 fnt
|faint|p2b: Sinistcha
|cant|p2a: Incineroar|flinch
|
|upkeep
|-message|TalonMasterJ forfeited.
|
|win|tryson69
||TalonMasterJ is ready for game 2.
||tryson69 is ready for game 2.
|uhtml|next|Next: Game 2 of 3
