|j|☆Centiskorch18
|j|☆25th_mang
|html|Centiskorch1825th_mang    
|uhtml|bestof|Game 1 of a best-of-3
|t:|1757656252
|gametype|doubles
|player|p1|Centiskorch18|caitlin|1225
|player|p2|25th_mang|ballguy|1137
|gen|9
|tier|[Gen 9] VGC 2025 Reg H (Bo3)
|rated|
|rule|Species Clause: Limit one of each Pokémon
|rule|Item Clause: Limit 1 of each item
|clearpoke
|poke|p1|Dragapult, L50, F|
|poke|p1|Sneasler, L50, M|
|poke|p1|Magmar, L50, F|
|poke|p1|Azumarill, L50, F|
|poke|p1|Rillaboom, L50, F|
|poke|p1|Ninetales-Alola, L50, M|
|poke|p2|Pelipper, L50, F|
|poke|p2|Archaludon, L50, F|
|poke|p2|Quaquaval, L50, F|
|poke|p2|Kingambit, L50, F|
|poke|p2|Rillaboom, L50, F|
|poke|p2|Dragapult, L50, F|
|teampreview|4
|showteam|p1|Dragapult||LifeOrb|ClearBody|TeraBlast,DragonDarts,SuckerPunch,Protect|||F|||50|,,,,,Ghost]Sneasler||FocusSash|PoisonTouch|CloseCombat,DireClaw,FakeOut,Protect|||M|||50|,,,,,Stellar]Magmar||Eviolite|VitalSpirit|Overheat,FollowMe,ClearSmog,Protect|||F|||50|,,,,,Ghost]Azumarill||SitrusBerry|HugePower|AquaJet,PlayRough,BellyDrum,Protect|||F|||50|,,,,,Poison]Rillaboom||AssaultVest|GrassySurge|WoodHammer,GrassyGlide,FakeOut,HighHorsepower|||F|||50|,,,,,Fire]Ninetales-Alola||ChoiceSpecs|SnowWarning|Blizzard,Moonblast,IcyWind,FreezeDry|||M|||50|,,,,,Ghost
|showteam|p2|Pelipper||ChoiceScarf|Drizzle|Hurricane,WeatherBall,Tailwind,Uturn|||F|||50|,,,,,Ghost]Archaludon||ChoiceSpecs|Sturdy|ElectroShot,FlashCannon,DracoMeteor,DragonPulse|||F|||50|,,,,,Electric]Quaquaval||FocusSash|Moxie|AquaStep,UpperHand,CloseCombat,Protect|||F|||50|,,,,,Water]Kingambit||BlackGlasses|Defiant|KowtowCleave,SuckerPunch,IronHead,Protect|||F|||50|,,,,,Dark]Rillaboom||AssaultVest|GrassySurge|FakeOut,WoodHammer,GrassyGlide,Uturn|||F|||50|,,,,,Fire]Dragapult||ChoiceBand|ClearBody|DragonDarts,Outrage,PhantomForce,Uturn|||F|||50|,,,,,Dragon
|inactive|Battle timer is ON: inactive players will automatically lose when time's up. (requested by 25th_mang)
|inactive|Centiskorch18 also wants the timer to be on.
|c|☆Centiskorch18|glhf
|inactive|25th_mang has 60 seconds left.
|inactive|25th_mang has 30 seconds left.
|inactive|25th_mang has 20 seconds left.
|inactive|25th_mang has 15 seconds left.
|inactive|25th_mang has 10 seconds left.
|
|t:|1757656334
|teamsize|p1|4
|teamsize|p2|4
|start
|switch|p1a: Dragapult|Dragapult, L50, F|100/100
|switch|p1b: Sneasler|Sneasler, L50, M|100/100
|switch|p2a: momo|Quaquaval, L50, F, shiny|100/100
|switch|p2b: jeongsachaeng|Dragapult, L50, F, shiny|100/100
|turn|1
|
|t:|1757656353
|switch|p2a: jihyo|Rillaboom, L50, F, shiny|100/100
|-fieldstart|move: Grassy Terrain|[from] ability: Grassy Surge|[of] p2a: jihyo
|move|p1a: Dragapult|Protect|p1a: Dragapult
|-singleturn|p1a: Dragapult|Protect
|move|p1b: Sneasler|Protect|p1b: Sneasler
|-singleturn|p1b: Sneasler|Protect
|move|p2b: jeongsachaeng|Dragon Darts|p1b: Sneasler
|-activate|p1a: Dragapult|move: Protect
|
|upkeep
|turn|2
|
|t:|1757656368
|-terastallize|p1a: Dragapult|Ghost
|move|p2a: jihyo|Fake Out|p1b: Sneasler
|-damage|p1b: Sneasler|77/100
|move|p2b: jeongsachaeng|Dragon Darts|p1b: Sneasler
|-damage|p1b: Sneasler|11/100
|-anim|p2b: jeongsachaeng|Dragon Darts|p1a: Dragapult
|-damage|p1a: Dragapult|45/100
|move|p1a: Dragapult|Tera Blast|p2b: jeongsachaeng|[anim] Tera Blast Ghost
|-supereffective|p2b: jeongsachaeng
|-damage|p2b: jeongsachaeng|0 fnt
|faint|p2b: jeongsachaeng
|-damage|p1a: Dragapult|35/100|[from] item: Life Orb
|cant|p1b: Sneasler|flinch
|
|-heal|p1a: Dragapult|41/100|[from] Grassy Terrain
|-heal|p1b: Sneasler|17/100|[from] Grassy Terrain
|upkeep
|
|t:|1757656381
|switch|p2b: momo|Quaquaval, L50, F, shiny|100/100
|turn|3
|
|t:|1757656396
|switch|p1b: Rillaboom|Rillaboom, L50, F|100/100
|move|p1a: Dragapult|Protect|p1a: Dragapult
|-singleturn|p1a: Dragapult|Protect
|move|p2a: jihyo|Grassy Glide|p1b: Rillaboom
|-resisted|p1b: Rillaboom
|-damage|p1b: Rillaboom|81/100
|move|p2b: momo|Aqua Step|p1a: Dragapult
|-activate|p1a: Dragapult|move: Protect
|
|-heal|p1a: Dragapult|47/100|[from] Grassy Terrain
|-heal|p1b: Rillaboom|87/100|[from] Grassy Terrain
|upkeep
|turn|4
|
|t:|1757656418
|move|p2b: momo|Upper Hand|p1b: Rillaboom
|-damage|p1b: Rillaboom|53/100
|cant|p1b: Rillaboom|flinch
|move|p2a: jihyo|Grassy Glide|p1a: Dragapult
|-damage|p1a: Dragapult|0 fnt
|faint|p1a: Dragapult
|
|-heal|p1b: Rillaboom|59/100|[from] Grassy Terrain
|upkeep
|
|t:|1757656426
|switch|p1a: Magmar|Magmar, L50, F|100/100
|turn|5
|
|t:|1757656436
|move|p2b: momo|Protect|p2b: momo
|-singleturn|p2b: momo|Protect
|move|p1a: Magmar|Protect|p1a: Magmar
|-singleturn|p1a: Magmar|Protect
|move|p1b: Rillaboom|Wood Hammer|p2b: momo
|-activate|p2b: momo|move: Protect
|move|p2a: jihyo|U-turn|p1b: Rillaboom
|-supereffective|p1b: Rillaboom
|-damage|p1b: Rillaboom|10/100
|inactive|25th_mang has 30 seconds left.
|
|t:|1757656463
|switch|p2a: dahyun|Pelipper, L50, F|100/100|[from] U-turn
|-weather|RainDance|[from] ability: Drizzle|[of] p2a: dahyun
|
|-weather|RainDance|[upkeep]
|-heal|p1b: Rillaboom|16/100|[from] Grassy Terrain
|-fieldend|move: Grassy Terrain
|upkeep
|turn|6
|
|t:|1757656478
|move|p2a: dahyun|Hurricane|p1b: Rillaboom
|-supereffective|p1b: Rillaboom
|-damage|p1b: Rillaboom|0 fnt
|faint|p1b: Rillaboom
|move|p2b: momo|Aqua Step|p1a: Magmar
|-supereffective|p1a: Magmar
|-damage|p1a: Magmar|0 fnt
|-boost|p2b: momo|spe|1
|faint|p1a: Magmar
|-ability|p2b: momo|Moxie|boost
|-boost|p2b: momo|atk|1
|
|-weather|RainDance|[upkeep]
|upkeep
|-message|Centiskorch18 forfeited.
|
|win|25th_mang
|l|☆Centiskorch18
|player|p1|
||Centiskorch18 is ready for game 2.
||25th_mang is ready for game 2.
|uhtml|next|Next: Game 2 of 3
