|j|☆LastHorzion
|j|☆Dust and fidget
|html|LastHorzionDust and fidget    
|uhtml|bestof|Game 2 of a best-of-3
|t:|1757104577
|gametype|doubles
|player|p1|LastHorzion|steven|1340
|player|p2|Dust and fidget|akari|1417
|gen|9
|tier|[Gen 9] VGC 2025 Reg H (Bo3)
|rated|
|rule|Species Clause: Limit one of each Pokémon
|rule|Item Clause: Limit 1 of each item
|clearpoke
|poke|p1|Sneasler, L50, M|
|poke|p1|Indeedee, L50, M|
|poke|p1|Ursaluna-Bloodmoon, L50, M|
|poke|p1|Electabuzz, L50, F|
|poke|p1|Tyranitar, L50, M|
|poke|p1|Dragapult, L50, M|
|poke|p2|Rillaboom, L50, M|
|poke|p2|Sneasler, L50, M|
|poke|p2|Basculegion, L50, M|
|poke|p2|Farigiraf, L50, F|
|poke|p2|Magmar, L50, M|
|poke|p2|Archaludon, L50, M|
|teampreview|4
|showteam|p1|Sneasler||PsychicSeed|Unburden|CloseCombat,DireClaw,ThroatChop,Protect|||M|||50|,,,,,Dark]Indeedee||FocusSash|PsychicSurge|ExpandingForce,TrickRoom,Imprison,Protect|||M|||50|,,,,,Psychic]Ursaluna-Bloodmoon||LifeOrb|MindsEye|BloodMoon,HyperVoice,EarthPower,Protect|||M|||50|,,,,,Normal]Electabuzz||Eviolite|VitalSpirit|Electroweb,FollowMe,Taunt,Protect|||F|||50|,,,,,Dragon]Tyranitar||AssaultVest|SandStream|KnockOff,TeraBlast,RockSlide,LowKick|||M|||50|,,,,,Flying]Dragapult||ChoiceBand|ClearBody|DragonDarts,Uturn,PhantomForce,Outrage|||M|||50|,,,,,Dragon
|showteam|p2|Rillaboom||AssaultVest|GrassySurge|WoodHammer,GrassyGlide,FakeOut,HighHorsepower|||M|||50|,,,,,Fire]Sneasler||FocusSash|Unburden|DireClaw,CloseCombat,ThroatChop,Protect|||M|||50|,,,,,Stellar]Basculegion||ChoiceScarf|Adaptability|WaveCrash,LastRespects,AquaJet,FlipTurn|||M|||50|,,,,,Grass]Farigiraf||ThroatSpray|ArmorTail|HyperVoice,TwinBeam,TrickRoom,Protect|||F|||50|,,,,,Fairy]Magmar||Eviolite|VitalSpirit|Flamethrower,Taunt,FollowMe,Protect|||M|||50|,,,,,Grass]Archaludon||PowerHerb|Sturdy|ElectroShot,DragonPulse,Thunderbolt,Protect|||M|||50|,,,,,Electric
|inactive|Battle timer is ON: inactive players will automatically lose when time's up. (requested by Dust and fidget)
|inactive|LastHorzion also wants the timer to be on.
|inactive|Dust and fidget has 60 seconds left.
|
|t:|1757104611
|teamsize|p1|4
|teamsize|p2|4
|start
|switch|p1a: Ursaluna|Ursaluna-Bloodmoon, L50, M|100/100
|switch|p1b: Electabuzz|Electabuzz, L50, F|100/100
|switch|p2a: Safety car|Farigiraf, L50, F, shiny|100/100
|switch|p2b: Archaludon|Archaludon, L50, M|100/100
|turn|1
|inactive|LastHorzion has 30 seconds left.
|inactive|LastHorzion has 20 seconds left.
|inactive|LastHorzion has 15 seconds left.
|inactive|LastHorzion has 10 seconds left.
|inactive|LastHorzion has 5 seconds left.
|
|t:|1757104666
|move|p1b: Electabuzz|Protect|p1b: Electabuzz
|-singleturn|p1b: Electabuzz|Protect
|move|p2b: Archaludon|Dragon Pulse|p1a: Ursaluna
|-damage|p1a: Ursaluna|44/100
|move|p1a: Ursaluna|Hyper Voice|p2b: Archaludon|[spread] p2a,p2b
|-resisted|p2b: Archaludon
|-damage|p2a: Safety car|48/100
|-damage|p2b: Archaludon|64/100
|-damage|p1a: Ursaluna|35/100|[from] item: Life Orb
|move|p2a: Safety car|Hyper Voice|p1b: Electabuzz|[spread] p1a
|-activate|p1b: Electabuzz|move: Protect
|-damage|p1a: Ursaluna|0 fnt
|faint|p1a: Ursaluna
|-enditem|p2a: Safety car|Throat Spray
|-boost|p2a: Safety car|spa|1|[from] item: Throat Spray
|
|upkeep
|
|t:|1757104680
|switch|p1a: Sneasler|Sneasler, L50, M|100/100
|turn|2
|
|t:|1757104694
|-terastallize|p1a: Sneasler|Dark
|move|p1b: Electabuzz|Taunt|p2a: Safety car
|-start|p2a: Safety car|move: Taunt
|move|p1a: Sneasler|Close Combat|p2b: Archaludon
|-supereffective|p2b: Archaludon
|-damage|p2b: Archaludon|0 fnt
|-unboost|p1a: Sneasler|def|1
|-unboost|p1a: Sneasler|spd|1
|faint|p2b: Archaludon
|move|p2a: Safety car|Twin Beam|p1a: Sneasler
|-immune|p1a: Sneasler
|
|upkeep
|
|t:|1757104715
|switch|p2b: Gooseberry|Basculegion, L50, M, shiny|100/100
|turn|3
|inactive|LastHorzion has 30 seconds left.
|
|t:|1757104743
|-terastallize|p2a: Safety car|Fairy
|move|p1b: Electabuzz|Follow Me|p1b: Electabuzz
|-singleturn|p1b: Electabuzz|move: Follow Me
|move|p2b: Gooseberry|Flip Turn|p1b: Electabuzz
|-damage|p1b: Electabuzz|62/100
|
|t:|1757104748
|switch|p2b: Rillaboom|Rillaboom, L50, M, shiny|100/100|[from] Flip Turn
|-fieldstart|move: Grassy Terrain|[from] ability: Grassy Surge|[of] p2b: Rillaboom
|move|p1a: Sneasler|Throat Chop|p2a: Safety car
|-resisted|p2a: Safety car
|-damage|p2a: Safety car|26/100
|-start|p2a: Safety car|Throat Chop|[silent]
|move|p2a: Safety car|Twin Beam|p1b: Electabuzz
|-damage|p1b: Electabuzz|39/100
|-damage|p1b: Electabuzz|12/100
|-hitcount|p1b: Electabuzz|2
|
|-heal|p1b: Electabuzz|17/100|[from] Grassy Terrain
|-heal|p2a: Safety car|32/100|[from] Grassy Terrain
|upkeep
|turn|4
|
|t:|1757104769
|switch|p1b: Indeedee|Indeedee, L50, M|100/100
|-fieldstart|move: Psychic Terrain|[from] ability: Psychic Surge|[of] p1b: Indeedee
|-enditem|p1a: Sneasler|Psychic Seed
|-boost|p1a: Sneasler|spd|1|[from] item: Psychic Seed
|move|p1a: Sneasler|Dire Claw|p2b: Rillaboom
|-supereffective|p2b: Rillaboom
|-damage|p2b: Rillaboom|9/100
|-status|p2b: Rillaboom|par
|move|p2a: Safety car|Twin Beam|p1b: Indeedee
|-resisted|p1b: Indeedee
|-damage|p1b: Indeedee|74/100
|-resisted|p1b: Indeedee
|-damage|p1b: Indeedee|48/100
|-hitcount|p1b: Indeedee|2
|cant|p2b: Rillaboom|par
|
|-end|p2a: Safety car|move: Taunt
|-end|p2a: Safety car|Throat Chop|[silent]
|upkeep
|turn|5
|
|t:|1757104789
|move|p2a: Safety car|Protect|p2a: Safety car
|-singleturn|p2a: Safety car|Protect
|move|p1a: Sneasler|Dire Claw|p2a: Safety car
|-activate|p2a: Safety car|move: Protect
|move|p1b: Indeedee|Expanding Force|p2b: Rillaboom|[spread] p2b
|-activate|p2a: Safety car|move: Protect
|-damage|p2b: Rillaboom|0 fnt
|faint|p2b: Rillaboom
|
|upkeep
|
|t:|1757104795
|switch|p2b: Gooseberry|Basculegion, L50, M, shiny|100/100
|turn|6
|
|t:|1757104817
|move|p2a: Safety car|Protect||[still]
|-fail|p2a: Safety car
|move|p1a: Sneasler|Throat Chop|p2b: Gooseberry
|-supereffective|p2b: Gooseberry
|-damage|p2b: Gooseberry|0 fnt
|faint|p2b: Gooseberry
|move|p1b: Indeedee|Expanding Force|p2a: Safety car
|-damage|p2a: Safety car|0 fnt
|faint|p2a: Safety car
|
|win|LastHorzion
||Dust and fidget is ready for game 3.
||LastHorzion is ready for game 3.
|uhtml|next|Next: Game 3 of 3
