|j|☆Someoneofficial
|j|☆vilan333
|html|Someoneofficialvilan333    
|uhtml|bestof|Game 1 of a best-of-3
|t:|1782677469
|gametype|doubles
|player|p1|Someoneofficial|gentleman-gen4|1155
|player|p2|vilan333|marshal|1134
|gen|9
|tier|[Gen 9 Champions] VGC 2026 Reg M-B (Bo3)
|rated|
|rule|Species Clause: Limit one of each Pokémon
|rule|Item Clause: Limit 1 of each item
|clearpoke
|poke|p1|Raichu, L50, F|
|poke|p1|Floette-Eternal, L50, F, shiny|
|poke|p1|Mamoswine, L50, F|
|poke|p1|Ceruledge, L50, M|
|poke|p1|Maushold-Four, L50|
|poke|p1|Kingambit, L50, M, shiny|
|poke|p2|Farigiraf, L50, F|
|poke|p2|Torkoal, L50, F|
|poke|p2|Aerodactyl, L50, M|
|poke|p2|Sylveon, L50, M|
|poke|p2|Metagross, L50, shiny|
|poke|p2|Kingambit, L50, M, shiny|
|teampreview|4
|showteam|p1|Raichu||RaichuniteY|LightningRod|FakeOut,Protect,FocusBlast,ZapCannon|Timid||F|||50|]Floette-Eternal||Floettite|FlowerVeil|Protect,DazzlingGleam,CalmMind,Moonblast|Modest||F|||50|]Mamoswine||LifeOrb|Oblivious|HighHorsepower,IceShard,IcicleCrash,Protect|Jolly||F|||50|]Ceruledge||ColburBerry|FlashFire|BitterBlade,ShadowSneak,BulkUp,Protect|Adamant||M|||50|]Maushold-Four||ChopleBerry|FriendGuard|Protect,Feint,FollowMe,HelpingHand|Careful|||||50|]Kingambit||FocusSash|Defiant|IronHead,KowtowCleave,SuckerPunch,LowKick|Adamant||M|||50|
|showteam|p2|Farigiraf||SitrusBerry|ArmorTail|TrickRoom,Protect,Psychic,HelpingHand|Bold||F|||50|]Torkoal||Charcoal|Drought|Eruption,WeatherBall,EarthPower,Protect|Quiet||F|||50|]Aerodactyl||Aerodactylite|Unnerve|Tailwind,RockSlide,IceFang,WideGuard|Jolly||M|||50|]Sylveon||FairyFeather|Pixilate|Detect,HyperVoice,HyperBeam,QuickAttack|Modest||M|||50|]Metagross||Metagrossite|ClearBody|IronHead,PsychicFangs,Protect,StompingTantrum|Jolly|||||50|]Kingambit||FocusSash|Defiant|KowtowCleave,IronHead,SuckerPunch,LowKick|Adamant||M|||50|
|inactive|Battle timer is ON: inactive players will automatically lose when time's up. (requested by Someoneofficial)
|inactive|vilan333 also wants the timer to be on.
|inactive|vilan333 has 60 seconds left.
|
|t:|1782677527
|teamsize|p1|4
|teamsize|p2|4
|start
|switch|p1a: Raichu|Raichu, L50, F|100/100
|switch|p1b: Ceruledge|Ceruledge, L50, M|100/100
|switch|p2a: Aerodactyl|Aerodactyl, L50, M|100/100
|switch|p2b: Sylveon|Sylveon, L50, M|100/100
|-ability|p2a: Aerodactyl|Unnerve
|turn|1
|
|t:|1782677545
|switch|p2b: Farigiraf|Farigiraf, L50, F|100/100
|detailschange|p2a: Aerodactyl|Aerodactyl-Mega, L50, M
|-mega|p2a: Aerodactyl|Aerodactyl|Aerodactylite
|detailschange|p1a: Raichu|Raichu-Mega-Y, L50, F
|-mega|p1a: Raichu|Raichu|Raichunite Y
|move|p2a: Aerodactyl|Tailwind|p2a: Aerodactyl
|-sidestart|p2: vilan333|move: Tailwind
|move|p1a: Raichu|Zap Cannon|p2a: Aerodactyl
|-supereffective|p2a: Aerodactyl|1
|-damage|p2a: Aerodactyl|0 fnt
|faint|p2a: Aerodactyl
|move|p1b: Ceruledge|Bitter Blade|p2b: Farigiraf
|-crit|p2b: Farigiraf
|-damage|p2b: Farigiraf|43/100
|-enditem|p2b: Farigiraf|Sitrus Berry|[eat]
|-heal|p2b: Farigiraf|68/100|[from] item: Sitrus Berry
|
|upkeep
|
|t:|1782677563
|switch|p2a: Sylveon|Sylveon, L50, M|100/100
|turn|2
|
|t:|1782677573
|move|p2b: Farigiraf|Helping Hand|p2a: Sylveon
|-singleturn|p2a: Sylveon|Helping Hand|[of] p2b: Farigiraf
|move|p2a: Sylveon|Hyper Voice|p1b: Ceruledge|[spread] p1a,p1b
|-resisted|p1b: Ceruledge|1
|-damage|p1a: Raichu|12/100
|-damage|p1b: Ceruledge|63/100
|move|p1a: Raichu|Zap Cannon|p2b: Farigiraf
|-damage|p2b: Farigiraf|19/100
|-status|p2b: Farigiraf|par
|move|p1b: Ceruledge|Bitter Blade|p2b: Farigiraf
|-crit|p2b: Farigiraf
|-damage|p2b: Farigiraf|0 fnt
|-heal|p1b: Ceruledge|75/100|[from] drain|[of] p2b: Farigiraf
|faint|p2b: Farigiraf
|
|upkeep
|
|t:|1782677589
|switch|p2b: Kingambit|Kingambit, L50, M, shiny|100/100
|turn|3
|
|t:|1782677601
|move|p1a: Raichu|Protect|p1a: Raichu
|-singleturn|p1a: Raichu|Protect
|move|p1b: Ceruledge|Shadow Sneak|p2b: Kingambit
|-resisted|p2b: Kingambit|1
|-damage|p2b: Kingambit|89/100
|move|p2b: Kingambit|Kowtow Cleave|p1b: Ceruledge
|-supereffective|p1b: Ceruledge|1
|-enditem|p1b: Ceruledge|Colbur Berry|[eat]
|-enditem|p1b: Ceruledge|Colbur Berry|[weaken]
|-damage|p1b: Ceruledge|20/100y
|move|p2a: Sylveon|Hyper Voice|p1b: Ceruledge|[spread] p1b
|-activate|p1a: Raichu|move: Protect
|-resisted|p1b: Ceruledge|1
|-damage|p1b: Ceruledge|0 fnt
|faint|p1b: Ceruledge
|
|upkeep
|
|t:|1782677614
|switch|p1b: Kingambit|Kingambit, L50, M, shiny|100/100
|turn|4
|
|t:|1782677625
|switch|p1a: Maushold|Maushold-Four, L50|100/100
|move|p2b: Kingambit|Low Kick|p1b: Kingambit
|-supereffective|p1b: Kingambit|2
|-enditem|p1b: Kingambit|Focus Sash
|-damage|p1b: Kingambit|1/100
|move|p2a: Sylveon|Hyper Voice|p1b: Kingambit|[spread] p1a,p1b
|-damage|p1a: Maushold|58/100
|-damage|p1b: Kingambit|0 fnt
|faint|p1b: Kingambit
|
|-sideend|p2: vilan333|move: Tailwind
|upkeep
|
|t:|1782677633
|switch|p1b: Raichu|Raichu-Mega-Y, L50, F|12/100
|turn|5
|inactive|vilan333 has 30 seconds left.
|
|t:|1782677666
|move|p1a: Maushold|Follow Me|p1a: Maushold
|-singleturn|p1a: Maushold|move: Follow Me
|move|p1b: Raichu|Zap Cannon|p2a: Sylveon
|-damage|p2a: Sylveon|52/100
|-status|p2a: Sylveon|par
|move|p2b: Kingambit|Kowtow Cleave|p1a: Maushold
|-crit|p1a: Maushold
|-damage|p1a: Maushold|0 fnt
|faint|p1a: Maushold
|cant|p2a: Sylveon|par
|
|upkeep
|turn|6
|-message|Someoneofficial forfeited.
|
|win|vilan333
