|j|☆taka89
|j|☆ParroTiest
|html|taka89ParroTiest    
|uhtml|bestof|Game 2 of a best-of-3
|t:|1756829264
|gametype|doubles
|player|p1|taka89|clerk-boss|1136
|player|p2|ParroTiest|wallace|1035
|gen|9
|tier|[Gen 9] VGC 2025 Reg H (Bo3)
|rated|
|rule|Species Clause: Limit one of each Pokémon
|rule|Item Clause: Limit 1 of each item
|clearpoke
|poke|p1|Flamigo, L50, F|
|poke|p1|Porygon2, L50|
|poke|p1|Ursaluna, L50, M|
|poke|p1|Archaludon, L50, F|
|poke|p1|Tyranitar, L50, M|
|poke|p1|Incineroar, L50, F|
|poke|p2|Grimmsnarl, L50, M|
|poke|p2|Ursaluna-Bloodmoon, L50, M|
|poke|p2|Gholdengo, L50|
|poke|p2|Rillaboom, L50, M|
|poke|p2|Volcarona, L50, F|
|poke|p2|Electabuzz, L50, M|
|teampreview|4
|showteam|p1|Flamigo||ChoiceScarf|Scrappy|BraveBird,DualWingbeat,CloseCombat,Uturn|||F|||50|,,,,,Ghost]Porygon2||Eviolite|Download|Thunderbolt,TeraBlast,TrickRoom,Protect||||||50|,,,,,Flying]Ursaluna||FlameOrb|Guts|Facade,Earthquake,HeadlongRush,Protect|||M|||50|,,,,,Ghost]Archaludon||AssaultVest|Stamina|ElectroShot,DarkPulse,BodyPress,DracoMeteor|||F|||50|,,,,,Grass]Tyranitar||FocusSash|SandStream|RockSlide,LowKick,KnockOff,Protect|||M|||50|,,,,,Flying]Incineroar||PasshoBerry|Intimidate|KnockOff,FlareBlitz,FakeOut,PartingShot|||F|||50|,,,,,Ghost
|showteam|p2|Grimmsnarl||LightClay|Prankster|Reflect,LightScreen,SpiritBreak,Taunt|||M|||50|,,,,,Ghost]Ursaluna-Bloodmoon||LifeOrb|MindsEye|BloodMoon,HyperVoice,EarthPower,Protect|||M|||50|,,,,,Normal]Gholdengo||ChoiceSpecs|GoodasGold|MakeItRain,ShadowBall,PowerGem,Trick||||||50|,,,,,Water]Rillaboom||AssaultVest|GrassySurge|FakeOut,WoodHammer,GrassyGlide,Uturn|||M|||50|,,,,,Fire]Volcarona||Leftovers|FlameBody|QuiverDance,HeatWave,GigaDrain,Protect|||F|||50|,,,,,Grass]Electabuzz||Eviolite|VitalSpirit|Electroweb,FollowMe,Taunt,Protect|||M|||50|,,,,,Ghost
|inactive|Battle timer is ON: inactive players will automatically lose when time's up. (requested by ParroTiest)
|inactive|taka89 also wants the timer to be on.
|inactive|taka89 has 60 seconds left.
|inactive|ParroTiest has 60 seconds left.
|inactive|taka89 has 30 seconds left.
|
|t:|1756829330
|teamsize|p1|4
|teamsize|p2|4
|start
|switch|p1a: zapper|Tyranitar, L50, M, shiny|100/100
|switch|p1b: swatchling|Porygon2, L50|100/100
|switch|p2a: gremlin|Grimmsnarl, L50, M, shiny|100/100
|switch|p2b: Electabuzz|Electabuzz, L50, M|100/100
|-weather|Sandstorm|[from] ability: Sand Stream|[of] p1a: zapper
|-ability|p1b: swatchling|Download|boost
|-boost|p1b: swatchling|atk|1
|turn|1
|inactive|taka89 has 30 seconds left.
|
|t:|1756829361
|move|p1b: swatchling|Protect|p1b: swatchling
|-singleturn|p1b: swatchling|Protect
|move|p2a: gremlin|Reflect|p2a: gremlin
|-sidestart|p2: ParroTiest|Reflect
|move|p2b: Electabuzz|Taunt|p1b: swatchling
|-activate|p1b: swatchling|move: Protect
|move|p1a: zapper|Knock Off|p2b: Electabuzz
|-damage|p2b: Electabuzz|69/100
|-enditem|p2b: Electabuzz|Eviolite|[from] move: Knock Off|[of] p1a: zapper
|
|-weather|Sandstorm|[upkeep]
|-damage|p2b: Electabuzz|63/100|[from] Sandstorm
|-damage|p2a: gremlin|95/100|[from] Sandstorm
|-damage|p1b: swatchling|95/100|[from] Sandstorm
|upkeep
|turn|2
|inactive|taka89 has 30 seconds left.
|inactive|ParroTiest has 30 seconds left.
|
|t:|1756829393
|switch|p2b: instakill button|Ursaluna-Bloodmoon, L50, M|100/100
|switch|p1b: Jackenstein|Incineroar, L50, F, shiny|100/100
|-ability|p1b: Jackenstein|Intimidate|boost
|-unboost|p2a: gremlin|atk|1
|-unboost|p2b: instakill button|atk|1
|move|p2a: gremlin|Taunt|p1b: Jackenstein
|-hint|Since gen 7, Dark is immune to Prankster moves.
|-immune|p1b: Jackenstein
|move|p1a: zapper|Rock Slide|p2a: gremlin|[spread] p2a,p2b
|-resisted|p2b: instakill button
|-damage|p2a: gremlin|72/100
|-damage|p2b: instakill button|91/100
|
|-weather|Sandstorm|[upkeep]
|-damage|p1b: Jackenstein|95/100|[from] Sandstorm
|-damage|p2a: gremlin|66/100|[from] Sandstorm
|upkeep
|turn|3
|inactive|taka89 has 30 seconds left.
|inactive|taka89 has 20 seconds left.
|inactive|taka89 has 15 seconds left.
|inactive|taka89 has 10 seconds left.
|
|t:|1756829442
|switch|p2a: Electabuzz|Electabuzz, L50, M|63/100
|move|p2b: instakill button|Protect|p2b: instakill button
|-singleturn|p2b: instakill button|Protect
|move|p1b: Jackenstein|Fake Out|p2b: instakill button
|-activate|p2b: instakill button|move: Protect
|move|p1a: zapper|Low Kick|p2b: instakill button
|-activate|p2b: instakill button|move: Protect
|
|-weather|Sandstorm|[upkeep]
|-damage|p2a: Electabuzz|57/100|[from] Sandstorm
|-damage|p1b: Jackenstein|89/100|[from] Sandstorm
|upkeep
|turn|4
|
|t:|1756829466
|-terastallize|p2b: instakill button|Normal
|move|p1a: zapper|Protect|p1a: zapper
|-singleturn|p1a: zapper|Protect
|move|p2a: Electabuzz|Follow Me|p2a: Electabuzz
|-singleturn|p2a: Electabuzz|move: Follow Me
|move|p2b: instakill button|Hyper Voice|p1a: zapper|[spread] p1b
|-activate|p1a: zapper|move: Protect
|-damage|p1b: Jackenstein|23/100
|-damage|p2b: instakill button|81/100|[from] item: Life Orb
|move|p1b: Jackenstein|Knock Off|p2a: Electabuzz
|-damage|p2a: Electabuzz|35/100
|
|-weather|Sandstorm|[upkeep]
|-damage|p2a: Electabuzz|29/100|[from] Sandstorm
|-damage|p2b: instakill button|76/100|[from] Sandstorm
|-damage|p1b: Jackenstein|17/100|[from] Sandstorm
|upkeep
|turn|5
|inactive|taka89 has 30 seconds left.
|inactive|taka89 has 20 seconds left.
|inactive|taka89 has 15 seconds left.
|inactive|taka89 has 10 seconds left.
|
|t:|1756829513
|switch|p1b: swatchling|Porygon2, L50|95/100
|-ability|p1b: swatchling|Download|boost
|-boost|p1b: swatchling|spa|1
|move|p2a: Electabuzz|Follow Me|p2a: Electabuzz
|-singleturn|p2a: Electabuzz|move: Follow Me
|move|p2b: instakill button|Hyper Voice|p1a: zapper|[spread] p1a,p1b
|-resisted|p1a: zapper
|-damage|p1a: zapper|80/100
|-damage|p1b: swatchling|58/100
|-damage|p2b: instakill button|66/100|[from] item: Life Orb
|move|p1a: zapper|Rock Slide|p2a: Electabuzz|[spread] p2a,p2b
|-damage|p2a: Electabuzz|2/100
|-damage|p2b: instakill button|48/100
|
|-weather|none
|upkeep
|turn|6
|inactive|taka89 has 30 seconds left.
|inactive|taka89 has 20 seconds left.
|
|t:|1756829551
|switch|p1a: Jackenstein|Incineroar, L50, F, shiny|17/100
|-ability|p1a: Jackenstein|Intimidate|boost
|-unboost|p2a: Electabuzz|atk|1
|-unboost|p2b: instakill button|atk|1
|move|p2a: Electabuzz|Protect|p2a: Electabuzz
|-singleturn|p2a: Electabuzz|Protect
|move|p1b: swatchling|Protect|p1b: swatchling
|-singleturn|p1b: swatchling|Protect
|move|p2b: instakill button|Earth Power|p1a: Jackenstein
|-supereffective|p1a: Jackenstein
|-damage|p1a: Jackenstein|0 fnt
|faint|p1a: Jackenstein
|-damage|p2b: instakill button|38/100|[from] item: Life Orb
|
|upkeep
|
|t:|1756829567
|switch|p1a: zapper|Tyranitar, L50, M, shiny|80/100
|-weather|Sandstorm|[from] ability: Sand Stream|[of] p1a: zapper
|turn|7
|inactive|ParroTiest has 30 seconds left.
|inactive|taka89 has 30 seconds left.
|inactive|taka89 has 20 seconds left.
|inactive|taka89 has 15 seconds left.
|
|t:|1756829616
|move|p1b: swatchling|Protect|p1b: swatchling
|-singleturn|p1b: swatchling|Protect
|move|p2a: Electabuzz|Follow Me|p2a: Electabuzz
|-singleturn|p2a: Electabuzz|move: Follow Me
|move|p2b: instakill button|Blood Moon|p1b: swatchling
|-activate|p1b: swatchling|move: Protect
|move|p1a: zapper|Rock Slide|p2b: instakill button|[spread] p2a,p2b
|-damage|p2a: Electabuzz|0 fnt
|-damage|p2b: instakill button|21/100
|faint|p2a: Electabuzz
|
|-weather|Sandstorm|[upkeep]
|-damage|p2b: instakill button|15/100|[from] Sandstorm
|-damage|p1b: swatchling|52/100|[from] Sandstorm
|upkeep
|
|t:|1756829623
|switch|p2a: quarters|Gholdengo, L50|100/100
|turn|8
|inactive|taka89 has 30 seconds left.
|
|t:|1756829656
|move|p1a: zapper|Protect|p1a: zapper
|-singleturn|p1a: zapper|Protect
|move|p2a: quarters|Make It Rain|p1b: swatchling|[spread] p1b
|-activate|p1a: zapper|move: Protect
|-crit|p1b: swatchling
|-damage|p1b: swatchling|0 fnt
|-unboost|p2a: quarters|spa|1
|faint|p1b: swatchling
|move|p2b: instakill button|Hyper Voice|p1a: zapper
|-activate|p1a: zapper|move: Protect
|
|-weather|Sandstorm|[upkeep]
|-damage|p2b: instakill button|9/100|[from] Sandstorm
|-sideend|p2: ParroTiest|Reflect
|upkeep
|
|t:|1756829673
|switch|p1b: Winglade|Flamigo, L50, F|100/100
|turn|9
|inactive|taka89 has 30 seconds left.
|inactive|taka89 has 20 seconds left.
|inactive|taka89 has 15 seconds left.
|inactive|taka89 has 10 seconds left.
|
|t:|1756829723
|switch|p2a: gremlin|Grimmsnarl, L50, M, shiny|66/100
|move|p1b: Winglade|Dual Wingbeat|p2b: instakill button|[miss]
|-miss|p1b: Winglade|p2b: instakill button
|move|p2b: instakill button|Blood Moon|p1b: Winglade
|-damage|p1b: Winglade|0 fnt
|faint|p1b: Winglade
|-damage|p2b: instakill button|0 fnt|[from] item: Life Orb
|faint|p2b: instakill button
|move|p1a: zapper|Knock Off|p2a: gremlin
|-resisted|p2a: gremlin
|-damage|p2a: gremlin|52/100
|-enditem|p2a: gremlin|Light Clay|[from] move: Knock Off|[of] p1a: zapper
|
|-weather|Sandstorm|[upkeep]
|-damage|p2a: gremlin|47/100|[from] Sandstorm
|upkeep
|
|t:|1756829733
|switch|p2b: quarters|Gholdengo, L50|100/100
|turn|10
|inactive|taka89 has 30 seconds left.
|
|t:|1756829758
|move|p1a: zapper|Protect|p1a: zapper
|-singleturn|p1a: zapper|Protect
|move|p2b: quarters|Make It Rain|p1a: zapper
|-activate|p1a: zapper|move: Protect
|move|p2a: gremlin|Spirit Break|p1a: zapper
|-activate|p1a: zapper|move: Protect
|
|-weather|Sandstorm|[upkeep]
|-damage|p2a: gremlin|41/100|[from] Sandstorm
|upkeep
|turn|11
|
|t:|1756829767
|move|p2b: quarters|Make It Rain|p1a: zapper
|-supereffective|p1a: zapper
|-damage|p1a: zapper|0 fnt
|-unboost|p2b: quarters|spa|1
|faint|p1a: zapper
|
|win|ParroTiest
