|j|☆Alfaceb
|j|☆LekyS3
|html|AlfacebLekyS3    
|uhtml|bestof|Game 2 of a best-of-3
|t:|1782652838
|gametype|doubles
|player|p1|Alfaceb|pokefan|1135
|player|p2|LekyS3|266|1264
|gen|9
|tier|[Gen 9 Champions] VGC 2026 Reg M-B (Bo3)
|rated|
|rule|Species Clause: Limit one of each Pokémon
|rule|Item Clause: Limit 1 of each item
|clearpoke
|poke|p1|Charizard, L50, F|
|poke|p1|Aerodactyl, L50, F, shiny|
|poke|p1|Venusaur, L50, F|
|poke|p1|Clefable, L50, F|
|poke|p1|Blastoise, L50, M|
|poke|p1|Kangaskhan, L50, F|
|poke|p2|Sceptile, L50, F|
|poke|p2|Milotic, L50, M|
|poke|p2|Alcremie, L50, F|
|poke|p2|Rotom-Heat, L50|
|poke|p2|Sableye, L50, F|
|poke|p2|Beedrill, L50, M|
|teampreview|4
|showteam|p1|Charizard||CharizarditeY|SolarPower|HeatWave,WeatherBall,Protect,SolarBeam|Modest||F|||50|]Aerodactyl||FocusSash|Unnerve|DualWingbeat,RockSlide,Protect,Tailwind|Jolly||F|||50|]Venusaur||LifeOrb|Chlorophyll|SleepPowder,SludgeBomb,EnergyBall,Protect|Modest||F|||50|]Clefable||FairyFeather|Unaware|FollowMe,Moonblast,LifeDew,HelpingHand|Modest||F|||50|]Blastoise||Blastoisinite|Torrent|ShellSmash,WaterSpout,AuraSphere,Protect|Modest||M|||50|]Kangaskhan||SilkScarf|Scrappy|FakeOut,LastResort|Adamant||F|||50|
|showteam|p2|Sceptile||Sceptilite|Overgrow|DragonPulse,GigaDrain,Protect,Substitute|Timid||F|||50|]Milotic||Leftovers|Competitive|Hypnosis,Coil,MuddyWater,Recover|Calm||M|||50|]Alcremie||FocusSash|AromaVeil|Decorate,AlluringVoice,Protect,Charm|Timid||F|||50|]Rotom-Heat||ChoiceScarf|Levitate|Discharge,Overheat,VoltSwitch,WillOWisp|Timid|||||50|]Sableye||Sablenite|Prankster|SkillSwap,FakeOut,Encore,Disable|Impish||F|||50|]Beedrill||Beedrillite|Sniper|Uturn,PoisonJab,DualWingbeat,DrillRun|Jolly||M|||50|
|
|t:|1782652879
|teamsize|p1|4
|teamsize|p2|4
|start
|switch|p1a: Charizard|Charizard, L50, F|100/100
|switch|p1b: Kangaskhan|Kangaskhan, L50, F|100/100
|switch|p2a: Rotom|Rotom-Heat, L50|100/100
|switch|p2b: Sceptile|Sceptile, L50, F|100/100
|turn|1
|
|t:|1782652904
|detailschange|p2b: Sceptile|Sceptile-Mega, L50, F
|-mega|p2b: Sceptile|Sceptile|Sceptilite
|detailschange|p1a: Charizard|Charizard-Mega-Y, L50, F
|-mega|p1a: Charizard|Charizard|Charizardite Y
|-weather|SunnyDay|[from] ability: Drought|[of] p1a: Charizard
|move|p1b: Kangaskhan|Fake Out|p2a: Rotom
|-damage|p2a: Rotom|71/100
|cant|p2a: Rotom|flinch
|move|p2b: Sceptile|Substitute|p2b: Sceptile
|-start|p2b: Sceptile|Substitute
|-damage|p2b: Sceptile|75/100
|move|p1a: Charizard|Weather Ball|p2a: Rotom
|-resisted|p2a: Rotom|1
|-damage|p2a: Rotom|12/100
|
|-weather|SunnyDay|[upkeep]
|upkeep
|turn|2
|
|t:|1782652935
|move|p2a: Rotom|Discharge|p1b: Kangaskhan|[spread] p1a,p1b
|-ability|p2b: Sceptile|Lightning Rod|boost
|-boost|p2b: Sceptile|spa|1
|-supereffective|p1a: Charizard|1
|-damage|p1a: Charizard|52/100
|-damage|p1b: Kangaskhan|66/100
|move|p2b: Sceptile|Dragon Pulse|p1b: Kangaskhan
|-damage|p1b: Kangaskhan|0 fnt
|faint|p1b: Kangaskhan
|move|p1a: Charizard|Heat Wave|p2a: Rotom|[spread] p2a,p2b
|-end|p2b: Sceptile|Substitute
|-resisted|p2a: Rotom|1
|-damage|p2a: Rotom|0 fnt
|faint|p2a: Rotom
|
|-weather|SunnyDay|[upkeep]
|upkeep
|
|t:|1782652956
|switch|p2a: Sableye|Sableye, L50, F|100/100
|switch|p1b: Venusaur|Venusaur, L50, F|100/100
|turn|3
|
|t:|1782652977
|move|p2a: Sableye|Fake Out|p1b: Venusaur
|-damage|p1b: Venusaur|91/100
|cant|p1b: Venusaur|flinch
|move|p2b: Sceptile|Dragon Pulse|p1a: Charizard
|-damage|p1a: Charizard|0 fnt
|faint|p1a: Charizard
|
|-weather|SunnyDay|[upkeep]
|upkeep
|
|t:|1782652988
|switch|p1a: Aerodactyl|Aerodactyl, L50, F, shiny|100/100
|-ability|p1a: Aerodactyl|Unnerve
|turn|4
|
|t:|1782653003
|move|p2b: Sceptile|Protect|p2b: Sceptile
|-singleturn|p2b: Sceptile|Protect
|move|p2a: Sableye|Skill Swap|p1b: Venusaur
|-activate|p2a: Sableye|Skill Swap|Chlorophyll|Prankster|[of] p1b: Venusaur
|move|p1a: Aerodactyl|Tailwind|p1a: Aerodactyl
|-sidestart|p1: Alfaceb|move: Tailwind
|move|p1b: Venusaur|Sludge Bomb|p2b: Sceptile
|-activate|p2b: Sceptile|move: Protect
|
|-weather|SunnyDay|[upkeep]
|upkeep
|turn|5
|
|t:|1782653037
|move|p1b: Venusaur|Sleep Powder|p2a: Sableye
|-hint|Since gen 7, Dark is immune to Prankster moves.
|-immune|p2a: Sableye
|move|p1a: Aerodactyl|Dual Wingbeat|p2b: Sceptile
|-supereffective|p2b: Sceptile|1
|-damage|p2b: Sceptile|14/100
|-supereffective|p2b: Sceptile|1
|-damage|p2b: Sceptile|0 fnt
|faint|p2b: Sceptile
|-hitcount|p2: Sceptile|2
|move|p2a: Sableye|Skill Swap|p2: Sceptile|[notarget]
|-fail|p2a: Sableye
|
|-weather|none
|upkeep
|
|t:|1782653045
|switch|p2b: Milotic|Milotic, L50, M|100/100
|turn|6
|
|t:|1782653073
|move|p1a: Aerodactyl|Rock Slide|p2a: Sableye|[spread] p2a,p2b
|-damage|p2a: Sableye|68/100
|-damage|p2b: Milotic|71/100
|move|p1b: Venusaur|Sludge Bomb|p2a: Sableye
|-resisted|p2a: Sableye|1
|-damage|p2a: Sableye|36/100
|-damage|p1b: Venusaur|81/100|[from] item: Life Orb
|move|p2b: Milotic|Coil|p2b: Milotic
|-boost|p2b: Milotic|atk|1
|-boost|p2b: Milotic|def|1
|-boost|p2b: Milotic|accuracy|1
|move|p2a: Sableye|Skill Swap|p1b: Venusaur
|-activate|p2a: Sableye|Skill Swap|Prankster|Chlorophyll|[of] p1b: Venusaur
|
|-heal|p2b: Milotic|77/100|[from] item: Leftovers
|upkeep
|turn|7
|
|t:|1782653094
|move|p2a: Sableye|Skill Swap|p2b: Milotic
|-activate|p2a: Sableye|Skill Swap|||[of] p2b: Milotic
|move|p2b: Milotic|Hypnosis|p1b: Venusaur|[miss]
|-miss|p2b: Milotic|p1b: Venusaur
|move|p1a: Aerodactyl|Rock Slide|p2b: Milotic|[spread] p2a,p2b
|-damage|p2a: Sableye|3/100
|-damage|p2b: Milotic|59/100
|move|p1b: Venusaur|Energy Ball|p2b: Milotic
|-supereffective|p2b: Milotic|1
|-damage|p2b: Milotic|1/100
|-damage|p1b: Venusaur|72/100|[from] item: Life Orb
|
|-heal|p2b: Milotic|6/100|[from] item: Leftovers
|-sideend|p1: Alfaceb|move: Tailwind
|upkeep
|turn|8
|
|t:|1782653116
|move|p1b: Venusaur|Protect|p1b: Venusaur
|-singleturn|p1b: Venusaur|Protect
|move|p2b: Milotic|Hypnosis|p1b: Venusaur
|-activate|p1b: Venusaur|move: Protect
|move|p1a: Aerodactyl|Rock Slide|p2b: Milotic|[spread] p2a,p2b
|-damage|p2a: Sableye|0 fnt
|-damage|p2b: Milotic|0 fnt
|faint|p2a: Sableye
|faint|p2b: Milotic
|
|win|Alfaceb
|raw|Alfaceb's rating: 1135 → 1169(+34 for winning)
|raw|LekyS3's rating: 1264 → 1230(-34 for losing)
|l|☆LekyS3
|player|p2|
