|j|☆mysteriousmothman
|j|☆MinasDevilCrobats
|html|mysteriousmothmanMinasDevilCrobats    
|uhtml|bestof|Game 3 of a best-of-3
|t:|1756154524
|gametype|doubles
|player|p1|mysteriousmothman|skier|1179
|player|p2|MinasDevilCrobats|darach-caitlin|1155
|gen|9
|tier|[Gen 9] VGC 2025 Reg H (Bo3)
|rated|
|rule|Species Clause: Limit one of each Pokémon
|rule|Item Clause: Limit 1 of each item
|clearpoke
|poke|p1|Porygon2, L50|
|poke|p1|Hydreigon, L50, M|
|poke|p1|Incineroar, L50, F|
|poke|p1|Garchomp, L50, F|
|poke|p1|Amoonguss, L50, F|
|poke|p1|Gholdengo, L50|
|poke|p2|Dragapult, L50, F|
|poke|p2|Electabuzz, L50, F|
|poke|p2|Sneasler, L50, F|
|poke|p2|Primarina, L50, M|
|poke|p2|Gholdengo, L50|
|poke|p2|Whimsicott, L50, F|
|teampreview|4
|showteam|p1|Porygon2||Eviolite|Download|TeraBlast,IceBeam,TrickRoom,Recover||||||50|,,,,,Fighting]Hydreigon||SafetyGoggles|Levitate|Snarl,DracoMeteor,Tailwind,Protect|||M|||50|,,,,,Ghost]Incineroar||SitrusBerry|Intimidate|FlareBlitz,KnockOff,PartingShot,FakeOut|||F|||50|,,,,,Grass]Garchomp||LoadedDice|RoughSkin|ScaleShot,Earthquake,StompingTantrum,Protect|||F|||50|,,,,,Fire]Amoonguss||CovertCloak|Regenerator|PollenPuff,Spore,RagePowder,Protect|||F|||50|,,,,,Fire]Gholdengo||MetalCoat|GoodasGold|MakeItRain,ShadowBall,NastyPlot,Protect||||||50|,,,,,Flying
|showteam|p2|Dragapult||ChoiceBand|ClearBody|DragonDarts,PhantomForce,Outrage,Uturn|||F|||50|,,,,,Dragon]Electabuzz||Eviolite|VitalSpirit|Electroweb,FollowMe,Taunt,Protect|||F|||50|,,,,,Ghost]Sneasler||FocusSash|Unburden|DireClaw,CloseCombat,FakeOut,Protect|||F|||50|,,,,,Stellar]Primarina||ThroatSpray|LiquidVoice|HyperVoice,Moonblast,Haze,Protect|||M|||50|,,,,,Poison]Gholdengo||LifeOrb|GoodasGold|MakeItRain,ShadowBall,NastyPlot,Protect||||||50|,,,,,Water]Whimsicott||CovertCloak|Prankster|Tailwind,Moonblast,Taunt,FakeTears|||F|||50|,,,,,Water
|
|t:|1756154553
|teamsize|p1|4
|teamsize|p2|4
|start
|switch|p1a: Hydreigon|Hydreigon, L50, M, shiny|100/100
|switch|p1b: Incineroar|Incineroar, L50, F, shiny|100/100
|switch|p2a: Whimsicott|Whimsicott, L50, F|100/100
|switch|p2b: Gholdengo|Gholdengo, L50|100/100
|-ability|p1b: Incineroar|Intimidate|boost
|-unboost|p2a: Whimsicott|atk|1
|-unboost|p2b: Gholdengo|atk|1
|turn|1
|
|t:|1756154580
|switch|p2b: Primarina|Primarina, L50, M|100/100
|move|p1a: Hydreigon|Protect|p1a: Hydreigon
|-singleturn|p1a: Hydreigon|Protect
|move|p2a: Whimsicott|Moonblast|p1a: Hydreigon
|-activate|p1a: Hydreigon|move: Protect
|move|p1b: Incineroar|Flare Blitz|p2a: Whimsicott
|-supereffective|p2a: Whimsicott
|-damage|p2a: Whimsicott|0 fnt
|faint|p2a: Whimsicott
|-damage|p1b: Incineroar|73/100|[from] Recoil
|
|upkeep
|
|t:|1756154589
|switch|p2a: Dragapult|Dragapult, L50, F|100/100
|turn|2
|
|t:|1756154613
|switch|p1a: Gholdengo|Gholdengo, L50, shiny|100/100
|-terastallize|p1b: Incineroar|Grass
|move|p2a: Dragapult|Dragon Darts|p1a: Gholdengo
|-resisted|p1a: Gholdengo
|-damage|p1a: Gholdengo|82/100
|-anim|p2a: Dragapult|Dragon Darts|p1b: Incineroar
|-crit|p1b: Incineroar
|-damage|p1b: Incineroar|9/100
|-enditem|p1b: Incineroar|Sitrus Berry|[eat]
|-heal|p1b: Incineroar|34/100|[from] item: Sitrus Berry
|move|p1b: Incineroar|Knock Off|p2a: Dragapult
|-supereffective|p2a: Dragapult
|-damage|p2a: Dragapult|0 fnt
|-enditem|p2a: Dragapult|Choice Band|[from] move: Knock Off|[of] p1b: Incineroar
|faint|p2a: Dragapult
|move|p2b: Primarina|Hyper Voice|p1b: Incineroar|[spread] p1a,p1b
|-resisted|p1b: Incineroar
|-damage|p1a: Gholdengo|47/100
|-damage|p1b: Incineroar|17/100
|-enditem|p2b: Primarina|Throat Spray
|-boost|p2b: Primarina|spa|1|[from] item: Throat Spray
|
|upkeep
|
|t:|1756154625
|switch|p2a: Gholdengo|Gholdengo, L50|100/100
|turn|3
|
|t:|1756154648
|-terastallize|p2a: Gholdengo|Water
|move|p1a: Gholdengo|Protect|p1a: Gholdengo
|-singleturn|p1a: Gholdengo|Protect
|move|p2a: Gholdengo|Shadow Ball|p1a: Gholdengo
|-activate|p1a: Gholdengo|move: Protect
|move|p1b: Incineroar|Parting Shot|p2b: Primarina
|-unboost|p2b: Primarina|atk|1
|-unboost|p2b: Primarina|spa|1
|
|t:|1756154658
|switch|p1b: Hydreigon|Hydreigon, L50, M, shiny|100/100|[from] Parting Shot
|move|p2b: Primarina|Hyper Voice|p1b: Hydreigon|[spread] p1b
|-activate|p1a: Gholdengo|move: Protect
|-resisted|p1b: Hydreigon
|-damage|p1b: Hydreigon|84/100
|
|upkeep
|turn|4
|
|t:|1756154670
|move|p2a: Gholdengo|Protect|p2a: Gholdengo
|-singleturn|p2a: Gholdengo|Protect
|move|p1b: Hydreigon|Snarl|p2b: Primarina|[spread] p2b
|-activate|p2a: Gholdengo|move: Protect
|-resisted|p2b: Primarina
|-damage|p2b: Primarina|91/100
|-unboost|p2b: Primarina|spa|1
|move|p1a: Gholdengo|Make It Rain|p2b: Primarina|[spread] p2b
|-activate|p2a: Gholdengo|move: Protect
|-damage|p2b: Primarina|44/100
|-unboost|p1a: Gholdengo|spa|1
|move|p2b: Primarina|Moonblast|p1b: Hydreigon
|-supereffective|p1b: Hydreigon
|-damage|p1b: Hydreigon|0 fnt
|faint|p1b: Hydreigon
|
|upkeep
|
|t:|1756154695
|switch|p1b: Garchomp|Garchomp, L50, F, shiny|100/100
|turn|5
|
|t:|1756154709
|move|p1a: Gholdengo|Protect|p1a: Gholdengo
|-singleturn|p1a: Gholdengo|Protect
|move|p1b: Garchomp|Earthquake|p2a: Gholdengo|[spread] p2a,p2b
|-activate|p1a: Gholdengo|move: Protect
|-damage|p2a: Gholdengo|58/100
|-damage|p2b: Primarina|0 fnt
|faint|p2b: Primarina
|move|p2a: Gholdengo|Make It Rain|p1b: Garchomp|[spread] p1b
|-activate|p1a: Gholdengo|move: Protect
|-damage|p1b: Garchomp|32/100
|-unboost|p2a: Gholdengo|spa|1
|-damage|p2a: Gholdengo|48/100|[from] item: Life Orb
|
|upkeep
|turn|6
|
|t:|1756154731
|move|p1b: Garchomp|Protect|p1b: Garchomp
|-singleturn|p1b: Garchomp|Protect
|move|p2a: Gholdengo|Make It Rain|p1a: Gholdengo|[spread] p1a
|-activate|p1b: Garchomp|move: Protect
|-resisted|p1a: Gholdengo
|-damage|p1a: Gholdengo|28/100
|-unboost|p2a: Gholdengo|spa|1
|-damage|p2a: Gholdengo|39/100|[from] item: Life Orb
|move|p1a: Gholdengo|Shadow Ball|p2a: Gholdengo
|-damage|p2a: Gholdengo|10/100
|
|upkeep
|turn|7
|
|t:|1756154749
|move|p1b: Garchomp|Earthquake|p2a: Gholdengo|[spread] p1a,p2a
|-supereffective|p1a: Gholdengo
|-damage|p1a: Gholdengo|0 fnt
|-damage|p2a: Gholdengo|0 fnt
|faint|p1a: Gholdengo
|faint|p2a: Gholdengo
|
|win|mysteriousmothman
|raw|mysteriousmothman's rating: 1179 → 1202(+23 for winning)
|raw|MinasDevilCrobats's rating: 1155 → 1132(-23 for losing)
|l|☆mysteriousmothman
|player|p1|
|j|☆mysteriousmothman
|player|p1|mysteriousmothman|skier|
|l|☆MinasDevilCrobats
|player|p2|
|j|☆MinasDevilCrobats
|player|p2|MinasDevilCrobats|darach-caitlin|
