|j|‚òÜyousickbastard
|j|‚òÜMaybe ALTcom
|html|yousickbastardMaybe ALTcom    
|uhtml|bestof|Game 2 of a best-of-3
|t:|1757768057
|gametype|doubles
|player|p1|yousickbastard|birdkeeper-gen4dp|1235
|player|p2|Maybe ALTcom|266|1328
|gen|9
|tier|[Gen 9] VGC 2025 Reg H (Bo3)
|rated|
|rule|Species Clause: Limit one of each Pok√©mon
|rule|Item Clause: Limit 1 of each item
|clearpoke
|poke|p1|Gholdengo, L50|
|poke|p1|Sneasler, L50, M|
|poke|p1|Rillaboom, L50, M|
|poke|p1|Dragonite, L50, F|
|poke|p1|Ninetales-Alola, L50, F|
|poke|p1|Arcanine-Hisui, L50, F|
|poke|p2|Dragapult, L50, M|
|poke|p2|Volcarona, L50, F|
|poke|p2|Palafin, L50, F|
|poke|p2|Rillaboom, L50, M|
|poke|p2|Kingambit, L50, M|
|poke|p2|Electabuzz, L50, M|
|teampreview|4
|showteam|p1|Gholdengo||GrassySeed|GoodasGold|NastyPlot,MakeItRain,ShadowBall,Protect||||||50|,,,,,Water]Sneasler||WhiteHerb|Unburden|CloseCombat,DireClaw,Coaching,Protect|||M|||50|,,,,,Ghost]Rillaboom||AssaultVest|GrassySurge|FakeOut,GrassyGlide,DrumBeating,HighHorsepower|||M|||50|,,,,,Fire]Dragonite||LoadedDice|Multiscale|ScaleShot,StompingTantrum,Tailwind,Protect|||F|||50|,,,,,Ground]Ninetales-Alola||FocusSash|SnowWarning|Blizzard,IcyWind,Encore,AuroraVeil|||F|||50|,,,,,Ghost]Arcanine-Hisui||ClearAmulet|Intimidate|RockSlide,FlareBlitz,ExtremeSpeed,Protect|||F|||50|,,,,,Water
|showteam|p2|Dragapult||ChoiceBand|ClearBody|DragonDarts,Uturn,PhantomForce,TeraBlast|||M|||50|,,,,,Fairy]Volcarona||GrassySeed|FlameBody|Flamethrower,QuiverDance,Protect,TeraBlast|||F|||50|,,,,,Fairy]Palafin||MysticWater|ZerotoHero|WaveCrash,JetPunch,Protect,CloseCombat|||F|||50|,,,,,Fighting]Rillaboom||AssaultVest|GrassySurge|WoodHammer,GrassyGlide,FakeOut,HighHorsepower|||M|||50|,,,,,Fire]Kingambit||BlackGlasses|Defiant|KowtowCleave,SuckerPunch,SwordsDance,Protect|||M|||50|,,,,,Ghost]Electabuzz||Eviolite|VitalSpirit|FollowMe,HelpingHand,Electroweb,Protect|||M|||50|,,,,,Water
|c|‚òÜyousickbastard|reg h it happens
|c|‚òÜMaybe ALTcom|true but hella annoyinh
|c|‚òÜyousickbastard|yea
|
|t:|1757768145
|teamsize|p1|4
|teamsize|p2|4
|start
|switch|p1a: Gholdengo|Gholdengo, L50|100/100
|switch|p1b: Rillaboom|Rillaboom, L50, M|100/100
|switch|p2a: Dragapult|Dragapult, L50, M|100/100
|switch|p2b: Volcarona|Volcarona, L50, F|100/100
|-fieldstart|move: Grassy Terrain|[from] ability: Grassy Surge|[of] p1b: Rillaboom
|-enditem|p2b: Volcarona|Grassy Seed
|-boost|p2b: Volcarona|def|1|[from] item: Grassy Seed
|-enditem|p1a: Gholdengo|Grassy Seed
|-boost|p1a: Gholdengo|def|1|[from] item: Grassy Seed
|turn|1
|
|t:|1757768170
|move|p1b: Rillaboom|Fake Out|p2b: Volcarona
|-damage|p2b: Volcarona|90/100
|move|p2a: Dragapult|U-turn|p1b: Rillaboom
|-supereffective|p1b: Rillaboom
|-damage|p1b: Rillaboom|22/100
|
|t:|1757768174
|switch|p2a: Electabuzz|Electabuzz, L50, M|100/100|[from] U-turn
|cant|p2b: Volcarona|flinch
|move|p1a: Gholdengo|Nasty Plot|p1a: Gholdengo
|-boost|p1a: Gholdengo|spa|2
|
|-heal|p2b: Volcarona|96/100|[from] Grassy Terrain
|-heal|p1b: Rillaboom|28/100|[from] Grassy Terrain
|upkeep
|turn|2
|
|t:|1757768198
|switch|p1b: Sneasler|Sneasler, L50, M|100/100
|-terastallize|p1a: Gholdengo|Water
|move|p2a: Electabuzz|Follow Me|p2a: Electabuzz
|-singleturn|p2a: Electabuzz|move: Follow Me
|move|p2b: Volcarona|Quiver Dance|p2b: Volcarona
|-boost|p2b: Volcarona|spa|1
|-boost|p2b: Volcarona|spd|1
|-boost|p2b: Volcarona|spe|1
|move|p1a: Gholdengo|Nasty Plot|p1a: Gholdengo
|-boost|p1a: Gholdengo|spa|2
|
|-heal|p2b: Volcarona|100/100|[from] Grassy Terrain
|upkeep
|turn|3
|
|t:|1757768223
|move|p1a: Gholdengo|Protect|p1a: Gholdengo
|-singleturn|p1a: Gholdengo|Protect
|move|p2a: Electabuzz|Follow Me|p2a: Electabuzz
|-singleturn|p2a: Electabuzz|move: Follow Me
|move|p2b: Volcarona|Tera Blast|p1a: Gholdengo
|-activate|p1a: Gholdengo|move: Protect
|move|p1b: Sneasler|Dire Claw|p2a: Electabuzz
|-damage|p2a: Electabuzz|56/100
|
|-heal|p2a: Electabuzz|62/100|[from] Grassy Terrain
|upkeep
|turn|4
|
|t:|1757768241
|move|p1b: Sneasler|Protect|p1b: Sneasler
|-singleturn|p1b: Sneasler|Protect
|move|p2a: Electabuzz|Follow Me|p2a: Electabuzz
|-singleturn|p2a: Electabuzz|move: Follow Me
|move|p2b: Volcarona|Tera Blast|p1a: Gholdengo
|-damage|p1a: Gholdengo|61/100
|move|p1a: Gholdengo|Make It Rain|p2b: Volcarona|[spread] p2a,p2b
|-resisted|p2a: Electabuzz
|-resisted|p2b: Volcarona
|-damage|p2a: Electabuzz|5/100
|-damage|p2b: Volcarona|64/100
|-unboost|p1a: Gholdengo|spa|1
|
|-heal|p2b: Volcarona|70/100|[from] Grassy Terrain
|-heal|p2a: Electabuzz|11/100|[from] Grassy Terrain
|-heal|p1a: Gholdengo|67/100|[from] Grassy Terrain
|upkeep
|turn|5
|
|t:|1757768265
|move|p2a: Electabuzz|Follow Me|p2a: Electabuzz
|-singleturn|p2a: Electabuzz|move: Follow Me
|move|p2b: Volcarona|Flamethrower|p1b: Sneasler
|-damage|p1b: Sneasler|22/100
|move|p1b: Sneasler|Dire Claw|p2a: Electabuzz
|-damage|p2a: Electabuzz|0 fnt
|faint|p2a: Electabuzz
|move|p1a: Gholdengo|Nasty Plot|p1a: Gholdengo
|-boost|p1a: Gholdengo|spa|2
|
|-heal|p2b: Volcarona|77/100|[from] Grassy Terrain
|-heal|p1b: Sneasler|28/100|[from] Grassy Terrain
|-heal|p1a: Gholdengo|73/100|[from] Grassy Terrain
|-fieldend|move: Grassy Terrain
|upkeep
|c|‚òÜMaybe ALTcom|wtf
|c|‚òÜMaybe ALTcom|y tf is volc so damn week
|
|t:|1757768282
|switch|p2a: Dragapult|Dragapult, L50, M|100/100
|turn|6
|c|‚òÜyousickbastard|sneas is bulky
|c|‚òÜMaybe ALTcom|nah
|c|‚òÜMaybe ALTcom|!dt neasler
'neasler' has no exact match. Approximate match:
|raw|DOU  Sneasler  PressureUnburdenPoison TouchHP80 Atk130 Def60 SpA40 SpD80 Spe120 BST510 
|raw|Dex#: 903 |  Gen: 8 |  Height: 1.3 m |  Weight: 43 kg (60 BP) |  Dex Colour: Blue |  Egg Group(s): Field |  Pre-Evolution: Sneasel-Hisui |  Does Not Evolve

|c|‚òÜMaybe ALTcom|80 hp
|c|‚òÜMaybe ALTcom|80 spdef not bulk y
|inactive|Battle timer is ON: inactive players will automatically lose when time's up. (requested by Maybe ALTcom)
|c|‚òÜyousickbastard|i have 172 hp evs and 4 spd evs
|c|‚òÜMaybe ALTcom|holy bulk
|c|‚òÜMaybe ALTcom|where is your attack then man
|c|‚òÜyousickbastard|im 92 adamant
|inactive|yousickbastard has 60 seconds left.
|c|‚òÜMaybe ALTcom|oh
|
|t:|1757768383
|switch|p1b: Dragonite|Dragonite, L50, F|100/100
|move|p1a: Gholdengo|Protect|p1a: Gholdengo
|-singleturn|p1a: Gholdengo|Protect
|move|p2b: Volcarona|Quiver Dance|p2b: Volcarona
|-boost|p2b: Volcarona|spa|1
|-boost|p2b: Volcarona|spd|1
|-boost|p2b: Volcarona|spe|1
|move|p2a: Dragapult|Dragon Darts|p1b: Dragonite
|-supereffective|p1b: Dragonite
|-damage|p1b: Dragonite|51/100
|-anim|p2a: Dragapult|Dragon Darts|p1b: Dragonite
|-supereffective|p1b: Dragonite
|-damage|p1b: Dragonite|0 fnt
|faint|p1b: Dragonite
|
|upkeep
|
|t:|1757768393
|switch|p1b: Rillaboom|Rillaboom, L50, M|28/100
|-fieldstart|move: Grassy Terrain|[from] ability: Grassy Surge|[of] p1b: Rillaboom
|turn|7
|inactive|Maybe ALTcom has 30 seconds left.
|
|t:|1757768419
|switch|p2a: Kingambit|Kingambit, L50, M|100/100
|switch|p1b: Sneasler|Sneasler, L50, M|28/100
|move|p2b: Volcarona|Protect|p2b: Volcarona
|-singleturn|p2b: Volcarona|Protect
|move|p1a: Gholdengo|Make It Rain|p2a: Kingambit|[spread] p2a
|-activate|p2b: Volcarona|move: Protect
|-resisted|p2a: Kingambit
|-damage|p2a: Kingambit|23/100
|-unboost|p1a: Gholdengo|spa|1
|
|-heal|p2b: Volcarona|83/100|[from] Grassy Terrain
|-heal|p1b: Sneasler|34/100|[from] Grassy Terrain
|-heal|p1a: Gholdengo|80/100|[from] Grassy Terrain
|-heal|p2a: Kingambit|29/100|[from] Grassy Terrain
|upkeep
|turn|8
|inactive|Maybe ALTcom has 30 seconds left.
|inactive|Maybe ALTcom has 20 seconds left.
|
|t:|1757768458
|move|p1b: Sneasler|Protect|p1b: Sneasler
|-singleturn|p1b: Sneasler|Protect
|move|p2b: Volcarona|Flamethrower|p1b: Sneasler
|-activate|p1b: Sneasler|move: Protect
|move|p1a: Gholdengo|Make It Rain|p2a: Kingambit|[spread] p2a,p2b
|-resisted|p2a: Kingambit
|-resisted|p2b: Volcarona
|-damage|p2a: Kingambit|0 fnt
|-damage|p2b: Volcarona|53/100
|-unboost|p1a: Gholdengo|spa|1
|faint|p2a: Kingambit
|
|-heal|p2b: Volcarona|59/100|[from] Grassy Terrain
|-heal|p1b: Sneasler|41/100|[from] Grassy Terrain
|-heal|p1a: Gholdengo|86/100|[from] Grassy Terrain
|upkeep
|
|t:|1757768461
|switch|p2a: Dragapult|Dragapult, L50, M|100/100
|turn|9
|
|t:|1757768476
|move|p2b: Volcarona|Quiver Dance|p2b: Volcarona
|-boost|p2b: Volcarona|spa|1
|-boost|p2b: Volcarona|spd|1
|-boost|p2b: Volcarona|spe|1
|move|p2a: Dragapult|Dragon Darts|p1a: Gholdengo
|-damage|p1a: Gholdengo|61/100
|-anim|p2a: Dragapult|Dragon Darts|p1b: Sneasler
|-damage|p1b: Sneasler|0 fnt
|faint|p1b: Sneasler
|move|p1a: Gholdengo|Shadow Ball|p2a: Dragapult
|-supereffective|p2a: Dragapult
|-damage|p2a: Dragapult|0 fnt
|faint|p2a: Dragapult
|
|-heal|p2b: Volcarona|66/100|[from] Grassy Terrain
|-heal|p1a: Gholdengo|67/100|[from] Grassy Terrain
|upkeep
|c|‚òÜMaybe ALTcom|dam
|c|‚òÜMaybe ALTcom|well played
|
|t:|1757768486
|switch|p1b: Rillaboom|Rillaboom, L50, M|28/100
|turn|10
|c|‚òÜyousickbastard|i lose
|inactive|yousickbastard has 30 seconds left.
|
|t:|1757768516
|move|p2b: Volcarona|Protect|p2b: Volcarona
|-singleturn|p2b: Volcarona|Protect
|move|p1b: Rillaboom|Fake Out|p2b: Volcarona
|-activate|p2b: Volcarona|move: Protect
|move|p1a: Gholdengo|Nasty Plot|p1a: Gholdengo
|-boost|p1a: Gholdengo|spa|2
|
|-heal|p2b: Volcarona|72/100|[from] Grassy Terrain
|-heal|p1b: Rillaboom|34/100|[from] Grassy Terrain
|-heal|p1a: Gholdengo|73/100|[from] Grassy Terrain
|upkeep
|turn|11
|c|‚òÜMaybe ALTcom|volc cant ko gold
|
|t:|1757768538
|move|p2b: Volcarona|Flamethrower|p1b: Rillaboom
|-supereffective|p1b: Rillaboom
|-damage|p1b: Rillaboom|0 fnt
|faint|p1b: Rillaboom
|move|p1a: Gholdengo|Shadow Ball|p2b: Volcarona
|-damage|p2b: Volcarona|27/100
|-unboost|p2b: Volcarona|spd|1
|
|-heal|p2b: Volcarona|33/100|[from] Grassy Terrain
|-heal|p1a: Gholdengo|80/100|[from] Grassy Terrain
|-fieldend|move: Grassy Terrain
|upkeep
|turn|12
|c|‚òÜyousickbastard|it can
|c|‚òÜyousickbastard|nvm
|c|‚òÜMaybe ALTcom|now it can
|c|‚òÜyousickbastard|its a 2hko def
|c|‚òÜMaybe ALTcom|I have tera
|c|‚òÜMaybe ALTcom|I think its a roll
|inactive|yousickbastard has 30 seconds left.
|c|‚òÜyousickbastard|yea
|c|‚òÜyousickbastard|it is
|inactive|yousickbastard has 20 seconds left.
|inactive|yousickbastard has 15 seconds left.
|
|t:|1757768583
|-terastallize|p2b: Volcarona|Fairy
|move|p2b: Volcarona|Tera Blast|p1a: Gholdengo|[anim] Tera Blast Fairy
|-damage|p1a: Gholdengo|0 fnt
|faint|p1a: Gholdengo
|
|win|Maybe ALTcom
||yousickbastard is ready for game 3.
||Maybe ALTcom is ready for game 3.
|uhtml|next|Next: Game 3 of 3
|l|‚òÜMaybe ALTcom
|player|p2|
