|j|☆m111naaaa
|j|☆rokesaurio
|html|m111naaaarokesaurio    
|uhtml|bestof|Game 3 of a best-of-3
|t:|1755692629
|gametype|doubles
|player|p1|m111naaaa|102|1206
|player|p2|rokesaurio|102|1185
|gen|9
|tier|[Gen 9] VGC 2025 Reg H (Bo3)
|rated|
|rule|Species Clause: Limit one of each Pokémon
|rule|Item Clause: Limit 1 of each item
|clearpoke
|poke|p1|Kingambit, L50, F|
|poke|p1|Rillaboom, L50, F|
|poke|p1|Electabuzz, L50, M|
|poke|p1|Volcarona, L50, M|
|poke|p1|Sneasler, L50, F|
|poke|p1|Dragonite, L50, F|
|poke|p2|Archaludon, L50, F|
|poke|p2|Pelipper, L50, F|
|poke|p2|Ursaluna, L50, M|
|poke|p2|Sinistcha-Masterpiece, L50|
|poke|p2|Dragonite, L50, F|
|poke|p2|Incineroar, L50, F|
|teampreview|4
|showteam|p1|Kingambit||BlackGlasses|Defiant|Protect,KowtowCleave,SuckerPunch,SwordsDance|||F|||50|,,,,,Dark]Rillaboom||AssaultVest|GrassySurge|WoodHammer,GrassyGlide,HighHorsepower,FakeOut|||F|||50|,,,,,Fire]Electabuzz||Eviolite|VitalSpirit|Protect,Thunderbolt,HelpingHand,FollowMe|||M|||50|,,,,,Ghost]Volcarona||CovertCloak|FlameBody|Protect,HeatWave,TeraBlast,QuiverDance|||M|||50|,,,,,Fairy]Sneasler||FocusSash|Unburden|CloseCombat,DireClaw,Coaching,FakeOut|||F|||50|,,,,,Stellar]Dragonite||LoadedDice|Multiscale|ScaleShot,Haze,ExtremeSpeed,Protect|||F|||50|,,,,,Fairy
|showteam|p2|Archaludon||AssaultVest|Stamina|ElectroShot,Snarl,FlashCannon,BodyPress|||F|||50|,,,,,Fighting]Pelipper||FocusSash|Drizzle|MuddyWater,Protect,WideGuard,Hurricane|||F|||50|,,,,,Ghost]Ursaluna||FlameOrb|Guts|Facade,HeadlongRush,Protect,Earthquake|||M|||50|,,,,,Ghost]Sinistcha-Masterpiece||SitrusBerry|Hospitality|MatchaGotcha,TrickRoom,RagePowder,LifeDew||||||50|,,,,,Water]Dragonite||LoadedDice|Multiscale|ScaleShot,Haze,Tailwind,Protect|||F|||50|,,,,,Fairy]Incineroar||SafetyGoggles|Intimidate|FlareBlitz,FakeOut,PartingShot,KnockOff|||F|||50|,,,,,Flying
|inactive|Battle timer is ON: inactive players will automatically lose when time's up. (requested by rokesaurio)
|
|t:|1755692657
|teamsize|p1|4
|teamsize|p2|4
|start
|switch|p1a: Trunkmeister|Rillaboom, L50, F, shiny|100/100
|switch|p1b: Volcarona|Volcarona, L50, M, shiny|100/100
|switch|p2a: Pelipper|Pelipper, L50, F|100/100
|switch|p2b: Archaludon|Archaludon, L50, F|100/100
|-weather|RainDance|[from] ability: Drizzle|[of] p2a: Pelipper
|-fieldstart|move: Grassy Terrain|[from] ability: Grassy Surge|[of] p1a: Trunkmeister
|turn|1
|
|t:|1755692669
|move|p1a: Trunkmeister|Fake Out|p2a: Pelipper
|-damage|p2a: Pelipper|84/100
|move|p1b: Volcarona|Quiver Dance|p1b: Volcarona
|-boost|p1b: Volcarona|spa|1
|-boost|p1b: Volcarona|spd|1
|-boost|p1b: Volcarona|spe|1
|move|p2b: Archaludon|Electro Shot||[still]
|-prepare|p2b: Archaludon|Electro Shot
|-boost|p2b: Archaludon|spa|1
|-anim|p2b: Archaludon|Electro Shot|p1b: Volcarona
|-damage|p1b: Volcarona|65/100
|cant|p2a: Pelipper|flinch
|
|-weather|RainDance|[upkeep]
|-heal|p1b: Volcarona|71/100|[from] Grassy Terrain
|upkeep
|turn|2
|
|t:|1755692690
|switch|p1a: Litofsky|Electabuzz, L50, M, shiny|100/100
|move|p1b: Volcarona|Protect|p1b: Volcarona
|-singleturn|p1b: Volcarona|Protect
|move|p2b: Archaludon|Electro Shot||[still]
|-prepare|p2b: Archaludon|Electro Shot
|-boost|p2b: Archaludon|spa|1
|-anim|p2b: Archaludon|Electro Shot|p1b: Volcarona
|-activate|p1b: Volcarona|move: Protect
|move|p2a: Pelipper|Hurricane|p1a: Litofsky
|-resisted|p1a: Litofsky
|-damage|p1a: Litofsky|79/100
|
|-weather|RainDance|[upkeep]
|-heal|p1b: Volcarona|78/100|[from] Grassy Terrain
|-heal|p1a: Litofsky|85/100|[from] Grassy Terrain
|upkeep
|turn|3
|
|t:|1755692710
|move|p1a: Litofsky|Follow Me|p1a: Litofsky
|-singleturn|p1a: Litofsky|move: Follow Me
|move|p1b: Volcarona|Quiver Dance|p1b: Volcarona
|-boost|p1b: Volcarona|spa|1
|-boost|p1b: Volcarona|spd|1
|-boost|p1b: Volcarona|spe|1
|move|p2b: Archaludon|Electro Shot||[still]
|-prepare|p2b: Archaludon|Electro Shot
|-boost|p2b: Archaludon|spa|1
|-anim|p2b: Archaludon|Electro Shot|p1a: Litofsky
|-resisted|p1a: Litofsky
|-damage|p1a: Litofsky|48/100
|move|p2a: Pelipper|Muddy Water|p1b: Volcarona|[spread] p1a,p1b
|-supereffective|p1b: Volcarona
|-damage|p1a: Litofsky|12/100
|-damage|p1b: Volcarona|33/100
|
|-weather|RainDance|[upkeep]
|-heal|p1b: Volcarona|39/100|[from] Grassy Terrain
|-heal|p1a: Litofsky|18/100|[from] Grassy Terrain
|upkeep
|turn|4
|
|t:|1755692726
|-terastallize|p1b: Volcarona|Fairy
|move|p1a: Litofsky|Follow Me|p1a: Litofsky
|-singleturn|p1a: Litofsky|move: Follow Me
|move|p1b: Volcarona|Quiver Dance|p1b: Volcarona
|-boost|p1b: Volcarona|spa|1
|-boost|p1b: Volcarona|spd|1
|-boost|p1b: Volcarona|spe|1
|move|p2b: Archaludon|Snarl|p1a: Litofsky|[spread] p1a,p1b
|-resisted|p1b: Volcarona
|-damage|p1a: Litofsky|0 fnt
|-damage|p1b: Volcarona|34/100
|faint|p1a: Litofsky
|move|p2a: Pelipper|Muddy Water|p1b: Volcarona
|-damage|p1b: Volcarona|9/100
|
|-weather|RainDance|[upkeep]
|-heal|p1b: Volcarona|15/100|[from] Grassy Terrain
|upkeep
|
|t:|1755692742
|switch|p1a: Trunkmeister|Rillaboom, L50, F, shiny|100/100
|turn|5
|
|t:|1755692756
|move|p1a: Trunkmeister|Fake Out|p2b: Archaludon
|-resisted|p2b: Archaludon
|-damage|p2b: Archaludon|95/100
|-ability|p2b: Archaludon|Stamina|boost
|-boost|p2b: Archaludon|def|1
|move|p1b: Volcarona|Tera Blast|p2b: Archaludon|[anim] Tera Blast Fairy
|-damage|p2b: Archaludon|33/100
|-ability|p2b: Archaludon|Stamina|boost
|-boost|p2b: Archaludon|def|1
|cant|p2b: Archaludon|flinch
|move|p2a: Pelipper|Hurricane|p1b: Volcarona
|-damage|p1b: Volcarona|0 fnt
|faint|p1b: Volcarona
|
|-weather|none
|-heal|p2b: Archaludon|39/100|[from] Grassy Terrain
|-fieldend|move: Grassy Terrain
|upkeep
|
|t:|1755692769
|switch|p1b: All for One|Dragonite, L50, F|100/100
|turn|6
|
|t:|1755692782
|switch|p2a: Sinistcha|Sinistcha-Masterpiece, L50|100/100
|-heal|p2b: Archaludon|64/100|[from] ability: Hospitality|[of] p2a: Sinistcha
|move|p1b: All for One|Scale Shot|p2a: Sinistcha
|-damage|p2a: Sinistcha|89/100
|-damage|p2a: Sinistcha|76/100
|-crit|p2a: Sinistcha
|-damage|p2a: Sinistcha|58/100
|-damage|p2a: Sinistcha|46/100
|-enditem|p2a: Sinistcha|Sitrus Berry|[eat]
|-heal|p2a: Sinistcha|71/100|[from] item: Sitrus Berry
|-hitcount|p2a: Sinistcha|4
|-unboost|p1b: All for One|def|1
|-boost|p1b: All for One|spe|1
|move|p2b: Archaludon|Body Press|p1a: Trunkmeister
|-damage|p1a: Trunkmeister|60/100
|move|p1a: Trunkmeister|High Horsepower|p2b: Archaludon
|-supereffective|p2b: Archaludon
|-damage|p2b: Archaludon|39/100
|-ability|p2b: Archaludon|Stamina|boost
|-boost|p2b: Archaludon|def|1
|
|upkeep
|turn|7
|inactive|m111naaaa has 30 seconds left.
|inactive|rokesaurio has 30 seconds left.
|
|t:|1755692816
|switch|p2a: Pelipper|Pelipper, L50, F|84/100
|-weather|RainDance|[from] ability: Drizzle|[of] p2a: Pelipper
|-terastallize|p2b: Archaludon|Fighting
|move|p1b: All for One|Haze|p1b: All for One
|-clearallboost
|move|p2b: Archaludon|Electro Shot||[still]
|-prepare|p2b: Archaludon|Electro Shot
|-boost|p2b: Archaludon|spa|1
|-anim|p2b: Archaludon|Electro Shot|p1b: All for One
|-damage|p1b: All for One|72/100
|move|p1a: Trunkmeister|High Horsepower|p2b: Archaludon
|-damage|p2b: Archaludon|17/100
|-ability|p2b: Archaludon|Stamina|boost
|-boost|p2b: Archaludon|def|1
|
|-weather|RainDance|[upkeep]
|upkeep
|turn|8
|
|t:|1755692840
|switch|p2b: Sinistcha|Sinistcha-Masterpiece, L50|71/100
|-heal|p2a: Pelipper|100/100|[from] ability: Hospitality|[of] p2b: Sinistcha
|move|p1b: All for One|Extreme Speed|p2b: Sinistcha
|-immune|p2b: Sinistcha
|move|p2a: Pelipper|Hurricane|p1a: Trunkmeister
|-supereffective|p1a: Trunkmeister
|-damage|p1a: Trunkmeister|0 fnt
|faint|p1a: Trunkmeister
|
|-weather|RainDance|[upkeep]
|upkeep
|turn|9
|
|t:|1755692855
|move|p1b: All for One|Scale Shot|p2a: Pelipper
|-damage|p2a: Pelipper|80/100
|-damage|p2a: Pelipper|60/100
|-damage|p2a: Pelipper|39/100
|-damage|p2a: Pelipper|19/100
|-hitcount|p2a: Pelipper|4
|-unboost|p1b: All for One|def|1
|-boost|p1b: All for One|spe|1
|move|p2a: Pelipper|Hurricane|p1b: All for One
|-damage|p1b: All for One|15/100
|move|p2b: Sinistcha|Matcha Gotcha|p1b: All for One
|-resisted|p1b: All for One
|-damage|p1b: All for One|7/100
|-heal|p2b: Sinistcha|75/100|[from] drain|[of] p1b: All for One
|
|-weather|RainDance|[upkeep]
|upkeep
|turn|10
|
|t:|1755692871
|move|p2b: Sinistcha|Rage Powder|p2b: Sinistcha
|-singleturn|p2b: Sinistcha|move: Rage Powder
|move|p1b: All for One|Scale Shot|p2b: Sinistcha|[miss]
|-miss|p1b: All for One|p2b: Sinistcha
|move|p2a: Pelipper|Hurricane|p1b: All for One
|-damage|p1b: All for One|0 fnt
|faint|p1b: All for One
|
|win|rokesaurio
|raw|m111naaaa's rating: 1206 → 1179(-27 for losing)
|raw|rokesaurio's rating: 1185 → 1212(+27 for winning)
|l|☆rokesaurio
|player|p2|
