|j|☆Ghhhgggvvbbjjhh
|j|☆ENDERTYTAR
|html|GhhhgggvvbbjjhhENDERTYTAR    
|uhtml|bestof|Game 2 of a best-of-3
|t:|1785947864
|gametype|doubles
|player|p1|Ghhhgggvvbbjjhh|266|1040
|player|p2|ENDERTYTAR|170|1082
|gen|9
|tier|[Gen 9 Champions] VGC 2026 Reg M-B (Bo3)
|rated|
|rule|Species Clause: Limit one of each Pokémon
|rule|Item Clause: Limit 1 of each item
|clearpoke
|poke|p1|Basculegion, L50, M|
|poke|p1|Garchomp, L50, F|
|poke|p1|Scizor, L50, F|
|poke|p1|Tyranitar, L50, F|
|poke|p1|Sneasler, L50, F|
|poke|p1|Corviknight, L50, F|
|poke|p2|Charizard, L50, M|
|poke|p2|Milotic, L50, M|
|poke|p2|Grimmsnarl, L50, M|
|poke|p2|Sinistcha, L50|
|poke|p2|Incineroar, L50, M|
|poke|p2|Floette-Eternal, L50, F|
|teampreview|4
|showteam|p1|Basculegion||SitrusBerry|Adaptability|WaveCrash,LastRespects,AquaJet,Protect|Jolly||M|||50|]Garchomp||Garchompite|RoughSkin|EarthPower,DracoMeteor,PowerGem,Protect|Modest||F|||50|]Scizor||LifeOrb|Technician|BulletPunch,BugBite,SwordsDance,Protect|Adamant||F|||50|]Tyranitar||ChoiceScarf|SandStream|RockSlide,KnockOff,IcePunch,Superpower|Jolly||F|||50|]Sneasler||FocusSash|PoisonTouch|PoisonJab,CloseCombat,FakeOut,Protect|Jolly||F|||50|]Corviknight||Leftovers|MirrorArmor|IronHead,BraveBird,Tailwind,Protect|Impish||F|||50|
|showteam|p2|Charizard||CharizarditeX|Blaze|Protect,DragonRush,FlareBlitz,DragonDance|Adamant||M|||50|]Milotic||Leftovers|Competitive|Coil,MuddyWater,Hypnosis,Protect|Calm||M|||50|]Grimmsnarl||LightClay|Prankster|LightScreen,Reflect,SpiritBreak,PartingShot|Impish||M|||50|]Sinistcha||ColburBerry|Hospitality|MatchaGotcha,TrickRoom,RagePowder,Protect|Calm|||||50|]Incineroar||SitrusBerry|Intimidate|FakeOut,FlareBlitz,PartingShot,ThroatChop|Adamant||M|||50|]Floette-Eternal||Floettite|FlowerVeil|Protect,Moonblast,DazzlingGleam,CalmMind|Modest||F|||50|
|inactive|Battle timer is ON: inactive players will automatically lose when time's up. (requested by Ghhhgggvvbbjjhh)
|
|t:|1785947878
|teamsize|p1|4
|teamsize|p2|4
|start
|switch|p1a: Tyranitar|Tyranitar, L50, F|100/100
|switch|p1b: Garchomp|Garchomp, L50, F|100/100
|switch|p2a: Milotic|Milotic, L50, M|100/100
|switch|p2b: Grimmsnarl|Grimmsnarl, L50, M|100/100
|-weather|Sandstorm|[from] ability: Sand Stream|[of] p1a: Tyranitar
|turn|1
|inactive|ENDERTYTAR has 30 seconds left.
|inactive|ENDERTYTAR has 20 seconds left.
|inactive|ENDERTYTAR has 15 seconds left.
|
|t:|1785947918
|detailschange|p1b: Garchomp|Garchomp-Mega, L50, F
|-mega|p1b: Garchomp|Garchomp|Garchompite
|move|p2a: Milotic|Protect|p2a: Milotic
|-singleturn|p2a: Milotic|Protect
|move|p2b: Grimmsnarl|Light Screen|p2b: Grimmsnarl
|-sidestart|p2: ENDERTYTAR|move: Light Screen
|move|p1a: Tyranitar|Knock Off|p2a: Milotic
|-activate|p2a: Milotic|move: Protect
|move|p1b: Garchomp|Earth Power|p2a: Milotic
|-activate|p2a: Milotic|move: Protect
|
|-weather|Sandstorm|[upkeep]
|-damage|p2a: Milotic|94/100|[from] Sandstorm
|-damage|p2b: Grimmsnarl|94/100|[from] Sandstorm
|-heal|p2a: Milotic|100/100|[from] item: Leftovers
|upkeep
|turn|2
|
|t:|1785947933
|move|p2b: Grimmsnarl|Reflect|p2b: Grimmsnarl
|-sidestart|p2: ENDERTYTAR|Reflect
|move|p1a: Tyranitar|Knock Off|p2a: Milotic
|-damage|p2a: Milotic|69/100
|-enditem|p2a: Milotic|Leftovers|[from] move: Knock Off|[of] p1a: Tyranitar
|move|p1b: Garchomp|Power Gem|p2a: Milotic
|-damage|p2a: Milotic|53/100
|move|p2a: Milotic|Hypnosis|p1a: Tyranitar|[miss]
|-miss|p2a: Milotic|p1a: Tyranitar
|
|-weather|Sandstorm|[upkeep]
|-damage|p2a: Milotic|48/100|[from] Sandstorm
|-damage|p2b: Grimmsnarl|88/100|[from] Sandstorm
|upkeep
|turn|3
|
|t:|1785947944
|move|p1a: Tyranitar|Knock Off|p2a: Milotic
|-damage|p2a: Milotic|27/100
|move|p1b: Garchomp|Earth Power|p2a: Milotic
|-damage|p2a: Milotic|0 fnt
|faint|p2a: Milotic
|move|p2b: Grimmsnarl|Spirit Break|p1b: Garchomp
|-supereffective|p1b: Garchomp|1
|-damage|p1b: Garchomp|49/100
|-unboost|p1b: Garchomp|spa|1
|
|-weather|Sandstorm|[upkeep]
|-damage|p2b: Grimmsnarl|82/100|[from] Sandstorm
|upkeep
|
|t:|1785947948
|switch|p2a: Sinistcha|Sinistcha, L50|100/100
|-heal|p2b: Grimmsnarl|100/100|[from] ability: Hospitality|[of] p2a: Sinistcha
|turn|4
|
|t:|1785947960
|move|p1b: Garchomp|Protect|p1b: Garchomp
|-singleturn|p1b: Garchomp|Protect
|move|p1a: Tyranitar|Knock Off|p2a: Sinistcha
|-supereffective|p2a: Sinistcha|1
|-enditem|p2a: Sinistcha|Colbur Berry|[eat]
|-enditem|p2a: Sinistcha|Colbur Berry|[weaken]
|-damage|p2a: Sinistcha|67/100
|move|p2b: Grimmsnarl|Spirit Break|p1b: Garchomp
|-activate|p1b: Garchomp|move: Protect
|move|p2a: Sinistcha|Trick Room|p2a: Sinistcha
|-fieldstart|move: Trick Room|[of] p2a: Sinistcha
|
|-weather|Sandstorm|[upkeep]
|-damage|p2b: Grimmsnarl|94/100|[from] Sandstorm
|-damage|p2a: Sinistcha|61/100|[from] Sandstorm
|upkeep
|turn|5
|
|t:|1785947977
|switch|p1b: Sneasler|Sneasler, L50, F|100/100
|move|p2b: Grimmsnarl|Spirit Break|p1a: Tyranitar
|-supereffective|p1a: Tyranitar|1
|-damage|p1a: Tyranitar|45/100
|-unboost|p1a: Tyranitar|spa|1
|move|p2a: Sinistcha|Matcha Gotcha|p1a: Tyranitar|[spread] p1a,p1b
|-supereffective|p1a: Tyranitar|1
|-crit|p1a: Tyranitar
|-resisted|p1b: Sneasler|1
|-damage|p1a: Tyranitar|0 fnt
|-heal|p2a: Sinistcha|84/100|[from] drain|[of] p1a: Tyranitar
|-damage|p1b: Sneasler|82/100
|-heal|p2a: Sinistcha|92/100|[from] drain|[of] p1b: Sneasler
|faint|p1a: Tyranitar
|
|-weather|none
|upkeep
|
|t:|1785947993
|switch|p1a: Garchomp|Garchomp-Mega, L50, F|49/100
|turn|6
|
|t:|1785948003
|move|p1b: Sneasler|Fake Out|p2b: Grimmsnarl
|-damage|p2b: Grimmsnarl|84/100
|cant|p2b: Grimmsnarl|flinch
|move|p2a: Sinistcha|Matcha Gotcha|p1a: Garchomp|[spread] p1a,p1b
|-resisted|p1b: Sneasler|1
|-damage|p1a: Garchomp|24/100
|-heal|p2a: Sinistcha|100/100|[from] drain|[of] p1a: Garchomp
|-damage|p1b: Sneasler|65/100
|move|p1a: Garchomp|Draco Meteor|p2a: Sinistcha
|-damage|p2a: Sinistcha|58/100
|-unboost|p1a: Garchomp|spa|2
|
|upkeep
|turn|7
|
|t:|1785948021
|move|p1a: Garchomp|Protect|p1a: Garchomp
|-singleturn|p1a: Garchomp|Protect
|move|p2b: Grimmsnarl|Spirit Break|p1a: Garchomp
|-activate|p1a: Garchomp|move: Protect
|move|p2a: Sinistcha|Matcha Gotcha|p1b: Sneasler|[spread] p1b
|-activate|p1a: Garchomp|move: Protect
|-resisted|p1b: Sneasler|1
|-damage|p1b: Sneasler|50/100g
|-heal|p2a: Sinistcha|65/100|[from] drain|[of] p1b: Sneasler
|move|p1b: Sneasler|Poison Jab|p2b: Grimmsnarl
|-supereffective|p2b: Grimmsnarl|1
|-damage|p2b: Grimmsnarl|30/100
|-status|p2b: Grimmsnarl|psn
|
|-damage|p2b: Grimmsnarl|18/100 psn|[from] psn
|upkeep
|turn|8
|
|t:|1785948044
|move|p1a: Garchomp|Protect||[still]
|-fail|p1a: Garchomp
|move|p1b: Sneasler|Protect|p1b: Sneasler
|-singleturn|p1b: Sneasler|Protect
|move|p2b: Grimmsnarl|Spirit Break|p1b: Sneasler
|-activate|p1b: Sneasler|move: Protect
|move|p2a: Sinistcha|Matcha Gotcha|p1a: Garchomp|[spread] 
|-activate|p1b: Sneasler|move: Protect
|-miss|p2a: Sinistcha|p1a: Garchomp
|
|-damage|p2b: Grimmsnarl|5/100 psn|[from] psn
|-sideend|p2: ENDERTYTAR|move: Light Screen
|-fieldend|move: Trick Room
|upkeep
|turn|9
|
|t:|1785948068
|switch|p1a: Basculegion|Basculegion, L50, M|100/100
|move|p2b: Grimmsnarl|Parting Shot|p1b: Sneasler
|-unboost|p1b: Sneasler|atk|1
|-unboost|p1b: Sneasler|spa|1
|
|t:|1785948074
|switch|p2b: Charizard|Charizard, L50, M|100/100|[from] Parting Shot
|move|p1b: Sneasler|Poison Jab|p2a: Sinistcha
|-damage|p2a: Sinistcha|50/100y
|move|p2a: Sinistcha|Trick Room|p2a: Sinistcha
|-fieldstart|move: Trick Room|[of] p2a: Sinistcha
|
|-sideend|p2: ENDERTYTAR|Reflect
|upkeep
|turn|10
|
|t:|1785948085
|detailschange|p2b: Charizard|Charizard-Mega-X, L50, M
|-mega|p2b: Charizard|Charizard|Charizardite X
|move|p1a: Basculegion|Protect|p1a: Basculegion
|-singleturn|p1a: Basculegion|Protect
|move|p2a: Sinistcha|Matcha Gotcha|p1b: Sneasler|[spread] p1b
|-activate|p1a: Basculegion|move: Protect
|-resisted|p1b: Sneasler|1
|-damage|p1b: Sneasler|33/100
|-heal|p2a: Sinistcha|57/100|[from] drain|[of] p1b: Sneasler
|move|p2b: Charizard|Dragon Rush|p1a: Basculegion
|-activate|p1a: Basculegion|move: Protect
|move|p1b: Sneasler|Poison Jab|p2a: Sinistcha
|-damage|p2a: Sinistcha|33/100
|
|upkeep
|turn|11
|
|t:|1785948107
|switch|p1a: Garchomp|Garchomp-Mega, L50, F|24/100
|move|p2a: Sinistcha|Matcha Gotcha|p1a: Garchomp|[spread] p1a
|-miss|p2a: Sinistcha|p1b: Sneasler
|-damage|p1a: Garchomp|1/100
|-heal|p2a: Sinistcha|46/100|[from] drain|[of] p1a: Garchomp
|-status|p1a: Garchomp|brn
|move|p2b: Charizard|Dragon Rush|p1a: Garchomp
|-supereffective|p1a: Garchomp|1
|-damage|p1a: Garchomp|0 fnt
|faint|p1a: Garchomp
|move|p1b: Sneasler|Poison Jab|p2a: Sinistcha
|-damage|p2a: Sinistcha|19/100
|-status|p2a: Sinistcha|psn|[from] ability: Poison Touch|[of] p1b: Sneasler
|
|-damage|p2a: Sinistcha|7/100 psn|[from] psn
|upkeep
|
|t:|1785948126
|switch|p1a: Basculegion|Basculegion, L50, M|100/100
|turn|12
|
|t:|1785948135
|move|p1a: Basculegion|Protect|p1a: Basculegion
|-singleturn|p1a: Basculegion|Protect
|move|p1b: Sneasler|Protect|p1b: Sneasler
|-singleturn|p1b: Sneasler|Protect
|move|p2a: Sinistcha|Matcha Gotcha|p1b: Sneasler|[spread] 
|-activate|p1a: Basculegion|move: Protect
|-activate|p1b: Sneasler|move: Protect
|move|p2b: Charizard|Dragon Rush|p1a: Basculegion
|-activate|p1a: Basculegion|move: Protect
|
|-damage|p2a: Sinistcha|0 fnt|[from] psn
|faint|p2a: Sinistcha
|upkeep
|
|t:|1785948138
|switch|p2a: Grimmsnarl|Grimmsnarl, L50, M|5/100 psn
|turn|13
|
|t:|1785948157
|move|p1a: Basculegion|Aqua Jet|p2a: Grimmsnarl
|-damage|p2a: Grimmsnarl|0 fnt
|faint|p2a: Grimmsnarl
|move|p2b: Charizard|Dragon Dance|p2b: Charizard
|-boost|p2b: Charizard|atk|1
|-boost|p2b: Charizard|spe|1
|move|p1b: Sneasler|Poison Jab|p2b: Charizard
|-damage|p2b: Charizard|74/100
|-status|p2b: Charizard|psn|[from] ability: Poison Touch|[of] p1b: Sneasler
|
|-damage|p2b: Charizard|62/100 psn|[from] psn
|-fieldend|move: Trick Room
|upkeep
|turn|14
|
|t:|1785948170
|move|p1a: Basculegion|Protect|p1a: Basculegion
|-singleturn|p1a: Basculegion|Protect
|move|p2b: Charizard|Flare Blitz|p1b: Sneasler
|-damage|p1b: Sneasler|0 fnt
|faint|p1b: Sneasler
|-damage|p2b: Charizard|52/100 psn|[from] Recoil
|
|-damage|p2b: Charizard|40/100 psn|[from] psn
|upkeep
|turn|15
|
|t:|1785948176
|move|p2b: Charizard|Dragon Rush|p1a: Basculegion
|-damage|p1a: Basculegion|0 fnt
|faint|p1a: Basculegion
|
|win|ENDERTYTAR
|l|☆Ghhhgggvvbbjjhh
|player|p1|
||Ghhhgggvvbbjjhh is ready for game 3.
||ENDERTYTAR is ready for game 3.
|uhtml|next|Next: Game 3 of 3
