|j|☆kerzz49
|j|☆GholdengoMerchant7
|html|kerzz49GholdengoMerchant7    
|uhtml|bestof|Game 1 of a best-of-3
|t:|1782750535
|gametype|doubles
|player|p1|kerzz49|cilan|1269
|player|p2|GholdengoMerchant7|nate|1288
|gen|9
|tier|[Gen 9 Champions] VGC 2026 Reg M-B (Bo3)
|rated|
|rule|Species Clause: Limit one of each Pokémon
|rule|Item Clause: Limit 1 of each item
|clearpoke
|poke|p1|Gardevoir, L50, M, shiny|
|poke|p1|Maushold-Four, L50, shiny|
|poke|p1|Kingambit, L50, M, shiny|
|poke|p1|Ceruledge, L50, M, shiny|
|poke|p1|Garchomp, L50, M, shiny|
|poke|p1|Talonflame, L50, M, shiny|
|poke|p2|Blastoise, L50, M|
|poke|p2|Delphox, L50, F|
|poke|p2|Sneasler, L50, M|
|poke|p2|Incineroar, L50, M|
|poke|p2|Kingambit, L50, F|
|poke|p2|Sinistcha, L50|
|teampreview|4
|showteam|p1|Gardevoir||Gardevoirite|Telepathy|HyperVoice,Psyshock,HyperBeam,Protect|Timid||M|||50|]Maushold-Four||FocusSash|FriendGuard|Feint,FollowMe,SuperFang,Protect|Jolly|||||50|]Kingambit||BlackGlasses|SupremeOverlord|KowtowCleave,IronHead,LowKick,SuckerPunch|Adamant||M|||50|]Ceruledge||ColburBerry|FlashFire|BitterBlade,ShadowSneak,BulkUp,Protect|Adamant||M|||50|]Garchomp||LifeOrb|SandVeil|DragonClaw,RockSlide,StompingTantrum,Protect|Jolly||M|||50|]Talonflame||SharpBeak|GaleWings|BraveBird,QuickGuard,Tailwind,Protect|Jolly||M|||50|
|showteam|p2|Blastoise||Blastoisinite|RainDish|WaterSpout,DarkPulse,ShellSmash,Protect|Modest||M|||50|]Delphox||Delphoxite|Blaze|HeatWave,Psyshock,NastyPlot,Protect|Timid||F|||50|]Sneasler||FocusSash|PoisonTouch|FakeOut,CloseCombat,DireClaw,QuickGuard|Jolly||M|||50|]Incineroar||SitrusBerry|Intimidate|FakeOut,FlareBlitz,PartingShot,HelpingHand|Impish||M|||50|]Kingambit||BlackGlasses|Defiant|KowtowCleave,SuckerPunch,SwordsDance,Protect|Adamant||F|||50|]Sinistcha||OccaBerry|Hospitality|MatchaGotcha,RagePowder,TrickRoom,Protect|Bold|||||50|
|inactive|Battle timer is ON: inactive players will automatically lose when time's up. (requested by GholdengoMerchant7)
|inactive|kerzz49 has 60 seconds left.
|inactive|GholdengoMerchant7 has 60 seconds left.
|inactive|kerzz49 has 30 seconds left.
|inactive|kerzz49 has 20 seconds left.
|inactive|kerzz49 has 15 seconds left.
|inactive|kerzz49 has 10 seconds left.
|
|t:|1782750617
|teamsize|p1|4
|teamsize|p2|4
|start
|switch|p1a: Ceruledge|Ceruledge, L50, M, shiny|100/100
|switch|p1b: Maushold|Maushold-Four, L50, shiny|100/100
|switch|p2a: Blastoise|Blastoise, L50, M|100/100
|switch|p2b: Incineroar|Incineroar, L50, M|100/100
|-ability|p2b: Incineroar|Intimidate|boost
|-unboost|p1a: Ceruledge|atk|1
|-unboost|p1b: Maushold|atk|1
|turn|1
|inactive|GholdengoMerchant7 has 30 seconds left.
|
|t:|1782750645
|detailschange|p2a: Blastoise|Blastoise-Mega, L50, M
|-mega|p2a: Blastoise|Blastoise|Blastoisinite
|move|p2b: Incineroar|Fake Out|p1b: Maushold
|-damage|p1b: Maushold|86/100
|cant|p1b: Maushold|flinch
|move|p2a: Blastoise|Shell Smash|p2a: Blastoise
|-unboost|p2a: Blastoise|def|1
|-unboost|p2a: Blastoise|spd|1
|-boost|p2a: Blastoise|atk|2
|-boost|p2a: Blastoise|spa|2
|-boost|p2a: Blastoise|spe|2
|move|p1a: Ceruledge|Bulk Up|p1a: Ceruledge
|-boost|p1a: Ceruledge|atk|1
|-boost|p1a: Ceruledge|def|1
|
|upkeep
|turn|2
|
|t:|1782750667
|move|p2a: Blastoise|Protect|p2a: Blastoise
|-singleturn|p2a: Blastoise|Protect
|move|p1a: Ceruledge|Protect|p1a: Ceruledge
|-singleturn|p1a: Ceruledge|Protect
|move|p1b: Maushold|Super Fang|p2a: Blastoise
|-activate|p2a: Blastoise|move: Protect
|move|p2b: Incineroar|Parting Shot|p1b: Maushold
|-unboost|p1b: Maushold|atk|1
|-unboost|p1b: Maushold|spa|1
|
|t:|1782750677
|switch|p2b: Sinistcha|Sinistcha, L50|100/100|[from] Parting Shot
|
|upkeep
|turn|3
|
|t:|1782750695
|move|p1b: Maushold|Protect|p1b: Maushold
|-singleturn|p1b: Maushold|Protect
|move|p2b: Sinistcha|Rage Powder|p2b: Sinistcha
|-singleturn|p2b: Sinistcha|move: Rage Powder
|move|p1a: Ceruledge|Shadow Sneak|p2b: Sinistcha
|-supereffective|p2b: Sinistcha|1
|-damage|p2b: Sinistcha|66/100
|move|p2a: Blastoise|Water Spout|p1b: Maushold|[spread] p1a
|-activate|p1b: Maushold|move: Protect
|-supereffective|p1a: Ceruledge|1
|-damage|p1a: Ceruledge|0 fnt
|faint|p1a: Ceruledge
|
|upkeep
|
|t:|1782750701
|switch|p1a: Gardevoir|Gardevoir, L50, M, shiny|100/100
|turn|4
|
|t:|1782750715
|switch|p2b: Incineroar|Incineroar, L50, M|100/100
|-ability|p2b: Incineroar|Intimidate|boost
|-unboost|p1a: Gardevoir|atk|1
|-unboost|p1b: Maushold|atk|1
|detailschange|p1a: Gardevoir|Gardevoir-Mega, L50, M, shiny
|-mega|p1a: Gardevoir|Gardevoir|Gardevoirite
|move|p1b: Maushold|Feint|p2a: Blastoise
|-damage|p2a: Blastoise|94/100
|move|p2a: Blastoise|Water Spout|p1a: Gardevoir|[spread] p1a,p1b
|-damage|p1a: Gardevoir|17/100
|-damage|p1b: Maushold|0 fnt
|faint|p1b: Maushold
|move|p1a: Gardevoir|Hyper Voice|p2b: Incineroar|[spread] p2a,p2b
|-damage|p2a: Blastoise|21/100
|-damage|p2b: Incineroar|50/100g
|
|upkeep
|
|t:|1782750727
|switch|p1b: Garchomp|Garchomp, L50, M, shiny|100/100
|turn|5
|
|t:|1782750744
|move|p2a: Blastoise|Protect|p2a: Blastoise
|-singleturn|p2a: Blastoise|Protect
|move|p1a: Gardevoir|Protect|p1a: Gardevoir
|-singleturn|p1a: Gardevoir|Protect
|move|p1b: Garchomp|Stomping Tantrum|p2a: Blastoise
|-activate|p2a: Blastoise|move: Protect
|move|p2b: Incineroar|Parting Shot|p1b: Garchomp
|-unboost|p1b: Garchomp|atk|1
|-unboost|p1b: Garchomp|spa|1
|
|t:|1782750754
|switch|p2b: Sinistcha|Sinistcha, L50|66/100|[from] Parting Shot
|-heal|p2a: Blastoise|46/100|[from] ability: Hospitality|[of] p2b: Sinistcha
|
|upkeep
|turn|6
|-message|kerzz49 forfeited.
|
|win|GholdengoMerchant7
