|j|‚òÜSqu1dge_
|j|‚òÜSlaymonSays
|html|Squ1dge_SlaymonSays    
|uhtml|bestof|Game 2 of a best-of-3
|t:|1757752650
|gametype|doubles
|player|p1|Squ1dge_|1|1465
|player|p2|SlaymonSays|1|1406
|gen|9
|tier|[Gen 9] VGC 2025 Reg H (Bo3)
|rated|
|rule|Species Clause: Limit one of each Pok√©mon
|rule|Item Clause: Limit 1 of each item
|clearpoke
|poke|p1|Gholdengo, L50|
|poke|p1|Sneasler, L50, M|
|poke|p1|Rillaboom, L50, M|
|poke|p1|Dragonite, L50, M|
|poke|p1|Ninetales-Alola, L50, F|
|poke|p1|Arcanine-Hisui, L50, F|
|poke|p2|Ursaluna-Bloodmoon, L50, M|
|poke|p2|Dragonite, L50, F|
|poke|p2|Gholdengo, L50|
|poke|p2|Rillaboom, L50, F|
|poke|p2|Incineroar, L50, M|
|poke|p2|Ninetales-Alola, L50, M|
|teampreview|4
|showteam|p1|Gholdengo||GrassySeed|GoodasGold|NastyPlot,MakeItRain,ShadowBall,Protect||||||50|,,,,,Water]Sneasler||WhiteHerb|Unburden|CloseCombat,DireClaw,Coaching,Protect|||M|||50|,,,,,Ghost]Rillaboom||AssaultVest|GrassySurge|FakeOut,GrassyGlide,DrumBeating,HighHorsepower|||M|||50|,,,,,Fire]Dragonite||LoadedDice|Multiscale|ScaleShot,StompingTantrum,Tailwind,Protect|||M|||50|,,,,,Ground]Ninetales-Alola||FocusSash|SnowWarning|Blizzard,IcyWind,Encore,AuroraVeil|||F|||50|,,,,,Ghost]Arcanine-Hisui||ClearAmulet|Intimidate|RockSlide,FlareBlitz,ExtremeSpeed,Protect|||F|||50|,,,,,Water
|showteam|p2|Ursaluna-Bloodmoon||LifeOrb|MindsEye|BloodMoon,HyperVoice,EarthPower,Protect|||M|||50|,,,,,Normal]Dragonite||LoadedDice|InnerFocus|ScaleShot,Haze,Tailwind,Protect|||F|||50|,,,,,Fairy]Gholdengo||Leftovers|GoodasGold|MakeItRain,ShadowBall,NastyPlot,Protect||||||50|,,,,,Water]Rillaboom||AssaultVest|GrassySurge|FakeOut,GrassyGlide,WoodHammer,HighHorsepower|||F|||50|,,,,,Fire]Incineroar||SafetyGoggles|Intimidate|FakeOut,FlareBlitz,KnockOff,PartingShot|||M|||50|,,,,,Ghost]Ninetales-Alola||CovertCloak|SnowWarning|Blizzard,IcyWind,AuroraVeil,Encore|||M|||50|,,,,,Fire
|j| ComradeClownVGC
|c|‚òÜSqu1dge_|Wtf
|c| ComradeClownVGC|Matt is this why you left us
|c|‚òÜSqu1dge_|Yes
|c|‚òÜSqu1dge_|Mo
|c|‚òÜSqu1dge_|no
|c| ComradeClownVGC|That's fair
|inactive|Battle timer is ON: inactive players will automatically lose when time's up. (requested by Squ1dge_)
|
|t:|1757752694
|teamsize|p1|4
|teamsize|p2|4
|start
|switch|p1a: Gholdengo|Gholdengo, L50|100/100
|switch|p1b: Ninetales|Ninetales-Alola, L50, F|100/100
|switch|p2a: Incineroar|Incineroar, L50, M|100/100
|switch|p2b: Gholdengo|Gholdengo, L50|100/100
|-weather|Snowscape|[from] ability: Snow Warning|[of] p1b: Ninetales
|-ability|p2a: Incineroar|Intimidate|boost
|-unboost|p1a: Gholdengo|atk|1
|-unboost|p1b: Ninetales|atk|1
|turn|1
|inactive|SlaymonSays has 30 seconds left.
|
|t:|1757752720
|switch|p1b: Rillaboom|Rillaboom, L50, M|100/100
|-fieldstart|move: Grassy Terrain|[from] ability: Grassy Surge|[of] p1b: Rillaboom
|-enditem|p1a: Gholdengo|Grassy Seed
|-boost|p1a: Gholdengo|def|1|[from] item: Grassy Seed
|-terastallize|p1a: Gholdengo|Water
|move|p2a: Incineroar|Fake Out|p1b: Rillaboom
|-damage|p1b: Rillaboom|88/100
|move|p1a: Gholdengo|Nasty Plot|p1a: Gholdengo
|-boost|p1a: Gholdengo|spa|2
|move|p2b: Gholdengo|Nasty Plot|p2b: Gholdengo
|-boost|p2b: Gholdengo|spa|2
|
|-weather|Snowscape|[upkeep]
|-heal|p1b: Rillaboom|94/100|[from] Grassy Terrain
|upkeep
|turn|2
|inactive|Squ1dge_ has 30 seconds left.
|inactive|Squ1dge_ has 20 seconds left.
|inactive|Squ1dge_ has 15 seconds left.
|inactive|Squ1dge_ has 10 seconds left.
|
|t:|1757752766
|switch|p1b: Arcanine|Arcanine-Hisui, L50, F|100/100
|-ability|p1b: Arcanine|Intimidate|boost
|-unboost|p2a: Incineroar|atk|1
|-unboost|p2b: Gholdengo|atk|1
|switch|p2a: Rillaboom|Rillaboom, L50, F|100/100
|move|p2b: Gholdengo|Protect|p2b: Gholdengo
|-singleturn|p2b: Gholdengo|Protect
|move|p1a: Gholdengo|Nasty Plot|p1a: Gholdengo
|-boost|p1a: Gholdengo|spa|2
|
|-weather|Snowscape|[upkeep]
|upkeep
|turn|3
|inactive|SlaymonSays has 30 seconds left.
|
|t:|1757752798
|-terastallize|p2a: Rillaboom|Fire
|move|p1b: Arcanine|Protect|p1b: Arcanine
|-singleturn|p1b: Arcanine|Protect
|move|p1a: Gholdengo|Protect|p1a: Gholdengo
|-singleturn|p1a: Gholdengo|Protect
|move|p2a: Rillaboom|Wood Hammer|p1a: Gholdengo
|-activate|p1a: Gholdengo|move: Protect
|move|p2b: Gholdengo|Shadow Ball|p1b: Arcanine
|-activate|p1b: Arcanine|move: Protect
|
|-weather|Snowscape|[upkeep]
|upkeep
|turn|4
|c|‚òÜSqu1dge_|Mark can you tell Tim I‚Äôm on the shitter
|
|t:|1757752818
|move|p2b: Gholdengo|Protect|p2b: Gholdengo
|-singleturn|p2b: Gholdengo|Protect
|move|p1b: Arcanine|Flare Blitz|p2b: Gholdengo
|-activate|p2b: Gholdengo|move: Protect
|move|p1a: Gholdengo|Shadow Ball|p2a: Rillaboom
|-damage|p2a: Rillaboom|12/100
|move|p2a: Rillaboom|Wood Hammer|p1a: Gholdengo
|-supereffective|p1a: Gholdengo
|-crit|p1a: Gholdengo
|-damage|p1a: Gholdengo|0 fnt
|faint|p1a: Gholdengo
|-damage|p2a: Rillaboom|0 fnt|[from] Recoil
|faint|p2a: Rillaboom
|
|-weather|Snowscape|[upkeep]
|upkeep
|
|t:|1757752831
|switch|p1a: Rillaboom|Rillaboom, L50, M|94/100
|switch|p2a: Incineroar|Incineroar, L50, M|100/100
|-ability|p2a: Incineroar|Intimidate|boost
|-unboost|p1a: Rillaboom|atk|1
|-fail|p1b: Arcanine|unboost|[from] item: Clear Amulet|[of] p1b: Arcanine
|turn|5
|
|t:|1757752840
|switch|p2b: Dragonite|Dragonite, L50, F|100/100
|move|p1a: Rillaboom|Fake Out|p2a: Incineroar
|-damage|p2a: Incineroar|93/100
|move|p1b: Arcanine|Flare Blitz|p2b: Dragonite
|-resisted|p2b: Dragonite
|-damage|p2b: Dragonite|69/100
|-damage|p1b: Arcanine|91/100|[from] Recoil
|cant|p2a: Incineroar|flinch
|
|-weather|none
|-heal|p1b: Arcanine|96/100|[from] Grassy Terrain
|-heal|p1a: Rillaboom|99/100|[from] Grassy Terrain
|-heal|p2a: Incineroar|99/100|[from] Grassy Terrain
|-fieldend|move: Grassy Terrain
|upkeep
|turn|6
|inactive|Squ1dge_ has 30 seconds left.
|
|t:|1757752870
|switch|p2b: Gholdengo|Gholdengo, L50|100/100
|move|p1b: Arcanine|Rock Slide|p2b: Gholdengo|[spread] p2a
|-miss|p1b: Arcanine|p2b: Gholdengo
|-supereffective|p2a: Incineroar
|-damage|p2a: Incineroar|51/100
|move|p1a: Rillaboom|High Horsepower|p2a: Incineroar
|-supereffective|p2a: Incineroar
|-damage|p2a: Incineroar|12/100
|move|p2a: Incineroar|Parting Shot|p1a: Rillaboom
|-unboost|p1a: Rillaboom|atk|1
|-unboost|p1a: Rillaboom|spa|1
|
|t:|1757752882
|switch|p2a: Dragonite|Dragonite, L50, F|69/100|[from] Parting Shot
|
|upkeep
|turn|7
|
|t:|1757752894
|switch|p1a: Ninetales|Ninetales-Alola, L50, F|100/100
|-weather|Snowscape|[from] ability: Snow Warning|[of] p1a: Ninetales
|move|p2b: Gholdengo|Protect|p2b: Gholdengo
|-singleturn|p2b: Gholdengo|Protect
|move|p1b: Arcanine|Rock Slide|p2b: Gholdengo|[spread] p2a
|-activate|p2b: Gholdengo|move: Protect
|-supereffective|p2a: Dragonite
|-damage|p2a: Dragonite|3/100
|move|p2a: Dragonite|Scale Shot|p1b: Arcanine
|-damage|p1b: Arcanine|77/100
|-damage|p1b: Arcanine|60/100
|-damage|p1b: Arcanine|40/100
|-damage|p1b: Arcanine|20/100
|-damage|p1b: Arcanine|2/100
|-hitcount|p1b: Arcanine|5
|-unboost|p2a: Dragonite|def|1
|-boost|p2a: Dragonite|spe|1
|
|-weather|Snowscape|[upkeep]
|upkeep
|turn|8
|inactive|Squ1dge_ has 30 seconds left.
|inactive|Squ1dge_ has 20 seconds left.
|inactive|Squ1dge_ has 15 seconds left.
|
|t:|1757752937
|move|p1b: Arcanine|Extreme Speed|p2a: Dragonite
|-damage|p2a: Dragonite|0 fnt
|faint|p2a: Dragonite
|move|p1a: Ninetales|Blizzard|p2b: Gholdengo
|-resisted|p2b: Gholdengo
|-damage|p2b: Gholdengo|82/100
|move|p2b: Gholdengo|Make It Rain|p1b: Arcanine|[spread] p1a,p1b
|-supereffective|p1a: Ninetales
|-enditem|p1a: Ninetales|Focus Sash
|-damage|p1a: Ninetales|1/100
|-damage|p1b: Arcanine|0 fnt
|-unboost|p2b: Gholdengo|spa|1
|faint|p1b: Arcanine
|
|-weather|Snowscape|[upkeep]
|-heal|p2b: Gholdengo|89/100|[from] item: Leftovers
|upkeep
|
|t:|1757752946
|switch|p1b: Rillaboom|Rillaboom, L50, M|99/100
|switch|p2a: Incineroar|Incineroar, L50, M|12/100
|-fieldstart|move: Grassy Terrain|[from] ability: Grassy Surge|[of] p1b: Rillaboom
|-ability|p2a: Incineroar|Intimidate|boost
|-unboost|p1a: Ninetales|atk|1
|-unboost|p1b: Rillaboom|atk|1
|turn|9
|
|t:|1757752957
|move|p1b: Rillaboom|Fake Out|p2a: Incineroar
|-damage|p2a: Incineroar|4/100
|cant|p2a: Incineroar|flinch
|move|p1a: Ninetales|Blizzard|p2b: Gholdengo|[spread] p2a,p2b
|-resisted|p2a: Incineroar
|-resisted|p2b: Gholdengo
|-damage|p2a: Incineroar|0 fnt
|-damage|p2b: Gholdengo|75/100
|faint|p2a: Incineroar
|move|p2b: Gholdengo|Make It Rain|p1a: Ninetales|[spread] p1a,p1b
|-supereffective|p1a: Ninetales
|-damage|p1a: Ninetales|0 fnt
|-damage|p1b: Rillaboom|72/100
|-unboost|p2b: Gholdengo|spa|1
|faint|p1a: Ninetales
|
|-weather|Snowscape|[upkeep]
|-heal|p1b: Rillaboom|78/100|[from] Grassy Terrain
|-heal|p2b: Gholdengo|81/100|[from] Grassy Terrain
|-heal|p2b: Gholdengo|87/100|[from] item: Leftovers
|upkeep
|turn|10
|
|t:|1757752968
|move|p2b: Gholdengo|Protect|p2b: Gholdengo
|-singleturn|p2b: Gholdengo|Protect
|move|p1b: Rillaboom|High Horsepower|p2b: Gholdengo
|-activate|p2b: Gholdengo|move: Protect
|
|-weather|Snowscape|[upkeep]
|-heal|p1b: Rillaboom|84/100|[from] Grassy Terrain
|-heal|p2b: Gholdengo|93/100|[from] Grassy Terrain
|-heal|p2b: Gholdengo|99/100|[from] item: Leftovers
|upkeep
|turn|11
|
|t:|1757752973
|move|p1b: Rillaboom|High Horsepower|p2b: Gholdengo
|-supereffective|p2b: Gholdengo
|-damage|p2b: Gholdengo|60/100
|move|p2b: Gholdengo|Nasty Plot|p2b: Gholdengo
|-boost|p2b: Gholdengo|spa|2
|
|-weather|none
|-heal|p1b: Rillaboom|90/100|[from] Grassy Terrain
|-heal|p2b: Gholdengo|66/100|[from] Grassy Terrain
|-heal|p2b: Gholdengo|73/100|[from] item: Leftovers
|upkeep
|turn|12
|
|t:|1757752982
|move|p2b: Gholdengo|Protect|p2b: Gholdengo
|-singleturn|p2b: Gholdengo|Protect
|move|p1b: Rillaboom|High Horsepower|p2b: Gholdengo
|-activate|p2b: Gholdengo|move: Protect
|
|-heal|p1b: Rillaboom|96/100|[from] Grassy Terrain
|-heal|p2b: Gholdengo|79/100|[from] Grassy Terrain
|-heal|p2b: Gholdengo|85/100|[from] item: Leftovers
|upkeep
|turn|13
|
|t:|1757752985
|move|p1b: Rillaboom|High Horsepower|p2b: Gholdengo
|-supereffective|p2b: Gholdengo
|-damage|p2b: Gholdengo|45/100
|move|p2b: Gholdengo|Nasty Plot|p2b: Gholdengo
|-boost|p2b: Gholdengo|spa|2
|
|-heal|p1b: Rillaboom|100/100|[from] Grassy Terrain
|-heal|p2b: Gholdengo|51/100|[from] Grassy Terrain
|-heal|p2b: Gholdengo|57/100|[from] item: Leftovers
|-fieldend|move: Grassy Terrain
|upkeep
|turn|14
|
|t:|1757752990
|move|p2b: Gholdengo|Protect|p2b: Gholdengo
|-singleturn|p2b: Gholdengo|Protect
|move|p1b: Rillaboom|High Horsepower|p2b: Gholdengo
|-activate|p2b: Gholdengo|move: Protect
|
|-heal|p2b: Gholdengo|63/100|[from] item: Leftovers
|upkeep
|turn|15
|
|t:|1757752993
|move|p1b: Rillaboom|High Horsepower|p2b: Gholdengo
|-supereffective|p2b: Gholdengo
|-damage|p2b: Gholdengo|26/100
|move|p2b: Gholdengo|Make It Rain|p1b: Rillaboom
|-damage|p1b: Rillaboom|0 fnt
|-unboost|p2b: Gholdengo|spa|1
|faint|p1b: Rillaboom
|
|win|SlaymonSays
||Squ1dge_ is ready for game 3.
||SlaymonSays is ready for game 3.
|uhtml|next|Next: Game 3 of 3
|l|‚òÜSlaymonSays
|player|p2|
