|j|☆finalbossbackwiper
|j|☆Jim Leader Adam
|html|finalbossbackwiperJim Leader Adam    
|uhtml|bestof|Game 3 of a best-of-3
|t:|1783279843
|gametype|doubles
|player|p1|finalbossbackwiper|266|1100
|player|p2|Jim Leader Adam|brock|1172
|gen|9
|tier|[Gen 9 Champions] VGC 2026 Reg M-B (Bo3)
|rated|
|rule|Species Clause: Limit one of each Pokémon
|rule|Item Clause: Limit 1 of each item
|clearpoke
|poke|p1|Charizard, L50, M|
|poke|p1|Torkoal, L50, M|
|poke|p1|Sinistcha, L50|
|poke|p1|Glimmora, L50, F|
|poke|p1|Grimmsnarl, L50, M|
|poke|p1|Annihilape, L50, M|
|poke|p2|Swampert, L50, M, shiny|
|poke|p2|Pelipper, L50, M, shiny|
|poke|p2|Corviknight, L50, M|
|poke|p2|Archaludon, L50, F, shiny|
|poke|p2|Sableye, L50, F, shiny|
|poke|p2|Venusaur, L50, F, shiny|
|teampreview|4
|showteam|p1|Charizard||CharizarditeX|Blaze|FlameCharge,BreakingSwipe,Roost,Protect|Adamant||M|||50|]Torkoal||Charcoal|Drought|Eruption,WeatherBall,HelpingHand,Protect|Quiet||M|||50|]Sinistcha||OccaBerry|Hospitality|EnergyBall,RagePowder,TrickRoom,Protect|Calm|||||50|]Glimmora||FocusSash|ToxicDebris|SludgeBomb,EarthPower,MortalSpin,SpikyShield|Modest||F|||50|]Grimmsnarl||RoseliBerry|Prankster|SpiritBreak,Assurance,FakeOut,PartingShot|Adamant||M|||50|]Annihilape||ChoiceScarf|Defiant|CloseCombat,PhantomForce,PoisonJab,Coaching|Adamant||M|||50|
|showteam|p2|Swampert||Swampertite|Torrent|Protect,WaveCrash,Earthquake,IcePunch|Adamant||M|||50|]Pelipper||FocusSash|Drizzle|WideGuard,Tailwind,WeatherBall,Hurricane|Timid||M|||50|]Corviknight||SitrusBerry|MirrorArmor|BulkUp,BodyPress,BraveBird,IronHead|Adamant||M|||50|]Archaludon||Leftovers|Stamina|Protect,ElectroShot,FlashCannon,DragonPulse|Modest||F|||50|]Sableye||RoseliBerry|Prankster|FakeOut,RainDance,Encore,Disable|Calm||F|||50|]Venusaur||Venusaurite|Chlorophyll|Protect,SleepPowder,GigaDrain,SludgeBomb|Modest||F|||50|
|inactive|Battle timer is ON: inactive players will automatically lose when time's up. (requested by Jim Leader Adam)
|
|t:|1783279868
|teamsize|p1|4
|teamsize|p2|4
|start
|switch|p1a: Sinistcha|Sinistcha, L50|100/100
|switch|p1b: Glimmora|Glimmora, L50, F|100/100
|switch|p2a: Gem Mint|Sableye, L50, F, shiny|100/100
|switch|p2b: King of the Pond|Swampert, L50, M, shiny|100/100
|turn|1
|
|t:|1783279889
|move|p2b: King of the Pond|Protect|p2b: King of the Pond
|-singleturn|p2b: King of the Pond|Protect
|move|p2a: Gem Mint|Fake Out|p1b: Glimmora
|-resisted|p1b: Glimmora|1
|-damage|p1b: Glimmora|96/100
|-activate|p1b: Glimmora|ability: Toxic Debris
|-sidestart|p2: Jim Leader Adam|move: Toxic Spikes
|cant|p1b: Glimmora|flinch
|move|p1a: Sinistcha|Energy Ball|p2b: King of the Pond
|-activate|p2b: King of the Pond|move: Protect
|
|upkeep
|turn|2
|inactive|finalbossbackwiper has 30 seconds left.
|
|t:|1783279914
|switch|p1b: Grimmsnarl|Grimmsnarl, L50, M|100/100
|detailschange|p2b: King of the Pond|Swampert-Mega, L50, M, shiny
|-mega|p2b: King of the Pond|Swampert|Swampertite
|move|p2a: Gem Mint|Disable|p1a: Sinistcha
|-start|p1a: Sinistcha|Disable|Energy Ball
|move|p2b: King of the Pond|Earthquake|p1b: Grimmsnarl|[spread] p2a,p1a,p1b
|-resisted|p1a: Sinistcha|1
|-damage|p2a: Gem Mint|44/100
|-damage|p1a: Sinistcha|76/100
|-damage|p1b: Grimmsnarl|46/100
|move|p1a: Sinistcha|Trick Room|p1a: Sinistcha
|-fieldstart|move: Trick Room|[of] p1a: Sinistcha
|
|upkeep
|turn|3
|inactive|Jim Leader Adam has 30 seconds left.
|
|t:|1783279945
|switch|p1a: Torkoal|Torkoal, L50, M|100/100
|-weather|SunnyDay|[from] ability: Drought|[of] p1a: Torkoal
|move|p2b: King of the Pond|Protect|p2b: King of the Pond
|-singleturn|p2b: King of the Pond|Protect
|move|p1b: Grimmsnarl|Fake Out|p2b: King of the Pond
|-activate|p2b: King of the Pond|move: Protect
|move|p2a: Gem Mint|Rain Dance|p2a: Gem Mint
|-weather|RainDance
|
|-weather|RainDance|[upkeep]
|upkeep
|turn|4
|inactive|Jim Leader Adam has 30 seconds left.
|
|t:|1783279974
|switch|p1a: Glimmora|Glimmora, L50, F|96/100
|switch|p2a: Smoothie King|Pelipper, L50, M, shiny|100/100
|move|p1b: Grimmsnarl|Spirit Break|p2a: Smoothie King
|-damage|p2a: Smoothie King|53/100
|-unboost|p2a: Smoothie King|spa|1
|move|p2b: King of the Pond|Earthquake|p1b: Grimmsnarl|[spread] p1a,p1b
|-immune|p2a: Smoothie King
|-supereffective|p1a: Glimmora|2
|-damage|p1a: Glimmora|0 fnt
|-damage|p1b: Grimmsnarl|0 fnt
|-activate|p1a: Glimmora|ability: Toxic Debris
|-sidestart|p2: Jim Leader Adam|move: Toxic Spikes
|faint|p1a: Glimmora
|faint|p1b: Grimmsnarl
|
|-weather|RainDance|[upkeep]
|upkeep
|
|t:|1783279976
|switch|p1b: Torkoal|Torkoal, L50, M|100/100
|switch|p1a: Sinistcha|Sinistcha, L50|76/100
|-weather|SunnyDay|[from] ability: Drought|[of] p1b: Torkoal
|turn|5
|inactive|Jim Leader Adam has 30 seconds left.
|
|t:|1783280006
|move|p2b: King of the Pond|Protect|p2b: King of the Pond
|-singleturn|p2b: King of the Pond|Protect
|move|p1b: Torkoal|Eruption|p2b: King of the Pond|[spread] p2a
|-activate|p2b: King of the Pond|move: Protect
|-resisted|p2a: Smoothie King|1
|-damage|p2a: Smoothie King|0 fnt
|faint|p2a: Smoothie King
|move|p1a: Sinistcha|Energy Ball|p2b: King of the Pond
|-activate|p2b: King of the Pond|move: Protect
|
|-weather|SunnyDay|[upkeep]
|upkeep
|
|t:|1783280013
|switch|p2a: Gem Mint|Sableye, L50, F, shiny|44/100
|-status|p2a: Gem Mint|tox
|turn|6
|
|t:|1783280030
|switch|p2b: Troubled Waters|Archaludon, L50, F, shiny|100/100
|move|p2a: Gem Mint|Rain Dance|p2a: Gem Mint
|-weather|RainDance
|move|p1b: Torkoal|Eruption|p2a: Gem Mint|[spread] p2a,p2b
|-damage|p2a: Gem Mint|12/100 tox
|-damage|p2b: Troubled Waters|59/100
|-ability|p2b: Troubled Waters|Stamina|boost
|-boost|p2b: Troubled Waters|def|1
|move|p1a: Sinistcha|Energy Ball|p2b: Troubled Waters
|-resisted|p2b: Troubled Waters|2
|-damage|p2b: Troubled Waters|46/100
|-ability|p2b: Troubled Waters|Stamina|boost
|-boost|p2b: Troubled Waters|def|1
|
|-weather|RainDance|[upkeep]
|-heal|p2b: Troubled Waters|52/100|[from] item: Leftovers
|-damage|p2a: Gem Mint|6/100 tox|[from] psn
|-fieldend|move: Trick Room
|upkeep
|turn|7
|
|t:|1783280050
|move|p1b: Torkoal|Protect|p1b: Torkoal
|-singleturn|p1b: Torkoal|Protect
|move|p2a: Gem Mint|Encore|p1b: Torkoal
|-activate|p1b: Torkoal|move: Protect
|move|p2b: Troubled Waters|Electro Shot||[still]
|-prepare|p2b: Troubled Waters|Electro Shot
|-boost|p2b: Troubled Waters|spa|1
|-anim|p2b: Troubled Waters|Electro Shot|p1b: Torkoal
|-activate|p1b: Torkoal|move: Protect
|move|p1a: Sinistcha|Trick Room|p1a: Sinistcha
|-fieldstart|move: Trick Room|[of] p1a: Sinistcha
|
|-weather|RainDance|[upkeep]
|-heal|p2b: Troubled Waters|58/100|[from] item: Leftovers
|-damage|p2a: Gem Mint|0 fnt|[from] psn
|faint|p2a: Gem Mint
|upkeep
|
|t:|1783280066
|switch|p2a: King of the Pond|Swampert-Mega, L50, M, shiny|100/100
|-status|p2a: King of the Pond|tox
|turn|8
|inactive|Jim Leader Adam has 30 seconds left.
|inactive|Jim Leader Adam has 20 seconds left.
|
|t:|1783280106
|move|p2a: King of the Pond|Protect|p2a: King of the Pond
|-singleturn|p2a: King of the Pond|Protect
|move|p1b: Torkoal|Eruption|p2a: King of the Pond|[spread] p2b
|-activate|p2a: King of the Pond|move: Protect
|-damage|p2b: Troubled Waters|18/100
|-ability|p2b: Troubled Waters|Stamina|boost
|-boost|p2b: Troubled Waters|def|1
|move|p1a: Sinistcha|Energy Ball|p2a: King of the Pond
|-activate|p2a: King of the Pond|move: Protect
|move|p2b: Troubled Waters|Electro Shot||[still]
|-prepare|p2b: Troubled Waters|Electro Shot
|-boost|p2b: Troubled Waters|spa|1
|-anim|p2b: Troubled Waters|Electro Shot|p1b: Torkoal
|-damage|p1b: Torkoal|0 fnt
|faint|p1b: Torkoal
|
|-weather|RainDance|[upkeep]
|-heal|p2b: Troubled Waters|24/100|[from] item: Leftovers
|-damage|p2a: King of the Pond|93/100 tox|[from] psn
|upkeep
|turn|9
|
|t:|1783280127
|move|p1a: Sinistcha|Energy Ball|p2a: King of the Pond
|-supereffective|p2a: King of the Pond|2
|-damage|p2a: King of the Pond|0 fnt
|faint|p2a: King of the Pond
|move|p2b: Troubled Waters|Dragon Pulse|p1a: Sinistcha
|-damage|p1a: Sinistcha|0 fnt
|faint|p1a: Sinistcha
|
|win|Jim Leader Adam
|raw|finalbossbackwiper's rating: 1100 → 1080(-20 for losing)
|raw|Jim Leader Adam's rating: 1172 → 1192(+20 for winning)
