|j|☆master 792
|j|☆yumyummy
|html|master 792yumyummy    
|uhtml|bestof|Game 2 of a best-of-3
|t:|1783896327
|gametype|doubles
|player|p1|master 792|red|1123
|player|p2|yumyummy|baker|1088
|gen|9
|tier|[Gen 9 Champions] VGC 2026 Reg M-B (Bo3)
|rated|
|rule|Species Clause: Limit one of each Pokémon
|rule|Item Clause: Limit 1 of each item
|clearpoke
|poke|p1|Metagross, L50, shiny|
|poke|p1|Incineroar, L50, F|
|poke|p1|Sinistcha, L50, shiny|
|poke|p1|Floette-Eternal, L50, F|
|poke|p1|Politoed, L50, M|
|poke|p1|Maushold, L50|
|poke|p2|Sceptile, L50, F|
|poke|p2|Basculegion, L50, M|
|poke|p2|Grimmsnarl, L50, M|
|poke|p2|Politoed, L50, F|
|poke|p2|Metagross, L50|
|poke|p2|Whimsicott, L50, F|
|teampreview|4
|showteam|p1|Metagross||Metagrossite|ClearBody|IronDefense,BodyPress,PsychicFangs,Protect|Bold|||||50|]Incineroar||PasshoBerry|Intimidate|FakeOut,FlareBlitz,PartingShot,DarkestLariat|Adamant||F|||50|]Sinistcha||SitrusBerry|Hospitality|MatchaGotcha,TrickRoom,RagePowder,LifeDew|Calm|||||50|]Floette-Eternal||Floettite|FlowerVeil|Moonblast,DazzlingGleam,CalmMind,Protect|Modest||F|||50|]Politoed||Leftovers|Drizzle|WeatherBall,PerishSong,IceBeam,Protect|Bold||M|||50|]Maushold||ChopleBerry|FriendGuard|Taunt,FollowMe,SuperFang,Protect|Careful|||||50|
|showteam|p2|Sceptile||Sceptilite|Overgrow|EnergyBall,EarthPower,Detect,DragonPulse|Timid||F|||50|]Basculegion||ChoiceScarf|Adaptability|WaveCrash,FlipTurn,LastRespects,AquaJet|Jolly||M|||50|]Grimmsnarl||LightClay|Prankster|FoulPlay,LightScreen,Reflect,PartingShot|Calm||M|||50|]Politoed||SitrusBerry|Drizzle|IceBeam,WeatherBall,HelpingHand,Protect|Calm||F|||50|]Metagross||Metagrossite|ClearBody|IronHead,PsychicFangs,StompingTantrum,Protect|Jolly|||||50|]Whimsicott||FocusSash|Prankster|Moonblast,Encore,Tailwind,Protect|Bold||F|||50|
|
|t:|1783896365
|teamsize|p1|4
|teamsize|p2|4
|start
|switch|p1a: Metagross|Metagross, L50, shiny|100/100
|switch|p1b: Maushold|Maushold, L50|100/100
|switch|p2a: Basculegion|Basculegion, L50, M|100/100
|switch|p2b: Politoed|Politoed, L50, F|100/100
|-weather|RainDance|[from] ability: Drizzle|[of] p2b: Politoed
|turn|1
|
|t:|1783896379
|detailschange|p1a: Metagross|Metagross-Mega, L50, shiny
|-mega|p1a: Metagross|Metagross|Metagrossite
|move|p1b: Maushold|Follow Me|p1b: Maushold
|-singleturn|p1b: Maushold|move: Follow Me
|move|p2a: Basculegion|Wave Crash|p1b: Maushold
|-damage|p1b: Maushold|0 fnt
|faint|p1b: Maushold
|-damage|p2a: Basculegion|69/100|[from] Recoil
|move|p1a: Metagross|Iron Defense|p1a: Metagross
|-boost|p1a: Metagross|def|2
|move|p2b: Politoed|Weather Ball|p1a: Metagross
|-damage|p1a: Metagross|59/100
|
|-weather|RainDance|[upkeep]
|upkeep
|
|t:|1783896387
|switch|p1b: Sinistcha|Sinistcha, L50, shiny|100/100
|-heal|p1a: Metagross|83/100|[from] ability: Hospitality|[of] p1b: Sinistcha
|turn|2
|
|t:|1783896402
|switch|p2a: Grimmsnarl|Grimmsnarl, L50, M|100/100
|move|p1a: Metagross|Body Press|p2b: Politoed
|-damage|p2b: Politoed|12/100
|-enditem|p2b: Politoed|Sitrus Berry|[eat]
|-heal|p2b: Politoed|37/100|[from] item: Sitrus Berry
|move|p2b: Politoed|Ice Beam|p1b: Sinistcha
|-supereffective|p1b: Sinistcha|1
|-damage|p1b: Sinistcha|64/100
|move|p1b: Sinistcha|Trick Room|p1b: Sinistcha
|-fieldstart|move: Trick Room|[of] p1b: Sinistcha
|
|-weather|RainDance|[upkeep]
|upkeep
|turn|3
|
|t:|1783896421
|move|p1b: Sinistcha|Rage Powder|p1b: Sinistcha
|-singleturn|p1b: Sinistcha|move: Rage Powder
|move|p2a: Grimmsnarl|Foul Play|p1b: Sinistcha
|-supereffective|p1b: Sinistcha|1
|-damage|p1b: Sinistcha|29/100
|-enditem|p1b: Sinistcha|Sitrus Berry|[eat]
|-heal|p1b: Sinistcha|53/100|[from] item: Sitrus Berry
|move|p2b: Politoed|Weather Ball|p1b: Sinistcha
|-resisted|p1b: Sinistcha|1
|-damage|p1b: Sinistcha|31/100
|move|p1a: Metagross|Body Press|p2a: Grimmsnarl
|-damage|p2a: Grimmsnarl|1/100
|
|-weather|RainDance|[upkeep]
|upkeep
|turn|4
|
|t:|1783896443
|move|p2b: Politoed|Protect|p2b: Politoed
|-singleturn|p2b: Politoed|Protect
|move|p1a: Metagross|Protect|p1a: Metagross
|-singleturn|p1a: Metagross|Protect
|move|p2a: Grimmsnarl|Foul Play|p1a: Metagross
|-activate|p1a: Metagross|move: Protect
|move|p1b: Sinistcha|Matcha Gotcha|p2b: Politoed|[spread] p2a
|-activate|p2b: Politoed|move: Protect
|-damage|p2a: Grimmsnarl|0 fnt
|-heal|p1b: Sinistcha|32/100|[from] drain|[of] p2a: Grimmsnarl
|faint|p2a: Grimmsnarl
|
|-weather|RainDance|[upkeep]
|upkeep
|
|t:|1783896453
|switch|p2a: Basculegion|Basculegion, L50, M|69/100
|turn|5
|
|t:|1783896463
|move|p2b: Politoed|Weather Ball|p1a: Metagross
|-damage|p1a: Metagross|48/100
|move|p1b: Sinistcha|Matcha Gotcha|p2b: Politoed|[spread] p2a,p2b
|-supereffective|p2a: Basculegion|1
|-supereffective|p2b: Politoed|1
|-damage|p2a: Basculegion|13/100
|-heal|p1b: Sinistcha|62/100|[from] drain|[of] p2a: Basculegion
|-damage|p2b: Politoed|4/100
|-heal|p1b: Sinistcha|81/100|[from] drain|[of] p2b: Politoed
|-status|p2b: Politoed|brn
|move|p1a: Metagross|Psychic Fangs|p2a: Basculegion
|-damage|p2a: Basculegion|0 fnt
|faint|p2a: Basculegion
|
|-weather|none
|-damage|p2b: Politoed|0 fnt|[from] brn
|faint|p2b: Politoed
|upkeep
|
|t:|1783896469
|switch|p2b: Sceptile|Sceptile, L50, F|100/100
|turn|6
|
|t:|1783896487
|switch|p1b: Incineroar|Incineroar, L50, F|100/100
|-ability|p1b: Incineroar|Intimidate|boost
|-unboost|p2b: Sceptile|atk|1
|move|p2b: Sceptile|Detect|p2b: Sceptile
|-singleturn|p2b: Sceptile|Protect
|move|p1a: Metagross|Body Press|p2b: Sceptile
|-activate|p2b: Sceptile|move: Protect
|
|-fieldend|move: Trick Room
|upkeep
|turn|7
|
|t:|1783896498
|detailschange|p2b: Sceptile|Sceptile-Mega, L50, F
|-mega|p2b: Sceptile|Sceptile|Sceptilite
|move|p1b: Incineroar|Fake Out|p2b: Sceptile
|-damage|p2b: Sceptile|81/100
|cant|p2b: Sceptile|flinch
|move|p1a: Metagross|Body Press|p2b: Sceptile
|-damage|p2b: Sceptile|0 fnt
|faint|p2b: Sceptile
|
|win|master 792
|raw|master 792's rating: 1123 → 1145(+22 for winning)
|raw|yumyummy's rating: 1088 → 1067(-21 for losing)
|l|☆yumyummy
|player|p2|
|c|☆master 792|gg
