|j|☆SuprEpcGuy
|j|☆wait for swarley
|html|SuprEpcGuywait for swarley    
|uhtml|bestof|Game 1 of a best-of-3
|t:|1784767325
|gametype|doubles
|player|p1|SuprEpcGuy|shauntal|1152
|player|p2|wait for swarley|volo|1251
|gen|9
|tier|[Gen 9 Champions] VGC 2026 Reg M-B (Bo3)
|rated|
|rule|Species Clause: Limit one of each Pokémon
|rule|Item Clause: Limit 1 of each item
|clearpoke
|poke|p1|Zoroark-Hisui, L50, F|
|poke|p1|Torkoal, L50, F|
|poke|p1|Farigiraf, L50, F|
|poke|p1|Pyroar, L50, F|
|poke|p1|Floette-Eternal, L50, F|
|poke|p1|Incineroar, L50, M|
|poke|p2|Grimmsnarl, L50, M|
|poke|p2|Incineroar, L50, F|
|poke|p2|Maushold-Four, L50|
|poke|p2|Annihilape, L50, M|
|poke|p2|Floette-Eternal, L50, F|
|poke|p2|Raichu, L50, F|
|teampreview|4
|showteam|p1|Zoroark-Hisui||ChoiceScarf|Illusion|IcyWind,BitterMalice,Flamethrower,Taunt|Timid||F|||50|]Torkoal||Charcoal|Drought|Eruption,WeatherBall,EarthPower,Protect|Quiet||F|||50|]Farigiraf||ColburBerry|ArmorTail|Psychic,Thunderbolt,TrickRoom,HelpingHand|Quiet||F|||50|]Pyroar||Pyroarite|Rivalry|HeatWave,Overheat,Snarl,Protect|Timid||F|||50|]Floette-Eternal||Floettite|FlowerVeil|Moonblast,DazzlingGleam,LightofRuin,Protect|Timid||F|||50|]Incineroar||LifeOrb|Intimidate|FakeOut,DarkestLariat,FlareBlitz,PartingShot|Adamant||M|||50|
|showteam|p2|Grimmsnarl||LightClay|Prankster|SpiritBreak,Reflect,LightScreen,PartingShot|Careful||M|||50|]Incineroar||SitrusBerry|Intimidate|FakeOut,FlareBlitz,ThroatChop,PartingShot|Careful||F|||50|]Maushold-Four||FocusSash|FriendGuard|FollowMe,SuperFang,Encore,Protect|Timid|||||50|]Annihilape||Leftovers|Defiant|RageFist,DrainPunch,BulkUp,Protect|Adamant||M|||50|]Floette-Eternal||Floettite|FlowerVeil|Moonblast,DrainingKiss,CalmMind,Protect|Modest||F|||50|]Raichu||RaichuniteY|LightningRod|ZapCannon,GrassKnot,FakeOut,Protect|Modest||F|||50|
|inactive|Battle timer is ON: inactive players will automatically lose when time's up. (requested by SuprEpcGuy)
|c|☆wait for swarley|Nice team
|inactive|SuprEpcGuy has 60 seconds left.
|inactive|wait for swarley has 60 seconds left.
|c|☆SuprEpcGuy|Thanks I got help
|inactive|SuprEpcGuy has 30 seconds left.
|inactive|SuprEpcGuy has 20 seconds left.
|inactive|SuprEpcGuy has 15 seconds left.
|inactive|SuprEpcGuy has 10 seconds left.
|
|t:|1784767408
|teamsize|p1|4
|teamsize|p2|4
|start
|switch|p1a: The Glue|Farigiraf, L50, F|100/100
|switch|p1b: Incineroar|Incineroar, L50, M|100/100
|switch|p2a: Grimmsnarl|Grimmsnarl, L50, M|100/100
|switch|p2b: Annihilape|Annihilape, L50, M|100/100
|-ability|p1b: Incineroar|Intimidate|boost
|-unboost|p2a: Grimmsnarl|atk|1
|-unboost|p2b: Annihilape|atk|1
|-ability|p2b: Annihilape|Defiant|boost
|-boost|p2b: Annihilape|atk|2
|turn|1
|inactive|wait for swarley has 30 seconds left.
|
|t:|1784767442
|move|p1b: Incineroar|Fake Out|p2a: Grimmsnarl
|-damage|p2a: Grimmsnarl|82/100
|-damage|p1b: Incineroar|90/100|[from] item: Life Orb
|cant|p2a: Grimmsnarl|flinch
|move|p2b: Annihilape|Drain Punch|p1b: Incineroar
|-supereffective|p1b: Incineroar|1
|-damage|p1b: Incineroar|0 fnt
|faint|p1b: Incineroar
|move|p1a: The Glue|Trick Room|p1a: The Glue
|-fieldstart|move: Trick Room|[of] p1a: The Glue
|
|upkeep
|
|t:|1784767457
|switch|p1b: Mortar|Torkoal, L50, F|100/100
|-weather|SunnyDay|[from] ability: Drought|[of] p1b: Mortar
|turn|2
|
|t:|1784767471
|move|p1a: The Glue|Helping Hand|p1b: Mortar
|-singleturn|p1b: Mortar|Helping Hand|[of] p1a: The Glue
|move|p2b: Annihilape|Protect|p2b: Annihilape
|-singleturn|p2b: Annihilape|Protect
|move|p1b: Mortar|Eruption|p2b: Annihilape|[spread] p2a
|-activate|p2b: Annihilape|move: Protect
|-damage|p2a: Grimmsnarl|0 fnt
|faint|p2a: Grimmsnarl
|
|-weather|SunnyDay|[upkeep]
|upkeep
|
|t:|1784767485
|switch|p2a: Maushold|Maushold-Four, L50|100/100
|turn|3
|
|t:|1784767496
|switch|p2b: Incineroar|Incineroar, L50, F|100/100
|-ability|p2b: Incineroar|Intimidate|boost
|-unboost|p1a: The Glue|atk|1
|-unboost|p1b: Mortar|atk|1
|move|p1a: The Glue|Helping Hand|p1b: Mortar
|-singleturn|p1b: Mortar|Helping Hand|[of] p1a: The Glue
|move|p1b: Mortar|Eruption|p2a: Maushold|[spread] p2a,p2b
|-resisted|p2b: Incineroar|1
|-enditem|p2a: Maushold|Focus Sash
|-damage|p2a: Maushold|1/100
|-damage|p2b: Incineroar|57/100
|move|p2a: Maushold|Super Fang|p1b: Mortar|[miss]
|-miss|p2a: Maushold|p1b: Mortar
|
|-weather|SunnyDay|[upkeep]
|upkeep
|turn|4
|c|☆SuprEpcGuy|Why can that miss
|inactive|SuprEpcGuy has 30 seconds left.
|
|t:|1784767525
|move|p1a: The Glue|Helping Hand|p1b: Mortar
|-singleturn|p1b: Mortar|Helping Hand|[of] p1a: The Glue
|move|p2a: Maushold|Protect|p2a: Maushold
|-singleturn|p2a: Maushold|Protect
|move|p1b: Mortar|Eruption|p2a: Maushold|[spread] p2b
|-activate|p2a: Maushold|move: Protect
|-resisted|p2b: Incineroar|1
|-damage|p2b: Incineroar|14/100
|-enditem|p2b: Incineroar|Sitrus Berry|[eat]
|-heal|p2b: Incineroar|39/100|[from] item: Sitrus Berry
|move|p2b: Incineroar|Throat Chop|p1a: The Glue
|-supereffective|p1a: The Glue|1
|-enditem|p1a: The Glue|Colbur Berry|[eat]
|-enditem|p1a: The Glue|Colbur Berry|[weaken]
|-damage|p1a: The Glue|66/100
|-start|p1a: The Glue|Throat Chop|[silent]
|
|-weather|SunnyDay|[upkeep]
|upkeep
|turn|5
|
|t:|1784767550
|move|p1a: The Glue|Helping Hand|p1b: Mortar
|-singleturn|p1b: Mortar|Helping Hand|[of] p1a: The Glue
|move|p2a: Maushold|Protect||[still]
|-fail|p2a: Maushold
|move|p1b: Mortar|Eruption|p2b: Incineroar|[spread] p2a,p2b
|-resisted|p2b: Incineroar|1
|-damage|p2a: Maushold|0 fnt
|-damage|p2b: Incineroar|1/100
|faint|p2a: Maushold
|move|p2b: Incineroar|Throat Chop|p1b: Mortar
|-damage|p1b: Mortar|77/100
|-start|p1b: Mortar|Throat Chop|[silent]
|
|-weather|SunnyDay|[upkeep]
|-end|p1a: The Glue|Throat Chop|[silent]
|-fieldend|move: Trick Room
|upkeep
|
|t:|1784767564
|switch|p2a: Annihilape|Annihilape, L50, M|100/100
|turn|6
|
|t:|1784767584
|move|p1b: Mortar|Protect|p1b: Mortar
|-singleturn|p1b: Mortar|Protect
|move|p2a: Annihilape|Drain Punch|p1a: The Glue
|-damage|p1a: The Glue|30/100
|move|p2b: Incineroar|Throat Chop|p1a: The Glue
|-supereffective|p1a: The Glue|1
|-damage|p1a: The Glue|0 fnt
|faint|p1a: The Glue
|
|-weather|none
|-end|p1b: Mortar|Throat Chop|[silent]
|upkeep
|
|t:|1784767591
|switch|p1a: A second Gun|Pyroar, L50, F|100/100
|turn|7
|
|t:|1784767605
|detailschange|p1a: A second Gun|Pyroar-Mega, L50, F
|-mega|p1a: A second Gun|Pyroar|Pyroarite
|move|p1a: A second Gun|Heat Wave|p2a: Annihilape|[spread] p2a,p2b
|-resisted|p2b: Incineroar|1
|-damage|p2a: Annihilape|50/100g
|-damage|p2b: Incineroar|0 fnt
|-status|p2a: Annihilape|brn
|faint|p2b: Incineroar
|move|p2a: Annihilape|Drain Punch|p1a: A second Gun
|-supereffective|p1a: A second Gun|1
|-damage|p1a: A second Gun|61/100
|-heal|p2a: Annihilape|66/100 brn|[from] drain|[of] p1a: A second Gun
|move|p1b: Mortar|Eruption|p2a: Annihilape
|-damage|p2a: Annihilape|14/100 brn
|
|-heal|p2a: Annihilape|20/100y brn|[from] item: Leftovers
|-damage|p2a: Annihilape|14/100 brn|[from] brn
|upkeep
|turn|8
|
|t:|1784767628
|move|p1a: A second Gun|Heat Wave|p2a: Annihilape
|-damage|p2a: Annihilape|0 fnt
|faint|p2a: Annihilape
|
|win|SuprEpcGuy
