|j|☆Sylviana GL
|j|☆fishuuq
|html|Sylviana GLfishuuq    
|uhtml|bestof|Game 1 of a best-of-3
|t:|1783312307
|gametype|doubles
|player|p1|Sylviana GL|caitlin|1036
|player|p2|fishuuq|koga|1053
|gen|9
|tier|[Gen 9 Champions] VGC 2026 Reg M-B (Bo3)
|rated|
|rule|Species Clause: Limit one of each Pokémon
|rule|Item Clause: Limit 1 of each item
|clearpoke
|poke|p1|Tyranitar, L50, F|
|poke|p1|Incineroar, L50, M|
|poke|p1|Sinistcha, L50|
|poke|p1|Gholdengo, L50|
|poke|p1|Houndstone, L50, F|
|poke|p1|Corviknight, L50, M|
|poke|p2|Sneasler, L50, F|
|poke|p2|Delphox, L50, M|
|poke|p2|Whimsicott, L50, F|
|poke|p2|Jolteon, L50, F|
|poke|p2|Gardevoir, L50, M|
|poke|p2|Kleavor, L50, M|
|teampreview|4
|showteam|p1|Tyranitar||Tyranitarite|SandStream|RockSlide,KnockOff,DragonDance,Protect|Jolly||F|||50|]Incineroar||PasshoBerry|Intimidate|FakeOut,PartingShot,ThroatChop,FlareBlitz|Careful||M|||50|]Sinistcha||OccaBerry|Hospitality|MatchaGotcha,TrickRoom,RagePowder,Protect|Bold|||||50|]Gholdengo||LifeOrb|GoodasGold|MakeItRain,ShadowBall,NastyPlot,Protect|Timid|||||50|]Houndstone||SitrusBerry|SandRush|WillOWisp,LastRespects,Howl,Protect|Careful||F|||50|]Corviknight||Leftovers|MirrorArmor|BodyPress,BraveBird,Tailwind,Protect|Impish||M|||50|
|showteam|p2|Sneasler||WhiteHerb|Unburden|FakeOut,DireClaw,CloseCombat,Protect|Jolly||F|||50|]Delphox||Delphoxite|Blaze|WillOWisp,Psychic,HeatWave,Protect|Timid||M|||50|]Whimsicott||FocusSash|Prankster|Moonblast,Tailwind,Protect,Encore|Timid||F|||50|]Jolteon||Magnet|VoltAbsorb|VoltSwitch,Thunderbolt,Electroweb,Detect|Modest||F|||50|]Gardevoir||Gardevoirite|Trace|HyperVoice,HyperBeam,Psychic,Protect|Timid||M|||50|]Kleavor||LifeOrb|SheerForce|RockSlide,Protect,NightSlash,CloseCombat|Adamant||M|||50|
|inactive|Battle timer is ON: inactive players will automatically lose when time's up. (requested by fishuuq)
|
|t:|1783312336
|teamsize|p1|4
|teamsize|p2|4
|start
|switch|p1a: Tyranitar|Tyranitar, L50, F|100/100
|switch|p1b: Incineroar|Incineroar, L50, M|100/100
|switch|p2a: Kleavor|Kleavor, L50, M|100/100
|switch|p2b: Sneasler|Sneasler, L50, F|100/100
|-weather|Sandstorm|[from] ability: Sand Stream|[of] p1a: Tyranitar
|-ability|p1b: Incineroar|Intimidate|boost
|-unboost|p2a: Kleavor|atk|1
|-unboost|p2b: Sneasler|atk|1
|-enditem|p2b: Sneasler|White Herb
|-clearnegativeboost|p2b: Sneasler|[silent]
|turn|1
|
|t:|1783312355
|switch|p1b: Sinistcha|Sinistcha, L50|100/100
|detailschange|p1a: Tyranitar|Tyranitar-Mega, L50, F
|-mega|p1a: Tyranitar|Tyranitar|Tyranitarite
|move|p1a: Tyranitar|Protect|p1a: Tyranitar
|-singleturn|p1a: Tyranitar|Protect
|move|p2b: Sneasler|Fake Out|p1b: Sinistcha
|-immune|p1b: Sinistcha
|move|p2a: Kleavor|Close Combat|p1a: Tyranitar
|-activate|p1a: Tyranitar|move: Protect
|
|-weather|Sandstorm|[upkeep]
|-damage|p2b: Sneasler|94/100|[from] Sandstorm
|-damage|p1b: Sinistcha|93/100|[from] Sandstorm
|upkeep
|turn|2
|
|t:|1783312367
|move|p1b: Sinistcha|Rage Powder|p1b: Sinistcha
|-singleturn|p1b: Sinistcha|move: Rage Powder
|move|p2b: Sneasler|Dire Claw|p1b: Sinistcha
|-damage|p1b: Sinistcha|61/100
|move|p2a: Kleavor|Rock Slide|p1a: Tyranitar|[spread] p1a,p1b
|-damage|p1a: Tyranitar|72/100
|-damage|p1b: Sinistcha|34/100
|move|p1a: Tyranitar|Dragon Dance|p1a: Tyranitar
|-boost|p1a: Tyranitar|atk|1
|-boost|p1a: Tyranitar|spe|1
|
|-weather|Sandstorm|[upkeep]
|-damage|p2b: Sneasler|88/100|[from] Sandstorm
|-damage|p1b: Sinistcha|28/100|[from] Sandstorm
|upkeep
|turn|3
|inactive|Sylviana GL has 30 seconds left.
|
|t:|1783312399
|switch|p1b: Incineroar|Incineroar, L50, M|100/100
|-ability|p1b: Incineroar|Intimidate|boost
|-unboost|p2a: Kleavor|atk|1
|-unboost|p2b: Sneasler|atk|1
|move|p1a: Tyranitar|Protect|p1a: Tyranitar
|-singleturn|p1a: Tyranitar|Protect
|move|p2b: Sneasler|Dire Claw|p1b: Incineroar
|-damage|p1b: Incineroar|75/100
|move|p2a: Kleavor|Rock Slide|p1b: Incineroar|[spread] p1b
|-activate|p1a: Tyranitar|move: Protect
|-supereffective|p1b: Incineroar|1
|-damage|p1b: Incineroar|29/100
|
|-weather|Sandstorm|[upkeep]
|-damage|p2b: Sneasler|82/100|[from] Sandstorm
|-damage|p1b: Incineroar|23/100|[from] Sandstorm
|upkeep
|turn|4
|
|t:|1783312417
|switch|p2a: Whimsicott|Whimsicott, L50, F|100/100
|move|p2b: Sneasler|Protect|p2b: Sneasler
|-singleturn|p2b: Sneasler|Protect
|move|p1b: Incineroar|Fake Out|p2b: Sneasler
|-activate|p2b: Sneasler|move: Protect
|move|p1a: Tyranitar|Rock Slide|p2a: Whimsicott|[spread] p2a
|-activate|p2b: Sneasler|move: Protect
|-damage|p2a: Whimsicott|19/100
|
|-weather|Sandstorm|[upkeep]
|-damage|p2b: Sneasler|77/100|[from] Sandstorm
|-damage|p2a: Whimsicott|13/100|[from] Sandstorm
|-damage|p1b: Incineroar|17/100|[from] Sandstorm
|upkeep
|turn|5
|
|t:|1783312428
|switch|p1b: Sinistcha|Sinistcha, L50|28/100
|-heal|p1a: Tyranitar|97/100|[from] ability: Hospitality|[of] p1b: Sinistcha
|move|p1a: Tyranitar|Protect|p1a: Tyranitar
|-singleturn|p1a: Tyranitar|Protect
|move|p2b: Sneasler|Close Combat|p1a: Tyranitar
|-activate|p1a: Tyranitar|move: Protect
|move|p2a: Whimsicott|Moonblast|p1b: Sinistcha
|-damage|p1b: Sinistcha|0 fnt
|faint|p1b: Sinistcha
|
|-weather|none
|upkeep
|
|t:|1783312439
|switch|p1b: Incineroar|Incineroar, L50, M|17/100
|-ability|p1b: Incineroar|Intimidate|boost
|-unboost|p2a: Whimsicott|atk|1
|-unboost|p2b: Sneasler|atk|1
|turn|6
|
|t:|1783312451
|move|p2a: Whimsicott|Protect|p2a: Whimsicott
|-singleturn|p2a: Whimsicott|Protect
|move|p2b: Sneasler|Protect|p2b: Sneasler
|-singleturn|p2b: Sneasler|Protect
|move|p1b: Incineroar|Fake Out|p2b: Sneasler
|-activate|p2b: Sneasler|move: Protect
|move|p1a: Tyranitar|Rock Slide|p2a: Whimsicott|[spread] 
|-activate|p2a: Whimsicott|move: Protect
|-activate|p2b: Sneasler|move: Protect
|
|upkeep
|turn|7
|
|t:|1783312458
|switch|p1b: Houndstone|Houndstone, L50, F|100/100
|move|p1a: Tyranitar|Protect|p1a: Tyranitar
|-singleturn|p1a: Tyranitar|Protect
|move|p2a: Whimsicott|Tailwind|p2a: Whimsicott
|-sidestart|p2: fishuuq|move: Tailwind
|move|p2b: Sneasler|Close Combat|p1a: Tyranitar
|-activate|p1a: Tyranitar|move: Protect
|
|upkeep
|turn|8
|
|t:|1783312473
|switch|p1b: Incineroar|Incineroar, L50, M|17/100
|-ability|p1b: Incineroar|Intimidate|boost
|-unboost|p2a: Whimsicott|atk|1
|-unboost|p2b: Sneasler|atk|1
|move|p2a: Whimsicott|Encore|p1a: Tyranitar
|-hint|Since gen 7, Dark is immune to Prankster moves.
|-immune|p1a: Tyranitar
|move|p2b: Sneasler|Dire Claw|p1b: Incineroar
|-damage|p1b: Incineroar|2/100
|move|p1a: Tyranitar|Rock Slide|p2b: Sneasler|[spread] p2a,p2b
|-resisted|p2b: Sneasler|1
|-damage|p2a: Whimsicott|0 fnt
|-damage|p2b: Sneasler|35/100
|faint|p2a: Whimsicott
|
|upkeep
|
|t:|1783312481
|switch|p2a: Gardevoir|Gardevoir, L50, M|100/100
|-ability|p2a: Gardevoir|Sand Stream|Trace|[from] ability: Trace|[of] p1a: Tyranitar
|-weather|Sandstorm|[from] ability: Sand Stream|[of] p2a: Gardevoir
|turn|9
|inactive|Sylviana GL has 30 seconds left.
|inactive|Sylviana GL has 20 seconds left.
|
|t:|1783312518
|switch|p2b: Kleavor|Kleavor, L50, M|100/100
|move|p2a: Gardevoir|Protect|p2a: Gardevoir
|-singleturn|p2a: Gardevoir|Protect
|move|p1b: Incineroar|Fake Out|p2a: Gardevoir
|-activate|p2a: Gardevoir|move: Protect
|move|p1a: Tyranitar|Dragon Dance|p1a: Tyranitar
|-boost|p1a: Tyranitar|atk|1
|-boost|p1a: Tyranitar|spe|1
|
|-weather|Sandstorm|[upkeep]
|-damage|p2a: Gardevoir|93/100|[from] Sandstorm
|-damage|p1b: Incineroar|0 fnt|[from] Sandstorm
|faint|p1b: Incineroar
|upkeep
|
|t:|1783312523
|switch|p1b: Houndstone|Houndstone, L50, F|100/100
|turn|10
|
|t:|1783312530
|detailschange|p2a: Gardevoir|Gardevoir-Mega, L50, M
|-mega|p2a: Gardevoir|Gardevoir|Gardevoirite
|move|p1a: Tyranitar|Protect|p1a: Tyranitar
|-singleturn|p1a: Tyranitar|Protect
|move|p2a: Gardevoir|Hyper Voice|p1a: Tyranitar|[spread] p1b
|-activate|p1a: Tyranitar|move: Protect
|-damage|p1b: Houndstone|55/100
|move|p2b: Kleavor|Night Slash|p1b: Houndstone
|-supereffective|p1b: Houndstone|1
|-damage|p1b: Houndstone|0 fnt
|faint|p1b: Houndstone
|-damage|p2b: Kleavor|90/100|[from] item: Life Orb
|
|-weather|Sandstorm|[upkeep]
|-damage|p2a: Gardevoir|87/100|[from] Sandstorm
|-sideend|p2: fishuuq|move: Tailwind
|upkeep
|turn|11
|
|t:|1783312542
|move|p1a: Tyranitar|Rock Slide|p2a: Gardevoir|[spread] p2a,p2b
|-supereffective|p2b: Kleavor|1
|-damage|p2a: Gardevoir|0 fnt
|-damage|p2b: Kleavor|0 fnt
|faint|p2a: Gardevoir
|faint|p2b: Kleavor
|
|-weather|Sandstorm|[upkeep]
|upkeep
|
|t:|1783312545
|switch|p2b: Sneasler|Sneasler, L50, F|35/100
|turn|12
|
|t:|1783312552
|move|p2b: Sneasler|Fake Out|p1a: Tyranitar
|-resisted|p1a: Tyranitar|1
|-damage|p1a: Tyranitar|92/100
|cant|p1a: Tyranitar|flinch
|
|-weather|Sandstorm|[upkeep]
|-damage|p2b: Sneasler|29/100|[from] Sandstorm
|upkeep
|turn|13
|
|t:|1783312555
|move|p1a: Tyranitar|Rock Slide|p2b: Sneasler
|-resisted|p2b: Sneasler|1
|-damage|p2b: Sneasler|0 fnt
|faint|p2b: Sneasler
|
|win|Sylviana GL
||fishuuq is ready for game 2.
||Sylviana GL is ready for game 2.
|uhtml|next|Next: Game 2 of 3
