|j|☆Monterreytest
|j|☆Alecat
|html|MonterreytestAlecat    
|uhtml|bestof|Game 3 of a best-of-3
|t:|1757694159
|gametype|doubles
|player|p1|Monterreytest|102|1000
|player|p2|Alecat|scientistf|1048
|gen|9
|tier|[Gen 9] VGC 2025 Reg H (Bo3)
|rated|
|rule|Species Clause: Limit one of each Pokémon
|rule|Item Clause: Limit 1 of each item
|clearpoke
|poke|p1|Incineroar, L50, F|
|poke|p1|Ninetales-Alola, L50, F|
|poke|p1|Rillaboom, L50, M|
|poke|p1|Dragonite, L50, F|
|poke|p1|Frosmoth, L50, F|
|poke|p1|Ursaluna, L50, M|
|poke|p2|Sneasler, L50, F|
|poke|p2|Magmar, L50, F|
|poke|p2|Rillaboom, L50, M|
|poke|p2|Espathra, L50, M|
|poke|p2|Kingambit, L50, M|
|poke|p2|Arcanine-Hisui, L50, M|
|teampreview|4
|showteam|p1|Incineroar||SafetyGoggles|Intimidate|FakeOut,KnockOff,FlareBlitz,PartingShot|||F|||50|,,,,,Water]Ninetales-Alola||LightClay|SnowWarning|AuroraVeil,Blizzard,Encore,Disable|||F|||50|,,,,,Ghost]Rillaboom||AssaultVest|GrassySurge|FakeOut,WoodHammer,GrassyGlide,HighHorsepower|||M|||50|,,,,,Water]Dragonite||LoadedDice|Multiscale|Haze,ScaleShot,Tailwind,Protect|||F|||50|,,,,,Steel]Frosmoth||Leftovers|IceScales|Blizzard,TeraBlast,QuiverDance,Protect|||F|||50|,,,,,Water]Ursaluna||FlameOrb|Guts|Facade,HeadlongRush,Earthquake,Protect|||M|||50|,,,,,Poison
|showteam|p2|Sneasler||FocusSash|Unburden|FakeOut,CloseCombat,DireClaw,Coaching|||F|||50|,,,,,Ghost]Magmar||Eviolite|VitalSpirit|FollowMe,HeatWave,Taunt,Protect|||F|||50|,,,,,Dragon]Rillaboom||AssaultVest|GrassySurge|FakeOut,WoodHammer,GrassyGlide,HighHorsepower|||M|||50|,,,,,Fire]Espathra||GrassySeed|SpeedBoost|StoredPower,TeraBlast,CalmMind,Protect|||M|||50|,,,,,Fighting]Kingambit||SafetyGoggles|Defiant|KowtowCleave,SuckerPunch,SwordsDance,Protect|||M|||50|,,,,,Dark]Arcanine-Hisui||LoadedDice|Intimidate|FlareBlitz,RockBlast,ExtremeSpeed,Protect|||M|||50|,,,,,Ghost
|inactive|Battle timer is ON: inactive players will automatically lose when time's up. (requested by Alecat)
|
|t:|1757694188
|teamsize|p1|4
|teamsize|p2|4
|start
|switch|p1a: Incineroar|Incineroar, L50, F|100/100
|switch|p1b: Dragonite|Dragonite, L50, F|100/100
|switch|p2a: Arcanine|Arcanine-Hisui, L50, M, shiny|100/100
|switch|p2b: Kingambit|Kingambit, L50, M|100/100
|-ability|p2a: Arcanine|Intimidate|boost
|-unboost|p1a: Incineroar|atk|1
|-unboost|p1b: Dragonite|atk|1
|-ability|p1a: Incineroar|Intimidate|boost
|-unboost|p2a: Arcanine|atk|1
|-unboost|p2b: Kingambit|atk|1
|-ability|p2b: Kingambit|Defiant|boost
|-boost|p2b: Kingambit|atk|2
|turn|1
|
|t:|1757694200
|-terastallize|p2a: Arcanine|Ghost
|move|p1a: Incineroar|Fake Out|p2a: Arcanine
|-immune|p2a: Arcanine
|move|p2a: Arcanine|Rock Blast|p1a: Incineroar
|-supereffective|p1a: Incineroar
|-damage|p1a: Incineroar|86/100
|-supereffective|p1a: Incineroar
|-damage|p1a: Incineroar|71/100
|-supereffective|p1a: Incineroar
|-damage|p1a: Incineroar|55/100
|-supereffective|p1a: Incineroar
|-crit|p1a: Incineroar
|-damage|p1a: Incineroar|15/100
|-hitcount|p1a: Incineroar|4
|move|p1b: Dragonite|Tailwind|p1b: Dragonite
|-sidestart|p1: Monterreytest|move: Tailwind
|move|p2b: Kingambit|Swords Dance|p2b: Kingambit
|-boost|p2b: Kingambit|atk|2
|
|upkeep
|turn|2
|
|t:|1757694227
|move|p2b: Kingambit|Sucker Punch|p1a: Incineroar
|-resisted|p1a: Incineroar
|-damage|p1a: Incineroar|0 fnt
|faint|p1a: Incineroar
|move|p1b: Dragonite|Haze|p1b: Dragonite
|-clearallboost
|move|p2a: Arcanine|Rock Blast|p1b: Dragonite
|-supereffective|p1b: Dragonite
|-damage|p1b: Dragonite|86/100
|-supereffective|p1b: Dragonite
|-damage|p1b: Dragonite|57/100
|-supereffective|p1b: Dragonite
|-damage|p1b: Dragonite|27/100
|-supereffective|p1b: Dragonite
|-damage|p1b: Dragonite|0 fnt
|faint|p1b: Dragonite
|-hitcount|p1: Dragonite|4
|
|upkeep
|
|t:|1757694231
|switch|p1b: Ursaluna|Ursaluna, L50, M, shiny|100/100
|switch|p1a: Rillaboom|Rillaboom, L50, M|100/100
|-fieldstart|move: Grassy Terrain|[from] ability: Grassy Surge|[of] p1a: Rillaboom
|turn|3
|inactive|Monterreytest has 30 seconds left.
|inactive|Alecat has 30 seconds left.
|
|t:|1757694262
|switch|p2b: Rillaboom|Rillaboom, L50, M|100/100
|move|p1a: Rillaboom|Wood Hammer|p2a: Arcanine
|-damage|p2a: Arcanine|2/100
|-damage|p1a: Rillaboom|73/100|[from] Recoil
|move|p1b: Ursaluna|Earthquake|p2a: Arcanine|[spread] p1a,p2a,p2b
|-resisted|p1a: Rillaboom
|-resisted|p2b: Rillaboom
|-damage|p1a: Rillaboom|65/100
|-damage|p2a: Arcanine|0 fnt
|-damage|p2b: Rillaboom|90/100
|faint|p2a: Arcanine
|
|-heal|p1a: Rillaboom|71/100|[from] Grassy Terrain
|-heal|p2b: Rillaboom|96/100|[from] Grassy Terrain
|-status|p1b: Ursaluna|brn|[from] item: Flame Orb
|upkeep
|inactive|Alecat has 30 seconds left.
|
|t:|1757694290
|switch|p2a: Kingambit|Kingambit, L50, M|100/100
|turn|4
|
|t:|1757694306
|-terastallize|p1b: Ursaluna|Poison
|move|p2b: Rillaboom|Grassy Glide|p1b: Ursaluna
|-resisted|p1b: Ursaluna
|-crit|p1b: Ursaluna
|-damage|p1b: Ursaluna|79/100 brn
|move|p2a: Kingambit|Sucker Punch|p1b: Ursaluna
|-crit|p1b: Ursaluna
|-damage|p1b: Ursaluna|32/100 brn
|move|p1a: Rillaboom|High Horsepower|p2a: Kingambit
|-supereffective|p2a: Kingambit
|-damage|p2a: Kingambit|50/100
|move|p1b: Ursaluna|Facade|p2b: Rillaboom
|-damage|p2b: Rillaboom|0 fnt
|faint|p2b: Rillaboom
|
|-heal|p1a: Rillaboom|76/100|[from] Grassy Terrain
|-heal|p1b: Ursaluna|38/100 brn|[from] Grassy Terrain
|-heal|p2a: Kingambit|56/100|[from] Grassy Terrain
|-damage|p1b: Ursaluna|32/100 brn|[from] brn
|-sideend|p1: Monterreytest|move: Tailwind
|upkeep
|
|t:|1757694324
|switch|p2b: Sneasler|Sneasler, L50, F|100/100
|turn|5
|
|t:|1757694335
|move|p1b: Ursaluna|Protect|p1b: Ursaluna
|-singleturn|p1b: Ursaluna|Protect
|move|p2b: Sneasler|Fake Out|p1a: Rillaboom
|-damage|p1a: Rillaboom|64/100
|cant|p1a: Rillaboom|flinch
|move|p2a: Kingambit|Swords Dance|p2a: Kingambit
|-boost|p2a: Kingambit|atk|2
|
|-heal|p1a: Rillaboom|70/100|[from] Grassy Terrain
|-heal|p1b: Ursaluna|38/100 brn|[from] Grassy Terrain
|-heal|p2a: Kingambit|62/100|[from] Grassy Terrain
|-damage|p1b: Ursaluna|32/100 brn|[from] brn
|upkeep
|turn|6
|
|t:|1757694355
|move|p2a: Kingambit|Sucker Punch|p1b: Ursaluna
|-damage|p1b: Ursaluna|0 fnt
|faint|p1b: Ursaluna
|move|p2b: Sneasler|Dire Claw|p1a: Rillaboom
|-supereffective|p1a: Rillaboom
|-damage|p1a: Rillaboom|0 fnt
|faint|p1a: Rillaboom
|
|win|Alecat
|raw|Monterreytest's rating: 1000 → 1000(+0 for losing)
|raw|Alecat's rating: 1048 → 1076(+28 for winning)
|l|☆Monterreytest
|player|p1|
