|j|☆merr123
|j|☆namboyVGC
|html|merr123namboyVGC    
|uhtml|bestof|Game 2 of a best-of-3
|t:|1756891809
|gametype|doubles
|player|p1|merr123|sisandbro|1233
|player|p2|namboyVGC|wattson|1258
|gen|9
|tier|[Gen 9] VGC 2025 Reg H (Bo3)
|rated|
|rule|Species Clause: Limit one of each Pokémon
|rule|Item Clause: Limit 1 of each item
|clearpoke
|poke|p1|Sneasler, L50, M|
|poke|p1|Gholdengo, L50|
|poke|p1|Amoonguss, L50, M|
|poke|p1|Incineroar, L50, F|
|poke|p1|Ursaluna-Bloodmoon, L50, M|
|poke|p1|Farigiraf, L50, F|
|poke|p2|Sneasler, L50, F|
|poke|p2|Indeedee, L50, M|
|poke|p2|Annihilape, L50, F|
|poke|p2|Tyranitar, L50, M|
|poke|p2|Excadrill, L50, M|
|poke|p2|Hydreigon, L50, M|
|teampreview|4
|showteam|p1|Sneasler||ClearAmulet|PoisonTouch|FakeOut,CloseCombat,DireClaw,Protect|||M|||50|,,,,,Water]Gholdengo||MetalCoat|GoodasGold|NastyPlot,MakeItRain,ShadowBall,Protect||||||50|,,,,,Water]Amoonguss||MentalHerb|Regenerator|Spore,RagePowder,PollenPuff,Protect|||M|||50|,,,,,Water]Incineroar||SafetyGoggles|Intimidate|FakeOut,FlareBlitz,KnockOff,PartingShot|||F|||50|,,,,,Ghost]Ursaluna-Bloodmoon||LifeOrb|MindsEye|CalmMind,EarthPower,BloodMoon,Protect|||M|||50|,,,,,Poison]Farigiraf||ThroatSpray|ArmorTail|HyperVoice,Psychic,TrickRoom,Protect|||F|||50|,,,,,Dragon
|showteam|p2|Sneasler||PsychicSeed|Unburden|CloseCombat,DireClaw,ThroatChop,Protect|||F|||50|,,,,,Dark]Indeedee||ChoiceScarf|PsychicSurge|ExpandingForce,TeraBlast,Trick,DazzlingGleam|||M|||50|,,,,,Fire]Annihilape||SafetyGoggles|Defiant|CloseCombat,RageFist,Taunt,FinalGambit|||F|||50|,,,,,Water]Tyranitar||AssaultVest|SandStream|RockSlide,KnockOff,TeraBlast,LowKick|||M|||50|,,,,,Flying]Excadrill||FocusSash|SandRush|HighHorsepower,Earthquake,IronHead,Protect|||M|||50|,,,,,Stellar]Hydreigon||CovertCloak|Levitate|Snarl,DracoMeteor,Tailwind,Roar|||M|||50|,,,,,Fairy
|inactive|Battle timer is ON: inactive players will automatically lose when time's up. (requested by namboyVGC)
|inactive|merr123 also wants the timer to be on.
|inactive|merr123 has 60 seconds left.
|
|t:|1756891863
|teamsize|p1|4
|teamsize|p2|4
|start
|switch|p1a: Farigiraf|Farigiraf, L50, F|100/100
|switch|p1b: Gholdengo|Gholdengo, L50|100/100
|switch|p2a: Annihilape|Annihilape, L50, F|100/100
|switch|p2b: Indeedee|Indeedee, L50, M|100/100
|-fieldstart|move: Psychic Terrain|[from] ability: Psychic Surge|[of] p2b: Indeedee
|turn|1
|
|t:|1756891885
|-terastallize|p2b: Indeedee|Fire
|move|p2b: Indeedee|Tera Blast|p1b: Gholdengo|[anim] Tera Blast Fire
|-supereffective|p1b: Gholdengo
|-damage|p1b: Gholdengo|22/100
|move|p2a: Annihilape|Taunt|p1a: Farigiraf
|-start|p1a: Farigiraf|move: Taunt
|move|p1b: Gholdengo|Nasty Plot|p1b: Gholdengo
|-boost|p1b: Gholdengo|spa|2
|cant|p1a: Farigiraf|move: Taunt|Trick Room
|
|upkeep
|turn|2
|
|t:|1756891908
|move|p1b: Gholdengo|Protect|p1b: Gholdengo
|-singleturn|p1b: Gholdengo|Protect
|move|p2b: Indeedee|Tera Blast|p1a: Farigiraf|[anim] Tera Blast Fire
|-damage|p1a: Farigiraf|65/100
|move|p2a: Annihilape|Rage Fist|p1b: Gholdengo
|-activate|p1b: Gholdengo|move: Protect
|move|p1a: Farigiraf|Psychic|p2a: Annihilape
|-supereffective|p2a: Annihilape
|-damage|p2a: Annihilape|9/100
|
|upkeep
|turn|3
|
|t:|1756891930
|switch|p1b: Ursaluna|Ursaluna-Bloodmoon, L50, M|100/100
|move|p2b: Indeedee|Tera Blast|p1a: Farigiraf|[anim] Tera Blast Fire
|-damage|p1a: Farigiraf|25/100
|move|p2a: Annihilape|Rage Fist|p1b: Ursaluna
|-immune|p1b: Ursaluna
|move|p1a: Farigiraf|Psychic|p2a: Annihilape
|-supereffective|p2a: Annihilape
|-damage|p2a: Annihilape|0 fnt
|faint|p2a: Annihilape
|
|-end|p1a: Farigiraf|move: Taunt
|upkeep
|
|t:|1756891946
|switch|p2a: Sneasler|Sneasler, L50, F|100/100
|-enditem|p2a: Sneasler|Psychic Seed
|-boost|p2a: Sneasler|spd|1|[from] item: Psychic Seed
|turn|4
|
|t:|1756891956
|-terastallize|p1a: Farigiraf|Dragon
|move|p1b: Ursaluna|Protect|p1b: Ursaluna
|-singleturn|p1b: Ursaluna|Protect
|move|p2a: Sneasler|Close Combat|p1b: Ursaluna
|-activate|p1b: Ursaluna|move: Protect
|move|p2b: Indeedee|Tera Blast|p1a: Farigiraf|[anim] Tera Blast Fire
|-resisted|p1a: Farigiraf
|-damage|p1a: Farigiraf|5/100
|move|p1a: Farigiraf|Trick Room|p1a: Farigiraf
|-fieldstart|move: Trick Room|[of] p1a: Farigiraf
|
|upkeep
|turn|5
|
|t:|1756891974
|switch|p2b: Tyranitar|Tyranitar, L50, M|100/100
|-weather|Sandstorm|[from] ability: Sand Stream|[of] p2b: Tyranitar
|move|p2a: Sneasler|Protect|p2a: Sneasler
|-singleturn|p2a: Sneasler|Protect
|move|p1a: Farigiraf|Psychic|p2a: Sneasler
|-activate|p2a: Sneasler|move: Protect
|move|p1b: Ursaluna|Blood Moon|p2b: Tyranitar
|-resisted|p2b: Tyranitar
|-damage|p2b: Tyranitar|80/100
|-damage|p1b: Ursaluna|91/100|[from] item: Life Orb
|
|-weather|Sandstorm|[upkeep]
|-damage|p1a: Farigiraf|0 fnt|[from] Sandstorm
|-damage|p2a: Sneasler|95/100|[from] Sandstorm
|faint|p1a: Farigiraf
|-fieldend|move: Psychic Terrain
|upkeep
|inactive|merr123 has 30 seconds left.
|
|t:|1756892003
|switch|p1a: Gholdengo|Gholdengo, L50|22/100
|turn|6
|
|t:|1756892019
|switch|p2a: Indeedee|Indeedee, L50, M, tera:Fire|100/100
|-fieldstart|move: Psychic Terrain|[from] ability: Psychic Surge|[of] p2a: Indeedee
|move|p1b: Ursaluna|Earth Power|p2b: Tyranitar
|-supereffective|p2b: Tyranitar
|-damage|p2b: Tyranitar|30/100
|-damage|p1b: Ursaluna|81/100|[from] item: Life Orb
|move|p2b: Tyranitar|Low Kick|p1b: Ursaluna
|-supereffective|p1b: Ursaluna
|-damage|p1b: Ursaluna|20/100
|move|p1a: Gholdengo|Make It Rain|p2b: Tyranitar|[spread] p2a,p2b
|-resisted|p2a: Indeedee
|-supereffective|p2b: Tyranitar
|-damage|p2a: Indeedee|62/100
|-damage|p2b: Tyranitar|0 fnt
|-unboost|p1a: Gholdengo|spa|1
|faint|p2b: Tyranitar
|
|-weather|Sandstorm|[upkeep]
|-damage|p2a: Indeedee|56/100|[from] Sandstorm
|upkeep
|
|t:|1756892039
|switch|p2b: Sneasler|Sneasler, L50, F|95/100
|turn|7
|
|t:|1756892053
|move|p1a: Gholdengo|Protect|p1a: Gholdengo
|-singleturn|p1a: Gholdengo|Protect
|move|p1b: Ursaluna|Blood Moon|p2a: Indeedee
|-damage|p2a: Indeedee|0 fnt
|faint|p2a: Indeedee
|-damage|p1b: Ursaluna|11/100|[from] item: Life Orb
|move|p2b: Sneasler|Dire Claw|p1b: Ursaluna
|-resisted|p1b: Ursaluna
|-damage|p1b: Ursaluna|0 fnt
|faint|p1b: Ursaluna
|
|-weather|Sandstorm|[upkeep]
|-damage|p2b: Sneasler|89/100|[from] Sandstorm
|upkeep
|
|t:|1756892061
|switch|p1b: Amoonguss|Amoonguss, L50, M|100/100
|turn|8
|
|t:|1756892065
|move|p2b: Sneasler|Protect|p2b: Sneasler
|-singleturn|p2b: Sneasler|Protect
|move|p1b: Amoonguss|Rage Powder|p1b: Amoonguss
|-singleturn|p1b: Amoonguss|move: Rage Powder
|move|p1a: Gholdengo|Nasty Plot|p1a: Gholdengo
|-boost|p1a: Gholdengo|spa|2
|
|-weather|Sandstorm|[upkeep]
|-damage|p1b: Amoonguss|95/100|[from] Sandstorm
|-damage|p2b: Sneasler|83/100|[from] Sandstorm
|-fieldend|move: Trick Room
|upkeep
|turn|9
|
|t:|1756892076
|move|p1b: Amoonguss|Rage Powder|p1b: Amoonguss
|-singleturn|p1b: Amoonguss|move: Rage Powder
|move|p2b: Sneasler|Throat Chop|p1b: Amoonguss
|-damage|p1b: Amoonguss|72/100
|-start|p1b: Amoonguss|Throat Chop|[silent]
|move|p1a: Gholdengo|Shadow Ball|p2b: Sneasler
|-damage|p2b: Sneasler|0 fnt
|faint|p2b: Sneasler
|
|win|merr123
