|j|☆ufhednarvgc
|j|☆tostine
|html|ufhednarvgctostine    
|uhtml|bestof|Game 1 of a best-of-3
|t:|1786129421
|gametype|doubles
|player|p1|ufhednarvgc|lance|1135
|player|p2|tostine|101|1043
|gen|9
|tier|[Gen 9 Champions] VGC 2026 Reg M-B (Bo3)
|rated|
|rule|Species Clause: Limit one of each Pokémon
|rule|Item Clause: Limit 1 of each item
|clearpoke
|poke|p1|Arcanine-Hisui, L50, F|
|poke|p1|Kingambit, L50, F|
|poke|p1|Raichu, L50, F|
|poke|p1|Farigiraf, L50, F|
|poke|p1|Sylveon, L50, M|
|poke|p1|Staraptor, L50, M|
|poke|p2|Archaludon, L50, M, shiny|
|poke|p2|Noivern, L50, M|
|poke|p2|Gengar, L50, M|
|poke|p2|Sinistcha-Masterpiece, L50|
|poke|p2|Tyranitar, L50, F|
|poke|p2|Excadrill, L50, F|
|teampreview|4
|showteam|p1|Arcanine-Hisui||FocusSash|RockHead|FlareBlitz,HeadSmash,ExtremeSpeed,Protect|Jolly||F|||50|]Kingambit||LifeOrb|Defiant|KowtowCleave,SuckerPunch,SwordsDance,Protect|Adamant||F|||50|]Raichu||RaichuniteY|LightningRod|ZapCannon,FocusBlast,FakeOut,Protect|Timid||F|||50|]Farigiraf||SitrusBerry|ArmorTail|Psychic,HelpingHand,TrickRoom,Protect|Modest||F|||50|]Sylveon||FairyFeather|Pixilate|HyperVoice,HyperBeam,QuickAttack,Detect|Modest||M|||50|]Staraptor||Staraptite|Intimidate|CloseCombat,DualWingbeat,Tailwind,Protect|Jolly||M|||50|
|showteam|p2|Archaludon||ScopeLens|Stalwart|FlashCannon,DracoMeteor,AuraSphere,ElectroShot|Modest||M|||50|]Noivern||FocusSash|Telepathy|DragonCheer,Tailwind,SuperFang,Protect|Timid||M|||50|]Gengar||Gengarite|CursedBody|SludgeWave,ShadowBall,NastyPlot,Protect|Timid||M|||50|]Sinistcha-Masterpiece||SitrusBerry|Hospitality|MatchaGotcha,RagePowder,TrickRoom,Protect|Relaxed|||||50|]Tyranitar||Tyranitarite|SandStream|RockSlide,KnockOff,Taunt,Protect|Careful||F|||50|]Excadrill||WhiteHerb|SandRush|Earthquake,IronHead,RockSlide,Protect|Adamant||F|||50|
|
|t:|1786129495
|teamsize|p1|4
|teamsize|p2|4
|start
|switch|p1a: Staraptor|Staraptor, L50, M|100/100
|switch|p1b: Sylveon|Sylveon, L50, M|100/100
|switch|p2a: Noivern|Noivern, L50, M|100/100
|switch|p2b: Archaludon|Archaludon, L50, M, shiny|100/100
|-ability|p1a: Staraptor|Intimidate|boost
|-unboost|p2a: Noivern|atk|1
|-unboost|p2b: Archaludon|atk|1
|turn|1
|
|t:|1786129514
|detailschange|p1a: Staraptor|Staraptor-Mega, L50, M
|-mega|p1a: Staraptor|Staraptor|Staraptite
|move|p2a: Noivern|Tailwind|p2a: Noivern
|-sidestart|p2: tostine|move: Tailwind
|move|p2b: Archaludon|Draco Meteor|p1a: Staraptor
|-damage|p1a: Staraptor|24/100
|-unboost|p2b: Archaludon|spa|2
|move|p1a: Staraptor|Tailwind|p1a: Staraptor
|-sidestart|p1: ufhednarvgc|move: Tailwind
|move|p1b: Sylveon|Hyper Voice|p2b: Archaludon|[spread] p2a,p2b
|-supereffective|p2a: Noivern|1
|-enditem|p2a: Noivern|Focus Sash
|-damage|p2a: Noivern|1/100
|-damage|p2b: Archaludon|40/100
|
|upkeep
|turn|2
|
|t:|1786129533
|move|p1b: Sylveon|Quick Attack|p2a: Noivern
|-supereffective|p2a: Noivern|1
|-damage|p2a: Noivern|0 fnt
|faint|p2a: Noivern
|move|p1a: Staraptor|Close Combat|p2b: Archaludon
|-supereffective|p2b: Archaludon|1
|-damage|p2b: Archaludon|0 fnt
|-boost|p1a: Staraptor|def|1
|-boost|p1a: Staraptor|spd|1
|faint|p2b: Archaludon
|
|upkeep
|
|t:|1786129538
|switch|p2a: Sinistcha|Sinistcha-Masterpiece, L50|100/100
|switch|p2b: Gengar|Gengar, L50, M|100/100
|turn|3
|
|t:|1786129555
|switch|p1b: Kingambit|Kingambit, L50, F|100/100
|detailschange|p2b: Gengar|Gengar-Mega, L50, M
|-mega|p2b: Gengar|Gengar|Gengarite
|move|p2a: Sinistcha|Rage Powder|p2a: Sinistcha
|-singleturn|p2a: Sinistcha|move: Rage Powder
|move|p2b: Gengar|Sludge Wave|p1a: Staraptor|[spread] p2a,p1a
|-immune|p1b: Kingambit
|-damage|p2a: Sinistcha|47/100
|-damage|p1a: Staraptor|0 fnt
|-status|p2a: Sinistcha|psn
|-enditem|p2a: Sinistcha|Sitrus Berry|[eat]
|-heal|p2a: Sinistcha|71/100 psn|[from] item: Sitrus Berry
|faint|p1a: Staraptor
|
|-damage|p2a: Sinistcha|59/100 psn|[from] psn
|upkeep
|
|t:|1786129569
|switch|p1a: Farigiraf|Farigiraf, L50, F|100/100
|turn|4
|
|t:|1786129593
|move|p2b: Gengar|Nasty Plot|p2b: Gengar
|-boost|p2b: Gengar|spa|2
|move|p2a: Sinistcha|Matcha Gotcha|p1a: Farigiraf|[spread] p1a,p1b
|-resisted|p1b: Kingambit|1
|-damage|p1a: Farigiraf|77/100
|-heal|p2a: Sinistcha|74/100 psn|[from] drain|[of] p1a: Farigiraf
|-damage|p1b: Kingambit|88/100
|-heal|p2a: Sinistcha|80/100 psn|[from] drain|[of] p1b: Kingambit
|-status|p1b: Kingambit|brn
|move|p1a: Farigiraf|Psychic|p2b: Gengar
|-supereffective|p2b: Gengar|1
|-damage|p2b: Gengar|2/100
|move|p1b: Kingambit|Kowtow Cleave|p2a: Sinistcha
|-supereffective|p2a: Sinistcha|1
|-damage|p2a: Sinistcha|30/100 psn
|-damage|p1b: Kingambit|79/100 brn|[from] item: Life Orb
|
|-damage|p2a: Sinistcha|17/100 psn|[from] psn
|-damage|p1b: Kingambit|73/100 brn|[from] brn
|-sideend|p1: ufhednarvgc|move: Tailwind
|-sideend|p2: tostine|move: Tailwind
|upkeep
|turn|5
|
|t:|1786129614
|move|p1a: Farigiraf|Protect|p1a: Farigiraf
|-singleturn|p1a: Farigiraf|Protect
|move|p1b: Kingambit|Protect|p1b: Kingambit
|-singleturn|p1b: Kingambit|Protect
|move|p2a: Sinistcha|Rage Powder|p2a: Sinistcha
|-singleturn|p2a: Sinistcha|move: Rage Powder
|move|p2b: Gengar|Shadow Ball|p1b: Kingambit
|-activate|p1b: Kingambit|move: Protect
|
|-damage|p2a: Sinistcha|5/100 psn|[from] psn
|-damage|p1b: Kingambit|67/100 brn|[from] brn
|upkeep
|turn|6
|
|t:|1786129628
|move|p2a: Sinistcha|Rage Powder|p2a: Sinistcha
|-singleturn|p2a: Sinistcha|move: Rage Powder
|move|p1b: Kingambit|Sucker Punch||[still]
|-fail|p1b: Kingambit
|move|p2b: Gengar|Shadow Ball|p1b: Kingambit
|-resisted|p1b: Kingambit|1
|-crit|p1b: Kingambit
|-damage|p1b: Kingambit|0 fnt
|faint|p1b: Kingambit
|move|p1a: Farigiraf|Psychic|p2a: Sinistcha
|-damage|p2a: Sinistcha|0 fnt
|faint|p2a: Sinistcha
|
|upkeep
|
|t:|1786129638
|switch|p1b: Sylveon|Sylveon, L50, M|100/100
|turn|7
|
|t:|1786129644
|move|p1a: Farigiraf|Helping Hand|p1b: Sylveon
|-singleturn|p1b: Sylveon|Helping Hand|[of] p1a: Farigiraf
|move|p2b: Gengar|Protect|p2b: Gengar
|-singleturn|p2b: Gengar|Protect
|move|p1b: Sylveon|Quick Attack|p2b: Gengar
|-activate|p2b: Gengar|move: Protect
|
|upkeep
|turn|8
|
|t:|1786129653
|move|p1a: Farigiraf|Helping Hand|p1b: Sylveon
|-singleturn|p1b: Sylveon|Helping Hand|[of] p1a: Farigiraf
|move|p1b: Sylveon|Quick Attack|p2b: Gengar
|-resisted|p2b: Gengar|1
|-damage|p2b: Gengar|0 fnt
|faint|p2b: Gengar
|
|win|ufhednarvgc
||tostine is ready for game 2.
||ufhednarvgc is ready for game 2.
|uhtml|next|Next: Game 2 of 3
|l|☆tostine
|player|p2|
