|j|☆ansufati7
|j|☆KodeBeast0526
|html|ansufati7KodeBeast0526    
|uhtml|bestof|Game 1 of a best-of-3
|t:|1756930416
|gametype|doubles
|player|p1|ansufati7|ethan|1103
|player|p2|KodeBeast0526|sailor|1196
|gen|9
|tier|[Gen 9] VGC 2025 Reg H (Bo3)
|rated|
|rule|Species Clause: Limit one of each Pokémon
|rule|Item Clause: Limit 1 of each item
|clearpoke
|poke|p1|Ursaluna-Bloodmoon, L50, M|
|poke|p1|Rillaboom, L50, M|
|poke|p1|Gholdengo, L50|
|poke|p1|Incineroar, L50, F|
|poke|p1|Whimsicott, L50, M|
|poke|p1|Dragonite, L50, F|
|poke|p2|Sneasler, L50, M|
|poke|p2|Excadrill, L50, F|
|poke|p2|Tyranitar, L50, F|
|poke|p2|Gholdengo, L50|
|poke|p2|Kommo-o, L50, F|
|poke|p2|Electabuzz, L50, M|
|teampreview|4
|showteam|p1|Ursaluna-Bloodmoon||AssaultVest|MindsEye|BloodMoon,VacuumWave,EarthPower,HyperVoice|||M|||50|,,,,,Ghost]Rillaboom||MiracleSeed|GrassySurge|FakeOut,GrassyGlide,Uturn,WoodHammer|||M|||50|,,,,,Fire]Gholdengo||ChoiceScarf|GoodasGold|MakeItRain,ShadowBall,Trick,NastyPlot||||||50|,,,,,Water]Incineroar||SafetyGoggles|Intimidate|FakeOut,KnockOff,PartingShot,WillOWisp|||F|||50|,,,,,Ghost]Whimsicott||CovertCloak|Prankster|Moonblast,Tailwind,SunnyDay,Encore|||M|||50|,,,,,Poison]Dragonite||LoadedDice|Multiscale|ExtremeSpeed,Protect,ScaleShot,Haze|||F|||50|,,,,,Normal
|showteam|p2|Sneasler||WhiteHerb|Unburden|CloseCombat,DireClaw,FakeOut,ThroatChop|||M|||50|,,,,,Flying]Excadrill||FocusSash|SandRush|Earthquake,IronHead,SwordsDance,Protect|||F|||50|,,,,,Ground]Tyranitar||AssaultVest|SandStream|RockSlide,KnockOff,LowKick,TeraBlast|||F|||50|,,,,,Flying]Gholdengo||LifeOrb|GoodasGold|MakeItRain,ShadowBall,NastyPlot,Protect||||||50|,,,,,Water]Kommo-o||ThroatSpray|Overcoat|ClangingScales,ClangorousSoul,Flamethrower,Protect|||F|||50|,,,,,Fire]Electabuzz||Eviolite|VitalSpirit|Electroweb,FollowMe,HelpingHand,Taunt|||M|||50|,,,,,Ghost
|
|t:|1756930465
|teamsize|p1|4
|teamsize|p2|4
|start
|switch|p1a: Whimsicott|Whimsicott, L50, M, shiny|100/100
|switch|p1b: Rillaboom|Rillaboom, L50, M|100/100
|switch|p2a: Electabuzz|Electabuzz, L50, M, shiny|100/100
|switch|p2b: Kommo-o|Kommo-o, L50, F, shiny|100/100
|-fieldstart|move: Grassy Terrain|[from] ability: Grassy Surge|[of] p1b: Rillaboom
|turn|1
|
|t:|1756930490
|move|p2b: Kommo-o|Protect|p2b: Kommo-o
|-singleturn|p2b: Kommo-o|Protect
|move|p1b: Rillaboom|Fake Out|p2a: Electabuzz
|-damage|p2a: Electabuzz|88/100
|move|p1a: Whimsicott|Tailwind|p1a: Whimsicott
|-sidestart|p1: ansufati7|move: Tailwind
|cant|p2a: Electabuzz|flinch
|
|-heal|p2a: Electabuzz|94/100|[from] Grassy Terrain
|upkeep
|turn|2
|
|t:|1756930508
|move|p2a: Electabuzz|Follow Me|p2a: Electabuzz
|-singleturn|p2a: Electabuzz|move: Follow Me
|move|p1a: Whimsicott|Encore|p2a: Electabuzz
|-start|p2a: Electabuzz|Encore
|move|p1b: Rillaboom|U-turn|p2a: Electabuzz
|-damage|p2a: Electabuzz|74/100
|
|t:|1756930517
|switch|p1b: Ursaluna|Ursaluna-Bloodmoon, L50, M|100/100|[from] U-turn
|move|p2b: Kommo-o|Clangorous Soul|p2b: Kommo-o
|-boost|p2b: Kommo-o|atk|1
|-boost|p2b: Kommo-o|def|1
|-boost|p2b: Kommo-o|spa|1
|-boost|p2b: Kommo-o|spd|1
|-boost|p2b: Kommo-o|spe|1
|-damage|p2b: Kommo-o|68/100
|-enditem|p2b: Kommo-o|Throat Spray
|-boost|p2b: Kommo-o|spa|1|[from] item: Throat Spray
|
|-heal|p2b: Kommo-o|74/100|[from] Grassy Terrain
|-heal|p2a: Electabuzz|80/100|[from] Grassy Terrain
|upkeep
|turn|3
|
|t:|1756930536
|move|p2a: Electabuzz|Follow Me|p2a: Electabuzz
|-singleturn|p2a: Electabuzz|move: Follow Me
|move|p1a: Whimsicott|Moonblast|p2a: Electabuzz
|-damage|p2a: Electabuzz|57/100
|-unboost|p2a: Electabuzz|spa|1
|move|p2b: Kommo-o|Flamethrower|p1a: Whimsicott
|-supereffective|p1a: Whimsicott
|-damage|p1a: Whimsicott|0 fnt
|faint|p1a: Whimsicott
|move|p1b: Ursaluna|Hyper Voice|p2a: Electabuzz|[spread] p2a,p2b
|-damage|p2a: Electabuzz|29/100
|-damage|p2b: Kommo-o|45/100
|
|-heal|p2b: Kommo-o|50/100|[from] Grassy Terrain
|-heal|p2a: Electabuzz|35/100|[from] Grassy Terrain
|upkeep
|
|t:|1756930550
|switch|p1a: Rillaboom|Rillaboom, L50, M|100/100
|turn|4
|
|t:|1756930562
|move|p2b: Kommo-o|Protect|p2b: Kommo-o
|-singleturn|p2b: Kommo-o|Protect
|move|p1a: Rillaboom|Fake Out|p2a: Electabuzz
|-damage|p2a: Electabuzz|23/100
|cant|p2a: Electabuzz|flinch
|move|p1b: Ursaluna|Earth Power|p2b: Kommo-o
|-activate|p2b: Kommo-o|move: Protect
|
|-heal|p2b: Kommo-o|56/100|[from] Grassy Terrain
|-heal|p2a: Electabuzz|29/100|[from] Grassy Terrain
|-sideend|p1: ansufati7|move: Tailwind
|upkeep
|turn|5
|
|t:|1756930580
|move|p2a: Electabuzz|Follow Me|p2a: Electabuzz
|-singleturn|p2a: Electabuzz|move: Follow Me
|move|p1a: Rillaboom|Grassy Glide|p2a: Electabuzz
|-damage|p2a: Electabuzz|0 fnt
|faint|p2a: Electabuzz
|move|p2b: Kommo-o|Clanging Scales|p1a: Rillaboom|[spread] p1a,p1b
|-damage|p1a: Rillaboom|19/100
|-damage|p1b: Ursaluna|51/100
|-unboost|p2b: Kommo-o|def|1
|move|p1b: Ursaluna|Earth Power|p2b: Kommo-o
|-damage|p2b: Kommo-o|21/100
|
|-heal|p2b: Kommo-o|26/100|[from] Grassy Terrain
|-heal|p1a: Rillaboom|25/100|[from] Grassy Terrain
|-heal|p1b: Ursaluna|57/100|[from] Grassy Terrain
|-fieldend|move: Grassy Terrain
|upkeep
|
|t:|1756930591
|switch|p2a: Tyranitar|Tyranitar, L50, F, shiny|100/100
|-weather|Sandstorm|[from] ability: Sand Stream|[of] p2a: Tyranitar
|turn|6
|
|t:|1756930608
|switch|p1a: Gholdengo|Gholdengo, L50|100/100
|move|p2b: Kommo-o|Clanging Scales|p1a: Gholdengo|[spread] p1a,p1b
|-resisted|p1a: Gholdengo
|-damage|p1a: Gholdengo|57/100
|-damage|p1b: Ursaluna|8/100
|-unboost|p2b: Kommo-o|def|1
|move|p2a: Tyranitar|Low Kick|p1b: Ursaluna
|-supereffective|p1b: Ursaluna
|-damage|p1b: Ursaluna|0 fnt
|faint|p1b: Ursaluna
|
|-weather|Sandstorm|[upkeep]
|upkeep
|
|t:|1756930619
|switch|p1b: Rillaboom|Rillaboom, L50, M|25/100
|-fieldstart|move: Grassy Terrain|[from] ability: Grassy Surge|[of] p1b: Rillaboom
|turn|7
|
|t:|1756930653
|-terastallize|p1a: Gholdengo|Water
|-terastallize|p2a: Tyranitar|Flying
|move|p1b: Rillaboom|Fake Out|p2a: Tyranitar
|-damage|p2a: Tyranitar|90/100
|move|p1a: Gholdengo|Make It Rain|p2b: Kommo-o|[spread] p2a,p2b
|-damage|p2a: Tyranitar|68/100
|-damage|p2b: Kommo-o|0 fnt
|-unboost|p1a: Gholdengo|spa|1
|faint|p2b: Kommo-o
|cant|p2a: Tyranitar|flinch
|
|-weather|Sandstorm|[upkeep]
|-damage|p1a: Gholdengo|51/100|[from] Sandstorm
|-damage|p1b: Rillaboom|19/100|[from] Sandstorm
|-damage|p2a: Tyranitar|62/100|[from] Sandstorm
|-heal|p1a: Gholdengo|57/100|[from] Grassy Terrain
|-heal|p1b: Rillaboom|25/100|[from] Grassy Terrain
|upkeep
|
|t:|1756930668
|switch|p2b: Excadrill|Excadrill, L50, F, shiny|100/100
|turn|8
|
|t:|1756930677
|move|p1b: Rillaboom|Grassy Glide|p2b: Excadrill
|-damage|p2b: Excadrill|35/100
|move|p2b: Excadrill|Earthquake|p1b: Rillaboom|[spread] p1a,p1b
|-immune|p2a: Tyranitar
|-resisted|p1b: Rillaboom
|-damage|p1a: Gholdengo|35/100
|-damage|p1b: Rillaboom|16/100
|move|p1a: Gholdengo|Make It Rain|p2a: Tyranitar|[spread] p2a,p2b
|-resisted|p2b: Excadrill
|-damage|p2a: Tyranitar|47/100
|-damage|p2b: Excadrill|12/100
|-unboost|p1a: Gholdengo|spa|1
|move|p2a: Tyranitar|Knock Off|p1a: Gholdengo
|-damage|p1a: Gholdengo|0 fnt
|-enditem|p1a: Gholdengo|Choice Scarf|[from] move: Knock Off|[of] p2a: Tyranitar
|faint|p1a: Gholdengo
|
|-weather|Sandstorm|[upkeep]
|-damage|p1b: Rillaboom|10/100|[from] Sandstorm
|-damage|p2a: Tyranitar|41/100|[from] Sandstorm
|-heal|p2b: Excadrill|18/100|[from] Grassy Terrain
|-heal|p1b: Rillaboom|16/100|[from] Grassy Terrain
|upkeep
|turn|9
|
|t:|1756930699
|move|p1b: Rillaboom|Grassy Glide|p2b: Excadrill
|-damage|p2b: Excadrill|0 fnt
|faint|p2b: Excadrill
|move|p2a: Tyranitar|Tera Blast|p1b: Rillaboom|[anim] Tera Blast Flying
|-supereffective|p1b: Rillaboom
|-damage|p1b: Rillaboom|0 fnt
|faint|p1b: Rillaboom
|
|win|KodeBeast0526
||KodeBeast0526 is ready for game 2.
|l|☆ansufati7
|player|p1|
|inactive|ansufati7 has 30 seconds to confirm battle start!
||ansufati7 is ready for game 2.
|uhtml|next|Next: Game 2 of 3
