|j|☆EBnilla
|j|☆jomivgc
|html|EBnillajomivgc    
|uhtml|bestof|Game 2 of a best-of-3
|t:|1784730310
|gametype|doubles
|player|p1|EBnilla|backpacker|1204
|player|p2|jomivgc|falkner-gen2|1147
|gen|9
|tier|[Gen 9 Champions] VGC 2026 Reg M-B (Bo3)
|rated|
|rule|Species Clause: Limit one of each Pokémon
|rule|Item Clause: Limit 1 of each item
|clearpoke
|poke|p1|Grimmsnarl, L50, M|
|poke|p1|Annihilape, L50, M|
|poke|p1|Charizard, L50, M|
|poke|p1|Venusaur, L50, M|
|poke|p1|Sinistcha, L50|
|poke|p1|Incineroar, L50, F|
|poke|p2|Staraptor, L50, F|
|poke|p2|Vanilluxe, L50, F|
|poke|p2|Farigiraf, L50, F|
|poke|p2|Blastoise, L50, F|
|poke|p2|Kingambit, L50, F|
|poke|p2|Camerupt, L50, F|
|teampreview|4
|showteam|p1|Grimmsnarl||LightClay|Prankster|SpiritBreak,Reflect,LightScreen,PartingShot|Relaxed||M|||50|]Annihilape||Leftovers|Defiant|RageFist,DrainPunch,BulkUp,Protect|Careful||M|||50|]Charizard||CharizarditeY|SolarPower|HeatWave,WeatherBall,SolarBeam,Protect|Timid||M|||50|]Venusaur||OccaBerry|Chlorophyll|SludgeBomb,SolarBeam,SleepPowder,Protect|Modest||M|||50|]Sinistcha||SitrusBerry|Hospitality|MatchaGotcha,RagePowder,LifeDew,Protect|Calm|||||50|]Incineroar||ChopleBerry|Intimidate|FlareBlitz,DarkestLariat,FakeOut,PartingShot|Adamant||F|||50|
|showteam|p2|Staraptor||ChoiceScarf|Intimidate|FinalGambit,BraveBird,CloseCombat,Uturn|Jolly||F|||50|]Vanilluxe||NeverMeltIce|SnowWarning|Blizzard,FreezeDry,Protect,IceShard|Quiet||F|||50|]Farigiraf||SitrusBerry|ArmorTail|PsychicFangs,HyperVoice,HelpingHand,TrickRoom|Relaxed||F|||50|]Blastoise||Blastoisinite|RainDish|FakeOut,WaterSpout,AuraSphere,DarkPulse|Quiet||F|||50|]Kingambit||LifeOrb|Defiant|KowtowCleave,IronHead,Protect,SuckerPunch|Brave||F|||50|]Camerupt||Cameruptite|SolidRock|HeatWave,EarthPower,Protect,AncientPower|Quiet||F|||50|
|inactive|Battle timer is ON: inactive players will automatically lose when time's up. (requested by jomivgc)
|
|t:|1784730330
|teamsize|p1|4
|teamsize|p2|4
|start
|switch|p1a: Grimmsnarl|Grimmsnarl, L50, M|100/100
|switch|p1b: Annihilape|Annihilape, L50, M|100/100
|switch|p2a: Staraptor|Staraptor, L50, F|100/100
|switch|p2b: Farigiraf|Farigiraf, L50, F|100/100
|-ability|p2a: Staraptor|Intimidate|boost
|-unboost|p1a: Grimmsnarl|atk|1
|-unboost|p1b: Annihilape|atk|1
|-ability|p1b: Annihilape|Defiant|boost
|-boost|p1b: Annihilape|atk|2
|turn|1
|
|t:|1784730352
|move|p1a: Grimmsnarl|Light Screen|p1a: Grimmsnarl
|-sidestart|p1: EBnilla|move: Light Screen
|move|p2a: Staraptor|Brave Bird|p1b: Annihilape
|-supereffective|p1b: Annihilape|1
|-damage|p1b: Annihilape|0 fnt
|faint|p1b: Annihilape
|-damage|p2a: Staraptor|62/100|[from] Recoil
|move|p2b: Farigiraf|Psychic Fangs|p1a: Grimmsnarl
|-immune|p1a: Grimmsnarl
|
|upkeep
|
|t:|1784730361
|switch|p1b: Charizard|Charizard, L50, M|100/100
|turn|2
|
|t:|1784730370
|detailschange|p1b: Charizard|Charizard-Mega-Y, L50, M
|-mega|p1b: Charizard|Charizard|Charizardite Y
|-weather|SunnyDay|[from] ability: Drought|[of] p1b: Charizard
|move|p1a: Grimmsnarl|Reflect|p1a: Grimmsnarl
|-sidestart|p1: EBnilla|Reflect
|move|p2a: Staraptor|Brave Bird|p1a: Grimmsnarl
|-damage|p1a: Grimmsnarl|66/100
|-damage|p2a: Staraptor|52/100|[from] Recoil
|move|p1b: Charizard|Heat Wave|p2a: Staraptor|[spread] p2a,p2b
|-damage|p2a: Staraptor|0 fnt
|-damage|p2b: Farigiraf|44/100
|-enditem|p2b: Farigiraf|Sitrus Berry|[eat]
|-heal|p2b: Farigiraf|69/100|[from] item: Sitrus Berry
|faint|p2a: Staraptor
|move|p2b: Farigiraf|Trick Room|p2b: Farigiraf
|-fieldstart|move: Trick Room|[of] p2b: Farigiraf
|
|-weather|SunnyDay|[upkeep]
|upkeep
|inactive|jomivgc has 30 seconds left.
|
|t:|1784730399
|switch|p2a: Blastoise|Blastoise, L50, F|100/100
|turn|3
|
|t:|1784730416
|switch|p2b: Vanilluxe|Vanilluxe, L50, F|100/100
|-weather|Snowscape|[from] ability: Snow Warning|[of] p2b: Vanilluxe
|detailschange|p2a: Blastoise|Blastoise-Mega, L50, F
|-mega|p2a: Blastoise|Blastoise|Blastoisinite
|move|p1b: Charizard|Protect|p1b: Charizard
|-singleturn|p1b: Charizard|Protect
|move|p1a: Grimmsnarl|Spirit Break|p2a: Blastoise
|-damage|p2a: Blastoise|84/100
|-unboost|p2a: Blastoise|spa|1
|move|p2a: Blastoise|Water Spout|p1a: Grimmsnarl|[spread] p1a
|-activate|p1b: Charizard|move: Protect
|-damage|p1a: Grimmsnarl|40/100
|
|-weather|Snowscape|[upkeep]
|upkeep
|turn|4
|
|t:|1784730435
|switch|p2a: Farigiraf|Farigiraf, L50, F|69/100
|switch|p1b: Sinistcha|Sinistcha, L50|100/100
|-heal|p1a: Grimmsnarl|65/100|[from] ability: Hospitality|[of] p1b: Sinistcha
|move|p1a: Grimmsnarl|Spirit Break|p2a: Farigiraf
|-damage|p2a: Farigiraf|53/100
|-unboost|p2a: Farigiraf|spa|1
|move|p2b: Vanilluxe|Blizzard|p1b: Sinistcha|[spread] p1a,p1b
|-supereffective|p1b: Sinistcha|1
|-damage|p1a: Grimmsnarl|31/100
|-damage|p1b: Sinistcha|31/100
|-status|p1a: Grimmsnarl|frz
|-enditem|p1b: Sinistcha|Sitrus Berry|[eat]
|-heal|p1b: Sinistcha|56/100|[from] item: Sitrus Berry
|
|-weather|Snowscape|[upkeep]
|upkeep
|turn|5
|inactive|jomivgc has 30 seconds left.
|
|t:|1784730467
|switch|p2b: Blastoise|Blastoise-Mega, L50, F|84/100
|switch|p1b: Charizard|Charizard-Mega-Y, L50, M|100/100
|-weather|SunnyDay|[from] ability: Drought|[of] p1b: Charizard
|-curestatus|p1a: Grimmsnarl|frz|[msg]
|move|p1a: Grimmsnarl|Spirit Break|p2a: Farigiraf
|-damage|p2a: Farigiraf|38/100
|-unboost|p2a: Farigiraf|spa|1
|move|p2a: Farigiraf|Hyper Voice|p1a: Grimmsnarl|[spread] p1a,p1b
|-crit|p1a: Grimmsnarl
|-damage|p1a: Grimmsnarl|0 fnt
|-damage|p1b: Charizard|90/100
|faint|p1a: Grimmsnarl
|
|-weather|SunnyDay|[upkeep]
|upkeep
|
|t:|1784730486
|switch|p1a: Sinistcha|Sinistcha, L50|56/100
|-heal|p1b: Charizard|100/100|[from] ability: Hospitality|[of] p1a: Sinistcha
|turn|6
|
|t:|1784730511
|switch|p2a: Vanilluxe|Vanilluxe, L50, F|100/100
|-weather|Snowscape|[from] ability: Snow Warning|[of] p2a: Vanilluxe
|move|p1a: Sinistcha|Protect|p1a: Sinistcha
|-singleturn|p1a: Sinistcha|Protect
|move|p2b: Blastoise|Dark Pulse|p1a: Sinistcha
|-activate|p1a: Sinistcha|move: Protect
|move|p1b: Charizard|Heat Wave|p2b: Blastoise|[spread] p2a,p2b
|-supereffective|p2a: Vanilluxe|1
|-resisted|p2b: Blastoise|1
|-damage|p2a: Vanilluxe|15/100
|-damage|p2b: Blastoise|65/100
|
|-weather|Snowscape|[upkeep]
|-fieldend|move: Trick Room
|upkeep
|turn|7
|
|t:|1784730531
|move|p2a: Vanilluxe|Ice Shard|p1a: Sinistcha
|-supereffective|p1a: Sinistcha|1
|-damage|p1a: Sinistcha|36/100
|move|p1b: Charizard|Heat Wave|p2a: Vanilluxe|[spread] p2a,p2b
|-supereffective|p2a: Vanilluxe|1
|-resisted|p2b: Blastoise|1
|-damage|p2a: Vanilluxe|0 fnt
|-damage|p2b: Blastoise|46/100
|faint|p2a: Vanilluxe
|move|p1a: Sinistcha|Matcha Gotcha|p2b: Blastoise|[miss]
|-miss|p1a: Sinistcha|p2b: Blastoise
|move|p2b: Blastoise|Dark Pulse|p1a: Sinistcha
|-supereffective|p1a: Sinistcha|1
|-damage|p1a: Sinistcha|0 fnt
|faint|p1a: Sinistcha
|
|-weather|Snowscape|[upkeep]
|upkeep
|
|t:|1784730542
|switch|p2a: Farigiraf|Farigiraf, L50, F|38/100
|turn|8
|-message|EBnilla forfeited.
|
|win|jomivgc
|raw|EBnilla's rating: 1204 → 1175(-29 for losing)
|raw|jomivgc's rating: 1147 → 1176(+29 for winning)
