|j|Ōśåcamala64
|j|Ōśåquazavgc
|html|camala64quazavgc    
|uhtml|bestof|Game 1 of a best-of-3
|t:|1782998408
|gametype|doubles
|player|p1|camala64|lance-masters2|
|player|p2|quazavgc|canari|
|gen|9
|tier|[Gen 9 Champions] VGC 2026 Reg M-B (Bo3)
|rule|Species Clause: Limit one of each Pok├®mon
|rule|Item Clause: Limit 1 of each item
|clearpoke
|poke|p1|Charizard, L50, F, shiny|
|poke|p1|Garchomp, L50, F, shiny|
|poke|p1|Aerodactyl, L50, F, shiny|
|poke|p1|Sylveon, L50, M|
|poke|p1|Incineroar, L50, M|
|poke|p1|Farigiraf, L50, M, shiny|
|poke|p2|Glimmora, L50, M|
|poke|p2|Mamoswine, L50, M|
|poke|p2|Kingambit, L50, F|
|poke|p2|Charizard, L50, F|
|poke|p2|Whimsicott, L50, F|
|poke|p2|Basculegion, L50, M|
|teampreview|4
|showteam|p1|Charizard||CharizarditeY|Blaze|HeatWave,WeatherBall,Protect,SolarBeam|Modest||F|||50|]Garchomp||Garchompite|RoughSkin|StompingTantrum,DragonClaw,Earthquake,Protect|Adamant||F|||50|]Aerodactyl||FocusSash|Unnerve|RockSlide,Tailwind,WideGuard,Sandstorm|Jolly||F|||50|]Sylveon||LifeOrb|Pixilate|HyperVoice,HyperBeam,QuickAttack,Detect|Modest||M|||50|]Incineroar||PasshoBerry|Intimidate|FlareBlitz,DarkestLariat,FakeOut,PartingShot|Adamant||M|||50|]Farigiraf||TwistedSpoon|ArmorTail|HyperVoice,TwinBeam,TrickRoom,HelpingHand|Quiet||M|||50|
|showteam|p2|Glimmora||Glimmoranite|ToxicDebris|PowerGem,SludgeBomb,EarthPower,SpikyShield|Timid||M|||50|]Mamoswine||LifeOrb|Oblivious|IceShard,IcicleCrash,HighHorsepower,Protect|Jolly||M|||50|]Kingambit||ChopleBerry|Defiant|KowtowCleave,SuckerPunch,Protect,LowKick|Brave||F|||50|]Charizard||CharizarditeY|Blaze|HeatWave,WeatherBall,SolarBeam,Protect|Modest||F|||50|]Whimsicott||FocusSash|Prankster|Moonblast,Tailwind,Encore,SunnyDay|Timid||F|||50|]Basculegion||MysticWater|Adaptability|LastRespects,WaveCrash,AquaJet,Protect|Adamant||M|||50|
|c|Ōśåcamala64|Glhf
|c|Ōśåquazavgc|uh u2
|c|Ōśåquazavgc|oh I just remembered
|c|Ōśåquazavgc|so like in some mu I lead glimm mamo
|c|Ōśåquazavgc|and they lead smth
|c|Ōśåcamala64|They lead smth
|c|Ōśåquazavgc|and they fuck over my mamo
|c|Ōśåcamala64|cool description
|c|Ōśåquazavgc|and they switch in chomp
|c|Ōśåquazavgc|and then I proceed to get fucked
|c|Ōśåcamala64|Yeah
|c|Ōśåcamala64|You need to preserve mamo for taking out chomp
|c|Ōśåquazavgc|fairy feather whims here we gooo
|c|Ōśåquazavgc|poh
|c|Ōśåquazavgc|oh*
|c|Ōśåquazavgc|I see
|inactive|Battle timer is ON: inactive players will automatically lose when time's up. (requested by camala64)
|
|t:|1782998562
|teamsize|p1|4
|teamsize|p2|4
|start
|switch|p1a: Aerodactyl|Aerodactyl, L50, F, shiny|100/100
|switch|p1b: Garchomp|Garchomp, L50, F, shiny|100/100
|switch|p2a: I got my head|Glimmora, L50, M|100/100
|switch|p2b: thing on my mind|Basculegion, L50, M|100/100
|-ability|p1a: Aerodactyl|Unnerve
|turn|1
|c|Ōśåquazavgc|oh naur
|c|Ōśåquazavgc|its chomp._>
|inactive|camala64 has 30 seconds left.
|inactive|quazavgc has 30 seconds left.
|
|t:|1782998595
|detailschange|p1b: Garchomp|Garchomp-Mega, L50, F, shiny
|-mega|p1b: Garchomp|Garchomp|Garchompite
|move|p2a: I got my head|Spiky Shield|p2a: I got my head
|-singleturn|p2a: I got my head|move: Protect
|move|p1a: Aerodactyl|Tailwind|p1a: Aerodactyl
|-sidestart|p1: camala64|move: Tailwind
|move|p1b: Garchomp|Earthquake|p2a: I got my head|[spread] p2b
|-activate|p2a: I got my head|move: Protect
|-immune|p1a: Aerodactyl
|-damage|p2b: thing on my mind|37/100
|move|p2b: thing on my mind|Wave Crash|p1a: Aerodactyl
|-supereffective|p1a: Aerodactyl|1
|-enditem|p1a: Aerodactyl|Focus Sash
|-damage|p1a: Aerodactyl|1/100
|-damage|p2b: thing on my mind|11/100|[from] Recoil
|
|upkeep
|turn|2
|c|Ōśåquazavgc|oh I forget lmao
|inactive|camala64 has 30 seconds left.
|inactive|quazavgc has 30 seconds left.
|c|Ōśåquazavgc|I might be fucked
|inactive|camala64 has 20 seconds left.
|inactive|quazavgc has 20 seconds left.
|inactive|camala64 has 15 seconds left.
|inactive|quazavgc has 15 seconds left.
|
|t:|1782998641
|switch|p1a: Incineroar|Incineroar, L50, M|100/100
|-ability|p1a: Incineroar|Intimidate|boost
|-unboost|p2a: I got my head|atk|1
|-unboost|p2b: thing on my mind|atk|1
|switch|p2a: I'm blasting our|Kingambit, L50, F|100/100
|move|p2b: thing on my mind|Aqua Jet|p1a: Incineroar
|-supereffective|p1a: Incineroar|1
|-enditem|p1a: Incineroar|Passho Berry|[eat]
|-enditem|p1a: Incineroar|Passho Berry|[weaken]
|-damage|p1a: Incineroar|76/100
|move|p1b: Garchomp|Stomping Tantrum|p2a: I'm blasting our
|-supereffective|p2a: I'm blasting our|1
|-damage|p2a: I'm blasting our|21/100
|
|upkeep
|turn|3
|c|Ōśåquazavgc|aw man
|c|Ōśåquazavgc|ye I'm fucked;-;
|
|t:|1782998661
|move|p2b: thing on my mind|Protect|p2b: thing on my mind
|-singleturn|p2b: thing on my mind|Protect
|move|p2a: I'm blasting our|Protect|p2a: I'm blasting our
|-singleturn|p2a: I'm blasting our|Protect
|move|p1b: Garchomp|Stomping Tantrum|p2b: thing on my mind
|-activate|p2b: thing on my mind|move: Protect
|move|p1a: Incineroar|Flare Blitz|p2a: I'm blasting our
|-activate|p2a: I'm blasting our|move: Protect
|
|upkeep
|turn|4
|
|t:|1782998680
|move|p2a: I'm blasting our|Sucker Punch|p1b: Garchomp
|-damage|p1b: Garchomp|70/100
|move|p1b: Garchomp|Earthquake|p2b: thing on my mind|[spread] p1a,p2a,p2b
|-supereffective|p1a: Incineroar|1
|-supereffective|p2a: I'm blasting our|1
|-damage|p1a: Incineroar|0 fnt
|-damage|p2a: I'm blasting our|0 fnt
|-damage|p2b: thing on my mind|0 fnt
|faint|p1a: Incineroar
|faint|p2a: I'm blasting our
|faint|p2b: thing on my mind
|
|-sideend|p1: camala64|move: Tailwind
|upkeep
|
|t:|1782998691
|switch|p2b: out the sunroof|Mamoswine, L50, M|100/100
|switch|p1a: Aerodactyl|Aerodactyl, L50, F, shiny|1/100
|switch|p2a: I got my head|Glimmora, L50, M|100/100
|-ability|p1a: Aerodactyl|Unnerve
|turn|5
|
|t:|1782998708
|detailschange|p2a: I got my head|Glimmora-Mega, L50, M
|-mega|p2a: I got my head|Glimmora|Glimmoranite
|move|p2a: I got my head|Spiky Shield|p2a: I got my head
|-singleturn|p2a: I got my head|move: Protect
|move|p2b: out the sunroof|Ice Shard|p1a: Aerodactyl
|-supereffective|p1a: Aerodactyl|1
|-damage|p1a: Aerodactyl|0 fnt
|faint|p1a: Aerodactyl
|-damage|p2b: out the sunroof|90/100|[from] item: Life Orb
|move|p1b: Garchomp|Earthquake|p2b: out the sunroof|[spread] p2b
|-activate|p2a: I got my head|move: Protect
|-damage|p2b: out the sunroof|33/100
|
|upkeep
|
|t:|1782998717
|switch|p1a: Sylveon|Sylveon, L50, M|100/100
|turn|6
|c|Ōśåquazavgc|no prot on chomp?
|c|Ōśåquazavgc|I was not expecting that
|inactive|camala64 has 30 seconds left.
|
|t:|1782998748
|move|p1a: Sylveon|Quick Attack|p2b: out the sunroof
|-damage|p2b: out the sunroof|17/100
|-damage|p1a: Sylveon|90/100|[from] item: Life Orb
|move|p2a: I got my head|Sludge Bomb|p1a: Sylveon
|-supereffective|p1a: Sylveon|1
|-damage|p1a: Sylveon|0 fnt
|faint|p1a: Sylveon
|move|p2b: out the sunroof|Icicle Crash|p1b: Garchomp|[miss]
|-miss|p2b: out the sunroof|p1b: Garchomp
|move|p1b: Garchomp|Stomping Tantrum|p2a: I got my head
|-supereffective|p2a: I got my head|2
|-damage|p2a: I got my head|0 fnt
|faint|p2a: I got my head
|
|upkeep
|turn|7
|c|Ōśåquazavgc|fuuuuuuuu
|c|Ōśåquazavgc|I missclicked lol
|
|t:|1782998770
|move|p2b: out the sunroof|Ice Shard|p1b: Garchomp
|-supereffective|p1b: Garchomp|2
|-damage|p1b: Garchomp|0 fnt
|faint|p1b: Garchomp
|-damage|p2b: out the sunroof|7/100|[from] item: Life Orb
|
|win|quazavgc
||quazavgc is ready for game 2.
||camala64 is ready for game 2.
|uhtml|next|Next: Game 2 of 3
|l|Ōśåcamala64
|player|p1|
|l|Ōśåquazavgc
|player|p2|
|j|Ōśåquazavgc
|player|p2|quazavgc|canari|
