|j|☆desbrozadorasgoian
|j|☆kata taka
|html|desbrozadorasgoiankata taka    
|uhtml|bestof|Game 1 of a best-of-3
|t:|1757658456
|gametype|doubles
|player|p1|desbrozadorasgoian|artist|1042
|player|p2|kata taka|gentleman-gen4dp|1041
|gen|9
|tier|[Gen 9] VGC 2025 Reg H (Bo3)
|rated|
|rule|Species Clause: Limit one of each Pokémon
|rule|Item Clause: Limit 1 of each item
|clearpoke
|poke|p1|Dragonite, L50, F|
|poke|p1|Kingambit, L50, F|
|poke|p1|Rillaboom, L50, F|
|poke|p1|Ninetales-Alola, L50, M|
|poke|p1|Electabuzz, L50, F|
|poke|p1|Blaziken, L50, F|
|poke|p2|Primarina, L50, M|
|poke|p2|Dragonite, L50, M|
|poke|p2|Incineroar, L50, M|
|poke|p2|Rillaboom, L50, F|
|poke|p2|Sneasler, L50, M|
|poke|p2|Ursaluna-Bloodmoon, L50, M|
|teampreview|4
|showteam|p1|Dragonite||LoadedDice|Multiscale|ScaleShot,Haze,Tailwind,Protect|||F|||50|,,,,,Fairy]Kingambit||BlackGlasses|Defiant|KowtowCleave,SuckerPunch,SwordsDance,Protect|||F|||50|,,,,,Dark]Rillaboom||AssaultVest|GrassySurge|WoodHammer,GrassyGlide,Uturn,FakeOut|||F|||50|,,,,,Fire]Ninetales-Alola||FocusSash|SnowWarning|Blizzard,FreezeDry,Encore,Protect|||M|||50|,,,,,Ghost]Electabuzz||Eviolite|VitalSpirit|Electroweb,Taunt,FollowMe,Protect|||F|||50|,,,,,Dragon]Blaziken||LifeOrb|SpeedBoost|HeatWave,AuraSphere,Coaching,Protect|||F|||50|,,,,,Ghost
|showteam|p2|Primarina||GrassySeed|LiquidVoice|HyperVoice,Moonblast,CalmMind,Protect|||M|||50|,,,,,Poison]Dragonite||LoadedDice|Multiscale|ScaleShot,Tailwind,Encore,Protect|||M|||50|,,,,,Steel]Incineroar||SafetyGoggles|Intimidate|FakeOut,FlareBlitz,KnockOff,PartingShot|||M|||50|,,,,,Ghost]Rillaboom||AssaultVest|GrassySurge|FakeOut,GrassyGlide,WoodHammer,Uturn|||F|||50|,,,,,Fire]Sneasler||FocusSash|Unburden|CloseCombat,DireClaw,Protect,Taunt|||M|||50|,,,,,Stellar]Ursaluna-Bloodmoon||LifeOrb|MindsEye|BloodMoon,EarthPower,HyperVoice,Protect|||M|||50|,,,,,Normal
|inactive|Battle timer is ON: inactive players will automatically lose when time's up. (requested by kata taka)
|inactive|desbrozadorasgoian has 60 seconds left.
|inactive|kata taka has 60 seconds left.
|inactive|desbrozadorasgoian has 30 seconds left.
|inactive|desbrozadorasgoian has 20 seconds left.
|inactive|desbrozadorasgoian has 15 seconds left.
|inactive|desbrozadorasgoian has 10 seconds left.
|inactive|desbrozadorasgoian has 5 seconds left.
|
|t:|1757658547
|teamsize|p1|4
|teamsize|p2|4
|start
|switch|p1a: Electabuzz|Electabuzz, L50, F|100/100
|switch|p1b: Kingambit|Kingambit, L50, F|100/100
|switch|p2a: Primarina|Primarina, L50, M|100/100
|switch|p2b: Incineroar|Incineroar, L50, M|100/100
|-ability|p2b: Incineroar|Intimidate|boost
|-unboost|p1a: Electabuzz|atk|1
|-unboost|p1b: Kingambit|atk|1
|-ability|p1b: Kingambit|Defiant|boost
|-boost|p1b: Kingambit|atk|2
|turn|1
|
|t:|1757658570
|move|p1b: Kingambit|Protect|p1b: Kingambit
|-singleturn|p1b: Kingambit|Protect
|move|p2b: Incineroar|Fake Out|p1a: Electabuzz
|-damage|p1a: Electabuzz|91/100
|cant|p1a: Electabuzz|flinch
|move|p2a: Primarina|Calm Mind|p2a: Primarina
|-boost|p2a: Primarina|spa|1
|-boost|p2a: Primarina|spd|1
|
|upkeep
|turn|2
|
|t:|1757658585
|move|p2a: Primarina|Protect|p2a: Primarina
|-singleturn|p2a: Primarina|Protect
|move|p1a: Electabuzz|Electroweb|p2b: Incineroar|[spread] p2b
|-activate|p2a: Primarina|move: Protect
|-damage|p2b: Incineroar|89/100
|-unboost|p2b: Incineroar|spe|1
|move|p1b: Kingambit|Swords Dance|p1b: Kingambit
|-boost|p1b: Kingambit|atk|2
|move|p2b: Incineroar|Parting Shot|p1a: Electabuzz
|-unboost|p1a: Electabuzz|atk|1
|-unboost|p1a: Electabuzz|spa|1
|
|t:|1757658595
|switch|p2b: Sneasler|Sneasler, L50, M|100/100|[from] Parting Shot
|
|upkeep
|turn|3
|inactive|desbrozadorasgoian has 30 seconds left.
|
|t:|1757658623
|move|p1b: Kingambit|Sucker Punch|p2b: Sneasler
|-resisted|p2b: Sneasler
|-damage|p2b: Sneasler|4/100
|move|p2b: Sneasler|Close Combat|p1b: Kingambit
|-supereffective|p1b: Kingambit
|-damage|p1b: Kingambit|0 fnt
|-unboost|p2b: Sneasler|def|1
|-unboost|p2b: Sneasler|spd|1
|faint|p1b: Kingambit
|move|p1a: Electabuzz|Electroweb|p2a: Primarina|[spread] p2a,p2b
|-supereffective|p2a: Primarina
|-damage|p2a: Primarina|91/100
|-damage|p2b: Sneasler|0 fnt
|-unboost|p2a: Primarina|spe|1
|faint|p2b: Sneasler
|move|p2a: Primarina|Hyper Voice|p1a: Electabuzz
|-damage|p1a: Electabuzz|34/100
|
|upkeep
|
|t:|1757658643
|switch|p2b: Incineroar|Incineroar, L50, M|89/100
|switch|p1b: Rillaboom|Rillaboom, L50, F|100/100
|-fieldstart|move: Grassy Terrain|[from] ability: Grassy Surge|[of] p1b: Rillaboom
|-enditem|p2a: Primarina|Grassy Seed
|-boost|p2a: Primarina|def|1|[from] item: Grassy Seed
|-ability|p2b: Incineroar|Intimidate|boost
|-unboost|p1a: Electabuzz|atk|1
|-unboost|p1b: Rillaboom|atk|1
|turn|4
|inactive|desbrozadorasgoian has 30 seconds left.
|
|t:|1757658670
|-terastallize|p2a: Primarina|Poison
|move|p1b: Rillaboom|Fake Out|p2a: Primarina
|-damage|p2a: Primarina|84/100
|move|p1a: Electabuzz|Electroweb|p2b: Incineroar|[spread] p2a,p2b
|-damage|p2a: Primarina|79/100
|-damage|p2b: Incineroar|80/100
|-unboost|p2a: Primarina|spe|1
|-unboost|p2b: Incineroar|spe|1
|move|p2b: Incineroar|Parting Shot|p1a: Electabuzz
|-unboost|p1a: Electabuzz|atk|1
|-unboost|p1a: Electabuzz|spa|1
|
|t:|1757658676
|switch|p2b: Dragonite|Dragonite, L50, M|100/100|[from] Parting Shot
|cant|p2a: Primarina|flinch
|
|-heal|p1a: Electabuzz|41/100|[from] Grassy Terrain
|-heal|p2a: Primarina|85/100|[from] Grassy Terrain
|upkeep
|turn|5
|
|t:|1757658692
|move|p1a: Electabuzz|Follow Me|p1a: Electabuzz
|-singleturn|p1a: Electabuzz|move: Follow Me
|move|p2b: Dragonite|Scale Shot|p1a: Electabuzz
|-damage|p1a: Electabuzz|27/100
|-damage|p1a: Electabuzz|14/100
|-damage|p1a: Electabuzz|0 fnt
|faint|p1a: Electabuzz
|-hitcount|p1: Electabuzz|3
|-unboost|p2b: Dragonite|def|1
|-boost|p2b: Dragonite|spe|1
|move|p1b: Rillaboom|U-turn|p2a: Primarina
|-resisted|p2a: Primarina
|-damage|p2a: Primarina|78/100
|
|t:|1757658698
|switch|p1b: Blaziken|Blaziken, L50, F|100/100|[from] U-turn
|move|p2a: Primarina|Moonblast|p1b: Blaziken
|-damage|p1b: Blaziken|1/100
|
|-heal|p1b: Blaziken|7/100|[from] Grassy Terrain
|-heal|p2a: Primarina|84/100|[from] Grassy Terrain
|upkeep
|
|t:|1757658705
|switch|p1a: Rillaboom|Rillaboom, L50, F|100/100
|turn|6
|
|t:|1757658720
|move|p1a: Rillaboom|Fake Out|p2b: Dragonite
|-damage|p2b: Dragonite|89/100
|cant|p2b: Dragonite|flinch
|move|p1b: Blaziken|Heat Wave|p2a: Primarina|[spread] p2a,p2b
|-resisted|p2b: Dragonite
|-damage|p2a: Primarina|58/100
|-damage|p2b: Dragonite|67/100
|-status|p2b: Dragonite|brn
|-damage|p1b: Blaziken|0 fnt|[from] item: Life Orb
|faint|p1b: Blaziken
|move|p2a: Primarina|Hyper Voice|p1a: Rillaboom
|-resisted|p1a: Rillaboom
|-damage|p1a: Rillaboom|79/100
|
|-heal|p1a: Rillaboom|85/100|[from] Grassy Terrain
|-heal|p2a: Primarina|64/100|[from] Grassy Terrain
|-damage|p2b: Dragonite|61/100 brn|[from] brn
|upkeep
|turn|7
|
|t:|1757658735
|-terastallize|p1a: Rillaboom|Fire
|move|p2b: Dragonite|Encore|p1a: Rillaboom
|-start|p1a: Rillaboom|Encore
|move|p1a: Rillaboom|Fake Out||[still]
|-hint|Fake Out only works on your first turn out.
|-fail|p1a: Rillaboom
|move|p2a: Primarina|Moonblast|p1a: Rillaboom
|-resisted|p1a: Rillaboom
|-damage|p1a: Rillaboom|63/100
|
|-heal|p1a: Rillaboom|69/100|[from] Grassy Terrain
|-heal|p2a: Primarina|70/100|[from] Grassy Terrain
|-damage|p2b: Dragonite|54/100 brn|[from] brn
|upkeep
|turn|8
|-message|desbrozadorasgoian forfeited.
|
|win|kata taka
|l|☆desbrozadorasgoian
|player|p1|
||desbrozadorasgoian is ready for game 2.
|inactive|kata taka has 30 seconds to confirm battle start!
||kata taka is ready for game 2.
|uhtml|next|Next: Game 2 of 3
