|j|☆trainer piwi
|j|☆natsukivgc
|html|trainer piwinatsukivgc    
|uhtml|bestof|Game 1 of a best-of-3
|t:|1785481574
|gametype|doubles
|player|p1|trainer piwi|1|1119
|player|p2|natsukivgc|1|1218
|gen|9
|tier|[Gen 9 Champions] VGC 2026 Reg M-B (Bo3)
|rated|
|rule|Species Clause: Limit one of each Pokémon
|rule|Item Clause: Limit 1 of each item
|clearpoke
|poke|p1|Raichu, L50, F|
|poke|p1|Sneasler, L50, M|
|poke|p1|Hydreigon, L50, F|
|poke|p1|Incineroar, L50, M|
|poke|p1|Talonflame, L50, M|
|poke|p1|Tsareena, L50, F|
|poke|p2|Charizard, L50, M|
|poke|p2|Sneasler, L50, F|
|poke|p2|Kingambit, L50, F|
|poke|p2|Dragonite, L50, F|
|poke|p2|Floette-Eternal, L50, F|
|poke|p2|Whimsicott, L50, M|
|teampreview|4
|showteam|p1|Raichu||RaichuniteY|Static|FakeOut,VoltSwitch,ZapCannon,FocusBlast|Modest||F|||50|]Sneasler||FocusSash|Unburden|FakeOut,Taunt,CloseCombat,DireClaw|Jolly||M|||50|]Hydreigon||ChoiceScarf|Levitate|DracoMeteor,Snarl,EarthPower,DarkPulse|Timid||F|||50|]Incineroar||SitrusBerry|Intimidate|FakeOut,DarkestLariat,FlareBlitz,PartingShot|Adamant||M|||50|]Talonflame||SharpBeak|GaleWings|Tailwind,Taunt,DualWingbeat,WillOWisp|Impish||M|||50|]Tsareena||WideLens|QueenlyMajesty|TripleAxel,PowerWhip,HighJumpKick,Uturn|Adamant||F|||50|
|showteam|p2|Charizard||CharizarditeY|Blaze|HeatWave,SolarBeam,WeatherBall,Protect|Modest||M|||50|]Sneasler||WhiteHerb|Unburden|CloseCombat,DireClaw,FakeOut,Coaching|Jolly||F|||50|]Kingambit||BlackGlasses|Defiant|KowtowCleave,SuckerPunch,SwordsDance,Protect|Adamant||F|||50|]Dragonite||LifeOrb|InnerFocus|DragonClaw,LowKick,ExtremeSpeed,Protect|Adamant||F|||50|]Floette-Eternal||Floettite|FlowerVeil|Moonblast,DazzlingGleam,LightofRuin,Protect|Modest||F|||50|]Whimsicott||FocusSash|Prankster|Moonblast,Tailwind,Encore,Protect|Timid||M|||50|
|inactive|Battle timer is ON: inactive players will automatically lose when time's up. (requested by trainer piwi)
|inactive|natsukivgc has 60 seconds left.
|
|t:|1785481658
|teamsize|p1|4
|teamsize|p2|4
|start
|switch|p1a: Raichu|Raichu, L50, F|100/100
|switch|p1b: Talonflame|Talonflame, L50, M|100/100
|switch|p2a: Floette|Floette-Eternal, L50, F|100/100
|switch|p2b: Whimsicott|Whimsicott, L50, M|100/100
|turn|1
|
|t:|1785481676
|detailschange|p1a: Raichu|Raichu-Mega-Y, L50, F
|-mega|p1a: Raichu|Raichu|Raichunite Y
|detailschange|p2a: Floette|Floette-Mega, L50, F
|-mega|p2a: Floette|Floette|Floettite
|-ability|p2a: Floette|Fairy Aura
|move|p2b: Whimsicott|Protect|p2b: Whimsicott
|-singleturn|p2b: Whimsicott|Protect
|move|p2a: Floette|Protect|p2a: Floette
|-singleturn|p2a: Floette|Protect
|move|p1a: Raichu|Fake Out|p2a: Floette
|-activate|p2a: Floette|move: Protect
|move|p1b: Talonflame|Dual Wingbeat|p2b: Whimsicott
|-activate|p2b: Whimsicott|move: Protect
|
|upkeep
|turn|2
|inactive|trainer piwi has 30 seconds left.
|inactive|natsukivgc has 30 seconds left.
|inactive|natsukivgc has 20 seconds left.
|
|t:|1785481714
|switch|p1a: Sneasler|Sneasler, L50, M|100/100
|move|p2b: Whimsicott|Encore||[still]
|-fail|p2b: Whimsicott
|move|p1b: Talonflame|Tailwind|p1b: Talonflame
|-sidestart|p1: trainer piwi|move: Tailwind
|move|p2a: Floette|Moonblast|p1b: Talonflame
|-resisted|p1b: Talonflame|1
|-damage|p1b: Talonflame|52/100
|
|upkeep
|turn|3
|inactive|natsukivgc has 30 seconds left.
|
|t:|1785481740
|move|p2b: Whimsicott|Protect|p2b: Whimsicott
|-singleturn|p2b: Whimsicott|Protect
|move|p2a: Floette|Protect|p2a: Floette
|-singleturn|p2a: Floette|Protect
|move|p1a: Sneasler|Dire Claw|p2a: Floette
|-activate|p2a: Floette|move: Protect
|move|p1b: Talonflame|Dual Wingbeat|p2b: Whimsicott
|-activate|p2b: Whimsicott|move: Protect
|
|upkeep
|turn|4
|inactive|trainer piwi has 30 seconds left.
|inactive|natsukivgc has 30 seconds left.
|inactive|natsukivgc has 20 seconds left.
|
|t:|1785481777
|move|p2b: Whimsicott|Encore|p1a: Sneasler
|-start|p1a: Sneasler|Encore
|move|p1a: Sneasler|Dire Claw|p2a: Floette
|-supereffective|p2a: Floette|1
|-damage|p2a: Floette|0 fnt
|faint|p2a: Floette
|move|p1b: Talonflame|Dual Wingbeat|p2b: Whimsicott
|-supereffective|p2b: Whimsicott|1
|-damage|p2b: Whimsicott|38/100
|-supereffective|p2b: Whimsicott|1
|-damage|p2b: Whimsicott|0 fnt
|faint|p2b: Whimsicott
|-hitcount|p2: Whimsicott|2
|
|upkeep
|
|t:|1785481789
|switch|p2b: Dragonite|Dragonite, L50, F|100/100
|switch|p2a: Kingambit|Kingambit, L50, F|100/100
|turn|5
|inactive|natsukivgc has 30 seconds left.
|inactive|natsukivgc has 20 seconds left.
|inactive|natsukivgc has 15 seconds left.
|
|t:|1785481832
|switch|p1a: Raichu|Raichu-Mega-Y, L50, F|100/100
|move|p2b: Dragonite|Extreme Speed|p1b: Talonflame
|-damage|p1b: Talonflame|1/100
|-damage|p2b: Dragonite|90/100|[from] item: Life Orb
|move|p1b: Talonflame|Will-O-Wisp|p2a: Kingambit
|-status|p2a: Kingambit|brn
|move|p2a: Kingambit|Swords Dance|p2a: Kingambit
|-boost|p2a: Kingambit|atk|2
|
|-damage|p2a: Kingambit|94/100 brn|[from] brn
|-sideend|p1: trainer piwi|move: Tailwind
|upkeep
|turn|6
|inactive|trainer piwi has 30 seconds left.
|inactive|natsukivgc has 30 seconds left.
|inactive|trainer piwi has 20 seconds left.
|inactive|trainer piwi has 15 seconds left.
|
|t:|1785481874
|switch|p1b: Tsareena|Tsareena, L50, F|100/100
|move|p2b: Dragonite|Protect|p2b: Dragonite
|-singleturn|p2b: Dragonite|Protect
|move|p2a: Kingambit|Protect|p2a: Kingambit
|-singleturn|p2a: Kingambit|Protect
|move|p1a: Raichu|Focus Blast|p2a: Kingambit
|-activate|p2a: Kingambit|move: Protect
|
|-damage|p2a: Kingambit|88/100 brn|[from] brn
|upkeep
|turn|7
|
|t:|1785481894
|move|p1a: Raichu|Focus Blast|p2a: Kingambit
|-supereffective|p2a: Kingambit|2
|-damage|p2a: Kingambit|0 fnt
|faint|p2a: Kingambit
|move|p2b: Dragonite|Dragon Claw|p1a: Raichu
|-damage|p1a: Raichu|0 fnt
|faint|p1a: Raichu
|-damage|p2b: Dragonite|81/100|[from] item: Life Orb
|move|p1b: Tsareena|Triple Axel|p2b: Dragonite
|-supereffective|p2b: Dragonite|2
|-damage|p2b: Dragonite|51/100
|-supereffective|p2b: Dragonite|2
|-damage|p2b: Dragonite|1/100
|-supereffective|p2b: Dragonite|2
|-damage|p2b: Dragonite|0 fnt
|faint|p2b: Dragonite
|-hitcount|p2: Dragonite|3
|
|win|trainer piwi
