|j|☆DrissVG
|j|☆Jun RH
|html|DrissVGJun RH    
|uhtml|bestof|Game 3 of a best-of-3
|t:|1755806108
|gametype|doubles
|player|p1|DrissVG|2|1315
|player|p2|Jun RH|burglar|1224
|gen|9
|tier|[Gen 9] VGC 2025 Reg H (Bo3)
|rated|
|rule|Species Clause: Limit one of each Pokémon
|rule|Item Clause: Limit 1 of each item
|clearpoke
|poke|p1|Annihilape, L50, F|
|poke|p1|Sinistcha, L50|
|poke|p1|Maushold-Four, L50|
|poke|p1|Klefki, L50, F|
|poke|p1|Ursaluna-Bloodmoon, L50, M|
|poke|p1|Ninetales-Alola, L50, F|
|poke|p2|Gholdengo, L50|
|poke|p2|Incineroar, L50, M|
|poke|p2|Amoonguss, L50, F|
|poke|p2|Dragonite, L50, F|
|poke|p2|Pelipper, L50, F|
|poke|p2|Archaludon, L50, M|
|teampreview|4
|showteam|p1|Annihilape||Leftovers|Defiant|Protect,BulkUp,DrainPunch,RageFist|||F|||50|,,,,,Water]Sinistcha||SitrusBerry|Hospitality|MatchaGotcha,TrickRoom,LifeDew,RagePowder||||||50|,,,,,Water]Maushold-Four||SafetyGoggles|FriendGuard|FollowMe,Taunt,BeatUp,Protect||||||50|,,,,,Ghost]Klefki||LightClay|Prankster|Reflect,LightScreen,MistyTerrain,DazzlingGleam|||F|||50|,,,,,Ghost]Ursaluna-Bloodmoon||AssaultVest|MindsEye|BloodMoon,HyperVoice,EarthPower,VacuumWave|||M|||50|,,,,,Water]Ninetales-Alola||FocusSash|SnowWarning|Protect,Encore,IcyWind,Blizzard|||F|||50|,,,,,Ghost
|showteam|p2|Gholdengo||LifeOrb|GoodasGold|MakeItRain,ShadowBall,NastyPlot,Protect||||||50|,,,,,Water]Incineroar||SafetyGoggles|Intimidate|KnockOff,FlareBlitz,FakeOut,PartingShot|||M|||50|,,,,,Ghost]Amoonguss||RockyHelmet|Regenerator|RagePowder,PollenPuff,Protect,Spore|||F|||50|,,,,,Fairy]Dragonite||LoadedDice|Multiscale|ScaleShot,Tailwind,Protect,Haze|||F|||50|,,,,,Fairy]Pelipper||FocusSash|Drizzle|Hurricane,WeatherBall,WideGuard,Protect|||F|||50|,,,,,Stellar]Archaludon||AssaultVest|Stamina|FlashCannon,DracoMeteor,ElectroShot,BodyPress|||M|||50|,,,,,Grass
|
|t:|1755806138
|teamsize|p1|4
|teamsize|p2|4
|start
|switch|p1a: Annihilape|Annihilape, L50, F, shiny|100/100
|switch|p1b: Maushold|Maushold-Four, L50|100/100
|switch|p2a: Gholdengo|Gholdengo, L50|100/100
|switch|p2b: Amoonguss|Amoonguss, L50, F|100/100
|turn|1
|inactive|Battle timer is ON: inactive players will automatically lose when time's up. (requested by DrissVG)
|
|t:|1755806197
|-terastallize|p1a: Annihilape|Water
|move|p1b: Maushold|Taunt|p2b: Amoonguss
|-start|p2b: Amoonguss|move: Taunt
|move|p1a: Annihilape|Bulk Up|p1a: Annihilape
|-boost|p1a: Annihilape|atk|1
|-boost|p1a: Annihilape|def|1
|move|p2a: Gholdengo|Shadow Ball|p1a: Annihilape
|-damage|p1a: Annihilape|65/100
|-damage|p2a: Gholdengo|91/100|[from] item: Life Orb
|cant|p2b: Amoonguss|move: Taunt|Spore
|
|-heal|p1a: Annihilape|72/100|[from] item: Leftovers
|upkeep
|turn|2
|inactive|Jun RH has 30 seconds left.
|inactive|DrissVG has 30 seconds left.
|inactive|Jun RH has 20 seconds left.
|inactive|Jun RH has 15 seconds left.
|inactive|Jun RH has 10 seconds left.
|inactive|Jun RH has 5 seconds left.
|
|t:|1755806251
|move|p1b: Maushold|Beat Up|p1a: Annihilape
|-damage|p1a: Annihilape|70/100
|-damage|p1a: Annihilape|69/100
|-damage|p1a: Annihilape|68/100
|-damage|p1a: Annihilape|67/100
|-hitcount|p1a: Annihilape|4
|move|p1a: Annihilape|Rage Fist|p2b: Amoonguss
|-damage|p2b: Amoonguss|0 fnt
|-damage|p1a: Annihilape|50/100|[from] item: Rocky Helmet|[of] p2b: Amoonguss
|faint|p2b: Amoonguss
|move|p2a: Gholdengo|Make It Rain|p1b: Maushold|[spread] p1a,p1b
|-resisted|p1a: Annihilape
|-damage|p1a: Annihilape|32/100
|-damage|p1b: Maushold|29/100
|-unboost|p2a: Gholdengo|spa|1
|-damage|p2a: Gholdengo|82/100|[from] item: Life Orb
|
|-heal|p1a: Annihilape|38/100|[from] item: Leftovers
|upkeep
|
|t:|1755806273
|switch|p2b: Pelipper|Pelipper, L50, F|100/100
|-weather|RainDance|[from] ability: Drizzle|[of] p2b: Pelipper
|turn|3
|
|t:|1755806293
|-terastallize|p2b: Pelipper|Stellar
|move|p2a: Gholdengo|Protect|p2a: Gholdengo
|-singleturn|p2a: Gholdengo|Protect
|move|p1b: Maushold|Follow Me|p1b: Maushold
|-singleturn|p1b: Maushold|move: Follow Me
|move|p1a: Annihilape|Rage Fist|p2a: Gholdengo
|-activate|p2a: Gholdengo|move: Protect
|move|p2b: Pelipper|Hurricane|p1b: Maushold
|-damage|p1b: Maushold|0 fnt
|faint|p1b: Maushold
|
|-weather|RainDance|[upkeep]
|-heal|p1a: Annihilape|44/100|[from] item: Leftovers
|upkeep
|
|t:|1755806307
|switch|p1b: Ninetales|Ninetales-Alola, L50, F, shiny|100/100
|-weather|Snowscape|[from] ability: Snow Warning|[of] p1b: Ninetales
|turn|4
|inactive|Jun RH has 30 seconds left.
|inactive|Jun RH has 20 seconds left.
|
|t:|1755806344
|move|p1b: Ninetales|Blizzard|p2b: Pelipper|[spread] p2a,p2b
|-resisted|p2a: Gholdengo
|-crit|p2b: Pelipper
|-damage|p2a: Gholdengo|63/100
|-damage|p2b: Pelipper|14/100
|-status|p2b: Pelipper|frz
|move|p1a: Annihilape|Rage Fist|p2a: Gholdengo
|-supereffective|p2a: Gholdengo
|-damage|p2a: Gholdengo|0 fnt
|faint|p2a: Gholdengo
|cant|p2b: Pelipper|frz
|
|-weather|Snowscape|[upkeep]
|-heal|p1a: Annihilape|50/100|[from] item: Leftovers
|upkeep
|
|t:|1755806353
|switch|p2a: Archaludon|Archaludon, L50, M|100/100
|turn|5
|-message|Jun RH forfeited.
|
|win|DrissVG
|raw|DrissVG's rating: 1315 → 1330(+15 for winning)
|raw|Jun RH's rating: 1224 → 1205(-19 for losing)
