|j|☆pokeopposition
|j|☆acmilanvgc
|html|pokeoppositionacmilanvgc    
|uhtml|bestof|Game 3 of a best-of-3
|t:|1782353830
|gametype|doubles
|player|p1|pokeopposition|silver|1000
|player|p2|acmilanvgc|misty|1000
|gen|9
|tier|[Gen 9 Champions] VGC 2026 Reg M-B (Bo3)
|rated|
|rule|Species Clause: Limit one of each Pokémon
|rule|Item Clause: Limit 1 of each item
|clearpoke
|poke|p1|Aerodactyl, L50, F, shiny|
|poke|p1|Charizard, L50, M, shiny|
|poke|p1|Zoroark-Hisui, L50, F|
|poke|p1|Garchomp, L50, F, shiny|
|poke|p1|Kingambit, L50, M, shiny|
|poke|p1|Meowscarada, L50, F, shiny|
|poke|p2|Sceptile, L50, M, shiny|
|poke|p2|Rotom-Heat, L50|
|poke|p2|Tyranitar, L50, F|
|poke|p2|Excadrill, L50, M|
|poke|p2|Sinistcha, L50|
|poke|p2|Primarina, L50, F|
|teampreview|4
|showteam|p1|Aerodactyl||Aerodactylite|Unnerve|DualWingbeat,RockSlide,Tailwind,WideGuard|Jolly||F|||50|]Charizard||CharizarditeY|Blaze|HeatWave,WeatherBall,Hurricane,Protect|Timid||M|||50|]Zoroark-Hisui||FocusSash|Illusion|HyperVoice,BitterMalice,Taunt,Protect|Timid||F|||50|]Garchomp||LifeOrb|RoughSkin|DragonClaw,RockSlide,Earthquake,Protect|Jolly||F|||50|]Kingambit||ChopleBerry|Defiant|SuckerPunch,KowtowCleave,LowKick,Protect|Adamant||M|||50|]Meowscarada||ChoiceScarf|Protean|FlowerTrick,KnockOff,PlayRough,Uturn|Jolly||F|||50|
|showteam|p2|Sceptile||Sceptilite|Overgrow|LeafStorm,DragonPulse,EarthPower,Protect|Timid||M|||50|]Rotom-Heat||ChoiceScarf|Levitate|Discharge,Electroweb,Overheat,Trick|Timid|||||50|]Tyranitar||Tyranitarite|SandStream|RockSlide,Assurance,LowKick,Protect|Adamant||F|||50|]Excadrill||FocusSash|SandRush|RockSlide,IronHead,Earthquake,Protect|Adamant||M|||50|]Sinistcha||Leftovers|Hospitality|RagePowder,MatchaGotcha,Protect,TrickRoom|Calm|||||50|]Primarina||LifeOrb|LiquidVoice|HyperVoice,Moonblast,CalmMind,Protect|Modest||F|||50|
|inactive|Battle timer is ON: inactive players will automatically lose when time's up. (requested by acmilanvgc)
|
|t:|1782353856
|teamsize|p1|4
|teamsize|p2|4
|start
|switch|p1a: Charizard|Charizard, L50, M, shiny|100/100
|switch|p1b: Aerodactyl|Aerodactyl, L50, F, shiny|100/100
|switch|p2a: Sinistcha|Sinistcha, L50|100/100
|switch|p2b: Primarina|Primarina, L50, F|100/100
|-ability|p1b: Aerodactyl|Unnerve
|turn|1
|inactive|acmilanvgc has 30 seconds left.
|
|t:|1782353883
|detailschange|p1a: Charizard|Charizard-Mega-Y, L50, M, shiny
|-mega|p1a: Charizard|Charizard|Charizardite Y
|-weather|SunnyDay|[from] ability: Drought|[of] p1a: Charizard
|move|p2a: Sinistcha|Protect|p2a: Sinistcha
|-singleturn|p2a: Sinistcha|Protect
|move|p2b: Primarina|Protect|p2b: Primarina
|-singleturn|p2b: Primarina|Protect
|move|p1b: Aerodactyl|Wide Guard|p1b: Aerodactyl
|-singleturn|p1b: Aerodactyl|Wide Guard
|move|p1a: Charizard|Heat Wave|p2b: Primarina|[spread] 
|-activate|p2a: Sinistcha|move: Protect
|-activate|p2b: Primarina|move: Protect
|
|-weather|SunnyDay|[upkeep]
|upkeep
|turn|2
|
|t:|1782353898
|switch|p1a: Garchomp|Garchomp, L50, F, shiny|100/100
|switch|p2b: Tyranitar|Tyranitar, L50, F|100/100
|-weather|Sandstorm|[from] ability: Sand Stream|[of] p2b: Tyranitar
|move|p1b: Aerodactyl|Rock Slide|p2a: Sinistcha|[spread] p2a,p2b
|-damage|p2a: Sinistcha|79/100
|-damage|p2b: Tyranitar|81/100
|cant|p2a: Sinistcha|flinch
|
|-weather|Sandstorm|[upkeep]
|-damage|p2a: Sinistcha|73/100|[from] Sandstorm
|-heal|p2a: Sinistcha|79/100|[from] item: Leftovers
|upkeep
|turn|3
|inactive|acmilanvgc has 30 seconds left.
|
|t:|1782353930
|move|p2b: Tyranitar|Protect|p2b: Tyranitar
|-singleturn|p2b: Tyranitar|Protect
|move|p1b: Aerodactyl|Rock Slide|p2b: Tyranitar|[spread] p2a
|-activate|p2b: Tyranitar|move: Protect
|-damage|p2a: Sinistcha|58/100
|move|p1a: Garchomp|Earthquake|p2b: Tyranitar|[spread] p2a
|-activate|p2b: Tyranitar|move: Protect
|-immune|p1b: Aerodactyl
|-resisted|p2a: Sinistcha|1
|-damage|p2a: Sinistcha|35/100
|-damage|p1a: Garchomp|90/100|[from] item: Life Orb
|move|p2a: Sinistcha|Trick Room|p2a: Sinistcha
|-fieldstart|move: Trick Room|[of] p2a: Sinistcha
|
|-weather|Sandstorm|[upkeep]
|-damage|p2a: Sinistcha|29/100|[from] Sandstorm
|-heal|p2a: Sinistcha|35/100|[from] item: Leftovers
|upkeep
|turn|4
|inactive|pokeopposition has 30 seconds left.
|inactive|pokeopposition has 20 seconds left.
|inactive|pokeopposition has 15 seconds left.
|
|t:|1782353970
|switch|p2a: Primarina|Primarina, L50, F|100/100
|move|p2b: Tyranitar|Rock Slide|p1b: Aerodactyl|[spread] p1a,p1b
|-resisted|p1a: Garchomp|1
|-supereffective|p1b: Aerodactyl|1
|-damage|p1a: Garchomp|72/100
|-damage|p1b: Aerodactyl|1/100
|cant|p1a: Garchomp|flinch
|cant|p1b: Aerodactyl|flinch
|
|-weather|Sandstorm|[upkeep]
|-damage|p2a: Primarina|94/100|[from] Sandstorm
|upkeep
|turn|5
|
|t:|1782353987
|move|p2a: Primarina|Moonblast|p1a: Garchomp
|-supereffective|p1a: Garchomp|1
|-damage|p1a: Garchomp|0 fnt
|faint|p1a: Garchomp
|-damage|p2a: Primarina|84/100|[from] item: Life Orb
|move|p2b: Tyranitar|Rock Slide|p1b: Aerodactyl
|-supereffective|p1b: Aerodactyl|1
|-damage|p1b: Aerodactyl|0 fnt
|faint|p1b: Aerodactyl
|
|-weather|Sandstorm|[upkeep]
|-damage|p2a: Primarina|78/100|[from] Sandstorm
|upkeep
|c|☆pokeopposition|What a way to go out
|c|☆pokeopposition|ggs
|inactive|pokeopposition has 30 seconds left.
|
|t:|1782354013
|switch|p1a: Kingambit|Kingambit, L50, M, shiny|100/100
|switch|p1b: Charizard|Charizard-Mega-Y, L50, M, shiny|100/100
|-weather|SunnyDay|[from] ability: Drought|[of] p1b: Charizard
|turn|6
|inactive|acmilanvgc has 30 seconds left.
|
|t:|1782354039
|detailschange|p2b: Tyranitar|Tyranitar-Mega, L50, F
|-mega|p2b: Tyranitar|Tyranitar|Tyranitarite
|-weather|Sandstorm|[from] ability: Sand Stream|[of] p2b: Tyranitar
|move|p1b: Charizard|Protect|p1b: Charizard
|-singleturn|p1b: Charizard|Protect
|move|p1a: Kingambit|Low Kick|p2b: Tyranitar
|-supereffective|p2b: Tyranitar|2
|-damage|p2b: Tyranitar|0 fnt
|faint|p2b: Tyranitar
|move|p2a: Primarina|Moonblast|p1a: Kingambit
|-damage|p1a: Kingambit|31/100
|-damage|p2a: Primarina|69/100|[from] item: Life Orb
|
|-weather|Sandstorm|[upkeep]
|-damage|p2a: Primarina|63/100|[from] Sandstorm
|-damage|p1b: Charizard|94/100|[from] Sandstorm
|upkeep
|
|t:|1782354052
|switch|p2b: Sinistcha|Sinistcha, L50|35/100
|-heal|p2a: Primarina|88/100|[from] ability: Hospitality|[of] p2b: Sinistcha
|turn|7
|
|t:|1782354063
|move|p1b: Charizard|Protect|p1b: Charizard
|-singleturn|p1b: Charizard|Protect
|move|p2b: Sinistcha|Rage Powder|p2b: Sinistcha
|-singleturn|p2b: Sinistcha|move: Rage Powder
|move|p1a: Kingambit|Kowtow Cleave|p2b: Sinistcha
|-supereffective|p2b: Sinistcha|1
|-damage|p2b: Sinistcha|0 fnt
|faint|p2b: Sinistcha
|move|p2a: Primarina|Hyper Voice|p1a: Kingambit|[spread] p1a
|-activate|p1b: Charizard|move: Protect
|-damage|p1a: Kingambit|0 fnt
|faint|p1a: Kingambit
|-damage|p2a: Primarina|78/100|[from] item: Life Orb
|
|-weather|Sandstorm|[upkeep]
|-damage|p2a: Primarina|73/100|[from] Sandstorm
|-damage|p1b: Charizard|88/100|[from] Sandstorm
|-fieldend|move: Trick Room
|upkeep
|
|t:|1782354069
|switch|p2b: Sceptile|Sceptile, L50, M, shiny|100/100
|turn|8
|
|t:|1782354086
|move|p2b: Sceptile|Dragon Pulse|p1b: Charizard
|-damage|p1b: Charizard|61/100
|move|p1b: Charizard|Heat Wave|p2b: Sceptile|[spread] p2a,p2b
|-resisted|p2a: Primarina|1
|-supereffective|p2b: Sceptile|1
|-damage|p2a: Primarina|52/100
|-damage|p2b: Sceptile|0 fnt
|faint|p2b: Sceptile
|move|p2a: Primarina|Hyper Voice|p1b: Charizard
|-supereffective|p1b: Charizard|1
|-damage|p1b: Charizard|0 fnt
|faint|p1b: Charizard
|-damage|p2a: Primarina|43/100|[from] item: Life Orb
|
|win|acmilanvgc
|raw|pokeopposition's rating: 1000 → 1000(+0 for losing)
|raw|acmilanvgc's rating: 1000 → 1040(+40 for winning)
|c|☆acmilanvgc|gg that was a flinch festival haha
|c|☆pokeopposition|literally LOL
|c|☆pokeopposition|we love playing pokemon "rock slide" champions
|c|☆acmilanvgc|literally jaja
|c|☆pokeopposition|ggs man
|l|☆pokeopposition
|player|p1|
