|j|☆lox1sm
|j|☆sazar saifi
|html|lox1smsazar saifi    
|uhtml|bestof|Game 3 of a best-of-3
|t:|1782987028
|gametype|doubles
|player|p1|lox1sm|veteran|1246
|player|p2|sazar saifi|nate|1415
|gen|9
|tier|[Gen 9 Champions] VGC 2026 Reg M-B (Bo3)
|rated|
|rule|Species Clause: Limit one of each Pokémon
|rule|Item Clause: Limit 1 of each item
|clearpoke
|poke|p1|Charizard, L50, F|
|poke|p1|Aerodactyl, L50, M|
|poke|p1|Garchomp, L50, M|
|poke|p1|Kingambit, L50, M|
|poke|p1|Farigiraf, L50, M|
|poke|p1|Primarina, L50, M|
|poke|p2|Gengar, L50, F|
|poke|p2|Incineroar, L50, F|
|poke|p2|Politoed, L50, M|
|poke|p2|Sinistcha, L50|
|poke|p2|Archaludon, L50, M|
|poke|p2|Swampert, L50, M|
|teampreview|4
|showteam|p1|Charizard||CharizarditeY|Blaze|HeatWave,WeatherBall,SolarBeam,Protect|Modest||F|||50|]Aerodactyl||Aerodactylite|RockHead|RockSlide,IceFang,Tailwind,Protect|Jolly||M|||50|]Garchomp||LifeOrb|RoughSkin|DragonClaw,Earthquake,RockSlide,Protect|Jolly||M|||50|]Kingambit||FocusSash|Defiant|KowtowCleave,SuckerPunch,IronHead,LowKick|Adamant||M|||50|]Farigiraf||ExpertBelt|ArmorTail|Psychic,DazzlingGleam,Thunderbolt,TrickRoom|Modest||M|||50|]Primarina||MysticWater|LiquidVoice|HyperVoice,Moonblast,Haze,Protect|Modest||M|||50|
|showteam|p2|Gengar||Gengarite|CursedBody|PerishSong,ShadowBall,Disable,Protect|Modest||F|||50|]Incineroar||PasshoBerry|Intimidate|FakeOut,ThroatChop,PartingShot,Protect|Careful||F|||50|]Politoed||SitrusBerry|Drizzle|WeatherBall,Hypnosis,PerishSong,Protect|Bold||M|||50|]Sinistcha||ColburBerry|Hospitality|RagePowder,Protect,TrickRoom,MatchaGotcha|Calm|||||50|]Archaludon||Magnet|Sturdy|ElectroShot,DragonPulse,FlashCannon,Protect|Modest||M|||50|]Swampert||Swampertite|Torrent|IcePunch,WaveCrash,HighHorsepower,Protect|Adamant||M|||50|
|inactive|Battle timer is ON: inactive players will automatically lose when time's up. (requested by lox1sm)
|inactive|sazar saifi has 60 seconds left.
|
|t:|1782987073
|teamsize|p1|4
|teamsize|p2|4
|start
|switch|p1a: Charizard|Charizard, L50, F|100/100
|switch|p1b: Kingambit|Kingambit, L50, M|100/100
|switch|p2a: Archaludon|Archaludon, L50, M|100/100
|switch|p2b: Sinistcha|Sinistcha, L50|100/100
|turn|1
|inactive|lox1sm has 30 seconds left.
|
|t:|1782987107
|detailschange|p1a: Charizard|Charizard-Mega-Y, L50, F
|-mega|p1a: Charizard|Charizard|Charizardite Y
|-weather|SunnyDay|[from] ability: Drought|[of] p1a: Charizard
|move|p2a: Archaludon|Protect|p2a: Archaludon
|-singleturn|p2a: Archaludon|Protect
|move|p2b: Sinistcha|Protect|p2b: Sinistcha
|-singleturn|p2b: Sinistcha|Protect
|move|p1a: Charizard|Weather Ball|p2b: Sinistcha
|-activate|p2b: Sinistcha|move: Protect
|move|p1b: Kingambit|Kowtow Cleave|p2b: Sinistcha
|-activate|p2b: Sinistcha|move: Protect
|
|-weather|SunnyDay|[upkeep]
|upkeep
|turn|2
|inactive|lox1sm has 30 seconds left.
|inactive|lox1sm has 20 seconds left.
|inactive|lox1sm has 15 seconds left.
|
|t:|1782987149
|switch|p1a: Farigiraf|Farigiraf, L50, M|100/100
|switch|p2a: Politoed|Politoed, L50, M|100/100
|-weather|RainDance|[from] ability: Drizzle|[of] p2a: Politoed
|move|p1b: Kingambit|Kowtow Cleave|p2b: Sinistcha
|-supereffective|p2b: Sinistcha|1
|-enditem|p2b: Sinistcha|Colbur Berry|[eat]
|-enditem|p2b: Sinistcha|Colbur Berry|[weaken]
|-damage|p2b: Sinistcha|57/100
|move|p2b: Sinistcha|Matcha Gotcha|p1a: Farigiraf|[spread] p1a,p1b
|-resisted|p1b: Kingambit|1
|-damage|p1a: Farigiraf|71/100
|-heal|p2b: Sinistcha|75/100|[from] drain|[of] p1a: Farigiraf
|-damage|p1b: Kingambit|84/100
|-heal|p2b: Sinistcha|83/100|[from] drain|[of] p1b: Kingambit
|
|-weather|RainDance|[upkeep]
|upkeep
|turn|3
|inactive|lox1sm has 30 seconds left.
|
|t:|1782987182
|move|p1b: Kingambit|Kowtow Cleave|p2b: Sinistcha
|-supereffective|p2b: Sinistcha|1
|-damage|p2b: Sinistcha|0 fnt
|faint|p2b: Sinistcha
|move|p2a: Politoed|Weather Ball|p1a: Farigiraf
|-damage|p1a: Farigiraf|20/100y
|move|p1a: Farigiraf|Thunderbolt|p2a: Politoed
|-supereffective|p2a: Politoed|1
|-damage|p2a: Politoed|38/100
|-enditem|p2a: Politoed|Sitrus Berry|[eat]
|-heal|p2a: Politoed|62/100|[from] item: Sitrus Berry
|
|-weather|RainDance|[upkeep]
|upkeep
|
|t:|1782987193
|switch|p2b: Swampert|Swampert, L50, M|100/100
|turn|4
|inactive|lox1sm has 30 seconds left.
|
|t:|1782987228
|switch|p2a: Archaludon|Archaludon, L50, M|100/100
|detailschange|p2b: Swampert|Swampert-Mega, L50, M
|-mega|p2b: Swampert|Swampert|Swampertite
|move|p1b: Kingambit|Sucker Punch|p2b: Swampert
|-damage|p2b: Swampert|57/100
|move|p2b: Swampert|High Horsepower|p1b: Kingambit|[miss]
|-miss|p2b: Swampert|p1b: Kingambit
|move|p1a: Farigiraf|Thunderbolt|p2a: Archaludon
|-resisted|p2a: Archaludon|1
|-damage|p2a: Archaludon|76/100
|-status|p2a: Archaludon|par
|
|-weather|RainDance|[upkeep]
|upkeep
|turn|5
|c|☆lox1sm|unlucky
|inactive|lox1sm has 30 seconds left.
|inactive|lox1sm has 20 seconds left.
|inactive|lox1sm has 15 seconds left.
|inactive|lox1sm has 10 seconds left.
|
|t:|1782987273
|switch|p1a: Charizard|Charizard-Mega-Y, L50, F|100/100
|-weather|SunnyDay|[from] ability: Drought|[of] p1a: Charizard
|move|p1b: Kingambit|Sucker Punch|p2a: Archaludon
|-damage|p2a: Archaludon|40/100 par
|move|p2b: Swampert|High Horsepower|p1b: Kingambit
|-supereffective|p1b: Kingambit|1
|-damage|p1b: Kingambit|0 fnt
|faint|p1b: Kingambit
|move|p2a: Archaludon|Electro Shot||[still]
|-prepare|p2a: Archaludon|Electro Shot
|-boost|p2a: Archaludon|spa|1
|
|-weather|SunnyDay|[upkeep]
|upkeep
|inactive|lox1sm has 30 seconds left.
|
|t:|1782987306
|switch|p1b: Primarina|Primarina, L50, M|100/100
|turn|6
|
|t:|1782987317
|move|p2b: Swampert|Protect|p2b: Swampert
|-singleturn|p2b: Swampert|Protect
|move|p1a: Charizard|Weather Ball|p2a: Archaludon
|-damage|p2a: Archaludon|0 fnt
|faint|p2a: Archaludon
|move|p1b: Primarina|Hyper Voice|p2b: Swampert
|-activate|p2b: Swampert|move: Protect
|
|-weather|SunnyDay|[upkeep]
|upkeep
|
|t:|1782987321
|switch|p2a: Politoed|Politoed, L50, M|62/100
|-weather|RainDance|[from] ability: Drizzle|[of] p2a: Politoed
|turn|7
|
|t:|1782987343
|switch|p1a: Farigiraf|Farigiraf, L50, M|20/100y
|move|p2b: Swampert|Wave Crash|p1a: Farigiraf
|-damage|p1a: Farigiraf|0 fnt
|faint|p1a: Farigiraf
|-damage|p2b: Swampert|49/100|[from] Recoil
|move|p1b: Primarina|Moonblast|p2b: Swampert
|-damage|p2b: Swampert|1/100
|move|p2a: Politoed|Hypnosis|p1b: Primarina
|-status|p1b: Primarina|slp|[from] move: Hypnosis
|
|-weather|RainDance|[upkeep]
|upkeep
|
|t:|1782987355
|switch|p1a: Charizard|Charizard-Mega-Y, L50, F|100/100
|-weather|SunnyDay|[from] ability: Drought|[of] p1a: Charizard
|turn|8
|
|t:|1782987376
|move|p2b: Swampert|Protect|p2b: Swampert
|-singleturn|p2b: Swampert|Protect
|move|p1a: Charizard|Solar Beam||[still]
|-prepare|p1a: Charizard|Solar Beam
|-anim|p1a: Charizard|Solar Beam|p2a: Politoed
|-supereffective|p2a: Politoed|1
|-damage|p2a: Politoed|0 fnt
|faint|p2a: Politoed
|cant|p1b: Primarina|slp
|
|-weather|SunnyDay|[upkeep]
|upkeep
|turn|9
|-message|sazar saifi forfeited.
|
|win|lox1sm
|raw|lox1sm's rating: 1246 → 1282(+36 for winning)
|raw|sazar saifi's rating: 1415 → 1386(-29 for losing)
|l|☆sazar saifi
|player|p2|
