|j|☆Guzmavgc1
|j|☆OP IA ROBOT
|html|Guzmavgc1OP IA ROBOT    
|uhtml|bestof|Game 1 of a best-of-3
|t:|1757725239
|gametype|doubles
|player|p1|Guzmavgc1|guzma|1060
|player|p2|OP IA ROBOT|caitlin|1040
|gen|9
|tier|[Gen 9] VGC 2025 Reg H (Bo3)
|rated|
|rule|Species Clause: Limit one of each Pokémon
|rule|Item Clause: Limit 1 of each item
|clearpoke
|poke|p1|Tyranitar, L50, F|
|poke|p1|Hydrapple, L50, M|
|poke|p1|Excadrill, L50, M|
|poke|p1|Vespiquen, L50, F|
|poke|p1|Farigiraf, L50, F|
|poke|p1|Sylveon, L50, M|
|poke|p2|Gholdengo, L50|
|poke|p2|Incineroar, L50, M|
|poke|p2|Amoonguss, L50, M|
|poke|p2|Garchomp, L50, M|
|poke|p2|Kilowattrel, L50, F|
|poke|p2|Tyranitar, L50, M|
|teampreview|4
|showteam|p1|Tyranitar||AssaultVest|SandStream|RockSlide,KnockOff,LowKick,TeraBlast|||F|||50|,,,,,Flying]Hydrapple||CovertCloak|Regenerator|Yawn,Protect,FickleBeam,GrassKnot|||M|||50|,,,,,Water]Excadrill||ClearAmulet|SandRush|RockSlide,HighHorsepower,Protect,SwordsDance|||M|||50|,,,,,Ghost]Vespiquen||Leftovers|Unnerve|Roost,Protect,DefendOrder,AttackOrder|||F|||50|,,,,,Poison]Farigiraf||ColburBerry|ArmorTail|TrickRoom,Imprison,DazzlingGleam,Protect|||F|||50|,,,,,Fairy]Sylveon||LifeOrb|Pixilate|HyperVoice,Yawn,Protect,TeraBlast|||M|||50|,,,,,Fire
|showteam|p2|Gholdengo||MetalCoat|GoodasGold|MakeItRain,NastyPlot,ShadowBall,Protect||||||50|,,,,,Flying]Incineroar||SafetyGoggles|Intimidate|FakeOut,FlareBlitz,PartingShot,KnockOff|||M|||50|,,,,,Grass]Amoonguss||SitrusBerry|Regenerator|Spore,RagePowder,PollenPuff,Protect|||M|||50|,,,,,Psychic]Garchomp||LifeOrb|RoughSkin|DragonClaw,StompingTantrum,Earthquake,Protect|||M|||50|,,,,,Fire]Kilowattrel||CovertCloak|Competitive|AirSlash,Tailwind,Thunderbolt,Protect|||F|||50|,,,,,Fairy]Tyranitar||AssaultVest|SandStream|RockSlide,KnockOff,LowKick,TeraBlast|||M|||50|,,,,,Flying
|inactive|Battle timer is ON: inactive players will automatically lose when time's up. (requested by OP IA ROBOT)
|inactive|OP IA ROBOT has 60 seconds left.
|
|t:|1757725278
|teamsize|p1|4
|teamsize|p2|4
|start
|switch|p1a: Vespiquen|Vespiquen, L50, F|100/100
|switch|p1b: Sylveon|Sylveon, L50, M|100/100
|switch|p2a: Kilowattrel|Kilowattrel, L50, F|100/100
|switch|p2b: Garchomp|Garchomp, L50, M|100/100
|-ability|p1a: Vespiquen|Unnerve
|turn|1
|
|t:|1757725298
|-terastallize|p2b: Garchomp|Fire
|move|p2a: Kilowattrel|Tailwind|p2a: Kilowattrel
|-sidestart|p2: OP IA ROBOT|move: Tailwind
|move|p2b: Garchomp|Earthquake|p1b: Sylveon|[spread] p1b
|-immune|p2a: Kilowattrel
|-immune|p1a: Vespiquen
|-damage|p1b: Sylveon|39/100
|-damage|p2b: Garchomp|91/100|[from] item: Life Orb
|move|p1b: Sylveon|Hyper Voice|p2b: Garchomp|[spread] p2a,p2b
|-resisted|p2b: Garchomp
|-damage|p2a: Kilowattrel|0 fnt
|-damage|p2b: Garchomp|65/100
|faint|p2a: Kilowattrel
|-damage|p1b: Sylveon|29/100|[from] item: Life Orb
|move|p1a: Vespiquen|Defend Order|p1a: Vespiquen
|-boost|p1a: Vespiquen|def|1
|-boost|p1a: Vespiquen|spd|1
|
|upkeep
|
|t:|1757725319
|switch|p2a: Amoonguss|Amoonguss, L50, M|100/100
|turn|2
|
|t:|1757725326
|move|p1b: Sylveon|Protect|p1b: Sylveon
|-singleturn|p1b: Sylveon|Protect
|move|p2b: Garchomp|Earthquake|p1b: Sylveon|[spread] p2a
|-activate|p1b: Sylveon|move: Protect
|-immune|p1a: Vespiquen
|-damage|p2a: Amoonguss|55/100
|-damage|p2b: Garchomp|55/100|[from] item: Life Orb
|move|p2a: Amoonguss|Spore|p1a: Vespiquen
|-status|p1a: Vespiquen|slp|[from] move: Spore
|cant|p1a: Vespiquen|slp
|
|upkeep
|turn|3
|inactive|Guzmavgc1 has 30 seconds left.
|inactive|Guzmavgc1 has 20 seconds left.
|inactive|Guzmavgc1 has 15 seconds left.
|inactive|Guzmavgc1 has 10 seconds left.
|
|t:|1757725382
|move|p2b: Garchomp|Stomping Tantrum|p1b: Sylveon
|-damage|p1b: Sylveon|0 fnt
|faint|p1b: Sylveon
|-damage|p2b: Garchomp|45/100|[from] item: Life Orb
|move|p2a: Amoonguss|Pollen Puff|p2b: Garchomp
|-heal|p2b: Garchomp|95/100
|-curestatus|p1a: Vespiquen|slp|[msg]
|move|p1a: Vespiquen|Defend Order|p1a: Vespiquen
|-boost|p1a: Vespiquen|def|1
|-boost|p1a: Vespiquen|spd|1
|
|upkeep
|
|t:|1757725392
|switch|p1b: Tyranitar|Tyranitar, L50, F|100/100
|-weather|Sandstorm|[from] ability: Sand Stream|[of] p1b: Tyranitar
|turn|4
|
|t:|1757725402
|move|p1a: Vespiquen|Protect|p1a: Vespiquen
|-singleturn|p1a: Vespiquen|Protect
|move|p2b: Garchomp|Dragon Claw|p1a: Vespiquen
|-activate|p1a: Vespiquen|move: Protect
|move|p2a: Amoonguss|Spore|p1a: Vespiquen
|-activate|p1a: Vespiquen|move: Protect
|move|p1b: Tyranitar|Rock Slide|p2a: Amoonguss|[spread] p2a,p2b
|-supereffective|p2b: Garchomp
|-damage|p2a: Amoonguss|27/100
|-damage|p2b: Garchomp|33/100
|
|-weather|Sandstorm|[upkeep]
|-damage|p2b: Garchomp|27/100|[from] Sandstorm
|-damage|p2a: Amoonguss|21/100|[from] Sandstorm
|-damage|p1a: Vespiquen|94/100|[from] Sandstorm
|-heal|p1a: Vespiquen|100/100|[from] item: Leftovers
|-sideend|p2: OP IA ROBOT|move: Tailwind
|upkeep
|turn|5
|
|t:|1757725420
|move|p2a: Amoonguss|Rage Powder|p2a: Amoonguss
|-singleturn|p2a: Amoonguss|move: Rage Powder
|move|p2b: Garchomp|Dragon Claw|p1a: Vespiquen
|-damage|p1a: Vespiquen|71/100
|-damage|p2b: Garchomp|17/100|[from] item: Life Orb
|move|p1b: Tyranitar|Rock Slide|p2b: Garchomp|[spread] p2a,p2b
|-supereffective|p2b: Garchomp
|-damage|p2a: Amoonguss|0 fnt
|-damage|p2b: Garchomp|0 fnt
|faint|p2a: Amoonguss
|faint|p2b: Garchomp
|move|p1a: Vespiquen|Attack Order|p2: Amoonguss|[notarget]
|-fail|p1a: Vespiquen
|
|-weather|Sandstorm|[upkeep]
|-damage|p1a: Vespiquen|65/100|[from] Sandstorm
|-heal|p1a: Vespiquen|71/100|[from] item: Leftovers
|upkeep
|
|t:|1757725425
|switch|p2b: Gholdengo|Gholdengo, L50|100/100
|turn|6
|
|t:|1757725437
|move|p2b: Gholdengo|Make It Rain|p1b: Tyranitar|[spread] p1a,p1b
|-supereffective|p1b: Tyranitar
|-damage|p1a: Vespiquen|46/100
|-damage|p1b: Tyranitar|54/100
|-unboost|p2b: Gholdengo|spa|1
|move|p1b: Tyranitar|Knock Off|p2b: Gholdengo
|-supereffective|p2b: Gholdengo
|-damage|p2b: Gholdengo|0 fnt
|-enditem|p2b: Gholdengo|Metal Coat|[from] move: Knock Off|[of] p1b: Tyranitar
|faint|p2b: Gholdengo
|
|win|Guzmavgc1
||OP IA ROBOT is ready for game 2.
||Guzmavgc1 is ready for game 2.
|uhtml|next|Next: Game 2 of 3
|l|☆OP IA ROBOT
|player|p2|
