|j|☆Kemaho
|j|☆limewarrior
|html|Kemaholimewarrior    
|uhtml|bestof|Game 1 of a best-of-3
|t:|1756167434
|gametype|doubles
|player|p1|Kemaho|clerk|1147
|player|p2|limewarrior|dahlia|1149
|gen|9
|tier|[Gen 9] VGC 2025 Reg H (Bo3)
|rated|
|rule|Species Clause: Limit one of each Pokémon
|rule|Item Clause: Limit 1 of each item
|clearpoke
|poke|p1|Basculegion, L50, M|
|poke|p1|Archaludon, L50, M|
|poke|p1|Kingambit, L50, M|
|poke|p1|Rillaboom, L50, M|
|poke|p1|Pelipper, L50, M|
|poke|p1|Electabuzz, L50, M|
|poke|p2|Dragapult, L50, M|
|poke|p2|Incineroar, L50, F|
|poke|p2|Sinistcha-Masterpiece, L50|
|poke|p2|Ursaluna-Bloodmoon, L50, M|
|poke|p2|Ninetales-Alola, L50, F|
|poke|p2|Kingambit, L50, F|
|teampreview|4
|showteam|p1|Basculegion||ChoiceBand|SwiftSwim|WaveCrash,LastRespects,FlipTurn,AquaJet|||M|||50|,,,,,Grass]Archaludon||AssaultVest|Stamina|FlashCannon,DracoMeteor,ElectroShot,BodyPress|||M|||50|,,,,,Fairy]Kingambit||BlackGlasses|Defiant|KowtowCleave,SuckerPunch,SwordsDance,Protect|||M|||50|,,,,,Dark]Rillaboom||LoadedDice|GrassySurge|BulletSeed,GrassyGlide,HighHorsepower,FakeOut|||M|||50|,,,,,Fire]Pelipper||FocusSash|Drizzle|WeatherBall,Hurricane,Tailwind,Protect|||M|||50|,,,,,Ghost]Electabuzz||Eviolite|VitalSpirit|Electroweb,Taunt,FollowMe,Protect|||M|||50|,,,,,Ghost
|showteam|p2|Dragapult||ChoiceBand|ClearBody|DragonDarts,Outrage,PhantomForce,Uturn|||M|||50|,,,,,Dragon]Incineroar||SafetyGoggles|Intimidate|FakeOut,FlareBlitz,KnockOff,PartingShot|||F|||50|,,,,,Ghost]Sinistcha-Masterpiece||CovertCloak|Hospitality|RagePowder,MatchaGotcha,LifeDew,TrickRoom||||||50|,,,,,Water]Ursaluna-Bloodmoon||AssaultVest|MindsEye|BloodMoon,HyperVoice,EarthPower,VacuumWave|||M|||50|,,,,,Ghost]Ninetales-Alola||FocusSash|SnowWarning|Blizzard,FreezeDry,AuroraVeil,Protect|||F|||50|,,,,,Ice]Kingambit||BlackGlasses|Defiant|KowtowCleave,SuckerPunch,SwordsDance,Protect|||F|||50|,,,,,Dark
|
|t:|1756167488
|teamsize|p1|4
|teamsize|p2|4
|start
|switch|p1a: Rillaboom|Rillaboom, L50, M|100/100
|switch|p1b: Basculegion|Basculegion, L50, M|100/100
|switch|p2a: Dragapult|Dragapult, L50, M|100/100
|switch|p2b: Kingambit|Kingambit, L50, F|100/100
|-fieldstart|move: Grassy Terrain|[from] ability: Grassy Surge|[of] p1a: Rillaboom
|turn|1
|
|t:|1756167522
|switch|p1b: Archaludon|Archaludon, L50, M|100/100
|switch|p2b: Ninetales|Ninetales-Alola, L50, F|100/100
|-weather|Snowscape|[from] ability: Snow Warning|[of] p2b: Ninetales
|move|p2a: Dragapult|U-turn|p1a: Rillaboom
|-supereffective|p1a: Rillaboom
|-damage|p1a: Rillaboom|39/100
|
|t:|1756167530
|switch|p2a: Incineroar|Incineroar, L50, F|100/100|[from] U-turn
|-ability|p2a: Incineroar|Intimidate|boost
|-unboost|p1a: Rillaboom|atk|1
|-unboost|p1b: Archaludon|atk|1
|move|p1a: Rillaboom|Bullet Seed|p1b: Archaludon
|-resisted|p1b: Archaludon
|-damage|p1b: Archaludon|98/100
|-ability|p1b: Archaludon|Stamina|boost
|-boost|p1b: Archaludon|def|1
|-resisted|p1b: Archaludon
|-damage|p1b: Archaludon|97/100
|-ability|p1b: Archaludon|Stamina|boost
|-boost|p1b: Archaludon|def|1
|-resisted|p1b: Archaludon
|-damage|p1b: Archaludon|96/100
|-ability|p1b: Archaludon|Stamina|boost
|-boost|p1b: Archaludon|def|1
|-resisted|p1b: Archaludon
|-damage|p1b: Archaludon|96/100
|-ability|p1b: Archaludon|Stamina|boost
|-boost|p1b: Archaludon|def|1
|-resisted|p1b: Archaludon
|-damage|p1b: Archaludon|95/100
|-ability|p1b: Archaludon|Stamina|boost
|-boost|p1b: Archaludon|def|1
|-hitcount|p1b: Archaludon|5
|
|-weather|Snowscape|[upkeep]
|-heal|p1a: Rillaboom|44/100|[from] Grassy Terrain
|-heal|p1b: Archaludon|100/100|[from] Grassy Terrain
|upkeep
|turn|2
|
|t:|1756167557
|switch|p1a: Pelipper|Pelipper, L50, M|100/100
|-weather|RainDance|[from] ability: Drizzle|[of] p1a: Pelipper
|move|p2b: Ninetales|Protect|p2b: Ninetales
|-singleturn|p2b: Ninetales|Protect
|move|p1b: Archaludon|Flash Cannon|p2b: Ninetales
|-activate|p2b: Ninetales|move: Protect
|move|p2a: Incineroar|Knock Off|p1b: Archaludon
|-damage|p1b: Archaludon|92/100
|-ability|p1b: Archaludon|Stamina|boost
|-boost|p1b: Archaludon|def|1
|-enditem|p1b: Archaludon|Assault Vest|[from] move: Knock Off|[of] p2a: Incineroar
|
|-weather|RainDance|[upkeep]
|-heal|p1b: Archaludon|98/100|[from] Grassy Terrain
|upkeep
|turn|3
|
|t:|1756167580
|switch|p2b: Kingambit|Kingambit, L50, F|100/100
|-terastallize|p2a: Incineroar|Ghost
|move|p1b: Archaludon|Flash Cannon|p2b: Kingambit
|-resisted|p2b: Kingambit
|-damage|p2b: Kingambit|84/100
|move|p1a: Pelipper|Weather Ball|p2a: Incineroar
|-damage|p2a: Incineroar|46/100
|move|p2a: Incineroar|Parting Shot|p1a: Pelipper
|-unboost|p1a: Pelipper|atk|1
|-unboost|p1a: Pelipper|spa|1
|
|t:|1756167588
|switch|p2a: Ninetales|Ninetales-Alola, L50, F|100/100|[from] Parting Shot
|-weather|Snowscape|[from] ability: Snow Warning|[of] p2a: Ninetales
|
|-weather|Snowscape|[upkeep]
|-heal|p1b: Archaludon|100/100|[from] Grassy Terrain
|-heal|p2b: Kingambit|89/100|[from] Grassy Terrain
|upkeep
|turn|4
|
|t:|1756167625
|switch|p2b: Dragapult|Dragapult, L50, M|100/100
|move|p2a: Ninetales|Blizzard|p1b: Archaludon|[spread] p1a,p1b
|-damage|p1a: Pelipper|49/100
|-damage|p1b: Archaludon|63/100
|move|p1b: Archaludon|Flash Cannon|p2a: Ninetales
|-supereffective|p2a: Ninetales
|-enditem|p2a: Ninetales|Focus Sash
|-damage|p2a: Ninetales|1/100
|move|p1a: Pelipper|Tailwind|p1a: Pelipper
|-sidestart|p1: Kemaho|move: Tailwind
|
|-weather|Snowscape|[upkeep]
|-heal|p1b: Archaludon|69/100|[from] Grassy Terrain
|-heal|p2a: Ninetales|7/100|[from] Grassy Terrain
|upkeep
|turn|5
|
|t:|1756167650
|switch|p2a: Incineroar|Incineroar, L50, F, tera:Ghost|46/100
|-ability|p2a: Incineroar|Intimidate|boost
|-unboost|p1a: Pelipper|atk|1
|-unboost|p1b: Archaludon|atk|1
|move|p1b: Archaludon|Body Press|p2a: Incineroar
|-immune|p2a: Incineroar
|move|p1a: Pelipper|Weather Ball|p2b: Dragapult
|-supereffective|p2b: Dragapult
|-damage|p2b: Dragapult|48/100
|move|p2b: Dragapult|Dragon Darts|p1a: Pelipper
|-damage|p1a: Pelipper|0 fnt
|-anim|p2b: Dragapult|Dragon Darts|p1b: Archaludon
|-damage|p1b: Archaludon|63/100
|faint|p1a: Pelipper
|
|-weather|Snowscape|[upkeep]
|-heal|p1b: Archaludon|69/100|[from] Grassy Terrain
|-heal|p2b: Dragapult|54/100|[from] Grassy Terrain
|-heal|p2a: Incineroar|51/100|[from] Grassy Terrain
|-fieldend|move: Grassy Terrain
|upkeep
|
|t:|1756167665
|switch|p1a: Basculegion|Basculegion, L50, M|100/100
|turn|6
|
|t:|1756167678
|switch|p2a: Kingambit|Kingambit, L50, F|89/100
|move|p1a: Basculegion|Last Respects|p2b: Dragapult
|-supereffective|p2b: Dragapult
|-damage|p2b: Dragapult|0 fnt
|faint|p2b: Dragapult
|move|p1b: Archaludon|Flash Cannon|p2a: Kingambit
|-resisted|p2a: Kingambit
|-damage|p2a: Kingambit|71/100
|
|-weather|Snowscape|[upkeep]
|upkeep
|
|t:|1756167691
|switch|p2b: Incineroar|Incineroar, L50, F, tera:Ghost|51/100
|-ability|p2b: Incineroar|Intimidate|boost
|-unboost|p1a: Basculegion|atk|1
|-unboost|p1b: Archaludon|atk|1
|turn|7
|
|t:|1756167699
|switch|p1a: Rillaboom|Rillaboom, L50, M|44/100
|-fieldstart|move: Grassy Terrain|[from] ability: Grassy Surge|[of] p1a: Rillaboom
|move|p2b: Incineroar|Fake Out|p1b: Archaludon
|-resisted|p1b: Archaludon
|-damage|p1b: Archaludon|68/100
|move|p2a: Kingambit|Sucker Punch||[still]
|-fail|p2a: Kingambit
|cant|p1b: Archaludon|flinch
|
|-weather|none
|-heal|p1a: Rillaboom|50/100|[from] Grassy Terrain
|-heal|p1b: Archaludon|74/100|[from] Grassy Terrain
|-heal|p2b: Incineroar|57/100|[from] Grassy Terrain
|-heal|p2a: Kingambit|77/100|[from] Grassy Terrain
|-sideend|p1: Kemaho|move: Tailwind
|upkeep
|turn|8
|
|t:|1756167733
|move|p2a: Kingambit|Protect|p2a: Kingambit
|-singleturn|p2a: Kingambit|Protect
|move|p1a: Rillaboom|Bullet Seed|p2b: Incineroar
|-damage|p2b: Incineroar|41/100
|-damage|p2b: Incineroar|24/100
|-damage|p2b: Incineroar|6/100
|-damage|p2b: Incineroar|0 fnt
|faint|p2b: Incineroar
|-hitcount|p2: Incineroar|4
|move|p1b: Archaludon|Body Press|p2a: Kingambit
|-activate|p2a: Kingambit|move: Protect
|
|-heal|p1a: Rillaboom|56/100|[from] Grassy Terrain
|-heal|p1b: Archaludon|80/100|[from] Grassy Terrain
|-heal|p2a: Kingambit|83/100|[from] Grassy Terrain
|upkeep
|
|t:|1756167741
|switch|p2b: Ninetales|Ninetales-Alola, L50, F|7/100
|-weather|Snowscape|[from] ability: Snow Warning|[of] p2b: Ninetales
|turn|9
|
|t:|1756167754
|move|p1a: Rillaboom|Grassy Glide|p2b: Ninetales
|-damage|p2b: Ninetales|0 fnt
|faint|p2b: Ninetales
|move|p2a: Kingambit|Sucker Punch|p1b: Archaludon
|-damage|p1b: Archaludon|71/100
|move|p1b: Archaludon|Body Press|p2a: Kingambit
|-supereffective|p2a: Kingambit
|-damage|p2a: Kingambit|0 fnt
|faint|p2a: Kingambit
|
|win|Kemaho
||limewarrior is ready for game 2.
||Kemaho is ready for game 2.
|uhtml|next|Next: Game 2 of 3
|l|☆Kemaho
|player|p1|
