|j|☆arkjsmith
|j|☆Quill86
|html|arkjsmithQuill86    
|uhtml|bestof|Game 1 of a best-of-3
|t:|1757636150
|gametype|doubles
|player|p1|arkjsmith|roxie|1340
|player|p2|Quill86|lucas|1250
|gen|9
|tier|[Gen 9] VGC 2025 Reg H (Bo3)
|rated|
|rule|Species Clause: Limit one of each Pokémon
|rule|Item Clause: Limit 1 of each item
|clearpoke
|poke|p1|Gholdengo, L50|
|poke|p1|Ursaluna-Bloodmoon, L50, M|
|poke|p1|Annihilape, L50, M|
|poke|p1|Dragonite, L50, F|
|poke|p1|Rillaboom, L50, M|
|poke|p1|Maushold-Four, L50|
|poke|p2|Indeedee-F, L50, F|
|poke|p2|Gallade, L50, M|
|poke|p2|Torkoal, L50, F|
|poke|p2|Ursaluna, L50, M|
|poke|p2|Hatterene, L50, F|
|poke|p2|Hydreigon, L50, M|
|teampreview|4
|showteam|p1|Gholdengo||LifeOrb|GoodasGold|MakeItRain,ShadowBall,NastyPlot,Protect||||||50|,,,,,Water]Ursaluna-Bloodmoon||AssaultVest|MindsEye|BloodMoon,HyperVoice,EarthPower,VacuumWave|||M|||50|,,,,,Ghost]Annihilape||SafetyGoggles|Defiant|RageFist,DrainPunch,BulkUp,Protect|||M|||50|,,,,,Fire]Dragonite||LoadedDice|Multiscale|ScaleShot,ExtremeSpeed,Haze,Protect|||F|||50|,,,,,Fairy]Rillaboom||MiracleSeed|GrassySurge|WoodHammer,GrassyGlide,FakeOut,Protect|||M|||50|,,,,,Grass]Maushold-Four||FocusSash|FriendGuard|SuperFang,BeatUp,FollowMe,Protect||||||50|,,,,,Ghost
|showteam|p2|Indeedee-F||PsychicSeed|PsychicSurge|FollowMe,TrickRoom,HelpingHand,DazzlingGleam|||F|||50|,,,,,Fairy]Gallade||ClearAmulet|Sharpness|SacredSword,WideGuard,TrickRoom,PsychoCut|||M|||50|,,,,,Grass]Torkoal||ChoiceSpecs|Drought|Eruption,WeatherBall,EarthPower,HeatWave|||F|||50|,,,,,Fire]Ursaluna||FlameOrb|Guts|Protect,HeadlongRush,Facade,Earthquake|||M|||50|,,,,,Ghost]Hatterene||LifeOrb|MagicBounce|DazzlingGleam,ExpandingForce,MysticalFire,TrickRoom|||F|||50|,,,,,Fire]Hydreigon||CovertCloak|Levitate|DracoMeteor,Snarl,Taunt,Protect|||M|||50|,,,,,Fire
|inactive|Battle timer is ON: inactive players will automatically lose when time's up. (requested by arkjsmith)
|
|t:|1757636179
|teamsize|p1|4
|teamsize|p2|4
|start
|switch|p1a: Lavish|Gholdengo, L50|100/100
|switch|p1b: Haus of Gold|Maushold-Four, L50|100/100
|switch|p2a: Indeedee|Indeedee-F, L50, F|100/100
|switch|p2b: Gallade|Gallade, L50, M|100/100
|-fieldstart|move: Psychic Terrain|[from] ability: Psychic Surge|[of] p2a: Indeedee
|-enditem|p2a: Indeedee|Psychic Seed
|-boost|p2a: Indeedee|spd|1|[from] item: Psychic Seed
|turn|1
|
|t:|1757636204
|move|p1b: Haus of Gold|Protect|p1b: Haus of Gold
|-singleturn|p1b: Haus of Gold|Protect
|move|p1a: Lavish|Nasty Plot|p1a: Lavish
|-boost|p1a: Lavish|spa|2
|move|p2b: Gallade|Psycho Cut|p1a: Lavish
|-resisted|p1a: Lavish
|-damage|p1a: Lavish|72/100
|move|p2a: Indeedee|Trick Room|p2a: Indeedee
|-fieldstart|move: Trick Room|[of] p2a: Indeedee
|
|upkeep
|turn|2
|inactive|arkjsmith has 30 seconds left.
|
|t:|1757636235
|switch|p2a: Torkoal|Torkoal, L50, F|100/100
|-weather|SunnyDay|[from] ability: Drought|[of] p2a: Torkoal
|move|p2b: Gallade|Wide Guard|p2b: Gallade
|-singleturn|p2b: Gallade|Wide Guard
|move|p1b: Haus of Gold|Follow Me|p1b: Haus of Gold
|-singleturn|p1b: Haus of Gold|move: Follow Me
|move|p1a: Lavish|Make It Rain|p2b: Gallade|[spread] 
|-activate|p2a: Torkoal|move: Wide Guard
|-activate|p2b: Gallade|move: Wide Guard
|
|-weather|SunnyDay|[upkeep]
|upkeep
|turn|3
|
|t:|1757636251
|-terastallize|p2a: Torkoal|Fire
|move|p1a: Lavish|Protect|p1a: Lavish
|-singleturn|p1a: Lavish|Protect
|move|p1b: Haus of Gold|Protect|p1b: Haus of Gold
|-singleturn|p1b: Haus of Gold|Protect
|move|p2a: Torkoal|Eruption|p1a: Lavish|[spread] 
|-activate|p1a: Lavish|move: Protect
|-activate|p1b: Haus of Gold|move: Protect
|move|p2b: Gallade|Psycho Cut|p1a: Lavish
|-activate|p1a: Lavish|move: Protect
|
|-weather|SunnyDay|[upkeep]
|upkeep
|turn|4
|
|t:|1757636272
|-terastallize|p1a: Lavish|Water
|move|p1b: Haus of Gold|Follow Me|p1b: Haus of Gold
|-singleturn|p1b: Haus of Gold|move: Follow Me
|move|p2a: Torkoal|Eruption|p1b: Haus of Gold|[spread] p1a,p1b
|-resisted|p1a: Lavish
|-damage|p1a: Lavish|7/100
|-enditem|p1b: Haus of Gold|Focus Sash
|-damage|p1b: Haus of Gold|1/100
|move|p2b: Gallade|Psycho Cut|p1b: Haus of Gold
|-damage|p1b: Haus of Gold|0 fnt
|faint|p1b: Haus of Gold
|move|p1a: Lavish|Shadow Ball|p2a: Torkoal
|-damage|p2a: Torkoal|0 fnt
|faint|p2a: Torkoal
|-damage|p1a: Lavish|0 fnt|[from] item: Life Orb
|faint|p1a: Lavish
|
|-weather|SunnyDay|[upkeep]
|upkeep
|
|t:|1757636287
|switch|p2a: Indeedee|Indeedee-F, L50, F|100/100
|switch|p1a: Drum Show|Rillaboom, L50, M, shiny|100/100
|switch|p1b: Glowing Eyes|Ursaluna-Bloodmoon, L50, M|100/100
|-fieldstart|move: Grassy Terrain|[from] ability: Grassy Surge|[of] p1a: Drum Show
|turn|5
|
|t:|1757636301
|move|p2a: Indeedee|Helping Hand|p2b: Gallade
|-singleturn|p2b: Gallade|Helping Hand|[of] p2a: Indeedee
|move|p1a: Drum Show|Fake Out|p2b: Gallade
|-damage|p2b: Gallade|78/100
|cant|p2b: Gallade|flinch
|move|p1b: Glowing Eyes|Blood Moon|p2b: Gallade
|-damage|p2b: Gallade|4/100
|
|-weather|SunnyDay|[upkeep]
|-heal|p2b: Gallade|10/100|[from] Grassy Terrain
|-fieldend|move: Trick Room
|upkeep
|turn|6
|
|t:|1757636317
|move|p1a: Drum Show|Grassy Glide|p2b: Gallade
|-damage|p2b: Gallade|0 fnt
|faint|p2b: Gallade
|move|p1b: Glowing Eyes|Hyper Voice|p2a: Indeedee
|-damage|p2a: Indeedee|54/100
|move|p2a: Indeedee|Trick Room|p2a: Indeedee
|-fieldstart|move: Trick Room|[of] p2a: Indeedee
|
|-weather|none
|-heal|p2a: Indeedee|60/100|[from] Grassy Terrain
|upkeep
|
|t:|1757636323
|switch|p2b: Ursaluna|Ursaluna, L50, M|100/100
|turn|7
|
|t:|1757636333
|move|p2b: Ursaluna|Protect|p2b: Ursaluna
|-singleturn|p2b: Ursaluna|Protect
|move|p1b: Glowing Eyes|Hyper Voice|p2b: Ursaluna|[spread] p2a
|-activate|p2b: Ursaluna|move: Protect
|-damage|p2a: Indeedee|23/100
|move|p2a: Indeedee|Dazzling Gleam|p1b: Glowing Eyes|[spread] p1a,p1b
|-damage|p1a: Drum Show|83/100
|-damage|p1b: Glowing Eyes|93/100
|move|p1a: Drum Show|Wood Hammer|p2b: Ursaluna
|-activate|p2b: Ursaluna|move: Protect
|
|-heal|p1b: Glowing Eyes|99/100|[from] Grassy Terrain
|-heal|p2a: Indeedee|29/100|[from] Grassy Terrain
|-heal|p1a: Drum Show|90/100|[from] Grassy Terrain
|-status|p2b: Ursaluna|brn|[from] item: Flame Orb
|upkeep
|turn|8
|inactive|arkjsmith has 30 seconds left.
|
|t:|1757636360
|move|p2a: Indeedee|Helping Hand|p2b: Ursaluna
|-singleturn|p2b: Ursaluna|Helping Hand|[of] p2a: Indeedee
|move|p2b: Ursaluna|Facade|p1a: Drum Show
|-damage|p1a: Drum Show|0 fnt
|faint|p1a: Drum Show
|move|p1b: Glowing Eyes|Blood Moon|p2b: Ursaluna
|-damage|p2b: Ursaluna|34/100 brn
|
|-heal|p2b: Ursaluna|40/100 brn|[from] Grassy Terrain
|-heal|p1b: Glowing Eyes|100/100|[from] Grassy Terrain
|-heal|p2a: Indeedee|36/100|[from] Grassy Terrain
|-damage|p2b: Ursaluna|34/100 brn|[from] brn
|upkeep
|turn|9
|
|t:|1757636370
|move|p2a: Indeedee|Helping Hand|p2b: Ursaluna
|-singleturn|p2b: Ursaluna|Helping Hand|[of] p2a: Indeedee
|move|p1b: Glowing Eyes|Vacuum Wave|p2b: Ursaluna
|-supereffective|p2b: Ursaluna
|-damage|p2b: Ursaluna|6/100 brn
|move|p2b: Ursaluna|Facade|p1b: Glowing Eyes
|-damage|p1b: Glowing Eyes|0 fnt
|faint|p1b: Glowing Eyes
|
|win|Quill86
||Quill86 is ready for game 2.
||arkjsmith is ready for game 2.
|uhtml|next|Next: Game 2 of 3
|l|☆Quill86
|player|p2|
