|j|☆Jompinhans
|j|☆eklyst
|html|Jompinhanseklyst    
|uhtml|bestof|Game 2 of a best-of-3
|t:|1786196525
|gametype|doubles
|player|p1|Jompinhans|101|1211
|player|p2|eklyst|pokemaniac|1143
|gen|9
|tier|[Gen 9 Champions] VGC 2026 Reg M-B (Bo3)
|rated|
|rule|Species Clause: Limit one of each Pokémon
|rule|Item Clause: Limit 1 of each item
|clearpoke
|poke|p1|Raichu, L50, M|
|poke|p1|Mawile, L50, F|
|poke|p1|Incineroar, L50, F|
|poke|p1|Farigiraf, L50, M|
|poke|p1|Gholdengo, L50|
|poke|p1|Ninetales-Alola, L50, F|
|poke|p2|Metagross, L50|
|poke|p2|Floette-Eternal, L50, F|
|poke|p2|Garchomp, L50, F|
|poke|p2|Aerodactyl, L50, F|
|poke|p2|Sinistcha, L50|
|poke|p2|Incineroar, L50, F|
|teampreview|4
|showteam|p1|Raichu||RaichuniteY|Static|ZapCannon,FocusBlast,FakeOut,Protect|Timid||M|||50|]Mawile||Mawilite|HyperCutter|Protect,SwordsDance,PlayRough,SuckerPunch|Adamant||F|||50|]Incineroar||SitrusBerry|Intimidate|FakeOut,PartingShot,FlareBlitz,ThroatChop|Careful||F|||50|]Farigiraf||ColburBerry|ArmorTail|TwinBeam,HyperVoice,HelpingHand,TrickRoom|Modest||M|||50|]Gholdengo||LifeOrb|GoodasGold|Protect,NastyPlot,MakeItRain,ShadowBall|Modest|||||50|]Ninetales-Alola||FocusSash|SnowWarning|Protect,Blizzard,Encore,FreezeDry|Timid||F|||50|
|showteam|p2|Metagross||Metagrossite|ClearBody|PsychicFangs,IronHead,BulletPunch,Protect|Adamant|||||50|]Floette-Eternal||Floettite|FlowerVeil|DazzlingGleam,Moonblast,CalmMind,Protect|Modest||F|||50|]Garchomp||LifeOrb|RoughSkin|RockSlide,StompingTantrum,DragonClaw,Protect|Jolly||F|||50|]Aerodactyl||FocusSash|Unnerve|RockSlide,DualWingbeat,Tailwind,Protect|Jolly||F|||50|]Sinistcha||KasibBerry|Hospitality|MatchaGotcha,TrickRoom,RagePowder,Protect|Relaxed|||||50|]Incineroar||SitrusBerry|Intimidate|FakeOut,FlareBlitz,Taunt,PartingShot|Adamant||F|||50|
|inactive|Battle timer is ON: inactive players will automatically lose when time's up. (requested by eklyst)
|inactive|eklyst has 60 seconds left.
|
|t:|1786196571
|teamsize|p1|4
|teamsize|p2|4
|start
|switch|p1a: Farigiraf|Farigiraf, L50, M|100/100
|switch|p1b: Incineroar|Incineroar, L50, F|100/100
|switch|p2a: Sinistcha|Sinistcha, L50|100/100
|switch|p2b: Incineroar|Incineroar, L50, F|100/100
|-ability|p2b: Incineroar|Intimidate|boost
|-unboost|p1a: Farigiraf|atk|1
|-unboost|p1b: Incineroar|atk|1
|-ability|p1b: Incineroar|Intimidate|boost
|-unboost|p2a: Sinistcha|atk|1
|-unboost|p2b: Incineroar|atk|1
|turn|1
|inactive|Jompinhans has 30 seconds left.
|
|t:|1786196599
|move|p1a: Farigiraf|Helping Hand|p1b: Incineroar
|-singleturn|p1b: Incineroar|Helping Hand|[of] p1a: Farigiraf
|move|p2b: Incineroar|Parting Shot|p1b: Incineroar
|-unboost|p1b: Incineroar|atk|1
|-unboost|p1b: Incineroar|spa|1
|
|t:|1786196607
|switch|p2b: Garchomp|Garchomp, L50, F|100/100|[from] Parting Shot
|move|p2a: Sinistcha|Matcha Gotcha|p1b: Incineroar|[spread] p1b
|-miss|p2a: Sinistcha|p1a: Farigiraf
|-resisted|p1b: Incineroar|1
|-damage|p1b: Incineroar|92/100
|move|p1b: Incineroar|Flare Blitz|p2a: Sinistcha
|-supereffective|p2a: Sinistcha|1
|-damage|p2a: Sinistcha|42/100
|-damage|p1b: Incineroar|75/100|[from] Recoil
|
|upkeep
|turn|2
|inactive|Jompinhans has 30 seconds left.
|
|t:|1786196640
|switch|p2a: Incineroar|Incineroar, L50, F|100/100
|-ability|p2a: Incineroar|Intimidate|boost
|-unboost|p1a: Farigiraf|atk|1
|-unboost|p1b: Incineroar|atk|1
|move|p2b: Garchomp|Stomping Tantrum|p1b: Incineroar
|-supereffective|p1b: Incineroar|1
|-damage|p1b: Incineroar|0 fnt
|faint|p1b: Incineroar
|-damage|p2b: Garchomp|90/100|[from] item: Life Orb
|move|p1a: Farigiraf|Twin Beam|p2a: Incineroar
|-immune|p2a: Incineroar
|
|upkeep
|
|t:|1786196647
|switch|p1b: Ninetales|Ninetales-Alola, L50, F|100/100
|-weather|Snowscape|[from] ability: Snow Warning|[of] p1b: Ninetales
|turn|3
|
|t:|1786196658
|move|p1b: Ninetales|Protect|p1b: Ninetales
|-singleturn|p1b: Ninetales|Protect
|move|p2b: Garchomp|Protect|p2b: Garchomp
|-singleturn|p2b: Garchomp|Protect
|move|p2a: Incineroar|Flare Blitz|p1b: Ninetales
|-activate|p1b: Ninetales|move: Protect
|move|p1a: Farigiraf|Hyper Voice|p2a: Incineroar|[spread] p2a
|-activate|p2b: Garchomp|move: Protect
|-damage|p2a: Incineroar|72/100
|
|-weather|Snowscape|[upkeep]
|upkeep
|turn|4
|inactive|Jompinhans has 30 seconds left.
|inactive|Jompinhans has 20 seconds left.
|inactive|Jompinhans has 15 seconds left.
|inactive|Jompinhans has 10 seconds left.
|
|t:|1786196707
|switch|p2b: Sinistcha|Sinistcha, L50|42/100
|-heal|p2a: Incineroar|97/100|[from] ability: Hospitality|[of] p2b: Sinistcha
|move|p1a: Farigiraf|Helping Hand|p1b: Ninetales
|-singleturn|p1b: Ninetales|Helping Hand|[of] p1a: Farigiraf
|move|p1b: Ninetales|Blizzard|p2a: Incineroar|[spread] p2a,p2b
|-resisted|p2a: Incineroar|1
|-supereffective|p2b: Sinistcha|1
|-damage|p2a: Incineroar|75/100
|-damage|p2b: Sinistcha|0 fnt
|faint|p2b: Sinistcha
|move|p2a: Incineroar|Flare Blitz|p1b: Ninetales
|-supereffective|p1b: Ninetales|1
|-enditem|p1b: Ninetales|Focus Sash
|-damage|p1b: Ninetales|1/100
|-damage|p2a: Incineroar|50/100g|[from] Recoil
|
|-weather|Snowscape|[upkeep]
|upkeep
|
|t:|1786196723
|switch|p2b: Floette|Floette-Eternal, L50, F|100/100
|turn|5
|
|t:|1786196740
|detailschange|p2b: Floette|Floette-Mega, L50, F
|-mega|p2b: Floette|Floette|Floettite
|-ability|p2b: Floette|Fairy Aura
|move|p1b: Ninetales|Encore|p2a: Incineroar
|-start|p2a: Incineroar|Encore
|move|p2b: Floette|Dazzling Gleam|p1b: Ninetales|[spread] p1a,p1b
|-crit|p1a: Farigiraf
|-damage|p1a: Farigiraf|44/100
|-damage|p1b: Ninetales|0 fnt
|faint|p1b: Ninetales
|move|p2a: Incineroar|Flare Blitz|p1a: Farigiraf
|-damage|p1a: Farigiraf|0 fnt
|faint|p1a: Farigiraf
|-damage|p2a: Incineroar|34/100|[from] Recoil
|-enditem|p2a: Incineroar|Sitrus Berry|[eat]
|-heal|p2a: Incineroar|59/100|[from] item: Sitrus Berry
|
|-weather|Snowscape|[upkeep]
|upkeep
|c|☆Jompinhans|Whelp there goes my out
|inactive|Jompinhans has 30 seconds left.
|c|☆Jompinhans|Ggs
|-message|Jompinhans forfeited.
|raw|Jompinhans's rating: 1211 → 1181(-30 for losing)
|raw|eklyst's rating: 1143 → 1173(+30 for winning)
|
|win|eklyst
|c|☆eklyst|i think that wouldve kod anyways
|c|☆eklyst|gg
|c|☆Jompinhans|no it wouldn’t have
|c|☆eklyst|i have attack invested on my incin
|c|☆eklyst|it wouldve done like 50-60
|c|☆Jompinhans|Flare blitz does around 45-50%
|c|☆Jompinhans|I’m def invested boss man
|c|☆eklyst|45-50 uninvested
|c|☆eklyst|my incin has attack evs
|c|☆Jompinhans|Ok I’m not gonna arghe
|c|☆Jompinhans|I can read
