|j|☆prof.Jirofales
|j|☆Jasondddd
|html|prof.JirofalesJasondddd    
|uhtml|bestof|Game 2 of a best-of-3
|t:|1755819208
|gametype|doubles
|player|p1|prof.Jirofales|169|1166
|player|p2|Jasondddd|266|1199
|gen|9
|tier|[Gen 9] VGC 2025 Reg H (Bo3)
|rated|
|rule|Species Clause: Limit one of each Pokémon
|rule|Item Clause: Limit 1 of each item
|clearpoke
|poke|p1|Rillaboom, L50, M|
|poke|p1|Sneasler, L50, F|
|poke|p1|Basculegion, L50, M|
|poke|p1|Volcarona, L50, F|
|poke|p1|Dragonite, L50, F|
|poke|p1|Corviknight, L50, M|
|poke|p2|Rillaboom, L50, M|
|poke|p2|Incineroar, L50, M|
|poke|p2|Whimsicott, L50, M|
|poke|p2|Dragonite, L50, F|
|poke|p2|Gholdengo, L50|
|poke|p2|Basculegion, L50, M|
|teampreview|4
|showteam|p1|Rillaboom||AssaultVest|GrassySurge|FakeOut,GrassyGlide,WoodHammer,HighHorsepower|||M|||50|,,,,,Fire]Sneasler||FocusSash|Unburden|FakeOut,DireClaw,CloseCombat,Coaching|||F|||50|,,,,,Ghost]Basculegion||ChoiceScarf|Adaptability|FlipTurn,WaveCrash,LastRespects,TeraBlast|||M|||50|,,,,,Fighting]Volcarona||CovertCloak|FlameBody|HeatWave,TeraBlast,QuiverDance,Protect|||F|||50|,,,,,Fairy]Dragonite||LoadedDice|Multiscale|ScaleShot,ExtremeSpeed,Haze,Protect|||F|||50|,,,,,Steel]Corviknight||LumBerry|MirrorArmor|BraveBird,IronHead,Tailwind,Protect|||M|||50|,,,,,Dragon
|showteam|p2|Rillaboom||AssaultVest|GrassySurge|FakeOut,GrassyGlide,WoodHammer,Uturn|||M|||50|,,,,,Fire]Incineroar||SitrusBerry|Intimidate|FakeOut,FlareBlitz,KnockOff,PartingShot|||M|||50|,,,,,Water]Whimsicott||FocusSash|Prankster|Protect,Tailwind,Encore,Moonblast|||M|||50|,,,,,Ghost]Dragonite||LifeOrb|InnerFocus|Protect,DragonClaw,LowKick,ExtremeSpeed|||F|||50|,,,,,Normal]Gholdengo||CovertCloak|GoodasGold|Protect,ShadowBall,MakeItRain,NastyPlot||||||50|,,,,,Dragon]Basculegion||ChoiceScarf|Adaptability|FlipTurn,AquaJet,LastRespects,WaveCrash|||M|||50|,,,,,Fairy
|
|t:|1755819222
|teamsize|p1|4
|teamsize|p2|4
|start
|switch|p1a: Volcarona|Volcarona, L50, F|100/100
|switch|p1b: Sneasler|Sneasler, L50, F|100/100
|switch|p2a: Incineroar|Incineroar, L50, M|100/100
|switch|p2b: Gholdengo|Gholdengo, L50|100/100
|-ability|p2a: Incineroar|Intimidate|boost
|-unboost|p1a: Volcarona|atk|1
|-unboost|p1b: Sneasler|atk|1
|turn|1
|
|t:|1755819242
|move|p1b: Sneasler|Fake Out|p2a: Incineroar
|-damage|p2a: Incineroar|91/100
|move|p1a: Volcarona|Quiver Dance|p1a: Volcarona
|-boost|p1a: Volcarona|spa|1
|-boost|p1a: Volcarona|spd|1
|-boost|p1a: Volcarona|spe|1
|move|p2b: Gholdengo|Nasty Plot|p2b: Gholdengo
|-boost|p2b: Gholdengo|spa|2
|cant|p2a: Incineroar|flinch
|
|upkeep
|turn|2
|
|t:|1755819275
|move|p1a: Volcarona|Heat Wave|p2b: Gholdengo|[spread] p2a,p2b
|-resisted|p2a: Incineroar
|-supereffective|p2b: Gholdengo
|-damage|p2a: Incineroar|68/100
|-damage|p2b: Gholdengo|8/100
|move|p1b: Sneasler|Coaching|p1a: Volcarona
|-boost|p1a: Volcarona|atk|1
|-boost|p1a: Volcarona|def|1
|move|p2b: Gholdengo|Nasty Plot|p2b: Gholdengo
|-boost|p2b: Gholdengo|spa|2
|move|p2a: Incineroar|Parting Shot|p1b: Sneasler
|-unboost|p1b: Sneasler|atk|1
|-unboost|p1b: Sneasler|spa|1
|
|t:|1755819288
|switch|p2a: Whimsicott|Whimsicott, L50, M|100/100|[from] Parting Shot
|
|upkeep
|turn|3
|
|t:|1755819305
|move|p2b: Gholdengo|Protect|p2b: Gholdengo
|-singleturn|p2b: Gholdengo|Protect
|move|p2a: Whimsicott|Encore|p1b: Sneasler
|-start|p1b: Sneasler|Encore
|move|p1a: Volcarona|Heat Wave|p2a: Whimsicott|[spread] p2a
|-activate|p2b: Gholdengo|move: Protect
|-supereffective|p2a: Whimsicott
|-enditem|p2a: Whimsicott|Focus Sash
|-damage|p2a: Whimsicott|1/100
|move|p1b: Sneasler|Coaching|p1a: Volcarona
|-boost|p1a: Volcarona|atk|1
|-boost|p1a: Volcarona|def|1
|
|upkeep
|turn|4
|
|t:|1755819328
|switch|p1b: Corviknight|Corviknight, L50, M, shiny|100/100
|move|p2a: Whimsicott|Tailwind|p2a: Whimsicott
|-sidestart|p2: Jasondddd|move: Tailwind
|move|p2b: Gholdengo|Shadow Ball|p1a: Volcarona
|-damage|p1a: Volcarona|33/100
|move|p1a: Volcarona|Heat Wave|p2b: Gholdengo|[spread] p2a,p2b
|-supereffective|p2a: Whimsicott
|-supereffective|p2b: Gholdengo
|-damage|p2a: Whimsicott|0 fnt
|-damage|p2b: Gholdengo|0 fnt
|faint|p2a: Whimsicott
|faint|p2b: Gholdengo
|
|upkeep
|
|t:|1755819343
|switch|p2a: Dragonite|Dragonite, L50, F|100/100
|switch|p2b: Incineroar|Incineroar, L50, M|68/100
|-ability|p2b: Incineroar|Intimidate|boost
|-unboost|p1a: Volcarona|atk|1
|-ability|p1b: Corviknight|Mirror Armor
|-unboost|p2b: Incineroar|atk|1
|turn|5
|
|t:|1755819360
|move|p1a: Volcarona|Protect|p1a: Volcarona
|-singleturn|p1a: Volcarona|Protect
|move|p1b: Corviknight|Protect|p1b: Corviknight
|-singleturn|p1b: Corviknight|Protect
|move|p2a: Dragonite|Low Kick|p1b: Corviknight
|-activate|p1b: Corviknight|move: Protect
|move|p2b: Incineroar|Flare Blitz|p1b: Corviknight
|-activate|p1b: Corviknight|move: Protect
|
|upkeep
|turn|6
|
|t:|1755819387
|move|p1a: Volcarona|Tera Blast|p2a: Dragonite
|-damage|p2a: Dragonite|65/100
|move|p2a: Dragonite|Low Kick|p1b: Corviknight
|-damage|p1b: Corviknight|60/100
|-damage|p2a: Dragonite|55/100|[from] item: Life Orb
|move|p2b: Incineroar|Flare Blitz|p1a: Volcarona
|-damage|p1a: Volcarona|12/100
|-damage|p2b: Incineroar|62/100|[from] Recoil
|move|p1b: Corviknight|Tailwind|p1b: Corviknight
|-sidestart|p1: prof.Jirofales|move: Tailwind
|
|upkeep
|turn|7
|
|t:|1755819407
|move|p2a: Dragonite|Extreme Speed|p1a: Volcarona
|-damage|p1a: Volcarona|0 fnt
|-status|p2a: Dragonite|brn|[from] ability: Flame Body|[of] p1a: Volcarona
|faint|p1a: Volcarona
|-damage|p2a: Dragonite|46/100 brn|[from] item: Life Orb
|move|p1b: Corviknight|Brave Bird|p2a: Dragonite
|-damage|p2a: Dragonite|0 fnt
|faint|p2a: Dragonite
|-damage|p1b: Corviknight|45/100|[from] Recoil
|move|p2b: Incineroar|Flare Blitz|p1b: Corviknight
|-supereffective|p1b: Corviknight
|-crit|p1b: Corviknight
|-damage|p1b: Corviknight|0 fnt
|faint|p1b: Corviknight
|-damage|p2b: Incineroar|49/100|[from] Recoil
|-enditem|p2b: Incineroar|Sitrus Berry|[eat]
|-heal|p2b: Incineroar|74/100|[from] item: Sitrus Berry
|
|-sideend|p2: Jasondddd|move: Tailwind
|upkeep
|
|t:|1755819428
|switch|p1a: Sneasler|Sneasler, L50, F|100/100
|switch|p1b: Basculegion|Basculegion, L50, M|100/100
|turn|8
|-message|Jasondddd forfeited.
|raw|prof.Jirofales's rating: 1166 → 1193(+27 for winning)
|raw|Jasondddd's rating: 1199 → 1172(-27 for losing)
|
|win|prof.Jirofales
|c|☆Jasondddd|Gg
