|j|☆FieryFIame
|j|☆gundot
|html|FieryFIamegundot    
|uhtml|bestof|Game 2 of a best-of-3
|t:|1785070067
|gametype|doubles
|player|p1|FieryFIame|169|1414
|player|p2|gundot|ethan-gen2|1360
|gen|9
|tier|[Gen 9 Champions] VGC 2026 Reg M-B (Bo3)
|rated|
|rule|Species Clause: Limit one of each Pokémon
|rule|Item Clause: Limit 1 of each item
|clearpoke
|poke|p1|Staraptor, L50, M|
|poke|p1|Vanilluxe, L50, M|
|poke|p1|Farigiraf, L50, F|
|poke|p1|Blastoise, L50, F|
|poke|p1|Kingambit, L50, F|
|poke|p1|Camerupt, L50, F|
|poke|p2|Charizard, L50, F, shiny|
|poke|p2|Whimsicott, L50, F|
|poke|p2|Mawile, L50, F, shiny|
|poke|p2|Garchomp, L50, M|
|poke|p2|Farigiraf, L50, F|
|poke|p2|Basculegion, L50, M, shiny|
|teampreview|4
|showteam|p1|Staraptor||ChoiceScarf|Intimidate|FinalGambit,BraveBird,CloseCombat,Uturn|Jolly||M|||50|]Vanilluxe||NeverMeltIce|SnowWarning|Blizzard,FreezeDry,Protect,IceShard|Quiet||M|||50|]Farigiraf||SitrusBerry|ArmorTail|PsychicFangs,Thunderbolt,HelpingHand,TrickRoom|Relaxed||F|||50|]Blastoise||Blastoisinite|RainDish|FakeOut,WaterSpout,AuraSphere,DarkPulse|Quiet||F|||50|]Kingambit||LifeOrb|Defiant|KowtowCleave,IronHead,Protect,SuckerPunch|Brave||F|||50|]Camerupt||Cameruptite|SolidRock|HeatWave,EarthPower,Protect,AncientPower|Quiet||F|||50|
|showteam|p2|Charizard||CharizarditeY|SolarPower|HeatWave,WeatherBall,SolarBeam,Protect|Modest||F|||50|]Whimsicott||FocusSash|Prankster|Moonblast,Tailwind,Encore,Protect|Timid||F|||50|]Mawile||Mawilite|HyperCutter|PlayRough,IronHead,RockSlide,SuckerPunch|Adamant||F|||50|]Garchomp||LifeOrb|RoughSkin|Earthquake,DragonClaw,RockSlide,Protect|Jolly||M|||50|]Farigiraf||SitrusBerry|ArmorTail|Psychic,Thunderbolt,TrickRoom,HelpingHand|Modest||F|||50|]Basculegion||MysticWater|Adaptability|WaveCrash,AquaJet,LastRespects,Protect|Adamant||M|||50|
|inactive|Battle timer is ON: inactive players will automatically lose when time's up. (requested by gundot)
|
|t:|1785070097
|teamsize|p1|4
|teamsize|p2|4
|start
|switch|p1a: Staraptor|Staraptor, L50, M|100/100
|switch|p1b: Farigiraf|Farigiraf, L50, F|100/100
|switch|p2a: Farigiraf|Farigiraf, L50, F|100/100
|switch|p2b: Basculegion|Basculegion, L50, M, shiny|100/100
|-ability|p1a: Staraptor|Intimidate|boost
|-unboost|p2a: Farigiraf|atk|1
|-unboost|p2b: Basculegion|atk|1
|turn|1
|inactive|FieryFIame has 30 seconds left.
|inactive|gundot has 30 seconds left.
|
|t:|1785070147
|switch|p1b: Vanilluxe|Vanilluxe, L50, M|100/100
|-weather|Snowscape|[from] ability: Snow Warning|[of] p1b: Vanilluxe
|move|p1a: Staraptor|U-turn|p2a: Farigiraf
|-supereffective|p2a: Farigiraf|1
|-damage|p2a: Farigiraf|59/100
|
|t:|1785070153
|switch|p1a: Farigiraf|Farigiraf, L50, F|100/100|[from] U-turn
|move|p2b: Basculegion|Wave Crash|p1a: Farigiraf
|-damage|p1a: Farigiraf|44/100
|-enditem|p1a: Farigiraf|Sitrus Berry|[eat]
|-heal|p1a: Farigiraf|69/100|[from] item: Sitrus Berry
|-damage|p2b: Basculegion|80/100|[from] Recoil
|move|p2a: Farigiraf|Psychic|p1a: Farigiraf
|-resisted|p1a: Farigiraf|1
|-damage|p1a: Farigiraf|52/100
|
|-weather|Snowscape|[upkeep]
|upkeep
|turn|2
|inactive|FieryFIame has 30 seconds left.
|inactive|FieryFIame has 20 seconds left.
|
|t:|1785070200
|switch|p1a: Staraptor|Staraptor, L50, M|100/100
|-ability|p1a: Staraptor|Intimidate|boost
|-unboost|p2a: Farigiraf|atk|1
|-unboost|p2b: Basculegion|atk|1
|move|p2a: Farigiraf|Helping Hand|p2b: Basculegion
|-singleturn|p2b: Basculegion|Helping Hand|[of] p2a: Farigiraf
|move|p2b: Basculegion|Wave Crash|p1a: Staraptor
|-damage|p1a: Staraptor|10/100
|-damage|p2b: Basculegion|52/100|[from] Recoil
|move|p1b: Vanilluxe|Freeze-Dry|p2b: Basculegion
|-supereffective|p2b: Basculegion|1
|-damage|p2b: Basculegion|0 fnt
|faint|p2b: Basculegion
|
|-weather|Snowscape|[upkeep]
|upkeep
|
|t:|1785070206
|switch|p2b: Charizard|Charizard, L50, F, shiny|100/100
|turn|3
|
|t:|1785070216
|detailschange|p2b: Charizard|Charizard-Mega-Y, L50, F, shiny
|-mega|p2b: Charizard|Charizard|Charizardite Y
|-weather|SunnyDay|[from] ability: Drought|[of] p2b: Charizard
|move|p2a: Farigiraf|Helping Hand|p2b: Charizard
|-singleturn|p2b: Charizard|Helping Hand|[of] p2a: Farigiraf
|move|p1a: Staraptor|Final Gambit|p2b: Charizard
|-damage|p2b: Charizard|89/100
|faint|p1a: Staraptor
|move|p2b: Charizard|Heat Wave|p1b: Vanilluxe
|-supereffective|p1b: Vanilluxe|1
|-damage|p1b: Vanilluxe|0 fnt
|faint|p1b: Vanilluxe
|
|-weather|SunnyDay|[upkeep]
|upkeep
|
|t:|1785070224
|switch|p1a: Farigiraf|Farigiraf, L50, F|52/100
|switch|p1b: Camerupt|Camerupt, L50, F|100/100
|turn|4
|
|t:|1785070238
|detailschange|p1b: Camerupt|Camerupt-Mega, L50, F
|-mega|p1b: Camerupt|Camerupt|Cameruptite
|move|p2b: Charizard|Weather Ball|p1a: Farigiraf
|-damage|p1a: Farigiraf|0 fnt
|faint|p1a: Farigiraf
|move|p2a: Farigiraf|Psychic|p1b: Camerupt
|-damage|p1b: Camerupt|63/100
|move|p1b: Camerupt|Ancient Power|p2b: Charizard
|-supereffective|p2b: Charizard|2
|-damage|p2b: Charizard|0 fnt
|faint|p2b: Charizard
|
|-weather|SunnyDay|[upkeep]
|upkeep
|
|t:|1785070243
|switch|p2b: Garchomp|Garchomp, L50, M|100/100
|turn|5
|-message|FieryFIame forfeited.
|
|win|gundot
|l|☆FieryFIame
|player|p1|
