|j|☆sidhuistic
|j|☆Torkoal waifu
|html|sidhuisticTorkoal waifu    
|uhtml|bestof|Game 2 of a best-of-3
|t:|1785165989
|gametype|doubles
|player|p1|sidhuistic|richboy-gen4|1140
|player|p2|Torkoal waifu|102|1049
|gen|9
|tier|[Gen 9 Champions] VGC 2026 Reg M-B (Bo3)
|rated|
|rule|Species Clause: Limit one of each Pokémon
|rule|Item Clause: Limit 1 of each item
|clearpoke
|poke|p1|Tyranitar, L50, F|
|poke|p1|Excadrill, L50, F|
|poke|p1|Milotic, L50, M|
|poke|p1|Sinistcha, L50|
|poke|p1|Staraptor, L50, F|
|poke|p1|Gholdengo, L50|
|poke|p2|Charizard, L50, F|
|poke|p2|Aerodactyl, L50, F|
|poke|p2|Farigiraf, L50, M|
|poke|p2|Kingambit, L50, F|
|poke|p2|Garchomp, L50, F|
|poke|p2|Sylveon, L50, M|
|teampreview|4
|showteam|p1|Tyranitar||Tyranitarite|SandStream|KnockOff,RockSlide,DragonDance,Protect|Jolly||F|||50|]Excadrill||FocusSash|SandRush|Earthquake,SwordsDance,RockSlide,Protect|Adamant||F|||50|]Milotic||SitrusBerry|Competitive|Scald,IcyWind,Haze,Protect|Calm||M|||50|]Sinistcha||ColburBerry|Hospitality|MatchaGotcha,ShadowBall,Protect,RagePowder|Bold|||||50|]Staraptor||Staraptite|Intimidate|CloseCombat,BraveBird,Tailwind,Protect|Jolly||F|||50|]Gholdengo||LifeOrb|GoodasGold|MakeItRain,ShadowBall,NastyPlot,Protect|Modest|||||50|
|showteam|p2|Charizard||CharizarditeY|SolarPower|WeatherBall,HeatWave,SolarBeam,Protect|Modest||F|||50|]Aerodactyl||Aerodactylite|Unnerve|RockSlide,DualWingbeat,Tailwind,IceFang|Jolly||F|||50|]Farigiraf||SitrusBerry|ArmorTail|TrickRoom,Psychic,Roar,Thunderbolt|Bold||M|||50|]Kingambit||FocusSash|Defiant|KowtowCleave,SuckerPunch,LowKick,IronHead|Adamant||F|||50|]Garchomp||LifeOrb|RoughSkin|Earthquake,StompingTantrum,DragonClaw,Protect|Jolly||F|||50|]Sylveon||FairyFeather|Pixilate|HyperBeam,HyperVoice,QuickAttack,Detect|Modest||M|||50|
|inactive|Battle timer is ON: inactive players will automatically lose when time's up. (requested by sidhuistic)
|c|☆sidhuistic|ur annoying
|
|t:|1785166026
|teamsize|p1|4
|teamsize|p2|4
|start
|switch|p1a: Tyranitar|Tyranitar, L50, F|100/100
|switch|p1b: Excadrill|Excadrill, L50, F|100/100
|switch|p2a: Farigiraf|Farigiraf, L50, M|100/100
|switch|p2b: Kingambit|Kingambit, L50, F|100/100
|-weather|Sandstorm|[from] ability: Sand Stream|[of] p1a: Tyranitar
|turn|1
|
|t:|1785166042
|switch|p2a: Charizard|Charizard, L50, F|100/100
|detailschange|p1a: Tyranitar|Tyranitar-Mega, L50, F
|-mega|p1a: Tyranitar|Tyranitar|Tyranitarite
|move|p1b: Excadrill|Rock Slide|p2b: Kingambit|[spread] p2a,p2b
|-supereffective|p2a: Charizard|2
|-resisted|p2b: Kingambit|1
|-damage|p2a: Charizard|19/100
|-damage|p2b: Kingambit|90/100
|move|p1a: Tyranitar|Rock Slide|p2a: Charizard|[spread] p2a,p2b
|-supereffective|p2a: Charizard|2
|-resisted|p2b: Kingambit|1
|-damage|p2a: Charizard|0 fnt
|-damage|p2b: Kingambit|76/100
|faint|p2a: Charizard
|cant|p2b: Kingambit|flinch
|
|-weather|Sandstorm|[upkeep]
|upkeep
|inactive|Torkoal waifu has 30 seconds left.
|inactive|Torkoal waifu has 20 seconds left.
|
|t:|1785166077
|switch|p2a: Farigiraf|Farigiraf, L50, M|100/100
|turn|2
|
|t:|1785166094
|move|p1b: Excadrill|Rock Slide|p2a: Farigiraf|[spread] p2a,p2b
|-resisted|p2b: Kingambit|1
|-damage|p2a: Farigiraf|84/100
|-damage|p2b: Kingambit|67/100
|move|p1a: Tyranitar|Rock Slide|p2a: Farigiraf|[spread] p2a,p2b
|-resisted|p2b: Kingambit|1
|-damage|p2a: Farigiraf|60/100
|-damage|p2b: Kingambit|53/100
|cant|p2b: Kingambit|flinch
|move|p2a: Farigiraf|Trick Room|p2a: Farigiraf
|-fieldstart|move: Trick Room|[of] p2a: Farigiraf
|
|-weather|Sandstorm|[upkeep]
|-damage|p2a: Farigiraf|54/100|[from] Sandstorm
|upkeep
|turn|3
|inactive|Torkoal waifu has 30 seconds left.
|inactive|Torkoal waifu has 20 seconds left.
|inactive|Torkoal waifu has 15 seconds left.
|
|t:|1785166134
|switch|p2a: Sylveon|Sylveon, L50, M|100/100
|move|p1a: Tyranitar|Protect|p1a: Tyranitar
|-singleturn|p1a: Tyranitar|Protect
|move|p2b: Kingambit|Low Kick|p1a: Tyranitar
|-activate|p1a: Tyranitar|move: Protect
|move|p1b: Excadrill|Earthquake|p2a: Sylveon|[spread] p2a,p2b
|-activate|p1a: Tyranitar|move: Protect
|-supereffective|p2b: Kingambit|1
|-damage|p2a: Sylveon|50/100g
|-damage|p2b: Kingambit|0 fnt
|faint|p2b: Kingambit
|
|-weather|Sandstorm|[upkeep]
|-damage|p2a: Sylveon|44/100|[from] Sandstorm
|upkeep
|
|t:|1785166147
|switch|p2b: Farigiraf|Farigiraf, L50, M|54/100
|turn|4
|
|t:|1785166165
|switch|p1a: Milotic|Milotic, L50, M|100/100
|move|p2b: Farigiraf|Psychic|p1a: Milotic
|-damage|p1a: Milotic|77/100
|move|p2a: Sylveon|Hyper Voice|p1b: Excadrill|[spread] p1a,p1b
|-crit|p1a: Milotic
|-resisted|p1b: Excadrill|1
|-damage|p1a: Milotic|33/100
|-damage|p1b: Excadrill|66/100
|-enditem|p1a: Milotic|Sitrus Berry|[eat]
|-heal|p1a: Milotic|57/100|[from] item: Sitrus Berry
|move|p1b: Excadrill|Earthquake|p2a: Sylveon|[spread] p1a,p2a,p2b
|-damage|p1a: Milotic|13/100
|-damage|p2a: Sylveon|0 fnt
|-damage|p2b: Farigiraf|18/100
|-enditem|p2b: Farigiraf|Sitrus Berry|[eat]
|-heal|p2b: Farigiraf|43/100|[from] item: Sitrus Berry
|faint|p2a: Sylveon
|
|-weather|Sandstorm|[upkeep]
|-damage|p2b: Farigiraf|37/100|[from] Sandstorm
|-damage|p1a: Milotic|7/100|[from] Sandstorm
|upkeep
|turn|5
|
|t:|1785166188
|move|p2b: Farigiraf|Psychic|p1a: Milotic
|-damage|p1a: Milotic|0 fnt
|faint|p1a: Milotic
|move|p1b: Excadrill|Earthquake|p2b: Farigiraf
|-damage|p2b: Farigiraf|0 fnt
|faint|p2b: Farigiraf
|
|win|sidhuistic
||sidhuistic is ready for game 3.
||Torkoal waifu is ready for game 3.
|uhtml|next|Next: Game 3 of 3
|l|☆sidhuistic
|player|p1|
