|j|☆r00mservice7
|j|☆sad35
|html|r00mservice7sad35    
|uhtml|bestof|Game 2 of a best-of-3
|t:|1784753909
|gametype|doubles
|player|p1|r00mservice7|266|1148
|player|p2|sad35|169|1125
|gen|9
|tier|[Gen 9 Champions] VGC 2026 Reg M-B (Bo3)
|rated|
|rule|Species Clause: Limit one of each Pokémon
|rule|Item Clause: Limit 1 of each item
|clearpoke
|poke|p1|Staraptor, L50, F|
|poke|p1|Tyranitar, L50, F|
|poke|p1|Excadrill, L50, F|
|poke|p1|Gholdengo, L50|
|poke|p1|Milotic, L50, F|
|poke|p1|Tsareena, L50, F|
|poke|p2|Meganium, L50, F|
|poke|p2|Pelipper, L50, M|
|poke|p2|Archaludon, L50, F|
|poke|p2|Basculegion, L50, M|
|poke|p2|Scolipede, L50, M|
|poke|p2|Hydreigon, L50, M|
|teampreview|4
|showteam|p1|Staraptor||Staraptite|Intimidate|BraveBird,CloseCombat,Tailwind,Protect|Jolly||F|||50|]Tyranitar||Tyranitarite|SandStream|RockSlide,KnockOff,DragonDance,Protect|Jolly||F|||50|]Excadrill||FocusSash|SandRush|HighHorsepower,IronHead,RockSlide,Protect|Adamant||F|||50|]Gholdengo||LifeOrb|GoodasGold|MakeItRain,ShadowBall,NastyPlot,Protect|Modest|||||50|]Milotic||SitrusBerry|Competitive|Scald,IcyWind,Haze,Protect|Calm||F|||50|]Tsareena||ExpertBelt|QueenlyMajesty|TropKick,LowKick,Taunt,Protect|Adamant||F|||50|
|showteam|p2|Meganium||Meganiumite|Overgrow|SolarBeam,WeatherBall,Protect,DazzlingGleam|Serious||F|||50|]Pelipper||FocusSash|Drizzle|Hurricane,WeatherBall,Tailwind,Protect|Modest||M|||50|]Archaludon||Leftovers|Stamina|ElectroShot,DragonPulse,FlashCannon,Protect|Modest||F|||50|]Basculegion||LifeOrb|Adaptability|AquaJet,LastRespects,WaveCrash,Protect|Jolly||M|||50|]Scolipede||SilverPowder|SpeedBoost|Megahorn,GunkShot,Protect,RockSlide|Adamant||M|||50|]Hydreigon||ChoiceScarf|Levitate|EarthPower,DracoMeteor,DarkPulse,Snarl|Timid||M|||50|
|inactive|Battle timer is ON: inactive players will automatically lose when time's up. (requested by r00mservice7)
|inactive|r00mservice7 has 60 seconds left.
|inactive|sad35 has 60 seconds left.
|inactive|sad35 has 30 seconds left.
|
|t:|1784753975
|teamsize|p1|4
|teamsize|p2|4
|start
|switch|p1a: Staraptor|Staraptor, L50, F|100/100
|switch|p1b: Excadrill|Excadrill, L50, F|100/100
|switch|p2a: Hydreigon|Hydreigon, L50, M|100/100
|switch|p2b: Pelipper|Pelipper, L50, M|100/100
|-ability|p1a: Staraptor|Intimidate|boost
|-unboost|p2a: Hydreigon|atk|1
|-unboost|p2b: Pelipper|atk|1
|-weather|RainDance|[from] ability: Drizzle|[of] p2b: Pelipper
|turn|1
|inactive|sad35 has 30 seconds left.
|inactive|sad35 has 20 seconds left.
|inactive|sad35 has 15 seconds left.
|inactive|sad35 has 10 seconds left.
|
|t:|1784754025
|switch|p1b: Tyranitar|Tyranitar, L50, F|100/100
|-weather|Sandstorm|[from] ability: Sand Stream|[of] p1b: Tyranitar
|detailschange|p1a: Staraptor|Staraptor-Mega, L50, F
|-mega|p1a: Staraptor|Staraptor|Staraptite
|move|p2a: Hydreigon|Earth Power|p1b: Tyranitar
|-supereffective|p1b: Tyranitar|1
|-damage|p1b: Tyranitar|59/100
|move|p1a: Staraptor|Close Combat|p2a: Hydreigon
|-supereffective|p2a: Hydreigon|1
|-damage|p2a: Hydreigon|0 fnt
|-boost|p1a: Staraptor|def|1
|-boost|p1a: Staraptor|spd|1
|faint|p2a: Hydreigon
|move|p2b: Pelipper|Tailwind|p2b: Pelipper
|-sidestart|p2: sad35|move: Tailwind
|
|-weather|Sandstorm|[upkeep]
|-damage|p2b: Pelipper|94/100|[from] Sandstorm
|-damage|p1a: Staraptor|94/100|[from] Sandstorm
|upkeep
|
|t:|1784754044
|switch|p2a: Meganium|Meganium, L50, F|100/100
|turn|2
|
|t:|1784754066
|detailschange|p2a: Meganium|Meganium-Mega, L50, F
|-mega|p2a: Meganium|Meganium|Meganiumite
|move|p2b: Pelipper|Hurricane|p1a: Staraptor|[miss]
|-miss|p2b: Pelipper|p1a: Staraptor
|move|p2a: Meganium|Dazzling Gleam|p1b: Tyranitar|[spread] p1a,p1b
|-supereffective|p1a: Staraptor|1
|-supereffective|p1b: Tyranitar|1
|-damage|p1a: Staraptor|51/100
|-damage|p1b: Tyranitar|2/100
|move|p1a: Staraptor|Tailwind|p1a: Staraptor
|-sidestart|p1: r00mservice7|move: Tailwind
|move|p1b: Tyranitar|Rock Slide|p2a: Meganium|[spread] p2a,p2b
|-supereffective|p2b: Pelipper|1
|-damage|p2a: Meganium|72/100
|-damage|p2b: Pelipper|15/100
|
|-weather|Sandstorm|[upkeep]
|-damage|p1a: Staraptor|46/100|[from] Sandstorm
|-damage|p2b: Pelipper|9/100|[from] Sandstorm
|-damage|p2a: Meganium|67/100|[from] Sandstorm
|upkeep
|turn|3
|inactive|r00mservice7 has 30 seconds left.
|inactive|sad35 has 30 seconds left.
|
|t:|1784754097
|switch|p1b: Gholdengo|Gholdengo, L50|100/100
|move|p2a: Meganium|Protect|p2a: Meganium
|-singleturn|p2a: Meganium|Protect
|move|p1a: Staraptor|Close Combat|p2b: Pelipper
|-resisted|p2b: Pelipper|1
|-damage|p2b: Pelipper|0 fnt
|-boost|p1a: Staraptor|def|1
|-boost|p1a: Staraptor|spd|1
|faint|p2b: Pelipper
|
|-weather|Sandstorm|[upkeep]
|-damage|p1a: Staraptor|40/100|[from] Sandstorm
|-damage|p2a: Meganium|61/100|[from] Sandstorm
|upkeep
|
|t:|1784754104
|switch|p2b: Basculegion|Basculegion, L50, M|100/100
|turn|4
|
|t:|1784754126
|move|p1b: Gholdengo|Protect|p1b: Gholdengo
|-singleturn|p1b: Gholdengo|Protect
|move|p1a: Staraptor|Brave Bird|p2a: Meganium
|-supereffective|p2a: Meganium|1
|-damage|p2a: Meganium|0 fnt
|faint|p2a: Meganium
|-damage|p1a: Staraptor|23/100|[from] Recoil
|move|p2b: Basculegion|Last Respects|p1a: Staraptor
|-damage|p1a: Staraptor|0 fnt
|faint|p1a: Staraptor
|-damage|p2b: Basculegion|90/100|[from] item: Life Orb
|
|-weather|Sandstorm|[upkeep]
|-damage|p2b: Basculegion|84/100|[from] Sandstorm
|-sideend|p2: sad35|move: Tailwind
|upkeep
|
|t:|1784754143
|switch|p1a: Tyranitar|Tyranitar, L50, F|2/100
|turn|5
|
|t:|1784754151
|move|p1a: Tyranitar|Knock Off|p2b: Basculegion
|-supereffective|p2b: Basculegion|1
|-damage|p2b: Basculegion|0 fnt
|-enditem|p2b: Basculegion|Life Orb|[from] move: Knock Off|[of] p1a: Tyranitar
|faint|p2b: Basculegion
|
|win|r00mservice7
|raw|r00mservice7's rating: 1148 → 1171(+23 for winning)
|raw|sad35's rating: 1125 → 1102(-23 for losing)
|l|☆sad35
|player|p2|
