|j|☆SomeKidJon
|j|☆Lucario Palworld
|html|SomeKidJonLucario Palworld    
|uhtml|bestof|Game 1 of a best-of-3
|t:|1757810801
|gametype|doubles
|player|p1|SomeKidJon|scientistf|1338
|player|p2|Lucario Palworld|169|1428
|gen|9
|tier|[Gen 9] VGC 2025 Reg H (Bo3)
|rated|
|rule|Species Clause: Limit one of each Pokémon
|rule|Item Clause: Limit 1 of each item
|clearpoke
|poke|p1|Zoroark-Hisui, L50, M|
|poke|p1|Rillaboom, L50, M|
|poke|p1|Basculegion, L50, M|
|poke|p1|Pelipper, L50, M|
|poke|p1|Kingambit, L50, F|
|poke|p1|Farigiraf, L50, M|
|poke|p2|Whimsicott, L50, F|
|poke|p2|Pelipper, L50, M|
|poke|p2|Tatsugiri, L50, F|
|poke|p2|Dondozo, L50, F|
|poke|p2|Gholdengo, L50|
|poke|p2|Perrserker, L50, M|
|teampreview|4
|showteam|p1|Zoroark-Hisui||ChoiceSpecs|Illusion|HyperVoice,TeraBlast,ShadowBall,Trick|||M|||50|,,,,,Stellar]Rillaboom||AssaultVest|GrassySurge|FakeOut,GrassyGlide,WoodHammer,HighHorsepower|||M|||50|,,,,,Fire]Basculegion||ChoiceBand|SwiftSwim|WaveCrash,AquaJet,LastRespects,FlipTurn|||M|||50|,,,,,Water]Pelipper||FocusSash|Drizzle|Hurricane,WeatherBall,HelpingHand,Tailwind|||M|||50|,,,,,Flying]Kingambit||ChopleBerry|Defiant|SuckerPunch,KowtowCleave,SwordsDance,LowKick|||F|||50|,,,,,Dark]Farigiraf||SitrusBerry|ArmorTail|TwinBeam,FoulPlay,TrickRoom,HelpingHand|||M|||50|,,,,,Bug
|showteam|p2|Whimsicott||CovertCloak|Prankster|Moonblast,LightScreen,Tailwind,Encore|||F|||50|,,,,,Fire]Pelipper||FocusSash|Drizzle|Hurricane,WeatherBall,Tailwind,WideGuard|||M|||50|,,,,,Ghost]Tatsugiri||ChoiceScarf|Commander|MuddyWater,DracoMeteor,DragonPulse,IcyWind|||F|||50|,,,,,Steel]Dondozo||ClearAmulet|Unaware|Earthquake,WaveCrash,OrderUp,Protect|||F|||50|,,,,,Grass]Gholdengo||ChoiceSpecs|GoodasGold|ShadowBall,MakeItRain,FocusBlast,Thunderbolt||||||50|,,,,,Steel]Perrserker||ChopleBerry|SteelySpirit|FakeOut,IronHead,Taunt,KnockOff|||M|||50|,,,,,Steel
|
|t:|1757810853
|teamsize|p1|4
|teamsize|p2|4
|start
|switch|p1a: Sciel|Basculegion, L50, M|100/100
|switch|p1b: Maelle|Kingambit, L50, F, shiny|100/100
|switch|p2a: Gholdengo|Gholdengo, L50|100/100
|switch|p2b: Whimsicott|Whimsicott, L50, F|100/100
|turn|1
|
|t:|1757810872
|-terastallize|p2a: Gholdengo|Steel
|-terastallize|p1a: Sciel|Water
|move|p2b: Whimsicott|Tailwind|p2b: Whimsicott
|-sidestart|p2: Lucario Palworld|move: Tailwind
|move|p1a: Sciel|Aqua Jet|p2a: Gholdengo
|-damage|p2a: Gholdengo|55/100
|move|p1b: Maelle|Sucker Punch|p2a: Gholdengo
|-damage|p2a: Gholdengo|15/100
|move|p2a: Gholdengo|Make It Rain|p1b: Maelle|[spread] p1a,p1b
|-resisted|p1a: Sciel
|-resisted|p1b: Maelle
|-damage|p1a: Sciel|39/100
|-damage|p1b: Maelle|53/100
|-unboost|p2a: Gholdengo|spa|1
|
|upkeep
|turn|2
|
|t:|1757810898
|switch|p2a: Dondozo|Dondozo, L50, F|100/100
|switch|p1b: Farigiraf|Farigiraf, L50, M|100/100
|move|p1a: Sciel|Aqua Jet|p2a: Dondozo
|-resisted|p2a: Dondozo
|-damage|p2a: Dondozo|85/100
|move|p2b: Whimsicott|Moonblast|p1a: Sciel
|-damage|p1a: Sciel|0 fnt
|faint|p1a: Sciel
|
|upkeep
|
|t:|1757810904
|switch|p1a: Monoco|Rillaboom, L50, M|100/100
|-fieldstart|move: Grassy Terrain|[from] ability: Grassy Surge|[of] p1a: Monoco
|turn|3
|
|t:|1757810927
|move|p2a: Dondozo|Protect|p2a: Dondozo
|-singleturn|p2a: Dondozo|Protect
|move|p2b: Whimsicott|Moonblast|p1a: Monoco
|-damage|p1a: Monoco|77/100
|-unboost|p1a: Monoco|spa|1
|move|p1a: Monoco|Wood Hammer|p2a: Dondozo
|-activate|p2a: Dondozo|move: Protect
|move|p1b: Farigiraf|Trick Room|p1b: Farigiraf
|-fieldstart|move: Trick Room|[of] p1b: Farigiraf
|
|-heal|p1a: Monoco|83/100|[from] Grassy Terrain
|-heal|p2a: Dondozo|92/100|[from] Grassy Terrain
|upkeep
|turn|4
|
|t:|1757810943
|switch|p2b: Tatsugiri|Tatsugiri, L50, F|100/100
|-activate|p2b: Tatsugiri|ability: Commander|[of] p2a: Dondozo
|-boost|p2a: Dondozo|atk|2
|-boost|p2a: Dondozo|spa|2
|-boost|p2a: Dondozo|spe|2
|-boost|p2a: Dondozo|def|2
|-boost|p2a: Dondozo|spd|2
|move|p1b: Farigiraf|Foul Play|p2a: Dondozo
|-damage|p2a: Dondozo|80/100
|move|p1a: Monoco|Wood Hammer|p2a: Dondozo
|-supereffective|p2a: Dondozo
|-damage|p2a: Dondozo|22/100
|-damage|p1a: Monoco|60/100|[from] Recoil
|move|p2a: Dondozo|Wave Crash|p1b: Farigiraf
|-damage|p1b: Farigiraf|6/100
|-enditem|p1b: Farigiraf|Sitrus Berry|[eat]
|-heal|p1b: Farigiraf|31/100|[from] item: Sitrus Berry
|-damage|p2a: Dondozo|0 fnt|[from] Recoil
|faint|p2a: Dondozo
|
|-heal|p1b: Farigiraf|37/100|[from] Grassy Terrain
|-heal|p1a: Monoco|66/100|[from] Grassy Terrain
|-sideend|p2: Lucario Palworld|move: Tailwind
|upkeep
|
|t:|1757810965
|switch|p2a: Whimsicott|Whimsicott, L50, F|100/100
|turn|5
|
|t:|1757810984
|move|p1b: Farigiraf|Helping Hand|p1a: Monoco
|-singleturn|p1a: Monoco|Helping Hand|[of] p1b: Farigiraf
|move|p1a: Monoco|Wood Hammer|p2b: Tatsugiri
|-damage|p2b: Tatsugiri|0 fnt
|faint|p2b: Tatsugiri
|-damage|p1a: Monoco|41/100|[from] Recoil
|move|p2a: Whimsicott|Moonblast|p1b: Farigiraf
|-damage|p1b: Farigiraf|4/100
|
|-heal|p1b: Farigiraf|10/100|[from] Grassy Terrain
|-heal|p1a: Monoco|48/100|[from] Grassy Terrain
|upkeep
|
|t:|1757810994
|switch|p2b: Gholdengo|Gholdengo, L50, tera:Steel|15/100
|turn|6
|
|t:|1757811001
|move|p1b: Farigiraf|Twin Beam|p2a: Whimsicott
|-damage|p2a: Whimsicott|73/100
|-damage|p2a: Whimsicott|46/100
|-hitcount|p2a: Whimsicott|2
|move|p1a: Monoco|High Horsepower|p2b: Gholdengo
|-supereffective|p2b: Gholdengo
|-damage|p2b: Gholdengo|0 fnt
|faint|p2b: Gholdengo
|move|p2a: Whimsicott|Moonblast|p1b: Farigiraf
|-damage|p1b: Farigiraf|0 fnt
|faint|p1b: Farigiraf
|
|-heal|p1a: Monoco|54/100|[from] Grassy Terrain
|-heal|p2a: Whimsicott|52/100|[from] Grassy Terrain
|upkeep
|
|t:|1757811007
|switch|p1b: Maelle|Kingambit, L50, F, shiny|53/100
|turn|7
|
|t:|1757811012
|move|p1b: Maelle|Kowtow Cleave|p2a: Whimsicott
|-resisted|p2a: Whimsicott
|-damage|p2a: Whimsicott|17/100
|move|p1a: Monoco|Wood Hammer|p2a: Whimsicott
|-resisted|p2a: Whimsicott
|-damage|p2a: Whimsicott|0 fnt
|faint|p2a: Whimsicott
|-damage|p1a: Monoco|50/100|[from] Recoil
|
|win|SomeKidJon
||SomeKidJon is ready for game 2.
||Lucario Palworld is ready for game 2.
|uhtml|next|Next: Game 2 of 3
|l|☆Lucario Palworld
|player|p2|
|l|☆SomeKidJon
|player|p1|
