|j|☆nathjay
|j|☆iliteratepineapple
|html|nathjayiliteratepineapple    
|uhtml|bestof|Game 2 of a best-of-3
|t:|1756644198
|gametype|doubles
|player|p1|nathjay|265|1044
|player|p2|iliteratepineapple|1|1132
|gen|9
|tier|[Gen 9] VGC 2025 Reg H (Bo3)
|rated|
|rule|Species Clause: Limit one of each Pokémon
|rule|Item Clause: Limit 1 of each item
|clearpoke
|poke|p1|Ninetales-Alola, L50, F|
|poke|p1|Baxcalibur, L50, F|
|poke|p1|Sinistcha-Masterpiece, L50|
|poke|p1|Incineroar, L50, M|
|poke|p1|Annihilape, L50, M|
|poke|p1|Murkrow, L50, M|
|poke|p2|Basculegion, L50, M|
|poke|p2|Rillaboom, L50, F|
|poke|p2|Volcarona, L50, M|
|poke|p2|Murkrow, L50, M|
|poke|p2|Gholdengo, L50|
|poke|p2|Grimmsnarl, L50, M|
|teampreview|4
|showteam|p1|Ninetales-Alola||LightClay|SnowWarning|FreezeDry,AuroraVeil,Moonblast,Protect|||F|||50|,,,,,Water]Baxcalibur||LoadedDice|ThermalExchange|IcicleSpear,IceShard,ScaleShot,Protect|||F|||50|,,,,,Dragon]Sinistcha-Masterpiece||BigRoot|Hospitality|MatchaGotcha,ShadowBall,StrengthSap,Protect||||||50|,,,,,Fire]Incineroar||SafetyGoggles|Intimidate|KnockOff,PartingShot,FakeOut,FlareBlitz|||M|||50|,,,,,Bug]Annihilape||ChoiceScarf|Defiant|PhantomForce,FinalGambit,CloseCombat,RockSlide|||M|||50|,,,,,Rock]Murkrow||Eviolite|Prankster|FoulPlay,Haze,Quash,Tailwind|||M|||50|,,,,,Dark
|showteam|p2|Basculegion||LifeOrb|Adaptability|WaveCrash,LastRespects,AquaJet,Protect|||M|||50|,,,,,Water]Rillaboom||AssaultVest|GrassySurge|WoodHammer,GrassyGlide,HighHorsepower,FakeOut|||F|||50|,,,,,Fire]Volcarona||SitrusBerry|FlameBody|HeatWave,StruggleBug,RagePowder,Protect|||M|||50|,,,,,Fairy]Murkrow||Eviolite|Prankster|DualWingbeat,Tailwind,RainDance,Protect|||M|||50|,,,,,Ghost]Gholdengo||Leftovers|GoodasGold|MakeItRain,ShadowBall,NastyPlot,Protect||||||50|,,,,,Dragon]Grimmsnarl||LightClay|Prankster|SpiritBreak,LightScreen,Reflect,ThunderWave|||M|||50|,,,,,Grass
|inactive|Battle timer is ON: inactive players will automatically lose when time's up. (requested by nathjay)
|
|t:|1756644238
|teamsize|p1|4
|teamsize|p2|4
|start
|switch|p1a: Annihilape|Annihilape, L50, M|100/100
|switch|p1b: Murkrow|Murkrow, L50, M|100/100
|switch|p2a: Basculegion|Basculegion, L50, M|100/100
|switch|p2b: Murkrow|Murkrow, L50, M|100/100
|turn|1
|inactive|iliteratepineapple has 30 seconds left.
|inactive|iliteratepineapple has 20 seconds left.
|inactive|iliteratepineapple has 15 seconds left.
|inactive|iliteratepineapple has 10 seconds left.
|inactive|iliteratepineapple has 5 seconds left.
|
|t:|1756644292
|-terastallize|p2b: Murkrow|Ghost
|move|p2b: Murkrow|Rain Dance|p2b: Murkrow
|-weather|RainDance
|move|p1b: Murkrow|Tailwind|p1b: Murkrow
|-sidestart|p1: nathjay|move: Tailwind
|move|p1a: Annihilape|Rock Slide|p2b: Murkrow|[spread] p2a,p2b
|-damage|p2a: Basculegion|86/100
|-damage|p2b: Murkrow|80/100
|cant|p2a: Basculegion|flinch
|
|-weather|RainDance|[upkeep]
|upkeep
|turn|2
|
|t:|1756644310
|switch|p1a: Ninetales|Ninetales-Alola, L50, F|100/100
|-weather|Snowscape|[from] ability: Snow Warning|[of] p1a: Ninetales
|move|p2a: Basculegion|Protect|p2a: Basculegion
|-singleturn|p2a: Basculegion|Protect
|move|p2b: Murkrow|Tailwind|p2b: Murkrow
|-sidestart|p2: iliteratepineapple|move: Tailwind
|move|p1b: Murkrow|Foul Play|p2a: Basculegion
|-activate|p2a: Basculegion|move: Protect
|
|-weather|Snowscape|[upkeep]
|upkeep
|turn|3
|
|t:|1756644329
|move|p2b: Murkrow|Rain Dance|p2b: Murkrow
|-weather|RainDance
|move|p1a: Ninetales|Freeze-Dry|p2a: Basculegion
|-supereffective|p2a: Basculegion
|-damage|p2a: Basculegion|36/100
|move|p1b: Murkrow|Foul Play|p2a: Basculegion
|-supereffective|p2a: Basculegion
|-damage|p2a: Basculegion|0 fnt
|faint|p2a: Basculegion
|
|-weather|RainDance|[upkeep]
|upkeep
|
|t:|1756644340
|switch|p2a: Gholdengo|Gholdengo, L50|100/100
|turn|4
|
|t:|1756644356
|move|p1a: Ninetales|Protect|p1a: Ninetales
|-singleturn|p1a: Ninetales|Protect
|move|p2a: Gholdengo|Make It Rain|p1b: Murkrow|[spread] p1b
|-activate|p1a: Ninetales|move: Protect
|-damage|p1b: Murkrow|52/100
|-unboost|p2a: Gholdengo|spa|1
|move|p2b: Murkrow|Dual Wingbeat|p1a: Ninetales
|-activate|p1a: Ninetales|move: Protect
|move|p1b: Murkrow|Foul Play|p2a: Gholdengo
|-supereffective|p2a: Gholdengo
|-damage|p2a: Gholdengo|69/100
|
|-weather|RainDance|[upkeep]
|-heal|p2a: Gholdengo|75/100|[from] item: Leftovers
|-sideend|p1: nathjay|move: Tailwind
|upkeep
|turn|5
|
|t:|1756644374
|switch|p1a: Annihilape|Annihilape, L50, M|100/100
|move|p2a: Gholdengo|Nasty Plot|p2a: Gholdengo
|-boost|p2a: Gholdengo|spa|2
|move|p2b: Murkrow|Dual Wingbeat|p1a: Annihilape
|-supereffective|p1a: Annihilape
|-damage|p1a: Annihilape|67/100
|-supereffective|p1a: Annihilape
|-damage|p1a: Annihilape|36/100
|-hitcount|p1a: Annihilape|2
|move|p1b: Murkrow|Foul Play|p2a: Gholdengo
|-supereffective|p2a: Gholdengo
|-damage|p2a: Gholdengo|40/100
|
|-weather|RainDance|[upkeep]
|-heal|p2a: Gholdengo|46/100|[from] item: Leftovers
|-sideend|p2: iliteratepineapple|move: Tailwind
|upkeep
|turn|6
|
|t:|1756644397
|move|p2a: Gholdengo|Protect|p2a: Gholdengo
|-singleturn|p2a: Gholdengo|Protect
|move|p1b: Murkrow|Tailwind|p1b: Murkrow
|-sidestart|p1: nathjay|move: Tailwind
|move|p1a: Annihilape|Phantom Force||[still]
|-prepare|p1a: Annihilape|Phantom Force
|move|p2b: Murkrow|Dual Wingbeat|p1a: Annihilape|[miss]
|-miss|p2b: Murkrow|p1a: Annihilape
|
|-weather|RainDance|[upkeep]
|-heal|p2a: Gholdengo|52/100|[from] item: Leftovers
|upkeep
|turn|7
|
|t:|1756644417
|switch|p1b: Ninetales|Ninetales-Alola, L50, F|100/100
|-weather|Snowscape|[from] ability: Snow Warning|[of] p1b: Ninetales
|switch|p2a: Grimmsnarl|Grimmsnarl, L50, M|100/100
|move|p1a: Annihilape|Phantom Force|p2a: Grimmsnarl|[from] lockedmove
|-resisted|p2a: Grimmsnarl
|-damage|p2a: Grimmsnarl|80/100
|move|p2b: Murkrow|Dual Wingbeat|p1a: Annihilape
|-supereffective|p1a: Annihilape
|-damage|p1a: Annihilape|2/100
|-supereffective|p1a: Annihilape
|-damage|p1a: Annihilape|0 fnt
|faint|p1a: Annihilape
|-hitcount|p1: Annihilape|2
|
|-weather|Snowscape|[upkeep]
|upkeep
|
|t:|1756644423
|switch|p1a: Baxcalibur|Baxcalibur, L50, F|100/100
|turn|8
|inactive|iliteratepineapple has 30 seconds left.
|inactive|iliteratepineapple has 20 seconds left.
|inactive|iliteratepineapple has 15 seconds left.
|inactive|iliteratepineapple has 10 seconds left.
|
|t:|1756644469
|move|p2b: Murkrow|Tailwind|p2b: Murkrow
|-sidestart|p2: iliteratepineapple|move: Tailwind
|move|p2a: Grimmsnarl|Reflect|p2a: Grimmsnarl
|-sidestart|p2: iliteratepineapple|Reflect
|move|p1b: Ninetales|Moonblast|p2a: Grimmsnarl
|-supereffective|p2a: Grimmsnarl
|-damage|p2a: Grimmsnarl|29/100
|-unboost|p2a: Grimmsnarl|spa|1
|move|p1a: Baxcalibur|Scale Shot|p2b: Murkrow
|-damage|p2b: Murkrow|66/100
|-damage|p2b: Murkrow|51/100
|-damage|p2b: Murkrow|38/100
|-damage|p2b: Murkrow|24/100
|-hitcount|p2b: Murkrow|4
|-unboost|p1a: Baxcalibur|def|1
|-boost|p1a: Baxcalibur|spe|1
|
|-weather|Snowscape|[upkeep]
|upkeep
|turn|9
|inactive|iliteratepineapple has 30 seconds left.
|
|t:|1756644499
|move|p2b: Murkrow|Protect|p2b: Murkrow
|-singleturn|p2b: Murkrow|Protect
|move|p2a: Grimmsnarl|Thunder Wave|p1a: Baxcalibur
|-status|p1a: Baxcalibur|par
|move|p1b: Ninetales|Moonblast|p2a: Grimmsnarl
|-supereffective|p2a: Grimmsnarl
|-damage|p2a: Grimmsnarl|0 fnt
|faint|p2a: Grimmsnarl
|move|p1a: Baxcalibur|Scale Shot|p2b: Murkrow
|-activate|p2b: Murkrow|move: Protect
|
|-weather|Snowscape|[upkeep]
|-sideend|p1: nathjay|move: Tailwind
|upkeep
|
|t:|1756644512
|switch|p2a: Gholdengo|Gholdengo, L50|52/100
|turn|10
|
|t:|1756644532
|move|p1b: Ninetales|Protect|p1b: Ninetales
|-singleturn|p1b: Ninetales|Protect
|move|p1a: Baxcalibur|Protect|p1a: Baxcalibur
|-singleturn|p1a: Baxcalibur|Protect
|move|p2a: Gholdengo|Make It Rain|p1a: Baxcalibur|[spread] 
|-activate|p1a: Baxcalibur|move: Protect
|-activate|p1b: Ninetales|move: Protect
|move|p2b: Murkrow|Dual Wingbeat|p1a: Baxcalibur
|-activate|p1a: Baxcalibur|move: Protect
|
|-weather|Snowscape|[upkeep]
|-heal|p2a: Gholdengo|58/100|[from] item: Leftovers
|upkeep
|turn|11
|
|t:|1756644556
|move|p2a: Gholdengo|Make It Rain|p1a: Baxcalibur|[spread] p1a,p1b
|-supereffective|p1a: Baxcalibur
|-supereffective|p1b: Ninetales
|-damage|p1a: Baxcalibur|14/100 par
|-damage|p1b: Ninetales|0 fnt
|-unboost|p2a: Gholdengo|spa|1
|faint|p1b: Ninetales
|move|p2b: Murkrow|Dual Wingbeat|p1a: Baxcalibur
|-damage|p1a: Baxcalibur|0 fnt
|faint|p1a: Baxcalibur
|-hitcount|p1: Baxcalibur|1
|
|-weather|none
|-heal|p2a: Gholdengo|65/100|[from] item: Leftovers
|-sideend|p2: iliteratepineapple|move: Tailwind
|upkeep
|-message|nathjay forfeited.
|
|win|iliteratepineapple
|raw|nathjay's rating: 1044 → 1032(-12 for losing)
|raw|iliteratepineapple's rating: 1132 → 1151(+19 for winning)
|l|☆nathjay
|player|p1|
|c|☆iliteratepineapple|ggwp
