|j|☆EchoShadowYT
|j|☆wingblade33
|html|EchoShadowYTwingblade33    
|uhtml|bestof|Game 2 of a best-of-3
|t:|1786048194
|gametype|doubles
|player|p1|EchoShadowYT|skierf|1353
|player|p2|wingblade33|102|1253
|gen|9
|tier|[Gen 9 Champions] VGC 2026 Reg M-B (Bo3)
|rated|
|rule|Species Clause: Limit one of each Pokémon
|rule|Item Clause: Limit 1 of each item
|clearpoke
|poke|p1|Pyroar, L50, M|
|poke|p1|Vileplume, L50, F|
|poke|p1|Torkoal, L50, F|
|poke|p1|Incineroar, L50, F|
|poke|p1|Floette-Eternal, L50, F|
|poke|p1|Farigiraf, L50, M|
|poke|p2|Tyranitar, L50, F|
|poke|p2|Sylveon, L50, M|
|poke|p2|Farigiraf, L50, M|
|poke|p2|Gholdengo, L50|
|poke|p2|Excadrill, L50, F|
|poke|p2|Staraptor, L50, F|
|teampreview|4
|showteam|p1|Pyroar||Pyroarite|Unnerve|Protect,Overheat,HeatWave,SolarBeam|Timid||M|||50|]Vileplume||FocusSash|Chlorophyll|SleepPowder,AfterYou,SludgeBomb,SolarBeam|Timid||F|||50|]Torkoal||Charcoal|Drought|Protect,HelpingHand,Eruption,WeatherBall|Quiet||F|||50|]Incineroar||WhiteHerb|Intimidate|FakeOut,FlareBlitz,DarkestLariat,CloseCombat|Brave||F|||50|]Floette-Eternal||Floettite|FlowerVeil|Protect,CalmMind,Moonblast,DrainingKiss|Modest||F|||50|]Farigiraf||SitrusBerry|ArmorTail|HelpingHand,TrickRoom,Psychic,Thunderbolt|Relaxed||M|||50|
|showteam|p2|Tyranitar||Tyranitarite|SandStream|KnockOff,DragonDance,RockSlide,Protect|Adamant||F|||50|]Sylveon||FairyFeather|Pixilate|HyperVoice,Detect,HyperBeam,Yawn|Modest||M|||50|]Farigiraf||SitrusBerry|ArmorTail|Psychic,TrickRoom,Roar,Protect|Modest||M|||50|]Gholdengo||LifeOrb|GoodasGold|MakeItRain,ShadowBall,NastyPlot,Protect|Modest|||||50|]Excadrill||FocusSash|SandRush|HighHorsepower,IronHead,RockSlide,Protect|Adamant||F|||50|]Staraptor||Staraptite|Intimidate|CloseCombat,BraveBird,Tailwind,Protect|Jolly||F|||50|
|inactive|Battle timer is ON: inactive players will automatically lose when time's up. (requested by EchoShadowYT)
|inactive|wingblade33 has 60 seconds left.
|
|t:|1786048226
|teamsize|p1|4
|teamsize|p2|4
|start
|switch|p1a: Pyroar|Pyroar, L50, M|100/100
|switch|p1b: Incineroar|Incineroar, L50, F|100/100
|switch|p2a: Tyranitar|Tyranitar, L50, F|100/100
|switch|p2b: Excadrill|Excadrill, L50, F|100/100
|-ability|p1a: Pyroar|Unnerve
|-weather|Sandstorm|[from] ability: Sand Stream|[of] p2a: Tyranitar
|-ability|p1b: Incineroar|Intimidate|boost
|-unboost|p2a: Tyranitar|atk|1
|-unboost|p2b: Excadrill|atk|1
|turn|1
|inactive|EchoShadowYT has 30 seconds left.
|inactive|EchoShadowYT has 20 seconds left.
|inactive|EchoShadowYT has 15 seconds left.
|
|t:|1786048269
|switch|p2a: Farigiraf|Farigiraf, L50, M|100/100
|detailschange|p1a: Pyroar|Pyroar-Mega, L50, M
|-mega|p1a: Pyroar|Pyroar|Pyroarite
|move|p1b: Incineroar|Fake Out||[still]
|cant|p2a: Farigiraf|ability: Armor Tail|Fake Out|[of] p1b: Incineroar
|move|p2b: Excadrill|Rock Slide|p1a: Pyroar|[spread] p1a,p1b
|-supereffective|p1a: Pyroar|1
|-supereffective|p1b: Incineroar|1
|-damage|p1a: Pyroar|64/100
|-damage|p1b: Incineroar|73/100
|move|p1a: Pyroar|Heat Wave|p2a: Farigiraf|[spread] p2a,p2b
|-supereffective|p2b: Excadrill|1
|-crit|p2b: Excadrill
|-damage|p2a: Farigiraf|37/100
|-enditem|p2b: Excadrill|Focus Sash
|-damage|p2b: Excadrill|1/100
|-enditem|p2a: Farigiraf|Sitrus Berry|[eat]
|-heal|p2a: Farigiraf|62/100|[from] item: Sitrus Berry
|
|-weather|Sandstorm|[upkeep]
|-damage|p1a: Pyroar|58/100|[from] Sandstorm
|-damage|p2a: Farigiraf|55/100|[from] Sandstorm
|-damage|p1b: Incineroar|67/100|[from] Sandstorm
|upkeep
|turn|2
|inactive|wingblade33 has 30 seconds left.
|inactive|wingblade33 has 20 seconds left.
|inactive|wingblade33 has 15 seconds left.
|inactive|wingblade33 has 10 seconds left.
|
|t:|1786048317
|switch|p1b: Torkoal|Torkoal, L50, F|100/100
|-weather|SunnyDay|[from] ability: Drought|[of] p1b: Torkoal
|move|p1a: Pyroar|Heat Wave|p2b: Excadrill|[spread] p2a,p2b
|-supereffective|p2b: Excadrill|1
|-damage|p2a: Farigiraf|0 fnt
|-damage|p2b: Excadrill|0 fnt
|faint|p2a: Farigiraf
|faint|p2b: Excadrill
|
|-weather|SunnyDay|[upkeep]
|upkeep
|
|t:|1786048329
|switch|p2b: Sylveon|Sylveon, L50, M|100/100
|switch|p2a: Tyranitar|Tyranitar, L50, F|100/100
|-weather|Sandstorm|[from] ability: Sand Stream|[of] p2a: Tyranitar
|turn|3
|
|t:|1786048345
|switch|p1b: Incineroar|Incineroar, L50, F|67/100
|-ability|p1b: Incineroar|Intimidate|boost
|-unboost|p2a: Tyranitar|atk|1
|-unboost|p2b: Sylveon|atk|1
|move|p1a: Pyroar|Protect|p1a: Pyroar
|-singleturn|p1a: Pyroar|Protect
|move|p2a: Tyranitar|Rock Slide|p1b: Incineroar|[spread] p1b
|-activate|p1a: Pyroar|move: Protect
|-supereffective|p1b: Incineroar|1
|-damage|p1b: Incineroar|33/100
|move|p2b: Sylveon|Yawn|p1a: Pyroar
|-activate|p1a: Pyroar|move: Protect
|
|-weather|Sandstorm|[upkeep]
|-damage|p1a: Pyroar|52/100|[from] Sandstorm
|-damage|p2b: Sylveon|94/100|[from] Sandstorm
|-damage|p1b: Incineroar|27/100|[from] Sandstorm
|upkeep
|turn|4
|
|t:|1786048364
|move|p2a: Tyranitar|Protect|p2a: Tyranitar
|-singleturn|p2a: Tyranitar|Protect
|move|p2b: Sylveon|Detect|p2b: Sylveon
|-singleturn|p2b: Sylveon|Protect
|move|p1b: Incineroar|Fake Out|p2a: Tyranitar
|-activate|p2a: Tyranitar|move: Protect
|move|p1a: Pyroar|Overheat|p2b: Sylveon
|-activate|p2b: Sylveon|move: Protect
|
|-weather|Sandstorm|[upkeep]
|-damage|p1a: Pyroar|46/100|[from] Sandstorm
|-damage|p2b: Sylveon|88/100|[from] Sandstorm
|-damage|p1b: Incineroar|21/100|[from] Sandstorm
|upkeep
|turn|5
|
|t:|1786048388
|switch|p1b: Vileplume|Vileplume, L50, F|100/100
|move|p1a: Pyroar|Protect|p1a: Pyroar
|-singleturn|p1a: Pyroar|Protect
|move|p2a: Tyranitar|Rock Slide|p1b: Vileplume|[spread] p1b
|-activate|p1a: Pyroar|move: Protect
|-damage|p1b: Vileplume|71/100
|move|p2b: Sylveon|Hyper Voice|p1b: Vileplume|[spread] p1b
|-activate|p1a: Pyroar|move: Protect
|-resisted|p1b: Vileplume|1
|-damage|p1b: Vileplume|42/100
|
|-weather|Sandstorm|[upkeep]
|-damage|p1a: Pyroar|39/100|[from] Sandstorm
|-damage|p1b: Vileplume|36/100|[from] Sandstorm
|-damage|p2b: Sylveon|82/100|[from] Sandstorm
|upkeep
|turn|6
|inactive|wingblade33 has 30 seconds left.
|inactive|wingblade33 has 20 seconds left.
|
|t:|1786048425
|switch|p1a: Torkoal|Torkoal, L50, F|100/100
|-weather|SunnyDay|[from] ability: Drought|[of] p1a: Torkoal
|detailschange|p2a: Tyranitar|Tyranitar-Mega, L50, F
|-mega|p2a: Tyranitar|Tyranitar|Tyranitarite
|-weather|Sandstorm|[from] ability: Sand Stream|[of] p2a: Tyranitar
|move|p2a: Tyranitar|Rock Slide|p1a: Torkoal|[spread] p1a,p1b
|-supereffective|p1a: Torkoal|1
|-damage|p1a: Torkoal|66/100
|-damage|p1b: Vileplume|7/100
|move|p1b: Vileplume|Sleep Powder|p2a: Tyranitar
|-status|p2a: Tyranitar|slp|[from] move: Sleep Powder
|move|p2b: Sylveon|Hyper Voice|p1b: Vileplume|[spread] p1a,p1b
|-resisted|p1a: Torkoal|1
|-resisted|p1b: Vileplume|1
|-damage|p1a: Torkoal|35/100
|-damage|p1b: Vileplume|0 fnt
|faint|p1b: Vileplume
|
|-weather|Sandstorm|[upkeep]
|-damage|p2b: Sylveon|76/100|[from] Sandstorm
|-damage|p1a: Torkoal|29/100|[from] Sandstorm
|upkeep
|
|t:|1786048443
|switch|p1b: Incineroar|Incineroar, L50, F|21/100
|-ability|p1b: Incineroar|Intimidate|boost
|-unboost|p2a: Tyranitar|atk|1
|-unboost|p2b: Sylveon|atk|1
|turn|7
|
|t:|1786048455
|switch|p1a: Pyroar|Pyroar-Mega, L50, M|39/100
|move|p1b: Incineroar|Fake Out|p2b: Sylveon
|-damage|p2b: Sylveon|59/100
|cant|p2a: Tyranitar|slp
|cant|p2b: Sylveon|flinch
|
|-weather|Sandstorm|[upkeep]
|-damage|p1a: Pyroar|33/100|[from] Sandstorm
|-damage|p2b: Sylveon|53/100|[from] Sandstorm
|-damage|p1b: Incineroar|15/100|[from] Sandstorm
|upkeep
|turn|8
|
|t:|1786048468
|move|p1a: Pyroar|Overheat|p2b: Sylveon
|-damage|p2b: Sylveon|0 fnt
|-unboost|p1a: Pyroar|spa|2
|faint|p2b: Sylveon
|-curestatus|p2a: Tyranitar|slp|[msg]
|move|p2a: Tyranitar|Rock Slide|p1b: Incineroar|[spread] p1a,p1b
|-supereffective|p1a: Pyroar|1
|-supereffective|p1b: Incineroar|1
|-damage|p1a: Pyroar|0 fnt
|-damage|p1b: Incineroar|0 fnt
|faint|p1a: Pyroar
|faint|p1b: Incineroar
|
|-weather|Sandstorm|[upkeep]
|upkeep
|
|t:|1786048480
|switch|p1b: Torkoal|Torkoal, L50, F|29/100
|-weather|SunnyDay|[from] ability: Drought|[of] p1b: Torkoal
|turn|9
|
|t:|1786048487
|move|p2a: Tyranitar|Knock Off|p1b: Torkoal
|-damage|p1b: Torkoal|8/100
|-enditem|p1b: Torkoal|Charcoal|[from] move: Knock Off|[of] p2a: Tyranitar
|move|p1b: Torkoal|Weather Ball|p2a: Tyranitar
|-resisted|p2a: Tyranitar|1
|-damage|p2a: Tyranitar|75/100
|
|-weather|SunnyDay|[upkeep]
|upkeep
|turn|10
|-message|EchoShadowYT forfeited.
|
|win|wingblade33
||EchoShadowYT is ready for game 3.
||wingblade33 is ready for game 3.
|uhtml|next|Next: Game 3 of 3
|l|☆EchoShadowYT
|player|p1|
|l|☆wingblade33
|player|p2|
|j|☆EchoShadowYT
|player|p1|EchoShadowYT|skierf|
