|j|â˜†blayneh
|j|â˜†MinasDevilCrobats
|html|blaynehMinasDevilCrobats    
|uhtml|bestof|Game 1 of a best-of-3
|t:|1757045555
|gametype|doubles
|player|p1|blayneh|1|1042
|player|p2|MinasDevilCrobats|darach-caitlin|1144
|gen|9
|tier|[Gen 9] VGC 2025 Reg H (Bo3)
|rated|
|rule|Species Clause: Limit one of each PokÃ©mon
|rule|Item Clause: Limit 1 of each item
|clearpoke
|poke|p1|Murkrow, L50, M|
|poke|p1|Pelipper, L50, M|
|poke|p1|Archaludon, L50, M|
|poke|p1|Basculegion, L50, M|
|poke|p1|Electrode-Hisui, L50|
|poke|p1|Garchomp, L50, M|
|poke|p2|Indeedee, L50, M|
|poke|p2|Sneasler, L50, F|
|poke|p2|Dondozo, L50, M|
|poke|p2|Tatsugiri, L50, F|
|poke|p2|Talonflame, L50, M|
|poke|p2|Glimmora, L50, F|
|teampreview|4
|showteam|p1|Murkrow||Eviolite|Prankster|Tailwind,Taunt,RainDance,FoulPlay|||M|||50|,,,,,Ghost]Pelipper||DampRock|Drizzle|Tailwind,Hurricane,WideGuard,Protect|||M|||50|,,,,,Grass]Archaludon||AssaultVest|Stamina|ElectroShot,FlashCannon,DracoMeteor,BodyPress|||M|||50|,,,,,Grass]Basculegion||ChoiceBand|SwiftSwim|WaveCrash,AquaJet,FlipTurn,PsychicFangs|||M|||50|,,,,,Water]Electrode-Hisui||LoadedDice|Aftermath|RainDance,Taunt,Thunder,BulletSeed||||||50|,,,,,Electric]Garchomp||LifeOrb|RoughSkin|EarthPower,DragonClaw,RockSlide,Protect|||M|||50|,,,,,Ground
|showteam|p2|Indeedee||ChoiceScarf|PsychicSurge|ExpandingForce,DazzlingGleam,Trick,Protect|||M|||50|,,,,,Fairy]Sneasler||PsychicSeed|Unburden|CloseCombat,DireClaw,ThroatChop,Protect|||F|||50|,,,,,Dark]Dondozo||Leftovers|Unaware|WaveCrash,OrderUp,Earthquake,Protect|||M|||50|,,,,,Grass]Tatsugiri||LifeOrb|Commander|MuddyWater,DracoMeteor,DragonPulse,Protect|||F|||50|,,,,,Steel]Talonflame||CovertCloak|GaleWings|FlareBlitz,WillOWisp,Tailwind,Taunt|||M|||50|,,,,,Grass]Glimmora||PowerHerb|ToxicDebris|MeteorBeam,SludgeBomb,EarthPower,SpikyShield|||F|||50|,,,,,Grass
|inactive|Battle timer is ON: inactive players will automatically lose when time's up. (requested by MinasDevilCrobats)
|
|t:|1757045604
|teamsize|p1|4
|teamsize|p2|4
|start
|switch|p1a: Murkrow|Murkrow, L50, M, shiny|100/100
|switch|p1b: Garchomp|Garchomp, L50, M|100/100
|switch|p2a: Talonflame|Talonflame, L50, M|100/100
|switch|p2b: Glimmora|Glimmora, L50, F|100/100
|turn|1
|inactive|blayneh has 30 seconds left.
|inactive|blayneh has 20 seconds left.
|inactive|blayneh has 15 seconds left.
|inactive|blayneh has 10 seconds left.
|inactive|blayneh has 5 seconds left.
|
|t:|1757045654
|move|p2a: Talonflame|Tailwind|p2a: Talonflame
|-sidestart|p2: MinasDevilCrobats|move: Tailwind
|move|p1a: Murkrow|Taunt|p2a: Talonflame
|-start|p2a: Talonflame|move: Taunt
|move|p2b: Glimmora|Meteor Beam||[still]
|-prepare|p2b: Glimmora|Meteor Beam
|-boost|p2b: Glimmora|spa|1
|-enditem|p2b: Glimmora|Power Herb
|-anim|p2b: Glimmora|Meteor Beam|p1a: Murkrow
|-supereffective|p1a: Murkrow
|-damage|p1a: Murkrow|0 fnt
|faint|p1a: Murkrow
|move|p1b: Garchomp|Rock Slide|p2b: Glimmora|[spread] p2a,p2b
|-supereffective|p2a: Talonflame
|-damage|p2a: Talonflame|0 fnt
|-damage|p2b: Glimmora|73/100
|-activate|p2b: Glimmora|ability: Toxic Debris
|-sidestart|p1: blayneh|move: Toxic Spikes
|faint|p2a: Talonflame
|-damage|p1b: Garchomp|91/100|[from] item: Life Orb
|
|upkeep
|
|t:|1757045676
|switch|p2a: Indeedee|Indeedee, L50, M|100/100
|switch|p1a: Archaludon|Archaludon, L50, M|100/100
|-fieldstart|move: Psychic Terrain|[from] ability: Psychic Surge|[of] p2a: Indeedee
|turn|2
|
|t:|1757045698
|-terastallize|p2b: Glimmora|Grass
|move|p2a: Indeedee|Expanding Force|p1b: Garchomp|[spread] p1a,p1b
|-resisted|p1a: Archaludon
|-damage|p1a: Archaludon|79/100
|-damage|p1b: Garchomp|27/100
|-ability|p1a: Archaludon|Stamina|boost
|-boost|p1a: Archaludon|def|1
|move|p2b: Glimmora|Earth Power|p1a: Archaludon
|-supereffective|p1a: Archaludon
|-crit|p1a: Archaludon
|-damage|p1a: Archaludon|0 fnt
|faint|p1a: Archaludon
|move|p1b: Garchomp|Dragon Claw|p2b: Glimmora
|-damage|p2b: Glimmora|13/100
|-activate|p2b: Glimmora|ability: Toxic Debris
|-sidestart|p1: blayneh|move: Toxic Spikes
|-damage|p1b: Garchomp|17/100|[from] item: Life Orb
|
|upkeep
|
|t:|1757045713
|switch|p1a: Pelipper|Pelipper, L50, M|100/100
|-weather|RainDance|[from] ability: Drizzle|[of] p1a: Pelipper
|turn|3
|
|t:|1757045728
|switch|p2a: Sneasler|Sneasler, L50, F|100/100
|-enditem|p2a: Sneasler|Psychic Seed
|-boost|p2a: Sneasler|spd|1|[from] item: Psychic Seed
|move|p2b: Glimmora|Earth Power|p1b: Garchomp
|-damage|p1b: Garchomp|0 fnt
|faint|p1b: Garchomp
|move|p1a: Pelipper|Hurricane|p2b: Glimmora
|-supereffective|p2b: Glimmora
|-damage|p2b: Glimmora|0 fnt
|faint|p2b: Glimmora
|
|-weather|RainDance|[upkeep]
|upkeep
|
|t:|1757045737
|switch|p2b: Indeedee|Indeedee, L50, M|100/100
|turn|4
|
|t:|1757045751
|move|p2a: Sneasler|Protect|p2a: Sneasler
|-singleturn|p2a: Sneasler|Protect
|move|p2b: Indeedee|Trick|p1a: Pelipper
|-activate|p2b: Indeedee|move: Trick|[of] p1a: Pelipper
|-item|p1a: Pelipper|Choice Scarf|[from] move: Trick
|-item|p2b: Indeedee|Damp Rock|[from] move: Trick
|move|p1a: Pelipper|Hurricane|p2a: Sneasler
|-activate|p2a: Sneasler|move: Protect
|
|-weather|RainDance|[upkeep]
|-sideend|p2: MinasDevilCrobats|move: Tailwind
|upkeep
|turn|5
|
|t:|1757045763
|move|p2a: Sneasler|Dire Claw|p1a: Pelipper
|-damage|p1a: Pelipper|66/100
|move|p2b: Indeedee|Expanding Force|p1a: Pelipper
|-damage|p1a: Pelipper|0 fnt
|faint|p1a: Pelipper
|
|win|MinasDevilCrobats
