|j|☆shaboogles
|j|☆Mega Chime Time
|html|shabooglesMega Chime Time    
|uhtml|bestof|Game 2 of a best-of-3
|t:|1783530414
|gametype|doubles
|player|p1|shaboogles|furisodegirl-white|
|player|p2|Mega Chime Time|miku-flying|
|gen|9
|tier|[Gen 9 Champions] VGC 2026 Reg M-B (Bo3)
|rule|Species Clause: Limit one of each Pokémon
|rule|Item Clause: Limit 1 of each item
|clearpoke
|poke|p1|Chandelure, L50, F|
|poke|p1|Garganacl, L50, M|
|poke|p1|Greninja, L50, M|
|poke|p1|Rotom-Mow, L50|
|poke|p1|Krookodile, L50, F|
|poke|p1|Ariados, L50, F|
|poke|p2|Altaria, L50, M|
|poke|p2|Salazzle, L50, F|
|poke|p2|Blastoise, L50, M|
|poke|p2|Rotom-Mow, L50, shiny|
|poke|p2|Skarmory, L50, M|
|poke|p2|Mudsdale, L50, M|
|teampreview|4
|showteam|p1|Chandelure||Chandelurite|Infiltrator|HeatWave,ShadowBall,TrickRoom,Protect|Modest||F|||50|]Garganacl||Leftovers|PurifyingSalt|WideGuard,SaltCure,Recover,Protect|Sassy||M|||50|]Greninja||Greninjite|Torrent|IcyWind,Protect,HydroPump,DarkPulse|Timid||M|||50|]Rotom-Mow||ChoiceScarf|Levitate|Thunderbolt,LeafStorm,Electroweb,Trick|Timid|||||50|]Krookodile||PasshoBerry|Intimidate|Crunch,Taunt,Protect,HighHorsepower|Adamant||F|||50|]Ariados||ScopeLens|Sniper|CrossPoison,Protect,RagePowder,KnockOff|Impish||F|||50|
|showteam|p2|Altaria||Altarianite|NaturalCure|HyperVoice,Roost,WillOWisp,Protect|Modest||M|||50|]Salazzle||FocusSash|Corrosion|FakeOut,HeatWave,Encore,Protect|Hasty||F|||50|]Blastoise||SitrusBerry|RainDish|FakeOut,WaveCrash,Yawn,LifeDew|Adamant||M|||50|]Rotom-Mow||ChoiceScarf|Levitate|Electroweb,Trick,LeafStorm,Thunderbolt|Timid|||||50|]Skarmory||Skarmorite|Sturdy|Tailwind,IronHead,BraveBird,Protect|Jolly||M|||50|]Mudsdale||Leftovers|Stamina|BodyPress,HighHorsepower,HeavySlam,Protect|Adamant||M|||50|
|inactive|Battle timer is ON: inactive players will automatically lose when time's up. (requested by Mega Chime Time)
|inactive|shaboogles has 60 seconds left.
|
|t:|1783530449
|teamsize|p1|4
|teamsize|p2|4
|start
|switch|p1a: Rotom|Rotom-Mow, L50|100/100
|switch|p1b: Ariados|Ariados, L50, F|100/100
|switch|p2a: Altaria|Altaria, L50, M|100/100
|switch|p2b: Rotom|Rotom-Mow, L50, shiny|100/100
|turn|1
|c|☆Mega Chime Time|SCOPE LENS
|c|☆shaboogles|YEAHHHHH
|inactive|Mega Chime Time has 30 seconds left.
|
|t:|1783530481
|detailschange|p2a: Altaria|Altaria-Mega, L50, M
|-mega|p2a: Altaria|Altaria|Altarianite
|move|p1a: Rotom|Leaf Storm|p2b: Rotom
|-resisted|p2b: Rotom|1
|-damage|p2b: Rotom|63/100
|-unboost|p1a: Rotom|spa|2
|move|p2b: Rotom|Electroweb|p1b: Ariados|[spread] p1a,p1b
|-resisted|p1a: Rotom|2
|-damage|p1a: Rotom|93/100
|-damage|p1b: Ariados|77/100
|-unboost|p1a: Rotom|spe|1
|-unboost|p1b: Ariados|spe|1
|move|p2a: Altaria|Will-O-Wisp|p1b: Ariados|[miss]
|-miss|p2a: Altaria|p1b: Ariados
|move|p1b: Ariados|Cross Poison|p2b: Rotom
|-supereffective|p2b: Rotom|1
|-damage|p2b: Rotom|12/100
|
|upkeep
|turn|2
|inactive|Mega Chime Time has 30 seconds left.
|
|t:|1783530507
|switch|p2b: Mudsdale|Mudsdale, L50, M|100/100
|move|p1a: Rotom|Leaf Storm|p2b: Mudsdale
|-supereffective|p2b: Mudsdale|1
|-damage|p2b: Mudsdale|42/100
|-unboost|p1a: Rotom|spa|2
|-ability|p2b: Mudsdale|Stamina|boost
|-boost|p2b: Mudsdale|def|1
|move|p2a: Altaria|Will-O-Wisp|p1b: Ariados
|-status|p1b: Ariados|brn
|move|p1b: Ariados|Cross Poison|p2a: Altaria
|-supereffective|p2a: Altaria|1
|-damage|p2a: Altaria|80/100
|
|-heal|p2b: Mudsdale|47/100|[from] item: Leftovers
|-damage|p1b: Ariados|71/100 brn|[from] brn
|upkeep
|turn|3
|inactive|Mega Chime Time has 30 seconds left.
|
|t:|1783530538
|switch|p1a: Chandelure|Chandelure, L50, F|100/100
|move|p2a: Altaria|Hyper Voice|p1a: Chandelure|[spread] p1a,p1b
|-resisted|p1a: Chandelure|1
|-resisted|p1b: Ariados|1
|-damage|p1a: Chandelure|73/100
|-damage|p1b: Ariados|48/100 brn
|move|p2b: Mudsdale|Heavy Slam|p1a: Chandelure
|-resisted|p1a: Chandelure|1
|-damage|p1a: Chandelure|46/100
|move|p1b: Ariados|Cross Poison|p2a: Altaria
|-supereffective|p2a: Altaria|1
|-damage|p2a: Altaria|61/100
|
|-heal|p2b: Mudsdale|53/100|[from] item: Leftovers
|-damage|p1b: Ariados|41/100 brn|[from] brn
|upkeep
|turn|4
|
|t:|1783530561
|move|p2a: Altaria|Roost|p2a: Altaria
|-heal|p2a: Altaria|100/100
|-singleturn|p2a: Altaria|move: Roost
|move|p1a: Chandelure|Shadow Ball|p2a: Altaria
|-damage|p2a: Altaria|56/100
|move|p2b: Mudsdale|High Horsepower|p1a: Chandelure
|-supereffective|p1a: Chandelure|1
|-damage|p1a: Chandelure|0 fnt
|faint|p1a: Chandelure
|move|p1b: Ariados|Cross Poison|p2a: Altaria
|-supereffective|p2a: Altaria|1
|-damage|p2a: Altaria|36/100
|
|-heal|p2b: Mudsdale|59/100|[from] item: Leftovers
|-damage|p1b: Ariados|35/100 brn|[from] brn
|upkeep
|
|t:|1783530568
|switch|p1a: Greninja|Greninja, L50, M|100/100
|turn|5
|inactive|shaboogles has 30 seconds left.
|
|t:|1783530594
|detailschange|p1a: Greninja|Greninja-Mega, L50, M
|-mega|p1a: Greninja|Greninja|Greninjite
|move|p1b: Ariados|Rage Powder|p1b: Ariados
|-singleturn|p1b: Ariados|move: Rage Powder
|move|p1a: Greninja|Icy Wind|p2a: Altaria|[spread] p2a,p2b
|-start|p1a: Greninja|typechange|Ice|[from] ability: Protean
|-supereffective|p2a: Altaria|1
|-supereffective|p2b: Mudsdale|1
|-damage|p2a: Altaria|0 fnt
|-damage|p2b: Mudsdale|17/100
|-unboost|p2b: Mudsdale|spe|1
|-ability|p2b: Mudsdale|Stamina|boost
|-boost|p2b: Mudsdale|def|1
|faint|p2a: Altaria
|move|p2b: Mudsdale|Heavy Slam|p1b: Ariados
|-damage|p1b: Ariados|0 fnt
|faint|p1b: Ariados
|
|-heal|p2b: Mudsdale|23/100|[from] item: Leftovers
|upkeep
|
|t:|1783530617
|switch|p2a: Blastoise|Blastoise, L50, M|100/100
|switch|p1b: Rotom|Rotom-Mow, L50|93/100
|turn|6
|inactive|Mega Chime Time has 30 seconds left.
|
|t:|1783530643
|move|p2a: Blastoise|Fake Out|p1b: Rotom
|-damage|p1b: Rotom|78/100
|cant|p1b: Rotom|flinch
|move|p1a: Greninja|Icy Wind|p2b: Mudsdale|[spread] p2a,p2b
|-resisted|p2a: Blastoise|1
|-supereffective|p2b: Mudsdale|1
|-damage|p2a: Blastoise|90/100
|-damage|p2b: Mudsdale|0 fnt
|-unboost|p2a: Blastoise|spe|1
|faint|p2b: Mudsdale
|
|upkeep
|
|t:|1783530649
|switch|p2b: Rotom|Rotom-Mow, L50, shiny|12/100
|turn|7
|
|t:|1783530668
|move|p1b: Rotom|Leaf Storm|p2a: Blastoise
|-supereffective|p2a: Blastoise|1
|-damage|p2a: Blastoise|0 fnt
|-unboost|p1b: Rotom|spa|2
|faint|p2a: Blastoise
|move|p2b: Rotom|Electroweb|p1a: Greninja|[spread] p1a,p1b
|-resisted|p1b: Rotom|2
|-damage|p1a: Greninja|75/100
|-damage|p1b: Rotom|72/100
|-unboost|p1a: Greninja|spe|1
|-unboost|p1b: Rotom|spe|1
|move|p1a: Greninja|Icy Wind|p2b: Rotom|[miss]
|-miss|p1a: Greninja|p2b: Rotom
|
|upkeep
|turn|8
|
|t:|1783530675
|move|p2b: Rotom|Electroweb|p1a: Greninja|[spread] p1b
|-miss|p2b: Rotom|p1a: Greninja
|-resisted|p1b: Rotom|2
|-crit|p1b: Rotom
|-damage|p1b: Rotom|64/100
|-unboost|p1b: Rotom|spe|1
|move|p1a: Greninja|Dark Pulse|p2b: Rotom
|-damage|p2b: Rotom|0 fnt
|faint|p2b: Rotom
|
|win|shaboogles
||Mega Chime Time is ready for game 3.
||shaboogles is ready for game 3.
|uhtml|next|Next: Game 3 of 3
|l|☆Mega Chime Time
|player|p2|
|n|☆shaboogles|shaboogles
