|j|☆yetiyoupi
|j|☆tryhard_PS
|html|yetiyoupitryhard_PS    
|uhtml|bestof|Game 1 of a best-of-3
|t:|1757846583
|gametype|doubles
|player|p1|yetiyoupi|102|1140
|player|p2|tryhard_PS|harlequin|1182
|gen|9
|tier|[Gen 9] VGC 2025 Reg H (Bo3)
|rated|
|rule|Species Clause: Limit one of each Pokémon
|rule|Item Clause: Limit 1 of each item
|clearpoke
|poke|p1|Amoonguss, L50, F|
|poke|p1|Politoed, L50, M|
|poke|p1|Annihilape, L50, M|
|poke|p1|Gholdengo, L50|
|poke|p1|Archaludon, L50, F|
|poke|p1|Whimsicott, L50, M|
|poke|p2|Mimikyu, L50, M|
|poke|p2|Tyranitar, L50, M|
|poke|p2|Kingambit, L50, M|
|poke|p2|Amoonguss, L50, M|
|poke|p2|Sableye, L50, M|
|poke|p2|Ursaluna-Bloodmoon, L50, M|
|teampreview|4
|showteam|p1|Amoonguss||RockyHelmet|Regenerator|SludgeBomb,Protect,Spore,RagePowder|||F|||50|,,,,,Dark]Politoed||SitrusBerry|Drizzle|IceBeam,WeatherBall,Protect,EarthPower|||M|||50|,,,,,Grass]Annihilape||AssaultVest|Defiant|IcePunch,RageFist,DrainPunch,Uturn|||M|||50|,,,,,Steel]Gholdengo||LifeOrb|GoodasGold|NastyPlot,ShadowBall,MakeItRain,Protect||||||50|,,,,,Water]Archaludon||PowerHerb|Stamina|ElectroShot,DracoMeteor,Protect,BodyPress|||F|||50|,,,,,Electric]Whimsicott||FocusSash|Prankster|Tailwind,BeatUp,Moonblast,Taunt|||M|||50|,,,,,Ghost
|showteam|p2|Mimikyu||MentalHerb|Disguise|TrickRoom,WoodHammer,ShadowSneak,DestinyBond|||M|||50|,,,,,Grass]Tyranitar||WeaknessPolicy|SandStream|RockSlide,KnockOff,LowKick,Protect|||M|||50|,,,,,Ghost]Kingambit||SafetyGoggles|Defiant|IronHead,Assurance,TeraBlast,SuckerPunch|||M|||50|,,,,,Flying]Amoonguss||SitrusBerry|Regenerator|Spore,RagePowder,PollenPuff,ClearSmog|||M|||50|,,,,,Dark]Sableye||RockyHelmet|Prankster|FakeOut,Disable,Encore,FoulPlay|||M|||50|,,,,,Normal]Ursaluna-Bloodmoon||ChoiceSpecs|MindsEye|BloodMoon,EarthPower,HyperVoice,Counter|||M|||50|,,,,,Normal
|inactive|Battle timer is ON: inactive players will automatically lose when time's up. (requested by tryhard_PS)
|inactive|yetiyoupi has 60 seconds left.
|
|t:|1757846621
|teamsize|p1|4
|teamsize|p2|4
|start
|switch|p1a: Whimsicott|Whimsicott, L50, M|100/100
|switch|p1b: Annihilape|Annihilape, L50, M|100/100
|switch|p2a: Mimikyu|Mimikyu, L50, M|100/100
|switch|p2b: Kingambit|Kingambit, L50, M|100/100
|turn|1
|inactive|yetiyoupi has 30 seconds left.
|
|t:|1757846647
|-terastallize|p2b: Kingambit|Flying
|move|p1a: Whimsicott|Moonblast|p2a: Mimikyu
|-activate|p2a: Mimikyu|ability: Disguise
|-damage|p2a: Mimikyu|100/100
|detailschange|p2a: Mimikyu|Mimikyu-Busted, L50, M
|-damage|p2a: Mimikyu|88/100|[from] pokemon: Mimikyu-Busted
|move|p1b: Annihilape|Rage Fist|p2a: Mimikyu
|-supereffective|p2a: Mimikyu
|-damage|p2a: Mimikyu|17/100
|move|p2b: Kingambit|Iron Head|p1a: Whimsicott
|-supereffective|p1a: Whimsicott
|-enditem|p1a: Whimsicott|Focus Sash
|-damage|p1a: Whimsicott|1/100
|move|p2a: Mimikyu|Trick Room|p2a: Mimikyu
|-fieldstart|move: Trick Room|[of] p2a: Mimikyu
|
|upkeep
|turn|2
|inactive|yetiyoupi has 30 seconds left.
|inactive|tryhard_PS has 30 seconds left.
|
|t:|1757846688
|-terastallize|p1b: Annihilape|Steel
|move|p2b: Kingambit|Tera Blast|p1a: Whimsicott|[anim] Tera Blast Flying
|-supereffective|p1a: Whimsicott
|-damage|p1a: Whimsicott|0 fnt
|faint|p1a: Whimsicott
|move|p2a: Mimikyu|Destiny Bond|p2a: Mimikyu
|-singlemove|p2a: Mimikyu|Destiny Bond
|move|p1b: Annihilape|Rage Fist|p2b: Kingambit
|-damage|p2b: Kingambit|83/100
|
|upkeep
|
|t:|1757846703
|switch|p1a: Politoed|Politoed, L50, M|100/100
|-weather|RainDance|[from] ability: Drizzle|[of] p1a: Politoed
|turn|3
|
|t:|1757846717
|move|p1a: Politoed|Protect|p1a: Politoed
|-singleturn|p1a: Politoed|Protect
|move|p2b: Kingambit|Assurance|p1a: Politoed
|-activate|p1a: Politoed|move: Protect
|move|p2a: Mimikyu|Wood Hammer|p1a: Politoed
|-activate|p1a: Politoed|move: Protect
|move|p1b: Annihilape|Rage Fist|p2b: Kingambit
|-damage|p2b: Kingambit|65/100
|
|-weather|RainDance|[upkeep]
|upkeep
|turn|4
|inactive|yetiyoupi has 30 seconds left.
|
|t:|1757846745
|switch|p1a: Archaludon|Archaludon, L50, F|100/100
|move|p2b: Kingambit|Tera Blast|p1a: Archaludon|[anim] Tera Blast Flying
|-resisted|p1a: Archaludon
|-damage|p1a: Archaludon|83/100
|-ability|p1a: Archaludon|Stamina|boost
|-boost|p1a: Archaludon|def|1
|move|p2a: Mimikyu|Wood Hammer|p1a: Archaludon
|-resisted|p1a: Archaludon
|-damage|p1a: Archaludon|80/100
|-ability|p1a: Archaludon|Stamina|boost
|-boost|p1a: Archaludon|def|1
|-damage|p2a: Mimikyu|15/100|[from] Recoil
|move|p1b: Annihilape|Rage Fist|p2a: Mimikyu
|-supereffective|p2a: Mimikyu
|-damage|p2a: Mimikyu|0 fnt
|faint|p2a: Mimikyu
|
|-weather|RainDance|[upkeep]
|upkeep
|
|t:|1757846752
|switch|p2a: Ursaluna|Ursaluna-Bloodmoon, L50, M|100/100
|turn|5
|
|t:|1757846774
|switch|p1b: Politoed|Politoed, L50, M|100/100
|move|p1a: Archaludon|Protect|p1a: Archaludon
|-singleturn|p1a: Archaludon|Protect
|move|p2b: Kingambit|Assurance|p1a: Archaludon
|-activate|p1a: Archaludon|move: Protect
|move|p2a: Ursaluna|Earth Power|p1a: Archaludon
|-activate|p1a: Archaludon|move: Protect
|
|-weather|RainDance|[upkeep]
|-fieldend|move: Trick Room
|upkeep
|turn|6
|
|t:|1757846794
|switch|p2b: Tyranitar|Tyranitar, L50, M|100/100
|-weather|Sandstorm|[from] ability: Sand Stream|[of] p2b: Tyranitar
|move|p1a: Archaludon|Electro Shot||[still]
|-prepare|p1a: Archaludon|Electro Shot
|-boost|p1a: Archaludon|spa|1
|-enditem|p1a: Archaludon|Power Herb
|-anim|p1a: Archaludon|Electro Shot|p2b: Tyranitar
|-damage|p2b: Tyranitar|69/100
|move|p1b: Politoed|Weather Ball|p2a: Ursaluna
|-resisted|p2a: Ursaluna
|-damage|p2a: Ursaluna|86/100
|move|p2a: Ursaluna|Earth Power|p1a: Archaludon
|-supereffective|p1a: Archaludon
|-crit|p1a: Archaludon
|-damage|p1a: Archaludon|0 fnt
|faint|p1a: Archaludon
|
|-weather|Sandstorm|[upkeep]
|-damage|p1b: Politoed|94/100|[from] Sandstorm
|upkeep
|
|t:|1757846796
|switch|p1a: Annihilape|Annihilape, L50, M, tera:Steel|100/100
|turn|7
|inactive|yetiyoupi has 30 seconds left.
|inactive|tryhard_PS has 30 seconds left.
|
|t:|1757846824
|switch|p2a: Kingambit|Kingambit, L50, M, tera:Flying|65/100
|move|p1a: Annihilape|Drain Punch|p2a: Kingambit
|-resisted|p2a: Kingambit
|-damage|p2a: Kingambit|51/100
|move|p1b: Politoed|Ice Beam|p2a: Kingambit
|-supereffective|p2a: Kingambit
|-damage|p2a: Kingambit|1/100
|move|p2b: Tyranitar|Knock Off|p1b: Politoed
|-damage|p1b: Politoed|38/100
|-enditem|p1b: Politoed|Sitrus Berry|[from] move: Knock Off|[of] p2b: Tyranitar
|
|-weather|Sandstorm|[upkeep]
|-damage|p1b: Politoed|32/100|[from] Sandstorm
|upkeep
|turn|8
|
|t:|1757846848
|move|p2a: Kingambit|Sucker Punch|p1b: Politoed
|-damage|p1b: Politoed|0 fnt
|faint|p1b: Politoed
|move|p1a: Annihilape|Drain Punch|p2b: Tyranitar
|-supereffective|p2b: Tyranitar
|-damage|p2b: Tyranitar|0 fnt
|faint|p2b: Tyranitar
|
|-weather|Sandstorm|[upkeep]
|upkeep
|
|t:|1757846854
|switch|p2b: Ursaluna|Ursaluna-Bloodmoon, L50, M|86/100
|turn|9
|
|t:|1757846860
|move|p1a: Annihilape|Drain Punch|p2b: Ursaluna
|-supereffective|p2b: Ursaluna
|-damage|p2b: Ursaluna|29/100
|move|p2b: Ursaluna|Earth Power|p1a: Annihilape
|-supereffective|p1a: Annihilape
|-damage|p1a: Annihilape|0 fnt
|faint|p1a: Annihilape
|
|win|tryhard_PS
||tryhard_PS is ready for game 2.
|inactive|yetiyoupi has 30 seconds to confirm battle start!
|l|☆yetiyoupi
|player|p1|
|inactive|yetiyoupi has 20 seconds to confirm battle start!
|j|☆yetiyoupi
|player|p1|yetiyoupi|102|
|inactive|yetiyoupi has 10 seconds to confirm battle start!
||yetiyoupi is ready for game 2.
|uhtml|next|Next: Game 2 of 3
