|j|☆lewis94
|j|☆ULYSSE999
|html|lewis94ULYSSE999    
|uhtml|bestof|Game 1 of a best-of-3
|t:|1757006199
|gametype|doubles
|player|p1|lewis94|ethan-gen2|1114
|player|p2|ULYSSE999|cynthia-gen4|1000
|gen|9
|tier|[Gen 9] VGC 2025 Reg H (Bo3)
|rated|
|rule|Species Clause: Limit one of each Pokémon
|rule|Item Clause: Limit 1 of each item
|clearpoke
|poke|p1|Talonflame, L50, F|
|poke|p1|Ursaluna-Bloodmoon, L50, M|
|poke|p1|Tyranitar, L50, M|
|poke|p1|Sneasler, L50, M|
|poke|p1|Indeedee, L50, M|
|poke|p1|Electabuzz, L50, M|
|poke|p2|Kingambit, L50, M|
|poke|p2|Dragapult, L50, M|
|poke|p2|Grimmsnarl, L50, M|
|poke|p2|Garchomp, L50, M|
|poke|p2|Rillaboom, L50, M|
|poke|p2|Incineroar, L50, M|
|teampreview|4
|showteam|p1|Talonflame||CovertCloak|GaleWings|FlareBlitz,DualWingbeat,WillOWisp,Tailwind|||F|||50|,,,,,Fairy]Ursaluna-Bloodmoon||LifeOrb|MindsEye|BloodMoon,HyperVoice,EarthPower,Protect|||M|||50|,,,,,Normal]Tyranitar||AssaultVest|SandStream|RockSlide,KnockOff,TeraBlast,LowKick|||M|||50|,,,,,Flying]Sneasler||PsychicSeed|Unburden|DireClaw,CloseCombat,ThroatChop,Protect|||M|||50|,,,,,Dark]Indeedee||ChoiceScarf|PsychicSurge|ExpandingForce,TeraBlast,Protect,Trick|||M|||50|,,,,,Psychic]Electabuzz||Eviolite|VitalSpirit|Electroweb,FollowMe,Taunt,Protect|||M|||50|,,,,,Ghost
|showteam|p2|Kingambit||LifeOrb|Defiant|IronHead,KowtowCleave,SuckerPunch,Protect|||M|||50|,,,,,Fairy]Dragapult||ChoiceBand|ClearBody|DragonDarts,Outrage,PhantomForce,TeraBlast|||M|||50|,,,,,Ghost]Grimmsnarl||LightClay|Prankster|LightScreen,Reflect,SpiritBreak,ThunderWave|||M|||50|,,,,,Ghost]Garchomp||ClearAmulet|RoughSkin|DragonClaw,Earthquake,SwordsDance,Protect|||M|||50|,,,,,Fire]Rillaboom||AssaultVest|GrassySurge|FakeOut,GrassyGlide,Uturn,WoodHammer|||M|||50|,,,,,Fire]Incineroar||SafetyGoggles|Intimidate|FakeOut,FlareBlitz,KnockOff,WillOWisp|||M|||50|,,,,,Grass
|inactive|Battle timer is ON: inactive players will automatically lose when time's up. (requested by ULYSSE999)
|inactive|lewis94 also wants the timer to be on.
|inactive|lewis94 has 60 seconds left.
|
|t:|1757006246
|teamsize|p1|4
|teamsize|p2|4
|start
|switch|p1a: Sneasler|Sneasler, L50, M|100/100
|switch|p1b: Ursaluna|Ursaluna-Bloodmoon, L50, M|100/100
|switch|p2a: Grimmsnarl|Grimmsnarl, L50, M, shiny|100/100
|switch|p2b: Incineroar|Incineroar, L50, M, shiny|100/100
|-ability|p2b: Incineroar|Intimidate|boost
|-unboost|p1a: Sneasler|atk|1
|-unboost|p1b: Ursaluna|atk|1
|turn|1
|inactive|lewis94 has 30 seconds left.
|
|t:|1757006277
|move|p2b: Incineroar|Fake Out|p1a: Sneasler
|-damage|p1a: Sneasler|78/100
|move|p2a: Grimmsnarl|Light Screen|p2a: Grimmsnarl
|-sidestart|p2: ULYSSE999|move: Light Screen
|cant|p1a: Sneasler|flinch
|move|p1b: Ursaluna|Blood Moon|p2a: Grimmsnarl
|-damage|p2a: Grimmsnarl|49/100
|-damage|p1b: Ursaluna|91/100|[from] item: Life Orb
|
|upkeep
|turn|2
|inactive|lewis94 has 30 seconds left.
|inactive|lewis94 has 20 seconds left.
|
|t:|1757006316
|switch|p1b: Talonflame|Talonflame, L50, F|100/100
|move|p2a: Grimmsnarl|Reflect|p2a: Grimmsnarl
|-sidestart|p2: ULYSSE999|Reflect
|move|p1a: Sneasler|Dire Claw|p2a: Grimmsnarl
|-supereffective|p2a: Grimmsnarl
|-damage|p2a: Grimmsnarl|0 fnt
|faint|p2a: Grimmsnarl
|move|p2b: Incineroar|Will-O-Wisp|p1a: Sneasler|[miss]
|-miss|p2b: Incineroar|p1a: Sneasler
|
|upkeep
|
|t:|1757006326
|switch|p2a: Garchomp|Garchomp, L50, M, shiny|100/100
|turn|3
|
|t:|1757006341
|-terastallize|p1b: Talonflame|Fairy
|-terastallize|p2a: Garchomp|Fire
|move|p1b: Talonflame|Tailwind|p1b: Talonflame
|-sidestart|p1: lewis94|move: Tailwind
|move|p1a: Sneasler|Close Combat|p2b: Incineroar
|-supereffective|p2b: Incineroar
|-damage|p2b: Incineroar|43/100
|-unboost|p1a: Sneasler|def|1
|-unboost|p1a: Sneasler|spd|1
|move|p2a: Garchomp|Swords Dance|p2a: Garchomp
|-boost|p2a: Garchomp|atk|2
|move|p2b: Incineroar|Will-O-Wisp|p1a: Sneasler
|-status|p1a: Sneasler|brn
|
|-damage|p1a: Sneasler|73/100 brn|[from] brn
|upkeep
|turn|4
|inactive|lewis94 has 30 seconds left.
|inactive|ULYSSE999 has 30 seconds left.
|
|t:|1757006368
|move|p1b: Talonflame|Will-O-Wisp|p2a: Garchomp
|-immune|p2a: Garchomp
|move|p1a: Sneasler|Close Combat|p2b: Incineroar
|-supereffective|p2b: Incineroar
|-damage|p2b: Incineroar|14/100
|-unboost|p1a: Sneasler|def|1
|-unboost|p1a: Sneasler|spd|1
|move|p2a: Garchomp|Earthquake|p1b: Talonflame|[spread] p2b,p1a,p1b
|-supereffective|p2b: Incineroar
|-supereffective|p1a: Sneasler
|-damage|p2b: Incineroar|0 fnt
|-damage|p1a: Sneasler|0 fnt
|-damage|p1b: Talonflame|0 fnt
|faint|p2b: Incineroar
|faint|p1a: Sneasler
|faint|p1b: Talonflame
|
|upkeep
|
|t:|1757006381
|switch|p1b: Ursaluna|Ursaluna-Bloodmoon, L50, M|91/100
|switch|p1a: Indeedee|Indeedee, L50, M|100/100
|switch|p2b: Kingambit|Kingambit, L50, M, shiny|100/100
|-fieldstart|move: Psychic Terrain|[from] ability: Psychic Surge|[of] p1a: Indeedee
|turn|5
|inactive|lewis94 has 30 seconds left.
|inactive|lewis94 has 20 seconds left.
|
|t:|1757006419
|move|p2b: Kingambit|Protect|p2b: Kingambit
|-singleturn|p2b: Kingambit|Protect
|move|p1a: Indeedee|Trick|p2b: Kingambit
|-activate|p2b: Kingambit|move: Protect
|move|p1b: Ursaluna|Blood Moon|p2a: Garchomp
|-damage|p2a: Garchomp|19/100
|-damage|p1b: Ursaluna|81/100|[from] item: Life Orb
|move|p2a: Garchomp|Earthquake|p1b: Ursaluna|[spread] p1a,p1b
|-activate|p2b: Kingambit|move: Protect
|-damage|p1a: Indeedee|0 fnt
|-damage|p1b: Ursaluna|16/100
|faint|p1a: Indeedee
|
|upkeep
|turn|6
|
|t:|1757006437
|move|p2a: Garchomp|Protect|p2a: Garchomp
|-singleturn|p2a: Garchomp|Protect
|move|p1b: Ursaluna|Hyper Voice|p2b: Kingambit|[spread] p2b
|-activate|p2a: Garchomp|move: Protect
|-resisted|p2b: Kingambit
|-damage|p2b: Kingambit|81/100
|-damage|p1b: Ursaluna|6/100|[from] item: Life Orb
|move|p2b: Kingambit|Kowtow Cleave|p1b: Ursaluna
|-damage|p1b: Ursaluna|0 fnt
|faint|p1b: Ursaluna
|-damage|p2b: Kingambit|71/100|[from] item: Life Orb
|
|win|ULYSSE999
||lewis94 is ready for game 2.
|l|☆ULYSSE999
|player|p2|
|inactive|ULYSSE999 has 30 seconds to confirm battle start!
||ULYSSE999 is ready for game 2.
|uhtml|next|Next: Game 2 of 3
