|j|☆GS Barnabe
|j|☆mouseilluminati
|html|GS Barnabemouseilluminati    
|uhtml|bestof|Game 1 of a best-of-3
|t:|1785630054
|gametype|doubles
|player|p1|GS Barnabe|1|1196
|player|p2|mouseilluminati|n|1297
|gen|9
|tier|[Gen 9 Champions] VGC 2026 Reg M-B (Bo3)
|rated|
|rule|Species Clause: Limit one of each Pokémon
|rule|Item Clause: Limit 1 of each item
|clearpoke
|poke|p1|Meowstic, L50, M|
|poke|p1|Tyranitar, L50, F|
|poke|p1|Scovillain, L50, M|
|poke|p1|Houndstone, L50, M|
|poke|p1|Rotom-Wash, L50|
|poke|p1|Aerodactyl, L50, M|
|poke|p2|Raichu, L50, F|
|poke|p2|Milotic, L50, M|
|poke|p2|Ceruledge, L50, F|
|poke|p2|Meowscarada, L50, F|
|poke|p2|Ninetales-Alola, L50, F|
|poke|p2|Staraptor, L50, M|
|teampreview|4
|showteam|p1|Meowstic||LightClay|Prankster|FakeOut,Reflect,LightScreen,PsychicNoise|Bold||M|||50|]Tyranitar||ChoiceScarf|SandStream|RockSlide,KnockOff,IcePunch,Superpower|Jolly||F|||50|]Scovillain||Scovillainite|Moody|Overheat,LeechSeed,RagePowder,Protect|Calm||M|||50|]Houndstone||SitrusBerry|SandRush|LastRespects,Disable,AllySwitch,Protect|Adamant||M|||50|]Rotom-Wash||Leftovers|Levitate|HydroPump,VoltSwitch,WillOWisp,Protect|Calm|||||50|]Aerodactyl||Aerodactylite|RockHead|RockSlide,DualWingbeat,Tailwind,Protect|Jolly||M|||50|
|showteam|p2|Raichu||RaichuniteY|LightningRod|ZapCannon,FocusBlast,FakeOut,Protect|Timid||F|||50|]Milotic||Leftovers|Competitive|MuddyWater,Hypnosis,Coil,Recover|Calm||M|||50|]Ceruledge||ColburBerry|FlashFire|BitterBlade,ShadowSneak,BulkUp,Protect|Adamant||F|||50|]Meowscarada||FocusSash|Overgrow|FlowerTrick,KnockOff,SuckerPunch,Protect|Jolly||F|||50|]Ninetales-Alola||LightClay|SnowWarning|Blizzard,FreezeDry,AuroraVeil,Protect|Timid||F|||50|]Staraptor||Staraptite|Intimidate|BraveBird,CloseCombat,Roost,Protect|Jolly||M|||50|
|
|t:|1785630128
|teamsize|p1|4
|teamsize|p2|4
|start
|switch|p1a: Aerodactyl|Aerodactyl, L50, M|100/100
|switch|p1b: Rotom|Rotom-Wash, L50|100/100
|switch|p2a: Raichu|Raichu, L50, F|100/100
|switch|p2b: Ninetales|Ninetales-Alola, L50, F|100/100
|-weather|Snowscape|[from] ability: Snow Warning|[of] p2b: Ninetales
|turn|1
|inactive|Battle timer is ON: inactive players will automatically lose when time's up. (requested by mouseilluminati)
|
|t:|1785630152
|detailschange|p2a: Raichu|Raichu-Mega-Y, L50, F
|-mega|p2a: Raichu|Raichu|Raichunite Y
|move|p1a: Aerodactyl|Protect|p1a: Aerodactyl
|-singleturn|p1a: Aerodactyl|Protect
|move|p1b: Rotom|Protect|p1b: Rotom
|-singleturn|p1b: Rotom|Protect
|move|p2a: Raichu|Fake Out|p1a: Aerodactyl
|-activate|p1a: Aerodactyl|move: Protect
|move|p2b: Ninetales|Aurora Veil|p2b: Ninetales
|-sidestart|p2: mouseilluminati|move: Aurora Veil
|
|-weather|Snowscape|[upkeep]
|upkeep
|turn|2
|inactive|GS Barnabe has 30 seconds left.
|
|t:|1785630185
|switch|p1a: Tyranitar|Tyranitar, L50, F|100/100
|-weather|Sandstorm|[from] ability: Sand Stream|[of] p1a: Tyranitar
|move|p2a: Raichu|Zap Cannon|p1a: Tyranitar
|-damage|p1a: Tyranitar|57/100
|-status|p1a: Tyranitar|par
|move|p2b: Ninetales|Blizzard|p1a: Tyranitar|[spread] p1a
|-miss|p2b: Ninetales|p1b: Rotom
|-damage|p1a: Tyranitar|38/100 par
|move|p1b: Rotom|Volt Switch|p2b: Ninetales
|-damage|p2b: Ninetales|81/100
|
|t:|1785630200
|switch|p1b: Aerodactyl|Aerodactyl, L50, M|100/100|[from] Volt Switch
|
|-weather|Sandstorm|[upkeep]
|-damage|p2a: Raichu|93/100|[from] Sandstorm
|-damage|p2b: Ninetales|75/100|[from] Sandstorm
|upkeep
|turn|3
|inactive|mouseilluminati has 30 seconds left.
|
|t:|1785630226
|switch|p2b: Milotic|Milotic, L50, M|100/100
|switch|p1a: Rotom|Rotom-Wash, L50|100/100
|detailschange|p1b: Aerodactyl|Aerodactyl-Mega, L50, M
|-mega|p1b: Aerodactyl|Aerodactyl|Aerodactylite
|move|p1b: Aerodactyl|Rock Slide|p2a: Raichu|[spread] p2a,p2b
|-damage|p2a: Raichu|65/100
|-damage|p2b: Milotic|84/100
|move|p2a: Raichu|Zap Cannon|p1a: Rotom
|-damage|p1a: Rotom|41/100
|
|-weather|Sandstorm|[upkeep]
|-damage|p2a: Raichu|59/100|[from] Sandstorm
|-damage|p1a: Rotom|35/100|[from] Sandstorm
|-damage|p2b: Milotic|78/100|[from] Sandstorm
|-heal|p1a: Rotom|41/100|[from] item: Leftovers
|-heal|p2b: Milotic|84/100|[from] item: Leftovers
|upkeep
|turn|4
|inactive|GS Barnabe has 30 seconds left.
|
|t:|1785630260
|move|p1b: Aerodactyl|Rock Slide|p2b: Milotic|[spread] p2a,p2b
|-damage|p2a: Raichu|29/100
|-damage|p2b: Milotic|68/100
|move|p2a: Raichu|Zap Cannon|p1a: Rotom
|-damage|p1a: Rotom|0 fnt
|faint|p1a: Rotom
|move|p2b: Milotic|Coil|p2b: Milotic
|-boost|p2b: Milotic|atk|1
|-boost|p2b: Milotic|def|1
|-boost|p2b: Milotic|accuracy|1
|
|-weather|Sandstorm|[upkeep]
|-damage|p2a: Raichu|23/100|[from] Sandstorm
|-damage|p2b: Milotic|62/100|[from] Sandstorm
|-heal|p2b: Milotic|68/100|[from] item: Leftovers
|upkeep
|
|t:|1785630278
|switch|p1a: Houndstone|Houndstone, L50, M|100/100
|turn|5
|
|t:|1785630296
|move|p2a: Raichu|Protect|p2a: Raichu
|-singleturn|p2a: Raichu|Protect
|move|p1a: Houndstone|Last Respects|p2a: Raichu
|-activate|p2a: Raichu|move: Protect
|move|p1b: Aerodactyl|Rock Slide|p2b: Milotic|[spread] p2b
|-activate|p2a: Raichu|move: Protect
|-damage|p2b: Milotic|58/100
|move|p2b: Milotic|Hypnosis|p1b: Aerodactyl|[miss]
|-miss|p2b: Milotic|p1b: Aerodactyl
|
|-weather|Sandstorm|[upkeep]
|-damage|p2a: Raichu|17/100|[from] Sandstorm
|-damage|p2b: Milotic|52/100|[from] Sandstorm
|-heal|p2b: Milotic|58/100|[from] item: Leftovers
|upkeep
|turn|6
|inactive|GS Barnabe has 30 seconds left.
|
|t:|1785630323
|switch|p2a: Ninetales|Ninetales-Alola, L50, F|75/100
|-weather|Snowscape|[from] ability: Snow Warning|[of] p2a: Ninetales
|move|p1b: Aerodactyl|Rock Slide|p2a: Ninetales|[spread] p2a,p2b
|-supereffective|p2a: Ninetales|1
|-damage|p2a: Ninetales|37/100
|-damage|p2b: Milotic|46/100
|move|p1a: Houndstone|Disable|p2b: Milotic
|-start|p2b: Milotic|Disable|Hypnosis
|move|p2b: Milotic|Muddy Water|p1a: Houndstone|[spread] p1a,p1b
|-supereffective|p1b: Aerodactyl|1
|-damage|p1a: Houndstone|75/100
|-damage|p1b: Aerodactyl|51/100
|
|-weather|Snowscape|[upkeep]
|-heal|p2b: Milotic|52/100|[from] item: Leftovers
|upkeep
|turn|7
|
|t:|1785630348
|switch|p1a: Tyranitar|Tyranitar, L50, F|38/100 par
|-weather|Sandstorm|[from] ability: Sand Stream|[of] p1a: Tyranitar
|move|p2a: Ninetales|Protect|p2a: Ninetales
|-singleturn|p2a: Ninetales|Protect
|move|p1b: Aerodactyl|Rock Slide|p2a: Ninetales|[spread] p2b
|-activate|p2a: Ninetales|move: Protect
|-damage|p2b: Milotic|40/100
|cant|p2b: Milotic|flinch
|
|-weather|Sandstorm|[upkeep]
|-damage|p2a: Ninetales|31/100|[from] Sandstorm
|-damage|p2b: Milotic|34/100|[from] Sandstorm
|-heal|p2b: Milotic|40/100|[from] item: Leftovers
|upkeep
|turn|8
|inactive|GS Barnabe has 30 seconds left.
|inactive|mouseilluminati has 30 seconds left.
|
|t:|1785630380
|switch|p2a: Ceruledge|Ceruledge, L50, F|100/100
|move|p1b: Aerodactyl|Rock Slide|p2b: Milotic|[spread] p2a,p2b
|-supereffective|p2a: Ceruledge|1
|-damage|p2a: Ceruledge|56/100
|-damage|p2b: Milotic|28/100
|move|p2b: Milotic|Recover|p2b: Milotic
|-heal|p2b: Milotic|78/100
|move|p1a: Tyranitar|Rock Slide|p2a: Ceruledge|[spread] p2a,p2b
|-supereffective|p2a: Ceruledge|1
|-damage|p2a: Ceruledge|10/100
|-damage|p2b: Milotic|67/100
|
|-weather|Sandstorm|[upkeep]
|-damage|p2a: Ceruledge|3/100|[from] Sandstorm
|-damage|p2b: Milotic|61/100|[from] Sandstorm
|-heal|p2b: Milotic|67/100|[from] item: Leftovers
|-sideend|p2: mouseilluminati|move: Aurora Veil
|upkeep
|turn|9
|inactive|GS Barnabe has 30 seconds left.
|
|t:|1785630407
|move|p2a: Ceruledge|Shadow Sneak|p1b: Aerodactyl
|-damage|p1b: Aerodactyl|25/100
|move|p1b: Aerodactyl|Rock Slide|p2a: Ceruledge|[spread] p2a,p2b
|-supereffective|p2a: Ceruledge|1
|-damage|p2a: Ceruledge|0 fnt
|-damage|p2b: Milotic|52/100
|faint|p2a: Ceruledge
|cant|p2b: Milotic|flinch
|move|p1a: Tyranitar|Rock Slide|p2b: Milotic
|-damage|p2b: Milotic|30/100
|
|-weather|Sandstorm|[upkeep]
|-damage|p2b: Milotic|24/100|[from] Sandstorm
|-heal|p2b: Milotic|30/100|[from] item: Leftovers
|-end|p2b: Milotic|Disable
|upkeep
|
|t:|1785630424
|switch|p2a: Raichu|Raichu-Mega-Y, L50, F|17/100
|turn|10
|
|t:|1785630440
|switch|p1a: Houndstone|Houndstone, L50, M|75/100
|move|p1b: Aerodactyl|Protect|p1b: Aerodactyl
|-singleturn|p1b: Aerodactyl|Protect
|move|p2a: Raichu|Fake Out|p1b: Aerodactyl
|-activate|p1b: Aerodactyl|move: Protect
|move|p2b: Milotic|Recover|p2b: Milotic
|-heal|p2b: Milotic|80/100
|
|-weather|Sandstorm|[upkeep]
|-damage|p2a: Raichu|10/100|[from] Sandstorm
|-damage|p2b: Milotic|74/100|[from] Sandstorm
|-heal|p2b: Milotic|80/100|[from] item: Leftovers
|upkeep
|turn|11
|inactive|GS Barnabe has 30 seconds left.
|
|t:|1785630465
|switch|p2a: Ninetales|Ninetales-Alola, L50, F|31/100
|-weather|Snowscape|[from] ability: Snow Warning|[of] p2a: Ninetales
|move|p1b: Aerodactyl|Tailwind|p1b: Aerodactyl
|-sidestart|p1: GS Barnabe|move: Tailwind
|move|p1a: Houndstone|Last Respects|p2b: Milotic
|-damage|p2b: Milotic|56/100
|move|p2b: Milotic|Muddy Water|p1b: Aerodactyl|[spread] p1a,p1b
|-supereffective|p1b: Aerodactyl|1
|-damage|p1a: Houndstone|50/100g
|-damage|p1b: Aerodactyl|0 fnt
|faint|p1b: Aerodactyl
|
|-weather|Snowscape|[upkeep]
|-heal|p2b: Milotic|62/100|[from] item: Leftovers
|upkeep
|
|t:|1785630482
|switch|p1b: Tyranitar|Tyranitar, L50, F|38/100 par
|-weather|Sandstorm|[from] ability: Sand Stream|[of] p1b: Tyranitar
|turn|12
|
|t:|1785630505
|move|p1a: Houndstone|Last Respects|p2b: Milotic
|-damage|p2b: Milotic|28/100
|move|p1b: Tyranitar|Rock Slide|p2a: Ninetales|[spread] p2a,p2b
|-supereffective|p2a: Ninetales|1
|-damage|p2a: Ninetales|0 fnt
|-damage|p2b: Milotic|11/100
|faint|p2a: Ninetales
|move|p2b: Milotic|Recover|p2b: Milotic
|-heal|p2b: Milotic|61/100
|
|-weather|Sandstorm|[upkeep]
|-damage|p2b: Milotic|55/100|[from] Sandstorm
|-heal|p2b: Milotic|61/100|[from] item: Leftovers
|upkeep
|
|t:|1785630516
|switch|p2a: Raichu|Raichu-Mega-Y, L50, F|10/100
|turn|13
|
|t:|1785630528
|move|p2a: Raichu|Fake Out|p1b: Tyranitar
|-resisted|p1b: Tyranitar|1
|-damage|p1b: Tyranitar|34/100 par
|move|p1a: Houndstone|Last Respects|p2a: Raichu
|-damage|p2a: Raichu|0 fnt
|faint|p2a: Raichu
|cant|p1b: Tyranitar|flinch
|move|p2b: Milotic|Hypnosis|p1a: Houndstone
|-status|p1a: Houndstone|slp|[from] move: Hypnosis
|
|-weather|Sandstorm|[upkeep]
|-damage|p2b: Milotic|55/100|[from] Sandstorm
|-heal|p2b: Milotic|61/100|[from] item: Leftovers
|upkeep
|turn|14
|
|t:|1785630546
|cant|p1a: Houndstone|slp
|move|p1b: Tyranitar|Rock Slide|p2b: Milotic
|-damage|p2b: Milotic|39/100
|move|p2b: Milotic|Muddy Water|p1a: Houndstone|[spread] p1a,p1b
|-supereffective|p1b: Tyranitar|1
|-damage|p1a: Houndstone|25/100 slp
|-damage|p1b: Tyranitar|1/100 par
|-unboost|p1a: Houndstone|accuracy|1
|-enditem|p1a: Houndstone|Sitrus Berry|[eat]
|-heal|p1a: Houndstone|49/100 slp|[from] item: Sitrus Berry
|
|-weather|Sandstorm|[upkeep]
|-damage|p2b: Milotic|33/100|[from] Sandstorm
|-heal|p2b: Milotic|39/100|[from] item: Leftovers
|-sideend|p1: GS Barnabe|move: Tailwind
|upkeep
|turn|15
|
|t:|1785630567
|-curestatus|p1a: Houndstone|slp|[msg]
|move|p1a: Houndstone|Last Respects|p2b: Milotic
|-damage|p2b: Milotic|4/100
|move|p2b: Milotic|Recover|p2b: Milotic
|-heal|p2b: Milotic|54/100
|move|p1b: Tyranitar|Rock Slide|p2b: Milotic
|-damage|p2b: Milotic|32/100
|
|-weather|Sandstorm|[upkeep]
|-damage|p2b: Milotic|26/100|[from] Sandstorm
|-heal|p2b: Milotic|32/100|[from] item: Leftovers
|upkeep
|turn|16
|
|t:|1785630592
|move|p1a: Houndstone|Last Respects|p2b: Milotic
|-damage|p2b: Milotic|1/100
|move|p2b: Milotic|Recover|p2b: Milotic
|-heal|p2b: Milotic|50/100g
|move|p1b: Tyranitar|Rock Slide|p2b: Milotic
|-damage|p2b: Milotic|27/100
|
|-weather|none
|-heal|p2b: Milotic|33/100|[from] item: Leftovers
|upkeep
|turn|17
|
|t:|1785630606
|move|p1a: Houndstone|Last Respects|p2b: Milotic
|-damage|p2b: Milotic|0 fnt
|faint|p2b: Milotic
|
|win|GS Barnabe
||mouseilluminati is ready for game 2.
