|j|☆Alolan Kamina
|j|☆MessyBench
|html|Alolan KaminaMessyBench    
|uhtml|bestof|Game 1 of a best-of-3
|t:|1783324202
|gametype|doubles
|player|p1|Alolan Kamina|1|1109
|player|p2|MessyBench|101|1133
|gen|9
|tier|[Gen 9 Champions] VGC 2026 Reg M-B (Bo3)
|rated|
|rule|Species Clause: Limit one of each Pokémon
|rule|Item Clause: Limit 1 of each item
|clearpoke
|poke|p1|Kingambit, L50, F|
|poke|p1|Charizard, L50, M|
|poke|p1|Aerodactyl, L50, F|
|poke|p1|Farigiraf, L50, M|
|poke|p1|Garchomp, L50, F|
|poke|p1|Sylveon, L50, F|
|poke|p2|Gengar, L50, M|
|poke|p2|Ninetales-Alola, L50, M|
|poke|p2|Whimsicott, L50, F|
|poke|p2|Kommo-o, L50, F|
|poke|p2|Drampa, L50, M|
|poke|p2|Farigiraf, L50, M|
|teampreview|4
|showteam|p1|Kingambit||FocusSash|Defiant|KowtowCleave,IronHead,SuckerPunch,LowKick|Adamant||F|||50|]Charizard||CharizarditeY|Blaze|HeatWave,SolarBeam,WeatherBall,Protect|Modest||M|||50|]Aerodactyl||Aerodactylite|Unnerve|RockSlide,DualWingbeat,IceFang,Tailwind|Jolly||F|||50|]Farigiraf||SitrusBerry|ArmorTail|Psychic,Thunderbolt,TrickRoom,Protect|Bold||M|||50|]Garchomp||LifeOrb|RoughSkin|Earthquake,DragonClaw,StompingTantrum,Protect|Jolly||F|||50|]Sylveon||FairyFeather|Pixilate|HyperVoice,HyperBeam,QuickAttack,Protect|Modest||F|||50|
|showteam|p2|Gengar||Gengarite|CursedBody|Protect,ShadowBall,SludgeBomb,Disable|Timid||M|||50|]Ninetales-Alola||FocusSash|SnowWarning|Blizzard,FreezeDry,Protect,Encore|Timid||M|||50|]Whimsicott||FairyFeather|Prankster|Tailwind,Moonblast,Encore,FakeTears|Bold||F|||50|]Kommo-o||Leftovers|Soundproof|BulkUp,BodyPress,Protect,BreakingSwipe|Jolly||F|||50|]Drampa||Drampanite|CloudNine|Protect,EarthPower,HyperVoice,DracoMeteor|Quiet||M|||50|]Farigiraf||ColburBerry|ArmorTail|Protect,TrickRoom,TwinBeam,HyperVoice|Modest||M|||50|
|inactive|Battle timer is ON: inactive players will automatically lose when time's up. (requested by MessyBench)
|
|t:|1783324283
|teamsize|p1|4
|teamsize|p2|4
|start
|switch|p1a: Charizard|Charizard, L50, M|100/100
|switch|p1b: Aerodactyl|Aerodactyl, L50, F|100/100
|switch|p2a: Ninetales|Ninetales-Alola, L50, M|100/100
|switch|p2b: Kommo-o|Kommo-o, L50, F|100/100
|-ability|p1b: Aerodactyl|Unnerve
|-weather|Snowscape|[from] ability: Snow Warning|[of] p2a: Ninetales
|turn|1
|inactive|MessyBench has 30 seconds left.
|
|t:|1783324309
|detailschange|p1a: Charizard|Charizard-Mega-Y, L50, M
|-mega|p1a: Charizard|Charizard|Charizardite Y
|-weather|SunnyDay|[from] ability: Drought|[of] p1a: Charizard
|move|p1b: Aerodactyl|Tailwind|p1b: Aerodactyl
|-sidestart|p1: Alolan Kamina|move: Tailwind
|move|p1a: Charizard|Heat Wave|p2a: Ninetales|[spread] p2a,p2b
|-supereffective|p2a: Ninetales|1
|-resisted|p2b: Kommo-o|1
|-enditem|p2a: Ninetales|Focus Sash
|-damage|p2a: Ninetales|1/100
|-damage|p2b: Kommo-o|70/100
|move|p2a: Ninetales|Blizzard|p1b: Aerodactyl|[spread] p1a,p1b
|-supereffective|p1b: Aerodactyl|1
|-damage|p1a: Charizard|72/100
|-damage|p1b: Aerodactyl|20/100y
|move|p2b: Kommo-o|Breaking Swipe|p1b: Aerodactyl|[spread] p1a,p1b
|-damage|p1a: Charizard|57/100
|-damage|p1b: Aerodactyl|0 fnt
|-unboost|p1a: Charizard|atk|1
|faint|p1b: Aerodactyl
|
|-weather|SunnyDay|[upkeep]
|-heal|p2b: Kommo-o|76/100|[from] item: Leftovers
|upkeep
|inactive|Alolan Kamina has 30 seconds left.
|inactive|Alolan Kamina has 20 seconds left.
|inactive|Alolan Kamina has 15 seconds left.
|
|t:|1783324352
|switch|p1b: Sylveon|Sylveon, L50, F|100/100
|turn|2
|
|t:|1783324363
|move|p2a: Ninetales|Protect|p2a: Ninetales
|-singleturn|p2a: Ninetales|Protect
|move|p2b: Kommo-o|Protect|p2b: Kommo-o
|-singleturn|p2b: Kommo-o|Protect
|move|p1b: Sylveon|Quick Attack|p2b: Kommo-o
|-activate|p2b: Kommo-o|move: Protect
|move|p1a: Charizard|Heat Wave|p2a: Ninetales|[spread] 
|-activate|p2a: Ninetales|move: Protect
|-activate|p2b: Kommo-o|move: Protect
|
|-weather|SunnyDay|[upkeep]
|-heal|p2b: Kommo-o|82/100|[from] item: Leftovers
|upkeep
|turn|3
|
|t:|1783324382
|move|p1a: Charizard|Heat Wave|p2b: Kommo-o|[spread] p2a,p2b
|-supereffective|p2a: Ninetales|1
|-resisted|p2b: Kommo-o|1
|-damage|p2a: Ninetales|0 fnt
|-damage|p2b: Kommo-o|54/100
|faint|p2a: Ninetales
|move|p1b: Sylveon|Hyper Beam|p2b: Kommo-o
|-supereffective|p2b: Kommo-o|2
|-damage|p2b: Kommo-o|0 fnt
|-mustrecharge|p1b: Sylveon
|faint|p2b: Kommo-o
|
|-weather|SunnyDay|[upkeep]
|upkeep
|
|t:|1783324387
|switch|p2a: Gengar|Gengar, L50, M|100/100
|switch|p2b: Whimsicott|Whimsicott, L50, F|100/100
|turn|4
|
|t:|1783324393
|detailschange|p2a: Gengar|Gengar-Mega, L50, M
|-mega|p2a: Gengar|Gengar|Gengarite
|move|p2b: Whimsicott|Tailwind|p2b: Whimsicott
|-sidestart|p2: MessyBench|move: Tailwind
|move|p2a: Gengar|Disable|p1a: Charizard
|-start|p1a: Charizard|Disable|Heat Wave
|cant|p1a: Charizard|Disable|Heat Wave
|cant|p1b: Sylveon|recharge
|
|-weather|SunnyDay|[upkeep]
|-sideend|p1: Alolan Kamina|move: Tailwind
|upkeep
|turn|5
|
|t:|1783324404
|move|p2b: Whimsicott|Encore|p1a: Charizard
|-start|p1a: Charizard|Encore
|move|p2a: Gengar|Sludge Bomb|p1b: Sylveon
|-supereffective|p1b: Sylveon|1
|-damage|p1b: Sylveon|1/100
|cant|p1a: Charizard|Disable|Heat Wave
|move|p1b: Sylveon|Hyper Voice|p2a: Gengar|[spread] p2a,p2b
|-resisted|p2a: Gengar|1
|-damage|p2a: Gengar|67/100
|-damage|p2b: Whimsicott|42/100
|
|-weather|none
|upkeep
|turn|6
|
|t:|1783324416
|move|p1b: Sylveon|Protect|p1b: Sylveon
|-singleturn|p1b: Sylveon|Protect
|move|p2a: Gengar|Sludge Bomb|p1a: Charizard
|-damage|p1a: Charizard|6/100
|move|p2b: Whimsicott|Moonblast|p1b: Sylveon
|-activate|p1b: Sylveon|move: Protect
|-activate|p1a: Charizard|move: Struggle
|move|p1a: Charizard|Struggle|p2b: Whimsicott
|-damage|p2b: Whimsicott|35/100
|-damage|p1a: Charizard|0 fnt|[from] recoil
|faint|p1a: Charizard
|
|upkeep
|
|t:|1783324424
|switch|p1a: Kingambit|Kingambit, L50, F|100/100
|turn|7
|
|t:|1783324437
|move|p2a: Gengar|Protect|p2a: Gengar
|-singleturn|p2a: Gengar|Protect
|move|p2b: Whimsicott|Moonblast|p1b: Sylveon
|-damage|p1b: Sylveon|0 fnt
|faint|p1b: Sylveon
|move|p1a: Kingambit|Iron Head|p2b: Whimsicott
|-supereffective|p2b: Whimsicott|1
|-damage|p2b: Whimsicott|0 fnt
|faint|p2b: Whimsicott
|
|-sideend|p2: MessyBench|move: Tailwind
|upkeep
|turn|8
|
|t:|1783324444
|move|p2a: Gengar|Shadow Ball|p1a: Kingambit
|-resisted|p1a: Kingambit|1
|-damage|p1a: Kingambit|68/100
|-unboost|p1a: Kingambit|spd|1
|-ability|p1a: Kingambit|Defiant|boost
|-boost|p1a: Kingambit|atk|2
|move|p1a: Kingambit|Kowtow Cleave|p2a: Gengar
|-supereffective|p2a: Gengar|1
|-damage|p2a: Gengar|0 fnt
|faint|p2a: Gengar
|
|win|Alolan Kamina
||MessyBench is ready for game 2.
