|j|☆Gworf
|j|☆VenomHss010
|html|GworfVenomHss010    
|uhtml|bestof|Game 1 of a best-of-3
|t:|1757742677
|gametype|doubles
|player|p1|Gworf|acetrainer-gen4dp|1077
|player|p2|VenomHss010|volkner-masters|1058
|gen|9
|tier|[Gen 9] VGC 2025 Reg H (Bo3)
|rated|
|rule|Species Clause: Limit one of each Pokémon
|rule|Item Clause: Limit 1 of each item
|clearpoke
|poke|p1|Ninetales, L50, M|
|poke|p1|Scizor, L50, M|
|poke|p1|Charizard, L50, F|
|poke|p1|Jumpluff, L50, F|
|poke|p1|Arcanine-Hisui, L50, M|
|poke|p1|Dragapult, L50, F|
|poke|p2|Maushold, L50|
|poke|p2|Dragonite, L50, M|
|poke|p2|Gholdengo, L50|
|poke|p2|Whimsicott, L50, M|
|poke|p2|Garchomp, L50, F|
|poke|p2|Farigiraf, L50, M|
|teampreview|4
|showteam|p1|Ninetales||Charcoal|Drought|HeatWave,NastyPlot,WillOWisp,Protect|||M|||50|,,,,,Grass]Scizor||ChoiceBand|Technician|BulletPunch,CloseCombat,Uturn,BugBite|||M|||50|,,,,,Steel]Charizard||ChoiceSpecs|SolarPower|HeatWave,FireBlast,ScorchingSands,Hurricane|||F|||50|,,,,,Ghost]Jumpluff||CovertCloak|Chlorophyll|Tailwind,StrengthSap,PollenPuff,Protect|||F|||50|,,,,,Ghost]Arcanine-Hisui||ClearAmulet|Intimidate|CloseCombat,RockSlide,FlareBlitz,Protect|||M|||50|,,,,,Psychic]Dragapult||FocusSash|ClearBody|DragonDarts,Disable,Uturn,Protect|||F|||50|,,,,,Dragon
|showteam|p2|Maushold||WideLens|Technician|PopulationBomb,FollowMe,Taunt,Protect||||||50|,,,,,Ghost]Dragonite||LoadedDice|Multiscale|ScaleShot,Tailwind,IceSpinner,Protect|||M|||50|,,,,,Fairy]Gholdengo||MetalCoat|GoodasGold|MakeItRain,ShadowBall,NastyPlot,Protect||||||50|,,,,,Water]Whimsicott||FocusSash|Prankster|Moonblast,Tailwind,Encore,Protect|||M|||50|,,,,,Ghost]Garchomp||ClearAmulet|RoughSkin|DragonClaw,StompingTantrum,Earthquake,Protect|||F|||50|,,,,,Fire]Farigiraf||SafetyGoggles|ArmorTail|TeraBlast,TrickRoom,Imprison,HelpingHand|||M|||50|,,,,,Fire
|inactive|Battle timer is ON: inactive players will automatically lose when time's up. (requested by Gworf)
|inactive|Gworf has 60 seconds left.
|inactive|VenomHss010 has 60 seconds left.
|inactive|Gworf has 30 seconds left.
|inactive|Gworf has 20 seconds left.
|inactive|Gworf has 15 seconds left.
|inactive|Gworf has 10 seconds left.
|inactive|Gworf has 5 seconds left.
|
|t:|1757742771
|teamsize|p1|4
|teamsize|p2|4
|start
|switch|p1a: Dragapult|Dragapult, L50, F|100/100
|switch|p1b: Charizard|Charizard, L50, F|100/100
|switch|p2a: Gholdengo|Gholdengo, L50|100/100
|switch|p2b: Farigiraf|Farigiraf, L50, M|100/100
|turn|1
|
|t:|1757742787
|-terastallize|p2a: Gholdengo|Water
|move|p1a: Dragapult|U-turn|p2a: Gholdengo
|-damage|p2a: Gholdengo|73/100
|
|t:|1757742792
|switch|p1a: Ninetales|Ninetales, L50, M, shiny|100/100|[from] U-turn
|-weather|SunnyDay|[from] ability: Drought|[of] p1a: Ninetales
|move|p1b: Charizard|Heat Wave|p2a: Gholdengo|[spread] p2a,p2b
|-resisted|p2a: Gholdengo
|-damage|p2a: Gholdengo|20/100
|-damage|p2b: Farigiraf|0 fnt
|faint|p2b: Farigiraf
|move|p2a: Gholdengo|Nasty Plot|p2a: Gholdengo
|-boost|p2a: Gholdengo|spa|2
|
|-weather|SunnyDay|[upkeep]
|-damage|p1b: Charizard|88/100|[from] ability: Solar Power|[of] p1b: Charizard
|upkeep
|
|t:|1757742810
|switch|p2b: Dragonite|Dragonite, L50, M|100/100
|turn|2
|
|t:|1757742823
|move|p2a: Gholdengo|Protect|p2a: Gholdengo
|-singleturn|p2a: Gholdengo|Protect
|move|p1a: Ninetales|Will-O-Wisp|p2b: Dragonite
|-status|p2b: Dragonite|brn
|move|p1b: Charizard|Heat Wave|p2b: Dragonite|[spread] 
|-activate|p2a: Gholdengo|move: Protect
|-miss|p1b: Charizard|p2b: Dragonite
|move|p2b: Dragonite|Tailwind|p2b: Dragonite
|-sidestart|p2: VenomHss010|move: Tailwind
|
|-weather|SunnyDay|[upkeep]
|-damage|p1b: Charizard|76/100|[from] ability: Solar Power|[of] p1b: Charizard
|-damage|p2b: Dragonite|94/100 brn|[from] brn
|upkeep
|turn|3
|inactive|VenomHss010 has 30 seconds left.
|
|t:|1757742849
|move|p1a: Ninetales|Protect|p1a: Ninetales
|-singleturn|p1a: Ninetales|Protect
|move|p2a: Gholdengo|Make It Rain|p1a: Ninetales|[spread] p1b
|-activate|p1a: Ninetales|move: Protect
|-resisted|p1b: Charizard
|-damage|p1b: Charizard|18/100
|-unboost|p2a: Gholdengo|spa|1
|move|p2b: Dragonite|Scale Shot|p1a: Ninetales
|-activate|p1a: Ninetales|move: Protect
|move|p1b: Charizard|Heat Wave|p2a: Gholdengo|[spread] p2b
|-miss|p1b: Charizard|p2a: Gholdengo
|-resisted|p2b: Dragonite
|-damage|p2b: Dragonite|47/100 brn
|
|-weather|SunnyDay|[upkeep]
|-damage|p1b: Charizard|5/100|[from] ability: Solar Power|[of] p1b: Charizard
|-damage|p2b: Dragonite|41/100 brn|[from] brn
|upkeep
|turn|4
|
|t:|1757742865
|move|p2a: Gholdengo|Make It Rain|p1b: Charizard|[spread] p1a,p1b
|-resisted|p1a: Ninetales
|-resisted|p1b: Charizard
|-damage|p1a: Ninetales|57/100
|-damage|p1b: Charizard|0 fnt
|-unboost|p2a: Gholdengo|spa|1
|faint|p1b: Charizard
|move|p2b: Dragonite|Scale Shot|p1a: Ninetales
|-damage|p1a: Ninetales|47/100
|-crit|p1a: Ninetales
|-damage|p1a: Ninetales|35/100
|-damage|p1a: Ninetales|25/100
|-damage|p1a: Ninetales|16/100
|-hitcount|p1a: Ninetales|4
|-unboost|p2b: Dragonite|def|1
|-boost|p2b: Dragonite|spe|1
|move|p1a: Ninetales|Heat Wave|p2b: Dragonite|[spread] p2a,p2b
|-resisted|p2a: Gholdengo
|-crit|p2a: Gholdengo
|-resisted|p2b: Dragonite
|-damage|p2a: Gholdengo|0 fnt
|-damage|p2b: Dragonite|21/100 brn
|faint|p2a: Gholdengo
|
|-weather|SunnyDay|[upkeep]
|-damage|p2b: Dragonite|15/100 brn|[from] brn
|upkeep
|
|t:|1757742876
|switch|p1b: Jumpluff|Jumpluff, L50, F|100/100
|switch|p2a: Garchomp|Garchomp, L50, F|100/100
|turn|5
|inactive|VenomHss010 has 30 seconds left.
|
|t:|1757742907
|move|p2b: Dragonite|Protect|p2b: Dragonite
|-singleturn|p2b: Dragonite|Protect
|move|p2a: Garchomp|Protect|p2a: Garchomp
|-singleturn|p2a: Garchomp|Protect
|move|p1a: Ninetales|Protect|p1a: Ninetales
|-singleturn|p1a: Ninetales|Protect
|move|p1b: Jumpluff|Tailwind|p1b: Jumpluff
|-sidestart|p1: Gworf|move: Tailwind
|
|-weather|none
|-damage|p2b: Dragonite|9/100 brn|[from] brn
|-sideend|p2: VenomHss010|move: Tailwind
|upkeep
|turn|6
|
|t:|1757742928
|move|p1b: Jumpluff|Pollen Puff|p1a: Ninetales
|-heal|p1a: Ninetales|66/100
|move|p1a: Ninetales|Will-O-Wisp|p2a: Garchomp
|-status|p2a: Garchomp|brn
|move|p2b: Dragonite|Ice Spinner|p1b: Jumpluff
|-supereffective|p1b: Jumpluff
|-damage|p1b: Jumpluff|33/100
|move|p2a: Garchomp|Earthquake|p1b: Jumpluff|[spread] p1a
|-immune|p2b: Dragonite
|-immune|p1b: Jumpluff
|-supereffective|p1a: Ninetales
|-damage|p1a: Ninetales|7/100
|
|-damage|p2b: Dragonite|3/100 brn|[from] brn
|-damage|p2a: Garchomp|95/100 brn|[from] brn
|upkeep
|turn|7
|inactive|Gworf has 30 seconds left.
|
|t:|1757742959
|move|p1a: Ninetales|Protect|p1a: Ninetales
|-singleturn|p1a: Ninetales|Protect
|move|p1b: Jumpluff|Strength Sap|p2a: Garchomp
|-fail|p2a: Garchomp|unboost|[from] item: Clear Amulet|[of] p2a: Garchomp
|-heal|p1b: Jumpluff|100/100
|move|p2b: Dragonite|Tailwind|p2b: Dragonite
|-sidestart|p2: VenomHss010|move: Tailwind
|move|p2a: Garchomp|Earthquake|p1b: Jumpluff|[spread] 
|-activate|p1a: Ninetales|move: Protect
|-immune|p2b: Dragonite
|-immune|p1b: Jumpluff
|
|-damage|p2b: Dragonite|0 fnt|[from] brn
|faint|p2b: Dragonite
|-damage|p2a: Garchomp|89/100 brn|[from] brn
|upkeep
|turn|8
|
|t:|1757742979
|-terastallize|p1a: Ninetales|Grass
|move|p1b: Jumpluff|Pollen Puff|p1a: Ninetales
|-heal|p1a: Ninetales|57/100
|move|p1a: Ninetales|Heat Wave|p2a: Garchomp
|-resisted|p2a: Garchomp
|-damage|p2a: Garchomp|66/100 brn
|move|p2a: Garchomp|Earthquake|p1a: Ninetales|[spread] p1a
|-immune|p1b: Jumpluff
|-resisted|p1a: Ninetales
|-damage|p1a: Ninetales|44/100
|
|-damage|p2a: Garchomp|60/100 brn|[from] brn
|-sideend|p1: Gworf|move: Tailwind
|upkeep
|turn|9
|inactive|Gworf has 30 seconds left.
|
|t:|1757743010
|move|p1b: Jumpluff|Protect|p1b: Jumpluff
|-singleturn|p1b: Jumpluff|Protect
|move|p1a: Ninetales|Protect|p1a: Ninetales
|-singleturn|p1a: Ninetales|Protect
|move|p2a: Garchomp|Dragon Claw|p1b: Jumpluff
|-activate|p1b: Jumpluff|move: Protect
|
|-damage|p2a: Garchomp|55/100 brn|[from] brn
|upkeep
|turn|10
|
|t:|1757743031
|move|p2a: Garchomp|Dragon Claw|p1b: Jumpluff
|-damage|p1b: Jumpluff|72/100
|move|p1b: Jumpluff|Tailwind|p1b: Jumpluff
|-sidestart|p1: Gworf|move: Tailwind
|move|p1a: Ninetales|Nasty Plot|p1a: Ninetales
|-boost|p1a: Ninetales|spa|2
|
|-damage|p2a: Garchomp|49/100 brn|[from] brn
|-sideend|p2: VenomHss010|move: Tailwind
|upkeep
|turn|11
|
|t:|1757743042
|move|p1b: Jumpluff|Pollen Puff|p2a: Garchomp
|-crit|p2a: Garchomp
|-damage|p2a: Garchomp|26/100 brn
|move|p1a: Ninetales|Heat Wave|p2a: Garchomp
|-resisted|p2a: Garchomp
|-damage|p2a: Garchomp|0 fnt
|faint|p2a: Garchomp
|
|win|Gworf
||VenomHss010 is ready for game 2.
|l|☆Gworf
|player|p1|
||Gworf is ready for game 2.
|uhtml|next|Next: Game 2 of 3
