|j|☆asmodeo666
|j|☆boncuss
|html|asmodeo666boncuss    
|uhtml|bestof|Game 3 of a best-of-3
|t:|1757832798
|gametype|doubles
|player|p1|asmodeo666|102|1115
|player|p2|boncuss|wattson|1232
|gen|9
|tier|[Gen 9] VGC 2025 Reg H (Bo3)
|rated|
|rule|Species Clause: Limit one of each Pokémon
|rule|Item Clause: Limit 1 of each item
|clearpoke
|poke|p1|Cramorant, L50, M|
|poke|p1|Incineroar, L50, F|
|poke|p1|Sceptile, L50, M|
|poke|p1|Gastrodon, L50, M|
|poke|p1|Toxicroak, L50, F|
|poke|p1|Gardevoir, L50, F|
|poke|p2|Garganacl, L50, M|
|poke|p2|Tyranitar, L50, F|
|poke|p2|Glimmora, L50, F|
|poke|p2|Talonflame, L50, M|
|poke|p2|Excadrill, L50, F|
|poke|p2|Gastrodon, L50, F|
|teampreview|4
|showteam|p1|Cramorant||CovertCloak|GulpMissile|Surf,AirSlash,Tailwind,Protect|||M|||50|,,,,,Dragon]Incineroar||SafetyGoggles|Intimidate|FakeOut,FlareBlitz,KnockOff,PartingShot|||F|||50|,,,,,Ghost]Sceptile||AbsorbBulb|Unburden|GigaDrain,DragonPulse,TeraBlast,Protect|||M|||50|,,,,,Ghost]Gastrodon||Leftovers|StormDrain|MuddyWater,EarthPower,Recover,Protect|||M|||50|,,,,,Fire]Toxicroak||ClearAmulet|DrySkin|FakeOut,CloseCombat,GunkShot,SuckerPunch|||F|||50|,,,,,Dark]Gardevoir||ChoiceScarf|Telepathy|Moonblast,DazzlingGleam,ExpandingForce,MysticalFire|||F|||50|,,,,,Fairy
|showteam|p2|Garganacl||Leftovers|PurifyingSalt|SaltCure,Curse,WideGuard,Recover|||M|||50|,,,,,Ghost]Tyranitar||AssaultVest|SandStream|RockSlide,KnockOff,LashOut,IcePunch|||F|||50|,,,,,Flying]Glimmora||PowerHerb|ToxicDebris|MeteorBeam,SpikyShield,SludgeBomb,EarthPower|||F|||50|,,,,,Grass]Talonflame||CovertCloak|GaleWings|DualWingbeat,FlareBlitz,Tailwind,WillOWisp|||M|||50|,,,,,Flying]Excadrill||SitrusBerry|SandRush|IronHead,Earthquake,SwordsDance,Protect|||F|||50|,,,,,Ghost]Gastrodon||LifeOrb|StormDrain|EarthPower,MuddyWater,IceBeam,Protect|||F|||50|,,,,,Fire
|inactive|Battle timer is ON: inactive players will automatically lose when time's up. (requested by boncuss)
|
|t:|1757832812
|teamsize|p1|4
|teamsize|p2|4
|start
|switch|p1a: Cramorant|Cramorant, L50, M|100/100
|switch|p1b: Toxicroak|Toxicroak, L50, F|100/100
|switch|p2a: Talonflame|Talonflame, L50, M|100/100
|switch|p2b: Glimmora|Glimmora, L50, F|100/100
|turn|1
|
|t:|1757832829
|switch|p2b: Gastrodon|Gastrodon, L50, F|100/100
|move|p1b: Toxicroak|Fake Out|p2b: Gastrodon
|-damage|p2b: Gastrodon|87/100
|move|p2a: Talonflame|Dual Wingbeat|p1b: Toxicroak|[miss]
|-miss|p2a: Talonflame|p1b: Toxicroak
|move|p1a: Cramorant|Surf|p2b: Gastrodon|[spread] p2a
|-immune|p1b: Toxicroak|[from] ability: Dry Skin
|-ability|p2b: Gastrodon|Storm Drain|boost
|-boost|p2b: Gastrodon|spa|1
|-formechange|p1a: Cramorant|Cramorant-Gulping|
|-supereffective|p2a: Talonflame
|-damage|p2a: Talonflame|21/100
|
|upkeep
|turn|2
|
|t:|1757832851
|move|p1b: Toxicroak|Sucker Punch||[still]
|-fail|p1b: Toxicroak
|move|p2a: Talonflame|Tailwind|p2a: Talonflame
|-sidestart|p2: boncuss|move: Tailwind
|move|p1a: Cramorant|Tailwind|p1a: Cramorant
|-sidestart|p1: asmodeo666|move: Tailwind
|move|p2b: Gastrodon|Earth Power|p1b: Toxicroak
|-supereffective|p1b: Toxicroak
|-damage|p1b: Toxicroak|0 fnt
|faint|p1b: Toxicroak
|-damage|p2b: Gastrodon|78/100|[from] item: Life Orb
|
|upkeep
|
|t:|1757832858
|switch|p1b: Sceptile|Sceptile, L50, M|100/100
|turn|3
|
|t:|1757832872
|-terastallize|p2b: Gastrodon|Fire
|move|p2a: Talonflame|Dual Wingbeat|p1a: Cramorant
|-damage|p1a: Cramorant|69/100
|-damage|p2a: Talonflame|0 fnt|[from] ability: Gulp Missile|[of] p1a: Cramorant
|-formechange|p1a: Cramorant|Cramorant|
|faint|p2a: Talonflame
|-hitcount|p1a: Cramorant|1
|move|p1b: Sceptile|Giga Drain|p2b: Gastrodon
|-resisted|p2b: Gastrodon
|-crit|p2b: Gastrodon
|-damage|p2b: Gastrodon|47/100
|move|p1a: Cramorant|Surf|p2b: Gastrodon|[spread] p1b
|-ability|p2b: Gastrodon|Storm Drain|boost
|-boost|p2b: Gastrodon|spa|1
|-formechange|p1a: Cramorant|Cramorant-Gulping|
|-resisted|p1b: Sceptile
|-damage|p1b: Sceptile|81/100
|-enditem|p1b: Sceptile|Absorb Bulb
|-boost|p1b: Sceptile|spa|1|[from] item: Absorb Bulb
|move|p2b: Gastrodon|Ice Beam|p1b: Sceptile
|-supereffective|p1b: Sceptile
|-damage|p1b: Sceptile|0 fnt
|faint|p1b: Sceptile
|-damage|p2b: Gastrodon|37/100|[from] item: Life Orb
|
|upkeep
|
|t:|1757832883
|switch|p2a: Glimmora|Glimmora, L50, F|100/100
|switch|p1b: Gastrodon|Gastrodon, L50, M|100/100
|turn|4
|
|t:|1757832897
|move|p2a: Glimmora|Meteor Beam||[still]
|-prepare|p2a: Glimmora|Meteor Beam
|-boost|p2a: Glimmora|spa|1
|-enditem|p2a: Glimmora|Power Herb
|-anim|p2a: Glimmora|Meteor Beam|p1a: Cramorant
|-supereffective|p1a: Cramorant
|-damage|p1a: Cramorant|0 fnt
|-damage|p2a: Glimmora|76/100|[from] ability: Gulp Missile|[of] p1a: Cramorant
|-unboost|p2a: Glimmora|def|1
|-formechange|p1a: Cramorant|Cramorant|
|faint|p1a: Cramorant
|move|p1b: Gastrodon|Earth Power|p2b: Gastrodon
|-supereffective|p2b: Gastrodon
|-damage|p2b: Gastrodon|0 fnt
|faint|p2b: Gastrodon
|
|upkeep
|
|t:|1757832900
|switch|p2b: Tyranitar|Tyranitar, L50, F|100/100
|-weather|Sandstorm|[from] ability: Sand Stream|[of] p2b: Tyranitar
|turn|5
|
|t:|1757832909
|move|p2a: Glimmora|Earth Power|p1b: Gastrodon
|-damage|p1b: Gastrodon|53/100
|move|p2b: Tyranitar|Knock Off|p1b: Gastrodon
|-damage|p1b: Gastrodon|0 fnt
|-enditem|p1b: Gastrodon|Leftovers|[from] move: Knock Off|[of] p2b: Tyranitar
|faint|p1b: Gastrodon
|
|win|boncuss
|raw|asmodeo666's rating: 1115 → 1098(-17 for losing)
|raw|boncuss's rating: 1232 → 1249(+17 for winning)
|l|☆asmodeo666
|player|p1|
|c|☆boncuss|nice team
|l|☆boncuss
|player|p2|
