|j|☆Im_Neutro
|j|☆elmono11
|html|Im_Neutroelmono11    
|uhtml|bestof|Game 2 of a best-of-3
|t:|1783870118
|gametype|doubles
|player|p1|Im_Neutro|noland|1081
|player|p2|elmono11|101|1054
|gen|9
|tier|[Gen 9 Champions] VGC 2026 Reg M-B (Bo3)
|rated|
|rule|Species Clause: Limit one of each Pokémon
|rule|Item Clause: Limit 1 of each item
|clearpoke
|poke|p1|Gengar, L50, F|
|poke|p1|Kingambit, L50, F|
|poke|p1|Incineroar, L50, F|
|poke|p1|Sinistcha, L50|
|poke|p1|Toxapex, L50, F|
|poke|p1|Kommo-o, L50, M|
|poke|p2|Blaziken, L50, M|
|poke|p2|Venusaur, L50, M|
|poke|p2|Ninetales-Alola, L50, M|
|poke|p2|Lycanroc-Dusk, L50, M|
|poke|p2|Kingambit, L50, F|
|poke|p2|Basculegion, L50, M|
|teampreview|4
|showteam|p1|Gengar||Gengarite|CursedBody|PerishSong,Protect,ShadowBall,Disable|Timid||F|||50|]Kingambit||BlackGlasses|Defiant|KowtowCleave,IronHead,SuckerPunch,Protect|Brave||F|||50|]Incineroar||PasshoBerry|Intimidate|FlareBlitz,FakeOut,PartingShot,Protect|Relaxed||F|||50|]Sinistcha||ColburBerry|Hospitality|MatchaGotcha,RagePowder,Protect,LifeDew|Bold|||||50|]Toxapex||SitrusBerry|Regenerator|BanefulBunker,Infestation,Toxic,Recover|Bold||F|||50|]Kommo-o||Leftovers|Soundproof|ClangorousSoul,ClangingScales,AuraSphere,Protect|Modest||M|||50|
|showteam|p2|Blaziken||Blazikenite|SpeedBoost|CloseCombat,FlareBlitz,StoneEdge,Detect|Adamant||M|||50|]Venusaur||Venusaurite|Chlorophyll|GigaDrain,SludgeBomb,EarthPower,Protect|Modest||M|||50|]Ninetales-Alola||NeverMeltIce|SnowWarning|Blizzard,FreezeDry,Encore,Protect|Timid||M|||50|]Lycanroc-Dusk||FocusSash|ToughClaws|Accelerock,RockSlide,CloseCombat,Protect|Adamant||M|||50|]Kingambit||LifeOrb|Defiant|KowtowCleave,SuckerPunch,IronHead,Protect|Adamant||F|||50|]Basculegion||ChoiceScarf|Adaptability|WaveCrash,LastRespects,FlipTurn,AquaJet|Jolly||M|||50|
|inactive|Battle timer is ON: inactive players will automatically lose when time's up. (requested by Im_Neutro)
|inactive|elmono11 has 60 seconds left.
|
|t:|1783870164
|teamsize|p1|4
|teamsize|p2|4
|start
|switch|p1a: Gengar|Gengar, L50, F|100/100
|switch|p1b: Incineroar|Incineroar, L50, F|100/100
|switch|p2a: Kingambit|Kingambit, L50, F|100/100
|switch|p2b: Basculegion|Basculegion, L50, M|100/100
|-ability|p1b: Incineroar|Intimidate|boost
|-unboost|p2a: Kingambit|atk|1
|-ability|p2a: Kingambit|Defiant|boost
|-boost|p2a: Kingambit|atk|2
|-unboost|p2b: Basculegion|atk|1
|turn|1
|
|t:|1783870176
|detailschange|p1a: Gengar|Gengar-Mega, L50, F
|-mega|p1a: Gengar|Gengar|Gengarite
|move|p2a: Kingambit|Protect|p2a: Kingambit
|-singleturn|p2a: Kingambit|Protect
|move|p1b: Incineroar|Fake Out|p2a: Kingambit
|-activate|p2a: Kingambit|move: Protect
|move|p2b: Basculegion|Wave Crash|p1b: Incineroar
|-supereffective|p1b: Incineroar|1
|-enditem|p1b: Incineroar|Passho Berry|[eat]
|-enditem|p1b: Incineroar|Passho Berry|[weaken]
|-damage|p1b: Incineroar|61/100
|-damage|p2b: Basculegion|86/100|[from] Recoil
|move|p1a: Gengar|Perish Song|p1a: Gengar
|-start|p1a: Gengar|perish3|[silent]
|-start|p1b: Incineroar|perish3|[silent]
|-start|p2a: Kingambit|perish3|[silent]
|-start|p2b: Basculegion|perish3|[silent]
|-fieldactivate|move: Perish Song
|
|-start|p2b: Basculegion|perish3
|-start|p1a: Gengar|perish3
|-start|p1b: Incineroar|perish3
|-start|p2a: Kingambit|perish3
|upkeep
|turn|2
|
|t:|1783870180
|move|p1a: Gengar|Protect|p1a: Gengar
|-singleturn|p1a: Gengar|Protect
|move|p1b: Incineroar|Protect|p1b: Incineroar
|-singleturn|p1b: Incineroar|Protect
|move|p2b: Basculegion|Wave Crash|p1b: Incineroar
|-activate|p1b: Incineroar|move: Protect
|move|p2a: Kingambit|Kowtow Cleave|p1a: Gengar
|-activate|p1a: Gengar|move: Protect
|
|-start|p2b: Basculegion|perish2
|-start|p1a: Gengar|perish2
|-start|p1b: Incineroar|perish2
|-start|p2a: Kingambit|perish2
|upkeep
|turn|3
|
|t:|1783870192
|switch|p1b: Toxapex|Toxapex, L50, F|100/100
|move|p2b: Basculegion|Wave Crash|p1b: Toxapex
|-resisted|p1b: Toxapex|1
|-damage|p1b: Toxapex|85/100
|-damage|p2b: Basculegion|82/100|[from] Recoil
|move|p1a: Gengar|Disable|p2a: Kingambit
|-start|p2a: Kingambit|Disable|Kowtow Cleave
|cant|p2a: Kingambit|Disable|Kowtow Cleave
|
|-start|p2b: Basculegion|perish1
|-start|p1a: Gengar|perish1
|-start|p2a: Kingambit|perish1
|upkeep
|turn|4
|inactive|elmono11 has 30 seconds left.
|inactive|Im_Neutro has 30 seconds left.
|
|t:|1783870228
|switch|p2b: Ninetales|Ninetales-Alola, L50, M|100/100
|-weather|Snowscape|[from] ability: Snow Warning|[of] p2b: Ninetales
|switch|p1a: Incineroar|Incineroar, L50, F|61/100
|-ability|p1a: Incineroar|Intimidate|boost
|-unboost|p2a: Kingambit|atk|1
|-ability|p2a: Kingambit|Defiant|boost
|-boost|p2a: Kingambit|atk|2
|-unboost|p2b: Ninetales|atk|1
|move|p2a: Kingambit|Iron Head|p1a: Incineroar
|-resisted|p1a: Incineroar|1
|-damage|p1a: Incineroar|16/100
|-damage|p2a: Kingambit|90/100|[from] item: Life Orb
|move|p1b: Toxapex|Infestation|p2b: Ninetales
|-resisted|p2b: Ninetales|1
|-damage|p2b: Ninetales|98/100
|-activate|p2b: Ninetales|move: Infestation|[of] p1b: Toxapex
|
|-weather|Snowscape|[upkeep]
|-damage|p2b: Ninetales|86/100|[from] move: Infestation|[partiallytrapped]
|-start|p2a: Kingambit|perish0
|upkeep
|faint|p2a: Kingambit
|
|t:|1783870246
|switch|p2a: Basculegion|Basculegion, L50, M|82/100
|turn|5
|
|t:|1783870261
|move|p1a: Incineroar|Fake Out|p2b: Ninetales
|-damage|p2b: Ninetales|76/100
|move|p2a: Basculegion|Last Respects|p1b: Toxapex
|-crit|p1b: Toxapex
|-damage|p1b: Toxapex|31/100
|-enditem|p1b: Toxapex|Sitrus Berry|[eat]
|-heal|p1b: Toxapex|56/100|[from] item: Sitrus Berry
|cant|p2b: Ninetales|flinch
|move|p1b: Toxapex|Infestation|p2a: Basculegion
|-resisted|p2a: Basculegion|1
|-damage|p2a: Basculegion|81/100
|-activate|p2a: Basculegion|move: Infestation|[of] p1b: Toxapex
|
|-weather|Snowscape|[upkeep]
|-damage|p2a: Basculegion|68/100|[from] move: Infestation|[partiallytrapped]
|-damage|p2b: Ninetales|64/100|[from] move: Infestation|[partiallytrapped]
|upkeep
|turn|6
|
|t:|1783870280
|move|p1b: Toxapex|Baneful Bunker|p1b: Toxapex
|-singleturn|p1b: Toxapex|move: Protect
|move|p2a: Basculegion|Last Respects|p1a: Incineroar
|-resisted|p1a: Incineroar|1
|-damage|p1a: Incineroar|0 fnt
|faint|p1a: Incineroar
|move|p2b: Ninetales|Freeze-Dry|p1b: Toxapex
|-activate|p1b: Toxapex|move: Protect
|
|-weather|Snowscape|[upkeep]
|-damage|p2a: Basculegion|56/100|[from] move: Infestation|[partiallytrapped]
|-damage|p2b: Ninetales|52/100|[from] move: Infestation|[partiallytrapped]
|upkeep
|
|t:|1783870292
|switch|p1a: Kingambit|Kingambit, L50, F|100/100
|turn|7
|
|t:|1783870305
|-heal|p1b: Toxapex|89/100|[from] ability: Regenerator|[silent]
|switch|p1b: Gengar|Gengar-Mega, L50, F|100/100
|move|p1a: Kingambit|Sucker Punch|p2a: Basculegion
|-supereffective|p2a: Basculegion|1
|-crit|p2a: Basculegion
|-damage|p2a: Basculegion|0 fnt
|faint|p2a: Basculegion
|move|p2b: Ninetales|Encore||[still]
|-fail|p2b: Ninetales
|
|-weather|Snowscape|[upkeep]
|-end|p2b: Ninetales|Infestation|[partiallytrapped]|[silent]
|upkeep
|
|t:|1783870307
|switch|p2a: Blaziken|Blaziken, L50, M|100/100
|turn|8
|inactive|elmono11 has 30 seconds left.
|inactive|elmono11 has 20 seconds left.
|
|t:|1783870342
|detailschange|p2a: Blaziken|Blaziken-Mega, L50, M
|-mega|p2a: Blaziken|Blaziken|Blazikenite
|move|p1b: Gengar|Perish Song|p1b: Gengar
|-start|p1a: Kingambit|perish3|[silent]
|-start|p1b: Gengar|perish3|[silent]
|-start|p2a: Blaziken|perish3|[silent]
|-start|p2b: Ninetales|perish3|[silent]
|-fieldactivate|move: Perish Song
|move|p2b: Ninetales|Encore|p1b: Gengar
|-start|p1b: Gengar|Encore
|move|p2a: Blaziken|Close Combat|p1a: Kingambit
|-supereffective|p1a: Kingambit|2
|-damage|p1a: Kingambit|0 fnt
|-unboost|p2a: Blaziken|def|1
|-unboost|p2a: Blaziken|spd|1
|faint|p1a: Kingambit
|
|-weather|none
|-start|p1b: Gengar|perish3
|-start|p2b: Ninetales|perish3
|-start|p2a: Blaziken|perish3
|-ability|p2a: Blaziken|Speed Boost|boost
|-boost|p2a: Blaziken|spe|1
|upkeep
|
|t:|1783870353
|switch|p1a: Toxapex|Toxapex, L50, F|89/100
|turn|9
|
|t:|1783870361
|move|p1a: Toxapex|Baneful Bunker|p1a: Toxapex
|-singleturn|p1a: Toxapex|move: Protect
|move|p2a: Blaziken|Stone Edge|p1a: Toxapex
|-activate|p1a: Toxapex|move: Protect
|move|p1b: Gengar|Perish Song|p1b: Gengar
|-start|p1a: Toxapex|perish3|[silent]
|-fieldactivate|move: Perish Song
|move|p2b: Ninetales|Freeze-Dry|p1a: Toxapex
|-activate|p1a: Toxapex|move: Protect
|
|-start|p2a: Blaziken|perish2
|-start|p1b: Gengar|perish2
|-start|p2b: Ninetales|perish2
|-start|p1a: Toxapex|perish3
|-ability|p2a: Blaziken|Speed Boost|boost
|-boost|p2a: Blaziken|spe|1
|upkeep
|turn|10
|
|t:|1783870368
|move|p2a: Blaziken|Stone Edge|p1a: Toxapex
|-damage|p1a: Toxapex|63/100
|move|p1b: Gengar|Perish Song||[still]
|-fail|p1b: Gengar
|move|p2b: Ninetales|Freeze-Dry|p1a: Toxapex
|-supereffective|p1a: Toxapex|1
|-damage|p1a: Toxapex|14/100
|move|p1a: Toxapex|Recover|p1a: Toxapex
|-heal|p1a: Toxapex|64/100
|
|-start|p2a: Blaziken|perish1
|-start|p1b: Gengar|perish1
|-start|p2b: Ninetales|perish1
|-start|p1a: Toxapex|perish2
|-ability|p2a: Blaziken|Speed Boost|boost
|-boost|p2a: Blaziken|spe|1
|upkeep
|turn|11
|
|t:|1783870377
|move|p1a: Toxapex|Baneful Bunker|p1a: Toxapex
|-singleturn|p1a: Toxapex|move: Protect
|move|p2a: Blaziken|Stone Edge|p1a: Toxapex
|-activate|p1a: Toxapex|move: Protect
|move|p1b: Gengar|Perish Song||[still]
|-fail|p1b: Gengar
|move|p2b: Ninetales|Freeze-Dry|p1a: Toxapex
|-activate|p1a: Toxapex|move: Protect
|
|-end|p1b: Gengar|Encore
|-start|p2a: Blaziken|perish0
|-start|p1b: Gengar|perish0
|-start|p2b: Ninetales|perish0
|-start|p1a: Toxapex|perish1
|faint|p2a: Blaziken
|faint|p1b: Gengar
|faint|p2b: Ninetales
|
|win|Im_Neutro
