|j|☆chocokoala vgc
|j|☆Purgatory12
|html|chocokoala vgcPurgatory12    
|uhtml|bestof|Game 3 of a best-of-3
|t:|1784479497
|gametype|doubles
|player|p1|chocokoala vgc|benga|1302
|player|p2|Purgatory12|170|1219
|gen|9
|tier|[Gen 9 Champions] VGC 2026 Reg M-B (Bo3)
|rated|
|rule|Species Clause: Limit one of each Pokémon
|rule|Item Clause: Limit 1 of each item
|clearpoke
|poke|p1|Scovillain, L50, M|
|poke|p1|Primarina, L50, F|
|poke|p1|Aerodactyl, L50, M|
|poke|p1|Garchomp, L50, M|
|poke|p1|Gholdengo, L50|
|poke|p1|Grimmsnarl, L50, M|
|poke|p2|Whimsicott, L50, F|
|poke|p2|Raichu, L50, F|
|poke|p2|Aerodactyl, L50, F|
|poke|p2|Farigiraf, L50, M|
|poke|p2|Basculegion, L50, M|
|poke|p2|Hydreigon, L50, M|
|teampreview|4
|showteam|p1|Scovillain||Scovillainite|Moody|Flamethrower,GigaDrain,Protect,RagePowder|Bold||M|||50|]Primarina||Leftovers|LiquidVoice|HyperVoice,Moonblast,Protect,CalmMind|Modest||F|||50|]Aerodactyl||Aerodactylite|Unnerve|RockSlide,DualWingbeat,Protect,Tailwind|Jolly||M|||50|]Garchomp||SoftSand|RoughSkin|Earthquake,StompingTantrum,Protect,DragonClaw|Jolly||M|||50|]Gholdengo||LifeOrb|GoodasGold|MakeItRain,ShadowBall,Protect,NastyPlot|Modest|||||50|]Grimmsnarl||LightClay|Prankster|LightScreen,Reflect,PartingShot,SpiritBreak|Sassy||M|||50|
|showteam|p2|Whimsicott||FocusSash|Prankster|Moonblast,Tailwind,Protect,Encore|Timid||F|||50|]Raichu||RaichuniteY|LightningRod|Protect,ZapCannon,FocusBlast,GrassKnot|Timid||F|||50|]Aerodactyl||Aerodactylite|Unnerve|Protect,RockSlide,IceFang,DualWingbeat|Jolly||F|||50|]Farigiraf||SitrusBerry|ArmorTail|TwinBeam,TrickRoom,HelpingHand,HyperVoice|Bold||M|||50|]Basculegion||LifeOrb|Adaptability|WaveCrash,LastRespects,Protect,AquaJet|Jolly||M|||50|]Hydreigon||ChoiceScarf|Levitate|DracoMeteor,DarkPulse,HeatWave,EarthPower|Modest||M|||50|
|inactive|Battle timer is ON: inactive players will automatically lose when time's up. (requested by chocokoala vgc)
|inactive|Purgatory12 has 60 seconds left.
|
|t:|1784479542
|teamsize|p1|4
|teamsize|p2|4
|start
|switch|p1a: Grimmsnarl|Grimmsnarl, L50, M|100/100
|switch|p1b: Garchomp|Garchomp, L50, M|100/100
|switch|p2a: Whimsicott|Whimsicott, L50, F|100/100
|switch|p2b: Aerodactyl|Aerodactyl, L50, F|100/100
|-ability|p2b: Aerodactyl|Unnerve
|turn|1
|
|t:|1784479563
|switch|p1b: Primarina|Primarina, L50, F|100/100
|detailschange|p2b: Aerodactyl|Aerodactyl-Mega, L50, F
|-mega|p2b: Aerodactyl|Aerodactyl|Aerodactylite
|move|p1a: Grimmsnarl|Light Screen|p1a: Grimmsnarl
|-sidestart|p1: chocokoala vgc|move: Light Screen
|move|p2b: Aerodactyl|Dual Wingbeat|p1a: Grimmsnarl
|-damage|p1a: Grimmsnarl|73/100
|-damage|p1a: Grimmsnarl|42/100
|-hitcount|p1a: Grimmsnarl|2
|move|p2a: Whimsicott|Moonblast|p1a: Grimmsnarl
|-supereffective|p1a: Grimmsnarl|1
|-damage|p1a: Grimmsnarl|0 fnt
|faint|p1a: Grimmsnarl
|
|upkeep
|
|t:|1784479577
|switch|p1a: Scovillain|Scovillain, L50, M|100/100
|turn|2
|
|t:|1784479598
|move|p1a: Scovillain|Protect|p1a: Scovillain
|-singleturn|p1a: Scovillain|Protect
|move|p2b: Aerodactyl|Rock Slide|p1a: Scovillain|[spread] p1b
|-activate|p1a: Scovillain|move: Protect
|-damage|p1b: Primarina|62/100
|move|p2a: Whimsicott|Moonblast|p1b: Primarina
|-damage|p1b: Primarina|44/100
|move|p1b: Primarina|Hyper Voice|p2a: Whimsicott|[spread] p2a,p2b
|-resisted|p2a: Whimsicott|1
|-supereffective|p2b: Aerodactyl|1
|-damage|p2a: Whimsicott|73/100
|-damage|p2b: Aerodactyl|14/100
|
|-heal|p1b: Primarina|50/100y|[from] item: Leftovers
|-ability|p1a: Scovillain|Moody|boost
|-boost|p1a: Scovillain|def|2
|-unboost|p1a: Scovillain|spa|1
|upkeep
|turn|3
|
|t:|1784479622
|detailschange|p1a: Scovillain|Scovillain-Mega, L50, M
|-mega|p1a: Scovillain|Scovillain|Scovillainite
|move|p1b: Primarina|Protect|p1b: Primarina
|-singleturn|p1b: Primarina|Protect
|move|p2b: Aerodactyl|Rock Slide|p1a: Scovillain|[spread] p1a
|-activate|p1b: Primarina|move: Protect
|-supereffective|p1a: Scovillain|1
|-damage|p1a: Scovillain|67/100
|-status|p2b: Aerodactyl|brn|[from] ability: Spicy Spray|[of] p1a: Scovillain
|move|p2a: Whimsicott|Moonblast|p1b: Primarina
|-activate|p1b: Primarina|move: Protect
|move|p1a: Scovillain|Giga Drain|p2b: Aerodactyl
|-damage|p2b: Aerodactyl|0 fnt
|-heal|p1a: Scovillain|74/100|[from] drain|[of] p2b: Aerodactyl
|faint|p2b: Aerodactyl
|
|-heal|p1b: Primarina|55/100|[from] item: Leftovers
|upkeep
|inactive|Purgatory12 has 30 seconds left.
|
|t:|1784479649
|switch|p2b: Hydreigon|Hydreigon, L50, M|100/100
|turn|4
|inactive|Purgatory12 has 30 seconds left.
|
|t:|1784479681
|switch|p1b: Garchomp|Garchomp, L50, M|100/100
|move|p2a: Whimsicott|Encore||[still]
|-fail|p2a: Whimsicott
|move|p2b: Hydreigon|Dark Pulse|p1a: Scovillain
|-damage|p1a: Scovillain|45/100
|-status|p2b: Hydreigon|brn|[from] ability: Spicy Spray|[of] p1a: Scovillain
|move|p1a: Scovillain|Flamethrower|p2a: Whimsicott
|-supereffective|p2a: Whimsicott|1
|-damage|p2a: Whimsicott|0 fnt
|faint|p2a: Whimsicott
|
|-damage|p2b: Hydreigon|94/100 brn|[from] brn
|upkeep
|
|t:|1784479688
|switch|p2a: Basculegion|Basculegion, L50, M|100/100
|turn|5
|
|t:|1784479712
|move|p1b: Garchomp|Protect|p1b: Garchomp
|-singleturn|p1b: Garchomp|Protect
|move|p1a: Scovillain|Protect|p1a: Scovillain
|-singleturn|p1a: Scovillain|Protect
|move|p2b: Hydreigon|Dark Pulse|p1a: Scovillain
|-activate|p1a: Scovillain|move: Protect
|move|p2a: Basculegion|Last Respects|p1b: Garchomp
|-activate|p1b: Garchomp|move: Protect
|
|-damage|p2b: Hydreigon|88/100 brn|[from] brn
|upkeep
|turn|6
|
|t:|1784479723
|move|p1a: Scovillain|Rage Powder|p1a: Scovillain
|-singleturn|p1a: Scovillain|move: Rage Powder
|move|p2b: Hydreigon|Dark Pulse|p1a: Scovillain
|-damage|p1a: Scovillain|15/100
|move|p1b: Garchomp|Stomping Tantrum|p2a: Basculegion
|-damage|p2a: Basculegion|44/100
|move|p2a: Basculegion|Last Respects|p1a: Scovillain
|-damage|p1a: Scovillain|0 fnt
|-status|p2a: Basculegion|brn|[from] ability: Spicy Spray|[of] p1a: Scovillain
|faint|p1a: Scovillain
|-damage|p2a: Basculegion|35/100 brn|[from] item: Life Orb
|
|-damage|p2b: Hydreigon|82/100 brn|[from] brn
|-damage|p2a: Basculegion|28/100 brn|[from] brn
|upkeep
|
|t:|1784479735
|switch|p1a: Primarina|Primarina, L50, F|55/100
|turn|7
|inactive|Purgatory12 has 30 seconds left.
|
|t:|1784479762
|move|p2b: Hydreigon|Dark Pulse|p1b: Garchomp
|-crit|p1b: Garchomp
|-damage|p1b: Garchomp|28/100
|move|p1b: Garchomp|Stomping Tantrum|p2a: Basculegion
|-damage|p2a: Basculegion|0 fnt
|faint|p2a: Basculegion
|move|p1a: Primarina|Moonblast|p2b: Hydreigon
|-supereffective|p2b: Hydreigon|2
|-damage|p2b: Hydreigon|0 fnt
|faint|p2b: Hydreigon
|
|win|chocokoala vgc
|raw|chocokoala vgc's rating: 1302 → 1317(+15 for winning)
|raw|Purgatory12's rating: 1219 → 1200(-19 for losing)
