|j|☆kuoli00021
|j|☆benlulu
|html|kuoli00021benlulu    
|uhtml|bestof|Game 1 of a best-of-3
|t:|1785169594
|gametype|doubles
|player|p1|kuoli00021|170|
|player|p2|benlulu|dawn-gen4pt|
|gen|9
|tier|[Gen 9 Champions] VGC 2026 Reg M-B (Bo3)
|rule|Species Clause: Limit one of each Pokémon
|rule|Item Clause: Limit 1 of each item
|clearpoke
|poke|p1|Talonflame, L50, F|
|poke|p1|Raichu, L50, M|
|poke|p1|Metagross, L50|
|poke|p1|Sinistcha, L50|
|poke|p1|Garchomp, L50, F|
|poke|p1|Kingambit, L50, M|
|poke|p2|Raichu, L50, F|
|poke|p2|Basculegion, L50, M|
|poke|p2|Ninetales-Alola, L50, F|
|poke|p2|Garchomp, L50, F|
|poke|p2|Tsareena, L50, F|
|poke|p2|Talonflame, L50, M|
|teampreview|4
|showteam|p1|Talonflame|||GaleWings|Acrobatics,Taunt,Tailwind,Protect|Jolly||F|||50|]Raichu||RaichuniteY|LightningRod|ZapCannon,FocusBlast,FakeOut,Protect|Timid||M|||50|]Metagross||Metagrossite|ClearBody|IronHead,PsychicFangs,IcePunch,Protect|Jolly|||||50|]Sinistcha||KasibBerry|Hospitality|MatchaGotcha,TrickRoom,RagePowder,Protect|Calm|||||50|]Garchomp||LifeOrb|RoughSkin|RockSlide,DragonClaw,StompingTantrum,Protect|Jolly||F|||50|]Kingambit||FocusSash|Defiant|KowtowCleave,SuckerPunch,IronHead,LowKick|Adamant||M|||50|
|showteam|p2|Raichu||RaichuniteY|Static|ZapCannon,FocusBlast,FakeOut,Protect|Timid||F|||50|]Basculegion||ChoiceScarf|Adaptability|WaveCrash,LastRespects,Soak,FlipTurn|Jolly||M|||50|]Ninetales-Alola||FocusSash|SnowWarning|Blizzard,FreezeDry,Encore,Protect|Timid||F|||50|]Garchomp||LifeOrb|RoughSkin|Earthquake,DragonClaw,RockSlide,Protect|Jolly||F|||50|]Tsareena||WideLens|QueenlyMajesty|PowerWhip,HighJumpKick,TripleAxel,Taunt|Adamant||F|||50|]Talonflame||ExpertBelt|GaleWings|DualWingbeat,FlareBlitz,Tailwind,Protect|Jolly||M|||50|
|j| E10 parcticeteam
|j| aim1995
|l| E10 parcticeteam
|j| E10 parcticeteam
|
|t:|1785169697
|teamsize|p1|4
|teamsize|p2|4
|start
|switch|p1a: Talonflame|Talonflame, L50, F|100/100
|switch|p1b: Metagross|Metagross, L50|100/100
|switch|p2a: Raichu|Raichu, L50, F|100/100
|switch|p2b: Basculegion|Basculegion, L50, M|100/100
|turn|1
|j| tedidn
|
|t:|1785169746
|switch|p2b: Talonflame|Talonflame, L50, M|100/100
|detailschange|p2a: Raichu|Raichu-Mega-Y, L50, F
|-mega|p2a: Raichu|Raichu|Raichunite Y
|detailschange|p1b: Metagross|Metagross-Mega, L50
|-mega|p1b: Metagross|Metagross|Metagrossite
|move|p1a: Talonflame|Tailwind|p1a: Talonflame
|-sidestart|p1: kuoli00021|move: Tailwind
|move|p1b: Metagross|Psychic Fangs|p2a: Raichu
|-damage|p2a: Raichu|10/100
|move|p2a: Raichu|Zap Cannon|p1b: Metagross
|-damage|p1b: Metagross|31/100
|-status|p1b: Metagross|par
|
|upkeep
|turn|2
|
|t:|1785169790
|switch|p1b: Garchomp|Garchomp, L50, F|100/100
|move|p2a: Raichu|Protect|p2a: Raichu
|-singleturn|p2a: Raichu|Protect
|move|p1a: Talonflame|Acrobatics|p2a: Raichu
|-activate|p2a: Raichu|move: Protect
|move|p2b: Talonflame|Dual Wingbeat|p1a: Talonflame|[miss]
|-miss|p2b: Talonflame|p1a: Talonflame
|
|upkeep
|turn|3
|l| tedidn
|
|t:|1785169819
|switch|p2a: Garchomp|Garchomp, L50, F|100/100
|move|p2b: Talonflame|Protect|p2b: Talonflame
|-singleturn|p2b: Talonflame|Protect
|move|p1a: Talonflame|Acrobatics|p2a: Garchomp
|-crit|p2a: Garchomp
|-damage|p2a: Garchomp|38/100
|-damage|p1a: Talonflame|87/100|[from] ability: Rough Skin|[of] p2a: Garchomp
|move|p1b: Garchomp|Rock Slide|p2b: Talonflame|[spread] p2a
|-activate|p2b: Talonflame|move: Protect
|-resisted|p2a: Garchomp|1
|-crit|p2a: Garchomp
|-damage|p2a: Garchomp|20/100r
|-damage|p1b: Garchomp|90/100|[from] item: Life Orb
|
|upkeep
|turn|4
|
|t:|1785169868
|move|p2a: Garchomp|Protect|p2a: Garchomp
|-singleturn|p2a: Garchomp|Protect
|move|p2b: Talonflame|Tailwind|p2b: Talonflame
|-sidestart|p2: benlulu|move: Tailwind
|move|p1a: Talonflame|Acrobatics|p2a: Garchomp
|-activate|p2a: Garchomp|move: Protect
|move|p1b: Garchomp|Rock Slide|p2a: Garchomp|[spread] 
|-activate|p2a: Garchomp|move: Protect
|-miss|p1b: Garchomp|p2b: Talonflame
|
|-sideend|p1: kuoli00021|move: Tailwind
|upkeep
|turn|5
|
|t:|1785169923
|move|p2b: Talonflame|Protect|p2b: Talonflame
|-singleturn|p2b: Talonflame|Protect
|move|p1a: Talonflame|Protect|p1a: Talonflame
|-singleturn|p1a: Talonflame|Protect
|move|p1b: Garchomp|Protect|p1b: Garchomp
|-singleturn|p1b: Garchomp|Protect
|move|p2a: Garchomp|Earthquake|p1a: Talonflame|[spread] 
|-activate|p2b: Talonflame|move: Protect
|-activate|p1a: Talonflame|move: Protect
|-activate|p1b: Garchomp|move: Protect
|
|upkeep
|turn|6
|
|t:|1785169974
|move|p2b: Talonflame|Dual Wingbeat|p1b: Garchomp
|-damage|p1b: Garchomp|74/100
|-damage|p2b: Talonflame|87/100|[from] ability: Rough Skin|[of] p1b: Garchomp
|-damage|p1b: Garchomp|57/100
|-damage|p2b: Talonflame|75/100|[from] ability: Rough Skin|[of] p1b: Garchomp
|-hitcount|p1b: Garchomp|2
|move|p2a: Garchomp|Earthquake|p1a: Talonflame|[spread] p1b
|-immune|p2b: Talonflame
|-immune|p1a: Talonflame
|-damage|p1b: Garchomp|3/100
|-damage|p2a: Garchomp|10/100|[from] item: Life Orb
|move|p1a: Talonflame|Tailwind|p1a: Talonflame
|-sidestart|p1: kuoli00021|move: Tailwind
|move|p1b: Garchomp|Rock Slide|p2b: Talonflame|[spread] p2a
|-miss|p1b: Garchomp|p2b: Talonflame
|-resisted|p2a: Garchomp|1
|-damage|p2a: Garchomp|0 fnt
|faint|p2a: Garchomp
|-damage|p1b: Garchomp|0 fnt|[from] item: Life Orb
|faint|p1b: Garchomp
|
|upkeep
|
|t:|1785169996
|switch|p2a: Raichu|Raichu-Mega-Y, L50, F|10/100
|switch|p1b: Kingambit|Kingambit, L50, M|100/100
|turn|7
|
|t:|1785170020
|move|p2a: Raichu|Fake Out|p1b: Kingambit
|-resisted|p1b: Kingambit|1
|-crit|p1b: Kingambit
|-damage|p1b: Kingambit|94/100
|cant|p1b: Kingambit|flinch
|move|p2b: Talonflame|Flare Blitz|p1b: Kingambit
|-supereffective|p1b: Kingambit|1
|-damage|p1b: Kingambit|0 fnt
|faint|p1b: Kingambit
|-damage|p2b: Talonflame|40/100|[from] Recoil
|move|p1a: Talonflame|Acrobatics|p2b: Talonflame
|-damage|p2b: Talonflame|0 fnt
|faint|p2b: Talonflame
|
|-sideend|p2: benlulu|move: Tailwind
|upkeep
|
|t:|1785170034
|switch|p2b: Basculegion|Basculegion, L50, M|100/100
|switch|p1b: Metagross|Metagross-Mega, L50|31/100 par
|turn|8
|
|t:|1785170057
|move|p1b: Metagross|Protect|p1b: Metagross
|-singleturn|p1b: Metagross|Protect
|move|p1a: Talonflame|Acrobatics|p2b: Basculegion
|-damage|p2b: Basculegion|49/100
|move|p2b: Basculegion|Last Respects|p1b: Metagross
|-activate|p1b: Metagross|move: Protect
|move|p2a: Raichu|Zap Cannon|p1a: Talonflame
|-supereffective|p1a: Talonflame|1
|-damage|p1a: Talonflame|0 fnt
|faint|p1a: Talonflame
|
|upkeep
|turn|9
|
|t:|1785170075
|move|p2b: Basculegion|Last Respects|p1b: Metagross
|-supereffective|p1b: Metagross|1
|-damage|p1b: Metagross|0 fnt
|faint|p1b: Metagross
|
|win|benlulu
||kuoli00021 is ready for game 2.
|inactive|benlulu has 30 seconds to confirm battle start!
|l| E10 parcticeteam
|l|☆benlulu
|player|p2|
|inactive|benlulu has 20 seconds to confirm battle start!
|inactive|benlulu has 10 seconds to confirm battle start!
|uhtml|next|Next: Game 2 of 3
|j| E10 parcticeteam
|l| E10 parcticeteam
|j| E10 parcticeteam
