|j|☆hagay123
|j|☆larry08
|html|hagay123larry08    
|uhtml|bestof|Game 3 of a best-of-3
|t:|1757663975
|gametype|doubles
|player|p1|hagay123|101|1041
|player|p2|larry08|102|1000
|gen|9
|tier|[Gen 9] VGC 2025 Reg H (Bo3)
|rated|
|rule|Species Clause: Limit one of each Pokémon
|rule|Item Clause: Limit 1 of each item
|clearpoke
|poke|p1|Politoed, L50, F|
|poke|p1|Primarina, L50, F|
|poke|p1|Incineroar, L50, M|
|poke|p1|Amoonguss, L50, M|
|poke|p1|Kingdra, L50, F|
|poke|p1|Arcanine-Hisui, L50, M|
|poke|p2|Tinkaton, L50, F|
|poke|p2|Gholdengo, L50|
|poke|p2|Dragonite, L50, F|
|poke|p2|Ursaluna, L50, F|
|poke|p2|Porygon2, L50|
|poke|p2|Amoonguss, L50, M|
|teampreview|4
|showteam|p1|Politoed||Leftovers|Drizzle|EarthPower,Protect,WeatherBall,Encore|||F|||50|,,,,,Water]Primarina||ThroatSpray|LiquidVoice|HyperVoice,Moonblast,IcyWind,Protect|||F|||50|,,,,,Poison]Incineroar||SafetyGoggles|Intimidate|FakeOut,KnockOff,PartingShot,Protect|||M|||50|,,,,,Ghost]Amoonguss||SitrusBerry|Regenerator|RagePowder,Spore,SludgeBomb,Protect|||M|||50|,,,,,Water]Kingdra||LifeOrb|SwiftSwim|DracoMeteor,MuddyWater,WeatherBall,Protect|||F|||50|,,,,,Stellar]Arcanine-Hisui||AssaultVest|Intimidate|ExtremeSpeed,FlareBlitz,FlameCharge,RockSlide|||M|||50|,,,,,Water
|showteam|p2|Tinkaton||SitrusBerry|MoldBreaker|Protect,GigatonHammer,HelpingHand,FakeOut|||F|||50|,,,,,Fairy]Gholdengo||LifeOrb|GoodasGold|Protect,MakeItRain,ShadowBall,NastyPlot||||||50|,,,,,Steel]Dragonite||LoadedDice|InnerFocus|Protect,ScaleShot,ExtremeSpeed,IceSpinner|||F|||50|,,,,,Fairy]Ursaluna||FlameOrb|Guts|Protect,Facade,HighHorsepower,Earthquake|||F|||50|,,,,,Ghost]Porygon2||Eviolite|Download|IceBeam,TeraBlast,Recover,TrickRoom||||||50|,,,,,Flying]Amoonguss||MentalHerb|Regenerator|Protect,Spore,RagePowder,PollenPuff|||M|||50|,,,,,Water
|inactive|Battle timer is ON: inactive players will automatically lose when time's up. (requested by larry08)
|
|t:|1757664012
|teamsize|p1|4
|teamsize|p2|4
|start
|switch|p1a: Arcanine|Arcanine-Hisui, L50, M|100/100
|switch|p1b: Amoonguss|Amoonguss, L50, M|100/100
|switch|p2a: Tinkaton|Tinkaton, L50, F|100/100
|switch|p2b: Ursaluna|Ursaluna, L50, F|100/100
|-ability|p2a: Tinkaton|Mold Breaker
|-ability|p1a: Arcanine|Intimidate|boost
|-unboost|p2a: Tinkaton|atk|1
|-unboost|p2b: Ursaluna|atk|1
|turn|1
|
|t:|1757664037
|move|p2a: Tinkaton|Fake Out|p1b: Amoonguss
|-damage|p1b: Amoonguss|96/100
|move|p1a: Arcanine|Flame Charge|p2a: Tinkaton
|-supereffective|p2a: Tinkaton
|-damage|p2a: Tinkaton|60/100
|-boost|p1a: Arcanine|spe|1
|move|p2b: Ursaluna|High Horsepower|p1a: Arcanine|[miss]
|-miss|p2b: Ursaluna|p1a: Arcanine
|cant|p1b: Amoonguss|flinch
|
|-status|p2b: Ursaluna|brn|[from] item: Flame Orb
|upkeep
|turn|2
|inactive|hagay123 has 30 seconds left.
|inactive|larry08 has 30 seconds left.
|
|t:|1757664065
|switch|p2a: Amoonguss|Amoonguss, L50, M|100/100
|move|p1a: Arcanine|Rock Slide|p2a: Amoonguss|[spread] p2a,p2b
|-resisted|p2b: Ursaluna
|-damage|p2a: Amoonguss|84/100
|-damage|p2b: Ursaluna|92/100 brn
|move|p2b: Ursaluna|Earthquake|p1b: Amoonguss|[spread] p2a,p1a,p1b
|-supereffective|p1a: Arcanine
|-damage|p2a: Amoonguss|47/100
|-damage|p1a: Arcanine|0 fnt
|-damage|p1b: Amoonguss|60/100
|faint|p1a: Arcanine
|move|p1b: Amoonguss|Spore|p2a: Amoonguss
|-immune|p2a: Amoonguss
|
|-damage|p2b: Ursaluna|87/100 brn|[from] brn
|upkeep
|
|t:|1757664088
|switch|p1a: Primarina|Primarina, L50, F|100/100
|turn|3
|
|t:|1757664101
|move|p2b: Ursaluna|Protect|p2b: Ursaluna
|-singleturn|p2b: Ursaluna|Protect
|move|p1a: Primarina|Hyper Voice|p2a: Amoonguss|[spread] p2a
|-activate|p2b: Ursaluna|move: Protect
|-resisted|p2a: Amoonguss
|-damage|p2a: Amoonguss|32/100
|-enditem|p1a: Primarina|Throat Spray
|-boost|p1a: Primarina|spa|1|[from] item: Throat Spray
|move|p1b: Amoonguss|Sludge Bomb|p2a: Amoonguss
|-damage|p2a: Amoonguss|9/100
|move|p2a: Amoonguss|Spore|p1a: Primarina
|-status|p1a: Primarina|slp|[from] move: Spore
|
|-damage|p2b: Ursaluna|81/100 brn|[from] brn
|upkeep
|turn|4
|inactive|hagay123 has 30 seconds left.
|inactive|larry08 has 30 seconds left.
|
|t:|1757664131
|switch|p1a: Incineroar|Incineroar, L50, M|100/100
|-ability|p1a: Incineroar|Intimidate|boost
|-unboost|p2a: Amoonguss|atk|1
|-unboost|p2b: Ursaluna|atk|1
|move|p2b: Ursaluna|Facade|p1a: Incineroar
|-damage|p1a: Incineroar|47/100
|move|p2a: Amoonguss|Pollen Puff|p1b: Amoonguss
|-damage|p1b: Amoonguss|43/100
|-enditem|p1b: Amoonguss|Sitrus Berry|[eat]
|-heal|p1b: Amoonguss|67/100|[from] item: Sitrus Berry
|move|p1b: Amoonguss|Sludge Bomb|p2a: Amoonguss
|-damage|p2a: Amoonguss|0 fnt
|faint|p2a: Amoonguss
|
|-damage|p2b: Ursaluna|75/100 brn|[from] brn
|upkeep
|
|t:|1757664148
|switch|p2a: Tinkaton|Tinkaton, L50, F|60/100
|-ability|p2a: Tinkaton|Mold Breaker
|turn|5
|
|t:|1757664159
|switch|p2b: Gholdengo|Gholdengo, L50|100/100
|move|p2a: Tinkaton|Fake Out|p1a: Incineroar
|-damage|p1a: Incineroar|39/100
|cant|p1a: Incineroar|flinch
|move|p1b: Amoonguss|Sludge Bomb|p2a: Tinkaton
|-immune|p2a: Tinkaton
|
|upkeep
|turn|6
|
|t:|1757664182
|move|p2a: Tinkaton|Fake Out||[still]
|-hint|Fake Out only works on your first turn out.
|-fail|p2a: Tinkaton
|move|p2b: Gholdengo|Shadow Ball|p1b: Amoonguss
|-damage|p1b: Amoonguss|18/100
|-damage|p2b: Gholdengo|91/100|[from] item: Life Orb
|move|p1a: Incineroar|Knock Off|p2b: Gholdengo
|-supereffective|p2b: Gholdengo
|-damage|p2b: Gholdengo|6/100
|-enditem|p2b: Gholdengo|Life Orb|[from] move: Knock Off|[of] p1a: Incineroar
|move|p1b: Amoonguss|Spore|p2a: Tinkaton
|-status|p2a: Tinkaton|slp|[from] move: Spore
|
|upkeep
|turn|7
|inactive|hagay123 has 30 seconds left.
|inactive|larry08 has 30 seconds left.
|
|t:|1757664211
|cant|p2a: Tinkaton|slp
|move|p2b: Gholdengo|Shadow Ball|p1b: Amoonguss
|-damage|p1b: Amoonguss|0 fnt
|faint|p1b: Amoonguss
|move|p1a: Incineroar|Knock Off|p2b: Gholdengo
|-supereffective|p2b: Gholdengo
|-crit|p2b: Gholdengo
|-damage|p2b: Gholdengo|0 fnt
|faint|p2b: Gholdengo
|
|upkeep
|
|t:|1757664223
|switch|p2b: Ursaluna|Ursaluna, L50, F|75/100 brn
|switch|p1b: Primarina|Primarina, L50, F|100/100 slp
|turn|8
|
|t:|1757664239
|-curestatus|p2a: Tinkaton|slp|[msg]
|move|p2a: Tinkaton|Gigaton Hammer|p1b: Primarina
|-damage|p1b: Primarina|46/100 slp
|cant|p1b: Primarina|slp
|move|p1a: Incineroar|Knock Off|p2b: Ursaluna
|-damage|p2b: Ursaluna|46/100 brn
|-enditem|p2b: Ursaluna|Flame Orb|[from] move: Knock Off|[of] p1a: Incineroar
|move|p2b: Ursaluna|High Horsepower|p1a: Incineroar
|-supereffective|p1a: Incineroar
|-damage|p1a: Incineroar|0 fnt
|faint|p1a: Incineroar
|
|-damage|p2b: Ursaluna|41/100 brn|[from] brn
|upkeep
|turn|9
|
|t:|1757664260
|-terastallize|p1b: Primarina|Poison
|-terastallize|p2b: Ursaluna|Ghost
|move|p2a: Tinkaton|Protect|p2a: Tinkaton
|-singleturn|p2a: Tinkaton|Protect
|-curestatus|p1b: Primarina|slp|[msg]
|move|p1b: Primarina|Hyper Voice|p2b: Ursaluna|[spread] p2b
|-activate|p2a: Tinkaton|move: Protect
|-damage|p2b: Ursaluna|9/100 brn
|move|p2b: Ursaluna|Facade|p1b: Primarina
|-damage|p1b: Primarina|0 fnt
|faint|p1b: Primarina
|
|win|larry08
|raw|hagay123's rating: 1041 → 1023(-18 for losing)
|raw|larry08's rating: 1000 → 1045(+45 for winning)
|l|☆hagay123
|player|p1|
|c|☆larry08|gg
