|j|☆Bruneauxx
|j|☆hexagonfoot
|html|Bruneauxxhexagonfoot    
|uhtml|bestof|Game 2 of a best-of-3
|t:|1757904626
|gametype|doubles
|player|p1|Bruneauxx|fisherman-gen4|1190
|player|p2|hexagonfoot|caitlin|1258
|gen|9
|tier|[Gen 9] VGC 2025 Reg H (Bo3)
|rated|
|rule|Species Clause: Limit one of each Pokémon
|rule|Item Clause: Limit 1 of each item
|clearpoke
|poke|p1|Braviary-Hisui, L50, M|
|poke|p1|Sneasler, L50, F|
|poke|p1|Indeedee-F, L50, F|
|poke|p1|Pelipper, L50, F|
|poke|p1|Archaludon, L50, F|
|poke|p1|Kingambit, L50, M|
|poke|p2|Gholdengo, L50|
|poke|p2|Sneasler, L50, M|
|poke|p2|Rillaboom, L50, M|
|poke|p2|Dragonite, L50, M|
|poke|p2|Ninetales-Alola, L50, M|
|poke|p2|Arcanine-Hisui, L50, M|
|teampreview|4
|showteam|p1|Braviary-Hisui||TwistedSpoon|TintedLens|ExpandingForce,AirSlash,EsperWing,Protect|||M|||50|,,,,,Psychic]Sneasler||PsychicSeed|Unburden|DireClaw,CloseCombat,ThroatChop,Protect|||F|||50|,,,,,Dark]Indeedee-F||SafetyGoggles|PsychicSurge|DazzlingGleam,FollowMe,TrickRoom,HelpingHand|||F|||50|,,,,,Fairy]Pelipper||FocusSash|Drizzle|Hurricane,WeatherBall,Tailwind,Protect|||F|||50|,,,,,Stellar]Archaludon||AssaultVest|Stamina|ElectroShot,FlashCannon,DragonPulse,BodyPress|||F|||50|,,,,,Grass]Kingambit||BlackGlasses|Defiant|KowtowCleave,LowKick,SuckerPunch,Protect|||M|||50|,,,,,Dark
|showteam|p2|Gholdengo||GrassySeed|GoodasGold|NastyPlot,MakeItRain,ShadowBall,Protect||||||50|,,,,,Water]Sneasler||WhiteHerb|Unburden|CloseCombat,DireClaw,Coaching,Protect|||M|||50|,,,,,Ghost]Rillaboom||AssaultVest|GrassySurge|FakeOut,GrassyGlide,DrumBeating,HighHorsepower|||M|||50|,,,,,Fire]Dragonite||LoadedDice|Multiscale|ScaleShot,StompingTantrum,Tailwind,Protect|||M|||50|,,,,,Ground]Ninetales-Alola||FocusSash|SnowWarning|Blizzard,IcyWind,Encore,AuroraVeil|||M|||50|,,,,,Ghost]Arcanine-Hisui||ClearAmulet|Intimidate|RockSlide,FlareBlitz,ExtremeSpeed,Protect|||M|||50|,,,,,Water
|
|t:|1757904667
|teamsize|p1|4
|teamsize|p2|4
|start
|switch|p1a: Archaludon|Archaludon, L50, F|100/100
|switch|p1b: Braviary|Braviary-Hisui, L50, M|100/100
|switch|p2a: Euston|Sneasler, L50, M|100/100
|switch|p2b: Romford|Dragonite, L50, M|100/100
|turn|1
|
|t:|1757904692
|switch|p1a: Indeedee|Indeedee-F, L50, F|100/100
|-fieldstart|move: Psychic Terrain|[from] ability: Psychic Surge|[of] p1a: Indeedee
|move|p1b: Braviary|Protect|p1b: Braviary
|-singleturn|p1b: Braviary|Protect
|move|p2a: Euston|Close Combat|p1a: Indeedee
|-damage|p1a: Indeedee|36/100
|-unboost|p2a: Euston|def|1
|-unboost|p2a: Euston|spd|1
|-enditem|p2a: Euston|White Herb
|-clearnegativeboost|p2a: Euston|[silent]
|move|p2b: Romford|Scale Shot|p1b: Braviary
|-activate|p1b: Braviary|move: Protect
|
|upkeep
|turn|2
|
|t:|1757904713
|switch|p2a: Hampstead Heath|Rillaboom, L50, M|100/100
|-fieldstart|move: Grassy Terrain|[from] ability: Grassy Surge|[of] p2a: Hampstead Heath
|-terastallize|p1b: Braviary|Psychic
|move|p1a: Indeedee|Follow Me|p1a: Indeedee
|-singleturn|p1a: Indeedee|move: Follow Me
|move|p2b: Romford|Scale Shot|p1a: Indeedee
|-damage|p1a: Indeedee|20/100
|-damage|p1a: Indeedee|5/100
|-damage|p1a: Indeedee|0 fnt
|faint|p1a: Indeedee
|-hitcount|p1: Indeedee|3
|-unboost|p2b: Romford|def|1
|-boost|p2b: Romford|spe|1
|move|p1b: Braviary|Esper Wing|p2a: Hampstead Heath
|-crit|p2a: Hampstead Heath
|-damage|p2a: Hampstead Heath|17/100
|-boost|p1b: Braviary|spe|1
|
|-heal|p2a: Hampstead Heath|23/100|[from] Grassy Terrain
|upkeep
|
|t:|1757904732
|switch|p1a: Sneasler|Sneasler, L50, F|100/100
|turn|3
|
|t:|1757904762
|move|p2b: Romford|Tailwind|p2b: Romford
|-sidestart|p2: hexagonfoot|move: Tailwind
|move|p2a: Hampstead Heath|High Horsepower|p1a: Sneasler
|-supereffective|p1a: Sneasler
|-damage|p1a: Sneasler|0 fnt
|faint|p1a: Sneasler
|move|p1b: Braviary|Esper Wing|p2a: Hampstead Heath
|-crit|p2a: Hampstead Heath
|-damage|p2a: Hampstead Heath|0 fnt
|-boost|p1b: Braviary|spe|1
|faint|p2a: Hampstead Heath
|
|upkeep
|
|t:|1757904772
|switch|p1a: Archaludon|Archaludon, L50, F|100/100
|switch|p2a: Canada Water|Ninetales-Alola, L50, M|100/100
|-weather|Snowscape|[from] ability: Snow Warning|[of] p2a: Canada Water
|turn|4
|
|t:|1757904799
|-terastallize|p2b: Romford|Ground
|move|p2b: Romford|Stomping Tantrum|p1a: Archaludon
|-supereffective|p1a: Archaludon
|-damage|p1a: Archaludon|39/100
|-ability|p1a: Archaludon|Stamina|boost
|-boost|p1a: Archaludon|def|1
|move|p2a: Canada Water|Blizzard|p1a: Archaludon|[spread] p1a,p1b
|-damage|p1a: Archaludon|14/100
|-damage|p1b: Braviary|64/100
|-status|p1b: Braviary|frz
|-ability|p1a: Archaludon|Stamina|boost
|-boost|p1a: Archaludon|def|1
|cant|p1b: Braviary|frz
|move|p1a: Archaludon|Dragon Pulse|p2b: Romford
|-damage|p2b: Romford|77/100
|
|-weather|Snowscape|[upkeep]
|-heal|p2b: Romford|83/100|[from] Grassy Terrain
|-heal|p1b: Braviary|69/100 frz|[from] Grassy Terrain
|-heal|p1a: Archaludon|20/100|[from] Grassy Terrain
|upkeep
|turn|5
|
|t:|1757904820
|move|p2b: Romford|Scale Shot|p1b: Braviary
|-damage|p1b: Braviary|50/100 frz
|-damage|p1b: Braviary|32/100 frz
|-damage|p1b: Braviary|14/100 frz
|-crit|p1b: Braviary
|-damage|p1b: Braviary|0 fnt
|faint|p1b: Braviary
|-hitcount|p1: Braviary|4
|-unboost|p2b: Romford|def|1
|-boost|p2b: Romford|spe|1
|move|p2a: Canada Water|Blizzard|p1a: Archaludon
|-damage|p1a: Archaludon|0 fnt
|faint|p1a: Archaludon
|
|win|hexagonfoot
|raw|Bruneauxx's rating: 1190 → 1170(-20 for losing)
|raw|hexagonfoot's rating: 1258 → 1278(+20 for winning)
|l|☆Bruneauxx
|player|p1|
