|j|☆NicClassic
|j|☆MarkTheMarker
|html|NicClassicMarkTheMarker    
|uhtml|bestof|Game 1 of a best-of-3
|t:|1784660876
|gametype|doubles
|player|p1|NicClassic|266|1217
|player|p2|MarkTheMarker|wallace|1331
|gen|9
|tier|[Gen 9 Champions] VGC 2026 Reg M-B (Bo3)
|rated|
|rule|Species Clause: Limit one of each Pokémon
|rule|Item Clause: Limit 1 of each item
|clearpoke
|poke|p1|Pelipper, L50, M|
|poke|p1|Archaludon, L50, M|
|poke|p1|Sinistcha, L50|
|poke|p1|Incineroar, L50, M|
|poke|p1|Swampert, L50, F|
|poke|p1|Kingambit, L50, M|
|poke|p2|Venusaur, L50, M|
|poke|p2|Charizard, L50, M|
|poke|p2|Grimmsnarl, L50, M|
|poke|p2|Archaludon, L50, F|
|poke|p2|Basculegion, L50, M|
|poke|p2|Pelipper, L50, F|
|teampreview|4
|showteam|p1|Pelipper||FocusSash|Drizzle|Hurricane,WeatherBall,Tailwind,Protect|Timid||M|||50|]Archaludon||Leftovers|Stamina|ElectroShot,FlashCannon,DracoMeteor,Protect|Modest||M|||50|]Sinistcha||KasibBerry|Hospitality|MatchaGotcha,RagePowder,LifeDew,Protect|Bold|||||50|]Incineroar||SitrusBerry|Intimidate|FakeOut,FlareBlitz,PartingShot,ThroatChop|Careful||M|||50|]Swampert||Swampertite|Damp|WaveCrash,HighHorsepower,IcePunch,Protect|Adamant||F|||50|]Kingambit||LifeOrb|Defiant|KowtowCleave,IronHead,SuckerPunch,Protect|Adamant||M|||50|
|showteam|p2|Venusaur||FocusSash|Chlorophyll|SludgeBomb,EarthPower,SleepPowder,Protect|Modest||M|||50|]Charizard||CharizarditeY|Blaze|Protect,HeatWave,SolarBeam,WeatherBall|Modest||M|||50|]Grimmsnarl||LightClay|Prankster|SpiritBreak,LightScreen,Reflect,PartingShot|Sassy||M|||50|]Archaludon||Leftovers|Stamina|ElectroShot,DragonPulse,FlashCannon,Protect|Calm||F|||50|]Basculegion||ChoiceScarf|Adaptability|WaveCrash,LastRespects,AquaJet,FlipTurn|Jolly||M|||50|]Pelipper||SitrusBerry|Drizzle|Hurricane,WeatherBall,Tailwind,WideGuard|Modest||F|||50|
|inactive|Battle timer is ON: inactive players will automatically lose when time's up. (requested by MarkTheMarker)
|inactive|MarkTheMarker has 60 seconds left.
|inactive|MarkTheMarker has 30 seconds left.
|inactive|MarkTheMarker has 20 seconds left.
|inactive|MarkTheMarker has 15 seconds left.
|
|t:|1784660953
|teamsize|p1|4
|teamsize|p2|4
|start
|switch|p1a: Incineroar|Incineroar, L50, M|100/100
|switch|p1b: Kingambit|Kingambit, L50, M|100/100
|switch|p2a: Grimmsnarl|Grimmsnarl, L50, M|100/100
|switch|p2b: Venusaur|Venusaur, L50, M|100/100
|-ability|p1a: Incineroar|Intimidate|boost
|-unboost|p2a: Grimmsnarl|atk|1
|-unboost|p2b: Venusaur|atk|1
|turn|1
|inactive|NicClassic has 30 seconds left.
|inactive|MarkTheMarker has 30 seconds left.
|inactive|NicClassic has 20 seconds left.
|
|t:|1784660993
|move|p1a: Incineroar|Fake Out|p2a: Grimmsnarl
|-damage|p2a: Grimmsnarl|90/100
|cant|p2a: Grimmsnarl|flinch
|move|p2b: Venusaur|Sleep Powder|p1b: Kingambit
|-status|p1b: Kingambit|slp|[from] move: Sleep Powder
|cant|p1b: Kingambit|slp
|
|upkeep
|turn|2
|inactive|NicClassic has 30 seconds left.
|inactive|NicClassic has 20 seconds left.
|inactive|NicClassic has 15 seconds left.
|
|t:|1784661038
|move|p2a: Grimmsnarl|Reflect|p2a: Grimmsnarl
|-sidestart|p2: MarkTheMarker|Reflect
|move|p2b: Venusaur|Earth Power|p1b: Kingambit
|-supereffective|p1b: Kingambit|1
|-damage|p1b: Kingambit|39/100 slp
|-unboost|p1b: Kingambit|spd|1
|-ability|p1b: Kingambit|Defiant|boost
|-boost|p1b: Kingambit|atk|2
|move|p1a: Incineroar|Flare Blitz|p2b: Venusaur
|-supereffective|p2b: Venusaur|1
|-damage|p2b: Venusaur|22/100
|-damage|p1a: Incineroar|80/100|[from] Recoil
|cant|p1b: Kingambit|slp
|
|upkeep
|turn|3
|
|t:|1784661061
|-curestatus|p1b: Kingambit|slp|[msg]
|move|p1b: Kingambit|Protect|p1b: Kingambit
|-singleturn|p1b: Kingambit|Protect
|move|p2b: Venusaur|Sleep Powder|p1a: Incineroar|[miss]
|-miss|p2b: Venusaur|p1a: Incineroar
|move|p1a: Incineroar|Flare Blitz|p2b: Venusaur
|-supereffective|p2b: Venusaur|1
|-damage|p2b: Venusaur|0 fnt
|faint|p2b: Venusaur
|-damage|p1a: Incineroar|74/100|[from] Recoil
|move|p2a: Grimmsnarl|Spirit Break|p1b: Kingambit
|-activate|p1b: Kingambit|move: Protect
|
|upkeep
|
|t:|1784661072
|switch|p2b: Charizard|Charizard, L50, M|100/100
|turn|4
|inactive|NicClassic has 30 seconds left.
|
|t:|1784661102
|detailschange|p2b: Charizard|Charizard-Mega-Y, L50, M
|-mega|p2b: Charizard|Charizard|Charizardite Y
|-weather|SunnyDay|[from] ability: Drought|[of] p2b: Charizard
|move|p1b: Kingambit|Sucker Punch|p2b: Charizard
|-damage|p2b: Charizard|25/100
|-damage|p1b: Kingambit|29/100|[from] item: Life Orb
|move|p2b: Charizard|Heat Wave|p1a: Incineroar|[spread] p1a,p1b
|-resisted|p1a: Incineroar|1
|-supereffective|p1b: Kingambit|1
|-damage|p1a: Incineroar|51/100
|-damage|p1b: Kingambit|0 fnt
|faint|p1b: Kingambit
|move|p1a: Incineroar|Parting Shot|p2b: Charizard
|-unboost|p2b: Charizard|atk|1
|-unboost|p2b: Charizard|spa|1
|
|t:|1784661116
|switch|p1a: Swampert|Swampert, L50, F|100/100|[from] Parting Shot
|move|p2a: Grimmsnarl|Spirit Break|p1a: Swampert
|-damage|p1a: Swampert|79/100
|-unboost|p1a: Swampert|spa|1
|
|-weather|SunnyDay|[upkeep]
|upkeep
|
|t:|1784661128
|switch|p1b: Incineroar|Incineroar, L50, M|51/100
|-ability|p1b: Incineroar|Intimidate|boost
|-unboost|p2a: Grimmsnarl|atk|1
|-unboost|p2b: Charizard|atk|1
|turn|5
|
|t:|1784661145
|switch|p2b: Basculegion|Basculegion, L50, M|100/100
|detailschange|p1a: Swampert|Swampert-Mega, L50, F
|-mega|p1a: Swampert|Swampert|Swampertite
|move|p1b: Incineroar|Fake Out|p2b: Basculegion
|-immune|p2b: Basculegion
|move|p1a: Swampert|Wave Crash|p2b: Basculegion
|-resisted|p2b: Basculegion|1
|-damage|p2b: Basculegion|85/100
|-damage|p1a: Swampert|73/100|[from] Recoil
|move|p2a: Grimmsnarl|Spirit Break|p1b: Incineroar
|-damage|p1b: Incineroar|38/100
|-unboost|p1b: Incineroar|spa|1
|-enditem|p1b: Incineroar|Sitrus Berry|[eat]
|-heal|p1b: Incineroar|63/100|[from] item: Sitrus Berry
|
|-weather|SunnyDay|[upkeep]
|upkeep
|turn|6
|inactive|NicClassic has 30 seconds left.
|inactive|NicClassic has 20 seconds left.
|inactive|NicClassic has 15 seconds left.
|inactive|NicClassic has 10 seconds left.
|
|t:|1784661193
|switch|p1b: Pelipper|Pelipper, L50, M|100/100
|-weather|RainDance|[from] ability: Drizzle|[of] p1b: Pelipper
|move|p1a: Swampert|High Horsepower|p2b: Basculegion
|-damage|p2b: Basculegion|40/100
|move|p2b: Basculegion|Wave Crash|p1b: Pelipper
|-resisted|p1b: Pelipper|1
|-damage|p1b: Pelipper|24/100
|-damage|p2b: Basculegion|22/100|[from] Recoil
|move|p2a: Grimmsnarl|Spirit Break|p1b: Pelipper
|-damage|p1b: Pelipper|3/100
|-unboost|p1b: Pelipper|spa|1
|
|-weather|RainDance|[upkeep]
|upkeep
|turn|7
|inactive|NicClassic has 30 seconds left.
|
|t:|1784661221
|switch|p1b: Incineroar|Incineroar, L50, M|63/100
|-ability|p1b: Incineroar|Intimidate|boost
|-unboost|p2a: Grimmsnarl|atk|1
|-unboost|p2b: Basculegion|atk|1
|move|p2a: Grimmsnarl|Parting Shot|p1a: Swampert
|-unboost|p1a: Swampert|atk|1
|-unboost|p1a: Swampert|spa|1
|
|t:|1784661228
|switch|p2a: Charizard|Charizard-Mega-Y, L50, M|25/100|[from] Parting Shot
|-weather|SunnyDay|[from] ability: Drought|[of] p2a: Charizard
|move|p2b: Basculegion|Wave Crash|p1b: Incineroar
|-supereffective|p1b: Incineroar|1
|-damage|p1b: Incineroar|21/100
|-damage|p2b: Basculegion|8/100|[from] Recoil
|move|p1a: Swampert|High Horsepower|p2b: Basculegion
|-damage|p2b: Basculegion|0 fnt
|faint|p2b: Basculegion
|
|-weather|SunnyDay|[upkeep]
|upkeep
|
|t:|1784661233
|switch|p2b: Grimmsnarl|Grimmsnarl, L50, M|90/100
|turn|8
|
|t:|1784661250
|move|p2a: Charizard|Protect|p2a: Charizard
|-singleturn|p2a: Charizard|Protect
|move|p1a: Swampert|Protect|p1a: Swampert
|-singleturn|p1a: Swampert|Protect
|move|p1b: Incineroar|Fake Out|p2b: Grimmsnarl
|-damage|p2b: Grimmsnarl|82/100
|cant|p2b: Grimmsnarl|flinch
|
|-weather|SunnyDay|[upkeep]
|upkeep
|turn|9
|
|t:|1784661272
|switch|p1b: Pelipper|Pelipper, L50, M|3/100
|-weather|RainDance|[from] ability: Drizzle|[of] p1b: Pelipper
|move|p2b: Grimmsnarl|Parting Shot|p1a: Swampert
|-unboost|p1a: Swampert|atk|1
|-unboost|p1a: Swampert|spa|1
|move|p1a: Swampert|Wave Crash|p2a: Charizard
|-supereffective|p2a: Charizard|1
|-damage|p2a: Charizard|0 fnt
|faint|p2a: Charizard
|-damage|p1a: Swampert|64/100|[from] Recoil
|
|-weather|RainDance|[upkeep]
|-sideend|p2: MarkTheMarker|Reflect
|upkeep
|turn|10
|-message|MarkTheMarker forfeited.
|
|win|NicClassic
|l|☆MarkTheMarker
|player|p2|
||MarkTheMarker is ready for game 2.
||NicClassic is ready for game 2.
|uhtml|next|Next: Game 2 of 3
|l|☆NicClassic
|player|p1|
|j|☆MarkTheMarker
|player|p2|MarkTheMarker|wallace|
