|j|☆ryanpowneyissoslay
|j|☆cynthia's grippers
|html|ryanpowneyissoslaycynthia's grippers    
|uhtml|bestof|Game 2 of a best-of-3
|t:|1756150733
|gametype|doubles
|player|p1|ryanpowneyissoslay|ghetsis|
|player|p2|cynthia's grippers|cynthia-gen4|
|gen|9
|tier|[Gen 9] VGC 2025 Reg H (Bo3)
|rule|Species Clause: Limit one of each Pokémon
|rule|Item Clause: Limit 1 of each item
|clearpoke
|poke|p1|Annihilape, L50, M|
|poke|p1|Maushold, L50|
|poke|p1|Pelipper, L50, M|
|poke|p1|Archaludon, L50, M|
|poke|p1|Basculegion, L50, M|
|poke|p1|Amoonguss, L50, F|
|poke|p2|Charizard, L50, F|
|poke|p2|Torkoal, L50, M|
|poke|p2|Porygon2, L50|
|poke|p2|Incineroar, L50, F|
|poke|p2|Jumpluff, L50, M|
|poke|p2|Ursaluna, L50, F|
|teampreview|4
|showteam|p1|Annihilape||SpellTag|Defiant|DrainPunch,RageFist,BulkUp,Protect|||M|||50|,,,,,Water]Maushold||SafetyGoggles|FriendGuard|BeatUp,FollowMe,Taunt,Protect||||||50|,,,,,Ghost]Pelipper||FocusSash|Drizzle|MuddyWater,Hurricane,Tailwind,Protect|||M|||50|,,,,,Stellar]Archaludon||AssaultVest|Stamina|ElectroShot,BodyPress,Snarl,DragonPulse|||M|||50|,,,,,Bug]Basculegion||ChoiceBand|SwiftSwim|WaveCrash,LastRespects,FlipTurn,AquaJet|||M|||50|,,,,,Water]Amoonguss||SitrusBerry|Regenerator|Spore,RagePowder,PollenPuff,Protect|||F|||50|,,,,,Water
|showteam|p2|Charizard||ChoiceSpecs|SolarPower|HeatWave,Overheat,WeatherBall,AirSlash|||F|||50|,,,,,Ghost]Torkoal||EjectPack|Drought|Eruption,Overheat,HelpingHand,Protect|||M|||50|,,,,,Fire]Porygon2||Eviolite|Download|TeraBlast,IceBeam,Recover,TrickRoom||||||50|,,,,,Fighting]Incineroar||SitrusBerry|Intimidate|FlareBlitz,KnockOff,FakeOut,PartingShot|||F|||50|,,,,,Ghost]Jumpluff||CovertCloak|Chlorophyll|SleepPowder,SunnyDay,RagePowder,Tailwind|||M|||50|,,,,,Water]Ursaluna||FlameOrb|Guts|HeadlongRush,Facade,Earthquake,Protect|||F|||50|,,,,,Ghost
|inactive|Battle timer is ON: inactive players will automatically lose when time's up. (requested by ryanpowneyissoslay)
|
|t:|1756150754
|teamsize|p1|4
|teamsize|p2|4
|start
|switch|p1a: Maushold|Maushold, L50|100/100
|switch|p1b: Basculegion|Basculegion, L50, M|100/100
|switch|p2a: Jumpluff|Jumpluff, L50, M|100/100
|switch|p2b: Charizard|Charizard, L50, F|100/100
|turn|1
|
|t:|1756150771
|switch|p1a: Pelipper|Pelipper, L50, M|100/100
|-weather|RainDance|[from] ability: Drizzle|[of] p1a: Pelipper
|-terastallize|p1b: Basculegion|Water
|move|p1b: Basculegion|Flip Turn|p2b: Charizard
|-supereffective|p2b: Charizard
|-damage|p2b: Charizard|0 fnt
|faint|p2b: Charizard
|
|t:|1756150779
|switch|p1b: Maushold|Maushold, L50|100/100|[from] Flip Turn
|move|p2a: Jumpluff|Tailwind|p2a: Jumpluff
|-sidestart|p2: cynthia's grippers|move: Tailwind
|
|-weather|RainDance|[upkeep]
|upkeep
|
|t:|1756150784
|switch|p2b: Torkoal|Torkoal, L50, M|100/100
|-weather|SunnyDay|[from] ability: Drought|[of] p2b: Torkoal
|turn|2
|
|t:|1756150797
|move|p1a: Pelipper|Protect|p1a: Pelipper
|-singleturn|p1a: Pelipper|Protect
|move|p2a: Jumpluff|Sleep Powder|p1a: Pelipper
|-activate|p1a: Pelipper|move: Protect
|move|p1b: Maushold|Taunt|p2a: Jumpluff
|-start|p2a: Jumpluff|move: Taunt
|move|p2b: Torkoal|Eruption|p1b: Maushold|[spread] p1b
|-activate|p1a: Pelipper|move: Protect
|-damage|p1b: Maushold|8/100
|
|-weather|SunnyDay|[upkeep]
|upkeep
|turn|3
|
|t:|1756150816
|switch|p2a: Porygon2|Porygon2, L50|100/100
|-ability|p2a: Porygon2|Download|boost
|-boost|p2a: Porygon2|spa|1
|switch|p1b: Basculegion|Basculegion, L50, M, tera:Water|100/100
|-terastallize|p2b: Torkoal|Fire
|move|p1a: Pelipper|Hurricane|p2b: Torkoal|[miss]
|-miss|p1a: Pelipper|p2b: Torkoal
|move|p2b: Torkoal|Eruption|p1b: Basculegion|[spread] p1a,p1b
|-resisted|p1a: Pelipper
|-resisted|p1b: Basculegion
|-damage|p1a: Pelipper|20/100
|-damage|p1b: Basculegion|42/100
|
|-weather|SunnyDay|[upkeep]
|upkeep
|turn|4
|
|t:|1756150832
|move|p2b: Torkoal|Protect|p2b: Torkoal
|-singleturn|p2b: Torkoal|Protect
|move|p1b: Basculegion|Flip Turn|p2a: Porygon2
|-damage|p2a: Porygon2|81/100
|
|t:|1756150837
|switch|p1b: Amoonguss|Amoonguss, L50, F|100/100|[from] Flip Turn
|move|p1a: Pelipper|Hurricane|p2b: Torkoal
|-activate|p2b: Torkoal|move: Protect
|move|p2a: Porygon2|Trick Room|p2a: Porygon2
|-fieldstart|move: Trick Room|[of] p2a: Porygon2
|
|-weather|SunnyDay|[upkeep]
|-sideend|p2: cynthia's grippers|move: Tailwind
|upkeep
|turn|5
|
|t:|1756150851
|switch|p1a: Maushold|Maushold, L50|8/100
|move|p1b: Amoonguss|Protect|p1b: Amoonguss
|-singleturn|p1b: Amoonguss|Protect
|move|p2b: Torkoal|Eruption|p1b: Amoonguss|[spread] p1a
|-activate|p1b: Amoonguss|move: Protect
|-damage|p1a: Maushold|0 fnt
|faint|p1a: Maushold
|move|p2a: Porygon2|Tera Blast|p1b: Amoonguss
|-activate|p1b: Amoonguss|move: Protect
|
|-weather|SunnyDay|[upkeep]
|upkeep
|
|t:|1756150858
|switch|p1a: Pelipper|Pelipper, L50, M|20/100
|-weather|RainDance|[from] ability: Drizzle|[of] p1a: Pelipper
|turn|6
|
|t:|1756150867
|switch|p2b: Jumpluff|Jumpluff, L50, M|100/100
|move|p1b: Amoonguss|Spore|p2a: Porygon2
|-status|p2a: Porygon2|slp|[from] move: Spore
|cant|p2a: Porygon2|slp
|move|p1a: Pelipper|Hurricane|p2b: Jumpluff
|-supereffective|p2b: Jumpluff
|-damage|p2b: Jumpluff|0 fnt
|faint|p2b: Jumpluff
|
|-weather|RainDance|[upkeep]
|upkeep
|
|t:|1756150871
|switch|p2b: Torkoal|Torkoal, L50, M, tera:Fire|100/100
|-weather|SunnyDay|[from] ability: Drought|[of] p2b: Torkoal
|turn|7
|
|t:|1756150882
|switch|p1a: Basculegion|Basculegion, L50, M, tera:Water|42/100
|move|p1b: Amoonguss|Protect|p1b: Amoonguss
|-singleturn|p1b: Amoonguss|Protect
|move|p2b: Torkoal|Eruption|p1b: Amoonguss|[spread] p1a
|-activate|p1b: Amoonguss|move: Protect
|-resisted|p1a: Basculegion
|-damage|p1a: Basculegion|0 fnt
|faint|p1a: Basculegion
|cant|p2a: Porygon2|slp
|
|-weather|SunnyDay|[upkeep]
|upkeep
|
|t:|1756150886
|switch|p1a: Pelipper|Pelipper, L50, M|20/100
|-weather|RainDance|[from] ability: Drizzle|[of] p1a: Pelipper
|turn|8
|
|t:|1756150898
|move|p1b: Amoonguss|Protect||[still]
|-fail|p1b: Amoonguss
|move|p1a: Pelipper|Protect|p1a: Pelipper
|-singleturn|p1a: Pelipper|Protect
|move|p2b: Torkoal|Eruption|p1b: Amoonguss|[spread] p1b
|-activate|p1a: Pelipper|move: Protect
|-supereffective|p1b: Amoonguss
|-damage|p1b: Amoonguss|46/100
|-enditem|p1b: Amoonguss|Sitrus Berry|[eat]
|-heal|p1b: Amoonguss|70/100|[from] item: Sitrus Berry
|cant|p2a: Porygon2|slp
|
|-weather|RainDance|[upkeep]
|-fieldend|move: Trick Room
|upkeep
|turn|9
|
|t:|1756150922
|move|p2b: Torkoal|Protect|p2b: Torkoal
|-singleturn|p2b: Torkoal|Protect
|move|p1a: Pelipper|Muddy Water|p2a: Porygon2|[spread] 
|-activate|p2b: Torkoal|move: Protect
|-miss|p1a: Pelipper|p2a: Porygon2
|-curestatus|p2a: Porygon2|slp|[msg]
|move|p2a: Porygon2|Ice Beam|p1a: Pelipper
|-damage|p1a: Pelipper|0 fnt
|faint|p1a: Pelipper
|move|p1b: Amoonguss|Pollen Puff|p1: Pelipper|[notarget]
|-fail|p1b: Amoonguss
|
|-weather|RainDance|[upkeep]
|upkeep
|turn|10
|-message|ryanpowneyissoslay forfeited.
|
|win|cynthia's grippers
||cynthia's grippers is ready for game 3.
||ryanpowneyissoslay is ready for game 3.
|uhtml|next|Next: Game 3 of 3
|l|☆ryanpowneyissoslay
|player|p1|
