|j|☆Gayangos
|j|☆CrazyComet37
|html|GayangosCrazyComet37    
|uhtml|bestof|Game 3 of a best-of-3
|t:|1783525587
|gametype|doubles
|player|p1|Gayangos|2|1303
|player|p2|CrazyComet37|flint|1280
|gen|9
|tier|[Gen 9 Champions] VGC 2026 Reg M-B (Bo3)
|rated|
|rule|Species Clause: Limit one of each Pokémon
|rule|Item Clause: Limit 1 of each item
|clearpoke
|poke|p1|Tyranitar, L50, M|
|poke|p1|Excadrill, L50, M|
|poke|p1|Milotic, L50, F|
|poke|p1|Sinistcha, L50|
|poke|p1|Staraptor, L50, F|
|poke|p1|Gholdengo, L50|
|poke|p2|Whimsicott, L50, F|
|poke|p2|Garchomp, L50, M|
|poke|p2|Charizard, L50, F|
|poke|p2|Floette-Eternal, L50, F|
|poke|p2|Kingambit, L50, F|
|poke|p2|Basculegion, L50, M|
|teampreview|4
|showteam|p1|Tyranitar||Tyranitarite|SandStream|RockSlide,KnockOff,HighHorsepower,Protect|Jolly||M|||50|]Excadrill||FocusSash|SandRush|Earthquake,IronHead,RockSlide,Protect|Adamant||M|||50|]Milotic||SitrusBerry|Competitive|Scald,IcyWind,Haze,Protect|Calm||F|||50|]Sinistcha||ColburBerry|Hospitality|MatchaGotcha,ShadowBall,RagePowder,Protect|Bold|||||50|]Staraptor||Staraptite|Intimidate|CloseCombat,BraveBird,Tailwind,Protect|Jolly||F|||50|]Gholdengo||LifeOrb|GoodasGold|MakeItRain,ShadowBall,NastyPlot,Protect|Modest|||||50|
|showteam|p2|Whimsicott||FocusSash|Prankster|Protect,Tailwind,Moonblast,Encore|Timid||F|||50|]Garchomp||LifeOrb|RoughSkin|Protect,Earthquake,DragonClaw,RockSlide|Jolly||M|||50|]Charizard||CharizarditeY|Blaze|Protect,HeatWave,WeatherBall,SolarBeam|Modest||F|||50|]Floette-Eternal||Floettite|FlowerVeil|Protect,LightofRuin,DazzlingGleam,Moonblast|Modest||F|||50|]Kingambit||ChopleBerry|Defiant|IronHead,SuckerPunch,KowtowCleave,LowKick|Adamant||F|||50|]Basculegion||MysticWater|Adaptability|Protect,AquaJet,LastRespects,WaveCrash|Adamant||M|||50|
|inactive|Battle timer is ON: inactive players will automatically lose when time's up. (requested by Gayangos)
|inactive|CrazyComet37 has 60 seconds left.
|
|t:|1783525636
|teamsize|p1|4
|teamsize|p2|4
|start
|switch|p1a: Gholdengo|Gholdengo, L50|100/100
|switch|p1b: Staraptor|Staraptor, L50, F|100/100
|switch|p2a: Whimsicott|Whimsicott, L50, F|100/100
|switch|p2b: Charizard|Charizard, L50, F|100/100
|-ability|p1b: Staraptor|Intimidate|boost
|-unboost|p2a: Whimsicott|atk|1
|-unboost|p2b: Charizard|atk|1
|turn|1
|
|t:|1783525661
|switch|p1a: Tyranitar|Tyranitar, L50, M|100/100
|-weather|Sandstorm|[from] ability: Sand Stream|[of] p1a: Tyranitar
|detailschange|p2b: Charizard|Charizard-Mega-Y, L50, F
|-mega|p2b: Charizard|Charizard|Charizardite Y
|-weather|SunnyDay|[from] ability: Drought|[of] p2b: Charizard
|move|p2a: Whimsicott|Moonblast|p1b: Staraptor
|-damage|p1b: Staraptor|50/100g
|move|p1b: Staraptor|Brave Bird|p2a: Whimsicott
|-supereffective|p2a: Whimsicott|1
|-enditem|p2a: Whimsicott|Focus Sash
|-damage|p2a: Whimsicott|1/100
|-damage|p1b: Staraptor|26/100|[from] Recoil
|move|p2b: Charizard|Heat Wave|p1b: Staraptor|[spread] p1a,p1b
|-resisted|p1a: Tyranitar|1
|-damage|p1a: Tyranitar|69/100
|-damage|p1b: Staraptor|0 fnt
|faint|p1b: Staraptor
|
|-weather|SunnyDay|[upkeep]
|upkeep
|
|t:|1783525683
|switch|p1b: Excadrill|Excadrill, L50, M|100/100
|turn|2
|inactive|CrazyComet37 has 30 seconds left.
|inactive|Gayangos has 30 seconds left.
|
|t:|1783525721
|switch|p2b: Basculegion|Basculegion, L50, M|100/100
|detailschange|p1a: Tyranitar|Tyranitar-Mega, L50, M
|-mega|p1a: Tyranitar|Tyranitar|Tyranitarite
|-weather|Sandstorm|[from] ability: Sand Stream|[of] p1a: Tyranitar
|move|p2a: Whimsicott|Tailwind|p2a: Whimsicott
|-sidestart|p2: CrazyComet37|move: Tailwind
|move|p1b: Excadrill|Iron Head|p2b: Basculegion
|-resisted|p2b: Basculegion|1
|-damage|p2b: Basculegion|75/100
|move|p1a: Tyranitar|Rock Slide|p2b: Basculegion|[spread] p2a,p2b
|-crit|p2a: Whimsicott
|-damage|p2a: Whimsicott|0 fnt
|-damage|p2b: Basculegion|40/100
|faint|p2a: Whimsicott
|
|-weather|Sandstorm|[upkeep]
|-damage|p2b: Basculegion|33/100|[from] Sandstorm
|upkeep
|
|t:|1783525745
|switch|p2a: Garchomp|Garchomp, L50, M|100/100
|turn|3
|
|t:|1783525757
|move|p2b: Basculegion|Protect|p2b: Basculegion
|-singleturn|p2b: Basculegion|Protect
|move|p1a: Tyranitar|Protect|p1a: Tyranitar
|-singleturn|p1a: Tyranitar|Protect
|move|p2a: Garchomp|Earthquake|p1b: Excadrill|[spread] p1b
|-activate|p2b: Basculegion|move: Protect
|-activate|p1a: Tyranitar|move: Protect
|-supereffective|p1b: Excadrill|1
|-enditem|p1b: Excadrill|Focus Sash
|-damage|p1b: Excadrill|1/100
|-damage|p2a: Garchomp|90/100|[from] item: Life Orb
|move|p1b: Excadrill|Earthquake|p2a: Garchomp|[spread] p2a
|-activate|p1a: Tyranitar|move: Protect
|-activate|p2b: Basculegion|move: Protect
|-damage|p2a: Garchomp|48/100
|
|-weather|Sandstorm|[upkeep]
|-damage|p2b: Basculegion|27/100|[from] Sandstorm
|upkeep
|turn|4
|inactive|Gayangos has 30 seconds left.
|inactive|CrazyComet37 has 30 seconds left.
|inactive|Gayangos has 20 seconds left.
|inactive|CrazyComet37 has 20 seconds left.
|inactive|Gayangos has 15 seconds left.
|inactive|CrazyComet37 has 15 seconds left.
|inactive|Gayangos has 10 seconds left.
|inactive|CrazyComet37 has 10 seconds left.
|inactive|CrazyComet37 has 5 seconds left.
|
|t:|1783525819
|switch|p1a: Gholdengo|Gholdengo, L50|100/100
|move|p1b: Excadrill|Protect|p1b: Excadrill
|-singleturn|p1b: Excadrill|Protect
|move|p2a: Garchomp|Rock Slide|p1a: Gholdengo|[spread] p1a
|-activate|p1b: Excadrill|move: Protect
|-resisted|p1a: Gholdengo|1
|-damage|p1a: Gholdengo|89/100
|-damage|p2a: Garchomp|38/100|[from] item: Life Orb
|move|p2b: Basculegion|Last Respects|p1a: Gholdengo
|-supereffective|p1a: Gholdengo|1
|-damage|p1a: Gholdengo|0 fnt
|faint|p1a: Gholdengo
|
|-weather|Sandstorm|[upkeep]
|-damage|p2b: Basculegion|21/100|[from] Sandstorm
|upkeep
|
|t:|1783525831
|switch|p1a: Tyranitar|Tyranitar-Mega, L50, M|69/100
|turn|5
|
|t:|1783525853
|move|p1b: Excadrill|Protect|p1b: Excadrill
|-singleturn|p1b: Excadrill|Protect
|move|p1a: Tyranitar|Protect|p1a: Tyranitar
|-singleturn|p1a: Tyranitar|Protect
|move|p2b: Basculegion|Aqua Jet|p1b: Excadrill
|-activate|p1b: Excadrill|move: Protect
|move|p2a: Garchomp|Dragon Claw|p1a: Tyranitar
|-activate|p1a: Tyranitar|move: Protect
|
|-weather|Sandstorm|[upkeep]
|-damage|p2b: Basculegion|15/100|[from] Sandstorm
|-sideend|p2: CrazyComet37|move: Tailwind
|upkeep
|turn|6
|inactive|Gayangos has 30 seconds left.
|
|t:|1783525889
|move|p1a: Tyranitar|Protect||[still]
|-fail|p1a: Tyranitar
|move|p2b: Basculegion|Aqua Jet|p1b: Excadrill
|-supereffective|p1b: Excadrill|1
|-damage|p1b: Excadrill|0 fnt
|faint|p1b: Excadrill
|move|p2a: Garchomp|Earthquake|p1a: Tyranitar|[spread] p2b,p1a
|-supereffective|p1a: Tyranitar|1
|-damage|p2b: Basculegion|0 fnt
|-damage|p1a: Tyranitar|0 fnt
|faint|p2b: Basculegion
|faint|p1a: Tyranitar
|-damage|p2a: Garchomp|28/100|[from] item: Life Orb
|
|win|CrazyComet37
|raw|Gayangos's rating: 1303 → 1282(-21 for losing)
|raw|CrazyComet37's rating: 1280 → 1307(+27 for winning)
