|j|☆Rat Rizzo
|j|☆bobovile
|html|Rat Rizzobobovile    
|uhtml|bestof|Game 1 of a best-of-3
|t:|1757024418
|gametype|doubles
|player|p1|Rat Rizzo|2|1082
|player|p2|bobovile|ruinmaniac|1089
|gen|9
|tier|[Gen 9] VGC 2025 Reg H (Bo3)
|rated|
|rule|Species Clause: Limit one of each Pokémon
|rule|Item Clause: Limit 1 of each item
|clearpoke
|poke|p1|Garchomp, L50, F|
|poke|p1|Jumpluff, L50, M|
|poke|p1|Torkoal, L50, M|
|poke|p1|Dragonite, L50, F|
|poke|p1|Kingambit, L50, M|
|poke|p1|Typhlosion-Hisui, L50, F|
|poke|p2|Mandibuzz, L50, F|
|poke|p2|Baxcalibur, L50, M|
|poke|p2|Ursaluna-Bloodmoon, L50, M|
|poke|p2|Gyarados, L50, M|
|poke|p2|Tsareena, L50, F|
|poke|p2|Electabuzz, L50, F|
|teampreview|4
|showteam|p1|Garchomp||LifeOrb|RoughSkin|DragonClaw,StompingTantrum,Earthquake,Protect|||F|||50|,,,,,Fire]Jumpluff||CovertCloak|Chlorophyll|LeafStorm,SleepPowder,Encore,Tailwind|||M|||50|,,,,,Poison]Torkoal||EjectPack|Drought|Overheat,BurningJealousy,HelpingHand,Protect|||M|||50|,,,,,Flying]Dragonite||LoadedDice|Multiscale|ScaleShot,ExtremeSpeed,IceSpinner,Protect|||F|||50|,,,,,Fairy]Kingambit||AssaultVest|Defiant|IronHead,SuckerPunch,KowtowCleave,LowKick|||M|||50|,,,,,Flying]Typhlosion-Hisui||ChoiceScarf|Blaze|Eruption,ShadowBall,HeatWave,Overheat|||F|||50|,,,,,Fire
|showteam|p2|Mandibuzz||CovertCloak|Overcoat|Protect,FoulPlay,Tailwind,Taunt|||F|||50|,,,,,Water]Baxcalibur||LoadedDice|ThermalExchange|IcicleSpear,ScaleShot,Protect,SwordsDance|||M|||50|,,,,,Water]Ursaluna-Bloodmoon||LifeOrb|MindsEye|HyperVoice,BloodMoon,Protect,EarthPower|||M|||50|,,,,,Normal]Gyarados||ClearAmulet|Intimidate|Protect,DragonDance,Waterfall,TeraBlast|||M|||50|,,,,,Flying]Tsareena||WideLens|QueenlyMajesty|Protect,PowerWhip,TripleAxel,HighJumpKick|||F|||50|,,,,,Fire]Electabuzz||Eviolite|VitalSpirit|FollowMe,Protect,Taunt,Electroweb|||F|||50|,,,,,Ghost
|inactive|Battle timer is ON: inactive players will automatically lose when time's up. (requested by Rat Rizzo)
|inactive|Rat Rizzo has 60 seconds left.
|inactive|bobovile has 60 seconds left.
|inactive|bobovile has 30 seconds left.
|
|t:|1757024479
|teamsize|p1|4
|teamsize|p2|4
|start
|switch|p1a: Garchomp|Garchomp, L50, F|100/100
|switch|p1b: Dragonite|Dragonite, L50, F|100/100
|switch|p2a: Mandibuzz|Mandibuzz, L50, F|100/100
|switch|p2b: Gyarados|Gyarados, L50, M|100/100
|-ability|p2b: Gyarados|Intimidate|boost
|-unboost|p1a: Garchomp|atk|1
|-unboost|p1b: Dragonite|atk|1
|turn|1
|inactive|bobovile has 30 seconds left.
|
|t:|1757024504
|move|p1a: Garchomp|Dragon Claw|p2b: Gyarados
|-damage|p2b: Gyarados|64/100
|-damage|p1a: Garchomp|91/100|[from] item: Life Orb
|move|p1b: Dragonite|Scale Shot|p2b: Gyarados
|-damage|p2b: Gyarados|53/100
|-damage|p2b: Gyarados|42/100
|-damage|p2b: Gyarados|31/100
|-damage|p2b: Gyarados|21/100
|-damage|p2b: Gyarados|11/100
|-hitcount|p2b: Gyarados|5
|-unboost|p1b: Dragonite|def|1
|-boost|p1b: Dragonite|spe|1
|move|p2b: Gyarados|Dragon Dance|p2b: Gyarados
|-boost|p2b: Gyarados|atk|1
|-boost|p2b: Gyarados|spe|1
|move|p2a: Mandibuzz|Tailwind|p2a: Mandibuzz
|-sidestart|p2: bobovile|move: Tailwind
|
|upkeep
|turn|2
|inactive|Rat Rizzo has 30 seconds left.
|inactive|bobovile has 30 seconds left.
|inactive|bobovile has 20 seconds left.
|inactive|bobovile has 15 seconds left.
|inactive|bobovile has 10 seconds left.
|inactive|bobovile has 5 seconds left.
|
|t:|1757024556
|switch|p2b: Electabuzz|Electabuzz, L50, F|100/100
|move|p2a: Mandibuzz|Foul Play|p1b: Dragonite
|-damage|p1b: Dragonite|67/100
|move|p1b: Dragonite|Ice Spinner|p2a: Mandibuzz
|-supereffective|p2a: Mandibuzz
|-damage|p2a: Mandibuzz|73/100
|move|p1a: Garchomp|Dragon Claw|p2b: Electabuzz
|-damage|p2b: Electabuzz|73/100
|-damage|p1a: Garchomp|81/100|[from] item: Life Orb
|
|upkeep
|turn|3
|
|t:|1757024580
|switch|p2b: Gyarados|Gyarados, L50, M|11/100
|-ability|p2b: Gyarados|Intimidate|boost
|-unboost|p1a: Garchomp|atk|1
|-unboost|p1b: Dragonite|atk|1
|move|p2a: Mandibuzz|Taunt|p1a: Garchomp
|-start|p1a: Garchomp|move: Taunt
|move|p1b: Dragonite|Scale Shot|p2a: Mandibuzz
|-damage|p2a: Mandibuzz|67/100
|-damage|p2a: Mandibuzz|61/100
|-damage|p2a: Mandibuzz|56/100
|-damage|p2a: Mandibuzz|49/100
|-damage|p2a: Mandibuzz|43/100
|-hitcount|p2a: Mandibuzz|5
|-unboost|p1b: Dragonite|def|1
|-boost|p1b: Dragonite|spe|1
|move|p1a: Garchomp|Earthquake|p2a: Mandibuzz|[spread] 
|-immune|p1b: Dragonite
|-immune|p2a: Mandibuzz
|-immune|p2b: Gyarados
|
|upkeep
|turn|4
|inactive|bobovile has 30 seconds left.
|
|t:|1757024607
|switch|p1a: Kingambit|Kingambit, L50, M|100/100
|move|p2b: Gyarados|Protect|p2b: Gyarados
|-singleturn|p2b: Gyarados|Protect
|move|p1b: Dragonite|Extreme Speed|p2b: Gyarados
|-activate|p2b: Gyarados|move: Protect
|move|p2a: Mandibuzz|Foul Play|p1b: Dragonite
|-damage|p1b: Dragonite|0 fnt
|faint|p1b: Dragonite
|
|-sideend|p2: bobovile|move: Tailwind
|upkeep
|
|t:|1757024614
|switch|p1b: Typhlosion|Typhlosion-Hisui, L50, F|100/100
|turn|5
|
|t:|1757024639
|-terastallize|p1b: Typhlosion|Fire
|move|p1b: Typhlosion|Eruption|p2a: Mandibuzz|[spread] p2a,p2b
|-resisted|p2b: Gyarados
|-damage|p2a: Mandibuzz|0 fnt
|-damage|p2b: Gyarados|0 fnt
|faint|p2a: Mandibuzz
|faint|p2b: Gyarados
|move|p1a: Kingambit|Kowtow Cleave|p2: Mandibuzz|[notarget]
|-fail|p1a: Kingambit
|
|upkeep
|
|t:|1757024648
|switch|p2b: Electabuzz|Electabuzz, L50, F|73/100
|switch|p2a: Baxcalibur|Baxcalibur, L50, M|100/100
|turn|6
|inactive|bobovile has 30 seconds left.
|
|t:|1757024675
|switch|p1b: Garchomp|Garchomp, L50, F|81/100
|-terastallize|p2a: Baxcalibur|Water
|move|p2b: Electabuzz|Follow Me|p2b: Electabuzz
|-singleturn|p2b: Electabuzz|move: Follow Me
|move|p2a: Baxcalibur|Icicle Spear|p1b: Garchomp
|-supereffective|p1b: Garchomp
|-damage|p1b: Garchomp|22/100
|-supereffective|p1b: Garchomp
|-damage|p1b: Garchomp|0 fnt
|faint|p1b: Garchomp
|-hitcount|p1: Garchomp|2
|move|p1a: Kingambit|Iron Head|p2b: Electabuzz
|-resisted|p2b: Electabuzz
|-damage|p2b: Electabuzz|55/100
|
|upkeep
|
|t:|1757024683
|switch|p1b: Typhlosion|Typhlosion-Hisui, L50, F, tera:Fire|100/100
|turn|7
|
|t:|1757024695
|move|p2b: Electabuzz|Follow Me|p2b: Electabuzz
|-singleturn|p2b: Electabuzz|move: Follow Me
|move|p1b: Typhlosion|Shadow Ball|p2b: Electabuzz
|-damage|p2b: Electabuzz|25/100
|-unboost|p2b: Electabuzz|spd|1
|move|p2a: Baxcalibur|Scale Shot|p1b: Typhlosion
|-damage|p1b: Typhlosion|76/100
|-damage|p1b: Typhlosion|53/100
|-damage|p1b: Typhlosion|29/100
|-damage|p1b: Typhlosion|8/100
|-damage|p1b: Typhlosion|0 fnt
|faint|p1b: Typhlosion
|-hitcount|p1: Typhlosion|5
|-unboost|p2a: Baxcalibur|def|1
|-boost|p2a: Baxcalibur|spe|1
|move|p1a: Kingambit|Kowtow Cleave|p2b: Electabuzz
|-damage|p2b: Electabuzz|0 fnt
|faint|p2b: Electabuzz
|
|upkeep
|turn|8
|
|t:|1757024716
|move|p2a: Baxcalibur|Swords Dance|p2a: Baxcalibur
|-boost|p2a: Baxcalibur|atk|2
|move|p1a: Kingambit|Kowtow Cleave|p2a: Baxcalibur
|-damage|p2a: Baxcalibur|40/100
|
|upkeep
|turn|9
|
|t:|1757024727
|move|p1a: Kingambit|Sucker Punch|p2a: Baxcalibur
|-damage|p2a: Baxcalibur|0 fnt
|faint|p2a: Baxcalibur
|
|win|Rat Rizzo
|c|☆Rat Rizzo|gg
