|j|☆dr_sugus_vgc
|j|☆Game player 28
|html|dr_sugus_vgcGame player 28    
|uhtml|bestof|Game 1 of a best-of-3
|t:|1757187284
|gametype|doubles
|player|p1|dr_sugus_vgc|266|1140
|player|p2|Game player 28|volkner|1014
|gen|9
|tier|[Gen 9] VGC 2025 Reg H (Bo3)
|rated|
|rule|Species Clause: Limit one of each Pokémon
|rule|Item Clause: Limit 1 of each item
|clearpoke
|poke|p1|Amoonguss, L50, F|
|poke|p1|Hydreigon, L50, F|
|poke|p1|Incineroar, L50, M|
|poke|p1|Gholdengo, L50|
|poke|p1|Palafin, L50, M|
|poke|p1|Garchomp, L50, F|
|poke|p2|Zoroark, L50, F|
|poke|p2|Archaludon, L50, M|
|poke|p2|Incineroar, L50, M|
|poke|p2|Farigiraf, L50, F|
|poke|p2|Ursaluna-Bloodmoon, L50, M|
|poke|p2|Indeedee-F, L50, F|
|teampreview|4
|showteam|p1|Amoonguss||RockyHelmet|Regenerator|PollenPuff,Spore,RagePowder,Protect|||F|||50|,,,,,Fairy]Hydreigon||SafetyGoggles|Levitate|DracoMeteor,Protect,Tailwind,Snarl|||F|||50|,,,,,Ghost]Incineroar||SitrusBerry|Intimidate|FlareBlitz,KnockOff,PartingShot,FakeOut|||M|||50|,,,,,Ghost]Gholdengo||MetalCoat|GoodasGold|MakeItRain,ShadowBall,NastyPlot,Protect||||||50|,,,,,Water]Palafin||LifeOrb|ZerotoHero|JetPunch,WaveCrash,CloseCombat,Protect|||M|||50|,,,,,Water]Garchomp||ClearAmulet|RoughSkin|Earthquake,DragonClaw,StompingTantrum,Protect|||F|||50|,,,,,Fire
|showteam|p2|Zoroark||FocusSash|Illusion|Flamethrower,DarkPulse,Protect,Taunt|||F|||50|,,,,,Ghost]Archaludon||PowerHerb|Stalwart|FlashCannon,DracoMeteor,ElectroShot,Protect|||M|||50|,,,,,Fairy]Incineroar||ExpertBelt|Intimidate|FakeOut,FlareBlitz,KnockOff,Protect|||M|||50|,,,,,Ghost]Farigiraf||ThroatSpray|ArmorTail|ExpandingForce,HyperVoice,BatonPass,HelpingHand|||F|||50|,,,,,Psychic]Ursaluna-Bloodmoon||LifeOrb|MindsEye|BloodMoon,EarthPower,HyperVoice,Protect|||M|||50|,,,,,Normal]Indeedee-F||PsychicSeed|PsychicSurge|HelpingHand,Protect,FollowMe,TrickRoom|||F|||50|,,,,,Grass
|
|t:|1757187325
|teamsize|p1|4
|teamsize|p2|4
|start
|switch|p1a: Garchomp|Garchomp, L50, F|100/100
|switch|p1b: Hydreigon|Hydreigon, L50, F|100/100
|switch|p2a: Indeedee|Indeedee-F, L50, F|100/100
|switch|p2b: Ursaluna|Ursaluna-Bloodmoon, L50, M|100/100
|-fieldstart|move: Psychic Terrain|[from] ability: Psychic Surge|[of] p2a: Indeedee
|-enditem|p2a: Indeedee|Psychic Seed
|-boost|p2a: Indeedee|spd|1|[from] item: Psychic Seed
|turn|1
|
|t:|1757187355
|move|p1a: Garchomp|Earthquake|p2a: Indeedee|[spread] p2a,p2b
|-immune|p1b: Hydreigon|[from] ability: Levitate
|-damage|p2a: Indeedee|42/100
|-damage|p2b: Ursaluna|73/100
|move|p1b: Hydreigon|Snarl|p2a: Indeedee|[spread] p2a,p2b
|-supereffective|p2a: Indeedee
|-damage|p2a: Indeedee|22/100
|-damage|p2b: Ursaluna|52/100
|-unboost|p2a: Indeedee|spa|1
|-unboost|p2b: Ursaluna|spa|1
|move|p2b: Ursaluna|Blood Moon|p1b: Hydreigon
|-damage|p1b: Hydreigon|25/100
|-damage|p2b: Ursaluna|42/100|[from] item: Life Orb
|move|p2a: Indeedee|Trick Room|p2a: Indeedee
|-fieldstart|move: Trick Room|[of] p2a: Indeedee
|
|upkeep
|turn|2
|
|t:|1757187383
|switch|p1b: Amoonguss|Amoonguss, L50, F|100/100
|move|p1a: Garchomp|Protect|p1a: Garchomp
|-singleturn|p1a: Garchomp|Protect
|move|p2a: Indeedee|Follow Me|p2a: Indeedee
|-singleturn|p2a: Indeedee|move: Follow Me
|move|p2b: Ursaluna|Hyper Voice|p1b: Amoonguss|[spread] p1b
|-activate|p1a: Garchomp|move: Protect
|-damage|p1b: Amoonguss|72/100
|-damage|p2b: Ursaluna|32/100|[from] item: Life Orb
|
|upkeep
|turn|3
|
|t:|1757187422
|move|p1b: Amoonguss|Protect|p1b: Amoonguss
|-singleturn|p1b: Amoonguss|Protect
|move|p2a: Indeedee|Follow Me|p2a: Indeedee
|-singleturn|p2a: Indeedee|move: Follow Me
|move|p2b: Ursaluna|Earth Power|p1b: Amoonguss
|-activate|p1b: Amoonguss|move: Protect
|move|p1a: Garchomp|Stomping Tantrum|p2a: Indeedee
|-damage|p2a: Indeedee|0 fnt
|faint|p2a: Indeedee
|
|upkeep
|
|t:|1757187436
|switch|p2a: Farigiraf|Farigiraf, L50, F|100/100
|turn|4
|
|t:|1757187457
|move|p1b: Amoonguss|Spore|p2b: Ursaluna
|-status|p2b: Ursaluna|slp|[from] move: Spore
|cant|p2b: Ursaluna|slp
|move|p2a: Farigiraf|Expanding Force|p1a: Garchomp|[spread] p1a,p1b
|-supereffective|p1b: Amoonguss
|-damage|p1a: Garchomp|33/100
|-damage|p1b: Amoonguss|0 fnt
|faint|p1b: Amoonguss
|move|p1a: Garchomp|Dragon Claw|p2a: Farigiraf
|-damage|p2a: Farigiraf|53/100
|
|upkeep
|
|t:|1757187474
|switch|p1b: Incineroar|Incineroar, L50, M|100/100
|-ability|p1b: Incineroar|Intimidate|boost
|-unboost|p2a: Farigiraf|atk|1
|-unboost|p2b: Ursaluna|atk|1
|turn|5
|
|t:|1757187490
|switch|p1a: Hydreigon|Hydreigon, L50, F|25/100
|cant|p2b: Ursaluna|slp
|move|p2a: Farigiraf|Hyper Voice|p1b: Incineroar|[spread] p1a,p1b
|-damage|p1a: Hydreigon|0 fnt
|-damage|p1b: Incineroar|73/100
|faint|p1a: Hydreigon
|-enditem|p2a: Farigiraf|Throat Spray
|-boost|p2a: Farigiraf|spa|1|[from] item: Throat Spray
|move|p1b: Incineroar|Knock Off|p2b: Ursaluna
|-damage|p2b: Ursaluna|4/100 slp
|-enditem|p2b: Ursaluna|Life Orb|[from] move: Knock Off|[of] p1b: Incineroar
|
|-fieldend|move: Trick Room
|-fieldend|move: Psychic Terrain
|upkeep
|
|t:|1757187503
|switch|p1a: Garchomp|Garchomp, L50, F|33/100
|turn|6
|
|t:|1757187532
|-terastallize|p1b: Incineroar|Ghost
|move|p1a: Garchomp|Stomping Tantrum|p2b: Ursaluna
|-damage|p2b: Ursaluna|0 fnt
|faint|p2b: Ursaluna
|move|p1b: Incineroar|Knock Off|p2a: Farigiraf
|-supereffective|p2a: Farigiraf
|-damage|p2a: Farigiraf|0 fnt
|faint|p2a: Farigiraf
|
|upkeep
|
|t:|1757187544
|switch|p2b: Archaludon|Archaludon, L50, M|100/100
|turn|7
|
|t:|1757187558
|-terastallize|p2b: Archaludon|Fairy
|move|p1a: Garchomp|Stomping Tantrum|p2b: Archaludon
|-damage|p2b: Archaludon|66/100
|move|p2b: Archaludon|Electro Shot||[still]
|-prepare|p2b: Archaludon|Electro Shot
|-boost|p2b: Archaludon|spa|1
|-enditem|p2b: Archaludon|Power Herb
|-anim|p2b: Archaludon|Electro Shot|p1b: Incineroar
|-damage|p1b: Incineroar|21/100
|-enditem|p1b: Incineroar|Sitrus Berry|[eat]
|-heal|p1b: Incineroar|46/100|[from] item: Sitrus Berry
|move|p1b: Incineroar|Knock Off|p2b: Archaludon
|-resisted|p2b: Archaludon
|-damage|p2b: Archaludon|56/100
|
|upkeep
|turn|8
|
|t:|1757187580
|move|p1a: Garchomp|Stomping Tantrum|p2b: Archaludon
|-damage|p2b: Archaludon|23/100
|move|p2b: Archaludon|Draco Meteor|p1a: Garchomp
|-supereffective|p1a: Garchomp
|-damage|p1a: Garchomp|0 fnt
|-unboost|p2b: Archaludon|spa|2
|faint|p1a: Garchomp
|move|p1b: Incineroar|Flare Blitz|p2b: Archaludon
|-damage|p2b: Archaludon|0 fnt
|faint|p2b: Archaludon
|-damage|p1b: Incineroar|40/100|[from] Recoil
|
|win|dr_sugus_vgc
||Game player 28 is ready for game 2.
|inactive|dr_sugus_vgc has 30 seconds to confirm battle start!
||dr_sugus_vgc is ready for game 2.
|uhtml|next|Next: Game 2 of 3
