|j|☆ProtoZeroYT
|j|☆4kcrashout
|html|ProtoZeroYT4kcrashout    
|uhtml|bestof|Game 1 of a best-of-3
|t:|1756602948
|gametype|doubles
|player|p1|ProtoZeroYT|miku-flying|1089
|player|p2|4kcrashout|clay|1037
|gen|9
|tier|[Gen 9] VGC 2025 Reg H (Bo3)
|rated|
|rule|Species Clause: Limit one of each Pokémon
|rule|Item Clause: Limit 1 of each item
|clearpoke
|poke|p1|Sneasler, L50, M|
|poke|p1|Indeedee, L50, M|
|poke|p1|Volcarona, L50, F|
|poke|p1|Ursaluna-Bloodmoon, L50, M|
|poke|p1|Annihilape, L50, M|
|poke|p1|Tyranitar, L50, M|
|poke|p2|Incineroar, L50, F|
|poke|p2|Rillaboom, L50, M|
|poke|p2|Sneasler, L50, M|
|poke|p2|Dragonite, L50, M|
|poke|p2|Gholdengo, L50|
|poke|p2|Volcarona, L50, M|
|teampreview|4
|showteam|p1|Sneasler||PsychicSeed|Unburden|CloseCombat,DireClaw,ThroatChop,Protect|||M|||50|,,,,,Dark]Indeedee||ChoiceScarf|PsychicSurge|ExpandingForce,TeraBlast,Trick,Protect|||M|||50|,,,,,Psychic]Volcarona||SitrusBerry|FlameBody|Overheat,StruggleBug,RagePowder,Tailwind|||F|||50|,,,,,Grass]Ursaluna-Bloodmoon||LifeOrb|MindsEye|BloodMoon,HyperVoice,EarthPower,Protect|||M|||50|,,,,,Normal]Annihilape||SafetyGoggles|Defiant|CloseCombat,RageFist,Taunt,FinalGambit|||M|||50|,,,,,Fairy]Tyranitar||AssaultVest|SandStream|RockSlide,KnockOff,TeraBlast,LowKick|||M|||50|,,,,,Flying
|showteam|p2|Incineroar||SitrusBerry|Intimidate|FakeOut,PartingShot,FlareBlitz,KnockOff|||F|||50|,,,,,Ghost]Rillaboom||AssaultVest|GrassySurge|WoodHammer,Uturn,FakeOut,GrassyGlide|||M|||50|,,,,,Fire]Sneasler||GrassySeed|Unburden|FakeOut,Protect,DireClaw,CloseCombat|||M|||50|,,,,,Dark]Dragonite||LoadedDice|InnerFocus|ScaleShot,Protect,Tailwind,ExtremeSpeed|||M|||50|,,,,,Fairy]Gholdengo||LifeOrb|GoodasGold|MakeItRain,ShadowBall,Protect,NastyPlot||||||50|,,,,,Steel]Volcarona||CovertCloak|FlameBody|HeatWave,TeraBlast,QuiverDance,Protect|||M|||50|,,,,,Fairy
|inactive|Battle timer is ON: inactive players will automatically lose when time's up. (requested by ProtoZeroYT)
|
|t:|1756602986
|teamsize|p1|4
|teamsize|p2|4
|start
|switch|p1a: Annihilape|Annihilape, L50, M|100/100
|switch|p1b: Volcarona|Volcarona, L50, F|100/100
|switch|p2a: Rillaboom|Rillaboom, L50, M|100/100
|switch|p2b: Sneasler|Sneasler, L50, M|100/100
|-fieldstart|move: Grassy Terrain|[from] ability: Grassy Surge|[of] p2a: Rillaboom
|-enditem|p2b: Sneasler|Grassy Seed
|-boost|p2b: Sneasler|def|1|[from] item: Grassy Seed
|turn|1
|inactive|ProtoZeroYT has 30 seconds left.
|inactive|4kcrashout has 30 seconds left.
|inactive|ProtoZeroYT has 20 seconds left.
|
|t:|1756603022
|switch|p2a: Incineroar|Incineroar, L50, F|100/100
|-ability|p2a: Incineroar|Intimidate|boost
|-unboost|p1a: Annihilape|atk|1
|-ability|p1a: Annihilape|Defiant|boost
|-boost|p1a: Annihilape|atk|2
|-unboost|p1b: Volcarona|atk|1
|move|p1b: Volcarona|Rage Powder|p1b: Volcarona
|-singleturn|p1b: Volcarona|move: Rage Powder
|move|p2b: Sneasler|Dire Claw|p1b: Volcarona
|-damage|p1b: Volcarona|47/100
|-status|p2b: Sneasler|brn|[from] ability: Flame Body|[of] p1b: Volcarona
|-enditem|p1b: Volcarona|Sitrus Berry|[eat]
|-heal|p1b: Volcarona|72/100|[from] item: Sitrus Berry
|move|p1a: Annihilape|Final Gambit|p2b: Sneasler
|-damage|p2b: Sneasler|0 fnt
|faint|p1a: Annihilape
|faint|p2b: Sneasler
|
|-heal|p1b: Volcarona|78/100|[from] Grassy Terrain
|upkeep
|
|t:|1756603044
|switch|p2b: Dragonite|Dragonite, L50, M|100/100
|switch|p1a: Ursaluna|Ursaluna-Bloodmoon, L50, M|100/100
|turn|2
|
|t:|1756603063
|move|p1a: Ursaluna|Protect|p1a: Ursaluna
|-singleturn|p1a: Ursaluna|Protect
|move|p2a: Incineroar|Fake Out|p1a: Ursaluna
|-activate|p1a: Ursaluna|move: Protect
|move|p1b: Volcarona|Tailwind|p1b: Volcarona
|-sidestart|p1: ProtoZeroYT|move: Tailwind
|move|p2b: Dragonite|Scale Shot|p1a: Ursaluna
|-activate|p1a: Ursaluna|move: Protect
|
|-heal|p1b: Volcarona|84/100|[from] Grassy Terrain
|upkeep
|turn|3
|
|t:|1756603083
|move|p1b: Volcarona|Struggle Bug|p2b: Dragonite|[spread] p2a,p2b
|-crit|p2a: Incineroar
|-resisted|p2b: Dragonite
|-damage|p2a: Incineroar|82/100
|-damage|p2b: Dragonite|92/100
|-unboost|p2a: Incineroar|spa|1
|-unboost|p2b: Dragonite|spa|1
|move|p1a: Ursaluna|Earth Power|p2a: Incineroar
|-supereffective|p2a: Incineroar
|-damage|p2a: Incineroar|0 fnt
|faint|p2a: Incineroar
|-damage|p1a: Ursaluna|91/100|[from] item: Life Orb
|move|p2b: Dragonite|Tailwind|p2b: Dragonite
|-sidestart|p2: 4kcrashout|move: Tailwind
|
|-heal|p1b: Volcarona|90/100|[from] Grassy Terrain
|-heal|p1a: Ursaluna|97/100|[from] Grassy Terrain
|upkeep
|
|t:|1756603098
|switch|p2a: Rillaboom|Rillaboom, L50, M|100/100
|turn|4
|
|t:|1756603122
|-terastallize|p2a: Rillaboom|Fire
|move|p1a: Ursaluna|Protect|p1a: Ursaluna
|-singleturn|p1a: Ursaluna|Protect
|move|p2a: Rillaboom|Fake Out|p1a: Ursaluna
|-activate|p1a: Ursaluna|move: Protect
|move|p1b: Volcarona|Overheat|p2a: Rillaboom
|-resisted|p2a: Rillaboom
|-damage|p2a: Rillaboom|82/100
|-unboost|p1b: Volcarona|spa|2
|move|p2b: Dragonite|Scale Shot|p1a: Ursaluna
|-activate|p1a: Ursaluna|move: Protect
|
|-heal|p1b: Volcarona|97/100|[from] Grassy Terrain
|-heal|p2a: Rillaboom|88/100|[from] Grassy Terrain
|-heal|p1a: Ursaluna|100/100|[from] Grassy Terrain
|upkeep
|turn|5
|inactive|ProtoZeroYT has 30 seconds left.
|
|t:|1756603147
|-terastallize|p1a: Ursaluna|Normal
|move|p1b: Volcarona|Rage Powder|p1b: Volcarona
|-singleturn|p1b: Volcarona|move: Rage Powder
|move|p2b: Dragonite|Scale Shot|p1b: Volcarona
|-damage|p1b: Volcarona|77/100
|-damage|p1b: Volcarona|56/100
|-damage|p1b: Volcarona|36/100
|-damage|p1b: Volcarona|17/100
|-damage|p1b: Volcarona|0 fnt
|faint|p1b: Volcarona
|-hitcount|p1: Volcarona|5
|-unboost|p2b: Dragonite|def|1
|-boost|p2b: Dragonite|spe|1
|move|p2a: Rillaboom|Wood Hammer|p1a: Ursaluna
|-damage|p1a: Ursaluna|33/100
|-damage|p2a: Rillaboom|68/100|[from] Recoil
|move|p1a: Ursaluna|Hyper Voice|p2b: Dragonite|[spread] p2a,p2b
|-damage|p2a: Rillaboom|21/100
|-damage|p2b: Dragonite|23/100
|-damage|p1a: Ursaluna|24/100|[from] item: Life Orb
|
|-heal|p2a: Rillaboom|27/100|[from] Grassy Terrain
|-heal|p1a: Ursaluna|30/100|[from] Grassy Terrain
|-sideend|p1: ProtoZeroYT|move: Tailwind
|-fieldend|move: Grassy Terrain
|upkeep
|
|t:|1756603167
|switch|p1b: Tyranitar|Tyranitar, L50, M|100/100
|-weather|Sandstorm|[from] ability: Sand Stream|[of] p1b: Tyranitar
|turn|6
|inactive|ProtoZeroYT has 30 seconds left.
|
|t:|1756603195
|move|p2b: Dragonite|Scale Shot|p1b: Tyranitar
|-crit|p1b: Tyranitar
|-damage|p1b: Tyranitar|82/100
|-damage|p1b: Tyranitar|69/100
|-damage|p1b: Tyranitar|56/100
|-damage|p1b: Tyranitar|43/100
|-hitcount|p1b: Tyranitar|4
|-unboost|p2b: Dragonite|def|1
|-boost|p2b: Dragonite|spe|1
|move|p2a: Rillaboom|Wood Hammer|p1a: Ursaluna
|-damage|p1a: Ursaluna|0 fnt
|faint|p1a: Ursaluna
|-damage|p2a: Rillaboom|18/100|[from] Recoil
|move|p1b: Tyranitar|Rock Slide|p2b: Dragonite|[spread] p2a,p2b
|-supereffective|p2a: Rillaboom
|-supereffective|p2b: Dragonite
|-damage|p2a: Rillaboom|0 fnt
|-damage|p2b: Dragonite|0 fnt
|faint|p2a: Rillaboom
|faint|p2b: Dragonite
|
|win|ProtoZeroYT
|inactive|ProtoZeroYT has 30 seconds to confirm battle start!
|inactive|4kcrashout has 30 seconds to confirm battle start!
||4kcrashout is ready for game 2.
||ProtoZeroYT is ready for game 2.
|uhtml|next|Next: Game 2 of 3
