|j|☆liluwuzivertttt
|j|☆neuesspielzeug
|html|liluwuziverttttneuesspielzeug    
|uhtml|bestof|Game 2 of a best-of-3
|t:|1784507931
|gametype|doubles
|player|p1|liluwuzivertttt|102|1072
|player|p2|neuesspielzeug|2|1131
|gen|9
|tier|[Gen 9 Champions] VGC 2026 Reg M-B (Bo3)
|rated|
|rule|Species Clause: Limit one of each Pokémon
|rule|Item Clause: Limit 1 of each item
|clearpoke
|poke|p1|Charizard, L50, F|
|poke|p1|Floette-Eternal, L50, F|
|poke|p1|Kingambit, L50, F|
|poke|p1|Garchomp, L50, F|
|poke|p1|Basculegion, L50, M|
|poke|p1|Whimsicott, L50, M|
|poke|p2|Scrafty, L50, M|
|poke|p2|Toxapex, L50, F|
|poke|p2|Meowstic-F, L50, F|
|poke|p2|Chandelure, L50, F|
|poke|p2|Hydreigon, L50, F|
|poke|p2|Sneasler, L50, M|
|teampreview|4
|showteam|p1|Charizard||CharizarditeY|Blaze|HeatWave,WeatherBall,SolarBeam,Protect|Modest||F|||50|]Floette-Eternal||Floettite|FlowerVeil|Moonblast,DazzlingGleam,LightofRuin,Protect|Modest||F|||50|]Kingambit||BlackGlasses|Defiant|KowtowCleave,IronHead,SuckerPunch,Protect|Adamant||F|||50|]Garchomp||LifeOrb|RoughSkin|DragonClaw,Earthquake,RockSlide,Protect|Jolly||F|||50|]Basculegion||MysticWater|Adaptability|WaveCrash,LastRespects,AquaJet,Protect|Adamant||M|||50|]Whimsicott||FocusSash|Prankster|Moonblast,Encore,Tailwind,Protect|Timid||M|||50|
|showteam|p2|Scrafty||Scraftinite|Intimidate|FakeOut,DrainPunch,KnockOff,PoisonJab|Careful||M|||50|]Toxapex||Leftovers|Regenerator|Infestation,Toxic,BanefulBunker,WideGuard|Bold||F|||50|]Meowstic-F||Meowsticite|KeenEye|PsychicTerrain,ExpandingForce,Protect,ShadowBall|Timid||F|||50|]Chandelure||FocusSash|FlashFire|EnergyBall,HeatWave,ShadowBall,Protect|Timid||F|||50|]Hydreigon||ChoiceScarf|Levitate|DracoMeteor,Snarl,DarkPulse,EarthPower|Modest||F|||50|]Sneasler||LifeOrb|PoisonTouch|FakeOut,CloseCombat,DireClaw,Protect|Jolly||M|||50|
|
|t:|1784507961
|teamsize|p1|4
|teamsize|p2|4
|start
|switch|p1a: Basculegion|Basculegion, L50, M|100/100
|switch|p1b: Garchomp|Garchomp, L50, F|100/100
|switch|p2a: Meowstic|Meowstic-F, L50, F|100/100
|switch|p2b: Toxapex|Toxapex, L50, F|100/100
|turn|1
|
|t:|1784508005
|move|p2a: Meowstic|Protect|p2a: Meowstic
|-singleturn|p2a: Meowstic|Protect
|move|p1b: Garchomp|Dragon Claw|p2a: Meowstic
|-activate|p2a: Meowstic|move: Protect
|move|p1a: Basculegion|Last Respects|p2b: Toxapex
|-damage|p2b: Toxapex|77/100
|move|p2b: Toxapex|Toxic|p1b: Garchomp
|-status|p1b: Garchomp|tox
|
|-heal|p2b: Toxapex|82/100|[from] item: Leftovers
|-damage|p1b: Garchomp|94/100 tox|[from] psn
|upkeep
|turn|2
|
|t:|1784508040
|detailschange|p2a: Meowstic|Meowstic-F-Mega, L50, F
|-mega|p2a: Meowstic|Meowstic|Meowsticite
|-ability|p2a: Meowstic|Rough Skin|Trace|[from] ability: Trace|[of] p1b: Garchomp
|move|p1a: Basculegion|Protect|p1a: Basculegion
|-singleturn|p1a: Basculegion|Protect
|move|p2a: Meowstic|Shadow Ball|p1a: Basculegion
|-activate|p1a: Basculegion|move: Protect
|move|p1b: Garchomp|Earthquake|p2b: Toxapex|[spread] p2a,p2b
|-activate|p1a: Basculegion|move: Protect
|-supereffective|p2b: Toxapex|1
|-damage|p2a: Meowstic|24/100
|-damage|p2b: Toxapex|16/100
|-damage|p1b: Garchomp|84/100 tox|[from] item: Life Orb
|move|p2b: Toxapex|Infestation|p1b: Garchomp
|-damage|p1b: Garchomp|80/100 tox
|-activate|p1b: Garchomp|move: Infestation|[of] p2b: Toxapex
|-damage|p2b: Toxapex|4/100|[from] ability: Rough Skin|[of] p1b: Garchomp
|
|-heal|p2b: Toxapex|10/100|[from] item: Leftovers
|-damage|p1b: Garchomp|68/100 tox|[from] psn
|-damage|p1b: Garchomp|56/100 tox|[from] move: Infestation|[partiallytrapped]
|upkeep
|turn|3
|
|t:|1784508074
|-heal|p2b: Toxapex|43/100|[from] ability: Regenerator|[silent]
|switch|p2b: Hydreigon|Hydreigon, L50, F|100/100
|move|p2a: Meowstic|Protect|p2a: Meowstic
|-singleturn|p2a: Meowstic|Protect
|move|p1b: Garchomp|Dragon Claw|p2b: Hydreigon
|-supereffective|p2b: Hydreigon|1
|-damage|p2b: Hydreigon|0 fnt
|faint|p2b: Hydreigon
|-damage|p1b: Garchomp|46/100 tox|[from] item: Life Orb
|move|p1a: Basculegion|Last Respects|p2a: Meowstic
|-activate|p2a: Meowstic|move: Protect
|
|-damage|p1b: Garchomp|28/100 tox|[from] psn
|-end|p1b: Garchomp|Infestation|[partiallytrapped]|[silent]
|upkeep
|
|t:|1784508092
|switch|p2b: Toxapex|Toxapex, L50, F|43/100
|turn|4
|
|t:|1784508119
|-heal|p2b: Toxapex|76/100|[from] ability: Regenerator|[silent]
|switch|p2b: Sneasler|Sneasler, L50, M|100/100
|move|p1a: Basculegion|Protect|p1a: Basculegion
|-singleturn|p1a: Basculegion|Protect
|move|p2a: Meowstic|Shadow Ball|p1a: Basculegion
|-activate|p1a: Basculegion|move: Protect
|move|p1b: Garchomp|Earthquake|p2a: Meowstic|[spread] p2a,p2b
|-activate|p1a: Basculegion|move: Protect
|-supereffective|p2b: Sneasler|1
|-damage|p2a: Meowstic|0 fnt
|-damage|p2b: Sneasler|0 fnt
|faint|p2a: Meowstic
|faint|p2b: Sneasler
|-damage|p1b: Garchomp|18/100 tox|[from] item: Life Orb
|
|-damage|p1b: Garchomp|0 fnt|[from] psn
|faint|p1b: Garchomp
|upkeep
|
|t:|1784508143
|switch|p2b: Toxapex|Toxapex, L50, F|76/100
|switch|p1b: Whimsicott|Whimsicott, L50, M|100/100
|turn|5
|
|t:|1784508158
|move|p1a: Basculegion|Protect|p1a: Basculegion
|-singleturn|p1a: Basculegion|Protect
|move|p1b: Whimsicott|Moonblast|p2b: Toxapex
|-resisted|p2b: Toxapex|1
|-damage|p2b: Toxapex|63/100
|move|p2b: Toxapex|Toxic|p1b: Whimsicott
|-status|p1b: Whimsicott|tox
|
|-heal|p2b: Toxapex|68/100|[from] item: Leftovers
|-damage|p1b: Whimsicott|94/100 tox|[from] psn
|upkeep
|turn|6
|
|t:|1784508175
|move|p1b: Whimsicott|Encore|p2b: Toxapex
|-start|p2b: Toxapex|Encore
|move|p1a: Basculegion|Last Respects|p2b: Toxapex
|-damage|p2b: Toxapex|20/100y
|move|p2b: Toxapex|Toxic|p1a: Basculegion
|-status|p1a: Basculegion|tox
|
|-heal|p2b: Toxapex|26/100|[from] item: Leftovers
|-damage|p1b: Whimsicott|82/100 tox|[from] psn
|-damage|p1a: Basculegion|93/100 tox|[from] psn
|upkeep
|turn|7
|-message|neuesspielzeug forfeited.
|
|win|liluwuzivertttt
