|j|☆krispycloud
|j|☆Freudianbreath
|html|krispycloudFreudianbreath    
|uhtml|bestof|Game 1 of a best-of-3
|t:|1756683682
|gametype|doubles
|player|p1|krispycloud|flint|1046
|player|p2|Freudianbreath|102|1016
|gen|9
|tier|[Gen 9] VGC 2025 Reg H (Bo3)
|rated|
|rule|Species Clause: Limit one of each Pokémon
|rule|Item Clause: Limit 1 of each item
|clearpoke
|poke|p1|Amoonguss, L50, F|
|poke|p1|Sneasler, L50, M|
|poke|p1|Gholdengo, L50|
|poke|p1|Incineroar, L50, M|
|poke|p1|Ursaluna-Bloodmoon, L50, M|
|poke|p1|Dragonite, L50, F|
|poke|p2|Indeedee-F, L50, F|
|poke|p2|Tyranitar, L50, M|
|poke|p2|Whimsicott, L50, M|
|poke|p2|Amoonguss, L50, M|
|poke|p2|Annihilape, L50, M|
|poke|p2|Gholdengo, L50|
|teampreview|4
|showteam|p1|Amoonguss||SitrusBerry|Regenerator|RagePowder,Spore,PollenPuff,Protect|||F|||50|,,,,,Psychic]Sneasler||FocusSash|Unburden|Protect,DireClaw,CloseCombat,ThroatChop|||M|||50|,,,,,Stellar]Gholdengo||LifeOrb|GoodasGold|Protect,MakeItRain,ShadowBall,NastyPlot||||||50|,,,,,Water]Incineroar||SafetyGoggles|Intimidate|KnockOff,PartingShot,FlareBlitz,FakeOut|||M|||50|,,,,,Ghost]Ursaluna-Bloodmoon||AssaultVest|MindsEye|BloodMoon,EarthPower,VacuumWave,HyperVoice|||M|||50|,,,,,Water]Dragonite||LoadedDice|Multiscale|ScaleShot,Tailwind,Haze,Protect|||F|||50|,,,,,Fairy
|showteam|p2|Indeedee-F||SafetyGoggles|PsychicSurge|FollowMe,TrickRoom,HelpingHand,DazzlingGleam|||F|||50|,,,,,Fairy]Tyranitar||AssaultVest|SandStream|KnockOff,RockSlide,TeraBlast,LowKick|||M|||50|,,,,,Flying]Whimsicott||CovertCloak|Prankster|Tailwind,Moonblast,Encore,HelpingHand|||M|||50|,,,,,Water]Amoonguss||RockyHelmet|Regenerator|PollenPuff,Spore,RagePowder,Protect|||M|||50|,,,,,Fairy]Annihilape||Leftovers|Defiant|DrainPunch,RageFist,BulkUp,Protect|||M|||50|,,,,,Fire]Gholdengo||ChoiceSpecs|GoodasGold|MakeItRain,ShadowBall,Thunderbolt,Trick||||||50|,,,,,Steel
|inactive|Battle timer is ON: inactive players will automatically lose when time's up. (requested by krispycloud)
|inactive|Freudianbreath has 60 seconds left.
|
|t:|1756683791
|teamsize|p1|4
|teamsize|p2|4
|start
|switch|p1a: Sneasler|Sneasler, L50, M|100/100
|switch|p1b: Ursaluna|Ursaluna-Bloodmoon, L50, M|100/100
|switch|p2a: Indeedee|Indeedee-F, L50, F|100/100
|switch|p2b: Annihilape|Annihilape, L50, M|100/100
|-fieldstart|move: Psychic Terrain|[from] ability: Psychic Surge|[of] p2a: Indeedee
|turn|1
|inactive|krispycloud has 30 seconds left.
|inactive|Freudianbreath has 30 seconds left.
|inactive|krispycloud has 20 seconds left.
|inactive|Freudianbreath has 20 seconds left.
|inactive|krispycloud has 15 seconds left.
|inactive|Freudianbreath has 15 seconds left.
|inactive|krispycloud has 10 seconds left.
|inactive|Freudianbreath has 10 seconds left.
|inactive|Freudianbreath has 5 seconds left.
|
|t:|1756683843
|move|p1a: Sneasler|Dire Claw|p2a: Indeedee
|-damage|p2a: Indeedee|58/100
|-status|p2a: Indeedee|slp
|move|p2b: Annihilape|Rage Fist|p1a: Sneasler
|-damage|p1a: Sneasler|67/100
|move|p1b: Ursaluna|Blood Moon|p2a: Indeedee
|-damage|p2a: Indeedee|0 fnt
|faint|p2a: Indeedee
|
|upkeep
|
|t:|1756683866
|switch|p2a: Tyranitar|Tyranitar, L50, M|100/100
|-weather|Sandstorm|[from] ability: Sand Stream|[of] p2a: Tyranitar
|turn|2
|inactive|krispycloud has 30 seconds left.
|inactive|Freudianbreath has 30 seconds left.
|inactive|Freudianbreath has 20 seconds left.
|inactive|Freudianbreath has 15 seconds left.
|
|t:|1756683906
|-terastallize|p2a: Tyranitar|Flying
|move|p1a: Sneasler|Protect|p1a: Sneasler
|-singleturn|p1a: Sneasler|Protect
|move|p2b: Annihilape|Protect|p2b: Annihilape
|-singleturn|p2b: Annihilape|Protect
|move|p2a: Tyranitar|Rock Slide|p1b: Ursaluna|[spread] p1b
|-activate|p1a: Sneasler|move: Protect
|-resisted|p1b: Ursaluna
|-damage|p1b: Ursaluna|89/100
|move|p1b: Ursaluna|Hyper Voice|p2a: Tyranitar|[spread] p2a
|-activate|p2b: Annihilape|move: Protect
|-damage|p2a: Tyranitar|78/100
|
|-weather|Sandstorm|[upkeep]
|-damage|p1a: Sneasler|61/100|[from] Sandstorm
|-damage|p2b: Annihilape|94/100|[from] Sandstorm
|-damage|p2a: Tyranitar|72/100|[from] Sandstorm
|-heal|p2b: Annihilape|100/100|[from] item: Leftovers
|upkeep
|turn|3
|inactive|krispycloud has 30 seconds left.
|inactive|Freudianbreath has 30 seconds left.
|inactive|krispycloud has 20 seconds left.
|inactive|Freudianbreath has 20 seconds left.
|inactive|Freudianbreath has 15 seconds left.
|inactive|krispycloud has 15 seconds left.
|inactive|krispycloud has 10 seconds left.
|
|t:|1756683959
|-terastallize|p1b: Ursaluna|Water
|move|p1a: Sneasler|Dire Claw|p2a: Tyranitar
|-damage|p2a: Tyranitar|36/100
|move|p2b: Annihilape|Rage Fist|p1a: Sneasler
|-damage|p1a: Sneasler|30/100
|move|p2a: Tyranitar|Rock Slide|p1a: Sneasler|[spread] p1a,p1b
|-resisted|p1a: Sneasler
|-damage|p1a: Sneasler|2/100
|-damage|p1b: Ursaluna|67/100
|move|p1b: Ursaluna|Blood Moon|p2a: Tyranitar
|-damage|p2a: Tyranitar|0 fnt
|faint|p2a: Tyranitar
|
|-weather|Sandstorm|[upkeep]
|-damage|p1a: Sneasler|0 fnt|[from] Sandstorm
|-damage|p2b: Annihilape|94/100|[from] Sandstorm
|-damage|p1b: Ursaluna|61/100|[from] Sandstorm
|faint|p1a: Sneasler
|-heal|p2b: Annihilape|100/100|[from] item: Leftovers
|upkeep
|
|t:|1756683978
|switch|p1a: Amoonguss|Amoonguss, L50, F|100/100
|switch|p2a: Amoonguss|Amoonguss, L50, M|100/100
|turn|4
|inactive|krispycloud has 30 seconds left.
|inactive|Freudianbreath has 30 seconds left.
|inactive|krispycloud has 20 seconds left.
|inactive|Freudianbreath has 20 seconds left.
|inactive|krispycloud has 15 seconds left.
|inactive|krispycloud has 10 seconds left.
|
|t:|1756684025
|switch|p1b: Incineroar|Incineroar, L50, M|100/100
|-ability|p1b: Incineroar|Intimidate|boost
|-unboost|p2a: Amoonguss|atk|1
|-unboost|p2b: Annihilape|atk|1
|-ability|p2b: Annihilape|Defiant|boost
|-boost|p2b: Annihilape|atk|2
|move|p2b: Annihilape|Bulk Up|p2b: Annihilape
|-boost|p2b: Annihilape|atk|1
|-boost|p2b: Annihilape|def|1
|move|p1a: Amoonguss|Spore|p2b: Annihilape
|-status|p2b: Annihilape|slp|[from] move: Spore
|move|p2a: Amoonguss|Spore|p1b: Incineroar
|-activate|p1b: Incineroar|item: Safety Goggles|Spore
|
|-weather|Sandstorm|[upkeep]
|-damage|p2b: Annihilape|94/100 slp|[from] Sandstorm
|-damage|p1a: Amoonguss|95/100|[from] Sandstorm
|-damage|p2a: Amoonguss|95/100|[from] Sandstorm
|-heal|p2b: Annihilape|100/100 slp|[from] item: Leftovers
|upkeep
|turn|5
|inactive|krispycloud has 30 seconds left.
|inactive|Freudianbreath has 30 seconds left.
|
|t:|1756684057
|move|p2a: Amoonguss|Protect|p2a: Amoonguss
|-singleturn|p2a: Amoonguss|Protect
|cant|p2b: Annihilape|slp
|move|p1b: Incineroar|Flare Blitz|p2a: Amoonguss
|-activate|p2a: Amoonguss|move: Protect
|move|p1a: Amoonguss|Pollen Puff|p2a: Amoonguss
|-activate|p2a: Amoonguss|move: Protect
|
|-weather|Sandstorm|[upkeep]
|-damage|p2b: Annihilape|94/100 slp|[from] Sandstorm
|-damage|p1a: Amoonguss|89/100|[from] Sandstorm
|-damage|p2a: Amoonguss|89/100|[from] Sandstorm
|-heal|p2b: Annihilape|100/100 slp|[from] item: Leftovers
|-fieldend|move: Psychic Terrain
|upkeep
|turn|6
|inactive|Freudianbreath has 30 seconds left.
|inactive|krispycloud has 30 seconds left.
|
|t:|1756684094
|move|p1a: Amoonguss|Rage Powder|p1a: Amoonguss
|-singleturn|p1a: Amoonguss|move: Rage Powder
|-curestatus|p2b: Annihilape|slp|[msg]
|move|p2b: Annihilape|Drain Punch|p1a: Amoonguss
|-resisted|p1a: Amoonguss
|-damage|p1a: Amoonguss|64/100
|move|p1b: Incineroar|Flare Blitz|p2a: Amoonguss
|-supereffective|p2a: Amoonguss
|-damage|p2a: Amoonguss|9/100
|-damage|p1b: Incineroar|84/100|[from] item: Rocky Helmet|[of] p2a: Amoonguss
|-damage|p1b: Incineroar|55/100|[from] Recoil
|move|p2a: Amoonguss|Pollen Puff|p1b: Incineroar
|-damage|p1b: Incineroar|40/100
|
|-weather|none
|upkeep
|turn|7
|inactive|krispycloud has 30 seconds left.
|inactive|Freudianbreath has 30 seconds left.
|inactive|krispycloud has 20 seconds left.
|inactive|Freudianbreath has 20 seconds left.
|inactive|krispycloud has 15 seconds left.
|inactive|Freudianbreath has 15 seconds left.
|inactive|Freudianbreath has 10 seconds left.
|inactive|Freudianbreath has 5 seconds left.
|
|t:|1756684145
|move|p1a: Amoonguss|Protect|p1a: Amoonguss
|-singleturn|p1a: Amoonguss|Protect
|move|p2a: Amoonguss|Protect|p2a: Amoonguss
|-singleturn|p2a: Amoonguss|Protect
|move|p2b: Annihilape|Drain Punch|p1b: Incineroar
|-supereffective|p1b: Incineroar
|-damage|p1b: Incineroar|0 fnt
|faint|p1b: Incineroar
|
|upkeep
|
|t:|1756684151
|switch|p1b: Ursaluna|Ursaluna-Bloodmoon, L50, M, tera:Water|61/100
|turn|8
|inactive|Freudianbreath has 30 seconds left.
|inactive|Freudianbreath has 20 seconds left.
|inactive|Freudianbreath has 15 seconds left.
|inactive|Freudianbreath has 10 seconds left.
|inactive|Freudianbreath has 5 seconds left.
|
|t:|1756684202
|move|p2b: Annihilape|Protect|p2b: Annihilape
|-singleturn|p2b: Annihilape|Protect
|move|p1a: Amoonguss|Rage Powder|p1a: Amoonguss
|-singleturn|p1a: Amoonguss|move: Rage Powder
|move|p1b: Ursaluna|Hyper Voice|p2a: Amoonguss|[spread] p2a
|-activate|p2b: Annihilape|move: Protect
|-damage|p2a: Amoonguss|0 fnt
|faint|p2a: Amoonguss
|
|upkeep
|turn|9
|inactive|krispycloud has 30 seconds left.
|inactive|krispycloud has 20 seconds left.
|inactive|krispycloud has 15 seconds left.
|inactive|krispycloud has 10 seconds left.
|
|t:|1756684248
|move|p1a: Amoonguss|Rage Powder|p1a: Amoonguss
|-singleturn|p1a: Amoonguss|move: Rage Powder
|move|p2b: Annihilape|Drain Punch|p1a: Amoonguss
|-resisted|p1a: Amoonguss
|-damage|p1a: Amoonguss|39/100
|-enditem|p1a: Amoonguss|Sitrus Berry|[eat]
|-heal|p1a: Amoonguss|64/100|[from] item: Sitrus Berry
|move|p1b: Ursaluna|Blood Moon|p2b: Annihilape
|-damage|p2b: Annihilape|37/100
|
|-heal|p2b: Annihilape|43/100|[from] item: Leftovers
|upkeep
|turn|10
|inactive|krispycloud has 30 seconds left.
|inactive|Freudianbreath has 30 seconds left.
|
|t:|1756684275
|move|p1a: Amoonguss|Rage Powder|p1a: Amoonguss
|-singleturn|p1a: Amoonguss|move: Rage Powder
|move|p2b: Annihilape|Rage Fist|p1a: Amoonguss
|-damage|p1a: Amoonguss|2/100
|move|p1b: Ursaluna|Hyper Voice|p2b: Annihilape
|-damage|p2b: Annihilape|2/100
|
|-heal|p2b: Annihilape|8/100|[from] item: Leftovers
|upkeep
|turn|11
|inactive|Freudianbreath has 30 seconds left.
|inactive|Freudianbreath has 20 seconds left.
|
|t:|1756684296
|move|p2b: Annihilape|Protect|p2b: Annihilape
|-singleturn|p2b: Annihilape|Protect
|move|p1a: Amoonguss|Rage Powder|p1a: Amoonguss
|-singleturn|p1a: Amoonguss|move: Rage Powder
|move|p1b: Ursaluna|Hyper Voice|p2b: Annihilape
|-activate|p2b: Annihilape|move: Protect
|
|-heal|p2b: Annihilape|14/100|[from] item: Leftovers
|upkeep
|turn|12
|inactive|Freudianbreath has 20 seconds left this turn.
|inactive|Freudianbreath has 15 seconds left.
|
|t:|1756684306
|move|p1a: Amoonguss|Rage Powder|p1a: Amoonguss
|-singleturn|p1a: Amoonguss|move: Rage Powder
|move|p2b: Annihilape|Drain Punch|p1a: Amoonguss
|-resisted|p1a: Amoonguss
|-damage|p1a: Amoonguss|0 fnt
|-heal|p2b: Annihilape|15/100|[from] drain|[of] p1a: Amoonguss
|faint|p1a: Amoonguss
|move|p1b: Ursaluna|Blood Moon|p2b: Annihilape
|-damage|p2b: Annihilape|0 fnt
|faint|p2b: Annihilape
|
|win|krispycloud
||Freudianbreath is ready for game 2.
|inactive|krispycloud has 30 seconds to confirm battle start!
|inactive|krispycloud has 20 seconds to confirm battle start!
|inactive|krispycloud has 10 seconds to confirm battle start!
||krispycloud is ready for game 2.
|uhtml|next|Next: Game 2 of 3
