|j|☆JoeHizzy
|j|☆KrzyforBacon
|html|JoeHizzyKrzyforBacon    
|uhtml|bestof|Game 3 of a best-of-3
|t:|1784753865
|gametype|doubles
|player|p1|JoeHizzy|li|
|player|p2|KrzyforBacon|swimmer|
|gen|9
|tier|[Gen 9 Champions] VGC 2026 Reg M-B (Bo3)
|rule|Species Clause: Limit one of each Pokémon
|rule|Item Clause: Limit 1 of each item
|clearpoke
|poke|p1|Feraligatr, L50, M|
|poke|p1|Incineroar, L50, M|
|poke|p1|Whimsicott, L50, F|
|poke|p1|Farigiraf, L50, F|
|poke|p1|Metagross, L50|
|poke|p1|Typhlosion-Hisui, L50, M|
|poke|p2|Jolteon, L50, M|
|poke|p2|Kleavor, L50, F|
|poke|p2|Armarouge, L50, M|
|poke|p2|Eelektross, L50, M|
|poke|p2|Grimmsnarl, L50, M|
|poke|p2|Kommo-o, L50, F|
|teampreview|4
|showteam|p1|Feraligatr||LifeOrb|SheerForce|Liquidation,IcePunch,RockTomb,Protect|Adamant||M|||50|]Incineroar||SitrusBerry|Intimidate|FlareBlitz,DarkestLariat,CloseCombat,FakeOut|Adamant||M|||50|]Whimsicott||FocusSash|Prankster|EnergyBall,Moonblast,Tailwind,Encore|Modest||F|||50|]Farigiraf||MentalHerb|ArmorTail|TwinBeam,HelpingHand,Protect,TrickRoom|Bold||F|||50|]Metagross||Metagrossite|ClearBody|IronHead,PsychicFangs,StompingTantrum,Protect|Adamant|||||50|]Typhlosion-Hisui||ChoiceScarf|Frisk|Eruption,ShadowBall,Extrasensory,FocusBlast|Modest||M|||50|
|showteam|p2|Jolteon||LifeOrb|VoltAbsorb|Thunderbolt,Thunder,AlluringVoice,Detect|Modest||M|||50|]Kleavor||ChoiceScarf|Sharpness|StoneAxe,NightSlash,XScissor,Uturn|Adamant||F|||50|]Armarouge||FocusSash|FlashFire|ArmorCannon,Psychic,ShadowBall,Protect|Modest||M|||50|]Eelektross||Eelektrossite|Levitate|Discharge,GigaDrain,Flamethrower,DragonPulse|Modest||M|||50|]Grimmsnarl||MuscleBand|Frisk|SpiritBreak,SuckerPunch,FakeOut,DrainPunch|Adamant||M|||50|]Kommo-o||WiseGlasses|Soundproof|AuraSphere,VacuumWave,ClangingScales,FlashCannon|Modest||F|||50|
|inactive|Battle timer is ON: inactive players will automatically lose when time's up. (requested by KrzyforBacon)
|inactive|JoeHizzy has 60 seconds left.
|inactive|KrzyforBacon has 60 seconds left.
|inactive|KrzyforBacon has 30 seconds left.
|
|t:|1784753927
|teamsize|p1|4
|teamsize|p2|4
|start
|switch|p1a: Incineroar|Incineroar, L50, M|100/100
|switch|p1b: Whimsicott|Whimsicott, L50, F|100/100
|switch|p2a: Kleavor|Kleavor, L50, F|100/100
|switch|p2b: Jolteon|Jolteon, L50, M|100/100
|-ability|p1a: Incineroar|Intimidate|boost
|-unboost|p2a: Kleavor|atk|1
|-unboost|p2b: Jolteon|atk|1
|turn|1
|inactive|JoeHizzy has 30 seconds left.
|inactive|KrzyforBacon has 30 seconds left.
|
|t:|1784753960
|move|p1a: Incineroar|Fake Out|p2a: Kleavor
|-resisted|p2a: Kleavor|1
|-damage|p2a: Kleavor|92/100
|move|p1b: Whimsicott|Tailwind|p1b: Whimsicott
|-sidestart|p1: JoeHizzy|move: Tailwind
|cant|p2a: Kleavor|flinch
|move|p2b: Jolteon|Thunderbolt|p1a: Incineroar
|-damage|p1a: Incineroar|41/100
|-enditem|p1a: Incineroar|Sitrus Berry|[eat]
|-heal|p1a: Incineroar|66/100|[from] item: Sitrus Berry
|-damage|p2b: Jolteon|90/100|[from] item: Life Orb
|
|upkeep
|turn|2
|inactive|JoeHizzy has 30 seconds left.
|inactive|KrzyforBacon has 30 seconds left.
|inactive|JoeHizzy has 20 seconds left.
|
|t:|1784753999
|move|p1b: Whimsicott|Moonblast|p2b: Jolteon
|-crit|p2b: Jolteon
|-damage|p2b: Jolteon|10/100
|move|p2a: Kleavor|Stone Axe|p1a: Incineroar
|-supereffective|p1a: Incineroar|1
|-damage|p1a: Incineroar|0 fnt
|-sidestart|p1: JoeHizzy|move: Stealth Rock
|faint|p1a: Incineroar
|move|p2b: Jolteon|Thunderbolt|p1b: Whimsicott
|-resisted|p1b: Whimsicott|1
|-damage|p1b: Whimsicott|53/100
|-damage|p2b: Jolteon|1/100|[from] item: Life Orb
|
|upkeep
|inactive|JoeHizzy has 30 seconds left.
|
|t:|1784754029
|switch|p1a: Typhlosion|Typhlosion-Hisui, L50, M|100/100
|-damage|p1a: Typhlosion|75/100|[from] Stealth Rock
|-item|p2a: Kleavor|Choice Scarf|[from] ability: Frisk|[of] p1a: Typhlosion
|-item|p2b: Jolteon|Life Orb|[from] ability: Frisk|[of] p1a: Typhlosion
|turn|3
|
|t:|1784754045
|move|p2b: Jolteon|Detect|p2b: Jolteon
|-singleturn|p2b: Jolteon|Protect
|move|p1a: Typhlosion|Eruption|p2b: Jolteon|[spread] p2a
|-activate|p2b: Jolteon|move: Protect
|-damage|p2a: Kleavor|16/100
|move|p1b: Whimsicott|Energy Ball|p2a: Kleavor
|-damage|p2a: Kleavor|0 fnt
|faint|p2a: Kleavor
|
|upkeep
|
|t:|1784754055
|switch|p2a: Armarouge|Armarouge, L50, M|100/100
|turn|4
|inactive|KrzyforBacon has 30 seconds left.
|
|t:|1784754084
|move|p1a: Typhlosion|Eruption|p2a: Armarouge|[spread] p2b
|-start|p2a: Armarouge|ability: Flash Fire
|-crit|p2b: Jolteon
|-damage|p2b: Jolteon|0 fnt
|faint|p2b: Jolteon
|move|p1b: Whimsicott|Moonblast|p2a: Armarouge
|-resisted|p2a: Armarouge|1
|-damage|p2a: Armarouge|72/100
|move|p2a: Armarouge|Shadow Ball|p1a: Typhlosion
|-supereffective|p1a: Typhlosion|1
|-damage|p1a: Typhlosion|0 fnt
|faint|p1a: Typhlosion
|
|-sideend|p1: JoeHizzy|move: Tailwind
|upkeep
|
|t:|1784754096
|switch|p2b: Eelektross|Eelektross, L50, M|100/100
|switch|p1a: Metagross|Metagross, L50|100/100
|-damage|p1a: Metagross|94/100|[from] Stealth Rock
|turn|5
|inactive|JoeHizzy has 30 seconds left.
|inactive|JoeHizzy has 20 seconds left.
|
|t:|1784754141
|detailschange|p1a: Metagross|Metagross-Mega, L50
|-mega|p1a: Metagross|Metagross|Metagrossite
|detailschange|p2b: Eelektross|Eelektross-Mega, L50, M
|-mega|p2b: Eelektross|Eelektross|Eelektrossite
|move|p1b: Whimsicott|Moonblast|p2b: Eelektross
|-damage|p2b: Eelektross|59/100
|move|p1a: Metagross|Stomping Tantrum|p2a: Armarouge
|-supereffective|p2a: Armarouge|1
|-damage|p2a: Armarouge|0 fnt
|faint|p2a: Armarouge
|move|p2b: Eelektross|Flamethrower|p1a: Metagross
|-supereffective|p1a: Metagross|1
|-damage|p1a: Metagross|19/100
|
|upkeep
|turn|6
|
|t:|1784754159
|move|p1b: Whimsicott|Moonblast|p2b: Eelektross
|-damage|p2b: Eelektross|18/100
|move|p1a: Metagross|Psychic Fangs|p2b: Eelektross
|-damage|p2b: Eelektross|0 fnt
|faint|p2b: Eelektross
|
|win|JoeHizzy
|c|☆KrzyforBacon|ggs!!
|c|☆JoeHizzy|ggs
