|j|☆PikaTROD
|j|☆naibot2814
|html|PikaTRODnaibot2814    
|uhtml|bestof|Game 1 of a best-of-3
|t:|1782480424
|gametype|doubles
|player|p1|PikaTROD|101|1297
|player|p2|naibot2814|ghetsis|1393
|gen|9
|tier|[Gen 9 Champions] VGC 2026 Reg M-B (Bo3)
|rated|
|rule|Species Clause: Limit one of each Pokémon
|rule|Item Clause: Limit 1 of each item
|clearpoke
|poke|p1|Whimsicott, L50, M|
|poke|p1|Torkoal, L50, F|
|poke|p1|Pyroar, L50, F|
|poke|p1|Farigiraf, L50, M|
|poke|p1|Scrafty, L50, M|
|poke|p1|Basculegion, L50, M|
|poke|p2|Metagross, L50, shiny|
|poke|p2|Sneasler, L50, M|
|poke|p2|Incineroar, L50, M|
|poke|p2|Hydreigon, L50, M|
|poke|p2|Aerodactyl, L50, M|
|poke|p2|Floette-Eternal, L50, F|
|teampreview|4
|showteam|p1|Whimsicott||FairyFeather|Prankster|Tailwind,Moonblast,Protect,SunnyDay|Timid||M|||50|]Torkoal||Charcoal|Drought|Eruption,WeatherBall,HelpingHand,Protect|Quiet||F|||50|]Pyroar||Pyroarite|Unnerve|HeatWave,Overheat,SolarBeam,Protect|Timid||F|||50|]Farigiraf||SitrusBerry|ArmorTail|TrickRoom,Protect,HelpingHand,Psychic|Quiet||M|||50|]Scrafty||Scraftinite|Intimidate|FakeOut,RockSlide,ThroatChop,CloseCombat|Brave||M|||50|]Basculegion||FocusSash|Adaptability|LastRespects,Liquidation,AquaJet,Protect|Adamant||M|||50|
|showteam|p2|Metagross||Metagrossite|ClearBody|IronHead,PsychicFangs,BodyPress,Protect|Jolly|||||50|]Sneasler||WhiteHerb|Unburden|DireClaw,FakeOut,CloseCombat,Coaching|Jolly||M|||50|]Incineroar||PasshoBerry|Intimidate|FakeOut,FlareBlitz,DarkestLariat,PartingShot|Careful||M|||50|]Hydreigon||ChoiceScarf|Levitate|DracoMeteor,DarkPulse,Flamethrower,Snarl|Modest||M|||50|]Aerodactyl||FocusSash|Unnerve|RockSlide,DualWingbeat,Tailwind,WideGuard|Jolly||M|||50|]Floette-Eternal||Floettite|FlowerVeil|DrainingKiss,DazzlingGleam,CalmMind,Protect|Modest||F|||50|
|
|t:|1782480465
|teamsize|p1|4
|teamsize|p2|4
|start
|switch|p1a: Scrafty|Scrafty, L50, M|100/100
|switch|p1b: Farigiraf|Farigiraf, L50, M|100/100
|switch|p2a: Aerodactyl|Aerodactyl, L50, M|100/100
|switch|p2b: Hydreigon|Hydreigon, L50, M|100/100
|-ability|p2a: Aerodactyl|Unnerve
|-ability|p1a: Scrafty|Intimidate|boost
|-unboost|p2a: Aerodactyl|atk|1
|-unboost|p2b: Hydreigon|atk|1
|turn|1
|
|t:|1782480487
|switch|p2b: Floette|Floette-Eternal, L50, F|100/100
|detailschange|p1a: Scrafty|Scrafty-Mega, L50, M
|-mega|p1a: Scrafty|Scrafty|Scraftinite
|-ability|p1a: Scrafty|Intimidate|boost
|-unboost|p2a: Aerodactyl|atk|1
|-unboost|p2b: Floette|atk|1
|move|p1b: Farigiraf|Protect|p1b: Farigiraf
|-singleturn|p1b: Farigiraf|Protect
|move|p2a: Aerodactyl|Rock Slide|p1a: Scrafty|[spread] p1a
|-activate|p1b: Farigiraf|move: Protect
|-resisted|p1a: Scrafty|1
|-damage|p1a: Scrafty|95/100
|cant|p1a: Scrafty|flinch
|
|upkeep
|turn|2
|
|t:|1782480513
|switch|p1a: Torkoal|Torkoal, L50, F|100/100
|-weather|SunnyDay|[from] ability: Drought|[of] p1a: Torkoal
|detailschange|p2b: Floette|Floette-Mega, L50, F
|-mega|p2b: Floette|Floette|Floettite
|-ability|p2b: Floette|Fairy Aura
|move|p2a: Aerodactyl|Rock Slide|p1a: Torkoal|[spread] p1a,p1b
|-supereffective|p1a: Torkoal|1
|-damage|p1a: Torkoal|79/100
|-damage|p1b: Farigiraf|88/100
|move|p2b: Floette|Calm Mind|p2b: Floette
|-boost|p2b: Floette|spa|1
|-boost|p2b: Floette|spd|1
|move|p1b: Farigiraf|Trick Room|p1b: Farigiraf
|-fieldstart|move: Trick Room|[of] p1b: Farigiraf
|
|-weather|SunnyDay|[upkeep]
|upkeep
|turn|3
|inactive|Battle timer is ON: inactive players will automatically lose when time's up. (requested by PikaTROD)
|
|t:|1782480539
|move|p2a: Aerodactyl|Wide Guard|p2a: Aerodactyl
|-singleturn|p2a: Aerodactyl|Wide Guard
|move|p1a: Torkoal|Weather Ball|p2a: Aerodactyl
|-resisted|p2a: Aerodactyl|1
|-damage|p2a: Aerodactyl|45/100
|move|p1b: Farigiraf|Psychic|p2a: Aerodactyl
|-damage|p2a: Aerodactyl|0 fnt
|faint|p2a: Aerodactyl
|move|p2b: Floette|Draining Kiss|p1b: Farigiraf
|-damage|p1b: Farigiraf|38/100
|-enditem|p1b: Farigiraf|Sitrus Berry|[eat]
|-heal|p1b: Farigiraf|63/100|[from] item: Sitrus Berry
|
|-weather|SunnyDay|[upkeep]
|upkeep
|
|t:|1782480554
|switch|p2a: Hydreigon|Hydreigon, L50, M|100/100
|turn|4
|inactive|PikaTROD has 30 seconds left.
|inactive|PikaTROD has 20 seconds left.
|
|t:|1782480594
|move|p1b: Farigiraf|Helping Hand|p1a: Torkoal
|-singleturn|p1a: Torkoal|Helping Hand|[of] p1b: Farigiraf
|move|p1a: Torkoal|Weather Ball|p2b: Floette
|-damage|p2b: Floette|41/100
|move|p2b: Floette|Draining Kiss|p1a: Torkoal
|-resisted|p1a: Torkoal|1
|-damage|p1a: Torkoal|42/100
|-heal|p2b: Floette|72/100|[from] drain|[of] p1a: Torkoal
|move|p2a: Hydreigon|Snarl|p1a: Torkoal|[spread] p1a,p1b
|-supereffective|p1b: Farigiraf|1
|-damage|p1a: Torkoal|12/100
|-damage|p1b: Farigiraf|20/100y
|-unboost|p1a: Torkoal|spa|1
|-unboost|p1b: Farigiraf|spa|1
|
|-weather|SunnyDay|[upkeep]
|upkeep
|turn|5
|inactive|naibot2814 has 30 seconds left.
|
|t:|1782480622
|switch|p2b: Incineroar|Incineroar, L50, M|100/100
|-ability|p2b: Incineroar|Intimidate|boost
|-unboost|p1a: Torkoal|atk|1
|-unboost|p1b: Farigiraf|atk|1
|move|p1b: Farigiraf|Helping Hand|p1a: Torkoal
|-singleturn|p1a: Torkoal|Helping Hand|[of] p1b: Farigiraf
|move|p1a: Torkoal|Weather Ball|p2b: Incineroar
|-resisted|p2b: Incineroar|1
|-damage|p2b: Incineroar|71/100
|move|p2a: Hydreigon|Snarl|p1a: Torkoal|[spread] p1a,p1b
|-crit|p1a: Torkoal
|-supereffective|p1b: Farigiraf|1
|-crit|p1b: Farigiraf
|-damage|p1a: Torkoal|0 fnt
|-damage|p1b: Farigiraf|0 fnt
|faint|p1a: Torkoal
|faint|p1b: Farigiraf
|
|-weather|SunnyDay|[upkeep]
|upkeep
|
|t:|1782480625
|switch|p1a: Scrafty|Scrafty-Mega, L50, M|95/100
|switch|p1b: Basculegion|Basculegion, L50, M|100/100
|-ability|p1a: Scrafty|Intimidate|boost
|-unboost|p2a: Hydreigon|atk|1
|-unboost|p2b: Incineroar|atk|1
|turn|6
|
|t:|1782480644
|move|p1b: Basculegion|Protect|p1b: Basculegion
|-singleturn|p1b: Basculegion|Protect
|move|p1a: Scrafty|Close Combat|p2a: Hydreigon
|-supereffective|p2a: Hydreigon|1
|-damage|p2a: Hydreigon|0 fnt
|-unboost|p1a: Scrafty|def|1
|-unboost|p1a: Scrafty|spd|1
|faint|p2a: Hydreigon
|move|p2b: Incineroar|Darkest Lariat|p1b: Basculegion
|-activate|p1b: Basculegion|move: Protect
|
|-weather|none
|-fieldend|move: Trick Room
|upkeep
|
|t:|1782480654
|switch|p2a: Floette|Floette-Mega, L50, F|72/100
|-ability|p2a: Floette|Fairy Aura
|turn|7
|
|t:|1782480666
|move|p2a: Floette|Dazzling Gleam|p1b: Basculegion|[spread] p1a,p1b
|-supereffective|p1a: Scrafty|2
|-damage|p1a: Scrafty|0 fnt
|-damage|p1b: Basculegion|49/100
|faint|p1a: Scrafty
|move|p1b: Basculegion|Last Respects|p2a: Floette
|-damage|p2a: Floette|0 fnt
|faint|p2a: Floette
|move|p2b: Incineroar|Darkest Lariat|p1b: Basculegion
|-supereffective|p1b: Basculegion|1
|-damage|p1b: Basculegion|0 fnt
|faint|p1b: Basculegion
|
|win|naibot2814
||PikaTROD is ready for game 2.
|inactive|naibot2814 has 30 seconds to confirm battle start!
||naibot2814 is ready for game 2.
|uhtml|next|Next: Game 2 of 3
|l|☆PikaTROD
|player|p1|
