|j|☆teyvgc
|j|☆hollowkarma
|html|teyvgchollowkarma    
|uhtml|bestof|Game 2 of a best-of-3
|t:|1785196589
|gametype|doubles
|player|p1|teyvgc|rood|1252
|player|p2|hollowkarma|n|1156
|gen|9
|tier|[Gen 9 Champions] VGC 2026 Reg M-B (Bo3)
|rated|
|rule|Species Clause: Limit one of each Pokémon
|rule|Item Clause: Limit 1 of each item
|clearpoke
|poke|p1|Kingambit, L50, F|
|poke|p1|Garchomp, L50, F|
|poke|p1|Farigiraf, L50, F|
|poke|p1|Charizard, L50, M|
|poke|p1|Sylveon, L50, F|
|poke|p1|Aerodactyl, L50, M|
|poke|p2|Froslass, L50, F, shiny|
|poke|p2|Charizard, L50, M, shiny|
|poke|p2|Greninja, L50, M, shiny|
|poke|p2|Sinistcha, L50, shiny|
|poke|p2|Scrafty, L50, F, shiny|
|poke|p2|Gholdengo, L50, shiny|
|teampreview|4
|showteam|p1|Kingambit||BlackGlasses|Defiant|Protect,IronHead,SuckerPunch,KowtowCleave|Brave||F|||50|]Garchomp||LifeOrb|RoughSkin|DragonClaw,Earthquake,RockSlide,Protect|Jolly||F|||50|]Farigiraf||SitrusBerry|ArmorTail|TwinBeam,Thunderbolt,TrickRoom,HelpingHand|Bold||F|||50|]Charizard||CharizarditeY|Blaze|Protect,HeatWave,SolarBeam,WeatherBall|Modest||M|||50|]Sylveon||FairyFeather|Pixilate|Detect,HyperBeam,HyperVoice,QuickAttack|Modest||F|||50|]Aerodactyl||Aerodactylite|Unnerve|WideGuard,RockSlide,DualWingbeat,Tailwind|Jolly||M|||50|
|showteam|p2|Froslass||Froslassite|CursedBody|Blizzard,ShadowBall,AuroraVeil,Protect|Timid||F|||50|]Charizard||CharizarditeY|Blaze|HeatWave,WeatherBall,Protect|Modest||M|||50|]Greninja||NeverMeltIce|Protean|Blizzard,WeatherBall,IcyWind,Protect|Modest||M|||50|]Sinistcha||ColburBerry|Hospitality|MatchaGotcha,RagePowder,LifeDew,Protect|Bold|||||50|]Scrafty||SitrusBerry|Intimidate|FakeOut,KnockOff,DrainPunch,Detect|Adamant||F|||50|]Gholdengo||LifeOrb|GoodasGold|MakeItRain,ShadowBall,NastyPlot,Protect|Modest|||||50|
|inactive|Battle timer is ON: inactive players will automatically lose when time's up. (requested by hollowkarma)
|
|t:|1785196620
|teamsize|p1|4
|teamsize|p2|4
|start
|switch|p1a: Bear|Kingambit, L50, F|100/100
|switch|p1b: Sarah|Farigiraf, L50, F|100/100
|switch|p2a: Piccolo|Scrafty, L50, F, shiny|100/100
|switch|p2b: Americano|Greninja, L50, M, shiny|100/100
|-ability|p2a: Piccolo|Intimidate|boost
|-unboost|p1a: Bear|atk|1
|-ability|p1a: Bear|Defiant|boost
|-boost|p1a: Bear|atk|2
|-unboost|p1b: Sarah|atk|1
|turn|1
|
|t:|1785196642
|move|p2b: Americano|Protect|p2b: Americano
|-start|p2b: Americano|typechange|Normal|[from] ability: Protean
|-singleturn|p2b: Americano|Protect
|move|p1a: Bear|Protect|p1a: Bear
|-singleturn|p1a: Bear|Protect
|move|p2a: Piccolo|Drain Punch|p1a: Bear
|-activate|p1a: Bear|move: Protect
|move|p1b: Sarah|Trick Room|p1b: Sarah
|-fieldstart|move: Trick Room|[of] p1b: Sarah
|
|upkeep
|turn|2
|inactive|hollowkarma has 30 seconds left.
|
|t:|1785196673
|move|p1a: Bear|Kowtow Cleave|p2b: Americano
|-damage|p2b: Americano|0 fnt
|faint|p2b: Americano
|move|p1b: Sarah|Thunderbolt|p2a: Piccolo
|-damage|p2a: Piccolo|77/100
|move|p2a: Piccolo|Drain Punch|p1a: Bear
|-supereffective|p1a: Bear|2
|-damage|p1a: Bear|11/100
|-heal|p2a: Piccolo|100/100|[from] drain|[of] p1a: Bear
|
|upkeep
|
|t:|1785196680
|switch|p2b: Espresso|Froslass, L50, F, shiny|100/100
|turn|3
|
|t:|1785196694
|detailschange|p2b: Espresso|Froslass-Mega, L50, F, shiny
|-mega|p2b: Espresso|Froslass|Froslassite
|-weather|Snowscape|[from] ability: Snow Warning|[of] p2b: Espresso
|move|p1a: Bear|Protect|p1a: Bear
|-singleturn|p1a: Bear|Protect
|move|p1b: Sarah|Thunderbolt|p2a: Piccolo
|-damage|p2a: Piccolo|77/100
|move|p2a: Piccolo|Knock Off|p1b: Sarah
|-supereffective|p1b: Sarah|1
|-damage|p1b: Sarah|30/100
|-enditem|p1b: Sarah|Sitrus Berry|[from] move: Knock Off|[of] p2a: Piccolo
|move|p2b: Espresso|Aurora Veil|p2b: Espresso
|-sidestart|p2: hollowkarma|move: Aurora Veil
|
|-weather|Snowscape|[upkeep]
|upkeep
|turn|4
|
|t:|1785196714
|move|p2b: Espresso|Protect|p2b: Espresso
|-singleturn|p2b: Espresso|Protect
|move|p1a: Bear|Kowtow Cleave|p2a: Piccolo
|-resisted|p2a: Piccolo|2
|-damage|p2a: Piccolo|63/100
|move|p1b: Sarah|Thunderbolt|p2a: Piccolo
|-damage|p2a: Piccolo|48/100
|-enditem|p2a: Piccolo|Sitrus Berry|[eat]
|-heal|p2a: Piccolo|73/100|[from] item: Sitrus Berry
|move|p2a: Piccolo|Drain Punch|p1a: Bear
|-supereffective|p1a: Bear|2
|-damage|p1a: Bear|0 fnt
|-heal|p2a: Piccolo|80/100|[from] drain|[of] p1a: Bear
|faint|p1a: Bear
|
|-weather|Snowscape|[upkeep]
|upkeep
|
|t:|1785196725
|switch|p1a: Nikki|Charizard, L50, M|100/100
|turn|5
|
|t:|1785196733
|switch|p2b: Affogato|Gholdengo, L50, shiny|100/100
|detailschange|p1a: Nikki|Charizard-Mega-Y, L50, M
|-mega|p1a: Nikki|Charizard|Charizardite Y
|-weather|SunnyDay|[from] ability: Drought|[of] p1a: Nikki
|move|p1b: Sarah|Helping Hand|p1a: Nikki
|-singleturn|p1a: Nikki|Helping Hand|[of] p1b: Sarah
|move|p2a: Piccolo|Knock Off|p1b: Sarah
|-supereffective|p1b: Sarah|1
|-damage|p1b: Sarah|0 fnt
|faint|p1b: Sarah
|move|p1a: Nikki|Heat Wave|p2b: Affogato|[spread] p2a,p2b
|-supereffective|p2b: Affogato|1
|-damage|p2a: Piccolo|26/100
|-damage|p2b: Affogato|0 fnt
|faint|p2b: Affogato
|
|-weather|SunnyDay|[upkeep]
|-fieldend|move: Trick Room
|upkeep
|
|t:|1785196748
|switch|p2b: Espresso|Froslass-Mega, L50, F, shiny|100/100
|switch|p1b: Ian|Garchomp, L50, F|100/100
|-weather|Snowscape|[from] ability: Snow Warning|[of] p2b: Espresso
|turn|6
|
|t:|1785196760
|move|p1b: Ian|Protect|p1b: Ian
|-singleturn|p1b: Ian|Protect
|move|p2b: Espresso|Blizzard|p1b: Ian|[spread] p1a
|-activate|p1b: Ian|move: Protect
|-damage|p1a: Nikki|57/100
|move|p1a: Nikki|Heat Wave|p2b: Espresso|[spread] p2a,p2b
|-supereffective|p2b: Espresso|1
|-damage|p2a: Piccolo|1/100
|-damage|p2b: Espresso|28/100
|-status|p2a: Piccolo|brn
|move|p2a: Piccolo|Knock Off|p1a: Nikki
|-damage|p1a: Nikki|42/100
|
|-weather|Snowscape|[upkeep]
|-damage|p2a: Piccolo|0 fnt|[from] brn
|faint|p2a: Piccolo
|upkeep
|turn|7
|
|t:|1785196782
|move|p2b: Espresso|Blizzard|p1a: Nikki|[spread] p1a,p1b
|-supereffective|p1b: Ian|2
|-damage|p1a: Nikki|3/100
|-damage|p1b: Ian|0 fnt
|faint|p1b: Ian
|move|p1a: Nikki|Heat Wave|p2b: Espresso
|-supereffective|p2b: Espresso|1
|-damage|p2b: Espresso|0 fnt
|faint|p2b: Espresso
|
|win|teyvgc
|raw|teyvgc's rating: 1252 → 1270(+18 for winning)
|raw|hollowkarma's rating: 1156 → 1138(-18 for losing)
