|j|☆gundot
|j|☆DevitosBaldHead
|html|gundotDevitosBaldHead    
|uhtml|bestof|Game 2 of a best-of-3
|t:|1782749637
|gametype|doubles
|player|p1|gundot|ethan-gen2|1100
|player|p2|DevitosBaldHead|wattson|1133
|gen|9
|tier|[Gen 9 Champions] VGC 2026 Reg M-B (Bo3)
|rated|
|rule|Species Clause: Limit one of each Pokémon
|rule|Item Clause: Limit 1 of each item
|clearpoke
|poke|p1|Charizard, L50, M, shiny|
|poke|p1|Whimsicott, L50, F, shiny|
|poke|p1|Floette-Eternal, L50, F|
|poke|p1|Garchomp, L50, M|
|poke|p1|Kingambit, L50, M|
|poke|p1|Basculegion, L50, M|
|poke|p2|Pelipper, L50, F|
|poke|p2|Swampert, L50, F, shiny|
|poke|p2|Archaludon, L50, F, shiny|
|poke|p2|Sinistcha, L50|
|poke|p2|Maushold, L50|
|poke|p2|Gholdengo, L50|
|teampreview|4
|showteam|p1|Charizard||CharizarditeY|SolarPower|HeatWave,WeatherBall,SolarBeam,Protect|Modest||M|||50|]Whimsicott||FocusSash|Prankster|Moonblast,Tailwind,Encore,Protect|Timid||F|||50|]Floette-Eternal||Floettite|FlowerVeil|Moonblast,DazzlingGleam,LightofRuin,Protect|Timid||F|||50|]Garchomp||SitrusBerry|RoughSkin|Earthquake,DragonClaw,RockSlide,Protect|Jolly||M|||50|]Kingambit||BlackGlasses|Defiant|KowtowCleave,SuckerPunch,IronHead,Protect|Adamant||M|||50|]Basculegion||MysticWater|Adaptability|WaveCrash,AquaJet,LastRespects,Protect|Adamant||M|||50|
|showteam|p2|Pelipper||SitrusBerry|Drizzle|Hurricane,WeatherBall,WideGuard,Protect|Modest||F|||50|]Swampert||Swampertite|Torrent|WaveCrash,HighHorsepower,Protect,IcePunch|Adamant||F|||50|]Archaludon||Leftovers|Stamina|ElectroShot,DragonPulse,FlashCannon,Protect|Modest||F|||50|]Sinistcha||KasibBerry|Hospitality|RagePowder,MatchaGotcha,TrickRoom,Protect|Bold|||||50|]Maushold||FocusSash|FriendGuard|FollowMe,RainDance,SuperFang,Protect|Jolly|||||50|]Gholdengo||LifeOrb|GoodasGold|MakeItRain,ShadowBall,NastyPlot,Protect|Modest|||||50|
|inactive|Battle timer is ON: inactive players will automatically lose when time's up. (requested by gundot)
|inactive|gundot has 60 seconds left.
|inactive|DevitosBaldHead has 60 seconds left.
|
|t:|1782749696
|teamsize|p1|4
|teamsize|p2|4
|start
|switch|p1a: Garchomp|Garchomp, L50, M|100/100
|switch|p1b: Whimsicott|Whimsicott, L50, F, shiny|100/100
|switch|p2a: Maushold|Maushold, L50|100/100
|switch|p2b: Swampert|Swampert, L50, F, shiny|100/100
|turn|1
|inactive|DevitosBaldHead has 30 seconds left.
|
|t:|1782749724
|switch|p1a: Basculegion|Basculegion, L50, M|100/100
|detailschange|p2b: Swampert|Swampert-Mega, L50, F, shiny
|-mega|p2b: Swampert|Swampert|Swampertite
|move|p1b: Whimsicott|Tailwind|p1b: Whimsicott
|-sidestart|p1: gundot|move: Tailwind
|move|p2a: Maushold|Super Fang|p1a: Basculegion
|-immune|p1a: Basculegion
|move|p2b: Swampert|Ice Punch|p1b: Whimsicott
|-supereffective|p1b: Whimsicott|1
|-enditem|p1b: Whimsicott|Focus Sash
|-damage|p1b: Whimsicott|1/100
|
|upkeep
|turn|2
|inactive|DevitosBaldHead has 30 seconds left.
|
|t:|1782749750
|move|p2a: Maushold|Follow Me|p2a: Maushold
|-singleturn|p2a: Maushold|move: Follow Me
|move|p1b: Whimsicott|Moonblast|p2a: Maushold
|-damage|p2a: Maushold|56/100
|move|p1a: Basculegion|Wave Crash|p2a: Maushold
|-damage|p2a: Maushold|0 fnt
|faint|p2a: Maushold
|-damage|p1a: Basculegion|83/100|[from] Recoil
|move|p2b: Swampert|Wave Crash|p1b: Whimsicott
|-resisted|p1b: Whimsicott|1
|-damage|p1b: Whimsicott|0 fnt
|faint|p1b: Whimsicott
|-damage|p2b: Swampert|99/100|[from] Recoil
|
|upkeep
|
|t:|1782749775
|switch|p1b: Garchomp|Garchomp, L50, M|100/100
|switch|p2a: Sinistcha|Sinistcha, L50|100/100
|-heal|p2b: Swampert|100/100|[from] ability: Hospitality|[of] p2a: Sinistcha
|turn|3
|l|☆gundot
|inactive|gundot disconnected and has a minute to reconnect!
|player|p1|
|j|☆gundot
|inactive|gundot reconnected and has 40 seconds left.
|player|p1|gundot|ethan-gen2|
|inactive|gundot has 30 seconds left.
|l|☆gundot
|inactive|gundot disconnected and has a minute to reconnect!
|player|p1|
|inactive|gundot has 20 seconds left.
|inactive|gundot has 15 seconds left.
|j|☆gundot
|inactive|gundot reconnected and has 15 seconds left.
|player|p1|gundot|ethan-gen2|
|inactive|gundot has 10 seconds left.
|
|t:|1782749824
|move|p1b: Garchomp|Protect|p1b: Garchomp
|-singleturn|p1b: Garchomp|Protect
|move|p2b: Swampert|Protect|p2b: Swampert
|-singleturn|p2b: Swampert|Protect
|move|p1a: Basculegion|Last Respects|p2a: Sinistcha
|-supereffective|p2a: Sinistcha|1
|-enditem|p2a: Sinistcha|Kasib Berry|[eat]
|-enditem|p2a: Sinistcha|Kasib Berry|[weaken]
|-damage|p2a: Sinistcha|48/100
|move|p2a: Sinistcha|Matcha Gotcha|p1b: Garchomp|[spread] p1a
|-activate|p1b: Garchomp|move: Protect
|-supereffective|p1a: Basculegion|1
|-damage|p1a: Basculegion|31/100
|-heal|p2a: Sinistcha|78/100|[from] drain|[of] p1a: Basculegion
|
|upkeep
|turn|4
|inactive|DevitosBaldHead has 30 seconds left.
|
|t:|1782749854
|move|p1b: Garchomp|Rock Slide|p2b: Swampert|[spread] p2a,p2b
|-resisted|p2b: Swampert|1
|-damage|p2a: Sinistcha|64/100
|-damage|p2b: Swampert|91/100
|move|p1a: Basculegion|Last Respects|p2a: Sinistcha
|-supereffective|p2a: Sinistcha|1
|-damage|p2a: Sinistcha|0 fnt
|faint|p2a: Sinistcha
|move|p2b: Swampert|Wave Crash|p1b: Garchomp
|-damage|p1b: Garchomp|23/100
|-damage|p2b: Swampert|79/100|[from] ability: Rough Skin|[of] p1b: Garchomp
|-enditem|p1b: Garchomp|Sitrus Berry|[eat]
|-heal|p1b: Garchomp|48/100|[from] item: Sitrus Berry
|-damage|p2b: Swampert|50/100g|[from] Recoil
|
|-sideend|p1: gundot|move: Tailwind
|upkeep
|
|t:|1782749870
|switch|p2a: Archaludon|Archaludon, L50, F, shiny|100/100
|turn|5
|
|t:|1782749891
|move|p2a: Archaludon|Protect|p2a: Archaludon
|-singleturn|p2a: Archaludon|Protect
|move|p1b: Garchomp|Dragon Claw|p2a: Archaludon
|-activate|p2a: Archaludon|move: Protect
|move|p2b: Swampert|Wave Crash|p1a: Basculegion
|-resisted|p1a: Basculegion|1
|-damage|p1a: Basculegion|0 fnt
|faint|p1a: Basculegion
|-damage|p2b: Swampert|38/100|[from] Recoil
|
|upkeep
|
|t:|1782749893
|switch|p1a: Charizard|Charizard, L50, M, shiny|100/100
|turn|6
|
|t:|1782749913
|detailschange|p1a: Charizard|Charizard-Mega-Y, L50, M, shiny
|-mega|p1a: Charizard|Charizard|Charizardite Y
|-weather|SunnyDay|[from] ability: Drought|[of] p1a: Charizard
|move|p1b: Garchomp|Dragon Claw|p2b: Swampert
|-damage|p2b: Swampert|3/100
|move|p1a: Charizard|Heat Wave|p2b: Swampert|[spread] p2a,p2b
|-resisted|p2b: Swampert|1
|-damage|p2a: Archaludon|34/100
|-damage|p2b: Swampert|0 fnt
|-ability|p2a: Archaludon|Stamina|boost
|-boost|p2a: Archaludon|def|1
|faint|p2b: Swampert
|move|p2a: Archaludon|Dragon Pulse|p1a: Charizard
|-damage|p1a: Charizard|58/100
|
|-weather|SunnyDay|[upkeep]
|-heal|p2a: Archaludon|40/100|[from] item: Leftovers
|upkeep
|turn|7
|
|t:|1782749931
|move|p1b: Garchomp|Dragon Claw|p2a: Archaludon
|-damage|p2a: Archaludon|19/100
|-ability|p2a: Archaludon|Stamina|boost
|-boost|p2a: Archaludon|def|1
|move|p1a: Charizard|Weather Ball|p2a: Archaludon
|-damage|p2a: Archaludon|0 fnt
|faint|p2a: Archaludon
|
|win|gundot
|raw|gundot's rating: 1100 → 1127(+27 for winning)
|raw|DevitosBaldHead's rating: 1133 → 1106(-27 for losing)
