|j|☆mesias707
|j|☆BVSelf
|html|mesias707BVSelf    
|uhtml|bestof|Game 1 of a best-of-3
|t:|1783338777
|gametype|doubles
|player|p1|mesias707|harlequin|1281
|player|p2|BVSelf|juan|1314
|gen|9
|tier|[Gen 9 Champions] VGC 2026 Reg M-B (Bo3)
|rated|
|rule|Species Clause: Limit one of each Pokémon
|rule|Item Clause: Limit 1 of each item
|clearpoke
|poke|p1|Garchomp, L50, F, shiny|
|poke|p1|Venusaur, L50, F, shiny|
|poke|p1|Charizard, L50, M, shiny|
|poke|p1|Mamoswine, L50, F|
|poke|p1|Sylveon, L50, M, shiny|
|poke|p1|Incineroar, L50, F, shiny|
|poke|p2|Torkoal, L50, F|
|poke|p2|Venusaur, L50, F|
|poke|p2|Farigiraf, L50, M|
|poke|p2|Scrafty, L50, M|
|poke|p2|Mamoswine, L50, M|
|poke|p2|Pyroar, L50, M|
|teampreview|4
|showteam|p1|Garchomp||ChoiceScarf|RoughSkin|Earthquake,DragonClaw,RockSlide,IronHead|Adamant||F|||50|]Venusaur||LifeOrb|Chlorophyll|SolarBeam,SludgeBomb,EarthPower,Protect|Modest||F|||50|]Charizard||CharizarditeY|Blaze|HeatWave,WeatherBall,HelpingHand,Protect|Modest||M|||50|]Mamoswine||FocusSash|Oblivious|HighHorsepower,RockTomb,IceShard,Protect|Jolly||F|||50|]Sylveon||FairyFeather|Pixilate|HyperVoice,QuickAttack,Yawn,Detect|Modest||M|||50|]Incineroar||SitrusBerry|Intimidate|FlareBlitz,DarkestLariat,FakeOut,PartingShot|Careful||F|||50|
|showteam|p2|Torkoal||HeatRock|Drought|Eruption,WeatherBall,HelpingHand,Protect|Quiet||F|||50|]Venusaur||LifeOrb|Chlorophyll|EnergyBall,SludgeBomb,EarthPower,Protect|Modest||F|||50|]Farigiraf||SitrusBerry|ArmorTail|Psychic,Thunderbolt,TrickRoom,Protect|Quiet||M|||50|]Scrafty||Scraftinite|Intimidate|KnockOff,DrainPunch,IcePunch,FakeOut|Adamant||M|||50|]Mamoswine||FocusSash|Oblivious|HighHorsepower,RockSlide,IceShard,Protect|Jolly||M|||50|]Pyroar||Pyroarite|Unnerve|HeatWave,Overheat,Yawn,Protect|Timid||M|||50|
|inactive|Battle timer is ON: inactive players will automatically lose when time's up. (requested by mesias707)
|
|t:|1783338809
|teamsize|p1|4
|teamsize|p2|4
|start
|switch|p1a: Garchomp|Garchomp, L50, F, shiny|100/100
|switch|p1b: Mamoswine|Mamoswine, L50, F|100/100
|switch|p2a: Mamoswine|Mamoswine, L50, M|100/100
|switch|p2b: Farigiraf|Farigiraf, L50, M|100/100
|turn|1
|
|t:|1783338825
|switch|p1a: Incineroar|Incineroar, L50, F, shiny|100/100
|-ability|p1a: Incineroar|Intimidate|boost
|-fail|p2a: Mamoswine|unboost|Attack|[from] ability: Oblivious|[of] p2a: Mamoswine
|-unboost|p2b: Farigiraf|atk|1
|move|p2a: Mamoswine|Protect|p2a: Mamoswine
|-singleturn|p2a: Mamoswine|Protect
|move|p2b: Farigiraf|Protect|p2b: Farigiraf
|-singleturn|p2b: Farigiraf|Protect
|move|p1b: Mamoswine|High Horsepower|p2a: Mamoswine
|-activate|p2a: Mamoswine|move: Protect
|
|upkeep
|turn|2
|
|t:|1783338842
|move|p1b: Mamoswine|Rock Tomb|p2a: Mamoswine
|-damage|p2a: Mamoswine|74/100
|-unboost|p2a: Mamoswine|spe|1
|move|p2a: Mamoswine|High Horsepower|p1a: Incineroar
|-supereffective|p1a: Incineroar|1
|-damage|p1a: Incineroar|9/100
|-enditem|p1a: Incineroar|Sitrus Berry|[eat]
|-heal|p1a: Incineroar|34/100|[from] item: Sitrus Berry
|move|p1a: Incineroar|Flare Blitz|p2a: Mamoswine
|-supereffective|p2a: Mamoswine|1
|-damage|p2a: Mamoswine|0 fnt
|faint|p2a: Mamoswine
|-damage|p1a: Incineroar|12/100|[from] Recoil
|move|p2b: Farigiraf|Thunderbolt|p1a: Incineroar
|-damage|p1a: Incineroar|0 fnt
|faint|p1a: Incineroar
|
|upkeep
|
|t:|1783338859
|switch|p2a: Venusaur|Venusaur, L50, F|100/100
|switch|p1a: Sylveon|Sylveon, L50, M, shiny|100/100
|turn|3
|
|t:|1783338874
|move|p2a: Venusaur|Protect|p2a: Venusaur
|-singleturn|p2a: Venusaur|Protect
|move|p1b: Mamoswine|High Horsepower|p2b: Farigiraf
|-damage|p2b: Farigiraf|52/100
|move|p1a: Sylveon|Yawn|p2a: Venusaur
|-activate|p2a: Venusaur|move: Protect
|move|p2b: Farigiraf|Trick Room|p2b: Farigiraf
|-fieldstart|move: Trick Room|[of] p2b: Farigiraf
|
|upkeep
|turn|4
|
|t:|1783338889
|move|p2b: Farigiraf|Psychic|p1b: Mamoswine
|-damage|p1b: Mamoswine|47/100
|move|p1a: Sylveon|Hyper Voice|p2a: Venusaur|[spread] p2a,p2b
|-resisted|p2a: Venusaur|1
|-damage|p2a: Venusaur|75/100
|-damage|p2b: Farigiraf|8/100
|-enditem|p2b: Farigiraf|Sitrus Berry|[eat]
|-heal|p2b: Farigiraf|33/100|[from] item: Sitrus Berry
|move|p2a: Venusaur|Energy Ball|p1b: Mamoswine
|-supereffective|p1b: Mamoswine|1
|-damage|p1b: Mamoswine|0 fnt
|faint|p1b: Mamoswine
|-damage|p2a: Venusaur|65/100|[from] item: Life Orb
|
|upkeep
|
|t:|1783338898
|switch|p1b: Garchomp|Garchomp, L50, F, shiny|100/100
|turn|5
|
|t:|1783338910
|move|p1a: Sylveon|Detect|p1a: Sylveon
|-singleturn|p1a: Sylveon|Protect
|move|p2a: Venusaur|Protect|p2a: Venusaur
|-singleturn|p2a: Venusaur|Protect
|move|p2b: Farigiraf|Psychic|p1a: Sylveon
|-activate|p1a: Sylveon|move: Protect
|move|p1b: Garchomp|Earthquake|p2a: Venusaur|[spread] p2b
|-activate|p1a: Sylveon|move: Protect
|-activate|p2a: Venusaur|move: Protect
|-damage|p2b: Farigiraf|0 fnt
|faint|p2b: Farigiraf
|
|upkeep
|
|t:|1783338912
|switch|p2b: Scrafty|Scrafty, L50, M|100/100
|-ability|p2b: Scrafty|Intimidate|boost
|-unboost|p1a: Sylveon|atk|1
|-unboost|p1b: Garchomp|atk|1
|turn|6
|
|t:|1783338925
|detailschange|p2b: Scrafty|Scrafty-Mega, L50, M
|-mega|p2b: Scrafty|Scrafty|Scraftinite
|-ability|p2b: Scrafty|Intimidate|boost
|-unboost|p1a: Sylveon|atk|1
|-unboost|p1b: Garchomp|atk|1
|move|p1a: Sylveon|Detect||[still]
|-fail|p1a: Sylveon
|move|p2b: Scrafty|Fake Out|p1a: Sylveon
|-damage|p1a: Sylveon|85/100
|move|p2a: Venusaur|Sludge Bomb|p1a: Sylveon
|-supereffective|p1a: Sylveon|1
|-damage|p1a: Sylveon|1/100
|-status|p1a: Sylveon|psn
|-damage|p2a: Venusaur|56/100|[from] item: Life Orb
|move|p1b: Garchomp|Earthquake|p2b: Scrafty|[spread] p1a,p2a,p2b
|-damage|p1a: Sylveon|0 fnt
|-damage|p2a: Venusaur|29/100
|-damage|p2b: Scrafty|80/100
|faint|p1a: Sylveon
|
|upkeep
|turn|7
|-message|mesias707 forfeited.
|
|win|BVSelf
|l|☆mesias707
|player|p1|
||mesias707 is ready for game 2.
||BVSelf is ready for game 2.
|uhtml|next|Next: Game 2 of 3
