|j|☆ZoryaPet
|j|☆om3gacatches
|html|ZoryaPetom3gacatches    
|uhtml|bestof|Game 2 of a best-of-3
|t:|1785463508
|gametype|doubles
|player|p1|ZoryaPet|102|
|player|p2|om3gacatches|lance|
|gen|9
|tier|[Gen 9 Champions] VGC 2026 Reg M-B (Bo3)
|rule|Species Clause: Limit one of each Pokémon
|rule|Item Clause: Limit 1 of each item
|clearpoke
|poke|p1|Froslass, L50, F|
|poke|p1|Scovillain, L50, M|
|poke|p1|Lycanroc-Dusk, L50, F, shiny|
|poke|p1|Kingambit, L50, F|
|poke|p1|Sneasler, L50, F|
|poke|p1|Basculegion, L50, M|
|poke|p2|Staraptor, L50, M, shiny|
|poke|p2|Garchomp, L50, M, shiny|
|poke|p2|Whimsicott, L50, M, shiny|
|poke|p2|Delphox, L50, M, shiny|
|poke|p2|Glimmora, L50, M, shiny|
|poke|p2|Kingambit, L50, M, shiny|
|teampreview|4
|showteam|p1|Froslass||Froslassite|CursedBody|Blizzard,ShadowBall,AuroraVeil,Protect|Modest||F|||50|]Scovillain||Scovillainite|Moody|Overheat,GigaDrain,RagePowder,Protect|Bold||M|||50|]Lycanroc-Dusk||FocusSash|ToughClaws|RockSlide,CloseCombat,Accelerock,Protect|Adamant||F|||50|]Kingambit||BlackGlasses|Defiant|KowtowCleave,SuckerPunch,SwordsDance,Protect|Adamant||F|||50|]Sneasler||WhiteHerb|Unburden|FakeOut,CloseCombat,GunkShot,Protect|Adamant||F|||50|]Basculegion||SitrusBerry|Adaptability|WaveCrash,LastRespects,AquaJet,Protect|Adamant||M|||50|
|showteam|p2|Staraptor||Staraptite|Intimidate|Protect,Roost,CloseCombat,BraveBird|Jolly||M|||50|]Garchomp||LifeOrb|RoughSkin|Protect,RockSlide,Earthquake,DragonClaw|Jolly||M|||50|]Whimsicott||OccaBerry|Prankster|Moonblast,Tailwind,Charm,LightScreen|Timid||M|||50|]Delphox||Delphoxite|Magician|Protect,Psychic,HeatWave,Substitute|Timid||M|||50|]Glimmora||FocusSash|ToxicDebris|SpikyShield,SludgeBomb,EarthPower,PowerGem|Timid||M|||50|]Kingambit||ChopleBerry|Defiant|SuckerPunch,LowKick,IronHead,KowtowCleave|Adamant||M|||50|
|inactive|Battle timer is ON: inactive players will automatically lose when time's up. (requested by ZoryaPet)
|j|+Aldrich
|j| retking
|j| FireTornado2023
|j| tedidn
|j| lewlewvgc
|inactive|ZoryaPet has 60 seconds left.
|inactive|om3gacatches has 60 seconds left.
|j| AquamarineVGC
|j| TalonMasterJ
|
|t:|1785463557
|teamsize|p1|4
|teamsize|p2|4
|start
|switch|p1a: Ông Già|Kingambit, L50, F|100/100
|switch|p1b: Móng Dài|Sneasler, L50, F|100/100
|switch|p2a: Whimsicott|Whimsicott, L50, M, shiny|100/100
|switch|p2b: Delphox|Delphox, L50, M, shiny|100/100
|turn|1
|inactive|ZoryaPet has 30 seconds left.
|
|t:|1785463586
|move|p2b: Delphox|Protect|p2b: Delphox
|-singleturn|p2b: Delphox|Protect
|move|p2a: Whimsicott|Tailwind|p2a: Whimsicott
|-sidestart|p2: om3gacatches|move: Tailwind
|move|p1b: Móng Dài|Gunk Shot|p2a: Whimsicott
|-supereffective|p2a: Whimsicott|2
|-damage|p2a: Whimsicott|0 fnt
|faint|p2a: Whimsicott
|move|p1a: Ông Già|Kowtow Cleave|p2b: Delphox
|-activate|p2b: Delphox|move: Protect
|
|upkeep
|
|t:|1785463599
|switch|p2a: Garchomp|Garchomp, L50, M, shiny|100/100
|turn|2
|l| AquamarineVGC
|inactive|ZoryaPet has 30 seconds left.
|inactive|ZoryaPet has 20 seconds left.
|l|+Aldrich
|inactive|ZoryaPet has 15 seconds left.
|inactive|ZoryaPet has 10 seconds left.
|
|t:|1785463645
|detailschange|p2b: Delphox|Delphox-Mega, L50, M, shiny
|-mega|p2b: Delphox|Delphox|Delphoxite
|move|p2b: Delphox|Substitute|p2b: Delphox
|-start|p2b: Delphox|Substitute
|-damage|p2b: Delphox|75/100
|move|p2a: Garchomp|Earthquake|p1a: Ông Già|[spread] p1a,p1b
|-immune|p2b: Delphox|[from] ability: Levitate
|-supereffective|p1a: Ông Già|1
|-supereffective|p1b: Móng Dài|1
|-crit|p1b: Móng Dài
|-damage|p1a: Ông Già|24/100
|-damage|p1b: Móng Dài|0 fnt
|faint|p1b: Móng Dài
|-damage|p2a: Garchomp|90/100|[from] item: Life Orb
|move|p1a: Ông Già|Swords Dance|p1a: Ông Già
|-boost|p1a: Ông Già|atk|2
|
|upkeep
|j| AquamarineVGC
|j|+Aldrich
|
|t:|1785463654
|switch|p1b: Con Cá|Basculegion, L50, M|100/100
|turn|3
|l| AquamarineVGC
|inactive|ZoryaPet has 30 seconds left.
|
|t:|1785463683
|move|p2b: Delphox|Protect|p2b: Delphox
|-singleturn|p2b: Delphox|Protect
|move|p1b: Con Cá|Protect|p1b: Con Cá
|-singleturn|p1b: Con Cá|Protect
|move|p1a: Ông Già|Protect|p1a: Ông Già
|-singleturn|p1a: Ông Già|Protect
|move|p2a: Garchomp|Earthquake|p1b: Con Cá|[spread] 
|-activate|p2b: Delphox|move: Protect
|-activate|p1a: Ông Già|move: Protect
|-activate|p1b: Con Cá|move: Protect
|
|upkeep
|turn|4
|j| AquamarineVGC
|
|t:|1785463699
|move|p1a: Ông Già|Sucker Punch|p2b: Delphox
|-supereffective|p2b: Delphox|1
|-end|p2b: Delphox|Substitute
|move|p2b: Delphox|Heat Wave|p1b: Con Cá|[spread] p1a,p1b
|-supereffective|p1a: Ông Già|1
|-resisted|p1b: Con Cá|1
|-damage|p1a: Ông Già|0 fnt
|-damage|p1b: Con Cá|79/100
|faint|p1a: Ông Già
|move|p2a: Garchomp|Earthquake|p1b: Con Cá|[spread] p1b
|-immune|p2b: Delphox|[from] ability: Levitate
|-damage|p1b: Con Cá|22/100
|-enditem|p1b: Con Cá|Sitrus Berry|[eat]
|-heal|p1b: Con Cá|47/100|[from] item: Sitrus Berry
|-damage|p2a: Garchomp|80/100|[from] item: Life Orb
|move|p1b: Con Cá|Last Respects|p2b: Delphox
|-supereffective|p2b: Delphox|1
|-damage|p2b: Delphox|0 fnt
|faint|p2b: Delphox
|
|-sideend|p2: om3gacatches|move: Tailwind
|upkeep
|
|t:|1785463709
|switch|p2b: Kingambit|Kingambit, L50, M, shiny|100/100
|switch|p1a: Nàng Thơ|Froslass, L50, F|100/100
|turn|5
|l| AquamarineVGC
|j| jakkudiamond
|j| AquamarineVGC
|inactive|ZoryaPet has 30 seconds left.
|inactive|ZoryaPet has 20 seconds left.
|l|+Aldrich
|
|t:|1785463746
|move|p1a: Nàng Thơ|Protect|p1a: Nàng Thơ
|-singleturn|p1a: Nàng Thơ|Protect
|move|p1b: Con Cá|Protect|p1b: Con Cá
|-singleturn|p1b: Con Cá|Protect
|move|p2a: Garchomp|Rock Slide|p1b: Con Cá|[spread] 
|-activate|p1a: Nàng Thơ|move: Protect
|-activate|p1b: Con Cá|move: Protect
|move|p2b: Kingambit|Kowtow Cleave|p1a: Nàng Thơ
|-activate|p1a: Nàng Thơ|move: Protect
|
|upkeep
|turn|6
|
|t:|1785463763
|detailschange|p1a: Nàng Thơ|Froslass-Mega, L50, F
|-mega|p1a: Nàng Thơ|Froslass|Froslassite
|-weather|Snowscape|[from] ability: Snow Warning|[of] p1a: Nàng Thơ
|move|p2b: Kingambit|Sucker Punch|p1b: Con Cá
|-supereffective|p1b: Con Cá|1
|-damage|p1b: Con Cá|0 fnt
|faint|p1b: Con Cá
|move|p1a: Nàng Thơ|Blizzard|p2b: Kingambit|[spread] p2a,p2b
|-supereffective|p2a: Garchomp|2
|-resisted|p2b: Kingambit|1
|-damage|p2a: Garchomp|0 fnt
|-damage|p2b: Kingambit|80/100
|faint|p2a: Garchomp
|
|-weather|Snowscape|[upkeep]
|upkeep
|turn|7
|
|t:|1785463772
|move|p1a: Nàng Thơ|Blizzard|p2b: Kingambit
|-resisted|p2b: Kingambit|1
|-damage|p2b: Kingambit|53/100
|move|p2b: Kingambit|Kowtow Cleave|p1a: Nàng Thơ
|-supereffective|p1a: Nàng Thơ|1
|-damage|p1a: Nàng Thơ|6/100
|
|-weather|Snowscape|[upkeep]
|upkeep
|turn|8
|
|t:|1785463775
|move|p2b: Kingambit|Sucker Punch|p1a: Nàng Thơ
|-supereffective|p1a: Nàng Thơ|1
|-damage|p1a: Nàng Thơ|0 fnt
|faint|p1a: Nàng Thơ
|
|win|om3gacatches
||ZoryaPet is ready for game 3.
||om3gacatches is ready for game 3.
|uhtml|next|Next: Game 3 of 3
|l| AquamarineVGC
|l| lewlewvgc
|l| jakkudiamond
|j| AquamarineVGC
|j|+Aldrich
|l| TalonMasterJ
|l| AquamarineVGC
|l| tedidn
|l|☆om3gacatches
|player|p2|
|l| FireTornado2023
|l|+Aldrich
|j| AquamarineVGC
|l| AquamarineVGC
|l| retking
|j|☆om3gacatches
|player|p2|om3gacatches|lance|
