|j|☆Hntf
|j|☆Glimme
|html|HntfGlimme    
|uhtml|bestof|Game 1 of a best-of-3
|t:|1785915787
|gametype|doubles
|player|p1|Hntf|169|1282
|player|p2|Glimme|li|1404
|gen|9
|tier|[Gen 9 Champions] VGC 2026 Reg M-B (Bo3)
|rated|
|rule|Species Clause: Limit one of each Pokémon
|rule|Item Clause: Limit 1 of each item
|clearpoke
|poke|p1|Raichu, L50, M|
|poke|p1|Arcanine-Hisui, L50, M|
|poke|p1|Sylveon, L50, M|
|poke|p1|Staraptor, L50, M|
|poke|p1|Farigiraf, L50, M|
|poke|p1|Kingambit, L50, F|
|poke|p2|Raichu, L50, M, shiny|
|poke|p2|Decidueye-Hisui, L50, M|
|poke|p2|Aerodactyl, L50, M, shiny|
|poke|p2|Kingambit, L50, M, shiny|
|poke|p2|Basculegion, L50, M, shiny|
|poke|p2|Sneasler, L50, F|
|teampreview|4
|showteam|p1|Raichu||RaichuniteY|LightningRod|ZapCannon,FocusBlast,FakeOut,Protect|Timid||M|||50|]Arcanine-Hisui||FocusSash|RockHead|FlareBlitz,HeadSmash,ExtremeSpeed,Protect|Jolly||M|||50|]Sylveon||FairyFeather|Pixilate|HyperVoice,Protect,QuickAttack,HyperBeam|Modest||M|||50|]Staraptor||Staraptite|Intimidate|CloseCombat,DualWingbeat,Tailwind,Protect|Jolly||M|||50|]Farigiraf||SitrusBerry|ArmorTail|Psychic,HelpingHand,TrickRoom,Protect|Calm||M|||50|]Kingambit||LifeOrb|Defiant|KowtowCleave,SuckerPunch,SwordsDance,Protect|Adamant||F|||50|
|showteam|p2|Raichu||RaichuniteY|LightningRod|ZapCannon,FocusBlast,FakeOut,Protect|Timid||M|||50|]Decidueye-Hisui||ScopeLens|Scrappy|TripleArrows,LeafBlade,Protect,Taunt|Adamant||M|||50|]Aerodactyl||FocusSash|Unnerve|RockSlide,DualWingbeat,Tailwind,Protect|Jolly||M|||50|]Kingambit||BlackGlasses|Defiant|KowtowCleave,SuckerPunch,SwordsDance,Protect|Adamant||M|||50|]Basculegion||LifeOrb|Adaptability|WaveCrash,AquaJet,LastRespects,Protect|Adamant||M|||50|]Sneasler||WhiteHerb|Unburden|DireClaw,CloseCombat,FakeOut,Protect|Jolly||F|||50|
|inactive|Battle timer is ON: inactive players will automatically lose when time's up. (requested by Glimme)
|inactive|Glimme has 60 seconds left.
|
|t:|1785915845
|teamsize|p1|4
|teamsize|p2|4
|start
|switch|p1a: Staraptor|Staraptor, L50, M|100/100
|switch|p1b: Kingambit|Kingambit, L50, F|100/100
|switch|p2a: Sneasler|Sneasler, L50, F|100/100
|switch|p2b: Raichu|Raichu, L50, M, shiny|100/100
|-ability|p1a: Staraptor|Intimidate|boost
|-unboost|p2a: Sneasler|atk|1
|-unboost|p2b: Raichu|atk|1
|-enditem|p2a: Sneasler|White Herb
|-clearnegativeboost|p2a: Sneasler|[silent]
|turn|1
|inactive|Hntf has 30 seconds left.
|inactive|Hntf has 20 seconds left.
|
|t:|1785915882
|switch|p1b: Farigiraf|Farigiraf, L50, M|100/100
|detailschange|p2b: Raichu|Raichu-Mega-Y, L50, M, shiny
|-mega|p2b: Raichu|Raichu|Raichunite Y
|detailschange|p1a: Staraptor|Staraptor-Mega, L50, M
|-mega|p1a: Staraptor|Staraptor|Staraptite
|move|p2b: Raichu|Fake Out||[still]
|cant|p1b: Farigiraf|ability: Armor Tail|Fake Out|[of] p2b: Raichu
|move|p2a: Sneasler|Close Combat|p1b: Farigiraf
|-damage|p1b: Farigiraf|50/100y
|-unboost|p2a: Sneasler|def|1
|-unboost|p2a: Sneasler|spd|1
|-enditem|p1b: Farigiraf|Sitrus Berry|[eat]
|-heal|p1b: Farigiraf|75/100|[from] item: Sitrus Berry
|move|p1a: Staraptor|Dual Wingbeat|p2a: Sneasler
|-supereffective|p2a: Sneasler|1
|-damage|p2a: Sneasler|0 fnt
|faint|p2a: Sneasler
|-hitcount|p2: Sneasler|1
|
|upkeep
|
|t:|1785915889
|switch|p2a: Basculegion|Basculegion, L50, M, shiny|100/100
|turn|2
|
|t:|1785915910
|move|p1a: Staraptor|Protect|p1a: Staraptor
|-singleturn|p1a: Staraptor|Protect
|move|p2b: Raichu|Focus Blast|p1b: Farigiraf
|-damage|p1b: Farigiraf|39/100
|move|p2a: Basculegion|Wave Crash|p1a: Staraptor
|-activate|p1a: Staraptor|move: Protect
|move|p1b: Farigiraf|Trick Room|p1b: Farigiraf
|-fieldstart|move: Trick Room|[of] p1b: Farigiraf
|
|upkeep
|turn|3
|
|t:|1785915928
|switch|p2b: Kingambit|Kingambit, L50, M, shiny|100/100
|move|p1b: Farigiraf|Psychic|p2b: Kingambit
|-immune|p2b: Kingambit
|move|p2a: Basculegion|Wave Crash|p1a: Staraptor
|-damage|p1a: Staraptor|0 fnt
|faint|p1a: Staraptor
|-damage|p2a: Basculegion|71/100|[from] Recoil
|-damage|p2a: Basculegion|61/100|[from] item: Life Orb
|
|upkeep
|
|t:|1785915940
|switch|p1a: Kingambit|Kingambit, L50, F|100/100
|turn|4
|
|t:|1785915952
|switch|p1b: Sylveon|Sylveon, L50, M|100/100
|move|p1a: Kingambit|Swords Dance|p1a: Kingambit
|-boost|p1a: Kingambit|atk|2
|move|p2b: Kingambit|Kowtow Cleave|p1b: Sylveon
|-resisted|p1b: Sylveon|1
|-damage|p1b: Sylveon|70/100
|move|p2a: Basculegion|Wave Crash|p1a: Kingambit
|-damage|p1a: Kingambit|18/100
|-damage|p2a: Basculegion|33/100|[from] Recoil
|-damage|p2a: Basculegion|23/100|[from] item: Life Orb
|
|upkeep
|turn|5
|
|t:|1785915973
|switch|p1b: Farigiraf|Farigiraf, L50, M|39/100
|switch|p2a: Raichu|Raichu-Mega-Y, L50, M, shiny|100/100
|move|p1a: Kingambit|Kowtow Cleave|p2a: Raichu
|-damage|p2a: Raichu|0 fnt
|faint|p2a: Raichu
|-damage|p1a: Kingambit|8/100|[from] item: Life Orb
|move|p2b: Kingambit|Kowtow Cleave|p1a: Kingambit
|-resisted|p1a: Kingambit|1
|-damage|p1a: Kingambit|0 fnt
|faint|p1a: Kingambit
|
|upkeep
|
|t:|1785915989
|switch|p1a: Sylveon|Sylveon, L50, M|70/100
|switch|p2a: Basculegion|Basculegion, L50, M, shiny|23/100
|turn|6
|
|t:|1785915999
|move|p1a: Sylveon|Protect|p1a: Sylveon
|-singleturn|p1a: Sylveon|Protect
|move|p2a: Basculegion|Protect|p2a: Basculegion
|-singleturn|p2a: Basculegion|Protect
|move|p1b: Farigiraf|Psychic|p2a: Basculegion
|-activate|p2a: Basculegion|move: Protect
|move|p2b: Kingambit|Swords Dance|p2b: Kingambit
|-boost|p2b: Kingambit|atk|2
|
|-fieldend|move: Trick Room
|upkeep
|turn|7
|-message|Hntf forfeited.
|
|win|Glimme
