|j|☆jANMxRin
|j|☆blindfishptsd
|html|jANMxRinblindfishptsd    
|uhtml|bestof|Game 1 of a best-of-3
|t:|1785951896
|gametype|doubles
|player|p1|jANMxRin|265|
|player|p2|blindfishptsd|olympia|
|gen|9
|tier|[Gen 9 Champions] VGC 2026 Reg M-B (Bo3)
|rule|Species Clause: Limit one of each Pokémon
|rule|Item Clause: Limit 1 of each item
|clearpoke
|poke|p1|Delphox, L50, M|
|poke|p1|Staraptor, L50, M|
|poke|p1|Garchomp, L50, M|
|poke|p1|Whimsicott, L50, M|
|poke|p1|Kingambit, L50, M|
|poke|p1|Glimmora, L50, M|
|poke|p2|Venusaur, L50, M|
|poke|p2|Charizard, L50, M|
|poke|p2|Grimmsnarl, L50, M|
|poke|p2|Archaludon, L50, F|
|poke|p2|Basculegion, L50, M|
|poke|p2|Pelipper, L50, F|
|teampreview|4
|showteam|p1|Delphox||Delphoxite|Magician|Protect,Psychic,HeatWave,Substitute|Timid||M|||50|]Staraptor||Staraptite|Intimidate|Protect,Roost,CloseCombat,BraveBird|Jolly||M|||50|]Garchomp||LifeOrb|RoughSkin|Protect,RockSlide,Earthquake,DragonClaw|Jolly||M|||50|]Whimsicott||OccaBerry|Prankster|Moonblast,Tailwind,Charm,LightScreen|Timid||M|||50|]Kingambit||ChopleBerry|Defiant|SuckerPunch,LowKick,IronHead,KowtowCleave|Adamant||M|||50|]Glimmora||FocusSash|ToxicDebris|SpikyShield,SludgeBomb,EarthPower,PowerGem|Timid||M|||50|
|showteam|p2|Venusaur||FocusSash|Chlorophyll|SludgeBomb,EarthPower,SleepPowder,Protect|Modest||M|||50|]Charizard||CharizarditeY|Blaze|Protect,HeatWave,SolarBeam,WeatherBall|Modest||M|||50|]Grimmsnarl||LightClay|Prankster|SpiritBreak,LightScreen,Reflect,PartingShot|Sassy||M|||50|]Archaludon||Leftovers|Stamina|ElectroShot,DragonPulse,FlashCannon,Protect|Calm||F|||50|]Basculegion||ChoiceScarf|Adaptability|WaveCrash,LastRespects,AquaJet,FlipTurn|Jolly||M|||50|]Pelipper||SitrusBerry|Drizzle|Hurricane,WeatherBall,Tailwind,WideGuard|Modest||F|||50|
|inactive|Battle timer is ON: inactive players will automatically lose when time's up. (requested by blindfishptsd)
|c|☆blindfishptsd|Glhf
|c|☆jANMxRin|u2
|inactive|jANMxRin has 60 seconds left.
|inactive|jANMxRin has 30 seconds left.
|inactive|jANMxRin has 20 seconds left.
|inactive|jANMxRin has 15 seconds left.
|
|t:|1785951974
|teamsize|p1|4
|teamsize|p2|4
|start
|switch|p1a: Whimsicott|Whimsicott, L50, M|100/100
|switch|p1b: Glimmora|Glimmora, L50, M|100/100
|switch|p2a: Grimmsnarl|Grimmsnarl, L50, M|100/100
|switch|p2b: Archaludon|Archaludon, L50, F|100/100
|turn|1
|inactive|jANMxRin has 30 seconds left.
|
|t:|1785952008
|move|p1a: Whimsicott|Light Screen|p1a: Whimsicott
|-sidestart|p1: jANMxRin|move: Light Screen
|move|p2a: Grimmsnarl|Light Screen|p2a: Grimmsnarl
|-sidestart|p2: blindfishptsd|move: Light Screen
|move|p1b: Glimmora|Sludge Bomb|p2a: Grimmsnarl
|-supereffective|p2a: Grimmsnarl|1
|-damage|p2a: Grimmsnarl|48/100
|move|p2b: Archaludon|Flash Cannon|p1b: Glimmora
|-supereffective|p1b: Glimmora|1
|-damage|p1b: Glimmora|34/100
|
|upkeep
|turn|2
|inactive|jANMxRin has 30 seconds left.
|inactive|jANMxRin has 20 seconds left.
|inactive|blindfishptsd has 30 seconds left.
|inactive|jANMxRin has 15 seconds left.
|
|t:|1785952051
|move|p2a: Grimmsnarl|Parting Shot|p1b: Glimmora
|-unboost|p1b: Glimmora|atk|1
|-unboost|p1b: Glimmora|spa|1
|
|t:|1785952054
|switch|p2a: Pelipper|Pelipper, L50, F|100/100|[from] Parting Shot
|-weather|RainDance|[from] ability: Drizzle|[of] p2a: Pelipper
|move|p1a: Whimsicott|Moonblast|p2a: Pelipper
|-damage|p2a: Pelipper|71/100
|-unboost|p2a: Pelipper|spa|1
|move|p1b: Glimmora|Earth Power|p2b: Archaludon
|-supereffective|p2b: Archaludon|1
|-damage|p2b: Archaludon|75/100
|-ability|p2b: Archaludon|Stamina|boost
|-boost|p2b: Archaludon|def|1
|move|p2b: Archaludon|Electro Shot||[still]
|-prepare|p2b: Archaludon|Electro Shot
|-boost|p2b: Archaludon|spa|1
|-anim|p2b: Archaludon|Electro Shot|p1b: Glimmora
|-damage|p1b: Glimmora|0 fnt
|faint|p1b: Glimmora
|
|-weather|RainDance|[upkeep]
|-heal|p2b: Archaludon|81/100|[from] item: Leftovers
|upkeep
|
|t:|1785952071
|switch|p1b: Staraptor|Staraptor, L50, M|100/100
|-ability|p1b: Staraptor|Intimidate|boost
|-unboost|p2a: Pelipper|atk|1
|-unboost|p2b: Archaludon|atk|1
|turn|3
|inactive|jANMxRin has 30 seconds left.
|inactive|jANMxRin has 20 seconds left.
|
|t:|1785952107
|detailschange|p1b: Staraptor|Staraptor-Mega, L50, M
|-mega|p1b: Staraptor|Staraptor|Staraptite
|move|p1a: Whimsicott|Charm|p1b: Staraptor
|-boost|p1b: Staraptor|atk|2
|move|p1b: Staraptor|Close Combat|p2b: Archaludon
|-supereffective|p2b: Archaludon|1
|-damage|p2b: Archaludon|0 fnt
|-boost|p1b: Staraptor|def|1
|-boost|p1b: Staraptor|spd|1
|faint|p2b: Archaludon
|move|p2a: Pelipper|Tailwind|p2a: Pelipper
|-sidestart|p2: blindfishptsd|move: Tailwind
|
|-weather|RainDance|[upkeep]
|upkeep
|
|t:|1785952114
|switch|p2b: Charizard|Charizard, L50, M|100/100
|turn|4
|inactive|jANMxRin has 30 seconds left.
|inactive|blindfishptsd has 30 seconds left.
|inactive|jANMxRin has 20 seconds left.
|
|t:|1785952153
|detailschange|p2b: Charizard|Charizard-Mega-Y, L50, M
|-mega|p2b: Charizard|Charizard|Charizardite Y
|-weather|SunnyDay|[from] ability: Drought|[of] p2b: Charizard
|move|p1a: Whimsicott|Tailwind|p1a: Whimsicott
|-sidestart|p1: jANMxRin|move: Tailwind
|move|p1b: Staraptor|Close Combat|p2b: Charizard
|-resisted|p2b: Charizard|1
|-damage|p2b: Charizard|35/100
|-boost|p1b: Staraptor|def|1
|-boost|p1b: Staraptor|spd|1
|move|p2b: Charizard|Heat Wave|p1b: Staraptor|[spread] p1a
|-miss|p2b: Charizard|p1b: Staraptor
|-supereffective|p1a: Whimsicott|1
|-crit|p1a: Whimsicott
|-enditem|p1a: Whimsicott|Occa Berry|[eat]
|-enditem|p1a: Whimsicott|Occa Berry|[weaken]
|-damage|p1a: Whimsicott|0 fnt
|faint|p1a: Whimsicott
|move|p2a: Pelipper|Weather Ball|p1b: Staraptor
|-damage|p1b: Staraptor|90/100
|
|-weather|SunnyDay|[upkeep]
|upkeep
|
|t:|1785952170
|switch|p1a: Garchomp|Garchomp, L50, M|100/100
|turn|5
|
|t:|1785952178
|move|p2a: Pelipper|Wide Guard|p2a: Pelipper
|-singleturn|p2a: Pelipper|Wide Guard
|move|p1b: Staraptor|Close Combat|p2b: Charizard
|-resisted|p2b: Charizard|1
|-damage|p2b: Charizard|0 fnt
|-boost|p1b: Staraptor|def|1
|-boost|p1b: Staraptor|spd|1
|faint|p2b: Charizard
|move|p1a: Garchomp|Rock Slide|p2a: Pelipper
|-activate|p2a: Pelipper|move: Wide Guard
|
|-weather|SunnyDay|[upkeep]
|-sideend|p1: jANMxRin|move: Light Screen
|upkeep
|-message|blindfishptsd forfeited.
|
|win|jANMxRin
