|j|☆Sea's Searing
|j|☆komsu
|html|Sea's Searingkomsu    
|uhtml|bestof|Game 2 of a best-of-3
|t:|1784424087
|gametype|doubles
|player|p1|Sea's Searing|170|1284
|player|p2|komsu|gambler|1295
|gen|9
|tier|[Gen 9 Champions] VGC 2026 Reg M-B (Bo3)
|rated|
|rule|Species Clause: Limit one of each Pokémon
|rule|Item Clause: Limit 1 of each item
|clearpoke
|poke|p1|Blaziken, L50, F|
|poke|p1|Venusaur, L50, M|
|poke|p1|Ninetales-Alola, L50, M|
|poke|p1|Lycanroc-Dusk, L50, F|
|poke|p1|Kingambit, L50, M|
|poke|p1|Basculegion, L50, M|
|poke|p2|Scizor, L50, M|
|poke|p2|Blastoise, L50, M, shiny|
|poke|p2|Sinistcha, L50|
|poke|p2|Talonflame, L50, M|
|poke|p2|Mamoswine, L50, F|
|poke|p2|Farigiraf, L50, F|
|teampreview|4
|showteam|p1|Blaziken||Blazikenite|SpeedBoost|CloseCombat,FlareBlitz,StoneEdge,Detect|Adamant||F|||50|]Venusaur||Venusaurite|Chlorophyll|GigaDrain,SludgeBomb,EarthPower,Protect|Modest||M|||50|]Ninetales-Alola||NeverMeltIce|SnowWarning|Blizzard,FreezeDry,Encore,Protect|Timid||M|||50|]Lycanroc-Dusk||FocusSash|ToughClaws|Accelerock,RockSlide,CloseCombat,Protect|Adamant||F|||50|]Kingambit||LifeOrb|Defiant|KowtowCleave,SuckerPunch,IronHead,Protect|Adamant||M|||50|]Basculegion||ChoiceScarf|Adaptability|WaveCrash,LastRespects,FlipTurn,AquaJet|Jolly||M|||50|
|showteam|p2|Scizor||LifeOrb|Technician|BulletPunch,BugBite,DualWingbeat,Protect|Adamant||M|||50|]Blastoise||Blastoisinite|RainDish|WaterSpout,Protect,ShellSmash,DarkPulse|Timid||M|||50|]Sinistcha||ColburBerry|Hospitality|MatchaGotcha,Protect,TrickRoom,RagePowder|Calm|||||50|]Talonflame||SharpBeak|GaleWings|DualWingbeat,Protect,Tailwind,RainDance|Jolly||M|||50|]Mamoswine||FocusSash|Oblivious|IcicleCrash,HighHorsepower,IceShard,Protect|Adamant||F|||50|]Farigiraf||SitrusBerry|ArmorTail|PsychicNoise,Thunderbolt,TrickRoom,Protect|Bold||F|||50|
|inactive|Battle timer is ON: inactive players will automatically lose when time's up. (requested by Sea's Searing)
|inactive|komsu has 60 seconds left.
|
|t:|1784424174
|teamsize|p1|4
|teamsize|p2|4
|start
|switch|p1a: RUMA|Lycanroc-Dusk, L50, F|100/100
|switch|p1b: Rainy boots|Basculegion, L50, M|100/100
|switch|p2a: Talonflame|Talonflame, L50, M|100/100
|switch|p2b: HunterKiller|Scizor, L50, M|100/100
|turn|1
|inactive|Sea's Searing has 30 seconds left.
|inactive|komsu has 30 seconds left.
|inactive|komsu has 20 seconds left.
|inactive|komsu has 15 seconds left.
|inactive|komsu has 10 seconds left.
|
|t:|1784424223
|switch|p2a: Sinistcha|Sinistcha, L50|100/100
|move|p2b: HunterKiller|Protect|p2b: HunterKiller
|-singleturn|p2b: HunterKiller|Protect
|move|p1b: Rainy boots|Wave Crash|p2b: HunterKiller
|-activate|p2b: HunterKiller|move: Protect
|move|p1a: RUMA|Rock Slide|p2b: HunterKiller|[spread] p2a
|-activate|p2b: HunterKiller|move: Protect
|-damage|p2a: Sinistcha|72/100
|
|upkeep
|turn|2
|
|t:|1784424239
|switch|p1b: Villain|Kingambit, L50, M|100/100
|move|p2a: Sinistcha|Rage Powder|p2a: Sinistcha
|-singleturn|p2a: Sinistcha|move: Rage Powder
|move|p2b: HunterKiller|Bullet Punch|p1a: RUMA
|-supereffective|p1a: RUMA|1
|-enditem|p1a: RUMA|Focus Sash
|-damage|p1a: RUMA|1/100
|-damage|p2b: HunterKiller|90/100|[from] item: Life Orb
|move|p1a: RUMA|Rock Slide|p2a: Sinistcha|[spread] p2b
|-miss|p1a: RUMA|p2a: Sinistcha
|-damage|p2b: HunterKiller|58/100
|
|upkeep
|turn|3
|
|t:|1784424259
|move|p1a: RUMA|Protect|p1a: RUMA
|-singleturn|p1a: RUMA|Protect
|move|p2b: HunterKiller|Protect|p2b: HunterKiller
|-singleturn|p2b: HunterKiller|Protect
|move|p2a: Sinistcha|Matcha Gotcha|p1a: RUMA|[spread] p1b
|-activate|p1a: RUMA|move: Protect
|-resisted|p1b: Villain|1
|-damage|p1b: Villain|88/100
|-heal|p2a: Sinistcha|79/100|[from] drain|[of] p1b: Villain
|move|p1b: Villain|Kowtow Cleave|p2a: Sinistcha
|-supereffective|p2a: Sinistcha|1
|-enditem|p2a: Sinistcha|Colbur Berry|[eat]
|-enditem|p2a: Sinistcha|Colbur Berry|[weaken]
|-damage|p2a: Sinistcha|22/100
|-damage|p1b: Villain|78/100|[from] item: Life Orb
|
|upkeep
|turn|4
|inactive|komsu has 30 seconds left.
|inactive|komsu has 20 seconds left.
|
|t:|1784424297
|move|p2a: Sinistcha|Protect|p2a: Sinistcha
|-singleturn|p2a: Sinistcha|Protect
|move|p1a: RUMA|Accelerock|p2a: Sinistcha
|-activate|p2a: Sinistcha|move: Protect
|move|p2b: HunterKiller|Bug Bite|p1b: Villain
|-damage|p1b: Villain|29/100
|-damage|p2b: HunterKiller|48/100|[from] item: Life Orb
|move|p1b: Villain|Kowtow Cleave|p2b: HunterKiller
|-damage|p2b: HunterKiller|0 fnt
|faint|p2b: HunterKiller
|-damage|p1b: Villain|20/100y|[from] item: Life Orb
|
|upkeep
|inactive|komsu has 30 seconds left.
|
|t:|1784424326
|switch|p2b: Blastoise|Blastoise, L50, M, shiny|100/100
|turn|5
|
|t:|1784424334
|detailschange|p2b: Blastoise|Blastoise-Mega, L50, M, shiny
|-mega|p2b: Blastoise|Blastoise|Blastoisinite
|move|p2a: Sinistcha|Rage Powder|p2a: Sinistcha
|-singleturn|p2a: Sinistcha|move: Rage Powder
|move|p1a: RUMA|Accelerock|p2a: Sinistcha
|-damage|p2a: Sinistcha|0 fnt
|faint|p2a: Sinistcha
|move|p1b: Villain|Sucker Punch|p2b: Blastoise
|-damage|p2b: Blastoise|46/100
|-damage|p1b: Villain|10/100|[from] item: Life Orb
|move|p2b: Blastoise|Water Spout|p1a: RUMA|[spread] p1a,p1b
|-supereffective|p1a: RUMA|1
|-damage|p1a: RUMA|0 fnt
|-damage|p1b: Villain|0 fnt
|faint|p1a: RUMA
|faint|p1b: Villain
|
|upkeep
|
|t:|1784424345
|switch|p1a: Water the roses|Venusaur, L50, M|100/100
|switch|p2a: Talonflame|Talonflame, L50, M|100/100
|switch|p1b: Rainy boots|Basculegion, L50, M|100/100
|turn|6
|
|t:|1784424364
|detailschange|p1a: Water the roses|Venusaur-Mega, L50, M
|-mega|p1a: Water the roses|Venusaur|Venusaurite
|move|p1b: Rainy boots|Aqua Jet|p2a: Talonflame
|-supereffective|p2a: Talonflame|1
|-damage|p2a: Talonflame|27/100
|move|p2a: Talonflame|Tailwind|p2a: Talonflame
|-sidestart|p2: komsu|move: Tailwind
|move|p2b: Blastoise|Dark Pulse|p1b: Rainy boots
|-supereffective|p1b: Rainy boots|1
|-damage|p1b: Rainy boots|3/100
|move|p1a: Water the roses|Giga Drain|p2b: Blastoise
|-supereffective|p2b: Blastoise|1
|-damage|p2b: Blastoise|0 fnt
|faint|p2b: Blastoise
|
|upkeep
|turn|7
|
|t:|1784424381
|move|p1b: Rainy boots|Aqua Jet|p2a: Talonflame
|-supereffective|p2a: Talonflame|1
|-damage|p2a: Talonflame|0 fnt
|faint|p2a: Talonflame
|
|win|Sea's Searing
|raw|Sea's Searing's rating: 1284 → 1310(+26 for winning)
|raw|komsu's rating: 1295 → 1269(-26 for losing)
|l|☆Sea's Searing
|player|p1|
