|j|☆Lolgorilla
|j|☆nicven
|html|Lolgorillanicven    
|uhtml|bestof|Game 3 of a best-of-3
|t:|1783881274
|gametype|doubles
|player|p1|Lolgorilla|265|1192
|player|p2|nicven|ghetsis|1226
|gen|9
|tier|[Gen 9 Champions] VGC 2026 Reg M-B (Bo3)
|rated|
|rule|Species Clause: Limit one of each Pokémon
|rule|Item Clause: Limit 1 of each item
|clearpoke
|poke|p1|Pelipper, L50, F|
|poke|p1|Archaludon, L50, F|
|poke|p1|Beedrill, L50, F|
|poke|p1|Farigiraf, L50, M|
|poke|p1|Swampert, L50, F|
|poke|p1|Incineroar, L50, M|
|poke|p2|Ninetales-Alola, L50, F|
|poke|p2|Farigiraf, L50, F|
|poke|p2|Incineroar, L50, F|
|poke|p2|Mawile, L50, M|
|poke|p2|Basculegion, L50, M|
|poke|p2|Drampa, L50, M|
|teampreview|4
|showteam|p1|Pelipper||LifeOrb|Drizzle|WeatherBall,Hurricane,WideGuard,Tailwind|Modest||F|||50|]Archaludon||Leftovers|Stamina|ElectroShot,FlashCannon,DragonPulse,Protect|Modest||F|||50|]Beedrill||Beedrillite|Swarm|Uturn,PoisonJab,DrillRun,Protect|Adamant||F|||50|]Farigiraf||SitrusBerry|ArmorTail|Psychic,TrickRoom,RainDance,HelpingHand|Bold||M|||50|]Swampert||Swampertite|Torrent|WaveCrash,HighHorsepower,RockSlide,Protect|Adamant||F|||50|]Incineroar||PasshoBerry|Intimidate|FakeOut,PartingShot,FlareBlitz,ThroatChop|Adamant||M|||50|
|showteam|p2|Ninetales-Alola||FocusSash|SnowWarning|Blizzard,FreezeDry,AuroraVeil,Protect|Timid||F|||50|]Farigiraf||ColburBerry|ArmorTail|TrickRoom,HelpingHand,Psychic,Protect|Quiet||F|||50|]Incineroar||Charcoal|Intimidate|FlareBlitz,ThroatChop,PartingShot,FakeOut|Adamant||F|||50|]Mawile||Mawilite|HyperCutter|PlayRough,RockSlide,SuckerPunch,Protect|Adamant||M|||50|]Basculegion||SitrusBerry|Adaptability|WaveCrash,AquaJet,LastRespects,Protect|Adamant||M|||50|]Drampa||Drampanite|CloudNine|EarthPower,HyperVoice,DragonPulse,Protect|Quiet||M|||50|
|inactive|Battle timer is ON: inactive players will automatically lose when time's up. (requested by Lolgorilla)
|
|t:|1783881306
|teamsize|p1|4
|teamsize|p2|4
|start
|switch|p1a: Beedrill|Beedrill, L50, F|100/100
|switch|p1b: Incineroar|Incineroar, L50, M|100/100
|switch|p2a: Farigiraf|Farigiraf, L50, F|100/100
|switch|p2b: Incineroar|Incineroar, L50, F|100/100
|-ability|p1b: Incineroar|Intimidate|boost
|-unboost|p2a: Farigiraf|atk|1
|-unboost|p2b: Incineroar|atk|1
|-ability|p2b: Incineroar|Intimidate|boost
|-unboost|p1a: Beedrill|atk|1
|-unboost|p1b: Incineroar|atk|1
|turn|1
|inactive|Lolgorilla has 30 seconds left.
|inactive|nicven has 30 seconds left.
|
|t:|1783881338
|detailschange|p1a: Beedrill|Beedrill-Mega, L50, F
|-mega|p1a: Beedrill|Beedrill|Beedrillite
|move|p2b: Incineroar|Fake Out|p1b: Incineroar
|-damage|p1b: Incineroar|90/100
|move|p1a: Beedrill|U-turn|p2a: Farigiraf
|-supereffective|p2a: Farigiraf|1
|-damage|p2a: Farigiraf|24/100
|
|t:|1783881363
|switch|p1a: Archaludon|Archaludon, L50, F|100/100|[from] U-turn
|cant|p1b: Incineroar|flinch
|move|p2a: Farigiraf|Trick Room|p2a: Farigiraf
|-fieldstart|move: Trick Room|[of] p2a: Farigiraf
|
|upkeep
|turn|2
|
|t:|1783881381
|switch|p2a: Mawile|Mawile, L50, M|100/100
|move|p1a: Archaludon|Protect|p1a: Archaludon
|-singleturn|p1a: Archaludon|Protect
|move|p2b: Incineroar|Parting Shot|p1a: Archaludon
|-activate|p1a: Archaludon|move: Protect
|move|p1b: Incineroar|Throat Chop|p2a: Mawile
|-resisted|p2a: Mawile|1
|-damage|p2a: Mawile|83/100
|-start|p2a: Mawile|Throat Chop|[silent]
|
|upkeep
|turn|3
|inactive|Lolgorilla has 30 seconds left.
|
|t:|1783881414
|detailschange|p2a: Mawile|Mawile-Mega, L50, M
|-mega|p2a: Mawile|Mawile|Mawilite
|move|p2a: Mawile|Play Rough|p1b: Incineroar
|-damage|p1b: Incineroar|6/100
|-unboost|p1b: Incineroar|atk|1
|move|p2b: Incineroar|Parting Shot|p1a: Archaludon
|-unboost|p1a: Archaludon|atk|1
|-unboost|p1a: Archaludon|spa|1
|
|t:|1783881425
|switch|p2b: Drampa|Drampa, L50, M|100/100|[from] Parting Shot
|-ability|p2b: Drampa|Cloud Nine
|move|p1b: Incineroar|Parting Shot|p2b: Drampa
|-unboost|p2b: Drampa|atk|1
|-unboost|p2b: Drampa|spa|1
|inactive|Lolgorilla has 30 seconds left.
|inactive|Lolgorilla has 20 seconds left.
|
|t:|1783881461
|switch|p1b: Beedrill|Beedrill-Mega, L50, F|100/100|[from] Parting Shot
|move|p1a: Archaludon|Flash Cannon|p2a: Mawile
|-damage|p2a: Mawile|54/100
|
|-end|p2a: Mawile|Throat Chop|[silent]
|upkeep
|turn|4
|
|t:|1783881472
|move|p1a: Archaludon|Protect|p1a: Archaludon
|-singleturn|p1a: Archaludon|Protect
|move|p1b: Beedrill|Protect|p1b: Beedrill
|-singleturn|p1b: Beedrill|Protect
|move|p2b: Drampa|Earth Power|p1a: Archaludon
|-activate|p1a: Archaludon|move: Protect
|move|p2a: Mawile|Rock Slide|p1b: Beedrill|[spread] 
|-activate|p1a: Archaludon|move: Protect
|-activate|p1b: Beedrill|move: Protect
|
|upkeep
|turn|5
|
|t:|1783881484
|switch|p1a: Pelipper|Pelipper, L50, F|100/100
|-weather|RainDance|[from] ability: Drizzle|[of] p1a: Pelipper
|switch|p1b: Incineroar|Incineroar, L50, M|6/100
|-ability|p1b: Incineroar|Intimidate|boost
|-unboost|p2a: Mawile|atk|1
|-unboost|p2b: Drampa|atk|1
|move|p2b: Drampa|Earth Power|p1a: Pelipper
|-immune|p1a: Pelipper
|move|p2a: Mawile|Rock Slide|p1a: Pelipper|[spread] p1a,p1b
|-supereffective|p1a: Pelipper|1
|-supereffective|p1b: Incineroar|1
|-damage|p1a: Pelipper|39/100
|-damage|p1b: Incineroar|0 fnt
|faint|p1b: Incineroar
|
|-weather|RainDance|[upkeep]
|-fieldend|move: Trick Room
|upkeep
|inactive|Lolgorilla has 30 seconds left.
|
|t:|1783881510
|switch|p1b: Beedrill|Beedrill-Mega, L50, F|100/100
|turn|6
|inactive|nicven has 30 seconds left.
|
|t:|1783881538
|switch|p2a: Incineroar|Incineroar, L50, F|100/100
|-ability|p2a: Incineroar|Intimidate|boost
|-unboost|p1a: Pelipper|atk|1
|-unboost|p1b: Beedrill|atk|1
|move|p1b: Beedrill|Drill Run|p2a: Incineroar
|-supereffective|p2a: Incineroar|1
|-damage|p2a: Incineroar|56/100
|move|p1a: Pelipper|Tailwind|p1a: Pelipper
|-sidestart|p1: Lolgorilla|move: Tailwind
|move|p2b: Drampa|Dragon Pulse|p1a: Pelipper
|-damage|p1a: Pelipper|0 fnt
|faint|p1a: Pelipper
|
|-weather|RainDance|[upkeep]
|upkeep
|
|t:|1783881548
|switch|p1a: Archaludon|Archaludon, L50, F|100/100
|turn|7
|inactive|nicven has 30 seconds left.
|
|t:|1783881574
|switch|p2b: Mawile|Mawile-Mega, L50, M|54/100
|move|p1a: Archaludon|Protect|p1a: Archaludon
|-singleturn|p1a: Archaludon|Protect
|move|p2a: Incineroar|Fake Out|p1b: Beedrill
|-damage|p1b: Beedrill|64/100
|cant|p1b: Beedrill|flinch
|
|-weather|RainDance|[upkeep]
|upkeep
|turn|8
|inactive|Lolgorilla has 30 seconds left.
|
|t:|1783881609
|move|p2b: Mawile|Sucker Punch|p1b: Beedrill
|-damage|p1b: Beedrill|0 fnt
|faint|p1b: Beedrill
|move|p1a: Archaludon|Flash Cannon|p2b: Mawile
|-crit|p2b: Mawile
|-damage|p2b: Mawile|0 fnt
|faint|p2b: Mawile
|move|p2a: Incineroar|Parting Shot|p1a: Archaludon
|-unboost|p1a: Archaludon|atk|1
|-unboost|p1a: Archaludon|spa|1
|
|t:|1783881617
|switch|p2a: Farigiraf|Farigiraf, L50, F|24/100|[from] Parting Shot
|
|-weather|RainDance|[upkeep]
|upkeep
|
|t:|1783881619
|switch|p2b: Incineroar|Incineroar, L50, F|56/100
|-ability|p2b: Incineroar|Intimidate|boost
|-unboost|p1a: Archaludon|atk|1
|turn|9
|
|t:|1783881631
|move|p2b: Incineroar|Fake Out|p1a: Archaludon
|-resisted|p1a: Archaludon|1
|-damage|p1a: Archaludon|94/100
|-ability|p1a: Archaludon|Stamina|boost
|-boost|p1a: Archaludon|def|1
|cant|p1a: Archaludon|flinch
|move|p2a: Farigiraf|Trick Room|p2a: Farigiraf
|-fieldstart|move: Trick Room|[of] p2a: Farigiraf
|
|-weather|none
|-heal|p1a: Archaludon|100/100|[from] item: Leftovers
|-sideend|p1: Lolgorilla|move: Tailwind
|upkeep
|turn|10
|
|t:|1783881648
|move|p2a: Farigiraf|Helping Hand|p2b: Incineroar
|-singleturn|p2b: Incineroar|Helping Hand|[of] p2a: Farigiraf
|move|p2b: Incineroar|Flare Blitz|p1a: Archaludon
|-damage|p1a: Archaludon|38/100
|-ability|p1a: Archaludon|Stamina|boost
|-boost|p1a: Archaludon|def|1
|-damage|p2b: Incineroar|37/100|[from] Recoil
|move|p1a: Archaludon|Dragon Pulse|p2b: Incineroar
|-damage|p2b: Incineroar|12/100
|
|-heal|p1a: Archaludon|44/100|[from] item: Leftovers
|upkeep
|turn|11
|
|t:|1783881669
|move|p1a: Archaludon|Protect|p1a: Archaludon
|-singleturn|p1a: Archaludon|Protect
|move|p2a: Farigiraf|Psychic|p1a: Archaludon
|-activate|p1a: Archaludon|move: Protect
|move|p2b: Incineroar|Throat Chop|p2a: Farigiraf
|-supereffective|p2a: Farigiraf|1
|-enditem|p2a: Farigiraf|Colbur Berry|[eat]
|-enditem|p2a: Farigiraf|Colbur Berry|[weaken]
|-damage|p2a: Farigiraf|0 fnt
|faint|p2a: Farigiraf
|
|-heal|p1a: Archaludon|51/100|[from] item: Leftovers
|upkeep
|
|t:|1783881676
|switch|p2a: Drampa|Drampa, L50, M|100/100
|-ability|p2a: Drampa|Cloud Nine
|turn|12
|
|t:|1783881685
|move|p2a: Drampa|Earth Power|p1a: Archaludon
|-supereffective|p1a: Archaludon|1
|-damage|p1a: Archaludon|0 fnt
|faint|p1a: Archaludon
|
|win|nicven
|raw|Lolgorilla's rating: 1192 → 1169(-23 for losing)
|raw|nicven's rating: 1226 → 1249(+23 for winning)
|l|☆Lolgorilla
|player|p1|
|c|☆nicven|gg
