|j|☆Ritzbitz12
|j|☆LadylikeMiked97
|html|Ritzbitz12LadylikeMiked97    
|uhtml|bestof|Game 1 of a best-of-3
|t:|1756736028
|gametype|doubles
|player|p1|Ritzbitz12|palmer|1110
|player|p2|LadylikeMiked97|102|1037
|gen|9
|tier|[Gen 9] VGC 2025 Reg H (Bo3)
|rated|
|rule|Species Clause: Limit one of each Pokémon
|rule|Item Clause: Limit 1 of each item
|clearpoke
|poke|p1|Ninetales-Alola, L50, F|
|poke|p1|Gholdengo, L50|
|poke|p1|Garchomp, L50, F|
|poke|p1|Incineroar, L50, M|
|poke|p1|Sneasler, L50, M|
|poke|p1|Corviknight, L50, M|
|poke|p2|Amoonguss, L50, F|
|poke|p2|Rillaboom, L50, M|
|poke|p2|Gastrodon, L50, F|
|poke|p2|Flamigo, L50, F|
|poke|p2|Dragonite, L50, F|
|poke|p2|Ceruledge, L50, F|
|teampreview|4
|showteam|p1|Ninetales-Alola||LightClay|SnowWarning|AuroraVeil,Blizzard,FreezeDry,Protect|||F|||50|,,,,,Ghost]Gholdengo||LifeOrb|GoodasGold|MakeItRain,ShadowBall,NastyPlot,Protect||||||50|,,,,,Water]Garchomp||ClearAmulet|RoughSkin|Earthquake,StompingTantrum,DragonClaw,Protect|||F|||50|,,,,,Ground]Incineroar||SafetyGoggles|Intimidate|FakeOut,KnockOff,FlareBlitz,PartingShot|||M|||50|,,,,,Ghost]Sneasler||WhiteHerb|Unburden|Coaching,CloseCombat,DireClaw,Protect|||M|||50|,,,,,Ghost]Corviknight||SitrusBerry|MirrorArmor|BodyPress,BraveBird,Tailwind,Protect|||M|||50|,,,,,Fire
|showteam|p2|Amoonguss||SitrusBerry|Regenerator|PollenPuff,RagePowder,Spore,Protect|||F|||50|,,,,,Water]Rillaboom||AssaultVest|GrassySurge|FakeOut,GrassyGlide,Uturn,WoodHammer|||M|||50|,,,,,Fire]Gastrodon||Leftovers|StormDrain|IceBeam,EarthPower,SludgeBomb,Protect|||F|||50|,,,,,Dragon]Flamigo||FocusSash|Scrappy|CloseCombat,DualWingbeat,Tailwind,Protect|||F|||50|,,,,,Ghost]Dragonite||LoadedDice|Multiscale|Protect,ScaleShot,ExtremeSpeed,LowKick|||F|||50|,,,,,Fairy]Ceruledge||SafetyGoggles|FlashFire|BitterBlade,ShadowClaw,Protect,SwordsDance|||F|||50|,,,,,Fire
|
|t:|1756736127
|teamsize|p1|4
|teamsize|p2|4
|start
|switch|p1a: Garchomp|Garchomp, L50, F|100/100
|switch|p1b: Corviknight|Corviknight, L50, M|100/100
|switch|p2a: Flamigo|Flamigo, L50, F|100/100
|switch|p2b: Rillaboom|Rillaboom, L50, M|100/100
|-fieldstart|move: Grassy Terrain|[from] ability: Grassy Surge|[of] p2b: Rillaboom
|turn|1
|
|t:|1756736180
|move|p2b: Rillaboom|Fake Out|p1b: Corviknight
|-resisted|p1b: Corviknight
|-damage|p1b: Corviknight|97/100
|move|p1a: Garchomp|Dragon Claw|p2a: Flamigo
|-damage|p2a: Flamigo|41/100
|move|p2a: Flamigo|Close Combat|p1b: Corviknight
|-damage|p1b: Corviknight|57/100
|-unboost|p2a: Flamigo|def|1
|-unboost|p2a: Flamigo|spd|1
|cant|p1b: Corviknight|flinch
|
|upkeep
|turn|2
|
|t:|1756736212
|move|p2a: Flamigo|Protect|p2a: Flamigo
|-singleturn|p2a: Flamigo|Protect
|move|p1a: Garchomp|Dragon Claw|p2b: Rillaboom
|-damage|p2b: Rillaboom|66/100
|move|p2b: Rillaboom|Wood Hammer|p1a: Garchomp
|-damage|p1a: Garchomp|23/100
|-damage|p2b: Rillaboom|53/100|[from] ability: Rough Skin|[of] p1a: Garchomp
|-damage|p2b: Rillaboom|30/100|[from] Recoil
|move|p1b: Corviknight|Tailwind|p1b: Corviknight
|-sidestart|p1: Ritzbitz12|move: Tailwind
|
|-heal|p1a: Garchomp|29/100|[from] Grassy Terrain
|-heal|p2b: Rillaboom|36/100|[from] Grassy Terrain
|upkeep
|turn|3
|
|t:|1756736242
|switch|p1a: Ninetales|Ninetales-Alola, L50, F|100/100
|-weather|Snowscape|[from] ability: Snow Warning|[of] p1a: Ninetales
|switch|p2a: Dragonite|Dragonite, L50, F|100/100
|move|p2b: Rillaboom|Grassy Glide|p1a: Ninetales
|-damage|p1a: Ninetales|70/100
|move|p1b: Corviknight|Brave Bird|p2a: Dragonite
|-damage|p2a: Dragonite|81/100
|-damage|p1b: Corviknight|51/100|[from] Recoil
|
|-weather|Snowscape|[upkeep]
|-heal|p1a: Ninetales|76/100|[from] Grassy Terrain
|-heal|p2b: Rillaboom|42/100|[from] Grassy Terrain
|upkeep
|turn|4
|
|t:|1756736274
|move|p2a: Dragonite|Extreme Speed|p1a: Ninetales
|-damage|p1a: Ninetales|50/100
|move|p2b: Rillaboom|Grassy Glide|p1a: Ninetales
|-damage|p1a: Ninetales|23/100
|move|p1a: Ninetales|Blizzard|p2a: Dragonite|[spread] p2a,p2b
|-supereffective|p2a: Dragonite
|-supereffective|p2b: Rillaboom
|-damage|p2a: Dragonite|0 fnt
|-damage|p2b: Rillaboom|6/100
|faint|p2a: Dragonite
|move|p1b: Corviknight|Brave Bird|p2b: Rillaboom
|-supereffective|p2b: Rillaboom
|-damage|p2b: Rillaboom|0 fnt
|faint|p2b: Rillaboom
|-damage|p1b: Corviknight|49/100|[from] Recoil
|-enditem|p1b: Corviknight|Sitrus Berry|[eat]
|-heal|p1b: Corviknight|74/100|[from] item: Sitrus Berry
|
|-weather|Snowscape|[upkeep]
|-heal|p1a: Ninetales|29/100|[from] Grassy Terrain
|upkeep
|
|t:|1756736298
|switch|p2a: Flamigo|Flamigo, L50, F|41/100
|switch|p2b: Gastrodon|Gastrodon, L50, F|100/100
|turn|5
|
|t:|1756736322
|move|p2a: Flamigo|Protect|p2a: Flamigo
|-singleturn|p2a: Flamigo|Protect
|move|p2b: Gastrodon|Protect|p2b: Gastrodon
|-singleturn|p2b: Gastrodon|Protect
|move|p1a: Ninetales|Aurora Veil|p1a: Ninetales
|-sidestart|p1: Ritzbitz12|move: Aurora Veil
|move|p1b: Corviknight|Brave Bird|p2a: Flamigo
|-activate|p2a: Flamigo|move: Protect
|
|-weather|Snowscape|[upkeep]
|-heal|p1a: Ninetales|35/100|[from] Grassy Terrain
|-sideend|p1: Ritzbitz12|move: Tailwind
|-fieldend|move: Grassy Terrain
|upkeep
|turn|6
|
|t:|1756736348
|move|p1a: Ninetales|Blizzard|p2a: Flamigo|[spread] p2a,p2b
|-supereffective|p2a: Flamigo
|-damage|p2a: Flamigo|0 fnt
|-damage|p2b: Gastrodon|79/100
|faint|p2a: Flamigo
|move|p1b: Corviknight|Tailwind|p1b: Corviknight
|-sidestart|p1: Ritzbitz12|move: Tailwind
|move|p2b: Gastrodon|Sludge Bomb|p1a: Ninetales
|-supereffective|p1a: Ninetales
|-damage|p1a: Ninetales|6/100
|-status|p1a: Ninetales|psn
|
|-weather|Snowscape|[upkeep]
|-heal|p2b: Gastrodon|85/100|[from] item: Leftovers
|-damage|p1a: Ninetales|0 fnt|[from] psn
|faint|p1a: Ninetales
|upkeep
|
|t:|1756736373
|switch|p1a: Sneasler|Sneasler, L50, M|100/100
|turn|7
|-message|LadylikeMiked97 forfeited.
|raw|Ritzbitz12's rating: 1110 → 1130(+20 for winning)
|raw|LadylikeMiked97's rating: 1037 → 1025(-12 for losing)
|
|win|Ritzbitz12
|l|☆LadylikeMiked97
|player|p2|
