|j|Ōśåvglabmty
|j|Ōśåescapadian
|html|vglabmtyescapadian    
|uhtml|bestof|Game 3 of a best-of-3
|t:|1784658774
|gametype|doubles
|player|p1|vglabmty|scientist|1138
|player|p2|escapadian|169|1250
|gen|9
|tier|[Gen 9 Champions] VGC 2026 Reg M-B (Bo3)
|rated|
|rule|Species Clause: Limit one of each Pok├®mon
|rule|Item Clause: Limit 1 of each item
|clearpoke
|poke|p1|Tyranitar, L50, M|
|poke|p1|Sinistcha-Masterpiece, L50|
|poke|p1|Farigiraf, L50, M|
|poke|p1|Sneasler, L50, F|
|poke|p1|Houndstone, L50, M|
|poke|p1|Gliscor, L50, M|
|poke|p2|Incineroar, L50, M, shiny|
|poke|p2|Sinistcha, L50, shiny|
|poke|p2|Floette-Eternal, L50, F|
|poke|p2|Delphox, L50, F, shiny|
|poke|p2|Sneasler, L50, M, shiny|
|poke|p2|Kingambit, L50, M, shiny|
|teampreview|4
|showteam|p1|Tyranitar||Tyranitarite|SandStream|Protect,DragonDance,Crunch,RockSlide|Adamant||M|||50|]Sinistcha-Masterpiece||OccaBerry|Hospitality|MatchaGotcha,RagePowder,LifeDew,Protect|Bold|||||50|]Farigiraf||SitrusBerry|ArmorTail|HelpingHand,TrickRoom,TwinBeam,Thunderbolt|Relaxed||M|||50|]Sneasler||WhiteHerb|Unburden|FakeOut,DireClaw,CloseCombat,ThroatChop|Adamant||F|||50|]Houndstone||ColburBerry|SandRush|Protect,LastRespects,ShadowSneak,BodyPress|Adamant||M|||50|]Gliscor||Leftovers|HyperCutter|Protect,HighHorsepower,IceFang,DualWingbeat|Jolly||M|||50|
|showteam|p2|Incineroar||SitrusBerry|Intimidate|FlareBlitz,DarkestLariat,PartingShot,FakeOut|Careful||M|||50|]Sinistcha||OccaBerry|Hospitality|MatchaGotcha,RagePowder,TrickRoom,Protect|Bold|||||50|]Floette-Eternal||Floettite|FlowerVeil|DazzlingGleam,DrainingKiss,CalmMind,Protect|Bold||F|||50|]Delphox||Delphoxite|Blaze|HeatWave,Psyshock,NastyPlot,Protect|Modest||F|||50|]Sneasler||FocusSash|PoisonTouch|CloseCombat,PoisonJab,Coaching,FakeOut|Jolly||M|||50|]Kingambit||BlackGlasses|Defiant|KowtowCleave,SuckerPunch,SwordsDance,Protect|Adamant||M|||50|
|inactive|Battle timer is ON: inactive players will automatically lose when time's up. (requested by escapadian)
|inactive|vglabmty also wants the timer to be on.
|inactive|escapadian has 60 seconds left.
|
|t:|1784658819
|teamsize|p1|4
|teamsize|p2|4
|start
|switch|p1a: Farigiraf|Farigiraf, L50, M|100/100
|switch|p1b: Sneasler|Sneasler, L50, F|100/100
|switch|p2a: Sinistcha|Sinistcha, L50, shiny|100/100
|switch|p2b: Kingambit|Kingambit, L50, M, shiny|100/100
|turn|1
|
|t:|1784658837
|switch|p1a: Gliscor|Gliscor, L50, M|100/100
|move|p2b: Kingambit|Protect|p2b: Kingambit
|-singleturn|p2b: Kingambit|Protect
|move|p1b: Sneasler|Fake Out|p2b: Kingambit
|-activate|p2b: Kingambit|move: Protect
|move|p2a: Sinistcha|Matcha Gotcha|p1b: Sneasler|[spread] p1a,p1b
|-crit|p1a: Gliscor
|-resisted|p1b: Sneasler|1
|-damage|p1a: Gliscor|48/100
|-damage|p1b: Sneasler|84/100
|-status|p1a: Gliscor|brn
|
|-heal|p1a: Gliscor|53/100 brn|[from] item: Leftovers
|-damage|p1a: Gliscor|48/100 brn|[from] brn
|upkeep
|turn|2
|c|Ōśåvglabmty|haxxxxxxxxxxxxxxxx
|
|t:|1784658859
|move|p2a: Sinistcha|Rage Powder|p2a: Sinistcha
|-singleturn|p2a: Sinistcha|move: Rage Powder
|move|p1b: Sneasler|Throat Chop|p2a: Sinistcha
|-supereffective|p2a: Sinistcha|1
|-damage|p2a: Sinistcha|48/100
|-start|p2a: Sinistcha|Throat Chop|[silent]
|move|p1a: Gliscor|Dual Wingbeat|p2a: Sinistcha
|-supereffective|p2a: Sinistcha|1
|-damage|p2a: Sinistcha|35/100
|-supereffective|p2a: Sinistcha|1
|-damage|p2a: Sinistcha|23/100
|-hitcount|p2a: Sinistcha|2
|move|p2b: Kingambit|Kowtow Cleave|p1a: Gliscor
|-damage|p1a: Gliscor|0 fnt
|faint|p1a: Gliscor
|
|upkeep
|
|t:|1784658873
|switch|p1a: Tyranitar|Tyranitar, L50, M|100/100
|-weather|Sandstorm|[from] ability: Sand Stream|[of] p1a: Tyranitar
|turn|3
|c|Ōśåescapadian|:[
|inactive|escapadian has 30 seconds left.
|
|t:|1784658900
|switch|p2b: Incineroar|Incineroar, L50, M, shiny|100/100
|-ability|p2b: Incineroar|Intimidate|boost
|-unboost|p1a: Tyranitar|atk|1
|-unboost|p1b: Sneasler|atk|1
|-enditem|p1b: Sneasler|White Herb
|-clearnegativeboost|p1b: Sneasler|[silent]
|move|p1b: Sneasler|Throat Chop|p2a: Sinistcha
|-supereffective|p2a: Sinistcha|1
|-damage|p2a: Sinistcha|0 fnt
|faint|p2a: Sinistcha
|move|p1a: Tyranitar|Dragon Dance|p1a: Tyranitar
|-boost|p1a: Tyranitar|atk|1
|-boost|p1a: Tyranitar|spe|1
|
|-weather|Sandstorm|[upkeep]
|-damage|p1b: Sneasler|78/100|[from] Sandstorm
|-damage|p2b: Incineroar|94/100|[from] Sandstorm
|upkeep
|c|Ōśåvglabmty|juega ya ni modo
|c|Ōśåescapadian|i don't speak ttar player sorry
|
|t:|1784658922
|switch|p2a: Delphox|Delphox, L50, F, shiny|100/100
|turn|4
|
|t:|1784658944
|switch|p1a: Farigiraf|Farigiraf, L50, M|100/100
|detailschange|p2a: Delphox|Delphox-Mega, L50, F, shiny
|-mega|p2a: Delphox|Delphox|Delphoxite
|move|p1b: Sneasler|Throat Chop|p2a: Delphox
|-supereffective|p2a: Delphox|1
|-damage|p2a: Delphox|35/100
|-start|p2a: Delphox|Throat Chop|[silent]
|move|p2a: Delphox|Psyshock|p1b: Sneasler
|-supereffective|p1b: Sneasler|2
|-crit|p1b: Sneasler
|-damage|p1b: Sneasler|0 fnt
|faint|p1b: Sneasler
|move|p2b: Incineroar|Parting Shot|p1a: Farigiraf
|-unboost|p1a: Farigiraf|atk|1
|-unboost|p1a: Farigiraf|spa|1
|
|t:|1784658956
|switch|p2b: Kingambit|Kingambit, L50, M, shiny|100/100|[from] Parting Shot
|
|-weather|Sandstorm|[upkeep]
|-damage|p2a: Delphox|29/100|[from] Sandstorm
|-damage|p1a: Farigiraf|93/100|[from] Sandstorm
|upkeep
|
|t:|1784658958
|switch|p1b: Tyranitar|Tyranitar, L50, M|100/100
|turn|5
|
|t:|1784658970
|switch|p2a: Incineroar|Incineroar, L50, M, shiny|94/100
|-ability|p2a: Incineroar|Intimidate|boost
|-unboost|p1a: Farigiraf|atk|1
|-unboost|p1b: Tyranitar|atk|1
|detailschange|p1b: Tyranitar|Tyranitar-Mega, L50, M
|-mega|p1b: Tyranitar|Tyranitar|Tyranitarite
|move|p1b: Tyranitar|Dragon Dance|p1b: Tyranitar
|-boost|p1b: Tyranitar|atk|1
|-boost|p1b: Tyranitar|spe|1
|move|p2b: Kingambit|Swords Dance|p2b: Kingambit
|-boost|p2b: Kingambit|atk|2
|move|p1a: Farigiraf|Thunderbolt|p2b: Kingambit
|-damage|p2b: Kingambit|84/100
|
|-weather|Sandstorm|[upkeep]
|-damage|p2a: Incineroar|88/100|[from] Sandstorm
|-damage|p1a: Farigiraf|87/100|[from] Sandstorm
|upkeep
|turn|6
|
|t:|1784658991
|move|p1a: Farigiraf|Helping Hand|p1b: Tyranitar
|-singleturn|p1b: Tyranitar|Helping Hand|[of] p1a: Farigiraf
|move|p1b: Tyranitar|Rock Slide|p2b: Kingambit|[spread] p2a,p2b
|-supereffective|p2a: Incineroar|1
|-resisted|p2b: Kingambit|1
|-damage|p2a: Incineroar|0 fnt
|-damage|p2b: Kingambit|64/100
|faint|p2a: Incineroar
|cant|p2b: Kingambit|flinch
|
|-weather|Sandstorm|[upkeep]
|-damage|p1a: Farigiraf|81/100|[from] Sandstorm
|upkeep
|
|t:|1784659001
|switch|p2a: Delphox|Delphox-Mega, L50, F, shiny|29/100
|turn|7
|c|Ōśåescapadian|hax
|c|Ōśåvglabmty|lo dice el jugador de incineroar
|c|Ōśåescapadian|i don't speak ttar player sorry
|inactive|escapadian has 30 seconds left.
|
|t:|1784659031
|move|p1a: Farigiraf|Helping Hand|p1b: Tyranitar
|-singleturn|p1b: Tyranitar|Helping Hand|[of] p1a: Farigiraf
|move|p1b: Tyranitar|Rock Slide|p2a: Delphox|[spread] p2a,p2b
|-supereffective|p2a: Delphox|1
|-resisted|p2b: Kingambit|1
|-damage|p2a: Delphox|0 fnt
|-damage|p2b: Kingambit|42/100
|faint|p2a: Delphox
|move|p2b: Kingambit|Kowtow Cleave|p1a: Farigiraf
|-supereffective|p1a: Farigiraf|1
|-crit|p1a: Farigiraf
|-damage|p1a: Farigiraf|0 fnt
|faint|p1a: Farigiraf
|
|-weather|none
|upkeep
|turn|8
|
|t:|1784659050
|move|p1b: Tyranitar|Crunch|p2b: Kingambit
|-resisted|p2b: Kingambit|1
|-damage|p2b: Kingambit|21/100
|move|p2b: Kingambit|Swords Dance|p2b: Kingambit
|-boost|p2b: Kingambit|atk|2
|
|upkeep
|turn|9
|
|t:|1784659059
|move|p2b: Kingambit|Sucker Punch|p1b: Tyranitar
|-resisted|p1b: Tyranitar|1
|-damage|p1b: Tyranitar|45/100
|move|p1b: Tyranitar|Rock Slide|p2b: Kingambit
|-resisted|p2b: Kingambit|1
|-damage|p2b: Kingambit|2/100
|
|upkeep
|turn|10
|
|t:|1784659067
|move|p2b: Kingambit|Sucker Punch|p1b: Tyranitar
|-resisted|p1b: Tyranitar|1
|-damage|p1b: Tyranitar|0 fnt
|faint|p1b: Tyranitar
|
|win|escapadian
|raw|vglabmty's rating: 1138 → 1121(-17 for losing)
|raw|escapadian's rating: 1250 → 1267(+17 for winning)
|c|Ōśåescapadian|ggs :)
|l|Ōśåvglabmty
|player|p1|
