|j|☆ShackWoods
|j|☆draco misses
|html|ShackWoodsdraco misses    
|uhtml|bestof|Game 3 of a best-of-3
|t:|1756584266
|gametype|doubles
|player|p1|ShackWoods|korrina|1296
|player|p2|draco misses|2|1132
|gen|9
|tier|[Gen 9] VGC 2025 Reg H (Bo3)
|rated|
|rule|Species Clause: Limit one of each Pokémon
|rule|Item Clause: Limit 1 of each item
|clearpoke
|poke|p1|Lilligant-Hisui, L50, F|
|poke|p1|Armarouge, L50, M|
|poke|p1|Indeedee-F, L50, F|
|poke|p1|Torkoal, L50, F|
|poke|p1|Ursaluna, L50, F|
|poke|p1|Hatterene, L50, F|
|poke|p2|Talonflame, L50, F|
|poke|p2|Ursaluna-Bloodmoon, L50, M|
|poke|p2|Dondozo, L50, M|
|poke|p2|Tatsugiri, L50, M|
|poke|p2|Sneasler, L50, F|
|poke|p2|Indeedee, L50, M|
|teampreview|4
|showteam|p1|Lilligant-Hisui||FocusSash|Chlorophyll|SolarBlade,CloseCombat,TripleAxel,AfterYou|||F|||50|,,,,,Ghost]Armarouge||PsychicSeed|FlashFire|ExpandingForce,ArmorCannon,WideGuard,TrickRoom|||M|||50|,,,,,Grass]Indeedee-F||RockyHelmet|PsychicSurge|AlluringVoice,HelpingHand,FollowMe,TrickRoom|||F|||50|,,,,,Grass]Torkoal||Charcoal|Drought|Eruption,WeatherBall,ClearSmog,Protect|||F|||50|,,,,,Fire]Ursaluna||FlameOrb|Guts|Facade,HeadlongRush,Substitute,Protect|||F|||50|,,,,,Ghost]Hatterene||LifeOrb|MagicBounce|ExpandingForce,DazzlingGleam,MysticalFire,TrickRoom|||F|||50|,,,,,Fire
|showteam|p2|Talonflame||CovertCloak|GaleWings|FlareBlitz,DualWingbeat,WillOWisp,Tailwind|||F|||50|,,,,,Fairy]Ursaluna-Bloodmoon||LifeOrb|MindsEye|BloodMoon,HyperVoice,EarthPower,Protect|||M|||50|,,,,,Normal]Dondozo||Leftovers|Unaware|WaveCrash,OrderUp,Substitute,Protect|||M|||50|,,,,,Steel]Tatsugiri||ChoiceScarf|Commander|DracoMeteor,DragonPulse,MuddyWater,IcyWind|||M|||50|,,,,,Stellar]Sneasler||PsychicSeed|Unburden|CloseCombat,DireClaw,ThroatChop,Protect|||F|||50|,,,,,Dark]Indeedee||FocusSash|PsychicSurge|ExpandingForce,HelpingHand,TrickRoom,Protect|||M|||50|,,,,,Psychic
|c|☆ShackWoods|gl hf
|
|t:|1756584279
|teamsize|p1|4
|teamsize|p2|4
|start
|switch|p1a: Armarouge|Armarouge, L50, M|100/100
|switch|p1b: Indeedee|Indeedee-F, L50, F|100/100
|switch|p2a: Talonflame|Talonflame, L50, F|100/100
|switch|p2b: Ursaluna|Ursaluna-Bloodmoon, L50, M|100/100
|-fieldstart|move: Psychic Terrain|[from] ability: Psychic Surge|[of] p1b: Indeedee
|-enditem|p1a: Armarouge|Psychic Seed
|-boost|p1a: Armarouge|spd|1|[from] item: Psychic Seed
|turn|1
|
|t:|1756584333
|-terastallize|p2b: Ursaluna|Normal
|move|p1b: Indeedee|Follow Me|p1b: Indeedee
|-singleturn|p1b: Indeedee|move: Follow Me
|move|p2a: Talonflame|Flare Blitz|p1b: Indeedee
|-damage|p1b: Indeedee|54/100
|-damage|p2a: Talonflame|84/100|[from] item: Rocky Helmet|[of] p1b: Indeedee
|-damage|p2a: Talonflame|67/100|[from] Recoil
|move|p2b: Ursaluna|Hyper Voice|p1b: Indeedee|[spread] p1a,p1b
|-damage|p1a: Armarouge|52/100
|-damage|p1b: Indeedee|0 fnt
|faint|p1b: Indeedee
|-damage|p2b: Ursaluna|91/100|[from] item: Life Orb
|move|p1a: Armarouge|Trick Room|p1a: Armarouge
|-fieldstart|move: Trick Room|[of] p1a: Armarouge
|
|upkeep
|
|t:|1756584348
|switch|p1b: Torkoal|Torkoal, L50, F|100/100
|-weather|SunnyDay|[from] ability: Drought|[of] p1b: Torkoal
|turn|2
|
|t:|1756584368
|move|p2b: Ursaluna|Protect|p2b: Ursaluna
|-singleturn|p2b: Ursaluna|Protect
|move|p1b: Torkoal|Eruption|p2b: Ursaluna|[spread] p2a
|-activate|p2b: Ursaluna|move: Protect
|-resisted|p2a: Talonflame
|-damage|p2a: Talonflame|0 fnt
|faint|p2a: Talonflame
|move|p1a: Armarouge|Expanding Force|p2b: Ursaluna
|-activate|p2b: Ursaluna|move: Protect
|
|-weather|SunnyDay|[upkeep]
|upkeep
|
|t:|1756584377
|switch|p2a: Dondozo|Dondozo, L50, M|100/100
|turn|3
|
|t:|1756584390
|switch|p2b: Tatsugiri|Tatsugiri, L50, M|100/100
|-activate|p2b: Tatsugiri|ability: Commander|[of] p2a: Dondozo
|-boost|p2a: Dondozo|atk|2
|-boost|p2a: Dondozo|spa|2
|-boost|p2a: Dondozo|spe|2
|-boost|p2a: Dondozo|def|2
|-boost|p2a: Dondozo|spd|2
|-terastallize|p1b: Torkoal|Fire
|move|p1b: Torkoal|Eruption|p2a: Dondozo|[spread] p2a
|-miss|p1b: Torkoal|p2b: Tatsugiri
|-resisted|p2a: Dondozo
|-damage|p2a: Dondozo|75/100
|move|p1a: Armarouge|Expanding Force|p2b: Tatsugiri|[spread] p2a
|-miss|p1a: Armarouge|p2b: Tatsugiri
|-damage|p2a: Dondozo|45/100
|move|p2a: Dondozo|Order Up|p1a: Armarouge
|-damage|p1a: Armarouge|13/100
|-boost|p2a: Dondozo|atk|1
|
|-weather|SunnyDay|[upkeep]
|-heal|p2a: Dondozo|51/100|[from] item: Leftovers
|upkeep
|turn|4
|
|t:|1756584412
|move|p2a: Dondozo|Protect|p2a: Dondozo
|-singleturn|p2a: Dondozo|Protect
|move|p1b: Torkoal|Clear Smog|p2a: Dondozo
|-activate|p2a: Dondozo|move: Protect
|move|p1a: Armarouge|Armor Cannon|p2a: Dondozo
|-activate|p2a: Dondozo|move: Protect
|
|-weather|SunnyDay|[upkeep]
|-heal|p2a: Dondozo|58/100|[from] item: Leftovers
|upkeep
|turn|5
|
|t:|1756584423
|move|p1b: Torkoal|Clear Smog|p2a: Dondozo
|-damage|p2a: Dondozo|51/100
|-clearboost|p2a: Dondozo
|move|p1a: Armarouge|Armor Cannon|p2a: Dondozo
|-resisted|p2a: Dondozo
|-damage|p2a: Dondozo|6/100
|-unboost|p1a: Armarouge|def|1
|-unboost|p1a: Armarouge|spd|1
|move|p2a: Dondozo|Order Up|p1a: Armarouge
|-damage|p1a: Armarouge|0 fnt
|faint|p1a: Armarouge
|-boost|p2a: Dondozo|atk|1
|
|-weather|SunnyDay|[upkeep]
|-heal|p2a: Dondozo|12/100|[from] item: Leftovers
|-fieldend|move: Trick Room
|-fieldend|move: Psychic Terrain
|upkeep
|
|t:|1756584438
|switch|p1a: Ursaluna|Ursaluna, L50, F|100/100
|turn|6
|
|t:|1756584457
|move|p2a: Dondozo|Protect|p2a: Dondozo
|-singleturn|p2a: Dondozo|Protect
|move|p1a: Ursaluna|Substitute|p1a: Ursaluna
|-start|p1a: Ursaluna|Substitute
|-damage|p1a: Ursaluna|76/100
|move|p1b: Torkoal|Weather Ball|p2a: Dondozo
|-activate|p2a: Dondozo|move: Protect
|
|-weather|none
|-heal|p2a: Dondozo|19/100|[from] item: Leftovers
|-status|p1a: Ursaluna|brn|[from] item: Flame Orb
|upkeep
|turn|7
|
|t:|1756584471
|move|p2a: Dondozo|Wave Crash|p1a: Ursaluna
|-supereffective|p1a: Ursaluna
|-end|p1a: Ursaluna|Substitute
|-damage|p2a: Dondozo|11/100|[from] Recoil|[of] p1a: Ursaluna
|move|p1a: Ursaluna|Facade|p2a: Dondozo
|-damage|p2a: Dondozo|0 fnt
|faint|p2a: Dondozo
|move|p1b: Torkoal|Eruption|p2b: Tatsugiri
|-resisted|p2b: Tatsugiri
|-damage|p2b: Tatsugiri|68/100
|
|-damage|p1a: Ursaluna|70/100 brn|[from] brn
|upkeep
|
|t:|1756584478
|switch|p2a: Ursaluna|Ursaluna-Bloodmoon, L50, M, tera:Normal|91/100
|turn|8
|
|t:|1756584489
|move|p1a: Ursaluna|Protect|p1a: Ursaluna
|-singleturn|p1a: Ursaluna|Protect
|move|p2b: Tatsugiri|Muddy Water|p1b: Torkoal|[spread] p1b
|-activate|p1a: Ursaluna|move: Protect
|-supereffective|p1b: Torkoal
|-damage|p1b: Torkoal|8/100
|-unboost|p1b: Torkoal|accuracy|1
|move|p2a: Ursaluna|Blood Moon|p1a: Ursaluna
|-activate|p1a: Ursaluna|move: Protect
|move|p1b: Torkoal|Eruption|p2a: Ursaluna|[spread] p2a,p2b
|-resisted|p2b: Tatsugiri
|-damage|p2a: Ursaluna|83/100
|-damage|p2b: Tatsugiri|66/100
|
|-damage|p1a: Ursaluna|64/100 brn|[from] brn
|upkeep
|turn|9
|
|t:|1756584513
|move|p2b: Tatsugiri|Muddy Water|p1b: Torkoal|[spread] p1a,p1b
|-supereffective|p1a: Ursaluna
|-supereffective|p1b: Torkoal
|-crit|p1b: Torkoal
|-damage|p1a: Ursaluna|10/100 brn
|-damage|p1b: Torkoal|0 fnt
|-unboost|p1a: Ursaluna|accuracy|1
|faint|p1b: Torkoal
|move|p2a: Ursaluna|Hyper Voice|p1a: Ursaluna
|-damage|p1a: Ursaluna|0 fnt
|faint|p1a: Ursaluna
|-damage|p2a: Ursaluna|74/100|[from] item: Life Orb
|
|win|draco misses
|raw|ShackWoods's rating: 1296 → 1260(-36 for losing)
|raw|draco misses's rating: 1132 → 1168(+36 for winning)
|c|☆ShackWoods|gg
|c|☆draco misses|GG
|l|☆draco misses
|player|p2|
|c|☆ShackWoods|needed more crits
