|j|☆Yazzlematazzle
|j|☆AbadanRiyi92
|html|YazzlematazzleAbadanRiyi92    
|uhtml|bestof|Game 2 of a best-of-3
|t:|1785118252
|gametype|doubles
|player|p1|Yazzlematazzle|169|1000
|player|p2|AbadanRiyi92|colress|1102
|gen|9
|tier|[Gen 9 Champions] VGC 2026 Reg M-B (Bo3)
|rated|
|rule|Species Clause: Limit one of each Pokémon
|rule|Item Clause: Limit 1 of each item
|clearpoke
|poke|p1|Pelipper, L50, F|
|poke|p1|Raichu, L50, F|
|poke|p1|Feraligatr, L50, M|
|poke|p1|Sneasler, L50, M|
|poke|p1|Volcarona, L50, F|
|poke|p1|Floette-Eternal, L50, F|
|poke|p2|Gengar, L50, M, shiny|
|poke|p2|Maushold-Four, L50|
|poke|p2|Annihilape, L50, F|
|poke|p2|Incineroar, L50, F|
|poke|p2|Politoed, L50, M, shiny|
|poke|p2|Archaludon, L50, F|
|teampreview|4
|showteam|p1|Pelipper||SitrusBerry|Drizzle|Tailwind,Hurricane,WeatherBall,WideGuard|Quiet||F|||50|]Raichu||RaichuniteY|LightningRod|ZapCannon,FakeOut,Protect,FocusBlast|Hasty||F|||50|]Feraligatr||LifeOrb|SheerForce|IcePunch,Liquidation,Protect,Crunch|Adamant||M|||50|]Sneasler||WhiteHerb|Unburden|FakeOut,CloseCombat,Protect,DireClaw|Adamant||M|||50|]Volcarona||Leftovers|FlameBody|GigaDrain,Protect,MysticalFire,FieryDance|Bold||F|||50|]Floette-Eternal||Floettite|FlowerVeil|LightofRuin,CalmMind,Protect,GigaDrain|Modest||F|||50|
|showteam|p2|Gengar||Gengarite|CursedBody|ShadowBall,Disable,PerishSong,Protect|Timid||M|||50|]Maushold-Four||FocusSash|FriendGuard|FollowMe,Encore,BeatUp,Protect|Jolly|||||50|]Annihilape||RoseliBerry|Defiant|RageFist,DrainPunch,BulkUp,Protect|Adamant||F|||50|]Incineroar||PasshoBerry|Intimidate|PartingShot,ThroatChop,Protect,FakeOut|Sassy||F|||50|]Politoed||SitrusBerry|Drizzle|WeatherBall,Encore,PerishSong,Protect|Calm||M|||50|]Archaludon||Leftovers|Stamina|DragonPulse,FlashCannon,ElectroShot,Protect|Bold||F|||50|
|inactive|Battle timer is ON: inactive players will automatically lose when time's up. (requested by AbadanRiyi92)
|
|t:|1785118286
|teamsize|p1|4
|teamsize|p2|4
|start
|switch|p1a: Feraligatr|Feraligatr, L50, M|100/100
|switch|p1b: Raichu|Raichu, L50, F|100/100
|switch|p2a: Gengar|Gengar, L50, M, shiny|100/100
|switch|p2b: Maushold|Maushold-Four, L50|100/100
|turn|1
|inactive|AbadanRiyi92 has 30 seconds left.
|
|t:|1785118316
|detailschange|p2a: Gengar|Gengar-Mega, L50, M, shiny
|-mega|p2a: Gengar|Gengar|Gengarite
|move|p2b: Maushold|Protect|p2b: Maushold
|-singleturn|p2b: Maushold|Protect
|move|p2a: Gengar|Protect|p2a: Gengar
|-singleturn|p2a: Gengar|Protect
|move|p1b: Raichu|Fake Out|p2b: Maushold
|-activate|p2b: Maushold|move: Protect
|move|p1a: Feraligatr|Crunch|p2a: Gengar
|-activate|p2a: Gengar|move: Protect
|
|upkeep
|turn|2
|
|t:|1785118339
|detailschange|p1b: Raichu|Raichu-Mega-Y, L50, F
|-mega|p1b: Raichu|Raichu|Raichunite Y
|move|p1b: Raichu|Focus Blast|p2b: Maushold
|-supereffective|p2b: Maushold|1
|-enditem|p2b: Maushold|Focus Sash
|-damage|p2b: Maushold|1/100
|move|p2b: Maushold|Encore|p1b: Raichu
|-start|p1b: Raichu|Encore
|move|p2a: Gengar|Disable|p1a: Feraligatr
|-start|p1a: Feraligatr|Disable|Crunch
|cant|p1a: Feraligatr|Disable|Crunch
|
|upkeep
|turn|3
|inactive|Yazzlematazzle has 30 seconds left.
|
|t:|1785118372
|move|p2b: Maushold|Protect|p2b: Maushold
|-singleturn|p2b: Maushold|Protect
|move|p1b: Raichu|Focus Blast|p2b: Maushold
|-activate|p2b: Maushold|move: Protect
|move|p2a: Gengar|Perish Song|p2a: Gengar
|-start|p1a: Feraligatr|perish3|[silent]
|-start|p1b: Raichu|perish3|[silent]
|-start|p2a: Gengar|perish3|[silent]
|-start|p2b: Maushold|perish3|[silent]
|-fieldactivate|move: Perish Song
|move|p1a: Feraligatr|Ice Punch|p2a: Gengar
|-damage|p2a: Gengar|60/100
|
|-start|p1b: Raichu|perish3
|-start|p2b: Maushold|perish3
|-start|p2a: Gengar|perish3
|-start|p1a: Feraligatr|perish3
|upkeep
|turn|4
|
|t:|1785118390
|switch|p2a: Archaludon|Archaludon, L50, F|100/100
|move|p1b: Raichu|Focus Blast|p2b: Maushold
|-supereffective|p2b: Maushold|1
|-damage|p2b: Maushold|0 fnt
|faint|p2b: Maushold
|move|p1a: Feraligatr|Liquidation|p2a: Archaludon
|-resisted|p2a: Archaludon|1
|-crit|p2a: Archaludon
|-damage|p2a: Archaludon|62/100
|-ability|p2a: Archaludon|Stamina|boost
|-boost|p2a: Archaludon|def|1
|
|-heal|p2a: Archaludon|68/100|[from] item: Leftovers
|-start|p1b: Raichu|perish2
|-start|p1a: Feraligatr|perish2
|upkeep
|
|t:|1785118404
|switch|p2b: Gengar|Gengar-Mega, L50, M, shiny|60/100
|turn|5
|
|t:|1785118413
|move|p2a: Archaludon|Protect|p2a: Archaludon
|-singleturn|p2a: Archaludon|Protect
|move|p1b: Raichu|Focus Blast|p2a: Archaludon
|-activate|p2a: Archaludon|move: Protect
|move|p2b: Gengar|Disable|p1b: Raichu
|-start|p1b: Raichu|Disable|Focus Blast
|move|p1a: Feraligatr|Liquidation|p2b: Gengar
|-damage|p2b: Gengar|0 fnt
|faint|p2b: Gengar
|
|-heal|p2a: Archaludon|74/100|[from] item: Leftovers
|-end|p1b: Raichu|Encore
|-end|p1a: Feraligatr|Disable
|-start|p1b: Raichu|perish1
|-start|p1a: Feraligatr|perish1
|upkeep
|
|t:|1785118429
|switch|p2b: Politoed|Politoed, L50, M, shiny|100/100
|-weather|RainDance|[from] ability: Drizzle|[of] p2b: Politoed
|turn|6
|inactive|Yazzlematazzle has 30 seconds left.
|inactive|AbadanRiyi92 has 30 seconds left.
|
|t:|1785118461
|move|p1b: Raichu|Zap Cannon|p2a: Archaludon
|-resisted|p2a: Archaludon|1
|-damage|p2a: Archaludon|39/100
|-status|p2a: Archaludon|par
|-ability|p2a: Archaludon|Stamina|boost
|-boost|p2a: Archaludon|def|1
|move|p1a: Feraligatr|Ice Punch|p2a: Archaludon
|-damage|p2a: Archaludon|24/100 par
|-ability|p2a: Archaludon|Stamina|boost
|-boost|p2a: Archaludon|def|1
|move|p2b: Politoed|Weather Ball|p1a: Feraligatr
|-resisted|p1a: Feraligatr|1
|-damage|p1a: Feraligatr|74/100
|move|p2a: Archaludon|Electro Shot||[still]
|-prepare|p2a: Archaludon|Electro Shot
|-boost|p2a: Archaludon|spa|1
|-anim|p2a: Archaludon|Electro Shot|p1b: Raichu
|-resisted|p1b: Raichu|1
|-damage|p1b: Raichu|54/100
|
|-weather|RainDance|[upkeep]
|-heal|p2a: Archaludon|30/100 par|[from] item: Leftovers
|-start|p1b: Raichu|perish0
|-start|p1a: Feraligatr|perish0
|upkeep
|faint|p1b: Raichu
|faint|p1a: Feraligatr
|
|t:|1785118469
|switch|p1b: Sneasler|Sneasler, L50, M|100/100
|switch|p1a: Pelipper|Pelipper, L50, F|100/100
|turn|7
|inactive|Yazzlematazzle has 30 seconds left.
|inactive|AbadanRiyi92 has 30 seconds left.
|
|t:|1785118500
|move|p2b: Politoed|Protect|p2b: Politoed
|-singleturn|p2b: Politoed|Protect
|move|p1b: Sneasler|Fake Out|p2a: Archaludon
|-resisted|p2a: Archaludon|1
|-damage|p2a: Archaludon|28/100 par
|-ability|p2a: Archaludon|Stamina|boost
|-boost|p2a: Archaludon|def|1
|move|p1a: Pelipper|Tailwind|p1a: Pelipper
|-sidestart|p1: Yazzlematazzle|move: Tailwind
|cant|p2a: Archaludon|flinch
|
|-weather|RainDance|[upkeep]
|-heal|p2a: Archaludon|34/100 par|[from] item: Leftovers
|upkeep
|turn|8
|
|t:|1785118515
|move|p2a: Archaludon|Protect|p2a: Archaludon
|-singleturn|p2a: Archaludon|Protect
|move|p1b: Sneasler|Close Combat|p2a: Archaludon
|-activate|p2a: Archaludon|move: Protect
|move|p1a: Pelipper|Weather Ball|p2a: Archaludon
|-activate|p2a: Archaludon|move: Protect
|move|p2b: Politoed|Perish Song|p2b: Politoed
|-start|p1a: Pelipper|perish3|[silent]
|-start|p1b: Sneasler|perish3|[silent]
|-start|p2a: Archaludon|perish3|[silent]
|-start|p2b: Politoed|perish3|[silent]
|-fieldactivate|move: Perish Song
|
|-weather|RainDance|[upkeep]
|-heal|p2a: Archaludon|40/100 par|[from] item: Leftovers
|-start|p1b: Sneasler|perish3
|-start|p1a: Pelipper|perish3
|-start|p2b: Politoed|perish3
|-start|p2a: Archaludon|perish3
|upkeep
|turn|9
|
|t:|1785118536
|move|p1b: Sneasler|Close Combat|p2a: Archaludon
|-supereffective|p2a: Archaludon|1
|-damage|p2a: Archaludon|12/100 par
|-unboost|p1b: Sneasler|def|1
|-unboost|p1b: Sneasler|spd|1
|-ability|p2a: Archaludon|Stamina|boost
|-boost|p2a: Archaludon|def|1
|-enditem|p1b: Sneasler|White Herb
|-clearnegativeboost|p1b: Sneasler|[silent]
|move|p1a: Pelipper|Weather Ball|p2a: Archaludon
|-resisted|p2a: Archaludon|1
|-damage|p2a: Archaludon|0 fnt
|faint|p2a: Archaludon
|move|p2b: Politoed|Weather Ball|p1b: Sneasler
|-damage|p1b: Sneasler|28/100
|
|-weather|RainDance|[upkeep]
|-start|p1b: Sneasler|perish2
|-start|p1a: Pelipper|perish2
|-start|p2b: Politoed|perish2
|upkeep
|turn|10
|inactive|Yazzlematazzle has 30 seconds left.
|
|t:|1785118566
|move|p2b: Politoed|Protect|p2b: Politoed
|-singleturn|p2b: Politoed|Protect
|move|p1b: Sneasler|Close Combat|p2b: Politoed
|-activate|p2b: Politoed|move: Protect
|move|p1a: Pelipper|Hurricane|p2b: Politoed
|-activate|p2b: Politoed|move: Protect
|
|-weather|none
|-start|p1b: Sneasler|perish1
|-start|p1a: Pelipper|perish1
|-start|p2b: Politoed|perish1
|-sideend|p1: Yazzlematazzle|move: Tailwind
|upkeep
|turn|11
|
|t:|1785118579
|move|p2b: Politoed|Protect||[still]
|-fail|p2b: Politoed
|move|p1b: Sneasler|Close Combat|p2b: Politoed
|-damage|p2b: Politoed|32/100
|-unboost|p1b: Sneasler|def|1
|-unboost|p1b: Sneasler|spd|1
|-enditem|p2b: Politoed|Sitrus Berry|[eat]
|-heal|p2b: Politoed|57/100|[from] item: Sitrus Berry
|move|p1a: Pelipper|Hurricane|p2b: Politoed
|-damage|p2b: Politoed|23/100
|
|-start|p1b: Sneasler|perish0
|-start|p2b: Politoed|perish0
|-start|p1a: Pelipper|perish0
|upkeep
|faint|p1b: Sneasler
|faint|p2b: Politoed
|faint|p1a: Pelipper
|
|win|Yazzlematazzle
|inactive|Yazzlematazzle has 30 seconds to confirm battle start!
|inactive|AbadanRiyi92 has 30 seconds to confirm battle start!
