|j|ŌśåKyleTampy
|j|Ōśåjowemama
|html|KyleTampyjowemama    
|uhtml|bestof|Game 1 of a best-of-3
|t:|1757256361
|gametype|doubles
|player|p1|KyleTampy|lucian|
|player|p2|jowemama|scientistf|
|gen|9
|tier|[Gen 9] VGC 2025 Reg H (Bo3)
|rule|Species Clause: Limit one of each Pok├®mon
|rule|Item Clause: Limit 1 of each item
|clearpoke
|poke|p1|Scizor, L50, F|
|poke|p1|Tyranitar, L50, M|
|poke|p1|Excadrill, L50, F|
|poke|p1|Ursaluna-Bloodmoon, L50, M|
|poke|p1|Gastrodon-East, L50, M|
|poke|p1|Klefki, L50, F|
|poke|p2|Pelipper, L50, F|
|poke|p2|Archaludon, L50, F|
|poke|p2|Dragonite, L50, F|
|poke|p2|Incineroar, L50, F|
|poke|p2|Ursaluna, L50, F|
|poke|p2|Sinistcha, L50|
|teampreview|4
|showteam|p1|Scizor||ClearAmulet|Technician|BulletPunch,Uturn,TeraBlast,QuickGuard|||F|||50|,,,,,Water]Tyranitar||SafetyGoggles|SandStream|HelpingHand,KnockOff,RockSlide,Protect|||M|||50|,,,,,Flying]Excadrill||LifeOrb|SandRush|Earthquake,IronHead,HighHorsepower,Protect|||F|||50|,,,,,Ghost]Ursaluna-Bloodmoon||AssaultVest|MindsEye|EarthPower,VacuumWave,BloodMoon,HyperVoice|||M|||50|,,,,,Normal]Gastrodon-East||Leftovers|StormDrain|IceBeam,EarthPower,Yawn,Protect|||M|||50|,,,,,Rock]Klefki||LaggingTail|Prankster|Sandstorm,Switcheroo,TrickRoom,MistyTerrain|||F|||50|,,,,,Dark
|showteam|p2|Pelipper||FocusSash|Drizzle|WeatherBall,Hurricane,Tailwind,Protect|||F|||50|,,,,,Ghost]Archaludon||AssaultVest|Stamina|FlashCannon,ElectroShot,BodyPress,Snarl|||F|||50|,,,,,Bug]Dragonite||LoadedDice|Multiscale|ScaleShot,Tailwind,Haze,Protect|||F|||50|,,,,,Fairy]Incineroar||SafetyGoggles|Intimidate|KnockOff,WillOWisp,PartingShot,FakeOut|||F|||50|,,,,,Grass]Ursaluna||FlameOrb|Guts|Facade,HeadlongRush,Earthquake,Protect|||F|||50|,,,,,Ghost]Sinistcha||SitrusBerry|Hospitality|MatchaGotcha,LifeDew,RagePowder,TrickRoom||||||50|,,,,,Dark
|inactive|Battle timer is ON: inactive players will automatically lose when time's up. (requested by jowemama)
|inactiveoff|Battle timer is now OFF.
|c|ŌśåKyleTampy|Tayo naman na kek
|c|Ōśåjowemama|wait lang natin sila
|c|ŌśåKyleTampy|Yep
|j| Oldcow
|j| SengarBlade
|c| SengarBlade|yown klefki
|inactive|Battle timer is ON: inactive players will automatically lose when time's up. (requested by jowemama)
|inactive|KyleTampy has 60 seconds left.
|inactive|KyleTampy has 30 seconds left.
|
|t:|1757256515
|teamsize|p1|4
|teamsize|p2|4
|start
|switch|p1a: Klefki|Klefki, L50, F|100/100
|switch|p1b: Ursaluna|Ursaluna-Bloodmoon, L50, M|100/100
|switch|p2a: Dragonite|Dragonite, L50, F|100/100
|switch|p2b: Archaludon|Archaludon, L50, F|100/100
|turn|1
|inactive|KyleTampy has 30 seconds left.
|inactive|jowemama has 30 seconds left.
|inactive|KyleTampy has 20 seconds left.
|inactive|jowemama has 20 seconds left.
|inactive|KyleTampy has 15 seconds left.
|inactive|jowemama has 15 seconds left.
|
|t:|1757256558
|switch|p2a: Incineroar|Incineroar, L50, F|100/100
|-ability|p2a: Incineroar|Intimidate|boost
|-unboost|p1a: Klefki|atk|1
|-unboost|p1b: Ursaluna|atk|1
|switch|p1b: Gastrodon|Gastrodon-East, L50, M|100/100
|-terastallize|p2b: Archaludon|Bug
|move|p1a: Klefki|Sandstorm|p1a: Klefki
|-weather|Sandstorm
|move|p2b: Archaludon|Body Press|p1b: Gastrodon
|-damage|p1b: Gastrodon|79/100
|
|-weather|Sandstorm|[upkeep]
|-damage|p2b: Archaludon|94/100|[from] Sandstorm
|-heal|p1b: Gastrodon|85/100|[from] item: Leftovers
|upkeep
|turn|2
|inactive|jowemama has 30 seconds left.
|
|t:|1757256591
|move|p1a: Klefki|Switcheroo|p2b: Archaludon
|-activate|p1a: Klefki|move: Trick|[of] p2b: Archaludon
|-item|p2b: Archaludon|Lagging Tail|[from] move: Switcheroo
|-item|p1a: Klefki|Assault Vest|[from] move: Switcheroo
|move|p2a: Incineroar|Knock Off|p1b: Gastrodon
|-damage|p1b: Gastrodon|52/100
|-enditem|p1b: Gastrodon|Leftovers|[from] move: Knock Off|[of] p2a: Incineroar
|move|p2b: Archaludon|Snarl|p1b: Gastrodon|[spread] p1a,p1b
|-resisted|p1a: Klefki
|-damage|p1a: Klefki|97/100
|-damage|p1b: Gastrodon|41/100
|-unboost|p1a: Klefki|spa|1
|-unboost|p1b: Gastrodon|spa|1
|move|p1b: Gastrodon|Yawn|p2b: Archaludon
|-start|p2b: Archaludon|move: Yawn|[of] p1b: Gastrodon
|
|-weather|Sandstorm|[upkeep]
|-damage|p2b: Archaludon|88/100|[from] Sandstorm
|upkeep
|turn|3
|c|ŌśåKyleTampy|Ah
|c|ŌśåKyleTampy|Roght
|inactive|KyleTampy has 30 seconds left.
|inactive|jowemama has 30 seconds left.
|c|ŌśåKyleTampy|HAHAHAHA
|c|ŌśåKyleTampy|F
|c|Ōśåjowemama|struggle na klefki haha
|c|ŌśåKyleTampy|Gg klefli
|inactive|KyleTampy has 20 seconds left.
|inactive|jowemama has 20 seconds left.
|inactive|KyleTampy has 15 seconds left.
|inactive|jowemama has 15 seconds left.
|inactive|KyleTampy has 10 seconds left.
|inactive|KyleTampy has 5 seconds left.
|
|t:|1757256646
|switch|p2b: Pelipper|Pelipper, L50, F|100/100
|-weather|RainDance|[from] ability: Drizzle|[of] p2b: Pelipper
|move|p2a: Incineroar|Parting Shot|p1b: Gastrodon
|-unboost|p1b: Gastrodon|atk|1
|-unboost|p1b: Gastrodon|spa|1
|
|t:|1757256653
|switch|p2a: Archaludon|Archaludon, L50, F, tera:Bug|88/100|[from] Parting Shot
|-activate|p1a: Klefki|move: Struggle
|move|p1a: Klefki|Struggle|p2b: Pelipper
|-damage|p2b: Pelipper|92/100
|-damage|p1a: Klefki|72/100|[from] recoil
|move|p1b: Gastrodon|Ice Beam|p2a: Archaludon
|-damage|p2a: Archaludon|74/100
|-ability|p2a: Archaludon|Stamina|boost
|-boost|p2a: Archaludon|def|1
|
|-weather|RainDance|[upkeep]
|upkeep
|turn|4
|inactive|KyleTampy has 30 seconds left.
|inactive|KyleTampy has 20 seconds left.
|inactive|KyleTampy has 15 seconds left.
|
|t:|1757256695
|move|p1b: Gastrodon|Protect|p1b: Gastrodon
|-singleturn|p1b: Gastrodon|Protect
|move|p2b: Pelipper|Hurricane|p1b: Gastrodon
|-activate|p1b: Gastrodon|move: Protect
|-activate|p1a: Klefki|move: Struggle
|move|p1a: Klefki|Struggle|p2a: Archaludon
|-damage|p2a: Archaludon|72/100
|-ability|p2a: Archaludon|Stamina|boost
|-boost|p2a: Archaludon|def|1
|-damage|p1a: Klefki|47/100|[from] recoil
|move|p2a: Archaludon|Electro Shot||[still]
|-prepare|p2a: Archaludon|Electro Shot
|-boost|p2a: Archaludon|spa|1
|-anim|p2a: Archaludon|Electro Shot|p1a: Klefki
|-damage|p1a: Klefki|13/100
|
|-weather|RainDance|[upkeep]
|upkeep
|turn|5
|
|t:|1757256716
|-terastallize|p1b: Gastrodon|Rock
|move|p2b: Pelipper|Hurricane|p1b: Gastrodon
|-resisted|p1b: Gastrodon
|-damage|p1b: Gastrodon|16/100
|-activate|p1a: Klefki|move: Struggle
|move|p1a: Klefki|Struggle|p2b: Pelipper
|-crit|p2b: Pelipper
|-damage|p2b: Pelipper|79/100
|-damage|p1a: Klefki|0 fnt|[from] recoil
|faint|p1a: Klefki
|move|p1b: Gastrodon|Yawn|p2a: Archaludon
|-start|p2a: Archaludon|move: Yawn|[of] p1b: Gastrodon
|move|p2a: Archaludon|Electro Shot||[still]
|-prepare|p2a: Archaludon|Electro Shot
|-boost|p2a: Archaludon|spa|1
|-anim|p2a: Archaludon|Electro Shot|p1b: Gastrodon
|-damage|p1b: Gastrodon|0 fnt
|faint|p1b: Gastrodon
|
|-weather|RainDance|[upkeep]
|upkeep
|
|t:|1757256722
|switch|p1a: Excadrill|Excadrill, L50, F|100/100
|switch|p1b: Ursaluna|Ursaluna-Bloodmoon, L50, M|100/100
|turn|6
|
|t:|1757256739
|switch|p2b: Incineroar|Incineroar, L50, F|100/100
|-ability|p2b: Incineroar|Intimidate|boost
|-unboost|p1a: Excadrill|atk|1
|-unboost|p1b: Ursaluna|atk|1
|move|p1a: Excadrill|Iron Head|p2b: Incineroar
|-resisted|p2b: Incineroar
|-damage|p2b: Incineroar|84/100
|-damage|p1a: Excadrill|91/100|[from] item: Life Orb
|move|p1b: Ursaluna|Blood Moon|p2a: Archaludon
|-damage|p2a: Archaludon|0 fnt
|faint|p2a: Archaludon
|
|-weather|RainDance|[upkeep]
|upkeep
|inactive|jowemama has 30 seconds left.
|
|t:|1757256767
|switch|p2a: Pelipper|Pelipper, L50, F|79/100
|turn|7
|
|t:|1757256792
|move|p1a: Excadrill|Protect|p1a: Excadrill
|-singleturn|p1a: Excadrill|Protect
|move|p2b: Incineroar|Fake Out|p1a: Excadrill
|-activate|p1a: Excadrill|move: Protect
|move|p2a: Pelipper|Weather Ball|p1b: Ursaluna
|-supereffective|p1b: Ursaluna
|-damage|p1b: Ursaluna|6/100
|move|p1b: Ursaluna|Hyper Voice|p2b: Incineroar|[spread] p2a,p2b
|-damage|p2a: Pelipper|9/100
|-damage|p2b: Incineroar|50/100
|
|-weather|none
|upkeep
|turn|8
|inactive|KyleTampy has 30 seconds left.
|inactive|KyleTampy has 20 seconds left.
|
|t:|1757256830
|move|p1b: Ursaluna|Vacuum Wave|p2b: Incineroar
|-supereffective|p2b: Incineroar
|-damage|p2b: Incineroar|19/100
|move|p1a: Excadrill|Iron Head|p2a: Pelipper
|-resisted|p2a: Pelipper
|-damage|p2a: Pelipper|0 fnt
|faint|p2a: Pelipper
|-damage|p1a: Excadrill|81/100|[from] item: Life Orb
|move|p2b: Incineroar|Will-O-Wisp|p1a: Excadrill
|-status|p1a: Excadrill|brn
|
|-damage|p1a: Excadrill|75/100 brn|[from] brn
|upkeep
|
|t:|1757256836
|switch|p2a: Dragonite|Dragonite, L50, F|100/100
|turn|9
|
|t:|1757256851
|move|p1a: Excadrill|High Horsepower|p2b: Incineroar
|-supereffective|p2b: Incineroar
|-damage|p2b: Incineroar|0 fnt
|faint|p2b: Incineroar
|-damage|p1a: Excadrill|65/100 brn|[from] item: Life Orb
|move|p2a: Dragonite|Scale Shot|p1b: Ursaluna
|-damage|p1b: Ursaluna|0 fnt
|faint|p1b: Ursaluna
|-hitcount|p1: Ursaluna|1
|-unboost|p2a: Dragonite|def|1
|-boost|p2a: Dragonite|spe|1
|
|-damage|p1a: Excadrill|59/100 brn|[from] brn
|upkeep
|turn|10
|
|t:|1757256869
|move|p2a: Dragonite|Scale Shot|p1a: Excadrill
|-resisted|p1a: Excadrill
|-damage|p1a: Excadrill|50/100 brn
|-resisted|p1a: Excadrill
|-damage|p1a: Excadrill|39/100 brn
|-resisted|p1a: Excadrill
|-damage|p1a: Excadrill|29/100 brn
|-resisted|p1a: Excadrill
|-damage|p1a: Excadrill|19/100 brn
|-resisted|p1a: Excadrill
|-damage|p1a: Excadrill|9/100 brn
|-hitcount|p1a: Excadrill|5
|-unboost|p2a: Dragonite|def|1
|-boost|p2a: Dragonite|spe|1
|move|p1a: Excadrill|Iron Head|p2a: Dragonite
|-damage|p2a: Dragonite|79/100
|-damage|p1a: Excadrill|0 fnt|[from] item: Life Orb
|faint|p1a: Excadrill
|
|win|jowemama
||jowemama is ready for game 2.
|c|ŌśåKyleTampy|Lmao
|inactive|KyleTampy has 30 seconds to confirm battle start!
||KyleTampy is ready for game 2.
|uhtml|next|Next: Game 2 of 3
|l| Oldcow
