|j|☆Quill86
|j|☆JusttestingforVGC
|html|Quill86JusttestingforVGC    
|uhtml|bestof|Game 3 of a best-of-3
|t:|1756950191
|gametype|doubles
|player|p1|Quill86|lucas|1224
|player|p2|JusttestingforVGC|steven|1225
|gen|9
|tier|[Gen 9] VGC 2025 Reg H (Bo3)
|rated|
|rule|Species Clause: Limit one of each Pokémon
|rule|Item Clause: Limit 1 of each item
|clearpoke
|poke|p1|Indeedee-F, L50, F|
|poke|p1|Gallade, L50, M|
|poke|p1|Torkoal, L50, F|
|poke|p1|Ursaluna, L50, M|
|poke|p1|Hatterene, L50, F|
|poke|p1|Smeargle, L50, M|
|poke|p2|Dondozo, L50, F|
|poke|p2|Tatsugiri, L50, M|
|poke|p2|Annihilape, L50, M|
|poke|p2|Morpeko, L50, M|
|poke|p2|Baxcalibur, L50, M|
|poke|p2|Ninetales-Alola, L50, F|
|teampreview|4
|showteam|p1|Indeedee-F||PsychicSeed|PsychicSurge|FollowMe,TrickRoom,HelpingHand,DazzlingGleam|||F|||50|,,,,,Fairy]Gallade||ClearAmulet|Sharpness|SacredSword,WideGuard,TrickRoom,PsychoCut|||M|||50|,,,,,Grass]Torkoal||ChoiceSpecs|Drought|Eruption,WeatherBall,EarthPower,HeatWave|||F|||50|,,,,,Fire]Ursaluna||FlameOrb|Guts|Protect,HeadlongRush,Facade,Earthquake|||M|||50|,,,,,Ghost]Hatterene||LifeOrb|MagicBounce|DazzlingGleam,ExpandingForce,MysticalFire,TrickRoom|||F|||50|,,,,,Fire]Smeargle||FocusSash|Moody|FakeOut,Spore,Instruct,FollowMe|||M|||50|,,,,,Ghost
|showteam|p2|Dondozo||Leftovers|Unaware|Protect,Substitute,OrderUp,WaveCrash|||F|||50|,,,,,Grass]Tatsugiri||ChoiceScarf|Commander|MuddyWater,IcyWind,DracoMeteor,Soak|||M|||50|,,,,,Fairy]Annihilape||SafetyGoggles|Defiant|Uturn,CloseCombat,FinalGambit,Coaching|||M|||50|,,,,,Fire]Morpeko||FocusSash|HungerSwitch|Protect,AuraWheel,FakeOut,BatonPass|||M|||50|,,,,,Electric]Baxcalibur||LoadedDice|ThermalExchange|Protect,SwordsDance,IcicleSpear,ScaleShot|||M|||50|,,,,,Fairy]Ninetales-Alola||LightClay|SnowWarning|AuroraVeil,Blizzard,FreezeDry,Moonblast|||F|||50|,,,,,Ghost
|inactive|Battle timer is ON: inactive players will automatically lose when time's up. (requested by JusttestingforVGC)
|
|t:|1756950198
|teamsize|p1|4
|teamsize|p2|4
|start
|switch|p1a: Gallade|Gallade, L50, M|100/100
|switch|p1b: Indeedee|Indeedee-F, L50, F|100/100
|switch|p2a: Annihilape|Annihilape, L50, M|100/100
|switch|p2b: Dondozo|Dondozo, L50, F|100/100
|-fieldstart|move: Psychic Terrain|[from] ability: Psychic Surge|[of] p1b: Indeedee
|-enditem|p1b: Indeedee|Psychic Seed
|-boost|p1b: Indeedee|spd|1|[from] item: Psychic Seed
|turn|1
|
|t:|1756950217
|move|p1b: Indeedee|Follow Me|p1b: Indeedee
|-singleturn|p1b: Indeedee|move: Follow Me
|move|p2a: Annihilape|Coaching|p2b: Dondozo
|-boost|p2b: Dondozo|atk|1
|-boost|p2b: Dondozo|def|1
|move|p2b: Dondozo|Wave Crash|p1b: Indeedee
|-damage|p1b: Indeedee|25/100
|-damage|p2b: Dondozo|82/100|[from] Recoil
|move|p1a: Gallade|Trick Room|p1a: Gallade
|-fieldstart|move: Trick Room|[of] p1a: Gallade
|
|-heal|p2b: Dondozo|88/100|[from] item: Leftovers
|upkeep
|turn|2
|
|t:|1756950239
|move|p1b: Indeedee|Follow Me|p1b: Indeedee
|-singleturn|p1b: Indeedee|move: Follow Me
|move|p1a: Gallade|Psycho Cut|p2a: Annihilape
|-supereffective|p2a: Annihilape
|-damage|p2a: Annihilape|0 fnt
|faint|p2a: Annihilape
|move|p2b: Dondozo|Wave Crash|p1b: Indeedee
|-damage|p1b: Indeedee|0 fnt
|faint|p1b: Indeedee
|-damage|p2b: Dondozo|82/100|[from] Recoil
|
|-heal|p2b: Dondozo|88/100|[from] item: Leftovers
|upkeep
|inactive|JusttestingforVGC has 30 seconds left.
|inactive|JusttestingforVGC has 20 seconds left.
|
|t:|1756950274
|switch|p1b: Hatterene|Hatterene, L50, F|100/100
|switch|p2a: Morpeko|Morpeko, L50, M|100/100
|turn|3
|
|t:|1756950290
|-terastallize|p1a: Gallade|Grass
|move|p2b: Dondozo|Protect|p2b: Dondozo
|-singleturn|p2b: Dondozo|Protect
|move|p2a: Morpeko|Protect|p2a: Morpeko
|-singleturn|p2a: Morpeko|Protect
|move|p1b: Hatterene|Dazzling Gleam|p2b: Dondozo|[spread] 
|-activate|p2a: Morpeko|move: Protect
|-activate|p2b: Dondozo|move: Protect
|move|p1a: Gallade|Sacred Sword|p2b: Dondozo
|-activate|p2b: Dondozo|move: Protect
|
|-heal|p2b: Dondozo|95/100|[from] item: Leftovers
|-formechange|p2a: Morpeko|Morpeko-Hangry||[from] ability: Hunger Switch
|upkeep
|turn|4
|
|t:|1756950303
|switch|p2a: Tatsugiri|Tatsugiri, L50, M|100/100
|-activate|p2a: Tatsugiri|ability: Commander|[of] p2b: Dondozo
|-boost|p2b: Dondozo|atk|2
|-boost|p2b: Dondozo|spa|2
|-boost|p2b: Dondozo|spe|2
|-boost|p2b: Dondozo|def|2
|-boost|p2b: Dondozo|spd|2
|move|p1b: Hatterene|Dazzling Gleam|p2b: Dondozo|[spread] p2b
|-miss|p1b: Hatterene|p2a: Tatsugiri
|-damage|p2b: Dondozo|73/100
|-damage|p1b: Hatterene|91/100|[from] item: Life Orb
|move|p1a: Gallade|Sacred Sword|p2b: Dondozo
|-damage|p2b: Dondozo|20/100
|move|p2b: Dondozo|Order Up|p1a: Gallade
|-damage|p1a: Gallade|26/100
|-boost|p2b: Dondozo|atk|1
|
|-heal|p2b: Dondozo|27/100|[from] item: Leftovers
|upkeep
|turn|5
|
|t:|1756950316
|move|p2b: Dondozo|Protect|p2b: Dondozo
|-singleturn|p2b: Dondozo|Protect
|move|p1b: Hatterene|Trick Room|p1b: Hatterene
|-fieldend|move: Trick Room
|move|p1a: Gallade|Trick Room|p1a: Gallade
|-fieldstart|move: Trick Room|[of] p1a: Gallade
|
|-heal|p2b: Dondozo|33/100|[from] item: Leftovers
|-fieldend|move: Psychic Terrain
|upkeep
|turn|6
|-message|JusttestingforVGC forfeited.
|
|win|Quill86
|raw|Quill86's rating: 1224 → 1249(+25 for winning)
|raw|JusttestingforVGC's rating: 1225 → 1200(-25 for losing)
|l|☆JusttestingforVGC
|player|p2|
