|j|☆OwlsGoHooot
|j|☆mynameischronos
|html|OwlsGoHoootmynameischronos    
|uhtml|bestof|Game 1 of a best-of-3
|t:|1784624081
|gametype|doubles
|player|p1|OwlsGoHooot|170|1091
|player|p2|mynameischronos|drayden|1116
|gen|9
|tier|[Gen 9 Champions] VGC 2026 Reg M-B (Bo3)
|rated|
|rule|Species Clause: Limit one of each Pokémon
|rule|Item Clause: Limit 1 of each item
|clearpoke
|poke|p1|Sneasler, L50, F|
|poke|p1|Sinistcha-Masterpiece, L50|
|poke|p1|Kingambit, L50, M|
|poke|p1|Incineroar, L50, M|
|poke|p1|Floette-Eternal, L50, F|
|poke|p1|Delphox, L50, F|
|poke|p2|Blaziken, L50, F|
|poke|p2|Aerodactyl, L50, M|
|poke|p2|Kingambit, L50, M|
|poke|p2|Farigiraf, L50, M|
|poke|p2|Sylveon, L50, F|
|poke|p2|Froslass, L50, F|
|teampreview|4
|showteam|p1|Sneasler||FocusSash|Unburden|CloseCombat,PoisonJab,FakeOut,QuickGuard|Jolly||F|||50|]Sinistcha-Masterpiece||OccaBerry|Hospitality|MatchaGotcha,RagePowder,TrickRoom,Protect|Relaxed|||||50|]Kingambit||BlackGlasses|Defiant|KowtowCleave,SuckerPunch,SwordsDance,Protect|Adamant||M|||50|]Incineroar||SitrusBerry|Intimidate|FlareBlitz,ThroatChop,FakeOut,PartingShot|Impish||M|||50|]Floette-Eternal||Floettite|FlowerVeil|Moonblast,DrainingKiss,CalmMind,Protect|Modest||F|||50|]Delphox||Delphoxite|Blaze|HeatWave,Psychic,NastyPlot,Protect|Timid||F|||50|
|showteam|p2|Blaziken||FocusSash|SpeedBoost|HeatWave,AuraSphere,Coaching,Protect|Timid||F|||50|]Aerodactyl||Aerodactylite|Unnerve|RockSlide,DualWingbeat,Tailwind,Protect|Adamant||M|||50|]Kingambit||LifeOrb|Defiant|KowtowCleave,SuckerPunch,SwordsDance,Protect|Adamant||M|||50|]Farigiraf||SitrusBerry|ArmorTail|TwinBeam,TrickRoom,HelpingHand,HyperVoice|Calm||M|||50|]Sylveon||FairyFeather|Pixilate|HyperVoice,HyperBeam,Yawn,Detect|Modest||F|||50|]Froslass||Froslassite|CursedBody|Blizzard,ShadowBall,AuroraVeil,Protect|Modest||F|||50|
|
|t:|1784624098
|teamsize|p1|4
|teamsize|p2|4
|start
|switch|p1a: Incineroar|Incineroar, L50, M|100/100
|switch|p1b: Delphox|Delphox, L50, F|100/100
|switch|p2a: Blaziken|Blaziken, L50, F|100/100
|switch|p2b: Aerodactyl|Aerodactyl, L50, M|100/100
|-ability|p2b: Aerodactyl|Unnerve
|-ability|p1a: Incineroar|Intimidate|boost
|-unboost|p2a: Blaziken|atk|1
|-unboost|p2b: Aerodactyl|atk|1
|turn|1
|
|t:|1784624135
|detailschange|p2b: Aerodactyl|Aerodactyl-Mega, L50, M
|-mega|p2b: Aerodactyl|Aerodactyl|Aerodactylite
|detailschange|p1b: Delphox|Delphox-Mega, L50, F
|-mega|p1b: Delphox|Delphox|Delphoxite
|move|p2a: Blaziken|Protect|p2a: Blaziken
|-singleturn|p2a: Blaziken|Protect
|move|p1a: Incineroar|Fake Out|p2a: Blaziken
|-activate|p2a: Blaziken|move: Protect
|move|p1b: Delphox|Psychic|p2b: Aerodactyl
|-damage|p2b: Aerodactyl|44/100
|move|p2b: Aerodactyl|Rock Slide|p1b: Delphox|[spread] p1a,p1b
|-supereffective|p1a: Incineroar|1
|-supereffective|p1b: Delphox|1
|-damage|p1a: Incineroar|69/100
|-damage|p1b: Delphox|46/100
|
|-ability|p2a: Blaziken|Speed Boost|boost
|-boost|p2a: Blaziken|spe|1
|upkeep
|turn|2
|
|t:|1784624169
|move|p2a: Blaziken|Aura Sphere|p1a: Incineroar
|-supereffective|p1a: Incineroar|1
|-damage|p1a: Incineroar|0 fnt
|faint|p1a: Incineroar
|move|p1b: Delphox|Psychic|p2a: Blaziken
|-supereffective|p2a: Blaziken|1
|-enditem|p2a: Blaziken|Focus Sash
|-damage|p2a: Blaziken|1/100
|move|p2b: Aerodactyl|Tailwind|p2b: Aerodactyl
|-sidestart|p2: mynameischronos|move: Tailwind
|
|-ability|p2a: Blaziken|Speed Boost|boost
|-boost|p2a: Blaziken|spe|1
|upkeep
|
|t:|1784624176
|switch|p1a: Sneasler|Sneasler, L50, F|100/100
|turn|3
|
|t:|1784624195
|move|p2b: Aerodactyl|Protect|p2b: Aerodactyl
|-singleturn|p2b: Aerodactyl|Protect
|move|p1a: Sneasler|Fake Out|p2b: Aerodactyl
|-activate|p2b: Aerodactyl|move: Protect
|move|p2a: Blaziken|Coaching|p2b: Aerodactyl
|-boost|p2b: Aerodactyl|atk|1
|-boost|p2b: Aerodactyl|def|1
|move|p1b: Delphox|Heat Wave|p2b: Aerodactyl|[spread] p2a
|-activate|p2b: Aerodactyl|move: Protect
|-resisted|p2a: Blaziken|1
|-damage|p2a: Blaziken|0 fnt
|faint|p2a: Blaziken
|
|upkeep
|
|t:|1784624201
|switch|p2a: Sylveon|Sylveon, L50, F|100/100
|turn|4
|
|t:|1784624214
|switch|p1a: Kingambit|Kingambit, L50, M|100/100
|move|p1b: Delphox|Protect|p1b: Delphox
|-singleturn|p1b: Delphox|Protect
|move|p2b: Aerodactyl|Dual Wingbeat|p1a: Kingambit
|-resisted|p1a: Kingambit|1
|-damage|p1a: Kingambit|89/100
|-resisted|p1a: Kingambit|1
|-damage|p1a: Kingambit|77/100
|-hitcount|p1a: Kingambit|2
|move|p2a: Sylveon|Hyper Beam|p1b: Delphox
|-activate|p1b: Delphox|move: Protect
|
|upkeep
|turn|5
|
|t:|1784624246
|switch|p2a: Farigiraf|Farigiraf, L50, M|100/100
|move|p1a: Kingambit|Sucker Punch||[still]
|cant|p2a: Farigiraf|ability: Armor Tail|Sucker Punch|[of] p1a: Kingambit
|move|p2b: Aerodactyl|Rock Slide|p1a: Kingambit|[spread] p1b
|-miss|p2b: Aerodactyl|p1a: Kingambit
|-supereffective|p1b: Delphox|1
|-damage|p1b: Delphox|0 fnt
|faint|p1b: Delphox
|
|-sideend|p2: mynameischronos|move: Tailwind
|upkeep
|
|t:|1784624249
|switch|p1b: Sneasler|Sneasler, L50, F|100/100
|turn|6
|
|t:|1784624276
|move|p2b: Aerodactyl|Dual Wingbeat|p1b: Sneasler|[miss]
|-miss|p2b: Aerodactyl|p1b: Sneasler
|move|p1b: Sneasler|Close Combat|p2b: Aerodactyl
|-damage|p2b: Aerodactyl|0 fnt
|-unboost|p1b: Sneasler|def|1
|-unboost|p1b: Sneasler|spd|1
|faint|p2b: Aerodactyl
|move|p2a: Farigiraf|Hyper Voice|p1b: Sneasler|[spread] p1a,p1b
|-resisted|p1a: Kingambit|1
|-damage|p1a: Kingambit|64/100
|-damage|p1b: Sneasler|50/100g
|move|p1a: Kingambit|Kowtow Cleave|p2a: Farigiraf
|-supereffective|p2a: Farigiraf|1
|-damage|p2a: Farigiraf|0 fnt
|faint|p2a: Farigiraf
|
|upkeep
|
|t:|1784624279
|switch|p2b: Sylveon|Sylveon, L50, F|100/100
|turn|7
|c|☆mynameischronos|Bad miss GG
|
|t:|1784624303
|move|p1b: Sneasler|Poison Jab|p2b: Sylveon
|-supereffective|p2b: Sylveon|1
|-damage|p2b: Sylveon|6/100
|move|p2b: Sylveon|Hyper Voice|p1a: Kingambit|[spread] p1a,p1b
|-damage|p1a: Kingambit|16/100
|-damage|p1b: Sneasler|0 fnt
|faint|p1b: Sneasler
|move|p1a: Kingambit|Kowtow Cleave|p2b: Sylveon
|-resisted|p2b: Sylveon|1
|-damage|p2b: Sylveon|0 fnt
|faint|p2b: Sylveon
|
|win|OwlsGoHooot
|inactive|OwlsGoHooot has 30 seconds to confirm battle start!
|inactive|mynameischronos has 30 seconds to confirm battle start!
||OwlsGoHooot is ready for game 2.
||mynameischronos is ready for game 2.
|uhtml|next|Next: Game 2 of 3
|l|☆mynameischronos
|player|p2|
