|j|â˜†Sven
|j|â˜†xmarsh
|html|Svenxmarsh    
|uhtml|bestof|Game 1 of a best-of-3
|t:|1783866516
|gametype|doubles
|player|p1|Sven|#smogonxnpa2024winner|
|player|p2|xmarsh|blue-gen3two|
|gen|9
|tier|[Gen 9 Champions] VGC 2026 Reg M-B (Bo3)
|rule|Species Clause: Limit one of each PokÃ©mon
|rule|Item Clause: Limit 1 of each item
|clearpoke
|poke|p1|Garchomp, L50, M|
|poke|p1|Venusaur, L50, M|
|poke|p1|Incineroar, L50, F|
|poke|p1|Charizard, L50, F|
|poke|p1|Toxapex, L50, M|
|poke|p1|Annihilape, L50, M|
|poke|p2|Sinistcha, L50|
|poke|p2|Blastoise, L50, F|
|poke|p2|Delphox, L50, M|
|poke|p2|Incineroar, L50, M|
|poke|p2|Kingambit, L50, M, shiny|
|poke|p2|Sneasler, L50, M|
|teampreview|4
|showteam|p1|Garchomp||ChoiceScarf|RoughSkin|Earthquake,RockSlide,DragonClaw,StompingTantrum|Adamant||M|||50|]Venusaur||LifeOrb|Chlorophyll|SludgeBomb,SolarBeam,EarthPower,Protect|Modest||M|||50|]Incineroar||SitrusBerry|Intimidate|FlareBlitz,FakeOut,ThroatChop,PartingShot|Impish||F|||50|]Charizard||CharizarditeY|Blaze|HeatWave,WeatherBall,HelpingHand,Protect|Modest||F|||50|]Toxapex||Leftovers|Regenerator|Infestation,Toxic,WideGuard,BanefulBunker|Impish||M|||50|]Annihilape||FocusSash|Defiant|CloseCombat,PhantomForce,RockTomb,Protect|Jolly||M|||50|
|showteam|p2|Sinistcha||KasibBerry|Hospitality|MatchaGotcha,RagePowder,TrickRoom,Protect|Bold|||||50|]Blastoise||Blastoisinite|RainDish|WaterSpout,DarkPulse,ShellSmash,Protect|Modest||F|||50|]Delphox||Delphoxite|Blaze|HeatWave,Psyshock,NastyPlot,Protect|Timid||M|||50|]Incineroar||SitrusBerry|Intimidate|FlareBlitz,ThroatChop,PartingShot,FakeOut|Careful||M|||50|]Kingambit||BlackGlasses|Defiant|KowtowCleave,SuckerPunch,SwordsDance,Protect|Adamant||M|||50|]Sneasler||FocusSash|PoisonTouch|CloseCombat,PoisonJab,QuickGuard,FakeOut|Jolly||M|||50|
|inactive|Battle timer is ON: inactive players will automatically lose when time's up. (requested by Sven)
|inactiveoff|Battle timer is now OFF.
|c|â˜†Sven|gl hf
|j| Kiogrus24
|j| Code
|j| Terekusai
|j| LogIce
|j| MADARAAAA
|l| Code
|j| kcric
|j| Herv The One
|j| MyPokemonRBad12
|j|+zoe
|j| Code
|l| Code
|c|â˜†xmarsh|glhf
|inactive|Battle timer is ON: inactive players will automatically lose when time's up. (requested by Sven)
|
|t:|1783866644
|teamsize|p1|4
|teamsize|p2|4
|start
|switch|p1a: Garchomp|Garchomp, L50, M|100/100
|switch|p1b: Annihilape|Annihilape, L50, M|100/100
|switch|p2a: Sneasler|Sneasler, L50, M|100/100
|switch|p2b: Delphox|Delphox, L50, M|100/100
|turn|1
|j| Code
|inactive|xmarsh has 30 seconds left.
|inactive|xmarsh has 20 seconds left.
|inactive|xmarsh has 15 seconds left.
|l| Code
|inactive|xmarsh has 10 seconds left.
|
|t:|1783866694
|detailschange|p2b: Delphox|Delphox-Mega, L50, M
|-mega|p2b: Delphox|Delphox|Delphoxite
|move|p1b: Annihilape|Protect|p1b: Annihilape
|-singleturn|p1b: Annihilape|Protect
|move|p2a: Sneasler|Fake Out|p1a: Garchomp
|-damage|p1a: Garchomp|87/100
|-damage|p2a: Sneasler|87/100|[from] ability: Rough Skin|[of] p1a: Garchomp
|cant|p1a: Garchomp|flinch
|move|p2b: Delphox|Heat Wave|p1a: Garchomp|[spread] p1a
|-activate|p1b: Annihilape|move: Protect
|-resisted|p1a: Garchomp|1
|-damage|p1a: Garchomp|67/100
|
|upkeep
|turn|2
|j| Code
|inactive|xmarsh has 30 seconds left.
|inactive|xmarsh has 20 seconds left.
|j| StarCalyrex
|inactive|xmarsh has 15 seconds left.
|inactive|xmarsh has 10 seconds left.
|
|t:|1783866740
|switch|p2a: Sinistcha|Sinistcha, L50|100/100
|move|p2b: Delphox|Protect|p2b: Delphox
|-singleturn|p2b: Delphox|Protect
|move|p1a: Garchomp|Rock Slide|p2b: Delphox|[spread] p2a
|-activate|p2b: Delphox|move: Protect
|-damage|p2a: Sinistcha|83/100
|move|p1b: Annihilape|Rock Tomb|p2b: Delphox
|-activate|p2b: Delphox|move: Protect
|
|upkeep
|turn|3
|inactive|xmarsh has 30 seconds left.
|l| Code
|inactive|xmarsh has 20 seconds left.
|
|t:|1783866784
|switch|p2b: Sneasler|Sneasler, L50, M|87/100
|move|p1a: Garchomp|Rock Slide|p2b: Sneasler|[spread] p2a,p2b
|-resisted|p2b: Sneasler|1
|-damage|p2a: Sinistcha|66/100
|-damage|p2b: Sneasler|70/100
|move|p1b: Annihilape|Phantom Force||[still]
|-prepare|p1b: Annihilape|Phantom Force
|move|p2a: Sinistcha|Matcha Gotcha|p1b: Annihilape|[spread] p1a
|-miss|p2a: Sinistcha|p1b: Annihilape
|-damage|p1a: Garchomp|40/100
|-heal|p2a: Sinistcha|81/100|[from] drain|[of] p1a: Garchomp
|-status|p1a: Garchomp|brn
|
|-damage|p1a: Garchomp|34/100 brn|[from] brn
|upkeep
|turn|4
|inactive|xmarsh has 30 seconds left.
|j| Code
|inactive|xmarsh has 20 seconds left.
|inactive|xmarsh has 15 seconds left.
|
|t:|1783866825
|switch|p1a: Charizard|Charizard, L50, F|100/100
|switch|p2b: Incineroar|Incineroar, L50, M|100/100
|-ability|p2b: Incineroar|Intimidate|boost
|-unboost|p1a: Charizard|atk|1
|-unboost|p1b: Annihilape|atk|1
|-ability|p1b: Annihilape|Defiant|boost
|-boost|p1b: Annihilape|atk|2
|move|p1b: Annihilape|Phantom Force|p2b: Incineroar|[from] lockedmove
|-resisted|p2b: Incineroar|1
|-damage|p2b: Incineroar|68/100
|move|p2a: Sinistcha|Matcha Gotcha|p1b: Annihilape|[spread] p1a,p1b
|-resisted|p1a: Charizard|2
|-damage|p1a: Charizard|93/100
|-heal|p2a: Sinistcha|84/100|[from] drain|[of] p1a: Charizard
|-damage|p1b: Annihilape|74/100
|-heal|p2a: Sinistcha|98/100|[from] drain|[of] p1b: Annihilape
|
|upkeep
|turn|5
|l| Code
|inactive|xmarsh has 30 seconds left.
|j|+Actuarily
|l|+Actuarily
|j| Code
|inactive|xmarsh has 20 seconds left.
|inactive|xmarsh has 15 seconds left.
|inactive|xmarsh has 10 seconds left.
|inactive|xmarsh has 5 seconds left.
|
|t:|1783866876
|switch|p2b: Sneasler|Sneasler, L50, M|70/100
|detailschange|p1a: Charizard|Charizard-Mega-Y, L50, F
|-mega|p1a: Charizard|Charizard|Charizardite Y
|-weather|SunnyDay|[from] ability: Drought|[of] p1a: Charizard
|move|p2a: Sinistcha|Protect|p2a: Sinistcha
|-singleturn|p2a: Sinistcha|Protect
|move|p1b: Annihilape|Close Combat|p2b: Sneasler
|-resisted|p2b: Sneasler|1
|-damage|p2b: Sneasler|0 fnt
|-unboost|p1b: Annihilape|def|1
|-unboost|p1b: Annihilape|spd|1
|faint|p2b: Sneasler
|move|p1a: Charizard|Weather Ball|p2a: Sinistcha
|-activate|p2a: Sinistcha|move: Protect
|
|-weather|SunnyDay|[upkeep]
|upkeep
|j| thacrow
|
|t:|1783866895
|switch|p2b: Delphox|Delphox-Mega, L50, M|100/100
|turn|6
|
|t:|1783866905
|switch|p2a: Incineroar|Incineroar, L50, M|68/100
|-ability|p2a: Incineroar|Intimidate|boost
|-unboost|p1a: Charizard|atk|1
|-unboost|p1b: Annihilape|atk|1
|-ability|p1b: Annihilape|Defiant|boost
|-boost|p1b: Annihilape|atk|2
|move|p2b: Delphox|Heat Wave|p1a: Charizard|[spread] p1a,p1b
|-resisted|p1a: Charizard|1
|-damage|p1a: Charizard|69/100
|-damage|p1b: Annihilape|0 fnt
|faint|p1b: Annihilape
|move|p1a: Charizard|Heat Wave|p2a: Incineroar|[spread] p2a,p2b
|-resisted|p2a: Incineroar|1
|-resisted|p2b: Delphox|1
|-damage|p2a: Incineroar|41/100
|-damage|p2b: Delphox|72/100
|-enditem|p2a: Incineroar|Sitrus Berry|[eat]
|-heal|p2a: Incineroar|66/100|[from] item: Sitrus Berry
|
|-weather|SunnyDay|[upkeep]
|upkeep
|
|t:|1783866914
|switch|p1b: Incineroar|Incineroar, L50, F|100/100
|-ability|p1b: Incineroar|Intimidate|boost
|-unboost|p2a: Incineroar|atk|1
|-unboost|p2b: Delphox|atk|1
|turn|7
|
|t:|1783866926
|move|p2a: Incineroar|Fake Out|p1b: Incineroar
|-damage|p1b: Incineroar|94/100
|cant|p1b: Incineroar|flinch
|move|p2b: Delphox|Nasty Plot|p2b: Delphox
|-boost|p2b: Delphox|spa|2
|move|p1a: Charizard|Heat Wave|p2a: Incineroar|[spread] p2a,p2b
|-resisted|p2a: Incineroar|1
|-resisted|p2b: Delphox|1
|-damage|p2a: Incineroar|41/100
|-damage|p2b: Delphox|45/100
|
|-weather|SunnyDay|[upkeep]
|upkeep
|turn|8
|inactive|xmarsh has 30 seconds left.
|l| thacrow
|j| IcyPenguin604
|inactive|Sven has 30 seconds left.
|inactive|xmarsh has 20 seconds left.
|j| thacrow
|j|+Actuarily
|inactive|Sven has 20 seconds left.
|inactive|xmarsh has 15 seconds left.
|j| val16
|inactive|Sven has 15 seconds left.
|
|t:|1783866974
|switch|p2a: Sinistcha|Sinistcha, L50|98/100
|-heal|p2b: Delphox|70/100|[from] ability: Hospitality|[of] p2a: Sinistcha
|move|p2b: Delphox|Protect|p2b: Delphox
|-singleturn|p2b: Delphox|Protect
|move|p1a: Charizard|Weather Ball|p2a: Sinistcha
|-supereffective|p2a: Sinistcha|1
|-damage|p2a: Sinistcha|0 fnt
|faint|p2a: Sinistcha
|move|p1b: Incineroar|Throat Chop|p2b: Delphox
|-activate|p2b: Delphox|move: Protect
|
|-weather|SunnyDay|[upkeep]
|upkeep
|
|t:|1783866983
|switch|p2a: Incineroar|Incineroar, L50, M|41/100
|-ability|p2a: Incineroar|Intimidate|boost
|-unboost|p1a: Charizard|atk|1
|-unboost|p1b: Incineroar|atk|1
|turn|9
|l| Code
|j| Code
|l| IcyPenguin604
|inactive|Sven has 30 seconds left.
|inactive|Sven has 20 seconds left.
|inactive|xmarsh has 30 seconds left.
|l| thacrow
|inactive|xmarsh has 20 seconds left.
|inactive|xmarsh has 15 seconds left.
|j| thacrow
|inactive|xmarsh has 10 seconds left.
|
|t:|1783867040
|move|p2a: Incineroar|Fake Out|p1b: Incineroar
|-damage|p1b: Incineroar|86/100
|move|p2b: Delphox|Nasty Plot|p2b: Delphox
|-boost|p2b: Delphox|spa|2
|move|p1a: Charizard|Weather Ball|p2b: Delphox
|-resisted|p2b: Delphox|1
|-damage|p2b: Delphox|33/100
|cant|p1b: Incineroar|flinch
|
|-weather|none
|upkeep
|turn|10
|l| thacrow
|j| thacrow
|inactive|xmarsh has 30 seconds left.
|j| EV15
|
|t:|1783867076
|move|p2b: Delphox|Protect|p2b: Delphox
|-singleturn|p2b: Delphox|Protect
|move|p1a: Charizard|Heat Wave|p2a: Incineroar|[spread] p2a
|-activate|p2b: Delphox|move: Protect
|-resisted|p2a: Incineroar|1
|-damage|p2a: Incineroar|26/100
|move|p2a: Incineroar|Throat Chop|p1b: Incineroar
|-resisted|p1b: Incineroar|1
|-damage|p1b: Incineroar|74/100
|-start|p1b: Incineroar|Throat Chop|[silent]
|move|p1b: Incineroar|Throat Chop|p2b: Delphox
|-activate|p2b: Delphox|move: Protect
|
|upkeep
|turn|11
|l| thacrow
|inactive|xmarsh has 30 seconds left.
|
|t:|1783867101
|move|p2b: Delphox|Heat Wave|p1b: Incineroar|[spread] p1a
|-miss|p2b: Delphox|p1b: Incineroar
|-resisted|p1a: Charizard|1
|-damage|p1a: Charizard|19/100
|move|p1a: Charizard|Heat Wave|p2b: Delphox|[spread] p2b
|-miss|p1a: Charizard|p2a: Incineroar
|-resisted|p2b: Delphox|1
|-damage|p2b: Delphox|16/100
|move|p2a: Incineroar|Flare Blitz|p1b: Incineroar
|-resisted|p1b: Incineroar|1
|-damage|p1b: Incineroar|56/100
|-damage|p2a: Incineroar|20/100y|[from] Recoil
|move|p1b: Incineroar|Throat Chop|p2b: Delphox
|-supereffective|p2b: Delphox|1
|-damage|p2b: Delphox|0 fnt
|faint|p2b: Delphox
|
|-end|p1b: Incineroar|Throat Chop|[silent]
|upkeep
|turn|12
|inactive|xmarsh has 30 seconds left.
|j| IcyPenguin604
|-message|xmarsh forfeited.
|
|win|Sven
|l| Code
||Sven is ready for game 2.
|l|+Actuarily
||xmarsh is ready for game 2.
|uhtml|next|Next: Game 2 of 3
|l| kcric
|l| EV15
|l| IcyPenguin604
|j| thacrow
|j| Code
|l| Code
|j| Code
|j|+Idyll
|l| thacrow
|l| val16
|j| thacrow
|l|â˜†xmarsh
|player|p2|
|l| StarCalyrex
|l| thacrow
|l| Terekusai
|j|â˜†xmarsh
|player|p2|xmarsh|blue-gen3two|
|j| Jamstiffer
|l| LogIce
|j| LogIce
