|j|☆myshirtisdirty
|j|☆Vegs Bunny
|html|myshirtisdirtyVegs Bunny    
|uhtml|bestof|Game 2 of a best-of-3
|t:|1756523384
|gametype|doubles
|player|p1|myshirtisdirty|2|1075
|player|p2|Vegs Bunny|266|1170
|gen|9
|tier|[Gen 9] VGC 2025 Reg H (Bo3)
|rated|
|rule|Species Clause: Limit one of each Pokémon
|rule|Item Clause: Limit 1 of each item
|clearpoke
|poke|p1|Tyranitar, L50, M|
|poke|p1|Excadrill, L50, M|
|poke|p1|Sinistcha, L50|
|poke|p1|Dragonite, L50, F|
|poke|p1|Primarina, L50, M|
|poke|p1|Volcarona, L50, F|
|poke|p2|Sneasler, L50, F|
|poke|p2|Amoonguss, L50, M|
|poke|p2|Gholdengo, L50|
|poke|p2|Incineroar, L50, F|
|poke|p2|Dragonite, L50, M|
|poke|p2|Ursaluna-Bloodmoon, L50, M|
|teampreview|4
|showteam|p1|Tyranitar||AssaultVest|SandStream|RockSlide,KnockOff,TeraBlast,LowKick|||M|||50|,,,,,Flying]Excadrill||ClearAmulet|SandRush|Earthquake,IronHead,HighHorsepower,Protect|||M|||50|,,,,,Ghost]Sinistcha||RockyHelmet|Hospitality|MatchaGotcha,LifeDew,TrickRoom,RagePowder||||||50|,,,,,Dark]Dragonite||ChoiceBand|InnerFocus|Outrage,ExtremeSpeed,IceSpinner,AerialAce|||F|||50|,,,,,Normal]Primarina||ThroatSpray|LiquidVoice|Moonblast,HyperVoice,Haze,Protect|||M|||50|,,,,,Grass]Volcarona||Leftovers|FlameBody|FieryDance,GigaDrain,QuiverDance,Protect|||F|||50|,,,,,Dragon
|showteam|p2|Sneasler||FocusSash|Unburden|DireClaw,CloseCombat,Protect,ThroatChop|||F|||50|,,,,,Stellar]Amoonguss||SitrusBerry|Regenerator|RagePowder,Spore,PollenPuff,Protect|||M|||50|,,,,,Water]Gholdengo||LifeOrb|GoodasGold|MakeItRain,ShadowBall,Protect,NastyPlot||||||50|,,,,,Water]Incineroar||SafetyGoggles|Intimidate|FlareBlitz,PartingShot,FakeOut,KnockOff|||F|||50|,,,,,Ghost]Dragonite||LoadedDice|Multiscale|ScaleShot,Tailwind,Protect,Haze|||M|||50|,,,,,Fairy]Ursaluna-Bloodmoon||AssaultVest|MindsEye|BloodMoon,VacuumWave,HyperVoice,EarthPower|||M|||50|,,,,,Water
|
|t:|1756523464
|teamsize|p1|4
|teamsize|p2|4
|start
|switch|p1a: Sinistcha|Sinistcha, L50|100/100
|switch|p1b: Primarina|Primarina, L50, M|100/100
|switch|p2a: Dragonite|Dragonite, L50, M|100/100
|switch|p2b: Ursaluna|Ursaluna-Bloodmoon, L50, M|100/100
|turn|1
|
|t:|1756523519
|-terastallize|p2b: Ursaluna|Water
|move|p2a: Dragonite|Tailwind|p2a: Dragonite
|-sidestart|p2: Vegs Bunny|move: Tailwind
|move|p2b: Ursaluna|Blood Moon|p1a: Sinistcha
|-damage|p1a: Sinistcha|35/100
|move|p1b: Primarina|Hyper Voice|p2b: Ursaluna|[spread] p2a,p2b
|-resisted|p2a: Dragonite
|-resisted|p2b: Ursaluna
|-damage|p2a: Dragonite|92/100
|-damage|p2b: Ursaluna|89/100
|-enditem|p1b: Primarina|Throat Spray
|-boost|p1b: Primarina|spa|1|[from] item: Throat Spray
|move|p1a: Sinistcha|Matcha Gotcha|p2a: Dragonite|[spread] p2a,p2b
|-resisted|p2a: Dragonite
|-supereffective|p2b: Ursaluna
|-damage|p2a: Dragonite|86/100
|-heal|p1a: Sinistcha|38/100|[from] drain|[of] p2a: Dragonite
|-damage|p2b: Ursaluna|54/100
|-heal|p1a: Sinistcha|58/100|[from] drain|[of] p2b: Ursaluna
|-status|p2a: Dragonite|brn
|
|-damage|p2a: Dragonite|80/100 brn|[from] brn
|upkeep
|turn|2
|
|t:|1756523551
|move|p1b: Primarina|Protect|p1b: Primarina
|-singleturn|p1b: Primarina|Protect
|move|p2a: Dragonite|Scale Shot|p1a: Sinistcha
|-damage|p1a: Sinistcha|51/100
|-damage|p1a: Sinistcha|44/100
|-damage|p1a: Sinistcha|37/100
|-damage|p1a: Sinistcha|30/100
|-damage|p1a: Sinistcha|23/100
|-hitcount|p1a: Sinistcha|5
|-unboost|p2a: Dragonite|def|1
|-boost|p2a: Dragonite|spe|1
|move|p2b: Ursaluna|Hyper Voice|p1a: Sinistcha|[spread] p1a
|-activate|p1b: Primarina|move: Protect
|-damage|p1a: Sinistcha|0 fnt
|faint|p1a: Sinistcha
|
|-damage|p2a: Dragonite|74/100 brn|[from] brn
|upkeep
|
|t:|1756523570
|switch|p1a: Volcarona|Volcarona, L50, F|100/100
|turn|3
|
|t:|1756523582
|move|p2a: Dragonite|Scale Shot|p1a: Volcarona
|-damage|p1a: Volcarona|91/100
|-damage|p1a: Volcarona|82/100
|-damage|p1a: Volcarona|72/100
|-damage|p1a: Volcarona|64/100
|-hitcount|p1a: Volcarona|4
|-unboost|p2a: Dragonite|def|1
|-boost|p2a: Dragonite|spe|1
|move|p2b: Ursaluna|Blood Moon|p1b: Primarina
|-damage|p1b: Primarina|37/100
|move|p1a: Volcarona|Quiver Dance|p1a: Volcarona
|-boost|p1a: Volcarona|spa|1
|-boost|p1a: Volcarona|spd|1
|-boost|p1a: Volcarona|spe|1
|move|p1b: Primarina|Moonblast|p2a: Dragonite
|-supereffective|p2a: Dragonite
|-damage|p2a: Dragonite|0 fnt
|faint|p2a: Dragonite
|
|-heal|p1a: Volcarona|70/100|[from] item: Leftovers
|upkeep
|
|t:|1756523602
|switch|p2a: Sneasler|Sneasler, L50, F|100/100
|turn|4
|
|t:|1756523619
|switch|p2b: Incineroar|Incineroar, L50, F|100/100
|-ability|p2b: Incineroar|Intimidate|boost
|-unboost|p1a: Volcarona|atk|1
|-unboost|p1b: Primarina|atk|1
|move|p1a: Volcarona|Protect|p1a: Volcarona
|-singleturn|p1a: Volcarona|Protect
|move|p1b: Primarina|Protect|p1b: Primarina
|-singleturn|p1b: Primarina|Protect
|move|p2a: Sneasler|Dire Claw|p1b: Primarina
|-activate|p1b: Primarina|move: Protect
|
|-heal|p1a: Volcarona|77/100|[from] item: Leftovers
|-sideend|p2: Vegs Bunny|move: Tailwind
|upkeep
|turn|5
|
|t:|1756523660
|move|p1a: Volcarona|Fiery Dance|p2a: Sneasler
|-damage|p2a: Sneasler|13/100
|-boost|p1a: Volcarona|spa|1
|move|p2a: Sneasler|Dire Claw|p1a: Volcarona
|-damage|p1a: Volcarona|22/100
|-status|p1a: Volcarona|slp
|move|p2b: Incineroar|Knock Off|p1a: Volcarona
|-damage|p1a: Volcarona|0 fnt
|-enditem|p1a: Volcarona|Leftovers|[from] move: Knock Off|[of] p2b: Incineroar
|faint|p1a: Volcarona
|move|p1b: Primarina|Hyper Voice|p2b: Incineroar|[spread] p2a,p2b
|-supereffective|p2b: Incineroar
|-damage|p2a: Sneasler|0 fnt
|-damage|p2b: Incineroar|6/100
|faint|p2a: Sneasler
|
|upkeep
|
|t:|1756523677
|switch|p2a: Ursaluna|Ursaluna-Bloodmoon, L50, M, tera:Water|54/100
|switch|p1a: Tyranitar|Tyranitar, L50, M|100/100
|-weather|Sandstorm|[from] ability: Sand Stream|[of] p1a: Tyranitar
|turn|6
|
|t:|1756523695
|-terastallize|p1a: Tyranitar|Flying
|move|p2b: Incineroar|Knock Off|p1a: Tyranitar
|-damage|p1a: Tyranitar|66/100
|-enditem|p1a: Tyranitar|Assault Vest|[from] move: Knock Off|[of] p2b: Incineroar
|move|p1a: Tyranitar|Rock Slide|p2a: Ursaluna|[spread] p2a,p2b
|-crit|p2a: Ursaluna
|-supereffective|p2b: Incineroar
|-damage|p2a: Ursaluna|20/100
|-damage|p2b: Incineroar|0 fnt
|faint|p2b: Incineroar
|move|p1b: Primarina|Moonblast|p2a: Ursaluna
|-damage|p2a: Ursaluna|0 fnt
|faint|p2a: Ursaluna
|
|win|myshirtisdirty
|raw|myshirtisdirty's rating: 1075 → 1111(+36 for winning)
|raw|Vegs Bunny's rating: 1170 → 1138(-32 for losing)
|l|☆Vegs Bunny
|player|p2|
