|j|☆tf is yaoi
|j|☆Andrewx98
|html|tf is yaoiAndrewx98    
|uhtml|bestof|Game 1 of a best-of-3
|t:|1757928950
|gametype|doubles
|player|p1|tf is yaoi|blaine|1119
|player|p2|Andrewx98|youngster-gen4dp|1096
|gen|9
|tier|[Gen 9] VGC 2025 Reg H (Bo3)
|rated|
|rule|Species Clause: Limit one of each Pokémon
|rule|Item Clause: Limit 1 of each item
|clearpoke
|poke|p1|Sneasler, L50, F|
|poke|p1|Indeedee, L50, M|
|poke|p1|Annihilape, L50, F|
|poke|p1|Tyranitar, L50, M|
|poke|p1|Excadrill, L50, M|
|poke|p1|Corviknight, L50, F|
|poke|p2|Slowking, L50, M|
|poke|p2|Toxicroak, L50, M|
|poke|p2|Kingdra, L50, M|
|poke|p2|Malamar, L50, M|
|poke|p2|Pelipper, L50, M|
|poke|p2|Ursaluna, L50, M|
|teampreview|4
|showteam|p1|Sneasler||PsychicSeed|Unburden|CloseCombat,DireClaw,ThroatChop,Protect|||F|||50|,,,,,Dark]Indeedee||ChoiceScarf|PsychicSurge|ExpandingForce,TeraBlast,Trick,Protect|||M|||50|,,,,,Psychic]Annihilape||SafetyGoggles|Defiant|CloseCombat,RageFist,Taunt,FinalGambit|||F|||50|,,,,,Fairy]Tyranitar||AssaultVest|SandStream|RockSlide,KnockOff,TeraBlast,LowKick|||M|||50|,,,,,Flying]Excadrill||FocusSash|SandRush|IronHead,HighHorsepower,Earthquake,Protect|||M|||50|,,,,,Ground]Corviknight||SitrusBerry|MirrorArmor|BraveBird,BulkUp,Roost,Tailwind|||F|||50|,,,,,Dragon
|showteam|p2|Slowking||RockyHelmet|Oblivious|Surf,TrickRoom,ExpandingForce,Protect|||M|||50|,,,,,Grass]Toxicroak||ClearAmulet|DrySkin|PoisonJab,CloseCombat,FakeOut,SuckerPunch|||M|||50|,,,,,Dark]Kingdra||ChoiceSpecs|SwiftSwim|TeraBlast,FlipTurn,WeatherBall,DracoMeteor|||M|||50|,,,,,Fairy]Malamar||MentalHerb|Contrary|KnockOff,Superpower,TrickRoom,Taunt|||M|||50|,,,,,Fighting]Pelipper||SafetyGoggles|Drizzle|WideGuard,Hurricane,RainDance,WeatherBall|||M|||50|,,,,,Water]Ursaluna||FlameOrb|Guts|HeadlongRush,Earthquake,Protect,Facade|||M|||50|,,,,,Ghost
|inactive|Battle timer is ON: inactive players will automatically lose when time's up. (requested by tf is yaoi)
|inactive|tf is yaoi has 60 seconds left.
|inactive|Andrewx98 has 60 seconds left.
|inactive|Andrewx98 has 30 seconds left.
|
|t:|1757929011
|teamsize|p1|4
|teamsize|p2|4
|start
|switch|p1a: Excadrill|Excadrill, L50, M|100/100
|switch|p1b: Tyranitar|Tyranitar, L50, M|100/100
|switch|p2a: Slowking|Slowking, L50, M|100/100
|switch|p2b: Toxicroak|Toxicroak, L50, M|100/100
|-weather|Sandstorm|[from] ability: Sand Stream|[of] p1b: Tyranitar
|turn|1
|inactive|tf is yaoi has 30 seconds left.
|inactive|Andrewx98 has 30 seconds left.
|inactive|tf is yaoi has 20 seconds left.
|inactive|Andrewx98 has 20 seconds left.
|inactive|Andrewx98 has 15 seconds left.
|
|t:|1757929052
|switch|p1a: Indeedee|Indeedee, L50, M|100/100
|-fieldstart|move: Psychic Terrain|[from] ability: Psychic Surge|[of] p1a: Indeedee
|move|p2b: Toxicroak|Fake Out|p1b: Tyranitar
|-activate|p1b: Tyranitar|move: Psychic Terrain
|move|p1b: Tyranitar|Knock Off|p2a: Slowking
|-supereffective|p2a: Slowking
|-damage|p2a: Slowking|0 fnt
|-damage|p1b: Tyranitar|84/100|[from] item: Rocky Helmet|[of] p2a: Slowking
|-enditem|p2a: Slowking|Rocky Helmet|[from] move: Knock Off|[of] p1b: Tyranitar
|faint|p2a: Slowking
|
|-weather|Sandstorm|[upkeep]
|-damage|p1a: Indeedee|95/100|[from] Sandstorm
|-damage|p2b: Toxicroak|95/100|[from] Sandstorm
|upkeep
|
|t:|1757929068
|switch|p2a: Pelipper|Pelipper, L50, M|100/100
|-weather|RainDance|[from] ability: Drizzle|[of] p2a: Pelipper
|turn|2
|
|t:|1757929085
|switch|p1b: Corviknight|Corviknight, L50, F|100/100
|-terastallize|p1a: Indeedee|Psychic
|move|p2a: Pelipper|Wide Guard|p2a: Pelipper
|-singleturn|p2a: Pelipper|Wide Guard
|move|p1a: Indeedee|Tera Blast|p2a: Pelipper|[anim] Tera Blast Psychic
|-damage|p2a: Pelipper|32/100
|move|p2b: Toxicroak|Close Combat|p1a: Indeedee
|-resisted|p1a: Indeedee
|-damage|p1a: Indeedee|35/100
|-unboost|p2b: Toxicroak|def|1
|-unboost|p2b: Toxicroak|spd|1
|
|-weather|RainDance|[upkeep]
|-heal|p2b: Toxicroak|100/100|[from] ability: Dry Skin
|upkeep
|turn|3
|inactive|Andrewx98 has 30 seconds left.
|
|t:|1757929119
|switch|p2a: Ursaluna|Ursaluna, L50, M|100/100
|-terastallize|p2b: Toxicroak|Dark
|move|p2b: Toxicroak|Sucker Punch|p1a: Indeedee
|-activate|p1a: Indeedee|move: Psychic Terrain
|move|p1a: Indeedee|Tera Blast|p2a: Ursaluna|[anim] Tera Blast Psychic
|-damage|p2a: Ursaluna|35/100
|move|p1b: Corviknight|Brave Bird|p2b: Toxicroak
|-damage|p2b: Toxicroak|4/100
|-damage|p1b: Corviknight|71/100|[from] Recoil
|
|-weather|RainDance|[upkeep]
|-heal|p2b: Toxicroak|16/100|[from] ability: Dry Skin
|-status|p2a: Ursaluna|brn|[from] item: Flame Orb
|upkeep
|turn|4
|inactive|tf is yaoi has 30 seconds left.
|inactive|Andrewx98 has 30 seconds left.
|
|t:|1757929150
|move|p2a: Ursaluna|Protect|p2a: Ursaluna
|-singleturn|p2a: Ursaluna|Protect
|move|p1a: Indeedee|Tera Blast|p2a: Ursaluna|[anim] Tera Blast Psychic
|-activate|p2a: Ursaluna|move: Protect
|move|p1b: Corviknight|Brave Bird|p2b: Toxicroak
|-damage|p2b: Toxicroak|0 fnt
|faint|p2b: Toxicroak
|-damage|p1b: Corviknight|66/100|[from] Recoil
|
|-weather|RainDance|[upkeep]
|-damage|p2a: Ursaluna|29/100 brn|[from] brn
|upkeep
|
|t:|1757929163
|switch|p2b: Pelipper|Pelipper, L50, M|32/100
|turn|5
|
|t:|1757929176
|move|p2b: Pelipper|Wide Guard|p2b: Pelipper
|-singleturn|p2b: Pelipper|Wide Guard
|move|p1a: Indeedee|Tera Blast|p2b: Pelipper|[anim] Tera Blast Psychic
|-damage|p2b: Pelipper|0 fnt
|faint|p2b: Pelipper
|move|p1b: Corviknight|Brave Bird|p2a: Ursaluna
|-damage|p2a: Ursaluna|0 fnt
|faint|p2a: Ursaluna
|-damage|p1b: Corviknight|56/100|[from] Recoil
|
|win|tf is yaoi
||tf is yaoi is ready for game 2.
|inactive|Andrewx98 has 30 seconds to confirm battle start!
||Andrewx98 is ready for game 2.
|uhtml|next|Next: Game 2 of 3
|l|☆tf is yaoi
|player|p1|
