|j|☆Pumpkinman
|j|☆Lacossg
|html|PumpkinmanLacossg    
|uhtml|bestof|Game 1 of a best-of-3
|t:|1756936730
|gametype|doubles
|player|p1|Pumpkinman|cyclist-gen4|1168
|player|p2|Lacossg|170|1145
|gen|9
|tier|[Gen 9] VGC 2025 Reg H (Bo3)
|rated|
|rule|Species Clause: Limit one of each Pokémon
|rule|Item Clause: Limit 1 of each item
|clearpoke
|poke|p1|Charizard, L50, M|
|poke|p1|Torkoal, L50, M|
|poke|p1|Porygon2, L50|
|poke|p1|Incineroar, L50, F|
|poke|p1|Jumpluff, L50, F|
|poke|p1|Ursaluna, L50, M|
|poke|p2|Corviknight, L50, F|
|poke|p2|Chesnaught, L50, F|
|poke|p2|Tyranitar, L50, F|
|poke|p2|Porygon2, L50|
|poke|p2|Volcarona, L50, F|
|poke|p2|Ursaluna, L50, M|
|teampreview|4
|showteam|p1|Charizard||ChoiceSpecs|SolarPower|HeatWave,Overheat,WeatherBall,AirSlash|||M|||50|,,,,,Ghost]Torkoal||EjectPack|Drought|Eruption,Overheat,HelpingHand,Protect|||M|||50|,,,,,Fire]Porygon2||Eviolite|Download|TeraBlast,IceBeam,Recover,TrickRoom||||||50|,,,,,Fighting]Incineroar||SitrusBerry|Intimidate|FlareBlitz,KnockOff,FakeOut,PartingShot|||F|||50|,,,,,Ghost]Jumpluff||CovertCloak|Chlorophyll|SleepPowder,SunnyDay,RagePowder,Tailwind|||F|||50|,,,,,Water]Ursaluna||FlameOrb|Guts|HeadlongRush,Facade,Earthquake,Protect|||M|||50|,,,,,Ghost
|showteam|p2|Corviknight||CovertCloak|MirrorArmor|Tailwind,Taunt,BraveBird,Roost|||F|||50|,,,,,Dragon]Chesnaught||Leftovers|Bulletproof|WideGuard,BodyPress,Protect,IronDefense|||F|||50|,,,,,Fairy]Tyranitar||FocusSash|SandStream|RockSlide,KnockOff,TeraBlast,Protect|||F|||50|,,,,,Grass]Porygon2||Eviolite|Download|TeraBlast,IceBeam,TrickRoom,Recover||||||50|,,,,,Flying]Volcarona||SitrusBerry|FlameBody|QuiverDance,FieryDance,GigaDrain,Protect|||F|||50|,,,,,Grass]Ursaluna||FlameOrb|Guts|HeadlongRush,Facade,Substitute,Protect|||M|||50|,,,,,Ghost
|inactive|Battle timer is ON: inactive players will automatically lose when time's up. (requested by Pumpkinman)
|j| teamthief420
|inactive|Pumpkinman has 60 seconds left.
|inactive|Pumpkinman has 30 seconds left.
|
|t:|1756936792
|teamsize|p1|4
|teamsize|p2|4
|start
|switch|p1a: canar|Porygon2, L50|100/100
|switch|p1b: tortu|Torkoal, L50, M|100/100
|switch|p2a: Tyranitar|Tyranitar, L50, F|100/100
|switch|p2b: Corviknight|Corviknight, L50, F|100/100
|-weather|Sandstorm|[from] ability: Sand Stream|[of] p2a: Tyranitar
|-ability|p1a: canar|Download|boost
|-boost|p1a: canar|atk|1
|-weather|SunnyDay|[from] ability: Drought|[of] p1b: tortu
|turn|1
|inactive|Pumpkinman has 30 seconds left.
|inactive|Lacossg has 30 seconds left.
|inactive|Pumpkinman has 20 seconds left.
|inactive|Pumpkinman has 15 seconds left.
|inactive|Pumpkinman has 10 seconds left.
|
|t:|1756936840
|switch|p1b: grocha|Incineroar, L50, F|100/100
|-ability|p1b: grocha|Intimidate|boost
|-unboost|p2a: Tyranitar|atk|1
|-ability|p2b: Corviknight|Mirror Armor
|-unboost|p1b: grocha|atk|1
|-terastallize|p2b: Corviknight|Dragon
|-terastallize|p1a: canar|Fighting
|move|p2a: Tyranitar|Rock Slide|p1a: canar|[spread] p1a,p1b
|-resisted|p1a: canar
|-supereffective|p1b: grocha
|-damage|p1a: canar|94/100
|-damage|p1b: grocha|62/100
|move|p2b: Corviknight|Taunt|p1a: canar
|-start|p1a: canar|move: Taunt
|move|p1a: canar|Tera Blast|p2a: Tyranitar|[anim] Tera Blast Fighting
|-supereffective|p2a: Tyranitar
|-enditem|p2a: Tyranitar|Focus Sash
|-damage|p2a: Tyranitar|1/100
|
|-weather|SunnyDay|[upkeep]
|upkeep
|turn|2
|inactive|Pumpkinman has 30 seconds left.
|inactive|Pumpkinman has 20 seconds left.
|inactive|Pumpkinman has 15 seconds left.
|inactive|Pumpkinman has 10 seconds left.
|inactive|Pumpkinman has 5 seconds left.
|
|t:|1756936892
|switch|p2a: Chesnaught|Chesnaught, L50, F|100/100
|move|p1b: grocha|Flare Blitz|p2a: Chesnaught
|-supereffective|p2a: Chesnaught
|-damage|p2a: Chesnaught|27/100
|-damage|p1b: grocha|38/100|[from] Recoil
|-enditem|p1b: grocha|Sitrus Berry|[eat]
|-heal|p1b: grocha|63/100|[from] item: Sitrus Berry
|move|p2b: Corviknight|Brave Bird|p1a: canar
|-supereffective|p1a: canar
|-damage|p1a: canar|43/100
|-damage|p2b: Corviknight|85/100|[from] Recoil
|move|p1a: canar|Ice Beam|p2b: Corviknight
|-supereffective|p2b: Corviknight
|-damage|p2b: Corviknight|40/100
|
|-weather|SunnyDay|[upkeep]
|-heal|p2a: Chesnaught|33/100|[from] item: Leftovers
|upkeep
|turn|3
|inactive|Pumpkinman has 30 seconds left.
|inactive|Pumpkinman has 20 seconds left.
|inactive|Pumpkinman has 15 seconds left.
|inactive|Pumpkinman has 10 seconds left.
|inactive|Pumpkinman has 5 seconds left.
|
|t:|1756936943
|switch|p1a: tortu|Torkoal, L50, M|100/100
|move|p1b: grocha|Parting Shot|p2a: Chesnaught
|-unboost|p2a: Chesnaught|atk|1
|-unboost|p2a: Chesnaught|spa|1
|
|t:|1756936950
|switch|p1b: plant|Jumpluff, L50, F|100/100|[from] Parting Shot
|move|p2b: Corviknight|Brave Bird|p1a: tortu
|-damage|p1a: tortu|72/100
|-damage|p2b: Corviknight|31/100|[from] Recoil
|move|p2a: Chesnaught|Body Press|p1b: plant
|-resisted|p1b: plant
|-crit|p1b: plant
|-damage|p1b: plant|70/100
|
|-weather|SunnyDay|[upkeep]
|-heal|p2a: Chesnaught|39/100|[from] item: Leftovers
|upkeep
|turn|4
|inactive|Pumpkinman has 30 seconds left.
|inactive|Pumpkinman has 20 seconds left.
|
|t:|1756936988
|switch|p2a: Ursaluna|Ursaluna, L50, M|100/100
|move|p1b: plant|Sleep Powder|p2b: Corviknight
|-status|p2b: Corviknight|slp|[from] move: Sleep Powder
|cant|p2b: Corviknight|slp
|move|p1a: tortu|Overheat|p2a: Ursaluna
|-damage|p2a: Ursaluna|19/100
|-unboost|p1a: tortu|spa|2
|-enditem|p1a: tortu|Eject Pack
|inactive|Pumpkinman has 30 seconds left.
|
|t:|1756937016
|switch|p1a: canar|Porygon2, L50, tera:Fighting|43/100
|-ability|p1a: canar|Download|boost
|-boost|p1a: canar|spa|1
|
|-weather|SunnyDay|[upkeep]
|-status|p2a: Ursaluna|brn|[from] item: Flame Orb
|upkeep
|turn|5
|l| teamthief420
|inactive|Pumpkinman has 30 seconds left.
|inactive|Pumpkinman has 20 seconds left.
|
|t:|1756937054
|move|p1b: plant|Tailwind|p1b: plant
|-sidestart|p1: Pumpkinman|move: Tailwind
|move|p1a: canar|Ice Beam|p2a: Ursaluna
|-supereffective|p2a: Ursaluna
|-damage|p2a: Ursaluna|0 fnt
|faint|p2a: Ursaluna
|-curestatus|p2b: Corviknight|slp|[msg]
|move|p2b: Corviknight|Tailwind|p2b: Corviknight
|-sidestart|p2: Lacossg|move: Tailwind
|
|-weather|none
|upkeep
|
|t:|1756937060
|switch|p2a: Tyranitar|Tyranitar, L50, F|1/100
|-weather|Sandstorm|[from] ability: Sand Stream|[of] p2a: Tyranitar
|turn|6
|inactive|Pumpkinman has 30 seconds left.
|inactive|Pumpkinman has 20 seconds left.
|
|t:|1756937100
|switch|p1a: tortu|Torkoal, L50, M|72/100
|-weather|SunnyDay|[from] ability: Drought|[of] p1a: tortu
|move|p1b: plant|Sleep Powder|p2b: Corviknight|[miss]
|-miss|p1b: plant|p2b: Corviknight
|move|p2a: Tyranitar|Rock Slide|p1b: plant|[spread] p1a,p1b
|-supereffective|p1a: tortu
|-supereffective|p1b: plant
|-damage|p1a: tortu|23/100
|-damage|p1b: plant|0 fnt
|faint|p1b: plant
|move|p2b: Corviknight|Roost|p2b: Corviknight
|-heal|p2b: Corviknight|81/100
|
|-weather|SunnyDay|[upkeep]
|upkeep
|inactive|Pumpkinman has 30 seconds left.
|inactive|Pumpkinman has 20 seconds left.
|
|t:|1756937137
|switch|p1b: grocha|Incineroar, L50, F|63/100
|-ability|p1b: grocha|Intimidate|boost
|-unboost|p2a: Tyranitar|atk|1
|-ability|p2b: Corviknight|Mirror Armor
|-unboost|p1b: grocha|atk|1
|turn|7
|inactive|Lacossg has 30 seconds left.
|
|t:|1756937165
|switch|p2a: Chesnaught|Chesnaught, L50, F|39/100
|move|p1a: tortu|Protect|p1a: tortu
|-singleturn|p1a: tortu|Protect
|move|p1b: grocha|Fake Out|p2a: Chesnaught
|-damage|p2a: Chesnaught|33/100
|move|p2b: Corviknight|Brave Bird|p1a: tortu
|-activate|p1a: tortu|move: Protect
|
|-weather|SunnyDay|[upkeep]
|-heal|p2a: Chesnaught|39/100|[from] item: Leftovers
|upkeep
|turn|8
|inactive|Pumpkinman has 30 seconds left.
|
|t:|1756937196
|move|p1b: grocha|Knock Off|p2b: Corviknight
|-damage|p2b: Corviknight|59/100
|-enditem|p2b: Corviknight|Covert Cloak|[from] move: Knock Off|[of] p1b: grocha
|move|p2b: Corviknight|Brave Bird|p1a: tortu
|-damage|p1a: tortu|0 fnt
|faint|p1a: tortu
|-damage|p2b: Corviknight|53/100|[from] Recoil
|move|p2a: Chesnaught|Body Press|p1b: grocha
|-supereffective|p1b: grocha
|-damage|p1b: grocha|0 fnt
|faint|p1b: grocha
|
|-weather|SunnyDay|[upkeep]
|-heal|p2a: Chesnaught|46/100|[from] item: Leftovers
|-sideend|p2: Lacossg|move: Tailwind
|-sideend|p1: Pumpkinman|move: Tailwind
|upkeep
|
|t:|1756937204
|switch|p1b: canar|Porygon2, L50, tera:Fighting|43/100
|-ability|p1b: canar|Download|boost
|-boost|p1b: canar|spa|1
|turn|9
|-message|Pumpkinman forfeited.
|
|win|Lacossg
|l|☆Pumpkinman
|player|p1|
||Pumpkinman is ready for game 2.
||Lacossg is ready for game 2.
|uhtml|next|Next: Game 2 of 3
|j|☆Pumpkinman
|player|p1|Pumpkinman|cyclist-gen4|
