|j|☆sernim
|j|☆Swan Mobile
|html|sernimSwan Mobile    
|uhtml|bestof|Game 1 of a best-of-3
|t:|1757788802
|gametype|doubles
|player|p1|sernim|bugcatcher-gen4dp|1044
|player|p2|Swan Mobile|roughneck-gen4|1144
|gen|9
|tier|[Gen 9] VGC 2025 Reg H (Bo3)
|rated|
|rule|Species Clause: Limit one of each Pokémon
|rule|Item Clause: Limit 1 of each item
|clearpoke
|poke|p1|Ursaluna, L50, F|
|poke|p1|Incineroar, L50, F|
|poke|p1|Indeedee-F, L50, F|
|poke|p1|Feraligatr, L50, F|
|poke|p1|Amoonguss, L50, F|
|poke|p1|Sneasler, L50, F|
|poke|p2|Farigiraf, L50, M|
|poke|p2|Ursaluna-Bloodmoon, L50, M|
|poke|p2|Incineroar, L50, F|
|poke|p2|Rillaboom, L50, F|
|poke|p2|Basculegion, L50, M|
|poke|p2|Sneasler, L50, M|
|teampreview|4
|showteam|p1|Ursaluna||FlameOrb|Guts|Facade,CloseCombat,HeadlongRush,Protect|||F|||50|,,,,,Ghost]Incineroar||AssaultVest|Intimidate|FlareBlitz,FakeOut,Uturn,KnockOff|||F|||50|,,,,,Ghost]Indeedee-F||MentalHerb|OwnTempo|FollowMe,TrickRoom,Protect,Psychic|||F|||50|,,,,,Fairy]Feraligatr||LifeOrb|Torrent|DragonDance,Protect,Liquidation,IcePunch|||F|||50|,,,,,Grass]Amoonguss||RockyHelmet|Regenerator|Spore,Protect,RagePowder,SludgeBomb|||F|||50|,,,,,Water]Sneasler||PsychicSeed|Unburden|CloseCombat,Protect,DireClaw,FakeOut|||F|||50|,,,,,Dark
|showteam|p2|Farigiraf||ThroatSpray|ArmorTail|HyperVoice,Psychic,TrickRoom,Protect|||M|||50|,,,,,Fairy]Ursaluna-Bloodmoon||LifeOrb|MindsEye|BloodMoon,HyperVoice,EarthPower,Protect|||M|||50|,,,,,Normal]Incineroar||SafetyGoggles|Intimidate|FakeOut,KnockOff,FlareBlitz,PartingShot|||F|||50|,,,,,Ghost]Rillaboom||AssaultVest|GrassySurge|WoodHammer,GrassyGlide,FakeOut,Uturn|||F|||50|,,,,,Fire]Basculegion||ChoiceScarf|Adaptability|FlipTurn,WaveCrash,LastRespects,Soak|||M|||50|,,,,,Water]Sneasler||GrassySeed|Unburden|Coaching,CloseCombat,DireClaw,Protect|||M|||50|,,,,,Stellar
|inactive|Battle timer is ON: inactive players will automatically lose when time's up. (requested by sernim)
|inactive|Swan Mobile also wants the timer to be on.
|inactive|Swan Mobile has 60 seconds left.
|inactive|Swan Mobile has 30 seconds left.
|inactive|Swan Mobile has 20 seconds left.
|inactive|Swan Mobile has 15 seconds left.
|inactive|Swan Mobile has 10 seconds left.
|
|t:|1757788886
|teamsize|p1|4
|teamsize|p2|4
|start
|switch|p1a: Incineroar|Incineroar, L50, F|100/100
|switch|p1b: Indeedee|Indeedee-F, L50, F|100/100
|switch|p2a: Basculegion|Basculegion, L50, M|100/100
|switch|p2b: Ursaluna|Ursaluna-Bloodmoon, L50, M|100/100
|-ability|p1a: Incineroar|Intimidate|boost
|-unboost|p2a: Basculegion|atk|1
|-unboost|p2b: Ursaluna|atk|1
|turn|1
|inactive|sernim has 30 seconds left.
|
|t:|1757788912
|move|p1a: Incineroar|Fake Out|p2b: Ursaluna
|-damage|p2b: Ursaluna|89/100
|move|p2a: Basculegion|Flip Turn|p1a: Incineroar
|-supereffective|p1a: Incineroar
|-damage|p1a: Incineroar|47/100
|
|t:|1757788919
|switch|p2a: Farigiraf|Farigiraf, L50, M|100/100|[from] Flip Turn
|cant|p2b: Ursaluna|flinch
|move|p1b: Indeedee|Trick Room|p1b: Indeedee
|-fieldstart|move: Trick Room|[of] p1b: Indeedee
|
|upkeep
|turn|2
|
|t:|1757788937
|-terastallize|p2b: Ursaluna|Normal
|move|p1b: Indeedee|Protect|p1b: Indeedee
|-singleturn|p1b: Indeedee|Protect
|move|p1a: Incineroar|U-turn|p2a: Farigiraf
|-supereffective|p2a: Farigiraf
|-damage|p2a: Farigiraf|47/100
|
|t:|1757788947
|switch|p1a: Ursaluna|Ursaluna, L50, F, shiny|100/100|[from] U-turn
|move|p2a: Farigiraf|Hyper Voice|p1a: Ursaluna|[spread] p1a
|-activate|p1b: Indeedee|move: Protect
|-damage|p1a: Ursaluna|69/100
|-enditem|p2a: Farigiraf|Throat Spray
|-boost|p2a: Farigiraf|spa|1|[from] item: Throat Spray
|move|p2b: Ursaluna|Hyper Voice|p1a: Ursaluna|[spread] p1a
|-activate|p1b: Indeedee|move: Protect
|-damage|p1a: Ursaluna|5/100
|-damage|p2b: Ursaluna|79/100|[from] item: Life Orb
|
|-status|p1a: Ursaluna|brn|[from] item: Flame Orb
|upkeep
|turn|3
|inactive|sernim has 30 seconds left.
|
|t:|1757788978
|move|p2a: Farigiraf|Protect|p2a: Farigiraf
|-singleturn|p2a: Farigiraf|Protect
|move|p2b: Ursaluna|Protect|p2b: Ursaluna
|-singleturn|p2b: Ursaluna|Protect
|move|p1b: Indeedee|Follow Me|p1b: Indeedee
|-singleturn|p1b: Indeedee|move: Follow Me
|move|p1a: Ursaluna|Facade|p2b: Ursaluna
|-activate|p2b: Ursaluna|move: Protect
|
|-damage|p1a: Ursaluna|0 fnt|[from] brn
|faint|p1a: Ursaluna
|upkeep
|
|t:|1757788992
|switch|p1a: Incineroar|Incineroar, L50, F|47/100
|-ability|p1a: Incineroar|Intimidate|boost
|-unboost|p2a: Farigiraf|atk|1
|-unboost|p2b: Ursaluna|atk|1
|turn|4
|
|t:|1757789013
|move|p1b: Indeedee|Protect|p1b: Indeedee
|-singleturn|p1b: Indeedee|Protect
|move|p1a: Incineroar|Knock Off|p2a: Farigiraf
|-supereffective|p2a: Farigiraf
|-damage|p2a: Farigiraf|0 fnt
|faint|p2a: Farigiraf
|move|p2b: Ursaluna|Hyper Voice|p1b: Indeedee|[spread] p1a
|-activate|p1b: Indeedee|move: Protect
|-damage|p1a: Incineroar|6/100
|-damage|p2b: Ursaluna|69/100|[from] item: Life Orb
|
|upkeep
|
|t:|1757789016
|switch|p2a: Rillaboom|Rillaboom, L50, F|100/100
|-fieldstart|move: Grassy Terrain|[from] ability: Grassy Surge|[of] p2a: Rillaboom
|turn|5
|inactive|sernim has 30 seconds left.
|
|t:|1757789046
|switch|p1b: Sneasler|Sneasler, L50, F|100/100
|move|p1a: Incineroar|Flare Blitz|p2a: Rillaboom
|-supereffective|p2a: Rillaboom
|-damage|p2a: Rillaboom|0 fnt
|faint|p2a: Rillaboom
|-damage|p1a: Incineroar|0 fnt|[from] Recoil
|faint|p1a: Incineroar
|move|p2b: Ursaluna|Hyper Voice|p1b: Sneasler
|-damage|p1b: Sneasler|0 fnt
|faint|p1b: Sneasler
|-damage|p2b: Ursaluna|59/100|[from] item: Life Orb
|
|-heal|p2b: Ursaluna|65/100|[from] Grassy Terrain
|-fieldend|move: Trick Room
|upkeep
|inactive|sernim has 30 seconds left.
|inactive|sernim has 20 seconds left.
|inactive|sernim has 15 seconds left.
|inactive|sernim has 10 seconds left.
|inactive|sernim has 5 seconds left.
|
|t:|1757789101
|switch|p2a: Basculegion|Basculegion, L50, M|100/100
|switch|p1a: Indeedee|Indeedee-F, L50, F|100/100
|turn|6
|inactive|sernim has 30 seconds left.
|inactive|sernim has 20 seconds left.
|inactive|sernim has 15 seconds left.
|inactive|sernim has 10 seconds left.
|inactive|sernim has 5 seconds left.
|
|t:|1757789156
|move|p1a: Indeedee|Follow Me|p1a: Indeedee
|-singleturn|p1a: Indeedee|move: Follow Me
|move|p2a: Basculegion|Wave Crash|p1a: Indeedee
|-damage|p1a: Indeedee|19/100
|-damage|p2a: Basculegion|76/100|[from] Recoil
|move|p2b: Ursaluna|Blood Moon|p1a: Indeedee
|-damage|p1a: Indeedee|0 fnt
|faint|p1a: Indeedee
|-damage|p2b: Ursaluna|56/100|[from] item: Life Orb
|
|win|Swan Mobile
||Swan Mobile is ready for game 2.
|inactive|sernim has 30 seconds to confirm battle start!
|inactive|sernim has 20 seconds to confirm battle start!
|inactive|sernim has 10 seconds to confirm battle start!
|uhtml|next|Next: Game 2 of 3
