|j|☆pcadaval
|j|☆chefbenboyrd
|html|pcadavalchefbenboyrd    
|uhtml|bestof|Game 1 of a best-of-3
|t:|1757123773
|gametype|doubles
|player|p1|pcadaval|gambler|1132
|player|p2|chefbenboyrd|brawly|1172
|gen|9
|tier|[Gen 9] VGC 2025 Reg H (Bo3)
|rated|
|rule|Species Clause: Limit one of each Pokémon
|rule|Item Clause: Limit 1 of each item
|clearpoke
|poke|p1|Incineroar, L50, F|
|poke|p1|Gholdengo, L50|
|poke|p1|Amoonguss, L50, M|
|poke|p1|Hydreigon, L50, F|
|poke|p1|Sneasler, L50, M|
|poke|p1|Ursaluna-Bloodmoon, L50, M|
|poke|p2|Whimsicott, L50, F|
|poke|p2|Hydreigon, L50, F|
|poke|p2|Incineroar, L50, F|
|poke|p2|Gholdengo, L50|
|poke|p2|Basculegion, L50, M|
|poke|p2|Dragonite, L50, F|
|teampreview|4
|showteam|p1|Incineroar||SafetyGoggles|Intimidate|PartingShot,FlareBlitz,KnockOff,FakeOut|||F|||50|,,,,,Grass]Gholdengo||Leftovers|GoodasGold|NastyPlot,ShadowBall,Protect,MakeItRain||||||50|,,,,,Fairy]Amoonguss||SitrusBerry|Regenerator|Spore,PollenPuff,Protect,RagePowder|||M|||50|,,,,,Water]Hydreigon||CovertCloak|Levitate|DracoMeteor,Snarl,Protect,Tailwind|||F|||50|,,,,,Ghost]Sneasler||WhiteHerb|Unburden|CloseCombat,DireClaw,Protect,FakeOut|||M|||50|,,,,,Stellar]Ursaluna-Bloodmoon||AssaultVest|MindsEye|BloodMoon,VacuumWave,HyperVoice,EarthPower|||M|||50|,,,,,Normal
|showteam|p2|Whimsicott||FocusSash|Prankster|SunnyDay,Encore,Tailwind,Moonblast|||F|||50|,,,,,Ghost]Hydreigon||ChoiceSpecs|Levitate|HeatWave,DracoMeteor,Snarl,DarkPulse|||F|||50|,,,,,Fire]Incineroar||SafetyGoggles|Intimidate|KnockOff,FakeOut,PartingShot,FlareBlitz|||F|||50|,,,,,Ghost]Gholdengo||LifeOrb|GoodasGold|Protect,MakeItRain,ShadowBall,NastyPlot||||||50|,,,,,Water]Basculegion||ChoiceScarf|Adaptability|LastRespects,WaveCrash,AquaJet,FlipTurn|||M|||50|,,,,,Water]Dragonite||LoadedDice|Multiscale|ScaleShot,Protect,ExtremeSpeed,Haze|||F|||50|,,,,,Fairy
|inactive|Battle timer is ON: inactive players will automatically lose when time's up. (requested by pcadaval)
|inactive|pcadaval has 60 seconds left.
|inactive|chefbenboyrd has 60 seconds left.
|inactive|chefbenboyrd has 30 seconds left.
|inactive|chefbenboyrd has 20 seconds left.
|
|t:|1757123851
|teamsize|p1|4
|teamsize|p2|4
|start
|switch|p1a: Incineroar|Incineroar, L50, F|100/100
|switch|p1b: Gholdengo|Gholdengo, L50|100/100
|switch|p2a: Whimsicott|Whimsicott, L50, F|100/100
|switch|p2b: Hydreigon|Hydreigon, L50, F|100/100
|-ability|p1a: Incineroar|Intimidate|boost
|-unboost|p2a: Whimsicott|atk|1
|-unboost|p2b: Hydreigon|atk|1
|turn|1
|
|t:|1757123869
|-terastallize|p2b: Hydreigon|Fire
|move|p1a: Incineroar|Fake Out|p2b: Hydreigon
|-damage|p2b: Hydreigon|87/100
|move|p2a: Whimsicott|Tailwind|p2a: Whimsicott
|-sidestart|p2: chefbenboyrd|move: Tailwind
|cant|p2b: Hydreigon|flinch
|move|p1b: Gholdengo|Nasty Plot|p1b: Gholdengo
|-boost|p1b: Gholdengo|spa|2
|
|upkeep
|turn|2
|
|t:|1757123878
|move|p1b: Gholdengo|Protect|p1b: Gholdengo
|-singleturn|p1b: Gholdengo|Protect
|move|p2a: Whimsicott|Sunny Day|p2a: Whimsicott
|-weather|SunnyDay
|move|p2b: Hydreigon|Heat Wave|p1a: Incineroar|[spread] p1a
|-activate|p1b: Gholdengo|move: Protect
|-resisted|p1a: Incineroar
|-damage|p1a: Incineroar|56/100
|move|p1a: Incineroar|Parting Shot|p2b: Hydreigon
|-unboost|p2b: Hydreigon|atk|1
|-unboost|p2b: Hydreigon|spa|1
|
|t:|1757123882
|switch|p1a: Sneasler|Sneasler, L50, M|100/100|[from] Parting Shot
|
|-weather|SunnyDay|[upkeep]
|upkeep
|turn|3
|inactive|pcadaval has 30 seconds left.
|
|t:|1757123916
|move|p1a: Sneasler|Fake Out|p2b: Hydreigon
|-damage|p2b: Hydreigon|73/100
|move|p2a: Whimsicott|Moonblast|p1a: Sneasler
|-crit|p1a: Sneasler
|-damage|p1a: Sneasler|27/100
|cant|p2b: Hydreigon|flinch
|move|p1b: Gholdengo|Make It Rain|p2a: Whimsicott|[spread] p2a,p2b
|-supereffective|p2a: Whimsicott
|-resisted|p2b: Hydreigon
|-enditem|p2a: Whimsicott|Focus Sash
|-damage|p2a: Whimsicott|1/100
|-damage|p2b: Hydreigon|24/100
|-unboost|p1b: Gholdengo|spa|1
|
|-weather|SunnyDay|[upkeep]
|upkeep
|turn|4
|
|t:|1757123937
|switch|p2a: Incineroar|Incineroar, L50, F|100/100
|-ability|p2a: Incineroar|Intimidate|boost
|-unboost|p1a: Sneasler|atk|1
|-unboost|p1b: Gholdengo|atk|1
|-enditem|p1a: Sneasler|White Herb
|-clearnegativeboost|p1a: Sneasler|[silent]
|switch|p1a: Incineroar|Incineroar, L50, F|56/100
|-ability|p1a: Incineroar|Intimidate|boost
|-unboost|p2a: Incineroar|atk|1
|-unboost|p2b: Hydreigon|atk|1
|move|p1b: Gholdengo|Protect|p1b: Gholdengo
|-singleturn|p1b: Gholdengo|Protect
|move|p2b: Hydreigon|Heat Wave|p1b: Gholdengo|[spread] p1a
|-activate|p1b: Gholdengo|move: Protect
|-resisted|p1a: Incineroar
|-damage|p1a: Incineroar|28/100
|
|-weather|SunnyDay|[upkeep]
|-sideend|p2: chefbenboyrd|move: Tailwind
|upkeep
|turn|5
|inactive|pcadaval has 30 seconds left.
|
|t:|1757123964
|-terastallize|p1b: Gholdengo|Fairy
|move|p2a: Incineroar|Fake Out|p1a: Incineroar
|-damage|p1a: Incineroar|23/100
|cant|p1a: Incineroar|flinch
|move|p2b: Hydreigon|Heat Wave|p1a: Incineroar|[spread] p1a,p1b
|-resisted|p1a: Incineroar
|-damage|p1a: Incineroar|0 fnt
|-damage|p1b: Gholdengo|37/100
|faint|p1a: Incineroar
|move|p1b: Gholdengo|Make It Rain|p2b: Hydreigon|[spread] p2a,p2b
|-resisted|p2a: Incineroar
|-resisted|p2b: Hydreigon
|-damage|p2a: Incineroar|65/100
|-damage|p2b: Hydreigon|0 fnt
|-unboost|p1b: Gholdengo|spa|1
|faint|p2b: Hydreigon
|
|-weather|SunnyDay|[upkeep]
|-heal|p1b: Gholdengo|44/100|[from] item: Leftovers
|upkeep
|
|t:|1757123986
|switch|p2b: Whimsicott|Whimsicott, L50, F|1/100
|switch|p1a: Hydreigon|Hydreigon, L50, F|100/100
|turn|6
|
|t:|1757124005
|move|p1a: Hydreigon|Protect|p1a: Hydreigon
|-singleturn|p1a: Hydreigon|Protect
|move|p2b: Whimsicott|Tailwind|p2b: Whimsicott
|-sidestart|p2: chefbenboyrd|move: Tailwind
|move|p2a: Incineroar|Flare Blitz|p1b: Gholdengo
|-damage|p1b: Gholdengo|0 fnt
|faint|p1b: Gholdengo
|-damage|p2a: Incineroar|53/100|[from] Recoil
|
|-weather|none
|upkeep
|
|t:|1757124010
|switch|p1b: Sneasler|Sneasler, L50, M|27/100
|turn|7
|inactive|pcadaval has 30 seconds left.
|inactive|pcadaval has 20 seconds left.
|inactive|pcadaval has 15 seconds left.
|inactive|pcadaval has 10 seconds left.
|
|t:|1757124056
|switch|p2a: Basculegion|Basculegion, L50, M|100/100
|move|p1b: Sneasler|Fake Out|p2b: Whimsicott
|-damage|p2b: Whimsicott|0 fnt
|faint|p2b: Whimsicott
|move|p1a: Hydreigon|Tailwind|p1a: Hydreigon
|-sidestart|p1: pcadaval|move: Tailwind
|
|upkeep
|
|t:|1757124063
|switch|p2b: Incineroar|Incineroar, L50, F|53/100
|-ability|p2b: Incineroar|Intimidate|boost
|-unboost|p1a: Hydreigon|atk|1
|-unboost|p1b: Sneasler|atk|1
|turn|8
|
|t:|1757124082
|move|p1b: Sneasler|Protect|p1b: Sneasler
|-singleturn|p1b: Sneasler|Protect
|move|p1a: Hydreigon|Protect|p1a: Hydreigon
|-singleturn|p1a: Hydreigon|Protect
|move|p2b: Incineroar|Fake Out|p1a: Hydreigon
|-activate|p1a: Hydreigon|move: Protect
|move|p2a: Basculegion|Aqua Jet|p1b: Sneasler
|-activate|p1b: Sneasler|move: Protect
|
|upkeep
|turn|9
|inactive|pcadaval has 30 seconds left.
|inactive|pcadaval has 20 seconds left.
|
|t:|1757124117
|move|p2a: Basculegion|Aqua Jet|p1b: Sneasler
|-damage|p1b: Sneasler|0 fnt
|faint|p1b: Sneasler
|move|p1a: Hydreigon|Draco Meteor|p2b: Incineroar
|-damage|p2b: Incineroar|0 fnt
|-unboost|p1a: Hydreigon|spa|2
|faint|p2b: Incineroar
|
|-sideend|p2: chefbenboyrd|move: Tailwind
|upkeep
|turn|10
|
|t:|1757124128
|move|p2a: Basculegion|Aqua Jet|p1a: Hydreigon
|-resisted|p1a: Hydreigon
|-damage|p1a: Hydreigon|87/100
|move|p1a: Hydreigon|Snarl|p2a: Basculegion
|-supereffective|p2a: Basculegion
|-damage|p2a: Basculegion|75/100
|-unboost|p2a: Basculegion|spa|1
|
|-sideend|p1: pcadaval|move: Tailwind
|upkeep
|turn|11
|
|t:|1757124132
|move|p2a: Basculegion|Aqua Jet|p1a: Hydreigon
|-resisted|p1a: Hydreigon
|-damage|p1a: Hydreigon|73/100
|move|p1a: Hydreigon|Snarl|p2a: Basculegion
|-supereffective|p2a: Basculegion
|-damage|p2a: Basculegion|46/100
|-unboost|p2a: Basculegion|spa|1
|
|upkeep
|turn|12
|
|t:|1757124134
|move|p2a: Basculegion|Aqua Jet|p1a: Hydreigon
|-resisted|p1a: Hydreigon
|-damage|p1a: Hydreigon|60/100
|move|p1a: Hydreigon|Snarl|p2a: Basculegion|[miss]
|-miss|p1a: Hydreigon|p2a: Basculegion
|
|upkeep
|turn|13
|
|t:|1757124137
|move|p2a: Basculegion|Aqua Jet|p1a: Hydreigon
|-resisted|p1a: Hydreigon
|-damage|p1a: Hydreigon|46/100
|move|p1a: Hydreigon|Snarl|p2a: Basculegion
|-supereffective|p2a: Basculegion
|-damage|p2a: Basculegion|16/100
|-unboost|p2a: Basculegion|spa|1
|
|upkeep
|turn|14
|
|t:|1757124141
|move|p2a: Basculegion|Aqua Jet|p1a: Hydreigon
|-resisted|p1a: Hydreigon
|-damage|p1a: Hydreigon|34/100
|move|p1a: Hydreigon|Snarl|p2a: Basculegion
|-supereffective|p2a: Basculegion
|-damage|p2a: Basculegion|0 fnt
|faint|p2a: Basculegion
|
|win|pcadaval
