|j|☆drumer sama
|j|☆andrewcips
|html|drumer samaandrewcips    
|uhtml|bestof|Game 1 of a best-of-3
|t:|1784314719
|gametype|doubles
|player|p1|drumer sama|170|1137
|player|p2|andrewcips|alder|1065
|gen|9
|tier|[Gen 9 Champions] VGC 2026 Reg M-B (Bo3)
|rated|
|rule|Species Clause: Limit one of each Pokémon
|rule|Item Clause: Limit 1 of each item
|clearpoke
|poke|p1|Lucario, L50, M|
|poke|p1|Sinistcha, L50|
|poke|p1|Incineroar, L50, F|
|poke|p1|Basculegion, L50, M|
|poke|p1|Whimsicott, L50, M|
|poke|p1|Greninja, L50, M|
|poke|p2|Charizard, L50, F|
|poke|p2|Garchomp, L50, M|
|poke|p2|Sylveon, L50, M|
|poke|p2|Aerodactyl, L50, F|
|poke|p2|Farigiraf, L50, F|
|poke|p2|Incineroar, L50, M|
|teampreview|4
|showteam|p1|Lucario||Lucarionite|InnerFocus|Detect,AuraSphere,FlashCannon,ShadowBall|Timid||M|||50|]Sinistcha||SitrusBerry|Hospitality|LifeDew,MatchaGotcha,TrickRoom,RagePowder|Bold|||||50|]Incineroar||ShucaBerry|Intimidate|FakeOut,FlareBlitz,PartingShot,ThroatChop|Careful||F|||50|]Basculegion||ChoiceScarf|Adaptability|WaveCrash,PsychicFangs,LastRespects,AquaJet|Adamant||M|||50|]Whimsicott||FocusSash|Prankster|Encore,Moonblast,Tailwind,HelpingHand|Timid||M|||50|]Greninja||LifeOrb|Protean|GrassKnot,RockSlide,IceBeam,DarkPulse|Naive||M|||50|
|showteam|p2|Charizard||CharizarditeY|Blaze|HeatWave,WeatherBall,SolarBeam,Protect|Modest||F|||50|]Garchomp||LifeOrb|RoughSkin|DragonClaw,Earthquake,StompingTantrum,Protect|Jolly||M|||50|]Sylveon||FairyFeather|Pixilate|HyperVoice,QuickAttack,Yawn,Detect|Modest||M|||50|]Aerodactyl||FocusSash|Unnerve|RockSlide,WideGuard,Tailwind,Protect|Jolly||F|||50|]Farigiraf||SitrusBerry|ArmorTail|Psychic,HelpingHand,TrickRoom,Protect|Calm||F|||50|]Incineroar||Charcoal|Intimidate|FlareBlitz,DarkestLariat,PartingShot,FakeOut|Brave||M|||50|
|inactive|Battle timer is ON: inactive players will automatically lose when time's up. (requested by andrewcips)
|inactive|andrewcips has 60 seconds left.
|inactive|andrewcips has 30 seconds left.
|
|t:|1784314806
|teamsize|p1|4
|teamsize|p2|4
|start
|switch|p1a: Incineroar|Incineroar, L50, F|100/100
|switch|p1b: Greninja|Greninja, L50, M|100/100
|switch|p2a: Garchomp|Garchomp, L50, M|100/100
|switch|p2b: Charizard|Charizard, L50, F|100/100
|-ability|p1a: Incineroar|Intimidate|boost
|-unboost|p2a: Garchomp|atk|1
|-unboost|p2b: Charizard|atk|1
|turn|1
|
|t:|1784314828
|switch|p2a: Incineroar|Incineroar, L50, M|100/100
|-ability|p2a: Incineroar|Intimidate|boost
|-unboost|p1a: Incineroar|atk|1
|-unboost|p1b: Greninja|atk|1
|detailschange|p2b: Charizard|Charizard-Mega-Y, L50, F
|-mega|p2b: Charizard|Charizard|Charizardite Y
|-weather|SunnyDay|[from] ability: Drought|[of] p2b: Charizard
|move|p1a: Incineroar|Fake Out|p2a: Incineroar
|-damage|p2a: Incineroar|93/100
|move|p1b: Greninja|Rock Slide|p2b: Charizard|[spread] p2a,p2b
|-start|p1b: Greninja|typechange|Rock|[from] ability: Protean
|-supereffective|p2a: Incineroar|1
|-supereffective|p2b: Charizard|2
|-damage|p2a: Incineroar|62/100
|-damage|p2b: Charizard|26/100
|-damage|p1b: Greninja|90/100|[from] item: Life Orb
|move|p2b: Charizard|Heat Wave|p1b: Greninja|[spread] p1a,p1b
|-resisted|p1a: Incineroar|1
|-resisted|p1b: Greninja|1
|-damage|p1a: Incineroar|72/100
|-damage|p1b: Greninja|31/100
|
|-weather|SunnyDay|[upkeep]
|upkeep
|turn|2
|inactive|andrewcips has 30 seconds left.
|inactive|andrewcips has 20 seconds left.
|
|t:|1784314867
|switch|p2b: Sylveon|Sylveon, L50, M|100/100
|move|p1b: Greninja|Rock Slide|p2a: Incineroar|[spread] p2a,p2b
|-supereffective|p2a: Incineroar|1
|-damage|p2a: Incineroar|31/100
|-damage|p2b: Sylveon|82/100
|-damage|p1b: Greninja|21/100|[from] item: Life Orb
|move|p1a: Incineroar|Parting Shot|p2b: Sylveon
|-unboost|p2b: Sylveon|atk|1
|-unboost|p2b: Sylveon|spa|1
|inactive|drumer sama has 30 seconds left.
|
|t:|1784314894
|switch|p1a: Lucario|Lucario, L50, M|100/100|[from] Parting Shot
|cant|p2a: Incineroar|flinch
|
|-weather|SunnyDay|[upkeep]
|upkeep
|turn|3
|
|t:|1784314914
|switch|p2a: Garchomp|Garchomp, L50, M|100/100
|detailschange|p1a: Lucario|Lucario-Mega, L50, M
|-mega|p1a: Lucario|Lucario|Lucarionite
|move|p1b: Greninja|Rock Slide|p2a: Garchomp|[spread] p2a,p2b
|-resisted|p2a: Garchomp|1
|-damage|p2a: Garchomp|92/100
|-damage|p2b: Sylveon|64/100
|-damage|p1b: Greninja|12/100|[from] item: Life Orb
|move|p1a: Lucario|Flash Cannon|p2b: Sylveon
|-supereffective|p2b: Sylveon|1
|-damage|p2b: Sylveon|0 fnt
|faint|p2b: Sylveon
|
|-weather|SunnyDay|[upkeep]
|upkeep
|
|t:|1784314924
|switch|p2b: Incineroar|Incineroar, L50, M|31/100
|-ability|p2b: Incineroar|Intimidate|boost
|-unboost|p1a: Lucario|atk|1
|-unboost|p1b: Greninja|atk|1
|turn|4
|
|t:|1784314939
|switch|p2b: Charizard|Charizard-Mega-Y, L50, F|26/100
|move|p1a: Lucario|Detect|p1a: Lucario
|-singleturn|p1a: Lucario|Protect
|move|p1b: Greninja|Ice Beam|p2a: Garchomp
|-supereffective|p2a: Garchomp|2
|-damage|p2a: Garchomp|0 fnt
|faint|p2a: Garchomp
|-damage|p1b: Greninja|2/100|[from] item: Life Orb
|
|-weather|SunnyDay|[upkeep]
|upkeep
|
|t:|1784314946
|switch|p2a: Incineroar|Incineroar, L50, M|31/100
|-ability|p2a: Incineroar|Intimidate|boost
|-unboost|p1a: Lucario|atk|1
|-unboost|p1b: Greninja|atk|1
|turn|5
|
|t:|1784314955
|move|p2b: Charizard|Protect|p2b: Charizard
|-singleturn|p2b: Charizard|Protect
|move|p1b: Greninja|Rock Slide|p2b: Charizard|[spread] p2a
|-activate|p2b: Charizard|move: Protect
|-supereffective|p2a: Incineroar|1
|-damage|p2a: Incineroar|14/100
|-damage|p1b: Greninja|0 fnt|[from] item: Life Orb
|faint|p1b: Greninja
|move|p1a: Lucario|Aura Sphere|p2a: Incineroar
|-supereffective|p2a: Incineroar|1
|-damage|p2a: Incineroar|0 fnt
|faint|p2a: Incineroar
|
|-weather|none
|upkeep
|-message|andrewcips forfeited.
|
|win|drumer sama
|l|☆andrewcips
|player|p2|
||andrewcips is ready for game 2.
||drumer sama is ready for game 2.
|uhtml|next|Next: Game 2 of 3
