|j|☆RickCtrl
|j|☆colemarcusvgc
|html|RickCtrlcolemarcusvgc    
|uhtml|bestof|Game 2 of a best-of-3
|t:|1756530316
|gametype|doubles
|player|p1|RickCtrl|101|1088
|player|p2|colemarcusvgc|n|1000
|gen|9
|tier|[Gen 9] VGC 2025 Reg H (Bo3)
|rated|
|rule|Species Clause: Limit one of each Pokémon
|rule|Item Clause: Limit 1 of each item
|clearpoke
|poke|p1|Indeedee, L50, M|
|poke|p1|Sneasler, L50, F|
|poke|p1|Ursaluna-Bloodmoon, L50, M|
|poke|p1|Electabuzz, L50, M|
|poke|p1|Talonflame, L50, M|
|poke|p1|Incineroar, L50, M|
|poke|p2|Indeedee-F, L50, F|
|poke|p2|Hatterene, L50, F|
|poke|p2|Ursaluna, L50, F|
|poke|p2|Amoonguss, L50, F|
|poke|p2|Porygon2, L50|
|poke|p2|Tyranitar, L50, F|
|teampreview|4
|showteam|p1|Indeedee||FocusSash|PsychicSurge|ExpandingForce,HelpingHand,Protect,TrickRoom|||M|||50|,,,,,Psychic]Sneasler||PsychicSeed|Unburden|Protect,DireClaw,CloseCombat,ThroatChop|||F|||50|,,,,,Dark]Ursaluna-Bloodmoon||LifeOrb|MindsEye|BloodMoon,HyperVoice,EarthPower,Protect|||M|||50|,,,,,Normal]Electabuzz||Eviolite|VitalSpirit|Protect,Taunt,FollowMe,Electroweb|||M|||50|,,,,,Fairy]Talonflame||CovertCloak|GaleWings|Tailwind,WillOWisp,DualWingbeat,FlareBlitz|||M|||50|,,,,,Stellar]Incineroar||SafetyGoggles|Intimidate|FakeOut,Taunt,KnockOff,PartingShot|||M|||50|,,,,,Ghost
|showteam|p2|Indeedee-F||RockyHelmet|PsychicSurge|FollowMe,HelpingHand,TrickRoom,DazzlingGleam|||F|||50|,,,,,Steel]Hatterene||LifeOrb|MagicBounce|TrickRoom,ExpandingForce,MysticalFire,DazzlingGleam|||F|||50|,,,,,Ghost]Ursaluna||FlameOrb|Guts|Facade,HeadlongRush,Earthquake,Protect|||F|||50|,,,,,Ghost]Amoonguss||SitrusBerry|Regenerator|Spore,RagePowder,PollenPuff,SludgeBomb|||F|||50|,,,,,Water]Porygon2||Eviolite|Download|IceBeam,TeraBlast,Recover,TrickRoom||||||50|,,,,,Grass]Tyranitar||SafetyGoggles|SandStream|RockSlide,Crunch,LowKick,IcePunch|||F|||50|,,,,,Fairy
|
|t:|1756530347
|teamsize|p1|4
|teamsize|p2|4
|start
|switch|p1a: Ursaluna|Ursaluna-Bloodmoon, L50, M|100/100
|switch|p1b: Indeedee|Indeedee, L50, M, shiny|100/100
|switch|p2a: Indeedee|Indeedee-F, L50, F|100/100
|switch|p2b: Porygon2|Porygon2, L50|100/100
|-fieldstart|move: Psychic Terrain|[from] ability: Psychic Surge|[of] p1b: Indeedee
|-ability|p2b: Porygon2|Download|boost
|-boost|p2b: Porygon2|spa|1
|turn|1
|
|t:|1756530376
|-terastallize|p1a: Ursaluna|Normal
|-terastallize|p2a: Indeedee|Steel
|move|p1b: Indeedee|Helping Hand|p1a: Ursaluna
|-singleturn|p1a: Ursaluna|Helping Hand|[of] p1b: Indeedee
|move|p2a: Indeedee|Follow Me|p2a: Indeedee
|-singleturn|p2a: Indeedee|move: Follow Me
|move|p1a: Ursaluna|Hyper Voice|p2a: Indeedee|[spread] p2a,p2b
|-resisted|p2a: Indeedee
|-damage|p2a: Indeedee|59/100
|-damage|p2b: Porygon2|41/100
|-damage|p1a: Ursaluna|91/100|[from] item: Life Orb
|move|p2b: Porygon2|Trick Room|p2b: Porygon2
|-fieldstart|move: Trick Room|[of] p2b: Porygon2
|
|upkeep
|turn|2
|
|t:|1756530411
|switch|p2b: Tyranitar|Tyranitar, L50, F|100/100
|-weather|Sandstorm|[from] ability: Sand Stream|[of] p2b: Tyranitar
|switch|p2a: Ursaluna|Ursaluna, L50, F|100/100
|move|p1a: Ursaluna|Earth Power|p2a: Ursaluna
|-damage|p2a: Ursaluna|43/100
|-damage|p1a: Ursaluna|81/100|[from] item: Life Orb
|move|p1b: Indeedee|Trick Room|p1b: Indeedee
|-fieldend|move: Trick Room
|
|-weather|Sandstorm|[upkeep]
|-damage|p1b: Indeedee|95/100|[from] Sandstorm
|-damage|p1a: Ursaluna|76/100|[from] Sandstorm
|-status|p2a: Ursaluna|brn|[from] item: Flame Orb
|upkeep
|turn|3
|
|t:|1756530453
|move|p1a: Ursaluna|Protect|p1a: Ursaluna
|-singleturn|p1a: Ursaluna|Protect
|move|p1b: Indeedee|Expanding Force|p2a: Ursaluna|[spread] p2a
|-immune|p2b: Tyranitar
|-crit|p2a: Ursaluna
|-damage|p2a: Ursaluna|0 fnt
|faint|p2a: Ursaluna
|move|p2b: Tyranitar|Crunch|p1b: Indeedee
|-supereffective|p1b: Indeedee
|-damage|p1b: Indeedee|0 fnt
|faint|p1b: Indeedee
|
|-weather|Sandstorm|[upkeep]
|-damage|p1a: Ursaluna|70/100|[from] Sandstorm
|upkeep
|
|t:|1756530473
|switch|p1b: Sneasler|Sneasler, L50, F, shiny|100/100
|switch|p2a: Indeedee|Indeedee-F, L50, F, tera:Steel|59/100
|-enditem|p1b: Sneasler|Psychic Seed
|-boost|p1b: Sneasler|spd|1|[from] item: Psychic Seed
|turn|4
|
|t:|1756530497
|switch|p1a: Incineroar|Incineroar, L50, M|100/100
|-ability|p1a: Incineroar|Intimidate|boost
|-unboost|p2a: Indeedee|atk|1
|-unboost|p2b: Tyranitar|atk|1
|switch|p2b: Porygon2|Porygon2, L50|41/100
|-ability|p2b: Porygon2|Download|boost
|-boost|p2b: Porygon2|atk|1
|move|p1b: Sneasler|Close Combat|p2a: Indeedee
|-supereffective|p2a: Indeedee
|-damage|p2a: Indeedee|0 fnt
|-unboost|p1b: Sneasler|def|1
|-unboost|p1b: Sneasler|spd|1
|-damage|p1b: Sneasler|84/100|[from] item: Rocky Helmet|[of] p2a: Indeedee
|faint|p2a: Indeedee
|
|-weather|Sandstorm|[upkeep]
|-damage|p1b: Sneasler|78/100|[from] Sandstorm
|-damage|p2b: Porygon2|35/100|[from] Sandstorm
|upkeep
|
|t:|1756530512
|switch|p2a: Tyranitar|Tyranitar, L50, F|100/100
|turn|5
|
|t:|1756530534
|move|p1b: Sneasler|Dire Claw|p2a: Tyranitar
|-resisted|p2a: Tyranitar
|-damage|p2a: Tyranitar|83/100
|-status|p2a: Tyranitar|par
|move|p1a: Incineroar|Taunt|p2b: Porygon2
|-start|p2b: Porygon2|move: Taunt
|move|p2a: Tyranitar|Rock Slide|p1b: Sneasler|[spread] p1a,p1b
|-supereffective|p1a: Incineroar
|-resisted|p1b: Sneasler
|-damage|p1a: Incineroar|41/100
|-damage|p1b: Sneasler|40/100
|cant|p2b: Porygon2|move: Taunt|Trick Room
|
|-weather|Sandstorm|[upkeep]
|-damage|p1b: Sneasler|35/100|[from] Sandstorm
|-damage|p2b: Porygon2|29/100|[from] Sandstorm
|-fieldend|move: Psychic Terrain
|upkeep
|turn|6
|
|t:|1756530561
|move|p1b: Sneasler|Close Combat|p2b: Porygon2
|-supereffective|p2b: Porygon2
|-damage|p2b: Porygon2|0 fnt
|-unboost|p1b: Sneasler|def|1
|-unboost|p1b: Sneasler|spd|1
|faint|p2b: Porygon2
|move|p1a: Incineroar|Parting Shot|p2a: Tyranitar
|-unboost|p2a: Tyranitar|atk|1
|-unboost|p2a: Tyranitar|spa|1
|
|t:|1756530570
|switch|p1a: Ursaluna|Ursaluna-Bloodmoon, L50, M, tera:Normal|70/100|[from] Parting Shot
|move|p2a: Tyranitar|Rock Slide|p1a: Ursaluna|[spread] p1a,p1b
|-resisted|p1b: Sneasler
|-damage|p1a: Ursaluna|51/100
|-damage|p1b: Sneasler|2/100
|
|-weather|none
|upkeep
|turn|7
|
|t:|1756530589
|move|p1b: Sneasler|Dire Claw|p2a: Tyranitar
|-resisted|p2a: Tyranitar
|-damage|p2a: Tyranitar|65/100 par
|move|p1a: Ursaluna|Earth Power|p2a: Tyranitar
|-supereffective|p2a: Tyranitar
|-crit|p2a: Tyranitar
|-damage|p2a: Tyranitar|0 fnt
|faint|p2a: Tyranitar
|-damage|p1a: Ursaluna|41/100|[from] item: Life Orb
|
|win|RickCtrl
|raw|RickCtrl's rating: 1088 → 1108(+20 for winning)
|raw|colemarcusvgc's rating: 1000 → 1000(+0 for losing)
|c|☆colemarcusvgc|gg!
