|j|â˜†Agesilao
|j|â˜†UnApostrofoRosaVGC
|html|AgesilaoUnApostrofoRosaVGC    
|uhtml|bestof|Game 2 of a best-of-3
|t:|1756199489
|gametype|doubles
|player|p1|Agesilao|palmer|1290
|player|p2|UnApostrofoRosaVGC|101|1236
|gen|9
|tier|[Gen 9] VGC 2025 Reg H (Bo3)
|rated|
|rule|Species Clause: Limit one of each PokÃ©mon
|rule|Item Clause: Limit 1 of each item
|clearpoke
|poke|p1|Dondozo, L50, M|
|poke|p1|Tatsugiri, L50, M|
|poke|p1|Indeedee, L50, M|
|poke|p1|Sneasler, L50, M|
|poke|p1|Murkrow, L50, F|
|poke|p1|Gholdengo, L50|
|poke|p2|Indeedee-F, L50, F|
|poke|p2|Hatterene, L50, F|
|poke|p2|Ursaluna, L50, M|
|poke|p2|Torkoal, L50, M|
|poke|p2|Gallade, L50, M|
|poke|p2|Lilligant-Hisui, L50, F|
|teampreview|4
|showteam|p1|Dondozo||SafetyGoggles|Unaware|WaveCrash,Earthquake,OrderUp,Protect|||M|||50|,,,,,Steel]Tatsugiri||ChoiceScarf|Commander|MuddyWater,DracoMeteor,DragonPulse,IcyWind|||M|||50|,,,,,Ghost]Indeedee||FocusSash|PsychicSurge|ExpandingForce,Imprison,TrickRoom,HelpingHand|||M|||50|,,,,,Psychic]Sneasler||PsychicSeed|Unburden|CloseCombat,DireClaw,ThroatChop,Protect|||M|||50|,,,,,Dark]Murkrow||Eviolite|Prankster|FoulPlay,Tailwind,Haze,SunnyDay|||F|||50|,,,,,Ghost]Gholdengo||ChoiceSpecs|GoodasGold|MakeItRain,ShadowBall,PowerGem,Trick||||||50|,,,,,Steel
|showteam|p2|Indeedee-F||PsychicSeed|PsychicSurge|Psychic,HelpingHand,FollowMe,TrickRoom|||F|||50|,,,,,Fairy]Hatterene||CovertCloak|MagicBounce|ExpandingForce,DazzlingGleam,TeraBlast,TrickRoom|||F|||50|,,,,,Fire]Ursaluna||FlameOrb|Guts|Facade,HeadlongRush,Earthquake,Protect|||M|||50|,,,,,Ghost]Torkoal||Charcoal|Drought|Eruption,WeatherBall,HeatWave,Protect|||M|||50|,,,,,Fire]Gallade||ClearAmulet|Sharpness|SacredSword,PsychoCut,TrickRoom,Protect|||M|||50|,,,,,Grass]Lilligant-Hisui||FocusSash|Chlorophyll|SolarBeam,CloseCombat,SleepPowder,AfterYou|||F|||50|,,,,,Ghost
|inactive|Battle timer is ON: inactive players will automatically lose when time's up. (requested by Agesilao)
|
|t:|1756199509
|teamsize|p1|4
|teamsize|p2|4
|start
|switch|p1a: Indeedee|Indeedee, L50, M|100/100
|switch|p1b: Sneasler|Sneasler, L50, M|100/100
|switch|p2a: Indeedee|Indeedee-F, L50, F|100/100
|switch|p2b: Hatterene|Hatterene, L50, F|100/100
|-fieldstart|move: Psychic Terrain|[from] ability: Psychic Surge|[of] p1a: Indeedee
|-enditem|p1b: Sneasler|Psychic Seed
|-boost|p1b: Sneasler|spd|1|[from] item: Psychic Seed
|-enditem|p2a: Indeedee|Psychic Seed
|-boost|p2a: Indeedee|spd|1|[from] item: Psychic Seed
|turn|1
|
|t:|1756199527
|-terastallize|p1b: Sneasler|Dark
|move|p2a: Indeedee|Follow Me|p2a: Indeedee
|-singleturn|p2a: Indeedee|move: Follow Me
|move|p1b: Sneasler|Throat Chop|p2a: Indeedee
|-supereffective|p2a: Indeedee
|-damage|p2a: Indeedee|21/100
|-start|p2a: Indeedee|Throat Chop|[silent]
|move|p1a: Indeedee|Imprison|p1a: Indeedee
|-start|p1a: Indeedee|move: Imprison
|move|p2b: Hatterene|Dazzling Gleam|p1b: Sneasler|[spread] p1a,p1b
|-supereffective|p1b: Sneasler
|-damage|p1a: Indeedee|53/100
|-damage|p1b: Sneasler|35/100
|
|upkeep
|turn|2
|inactive|UnApostrofoRosaVGC has 30 seconds left.
|inactive|UnApostrofoRosaVGC has 20 seconds left.
|
|t:|1756199565
|move|p1b: Sneasler|Protect|p1b: Sneasler
|-singleturn|p1b: Sneasler|Protect
|move|p2a: Indeedee|Follow Me|p2a: Indeedee
|-singleturn|p2a: Indeedee|move: Follow Me
|move|p1a: Indeedee|Expanding Force|p2a: Indeedee|[spread] p2a,p2b
|-resisted|p2a: Indeedee
|-resisted|p2b: Hatterene
|-damage|p2a: Indeedee|5/100
|-damage|p2b: Hatterene|74/100
|move|p2b: Hatterene|Dazzling Gleam|p1a: Indeedee|[spread] p1a
|-activate|p1b: Sneasler|move: Protect
|-damage|p1a: Indeedee|9/100
|
|-end|p2a: Indeedee|Throat Chop|[silent]
|upkeep
|turn|3
|
|t:|1756199586
|switch|p1b: Gholdengo|Gholdengo, L50|100/100
|move|p2a: Indeedee|Follow Me|p2a: Indeedee
|-singleturn|p2a: Indeedee|move: Follow Me
|move|p1a: Indeedee|Expanding Force|p2a: Indeedee|[spread] p2a,p2b
|-resisted|p2a: Indeedee
|-resisted|p2b: Hatterene
|-damage|p2a: Indeedee|0 fnt
|-damage|p2b: Hatterene|44/100
|faint|p2a: Indeedee
|move|p2b: Hatterene|Dazzling Gleam|p1a: Indeedee|[spread] p1a,p1b
|-resisted|p1b: Gholdengo
|-damage|p1a: Indeedee|0 fnt
|-damage|p1b: Gholdengo|80/100
|faint|p1a: Indeedee
|
|upkeep
|
|t:|1756199605
|switch|p1a: Sneasler|Sneasler, L50, M, tera:Dark|35/100
|switch|p2a: Ursaluna|Ursaluna, L50, M|100/100
|turn|4
|
|t:|1756199624
|-terastallize|p2a: Ursaluna|Ghost
|move|p1a: Sneasler|Throat Chop|p2a: Ursaluna
|-supereffective|p2a: Ursaluna
|-damage|p2a: Ursaluna|36/100
|-start|p2a: Ursaluna|Throat Chop|[silent]
|move|p1b: Gholdengo|Make It Rain|p2a: Ursaluna|[spread] p2a,p2b
|-supereffective|p2b: Hatterene
|-damage|p2a: Ursaluna|0 fnt
|-damage|p2b: Hatterene|0 fnt
|-unboost|p1b: Gholdengo|spa|1
|faint|p2a: Ursaluna
|faint|p2b: Hatterene
|
|upkeep
|
|t:|1756199631
|switch|p2a: Gallade|Gallade, L50, M|100/100
|turn|5
|
|t:|1756199639
|switch|p1b: Tatsugiri|Tatsugiri, L50, M|100/100
|move|p1a: Sneasler|Throat Chop|p2a: Gallade
|-damage|p2a: Gallade|42/100
|-start|p2a: Gallade|Throat Chop|[silent]
|move|p2a: Gallade|Sacred Sword|p1a: Sneasler
|-supereffective|p1a: Sneasler
|-damage|p1a: Sneasler|0 fnt
|faint|p1a: Sneasler
|
|-fieldend|move: Psychic Terrain
|upkeep
|
|t:|1756199645
|switch|p1a: Gholdengo|Gholdengo, L50|80/100
|turn|6
|
|t:|1756199650
|move|p1b: Tatsugiri|Dragon Pulse|p2a: Gallade
|-damage|p2a: Gallade|2/100
|move|p1a: Gholdengo|Shadow Ball|p2a: Gallade
|-supereffective|p2a: Gallade
|-damage|p2a: Gallade|0 fnt
|faint|p2a: Gallade
|
|win|Agesilao
|raw|Agesilao's rating: 1290 → 1311(+21 for winning)
|raw|UnApostrofoRosaVGC's rating: 1236 → 1215(-21 for losing)
