|j|☆salvulcano24
|j|☆ethical sga
|html|salvulcano24ethical sga    
|uhtml|bestof|Game 1 of a best-of-3
|t:|1784821631
|gametype|doubles
|player|p1|salvulcano24|pokemonbreederf|1080
|player|p2|ethical sga|lass-gen4dp|1179
|gen|9
|tier|[Gen 9 Champions] VGC 2026 Reg M-B (Bo3)
|rated|
|rule|Species Clause: Limit one of each Pokémon
|rule|Item Clause: Limit 1 of each item
|clearpoke
|poke|p1|Farigiraf, L50, M|
|poke|p1|Gardevoir, L50, M|
|poke|p1|Venusaur, L50, M|
|poke|p1|Aerodactyl, L50, M|
|poke|p1|Garchomp, L50, M|
|poke|p1|Rampardos, L50, M, shiny|
|poke|p2|Charizard, L50, M|
|poke|p2|Venusaur, L50, F|
|poke|p2|Mamoswine, L50, M|
|poke|p2|Garchomp, L50, F|
|poke|p2|Incineroar, L50, F|
|poke|p2|Toxapex, L50, M|
|teampreview|4
|showteam|p1|Farigiraf||SitrusBerry|ArmorTail|Psychic,TrickRoom,Protect,HelpingHand|Bold||M|||50|]Gardevoir||Gardevoirite|Synchronize|Protect,AuraSphere,HyperVoice,TrickRoom|Modest||M|||50|]Venusaur||Venusaurite|Overgrow|Protect,GigaDrain,SludgeBomb,EarthPower|Modest||M|||50|]Aerodactyl||FocusSash|Unnerve|RockSlide,DualWingbeat,Tailwind,WideGuard|Jolly||M|||50|]Garchomp||RoseliBerry|RoughSkin|StompingTantrum,DragonClaw,SwordsDance,Protect|Jolly||M|||50|]Rampardos||LifeOrb|SheerForce|RockSlide,FirePunch,ThunderPunch,Protect|Adamant||M|||50|
|showteam|p2|Charizard||CharizarditeY|Blaze|Protect,WeatherBall,HeatWave,HelpingHand|Modest||M|||50|]Venusaur||LifeOrb|Chlorophyll|Protect,SludgeBomb,EarthPower,LeafStorm|Modest||F|||50|]Mamoswine||FocusSash|Oblivious|Protect,RockTomb,IceShard,HighHorsepower|Jolly||M|||50|]Garchomp||ChoiceScarf|RoughSkin|DragonClaw,Earthquake,RockSlide,StompingTantrum|Adamant||F|||50|]Incineroar||SitrusBerry|Intimidate|PartingShot,FlareBlitz,ThroatChop,FakeOut|Impish||F|||50|]Toxapex||Leftovers|Regenerator|BanefulBunker,Infestation,Toxic,WideGuard|Bold||M|||50|
|
|t:|1784821700
|teamsize|p1|4
|teamsize|p2|4
|start
|switch|p1a: Aerodactyl|Aerodactyl, L50, M|100/100
|switch|p1b: Gardevoir|Gardevoir, L50, M|100/100
|switch|p2a: Incineroar|Incineroar, L50, F|100/100
|switch|p2b: Mamoswine|Mamoswine, L50, M|100/100
|-ability|p1a: Aerodactyl|Unnerve
|-ability|p2a: Incineroar|Intimidate|boost
|-unboost|p1a: Aerodactyl|atk|1
|-unboost|p1b: Gardevoir|atk|1
|turn|1
|
|t:|1784821757
|switch|p1a: Farigiraf|Farigiraf, L50, M|100/100
|detailschange|p1b: Gardevoir|Gardevoir-Mega, L50, M
|-mega|p1b: Gardevoir|Gardevoir|Gardevoirite
|move|p2a: Incineroar|Fake Out||[still]
|cant|p1a: Farigiraf|ability: Armor Tail|Fake Out|[of] p2a: Incineroar
|move|p2b: Mamoswine|High Horsepower|p1b: Gardevoir
|-damage|p1b: Gardevoir|26/100
|move|p1b: Gardevoir|Aura Sphere|p2a: Incineroar
|-supereffective|p2a: Incineroar|1
|-damage|p2a: Incineroar|34/100
|-enditem|p2a: Incineroar|Sitrus Berry|[eat]
|-heal|p2a: Incineroar|59/100|[from] item: Sitrus Berry
|
|upkeep
|turn|2
|
|t:|1784821786
|move|p2b: Mamoswine|High Horsepower|p1a: Farigiraf
|-damage|p1a: Farigiraf|57/100
|move|p1b: Gardevoir|Hyper Voice|p2a: Incineroar|[spread] p2a,p2b
|-damage|p2a: Incineroar|16/100
|-damage|p2b: Mamoswine|22/100
|move|p2a: Incineroar|Throat Chop|p1a: Farigiraf
|-supereffective|p1a: Farigiraf|1
|-damage|p1a: Farigiraf|6/100
|-start|p1a: Farigiraf|Throat Chop|[silent]
|-enditem|p1a: Farigiraf|Sitrus Berry|[eat]
|-heal|p1a: Farigiraf|30/100|[from] item: Sitrus Berry
|move|p1a: Farigiraf|Trick Room|p1a: Farigiraf
|-fieldstart|move: Trick Room|[of] p1a: Farigiraf
|
|upkeep
|turn|3
|
|t:|1784821810
|switch|p2b: Charizard|Charizard, L50, M|100/100
|move|p1a: Farigiraf|Psychic|p2b: Charizard
|-damage|p2b: Charizard|59/100
|-unboost|p2b: Charizard|spd|1
|move|p2a: Incineroar|Throat Chop|p1b: Gardevoir
|-damage|p1b: Gardevoir|0 fnt
|faint|p1b: Gardevoir
|
|-end|p1a: Farigiraf|Throat Chop|[silent]
|upkeep
|
|t:|1784821819
|switch|p1b: Rampardos|Rampardos, L50, M, shiny|100/100
|turn|4
|
|t:|1784821836
|switch|p2a: Mamoswine|Mamoswine, L50, M|22/100
|move|p2b: Charizard|Protect|p2b: Charizard
|-singleturn|p2b: Charizard|Protect
|move|p1b: Rampardos|Rock Slide|p2a: Mamoswine|[spread] p2a
|-activate|p2b: Charizard|move: Protect
|-damage|p2a: Mamoswine|0 fnt
|faint|p2a: Mamoswine
|move|p1a: Farigiraf|Psychic|p2b: Charizard
|-activate|p2b: Charizard|move: Protect
|
|upkeep
|
|t:|1784821842
|switch|p2a: Incineroar|Incineroar, L50, F|16/100
|-ability|p2a: Incineroar|Intimidate|boost
|-unboost|p1a: Farigiraf|atk|1
|-unboost|p1b: Rampardos|atk|1
|turn|5
|
|t:|1784821853
|switch|p2b: Venusaur|Venusaur, L50, F|100/100
|move|p1b: Rampardos|Rock Slide|p2b: Venusaur|[spread] p2a,p2b
|-supereffective|p2a: Incineroar|1
|-damage|p2a: Incineroar|0 fnt
|-damage|p2b: Venusaur|44/100
|faint|p2a: Incineroar
|move|p1a: Farigiraf|Psychic|p2b: Venusaur
|-supereffective|p2b: Venusaur|1
|-damage|p2b: Venusaur|0 fnt
|faint|p2b: Venusaur
|
|upkeep
|
|t:|1784821858
|switch|p2b: Charizard|Charizard, L50, M|59/100
|turn|6
|
|t:|1784821867
|switch|p1a: Aerodactyl|Aerodactyl, L50, M|100/100
|-ability|p1a: Aerodactyl|Unnerve
|move|p2b: Charizard|Protect|p2b: Charizard
|-singleturn|p2b: Charizard|Protect
|move|p1b: Rampardos|Rock Slide|p2b: Charizard
|-activate|p2b: Charizard|move: Protect
|
|-fieldend|move: Trick Room
|upkeep
|turn|7
|
|t:|1784821879
|detailschange|p2b: Charizard|Charizard-Mega-Y, L50, M
|-mega|p2b: Charizard|Charizard|Charizardite Y
|-weather|SunnyDay|[from] ability: Drought|[of] p2b: Charizard
|move|p1a: Aerodactyl|Rock Slide|p2b: Charizard
|-supereffective|p2b: Charizard|2
|-damage|p2b: Charizard|0 fnt
|faint|p2b: Charizard
|
|win|salvulcano24
||ethical sga is ready for game 2.
||salvulcano24 is ready for game 2.
|uhtml|next|Next: Game 2 of 3
|l|☆ethical sga
|player|p2|
