|j|☆nulsen3
|j|☆gundot
|html|nulsen3gundot    
|uhtml|bestof|Game 1 of a best-of-3
|t:|1782670510
|gametype|doubles
|player|p1|nulsen3|265|1124
|player|p2|gundot|ethan-gen2|1118
|gen|9
|tier|[Gen 9 Champions] VGC 2026 Reg M-B (Bo3)
|rated|
|rule|Species Clause: Limit one of each Pokémon
|rule|Item Clause: Limit 1 of each item
|clearpoke
|poke|p1|Eelektross, L50, M|
|poke|p1|Sinistcha-Masterpiece, L50|
|poke|p1|Mamoswine, L50, F|
|poke|p1|Sylveon, L50, M|
|poke|p1|Snorlax, L50, F|
|poke|p1|Incineroar, L50, M|
|poke|p2|Pelipper, L50, M|
|poke|p2|Incineroar, L50, M, shiny|
|poke|p2|Sinistcha, L50, shiny|
|poke|p2|Mawile, L50, F, shiny|
|poke|p2|Sneasler, L50, F|
|poke|p2|Swampert, L50, M, shiny|
|teampreview|4
|showteam|p1|Eelektross||Eelektrossite|Levitate|Thunderbolt,Flamethrower,MuddyWater,Protect|Modest||M|||50|]Sinistcha-Masterpiece||MentalHerb|Hospitality|TrickRoom,RagePowder,MatchaGotcha,Protect|Sassy|||||50|]Mamoswine||ChoiceScarf|Oblivious|Earthquake,RockSlide,IcicleCrash,StompingTantrum|Jolly||F|||50|]Sylveon||FairyFeather|Pixilate|HyperVoice,HyperBeam,CalmMind,Detect|Quiet||M|||50|]Snorlax||SitrusBerry|ThickFat|Facade,BellyDrum,HighHorsepower,Protect|Relaxed||F|||50|]Incineroar||LumBerry|Intimidate|FakeOut,DarkestLariat,Taunt,PartingShot|Careful||M|||50|
|showteam|p2|Pelipper||SitrusBerry|Drizzle|Hurricane,WeatherBall,WideGuard,Protect|Modest||M|||50|]Incineroar||ChopleBerry|Intimidate|FlareBlitz,DarkestLariat,PartingShot,FakeOut|Careful||M|||50|]Sinistcha||Leftovers|Hospitality|MatchaGotcha,RagePowder,TrickRoom,ShadowBall|Calm|||||50|]Mawile||Mawilite|HyperCutter|PlayRough,SwordsDance,SuckerPunch,Protect|Brave||F|||50|]Sneasler||FocusSash|Unburden|DireClaw,CloseCombat,Coaching,FakeOut|Jolly||F|||50|]Swampert||Swampertite|Damp|Earthquake,WaveCrash,BulkUp,Protect|Adamant||M|||50|
|inactive|Battle timer is ON: inactive players will automatically lose when time's up. (requested by gundot)
|inactive|nulsen3 has 60 seconds left.
|inactive|gundot has 60 seconds left.
|
|t:|1782670568
|teamsize|p1|4
|teamsize|p2|4
|start
|switch|p1a: Eelektross|Eelektross, L50, M|100/100
|switch|p1b: Mamoswine|Mamoswine, L50, F|100/100
|switch|p2a: Mawile|Mawile, L50, F, shiny|100/100
|switch|p2b: Sinistcha|Sinistcha, L50, shiny|100/100
|turn|1
|
|t:|1782670586
|detailschange|p1a: Eelektross|Eelektross-Mega, L50, M
|-mega|p1a: Eelektross|Eelektross|Eelektrossite
|move|p2a: Mawile|Protect|p2a: Mawile
|-singleturn|p2a: Mawile|Protect
|move|p1b: Mamoswine|Earthquake|p2b: Sinistcha|[spread] p2b
|-activate|p2a: Mawile|move: Protect
|-immune|p1a: Eelektross|[from] ability: Levitate
|-resisted|p2b: Sinistcha|1
|-damage|p2b: Sinistcha|81/100
|move|p1a: Eelektross|Flamethrower|p2b: Sinistcha
|-supereffective|p2b: Sinistcha|1
|-damage|p2b: Sinistcha|21/100
|move|p2b: Sinistcha|Trick Room|p2b: Sinistcha
|-fieldstart|move: Trick Room|[of] p2b: Sinistcha
|
|-heal|p2b: Sinistcha|27/100|[from] item: Leftovers
|upkeep
|turn|2
|
|t:|1782670606
|detailschange|p2a: Mawile|Mawile-Mega, L50, F, shiny
|-mega|p2a: Mawile|Mawile|Mawilite
|move|p2a: Mawile|Play Rough|p1b: Mamoswine
|-damage|p1b: Mamoswine|0 fnt
|faint|p1b: Mamoswine
|move|p2b: Sinistcha|Matcha Gotcha|p1a: Eelektross
|-damage|p1a: Eelektross|69/100
|-heal|p2b: Sinistcha|44/100|[from] drain|[of] p1a: Eelektross
|move|p1a: Eelektross|Flamethrower|p2a: Mawile
|-supereffective|p2a: Mawile|1
|-damage|p2a: Mawile|22/100
|-status|p2a: Mawile|brn
|
|-heal|p2b: Sinistcha|50/100g|[from] item: Leftovers
|-damage|p2a: Mawile|16/100 brn|[from] brn
|upkeep
|
|t:|1782670611
|switch|p1b: fika|Incineroar, L50, M|100/100
|-ability|p1b: fika|Intimidate|boost
|-unboost|p2a: Mawile|atk|1
|-unboost|p2b: Sinistcha|atk|1
|turn|3
|
|t:|1782670625
|move|p2a: Mawile|Protect|p2a: Mawile
|-singleturn|p2a: Mawile|Protect
|move|p1b: fika|Darkest Lariat|p2b: Sinistcha
|-supereffective|p2b: Sinistcha|1
|-damage|p2b: Sinistcha|0 fnt
|faint|p2b: Sinistcha
|move|p1a: Eelektross|Muddy Water|p2a: Mawile
|-activate|p2a: Mawile|move: Protect
|
|-damage|p2a: Mawile|10/100 brn|[from] brn
|upkeep
|
|t:|1782670630
|switch|p2b: Pelipper|Pelipper, L50, M|100/100
|-weather|RainDance|[from] ability: Drizzle|[of] p2b: Pelipper
|turn|4
|inactive|nulsen3 has 30 seconds left.
|
|t:|1782670656
|move|p2a: Mawile|Play Rough|p1a: Eelektross
|-damage|p1a: Eelektross|38/100
|move|p1b: fika|Darkest Lariat|p2a: Mawile
|-resisted|p2a: Mawile|1
|-damage|p2a: Mawile|0 fnt
|faint|p2a: Mawile
|move|p2b: Pelipper|Weather Ball|p1a: Eelektross
|-damage|p1a: Eelektross|0 fnt
|faint|p1a: Eelektross
|
|-weather|RainDance|[upkeep]
|upkeep
|
|t:|1782670660
|switch|p2a: Incineroar|Incineroar, L50, M, shiny|100/100
|switch|p1a: Sylveon|Sylveon, L50, M|100/100
|-ability|p2a: Incineroar|Intimidate|boost
|-unboost|p1a: Sylveon|atk|1
|-unboost|p1b: fika|atk|1
|turn|5
|inactive|nulsen3 has 30 seconds left.
|
|t:|1782670691
|move|p2a: Incineroar|Fake Out|p1b: fika
|-damage|p1b: fika|89/100
|move|p1a: Sylveon|Hyper Beam|p2b: Pelipper
|-damage|p2b: Pelipper|0 fnt
|-mustrecharge|p1a: Sylveon
|faint|p2b: Pelipper
|cant|p1b: fika|flinch
|
|-weather|RainDance|[upkeep]
|-fieldend|move: Trick Room
|upkeep
|turn|6
|-message|gundot forfeited.
|
|win|nulsen3
