|badge|p1|silver|gen9ou|30-6
|uhtml|medal-msg|Curious what those medals under the avatar are? PS now has Ladder Seasons! For more information, check out the thread on Smogon.
|j|☆JackRG1
|j|☆GrassHopperWater
|html|JackRG1GrassHopperWater    
|uhtml|bestof|Game 2 of a best-of-3
|t:|1757793869
|gametype|doubles
|player|p1|JackRG1|dawn-gen4pt|1155
|player|p2|GrassHopperWater|erika|1000
|gen|9
|tier|[Gen 9] VGC 2025 Reg H (Bo3)
|rated|
|rule|Species Clause: Limit one of each Pokémon
|rule|Item Clause: Limit 1 of each item
|clearpoke
|poke|p1|Tyranitar, L50, F|
|poke|p1|Excadrill, L50, M|
|poke|p1|Corviknight, L50, M|
|poke|p1|Glimmora, L50, M|
|poke|p1|Indeedee-F, L50, F|
|poke|p1|Hatterene, L50, F|
|poke|p2|Ursaluna, L50, M|
|poke|p2|Porygon2, L50|
|poke|p2|Yanmega, L50, F|
|poke|p2|Incineroar, L50, F|
|poke|p2|Sylveon, L50, M|
|poke|p2|Sneasler, L50, F|
|teampreview|4
|showteam|p1|Tyranitar||AssaultVest|SandStream|RockSlide,KnockOff,TeraBlast,LowKick|||F|||50|,,,,,Flying]Excadrill||FocusSash|SandRush|Earthquake,HighHorsepower,IronHead,Protect|||M|||50|,,,,,Stellar]Corviknight||PsychicSeed|MirrorArmor|BraveBird,PowerTrip,BulkUp,Roost|||M|||50|,,,,,Dragon]Glimmora||ChoiceScarf|ToxicDebris|EnergyBall,PowerGem,EarthPower,SludgeBomb|||M|||50|,,,,,Grass]Indeedee-F||SafetyGoggles|PsychicSurge|FollowMe,Psychic,TrickRoom,Protect|||F|||50|,,,,,Poison]Hatterene||LifeOrb|MagicBounce|TrickRoom,Protect,ExpandingForce,DazzlingGleam|||F|||50|,,,,,Fairy
|showteam|p2|Ursaluna||FlameOrb|Guts|Facade,Earthquake,HeadlongRush,Protect|||M|||50|,,,,,Dragon]Porygon2||Eviolite|Download|TeraBlast,Protect,IcyWind,TrickRoom||||||50|,,,,,Flying]Yanmega||FocusSash|SpeedBoost|AirSlash,BugBuzz,Tailwind,Protect|||F|||50|,,,,,Ghost]Incineroar||AssaultVest|Intimidate|FakeOut,KnockOff,Uturn,FlareBlitz|||F|||50|,,,,,Ghost]Sylveon||ThroatSpray|Pixilate|TeraBlast,HyperVoice,Protect,QuickAttack|||M|||50|,,,,,Ground]Sneasler||WhiteHerb|Unburden|Coaching,CloseCombat,DireClaw,Protect|||F|||50|,,,,,Dark
|inactive|Battle timer is ON: inactive players will automatically lose when time's up. (requested by JackRG1)
|
|t:|1757793898
|teamsize|p1|4
|teamsize|p2|4
|start
|switch|p1a: Corviknight|Corviknight, L50, M|100/100
|switch|p1b: Indeedee|Indeedee-F, L50, F|100/100
|switch|p2a: Porygon2|Porygon2, L50|100/100
|switch|p2b: Sneasler|Sneasler, L50, F|100/100
|-fieldstart|move: Psychic Terrain|[from] ability: Psychic Surge|[of] p1b: Indeedee
|-enditem|p1a: Corviknight|Psychic Seed
|-boost|p1a: Corviknight|spd|1|[from] item: Psychic Seed
|-ability|p2a: Porygon2|Download|boost
|-boost|p2a: Porygon2|atk|1
|turn|1
|
|t:|1757793919
|move|p2b: Sneasler|Dire Claw|p1b: Indeedee
|-damage|p1b: Indeedee|61/100
|move|p1b: Indeedee|Psychic|p2b: Sneasler
|-supereffective|p2b: Sneasler
|-damage|p2b: Sneasler|0 fnt
|faint|p2b: Sneasler
|move|p1a: Corviknight|Bulk Up|p1a: Corviknight
|-boost|p1a: Corviknight|atk|1
|-boost|p1a: Corviknight|def|1
|move|p2a: Porygon2|Icy Wind|p1b: Indeedee|[spread] p1a,p1b
|-damage|p1a: Corviknight|94/100
|-damage|p1b: Indeedee|51/100
|-ability|p1a: Corviknight|Mirror Armor
|-unboost|p2a: Porygon2|spe|1
|-unboost|p1b: Indeedee|spe|1
|
|upkeep
|
|t:|1757793934
|switch|p2b: Ursaluna|Ursaluna, L50, M|100/100
|turn|2
|
|t:|1757793945
|switch|p1b: Glimmora|Glimmora, L50, M|100/100
|move|p2b: Ursaluna|Protect|p2b: Ursaluna
|-singleturn|p2b: Ursaluna|Protect
|move|p1a: Corviknight|Bulk Up|p1a: Corviknight
|-boost|p1a: Corviknight|atk|1
|-boost|p1a: Corviknight|def|1
|move|p2a: Porygon2|Trick Room|p2a: Porygon2
|-fieldstart|move: Trick Room|[of] p2a: Porygon2
|
|-status|p2b: Ursaluna|brn|[from] item: Flame Orb
|upkeep
|turn|3
|
|t:|1757793961
|-terastallize|p2a: Porygon2|Flying
|move|p2a: Porygon2|Tera Blast|p1a: Corviknight|[anim] Tera Blast Flying
|-resisted|p1a: Corviknight
|-damage|p1a: Corviknight|85/100
|move|p2b: Ursaluna|Earthquake|p1b: Glimmora|[spread] p1b
|-immune|p2a: Porygon2
|-immune|p1a: Corviknight
|-supereffective|p1b: Glimmora
|-damage|p1b: Glimmora|0 fnt
|-activate|p1b: Glimmora|ability: Toxic Debris
|-sidestart|p2: GrassHopperWater|move: Toxic Spikes
|faint|p1b: Glimmora
|move|p1a: Corviknight|Bulk Up|p1a: Corviknight
|-boost|p1a: Corviknight|atk|1
|-boost|p1a: Corviknight|def|1
|
|-damage|p2b: Ursaluna|95/100 brn|[from] brn
|upkeep
|
|t:|1757793970
|switch|p1b: Hatterene|Hatterene, L50, F|100/100
|turn|4
|
|t:|1757793989
|move|p1b: Hatterene|Expanding Force|p2b: Ursaluna|[spread] p2a,p2b
|-crit|p2a: Porygon2
|-damage|p2a: Porygon2|27/100
|-damage|p2b: Ursaluna|14/100 brn
|-damage|p1b: Hatterene|91/100|[from] item: Life Orb
|move|p2a: Porygon2|Tera Blast|p1a: Corviknight|[anim] Tera Blast Flying
|-resisted|p1a: Corviknight
|-damage|p1a: Corviknight|77/100
|move|p2b: Ursaluna|Facade|p1b: Hatterene
|-crit|p1b: Hatterene
|-damage|p1b: Hatterene|0 fnt
|faint|p1b: Hatterene
|move|p1a: Corviknight|Bulk Up|p1a: Corviknight
|-boost|p1a: Corviknight|atk|1
|-boost|p1a: Corviknight|def|1
|
|-damage|p2b: Ursaluna|8/100 brn|[from] brn
|upkeep
|
|t:|1757793998
|switch|p1b: Indeedee|Indeedee-F, L50, F|51/100
|turn|5
|
|t:|1757794010
|move|p1b: Indeedee|Protect|p1b: Indeedee
|-singleturn|p1b: Indeedee|Protect
|move|p2a: Porygon2|Tera Blast|p1a: Corviknight|[anim] Tera Blast Flying
|-resisted|p1a: Corviknight
|-damage|p1a: Corviknight|67/100
|move|p2b: Ursaluna|Facade|p1b: Indeedee
|-activate|p1b: Indeedee|move: Protect
|move|p1a: Corviknight|Power Trip|p2b: Ursaluna
|-damage|p2b: Ursaluna|0 fnt
|faint|p2b: Ursaluna
|
|-fieldend|move: Psychic Terrain
|upkeep
|
|t:|1757794022
|switch|p2b: Sylveon|Sylveon, L50, M|100/100
|-status|p2b: Sylveon|psn
|turn|6
|
|t:|1757794034
|move|p1b: Indeedee|Follow Me|p1b: Indeedee
|-singleturn|p1b: Indeedee|move: Follow Me
|move|p2a: Porygon2|Tera Blast|p1b: Indeedee|[anim] Tera Blast Flying
|-damage|p1b: Indeedee|22/100
|move|p2b: Sylveon|Hyper Voice|p1a: Corviknight|[spread] p1a,p1b
|-resisted|p1a: Corviknight
|-damage|p1a: Corviknight|57/100
|-damage|p1b: Indeedee|0 fnt
|faint|p1b: Indeedee
|-enditem|p2b: Sylveon|Throat Spray
|-boost|p2b: Sylveon|spa|1|[from] item: Throat Spray
|move|p1a: Corviknight|Brave Bird|p2b: Sylveon
|-damage|p2b: Sylveon|0 fnt
|faint|p2b: Sylveon
|-damage|p1a: Corviknight|22/100|[from] Recoil
|
|-fieldend|move: Trick Room
|upkeep
|turn|7
|
|t:|1757794051
|move|p1a: Corviknight|Power Trip|p2a: Porygon2
|-damage|p2a: Porygon2|0 fnt
|faint|p2a: Porygon2
|
|win|JackRG1
|raw|JackRG1's rating: 1155 → 1170(+15 for winning)
|raw|GrassHopperWater's rating: 1000 → 1000(+0 for losing)
|l|☆GrassHopperWater
|player|p2|
