|j|☆robby w
|j|☆Souraiz?VGC
|html|robby wSouraiz?VGC    
|uhtml|bestof|Game 2 of a best-of-3
|t:|1756610912
|gametype|doubles
|player|p1|robby w|pokekid|1379
|player|p2|Souraiz?VGC|101|1224
|gen|9
|tier|[Gen 9] VGC 2025 Reg H (Bo3)
|rated|
|rule|Species Clause: Limit one of each Pokémon
|rule|Item Clause: Limit 1 of each item
|clearpoke
|poke|p1|Dondozo, L50, M|
|poke|p1|Tatsugiri, L50, F|
|poke|p1|Sneasler, L50, F|
|poke|p1|Indeedee, L50, M|
|poke|p1|Whimsicott, L50, F|
|poke|p1|Typhlosion-Hisui, L50, M|
|poke|p2|Dragapult, L50, F|
|poke|p2|Volcarona, L50, F|
|poke|p2|Decidueye-Hisui, L50, F|
|poke|p2|Hatterene, L50, F|
|poke|p2|Tyranitar, L50, F|
|poke|p2|Indeedee-F, L50, F|
|teampreview|4
|showteam|p1|Dondozo||Leftovers|Unaware|Protect,WaveCrash,Earthquake,OrderUp|||M|||50|,,,,,Grass]Tatsugiri||ChoiceScarf|Commander|DragonPulse,IcyWind,DracoMeteor,MuddyWater|||F|||50|,,,,,Stellar]Sneasler||PsychicSeed|Unburden|DireClaw,CloseCombat,Protect,ThroatChop|||F|||50|,,,,,Dark]Indeedee||FocusSash|PsychicSurge|DazzlingGleam,HelpingHand,ExpandingForce,Protect|||M|||50|,,,,,Fairy]Whimsicott||CovertCloak|Prankster|Tailwind,Moonblast,Encore,SunnyDay|||F|||50|,,,,,Dark]Typhlosion-Hisui||ChoiceSpecs|Blaze|Eruption,ShadowBall,HeatWave,Overheat|||M|||50|,,,,,Fire
|showteam|p2|Dragapult||ChoiceBand|ClearBody|DragonDarts,PhantomForce,Uturn,Outrage|||F|||50|,,,,,Dragon]Volcarona||Leftovers|FlameBody|FieryDance,GigaDrain,QuiverDance,Protect|||F|||50|,,,,,Grass]Decidueye-Hisui||ScopeLens|Scrappy|LeafBlade,TripleArrows,Haze,Protect|||F|||50|,,,,,Fire]Hatterene||LifeOrb|MagicBounce|ExpandingForce,DazzlingGleam,TrickRoom,Protect|||F|||50|,,,,,Fire]Tyranitar||AssaultVest|SandStream|RockSlide,KnockOff,TeraBlast,LowKick|||F|||50|,,,,,Flying]Indeedee-F||LumBerry|PsychicSurge|Psychic,FollowMe,TrickRoom,HelpingHand|||F|||50|,,,,,Grass
|inactive|Battle timer is ON: inactive players will automatically lose when time's up. (requested by Souraiz?VGC)
|
|t:|1756610923
|teamsize|p1|4
|teamsize|p2|4
|start
|switch|p1a: Dondozo|Dondozo, L50, M, shiny|100/100
|switch|p1b: Sneasler|Sneasler, L50, F|100/100
|switch|p2a: Volcarona|Volcarona, L50, F|100/100
|switch|p2b: Tyranitar|Tyranitar, L50, F|100/100
|-weather|Sandstorm|[from] ability: Sand Stream|[of] p2b: Tyranitar
|turn|1
|inactive|Souraiz?VGC has 30 seconds left.
|
|t:|1756610958
|switch|p1b: Tatsugiri|Tatsugiri, L50, F|100/100
|-activate|p1b: Tatsugiri|ability: Commander|[of] p1a: Dondozo
|-boost|p1a: Dondozo|atk|2
|-boost|p1a: Dondozo|spa|2
|-boost|p1a: Dondozo|spe|2
|-boost|p1a: Dondozo|def|2
|-boost|p1a: Dondozo|spd|2
|-terastallize|p2a: Volcarona|Grass
|move|p1a: Dondozo|Wave Crash|p2b: Tyranitar
|-supereffective|p2b: Tyranitar
|-damage|p2b: Tyranitar|0 fnt
|faint|p2b: Tyranitar
|-damage|p1a: Dondozo|72/100|[from] Recoil
|move|p2a: Volcarona|Quiver Dance|p2a: Volcarona
|-boost|p2a: Volcarona|spa|1
|-boost|p2a: Volcarona|spd|1
|-boost|p2a: Volcarona|spe|1
|
|-weather|Sandstorm|[upkeep]
|-damage|p1b: Tatsugiri|95/100|[from] Sandstorm
|-damage|p2a: Volcarona|94/100|[from] Sandstorm
|-damage|p1a: Dondozo|66/100|[from] Sandstorm
|-heal|p2a: Volcarona|100/100|[from] item: Leftovers
|-heal|p1a: Dondozo|72/100|[from] item: Leftovers
|upkeep
|
|t:|1756610980
|switch|p2b: Decidueye|Decidueye-Hisui, L50, F, shiny|100/100
|turn|2
|
|t:|1756610996
|-terastallize|p1a: Dondozo|Grass
|move|p2a: Volcarona|Giga Drain|p1a: Dondozo
|-resisted|p1a: Dondozo
|-damage|p1a: Dondozo|60/100
|move|p1a: Dondozo|Order Up|p2a: Volcarona
|-damage|p2a: Volcarona|36/100
|-boost|p1a: Dondozo|atk|1
|move|p2b: Decidueye|Haze|p2b: Decidueye
|-clearallboost
|
|-weather|Sandstorm|[upkeep]
|-damage|p1b: Tatsugiri|89/100|[from] Sandstorm
|-damage|p2a: Volcarona|30/100|[from] Sandstorm
|-damage|p2b: Decidueye|94/100|[from] Sandstorm
|-damage|p1a: Dondozo|54/100|[from] Sandstorm
|-heal|p2a: Volcarona|36/100|[from] item: Leftovers
|-heal|p1a: Dondozo|60/100|[from] item: Leftovers
|upkeep
|turn|3
|
|t:|1756611015
|move|p2a: Volcarona|Fiery Dance|p1a: Dondozo
|-supereffective|p1a: Dondozo
|-damage|p1a: Dondozo|0 fnt
|faint|p1a: Dondozo
|move|p2b: Decidueye|Leaf Blade|p1b: Tatsugiri
|-damage|p1b: Tatsugiri|0 fnt
|faint|p1b: Tatsugiri
|
|-weather|Sandstorm|[upkeep]
|-damage|p2a: Volcarona|30/100|[from] Sandstorm
|-damage|p2b: Decidueye|88/100|[from] Sandstorm
|-heal|p2a: Volcarona|36/100|[from] item: Leftovers
|upkeep
|
|t:|1756611028
|switch|p1b: Sneasler|Sneasler, L50, F|100/100
|switch|p1a: Indeedee|Indeedee, L50, M|100/100
|-fieldstart|move: Psychic Terrain|[from] ability: Psychic Surge|[of] p1a: Indeedee
|-enditem|p1b: Sneasler|Psychic Seed
|-boost|p1b: Sneasler|spd|1|[from] item: Psychic Seed
|turn|4
|
|t:|1756611048
|move|p2a: Volcarona|Protect|p2a: Volcarona
|-singleturn|p2a: Volcarona|Protect
|move|p1b: Sneasler|Dire Claw|p2b: Decidueye
|-supereffective|p2b: Decidueye
|-damage|p2b: Decidueye|0 fnt
|faint|p2b: Decidueye
|move|p1a: Indeedee|Expanding Force|p2a: Volcarona
|-activate|p2a: Volcarona|move: Protect
|
|-weather|Sandstorm|[upkeep]
|-damage|p1b: Sneasler|95/100|[from] Sandstorm
|-damage|p1a: Indeedee|95/100|[from] Sandstorm
|-damage|p2a: Volcarona|30/100|[from] Sandstorm
|-heal|p2a: Volcarona|36/100|[from] item: Leftovers
|upkeep
|
|t:|1756611062
|switch|p2b: Indeedee|Indeedee-F, L50, F|100/100
|turn|5
|
|t:|1756611075
|move|p2b: Indeedee|Follow Me|p2b: Indeedee
|-singleturn|p2b: Indeedee|move: Follow Me
|move|p1b: Sneasler|Throat Chop|p2b: Indeedee
|-supereffective|p2b: Indeedee
|-damage|p2b: Indeedee|36/100
|-start|p2b: Indeedee|Throat Chop|[silent]
|move|p1a: Indeedee|Expanding Force|p2a: Volcarona|[spread] p2a,p2b
|-resisted|p2b: Indeedee
|-damage|p2a: Volcarona|0 fnt
|-damage|p2b: Indeedee|12/100
|faint|p2a: Volcarona
|
|-weather|none
|upkeep
|turn|6
|-message|Souraiz?VGC forfeited.
|
|win|robby w
|l|☆Souraiz?VGC
|player|p2|
||Souraiz?VGC is ready for game 3.
||robby w is ready for game 3.
|uhtml|next|Next: Game 3 of 3
