|j|☆Dungx showdown
|j|☆NoitUK_VGC
|html|Dungx showdownNoitUK_VGC    
|uhtml|bestof|Game 3 of a best-of-3
|t:|1783859038
|gametype|doubles
|player|p1|Dungx showdown|miku-ghost|1221
|player|p2|NoitUK_VGC|102|1151
|gen|9
|tier|[Gen 9 Champions] VGC 2026 Reg M-B (Bo3)
|rated|
|rule|Species Clause: Limit one of each Pokémon
|rule|Item Clause: Limit 1 of each item
|clearpoke
|poke|p1|Pelipper, L50, M|
|poke|p1|Archaludon, L50, M|
|poke|p1|Basculegion, L50, M|
|poke|p1|Dragonite, L50, F|
|poke|p1|Metagross, L50|
|poke|p1|Sableye, L50, M|
|poke|p2|Archaludon, L50, F|
|poke|p2|Swampert, L50, M|
|poke|p2|Pelipper, L50, M|
|poke|p2|Raichu, L50, F|
|poke|p2|Sableye, L50, F|
|poke|p2|Kingambit, L50, F|
|teampreview|4
|showteam|p1|Pelipper||FocusSash|Drizzle|Tailwind,Protect,WeatherBall,Hurricane|Modest||M|||50|]Archaludon||Leftovers|Stamina|ElectroShot,Protect,FlashCannon,DragonPulse|Modest||M|||50|]Basculegion||LifeOrb|SwiftSwim|AquaJet,WaveCrash,Protect,LastRespects|Adamant||M|||50|]Dragonite||Dragoninite|InnerFocus|Hurricane,WeatherBall,Protect,DracoMeteor|Modest||F|||50|]Metagross||Metagrossite|ClearBody|PsychicFangs,Protect,MeteorMash,HammerArm|Adamant|||||50|]Sableye||RoseliBerry|Prankster|LightScreen,Reflect,FoulPlay,RainDance|Calm||M|||50|
|showteam|p2|Archaludon||Leftovers|Stamina|Protect,ElectroShot,FlashCannon,DragonPulse|Modest||F|||50|]Swampert||Swampertite|Torrent|Protect,WaveCrash,Earthquake,IcePunch|Adamant||M|||50|]Pelipper||SitrusBerry|Drizzle|WideGuard,WeatherBall,Hurricane,Tailwind|Bold||M|||50|]Raichu||RaichuniteX|LightningRod|FakeOut,VoltTackle,VoltSwitch,PlayRough|Hasty||F|||50|]Sableye||RoseliBerry|Prankster|Encore,Disable,WillOWisp,RainDance|Relaxed||F|||50|]Kingambit||ChopleBerry|Defiant|KowtowCleave,SuckerPunch,IronHead,LowKick|Adamant||F|||50|
|inactive|Battle timer is ON: inactive players will automatically lose when time's up. (requested by Dungx showdown)
|
|t:|1783859061
|teamsize|p1|4
|teamsize|p2|4
|start
|switch|p1a: Mồm to|Pelipper, L50, M|100/100
|switch|p1b: Dragoncry|Dragonite, L50, F|100/100
|switch|p2a: Sableye|Sableye, L50, F|100/100
|switch|p2b: Swampert|Swampert, L50, M|100/100
|-weather|RainDance|[from] ability: Drizzle|[of] p1a: Mồm to
|turn|1
|inactive|NoitUK_VGC has 30 seconds left.
|inactive|NoitUK_VGC has 20 seconds left.
|
|t:|1783859098
|detailschange|p1b: Dragoncry|Dragonite-Mega, L50, F
|-mega|p1b: Dragoncry|Dragonite|Dragoninite
|detailschange|p2b: Swampert|Swampert-Mega, L50, M
|-mega|p2b: Swampert|Swampert|Swampertite
|move|p2b: Swampert|Protect|p2b: Swampert
|-singleturn|p2b: Swampert|Protect
|move|p2a: Sableye|Will-O-Wisp|p1b: Dragoncry
|-status|p1b: Dragoncry|brn
|move|p1b: Dragoncry|Draco Meteor|p2a: Sableye
|-damage|p2a: Sableye|8/100
|-unboost|p1b: Dragoncry|spa|2
|move|p1a: Mồm to|Tailwind|p1a: Mồm to
|-sidestart|p1: Dungx showdown|move: Tailwind
|
|-weather|RainDance|[upkeep]
|-damage|p1b: Dragoncry|93/100 brn|[from] brn
|upkeep
|turn|2
|inactive|Dungx showdown has 30 seconds left.
|
|t:|1783859124
|switch|p1a: Recoil|Basculegion, L50, M|100/100
|move|p2a: Sableye|Encore||[still]
|-fail|p2a: Sableye
|move|p1b: Dragoncry|Hurricane|p2a: Sableye
|-damage|p2a: Sableye|0 fnt
|faint|p2a: Sableye
|move|p2b: Swampert|Ice Punch|p1b: Dragoncry
|-supereffective|p1b: Dragoncry|2
|-damage|p1b: Dragoncry|0 fnt
|faint|p1b: Dragoncry
|
|-weather|RainDance|[upkeep]
|upkeep
|
|t:|1783859143
|switch|p1b: Mồm to|Pelipper, L50, M|100/100
|switch|p2a: Kingambit|Kingambit, L50, F|100/100
|turn|3
|
|t:|1783859165
|switch|p2b: Archaludon|Archaludon, L50, F|100/100
|move|p1a: Recoil|Aqua Jet|p2a: Kingambit
|-damage|p2a: Kingambit|70/100
|-damage|p1a: Recoil|90/100|[from] item: Life Orb
|move|p2a: Kingambit|Sucker Punch||[still]
|-fail|p2a: Kingambit
|move|p1b: Mồm to|Weather Ball|p2a: Kingambit
|-damage|p2a: Kingambit|16/100
|
|-weather|RainDance|[upkeep]
|upkeep
|turn|4
|inactive|Dungx showdown has 30 seconds left.
|
|t:|1783859193
|move|p2a: Kingambit|Sucker Punch|p1b: Mồm to
|-damage|p1b: Mồm to|48/100
|move|p1a: Recoil|Last Respects|p2b: Archaludon
|-damage|p2b: Archaludon|50/100g
|-ability|p2b: Archaludon|Stamina|boost
|-boost|p2b: Archaludon|def|1
|-damage|p1a: Recoil|80/100|[from] item: Life Orb
|move|p1b: Mồm to|Weather Ball|p2a: Kingambit
|-damage|p2a: Kingambit|0 fnt
|faint|p2a: Kingambit
|move|p2b: Archaludon|Electro Shot||[still]
|-prepare|p2b: Archaludon|Electro Shot
|-boost|p2b: Archaludon|spa|1
|-anim|p2b: Archaludon|Electro Shot|p1a: Recoil
|-supereffective|p1a: Recoil|1
|-crit|p1a: Recoil
|-damage|p1a: Recoil|0 fnt
|faint|p1a: Recoil
|
|-weather|RainDance|[upkeep]
|-heal|p2b: Archaludon|56/100|[from] item: Leftovers
|-sideend|p1: Dungx showdown|move: Tailwind
|upkeep
|
|t:|1783859213
|switch|p1a: Roblox|Archaludon, L50, M|100/100
|switch|p2a: Swampert|Swampert-Mega, L50, M|100/100
|turn|5
|inactive|NoitUK_VGC has 30 seconds left.
|
|t:|1783859242
|move|p2a: Swampert|Protect|p2a: Swampert
|-singleturn|p2a: Swampert|Protect
|move|p1a: Roblox|Protect|p1a: Roblox
|-singleturn|p1a: Roblox|Protect
|move|p1b: Mồm to|Tailwind|p1b: Mồm to
|-sidestart|p1: Dungx showdown|move: Tailwind
|move|p2b: Archaludon|Electro Shot||[still]
|-prepare|p2b: Archaludon|Electro Shot
|-boost|p2b: Archaludon|spa|1
|-anim|p2b: Archaludon|Electro Shot|p1b: Mồm to
|-supereffective|p1b: Mồm to|2
|-damage|p1b: Mồm to|0 fnt
|faint|p1b: Mồm to
|
|-weather|none
|-heal|p2b: Archaludon|62/100|[from] item: Leftovers
|upkeep
|turn|6
|
|t:|1783859260
|move|p2b: Archaludon|Protect|p2b: Archaludon
|-singleturn|p2b: Archaludon|Protect
|move|p1a: Roblox|Dragon Pulse|p2b: Archaludon
|-activate|p2b: Archaludon|move: Protect
|move|p2a: Swampert|Earthquake|p1a: Roblox|[spread] p1a
|-activate|p2b: Archaludon|move: Protect
|-supereffective|p1a: Roblox|1
|-damage|p1a: Roblox|26/100
|-ability|p1a: Roblox|Stamina|boost
|-boost|p1a: Roblox|def|1
|
|-heal|p1a: Roblox|32/100|[from] item: Leftovers
|-heal|p2b: Archaludon|69/100|[from] item: Leftovers
|upkeep
|turn|7
|-message|Dungx showdown forfeited.
|raw|Dungx showdown's rating: 1221 → 1191(-30 for losing)
|raw|NoitUK_VGC's rating: 1151 → 1181(+30 for winning)
|
|win|NoitUK_VGC
|l|☆Dungx showdown
|player|p1|
