|j|☆lilacq
|j|☆BlackStag52
|html|lilacqBlackStag52    
|uhtml|bestof|Game 1 of a best-of-3
|t:|1782346715
|gametype|doubles
|player|p1|lilacq|shauntal|1139
|player|p2|BlackStag52|lorelei-gen3|1092
|gen|9
|tier|[Gen 9 Champions] VGC 2026 Reg M-B (Bo3)
|rated|
|rule|Species Clause: Limit one of each Pokémon
|rule|Item Clause: Limit 1 of each item
|clearpoke
|poke|p1|Staraptor, L50, F|
|poke|p1|Whimsicott, L50, F|
|poke|p1|Sinistcha-Masterpiece, L50|
|poke|p1|Ceruledge, L50, F|
|poke|p1|Glimmora, L50, M|
|poke|p1|Raichu, L50, F|
|poke|p2|Garchomp, L50, M|
|poke|p2|Eelektross, L50, F|
|poke|p2|Sinistcha, L50|
|poke|p2|Primarina, L50, F|
|poke|p2|Vivillon-High Plains, L50, M|
|poke|p2|Sneasler, L50, M|
|teampreview|4
|showteam|p1|Staraptor||Staraptite|Intimidate|CloseCombat,BraveBird,Roost,Protect|Adamant||F|||50|]Whimsicott||FocusSash|Prankster|Tailwind,Moonblast,Tickle,Protect|Timid||F|||50|]Sinistcha-Masterpiece||SitrusBerry|Hospitality|MatchaGotcha,RagePowder,TrickRoom,LifeDew|Calm|||||50|]Ceruledge||ColburBerry|FlashFire|BulkUp,BitterBlade,ShadowSneak,Poltergeist|Adamant||F|||50|]Glimmora||PoisonBarb|ToxicDebris|SludgeBomb,PowerGem,SpikyShield,EarthPower|Timid||M|||50|]Raichu||RaichuniteX|LightningRod|FakeOut,VoltTackle,Nuzzle,Protect|Jolly||F|||50|
|showteam|p2|Garchomp||LifeOrb|RoughSkin|DragonClaw,Earthquake,Protect,RockSlide|Impish||M|||50|]Eelektross||Eelektrossite|Levitate|GrassKnot,Thunderbolt,Protect,Flamethrower|Modest||F|||50|]Sinistcha||KasibBerry|Hospitality|MatchaGotcha,RagePowder,TrickRoom,LifeDew|Bold|||||50|]Primarina||FairyFeather|LiquidVoice|DazzlingGleam,EnergyBall,HyperVoice,Protect|Modest||F|||50|]Vivillon-High Plains||FocusSash|FriendGuard|Tailwind,AirSlash,PollenPuff,Protect|Timid||M|||50|]Sneasler||WhiteHerb|Unburden|FakeOut,CloseCombat,DireClaw,Protect|Adamant||M|||50|
|inactive|Battle timer is ON: inactive players will automatically lose when time's up. (requested by lilacq)
|
|t:|1782346743
|teamsize|p1|4
|teamsize|p2|4
|start
|switch|p1a: Whimsicott|Whimsicott, L50, F|100/100
|switch|p1b: Ceruledge|Ceruledge, L50, F|100/100
|switch|p2a: Sneasler|Sneasler, L50, M|100/100
|switch|p2b: Sinistcha|Sinistcha, L50|100/100
|turn|1
|
|t:|1782346755
|move|p2a: Sneasler|Fake Out|p1a: Whimsicott
|-damage|p1a: Whimsicott|77/100
|cant|p1a: Whimsicott|flinch
|move|p1b: Ceruledge|Bulk Up|p1b: Ceruledge
|-boost|p1b: Ceruledge|atk|1
|-boost|p1b: Ceruledge|def|1
|move|p2b: Sinistcha|Trick Room|p2b: Sinistcha
|-fieldstart|move: Trick Room|[of] p2b: Sinistcha
|
|upkeep
|turn|2
|
|t:|1782346776
|switch|p2b: Eelektross|Eelektross, L50, F|100/100
|move|p1a: Whimsicott|Tickle|p2a: Sneasler
|-unboost|p2a: Sneasler|atk|1
|-unboost|p2a: Sneasler|def|1
|-enditem|p2a: Sneasler|White Herb
|-clearnegativeboost|p2a: Sneasler|[silent]
|move|p1b: Ceruledge|Bulk Up|p1b: Ceruledge
|-boost|p1b: Ceruledge|atk|1
|-boost|p1b: Ceruledge|def|1
|move|p2a: Sneasler|Dire Claw|p1a: Whimsicott
|-supereffective|p1a: Whimsicott|2
|-damage|p1a: Whimsicott|0 fnt
|faint|p1a: Whimsicott
|
|upkeep
|
|t:|1782346792
|switch|p1a: Staraptor|Staraptor, L50, F|100/100
|-ability|p1a: Staraptor|Intimidate|boost
|-unboost|p2a: Sneasler|atk|1
|-unboost|p2b: Eelektross|atk|1
|turn|3
|
|t:|1782346807
|detailschange|p2b: Eelektross|Eelektross-Mega, L50, F
|-mega|p2b: Eelektross|Eelektross|Eelektrossite
|detailschange|p1a: Staraptor|Staraptor-Mega, L50, F
|-mega|p1a: Staraptor|Staraptor|Staraptite
|move|p1b: Ceruledge|Bitter Blade|p2b: Eelektross
|-damage|p2b: Eelektross|0 fnt
|faint|p2b: Eelektross
|move|p1a: Staraptor|Close Combat|p2a: Sneasler
|-resisted|p2a: Sneasler|1
|-damage|p2a: Sneasler|40/100
|-boost|p1a: Staraptor|def|1
|-boost|p1a: Staraptor|spd|1
|move|p2a: Sneasler|Dire Claw|p1a: Staraptor
|-damage|p1a: Staraptor|79/100
|
|upkeep
|
|t:|1782346822
|switch|p2b: Primarina|Primarina, L50, F|100/100
|turn|4
|inactive|lilacq has 30 seconds left.
|
|t:|1782346848
|move|p2a: Sneasler|Protect|p2a: Sneasler
|-singleturn|p2a: Sneasler|Protect
|move|p1b: Ceruledge|Shadow Sneak|p2a: Sneasler
|-activate|p2a: Sneasler|move: Protect
|move|p2b: Primarina|Hyper Voice|p1a: Staraptor|[spread] p1a,p1b
|-supereffective|p1b: Ceruledge|1
|-damage|p1a: Staraptor|52/100
|-damage|p1b: Ceruledge|29/100
|move|p1a: Staraptor|Brave Bird|p2b: Primarina
|-damage|p2b: Primarina|13/100
|-damage|p1a: Staraptor|24/100|[from] Recoil
|
|upkeep
|turn|5
|
|t:|1782346861
|switch|p2a: Sinistcha|Sinistcha, L50|100/100
|-heal|p2b: Primarina|37/100|[from] ability: Hospitality|[of] p2a: Sinistcha
|move|p1b: Ceruledge|Shadow Sneak|p2b: Primarina
|-damage|p2b: Primarina|0 fnt
|faint|p2b: Primarina
|move|p1a: Staraptor|Close Combat|p2a: Sinistcha
|-immune|p2a: Sinistcha
|
|-fieldend|move: Trick Room
|upkeep
|
|t:|1782346870
|switch|p2b: Sneasler|Sneasler, L50, M|40/100
|turn|6
|
|t:|1782346882
|switch|p1b: Sinistcha|Sinistcha-Masterpiece, L50|100/100
|-heal|p1a: Staraptor|49/100|[from] ability: Hospitality|[of] p1b: Sinistcha
|move|p2b: Sneasler|Fake Out|p1a: Staraptor
|-damage|p1a: Staraptor|39/100
|cant|p1a: Staraptor|flinch
|move|p2a: Sinistcha|Trick Room|p2a: Sinistcha
|-fieldstart|move: Trick Room|[of] p2a: Sinistcha
|
|upkeep
|turn|7
|
|t:|1782346899
|move|p1b: Sinistcha|Life Dew||[still]|[spread] p1a,p1b
|-heal|p1a: Staraptor|64/100
|-fail|p1b: Sinistcha|heal
|move|p2a: Sinistcha|Life Dew||[still]|[spread] p2a,p2b
|-fail|p2a: Sinistcha|heal
|-heal|p2b: Sneasler|64/100
|move|p1a: Staraptor|Close Combat|p2b: Sneasler
|-resisted|p2b: Sneasler|1
|-damage|p2b: Sneasler|7/100
|-boost|p1a: Staraptor|def|1
|-boost|p1a: Staraptor|spd|1
|move|p2b: Sneasler|Dire Claw|p1a: Staraptor
|-damage|p1a: Staraptor|42/100
|
|upkeep
|turn|8
|
|t:|1782346918
|move|p2b: Sneasler|Protect|p2b: Sneasler
|-singleturn|p2b: Sneasler|Protect
|move|p2a: Sinistcha|Life Dew||[still]|[spread] p2a,p2b
|-fail|p2a: Sinistcha|heal
|-heal|p2b: Sneasler|31/100
|move|p1b: Sinistcha|Life Dew||[still]|[spread] p1a,p1b
|-heal|p1a: Staraptor|67/100
|-fail|p1b: Sinistcha|heal
|move|p1a: Staraptor|Brave Bird|p2a: Sinistcha
|-supereffective|p2a: Sinistcha|1
|-damage|p2a: Sinistcha|0 fnt
|faint|p2a: Sinistcha
|-damage|p1a: Staraptor|36/100|[from] Recoil
|
|upkeep
|turn|9
|-message|BlackStag52 forfeited.
|
|win|lilacq
