|j|☆scottedstone
|j|☆Onemagician4496
|html|scottedstoneOnemagician4496    
|uhtml|bestof|Game 2 of a best-of-3
|t:|1757919542
|gametype|doubles
|player|p1|scottedstone|169|1332
|player|p2|Onemagician4496|170|1396
|gen|9
|tier|[Gen 9] VGC 2025 Reg H (Bo3)
|rated|
|rule|Species Clause: Limit one of each Pokémon
|rule|Item Clause: Limit 1 of each item
|clearpoke
|poke|p1|Pelipper, L50, M|
|poke|p1|Basculegion, L50, M|
|poke|p1|Archaludon, L50, F|
|poke|p1|Sneasler, L50, M|
|poke|p1|Indeedee, L50, M|
|poke|p1|Amoonguss, L50, M|
|poke|p2|Sneasler, L50, F|
|poke|p2|Ninetales-Alola, L50, M|
|poke|p2|Gholdengo, L50|
|poke|p2|Ursaluna-Bloodmoon, L50, M|
|poke|p2|Rillaboom, L50, F|
|poke|p2|Incineroar, L50, F|
|teampreview|4
|showteam|p1|Pelipper||FocusSash|Drizzle|Hurricane,WeatherBall,Tailwind,Protect|||M|||50|,,,,,Stellar]Basculegion||LifeOrb|SwiftSwim|WaveCrash,LastRespects,AquaJet,Protect|||M|||50|,,,,,Water]Archaludon||AssaultVest|Stamina|DragonPulse,FlashCannon,ElectroShot,BodyPress|||F|||50|,,,,,Grass]Sneasler||PsychicSeed|Unburden|DireClaw,CloseCombat,ThroatChop,Protect|||M|||50|,,,,,Dark]Indeedee||ChoiceScarf|PsychicSurge|ExpandingForce,TeraBlast,Protect,Trick|||M|||50|,,,,,Psychic]Amoonguss||SitrusBerry|Regenerator|PollenPuff,RagePowder,Spore,Protect|||M|||50|,,,,,Water
|showteam|p2|Sneasler||GrassySeed|Unburden|Protect,CloseCombat,Acrobatics,SwordsDance|||F|||50|,,,,,Flying]Ninetales-Alola||FocusSash|SnowWarning|Blizzard,TeraBlast,AuroraVeil,Protect|||M|||50|,,,,,Ground]Gholdengo||LifeOrb|GoodasGold|Protect,MakeItRain,ShadowBall,NastyPlot||||||50|,,,,,Water]Ursaluna-Bloodmoon||Leftovers|MindsEye|Protect,Yawn,BloodMoon,EarthPower|||M|||50|,,,,,Water]Rillaboom||AssaultVest|GrassySurge|WoodHammer,GrassyGlide,FakeOut,HighHorsepower|||F|||50|,,,,,Fire]Incineroar||SitrusBerry|Intimidate|FakeOut,FlareBlitz,KnockOff,PartingShot|||F|||50|,,,,,Grass
|inactive|Battle timer is ON: inactive players will automatically lose when time's up. (requested by scottedstone)
|inactive|Onemagician4496 has 60 seconds left.
|
|t:|1757919584
|teamsize|p1|4
|teamsize|p2|4
|start
|switch|p1a: Pelipper|Pelipper, L50, M|100/100
|switch|p1b: Basculegion|Basculegion, L50, M|100/100
|switch|p2a: Ursaluna|Ursaluna-Bloodmoon, L50, M|100/100
|switch|p2b: Rillaboom|Rillaboom, L50, F|100/100
|-weather|RainDance|[from] ability: Drizzle|[of] p1a: Pelipper
|-fieldstart|move: Grassy Terrain|[from] ability: Grassy Surge|[of] p2b: Rillaboom
|turn|1
|inactive|scottedstone has 30 seconds left.
|
|t:|1757919619
|-terastallize|p2a: Ursaluna|Water
|move|p2b: Rillaboom|Fake Out|p1a: Pelipper
|-damage|p1a: Pelipper|80/100
|move|p1b: Basculegion|Wave Crash|p2a: Ursaluna
|-resisted|p2a: Ursaluna
|-damage|p2a: Ursaluna|56/100
|-damage|p1b: Basculegion|85/100|[from] Recoil
|-damage|p1b: Basculegion|75/100|[from] item: Life Orb
|cant|p1a: Pelipper|flinch
|move|p2a: Ursaluna|Blood Moon|p1a: Pelipper
|-damage|p1a: Pelipper|0 fnt
|faint|p1a: Pelipper
|
|-weather|RainDance|[upkeep]
|-heal|p1b: Basculegion|82/100|[from] Grassy Terrain
|-heal|p2a: Ursaluna|63/100|[from] Grassy Terrain
|-heal|p2a: Ursaluna|69/100|[from] item: Leftovers
|upkeep
|
|t:|1757919629
|switch|p1a: Indeedee|Indeedee, L50, M|100/100
|-fieldstart|move: Psychic Terrain|[from] ability: Psychic Surge|[of] p1a: Indeedee
|turn|2
|
|t:|1757919657
|switch|p2b: Ninetales|Ninetales-Alola, L50, M|100/100
|-weather|Snowscape|[from] ability: Snow Warning|[of] p2b: Ninetales
|-terastallize|p1a: Indeedee|Psychic
|move|p2a: Ursaluna|Protect|p2a: Ursaluna
|-singleturn|p2a: Ursaluna|Protect
|move|p1a: Indeedee|Expanding Force|p2a: Ursaluna|[spread] p2b
|-activate|p2a: Ursaluna|move: Protect
|-damage|p2b: Ninetales|9/100
|move|p1b: Basculegion|Last Respects|p2b: Ninetales
|-damage|p2b: Ninetales|0 fnt
|faint|p2b: Ninetales
|-damage|p1b: Basculegion|72/100|[from] item: Life Orb
|
|-weather|Snowscape|[upkeep]
|-heal|p2a: Ursaluna|75/100|[from] item: Leftovers
|upkeep
|
|t:|1757919671
|switch|p2b: Rillaboom|Rillaboom, L50, F|100/100
|-fieldstart|move: Grassy Terrain|[from] ability: Grassy Surge|[of] p2b: Rillaboom
|turn|3
|inactive|Onemagician4496 has 30 seconds left.
|
|t:|1757919697
|switch|p1a: Sneasler|Sneasler, L50, M|100/100
|move|p1b: Basculegion|Protect|p1b: Basculegion
|-singleturn|p1b: Basculegion|Protect
|move|p2b: Rillaboom|Grassy Glide|p1b: Basculegion
|-activate|p1b: Basculegion|move: Protect
|move|p2a: Ursaluna|Blood Moon|p1a: Sneasler
|-damage|p1a: Sneasler|0 fnt
|faint|p1a: Sneasler
|
|-weather|Snowscape|[upkeep]
|-heal|p1b: Basculegion|78/100|[from] Grassy Terrain
|-heal|p2a: Ursaluna|81/100|[from] Grassy Terrain
|-heal|p2a: Ursaluna|88/100|[from] item: Leftovers
|upkeep
|
|t:|1757919708
|switch|p1a: Indeedee|Indeedee, L50, M, tera:Psychic|100/100
|-fieldstart|move: Psychic Terrain|[from] ability: Psychic Surge|[of] p1a: Indeedee
|turn|4
|
|t:|1757919716
|switch|p2b: Sneasler|Sneasler, L50, F|100/100
|move|p2a: Ursaluna|Protect|p2a: Ursaluna
|-singleturn|p2a: Ursaluna|Protect
|move|p1a: Indeedee|Expanding Force|p2b: Sneasler|[spread] p2b
|-activate|p2a: Ursaluna|move: Protect
|-supereffective|p2b: Sneasler
|-damage|p2b: Sneasler|0 fnt
|faint|p2b: Sneasler
|move|p1b: Basculegion|Last Respects|p2a: Ursaluna
|-activate|p2a: Ursaluna|move: Protect
|
|-weather|Snowscape|[upkeep]
|-heal|p2a: Ursaluna|94/100|[from] item: Leftovers
|upkeep
|
|t:|1757919727
|switch|p2b: Rillaboom|Rillaboom, L50, F|100/100
|-fieldstart|move: Grassy Terrain|[from] ability: Grassy Surge|[of] p2b: Rillaboom
|turn|5
|
|t:|1757919736
|move|p1b: Basculegion|Protect|p1b: Basculegion
|-singleturn|p1b: Basculegion|Protect
|move|p2b: Rillaboom|Grassy Glide|p1b: Basculegion
|-activate|p1b: Basculegion|move: Protect
|move|p1a: Indeedee|Expanding Force|p2a: Ursaluna
|-damage|p2a: Ursaluna|42/100
|move|p2a: Ursaluna|Blood Moon|p1a: Indeedee
|-damage|p1a: Indeedee|0 fnt
|faint|p1a: Indeedee
|
|-weather|Snowscape|[upkeep]
|-heal|p1b: Basculegion|84/100|[from] Grassy Terrain
|-heal|p2a: Ursaluna|48/100|[from] Grassy Terrain
|-heal|p2a: Ursaluna|54/100|[from] item: Leftovers
|upkeep
|turn|6
|
|t:|1757919748
|move|p2b: Rillaboom|Grassy Glide|p1b: Basculegion
|-supereffective|p1b: Basculegion
|-damage|p1b: Basculegion|0 fnt
|faint|p1b: Basculegion
|
|win|Onemagician4496
||Onemagician4496 is ready for game 3.
|inactive|scottedstone has 30 seconds to confirm battle start!
||scottedstone is ready for game 3.
|uhtml|next|Next: Game 3 of 3
|l|☆Onemagician4496
|player|p2|
