|j|‽godbroj
|j|☆PalitinhoPJL
|html|godbrojPalitinhoPJL    
|uhtml|bestof|Game 2 of a best-of-3
|t:|1757124393
|gametype|doubles
|player|p1|godbroj|maid|1049
|player|p2|PalitinhoPJL|silver|1039
|gen|9
|tier|[Gen 9] VGC 2025 Reg H (Bo3)
|rated|
|rule|Species Clause: Limit one of each Pokémon
|rule|Item Clause: Limit 1 of each item
|clearpoke
|poke|p1|Tyranitar, L50, M|
|poke|p1|Excadrill, L50, M|
|poke|p1|Talonflame, L50, F|
|poke|p1|Hydreigon, L50, M|
|poke|p1|Armarouge, L50, M|
|poke|p1|Indeedee-F, L50, F|
|poke|p2|Krookodile, L50, M|
|poke|p2|Ninetales-Alola, L50, F|
|poke|p2|Dragonite, L50, M|
|poke|p2|Rillaboom, L50, M|
|poke|p2|Volcarona, L50, F|
|poke|p2|Palafin, L50, F|
|teampreview|4
|showteam|p1|Tyranitar||AssaultVest|SandStream|LowKick,RockSlide,TeraBlast,KnockOff|||M|||50|,,,,,Flying]Excadrill||ClearAmulet|SandRush|Protect,IronHead,RockSlide,Earthquake|||M|||50|,,,,,Ghost]Talonflame||CovertCloak|FlameBody|Tailwind,BraveBird,SunnyDay,WillOWisp|||F|||50|,,,,,Electric]Hydreigon||ChoiceSpecs|Levitate|EarthPower,DarkPulse,HeatWave,DracoMeteor|||M|||50|,,,,,Fire]Armarouge||TwistedSpoon|FlashFire|Protect,AuraSphere,ArmorCannon,ExpandingForce|||M|||50|,,,,,Psychic]Indeedee-F||SafetyGoggles|PsychicSurge|FollowMe,TrickRoom,HelpingHand,DazzlingGleam|||F|||50|,,,,,Psychic
|showteam|p2|Krookodile||MirrorHerb|Intimidate|Earthquake,Protect,KnockOff,HighHorsepower|||M|||50|,,,,,Poison]Ninetales-Alola||LightClay|SnowWarning|AuroraVeil,FreezeDry,Moonblast,IcyWind|||F|||50|,,,,,Ice]Dragonite||LoadedDice|Multiscale|ScaleShot,Protect,Tailwind,ExtremeSpeed|||M|||50|,,,,,Fairy]Rillaboom||AssaultVest|GrassySurge|WoodHammer,GrassyGlide,FakeOut,Uturn|||M|||50|,,,,,Fire]Volcarona||Leftovers|FlameBody|QuiverDance,HeatWave,Protect,GigaDrain|||F|||50|,,,,,Fairy]Palafin||ChoiceBand|ZerotoHero|JetPunch,WaveCrash,FlipTurn,CloseCombat|||F|||50|,,,,,Water
|inactive|Battle timer is ON: inactive players will automatically lose when time's up. (requested by PalitinhoPJL)
|
|t:|1757124428
|teamsize|p1|4
|teamsize|p2|4
|start
|switch|p1a: Talonflame|Talonflame, L50, F, shiny|100/100
|switch|p1b: Hydreigon|Hydreigon, L50, M, shiny|100/100
|switch|p2a: Kong|Rillaboom, L50, M|100/100
|switch|p2b: Frozen|Ninetales-Alola, L50, F, shiny|100/100
|-weather|Snowscape|[from] ability: Snow Warning|[of] p2b: Frozen
|-fieldstart|move: Grassy Terrain|[from] ability: Grassy Surge|[of] p2a: Kong
|turn|1
|inactive|godbroj has 30 seconds left.
|inactive|PalitinhoPJL has 30 seconds left.
|
|t:|1757124467
|-terastallize|p1b: Hydreigon|Fire
|move|p2a: Kong|Fake Out|p1b: Hydreigon
|-damage|p1b: Hydreigon|83/100
|move|p1a: Talonflame|Sunny Day|p1a: Talonflame
|-weather|SunnyDay
|move|p2b: Frozen|Aurora Veil||[still]
|-fail|p2b: Frozen
|cant|p1b: Hydreigon|flinch
|
|-weather|SunnyDay|[upkeep]
|upkeep
|turn|2
|
|t:|1757124481
|switch|p2b: Palafin|Palafin, L50, F|100/100
|move|p1a: Talonflame|Brave Bird|p2a: Kong
|-supereffective|p2a: Kong
|-damage|p2a: Kong|37/100
|-damage|p1a: Talonflame|73/100|[from] Recoil
|move|p1b: Hydreigon|Heat Wave|p2a: Kong|[spread] p2a,p2b
|-supereffective|p2a: Kong
|-resisted|p2b: Palafin
|-damage|p2a: Kong|0 fnt
|-damage|p2b: Palafin|36/100
|faint|p2a: Kong
|
|-weather|SunnyDay|[upkeep]
|-heal|p2b: Palafin|43/100|[from] Grassy Terrain
|upkeep
|
|t:|1757124490
|switch|p2a: The Queen|Volcarona, L50, F, shiny|100/100
|turn|3
|
|t:|1757124497
|move|p2a: The Queen|Protect|p2a: The Queen
|-singleturn|p2a: The Queen|Protect
|move|p1a: Talonflame|Brave Bird|p2a: The Queen
|-activate|p2a: The Queen|move: Protect
|move|p2b: Palafin|Flip Turn|p1b: Hydreigon
|-supereffective|p1b: Hydreigon
|-damage|p1b: Hydreigon|40/100
|
|t:|1757124505
|detailschange|p2b: Palafin|Palafin-Hero, L50, F
|switch|p2b: Frozen|Ninetales-Alola, L50, F, shiny|100/100|[from] Flip Turn
|-weather|Snowscape|[from] ability: Snow Warning|[of] p2b: Frozen
|move|p1b: Hydreigon|Heat Wave|p2a: The Queen|[spread] p2b
|-activate|p2a: The Queen|move: Protect
|-supereffective|p2b: Frozen
|-damage|p2b: Frozen|0 fnt
|faint|p2b: Frozen
|
|-weather|Snowscape|[upkeep]
|upkeep
|
|t:|1757124513
|switch|p2b: Palafin|Palafin-Hero, L50, F|43/100
|-activate|p2b: Palafin|ability: Zero to Hero
|turn|4
|
|t:|1757124521
|-terastallize|p2b: Palafin|Water
|move|p2b: Palafin|Jet Punch|p1a: Talonflame
|-supereffective|p1a: Talonflame
|-crit|p1a: Talonflame
|-damage|p1a: Talonflame|0 fnt
|faint|p1a: Talonflame
|move|p2a: The Queen|Heat Wave|p1b: Hydreigon
|-resisted|p1b: Hydreigon
|-damage|p1b: Hydreigon|14/100
|move|p1b: Hydreigon|Heat Wave|p2b: Palafin|[spread] p2a,p2b
|-resisted|p2b: Palafin
|-damage|p2a: The Queen|39/100
|-damage|p2b: Palafin|7/100
|
|-weather|Snowscape|[upkeep]
|-heal|p2a: The Queen|45/100|[from] Grassy Terrain
|-heal|p2a: The Queen|52/100|[from] item: Leftovers
|-heal|p2b: Palafin|13/100|[from] Grassy Terrain
|upkeep
|
|t:|1757124535
|switch|p1a: Tyranitar|Tyranitar, L50, M, shiny|100/100
|-weather|Sandstorm|[from] ability: Sand Stream|[of] p1a: Tyranitar
|turn|5
|
|t:|1757124545
|move|p2b: Palafin|Jet Punch|p1a: Tyranitar
|-supereffective|p1a: Tyranitar
|-damage|p1a: Tyranitar|0 fnt
|faint|p1a: Tyranitar
|move|p2a: The Queen|Heat Wave|p1b: Hydreigon
|-resisted|p1b: Hydreigon
|-damage|p1b: Hydreigon|0 fnt
|faint|p1b: Hydreigon
|
|-weather|Sandstorm|[upkeep]
|-damage|p2a: The Queen|45/100|[from] Sandstorm
|-damage|p2b: Palafin|7/100|[from] Sandstorm
|-heal|p2a: The Queen|52/100|[from] Grassy Terrain
|-heal|p2a: The Queen|58/100|[from] item: Leftovers
|-heal|p2b: Palafin|13/100|[from] Grassy Terrain
|-fieldend|move: Grassy Terrain
|upkeep
|
|t:|1757124558
|switch|p1b: Excadrill|Excadrill, L50, M, shiny|100/100
|turn|6
|
|t:|1757124568
|move|p2b: Palafin|Jet Punch|p1b: Excadrill
|-supereffective|p1b: Excadrill
|-damage|p1b: Excadrill|0 fnt
|faint|p1b: Excadrill
|
|win|PalitinhoPJL
||godbroj is ready for game 3.
||PalitinhoPJL is ready for game 3.
|uhtml|next|Next: Game 3 of 3
