|j|☆umbreoffxd
|j|☆Fr3aky B1lly
|html|umbreoffxdFr3aky B1lly    
|uhtml|bestof|Game 1 of a best-of-3
|t:|1757774918
|gametype|doubles
|player|p1|umbreoffxd|ingo-hisui|1155
|player|p2|Fr3aky B1lly|crasherwake|1156
|gen|9
|tier|[Gen 9] VGC 2025 Reg H (Bo3)
|rated|
|rule|Species Clause: Limit one of each Pokémon
|rule|Item Clause: Limit 1 of each item
|clearpoke
|poke|p1|Baxcalibur, L50, M|
|poke|p1|Rillaboom, L50, M|
|poke|p1|Whimsicott, L50, M|
|poke|p1|Gholdengo, L50|
|poke|p1|Magmar, L50, F|
|poke|p1|Sneasler, L50, M|
|poke|p2|Corviknight, L50, M|
|poke|p2|Tyranitar, L50, F|
|poke|p2|Golem-Alola, L50, M|
|poke|p2|Dondozo, L50, M|
|poke|p2|Tatsugiri, L50, F|
|poke|p2|Excadrill, L50, M|
|teampreview|4
|showteam|p1|Baxcalibur||LoadedDice|ThermalExchange|Protect,IceShard,ScaleShot,IcicleSpear|||M|||50|,,,,,Poison]Rillaboom||AssaultVest|GrassySurge|FakeOut,GrassyGlide,WoodHammer,HighHorsepower|||M|||50|,,,,,Fire]Whimsicott||CovertCloak|Prankster|Moonblast,Encore,Tailwind,Protect|||M|||50|,,,,,Steel]Gholdengo||LifeOrb|GoodasGold|MakeItRain,ShadowBall,NastyPlot,Protect||||||50|,,,,,Water]Magmar||Eviolite|VitalSpirit|WillOWisp,Overheat,FollowMe,Protect|||F|||50|,,,,,Electric]Sneasler||FocusSash|Unburden|FakeOut,DireClaw,CloseCombat,Protect|||M|||50|,,,,,Stellar
|showteam|p2|Corviknight||Leftovers|MirrorArmor|BraveBird,BodyPress,IronDefense,Protect|||M|||50|,,,,,Fighting]Tyranitar||AssaultVest|SandStream|KnockOff,RockSlide,Crunch,TeraBlast|||F|||50|,,,,,Flying]Golem-Alola||LifeOrb|Galvanize|DoubleEdge,RockSlide,Protect,WideGuard|||M|||50|,,,,,Flying]Dondozo||SafetyGoggles|Oblivious|WaveCrash,OrderUp,Protect,Earthquake|||M|||50|,,,,,Dragon]Tatsugiri||ChoiceScarf|Commander|DracoMeteor,IcyWind,MuddyWater,HydroPump|||F|||50|,,,,,Stellar]Excadrill||FocusSash|SandRush|Earthquake,HighHorsepower,IronHead,Protect|||M|||50|,,,,,Water
|inactive|Battle timer is ON: inactive players will automatically lose when time's up. (requested by umbreoffxd)
|
|t:|1757774969
|teamsize|p1|4
|teamsize|p2|4
|start
|switch|p1a: Rillaboom|Rillaboom, L50, M|100/100
|switch|p1b: Gholdengo|Gholdengo, L50|100/100
|switch|p2a: lancer|Excadrill, L50, M, shiny|100/100
|switch|p2b: ttar|Tyranitar, L50, F, shiny|100/100
|-fieldstart|move: Grassy Terrain|[from] ability: Grassy Surge|[of] p1a: Rillaboom
|-weather|Sandstorm|[from] ability: Sand Stream|[of] p2b: ttar
|turn|1
|inactive|Fr3aky B1lly has 30 seconds left.
|inactive|Fr3aky B1lly has 20 seconds left.
|inactive|Fr3aky B1lly has 15 seconds left.
|
|t:|1757775011
|-terastallize|p1b: Gholdengo|Water
|move|p2a: lancer|High Horsepower|p1b: Gholdengo
|-damage|p1b: Gholdengo|42/100
|move|p1b: Gholdengo|Shadow Ball|p2a: lancer
|-damage|p2a: lancer|23/100
|-damage|p1b: Gholdengo|32/100|[from] item: Life Orb
|move|p1a: Rillaboom|Wood Hammer|p2b: ttar
|-supereffective|p2b: ttar
|-damage|p2b: ttar|0 fnt
|faint|p2b: ttar
|-damage|p1a: Rillaboom|68/100|[from] Recoil
|
|-weather|Sandstorm|[upkeep]
|-damage|p1b: Gholdengo|26/100|[from] Sandstorm
|-damage|p1a: Rillaboom|62/100|[from] Sandstorm
|-heal|p2a: lancer|29/100|[from] Grassy Terrain
|-heal|p1b: Gholdengo|32/100|[from] Grassy Terrain
|-heal|p1a: Rillaboom|68/100|[from] Grassy Terrain
|upkeep
|
|t:|1757775030
|switch|p2b: big dozo|Dondozo, L50, M|100/100
|turn|2
|
|t:|1757775047
|switch|p2a: sushie|Tatsugiri, L50, F, shiny|100/100
|-activate|p2a: sushie|ability: Commander|[of] p2b: big dozo
|-boost|p2b: big dozo|atk|2
|-boost|p2b: big dozo|spa|2
|-boost|p2b: big dozo|spe|2
|-boost|p2b: big dozo|def|2
|-boost|p2b: big dozo|spd|2
|-terastallize|p2b: big dozo|Dragon
|move|p1a: Rillaboom|Grassy Glide|p2a: sushie|[miss]
|-miss|p1a: Rillaboom|p2a: sushie
|move|p1b: Gholdengo|Shadow Ball|p2b: big dozo
|-damage|p2b: big dozo|71/100
|-damage|p1b: Gholdengo|23/100|[from] item: Life Orb
|move|p2b: big dozo|Order Up|p1b: Gholdengo
|-damage|p1b: Gholdengo|0 fnt
|faint|p1b: Gholdengo
|-boost|p2b: big dozo|atk|1
|
|-weather|Sandstorm|[upkeep]
|-damage|p2a: sushie|94/100|[from] Sandstorm
|-damage|p1a: Rillaboom|62/100|[from] Sandstorm
|-heal|p2a: sushie|100/100|[from] Grassy Terrain
|-heal|p1a: Rillaboom|68/100|[from] Grassy Terrain
|-heal|p2b: big dozo|78/100|[from] Grassy Terrain
|upkeep
|
|t:|1757775058
|switch|p1b: Whimsicott|Whimsicott, L50, M, shiny|100/100
|turn|3
|
|t:|1757775076
|move|p1b: Whimsicott|Encore|p2b: big dozo
|-start|p2b: big dozo|Encore
|move|p1a: Rillaboom|Wood Hammer|p2b: big dozo
|-resisted|p2b: big dozo
|-damage|p2b: big dozo|65/100
|-damage|p1a: Rillaboom|62/100|[from] Recoil
|move|p2b: big dozo|Order Up|p1a: Rillaboom
|-damage|p1a: Rillaboom|0 fnt
|faint|p1a: Rillaboom
|-boost|p2b: big dozo|atk|1
|
|-weather|Sandstorm|[upkeep]
|-damage|p2a: sushie|94/100|[from] Sandstorm
|-damage|p1b: Whimsicott|95/100|[from] Sandstorm
|-heal|p2a: sushie|100/100|[from] Grassy Terrain
|-heal|p1b: Whimsicott|100/100|[from] Grassy Terrain
|-heal|p2b: big dozo|71/100|[from] Grassy Terrain
|upkeep
|
|t:|1757775080
|switch|p1a: Baxcalibur|Baxcalibur, L50, M, shiny|100/100
|turn|4
|
|t:|1757775100
|move|p1a: Baxcalibur|Protect|p1a: Baxcalibur
|-singleturn|p1a: Baxcalibur|Protect
|move|p1b: Whimsicott|Tailwind|p1b: Whimsicott
|-sidestart|p1: umbreoffxd|move: Tailwind
|move|p2b: big dozo|Order Up|p1a: Baxcalibur
|-activate|p1a: Baxcalibur|move: Protect
|
|-weather|Sandstorm|[upkeep]
|-damage|p1b: Whimsicott|95/100|[from] Sandstorm
|-damage|p1a: Baxcalibur|95/100|[from] Sandstorm
|-damage|p2a: sushie|94/100|[from] Sandstorm
|-heal|p1b: Whimsicott|100/100|[from] Grassy Terrain
|-heal|p1a: Baxcalibur|100/100|[from] Grassy Terrain
|-heal|p2a: sushie|100/100|[from] Grassy Terrain
|-heal|p2b: big dozo|77/100|[from] Grassy Terrain
|upkeep
|turn|5
|
|t:|1757775118
|move|p1b: Whimsicott|Moonblast|p2b: big dozo
|-supereffective|p2b: big dozo
|-damage|p2b: big dozo|49/100
|-unboost|p2b: big dozo|spa|1
|move|p1a: Baxcalibur|Scale Shot|p2b: big dozo
|-supereffective|p2b: big dozo
|-damage|p2b: big dozo|40/100
|-supereffective|p2b: big dozo
|-damage|p2b: big dozo|30/100
|-supereffective|p2b: big dozo
|-damage|p2b: big dozo|20/100
|-supereffective|p2b: big dozo
|-damage|p2b: big dozo|9/100
|-hitcount|p2b: big dozo|4
|-unboost|p1a: Baxcalibur|def|1
|-boost|p1a: Baxcalibur|spe|1
|move|p2b: big dozo|Order Up|p1a: Baxcalibur
|-supereffective|p1a: Baxcalibur
|-damage|p1a: Baxcalibur|0 fnt
|faint|p1a: Baxcalibur
|-boost|p2b: big dozo|atk|1
|
|-weather|none
|-heal|p2b: big dozo|16/100|[from] Grassy Terrain
|-end|p2b: big dozo|Encore
|-fieldend|move: Grassy Terrain
|upkeep
|turn|6
|inactive|Fr3aky B1lly has 30 seconds left.
|
|t:|1757775147
|move|p1b: Whimsicott|Moonblast|p2b: big dozo
|-supereffective|p2b: big dozo
|-damage|p2b: big dozo|0 fnt
|faint|p2b: big dozo
|
|upkeep
|
|t:|1757775152
|switch|p2b: lancer|Excadrill, L50, M, shiny|29/100
|turn|7
|
|t:|1757775161
|move|p1b: Whimsicott|Moonblast|p2a: sushie
|-supereffective|p2a: sushie
|-damage|p2a: sushie|32/100
|move|p2a: sushie|Icy Wind|p1b: Whimsicott
|-supereffective|p1b: Whimsicott
|-damage|p1b: Whimsicott|54/100
|move|p2b: lancer|Iron Head|p1b: Whimsicott
|-supereffective|p1b: Whimsicott
|-damage|p1b: Whimsicott|0 fnt
|faint|p1b: Whimsicott
|
|win|Fr3aky B1lly
||umbreoffxd is ready for game 2.
||Fr3aky B1lly is ready for game 2.
|uhtml|next|Next: Game 2 of 3
