|j|☆Dre18
|j|☆Luke693VGC
|html|Dre18Luke693VGC    
|uhtml|bestof|Game 1 of a best-of-3
|t:|1757003834
|gametype|doubles
|player|p1|Dre18|lucas|1075
|player|p2|Luke693VGC|cyclist-gen4|1177
|gen|9
|tier|[Gen 9] VGC 2025 Reg H (Bo3)
|rated|
|rule|Species Clause: Limit one of each Pokémon
|rule|Item Clause: Limit 1 of each item
|clearpoke
|poke|p1|Volcarona, L50, M|
|poke|p1|Rillaboom, L50, M|
|poke|p1|Annihilape, L50, M|
|poke|p1|Ninetales-Alola, L50, F|
|poke|p1|Electabuzz, L50, M|
|poke|p1|Gyarados, L50, F|
|poke|p2|Archaludon, L50, F|
|poke|p2|Pelipper, L50, F|
|poke|p2|Basculegion, L50, M|
|poke|p2|Amoonguss, L50, F|
|poke|p2|Incineroar, L50, F|
|poke|p2|Gholdengo, L50|
|teampreview|4
|showteam|p1|Volcarona||CovertCloak|FlameBody|HeatWave,TeraBlast,QuiverDance,Protect|||M|||50|,,,,,Fairy]Rillaboom||AssaultVest|GrassySurge|FakeOut,GrassyGlide,Uturn,WoodHammer|||M|||50|,,,,,Fire]Annihilape||SafetyGoggles|Defiant|RageFist,DrainPunch,BulkUp,Protect|||M|||50|,,,,,Water]Ninetales-Alola||LightClay|SnowWarning|Blizzard,IcicleSpear,AuroraVeil,Encore|||F|||50|,,,,,Ghost]Electabuzz||Eviolite|VitalSpirit|Electroweb,FollowMe,Taunt,Protect|||M|||50|,,,,,Ghost]Gyarados||RockyHelmet|Intimidate|Waterfall,IronHead,ThunderWave,Protect|||F|||50|,,,,,Steel
|showteam|p2|Archaludon||AssaultVest|Stamina|DragonPulse,ElectroShot,FlashCannon,BodyPress|||F|||50|,,,,,Grass]Pelipper||FocusSash|Drizzle|WeatherBall,Hurricane,Tailwind,Protect|||F|||50|,,,,,Stellar]Basculegion||ChoiceBand|SwiftSwim|WaveCrash,LastRespects,AquaJet,FlipTurn|||M|||50|,,,,,Water]Amoonguss||SitrusBerry|Regenerator|PollenPuff,RagePowder,Spore,Protect|||F|||50|,,,,,Water]Incineroar||SafetyGoggles|Intimidate|KnockOff,FakeOut,PartingShot,Taunt|||F|||50|,,,,,Ghost]Gholdengo||LifeOrb|GoodasGold|MakeItRain,ShadowBall,NastyPlot,Protect||||||50|,,,,,Water
|inactive|Battle timer is ON: inactive players will automatically lose when time's up. (requested by Dre18)
|inactive|Luke693VGC has 60 seconds left.
|
|t:|1757003868
|teamsize|p1|4
|teamsize|p2|4
|start
|switch|p1a: Ninetales|Ninetales-Alola, L50, F|100/100
|switch|p1b: Annihilape|Annihilape, L50, M|100/100
|switch|p2a: Archaludon|Archaludon, L50, F|100/100
|switch|p2b: Amoonguss|Amoonguss, L50, F|100/100
|-weather|Snowscape|[from] ability: Snow Warning|[of] p1a: Ninetales
|turn|1
|inactive|Dre18 has 30 seconds left.
|inactive|Luke693VGC has 30 seconds left.
|inactive|Luke693VGC has 20 seconds left.
|inactive|Luke693VGC has 15 seconds left.
|inactive|Dre18 has 20 seconds left.
|
|t:|1757003914
|move|p1a: Ninetales|Aurora Veil|p1a: Ninetales
|-sidestart|p1: Dre18|move: Aurora Veil
|move|p1b: Annihilape|Bulk Up|p1b: Annihilape
|-boost|p1b: Annihilape|atk|1
|-boost|p1b: Annihilape|def|1
|move|p2a: Archaludon|Flash Cannon|p1a: Ninetales
|-supereffective|p1a: Ninetales
|-damage|p1a: Ninetales|0 fnt
|faint|p1a: Ninetales
|move|p2b: Amoonguss|Spore|p1b: Annihilape
|-activate|p1b: Annihilape|item: Safety Goggles|Spore
|
|-weather|Snowscape|[upkeep]
|upkeep
|
|t:|1757003926
|switch|p1a: Volcarona|Volcarona, L50, M|100/100
|turn|2
|
|t:|1757003950
|switch|p2b: Pelipper|Pelipper, L50, F|100/100
|-weather|RainDance|[from] ability: Drizzle|[of] p2b: Pelipper
|-terastallize|p2a: Archaludon|Grass
|move|p1a: Volcarona|Heat Wave|p2b: Pelipper|[spread] p2a,p2b
|-supereffective|p2a: Archaludon
|-resisted|p2b: Pelipper
|-damage|p2a: Archaludon|75/100
|-damage|p2b: Pelipper|86/100
|-ability|p2a: Archaludon|Stamina|boost
|-boost|p2a: Archaludon|def|1
|move|p1b: Annihilape|Drain Punch|p2b: Pelipper
|-resisted|p2b: Pelipper
|-crit|p2b: Pelipper
|-damage|p2b: Pelipper|33/100
|move|p2a: Archaludon|Electro Shot||[still]
|-prepare|p2a: Archaludon|Electro Shot
|-boost|p2a: Archaludon|spa|1
|-anim|p2a: Archaludon|Electro Shot|p1b: Annihilape
|-damage|p1b: Annihilape|65/100
|
|-weather|RainDance|[upkeep]
|upkeep
|turn|3
|inactive|Dre18 has 30 seconds left.
|inactive|Luke693VGC has 30 seconds left.
|
|t:|1757003979
|move|p2b: Pelipper|Protect|p2b: Pelipper
|-singleturn|p2b: Pelipper|Protect
|move|p1a: Volcarona|Heat Wave|p2b: Pelipper|[spread] p2a
|-activate|p2b: Pelipper|move: Protect
|-supereffective|p2a: Archaludon
|-damage|p2a: Archaludon|54/100
|-ability|p2a: Archaludon|Stamina|boost
|-boost|p2a: Archaludon|def|1
|move|p1b: Annihilape|Rage Fist|p2a: Archaludon
|-damage|p2a: Archaludon|26/100
|-ability|p2a: Archaludon|Stamina|boost
|-boost|p2a: Archaludon|def|1
|move|p2a: Archaludon|Electro Shot||[still]
|-prepare|p2a: Archaludon|Electro Shot
|-boost|p2a: Archaludon|spa|1
|-anim|p2a: Archaludon|Electro Shot|p1b: Annihilape
|-damage|p1b: Annihilape|15/100
|
|-weather|RainDance|[upkeep]
|upkeep
|turn|4
|inactive|Dre18 has 30 seconds left.
|inactive|Luke693VGC has 30 seconds left.
|
|t:|1757004011
|move|p1a: Volcarona|Heat Wave|p2b: Pelipper|[spread] p2a,p2b
|-supereffective|p2a: Archaludon
|-resisted|p2b: Pelipper
|-damage|p2a: Archaludon|5/100
|-damage|p2b: Pelipper|18/100
|-ability|p2a: Archaludon|Stamina|boost
|-boost|p2a: Archaludon|def|1
|move|p2b: Pelipper|Hurricane|p1a: Volcarona
|-supereffective|p1a: Volcarona
|-damage|p1a: Volcarona|35/100
|move|p1b: Annihilape|Rage Fist|p2a: Archaludon
|-damage|p2a: Archaludon|0 fnt
|faint|p2a: Archaludon
|
|-weather|RainDance|[upkeep]
|upkeep
|
|t:|1757004025
|switch|p2a: Basculegion|Basculegion, L50, M|100/100
|turn|5
|
|t:|1757004046
|move|p2b: Pelipper|Protect|p2b: Pelipper
|-singleturn|p2b: Pelipper|Protect
|move|p1b: Annihilape|Protect|p1b: Annihilape
|-singleturn|p1b: Annihilape|Protect
|move|p2a: Basculegion|Last Respects|p1b: Annihilape
|-activate|p1b: Annihilape|move: Protect
|move|p1a: Volcarona|Heat Wave|p2b: Pelipper|[spread] p2a
|-activate|p2b: Pelipper|move: Protect
|-resisted|p2a: Basculegion
|-damage|p2a: Basculegion|90/100
|
|-weather|RainDance|[upkeep]
|upkeep
|turn|6
|
|t:|1757004067
|move|p1a: Volcarona|Protect|p1a: Volcarona
|-singleturn|p1a: Volcarona|Protect
|move|p2a: Basculegion|Last Respects|p1b: Annihilape
|-supereffective|p1b: Annihilape
|-damage|p1b: Annihilape|0 fnt
|faint|p1b: Annihilape
|move|p2b: Pelipper|Hurricane|p1a: Volcarona
|-activate|p1a: Volcarona|move: Protect
|
|-weather|none
|upkeep
|
|t:|1757004074
|switch|p1b: Rillaboom|Rillaboom, L50, M|100/100
|-fieldstart|move: Grassy Terrain|[from] ability: Grassy Surge|[of] p1b: Rillaboom
|turn|7
|
|t:|1757004095
|switch|p2b: Amoonguss|Amoonguss, L50, F|100/100
|-terastallize|p1a: Volcarona|Fairy
|move|p1b: Rillaboom|Grassy Glide|p2a: Basculegion
|-supereffective|p2a: Basculegion
|-crit|p2a: Basculegion
|-damage|p2a: Basculegion|0 fnt
|faint|p2a: Basculegion
|move|p1a: Volcarona|Tera Blast|p2b: Amoonguss|[anim] Tera Blast Fairy
|-resisted|p2b: Amoonguss
|-damage|p2b: Amoonguss|83/100
|
|-heal|p1a: Volcarona|42/100|[from] Grassy Terrain
|-heal|p2b: Amoonguss|89/100|[from] Grassy Terrain
|upkeep
|
|t:|1757004107
|switch|p2a: Pelipper|Pelipper, L50, F|18/100
|-weather|RainDance|[from] ability: Drizzle|[of] p2a: Pelipper
|turn|8
|inactive|Luke693VGC has 30 seconds left.
|
|t:|1757004135
|move|p2a: Pelipper|Protect|p2a: Pelipper
|-singleturn|p2a: Pelipper|Protect
|move|p1b: Rillaboom|Grassy Glide|p2a: Pelipper
|-activate|p2a: Pelipper|move: Protect
|move|p1a: Volcarona|Heat Wave|p2a: Pelipper|[spread] 
|-activate|p2a: Pelipper|move: Protect
|-miss|p1a: Volcarona|p2b: Amoonguss
|move|p2b: Amoonguss|Spore|p1a: Volcarona
|-status|p1a: Volcarona|slp|[from] move: Spore
|
|-weather|RainDance|[upkeep]
|-heal|p1a: Volcarona|48/100 slp|[from] Grassy Terrain
|-heal|p2b: Amoonguss|95/100|[from] Grassy Terrain
|-sideend|p1: Dre18|move: Aurora Veil
|upkeep
|turn|9
|inactive|Dre18 has 30 seconds left.
|inactive|Luke693VGC has 30 seconds left.
|
|t:|1757004166
|move|p2a: Pelipper|Protect|p2a: Pelipper
|-singleturn|p2a: Pelipper|Protect
|move|p1b: Rillaboom|Grassy Glide|p2a: Pelipper
|-activate|p2a: Pelipper|move: Protect
|cant|p1a: Volcarona|slp
|move|p2b: Amoonguss|Pollen Puff|p1b: Rillaboom
|-supereffective|p1b: Rillaboom
|-damage|p1b: Rillaboom|73/100
|
|-weather|RainDance|[upkeep]
|-heal|p1a: Volcarona|54/100 slp|[from] Grassy Terrain
|-heal|p1b: Rillaboom|79/100|[from] Grassy Terrain
|-heal|p2b: Amoonguss|100/100|[from] Grassy Terrain
|upkeep
|turn|10
|
|t:|1757004186
|move|p1b: Rillaboom|Grassy Glide|p2a: Pelipper
|-damage|p2a: Pelipper|0 fnt
|faint|p2a: Pelipper
|-curestatus|p1a: Volcarona|slp|[msg]
|move|p1a: Volcarona|Quiver Dance|p1a: Volcarona
|-boost|p1a: Volcarona|spa|1
|-boost|p1a: Volcarona|spd|1
|-boost|p1a: Volcarona|spe|1
|move|p2b: Amoonguss|Pollen Puff|p1b: Rillaboom
|-supereffective|p1b: Rillaboom
|-damage|p1b: Rillaboom|55/100
|
|-weather|RainDance|[upkeep]
|-heal|p1a: Volcarona|60/100|[from] Grassy Terrain
|-heal|p1b: Rillaboom|61/100|[from] Grassy Terrain
|upkeep
|turn|11
|-message|Luke693VGC forfeited.
|
|win|Dre18
|l|☆Luke693VGC
|player|p2|
||Luke693VGC is ready for game 2.
|inactive|Dre18 has 30 seconds to confirm battle start!
