|j|☆Lab01JNEST
|j|☆medwar
|html|Lab01JNESTmedwar    
|uhtml|bestof|Game 1 of a best-of-3
|t:|1757636332
|gametype|doubles
|player|p1|Lab01JNEST|101|1198
|player|p2|medwar|dawn|1057
|gen|9
|tier|[Gen 9] VGC 2025 Reg H (Bo3)
|rated|
|rule|Species Clause: Limit one of each Pokémon
|rule|Item Clause: Limit 1 of each item
|clearpoke
|poke|p1|Tyranitar, L50, M|
|poke|p1|Garchomp, L50, F|
|poke|p1|Sinistcha, L50|
|poke|p1|Dragonite, L50, F|
|poke|p1|Corviknight, L50, M|
|poke|p1|Volcarona, L50, M|
|poke|p2|Pelipper, L50, F|
|poke|p2|Archaludon, L50, M|
|poke|p2|Electabuzz, L50, M|
|poke|p2|Tsareena, L50, F|
|poke|p2|Ursaluna-Bloodmoon, L50, M|
|poke|p2|Basculegion, L50, M|
|teampreview|4
|showteam|p1|Tyranitar||AssaultVest|SandStream|RockSlide,KnockOff,TeraBlast,LowKick|||M|||50|,,,,,Flying]Garchomp||LifeOrb|RoughSkin|Protect,DragonClaw,StompingTantrum,Earthquake|||F|||50|,,,,,Ground]Sinistcha||RockyHelmet|Hospitality|MatchaGotcha,LifeDew,TrickRoom,RagePowder||||||50|,,,,,Dark]Dragonite||ChoiceBand|InnerFocus|Outrage,ExtremeSpeed,IceSpinner,AerialAce|||F|||50|,,,,,Normal]Corviknight||SitrusBerry|MirrorArmor|Tailwind,BulkUp,Roost,BraveBird|||M|||50|,,,,,Dragon]Volcarona||Leftovers|FlameBody|FieryDance,GigaDrain,QuiverDance,Protect|||M|||50|,,,,,Dragon
|showteam|p2|Pelipper||FocusSash|Drizzle|Tailwind,Protect,WeatherBall,Hurricane|||F|||50|,,,,,Ghost]Archaludon||AssaultVest|Stamina|ElectroShot,BodyPress,Snarl,FlashCannon|||M|||50|,,,,,Bug]Electabuzz||Eviolite|VitalSpirit|Taunt,FollowMe,Protect,Thunderbolt|||M|||50|,,,,,Ghost]Tsareena||Leftovers|QueenlyMajesty|KnockOff,TropKick,Protect,TripleAxel|||F|||50|,,,,,Fire]Ursaluna-Bloodmoon||SilkScarf|MindsEye|Protect,BloodMoon,HyperVoice,EarthPower|||M|||50|,,,,,Fairy]Basculegion||MysticWater|SwiftSwim|WaveCrash,Protect,LastRespects,FlipTurn|||M|||50|,,,,,Water
|inactive|Battle timer is ON: inactive players will automatically lose when time's up. (requested by Lab01JNEST)
|inactive|medwar has 60 seconds left.
|
|t:|1757636382
|teamsize|p1|4
|teamsize|p2|4
|start
|switch|p1a: Garchomp|Garchomp, L50, F|100/100
|switch|p1b: Corviknight|Corviknight, L50, M|100/100
|switch|p2a: Pelipper|Pelipper, L50, F, shiny|100/100
|switch|p2b: Basculegion|Basculegion, L50, M|100/100
|-weather|RainDance|[from] ability: Drizzle|[of] p2a: Pelipper
|turn|1
|
|t:|1757636397
|switch|p1b: Tyranitar|Tyranitar, L50, M|100/100
|-weather|Sandstorm|[from] ability: Sand Stream|[of] p1b: Tyranitar
|move|p1a: Garchomp|Dragon Claw|p2a: Pelipper
|-crit|p2a: Pelipper
|-enditem|p2a: Pelipper|Focus Sash
|-damage|p2a: Pelipper|1/100
|-damage|p1a: Garchomp|91/100|[from] item: Life Orb
|move|p2a: Pelipper|Tailwind|p2a: Pelipper
|-sidestart|p2: medwar|move: Tailwind
|move|p2b: Basculegion|Flip Turn|p1a: Garchomp
|-damage|p1a: Garchomp|54/100
|-damage|p2b: Basculegion|88/100|[from] ability: Rough Skin|[of] p1a: Garchomp
|
|t:|1757636413
|switch|p2b: Ursaluna|Ursaluna-Bloodmoon, L50, M|100/100|[from] Flip Turn
|
|-weather|Sandstorm|[upkeep]
|-damage|p2a: Pelipper|0 fnt|[from] Sandstorm
|faint|p2a: Pelipper
|upkeep
|
|t:|1757636420
|switch|p2a: Archaludon|Archaludon, L50, M, shiny|100/100
|turn|2
|inactive|medwar has 30 seconds left.
|
|t:|1757636457
|-terastallize|p1b: Tyranitar|Flying
|move|p2a: Archaludon|Electro Shot||[still]
|-prepare|p2a: Archaludon|Electro Shot
|-boost|p2a: Archaludon|spa|1
|move|p1a: Garchomp|Earthquake|p2a: Archaludon|[spread] p2a,p2b
|-immune|p1b: Tyranitar
|-supereffective|p2a: Archaludon
|-crit|p2b: Ursaluna
|-damage|p2a: Archaludon|35/100
|-damage|p2b: Ursaluna|44/100
|-ability|p2a: Archaludon|Stamina|boost
|-boost|p2a: Archaludon|def|1
|-damage|p1a: Garchomp|44/100|[from] item: Life Orb
|move|p2b: Ursaluna|Blood Moon|p1a: Garchomp
|-damage|p1a: Garchomp|0 fnt
|faint|p1a: Garchomp
|move|p1b: Tyranitar|Low Kick|p2b: Ursaluna
|-supereffective|p2b: Ursaluna
|-damage|p2b: Ursaluna|0 fnt
|faint|p2b: Ursaluna
|
|-weather|Sandstorm|[upkeep]
|-damage|p1b: Tyranitar|95/100|[from] Sandstorm
|upkeep
|
|t:|1757636477
|switch|p1a: Sinistcha|Sinistcha, L50|100/100
|switch|p2b: Basculegion|Basculegion, L50, M|88/100
|-heal|p1b: Tyranitar|100/100|[from] ability: Hospitality|[of] p1a: Sinistcha
|turn|3
|
|t:|1757636487
|move|p1a: Sinistcha|Rage Powder|p1a: Sinistcha
|-singleturn|p1a: Sinistcha|move: Rage Powder
|move|p2b: Basculegion|Last Respects|p1a: Sinistcha
|-supereffective|p1a: Sinistcha
|-damage|p1a: Sinistcha|0 fnt
|faint|p1a: Sinistcha
|move|p2a: Archaludon|Electro Shot|p1b: Tyranitar|[from] lockedmove
|-supereffective|p1b: Tyranitar
|-damage|p1b: Tyranitar|31/100
|move|p1b: Tyranitar|Knock Off|p2b: Basculegion
|-supereffective|p2b: Basculegion
|-damage|p2b: Basculegion|0 fnt
|-enditem|p2b: Basculegion|Mystic Water|[from] move: Knock Off|[of] p1b: Tyranitar
|faint|p2b: Basculegion
|
|-weather|Sandstorm|[upkeep]
|-damage|p1b: Tyranitar|26/100|[from] Sandstorm
|upkeep
|
|t:|1757636492
|switch|p1a: Corviknight|Corviknight, L50, M|100/100
|turn|4
|inactive|medwar has 30 seconds left.
|
|t:|1757636520
|move|p2a: Archaludon|Electro Shot||[still]
|-prepare|p2a: Archaludon|Electro Shot
|-boost|p2a: Archaludon|spa|1
|move|p1a: Corviknight|Tailwind|p1a: Corviknight
|-sidestart|p1: Lab01JNEST|move: Tailwind
|move|p1b: Tyranitar|Low Kick|p2a: Archaludon
|-supereffective|p2a: Archaludon
|-damage|p2a: Archaludon|12/100
|-ability|p2a: Archaludon|Stamina|boost
|-boost|p2a: Archaludon|def|1
|
|-weather|Sandstorm|[upkeep]
|-damage|p1b: Tyranitar|20/100|[from] Sandstorm
|-sideend|p2: medwar|move: Tailwind
|upkeep
|turn|5
|
|t:|1757636531
|move|p1a: Corviknight|Brave Bird|p2a: Archaludon
|-resisted|p2a: Archaludon
|-damage|p2a: Archaludon|6/100
|-ability|p2a: Archaludon|Stamina|boost
|-boost|p2a: Archaludon|def|1
|-damage|p1a: Corviknight|99/100|[from] Recoil
|move|p1b: Tyranitar|Low Kick|p2a: Archaludon
|-supereffective|p2a: Archaludon
|-damage|p2a: Archaludon|0 fnt
|faint|p2a: Archaludon
|
|win|Lab01JNEST
||medwar is ready for game 2.
|inactive|Lab01JNEST has 30 seconds to confirm battle start!
