|j|☆BenBen84
|j|☆I love bo3
|html|BenBen84I love bo3    
|uhtml|bestof|Game 1 of a best-of-3
|t:|1785420990
|gametype|doubles
|player|p1|BenBen84|266|
|player|p2|I love bo3|perrin|
|gen|9
|tier|[Gen 9 Champions] VGC 2026 Reg M-B (Bo3)
|rule|Species Clause: Limit one of each Pokémon
|rule|Item Clause: Limit 1 of each item
|clearpoke
|poke|p1|Delphox, L50, F, shiny|
|poke|p1|Floette-Eternal, L50, F|
|poke|p1|Incineroar, L50, F, shiny|
|poke|p1|Sinistcha, L50, shiny|
|poke|p1|Sneasler, L50, F, shiny|
|poke|p1|Kingambit, L50, F, shiny|
|poke|p2|Staraptor, L50, M, shiny|
|poke|p2|Charizard, L50, M, shiny|
|poke|p2|Garchomp, L50, M, shiny|
|poke|p2|Gholdengo, L50|
|poke|p2|Whimsicott, L50, F, shiny|
|poke|p2|Rotom-Wash, L50|
|teampreview|4
|showteam|p1|Delphox||Delphoxite|Blaze|HeatWave,Psyshock,NastyPlot,Protect|Timid||F|||50|]Floette-Eternal||Floettite|FlowerVeil|DazzlingGleam,DrainingKiss,CalmMind,Protect|Timid||F|||50|]Incineroar||SitrusBerry|Intimidate|FlareBlitz,HelpingHand,PartingShot,FakeOut|Impish||F|||50|]Sinistcha||OccaBerry|Hospitality|MatchaGotcha,TrickRoom,RagePowder,Protect|Bold|||||50|]Sneasler||FocusSash|PoisonTouch|DireClaw,CloseCombat,FakeOut,QuickGuard|Jolly||F|||50|]Kingambit||BlackGlasses|Defiant|KowtowCleave,SuckerPunch,SwordsDance,Protect|Adamant||F|||50|
|showteam|p2|Staraptor||Staraptite|Intimidate|CloseCombat,DualWingbeat,Roost,Protect|Jolly||M|||50|]Charizard||CharizarditeY|Blaze|WeatherBall,HeatWave,SolarBeam,Protect|Modest||M|||50|]Garchomp||LifeOrb|RoughSkin|Earthquake,DragonClaw,RockSlide,Protect|Jolly||M|||50|]Gholdengo||SpellTag|GoodasGold|MakeItRain,ShadowBall,NastyPlot,Protect|Modest|||||50|]Whimsicott||FocusSash|Prankster|Moonblast,Charm,Tailwind,Protect|Timid||F|||50|]Rotom-Wash||ChoiceScarf|Levitate|HydroPump,VoltSwitch,Electroweb,WillOWisp|Timid|||||50|
|j| Jason0103
|j| PaparaEX
|j| zuutokei2
|j| Manimo_1126
|j| Edward0516
|
|t:|1785421094
|teamsize|p1|4
|teamsize|p2|4
|start
|switch|p1a: Delphox|Delphox, L50, F, shiny|100/100
|switch|p1b: Sneasler|Sneasler, L50, F, shiny|100/100
|switch|p2a: Rotom|Rotom-Wash, L50|100/100
|switch|p2b: Charizard|Charizard, L50, M, shiny|100/100
|turn|1
|
|t:|1785421133
|detailschange|p1a: Delphox|Delphox-Mega, L50, F, shiny
|-mega|p1a: Delphox|Delphox|Delphoxite
|detailschange|p2b: Charizard|Charizard-Mega-Y, L50, M, shiny
|-mega|p2b: Charizard|Charizard|Charizardite Y
|-weather|SunnyDay|[from] ability: Drought|[of] p2b: Charizard
|move|p1b: Sneasler|Fake Out|p2a: Rotom
|-damage|p2a: Rotom|83/100
|cant|p2a: Rotom|flinch
|move|p1a: Delphox|Nasty Plot|p1a: Delphox
|-boost|p1a: Delphox|spa|2
|move|p2b: Charizard|Heat Wave|p1b: Sneasler|[spread] p1a,p1b
|-resisted|p1a: Delphox|1
|-crit|p1b: Sneasler
|-damage|p1a: Delphox|70/100
|-enditem|p1b: Sneasler|Focus Sash
|-damage|p1b: Sneasler|1/100
|
|-weather|SunnyDay|[upkeep]
|upkeep
|turn|2
|l| Edward0516
|
|t:|1785421162
|switch|p2b: Whimsicott|Whimsicott, L50, F, shiny|100/100
|move|p1a: Delphox|Protect|p1a: Delphox
|-singleturn|p1a: Delphox|Protect
|move|p2a: Rotom|Volt Switch|p1b: Sneasler
|-damage|p1b: Sneasler|0 fnt
|faint|p1b: Sneasler
|
|t:|1785421195
|switch|p2a: Garchomp|Garchomp, L50, M, shiny|100/100|[from] Volt Switch
|
|-weather|SunnyDay|[upkeep]
|upkeep
|
|t:|1785421200
|switch|p1b: Sinistcha|Sinistcha, L50, shiny|100/100
|-heal|p1a: Delphox|95/100|[from] ability: Hospitality|[of] p1b: Sinistcha
|turn|3
|
|t:|1785421215
|switch|p1a: Kingambit|Kingambit, L50, F, shiny|100/100
|move|p2b: Whimsicott|Moonblast|p1b: Sinistcha
|-damage|p1b: Sinistcha|64/100
|move|p2a: Garchomp|Rock Slide|p1a: Kingambit|[spread] p1a,p1b
|-resisted|p1a: Kingambit|1
|-damage|p1a: Kingambit|89/100
|-damage|p1b: Sinistcha|43/100
|-damage|p2a: Garchomp|90/100|[from] item: Life Orb
|move|p1b: Sinistcha|Trick Room|p1b: Sinistcha
|-fieldstart|move: Trick Room|[of] p1b: Sinistcha
|
|-weather|SunnyDay|[upkeep]
|upkeep
|turn|4
|
|t:|1785421252
|move|p2a: Garchomp|Protect|p2a: Garchomp
|-singleturn|p2a: Garchomp|Protect
|move|p1a: Kingambit|Swords Dance|p1a: Kingambit
|-boost|p1a: Kingambit|atk|2
|move|p1b: Sinistcha|Matcha Gotcha|p2b: Whimsicott|[spread] 
|-activate|p2a: Garchomp|move: Protect
|-miss|p1b: Sinistcha|p2b: Whimsicott
|move|p2b: Whimsicott|Moonblast|p1b: Sinistcha
|-damage|p1b: Sinistcha|6/100
|
|-weather|SunnyDay|[upkeep]
|upkeep
|turn|5
|
|t:|1785421329
|move|p1a: Kingambit|Kowtow Cleave|p2b: Whimsicott
|-resisted|p2b: Whimsicott|1
|-damage|p2b: Whimsicott|18/100
|move|p1b: Sinistcha|Matcha Gotcha|p2b: Whimsicott|[spread] p2a,p2b
|-resisted|p2b: Whimsicott|1
|-damage|p2a: Garchomp|65/100
|-heal|p1b: Sinistcha|19/100|[from] drain|[of] p2a: Garchomp
|-damage|p2b: Whimsicott|0 fnt
|-heal|p1b: Sinistcha|26/100|[from] drain|[of] p2b: Whimsicott
|faint|p2b: Whimsicott
|move|p2a: Garchomp|Earthquake|p1a: Kingambit|[spread] p1a,p1b
|-supereffective|p1a: Kingambit|1
|-resisted|p1b: Sinistcha|1
|-damage|p1a: Kingambit|18/100
|-damage|p1b: Sinistcha|7/100
|-damage|p2a: Garchomp|55/100|[from] item: Life Orb
|
|-weather|none
|upkeep
|
|t:|1785421346
|switch|p2b: Rotom|Rotom-Wash, L50|83/100
|turn|6
|
|t:|1785421354
|move|p1a: Kingambit|Protect|p1a: Kingambit
|-singleturn|p1a: Kingambit|Protect
|move|p1b: Sinistcha|Matcha Gotcha|p2a: Garchomp|[spread] p2a,p2b
|-supereffective|p2b: Rotom|1
|-damage|p2a: Garchomp|30/100
|-heal|p1b: Sinistcha|21/100|[from] drain|[of] p2a: Garchomp
|-damage|p2b: Rotom|20/100y
|-heal|p1b: Sinistcha|46/100|[from] drain|[of] p2b: Rotom
|move|p2a: Garchomp|Earthquake|p1a: Kingambit|[spread] p1b
|-activate|p1a: Kingambit|move: Protect
|-immune|p2b: Rotom|[from] ability: Levitate
|-resisted|p1b: Sinistcha|1
|-damage|p1b: Sinistcha|27/100
|-damage|p2a: Garchomp|20/100y|[from] item: Life Orb
|move|p2b: Rotom|Volt Switch|p1a: Kingambit
|-activate|p1a: Kingambit|move: Protect
|
|upkeep
|turn|7
|
|t:|1785421381
|move|p2a: Garchomp|Protect|p2a: Garchomp
|-singleturn|p2a: Garchomp|Protect
|move|p1a: Kingambit|Kowtow Cleave|p2b: Rotom
|-damage|p2b: Rotom|0 fnt
|faint|p2b: Rotom
|move|p1b: Sinistcha|Matcha Gotcha|p2a: Garchomp
|-activate|p2a: Garchomp|move: Protect
|
|-fieldend|move: Trick Room
|upkeep
|
|t:|1785421383
|switch|p2b: Charizard|Charizard-Mega-Y, L50, M, shiny|100/100
|-weather|SunnyDay|[from] ability: Drought|[of] p2b: Charizard
|turn|8
|
|t:|1785421408
|move|p2a: Garchomp|Protect|p2a: Garchomp
|-singleturn|p2a: Garchomp|Protect
|move|p1b: Sinistcha|Protect|p1b: Sinistcha
|-singleturn|p1b: Sinistcha|Protect
|move|p1a: Kingambit|Sucker Punch||[still]
|-fail|p1a: Kingambit
|move|p2b: Charizard|Heat Wave|p1b: Sinistcha|[spread] p1a
|-activate|p1b: Sinistcha|move: Protect
|-supereffective|p1a: Kingambit|1
|-crit|p1a: Kingambit
|-damage|p1a: Kingambit|0 fnt
|faint|p1a: Kingambit
|
|-weather|SunnyDay|[upkeep]
|upkeep
|
|t:|1785421419
|switch|p1a: Delphox|Delphox-Mega, L50, F, shiny|95/100
|turn|9
|
|t:|1785421428
|move|p1b: Sinistcha|Rage Powder|p1b: Sinistcha
|-singleturn|p1b: Sinistcha|move: Rage Powder
|move|p1a: Delphox|Heat Wave|p2b: Charizard|[spread] p2a,p2b
|-resisted|p2a: Garchomp|1
|-resisted|p2b: Charizard|1
|-damage|p2a: Garchomp|0 fnt
|-damage|p2b: Charizard|75/100
|faint|p2a: Garchomp
|move|p2b: Charizard|Heat Wave|p1b: Sinistcha|[spread] p1a,p1b
|-resisted|p1a: Delphox|1
|-supereffective|p1b: Sinistcha|1
|-enditem|p1b: Sinistcha|Occa Berry|[eat]
|-enditem|p1b: Sinistcha|Occa Berry|[weaken]
|-damage|p1a: Delphox|69/100
|-damage|p1b: Sinistcha|0 fnt
|faint|p1b: Sinistcha
|
|-weather|SunnyDay|[upkeep]
|upkeep
|turn|10
|
|t:|1785421442
|move|p1a: Delphox|Psyshock|p2b: Charizard
|-damage|p2b: Charizard|30/100
|move|p2b: Charizard|Weather Ball|p1a: Delphox
|-resisted|p1a: Delphox|1
|-damage|p1a: Delphox|30/100
|
|-weather|SunnyDay|[upkeep]
|upkeep
|turn|11
|
|t:|1785421450
|move|p1a: Delphox|Psyshock|p2b: Charizard
|-damage|p2b: Charizard|0 fnt
|faint|p2b: Charizard
|
|win|BenBen84
||I love bo3 is ready for game 2.
