|j|☆joguisolo
|j|☆lunakikemaster
|html|joguisololunakikemaster    
|uhtml|bestof|Game 3 of a best-of-3
|t:|1785695793
|gametype|doubles
|player|p1|joguisolo|koga|
|player|p2|lunakikemaster|102|
|gen|9
|tier|[Gen 9 Champions] VGC 2026 Reg M-B (Bo3)
|rule|Species Clause: Limit one of each Pokémon
|rule|Item Clause: Limit 1 of each item
|clearpoke
|poke|p1|Oranguru, L50, M|
|poke|p1|Rhyperior, L50, F|
|poke|p1|Tsareena, L50, F|
|poke|p1|Tyranitar, L50, F|
|poke|p1|Armarouge, L50, F|
|poke|p1|Gardevoir, L50, M|
|poke|p2|Metagross, L50|
|poke|p2|Whimsicott, L50, M|
|poke|p2|Aerodactyl, L50, M|
|poke|p2|Arcanine, L50, M|
|poke|p2|Greninja, L50, F|
|poke|p2|Raichu, L50, M|
|teampreview|4
|showteam|p1|Oranguru||MentalHerb|InnerFocus|TrickRoom,Instruct,Psychic,Protect|Sassy||M|||50|]Rhyperior||MuscleBand|SolidRock|RockSlide,HighHorsepower,IcePunch,Protect|Brave||F|||50|]Tsareena||MiracleSeed|QueenlyMajesty|PowerWhip,TripleAxel,HelpingHand,Protect|Brave||F|||50|]Tyranitar||Tyranitarite|SandStream|RockSlide,Crunch,LowKick,Protect|Adamant||F|||50|]Armarouge||Charcoal|FlashFire|ArmorCannon,ExpandingForce,WideGuard,Protect|Quiet||F|||50|]Gardevoir||Gardevoirite|Trace|HyperVoice,Psychic,Protect,MysticalFire|Quiet||M|||50|
|showteam|p2|Metagross||Metagrossite|ClearBody|BodyPress,IcePunch,IronHead,Protect|Jolly|||||50|]Whimsicott||FocusSash|Prankster|Moonblast,SunnyDay,Tailwind,Tickle|Timid||M|||50|]Aerodactyl||WideLens|RockHead|RockSlide,Protect,Tailwind,WideGuard|Jolly||M|||50|]Arcanine||SitrusBerry|Intimidate|FlareBlitz,Protect,Snarl,WillOWisp|Adamant||M|||50|]Greninja||LifeOrb|Torrent|DarkPulse,HydroPump,IceBeam,Protect|Timid||F|||50|]Raichu||ShucaBerry|Static|FakeOut,VoltSwitch,Protect,ZapCannon|Timid||M|||50|
|
|t:|1785695897
|teamsize|p1|4
|teamsize|p2|4
|start
|switch|p1a: Oranguru|Oranguru, L50, M|100/100
|switch|p1b: Tsareena|Tsareena, L50, F|100/100
|switch|p2a: Arcanine|Arcanine, L50, M|100/100
|switch|p2b: Whimsicott|Whimsicott, L50, M|100/100
|-ability|p2a: Arcanine|Intimidate|boost
|-fail|p1a: Oranguru|unboost|Attack|[from] ability: Inner Focus|[of] p1a: Oranguru
|-unboost|p1b: Tsareena|atk|1
|turn|1
|
|t:|1785695955
|move|p1b: Tsareena|Protect|p1b: Tsareena
|-singleturn|p1b: Tsareena|Protect
|move|p2b: Whimsicott|Sunny Day|p2b: Whimsicott
|-weather|SunnyDay
|move|p2a: Arcanine|Flare Blitz|p1b: Tsareena
|-activate|p1b: Tsareena|move: Protect
|move|p1a: Oranguru|Trick Room|p1a: Oranguru
|-fieldstart|move: Trick Room|[of] p1a: Oranguru
|
|-weather|SunnyDay|[upkeep]
|upkeep
|turn|2
|
|t:|1785696005
|move|p1a: Oranguru|Psychic|p2b: Whimsicott
|-damage|p2b: Whimsicott|53/100
|move|p1b: Tsareena|Triple Axel|p2b: Whimsicott
|-supereffective|p2b: Whimsicott|1
|-damage|p2b: Whimsicott|37/100
|-supereffective|p2b: Whimsicott|1
|-damage|p2b: Whimsicott|8/100
|-supereffective|p2b: Whimsicott|1
|-damage|p2b: Whimsicott|0 fnt
|faint|p2b: Whimsicott
|-hitcount|p2: Whimsicott|3
|move|p2a: Arcanine|Flare Blitz|p1b: Tsareena
|-supereffective|p1b: Tsareena|1
|-damage|p1b: Tsareena|0 fnt
|faint|p1b: Tsareena
|-damage|p2a: Arcanine|70/100|[from] Recoil
|
|-weather|SunnyDay|[upkeep]
|upkeep
|
|t:|1785696054
|switch|p1b: Gardevoir|Gardevoir, L50, M|100/100
|switch|p2b: Greninja|Greninja, L50, F|100/100
|-ability|p1b: Gardevoir|Intimidate|Trace|[from] ability: Trace|[of] p2a: Arcanine
|-ability|p1b: Gardevoir|Intimidate|boost
|-unboost|p2a: Arcanine|atk|1
|-unboost|p2b: Greninja|atk|1
|turn|3
|
|t:|1785696083
|detailschange|p1b: Gardevoir|Gardevoir-Mega, L50, M
|-mega|p1b: Gardevoir|Gardevoir|Gardevoirite
|move|p1a: Oranguru|Instruct||[still]
|-fail|p1a: Oranguru
|move|p1b: Gardevoir|Hyper Voice|p2a: Arcanine|[spread] p2a,p2b
|-resisted|p2a: Arcanine|1
|-supereffective|p2b: Greninja|1
|-damage|p2a: Arcanine|41/100
|-damage|p2b: Greninja|0 fnt
|-enditem|p2a: Arcanine|Sitrus Berry|[eat]
|-heal|p2a: Arcanine|66/100|[from] item: Sitrus Berry
|faint|p2b: Greninja
|move|p2a: Arcanine|Flare Blitz|p1b: Gardevoir
|-damage|p1b: Gardevoir|20/100y
|-damage|p2a: Arcanine|43/100|[from] Recoil
|
|-weather|SunnyDay|[upkeep]
|upkeep
|
|t:|1785696099
|switch|p2b: Metagross|Metagross, L50|100/100
|turn|4
|
|t:|1785696146
|move|p2a: Arcanine|Protect|p2a: Arcanine
|-singleturn|p2a: Arcanine|Protect
|move|p1a: Oranguru|Psychic|p2a: Arcanine
|-activate|p2a: Arcanine|move: Protect
|move|p2b: Metagross|Iron Head|p1b: Gardevoir
|-supereffective|p1b: Gardevoir|1
|-damage|p1b: Gardevoir|0 fnt
|faint|p1b: Gardevoir
|
|-weather|SunnyDay|[upkeep]
|upkeep
|
|t:|1785696155
|switch|p1b: Rhyperior|Rhyperior, L50, F|100/100
|turn|5
|
|t:|1785696227
|detailschange|p2b: Metagross|Metagross-Mega, L50
|-mega|p2b: Metagross|Metagross|Metagrossite
|move|p1b: Rhyperior|High Horsepower|p2a: Arcanine
|-supereffective|p2a: Arcanine|1
|-damage|p2a: Arcanine|0 fnt
|faint|p2a: Arcanine
|move|p1a: Oranguru|Psychic|p2b: Metagross
|-resisted|p2b: Metagross|2
|-damage|p2b: Metagross|94/100
|move|p2b: Metagross|Ice Punch|p1b: Rhyperior
|-supereffective|p1b: Rhyperior|1
|-damage|p1b: Rhyperior|71/100
|
|-weather|none
|-fieldend|move: Trick Room
|upkeep
|turn|6
|
|t:|1785696259
|move|p1b: Rhyperior|Protect|p1b: Rhyperior
|-singleturn|p1b: Rhyperior|Protect
|move|p2b: Metagross|Body Press|p1b: Rhyperior
|-activate|p1b: Rhyperior|move: Protect
|move|p1a: Oranguru|Trick Room|p1a: Oranguru
|-fieldstart|move: Trick Room|[of] p1a: Oranguru
|
|upkeep
|turn|7
|
|t:|1785696290
|move|p1b: Rhyperior|High Horsepower|p2b: Metagross
|-supereffective|p2b: Metagross|1
|-damage|p2b: Metagross|19/100
|move|p1a: Oranguru|Psychic|p2b: Metagross
|-resisted|p2b: Metagross|2
|-damage|p2b: Metagross|12/100
|move|p2b: Metagross|Body Press|p1b: Rhyperior
|-supereffective|p1b: Rhyperior|1
|-damage|p1b: Rhyperior|35/100
|
|upkeep
|turn|8
|
|t:|1785696303
|move|p2b: Metagross|Protect|p2b: Metagross
|-singleturn|p2b: Metagross|Protect
|move|p1b: Rhyperior|High Horsepower|p2b: Metagross
|-activate|p2b: Metagross|move: Protect
|move|p1a: Oranguru|Psychic|p2b: Metagross
|-activate|p2b: Metagross|move: Protect
|
|upkeep
|turn|9
|
|t:|1785696315
|move|p1b: Rhyperior|High Horsepower|p2b: Metagross
|-supereffective|p2b: Metagross|1
|-damage|p2b: Metagross|0 fnt
|faint|p2b: Metagross
|
|win|joguisolo
|l|☆lunakikemaster
|player|p2|
|j| PorygonTheBot
|c| PorygonTheBot|y'all are stupid
