|j|☆cbilla
|j|☆asbdsp
|html|cbillaasbdsp    
|uhtml|bestof|Game 2 of a best-of-3
|t:|1785676013
|gametype|doubles
|player|p1|cbilla|265|
|player|p2|asbdsp|170|
|gen|9
|tier|[Gen 9 Champions] VGC 2026 Reg M-B (Bo3)
|rule|Species Clause: Limit one of each Pokémon
|rule|Item Clause: Limit 1 of each item
|clearpoke
|poke|p1|Klefki, L50, F|
|poke|p1|Hippowdon, L50, M|
|poke|p1|Roserade, L50, F|
|poke|p1|Archaludon, L50, M, shiny|
|poke|p1|Staraptor, L50, F|
|poke|p1|Goodra-Hisui, L50, F|
|poke|p2|Floette-Eternal, L50, F|
|poke|p2|Garchomp, L50, M|
|poke|p2|Kingambit, L50, F|
|poke|p2|Sylveon, L50, M|
|poke|p2|Gallade, L50, M|
|poke|p2|Glimmora, L50, F|
|teampreview|4
|showteam|p1|Klefki||LightClay|Prankster|LightScreen,Reflect,DazzlingGleam,ThunderWave|Sassy||F|||50|]Hippowdon||SitrusBerry|SandStream|HighHorsepower,RockSlide,Yawn,Protect|Impish||M|||50|]Roserade||FocusSash|PoisonPoint|SludgeBomb,Charm,SleepPowder,Protect|Timid||F|||50|]Archaludon||Leftovers|Stamina|AuraSphere,FlashCannon,DracoMeteor,Protect|Modest||M|||50|]Staraptor||Staraptite|Intimidate|CloseCombat,BraveBird,Roost,Protect|Adamant||F|||50|]Goodra-Hisui||MetalCoat|Gooey|FlashCannon,Protect,Shelter,BodyPress|Calm||F|||50|
|showteam|p2|Floette-Eternal||Floettite|FlowerVeil|CalmMind,DazzlingGleam,Moonblast,Protect|Modest||F|||50|]Garchomp||LifeOrb|RoughSkin|DragonClaw,Earthquake,Protect,RockSlide|Jolly||M|||50|]Kingambit||OccaBerry|Defiant|IronHead,KowtowCleave,Protect,SuckerPunch|Adamant||F|||50|]Sylveon||FairyFeather|Pixilate|HyperVoice,Yawn,Detect,QuickAttack|Modest||M|||50|]Gallade||ExpertBelt|Sharpness|LeafBlade,PsychoCut,SacredSword,TrickRoom|Adamant||M|||50|]Glimmora||FocusSash|ToxicDebris|EarthPower,PowerGem,SludgeBomb,SpikyShield|Modest||F|||50|
|j| babayaga27
|
|t:|1785676145
|teamsize|p1|4
|teamsize|p2|4
|start
|switch|p1a: Klefki|Klefki, L50, F|100/100
|switch|p1b: Staraptor|Staraptor, L50, F|100/100
|switch|p2a: Floette|Floette-Eternal, L50, F|100/100
|switch|p2b: Garchomp|Garchomp, L50, M|100/100
|-ability|p1b: Staraptor|Intimidate|boost
|-unboost|p2a: Floette|atk|1
|-unboost|p2b: Garchomp|atk|1
|turn|1
|
|t:|1785676219
|switch|p2b: Sylveon|Sylveon, L50, M|100/100
|switch|p1b: Archaludon|Archaludon, L50, M, shiny|100/100
|detailschange|p2a: Floette|Floette-Mega, L50, F
|-mega|p2a: Floette|Floette|Floettite
|-ability|p2a: Floette|Fairy Aura
|move|p1a: Klefki|Light Screen|p1a: Klefki
|-sidestart|p1: cbilla|move: Light Screen
|move|p2a: Floette|Moonblast|p1a: Klefki
|-resisted|p1a: Klefki|1
|-damage|p1a: Klefki|74/100
|-unboost|p1a: Klefki|spa|1
|
|upkeep
|turn|2
|
|t:|1785676326
|switch|p2a: Kingambit|Kingambit, L50, F|100/100
|move|p1a: Klefki|Thunder Wave|p2a: Kingambit
|-hint|Since gen 7, Dark is immune to Prankster moves.
|-immune|p2a: Kingambit
|move|p1b: Archaludon|Flash Cannon|p2a: Kingambit
|-resisted|p2a: Kingambit|1
|-damage|p2a: Kingambit|83/100
|move|p2b: Sylveon|Yawn|p1b: Archaludon
|-start|p1b: Archaludon|move: Yawn|[of] p2b: Sylveon
|
|upkeep
|turn|3
|
|t:|1785676380
|switch|p1b: Roserade|Roserade, L50, F|100/100
|move|p2b: Sylveon|Detect|p2b: Sylveon
|-singleturn|p2b: Sylveon|Protect
|move|p1a: Klefki|Reflect|p1a: Klefki
|-sidestart|p1: cbilla|Reflect
|move|p2a: Kingambit|Kowtow Cleave|p1b: Roserade
|-damage|p1b: Roserade|41/100
|
|upkeep
|turn|4
|
|t:|1785676434
|move|p2a: Kingambit|Protect|p2a: Kingambit
|-singleturn|p2a: Kingambit|Protect
|move|p1a: Klefki|Thunder Wave|p2b: Sylveon
|-status|p2b: Sylveon|par
|move|p1b: Roserade|Sleep Powder|p2a: Kingambit
|-activate|p2a: Kingambit|move: Protect
|move|p2b: Sylveon|Hyper Voice|p1a: Klefki|[spread] p1a,p1b
|-resisted|p1a: Klefki|1
|-resisted|p1b: Roserade|1
|-damage|p1a: Klefki|61/100
|-damage|p1b: Roserade|22/100
|
|upkeep
|turn|5
|
|t:|1785676483
|switch|p2a: Floette|Floette-Mega, L50, F|100/100
|-ability|p2a: Floette|Fairy Aura
|move|p2b: Sylveon|Quick Attack|p1b: Roserade
|-resisted|p1b: Roserade|1
|-damage|p1b: Roserade|11/100
|move|p1b: Roserade|Sleep Powder|p2a: Floette
|-status|p2a: Floette|slp|[from] move: Sleep Powder
|move|p1a: Klefki|Dazzling Gleam|p2b: Sylveon|[spread] p2a,p2b
|-damage|p2a: Floette|87/100 slp
|-damage|p2b: Sylveon|88/100 par
|
|upkeep
|turn|6
|
|t:|1785676556
|switch|p1a: Archaludon|Archaludon, L50, M, shiny|100/100
|cant|p2a: Floette|slp
|move|p2b: Sylveon|Quick Attack|p1b: Roserade
|-resisted|p1b: Roserade|1
|-damage|p1b: Roserade|1/100
|move|p1b: Roserade|Sludge Bomb|p2a: Floette
|-supereffective|p2a: Floette|1
|-damage|p2a: Floette|15/100 slp
|
|upkeep
|turn|7
|
|t:|1785676586
|switch|p2a: Kingambit|Kingambit, L50, F|83/100
|move|p1b: Roserade|Protect|p1b: Roserade
|-singleturn|p1b: Roserade|Protect
|move|p2b: Sylveon|Detect|p2b: Sylveon
|-singleturn|p2b: Sylveon|Protect
|move|p1a: Archaludon|Flash Cannon|p2b: Sylveon
|-activate|p2b: Sylveon|move: Protect
|
|upkeep
|turn|8
|
|t:|1785676627
|move|p2a: Kingambit|Protect|p2a: Kingambit
|-singleturn|p2a: Kingambit|Protect
|move|p1b: Roserade|Sleep Powder|p2a: Kingambit
|-activate|p2a: Kingambit|move: Protect
|move|p1a: Archaludon|Flash Cannon|p2b: Sylveon
|-supereffective|p2b: Sylveon|1
|-damage|p2b: Sylveon|24/100 par
|move|p2b: Sylveon|Yawn|p1a: Archaludon
|-start|p1a: Archaludon|move: Yawn|[of] p2b: Sylveon
|
|-sideend|p1: cbilla|move: Light Screen
|upkeep
|turn|9
|
|t:|1785676725
|switch|p2a: Floette|Floette-Mega, L50, F|15/100 slp
|-ability|p2a: Floette|Fairy Aura
|move|p1b: Roserade|Protect|p1b: Roserade
|-singleturn|p1b: Roserade|Protect
|move|p2b: Sylveon|Quick Attack|p1b: Roserade
|-activate|p1b: Roserade|move: Protect
|move|p1a: Archaludon|Aura Sphere|p2a: Floette
|-resisted|p2a: Floette|1
|-damage|p2a: Floette|4/100 slp
|
|-end|p1a: Archaludon|move: Yawn|[silent]
|-status|p1a: Archaludon|slp
|upkeep
|turn|10
|
|t:|1785676784
|switch|p1b: Klefki|Klefki, L50, F|61/100
|move|p2b: Sylveon|Quick Attack|p1b: Klefki
|-resisted|p1b: Klefki|1
|-damage|p1b: Klefki|54/100
|cant|p2a: Floette|slp
|cant|p1a: Archaludon|slp
|
|-sideend|p1: cbilla|Reflect
|upkeep
|turn|11
|
|t:|1785676817
|-curestatus|p2a: Floette|slp|[msg]
|move|p2a: Floette|Protect|p2a: Floette
|-singleturn|p2a: Floette|Protect
|move|p1b: Klefki|Light Screen|p1b: Klefki
|-sidestart|p1: cbilla|move: Light Screen
|cant|p1a: Archaludon|slp
|move|p2b: Sylveon|Hyper Voice|p1a: Archaludon|[spread] p1a,p1b
|-resisted|p1b: Klefki|1
|-damage|p1a: Archaludon|52/100 slp
|-damage|p1b: Klefki|37/100
|-ability|p1a: Archaludon|Stamina|boost
|-boost|p1a: Archaludon|def|1
|
|-heal|p1a: Archaludon|58/100 slp|[from] item: Leftovers
|upkeep
|turn|12
|
|t:|1785676841
|move|p2a: Floette|Dazzling Gleam|p1a: Archaludon|[spread] p1a,p1b
|-resisted|p1b: Klefki|1
|-damage|p1a: Archaludon|16/100 slp
|-damage|p1b: Klefki|22/100
|-ability|p1a: Archaludon|Stamina|boost
|-boost|p1a: Archaludon|def|1
|-curestatus|p1a: Archaludon|slp|[msg]
|move|p1a: Archaludon|Flash Cannon|p2b: Sylveon
|-supereffective|p2b: Sylveon|1
|-damage|p2b: Sylveon|0 fnt
|faint|p2b: Sylveon
|move|p1b: Klefki|Dazzling Gleam|p2a: Floette
|-damage|p2a: Floette|0 fnt
|faint|p2a: Floette
|
|-heal|p1a: Archaludon|22/100|[from] item: Leftovers
|upkeep
|
|t:|1785676856
|switch|p2a: Kingambit|Kingambit, L50, F|83/100
|switch|p2b: Garchomp|Garchomp, L50, M|100/100
|turn|13
|
|t:|1785676903
|move|p1a: Archaludon|Protect|p1a: Archaludon
|-singleturn|p1a: Archaludon|Protect
|move|p2a: Kingambit|Protect|p2a: Kingambit
|-singleturn|p2a: Kingambit|Protect
|move|p1b: Klefki|Reflect|p1b: Klefki
|-sidestart|p1: cbilla|Reflect
|move|p2b: Garchomp|Earthquake|p1b: Klefki|[spread] p1b
|-activate|p2a: Kingambit|move: Protect
|-activate|p1a: Archaludon|move: Protect
|-supereffective|p1b: Klefki|1
|-damage|p1b: Klefki|0 fnt
|faint|p1b: Klefki
|-damage|p2b: Garchomp|90/100|[from] item: Life Orb
|
|-heal|p1a: Archaludon|28/100|[from] item: Leftovers
|upkeep
|
|t:|1785676935
|switch|p1b: Staraptor|Staraptor, L50, F|100/100
|-ability|p1b: Staraptor|Intimidate|boost
|-unboost|p2a: Kingambit|atk|1
|-ability|p2a: Kingambit|Defiant|boost
|-boost|p2a: Kingambit|atk|2
|-unboost|p2b: Garchomp|atk|1
|turn|14
|
|t:|1785676986
|detailschange|p1b: Staraptor|Staraptor-Mega, L50, F
|-mega|p1b: Staraptor|Staraptor|Staraptite
|move|p2a: Kingambit|Sucker Punch|p1b: Staraptor
|-resisted|p1b: Staraptor|1
|-damage|p1b: Staraptor|80/100
|move|p2b: Garchomp|Rock Slide|p1b: Staraptor|[spread] p1a,p1b
|-resisted|p1a: Archaludon|1
|-damage|p1a: Archaludon|26/100
|-damage|p1b: Staraptor|68/100
|-ability|p1a: Archaludon|Stamina|boost
|-boost|p1a: Archaludon|def|1
|-damage|p2b: Garchomp|80/100|[from] item: Life Orb
|move|p1b: Staraptor|Close Combat|p2a: Kingambit
|-supereffective|p2a: Kingambit|2
|-damage|p2a: Kingambit|0 fnt
|-boost|p1b: Staraptor|def|1
|-boost|p1b: Staraptor|spd|1
|faint|p2a: Kingambit
|move|p1a: Archaludon|Draco Meteor|p2b: Garchomp
|-supereffective|p2b: Garchomp|1
|-damage|p2b: Garchomp|0 fnt
|-unboost|p1a: Archaludon|spa|2
|faint|p2b: Garchomp
|
|win|cbilla
|c|☆asbdsp|gg
|c|☆cbilla|gg
|l|☆cbilla
|player|p1|
|l| babayaga27
