|j|☆breloomb01
|j|☆adjnorr
|html|breloomb01adjnorr    
|uhtml|bestof|Game 2 of a best-of-3
|t:|1785364054
|gametype|doubles
|player|p1|breloomb01|roughneck|1159
|player|p2|adjnorr|169|1160
|gen|9
|tier|[Gen 9 Champions] VGC 2026 Reg M-B (Bo3)
|rated|
|rule|Species Clause: Limit one of each Pokémon
|rule|Item Clause: Limit 1 of each item
|clearpoke
|poke|p1|Floette-Eternal, L50, F|
|poke|p1|Incineroar, L50, F|
|poke|p1|Sinistcha, L50|
|poke|p1|Garchomp, L50, F|
|poke|p1|Sneasler, L50, F|
|poke|p1|Rotom-Wash, L50|
|poke|p2|Staraptor, L50, F|
|poke|p2|Delphox, L50, F|
|poke|p2|Whimsicott, L50, F|
|poke|p2|Glimmora, L50, F|
|poke|p2|Garchomp, L50, M|
|poke|p2|Kingambit, L50, M|
|teampreview|4
|showteam|p1|Floette-Eternal||Floettite|FlowerVeil|DrainingKiss,DazzlingGleam,CalmMind,Protect|Modest||F|||50|]Incineroar||SitrusBerry|Intimidate|FakeOut,FlareBlitz,ThroatChop,PartingShot|Careful||F|||50|]Sinistcha||KasibBerry|Hospitality|Protect,RagePowder,MatchaGotcha,TrickRoom|Calm|||||50|]Garchomp||LifeOrb|RoughSkin|Earthquake,DragonClaw,RockSlide,Protect|Jolly||F|||50|]Sneasler||FocusSash|PoisonTouch|FakeOut,DireClaw,CloseCombat,Protect|Jolly||F|||50|]Rotom-Wash||Leftovers|Levitate|HydroPump,Protect,WillOWisp,Electroweb|Bold|||||50|
|showteam|p2|Staraptor||Staraptite|Intimidate|BraveBird,CloseCombat,Roost,Protect|Jolly||F|||50|]Delphox||Delphoxite|Blaze|HeatWave,Psychic,Encore,Protect|Timid||F|||50|]Whimsicott||OccaBerry|Prankster|Moonblast,Tailwind,Charm,LightScreen|Timid||F|||50|]Glimmora||FocusSash|ToxicDebris|PowerGem,SludgeBomb,EarthPower,SpikyShield|Timid||F|||50|]Garchomp||LifeOrb|RoughSkin|DragonClaw,Earthquake,RockSlide,Protect|Jolly||M|||50|]Kingambit||ChopleBerry|Defiant|KowtowCleave,IronHead,SuckerPunch,LowKick|Adamant||M|||50|
|
|t:|1785364084
|teamsize|p1|4
|teamsize|p2|4
|start
|switch|p1a: Garchomp|Garchomp, L50, F|100/100
|switch|p1b: Rotom|Rotom-Wash, L50|100/100
|switch|p2a: Glimmora|Glimmora, L50, F|100/100
|switch|p2b: Whimsicott|Whimsicott, L50, F|100/100
|turn|1
|
|t:|1785364103
|move|p1a: Garchomp|Protect|p1a: Garchomp
|-singleturn|p1a: Garchomp|Protect
|move|p2b: Whimsicott|Moonblast|p1b: Rotom
|-damage|p1b: Rotom|74/100
|move|p2a: Glimmora|Sludge Bomb|p1b: Rotom
|-damage|p1b: Rotom|25/100
|move|p1b: Rotom|Electroweb|p2b: Whimsicott|[spread] p2a,p2b
|-resisted|p2b: Whimsicott|1
|-damage|p2a: Glimmora|80/100
|-damage|p2b: Whimsicott|90/100
|-unboost|p2a: Glimmora|spe|1
|-unboost|p2b: Whimsicott|spe|1
|
|-heal|p1b: Rotom|31/100|[from] item: Leftovers
|upkeep
|turn|2
|
|t:|1785364120
|move|p2b: Whimsicott|Tailwind|p2b: Whimsicott
|-sidestart|p2: adjnorr|move: Tailwind
|move|p2a: Glimmora|Sludge Bomb|p1b: Rotom
|-damage|p1b: Rotom|0 fnt
|faint|p1b: Rotom
|move|p1a: Garchomp|Earthquake|p2b: Whimsicott|[spread] p2a,p2b
|-supereffective|p2a: Glimmora|2
|-resisted|p2b: Whimsicott|1
|-damage|p2a: Glimmora|0 fnt
|-damage|p2b: Whimsicott|57/100
|-activate|p2a: Glimmora|ability: Toxic Debris
|-sidestart|p1: breloomb01|move: Toxic Spikes
|faint|p2a: Glimmora
|-damage|p1a: Garchomp|90/100|[from] item: Life Orb
|
|upkeep
|
|t:|1785364134
|switch|p2a: Kingambit|Kingambit, L50, M|100/100
|switch|p1b: Floette|Floette-Eternal, L50, F|100/100
|-status|p1b: Floette|psn
|turn|3
|
|t:|1785364157
|detailschange|p1b: Floette|Floette-Mega, L50, F
|-mega|p1b: Floette|Floette|Floettite
|-ability|p1b: Floette|Fairy Aura
|move|p2b: Whimsicott|Moonblast|p1a: Garchomp
|-supereffective|p1a: Garchomp|1
|-damage|p1a: Garchomp|14/100
|move|p1a: Garchomp|Earthquake|p2b: Whimsicott|[spread] p1b,p2a,p2b
|-supereffective|p2a: Kingambit|1
|-resisted|p2b: Whimsicott|1
|-crit|p2b: Whimsicott
|-damage|p1b: Floette|41/100 psn
|-damage|p2a: Kingambit|32/100
|-damage|p2b: Whimsicott|9/100
|-damage|p1a: Garchomp|4/100|[from] item: Life Orb
|move|p2a: Kingambit|Kowtow Cleave|p1a: Garchomp
|-damage|p1a: Garchomp|0 fnt
|-damage|p2a: Kingambit|20/100y|[from] ability: Rough Skin|[of] p1a: Garchomp
|faint|p1a: Garchomp
|move|p1b: Floette|Calm Mind|p1b: Floette
|-boost|p1b: Floette|spa|1
|-boost|p1b: Floette|spd|1
|
|-damage|p1b: Floette|29/100 psn|[from] psn
|upkeep
|
|t:|1785364159
|switch|p1a: Incineroar|Incineroar, L50, F|100/100
|-status|p1a: Incineroar|psn
|-ability|p1a: Incineroar|Intimidate|boost
|-unboost|p2a: Kingambit|atk|1
|-ability|p2a: Kingambit|Defiant|boost
|-boost|p2a: Kingambit|atk|2
|-unboost|p2b: Whimsicott|atk|1
|turn|4
|
|t:|1785364183
|move|p1a: Incineroar|Fake Out|p2a: Kingambit
|-resisted|p2a: Kingambit|1
|-damage|p2a: Kingambit|16/100
|move|p2b: Whimsicott|Light Screen|p2b: Whimsicott
|-sidestart|p2: adjnorr|move: Light Screen
|cant|p2a: Kingambit|flinch
|move|p1b: Floette|Dazzling Gleam|p2a: Kingambit|[spread] p2a,p2b
|-crit|p2b: Whimsicott
|-damage|p2a: Kingambit|0 fnt
|-damage|p2b: Whimsicott|0 fnt
|faint|p2a: Kingambit
|faint|p2b: Whimsicott
|
|-damage|p1b: Floette|17/100 psn|[from] psn
|-damage|p1a: Incineroar|87/100 psn|[from] psn
|upkeep
|
|t:|1785364187
|switch|p2b: Delphox|Delphox, L50, F|100/100
|turn|5
|
|t:|1785364195
|detailschange|p2b: Delphox|Delphox-Mega, L50, F
|-mega|p2b: Delphox|Delphox|Delphoxite
|move|p2b: Delphox|Encore|p1a: Incineroar
|-start|p1a: Incineroar|Encore
|move|p1a: Incineroar|Fake Out||[still]
|-hint|Fake Out only works on your first turn out.
|-fail|p1a: Incineroar
|move|p1b: Floette|Draining Kiss|p2b: Delphox
|-resisted|p2b: Delphox|1
|-damage|p2b: Delphox|78/100
|-heal|p1b: Floette|31/100 psn|[from] drain|[of] p2b: Delphox
|
|-damage|p1b: Floette|19/100 psn|[from] psn
|-damage|p1a: Incineroar|75/100 psn|[from] psn
|-sideend|p2: adjnorr|move: Tailwind
|upkeep
|turn|6
|
|t:|1785364207
|move|p2b: Delphox|Psychic|p1b: Floette
|-damage|p1b: Floette|0 fnt
|faint|p1b: Floette
|-activate|p1a: Incineroar|move: Struggle
|move|p1a: Incineroar|Struggle|p2b: Delphox
|-damage|p2b: Delphox|63/100
|-damage|p1a: Incineroar|50/100y psn|[from] recoil
|-enditem|p1a: Incineroar|Sitrus Berry|[eat]
|-heal|p1a: Incineroar|74/100 psn|[from] item: Sitrus Berry
|
|-damage|p1a: Incineroar|62/100 psn|[from] psn
|upkeep
|turn|7
|
|t:|1785364212
|move|p2b: Delphox|Heat Wave|p1a: Incineroar
|-resisted|p1a: Incineroar|1
|-damage|p1a: Incineroar|43/100 psn
|-activate|p1a: Incineroar|move: Struggle
|move|p1a: Incineroar|Struggle|p2b: Delphox
|-damage|p2b: Delphox|47/100
|-damage|p1a: Incineroar|18/100 psn|[from] recoil
|
|-damage|p1a: Incineroar|5/100 psn|[from] psn
|-end|p1a: Incineroar|Encore
|upkeep
|turn|8
|
|t:|1785364216
|move|p2b: Delphox|Heat Wave|p1a: Incineroar|[miss]
|-miss|p2b: Delphox|p1a: Incineroar
|move|p1a: Incineroar|Throat Chop|p2b: Delphox
|-supereffective|p2b: Delphox|1
|-damage|p2b: Delphox|0 fnt
|faint|p2b: Delphox
|
|win|breloomb01
||breloomb01 is ready for game 3.
|inactive|adjnorr has 30 seconds to confirm battle start!
||adjnorr is ready for game 3.
|uhtml|next|Next: Game 3 of 3
|l|☆adjnorr
|player|p2|
