|j|☆3ChrisTresTigres
|j|☆shlav
|html|3ChrisTresTigresshlav    
|uhtml|bestof|Game 1 of a best-of-3
|t:|1782749103
|gametype|doubles
|player|p1|3ChrisTresTigres|flannery|1040
|player|p2|shlav|cynthia|1133
|gen|9
|tier|[Gen 9 Champions] VGC 2026 Reg M-B (Bo3)
|rated|
|rule|Species Clause: Limit one of each Pokémon
|rule|Item Clause: Limit 1 of each item
|clearpoke
|poke|p1|Aerodactyl, L50, F|
|poke|p1|Garchomp, L50, M|
|poke|p1|Kingambit, L50, M|
|poke|p1|Basculegion, L50, M, shiny|
|poke|p1|Sylveon, L50, F|
|poke|p1|Charizard, L50, F|
|poke|p2|Pelipper, L50, F|
|poke|p2|Swampert, L50, F|
|poke|p2|Archaludon, L50, M|
|poke|p2|Sinistcha, L50|
|poke|p2|Sneasler, L50, M|
|poke|p2|Sylveon, L50, M|
|teampreview|4
|showteam|p1|Aerodactyl||Aerodactylite|RockHead|Tailwind,WideGuard,DualWingbeat,RockSlide|Jolly||F|||50|]Garchomp||ChoiceScarf|RoughSkin|Earthquake,StompingTantrum,RockTomb,DragonClaw|Adamant||M|||50|]Kingambit||ChopleBerry|Defiant|KowtowCleave,SuckerPunch,LowKick,IronHead|Adamant||M|||50|]Basculegion||FocusSash|Adaptability|Liquidation,Protect,AquaJet,LastRespects|Adamant||M|||50|]Sylveon||FairyFeather|Pixilate|HyperVoice,Detect,Yawn,HyperBeam|Modest||F|||50|]Charizard||CharizarditeY|Blaze|Protect,HeatWave,SolarBeam,WeatherBall|Modest||F|||50|
|showteam|p2|Pelipper||FocusSash|Drizzle|Hurricane,WeatherBall,Tailwind,WideGuard|Modest||F|||50|]Swampert||Swampertite|Torrent|Protect,WaveCrash,Earthquake,IcePunch|Adamant||F|||50|]Archaludon||Leftovers|Stamina|ElectroShot,FlashCannon,Protect,DragonPulse|Modest||M|||50|]Sinistcha||SitrusBerry|Hospitality|RagePowder,MatchaGotcha,LifeDew,TrickRoom|Bold|||||50|]Sneasler||WhiteHerb|Unburden|CloseCombat,FakeOut,DireClaw,ThroatChop|Jolly||M|||50|]Sylveon||FairyFeather|Pixilate|HyperVoice,QuickAttack,HyperBeam,Detect|Modest||M|||50|
|inactive|Battle timer is ON: inactive players will automatically lose when time's up. (requested by shlav)
|
|t:|1782749179
|teamsize|p1|4
|teamsize|p2|4
|start
|switch|p1a: Basculegion|Basculegion, L50, M, shiny|100/100
|switch|p1b: Sylveon|Sylveon, L50, F|100/100
|switch|p2a: Pelipper|Pelipper, L50, F|100/100
|switch|p2b: Swampert|Swampert, L50, F|100/100
|-weather|RainDance|[from] ability: Drizzle|[of] p2a: Pelipper
|turn|1
|
|t:|1782749201
|switch|p1b: Kingambit|Kingambit, L50, M|100/100
|detailschange|p2b: Swampert|Swampert-Mega, L50, F
|-mega|p2b: Swampert|Swampert|Swampertite
|move|p2b: Swampert|Earthquake|p1a: Basculegion|[spread] p1a,p1b
|-immune|p2a: Pelipper
|-supereffective|p1b: Kingambit|1
|-damage|p1a: Basculegion|40/100
|-damage|p1b: Kingambit|33/100
|move|p1a: Basculegion|Liquidation|p2b: Swampert
|-damage|p2b: Swampert|20/100y
|-unboost|p2b: Swampert|def|1
|move|p2a: Pelipper|Tailwind|p2a: Pelipper
|-sidestart|p2: shlav|move: Tailwind
|
|-weather|RainDance|[upkeep]
|upkeep
|turn|2
|inactive|3ChrisTresTigres has 30 seconds left.
|inactive|3ChrisTresTigres has 20 seconds left.
|
|t:|1782749238
|switch|p1a: Charizard|Charizard, L50, F|100/100
|move|p2b: Swampert|Protect|p2b: Swampert
|-singleturn|p2b: Swampert|Protect
|move|p1b: Kingambit|Sucker Punch||[still]
|-fail|p1b: Kingambit
|move|p2a: Pelipper|Weather Ball|p1a: Charizard
|-supereffective|p1a: Charizard|1
|-damage|p1a: Charizard|0 fnt
|faint|p1a: Charizard
|
|-weather|RainDance|[upkeep]
|upkeep
|
|t:|1782749258
|switch|p1a: Sylveon|Sylveon, L50, F|100/100
|turn|3
|
|t:|1782749265
|move|p1b: Kingambit|Sucker Punch|p2b: Swampert
|-damage|p2b: Swampert|0 fnt
|faint|p2b: Swampert
|move|p2a: Pelipper|Weather Ball|p1a: Sylveon
|-damage|p1a: Sylveon|59/100
|move|p1a: Sylveon|Hyper Voice|p2a: Pelipper
|-enditem|p2a: Pelipper|Focus Sash
|-damage|p2a: Pelipper|1/100
|
|-weather|RainDance|[upkeep]
|upkeep
|
|t:|1782749285
|switch|p2b: Archaludon|Archaludon, L50, M|100/100
|turn|4
|
|t:|1782749292
|move|p2a: Pelipper|Wide Guard|p2a: Pelipper
|-singleturn|p2a: Pelipper|Wide Guard
|move|p2b: Archaludon|Flash Cannon|p1a: Sylveon
|-supereffective|p1a: Sylveon|1
|-crit|p1a: Sylveon
|-damage|p1a: Sylveon|0 fnt
|faint|p1a: Sylveon
|move|p1b: Kingambit|Low Kick|p2b: Archaludon
|-supereffective|p2b: Archaludon|1
|-damage|p2b: Archaludon|56/100
|-ability|p2b: Archaludon|Stamina|boost
|-boost|p2b: Archaludon|def|1
|
|-weather|RainDance|[upkeep]
|-heal|p2b: Archaludon|62/100|[from] item: Leftovers
|-sideend|p2: shlav|move: Tailwind
|upkeep
|
|t:|1782749306
|switch|p1a: Basculegion|Basculegion, L50, M, shiny|40/100
|turn|5
|
|t:|1782749314
|switch|p2a: Sinistcha|Sinistcha, L50|100/100
|-heal|p2b: Archaludon|87/100|[from] ability: Hospitality|[of] p2a: Sinistcha
|move|p1b: Kingambit|Sucker Punch||[still]
|-fail|p1b: Kingambit
|move|p1a: Basculegion|Last Respects|p2b: Archaludon
|-damage|p2b: Archaludon|40/100
|-ability|p2b: Archaludon|Stamina|boost
|-boost|p2b: Archaludon|def|1
|move|p2b: Archaludon|Electro Shot||[still]
|-prepare|p2b: Archaludon|Electro Shot
|-boost|p2b: Archaludon|spa|1
|-anim|p2b: Archaludon|Electro Shot|p1a: Basculegion
|-supereffective|p1a: Basculegion|1
|-damage|p1a: Basculegion|0 fnt
|faint|p1a: Basculegion
|
|-weather|none
|-heal|p2b: Archaludon|46/100|[from] item: Leftovers
|upkeep
|turn|6
|-message|3ChrisTresTigres forfeited.
|
|win|shlav
