|j|☆lakaka siuuu
|j|☆trevyah
|html|lakaka siuuutrevyah    
|uhtml|bestof|Game 1 of a best-of-3
|t:|1785465904
|gametype|doubles
|player|p1|lakaka siuuu|expert-gen6|1416
|player|p2|trevyah|trevor|1495
|gen|9
|tier|[Gen 9 Champions] VGC 2026 Reg M-B (Bo3)
|rated|
|rule|Species Clause: Limit one of each Pokémon
|rule|Item Clause: Limit 1 of each item
|clearpoke
|poke|p1|Floette-Eternal, L50, F|
|poke|p1|Sinistcha, L50|
|poke|p1|Incineroar, L50, M|
|poke|p1|Delphox, L50, M|
|poke|p1|Kingambit, L50, M|
|poke|p1|Sneasler, L50, M|
|poke|p2|Kingambit, L50, M|
|poke|p2|Charizard, L50, M|
|poke|p2|Aerodactyl, L50, F|
|poke|p2|Farigiraf, L50, F|
|poke|p2|Kommo-o, L50, F|
|poke|p2|Basculegion, L50, M|
|teampreview|4
|showteam|p1|Floette-Eternal||Floettite|FlowerVeil|Moonblast,DazzlingGleam,CalmMind,Protect|Modest||F|||50|]Sinistcha||ColburBerry|Hospitality|MatchaGotcha,RagePowder,Protect,TrickRoom|Bold|||||50|]Incineroar||SitrusBerry|Intimidate|FlareBlitz,PartingShot,FakeOut,HelpingHand|Careful||M|||50|]Delphox||Delphoxite|Blaze|HeatWave,Psyshock,NastyPlot,Protect|Timid||M|||50|]Kingambit||BlackGlasses|Defiant|KowtowCleave,SuckerPunch,SwordsDance,Protect|Adamant||M|||50|]Sneasler||FocusSash|Unburden|CloseCombat,DireClaw,FakeOut,QuickGuard|Jolly||M|||50|
|showteam|p2|Kingambit||FocusSash|Defiant|KowtowCleave,IronHead,SuckerPunch,LowKick|Adamant||M|||50|]Charizard||CharizarditeY|Blaze|HeatWave,SolarBeam,WeatherBall,Protect|Modest||M|||50|]Aerodactyl||Aerodactylite|Unnerve|RockSlide,DualWingbeat,IceFang,Tailwind|Jolly||F|||50|]Farigiraf||SitrusBerry|ArmorTail|Psychic,Thunderbolt,TrickRoom,Protect|Bold||F|||50|]Kommo-o||LifeOrb|Soundproof|ClangingScales,AuraSphere,DracoMeteor,Protect|Modest||F|||50|]Basculegion||MysticWater|Adaptability|WaveCrash,LastRespects,AquaJet,Protect|Adamant||M|||50|
|
|t:|1785465940
|teamsize|p1|4
|teamsize|p2|4
|start
|switch|p1a: Floette|Floette-Eternal, L50, F|100/100
|switch|p1b: Il Conto?|Sinistcha, L50|100/100
|switch|p2a: Kingambit|Kingambit, L50, M|100/100
|switch|p2b: Aerodactyl|Aerodactyl, L50, F|100/100
|-ability|p2b: Aerodactyl|Unnerve
|turn|1
|
|t:|1785465953
|detailschange|p1a: Floette|Floette-Mega, L50, F
|-mega|p1a: Floette|Floette|Floettite
|-ability|p1a: Floette|Fairy Aura
|move|p1b: Il Conto?|Rage Powder|p1b: Il Conto?
|-singleturn|p1b: Il Conto?|move: Rage Powder
|move|p2b: Aerodactyl|Tailwind|p2b: Aerodactyl
|-sidestart|p2: trevyah|move: Tailwind
|move|p2a: Kingambit|Kowtow Cleave|p1b: Il Conto?
|-supereffective|p1b: Il Conto?|1
|-damage|p1b: Il Conto?|12/100
|move|p1a: Floette|Dazzling Gleam|p2b: Aerodactyl|[spread] p2a,p2b
|-damage|p2a: Kingambit|45/100
|-damage|p2b: Aerodactyl|43/100
|
|upkeep
|turn|2
|
|t:|1785465978
|switch|p1a: Apache Kid|Kingambit, L50, M|100/100
|detailschange|p2b: Aerodactyl|Aerodactyl-Mega, L50, F
|-mega|p2b: Aerodactyl|Aerodactyl|Aerodactylite
|move|p1b: Il Conto?|Protect|p1b: Il Conto?
|-singleturn|p1b: Il Conto?|Protect
|move|p2b: Aerodactyl|Rock Slide|p1b: Il Conto?|[spread] p1a
|-activate|p1b: Il Conto?|move: Protect
|-resisted|p1a: Apache Kid|1
|-damage|p1a: Apache Kid|89/100
|move|p2a: Kingambit|Iron Head|p1a: Apache Kid
|-resisted|p1a: Apache Kid|1
|-damage|p1a: Apache Kid|73/100
|
|upkeep
|turn|3
|l|☆lakaka siuuu
|player|p1|
|inactive|Battle timer is ON: inactive players will automatically lose when time's up. (requested by trevyah)
|j|☆lakaka siuuu
|inactive|lakaka siuuu reconnected and has 70 seconds left.
|player|p1|lakaka siuuu|expert-gen6|
|inactive|trevyah has 30 seconds left.
|inactive|lakaka siuuu has 60 seconds left.
|l|☆lakaka siuuu
|inactive|lakaka siuuu disconnected and has a minute to reconnect!
|player|p1|
|inactive|trevyah has 20 seconds left.
|j|☆lakaka siuuu
|inactive|lakaka siuuu reconnected and has 50 seconds left.
|player|p1|lakaka siuuu|expert-gen6|
|
|t:|1785466078
|switch|p2a: Farigiraf|Farigiraf, L50, F|100/100
|move|p1a: Apache Kid|Sucker Punch||[still]
|cant|p2a: Farigiraf|ability: Armor Tail|Sucker Punch|[of] p1a: Apache Kid
|move|p2b: Aerodactyl|Rock Slide|p1b: Il Conto?|[spread] p1a,p1b
|-resisted|p1a: Apache Kid|1
|-damage|p1a: Apache Kid|63/100
|-damage|p1b: Il Conto?|0 fnt
|faint|p1b: Il Conto?
|
|upkeep
|
|t:|1785466092
|switch|p1b: Floette|Floette-Mega, L50, F|100/100
|-ability|p1b: Floette|Fairy Aura
|turn|4
|inactive|trevyah has 30 seconds left.
|
|t:|1785466117
|switch|p1a: Gradisce|Incineroar, L50, M|100/100
|-ability|p1a: Gradisce|Intimidate|boost
|-unboost|p2a: Farigiraf|atk|1
|-unboost|p2b: Aerodactyl|atk|1
|move|p2a: Farigiraf|Protect|p2a: Farigiraf
|-singleturn|p2a: Farigiraf|Protect
|move|p2b: Aerodactyl|Rock Slide|p1b: Floette|[spread] p1a,p1b
|-supereffective|p1a: Gradisce|1
|-damage|p1a: Gradisce|69/100
|-damage|p1b: Floette|81/100
|move|p1b: Floette|Dazzling Gleam|p2b: Aerodactyl|[spread] p2b
|-activate|p2a: Farigiraf|move: Protect
|-damage|p2b: Aerodactyl|0 fnt
|faint|p2b: Aerodactyl
|
|-sideend|p2: trevyah|move: Tailwind
|upkeep
|
|t:|1785466132
|switch|p2b: Basculegion|Basculegion, L50, M|100/100
|turn|5
|
|t:|1785466141
|move|p1a: Gradisce|Helping Hand|p1b: Floette
|-singleturn|p1b: Floette|Helping Hand|[of] p1a: Gradisce
|move|p1b: Floette|Moonblast|p2b: Basculegion
|-damage|p2b: Basculegion|0 fnt
|faint|p2b: Basculegion
|move|p2a: Farigiraf|Trick Room|p2a: Farigiraf
|-fieldstart|move: Trick Room|[of] p2a: Farigiraf
|
|upkeep
|
|t:|1785466145
|switch|p2b: Kingambit|Kingambit, L50, M|45/100
|turn|6
|
|t:|1785466156
|move|p2a: Farigiraf|Thunderbolt|p1a: Gradisce
|-damage|p1a: Gradisce|50/100g
|move|p1a: Gradisce|Flare Blitz|p2b: Kingambit
|-supereffective|p2b: Kingambit|1
|-damage|p2b: Kingambit|0 fnt
|faint|p2b: Kingambit
|-damage|p1a: Gradisce|38/100|[from] Recoil
|-enditem|p1a: Gradisce|Sitrus Berry|[eat]
|-heal|p1a: Gradisce|62/100|[from] item: Sitrus Berry
|move|p1b: Floette|Moonblast|p2a: Farigiraf
|-damage|p2a: Farigiraf|29/100
|-enditem|p2a: Farigiraf|Sitrus Berry|[eat]
|-heal|p2a: Farigiraf|54/100|[from] item: Sitrus Berry
|
|upkeep
|turn|7
|-message|trevyah forfeited.
|
|win|lakaka siuuu
||trevyah is ready for game 2.
||lakaka siuuu is ready for game 2.
|uhtml|next|Next: Game 2 of 3
