|j|☆angusgrind13
|j|‽nutbuster151
|html|angusgrind13nutbuster151    
|uhtml|bestof|Game 1 of a best-of-3
|t:|1785138155
|gametype|doubles
|player|p1|angusgrind13|pokemonranger-gen4|1150
|player|p2|nutbuster151|acetrainer|1185
|gen|9
|tier|[Gen 9 Champions] VGC 2026 Reg M-B (Bo3)
|rated|
|rule|Species Clause: Limit one of each Pokémon
|rule|Item Clause: Limit 1 of each item
|clearpoke
|poke|p1|Primarina, L50, F|
|poke|p1|Kingambit, L50, M|
|poke|p1|Froslass, L50, F|
|poke|p1|Sneasler, L50, F|
|poke|p1|Lycanroc-Dusk, L50, F|
|poke|p1|Dragonite, L50, M|
|poke|p2|Tyranitar, L50, M|
|poke|p2|Excadrill, L50, M|
|poke|p2|Milotic, L50, M|
|poke|p2|Sinistcha, L50|
|poke|p2|Staraptor, L50, F|
|poke|p2|Gholdengo, L50|
|teampreview|4
|showteam|p1|Primarina||LifeOrb|LiquidVoice|HyperVoice,Moonblast,Haze,Protect|Modest||F|||50|]Kingambit||BlackGlasses|Defiant|KowtowCleave,SuckerPunch,SwordsDance,Protect|Adamant||M|||50|]Froslass||Froslassite|CursedBody|Blizzard,ShadowBall,AuroraVeil,Protect|Timid||F|||50|]Sneasler||WhiteHerb|Unburden|GunkShot,CloseCombat,FakeOut,Protect|Adamant||F|||50|]Lycanroc-Dusk||FocusSash|ToughClaws|RockSlide,Accelerock,CloseCombat,Protect|Adamant||F|||50|]Dragonite||Dragoninite|Multiscale|DragonPulse,Flamethrower,Tailwind,Protect|Modest||M|||50|
|showteam|p2|Tyranitar||Tyranitarite|SandStream|KnockOff,RockSlide,HighHorsepower,Protect|Jolly||M|||50|]Excadrill||FocusSash|SandRush|HighHorsepower,IronHead,RockSlide,Protect|Adamant||M|||50|]Milotic||SitrusBerry|Competitive|Scald,IcyWind,Haze,Protect|Calm||M|||50|]Sinistcha||ColburBerry|Hospitality|MatchaGotcha,ShadowBall,Protect,RagePowder|Bold|||||50|]Staraptor||Staraptite|Intimidate|CloseCombat,BraveBird,Tailwind,Protect|Jolly||F|||50|]Gholdengo||LifeOrb|GoodasGold|MakeItRain,ShadowBall,NastyPlot,Protect|Modest|||||50|
|inactive|Battle timer is ON: inactive players will automatically lose when time's up. (requested by nutbuster151)
|inactive|angusgrind13 has 60 seconds left.
|inactive|angusgrind13 has 30 seconds left.
|inactive|angusgrind13 has 20 seconds left.
|inactive|angusgrind13 has 15 seconds left.
|inactive|angusgrind13 has 10 seconds left.
|inactive|angusgrind13 has 5 seconds left.
|
|t:|1785138332
|teamsize|p1|4
|teamsize|p2|4
|start
|switch|p1a: Primarina|Primarina, L50, F|100/100
|switch|p1b: Kingambit|Kingambit, L50, M|100/100
|switch|p2a: Sinistcha|Sinistcha, L50|100/100
|switch|p2b: Gholdengo|Gholdengo, L50|100/100
|turn|1
|inactive|angusgrind13 has 30 seconds left.
|inactive|nutbuster151 has 30 seconds left.
|inactive|angusgrind13 has 20 seconds left.
|inactive|angusgrind13 has 15 seconds left.
|inactive|nutbuster151 has 20 seconds left.
|inactive|angusgrind13 has 10 seconds left.
|inactive|nutbuster151 has 15 seconds left.
|inactive|nutbuster151 has 10 seconds left.
|inactive|nutbuster151 has 5 seconds left.
|
|t:|1785138389
|move|p1a: Primarina|Protect|p1a: Primarina
|-singleturn|p1a: Primarina|Protect
|move|p2a: Sinistcha|Rage Powder|p2a: Sinistcha
|-singleturn|p2a: Sinistcha|move: Rage Powder
|move|p2b: Gholdengo|Make It Rain|p1b: Kingambit|[spread] p1b
|-activate|p1a: Primarina|move: Protect
|-resisted|p1b: Kingambit|1
|-damage|p1b: Kingambit|70/100
|-unboost|p2b: Gholdengo|spa|2
|-damage|p2b: Gholdengo|90/100|[from] item: Life Orb
|move|p1b: Kingambit|Swords Dance|p1b: Kingambit
|-boost|p1b: Kingambit|atk|2
|
|upkeep
|turn|2
|
|t:|1785138408
|move|p2a: Sinistcha|Protect|p2a: Sinistcha
|-singleturn|p2a: Sinistcha|Protect
|move|p2b: Gholdengo|Nasty Plot|p2b: Gholdengo
|-boost|p2b: Gholdengo|spa|2
|move|p1a: Primarina|Hyper Voice|p2b: Gholdengo|[spread] p2b
|-activate|p2a: Sinistcha|move: Protect
|-damage|p2b: Gholdengo|49/100
|-damage|p1a: Primarina|90/100|[from] item: Life Orb
|move|p1b: Kingambit|Kowtow Cleave|p2a: Sinistcha
|-activate|p2a: Sinistcha|move: Protect
|
|upkeep
|turn|3
|inactive|nutbuster151 has 30 seconds left.
|inactive|nutbuster151 has 20 seconds left.
|inactive|nutbuster151 has 15 seconds left.
|
|t:|1785138449
|move|p1a: Primarina|Protect|p1a: Primarina
|-singleturn|p1a: Primarina|Protect
|move|p2a: Sinistcha|Rage Powder|p2a: Sinistcha
|-singleturn|p2a: Sinistcha|move: Rage Powder
|move|p2b: Gholdengo|Make It Rain|p1a: Primarina|[spread] p1b
|-activate|p1a: Primarina|move: Protect
|-resisted|p1b: Kingambit|1
|-damage|p1b: Kingambit|41/100
|-unboost|p2b: Gholdengo|spa|2
|-damage|p2b: Gholdengo|39/100|[from] item: Life Orb
|move|p1b: Kingambit|Kowtow Cleave|p2a: Sinistcha
|-supereffective|p2a: Sinistcha|1
|-enditem|p2a: Sinistcha|Colbur Berry|[eat]
|-enditem|p2a: Sinistcha|Colbur Berry|[weaken]
|-damage|p2a: Sinistcha|0 fnt
|faint|p2a: Sinistcha
|
|upkeep
|
|t:|1785138467
|switch|p2a: Excadrill|Excadrill, L50, M|100/100
|turn|4
|
|t:|1785138478
|move|p1b: Kingambit|Sucker Punch|p2a: Excadrill
|-enditem|p2a: Excadrill|Focus Sash
|-damage|p2a: Excadrill|1/100
|move|p2a: Excadrill|High Horsepower|p1b: Kingambit
|-supereffective|p1b: Kingambit|1
|-damage|p1b: Kingambit|0 fnt
|faint|p1b: Kingambit
|move|p2b: Gholdengo|Make It Rain|p1a: Primarina
|-damage|p1a: Primarina|53/100
|-unboost|p2b: Gholdengo|spa|2
|-damage|p2b: Gholdengo|30/100|[from] item: Life Orb
|move|p1a: Primarina|Hyper Voice|p2b: Gholdengo|[spread] p2a,p2b
|-supereffective|p2a: Excadrill|1
|-damage|p2a: Excadrill|0 fnt
|-damage|p2b: Gholdengo|0 fnt
|faint|p2a: Excadrill
|faint|p2b: Gholdengo
|-damage|p1a: Primarina|43/100|[from] item: Life Orb
|
|upkeep
|
|t:|1785138501
|switch|p2b: Tyranitar|Tyranitar, L50, M|100/100
|switch|p1b: Froslass|Froslass, L50, F|100/100
|-weather|Sandstorm|[from] ability: Sand Stream|[of] p2b: Tyranitar
|turn|5
|
|t:|1785138514
|move|p1b: Froslass|Protect|p1b: Froslass
|-singleturn|p1b: Froslass|Protect
|move|p2b: Tyranitar|Protect|p2b: Tyranitar
|-singleturn|p2b: Tyranitar|Protect
|move|p1a: Primarina|Moonblast|p2b: Tyranitar
|-activate|p2b: Tyranitar|move: Protect
|
|-weather|Sandstorm|[upkeep]
|-damage|p1b: Froslass|94/100|[from] Sandstorm
|-damage|p1a: Primarina|38/100|[from] Sandstorm
|upkeep
|turn|6
|
|t:|1785138532
|switch|p1b: Sneasler|Sneasler, L50, F|100/100
|move|p2b: Tyranitar|Knock Off|p1a: Primarina
|-resisted|p1a: Primarina|1
|-damage|p1a: Primarina|1/100
|-enditem|p1a: Primarina|Life Orb|[from] move: Knock Off|[of] p2b: Tyranitar
|move|p1a: Primarina|Moonblast|p2b: Tyranitar
|-supereffective|p2b: Tyranitar|1
|-damage|p2b: Tyranitar|31/100
|
|-weather|Sandstorm|[upkeep]
|-damage|p1b: Sneasler|94/100|[from] Sandstorm
|-damage|p1a: Primarina|0 fnt|[from] Sandstorm
|faint|p1a: Primarina
|upkeep
|
|t:|1785138542
|switch|p1a: Froslass|Froslass, L50, F|94/100
|turn|7
|
|t:|1785138550
|move|p1a: Froslass|Protect|p1a: Froslass
|-singleturn|p1a: Froslass|Protect
|move|p1b: Sneasler|Close Combat|p2b: Tyranitar
|-supereffective|p2b: Tyranitar|2
|-damage|p2b: Tyranitar|0 fnt
|-unboost|p1b: Sneasler|def|1
|-unboost|p1b: Sneasler|spd|1
|faint|p2b: Tyranitar
|
|win|angusgrind13
