|j|☆x-demon18
|j|☆Gastrosophilipp
|html|x-demon18Gastrosophilipp    
|uhtml|bestof|Game 2 of a best-of-3
|t:|1785231842
|gametype|doubles
|player|p1|x-demon18|pokefan-gen4|1129
|player|p2|Gastrosophilipp|juan|1180
|gen|9
|tier|[Gen 9 Champions] VGC 2026 Reg M-B (Bo3)
|rated|
|rule|Species Clause: Limit one of each Pokémon
|rule|Item Clause: Limit 1 of each item
|clearpoke
|poke|p1|Incineroar, L50, F|
|poke|p1|Rotom-Wash, L50|
|poke|p1|Venusaur, L50, F|
|poke|p1|Corviknight, L50, F|
|poke|p1|Sylveon, L50, F|
|poke|p1|Garchomp, L50, M|
|poke|p2|Arcanine-Hisui, L50, M|
|poke|p2|Staraptor, L50, M|
|poke|p2|Farigiraf, L50, F|
|poke|p2|Sylveon, L50, F|
|poke|p2|Kingambit, L50, M, shiny|
|poke|p2|Raichu, L50, M|
|teampreview|4
|showteam|p1|Incineroar||ExpertBelt|Intimidate|FakeOut,TemperFlare,ThroatChop,PartingShot|Adamant||F|||50|]Rotom-Wash||RindoBerry|Levitate|HydroPump,Electroweb,WillOWisp,VoltSwitch|Modest|||||50|]Venusaur||Venusaurite|Chlorophyll|GigaDrain,SludgeBomb,EarthPower,Protect|Modest||F|||50|]Corviknight||OccaBerry|MirrorArmor|Tailwind,DualWingbeat,IronHead,BodyPress|Adamant||F|||50|]Sylveon||FairyFeather|Pixilate|HyperVoice,QuickAttack,Yawn,Detect|Modest||F|||50|]Garchomp||LifeOrb|RoughSkin|RockSlide,DragonClaw,StompingTantrum,Protect|Jolly||M|||50|
|showteam|p2|Arcanine-Hisui||FocusSash|RockHead|Protect,ExtremeSpeed,HeadSmash,FlareBlitz|Jolly||M|||50|]Staraptor||Staraptite|Intimidate|Protect,Tailwind,CloseCombat,DualWingbeat|Jolly||M|||50|]Farigiraf||SitrusBerry|ArmorTail|Protect,Psychic,TrickRoom,HelpingHand|Calm||F|||50|]Sylveon||FairyFeather|Pixilate|Protect,HyperBeam,HyperVoice,QuickAttack|Modest||F|||50|]Kingambit||LifeOrb|Defiant|Protect,KowtowCleave,SwordsDance,SuckerPunch|Adamant||M|||50|]Raichu||RaichuniteY|LightningRod|Protect,ZapCannon,FakeOut,FocusBlast|Timid||M|||50|
|inactive|Battle timer is ON: inactive players will automatically lose when time's up. (requested by Gastrosophilipp)
|inactive|x-demon18 has 60 seconds left.
|inactive|Gastrosophilipp has 60 seconds left.
|inactive|x-demon18 has 30 seconds left.
|inactive|Gastrosophilipp has 30 seconds left.
|inactive|x-demon18 has 20 seconds left.
|inactive|Gastrosophilipp has 20 seconds left.
|inactive|Gastrosophilipp has 15 seconds left.
|inactive|Gastrosophilipp has 10 seconds left.
|inactive|x-demon18 has 15 seconds left.
|inactive|Gastrosophilipp has 5 seconds left.
|inactive|x-demon18 has 10 seconds left.
|inactive|x-demon18 has 5 seconds left.
|
|t:|1785231938
|teamsize|p1|4
|teamsize|p2|4
|start
|switch|p1a: Wolverine|Incineroar, L50, F|100/100
|switch|p1b: HydroVolt|Rotom-Wash, L50|100/100
|switch|p2a: Arcanine|Arcanine-Hisui, L50, M|100/100
|switch|p2b: Staraptor|Staraptor, L50, M|100/100
|-ability|p2b: Staraptor|Intimidate|boost
|-unboost|p1a: Wolverine|atk|1
|-unboost|p1b: HydroVolt|atk|1
|-ability|p1a: Wolverine|Intimidate|boost
|-unboost|p2a: Arcanine|atk|1
|-unboost|p2b: Staraptor|atk|1
|turn|1
|inactive|x-demon18 has 30 seconds left.
|inactive|Gastrosophilipp has 30 seconds left.
|
|t:|1785231973
|switch|p2b: Sylveon|Sylveon, L50, F|100/100
|move|p2a: Arcanine|Protect|p2a: Arcanine
|-singleturn|p2a: Arcanine|Protect
|move|p1a: Wolverine|Fake Out|p2a: Arcanine
|-activate|p2a: Arcanine|move: Protect
|move|p1b: HydroVolt|Will-O-Wisp|p2b: Sylveon
|-status|p2b: Sylveon|brn
|
|-damage|p2b: Sylveon|94/100 brn|[from] brn
|upkeep
|turn|2
|inactive|x-demon18 has 30 seconds left.
|inactive|Gastrosophilipp has 30 seconds left.
|inactive|x-demon18 has 20 seconds left.
|inactive|Gastrosophilipp has 20 seconds left.
|inactive|x-demon18 has 15 seconds left.
|inactive|Gastrosophilipp has 15 seconds left.
|
|t:|1785232017
|move|p2a: Arcanine|Head Smash|p1a: Wolverine
|-supereffective|p1a: Wolverine|1
|-damage|p1a: Wolverine|10/100
|move|p1b: HydroVolt|Electroweb|p2a: Arcanine|[spread] p2a,p2b
|-damage|p2a: Arcanine|76/100
|-damage|p2b: Sylveon|80/100 brn
|-unboost|p2a: Arcanine|spe|1
|-unboost|p2b: Sylveon|spe|1
|move|p1a: Wolverine|Parting Shot|p2b: Sylveon
|-unboost|p2b: Sylveon|atk|1
|-unboost|p2b: Sylveon|spa|1
|
|t:|1785232028
|switch|p1a: Frieren|Sylveon, L50, F|100/100|[from] Parting Shot
|move|p2b: Sylveon|Hyper Voice|p1a: Frieren|[spread] p1a,p1b
|-damage|p1a: Frieren|75/100
|-damage|p1b: HydroVolt|67/100
|
|-damage|p2b: Sylveon|74/100 brn|[from] brn
|upkeep
|turn|3
|inactive|Gastrosophilipp has 30 seconds left.
|inactive|Gastrosophilipp has 20 seconds left.
|inactive|Gastrosophilipp has 15 seconds left.
|inactive|Gastrosophilipp has 10 seconds left.
|inactive|Gastrosophilipp has 5 seconds left.
|
|t:|1785232083
|move|p2a: Arcanine|Protect|p2a: Arcanine
|-singleturn|p2a: Arcanine|Protect
|move|p2b: Sylveon|Protect|p2b: Sylveon
|-singleturn|p2b: Sylveon|Protect
|move|p1b: HydroVolt|Volt Switch|p2a: Arcanine
|-activate|p2a: Arcanine|move: Protect
|move|p1a: Frieren|Hyper Voice|p2b: Sylveon|[spread] 
|-activate|p2a: Arcanine|move: Protect
|-activate|p2b: Sylveon|move: Protect
|
|-damage|p2b: Sylveon|68/100 brn|[from] brn
|upkeep
|turn|4
|inactive|Gastrosophilipp has 30 seconds left.
|
|t:|1785232113
|switch|p2a: Kingambit|Kingambit, L50, M, shiny|100/100
|move|p1b: HydroVolt|Hydro Pump|p2a: Kingambit
|-damage|p2a: Kingambit|63/100
|move|p1a: Frieren|Hyper Voice|p2b: Sylveon|[spread] p2a,p2b
|-crit|p2b: Sylveon
|-damage|p2a: Kingambit|32/100
|-damage|p2b: Sylveon|13/100 brn
|move|p2b: Sylveon|Hyper Beam|p1a: Frieren
|-damage|p1a: Frieren|20/100r
|-mustrecharge|p2b: Sylveon
|
|-damage|p2b: Sylveon|8/100 brn|[from] brn
|upkeep
|turn|5
|inactive|x-demon18 has 30 seconds left.
|inactive|Gastrosophilipp has 30 seconds left.
|
|t:|1785232147
|move|p1a: Frieren|Detect|p1a: Frieren
|-singleturn|p1a: Frieren|Protect
|move|p2a: Kingambit|Protect|p2a: Kingambit
|-singleturn|p2a: Kingambit|Protect
|move|p1b: HydroVolt|Will-O-Wisp|p2a: Kingambit
|-activate|p2a: Kingambit|move: Protect
|cant|p2b: Sylveon|recharge
|
|-damage|p2b: Sylveon|2/100 brn|[from] brn
|upkeep
|turn|6
|
|t:|1785232170
|move|p2a: Kingambit|Sucker Punch||[still]
|-fail|p2a: Kingambit
|move|p2b: Sylveon|Quick Attack|p1b: HydroVolt
|-damage|p1b: HydroVolt|63/100
|move|p1b: HydroVolt|Will-O-Wisp|p2a: Kingambit
|-status|p2a: Kingambit|brn
|move|p1a: Frieren|Yawn||[still]
|-fail|p1a: Frieren
|
|-damage|p2a: Kingambit|27/100 brn|[from] brn
|-damage|p2b: Sylveon|0 fnt|[from] brn
|faint|p2b: Sylveon
|upkeep
|inactive|Gastrosophilipp has 30 seconds left.
|inactive|Gastrosophilipp has 20 seconds left.
|inactive|Gastrosophilipp has 15 seconds left.
|
|t:|1785232213
|switch|p2b: Arcanine|Arcanine-Hisui, L50, M|76/100
|turn|7
|
|t:|1785232237
|move|p2a: Kingambit|Sucker Punch||[still]
|-fail|p2a: Kingambit
|move|p2b: Arcanine|Head Smash|p1b: HydroVolt
|-damage|p1b: HydroVolt|0 fnt
|faint|p1b: HydroVolt
|move|p1a: Frieren|Yawn|p2b: Arcanine
|-start|p2b: Arcanine|move: Yawn|[of] p1a: Frieren
|
|-damage|p2a: Kingambit|21/100 brn|[from] brn
|upkeep
|
|t:|1785232248
|switch|p1b: Berserk|Garchomp, L50, M|100/100
|turn|8
|inactive|Gastrosophilipp has 30 seconds left.
|inactive|Gastrosophilipp has 20 seconds left.
|inactive|Gastrosophilipp has 15 seconds left.
|
|t:|1785232291
|switch|p2b: Staraptor|Staraptor, L50, M|100/100
|-ability|p2b: Staraptor|Intimidate|boost
|-unboost|p1a: Frieren|atk|1
|-unboost|p1b: Berserk|atk|1
|move|p1a: Frieren|Detect|p1a: Frieren
|-singleturn|p1a: Frieren|Protect
|move|p2a: Kingambit|Sucker Punch|p1b: Berserk
|-damage|p1b: Berserk|76/100
|-damage|p2a: Kingambit|9/100 brn|[from] ability: Rough Skin|[of] p1b: Berserk
|-damage|p2a: Kingambit|0 fnt|[from] item: Life Orb
|faint|p2a: Kingambit
|move|p1b: Berserk|Rock Slide|p2b: Staraptor
|-supereffective|p2b: Staraptor|1
|-damage|p2b: Staraptor|33/100
|-damage|p1b: Berserk|66/100|[from] item: Life Orb
|
|upkeep
|
|t:|1785232306
|switch|p2a: Arcanine|Arcanine-Hisui, L50, M|76/100
|turn|9
|
|t:|1785232331
|switch|p1b: Wolverine|Incineroar, L50, F|10/100
|-ability|p1b: Wolverine|Intimidate|boost
|-unboost|p2a: Arcanine|atk|1
|-unboost|p2b: Staraptor|atk|1
|detailschange|p2b: Staraptor|Staraptor-Mega, L50, M
|-mega|p2b: Staraptor|Staraptor|Staraptite
|move|p2a: Arcanine|Extreme Speed|p1a: Frieren
|-damage|p1a: Frieren|2/100
|move|p2b: Staraptor|Close Combat|p1b: Wolverine
|-supereffective|p1b: Wolverine|1
|-damage|p1b: Wolverine|0 fnt
|-boost|p2b: Staraptor|def|1
|-boost|p2b: Staraptor|spd|1
|faint|p1b: Wolverine
|move|p1a: Frieren|Hyper Voice|p2b: Staraptor|[spread] p2a,p2b
|-resisted|p2a: Arcanine|1
|-supereffective|p2b: Staraptor|1
|-damage|p2a: Arcanine|48/100
|-damage|p2b: Staraptor|0 fnt
|faint|p2b: Staraptor
|
|upkeep
|
|t:|1785232351
|switch|p1b: Berserk|Garchomp, L50, M|66/100
|turn|10
|
|t:|1785232370
|move|p1b: Berserk|Stomping Tantrum|p2a: Arcanine
|-supereffective|p2a: Arcanine|2
|-damage|p2a: Arcanine|0 fnt
|faint|p2a: Arcanine
|-damage|p1b: Berserk|57/100|[from] item: Life Orb
|
|win|x-demon18
||Gastrosophilipp is ready for game 3.
|inactive|x-demon18 has 30 seconds to confirm battle start!
