|j|☆Kertoip
|j|☆testdigi
|html|Kertoiptestdigi    
|uhtml|bestof|Game 1 of a best-of-3
|t:|1782472373
|gametype|doubles
|player|p1|Kertoip|acetrainer-gen4|1075
|player|p2|testdigi|1|1000
|gen|9
|tier|[Gen 9 Champions] VGC 2026 Reg M-B (Bo3)
|rated|
|rule|Species Clause: Limit one of each Pokémon
|rule|Item Clause: Limit 1 of each item
|clearpoke
|poke|p1|Froslass, L50, F|
|poke|p1|Glaceon, L50, M|
|poke|p1|Kingambit, L50, F|
|poke|p1|Blaziken, L50, M|
|poke|p1|Gyarados, L50, F|
|poke|p1|Ditto, L50, shiny|
|poke|p2|Hydreigon, L50, F|
|poke|p2|Garchomp, L50, F|
|poke|p2|Metagross, L50, shiny|
|poke|p2|Grimmsnarl, L50, M, shiny|
|poke|p2|Charizard, L50, F, shiny|
|poke|p2|Toxapex, L50, M, shiny|
|teampreview|4
|showteam|p1|Froslass||Froslassite|SnowCloak|Blizzard,ShadowBall,AuroraVeil,Protect|Modest||F|||50|]Glaceon||BrightPowder|SnowCloak|Blizzard,FreezeDry,IcyWind,Detect|Modest||M|||50|]Kingambit||BlackGlasses|Defiant|SuckerPunch,KowtowCleave,SwordsDance,Protect|Adamant||F|||50|]Blaziken||FocusSash|SpeedBoost|CloseCombat,FlareBlitz,Coaching,Detect|Jolly||M|||50|]Gyarados||Gyaradosite|Intimidate|DragonDance,Waterfall,Taunt,Protect|Adamant||F|||50|]Ditto||ChoiceScarf|Imposter|Transform|Timid|||||50|
|showteam|p2|Hydreigon||ChoiceScarf|Levitate|HeatWave,DarkPulse,DracoMeteor,Snarl|Modest||F|||50|]Garchomp||SitrusBerry|RoughSkin|Protect,RockSlide,DragonClaw,Earthquake|Adamant||F|||50|]Metagross||Metagrossite|ClearBody|Protect,HammerArm,BulletPunch,IronHead|Serious|||||50|]Grimmsnarl||RoseliBerry|Prankster|FakeOut,FoulPlay,Reflect,PartingShot|Sassy||M|||50|]Charizard||CharizarditeY|Blaze|Protect,HeatWave,SolarBeam,WeatherBall|Timid||F|||50|]Toxapex||Leftovers|Regenerator|Infestation,Toxic,BanefulBunker,WideGuard|Bold||M|||50|
|
|t:|1782472425
|teamsize|p1|4
|teamsize|p2|4
|start
|switch|p1a: Froslass|Froslass, L50, F|100/100
|switch|p1b: Glaceon|Glaceon, L50, M|100/100
|switch|p2a: Grimmsnarl|Grimmsnarl, L50, M, shiny|100/100
|switch|p2b: Charizard|Charizard, L50, F, shiny|100/100
|turn|1
|inactive|Battle timer is ON: inactive players will automatically lose when time's up. (requested by testdigi)
|
|t:|1782472446
|switch|p1b: Blaziken|Blaziken, L50, M|100/100
|detailschange|p2b: Charizard|Charizard-Mega-Y, L50, F, shiny
|-mega|p2b: Charizard|Charizard|Charizardite Y
|-weather|SunnyDay|[from] ability: Drought|[of] p2b: Charizard
|detailschange|p1a: Froslass|Froslass-Mega, L50, F
|-mega|p1a: Froslass|Froslass|Froslassite
|-weather|Snowscape|[from] ability: Snow Warning|[of] p1a: Froslass
|move|p2b: Charizard|Protect|p2b: Charizard
|-singleturn|p2b: Charizard|Protect
|move|p1a: Froslass|Blizzard|p2a: Grimmsnarl|[spread] p2a
|-activate|p2b: Charizard|move: Protect
|-damage|p2a: Grimmsnarl|58/100
|move|p2a: Grimmsnarl|Foul Play|p1a: Froslass
|-supereffective|p1a: Froslass|1
|-damage|p1a: Froslass|64/100
|
|-weather|Snowscape|[upkeep]
|upkeep
|turn|2
|inactive|Kertoip has 30 seconds left.
|inactive|Kertoip has 20 seconds left.
|inactive|Kertoip has 15 seconds left.
|inactive|Kertoip has 10 seconds left.
|
|t:|1782472493
|switch|p2b: Toxapex|Toxapex, L50, M, shiny|100/100
|move|p2a: Grimmsnarl|Reflect|p2a: Grimmsnarl
|-sidestart|p2: testdigi|Reflect
|move|p1a: Froslass|Aurora Veil|p1a: Froslass
|-sidestart|p1: Kertoip|move: Aurora Veil
|move|p1b: Blaziken|Flare Blitz|p2a: Grimmsnarl
|-damage|p2a: Grimmsnarl|16/100
|-damage|p1b: Blaziken|82/100|[from] Recoil
|
|-weather|Snowscape|[upkeep]
|-ability|p1b: Blaziken|Speed Boost|boost
|-boost|p1b: Blaziken|spe|1
|upkeep
|turn|3
|inactive|testdigi has 30 seconds left.
|
|t:|1782472519
|switch|p1b: Glaceon|Glaceon, L50, M|100/100
|move|p2a: Grimmsnarl|Parting Shot|p1a: Froslass
|-unboost|p1a: Froslass|atk|1
|-unboost|p1a: Froslass|spa|1
|
|t:|1782472526
|switch|p2a: Charizard|Charizard-Mega-Y, L50, F, shiny|100/100|[from] Parting Shot
|-weather|SunnyDay|[from] ability: Drought|[of] p2a: Charizard
|move|p1a: Froslass|Blizzard|p2a: Charizard|[spread] p2a
|-miss|p1a: Froslass|p2b: Toxapex
|-damage|p2a: Charizard|75/100
|move|p2b: Toxapex|Infestation|p1a: Froslass
|-resisted|p1a: Froslass|1
|-damage|p1a: Froslass|63/100
|-activate|p1a: Froslass|move: Infestation|[of] p2b: Toxapex
|
|-weather|SunnyDay|[upkeep]
|-damage|p1a: Froslass|51/100|[from] move: Infestation|[partiallytrapped]
|upkeep
|turn|4
|inactive|Kertoip has 30 seconds left.
|
|t:|1782472559
|switch|p1a: Blaziken|Blaziken, L50, M|82/100
|move|p2a: Charizard|Heat Wave|p1a: Blaziken|[spread] p1a,p1b
|-resisted|p1a: Blaziken|1
|-supereffective|p1b: Glaceon|1
|-damage|p1a: Blaziken|54/100
|-damage|p1b: Glaceon|19/100
|move|p1b: Glaceon|Freeze-Dry|p2b: Toxapex
|-supereffective|p2b: Toxapex|1
|-damage|p2b: Toxapex|38/100
|move|p2b: Toxapex|Toxic|p1b: Glaceon
|-status|p1b: Glaceon|tox
|
|-weather|SunnyDay|[upkeep]
|-heal|p2b: Toxapex|44/100|[from] item: Leftovers
|-damage|p1b: Glaceon|14/100 tox|[from] psn
|upkeep
|turn|5
|inactive|testdigi has 30 seconds left.
|
|t:|1782472586
|move|p1a: Blaziken|Detect|p1a: Blaziken
|-singleturn|p1a: Blaziken|Protect
|move|p2b: Toxapex|Baneful Bunker|p2b: Toxapex
|-singleturn|p2b: Toxapex|move: Protect
|move|p2a: Charizard|Weather Ball|p1a: Blaziken
|-activate|p1a: Blaziken|move: Protect
|move|p1b: Glaceon|Blizzard|p2b: Toxapex|[spread] p2a
|-activate|p2b: Toxapex|move: Protect
|-damage|p2a: Charizard|35/100
|
|-weather|SunnyDay|[upkeep]
|-heal|p2b: Toxapex|50/100g|[from] item: Leftovers
|-damage|p1b: Glaceon|2/100 tox|[from] psn
|-ability|p1a: Blaziken|Speed Boost|boost
|-boost|p1a: Blaziken|spe|1
|upkeep
|turn|6
|
|t:|1782472609
|-heal|p2b: Toxapex|83/100|[from] ability: Regenerator|[silent]
|switch|p2b: Grimmsnarl|Grimmsnarl, L50, M, shiny|16/100
|move|p2a: Charizard|Protect|p2a: Charizard
|-singleturn|p2a: Charizard|Protect
|move|p1a: Blaziken|Flare Blitz|p2a: Charizard
|-activate|p2a: Charizard|move: Protect
|move|p1b: Glaceon|Freeze-Dry|p2b: Grimmsnarl
|-damage|p2b: Grimmsnarl|0 fnt
|faint|p2b: Grimmsnarl
|
|-weather|SunnyDay|[upkeep]
|-damage|p1b: Glaceon|0 fnt|[from] psn
|faint|p1b: Glaceon
|-sideend|p2: testdigi|Reflect
|-sideend|p1: Kertoip|move: Aurora Veil
|-ability|p1a: Blaziken|Speed Boost|boost
|-boost|p1a: Blaziken|spe|1
|upkeep
|
|t:|1782472634
|switch|p1b: Froslass|Froslass-Mega, L50, F|51/100
|switch|p2b: Toxapex|Toxapex, L50, M, shiny|83/100
|-weather|Snowscape|[from] ability: Snow Warning|[of] p1b: Froslass
|turn|7
|
|t:|1782472653
|switch|p2a: Hydreigon|Hydreigon, L50, F|100/100
|move|p2b: Toxapex|Wide Guard|p2b: Toxapex
|-singleturn|p2b: Toxapex|Wide Guard
|move|p1a: Blaziken|Flare Blitz|p2a: Hydreigon
|-resisted|p2a: Hydreigon|1
|-damage|p2a: Hydreigon|67/100
|-damage|p1a: Blaziken|42/100|[from] Recoil
|move|p1b: Froslass|Blizzard|p2b: Toxapex|[spread] 
|-activate|p2a: Hydreigon|move: Wide Guard
|-activate|p2b: Toxapex|move: Wide Guard
|
|-weather|Snowscape|[upkeep]
|-heal|p2b: Toxapex|89/100|[from] item: Leftovers
|-ability|p1a: Blaziken|Speed Boost|boost
|-boost|p1a: Blaziken|spe|1
|upkeep
|turn|8
|
|t:|1782472672
|move|p1a: Blaziken|Close Combat|p2a: Hydreigon
|-supereffective|p2a: Hydreigon|1
|-damage|p2a: Hydreigon|0 fnt
|-unboost|p1a: Blaziken|def|1
|-unboost|p1a: Blaziken|spd|1
|faint|p2a: Hydreigon
|move|p1b: Froslass|Shadow Ball|p2b: Toxapex
|-damage|p2b: Toxapex|59/100
|move|p2b: Toxapex|Toxic|p1a: Blaziken
|-status|p1a: Blaziken|tox
|
|-weather|Snowscape|[upkeep]
|-heal|p2b: Toxapex|65/100|[from] item: Leftovers
|-damage|p1a: Blaziken|36/100 tox|[from] psn
|-ability|p1a: Blaziken|Speed Boost|boost
|-boost|p1a: Blaziken|spe|1
|upkeep
|
|t:|1782472677
|switch|p2a: Charizard|Charizard-Mega-Y, L50, F, shiny|35/100
|-weather|SunnyDay|[from] ability: Drought|[of] p2a: Charizard
|turn|9
|
|t:|1782472693
|move|p1a: Blaziken|Flare Blitz|p2a: Charizard
|-resisted|p2a: Charizard|1
|-damage|p2a: Charizard|0 fnt
|faint|p2a: Charizard
|-damage|p1a: Blaziken|23/100 tox|[from] Recoil
|move|p1b: Froslass|Shadow Ball|p2b: Toxapex
|-damage|p2b: Toxapex|36/100
|move|p2b: Toxapex|Infestation|p1b: Froslass
|-resisted|p1b: Froslass|1
|-damage|p1b: Froslass|49/100
|-activate|p1b: Froslass|move: Infestation|[of] p2b: Toxapex
|
|-weather|SunnyDay|[upkeep]
|-heal|p2b: Toxapex|42/100|[from] item: Leftovers
|-damage|p1a: Blaziken|12/100 tox|[from] psn
|-damage|p1b: Froslass|37/100|[from] move: Infestation|[partiallytrapped]
|-ability|p1a: Blaziken|Speed Boost|boost
|-boost|p1a: Blaziken|spe|1
|upkeep
|turn|10
|-message|testdigi forfeited.
|
|win|Kertoip
