|j|☆bernard31/reis
|j|☆cuz you
|html|bernard31/reiscuz you    
|uhtml|bestof|Game 1 of a best-of-3
|t:|1782577252
|gametype|doubles
|player|p1|bernard31/reis|lusamine-nihilego|1000
|player|p2|cuz you|170|1043
|gen|9
|tier|[Gen 9 Champions] VGC 2026 Reg M-B (Bo3)
|rated|
|rule|Species Clause: Limit one of each Pokémon
|rule|Item Clause: Limit 1 of each item
|clearpoke
|poke|p1|Dragalge, L50, M|
|poke|p1|Delphox, L50, M|
|poke|p1|Incineroar, L50, M|
|poke|p1|Conkeldurr, L50, F|
|poke|p1|Mimikyu, L50, F|
|poke|p1|Araquanid, L50, F|
|poke|p2|Gengar, L50, F, shiny|
|poke|p2|Blaziken, L50, M, shiny|
|poke|p2|Toxicroak, L50, M|
|poke|p2|Drampa, L50, F|
|poke|p2|Vivillon-Jungle, L50, M, shiny|
|poke|p2|Pinsir, L50, F, shiny|
|teampreview|4
|showteam|p1|Dragalge||Dragalgite|Adaptability|SludgeBomb,DracoMeteor,Toxic,Protect|Calm||M|||50|]Delphox||Delphoxite|Blaze|HeatWave,Psychic,NastyPlot,Protect|Timid||M|||50|]Incineroar||ShucaBerry|Intimidate|FakeOut,PartingShot,Protect,ThroatChop|Careful||M|||50|]Conkeldurr||LifeOrb|IronFist|MachPunch,IcePunch,DrainPunch,Protect|Adamant||F|||50|]Mimikyu||MentalHerb|Disguise|ShadowClaw,PlayRough,Protect,TrickRoom|Sassy||F|||50|]Araquanid||ChoiceScarf|WaterBubble|Waterfall,LeechLife,ChillingWater,BodySlam|Hasty||F|||50|
|showteam|p2|Gengar||Gengarite|CursedBody|ReflectType,Disable|Serious||F|||50|]Blaziken|||SpeedBoost|RockSlide,Roar|Serious||M|||50|]Toxicroak|||DrySkin|DarkPulse,NastyPlot|Serious||M|||50|]Drampa||ShellBell|Berserk|DracoMeteor|Serious||F|||50|]Vivillon-Jungle|||ShieldDust|SolarBeam,SleepPowder|Serious||M|||50|]Pinsir||Pinsirite|HyperCutter|Feint,FocusEnergy|Serious||F|||50|
|inactive|Battle timer is ON: inactive players will automatically lose when time's up. (requested by bernard31/reis)
|
|t:|1782577261
|teamsize|p1|4
|teamsize|p2|4
|start
|switch|p1a: Delphox|Delphox, L50, M|100/100
|switch|p1b: Incineroar|Incineroar, L50, M|100/100
|switch|p2a: Gengar|Gengar, L50, F, shiny|100/100
|switch|p2b: Blaziken|Blaziken, L50, M, shiny|100/100
|-ability|p1b: Incineroar|Intimidate|boost
|-unboost|p2a: Gengar|atk|1
|-unboost|p2b: Blaziken|atk|1
|turn|1
|
|t:|1782577285
|detailschange|p1a: Delphox|Delphox-Mega, L50, M
|-mega|p1a: Delphox|Delphox|Delphoxite
|detailschange|p2a: Gengar|Gengar-Mega, L50, F, shiny
|-mega|p2a: Gengar|Gengar|Gengarite
|move|p1b: Incineroar|Fake Out|p2b: Blaziken
|-damage|p2b: Blaziken|86/100
|move|p1a: Delphox|Psychic|p2a: Gengar
|-supereffective|p2a: Gengar|1
|-damage|p2a: Gengar|0 fnt
|faint|p2a: Gengar
|cant|p2b: Blaziken|flinch
|
|-ability|p2b: Blaziken|Speed Boost|boost
|-boost|p2b: Blaziken|spe|1
|upkeep
|
|t:|1782577295
|switch|p2a: Toxicroak|Toxicroak, L50, M|100/100
|turn|2
|
|t:|1782577301
|move|p1a: Delphox|Protect|p1a: Delphox
|-singleturn|p1a: Delphox|Protect
|move|p2b: Blaziken|Rock Slide|p1a: Delphox|[spread] 
|-activate|p1a: Delphox|move: Protect
|-miss|p2b: Blaziken|p1b: Incineroar
|move|p2a: Toxicroak|Nasty Plot|p2a: Toxicroak
|-boost|p2a: Toxicroak|spa|2
|move|p1b: Incineroar|Parting Shot|p2b: Blaziken
|-unboost|p2b: Blaziken|atk|1
|-unboost|p2b: Blaziken|spa|1
|
|t:|1782577307
|switch|p1b: Mimikyu|Mimikyu, L50, F|100/100|[from] Parting Shot
|
|-ability|p2b: Blaziken|Speed Boost|boost
|-boost|p2b: Blaziken|spe|1
|upkeep
|turn|3
|
|t:|1782577317
|switch|p1b: Incineroar|Incineroar, L50, M|100/100
|-ability|p1b: Incineroar|Intimidate|boost
|-unboost|p2a: Toxicroak|atk|1
|-unboost|p2b: Blaziken|atk|1
|move|p1a: Delphox|Psychic|p2a: Toxicroak
|-supereffective|p2a: Toxicroak|2
|-damage|p2a: Toxicroak|0 fnt
|faint|p2a: Toxicroak
|move|p2b: Blaziken|Rock Slide|p1b: Incineroar|[spread] p1a,p1b
|-supereffective|p1a: Delphox|1
|-supereffective|p1b: Incineroar|1
|-damage|p1a: Delphox|80/100
|-damage|p1b: Incineroar|90/100
|
|-ability|p2b: Blaziken|Speed Boost|boost
|-boost|p2b: Blaziken|spe|1
|upkeep
|
|t:|1782577327
|switch|p2a: Drampa|Drampa, L50, F|100/100
|turn|4
|
|t:|1782577336
|move|p1b: Incineroar|Fake Out|p2a: Drampa
|-damage|p2a: Drampa|86/100
|move|p2b: Blaziken|Rock Slide|p1a: Delphox|[spread] p1b
|-miss|p2b: Blaziken|p1a: Delphox
|-supereffective|p1b: Incineroar|1
|-damage|p1b: Incineroar|80/100
|move|p1a: Delphox|Psychic|p2b: Blaziken
|-supereffective|p2b: Blaziken|1
|-damage|p2b: Blaziken|0 fnt
|faint|p2b: Blaziken
|cant|p2a: Drampa|flinch
|
|upkeep
|turn|5
|
|t:|1782577345
|move|p1a: Delphox|Protect|p1a: Delphox
|-singleturn|p1a: Delphox|Protect
|move|p1b: Incineroar|Parting Shot|p2a: Drampa
|-unboost|p2a: Drampa|atk|1
|-unboost|p2a: Drampa|spa|1
|-message|cuz you forfeited.
|raw|bernard31/reis's rating: 1000 → 1045(+45 for winning)
|raw|cuz you's rating: 1043 → 1025(-18 for losing)
|
|win|bernard31/reis
|l|☆cuz you
|player|p2|
|l|☆bernard31/reis
|player|p1|
|j|☆bernard31/reis
|player|p1|bernard31/reis|lusamine-nihilego|
