|j|☆daemian_x
|j|☆ferchoxx
|html|daemian_xferchoxx    
|uhtml|bestof|Game 1 of a best-of-3
|t:|1785892672
|gametype|doubles
|player|p1|daemian_x|blue|1278
|player|p2|ferchoxx|ghetsis|1316
|gen|9
|tier|[Gen 9 Champions] VGC 2026 Reg M-B (Bo3)
|rated|
|rule|Species Clause: Limit one of each Pokémon
|rule|Item Clause: Limit 1 of each item
|clearpoke
|poke|p1|Gengar, L50, M|
|poke|p1|Ninetales-Alola, L50, M|
|poke|p1|Delphox, L50, M|
|poke|p1|Sneasler, L50, M|
|poke|p1|Kingambit, L50, F|
|poke|p1|Incineroar, L50, F|
|poke|p2|Tyranitar, L50, F|
|poke|p2|Staraptor, L50, F|
|poke|p2|Excadrill, L50, M|
|poke|p2|Gholdengo, L50|
|poke|p2|Milotic, L50, M|
|poke|p2|Sinistcha, L50|
|teampreview|4
|showteam|p1|Gengar||Gengarite|CursedBody|ShadowBall,SludgeBomb,PerishSong,Protect|Modest||M|||50|]Ninetales-Alola||ChoiceScarf|SnowWarning|Blizzard,DazzlingGleam,Moonblast,FreezeDry|Serious||M|||50|]Delphox||Delphoxite|Blaze|HeatWave,Psychic,NastyPlot,Protect|Timid||M|||50|]Sneasler||WhiteHerb|Unburden|FakeOut,CloseCombat,DireClaw,QuickGuard|Jolly||M|||50|]Kingambit||BlackGlasses|Defiant|KowtowCleave,SuckerPunch,SwordsDance,Protect|Adamant||F|||50|]Incineroar||SitrusBerry|Intimidate|ThroatChop,FakeOut,PartingShot,Protect|Careful||F|||50|
|showteam|p2|Tyranitar||Tyranitarite|SandStream|RockSlide,KnockOff,HighHorsepower,Protect|Adamant||F|||50|]Staraptor||Staraptite|Intimidate|BraveBird,CloseCombat,Tailwind,Protect|Jolly||F|||50|]Excadrill||FocusSash|SandRush|HighHorsepower,IronHead,RockSlide,Protect|Jolly||M|||50|]Gholdengo||LifeOrb|GoodasGold|MakeItRain,ShadowBall,NastyPlot,Protect|Timid|||||50|]Milotic||SitrusBerry|Competitive|Protect,IceBeam,Scald,IcyWind|Bold||M|||50|]Sinistcha||ColburBerry|Hospitality|MatchaGotcha,RagePowder,TrickRoom,Protect|Bold|||||50|
|inactive|Battle timer is ON: inactive players will automatically lose when time's up. (requested by ferchoxx)
|inactive|daemian_x has 60 seconds left.
|inactive|ferchoxx has 60 seconds left.
|inactive|daemian_x has 30 seconds left.
|inactive|ferchoxx has 30 seconds left.
|
|t:|1785892743
|teamsize|p1|4
|teamsize|p2|4
|start
|switch|p1a: Sneasler|Sneasler, L50, M|100/100
|switch|p1b: Delphox|Delphox, L50, M|100/100
|switch|p2a: Sinistcha|Sinistcha, L50|100/100
|switch|p2b: Gholdengo|Gholdengo, L50|100/100
|turn|1
|inactive|daemian_x has 30 seconds left.
|
|t:|1785892770
|switch|p1a: Kingambit|Kingambit, L50, F|100/100
|switch|p2b: Tyranitar|Tyranitar, L50, F|100/100
|-weather|Sandstorm|[from] ability: Sand Stream|[of] p2b: Tyranitar
|detailschange|p1b: Delphox|Delphox-Mega, L50, M
|-mega|p1b: Delphox|Delphox|Delphoxite
|move|p1b: Delphox|Heat Wave|p2b: Tyranitar|[spread] p2a
|-miss|p1b: Delphox|p2b: Tyranitar
|-supereffective|p2a: Sinistcha|1
|-damage|p2a: Sinistcha|22/100
|move|p2a: Sinistcha|Trick Room|p2a: Sinistcha
|-fieldstart|move: Trick Room|[of] p2a: Sinistcha
|
|-weather|Sandstorm|[upkeep]
|-damage|p2a: Sinistcha|16/100|[from] Sandstorm
|-damage|p1b: Delphox|93/100|[from] Sandstorm
|upkeep
|turn|2
|inactive|daemian_x has 30 seconds left.
|inactive|daemian_x has 20 seconds left.
|inactive|daemian_x has 15 seconds left.
|inactive|ferchoxx has 30 seconds left.
|inactive|daemian_x has 10 seconds left.
|inactive|daemian_x has 5 seconds left.
|
|t:|1785892821
|detailschange|p2b: Tyranitar|Tyranitar-Mega, L50, F
|-mega|p2b: Tyranitar|Tyranitar|Tyranitarite
|move|p2a: Sinistcha|Protect|p2a: Sinistcha
|-singleturn|p2a: Sinistcha|Protect
|move|p1a: Kingambit|Kowtow Cleave|p2a: Sinistcha
|-activate|p2a: Sinistcha|move: Protect
|move|p2b: Tyranitar|High Horsepower|p1a: Kingambit
|-supereffective|p1a: Kingambit|1
|-damage|p1a: Kingambit|36/100
|move|p1b: Delphox|Heat Wave|p2a: Sinistcha|[spread] p2b
|-activate|p2a: Sinistcha|move: Protect
|-resisted|p2b: Tyranitar|1
|-damage|p2b: Tyranitar|89/100
|-status|p2b: Tyranitar|brn
|
|-weather|Sandstorm|[upkeep]
|-damage|p2a: Sinistcha|11/100|[from] Sandstorm
|-damage|p1b: Delphox|87/100|[from] Sandstorm
|-damage|p2b: Tyranitar|83/100 brn|[from] brn
|upkeep
|turn|3
|inactive|ferchoxx has 30 seconds left.
|
|t:|1785892850
|switch|p2a: Gholdengo|Gholdengo, L50|100/100
|move|p1a: Kingambit|Protect|p1a: Kingambit
|-singleturn|p1a: Kingambit|Protect
|move|p1b: Delphox|Protect|p1b: Delphox
|-singleturn|p1b: Delphox|Protect
|move|p2b: Tyranitar|Knock Off|p1b: Delphox
|-activate|p1b: Delphox|move: Protect
|
|-weather|Sandstorm|[upkeep]
|-damage|p1b: Delphox|81/100|[from] Sandstorm
|-damage|p2b: Tyranitar|77/100 brn|[from] brn
|upkeep
|turn|4
|inactive|daemian_x has 30 seconds left.
|
|t:|1785892883
|switch|p2a: Sinistcha|Sinistcha, L50|11/100
|-heal|p2b: Tyranitar|100/100 brn|[from] ability: Hospitality|[of] p2a: Sinistcha
|switch|p1b: Sneasler|Sneasler, L50, M|100/100
|move|p1a: Kingambit|Swords Dance|p1a: Kingambit
|-boost|p1a: Kingambit|atk|2
|move|p2b: Tyranitar|High Horsepower|p1a: Kingambit
|-supereffective|p1a: Kingambit|1
|-damage|p1a: Kingambit|3/100
|
|-weather|Sandstorm|[upkeep]
|-damage|p2a: Sinistcha|5/100|[from] Sandstorm
|-damage|p1b: Sneasler|93/100|[from] Sandstorm
|-damage|p2b: Tyranitar|93/100 brn|[from] brn
|upkeep
|turn|5
|inactive|ferchoxx has 30 seconds left.
|
|t:|1785892915
|switch|p2b: Gholdengo|Gholdengo, L50|100/100
|move|p1a: Kingambit|Protect|p1a: Kingambit
|-singleturn|p1a: Kingambit|Protect
|move|p1b: Sneasler|Fake Out|p2b: Gholdengo
|-immune|p2b: Gholdengo
|move|p2a: Sinistcha|Matcha Gotcha|p1a: Kingambit|[spread] p1b
|-activate|p1a: Kingambit|move: Protect
|-resisted|p1b: Sneasler|1
|-damage|p1b: Sneasler|78/100
|-heal|p2a: Sinistcha|13/100|[from] drain|[of] p1b: Sneasler
|
|-weather|none
|-fieldend|move: Trick Room
|upkeep
|turn|6
|inactive|ferchoxx has 30 seconds left.
|
|t:|1785892942
|switch|p2b: Excadrill|Excadrill, L50, M|100/100
|move|p2a: Sinistcha|Protect|p2a: Sinistcha
|-singleturn|p2a: Sinistcha|Protect
|move|p1b: Sneasler|Dire Claw|p2a: Sinistcha
|-activate|p2a: Sinistcha|move: Protect
|move|p1a: Kingambit|Kowtow Cleave|p2b: Excadrill
|-enditem|p2b: Excadrill|Focus Sash
|-damage|p2b: Excadrill|1/100
|
|upkeep
|turn|7
|inactive|daemian_x has 30 seconds left.
|inactive|ferchoxx has 30 seconds left.
|
|t:|1785892976
|move|p2a: Sinistcha|Rage Powder|p2a: Sinistcha
|-singleturn|p2a: Sinistcha|move: Rage Powder
|move|p1a: Kingambit|Sucker Punch||[still]
|-fail|p1a: Kingambit
|move|p1b: Sneasler|Close Combat|p2a: Sinistcha
|-immune|p2a: Sinistcha
|move|p2b: Excadrill|High Horsepower|p1b: Sneasler
|-supereffective|p1b: Sneasler|1
|-damage|p1b: Sneasler|0 fnt
|faint|p1b: Sneasler
|
|upkeep
|
|t:|1785892993
|switch|p1b: Delphox|Delphox-Mega, L50, M|81/100
|turn|8
|
|t:|1785893016
|switch|p2a: Tyranitar|Tyranitar-Mega, L50, F|93/100 brn
|-weather|Sandstorm|[from] ability: Sand Stream|[of] p2a: Tyranitar
|move|p2b: Excadrill|Protect|p2b: Excadrill
|-singleturn|p2b: Excadrill|Protect
|move|p1b: Delphox|Heat Wave|p2a: Tyranitar|[spread] 
|-activate|p2b: Excadrill|move: Protect
|-miss|p1b: Delphox|p2a: Tyranitar
|move|p1a: Kingambit|Kowtow Cleave|p2b: Excadrill
|-activate|p2b: Excadrill|move: Protect
|
|-weather|Sandstorm|[upkeep]
|-damage|p1b: Delphox|75/100|[from] Sandstorm
|-damage|p2a: Tyranitar|87/100 brn|[from] brn
|upkeep
|turn|9
|
|t:|1785893035
|switch|p1b: Ninetales|Ninetales-Alola, L50, M|100/100
|-weather|Snowscape|[from] ability: Snow Warning|[of] p1b: Ninetales
|move|p1a: Kingambit|Sucker Punch|p2b: Excadrill
|-damage|p2b: Excadrill|0 fnt
|faint|p2b: Excadrill
|move|p2a: Tyranitar|Rock Slide|p1a: Kingambit|[spread] p1a,p1b
|-resisted|p1a: Kingambit|1
|-supereffective|p1b: Ninetales|1
|-damage|p1a: Kingambit|0 fnt
|-damage|p1b: Ninetales|60/100
|faint|p1a: Kingambit
|
|-weather|Snowscape|[upkeep]
|-damage|p2a: Tyranitar|81/100 brn|[from] brn
|upkeep
|inactive|daemian_x has 30 seconds left.
|inactive|daemian_x has 20 seconds left.
|
|t:|1785893074
|switch|p2b: Sinistcha|Sinistcha, L50|13/100
|switch|p1a: Delphox|Delphox-Mega, L50, M|75/100
|-heal|p2a: Tyranitar|100/100 brn|[from] ability: Hospitality|[of] p2b: Sinistcha
|turn|10
|
|t:|1785893094
|switch|p2a: Gholdengo|Gholdengo, L50|100/100
|move|p2b: Sinistcha|Protect|p2b: Sinistcha
|-singleturn|p2b: Sinistcha|Protect
|move|p1b: Ninetales|Blizzard|p2a: Gholdengo|[spread] p2a
|-activate|p2b: Sinistcha|move: Protect
|-resisted|p2a: Gholdengo|1
|-damage|p2a: Gholdengo|82/100
|move|p1a: Delphox|Heat Wave|p2b: Sinistcha|[spread] p2a
|-activate|p2b: Sinistcha|move: Protect
|-supereffective|p2a: Gholdengo|1
|-damage|p2a: Gholdengo|0 fnt
|faint|p2a: Gholdengo
|
|-weather|Snowscape|[upkeep]
|upkeep
|
|t:|1785893107
|switch|p2a: Tyranitar|Tyranitar-Mega, L50, F|100/100 brn
|-weather|Sandstorm|[from] ability: Sand Stream|[of] p2a: Tyranitar
|turn|11
|
|t:|1785893122
|move|p1b: Ninetales|Blizzard|p2b: Sinistcha|[spread] p2a,p2b
|-crit|p2a: Tyranitar
|-supereffective|p2b: Sinistcha|1
|-damage|p2a: Tyranitar|70/100 brn
|-damage|p2b: Sinistcha|0 fnt
|faint|p2b: Sinistcha
|move|p1a: Delphox|Heat Wave|p2a: Tyranitar
|-resisted|p2a: Tyranitar|1
|-damage|p2a: Tyranitar|56/100 brn
|move|p2a: Tyranitar|Rock Slide|p1b: Ninetales|[spread] p1a
|-miss|p2a: Tyranitar|p1b: Ninetales
|-supereffective|p1a: Delphox|1
|-damage|p1a: Delphox|32/100
|
|-weather|Sandstorm|[upkeep]
|-damage|p1b: Ninetales|54/100|[from] Sandstorm
|-damage|p1a: Delphox|26/100|[from] Sandstorm
|-damage|p2a: Tyranitar|50/100y brn|[from] brn
|upkeep
|turn|12
|inactive|ferchoxx has 30 seconds left.
|
|t:|1785893151
|move|p1b: Ninetales|Blizzard|p2a: Tyranitar
|-damage|p2a: Tyranitar|27/100 brn
|move|p1a: Delphox|Heat Wave|p2a: Tyranitar
|-resisted|p2a: Tyranitar|1
|-damage|p2a: Tyranitar|12/100 brn
|move|p2a: Tyranitar|Rock Slide|p1b: Ninetales|[spread] p1a,p1b
|-supereffective|p1a: Delphox|1
|-supereffective|p1b: Ninetales|1
|-damage|p1a: Delphox|0 fnt
|-damage|p1b: Ninetales|2/100
|faint|p1a: Delphox
|
|-weather|Sandstorm|[upkeep]
|-damage|p1b: Ninetales|0 fnt|[from] Sandstorm
|faint|p1b: Ninetales
|
|win|ferchoxx
|inactive|daemian_x has 30 seconds to confirm battle start!
|inactive|ferchoxx has 30 seconds to confirm battle start!
