|j|☆1TarsierFan
|j|☆pechugadepollico
|html|1TarsierFanpechugadepollico    
|uhtml|bestof|Game 2 of a best-of-3
|t:|1782496443
|gametype|doubles
|player|p1|1TarsierFan|pokemaniac|1188
|player|p2|pechugadepollico|266|1156
|gen|9
|tier|[Gen 9 Champions] VGC 2026 Reg M-B (Bo3)
|rated|
|rule|Species Clause: Limit one of each Pokémon
|rule|Item Clause: Limit 1 of each item
|clearpoke
|poke|p1|Charizard, L50, F|
|poke|p1|Floette-Eternal, L50, F|
|poke|p1|Whimsicott, L50, M|
|poke|p1|Garchomp, L50, M|
|poke|p1|Basculegion, L50, M|
|poke|p1|Kingambit, L50, M|
|poke|p2|Mawile, L50, F, shiny|
|poke|p2|Garchomp, L50, M|
|poke|p2|Farigiraf, L50, F|
|poke|p2|Charizard, L50, F|
|poke|p2|Gholdengo, L50|
|poke|p2|Whimsicott, L50, M|
|teampreview|4
|showteam|p1|Charizard||CharizarditeY|Blaze|WeatherBall,HeatWave,SolarBeam,Protect|Modest||F|||50|]Floette-Eternal||Floettite|FlowerVeil|LightofRuin,DazzlingGleam,Moonblast,Protect|Modest||F|||50|]Whimsicott||FocusSash|Prankster|Tailwind,Moonblast,Encore,Protect|Timid||M|||50|]Garchomp||RoseliBerry|RoughSkin|DragonClaw,Earthquake,RockSlide,Protect|Jolly||M|||50|]Basculegion||LifeOrb|Adaptability|WaveCrash,AquaJet,LastRespects,Protect|Adamant||M|||50|]Kingambit||ChopleBerry|Defiant|KowtowCleave,SuckerPunch,IronHead,LowKick|Adamant||M|||50|
|showteam|p2|Mawile||Mawilite|HyperCutter|Protect,SuckerPunch,BrickBreak,PlayRough|Adamant||F|||50|]Garchomp||ExpertBelt|RoughSkin|Protect,RockSlide,DragonClaw,StompingTantrum|Adamant||M|||50|]Farigiraf||SitrusBerry|ArmorTail|TrickRoom,HelpingHand,Psychic,EnergyBall|Bold||F|||50|]Charizard||CharizarditeY|Blaze|Protect,SolarBeam,WeatherBall,HeatWave|Modest||F|||50|]Gholdengo||LifeOrb|GoodasGold|PowerGem,Thunderbolt,ShadowBall,MakeItRain|Modest|||||50|]Whimsicott||FocusSash|Prankster|Protect,Tailwind,Encore,Moonblast|Timid||M|||50|
|
|t:|1782496455
|teamsize|p1|4
|teamsize|p2|4
|start
|switch|p1a: Garchomp|Garchomp, L50, M|100/100
|switch|p1b: Whimsicott|Whimsicott, L50, M|100/100
|switch|p2a: Garchomp|Garchomp, L50, M|100/100
|switch|p2b: Whimsicott|Whimsicott, L50, M|100/100
|turn|1
|inactive|Battle timer is ON: inactive players will automatically lose when time's up. (requested by pechugadepollico)
|
|t:|1782496470
|switch|p1a: Kingambit|Kingambit, L50, M|100/100
|move|p2b: Whimsicott|Tailwind|p2b: Whimsicott
|-sidestart|p2: pechugadepollico|move: Tailwind
|move|p1b: Whimsicott|Tailwind|p1b: Whimsicott
|-sidestart|p1: 1TarsierFan|move: Tailwind
|move|p2a: Garchomp|Dragon Claw|p1a: Kingambit
|-resisted|p1a: Kingambit|1
|-damage|p1a: Kingambit|81/100
|
|upkeep
|turn|2
|
|t:|1782496491
|switch|p2b: Charizard|Charizard, L50, F|100/100
|move|p1b: Whimsicott|Moonblast|p2a: Garchomp
|-supereffective|p2a: Garchomp|1
|-damage|p2a: Garchomp|32/100
|move|p2a: Garchomp|Stomping Tantrum|p1a: Kingambit
|-supereffective|p1a: Kingambit|1
|-damage|p1a: Kingambit|1/100
|move|p1a: Kingambit|Iron Head|p2b: Charizard
|-resisted|p2b: Charizard|1
|-damage|p2b: Charizard|74/100
|
|upkeep
|turn|3
|inactive|1TarsierFan has 30 seconds left.
|
|t:|1782496521
|switch|p2a: Whimsicott|Whimsicott, L50, M|100/100
|detailschange|p2b: Charizard|Charizard-Mega-Y, L50, F
|-mega|p2b: Charizard|Charizard|Charizardite Y
|-weather|SunnyDay|[from] ability: Drought|[of] p2b: Charizard
|move|p1a: Kingambit|Sucker Punch||[still]
|-fail|p1a: Kingambit
|move|p1b: Whimsicott|Moonblast|p2a: Whimsicott
|-damage|p2a: Whimsicott|54/100
|move|p2b: Charizard|Heat Wave|p1a: Kingambit|[spread] p1a,p1b
|-supereffective|p1a: Kingambit|1
|-supereffective|p1b: Whimsicott|1
|-damage|p1a: Kingambit|0 fnt
|-enditem|p1b: Whimsicott|Focus Sash
|-damage|p1b: Whimsicott|1/100
|faint|p1a: Kingambit
|
|-weather|SunnyDay|[upkeep]
|upkeep
|
|t:|1782496544
|switch|p1a: Charizard|Charizard, L50, F|100/100
|turn|4
|
|t:|1782496561
|switch|p2a: Garchomp|Garchomp, L50, M|32/100
|detailschange|p1a: Charizard|Charizard-Mega-Y, L50, F
|-mega|p1a: Charizard|Charizard|Charizardite Y
|move|p1b: Whimsicott|Protect|p1b: Whimsicott
|-singleturn|p1b: Whimsicott|Protect
|move|p1a: Charizard|Heat Wave|p2a: Garchomp|[spread] p2b
|-miss|p1a: Charizard|p2a: Garchomp
|-resisted|p2b: Charizard|1
|-damage|p2b: Charizard|45/100
|move|p2b: Charizard|Heat Wave|p1b: Whimsicott|[spread] p1a
|-activate|p1b: Whimsicott|move: Protect
|-resisted|p1a: Charizard|1
|-damage|p1a: Charizard|72/100
|
|-weather|SunnyDay|[upkeep]
|-sideend|p2: pechugadepollico|move: Tailwind
|-sideend|p1: 1TarsierFan|move: Tailwind
|upkeep
|turn|5
|inactive|1TarsierFan has 30 seconds left.
|
|t:|1782496589
|move|p1b: Whimsicott|Tailwind|p1b: Whimsicott
|-sidestart|p1: 1TarsierFan|move: Tailwind
|move|p1a: Charizard|Heat Wave|p2a: Garchomp|[spread] p2a,p2b
|-resisted|p2a: Garchomp|1
|-resisted|p2b: Charizard|1
|-damage|p2a: Garchomp|4/100
|-damage|p2b: Charizard|16/100
|move|p2a: Garchomp|Rock Slide|p1b: Whimsicott|[spread] 
|-miss|p2a: Garchomp|p1a: Charizard
|-miss|p2a: Garchomp|p1b: Whimsicott
|move|p2b: Charizard|Heat Wave|p1b: Whimsicott|[spread] p1a,p1b
|-resisted|p1a: Charizard|1
|-supereffective|p1b: Whimsicott|1
|-damage|p1a: Charizard|41/100
|-damage|p1b: Whimsicott|0 fnt
|faint|p1b: Whimsicott
|
|-weather|SunnyDay|[upkeep]
|upkeep
|
|t:|1782496604
|switch|p1b: Garchomp|Garchomp, L50, M|100/100
|turn|6
|inactive|pechugadepollico has 30 seconds left.
|inactive|pechugadepollico has 20 seconds left.
|inactive|pechugadepollico has 15 seconds left.
|
|t:|1782496645
|move|p2a: Garchomp|Protect|p2a: Garchomp
|-singleturn|p2a: Garchomp|Protect
|move|p1b: Garchomp|Rock Slide|p2a: Garchomp|[spread] p2b
|-activate|p2a: Garchomp|move: Protect
|-supereffective|p2b: Charizard|2
|-damage|p2b: Charizard|0 fnt
|faint|p2b: Charizard
|move|p1a: Charizard|Heat Wave|p2a: Garchomp
|-activate|p2a: Garchomp|move: Protect
|
|-weather|SunnyDay|[upkeep]
|upkeep
|
|t:|1782496648
|switch|p2b: Whimsicott|Whimsicott, L50, M|54/100
|turn|7
|
|t:|1782496671
|move|p2b: Whimsicott|Tailwind|p2b: Whimsicott
|-sidestart|p2: pechugadepollico|move: Tailwind
|move|p1b: Garchomp|Dragon Claw|p2a: Garchomp
|-supereffective|p2a: Garchomp|1
|-damage|p2a: Garchomp|0 fnt
|-damage|p1b: Garchomp|87/100|[from] ability: Rough Skin|[of] p2a: Garchomp
|faint|p2a: Garchomp
|move|p1a: Charizard|Weather Ball|p2b: Whimsicott
|-supereffective|p2b: Whimsicott|1
|-damage|p2b: Whimsicott|0 fnt
|faint|p2b: Whimsicott
|
|-weather|none
|upkeep
|
|t:|1782496676
|switch|p2b: Gholdengo|Gholdengo, L50|100/100
|turn|8
|
|t:|1782496686
|move|p1b: Garchomp|Earthquake|p2b: Gholdengo|[spread] p2b
|-immune|p1a: Charizard
|-supereffective|p2b: Gholdengo|1
|-damage|p2b: Gholdengo|23/100
|move|p1a: Charizard|Heat Wave|p2b: Gholdengo
|-supereffective|p2b: Gholdengo|1
|-damage|p2b: Gholdengo|0 fnt
|faint|p2b: Gholdengo
|
|win|1TarsierFan
|raw|1TarsierFan's rating: 1188 → 1211(+23 for winning)
|raw|pechugadepollico's rating: 1156 → 1133(-23 for losing)
|l|☆pechugadepollico
|player|p2|
