|j|Ōśåbabysha
|j|ŌśåTopPlains
|html|babyshaTopPlains    
|uhtml|bestof|Game 3 of a best-of-3
|t:|1784029530
|gametype|doubles
|player|p1|babysha|102|1148
|player|p2|TopPlains|benga|1045
|gen|9
|tier|[Gen 9 Champions] VGC 2026 Reg M-B (Bo3)
|rated|
|rule|Species Clause: Limit one of each Pok├®mon
|rule|Item Clause: Limit 1 of each item
|clearpoke
|poke|p1|Tyranitar, L50, F|
|poke|p1|Archaludon, L50, F|
|poke|p1|Sinistcha, L50|
|poke|p1|Rotom-Wash, L50|
|poke|p1|Sneasler, L50, M|
|poke|p1|Pelipper, L50, F|
|poke|p2|Sneasler, L50, M|
|poke|p2|Sinistcha, L50|
|poke|p2|Incineroar, L50, F|
|poke|p2|Kingambit, L50, M|
|poke|p2|Delphox, L50, M|
|poke|p2|Blastoise, L50, F|
|teampreview|4
|showteam|p1|Tyranitar||Tyranitarite|SandStream|DragonDance,RockSlide,KnockOff,Protect|Jolly||F|||50|]Archaludon||ShucaBerry|Stamina|ElectroShot,FlashCannon,DragonPulse,Protect|Timid||F|||50|]Sinistcha||CobaBerry|Hospitality|RagePowder,MatchaGotcha,StrengthSap,TrickRoom|Relaxed|||||50|]Rotom-Wash||ChoiceScarf|Levitate|Trick,WillOWisp,Thunderbolt,HydroPump|Bold|||||50|]Sneasler||WhiteHerb|Unburden|FakeOut,DireClaw,CloseCombat,Protect|Jolly||M|||50|]Pelipper||FocusSash|Drizzle|Tailwind,Hurricane,WeatherBall,Protect|Modest||F|||50|
|showteam|p2|Sneasler||FocusSash|PoisonTouch|CloseCombat,DireClaw,FakeOut,QuickGuard|Jolly||M|||50|]Sinistcha||OccaBerry|Hospitality|MatchaGotcha,RagePowder,TrickRoom,Protect|Bold|||||50|]Incineroar||SitrusBerry|Intimidate|FlareBlitz,DarkestLariat,PartingShot,FakeOut|Careful||F|||50|]Kingambit||BlackGlasses|Defiant|KowtowCleave,SwordsDance,SuckerPunch,Protect|Adamant||M|||50|]Delphox||Delphoxite|Blaze|HeatWave,Psyshock,NastyPlot,Protect|Timid||M|||50|]Blastoise||Blastoisinite|RainDish|WaterSpout,DarkPulse,ShellSmash,Protect|Modest||F|||50|
|inactive|Battle timer is ON: inactive players will automatically lose when time's up. (requested by babysha)
|
|t:|1784029560
|teamsize|p1|4
|teamsize|p2|4
|start
|switch|p1a: Pelipper|Pelipper, L50, F|100/100
|switch|p1b: Archaludon|Archaludon, L50, F|100/100
|switch|p2a: Sneasler|Sneasler, L50, M|100/100
|switch|p2b: Kingambit|Kingambit, L50, M|100/100
|-weather|RainDance|[from] ability: Drizzle|[of] p1a: Pelipper
|turn|1
|
|t:|1784029579
|move|p2a: Sneasler|Fake Out|p1a: Pelipper
|-damage|p1a: Pelipper|81/100
|move|p1b: Archaludon|Electro Shot||[still]
|-prepare|p1b: Archaludon|Electro Shot
|-boost|p1b: Archaludon|spa|1
|-anim|p1b: Archaludon|Electro Shot|p2b: Kingambit
|-damage|p2b: Kingambit|36/100
|cant|p1a: Pelipper|flinch
|move|p2b: Kingambit|Swords Dance|p2b: Kingambit
|-boost|p2b: Kingambit|atk|2
|
|-weather|RainDance|[upkeep]
|upkeep
|turn|2
|
|t:|1784029605
|move|p1b: Archaludon|Protect|p1b: Archaludon
|-singleturn|p1b: Archaludon|Protect
|move|p2b: Kingambit|Sucker Punch||[still]
|-fail|p2b: Kingambit
|move|p2a: Sneasler|Close Combat|p1b: Archaludon
|-activate|p1b: Archaludon|move: Protect
|move|p1a: Pelipper|Tailwind|p1a: Pelipper
|-sidestart|p1: babysha|move: Tailwind
|
|-weather|RainDance|[upkeep]
|upkeep
|turn|3
|
|t:|1784029626
|switch|p1a: Sneasler|Sneasler, L50, M|100/100
|move|p2b: Kingambit|Sucker Punch||[still]
|-fail|p2b: Kingambit
|move|p1b: Archaludon|Electro Shot||[still]
|-prepare|p1b: Archaludon|Electro Shot
|-boost|p1b: Archaludon|spa|1
|-anim|p1b: Archaludon|Electro Shot|p2a: Sneasler
|-enditem|p2a: Sneasler|Focus Sash
|-damage|p2a: Sneasler|1/100
|move|p2a: Sneasler|Close Combat|p1b: Archaludon
|-supereffective|p1b: Archaludon|1
|-damage|p1b: Archaludon|0 fnt
|-unboost|p2a: Sneasler|def|1
|-unboost|p2a: Sneasler|spd|1
|faint|p1b: Archaludon
|
|-weather|RainDance|[upkeep]
|upkeep
|c|Ōśåbabysha|dang
|c|Ōśåbabysha|i need more def
|inactive|babysha has 30 seconds left.
|c|ŌśåTopPlains|if you're timid
|
|t:|1784029652
|switch|p1b: Tyranitar|Tyranitar, L50, F|100/100
|-weather|Sandstorm|[from] ability: Sand Stream|[of] p1b: Tyranitar
|turn|4
|
|t:|1784029677
|switch|p2a: Sinistcha|Sinistcha, L50|100/100
|-heal|p2b: Kingambit|60/100|[from] ability: Hospitality|[of] p2a: Sinistcha
|detailschange|p1b: Tyranitar|Tyranitar-Mega, L50, F
|-mega|p1b: Tyranitar|Tyranitar|Tyranitarite
|move|p2b: Kingambit|Protect|p2b: Kingambit
|-singleturn|p2b: Kingambit|Protect
|move|p1a: Sneasler|Close Combat|p2b: Kingambit
|-activate|p2b: Kingambit|move: Protect
|move|p1b: Tyranitar|Dragon Dance|p1b: Tyranitar
|-boost|p1b: Tyranitar|atk|1
|-boost|p1b: Tyranitar|spe|1
|
|-weather|Sandstorm|[upkeep]
|-damage|p1a: Sneasler|94/100|[from] Sandstorm
|-damage|p2a: Sinistcha|93/100|[from] Sandstorm
|upkeep
|turn|5
|c|ŌśåTopPlains|you lose in def
|inactive|babysha has 30 seconds left.
|
|t:|1784029707
|move|p2a: Sinistcha|Rage Powder|p2a: Sinistcha
|-singleturn|p2a: Sinistcha|move: Rage Powder
|move|p1b: Tyranitar|Knock Off|p2a: Sinistcha
|-supereffective|p2a: Sinistcha|1
|-damage|p2a: Sinistcha|0 fnt
|-enditem|p2a: Sinistcha|Occa Berry|[from] move: Knock Off|[of] p1b: Tyranitar
|faint|p2a: Sinistcha
|move|p1a: Sneasler|Close Combat|p2b: Kingambit
|-supereffective|p2b: Kingambit|2
|-damage|p2b: Kingambit|0 fnt
|-unboost|p1a: Sneasler|def|1
|-unboost|p1a: Sneasler|spd|1
|faint|p2b: Kingambit
|-enditem|p1a: Sneasler|White Herb
|-clearnegativeboost|p1a: Sneasler|[silent]
|
|-weather|Sandstorm|[upkeep]
|-damage|p1a: Sneasler|88/100|[from] Sandstorm
|-sideend|p1: babysha|move: Tailwind
|upkeep
|
|t:|1784029715
|switch|p2a: Blastoise|Blastoise, L50, F|100/100
|switch|p2b: Sneasler|Sneasler, L50, M|1/100
|turn|6
|c|Ōśåbabysha|gg
|c|Ōśåbabysha|o nvm
|c|Ōśåbabysha|imm high
|inactive|babysha has 30 seconds left.
|
|t:|1784029747
|detailschange|p2a: Blastoise|Blastoise-Mega, L50, F
|-mega|p2a: Blastoise|Blastoise|Blastoisinite
|move|p2b: Sneasler|Fake Out|p1a: Sneasler
|-damage|p1a: Sneasler|63/100
|cant|p1a: Sneasler|flinch
|move|p1b: Tyranitar|Rock Slide|p2b: Sneasler|[spread] p2a,p2b
|-resisted|p2b: Sneasler|1
|-damage|p2a: Blastoise|53/100
|-damage|p2b: Sneasler|0 fnt
|faint|p2b: Sneasler
|move|p2a: Blastoise|Shell Smash|p2a: Blastoise
|-unboost|p2a: Blastoise|def|1
|-unboost|p2a: Blastoise|spd|1
|-boost|p2a: Blastoise|atk|2
|-boost|p2a: Blastoise|spa|2
|-boost|p2a: Blastoise|spe|2
|
|-weather|Sandstorm|[upkeep]
|-damage|p1a: Sneasler|57/100|[from] Sandstorm
|-damage|p2a: Blastoise|47/100|[from] Sandstorm
|upkeep
|turn|7
|
|t:|1784029768
|move|p1a: Sneasler|Close Combat|p2a: Blastoise
|-damage|p2a: Blastoise|0 fnt
|-unboost|p1a: Sneasler|def|1
|-unboost|p1a: Sneasler|spd|1
|faint|p2a: Blastoise
|
|win|babysha
|raw|babysha's rating: 1148 → 1166(+18 for winning)
|raw|TopPlains's rating: 1045 → 1033(-12 for losing)
|c|ŌśåTopPlains|ggs
|c|Ōśåbabysha|g
|c|Ōśåbabysha|gg
