|j|☆satandagiii2005
|j|‽tavinn_n
|html|satandagiii2005tavinn_n    
|uhtml|bestof|Game 2 of a best-of-3
|t:|1783104882
|gametype|doubles
|player|p1|satandagiii2005|byron|1094
|player|p2|tavinn_n|ghetsis|1148
|gen|9
|tier|[Gen 9 Champions] VGC 2026 Reg M-B (Bo3)
|rated|
|rule|Species Clause: Limit one of each Pokémon
|rule|Item Clause: Limit 1 of each item
|clearpoke
|poke|p1|Venusaur, L50, F|
|poke|p1|Swampert, L50, F|
|poke|p1|Pelipper, L50, F|
|poke|p1|Archaludon, L50, M|
|poke|p1|Maushold, L50|
|poke|p1|Gholdengo, L50|
|poke|p2|Kingambit, L50, F|
|poke|p2|Whimsicott, L50, M|
|poke|p2|Basculegion, L50, M|
|poke|p2|Garchomp, L50, M|
|poke|p2|Charizard, L50, M|
|poke|p2|Sylveon, L50, F|
|teampreview|4
|showteam|p1|Venusaur||Venusaurite|Overgrow|SludgeBomb,EarthPower,GigaDrain,Protect|Modest||F|||50|]Swampert||Swampertite|Torrent|WaveCrash,Earthquake,IcePunch,Protect|Adamant||F|||50|]Pelipper||SitrusBerry|Drizzle|Hurricane,WeatherBall,Tailwind,WideGuard|Modest||F|||50|]Archaludon||Leftovers|Stamina|ElectroShot,DragonPulse,FlashCannon,Protect|Modest||M|||50|]Maushold||FocusSash|FriendGuard|FollowMe,SuperFang,RainDance,Protect|Jolly|||||50|]Gholdengo||LifeOrb|GoodasGold|MakeItRain,ShadowBall,PowerGem,Protect|Timid|||||50|
|showteam|p2|Kingambit||BlackGlasses|Defiant|KowtowCleave,SuckerPunch,IronHead,Protect|Adamant||F|||50|]Whimsicott||FocusSash|Prankster|Moonblast,Tailwind,Encore,Protect|Timid||M|||50|]Basculegion||MysticWater|Adaptability|WaveCrash,LastRespects,AquaJet,Protect|Adamant||M|||50|]Garchomp||LifeOrb|RoughSkin|DragonClaw,RockSlide,Earthquake,Protect|Jolly||M|||50|]Charizard||CharizarditeY|Blaze|WeatherBall,HeatWave,SolarBeam,Protect|Modest||M|||50|]Sylveon||FairyFeather|Pixilate|Protect,Moonblast,HyperVoice,CalmMind|Modest||F|||50|
|inactive|Battle timer is ON: inactive players will automatically lose when time's up. (requested by tavinn_n)
|
|t:|1783104909
|teamsize|p1|4
|teamsize|p2|4
|start
|switch|p1a: Maushold|Maushold, L50|100/100
|switch|p1b: Venusaur|Venusaur, L50, F|100/100
|switch|p2a: Charizard|Charizard, L50, M|100/100
|switch|p2b: Basculegion|Basculegion, L50, M|100/100
|turn|1
|
|t:|1783104930
|detailschange|p2a: Charizard|Charizard-Mega-Y, L50, M
|-mega|p2a: Charizard|Charizard|Charizardite Y
|-weather|SunnyDay|[from] ability: Drought|[of] p2a: Charizard
|move|p1a: Maushold|Follow Me|p1a: Maushold
|-singleturn|p1a: Maushold|move: Follow Me
|move|p2a: Charizard|Heat Wave|p1b: Venusaur|[spread] p1a,p1b
|-supereffective|p1b: Venusaur|1
|-damage|p1a: Maushold|25/100
|-damage|p1b: Venusaur|21/100
|move|p1b: Venusaur|Giga Drain|p2b: Basculegion
|-supereffective|p2b: Basculegion|1
|-damage|p2b: Basculegion|1/100
|-heal|p1b: Venusaur|80/100|[from] drain|[of] p2b: Basculegion
|move|p2b: Basculegion|Wave Crash|p1a: Maushold
|-damage|p1a: Maushold|0 fnt
|faint|p1a: Maushold
|-damage|p2b: Basculegion|0 fnt|[from] Recoil
|faint|p2b: Basculegion
|
|-weather|SunnyDay|[upkeep]
|upkeep
|
|t:|1783104947
|switch|p1a: Pelipper|Pelipper, L50, F|100/100
|switch|p2b: Garchomp|Garchomp, L50, M|100/100
|-weather|RainDance|[from] ability: Drizzle|[of] p1a: Pelipper
|turn|2
|
|t:|1783104967
|switch|p2a: Whimsicott|Whimsicott, L50, M|100/100
|detailschange|p1b: Venusaur|Venusaur-Mega, L50, F
|-mega|p1b: Venusaur|Venusaur|Venusaurite
|move|p2b: Garchomp|Protect|p2b: Garchomp
|-singleturn|p2b: Garchomp|Protect
|move|p1b: Venusaur|Giga Drain|p2b: Garchomp
|-activate|p2b: Garchomp|move: Protect
|move|p1a: Pelipper|Tailwind|p1a: Pelipper
|-sidestart|p1: satandagiii2005|move: Tailwind
|
|-weather|RainDance|[upkeep]
|upkeep
|turn|3
|
|t:|1783104987
|move|p2a: Whimsicott|Encore|p1b: Venusaur
|-start|p1b: Venusaur|Encore
|move|p1b: Venusaur|Giga Drain|p2a: Whimsicott
|-resisted|p2a: Whimsicott|1
|-damage|p2a: Whimsicott|66/100
|-heal|p1b: Venusaur|94/100|[from] drain|[of] p2a: Whimsicott
|move|p1a: Pelipper|Weather Ball|p2a: Whimsicott
|-resisted|p2a: Whimsicott|1
|-crit|p2a: Whimsicott
|-damage|p2a: Whimsicott|1/100
|move|p2b: Garchomp|Rock Slide|p1a: Pelipper|[spread] p1a,p1b
|-supereffective|p1a: Pelipper|1
|-damage|p1a: Pelipper|46/100
|-damage|p1b: Venusaur|72/100
|-enditem|p1a: Pelipper|Sitrus Berry|[eat]
|-heal|p1a: Pelipper|71/100|[from] item: Sitrus Berry
|-damage|p2b: Garchomp|90/100|[from] item: Life Orb
|
|-weather|RainDance|[upkeep]
|upkeep
|turn|4
|
|t:|1783105011
|switch|p2b: Charizard|Charizard-Mega-Y, L50, M|100/100
|-weather|SunnyDay|[from] ability: Drought|[of] p2b: Charizard
|move|p2a: Whimsicott|Tailwind|p2a: Whimsicott
|-sidestart|p2: tavinn_n|move: Tailwind
|move|p1b: Venusaur|Giga Drain|p2b: Charizard
|-resisted|p2b: Charizard|2
|-damage|p2b: Charizard|92/100
|-heal|p1b: Venusaur|76/100|[from] drain|[of] p2b: Charizard
|move|p1a: Pelipper|Hurricane|p2a: Whimsicott
|-supereffective|p2a: Whimsicott|1
|-damage|p2a: Whimsicott|0 fnt
|faint|p2a: Whimsicott
|
|-weather|SunnyDay|[upkeep]
|upkeep
|
|t:|1783105022
|switch|p2a: Garchomp|Garchomp, L50, M|90/100
|turn|5
|
|t:|1783105058
|switch|p1a: Gholdengo|Gholdengo, L50|100/100
|move|p2a: Garchomp|Rock Slide|p1b: Venusaur|[spread] p1b
|-miss|p2a: Garchomp|p1a: Gholdengo
|-damage|p1b: Venusaur|54/100
|-damage|p2a: Garchomp|80/100|[from] item: Life Orb
|move|p2b: Charizard|Weather Ball|p1b: Venusaur
|-supereffective|p1b: Venusaur|1
|-damage|p1b: Venusaur|0 fnt
|faint|p1b: Venusaur
|
|-weather|SunnyDay|[upkeep]
|-sideend|p1: satandagiii2005|move: Tailwind
|upkeep
|
|t:|1783105070
|switch|p1b: Pelipper|Pelipper, L50, F|71/100
|-weather|RainDance|[from] ability: Drizzle|[of] p1b: Pelipper
|turn|6
|
|t:|1783105077
|move|p1a: Gholdengo|Protect|p1a: Gholdengo
|-singleturn|p1a: Gholdengo|Protect
|move|p2a: Garchomp|Earthquake|p1b: Pelipper|[spread] 
|-activate|p1a: Gholdengo|move: Protect
|-immune|p2b: Charizard
|-immune|p1b: Pelipper
|move|p2b: Charizard|Heat Wave|p1a: Gholdengo|[spread] p1b
|-activate|p1a: Gholdengo|move: Protect
|-resisted|p1b: Pelipper|1
|-damage|p1b: Pelipper|60/100
|move|p1b: Pelipper|Weather Ball|p2a: Garchomp
|-damage|p2a: Garchomp|20/100r
|
|-weather|RainDance|[upkeep]
|upkeep
|turn|7
|
|t:|1783105102
|move|p1b: Pelipper|Wide Guard|p1b: Pelipper
|-singleturn|p1b: Pelipper|Wide Guard
|move|p2a: Garchomp|Dragon Claw|p1b: Pelipper
|-damage|p1b: Pelipper|0 fnt
|faint|p1b: Pelipper
|-damage|p2a: Garchomp|10/100|[from] item: Life Orb
|move|p2b: Charizard|Weather Ball|p1a: Gholdengo
|-damage|p1a: Gholdengo|34/100
|move|p1a: Gholdengo|Power Gem|p2b: Charizard
|-supereffective|p2b: Charizard|2
|-damage|p2b: Charizard|0 fnt
|faint|p2b: Charizard
|-damage|p1a: Gholdengo|25/100|[from] item: Life Orb
|
|-weather|RainDance|[upkeep]
|-sideend|p2: tavinn_n|move: Tailwind
|upkeep
|turn|8
|inactive|satandagiii2005 has 30 seconds left.
|
|t:|1783105128
|move|p2a: Garchomp|Earthquake|p1a: Gholdengo
|-supereffective|p1a: Gholdengo|1
|-damage|p1a: Gholdengo|0 fnt
|faint|p1a: Gholdengo
|-damage|p2a: Garchomp|1/100|[from] item: Life Orb
|
|win|tavinn_n
|raw|satandagiii2005's rating: 1094 → 1074(-20 for losing)
|raw|tavinn_n's rating: 1148 → 1169(+21 for winning)
|l|‽tavinn_n
|player|p2|
|c|☆satandagiii2005|gg
