|j|☆TicklemyStaraptor
|j|☆fashoooo
|html|TicklemyStaraptorfashoooo    
|uhtml|bestof|Game 1 of a best-of-3
|t:|1785085485
|gametype|doubles
|player|p1|TicklemyStaraptor|sisandbro|1116
|player|p2|fashoooo|265|1019
|gen|9
|tier|[Gen 9 Champions] VGC 2026 Reg M-B (Bo3)
|rated|
|rule|Species Clause: Limit one of each Pokémon
|rule|Item Clause: Limit 1 of each item
|clearpoke
|poke|p1|Milotic, L50, F, shiny|
|poke|p1|Incineroar, L50, M|
|poke|p1|Emboar, L50, M, shiny|
|poke|p1|Torkoal, L50, F, shiny|
|poke|p1|Gallade, L50, M, shiny|
|poke|p1|Scrafty, L50, F, shiny|
|poke|p2|Tyranitar, L50, M|
|poke|p2|Excadrill, L50, F|
|poke|p2|Milotic, L50, F|
|poke|p2|Sinistcha, L50|
|poke|p2|Staraptor, L50, F|
|poke|p2|Gholdengo, L50|
|teampreview|4
|showteam|p1|Milotic||Leftovers|Competitive|Haze,MuddyWater,Coil,Hypnosis|Calm||F|||50|]Incineroar||PasshoBerry|Intimidate|PartingShot,DarkestLariat,FakeOut,FlareBlitz|Adamant||M|||50|]Emboar||Emboarite|Blaze|WildCharge,FlareBlitz,Protect,DrainPunch|Brave||M|||50|]Torkoal||Charcoal|Drought|HeatWave,Eruption,EarthPower,Protect|Modest||F|||50|]Gallade||FocusSash|Sharpness|WideGuard,TrickRoom,PsychoCut,SacredSword|Brave||M|||50|]Scrafty||Scraftinite|Intimidate|FakeOut,CloseCombat,PoisonJab,Crunch|Brave||F|||50|
|showteam|p2|Tyranitar||Tyranitarite|SandStream|KnockOff,RockSlide,HighHorsepower,Protect|Jolly||M|||50|]Excadrill||FocusSash|SandRush|Earthquake,IronHead,RockSlide,Protect|Adamant||F|||50|]Milotic||SitrusBerry|Competitive|Scald,IcyWind,Haze,Protect|Calm||F|||50|]Sinistcha||ColburBerry|Hospitality|MatchaGotcha,ShadowBall,RagePowder,Protect|Bold|||||50|]Staraptor||Staraptite|Intimidate|CloseCombat,BraveBird,Tailwind,Protect|Jolly||F|||50|]Gholdengo||LifeOrb|GoodasGold|MakeItRain,ShadowBall,NastyPlot,Protect|Modest|||||50|
|
|t:|1785085529
|teamsize|p1|4
|teamsize|p2|4
|start
|switch|p1a: Scrafty|Scrafty, L50, F, shiny|100/100
|switch|p1b: Gallade|Gallade, L50, M, shiny|100/100
|switch|p2a: Milotic|Milotic, L50, F|100/100
|switch|p2b: Tyranitar|Tyranitar, L50, M|100/100
|-weather|Sandstorm|[from] ability: Sand Stream|[of] p2b: Tyranitar
|-ability|p1a: Scrafty|Intimidate|boost
|-unboost|p2a: Milotic|atk|1
|-ability|p2a: Milotic|Competitive|boost
|-boost|p2a: Milotic|spa|2
|-unboost|p2b: Tyranitar|atk|1
|turn|1
|l|☆TicklemyStaraptor
|player|p1|
|inactive|Battle timer is ON: inactive players will automatically lose when time's up. (requested by fashoooo)
|inactive|TicklemyStaraptor has 30 seconds to reconnect!
|inactive|TicklemyStaraptor has 20 seconds to reconnect!
|j|☆TicklemyStaraptor
|inactive|TicklemyStaraptor reconnected and has 50 seconds left.
|player|p1|TicklemyStaraptor|sisandbro|
|
|t:|1785085620
|switch|p2b: Staraptor|Staraptor, L50, F|100/100
|-ability|p2b: Staraptor|Intimidate|boost
|-unboost|p1a: Scrafty|atk|1
|-unboost|p1b: Gallade|atk|1
|move|p1a: Scrafty|Fake Out|p2a: Milotic
|-damage|p2a: Milotic|92/100
|cant|p2a: Milotic|flinch
|move|p1b: Gallade|Sacred Sword|p2b: Staraptor
|-crit|p2b: Staraptor
|-damage|p2b: Staraptor|0 fnt
|faint|p2b: Staraptor
|
|-weather|Sandstorm|[upkeep]
|-damage|p2a: Milotic|86/100|[from] Sandstorm
|-damage|p1b: Gallade|94/100|[from] Sandstorm
|-damage|p1a: Scrafty|94/100|[from] Sandstorm
|upkeep
|
|t:|1785085641
|switch|p2b: Excadrill|Excadrill, L50, F|100/100
|turn|2
|
|t:|1785085659
|switch|p1a: Torkoal|Torkoal, L50, F, shiny|100/100
|-weather|SunnyDay|[from] ability: Drought|[of] p1a: Torkoal
|move|p2b: Excadrill|Rock Slide|p1a: Torkoal|[spread] p1a
|-miss|p2b: Excadrill|p1b: Gallade
|-supereffective|p1a: Torkoal|1
|-damage|p1a: Torkoal|67/100
|move|p2a: Milotic|Scald|p1b: Gallade
|-damage|p1b: Gallade|68/100
|move|p1b: Gallade|Trick Room|p1b: Gallade
|-fieldstart|move: Trick Room|[of] p1b: Gallade
|
|-weather|SunnyDay|[upkeep]
|upkeep
|turn|3
|
|t:|1785085678
|switch|p2b: Tyranitar|Tyranitar, L50, M|100/100
|-weather|Sandstorm|[from] ability: Sand Stream|[of] p2b: Tyranitar
|move|p1a: Torkoal|Heat Wave|p2b: Tyranitar|[spread] p2a,p2b
|-resisted|p2a: Milotic|1
|-resisted|p2b: Tyranitar|1
|-damage|p2a: Milotic|75/100
|-damage|p2b: Tyranitar|89/100
|-status|p2b: Tyranitar|brn
|move|p1b: Gallade|Sacred Sword|p2a: Milotic
|-damage|p2a: Milotic|26/100
|-enditem|p2a: Milotic|Sitrus Berry|[eat]
|-heal|p2a: Milotic|51/100|[from] item: Sitrus Berry
|move|p2a: Milotic|Scald|p1a: Torkoal
|-supereffective|p1a: Torkoal|1
|-damage|p1a: Torkoal|0 fnt
|faint|p1a: Torkoal
|
|-weather|Sandstorm|[upkeep]
|-damage|p1b: Gallade|62/100|[from] Sandstorm
|-damage|p2a: Milotic|45/100|[from] Sandstorm
|-damage|p2b: Tyranitar|82/100 brn|[from] brn
|upkeep
|
|t:|1785085697
|switch|p1a: Scrafty|Scrafty, L50, F, shiny|94/100
|-ability|p1a: Scrafty|Intimidate|boost
|-unboost|p2a: Milotic|atk|1
|-ability|p2a: Milotic|Competitive|boost
|-boost|p2a: Milotic|spa|2
|-unboost|p2b: Tyranitar|atk|1
|turn|4
|inactive|fashoooo has 30 seconds left.
|
|t:|1785085724
|detailschange|p2b: Tyranitar|Tyranitar-Mega, L50, M
|-mega|p2b: Tyranitar|Tyranitar|Tyranitarite
|move|p2a: Milotic|Protect|p2a: Milotic
|-singleturn|p2a: Milotic|Protect
|move|p1a: Scrafty|Fake Out|p2a: Milotic
|-activate|p2a: Milotic|move: Protect
|move|p1b: Gallade|Sacred Sword|p2b: Tyranitar
|-supereffective|p2b: Tyranitar|2
|-damage|p2b: Tyranitar|0 fnt
|faint|p2b: Tyranitar
|
|-weather|Sandstorm|[upkeep]
|-damage|p1a: Scrafty|88/100|[from] Sandstorm
|-damage|p1b: Gallade|56/100|[from] Sandstorm
|-damage|p2a: Milotic|39/100|[from] Sandstorm
|upkeep
|
|t:|1785085734
|switch|p2b: Excadrill|Excadrill, L50, F|100/100
|turn|5
|
|t:|1785085742
|detailschange|p1a: Scrafty|Scrafty-Mega, L50, F, shiny
|-mega|p1a: Scrafty|Scrafty|Scraftinite
|-ability|p1a: Scrafty|Intimidate|boost
|-unboost|p2a: Milotic|atk|1
|-ability|p2a: Milotic|Competitive|boost
|-boost|p2a: Milotic|spa|2
|-unboost|p2b: Excadrill|atk|1
|move|p1a: Scrafty|Close Combat|p2b: Excadrill
|-supereffective|p2b: Excadrill|1
|-enditem|p2b: Excadrill|Focus Sash
|-damage|p2b: Excadrill|1/100
|-unboost|p1a: Scrafty|def|1
|-unboost|p1a: Scrafty|spd|1
|move|p1b: Gallade|Sacred Sword|p2a: Milotic
|-damage|p2a: Milotic|0 fnt
|faint|p2a: Milotic
|move|p2b: Excadrill|Rock Slide|p1a: Scrafty|[spread] p1a,p1b
|-resisted|p1a: Scrafty|1
|-resisted|p1b: Gallade|1
|-damage|p1a: Scrafty|79/100
|-damage|p1b: Gallade|46/100
|
|-weather|Sandstorm|[upkeep]
|-damage|p1a: Scrafty|73/100|[from] Sandstorm
|-damage|p1b: Gallade|41/100|[from] Sandstorm
|upkeep
|turn|6
|-message|fashoooo forfeited.
|
|win|TicklemyStaraptor
