|j|☆noahguyvgc
|j|☆glofer
|html|noahguyvgcglofer    
|uhtml|bestof|Game 2 of a best-of-3
|t:|1783443744
|gametype|doubles
|player|p1|noahguyvgc|roxie|1208
|player|p2|glofer|blackbelt|1140
|gen|9
|tier|[Gen 9 Champions] VGC 2026 Reg M-B (Bo3)
|rated|
|rule|Species Clause: Limit one of each Pokémon
|rule|Item Clause: Limit 1 of each item
|clearpoke
|poke|p1|Whimsicott, L50, M, shiny|
|poke|p1|Froslass, L50, F, shiny|
|poke|p1|Sneasler, L50, M, shiny|
|poke|p1|Ditto, L50, shiny|
|poke|p1|Kleavor, L50, F|
|poke|p1|Charizard, L50, F, shiny|
|poke|p2|Lopunny, L50, F|
|poke|p2|Farigiraf, L50, F|
|poke|p2|Snorlax, L50, M|
|poke|p2|Drampa, L50, F|
|poke|p2|Maushold-Four, L50|
|poke|p2|Kangaskhan, L50, F|
|teampreview|4
|showteam|p1|Whimsicott||LifeOrb|Prankster|Tailwind,Moonblast,EnergyBall,Protect|Timid||M|||50|]Froslass||Froslassite|CursedBody|Blizzard,ShadowBall,Thunderbolt,Protect|Modest||F|||50|]Sneasler||WhiteHerb|Unburden|FakeOut,DireClaw,CloseCombat,Protect|Jolly||M|||50|]Ditto||ChoiceScarf|Imposter|Transform|Timid|||||50|]Kleavor||FocusSash|Sharpness|StoneAxe,CloseCombat,Feint,Protect|Jolly||F|||50|]Charizard||CharizarditeY|SolarPower|HeatWave,WeatherBall,SolarBeam,Protect|Modest||F|||50|
|showteam|p2|Lopunny||Lopunnite|Limber|CloseCombat,MachPunch,SwordsDance,FakeOut|Jolly||F|||50|]Farigiraf||SitrusBerry|ArmorTail|TwinBeam,HyperVoice,CalmMind,TrickRoom|Quiet||F|||50|]Snorlax||ChestoBerry|ThickFat|BodySlam,RockSlide,BellyDrum,Rest|Sassy||M|||50|]Drampa||LifeOrb|CloudNine|HyperBeam,DracoMeteor,Snarl,Protect|Modest||F|||50|]Maushold-Four||WideLens|FriendGuard|PopulationBomb,Encore,Taunt,Protect|Jolly|||||50|]Kangaskhan||Kangaskhanite|InnerFocus|DoubleEdge,SuckerPunch,Earthquake,Protect|Adamant||F|||50|
|inactive|Battle timer is ON: inactive players will automatically lose when time's up. (requested by noahguyvgc)
|
|t:|1783443764
|teamsize|p1|4
|teamsize|p2|4
|start
|switch|p1a: Lotus|Whimsicott, L50, M, shiny|100/100
|switch|p1b: Froslass|Froslass, L50, F, shiny|100/100
|switch|p2a: Lopunny|Lopunny, L50, F|100/100
|switch|p2b: Maushold|Maushold-Four, L50|100/100
|turn|1
|
|t:|1783443782
|detailschange|p2a: Lopunny|Lopunny-Mega, L50, F
|-mega|p2a: Lopunny|Lopunny|Lopunnite
|move|p1b: Froslass|Protect|p1b: Froslass
|-singleturn|p1b: Froslass|Protect
|move|p2a: Lopunny|Fake Out|p1a: Lotus
|-damage|p1a: Lotus|73/100
|cant|p1a: Lotus|flinch
|move|p2b: Maushold|Population Bomb|p1a: Lotus
|-damage|p1a: Lotus|63/100
|-damage|p1a: Lotus|54/100
|-damage|p1a: Lotus|44/100
|-damage|p1a: Lotus|35/100
|-damage|p1a: Lotus|25/100
|-damage|p1a: Lotus|15/100
|-damage|p1a: Lotus|5/100
|-damage|p1a: Lotus|0 fnt
|faint|p1a: Lotus
|-hitcount|p1: Lotus|8
|
|upkeep
|
|t:|1783443789
|switch|p1a: Ditto|Ditto, L50, shiny|100/100
|-transform|p1a: Ditto|p2b: Maushold|[from] ability: Imposter
|turn|2
|
|t:|1783443818
|detailschange|p1b: Froslass|Froslass-Mega, L50, F, shiny
|-mega|p1b: Froslass|Froslass|Froslassite
|-weather|Snowscape|[from] ability: Snow Warning|[of] p1b: Froslass
|move|p1a: Ditto|Encore|p2a: Lopunny
|-start|p2a: Lopunny|Encore
|move|p2a: Lopunny|Fake Out||[still]
|-hint|Fake Out only works on your first turn out.
|-fail|p2a: Lopunny
|move|p2b: Maushold|Population Bomb|p1a: Ditto
|-damage|p1a: Ditto|88/100
|-damage|p1a: Ditto|76/100
|-damage|p1a: Ditto|64/100
|-damage|p1a: Ditto|52/100
|-damage|p1a: Ditto|40/100
|-damage|p1a: Ditto|28/100
|-damage|p1a: Ditto|18/100
|-damage|p1a: Ditto|6/100
|-damage|p1a: Ditto|0 fnt
|faint|p1a: Ditto
|-hitcount|p1: Ditto|9
|move|p1b: Froslass|Blizzard|p2b: Maushold|[spread] p2a,p2b
|-damage|p2a: Lopunny|59/100
|-damage|p2b: Maushold|33/100
|
|-weather|Snowscape|[upkeep]
|upkeep
|
|t:|1783443829
|switch|p1a: Kleavor|Kleavor, L50, F|100/100
|turn|3
|
|t:|1783443850
|switch|p2a: Farigiraf|Farigiraf, L50, F|100/100
|move|p1a: Kleavor|Protect|p1a: Kleavor
|-singleturn|p1a: Kleavor|Protect
|move|p2b: Maushold|Population Bomb|p1a: Kleavor
|-activate|p1a: Kleavor|move: Protect
|move|p1b: Froslass|Blizzard|p2b: Maushold|[spread] p2a,p2b
|-damage|p2a: Farigiraf|69/100
|-damage|p2b: Maushold|0 fnt
|faint|p2b: Maushold
|
|-weather|Snowscape|[upkeep]
|upkeep
|
|t:|1783443860
|switch|p2b: Lopunny|Lopunny-Mega, L50, F|59/100
|turn|4
|
|t:|1783443873
|move|p2b: Lopunny|Close Combat|p1a: Kleavor
|-damage|p1a: Kleavor|10/100
|-unboost|p2b: Lopunny|def|1
|-unboost|p2b: Lopunny|spd|1
|move|p1b: Froslass|Blizzard|p2a: Farigiraf|[spread] p2a,p2b
|-damage|p2a: Farigiraf|25/100
|-damage|p2b: Lopunny|0 fnt
|-enditem|p2a: Farigiraf|Sitrus Berry|[eat]
|-heal|p2a: Farigiraf|50/100g|[from] item: Sitrus Berry
|faint|p2b: Lopunny
|move|p1a: Kleavor|Stone Axe|p2a: Farigiraf
|-damage|p2a: Farigiraf|0 fnt
|-sidestart|p2: glofer|move: Stealth Rock
|faint|p2a: Farigiraf
|
|-weather|Snowscape|[upkeep]
|upkeep
|
|t:|1783443881
|switch|p2a: Drampa|Drampa, L50, F|100/100
|-damage|p2a: Drampa|87/100|[from] Stealth Rock
|-ability|p2a: Drampa|Cloud Nine
|turn|5
|
|t:|1783443888
|move|p1b: Froslass|Blizzard|p2a: Drampa
|-supereffective|p2a: Drampa|1
|-damage|p2a: Drampa|0 fnt
|faint|p2a: Drampa
|
|win|noahguyvgc
|raw|noahguyvgc's rating: 1208 → 1228(+20 for winning)
|raw|glofer's rating: 1140 → 1120(-20 for losing)
|l|☆glofer
|player|p2|
