|j|☆Limitl3ssVGC
|j|☆Oriozz
|html|Limitl3ssVGCOriozz    
|uhtml|bestof|Game 2 of a best-of-3
|t:|1783308966
|gametype|doubles
|player|p1|Limitl3ssVGC|swimmerf-gen4|1000
|player|p2|Oriozz|1|1087
|gen|9
|tier|[Gen 9 Champions] VGC 2026 Reg M-B (Bo3)
|rated|
|rule|Species Clause: Limit one of each Pokémon
|rule|Item Clause: Limit 1 of each item
|clearpoke
|poke|p1|Hydreigon, L50, F|
|poke|p1|Garchomp, L50, M|
|poke|p1|Metagross, L50|
|poke|p1|Charizard, L50, M|
|poke|p1|Grimmsnarl, L50, M|
|poke|p1|Toxapex, L50, M|
|poke|p2|Kingambit, L50, F|
|poke|p2|Floette-Eternal, L50, F|
|poke|p2|Sneasler, L50, F|
|poke|p2|Incineroar, L50, M|
|poke|p2|Garchomp, L50, F|
|poke|p2|Sinistcha, L50|
|teampreview|4
|showteam|p1|Hydreigon||ChoiceScarf|Levitate|HeatWave,DarkPulse,DracoMeteor,Snarl|Modest||F|||50|]Garchomp||SitrusBerry|RoughSkin|Earthquake,RockSlide,DragonClaw,Protect|Adamant||M|||50|]Metagross||Metagrossite|ClearBody|IronHead,HammerArm,BulletPunch,Protect|Adamant|||||50|]Charizard||CharizarditeY|Blaze|Protect,HeatWave,SolarBeam,WeatherBall|Timid||M|||50|]Grimmsnarl||RoseliBerry|Prankster|FakeOut,FoulPlay,Reflect,PartingShot|Sassy||M|||50|]Toxapex||Leftovers|Regenerator|Infestation,Toxic,BanefulBunker,WideGuard|Bold||M|||50|
|showteam|p2|Kingambit||ChopleBerry|Defiant|KowtowCleave,Protect,SuckerPunch,IronHead|Adamant||F|||50|]Floette-Eternal||Floettite|FlowerVeil|DazzlingGleam,DrainingKiss,Protect,CalmMind|Bold||F|||50|]Sneasler||FocusSash|Unburden|FakeOut,DireClaw,CloseCombat,Coaching|Jolly||F|||50|]Incineroar||Leftovers|Intimidate|FakeOut,FlareBlitz,PartingShot,HelpingHand|Careful||M|||50|]Garchomp||Garchompite|RoughSkin|Earthquake,StompingTantrum,RockSlide,Protect|Adamant||F|||50|]Sinistcha||SitrusBerry|Hospitality|Protect,MatchaGotcha,TrickRoom,RagePowder|Bold|||||50|
|
|t:|1783309056
|teamsize|p1|4
|teamsize|p2|4
|start
|switch|p1a: Grimmsnarl|Grimmsnarl, L50, M|100/100
|switch|p1b: Toxapex|Toxapex, L50, M|100/100
|switch|p2a: Garchomp|Garchomp, L50, F|100/100
|switch|p2b: Kingambit|Kingambit, L50, F|100/100
|turn|1
|inactive|Battle timer is ON: inactive players will automatically lose when time's up. (requested by Oriozz)
|
|t:|1783309080
|move|p1a: Grimmsnarl|Fake Out|p2a: Garchomp
|-damage|p2a: Garchomp|88/100
|-damage|p1a: Grimmsnarl|87/100|[from] ability: Rough Skin|[of] p2a: Garchomp
|cant|p2a: Garchomp|flinch
|move|p2b: Kingambit|Iron Head|p1a: Grimmsnarl
|-supereffective|p1a: Grimmsnarl|1
|-damage|p1a: Grimmsnarl|0 fnt
|faint|p1a: Grimmsnarl
|move|p1b: Toxapex|Infestation|p2b: Kingambit
|-damage|p2b: Kingambit|96/100
|-activate|p2b: Kingambit|move: Infestation|[of] p1b: Toxapex
|
|-damage|p2b: Kingambit|84/100|[from] move: Infestation|[partiallytrapped]
|upkeep
|
|t:|1783309102
|switch|p1a: Charizard|Charizard, L50, M|100/100
|turn|2
|inactive|Oriozz has 30 seconds left.
|inactive|Oriozz has 20 seconds left.
|inactive|Oriozz has 15 seconds left.
|
|t:|1783309144
|detailschange|p1a: Charizard|Charizard-Mega-Y, L50, M
|-mega|p1a: Charizard|Charizard|Charizardite Y
|-weather|SunnyDay|[from] ability: Drought|[of] p1a: Charizard
|move|p2b: Kingambit|Protect|p2b: Kingambit
|-singleturn|p2b: Kingambit|Protect
|move|p1b: Toxapex|Wide Guard|p1b: Toxapex
|-singleturn|p1b: Toxapex|Wide Guard
|move|p1a: Charizard|Heat Wave|p2a: Garchomp|[spread] p2a
|-activate|p2b: Kingambit|move: Protect
|-resisted|p2a: Garchomp|1
|-damage|p2a: Garchomp|57/100
|move|p2a: Garchomp|Rock Slide|p1a: Charizard|[spread] 
|-activate|p1a: Charizard|move: Wide Guard
|-activate|p1b: Toxapex|move: Wide Guard
|
|-weather|SunnyDay|[upkeep]
|-damage|p2b: Kingambit|72/100|[from] move: Infestation|[partiallytrapped]
|upkeep
|turn|3
|inactive|Limitl3ssVGC has 30 seconds left.
|
|t:|1783309171
|switch|p1a: Garchomp|Garchomp, L50, M|100/100
|detailschange|p2a: Garchomp|Garchomp-Mega, L50, F
|-mega|p2a: Garchomp|Garchomp|Garchompite
|move|p2b: Kingambit|Sucker Punch||[still]
|-fail|p2b: Kingambit
|move|p2a: Garchomp|Stomping Tantrum|p1b: Toxapex
|-supereffective|p1b: Toxapex|1
|-damage|p1b: Toxapex|31/100
|move|p1b: Toxapex|Toxic|p2a: Garchomp
|-status|p2a: Garchomp|tox
|
|-weather|SunnyDay|[upkeep]
|-heal|p1b: Toxapex|36/100|[from] item: Leftovers
|-damage|p2a: Garchomp|51/100 tox|[from] psn
|-damage|p2b: Kingambit|60/100|[from] move: Infestation|[partiallytrapped]
|upkeep
|turn|4
|inactive|Oriozz has 30 seconds left.
|
|t:|1783309202
|move|p2b: Kingambit|Protect|p2b: Kingambit
|-singleturn|p2b: Kingambit|Protect
|move|p1b: Toxapex|Baneful Bunker|p1b: Toxapex
|-singleturn|p1b: Toxapex|move: Protect
|move|p2a: Garchomp|Earthquake|p1b: Toxapex|[spread] p1a
|-activate|p2b: Kingambit|move: Protect
|-activate|p1b: Toxapex|move: Protect
|-damage|p1a: Garchomp|59/100
|move|p1a: Garchomp|Earthquake|p2a: Garchomp|[spread] p2a
|-activate|p1b: Toxapex|move: Protect
|-activate|p2b: Kingambit|move: Protect
|-crit|p2a: Garchomp
|-damage|p2a: Garchomp|7/100 tox
|
|-weather|SunnyDay|[upkeep]
|-heal|p1b: Toxapex|42/100|[from] item: Leftovers
|-damage|p2a: Garchomp|0 fnt|[from] psn
|faint|p2a: Garchomp
|-damage|p2b: Kingambit|48/100|[from] move: Infestation|[partiallytrapped]
|upkeep
|
|t:|1783309227
|switch|p2a: Sneasler|Sneasler, L50, F|100/100
|turn|5
|inactive|Oriozz has 30 seconds left.
|inactive|Oriozz has 20 seconds left.
|
|t:|1783309266
|-heal|p1b: Toxapex|75/100|[from] ability: Regenerator|[silent]
|switch|p1b: Charizard|Charizard-Mega-Y, L50, M|100/100
|move|p1a: Garchomp|Protect|p1a: Garchomp
|-singleturn|p1a: Garchomp|Protect
|move|p2a: Sneasler|Coaching|p2b: Kingambit
|-boost|p2b: Kingambit|atk|1
|-boost|p2b: Kingambit|def|1
|move|p2b: Kingambit|Kowtow Cleave|p1b: Charizard
|-damage|p1b: Charizard|17/100
|
|-weather|SunnyDay|[upkeep]
|-end|p2b: Kingambit|Infestation|[partiallytrapped]|[silent]
|upkeep
|turn|6
|inactive|Oriozz has 30 seconds left.
|inactive|Oriozz has 20 seconds left.
|inactive|Limitl3ssVGC has 30 seconds left.
|
|t:|1783309306
|move|p2b: Kingambit|Sucker Punch|p1b: Charizard
|-crit|p1b: Charizard
|-damage|p1b: Charizard|0 fnt
|faint|p1b: Charizard
|move|p2a: Sneasler|Close Combat|p1a: Garchomp
|-damage|p1a: Garchomp|3/100
|-unboost|p2a: Sneasler|def|1
|-unboost|p2a: Sneasler|spd|1
|-damage|p2a: Sneasler|87/100|[from] ability: Rough Skin|[of] p1a: Garchomp
|-enditem|p1a: Garchomp|Sitrus Berry|[eat]
|-heal|p1a: Garchomp|28/100|[from] item: Sitrus Berry
|move|p1a: Garchomp|Earthquake|p2b: Kingambit|[spread] p2a,p2b
|-supereffective|p2a: Sneasler|1
|-supereffective|p2b: Kingambit|1
|-damage|p2a: Sneasler|0 fnt
|-damage|p2b: Kingambit|13/100
|faint|p2a: Sneasler
|
|-weather|none
|upkeep
|
|t:|1783309322
|switch|p2a: Incineroar|Incineroar, L50, M|100/100
|switch|p1b: Toxapex|Toxapex, L50, M|75/100
|-ability|p2a: Incineroar|Intimidate|boost
|-unboost|p1a: Garchomp|atk|1
|-unboost|p1b: Toxapex|atk|1
|turn|7
|
|t:|1783309341
|move|p1a: Garchomp|Protect|p1a: Garchomp
|-singleturn|p1a: Garchomp|Protect
|move|p2a: Incineroar|Fake Out|p1b: Toxapex
|-damage|p1b: Toxapex|68/100
|move|p2b: Kingambit|Sucker Punch||[still]
|-fail|p2b: Kingambit
|cant|p1b: Toxapex|flinch
|
|-heal|p1b: Toxapex|74/100|[from] item: Leftovers
|upkeep
|turn|8
|
|t:|1783309363
|move|p2b: Kingambit|Protect|p2b: Kingambit
|-singleturn|p2b: Kingambit|Protect
|move|p1a: Garchomp|Rock Slide|p2a: Incineroar|[spread] 
|-activate|p2b: Kingambit|move: Protect
|-miss|p1a: Garchomp|p2a: Incineroar
|move|p2a: Incineroar|Flare Blitz|p1a: Garchomp
|-resisted|p1a: Garchomp|1
|-damage|p1a: Garchomp|8/100
|-status|p1a: Garchomp|brn
|-damage|p2a: Incineroar|87/100|[from] ability: Rough Skin|[of] p1a: Garchomp
|-damage|p2a: Incineroar|80/100|[from] Recoil
|move|p1b: Toxapex|Infestation|p2b: Kingambit
|-activate|p2b: Kingambit|move: Protect
|
|-heal|p2a: Incineroar|86/100|[from] item: Leftovers
|-heal|p1b: Toxapex|80/100|[from] item: Leftovers
|-damage|p1a: Garchomp|2/100 brn|[from] brn
|upkeep
|turn|9
|inactive|Oriozz has 30 seconds left.
|
|t:|1783309388
|move|p2b: Kingambit|Sucker Punch|p1b: Toxapex
|-damage|p1b: Toxapex|39/100
|move|p1a: Garchomp|Rock Slide|p2a: Incineroar|[spread] p2a,p2b
|-supereffective|p2a: Incineroar|1
|-resisted|p2b: Kingambit|1
|-damage|p2a: Incineroar|75/100
|-damage|p2b: Kingambit|12/100
|move|p2a: Incineroar|Flare Blitz|p1b: Toxapex
|-resisted|p1b: Toxapex|1
|-damage|p1b: Toxapex|24/100
|-damage|p2a: Incineroar|71/100|[from] Recoil
|move|p1b: Toxapex|Infestation|p2b: Kingambit
|-damage|p2b: Kingambit|8/100
|-activate|p2b: Kingambit|move: Infestation|[of] p1b: Toxapex
|
|-heal|p2a: Incineroar|77/100|[from] item: Leftovers
|-heal|p1b: Toxapex|29/100|[from] item: Leftovers
|-damage|p1a: Garchomp|0 fnt|[from] brn
|faint|p1a: Garchomp
|-damage|p2b: Kingambit|0 fnt|[from] move: Infestation|[partiallytrapped]
|faint|p2b: Kingambit
|upkeep
|turn|10
|inactive|Limitl3ssVGC has 30 seconds left.
|
|t:|1783309417
|move|p1b: Toxapex|Baneful Bunker|p1b: Toxapex
|-singleturn|p1b: Toxapex|move: Protect
|move|p2a: Incineroar|Flare Blitz|p1b: Toxapex
|-activate|p1b: Toxapex|move: Protect
|-status|p2a: Incineroar|psn
|
|-heal|p2a: Incineroar|83/100 psn|[from] item: Leftovers
|-heal|p1b: Toxapex|35/100|[from] item: Leftovers
|-damage|p2a: Incineroar|71/100 psn|[from] psn
|upkeep
|turn|11
|
|t:|1783309428
|move|p2a: Incineroar|Flare Blitz|p1b: Toxapex
|-resisted|p1b: Toxapex|1
|-damage|p1b: Toxapex|19/100
|-damage|p2a: Incineroar|66/100 psn|[from] Recoil
|move|p1b: Toxapex|Infestation|p2a: Incineroar
|-damage|p2a: Incineroar|64/100 psn
|-activate|p2a: Incineroar|move: Infestation|[of] p1b: Toxapex
|
|-heal|p2a: Incineroar|70/100 psn|[from] item: Leftovers
|-heal|p1b: Toxapex|24/100|[from] item: Leftovers
|-damage|p2a: Incineroar|57/100 psn|[from] psn
|-damage|p2a: Incineroar|45/100 psn|[from] move: Infestation|[partiallytrapped]
|upkeep
|turn|12
|
|t:|1783309440
|move|p1b: Toxapex|Baneful Bunker|p1b: Toxapex
|-singleturn|p1b: Toxapex|move: Protect
|move|p2a: Incineroar|Flare Blitz|p1b: Toxapex
|-activate|p1b: Toxapex|move: Protect
|
|-heal|p2a: Incineroar|51/100 psn|[from] item: Leftovers
|-heal|p1b: Toxapex|30/100|[from] item: Leftovers
|-damage|p2a: Incineroar|39/100 psn|[from] psn
|-damage|p2a: Incineroar|26/100 psn|[from] move: Infestation|[partiallytrapped]
|upkeep
|turn|13
|
|t:|1783309450
|move|p2a: Incineroar|Flare Blitz|p1b: Toxapex
|-resisted|p1b: Toxapex|1
|-damage|p1b: Toxapex|14/100
|-damage|p2a: Incineroar|22/100 psn|[from] Recoil
|move|p1b: Toxapex|Toxic||[still]
|-fail|p1b: Toxapex
|
|-heal|p2a: Incineroar|28/100 psn|[from] item: Leftovers
|-heal|p1b: Toxapex|20/100y|[from] item: Leftovers
|-damage|p2a: Incineroar|16/100 psn|[from] psn
|-damage|p2a: Incineroar|3/100 psn|[from] move: Infestation|[partiallytrapped]
|upkeep
|turn|14
|
|t:|1783309462
|move|p1b: Toxapex|Baneful Bunker|p1b: Toxapex
|-singleturn|p1b: Toxapex|move: Protect
|move|p2a: Incineroar|Flare Blitz|p1b: Toxapex
|-activate|p1b: Toxapex|move: Protect
|
|-heal|p2a: Incineroar|9/100 psn|[from] item: Leftovers
|-heal|p1b: Toxapex|26/100|[from] item: Leftovers
|-damage|p2a: Incineroar|0 fnt|[from] psn
|faint|p2a: Incineroar
|
|win|Limitl3ssVGC
|raw|Limitl3ssVGC's rating: 1000 → 1050(+50 for winning)
|raw|Oriozz's rating: 1087 → 1058(-29 for losing)
|l|☆Oriozz
|player|p2|
|l|☆Limitl3ssVGC
|player|p1|
|j|☆Oriozz
|player|p2|Oriozz|1|
