|j|☆darthnius
|j|☆tessa scarlet
|html|darthniustessa scarlet    
|uhtml|bestof|Game 1 of a best-of-3
|t:|1756633003
|gametype|doubles
|player|p1|darthnius|volkner|1346
|player|p2|tessa scarlet|102|1519
|gen|9
|tier|[Gen 9] VGC 2025 Reg H (Bo3)
|rated|
|rule|Species Clause: Limit one of each Pokémon
|rule|Item Clause: Limit 1 of each item
|clearpoke
|poke|p1|Indeedee, L50, M|
|poke|p1|Incineroar, L50, M|
|poke|p1|Sneasler, L50, M|
|poke|p1|Electabuzz, L50, M|
|poke|p1|Ursaluna-Bloodmoon, L50, M|
|poke|p1|Dragonite, L50, F|
|poke|p2|Gholdengo, L50|
|poke|p2|Annihilape, L50, M|
|poke|p2|Volcarona, L50, M|
|poke|p2|Dragonite, L50, M|
|poke|p2|Ninetales-Alola, L50, M|
|poke|p2|Ursaluna-Bloodmoon, L50, M|
|teampreview|4
|showteam|p1|Indeedee||ChoiceScarf|PsychicSurge|ExpandingForce,TeraBlast,Trick,Protect|||M|||50|,,,,,Psychic]Incineroar||SafetyGoggles|Intimidate|FakeOut,FlareBlitz,KnockOff,PartingShot|||M|||50|,,,,,Ghost]Sneasler||PsychicSeed|Unburden|Protect,DireClaw,CloseCombat,ThroatChop|||M|||50|,,,,,Dark]Electabuzz||Eviolite|VitalSpirit|Protect,FollowMe,Electroweb,Taunt|||M|||50|,,,,,Dragon]Ursaluna-Bloodmoon||LifeOrb|MindsEye|Protect,HyperVoice,EarthPower,BloodMoon|||M|||50|,,,,,Normal]Dragonite||LoadedDice|Multiscale|Protect,ScaleShot,Tailwind,Haze|||F|||50|,,,,,Steel
|showteam|p2|Gholdengo||LifeOrb|GoodasGold|NastyPlot,MakeItRain,ShadowBall,Protect||||||50|,,,,,Water]Annihilape||SafetyGoggles|Defiant|DrainPunch,RageFist,BulkUp,Protect|||M|||50|,,,,,Fire]Volcarona||CovertCloak|FlameBody|StruggleBug,HeatWave,RagePowder,Tailwind|||M|||50|,,,,,Fairy]Dragonite||LoadedDice|Multiscale|ScaleShot,Haze,Tailwind,Protect|||M|||50|,,,,,Steel]Ninetales-Alola||FocusSash|SnowWarning|Blizzard,IcyWind,IcicleSpear,AuroraVeil|||M|||50|,,,,,Ghost]Ursaluna-Bloodmoon||AssaultVest|MindsEye|BloodMoon,HyperVoice,EarthPower,VacuumWave|||M|||50|,,,,,Water
|inactive|Battle timer is ON: inactive players will automatically lose when time's up. (requested by tessa scarlet)
|inactive|darthnius has 60 seconds left.
|
|t:|1756633135
|teamsize|p1|4
|teamsize|p2|4
|start
|switch|p1a: Incineroar|Incineroar, L50, M|100/100
|switch|p1b: Sneasler|Sneasler, L50, M|100/100
|switch|p2a: Volcarona|Volcarona, L50, M|100/100
|switch|p2b: Gholdengo|Gholdengo, L50|100/100
|-ability|p1a: Incineroar|Intimidate|boost
|-unboost|p2a: Volcarona|atk|1
|-unboost|p2b: Gholdengo|atk|1
|turn|1
|inactive|darthnius has 30 seconds left.
|inactive|tessa scarlet has 30 seconds left.
|inactive|darthnius has 20 seconds left.
|inactive|tessa scarlet has 20 seconds left.
|inactive|darthnius has 15 seconds left.
|inactive|tessa scarlet has 15 seconds left.
|inactive|tessa scarlet has 10 seconds left.
|
|t:|1756633181
|move|p1b: Sneasler|Dire Claw|p2a: Volcarona
|-damage|p2a: Volcarona|48/100
|move|p2a: Volcarona|Heat Wave|p1b: Sneasler|[spread] p1a,p1b
|-resisted|p1a: Incineroar
|-damage|p1a: Incineroar|85/100
|-damage|p1b: Sneasler|59/100
|-status|p1b: Sneasler|brn
|move|p2b: Gholdengo|Make It Rain|p1a: Incineroar|[spread] p1a,p1b
|-resisted|p1a: Incineroar
|-damage|p1a: Incineroar|60/100
|-damage|p1b: Sneasler|0 fnt
|-unboost|p2b: Gholdengo|spa|1
|faint|p1b: Sneasler
|-damage|p2b: Gholdengo|91/100|[from] item: Life Orb
|move|p1a: Incineroar|Knock Off|p2a: Volcarona
|-damage|p2a: Volcarona|0 fnt
|-enditem|p2a: Volcarona|Covert Cloak|[from] move: Knock Off|[of] p1a: Incineroar
|faint|p2a: Volcarona
|
|upkeep
|
|t:|1756633200
|switch|p1b: Indeedee|Indeedee, L50, M|100/100
|switch|p2a: Ursaluna|Ursaluna-Bloodmoon, L50, M|100/100
|-fieldstart|move: Psychic Terrain|[from] ability: Psychic Surge|[of] p1b: Indeedee
|turn|2
|inactive|darthnius has 30 seconds left.
|inactive|tessa scarlet has 30 seconds left.
|inactive|darthnius has 20 seconds left.
|inactive|darthnius has 15 seconds left.
|inactive|darthnius has 10 seconds left.
|inactive|tessa scarlet has 20 seconds left.
|inactive|darthnius has 5 seconds left.
|inactive|tessa scarlet has 15 seconds left.
|inactive|tessa scarlet has 10 seconds left.
|inactive|tessa scarlet has 5 seconds left.
|
|t:|1756633261
|move|p1b: Indeedee|Expanding Force|p2a: Ursaluna|[spread] p2a,p2b
|-crit|p2a: Ursaluna
|-resisted|p2b: Gholdengo
|-damage|p2a: Ursaluna|33/100
|-damage|p2b: Gholdengo|61/100
|move|p2b: Gholdengo|Nasty Plot|p2b: Gholdengo
|-boost|p2b: Gholdengo|spa|2
|move|p1a: Incineroar|Parting Shot|p2a: Ursaluna
|-unboost|p2a: Ursaluna|atk|1
|-unboost|p2a: Ursaluna|spa|1
|
|t:|1756633270
|switch|p1a: Ursaluna|Ursaluna-Bloodmoon, L50, M|100/100|[from] Parting Shot
|move|p2a: Ursaluna|Earth Power|p1a: Ursaluna
|-damage|p1a: Ursaluna|58/100
|
|upkeep
|turn|3
|
|t:|1756633295
|-terastallize|p1b: Indeedee|Psychic
|move|p1b: Indeedee|Expanding Force|p2a: Ursaluna|[spread] p2a,p2b
|-resisted|p2b: Gholdengo
|-damage|p2a: Ursaluna|0 fnt
|-damage|p2b: Gholdengo|14/100
|faint|p2a: Ursaluna
|move|p2b: Gholdengo|Make It Rain|p1a: Ursaluna|[spread] p1a,p1b
|-damage|p1a: Ursaluna|0 fnt
|-damage|p1b: Indeedee|0 fnt
|-unboost|p2b: Gholdengo|spa|1
|faint|p1a: Ursaluna
|faint|p1b: Indeedee
|-damage|p2b: Gholdengo|5/100|[from] item: Life Orb
|
|upkeep
|
|t:|1756633309
|switch|p1b: Incineroar|Incineroar, L50, M|60/100
|switch|p2a: Dragonite|Dragonite, L50, M|100/100
|-ability|p1b: Incineroar|Intimidate|boost
|-unboost|p2a: Dragonite|atk|1
|-unboost|p2b: Gholdengo|atk|1
|turn|4
|
|t:|1756633325
|move|p2b: Gholdengo|Protect|p2b: Gholdengo
|-singleturn|p2b: Gholdengo|Protect
|move|p2a: Dragonite|Protect|p2a: Dragonite
|-singleturn|p2a: Dragonite|Protect
|move|p1b: Incineroar|Fake Out|p2a: Dragonite
|-hint|Psychic Terrain doesn't affect Pokémon immune to Ground.
|-activate|p2a: Dragonite|move: Protect
|
|upkeep
|turn|5
|
|t:|1756633333
|move|p2b: Gholdengo|Make It Rain|p1b: Incineroar
|-resisted|p1b: Incineroar
|-damage|p1b: Incineroar|21/100
|-unboost|p2b: Gholdengo|spa|1
|-damage|p2b: Gholdengo|0 fnt|[from] item: Life Orb
|faint|p2b: Gholdengo
|move|p2a: Dragonite|Scale Shot|p1b: Incineroar
|-damage|p1b: Incineroar|12/100
|-damage|p1b: Incineroar|3/100
|-damage|p1b: Incineroar|0 fnt
|faint|p1b: Incineroar
|-hitcount|p1: Incineroar|3
|
|win|tessa scarlet
||tessa scarlet is ready for game 2.
|inactive|darthnius has 30 seconds to confirm battle start!
