|j|☆Jirachi548
|j|☆ahollowxx
|html|Jirachi548ahollowxx    
|uhtml|bestof|Game 1 of a best-of-3
|t:|1784889303
|gametype|doubles
|player|p1|Jirachi548|serena-anime|
|player|p2|ahollowxx|veteranf|
|gen|9
|tier|[Gen 9 Champions] VGC 2026 Reg M-B (Bo3)
|rule|Species Clause: Limit one of each Pokémon
|rule|Item Clause: Limit 1 of each item
|clearpoke
|poke|p1|Kingambit, L50, M|
|poke|p1|Primarina, L50, M|
|poke|p1|Farigiraf, L50, F|
|poke|p1|Pidgeot, L50, M|
|poke|p1|Kangaskhan, L50, F|
|poke|p1|Garchomp, L50, M|
|poke|p2|Basculegion, L50, M|
|poke|p2|Glimmora, L50, M|
|poke|p2|Staraptor, L50, M|
|poke|p2|Whimsicott, L50, F|
|poke|p2|Toxapex, L50, M|
|poke|p2|Kingambit, L50, M|
|teampreview|4
|showteam|p1|Kingambit||BlackGlasses|Defiant|KowtowCleave,IronHead,SuckerPunch,Protect|Brave||M|||50|]Primarina||LifeOrb|LiquidVoice|HyperVoice,DazzlingGleam,Moonblast,Protect|Quiet||M|||50|]Farigiraf||SitrusBerry|ArmorTail|Psychic,Thunderbolt,TrickRoom,Protect|Quiet||F|||50|]Pidgeot||Pidgeotite|KeenEye|Hurricane,HeatWave,Tailwind,Protect|Timid||M|||50|]Kangaskhan||SilkScarf|Scrappy|FakeOut,LastResort|Adamant||F|||50|]Garchomp||RoseliBerry|RoughSkin|Earthquake,DragonClaw,SwordsDance,Protect|Jolly||M|||50|
|showteam|p2|Basculegion||ChoiceScarf|Adaptability|AquaJet,LastRespects,WaveCrash,FlipTurn|Adamant||M|||50|]Glimmora||LifeOrb|ToxicDebris|PowerGem,EarthPower,SpikyShield,SludgeBomb|Timid||M|||50|]Staraptor||Staraptite|Intimidate|BraveBird,CloseCombat,Protect,Roost|Jolly||M|||50|]Whimsicott||FocusSash|Prankster|Moonblast,Tailwind,Protect,Encore|Timid||F|||50|]Toxapex||Leftovers|Regenerator|BanefulBunker,Infestation,Toxic,WideGuard|Bold||M|||50|]Kingambit||ChopleBerry|Defiant|SuckerPunch,KowtowCleave,Protect,IronHead|Adamant||M|||50|
|inactive|Battle timer is ON: inactive players will automatically lose when time's up. (requested by ahollowxx)
|c|☆Jirachi548|Glhf
|c|☆ahollowxx|hf
|inactive|Jirachi548 has 60 seconds left.
|
|t:|1784889349
|teamsize|p1|4
|teamsize|p2|4
|start
|switch|p1a: Kangaskhan|Kangaskhan, L50, F|100/100
|switch|p1b: Spitfire|Pidgeot, L50, M|100/100
|switch|p2a: Staraptor|Staraptor, L50, M|100/100
|switch|p2b: Kingambit|Kingambit, L50, M|100/100
|-ability|p2a: Staraptor|Intimidate|boost
|-fail|p1a: Kangaskhan|unboost|Attack|[from] ability: Scrappy|[of] p1a: Kangaskhan
|-unboost|p1b: Spitfire|atk|1
|turn|1
|inactive|Jirachi548 has 30 seconds left.
|inactive|ahollowxx has 30 seconds left.
|inactive|ahollowxx has 20 seconds left.
|inactive|ahollowxx has 15 seconds left.
|inactive|ahollowxx has 10 seconds left.
|
|t:|1784889395
|switch|p2a: Glimmora|Glimmora, L50, M|100/100
|detailschange|p1b: Spitfire|Pidgeot-Mega, L50, M
|-mega|p1b: Spitfire|Pidgeot|Pidgeotite
|move|p1a: Kangaskhan|Fake Out|p2b: Kingambit
|-resisted|p2b: Kingambit|1
|-damage|p2b: Kingambit|91/100
|move|p1b: Spitfire|Hurricane|p2a: Glimmora
|-resisted|p2a: Glimmora|1
|-damage|p2a: Glimmora|57/100
|cant|p2b: Kingambit|flinch
|
|upkeep
|turn|2
|inactive|Jirachi548 has 30 seconds left.
|inactive|ahollowxx has 30 seconds left.
|
|t:|1784889425
|move|p1b: Spitfire|Protect|p1b: Spitfire
|-singleturn|p1b: Spitfire|Protect
|move|p2b: Kingambit|Sucker Punch|p1a: Kangaskhan
|-damage|p1a: Kangaskhan|60/100
|move|p2a: Glimmora|Sludge Bomb|p1a: Kangaskhan
|-damage|p1a: Kangaskhan|0 fnt
|faint|p1a: Kangaskhan
|-damage|p2a: Glimmora|48/100|[from] item: Life Orb
|
|upkeep
|
|t:|1784889433
|switch|p1a: Garchomp|Garchomp, L50, M|100/100
|turn|3
|j| kommander
|
|t:|1784889443
|move|p2b: Kingambit|Protect|p2b: Kingambit
|-singleturn|p2b: Kingambit|Protect
|move|p1b: Spitfire|Heat Wave|p2a: Glimmora|[spread] p2a
|-activate|p2b: Kingambit|move: Protect
|-resisted|p2a: Glimmora|1
|-damage|p2a: Glimmora|32/100
|move|p1a: Garchomp|Swords Dance|p1a: Garchomp
|-boost|p1a: Garchomp|atk|2
|move|p2a: Glimmora|Power Gem|p1b: Spitfire
|-supereffective|p1b: Spitfire|1
|-damage|p1b: Spitfire|0 fnt
|faint|p1b: Spitfire
|-damage|p2a: Glimmora|23/100|[from] item: Life Orb
|
|upkeep
|
|t:|1784889447
|switch|p1b: Farigiraf|Farigiraf, L50, F|100/100
|turn|4
|
|t:|1784889466
|switch|p2b: Staraptor|Staraptor, L50, M|100/100
|-ability|p2b: Staraptor|Intimidate|boost
|-unboost|p1a: Garchomp|atk|1
|-unboost|p1b: Farigiraf|atk|1
|move|p1b: Farigiraf|Protect|p1b: Farigiraf
|-singleturn|p1b: Farigiraf|Protect
|move|p1a: Garchomp|Earthquake|p2a: Glimmora|[spread] p2a
|-activate|p1b: Farigiraf|move: Protect
|-immune|p2b: Staraptor
|-supereffective|p2a: Glimmora|2
|-damage|p2a: Glimmora|0 fnt
|-activate|p2a: Glimmora|ability: Toxic Debris
|-sidestart|p1: Jirachi548|move: Toxic Spikes
|faint|p2a: Glimmora
|
|upkeep
|
|t:|1784889469
|switch|p2a: Toxapex|Toxapex, L50, M|100/100
|turn|5
|inactive|ahollowxx has 30 seconds left.
|
|t:|1784889497
|detailschange|p2b: Staraptor|Staraptor-Mega, L50, M
|-mega|p2b: Staraptor|Staraptor|Staraptite
|move|p2b: Staraptor|Close Combat|p1a: Garchomp
|-damage|p1a: Garchomp|36/100
|-boost|p2b: Staraptor|def|1
|-boost|p2b: Staraptor|spd|1
|-damage|p2b: Staraptor|87/100|[from] ability: Rough Skin|[of] p1a: Garchomp
|move|p1a: Garchomp|Dragon Claw|p2b: Staraptor
|-damage|p2b: Staraptor|38/100
|move|p1b: Farigiraf|Thunderbolt|p2b: Staraptor
|-supereffective|p2b: Staraptor|1
|-damage|p2b: Staraptor|0 fnt
|faint|p2b: Staraptor
|move|p2a: Toxapex|Toxic|p1a: Garchomp
|-status|p1a: Garchomp|tox
|
|-damage|p1a: Garchomp|30/100 tox|[from] psn
|upkeep
|
|t:|1784889511
|switch|p2b: Kingambit|Kingambit, L50, M|91/100
|turn|6
|
|t:|1784889529
|move|p1b: Farigiraf|Protect|p1b: Farigiraf
|-singleturn|p1b: Farigiraf|Protect
|move|p2b: Kingambit|Protect|p2b: Kingambit
|-singleturn|p2b: Kingambit|Protect
|move|p2a: Toxapex|Baneful Bunker|p2a: Toxapex
|-singleturn|p2a: Toxapex|move: Protect
|move|p1a: Garchomp|Earthquake|p2a: Toxapex|[spread] 
|-activate|p1b: Farigiraf|move: Protect
|-activate|p2a: Toxapex|move: Protect
|-activate|p2b: Kingambit|move: Protect
|
|-damage|p1a: Garchomp|18/100 tox|[from] psn
|upkeep
|turn|7
|
|t:|1784889543
|move|p2a: Toxapex|Wide Guard|p2a: Toxapex
|-singleturn|p2a: Toxapex|Wide Guard
|move|p1a: Garchomp|Earthquake|p2a: Toxapex|[spread] p1b
|-activate|p2a: Toxapex|move: Wide Guard
|-activate|p2b: Kingambit|move: Wide Guard
|-damage|p1b: Farigiraf|40/100
|-enditem|p1b: Farigiraf|Sitrus Berry|[eat]
|-heal|p1b: Farigiraf|64/100|[from] item: Sitrus Berry
|move|p1b: Farigiraf|Psychic|p2a: Toxapex
|-supereffective|p2a: Toxapex|1
|-damage|p2a: Toxapex|41/100
|-unboost|p2a: Toxapex|spd|1
|move|p2b: Kingambit|Kowtow Cleave|p1b: Farigiraf
|-supereffective|p1b: Farigiraf|1
|-damage|p1b: Farigiraf|0 fnt
|faint|p1b: Farigiraf
|
|-heal|p2a: Toxapex|47/100|[from] item: Leftovers
|-damage|p1a: Garchomp|1/100 tox|[from] psn
|upkeep
|turn|8
|-message|Jirachi548 forfeited.
|
|win|ahollowxx
|l|☆Jirachi548
|player|p1|
||Jirachi548 is ready for game 2.
||ahollowxx is ready for game 2.
|uhtml|next|Next: Game 2 of 3
|l| kommander
