|j|☆razorsharp01
|j|☆Mojanf
|html|razorsharp01Mojanf    
|uhtml|bestof|Game 1 of a best-of-3
|t:|1756977428
|gametype|doubles
|player|p1|razorsharp01|falkner|1046
|player|p2|Mojanf|169|1045
|gen|9
|tier|[Gen 9] VGC 2025 Reg H (Bo3)
|rated|
|rule|Species Clause: Limit one of each Pokémon
|rule|Item Clause: Limit 1 of each item
|clearpoke
|poke|p1|Gothitelle, L50, F|
|poke|p1|Incineroar, L50, M|
|poke|p1|Amoonguss, L50, M|
|poke|p1|Politoed, L50, M|
|poke|p1|Archaludon, L50, M|
|poke|p1|Kingdra, L50, M|
|poke|p2|Lucario, L50, F|
|poke|p2|Clefairy, L50, F|
|poke|p2|Annihilape, L50, M|
|poke|p2|Volcarona, L50, F|
|poke|p2|Rillaboom, L50, M|
|poke|p2|Gardevoir, L50, F|
|teampreview|4
|showteam|p1|Gothitelle||SitrusBerry|ShadowTag|FakeOut,Protect,Psychic,TrickRoom|||F|||50|,,,,,Dark]Incineroar||SafetyGoggles|Intimidate|Protect,KnockOff,FakeOut,PartingShot|||M|||50|,,,,,Ghost]Amoonguss||EjectButton|Regenerator|Spore,SludgeBomb,RagePowder,Protect|||M|||50|,,,,,Dark]Politoed||Leftovers|Drizzle|PerishSong,Encore,Protect,WeatherBall|||M|||50|,,,,,Water]Archaludon||PowerHerb|Stalwart|ElectroShot,FlashCannon,DracoMeteor,Protect|||M|||50|,,,,,Electric]Kingdra||LifeOrb|SwiftSwim|DracoMeteor,MuddyWater,Protect,WeatherBall|||M|||50|,,,,,Stellar
|showteam|p2|Lucario||LifeOrb|InnerFocus|ExtremeSpeed,SwordsDance,Protect,Crunch|||F|||50|,,,,,Normal]Clefairy||Eviolite|FriendGuard|FollowMe,HelpingHand,Protect,LifeDew|||F|||50|,,,,,Grass]Annihilape||ChoiceScarf|VitalSpirit|FinalGambit,CloseCombat,ShadowClaw,RageFist|||M|||50|,,,,,Fairy]Volcarona||Leftovers|FlameBody|QuiverDance,HeatWave,Protect,Whirlwind|||F|||50|,,,,,Fire]Rillaboom||AssaultVest|GrassySurge|FakeOut,GrassyGlide,WoodHammer,Uturn|||M|||50|,,,,,Grass]Gardevoir||FocusSash|Trace|Moonblast,DazzlingGleam,Protect,HelpingHand|||F|||50|,,,,,Water
|inactive|Battle timer is ON: inactive players will automatically lose when time's up. (requested by Mojanf)
|inactive|Mojanf has 60 seconds left.
|
|t:|1756977460
|teamsize|p1|4
|teamsize|p2|4
|start
|switch|p1a: Politoed|Politoed, L50, M|100/100
|switch|p1b: Kingdra|Kingdra, L50, M|100/100
|switch|p2a: Annihilape|Annihilape, L50, M|100/100
|switch|p2b: Rillaboom|Rillaboom, L50, M|100/100
|-fieldstart|move: Grassy Terrain|[from] ability: Grassy Surge|[of] p2b: Rillaboom
|-weather|RainDance|[from] ability: Drizzle|[of] p1a: Politoed
|turn|1
|inactive|Mojanf has 30 seconds left.
|
|t:|1756977493
|switch|p2a: Clefairy|Clefairy, L50, F|100/100
|move|p1b: Kingdra|Protect|p1b: Kingdra
|-singleturn|p1b: Kingdra|Protect
|move|p1a: Politoed|Protect|p1a: Politoed
|-singleturn|p1a: Politoed|Protect
|move|p2b: Rillaboom|Grassy Glide|p1a: Politoed
|-activate|p1a: Politoed|move: Protect
|
|-weather|RainDance|[upkeep]
|upkeep
|turn|2
|
|t:|1756977514
|switch|p1b: Gothitelle|Gothitelle, L50, F|100/100
|move|p2a: Clefairy|Helping Hand|p2b: Rillaboom
|-singleturn|p2b: Rillaboom|Helping Hand|[of] p2a: Clefairy
|move|p2b: Rillaboom|Grassy Glide|p1b: Gothitelle
|-damage|p1b: Gothitelle|51/100
|move|p1a: Politoed|Perish Song|p1a: Politoed
|-start|p1a: Politoed|perish3|[silent]
|-start|p1b: Gothitelle|perish3|[silent]
|-start|p2a: Clefairy|perish3|[silent]
|-start|p2b: Rillaboom|perish3|[silent]
|-fieldactivate|move: Perish Song
|
|-weather|RainDance|[upkeep]
|-heal|p1b: Gothitelle|58/100|[from] Grassy Terrain
|-start|p2b: Rillaboom|perish3
|-start|p1a: Politoed|perish3
|-start|p1b: Gothitelle|perish3
|-start|p2a: Clefairy|perish3
|upkeep
|turn|3
|inactive|Mojanf has 30 seconds left.
|inactive|Mojanf has 20 seconds left.
|
|t:|1756977553
|move|p1b: Gothitelle|Fake Out|p2b: Rillaboom
|-damage|p2b: Rillaboom|95/100
|move|p2a: Clefairy|Follow Me|p2a: Clefairy
|-singleturn|p2a: Clefairy|move: Follow Me
|cant|p2b: Rillaboom|flinch
|move|p1a: Politoed|Weather Ball|p2a: Clefairy
|-damage|p2a: Clefairy|69/100
|
|-weather|RainDance|[upkeep]
|-heal|p2b: Rillaboom|100/100|[from] Grassy Terrain
|-heal|p1b: Gothitelle|64/100|[from] Grassy Terrain
|-heal|p2a: Clefairy|76/100|[from] Grassy Terrain
|-start|p2b: Rillaboom|perish2
|-start|p1a: Politoed|perish2
|-start|p1b: Gothitelle|perish2
|-start|p2a: Clefairy|perish2
|upkeep
|turn|4
|
|t:|1756977567
|switch|p1a: Archaludon|Archaludon, L50, M|100/100
|move|p1b: Gothitelle|Protect|p1b: Gothitelle
|-singleturn|p1b: Gothitelle|Protect
|move|p2b: Rillaboom|U-turn|p2a: Clefairy
|-resisted|p2a: Clefairy
|-damage|p2a: Clefairy|62/100
|
|t:|1756977576
|switch|p2b: Annihilape|Annihilape, L50, M|100/100|[from] U-turn
|move|p2a: Clefairy|Life Dew||[still]|[spread] p2a,p2b
|-heal|p2a: Clefairy|86/100
|-fail|p2b: Annihilape|heal
|
|-weather|RainDance|[upkeep]
|-heal|p1b: Gothitelle|70/100|[from] Grassy Terrain
|-heal|p2a: Clefairy|93/100|[from] Grassy Terrain
|-start|p1b: Gothitelle|perish1
|-start|p2a: Clefairy|perish1
|upkeep
|turn|5
|inactive|Mojanf has 30 seconds left.
|inactive|razorsharp01 has 30 seconds left.
|
|t:|1756977612
|switch|p1b: Politoed|Politoed, L50, M|100/100
|move|p1a: Archaludon|Protect|p1a: Archaludon
|-singleturn|p1a: Archaludon|Protect
|move|p2b: Annihilape|Final Gambit|p1a: Archaludon
|-activate|p1a: Archaludon|move: Protect
|move|p2a: Clefairy|Life Dew||[still]|[spread] p2a,p2b
|-heal|p2a: Clefairy|100/100
|-fail|p2b: Annihilape|heal
|
|-weather|none
|-start|p2a: Clefairy|perish0
|-fieldend|move: Grassy Terrain
|faint|p2a: Clefairy
|upkeep
|
|t:|1756977619
|switch|p2a: Rillaboom|Rillaboom, L50, M|100/100
|-fieldstart|move: Grassy Terrain|[from] ability: Grassy Surge|[of] p2a: Rillaboom
|turn|6
|
|t:|1756977640
|switch|p1b: Gothitelle|Gothitelle, L50, F|70/100
|move|p1a: Archaludon|Protect|p1a: Archaludon
|-singleturn|p1a: Archaludon|Protect
|move|p2a: Rillaboom|Fake Out|p1b: Gothitelle
|-damage|p1b: Gothitelle|58/100
|move|p2b: Annihilape|Final Gambit|p1a: Archaludon
|-activate|p1a: Archaludon|move: Protect
|
|-heal|p1b: Gothitelle|64/100|[from] Grassy Terrain
|upkeep
|turn|7
|inactive|Mojanf has 30 seconds left.
|
|t:|1756977667
|switch|p2b: Lucario|Lucario, L50, F|100/100
|switch|p1a: Politoed|Politoed, L50, M|100/100
|-weather|RainDance|[from] ability: Drizzle|[of] p1a: Politoed
|move|p2a: Rillaboom|U-turn|p1a: Politoed
|-damage|p1a: Politoed|77/100
|
|t:|1756977680
|switch|p2a: Annihilape|Annihilape, L50, M|100/100|[from] U-turn
|move|p1b: Gothitelle|Psychic|p2b: Lucario
|-damage|p2b: Lucario|54/100
|
|-weather|RainDance|[upkeep]
|-heal|p2b: Lucario|60/100|[from] Grassy Terrain
|-heal|p1a: Politoed|83/100|[from] Grassy Terrain
|-heal|p1a: Politoed|89/100|[from] item: Leftovers
|-heal|p1b: Gothitelle|71/100|[from] Grassy Terrain
|upkeep
|turn|8
|inactive|Mojanf has 30 seconds left.
|
|t:|1756977707
|move|p1b: Gothitelle|Protect|p1b: Gothitelle
|-singleturn|p1b: Gothitelle|Protect
|move|p2a: Annihilape|Shadow Claw|p1b: Gothitelle
|-activate|p1b: Gothitelle|move: Protect
|move|p2b: Lucario|Swords Dance|p2b: Lucario
|-boost|p2b: Lucario|atk|2
|move|p1a: Politoed|Weather Ball|p2a: Annihilape
|-crit|p2a: Annihilape
|-damage|p2a: Annihilape|38/100
|
|-weather|RainDance|[upkeep]
|-heal|p2a: Annihilape|44/100|[from] Grassy Terrain
|-heal|p2b: Lucario|67/100|[from] Grassy Terrain
|-heal|p1a: Politoed|95/100|[from] Grassy Terrain
|-heal|p1a: Politoed|100/100|[from] item: Leftovers
|-heal|p1b: Gothitelle|77/100|[from] Grassy Terrain
|upkeep
|turn|9
|inactive|razorsharp01 has 30 seconds left.
|
|t:|1756977736
|switch|p2a: Rillaboom|Rillaboom, L50, M|100/100
|-terastallize|p1b: Gothitelle|Dark
|move|p2b: Lucario|Extreme Speed|p1b: Gothitelle
|-damage|p1b: Gothitelle|22/100
|-enditem|p1b: Gothitelle|Sitrus Berry|[eat]
|-heal|p1b: Gothitelle|47/100|[from] item: Sitrus Berry
|-damage|p2b: Lucario|57/100|[from] item: Life Orb
|move|p1a: Politoed|Encore|p2b: Lucario
|-start|p2b: Lucario|Encore
|move|p1b: Gothitelle|Psychic|p2a: Rillaboom
|-damage|p2a: Rillaboom|73/100
|
|-weather|RainDance|[upkeep]
|-heal|p2b: Lucario|63/100|[from] Grassy Terrain
|-heal|p2a: Rillaboom|79/100|[from] Grassy Terrain
|-heal|p1b: Gothitelle|53/100|[from] Grassy Terrain
|upkeep
|turn|10
|inactive|Mojanf has 30 seconds left.
|
|t:|1756977770
|switch|p1a: Archaludon|Archaludon, L50, M|100/100
|-terastallize|p2b: Lucario|Normal
|move|p1b: Gothitelle|Protect|p1b: Gothitelle
|-singleturn|p1b: Gothitelle|Protect
|move|p2a: Rillaboom|Fake Out|p1a: Archaludon
|-resisted|p1a: Archaludon
|-damage|p1a: Archaludon|95/100
|move|p2b: Lucario|Extreme Speed|p1b: Gothitelle
|-activate|p1b: Gothitelle|move: Protect
|
|-weather|RainDance|[upkeep]
|-heal|p2b: Lucario|69/100|[from] Grassy Terrain
|-heal|p2a: Rillaboom|84/100|[from] Grassy Terrain
|-heal|p1a: Archaludon|100/100|[from] Grassy Terrain
|-heal|p1b: Gothitelle|59/100|[from] Grassy Terrain
|-fieldend|move: Grassy Terrain
|upkeep
|turn|11
|
|t:|1756977791
|switch|p1b: Politoed|Politoed, L50, M|100/100
|move|p2b: Lucario|Extreme Speed|p1a: Archaludon
|-resisted|p1a: Archaludon
|-damage|p1a: Archaludon|58/100
|-damage|p2b: Lucario|60/100|[from] item: Life Orb
|move|p2a: Rillaboom|U-turn|p1b: Politoed
|-damage|p1b: Politoed|76/100
|
|t:|1756977801
|switch|p2a: Annihilape|Annihilape, L50, M|44/100|[from] U-turn
|move|p1a: Archaludon|Electro Shot||[still]
|-prepare|p1a: Archaludon|Electro Shot
|-boost|p1a: Archaludon|spa|1
|-anim|p1a: Archaludon|Electro Shot|p2b: Lucario
|-damage|p2b: Lucario|0 fnt
|faint|p2b: Lucario
|
|-weather|none
|-heal|p1b: Politoed|82/100|[from] item: Leftovers
|upkeep
|
|t:|1756977803
|switch|p2b: Rillaboom|Rillaboom, L50, M|84/100
|-fieldstart|move: Grassy Terrain|[from] ability: Grassy Surge|[of] p2b: Rillaboom
|turn|12
|
|t:|1756977812
|switch|p1b: Gothitelle|Gothitelle, L50, F, tera:Dark|59/100
|move|p1a: Archaludon|Protect|p1a: Archaludon
|-singleturn|p1a: Archaludon|Protect
|move|p2a: Annihilape|Final Gambit|p1a: Archaludon
|-activate|p1a: Archaludon|move: Protect
|move|p2b: Rillaboom|Wood Hammer|p1b: Gothitelle
|-damage|p1b: Gothitelle|0 fnt
|faint|p1b: Gothitelle
|-damage|p2b: Rillaboom|65/100|[from] Recoil
|
|-heal|p2a: Annihilape|50/100|[from] Grassy Terrain
|-heal|p2b: Rillaboom|71/100|[from] Grassy Terrain
|-heal|p1a: Archaludon|64/100|[from] Grassy Terrain
|upkeep
|
|t:|1756977823
|switch|p1b: Politoed|Politoed, L50, M|82/100
|-weather|RainDance|[from] ability: Drizzle|[of] p1b: Politoed
|turn|13
|
|t:|1756977847
|move|p2a: Annihilape|Final Gambit|p1a: Archaludon
|-damage|p1a: Archaludon|0 fnt
|faint|p2a: Annihilape
|faint|p1a: Archaludon
|move|p2b: Rillaboom|Wood Hammer|p1b: Politoed
|-supereffective|p1b: Politoed
|-damage|p1b: Politoed|0 fnt
|faint|p1b: Politoed
|-damage|p2b: Rillaboom|40/100|[from] Recoil
|
|-weather|RainDance|[upkeep]
|-heal|p2b: Rillaboom|46/100|[from] Grassy Terrain
|upkeep
|
|t:|1756977854
|switch|p1a: Kingdra|Kingdra, L50, M|100/100
|turn|14
|
|t:|1756977867
|move|p2b: Rillaboom|Grassy Glide|p1a: Kingdra
|-damage|p1a: Kingdra|52/100
|move|p1a: Kingdra|Draco Meteor|p2b: Rillaboom
|-crit|p2b: Rillaboom
|-damage|p2b: Rillaboom|0 fnt
|-unboost|p1a: Kingdra|spa|2
|faint|p2b: Rillaboom
|-damage|p1a: Kingdra|42/100|[from] item: Life Orb
|
|win|razorsharp01
|l|☆Mojanf
|player|p2|
|inactive|razorsharp01 has 30 seconds to confirm battle start!
|inactive|Mojanf has 30 seconds to confirm battle start!
|raw|razorsharp01's rating: 1046 → 1079(+33 for winning)
|raw|Mojanf's rating: 1045 → 1028(-17 for losing)
