|j|☆jit444
|j|☆swarley3000
|html|jit444swarley3000    
|uhtml|bestof|Game 2 of a best-of-3
|t:|1785868983
|gametype|doubles
|player|p1|jit444|dawn|1518
|player|p2|swarley3000|arven-s|1409
|gen|9
|tier|[Gen 9 Champions] VGC 2026 Reg M-B (Bo3)
|rated|
|rule|Species Clause: Limit one of each Pokémon
|rule|Item Clause: Limit 1 of each item
|clearpoke
|poke|p1|Tyranitar, L50, M|
|poke|p1|Excadrill, L50, F|
|poke|p1|Milotic, L50, M|
|poke|p1|Sinistcha, L50|
|poke|p1|Staraptor, L50, M|
|poke|p1|Gholdengo, L50|
|poke|p2|Whimsicott, L50, F|
|poke|p2|Basculegion, L50, M|
|poke|p2|Kingambit, L50, M|
|poke|p2|Floette-Eternal, L50, F|
|poke|p2|Charizard, L50, M|
|poke|p2|Garchomp, L50, M|
|teampreview|4
|showteam|p1|Tyranitar||Tyranitarite|SandStream|KnockOff,RockSlide,LowKick,Protect|Jolly||M|||50|]Excadrill||FocusSash|SandRush|HighHorsepower,IronHead,RockSlide,Protect|Jolly||F|||50|]Milotic||SitrusBerry|Competitive|Scald,IcyWind,IceBeam,Protect|Calm||M|||50|]Sinistcha||ColburBerry|Hospitality|MatchaGotcha,ShadowBall,Protect,RagePowder|Bold|||||50|]Staraptor||Staraptite|Intimidate|CloseCombat,BraveBird,Tailwind,Protect|Jolly||M|||50|]Gholdengo||LifeOrb|GoodasGold|MakeItRain,ShadowBall,NastyPlot,Protect|Modest|||||50|
|showteam|p2|Whimsicott||FocusSash|Prankster|Protect,Moonblast,Encore,Tailwind|Timid||F|||50|]Basculegion||LifeOrb|Adaptability|Protect,WaveCrash,LastRespects,AquaJet|Adamant||M|||50|]Kingambit||BlackGlasses|Defiant|Protect,SuckerPunch,LowKick,KowtowCleave|Adamant||M|||50|]Floette-Eternal||Floettite|FlowerVeil|Protect,Moonblast,DazzlingGleam,LightofRuin|Modest||F|||50|]Charizard||CharizarditeY|Blaze|Protect,HeatWave,WeatherBall,SolarBeam|Modest||M|||50|]Garchomp||SitrusBerry|RoughSkin|PoisonJab,DragonClaw,RockSlide,Earthquake|Adamant||M|||50|
|inactive|Battle timer is ON: inactive players will automatically lose when time's up. (requested by swarley3000)
|
|t:|1785869002
|teamsize|p1|4
|teamsize|p2|4
|start
|switch|p1a: Milotic|Milotic, L50, M|100/100
|switch|p1b: Staraptor|Staraptor, L50, M|100/100
|switch|p2a: Charizard|Charizard, L50, M|100/100
|switch|p2b: Garchomp|Garchomp, L50, M|100/100
|-ability|p1b: Staraptor|Intimidate|boost
|-unboost|p2a: Charizard|atk|1
|-unboost|p2b: Garchomp|atk|1
|turn|1
|
|t:|1785869020
|detailschange|p2a: Charizard|Charizard-Mega-Y, L50, M
|-mega|p2a: Charizard|Charizard|Charizardite Y
|-weather|SunnyDay|[from] ability: Drought|[of] p2a: Charizard
|move|p1b: Staraptor|Tailwind|p1b: Staraptor
|-sidestart|p1: jit444|move: Tailwind
|move|p1a: Milotic|Icy Wind|p2a: Charizard|[spread] p2a,p2b
|-supereffective|p2b: Garchomp|2
|-damage|p2a: Charizard|91/100
|-damage|p2b: Garchomp|60/100
|-unboost|p2a: Charizard|spe|1
|-unboost|p2b: Garchomp|spe|1
|move|p2b: Garchomp|Dragon Claw|p1b: Staraptor
|-damage|p1b: Staraptor|66/100
|move|p2a: Charizard|Weather Ball|p1b: Staraptor
|-damage|p1b: Staraptor|0 fnt
|faint|p1b: Staraptor
|
|-weather|SunnyDay|[upkeep]
|upkeep
|inactive|jit444 has 30 seconds left.
|
|t:|1785869051
|switch|p1b: Tyranitar|Tyranitar, L50, M|100/100
|-weather|Sandstorm|[from] ability: Sand Stream|[of] p1b: Tyranitar
|turn|2
|
|t:|1785869068
|switch|p2a: Kingambit|Kingambit, L50, M|100/100
|move|p1b: Tyranitar|Knock Off|p2a: Kingambit
|-resisted|p2a: Kingambit|1
|-damage|p2a: Kingambit|82/100
|-enditem|p2a: Kingambit|Black Glasses|[from] move: Knock Off|[of] p1b: Tyranitar
|move|p1a: Milotic|Ice Beam|p2b: Garchomp
|-supereffective|p2b: Garchomp|2
|-damage|p2b: Garchomp|0 fnt
|faint|p2b: Garchomp
|
|-weather|Sandstorm|[upkeep]
|-damage|p1a: Milotic|94/100|[from] Sandstorm
|upkeep
|
|t:|1785869079
|switch|p2b: Whimsicott|Whimsicott, L50, F|100/100
|turn|3
|
|t:|1785869088
|move|p2a: Kingambit|Protect|p2a: Kingambit
|-singleturn|p2a: Kingambit|Protect
|move|p2b: Whimsicott|Tailwind|p2b: Whimsicott
|-sidestart|p2: swarley3000|move: Tailwind
|move|p1b: Tyranitar|Low Kick|p2a: Kingambit
|-activate|p2a: Kingambit|move: Protect
|move|p1a: Milotic|Ice Beam|p2b: Whimsicott
|-supereffective|p2b: Whimsicott|1
|-damage|p2b: Whimsicott|31/100
|
|-weather|Sandstorm|[upkeep]
|-damage|p2b: Whimsicott|25/100|[from] Sandstorm
|-damage|p1a: Milotic|88/100|[from] Sandstorm
|upkeep
|turn|4
|j| ido1234567890
|inactive|jit444 has 30 seconds left.
|inactive|jit444 has 20 seconds left.
|inactive|jit444 has 15 seconds left.
|
|t:|1785869131
|switch|p2a: Charizard|Charizard-Mega-Y, L50, M|91/100
|-weather|SunnyDay|[from] ability: Drought|[of] p2a: Charizard
|move|p1b: Tyranitar|Protect|p1b: Tyranitar
|-singleturn|p1b: Tyranitar|Protect
|move|p2b: Whimsicott|Moonblast|p1b: Tyranitar
|-activate|p1b: Tyranitar|move: Protect
|move|p1a: Milotic|Scald|p2a: Charizard
|-supereffective|p2a: Charizard|1
|-damage|p2a: Charizard|63/100
|
|-weather|SunnyDay|[upkeep]
|-sideend|p1: jit444|move: Tailwind
|upkeep
|turn|5
|
|t:|1785869153
|switch|p2a: Kingambit|Kingambit, L50, M|82/100
|detailschange|p1b: Tyranitar|Tyranitar-Mega, L50, M
|-mega|p1b: Tyranitar|Tyranitar|Tyranitarite
|-weather|Sandstorm|[from] ability: Sand Stream|[of] p1b: Tyranitar
|move|p2b: Whimsicott|Moonblast|p1b: Tyranitar
|-supereffective|p1b: Tyranitar|1
|-damage|p1b: Tyranitar|64/100
|move|p1b: Tyranitar|Rock Slide|p2b: Whimsicott|[spread] p2a,p2b
|-resisted|p2a: Kingambit|1
|-damage|p2a: Kingambit|69/100
|-damage|p2b: Whimsicott|0 fnt
|faint|p2b: Whimsicott
|move|p1a: Milotic|Scald|p2a: Kingambit
|-damage|p2a: Kingambit|39/100
|
|-weather|Sandstorm|[upkeep]
|-damage|p1a: Milotic|82/100|[from] Sandstorm
|upkeep
|
|t:|1785869160
|switch|p2b: Charizard|Charizard-Mega-Y, L50, M|63/100
|-weather|SunnyDay|[from] ability: Drought|[of] p2b: Charizard
|turn|6
|
|t:|1785869175
|switch|p1b: Sinistcha|Sinistcha, L50|100/100
|-heal|p1a: Milotic|100/100|[from] ability: Hospitality|[of] p1b: Sinistcha
|move|p1a: Milotic|Protect|p1a: Milotic
|-singleturn|p1a: Milotic|Protect
|move|p2b: Charizard|Heat Wave|p1a: Milotic|[spread] p1b
|-activate|p1a: Milotic|move: Protect
|-supereffective|p1b: Sinistcha|1
|-damage|p1b: Sinistcha|0 fnt
|faint|p1b: Sinistcha
|move|p2a: Kingambit|Kowtow Cleave|p1a: Milotic
|-activate|p1a: Milotic|move: Protect
|
|-weather|SunnyDay|[upkeep]
|-sideend|p2: swarley3000|move: Tailwind
|upkeep
|
|t:|1785869186
|switch|p1b: Tyranitar|Tyranitar-Mega, L50, M|64/100
|-weather|Sandstorm|[from] ability: Sand Stream|[of] p1b: Tyranitar
|turn|7
|
|t:|1785869194
|move|p2b: Charizard|Heat Wave|p1a: Milotic|[spread] p1a,p1b
|-resisted|p1a: Milotic|1
|-resisted|p1b: Tyranitar|1
|-damage|p1a: Milotic|87/100
|-damage|p1b: Tyranitar|52/100
|move|p1b: Tyranitar|Low Kick|p2a: Kingambit
|-supereffective|p2a: Kingambit|2
|-damage|p2a: Kingambit|0 fnt
|faint|p2a: Kingambit
|move|p1a: Milotic|Scald|p2b: Charizard
|-supereffective|p2b: Charizard|1
|-damage|p2b: Charizard|15/100
|
|-weather|Sandstorm|[upkeep]
|-damage|p2b: Charizard|9/100|[from] Sandstorm
|-damage|p1a: Milotic|81/100|[from] Sandstorm
|upkeep
|turn|8
|-message|swarley3000 forfeited.
|
|win|jit444
|raw|jit444's rating: 1518 → 1532(+14 for winning)
|raw|swarley3000's rating: 1409 → 1395(-14 for losing)
