|j|☆Quill86
|j|☆gastengo
|html|Quill86gastengo    
|uhtml|bestof|Game 2 of a best-of-3
|t:|1757819169
|gametype|doubles
|player|p1|Quill86|lucas|1178
|player|p2|gastengo|170|1049
|gen|9
|tier|[Gen 9] VGC 2025 Reg H (Bo3)
|rated|
|rule|Species Clause: Limit one of each Pokémon
|rule|Item Clause: Limit 1 of each item
|clearpoke
|poke|p1|Incineroar, L50, F|
|poke|p1|Gholdengo, L50|
|poke|p1|Ursaluna-Bloodmoon, L50, M|
|poke|p1|Indeedee-F, L50, F|
|poke|p1|Gallade, L50, M|
|poke|p1|Torkoal, L50, M|
|poke|p2|Pelipper, L50, M|
|poke|p2|Archaludon, L50, M|
|poke|p2|Sinistcha, L50|
|poke|p2|Basculegion, L50, M|
|poke|p2|Murkrow, L50, F|
|poke|p2|Araquanid, L50, M|
|teampreview|4
|showteam|p1|Incineroar||SafetyGoggles|Intimidate|FakeOut,FlareBlitz,KnockOff,PartingShot|||F|||50|,,,,,Ghost]Gholdengo||SitrusBerry|GoodasGold|MakeItRain,ShadowBall,NastyPlot,Protect||||||50|,,,,,Water]Ursaluna-Bloodmoon||LifeOrb|MindsEye|BloodMoon,HyperVoice,EarthPower,Protect|||M|||50|,,,,,Normal]Indeedee-F||PsychicSeed|PsychicSurge|FollowMe,TrickRoom,HelpingHand,DazzlingGleam|||F|||50|,,,,,Fairy]Gallade||ClearAmulet|Sharpness|SacredSword,PsychoCut,WideGuard,TrickRoom|||M|||50|,,,,,Grass]Torkoal||Leftovers|Drought|Eruption,WeatherBall,Yawn,Protect|||M|||50|,,,,,Fire
|showteam|p2|Pelipper||AbilityShield|Drizzle|WideGuard,Hurricane,WeatherBall,Tailwind|||M|||50|,,,,,Flying]Archaludon||AssaultVest|Stalwart|ElectroShot,FlashCannon,Thunderbolt,DragonPulse|||M|||50|,,,,,Electric]Sinistcha||EjectButton|Hospitality|MatchaGotcha,RagePowder,StrengthSap,TrickRoom||||||50|,,,,,Water]Basculegion||ChoiceBand|SwiftSwim|WaveCrash,DoubleEdge,Liquidation,PsychicFangs|||M|||50|,,,,,Water]Murkrow||Eviolite|Prankster|RainDance,Tailwind,FoulPlay,Haze|||F|||50|,,,,,Fairy]Araquanid||LifeOrb|WaterBubble|Liquidation,BodySlam,Waterfall,Protect|||M|||50|,,,,,Water
|inactive|Battle timer is ON: inactive players will automatically lose when time's up. (requested by gastengo)
|
|t:|1757819185
|teamsize|p1|4
|teamsize|p2|4
|start
|switch|p1a: Indeedee|Indeedee-F, L50, F|100/100
|switch|p1b: Gallade|Gallade, L50, M|100/100
|switch|p2a: Pelipper|Pelipper, L50, M, shiny|100/100
|switch|p2b: Araquanid|Araquanid, L50, M|100/100
|-fieldstart|move: Psychic Terrain|[from] ability: Psychic Surge|[of] p1a: Indeedee
|-enditem|p1a: Indeedee|Psychic Seed
|-boost|p1a: Indeedee|spd|1|[from] item: Psychic Seed
|-weather|RainDance|[from] ability: Drizzle|[of] p2a: Pelipper
|turn|1
|
|t:|1757819198
|-terastallize|p2b: Araquanid|Water
|move|p1a: Indeedee|Follow Me|p1a: Indeedee
|-singleturn|p1a: Indeedee|move: Follow Me
|move|p2a: Pelipper|Hurricane|p1a: Indeedee
|-damage|p1a: Indeedee|67/100
|move|p2b: Araquanid|Liquidation|p1a: Indeedee
|-damage|p1a: Indeedee|0 fnt
|faint|p1a: Indeedee
|-damage|p2b: Araquanid|91/100|[from] item: Life Orb
|move|p1b: Gallade|Trick Room|p1b: Gallade
|-fieldstart|move: Trick Room|[of] p1b: Gallade
|
|-weather|RainDance|[upkeep]
|upkeep
|
|t:|1757819206
|switch|p1a: Torkoal|Torkoal, L50, M|100/100
|-weather|SunnyDay|[from] ability: Drought|[of] p1a: Torkoal
|turn|2
|
|t:|1757819224
|move|p2a: Pelipper|Wide Guard|p2a: Pelipper
|-singleturn|p2a: Pelipper|Wide Guard
|move|p1a: Torkoal|Weather Ball|p2b: Araquanid
|-resisted|p2b: Araquanid
|-damage|p2b: Araquanid|77/100
|move|p2b: Araquanid|Liquidation|p1a: Torkoal
|-supereffective|p1a: Torkoal
|-damage|p1a: Torkoal|24/100
|-damage|p2b: Araquanid|67/100|[from] item: Life Orb
|move|p1b: Gallade|Psycho Cut|p2b: Araquanid
|-damage|p2b: Araquanid|0 fnt
|faint|p2b: Araquanid
|
|-weather|SunnyDay|[upkeep]
|-heal|p1a: Torkoal|30/100|[from] item: Leftovers
|upkeep
|
|t:|1757819235
|switch|p2b: Archaludon|Archaludon, L50, M|100/100
|turn|3
|
|t:|1757819248
|switch|p2a: Sinistcha|Sinistcha, L50|100/100
|move|p1a: Torkoal|Weather Ball|p2b: Archaludon
|-damage|p2b: Archaludon|36/100
|move|p1b: Gallade|Sacred Sword|p2b: Archaludon
|-supereffective|p2b: Archaludon
|-damage|p2b: Archaludon|0 fnt
|faint|p2b: Archaludon
|
|-weather|SunnyDay|[upkeep]
|-heal|p1a: Torkoal|37/100|[from] item: Leftovers
|upkeep
|
|t:|1757819256
|switch|p2b: Pelipper|Pelipper, L50, M, shiny|100/100
|-weather|RainDance|[from] ability: Drizzle|[of] p2b: Pelipper
|turn|4
|
|t:|1757819266
|move|p1a: Torkoal|Weather Ball|p2b: Pelipper
|-resisted|p2b: Pelipper
|-damage|p2b: Pelipper|69/100
|move|p1b: Gallade|Psycho Cut|p2b: Pelipper
|-crit|p2b: Pelipper
|-damage|p2b: Pelipper|0 fnt
|faint|p2b: Pelipper
|move|p2a: Sinistcha|Trick Room|p2a: Sinistcha
|-fieldend|move: Trick Room
|
|-weather|RainDance|[upkeep]
|-heal|p1a: Torkoal|43/100|[from] item: Leftovers
|upkeep
|turn|5
|-message|gastengo forfeited.
|
|win|Quill86
|raw|Quill86's rating: 1178 → 1194(+16 for winning)
|raw|gastengo's rating: 1049 → 1038(-11 for losing)
|l|☆gastengo
|player|p2|
