|j|☆lolgz
|j|☆Fcjavic010
|html|lolgzFcjavic010    
|uhtml|bestof|Game 1 of a best-of-3
|t:|1784035978
|gametype|doubles
|player|p1|lolgz|dawn|1159
|player|p2|Fcjavic010|ninjaboy|1155
|gen|9
|tier|[Gen 9 Champions] VGC 2026 Reg M-B (Bo3)
|rated|
|rule|Species Clause: Limit one of each Pokémon
|rule|Item Clause: Limit 1 of each item
|clearpoke
|poke|p1|Delphox, L50, M|
|poke|p1|Incineroar, L50, F|
|poke|p1|Vivillon, L50, M|
|poke|p1|Sinistcha, L50|
|poke|p1|Blastoise, L50, F|
|poke|p1|Maushold, L50|
|poke|p2|Charizard, L50, M|
|poke|p2|Grimmsnarl, L50, M|
|poke|p2|Pelipper, L50, F|
|poke|p2|Archaludon, L50, M|
|poke|p2|Basculegion, L50, M|
|poke|p2|Venusaur, L50, M|
|teampreview|4
|showteam|p1|Delphox||Delphoxite|Blaze|HeatWave,Psychic,NastyPlot,Protect|Timid||M|||50|]Incineroar||SitrusBerry|Intimidate|FakeOut,PartingShot,FlareBlitz,ThroatChop|Impish||F|||50|]Vivillon||ChoiceScarf|CompoundEyes|SleepPowder,Hurricane,RagePowder,Tailwind|Timid||M|||50|]Sinistcha||KasibBerry|Hospitality|MatchaGotcha,RagePowder,Protect,TrickRoom|Bold|||||50|]Blastoise||Blastoisinite|RainDish|Protect,WaterSpout,DarkPulse,ShellSmash|Modest||F|||50|]Maushold||FocusSash|FriendGuard|FollowMe,Protect,SuperFang,HelpingHand|Jolly|||||50|
|showteam|p2|Charizard||CharizarditeY|SolarPower|Protect,SolarBeam,WeatherBall,HeatWave|Modest||M|||50|]Grimmsnarl||LightClay|Prankster|Reflect,LightScreen,PartingShot,SpiritBreak|Careful||M|||50|]Pelipper||SitrusBerry|Drizzle|Hurricane,WeatherBall,Tailwind,WideGuard|Modest||F|||50|]Archaludon||Leftovers|Stamina|ElectroShot,DragonPulse,FlashCannon,Protect|Modest||M|||50|]Basculegion||ChoiceScarf|Adaptability|FlipTurn,WaveCrash,AquaJet,LastRespects|Jolly||M|||50|]Venusaur||FocusSash|Chlorophyll|Protect,SleepPowder,SludgeBomb,EarthPower|Modest||M|||50|
|inactive|Battle timer is ON: inactive players will automatically lose when time's up. (requested by lolgz)
|inactive|lolgz has 60 seconds left.
|inactive|Fcjavic010 has 60 seconds left.
|inactive|Fcjavic010 has 30 seconds left.
|
|t:|1784036039
|teamsize|p1|4
|teamsize|p2|4
|start
|switch|p1a: Incineroar|Incineroar, L50, F|100/100
|switch|p1b: Blastoise|Blastoise, L50, F|100/100
|switch|p2a: Charizard|Charizard, L50, M|100/100
|switch|p2b: Grimmsnarl|Grimmsnarl, L50, M|100/100
|-ability|p1a: Incineroar|Intimidate|boost
|-unboost|p2a: Charizard|atk|1
|-unboost|p2b: Grimmsnarl|atk|1
|turn|1
|
|t:|1784036050
|detailschange|p2a: Charizard|Charizard-Mega-Y, L50, M
|-mega|p2a: Charizard|Charizard|Charizardite Y
|-weather|SunnyDay|[from] ability: Drought|[of] p2a: Charizard
|detailschange|p1b: Blastoise|Blastoise-Mega, L50, F
|-mega|p1b: Blastoise|Blastoise|Blastoisinite
|move|p1a: Incineroar|Fake Out|p2a: Charizard
|-damage|p2a: Charizard|89/100
|move|p2b: Grimmsnarl|Light Screen|p2b: Grimmsnarl
|-sidestart|p2: Fcjavic010|move: Light Screen
|cant|p2a: Charizard|flinch
|move|p1b: Blastoise|Shell Smash|p1b: Blastoise
|-unboost|p1b: Blastoise|def|1
|-unboost|p1b: Blastoise|spd|1
|-boost|p1b: Blastoise|atk|2
|-boost|p1b: Blastoise|spa|2
|-boost|p1b: Blastoise|spe|2
|
|-weather|SunnyDay|[upkeep]
|upkeep
|turn|2
|inactive|lolgz has 30 seconds left.
|inactive|lolgz has 20 seconds left.
|inactive|lolgz has 15 seconds left.
|inactive|lolgz has 10 seconds left.
|inactive|lolgz has 5 seconds left.
|
|t:|1784036101
|move|p1b: Blastoise|Protect|p1b: Blastoise
|-singleturn|p1b: Blastoise|Protect
|move|p2a: Charizard|Protect|p2a: Charizard
|-singleturn|p2a: Charizard|Protect
|move|p2b: Grimmsnarl|Spirit Break|p1b: Blastoise
|-activate|p1b: Blastoise|move: Protect
|move|p1a: Incineroar|Flare Blitz|p2a: Charizard
|-activate|p2a: Charizard|move: Protect
|
|-weather|SunnyDay|[upkeep]
|upkeep
|turn|3
|
|t:|1784036110
|move|p2b: Grimmsnarl|Parting Shot|p1b: Blastoise
|-unboost|p1b: Blastoise|atk|1
|-unboost|p1b: Blastoise|spa|1
|
|t:|1784036117
|switch|p2b: Basculegion|Basculegion, L50, M|100/100|[from] Parting Shot
|move|p1b: Blastoise|Water Spout|p2a: Charizard|[spread] p2a,p2b
|-supereffective|p2a: Charizard|1
|-resisted|p2b: Basculegion|1
|-damage|p2a: Charizard|22/100
|-damage|p2b: Basculegion|80/100
|move|p2a: Charizard|Solar Beam||[still]
|-prepare|p2a: Charizard|Solar Beam
|-anim|p2a: Charizard|Solar Beam|p1b: Blastoise
|-supereffective|p1b: Blastoise|1
|-damage|p1b: Blastoise|0 fnt
|faint|p1b: Blastoise
|move|p1a: Incineroar|Parting Shot|p2a: Charizard
|-unboost|p2a: Charizard|atk|1
|-unboost|p2a: Charizard|spa|1
|
|t:|1784036121
|switch|p1a: Vivillon|Vivillon, L50, M|100/100|[from] Parting Shot
|
|-weather|SunnyDay|[upkeep]
|upkeep
|
|t:|1784036122
|switch|p1b: Incineroar|Incineroar, L50, F|100/100
|-ability|p1b: Incineroar|Intimidate|boost
|-unboost|p2a: Charizard|atk|1
|-unboost|p2b: Basculegion|atk|1
|turn|4
|
|t:|1784036134
|switch|p2a: Pelipper|Pelipper, L50, F|100/100
|-weather|RainDance|[from] ability: Drizzle|[of] p2a: Pelipper
|move|p1a: Vivillon|Sleep Powder|p2a: Pelipper
|-status|p2a: Pelipper|slp|[from] move: Sleep Powder
|move|p2b: Basculegion|Flip Turn|p1b: Incineroar
|-supereffective|p1b: Incineroar|1
|-damage|p1b: Incineroar|24/100
|-enditem|p1b: Incineroar|Sitrus Berry|[eat]
|-heal|p1b: Incineroar|49/100|[from] item: Sitrus Berry
|
|t:|1784036143
|switch|p2b: Grimmsnarl|Grimmsnarl, L50, M|100/100|[from] Flip Turn
|move|p1b: Incineroar|Throat Chop|p2b: Grimmsnarl
|-resisted|p2b: Grimmsnarl|2
|-damage|p2b: Grimmsnarl|92/100
|-start|p2b: Grimmsnarl|Throat Chop|[silent]
|
|-weather|RainDance|[upkeep]
|upkeep
|turn|5
|
|t:|1784036151
|move|p2b: Grimmsnarl|Reflect|p2b: Grimmsnarl
|-sidestart|p2: Fcjavic010|Reflect
|move|p1a: Vivillon|Sleep Powder|p2b: Grimmsnarl
|-status|p2b: Grimmsnarl|slp|[from] move: Sleep Powder
|cant|p2a: Pelipper|slp
|move|p1b: Incineroar|Throat Chop|p2a: Pelipper
|-damage|p2a: Pelipper|78/100 slp
|-start|p2a: Pelipper|Throat Chop|[silent]
|
|-weather|RainDance|[upkeep]
|-end|p2b: Grimmsnarl|Throat Chop|[silent]
|upkeep
|turn|6
|-message|lolgz forfeited.
|
|win|Fcjavic010
