|j|☆thegreatestnone
|j|☆Garden Monke
|html|thegreatestnoneGarden Monke    
|uhtml|bestof|Game 2 of a best-of-3
|t:|1784494149
|gametype|doubles
|player|p1|thegreatestnone|170|1226
|player|p2|Garden Monke|giacomo|1117
|gen|9
|tier|[Gen 9 Champions] VGC 2026 Reg M-B (Bo3)
|rated|
|rule|Species Clause: Limit one of each Pokémon
|rule|Item Clause: Limit 1 of each item
|clearpoke
|poke|p1|Grimmsnarl, L50, M|
|poke|p1|Toxapex, L50, F|
|poke|p1|Venusaur, L50, M|
|poke|p1|Tyranitar, L50, F|
|poke|p1|Excadrill, L50, M|
|poke|p1|Scovillain, L50, M|
|poke|p2|Incineroar, L50, F|
|poke|p2|Sinistcha, L50|
|poke|p2|Gengar, L50, F|
|poke|p2|Swampert, L50, M|
|poke|p2|Politoed, L50, F|
|poke|p2|Archaludon, L50, M|
|teampreview|4
|showteam|p1|Grimmsnarl||LightClay|Prankster|Taunt,Reflect,PartingShot,LightScreen|Sassy||M|||50|]Toxapex||Leftovers|Regenerator|BanefulBunker,Infestation,Toxic,Recover|Relaxed||F|||50|]Venusaur||Venusaurite|Chlorophyll|SleepPowder,EarthPower,Protect,GigaDrain|Modest||M|||50|]Tyranitar||ChoiceScarf|SandStream|RockSlide,IcePunch,LowKick,KnockOff|Jolly||F|||50|]Excadrill||FocusSash|SandRush|RockSlide,Earthquake,Protect,IronHead|Adamant||M|||50|]Scovillain||Scovillainite|Chlorophyll|LeechSeed,RagePowder,Protect,Flamethrower|Calm||M|||50|
|showteam|p2|Incineroar||PasshoBerry|Intimidate|ThroatChop,FakeOut,PartingShot,Protect|Sassy||F|||50|]Sinistcha||ColburBerry|Hospitality|MatchaGotcha,RagePowder,TrickRoom,Protect|Calm|||||50|]Gengar||Gengarite|CursedBody|ShadowBall,Disable,PerishSong,Protect|Timid||F|||50|]Swampert||Swampertite|Damp|WaveCrash,HighHorsepower,IcePunch,Protect|Adamant||M|||50|]Politoed||SitrusBerry|Drizzle|WeatherBall,Encore,PerishSong,Protect|Calm||F|||50|]Archaludon||Leftovers|Stamina|ElectroShot,DragonPulse,FlashCannon,Protect|Modest||M|||50|
|inactive|Battle timer is ON: inactive players will automatically lose when time's up. (requested by Garden Monke)
|
|t:|1784494170
|teamsize|p1|4
|teamsize|p2|4
|start
|switch|p1a: Grimmsnarl|Grimmsnarl, L50, M|100/100
|switch|p1b: Venusaur|Venusaur, L50, M|100/100
|switch|p2a: Gengar|Gengar, L50, F|100/100
|switch|p2b: Incineroar|Incineroar, L50, F|100/100
|-ability|p2b: Incineroar|Intimidate|boost
|-unboost|p1a: Grimmsnarl|atk|1
|-unboost|p1b: Venusaur|atk|1
|turn|1
|
|t:|1784494180
|detailschange|p2a: Gengar|Gengar-Mega, L50, F
|-mega|p2a: Gengar|Gengar|Gengarite
|detailschange|p1b: Venusaur|Venusaur-Mega, L50, M
|-mega|p1b: Venusaur|Venusaur|Venusaurite
|move|p2b: Incineroar|Fake Out|p1a: Grimmsnarl
|-damage|p1a: Grimmsnarl|89/100
|cant|p1a: Grimmsnarl|flinch
|move|p2a: Gengar|Perish Song|p2a: Gengar
|-start|p1a: Grimmsnarl|perish3|[silent]
|-start|p1b: Venusaur|perish3|[silent]
|-start|p2a: Gengar|perish3|[silent]
|-start|p2b: Incineroar|perish3|[silent]
|-fieldactivate|move: Perish Song
|move|p1b: Venusaur|Sleep Powder|p2b: Incineroar
|-status|p2b: Incineroar|slp|[from] move: Sleep Powder
|
|-start|p2a: Gengar|perish3
|-start|p1b: Venusaur|perish3
|-start|p1a: Grimmsnarl|perish3
|-start|p2b: Incineroar|perish3
|upkeep
|turn|2
|
|t:|1784494199
|move|p2a: Gengar|Protect|p2a: Gengar
|-singleturn|p2a: Gengar|Protect
|cant|p2b: Incineroar|slp
|move|p1a: Grimmsnarl|Light Screen|p1a: Grimmsnarl
|-sidestart|p1: thegreatestnone|move: Light Screen
|move|p1b: Venusaur|Earth Power|p2b: Incineroar
|-supereffective|p2b: Incineroar|1
|-damage|p2b: Incineroar|56/100 slp
|
|-start|p2a: Gengar|perish2
|-start|p1b: Venusaur|perish2
|-start|p1a: Grimmsnarl|perish2
|-start|p2b: Incineroar|perish2
|upkeep
|turn|3
|inactive|thegreatestnone has 30 seconds left.
|
|t:|1784494231
|move|p1a: Grimmsnarl|Parting Shot|p2a: Gengar
|-unboost|p2a: Gengar|atk|1
|-unboost|p2a: Gengar|spa|1
|
|t:|1784494234
|switch|p1a: Tyranitar|Tyranitar, L50, F|100/100|[from] Parting Shot
|-weather|Sandstorm|[from] ability: Sand Stream|[of] p1a: Tyranitar
|move|p2a: Gengar|Shadow Ball|p1a: Tyranitar
|-resisted|p1a: Tyranitar|1
|-damage|p1a: Tyranitar|93/100
|move|p1b: Venusaur|Earth Power|p2b: Incineroar
|-supereffective|p2b: Incineroar|1
|-damage|p2b: Incineroar|9/100 slp
|cant|p2b: Incineroar|slp
|
|-weather|Sandstorm|[upkeep]
|-damage|p2a: Gengar|93/100|[from] Sandstorm
|-damage|p1b: Venusaur|94/100|[from] Sandstorm
|-damage|p2b: Incineroar|3/100 slp|[from] Sandstorm
|-start|p2a: Gengar|perish1
|-start|p1b: Venusaur|perish1
|-start|p2b: Incineroar|perish1
|upkeep
|turn|4
|
|t:|1784494255
|switch|p2a: Sinistcha|Sinistcha, L50|100/100
|-heal|p2b: Incineroar|28/100 slp|[from] ability: Hospitality|[of] p2a: Sinistcha
|switch|p2b: Politoed|Politoed, L50, F|100/100
|-weather|RainDance|[from] ability: Drizzle|[of] p2b: Politoed
|move|p1a: Tyranitar|Knock Off|p2a: Sinistcha
|-supereffective|p2a: Sinistcha|1
|-enditem|p2a: Sinistcha|Colbur Berry|[eat]
|-enditem|p2a: Sinistcha|Colbur Berry|[weaken]
|-damage|p2a: Sinistcha|53/100
|move|p1b: Venusaur|Earth Power|p2b: Politoed
|-damage|p2b: Politoed|75/100
|
|-weather|RainDance|[upkeep]
|-start|p1b: Venusaur|perish0
|faint|p1b: Venusaur
|upkeep
|
|t:|1784494273
|switch|p1b: Excadrill|Excadrill, L50, M|100/100
|turn|5
|
|t:|1784494286
|switch|p2a: Incineroar|Incineroar, L50, F|28/100 slp
|-ability|p2a: Incineroar|Intimidate|boost
|-unboost|p1a: Tyranitar|atk|1
|-unboost|p1b: Excadrill|atk|1
|move|p1a: Tyranitar|Knock Off|p2a: Incineroar
|-resisted|p2a: Incineroar|1
|-damage|p2a: Incineroar|12/100 slp
|-enditem|p2a: Incineroar|Passho Berry|[from] move: Knock Off|[of] p1a: Tyranitar
|move|p1b: Excadrill|Rock Slide|p2b: Politoed|[spread] p2b
|-miss|p1b: Excadrill|p2a: Incineroar
|-damage|p2b: Politoed|61/100
|move|p2b: Politoed|Weather Ball|p1a: Tyranitar
|-supereffective|p1a: Tyranitar|1
|-crit|p1a: Tyranitar
|-damage|p1a: Tyranitar|0 fnt
|faint|p1a: Tyranitar
|
|-weather|RainDance|[upkeep]
|upkeep
|
|t:|1784494289
|switch|p1a: Grimmsnarl|Grimmsnarl, L50, M|89/100
|turn|6
|-message|thegreatestnone forfeited.
|
|win|Garden Monke
|raw|thegreatestnone's rating: 1226 → 1193(-33 for losing)
|raw|Garden Monke's rating: 1117 → 1150(+33 for winning)
|l|☆thegreatestnone
|player|p1|
