|j|☆SuperNovaKush
|j|☆gengarisgoated0094
|html|SuperNovaKushgengarisgoated0094    
|uhtml|bestof|Game 2 of a best-of-3
|t:|1785514529
|gametype|doubles
|player|p1|SuperNovaKush|red|
|player|p2|gengarisgoated0094|psychic|
|gen|9
|tier|[Gen 9 Champions] VGC 2026 Reg M-B (Bo3)
|rule|Species Clause: Limit one of each Pokémon
|rule|Item Clause: Limit 1 of each item
|clearpoke
|poke|p1|Hydreigon, L50, F|
|poke|p1|Primarina, L50, F|
|poke|p1|Corviknight, L50, F|
|poke|p1|Kangaskhan, L50, F|
|poke|p1|Delphox, L50, M|
|poke|p1|Venusaur, L50, M|
|poke|p2|Gengar, L50, M, shiny|
|poke|p2|Venusaur, L50, F, shiny|
|poke|p2|Alcremie, L50, F, shiny|
|poke|p2|Typhlosion-Hisui, L50, F|
|poke|p2|Volcarona, L50, M|
|poke|p2|Lopunny, L50, F|
|teampreview|4
|showteam|p1|Hydreigon||ChoiceScarf|Levitate|Snarl,DarkPulse,HeatWave,DracoMeteor|Modest||F|||50|]Primarina||LifeOrb|LiquidVoice|HyperVoice,Moonblast,CalmMind,Protect|Modest||F|||50|]Corviknight||SitrusBerry|MirrorArmor|Tailwind,IronHead,BodyPress,IronDefense|Bold||F|||50|]Kangaskhan||SilkScarf|Scrappy|FakeOut,LastResort|Adamant||F|||50|]Delphox||Delphoxite|Magician|HeatWave,Psychic,NastyPlot,Protect|Timid||M|||50|]Venusaur||Venusaurite|Chlorophyll|LeafStorm,Earthquake,SludgeBomb,Protect|Modest||M|||50|
|showteam|p2|Gengar||Gengarite|CursedBody|PerishSong,Protect,Substitute,ShadowBall|Timid||M|||50|]Venusaur||Venusaurite|Chlorophyll|Protect,EarthPower,GigaDrain,SludgeBomb|Modest||F|||50|]Alcremie||BabiriBerry|SweetVeil|Decorate,Encore,Endeavor,Protect|Bold||F|||50|]Typhlosion-Hisui||ChoiceScarf|Blaze|Eruption,ShadowBall,Overheat,FocusBlast|Modest||F|||50|]Volcarona||FocusSash|FlameBody|QuiverDance,HeatWave,GigaDrain,Protect|Modest||M|||50|]Lopunny||Lopunnite|CuteCharm|FakeOut,Uturn,Protect,CloseCombat|Jolly||F|||50|
|inactive|Battle timer is ON: inactive players will automatically lose when time's up. (requested by gengarisgoated0094)
|inactive|SuperNovaKush has 60 seconds left.
|inactive|gengarisgoated0094 has 60 seconds left.
|inactive|gengarisgoated0094 has 30 seconds left.
|inactive|gengarisgoated0094 has 20 seconds left.
|
|t:|1785514607
|teamsize|p1|4
|teamsize|p2|4
|start
|switch|p1a: Hydreigon|Hydreigon, L50, F|100/100
|switch|p1b: Delphox|Delphox, L50, M|100/100
|switch|p2a: Venusaur|Venusaur, L50, F, shiny|100/100
|switch|p2b: Alcremie|Alcremie, L50, F, shiny|100/100
|turn|1
|inactive|SuperNovaKush has 30 seconds left.
|
|t:|1785514637
|detailschange|p1b: Delphox|Delphox-Mega, L50, M
|-mega|p1b: Delphox|Delphox|Delphoxite
|move|p2a: Venusaur|Protect|p2a: Venusaur
|-singleturn|p2a: Venusaur|Protect
|move|p1a: Hydreigon|Snarl|p2b: Alcremie|[spread] p2b
|-activate|p2a: Venusaur|move: Protect
|-resisted|p2b: Alcremie|1
|-damage|p2b: Alcremie|89/100
|-unboost|p2b: Alcremie|spa|1
|move|p1b: Delphox|Psychic|p2a: Venusaur
|-activate|p2a: Venusaur|move: Protect
|move|p2b: Alcremie|Decorate|p2a: Venusaur
|-boost|p2a: Venusaur|atk|2
|-boost|p2a: Venusaur|spa|2
|
|upkeep
|turn|2
|inactive|gengarisgoated0094 has 30 seconds left.
|
|t:|1785514668
|detailschange|p2a: Venusaur|Venusaur-Mega, L50, F, shiny
|-mega|p2a: Venusaur|Venusaur|Venusaurite
|move|p1a: Hydreigon|Snarl|p2b: Alcremie|[spread] p2a,p2b
|-resisted|p2b: Alcremie|1
|-damage|p2a: Venusaur|79/100
|-damage|p2b: Alcremie|80/100
|-unboost|p2a: Venusaur|spa|1
|-unboost|p2b: Alcremie|spa|1
|move|p1b: Delphox|Psychic|p2a: Venusaur
|-supereffective|p2a: Venusaur|1
|-damage|p2a: Venusaur|1/100
|move|p2a: Venusaur|Sludge Bomb|p1b: Delphox
|-damage|p1b: Delphox|26/100
|move|p2b: Alcremie|Endeavor|p1a: Hydreigon
|-damage|p1a: Hydreigon|81/100
|
|upkeep
|turn|3
|inactive|SuperNovaKush has 30 seconds left.
|inactive|gengarisgoated0094 has 30 seconds left.
|
|t:|1785514696
|move|p2a: Venusaur|Protect|p2a: Venusaur
|-singleturn|p2a: Venusaur|Protect
|move|p1a: Hydreigon|Snarl|p2a: Venusaur|[spread] p2b
|-activate|p2a: Venusaur|move: Protect
|-resisted|p2b: Alcremie|1
|-damage|p2b: Alcremie|69/100
|-unboost|p2b: Alcremie|spa|1
|move|p1b: Delphox|Heat Wave|p2a: Venusaur|[spread] p2b
|-activate|p2a: Venusaur|move: Protect
|-damage|p2b: Alcremie|33/100
|move|p2b: Alcremie|Encore|p1a: Hydreigon
|-start|p1a: Hydreigon|Encore
|
|upkeep
|turn|4
|
|t:|1785514718
|move|p1a: Hydreigon|Snarl|p2b: Alcremie|[spread] p2a,p2b
|-resisted|p2b: Alcremie|1
|-damage|p2a: Venusaur|0 fnt
|-damage|p2b: Alcremie|24/100
|-unboost|p2b: Alcremie|spa|1
|faint|p2a: Venusaur
|move|p1b: Delphox|Heat Wave|p2b: Alcremie|[miss]
|-miss|p1b: Delphox|p2b: Alcremie
|move|p2b: Alcremie|Decorate|p2: Venusaur|[notarget]
|-fail|p2b: Alcremie
|
|upkeep
|
|t:|1785514736
|switch|p2a: Typhlosion|Typhlosion-Hisui, L50, F|100/100
|turn|5
|
|t:|1785514755
|switch|p1b: Kangaskhan|Kangaskhan, L50, F|100/100
|move|p1a: Hydreigon|Snarl|p2a: Typhlosion|[spread] p2a,p2b
|-supereffective|p2a: Typhlosion|1
|-resisted|p2b: Alcremie|1
|-damage|p2a: Typhlosion|40/100
|-damage|p2b: Alcremie|13/100
|-unboost|p2a: Typhlosion|spa|1
|-unboost|p2b: Alcremie|spa|1
|move|p2a: Typhlosion|Shadow Ball|p1b: Kangaskhan
|-immune|p1b: Kangaskhan
|move|p2b: Alcremie|Decorate|p2a: Typhlosion
|-boost|p2a: Typhlosion|atk|2
|-boost|p2a: Typhlosion|spa|2
|
|upkeep
|turn|6
|inactive|gengarisgoated0094 has 30 seconds left.
|
|t:|1785514780
|move|p2b: Alcremie|Protect|p2b: Alcremie
|-singleturn|p2b: Alcremie|Protect
|move|p1b: Kangaskhan|Fake Out|p2b: Alcremie
|-activate|p2b: Alcremie|move: Protect
|move|p1a: Hydreigon|Snarl|p2b: Alcremie|[spread] p2a
|-activate|p2b: Alcremie|move: Protect
|-supereffective|p2a: Typhlosion|1
|-damage|p2a: Typhlosion|0 fnt
|faint|p2a: Typhlosion
|
|-end|p1a: Hydreigon|Encore
|upkeep
|
|t:|1785514791
|switch|p2a: Lopunny|Lopunny, L50, F|100/100
|turn|7
|
|t:|1785514808
|move|p2a: Lopunny|Fake Out|p1a: Hydreigon
|-damage|p1a: Hydreigon|65/100
|cant|p1a: Hydreigon|flinch
|move|p1b: Kangaskhan|Last Resort|p2a: Lopunny
|-damage|p2a: Lopunny|0 fnt
|faint|p2a: Lopunny
|move|p2b: Alcremie|Endeavor|p1b: Kangaskhan
|-damage|p1b: Kangaskhan|11/100
|
|upkeep
|turn|8
|
|t:|1785514820
|move|p1a: Hydreigon|Snarl|p2b: Alcremie
|-resisted|p2b: Alcremie|1
|-damage|p2b: Alcremie|0 fnt
|faint|p2b: Alcremie
|
|win|SuperNovaKush
|c|☆SuperNovaKush|ggs
|l|☆gengarisgoated0094
|player|p2|
