|j|☆Jessditta
|j|☆dont make me walk
|html|Jessdittadont make me walk    
|uhtml|bestof|Game 3 of a best-of-3
|t:|1756478016
|gametype|doubles
|player|p1|Jessditta|hilda|1208
|player|p2|dont make me walk|red-masters3|1231
|gen|9
|tier|[Gen 9] VGC 2025 Reg H (Bo3)
|rated|
|rule|Species Clause: Limit one of each Pokémon
|rule|Item Clause: Limit 1 of each item
|clearpoke
|poke|p1|Indeedee, L50, M|
|poke|p1|Dondozo, L50, M|
|poke|p1|Weezing-Galar, L50, M|
|poke|p1|Tatsugiri-Droopy, L50, F|
|poke|p1|Typhlosion-Hisui, L50, F|
|poke|p1|Sneasler, L50, M|
|poke|p2|Ursaluna-Bloodmoon, L50, M|
|poke|p2|Indeedee, L50, M|
|poke|p2|Sneasler, L50, F|
|poke|p2|Incineroar, L50, M|
|poke|p2|Electabuzz, L50, M|
|poke|p2|Talonflame, L50, M|
|teampreview|4
|showteam|p1|Indeedee||ChoiceSpecs|PsychicSurge|ExpandingForce,DazzlingGleam,ShadowBall,Trick|||M|||50|,,,,,Psychic]Dondozo||Leftovers|Unaware|OrderUp,BodyPress,Earthquake,Protect|||M|||50|,,,,,Grass]Weezing-Galar||CovertCloak|NeutralizingGas|StrangeSteam,ToxicSpikes,PoisonGas,Protect|||M|||50|,,,,,Dark]Tatsugiri-Droopy||FocusSash|Commander|DracoMeteor,MuddyWater,HelpingHand,Protect|||F|||50|,,,,,Stellar]Typhlosion-Hisui||ChoiceScarf|Blaze|Eruption,ShadowBall,HeatWave,BlastBurn|||F|||50|,,,,,Fire]Sneasler||PsychicSeed|Unburden|DireClaw,CloseCombat,Acrobatics,FakeOut|||M|||50|,,,,,Fighting
|showteam|p2|Ursaluna-Bloodmoon||LifeOrb|MindsEye|Protect,EarthPower,HyperVoice,BloodMoon|||M|||50|,,,,,Normal]Indeedee||FocusSash|PsychicSurge|ExpandingForce,TeraBlast,TrickRoom,Protect|||M|||50|,,,,,Fighting]Sneasler||PsychicSeed|Unburden|DireClaw,CloseCombat,ThroatChop,Protect|||F|||50|,,,,,Dark]Incineroar||AssaultVest|Intimidate|FakeOut,KnockOff,FlareBlitz,Uturn|||M|||50|,,,,,Grass]Electabuzz||Eviolite|VitalSpirit|Electroweb,Taunt,FollowMe,Protect|||M|||50|,,,,,Ghost]Talonflame||CovertCloak|GaleWings|FlareBlitz,DualWingbeat,WillOWisp,Tailwind|||M|||50|,,,,,Fairy
|inactive|Battle timer is ON: inactive players will automatically lose when time's up. (requested by dont make me walk)
|inactive|Jessditta has 60 seconds left.
|
|t:|1756478068
|teamsize|p1|4
|teamsize|p2|4
|start
|switch|p1a: Indeedee|Indeedee, L50, M|100/100
|switch|p1b: Sneasler|Sneasler, L50, M|100/100
|switch|p2a: Talonflame|Talonflame, L50, M|100/100
|switch|p2b: Incineroar|Incineroar, L50, M|100/100
|-fieldstart|move: Psychic Terrain|[from] ability: Psychic Surge|[of] p1a: Indeedee
|-enditem|p1b: Sneasler|Psychic Seed
|-boost|p1b: Sneasler|spd|1|[from] item: Psychic Seed
|-ability|p2b: Incineroar|Intimidate|boost
|-unboost|p1a: Indeedee|atk|1
|-unboost|p1b: Sneasler|atk|1
|turn|1
|
|t:|1756478088
|move|p2a: Talonflame|Tailwind|p2a: Talonflame
|-sidestart|p2: dont make me walk|move: Tailwind
|move|p1b: Sneasler|Dire Claw|p2b: Incineroar
|-damage|p2b: Incineroar|68/100
|-status|p2b: Incineroar|slp
|cant|p2b: Incineroar|slp
|move|p1a: Indeedee|Expanding Force|p2b: Incineroar|[spread] p2a
|-immune|p2b: Incineroar
|-damage|p2a: Talonflame|0 fnt
|faint|p2a: Talonflame
|
|upkeep
|
|t:|1756478111
|switch|p2a: Ursaluna|Ursaluna-Bloodmoon, L50, M|100/100
|turn|2
|
|t:|1756478132
|-terastallize|p1b: Sneasler|Fighting
|move|p2a: Ursaluna|Protect|p2a: Ursaluna
|-singleturn|p2a: Ursaluna|Protect
|move|p1b: Sneasler|Close Combat|p2a: Ursaluna
|-activate|p2a: Ursaluna|move: Protect
|cant|p2b: Incineroar|slp
|move|p1a: Indeedee|Expanding Force|p2a: Ursaluna|[spread] 
|-activate|p2a: Ursaluna|move: Protect
|-immune|p2b: Incineroar
|
|upkeep
|turn|3
|
|t:|1756478147
|switch|p1b: Is Don|Dondozo, L50, M|100/100
|switch|p2a: Electabuzz|Electabuzz, L50, M|100/100
|switch|p1a: Is Good|Tatsugiri-Droopy, L50, F, shiny|100/100
|-activate|p1a: Is Good|ability: Commander|[of] p1b: Is Don
|-boost|p1b: Is Don|atk|2
|-boost|p1b: Is Don|spa|2
|-boost|p1b: Is Don|spe|2
|-boost|p1b: Is Don|def|2
|-boost|p1b: Is Don|spd|2
|cant|p2b: Incineroar|slp
|
|upkeep
|turn|4
|
|t:|1756478164
|move|p2a: Electabuzz|Electroweb|p1b: Is Don|[spread] p1b
|-miss|p2a: Electabuzz|p1a: Is Good
|-supereffective|p1b: Is Don
|-damage|p1b: Is Don|91/100
|-unboost|p1b: Is Don|spe|1
|-curestatus|p2b: Incineroar|slp|[msg]
|move|p2b: Incineroar|Knock Off|p1b: Is Don
|-damage|p1b: Is Don|78/100
|-enditem|p1b: Is Don|Leftovers|[from] move: Knock Off|[of] p2b: Incineroar
|move|p1b: Is Don|Earthquake|p2a: Electabuzz|[spread] p2a,p2b
|-miss|p1b: Is Don|p1a: Is Good
|-supereffective|p2a: Electabuzz
|-supereffective|p2b: Incineroar
|-damage|p2a: Electabuzz|50/100
|-damage|p2b: Incineroar|1/100
|
|-sideend|p2: dont make me walk|move: Tailwind
|upkeep
|turn|5
|inactive|Jessditta has 30 seconds left.
|
|t:|1756478193
|switch|p2b: Ursaluna|Ursaluna-Bloodmoon, L50, M|100/100
|-terastallize|p2a: Electabuzz|Ghost
|move|p2a: Electabuzz|Electroweb|p1a: Is Good|[spread] p1b
|-miss|p2a: Electabuzz|p1a: Is Good
|-supereffective|p1b: Is Don
|-damage|p1b: Is Don|68/100
|-unboost|p1b: Is Don|spe|1
|move|p1b: Is Don|Earthquake|p2b: Ursaluna|[spread] p2a,p2b
|-miss|p1b: Is Don|p1a: Is Good
|-damage|p2a: Electabuzz|25/100
|-damage|p2b: Ursaluna|76/100
|
|-fieldend|move: Psychic Terrain
|upkeep
|turn|6
|
|t:|1756478209
|move|p2a: Electabuzz|Electroweb|p1b: Is Don|[spread] p1b
|-miss|p2a: Electabuzz|p1a: Is Good
|-supereffective|p1b: Is Don
|-damage|p1b: Is Don|58/100
|-unboost|p1b: Is Don|spe|1
|move|p2b: Ursaluna|Blood Moon|p1b: Is Don
|-damage|p1b: Is Don|19/100
|-damage|p2b: Ursaluna|66/100|[from] item: Life Orb
|move|p1b: Is Don|Earthquake|p2a: Electabuzz|[spread] p2a,p2b
|-miss|p1b: Is Don|p1a: Is Good
|-damage|p2a: Electabuzz|0 fnt
|-damage|p2b: Ursaluna|40/100
|faint|p2a: Electabuzz
|
|upkeep
|
|t:|1756478212
|switch|p2a: Incineroar|Incineroar, L50, M|1/100
|-ability|p2a: Incineroar|Intimidate|boost
|-unboost|p1a: Is Good|atk|1
|-unboost|p1b: Is Don|atk|1
|turn|7
|-message|dont make me walk forfeited.
|
|win|Jessditta
|raw|Jessditta's rating: 1208 → 1235(+27 for winning)
|raw|dont make me walk's rating: 1231 → 1204(-27 for losing)
|l|☆Jessditta
|player|p1|
