|j|☆alejandrorr
|j|☆javivaarela
|html|alejandrorrjavivaarela    
|uhtml|bestof|Game 1 of a best-of-3
|t:|1784325419
|gametype|doubles
|player|p1|alejandrorr|266|
|player|p2|javivaarela|1|
|gen|9
|tier|[Gen 9 Champions] VGC 2026 Reg M-B (Bo3)
|rule|Species Clause: Limit one of each Pokémon
|rule|Item Clause: Limit 1 of each item
|clearpoke
|poke|p1|Snorlax, L50, M|
|poke|p1|Hawlucha, L50, M|
|poke|p1|Gengar, L50, M|
|poke|p1|Sinistcha, L50|
|poke|p1|Incineroar, L50, F|
|poke|p1|Politoed, L50, F|
|poke|p2|Blastoise, L50, F|
|poke|p2|Delphox, L50, M|
|poke|p2|Incineroar, L50, M|
|poke|p2|Sneasler, L50, M|
|poke|p2|Sinistcha, L50|
|poke|p2|Maushold-Four, L50|
|teampreview|4
|showteam|p1|Snorlax||Leftovers|ThickFat|Protect,BodyPress,Stockpile,Fissure|Relaxed||M|||50|]Hawlucha||Hawluchanite|Limber|Detect,Entrainment,CloseCombat,BraveBird|Jolly||M|||50|]Gengar||Gengarite|CursedBody|Protect,ShadowBall,Disable,PerishSong|Timid||M|||50|]Sinistcha||KasibBerry|Hospitality|MatchaGotcha,TrickRoom,Protect,RagePowder|Relaxed|||||50|]Incineroar||PasshoBerry|Intimidate|FakeOut,ThroatChop,Protect,PartingShot|Sassy||F|||50|]Politoed||SitrusBerry|Drizzle|Protect,WeatherBall,PerishSong,Encore|Calm||F|||50|
|showteam|p2|Blastoise||Blastoisinite|RainDish|WaterSpout,DarkPulse,ShellSmash,Protect|Modest||F|||50|]Delphox||Delphoxite|Blaze|HeatWave,Psyshock,NastyPlot,Protect|Timid||M|||50|]Incineroar||SitrusBerry|Intimidate|FakeOut,FlareBlitz,ThroatChop,PartingShot|Impish||M|||50|]Sneasler||FocusSash|PoisonTouch|FakeOut,CloseCombat,DireClaw,QuickGuard|Jolly||M|||50|]Sinistcha||KasibBerry|Hospitality|MatchaGotcha,LifeDew,RagePowder,Protect|Bold|||||50|]Maushold-Four||ChopleBerry|FriendGuard|SuperFang,Feint,FollowMe,Protect|Impish|||||50|
|inactive|Battle timer is ON: inactive players will automatically lose when time's up. (requested by alejandrorr)
|c|☆javivaarela|glhf
|inactive|javivaarela has 60 seconds left.
|inactive|javivaarela has 30 seconds left.
|
|t:|1784325499
|teamsize|p1|4
|teamsize|p2|4
|start
|switch|p1a: Sinistcha|Sinistcha, L50|100/100
|switch|p1b: Gengar|Gengar, L50, M|100/100
|switch|p2a: Blastoise|Blastoise, L50, F|100/100
|switch|p2b: Incineroar|Incineroar, L50, M|100/100
|-ability|p2b: Incineroar|Intimidate|boost
|-unboost|p1a: Sinistcha|atk|1
|-unboost|p1b: Gengar|atk|1
|turn|1
|inactive|alejandrorr has 30 seconds left.
|inactive|alejandrorr has 20 seconds left.
|inactive|alejandrorr has 15 seconds left.
|
|t:|1784325540
|detailschange|p1b: Gengar|Gengar-Mega, L50, M
|-mega|p1b: Gengar|Gengar|Gengarite
|detailschange|p2a: Blastoise|Blastoise-Mega, L50, F
|-mega|p2a: Blastoise|Blastoise|Blastoisinite
|move|p1a: Sinistcha|Rage Powder|p1a: Sinistcha
|-singleturn|p1a: Sinistcha|move: Rage Powder
|move|p1b: Gengar|Perish Song|p1b: Gengar
|-start|p1a: Sinistcha|perish3|[silent]
|-start|p1b: Gengar|perish3|[silent]
|-start|p2a: Blastoise|perish3|[silent]
|-start|p2b: Incineroar|perish3|[silent]
|-fieldactivate|move: Perish Song
|move|p2a: Blastoise|Dark Pulse|p1a: Sinistcha
|-supereffective|p1a: Sinistcha|1
|-damage|p1a: Sinistcha|11/100
|move|p2b: Incineroar|Throat Chop|p1a: Sinistcha
|-supereffective|p1a: Sinistcha|1
|-damage|p1a: Sinistcha|0 fnt
|faint|p1a: Sinistcha
|
|-start|p1b: Gengar|perish3
|-start|p2a: Blastoise|perish3
|-start|p2b: Incineroar|perish3
|upkeep
|inactive|alejandrorr has 30 seconds left.
|
|t:|1784325568
|switch|p1a: Incineroar|Incineroar, L50, F|100/100
|-ability|p1a: Incineroar|Intimidate|boost
|-unboost|p2a: Blastoise|atk|1
|-unboost|p2b: Incineroar|atk|1
|turn|2
|
|t:|1784325583
|move|p1a: Incineroar|Fake Out|p2a: Blastoise
|-damage|p2a: Blastoise|89/100
|move|p1b: Gengar|Disable|p2b: Incineroar
|-start|p2b: Incineroar|Disable|Throat Chop
|cant|p2a: Blastoise|flinch
|cant|p2b: Incineroar|Disable|Throat Chop
|
|-start|p1b: Gengar|perish2
|-start|p2a: Blastoise|perish2
|-start|p2b: Incineroar|perish2
|upkeep
|turn|3
|
|t:|1784325598
|move|p1b: Gengar|Protect|p1b: Gengar
|-singleturn|p1b: Gengar|Protect
|move|p1a: Incineroar|Protect|p1a: Incineroar
|-singleturn|p1a: Incineroar|Protect
|move|p2a: Blastoise|Shell Smash|p2a: Blastoise
|-unboost|p2a: Blastoise|def|1
|-unboost|p2a: Blastoise|spd|1
|-boost|p2a: Blastoise|atk|2
|-boost|p2a: Blastoise|spa|2
|-boost|p2a: Blastoise|spe|2
|move|p2b: Incineroar|Parting Shot|p1a: Incineroar
|-activate|p1a: Incineroar|move: Protect
|
|-start|p2a: Blastoise|perish1
|-start|p1b: Gengar|perish1
|-start|p2b: Incineroar|perish1
|upkeep
|turn|4
|inactive|alejandrorr has 30 seconds left.
|inactive|alejandrorr has 20 seconds left.
|inactive|alejandrorr has 15 seconds left.
|
|t:|1784325641
|switch|p1b: Politoed|Politoed, L50, F|100/100
|-weather|RainDance|[from] ability: Drizzle|[of] p1b: Politoed
|move|p1a: Incineroar|Protect|p1a: Incineroar
|-singleturn|p1a: Incineroar|Protect
|move|p2a: Blastoise|Water Spout|p1b: Politoed|[spread] p1b
|-activate|p1a: Incineroar|move: Protect
|-resisted|p1b: Politoed|1
|-damage|p1b: Politoed|41/100
|-enditem|p1b: Politoed|Sitrus Berry|[eat]
|-heal|p1b: Politoed|65/100|[from] item: Sitrus Berry
|move|p2b: Incineroar|Parting Shot|p1b: Politoed
|-unboost|p1b: Politoed|atk|1
|-unboost|p1b: Politoed|spa|1
|
|t:|1784325657
|switch|p2b: Sinistcha|Sinistcha, L50|100/100|[from] Parting Shot
|-heal|p2a: Blastoise|100/100|[from] ability: Hospitality|[of] p2b: Sinistcha
|
|-weather|RainDance|[upkeep]
|-start|p2a: Blastoise|perish0
|faint|p2a: Blastoise
|upkeep
|
|t:|1784325659
|switch|p2a: Incineroar|Incineroar, L50, M|100/100
|-ability|p2a: Incineroar|Intimidate|boost
|-unboost|p1a: Incineroar|atk|1
|-unboost|p1b: Politoed|atk|1
|turn|5
|inactive|alejandrorr has 30 seconds left.
|
|t:|1784325689
|move|p1b: Politoed|Weather Ball|p2a: Incineroar
|-supereffective|p2a: Incineroar|1
|-damage|p2a: Incineroar|39/100
|-enditem|p2a: Incineroar|Sitrus Berry|[eat]
|-heal|p2a: Incineroar|64/100|[from] item: Sitrus Berry
|move|p2b: Sinistcha|Matcha Gotcha|p1a: Incineroar|[spread] p1a
|-miss|p2b: Sinistcha|p1b: Politoed
|-resisted|p1a: Incineroar|1
|-damage|p1a: Incineroar|90/100
|move|p2a: Incineroar|Throat Chop|p1a: Incineroar
|-resisted|p1a: Incineroar|1
|-crit|p1a: Incineroar
|-damage|p1a: Incineroar|69/100
|-start|p1a: Incineroar|Throat Chop|[silent]
|move|p1a: Incineroar|Throat Chop|p2b: Sinistcha
|-supereffective|p2b: Sinistcha|1
|-damage|p2b: Sinistcha|61/100
|-start|p2b: Sinistcha|Throat Chop|[silent]
|
|-weather|RainDance|[upkeep]
|upkeep
|turn|6
|inactive|alejandrorr has 30 seconds left.
|
|t:|1784325718
|switch|p2a: Maushold|Maushold-Four, L50|100/100
|move|p1b: Politoed|Weather Ball|p2a: Maushold
|-damage|p2a: Maushold|63/100
|move|p2b: Sinistcha|Matcha Gotcha|p1b: Politoed|[spread] p1a,p1b
|-resisted|p1a: Incineroar|1
|-supereffective|p1b: Politoed|1
|-damage|p1a: Incineroar|60/100
|-heal|p2b: Sinistcha|67/100|[from] drain|[of] p1a: Incineroar
|-damage|p1b: Politoed|32/100
|-heal|p2b: Sinistcha|85/100|[from] drain|[of] p1b: Politoed
|move|p1a: Incineroar|Throat Chop|p2a: Maushold
|-damage|p2a: Maushold|41/100
|-start|p2a: Maushold|Throat Chop|[silent]
|
|-weather|RainDance|[upkeep]
|-end|p2b: Sinistcha|Throat Chop|[silent]
|-end|p1a: Incineroar|Throat Chop|[silent]
|upkeep
|turn|7
|inactive|alejandrorr has 30 seconds left.
|inactive|alejandrorr has 20 seconds left.
|
|t:|1784325755
|switch|p1a: Gengar|Gengar-Mega, L50, M|100/100
|move|p2a: Maushold|Protect|p2a: Maushold
|-singleturn|p2a: Maushold|Protect
|move|p1b: Politoed|Perish Song|p1b: Politoed
|-start|p1a: Gengar|perish3|[silent]
|-start|p1b: Politoed|perish3|[silent]
|-start|p2a: Maushold|perish3|[silent]
|-start|p2b: Sinistcha|perish3|[silent]
|-fieldactivate|move: Perish Song
|move|p2b: Sinistcha|Matcha Gotcha|p1a: Gengar|[spread] p1a
|-miss|p2b: Sinistcha|p1b: Politoed
|-resisted|p1a: Gengar|1
|-damage|p1a: Gengar|87/100
|-heal|p2b: Sinistcha|92/100|[from] drain|[of] p1a: Gengar
|
|-weather|RainDance|[upkeep]
|-end|p2a: Maushold|Throat Chop|[silent]
|-start|p1a: Gengar|perish3
|-start|p2a: Maushold|perish3
|-start|p1b: Politoed|perish3
|-start|p2b: Sinistcha|perish3
|upkeep
|turn|8
|inactive|alejandrorr has 30 seconds left.
|inactive|javivaarela has 30 seconds left.
|
|t:|1784325782
|move|p1a: Gengar|Protect|p1a: Gengar
|-singleturn|p1a: Gengar|Protect
|move|p1b: Politoed|Protect|p1b: Politoed
|-singleturn|p1b: Politoed|Protect
|move|p2a: Maushold|Follow Me|p2a: Maushold
|-singleturn|p2a: Maushold|move: Follow Me
|move|p2b: Sinistcha|Matcha Gotcha|p1a: Gengar|[spread] 
|-activate|p1a: Gengar|move: Protect
|-activate|p1b: Politoed|move: Protect
|
|-weather|none
|-start|p1a: Gengar|perish2
|-start|p2a: Maushold|perish2
|-start|p1b: Politoed|perish2
|-start|p2b: Sinistcha|perish2
|upkeep
|turn|9
|inactive|alejandrorr has 30 seconds left.
|
|t:|1784325810
|switch|p1b: Incineroar|Incineroar, L50, F|60/100
|-ability|p1b: Incineroar|Intimidate|boost
|-unboost|p2a: Maushold|atk|1
|-unboost|p2b: Sinistcha|atk|1
|move|p1a: Gengar|Disable|p2b: Sinistcha
|-start|p2b: Sinistcha|Disable|Matcha Gotcha
|move|p2a: Maushold|Super Fang|p1b: Incineroar
|-damage|p1b: Incineroar|30/100
|cant|p2b: Sinistcha|Disable|Matcha Gotcha
|
|-start|p1a: Gengar|perish1
|-start|p2a: Maushold|perish1
|-start|p2b: Sinistcha|perish1
|upkeep
|turn|10
|inactive|javivaarela has 30 seconds left.
|
|t:|1784325841
|switch|p1a: Politoed|Politoed, L50, F|32/100
|-weather|RainDance|[from] ability: Drizzle|[of] p1a: Politoed
|switch|p2b: Incineroar|Incineroar, L50, M|64/100
|-ability|p2b: Incineroar|Intimidate|boost
|-unboost|p1a: Politoed|atk|1
|-unboost|p1b: Incineroar|atk|1
|move|p1b: Incineroar|Protect|p1b: Incineroar
|-singleturn|p1b: Incineroar|Protect
|move|p2a: Maushold|Super Fang|p1b: Incineroar
|-activate|p1b: Incineroar|move: Protect
|
|-weather|RainDance|[upkeep]
|-start|p2a: Maushold|perish0
|faint|p2a: Maushold
|upkeep
|
|t:|1784325844
|switch|p2a: Sinistcha|Sinistcha, L50|92/100
|-heal|p2b: Incineroar|89/100|[from] ability: Hospitality|[of] p2a: Sinistcha
|turn|11
|inactive|alejandrorr has 30 seconds left.
|inactive|alejandrorr has 20 seconds left.
|
|t:|1784325881
|switch|p1b: Gengar|Gengar-Mega, L50, M|87/100
|move|p1a: Politoed|Perish Song|p1a: Politoed
|-start|p1a: Politoed|perish3|[silent]
|-start|p1b: Gengar|perish3|[silent]
|-start|p2a: Sinistcha|perish3|[silent]
|-start|p2b: Incineroar|perish3|[silent]
|-fieldactivate|move: Perish Song
|move|p2a: Sinistcha|Matcha Gotcha|p1b: Gengar|[spread] p1a,p1b
|-supereffective|p1a: Politoed|1
|-resisted|p1b: Gengar|1
|-damage|p1a: Politoed|1/100
|-heal|p2a: Sinistcha|100/100|[from] drain|[of] p1a: Politoed
|-damage|p1b: Gengar|73/100
|move|p2b: Incineroar|Throat Chop|p1b: Gengar
|-supereffective|p1b: Gengar|1
|-damage|p1b: Gengar|3/100
|-start|p1b: Gengar|Throat Chop|[silent]
|
|-weather|RainDance|[upkeep]
|-start|p1b: Gengar|perish3
|-start|p1a: Politoed|perish3
|-start|p2a: Sinistcha|perish3
|-start|p2b: Incineroar|perish3
|upkeep
|turn|12
|
|t:|1784325900
|move|p1b: Gengar|Protect|p1b: Gengar
|-singleturn|p1b: Gengar|Protect
|move|p1a: Politoed|Protect|p1a: Politoed
|-singleturn|p1a: Politoed|Protect
|move|p2a: Sinistcha|Matcha Gotcha|p1b: Gengar|[spread] 
|-activate|p1a: Politoed|move: Protect
|-activate|p1b: Gengar|move: Protect
|move|p2b: Incineroar|Throat Chop|p1a: Politoed
|-activate|p1a: Politoed|move: Protect
|
|-weather|RainDance|[upkeep]
|-end|p1b: Gengar|Throat Chop|[silent]
|-start|p1b: Gengar|perish2
|-start|p1a: Politoed|perish2
|-start|p2a: Sinistcha|perish2
|-start|p2b: Incineroar|perish2
|upkeep
|turn|13
|
|t:|1784325917
|move|p1b: Gengar|Protect|p1b: Gengar
|-singleturn|p1b: Gengar|Protect
|move|p1a: Politoed|Protect||[still]
|-fail|p1a: Politoed
|move|p2a: Sinistcha|Rage Powder|p2a: Sinistcha
|-singleturn|p2a: Sinistcha|move: Rage Powder
|move|p2b: Incineroar|Throat Chop|p1b: Gengar
|-activate|p1b: Gengar|move: Protect
|
|-weather|RainDance|[upkeep]
|-start|p1b: Gengar|perish1
|-start|p1a: Politoed|perish1
|-start|p2a: Sinistcha|perish1
|-start|p2b: Incineroar|perish1
|upkeep
|turn|14
|
|t:|1784325931
|move|p1b: Gengar|Protect|p1b: Gengar
|-singleturn|p1b: Gengar|Protect
|move|p1a: Politoed|Protect|p1a: Politoed
|-singleturn|p1a: Politoed|Protect
|move|p2a: Sinistcha|Matcha Gotcha|p1b: Gengar|[spread] 
|-activate|p1a: Politoed|move: Protect
|-activate|p1b: Gengar|move: Protect
|move|p2b: Incineroar|Throat Chop|p1b: Gengar
|-activate|p1b: Gengar|move: Protect
|
|-weather|none
|-start|p1b: Gengar|perish0
|-start|p1a: Politoed|perish0
|-start|p2a: Sinistcha|perish0
|-start|p2b: Incineroar|perish0
|faint|p1b: Gengar
|faint|p1a: Politoed
|faint|p2a: Sinistcha
|faint|p2b: Incineroar
|
|win|alejandrorr
||javivaarela is ready for game 2.
|inactive|alejandrorr has 30 seconds to confirm battle start!
|inactive|alejandrorr has 20 seconds to confirm battle start!
|inactive|alejandrorr has 10 seconds to confirm battle start!
||alejandrorr is ready for game 2.
|uhtml|next|Next: Game 2 of 3
