|j|☆jowemama
|j|☆miglamjim
|html|jowemamamiglamjim    
|uhtml|bestof|Game 2 of a best-of-3
|t:|1756393289
|gametype|doubles
|player|p1|jowemama|scientistf|1099
|player|p2|miglamjim|steven|1000
|gen|9
|tier|[Gen 9] VGC 2025 Reg H (Bo3)
|rated|
|rule|Species Clause: Limit one of each Pokémon
|rule|Item Clause: Limit 1 of each item
|clearpoke
|poke|p1|Pelipper, L50, M|
|poke|p1|Archaludon, L50, F|
|poke|p1|Dragonite, L50, F|
|poke|p1|Incineroar, L50, M|
|poke|p1|Ursaluna, L50, M|
|poke|p1|Sinistcha, L50|
|poke|p2|Incineroar, L50, M|
|poke|p2|Amoonguss, L50, M|
|poke|p2|Ursaluna-Bloodmoon, L50, M|
|poke|p2|Sneasler, L50, F|
|poke|p2|Gholdengo, L50|
|poke|p2|Dragonite, L50, M|
|teampreview|4
|showteam|p1|Pelipper||FocusSash|Drizzle|WeatherBall,Hurricane,Tailwind,Protect|||M|||50|,,,,,Ghost]Archaludon||AssaultVest|Stamina|FlashCannon,ElectroShot,BodyPress,Snarl|||F|||50|,,,,,Bug]Dragonite||LoadedDice|Multiscale|ScaleShot,Tailwind,Haze,Protect|||F|||50|,,,,,Fairy]Incineroar||SafetyGoggles|Intimidate|KnockOff,WillOWisp,PartingShot,FakeOut|||M|||50|,,,,,Bug]Ursaluna||FlameOrb|Guts|Facade,HeadlongRush,Earthquake,Protect|||M|||50|,,,,,Ghost]Sinistcha||SitrusBerry|Hospitality|MatchaGotcha,LifeDew,RagePowder,TrickRoom||||||50|,,,,,Dark
|showteam|p2|Incineroar||SafetyGoggles|Intimidate|FlareBlitz,KnockOff,PartingShot,FakeOut|||M|||50|,,,,,Ghost]Amoonguss||SitrusBerry|Regenerator|Spore,RagePowder,PollenPuff,Protect|||M|||50|,,,,,Psychic]Ursaluna-Bloodmoon||AssaultVest|MindsEye|HyperVoice,BloodMoon,EarthPower,VacuumWave|||M|||50|,,,,,Water]Sneasler||FocusSash|Unburden|CloseCombat,DireClaw,ThroatChop,Protect|||F|||50|,,,,,Stellar]Gholdengo||LifeOrb|GoodasGold|MakeItRain,ShadowBall,NastyPlot,Protect||||||50|,,,,,Water]Dragonite||LoadedDice|Multiscale|ScaleShot,Tailwind,Haze,Protect|||M|||50|,,,,,Fairy
|inactive|Battle timer is ON: inactive players will automatically lose when time's up. (requested by miglamjim)
|inactive|jowemama also wants the timer to be on.
|
|t:|1756393305
|teamsize|p1|4
|teamsize|p2|4
|start
|switch|p1a: Dragonite|Dragonite, L50, F|100/100
|switch|p1b: Ursaluna|Ursaluna, L50, M|100/100
|switch|p2a: Incineroar|Incineroar, L50, M|100/100
|switch|p2b: Sneasler|Sneasler, L50, F|100/100
|-ability|p2a: Incineroar|Intimidate|boost
|-unboost|p1a: Dragonite|atk|1
|-unboost|p1b: Ursaluna|atk|1
|turn|1
|
|t:|1756393321
|switch|p1b: Archaludon|Archaludon, L50, F|100/100
|move|p2a: Incineroar|Fake Out|p1a: Dragonite
|-damage|p1a: Dragonite|94/100
|move|p2b: Sneasler|Dire Claw|p1b: Archaludon
|-immune|p1b: Archaludon
|cant|p1a: Dragonite|flinch
|
|upkeep
|turn|2
|inactive|jowemama has 30 seconds left.
|inactive|jowemama has 20 seconds left.
|inactive|jowemama has 15 seconds left.
|inactive|jowemama has 10 seconds left.
|
|t:|1756393367
|-terastallize|p1b: Archaludon|Bug
|move|p2b: Sneasler|Dire Claw|p1a: Dragonite
|-damage|p1a: Dragonite|43/100
|move|p1a: Dragonite|Scale Shot|p1b: Archaludon
|-damage|p1b: Archaludon|93/100
|-ability|p1b: Archaludon|Stamina|boost
|-boost|p1b: Archaludon|def|1
|-damage|p1b: Archaludon|88/100
|-ability|p1b: Archaludon|Stamina|boost
|-boost|p1b: Archaludon|def|1
|-damage|p1b: Archaludon|84/100
|-ability|p1b: Archaludon|Stamina|boost
|-boost|p1b: Archaludon|def|1
|-damage|p1b: Archaludon|81/100
|-ability|p1b: Archaludon|Stamina|boost
|-boost|p1b: Archaludon|def|1
|-damage|p1b: Archaludon|78/100
|-ability|p1b: Archaludon|Stamina|boost
|-boost|p1b: Archaludon|def|1
|-hitcount|p1b: Archaludon|5
|-unboost|p1a: Dragonite|def|1
|-boost|p1a: Dragonite|spe|1
|move|p1b: Archaludon|Body Press|p2a: Incineroar
|-supereffective|p2a: Incineroar
|-damage|p2a: Incineroar|0 fnt
|faint|p2a: Incineroar
|
|upkeep
|
|t:|1756393373
|switch|p2a: Gholdengo|Gholdengo, L50|100/100
|turn|3
|
|t:|1756393382
|-terastallize|p2a: Gholdengo|Water
|move|p1a: Dragonite|Tailwind|p1a: Dragonite
|-sidestart|p1: jowemama|move: Tailwind
|move|p1b: Archaludon|Snarl|p2a: Gholdengo|[spread] p2a,p2b
|-resisted|p2b: Sneasler
|-damage|p2a: Gholdengo|86/100
|-damage|p2b: Sneasler|93/100
|-unboost|p2a: Gholdengo|spa|1
|-unboost|p2b: Sneasler|spa|1
|move|p2b: Sneasler|Dire Claw|p1b: Archaludon
|-damage|p1b: Archaludon|69/100
|-status|p1b: Archaludon|slp
|-ability|p1b: Archaludon|Stamina|boost
|-boost|p1b: Archaludon|def|1
|move|p2a: Gholdengo|Make It Rain|p1b: Archaludon|[spread] p1a,p1b
|-damage|p1a: Dragonite|0 fnt
|-damage|p1b: Archaludon|42/100 slp
|-unboost|p2a: Gholdengo|spa|1
|faint|p1a: Dragonite
|-damage|p2a: Gholdengo|77/100|[from] item: Life Orb
|
|upkeep
|
|t:|1756393401
|switch|p1a: Ursaluna|Ursaluna, L50, M|100/100
|turn|4
|
|t:|1756393420
|switch|p2a: Ursaluna|Ursaluna-Bloodmoon, L50, M|100/100
|cant|p1b: Archaludon|slp
|move|p1a: Ursaluna|Headlong Rush|p2b: Sneasler
|-supereffective|p2b: Sneasler
|-damage|p2b: Sneasler|0 fnt
|-unboost|p1a: Ursaluna|def|1
|-unboost|p1a: Ursaluna|spd|1
|faint|p2b: Sneasler
|
|-status|p1a: Ursaluna|brn|[from] item: Flame Orb
|upkeep
|
|t:|1756393422
|switch|p2b: Gholdengo|Gholdengo, L50, tera:Water|77/100
|turn|5
|inactive|jowemama has 30 seconds left.
|
|t:|1756393457
|switch|p1a: Incineroar|Incineroar, L50, M|100/100
|-ability|p1a: Incineroar|Intimidate|boost
|-unboost|p2a: Ursaluna|atk|1
|-unboost|p2b: Gholdengo|atk|1
|-curestatus|p1b: Archaludon|slp|[msg]
|move|p1b: Archaludon|Body Press|p2a: Ursaluna
|-supereffective|p2a: Ursaluna
|-damage|p2a: Ursaluna|0 fnt
|faint|p2a: Ursaluna
|move|p2b: Gholdengo|Make It Rain|p1a: Incineroar|[spread] p1a,p1b
|-resisted|p1a: Incineroar
|-crit|p1b: Archaludon
|-damage|p1a: Incineroar|67/100
|-damage|p1b: Archaludon|0 fnt
|-unboost|p2b: Gholdengo|spa|1
|faint|p1b: Archaludon
|-damage|p2b: Gholdengo|67/100|[from] item: Life Orb
|
|upkeep
|
|t:|1756393464
|switch|p1b: Ursaluna|Ursaluna, L50, M|100/100 brn
|turn|6
|c|☆miglamjim|gg
|-message|miglamjim forfeited.
|raw|jowemama's rating: 1099 → 1117(+18 for winning)
|raw|miglamjim's rating: 1000 → 1000(+0 for losing)
|
|win|jowemama
|c|☆jowemama|gg
|l|☆miglamjim
|player|p2|
