|j|☆toobadforalt
|j|☆bigj009
|html|toobadforaltbigj009    
|uhtml|bestof|Game 2 of a best-of-3
|t:|1757798909
|gametype|doubles
|player|p1|toobadforalt|2|1238
|player|p2|bigj009|lucas|1214
|gen|9
|tier|[Gen 9] VGC 2025 Reg H (Bo3)
|rated|
|rule|Species Clause: Limit one of each Pokémon
|rule|Item Clause: Limit 1 of each item
|clearpoke
|poke|p1|Dragapult, L50, M|
|poke|p1|Magmar, L50, F|
|poke|p1|Rillaboom, L50, M|
|poke|p1|Kingambit, L50, M|
|poke|p1|Sneasler, L50, F|
|poke|p1|Milotic, L50, F|
|poke|p2|Pelipper, L50, F|
|poke|p2|Gholdengo, L50|
|poke|p2|Basculegion, L50, M|
|poke|p2|Sneasler, L50, M|
|poke|p2|Garchomp, L50, F|
|poke|p2|Archaludon, L50, F|
|teampreview|4
|showteam|p1|Dragapult||ChoiceBand|ClearBody|DragonDarts,Uturn,PhantomForce,TeraBlast|||M|||50|,,,,,Ghost]Magmar||Eviolite|VitalSpirit|FollowMe,Overheat,Taunt,WillOWisp|||F|||50|,,,,,Ghost]Rillaboom||AssaultVest|GrassySurge|FakeOut,WoodHammer,GrassyGlide,HighHorsepower|||M|||50|,,,,,Fire]Kingambit||SafetyGoggles|Defiant|SwordsDance,KowtowCleave,SuckerPunch,Protect|||M|||50|,,,,,Flying]Sneasler||FocusSash|Unburden|FakeOut,DireClaw,CloseCombat,Protect|||F|||50|,,,,,Stellar]Milotic||Leftovers|Competitive|Scald,IcyWind,Haze,Protect|||F|||50|,,,,,Grass
|showteam|p2|Pelipper||CovertCloak|Drizzle|Tailwind,Hurricane,WeatherBall,HelpingHand|||F|||50|,,,,,Grass]Gholdengo||ChoiceSpecs|GoodasGold|MakeItRain,ShadowBall,Thunderbolt,PowerGem||||||50|,,,,,Steel]Basculegion||ChoiceBand|SwiftSwim|AquaJet,LastRespects,FlipTurn,WaveCrash|||M|||50|,,,,,Water]Sneasler||WhiteHerb|Unburden|FakeOut,CloseCombat,DireClaw,ThroatChop|||M|||50|,,,,,Dark]Garchomp||ClearAmulet|RoughSkin|DragonClaw,Earthquake,StompingTantrum,Protect|||F|||50|,,,,,Fire]Archaludon||AssaultVest|Stamina|BodyPress,DragonPulse,ElectroShot,Snarl|||F|||50|,,,,,Grass
|inactive|Battle timer is ON: inactive players will automatically lose when time's up. (requested by bigj009)
|inactive|toobadforalt has 60 seconds left.
|
|t:|1757798958
|teamsize|p1|4
|teamsize|p2|4
|start
|switch|p1a: Dragapult|Dragapult, L50, M|100/100
|switch|p1b: Rillaboom|Rillaboom, L50, M|100/100
|switch|p2a: Basculegion|Basculegion, L50, M|100/100
|switch|p2b: Pelipper|Pelipper, L50, F|100/100
|-fieldstart|move: Grassy Terrain|[from] ability: Grassy Surge|[of] p1b: Rillaboom
|-weather|RainDance|[from] ability: Drizzle|[of] p2b: Pelipper
|turn|1
|
|t:|1757798972
|switch|p2a: Archaludon|Archaludon, L50, F|100/100
|-terastallize|p1a: Dragapult|Ghost
|move|p1b: Rillaboom|Grassy Glide|p2b: Pelipper
|-damage|p2b: Pelipper|59/100
|move|p1a: Dragapult|Tera Blast|p2b: Pelipper|[anim] Tera Blast Ghost
|-damage|p2b: Pelipper|0 fnt
|faint|p2b: Pelipper
|
|-weather|RainDance|[upkeep]
|upkeep
|
|t:|1757798981
|switch|p2b: Sneasler|Sneasler, L50, M|100/100
|turn|2
|
|t:|1757798994
|switch|p1b: Kingambit|Kingambit, L50, M|100/100
|move|p2b: Sneasler|Fake Out|p1b: Kingambit
|-resisted|p1b: Kingambit
|-damage|p1b: Kingambit|95/100
|move|p1a: Dragapult|Tera Blast|p2b: Sneasler|[anim] Tera Blast Ghost
|-damage|p2b: Sneasler|0 fnt
|faint|p2b: Sneasler
|move|p2a: Archaludon|Electro Shot||[still]
|-prepare|p2a: Archaludon|Electro Shot
|-boost|p2a: Archaludon|spa|1
|-anim|p2a: Archaludon|Electro Shot|p1a: Dragapult
|-damage|p1a: Dragapult|5/100
|
|-weather|RainDance|[upkeep]
|-heal|p1a: Dragapult|11/100|[from] Grassy Terrain
|-heal|p1b: Kingambit|100/100|[from] Grassy Terrain
|upkeep
|
|t:|1757798999
|switch|p2b: Basculegion|Basculegion, L50, M|100/100
|turn|3
|
|t:|1757799015
|switch|p1a: Rillaboom|Rillaboom, L50, M|100/100
|move|p2b: Basculegion|Aqua Jet|p1a: Rillaboom
|-resisted|p1a: Rillaboom
|-damage|p1a: Rillaboom|80/100
|move|p1b: Kingambit|Sucker Punch||[still]
|-fail|p1b: Kingambit
|move|p2a: Archaludon|Body Press|p1b: Kingambit
|-supereffective|p1b: Kingambit
|-damage|p1b: Kingambit|31/100
|
|-weather|RainDance|[upkeep]
|-heal|p1a: Rillaboom|86/100|[from] Grassy Terrain
|-heal|p1b: Kingambit|37/100|[from] Grassy Terrain
|upkeep
|turn|4
|
|t:|1757799036
|-terastallize|p2b: Basculegion|Water
|move|p2b: Basculegion|Aqua Jet|p1b: Kingambit
|-damage|p1b: Kingambit|0 fnt
|faint|p1b: Kingambit
|move|p1a: Rillaboom|Grassy Glide|p2b: Basculegion
|-supereffective|p2b: Basculegion
|-damage|p2b: Basculegion|6/100
|move|p2a: Archaludon|Electro Shot||[still]
|-prepare|p2a: Archaludon|Electro Shot
|-boost|p2a: Archaludon|spa|1
|-anim|p2a: Archaludon|Electro Shot|p1a: Rillaboom
|-resisted|p1a: Rillaboom
|-crit|p1a: Rillaboom
|-damage|p1a: Rillaboom|29/100
|
|-weather|RainDance|[upkeep]
|-heal|p2b: Basculegion|12/100|[from] Grassy Terrain
|-heal|p1a: Rillaboom|35/100|[from] Grassy Terrain
|upkeep
|
|t:|1757799045
|switch|p1b: Sneasler|Sneasler, L50, F|100/100
|turn|5
|
|t:|1757799068
|switch|p1a: Dragapult|Dragapult, L50, M, tera:Ghost|11/100
|move|p1b: Sneasler|Fake Out|p2b: Basculegion
|-damage|p2b: Basculegion|0 fnt
|faint|p2b: Basculegion
|move|p2a: Archaludon|Electro Shot||[still]
|-prepare|p2a: Archaludon|Electro Shot
|-boost|p2a: Archaludon|spa|1
|-anim|p2a: Archaludon|Electro Shot|p1a: Dragapult
|-damage|p1a: Dragapult|0 fnt
|faint|p1a: Dragapult
|
|-weather|none
|-fieldend|move: Grassy Terrain
|upkeep
|
|t:|1757799080
|switch|p1a: Rillaboom|Rillaboom, L50, M|35/100
|-fieldstart|move: Grassy Terrain|[from] ability: Grassy Surge|[of] p1a: Rillaboom
|turn|6
|
|t:|1757799090
|move|p1a: Rillaboom|Fake Out|p2a: Archaludon
|-resisted|p2a: Archaludon
|-damage|p2a: Archaludon|95/100
|-ability|p2a: Archaludon|Stamina|boost
|-boost|p2a: Archaludon|def|1
|move|p1b: Sneasler|Close Combat|p2a: Archaludon
|-supereffective|p2a: Archaludon
|-damage|p2a: Archaludon|40/100
|-unboost|p1b: Sneasler|def|1
|-unboost|p1b: Sneasler|spd|1
|-ability|p2a: Archaludon|Stamina|boost
|-boost|p2a: Archaludon|def|1
|cant|p2a: Archaludon|flinch
|
|-heal|p1a: Rillaboom|42/100|[from] Grassy Terrain
|-heal|p2a: Archaludon|46/100|[from] Grassy Terrain
|upkeep
|turn|7
|
|t:|1757799109
|move|p1b: Sneasler|Close Combat|p2a: Archaludon
|-supereffective|p2a: Archaludon
|-damage|p2a: Archaludon|0 fnt
|-unboost|p1b: Sneasler|def|1
|-unboost|p1b: Sneasler|spd|1
|faint|p2a: Archaludon
|
|win|toobadforalt
|raw|toobadforalt's rating: 1238 → 1261(+23 for winning)
|raw|bigj009's rating: 1214 → 1191(-23 for losing)
|l|☆bigj009
|player|p2|
