|j|☆jomivgc
|j|☆nootbaar
|html|jomivgcnootbaar    
|uhtml|bestof|Game 3 of a best-of-3
|t:|1783738085
|gametype|doubles
|player|p1|jomivgc|falkner-gen2|1128
|player|p2|nootbaar|1|1148
|gen|9
|tier|[Gen 9 Champions] VGC 2026 Reg M-B (Bo3)
|rated|
|rule|Species Clause: Limit one of each Pokémon
|rule|Item Clause: Limit 1 of each item
|clearpoke
|poke|p1|Grimmsnarl, L50, M|
|poke|p1|Basculegion, L50, M|
|poke|p1|Meganium, L50, F|
|poke|p1|Pelipper, L50, F|
|poke|p1|Archaludon, L50, F|
|poke|p1|Swampert, L50, F|
|poke|p2|Tyranitar, L50, M|
|poke|p2|Whimsicott, L50, M|
|poke|p2|Incineroar, L50, M|
|poke|p2|Rotom-Wash, L50|
|poke|p2|Garchomp, L50, F|
|poke|p2|Metagross, L50|
|teampreview|4
|showteam|p1|Grimmsnarl||LightClay|Prankster|SpiritBreak,Reflect,LightScreen,PartingShot|Careful||M|||50|]Basculegion||ChoiceScarf|Adaptability|WaveCrash,LastRespects,AquaJet,FlipTurn|Jolly||M|||50|]Meganium||Meganiumite|Overgrow|SolarBeam,EarthPower,DazzlingGleam,Protect|Modest||F|||50|]Pelipper||FocusSash|Drizzle|Hurricane,WeatherBall,Tailwind,RainDance|Modest||F|||50|]Archaludon||Leftovers|Stamina|FlashCannon,DragonPulse,ElectroShot,Protect|Modest||F|||50|]Swampert||Swampertite|Damp|WaveCrash,Earthquake,IcePunch,Protect|Adamant||F|||50|
|showteam|p2|Tyranitar||Tyranitarite|SandStream|Protect,DragonDance,RockSlide,KnockOff|Jolly||M|||50|]Whimsicott||FairyFeather|Prankster|Protect,Tailwind,Encore,Moonblast|Modest||M|||50|]Incineroar||Charcoal|Intimidate|Protect,FakeOut,PartingShot,FlareBlitz|Adamant||M|||50|]Rotom-Wash||ChoiceScarf|Levitate|WillOWisp,Electroweb,Thunderbolt,HydroPump|Modest|||||50|]Garchomp||LifeOrb|RoughSkin|Protect,StompingTantrum,DragonClaw,Earthquake|Jolly||F|||50|]Metagross||Metagrossite|ClearBody|Protect,Trailblaze,IronHead,PsychicFangs|Jolly|||||50|
|inactive|Battle timer is ON: inactive players will automatically lose when time's up. (requested by nootbaar)
|inactive|jomivgc also wants the timer to be on.
|
|t:|1783738110
|teamsize|p1|4
|teamsize|p2|4
|start
|switch|p1a: Pelipper|Pelipper, L50, F|100/100
|switch|p1b: Swampert|Swampert, L50, F|100/100
|switch|p2a: Tyranitar|Tyranitar, L50, M|100/100
|switch|p2b: Incineroar|Incineroar, L50, M|100/100
|-weather|Sandstorm|[from] ability: Sand Stream|[of] p2a: Tyranitar
|-weather|RainDance|[from] ability: Drizzle|[of] p1a: Pelipper
|-ability|p2b: Incineroar|Intimidate|boost
|-unboost|p1a: Pelipper|atk|1
|-unboost|p1b: Swampert|atk|1
|turn|1
|inactive|jomivgc has 30 seconds left.
|
|t:|1783738137
|detailschange|p2a: Tyranitar|Tyranitar-Mega, L50, M
|-mega|p2a: Tyranitar|Tyranitar|Tyranitarite
|-weather|Sandstorm|[from] ability: Sand Stream|[of] p2a: Tyranitar
|detailschange|p1b: Swampert|Swampert-Mega, L50, F
|-mega|p1b: Swampert|Swampert|Swampertite
|move|p2b: Incineroar|Fake Out|p1b: Swampert
|-damage|p1b: Swampert|89/100
|move|p2a: Tyranitar|Dragon Dance|p2a: Tyranitar
|-boost|p2a: Tyranitar|atk|1
|-boost|p2a: Tyranitar|spe|1
|move|p1a: Pelipper|Rain Dance|p1a: Pelipper
|-weather|RainDance
|cant|p1b: Swampert|flinch
|
|-weather|RainDance|[upkeep]
|upkeep
|turn|2
|inactive|nootbaar has 30 seconds left.
|
|t:|1783738166
|switch|p2b: Whimsicott|Whimsicott, L50, M|100/100
|move|p2a: Tyranitar|Protect|p2a: Tyranitar
|-singleturn|p2a: Tyranitar|Protect
|move|p1b: Swampert|Wave Crash|p2b: Whimsicott
|-resisted|p2b: Whimsicott|1
|-damage|p2b: Whimsicott|53/100
|-damage|p1b: Swampert|75/100|[from] Recoil
|move|p1a: Pelipper|Tailwind|p1a: Pelipper
|-sidestart|p1: jomivgc|move: Tailwind
|
|-weather|RainDance|[upkeep]
|upkeep
|turn|3
|inactive|nootbaar has 30 seconds left.
|inactive|nootbaar has 20 seconds left.
|inactive|nootbaar has 15 seconds left.
|inactive|nootbaar has 10 seconds left.
|
|t:|1783738212
|switch|p2a: Incineroar|Incineroar, L50, M|100/100
|-ability|p2a: Incineroar|Intimidate|boost
|-unboost|p1a: Pelipper|atk|1
|-unboost|p1b: Swampert|atk|1
|move|p2b: Whimsicott|Tailwind|p2b: Whimsicott
|-sidestart|p2: nootbaar|move: Tailwind
|move|p1b: Swampert|Wave Crash|p2a: Incineroar
|-supereffective|p2a: Incineroar|1
|-damage|p2a: Incineroar|0 fnt
|faint|p2a: Incineroar
|-damage|p1b: Swampert|43/100|[from] Recoil
|move|p1a: Pelipper|Weather Ball|p2b: Whimsicott
|-resisted|p2b: Whimsicott|1
|-damage|p2b: Whimsicott|6/100
|
|-weather|RainDance|[upkeep]
|upkeep
|inactive|nootbaar has 30 seconds left.
|
|t:|1783738237
|switch|p2a: Garchomp|Garchomp, L50, F|100/100
|turn|4
|inactive|jomivgc has 30 seconds left.
|
|t:|1783738268
|switch|p2b: Tyranitar|Tyranitar-Mega, L50, M|100/100
|-weather|Sandstorm|[from] ability: Sand Stream|[of] p2b: Tyranitar
|move|p1b: Swampert|Protect|p1b: Swampert
|-singleturn|p1b: Swampert|Protect
|move|p2a: Garchomp|Dragon Claw|p1b: Swampert
|-activate|p1b: Swampert|move: Protect
|move|p1a: Pelipper|Hurricane|p2b: Tyranitar
|-resisted|p2b: Tyranitar|1
|-damage|p2b: Tyranitar|88/100
|
|-weather|Sandstorm|[upkeep]
|-damage|p1a: Pelipper|94/100|[from] Sandstorm
|upkeep
|turn|5
|inactive|jomivgc has 30 seconds left.
|
|t:|1783738294
|move|p2a: Garchomp|Dragon Claw|p1b: Swampert
|-damage|p1b: Swampert|0 fnt
|faint|p1b: Swampert
|-damage|p2a: Garchomp|90/100|[from] item: Life Orb
|move|p2b: Tyranitar|Rock Slide|p1a: Pelipper
|-supereffective|p1a: Pelipper|1
|-damage|p1a: Pelipper|0 fnt
|faint|p1a: Pelipper
|
|-weather|Sandstorm|[upkeep]
|-sideend|p1: jomivgc|move: Tailwind
|upkeep
|
|t:|1783738304
|switch|p1a: Archaludon|Archaludon, L50, F|100/100
|switch|p1b: Basculegion|Basculegion, L50, M|100/100
|turn|6
|
|t:|1783738328
|move|p1a: Archaludon|Protect|p1a: Archaludon
|-singleturn|p1a: Archaludon|Protect
|move|p2a: Garchomp|Stomping Tantrum|p1a: Archaludon
|-activate|p1a: Archaludon|move: Protect
|move|p2b: Tyranitar|Knock Off|p1b: Basculegion
|-supereffective|p1b: Basculegion|1
|-damage|p1b: Basculegion|0 fnt
|-enditem|p1b: Basculegion|Choice Scarf|[from] move: Knock Off|[of] p2b: Tyranitar
|faint|p1b: Basculegion
|
|-weather|Sandstorm|[upkeep]
|-sideend|p2: nootbaar|move: Tailwind
|upkeep
|turn|7
|
|t:|1783738343
|move|p2a: Garchomp|Stomping Tantrum|p1a: Archaludon
|-supereffective|p1a: Archaludon|1
|-damage|p1a: Archaludon|28/100
|-ability|p1a: Archaludon|Stamina|boost
|-boost|p1a: Archaludon|def|1
|-damage|p2a: Garchomp|80/100|[from] item: Life Orb
|move|p2b: Tyranitar|Knock Off|p1a: Archaludon
|-damage|p1a: Archaludon|3/100
|-ability|p1a: Archaludon|Stamina|boost
|-boost|p1a: Archaludon|def|1
|-enditem|p1a: Archaludon|Leftovers|[from] move: Knock Off|[of] p2b: Tyranitar
|move|p1a: Archaludon|Flash Cannon|p2b: Tyranitar
|-supereffective|p2b: Tyranitar|1
|-damage|p2b: Tyranitar|49/100
|-unboost|p2b: Tyranitar|spd|1
|
|-weather|Sandstorm|[upkeep]
|upkeep
|turn|8
|-message|jomivgc forfeited.
|
|win|nootbaar
|raw|jomivgc's rating: 1128 → 1104(-24 for losing)
|raw|nootbaar's rating: 1148 → 1172(+24 for winning)
|l|☆jomivgc
|player|p1|
|j|☆jomivgc
|player|p1|jomivgc|falkner-gen2|
