|j|☆Draxolotl
|j|☆marcosdeltasena31
|html|Draxolotlmarcosdeltasena31    
|uhtml|bestof|Game 2 of a best-of-3
|t:|1754604431
|gametype|doubles
|player|p1|Draxolotl|shelly|1190
|player|p2|marcosdeltasena31|hilbert|1297
|gen|9
|tier|[Gen 9] VGC 2025 Reg H (Bo3)
|rated|
|rule|Species Clause: Limit one of each Pokémon
|rule|Item Clause: Limit 1 of each item
|clearpoke
|poke|p1|Tyranitar, L50, F|
|poke|p1|Basculegion, L50, M|
|poke|p1|Corviknight, L50, F|
|poke|p1|Magmar, L50, M|
|poke|p1|Annihilape, L50, F|
|poke|p1|Archaludon, L50, F|
|poke|p2|Dragonite, L50, F|
|poke|p2|Sneasler, L50, F|
|poke|p2|Volcarona, L50, F|
|poke|p2|Rillaboom, L50, M|
|poke|p2|Kingambit, L50, F|
|poke|p2|Electabuzz, L50, F|
|teampreview|4
|showteam|p1|Tyranitar||AssaultVest|SandStream|RockSlide,KnockOff,TeraBlast,LowKick|||F|||50|,,,,,Flying]Basculegion||ChoiceScarf|Adaptability|WaveCrash,LastRespects,TeraBlast,FlipTurn|||M|||50|,,,,,Fighting]Corviknight||RockyHelmet|MirrorArmor|BraveBird,HeavySlam,Roost,Tailwind|||F|||50|,,,,,Dragon]Magmar||Eviolite|VitalSpirit|Protect,HeatWave,ClearSmog,FollowMe|||M|||50|,,,,,Water]Annihilape||SafetyGoggles|Defiant|Protect,CloseCombat,FinalGambit,RageFist|||F|||50|,,,,,Fairy]Archaludon||PowerHerb|Sturdy|Protect,ElectroShot,DracoMeteor,Thunderbolt|||F|||50|,,,,,Electric
|showteam|p2|Dragonite||LoadedDice|Multiscale|ScaleShot,ExtremeSpeed,Haze,Protect|||F|||50|,,,,,Fairy]Sneasler||FocusSash|PoisonTouch|DireClaw,CloseCombat,FakeOut,Coaching|||F|||50|,,,,,Ghost]Volcarona||CovertCloak|FlameBody|HeatWave,TeraBlast,QuiverDance,Protect|||F|||50|,,,,,Fairy]Rillaboom||AssaultVest|GrassySurge|WoodHammer,FakeOut,GrassyGlide,HighHorsepower|||M|||50|,,,,,Fire]Kingambit||BlackGlasses|Defiant|KowtowCleave,SwordsDance,SuckerPunch,Protect|||F|||50|,,,,,Dark]Electabuzz||Eviolite|VitalSpirit|Electroweb,FollowMe,Taunt,Protect|||F|||50|,,,,,Ghost
|
|t:|1754604475
|teamsize|p1|4
|teamsize|p2|4
|start
|switch|p1a: Annihilape|Annihilape, L50, F|100/100
|switch|p1b: Magmar|Magmar, L50, M|100/100
|switch|p2a: Dragonite|Dragonite, L50, F|100/100
|switch|p2b: Sneasler|Sneasler, L50, F|100/100
|turn|1
|
|t:|1754604492
|move|p2a: Dragonite|Protect|p2a: Dragonite
|-singleturn|p2a: Dragonite|Protect
|move|p2b: Sneasler|Coaching|p2a: Dragonite
|-boost|p2a: Dragonite|atk|1
|-boost|p2a: Dragonite|def|1
|move|p1a: Annihilape|Final Gambit|p2a: Dragonite
|-activate|p2a: Dragonite|move: Protect
|move|p1b: Magmar|Heat Wave|p2b: Sneasler|[spread] p2b
|-activate|p2a: Dragonite|move: Protect
|-damage|p2b: Sneasler|67/100
|
|upkeep
|turn|2
|
|t:|1754604506
|move|p1b: Magmar|Follow Me|p1b: Magmar
|-singleturn|p1b: Magmar|move: Follow Me
|move|p2b: Sneasler|Close Combat|p1b: Magmar
|-crit|p1b: Magmar
|-damage|p1b: Magmar|32/100
|-unboost|p2b: Sneasler|def|1
|-unboost|p2b: Sneasler|spd|1
|move|p1a: Annihilape|Final Gambit|p2a: Dragonite
|-damage|p2a: Dragonite|0 fnt
|faint|p1a: Annihilape
|faint|p2a: Dragonite
|
|upkeep
|
|t:|1754604519
|switch|p1a: Tyranitar|Tyranitar, L50, F|100/100
|switch|p2a: Volcarona|Volcarona, L50, F|100/100
|-weather|Sandstorm|[from] ability: Sand Stream|[of] p1a: Tyranitar
|turn|3
|
|t:|1754604536
|-terastallize|p1a: Tyranitar|Flying
|move|p2a: Volcarona|Protect|p2a: Volcarona
|-singleturn|p2a: Volcarona|Protect
|move|p1b: Magmar|Follow Me|p1b: Magmar
|-singleturn|p1b: Magmar|move: Follow Me
|move|p2b: Sneasler|Close Combat|p1b: Magmar
|-damage|p1b: Magmar|0 fnt
|-unboost|p2b: Sneasler|def|1
|-unboost|p2b: Sneasler|spd|1
|faint|p1b: Magmar
|move|p1a: Tyranitar|Rock Slide|p2b: Sneasler|[spread] p2b
|-activate|p2a: Volcarona|move: Protect
|-resisted|p2b: Sneasler
|-damage|p2b: Sneasler|21/100
|
|-weather|Sandstorm|[upkeep]
|-damage|p2b: Sneasler|15/100|[from] Sandstorm
|-damage|p2a: Volcarona|94/100|[from] Sandstorm
|-damage|p1a: Tyranitar|95/100|[from] Sandstorm
|upkeep
|
|t:|1754604541
|switch|p1b: Corviknight|Corviknight, L50, F|100/100
|turn|4
|
|t:|1754604556
|switch|p2a: Electabuzz|Electabuzz, L50, F|100/100
|move|p2b: Sneasler|Dire Claw|p1a: Tyranitar
|-damage|p1a: Tyranitar|58/100
|move|p1b: Corviknight|Brave Bird|p2a: Electabuzz
|-resisted|p2a: Electabuzz
|-damage|p2a: Electabuzz|87/100
|-damage|p1b: Corviknight|97/100|[from] Recoil
|move|p1a: Tyranitar|Rock Slide|p2b: Sneasler|[spread] p2a
|-miss|p1a: Tyranitar|p2b: Sneasler
|-damage|p2a: Electabuzz|66/100
|
|-weather|Sandstorm|[upkeep]
|-damage|p2b: Sneasler|10/100|[from] Sandstorm
|-damage|p2a: Electabuzz|60/100|[from] Sandstorm
|-damage|p1a: Tyranitar|52/100|[from] Sandstorm
|upkeep
|turn|5
|
|t:|1754604576
|move|p2b: Sneasler|Dire Claw|p1a: Tyranitar
|-crit|p1a: Tyranitar
|-damage|p1a: Tyranitar|0 fnt
|faint|p1a: Tyranitar
|move|p2a: Electabuzz|Electroweb|p1b: Corviknight
|-supereffective|p1b: Corviknight
|-damage|p1b: Corviknight|60/100
|-ability|p1b: Corviknight|Mirror Armor
|-unboost|p2a: Electabuzz|spe|1
|move|p1b: Corviknight|Tailwind|p1b: Corviknight
|-sidestart|p1: Draxolotl|move: Tailwind
|
|-weather|Sandstorm|[upkeep]
|-damage|p2b: Sneasler|4/100|[from] Sandstorm
|-damage|p2a: Electabuzz|54/100|[from] Sandstorm
|upkeep
|turn|6
|c|☆Draxolotl|come on man
|-message|Draxolotl forfeited.
|
|win|marcosdeltasena31
|raw|Draxolotl's rating: 1190 → 1172(-18 for losing)
|raw|marcosdeltasena31's rating: 1297 → 1315(+18 for winning)
