|j|☆luis el fentaniler
|j|☆the_ag_is_fake
|html|luis el fentanilerthe_ag_is_fake    
|uhtml|bestof|Game 1 of a best-of-3
|t:|1755426298
|gametype|doubles
|player|p1|luis el fentaniler|hilbert-masters|1218
|player|p2|the_ag_is_fake|candice|1199
|gen|9
|tier|[Gen 9] VGC 2025 Reg H (Bo3)
|rated|
|rule|Species Clause: Limit one of each Pokémon
|rule|Item Clause: Limit 1 of each item
|clearpoke
|poke|p1|Pelipper, L50, M|
|poke|p1|Archaludon, L50, M|
|poke|p1|Basculegion, L50, M|
|poke|p1|Amoonguss, L50, M|
|poke|p1|Incineroar, L50, M|
|poke|p1|Rillaboom, L50, M|
|poke|p2|Indeedee-F, L50, F|
|poke|p2|Hatterene, L50, F|
|poke|p2|Torkoal, L50, F|
|poke|p2|Charizard, L50, M|
|poke|p2|Lilligant-Hisui, L50, F|
|poke|p2|Kingambit, L50, F|
|teampreview|4
|showteam|p1|Pelipper||FocusSash|Drizzle|Protect,Tailwind,WeatherBall,Hurricane|||M|||50|,,,,,Ghost]Archaludon||AssaultVest|Stamina|BodyPress,ElectroShot,DracoMeteor,FlashCannon|||M|||50|,,,,,Grass]Basculegion||ChoiceBand|SwiftSwim|LastRespects,FlipTurn,WaveCrash,AquaJet|||M|||50|,,,,,Water]Amoonguss||RockyHelmet|Regenerator|Protect,ClearSmog,Spore,RagePowder|||M|||50|,,,,,Water]Incineroar||SafetyGoggles|Intimidate|FakeOut,KnockOff,PartingShot,Taunt|||M|||50|,,,,,Ghost]Rillaboom||LoadedDice|GrassySurge|FakeOut,BulletSeed,GrassyGlide,Uturn|||M|||50|,,,,,Fire
|showteam|p2|Indeedee-F||PsychicSeed|PsychicSurge|FollowMe,Psychic,HelpingHand,TrickRoom|||F|||50|,,,,,Grass]Hatterene||LifeOrb|MagicBounce|ExpandingForce,DazzlingGleam,TrickRoom,Protect|||F|||50|,,,,,Psychic]Torkoal||Charcoal|Drought|Eruption,HeatWave,EarthPower,Protect|||F|||50|,,,,,Fire]Charizard||ChoiceScarf|SolarPower|HeatWave,WeatherBall,Overheat,AirSlash|||M|||50|,,,,,Fire]Lilligant-Hisui||FocusSash|Chlorophyll|CloseCombat,SleepPowder,AfterYou,Protect|||F|||50|,,,,,Ghost]Kingambit||AssaultVest|Defiant|KowtowCleave,SuckerPunch,IronHead,LowKick|||F|||50|,,,,,Dark
|inactive|Battle timer is ON: inactive players will automatically lose when time's up. (requested by the_ag_is_fake)
|
|t:|1755426322
|teamsize|p1|4
|teamsize|p2|4
|start
|switch|p1a: Incineroar|Incineroar, L50, M|100/100
|switch|p1b: Amoonguss|Amoonguss, L50, M|100/100
|switch|p2a: Hatterene|Hatterene, L50, F|100/100
|switch|p2b: Indeedee|Indeedee-F, L50, F|100/100
|-fieldstart|move: Psychic Terrain|[from] ability: Psychic Surge|[of] p2b: Indeedee
|-enditem|p2b: Indeedee|Psychic Seed
|-boost|p2b: Indeedee|spd|1|[from] item: Psychic Seed
|-ability|p1a: Incineroar|Intimidate|boost
|-unboost|p2a: Hatterene|atk|1
|-unboost|p2b: Indeedee|atk|1
|turn|1
|
|t:|1755426342
|-terastallize|p1b: Amoonguss|Water
|move|p1a: Incineroar|Knock Off|p2a: Hatterene
|-damage|p2a: Hatterene|58/100
|-enditem|p2a: Hatterene|Life Orb|[from] move: Knock Off|[of] p1a: Incineroar
|move|p2b: Indeedee|Psychic|p1b: Amoonguss
|-damage|p1b: Amoonguss|73/100
|move|p1b: Amoonguss|Spore|p2b: Indeedee
|-status|p2b: Indeedee|slp|[from] move: Spore
|move|p2a: Hatterene|Trick Room|p2a: Hatterene
|-fieldstart|move: Trick Room|[of] p2a: Hatterene
|
|upkeep
|turn|2
|inactive|luis el fentaniler has 30 seconds left.
|
|t:|1755426377
|switch|p2b: Torkoal|Torkoal, L50, F|100/100
|-weather|SunnyDay|[from] ability: Drought|[of] p2b: Torkoal
|move|p2a: Hatterene|Dazzling Gleam|p1a: Incineroar|[spread] p1a,p1b
|-damage|p1a: Incineroar|72/100
|-damage|p1b: Amoonguss|44/100
|move|p1b: Amoonguss|Clear Smog|p2b: Torkoal
|-damage|p2b: Torkoal|82/100
|-clearboost|p2b: Torkoal
|move|p1a: Incineroar|Parting Shot|p2a: Hatterene
|move|p2a: Hatterene|Parting Shot|p1a: Incineroar|[from] ability: Magic Bounce
|-unboost|p1a: Incineroar|atk|1
|-unboost|p1a: Incineroar|spa|1
|
|t:|1755426390
|switch|p2a: Indeedee|Indeedee-F, L50, F|100/100 slp|[from] Parting Shot
|
|-weather|SunnyDay|[upkeep]
|upkeep
|turn|3
|
|t:|1755426407
|switch|p2b: Hatterene|Hatterene, L50, F|58/100
|switch|p1b: Pelipper|Pelipper, L50, M|100/100
|-weather|RainDance|[from] ability: Drizzle|[of] p1b: Pelipper
|move|p1a: Incineroar|Parting Shot|p2b: Hatterene
|move|p2b: Hatterene|Parting Shot|p1a: Incineroar|[from] ability: Magic Bounce
|-unboost|p1a: Incineroar|atk|1
|-unboost|p1a: Incineroar|spa|1
|
|t:|1755426423
|switch|p2b: Torkoal|Torkoal, L50, F|82/100|[from] Parting Shot
|-weather|SunnyDay|[from] ability: Drought|[of] p2b: Torkoal
|cant|p2a: Indeedee|slp
|
|-weather|SunnyDay|[upkeep]
|upkeep
|turn|4
|
|t:|1755426442
|switch|p1b: Basculegion|Basculegion, L50, M|100/100
|move|p2b: Torkoal|Eruption|p1b: Basculegion|[spread] p1a,p1b
|-resisted|p1a: Incineroar
|-resisted|p1b: Basculegion
|-damage|p1a: Incineroar|46/100
|-damage|p1b: Basculegion|62/100
|-curestatus|p2a: Indeedee|slp|[msg]
|move|p2a: Indeedee|Psychic|p1b: Basculegion
|-damage|p1b: Basculegion|17/100
|move|p1a: Incineroar|Parting Shot|p2b: Torkoal
|-unboost|p2b: Torkoal|atk|1
|-unboost|p2b: Torkoal|spa|1
|
|t:|1755426456
|switch|p1a: Pelipper|Pelipper, L50, M|100/100|[from] Parting Shot
|-weather|RainDance|[from] ability: Drizzle|[of] p1a: Pelipper
|
|-weather|RainDance|[upkeep]
|upkeep
|turn|5
|inactive|luis el fentaniler has 30 seconds left.
|
|t:|1755426484
|switch|p2b: Charizard|Charizard, L50, M|100/100
|switch|p1b: Incineroar|Incineroar, L50, M|46/100
|-ability|p1b: Incineroar|Intimidate|boost
|-unboost|p2a: Indeedee|atk|1
|-unboost|p2b: Charizard|atk|1
|move|p2a: Indeedee|Psychic|p1b: Incineroar
|-immune|p1b: Incineroar
|move|p1a: Pelipper|Weather Ball|p2a: Indeedee
|-damage|p2a: Indeedee|41/100
|
|-weather|RainDance|[upkeep]
|-fieldend|move: Trick Room
|-fieldend|move: Psychic Terrain
|upkeep
|turn|6
|inactive|luis el fentaniler has 30 seconds left.
|
|t:|1755426511
|switch|p1a: Basculegion|Basculegion, L50, M|17/100
|switch|p2a: Torkoal|Torkoal, L50, F|82/100
|-weather|SunnyDay|[from] ability: Drought|[of] p2a: Torkoal
|-terastallize|p2b: Charizard|Fire
|move|p1b: Incineroar|Fake Out|p2b: Charizard
|-damage|p2b: Charizard|85/100
|cant|p2b: Charizard|flinch
|
|-weather|SunnyDay|[upkeep]
|-damage|p2b: Charizard|73/100|[from] ability: Solar Power|[of] p2b: Charizard
|upkeep
|turn|7
|
|t:|1755426531
|switch|p2b: Indeedee|Indeedee-F, L50, F|41/100
|-fieldstart|move: Psychic Terrain|[from] ability: Psychic Surge|[of] p2b: Indeedee
|switch|p1b: Pelipper|Pelipper, L50, M|100/100
|-weather|RainDance|[from] ability: Drizzle|[of] p1b: Pelipper
|move|p1a: Basculegion|Flip Turn|p2b: Indeedee
|-damage|p2b: Indeedee|0 fnt
|faint|p2b: Indeedee
|
|t:|1755426544
|switch|p1a: Amoonguss|Amoonguss, L50, M, tera:Water|77/100|[from] Flip Turn
|move|p2a: Torkoal|Heat Wave|p1b: Pelipper|[spread] p1a,p1b
|-resisted|p1a: Amoonguss
|-resisted|p1b: Pelipper
|-damage|p1a: Amoonguss|70/100
|-damage|p1b: Pelipper|86/100
|
|-weather|RainDance|[upkeep]
|upkeep
|
|t:|1755426550
|switch|p2b: Hatterene|Hatterene, L50, F|58/100
|turn|8
|-message|the_ag_is_fake forfeited.
|raw|luis el fentaniler's rating: 1218 → 1242(+24 for winning)
|raw|the_ag_is_fake's rating: 1199 → 1175(-24 for losing)
|
|win|luis el fentaniler
|l|☆the_ag_is_fake
|player|p2|
