|j|☆infamous coak
|j|☆predatorssg
|html|infamous coakpredatorssg    
|uhtml|bestof|Game 2 of a best-of-3
|t:|1786025617
|gametype|doubles
|player|p1|infamous coak|1|1075
|player|p2|predatorssg|2|1182
|gen|9
|tier|[Gen 9 Champions] VGC 2026 Reg M-B (Bo3)
|rated|
|rule|Species Clause: Limit one of each Pokémon
|rule|Item Clause: Limit 1 of each item
|clearpoke
|poke|p1|Tyranitar, L50, M|
|poke|p1|Metagross, L50|
|poke|p1|Corviknight, L50, F|
|poke|p1|Farigiraf, L50, F|
|poke|p1|Armarouge, L50, F|
|poke|p1|Scrafty, L50, M|
|poke|p2|Archaludon, L50, M|
|poke|p2|Pelipper, L50, F|
|poke|p2|Grimmsnarl, L50, M|
|poke|p2|Swampert, L50, M|
|poke|p2|Talonflame, L50, F|
|poke|p2|Floette-Eternal, L50, F|
|teampreview|4
|showteam|p1|Tyranitar||Tyranitarite|SandStream|RockSlide,KnockOff,DragonDance,Protect|Adamant||M|||50|]Metagross||Metagrossite|ClearBody|MeteorMash,PsychicFangs,Protect,StompingTantrum|Jolly|||||50|]Corviknight||Leftovers|MirrorArmor|Tailwind,BulkUp,DualWingbeat,BodyPress|Adamant||F|||50|]Farigiraf||ColburBerry|ArmorTail|TrickRoom,PsychicNoise,Thunderbolt,HelpingHand|Quiet||F|||50|]Armarouge|||FlashFire|ArmorCannon,AuraSphere,Psychic,Protect|Modest||F|||50|]Scrafty||RoseliBerry|Intimidate|FakeOut,DrainPunch,KnockOff,PoisonJab|Adamant||M|||50|
|showteam|p2|Archaludon||Leftovers|Stamina|ElectroShot,AuraSphere,FlashCannon,Protect|Modest||M|||50|]Pelipper||SitrusBerry|Drizzle|HelpingHand,WeatherBall,Hurricane,WideGuard|Modest||F|||50|]Grimmsnarl||LightClay|Prankster|PartingShot,SpiritBreak,Reflect,LightScreen|Calm||M|||50|]Swampert||Swampertite|Torrent|WaveCrash,Earthquake,IcePunch,Protect|Adamant||M|||50|]Talonflame||SharpBeak|GaleWings|Protect,Tailwind,RainDance,DualWingbeat|Jolly||F|||50|]Floette-Eternal||Floettite|FlowerVeil|DazzlingGleam,Moonblast,LightofRuin,Protect|Modest||F|||50|
|
|t:|1786025645
|teamsize|p1|4
|teamsize|p2|4
|start
|switch|p1a: Tyranitar|Tyranitar, L50, M|100/100
|switch|p1b: Corviknight|Corviknight, L50, F|100/100
|switch|p2a: Pelipper|Pelipper, L50, F|100/100
|switch|p2b: Swampert|Swampert, L50, M|100/100
|-weather|RainDance|[from] ability: Drizzle|[of] p2a: Pelipper
|-weather|Sandstorm|[from] ability: Sand Stream|[of] p1a: Tyranitar
|turn|1
|inactive|Battle timer is ON: inactive players will automatically lose when time's up. (requested by infamous coak)
|
|t:|1786025661
|switch|p2a: Archaludon|Archaludon, L50, M|100/100
|detailschange|p2b: Swampert|Swampert-Mega, L50, M
|-mega|p2b: Swampert|Swampert|Swampertite
|move|p2b: Swampert|Wave Crash|p1a: Tyranitar
|-supereffective|p1a: Tyranitar|1
|-damage|p1a: Tyranitar|0 fnt
|faint|p1a: Tyranitar
|-damage|p2b: Swampert|66/100|[from] Recoil
|move|p1b: Corviknight|Tailwind|p1b: Corviknight
|-sidestart|p1: infamous coak|move: Tailwind
|
|-weather|Sandstorm|[upkeep]
|upkeep
|
|t:|1786025675
|switch|p1a: Armarouge|Armarouge, L50, F|100/100
|turn|2
|
|t:|1786025685
|switch|p2b: Pelipper|Pelipper, L50, F|100/100
|-weather|RainDance|[from] ability: Drizzle|[of] p2b: Pelipper
|move|p1a: Armarouge|Aura Sphere|p2a: Archaludon
|-supereffective|p2a: Archaludon|1
|-damage|p2a: Archaludon|25/100
|-ability|p2a: Archaludon|Stamina|boost
|-boost|p2a: Archaludon|def|1
|move|p1b: Corviknight|Bulk Up|p1b: Corviknight
|-boost|p1b: Corviknight|atk|1
|-boost|p1b: Corviknight|def|1
|move|p2a: Archaludon|Electro Shot||[still]
|-prepare|p2a: Archaludon|Electro Shot
|-boost|p2a: Archaludon|spa|1
|-anim|p2a: Archaludon|Electro Shot|p1b: Corviknight
|-supereffective|p1b: Corviknight|1
|-damage|p1b: Corviknight|0 fnt
|faint|p1b: Corviknight
|
|-weather|RainDance|[upkeep]
|-heal|p2a: Archaludon|31/100|[from] item: Leftovers
|upkeep
|
|t:|1786025697
|switch|p1b: Scrafty|Scrafty, L50, M|100/100
|-ability|p1b: Scrafty|Intimidate|boost
|-unboost|p2a: Archaludon|atk|1
|-unboost|p2b: Pelipper|atk|1
|turn|3
|
|t:|1786025711
|move|p1b: Scrafty|Fake Out|p2b: Pelipper
|-damage|p2b: Pelipper|86/100
|move|p1a: Armarouge|Aura Sphere|p2a: Archaludon
|-supereffective|p2a: Archaludon|1
|-damage|p2a: Archaludon|0 fnt
|faint|p2a: Archaludon
|cant|p2b: Pelipper|flinch
|
|-weather|RainDance|[upkeep]
|upkeep
|
|t:|1786025715
|switch|p2a: Swampert|Swampert-Mega, L50, M|66/100
|turn|4
|
|t:|1786025732
|move|p2a: Swampert|Protect|p2a: Swampert
|-singleturn|p2a: Swampert|Protect
|move|p1a: Armarouge|Psychic|p2a: Swampert
|-activate|p2a: Swampert|move: Protect
|move|p1b: Scrafty|Knock Off|p2b: Pelipper
|-damage|p2b: Pelipper|37/100
|-enditem|p2b: Pelipper|Sitrus Berry|[from] move: Knock Off|[of] p1b: Scrafty
|move|p2b: Pelipper|Weather Ball|p1a: Armarouge
|-supereffective|p1a: Armarouge|1
|-damage|p1a: Armarouge|0 fnt
|faint|p1a: Armarouge
|
|-weather|RainDance|[upkeep]
|-sideend|p1: infamous coak|move: Tailwind
|upkeep
|turn|5
|-message|infamous coak forfeited.
|
|win|predatorssg
|raw|infamous coak's rating: 1075 → 1060(-15 for losing)
|raw|predatorssg's rating: 1182 → 1200(+18 for winning)
|l|☆infamous coak
|player|p1|
