|j|☆Brutalandathebozz
|j|☆BackonmyPittBull
|html|BrutalandathebozzBackonmyPittBull    
|uhtml|bestof|Game 1 of a best-of-3
|t:|1756724200
|gametype|doubles
|player|p1|Brutalandathebozz|266|1273
|player|p2|BackonmyPittBull|n|1315
|gen|9
|tier|[Gen 9] VGC 2025 Reg H (Bo3)
|rated|
|rule|Species Clause: Limit one of each Pokémon
|rule|Item Clause: Limit 1 of each item
|clearpoke
|poke|p1|Sneasler, L50, M|
|poke|p1|Electabuzz, L50, F|
|poke|p1|Rillaboom, L50, F|
|poke|p1|Primarina, L50, F|
|poke|p1|Kingambit, L50, M|
|poke|p1|Volcarona, L50, M|
|poke|p2|Charizard, L50, F|
|poke|p2|Torkoal, L50, M|
|poke|p2|Porygon2, L50|
|poke|p2|Incineroar, L50, F|
|poke|p2|Jumpluff, L50, F|
|poke|p2|Ursaluna, L50, F|
|teampreview|4
|showteam|p1|Sneasler||FocusSash|PoisonTouch|FakeOut,CloseCombat,DireClaw,Protect|||M|||50|,,,,,Ghost]Electabuzz||Eviolite|VitalSpirit|Protect,Taunt,FollowMe,Electroweb|||F|||50|,,,,,Ghost]Rillaboom||AssaultVest|GrassySurge|WoodHammer,GrassyGlide,FakeOut,HighHorsepower|||F|||50|,,,,,Fire]Primarina||SitrusBerry|LiquidVoice|HyperVoice,Moonblast,Protect,Haze|||F|||50|,,,,,Poison]Kingambit||BlackGlasses|Defiant|KowtowCleave,SuckerPunch,Protect,SwordsDance|||M|||50|,,,,,Dark]Volcarona||CovertCloak|FlameBody|HeatWave,TeraBlast,QuiverDance,Protect|||M|||50|,,,,,Fairy
|showteam|p2|Charizard||ChoiceSpecs|SolarPower|HeatWave,Overheat,WeatherBall,AirSlash|||F|||50|,,,,,Ghost]Torkoal||EjectPack|Drought|Eruption,Overheat,HelpingHand,Protect|||M|||50|,,,,,Fire]Porygon2||Eviolite|Download|TeraBlast,IceBeam,Recover,TrickRoom||||||50|,,,,,Fighting]Incineroar||SitrusBerry|Intimidate|FlareBlitz,KnockOff,FakeOut,PartingShot|||F|||50|,,,,,Ghost]Jumpluff||CovertCloak|Chlorophyll|SleepPowder,SunnyDay,RagePowder,Tailwind|||F|||50|,,,,,Water]Ursaluna||FlameOrb|Guts|HeadlongRush,Facade,Earthquake,Protect|||F|||50|,,,,,Ghost
|
|t:|1756724224
|teamsize|p1|4
|teamsize|p2|4
|start
|switch|p1a: Electabuzz|Electabuzz, L50, F|100/100
|switch|p1b: Primarina|Primarina, L50, F|100/100
|switch|p2a: Torkoal|Torkoal, L50, M|100/100
|switch|p2b: Charizard|Charizard, L50, F|100/100
|-weather|SunnyDay|[from] ability: Drought|[of] p2a: Torkoal
|turn|1
|
|t:|1756724244
|move|p2b: Charizard|Heat Wave|p1a: Electabuzz|[spread] p1b
|-miss|p2b: Charizard|p1a: Electabuzz
|-resisted|p1b: Primarina
|-damage|p1b: Primarina|57/100
|move|p1a: Electabuzz|Electroweb|p2a: Torkoal|[spread] p2a,p2b
|-supereffective|p2b: Charizard
|-damage|p2a: Torkoal|80/100
|-damage|p2b: Charizard|65/100
|-unboost|p2a: Torkoal|spe|1
|-unboost|p2b: Charizard|spe|1
|-enditem|p2a: Torkoal|Eject Pack
|
|t:|1756724254
|switch|p2a: Jumpluff|Jumpluff, L50, F|100/100
|move|p1b: Primarina|Hyper Voice|p2b: Charizard|[spread] p2a,p2b
|-resisted|p2a: Jumpluff
|-supereffective|p2b: Charizard
|-damage|p2a: Jumpluff|93/100
|-damage|p2b: Charizard|26/100
|
|-weather|SunnyDay|[upkeep]
|-damage|p2b: Charizard|14/100|[from] ability: Solar Power|[of] p2b: Charizard
|upkeep
|turn|2
|
|t:|1756724278
|move|p1a: Electabuzz|Follow Me|p1a: Electabuzz
|-singleturn|p1a: Electabuzz|move: Follow Me
|move|p2a: Jumpluff|Tailwind|p2a: Jumpluff
|-sidestart|p2: BackonmyPittBull|move: Tailwind
|move|p2b: Charizard|Heat Wave|p1a: Electabuzz|[spread] p1a
|-miss|p2b: Charizard|p1b: Primarina
|-damage|p1a: Electabuzz|2/100
|-status|p1a: Electabuzz|brn
|move|p1b: Primarina|Hyper Voice|p2a: Jumpluff|[spread] p2a,p2b
|-resisted|p2a: Jumpluff
|-supereffective|p2b: Charizard
|-damage|p2a: Jumpluff|85/100
|-damage|p2b: Charizard|0 fnt
|faint|p2b: Charizard
|
|-weather|SunnyDay|[upkeep]
|-damage|p1a: Electabuzz|0 fnt|[from] brn
|faint|p1a: Electabuzz
|upkeep
|
|t:|1756724289
|switch|p2b: Ursaluna|Ursaluna, L50, F|100/100
|switch|p1a: Rillaboom|Rillaboom, L50, F|100/100
|-fieldstart|move: Grassy Terrain|[from] ability: Grassy Surge|[of] p1a: Rillaboom
|turn|3
|l|☆BackonmyPittBull
|player|p2|
|j|☆BackonmyPittBull
|player|p2|BackonmyPittBull|n|
|
|t:|1756724321
|move|p2b: Ursaluna|Protect|p2b: Ursaluna
|-singleturn|p2b: Ursaluna|Protect
|move|p2a: Jumpluff|Sleep Powder|p1b: Primarina|[miss]
|-miss|p2a: Jumpluff|p1b: Primarina
|move|p1a: Rillaboom|Wood Hammer|p2b: Ursaluna
|-activate|p2b: Ursaluna|move: Protect
|move|p1b: Primarina|Moonblast|p2a: Jumpluff
|-damage|p2a: Jumpluff|39/100
|
|-weather|SunnyDay|[upkeep]
|-heal|p1b: Primarina|63/100|[from] Grassy Terrain
|-status|p2b: Ursaluna|brn|[from] item: Flame Orb
|upkeep
|turn|4
|
|t:|1756724350
|-terastallize|p2b: Ursaluna|Ghost
|move|p2a: Jumpluff|Sleep Powder|p1b: Primarina
|-status|p1b: Primarina|slp|[from] move: Sleep Powder
|move|p2b: Ursaluna|Facade|p1a: Rillaboom
|-damage|p1a: Rillaboom|0 fnt
|faint|p1a: Rillaboom
|cant|p1b: Primarina|slp
|
|-weather|SunnyDay|[upkeep]
|-heal|p1b: Primarina|69/100 slp|[from] Grassy Terrain
|-damage|p2b: Ursaluna|95/100 brn|[from] brn
|upkeep
|
|t:|1756724352
|switch|p1a: Volcarona|Volcarona, L50, M, shiny|100/100
|turn|5
|inactive|Battle timer is ON: inactive players will automatically lose when time's up. (requested by Brutalandathebozz)
|
|t:|1756724374
|move|p1a: Volcarona|Protect|p1a: Volcarona
|-singleturn|p1a: Volcarona|Protect
|cant|p1b: Primarina|slp
|move|p2a: Jumpluff|Sleep Powder|p1a: Volcarona
|-activate|p1a: Volcarona|move: Protect
|move|p2b: Ursaluna|Facade|p1b: Primarina
|-damage|p1b: Primarina|0 fnt
|faint|p1b: Primarina
|
|-weather|none
|-heal|p2b: Ursaluna|100/100 brn|[from] Grassy Terrain
|-damage|p2b: Ursaluna|95/100 brn|[from] brn
|-sideend|p2: BackonmyPittBull|move: Tailwind
|upkeep
|turn|6
|
|t:|1756724384
|move|p2a: Jumpluff|Tailwind|p2a: Jumpluff
|-sidestart|p2: BackonmyPittBull|move: Tailwind
|move|p2b: Ursaluna|Facade|p1a: Volcarona
|-damage|p1a: Volcarona|0 fnt
|faint|p1a: Volcarona
|
|win|BackonmyPittBull
