|j|☆tryson69
|j|☆ILoveMIR
|html|tryson69ILoveMIR    
|uhtml|bestof|Game 2 of a best-of-3
|t:|1783645399
|gametype|doubles
|player|p1|tryson69|crasherwake|1317
|player|p2|ILoveMIR|shauntal|1418
|gen|9
|tier|[Gen 9 Champions] VGC 2026 Reg M-B (Bo3)
|rated|
|rule|Species Clause: Limit one of each Pokémon
|rule|Item Clause: Limit 1 of each item
|clearpoke
|poke|p1|Tyranitar, L50, M|
|poke|p1|Sinistcha, L50|
|poke|p1|Sneasler, L50, M|
|poke|p1|Garchomp, L50, F|
|poke|p1|Corviknight, L50, M|
|poke|p1|Gholdengo, L50|
|poke|p2|Blaziken, L50, M|
|poke|p2|Ninetales-Alola, L50, F|
|poke|p2|Tsareena, L50, F|
|poke|p2|Milotic, L50, F|
|poke|p2|Talonflame, L50, M|
|poke|p2|Gholdengo, L50|
|teampreview|4
|showteam|p1|Tyranitar||Tyranitarite|SandStream|KnockOff,RockSlide,Protect,DragonDance|Adamant||M|||50|]Sinistcha||SitrusBerry|Hospitality|TrickRoom,MatchaGotcha,RagePowder,Protect|Bold|||||50|]Sneasler||WhiteHerb|Unburden|CloseCombat,DireClaw,FakeOut,Protect|Jolly||M|||50|]Garchomp||LifeOrb|RoughSkin|Earthquake,RockSlide,Protect,DragonClaw|Adamant||F|||50|]Corviknight||Leftovers|MirrorArmor|Tailwind,BulkUp,Protect,BraveBird|Careful||M|||50|]Gholdengo||SpellTag|GoodasGold|MakeItRain,NastyPlot,ShadowBall,Protect|Modest|||||50|
|showteam|p2|Blaziken||Blazikenite|SpeedBoost|FlareBlitz,CloseCombat,RockSlide,Detect|Adamant||M|||50|]Ninetales-Alola||NeverMeltIce|SnowWarning|Blizzard,FreezeDry,Encore,Protect|Timid||F|||50|]Tsareena||WideLens|QueenlyMajesty|PowerWhip,TripleAxel,LowKick,Taunt|Adamant||F|||50|]Milotic||ExpertBelt|Competitive|Scald,IceBeam,Recover,Protect|Modest||F|||50|]Talonflame|||GaleWings|Acrobatics,WillOWisp,Tailwind,Protect|Jolly||M|||50|]Gholdengo||LifeOrb|GoodasGold|MakeItRain,ShadowBall,PowerGem,Protect|Modest|||||50|
|inactive|Battle timer is ON: inactive players will automatically lose when time's up. (requested by ILoveMIR)
|inactive|ILoveMIR has 60 seconds left.
|inactive|ILoveMIR has 30 seconds left.
|inactive|ILoveMIR has 20 seconds left.
|inactive|ILoveMIR has 15 seconds left.
|inactive|ILoveMIR has 10 seconds left.
|inactiveoff|Battle timer is now OFF.
|
|t:|1783645487
|teamsize|p1|4
|teamsize|p2|4
|start
|switch|p1a: Gholdengo|Gholdengo, L50|100/100
|switch|p1b: Tyranitar|Tyranitar, L50, M|100/100
|switch|p2a: Milotic|Milotic, L50, F|100/100
|switch|p2b: Talonflame|Talonflame, L50, M|100/100
|-weather|Sandstorm|[from] ability: Sand Stream|[of] p1b: Tyranitar
|turn|1
|inactive|Battle timer is ON: inactive players will automatically lose when time's up. (requested by tryson69)
|
|t:|1783645498
|detailschange|p1b: Tyranitar|Tyranitar-Mega, L50, M
|-mega|p1b: Tyranitar|Tyranitar|Tyranitarite
|move|p2b: Talonflame|Tailwind|p2b: Talonflame
|-sidestart|p2: ILoveMIR|move: Tailwind
|move|p2a: Milotic|Scald|p1b: Tyranitar
|-supereffective|p1b: Tyranitar|1
|-damage|p1b: Tyranitar|58/100
|move|p1a: Gholdengo|Nasty Plot|p1a: Gholdengo
|-boost|p1a: Gholdengo|spa|2
|move|p1b: Tyranitar|Rock Slide|p2b: Talonflame|[spread] p2a,p2b
|-supereffective|p2b: Talonflame|2
|-damage|p2a: Milotic|64/100
|-damage|p2b: Talonflame|0 fnt
|faint|p2b: Talonflame
|
|-weather|Sandstorm|[upkeep]
|-damage|p2a: Milotic|58/100|[from] Sandstorm
|upkeep
|
|t:|1783645510
|switch|p2b: Blaziken|Blaziken, L50, M|100/100
|turn|2
|
|t:|1783645522
|detailschange|p2b: Blaziken|Blaziken-Mega, L50, M
|-mega|p2b: Blaziken|Blaziken|Blazikenite
|move|p1a: Gholdengo|Protect|p1a: Gholdengo
|-singleturn|p1a: Gholdengo|Protect
|move|p2b: Blaziken|Flare Blitz|p1b: Tyranitar
|-resisted|p1b: Tyranitar|1
|-damage|p1b: Tyranitar|32/100
|-damage|p2b: Blaziken|88/100|[from] Recoil
|move|p2a: Milotic|Recover|p2a: Milotic
|-heal|p2a: Milotic|100/100
|move|p1b: Tyranitar|Knock Off|p2a: Milotic
|-damage|p2a: Milotic|43/100
|-enditem|p2a: Milotic|Expert Belt|[from] move: Knock Off|[of] p1b: Tyranitar
|
|-weather|Sandstorm|[upkeep]
|-damage|p2b: Blaziken|82/100|[from] Sandstorm
|-damage|p2a: Milotic|37/100|[from] Sandstorm
|-ability|p2b: Blaziken|Speed Boost|boost
|-boost|p2b: Blaziken|spe|1
|upkeep
|turn|3
|
|t:|1783645535
|switch|p1a: Garchomp|Garchomp, L50, F|100/100
|move|p2b: Blaziken|Flare Blitz|p1a: Garchomp
|-resisted|p1a: Garchomp|1
|-damage|p1a: Garchomp|66/100
|-damage|p2b: Blaziken|70/100|[from] ability: Rough Skin|[of] p1a: Garchomp
|-damage|p2b: Blaziken|55/100|[from] Recoil
|move|p2a: Milotic|Scald|p1b: Tyranitar
|-supereffective|p1b: Tyranitar|1
|-damage|p1b: Tyranitar|0 fnt
|faint|p1b: Tyranitar
|
|-weather|Sandstorm|[upkeep]
|-damage|p2b: Blaziken|49/100|[from] Sandstorm
|-damage|p2a: Milotic|31/100|[from] Sandstorm
|-ability|p2b: Blaziken|Speed Boost|boost
|-boost|p2b: Blaziken|spe|1
|upkeep
|
|t:|1783645547
|switch|p1b: Sneasler|Sneasler, L50, M|100/100
|turn|4
|
|t:|1783645557
|move|p2b: Blaziken|Detect|p2b: Blaziken
|-singleturn|p2b: Blaziken|Protect
|move|p2a: Milotic|Protect|p2a: Milotic
|-singleturn|p2a: Milotic|Protect
|move|p1b: Sneasler|Fake Out|p2a: Milotic
|-activate|p2a: Milotic|move: Protect
|move|p1a: Garchomp|Earthquake|p2a: Milotic|[spread] p1b
|-activate|p2a: Milotic|move: Protect
|-activate|p2b: Blaziken|move: Protect
|-supereffective|p1b: Sneasler|1
|-damage|p1b: Sneasler|0 fnt
|faint|p1b: Sneasler
|-damage|p1a: Garchomp|56/100|[from] item: Life Orb
|
|-weather|Sandstorm|[upkeep]
|-damage|p2b: Blaziken|43/100|[from] Sandstorm
|-damage|p2a: Milotic|25/100|[from] Sandstorm
|-sideend|p2: ILoveMIR|move: Tailwind
|-ability|p2b: Blaziken|Speed Boost|boost
|-boost|p2b: Blaziken|spe|1
|upkeep
|
|t:|1783645561
|switch|p1b: Gholdengo|Gholdengo, L50|100/100
|turn|5
|
|t:|1783645573
|move|p1b: Gholdengo|Protect|p1b: Gholdengo
|-singleturn|p1b: Gholdengo|Protect
|move|p2b: Blaziken|Close Combat|p1a: Garchomp
|-damage|p1a: Garchomp|0 fnt
|-unboost|p2b: Blaziken|def|1
|-unboost|p2b: Blaziken|spd|1
|-damage|p2b: Blaziken|31/100|[from] ability: Rough Skin|[of] p1a: Garchomp
|faint|p1a: Garchomp
|move|p2a: Milotic|Recover|p2a: Milotic
|-heal|p2a: Milotic|75/100
|
|-weather|none
|-ability|p2b: Blaziken|Speed Boost|boost
|-boost|p2b: Blaziken|spe|1
|upkeep
|turn|6
|-message|tryson69 forfeited.
|
|win|ILoveMIR
|raw|tryson69's rating: 1317 → 1303(-14 for losing)
|raw|ILoveMIR's rating: 1418 → 1432(+14 for winning)
