|j|☆ZKShadows
|j|☆Yoshabie
|html|ZKShadowsYoshabie    
|uhtml|bestof|Game 3 of a best-of-3
|t:|1783470546
|gametype|doubles
|player|p1|ZKShadows|giovanni|
|player|p2|Yoshabie|winona|
|gen|9
|tier|[Gen 9 Champions] VGC 2026 Reg M-B (Bo3)
|rule|Species Clause: Limit one of each Pokémon
|rule|Item Clause: Limit 1 of each item
|clearpoke
|poke|p1|Scrafty, L50, M|
|poke|p1|Vileplume, L50, F|
|poke|p1|Staraptor, L50, M|
|poke|p1|Farigiraf, L50, M|
|poke|p1|Sylveon, L50, F|
|poke|p1|Torkoal, L50, F|
|poke|p2|Froslass, L50, F, shiny|
|poke|p2|Meowscarada, L50, F|
|poke|p2|Meowstic, L50, M|
|poke|p2|Milotic, L50, F, shiny|
|poke|p2|Gardevoir, L50, F, shiny|
|poke|p2|Goodra-Hisui, L50, M|
|teampreview|4
|showteam|p1|Scrafty||Scraftinite|Intimidate|CloseCombat,KnockOff,IronHead,FakeOut|Brave||M|||50|]Vileplume||FocusSash|Chlorophyll|SludgeBomb,SleepPowder,AfterYou,LeafStorm|Timid||F|||50|]Staraptor||ChoiceScarf|Intimidate|BraveBird,CloseCombat,Uturn,FinalGambit|Jolly||M|||50|]Farigiraf||SitrusBerry|ArmorTail|Protect,TwinBeam,Thunderbolt,TrickRoom|Sassy||M|||50|]Sylveon||FairyFeather|Pixilate|HyperVoice,QuickAttack,HyperBeam,Detect|Quiet||F|||50|]Torkoal||Charcoal|Drought|Eruption,WeatherBall,HeatWave,Protect|Quiet||F|||50|
|showteam|p2|Froslass||Froslassite|SnowCloak|Blizzard,WeatherBall,ShadowBall,Protect|Serious||F|||50|]Meowscarada||FocusSash|Protean|FlowerTrick,KnockOff,PollenPuff,LowKick|Jolly||F|||50|]Meowstic||SitrusBerry|Prankster|RainDance,SunnyDay,Gravity,Yawn|Bold||M|||50|]Milotic||Leftovers|Competitive|Scald,Hypnosis,WeatherBall,IcyWind|Bold||F|||50|]Gardevoir||Gardevoirite|Trace|FocusBlast,Protect,HyperVoice,Psyshock|Modest||F|||50|]Goodra-Hisui||LifeOrb|ShellArmor|SteelBeam,DracoMeteor,Protect,WeatherBall|Modest||M|||50|
|
|t:|1783470630
|teamsize|p1|4
|teamsize|p2|4
|start
|switch|p1a: Farigiraf|Farigiraf, L50, M|100/100
|switch|p1b: Staraptor|Staraptor, L50, M|100/100
|switch|p2a: Snow Miku|Froslass, L50, F, shiny|100/100
|switch|p2b: Summer Idol|Milotic, L50, F, shiny|100/100
|-ability|p1b: Staraptor|Intimidate|boost
|-unboost|p2a: Snow Miku|atk|1
|-unboost|p2b: Summer Idol|atk|1
|-ability|p2b: Summer Idol|Competitive|boost
|-boost|p2b: Summer Idol|spa|2
|turn|1
|
|t:|1783470676
|detailschange|p2a: Snow Miku|Froslass-Mega, L50, F, shiny
|-mega|p2a: Snow Miku|Froslass|Froslassite
|-weather|Snowscape|[from] ability: Snow Warning|[of] p2a: Snow Miku
|move|p1b: Staraptor|Final Gambit|p2b: Summer Idol
|-damage|p2b: Summer Idol|0 fnt
|faint|p1b: Staraptor
|faint|p2b: Summer Idol
|move|p2a: Snow Miku|Blizzard|p1a: Farigiraf
|-damage|p1a: Farigiraf|56/100
|move|p1a: Farigiraf|Trick Room|p1a: Farigiraf
|-fieldstart|move: Trick Room|[of] p1a: Farigiraf
|
|-weather|Snowscape|[upkeep]
|upkeep
|
|t:|1783470690
|switch|p2b: MikuMikuBeam|Goodra-Hisui, L50, M|100/100
|switch|p1b: Torkoal|Torkoal, L50, F|100/100
|-weather|SunnyDay|[from] ability: Drought|[of] p1b: Torkoal
|turn|2
|
|t:|1783470711
|switch|p2a: Mesmerizer|Meowstic, L50, M|100/100
|move|p2b: MikuMikuBeam|Protect|p2b: MikuMikuBeam
|-singleturn|p2b: MikuMikuBeam|Protect
|move|p1b: Torkoal|Eruption|p2a: Mesmerizer|[spread] p2a
|-activate|p2b: MikuMikuBeam|move: Protect
|-damage|p2a: Mesmerizer|11/100
|-enditem|p2a: Mesmerizer|Sitrus Berry|[eat]
|-heal|p2a: Mesmerizer|36/100|[from] item: Sitrus Berry
|move|p1a: Farigiraf|Twin Beam|p2b: MikuMikuBeam
|-activate|p2b: MikuMikuBeam|move: Protect
|
|-weather|SunnyDay|[upkeep]
|upkeep
|turn|3
|
|t:|1783470745
|switch|p1b: Scrafty|Scrafty, L50, M|100/100
|-ability|p1b: Scrafty|Intimidate|boost
|-unboost|p2a: Mesmerizer|atk|1
|-unboost|p2b: MikuMikuBeam|atk|1
|move|p2a: Mesmerizer|Rain Dance|p2a: Mesmerizer
|-weather|RainDance
|move|p1a: Farigiraf|Thunderbolt|p2a: Mesmerizer
|-damage|p2a: Mesmerizer|12/100
|move|p2b: MikuMikuBeam|Weather Ball|p1a: Farigiraf
|-damage|p1a: Farigiraf|1/100
|-enditem|p1a: Farigiraf|Sitrus Berry|[eat]
|-heal|p1a: Farigiraf|26/100|[from] item: Sitrus Berry
|-damage|p2b: MikuMikuBeam|90/100|[from] item: Life Orb
|
|-weather|RainDance|[upkeep]
|upkeep
|turn|4
|
|t:|1783470783
|detailschange|p1b: Scrafty|Scrafty-Mega, L50, M
|-mega|p1b: Scrafty|Scrafty|Scraftinite
|-ability|p1b: Scrafty|Intimidate|boost
|-unboost|p2a: Mesmerizer|atk|1
|-unboost|p2b: MikuMikuBeam|atk|1
|move|p1b: Scrafty|Fake Out|p2a: Mesmerizer
|-damage|p2a: Mesmerizer|0 fnt
|faint|p2a: Mesmerizer
|move|p1a: Farigiraf|Thunderbolt|p2b: MikuMikuBeam
|-resisted|p2b: MikuMikuBeam|1
|-damage|p2b: MikuMikuBeam|81/100
|move|p2b: MikuMikuBeam|Weather Ball|p1a: Farigiraf
|-damage|p1a: Farigiraf|0 fnt
|faint|p1a: Farigiraf
|-damage|p2b: MikuMikuBeam|71/100|[from] item: Life Orb
|
|-weather|RainDance|[upkeep]
|upkeep
|
|t:|1783470799
|switch|p1a: Torkoal|Torkoal, L50, F|100/100
|switch|p2a: Snow Miku|Froslass-Mega, L50, F, shiny|100/100
|-weather|SunnyDay|[from] ability: Drought|[of] p1a: Torkoal
|-weather|Snowscape|[from] ability: Snow Warning|[of] p2a: Snow Miku
|turn|5
|
|t:|1783470811
|move|p2b: MikuMikuBeam|Protect|p2b: MikuMikuBeam
|-singleturn|p2b: MikuMikuBeam|Protect
|move|p2a: Snow Miku|Protect|p2a: Snow Miku
|-singleturn|p2a: Snow Miku|Protect
|move|p1a: Torkoal|Heat Wave|p2b: MikuMikuBeam|[spread] 
|-activate|p2a: Snow Miku|move: Protect
|-activate|p2b: MikuMikuBeam|move: Protect
|move|p1b: Scrafty|Close Combat|p2b: MikuMikuBeam
|-activate|p2b: MikuMikuBeam|move: Protect
|
|-weather|Snowscape|[upkeep]
|-fieldend|move: Trick Room
|upkeep
|turn|6
|
|t:|1783470840
|move|p2a: Snow Miku|Weather Ball|p1b: Scrafty
|-damage|p1b: Scrafty|54/100
|move|p2b: MikuMikuBeam|Draco Meteor|p1a: Torkoal
|-damage|p1a: Torkoal|0 fnt
|-unboost|p2b: MikuMikuBeam|spa|2
|faint|p1a: Torkoal
|-damage|p2b: MikuMikuBeam|62/100|[from] item: Life Orb
|move|p1b: Scrafty|Close Combat|p2b: MikuMikuBeam
|-supereffective|p2b: MikuMikuBeam|1
|-damage|p2b: MikuMikuBeam|0 fnt
|-unboost|p1b: Scrafty|def|1
|-unboost|p1b: Scrafty|spd|1
|faint|p2b: MikuMikuBeam
|
|-weather|Snowscape|[upkeep]
|upkeep
|turn|7
|
|t:|1783470862
|move|p2a: Snow Miku|Blizzard|p1b: Scrafty
|-damage|p1b: Scrafty|0 fnt
|faint|p1b: Scrafty
|
|win|Yoshabie
