|j|☆jsgshsts
|j|☆colemarcusvgc
|html|jsgshstscolemarcusvgc    
|uhtml|bestof|Game 2 of a best-of-3
|t:|1757795502
|gametype|doubles
|player|p1|jsgshsts|1|1000
|player|p2|colemarcusvgc|n|1067
|gen|9
|tier|[Gen 9] VGC 2025 Reg H (Bo3)
|rated|
|rule|Species Clause: Limit one of each Pokémon
|rule|Item Clause: Limit 1 of each item
|clearpoke
|poke|p1|Volcarona, L50, M|
|poke|p1|Rillaboom, L50, F|
|poke|p1|Sinistcha-Masterpiece, L50|
|poke|p1|Gholdengo, L50|
|poke|p1|Sneasler, L50, M|
|poke|p1|Dragonite, L50, F|
|poke|p2|Indeedee-F, L50, F|
|poke|p2|Hatterene, L50, F|
|poke|p2|Gallade, L50, M|
|poke|p2|Ursaluna, L50, M|
|poke|p2|Torkoal, L50, F|
|poke|p2|Zoroark-Hisui, L50, F|
|teampreview|4
|showteam|p1|Volcarona||CovertCloak|FlameBody|QuiverDance,HeatWave,TeraBlast,Protect|||M|||50|,,,,,Fairy]Rillaboom||AssaultVest|GrassySurge|Uturn,WoodHammer,GrassyGlide,FakeOut|||F|||50|,,,,,Fire]Sinistcha-Masterpiece||RockyHelmet|Hospitality|MatchaGotcha,RagePowder,TrickRoom,Imprison||||||50|,,,,,Dark]Gholdengo||MetalCoat|GoodasGold|MakeItRain,ShadowBall,NastyPlot,Protect||||||50|,,,,,Dragon]Sneasler||FocusSash|Unburden|DireClaw,CloseCombat,FakeOut,Protect|||M|||50|,,,,,Stellar]Dragonite||LoadedDice|Multiscale|ScaleShot,Tailwind,Haze,Protect|||F|||50|,,,,,Fairy
|showteam|p2|Indeedee-F||PsychicSeed|PsychicSurge|TrickRoom,FollowMe,HelpingHand,DazzlingGleam|||F|||50|,,,,,Fire]Hatterene||TwistedSpoon|MagicBounce|ExpandingForce,TrickRoom,DazzlingGleam,Protect|||F|||50|,,,,,Water]Gallade||ClearAmulet|Sharpness|SacredSword,PsychoCut,TrickRoom,WideGuard|||M|||50|,,,,,Grass]Ursaluna||FlameOrb|Guts|HeadlongRush,Facade,Earthquake,Protect|||M|||50|,,,,,Ghost]Torkoal||ChoiceSpecs|Drought|Eruption,HeatWave,WeatherBall,EarthPower|||F|||50|,,,,,Fire]Zoroark-Hisui||FocusSash|Illusion|HyperVoice,BitterMalice,Snarl,Taunt|||F|||50|,,,,,Stellar
|inactive|Battle timer is ON: inactive players will automatically lose when time's up. (requested by colemarcusvgc)
|
|t:|1757795521
|teamsize|p1|4
|teamsize|p2|4
|start
|switch|p1a: Dragonite|Dragonite, L50, F|100/100
|switch|p1b: Rillaboom|Rillaboom, L50, F, shiny|100/100
|switch|p2a: Indeedee|Indeedee-F, L50, F|100/100
|switch|p2b: Hatterene|Hatterene, L50, F|100/100
|-fieldstart|move: Grassy Terrain|[from] ability: Grassy Surge|[of] p1b: Rillaboom
|-fieldstart|move: Psychic Terrain|[from] ability: Psychic Surge|[of] p2a: Indeedee
|-enditem|p2a: Indeedee|Psychic Seed
|-boost|p2a: Indeedee|spd|1|[from] item: Psychic Seed
|turn|1
|inactive|colemarcusvgc has 30 seconds left.
|inactive|colemarcusvgc has 20 seconds left.
|inactive|colemarcusvgc has 15 seconds left.
|inactive|colemarcusvgc has 10 seconds left.
|inactive|colemarcusvgc has 5 seconds left.
|
|t:|1757795576
|-terastallize|p1a: Dragonite|Fairy
|move|p2b: Hatterene|Hyper Voice|p1a: Dragonite|[spread] p1a,p1b
|-damage|p1a: Dragonite|82/100
|-damage|p1b: Rillaboom|78/100
|move|p1a: Dragonite|Scale Shot|p2b: Hatterene
|-damage|p2b: Hatterene|68/100
|replace|p2b: Zoroark|Zoroark-Hisui, L50, F
|-end|p2b: Zoroark|Illusion
|-damage|p2b: Zoroark|38/100
|-damage|p2b: Zoroark|6/100
|-damage|p2b: Zoroark|0 fnt
|faint|p2b: Zoroark
|-hitcount|p2: Zoroark|4
|-unboost|p1a: Dragonite|def|1
|-boost|p1a: Dragonite|spe|1
|move|p1b: Rillaboom|U-turn|p2a: Indeedee
|-supereffective|p2a: Indeedee
|-damage|p2a: Indeedee|60/100
|l|☆colemarcusvgc
|inactive|colemarcusvgc disconnected and has a minute to reconnect!
|player|p2|
|
|t:|1757795596
|switch|p1b: Sneasler|Sneasler, L50, M|100/100|[from] U-turn
|move|p2a: Indeedee|Trick Room|p2a: Indeedee
|-fieldstart|move: Trick Room|[of] p2a: Indeedee
|
|upkeep
|j|☆colemarcusvgc
|inactive|colemarcusvgc reconnected and has 55 seconds left.
|player|p2|colemarcusvgc|n|
|
|t:|1757795621
|switch|p2b: Torkoal|Torkoal, L50, F|100/100
|-weather|SunnyDay|[from] ability: Drought|[of] p2b: Torkoal
|turn|2
|
|t:|1757795639
|switch|p2a: Hatterene|Hatterene, L50, F|100/100
|-terastallize|p2b: Torkoal|Fire
|move|p1b: Sneasler|Protect|p1b: Sneasler
|-singleturn|p1b: Sneasler|Protect
|move|p1a: Dragonite|Protect|p1a: Dragonite
|-singleturn|p1a: Dragonite|Protect
|move|p2b: Torkoal|Eruption|p1b: Sneasler|[spread] 
|-activate|p1a: Dragonite|move: Protect
|-activate|p1b: Sneasler|move: Protect
|
|-weather|SunnyDay|[upkeep]
|upkeep
|turn|3
|inactive|jsgshsts has 30 seconds left.
|
|t:|1757795666
|switch|p1a: Rillaboom|Rillaboom, L50, F, shiny|78/100
|-fieldstart|move: Grassy Terrain|[from] ability: Grassy Surge|[of] p1a: Rillaboom
|move|p1b: Sneasler|Protect||[still]
|-fail|p1b: Sneasler
|move|p2b: Torkoal|Eruption|p1b: Sneasler|[spread] p1a,p1b
|-supereffective|p1a: Rillaboom
|-damage|p1a: Rillaboom|0 fnt
|-enditem|p1b: Sneasler|Focus Sash
|-damage|p1b: Sneasler|1/100
|faint|p1a: Rillaboom
|move|p2a: Hatterene|Expanding Force|p1b: Sneasler
|-supereffective|p1b: Sneasler
|-damage|p1b: Sneasler|0 fnt
|faint|p1b: Sneasler
|
|-weather|SunnyDay|[upkeep]
|upkeep
|
|t:|1757795676
|switch|p1a: Volcarona|Volcarona, L50, M, shiny|100/100
|switch|p1b: Dragonite|Dragonite, L50, F, tera:Fairy|82/100
|turn|4
|
|t:|1757795685
|move|p1b: Dragonite|Protect|p1b: Dragonite
|-singleturn|p1b: Dragonite|Protect
|move|p1a: Volcarona|Protect|p1a: Volcarona
|-singleturn|p1a: Volcarona|Protect
|move|p2b: Torkoal|Eruption|p1a: Volcarona|[spread] 
|-activate|p1a: Volcarona|move: Protect
|-activate|p1b: Dragonite|move: Protect
|move|p2a: Hatterene|Expanding Force|p1b: Dragonite
|-activate|p1b: Dragonite|move: Protect
|
|-weather|SunnyDay|[upkeep]
|-heal|p1b: Dragonite|88/100|[from] Grassy Terrain
|upkeep
|turn|5
|
|t:|1757795699
|switch|p2b: Indeedee|Indeedee-F, L50, F|60/100
|-fieldstart|move: Psychic Terrain|[from] ability: Psychic Surge|[of] p2b: Indeedee
|move|p2a: Hatterene|Expanding Force|p1b: Dragonite|[spread] p1a,p1b
|-damage|p1a: Volcarona|25/100
|-damage|p1b: Dragonite|0 fnt
|faint|p1b: Dragonite
|move|p1a: Volcarona|Heat Wave|p2a: Hatterene|[spread] p2a,p2b
|-damage|p2a: Hatterene|42/100
|-damage|p2b: Indeedee|10/100
|
|-weather|SunnyDay|[upkeep]
|-fieldend|move: Trick Room
|upkeep
|turn|6
|inactive|colemarcusvgc has 30 seconds left.
|inactive|colemarcusvgc has 20 seconds left.
|inactive|colemarcusvgc has 15 seconds left.
|
|t:|1757795739
|move|p2b: Indeedee|Follow Me|p2b: Indeedee
|-singleturn|p2b: Indeedee|move: Follow Me
|move|p1a: Volcarona|Heat Wave|p2a: Hatterene|[spread] p2a,p2b
|-damage|p2a: Hatterene|0 fnt
|-damage|p2b: Indeedee|0 fnt
|faint|p2a: Hatterene
|faint|p2b: Indeedee
|
|-weather|none
|upkeep
|
|t:|1757795747
|switch|p2b: Torkoal|Torkoal, L50, F, tera:Fire|100/100
|-weather|SunnyDay|[from] ability: Drought|[of] p2b: Torkoal
|turn|7
|
|t:|1757795759
|move|p1a: Volcarona|Heat Wave|p2b: Torkoal
|-resisted|p2b: Torkoal
|-damage|p2b: Torkoal|56/100
|move|p2b: Torkoal|Earth Power|p1a: Volcarona
|-damage|p1a: Volcarona|0 fnt
|faint|p1a: Volcarona
|
|win|colemarcusvgc
|raw|jsgshsts's rating: 1000 → 1000(+0 for losing)
|raw|colemarcusvgc's rating: 1067 → 1091(+24 for winning)
|l|☆jsgshsts
|player|p1|
