|j|☆chamoy-pt2
|j|☆grumblegoober
|html|chamoy-pt2grumblegoober    
|uhtml|bestof|Game 1 of a best-of-3
|t:|1757831632
|gametype|doubles
|player|p1|chamoy-pt2|karen|1083
|player|p2|grumblegoober|crasherwake|1017
|gen|9
|tier|[Gen 9] VGC 2025 Reg H (Bo3)
|rated|
|rule|Species Clause: Limit one of each Pokémon
|rule|Item Clause: Limit 1 of each item
|clearpoke
|poke|p1|Talonflame, L50, M|
|poke|p1|Incineroar, L50, M|
|poke|p1|Rillaboom, L50, F|
|poke|p1|Gholdengo, L50|
|poke|p1|Sylveon, L50, F|
|poke|p1|Baxcalibur, L50, F|
|poke|p2|Vivillon-Archipelago, L50, M|
|poke|p2|Garchomp, L50, M|
|poke|p2|Primarina, L50, M|
|poke|p2|Porygon2, L50|
|poke|p2|Incineroar, L50, M|
|poke|p2|Gholdengo, L50|
|teampreview|4
|showteam|p1|Talonflame||SharpBeak|GaleWings|Tailwind,DualWingbeat,Taunt,Protect|||M|||50|,,,,,Ghost]Incineroar||SafetyGoggles|Intimidate|FakeOut,PartingShot,Snarl,KnockOff|||M|||50|,,,,,Ghost]Rillaboom||MiracleSeed|GrassySurge|WoodHammer,GrassyGlide,FakeOut,Uturn|||F|||50|,,,,,Fire]Gholdengo||GrassySeed|GoodasGold|NastyPlot,MakeItRain,ShadowBall,Protect||||||50|,,,,,Water]Sylveon||ChoiceSpecs|Pixilate|HyperVoice,TeraBlast,HyperBeam,Psychic|||F|||50|,,,,,Fire]Baxcalibur||LoadedDice|ThermalExchange|ScaleShot,IcicleSpear,IceShard,Protect|||F|||50|,,,,,Poison
|showteam|p2|Vivillon-Archipelago||FocusSash|CompoundEyes|Hurricane,SleepPowder,RagePowder,Protect|||M|||50|,,,,,Ghost]Garchomp||LifeOrb|RoughSkin|DragonClaw,Earthquake,StompingTantrum,Protect|||M|||50|,,,,,Steel]Primarina||SitrusBerry|LiquidVoice|HyperVoice,Moonblast,Haze,Protect|||M|||50|,,,,,Poison]Porygon2||Eviolite|Download|TeraBlast,IceBeam,TrickRoom,Recover||||||50|,,,,,Ground]Incineroar||SafetyGoggles|Intimidate|FakeOut,FlareBlitz,KnockOff,PartingShot|||M|||50|,,,,,Ghost]Gholdengo||Leftovers|GoodasGold|MakeItRain,ShadowBall,NastyPlot,Protect||||||50|,,,,,Flying
|
|t:|1757831687
|teamsize|p1|4
|teamsize|p2|4
|start
|switch|p1a: Sylveon|Sylveon, L50, F|100/100
|switch|p1b: Talonflame|Talonflame, L50, M|100/100
|switch|p2a: Incineroar|Incineroar, L50, M|100/100
|switch|p2b: Primarina|Primarina, L50, M|100/100
|-ability|p2a: Incineroar|Intimidate|boost
|-unboost|p1a: Sylveon|atk|1
|-unboost|p1b: Talonflame|atk|1
|turn|1
|
|t:|1757831703
|move|p2a: Incineroar|Fake Out|p1b: Talonflame
|-damage|p1b: Talonflame|85/100
|cant|p1b: Talonflame|flinch
|move|p1a: Sylveon|Hyper Voice|p2a: Incineroar|[spread] p2a,p2b
|-damage|p2a: Incineroar|53/100
|-damage|p2b: Primarina|50/100
|-enditem|p2b: Primarina|Sitrus Berry|[eat]
|-heal|p2b: Primarina|75/100|[from] item: Sitrus Berry
|move|p2b: Primarina|Hyper Voice|p1a: Sylveon|[spread] p1a,p1b
|-supereffective|p1b: Talonflame
|-damage|p1a: Sylveon|71/100
|-damage|p1b: Talonflame|0 fnt
|faint|p1b: Talonflame
|
|upkeep
|
|t:|1757831714
|switch|p1b: Rillaboom|Rillaboom, L50, F|100/100
|-fieldstart|move: Grassy Terrain|[from] ability: Grassy Surge|[of] p1b: Rillaboom
|turn|2
|
|t:|1757831722
|move|p2b: Primarina|Protect|p2b: Primarina
|-singleturn|p2b: Primarina|Protect
|move|p1b: Rillaboom|Fake Out|p2a: Incineroar
|-damage|p2a: Incineroar|41/100
|move|p1a: Sylveon|Hyper Voice|p2b: Primarina|[spread] p2a
|-activate|p2b: Primarina|move: Protect
|-damage|p2a: Incineroar|0 fnt
|faint|p2a: Incineroar
|
|-heal|p1a: Sylveon|77/100|[from] Grassy Terrain
|-heal|p2b: Primarina|82/100|[from] Grassy Terrain
|upkeep
|
|t:|1757831732
|switch|p2a: Gholdengo|Gholdengo, L50|100/100
|turn|3
|
|t:|1757831770
|switch|p1a: Gholdengo|Gholdengo, L50|100/100
|-enditem|p1a: Gholdengo|Grassy Seed
|-boost|p1a: Gholdengo|def|1|[from] item: Grassy Seed
|switch|p2b: Porygon2|Porygon2, L50|100/100
|-ability|p2b: Porygon2|Download|boost
|-boost|p2b: Porygon2|spa|1
|move|p2a: Gholdengo|Nasty Plot|p2a: Gholdengo
|-boost|p2a: Gholdengo|spa|2
|move|p1b: Rillaboom|U-turn|p2b: Porygon2
|-damage|p2b: Porygon2|86/100
|
|t:|1757831780
|switch|p1b: Sylveon|Sylveon, L50, F|77/100|[from] U-turn
|
|-heal|p1b: Sylveon|84/100|[from] Grassy Terrain
|-heal|p2b: Porygon2|92/100|[from] Grassy Terrain
|upkeep
|turn|4
|
|t:|1757831836
|-terastallize|p1b: Sylveon|Fire
|-terastallize|p2b: Porygon2|Ground
|move|p2a: Gholdengo|Protect|p2a: Gholdengo
|-singleturn|p2a: Gholdengo|Protect
|move|p1a: Gholdengo|Protect|p1a: Gholdengo
|-singleturn|p1a: Gholdengo|Protect
|move|p1b: Sylveon|Tera Blast|p2a: Gholdengo|[anim] Tera Blast Fire
|-activate|p2a: Gholdengo|move: Protect
|move|p2b: Porygon2|Tera Blast|p1a: Gholdengo|[anim] Tera Blast Ground
|-activate|p1a: Gholdengo|move: Protect
|
|-heal|p1b: Sylveon|90/100|[from] Grassy Terrain
|-heal|p2b: Porygon2|98/100|[from] Grassy Terrain
|upkeep
|turn|5
|
|t:|1757831867
|move|p2a: Gholdengo|Shadow Ball|p1a: Gholdengo
|-supereffective|p1a: Gholdengo
|-damage|p1a: Gholdengo|0 fnt
|faint|p1a: Gholdengo
|move|p1b: Sylveon|Tera Blast|p2a: Gholdengo|[anim] Tera Blast Fire
|-supereffective|p2a: Gholdengo
|-damage|p2a: Gholdengo|0 fnt
|faint|p2a: Gholdengo
|move|p2b: Porygon2|Trick Room|p2b: Porygon2
|-fieldstart|move: Trick Room|[of] p2b: Porygon2
|
|-heal|p2b: Porygon2|100/100|[from] Grassy Terrain
|-heal|p1b: Sylveon|96/100|[from] Grassy Terrain
|upkeep
|-message|chamoy-pt2 forfeited.
|
|win|grumblegoober
|l|☆chamoy-pt2
|player|p1|
||chamoy-pt2 is ready for game 2.
|l|☆grumblegoober
|player|p2|
||grumblegoober is ready for game 2.
|uhtml|next|Next: Game 2 of 3
