|j|☆franklin777
|j|☆GS Barnabe
|html|franklin777GS Barnabe    
|uhtml|bestof|Game 1 of a best-of-3
|t:|1785723271
|gametype|doubles
|player|p1|franklin777|170|1211
|player|p2|GS Barnabe|265|1327
|gen|9
|tier|[Gen 9 Champions] VGC 2026 Reg M-B (Bo3)
|rated|
|rule|Species Clause: Limit one of each Pokémon
|rule|Item Clause: Limit 1 of each item
|clearpoke
|poke|p1|Charizard, L50, M, shiny|
|poke|p1|Kingambit, L50, F|
|poke|p1|Basculegion, L50, M, shiny|
|poke|p1|Maushold, L50|
|poke|p1|Ninetales-Alola, L50, F, shiny|
|poke|p1|Gyarados, L50, F, shiny|
|poke|p2|Clefable, L50, F|
|poke|p2|Tyranitar, L50, F|
|poke|p2|Garchomp, L50, M|
|poke|p2|Gholdengo, L50|
|poke|p2|Rotom-Wash, L50|
|poke|p2|Aerodactyl, L50, M|
|teampreview|4
|showteam|p1|Charizard||CharizarditeX|Blaze|DragonDance,Protect,DragonClaw,FlareBlitz|Adamant||M|||50|]Kingambit||BlackGlasses|Defiant|KowtowCleave,IronHead,SuckerPunch,Protect|Adamant||F|||50|]Basculegion||ChoiceScarf|Adaptability|FlipTurn,LastRespects,WaveCrash,AquaJet|Jolly||M|||50|]Maushold||WideLens|Technician|PopulationBomb,Encore,Protect,FollowMe|Jolly|||||50|]Ninetales-Alola||LightClay|SnowWarning|AuroraVeil,Disable,Blizzard,Protect|Timid||F|||50|]Gyarados||Leftovers|Intimidate|Waterfall,ThunderWave,Taunt,HelpingHand|Careful||F|||50|
|showteam|p2|Clefable||SitrusBerry|Unaware|Moonblast,HelpingHand,FollowMe,Protect|Bold||F|||50|]Tyranitar||ChoiceScarf|SandStream|RockSlide,KnockOff,IcePunch,Superpower|Jolly||F|||50|]Garchomp||Garchompite|SandVeil|DracoMeteor,EarthPower,PowerGem,Protect|Modest||M|||50|]Gholdengo||LifeOrb|GoodasGold|MakeItRain,ShadowBall,NastyPlot,Protect|Modest|||||50|]Rotom-Wash||Leftovers|Levitate|HydroPump,VoltSwitch,WillOWisp,Protect|Calm|||||50|]Aerodactyl||Aerodactylite|RockHead|RockSlide,DualWingbeat,Tailwind,Protect|Jolly||M|||50|
|
|t:|1785723323
|teamsize|p1|4
|teamsize|p2|4
|start
|switch|p1a: Basculegion|Basculegion, L50, M, shiny|100/100
|switch|p1b: Charizard|Charizard, L50, M, shiny|100/100
|switch|p2a: Aerodactyl|Aerodactyl, L50, M|100/100
|switch|p2b: Rotom|Rotom-Wash, L50|100/100
|turn|1
|j| ImYeicob
|
|t:|1785723355
|detailschange|p2a: Aerodactyl|Aerodactyl-Mega, L50, M
|-mega|p2a: Aerodactyl|Aerodactyl|Aerodactylite
|move|p1a: Basculegion|Flip Turn|p2a: Aerodactyl
|-supereffective|p2a: Aerodactyl|1
|-damage|p2a: Aerodactyl|7/100
|
|t:|1785723362
|switch|p1a: Kingambit|Kingambit, L50, F|100/100|[from] Flip Turn
|move|p2a: Aerodactyl|Rock Slide|p1b: Charizard|[spread] p1a,p1b
|-resisted|p1a: Kingambit|1
|-supereffective|p1b: Charizard|2
|-damage|p1a: Kingambit|87/100
|-damage|p1b: Charizard|0 fnt
|faint|p1b: Charizard
|move|p2b: Rotom|Volt Switch|p1a: Kingambit
|-damage|p1a: Kingambit|65/100
|
|t:|1785723373
|switch|p2b: Tyranitar|Tyranitar, L50, F|100/100|[from] Volt Switch
|-weather|Sandstorm|[from] ability: Sand Stream|[of] p2b: Tyranitar
|
|-weather|Sandstorm|[upkeep]
|upkeep
|
|t:|1785723376
|switch|p1b: Ninetales|Ninetales-Alola, L50, F, shiny|100/100
|-weather|Snowscape|[from] ability: Snow Warning|[of] p1b: Ninetales
|turn|2
|
|t:|1785723395
|move|p2a: Aerodactyl|Tailwind|p2a: Aerodactyl
|-sidestart|p2: GS Barnabe|move: Tailwind
|move|p2b: Tyranitar|Superpower|p1a: Kingambit
|-supereffective|p1a: Kingambit|2
|-damage|p1a: Kingambit|0 fnt
|-unboost|p2b: Tyranitar|atk|1
|-unboost|p2b: Tyranitar|def|1
|faint|p1a: Kingambit
|move|p1b: Ninetales|Aurora Veil|p1b: Ninetales
|-sidestart|p1: franklin777|move: Aurora Veil
|
|-weather|Snowscape|[upkeep]
|upkeep
|
|t:|1785723400
|switch|p1a: Basculegion|Basculegion, L50, M, shiny|100/100
|turn|3
|j| ImYeicob
|n| ImYeicob|imyeicob
|n| ImYeicob|imyeicob
|n| ImYeicob|imyeicob
|n| ImYeicob|imyeicob
|n| ImYeicob|imyeicob
|n| ImYeicob|imyeicob
|n| ImYeicob|imyeicob
|n| ImYeicob|imyeicob
|inactive|Battle timer is ON: inactive players will automatically lose when time's up. (requested by franklin777)
|
|t:|1785723437
|switch|p2b: Rotom|Rotom-Wash, L50|100/100
|move|p2a: Aerodactyl|Rock Slide|p1a: Basculegion|[spread] p1a,p1b
|-supereffective|p1b: Ninetales|1
|-damage|p1a: Basculegion|75/100
|-damage|p1b: Ninetales|64/100
|move|p1a: Basculegion|Last Respects|p2b: Rotom
|-damage|p2b: Rotom|0 fnt
|faint|p2b: Rotom
|move|p1b: Ninetales|Blizzard|p2a: Aerodactyl
|-supereffective|p2a: Aerodactyl|1
|-damage|p2a: Aerodactyl|0 fnt
|faint|p2a: Aerodactyl
|
|-weather|Snowscape|[upkeep]
|upkeep
|
|t:|1785723455
|switch|p2a: Tyranitar|Tyranitar, L50, F|100/100
|switch|p2b: Gholdengo|Gholdengo, L50|100/100
|-weather|Sandstorm|[from] ability: Sand Stream|[of] p2a: Tyranitar
|turn|4
|
|t:|1785723465
|move|p2a: Tyranitar|Rock Slide|p1a: Basculegion|[spread] p1a,p1b
|-supereffective|p1b: Ninetales|1
|-damage|p1a: Basculegion|52/100
|-damage|p1b: Ninetales|12/100
|move|p2b: Gholdengo|Shadow Ball|p1a: Basculegion
|-supereffective|p1a: Basculegion|1
|-crit|p1a: Basculegion
|-damage|p1a: Basculegion|0 fnt
|faint|p1a: Basculegion
|-damage|p2b: Gholdengo|90/100|[from] item: Life Orb
|move|p1b: Ninetales|Aurora Veil||[still]
|-fail|p1b: Ninetales
|
|-weather|Sandstorm|[upkeep]
|-damage|p1b: Ninetales|6/100|[from] Sandstorm
|upkeep
|turn|5
|-message|franklin777 forfeited.
|
|win|GS Barnabe
|l|☆franklin777
|player|p1|
||franklin777 is ready for game 2.
