|j|☆Inferno prodigy
|j|☆13JVH
|html|Inferno prodigy13JVH    
|uhtml|bestof|Game 2 of a best-of-3
|t:|1782689962
|gametype|doubles
|player|p1|Inferno prodigy|169|1131
|player|p2|13JVH|shadowtriad|1085
|gen|9
|tier|[Gen 9 Champions] VGC 2026 Reg M-B (Bo3)
|rated|
|rule|Species Clause: Limit one of each Pokémon
|rule|Item Clause: Limit 1 of each item
|clearpoke
|poke|p1|Staraptor, L50, M|
|poke|p1|Whimsicott, L50, F|
|poke|p1|Glimmora, L50, F, shiny|
|poke|p1|Kingambit, L50, F|
|poke|p1|Basculegion, L50, M|
|poke|p1|Garchomp, L50, M|
|poke|p2|Excadrill, L50, M|
|poke|p2|Tyranitar, L50, M|
|poke|p2|Corviknight, L50, F|
|poke|p2|Rotom-Wash, L50|
|poke|p2|Milotic, L50, M|
|poke|p2|Sinistcha, L50|
|teampreview|4
|showteam|p1|Staraptor||Staraptite|Intimidate|BraveBird,CloseCombat,Roost,Protect|Jolly||M|||50|]Whimsicott||FairyFeather|Prankster|Tickle,Tailwind,Moonblast,Protect|Timid||F|||50|]Glimmora||FocusSash|ToxicDebris|SludgeBomb,PowerGem,EarthPower,SpikyShield|Timid||F|||50|]Kingambit||ChopleBerry|Defiant|KowtowCleave,SuckerPunch,IronHead,Protect|Adamant||F|||50|]Basculegion||LifeOrb|Adaptability|WaveCrash,LastRespects,AquaJet,Protect|Adamant||M|||50|]Garchomp||SitrusBerry|RoughSkin|DragonClaw,StompingTantrum,RockTomb,Protect|Adamant||M|||50|
|showteam|p2|Excadrill||FocusSash|SandRush|IronHead,Protect,RockSlide,Earthquake|Adamant||M|||50|]Tyranitar||Tyranitarite|SandStream|RockSlide,Protect,KnockOff,LowKick|Adamant||M|||50|]Corviknight||Leftovers|MirrorArmor|BraveBird,Tailwind,Roost,BodyPress|Adamant||F|||50|]Rotom-Wash||SitrusBerry|Levitate|HydroPump,Thunderbolt,WillOWisp,VoltSwitch|Timid|||||50|]Milotic||MysticWater|Competitive|Scald,Protect,IcyWind,Recover|Bold||M|||50|]Sinistcha||KasibBerry|Hospitality|MatchaGotcha,RagePowder,TrickRoom,LifeDew|Bold|||||50|
|inactive|Battle timer is ON: inactive players will automatically lose when time's up. (requested by 13JVH)
|inactive|Inferno prodigy has 60 seconds left.
|inactive|Inferno prodigy has 30 seconds left.
|
|t:|1782690023
|teamsize|p1|4
|teamsize|p2|4
|start
|switch|p1a: Whimsicott|Whimsicott, L50, F|100/100
|switch|p1b: Glimmora|Glimmora, L50, F, shiny|100/100
|switch|p2a: Sinistcha|Sinistcha, L50|100/100
|switch|p2b: Excadrill|Excadrill, L50, M|100/100
|turn|1
|inactive|Inferno prodigy has 30 seconds left.
|inactive|Inferno prodigy has 20 seconds left.
|inactive|Inferno prodigy has 15 seconds left.
|inactive|Inferno prodigy has 10 seconds left.
|
|t:|1782690070
|switch|p1b: Staraptor|Staraptor, L50, M|100/100
|-ability|p1b: Staraptor|Intimidate|boost
|-unboost|p2a: Sinistcha|atk|1
|-unboost|p2b: Excadrill|atk|1
|move|p1a: Whimsicott|Protect|p1a: Whimsicott
|-singleturn|p1a: Whimsicott|Protect
|move|p2b: Excadrill|Earthquake|p1a: Whimsicott|[spread] p2a
|-activate|p1a: Whimsicott|move: Protect
|-immune|p1b: Staraptor
|-resisted|p2a: Sinistcha|1
|-damage|p2a: Sinistcha|88/100
|move|p2a: Sinistcha|Trick Room|p2a: Sinistcha
|-fieldstart|move: Trick Room|[of] p2a: Sinistcha
|
|upkeep
|turn|2
|inactive|Inferno prodigy has 30 seconds left.
|inactive|13JVH has 30 seconds left.
|inactive|Inferno prodigy has 20 seconds left.
|inactive|Inferno prodigy has 15 seconds left.
|inactive|Inferno prodigy has 10 seconds left.
|
|t:|1782690120
|detailschange|p1b: Staraptor|Staraptor-Mega, L50, M
|-mega|p1b: Staraptor|Staraptor|Staraptite
|move|p2a: Sinistcha|Rage Powder|p2a: Sinistcha
|-singleturn|p2a: Sinistcha|move: Rage Powder
|move|p1a: Whimsicott|Tickle|p1b: Staraptor
|-boost|p1b: Staraptor|atk|1
|-boost|p1b: Staraptor|def|1
|move|p2b: Excadrill|Rock Slide|p1a: Whimsicott|[spread] p1a,p1b
|-damage|p1a: Whimsicott|75/100
|-damage|p1b: Staraptor|90/100
|move|p1b: Staraptor|Close Combat|p2a: Sinistcha
|-immune|p2a: Sinistcha
|
|upkeep
|turn|3
|inactive|Inferno prodigy has 30 seconds left.
|
|t:|1782690154
|switch|p1a: Glimmora|Glimmora, L50, F, shiny|100/100
|move|p2a: Sinistcha|Matcha Gotcha|p1b: Staraptor|[spread] p1b
|-miss|p2a: Sinistcha|p1a: Glimmora
|-resisted|p1b: Staraptor|1
|-damage|p1b: Staraptor|74/100
|-heal|p2a: Sinistcha|96/100|[from] drain|[of] p1b: Staraptor
|move|p2b: Excadrill|Iron Head|p1a: Glimmora
|-supereffective|p1a: Glimmora|1
|-damage|p1a: Glimmora|16/100
|-activate|p1a: Glimmora|ability: Toxic Debris
|-sidestart|p2: 13JVH|move: Toxic Spikes
|move|p1b: Staraptor|Brave Bird|p2a: Sinistcha
|-supereffective|p2a: Sinistcha|1
|-damage|p2a: Sinistcha|0 fnt
|faint|p2a: Sinistcha
|-damage|p1b: Staraptor|40/100|[from] Recoil
|
|upkeep
|
|t:|1782690176
|switch|p2a: Rotom|Rotom-Wash, L50|100/100
|turn|4
|inactive|13JVH has 30 seconds left.
|
|t:|1782690202
|move|p1a: Glimmora|Spiky Shield|p1a: Glimmora
|-singleturn|p1a: Glimmora|move: Protect
|move|p1b: Staraptor|Protect|p1b: Staraptor
|-singleturn|p1b: Staraptor|Protect
|move|p2b: Excadrill|Earthquake|p1a: Glimmora|[spread] 
|-activate|p1a: Glimmora|move: Protect
|-activate|p1b: Staraptor|move: Protect
|-immune|p2a: Rotom|[from] ability: Levitate
|move|p2a: Rotom|Volt Switch|p1b: Staraptor
|-activate|p1b: Staraptor|move: Protect
|
|upkeep
|turn|5
|
|t:|1782690225
|switch|p1b: Whimsicott|Whimsicott, L50, F|75/100
|move|p2b: Excadrill|Iron Head|p1a: Glimmora
|-supereffective|p1a: Glimmora|1
|-crit|p1a: Glimmora
|-damage|p1a: Glimmora|0 fnt
|-activate|p1a: Glimmora|ability: Toxic Debris
|-sidestart|p2: 13JVH|move: Toxic Spikes
|faint|p1a: Glimmora
|move|p2a: Rotom|Thunderbolt|p1b: Whimsicott
|-resisted|p1b: Whimsicott|1
|-damage|p1b: Whimsicott|42/100
|
|-fieldend|move: Trick Room
|upkeep
|
|t:|1782690246
|switch|p1a: Staraptor|Staraptor-Mega, L50, M|40/100
|turn|6
|
|t:|1782690261
|move|p2b: Excadrill|Protect|p2b: Excadrill
|-singleturn|p2b: Excadrill|Protect
|move|p1b: Whimsicott|Tickle|p1a: Staraptor
|-boost|p1a: Staraptor|atk|1
|-boost|p1a: Staraptor|def|1
|move|p1a: Staraptor|Roost|p1a: Staraptor
|-heal|p1a: Staraptor|90/100
|-singleturn|p1a: Staraptor|move: Roost
|move|p2a: Rotom|Volt Switch|p1a: Staraptor
|-damage|p1a: Staraptor|49/100
|
|t:|1782690272
|switch|p2a: Tyranitar|Tyranitar, L50, M|100/100|[from] Volt Switch
|-status|p2a: Tyranitar|tox
|-weather|Sandstorm|[from] ability: Sand Stream|[of] p2a: Tyranitar
|
|-weather|Sandstorm|[upkeep]
|-damage|p1b: Whimsicott|36/100|[from] Sandstorm
|-damage|p1a: Staraptor|43/100|[from] Sandstorm
|-damage|p2a: Tyranitar|94/100 tox|[from] psn
|upkeep
|turn|7
|
|t:|1782690296
|detailschange|p2a: Tyranitar|Tyranitar-Mega, L50, M
|-mega|p2a: Tyranitar|Tyranitar|Tyranitarite
|move|p1b: Whimsicott|Tailwind|p1b: Whimsicott
|-sidestart|p1: Inferno prodigy|move: Tailwind
|move|p1a: Staraptor|Roost|p1a: Staraptor
|-heal|p1a: Staraptor|93/100
|-singleturn|p1a: Staraptor|move: Roost
|move|p2b: Excadrill|Rock Slide|p1b: Whimsicott|[spread] p1b
|-miss|p2b: Excadrill|p1a: Staraptor
|-damage|p1b: Whimsicott|14/100
|move|p2a: Tyranitar|Rock Slide|p1a: Staraptor|[spread] p1a,p1b
|-resisted|p1a: Staraptor|1
|-damage|p1a: Staraptor|78/100
|-damage|p1b: Whimsicott|0 fnt
|faint|p1b: Whimsicott
|
|-weather|Sandstorm|[upkeep]
|-damage|p1a: Staraptor|72/100|[from] Sandstorm
|-damage|p2a: Tyranitar|82/100 tox|[from] psn
|upkeep
|
|t:|1782690316
|switch|p1b: Basculegion|Basculegion, L50, M|100/100
|turn|8
|
|t:|1782690336
|switch|p2b: Rotom|Rotom-Wash, L50|100/100
|move|p1a: Staraptor|Close Combat|p2a: Tyranitar
|-supereffective|p2a: Tyranitar|2
|-damage|p2a: Tyranitar|0 fnt
|-boost|p1a: Staraptor|def|1
|-boost|p1a: Staraptor|spd|1
|faint|p2a: Tyranitar
|move|p1b: Basculegion|Last Respects|p2b: Rotom
|-damage|p2b: Rotom|0 fnt
|faint|p2b: Rotom
|-damage|p1b: Basculegion|90/100|[from] item: Life Orb
|
|-weather|Sandstorm|[upkeep]
|-damage|p1a: Staraptor|66/100|[from] Sandstorm
|-damage|p1b: Basculegion|84/100|[from] Sandstorm
|upkeep
|
|t:|1782690340
|switch|p2b: Excadrill|Excadrill, L50, M|100/100
|turn|9
|
|t:|1782690356
|move|p1b: Basculegion|Aqua Jet|p2b: Excadrill
|-supereffective|p2b: Excadrill|1
|-damage|p2b: Excadrill|5/100
|-damage|p1b: Basculegion|74/100|[from] item: Life Orb
|move|p1a: Staraptor|Close Combat|p2b: Excadrill
|-supereffective|p2b: Excadrill|1
|-damage|p2b: Excadrill|0 fnt
|-boost|p1a: Staraptor|def|1
|-boost|p1a: Staraptor|spd|1
|faint|p2b: Excadrill
|
|win|Inferno prodigy
|raw|Inferno prodigy's rating: 1131 → 1153(+22 for winning)
|raw|13JVH's rating: 1085 → 1065(-20 for losing)
|l|☆13JVH
|player|p2|
