|j|☆vgcbeta
|j|☆ranakos
|html|vgcbetaranakos    
|uhtml|bestof|Game 2 of a best-of-3
|t:|1756487542
|gametype|doubles
|player|p1|vgcbeta|sada|
|player|p2|ranakos|scientist-gen4|
|gen|9
|tier|[Gen 9] VGC 2025 Reg H (Bo3)
|rule|Species Clause: Limit one of each Pokémon
|rule|Item Clause: Limit 1 of each item
|clearpoke
|poke|p1|Talonflame, L50, F|
|poke|p1|Garchomp, L50, F|
|poke|p1|Gholdengo, L50|
|poke|p1|Milotic, L50, M|
|poke|p1|Tyranitar, L50, M|
|poke|p1|Amoonguss, L50, M|
|poke|p2|Gholdengo, L50|
|poke|p2|Rillaboom, L50, M|
|poke|p2|Dragapult, L50, M|
|poke|p2|Electabuzz, L50, M|
|poke|p2|Volcarona, L50, F|
|poke|p2|Gyarados, L50, F|
|teampreview|4
|showteam|p1|Talonflame||CovertCloak|GaleWings|Taunt,WillOWisp,BraveBird,Tailwind|||F|||50|,,,,,Grass]Garchomp||LifeOrb|RoughSkin|Earthquake,DragonClaw,StompingTantrum,Protect|||F|||50|,,,,,Fairy]Gholdengo||ChoiceSpecs|GoodasGold|MakeItRain,ShadowBall,PowerGem,Thunderbolt||||||50|,,,,,Steel]Milotic||SafetyGoggles|Competitive|Scald,IcyWind,Haze,Protect|||M|||50|,,,,,Dragon]Tyranitar||AssaultVest|SandStream|RockSlide,LowKick,TeraBlast,KnockOff|||M|||50|,,,,,Flying]Amoonguss||SitrusBerry|Regenerator|RagePowder,Spore,PollenPuff,ClearSmog|||M|||50|,,,,,Water
|showteam|p2|Gholdengo||ChoiceScarf|GoodasGold|MakeItRain,ShadowBall,PowerGem,Trick||||||50|,,,,,Steel]Rillaboom||AssaultVest|GrassySurge|FakeOut,WoodHammer,Uturn,GrassyGlide|||M|||50|,,,,,Fire]Dragapult||ChoiceBand|ClearBody|DragonDarts,DragonClaw,PhantomForce,Uturn|||M|||50|,,,,,Dragon]Electabuzz||Eviolite|Static|Electroweb,Taunt,FollowMe,Protect|||M|||50|,,,,,Electric]Volcarona||Leftovers|FlameBody|HeatWave,QuiverDance,Protect,GigaDrain|||F|||50|,,,,,Grass]Gyarados||SafetyGoggles|Intimidate|Waterfall,Taunt,ThunderWave,Protect|||F|||50|,,,,,Grass
|inactive|Battle timer is ON: inactive players will automatically lose when time's up. (requested by ranakos)
|inactive|vgcbeta has 60 seconds left.
|inactive|ranakos has 60 seconds left.
|
|t:|1756487595
|teamsize|p1|4
|teamsize|p2|4
|start
|switch|p1a: Talonflame|Talonflame, L50, F|100/100
|switch|p1b: Gholdengo|Gholdengo, L50|100/100
|switch|p2a: Dragapult|Dragapult, L50, M|100/100
|switch|p2b: Big Jerry|Rillaboom, L50, M|100/100
|-fieldstart|move: Grassy Terrain|[from] ability: Grassy Surge|[of] p2b: Big Jerry
|turn|1
|inactive|vgcbeta has 30 seconds left.
|
|t:|1756487627
|switch|p1b: Tyranitar|Tyranitar, L50, M|100/100
|-weather|Sandstorm|[from] ability: Sand Stream|[of] p1b: Tyranitar
|move|p2b: Big Jerry|Fake Out|p1a: Talonflame
|-damage|p1a: Talonflame|80/100
|move|p1a: Talonflame|Tailwind|p1a: Talonflame
|-sidestart|p1: vgcbeta|move: Tailwind
|move|p2a: Dragapult|Phantom Force||[still]
|-prepare|p2a: Dragapult|Phantom Force
|
|-weather|Sandstorm|[upkeep]
|-damage|p1a: Talonflame|74/100|[from] Sandstorm
|-damage|p2a: Dragapult|94/100|[from] Sandstorm
|-damage|p2b: Big Jerry|95/100|[from] Sandstorm
|-heal|p2b: Big Jerry|100/100|[from] Grassy Terrain
|upkeep
|turn|2
|inactive|vgcbeta has 30 seconds left.
|inactive|ranakos has 30 seconds left.
|
|t:|1756487657
|-terastallize|p1b: Tyranitar|Flying
|move|p1a: Talonflame|Will-O-Wisp|p2b: Big Jerry
|-status|p2b: Big Jerry|brn
|move|p2a: Dragapult|Phantom Force|p1b: Tyranitar|[from] lockedmove
|-damage|p1b: Tyranitar|37/100
|move|p1b: Tyranitar|Tera Blast|p2b: Big Jerry|[anim] Tera Blast Flying
|-supereffective|p2b: Big Jerry
|-damage|p2b: Big Jerry|5/100 brn
|move|p2b: Big Jerry|U-turn|p1b: Tyranitar
|-resisted|p1b: Tyranitar
|-damage|p1b: Tyranitar|32/100
|
|t:|1756487664
|switch|p2b: Gyarados|Gyarados, L50, F|100/100|[from] U-turn
|-ability|p2b: Gyarados|Intimidate|boost
|-unboost|p1a: Talonflame|atk|1
|-unboost|p1b: Tyranitar|atk|1
|
|-weather|Sandstorm|[upkeep]
|-damage|p1a: Talonflame|68/100|[from] Sandstorm
|-damage|p2a: Dragapult|88/100|[from] Sandstorm
|-damage|p1b: Tyranitar|26/100|[from] Sandstorm
|-heal|p2a: Dragapult|94/100|[from] Grassy Terrain
|upkeep
|turn|3
|inactive|vgcbeta has 30 seconds left.
|
|t:|1756487692
|move|p1a: Talonflame|Will-O-Wisp|p2a: Dragapult
|-status|p2a: Dragapult|brn
|move|p2a: Dragapult|Phantom Force||[still]
|-prepare|p2a: Dragapult|Phantom Force
|move|p1b: Tyranitar|Rock Slide|p2a: Dragapult|[spread] p2b
|-miss|p1b: Tyranitar|p2a: Dragapult
|-supereffective|p2b: Gyarados
|-damage|p2b: Gyarados|59/100
|move|p2b: Gyarados|Waterfall|p1b: Tyranitar
|-damage|p1b: Tyranitar|0 fnt
|faint|p1b: Tyranitar
|
|-weather|Sandstorm|[upkeep]
|-damage|p1a: Talonflame|63/100|[from] Sandstorm
|-damage|p2a: Dragapult|88/100 brn|[from] Sandstorm
|-damage|p2a: Dragapult|82/100 brn|[from] brn
|upkeep
|
|t:|1756487707
|switch|p1b: Gholdengo|Gholdengo, L50|100/100
|turn|4
|
|t:|1756487731
|move|p1a: Talonflame|Brave Bird|p2b: Gyarados
|-damage|p2b: Gyarados|27/100
|-damage|p1a: Talonflame|49/100|[from] Recoil
|move|p1b: Gholdengo|Make It Rain|p2a: Dragapult|[spread] p2b
|-miss|p1b: Gholdengo|p2a: Dragapult
|-resisted|p2b: Gyarados
|-damage|p2b: Gyarados|0 fnt
|-unboost|p1b: Gholdengo|spa|1
|faint|p2b: Gyarados
|move|p2a: Dragapult|Phantom Force|p1a: Talonflame|[from] lockedmove
|-damage|p1a: Talonflame|0 fnt
|faint|p1a: Talonflame
|
|-weather|Sandstorm|[upkeep]
|-damage|p2a: Dragapult|76/100 brn|[from] Sandstorm
|-heal|p2a: Dragapult|82/100 brn|[from] Grassy Terrain
|-damage|p2a: Dragapult|76/100 brn|[from] brn
|-sideend|p1: vgcbeta|move: Tailwind
|upkeep
|
|t:|1756487742
|switch|p1a: Garchomp|Garchomp, L50, F|100/100
|switch|p2b: Gholdengo|Gholdengo, L50|100/100
|turn|5
|
|t:|1756487768
|-terastallize|p2b: Gholdengo|Steel
|move|p2b: Gholdengo|Make It Rain|p1b: Gholdengo|[spread] p1a,p1b
|-resisted|p1b: Gholdengo
|-damage|p1a: Garchomp|17/100
|-damage|p1b: Gholdengo|62/100
|-unboost|p2b: Gholdengo|spa|1
|move|p2a: Dragapult|Phantom Force||[still]
|-prepare|p2a: Dragapult|Phantom Force
|move|p1a: Garchomp|Stomping Tantrum|p2b: Gholdengo
|-supereffective|p2b: Gholdengo
|-damage|p2b: Gholdengo|0 fnt
|faint|p2b: Gholdengo
|-damage|p1a: Garchomp|8/100|[from] item: Life Orb
|move|p1b: Gholdengo|Make It Rain|p2a: Dragapult|[miss]
|-miss|p1b: Gholdengo|p2a: Dragapult
|
|-weather|none
|-heal|p1a: Garchomp|14/100|[from] Grassy Terrain
|-heal|p1b: Gholdengo|68/100|[from] Grassy Terrain
|-damage|p2a: Dragapult|70/100 brn|[from] brn
|-fieldend|move: Grassy Terrain
|upkeep
|
|t:|1756487779
|switch|p2b: Big Jerry|Rillaboom, L50, M|5/100 brn
|-fieldstart|move: Grassy Terrain|[from] ability: Grassy Surge|[of] p2b: Big Jerry
|turn|6
|
|t:|1756487793
|move|p2b: Big Jerry|Fake Out|p1a: Garchomp
|-damage|p1a: Garchomp|7/100
|-damage|p2b: Big Jerry|0 fnt|[from] ability: Rough Skin|[of] p1a: Garchomp
|faint|p2b: Big Jerry
|move|p2a: Dragapult|Phantom Force|p1b: Gholdengo|[from] lockedmove
|-supereffective|p1b: Gholdengo
|-damage|p1b: Gholdengo|0 fnt
|faint|p1b: Gholdengo
|cant|p1a: Garchomp|flinch
|
|-heal|p2a: Dragapult|76/100 brn|[from] Grassy Terrain
|-heal|p1a: Garchomp|13/100|[from] Grassy Terrain
|-damage|p2a: Dragapult|70/100 brn|[from] brn
|upkeep
|turn|7
|
|t:|1756487806
|move|p2a: Dragapult|Phantom Force||[still]
|-prepare|p2a: Dragapult|Phantom Force
|move|p1a: Garchomp|Dragon Claw|p2a: Dragapult|[miss]
|-miss|p1a: Garchomp|p2a: Dragapult
|
|-heal|p1a: Garchomp|19/100|[from] Grassy Terrain
|-damage|p2a: Dragapult|64/100 brn|[from] brn
|upkeep
|turn|8
|
|t:|1756487815
|move|p2a: Dragapult|Phantom Force|p1a: Garchomp|[from] lockedmove
|-damage|p1a: Garchomp|0 fnt
|-damage|p2a: Dragapult|52/100 brn|[from] ability: Rough Skin|[of] p1a: Garchomp
|faint|p1a: Garchomp
|
|win|ranakos
|c|☆vgcbeta|nah este equipo es carrachada
|c|☆ranakos|si en el 1er turno que salia de phantom me matabas a pult ganabas creo yo
|c|☆ranakos|LMAO
|c|☆ranakos|un poco también
|c|☆ranakos|pero chomp + TW es real
|c|☆ranakos|dame un sec que tengo uno que igual te mola
|c|☆ranakos|nvm
