|j|☆firedestroyrr
|j|☆itssanctum
|html|firedestroyrritssanctum    
|uhtml|bestof|Game 2 of a best-of-3
|t:|1784671025
|gametype|doubles
|player|p1|firedestroyrr|proton|
|player|p2|itssanctum|barry|
|gen|9
|tier|[Gen 9 Champions] VGC 2026 Reg M-B (Bo3)
|rule|Species Clause: Limit one of each Pokémon
|rule|Item Clause: Limit 1 of each item
|clearpoke
|poke|p1|Snorlax, L50, F|
|poke|p1|Hawlucha, L50, F, shiny|
|poke|p1|Liepard, L50, F, shiny|
|poke|p1|Incineroar, L50, F|
|poke|p1|Slowbro-Galar, L50, M|
|poke|p1|Gengar, L50, F|
|poke|p2|Pelipper, L50, F|
|poke|p2|Kangaskhan, L50, F|
|poke|p2|Swampert, L50, M|
|poke|p2|Hawlucha, L50, M|
|poke|p2|Sableye, L50, M|
|poke|p2|Archaludon, L50, M|
|teampreview|4
|showteam|p1|Snorlax||SitrusBerry|ThickFat|Fissure,ThunderPunch,BodyPress,Stockpile|Impish||F|||50|]Hawlucha||Hawluchanite|MoldBreaker|CrossChop,BraveBird,Entrainment,Protect|Jolly||F|||50|]Liepard||HeatRock|Prankster|Crunch,Encore,SunnyDay,FakeOut|Jolly||F|||50|]Incineroar||PasshoBerry|Intimidate|FlareBlitz,PartingShot,FakeOut,Protect|Jolly||F|||50|]Slowbro-Galar||QuickClaw|QuickDraw|ShellSideArm,GrassKnot,Psychic,Protect|Modest||M|||50|]Gengar||Gengarite|CursedBody|ShadowBall,FocusBlast,PerishSong,Protect|Modest||F|||50|
|showteam|p2|Pelipper||DampRock|Drizzle|Tailwind,Hurricane,Protect,WideGuard|Bold||F|||50|]Kangaskhan||SilkScarf|Scrappy|FakeOut,LastResort|Adamant||F|||50|]Swampert||Swampertite|Torrent|Earthquake,WaveCrash,Protect,FlipTurn|Adamant||M|||50|]Hawlucha||LumBerry|Unburden|Acrobatics,DrainPunch,Protect,RockSlide|Adamant||M|||50|]Sableye||Sablenite|Prankster|Swagger,Reflect,RainDance,Taunt|Calm||M|||50|]Archaludon||ChopleBerry|Stamina|ElectroShot,AuraSphere,DracoMeteor,Protect|Calm||M|||50|
|c|☆itssanctum|gl
|c|☆firedestroyrr|gl
|
|t:|1784671056
|teamsize|p1|4
|teamsize|p2|4
|start
|switch|p1a: Gengar|Gengar, L50, F|100/100
|switch|p1b: Incineroar|Incineroar, L50, F|100/100
|switch|p2a: Joker|Sableye, L50, M|100/100
|switch|p2b: Ryuji|Archaludon, L50, M|100/100
|-ability|p1b: Incineroar|Intimidate|boost
|-unboost|p2a: Joker|atk|1
|-unboost|p2b: Ryuji|atk|1
|turn|1
|
|t:|1784671099
|switch|p1b: Liepard|Liepard, L50, F, shiny|100/100
|move|p1a: Gengar|Protect|p1a: Gengar
|-singleturn|p1a: Gengar|Protect
|move|p2a: Joker|Taunt|p1a: Gengar
|-activate|p1a: Gengar|move: Protect
|move|p2b: Ryuji|Electro Shot||[still]
|-prepare|p2b: Ryuji|Electro Shot
|-boost|p2b: Ryuji|spa|1
|
|upkeep
|turn|2
|
|t:|1784671119
|move|p1b: Liepard|Encore|p2b: Ryuji
|-start|p2b: Ryuji|Encore
|move|p2a: Joker|Taunt|p1a: Gengar
|-start|p1a: Gengar|move: Taunt
|move|p1a: Gengar|Focus Blast|p2b: Ryuji|[miss]
|-miss|p1a: Gengar|p2b: Ryuji
|move|p2b: Ryuji|Electro Shot|p1a: Gengar|[from] lockedmove
|-damage|p1a: Gengar|14/100
|
|upkeep
|turn|3
|
|t:|1784671152
|switch|p1a: Incineroar|Incineroar, L50, F|100/100
|-ability|p1a: Incineroar|Intimidate|boost
|-unboost|p2a: Joker|atk|1
|-unboost|p2b: Ryuji|atk|1
|move|p2a: Joker|Rain Dance|p2a: Joker
|-weather|RainDance
|move|p1b: Liepard|Crunch|p2a: Joker
|-damage|p2a: Joker|69/100
|-unboost|p2a: Joker|def|1
|move|p2b: Ryuji|Electro Shot||[still]
|-prepare|p2b: Ryuji|Electro Shot
|-boost|p2b: Ryuji|spa|1
|-anim|p2b: Ryuji|Electro Shot|p1b: Liepard
|-damage|p1b: Liepard|0 fnt
|faint|p1b: Liepard
|
|-weather|RainDance|[upkeep]
|upkeep
|
|t:|1784671165
|switch|p1b: Slowbro|Slowbro-Galar, L50, M|100/100
|turn|4
|
|t:|1784671192
|move|p1a: Incineroar|Fake Out|p2b: Ryuji
|-resisted|p2b: Ryuji|1
|-damage|p2b: Ryuji|95/100
|-ability|p2b: Ryuji|Stamina|boost
|-boost|p2b: Ryuji|def|1
|move|p2a: Joker|Reflect|p2a: Joker
|-sidestart|p2: itssanctum|Reflect
|cant|p2b: Ryuji|flinch
|move|p1b: Slowbro|Shell Side Arm|p2a: Joker|[anim] Shell Side Arm Physical
|-resisted|p2a: Joker|1
|-damage|p2a: Joker|50/100g
|-hint|Physical Shell Side Arm
|-status|p2a: Joker|psn
|
|-weather|RainDance|[upkeep]
|-damage|p2a: Joker|38/100 psn|[from] psn
|-end|p2b: Ryuji|Encore
|upkeep
|turn|5
|
|t:|1784671236
|switch|p2a: Yusuke|Swampert, L50, M|100/100
|move|p1a: Incineroar|Protect|p1a: Incineroar
|-singleturn|p1a: Incineroar|Protect
|move|p2b: Ryuji|Electro Shot||[still]
|-prepare|p2b: Ryuji|Electro Shot
|-boost|p2b: Ryuji|spa|1
|-anim|p2b: Ryuji|Electro Shot|p1b: Slowbro
|-damage|p1b: Slowbro|0 fnt
|faint|p1b: Slowbro
|
|-weather|RainDance|[upkeep]
|upkeep
|
|t:|1784671247
|switch|p1b: Gengar|Gengar, L50, F|14/100
|turn|6
|
|t:|1784671252
|detailschange|p1b: Gengar|Gengar-Mega, L50, F
|-mega|p1b: Gengar|Gengar|Gengarite
|detailschange|p2a: Yusuke|Swampert-Mega, L50, M
|-mega|p2a: Yusuke|Swampert|Swampertite
|move|p2b: Ryuji|Protect|p2b: Ryuji
|-singleturn|p2b: Ryuji|Protect
|move|p2a: Yusuke|Earthquake|p1a: Incineroar|[spread] p1a,p1b
|-activate|p2b: Ryuji|move: Protect
|-supereffective|p1a: Incineroar|1
|-supereffective|p1b: Gengar|1
|-damage|p1a: Incineroar|10/100
|-damage|p1b: Gengar|0 fnt
|faint|p1b: Gengar
|move|p1a: Incineroar|Flare Blitz|p2b: Ryuji
|-activate|p2b: Ryuji|move: Protect
|
|-weather|RainDance|[upkeep]
|upkeep
|turn|7
|
|t:|1784671263
|move|p1a: Incineroar|Protect|p1a: Incineroar
|-singleturn|p1a: Incineroar|Protect
|move|p2a: Yusuke|Wave Crash|p1a: Incineroar
|-activate|p1a: Incineroar|move: Protect
|move|p2b: Ryuji|Aura Sphere|p1a: Incineroar
|-activate|p1a: Incineroar|move: Protect
|
|-weather|none
|upkeep
|turn|8
|c|☆firedestroyrr|gg
|c|☆itssanctum|gg sir
|
|t:|1784671272
|move|p1a: Incineroar|Flare Blitz|p2b: Ryuji
|-damage|p2b: Ryuji|77/100
|-status|p2b: Ryuji|brn
|-ability|p2b: Ryuji|Stamina|boost
|-boost|p2b: Ryuji|def|1
|-damage|p1a: Incineroar|5/100|[from] Recoil
|move|p2a: Yusuke|Wave Crash|p1a: Incineroar
|-supereffective|p1a: Incineroar|1
|-enditem|p1a: Incineroar|Passho Berry|[eat]
|-enditem|p1a: Incineroar|Passho Berry|[weaken]
|-damage|p1a: Incineroar|0 fnt
|faint|p1a: Incineroar
|-damage|p2a: Yusuke|97/100|[from] Recoil
|
|win|itssanctum
