|j|☆PMTH2000
|j|☆Totally Crazy
|html|PMTH2000Totally Crazy    
|uhtml|bestof|Game 3 of a best-of-3
|t:|1756663909
|gametype|doubles
|player|p1|PMTH2000|266|1045
|player|p2|Totally Crazy|blackbelt-gen4|1014
|gen|9
|tier|[Gen 9] VGC 2025 Reg H (Bo3)
|rated|
|rule|Species Clause: Limit one of each Pokémon
|rule|Item Clause: Limit 1 of each item
|clearpoke
|poke|p1|Gothitelle, L50, M|
|poke|p1|Politoed, L50, F|
|poke|p1|Archaludon, L50, M|
|poke|p1|Incineroar, L50, F|
|poke|p1|Pincurchin, L50, M|
|poke|p1|Amoonguss, L50, M|
|poke|p2|Corviknight, L50, F|
|poke|p2|Ursaluna-Bloodmoon, L50, M|
|poke|p2|Ninetales-Alola, L50, M|
|poke|p2|Incineroar, L50, F|
|poke|p2|Amoonguss, L50, F|
|poke|p2|Gothitelle, L50, M|
|teampreview|4
|showteam|p1|Gothitelle||SitrusBerry|ShadowTag|Psychic,Protect,FakeOut,TrickRoom|||M|||50|,,,,,Water]Politoed||Leftovers|Drizzle|PerishSong,Protect,WeatherBall,Encore|||F|||50|,,,,,Grass]Archaludon||PowerHerb|Stalwart|ElectroShot,Protect,DragonPulse,FlashCannon|||M|||50|,,,,,Electric]Incineroar||SafetyGoggles|Intimidate|FakeOut,PartingShot,Protect,KnockOff|||F|||50|,,,,,Bug]Pincurchin||FocusSash|ElectricSurge|Electroweb,ToxicSpikes,ZingZap,Protect|||M|||50|,,,,,Ghost]Amoonguss||BlackSludge|Regenerator|Protect,SludgeBomb,Spore,RagePowder|||M|||50|,,,,,Water
|showteam|p2|Corviknight||CovertCloak|MirrorArmor|BodyPress,IronDefense,Tailwind,BraveBird|||F|||50|,,,,,Dragon]Ursaluna-Bloodmoon||Leftovers|MindsEye|Protect,CalmMind,HyperVoice,BloodMoon|||M|||50|,,,,,Ghost]Ninetales-Alola||LightClay|SnowWarning|AuroraVeil,Blizzard,Encore,Moonblast|||M|||50|,,,,,Ghost]Incineroar||SafetyGoggles|Intimidate|FakeOut,PartingShot,KnockOff,FlareBlitz|||F|||50|,,,,,Ghost]Amoonguss||MentalHerb|EffectSpore|Spore,RagePowder,Protect,ClearSmog|||F|||50|,,,,,Water]Gothitelle||SitrusBerry|ShadowTag|FakeOut,TrickRoom,Psychic,Protect|||M|||50|,,,,,Dark
|inactive|Battle timer is ON: inactive players will automatically lose when time's up. (requested by Totally Crazy)
|
|t:|1756663933
|teamsize|p1|4
|teamsize|p2|4
|start
|switch|p1a: Incineroar|Incineroar, L50, F|100/100
|switch|p1b: Politoed|Politoed, L50, F, shiny|100/100
|switch|p2a: Gothitelle|Gothitelle, L50, M|100/100
|switch|p2b: Incineroar|Incineroar, L50, F|100/100
|-weather|RainDance|[from] ability: Drizzle|[of] p1b: Politoed
|-ability|p2b: Incineroar|Intimidate|boost
|-unboost|p1a: Incineroar|atk|1
|-unboost|p1b: Politoed|atk|1
|-ability|p1a: Incineroar|Intimidate|boost
|-unboost|p2a: Gothitelle|atk|1
|-unboost|p2b: Incineroar|atk|1
|turn|1
|inactive|PMTH2000 has 30 seconds left.
|
|t:|1756663958
|move|p1a: Incineroar|Fake Out|p2a: Gothitelle
|-damage|p2a: Gothitelle|94/100
|move|p1b: Politoed|Weather Ball|p2b: Incineroar
|-supereffective|p2b: Incineroar
|-damage|p2b: Incineroar|20/100
|move|p2b: Incineroar|Parting Shot|p1b: Politoed
|-unboost|p1b: Politoed|atk|1
|-unboost|p1b: Politoed|spa|1
|
|t:|1756663966
|switch|p2b: Ninetales|Ninetales-Alola, L50, M|100/100|[from] Parting Shot
|-weather|Snowscape|[from] ability: Snow Warning|[of] p2b: Ninetales
|cant|p2a: Gothitelle|flinch
|
|-weather|Snowscape|[upkeep]
|upkeep
|turn|2
|
|t:|1756663985
|move|p2b: Ninetales|Encore|p1a: Incineroar
|-start|p1a: Incineroar|Encore
|move|p1b: Politoed|Perish Song|p1b: Politoed
|-start|p1a: Incineroar|perish3|[silent]
|-start|p1b: Politoed|perish3|[silent]
|-start|p2a: Gothitelle|perish3|[silent]
|-start|p2b: Ninetales|perish3|[silent]
|-fieldactivate|move: Perish Song
|move|p1a: Incineroar|Fake Out||[still]
|-hint|Fake Out only works on your first turn out.
|-fail|p1a: Incineroar
|move|p2a: Gothitelle|Psychic|p1b: Politoed
|-damage|p1b: Politoed|79/100
|-unboost|p1b: Politoed|spd|1
|
|-weather|Snowscape|[upkeep]
|-heal|p1b: Politoed|85/100|[from] item: Leftovers
|-start|p2b: Ninetales|perish3
|-start|p1b: Politoed|perish3
|-start|p1a: Incineroar|perish3
|-start|p2a: Gothitelle|perish3
|upkeep
|turn|3
|inactive|PMTH2000 has 30 seconds left.
|inactive|PMTH2000 has 20 seconds left.
|inactive|PMTH2000 has 15 seconds left.
|
|t:|1756664028
|switch|p2b: Incineroar|Incineroar, L50, F|20/100
|-ability|p2b: Incineroar|Intimidate|boost
|-unboost|p1a: Incineroar|atk|1
|-unboost|p1b: Politoed|atk|1
|move|p1a: Incineroar|Fake Out||[still]
|-hint|Fake Out only works on your first turn out.
|-fail|p1a: Incineroar
|move|p1b: Politoed|Encore||[still]
|-fail|p1b: Politoed
|move|p2a: Gothitelle|Psychic|p1b: Politoed
|-damage|p1b: Politoed|51/100
|
|-weather|Snowscape|[upkeep]
|-heal|p1b: Politoed|57/100|[from] item: Leftovers
|-start|p1b: Politoed|perish2
|-start|p1a: Incineroar|perish2
|-start|p2a: Gothitelle|perish2
|upkeep
|turn|4
|inactive|Totally Crazy has 30 seconds left.
|
|t:|1756664056
|move|p1b: Politoed|Protect|p1b: Politoed
|-singleturn|p1b: Politoed|Protect
|move|p2a: Gothitelle|Protect|p2a: Gothitelle
|-singleturn|p2a: Gothitelle|Protect
|move|p1a: Incineroar|Fake Out||[still]
|-hint|Fake Out only works on your first turn out.
|-fail|p1a: Incineroar
|move|p2b: Incineroar|Knock Off|p1a: Incineroar
|-resisted|p1a: Incineroar
|-damage|p1a: Incineroar|83/100
|-enditem|p1a: Incineroar|Safety Goggles|[from] move: Knock Off|[of] p2b: Incineroar
|
|-weather|Snowscape|[upkeep]
|-heal|p1b: Politoed|63/100|[from] item: Leftovers
|-end|p1a: Incineroar|Encore
|-start|p1b: Politoed|perish1
|-start|p1a: Incineroar|perish1
|-start|p2a: Gothitelle|perish1
|upkeep
|turn|5
|inactive|PMTH2000 has 30 seconds left.
|
|t:|1756664090
|switch|p2a: Ninetales|Ninetales-Alola, L50, M|100/100
|move|p1b: Politoed|Perish Song|p1b: Politoed
|-start|p2a: Ninetales|perish3|[silent]
|-start|p2b: Incineroar|perish3|[silent]
|-fieldactivate|move: Perish Song
|move|p1a: Incineroar|Parting Shot|p2a: Ninetales
|-unboost|p2a: Ninetales|atk|1
|-unboost|p2a: Ninetales|spa|1
|
|t:|1756664099
|switch|p1a: Gothitelle|Gothitelle, L50, M, shiny|100/100|[from] Parting Shot
|move|p2b: Incineroar|Parting Shot|p1b: Politoed
|-unboost|p1b: Politoed|atk|1
|-unboost|p1b: Politoed|spa|1
|
|t:|1756664106
|switch|p2b: Corviknight|Corviknight, L50, F|100/100|[from] Parting Shot
|
|-weather|none
|-heal|p1b: Politoed|69/100|[from] item: Leftovers
|-start|p2a: Ninetales|perish3
|-start|p1b: Politoed|perish0
|upkeep
|faint|p1b: Politoed
|
|t:|1756664120
|switch|p1b: Amoonguss|Amoonguss, L50, M, shiny|100/100
|turn|6
|
|t:|1756664133
|move|p1a: Gothitelle|Fake Out|p2b: Corviknight
|-resisted|p2b: Corviknight
|-damage|p2b: Corviknight|98/100
|move|p2a: Ninetales|Blizzard|p1b: Amoonguss|[spread] p1b
|-miss|p2a: Ninetales|p1a: Gothitelle
|-supereffective|p1b: Amoonguss
|-damage|p1b: Amoonguss|73/100
|move|p2b: Corviknight|Brave Bird|p1b: Amoonguss
|-supereffective|p1b: Amoonguss
|-damage|p1b: Amoonguss|8/100
|-damage|p2b: Corviknight|75/100|[from] Recoil
|move|p1b: Amoonguss|Sludge Bomb|p2a: Ninetales
|-supereffective|p2a: Ninetales
|-damage|p2a: Ninetales|49/100
|
|-heal|p1b: Amoonguss|14/100|[from] item: Black Sludge
|-start|p2a: Ninetales|perish2
|upkeep
|turn|7
|inactive|PMTH2000 has 30 seconds left.
|
|t:|1756664164
|switch|p1a: Incineroar|Incineroar, L50, F|83/100
|-ability|p1a: Incineroar|Intimidate|boost
|-unboost|p2a: Ninetales|atk|1
|-ability|p2b: Corviknight|Mirror Armor
|-unboost|p1a: Incineroar|atk|1
|move|p2a: Ninetales|Encore||[still]
|-fail|p2a: Ninetales
|move|p2b: Corviknight|Brave Bird|p1b: Amoonguss
|-supereffective|p1b: Amoonguss
|-damage|p1b: Amoonguss|0 fnt
|faint|p1b: Amoonguss
|-damage|p2b: Corviknight|70/100|[from] Recoil
|
|-start|p2a: Ninetales|perish1
|upkeep
|
|t:|1756664179
|switch|p1b: Gothitelle|Gothitelle, L50, M, shiny|100/100
|turn|8
|
|t:|1756664189
|move|p1a: Incineroar|Protect|p1a: Incineroar
|-singleturn|p1a: Incineroar|Protect
|move|p1b: Gothitelle|Protect|p1b: Gothitelle
|-singleturn|p1b: Gothitelle|Protect
|move|p2a: Ninetales|Moonblast|p1a: Incineroar
|-activate|p1a: Incineroar|move: Protect
|move|p2b: Corviknight|Iron Defense|p2b: Corviknight
|-boost|p2b: Corviknight|def|2
|
|-start|p2a: Ninetales|perish0
|faint|p2a: Ninetales
|upkeep
|
|t:|1756664193
|switch|p2a: Gothitelle|Gothitelle, L50, M|94/100
|turn|9
|
|t:|1756664213
|move|p2a: Gothitelle|Fake Out|p1b: Gothitelle
|-damage|p1b: Gothitelle|95/100
|move|p2b: Corviknight|Body Press|p1a: Incineroar
|-supereffective|p1a: Incineroar
|-damage|p1a: Incineroar|19/100
|move|p1a: Incineroar|Knock Off|p2b: Corviknight
|-damage|p2b: Corviknight|60/100
|-enditem|p2b: Corviknight|Covert Cloak|[from] move: Knock Off|[of] p1a: Incineroar
|cant|p1b: Gothitelle|flinch
|
|upkeep
|turn|10
|
|t:|1756664230
|-terastallize|p2a: Gothitelle|Dark
|move|p1a: Incineroar|Protect|p1a: Incineroar
|-singleturn|p1a: Incineroar|Protect
|move|p2b: Corviknight|Body Press|p1a: Incineroar
|-activate|p1a: Incineroar|move: Protect
|move|p2a: Gothitelle|Psychic|p1b: Gothitelle
|-resisted|p1b: Gothitelle
|-damage|p1b: Gothitelle|84/100
|-unboost|p1b: Gothitelle|spd|1
|move|p1b: Gothitelle|Trick Room|p1b: Gothitelle
|-fieldstart|move: Trick Room|[of] p1b: Gothitelle
|
|upkeep
|turn|11
|
|t:|1756664248
|move|p2a: Gothitelle|Protect|p2a: Gothitelle
|-singleturn|p2a: Gothitelle|Protect
|move|p1b: Gothitelle|Psychic|p2b: Corviknight
|-resisted|p2b: Corviknight
|-damage|p2b: Corviknight|50/100
|move|p1a: Incineroar|Knock Off|p2a: Gothitelle
|-activate|p2a: Gothitelle|move: Protect
|move|p2b: Corviknight|Body Press|p1a: Incineroar
|-supereffective|p1a: Incineroar
|-damage|p1a: Incineroar|0 fnt
|faint|p1a: Incineroar
|
|upkeep
|turn|12
|
|t:|1756664268
|move|p2a: Gothitelle|Psychic|p1b: Gothitelle
|-resisted|p1b: Gothitelle
|-damage|p1b: Gothitelle|67/100
|move|p2b: Corviknight|Iron Defense|p2b: Corviknight
|-boost|p2b: Corviknight|def|2
|move|p1b: Gothitelle|Trick Room|p1b: Gothitelle
|-fieldend|move: Trick Room
|
|upkeep
|turn|13
|-message|PMTH2000 forfeited.
|
|win|Totally Crazy
|raw|PMTH2000's rating: 1045 → 1027(-18 for losing)
|raw|Totally Crazy's rating: 1014 → 1055(+41 for winning)
|c|☆PMTH2000|gg
|c|☆Totally Crazy|gg
