|j|☆mr sucks at games
|j|☆mrsuaaaaj
|html|mr sucks at gamesmrsuaaaaj    
|uhtml|bestof|Game 2 of a best-of-3
|t:|1782550938
|gametype|doubles
|player|p1|mr sucks at games|169|1051
|player|p2|mrsuaaaaj|1|1000
|gen|9
|tier|[Gen 9 Champions] VGC 2026 Reg M-B (Bo3)
|rated|
|rule|Species Clause: Limit one of each Pokémon
|rule|Item Clause: Limit 1 of each item
|clearpoke
|poke|p1|Gholdengo, L50|
|poke|p1|Alcremie-Matcha-Cream, L50, F|
|poke|p1|Tyranitar, L50, F|
|poke|p1|Tsareena, L50, F|
|poke|p1|Garchomp, L50, F|
|poke|p1|Aerodactyl, L50, F|
|poke|p2|Charizard, L50, F|
|poke|p2|Incineroar, L50, M|
|poke|p2|Farigiraf, L50, M|
|poke|p2|Sylveon, L50, F|
|poke|p2|Aerodactyl, L50, F|
|poke|p2|Venusaur, L50, F|
|teampreview|4
|showteam|p1|Gholdengo||LifeOrb|GoodasGold|NastyPlot,MakeItRain,ShadowBall,Protect|Modest|||||50|]Alcremie-Matcha-Cream||LumBerry|SweetVeil|Psychic,DazzlingGleam,Decorate,Protect|Bold||F|||50|]Tyranitar||ChopleBerry|SandStream|RockSlide,LowKick,KnockOff,Protect|Adamant||F|||50|]Tsareena||ExpertBelt|QueenlyMajesty|TropKick,LowKick,TripleAxel,Protect|Adamant||F|||50|]Garchomp||BrightPowder|SandVeil|RockSlide,Earthquake,DragonClaw,Protect|Jolly||F|||50|]Aerodactyl||FocusSash|Unnerve|Protect,RockSlide,Tailwind,DualWingbeat|Jolly||F|||50|
|showteam|p2|Charizard||CharizarditeY|Blaze|Protect,HeatWave,SolarBeam,WeatherBall|Timid||F|||50|]Incineroar||PasshoBerry|Intimidate|FakeOut,FlareBlitz,DarkestLariat,PartingShot|Careful||M|||50|]Farigiraf||SitrusBerry|ArmorTail|Psychic,Thunderbolt,Roar,TrickRoom|Bold||M|||50|]Sylveon||FairyFeather|Pixilate|Detect,HyperVoice,HyperBeam,QuickAttack|Modest||F|||50|]Aerodactyl||FocusSash|Unnerve|Protect,RockSlide,IceFang,Tailwind|Jolly||F|||50|]Venusaur||LifeOrb|Chlorophyll|Protect,GigaDrain,SludgeBomb,EarthPower|Modest||F|||50|
|
|t:|1782550970
|teamsize|p1|4
|teamsize|p2|4
|start
|switch|p1a: Alcremie|Alcremie-Matcha-Cream, L50, F|100/100
|switch|p1b: Gholdengo|Gholdengo, L50|100/100
|switch|p2a: Charizard|Charizard, L50, F|100/100
|switch|p2b: Venusaur|Venusaur, L50, F|100/100
|turn|1
|
|t:|1782551006
|move|p1b: Gholdengo|Protect|p1b: Gholdengo
|-singleturn|p1b: Gholdengo|Protect
|move|p2a: Charizard|Heat Wave|p1b: Gholdengo|[spread] p1a
|-activate|p1b: Gholdengo|move: Protect
|-damage|p1a: Alcremie|73/100
|move|p2b: Venusaur|Sludge Bomb|p1a: Alcremie
|-supereffective|p1a: Alcremie|1
|-damage|p1a: Alcremie|0 fnt
|faint|p1a: Alcremie
|-damage|p2b: Venusaur|90/100|[from] item: Life Orb
|
|upkeep
|
|t:|1782551021
|switch|p1a: Garchomp|Garchomp, L50, F|100/100
|turn|2
|
|t:|1782551064
|switch|p2b: Incineroar|Incineroar, L50, M|100/100
|-ability|p2b: Incineroar|Intimidate|boost
|-unboost|p1a: Garchomp|atk|1
|-unboost|p1b: Gholdengo|atk|1
|detailschange|p2a: Charizard|Charizard-Mega-Y, L50, F
|-mega|p2a: Charizard|Charizard|Charizardite Y
|-weather|SunnyDay|[from] ability: Drought|[of] p2a: Charizard
|move|p1a: Garchomp|Rock Slide|p2b: Incineroar|[spread] p2a,p2b
|-supereffective|p2a: Charizard|2
|-supereffective|p2b: Incineroar|1
|-damage|p2a: Charizard|44/100
|-damage|p2b: Incineroar|76/100
|move|p2a: Charizard|Heat Wave|p1b: Gholdengo|[spread] p1a,p1b
|-resisted|p1a: Garchomp|1
|-supereffective|p1b: Gholdengo|1
|-damage|p1a: Garchomp|68/100
|-damage|p1b: Gholdengo|0 fnt
|faint|p1b: Gholdengo
|
|-weather|SunnyDay|[upkeep]
|upkeep
|
|t:|1782551071
|switch|p1b: Tyranitar|Tyranitar, L50, F|100/100
|-weather|Sandstorm|[from] ability: Sand Stream|[of] p1b: Tyranitar
|turn|3
|
|t:|1782551106
|switch|p2b: Venusaur|Venusaur, L50, F|90/100
|move|p1a: Garchomp|Protect|p1a: Garchomp
|-singleturn|p1a: Garchomp|Protect
|move|p2a: Charizard|Protect|p2a: Charizard
|-singleturn|p2a: Charizard|Protect
|move|p1b: Tyranitar|Low Kick|p2b: Venusaur
|-resisted|p2b: Venusaur|1
|-damage|p2b: Venusaur|68/100
|
|-weather|Sandstorm|[upkeep]
|-damage|p2a: Charizard|38/100|[from] Sandstorm
|-damage|p2b: Venusaur|63/100|[from] Sandstorm
|upkeep
|turn|4
|
|t:|1782551127
|switch|p2a: Incineroar|Incineroar, L50, M|76/100
|-ability|p2a: Incineroar|Intimidate|boost
|-unboost|p1a: Garchomp|atk|1
|-unboost|p1b: Tyranitar|atk|1
|move|p1a: Garchomp|Rock Slide|p2a: Incineroar|[spread] p2a,p2b
|-supereffective|p2a: Incineroar|1
|-damage|p2a: Incineroar|59/100
|-damage|p2b: Venusaur|50/100g
|cant|p2b: Venusaur|flinch
|move|p1b: Tyranitar|Knock Off|p2b: Venusaur
|-damage|p2b: Venusaur|10/100
|-enditem|p2b: Venusaur|Life Orb|[from] move: Knock Off|[of] p1b: Tyranitar
|
|-weather|Sandstorm|[upkeep]
|-damage|p2b: Venusaur|4/100|[from] Sandstorm
|-damage|p2a: Incineroar|53/100|[from] Sandstorm
|upkeep
|turn|5
|
|t:|1782551157
|switch|p2a: Charizard|Charizard-Mega-Y, L50, F|38/100
|-weather|SunnyDay|[from] ability: Drought|[of] p2a: Charizard
|move|p2b: Venusaur|Protect|p2b: Venusaur
|-singleturn|p2b: Venusaur|Protect
|move|p1a: Garchomp|Rock Slide|p2a: Charizard|[spread] p2a
|-activate|p2b: Venusaur|move: Protect
|-supereffective|p2a: Charizard|2
|-damage|p2a: Charizard|0 fnt
|faint|p2a: Charizard
|move|p1b: Tyranitar|Rock Slide|p2b: Venusaur
|-activate|p2b: Venusaur|move: Protect
|
|-weather|SunnyDay|[upkeep]
|upkeep
|
|t:|1782551172
|switch|p2a: Incineroar|Incineroar, L50, M|53/100
|-ability|p2a: Incineroar|Intimidate|boost
|-unboost|p1a: Garchomp|atk|1
|-unboost|p1b: Tyranitar|atk|1
|turn|6
|
|t:|1782551187
|move|p1b: Tyranitar|Protect|p1b: Tyranitar
|-singleturn|p1b: Tyranitar|Protect
|move|p2b: Venusaur|Giga Drain|p1b: Tyranitar
|-activate|p1b: Tyranitar|move: Protect
|move|p1a: Garchomp|Rock Slide|p2b: Venusaur|[spread] p2a,p2b
|-supereffective|p2a: Incineroar|1
|-damage|p2a: Incineroar|38/100
|-damage|p2b: Venusaur|0 fnt
|faint|p2b: Venusaur
|move|p2a: Incineroar|Parting Shot|p1b: Tyranitar
|-activate|p1b: Tyranitar|move: Protect
|
|-weather|SunnyDay|[upkeep]
|upkeep
|
|t:|1782551198
|switch|p2b: Sylveon|Sylveon, L50, F|100/100
|turn|7
|
|t:|1782551209
|move|p1a: Garchomp|Rock Slide|p2a: Incineroar|[spread] p2a,p2b
|-supereffective|p2a: Incineroar|1
|-damage|p2a: Incineroar|23/100
|-damage|p2b: Sylveon|91/100
|move|p2a: Incineroar|Parting Shot|p1b: Tyranitar
|-unboost|p1b: Tyranitar|atk|1
|-unboost|p1b: Tyranitar|spa|1
|move|p2b: Sylveon|Hyper Voice|p1b: Tyranitar|[spread] p1a,p1b
|-supereffective|p1a: Garchomp|1
|-supereffective|p1b: Tyranitar|1
|-damage|p1a: Garchomp|0 fnt
|-damage|p1b: Tyranitar|12/100
|faint|p1a: Garchomp
|move|p1b: Tyranitar|Rock Slide|p2a: Incineroar|[spread] p2b
|-miss|p1b: Tyranitar|p2a: Incineroar
|-damage|p2b: Sylveon|75/100
|
|-weather|SunnyDay|[upkeep]
|upkeep
|turn|8
|-message|mr sucks at games forfeited.
|
|win|mrsuaaaaj
|raw|mr sucks at games's rating: 1051 → 1031(-20 for losing)
|raw|mrsuaaaaj's rating: 1000 → 1046(+46 for winning)
|l|☆mr sucks at games
|player|p1|
