|j|☆Kiyo666
|j|☆That1Morpecko
|html|Kiyo666That1Morpecko    
|uhtml|bestof|Game 1 of a best-of-3
|t:|1782414622
|gametype|doubles
|player|p1|Kiyo666|169|1000
|player|p2|That1Morpecko|hiker-gen4|1105
|gen|9
|tier|[Gen 9 Champions] VGC 2026 Reg M-B (Bo3)
|rated|
|rule|Species Clause: Limit one of each Pokémon
|rule|Item Clause: Limit 1 of each item
|clearpoke
|poke|p1|Chimecho, L50, F, shiny|
|poke|p1|Audino, L50, M, shiny|
|poke|p1|Tyranitar, L50, F|
|poke|p1|Rotom-Wash, L50|
|poke|p1|Conkeldurr, L50, F|
|poke|p1|Volcarona, L50, F|
|poke|p2|Froslass, L50, F|
|poke|p2|Scovillain, L50, M, shiny|
|poke|p2|Basculegion, L50, M|
|poke|p2|Kingambit, L50, M|
|poke|p2|Sneasler, L50, M|
|poke|p2|Lycanroc-Dusk, L50, M|
|teampreview|4
|showteam|p1|Chimecho||Chimechite|Levitate|CosmicPower,StoredPower,DrainingKiss,Recover|Relaxed||F|||50|]Audino||SitrusBerry|Regenerator|TrickRoom,Surf,HelpingHand,LifeDew|Relaxed||M|||50|]Tyranitar||FocusSash|SandStream|DragonDance,StoneEdge,Earthquake,KnockOff|Adamant||F|||50|]Rotom-Wash||MysticWater|Levitate|NastyPlot,HydroPump,Discharge,ShadowBall|Timid|||||50|]Conkeldurr||BlackBelt|IronFist|DrainPunch,PoisonJab,KnockOff,MachPunch|Adamant||F|||50|]Volcarona||ChartiBerry|FlameBody|QuiverDance,FieryDance,BugBuzz,GigaDrain|Modest||F|||50|
|showteam|p2|Froslass||Froslassite|CursedBody|Blizzard,ShadowBall,AuroraVeil,Protect|Modest||F|||50|]Scovillain||Scovillainite|Moody|GigaDrain,Overheat,RagePowder,Protect|Bold||M|||50|]Basculegion||SitrusBerry|Adaptability|WaveCrash,LastRespects,AquaJet,Protect|Adamant||M|||50|]Kingambit||BlackGlasses|Defiant|KowtowCleave,SuckerPunch,SwordsDance,Protect|Adamant||M|||50|]Sneasler||WhiteHerb|Unburden|CloseCombat,GunkShot,Protect,FakeOut|Adamant||M|||50|]Lycanroc-Dusk||FocusSash|ToughClaws|CloseCombat,Accelerock,RockSlide,Protect|Adamant||M|||50|
|inactive|Battle timer is ON: inactive players will automatically lose when time's up. (requested by That1Morpecko)
|
|t:|1782414644
|teamsize|p1|4
|teamsize|p2|4
|start
|switch|p1a: Chimecho|Chimecho, L50, F, shiny|100/100
|switch|p1b: Audino|Audino, L50, M, shiny|100/100
|switch|p2a: Kingambit|Kingambit, L50, M|100/100
|switch|p2b: Basculegion|Basculegion, L50, M|100/100
|turn|1
|
|t:|1782414659
|detailschange|p1a: Chimecho|Chimecho-Mega, L50, F, shiny
|-mega|p1a: Chimecho|Chimecho|Chimechite
|move|p2b: Basculegion|Wave Crash|p1b: Audino
|-damage|p1b: Audino|49/100
|-enditem|p1b: Audino|Sitrus Berry|[eat]
|-heal|p1b: Audino|74/100|[from] item: Sitrus Berry
|-damage|p2b: Basculegion|84/100|[from] Recoil
|move|p1a: Chimecho|Cosmic Power|p1a: Chimecho
|-boost|p1a: Chimecho|def|1
|-boost|p1a: Chimecho|spd|1
|move|p2a: Kingambit|Kowtow Cleave|p1a: Chimecho
|-supereffective|p1a: Chimecho|1
|-damage|p1a: Chimecho|42/100
|move|p1b: Audino|Trick Room|p1b: Audino
|-fieldstart|move: Trick Room|[of] p1b: Audino
|
|upkeep
|turn|2
|
|t:|1782414678
|switch|p2b: Froslass|Froslass, L50, F|100/100
|move|p1b: Audino|Life Dew|p1b: Audino|[spread] p1a,p1b
|-heal|p1a: Chimecho|68/100
|-heal|p1b: Audino|99/100
|move|p2a: Kingambit|Kowtow Cleave|p1a: Chimecho
|-supereffective|p1a: Chimecho|1
|-damage|p1a: Chimecho|4/100
|move|p1a: Chimecho|Draining Kiss|p2a: Kingambit
|-damage|p2a: Kingambit|84/100
|-heal|p1a: Chimecho|17/100|[from] drain|[of] p2a: Kingambit
|
|upkeep
|turn|3
|
|t:|1782414701
|detailschange|p2b: Froslass|Froslass-Mega, L50, F
|-mega|p2b: Froslass|Froslass|Froslassite
|-weather|Snowscape|[from] ability: Snow Warning|[of] p2b: Froslass
|move|p2a: Kingambit|Sucker Punch||[still]
|-fail|p2a: Kingambit
|move|p1b: Audino|Surf|p2b: Froslass|[spread] p1a,p2a,p2b
|-damage|p1a: Chimecho|12/100
|-damage|p2a: Kingambit|73/100
|-damage|p2b: Froslass|89/100
|move|p1a: Chimecho|Recover|p1a: Chimecho
|-heal|p1a: Chimecho|62/100
|move|p2b: Froslass|Blizzard|p1a: Chimecho|[spread] p1a,p1b
|-resisted|p1a: Chimecho|1
|-damage|p1a: Chimecho|52/100
|-damage|p1b: Audino|57/100
|
|-weather|Snowscape|[upkeep]
|upkeep
|turn|4
|
|t:|1782414721
|move|p1b: Audino|Life Dew|p1b: Audino|[spread] p1a,p1b
|-heal|p1a: Chimecho|78/100
|-heal|p1b: Audino|82/100
|move|p2a: Kingambit|Kowtow Cleave|p1a: Chimecho
|-supereffective|p1a: Chimecho|1
|-damage|p1a: Chimecho|21/100
|move|p1a: Chimecho|Recover|p1a: Chimecho
|-heal|p1a: Chimecho|71/100
|move|p2b: Froslass|Blizzard|p1b: Audino|[spread] p1a,p1b
|-resisted|p1a: Chimecho|1
|-damage|p1a: Chimecho|60/100
|-damage|p1b: Audino|39/100
|-status|p1a: Chimecho|frz
|
|-weather|Snowscape|[upkeep]
|upkeep
|turn|5
|
|t:|1782414739
|move|p1b: Audino|Surf|p2a: Kingambit|[spread] p1a,p2a,p2b
|-damage|p1a: Chimecho|55/100 frz
|-damage|p2a: Kingambit|63/100
|-damage|p2b: Froslass|78/100
|move|p2a: Kingambit|Kowtow Cleave|p1a: Chimecho
|-supereffective|p1a: Chimecho|1
|-damage|p1a: Chimecho|0 fnt
|faint|p1a: Chimecho
|move|p2b: Froslass|Blizzard|p1b: Audino
|-damage|p1b: Audino|0 fnt
|faint|p1b: Audino
|
|-weather|Snowscape|[upkeep]
|-fieldend|move: Trick Room
|upkeep
|-message|Kiyo666 forfeited.
|
|win|That1Morpecko
|l|☆Kiyo666
|player|p1|
|raw|Kiyo666's rating: 1000 → 1000(+0 for losing)
|raw|That1Morpecko's rating: 1105 → 1123(+18 for winning)
