|j|☆gene takavic
|j|☆Loris41086
|html|gene takavicLoris41086    
|uhtml|bestof|Game 2 of a best-of-3
|t:|1756534873
|gametype|doubles
|player|p1|gene takavic|pryce|1175
|player|p2|Loris41086|169|1135
|gen|9
|tier|[Gen 9] VGC 2025 Reg H (Bo3)
|rated|
|rule|Species Clause: Limit one of each Pokémon
|rule|Item Clause: Limit 1 of each item
|clearpoke
|poke|p1|Charizard, L50, M|
|poke|p1|Torkoal, L50, M|
|poke|p1|Porygon2, L50|
|poke|p1|Incineroar, L50, F|
|poke|p1|Jumpluff, L50, F|
|poke|p1|Ursaluna, L50, M|
|poke|p2|Charizard, L50, M|
|poke|p2|Torkoal, L50, F|
|poke|p2|Porygon2, L50|
|poke|p2|Incineroar, L50, F|
|poke|p2|Jumpluff, L50, M|
|poke|p2|Ursaluna, L50, M|
|teampreview|4
|showteam|p1|Charizard||ChoiceSpecs|SolarPower|HeatWave,Overheat,WeatherBall,AirSlash|||M|||50|,,,,,Ghost]Torkoal||EjectPack|Drought|Eruption,Overheat,HelpingHand,Protect|||M|||50|,,,,,Fire]Porygon2||Eviolite|Download|TeraBlast,IceBeam,Recover,TrickRoom||||||50|,,,,,Fighting]Incineroar||SitrusBerry|Intimidate|FlareBlitz,KnockOff,FakeOut,PartingShot|||F|||50|,,,,,Ghost]Jumpluff||CovertCloak|Chlorophyll|SleepPowder,SunnyDay,RagePowder,Tailwind|||F|||50|,,,,,Water]Ursaluna||FlameOrb|Guts|HeadlongRush,Facade,Earthquake,Protect|||M|||50|,,,,,Ghost
|showteam|p2|Charizard||ChoiceSpecs|SolarPower|HeatWave,Overheat,WeatherBall,AirSlash|||M|||50|,,,,,Ghost]Torkoal||EjectPack|Drought|Eruption,Overheat,HelpingHand,Protect|||F|||50|,,,,,Fire]Porygon2||Eviolite|Download|IceBeam,TeraBlast,TrickRoom,Recover||||||50|,,,,,Fighting]Incineroar||SitrusBerry|Intimidate|FlareBlitz,KnockOff,FakeOut,PartingShot|||F|||50|,,,,,Ghost]Jumpluff||CovertCloak|Chlorophyll|SleepPowder,SunnyDay,RagePowder,Tailwind|||M|||50|,,,,,Water]Ursaluna||FlameOrb|Guts|HeadlongRush,Facade,Earthquake,Protect|||M|||50|,,,,,Ghost
|inactive|Battle timer is ON: inactive players will automatically lose when time's up. (requested by gene takavic)
|
|t:|1756534895
|teamsize|p1|4
|teamsize|p2|4
|start
|switch|p1a: Charizard|Charizard, L50, M|100/100
|switch|p1b: Incineroar|Incineroar, L50, F|100/100
|switch|p2a: Incineroar|Incineroar, L50, F|100/100
|switch|p2b: Porygon2|Porygon2, L50|100/100
|-ability|p1b: Incineroar|Intimidate|boost
|-unboost|p2a: Incineroar|atk|1
|-unboost|p2b: Porygon2|atk|1
|-ability|p2a: Incineroar|Intimidate|boost
|-unboost|p1a: Charizard|atk|1
|-unboost|p1b: Incineroar|atk|1
|-ability|p2b: Porygon2|Download|boost
|-boost|p2b: Porygon2|atk|1
|turn|1
|
|t:|1756534916
|move|p1b: Incineroar|Fake Out|p2b: Porygon2
|-crit|p2b: Porygon2
|-damage|p2b: Porygon2|90/100
|move|p1a: Charizard|Heat Wave|p2a: Incineroar|[spread] p2b
|-miss|p1a: Charizard|p2a: Incineroar
|-damage|p2b: Porygon2|60/100
|move|p2a: Incineroar|Knock Off|p1b: Incineroar
|-resisted|p1b: Incineroar
|-damage|p1b: Incineroar|86/100
|-enditem|p1b: Incineroar|Sitrus Berry|[from] move: Knock Off|[of] p2a: Incineroar
|cant|p2b: Porygon2|flinch
|
|upkeep
|turn|2
|inactive|gene takavic has 30 seconds left.
|
|t:|1756534946
|move|p1a: Charizard|Heat Wave|p2b: Porygon2|[spread] p2a,p2b
|-resisted|p2a: Incineroar
|-damage|p2a: Incineroar|77/100
|-damage|p2b: Porygon2|32/100
|move|p1b: Incineroar|Knock Off|p2b: Porygon2
|-damage|p2b: Porygon2|12/100
|-enditem|p2b: Porygon2|Eviolite|[from] move: Knock Off|[of] p1b: Incineroar
|move|p2a: Incineroar|Parting Shot|p1a: Charizard
|-unboost|p1a: Charizard|atk|1
|-unboost|p1a: Charizard|spa|1
|
|t:|1756534956
|switch|p2a: Ursaluna|Ursaluna, L50, M|100/100|[from] Parting Shot
|move|p2b: Porygon2|Trick Room|p2b: Porygon2
|-fieldstart|move: Trick Room|[of] p2b: Porygon2
|
|-status|p2a: Ursaluna|brn|[from] item: Flame Orb
|upkeep
|turn|3
|inactive|Loris41086 has 30 seconds left.
|
|t:|1756534992
|-terastallize|p1a: Charizard|Ghost
|move|p2b: Porygon2|Recover|p2b: Porygon2
|-heal|p2b: Porygon2|62/100
|move|p2a: Ursaluna|Facade|p1b: Incineroar
|-damage|p1b: Incineroar|0 fnt
|faint|p1b: Incineroar
|move|p1a: Charizard|Heat Wave|p2b: Porygon2|[spread] p2a,p2b
|-damage|p2a: Ursaluna|71/100 brn
|-damage|p2b: Porygon2|31/100
|-status|p2b: Porygon2|brn
|
|-damage|p2b: Porygon2|24/100 brn|[from] brn
|-damage|p2a: Ursaluna|65/100 brn|[from] brn
|upkeep
|
|t:|1756535000
|switch|p1b: Porygon2|Porygon2, L50|100/100
|-ability|p1b: Porygon2|Download|boost
|-boost|p1b: Porygon2|spa|1
|turn|4
|
|t:|1756535024
|switch|p1a: Ursaluna|Ursaluna, L50, M|100/100
|move|p2b: Porygon2|Recover|p2b: Porygon2
|-heal|p2b: Porygon2|74/100 brn
|move|p1b: Porygon2|Ice Beam|p2a: Ursaluna
|-supereffective|p2a: Ursaluna
|-damage|p2a: Ursaluna|0 fnt
|faint|p2a: Ursaluna
|
|-damage|p2b: Porygon2|68/100 brn|[from] brn
|-status|p1a: Ursaluna|brn|[from] item: Flame Orb
|upkeep
|
|t:|1756535040
|switch|p2a: Torkoal|Torkoal, L50, F|100/100
|-weather|SunnyDay|[from] ability: Drought|[of] p2a: Torkoal
|turn|5
|
|t:|1756535047
|move|p1a: Ursaluna|Protect|p1a: Ursaluna
|-singleturn|p1a: Ursaluna|Protect
|move|p2a: Torkoal|Eruption|p1b: Porygon2|[spread] p1b
|-activate|p1a: Ursaluna|move: Protect
|-damage|p1b: Porygon2|55/100
|move|p2b: Porygon2|Recover|p2b: Porygon2
|-heal|p2b: Porygon2|100/100 brn
|move|p1b: Porygon2|Trick Room|p1b: Porygon2
|-fieldend|move: Trick Room
|
|-weather|SunnyDay|[upkeep]
|-damage|p1a: Ursaluna|95/100 brn|[from] brn
|-damage|p2b: Porygon2|94/100 brn|[from] brn
|upkeep
|turn|6
|
|t:|1756535072
|switch|p2a: Incineroar|Incineroar, L50, F|77/100
|-ability|p2a: Incineroar|Intimidate|boost
|-unboost|p1a: Ursaluna|atk|1
|-unboost|p1b: Porygon2|atk|1
|-terastallize|p2b: Porygon2|Fighting
|move|p1a: Ursaluna|Facade|p2b: Porygon2
|-damage|p2b: Porygon2|5/100 brn
|move|p2b: Porygon2|Tera Blast|p1a: Ursaluna|[anim] Tera Blast Fighting
|-supereffective|p1a: Ursaluna
|-damage|p1a: Ursaluna|17/100 brn
|move|p1b: Porygon2|Tera Blast|p2a: Incineroar
|-damage|p2a: Incineroar|17/100
|-enditem|p2a: Incineroar|Sitrus Berry|[eat]
|-heal|p2a: Incineroar|42/100|[from] item: Sitrus Berry
|
|-weather|SunnyDay|[upkeep]
|-damage|p1a: Ursaluna|11/100 brn|[from] brn
|-damage|p2b: Porygon2|0 fnt|[from] brn
|faint|p2b: Porygon2
|upkeep
|
|t:|1756535093
|switch|p2b: Torkoal|Torkoal, L50, F|100/100
|turn|7
|
|t:|1756535105
|switch|p1a: Charizard|Charizard, L50, M, tera:Ghost|100/100
|move|p2a: Incineroar|Fake Out|p1a: Charizard
|-immune|p1a: Charizard
|move|p1b: Porygon2|Tera Blast|p2b: Torkoal
|-damage|p2b: Torkoal|29/100
|move|p2b: Torkoal|Eruption|p1a: Charizard|[spread] p1a,p1b
|-damage|p1a: Charizard|72/100
|-damage|p1b: Porygon2|43/100
|
|-weather|SunnyDay|[upkeep]
|-damage|p1a: Charizard|60/100|[from] ability: Solar Power|[of] p1a: Charizard
|upkeep
|turn|8
|
|t:|1756535123
|move|p1a: Charizard|Air Slash|p2a: Incineroar
|-damage|p2a: Incineroar|0 fnt
|faint|p2a: Incineroar
|move|p1b: Porygon2|Tera Blast|p2b: Torkoal
|-damage|p2b: Torkoal|0 fnt
|faint|p2b: Torkoal
|
|win|gene takavic
|raw|gene takavic's rating: 1175 → 1197(+22 for winning)
|raw|Loris41086's rating: 1135 → 1113(-22 for losing)
