|j|☆castoriceball
|j|☆gruby_2
|html|castoriceballgruby_2    
|uhtml|bestof|Game 1 of a best-of-3
|t:|1785286357
|gametype|doubles
|player|p1|castoriceball|miku-flying|1355
|player|p2|gruby_2|101|1248
|gen|9
|tier|[Gen 9 Champions] VGC 2026 Reg M-B (Bo3)
|rated|
|rule|Species Clause: Limit one of each Pokémon
|rule|Item Clause: Limit 1 of each item
|clearpoke
|poke|p1|Glimmora, L50, F, shiny|
|poke|p1|Ninetales-Alola, L50, M, shiny|
|poke|p1|Whimsicott, L50, F, shiny|
|poke|p1|Basculegion, L50, M, shiny|
|poke|p1|Kommo-o, L50, M, shiny|
|poke|p1|Metagross, L50, shiny|
|poke|p2|Metagross, L50|
|poke|p2|Sneasler, L50, F|
|poke|p2|Pelipper, L50, F|
|poke|p2|Archaludon, L50, M|
|poke|p2|Swampert, L50, F|
|poke|p2|Whimsicott, L50, F|
|teampreview|4
|showteam|p1|Glimmora||Glimmoranite|ToxicDebris|PowerGem,SludgeBomb,EarthPower,SpikyShield|Modest||F|||50|]Ninetales-Alola||NeverMeltIce|SnowWarning|Blizzard,FreezeDry,IcyWind,Protect|Timid||M|||50|]Whimsicott||FocusSash|Prankster|Tailwind,Moonblast,Encore,Protect|Timid||F|||50|]Basculegion||ChoiceScarf|Adaptability|WaveCrash,AquaJet,FlipTurn,LastRespects|Jolly||M|||50|]Kommo-o||LifeOrb|Overcoat|ClangingScales,DracoMeteor,AuraSphere,Protect|Modest||M|||50|]Metagross||Metagrossite|ClearBody|MeteorMash,PsychicFangs,StompingTantrum,Protect|Adamant|||||50|
|showteam|p2|Metagross||Metagrossite|ClearBody|IronHead,RockSlide,PsychicFangs,Protect|Jolly|||||50|]Sneasler||WhiteHerb|Unburden|Coaching,Protect,DireClaw,CloseCombat|Jolly||F|||50|]Pelipper||DampRock|Drizzle|Hurricane,Tailwind,WeatherBall,Protect|Timid||F|||50|]Archaludon||SitrusBerry|Stamina|ElectroShot,FlashCannon,DracoMeteor,Protect|Modest||M|||50|]Swampert||Swampertite|Torrent|WaveCrash,IcePunch,Protect,Earthquake|Adamant||F|||50|]Whimsicott||FocusSash|Prankster|Encore,Tailwind,Moonblast,GrassKnot|Timid||F|||50|
|inactive|Battle timer is ON: inactive players will automatically lose when time's up. (requested by gruby_2)
|inactive|castoriceball has 60 seconds left.
|inactive|gruby_2 has 60 seconds left.
|
|t:|1785286422
|teamsize|p1|4
|teamsize|p2|4
|start
|switch|p1a: fun n whimsy|Whimsicott, L50, F, shiny|100/100
|switch|p1b: meta is gross|Metagross, L50, shiny|100/100
|switch|p2a: Swampert|Swampert, L50, F|100/100
|switch|p2b: Whimsicott|Whimsicott, L50, F|100/100
|turn|1
|
|t:|1785286443
|detailschange|p1b: meta is gross|Metagross-Mega, L50, shiny
|-mega|p1b: meta is gross|Metagross|Metagrossite
|detailschange|p2a: Swampert|Swampert-Mega, L50, F
|-mega|p2a: Swampert|Swampert|Swampertite
|move|p1a: fun n whimsy|Tailwind|p1a: fun n whimsy
|-sidestart|p1: castoriceball|move: Tailwind
|move|p2b: Whimsicott|Tailwind|p2b: Whimsicott
|-sidestart|p2: gruby_2|move: Tailwind
|move|p1b: meta is gross|Psychic Fangs|p2a: Swampert
|-damage|p2a: Swampert|40/100
|move|p2a: Swampert|Earthquake|p1a: fun n whimsy|[spread] p2b,p1a,p1b
|-resisted|p2b: Whimsicott|1
|-resisted|p1a: fun n whimsy|1
|-supereffective|p1b: meta is gross|1
|-damage|p2b: Whimsicott|65/100
|-damage|p1a: fun n whimsy|64/100
|-damage|p1b: meta is gross|25/100
|
|upkeep
|turn|2
|inactive|castoriceball has 30 seconds left.
|inactive|gruby_2 has 30 seconds left.
|inactive|castoriceball has 20 seconds left.
|inactive|castoriceball has 15 seconds left.
|inactive|castoriceball has 10 seconds left.
|
|t:|1785286488
|move|p1b: meta is gross|Protect|p1b: meta is gross
|-singleturn|p1b: meta is gross|Protect
|move|p2a: Swampert|Protect|p2a: Swampert
|-singleturn|p2a: Swampert|Protect
|move|p1a: fun n whimsy|Encore|p2b: Whimsicott
|-start|p2b: Whimsicott|Encore
|move|p2b: Whimsicott|Tailwind||[still]
|-fail|p2b: Whimsicott
|
|upkeep
|turn|3
|
|t:|1785286506
|switch|p2b: Pelipper|Pelipper, L50, F|100/100
|-weather|RainDance|[from] ability: Drizzle|[of] p2b: Pelipper
|move|p1a: fun n whimsy|Encore|p2a: Swampert
|-start|p2a: Swampert|Encore
|move|p2a: Swampert|Protect||[still]
|-fail|p2a: Swampert
|move|p1b: meta is gross|Psychic Fangs|p2b: Pelipper
|-damage|p2b: Pelipper|4/100
|
|-weather|RainDance|[upkeep]
|upkeep
|turn|4
|
|t:|1785286518
|switch|p2a: Archaludon|Archaludon, L50, M|100/100
|move|p1a: fun n whimsy|Moonblast|p2b: Pelipper
|-damage|p2b: Pelipper|0 fnt
|faint|p2b: Pelipper
|move|p1b: meta is gross|Psychic Fangs|p2a: Archaludon
|-resisted|p2a: Archaludon|1
|-damage|p2a: Archaludon|72/100
|-ability|p2a: Archaludon|Stamina|boost
|-boost|p2a: Archaludon|def|1
|
|-weather|RainDance|[upkeep]
|-sideend|p1: castoriceball|move: Tailwind
|-sideend|p2: gruby_2|move: Tailwind
|upkeep
|
|t:|1785286523
|switch|p2b: Swampert|Swampert-Mega, L50, F|40/100
|turn|5
|
|t:|1785286532
|move|p2b: Swampert|Protect|p2b: Swampert
|-singleturn|p2b: Swampert|Protect
|move|p1a: fun n whimsy|Tailwind|p1a: fun n whimsy
|-sidestart|p1: castoriceball|move: Tailwind
|move|p1b: meta is gross|Psychic Fangs|p2b: Swampert
|-activate|p2b: Swampert|move: Protect
|move|p2a: Archaludon|Flash Cannon|p1a: fun n whimsy
|-supereffective|p1a: fun n whimsy|1
|-damage|p1a: fun n whimsy|0 fnt
|faint|p1a: fun n whimsy
|
|-weather|RainDance|[upkeep]
|upkeep
|
|t:|1785286535
|switch|p1a: Komm-OH-NOOO|Kommo-o, L50, M, shiny|100/100
|turn|6
|
|t:|1785286552
|switch|p2a: Whimsicott|Whimsicott, L50, F|65/100
|move|p2b: Swampert|Protect|p2b: Swampert
|-singleturn|p2b: Swampert|Protect
|move|p1b: meta is gross|Psychic Fangs|p2b: Swampert
|-activate|p2b: Swampert|move: Protect
|move|p1a: Komm-OH-NOOO|Aura Sphere|p2a: Whimsicott
|-resisted|p2a: Whimsicott|1
|-damage|p2a: Whimsicott|27/100
|-damage|p1a: Komm-OH-NOOO|90/100|[from] item: Life Orb
|
|-weather|RainDance|[upkeep]
|upkeep
|turn|7
|
|t:|1785286567
|switch|p1a: ICE TALES|Ninetales-Alola, L50, M, shiny|100/100
|-weather|Snowscape|[from] ability: Snow Warning|[of] p1a: ICE TALES
|move|p2a: Whimsicott|Tailwind|p2a: Whimsicott
|-sidestart|p2: gruby_2|move: Tailwind
|move|p1b: meta is gross|Psychic Fangs|p2b: Swampert
|-damage|p2b: Swampert|0 fnt
|faint|p2b: Swampert
|
|-weather|Snowscape|[upkeep]
|upkeep
|
|t:|1785286571
|switch|p2b: Archaludon|Archaludon, L50, M|72/100
|turn|8
|
|t:|1785286589
|move|p2a: Whimsicott|Moonblast|p1b: meta is gross
|-resisted|p1b: meta is gross|1
|-damage|p1b: meta is gross|8/100
|move|p1a: ICE TALES|Blizzard|p2b: Archaludon|[spread] p2a,p2b
|-supereffective|p2a: Whimsicott|1
|-damage|p2a: Whimsicott|0 fnt
|-damage|p2b: Archaludon|24/100
|-ability|p2b: Archaludon|Stamina|boost
|-boost|p2b: Archaludon|def|1
|-enditem|p2b: Archaludon|Sitrus Berry|[eat]
|-heal|p2b: Archaludon|49/100|[from] item: Sitrus Berry
|faint|p2a: Whimsicott
|move|p1b: meta is gross|Stomping Tantrum|p2b: Archaludon
|-supereffective|p2b: Archaludon|1
|-damage|p2b: Archaludon|8/100
|-ability|p2b: Archaludon|Stamina|boost
|-boost|p2b: Archaludon|def|1
|move|p2b: Archaludon|Flash Cannon|p1a: ICE TALES
|-supereffective|p1a: ICE TALES|2
|-damage|p1a: ICE TALES|0 fnt
|faint|p1a: ICE TALES
|
|-weather|Snowscape|[upkeep]
|-sideend|p1: castoriceball|move: Tailwind
|upkeep
|
|t:|1785286604
|switch|p1a: Komm-OH-NOOO|Kommo-o, L50, M, shiny|90/100
|turn|9
|
|t:|1785286615
|move|p2b: Archaludon|Draco Meteor|p1a: Komm-OH-NOOO
|-supereffective|p1a: Komm-OH-NOOO|1
|-damage|p1a: Komm-OH-NOOO|0 fnt
|-unboost|p2b: Archaludon|spa|2
|faint|p1a: Komm-OH-NOOO
|move|p1b: meta is gross|Stomping Tantrum|p2b: Archaludon
|-supereffective|p2b: Archaludon|1
|-damage|p2b: Archaludon|0 fnt
|faint|p2b: Archaludon
|
|win|castoriceball
||gruby_2 is ready for game 2.
|inactive|castoriceball has 30 seconds to confirm battle start!
