|j|☆FreemanGordon
|j|☆magicalarcher57
|html|FreemanGordonmagicalarcher57    
|uhtml|bestof|Game 3 of a best-of-3
|t:|1783955006
|gametype|doubles
|player|p1|FreemanGordon|266|1131
|player|p2|magicalarcher57|diantha|1226
|gen|9
|tier|[Gen 9 Champions] VGC 2026 Reg M-B (Bo3)
|rated|
|rule|Species Clause: Limit one of each Pokémon
|rule|Item Clause: Limit 1 of each item
|clearpoke
|poke|p1|Farigiraf, L50, F|
|poke|p1|Vivillon, L50, F|
|poke|p1|Sneasler, L50, M|
|poke|p1|Kingambit, L50, M|
|poke|p1|Drampa, L50, M|
|poke|p1|Torkoal, L50, M|
|poke|p2|Basculegion, L50, M|
|poke|p2|Glimmora, L50, M|
|poke|p2|Garchomp, L50, F|
|poke|p2|Kingambit, L50, M|
|poke|p2|Whimsicott, L50, F|
|poke|p2|Staraptor, L50, M|
|teampreview|4
|showteam|p1|Farigiraf||SitrusBerry|ArmorTail|TrickRoom,HelpingHand,Thunderbolt,TwinBeam|Relaxed||F|||50|]Vivillon||FocusSash|CompoundEyes|Protect,SleepPowder,Hurricane,RagePowder|Jolly||F|||50|]Sneasler||WhiteHerb|PoisonTouch|FakeOut,CloseCombat,DireClaw,RockSlide|Brave||M|||50|]Kingambit||LifeOrb|Defiant|KowtowCleave,SuckerPunch,IronHead,LowKick|Adamant||M|||50|]Drampa||Drampanite|SapSipper|Protect,HyperVoice,DragonPulse,HeatWave|Quiet||M|||50|]Torkoal||Charcoal|Drought|Eruption,HeatWave,EarthPower,SolarBeam|Quiet||M|||50|
|showteam|p2|Basculegion||ChoiceScarf|Adaptability|AquaJet,LastRespects,WaveCrash,FlipTurn|Jolly||M|||50|]Glimmora||LifeOrb|ToxicDebris|PowerGem,EarthPower,SpikyShield,SludgeBomb|Timid||M|||50|]Garchomp||SitrusBerry|RoughSkin|DragonClaw,StompingTantrum,Protect,Earthquake|Jolly||F|||50|]Kingambit||BlackGlasses|Defiant|SuckerPunch,KowtowCleave,Protect,IronHead|Adamant||M|||50|]Whimsicott||FocusSash|Prankster|Tailwind,Moonblast,Encore,Protect|Timid||F|||50|]Staraptor||Staraptite|Intimidate|CloseCombat,BraveBird,Roost,Protect|Jolly||M|||50|
|inactive|Battle timer is ON: inactive players will automatically lose when time's up. (requested by magicalarcher57)
|inactive|magicalarcher57 has 60 seconds left.
|
|t:|1783955037
|teamsize|p1|4
|teamsize|p2|4
|start
|switch|p1a: Farigiraf|Farigiraf, L50, F|100/100
|switch|p1b: Kingambit|Kingambit, L50, M|100/100
|switch|p2a: Staraptor|Staraptor, L50, M|100/100
|switch|p2b: Kingambit|Kingambit, L50, M|100/100
|-ability|p2a: Staraptor|Intimidate|boost
|-unboost|p1a: Farigiraf|atk|1
|-unboost|p1b: Kingambit|atk|1
|-ability|p1b: Kingambit|Defiant|boost
|-boost|p1b: Kingambit|atk|2
|turn|1
|
|t:|1783955056
|detailschange|p2a: Staraptor|Staraptor-Mega, L50, M
|-mega|p2a: Staraptor|Staraptor|Staraptite
|move|p2a: Staraptor|Close Combat|p1b: Kingambit
|-supereffective|p1b: Kingambit|2
|-damage|p1b: Kingambit|0 fnt
|-boost|p2a: Staraptor|def|1
|-boost|p2a: Staraptor|spd|1
|faint|p1b: Kingambit
|move|p2b: Kingambit|Kowtow Cleave|p1a: Farigiraf
|-supereffective|p1a: Farigiraf|1
|-damage|p1a: Farigiraf|9/100
|-enditem|p1a: Farigiraf|Sitrus Berry|[eat]
|-heal|p1a: Farigiraf|33/100|[from] item: Sitrus Berry
|move|p1a: Farigiraf|Trick Room|p1a: Farigiraf
|-fieldstart|move: Trick Room|[of] p1a: Farigiraf
|
|upkeep
|
|t:|1783955067
|switch|p1b: Torkoal|Torkoal, L50, M|100/100
|-weather|SunnyDay|[from] ability: Drought|[of] p1b: Torkoal
|turn|2
|
|t:|1783955092
|move|p2b: Kingambit|Protect|p2b: Kingambit
|-singleturn|p2b: Kingambit|Protect
|move|p2a: Staraptor|Protect|p2a: Staraptor
|-singleturn|p2a: Staraptor|Protect
|move|p1b: Torkoal|Eruption|p2a: Staraptor|[spread] 
|-activate|p2a: Staraptor|move: Protect
|-activate|p2b: Kingambit|move: Protect
|move|p1a: Farigiraf|Twin Beam|p2a: Staraptor
|-activate|p2a: Staraptor|move: Protect
|
|-weather|SunnyDay|[upkeep]
|upkeep
|turn|3
|
|t:|1783955106
|switch|p2b: Garchomp|Garchomp, L50, F|100/100
|move|p1b: Torkoal|Eruption|p2b: Garchomp|[spread] p2a,p2b
|-resisted|p2b: Garchomp|1
|-damage|p2a: Staraptor|31/100
|-damage|p2b: Garchomp|54/100
|move|p1a: Farigiraf|Twin Beam|p2a: Staraptor
|-supereffective|p2a: Staraptor|1
|-damage|p2a: Staraptor|5/100
|-supereffective|p2a: Staraptor|1
|-damage|p2a: Staraptor|0 fnt
|faint|p2a: Staraptor
|-hitcount|p2: Staraptor|2
|
|-weather|SunnyDay|[upkeep]
|upkeep
|
|t:|1783955125
|switch|p2a: Glimmora|Glimmora, L50, M|100/100
|turn|4
|
|t:|1783955144
|move|p1a: Farigiraf|Helping Hand|p1b: Torkoal
|-singleturn|p1b: Torkoal|Helping Hand|[of] p1a: Farigiraf
|move|p2a: Glimmora|Spiky Shield|p2a: Glimmora
|-singleturn|p2a: Glimmora|move: Protect
|move|p2b: Garchomp|Protect|p2b: Garchomp
|-singleturn|p2b: Garchomp|Protect
|move|p1b: Torkoal|Eruption|p2a: Glimmora|[spread] 
|-activate|p2a: Glimmora|move: Protect
|-activate|p2b: Garchomp|move: Protect
|
|-weather|SunnyDay|[upkeep]
|upkeep
|turn|5
|
|t:|1783955167
|move|p2a: Glimmora|Spiky Shield||[still]
|-fail|p2a: Glimmora
|move|p2b: Garchomp|Protect|p2b: Garchomp
|-singleturn|p2b: Garchomp|Protect
|move|p1b: Torkoal|Earth Power|p2a: Glimmora
|-supereffective|p2a: Glimmora|2
|-damage|p2a: Glimmora|0 fnt
|faint|p2a: Glimmora
|move|p1a: Farigiraf|Twin Beam|p2b: Garchomp
|-activate|p2b: Garchomp|move: Protect
|
|-weather|SunnyDay|[upkeep]
|-fieldend|move: Trick Room
|upkeep
|
|t:|1783955169
|switch|p2a: Kingambit|Kingambit, L50, M|100/100
|turn|6
|
|t:|1783955191
|move|p2a: Kingambit|Protect|p2a: Kingambit
|-singleturn|p2a: Kingambit|Protect
|move|p2b: Garchomp|Earthquake|p1b: Torkoal|[spread] p1a,p1b
|-activate|p2a: Kingambit|move: Protect
|-supereffective|p1b: Torkoal|1
|-damage|p1a: Farigiraf|4/100
|-damage|p1b: Torkoal|37/100
|move|p1b: Torkoal|Heat Wave|p2a: Kingambit|[spread] p2b
|-activate|p2a: Kingambit|move: Protect
|-resisted|p2b: Garchomp|1
|-damage|p2b: Garchomp|24/100
|-enditem|p2b: Garchomp|Sitrus Berry|[eat]
|-heal|p2b: Garchomp|49/100|[from] item: Sitrus Berry
|move|p1a: Farigiraf|Trick Room|p1a: Farigiraf
|-fieldstart|move: Trick Room|[of] p1a: Farigiraf
|
|-weather|none
|upkeep
|turn|7
|inactive|magicalarcher57 has 30 seconds left.
|
|t:|1783955217
|move|p1a: Farigiraf|Helping Hand|p1b: Torkoal
|-singleturn|p1b: Torkoal|Helping Hand|[of] p1a: Farigiraf
|move|p1b: Torkoal|Heat Wave|p2b: Garchomp|[spread] p2a,p2b
|-supereffective|p2a: Kingambit|1
|-resisted|p2b: Garchomp|1
|-damage|p2a: Kingambit|1/100
|-damage|p2b: Garchomp|18/100
|-status|p2a: Kingambit|brn
|move|p2a: Kingambit|Kowtow Cleave|p1a: Farigiraf
|-supereffective|p1a: Farigiraf|1
|-damage|p1a: Farigiraf|0 fnt
|faint|p1a: Farigiraf
|move|p2b: Garchomp|Dragon Claw|p1b: Torkoal
|-damage|p1b: Torkoal|3/100
|
|-damage|p2a: Kingambit|0 fnt|[from] brn
|faint|p2a: Kingambit
|upkeep
|
|t:|1783955232
|switch|p1a: Drampa|Drampa, L50, M|100/100
|turn|8
|-message|magicalarcher57 forfeited.
|raw|FreemanGordon's rating: 1131 → 1163(+32 for winning)
|raw|magicalarcher57's rating: 1226 → 1194(-32 for losing)
|
|win|FreemanGordon
