|j|☆higigig
|j|☆matrod
|html|higigigmatrod    
|uhtml|bestof|Game 1 of a best-of-3
|t:|1756711246
|gametype|doubles
|player|p1|higigig|sisandbro|1142
|player|p2|matrod|steven|1166
|gen|9
|tier|[Gen 9] VGC 2025 Reg H (Bo3)
|rated|
|rule|Species Clause: Limit one of each Pokémon
|rule|Item Clause: Limit 1 of each item
|clearpoke
|poke|p1|Sneasler, L50, M|
|poke|p1|Gholdengo, L50|
|poke|p1|Amoonguss, L50, F|
|poke|p1|Incineroar, L50, F|
|poke|p1|Ursaluna-Bloodmoon, L50, M|
|poke|p1|Farigiraf, L50, F|
|poke|p2|Ursaluna-Bloodmoon, L50, M|
|poke|p2|Rillaboom, L50, F|
|poke|p2|Baxcalibur, L50, F|
|poke|p2|Sneasler, L50, M|
|poke|p2|Volcarona, L50, F|
|poke|p2|Incineroar, L50, F|
|teampreview|4
|showteam|p1|Sneasler||ClearAmulet|PoisonTouch|FakeOut,CloseCombat,DireClaw,Protect|||M|||50|,,,,,Water]Gholdengo||MetalCoat|GoodasGold|NastyPlot,MakeItRain,ShadowBall,Protect||||||50|,,,,,Water]Amoonguss||MentalHerb|Regenerator|Spore,RagePowder,PollenPuff,Protect|||F|||50|,,,,,Water]Incineroar||SafetyGoggles|Intimidate|FakeOut,FlareBlitz,KnockOff,PartingShot|||F|||50|,,,,,Ghost]Ursaluna-Bloodmoon||LifeOrb|MindsEye|CalmMind,HyperVoice,EarthPower,BloodMoon|||M|||50|,,,,,Poison]Farigiraf||ThroatSpray|ArmorTail|HyperVoice,Psychic,TrickRoom,Protect|||F|||50|,,,,,Dragon
|showteam|p2|Ursaluna-Bloodmoon||AssaultVest|MindsEye|BloodMoon,HyperVoice,EarthPower,VacuumWave|||M|||50|,,,,,Water]Rillaboom||ChoiceBand|GrassySurge|WoodHammer,GrassyGlide,HighHorsepower,Uturn|||F|||50|,,,,,Poison]Baxcalibur||LoadedDice|ThermalExchange|ScaleShot,IcicleSpear,HighHorsepower,Protect|||F|||50|,,,,,Fairy]Sneasler||FocusSash|PoisonTouch|CloseCombat,DireClaw,FakeOut,Coaching|||M|||50|,,,,,Stellar]Volcarona||Leftovers|FlameBody|HeatWave,TeraBlast,QuiverDance,Protect|||F|||50|,,,,,Fairy]Incineroar||SafetyGoggles|Intimidate|KnockOff,FakeOut,FlareBlitz,Uturn|||F|||50|,,,,,Water
|inactive|Battle timer is ON: inactive players will automatically lose when time's up. (requested by higigig)
|inactive|higigig has 60 seconds left.
|inactive|matrod has 60 seconds left.
|inactive|higigig has 30 seconds left.
|inactive|matrod has 30 seconds left.
|inactive|higigig has 20 seconds left.
|inactive|matrod has 20 seconds left.
|inactive|higigig has 15 seconds left.
|inactive|matrod has 15 seconds left.
|c|☆matrod|Word of advice try white herb instead of clear amulet
|inactive|higigig has 10 seconds left.
|inactive|matrod has 10 seconds left.
|inactive|matrod has 5 seconds left.
|
|t:|1756711337
|teamsize|p1|4
|teamsize|p2|4
|start
|switch|p1a: Sneasler|Sneasler, L50, M|100/100
|switch|p1b: Gholdengo|Gholdengo, L50|100/100
|switch|p2a: Ursaluna|Ursaluna-Bloodmoon, L50, M|100/100
|switch|p2b: Rillaboom|Rillaboom, L50, F|100/100
|-fieldstart|move: Grassy Terrain|[from] ability: Grassy Surge|[of] p2b: Rillaboom
|turn|1
|inactive|higigig has 30 seconds left.
|inactive|higigig has 20 seconds left.
|c|☆higigig|i'll keep that in mind, i like clear amulet more but i'll try white herb
|inactive|higigig has 15 seconds left.
|
|t:|1756711382
|-terastallize|p1b: Gholdengo|Water
|move|p1a: Sneasler|Fake Out|p2a: Ursaluna
|-damage|p2a: Ursaluna|89/100
|move|p2b: Rillaboom|High Horsepower|p1a: Sneasler
|-supereffective|p1a: Sneasler
|-damage|p1a: Sneasler|0 fnt
|faint|p1a: Sneasler
|move|p1b: Gholdengo|Nasty Plot|p1b: Gholdengo
|-boost|p1b: Gholdengo|spa|2
|cant|p2a: Ursaluna|flinch
|
|-heal|p2a: Ursaluna|95/100|[from] Grassy Terrain
|upkeep
|inactive|higigig has 30 seconds left.
|inactive|higigig has 20 seconds left.
|inactive|higigig has 15 seconds left.
|
|t:|1756711423
|switch|p1a: Incineroar|Incineroar, L50, F|100/100
|-ability|p1a: Incineroar|Intimidate|boost
|-unboost|p2a: Ursaluna|atk|1
|-unboost|p2b: Rillaboom|atk|1
|turn|2
|
|t:|1756711440
|switch|p2a: Sneasler|Sneasler, L50, M|100/100
|move|p1a: Incineroar|Fake Out|p2b: Rillaboom
|-damage|p2b: Rillaboom|86/100
|cant|p2b: Rillaboom|flinch
|move|p1b: Gholdengo|Make It Rain|p2b: Rillaboom|[spread] p2a,p2b
|-enditem|p2a: Sneasler|Focus Sash
|-damage|p2a: Sneasler|1/100
|-damage|p2b: Rillaboom|0 fnt
|-unboost|p1b: Gholdengo|spa|1
|faint|p2b: Rillaboom
|
|-heal|p2a: Sneasler|7/100|[from] Grassy Terrain
|upkeep
|
|t:|1756711450
|switch|p2b: Baxcalibur|Baxcalibur, L50, F|100/100
|turn|3
|inactive|matrod has 30 seconds left.
|
|t:|1756711476
|switch|p1a: Farigiraf|Farigiraf, L50, F|100/100
|move|p2b: Baxcalibur|Protect|p2b: Baxcalibur
|-singleturn|p2b: Baxcalibur|Protect
|move|p2a: Sneasler|Close Combat|p1a: Farigiraf
|-damage|p1a: Farigiraf|45/100
|-unboost|p2a: Sneasler|def|1
|-unboost|p2a: Sneasler|spd|1
|-status|p1a: Farigiraf|psn|[from] ability: Poison Touch|[of] p2a: Sneasler
|move|p1b: Gholdengo|Make It Rain|p2b: Baxcalibur|[spread] p2a
|-activate|p2b: Baxcalibur|move: Protect
|-damage|p2a: Sneasler|0 fnt
|-unboost|p1b: Gholdengo|spa|1
|faint|p2a: Sneasler
|
|-heal|p1a: Farigiraf|51/100 psn|[from] Grassy Terrain
|-damage|p1a: Farigiraf|39/100 psn|[from] psn
|upkeep
|
|t:|1756711480
|switch|p2a: Ursaluna|Ursaluna-Bloodmoon, L50, M|95/100
|turn|4
|
|t:|1756711493
|switch|p1a: Incineroar|Incineroar, L50, F|100/100
|-ability|p1a: Incineroar|Intimidate|boost
|-unboost|p2a: Ursaluna|atk|1
|-unboost|p2b: Baxcalibur|atk|1
|-terastallize|p2a: Ursaluna|Water
|move|p2b: Baxcalibur|Scale Shot|p1a: Incineroar
|-damage|p1a: Incineroar|93/100
|-damage|p1a: Incineroar|84/100
|-damage|p1a: Incineroar|74/100
|-crit|p1a: Incineroar
|-damage|p1a: Incineroar|56/100
|-hitcount|p1a: Incineroar|4
|-unboost|p2b: Baxcalibur|def|1
|-boost|p2b: Baxcalibur|spe|1
|move|p1b: Gholdengo|Nasty Plot|p1b: Gholdengo
|-boost|p1b: Gholdengo|spa|2
|move|p2a: Ursaluna|Blood Moon|p1b: Gholdengo
|-damage|p1b: Gholdengo|31/100
|
|-heal|p1b: Gholdengo|37/100|[from] Grassy Terrain
|-heal|p2a: Ursaluna|100/100|[from] Grassy Terrain
|-heal|p1a: Incineroar|62/100|[from] Grassy Terrain
|upkeep
|turn|5
|inactive|higigig has 30 seconds left.
|inactive|higigig has 20 seconds left.
|
|t:|1756711532
|move|p2b: Baxcalibur|Protect|p2b: Baxcalibur
|-singleturn|p2b: Baxcalibur|Protect
|move|p1a: Incineroar|Fake Out|p2b: Baxcalibur
|-activate|p2b: Baxcalibur|move: Protect
|move|p1b: Gholdengo|Shadow Ball|p2a: Ursaluna
|-damage|p2a: Ursaluna|43/100
|-unboost|p2a: Ursaluna|spd|1
|move|p2a: Ursaluna|Earth Power|p1b: Gholdengo
|-damage|p1b: Gholdengo|0 fnt
|faint|p1b: Gholdengo
|
|-heal|p2a: Ursaluna|48/100|[from] Grassy Terrain
|-heal|p1a: Incineroar|68/100|[from] Grassy Terrain
|-fieldend|move: Grassy Terrain
|upkeep
|
|t:|1756711533
|switch|p1b: Farigiraf|Farigiraf, L50, F|39/100 psn
|turn|6
|
|t:|1756711553
|move|p2b: Baxcalibur|Icicle Spear|p1b: Farigiraf
|-damage|p1b: Farigiraf|30/100 psn
|-damage|p1b: Farigiraf|20/100 psn
|-damage|p1b: Farigiraf|11/100 psn
|-damage|p1b: Farigiraf|1/100 psn
|-hitcount|p1b: Farigiraf|4
|move|p2a: Ursaluna|Earth Power|p1a: Incineroar
|-supereffective|p1a: Incineroar
|-damage|p1a: Incineroar|0 fnt
|faint|p1a: Incineroar
|move|p1b: Farigiraf|Trick Room|p1b: Farigiraf
|-fieldstart|move: Trick Room|[of] p1b: Farigiraf
|
|-damage|p1b: Farigiraf|0 fnt|[from] psn
|faint|p1b: Farigiraf
|
|win|matrod
