|j|☆Mojanf
|j|☆viatles
|html|Mojanfviatles    
|uhtml|bestof|Game 1 of a best-of-3
|t:|1756754735
|gametype|doubles
|player|p1|Mojanf|265|1000
|player|p2|viatles|hiker|1081
|gen|9
|tier|[Gen 9] VGC 2025 Reg H (Bo3)
|rated|
|rule|Species Clause: Limit one of each Pokémon
|rule|Item Clause: Limit 1 of each item
|clearpoke
|poke|p1|Pelipper, L50, M|
|poke|p1|Archaludon, L50, M|
|poke|p1|Primarina, L50, M|
|poke|p1|Incineroar, L50, F|
|poke|p1|Rillaboom, L50, M|
|poke|p1|Maushold-Four, L50|
|poke|p2|Oricorio-Sensu, L50, M|
|poke|p2|Volcarona, L50, M|
|poke|p2|Garchomp, L50, M|
|poke|p2|Scizor, L50, F|
|poke|p2|Mienshao, L50, M|
|poke|p2|Milotic, L50, M|
|teampreview|4
|showteam|p1|Pelipper||FocusSash|Drizzle|Hurricane,HydroPump,Tailwind,Protect|||M|||50|,,,,,Ghost]Archaludon||AssaultVest|Stamina|ElectroShot,DracoMeteor,FlashCannon,Thunderbolt|||M|||50|,,,,,Flying]Primarina||ThroatSpray|LiquidVoice|HyperVoice,Moonblast,IceBeam,Protect|||M|||50|,,,,,Fairy]Incineroar||RockyHelmet|Intimidate|FakeOut,FlareBlitz,WillOWisp,PartingShot|||F|||50|,,,,,Ghost]Rillaboom||MiracleSeed|GrassySurge|GrassyGlide,FakeOut,Uturn,Protect|||M|||50|,,,,,Grass]Maushold-Four||SafetyGoggles|FriendGuard|FollowMe,BeatUp,Taunt,Protect||||||50|,,,,,Ghost
|showteam|p2|Oricorio-Sensu||FocusSash|Dancer|QuiverDance,BatonPass,RevelationDance,Protect|||M|||50|,,,,,Fighting]Volcarona||SitrusBerry|FlameBody|QuiverDance,GigaDrain,FieryDance,Protect|||M|||50|,,,,,Grass]Garchomp||ClearAmulet|RoughSkin|IronHead,DragonClaw,RockSlide,Earthquake|||M|||50|,,,,,Steel]Scizor||AssaultVest|Technician|BulletPunch,BugBite,DualWingbeat,Thief|||F|||50|,,,,,Stellar]Mienshao||SafetyGoggles|InnerFocus|FakeOut,CloseCombat,TripleAxel,WideGuard|||M|||50|,,,,,Fire]Milotic||Leftovers|Competitive|Scald,Protect,IcyWind,LifeDew|||M|||50|,,,,,Grass
|inactive|Battle timer is ON: inactive players will automatically lose when time's up. (requested by Mojanf)
|c|☆viatles|gl hf
|inactive|viatles has 60 seconds left.
|
|t:|1756754770
|teamsize|p1|4
|teamsize|p2|4
|start
|switch|p1a: Archaludon|Archaludon, L50, M|100/100
|switch|p1b: Maushold|Maushold-Four, L50|100/100
|switch|p2a: Oricorio|Oricorio-Sensu, L50, M|100/100
|switch|p2b: Volcarona|Volcarona, L50, M|100/100
|turn|1
|inactive|Mojanf has 30 seconds left.
|
|t:|1756754799
|switch|p1b: Pelipper|Pelipper, L50, M|100/100
|-weather|RainDance|[from] ability: Drizzle|[of] p1b: Pelipper
|move|p2a: Oricorio|Revelation Dance|p1a: Archaludon
|-damage|p1a: Archaludon|68/100
|-ability|p1a: Archaludon|Stamina|boost
|-boost|p1a: Archaludon|def|1
|move|p2b: Volcarona|Fiery Dance|p1a: Archaludon
|-damage|p1a: Archaludon|50/100
|-boost|p2b: Volcarona|spa|1
|-ability|p1a: Archaludon|Stamina|boost
|-boost|p1a: Archaludon|def|1
|-activate|p2a: Oricorio|ability: Dancer
|move|p2a: Oricorio|Fiery Dance|p1a: Archaludon|[from] ability: Dancer
|-damage|p1a: Archaludon|41/100
|-ability|p1a: Archaludon|Stamina|boost
|-boost|p1a: Archaludon|def|1
|move|p1a: Archaludon|Electro Shot||[still]
|-prepare|p1a: Archaludon|Electro Shot
|-boost|p1a: Archaludon|spa|1
|-anim|p1a: Archaludon|Electro Shot|p2a: Oricorio
|-supereffective|p2a: Oricorio
|-enditem|p2a: Oricorio|Focus Sash
|-damage|p2a: Oricorio|1/100
|
|-weather|RainDance|[upkeep]
|upkeep
|turn|2
|inactive|Mojanf has 30 seconds left.
|inactive|viatles has 30 seconds left.
|inactive|Mojanf has 20 seconds left.
|inactive|viatles has 20 seconds left.
|inactive|Mojanf has 15 seconds left.
|inactive|viatles has 15 seconds left.
|inactive|Mojanf has 10 seconds left.
|
|t:|1756754845
|-terastallize|p2b: Volcarona|Grass
|move|p2a: Oricorio|Revelation Dance|p1a: Archaludon
|-damage|p1a: Archaludon|8/100
|-ability|p1a: Archaludon|Stamina|boost
|-boost|p1a: Archaludon|def|1
|move|p2b: Volcarona|Giga Drain|p1b: Pelipper
|-damage|p1b: Pelipper|24/100
|move|p1b: Pelipper|Tailwind|p1b: Pelipper
|-sidestart|p1: Mojanf|move: Tailwind
|move|p1a: Archaludon|Electro Shot||[still]
|-prepare|p1a: Archaludon|Electro Shot
|-boost|p1a: Archaludon|spa|1
|-anim|p1a: Archaludon|Electro Shot|p2b: Volcarona
|-resisted|p2b: Volcarona
|-damage|p2b: Volcarona|60/100
|
|-weather|RainDance|[upkeep]
|upkeep
|turn|3
|inactive|Mojanf has 30 seconds left.
|inactive|Mojanf has 20 seconds left.
|
|t:|1756754882
|move|p2a: Oricorio|Protect|p2a: Oricorio
|-singleturn|p2a: Oricorio|Protect
|move|p1b: Pelipper|Hurricane|p2b: Volcarona
|-supereffective|p2b: Volcarona
|-damage|p2b: Volcarona|0 fnt
|faint|p2b: Volcarona
|move|p1a: Archaludon|Electro Shot||[still]
|-prepare|p1a: Archaludon|Electro Shot
|-boost|p1a: Archaludon|spa|1
|-anim|p1a: Archaludon|Electro Shot|p2a: Oricorio
|-activate|p2a: Oricorio|move: Protect
|
|-weather|RainDance|[upkeep]
|upkeep
|
|t:|1756754894
|switch|p2b: Scizor|Scizor, L50, F|100/100
|turn|4
|
|t:|1756754906
|move|p2b: Scizor|Bullet Punch|p1a: Archaludon
|-resisted|p1a: Archaludon
|-damage|p1a: Archaludon|4/100
|-ability|p1a: Archaludon|Stamina|boost
|-boost|p1a: Archaludon|def|1
|move|p1b: Pelipper|Hurricane|p2a: Oricorio
|-damage|p2a: Oricorio|0 fnt
|faint|p2a: Oricorio
|move|p1a: Archaludon|Electro Shot||[still]
|-prepare|p1a: Archaludon|Electro Shot
|-boost|p1a: Archaludon|spa|1
|-anim|p1a: Archaludon|Electro Shot|p2b: Scizor
|-damage|p2b: Scizor|0 fnt
|faint|p2b: Scizor
|
|-weather|RainDance|[upkeep]
|upkeep
|
|t:|1756754921
|switch|p2b: Garchomp|Garchomp, L50, M|100/100
|turn|5
|c|☆viatles|so close lol
|
|t:|1756754929
|move|p1b: Pelipper|Hydro Pump|p2b: Garchomp
|-damage|p2b: Garchomp|42/100
|move|p1a: Archaludon|Draco Meteor|p2b: Garchomp
|-supereffective|p2b: Garchomp
|-damage|p2b: Garchomp|0 fnt
|-unboost|p1a: Archaludon|spa|2
|faint|p2b: Garchomp
|
|win|Mojanf
||Mojanf is ready for game 2.
||viatles is ready for game 2.
|uhtml|next|Next: Game 2 of 3
