|j|☆Centiskorch18
|j|☆Silver Jay#2241
|html|Centiskorch18Silver Jay#2241    
|uhtml|bestof|Game 2 of a best-of-3
|t:|1782462115
|gametype|doubles
|player|p1|Centiskorch18|caitlin|1360
|player|p2|Silver Jay#2241|grusha|1171
|gen|9
|tier|[Gen 9 Champions] VGC 2026 Reg M-B (Bo3)
|rated|
|rule|Species Clause: Limit one of each Pokémon
|rule|Item Clause: Limit 1 of each item
|clearpoke
|poke|p1|Mawile, L50, M|
|poke|p1|Delphox, L50, F|
|poke|p1|Incineroar, L50, M|
|poke|p1|Sneasler, L50, M|
|poke|p1|Sinistcha, L50|
|poke|p1|Basculegion, L50, M|
|poke|p2|Gengar, L50, F, shiny|
|poke|p2|Incineroar, L50, F|
|poke|p2|Sinistcha, L50|
|poke|p2|Politoed, L50, F, shiny|
|poke|p2|Tinkaton, L50, F|
|poke|p2|Dragonite, L50, F|
|teampreview|4
|showteam|p1|Mawile||Mawilite|HyperCutter|PlayRough,SuckerPunch,SwordsDance,Protect|Brave||M|||50|]Delphox||Delphoxite|Blaze|HeatWave,Psyshock,NastyPlot,Protect|Timid||F|||50|]Incineroar||SitrusBerry|Intimidate|FlareBlitz,DarkestLariat,FakeOut,PartingShot|Careful||M|||50|]Sneasler||WhiteHerb|Unburden|CloseCombat,DireClaw,FakeOut,Protect|Jolly||M|||50|]Sinistcha||KasibBerry|Hospitality|MatchaGotcha,RagePowder,TrickRoom,StrengthSap|Bold|||||50|]Basculegion||FocusSash|Adaptability|Liquidation,AquaJet,LastRespects,Protect|Adamant||M|||50|
|showteam|p2|Gengar||Gengarite|CursedBody|ShadowBall,PerishSong,ReflectType,Protect|Timid||F|||50|]Incineroar||ChopleBerry|Intimidate|FakeOut,ThroatChop,PartingShot,Protect|Sassy||F|||50|]Sinistcha||KasibBerry|Hospitality|MatchaGotcha,RagePowder,LifeDew,Protect|Bold|||||50|]Politoed||SitrusBerry|Drizzle|WeatherBall,Encore,PerishSong,Protect|Modest||F|||50|]Tinkaton||ShucaBerry|MoldBreaker|FakeOut,GigatonHammer,PlayRough,Protect|Jolly||F|||50|]Dragonite||HabanBerry|InnerFocus|DragonClaw,LowKick,RockSlide,Protect|Jolly||F|||50|
|inactive|Battle timer is ON: inactive players will automatically lose when time's up. (requested by Centiskorch18)
|c|☆Centiskorch18|glhf
|c|☆Silver Jay#2241|u2
|inactive|Silver Jay#2241 has 60 seconds left.
|
|t:|1782462150
|teamsize|p1|4
|teamsize|p2|4
|start
|switch|p1a: Delphox|Delphox, L50, F|100/100
|switch|p1b: Incineroar|Incineroar, L50, M|100/100
|switch|p2a: Velocity|Gengar, L50, F, shiny|100/100
|switch|p2b: Dragonite|Dragonite, L50, F|100/100
|-ability|p1b: Incineroar|Intimidate|boost
|-unboost|p2a: Velocity|atk|1
|-fail|p2b: Dragonite|unboost|Attack|[from] ability: Inner Focus|[of] p2b: Dragonite
|turn|1
|
|t:|1782462168
|detailschange|p1a: Delphox|Delphox-Mega, L50, F
|-mega|p1a: Delphox|Delphox|Delphoxite
|detailschange|p2a: Velocity|Gengar-Mega, L50, F, shiny
|-mega|p2a: Velocity|Gengar|Gengarite
|move|p1a: Delphox|Protect|p1a: Delphox
|-singleturn|p1a: Delphox|Protect
|move|p2a: Velocity|Shadow Ball|p1a: Delphox
|-activate|p1a: Delphox|move: Protect
|move|p2b: Dragonite|Rock Slide|p1a: Delphox|[spread] p1b
|-activate|p1a: Delphox|move: Protect
|-supereffective|p1b: Incineroar|1
|-damage|p1b: Incineroar|61/100
|move|p1b: Incineroar|Parting Shot|p2b: Dragonite
|-unboost|p2b: Dragonite|atk|1
|-unboost|p2b: Dragonite|spa|1
|
|t:|1782462175
|switch|p1b: Sinistcha|Sinistcha, L50|100/100|[from] Parting Shot
|
|upkeep
|turn|2
|
|t:|1782462197
|switch|p2a: Jerk|Incineroar, L50, F|100/100
|-ability|p2a: Jerk|Intimidate|boost
|-unboost|p1a: Delphox|atk|1
|-unboost|p1b: Sinistcha|atk|1
|move|p1a: Delphox|Psyshock|p2a: Jerk
|-immune|p2a: Jerk
|move|p2b: Dragonite|Rock Slide|p1a: Delphox|[spread] p1a,p1b
|-supereffective|p1a: Delphox|1
|-damage|p1a: Delphox|57/100
|-damage|p1b: Sinistcha|88/100
|cant|p1b: Sinistcha|flinch
|
|upkeep
|turn|3
|inactive|Silver Jay#2241 has 30 seconds left.
|inactive|Silver Jay#2241 has 20 seconds left.
|inactive|Silver Jay#2241 has 15 seconds left.
|
|t:|1782462239
|switch|p1a: Incineroar|Incineroar, L50, M|61/100
|-ability|p1a: Incineroar|Intimidate|boost
|-unboost|p2a: Jerk|atk|1
|-fail|p2b: Dragonite|unboost|Attack|[from] ability: Inner Focus|[of] p2b: Dragonite
|switch|p2b: Velocity|Gengar-Mega, L50, F, shiny|100/100
|move|p1b: Sinistcha|Matcha Gotcha|p2b: Velocity|[spread] p2a,p2b
|-resisted|p2a: Jerk|1
|-resisted|p2b: Velocity|1
|-damage|p2a: Jerk|91/100
|-heal|p1b: Sinistcha|93/100|[from] drain|[of] p2a: Jerk
|-damage|p2b: Velocity|86/100
|-heal|p1b: Sinistcha|100/100|[from] drain|[of] p2b: Velocity
|move|p2a: Jerk|Parting Shot|p1b: Sinistcha
|-unboost|p1b: Sinistcha|atk|1
|-unboost|p1b: Sinistcha|spa|1
|
|t:|1782462260
|switch|p2a: Dragonite|Dragonite, L50, F|100/100|[from] Parting Shot
|
|upkeep
|turn|4
|
|t:|1782462282
|switch|p2b: Jerk|Incineroar, L50, F|91/100
|-ability|p2b: Jerk|Intimidate|boost
|-unboost|p1a: Incineroar|atk|1
|-unboost|p1b: Sinistcha|atk|1
|move|p2a: Dragonite|Rock Slide|p1a: Incineroar|[spread] p1a,p1b
|-supereffective|p1a: Incineroar|1
|-damage|p1a: Incineroar|23/100
|-damage|p1b: Sinistcha|84/100
|-enditem|p1a: Incineroar|Sitrus Berry|[eat]
|-heal|p1a: Incineroar|48/100|[from] item: Sitrus Berry
|move|p1a: Incineroar|Darkest Lariat|p2b: Jerk
|-resisted|p2b: Jerk|1
|-damage|p2b: Jerk|82/100
|move|p1b: Sinistcha|Matcha Gotcha|p2b: Jerk|[spread] p2a,p2b
|-resisted|p2a: Dragonite|2
|-resisted|p2b: Jerk|1
|-damage|p2a: Dragonite|95/100
|-heal|p1b: Sinistcha|87/100|[from] drain|[of] p2a: Dragonite
|-damage|p2b: Jerk|76/100
|-heal|p1b: Sinistcha|90/100|[from] drain|[of] p2b: Jerk
|
|upkeep
|turn|5
|
|t:|1782462302
|move|p2a: Dragonite|Rock Slide|p1a: Incineroar|[spread] p1a,p1b
|-supereffective|p1a: Incineroar|1
|-damage|p1a: Incineroar|10/100
|-damage|p1b: Sinistcha|74/100
|cant|p1a: Incineroar|flinch
|move|p1b: Sinistcha|Matcha Gotcha|p2b: Jerk|[spread] p2a,p2b
|-resisted|p2a: Dragonite|2
|-resisted|p2b: Jerk|1
|-damage|p2a: Dragonite|92/100
|-heal|p1b: Sinistcha|76/100|[from] drain|[of] p2a: Dragonite
|-damage|p2b: Jerk|70/100
|-heal|p1b: Sinistcha|79/100|[from] drain|[of] p2b: Jerk
|move|p2b: Jerk|Parting Shot|p1b: Sinistcha
|-unboost|p1b: Sinistcha|atk|1
|-unboost|p1b: Sinistcha|spa|1
|
|t:|1782462311
|switch|p2b: Velocity|Gengar-Mega, L50, F, shiny|86/100|[from] Parting Shot
|
|upkeep
|turn|6
|c|☆Silver Jay#2241|no burns, mb
|
|t:|1782462323
|move|p2b: Velocity|Shadow Ball|p1b: Sinistcha
|-supereffective|p1b: Sinistcha|1
|-enditem|p1b: Sinistcha|Kasib Berry|[eat]
|-enditem|p1b: Sinistcha|Kasib Berry|[weaken]
|-damage|p1b: Sinistcha|38/100
|move|p2a: Dragonite|Rock Slide|p1a: Incineroar|[spread] p1a,p1b
|-supereffective|p1a: Incineroar|1
|-damage|p1a: Incineroar|0 fnt
|-damage|p1b: Sinistcha|23/100
|faint|p1a: Incineroar
|move|p1b: Sinistcha|Matcha Gotcha|p2a: Dragonite|[spread] p2b
|-miss|p1b: Sinistcha|p2a: Dragonite
|-resisted|p2b: Velocity|1
|-damage|p2b: Velocity|80/100
|-heal|p1b: Sinistcha|26/100|[from] drain|[of] p2b: Velocity
|
|upkeep
|
|t:|1782462331
|switch|p1a: Delphox|Delphox-Mega, L50, F|57/100
|turn|7
|inactive|Silver Jay#2241 has 30 seconds left.
|
|t:|1782462360
|switch|p2b: Jerk|Incineroar, L50, F|70/100
|-ability|p2b: Jerk|Intimidate|boost
|-unboost|p1a: Delphox|atk|1
|-unboost|p1b: Sinistcha|atk|1
|move|p2a: Dragonite|Protect|p2a: Dragonite
|-singleturn|p2a: Dragonite|Protect
|move|p1a: Delphox|Psyshock|p2b: Jerk
|-immune|p2b: Jerk
|move|p1b: Sinistcha|Strength Sap|p2a: Dragonite
|-activate|p2a: Dragonite|move: Protect
|
|upkeep
|turn|8
|inactive|Silver Jay#2241 has 30 seconds left.
|
|t:|1782462388
|move|p1a: Delphox|Protect|p1a: Delphox
|-singleturn|p1a: Delphox|Protect
|move|p2a: Dragonite|Dragon Claw|p1b: Sinistcha
|-damage|p1b: Sinistcha|0 fnt
|faint|p1b: Sinistcha
|move|p2b: Jerk|Throat Chop|p1a: Delphox
|-activate|p1a: Delphox|move: Protect
|
|upkeep
|
|t:|1782462394
|switch|p1b: Basculegion|Basculegion, L50, M|100/100
|turn|9
|
|t:|1782462415
|move|p2b: Jerk|Protect|p2b: Jerk
|-singleturn|p2b: Jerk|Protect
|move|p1a: Delphox|Heat Wave|p2a: Dragonite|[spread] p2a
|-activate|p2b: Jerk|move: Protect
|-resisted|p2a: Dragonite|1
|-damage|p2a: Dragonite|70/100
|move|p2a: Dragonite|Rock Slide|p1b: Basculegion|[spread] p1a
|-miss|p2a: Dragonite|p1b: Basculegion
|-supereffective|p1a: Delphox|1
|-damage|p1a: Delphox|0 fnt
|faint|p1a: Delphox
|move|p1b: Basculegion|Liquidation|p2b: Jerk
|-activate|p2b: Jerk|move: Protect
|
|upkeep
|turn|10
|-message|Centiskorch18 forfeited.
|
|win|Silver Jay#2241
|raw|Centiskorch18's rating: 1360 → 1330(-30 for losing)
|raw|Silver Jay#2241's rating: 1171 → 1208(+37 for winning)
|l|☆Centiskorch18
|player|p1|
|c|☆Silver Jay#2241|gg
