|j|☆endras125
|j|☆epkiller34321
|html|endras125epkiller34321    
|uhtml|bestof|Game 2 of a best-of-3
|t:|1784676046
|gametype|doubles
|player|p1|endras125|170|
|player|p2|epkiller34321|101|
|gen|9
|tier|[Gen 9 Champions] VGC 2026 Reg M-B (Bo3)
|rule|Species Clause: Limit one of each Pokémon
|rule|Item Clause: Limit 1 of each item
|clearpoke
|poke|p1|Sneasler, L50, M|
|poke|p1|Froslass, L50, F|
|poke|p1|Whimsicott, L50, F|
|poke|p1|Scovillain, L50, M|
|poke|p1|Empoleon, L50, M|
|poke|p1|Skarmory, L50, F|
|poke|p2|Tinkaton, L50, F|
|poke|p2|Infernape, L50, M|
|poke|p2|Conkeldurr, L50, F|
|poke|p2|Blastoise, L50, F|
|poke|p2|Toxicroak, L50, F|
|poke|p2|Tyranitar, L50, F|
|teampreview|4
|showteam|p1|Sneasler||FocusSash|PoisonTouch|CloseCombat,DireClaw,FakeOut,QuickGuard|Jolly||M|||50|]Froslass||Froslassite|SnowCloak|AuroraVeil,Blizzard,Protect,ShadowBall|Timid||F|||50|]Whimsicott||SitrusBerry|Prankster|Encore,Moonblast,Protect,Tailwind|Timid||F|||50|]Scovillain||Scovillainite|Chlorophyll|GigaDrain,Overheat,Protect,RagePowder|Adamant||M|||50|]Empoleon||Leftovers|Competitive|FlashCannon,GrassKnot,HydroPump,Protect|Modest||M|||50|]Skarmory||WhiteHerb|WeakArmor|DualWingbeat,IronHead,Protect,SwordsDance|Adamant||F|||50|
|showteam|p2|Tinkaton||MetalCoat|OwnTempo|FakeOut,GigatonHammer,PlayRough,Protect|Jolly||F|||50|]Infernape||Charcoal|Blaze|Encore,FakeOut,Overheat,Protect|Jolly||M|||50|]Conkeldurr||BlackBelt|IronFist|DrainPunch,MachPunch,Protect,ThunderPunch|Brave||F|||50|]Blastoise||Blastoisinite|RainDish|ShellSmash,WaterSpout,DarkPulse,Protect|Modest||F|||50|]Toxicroak||ScopeLens|PoisonTouch|CloseCombat,CrossPoison,FakeOut,Feint|Jolly||F|||50|]Tyranitar||Tyranitarite|SandStream|StealthRock,KnockOff,RockBlast,Earthquake|Careful||F|||50|
|
|t:|1784676165
|teamsize|p1|4
|teamsize|p2|4
|start
|switch|p1a: Sneasler|Sneasler, L50, M|100/100
|switch|p1b: Whimsicott|Whimsicott, L50, F|100/100
|switch|p2a: Infernape|Infernape, L50, M|100/100
|switch|p2b: Blastoise|Blastoise, L50, F|100/100
|turn|1
|
|t:|1784676229
|move|p1a: Sneasler|Fake Out|p2a: Infernape
|-damage|p2a: Infernape|77/100
|move|p1b: Whimsicott|Tailwind|p1b: Whimsicott
|-sidestart|p1: endras125|move: Tailwind
|cant|p2a: Infernape|flinch
|move|p2b: Blastoise|Water Spout|p1b: Whimsicott|[spread] p1a,p1b
|-resisted|p1b: Whimsicott|1
|-damage|p1a: Sneasler|36/100
|-damage|p1b: Whimsicott|61/100
|
|upkeep
|turn|2
|
|t:|1784676288
|move|p1b: Whimsicott|Protect|p1b: Whimsicott
|-singleturn|p1b: Whimsicott|Protect
|move|p1a: Sneasler|Dire Claw|p2b: Blastoise
|-damage|p2b: Blastoise|60/100
|-status|p2b: Blastoise|psn
|move|p2a: Infernape|Overheat|p1b: Whimsicott
|-activate|p1b: Whimsicott|move: Protect
|move|p2b: Blastoise|Water Spout|p1a: Sneasler|[spread] p1a
|-activate|p1b: Whimsicott|move: Protect
|-damage|p1a: Sneasler|0 fnt
|faint|p1a: Sneasler
|
|-damage|p2b: Blastoise|48/100 psn|[from] psn
|upkeep
|
|t:|1784676312
|switch|p1a: Skarmory|Skarmory, L50, F|100/100
|turn|3
|
|t:|1784676352
|move|p1b: Whimsicott|Moonblast|p2b: Blastoise
|-damage|p2b: Blastoise|16/100 psn
|move|p1a: Skarmory|Dual Wingbeat|p2a: Infernape|[miss]
|-miss|p1a: Skarmory|p2a: Infernape
|move|p2a: Infernape|Overheat|p1a: Skarmory
|-supereffective|p1a: Skarmory|1
|-damage|p1a: Skarmory|0 fnt
|-unboost|p2a: Infernape|spa|2
|faint|p1a: Skarmory
|move|p2b: Blastoise|Water Spout|p1b: Whimsicott
|-resisted|p1b: Whimsicott|1
|-damage|p1b: Whimsicott|52/100
|
|-damage|p2b: Blastoise|3/100 psn|[from] psn
|upkeep
|
|t:|1784676373
|switch|p1a: Froslass|Froslass, L50, F|100/100
|turn|4
|
|t:|1784676414
|move|p1b: Whimsicott|Moonblast|p2a: Infernape
|-damage|p2a: Infernape|27/100
|move|p1a: Froslass|Blizzard|p2a: Infernape|[spread] p2b
|-miss|p1a: Froslass|p2a: Infernape
|-resisted|p2b: Blastoise|1
|-damage|p2b: Blastoise|0 fnt
|faint|p2b: Blastoise
|move|p2a: Infernape|Overheat|p1b: Whimsicott
|-supereffective|p1b: Whimsicott|1
|-damage|p1b: Whimsicott|0 fnt
|-unboost|p2a: Infernape|spa|2
|faint|p1b: Whimsicott
|
|-sideend|p1: endras125|move: Tailwind
|upkeep
|
|t:|1784676432
|switch|p2b: Tyranitar|Tyranitar, L50, F|100/100
|-weather|Sandstorm|[from] ability: Sand Stream|[of] p2b: Tyranitar
|turn|5
|
|t:|1784676457
|detailschange|p1a: Froslass|Froslass-Mega, L50, F
|-mega|p1a: Froslass|Froslass|Froslassite
|-weather|Snowscape|[from] ability: Snow Warning|[of] p1a: Froslass
|detailschange|p2b: Tyranitar|Tyranitar-Mega, L50, F
|-mega|p2b: Tyranitar|Tyranitar|Tyranitarite
|-weather|Sandstorm|[from] ability: Sand Stream|[of] p2b: Tyranitar
|move|p1a: Froslass|Blizzard|p2a: Infernape|[spread] p2a,p2b
|-resisted|p2a: Infernape|1
|-damage|p2a: Infernape|0 fnt
|-damage|p2b: Tyranitar|82/100
|faint|p2a: Infernape
|move|p2b: Tyranitar|Rock Blast|p1a: Froslass
|-supereffective|p1a: Froslass|1
|-damage|p1a: Froslass|53/100
|-supereffective|p1a: Froslass|1
|-damage|p1a: Froslass|12/100
|-supereffective|p1a: Froslass|1
|-damage|p1a: Froslass|0 fnt
|faint|p1a: Froslass
|-hitcount|p1: Froslass|3
|
|win|epkiller34321
|inactive|endras125 has 30 seconds to confirm battle start!
|inactive|epkiller34321 has 30 seconds to confirm battle start!
||endras125 is ready for game 3.
|inactive|epkiller34321 has 20 seconds to confirm battle start!
|l|☆epkiller34321
|player|p2|
|inactive|epkiller34321 has 10 seconds to confirm battle start!
|uhtml|next|Next: Game 3 of 3
