|j|☆zegabovgc
|j|☆kingambitstan
|html|zegabovgckingambitstan    
|uhtml|bestof|Game 1 of a best-of-3
|t:|1757774918
|gametype|doubles
|player|p1|zegabovgc|benga|1198
|player|p2|kingambitstan|rika|1313
|gen|9
|tier|[Gen 9] VGC 2025 Reg H (Bo3)
|rated|
|rule|Species Clause: Limit one of each Pokémon
|rule|Item Clause: Limit 1 of each item
|clearpoke
|poke|p1|Incineroar, L50, M|
|poke|p1|Amoonguss, L50, F|
|poke|p1|Ursaluna-Bloodmoon, L50, M|
|poke|p1|Sneasler, L50, M|
|poke|p1|Gholdengo, L50|
|poke|p1|Dragonite, L50, M|
|poke|p2|Sneasler, L50, F|
|poke|p2|Rillaboom, L50, M|
|poke|p2|Electabuzz, L50, M|
|poke|p2|Kingambit, L50, F|
|poke|p2|Baxcalibur, L50, F|
|poke|p2|Milotic, L50, M|
|teampreview|4
|showteam|p1|Incineroar||SafetyGoggles|Intimidate|FlareBlitz,KnockOff,PartingShot,FakeOut|||M|||50|,,,,,Ghost]Amoonguss||SitrusBerry|Regenerator|Spore,RagePowder,PollenPuff,Protect|||F|||50|,,,,,Dark]Ursaluna-Bloodmoon||AssaultVest|MindsEye|HyperVoice,BloodMoon,EarthPower,VacuumWave|||M|||50|,,,,,Water]Sneasler||WhiteHerb|Unburden|CloseCombat,DireClaw,ThroatChop,Protect|||M|||50|,,,,,Stellar]Gholdengo||LifeOrb|GoodasGold|MakeItRain,ShadowBall,NastyPlot,Protect||||||50|,,,,,Water]Dragonite||LoadedDice|InnerFocus|ScaleShot,Tailwind,Haze,Protect|||M|||50|,,,,,Fairy
|showteam|p2|Sneasler||FocusSash|PoisonTouch|DireClaw,CloseCombat,Coaching,Protect|||F|||50|,,,,,Stellar]Rillaboom||AssaultVest|GrassySurge|FakeOut,WoodHammer,GrassyGlide,HighHorsepower|||M|||50|,,,,,Fire]Electabuzz||Eviolite|VitalSpirit|FollowMe,Thunderbolt,Taunt,Protect|||M|||50|,,,,,Ghost]Kingambit||BlackGlasses|Defiant|SuckerPunch,KowtowCleave,SwordsDance,Protect|||F|||50|,,,,,Dark]Baxcalibur||LoadedDice|ThermalExchange|IcicleSpear,ScaleShot,IceShard,Protect|||F|||50|,,,,,Ghost]Milotic||CovertCloak|Competitive|Scald,IcyWind,Haze,Protect|||M|||50|,,,,,Poison
|inactive|Battle timer is ON: inactive players will automatically lose when time's up. (requested by kingambitstan)
|inactive|zegabovgc also wants the timer to be on.
|inactive|kingambitstan has 60 seconds left.
|
|t:|1757774949
|teamsize|p1|4
|teamsize|p2|4
|start
|switch|p1a: Amoonguss|Amoonguss, L50, F|100/100
|switch|p1b: Gholdengo|Gholdengo, L50|100/100
|switch|p2a: Kris|Kingambit, L50, F|100/100
|switch|p2b: Baxcalibur|Baxcalibur, L50, F|100/100
|turn|1
|inactive|zegabovgc has 30 seconds left.
|
|t:|1757774979
|-terastallize|p1a: Amoonguss|Dark
|move|p1b: Gholdengo|Protect|p1b: Gholdengo
|-singleturn|p1b: Gholdengo|Protect
|move|p2b: Baxcalibur|Icicle Spear|p1a: Amoonguss
|-damage|p1a: Amoonguss|85/100
|-damage|p1a: Amoonguss|72/100
|-damage|p1a: Amoonguss|58/100
|-damage|p1a: Amoonguss|44/100
|-enditem|p1a: Amoonguss|Sitrus Berry|[eat]
|-heal|p1a: Amoonguss|69/100|[from] item: Sitrus Berry
|-damage|p1a: Amoonguss|55/100
|-hitcount|p1a: Amoonguss|5
|move|p2a: Kris|Swords Dance|p2a: Kris
|-boost|p2a: Kris|atk|2
|move|p1a: Amoonguss|Spore|p2a: Kris
|-status|p2a: Kris|slp|[from] move: Spore
|
|upkeep
|turn|2
|
|t:|1757774996
|move|p1a: Amoonguss|Protect|p1a: Amoonguss
|-singleturn|p1a: Amoonguss|Protect
|move|p2b: Baxcalibur|Icicle Spear|p1a: Amoonguss
|-activate|p1a: Amoonguss|move: Protect
|move|p1b: Gholdengo|Nasty Plot|p1b: Gholdengo
|-boost|p1b: Gholdengo|spa|2
|cant|p2a: Kris|slp
|
|upkeep
|turn|3
|
|t:|1757775013
|move|p1a: Amoonguss|Rage Powder|p1a: Amoonguss
|-singleturn|p1a: Amoonguss|move: Rage Powder
|move|p2b: Baxcalibur|Icicle Spear|p1a: Amoonguss
|-damage|p1a: Amoonguss|41/100
|-damage|p1a: Amoonguss|25/100
|-damage|p1a: Amoonguss|10/100
|-damage|p1a: Amoonguss|0 fnt
|faint|p1a: Amoonguss
|-hitcount|p1: Amoonguss|4
|move|p1b: Gholdengo|Make It Rain|p2a: Kris|[spread] p2a,p2b
|-resisted|p2a: Kris
|-crit|p2a: Kris
|-supereffective|p2b: Baxcalibur
|-damage|p2a: Kris|10/100 slp
|-damage|p2b: Baxcalibur|0 fnt
|-unboost|p1b: Gholdengo|spa|1
|faint|p2b: Baxcalibur
|-damage|p1b: Gholdengo|91/100|[from] item: Life Orb
|-curestatus|p2a: Kris|slp|[msg]
|move|p2a: Kris|Kowtow Cleave|p1b: Gholdengo
|-supereffective|p1b: Gholdengo
|-damage|p1b: Gholdengo|0 fnt
|faint|p1b: Gholdengo
|
|upkeep
|
|t:|1757775025
|switch|p2b: Susie|Rillaboom, L50, M|100/100
|switch|p1b: Dragonite|Dragonite, L50, M|100/100
|switch|p1a: Sneasler|Sneasler, L50, M|100/100
|-fieldstart|move: Grassy Terrain|[from] ability: Grassy Surge|[of] p2b: Susie
|turn|4
|
|t:|1757775041
|move|p1a: Sneasler|Protect|p1a: Sneasler
|-singleturn|p1a: Sneasler|Protect
|move|p2b: Susie|Fake Out|p1a: Sneasler
|-activate|p1a: Sneasler|move: Protect
|move|p1b: Dragonite|Haze|p1b: Dragonite
|-clearallboost
|move|p2a: Kris|Kowtow Cleave|p1b: Dragonite
|-damage|p1b: Dragonite|38/100
|
|-heal|p2a: Kris|16/100|[from] Grassy Terrain
|upkeep
|turn|5
|
|t:|1757775056
|-terastallize|p2b: Susie|Fire
|move|p1b: Dragonite|Protect|p1b: Dragonite
|-singleturn|p1b: Dragonite|Protect
|move|p2a: Kris|Sucker Punch||[still]
|-fail|p2a: Kris
|move|p1a: Sneasler|Dire Claw|p2b: Susie
|-damage|p2b: Susie|61/100
|-status|p2b: Susie|slp
|cant|p2b: Susie|slp
|
|-heal|p2b: Susie|67/100 slp|[from] Grassy Terrain
|-heal|p2a: Kris|22/100|[from] Grassy Terrain
|upkeep
|turn|6
|c|☆kingambitstan|:(
|
|t:|1757775067
|move|p2a: Kris|Sucker Punch||[still]
|-fail|p2a: Kris
|move|p1a: Sneasler|Close Combat|p2a: Kris
|-supereffective|p2a: Kris
|-damage|p2a: Kris|0 fnt
|-unboost|p1a: Sneasler|def|1
|-unboost|p1a: Sneasler|spd|1
|faint|p2a: Kris
|-enditem|p1a: Sneasler|White Herb
|-clearnegativeboost|p1a: Sneasler|[silent]
|move|p1b: Dragonite|Tailwind|p1b: Dragonite
|-sidestart|p1: zegabovgc|move: Tailwind
|cant|p2b: Susie|slp
|
|-heal|p2b: Susie|73/100 slp|[from] Grassy Terrain
|upkeep
|
|t:|1757775076
|switch|p2a: Ralsei|Electabuzz, L50, M, shiny|100/100
|turn|7
|
|t:|1757775086
|move|p1a: Sneasler|Dire Claw|p2a: Ralsei
|-damage|p2a: Ralsei|59/100
|-status|p2a: Ralsei|psn
|move|p1b: Dragonite|Scale Shot|p2a: Ralsei
|-damage|p2a: Ralsei|45/100 psn
|-damage|p2a: Ralsei|29/100 psn
|-damage|p2a: Ralsei|15/100 psn
|-damage|p2a: Ralsei|0 fnt
|faint|p2a: Ralsei
|-hitcount|p2: Ralsei|4
|-unboost|p1b: Dragonite|def|1
|-boost|p1b: Dragonite|spe|1
|-curestatus|p2b: Susie|slp|[msg]
|move|p2b: Susie|High Horsepower|p1a: Sneasler
|-supereffective|p1a: Sneasler
|-damage|p1a: Sneasler|0 fnt
|faint|p1a: Sneasler
|
|-heal|p2b: Susie|80/100|[from] Grassy Terrain
|upkeep
|turn|8
|
|t:|1757775094
|move|p1b: Dragonite|Scale Shot|p2b: Susie
|-damage|p2b: Susie|64/100
|-damage|p2b: Susie|49/100
|-damage|p2b: Susie|33/100
|-damage|p2b: Susie|19/100
|-damage|p2b: Susie|3/100
|-hitcount|p2b: Susie|5
|-unboost|p1b: Dragonite|def|1
|-boost|p1b: Dragonite|spe|1
|move|p2b: Susie|Wood Hammer|p1b: Dragonite
|-resisted|p1b: Dragonite
|-damage|p1b: Dragonite|0 fnt
|faint|p1b: Dragonite
|-damage|p2b: Susie|0 fnt|[from] Recoil
|faint|p2b: Susie
|
|win|kingambitstan
||kingambitstan is ready for game 2.
||zegabovgc is ready for game 2.
|uhtml|next|Next: Game 2 of 3
