|j|☆roman_legend
|j|☆habeebomarali123
|html|roman_legendhabeebomarali123    
|uhtml|bestof|Game 1 of a best-of-3
|t:|1756858525
|gametype|doubles
|player|p1|roman_legend|102|1092
|player|p2|habeebomarali123|giovanni|1097
|gen|9
|tier|[Gen 9] VGC 2025 Reg H (Bo3)
|rated|
|rule|Species Clause: Limit one of each Pokémon
|rule|Item Clause: Limit 1 of each item
|clearpoke
|poke|p1|Gholdengo, L50|
|poke|p1|Sneasler, L50, M|
|poke|p1|Rillaboom, L50, M|
|poke|p1|Dragonite, L50, M|
|poke|p1|Ninetales-Alola, L50, M|
|poke|p1|Arcanine-Hisui, L50, F|
|poke|p2|Rillaboom, L50, F|
|poke|p2|Volcarona, L50, M|
|poke|p2|Dragonite, L50, M|
|poke|p2|Rotom-Wash, L50|
|poke|p2|Incineroar, L50, M|
|poke|p2|Farigiraf, L50, M|
|teampreview|4
|showteam|p1|Gholdengo||GrassySeed|GoodasGold|NastyPlot,MakeItRain,ShadowBall,Protect||||||50|,,,,,Water]Sneasler||WhiteHerb|Unburden|CloseCombat,DireClaw,Coaching,Protect|||M|||50|,,,,,Ghost]Rillaboom||AssaultVest|GrassySurge|FakeOut,GrassyGlide,DrumBeating,HighHorsepower|||M|||50|,,,,,Fire]Dragonite||LoadedDice|Multiscale|ScaleShot,StompingTantrum,Tailwind,Protect|||M|||50|,,,,,Ground]Ninetales-Alola||FocusSash|SnowWarning|Blizzard,IcyWind,Encore,AuroraVeil|||M|||50|,,,,,Ghost]Arcanine-Hisui||ClearAmulet|Intimidate|RockSlide,FlareBlitz,ExtremeSpeed,Protect|||F|||50|,,,,,Water
|showteam|p2|Rillaboom||AssaultVest|GrassySurge|FakeOut,GrassyGlide,HighHorsepower,WoodHammer|||F|||50|,,,,,Fire]Volcarona||GrassySeed|FlameBody|Protect,QuiverDance,TeraBlast,HeatWave|||M|||50|,,,,,Fairy]Dragonite||LoadedDice|Multiscale|Tailwind,Protect,Haze,ScaleShot|||M|||50|,,,,,Fairy]Rotom-Wash||ChoiceScarf|Levitate|HydroPump,WillOWisp,VoltSwitch,Thunderbolt||||||50|,,,,,Electric]Incineroar||SitrusBerry|Intimidate|FakeOut,KnockOff,PartingShot,LowKick|||M|||50|,,,,,Ghost]Farigiraf||ThroatSpray|ArmorTail|Protect,HyperVoice,Imprison,Psychic|||M|||50|,,,,,Fairy
|inactive|Battle timer is ON: inactive players will automatically lose when time's up. (requested by roman_legend)
|inactive|roman_legend has 60 seconds left.
|
|t:|1756858620
|teamsize|p1|4
|teamsize|p2|4
|start
|switch|p1a: Gholdengo|Gholdengo, L50, shiny|100/100
|switch|p1b: Ninetales|Ninetales-Alola, L50, M|100/100
|switch|p2a: Rillaboom|Rillaboom, L50, F|100/100
|switch|p2b: Rotom|Rotom-Wash, L50|100/100
|-weather|Snowscape|[from] ability: Snow Warning|[of] p1b: Ninetales
|-fieldstart|move: Grassy Terrain|[from] ability: Grassy Surge|[of] p2a: Rillaboom
|-enditem|p1a: Gholdengo|Grassy Seed
|-boost|p1a: Gholdengo|def|1|[from] item: Grassy Seed
|turn|1
|
|t:|1756858641
|switch|p1b: Rillaboom|Rillaboom, L50, M|100/100
|move|p1a: Gholdengo|Protect|p1a: Gholdengo
|-singleturn|p1a: Gholdengo|Protect
|move|p2a: Rillaboom|Fake Out|p1b: Rillaboom
|-damage|p1b: Rillaboom|87/100
|move|p2b: Rotom|Volt Switch|p1b: Rillaboom
|-resisted|p1b: Rillaboom
|-damage|p1b: Rillaboom|75/100
|
|t:|1756858643
|switch|p2b: Volcarona|Volcarona, L50, M|100/100|[from] Volt Switch
|-enditem|p2b: Volcarona|Grassy Seed
|-boost|p2b: Volcarona|def|1|[from] item: Grassy Seed
|
|-weather|Snowscape|[upkeep]
|-heal|p1b: Rillaboom|81/100|[from] Grassy Terrain
|upkeep
|turn|2
|inactive|roman_legend has 30 seconds left.
|inactive|roman_legend has 20 seconds left.
|inactive|roman_legend has 15 seconds left.
|inactive|roman_legend has 10 seconds left.
|
|t:|1756858693
|switch|p2a: Dragonite|Dragonite, L50, M|100/100
|move|p1b: Rillaboom|Fake Out|p2b: Volcarona
|-damage|p2b: Volcarona|90/100
|move|p1a: Gholdengo|Nasty Plot|p1a: Gholdengo
|-boost|p1a: Gholdengo|spa|2
|cant|p2b: Volcarona|flinch
|
|-weather|Snowscape|[upkeep]
|-heal|p1b: Rillaboom|87/100|[from] Grassy Terrain
|-heal|p2b: Volcarona|97/100|[from] Grassy Terrain
|upkeep
|turn|3
|
|t:|1756858722
|switch|p1b: Arcanine|Arcanine-Hisui, L50, F, shiny|100/100
|-ability|p1b: Arcanine|Intimidate|boost
|-unboost|p2a: Dragonite|atk|1
|-unboost|p2b: Volcarona|atk|1
|-terastallize|p1a: Gholdengo|Water
|move|p1a: Gholdengo|Make It Rain|p2b: Volcarona|[spread] p2a,p2b
|-resisted|p2b: Volcarona
|-damage|p2a: Dragonite|59/100
|-damage|p2b: Volcarona|54/100
|-unboost|p1a: Gholdengo|spa|1
|move|p2a: Dragonite|Haze|p2a: Dragonite
|-clearallboost
|move|p2b: Volcarona|Heat Wave|p1b: Arcanine|[spread] p1a,p1b
|-resisted|p1a: Gholdengo
|-resisted|p1b: Arcanine
|-damage|p1a: Gholdengo|80/100
|-damage|p1b: Arcanine|87/100
|
|-weather|Snowscape|[upkeep]
|-heal|p1b: Arcanine|93/100|[from] Grassy Terrain
|-heal|p1a: Gholdengo|86/100|[from] Grassy Terrain
|-heal|p2b: Volcarona|60/100|[from] Grassy Terrain
|upkeep
|turn|4
|inactive|roman_legend has 30 seconds left.
|
|t:|1756858750
|move|p1b: Arcanine|Rock Slide|p2b: Volcarona|[spread] p2a,p2b
|-supereffective|p2a: Dragonite
|-supereffective|p2b: Volcarona
|-damage|p2a: Dragonite|9/100
|-damage|p2b: Volcarona|0 fnt
|faint|p2b: Volcarona
|move|p1a: Gholdengo|Make It Rain|p2a: Dragonite
|-damage|p2a: Dragonite|0 fnt
|-unboost|p1a: Gholdengo|spa|1
|faint|p2a: Dragonite
|
|-weather|Snowscape|[upkeep]
|-heal|p1b: Arcanine|99/100|[from] Grassy Terrain
|-heal|p1a: Gholdengo|93/100|[from] Grassy Terrain
|upkeep
|inactive|habeebomarali123 has 30 seconds left.
|
|t:|1756858784
|switch|p2a: Rillaboom|Rillaboom, L50, F|100/100
|switch|p2b: Rotom|Rotom-Wash, L50|100/100
|turn|5
|
|t:|1756858803
|move|p1b: Arcanine|Protect|p1b: Arcanine
|-singleturn|p1b: Arcanine|Protect
|move|p1a: Gholdengo|Protect|p1a: Gholdengo
|-singleturn|p1a: Gholdengo|Protect
|move|p2a: Rillaboom|Grassy Glide|p1b: Arcanine
|-activate|p1b: Arcanine|move: Protect
|move|p2b: Rotom|Thunderbolt|p1a: Gholdengo
|-activate|p1a: Gholdengo|move: Protect
|
|-weather|none
|-heal|p1b: Arcanine|100/100|[from] Grassy Terrain
|-heal|p1a: Gholdengo|99/100|[from] Grassy Terrain
|-fieldend|move: Grassy Terrain
|upkeep
|turn|6
|
|t:|1756858814
|switch|p1a: Rillaboom|Rillaboom, L50, M|87/100
|-fieldstart|move: Grassy Terrain|[from] ability: Grassy Surge|[of] p1a: Rillaboom
|move|p2b: Rotom|Thunderbolt|p1a: Rillaboom
|-resisted|p1a: Rillaboom
|-damage|p1a: Rillaboom|70/100
|move|p1b: Arcanine|Flare Blitz|p2a: Rillaboom
|-supereffective|p2a: Rillaboom
|-damage|p2a: Rillaboom|0 fnt
|faint|p2a: Rillaboom
|-damage|p1b: Arcanine|61/100|[from] Recoil
|
|-heal|p1b: Arcanine|67/100|[from] Grassy Terrain
|-heal|p1a: Rillaboom|76/100|[from] Grassy Terrain
|upkeep
|turn|7
|-message|habeebomarali123 forfeited.
|
|win|roman_legend
||habeebomarali123 is ready for game 2.
||roman_legend is ready for game 2.
|uhtml|next|Next: Game 2 of 3
