|j|☆curios d'arte
|j|☆Moonman155
|html|curios d'arteMoonman155    
|uhtml|bestof|Game 2 of a best-of-3
|t:|1756747512
|gametype|doubles
|player|p1|curios d'arte|miku-ghost|
|player|p2|Moonman155|170|
|gen|9
|tier|[Gen 9] VGC 2025 Reg H (Bo3)
|rule|Species Clause: Limit one of each Pokémon
|rule|Item Clause: Limit 1 of each item
|clearpoke
|poke|p1|Torkoal, L50, F|
|poke|p1|Crabominable, L50, F|
|poke|p1|Reuniclus, L50, M|
|poke|p1|Indeedee-F, L50, F|
|poke|p1|Bisharp, L50, F|
|poke|p1|Scrafty, L50, F|
|poke|p2|Bellibolt, L50, F|
|poke|p2|Pelipper, L50, M|
|poke|p2|Floatzel, L50, M|
|poke|p2|Amoonguss, L50, M|
|poke|p2|Bisharp, L50, F|
|poke|p2|Toxicroak, L50, M|
|teampreview|4
|showteam|p1|Torkoal||Charcoal|Drought|EarthPower,Eruption,Protect,Flamethrower|||F|||50|,,,,,Fire]Crabominable||ClearAmulet|IronFist|IceHammer,Protect,DrainPunch,ThunderPunch|||F|||50|,,,,,Water]Reuniclus||TwistedSpoon|Overcoat|ExpandingForce,TrickRoom,Protect,FocusBlast|||M|||50|,,,,,Fighting]Indeedee-F||SafetyGoggles|OwnTempo|TrickRoom,FollowMe,Psychic,HelpingHand|||F|||50|,,,,,Water]Bisharp||Eviolite|Defiant|SuckerPunch,IronHead,Protect,ThroatChop|||F|||50|,,,,,Fairy]Scrafty||CovertCloak|Intimidate|Coaching,KnockOff,SuperFang,FakeOut|||F|||50|,,,,,Grass
|showteam|p2|Bellibolt||AssaultVest|Electromorphosis|Thunder,MuddyWater,SuckerPunch,Electroweb|||F|||50|,,,,,Electric]Pelipper||FocusSash|Drizzle|Tailwind,WeatherBall,Hurricane,Protect|||M|||50|,,,,,Grass]Floatzel||ChoiceBand|SwiftSwim|FlipTurn,IceSpinner,WaveCrash,Crunch|||M|||50|,,,,,Water]Amoonguss||RockyHelmet|Regenerator|PollenPuff,RagePowder,Spore,Protect|||M|||50|,,,,,Ghost]Bisharp||Eviolite|Defiant|SuckerPunch,IronHead,Protect,SwordsDance|||F|||50|,,,,,Ghost]Toxicroak||SitrusBerry|DrySkin|FakeOut,DrainPunch,SwordsDance,PoisonJab|||M|||50|,,,,,Dark
|inactive|Battle timer is ON: inactive players will automatically lose when time's up. (requested by Moonman155)
|inactive|curios d'arte also wants the timer to be on.
|inactive|curios d'arte has 60 seconds left.
|inactive|Moonman155 has 60 seconds left.
|
|t:|1756747572
|teamsize|p1|4
|teamsize|p2|4
|start
|switch|p1a: Indeedee|Indeedee-F, L50, F|100/100
|switch|p1b: Crabominable|Crabominable, L50, F|100/100
|switch|p2a: Floatzel|Floatzel, L50, M|100/100
|switch|p2b: Bisharp|Bisharp, L50, F|100/100
|turn|1
|
|t:|1756747593
|switch|p2b: Bellibolt|Bellibolt, L50, F|100/100
|move|p2a: Floatzel|Crunch|p1a: Indeedee
|-supereffective|p1a: Indeedee
|-damage|p1a: Indeedee|23/100
|move|p1b: Crabominable|Thunder Punch|p2a: Floatzel
|-supereffective|p2a: Floatzel
|-damage|p2a: Floatzel|0 fnt
|faint|p2a: Floatzel
|move|p1a: Indeedee|Trick Room|p1a: Indeedee
|-fieldstart|move: Trick Room|[of] p1a: Indeedee
|
|upkeep
|
|t:|1756747610
|switch|p2a: Bisharp|Bisharp, L50, F|100/100
|turn|2
|inactive|curios d'arte has 30 seconds left.
|inactive|curios d'arte has 20 seconds left.
|inactive|curios d'arte has 15 seconds left.
|inactive|curios d'arte has 10 seconds left.
|
|t:|1756747660
|-terastallize|p2a: Bisharp|Ghost
|move|p1a: Indeedee|Follow Me|p1a: Indeedee
|-singleturn|p1a: Indeedee|move: Follow Me
|move|p2b: Bellibolt|Muddy Water|p1b: Crabominable|[spread] p1b
|-miss|p2b: Bellibolt|p1a: Indeedee
|-damage|p1b: Crabominable|72/100
|move|p1b: Crabominable|Ice Hammer|p2b: Bellibolt
|-damage|p2b: Bellibolt|38/100
|-unboost|p1b: Crabominable|spe|1
|-start|p2b: Bellibolt|Charge|Ice Hammer|[from] ability: Electromorphosis
|move|p2a: Bisharp|Iron Head|p1a: Indeedee
|-damage|p1a: Indeedee|0 fnt
|faint|p1a: Indeedee
|
|upkeep
|
|t:|1756747675
|switch|p1a: Bisharp|Bisharp, L50, F|100/100
|turn|3
|inactive|curios d'arte has 30 seconds left.
|inactive|curios d'arte has 20 seconds left.
|inactive|Moonman155 has 30 seconds left.
|inactive|curios d'arte has 15 seconds left.
|inactive|curios d'arte has 10 seconds left.
|inactive|Moonman155 has 20 seconds left.
|
|t:|1756747725
|-terastallize|p1b: Crabominable|Water
|move|p2a: Bisharp|Protect|p2a: Bisharp
|-singleturn|p2a: Bisharp|Protect
|move|p1a: Bisharp|Sucker Punch||[still]
|-fail|p1a: Bisharp
|move|p1b: Crabominable|Drain Punch|p2b: Bellibolt
|-damage|p2b: Bellibolt|0 fnt
|-heal|p1b: Crabominable|92/100|[from] drain|[of] p2b: Bellibolt
|faint|p2b: Bellibolt
|
|upkeep
|
|t:|1756747735
|switch|p2b: Pelipper|Pelipper, L50, M|100/100
|-weather|RainDance|[from] ability: Drizzle|[of] p2b: Pelipper
|turn|4
|inactive|curios d'arte has 30 seconds left.
|
|t:|1756747762
|move|p2a: Bisharp|Sucker Punch|p1b: Crabominable
|-damage|p1b: Crabominable|49/100
|move|p1b: Crabominable|Thunder Punch|p2b: Pelipper
|-supereffective|p2b: Pelipper
|-enditem|p2b: Pelipper|Focus Sash
|-damage|p2b: Pelipper|1/100
|move|p1a: Bisharp|Throat Chop|p2a: Bisharp
|-supereffective|p2a: Bisharp
|-crit|p2a: Bisharp
|-damage|p2a: Bisharp|2/100
|-start|p2a: Bisharp|Throat Chop|[silent]
|move|p2b: Pelipper|Hurricane|p1b: Crabominable
|-damage|p1b: Crabominable|0 fnt
|faint|p1b: Crabominable
|
|-weather|RainDance|[upkeep]
|upkeep
|
|t:|1756747773
|switch|p1b: Torkoal|Torkoal, L50, F|100/100
|-weather|SunnyDay|[from] ability: Drought|[of] p1b: Torkoal
|turn|5
|inactive|curios d'arte has 30 seconds left.
|
|t:|1756747801
|move|p2a: Bisharp|Protect|p2a: Bisharp
|-singleturn|p2a: Bisharp|Protect
|move|p2b: Pelipper|Protect|p2b: Pelipper
|-singleturn|p2b: Pelipper|Protect
|move|p1a: Bisharp|Sucker Punch||[still]
|-fail|p1a: Bisharp
|move|p1b: Torkoal|Eruption|p2a: Bisharp|[spread] 
|-activate|p2a: Bisharp|move: Protect
|-activate|p2b: Pelipper|move: Protect
|
|-weather|SunnyDay|[upkeep]
|-end|p2a: Bisharp|Throat Chop|[silent]
|-fieldend|move: Trick Room
|upkeep
|turn|6
|
|t:|1756747820
|move|p2a: Bisharp|Sucker Punch|p1b: Torkoal
|-damage|p1b: Torkoal|73/100
|move|p1a: Bisharp|Sucker Punch|p2b: Pelipper
|-damage|p2b: Pelipper|0 fnt
|faint|p2b: Pelipper
|move|p1b: Torkoal|Eruption|p2a: Bisharp
|-damage|p2a: Bisharp|0 fnt
|faint|p2a: Bisharp
|
|win|curios d'arte
||curios d'arte is ready for game 3.
|inactive|Moonman155 has 30 seconds to confirm battle start!
||Moonman155 is ready for game 3.
|uhtml|next|Next: Game 3 of 3
|l|☆Moonman155
|player|p2|
