|j|☆plata_0007
|j|☆GoyoTraineador
|html|plata_0007GoyoTraineador    
|uhtml|bestof|Game 1 of a best-of-3
|t:|1786164254
|gametype|doubles
|player|p1|plata_0007|veteranf|
|player|p2|GoyoTraineador|guitarist|
|gen|9
|tier|[Gen 9 Champions] VGC 2026 Reg M-B (Bo3)
|rule|Species Clause: Limit one of each Pokémon
|rule|Item Clause: Limit 1 of each item
|clearpoke
|poke|p1|Gengar, L50, F, shiny|
|poke|p1|Politoed, L50, F|
|poke|p1|Incineroar, L50, M|
|poke|p1|Kingambit, L50, M|
|poke|p1|Sylveon, L50, F|
|poke|p1|Dragonite, L50, M|
|poke|p2|Metagross, L50, shiny|
|poke|p2|Vivillon-Marine, L50, F, shiny|
|poke|p2|Sylveon, L50, F|
|poke|p2|Garchomp, L50, M, shiny|
|poke|p2|Incineroar, L50, M, shiny|
|poke|p2|Kingambit, L50, F, shiny|
|teampreview|4
|showteam|p1|Gengar||Gengarite|CursedBody|IcyWind,Protect,PerishSong,WillOWisp|Timid||F|||50|]Politoed||LifeOrb|Drizzle|PerishSong,WeatherBall,Protect,EarthPower|Timid||F|||50|]Incineroar||SitrusBerry|Intimidate|Protect,WillOWisp,DarkestLariat,FakeOut|Careful||M|||50|]Kingambit||FocusSash|Defiant|LowKick,KowtowCleave,SuckerPunch,Protect|Adamant||M|||50|]Sylveon||FairyFeather|Pixilate|QuickAttack,HyperBeam,HyperVoice,Detect|Calm||F|||50|]Dragonite||Dragoninite|Multiscale|ExtremeSpeed,DragonClaw,Protect,Blizzard|Brave||M|||50|
|showteam|p2|Metagross||Metagrossite|ClearBody|MeteorMash,ThunderPunch,PsychicFangs,Protect|Jolly|||||50|]Vivillon-Marine||FocusSash|FriendGuard|Hurricane,GigaDrain,SleepPowder,Tailwind|Timid||F|||50|]Sylveon||LifeOrb|Pixilate|HyperVoice,QuickAttack,Detect,ShadowBall|Calm||F|||50|]Garchomp||Garchompite|RoughSkin|RockSlide,DragonClaw,Protect,StompingTantrum|Jolly||M|||50|]Incineroar||SitrusBerry|Intimidate|FakeOut,PartingShot,FlareBlitz,Protect|Careful||M|||50|]Kingambit||MentalHerb|Defiant|LowKick,SuckerPunch,Protect,IronHead|Brave||F|||50|
|inactive|Battle timer is ON: inactive players will automatically lose when time's up. (requested by plata_0007)
|j| MarkPanCP
|inactive|GoyoTraineador has 60 seconds left.
|inactive|plata_0007 has 60 seconds left.
|
|t:|1786164315
|teamsize|p1|4
|teamsize|p2|4
|start
|switch|p1a: Kingambit|Kingambit, L50, M|100/100
|switch|p1b: Politoed|Politoed, L50, F|100/100
|switch|p2a: MetChadGross|Metagross, L50, shiny|100/100
|switch|p2b: Papiloma|Vivillon-Marine, L50, F, shiny|100/100
|-weather|RainDance|[from] ability: Drizzle|[of] p1b: Politoed
|turn|1
|inactive|GoyoTraineador has 30 seconds left.
|
|t:|1786164345
|switch|p1b: Incineroar|Incineroar, L50, M|100/100
|-ability|p1b: Incineroar|Intimidate|boost
|-fail|p2a: MetChadGross|unboost|[from] ability: Clear Body|[of] p2a: MetChadGross
|-unboost|p2b: Papiloma|atk|1
|move|p2a: MetChadGross|Protect|p2a: MetChadGross
|-singleturn|p2a: MetChadGross|Protect
|move|p2b: Papiloma|Giga Drain|p1b: Incineroar
|-resisted|p1b: Incineroar|1
|-damage|p1b: Incineroar|92/100
|move|p1a: Kingambit|Kowtow Cleave|p2a: MetChadGross
|-activate|p2a: MetChadGross|move: Protect
|
|-weather|RainDance|[upkeep]
|upkeep
|turn|2
|
|t:|1786164370
|switch|p2a: HoraDeGarchar|Garchomp, L50, M, shiny|100/100
|move|p1b: Incineroar|Fake Out|p2b: Papiloma
|-damage|p2b: Papiloma|79/100
|cant|p2b: Papiloma|flinch
|move|p1a: Kingambit|Kowtow Cleave|p2a: HoraDeGarchar
|-damage|p2a: HoraDeGarchar|60/100
|-damage|p1a: Kingambit|87/100|[from] ability: Rough Skin|[of] p2a: HoraDeGarchar
|
|-weather|RainDance|[upkeep]
|upkeep
|turn|3
|inactive|plata_0007 has 30 seconds left.
|inactive|GoyoTraineador has 30 seconds left.
|inactive|GoyoTraineador has 20 seconds left.
|
|t:|1786164409
|switch|p1a: Dragonite|Dragonite, L50, M|100/100
|detailschange|p2a: HoraDeGarchar|Garchomp-Mega, L50, M, shiny
|-mega|p2a: HoraDeGarchar|Garchomp|Garchompite
|move|p2a: HoraDeGarchar|Rock Slide|p1b: Incineroar|[spread] p1a,p1b
|-supereffective|p1a: Dragonite|1
|-supereffective|p1b: Incineroar|1
|-damage|p1a: Dragonite|76/100
|-damage|p1b: Incineroar|49/100
|-enditem|p1b: Incineroar|Sitrus Berry|[eat]
|-heal|p1b: Incineroar|73/100|[from] item: Sitrus Berry
|move|p2b: Papiloma|Tailwind|p2b: Papiloma
|-sidestart|p2: GoyoTraineador|move: Tailwind
|move|p1b: Incineroar|Will-O-Wisp|p2a: HoraDeGarchar
|-status|p2a: HoraDeGarchar|brn
|
|-weather|RainDance|[upkeep]
|-damage|p2a: HoraDeGarchar|54/100 brn|[from] brn
|upkeep
|turn|4
|inactive|plata_0007 has 30 seconds left.
|inactive|plata_0007 has 20 seconds left.
|inactive|plata_0007 has 15 seconds left.
|
|t:|1786164451
|detailschange|p1a: Dragonite|Dragonite-Mega, L50, M
|-mega|p1a: Dragonite|Dragonite|Dragoninite
|move|p1a: Dragonite|Protect|p1a: Dragonite
|-singleturn|p1a: Dragonite|Protect
|move|p2a: HoraDeGarchar|Dragon Claw|p1a: Dragonite
|-activate|p1a: Dragonite|move: Protect
|move|p2b: Papiloma|Sleep Powder|p1b: Incineroar
|-status|p1b: Incineroar|slp|[from] move: Sleep Powder
|cant|p1b: Incineroar|slp
|
|-weather|RainDance|[upkeep]
|-damage|p2a: HoraDeGarchar|48/100 brn|[from] brn
|upkeep
|turn|5
|inactive|GoyoTraineador has 30 seconds left.
|inactive|GoyoTraineador has 20 seconds left.
|inactive|GoyoTraineador has 15 seconds left.
|inactive|GoyoTraineador has 10 seconds left.
|
|t:|1786164499
|switch|p1a: Politoed|Politoed, L50, F|100/100
|move|p2a: HoraDeGarchar|Rock Slide|p1a: Politoed|[spread] 
|-miss|p2a: HoraDeGarchar|p1a: Politoed
|-miss|p2a: HoraDeGarchar|p1b: Incineroar
|move|p2b: Papiloma|Hurricane|p1b: Incineroar
|-damage|p1b: Incineroar|42/100 slp
|-curestatus|p1b: Incineroar|slp|[msg]
|move|p1b: Incineroar|Darkest Lariat|p2b: Papiloma
|-damage|p2b: Papiloma|17/100
|
|-weather|none
|-damage|p2a: HoraDeGarchar|42/100 brn|[from] brn
|upkeep
|turn|6
|c|☆GoyoTraineador|XD
|inactive|plata_0007 has 30 seconds left.
|inactive|GoyoTraineador has 30 seconds left.
|inactive|GoyoTraineador has 20 seconds left.
|inactive|GoyoTraineador has 15 seconds left.
|inactive|GoyoTraineador has 10 seconds left.
|
|t:|1786164552
|move|p1a: Politoed|Protect|p1a: Politoed
|-singleturn|p1a: Politoed|Protect
|move|p2a: HoraDeGarchar|Dragon Claw|p1b: Incineroar
|-damage|p1b: Incineroar|18/100
|move|p2b: Papiloma|Giga Drain|p1a: Politoed
|-activate|p1a: Politoed|move: Protect
|move|p1b: Incineroar|Darkest Lariat|p2a: HoraDeGarchar
|-damage|p2a: HoraDeGarchar|18/100 brn
|
|-damage|p2a: HoraDeGarchar|12/100 brn|[from] brn
|-sideend|p2: GoyoTraineador|move: Tailwind
|upkeep
|turn|7
|
|t:|1786164574
|switch|p1a: Kingambit|Kingambit, L50, M|87/100
|move|p2a: HoraDeGarchar|Protect|p2a: HoraDeGarchar
|-singleturn|p2a: HoraDeGarchar|Protect
|move|p1b: Incineroar|Protect|p1b: Incineroar
|-singleturn|p1b: Incineroar|Protect
|move|p2b: Papiloma|Hurricane|p1b: Incineroar
|-activate|p1b: Incineroar|move: Protect
|
|-damage|p2a: HoraDeGarchar|7/100 brn|[from] brn
|upkeep
|turn|8
|j| PARKA0327
|
|t:|1786164593
|switch|p1b: Politoed|Politoed, L50, F|100/100
|-weather|RainDance|[from] ability: Drizzle|[of] p1b: Politoed
|move|p1a: Kingambit|Protect|p1a: Kingambit
|-singleturn|p1a: Kingambit|Protect
|move|p2a: HoraDeGarchar|Stomping Tantrum|p1a: Kingambit
|-activate|p1a: Kingambit|move: Protect
|move|p2b: Papiloma|Tailwind|p2b: Papiloma
|-sidestart|p2: GoyoTraineador|move: Tailwind
|
|-weather|RainDance|[upkeep]
|-damage|p2a: HoraDeGarchar|1/100 brn|[from] brn
|upkeep
|turn|9
|l| PARKA0327
|inactive|GoyoTraineador has 30 seconds left.
|
|t:|1786164627
|move|p1b: Politoed|Protect|p1b: Politoed
|-singleturn|p1b: Politoed|Protect
|move|p1a: Kingambit|Sucker Punch|p2a: HoraDeGarchar
|-damage|p2a: HoraDeGarchar|0 fnt
|faint|p2a: HoraDeGarchar
|move|p2b: Papiloma|Sleep Powder|p1b: Politoed
|-activate|p1b: Politoed|move: Protect
|
|-weather|RainDance|[upkeep]
|upkeep
|
|t:|1786164637
|switch|p2a: MetChadGross|Metagross, L50, shiny|100/100
|turn|10
|inactive|plata_0007 has 30 seconds left.
|
|t:|1786164668
|switch|p1b: Incineroar|Incineroar, L50, M|18/100
|-ability|p1b: Incineroar|Intimidate|boost
|-fail|p2a: MetChadGross|unboost|[from] ability: Clear Body|[of] p2a: MetChadGross
|-unboost|p2b: Papiloma|atk|1
|move|p2a: MetChadGross|Protect|p2a: MetChadGross
|-singleturn|p2a: MetChadGross|Protect
|move|p2b: Papiloma|Giga Drain|p1b: Incineroar
|-resisted|p1b: Incineroar|1
|-damage|p1b: Incineroar|10/100
|-heal|p2b: Papiloma|22/100|[from] drain|[of] p1b: Incineroar
|move|p1a: Kingambit|Kowtow Cleave|p2b: Papiloma
|-damage|p2b: Papiloma|0 fnt
|faint|p2b: Papiloma
|
|-weather|RainDance|[upkeep]
|upkeep
|
|t:|1786164683
|switch|p2b: FourLoko|Kingambit, L50, F, shiny|100/100
|turn|11
|inactive|plata_0007 has 30 seconds left.
|
|t:|1786164712
|move|p2a: MetChadGross|Protect||[still]
|-fail|p2a: MetChadGross
|move|p1a: Kingambit|Protect|p1a: Kingambit
|-singleturn|p1a: Kingambit|Protect
|move|p1b: Incineroar|Fake Out|p2b: FourLoko
|-resisted|p2b: FourLoko|1
|-damage|p2b: FourLoko|96/100
|cant|p2b: FourLoko|flinch
|
|-weather|RainDance|[upkeep]
|-sideend|p2: GoyoTraineador|move: Tailwind
|upkeep
|turn|12
|
|t:|1786164733
|move|p2a: MetChadGross|Thunder Punch|p1b: Incineroar
|-damage|p1b: Incineroar|0 fnt
|faint|p1b: Incineroar
|move|p2b: FourLoko|Low Kick|p1a: Kingambit
|-supereffective|p1a: Kingambit|2
|-damage|p1a: Kingambit|0 fnt
|faint|p1a: Kingambit
|
|-weather|none
|upkeep
|
|t:|1786164739
|switch|p1b: Politoed|Politoed, L50, F|100/100
|switch|p1a: Dragonite|Dragonite-Mega, L50, M|76/100
|-weather|RainDance|[from] ability: Drizzle|[of] p1b: Politoed
|turn|13
|inactive|GoyoTraineador has 30 seconds left.
|
|t:|1786164774
|move|p1a: Dragonite|Protect|p1a: Dragonite
|-singleturn|p1a: Dragonite|Protect
|move|p2b: FourLoko|Protect|p2b: FourLoko
|-singleturn|p2b: FourLoko|Protect
|move|p1b: Politoed|Earth Power|p2a: MetChadGross
|-supereffective|p2a: MetChadGross|1
|-damage|p2a: MetChadGross|28/100
|-damage|p1b: Politoed|90/100|[from] item: Life Orb
|move|p2a: MetChadGross|Meteor Mash|p1a: Dragonite
|-activate|p1a: Dragonite|move: Protect
|
|-weather|RainDance|[upkeep]
|upkeep
|turn|14
|inactive|GoyoTraineador has 30 seconds left.
|inactive|GoyoTraineador has 20 seconds left.
|inactive|plata_0007 has 30 seconds left.
|inactive|GoyoTraineador has 15 seconds left.
|
|t:|1786164818
|move|p1a: Dragonite|Protect||[still]
|-fail|p1a: Dragonite
|move|p2b: FourLoko|Sucker Punch||[still]
|-fail|p2b: FourLoko
|move|p2a: MetChadGross|Meteor Mash|p1a: Dragonite
|-damage|p1a: Dragonite|39/100
|move|p1b: Politoed|Earth Power|p2b: FourLoko
|-supereffective|p2b: FourLoko|1
|-damage|p2b: FourLoko|32/100
|-damage|p1b: Politoed|80/100|[from] item: Life Orb
|
|-weather|RainDance|[upkeep]
|upkeep
|turn|15
|inactive|GoyoTraineador has 30 seconds left.
|inactive|GoyoTraineador has 20 seconds left.
|inactive|plata_0007 has 30 seconds left.
|
|t:|1786164846
|move|p2b: FourLoko|Protect|p2b: FourLoko
|-singleturn|p2b: FourLoko|Protect
|move|p2a: MetChadGross|Thunder Punch|p1b: Politoed
|-supereffective|p1b: Politoed|1
|-crit|p1b: Politoed
|-damage|p1b: Politoed|0 fnt
|faint|p1b: Politoed
|move|p1a: Dragonite|Dragon Claw|p2b: FourLoko
|-activate|p2b: FourLoko|move: Protect
|
|-weather|RainDance|[upkeep]
|upkeep
|turn|16
|inactive|GoyoTraineador has 20 seconds left this turn.
|inactive|GoyoTraineador has 15 seconds left.
|inactive|GoyoTraineador has 10 seconds left.
|inactive|GoyoTraineador has 5 seconds left.
|-message|GoyoTraineador lost due to inactivity.
|
|win|plata_0007
||plata_0007 is ready for game 2.
|inactive|GoyoTraineador has 30 seconds to confirm battle start!
|inactive|GoyoTraineador has 20 seconds to confirm battle start!
|inactive|GoyoTraineador has 10 seconds to confirm battle start!
||GoyoTraineador is ready for game 2.
|uhtml|next|Next: Game 2 of 3
|l| MarkPanCP
|l|☆plata_0007
|player|p1|
