|j|☆Sala335
|j|☆grafitigreifer
|html|Sala335grafitigreifer    
|uhtml|bestof|Game 1 of a best-of-3
|t:|1784365032
|gametype|doubles
|player|p1|Sala335|gambler|
|player|p2|grafitigreifer|hanbei-conquest|
|gen|9
|tier|[Gen 9 Champions] VGC 2026 Reg M-B (Bo3)
|rule|Species Clause: Limit one of each Pokémon
|rule|Item Clause: Limit 1 of each item
|clearpoke
|poke|p1|Mawile, L50, M|
|poke|p1|Houndstone, L50, M|
|poke|p1|Tyranitar, L50, F|
|poke|p1|Incineroar, L50, M|
|poke|p1|Farigiraf, L50, F|
|poke|p1|Kommo-o, L50, M|
|poke|p2|Metagross, L50|
|poke|p2|Eelektross, L50, F|
|poke|p2|Hydreigon, L50, F|
|poke|p2|Garchomp, L50, F|
|poke|p2|Basculegion, L50, M|
|poke|p2|Whimsicott, L50, F|
|teampreview|4
|showteam|p1|Mawile||Mawilite|HyperCutter|PlayRough,IronHead,SuckerPunch,Protect|Brave||M|||50|]Houndstone||LifeOrb|SandRush|LastRespects,BodyPress,WillOWisp,Protect|Impish||M|||50|]Tyranitar||Tyranitarite|SandStream|RockSlide,KnockOff,Protect,HighHorsepower|Adamant||F|||50|]Incineroar||SitrusBerry|Intimidate|FakeOut,Taunt,FlareBlitz,PartingShot|Impish||M|||50|]Farigiraf||MentalHerb|ArmorTail|Protect,TrickRoom,Thunderbolt,Psychic|Bold||F|||50|]Kommo-o||DragonFang|Overcoat|ClangorousSoul,ClangingScales,AuraSphere,Protect|Timid||M|||50|
|showteam|p2|Metagross||Metagrossite|ClearBody|IronHead,PsychicFangs,IcePunch,Protect|Adamant|||||50|]Eelektross||Eelektrossite|Levitate|Thunderbolt,Flamethrower,GigaDrain,Protect|Modest||F|||50|]Hydreigon||ChoiceScarf|Levitate|DracoMeteor,DarkPulse,Snarl,HeatWave|Modest||F|||50|]Garchomp||LifeOrb|RoughSkin|DragonClaw,RockSlide,Earthquake,Protect|Adamant||F|||50|]Basculegion||SitrusBerry|Adaptability|WaveCrash,LastRespects,AquaJet,Protect|Adamant||M|||50|]Whimsicott||FocusSash|Prankster|Moonblast,Protect,Encore,Tailwind|Timid||F|||50|
|c|☆grafitigreifer|gl
|c|☆Sala335|glhf
|
|t:|1784365086
|teamsize|p1|4
|teamsize|p2|4
|start
|switch|p1a: Incineroar|Incineroar, L50, M|100/100
|switch|p1b: Farigiraf|Farigiraf, L50, F|100/100
|switch|p2a: Aali|Eelektross, L50, F|100/100
|switch|p2b: Prankster|Whimsicott, L50, F|100/100
|-ability|p1a: Incineroar|Intimidate|boost
|-unboost|p2a: Aali|atk|1
|-unboost|p2b: Prankster|atk|1
|turn|1
|
|t:|1784365108
|detailschange|p2a: Aali|Eelektross-Mega, L50, F
|-mega|p2a: Aali|Eelektross|Eelektrossite
|move|p2a: Aali|Protect|p2a: Aali
|-singleturn|p2a: Aali|Protect
|move|p2b: Prankster|Moonblast|p1a: Incineroar
|-damage|p1a: Incineroar|72/100
|move|p1a: Incineroar|Parting Shot|p2a: Aali
|-activate|p2a: Aali|move: Protect
|move|p1b: Farigiraf|Trick Room|p1b: Farigiraf
|-fieldstart|move: Trick Room|[of] p1b: Farigiraf
|
|upkeep
|turn|2
|
|t:|1784365125
|switch|p1b: Tyranitar|Tyranitar, L50, F|100/100
|-weather|Sandstorm|[from] ability: Sand Stream|[of] p1b: Tyranitar
|move|p1a: Incineroar|Flare Blitz|p2b: Prankster
|-supereffective|p2b: Prankster|1
|-enditem|p2b: Prankster|Focus Sash
|-damage|p2b: Prankster|1/100
|-damage|p1a: Incineroar|48/100|[from] Recoil
|-enditem|p1a: Incineroar|Sitrus Berry|[eat]
|-heal|p1a: Incineroar|73/100|[from] item: Sitrus Berry
|move|p2a: Aali|Flamethrower|p1a: Incineroar
|-resisted|p1a: Incineroar|1
|-damage|p1a: Incineroar|55/100
|move|p2b: Prankster|Moonblast|p1a: Incineroar
|-damage|p1a: Incineroar|27/100
|
|-weather|Sandstorm|[upkeep]
|-damage|p1a: Incineroar|21/100|[from] Sandstorm
|-damage|p2a: Aali|93/100|[from] Sandstorm
|-damage|p2b: Prankster|0 fnt|[from] Sandstorm
|faint|p2b: Prankster
|upkeep
|
|t:|1784365143
|switch|p2b: Chompingon|Garchomp, L50, F|100/100
|turn|3
|
|t:|1784365162
|move|p1a: Incineroar|Parting Shot|p2b: Chompingon
|-unboost|p2b: Chompingon|atk|1
|-unboost|p2b: Chompingon|spa|1
|
|t:|1784365165
|switch|p1a: Farigiraf|Farigiraf, L50, F|100/100|[from] Parting Shot
|move|p1b: Tyranitar|Rock Slide|p2a: Aali|[spread] p2a,p2b
|-resisted|p2b: Chompingon|1
|-damage|p2a: Aali|55/100
|-damage|p2b: Chompingon|85/100
|cant|p2a: Aali|flinch
|cant|p2b: Chompingon|flinch
|
|-weather|Sandstorm|[upkeep]
|-damage|p1a: Farigiraf|93/100|[from] Sandstorm
|-damage|p2a: Aali|49/100|[from] Sandstorm
|upkeep
|turn|4
|
|t:|1784365192
|switch|p1a: Incineroar|Incineroar, L50, M|21/100
|-ability|p1a: Incineroar|Intimidate|boost
|-unboost|p2a: Aali|atk|1
|-unboost|p2b: Chompingon|atk|1
|move|p1b: Tyranitar|Knock Off|p2a: Aali
|-damage|p2a: Aali|0 fnt
|faint|p2a: Aali
|move|p2b: Chompingon|Earthquake|p1a: Incineroar|[spread] p1a,p1b
|-supereffective|p1a: Incineroar|1
|-crit|p1a: Incineroar
|-supereffective|p1b: Tyranitar|1
|-damage|p1a: Incineroar|0 fnt
|-damage|p1b: Tyranitar|58/100
|faint|p1a: Incineroar
|-damage|p2b: Chompingon|75/100|[from] item: Life Orb
|
|-weather|Sandstorm|[upkeep]
|upkeep
|
|t:|1784365205
|switch|p1a: Farigiraf|Farigiraf, L50, F|93/100
|switch|p2a: Hydrant|Hydreigon, L50, F|100/100
|turn|5
|
|t:|1784365225
|move|p2b: Chompingon|Protect|p2b: Chompingon
|-singleturn|p2b: Chompingon|Protect
|move|p1a: Farigiraf|Psychic|p2b: Chompingon
|-activate|p2b: Chompingon|move: Protect
|move|p1b: Tyranitar|Knock Off|p2b: Chompingon
|-activate|p2b: Chompingon|move: Protect
|move|p2a: Hydrant|Dark Pulse|p1a: Farigiraf
|-supereffective|p1a: Farigiraf|1
|-damage|p1a: Farigiraf|16/100
|
|-weather|Sandstorm|[upkeep]
|-damage|p1a: Farigiraf|10/100|[from] Sandstorm
|-damage|p2a: Hydrant|94/100|[from] Sandstorm
|-fieldend|move: Trick Room
|upkeep
|turn|6
|
|t:|1784365235
|move|p2a: Hydrant|Dark Pulse|p1a: Farigiraf
|-supereffective|p1a: Farigiraf|1
|-damage|p1a: Farigiraf|0 fnt
|faint|p1a: Farigiraf
|move|p2b: Chompingon|Earthquake|p1b: Tyranitar|[spread] p1b
|-immune|p2a: Hydrant|[from] ability: Levitate
|-supereffective|p1b: Tyranitar|1
|-damage|p1b: Tyranitar|15/100
|-damage|p2b: Chompingon|65/100|[from] item: Life Orb
|move|p1b: Tyranitar|Knock Off|p2b: Chompingon
|-damage|p2b: Chompingon|17/100
|-damage|p1b: Tyranitar|3/100|[from] ability: Rough Skin|[of] p2b: Chompingon
|-enditem|p2b: Chompingon|Life Orb|[from] move: Knock Off|[of] p1b: Tyranitar
|
|-weather|none
|upkeep
|
|t:|1784365238
|switch|p1a: Mawile|Mawile, L50, M|100/100
|turn|7
|
|t:|1784365257
|detailschange|p1a: Mawile|Mawile-Mega, L50, M
|-mega|p1a: Mawile|Mawile|Mawilite
|move|p2b: Chompingon|Protect|p2b: Chompingon
|-singleturn|p2b: Chompingon|Protect
|move|p1b: Tyranitar|Protect|p1b: Tyranitar
|-singleturn|p1b: Tyranitar|Protect
|move|p2a: Hydrant|Dark Pulse|p1b: Tyranitar
|-activate|p1b: Tyranitar|move: Protect
|move|p1a: Mawile|Play Rough|p2a: Hydrant
|-supereffective|p2a: Hydrant|2
|-damage|p2a: Hydrant|0 fnt
|faint|p2a: Hydrant
|
|upkeep
|turn|8
|
|t:|1784365271
|move|p1a: Mawile|Sucker Punch|p2b: Chompingon
|-damage|p2b: Chompingon|0 fnt
|-damage|p1a: Mawile|87/100|[from] ability: Rough Skin|[of] p2b: Chompingon
|faint|p2b: Chompingon
|
|win|Sala335
||grafitigreifer is ready for game 2.
||Sala335 is ready for game 2.
|uhtml|next|Next: Game 2 of 3
|l|☆grafitigreifer
|player|p2|
