|j|☆maviuc
|j|☆The.JuanMa
|html|maviucThe.JuanMa    
|uhtml|bestof|Game 1 of a best-of-3
|t:|1784312200
|gametype|doubles
|player|p1|maviuc|elesa|1059
|player|p2|The.JuanMa|102|1080
|gen|9
|tier|[Gen 9 Champions] VGC 2026 Reg M-B (Bo3)
|rated|
|rule|Species Clause: Limit one of each Pokémon
|rule|Item Clause: Limit 1 of each item
|clearpoke
|poke|p1|Charizard, L50, F|
|poke|p1|Incineroar, L50, M|
|poke|p1|Sylveon, L50, M|
|poke|p1|Farigiraf, L50, F|
|poke|p1|Garchomp, L50, F|
|poke|p1|Aerodactyl, L50, M|
|poke|p2|Whimsicott, L50, M, shiny|
|poke|p2|Floette-Eternal, L50, F|
|poke|p2|Charizard, L50, M, shiny|
|poke|p2|Basculegion, L50, M|
|poke|p2|Glimmora, L50, M, shiny|
|poke|p2|Garchomp, L50, F|
|teampreview|4
|showteam|p1|Charizard||CharizarditeY|Blaze|HeatWave,WeatherBall,SolarBeam,Protect|Modest||F|||50|]Incineroar||Charcoal|Intimidate|FlareBlitz,DarkestLariat,FakeOut,PartingShot|Brave||M|||50|]Sylveon||FairyFeather|Pixilate|HyperVoice,Yawn,QuickAttack,Protect|Modest||M|||50|]Farigiraf||SitrusBerry|ArmorTail|Psyshock,HelpingHand,TrickRoom,Protect|Calm||F|||50|]Garchomp||LifeOrb|RoughSkin|Earthquake,Protect,DragonClaw,StompingTantrum|Jolly||F|||50|]Aerodactyl||FocusSash|Unnerve|RockSlide,Tailwind,WideGuard,Protect|Jolly||M|||50|
|showteam|p2|Whimsicott||FairyFeather|Prankster|Protect,Encore,Tailwind,Moonblast|Timid||M|||50|]Floette-Eternal||Floettite|FlowerVeil|Moonblast,DazzlingGleam,LightofRuin,Protect|Modest||F|||50|]Charizard||CharizarditeY|Blaze|Protect,HeatWave,SolarBeam,WeatherBall|Modest||M|||50|]Basculegion||ColburBerry|Adaptability|Protect,WaveCrash,LastRespects,AquaJet|Adamant||M|||50|]Glimmora||FocusSash|ToxicDebris|SpikyShield,PowerGem,SludgeBomb,EarthPower|Modest||M|||50|]Garchomp||SitrusBerry|RoughSkin|StompingTantrum,DragonClaw,Earthquake,Protect|Adamant||F|||50|
|inactive|Battle timer is ON: inactive players will automatically lose when time's up. (requested by The.JuanMa)
|inactive|maviuc has 60 seconds left.
|inactive|maviuc has 30 seconds left.
|inactive|maviuc has 20 seconds left.
|
|t:|1784312328
|teamsize|p1|4
|teamsize|p2|4
|start
|switch|p1a: Aerodactyl|Aerodactyl, L50, M|100/100
|switch|p1b: Garchomp|Garchomp, L50, F|100/100
|switch|p2a: Hadita|Floette-Eternal, L50, F|100/100
|switch|p2b: Salmoni|Basculegion, L50, M|100/100
|-ability|p1a: Aerodactyl|Unnerve
|turn|1
|
|t:|1784312353
|detailschange|p2a: Hadita|Floette-Mega, L50, F
|-mega|p2a: Hadita|Floette|Floettite
|-ability|p2a: Hadita|Fairy Aura
|move|p1a: Aerodactyl|Rock Slide|p2b: Salmoni|[spread] p2a,p2b
|-damage|p2a: Hadita|70/100
|-damage|p2b: Salmoni|66/100
|move|p1b: Garchomp|Earthquake|p2a: Hadita|[spread] p2a,p2b
|-immune|p1a: Aerodactyl
|-damage|p2a: Hadita|13/100
|-damage|p2b: Salmoni|0 fnt
|faint|p2b: Salmoni
|-damage|p1b: Garchomp|90/100|[from] item: Life Orb
|move|p2a: Hadita|Dazzling Gleam|p1b: Garchomp|[spread] p1a,p1b
|-supereffective|p1b: Garchomp|1
|-damage|p1a: Aerodactyl|29/100
|-damage|p1b: Garchomp|0 fnt
|faint|p1b: Garchomp
|
|upkeep
|inactive|maviuc has 30 seconds left.
|inactive|maviuc has 20 seconds left.
|inactive|maviuc has 15 seconds left.
|inactive|maviuc has 10 seconds left.
|
|t:|1784312400
|switch|p1b: Incineroar|Incineroar, L50, M|100/100
|switch|p2b: Algodoncio|Whimsicott, L50, M, shiny|100/100
|-ability|p1b: Incineroar|Intimidate|boost
|-unboost|p2a: Hadita|atk|1
|-unboost|p2b: Algodoncio|atk|1
|turn|2
|
|t:|1784312410
|move|p2b: Algodoncio|Protect|p2b: Algodoncio
|-singleturn|p2b: Algodoncio|Protect
|move|p2a: Hadita|Protect|p2a: Hadita
|-singleturn|p2a: Hadita|Protect
|move|p1b: Incineroar|Fake Out|p2b: Algodoncio
|-activate|p2b: Algodoncio|move: Protect
|move|p1a: Aerodactyl|Tailwind|p1a: Aerodactyl
|-sidestart|p1: maviuc|move: Tailwind
|
|upkeep
|turn|3
|
|t:|1784312429
|move|p2b: Algodoncio|Tailwind|p2b: Algodoncio
|-sidestart|p2: The.JuanMa|move: Tailwind
|move|p1a: Aerodactyl|Rock Slide|p2b: Algodoncio|[spread] p2a,p2b
|-damage|p2a: Hadita|0 fnt
|-damage|p2b: Algodoncio|68/100
|faint|p2a: Hadita
|move|p1b: Incineroar|Flare Blitz|p2b: Algodoncio
|-supereffective|p2b: Algodoncio|1
|-damage|p2b: Algodoncio|0 fnt
|faint|p2b: Algodoncio
|-damage|p1b: Incineroar|84/100|[from] Recoil
|
|upkeep
|inactive|The.JuanMa has 30 seconds left.
|
|t:|1784312460
|switch|p2b: Alcachofa|Glimmora, L50, M, shiny|100/100
|turn|4
|inactive|maviuc has 30 seconds left.
|inactive|maviuc has 20 seconds left.
|inactive|maviuc has 15 seconds left.
|
|t:|1784312503
|move|p1a: Aerodactyl|Rock Slide|p2b: Alcachofa
|-damage|p2b: Alcachofa|58/100
|-activate|p2b: Alcachofa|ability: Toxic Debris
|-sidestart|p1: maviuc|move: Toxic Spikes
|move|p2b: Alcachofa|Power Gem|p1b: Incineroar
|-supereffective|p1b: Incineroar|1
|-damage|p1b: Incineroar|0 fnt
|faint|p1b: Incineroar
|
|upkeep
|
|t:|1784312510
|switch|p1b: Charizard|Charizard, L50, F|100/100
|turn|5
|
|t:|1784312518
|detailschange|p1b: Charizard|Charizard-Mega-Y, L50, F
|-mega|p1b: Charizard|Charizard|Charizardite Y
|-weather|SunnyDay|[from] ability: Drought|[of] p1b: Charizard
|move|p1a: Aerodactyl|Rock Slide|p2b: Alcachofa
|-damage|p2b: Alcachofa|15/100
|-activate|p2b: Alcachofa|ability: Toxic Debris
|-sidestart|p1: maviuc|move: Toxic Spikes
|move|p1b: Charizard|Solar Beam||[still]
|-prepare|p1b: Charizard|Solar Beam
|-anim|p1b: Charizard|Solar Beam|p2b: Alcachofa
|-damage|p2b: Alcachofa|0 fnt
|faint|p2b: Alcachofa
|
|win|maviuc
||The.JuanMa is ready for game 2.
||maviuc is ready for game 2.
|uhtml|next|Next: Game 2 of 3
|l|☆The.JuanMa
|player|p2|
