|j|☆Joker113
|j|☆annadaromavgc
|html|Joker113annadaromavgc    
|uhtml|bestof|Game 1 of a best-of-3
|t:|1783430679
|gametype|doubles
|player|p1|Joker113|101|1327
|player|p2|annadaromavgc|harlequin|1364
|gen|9
|tier|[Gen 9 Champions] VGC 2026 Reg M-B (Bo3)
|rated|
|rule|Species Clause: Limit one of each Pokémon
|rule|Item Clause: Limit 1 of each item
|clearpoke
|poke|p1|Basculegion, L50, M|
|poke|p1|Maushold, L50|
|poke|p1|Venusaur, L50, F|
|poke|p1|Whimsicott, L50, F|
|poke|p1|Charizard, L50, M|
|poke|p1|Sneasler, L50, M|
|poke|p2|Blastoise, L50, M|
|poke|p2|Delphox, L50, M|
|poke|p2|Sneasler, L50, M|
|poke|p2|Incineroar, L50, M|
|poke|p2|Sinistcha, L50|
|poke|p2|Kingambit, L50, M|
|teampreview|4
|showteam|p1|Basculegion||MysticWater|Adaptability|AquaJet,LastRespects,Protect,WaveCrash|Adamant||M|||50|]Maushold||WideLens|Technician|PopulationBomb,FollowMe,ThunderWave,Protect|Adamant|||||50|]Venusaur||LifeOrb|Chlorophyll|SleepPowder,EarthPower,LeafStorm,Protect|Modest||F|||50|]Whimsicott||FocusSash|Prankster|Encore,Endeavor,Moonblast,Tailwind|Modest||F|||50|]Charizard||CharizarditeY|SolarPower|HeatWave,Protect,SolarBeam,WeatherBall|Modest||M|||50|]Sneasler||WhiteHerb|Unburden|CloseCombat,FakeOut,DireClaw,Protect|Adamant||M|||50|
|showteam|p2|Blastoise||Blastoisinite|RainDish|WaterSpout,DarkPulse,ShellSmash,Protect|Modest||M|||50|]Delphox||Delphoxite|Blaze|HeatWave,Psyshock,NastyPlot,Protect|Modest||M|||50|]Sneasler||FocusSash|PoisonTouch|PoisonJab,CloseCombat,FakeOut,QuickGuard|Jolly||M|||50|]Incineroar||SitrusBerry|Intimidate|FlareBlitz,HelpingHand,PartingShot,FakeOut|Careful||M|||50|]Sinistcha||KasibBerry|Hospitality|MatchaGotcha,RagePowder,LifeDew,Protect|Bold|||||50|]Kingambit||BlackGlasses|Defiant|KowtowCleave,SuckerPunch,SwordsDance,Protect|Adamant||M|||50|
|inactive|Battle timer is ON: inactive players will automatically lose when time's up. (requested by annadaromavgc)
|inactive|Joker113 has 60 seconds left.
|l|☆Joker113
|inactive|Joker113 disconnected and has a minute to reconnect!
|player|p1|
|j|☆Joker113
|inactive|Joker113 reconnected and has 40 seconds left.
|player|p1|Joker113|101|
|inactive|Joker113 has 30 seconds left.
|
|t:|1783430746
|teamsize|p1|4
|teamsize|p2|4
|start
|switch|p1a: Whimsicott|Whimsicott, L50, F|100/100
|switch|p1b: Basculegion|Basculegion, L50, M|100/100
|switch|p2a: Delphox|Delphox, L50, M|100/100
|switch|p2b: Incineroar|Incineroar, L50, M|100/100
|-ability|p2b: Incineroar|Intimidate|boost
|-unboost|p1a: Whimsicott|atk|1
|-unboost|p1b: Basculegion|atk|1
|turn|1
|
|t:|1783430765
|switch|p2a: Sinistcha|Sinistcha, L50|100/100
|move|p1a: Whimsicott|Tailwind|p1a: Whimsicott
|-sidestart|p1: Joker113|move: Tailwind
|move|p1b: Basculegion|Wave Crash|p2a: Sinistcha
|-resisted|p2a: Sinistcha|1
|-damage|p2a: Sinistcha|73/100
|-damage|p1b: Basculegion|92/100|[from] Recoil
|move|p2b: Incineroar|Parting Shot|p1b: Basculegion
|-unboost|p1b: Basculegion|atk|1
|-unboost|p1b: Basculegion|spa|1
|
|t:|1783430775
|switch|p2b: Delphox|Delphox, L50, M|100/100|[from] Parting Shot
|
|upkeep
|turn|2
|inactive|Joker113 has 30 seconds left.
|inactive|Joker113 has 20 seconds left.
|
|t:|1783430811
|switch|p1b: Charizard|Charizard, L50, M|100/100
|detailschange|p2b: Delphox|Delphox-Mega, L50, M
|-mega|p2b: Delphox|Delphox|Delphoxite
|move|p1a: Whimsicott|Endeavor|p2b: Delphox
|-damage|p2b: Delphox|78/100
|move|p2b: Delphox|Nasty Plot|p2b: Delphox
|-boost|p2b: Delphox|spa|2
|move|p2a: Sinistcha|Matcha Gotcha|p1b: Charizard|[spread] p1a,p1b
|-resisted|p1a: Whimsicott|1
|-resisted|p1b: Charizard|2
|-damage|p1a: Whimsicott|80/100
|-heal|p2a: Sinistcha|80/100|[from] drain|[of] p1a: Whimsicott
|-damage|p1b: Charizard|92/100
|-heal|p2a: Sinistcha|84/100|[from] drain|[of] p1b: Charizard
|
|upkeep
|turn|3
|
|t:|1783430829
|switch|p2a: Incineroar|Incineroar, L50, M|100/100
|-ability|p2a: Incineroar|Intimidate|boost
|-unboost|p1a: Whimsicott|atk|1
|-unboost|p1b: Charizard|atk|1
|detailschange|p1b: Charizard|Charizard-Mega-Y, L50, M
|-mega|p1b: Charizard|Charizard|Charizardite Y
|-weather|SunnyDay|[from] ability: Drought|[of] p1b: Charizard
|move|p2b: Delphox|Protect|p2b: Delphox
|-singleturn|p2b: Delphox|Protect
|move|p1a: Whimsicott|Encore|p2b: Delphox
|-activate|p2b: Delphox|move: Protect
|move|p1b: Charizard|Heat Wave|p2a: Incineroar|[spread] p2a
|-activate|p2b: Delphox|move: Protect
|-resisted|p2a: Incineroar|1
|-damage|p2a: Incineroar|73/100
|
|-weather|SunnyDay|[upkeep]
|upkeep
|turn|4
|
|t:|1783430851
|move|p2a: Incineroar|Fake Out|p1a: Whimsicott
|-damage|p1a: Whimsicott|62/100
|cant|p1a: Whimsicott|flinch
|move|p1b: Charizard|Weather Ball|p2b: Delphox
|-resisted|p2b: Delphox|1
|-damage|p2b: Delphox|36/100
|move|p2b: Delphox|Psyshock|p1b: Charizard
|-damage|p1b: Charizard|0 fnt
|faint|p1b: Charizard
|
|-weather|SunnyDay|[upkeep]
|-sideend|p1: Joker113|move: Tailwind
|upkeep
|
|t:|1783430867
|switch|p1b: Sneasler|Sneasler, L50, M|100/100
|turn|5
|
|t:|1783430880
|switch|p2a: Sinistcha|Sinistcha, L50|84/100
|-heal|p2b: Delphox|61/100|[from] ability: Hospitality|[of] p2a: Sinistcha
|move|p2b: Delphox|Protect|p2b: Delphox
|-singleturn|p2b: Delphox|Protect
|move|p1b: Sneasler|Fake Out|p2b: Delphox
|-activate|p2b: Delphox|move: Protect
|move|p1a: Whimsicott|Moonblast|p2a: Sinistcha
|-damage|p2a: Sinistcha|47/100
|
|-weather|SunnyDay|[upkeep]
|upkeep
|turn|6
|
|t:|1783430897
|switch|p2b: Incineroar|Incineroar, L50, M|73/100
|-ability|p2b: Incineroar|Intimidate|boost
|-unboost|p1a: Whimsicott|atk|1
|-unboost|p1b: Sneasler|atk|1
|-enditem|p1b: Sneasler|White Herb
|-clearnegativeboost|p1b: Sneasler|[silent]
|move|p1a: Whimsicott|Encore|p2b: Incineroar
|-hint|Since gen 7, Dark is immune to Prankster moves.
|-immune|p2b: Incineroar
|move|p1b: Sneasler|Dire Claw|p2a: Sinistcha
|-damage|p2a: Sinistcha|6/100
|move|p2a: Sinistcha|Matcha Gotcha|p1b: Sneasler|[spread] p1a,p1b
|-resisted|p1a: Whimsicott|1
|-resisted|p1b: Sneasler|1
|-damage|p1a: Whimsicott|42/100
|-heal|p2a: Sinistcha|14/100|[from] drain|[of] p1a: Whimsicott
|-damage|p1b: Sneasler|84/100
|-heal|p2a: Sinistcha|21/100|[from] drain|[of] p1b: Sneasler
|-status|p1b: Sneasler|brn
|
|-weather|SunnyDay|[upkeep]
|-damage|p1b: Sneasler|78/100 brn|[from] brn
|upkeep
|turn|7
|
|t:|1783430919
|switch|p2a: Kingambit|Kingambit, L50, M|100/100
|move|p1a: Whimsicott|Tailwind|p1a: Whimsicott
|-sidestart|p1: Joker113|move: Tailwind
|move|p1b: Sneasler|Close Combat|p2b: Incineroar
|-supereffective|p2b: Incineroar|1
|-damage|p2b: Incineroar|3/100
|-unboost|p1b: Sneasler|def|1
|-unboost|p1b: Sneasler|spd|1
|-enditem|p2b: Incineroar|Sitrus Berry|[eat]
|-heal|p2b: Incineroar|28/100|[from] item: Sitrus Berry
|move|p2b: Incineroar|Flare Blitz|p1b: Sneasler
|-damage|p1b: Sneasler|0 fnt
|faint|p1b: Sneasler
|-damage|p2b: Incineroar|7/100|[from] Recoil
|
|-weather|none
|upkeep
|
|t:|1783430927
|switch|p1b: Basculegion|Basculegion, L50, M|92/100
|turn|8
|
|t:|1783430941
|switch|p2b: Sinistcha|Sinistcha, L50|21/100
|move|p1a: Whimsicott|Endeavor|p2a: Kingambit
|-damage|p2a: Kingambit|28/100
|move|p1b: Basculegion|Wave Crash|p2a: Kingambit
|-damage|p2a: Kingambit|0 fnt
|faint|p2a: Kingambit
|-damage|p1b: Basculegion|83/100|[from] Recoil
|
|upkeep
|
|t:|1783430950
|switch|p2a: Delphox|Delphox-Mega, L50, M|61/100
|turn|9
|
|t:|1783430961
|move|p2b: Sinistcha|Rage Powder|p2b: Sinistcha
|-singleturn|p2b: Sinistcha|move: Rage Powder
|move|p1b: Basculegion|Aqua Jet|p2b: Sinistcha
|-resisted|p2b: Sinistcha|1
|-crit|p2b: Sinistcha
|-damage|p2b: Sinistcha|0 fnt
|faint|p2b: Sinistcha
|move|p1a: Whimsicott|Moonblast|p2a: Delphox
|-resisted|p2a: Delphox|1
|-damage|p2a: Delphox|43/100
|-unboost|p2a: Delphox|spa|1
|move|p2a: Delphox|Heat Wave|p1b: Basculegion|[spread] p1b
|-miss|p2a: Delphox|p1a: Whimsicott
|-resisted|p1b: Basculegion|1
|-damage|p1b: Basculegion|68/100
|
|upkeep
|-message|annadaromavgc forfeited.
|
|win|Joker113
||annadaromavgc is ready for game 2.
