|j|☆reuman
|j|☆andiom123
|html|reumanandiom123    
|uhtml|bestof|Game 2 of a best-of-3
|t:|1784394040
|gametype|doubles
|player|p1|reuman|lucas|1064
|player|p2|andiom123|red|1221
|gen|9
|tier|[Gen 9 Champions] VGC 2026 Reg M-B (Bo3)
|rated|
|rule|Species Clause: Limit one of each Pokémon
|rule|Item Clause: Limit 1 of each item
|clearpoke
|poke|p1|Garchomp, L50, F|
|poke|p1|Basculegion, L50, M|
|poke|p1|Incineroar, L50, F|
|poke|p1|Gengar, L50, F, shiny|
|poke|p1|Goodra-Hisui, L50, M|
|poke|p1|Pidgeot, L50, M|
|poke|p2|Incineroar, L50, M|
|poke|p2|Farigiraf, L50, M|
|poke|p2|Sylveon, L50, M|
|poke|p2|Torkoal, L50, M|
|poke|p2|Kangaskhan, L50, F|
|poke|p2|Mawile, L50, M|
|teampreview|4
|showteam|p1|Garchomp||LifeOrb|RoughSkin|RockSlide,DragonClaw,StompingTantrum,Protect|Jolly||F|||50|]Basculegion||ChoiceScarf|Adaptability|AquaJet,WaveCrash,LastRespects,FlipTurn|Jolly||M|||50|]Incineroar||SitrusBerry|Intimidate|ThroatChop,FlareBlitz,FakeOut,PartingShot|Careful||F|||50|]Gengar||Gengarite|CursedBody|ShadowBall,SludgeWave,WillOWisp,Protect|Timid||F|||50|]Goodra-Hisui||Leftovers|Gooey|DragonPulse,DragonTail,FlashCannon,Thunderbolt|Quiet||M|||50|]Pidgeot||Pidgeotite|KeenEye|Hurricane,Protect,Tailwind,HeatWave|Timid||M|||50|
|showteam|p2|Incineroar||MuscleBand|Intimidate|ThroatChop,FlareBlitz,FakeOut,PartingShot|Brave||M|||50|]Farigiraf||SitrusBerry|ArmorTail|FoulPlay,PsychicNoise,TrickRoom,HelpingHand|Relaxed||M|||50|]Sylveon||FairyFeather|Pixilate|HyperVoice,HyperBeam,Yawn,Detect|Modest||M|||50|]Torkoal||Charcoal|Drought|Eruption,EarthPower,Flamethrower,Protect|Quiet||M|||50|]Kangaskhan||Kangaskhanite|Scrappy|DoubleEdge,FakeOut,IcePunch,HammerArm|Brave||F|||50|]Mawile||Mawilite|HyperCutter|RockSlide,PlayRough,SuckerPunch,Protect|Brave||M|||50|
|inactive|Battle timer is ON: inactive players will automatically lose when time's up. (requested by reuman)
|inactive|reuman has 60 seconds left.
|
|t:|1784394075
|teamsize|p1|4
|teamsize|p2|4
|start
|switch|p1a: Incineroar|Incineroar, L50, F|100/100
|switch|p1b: Basculegion|Basculegion, L50, M|100/100
|switch|p2a: Farigiraf|Farigiraf, L50, M|100/100
|switch|p2b: Incineroar|Incineroar, L50, M|100/100
|-ability|p1a: Incineroar|Intimidate|boost
|-unboost|p2a: Farigiraf|atk|1
|-unboost|p2b: Incineroar|atk|1
|-ability|p2b: Incineroar|Intimidate|boost
|-unboost|p1a: Incineroar|atk|1
|-unboost|p1b: Basculegion|atk|1
|turn|1
|
|t:|1784394089
|move|p1b: Basculegion|Wave Crash|p2b: Incineroar
|-supereffective|p2b: Incineroar|1
|-damage|p2b: Incineroar|0 fnt
|faint|p2b: Incineroar
|-damage|p1b: Basculegion|65/100|[from] Recoil
|move|p1a: Incineroar|Throat Chop|p2a: Farigiraf
|-supereffective|p2a: Farigiraf|1
|-damage|p2a: Farigiraf|69/100
|-start|p2a: Farigiraf|Throat Chop|[silent]
|move|p2a: Farigiraf|Trick Room|p2a: Farigiraf
|-fieldstart|move: Trick Room|[of] p2a: Farigiraf
|
|upkeep
|
|t:|1784394103
|switch|p2b: Torkoal|Torkoal, L50, M|100/100
|-weather|SunnyDay|[from] ability: Drought|[of] p2b: Torkoal
|turn|2
|inactive|reuman has 30 seconds left.
|
|t:|1784394130
|switch|p2a: Sylveon|Sylveon, L50, M|100/100
|move|p2b: Torkoal|Eruption|p1b: Basculegion|[spread] p1a,p1b
|-resisted|p1a: Incineroar|1
|-resisted|p1b: Basculegion|1
|-damage|p1a: Incineroar|68/100
|-damage|p1b: Basculegion|14/100
|move|p1a: Incineroar|Throat Chop|p2b: Torkoal
|-damage|p2b: Torkoal|84/100
|-start|p2b: Torkoal|Throat Chop|[silent]
|move|p1b: Basculegion|Wave Crash|p2b: Torkoal
|-supereffective|p2b: Torkoal|1
|-damage|p2b: Torkoal|48/100
|-damage|p1b: Basculegion|3/100|[from] Recoil
|
|-weather|SunnyDay|[upkeep]
|upkeep
|turn|3
|
|t:|1784394151
|move|p2b: Torkoal|Flamethrower|p1a: Incineroar
|-resisted|p1a: Incineroar|1
|-damage|p1a: Incineroar|43/100
|-enditem|p1a: Incineroar|Sitrus Berry|[eat]
|-heal|p1a: Incineroar|68/100|[from] item: Sitrus Berry
|move|p2a: Sylveon|Hyper Voice|p1b: Basculegion|[spread] p1a,p1b
|-damage|p1a: Incineroar|37/100
|-damage|p1b: Basculegion|0 fnt
|faint|p1b: Basculegion
|move|p1a: Incineroar|Flare Blitz|p2a: Sylveon
|-damage|p2a: Sylveon|55/100
|-damage|p1a: Incineroar|23/100|[from] Recoil
|
|-weather|SunnyDay|[upkeep]
|-end|p2b: Torkoal|Throat Chop|[silent]
|upkeep
|
|t:|1784394165
|switch|p1b: Garchomp|Garchomp, L50, F|100/100
|turn|4
|
|t:|1784394174
|switch|p2b: Farigiraf|Farigiraf, L50, M|69/100
|move|p1b: Garchomp|Protect|p1b: Garchomp
|-singleturn|p1b: Garchomp|Protect
|move|p1a: Incineroar|Flare Blitz|p2a: Sylveon
|-damage|p2a: Sylveon|9/100
|-damage|p1a: Incineroar|8/100|[from] Recoil
|move|p2a: Sylveon|Hyper Voice|p1b: Garchomp|[spread] p1a
|-activate|p1b: Garchomp|move: Protect
|-damage|p1a: Incineroar|0 fnt
|faint|p1a: Incineroar
|
|-weather|SunnyDay|[upkeep]
|upkeep
|
|t:|1784394181
|switch|p1a: Gengar|Gengar, L50, F, shiny|100/100
|turn|5
|
|t:|1784394196
|detailschange|p1a: Gengar|Gengar-Mega, L50, F, shiny
|-mega|p1a: Gengar|Gengar|Gengarite
|move|p1a: Gengar|Protect|p1a: Gengar
|-singleturn|p1a: Gengar|Protect
|move|p2b: Farigiraf|Foul Play|p1b: Garchomp
|-damage|p1b: Garchomp|64/100
|-damage|p2b: Farigiraf|57/100|[from] ability: Rough Skin|[of] p1b: Garchomp
|move|p2a: Sylveon|Hyper Voice|p1b: Garchomp|[spread] p1b
|-activate|p1a: Gengar|move: Protect
|-supereffective|p1b: Garchomp|1
|-damage|p1b: Garchomp|0 fnt
|faint|p1b: Garchomp
|
|-weather|SunnyDay|[upkeep]
|-fieldend|move: Trick Room
|upkeep
|turn|6
|
|t:|1784394217
|move|p1a: Gengar|Sludge Wave|p2a: Sylveon|[spread] p2a,p2b
|-supereffective|p2a: Sylveon|1
|-damage|p2a: Sylveon|0 fnt
|-damage|p2b: Farigiraf|15/100
|-enditem|p2b: Farigiraf|Sitrus Berry|[eat]
|-heal|p2b: Farigiraf|40/100|[from] item: Sitrus Berry
|faint|p2a: Sylveon
|move|p2b: Farigiraf|Trick Room|p2b: Farigiraf
|-fieldstart|move: Trick Room|[of] p2b: Farigiraf
|
|-weather|none
|upkeep
|
|t:|1784394225
|switch|p2a: Torkoal|Torkoal, L50, M|48/100
|-weather|SunnyDay|[from] ability: Drought|[of] p2a: Torkoal
|turn|7
|
|t:|1784394236
|move|p2a: Torkoal|Flamethrower|p1a: Gengar
|-damage|p1a: Gengar|1/100
|move|p2b: Farigiraf|Psychic Noise|p1a: Gengar
|-supereffective|p1a: Gengar|1
|-damage|p1a: Gengar|0 fnt
|faint|p1a: Gengar
|
|win|andiom123
||reuman is ready for game 3.
||andiom123 is ready for game 3.
|uhtml|next|Next: Game 3 of 3
