|j|☆phuc_lamvgc
|j|☆Savitz
|html|phuc_lamvgcSavitz    
|uhtml|bestof|Game 3 of a best-of-3
|t:|1783757929
|gametype|doubles
|player|p1|phuc_lamvgc|miku-ghost|1112
|player|p2|Savitz|102|1106
|gen|9
|tier|[Gen 9 Champions] VGC 2026 Reg M-B (Bo3)
|rated|
|rule|Species Clause: Limit one of each Pokémon
|rule|Item Clause: Limit 1 of each item
|clearpoke
|poke|p1|Raichu, L50, M|
|poke|p1|Sinistcha, L50|
|poke|p1|Ceruledge, L50, M|
|poke|p1|Incineroar, L50, M|
|poke|p1|Milotic, L50, F|
|poke|p1|Ninetales-Alola, L50, M|
|poke|p2|Eelektross, L50, F|
|poke|p2|Zoroark-Hisui, L50, F|
|poke|p2|Scrafty, L50, M|
|poke|p2|Whimsicott, L50, M|
|poke|p2|Gholdengo, L50|
|poke|p2|Garchomp, L50, M|
|teampreview|4
|showteam|p1|Raichu||RaichuniteY|LightningRod|ZapCannon,VoltSwitch,FocusBlast,FakeOut|Timid||M|||50|]Sinistcha||KasibBerry|Hospitality|MatchaGotcha,RagePowder,LifeDew,Protect|Bold|||||50|]Ceruledge||ColburBerry|FlashFire|BitterBlade,ShadowSneak,BulkUp,Protect|Adamant||M|||50|]Incineroar||SitrusBerry|Intimidate|FlareBlitz,ThroatChop,FakeOut,PartingShot|Impish||M|||50|]Milotic||Leftovers|Competitive|MuddyWater,Hypnosis,Coil,Protect|Calm||F|||50|]Ninetales-Alola||FocusSash|SnowWarning|Blizzard,FreezeDry,AuroraVeil,Protect|Timid||M|||50|
|showteam|p2|Eelektross||Eelektrossite|Levitate|Flamethrower,GigaDrain,Thunderbolt,Protect|Modest||F|||50|]Zoroark-Hisui||ChoiceScarf|Illusion|BitterMalice,Psychic,IcyWind,Snarl|Modest||F|||50|]Scrafty||Scraftinite|Intimidate|DrainPunch,FakeOut,Protect,KnockOff|Adamant||M|||50|]Whimsicott||FocusSash|Prankster|Moonblast,Tailwind,Encore,Protect|Timid||M|||50|]Gholdengo||LifeOrb|GoodasGold|MakeItRain,ShadowBall,Protect,PowerGem|Timid|||||50|]Garchomp||SitrusBerry|RoughSkin|DragonClaw,Earthquake,RockTomb,Protect|Jolly||M|||50|
|
|t:|1783757959
|teamsize|p1|4
|teamsize|p2|4
|start
|switch|p1a: Milotic|Milotic, L50, F|100/100
|switch|p1b: Incineroar|Incineroar, L50, M|100/100
|switch|p2a: Eelektross|Eelektross, L50, F|100/100
|switch|p2b: Gholdengo|Gholdengo, L50|100/100
|-ability|p1b: Incineroar|Intimidate|boost
|-unboost|p2a: Eelektross|atk|1
|-unboost|p2b: Gholdengo|atk|1
|turn|1
|
|t:|1783757989
|detailschange|p2a: Eelektross|Eelektross-Mega, L50, F
|-mega|p2a: Eelektross|Eelektross|Eelektrossite
|move|p2b: Gholdengo|Protect|p2b: Gholdengo
|-singleturn|p2b: Gholdengo|Protect
|move|p1b: Incineroar|Fake Out|p2a: Eelektross
|-damage|p2a: Eelektross|88/100
|move|p1a: Milotic|Coil|p1a: Milotic
|-boost|p1a: Milotic|atk|1
|-boost|p1a: Milotic|def|1
|-boost|p1a: Milotic|accuracy|1
|cant|p2a: Eelektross|flinch
|
|upkeep
|turn|2
|
|t:|1783758012
|move|p2b: Gholdengo|Power Gem|p1b: Incineroar
|-supereffective|p1b: Incineroar|1
|-damage|p1b: Incineroar|30/100
|-enditem|p1b: Incineroar|Sitrus Berry|[eat]
|-heal|p1b: Incineroar|55/100|[from] item: Sitrus Berry
|-damage|p2b: Gholdengo|90/100|[from] item: Life Orb
|move|p1a: Milotic|Muddy Water|p2a: Eelektross|[spread] p2a,p2b
|-damage|p2a: Eelektross|61/100
|-damage|p2b: Gholdengo|60/100
|-unboost|p2b: Gholdengo|accuracy|1
|move|p2a: Eelektross|Thunderbolt|p1a: Milotic
|-supereffective|p1a: Milotic|1
|-damage|p1a: Milotic|33/100
|move|p1b: Incineroar|Parting Shot|p2a: Eelektross
|-unboost|p2a: Eelektross|atk|1
|-unboost|p2a: Eelektross|spa|1
|
|t:|1783758026
|switch|p1b: Sinistcha|Sinistcha, L50|100/100|[from] Parting Shot
|-heal|p1a: Milotic|58/100|[from] ability: Hospitality|[of] p1b: Sinistcha
|
|-heal|p1a: Milotic|64/100|[from] item: Leftovers
|upkeep
|turn|3
|
|t:|1783758043
|switch|p2b: Garchomp|Garchomp, L50, M|100/100
|move|p1a: Milotic|Protect|p1a: Milotic
|-singleturn|p1a: Milotic|Protect
|move|p2a: Eelektross|Giga Drain|p1a: Milotic
|-activate|p1a: Milotic|move: Protect
|move|p1b: Sinistcha|Life Dew||[still]|[spread] p1a,p1b
|-heal|p1a: Milotic|89/100
|-fail|p1b: Sinistcha|heal
|
|-heal|p1a: Milotic|95/100|[from] item: Leftovers
|upkeep
|turn|4
|
|t:|1783758059
|switch|p1b: Incineroar|Incineroar, L50, M|55/100
|-ability|p1b: Incineroar|Intimidate|boost
|-unboost|p2a: Eelektross|atk|1
|-unboost|p2b: Garchomp|atk|1
|move|p2b: Garchomp|Rock Tomb|p1a: Milotic
|-damage|p1a: Milotic|87/100
|-unboost|p1a: Milotic|spe|1
|-ability|p1a: Milotic|Competitive|boost
|-boost|p1a: Milotic|spa|2
|move|p2a: Eelektross|Thunderbolt|p1a: Milotic
|-supereffective|p1a: Milotic|1
|-damage|p1a: Milotic|36/100
|move|p1a: Milotic|Muddy Water|p2a: Eelektross|[spread] p2a,p2b
|-crit|p2a: Eelektross
|-damage|p2a: Eelektross|0 fnt
|-damage|p2b: Garchomp|48/100
|-unboost|p2b: Garchomp|accuracy|1
|-enditem|p2b: Garchomp|Sitrus Berry|[eat]
|-heal|p2b: Garchomp|72/100|[from] item: Sitrus Berry
|faint|p2a: Eelektross
|
|-heal|p1a: Milotic|42/100|[from] item: Leftovers
|upkeep
|
|t:|1783758074
|switch|p2a: Gholdengo|Gholdengo, L50|100/100
|turn|5
|
|t:|1783758097
|switch|p1b: Sinistcha|Sinistcha, L50|100/100
|-heal|p1a: Milotic|67/100|[from] ability: Hospitality|[of] p1b: Sinistcha
|move|p1a: Milotic|Protect|p1a: Milotic
|-singleturn|p1a: Milotic|Protect
|move|p2a: Gholdengo|Bitter Malice|p1a: Milotic
|-activate|p1a: Milotic|move: Protect
|move|p2b: Garchomp|Dragon Claw|p1a: Milotic
|-activate|p1a: Milotic|move: Protect
|
|-heal|p1a: Milotic|73/100|[from] item: Leftovers
|upkeep
|turn|6
|
|t:|1783758111
|move|p1b: Sinistcha|Rage Powder|p1b: Sinistcha
|-singleturn|p1b: Sinistcha|move: Rage Powder
|move|p2a: Gholdengo|Bitter Malice|p1b: Sinistcha
|-supereffective|p1b: Sinistcha|1
|-enditem|p1b: Sinistcha|Kasib Berry|[eat]
|-enditem|p1b: Sinistcha|Kasib Berry|[weaken]
|-damage|p1b: Sinistcha|54/100
|-unboost|p1b: Sinistcha|atk|1
|move|p2b: Garchomp|Dragon Claw|p1b: Sinistcha
|-damage|p1b: Sinistcha|32/100
|move|p1a: Milotic|Muddy Water|p2b: Garchomp|[spread] p2a,p2b
|-damage|p2a: Gholdengo|8/100
|-damage|p2b: Garchomp|24/100
|-unboost|p2b: Garchomp|accuracy|1
|replace|p2a: Zoroark|Zoroark-Hisui, L50, F
|-end|p2a: Zoroark|Illusion
|
|-heal|p1a: Milotic|79/100|[from] item: Leftovers
|upkeep
|turn|7
|
|t:|1783758132
|switch|p1b: Incineroar|Incineroar, L50, M|55/100
|-ability|p1b: Incineroar|Intimidate|boost
|-unboost|p2a: Zoroark|atk|1
|-unboost|p2b: Garchomp|atk|1
|move|p2a: Zoroark|Bitter Malice|p1a: Milotic
|-damage|p1a: Milotic|52/100
|-unboost|p1a: Milotic|atk|1
|-ability|p1a: Milotic|Competitive|boost
|-boost|p1a: Milotic|spa|2
|move|p2b: Garchomp|Dragon Claw|p1a: Milotic|[miss]
|-miss|p2b: Garchomp|p1a: Milotic
|move|p1a: Milotic|Muddy Water|p2b: Garchomp|[spread] p2a,p2b
|-damage|p2a: Zoroark|0 fnt
|-damage|p2b: Garchomp|0 fnt
|faint|p2a: Zoroark
|faint|p2b: Garchomp
|
|-heal|p1a: Milotic|58/100|[from] item: Leftovers
|upkeep
|
|t:|1783758142
|switch|p2b: Gholdengo|Gholdengo, L50|60/100
|turn|8
|
|t:|1783758150
|switch|p1b: Sinistcha|Sinistcha, L50|32/100
|-heal|p1a: Milotic|83/100|[from] ability: Hospitality|[of] p1b: Sinistcha
|move|p2b: Gholdengo|Power Gem|p1b: Sinistcha
|-damage|p1b: Sinistcha|0 fnt
|faint|p1b: Sinistcha
|-damage|p2b: Gholdengo|51/100|[from] item: Life Orb
|move|p1a: Milotic|Muddy Water|p2b: Gholdengo
|-damage|p2b: Gholdengo|0 fnt
|faint|p2b: Gholdengo
|
|win|phuc_lamvgc
|raw|phuc_lamvgc's rating: 1112 → 1137(+25 for winning)
|raw|Savitz's rating: 1106 → 1081(-25 for losing)
|l|☆Savitz
|player|p2|
