|j|☆Aeon_Twins
|j|☆Okkito autobusero
|html|Aeon_TwinsOkkito autobusero    
|uhtml|bestof|Game 1 of a best-of-3
|t:|1782509922
|gametype|doubles
|player|p1|Aeon_Twins|n|1246
|player|p2|Okkito autobusero|will|1305
|gen|9
|tier|[Gen 9 Champions] VGC 2026 Reg M-B (Bo3)
|rated|
|rule|Species Clause: Limit one of each Pokémon
|rule|Item Clause: Limit 1 of each item
|clearpoke
|poke|p1|Staraptor, L50, M|
|poke|p1|Sinistcha, L50|
|poke|p1|Mawile, L50, M|
|poke|p1|Torkoal, L50, M|
|poke|p1|Farigiraf, L50, F|
|poke|p1|Pyroar, L50, M|
|poke|p2|Floette-Eternal, L50, F|
|poke|p2|Incineroar, L50, M|
|poke|p2|Sinistcha, L50|
|poke|p2|Ditto, L50|
|poke|p2|Garchomp, L50, F|
|poke|p2|Corviknight, L50, F|
|teampreview|4
|showteam|p1|Staraptor||ChoiceScarf|Intimidate|FinalGambit,CloseCombat,BraveBird,Uturn|Jolly||M|||50|]Sinistcha||SitrusBerry|Hospitality|MatchaGotcha,ShadowBall,RagePowder,TrickRoom|Modest|||||50|]Mawile||Mawilite|Intimidate|IronHead,PlayRough,SuckerPunch,Protect|Brave||M|||50|]Torkoal||Charcoal|Drought|Eruption,HeatWave,EarthPower,Protect|Quiet||M|||50|]Farigiraf||ColburBerry|ArmorTail|Psychic,Thunderbolt,TrickRoom,HelpingHand|Sassy||F|||50|]Pyroar||Pyroarite|Rivalry|Overheat,HyperVoice,HeatWave,Protect|Timid||M|||50|
|showteam|p2|Floette-Eternal||Floettite|FlowerVeil|Protect,DazzlingGleam,CalmMind,DrainingKiss|Modest||F|||50|]Incineroar||Charcoal|Intimidate|FakeOut,FlareBlitz,PartingShot,ThroatChop|Adamant||M|||50|]Sinistcha||KasibBerry|Hospitality|StrengthSap,MatchaGotcha,RagePowder,TrickRoom|Calm|||||50|]Ditto||FocusSash|Imposter|Transform|Timid|||||50|]Garchomp||LifeOrb|RoughSkin|Protect,RockSlide,Earthquake,DragonClaw|Jolly||F|||50|]Corviknight||OccaBerry|MirrorArmor|Tailwind,Roost,BulkUp,BraveBird|Impish||F|||50|
|inactive|Battle timer is ON: inactive players will automatically lose when time's up. (requested by Okkito autobusero)
|inactive|Aeon_Twins has 60 seconds left.
|
|t:|1782509956
|teamsize|p1|4
|teamsize|p2|4
|start
|switch|p1a: Staraptor|Staraptor, L50, M|100/100
|switch|p1b: Pyroar|Pyroar, L50, M|100/100
|switch|p2a: Incineroar|Incineroar, L50, M|100/100
|switch|p2b: Floette|Floette-Eternal, L50, F|100/100
|-ability|p1a: Staraptor|Intimidate|boost
|-unboost|p2a: Incineroar|atk|1
|-unboost|p2b: Floette|atk|1
|-ability|p2a: Incineroar|Intimidate|boost
|-unboost|p1a: Staraptor|atk|1
|-unboost|p1b: Pyroar|atk|1
|turn|1
|
|t:|1782509971
|switch|p1b: Farigiraf|Farigiraf, L50, F|100/100
|move|p2b: Floette|Protect|p2b: Floette
|-singleturn|p2b: Floette|Protect
|move|p1a: Staraptor|Final Gambit|p2b: Floette
|-activate|p2b: Floette|move: Protect
|move|p2a: Incineroar|Parting Shot|p1b: Farigiraf
|-unboost|p1b: Farigiraf|atk|1
|-unboost|p1b: Farigiraf|spa|1
|
|t:|1782509986
|switch|p2a: Garchomp|Garchomp, L50, F|100/100|[from] Parting Shot
|
|upkeep
|turn|2
|inactive|Okkito autobusero has 30 seconds left.
|
|t:|1782510017
|switch|p2b: Ditto|Ditto, L50|100/100
|-transform|p2b: Ditto|p1a: Staraptor|[from] ability: Imposter
|-ability|p2b: Ditto|Intimidate|boost
|-unboost|p1a: Staraptor|atk|1
|-unboost|p1b: Farigiraf|atk|1
|switch|p1b: Pyroar|Pyroar, L50, M|100/100
|move|p1a: Staraptor|Final Gambit|p2a: Garchomp
|-damage|p2a: Garchomp|0 fnt
|faint|p1a: Staraptor
|faint|p2a: Garchomp
|
|upkeep
|inactive|Aeon_Twins has 30 seconds left.
|inactive|Aeon_Twins has 20 seconds left.
|
|t:|1782510056
|switch|p2a: Incineroar|Incineroar, L50, M|100/100
|switch|p1a: Torkoal|Torkoal, L50, M|100/100
|-ability|p2a: Incineroar|Intimidate|boost
|-unboost|p1a: Torkoal|atk|1
|-unboost|p1b: Pyroar|atk|1
|-weather|SunnyDay|[from] ability: Drought|[of] p1a: Torkoal
|turn|3
|
|t:|1782510071
|switch|p2b: Floette|Floette-Eternal, L50, F|100/100
|switch|p1a: Farigiraf|Farigiraf, L50, F|100/100
|move|p1b: Pyroar|Protect|p1b: Pyroar
|-singleturn|p1b: Pyroar|Protect
|move|p2a: Incineroar|Parting Shot|p1b: Pyroar
|-activate|p1b: Pyroar|move: Protect
|
|-weather|SunnyDay|[upkeep]
|upkeep
|turn|4
|
|t:|1782510087
|detailschange|p1b: Pyroar|Pyroar-Mega, L50, M
|-mega|p1b: Pyroar|Pyroar|Pyroarite
|detailschange|p2b: Floette|Floette-Mega, L50, F
|-mega|p2b: Floette|Floette|Floettite
|-ability|p2b: Floette|Fairy Aura
|move|p1a: Farigiraf|Helping Hand|p1b: Pyroar
|-singleturn|p1b: Pyroar|Helping Hand|[of] p1a: Farigiraf
|move|p1b: Pyroar|Heat Wave|p2a: Incineroar|[spread] p2a,p2b
|-resisted|p2a: Incineroar|1
|-damage|p2a: Incineroar|38/100
|-damage|p2b: Floette|11/100
|move|p2b: Floette|Dazzling Gleam|p1b: Pyroar|[spread] p1a,p1b
|-resisted|p1b: Pyroar|1
|-damage|p1a: Farigiraf|63/100
|-damage|p1b: Pyroar|74/100
|move|p2a: Incineroar|Throat Chop|p1a: Farigiraf
|-supereffective|p1a: Farigiraf|1
|-enditem|p1a: Farigiraf|Colbur Berry|[eat]
|-enditem|p1a: Farigiraf|Colbur Berry|[weaken]
|-damage|p1a: Farigiraf|29/100
|-start|p1a: Farigiraf|Throat Chop|[silent]
|
|-weather|SunnyDay|[upkeep]
|upkeep
|turn|5
|
|t:|1782510107
|move|p1a: Farigiraf|Helping Hand|p1b: Pyroar
|-singleturn|p1b: Pyroar|Helping Hand|[of] p1a: Farigiraf
|move|p2b: Floette|Protect|p2b: Floette
|-singleturn|p2b: Floette|Protect
|move|p1b: Pyroar|Heat Wave|p2a: Incineroar|[spread] p2a
|-activate|p2b: Floette|move: Protect
|-resisted|p2a: Incineroar|1
|-damage|p2a: Incineroar|0 fnt
|faint|p2a: Incineroar
|
|-weather|SunnyDay|[upkeep]
|-end|p1a: Farigiraf|Throat Chop|[silent]
|upkeep
|
|t:|1782510109
|switch|p2a: Ditto|Ditto, L50|100/100
|-transform|p2a: Ditto|p1b: Pyroar|[from] ability: Imposter
|turn|6
|
|t:|1782510129
|move|p2b: Floette|Protect||[still]
|-fail|p2b: Floette
|move|p1b: Pyroar|Heat Wave|p2b: Floette|[spread] p2a
|-miss|p1b: Pyroar|p2b: Floette
|-resisted|p2a: Ditto|1
|-damage|p2a: Ditto|49/100
|move|p2a: Ditto|Overheat|p1b: Pyroar|[miss]
|-miss|p2a: Ditto|p1b: Pyroar
|move|p1a: Farigiraf|Psychic|p2a: Ditto
|-damage|p2a: Ditto|2/100
|
|-weather|SunnyDay|[upkeep]
|upkeep
|turn|7
|
|t:|1782510154
|move|p1b: Pyroar|Heat Wave|p2a: Ditto|[spread] p2a,p2b
|-resisted|p2a: Ditto|1
|-crit|p2b: Floette
|-damage|p2a: Ditto|0 fnt
|-damage|p2b: Floette|0 fnt
|faint|p2a: Ditto
|faint|p2b: Floette
|
|win|Aeon_Twins
||Okkito autobusero is ready for game 2.
||Aeon_Twins is ready for game 2.
|uhtml|next|Next: Game 2 of 3
|l|☆Okkito autobusero
|player|p2|
