|j|☆XX_CHEETOBOI_XX
|j|☆EDJPP
|html|XX_CHEETOBOI_XXEDJPP    
|uhtml|bestof|Game 1 of a best-of-3
|t:|1783102876
|gametype|doubles
|player|p1|XX_CHEETOBOI_XX|hilbert|1042
|player|p2|EDJPP|volkner|1063
|gen|9
|tier|[Gen 9 Champions] VGC 2026 Reg M-B (Bo3)
|rated|
|rule|Species Clause: Limit one of each Pokémon
|rule|Item Clause: Limit 1 of each item
|clearpoke
|poke|p1|Metagross, L50, shiny|
|poke|p1|Jolteon, L50, M|
|poke|p1|Ninetales-Alola, L50, M|
|poke|p1|Vivillon, L50, M|
|poke|p1|Blastoise, L50, M|
|poke|p1|Infernape, L50, M|
|poke|p2|Charizard, L50, M|
|poke|p2|Venusaur, L50, M|
|poke|p2|Basculegion, L50, M|
|poke|p2|Farigiraf, L50, M|
|poke|p2|Typhlosion-Hisui, L50, M|
|poke|p2|Sneasler, L50, M|
|teampreview|4
|showteam|p1|Metagross||Metagrossite|ClearBody|MeteorMash,PsychicFangs,BulletPunch,Protect|Adamant|||||50|]Jolteon||Magnet|VoltAbsorb|Electroweb,VoltSwitch,Thunderbolt,Protect|Timid||M|||50|]Ninetales-Alola||LightClay|SnowWarning|AuroraVeil,Blizzard,WeatherBall,DrainingKiss|Timid||M|||50|]Vivillon||MentalHerb|FriendGuard|Tailwind,PollenPuff,RagePowder,Protect|Timid||M|||50|]Blastoise||Blastoisinite|Torrent|WaterSpout,ShellSmash,AuraSphere,Protect|Modest||M|||50|]Infernape||FocusSash|Blaze|UpperHand,FakeOut,FlareBlitz,CloseCombat|Jolly||M|||50|
|showteam|p2|Charizard||CharizarditeY|SolarPower|HeatWave,SolarBeam,WeatherBall,Protect|Modest||M|||50|]Venusaur||Venusaurite|Chlorophyll|GigaDrain,SludgeBomb,EarthPower,SleepPowder|Modest||M|||50|]Basculegion||MysticWater|Adaptability|WaveCrash,AquaJet,LastRespects,Protect|Adamant||M|||50|]Farigiraf||FocusSash|ArmorTail|Roar,Psychic,Thunderbolt,Protect|Quiet||M|||50|]Typhlosion-Hisui||ChoiceScarf|Blaze|Eruption,HeatWave,Overheat,InfernalParade|Timid||M|||50|]Sneasler||WhiteHerb|Unburden|FakeOut,Protect,DireClaw,CloseCombat|Jolly||M|||50|
|inactive|Battle timer is ON: inactive players will automatically lose when time's up. (requested by EDJPP)
|inactive|EDJPP has 60 seconds left.
|
|t:|1783102932
|teamsize|p1|4
|teamsize|p2|4
|start
|switch|p1a: Jolteon|Jolteon, L50, M|100/100
|switch|p1b: Infernape|Infernape, L50, M|100/100
|switch|p2a: Typhlosion|Typhlosion-Hisui, L50, M|100/100
|switch|p2b: Charizard|Charizard, L50, M|100/100
|turn|1
|
|t:|1783102953
|detailschange|p2b: Charizard|Charizard-Mega-Y, L50, M
|-mega|p2b: Charizard|Charizard|Charizardite Y
|-weather|SunnyDay|[from] ability: Drought|[of] p2b: Charizard
|move|p2a: Typhlosion|Eruption|p1b: Infernape|[spread] p1a,p1b
|-resisted|p1b: Infernape|1
|-damage|p1a: Jolteon|0 fnt
|-damage|p1b: Infernape|36/100
|faint|p1a: Jolteon
|move|p1b: Infernape|Flare Blitz|p2a: Typhlosion
|-resisted|p2a: Typhlosion|1
|-damage|p2a: Typhlosion|43/100
|-damage|p1b: Infernape|19/100|[from] Recoil
|move|p2b: Charizard|Heat Wave|p1b: Infernape
|-resisted|p1b: Infernape|1
|-damage|p1b: Infernape|0 fnt
|faint|p1b: Infernape
|
|-weather|SunnyDay|[upkeep]
|upkeep
|c|☆XX_CHEETOBOI_XX|fucking hell
|
|t:|1783102974
|switch|p1a: Blastoise|Blastoise, L50, M|100/100
|switch|p1b: Ninetales|Ninetales-Alola, L50, M|100/100
|-weather|Snowscape|[from] ability: Snow Warning|[of] p1b: Ninetales
|turn|2
|inactive|EDJPP has 30 seconds left.
|
|t:|1783103000
|switch|p2a: Farigiraf|Farigiraf, L50, M|100/100
|move|p1b: Ninetales|Aurora Veil|p1b: Ninetales
|-sidestart|p1: XX_CHEETOBOI_XX|move: Aurora Veil
|move|p2b: Charizard|Solar Beam||[still]
|-prepare|p2b: Charizard|Solar Beam
|move|p1a: Blastoise|Shell Smash|p1a: Blastoise
|-unboost|p1a: Blastoise|def|1
|-unboost|p1a: Blastoise|spd|1
|-boost|p1a: Blastoise|atk|2
|-boost|p1a: Blastoise|spa|2
|-boost|p1a: Blastoise|spe|2
|
|-weather|Snowscape|[upkeep]
|upkeep
|turn|3
|
|t:|1783103013
|detailschange|p1a: Blastoise|Blastoise-Mega, L50, M
|-mega|p1a: Blastoise|Blastoise|Blastoisinite
|move|p1a: Blastoise|Water Spout|p2a: Farigiraf|[spread] p2a,p2b
|-supereffective|p2b: Charizard|1
|-enditem|p2a: Farigiraf|Focus Sash
|-damage|p2a: Farigiraf|1/100
|-damage|p2b: Charizard|0 fnt
|faint|p2b: Charizard
|move|p1b: Ninetales|Blizzard|p2a: Farigiraf
|-damage|p2a: Farigiraf|0 fnt
|faint|p2a: Farigiraf
|
|-weather|Snowscape|[upkeep]
|upkeep
|
|t:|1783103020
|switch|p2b: Basculegion|Basculegion, L50, M|100/100
|switch|p2a: Typhlosion|Typhlosion-Hisui, L50, M|43/100
|turn|4
|
|t:|1783103040
|move|p1a: Blastoise|Water Spout|p2b: Basculegion|[spread] p2a,p2b
|-supereffective|p2a: Typhlosion|1
|-resisted|p2b: Basculegion|1
|-damage|p2a: Typhlosion|0 fnt
|-damage|p2b: Basculegion|31/100
|faint|p2a: Typhlosion
|move|p1b: Ninetales|Blizzard|p2b: Basculegion
|-resisted|p2b: Basculegion|1
|-damage|p2b: Basculegion|13/100
|move|p2b: Basculegion|Last Respects|p1a: Blastoise
|-damage|p1a: Blastoise|0 fnt
|faint|p1a: Blastoise
|
|-weather|Snowscape|[upkeep]
|upkeep
|turn|5
|
|t:|1783103061
|move|p2b: Basculegion|Protect|p2b: Basculegion
|-singleturn|p2b: Basculegion|Protect
|move|p1b: Ninetales|Blizzard|p2b: Basculegion
|-activate|p2b: Basculegion|move: Protect
|
|-weather|Snowscape|[upkeep]
|upkeep
|turn|6
|
|t:|1783103076
|move|p2b: Basculegion|Aqua Jet|p1b: Ninetales
|-damage|p1b: Ninetales|79/100
|move|p1b: Ninetales|Weather Ball|p2b: Basculegion
|-resisted|p2b: Basculegion|1
|-damage|p2b: Basculegion|0 fnt
|faint|p2b: Basculegion
|
|win|XX_CHEETOBOI_XX
||EDJPP is ready for game 2.
