|j|☆NopeGetUSOut
|j|☆blackstorm games
|html|NopeGetUSOutblackstorm games    
|uhtml|bestof|Game 1 of a best-of-3
|t:|1756927094
|gametype|doubles
|player|p1|NopeGetUSOut|265|1155
|player|p2|blackstorm games|266|1208
|gen|9
|tier|[Gen 9] VGC 2025 Reg H (Bo3)
|rated|
|rule|Species Clause: Limit one of each Pokémon
|rule|Item Clause: Limit 1 of each item
|clearpoke
|poke|p1|Ursaluna, L50, F|
|poke|p1|Gholdengo, L50|
|poke|p1|Incineroar, L50, M|
|poke|p1|Amoonguss, L50, M|
|poke|p1|Porygon2, L50|
|poke|p1|Hydreigon, L50, F|
|poke|p2|Dragonite, L50, F|
|poke|p2|Pelipper, L50, F|
|poke|p2|Gholdengo, L50|
|poke|p2|Archaludon, L50, F|
|poke|p2|Sinistcha, L50|
|poke|p2|Ursaluna, L50, F|
|teampreview|4
|showteam|p1|Ursaluna||FlameOrb|Guts|Facade,HeadlongRush,Earthquake,Protect|||F|||50|,,,,,Ghost]Gholdengo||IronPlate|GoodasGold|MakeItRain,ShadowBall,NastyPlot,Protect||||||50|,,,,,Water]Incineroar||SitrusBerry|Intimidate|FlareBlitz,KnockOff,PartingShot,FakeOut|||M|||50|,,,,,Ghost]Amoonguss||CovertCloak|Regenerator|Spore,RagePowder,PollenPuff,Protect|||M|||50|,,,,,Psychic]Porygon2||Eviolite|Download|TeraBlast,IceBeam,Recover,TrickRoom||||||50|,,,,,Fighting]Hydreigon||SafetyGoggles|Levitate|DracoMeteor,Snarl,Tailwind,Protect|||F|||50|,,,,,Ghost
|showteam|p2|Dragonite||LoadedDice|Multiscale|ScaleShot,Tailwind,Haze,Protect|||F|||50|,,,,,Fairy]Pelipper||FocusSash|Drizzle|Hurricane,Tailwind,WeatherBall,Protect|||F|||50|,,,,,Ghost]Gholdengo||LifeOrb|GoodasGold|MakeItRain,ShadowBall,NastyPlot,Protect||||||50|,,,,,Water]Archaludon||AssaultVest|Stamina|ElectroShot,BodyPress,DracoMeteor,Snarl|||F|||50|,,,,,Fighting]Sinistcha||SitrusBerry|Hospitality|MatchaGotcha,LifeDew,RagePowder,TrickRoom||||||50|,,,,,Dark]Ursaluna||FlameOrb|Guts|HeadlongRush,Earthquake,Facade,Protect|||F|||50|,,,,,Ghost
|inactive|Battle timer is ON: inactive players will automatically lose when time's up. (requested by NopeGetUSOut)
|inactive|NopeGetUSOut has 60 seconds left.
|inactive|blackstorm games has 60 seconds left.
|
|t:|1756927152
|teamsize|p1|4
|teamsize|p2|4
|start
|switch|p1a: Osaka|Hydreigon, L50, F|100/100
|switch|p1b: Albuquerque|Amoonguss, L50, M|100/100
|switch|p2a: Archaludon|Archaludon, L50, F|100/100
|switch|p2b: Dragonite|Dragonite, L50, F|100/100
|turn|1
|
|t:|1756927172
|move|p1a: Osaka|Protect|p1a: Osaka
|-singleturn|p1a: Osaka|Protect
|move|p2b: Dragonite|Scale Shot|p1b: Albuquerque
|-damage|p1b: Albuquerque|88/100
|-damage|p1b: Albuquerque|75/100
|-damage|p1b: Albuquerque|63/100
|-damage|p1b: Albuquerque|49/100
|-hitcount|p1b: Albuquerque|4
|-unboost|p2b: Dragonite|def|1
|-boost|p2b: Dragonite|spe|1
|move|p2a: Archaludon|Draco Meteor|p1b: Albuquerque
|-damage|p1b: Albuquerque|4/100
|-unboost|p2a: Archaludon|spa|2
|move|p1b: Albuquerque|Spore|p2a: Archaludon
|-status|p2a: Archaludon|slp|[from] move: Spore
|
|upkeep
|turn|2
|
|t:|1756927193
|move|p1b: Albuquerque|Rage Powder|p1b: Albuquerque
|-singleturn|p1b: Albuquerque|move: Rage Powder
|move|p2b: Dragonite|Scale Shot|p1b: Albuquerque
|-damage|p1b: Albuquerque|0 fnt
|faint|p1b: Albuquerque
|-hitcount|p1: Albuquerque|1
|-unboost|p2b: Dragonite|def|1
|-boost|p2b: Dragonite|spe|1
|move|p1a: Osaka|Tailwind|p1a: Osaka
|-sidestart|p1: NopeGetUSOut|move: Tailwind
|cant|p2a: Archaludon|slp
|
|upkeep
|
|t:|1756927197
|switch|p1b: Milwaukee|Gholdengo, L50|100/100
|turn|3
|
|t:|1756927211
|-terastallize|p1a: Osaka|Ghost
|-terastallize|p2a: Archaludon|Fighting
|move|p1a: Osaka|Draco Meteor|p2b: Dragonite
|-supereffective|p2b: Dragonite
|-damage|p2b: Dragonite|35/100
|-unboost|p1a: Osaka|spa|2
|move|p1b: Milwaukee|Nasty Plot|p1b: Milwaukee
|-boost|p1b: Milwaukee|spa|2
|move|p2b: Dragonite|Tailwind|p2b: Dragonite
|-sidestart|p2: blackstorm games|move: Tailwind
|cant|p2a: Archaludon|slp
|
|upkeep
|turn|4
|
|t:|1756927231
|move|p2b: Dragonite|Haze|p2b: Dragonite
|-clearallboost
|move|p1a: Osaka|Draco Meteor|p2a: Archaludon|[miss]
|-miss|p1a: Osaka|p2a: Archaludon
|move|p1b: Milwaukee|Make It Rain|p2b: Dragonite|[spread] p2a,p2b
|-damage|p2a: Archaludon|55/100 slp
|-damage|p2b: Dragonite|0 fnt
|-unboost|p1b: Milwaukee|spa|1
|-ability|p2a: Archaludon|Stamina|boost
|-boost|p2a: Archaludon|def|1
|faint|p2b: Dragonite
|-curestatus|p2a: Archaludon|slp|[msg]
|move|p2a: Archaludon|Snarl|p1a: Osaka|[spread] p1a,p1b
|-supereffective|p1a: Osaka
|-supereffective|p1b: Milwaukee
|-damage|p1a: Osaka|75/100
|-damage|p1b: Milwaukee|72/100
|-unboost|p1a: Osaka|spa|1
|-unboost|p1b: Milwaukee|spa|1
|
|upkeep
|
|t:|1756927249
|switch|p2b: Sinistcha|Sinistcha, L50|100/100
|-heal|p2a: Archaludon|80/100|[from] ability: Hospitality|[of] p2b: Sinistcha
|turn|5
|
|t:|1756927260
|switch|p1b: D.C.|Incineroar, L50, M|100/100
|-ability|p1b: D.C.|Intimidate|boost
|-unboost|p2a: Archaludon|atk|1
|-unboost|p2b: Sinistcha|atk|1
|move|p1a: Osaka|Snarl|p2b: Sinistcha|[spread] p2a,p2b
|-resisted|p2a: Archaludon
|-supereffective|p2b: Sinistcha
|-damage|p2a: Archaludon|74/100
|-damage|p2b: Sinistcha|76/100
|-unboost|p2a: Archaludon|spa|1
|-unboost|p2b: Sinistcha|spa|1
|-ability|p2a: Archaludon|Stamina|boost
|-boost|p2a: Archaludon|def|1
|move|p2a: Archaludon|Snarl|p1b: D.C.|[spread] p1a,p1b
|-supereffective|p1a: Osaka
|-resisted|p1b: D.C.
|-damage|p1a: Osaka|54/100
|-damage|p1b: D.C.|96/100
|-unboost|p1a: Osaka|spa|1
|-unboost|p1b: D.C.|spa|1
|move|p2b: Sinistcha|Life Dew|p2b: Sinistcha|[spread] p2a,p2b
|-heal|p2a: Archaludon|99/100
|-heal|p2b: Sinistcha|100/100
|
|-sideend|p1: NopeGetUSOut|move: Tailwind
|upkeep
|turn|6
|inactive|blackstorm games has 30 seconds left.
|
|t:|1756927287
|switch|p2b: Ursaluna|Ursaluna, L50, F|100/100
|move|p1b: D.C.|Fake Out|p2a: Archaludon
|-damage|p2a: Archaludon|95/100
|-ability|p2a: Archaludon|Stamina|boost
|-boost|p2a: Archaludon|def|1
|cant|p2a: Archaludon|flinch
|move|p1a: Osaka|Snarl|p2b: Ursaluna|[spread] p2a,p2b
|-resisted|p2a: Archaludon
|-damage|p2a: Archaludon|91/100
|-damage|p2b: Ursaluna|89/100
|-unboost|p2a: Archaludon|spa|1
|-unboost|p2b: Ursaluna|spa|1
|-ability|p2a: Archaludon|Stamina|boost
|-boost|p2a: Archaludon|def|1
|
|-sideend|p2: blackstorm games|move: Tailwind
|-status|p2b: Ursaluna|brn|[from] item: Flame Orb
|upkeep
|turn|7
|inactive|blackstorm games has 30 seconds left.
|
|t:|1756927317
|move|p1a: Osaka|Draco Meteor|p2b: Ursaluna
|-damage|p2b: Ursaluna|55/100 brn
|-unboost|p1a: Osaka|spa|2
|move|p2a: Archaludon|Snarl|p1b: D.C.|[spread] p1a,p1b
|-supereffective|p1a: Osaka
|-resisted|p1b: D.C.
|-damage|p1a: Osaka|39/100
|-damage|p1b: D.C.|93/100
|-unboost|p1a: Osaka|spa|1
|-unboost|p1b: D.C.|spa|1
|move|p1b: D.C.|Parting Shot|p2b: Ursaluna
|-unboost|p2b: Ursaluna|atk|1
|-unboost|p2b: Ursaluna|spa|1
|
|t:|1756927329
|switch|p1b: Milwaukee|Gholdengo, L50|72/100|[from] Parting Shot
|move|p2b: Ursaluna|Facade|p1b: Milwaukee
|-immune|p1b: Milwaukee
|
|-damage|p2b: Ursaluna|49/100 brn|[from] brn
|upkeep
|turn|8
|
|t:|1756927337
|switch|p2b: Sinistcha|Sinistcha, L50|100/100
|-heal|p2a: Archaludon|100/100|[from] ability: Hospitality|[of] p2b: Sinistcha
|move|p1b: Milwaukee|Protect|p1b: Milwaukee
|-singleturn|p1b: Milwaukee|Protect
|move|p1a: Osaka|Tailwind|p1a: Osaka
|-sidestart|p1: NopeGetUSOut|move: Tailwind
|move|p2a: Archaludon|Snarl|p1b: Milwaukee|[spread] p1a
|-activate|p1b: Milwaukee|move: Protect
|-supereffective|p1a: Osaka
|-damage|p1a: Osaka|26/100
|-unboost|p1a: Osaka|spa|1
|
|upkeep
|turn|9
|
|t:|1756927357
|move|p1a: Osaka|Snarl|p2a: Archaludon|[spread] p2a,p2b
|-resisted|p2a: Archaludon
|-supereffective|p2b: Sinistcha
|-damage|p2a: Archaludon|98/100
|-damage|p2b: Sinistcha|90/100
|-unboost|p2a: Archaludon|spa|1
|-unboost|p2b: Sinistcha|spa|1
|-ability|p2a: Archaludon|Stamina|boost
|-boost|p2a: Archaludon|def|1
|move|p1b: Milwaukee|Shadow Ball|p2b: Sinistcha
|-supereffective|p2b: Sinistcha
|-crit|p2b: Sinistcha
|-damage|p2b: Sinistcha|0 fnt
|faint|p2b: Sinistcha
|move|p2a: Archaludon|Snarl|p1b: Milwaukee|[spread] p1a,p1b
|-supereffective|p1a: Osaka
|-supereffective|p1b: Milwaukee
|-damage|p1a: Osaka|15/100
|-damage|p1b: Milwaukee|60/100
|-unboost|p1b: Milwaukee|spa|1
|
|upkeep
|
|t:|1756927372
|switch|p2b: Ursaluna|Ursaluna, L50, F|49/100 brn
|turn|10
|inactive|NopeGetUSOut has 30 seconds left.
|inactive|NopeGetUSOut has 20 seconds left.
|inactive|NopeGetUSOut has 15 seconds left.
|inactive|NopeGetUSOut has 10 seconds left.
|inactive|NopeGetUSOut has 5 seconds left.
|
|t:|1756927424
|move|p1a: Osaka|Draco Meteor|p2b: Ursaluna
|-damage|p2b: Ursaluna|33/100 brn
|move|p1b: Milwaukee|Make It Rain|p2a: Archaludon|[spread] p2a,p2b
|-crit|p2a: Archaludon
|-damage|p2a: Archaludon|37/100
|-damage|p2b: Ursaluna|1/100 brn
|-unboost|p1b: Milwaukee|spa|1
|-ability|p2a: Archaludon|Stamina|boost
|-boost|p2a: Archaludon|def|1
|move|p2a: Archaludon|Draco Meteor|p1a: Osaka
|-damage|p1a: Osaka|0 fnt
|-unboost|p2a: Archaludon|spa|2
|faint|p1a: Osaka
|move|p2b: Ursaluna|Headlong Rush|p1b: Milwaukee
|-supereffective|p1b: Milwaukee
|-damage|p1b: Milwaukee|0 fnt
|-unboost|p2b: Ursaluna|def|1
|-unboost|p2b: Ursaluna|spd|1
|faint|p1b: Milwaukee
|
|-damage|p2b: Ursaluna|0 fnt|[from] brn
|faint|p2b: Ursaluna
|upkeep
|
|t:|1756927427
|switch|p1b: D.C.|Incineroar, L50, M|93/100
|-ability|p1b: D.C.|Intimidate|boost
|-unboost|p2a: Archaludon|atk|1
|turn|11
|
|t:|1756927447
|move|p1b: D.C.|Flare Blitz|p2a: Archaludon
|-damage|p2a: Archaludon|27/100
|-damage|p1b: D.C.|90/100|[from] Recoil
|move|p2a: Archaludon|Body Press|p1b: D.C.
|-supereffective|p1b: D.C.
|-damage|p1b: D.C.|0 fnt
|faint|p1b: D.C.
|
|win|blackstorm games
||NopeGetUSOut is ready for game 2.
||blackstorm games is ready for game 2.
|uhtml|next|Next: Game 2 of 3
|l|☆NopeGetUSOut
|player|p1|
