|j|☆Soyfuturito
|j|☆elmono11
|html|Soyfuturitoelmono11    
|uhtml|bestof|Game 3 of a best-of-3
|t:|1757710515
|gametype|doubles
|player|p1|Soyfuturito|102|1056
|player|p2|elmono11|ghetsis|1165
|gen|9
|tier|[Gen 9] VGC 2025 Reg H (Bo3)
|rated|
|rule|Species Clause: Limit one of each Pokémon
|rule|Item Clause: Limit 1 of each item
|clearpoke
|poke|p1|Dragonite, L50, F|
|poke|p1|Gholdengo, L50|
|poke|p1|Rillaboom, L50, M|
|poke|p1|Arcanine-Hisui, L50, M|
|poke|p1|Annihilape, L50, M|
|poke|p1|Murkrow, L50, M|
|poke|p2|Gholdengo, L50|
|poke|p2|Sneasler, L50, M|
|poke|p2|Rillaboom, L50, M|
|poke|p2|Dragonite, L50, M|
|poke|p2|Ninetales-Alola, L50, F|
|poke|p2|Arcanine-Hisui, L50, M|
|teampreview|4
|showteam|p1|Dragonite||LoadedDice|Multiscale|Protect,ScaleShot,LowKick,ExtremeSpeed|||F|||50|,,,,,Fairy]Gholdengo||ChoiceSpecs|GoodasGold|Thunderbolt,PowerGem,MakeItRain,ShadowBall||||||50|,,,,,Steel]Rillaboom||AssaultVest|GrassySurge|FakeOut,HighHorsepower,WoodHammer,GrassyGlide|||M|||50|,,,,,Fire]Arcanine-Hisui||ClearAmulet|Intimidate|Protect,FlareBlitz,RockSlide,ExtremeSpeed|||M|||50|,,,,,Water]Annihilape||FocusSash|Defiant|Coaching,CloseCombat,RageFist,FinalGambit|||M|||50|,,,,,Stellar]Murkrow||Eviolite|Prankster|Haze,Tailwind,FoulPlay,Taunt|||M|||50|,,,,,Ghost
|showteam|p2|Gholdengo||GrassySeed|GoodasGold|NastyPlot,MakeItRain,ShadowBall,Protect||||||50|,,,,,Water]Sneasler||WhiteHerb|Unburden|CloseCombat,DireClaw,Coaching,Protect|||M|||50|,,,,,Ghost]Rillaboom||AssaultVest|GrassySurge|FakeOut,GrassyGlide,DrumBeating,HighHorsepower|||M|||50|,,,,,Fire]Dragonite||LoadedDice|Multiscale|ScaleShot,Tailwind,Haze,Protect|||M|||50|,,,,,Steel]Ninetales-Alola||FocusSash|SnowWarning|Blizzard,IcyWind,Encore,AuroraVeil|||F|||50|,,,,,Ghost]Arcanine-Hisui||ClearAmulet|Intimidate|RockSlide,FlareBlitz,ExtremeSpeed,Protect|||M|||50|,,,,,Water
|
|t:|1757710565
|teamsize|p1|4
|teamsize|p2|4
|start
|switch|p1a: Arcanine|Arcanine-Hisui, L50, M|100/100
|switch|p1b: Annihilape|Annihilape, L50, M|100/100
|switch|p2a: Sneasler|Sneasler, L50, M|100/100
|switch|p2b: Gholdengo|Gholdengo, L50|100/100
|-ability|p1a: Arcanine|Intimidate|boost
|-unboost|p2a: Sneasler|atk|1
|-unboost|p2b: Gholdengo|atk|1
|-enditem|p2a: Sneasler|White Herb
|-clearnegativeboost|p2a: Sneasler|[silent]
|turn|1
|
|t:|1757710603
|switch|p1a: Gholdengo|Gholdengo, L50|100/100
|move|p2a: Sneasler|Dire Claw|p1b: Annihilape
|-resisted|p1b: Annihilape
|-damage|p1b: Annihilape|80/100
|move|p1b: Annihilape|Final Gambit|p2a: Sneasler
|-damage|p2a: Sneasler|3/100
|faint|p1b: Annihilape
|move|p2b: Gholdengo|Shadow Ball|p1a: Gholdengo
|-supereffective|p1a: Gholdengo
|-damage|p1a: Gholdengo|14/100
|
|upkeep
|
|t:|1757710617
|switch|p1b: Arcanine|Arcanine-Hisui, L50, M|100/100
|-ability|p1b: Arcanine|Intimidate|boost
|-unboost|p2a: Sneasler|atk|1
|-unboost|p2b: Gholdengo|atk|1
|turn|2
|
|t:|1757710652
|-terastallize|p1b: Arcanine|Water
|move|p2b: Gholdengo|Protect|p2b: Gholdengo
|-singleturn|p2b: Gholdengo|Protect
|move|p2a: Sneasler|Close Combat|p1b: Arcanine
|-damage|p1b: Arcanine|51/100
|-unboost|p2a: Sneasler|def|1
|-unboost|p2a: Sneasler|spd|1
|move|p1b: Arcanine|Flare Blitz|p2b: Gholdengo
|-activate|p2b: Gholdengo|move: Protect
|move|p1a: Gholdengo|Thunderbolt|p2b: Gholdengo
|-activate|p2b: Gholdengo|move: Protect
|
|upkeep
|turn|3
|
|t:|1757710670
|switch|p1a: Rillaboom|Rillaboom, L50, M|100/100
|-fieldstart|move: Grassy Terrain|[from] ability: Grassy Surge|[of] p1a: Rillaboom
|-enditem|p2b: Gholdengo|Grassy Seed
|-boost|p2b: Gholdengo|def|1|[from] item: Grassy Seed
|switch|p2b: Dragonite|Dragonite, L50, M|100/100
|move|p1b: Arcanine|Extreme Speed|p2a: Sneasler
|-damage|p2a: Sneasler|0 fnt
|faint|p2a: Sneasler
|
|-heal|p1b: Arcanine|57/100|[from] Grassy Terrain
|upkeep
|
|t:|1757710685
|switch|p2a: Ninetales|Ninetales-Alola, L50, F|100/100
|-weather|Snowscape|[from] ability: Snow Warning|[of] p2a: Ninetales
|turn|4
|
|t:|1757710699
|-terastallize|p2a: Ninetales|Ghost
|move|p2b: Dragonite|Protect|p2b: Dragonite
|-singleturn|p2b: Dragonite|Protect
|move|p1a: Rillaboom|Fake Out|p2b: Dragonite
|-activate|p2b: Dragonite|move: Protect
|move|p2a: Ninetales|Aurora Veil|p2a: Ninetales
|-sidestart|p2: elmono11|move: Aurora Veil
|move|p1b: Arcanine|Flare Blitz|p2a: Ninetales
|-damage|p2a: Ninetales|44/100
|-damage|p1b: Arcanine|42/100|[from] Recoil
|
|-weather|Snowscape|[upkeep]
|-heal|p2a: Ninetales|50/100|[from] Grassy Terrain
|-heal|p1b: Arcanine|48/100|[from] Grassy Terrain
|upkeep
|turn|5
|
|t:|1757710725
|move|p2a: Ninetales|Blizzard|p1b: Arcanine|[spread] p1a,p1b
|-supereffective|p1a: Rillaboom
|-resisted|p1b: Arcanine
|-damage|p1a: Rillaboom|58/100
|-damage|p1b: Arcanine|31/100
|move|p1b: Arcanine|Rock Slide|p2a: Ninetales|[spread] p2a,p2b
|-supereffective|p2b: Dragonite
|-damage|p2a: Ninetales|23/100
|-damage|p2b: Dragonite|81/100
|cant|p2b: Dragonite|flinch
|move|p1a: Rillaboom|Wood Hammer|p2b: Dragonite
|-resisted|p2b: Dragonite
|-damage|p2b: Dragonite|68/100
|-damage|p1a: Rillaboom|54/100|[from] Recoil
|
|-weather|Snowscape|[upkeep]
|-heal|p2a: Ninetales|29/100|[from] Grassy Terrain
|-heal|p1b: Arcanine|37/100|[from] Grassy Terrain
|-heal|p1a: Rillaboom|60/100|[from] Grassy Terrain
|upkeep
|turn|6
|
|t:|1757710746
|move|p1a: Rillaboom|Grassy Glide|p2a: Ninetales
|-damage|p2a: Ninetales|0 fnt
|faint|p2a: Ninetales
|move|p1b: Arcanine|Rock Slide|p2b: Dragonite
|-supereffective|p2b: Dragonite
|-damage|p2b: Dragonite|12/100
|move|p2b: Dragonite|Tailwind|p2b: Dragonite
|-sidestart|p2: elmono11|move: Tailwind
|
|-weather|Snowscape|[upkeep]
|-heal|p1b: Arcanine|44/100|[from] Grassy Terrain
|-heal|p1a: Rillaboom|66/100|[from] Grassy Terrain
|upkeep
|
|t:|1757710752
|switch|p2a: Gholdengo|Gholdengo, L50|100/100
|turn|7
|
|t:|1757710775
|move|p2b: Dragonite|Protect|p2b: Dragonite
|-singleturn|p2b: Dragonite|Protect
|move|p1b: Arcanine|Extreme Speed|p2b: Dragonite
|-activate|p2b: Dragonite|move: Protect
|move|p2a: Gholdengo|Nasty Plot|p2a: Gholdengo
|-boost|p2a: Gholdengo|spa|2
|move|p1a: Rillaboom|High Horsepower|p2a: Gholdengo
|-supereffective|p2a: Gholdengo
|-damage|p2a: Gholdengo|61/100
|
|-weather|Snowscape|[upkeep]
|-heal|p2a: Gholdengo|67/100|[from] Grassy Terrain
|-heal|p1b: Arcanine|50/100|[from] Grassy Terrain
|-heal|p1a: Rillaboom|72/100|[from] Grassy Terrain
|-fieldend|move: Grassy Terrain
|upkeep
|turn|8
|
|t:|1757710819
|switch|p1a: Gholdengo|Gholdengo, L50|14/100
|move|p1b: Arcanine|Protect|p1b: Arcanine
|-singleturn|p1b: Arcanine|Protect
|move|p2a: Gholdengo|Make It Rain|p1a: Gholdengo|[spread] p1a
|-activate|p1b: Arcanine|move: Protect
|-resisted|p1a: Gholdengo
|-damage|p1a: Gholdengo|0 fnt
|-unboost|p2a: Gholdengo|spa|1
|faint|p1a: Gholdengo
|move|p2b: Dragonite|Scale Shot|p1b: Arcanine
|-activate|p1b: Arcanine|move: Protect
|
|-weather|none
|-sideend|p2: elmono11|move: Aurora Veil
|upkeep
|
|t:|1757710832
|switch|p1a: Rillaboom|Rillaboom, L50, M|72/100
|-fieldstart|move: Grassy Terrain|[from] ability: Grassy Surge|[of] p1a: Rillaboom
|turn|9
|
|t:|1757710847
|move|p2a: Gholdengo|Make It Rain|p1b: Arcanine|[spread] p1a,p1b
|-resisted|p1b: Arcanine
|-damage|p1a: Rillaboom|28/100
|-damage|p1b: Arcanine|7/100
|-unboost|p2a: Gholdengo|spa|1
|move|p2b: Dragonite|Scale Shot|p1a: Rillaboom
|-damage|p1a: Rillaboom|14/100
|-damage|p1a: Rillaboom|0 fnt
|faint|p1a: Rillaboom
|-hitcount|p1: Rillaboom|2
|-unboost|p2b: Dragonite|def|1
|-boost|p2b: Dragonite|spe|1
|move|p1b: Arcanine|Flare Blitz|p2a: Gholdengo
|-supereffective|p2a: Gholdengo
|-damage|p2a: Gholdengo|0 fnt
|faint|p2a: Gholdengo
|-damage|p1b: Arcanine|0 fnt|[from] Recoil
|faint|p1b: Arcanine
|
|win|elmono11
|raw|Soyfuturito's rating: 1056 → 1043(-13 for losing)
|raw|elmono11's rating: 1165 → 1182(+17 for winning)
|l|☆Soyfuturito
|player|p1|
