|j|☆Miss buss buss
|j|☆kulllllllllle
|html|Miss buss busskulllllllllle    
|uhtml|bestof|Game 1 of a best-of-3
|t:|1783014633
|gametype|doubles
|player|p1|Miss buss buss|1|1000
|player|p2|kulllllllllle|swimmer-gen4dp|1000
|gen|9
|tier|[Gen 9 Champions] VGC 2026 Reg M-B (Bo3)
|rated|
|rule|Species Clause: Limit one of each Pokémon
|rule|Item Clause: Limit 1 of each item
|clearpoke
|poke|p1|Hatterene, L50, F|
|poke|p1|Dragalge, L50, M|
|poke|p1|Slowking, L50, F|
|poke|p1|Meowstic, L50, M|
|poke|p1|Camerupt, L50, F|
|poke|p1|Tinkaton, L50, F|
|poke|p2|Bellibolt, L50, M, shiny|
|poke|p2|Dragapult, L50, M, shiny|
|poke|p2|Incineroar, L50, M, shiny|
|poke|p2|Lopunny, L50, M, shiny|
|poke|p2|Farigiraf, L50, F, shiny|
|poke|p2|Swampert, L50, F, shiny|
|teampreview|4
|showteam|p1|Hatterene||BabiriBerry|MagicBounce|ShadowBall,DazzlingGleam,TrickRoom,ExpandingForce|Quiet||F|||50|]Dragalge||Dragalgite|Adaptability|FlipTurn,Thunderbolt,DracoMeteor,SludgeWave|Modest||M|||50|]Slowking||ColburBerry|Regenerator|TrickRoom,Disable,ExpandingForce,HydroPump|Quiet||F|||50|]Meowstic||SitrusBerry|Prankster|PsychicTerrain,DarkPulse,LightScreen,ExpandingForce|Serious||M|||50|]Camerupt||Cameruptite|MagmaArmor|Eruption,EarthPower,FireBlast,Protect|Modest||F|||50|]Tinkaton||OccaBerry|OwnTempo|GigatonHammer,PlayRough,BrickBreak,Protect|Careful||F|||50|
|showteam|p2|Bellibolt||Leftovers|Electromorphosis|Protect,Soak,ParabolicCharge,AcidSpray|Modest||M|||50|]Dragapult||SitrusBerry|ClearBody|LightScreen,Disable,WillOWisp,BreakingSwipe|Jolly||M|||50|]Incineroar||BrightPowder|Intimidate|FakeOut,DarkestLariat,FlareBlitz,PartingShot|Adamant||M|||50|]Lopunny||Lopunnite|Limber|ThunderPunch,CloseCombat,FakeOut,Uturn|Jolly||M|||50|]Farigiraf||MentalHerb|ArmorTail|TrickRoom,HelpingHand,FoulPlay,Psychic|Sassy||F|||50|]Swampert||Swampertite|Torrent|WideGuard,IcePunch,SandTomb,Protect|Careful||F|||50|
|inactive|Battle timer is ON: inactive players will automatically lose when time's up. (requested by kulllllllllle)
|
|t:|1783014667
|teamsize|p1|4
|teamsize|p2|4
|start
|switch|p1a: Meowstic|Meowstic, L50, M|100/100
|switch|p1b: Hatterene|Hatterene, L50, F|100/100
|switch|p2a: Dragapult|Dragapult, L50, M, shiny|100/100
|switch|p2b: Incineroar|Incineroar, L50, M, shiny|100/100
|-ability|p2b: Incineroar|Intimidate|boost
|-unboost|p1a: Meowstic|atk|1
|-unboost|p1b: Hatterene|atk|1
|turn|1
|
|t:|1783014687
|move|p2b: Incineroar|Fake Out|p1b: Hatterene
|-damage|p1b: Hatterene|82/100
|move|p1a: Meowstic|Psychic Terrain|p1a: Meowstic
|-fieldstart|move: Psychic Terrain
|move|p2a: Dragapult|Light Screen|p2a: Dragapult
|-sidestart|p2: kulllllllllle|move: Light Screen
|cant|p1b: Hatterene|flinch
|
|upkeep
|turn|2
|inactive|kulllllllllle has 30 seconds left.
|inactive|kulllllllllle has 20 seconds left.
|
|t:|1783014725
|move|p2a: Dragapult|Breaking Swipe|p1b: Hatterene|[spread] p1a
|-immune|p1b: Hatterene
|-damage|p1a: Meowstic|73/100
|-unboost|p1a: Meowstic|atk|1
|move|p1a: Meowstic|Dark Pulse|p2a: Dragapult
|-supereffective|p2a: Dragapult|1
|-damage|p2a: Dragapult|74/100
|move|p2b: Incineroar|Darkest Lariat|p1a: Meowstic
|-supereffective|p1a: Meowstic|1
|-damage|p1a: Meowstic|0 fnt
|faint|p1a: Meowstic
|move|p1b: Hatterene|Trick Room|p1b: Hatterene
|-fieldstart|move: Trick Room|[of] p1b: Hatterene
|
|upkeep
|
|t:|1783014744
|switch|p1a: Camerupt|Camerupt, L50, F|100/100
|turn|3
|
|t:|1783014757
|detailschange|p1a: Camerupt|Camerupt-Mega, L50, F
|-mega|p1a: Camerupt|Camerupt|Cameruptite
|move|p1a: Camerupt|Earth Power|p2b: Incineroar
|-supereffective|p2b: Incineroar|1
|-damage|p2b: Incineroar|6/100
|move|p1b: Hatterene|Shadow Ball|p2a: Dragapult
|-supereffective|p2a: Dragapult|1
|-damage|p2a: Dragapult|25/100
|-enditem|p2a: Dragapult|Sitrus Berry|[eat]
|-heal|p2a: Dragapult|50/100g|[from] item: Sitrus Berry
|move|p2b: Incineroar|Darkest Lariat|p1a: Camerupt
|-damage|p1a: Camerupt|55/100
|move|p2a: Dragapult|Breaking Swipe|p1b: Hatterene|[spread] p1a
|-immune|p1b: Hatterene
|-damage|p1a: Camerupt|33/100
|-unboost|p1a: Camerupt|atk|1
|
|upkeep
|turn|4
|inactive|kulllllllllle has 30 seconds left.
|inactive|kulllllllllle has 20 seconds left.
|inactive|kulllllllllle has 15 seconds left.
|
|t:|1783014800
|switch|p2b: Swampert|Swampert, L50, F, shiny|100/100
|move|p1a: Camerupt|Earth Power|p2a: Dragapult
|-damage|p2a: Dragapult|0 fnt
|faint|p2a: Dragapult
|move|p1b: Hatterene|Dazzling Gleam|p2b: Swampert
|-damage|p2b: Swampert|73/100
|
|upkeep
|
|t:|1783014811
|switch|p2a: Incineroar|Incineroar, L50, M, shiny|6/100
|-ability|p2a: Incineroar|Intimidate|boost
|-unboost|p1a: Camerupt|atk|1
|-unboost|p1b: Hatterene|atk|1
|turn|5
|inactive|kulllllllllle has 30 seconds left.
|
|t:|1783014844
|detailschange|p2b: Swampert|Swampert-Mega, L50, F, shiny
|-mega|p2b: Swampert|Swampert|Swampertite
|move|p1a: Camerupt|Eruption|p2b: Swampert|[spread] p2a,p2b
|-resisted|p2a: Incineroar|1
|-resisted|p2b: Swampert|1
|-damage|p2a: Incineroar|0 fnt
|-damage|p2b: Swampert|69/100
|faint|p2a: Incineroar
|move|p1b: Hatterene|Expanding Force|p2b: Swampert
|-crit|p2b: Swampert
|-damage|p2b: Swampert|0 fnt
|faint|p2b: Swampert
|
|-sideend|p2: kulllllllllle|move: Light Screen
|-fieldend|move: Psychic Terrain
|upkeep
|
|t:|1783014854
|switch|p2b: Bellibolt|Bellibolt, L50, M, shiny|100/100
|turn|6
|
|t:|1783014863
|move|p1a: Camerupt|Earth Power|p2b: Bellibolt
|-supereffective|p2b: Bellibolt|1
|-damage|p2b: Bellibolt|0 fnt
|faint|p2b: Bellibolt
|
|win|Miss buss buss
