|j|☆Lorido
|j|☆Husky12d
|html|LoridoHusky12d    
|uhtml|bestof|Game 3 of a best-of-3
|t:|1784874085
|gametype|doubles
|player|p1|Lorido|265|1132
|player|p2|Husky12d|blue-masters|1230
|gen|9
|tier|[Gen 9 Champions] VGC 2026 Reg M-B (Bo3)
|rated|
|rule|Species Clause: Limit one of each Pokémon
|rule|Item Clause: Limit 1 of each item
|clearpoke
|poke|p1|Aerodactyl, L50, M|
|poke|p1|Kingambit, L50, M|
|poke|p1|Sylveon, L50, F|
|poke|p1|Charizard, L50, F|
|poke|p1|Garchomp, L50, M|
|poke|p1|Farigiraf, L50, F|
|poke|p2|Gengar, L50, F|
|poke|p2|Raichu, L50, M|
|poke|p2|Incineroar, L50, F|
|poke|p2|Kommo-o, L50, M|
|poke|p2|Volcarona, L50, F|
|poke|p2|Ninetales-Alola, L50, F|
|teampreview|4
|showteam|p1|Aerodactyl||Aerodactylite|Unnerve|RockSlide,DualWingbeat,IceFang,Tailwind|Jolly||M|||50|]Kingambit||BlackGlasses|Defiant|KowtowCleave,IronHead,SuckerPunch,LowKick|Jolly||M|||50|]Sylveon||FairyFeather|Pixilate|HyperVoice,QuickAttack,HyperBeam,Detect|Modest||F|||50|]Charizard||CharizarditeY|Blaze|HeatWave,WeatherBall,SolarBeam,Protect|Modest||F|||50|]Garchomp||LifeOrb|RoughSkin|DragonClaw,Earthquake,RockSlide,Protect|Jolly||M|||50|]Farigiraf||SitrusBerry|ArmorTail|TwinBeam,Thunderbolt,TrickRoom,HelpingHand|Relaxed||F|||50|
|showteam|p2|Gengar||Gengarite|CursedBody|SludgeBomb,ShadowBall,Substitute,Protect|Modest||F|||50|]Raichu||RaichuniteX|LightningRod|VoltTackle,VoltSwitch,FakeOut,Protect|Jolly||M|||50|]Incineroar||PasshoBerry|Intimidate|FlareBlitz,FakeOut,ThroatChop,PartingShot|Adamant||F|||50|]Kommo-o||Leftovers|Soundproof|ClangingScales,AuraSphere,ClangorousSoul,Protect|Timid||M|||50|]Volcarona||SitrusBerry|FlameBody|RagePowder,Flamethrower,Protect,StruggleBug|Modest||F|||50|]Ninetales-Alola||ChoiceScarf|SnowWarning|Blizzard,Moonblast,IcyWind,FreezeDry|Timid||F|||50|
|inactive|Battle timer is ON: inactive players will automatically lose when time's up. (requested by Lorido)
|inactive|Lorido has 60 seconds left.
|inactive|Husky12d has 60 seconds left.
|inactive|Husky12d has 30 seconds left.
|
|t:|1784874150
|teamsize|p1|4
|teamsize|p2|4
|start
|switch|p1a: Kingambit|Kingambit, L50, M|100/100
|switch|p1b: Farigiraf|Farigiraf, L50, F|100/100
|switch|p2a: Ninetales|Ninetales-Alola, L50, F|100/100
|switch|p2b: Kommo-o|Kommo-o, L50, M|100/100
|-weather|Snowscape|[from] ability: Snow Warning|[of] p2a: Ninetales
|turn|1
|inactive|Husky12d has 30 seconds left.
|
|t:|1784874183
|switch|p1a: Sylveon|Sylveon, L50, F|100/100
|move|p2a: Ninetales|Blizzard|p1a: Sylveon|[spread] p1a,p1b
|-crit|p1b: Farigiraf
|-damage|p1a: Sylveon|77/100
|-damage|p1b: Farigiraf|50/100g
|move|p2b: Kommo-o|Aura Sphere|p1a: Sylveon
|-resisted|p1a: Sylveon|1
|-damage|p1a: Sylveon|62/100
|move|p1b: Farigiraf|Twin Beam|p2b: Kommo-o
|-supereffective|p2b: Kommo-o|1
|-damage|p2b: Kommo-o|67/100
|-supereffective|p2b: Kommo-o|1
|-damage|p2b: Kommo-o|32/100
|-hitcount|p2b: Kommo-o|2
|
|-weather|Snowscape|[upkeep]
|-heal|p2b: Kommo-o|37/100|[from] item: Leftovers
|upkeep
|turn|2
|inactive|Husky12d has 30 seconds left.
|inactive|Husky12d has 20 seconds left.
|inactive|Lorido has 30 seconds left.
|inactive|Husky12d has 15 seconds left.
|
|t:|1784874227
|move|p2a: Ninetales|Blizzard|p1a: Sylveon|[spread] p1a,p1b
|-damage|p1a: Sylveon|38/100
|-damage|p1b: Farigiraf|20/100y
|-enditem|p1b: Farigiraf|Sitrus Berry|[eat]
|-heal|p1b: Farigiraf|45/100|[from] item: Sitrus Berry
|move|p2b: Kommo-o|Clanging Scales|p1b: Farigiraf|[spread] p1b
|-immune|p1a: Sylveon
|-damage|p1b: Farigiraf|13/100
|-unboost|p2b: Kommo-o|def|1
|move|p1a: Sylveon|Hyper Voice|p2b: Kommo-o|[spread] p2a
|-immune|p2b: Kommo-o|[from] ability: Soundproof
|-damage|p2a: Ninetales|48/100
|move|p1b: Farigiraf|Trick Room|p1b: Farigiraf
|-fieldstart|move: Trick Room|[of] p1b: Farigiraf
|
|-weather|Snowscape|[upkeep]
|-heal|p2b: Kommo-o|43/100|[from] item: Leftovers
|upkeep
|turn|3
|
|t:|1784874246
|switch|p2b: Incineroar|Incineroar, L50, F|100/100
|-ability|p2b: Incineroar|Intimidate|boost
|-unboost|p1a: Sylveon|atk|1
|-unboost|p1b: Farigiraf|atk|1
|switch|p2a: Volcarona|Volcarona, L50, F|100/100
|move|p1b: Farigiraf|Twin Beam|p2b: Incineroar
|-immune|p2b: Incineroar
|move|p1a: Sylveon|Hyper Voice|p2b: Incineroar|[spread] p2a,p2b
|-resisted|p2a: Volcarona|1
|-damage|p2a: Volcarona|82/100
|-damage|p2b: Incineroar|57/100
|
|-weather|Snowscape|[upkeep]
|upkeep
|turn|4
|inactive|Husky12d has 30 seconds left.
|
|t:|1784874279
|move|p1b: Farigiraf|Helping Hand|p1a: Sylveon
|-singleturn|p1a: Sylveon|Helping Hand|[of] p1b: Farigiraf
|move|p1a: Sylveon|Hyper Voice|p2b: Incineroar|[spread] p2a,p2b
|-resisted|p2a: Volcarona|1
|-damage|p2a: Volcarona|53/100
|-damage|p2b: Incineroar|0 fnt
|faint|p2b: Incineroar
|move|p2a: Volcarona|Struggle Bug|p1b: Farigiraf|[spread] p1a,p1b
|-resisted|p1a: Sylveon|1
|-supereffective|p1b: Farigiraf|1
|-damage|p1a: Sylveon|31/100
|-damage|p1b: Farigiraf|0 fnt
|-unboost|p1a: Sylveon|spa|1
|faint|p1b: Farigiraf
|
|-weather|Snowscape|[upkeep]
|upkeep
|
|t:|1784874295
|switch|p1b: Kingambit|Kingambit, L50, M|100/100
|switch|p2b: Kommo-o|Kommo-o, L50, M|43/100
|turn|5
|
|t:|1784874312
|switch|p1b: Charizard|Charizard, L50, F|100/100
|move|p2a: Volcarona|Rage Powder|p2a: Volcarona
|-singleturn|p2a: Volcarona|move: Rage Powder
|move|p1a: Sylveon|Quick Attack|p2a: Volcarona
|-resisted|p2a: Volcarona|1
|-damage|p2a: Volcarona|48/100
|-enditem|p2a: Volcarona|Sitrus Berry|[eat]
|-heal|p2a: Volcarona|73/100|[from] item: Sitrus Berry
|move|p2b: Kommo-o|Aura Sphere|p1b: Charizard
|-resisted|p1b: Charizard|1
|-damage|p1b: Charizard|78/100
|
|-weather|none
|-heal|p2b: Kommo-o|49/100|[from] item: Leftovers
|upkeep
|turn|6
|inactive|Lorido has 30 seconds left.
|
|t:|1784874342
|detailschange|p1b: Charizard|Charizard-Mega-Y, L50, F
|-mega|p1b: Charizard|Charizard|Charizardite Y
|-weather|SunnyDay|[from] ability: Drought|[of] p1b: Charizard
|move|p2b: Kommo-o|Protect|p2b: Kommo-o
|-singleturn|p2b: Kommo-o|Protect
|move|p1a: Sylveon|Hyper Voice|p2b: Kommo-o|[spread] p2a
|-activate|p2b: Kommo-o|move: Protect
|-resisted|p2a: Volcarona|1
|-damage|p2a: Volcarona|60/100
|move|p1b: Charizard|Heat Wave|p2b: Kommo-o|[spread] p2a
|-activate|p2b: Kommo-o|move: Protect
|-damage|p2a: Volcarona|7/100
|move|p2a: Volcarona|Flamethrower|p1a: Sylveon
|-damage|p1a: Sylveon|0 fnt
|faint|p1a: Sylveon
|
|-weather|SunnyDay|[upkeep]
|-heal|p2b: Kommo-o|55/100|[from] item: Leftovers
|-fieldend|move: Trick Room
|upkeep
|
|t:|1784874356
|switch|p1a: Kingambit|Kingambit, L50, M|100/100
|turn|7
|
|t:|1784874362
|move|p2a: Volcarona|Rage Powder|p2a: Volcarona
|-singleturn|p2a: Volcarona|move: Rage Powder
|move|p2b: Kommo-o|Aura Sphere|p1a: Kingambit
|-supereffective|p1a: Kingambit|2
|-damage|p1a: Kingambit|0 fnt
|faint|p1a: Kingambit
|move|p1b: Charizard|Heat Wave|p2a: Volcarona|[spread] p2a,p2b
|-resisted|p2b: Kommo-o|1
|-damage|p2a: Volcarona|0 fnt
|-damage|p2b: Kommo-o|21/100
|faint|p2a: Volcarona
|
|-weather|SunnyDay|[upkeep]
|-heal|p2b: Kommo-o|27/100|[from] item: Leftovers
|upkeep
|
|t:|1784874373
|switch|p2a: Ninetales|Ninetales-Alola, L50, F|48/100
|-weather|Snowscape|[from] ability: Snow Warning|[of] p2a: Ninetales
|turn|8
|
|t:|1784874381
|move|p1b: Charizard|Protect|p1b: Charizard
|-singleturn|p1b: Charizard|Protect
|move|p2a: Ninetales|Blizzard|p1b: Charizard
|-activate|p1b: Charizard|move: Protect
|move|p2b: Kommo-o|Clanging Scales|p1b: Charizard
|-activate|p1b: Charizard|move: Protect
|
|-weather|Snowscape|[upkeep]
|-heal|p2b: Kommo-o|33/100|[from] item: Leftovers
|upkeep
|turn|9
|
|t:|1784874402
|move|p2a: Ninetales|Blizzard|p1b: Charizard
|-damage|p1b: Charizard|39/100
|move|p2b: Kommo-o|Clanging Scales|p1b: Charizard
|-damage|p1b: Charizard|0 fnt
|faint|p1b: Charizard
|
|win|Husky12d
|raw|Lorido's rating: 1132 → 1114(-18 for losing)
|raw|Husky12d's rating: 1230 → 1248(+18 for winning)
