|j|☆PJG4487
|j|☆applejuice1738
|html|PJG4487applejuice1738    
|uhtml|bestof|Game 2 of a best-of-3
|t:|1783554420
|gametype|doubles
|player|p1|PJG4487|169|
|player|p2|applejuice1738|101|
|gen|9
|tier|[Gen 9 Champions] VGC 2026 Reg M-B (Bo3)
|rule|Species Clause: Limit one of each Pokémon
|rule|Item Clause: Limit 1 of each item
|clearpoke
|poke|p1|Floette-Eternal, L50, F|
|poke|p1|Arcanine-Hisui, L50, M|
|poke|p1|Blastoise, L50, F|
|poke|p1|Sableye, L50, M|
|poke|p1|Umbreon, L50, F|
|poke|p1|Tauros-Paldea-Aqua, L50, M|
|poke|p2|Torterra, L50, M|
|poke|p2|Runerigus, L50, M, shiny|
|poke|p2|Mawile, L50, F|
|poke|p2|Crabominable, L50, M, shiny|
|poke|p2|Gardevoir, L50, F, shiny|
|poke|p2|Spiritomb, L50, M|
|teampreview|4
|showteam|p1|Floette-Eternal||Floettite|FlowerVeil|LightofRuin,DazzlingGleam,Protect,PollenPuff|Modest||F|||50|]Arcanine-Hisui||LifeOrb|RockHead|HeadSmash,FlareBlitz,Snarl,Protect|Adamant||M|||50|]Blastoise||Blastoisinite|Torrent|ShellSmash,DarkPulse,AuraSphere,FakeOut|Modest||F|||50|]Sableye||LightClay|Prankster|WillOWisp,Reflect,KnockOff,FakeOut|Careful||M|||50|]Umbreon||Leftovers|InnerFocus|Toxic,FoulPlay,Protect,Yawn|Impish||F|||50|]Tauros-Paldea-Aqua||FocusSash|Intimidate|WaveCrash,Protect,CloseCombat,HighHorsepower|Adamant||M|||50|
|showteam|p2|Torterra||Leftovers|Overgrow|WoodHammer,HighHorsepower,HeavySlam,Crunch|Brave||M|||50|]Runerigus||BrightPowder|WanderingSpirit|TrickRoom,Psychic,WillOWisp,Taunt|Sassy||M|||50|]Mawile||Mawilite|HyperCutter|SuckerPunch,IcePunch,PlayRough,Protect|Adamant||F|||50|]Crabominable||KingsRock|IronFist|IceBeam,DrainPunch,ThunderPunch,BulkUp|Brave||M|||50|]Gardevoir||Gardevoirite|Trace|TrickRoom,HyperVoice,FocusBlast,Protect|Sassy||F|||50|]Spiritomb||MentalHerb|Infiltrator|TrickRoom,HelpingHand,ShadowBall,IcyWind|Relaxed||M|||50|
|j| NewTrainaOnDaBlock
|
|t:|1783554561
|teamsize|p1|4
|teamsize|p2|4
|start
|switch|p1a: Blastoise|Blastoise, L50, F|100/100
|switch|p1b: Umbreon|Umbreon, L50, F|100/100
|switch|p2a: BADDIE ALERT|Gardevoir, L50, F, shiny|100/100
|switch|p2b: Ghost Pizza|Spiritomb, L50, M|100/100
|-ability|p2a: BADDIE ALERT|Torrent|Trace|[from] ability: Trace|[of] p1a: Blastoise
|turn|1
|
|t:|1783554610
|detailschange|p1a: Blastoise|Blastoise-Mega, L50, F
|-mega|p1a: Blastoise|Blastoise|Blastoisinite
|detailschange|p2a: BADDIE ALERT|Gardevoir-Mega, L50, F, shiny
|-mega|p2a: BADDIE ALERT|Gardevoir|Gardevoirite
|move|p1a: Blastoise|Fake Out|p2a: BADDIE ALERT
|-damage|p2a: BADDIE ALERT|88/100
|cant|p2a: BADDIE ALERT|flinch
|move|p1b: Umbreon|Toxic|p2b: Ghost Pizza
|-status|p2b: Ghost Pizza|tox
|move|p2b: Ghost Pizza|Trick Room|p2b: Ghost Pizza
|-fieldstart|move: Trick Room|[of] p2b: Ghost Pizza
|
|-damage|p2b: Ghost Pizza|94/100 tox|[from] psn
|upkeep
|turn|2
|
|t:|1783554693
|move|p2b: Ghost Pizza|Helping Hand|p2a: BADDIE ALERT
|-singleturn|p2a: BADDIE ALERT|Helping Hand|[of] p2b: Ghost Pizza
|move|p1b: Umbreon|Yawn|p2a: BADDIE ALERT
|-start|p2a: BADDIE ALERT|move: Yawn|[of] p1b: Umbreon
|move|p1a: Blastoise|Dark Pulse|p2a: BADDIE ALERT
|-damage|p2a: BADDIE ALERT|59/100
|move|p2a: BADDIE ALERT|Hyper Voice|p1b: Umbreon|[spread] p1a,p1b
|-supereffective|p1b: Umbreon|1
|-damage|p1a: Blastoise|41/100
|-damage|p1b: Umbreon|12/100
|
|-heal|p1b: Umbreon|18/100|[from] item: Leftovers
|-damage|p2b: Ghost Pizza|82/100 tox|[from] psn
|upkeep
|turn|3
|
|t:|1783554779
|move|p2b: Ghost Pizza|Helping Hand|p2a: BADDIE ALERT
|-singleturn|p2a: BADDIE ALERT|Helping Hand|[of] p2b: Ghost Pizza
|move|p1b: Umbreon|Protect|p1b: Umbreon
|-singleturn|p1b: Umbreon|Protect
|move|p1a: Blastoise|Shell Smash|p1a: Blastoise
|-unboost|p1a: Blastoise|def|1
|-unboost|p1a: Blastoise|spd|1
|-boost|p1a: Blastoise|atk|2
|-boost|p1a: Blastoise|spa|2
|-boost|p1a: Blastoise|spe|2
|move|p2a: BADDIE ALERT|Hyper Voice|p1b: Umbreon|[spread] p1a
|-activate|p1b: Umbreon|move: Protect
|-damage|p1a: Blastoise|0 fnt
|faint|p1a: Blastoise
|
|-heal|p1b: Umbreon|24/100|[from] item: Leftovers
|-damage|p2b: Ghost Pizza|65/100 tox|[from] psn
|-end|p2a: BADDIE ALERT|move: Yawn|[silent]
|-status|p2a: BADDIE ALERT|slp
|upkeep
|
|t:|1783554805
|switch|p1a: Arcanine|Arcanine-Hisui, L50, M|100/100
|turn|4
|
|t:|1783554828
|move|p2b: Ghost Pizza|Icy Wind|p1a: Arcanine|[spread] p1a,p1b
|-resisted|p1a: Arcanine|1
|-crit|p1b: Umbreon
|-damage|p1a: Arcanine|93/100
|-damage|p1b: Umbreon|13/100
|-unboost|p1a: Arcanine|spe|1
|-unboost|p1b: Umbreon|spe|1
|move|p1b: Umbreon|Foul Play|p2a: BADDIE ALERT
|-damage|p2a: BADDIE ALERT|20/100r slp
|move|p1a: Arcanine|Flare Blitz|p2a: BADDIE ALERT
|-damage|p2a: BADDIE ALERT|0 fnt
|faint|p2a: BADDIE ALERT
|-damage|p1a: Arcanine|83/100|[from] item: Life Orb
|
|-heal|p1b: Umbreon|19/100|[from] item: Leftovers
|-damage|p2b: Ghost Pizza|42/100 tox|[from] psn
|upkeep
|
|t:|1783554853
|switch|p2a: Crab-Daddy Feast|Crabominable, L50, M, shiny|100/100
|turn|5
|
|t:|1783554946
|move|p1b: Umbreon|Protect|p1b: Umbreon
|-singleturn|p1b: Umbreon|Protect
|move|p2b: Ghost Pizza|Icy Wind|p1a: Arcanine|[spread] p1a
|-activate|p1b: Umbreon|move: Protect
|-resisted|p1a: Arcanine|1
|-damage|p1a: Arcanine|77/100
|-unboost|p1a: Arcanine|spe|1
|move|p2a: Crab-Daddy Feast|Drain Punch|p1a: Arcanine
|-supereffective|p1a: Arcanine|1
|-damage|p1a: Arcanine|0 fnt
|faint|p1a: Arcanine
|
|-heal|p1b: Umbreon|25/100|[from] item: Leftovers
|-damage|p2b: Ghost Pizza|14/100 tox|[from] psn
|-fieldend|move: Trick Room
|upkeep
|
|t:|1783554960
|switch|p1a: Sableye|Sableye, L50, M|100/100
|turn|6
|
|t:|1783554985
|move|p1a: Sableye|Fake Out|p2a: Crab-Daddy Feast
|-damage|p2a: Crab-Daddy Feast|91/100
|move|p1b: Umbreon|Yawn|p2a: Crab-Daddy Feast
|-start|p2a: Crab-Daddy Feast|move: Yawn|[of] p1b: Umbreon
|cant|p2a: Crab-Daddy Feast|flinch
|move|p2b: Ghost Pizza|Icy Wind|p1a: Sableye|[spread] p1a,p1b
|-damage|p1a: Sableye|84/100
|-damage|p1b: Umbreon|18/100
|-unboost|p1a: Sableye|spe|1
|-unboost|p1b: Umbreon|spe|1
|
|-heal|p1b: Umbreon|24/100|[from] item: Leftovers
|-damage|p2b: Ghost Pizza|0 fnt|[from] psn
|faint|p2b: Ghost Pizza
|upkeep
|
|t:|1783554998
|switch|p2b: Two-Faced Hoe|Mawile, L50, F|100/100
|turn|7
|
|t:|1783555029
|move|p1b: Umbreon|Protect|p1b: Umbreon
|-singleturn|p1b: Umbreon|Protect
|move|p1a: Sableye|Reflect|p1a: Sableye
|-sidestart|p1: PJG4487|Reflect
|move|p2b: Two-Faced Hoe|Play Rough|p1a: Sableye
|-supereffective|p1a: Sableye|1
|-damage|p1a: Sableye|29/100
|move|p2a: Crab-Daddy Feast|Drain Punch|p1b: Umbreon
|-activate|p1b: Umbreon|move: Protect
|
|-heal|p1b: Umbreon|30/100|[from] item: Leftovers
|-end|p2a: Crab-Daddy Feast|move: Yawn|[silent]
|-status|p2a: Crab-Daddy Feast|slp
|upkeep
|turn|8
|
|t:|1783555098
|move|p1a: Sableye|Will-O-Wisp|p2b: Two-Faced Hoe
|-status|p2b: Two-Faced Hoe|brn
|move|p2b: Two-Faced Hoe|Play Rough|p1a: Sableye
|-supereffective|p1a: Sableye|1
|-damage|p1a: Sableye|4/100
|cant|p2a: Crab-Daddy Feast|slp
|move|p1b: Umbreon|Foul Play|p2a: Crab-Daddy Feast
|-resisted|p2a: Crab-Daddy Feast|1
|-damage|p2a: Crab-Daddy Feast|58/100 slp
|
|-heal|p1b: Umbreon|36/100|[from] item: Leftovers
|-damage|p2b: Two-Faced Hoe|94/100 brn|[from] brn
|upkeep
|turn|9
|
|t:|1783555138
|move|p2b: Two-Faced Hoe|Play Rough|p1a: Sableye
|-supereffective|p1a: Sableye|1
|-crit|p1a: Sableye
|-damage|p1a: Sableye|0 fnt
|faint|p1a: Sableye
|cant|p2a: Crab-Daddy Feast|slp
|move|p1b: Umbreon|Foul Play|p2a: Crab-Daddy Feast
|-resisted|p2a: Crab-Daddy Feast|1
|-damage|p2a: Crab-Daddy Feast|27/100 slp
|
|-heal|p1b: Umbreon|42/100|[from] item: Leftovers
|-damage|p2b: Two-Faced Hoe|88/100 brn|[from] brn
|upkeep
|turn|10
|
|t:|1783555153
|move|p2b: Two-Faced Hoe|Play Rough|p1b: Umbreon
|-supereffective|p1b: Umbreon|1
|-damage|p1b: Umbreon|24/100
|-curestatus|p2a: Crab-Daddy Feast|slp|[msg]
|move|p2a: Crab-Daddy Feast|Bulk Up|p2a: Crab-Daddy Feast
|-boost|p2a: Crab-Daddy Feast|atk|1
|-boost|p2a: Crab-Daddy Feast|def|1
|move|p1b: Umbreon|Foul Play|p2a: Crab-Daddy Feast
|-resisted|p2a: Crab-Daddy Feast|1
|-damage|p2a: Crab-Daddy Feast|0 fnt
|faint|p2a: Crab-Daddy Feast
|
|-heal|p1b: Umbreon|30/100|[from] item: Leftovers
|-damage|p2b: Two-Faced Hoe|82/100 brn|[from] brn
|upkeep
|turn|11
|
|t:|1783555171
|move|p1b: Umbreon|Protect|p1b: Umbreon
|-singleturn|p1b: Umbreon|Protect
|move|p2b: Two-Faced Hoe|Play Rough|p1b: Umbreon
|-activate|p1b: Umbreon|move: Protect
|
|-heal|p1b: Umbreon|36/100|[from] item: Leftovers
|-damage|p2b: Two-Faced Hoe|77/100 brn|[from] brn
|upkeep
|turn|12
|
|t:|1783555188
|move|p2b: Two-Faced Hoe|Play Rough|p1b: Umbreon
|-supereffective|p1b: Umbreon|1
|-damage|p1b: Umbreon|20/100y
|move|p1b: Umbreon|Foul Play|p2b: Two-Faced Hoe
|-resisted|p2b: Two-Faced Hoe|1
|-damage|p2b: Two-Faced Hoe|49/100 brn
|
|-heal|p1b: Umbreon|26/100|[from] item: Leftovers
|-damage|p2b: Two-Faced Hoe|43/100 brn|[from] brn
|upkeep
|turn|13
|
|t:|1783555224
|move|p1b: Umbreon|Protect|p1b: Umbreon
|-singleturn|p1b: Umbreon|Protect
|move|p2b: Two-Faced Hoe|Ice Punch|p1b: Umbreon
|-activate|p1b: Umbreon|move: Protect
|
|-heal|p1b: Umbreon|32/100|[from] item: Leftovers
|-damage|p2b: Two-Faced Hoe|38/100 brn|[from] brn
|upkeep
|turn|14
|
|t:|1783555237
|move|p2b: Two-Faced Hoe|Play Rough|p1b: Umbreon
|-supereffective|p1b: Umbreon|1
|-damage|p1b: Umbreon|16/100
|-unboost|p1b: Umbreon|atk|1
|move|p1b: Umbreon|Foul Play|p2b: Two-Faced Hoe
|-resisted|p2b: Two-Faced Hoe|1
|-damage|p2b: Two-Faced Hoe|10/100 brn
|
|-heal|p1b: Umbreon|22/100|[from] item: Leftovers
|-damage|p2b: Two-Faced Hoe|4/100 brn|[from] brn
|-sideend|p1: PJG4487|Reflect
|upkeep
|turn|15
|c|☆applejuice1738|SOLD
|c|☆applejuice1738|SOLD
|c|☆applejuice1738|SOLD
|c|☆applejuice1738|SOLD
|c|☆applejuice1738|SOLD
|c|☆applejuice1738|SOLD
|c|☆applejuice1738|SOLD
|c|☆applejuice1738|SOLD
|c|☆applejuice1738|SOLD
|c|☆applejuice1738|SOLD
|c|☆applejuice1738|SOLD
|c|☆applejuice1738|SOLD
|c|☆applejuice1738|SOLD
|c|☆applejuice1738|SOLD
|c|☆applejuice1738|SOLD
|c|☆applejuice1738|SOLD
|c|☆applejuice1738|SOL
|c|☆applejuice1738|SOLD
|c|☆applejuice1738|CRITTTTTTTTTTTTTTT
|c|☆applejuice1738|CRITTTTTTTTTTTTTTTTTTTTTTTTTT
|
|t:|1783555304
|move|p1b: Umbreon|Protect|p1b: Umbreon
|-singleturn|p1b: Umbreon|Protect
|move|p2b: Two-Faced Hoe|Play Rough|p1b: Umbreon
|-activate|p1b: Umbreon|move: Protect
|
|-heal|p1b: Umbreon|28/100|[from] item: Leftovers
|-damage|p2b: Two-Faced Hoe|0 fnt|[from] brn
|faint|p2b: Two-Faced Hoe
|
|win|PJG4487
||PJG4487 is ready for game 3.
|inactive|applejuice1738 has 30 seconds to confirm battle start!
||applejuice1738 is ready for game 3.
|uhtml|next|Next: Game 3 of 3
