|j|☆TheDoomDraogn
|j|☆Chelicerate1
|html|TheDoomDraognChelicerate1    
|uhtml|bestof|Game 1 of a best-of-3
|t:|1785217292
|gametype|doubles
|player|p1|TheDoomDraogn|gentleman-gen4|1347
|player|p2|Chelicerate1|ethan|1395
|gen|9
|tier|[Gen 9 Champions] VGC 2026 Reg M-B (Bo3)
|rated|
|rule|Species Clause: Limit one of each Pokémon
|rule|Item Clause: Limit 1 of each item
|clearpoke
|poke|p1|Staraptor, L50, M|
|poke|p1|Sinistcha, L50|
|poke|p1|Arcanine-Hisui, L50, M|
|poke|p1|Ninetales-Alola, L50, M|
|poke|p1|Glaceon, L50, F|
|poke|p1|Milotic, L50, M|
|poke|p2|Grimmsnarl, L50, M|
|poke|p2|Basculegion, L50, M|
|poke|p2|Charizard, L50, F|
|poke|p2|Pelipper, L50, M|
|poke|p2|Venusaur, L50, M|
|poke|p2|Archaludon, L50, M|
|teampreview|4
|showteam|p1|Staraptor||Staraptite|Intimidate|CloseCombat,DualWingbeat,Tailwind,Protect|Jolly||M|||50|]Sinistcha||ColburBerry|Hospitality|MatchaGotcha,RagePowder,TrickRoom,StrengthSap|Calm|||||50|]Arcanine-Hisui||FocusSash|RockHead|FlareBlitz,HeadSmash,ExtremeSpeed,Protect|Jolly||M|||50|]Ninetales-Alola||LightClay|SnowWarning|IcyWind,Moonblast,FakeTears,AuroraVeil|Timid||M|||50|]Glaceon||NeverMeltIce|SnowCloak|Blizzard,FreezeDry,Wish,Protect|Modest||F|||50|]Milotic||Leftovers|Competitive|Scald,IcyWind,LifeDew,Protect|Modest||M|||50|
|showteam|p2|Grimmsnarl||LightClay|Prankster|SpiritBreak,PartingShot,Reflect,LightScreen|Sassy||M|||50|]Basculegion||ChoiceScarf|Adaptability|LastRespects,WaveCrash,AquaJet,FlipTurn|Jolly||M|||50|]Charizard||CharizarditeY|Blaze|Protect,HeatWave,WeatherBall,SolarBeam|Modest||F|||50|]Pelipper||SitrusBerry|Drizzle|Hurricane,WeatherBall,Tailwind,WideGuard|Modest||M|||50|]Venusaur||FocusSash|Chlorophyll|SludgeBomb,SleepPowder,EarthPower,Protect|Modest||M|||50|]Archaludon||Leftovers|Stamina|ElectroShot,DragonPulse,FlashCannon,Protect|Calm||M|||50|
|inactive|Battle timer is ON: inactive players will automatically lose when time's up. (requested by Chelicerate1)
|inactive|TheDoomDraogn has 60 seconds left.
|
|t:|1785217324
|teamsize|p1|4
|teamsize|p2|4
|start
|switch|p1a: Staraptor|Staraptor, L50, M|100/100
|switch|p1b: Sinistcha|Sinistcha, L50|100/100
|switch|p2a: Charizard|Charizard, L50, F|100/100
|switch|p2b: Grimmsnarl|Grimmsnarl, L50, M|100/100
|-ability|p1a: Staraptor|Intimidate|boost
|-unboost|p2a: Charizard|atk|1
|-unboost|p2b: Grimmsnarl|atk|1
|turn|1
|j| test13974682
|inactive|TheDoomDraogn has 30 seconds left.
|inactive|Chelicerate1 has 30 seconds left.
|
|t:|1785217353
|detailschange|p1a: Staraptor|Staraptor-Mega, L50, M
|-mega|p1a: Staraptor|Staraptor|Staraptite
|detailschange|p2a: Charizard|Charizard-Mega-Y, L50, F
|-mega|p2a: Charizard|Charizard|Charizardite Y
|-weather|SunnyDay|[from] ability: Drought|[of] p2a: Charizard
|move|p2b: Grimmsnarl|Reflect|p2b: Grimmsnarl
|-sidestart|p2: Chelicerate1|Reflect
|move|p1a: Staraptor|Close Combat|p2b: Grimmsnarl
|-damage|p2b: Grimmsnarl|56/100
|-boost|p1a: Staraptor|def|1
|-boost|p1a: Staraptor|spd|1
|move|p2a: Charizard|Heat Wave|p1a: Staraptor|[spread] p1a,p1b
|-supereffective|p1b: Sinistcha|1
|-damage|p1a: Staraptor|49/100
|-damage|p1b: Sinistcha|0 fnt
|faint|p1b: Sinistcha
|
|-weather|SunnyDay|[upkeep]
|upkeep
|
|t:|1785217366
|switch|p1b: Ninetales|Ninetales-Alola, L50, M|100/100
|-weather|Snowscape|[from] ability: Snow Warning|[of] p1b: Ninetales
|turn|2
|
|t:|1785217388
|move|p2b: Grimmsnarl|Light Screen|p2b: Grimmsnarl
|-sidestart|p2: Chelicerate1|move: Light Screen
|move|p1a: Staraptor|Dual Wingbeat|p2a: Charizard|[miss]
|-miss|p1a: Staraptor|p2a: Charizard
|move|p1b: Ninetales|Icy Wind|p2a: Charizard|[spread] p2a
|-miss|p1b: Ninetales|p2b: Grimmsnarl
|-damage|p2a: Charizard|92/100
|-unboost|p2a: Charizard|spe|1
|move|p2a: Charizard|Weather Ball|p1a: Staraptor
|-supereffective|p1a: Staraptor|1
|-damage|p1a: Staraptor|0 fnt
|faint|p1a: Staraptor
|
|-weather|Snowscape|[upkeep]
|upkeep
|
|t:|1785217400
|switch|p1a: Glaceon|Glaceon, L50, F|100/100
|turn|3
|
|t:|1785217407
|switch|p2a: Pelipper|Pelipper, L50, M|100/100
|-weather|RainDance|[from] ability: Drizzle|[of] p2a: Pelipper
|move|p2b: Grimmsnarl|Parting Shot|p1a: Glaceon
|-unboost|p1a: Glaceon|atk|1
|-unboost|p1a: Glaceon|spa|1
|
|t:|1785217413
|switch|p2b: Archaludon|Archaludon, L50, M|100/100|[from] Parting Shot
|move|p1b: Ninetales|Fake Tears|p2a: Pelipper
|-unboost|p2a: Pelipper|spd|2
|move|p1a: Glaceon|Blizzard|p2b: Archaludon|[spread] p2a
|-miss|p1a: Glaceon|p2b: Archaludon
|-damage|p2a: Pelipper|28/100
|-enditem|p2a: Pelipper|Sitrus Berry|[eat]
|-heal|p2a: Pelipper|53/100|[from] item: Sitrus Berry
|
|-weather|RainDance|[upkeep]
|upkeep
|turn|4
|
|t:|1785217427
|move|p2a: Pelipper|Wide Guard|p2a: Pelipper
|-singleturn|p2a: Pelipper|Wide Guard
|move|p1b: Ninetales|Fake Tears|p2b: Archaludon
|-unboost|p2b: Archaludon|spd|2
|move|p2b: Archaludon|Flash Cannon|p1b: Ninetales
|-supereffective|p1b: Ninetales|2
|-damage|p1b: Ninetales|0 fnt
|faint|p1b: Ninetales
|move|p1a: Glaceon|Blizzard|p2b: Archaludon|[spread] 
|-activate|p2a: Pelipper|move: Wide Guard
|-activate|p2b: Archaludon|move: Wide Guard
|
|-weather|RainDance|[upkeep]
|upkeep
|turn|5
|
|t:|1785217438
|move|p2b: Archaludon|Electro Shot||[still]
|-prepare|p2b: Archaludon|Electro Shot
|-boost|p2b: Archaludon|spa|1
|-anim|p2b: Archaludon|Electro Shot|p1a: Glaceon
|-damage|p1a: Glaceon|46/100
|move|p2a: Pelipper|Weather Ball|p1a: Glaceon
|-damage|p1a: Glaceon|0 fnt
|faint|p1a: Glaceon
|
|win|Chelicerate1
