|j|☆wklgnkr
|j|☆ultraclaw1
|html|wklgnkrultraclaw1    
|uhtml|bestof|Game 2 of a best-of-3
|t:|1783941447
|gametype|doubles
|player|p1|wklgnkr|ingo|1122
|player|p2|ultraclaw1|brycenman|1351
|gen|9
|tier|[Gen 9 Champions] VGC 2026 Reg M-B (Bo3)
|rated|
|rule|Species Clause: Limit one of each Pokémon
|rule|Item Clause: Limit 1 of each item
|clearpoke
|poke|p1|Chandelure, L50, F|
|poke|p1|Torkoal, L50, M|
|poke|p1|Basculegion, L50, M|
|poke|p1|Sneasler, L50, F|
|poke|p1|Whimsicott, L50, F|
|poke|p1|Dragalge, L50, F|
|poke|p2|Maushold, L50|
|poke|p2|Kingambit, L50, M|
|poke|p2|Garchomp, L50, M|
|poke|p2|Basculegion, L50, M|
|poke|p2|Talonflame, L50, M|
|poke|p2|Floette-Eternal, L50, F|
|teampreview|4
|showteam|p1|Chandelure||Chandelurite|FlashFire|ShadowBall,HeatWave,TrickRoom,Protect|Calm||F|||50|]Torkoal||Charcoal|Drought|Eruption,WeatherBall,Protect,HelpingHand|Bold||M|||50|]Basculegion||ChoiceScarf|SwiftSwim|AquaJet,WaveCrash,LastRespects,FlipTurn|Adamant||M|||50|]Sneasler||WhiteHerb|Unburden|CloseCombat,FakeOut,Protect,DireClaw|Jolly||F|||50|]Whimsicott||FocusSash|Prankster|Tailwind,Moonblast,Encore,Protect|Bold||F|||50|]Dragalge||Dragalgite|Adaptability|DragonPulse,SludgeBomb,Scald,Protect|Modest||F|||50|
|showteam|p2|Maushold||FocusSash|FriendGuard|SuperFang,Feint,FollowMe,Protect|Timid|||||50|]Kingambit||ChopleBerry|Defiant|KowtowCleave,SuckerPunch,LowKick,IronHead|Adamant||M|||50|]Garchomp||LifeOrb|RoughSkin|RockSlide,Earthquake,DragonClaw,Protect|Jolly||M|||50|]Basculegion||MysticWater|Adaptability|WaveCrash,LastRespects,AquaJet,Protect|Adamant||M|||50|]Talonflame||SharpBeak|GaleWings|QuickGuard,DualWingbeat,Tailwind,Protect|Jolly||M|||50|]Floette-Eternal||Floettite|FlowerVeil|LightofRuin,Protect,Moonblast,DazzlingGleam|Modest||F|||50|
|inactive|Battle timer is ON: inactive players will automatically lose when time's up. (requested by ultraclaw1)
|
|t:|1783941469
|teamsize|p1|4
|teamsize|p2|4
|start
|switch|p1a: Basculegion|Basculegion, L50, M|100/100
|switch|p1b: Whimsicott|Whimsicott, L50, F|100/100
|switch|p2a: Talonflame|Talonflame, L50, M|100/100
|switch|p2b: Garchomp|Garchomp, L50, M|100/100
|turn|1
|
|t:|1783941480
|move|p2a: Talonflame|Tailwind|p2a: Talonflame
|-sidestart|p2: ultraclaw1|move: Tailwind
|move|p1b: Whimsicott|Tailwind|p1b: Whimsicott
|-sidestart|p1: wklgnkr|move: Tailwind
|move|p1a: Basculegion|Wave Crash|p2b: Garchomp
|-damage|p2b: Garchomp|36/100
|-damage|p1a: Basculegion|87/100|[from] ability: Rough Skin|[of] p2b: Garchomp
|-damage|p1a: Basculegion|68/100|[from] Recoil
|move|p2b: Garchomp|Earthquake|p1b: Whimsicott|[spread] p1a,p1b
|-immune|p2a: Talonflame
|-resisted|p1b: Whimsicott|1
|-damage|p1a: Basculegion|8/100
|-damage|p1b: Whimsicott|76/100
|-damage|p2b: Garchomp|27/100|[from] item: Life Orb
|
|upkeep
|turn|2
|inactive|ultraclaw1 has 30 seconds left.
|
|t:|1783941512
|move|p2a: Talonflame|Dual Wingbeat|p1a: Basculegion
|-damage|p1a: Basculegion|0 fnt
|faint|p1a: Basculegion
|-hitcount|p1: Basculegion|1
|move|p2b: Garchomp|Rock Slide|p1b: Whimsicott
|-damage|p1b: Whimsicott|45/100
|-damage|p2b: Garchomp|17/100|[from] item: Life Orb
|cant|p1b: Whimsicott|flinch
|
|upkeep
|
|t:|1783941524
|switch|p1a: Sneasler|Sneasler, L50, F|100/100
|turn|3
|
|t:|1783941540
|move|p2a: Talonflame|Protect|p2a: Talonflame
|-singleturn|p2a: Talonflame|Protect
|move|p1a: Sneasler|Dire Claw|p2b: Garchomp
|-resisted|p2b: Garchomp|1
|-damage|p2b: Garchomp|0 fnt
|-damage|p1a: Sneasler|87/100|[from] ability: Rough Skin|[of] p2b: Garchomp
|faint|p2b: Garchomp
|move|p1b: Whimsicott|Moonblast|p2a: Talonflame
|-activate|p2a: Talonflame|move: Protect
|
|upkeep
|
|t:|1783941551
|switch|p2b: Basculegion|Basculegion, L50, M|100/100
|turn|4
|
|t:|1783941569
|move|p2a: Talonflame|Dual Wingbeat|p1a: Sneasler
|-supereffective|p1a: Sneasler|1
|-damage|p1a: Sneasler|26/100
|-supereffective|p1a: Sneasler|1
|-damage|p1a: Sneasler|0 fnt
|faint|p1a: Sneasler
|-hitcount|p1: Sneasler|2
|move|p1b: Whimsicott|Encore|p2a: Talonflame
|-start|p2a: Talonflame|Encore
|move|p2b: Basculegion|Last Respects|p1b: Whimsicott
|-damage|p1b: Whimsicott|0 fnt
|faint|p1b: Whimsicott
|
|-sideend|p1: wklgnkr|move: Tailwind
|-sideend|p2: ultraclaw1|move: Tailwind
|upkeep
|
|t:|1783941580
|switch|p1a: Chandelure|Chandelure, L50, F|100/100
|turn|5
|
|t:|1783941585
|detailschange|p1a: Chandelure|Chandelure-Mega, L50, F
|-mega|p1a: Chandelure|Chandelure|Chandelurite
|move|p2a: Talonflame|Dual Wingbeat|p1a: Chandelure
|-damage|p1a: Chandelure|81/100
|-damage|p1a: Chandelure|62/100
|-hitcount|p1a: Chandelure|2
|move|p2b: Basculegion|Wave Crash|p1a: Chandelure
|-supereffective|p1a: Chandelure|1
|-damage|p1a: Chandelure|0 fnt
|faint|p1a: Chandelure
|-damage|p2b: Basculegion|82/100|[from] Recoil
|
|win|ultraclaw1
|raw|wklgnkr's rating: 1122 → 1111(-11 for losing)
|raw|ultraclaw1's rating: 1351 → 1359(+8 for winning)
|l|☆wklgnkr
|player|p1|
