|j|☆DrDooginbun
|j|☆xysting
|html|DrDooginbunxysting    
|uhtml|bestof|Game 1 of a best-of-3
|t:|1785266798
|gametype|doubles
|player|p1|DrDooginbun|2|
|player|p2|xysting|169|
|gen|9
|tier|[Gen 9 Champions] VGC 2026 Reg M-B (Bo3)
|rule|Species Clause: Limit one of each Pokémon
|rule|Item Clause: Limit 1 of each item
|clearpoke
|poke|p1|Pelipper, L50, M|
|poke|p1|Archaludon, L50, M|
|poke|p1|Basculegion, L50, M|
|poke|p1|Dragonite, L50, F, shiny|
|poke|p1|Toxapex, L50, M, shiny|
|poke|p1|Charizard, L50, M, shiny|
|poke|p2|Metagross, L50|
|poke|p2|Excadrill, L50, F|
|poke|p2|Mamoswine, L50, M|
|poke|p2|Raichu, L50, F|
|poke|p2|Charizard, L50, F|
|poke|p2|Abomasnow, L50, F|
|teampreview|4
|showteam|p1|Pelipper||DampRock|Drizzle|Tailwind,Uturn,Protect,Hurricane|Calm||M|||50|]Archaludon||Leftovers|Stamina|ElectroShot,DracoMeteor,AuraSphere,Protect|Modest||M|||50|]Basculegion||LifeOrb|SwiftSwim|WaveCrash,FlipTurn,LastRespects,PsychicFangs|Careful||M|||50|]Dragonite||Dragoninite|Multiscale|Hurricane,Thunder,DracoMeteor,Protect|Bold||F|||50|]Toxapex||SitrusBerry|Merciless|BanefulBunker,ToxicSpikes,SludgeWave,Recover|Calm||M|||50|]Charizard||ChoiceScarf|Blaze|WillOWisp,Protect,WeatherBall,Hurricane|Modest||M|||50|
|showteam|p2|Metagross||Metagrossite|ClearBody|Earthquake,BodySlam,HammerArm,IcePunch|Adamant|||||50|]Excadrill||Excadrite|SandRush|FocusBlast,IronHead,RockBlast,ThroatChop|Adamant||F|||50|]Mamoswine||FocusSash|Oblivious|Avalanche,HeavySlam,IcicleSpear,Trailblaze|Careful||M|||50|]Raichu||ChoiceScarf|Static|Facade,DrainingKiss,FocusBlast,Thunder|Gentle||F|||50|]Charizard||Leftovers|Blaze|AirSlash,DragonClaw,FlareBlitz,IronTail|Hasty||F|||50|]Abomasnow||MentalHerb|SnowWarning|GigaDrain,WeatherBall,BodySlam,IceBeam|Quiet||F|||50|
|
|t:|1785266864
|teamsize|p1|4
|teamsize|p2|4
|start
|switch|p1a: Archaludon|Archaludon, L50, M|100/100
|switch|p1b: Basculegion|Basculegion, L50, M|100/100
|switch|p2a: Metagross|Metagross, L50|100/100
|switch|p2b: Mamoswine|Mamoswine, L50, M|100/100
|turn|1
|
|t:|1785266915
|move|p1a: Archaludon|Aura Sphere|p2b: Mamoswine
|-supereffective|p2b: Mamoswine|1
|-damage|p2b: Mamoswine|45/100
|move|p2b: Mamoswine|Trailblaze|p1b: Basculegion
|-supereffective|p1b: Basculegion|1
|-damage|p1b: Basculegion|72/100
|-boost|p2b: Mamoswine|spe|1
|move|p1b: Basculegion|Wave Crash|p2b: Mamoswine
|-supereffective|p2b: Mamoswine|1
|-damage|p2b: Mamoswine|0 fnt
|faint|p2b: Mamoswine
|-damage|p1b: Basculegion|57/100|[from] Recoil
|-damage|p1b: Basculegion|47/100|[from] item: Life Orb
|move|p2a: Metagross|Hammer Arm|p1a: Archaludon
|-supereffective|p1a: Archaludon|1
|-damage|p1a: Archaludon|46/100
|-unboost|p2a: Metagross|spe|1
|-ability|p1a: Archaludon|Stamina|boost
|-boost|p1a: Archaludon|def|1
|
|-heal|p1a: Archaludon|52/100|[from] item: Leftovers
|upkeep
|
|t:|1785266941
|switch|p2b: Raichu|Raichu, L50, F|100/100
|turn|2
|
|t:|1785266965
|detailschange|p2a: Metagross|Metagross-Mega, L50
|-mega|p2a: Metagross|Metagross|Metagrossite
|move|p1a: Archaludon|Protect|p1a: Archaludon
|-singleturn|p1a: Archaludon|Protect
|move|p2b: Raichu|Draining Kiss|p1b: Basculegion
|-damage|p1b: Basculegion|38/100
|move|p1b: Basculegion|Last Respects|p2a: Metagross
|-supereffective|p2a: Metagross|1
|-damage|p2a: Metagross|58/100
|-damage|p1b: Basculegion|28/100|[from] item: Life Orb
|move|p2a: Metagross|Hammer Arm|p1a: Archaludon
|-activate|p1a: Archaludon|move: Protect
|
|-heal|p1a: Archaludon|58/100|[from] item: Leftovers
|upkeep
|turn|3
|
|t:|1785267000
|move|p2b: Raichu|Draining Kiss|p1b: Basculegion
|-damage|p1b: Basculegion|19/100
|move|p1a: Archaludon|Aura Sphere|p2a: Metagross
|-crit|p2a: Metagross
|-damage|p2a: Metagross|21/100
|move|p1b: Basculegion|Last Respects|p2a: Metagross
|-supereffective|p2a: Metagross|1
|-damage|p2a: Metagross|0 fnt
|faint|p2a: Metagross
|-damage|p1b: Basculegion|9/100|[from] item: Life Orb
|
|-heal|p1a: Archaludon|64/100|[from] item: Leftovers
|upkeep
|
|t:|1785267014
|switch|p2a: Abomasnow|Abomasnow, L50, F|100/100
|-weather|Snowscape|[from] ability: Snow Warning|[of] p2a: Abomasnow
|turn|4
|
|t:|1785267028
|move|p2b: Raichu|Draining Kiss|p1a: Archaludon
|-damage|p1a: Archaludon|52/100
|-ability|p1a: Archaludon|Stamina|boost
|-boost|p1a: Archaludon|def|1
|move|p1a: Archaludon|Aura Sphere|p2a: Abomasnow
|-supereffective|p2a: Abomasnow|1
|-damage|p2a: Abomasnow|43/100
|move|p1b: Basculegion|Psychic Fangs|p2a: Abomasnow
|-damage|p2a: Abomasnow|16/100
|-damage|p1b: Basculegion|0 fnt|[from] item: Life Orb
|faint|p1b: Basculegion
|move|p2a: Abomasnow|Giga Drain|p1a: Archaludon
|-resisted|p1a: Archaludon|2
|-damage|p1a: Archaludon|43/100
|-heal|p2a: Abomasnow|20/100y|[from] drain|[of] p1a: Archaludon
|-ability|p1a: Archaludon|Stamina|boost
|-boost|p1a: Archaludon|def|1
|
|-weather|Snowscape|[upkeep]
|-heal|p1a: Archaludon|49/100|[from] item: Leftovers
|upkeep
|
|t:|1785267045
|switch|p1b: Pelipper|Pelipper, L50, M|100/100
|-weather|RainDance|[from] ability: Drizzle|[of] p1b: Pelipper
|turn|5
|
|t:|1785267067
|move|p2b: Raichu|Draining Kiss|p2a: Abomasnow
|-damage|p2a: Abomasnow|9/100
|move|p1a: Archaludon|Aura Sphere|p2a: Abomasnow
|-supereffective|p2a: Abomasnow|1
|-damage|p2a: Abomasnow|0 fnt
|faint|p2a: Abomasnow
|move|p1b: Pelipper|Tailwind|p1b: Pelipper
|-sidestart|p1: DrDooginbun|move: Tailwind
|
|-weather|RainDance|[upkeep]
|-heal|p1a: Archaludon|55/100|[from] item: Leftovers
|upkeep
|turn|6
|
|t:|1785267091
|move|p1a: Archaludon|Draco Meteor|p2b: Raichu
|-damage|p2b: Raichu|26/100
|-unboost|p1a: Archaludon|spa|2
|move|p2b: Raichu|Draining Kiss|p1b: Pelipper
|-damage|p1b: Pelipper|88/100
|-heal|p2b: Raichu|34/100|[from] drain|[of] p1b: Pelipper
|move|p1b: Pelipper|Hurricane|p2b: Raichu
|-resisted|p2b: Raichu|1
|-damage|p2b: Raichu|14/100
|
|-weather|RainDance|[upkeep]
|-heal|p1a: Archaludon|62/100|[from] item: Leftovers
|upkeep
|turn|7
|
|t:|1785267107
|move|p1a: Archaludon|Draco Meteor|p2b: Raichu
|-damage|p2b: Raichu|0 fnt
|-unboost|p1a: Archaludon|spa|2
|faint|p2b: Raichu
|
|win|DrDooginbun
||DrDooginbun is ready for game 2.
|inactive|xysting has 30 seconds to confirm battle start!
||xysting is ready for game 2.
|uhtml|next|Next: Game 2 of 3
