|j|☆nutbuster151
|j|☆lillyrosethedemon
|html|nutbuster151lillyrosethedemon    
|uhtml|bestof|Game 3 of a best-of-3
|t:|1785093397
|gametype|doubles
|player|p1|nutbuster151|acetrainer|1263
|player|p2|lillyrosethedemon|madame|1326
|gen|9
|tier|[Gen 9 Champions] VGC 2026 Reg M-B (Bo3)
|rated|
|rule|Species Clause: Limit one of each Pokémon
|rule|Item Clause: Limit 1 of each item
|clearpoke
|poke|p1|Tyranitar, L50, F|
|poke|p1|Excadrill, L50, M|
|poke|p1|Milotic, L50, F|
|poke|p1|Sinistcha, L50|
|poke|p1|Staraptor, L50, F|
|poke|p1|Gholdengo, L50|
|poke|p2|Staraptor, L50, M|
|poke|p2|Gholdengo, L50|
|poke|p2|Sinistcha, L50|
|poke|p2|Milotic, L50, F|
|poke|p2|Raichu, L50, M|
|poke|p2|Hydreigon, L50, F|
|teampreview|4
|showteam|p1|Tyranitar||Tyranitarite|SandStream|KnockOff,RockSlide,HighHorsepower,Protect|Jolly||F|||50|]Excadrill||FocusSash|SandRush|HighHorsepower,IronHead,RockSlide,Protect|Adamant||M|||50|]Milotic||SitrusBerry|Competitive|Scald,IcyWind,Haze,Protect|Calm||F|||50|]Sinistcha||ColburBerry|Hospitality|MatchaGotcha,ShadowBall,Protect,RagePowder|Bold|||||50|]Staraptor||Staraptite|Intimidate|CloseCombat,BraveBird,Tailwind,Protect|Jolly||F|||50|]Gholdengo||LifeOrb|GoodasGold|MakeItRain,ShadowBall,NastyPlot,Protect|Modest|||||50|
|showteam|p2|Staraptor||Staraptite|Intimidate|BraveBird,CloseCombat,Protect,Tailwind|Jolly||M|||50|]Gholdengo||SitrusBerry|GoodasGold|NastyPlot,ShadowBall,MakeItRain,Protect|Modest|||||50|]Sinistcha||KasibBerry|Hospitality|MatchaGotcha,TrickRoom,RagePowder,Protect|Relaxed|||||50|]Milotic||Leftovers|Competitive|Haze,IcyWind,Scald,Protect|Calm||F|||50|]Raichu||RaichuniteY|LightningRod|ZapCannon,FakeOut,FocusBlast,Protect|Hasty||M|||50|]Hydreigon||ChoiceScarf|Levitate|Snarl,DracoMeteor,DarkPulse,HeatWave|Timid||F|||50|
|inactive|Battle timer is ON: inactive players will automatically lose when time's up. (requested by lillyrosethedemon)
|inactive|nutbuster151 has 60 seconds left.
|
|t:|1785093527
|teamsize|p1|4
|teamsize|p2|4
|start
|switch|p1a: Staraptor|Staraptor, L50, F|100/100
|switch|p1b: Excadrill|Excadrill, L50, M|100/100
|switch|p2a: Raichu|Raichu, L50, M|100/100
|switch|p2b: Hydreigon|Hydreigon, L50, F|100/100
|-ability|p1a: Staraptor|Intimidate|boost
|-unboost|p2a: Raichu|atk|1
|-unboost|p2b: Hydreigon|atk|1
|turn|1
|inactive|nutbuster151 has 30 seconds left.
|
|t:|1785093559
|switch|p2a: Staraptor|Staraptor, L50, M|100/100
|-ability|p2a: Staraptor|Intimidate|boost
|-unboost|p1a: Staraptor|atk|1
|-unboost|p1b: Excadrill|atk|1
|switch|p1b: Sinistcha|Sinistcha, L50|100/100
|detailschange|p1a: Staraptor|Staraptor-Mega, L50, F
|-mega|p1a: Staraptor|Staraptor|Staraptite
|move|p1a: Staraptor|Protect|p1a: Staraptor
|-singleturn|p1a: Staraptor|Protect
|move|p2b: Hydreigon|Heat Wave|p1b: Sinistcha|[spread] 
|-activate|p1a: Staraptor|move: Protect
|-miss|p2b: Hydreigon|p1b: Sinistcha
|
|upkeep
|turn|2
|inactive|nutbuster151 has 30 seconds left.
|inactive|lillyrosethedemon has 30 seconds left.
|
|t:|1785093590
|move|p1b: Sinistcha|Protect|p1b: Sinistcha
|-singleturn|p1b: Sinistcha|Protect
|move|p2b: Hydreigon|Heat Wave|p1b: Sinistcha|[spread] p1a
|-activate|p1b: Sinistcha|move: Protect
|-damage|p1a: Staraptor|75/100
|move|p1a: Staraptor|Tailwind|p1a: Staraptor
|-sidestart|p1: nutbuster151|move: Tailwind
|move|p2a: Staraptor|Tailwind|p2a: Staraptor
|-sidestart|p2: lillyrosethedemon|move: Tailwind
|
|upkeep
|turn|3
|inactive|nutbuster151 has 30 seconds left.
|inactive|nutbuster151 has 20 seconds left.
|inactive|nutbuster151 has 15 seconds left.
|inactive|nutbuster151 has 10 seconds left.
|
|t:|1785093640
|switch|p2b: Gholdengo|Gholdengo, L50|100/100
|move|p1a: Staraptor|Close Combat|p2a: Staraptor
|-damage|p2a: Staraptor|43/100
|-boost|p1a: Staraptor|def|1
|-boost|p1a: Staraptor|spd|1
|move|p2a: Staraptor|Brave Bird|p1a: Staraptor
|-supereffective|p1a: Staraptor|1
|-damage|p1a: Staraptor|0 fnt
|faint|p1a: Staraptor
|-damage|p2a: Staraptor|15/100|[from] Recoil
|move|p1b: Sinistcha|Shadow Ball|p2b: Gholdengo
|-supereffective|p2b: Gholdengo|1
|-damage|p2b: Gholdengo|40/100
|-enditem|p2b: Gholdengo|Sitrus Berry|[eat]
|-heal|p2b: Gholdengo|64/100|[from] item: Sitrus Berry
|
|upkeep
|inactive|nutbuster151 has 30 seconds left.
|inactive|nutbuster151 has 20 seconds left.
|
|t:|1785093678
|switch|p1a: Gholdengo|Gholdengo, L50|100/100
|turn|4
|inactive|nutbuster151 has 30 seconds left.
|inactive|nutbuster151 has 20 seconds left.
|inactive|nutbuster151 has 15 seconds left.
|inactive|nutbuster151 has 10 seconds left.
|
|t:|1785093728
|move|p1b: Sinistcha|Protect|p1b: Sinistcha
|-singleturn|p1b: Sinistcha|Protect
|move|p2a: Staraptor|Brave Bird|p1b: Sinistcha
|-activate|p1b: Sinistcha|move: Protect
|move|p2b: Gholdengo|Shadow Ball|p1a: Gholdengo
|-supereffective|p1a: Gholdengo|1
|-damage|p1a: Gholdengo|26/100
|-unboost|p1a: Gholdengo|spd|1
|move|p1a: Gholdengo|Shadow Ball|p2b: Gholdengo
|-supereffective|p2b: Gholdengo|1
|-damage|p2b: Gholdengo|0 fnt
|faint|p2b: Gholdengo
|-damage|p1a: Gholdengo|17/100|[from] item: Life Orb
|
|upkeep
|
|t:|1785093742
|switch|p2b: Hydreigon|Hydreigon, L50, F|100/100
|turn|5
|inactive|nutbuster151 has 30 seconds left.
|inactive|nutbuster151 has 20 seconds left.
|inactive|nutbuster151 has 15 seconds left.
|inactive|nutbuster151 has 10 seconds left.
|
|t:|1785093789
|switch|p1b: Excadrill|Excadrill, L50, M|100/100
|move|p1a: Gholdengo|Protect|p1a: Gholdengo
|-singleturn|p1a: Gholdengo|Protect
|move|p2b: Hydreigon|Heat Wave|p1b: Excadrill|[spread] p1b
|-activate|p1a: Gholdengo|move: Protect
|-supereffective|p1b: Excadrill|1
|-damage|p1b: Excadrill|31/100
|move|p2a: Staraptor|Brave Bird|p1b: Excadrill
|-resisted|p1b: Excadrill|1
|-damage|p1b: Excadrill|0 fnt
|faint|p1b: Excadrill
|-damage|p2a: Staraptor|4/100|[from] Recoil
|
|-sideend|p1: nutbuster151|move: Tailwind
|-sideend|p2: lillyrosethedemon|move: Tailwind
|upkeep
|
|t:|1785093805
|switch|p1b: Sinistcha|Sinistcha, L50|100/100
|-heal|p1a: Gholdengo|42/100|[from] ability: Hospitality|[of] p1b: Sinistcha
|turn|6
|inactive|nutbuster151 has 30 seconds left.
|inactive|nutbuster151 has 20 seconds left.
|inactive|nutbuster151 has 15 seconds left.
|
|t:|1785093850
|detailschange|p2a: Staraptor|Staraptor-Mega, L50, M
|-mega|p2a: Staraptor|Staraptor|Staraptite
|move|p1b: Sinistcha|Rage Powder|p1b: Sinistcha
|-singleturn|p1b: Sinistcha|move: Rage Powder
|move|p2b: Hydreigon|Heat Wave|p1a: Gholdengo|[spread] p1a,p1b
|-supereffective|p1a: Gholdengo|1
|-supereffective|p1b: Sinistcha|1
|-damage|p1a: Gholdengo|0 fnt
|-damage|p1b: Sinistcha|49/100
|-status|p1b: Sinistcha|brn
|faint|p1a: Gholdengo
|move|p2a: Staraptor|Brave Bird|p1b: Sinistcha
|-supereffective|p1b: Sinistcha|1
|-damage|p1b: Sinistcha|0 fnt
|faint|p1b: Sinistcha
|-damage|p2a: Staraptor|0 fnt|[from] Recoil
|faint|p2a: Staraptor
|
|win|lillyrosethedemon
|raw|nutbuster151's rating: 1263 → 1242(-21 for losing)
|raw|lillyrosethedemon's rating: 1326 → 1342(+16 for winning)
|l|☆lillyrosethedemon
|player|p2|
|j|☆lillyrosethedemon
|player|p2|lillyrosethedemon|madame|
|l|☆lillyrosethedemon
|player|p2|
