|j|☆Jerry Judewong
|j|☆astuarywave
|html|Jerry Judewongastuarywave    
|uhtml|bestof|Game 2 of a best-of-3
|t:|1785120534
|gametype|doubles
|player|p1|Jerry Judewong|hilbert-wonderlauncher|
|player|p2|astuarywave|hoopster|
|gen|9
|tier|[Gen 9 Champions] VGC 2026 Reg M-B (Bo3)
|rule|Species Clause: Limit one of each Pokémon
|rule|Item Clause: Limit 1 of each item
|clearpoke
|poke|p1|Incineroar, L50, F|
|poke|p1|Farigiraf, L50, M|
|poke|p1|Mawile, L50, M|
|poke|p1|Ariados, L50, M|
|poke|p1|Roserade, L50, M|
|poke|p1|Alcremie, L50, F|
|poke|p2|Rotom-Heat, L50, shiny|
|poke|p2|Sylveon, L50, F, shiny|
|poke|p2|Sceptile, L50, M, shiny|
|poke|p2|Aerodactyl, L50, F|
|poke|p2|Meowscarada, L50, F|
|poke|p2|Sableye, L50, M, shiny|
|teampreview|4
|showteam|p1|Incineroar||PasshoBerry|Intimidate|FakeOut,PartingShot,FlareBlitz,DarkestLariat|Careful||F|||50|]Farigiraf||ColburBerry|ArmorTail|TrickRoom,HyperVoice,Thunderbolt,TwinBeam|Modest||M|||50|]Mawile||Mawilite|Intimidate|SuckerPunch,PlayRough,RockSlide,Protect|Adamant||M|||50|]Ariados||MentalHerb|Insomnia|RagePowder,FirstImpression,StruggleBug,Protect|Sassy||M|||50|]Roserade||ChoiceScarf|PoisonPoint|GrassKnot,SludgeBomb,DazzlingGleam,Extrasensory|Modest||M|||50|]Alcremie||KebiaBerry|AromaVeil|Decorate,BabyDollEyes,Encore,AlluringVoice|Sassy||F|||50|
|showteam|p2|Rotom-Heat||ChoiceScarf|Levitate|Overheat,Discharge,VoltSwitch,WillOWisp|Timid|||||50|]Sylveon||FairyFeather|Pixilate|Detect,HyperVoice,Moonblast,QuickAttack|Modest||F|||50|]Sceptile||Sceptilite|Overgrow|Detect,DragonPulse,EnergyBall,EarthPower|Timid||M|||50|]Aerodactyl||Aerodactylite|Unnerve|WideGuard,DualWingbeat,RockSlide,Earthquake|Jolly||F|||50|]Meowscarada||LifeOrb|Protean|KnockOff,FlowerTrick,TripleAxel,Protect|Jolly||F|||50|]Sableye||LightClay|Prankster|LightScreen,WillOWisp,SuckerPunch,Encore|Impish||M|||50|
|
|t:|1785120560
|teamsize|p1|4
|teamsize|p2|4
|start
|switch|p1a: Incineroar|Incineroar, L50, F|100/100
|switch|p1b: Farigiraf|Farigiraf, L50, M|100/100
|switch|p2a: Meowscarada|Meowscarada, L50, F|100/100
|switch|p2b: Sceptile|Sceptile, L50, M, shiny|100/100
|-ability|p1a: Incineroar|Intimidate|boost
|-unboost|p2a: Meowscarada|atk|1
|-unboost|p2b: Sceptile|atk|1
|turn|1
|
|t:|1785120582
|detailschange|p2b: Sceptile|Sceptile-Mega, L50, M, shiny
|-mega|p2b: Sceptile|Sceptile|Sceptilite
|move|p1a: Incineroar|Fake Out|p2a: Meowscarada
|-damage|p2a: Meowscarada|80/100
|move|p2b: Sceptile|Earth Power|p1a: Incineroar
|-supereffective|p1a: Incineroar|1
|-damage|p1a: Incineroar|47/100
|cant|p2a: Meowscarada|flinch
|move|p1b: Farigiraf|Trick Room|p1b: Farigiraf
|-fieldstart|move: Trick Room|[of] p1b: Farigiraf
|
|upkeep
|turn|2
|
|t:|1785120609
|move|p1b: Farigiraf|Hyper Voice|p2b: Sceptile|[spread] p2a,p2b
|-damage|p2a: Meowscarada|37/100
|-damage|p2b: Sceptile|55/100
|move|p1a: Incineroar|Flare Blitz|p2a: Meowscarada
|-supereffective|p2a: Meowscarada|1
|-damage|p2a: Meowscarada|0 fnt
|faint|p2a: Meowscarada
|-damage|p1a: Incineroar|37/100|[from] Recoil
|move|p2b: Sceptile|Earth Power|p1a: Incineroar
|-supereffective|p1a: Incineroar|1
|-damage|p1a: Incineroar|0 fnt
|faint|p1a: Incineroar
|
|upkeep
|
|t:|1785120625
|switch|p1a: Alcremie|Alcremie, L50, F|100/100
|switch|p2a: Rotom|Rotom-Heat, L50, shiny|100/100
|turn|3
|
|t:|1785120663
|move|p2b: Sceptile|Detect|p2b: Sceptile
|-singleturn|p2b: Sceptile|Protect
|move|p1a: Alcremie|Decorate|p1b: Farigiraf
|-boost|p1b: Farigiraf|atk|2
|-boost|p1b: Farigiraf|spa|2
|move|p1b: Farigiraf|Hyper Voice|p2b: Sceptile|[spread] p2a
|-activate|p2b: Sceptile|move: Protect
|-damage|p2a: Rotom|21/100
|move|p2a: Rotom|Overheat|p1a: Alcremie
|-damage|p1a: Alcremie|58/100
|-unboost|p2a: Rotom|spa|2
|
|upkeep
|turn|4
|
|t:|1785120682
|switch|p2b: Sylveon|Sylveon, L50, F, shiny|100/100
|move|p1a: Alcremie|Encore||[still]
|-fail|p1a: Alcremie
|move|p1b: Farigiraf|Hyper Voice|p2b: Sylveon|[spread] p2a,p2b
|-damage|p2a: Rotom|0 fnt
|-damage|p2b: Sylveon|55/100
|faint|p2a: Rotom
|
|upkeep
|
|t:|1785120690
|switch|p2a: Sceptile|Sceptile-Mega, L50, M, shiny|55/100
|turn|5
|
|t:|1785120709
|move|p1a: Alcremie|Decorate|p1b: Farigiraf
|-boost|p1b: Farigiraf|atk|2
|-boost|p1b: Farigiraf|spa|2
|move|p1b: Farigiraf|Hyper Voice|p2a: Sceptile|[spread] p2a,p2b
|-damage|p2a: Sceptile|0 fnt
|-damage|p2b: Sylveon|0 fnt
|faint|p2a: Sceptile
|faint|p2b: Sylveon
|
|win|Jerry Judewong
