|j|☆VicSaus53
|j|☆ScottieVGC
|html|VicSaus53ScottieVGC    
|uhtml|bestof|Game 1 of a best-of-3
|t:|1782594844
|gametype|doubles
|player|p1|VicSaus53|giovanni|1111
|player|p2|ScottieVGC|101|1097
|gen|9
|tier|[Gen 9 Champions] VGC 2026 Reg M-B (Bo3)
|rated|
|rule|Species Clause: Limit one of each Pokémon
|rule|Item Clause: Limit 1 of each item
|clearpoke
|poke|p1|Raichu, L50, F|
|poke|p1|Ceruledge, L50, M|
|poke|p1|Farigiraf, L50, M|
|poke|p1|Torkoal, L50, F|
|poke|p1|Vileplume, L50, F|
|poke|p1|Scrafty, L50, F|
|poke|p2|Swampert, L50, M|
|poke|p2|Sableye, L50, F|
|poke|p2|Metagross, L50|
|poke|p2|Talonflame, L50, M|
|poke|p2|Archaludon, L50, M|
|poke|p2|Sylveon, L50, F|
|teampreview|4
|showteam|p1|Raichu||RaichuniteY|LightningRod|ZapCannon,FocusBlast,FakeOut,Protect|Timid||F|||50|]Ceruledge||LifeOrb|FlashFire|BitterBlade,ShadowSneak,BulkUp,Protect|Adamant||M|||50|]Farigiraf||ColburBerry|ArmorTail|TwinBeam,Thunderbolt,HelpingHand,TrickRoom|Relaxed||M|||50|]Torkoal||Charcoal|Drought|Eruption,WeatherBall,HelpingHand,Protect|Quiet||F|||50|]Vileplume||FocusSash|Chlorophyll|LeafStorm,SludgeBomb,SleepPowder,AfterYou|Timid||F|||50|]Scrafty||Scraftinite|Intimidate|DrainPunch,KnockOff,IcePunch,FakeOut|Brave||F|||50|
|showteam|p2|Swampert||Swampertite|Torrent|Waterfall,Earthquake,IcePunch,Protect|Adamant||M|||50|]Sableye||MentalHerb|Prankster|RainDance,WillOWisp,FakeOut,Quash|Careful||F|||50|]Metagross||Metagrossite|ClearBody|PsychicFangs,MeteorMash,RockSlide,Protect|Jolly|||||50|]Talonflame||SitrusBerry|GaleWings|Tailwind,FlareBlitz,DualWingbeat,Roost|Impish||M|||50|]Archaludon||LifeOrb|Stamina|ElectroShot,DracoMeteor,FlashCannon,Protect|Timid||M|||50|]Sylveon||Leftovers|Pixilate|HyperVoice,QuickAttack,Protect,Yawn|Calm||F|||50|
|
|t:|1782594874
|teamsize|p1|4
|teamsize|p2|4
|start
|switch|p1a: Ceruledge|Ceruledge, L50, M|100/100
|switch|p1b: Vileplume|Vileplume, L50, F|100/100
|switch|p2a: Sableye|Sableye, L50, F|100/100
|switch|p2b: Swampert|Swampert, L50, M|100/100
|turn|1
|
|t:|1782594930
|detailschange|p2b: Swampert|Swampert-Mega, L50, M
|-mega|p2b: Swampert|Swampert|Swampertite
|move|p1a: Ceruledge|Protect|p1a: Ceruledge
|-singleturn|p1a: Ceruledge|Protect
|move|p2a: Sableye|Fake Out|p1b: Vileplume
|-damage|p1b: Vileplume|90/100
|move|p2b: Swampert|Waterfall|p1a: Ceruledge
|-activate|p1a: Ceruledge|move: Protect
|cant|p1b: Vileplume|flinch
|
|upkeep
|turn|2
|
|t:|1782594955
|switch|p1a: Raichu|Raichu, L50, F|100/100
|move|p2a: Sableye|Quash||[still]
|-fail|p2a: Sableye
|move|p2b: Swampert|Ice Punch|p1b: Vileplume
|-supereffective|p1b: Vileplume|1
|-damage|p1b: Vileplume|9/100
|move|p1b: Vileplume|Sleep Powder|p2a: Sableye
|-status|p2a: Sableye|slp|[from] move: Sleep Powder
|
|upkeep
|turn|3
|
|t:|1782594981
|detailschange|p1a: Raichu|Raichu-Mega-Y, L50, F
|-mega|p1a: Raichu|Raichu|Raichunite Y
|cant|p2a: Sableye|slp
|move|p1a: Raichu|Zap Cannon|p2a: Sableye
|-damage|p2a: Sableye|36/100 slp
|move|p2b: Swampert|Earthquake|p1a: Raichu|[spread] p2a,p1a,p1b
|-supereffective|p1a: Raichu|1
|-crit|p1b: Vileplume
|-damage|p2a: Sableye|0 fnt
|-damage|p1a: Raichu|0 fnt
|-damage|p1b: Vileplume|0 fnt
|faint|p2a: Sableye
|faint|p1a: Raichu
|faint|p1b: Vileplume
|
|upkeep
|
|t:|1782594994
|switch|p1a: Ceruledge|Ceruledge, L50, M|100/100
|switch|p1b: Torkoal|Torkoal, L50, F|100/100
|switch|p2a: Sylveon|Sylveon, L50, F|100/100
|-weather|SunnyDay|[from] ability: Drought|[of] p1b: Torkoal
|turn|4
|
|t:|1782595053
|move|p1b: Torkoal|Helping Hand|p1a: Ceruledge
|-singleturn|p1a: Ceruledge|Helping Hand|[of] p1b: Torkoal
|move|p2a: Sylveon|Protect|p2a: Sylveon
|-singleturn|p2a: Sylveon|Protect
|move|p2b: Swampert|Earthquake|p1a: Ceruledge|[spread] p1a,p1b
|-activate|p2a: Sylveon|move: Protect
|-supereffective|p1a: Ceruledge|1
|-supereffective|p1b: Torkoal|1
|-damage|p1a: Ceruledge|0 fnt
|-damage|p1b: Torkoal|31/100
|faint|p1a: Ceruledge
|
|-weather|SunnyDay|[upkeep]
|upkeep
|turn|5
|-message|VicSaus53 forfeited.
|
|win|ScottieVGC
||ScottieVGC is ready for game 2.
||VicSaus53 is ready for game 2.
|uhtml|next|Next: Game 2 of 3
|l|☆ScottieVGC
|player|p2|
