|j|☆chatgptdraftduel
|j|☆rager88
|html|chatgptdraftduelrager88    
|uhtml|bestof|Game 2 of a best-of-3
|t:|1786161766
|gametype|doubles
|player|p1|chatgptdraftduel|170|
|player|p2|rager88|2|
|gen|9
|tier|[Gen 9 Champions] VGC 2026 Reg M-B (Bo3)
|rule|Species Clause: Limit one of each Pokémon
|rule|Item Clause: Limit 1 of each item
|clearpoke
|poke|p1|Typhlosion, L50, M|
|poke|p1|Feraligatr, L50, F|
|poke|p1|Houndoom, L50, M|
|poke|p1|Absol, L50, F|
|poke|p1|Espeon, L50, M|
|poke|p1|Forretress, L50, M|
|poke|p2|Jolteon, L50, M|
|poke|p2|Charizard, L50, F|
|poke|p2|Clefable, L50, M|
|poke|p2|Tauros-Paldea-Aqua, L50, M|
|poke|p2|Kangaskhan, L50, F|
|poke|p2|Ninetales-Alola, L50, M|
|teampreview|4
|showteam|p1|Typhlosion||ChoiceScarf|Blaze|Eruption,HeatWave,FocusBlast,SolarBeam|Modest||M|||50|]Feraligatr||LumBerry|Torrent|DragonDance,Waterfall,IcePunch,Protect|Adamant||F|||50|]Houndoom||Houndoominite|FlashFire|HeatWave,DarkPulse,Snarl,Protect|Timid||M|||50|]Absol||Absolite|Pressure|KnockOff,SuckerPunch,PlayRough,Protect|Jolly||F|||50|]Espeon||FocusSash|MagicBounce|Psychic,DazzlingGleam,HelpingHand,Protect|Timid||M|||50|]Forretress||Leftovers|Sturdy|GyroBall,BodyPress,VoltSwitch,Protect|Relaxed||M|||50|
|showteam|p2|Jolteon||Magnet|VoltAbsorb|Electroweb,EerieImpulse,Thunderbolt,Protect|Timid||M|||50|]Charizard||CharizarditeX|Blaze|DragonDance,DragonClaw,FlareBlitz,Protect|Adamant||F|||50|]Clefable||Leftovers|Unaware|FollowMe,Encore,Moonblast,HealPulse|Bold||M|||50|]Tauros-Paldea-Aqua||SitrusBerry|CudChew|CloseCombat,WaveCrash,Protect,Trailblaze|Adamant||M|||50|]Kangaskhan||Kangaskhanite|Scrappy|FakeOut,LastResort|Jolly||F|||50|]Ninetales-Alola||FocusSash|SnowWarning|Protect,Howl,AuroraVeil,FreezeDry|Timid||M|||50|
|
|t:|1786161818
|teamsize|p1|4
|teamsize|p2|4
|start
|switch|p1a: Absol|Absol, L50, F|100/100
|switch|p1b: Espeon|Espeon, L50, M|100/100
|switch|p2a: Kangaskhan|Kangaskhan, L50, F|100/100
|switch|p2b: Ninetales|Ninetales-Alola, L50, M|100/100
|-weather|Snowscape|[from] ability: Snow Warning|[of] p2b: Ninetales
|-ability|p1a: Absol|Pressure
|turn|1
|
|t:|1786161912
|detailschange|p2a: Kangaskhan|Kangaskhan-Mega, L50, F
|-mega|p2a: Kangaskhan|Kangaskhan|Kangaskhanite
|detailschange|p1a: Absol|Absol-Mega, L50, F
|-mega|p1a: Absol|Absol|Absolite
|move|p2a: Kangaskhan|Fake Out|p1b: Espeon
|-damage|p1b: Espeon|61/100
|-damage|p1b: Espeon|50/100g
|-hitcount|p1b: Espeon|2
|move|p1a: Absol|Sucker Punch||[still]
|-fail|p1a: Absol
|cant|p1b: Espeon|flinch
|move|p2b: Ninetales|Aurora Veil|p2b: Ninetales
|-sidestart|p2: rager88|move: Aurora Veil
|
|-weather|Snowscape|[upkeep]
|upkeep
|turn|2
|
|t:|1786162041
|move|p1a: Absol|Sucker Punch|p2a: Kangaskhan
|-damage|p2a: Kangaskhan|72/100
|move|p1b: Espeon|Dazzling Gleam|p2a: Kangaskhan|[spread] p2a,p2b
|-damage|p2a: Kangaskhan|58/100
|-damage|p2b: Ninetales|84/100
|move|p2b: Ninetales|Howl|p2b: Ninetales|[spread] p2a,p2b
|-boost|p2a: Kangaskhan|atk|1
|-boost|p2b: Ninetales|atk|1
|move|p2a: Kangaskhan|Last Resort|p1b: Espeon
|-damage|p1b: Espeon|0 fnt
|faint|p1b: Espeon
|
|-weather|Snowscape|[upkeep]
|upkeep
|
|t:|1786162101
|switch|p1b: Feraligatr|Feraligatr, L50, F|100/100
|turn|3
|
|t:|1786162145
|move|p1a: Absol|Sucker Punch|p2a: Kangaskhan
|-damage|p2a: Kangaskhan|32/100
|move|p2b: Ninetales|Freeze-Dry|p1b: Feraligatr
|-supereffective|p1b: Feraligatr|1
|-crit|p1b: Feraligatr
|-damage|p1b: Feraligatr|10/100
|move|p2a: Kangaskhan|Last Resort|p1a: Absol
|-damage|p1a: Absol|0 fnt
|faint|p1a: Absol
|move|p1b: Feraligatr|Waterfall|p2a: Kangaskhan
|-damage|p2a: Kangaskhan|0 fnt
|faint|p2a: Kangaskhan
|
|-weather|Snowscape|[upkeep]
|upkeep
|
|t:|1786162172
|switch|p1a: Typhlosion|Typhlosion, L50, M|100/100
|switch|p2a: Tauros|Tauros-Paldea-Aqua, L50, M|100/100
|turn|4
|
|t:|1786162283
|move|p2b: Ninetales|Protect|p2b: Ninetales
|-singleturn|p2b: Ninetales|Protect
|move|p1a: Typhlosion|Eruption|p2a: Tauros|[spread] p2a
|-activate|p2b: Ninetales|move: Protect
|-resisted|p2a: Tauros|1
|-damage|p2a: Tauros|73/100
|move|p2a: Tauros|Wave Crash|p1a: Typhlosion
|-supereffective|p1a: Typhlosion|1
|-damage|p1a: Typhlosion|0 fnt
|faint|p1a: Typhlosion
|-damage|p2a: Tauros|45/100|[from] Recoil
|-enditem|p2a: Tauros|Sitrus Berry|[eat]
|-heal|p2a: Tauros|69/100|[from] item: Sitrus Berry
|move|p1b: Feraligatr|Waterfall|p2b: Ninetales
|-activate|p2b: Ninetales|move: Protect
|
|-weather|Snowscape|[upkeep]
|upkeep
|turn|5
|
|t:|1786162351
|move|p1b: Feraligatr|Protect|p1b: Feraligatr
|-singleturn|p1b: Feraligatr|Protect
|move|p2b: Ninetales|Freeze-Dry|p1b: Feraligatr
|-activate|p1b: Feraligatr|move: Protect
|move|p2a: Tauros|Close Combat|p1b: Feraligatr
|-activate|p1b: Feraligatr|move: Protect
|
|-weather|none
|-sideend|p2: rager88|move: Aurora Veil
|-activate|p2a: Tauros|ability: Cud Chew
|-enditem|p2a: Tauros|Sitrus Berry|[eat]
|-heal|p2a: Tauros|94/100|[from] item: Sitrus Berry
|upkeep
|turn|6
|
|t:|1786162372
|move|p2b: Ninetales|Freeze-Dry|p1b: Feraligatr
|-supereffective|p1b: Feraligatr|1
|-damage|p1b: Feraligatr|0 fnt
|faint|p1b: Feraligatr
|
|win|rager88
