|j|☆KrsCrossAppleSauce
|j|☆Lstdnce
|html|KrsCrossAppleSauceLstdnce    
|uhtml|bestof|Game 1 of a best-of-3
|t:|1756284122
|gametype|doubles
|player|p1|KrsCrossAppleSauce|green|1183
|player|p2|Lstdnce|169|1240
|gen|9
|tier|[Gen 9] VGC 2025 Reg H (Bo3)
|rated|
|rule|Species Clause: Limit one of each Pokémon
|rule|Item Clause: Limit 1 of each item
|clearpoke
|poke|p1|Sneasler, L50, F|
|poke|p1|Gholdengo, L50|
|poke|p1|Dondozo, L50, M|
|poke|p1|Rillaboom, L50, M|
|poke|p1|Volcarona, L50, M|
|poke|p1|Electabuzz, L50, M|
|poke|p2|Ursaluna-Bloodmoon, L50, M|
|poke|p2|Farigiraf, L50, F|
|poke|p2|Arcanine-Hisui, L50, M|
|poke|p2|Basculegion, L50, M|
|poke|p2|Electabuzz, L50, M|
|poke|p2|Rillaboom, L50, M|
|teampreview|4
|showteam|p1|Sneasler||FocusSash|PoisonTouch|FakeOut,DireClaw,CloseCombat,Protect|||F|||50|,,,,,Dark]Gholdengo||LifeOrb|GoodasGold|MakeItRain,ShadowBall,NastyPlot,Protect||||||50|,,,,,Water]Dondozo||Leftovers|Unaware|WaveCrash,Yawn,Fissure,Protect|||M|||50|,,,,,Psychic]Rillaboom||AssaultVest|GrassySurge|FakeOut,WoodHammer,GrassyGlide,Uturn|||M|||50|,,,,,Fire]Volcarona||CovertCloak|FlameBody|HeatWave,QuiverDance,TeraBlast,Protect|||M|||50|,,,,,Fairy]Electabuzz||Eviolite|VitalSpirit|Thunderbolt,FollowMe,Taunt,Protect|||M|||50|,,,,,Ghost
|showteam|p2|Ursaluna-Bloodmoon||LifeOrb|MindsEye|Protect,BloodMoon,HyperVoice,EarthPower|||M|||50|,,,,,Normal]Farigiraf||SafetyGoggles|ArmorTail|Uproar,PsychicNoise,HelpingHand,TrickRoom|||F|||50|,,,,,Water]Arcanine-Hisui||ChoiceBand|RockHead|ExtremeSpeed,FlareBlitz,RockSlide,HeadSmash|||M|||50|,,,,,Normal]Basculegion||ChoiceScarf|Adaptability|FlipTurn,WaveCrash,LastRespects,AquaJet|||M|||50|,,,,,Water]Electabuzz||Eviolite|VitalSpirit|Protect,Electroweb,Taunt,FollowMe|||M|||50|,,,,,Ghost]Rillaboom||AssaultVest|GrassySurge|GrassyGlide,WoodHammer,FakeOut,Uturn|||M|||50|,,,,,Fire
|inactive|Battle timer is ON: inactive players will automatically lose when time's up. (requested by Lstdnce)
|
|t:|1756284174
|teamsize|p1|4
|teamsize|p2|4
|start
|switch|p1a: Gholdengo|Gholdengo, L50|100/100
|switch|p1b: Electabuzz|Electabuzz, L50, M|100/100
|switch|p2a: Electabuzz|Electabuzz, L50, M|100/100
|switch|p2b: Ursaluna|Ursaluna-Bloodmoon, L50, M|100/100
|turn|1
|inactive|KrsCrossAppleSauce has 30 seconds left.
|inactive|KrsCrossAppleSauce has 20 seconds left.
|inactive|KrsCrossAppleSauce has 15 seconds left.
|inactive|KrsCrossAppleSauce has 10 seconds left.
|
|t:|1756284221
|move|p1b: Electabuzz|Follow Me|p1b: Electabuzz
|-singleturn|p1b: Electabuzz|move: Follow Me
|move|p1a: Gholdengo|Nasty Plot|p1a: Gholdengo
|-boost|p1a: Gholdengo|spa|2
|move|p2a: Electabuzz|Electroweb|p1a: Gholdengo|[spread] p1a,p1b
|-resisted|p1b: Electabuzz
|-damage|p1a: Gholdengo|84/100
|-damage|p1b: Electabuzz|95/100
|-unboost|p1a: Gholdengo|spe|1
|-unboost|p1b: Electabuzz|spe|1
|move|p2b: Ursaluna|Earth Power|p1b: Electabuzz
|-supereffective|p1b: Electabuzz
|-damage|p1b: Electabuzz|0 fnt
|faint|p1b: Electabuzz
|-damage|p2b: Ursaluna|91/100|[from] item: Life Orb
|
|upkeep
|
|t:|1756284224
|switch|p1b: Rillaboom|Rillaboom, L50, M|100/100
|-fieldstart|move: Grassy Terrain|[from] ability: Grassy Surge|[of] p1b: Rillaboom
|turn|2
|
|t:|1756284246
|-terastallize|p1a: Gholdengo|Water
|move|p2b: Ursaluna|Protect|p2b: Ursaluna
|-singleturn|p2b: Ursaluna|Protect
|move|p1b: Rillaboom|Fake Out|p2a: Electabuzz
|-damage|p2a: Electabuzz|90/100
|cant|p2a: Electabuzz|flinch
|move|p1a: Gholdengo|Make It Rain|p2a: Electabuzz|[spread] p2a
|-activate|p2b: Ursaluna|move: Protect
|-resisted|p2a: Electabuzz
|-damage|p2a: Electabuzz|41/100
|-unboost|p1a: Gholdengo|spa|1
|-damage|p1a: Gholdengo|74/100|[from] item: Life Orb
|
|-heal|p2a: Electabuzz|47/100|[from] Grassy Terrain
|-heal|p2b: Ursaluna|97/100|[from] Grassy Terrain
|-heal|p1a: Gholdengo|80/100|[from] Grassy Terrain
|upkeep
|turn|3
|
|t:|1756284270
|-terastallize|p2b: Ursaluna|Normal
|move|p1a: Gholdengo|Protect|p1a: Gholdengo
|-singleturn|p1a: Gholdengo|Protect
|move|p2a: Electabuzz|Electroweb|p1b: Rillaboom|[spread] p1b
|-activate|p1a: Gholdengo|move: Protect
|-resisted|p1b: Rillaboom
|-damage|p1b: Rillaboom|96/100
|-unboost|p1b: Rillaboom|spe|1
|move|p2b: Ursaluna|Hyper Voice|p1a: Gholdengo|[spread] p1b
|-activate|p1a: Gholdengo|move: Protect
|-damage|p1b: Rillaboom|39/100
|-damage|p2b: Ursaluna|88/100|[from] item: Life Orb
|move|p1b: Rillaboom|Wood Hammer|p2b: Ursaluna
|-damage|p2b: Ursaluna|33/100
|-damage|p1b: Rillaboom|20/100|[from] Recoil
|
|-heal|p2a: Electabuzz|53/100|[from] Grassy Terrain
|-heal|p2b: Ursaluna|39/100|[from] Grassy Terrain
|-heal|p1a: Gholdengo|86/100|[from] Grassy Terrain
|-heal|p1b: Rillaboom|26/100|[from] Grassy Terrain
|upkeep
|turn|4
|
|t:|1756284280
|move|p1b: Rillaboom|Grassy Glide|p2b: Ursaluna
|-damage|p2b: Ursaluna|12/100
|move|p2a: Electabuzz|Electroweb|p1a: Gholdengo|[spread] p1a
|-miss|p2a: Electabuzz|p1b: Rillaboom
|-supereffective|p1a: Gholdengo
|-damage|p1a: Gholdengo|50/100
|-unboost|p1a: Gholdengo|spe|1
|move|p2b: Ursaluna|Blood Moon|p1a: Gholdengo
|-damage|p1a: Gholdengo|0 fnt
|faint|p1a: Gholdengo
|-damage|p2b: Ursaluna|2/100|[from] item: Life Orb
|
|-heal|p2a: Electabuzz|59/100|[from] Grassy Terrain
|-heal|p2b: Ursaluna|8/100|[from] Grassy Terrain
|-heal|p1b: Rillaboom|32/100|[from] Grassy Terrain
|upkeep
|
|t:|1756284284
|switch|p1a: Dondozo|Dondozo, L50, M|100/100
|turn|5
|
|t:|1756284296
|move|p2a: Electabuzz|Protect|p2a: Electabuzz
|-singleturn|p2a: Electabuzz|Protect
|move|p2b: Ursaluna|Protect|p2b: Ursaluna
|-singleturn|p2b: Ursaluna|Protect
|move|p1b: Rillaboom|Grassy Glide|p2b: Ursaluna
|-activate|p2b: Ursaluna|move: Protect
|move|p1a: Dondozo|Wave Crash|p2a: Electabuzz
|-activate|p2a: Electabuzz|move: Protect
|
|-heal|p2a: Electabuzz|65/100|[from] Grassy Terrain
|-heal|p2b: Ursaluna|14/100|[from] Grassy Terrain
|-heal|p1b: Rillaboom|38/100|[from] Grassy Terrain
|upkeep
|turn|6
|
|t:|1756284308
|move|p2a: Electabuzz|Follow Me|p2a: Electabuzz
|-singleturn|p2a: Electabuzz|move: Follow Me
|move|p1b: Rillaboom|Grassy Glide|p2a: Electabuzz
|-damage|p2a: Electabuzz|37/100
|move|p2b: Ursaluna|Hyper Voice|p1b: Rillaboom|[spread] p1a,p1b
|-damage|p1a: Dondozo|48/100
|-damage|p1b: Rillaboom|0 fnt
|faint|p1b: Rillaboom
|-damage|p2b: Ursaluna|5/100|[from] item: Life Orb
|move|p1a: Dondozo|Wave Crash|p2a: Electabuzz
|-crit|p2a: Electabuzz
|-damage|p2a: Electabuzz|0 fnt
|faint|p2a: Electabuzz
|-damage|p1a: Dondozo|40/100|[from] Recoil
|
|-heal|p2b: Ursaluna|11/100|[from] Grassy Terrain
|-heal|p1a: Dondozo|46/100|[from] Grassy Terrain
|-heal|p1a: Dondozo|52/100|[from] item: Leftovers
|-fieldend|move: Grassy Terrain
|upkeep
|
|t:|1756284321
|switch|p2a: Rillaboom|Rillaboom, L50, M|100/100
|-fieldstart|move: Grassy Terrain|[from] ability: Grassy Surge|[of] p2a: Rillaboom
|turn|7
|
|t:|1756284326
|move|p1a: Dondozo|Protect|p1a: Dondozo
|-singleturn|p1a: Dondozo|Protect
|move|p2a: Rillaboom|Wood Hammer|p1a: Dondozo
|-activate|p1a: Dondozo|move: Protect
|move|p2b: Ursaluna|Hyper Voice|p1a: Dondozo
|-activate|p1a: Dondozo|move: Protect
|
|-heal|p2b: Ursaluna|17/100|[from] Grassy Terrain
|-heal|p1a: Dondozo|58/100|[from] Grassy Terrain
|-heal|p1a: Dondozo|65/100|[from] item: Leftovers
|upkeep
|turn|8
|
|t:|1756284330
|move|p2a: Rillaboom|Wood Hammer|p1a: Dondozo
|-supereffective|p1a: Dondozo
|-damage|p1a: Dondozo|0 fnt
|faint|p1a: Dondozo
|-damage|p2a: Rillaboom|75/100|[from] Recoil
|
|win|Lstdnce
||Lstdnce is ready for game 2.
