|j|☆dialghite
|j|☆tessa scarlet
|html|dialghitetessa scarlet    
|uhtml|bestof|Game 2 of a best-of-3
|t:|1756736082
|gametype|doubles
|player|p1|dialghite|volkner|1452
|player|p2|tessa scarlet|1|1564
|gen|9
|tier|[Gen 9] VGC 2025 Reg H (Bo3)
|rated|
|rule|Species Clause: Limit one of each Pokémon
|rule|Item Clause: Limit 1 of each item
|clearpoke
|poke|p1|Whimsicott, L50, M|
|poke|p1|Corviknight, L50, M|
|poke|p1|Indeedee, L50, M|
|poke|p1|Sneasler, L50, F|
|poke|p1|Ursaluna-Bloodmoon, L50, M|
|poke|p1|Archaludon, L50, F|
|poke|p2|Gholdengo, L50|
|poke|p2|Annihilape, L50, F|
|poke|p2|Volcarona, L50, M|
|poke|p2|Dragonite, L50, F|
|poke|p2|Ninetales-Alola, L50, F|
|poke|p2|Ursaluna-Bloodmoon, L50, M|
|teampreview|4
|showteam|p1|Whimsicott||CovertCloak|Prankster|Moonblast,Taunt,Tailwind,FakeTears|||M|||50|,,,,,Water]Corviknight||Leftovers|MirrorArmor|BraveBird,BodyPress,Tailwind,BulkUp|||M|||50|,,,,,Dragon]Indeedee||FocusSash|PsychicSurge|ExpandingForce,TeraBlast,Imprison,TrickRoom|||M|||50|,,,,,Psychic]Sneasler||PsychicSeed|Unburden|CloseCombat,DireClaw,ThroatChop,Protect|||F|||50|,,,,,Dark]Ursaluna-Bloodmoon||LifeOrb|MindsEye|HyperVoice,BloodMoon,EarthPower,Protect|||M|||50|,,,,,Normal]Archaludon||PowerHerb|Stalwart|ElectroShot,DragonPulse,Thunderbolt,Protect|||F|||50|,,,,,Electric
|showteam|p2|Gholdengo||LifeOrb|GoodasGold|NastyPlot,MakeItRain,ShadowBall,Protect||||||50|,,,,,Water]Annihilape||SafetyGoggles|Defiant|DrainPunch,RageFist,BulkUp,Protect|||F|||50|,,,,,Fire]Volcarona||SitrusBerry|FlameBody|StruggleBug,Overheat,RagePowder,Tailwind|||M|||50|,,,,,Steel]Dragonite||LoadedDice|Multiscale|ScaleShot,Haze,Tailwind,Protect|||F|||50|,,,,,Steel]Ninetales-Alola||FocusSash|SnowWarning|Blizzard,IcyWind,IcicleSpear,AuroraVeil|||F|||50|,,,,,Ghost]Ursaluna-Bloodmoon||AssaultVest|MindsEye|BloodMoon,HyperVoice,EarthPower,VacuumWave|||M|||50|,,,,,Water
|
|t:|1756736110
|teamsize|p1|4
|teamsize|p2|4
|start
|switch|p1a: Whimsicott|Whimsicott, L50, M|100/100
|switch|p1b: Archaludon|Archaludon, L50, F|100/100
|switch|p2a: Dragonite|Dragonite, L50, F|100/100
|switch|p2b: Gholdengo|Gholdengo, L50|100/100
|turn|1
|
|t:|1756736147
|switch|p2b: Volcarona|Volcarona, L50, M|100/100
|-terastallize|p1b: Archaludon|Electric
|move|p1a: Whimsicott|Moonblast|p2a: Dragonite
|-supereffective|p2a: Dragonite
|-damage|p2a: Dragonite|75/100
|-unboost|p2a: Dragonite|spa|1
|move|p1b: Archaludon|Electro Shot||[still]
|-prepare|p1b: Archaludon|Electro Shot
|-boost|p1b: Archaludon|spa|1
|-enditem|p1b: Archaludon|Power Herb
|-anim|p1b: Archaludon|Electro Shot|p2a: Dragonite
|-damage|p2a: Dragonite|0 fnt
|faint|p2a: Dragonite
|
|upkeep
|
|t:|1756736186
|switch|p2a: Ninetales|Ninetales-Alola, L50, F|100/100
|-weather|Snowscape|[from] ability: Snow Warning|[of] p2a: Ninetales
|turn|2
|
|t:|1756736203
|move|p1b: Archaludon|Protect|p1b: Archaludon
|-singleturn|p1b: Archaludon|Protect
|move|p1a: Whimsicott|Taunt|p2b: Volcarona
|-start|p2b: Volcarona|move: Taunt
|move|p2a: Ninetales|Blizzard|p1a: Whimsicott|[spread] p1a
|-activate|p1b: Archaludon|move: Protect
|-supereffective|p1a: Whimsicott
|-damage|p1a: Whimsicott|20/100
|cant|p2b: Volcarona|move: Taunt|Tailwind
|
|-weather|Snowscape|[upkeep]
|upkeep
|turn|3
|
|t:|1756736219
|move|p1a: Whimsicott|Tailwind|p1a: Whimsicott
|-sidestart|p1: dialghite|move: Tailwind
|move|p1b: Archaludon|Thunderbolt|p2a: Ninetales
|-damage|p2a: Ninetales|11/100
|move|p2a: Ninetales|Aurora Veil|p2a: Ninetales
|-sidestart|p2: tessa scarlet|move: Aurora Veil
|move|p2b: Volcarona|Struggle Bug|p1b: Archaludon|[spread] p1a,p1b
|-damage|p1a: Whimsicott|0 fnt
|-damage|p1b: Archaludon|77/100
|-unboost|p1b: Archaludon|spa|1
|faint|p1a: Whimsicott
|
|-weather|Snowscape|[upkeep]
|upkeep
|
|t:|1756736228
|switch|p1a: Ursaluna|Ursaluna-Bloodmoon, L50, M|100/100
|turn|4
|
|t:|1756736238
|move|p1b: Archaludon|Thunderbolt|p2b: Volcarona
|-damage|p2b: Volcarona|71/100
|move|p1a: Ursaluna|Hyper Voice|p2b: Volcarona|[spread] p2a,p2b
|-damage|p2a: Ninetales|0 fnt
|-damage|p2b: Volcarona|42/100
|-enditem|p2b: Volcarona|Sitrus Berry|[eat]
|-heal|p2b: Volcarona|67/100|[from] item: Sitrus Berry
|faint|p2a: Ninetales
|-damage|p1a: Ursaluna|91/100|[from] item: Life Orb
|move|p2b: Volcarona|Struggle Bug|p1b: Archaludon|[spread] p1a,p1b
|-damage|p1a: Ursaluna|67/100
|-damage|p1b: Archaludon|52/100
|-unboost|p1a: Ursaluna|spa|1
|-unboost|p1b: Archaludon|spa|1
|
|-weather|Snowscape|[upkeep]
|-end|p2b: Volcarona|move: Taunt
|upkeep
|
|t:|1756736242
|switch|p2a: Gholdengo|Gholdengo, L50|100/100
|turn|5
|
|t:|1756736262
|-terastallize|p2b: Volcarona|Steel
|move|p2a: Gholdengo|Protect|p2a: Gholdengo
|-singleturn|p2a: Gholdengo|Protect
|move|p1b: Archaludon|Thunderbolt|p2a: Gholdengo
|-activate|p2a: Gholdengo|move: Protect
|move|p1a: Ursaluna|Earth Power|p2a: Gholdengo
|-activate|p2a: Gholdengo|move: Protect
|move|p2b: Volcarona|Tailwind|p2b: Volcarona
|-sidestart|p2: tessa scarlet|move: Tailwind
|
|-weather|Snowscape|[upkeep]
|upkeep
|turn|6
|-message|dialghite forfeited.
|
|win|tessa scarlet
||dialghite is ready for game 3.
||tessa scarlet is ready for game 3.
|uhtml|next|Next: Game 3 of 3
|l|☆dialghite
|player|p1|
