|j|☆aox93
|j|☆MidoMidori
|html|aox93MidoMidori    
|uhtml|bestof|Game 1 of a best-of-3
|t:|1756915502
|gametype|doubles
|player|p1|aox93|n|1243
|player|p2|MidoMidori|roxanne-gen6|1312
|gen|9
|tier|[Gen 9] VGC 2025 Reg H (Bo3)
|rated|
|rule|Species Clause: Limit one of each Pokémon
|rule|Item Clause: Limit 1 of each item
|clearpoke
|poke|p1|Talonflame, L50, F|
|poke|p1|Sneasler, L50, M|
|poke|p1|Indeedee, L50, M|
|poke|p1|Gholdengo, L50|
|poke|p1|Ninetales-Alola, L50, M|
|poke|p1|Ursaluna-Bloodmoon, L50, M|
|poke|p2|Sneasler, L50, M|
|poke|p2|Indeedee, L50, M|
|poke|p2|Volcarona, L50, F|
|poke|p2|Ursaluna-Bloodmoon, L50, M|
|poke|p2|Annihilape, L50, F|
|poke|p2|Tyranitar, L50, M|
|teampreview|4
|showteam|p1|Talonflame||CovertCloak|GaleWings|BraveBird,Tailwind,WillOWisp,FlareBlitz|||F|||50|,,,,,Flying]Sneasler||PsychicSeed|Unburden|ThroatChop,CloseCombat,GunkShot,AcidSpray|||M|||50|,,,,,Dark]Indeedee||FocusSash|PsychicSurge|Protect,TrickRoom,Imprison,ExpandingForce|||M|||50|,,,,,Psychic]Gholdengo||ChoiceSpecs|GoodasGold|MakeItRain,ShadowBall,Thunderbolt,SteelBeam||||||50|,,,,,Steel]Ninetales-Alola||NeverMeltIce|SnowWarning|Blizzard,FreezeDry,FakeTears,Protect|||M|||50|,,,,,Ice]Ursaluna-Bloodmoon||LifeOrb|MindsEye|Protect,HyperVoice,BloodMoon,EarthPower|||M|||50|,,,,,Normal
|showteam|p2|Sneasler||PsychicSeed|Unburden|CloseCombat,DireClaw,ThroatChop,Protect|||M|||50|,,,,,Dark]Indeedee||FocusSash|PsychicSurge|ExpandingForce,TeraBlast,TrickRoom,Protect|||M|||50|,,,,,Fighting]Volcarona||SitrusBerry|FlameBody|Overheat,StruggleBug,RagePowder,Tailwind|||F|||50|,,,,,Grass]Ursaluna-Bloodmoon||LifeOrb|MindsEye|BloodMoon,HyperVoice,EarthPower,Protect|||M|||50|,,,,,Normal]Annihilape||SafetyGoggles|Defiant|CloseCombat,RageFist,Taunt,FinalGambit|||F|||50|,,,,,Fairy]Tyranitar||AssaultVest|SandStream|RockSlide,KnockOff,TeraBlast,LowKick|||M|||50|,,,,,Flying
|
|t:|1756915554
|teamsize|p1|4
|teamsize|p2|4
|start
|switch|p1a: Talonflame|Talonflame, L50, F, shiny|100/100
|switch|p1b: Gholdengo|Gholdengo, L50|100/100
|switch|p2a: Volcarona|Volcarona, L50, F|100/100
|switch|p2b: Ursaluna|Ursaluna-Bloodmoon, L50, M|100/100
|turn|1
|
|t:|1756915584
|switch|p2b: Indeedee|Indeedee, L50, M|100/100
|-fieldstart|move: Psychic Terrain|[from] ability: Psychic Surge|[of] p2b: Indeedee
|-terastallize|p1a: Talonflame|Flying
|move|p1a: Talonflame|Brave Bird|p2a: Volcarona
|-activate|p2a: Volcarona|move: Psychic Terrain
|move|p2a: Volcarona|Tailwind|p2a: Volcarona
|-sidestart|p2: MidoMidori|move: Tailwind
|move|p1b: Gholdengo|Make It Rain|p2b: Indeedee|[spread] p2a,p2b
|-resisted|p2a: Volcarona
|-damage|p2a: Volcarona|65/100
|-enditem|p2b: Indeedee|Focus Sash
|-damage|p2b: Indeedee|1/100
|-unboost|p1b: Gholdengo|spa|1
|
|upkeep
|turn|2
|
|t:|1756915612
|switch|p2b: Ursaluna|Ursaluna-Bloodmoon, L50, M|100/100
|move|p1a: Talonflame|Tailwind|p1a: Talonflame
|-sidestart|p1: aox93|move: Tailwind
|move|p2a: Volcarona|Overheat|p1b: Gholdengo
|-supereffective|p1b: Gholdengo
|-damage|p1b: Gholdengo|0 fnt
|-unboost|p2a: Volcarona|spa|2
|faint|p1b: Gholdengo
|
|upkeep
|
|t:|1756915624
|switch|p1b: Sneasler|Sneasler, L50, M, shiny|100/100
|-enditem|p1b: Sneasler|Psychic Seed
|-boost|p1b: Sneasler|spd|1|[from] item: Psychic Seed
|turn|3
|
|t:|1756915648
|-terastallize|p2b: Ursaluna|Normal
|move|p2a: Volcarona|Rage Powder|p2a: Volcarona
|-singleturn|p2a: Volcarona|move: Rage Powder
|move|p1b: Sneasler|Close Combat|p2a: Volcarona
|-resisted|p2a: Volcarona
|-damage|p2a: Volcarona|23/100
|-unboost|p1b: Sneasler|def|1
|-unboost|p1b: Sneasler|spd|1
|-status|p1b: Sneasler|brn|[from] ability: Flame Body|[of] p2a: Volcarona
|-enditem|p2a: Volcarona|Sitrus Berry|[eat]
|-heal|p2a: Volcarona|48/100|[from] item: Sitrus Berry
|move|p1a: Talonflame|Flare Blitz|p2a: Volcarona
|-damage|p2a: Volcarona|0 fnt
|faint|p2a: Volcarona
|-damage|p1a: Talonflame|82/100|[from] Recoil
|move|p2b: Ursaluna|Blood Moon|p1a: Talonflame
|-damage|p1a: Talonflame|0 fnt
|faint|p1a: Talonflame
|-damage|p2b: Ursaluna|91/100|[from] item: Life Orb
|
|-damage|p1b: Sneasler|95/100 brn|[from] brn
|upkeep
|
|t:|1756915673
|switch|p1a: Ninetales|Ninetales-Alola, L50, M|100/100
|switch|p2a: Sneasler|Sneasler, L50, M|100/100
|-weather|Snowscape|[from] ability: Snow Warning|[of] p1a: Ninetales
|-enditem|p2a: Sneasler|Psychic Seed
|-boost|p2a: Sneasler|spd|1|[from] item: Psychic Seed
|turn|4
|
|t:|1756915695
|move|p2a: Sneasler|Dire Claw|p1a: Ninetales
|-supereffective|p1a: Ninetales
|-damage|p1a: Ninetales|17/100
|move|p1b: Sneasler|Close Combat|p2b: Ursaluna
|-supereffective|p2b: Ursaluna
|-damage|p2b: Ursaluna|36/100
|-unboost|p1b: Sneasler|def|1
|-unboost|p1b: Sneasler|spd|1
|move|p1a: Ninetales|Blizzard|p2b: Ursaluna|[spread] p2a,p2b
|-crit|p2a: Sneasler
|-damage|p2a: Sneasler|15/100
|-damage|p2b: Ursaluna|0 fnt
|faint|p2b: Ursaluna
|
|-weather|Snowscape|[upkeep]
|-damage|p1b: Sneasler|89/100 brn|[from] brn
|-sideend|p2: MidoMidori|move: Tailwind
|upkeep
|
|t:|1756915699
|switch|p2b: Indeedee|Indeedee, L50, M|1/100
|turn|5
|
|t:|1756915725
|move|p2a: Sneasler|Protect|p2a: Sneasler
|-singleturn|p2a: Sneasler|Protect
|move|p1a: Ninetales|Protect|p1a: Ninetales
|-singleturn|p1a: Ninetales|Protect
|move|p2b: Indeedee|Protect|p2b: Indeedee
|-singleturn|p2b: Indeedee|Protect
|move|p1b: Sneasler|Close Combat|p2a: Sneasler
|-activate|p2a: Sneasler|move: Protect
|
|-weather|Snowscape|[upkeep]
|-damage|p1b: Sneasler|83/100 brn|[from] brn
|-sideend|p1: aox93|move: Tailwind
|-fieldend|move: Psychic Terrain
|upkeep
|turn|6
|
|t:|1756915746
|move|p2a: Sneasler|Dire Claw|p1a: Ninetales
|-supereffective|p1a: Ninetales
|-damage|p1a: Ninetales|0 fnt
|faint|p1a: Ninetales
|move|p1b: Sneasler|Close Combat|p2a: Sneasler
|-resisted|p2a: Sneasler
|-damage|p2a: Sneasler|0 fnt
|-unboost|p1b: Sneasler|def|1
|-unboost|p1b: Sneasler|spd|1
|faint|p2a: Sneasler
|move|p2b: Indeedee|Expanding Force|p1b: Sneasler
|-supereffective|p1b: Sneasler
|-damage|p1b: Sneasler|0 fnt
|faint|p1b: Sneasler
|
|win|MidoMidori
||MidoMidori is ready for game 2.
|inactive|aox93 has 30 seconds to confirm battle start!
||aox93 is ready for game 2.
|uhtml|next|Next: Game 2 of 3
