|j|☆Zephrhills
|j|☆doatzmgoatz
|html|Zephrhillsdoatzmgoatz    
|uhtml|bestof|Game 1 of a best-of-3
|t:|1783310530
|gametype|doubles
|player|p1|Zephrhills|miku-ghost|
|player|p2|doatzmgoatz|wallace|
|gen|9
|tier|[Gen 9 Champions] VGC 2026 Reg M-B (Bo3)
|rule|Species Clause: Limit one of each Pokémon
|rule|Item Clause: Limit 1 of each item
|clearpoke
|poke|p1|Dragapult, L50, F|
|poke|p1|Rotom-Wash, L50, shiny|
|poke|p1|Tyranitar, L50, F, shiny|
|poke|p1|Meowstic, L50, M|
|poke|p1|Greninja, L50, M, shiny|
|poke|p1|Scizor, L50, M|
|poke|p2|Gengar, L50, M|
|poke|p2|Incineroar, L50, F|
|poke|p2|Clefable, L50, M|
|poke|p2|Hydreigon, L50, M|
|poke|p2|Liepard, L50, F|
|poke|p2|Bastiodon, L50, F|
|teampreview|4
|showteam|p1|Dragapult||LifeOrb|Infiltrator|SuckerPunch,ShadowBall,DragonDarts,DracoMeteor|Hasty||F|||50|]Rotom-Wash||Leftovers|Levitate|Discharge,ShadowBall,LightScreen,WillOWisp|Modest|||||50|]Tyranitar||WhiteHerb|SandStream|HeavySlam,Superpower,Crunch,DragonDance|Adamant||F|||50|]Meowstic||Meowsticite|Prankster|ThunderWave,Psychic,TrickRoom,FakeOut|Modest||M|||50|]Greninja||FocusSash|Protean|Surf,GunkShot,MudShot,Blizzard|Mild||M|||50|]Scizor||OccaBerry|Technician|BugBite,BulletPunch,Tailwind,Superpower|Impish||M|||50|
|showteam|p2|Gengar||Gengarite|CursedBody|PerishSong,Protect,ShadowBall,SludgeBomb|Timid||M|||50|]Incineroar||LumBerry|Intimidate|FakeOut,PartingShot,WillOWisp,FlareBlitz|Careful||F|||50|]Clefable||Leftovers|Unaware|FollowMe,Moonlight,Protect,DazzlingGleam|Bold||M|||50|]Hydreigon||WideLens|Levitate|NastyPlot,EarthPower,Uturn,DracoMeteor|Timid||M|||50|]Liepard||FocusSash|Prankster|FakeOut,Yawn,Protect,ThunderWave|Careful||F|||50|]Bastiodon||SitrusBerry|Soundproof|BodyPress,IronDefense,Bulldoze,StoneEdge|Relaxed||F|||50|
|
|t:|1783310584
|teamsize|p1|4
|teamsize|p2|4
|start
|switch|p1a: Meowstic|Meowstic, L50, M|100/100
|switch|p1b: Tyranitar|Tyranitar, L50, F, shiny|100/100
|switch|p2a: Liepard|Liepard, L50, F|100/100
|switch|p2b: Hydreigon|Hydreigon, L50, M|100/100
|-weather|Sandstorm|[from] ability: Sand Stream|[of] p1b: Tyranitar
|turn|1
|
|t:|1783310642
|move|p2a: Liepard|Fake Out|p1b: Tyranitar
|-resisted|p1b: Tyranitar|1
|-damage|p1b: Tyranitar|96/100
|move|p1a: Meowstic|Fake Out|p2b: Hydreigon
|-damage|p2b: Hydreigon|94/100
|cant|p2b: Hydreigon|flinch
|cant|p1b: Tyranitar|flinch
|
|-weather|Sandstorm|[upkeep]
|-damage|p2b: Hydreigon|88/100|[from] Sandstorm
|-damage|p2a: Liepard|94/100|[from] Sandstorm
|-damage|p1a: Meowstic|93/100|[from] Sandstorm
|upkeep
|turn|2
|
|t:|1783310669
|move|p2a: Liepard|Yawn|p1a: Meowstic
|-start|p1a: Meowstic|move: Yawn|[of] p2a: Liepard
|move|p2b: Hydreigon|Earth Power|p1b: Tyranitar
|-supereffective|p1b: Tyranitar|1
|-damage|p1b: Tyranitar|63/100
|move|p1b: Tyranitar|Superpower|p2a: Liepard
|-supereffective|p2a: Liepard|1
|-damage|p2a: Liepard|0 fnt
|-unboost|p1b: Tyranitar|atk|1
|-unboost|p1b: Tyranitar|def|1
|faint|p2a: Liepard
|-enditem|p1b: Tyranitar|White Herb
|-clearnegativeboost|p1b: Tyranitar|[silent]
|move|p1a: Meowstic|Trick Room|p1a: Meowstic
|-fieldstart|move: Trick Room|[of] p1a: Meowstic
|
|-weather|Sandstorm|[upkeep]
|-damage|p1a: Meowstic|87/100|[from] Sandstorm
|-damage|p2b: Hydreigon|82/100|[from] Sandstorm
|upkeep
|
|t:|1783310685
|switch|p2a: Incineroar|Incineroar, L50, F|100/100
|-ability|p2a: Incineroar|Intimidate|boost
|-unboost|p1a: Meowstic|atk|1
|-unboost|p1b: Tyranitar|atk|1
|turn|3
|
|t:|1783310704
|switch|p1b: Rotom|Rotom-Wash, L50, shiny|100/100
|switch|p1a: Scizor|Scizor, L50, M|100/100
|move|p2a: Incineroar|Fake Out|p1b: Rotom
|-damage|p1b: Rotom|87/100
|move|p2b: Hydreigon|Earth Power|p1b: Rotom
|-immune|p1b: Rotom|[from] ability: Levitate
|
|-weather|Sandstorm|[upkeep]
|-damage|p2a: Incineroar|94/100|[from] Sandstorm
|-damage|p1b: Rotom|81/100|[from] Sandstorm
|-damage|p2b: Hydreigon|76/100|[from] Sandstorm
|-heal|p1b: Rotom|87/100|[from] item: Leftovers
|upkeep
|turn|4
|
|t:|1783310780
|switch|p1a: Tyranitar|Tyranitar, L50, F, shiny|63/100
|move|p2a: Incineroar|Flare Blitz|p1a: Tyranitar
|-resisted|p1a: Tyranitar|1
|-damage|p1a: Tyranitar|46/100
|-damage|p2a: Incineroar|87/100|[from] Recoil
|move|p1b: Rotom|Light Screen|p1b: Rotom
|-sidestart|p1: Zephrhills|move: Light Screen
|move|p2b: Hydreigon|Draco Meteor|p1a: Tyranitar
|-damage|p1a: Tyranitar|18/100
|-unboost|p2b: Hydreigon|spa|2
|
|-weather|Sandstorm|[upkeep]
|-damage|p2a: Incineroar|81/100|[from] Sandstorm
|-damage|p1b: Rotom|81/100|[from] Sandstorm
|-damage|p2b: Hydreigon|70/100|[from] Sandstorm
|-heal|p1b: Rotom|87/100|[from] item: Leftovers
|upkeep
|turn|5
|
|t:|1783310814
|move|p2a: Incineroar|Parting Shot|p1a: Tyranitar
|-unboost|p1a: Tyranitar|atk|1
|-unboost|p1a: Tyranitar|spa|1
|
|t:|1783310819
|switch|p2a: Gengar|Gengar, L50, M|100/100|[from] Parting Shot
|move|p1a: Tyranitar|Superpower|p2a: Gengar
|-immune|p2a: Gengar
|move|p1b: Rotom|Discharge|p2a: Gengar|[spread] p1a,p2a,p2b
|-resisted|p2b: Hydreigon|1
|-damage|p1a: Tyranitar|6/100
|-damage|p2a: Gengar|48/100
|-damage|p2b: Hydreigon|54/100
|-status|p2b: Hydreigon|par
|move|p2b: Hydreigon|U-turn|p1a: Tyranitar
|-supereffective|p1a: Tyranitar|1
|-damage|p1a: Tyranitar|0 fnt
|faint|p1a: Tyranitar
|
|t:|1783310832
|switch|p2b: Incineroar|Incineroar, L50, F|81/100|[from] U-turn
|-ability|p2b: Incineroar|Intimidate|boost
|-unboost|p1b: Rotom|atk|1
|
|-weather|none
|-heal|p1b: Rotom|93/100|[from] item: Leftovers
|upkeep
|
|t:|1783310840
|switch|p1a: Scizor|Scizor, L50, M|100/100
|turn|6
|
|t:|1783310860
|detailschange|p2a: Gengar|Gengar-Mega, L50, M
|-mega|p2a: Gengar|Gengar|Gengarite
|move|p2a: Gengar|Protect|p2a: Gengar
|-singleturn|p2a: Gengar|Protect
|move|p2b: Incineroar|Flare Blitz|p1a: Scizor
|-supereffective|p1a: Scizor|2
|-enditem|p1a: Scizor|Occa Berry|[eat]
|-enditem|p1a: Scizor|Occa Berry|[weaken]
|-damage|p1a: Scizor|0 fnt
|faint|p1a: Scizor
|-damage|p2b: Incineroar|52/100|[from] Recoil
|move|p1b: Rotom|Discharge|p2b: Incineroar|[spread] p2b
|-activate|p2a: Gengar|move: Protect
|-damage|p2b: Incineroar|29/100
|
|-heal|p1b: Rotom|99/100|[from] item: Leftovers
|-fieldend|move: Trick Room
|upkeep
|
|t:|1783310875
|switch|p1a: Meowstic|Meowstic, L50, M|87/100
|turn|7
|
|t:|1783310894
|move|p1a: Meowstic|Thunder Wave|p2a: Gengar
|-status|p2a: Gengar|par
|move|p1b: Rotom|Discharge|p2b: Incineroar|[spread] p1a,p2a,p2b
|-damage|p1a: Meowstic|65/100
|-damage|p2a: Gengar|10/100 par
|-damage|p2b: Incineroar|6/100
|move|p2a: Gengar|Perish Song|p2a: Gengar
|-start|p1a: Meowstic|perish3|[silent]
|-start|p1b: Rotom|perish3|[silent]
|-start|p2a: Gengar|perish3|[silent]
|-start|p2b: Incineroar|perish3|[silent]
|-fieldactivate|move: Perish Song
|move|p2b: Incineroar|Parting Shot|p1b: Rotom
|-unboost|p1b: Rotom|atk|1
|-unboost|p1b: Rotom|spa|1
|
|t:|1783310904
|switch|p2b: Hydreigon|Hydreigon, L50, M|54/100 par|[from] Parting Shot
|
|-heal|p1b: Rotom|100/100|[from] item: Leftovers
|-start|p1a: Meowstic|perish3
|-start|p1b: Rotom|perish3
|-start|p2a: Gengar|perish3
|upkeep
|turn|8
|
|t:|1783310935
|move|p2a: Gengar|Protect|p2a: Gengar
|-singleturn|p2a: Gengar|Protect
|move|p1a: Meowstic|Psychic|p2a: Gengar
|-activate|p2a: Gengar|move: Protect
|move|p1b: Rotom|Discharge|p2b: Hydreigon|[spread] p1a,p2b
|-activate|p2a: Gengar|move: Protect
|-resisted|p2b: Hydreigon|1
|-damage|p1a: Meowstic|50/100g
|-damage|p2b: Hydreigon|43/100 par
|-status|p1a: Meowstic|par
|move|p2b: Hydreigon|U-turn|p1a: Meowstic
|-supereffective|p1a: Meowstic|1
|-damage|p1a: Meowstic|13/100 par
|
|t:|1783310947
|switch|p2b: Incineroar|Incineroar, L50, F|6/100|[from] U-turn
|-ability|p2b: Incineroar|Intimidate|boost
|-unboost|p1a: Meowstic|atk|1
|-unboost|p1b: Rotom|atk|1
|
|-start|p1b: Rotom|perish2
|-start|p2a: Gengar|perish2
|-start|p1a: Meowstic|perish2
|-sideend|p1: Zephrhills|move: Light Screen
|upkeep
|turn|9
|
|t:|1783310973
|move|p2b: Incineroar|Fake Out|p1b: Rotom
|-damage|p1b: Rotom|88/100
|cant|p1b: Rotom|flinch
|move|p2a: Gengar|Shadow Ball|p1a: Meowstic
|-supereffective|p1a: Meowstic|1
|-damage|p1a: Meowstic|0 fnt
|faint|p1a: Meowstic
|
|-heal|p1b: Rotom|94/100|[from] item: Leftovers
|-start|p1b: Rotom|perish1
|-start|p2a: Gengar|perish1
|upkeep
|turn|10
|
|t:|1783310990
|switch|p2b: Hydreigon|Hydreigon, L50, M|43/100 par
|move|p2a: Gengar|Protect|p2a: Gengar
|-singleturn|p2a: Gengar|Protect
|move|p1b: Rotom|Discharge|p2b: Hydreigon|[spread] p2b
|-activate|p2a: Gengar|move: Protect
|-resisted|p2b: Hydreigon|1
|-damage|p2b: Hydreigon|32/100 par
|
|-heal|p1b: Rotom|100/100|[from] item: Leftovers
|-start|p1b: Rotom|perish0
|-start|p2a: Gengar|perish0
|faint|p1b: Rotom
|faint|p2a: Gengar
|
|win|doatzmgoatz
||Zephrhills is ready for game 2.
|inactive|doatzmgoatz has 30 seconds to confirm battle start!
|inactive|doatzmgoatz has 20 seconds to confirm battle start!
