|j|☆booms221
|j|☆tang de maracuja
|html|booms221tang de maracuja    
|uhtml|bestof|Game 1 of a best-of-3
|t:|1785171911
|gametype|doubles
|player|p1|booms221|169|1171
|player|p2|tang de maracuja|morty|1283
|gen|9
|tier|[Gen 9 Champions] VGC 2026 Reg M-B (Bo3)
|rated|
|rule|Species Clause: Limit one of each Pokémon
|rule|Item Clause: Limit 1 of each item
|clearpoke
|poke|p1|Garchomp, L50, M|
|poke|p1|Sneasler, L50, F|
|poke|p1|Maushold, L50|
|poke|p1|Corviknight, L50, F|
|poke|p1|Gardevoir, L50, F|
|poke|p1|Incineroar, L50, M|
|poke|p2|Charizard, L50, M|
|poke|p2|Glimmora, L50, M|
|poke|p2|Whimsicott, L50, F|
|poke|p2|Ninetales-Alola, L50, F|
|poke|p2|Kingambit, L50, M|
|poke|p2|Kommo-o, L50, M|
|teampreview|4
|showteam|p1|Garchomp||LifeOrb|RoughSkin|Protect,Earthquake,DragonClaw,RockSlide|Jolly||M|||50|]Sneasler||WhiteHerb|Unburden|Protect,FakeOut,CloseCombat,GunkShot|Jolly||F|||50|]Maushold||FocusSash|FriendGuard|SuperFang,Encore,Taunt,FollowMe|Bold|||||50|]Corviknight||Leftovers|MirrorArmor|BraveBird,Protect,Tailwind,BodyPress|Adamant||F|||50|]Gardevoir||Gardevoirite|Synchronize|Psychic,HyperVoice,TrickRoom,Protect|Quiet||F|||50|]Incineroar||SitrusBerry|Intimidate|FlareBlitz,ThroatChop,PartingShot,FakeOut|Adamant||M|||50|
|showteam|p2|Charizard||CharizarditeY|Blaze|HeatWave,WeatherBall,SolarBeam,Protect|Modest||M|||50|]Glimmora||Glimmoranite|ToxicDebris|SludgeBomb,PowerGem,EarthPower,SpikyShield|Modest||M|||50|]Whimsicott||FocusSash|Prankster|Moonblast,Tailwind,Encore,Protect|Timid||F|||50|]Ninetales-Alola||NeverMeltIce|SnowWarning|Blizzard,FreezeDry,Disable,Protect|Timid||F|||50|]Kingambit||BlackGlasses|Defiant|KowtowCleave,SuckerPunch,IronHead,Protect|Adamant||M|||50|]Kommo-o||LifeOrb|Overcoat|ClangingScales,AuraSphere,VacuumWave,Protect|Modest||M|||50|
|inactive|Battle timer is ON: inactive players will automatically lose when time's up. (requested by tang de maracuja)
|inactive|tang de maracuja has 60 seconds left.
|
|t:|1785171960
|teamsize|p1|4
|teamsize|p2|4
|start
|switch|p1a: Gardevoir|Gardevoir, L50, F|100/100
|switch|p1b: Sneasler|Sneasler, L50, F|100/100
|switch|p2a: Charizard|Charizard, L50, M|100/100
|switch|p2b: Whimsicott|Whimsicott, L50, F|100/100
|turn|1
|inactive|tang de maracuja has 30 seconds left.
|
|t:|1785171992
|detailschange|p2a: Charizard|Charizard-Mega-Y, L50, M
|-mega|p2a: Charizard|Charizard|Charizardite Y
|-weather|SunnyDay|[from] ability: Drought|[of] p2a: Charizard
|detailschange|p1a: Gardevoir|Gardevoir-Mega, L50, F
|-mega|p1a: Gardevoir|Gardevoir|Gardevoirite
|move|p1b: Sneasler|Fake Out|p2a: Charizard
|-damage|p2a: Charizard|84/100
|move|p2b: Whimsicott|Moonblast|p1b: Sneasler
|-damage|p1b: Sneasler|50/100g
|cant|p2a: Charizard|flinch
|move|p1a: Gardevoir|Trick Room|p1a: Gardevoir
|-fieldstart|move: Trick Room|[of] p1a: Gardevoir
|
|-weather|SunnyDay|[upkeep]
|upkeep
|turn|2
|
|t:|1785172006
|switch|p1b: Incineroar|Incineroar, L50, M|100/100
|-ability|p1b: Incineroar|Intimidate|boost
|-unboost|p2a: Charizard|atk|1
|-unboost|p2b: Whimsicott|atk|1
|move|p1a: Gardevoir|Protect|p1a: Gardevoir
|-singleturn|p1a: Gardevoir|Protect
|move|p2b: Whimsicott|Encore|p1a: Gardevoir
|-activate|p1a: Gardevoir|move: Protect
|move|p2a: Charizard|Heat Wave|p1b: Incineroar|[spread] p1b
|-activate|p1a: Gardevoir|move: Protect
|-resisted|p1b: Incineroar|1
|-damage|p1b: Incineroar|73/100
|
|-weather|SunnyDay|[upkeep]
|upkeep
|turn|3
|
|t:|1785172026
|switch|p2a: Kingambit|Kingambit, L50, M|100/100
|move|p2b: Whimsicott|Protect|p2b: Whimsicott
|-singleturn|p2b: Whimsicott|Protect
|move|p1b: Incineroar|Fake Out|p2b: Whimsicott
|-activate|p2b: Whimsicott|move: Protect
|move|p1a: Gardevoir|Hyper Voice|p2a: Kingambit|[spread] p2a
|-activate|p2b: Whimsicott|move: Protect
|-damage|p2a: Kingambit|42/100
|
|-weather|SunnyDay|[upkeep]
|upkeep
|turn|4
|
|t:|1785172041
|move|p2a: Kingambit|Protect|p2a: Kingambit
|-singleturn|p2a: Kingambit|Protect
|move|p1b: Incineroar|Flare Blitz|p2b: Whimsicott
|-supereffective|p2b: Whimsicott|1
|-enditem|p2b: Whimsicott|Focus Sash
|-damage|p2b: Whimsicott|1/100
|-damage|p1b: Incineroar|51/100|[from] Recoil
|move|p1a: Gardevoir|Hyper Voice|p2b: Whimsicott|[spread] p2b
|-activate|p2a: Kingambit|move: Protect
|-damage|p2b: Whimsicott|0 fnt
|faint|p2b: Whimsicott
|
|-weather|SunnyDay|[upkeep]
|upkeep
|
|t:|1785172048
|switch|p2b: Kommo-o|Kommo-o, L50, M|100/100
|turn|5
|
|t:|1785172057
|move|p1a: Gardevoir|Protect|p1a: Gardevoir
|-singleturn|p1a: Gardevoir|Protect
|move|p2a: Kingambit|Iron Head|p1a: Gardevoir
|-activate|p1a: Gardevoir|move: Protect
|move|p1b: Incineroar|Flare Blitz|p2a: Kingambit
|-supereffective|p2a: Kingambit|1
|-damage|p2a: Kingambit|0 fnt
|faint|p2a: Kingambit
|-damage|p1b: Incineroar|38/100|[from] Recoil
|-enditem|p1b: Incineroar|Sitrus Berry|[eat]
|-heal|p1b: Incineroar|63/100|[from] item: Sitrus Berry
|move|p2b: Kommo-o|Aura Sphere|p1b: Incineroar
|-supereffective|p1b: Incineroar|1
|-damage|p1b: Incineroar|0 fnt
|faint|p1b: Incineroar
|-damage|p2b: Kommo-o|90/100|[from] item: Life Orb
|
|-weather|none
|-fieldend|move: Trick Room
|upkeep
|
|t:|1785172062
|switch|p1b: Sneasler|Sneasler, L50, F|50/100g
|switch|p2a: Charizard|Charizard-Mega-Y, L50, M|84/100
|-weather|SunnyDay|[from] ability: Drought|[of] p2a: Charizard
|turn|6
|
|t:|1785172074
|move|p2b: Kommo-o|Protect|p2b: Kommo-o
|-singleturn|p2b: Kommo-o|Protect
|move|p1b: Sneasler|Fake Out|p2a: Charizard
|-damage|p2a: Charizard|68/100
|cant|p2a: Charizard|flinch
|move|p1a: Gardevoir|Trick Room|p1a: Gardevoir
|-fieldstart|move: Trick Room|[of] p1a: Gardevoir
|
|-weather|SunnyDay|[upkeep]
|upkeep
|turn|7
|
|t:|1785172084
|move|p2b: Kommo-o|Vacuum Wave|p1a: Gardevoir
|-resisted|p1a: Gardevoir|2
|-damage|p1a: Gardevoir|95/100
|-damage|p2b: Kommo-o|80/100|[from] item: Life Orb
|move|p1a: Gardevoir|Hyper Voice|p2b: Kommo-o|[spread] p2a,p2b
|-resisted|p2a: Charizard|1
|-supereffective|p2b: Kommo-o|2
|-damage|p2a: Charizard|46/100
|-damage|p2b: Kommo-o|0 fnt
|faint|p2b: Kommo-o
|move|p2a: Charizard|Weather Ball|p1a: Gardevoir
|-damage|p1a: Gardevoir|33/100
|move|p1b: Sneasler|Gunk Shot|p2a: Charizard
|-damage|p2a: Charizard|0 fnt
|faint|p2a: Charizard
|
|win|booms221
||tang de maracuja is ready for game 2.
||booms221 is ready for game 2.
|uhtml|next|Next: Game 2 of 3
|l|☆booms221
|player|p1|
