|j|☆V1nz' VGC
|j|☆hehbeue
|html|V1nz' VGChehbeue    
|uhtml|bestof|Game 1 of a best-of-3
|t:|1783179426
|gametype|doubles
|player|p1|V1nz' VGC|steven|1000
|player|p2|hehbeue|101|1000
|gen|9
|tier|[Gen 9 Champions] VGC 2026 Reg M-B (Bo3)
|rated|
|rule|Species Clause: Limit one of each Pokémon
|rule|Item Clause: Limit 1 of each item
|clearpoke
|poke|p1|Starmie, L50, shiny|
|poke|p1|Annihilape, L50, F, shiny|
|poke|p1|Sneasler, L50, M, shiny|
|poke|p1|Whimsicott, L50, M, shiny|
|poke|p1|Raichu, L50, M, shiny|
|poke|p1|Maushold-Four, L50, shiny|
|poke|p2|Espathra, L50, M|
|poke|p2|Grimmsnarl, L50, M|
|poke|p2|Sneasler, L50, F|
|poke|p2|Archaludon, L50, F|
|poke|p2|Pelipper, L50, M|
|poke|p2|Maushold-Four, L50|
|teampreview|4
|showteam|p1|Starmie||Starminite|NaturalCure|Protect,SkillSwap,Recover,Liquidation|Jolly|||||50|]Annihilape||Leftovers|Defiant|Protect,IcePunch,RageFist,DrainPunch|Adamant||F|||50|]Sneasler||WhiteHerb|Unburden|FakeOut,CloseCombat,DireClaw,Protect|Jolly||M|||50|]Whimsicott||FocusSash|Prankster|Tailwind,Protect,Moonblast,Encore|Timid||M|||50|]Raichu||RaichuniteY|LightningRod|Protect,FakeOut,ZapCannon,FocusBlast|Hasty||M|||50|]Maushold-Four||ChopleBerry|FriendGuard|Protect,SuperFang,Encore,FollowMe|Timid|||||50|
|showteam|p2|Espathra||Leftovers|SpeedBoost|BatonPass,CalmMind,LuminaCrash,Protect|Modest||M|||50|]Grimmsnarl||LightClay|Prankster|Reflect,LightScreen,PlayRough,Protect|Careful||M|||50|]Sneasler||WhiteHerb|Unburden|CloseCombat,DireClaw,FakeOut,Protect|Adamant||F|||50|]Archaludon||ExpertBelt|Stamina|ElectroShot,HeavySlam,AuraSphere,Protect|Naive||F|||50|]Pelipper||SitrusBerry|Drizzle|WeatherBall,WideGuard,Tailwind,Protect|Bold||M|||50|]Maushold-Four||FocusSash|FriendGuard|PopulationBomb,AfterYou,FollowMe,Protect|Jolly|||||50|
|inactive|Battle timer is ON: inactive players will automatically lose when time's up. (requested by V1nz' VGC)
|inactive|hehbeue has 60 seconds left.
|
|t:|1783179465
|teamsize|p1|4
|teamsize|p2|4
|start
|switch|p1a: Starmie|Starmie, L50, shiny|100/100
|switch|p1b: Annihilape|Annihilape, L50, F, shiny|100/100
|switch|p2a: Grimmsnarl|Grimmsnarl, L50, M|100/100
|switch|p2b: Espathra|Espathra, L50, M|100/100
|turn|1
|inactive|V1nz' VGC has 30 seconds left.
|
|t:|1783179493
|detailschange|p1a: Starmie|Starmie-Mega, L50, shiny
|-mega|p1a: Starmie|Starmie|Starminite
|move|p2a: Grimmsnarl|Reflect|p2a: Grimmsnarl
|-sidestart|p2: hehbeue|Reflect
|move|p1a: Starmie|Skill Swap|p1b: Annihilape
|-activate|p1a: Starmie|Skill Swap|||[of] p1b: Annihilape
|move|p2b: Espathra|Calm Mind|p2b: Espathra
|-boost|p2b: Espathra|spa|1
|-boost|p2b: Espathra|spd|1
|move|p1b: Annihilape|Drain Punch|p2a: Grimmsnarl
|-damage|p2a: Grimmsnarl|38/100
|
|-ability|p2b: Espathra|Speed Boost|boost
|-boost|p2b: Espathra|spe|1
|upkeep
|turn|2
|
|t:|1783179514
|switch|p1a: Maushold|Maushold-Four, L50, shiny|100/100
|move|p2a: Grimmsnarl|Protect|p2a: Grimmsnarl
|-singleturn|p2a: Grimmsnarl|Protect
|move|p2b: Espathra|Calm Mind|p2b: Espathra
|-boost|p2b: Espathra|spa|1
|-boost|p2b: Espathra|spd|1
|move|p1b: Annihilape|Drain Punch|p2a: Grimmsnarl
|-activate|p2a: Grimmsnarl|move: Protect
|
|-ability|p2b: Espathra|Speed Boost|boost
|-boost|p2b: Espathra|spe|1
|upkeep
|turn|3
|
|t:|1783179539
|move|p1a: Maushold|Follow Me|p1a: Maushold
|-singleturn|p1a: Maushold|move: Follow Me
|move|p2b: Espathra|Calm Mind|p2b: Espathra
|-boost|p2b: Espathra|spa|1
|-boost|p2b: Espathra|spd|1
|move|p1b: Annihilape|Drain Punch|p2a: Grimmsnarl
|-damage|p2a: Grimmsnarl|0 fnt
|faint|p2a: Grimmsnarl
|
|-ability|p2b: Espathra|Speed Boost|boost
|-boost|p2b: Espathra|spe|1
|upkeep
|
|t:|1783179553
|switch|p2a: Sneasler|Sneasler, L50, F|100/100
|turn|4
|
|t:|1783179563
|move|p1a: Maushold|Protect|p1a: Maushold
|-singleturn|p1a: Maushold|Protect
|move|p2b: Espathra|Calm Mind|p2b: Espathra
|-boost|p2b: Espathra|spa|1
|-boost|p2b: Espathra|spd|1
|move|p2a: Sneasler|Close Combat|p1a: Maushold
|-activate|p1a: Maushold|move: Protect
|move|p1b: Annihilape|Drain Punch|p2a: Sneasler
|-resisted|p2a: Sneasler|1
|-damage|p2a: Sneasler|59/100
|
|-ability|p2b: Espathra|Speed Boost|boost
|-boost|p2b: Espathra|spe|1
|upkeep
|turn|5
|
|t:|1783179583
|move|p1a: Maushold|Follow Me|p1a: Maushold
|-singleturn|p1a: Maushold|move: Follow Me
|move|p2b: Espathra|Baton Pass|p2b: Espathra
|
|t:|1783179587
|switch|p2b: Archaludon|Archaludon, L50, F|100/100|[from] Baton Pass
|move|p2a: Sneasler|Close Combat|p1a: Maushold
|-supereffective|p1a: Maushold|1
|-enditem|p1a: Maushold|Chople Berry|[eat]
|-enditem|p1a: Maushold|Chople Berry|[weaken]
|-damage|p1a: Maushold|1/100
|-unboost|p2a: Sneasler|def|1
|-unboost|p2a: Sneasler|spd|1
|-enditem|p2a: Sneasler|White Herb
|-clearnegativeboost|p2a: Sneasler|[silent]
|move|p1b: Annihilape|Drain Punch|p2a: Sneasler
|-resisted|p2a: Sneasler|1
|-damage|p2a: Sneasler|13/100
|
|upkeep
|turn|6
|inactive|hehbeue has 30 seconds left.
|
|t:|1783179613
|move|p1a: Maushold|Follow Me|p1a: Maushold
|-singleturn|p1a: Maushold|move: Follow Me
|move|p2b: Archaludon|Electro Shot||[still]
|-prepare|p2b: Archaludon|Electro Shot
|-boost|p2b: Archaludon|spa|1
|move|p2a: Sneasler|Dire Claw|p1a: Maushold
|-damage|p1a: Maushold|0 fnt
|faint|p1a: Maushold
|move|p1b: Annihilape|Drain Punch|p2b: Archaludon
|-supereffective|p2b: Archaludon|1
|-damage|p2b: Archaludon|1/100
|-ability|p2b: Archaludon|Stamina|boost
|-boost|p2b: Archaludon|def|1
|
|upkeep
|
|t:|1783179626
|switch|p1a: Sneasler|Sneasler, L50, M, shiny|100/100
|turn|7
|
|t:|1783179639
|move|p1a: Sneasler|Fake Out|p2b: Archaludon
|-resisted|p2b: Archaludon|1
|-damage|p2b: Archaludon|0 fnt
|faint|p2b: Archaludon
|move|p2a: Sneasler|Close Combat|p1a: Sneasler
|-resisted|p1a: Sneasler|1
|-damage|p1a: Sneasler|44/100
|-unboost|p2a: Sneasler|def|1
|-unboost|p2a: Sneasler|spd|1
|move|p1b: Annihilape|Drain Punch|p2a: Sneasler
|-resisted|p2a: Sneasler|1
|-damage|p2a: Sneasler|0 fnt
|faint|p2a: Sneasler
|
|upkeep
|-message|hehbeue forfeited.
|raw|V1nz' VGC's rating: 1000 → 1040(+40 for winning)
|raw|hehbeue's rating: 1000 → 1000(+0 for losing)
|
|win|V1nz' VGC
|l|☆hehbeue
|player|p2|
