|j|☆RyanPowneyLobotomy
|j|☆Caloteiros VGC
|html|RyanPowneyLobotomyCaloteiros VGC    
|uhtml|bestof|Game 2 of a best-of-3
|t:|1785819179
|gametype|doubles
|player|p1|RyanPowneyLobotomy|pokemonranger-gen4|1059
|player|p2|Caloteiros VGC|morty|1209
|gen|9
|tier|[Gen 9 Champions] VGC 2026 Reg M-B (Bo3)
|rated|
|rule|Species Clause: Limit one of each Pokémon
|rule|Item Clause: Limit 1 of each item
|clearpoke
|poke|p1|Charizard, L50, M|
|poke|p1|Incineroar, L50, M|
|poke|p1|Gholdengo, L50|
|poke|p1|Whimsicott, L50, M|
|poke|p1|Kommo-o, L50, F|
|poke|p1|Basculegion, L50, M|
|poke|p2|Raichu, L50, M|
|poke|p2|Sinistcha, L50|
|poke|p2|Incineroar, L50, M|
|poke|p2|Sylveon, L50, F|
|poke|p2|Hydreigon, L50, F|
|poke|p2|Metagross, L50|
|teampreview|4
|showteam|p1|Charizard||CharizarditeY|Blaze|HeatWave,WeatherBall,SolarBeam,Protect|Modest||M|||50|]Incineroar||SitrusBerry|Intimidate|FakeOut,FlareBlitz,ThroatChop,PartingShot|Impish||M|||50|]Gholdengo||MetalCoat|GoodasGold|MakeItRain,ShadowBall,NastyPlot,Protect|Modest|||||50|]Whimsicott||FocusSash|Prankster|Moonblast,Tailwind,Encore,Protect|Timid||M|||50|]Kommo-o||LifeOrb|Soundproof|ClangingScales,AuraSphere,VacuumWave,Protect|Modest||F|||50|]Basculegion||MysticWater|Adaptability|WaveCrash,AquaJet,LastRespects,Protect|Adamant||M|||50|
|showteam|p2|Raichu||RaichuniteY|LightningRod|ZapCannon,FocusBlast,FakeOut,Protect|Timid||M|||50|]Sinistcha||SitrusBerry|Hospitality|MatchaGotcha,RagePowder,TrickRoom,Protect|Bold|||||50|]Incineroar||ShucaBerry|Intimidate|FlareBlitz,DarkestLariat,PartingShot,FakeOut|Careful||M|||50|]Sylveon||FairyFeather|Pixilate|HyperVoice,Moonblast,CalmMind,Protect|Modest||F|||50|]Hydreigon||ChoiceScarf|Levitate|DracoMeteor,DarkPulse,EarthPower,Snarl|Modest||F|||50|]Metagross||Metagrossite|ClearBody|HardPress,BodyPress,PsychicFangs,Protect|Adamant|||||50|
|inactive|Battle timer is ON: inactive players will automatically lose when time's up. (requested by Caloteiros VGC)
|
|t:|1785819206
|teamsize|p1|4
|teamsize|p2|4
|start
|switch|p1a: Incineroar|Incineroar, L50, M|100/100
|switch|p1b: Basculegion|Basculegion, L50, M|100/100
|switch|p2a: Sylveon|Sylveon, L50, F|100/100
|switch|p2b: Raichu|Raichu, L50, M|100/100
|-ability|p1a: Incineroar|Intimidate|boost
|-unboost|p2a: Sylveon|atk|1
|-unboost|p2b: Raichu|atk|1
|turn|1
|inactive|Caloteiros VGC has 30 seconds left.
|inactive|Caloteiros VGC has 20 seconds left.
|
|t:|1785819242
|detailschange|p2b: Raichu|Raichu-Mega-Y, L50, M
|-mega|p2b: Raichu|Raichu|Raichunite Y
|move|p2b: Raichu|Protect|p2b: Raichu
|-singleturn|p2b: Raichu|Protect
|move|p2a: Sylveon|Protect|p2a: Sylveon
|-singleturn|p2a: Sylveon|Protect
|move|p1b: Basculegion|Wave Crash|p2b: Raichu
|-activate|p2b: Raichu|move: Protect
|move|p1a: Incineroar|Parting Shot|p2a: Sylveon
|-activate|p2a: Sylveon|move: Protect
|
|upkeep
|turn|2
|
|t:|1785819264
|switch|p2a: Incineroar|Incineroar, L50, M|100/100
|-ability|p2a: Incineroar|Intimidate|boost
|-unboost|p1a: Incineroar|atk|1
|-unboost|p1b: Basculegion|atk|1
|move|p1b: Basculegion|Protect|p1b: Basculegion
|-singleturn|p1b: Basculegion|Protect
|move|p2b: Raichu|Zap Cannon|p1b: Basculegion
|-activate|p1b: Basculegion|move: Protect
|move|p1a: Incineroar|Parting Shot|p2b: Raichu
|-unboost|p2b: Raichu|atk|1
|-unboost|p2b: Raichu|spa|1
|
|t:|1785819274
|switch|p1a: Whimsicott|Whimsicott, L50, M|100/100|[from] Parting Shot
|
|upkeep
|turn|3
|
|t:|1785819292
|switch|p1b: Incineroar|Incineroar, L50, M|100/100
|-ability|p1b: Incineroar|Intimidate|boost
|-unboost|p2a: Incineroar|atk|1
|-unboost|p2b: Raichu|atk|1
|move|p1a: Whimsicott|Protect|p1a: Whimsicott
|-singleturn|p1a: Whimsicott|Protect
|move|p2a: Incineroar|Fake Out|p1a: Whimsicott
|-activate|p1a: Whimsicott|move: Protect
|move|p2b: Raichu|Zap Cannon|p1b: Incineroar
|-damage|p1b: Incineroar|63/100
|-status|p1b: Incineroar|par
|
|upkeep
|turn|4
|inactive|RyanPowneyLobotomy has 30 seconds left.
|
|t:|1785819325
|move|p2b: Raichu|Zap Cannon|p1a: Whimsicott
|-resisted|p1a: Whimsicott|1
|-damage|p1a: Whimsicott|67/100
|-status|p1a: Whimsicott|par
|move|p2a: Incineroar|Parting Shot|p1a: Whimsicott
|-unboost|p1a: Whimsicott|atk|1
|-unboost|p1a: Whimsicott|spa|1
|
|t:|1785819346
|switch|p2a: Sylveon|Sylveon, L50, F|100/100|[from] Parting Shot
|move|p1a: Whimsicott|Moonblast|p2b: Raichu
|-damage|p2b: Raichu|70/100
|move|p1b: Incineroar|Flare Blitz|p2b: Raichu
|-damage|p2b: Raichu|5/100
|-status|p2b: Raichu|brn
|-damage|p1b: Incineroar|46/100 par|[from] Recoil
|-enditem|p1b: Incineroar|Sitrus Berry|[eat]
|-heal|p1b: Incineroar|70/100 par|[from] item: Sitrus Berry
|
|-damage|p2b: Raichu|0 fnt|[from] brn
|faint|p2b: Raichu
|upkeep
|
|t:|1785819358
|switch|p2b: Incineroar|Incineroar, L50, M|100/100
|-ability|p2b: Incineroar|Intimidate|boost
|-unboost|p1a: Whimsicott|atk|1
|-unboost|p1b: Incineroar|atk|1
|turn|5
|
|t:|1785819374
|switch|p2b: Sinistcha|Sinistcha, L50|100/100
|move|p1a: Whimsicott|Protect|p1a: Whimsicott
|-singleturn|p1a: Whimsicott|Protect
|move|p2a: Sylveon|Calm Mind|p2a: Sylveon
|-boost|p2a: Sylveon|spa|1
|-boost|p2a: Sylveon|spd|1
|move|p1b: Incineroar|Parting Shot|p2a: Sylveon
|-unboost|p2a: Sylveon|atk|1
|-unboost|p2a: Sylveon|spa|1
|
|t:|1785819381
|switch|p1b: Gholdengo|Gholdengo, L50|100/100|[from] Parting Shot
|
|upkeep
|turn|6
|inactive|Caloteiros VGC has 30 seconds left.
|inactive|Caloteiros VGC has 20 seconds left.
|inactive|Caloteiros VGC has 15 seconds left.
|inactive|Caloteiros VGC has 10 seconds left.
|
|t:|1785819427
|move|p1a: Whimsicott|Encore|p2a: Sylveon
|-start|p2a: Sylveon|Encore
|move|p1b: Gholdengo|Nasty Plot|p1b: Gholdengo
|-boost|p1b: Gholdengo|spa|2
|move|p2a: Sylveon|Calm Mind|p2a: Sylveon
|-boost|p2a: Sylveon|spa|1
|-boost|p2a: Sylveon|spd|1
|move|p2b: Sinistcha|Trick Room|p2b: Sinistcha
|-fieldstart|move: Trick Room|[of] p2b: Sinistcha
|
|upkeep
|turn|7
|
|t:|1785819447
|switch|p1a: Incineroar|Incineroar, L50, M|70/100 par
|-ability|p1a: Incineroar|Intimidate|boost
|-unboost|p2a: Sylveon|atk|1
|-unboost|p2b: Sinistcha|atk|1
|move|p2b: Sinistcha|Matcha Gotcha|p1a: Incineroar|[spread] p1a,p1b
|-resisted|p1a: Incineroar|1
|-resisted|p1b: Gholdengo|1
|-damage|p1a: Incineroar|61/100 par
|-damage|p1b: Gholdengo|88/100
|move|p2a: Sylveon|Calm Mind|p2a: Sylveon
|-boost|p2a: Sylveon|spa|1
|-boost|p2a: Sylveon|spd|1
|move|p1b: Gholdengo|Nasty Plot|p1b: Gholdengo
|-boost|p1b: Gholdengo|spa|2
|
|upkeep
|turn|8
|inactive|Caloteiros VGC has 30 seconds left.
|
|t:|1785819477
|switch|p2b: Incineroar|Incineroar, L50, M|100/100
|-ability|p2b: Incineroar|Intimidate|boost
|-unboost|p1a: Incineroar|atk|1
|-unboost|p1b: Gholdengo|atk|1
|move|p1a: Incineroar|Parting Shot|p2a: Sylveon
|-unboost|p2a: Sylveon|atk|1
|-unboost|p2a: Sylveon|spa|1
|
|t:|1785819486
|switch|p1a: Basculegion|Basculegion, L50, M|100/100|[from] Parting Shot
|move|p2a: Sylveon|Calm Mind|p2a: Sylveon
|-boost|p2a: Sylveon|spa|1
|-boost|p2a: Sylveon|spd|1
|move|p1b: Gholdengo|Make It Rain|p2a: Sylveon|[spread] p2a,p2b
|-supereffective|p2a: Sylveon|1
|-resisted|p2b: Incineroar|1
|-damage|p2a: Sylveon|12/100
|-damage|p2b: Incineroar|38/100
|-unboost|p1b: Gholdengo|spa|2
|
|-end|p2a: Sylveon|Encore
|upkeep
|turn|9
|inactive|Caloteiros VGC has 30 seconds left.
|inactive|Caloteiros VGC has 20 seconds left.
|inactive|Caloteiros VGC has 15 seconds left.
|
|t:|1785819535
|move|p2a: Sylveon|Protect|p2a: Sylveon
|-singleturn|p2a: Sylveon|Protect
|move|p1a: Basculegion|Protect|p1a: Basculegion
|-singleturn|p1a: Basculegion|Protect
|move|p2b: Incineroar|Flare Blitz|p1b: Gholdengo
|-supereffective|p1b: Gholdengo|1
|-damage|p1b: Gholdengo|0 fnt
|faint|p1b: Gholdengo
|-damage|p2b: Incineroar|12/100|[from] Recoil
|
|upkeep
|
|t:|1785819545
|switch|p1b: Whimsicott|Whimsicott, L50, M|67/100 par
|turn|10
|
|t:|1785819559
|move|p1b: Whimsicott|Encore|p2a: Sylveon
|-start|p2a: Sylveon|Encore
|move|p2a: Sylveon|Protect||[still]
|-fail|p2a: Sylveon
|move|p1a: Basculegion|Aqua Jet|p2b: Incineroar
|-supereffective|p2b: Incineroar|1
|-damage|p2b: Incineroar|0 fnt
|faint|p2b: Incineroar
|
|-fieldend|move: Trick Room
|upkeep
|
|t:|1785819565
|switch|p2b: Sinistcha|Sinistcha, L50|100/100
|-heal|p2a: Sylveon|37/100|[from] ability: Hospitality|[of] p2b: Sinistcha
|turn|11
|
|t:|1785819577
|move|p2a: Sylveon|Protect|p2a: Sylveon
|-singleturn|p2a: Sylveon|Protect
|move|p1a: Basculegion|Last Respects|p2a: Sylveon
|-activate|p2a: Sylveon|move: Protect
|move|p1b: Whimsicott|Moonblast|p2b: Sinistcha
|-damage|p2b: Sinistcha|65/100
|move|p2b: Sinistcha|Matcha Gotcha|p1a: Basculegion|[spread] p1a,p1b
|-supereffective|p1a: Basculegion|1
|-resisted|p1b: Whimsicott|1
|-damage|p1a: Basculegion|43/100
|-heal|p2b: Sinistcha|98/100|[from] drain|[of] p1a: Basculegion
|-damage|p1b: Whimsicott|47/100 par
|-heal|p2b: Sinistcha|100/100|[from] drain|[of] p1b: Whimsicott
|
|upkeep
|turn|12
|inactive|Caloteiros VGC has 30 seconds left.
|inactive|Caloteiros VGC has 20 seconds left.
|
|t:|1785819612
|move|p2a: Sylveon|Protect|p2a: Sylveon
|-singleturn|p2a: Sylveon|Protect
|move|p1a: Basculegion|Last Respects|p2b: Sinistcha
|-supereffective|p2b: Sinistcha|1
|-damage|p2b: Sinistcha|0 fnt
|faint|p2b: Sinistcha
|cant|p1b: Whimsicott|par
|
|-end|p2a: Sylveon|Encore
|upkeep
|turn|13
|
|t:|1785819622
|move|p1b: Whimsicott|Encore|p2a: Sylveon
|-start|p2a: Sylveon|Encore
|move|p2a: Sylveon|Protect||[still]
|-fail|p2a: Sylveon
|move|p1a: Basculegion|Last Respects|p2a: Sylveon
|-damage|p2a: Sylveon|0 fnt
|faint|p2a: Sylveon
|
|win|RyanPowneyLobotomy
