|j|☆marcosdeltasena31
|j|☆Quill86
|html|marcosdeltasena31Quill86    
|uhtml|bestof|Game 3 of a best-of-3
|t:|1756170128
|gametype|doubles
|player|p1|marcosdeltasena31|hilbert|1415
|player|p2|Quill86|lucas|1392
|gen|9
|tier|[Gen 9] VGC 2025 Reg H (Bo3)
|rated|
|rule|Species Clause: Limit one of each Pokémon
|rule|Item Clause: Limit 1 of each item
|clearpoke
|poke|p1|Archaludon, L50, F|
|poke|p1|Dragonite, L50, F|
|poke|p1|Pelipper, L50, F|
|poke|p1|Ursaluna, L50, F|
|poke|p1|Sinistcha, L50|
|poke|p1|Incineroar, L50, F|
|poke|p2|Indeedee-F, L50, F|
|poke|p2|Gallade, L50, M|
|poke|p2|Torkoal, L50, F|
|poke|p2|Ursaluna, L50, M|
|poke|p2|Hatterene, L50, F|
|poke|p2|Smeargle, L50, M|
|teampreview|4
|showteam|p1|Archaludon||AssaultVest|Stamina|ElectroShot,BodyPress,FlashCannon,Snarl|||F|||50|,,,,,Bug]Dragonite||LoadedDice|Multiscale|ScaleShot,Tailwind,Haze,Protect|||F|||50|,,,,,Fairy]Pelipper||FocusSash|Drizzle|WeatherBall,Hurricane,Tailwind,Protect|||F|||50|,,,,,Ghost]Ursaluna||FlameOrb|Guts|HeadlongRush,Facade,Earthquake,Protect|||F|||50|,,,,,Ghost]Sinistcha||SitrusBerry|Hospitality|MatchaGotcha,RagePowder,TrickRoom,LifeDew||||||50|,,,,,Water]Incineroar||SafetyGoggles|Intimidate|KnockOff,FakeOut,PartingShot,Taunt|||F|||50|,,,,,Ghost
|showteam|p2|Indeedee-F||PsychicSeed|PsychicSurge|FollowMe,TrickRoom,HelpingHand,DazzlingGleam|||F|||50|,,,,,Fairy]Gallade||ClearAmulet|Sharpness|SacredSword,PsychoCut,WideGuard,TrickRoom|||M|||50|,,,,,Grass]Torkoal||ChoiceSpecs|Drought|Eruption,WeatherBall,EarthPower,HeatWave|||F|||50|,,,,,Fire]Ursaluna||FlameOrb|Guts|Protect,HeadlongRush,Facade,Earthquake|||M|||50|,,,,,Ghost]Hatterene||LifeOrb|MagicBounce|DazzlingGleam,ExpandingForce,MysticalFire,TrickRoom|||F|||50|,,,,,Fire]Smeargle||FocusSash|Technician|FakeOut,Spore,Decorate,FollowMe|||M|||50|,,,,,Ghost
|inactive|Battle timer is ON: inactive players will automatically lose when time's up. (requested by Quill86)
|
|t:|1756170135
|teamsize|p1|4
|teamsize|p2|4
|start
|switch|p1a: Ursaluna|Ursaluna, L50, F|100/100
|switch|p1b: Dragonite|Dragonite, L50, F|100/100
|switch|p2a: Indeedee|Indeedee-F, L50, F|100/100
|switch|p2b: Gallade|Gallade, L50, M|100/100
|-fieldstart|move: Psychic Terrain|[from] ability: Psychic Surge|[of] p2a: Indeedee
|-enditem|p2a: Indeedee|Psychic Seed
|-boost|p2a: Indeedee|spd|1|[from] item: Psychic Seed
|turn|1
|
|t:|1756170144
|move|p1b: Dragonite|Protect|p1b: Dragonite
|-singleturn|p1b: Dragonite|Protect
|move|p1a: Ursaluna|Protect|p1a: Ursaluna
|-singleturn|p1a: Ursaluna|Protect
|move|p2a: Indeedee|Follow Me|p2a: Indeedee
|-singleturn|p2a: Indeedee|move: Follow Me
|move|p2b: Gallade|Trick Room|p2b: Gallade
|-fieldstart|move: Trick Room|[of] p2b: Gallade
|
|-status|p1a: Ursaluna|brn|[from] item: Flame Orb
|upkeep
|turn|2
|
|t:|1756170160
|-terastallize|p1a: Ursaluna|Ghost
|move|p2a: Indeedee|Helping Hand|p2b: Gallade
|-singleturn|p2b: Gallade|Helping Hand|[of] p2a: Indeedee
|move|p2b: Gallade|Psycho Cut|p1b: Dragonite
|-damage|p1b: Dragonite|36/100
|move|p1a: Ursaluna|Earthquake|p2a: Indeedee|[spread] p2a,p2b
|-immune|p1b: Dragonite
|-damage|p2a: Indeedee|36/100
|-damage|p2b: Gallade|13/100
|move|p1b: Dragonite|Scale Shot|p2a: Indeedee
|-damage|p2a: Indeedee|20/100
|-damage|p2a: Indeedee|5/100
|-damage|p2a: Indeedee|0 fnt
|faint|p2a: Indeedee
|-hitcount|p2: Indeedee|3
|-unboost|p1b: Dragonite|def|1
|-boost|p1b: Dragonite|spe|1
|
|-damage|p1a: Ursaluna|95/100 brn|[from] brn
|upkeep
|
|t:|1756170165
|switch|p2a: Hatterene|Hatterene, L50, F|100/100
|turn|3
|
|t:|1756170178
|move|p1a: Ursaluna|Protect|p1a: Ursaluna
|-singleturn|p1a: Ursaluna|Protect
|move|p1b: Dragonite|Protect|p1b: Dragonite
|-singleturn|p1b: Dragonite|Protect
|move|p2a: Hatterene|Expanding Force|p1b: Dragonite|[spread] 
|-activate|p1a: Ursaluna|move: Protect
|-activate|p1b: Dragonite|move: Protect
|move|p2b: Gallade|Psycho Cut|p1a: Ursaluna
|-activate|p1a: Ursaluna|move: Protect
|
|-damage|p1a: Ursaluna|89/100 brn|[from] brn
|upkeep
|turn|4
|
|t:|1756170190
|move|p2a: Hatterene|Expanding Force|p1b: Dragonite|[spread] p1a,p1b
|-damage|p1a: Ursaluna|1/100 brn
|-damage|p1b: Dragonite|0 fnt
|faint|p1b: Dragonite
|-damage|p2a: Hatterene|91/100|[from] item: Life Orb
|move|p2b: Gallade|Psycho Cut|p1a: Ursaluna
|-damage|p1a: Ursaluna|0 fnt
|faint|p1a: Ursaluna
|
|upkeep
|
|t:|1756170197
|switch|p1a: Archaludon|Archaludon, L50, F|100/100
|switch|p1b: Pelipper|Pelipper, L50, F|100/100
|-weather|RainDance|[from] ability: Drizzle|[of] p1b: Pelipper
|turn|5
|
|t:|1756170210
|move|p2a: Hatterene|Expanding Force|p1a: Archaludon|[spread] p1a,p1b
|-resisted|p1a: Archaludon
|-damage|p1a: Archaludon|72/100
|-enditem|p1b: Pelipper|Focus Sash
|-damage|p1b: Pelipper|1/100
|-ability|p1a: Archaludon|Stamina|boost
|-boost|p1a: Archaludon|def|1
|-damage|p2a: Hatterene|81/100|[from] item: Life Orb
|move|p2b: Gallade|Sacred Sword|p1a: Archaludon
|-supereffective|p1a: Archaludon
|-damage|p1a: Archaludon|0 fnt
|faint|p1a: Archaludon
|move|p1b: Pelipper|Weather Ball|p2a: Hatterene
|-damage|p2a: Hatterene|8/100
|
|-weather|RainDance|[upkeep]
|-fieldend|move: Trick Room
|-fieldend|move: Psychic Terrain
|upkeep
|turn|6
|
|t:|1756170225
|move|p1b: Pelipper|Weather Ball|p2b: Gallade
|-damage|p2b: Gallade|0 fnt
|faint|p2b: Gallade
|move|p2a: Hatterene|Expanding Force|p1b: Pelipper
|-damage|p1b: Pelipper|0 fnt
|faint|p1b: Pelipper
|-damage|p2a: Hatterene|0 fnt|[from] item: Life Orb
|faint|p2a: Hatterene
|
|win|Quill86
|raw|marcosdeltasena31's rating: 1415 → 1394(-21 for losing)
|raw|Quill86's rating: 1392 → 1413(+21 for winning)
