|j|☆pepelniciq2
|j|☆foodieexe123
|html|pepelniciq2foodieexe123    
|uhtml|bestof|Game 2 of a best-of-3
|t:|1782528371
|gametype|doubles
|player|p1|pepelniciq2|miku-ghost|1108
|player|p2|foodieexe123|miku-fairy|1098
|gen|9
|tier|[Gen 9 Champions] VGC 2026 Reg M-B (Bo3)
|rated|
|rule|Species Clause: Limit one of each Pokémon
|rule|Item Clause: Limit 1 of each item
|clearpoke
|poke|p1|Pyroar, L50, M|
|poke|p1|Floette-Eternal, L50, F|
|poke|p1|Ninetales, L50, M|
|poke|p1|Whimsicott, L50, M|
|poke|p1|Basculegion, L50, M|
|poke|p1|Farigiraf, L50, M|
|poke|p2|Swampert, L50, M|
|poke|p2|Pelipper, L50, F|
|poke|p2|Archaludon, L50, M|
|poke|p2|Incineroar, L50, M, shiny|
|poke|p2|Scolipede, L50, M|
|poke|p2|Sinistcha, L50, shiny|
|teampreview|4
|showteam|p1|Pyroar||Pyroarite|Unnerve|Overheat,HeatWave,SolarBeam,Protect|Timid||M|||50|]Floette-Eternal||Floettite|FlowerVeil|LightofRuin,Moonblast,DazzlingGleam,Protect|Modest||F|||50|]Ninetales||ChoiceScarf|Drought|WeatherBall,HeatWave,SolarBeam,FakeTears|Modest||M|||50|]Whimsicott||FocusSash|Prankster|Moonblast,SunnyDay,Tailwind,Protect|Timid||M|||50|]Basculegion||LifeOrb|Adaptability|WaveCrash,AquaJet,LastRespects,Protect|Adamant||M|||50|]Farigiraf||SitrusBerry|ArmorTail|Psychic,Thunderbolt,TrickRoom,HelpingHand|Bold||M|||50|
|showteam|p2|Swampert||Swampertite|Damp|WaveCrash,Earthquake,PoisonJab,Protect|Adamant||M|||50|]Pelipper||FocusSash|Drizzle|Hurricane,Tailwind,WeatherBall,Protect|Timid||F|||50|]Archaludon||Leftovers|Stalwart|ElectroShot,DracoMeteor,FlashCannon,Protect|Modest||M|||50|]Incineroar||ChopleBerry|Intimidate|PartingShot,FakeOut,DarkestLariat,FlareBlitz|Relaxed||M|||50|]Scolipede||Scolipite|SpeedBoost|PoisonJab,LeechLife,SwordsDance,Protect|Adamant||M|||50|]Sinistcha||ColburBerry|Hospitality|Protect,LifeDew,RagePowder,MatchaGotcha|Sassy|||||50|
|
|t:|1782528415
|teamsize|p1|4
|teamsize|p2|4
|start
|switch|p1a: Pyroar|Pyroar, L50, M|100/100
|switch|p1b: Whimsicott|Whimsicott, L50, M|100/100
|switch|p2a: Candy cane|Incineroar, L50, M, shiny|100/100
|switch|p2b: Pelipper toilet|Pelipper, L50, F|100/100
|-ability|p1a: Pyroar|Unnerve
|-weather|RainDance|[from] ability: Drizzle|[of] p2b: Pelipper toilet
|-ability|p2a: Candy cane|Intimidate|boost
|-unboost|p1a: Pyroar|atk|1
|-unboost|p1b: Whimsicott|atk|1
|turn|1
|
|t:|1782528428
|detailschange|p1a: Pyroar|Pyroar-Mega, L50, M
|-mega|p1a: Pyroar|Pyroar|Pyroarite
|move|p2a: Candy cane|Fake Out|p1b: Whimsicott
|-damage|p1b: Whimsicott|84/100
|cant|p1b: Whimsicott|flinch
|move|p1a: Pyroar|Overheat|p2b: Pelipper toilet
|-resisted|p2b: Pelipper toilet|1
|-damage|p2b: Pelipper toilet|56/100
|-unboost|p1a: Pyroar|spa|2
|move|p2b: Pelipper toilet|Hurricane|p1b: Whimsicott
|-supereffective|p1b: Whimsicott|1
|-crit|p1b: Whimsicott
|-damage|p1b: Whimsicott|0 fnt
|faint|p1b: Whimsicott
|
|-weather|RainDance|[upkeep]
|upkeep
|
|t:|1782528433
|switch|p1b: Ninetales|Ninetales, L50, M|100/100
|-weather|SunnyDay|[from] ability: Drought|[of] p1b: Ninetales
|turn|2
|
|t:|1782528442
|switch|p1a: Basculegion|Basculegion, L50, M|100/100
|move|p2b: Pelipper toilet|Protect|p2b: Pelipper toilet
|-singleturn|p2b: Pelipper toilet|Protect
|move|p1b: Ninetales|Fake Tears|p2b: Pelipper toilet
|-activate|p2b: Pelipper toilet|move: Protect
|move|p2a: Candy cane|Parting Shot|p1a: Basculegion
|-unboost|p1a: Basculegion|atk|1
|-unboost|p1a: Basculegion|spa|1
|
|t:|1782528447
|switch|p2a: 🌉|Archaludon, L50, M|100/100|[from] Parting Shot
|
|-weather|SunnyDay|[upkeep]
|upkeep
|turn|3
|
|t:|1782528462
|switch|p2b: Candy cane|Incineroar, L50, M, shiny|100/100
|-ability|p2b: Candy cane|Intimidate|boost
|-unboost|p1a: Basculegion|atk|1
|-unboost|p1b: Ninetales|atk|1
|move|p1b: Ninetales|Fake Tears|p2a: 🌉
|-unboost|p2a: 🌉|spd|2
|move|p2a: 🌉|Draco Meteor|p1b: Ninetales
|-damage|p1b: Ninetales|12/100
|-unboost|p2a: 🌉|spa|2
|move|p1a: Basculegion|Last Respects|p2b: Candy cane
|-resisted|p2b: Candy cane|1
|-damage|p2b: Candy cane|82/100
|-damage|p1a: Basculegion|90/100|[from] item: Life Orb
|
|-weather|SunnyDay|[upkeep]
|upkeep
|turn|4
|
|t:|1782528476
|switch|p1b: Pyroar|Pyroar-Mega, L50, M|100/100
|switch|p2a: Pelipper toilet|Pelipper, L50, F|56/100
|-weather|RainDance|[from] ability: Drizzle|[of] p2a: Pelipper toilet
|move|p1a: Basculegion|Wave Crash|p2b: Candy cane
|-supereffective|p2b: Candy cane|1
|-damage|p2b: Candy cane|0 fnt
|faint|p2b: Candy cane
|-damage|p1a: Basculegion|62/100|[from] Recoil
|-damage|p1a: Basculegion|53/100|[from] item: Life Orb
|
|-weather|RainDance|[upkeep]
|upkeep
|
|t:|1782528486
|switch|p2b: 🌉|Archaludon, L50, M|100/100
|turn|5
|
|t:|1782528503
|move|p1b: Pyroar|Protect|p1b: Pyroar
|-singleturn|p1b: Pyroar|Protect
|move|p2a: Pelipper toilet|Protect|p2a: Pelipper toilet
|-singleturn|p2a: Pelipper toilet|Protect
|move|p1a: Basculegion|Protect|p1a: Basculegion
|-singleturn|p1a: Basculegion|Protect
|move|p2b: 🌉|Draco Meteor|p1b: Pyroar
|-activate|p1b: Pyroar|move: Protect
|
|-weather|RainDance|[upkeep]
|upkeep
|turn|6
|
|t:|1782528525
|switch|p1a: Ninetales|Ninetales, L50, M|12/100
|-weather|SunnyDay|[from] ability: Drought|[of] p1a: Ninetales
|move|p1b: Pyroar|Overheat|p2b: 🌉
|-damage|p2b: 🌉|0 fnt
|-unboost|p1b: Pyroar|spa|2
|faint|p2b: 🌉
|move|p2a: Pelipper toilet|Tailwind|p2a: Pelipper toilet
|-sidestart|p2: foodieexe123|move: Tailwind
|
|-weather|SunnyDay|[upkeep]
|upkeep
|
|t:|1782528529
|switch|p2b: Macho man|Swampert, L50, M|100/100
|turn|7
|
|t:|1782528544
|switch|p1b: Basculegion|Basculegion, L50, M|53/100
|detailschange|p2b: Macho man|Swampert-Mega, L50, M
|-mega|p2b: Macho man|Swampert|Swampertite
|move|p2a: Pelipper toilet|Weather Ball|p1b: Basculegion
|-resisted|p1b: Basculegion|1
|-damage|p1b: Basculegion|30/100
|move|p1a: Ninetales|Solar Beam||[still]
|-prepare|p1a: Ninetales|Solar Beam
|-anim|p1a: Ninetales|Solar Beam|p2b: Macho man
|-supereffective|p2b: Macho man|2
|-damage|p2b: Macho man|0 fnt
|faint|p2b: Macho man
|
|-weather|SunnyDay|[upkeep]
|upkeep
|turn|8
|c|☆foodieexe123|It still outsped me😭
|
|t:|1782528567
|move|p2a: Pelipper toilet|Weather Ball|p1a: Ninetales
|-resisted|p1a: Ninetales|1
|-damage|p1a: Ninetales|0 fnt
|faint|p1a: Ninetales
|move|p1b: Basculegion|Last Respects|p2a: Pelipper toilet
|-damage|p2a: Pelipper toilet|0 fnt
|faint|p2a: Pelipper toilet
|-damage|p1b: Basculegion|21/100|[from] item: Life Orb
|
|win|pepelniciq2
|raw|pepelniciq2's rating: 1108 → 1132(+24 for winning)
|raw|foodieexe123's rating: 1098 → 1074(-24 for losing)
|l|☆foodieexe123
|player|p2|
|c|☆pepelniciq2|swam í slow
