|j|☆strifesada
|j|☆JFT1331
|html|strifesadaJFT1331    
|uhtml|bestof|Game 1 of a best-of-3
|t:|1784079824
|gametype|doubles
|player|p1|strifesada|piers|1226
|player|p2|JFT1331|ethan|1142
|gen|9
|tier|[Gen 9 Champions] VGC 2026 Reg M-B (Bo3)
|rated|
|rule|Species Clause: Limit one of each Pokémon
|rule|Item Clause: Limit 1 of each item
|clearpoke
|poke|p1|Raichu, L50, M|
|poke|p1|Incineroar, L50, M|
|poke|p1|Sylveon, L50, F|
|poke|p1|Whimsicott, L50, M|
|poke|p1|Mamoswine, L50, F|
|poke|p1|Charizard, L50, M|
|poke|p2|Archaludon, L50, F|
|poke|p2|Swampert, L50, F|
|poke|p2|Pelipper, L50, M|
|poke|p2|Tyranitar, L50, M|
|poke|p2|Garchomp, L50, M|
|poke|p2|Sableye, L50, M|
|teampreview|4
|showteam|p1|Raichu||RaichuniteY|LightningRod|ZapCannon,FocusBlast,FakeOut,Protect|Timid||M|||50|]Incineroar||PasshoBerry|Intimidate|FakeOut,FlareBlitz,ThroatChop,PartingShot|Careful||M|||50|]Sylveon||FairyFeather|Pixilate|HyperVoice,CalmMind,QuickAttack,Protect|Modest||F|||50|]Whimsicott||FocusSash|Prankster|Encore,Protect,Tailwind,EnergyBall|Timid||M|||50|]Mamoswine||LifeOrb|Oblivious|HighHorsepower,IceShard,IcicleCrash,Protect|Adamant||F|||50|]Charizard||CharizarditeY|Blaze|HeatWave,WeatherBall,SolarBeam,Protect|Modest||M|||50|
|showteam|p2|Archaludon||Leftovers|Stamina|ElectroShot,FlashCannon,Protect,DragonPulse|Modest||F|||50|]Swampert||Swampertite|Torrent|Protect,WaveCrash,Earthquake,IcePunch|Adamant||F|||50|]Pelipper||DampRock|Drizzle|Hurricane,WeatherBall,Tailwind,WideGuard|Modest||M|||50|]Tyranitar||Tyranitarite|SandStream|RockSlide,KnockOff,Protect,LowKick|Adamant||M|||50|]Garchomp||LifeOrb|RoughSkin|DragonClaw,RockSlide,Earthquake,Protect|Jolly||M|||50|]Sableye||LightClay|Prankster|LightScreen,Reflect,FakeOut,WillOWisp|Careful||M|||50|
|inactive|Battle timer is ON: inactive players will automatically lose when time's up. (requested by JFT1331)
|
|t:|1784079865
|teamsize|p1|4
|teamsize|p2|4
|start
|switch|p1a: Raichu|Raichu, L50, M|100/100
|switch|p1b: Whimsicott|Whimsicott, L50, M|100/100
|switch|p2a: Swampert|Swampert, L50, F|100/100
|switch|p2b: Sableye|Sableye, L50, M|100/100
|turn|1
|inactive|JFT1331 has 30 seconds left.
|
|t:|1784079895
|switch|p2a: Pelipper|Pelipper, L50, M|100/100
|-weather|RainDance|[from] ability: Drizzle|[of] p2a: Pelipper
|switch|p2b: Archaludon|Archaludon, L50, F|100/100
|detailschange|p1a: Raichu|Raichu-Mega-Y, L50, M
|-mega|p1a: Raichu|Raichu|Raichunite Y
|move|p1a: Raichu|Fake Out|p2a: Pelipper
|-damage|p2a: Pelipper|89/100
|move|p1b: Whimsicott|Tailwind|p1b: Whimsicott
|-sidestart|p1: strifesada|move: Tailwind
|
|-weather|RainDance|[upkeep]
|upkeep
|turn|2
|inactive|JFT1331 has 30 seconds left.
|
|t:|1784079922
|switch|p1b: Mamoswine|Mamoswine, L50, F|100/100
|switch|p2a: Swampert|Swampert, L50, F|100/100
|move|p1a: Raichu|Protect|p1a: Raichu
|-singleturn|p1a: Raichu|Protect
|move|p2b: Archaludon|Dragon Pulse|p1a: Raichu
|-activate|p1a: Raichu|move: Protect
|
|-weather|RainDance|[upkeep]
|upkeep
|turn|3
|
|t:|1784079945
|switch|p1a: Whimsicott|Whimsicott, L50, M|100/100
|detailschange|p2a: Swampert|Swampert-Mega, L50, F
|-mega|p2a: Swampert|Swampert|Swampertite
|move|p2b: Archaludon|Protect|p2b: Archaludon
|-singleturn|p2b: Archaludon|Protect
|move|p2a: Swampert|Wave Crash|p1b: Mamoswine
|-supereffective|p1b: Mamoswine|1
|-damage|p1b: Mamoswine|0 fnt
|faint|p1b: Mamoswine
|-damage|p2a: Swampert|62/100|[from] Recoil
|
|-weather|RainDance|[upkeep]
|upkeep
|
|t:|1784079955
|switch|p1b: Raichu|Raichu-Mega-Y, L50, M|100/100
|turn|4
|
|t:|1784079969
|switch|p2a: Sableye|Sableye, L50, M|100/100
|move|p1b: Raichu|Focus Blast|p2b: Archaludon
|-supereffective|p2b: Archaludon|1
|-damage|p2b: Archaludon|18/100
|-ability|p2b: Archaludon|Stamina|boost
|-boost|p2b: Archaludon|def|1
|move|p1a: Whimsicott|Energy Ball|p2a: Sableye
|-damage|p2a: Sableye|72/100
|move|p2b: Archaludon|Flash Cannon|p1a: Whimsicott
|-supereffective|p1a: Whimsicott|1
|-crit|p1a: Whimsicott
|-enditem|p1a: Whimsicott|Focus Sash
|-damage|p1a: Whimsicott|1/100
|-unboost|p1a: Whimsicott|spd|1
|
|-weather|RainDance|[upkeep]
|-heal|p2b: Archaludon|24/100|[from] item: Leftovers
|-sideend|p1: strifesada|move: Tailwind
|upkeep
|turn|5
|inactive|strifesada has 30 seconds left.
|inactive|strifesada has 20 seconds left.
|
|t:|1784080008
|move|p1a: Whimsicott|Protect|p1a: Whimsicott
|-singleturn|p1a: Whimsicott|Protect
|move|p2a: Sableye|Fake Out|p1b: Raichu
|-damage|p1b: Raichu|89/100
|cant|p1b: Raichu|flinch
|move|p2b: Archaludon|Electro Shot||[still]
|-prepare|p2b: Archaludon|Electro Shot
|-boost|p2b: Archaludon|spa|1
|-anim|p2b: Archaludon|Electro Shot|p1a: Whimsicott
|-activate|p1a: Whimsicott|move: Protect
|
|-weather|RainDance|[upkeep]
|-heal|p2b: Archaludon|30/100|[from] item: Leftovers
|upkeep
|turn|6
|
|t:|1784080031
|switch|p1a: Sylveon|Sylveon, L50, F|100/100
|switch|p2a: Swampert|Swampert-Mega, L50, F|62/100
|move|p2b: Archaludon|Protect|p2b: Archaludon
|-singleturn|p2b: Archaludon|Protect
|move|p1b: Raichu|Focus Blast|p2b: Archaludon
|-activate|p2b: Archaludon|move: Protect
|
|-weather|RainDance|[upkeep]
|-heal|p2b: Archaludon|37/100|[from] item: Leftovers
|upkeep
|turn|7
|
|t:|1784080050
|move|p1b: Raichu|Protect|p1b: Raichu
|-singleturn|p1b: Raichu|Protect
|move|p2a: Swampert|Wave Crash|p1b: Raichu
|-activate|p1b: Raichu|move: Protect
|move|p2b: Archaludon|Flash Cannon|p1a: Sylveon
|-supereffective|p1a: Sylveon|1
|-damage|p1a: Sylveon|1/100
|move|p1a: Sylveon|Hyper Voice|p2b: Archaludon|[spread] p2a,p2b
|-damage|p2a: Swampert|14/100
|-damage|p2b: Archaludon|0 fnt
|faint|p2b: Archaludon
|
|-weather|RainDance|[upkeep]
|upkeep
|
|t:|1784080065
|switch|p2b: Sableye|Sableye, L50, M|72/100
|turn|8
|
|t:|1784080082
|move|p1b: Raichu|Protect||[still]
|-fail|p1b: Raichu
|move|p1a: Sylveon|Protect|p1a: Sylveon
|-singleturn|p1a: Sylveon|Protect
|move|p2b: Sableye|Fake Out|p1b: Raichu
|-damage|p1b: Raichu|76/100
|move|p2a: Swampert|Earthquake|p1b: Raichu|[spread] p2b,p1b
|-activate|p1a: Sylveon|move: Protect
|-supereffective|p1b: Raichu|1
|-damage|p2b: Sableye|14/100
|-damage|p1b: Raichu|0 fnt
|faint|p1b: Raichu
|
|-weather|none
|upkeep
|
|t:|1784080091
|switch|p1b: Whimsicott|Whimsicott, L50, M|1/100
|turn|9
|
|t:|1784080103
|switch|p2b: Pelipper|Pelipper, L50, M|89/100
|-weather|RainDance|[from] ability: Drizzle|[of] p2b: Pelipper
|move|p1b: Whimsicott|Tailwind|p1b: Whimsicott
|-sidestart|p1: strifesada|move: Tailwind
|move|p1a: Sylveon|Quick Attack|p2a: Swampert
|-damage|p2a: Swampert|2/100
|move|p2a: Swampert|Earthquake|p1a: Sylveon|[spread] p1a,p1b
|-immune|p2b: Pelipper
|-resisted|p1b: Whimsicott|1
|-damage|p1a: Sylveon|0 fnt
|-damage|p1b: Whimsicott|0 fnt
|faint|p1a: Sylveon
|faint|p1b: Whimsicott
|
|win|JFT1331
