|j|☆Daniw9
|j|☆dont make me walk
|html|Daniw9dont make me walk    
|uhtml|bestof|Game 2 of a best-of-3
|t:|1755033490
|gametype|doubles
|player|p1|Daniw9|170|1209
|player|p2|dont make me walk|red-masters3|1253
|gen|9
|tier|[Gen 9] VGC 2025 Reg H (Bo3)
|rated|
|rule|Species Clause: Limit one of each Pokémon
|rule|Item Clause: Limit 1 of each item
|clearpoke
|poke|p1|Dragonite, L50, F|
|poke|p1|Annihilape, L50, M|
|poke|p1|Maushold-Four, L50|
|poke|p1|Incineroar, L50, F|
|poke|p1|Indeedee, L50, M|
|poke|p1|Mamoswine, L50, M|
|poke|p2|Murkrow, L50, M|
|poke|p2|Indeedee-F, L50, F|
|poke|p2|Ursaluna-Bloodmoon, L50, M|
|poke|p2|Armarouge, L50, F|
|poke|p2|Gholdengo, L50|
|poke|p2|Annihilape, L50, M|
|teampreview|4
|showteam|p1|Dragonite||LoadedDice|Multiscale|ScaleShot,Haze,Tailwind,Protect|||F|||50|,,,,,Fairy]Annihilape||Leftovers|Defiant|DrainPunch,RageFist,Protect,BulkUp|||M|||50|,,,,,Water]Maushold-Four||SafetyGoggles|FriendGuard|Taunt,FollowMe,BeatUp,Protect||||||50|,,,,,Ghost]Incineroar||SitrusBerry|Intimidate|FlareBlitz,FakeOut,PartingShot,KnockOff|||F|||50|,,,,,Ghost]Indeedee||FocusSash|PsychicSurge|TrickRoom,Imprison,ExpandingForce,Protect|||M|||50|,,,,,Fairy]Mamoswine||ChoiceScarf|Oblivious|Earthquake,IcicleCrash,HighHorsepower,RockSlide|||M|||50|,,,,,Water
|showteam|p2|Murkrow||Eviolite|Prankster|Tailwind,FoulPlay,Haze,SunnyDay|||M|||50|,,,,,Ghost]Indeedee-F||RockyHelmet|PsychicSurge|FollowMe,TrickRoom,HelpingHand,Psychic|||F|||50|,,,,,Fairy]Ursaluna-Bloodmoon||LifeOrb|MindsEye|Protect,EarthPower,HyperVoice,BloodMoon|||M|||50|,,,,,Normal]Armarouge||PowerHerb|FlashFire|TrickRoom,MeteorBeam,HeatWave,ExpandingForce|||F|||50|,,,,,Grass]Gholdengo||ChoiceSpecs|GoodasGold|MakeItRain,ShadowBall,Thunderbolt,Trick||||||50|,,,,,Steel]Annihilape||SafetyGoggles|Defiant|Protect,BulkUp,RageFist,DrainPunch|||M|||50|,,,,,Fire
|inactive|Battle timer is ON: inactive players will automatically lose when time's up. (requested by dont make me walk)
|
|t:|1755033507
|teamsize|p1|4
|teamsize|p2|4
|start
|switch|p1a: Dragonite|Dragonite, L50, F|100/100
|switch|p1b: Mamoswine|Mamoswine, L50, M|100/100
|switch|p2a: Murkrow|Murkrow, L50, M, shiny|100/100
|switch|p2b: Gholdengo|Gholdengo, L50|100/100
|turn|1
|inactive|dont make me walk has 30 seconds left.
|inactive|dont make me walk has 20 seconds left.
|inactive|dont make me walk has 15 seconds left.
|
|t:|1755033548
|-terastallize|p1b: Mamoswine|Water
|move|p2a: Murkrow|Tailwind|p2a: Murkrow
|-sidestart|p2: dont make me walk|move: Tailwind
|move|p2b: Gholdengo|Make It Rain|p1a: Dragonite|[spread] p1a,p1b
|-resisted|p1b: Mamoswine
|-damage|p1a: Dragonite|57/100
|-damage|p1b: Mamoswine|47/100
|-unboost|p2b: Gholdengo|spa|1
|move|p1b: Mamoswine|Icicle Crash|p2a: Murkrow
|-supereffective|p2a: Murkrow
|-damage|p2a: Murkrow|3/100
|move|p1a: Dragonite|Tailwind|p1a: Dragonite
|-sidestart|p1: Daniw9|move: Tailwind
|
|upkeep
|turn|2
|
|t:|1755033564
|switch|p1b: Maushold|Maushold-Four, L50|100/100
|move|p2a: Murkrow|Haze|p2a: Murkrow
|-clearallboost
|move|p2b: Gholdengo|Make It Rain|p1a: Dragonite|[spread] p1a,p1b
|-damage|p1a: Dragonite|0 fnt
|-damage|p1b: Maushold|0 fnt
|-unboost|p2b: Gholdengo|spa|1
|faint|p1a: Dragonite
|faint|p1b: Maushold
|
|upkeep
|
|t:|1755033570
|switch|p1b: Mamoswine|Mamoswine, L50, M, tera:Water|47/100
|switch|p1a: Annihilape|Annihilape, L50, M|100/100
|turn|3
|
|t:|1755033586
|switch|p2b: Ursaluna|Ursaluna-Bloodmoon, L50, M|100/100
|switch|p2a: Indeedee|Indeedee-F, L50, F|100/100
|-fieldstart|move: Psychic Terrain|[from] ability: Psychic Surge|[of] p2a: Indeedee
|move|p1b: Mamoswine|High Horsepower|p2b: Ursaluna
|-damage|p2b: Ursaluna|63/100
|move|p1a: Annihilape|Bulk Up|p1a: Annihilape
|-boost|p1a: Annihilape|atk|1
|-boost|p1a: Annihilape|def|1
|
|upkeep
|turn|4
|
|t:|1755033601
|-terastallize|p2b: Ursaluna|Normal
|move|p2a: Indeedee|Follow Me|p2a: Indeedee
|-singleturn|p2a: Indeedee|move: Follow Me
|move|p1b: Mamoswine|High Horsepower|p2a: Indeedee
|-damage|p2a: Indeedee|51/100
|-damage|p1b: Mamoswine|31/100|[from] item: Rocky Helmet|[of] p2a: Indeedee
|move|p1a: Annihilape|Drain Punch|p2a: Indeedee
|-damage|p2a: Indeedee|6/100
|-damage|p1a: Annihilape|84/100|[from] item: Rocky Helmet|[of] p2a: Indeedee
|move|p2b: Ursaluna|Blood Moon|p1a: Annihilape
|-damage|p1a: Annihilape|0 fnt
|faint|p1a: Annihilape
|-damage|p2b: Ursaluna|53/100|[from] item: Life Orb
|
|-sideend|p2: dont make me walk|move: Tailwind
|-sideend|p1: Daniw9|move: Tailwind
|upkeep
|turn|5
|
|t:|1755033609
|move|p2a: Indeedee|Follow Me|p2a: Indeedee
|-singleturn|p2a: Indeedee|move: Follow Me
|move|p1b: Mamoswine|High Horsepower|p2a: Indeedee
|-damage|p2a: Indeedee|0 fnt
|-damage|p1b: Mamoswine|14/100|[from] item: Rocky Helmet|[of] p2a: Indeedee
|faint|p2a: Indeedee
|move|p2b: Ursaluna|Hyper Voice|p1b: Mamoswine
|-damage|p1b: Mamoswine|0 fnt
|faint|p1b: Mamoswine
|-damage|p2b: Ursaluna|43/100|[from] item: Life Orb
|
|win|dont make me walk
|raw|Daniw9's rating: 1209 → 1187(-22 for losing)
|raw|dont make me walk's rating: 1253 → 1275(+22 for winning)
|l|☆Daniw9
|player|p1|
