|j|☆buf33 scizorfanboy
|j|☆palle synchro
|html|buf33 scizorfanboypalle synchro    
|uhtml|bestof|Game 1 of a best-of-3
|t:|1756501944
|gametype|doubles
|player|p1|buf33 scizorfanboy|cynthia-gen4|1302
|player|p2|palle synchro|volkner|1515
|gen|9
|tier|[Gen 9] VGC 2025 Reg H (Bo3)
|rated|
|rule|Species Clause: Limit one of each Pokémon
|rule|Item Clause: Limit 1 of each item
|clearpoke
|poke|p1|Kingambit, L50, M|
|poke|p1|Basculegion, L50, M|
|poke|p1|Rillaboom, L50, F|
|poke|p1|Sneasler, L50, F|
|poke|p1|Ninetales-Alola, L50, M|
|poke|p1|Magmar, L50, F|
|poke|p2|Whimsicott, L50, M|
|poke|p2|Gholdengo, L50|
|poke|p2|Indeedee, L50, M|
|poke|p2|Sneasler, L50, F|
|poke|p2|Ursaluna-Bloodmoon, L50, M|
|poke|p2|Archaludon, L50, F|
|teampreview|4
|showteam|p1|Kingambit||SafetyGoggles|Defiant|Protect,KowtowCleave,SuckerPunch,SwordsDance|||M|||50|,,,,,Dark]Basculegion||ChoiceScarf|Adaptability|WaveCrash,LastRespects,AquaJet,FlipTurn|||M|||50|,,,,,Grass]Rillaboom||AssaultVest|GrassySurge|WoodHammer,GrassyGlide,Uturn,FakeOut|||F|||50|,,,,,Fire]Sneasler||FocusSash|Unburden|Protect,DireClaw,CloseCombat,FakeOut|||F|||50|,,,,,Stellar]Ninetales-Alola||NeverMeltIce|SnowWarning|Protect,Blizzard,FreezeDry,Encore|||M|||50|,,,,,Ghost]Magmar||Eviolite|VitalSpirit|Protect,HeatWave,Taunt,FollowMe|||F|||50|,,,,,Ghost
|showteam|p2|Whimsicott||CovertCloak|Prankster|Moonblast,Taunt,Tailwind,FakeTears|||M|||50|,,,,,Water]Gholdengo||MetalCoat|GoodasGold|MakeItRain,ShadowBall,NastyPlot,Protect||||||50|,,,,,Flying]Indeedee||FocusSash|PsychicSurge|ExpandingForce,TeraBlast,Imprison,TrickRoom|||M|||50|,,,,,Psychic]Sneasler||PsychicSeed|Unburden|CloseCombat,DireClaw,ThroatChop,Protect|||F|||50|,,,,,Dark]Ursaluna-Bloodmoon||LifeOrb|MindsEye|HyperVoice,BloodMoon,EarthPower,Protect|||M|||50|,,,,,Normal]Archaludon||PowerHerb|Stalwart|ElectroShot,DragonPulse,Thunderbolt,Protect|||F|||50|,,,,,Electric
|inactive|Battle timer is ON: inactive players will automatically lose when time's up. (requested by buf33 scizorfanboy)
|inactive|buf33 scizorfanboy has 60 seconds left.
|inactive|buf33 scizorfanboy has 30 seconds left.
|inactive|buf33 scizorfanboy has 20 seconds left.
|inactive|buf33 scizorfanboy has 15 seconds left.
|
|t:|1756502021
|teamsize|p1|4
|teamsize|p2|4
|start
|switch|p1a: Ninetales|Ninetales-Alola, L50, M|100/100
|switch|p1b: Magmar|Magmar, L50, F|100/100
|switch|p2a: Whimsicott|Whimsicott, L50, M|100/100
|switch|p2b: Ursaluna|Ursaluna-Bloodmoon, L50, M|100/100
|-weather|Snowscape|[from] ability: Snow Warning|[of] p1a: Ninetales
|turn|1
|
|t:|1756502047
|-terastallize|p2b: Ursaluna|Normal
|move|p2a: Whimsicott|Tailwind|p2a: Whimsicott
|-sidestart|p2: palle synchro|move: Tailwind
|move|p2b: Ursaluna|Hyper Voice|p1a: Ninetales|[spread] p1a,p1b
|-damage|p1a: Ninetales|31/100
|-damage|p1b: Magmar|53/100
|-damage|p2b: Ursaluna|91/100|[from] item: Life Orb
|move|p1a: Ninetales|Blizzard|p2a: Whimsicott|[spread] p2a,p2b
|-supereffective|p2a: Whimsicott
|-damage|p2a: Whimsicott|2/100
|-damage|p2b: Ursaluna|43/100
|move|p1b: Magmar|Heat Wave|p2a: Whimsicott|[spread] p2b
|-miss|p1b: Magmar|p2a: Whimsicott
|-damage|p2b: Ursaluna|8/100
|
|-weather|Snowscape|[upkeep]
|upkeep
|turn|2
|inactive|buf33 scizorfanboy has 30 seconds left.
|
|t:|1756502077
|move|p1a: Ninetales|Protect|p1a: Ninetales
|-singleturn|p1a: Ninetales|Protect
|move|p2a: Whimsicott|Fake Tears|p1b: Magmar
|-unboost|p1b: Magmar|spd|2
|move|p2b: Ursaluna|Hyper Voice|p1b: Magmar|[spread] p1b
|-activate|p1a: Ninetales|move: Protect
|-damage|p1b: Magmar|0 fnt
|faint|p1b: Magmar
|-damage|p2b: Ursaluna|0 fnt|[from] item: Life Orb
|faint|p2b: Ursaluna
|
|-weather|Snowscape|[upkeep]
|upkeep
|
|t:|1756502085
|switch|p1b: Sneasler|Sneasler, L50, F|100/100
|switch|p2b: Gholdengo|Gholdengo, L50|100/100
|turn|3
|inactive|palle synchro has 30 seconds left.
|inactive|palle synchro has 20 seconds left.
|
|t:|1756502122
|switch|p1a: Rillaboom|Rillaboom, L50, F|100/100
|-fieldstart|move: Grassy Terrain|[from] ability: Grassy Surge|[of] p1a: Rillaboom
|move|p1b: Sneasler|Protect|p1b: Sneasler
|-singleturn|p1b: Sneasler|Protect
|move|p2a: Whimsicott|Moonblast|p1b: Sneasler
|-activate|p1b: Sneasler|move: Protect
|move|p2b: Gholdengo|Nasty Plot|p2b: Gholdengo
|-boost|p2b: Gholdengo|spa|2
|
|-weather|Snowscape|[upkeep]
|-heal|p2a: Whimsicott|8/100|[from] Grassy Terrain
|upkeep
|turn|4
|
|t:|1756502140
|switch|p2a: Indeedee|Indeedee, L50, M|100/100
|-fieldstart|move: Psychic Terrain|[from] ability: Psychic Surge|[of] p2a: Indeedee
|switch|p1b: Ninetales|Ninetales-Alola, L50, M|31/100
|move|p2b: Gholdengo|Nasty Plot|p2b: Gholdengo
|-boost|p2b: Gholdengo|spa|2
|move|p1a: Rillaboom|U-turn|p2a: Indeedee
|-supereffective|p2a: Indeedee
|-enditem|p2a: Indeedee|Focus Sash
|-damage|p2a: Indeedee|1/100
|
|t:|1756502151
|switch|p1a: Sneasler|Sneasler, L50, F|100/100|[from] U-turn
|
|-weather|Snowscape|[upkeep]
|-sideend|p2: palle synchro|move: Tailwind
|upkeep
|turn|5
|
|t:|1756502158
|move|p1a: Sneasler|Dire Claw|p2a: Indeedee
|-damage|p2a: Indeedee|0 fnt
|faint|p2a: Indeedee
|move|p1b: Ninetales|Blizzard|p2b: Gholdengo
|-resisted|p2b: Gholdengo
|-damage|p2b: Gholdengo|73/100
|move|p2b: Gholdengo|Make It Rain|p1b: Ninetales|[spread] p1a,p1b
|-supereffective|p1b: Ninetales
|-enditem|p1a: Sneasler|Focus Sash
|-damage|p1a: Sneasler|1/100
|-damage|p1b: Ninetales|0 fnt
|-unboost|p2b: Gholdengo|spa|1
|faint|p1b: Ninetales
|
|-weather|none
|upkeep
|
|t:|1756502166
|switch|p1b: Rillaboom|Rillaboom, L50, F|100/100
|switch|p2a: Whimsicott|Whimsicott, L50, M|8/100
|-fieldstart|move: Grassy Terrain|[from] ability: Grassy Surge|[of] p1b: Rillaboom
|turn|6
|
|t:|1756502179
|move|p1a: Sneasler|Protect|p1a: Sneasler
|-singleturn|p1a: Sneasler|Protect
|move|p1b: Rillaboom|Fake Out|p2a: Whimsicott
|-damage|p2a: Whimsicott|0 fnt
|faint|p2a: Whimsicott
|move|p2b: Gholdengo|Make It Rain|p1b: Rillaboom|[spread] p1b
|-activate|p1a: Sneasler|move: Protect
|-damage|p1b: Rillaboom|1/100
|-unboost|p2b: Gholdengo|spa|1
|
|-heal|p1a: Sneasler|7/100|[from] Grassy Terrain
|-heal|p2b: Gholdengo|79/100|[from] Grassy Terrain
|-heal|p1b: Rillaboom|7/100|[from] Grassy Terrain
|upkeep
|turn|7
|
|t:|1756502190
|-terastallize|p1b: Rillaboom|Fire
|move|p1a: Sneasler|Protect|p1a: Sneasler
|-singleturn|p1a: Sneasler|Protect
|move|p2b: Gholdengo|Make It Rain|p1b: Rillaboom|[spread] p1b
|-activate|p1a: Sneasler|move: Protect
|-resisted|p1b: Rillaboom
|-damage|p1b: Rillaboom|0 fnt
|-unboost|p2b: Gholdengo|spa|1
|faint|p1b: Rillaboom
|
|-heal|p1a: Sneasler|13/100|[from] Grassy Terrain
|-heal|p2b: Gholdengo|85/100|[from] Grassy Terrain
|upkeep
|turn|8
|
|t:|1756502212
|move|p1a: Sneasler|Close Combat|p2b: Gholdengo
|-immune|p2b: Gholdengo
|move|p2b: Gholdengo|Make It Rain|p1a: Sneasler
|-damage|p1a: Sneasler|0 fnt
|-unboost|p2b: Gholdengo|spa|1
|faint|p1a: Sneasler
|
|win|palle synchro
