|j|☆isthis6thgood
|j|☆MangoldVGC
|html|isthis6thgoodMangoldVGC    
|uhtml|bestof|Game 1 of a best-of-3
|t:|1784899919
|gametype|doubles
|player|p1|isthis6thgood|170|1150
|player|p2|MangoldVGC|2|1172
|gen|9
|tier|[Gen 9 Champions] VGC 2026 Reg M-B (Bo3)
|rated|
|rule|Species Clause: Limit one of each Pokémon
|rule|Item Clause: Limit 1 of each item
|clearpoke
|poke|p1|Swampert, L50, M|
|poke|p1|Mawile, L50, F|
|poke|p1|Pelipper, L50, F|
|poke|p1|Archaludon, L50, M|
|poke|p1|Sableye, L50, M|
|poke|p1|Farigiraf, L50, M|
|poke|p2|Tyranitar, L50, F|
|poke|p2|Excadrill, L50, M|
|poke|p2|Milotic, L50, M|
|poke|p2|Sinistcha, L50|
|poke|p2|Staraptor, L50, F|
|poke|p2|Gholdengo, L50|
|teampreview|4
|showteam|p1|Swampert||Swampertite|Damp|Protect,IcePunch,WaveCrash,Earthquake|Adamant||M|||50|]Mawile||Mawilite|Intimidate|Protect,RockSlide,IronHead,PlayRough|Adamant||F|||50|]Pelipper||FocusSash|Drizzle|Tailwind,WideGuard,WeatherBall,Hurricane|Modest||F|||50|]Archaludon||Leftovers|Stamina|Protect,ElectroShot,FlashCannon,DragonPulse|Modest||M|||50|]Sableye||RoseliBerry|Prankster|LightScreen,FoulPlay,RainDance,Reflect|Sassy||M|||50|]Farigiraf||SitrusBerry|ArmorTail|HelpingHand,TrickRoom,Psychic,Thunderbolt|Bold||M|||50|
|showteam|p2|Tyranitar||Tyranitarite|SandStream|KnockOff,RockSlide,HighHorsepower,Protect|Jolly||F|||50|]Excadrill||FocusSash|SandRush|Earthquake,IronHead,RockSlide,Protect|Adamant||M|||50|]Milotic||SitrusBerry|Competitive|Scald,IcyWind,Haze,Protect|Calm||M|||50|]Sinistcha||ColburBerry|Hospitality|MatchaGotcha,ShadowBall,Protect,RagePowder|Bold|||||50|]Staraptor||Staraptite|Intimidate|CloseCombat,BraveBird,Tailwind,Protect|Jolly||F|||50|]Gholdengo||LifeOrb|GoodasGold|MakeItRain,ShadowBall,NastyPlot,Protect|Modest|||||50|
|inactive|Battle timer is ON: inactive players will automatically lose when time's up. (requested by isthis6thgood)
|inactive|MangoldVGC has 60 seconds left.
|
|t:|1784900006
|teamsize|p1|4
|teamsize|p2|4
|start
|switch|p1a: Sableye|Sableye, L50, M|100/100
|switch|p1b: Swampert|Swampert, L50, M|100/100
|switch|p2a: Sinistcha|Sinistcha, L50|100/100
|switch|p2b: Gholdengo|Gholdengo, L50|100/100
|turn|1
|inactive|MangoldVGC has 30 seconds left.
|inactive|MangoldVGC has 20 seconds left.
|inactive|MangoldVGC has 15 seconds left.
|
|t:|1784900047
|switch|p2b: Staraptor|Staraptor, L50, F|100/100
|-ability|p2b: Staraptor|Intimidate|boost
|-unboost|p1a: Sableye|atk|1
|-unboost|p1b: Swampert|atk|1
|switch|p1b: Archaludon|Archaludon, L50, M|100/100
|move|p1a: Sableye|Light Screen|p1a: Sableye
|-sidestart|p1: isthis6thgood|move: Light Screen
|move|p2a: Sinistcha|Matcha Gotcha|p1a: Sableye|[spread] p1a
|-miss|p2a: Sinistcha|p1b: Archaludon
|-damage|p1a: Sableye|81/100
|
|upkeep
|turn|2
|inactive|isthis6thgood has 30 seconds left.
|inactive|MangoldVGC has 30 seconds left.
|inactive|MangoldVGC has 20 seconds left.
|inactive|MangoldVGC has 15 seconds left.
|
|t:|1784900087
|switch|p1b: Pelipper|Pelipper, L50, F|100/100
|-weather|RainDance|[from] ability: Drizzle|[of] p1b: Pelipper
|detailschange|p2b: Staraptor|Staraptor-Mega, L50, F
|-mega|p2b: Staraptor|Staraptor|Staraptite
|move|p2a: Sinistcha|Rage Powder|p2a: Sinistcha
|-singleturn|p2a: Sinistcha|move: Rage Powder
|move|p1a: Sableye|Reflect|p1a: Sableye
|-sidestart|p1: isthis6thgood|Reflect
|move|p2b: Staraptor|Brave Bird|p1a: Sableye
|-damage|p1a: Sableye|30/100
|-damage|p2b: Staraptor|86/100|[from] Recoil
|
|-weather|RainDance|[upkeep]
|upkeep
|turn|3
|
|t:|1784900111
|switch|p1a: Archaludon|Archaludon, L50, M|100/100
|move|p2b: Staraptor|Close Combat|p1b: Pelipper
|-resisted|p1b: Pelipper|1
|-damage|p1b: Pelipper|77/100
|-boost|p2b: Staraptor|def|1
|-boost|p2b: Staraptor|spd|1
|move|p1b: Pelipper|Hurricane|p2a: Sinistcha
|-supereffective|p2a: Sinistcha|1
|-damage|p2a: Sinistcha|0 fnt
|faint|p2a: Sinistcha
|
|-weather|RainDance|[upkeep]
|upkeep
|
|t:|1784900129
|switch|p2a: Tyranitar|Tyranitar, L50, F|100/100
|-weather|Sandstorm|[from] ability: Sand Stream|[of] p2a: Tyranitar
|turn|4
|
|t:|1784900150
|switch|p1b: Sableye|Sableye, L50, M|30/100
|move|p1a: Archaludon|Protect|p1a: Archaludon
|-singleturn|p1a: Archaludon|Protect
|move|p2b: Staraptor|Tailwind|p2b: Staraptor
|-sidestart|p2: MangoldVGC|move: Tailwind
|move|p2a: Tyranitar|Knock Off|p1b: Sableye
|-damage|p1b: Sableye|0 fnt
|-enditem|p1b: Sableye|Roseli Berry|[from] move: Knock Off|[of] p2a: Tyranitar
|faint|p1b: Sableye
|
|-weather|Sandstorm|[upkeep]
|-damage|p2b: Staraptor|80/100|[from] Sandstorm
|upkeep
|
|t:|1784900165
|switch|p1b: Pelipper|Pelipper, L50, F|77/100
|-weather|RainDance|[from] ability: Drizzle|[of] p1b: Pelipper
|turn|5
|
|t:|1784900180
|move|p2b: Staraptor|Close Combat|p1a: Archaludon
|-supereffective|p1a: Archaludon|1
|-damage|p1a: Archaludon|50/100g
|-boost|p2b: Staraptor|def|1
|-boost|p2b: Staraptor|spd|1
|-ability|p1a: Archaludon|Stamina|boost
|-boost|p1a: Archaludon|def|1
|move|p2a: Tyranitar|High Horsepower|p1a: Archaludon
|-supereffective|p1a: Archaludon|1
|-damage|p1a: Archaludon|31/100
|-ability|p1a: Archaludon|Stamina|boost
|-boost|p1a: Archaludon|def|1
|move|p1b: Pelipper|Weather Ball|p2a: Tyranitar
|-supereffective|p2a: Tyranitar|1
|-damage|p2a: Tyranitar|0 fnt
|faint|p2a: Tyranitar
|move|p1a: Archaludon|Electro Shot||[still]
|-prepare|p1a: Archaludon|Electro Shot
|-boost|p1a: Archaludon|spa|1
|-anim|p1a: Archaludon|Electro Shot|p2b: Staraptor
|-supereffective|p2b: Staraptor|1
|-damage|p2b: Staraptor|24/100
|
|-weather|RainDance|[upkeep]
|-heal|p1a: Archaludon|38/100|[from] item: Leftovers
|-sideend|p1: isthis6thgood|move: Light Screen
|upkeep
|
|t:|1784900204
|switch|p2a: Gholdengo|Gholdengo, L50|100/100
|turn|6
|
|t:|1784900223
|move|p2b: Staraptor|Close Combat|p1a: Archaludon
|-supereffective|p1a: Archaludon|1
|-damage|p1a: Archaludon|11/100
|-boost|p2b: Staraptor|def|1
|-boost|p2b: Staraptor|spd|1
|-ability|p1a: Archaludon|Stamina|boost
|-boost|p1a: Archaludon|def|1
|move|p2a: Gholdengo|Nasty Plot|p2a: Gholdengo
|-boost|p2a: Gholdengo|spa|2
|move|p1b: Pelipper|Tailwind|p1b: Pelipper
|-sidestart|p1: isthis6thgood|move: Tailwind
|move|p1a: Archaludon|Electro Shot||[still]
|-prepare|p1a: Archaludon|Electro Shot
|-boost|p1a: Archaludon|spa|1
|-anim|p1a: Archaludon|Electro Shot|p2a: Gholdengo
|-damage|p2a: Gholdengo|25/100
|
|-weather|RainDance|[upkeep]
|-heal|p1a: Archaludon|17/100|[from] item: Leftovers
|-sideend|p1: isthis6thgood|Reflect
|upkeep
|turn|7
|inactive|isthis6thgood has 30 seconds left.
|inactive|MangoldVGC has 30 seconds left.
|inactive|isthis6thgood has 20 seconds left.
|
|t:|1784900261
|move|p1a: Archaludon|Protect|p1a: Archaludon
|-singleturn|p1a: Archaludon|Protect
|move|p2b: Staraptor|Close Combat|p1a: Archaludon
|-activate|p1a: Archaludon|move: Protect
|move|p1b: Pelipper|Hurricane|p2b: Staraptor
|-supereffective|p2b: Staraptor|1
|-damage|p2b: Staraptor|0 fnt
|faint|p2b: Staraptor
|move|p2a: Gholdengo|Shadow Ball|p1b: Pelipper
|-damage|p1b: Pelipper|0 fnt
|faint|p1b: Pelipper
|-damage|p2a: Gholdengo|16/100|[from] item: Life Orb
|
|-weather|RainDance|[upkeep]
|-heal|p1a: Archaludon|23/100|[from] item: Leftovers
|-sideend|p2: MangoldVGC|move: Tailwind
|upkeep
|
|t:|1784900279
|switch|p1b: Swampert|Swampert, L50, M|100/100
|turn|8
|
|t:|1784900286
|detailschange|p1b: Swampert|Swampert-Mega, L50, M
|-mega|p1b: Swampert|Swampert|Swampertite
|move|p2a: Gholdengo|Protect|p2a: Gholdengo
|-singleturn|p2a: Gholdengo|Protect
|move|p1b: Swampert|Wave Crash|p2a: Gholdengo
|-activate|p2a: Gholdengo|move: Protect
|move|p1a: Archaludon|Electro Shot||[still]
|-prepare|p1a: Archaludon|Electro Shot
|-boost|p1a: Archaludon|spa|1
|-anim|p1a: Archaludon|Electro Shot|p2a: Gholdengo
|-activate|p2a: Gholdengo|move: Protect
|
|-weather|RainDance|[upkeep]
|-heal|p1a: Archaludon|29/100|[from] item: Leftovers
|upkeep
|turn|9
|
|t:|1784900305
|move|p2a: Gholdengo|Protect||[still]
|-fail|p2a: Gholdengo
|move|p1b: Swampert|Wave Crash|p2a: Gholdengo
|-damage|p2a: Gholdengo|0 fnt
|faint|p2a: Gholdengo
|-damage|p1b: Swampert|94/100|[from] Recoil
|
|win|isthis6thgood
|l|☆MangoldVGC
|player|p2|
||MangoldVGC is ready for game 2.
|inactive|isthis6thgood has 30 seconds to confirm battle start!
|inactive|isthis6thgood has 20 seconds to confirm battle start!
