|j|☆Krispycloud
|j|☆Mythicallegand
|html|KrispycloudMythicallegand    
|uhtml|bestof|Game 2 of a best-of-3
|t:|1756730450
|gametype|doubles
|player|p1|Krispycloud|alder|1152
|player|p2|Mythicallegand|iris|1090
|gen|9
|tier|[Gen 9] VGC 2025 Reg H (Bo3)
|rated|
|rule|Species Clause: Limit one of each Pokémon
|rule|Item Clause: Limit 1 of each item
|clearpoke
|poke|p1|Amoonguss, L50, F|
|poke|p1|Sneasler, L50, M|
|poke|p1|Gholdengo, L50|
|poke|p1|Incineroar, L50, M|
|poke|p1|Ursaluna-Bloodmoon, L50, M|
|poke|p1|Dragonite, L50, F|
|poke|p2|Politoed, L50, F|
|poke|p2|Tyranitar, L50, F|
|poke|p2|Drednaw, L50, M|
|poke|p2|Garchomp, L50, F|
|poke|p2|Incineroar, L50, F|
|teampreview|4
|showteam|p1|Amoonguss||SitrusBerry|Regenerator|RagePowder,Spore,PollenPuff,Protect|||F|||50|,,,,,Psychic]Sneasler||FocusSash|Unburden|Protect,DireClaw,CloseCombat,ThroatChop|||M|||50|,,,,,Stellar]Gholdengo||LifeOrb|GoodasGold|Protect,MakeItRain,ShadowBall,NastyPlot||||||50|,,,,,Water]Incineroar||SafetyGoggles|Intimidate|KnockOff,PartingShot,FlareBlitz,FakeOut|||M|||50|,,,,,Ghost]Ursaluna-Bloodmoon||AssaultVest|MindsEye|BloodMoon,EarthPower,VacuumWave,HyperVoice|||M|||50|,,,,,Water]Dragonite||LoadedDice|Multiscale|ScaleShot,Tailwind,Haze,Protect|||F|||50|,,,,,Fairy
|showteam|p2|Politoed||ChoiceSpecs|Drizzle|WeatherBall,MuddyWater,IceBeam,Earthquake|||F|||50|,,,,,Grass]Tyranitar||AssaultVest|SandStream|RockSlide,KnockOff,TeraBlast,LowKick|||F|||50|,,,,,Flying]Drednaw||LifeOrb|SwiftSwim|RockSlide,Waterfall,Protect,JawLock|||M|||50|,,,,,Ghost]Garchomp||ClearAmulet|SandVeil|Earthquake,Protect,Outrage,StompingTantrum|||F|||50|,,,,,Ground]Incineroar||SafetyGoggles|Intimidate|PartingShot,FakeOut,KnockOff,WillOWisp|||F|||50|,,,,,Ghost
|inactive|Battle timer is ON: inactive players will automatically lose when time's up. (requested by Krispycloud)
|
|t:|1756730500
|teamsize|p1|4
|teamsize|p2|4
|start
|switch|p1a: Dragonite|Dragonite, L50, F|100/100
|switch|p1b: Ursaluna|Ursaluna-Bloodmoon, L50, M|100/100
|switch|p2a: Tyranitar|Tyranitar, L50, F|100/100
|switch|p2b: Garchomp|Garchomp, L50, F|100/100
|-weather|Sandstorm|[from] ability: Sand Stream|[of] p2a: Tyranitar
|turn|1
|inactive|Krispycloud has 30 seconds left.
|inactive|Mythicallegand has 30 seconds left.
|inactive|Krispycloud has 20 seconds left.
|
|t:|1756730536
|switch|p2b: Incineroar|Incineroar, L50, F|100/100
|-ability|p2b: Incineroar|Intimidate|boost
|-unboost|p1a: Dragonite|atk|1
|-unboost|p1b: Ursaluna|atk|1
|move|p1a: Dragonite|Scale Shot|p2b: Incineroar|[miss]
|-miss|p1a: Dragonite|p2b: Incineroar
|move|p2a: Tyranitar|Rock Slide|p1a: Dragonite|[spread] p1a,p1b
|-supereffective|p1a: Dragonite
|-resisted|p1b: Ursaluna
|-damage|p1a: Dragonite|63/100
|-damage|p1b: Ursaluna|87/100
|move|p1b: Ursaluna|Earth Power|p2a: Tyranitar
|-supereffective|p2a: Tyranitar
|-damage|p2a: Tyranitar|52/100
|
|-weather|Sandstorm|[upkeep]
|-damage|p1a: Dragonite|57/100|[from] Sandstorm
|upkeep
|turn|2
|inactive|Krispycloud has 30 seconds left.
|inactive|Krispycloud has 20 seconds left.
|inactive|Krispycloud has 15 seconds left.
|
|t:|1756730578
|move|p2b: Incineroar|Fake Out|p1b: Ursaluna
|-damage|p1b: Ursaluna|79/100
|move|p1a: Dragonite|Scale Shot|p2a: Tyranitar|[miss]
|-miss|p1a: Dragonite|p2a: Tyranitar
|move|p2a: Tyranitar|Rock Slide|p1b: Ursaluna|[spread] p1a,p1b
|-supereffective|p1a: Dragonite
|-resisted|p1b: Ursaluna
|-damage|p1a: Dragonite|0 fnt
|-damage|p1b: Ursaluna|66/100
|faint|p1a: Dragonite
|cant|p1b: Ursaluna|flinch
|
|-weather|Sandstorm|[upkeep]
|upkeep
|
|t:|1756730599
|switch|p1a: Gholdengo|Gholdengo, L50|100/100
|turn|3
|inactive|Krispycloud has 30 seconds left.
|
|t:|1756730629
|-terastallize|p2a: Tyranitar|Flying
|move|p1a: Gholdengo|Make It Rain|p2b: Incineroar|[spread] p2a,p2b
|-resisted|p2b: Incineroar
|-damage|p2a: Tyranitar|11/100
|-damage|p2b: Incineroar|72/100
|-unboost|p1a: Gholdengo|spa|1
|-damage|p1a: Gholdengo|91/100|[from] item: Life Orb
|move|p2a: Tyranitar|Knock Off|p1a: Gholdengo
|-supereffective|p1a: Gholdengo
|-damage|p1a: Gholdengo|0 fnt
|-enditem|p1a: Gholdengo|Life Orb|[from] move: Knock Off|[of] p2a: Tyranitar
|faint|p1a: Gholdengo
|move|p1b: Ursaluna|Hyper Voice|p2b: Incineroar|[spread] p2a,p2b
|-damage|p2a: Tyranitar|0 fnt
|-damage|p2b: Incineroar|35/100
|faint|p2a: Tyranitar
|move|p2b: Incineroar|Parting Shot|p1b: Ursaluna
|-unboost|p1b: Ursaluna|atk|1
|-unboost|p1b: Ursaluna|spa|1
|
|t:|1756730648
|switch|p2b: Politoed|Politoed, L50, F|100/100|[from] Parting Shot
|-weather|RainDance|[from] ability: Drizzle|[of] p2b: Politoed
|
|-weather|RainDance|[upkeep]
|upkeep
|
|t:|1756730656
|switch|p1a: Incineroar|Incineroar, L50, M|100/100
|switch|p2a: Incineroar|Incineroar, L50, F|35/100
|-ability|p1a: Incineroar|Intimidate|boost
|-unboost|p2a: Incineroar|atk|1
|-unboost|p2b: Politoed|atk|1
|-ability|p2a: Incineroar|Intimidate|boost
|-unboost|p1a: Incineroar|atk|1
|-unboost|p1b: Ursaluna|atk|1
|turn|4
|inactive|Krispycloud has 30 seconds left.
|inactive|Krispycloud has 20 seconds left.
|inactive|Krispycloud has 15 seconds left.
|
|t:|1756730698
|-terastallize|p1b: Ursaluna|Water
|move|p1a: Incineroar|Fake Out|p2a: Incineroar
|-damage|p2a: Incineroar|30/100
|cant|p2a: Incineroar|flinch
|move|p2b: Politoed|Muddy Water|p1a: Incineroar|[spread] p1a,p1b
|-supereffective|p1a: Incineroar
|-resisted|p1b: Ursaluna
|-damage|p1a: Incineroar|0 fnt
|-damage|p1b: Ursaluna|47/100
|faint|p1a: Incineroar
|move|p1b: Ursaluna|Blood Moon|p2b: Politoed
|-damage|p2b: Politoed|50/100
|
|-weather|RainDance|[upkeep]
|upkeep
|turn|5
|
|t:|1756730722
|move|p2b: Politoed|Muddy Water|p1b: Ursaluna
|-resisted|p1b: Ursaluna
|-damage|p1b: Ursaluna|20/100
|move|p1b: Ursaluna|Hyper Voice|p2b: Politoed|[spread] p2a,p2b
|-damage|p2a: Incineroar|8/100
|-damage|p2b: Politoed|29/100
|move|p2a: Incineroar|Knock Off|p1b: Ursaluna
|-damage|p1b: Ursaluna|0 fnt
|-enditem|p1b: Ursaluna|Assault Vest|[from] move: Knock Off|[of] p2a: Incineroar
|faint|p1b: Ursaluna
|
|win|Mythicallegand
|raw|Krispycloud's rating: 1152 → 1123(-29 for losing)
|raw|Mythicallegand's rating: 1090 → 1121(+31 for winning)
