|j|☆hugoggg
|j|☆Sir AaronVGC
|html|hugogggSir AaronVGC    
|uhtml|bestof|Game 1 of a best-of-3
|t:|1783533998
|gametype|doubles
|player|p1|hugoggg|265|
|player|p2|Sir AaronVGC|#smogonxnpa2026draftee2|
|gen|9
|tier|[Gen 9 Champions] VGC 2026 Reg M-B (Bo3)
|rule|Species Clause: Limit one of each Pokémon
|rule|Item Clause: Limit 1 of each item
|clearpoke
|poke|p1|Meowstic, L50, M|
|poke|p1|Overqwil, L50, F|
|poke|p1|Sableye, L50, M|
|poke|p1|Delphox, L50, F|
|poke|p1|Sneasler, L50, M|
|poke|p1|Falinks, L50|
|poke|p2|Aerodactyl, L50, F, shiny|
|poke|p2|Sneasler, L50, F, shiny|
|poke|p2|Froslass, L50, F|
|poke|p2|Tsareena, L50, F, shiny|
|poke|p2|Kingambit, L50, F|
|poke|p2|Basculegion, L50, M|
|teampreview|4
|showteam|p1|Meowstic||BrightPowder|Prankster|FakeOut,SunnyDay,Yawn,LightScreen|Careful||M|||50|]Overqwil||Leftovers|Intimidate|BarbBarrage,Minimize,Stockpile,Protect|Careful||F|||50|]Sableye||LightClay|Prankster|LightScreen,Reflect,Encore,Disable|Bold||M|||50|]Delphox||Delphoxite|Blaze|HeatWave,StoredPower,PsychUp,Protect|Timid||F|||50|]Sneasler||FocusSash|PoisonTouch|CloseCombat,DireClaw,QuickGuard,FakeOut|Jolly||M|||50|]Falinks||SitrusBerry|BattleArmor|BodyPress,PsychUp,Rest,ThroatChop|Impish|||||50|
|showteam|p2|Aerodactyl||Aerodactylite|Unnerve|RockSlide,DualWingbeat,Tailwind,Protect|Jolly||F|||50|]Sneasler||LifeOrb|PoisonTouch|DireClaw,CloseCombat,FakeOut,Protect|Adamant||F|||50|]Froslass||Froslassite|SnowCloak|Blizzard,ShadowBall,DestinyBond,Protect|Timid||F|||50|]Tsareena||WideLens|QueenlyMajesty|PowerWhip,LowKick,TripleAxel,HelpingHand|Adamant||F|||50|]Kingambit||BlackGlasses|Defiant|KowtowCleave,SuckerPunch,SwordsDance,Protect|Adamant||F|||50|]Basculegion||FocusSash|Adaptability|Liquidation,LastRespects,AquaJet,Protect|Adamant||M|||50|
|c|☆hugoggg|glhf!
|c|☆Sir AaronVGC|glhf
|
|t:|1783534080
|teamsize|p1|4
|teamsize|p2|4
|start
|switch|p1a: Meowstic|Meowstic, L50, M|100/100
|switch|p1b: Overqwil|Overqwil, L50, F|100/100
|switch|p2a: Robespierre|Kingambit, L50, F|100/100
|switch|p2b: Longclaw|Sneasler, L50, F, shiny|100/100
|-ability|p1b: Overqwil|Intimidate|boost
|-unboost|p2a: Robespierre|atk|1
|-ability|p2a: Robespierre|Defiant|boost
|-boost|p2a: Robespierre|atk|2
|-unboost|p2b: Longclaw|atk|1
|turn|1
|
|t:|1783534130
|move|p2b: Longclaw|Fake Out|p1a: Meowstic
|-damage|p1a: Meowstic|83/100
|-status|p1a: Meowstic|psn|[from] ability: Poison Touch|[of] p2b: Longclaw
|-damage|p2b: Longclaw|90/100|[from] item: Life Orb
|cant|p1a: Meowstic|flinch
|move|p1b: Overqwil|Minimize|p1b: Overqwil
|-boost|p1b: Overqwil|evasion|2
|move|p2a: Robespierre|Kowtow Cleave|p1a: Meowstic
|-supereffective|p1a: Meowstic|1
|-damage|p1a: Meowstic|0 fnt
|faint|p1a: Meowstic
|
|upkeep
|
|t:|1783534142
|switch|p1a: Falinks|Falinks, L50|100/100
|turn|2
|
|t:|1783534161
|move|p2b: Longclaw|Close Combat|p1b: Overqwil
|-damage|p1b: Overqwil|47/100
|-unboost|p2b: Longclaw|def|1
|-unboost|p2b: Longclaw|spd|1
|-damage|p2b: Longclaw|81/100|[from] item: Life Orb
|move|p1b: Overqwil|Stockpile|p1b: Overqwil
|-start|p1b: Overqwil|stockpile1
|-boost|p1b: Overqwil|def|1
|-boost|p1b: Overqwil|spd|1
|move|p1a: Falinks|Body Press|p2a: Robespierre
|-supereffective|p2a: Robespierre|2
|-damage|p2a: Robespierre|0 fnt
|faint|p2a: Robespierre
|
|-heal|p1b: Overqwil|53/100|[from] item: Leftovers
|upkeep
|
|t:|1783534178
|switch|p2a: Aria|Froslass, L50, F|100/100
|turn|3
|
|t:|1783534191
|detailschange|p2a: Aria|Froslass-Mega, L50, F
|-mega|p2a: Aria|Froslass|Froslassite
|-weather|Snowscape|[from] ability: Snow Warning|[of] p2a: Aria
|move|p1b: Overqwil|Protect|p1b: Overqwil
|-singleturn|p1b: Overqwil|Protect
|move|p2a: Aria|Blizzard|p1a: Falinks|[spread] p1a
|-activate|p1b: Overqwil|move: Protect
|-damage|p1a: Falinks|48/100
|-enditem|p1a: Falinks|Sitrus Berry|[eat]
|-heal|p1a: Falinks|73/100|[from] item: Sitrus Berry
|move|p2b: Longclaw|Close Combat|p1a: Falinks
|-damage|p1a: Falinks|18/100
|-unboost|p2b: Longclaw|def|1
|-unboost|p2b: Longclaw|spd|1
|-damage|p2b: Longclaw|71/100|[from] item: Life Orb
|move|p1a: Falinks|Psych Up|p1b: Overqwil
|-copyboost|p1a: Falinks|p1b: Overqwil|[from] move: Psych Up
|
|-weather|Snowscape|[upkeep]
|-heal|p1b: Overqwil|59/100|[from] item: Leftovers
|upkeep
|turn|4
|
|t:|1783534223
|move|p2a: Aria|Blizzard|p1a: Falinks|[spread] p1a,p1b
|-damage|p1a: Falinks|0 fnt
|-damage|p1b: Overqwil|31/100
|faint|p1a: Falinks
|move|p2b: Longclaw|Close Combat|p1b: Overqwil
|-damage|p1b: Overqwil|0 fnt
|-unboost|p2b: Longclaw|def|1
|-unboost|p2b: Longclaw|spd|1
|faint|p1b: Overqwil
|-damage|p2b: Longclaw|62/100|[from] item: Life Orb
|
|-weather|Snowscape|[upkeep]
|upkeep
|
|t:|1783534233
|switch|p1a: Delphox|Delphox, L50, F|100/100
|turn|5
|
|t:|1783534243
|detailschange|p1a: Delphox|Delphox-Mega, L50, F
|-mega|p1a: Delphox|Delphox|Delphoxite
|move|p1a: Delphox|Heat Wave|p2b: Longclaw|[spread] p2a,p2b
|-supereffective|p2a: Aria|1
|-damage|p2a: Aria|17/100
|-damage|p2b: Longclaw|0 fnt
|faint|p2b: Longclaw
|move|p2a: Aria|Shadow Ball|p1a: Delphox
|-supereffective|p1a: Delphox|1
|-damage|p1a: Delphox|27/100
|
|-weather|Snowscape|[upkeep]
|upkeep
|
|t:|1783534253
|switch|p2b: Houndfish|Basculegion, L50, M|100/100
|turn|6
|-message|hugoggg forfeited.
|
|win|Sir AaronVGC
||hugoggg is ready for game 2.
||Sir AaronVGC is ready for game 2.
|uhtml|next|Next: Game 2 of 3
