|j|☆25th_mang
|j|☆NeonIsNuts
|html|25th_mangNeonIsNuts    
|uhtml|bestof|Game 3 of a best-of-3
|t:|1782453858
|gametype|doubles
|player|p1|25th_mang|ballguy|1182
|player|p2|NeonIsNuts|265|1149
|gen|9
|tier|[Gen 9 Champions] VGC 2026 Reg M-B (Bo3)
|rated|
|rule|Species Clause: Limit one of each Pokémon
|rule|Item Clause: Limit 1 of each item
|clearpoke
|poke|p1|Crabominable, L50, F|
|poke|p1|Farigiraf, L50, F|
|poke|p1|Incineroar, L50, F|
|poke|p1|Archaludon, L50, F|
|poke|p1|Pelipper, L50, M|
|poke|p1|Sinistcha, L50|
|poke|p2|Eelektross, L50, F|
|poke|p2|Garchomp, L50, M|
|poke|p2|Tinkaton, L50, F|
|poke|p2|Chandelure, L50, F|
|poke|p2|Ninetales-Alola, L50, M|
|poke|p2|Whimsicott, L50, M|
|teampreview|4
|showteam|p1|Crabominable||Crabominite|HyperCutter|IceHammer,DrainPunch,Protect,ThunderPunch|Brave||F|||50|]Farigiraf||MentalHerb|ArmorTail|TrickRoom,Psychic,HyperVoice,HelpingHand|Relaxed||F|||50|]Incineroar||Charcoal|Intimidate|FakeOut,FlareBlitz,Assurance,Snarl|Adamant||F|||50|]Archaludon||Leftovers|Stamina|ElectroShot,AuraSphere,FlashCannon,Protect|Quiet||F|||50|]Pelipper||SharpBeak|Drizzle|Hurricane,WeatherBall,WideGuard,Protect|Modest||M|||50|]Sinistcha||SitrusBerry|Hospitality|MatchaGotcha,RagePowder,LifeDew,TrickRoom|Relaxed|||||50|
|showteam|p2|Eelektross||Eelektrossite|Levitate|Discharge,GigaDrain,Flamethrower,Protect|Timid||F|||50|]Garchomp||WhiteHerb|RoughSkin|Protect,RockSlide,DragonClaw,StompingTantrum|Jolly||M|||50|]Tinkaton||MetalCoat|MoldBreaker|FakeOut,GigatonHammer,Encore,WoodHammer|Careful||F|||50|]Chandelure||Chandelurite|FlashFire|CalmMind,EnergyBall,ShadowBall,HeatWave|Timid||F|||50|]Ninetales-Alola||LightClay|SnowWarning|AuroraVeil,Moonblast,Blizzard,FreezeDry|Timid||M|||50|]Whimsicott||FocusSash|Prankster|Tailwind,Encore,Moonblast,SunnyDay|Timid||M|||50|
|inactive|Battle timer is ON: inactive players will automatically lose when time's up. (requested by 25th_mang)
|inactive|25th_mang has 60 seconds left.
|
|t:|1782453891
|teamsize|p1|4
|teamsize|p2|4
|start
|switch|p1a: Doomscroll|Archaludon, L50, F|100/100
|switch|p1b: My Direction|Sinistcha, L50|100/100
|switch|p2a: Garchomp|Garchomp, L50, M|100/100
|switch|p2b: Chandelure|Chandelure, L50, F|100/100
|turn|1
|inactive|25th_mang has 30 seconds left.
|
|t:|1782453917
|switch|p1b: Stup!b|Pelipper, L50, M|100/100
|-weather|RainDance|[from] ability: Drizzle|[of] p1b: Stup!b
|detailschange|p2b: Chandelure|Chandelure-Mega, L50, F
|-mega|p2b: Chandelure|Chandelure|Chandelurite
|move|p2a: Garchomp|Dragon Claw|p1b: Stup!b
|-damage|p1b: Stup!b|58/100
|move|p2b: Chandelure|Heat Wave|p1a: Doomscroll|[spread] p1a,p1b
|-resisted|p1b: Stup!b|1
|-damage|p1a: Doomscroll|78/100
|-damage|p1b: Stup!b|44/100
|-ability|p1a: Doomscroll|Stamina|boost
|-boost|p1a: Doomscroll|def|1
|move|p1a: Doomscroll|Electro Shot||[still]
|-prepare|p1a: Doomscroll|Electro Shot
|-boost|p1a: Doomscroll|spa|1
|-anim|p1a: Doomscroll|Electro Shot|p2b: Chandelure
|-damage|p2b: Chandelure|33/100
|
|-weather|RainDance|[upkeep]
|-heal|p1a: Doomscroll|84/100|[from] item: Leftovers
|upkeep
|turn|2
|inactive|25th_mang has 30 seconds left.
|inactive|25th_mang has 20 seconds left.
|
|t:|1782453954
|switch|p1b: My Direction|Sinistcha, L50|100/100
|-heal|p1a: Doomscroll|100/100|[from] ability: Hospitality|[of] p1b: My Direction
|move|p2a: Garchomp|Stomping Tantrum|p1a: Doomscroll
|-supereffective|p1a: Doomscroll|1
|-damage|p1a: Doomscroll|63/100
|-ability|p1a: Doomscroll|Stamina|boost
|-boost|p1a: Doomscroll|def|1
|move|p2b: Chandelure|Shadow Ball|p1a: Doomscroll
|-damage|p1a: Doomscroll|12/100
|-ability|p1a: Doomscroll|Stamina|boost
|-boost|p1a: Doomscroll|def|1
|move|p1a: Doomscroll|Electro Shot||[still]
|-prepare|p1a: Doomscroll|Electro Shot
|-boost|p1a: Doomscroll|spa|1
|-anim|p1a: Doomscroll|Electro Shot|p2b: Chandelure
|-damage|p2b: Chandelure|0 fnt
|faint|p2b: Chandelure
|
|-weather|RainDance|[upkeep]
|-heal|p1a: Doomscroll|18/100|[from] item: Leftovers
|upkeep
|
|t:|1782453972
|switch|p2b: Ninetales|Ninetales-Alola, L50, M|100/100
|-weather|Snowscape|[from] ability: Snow Warning|[of] p2b: Ninetales
|turn|3
|inactive|25th_mang has 30 seconds left.
|inactive|25th_mang has 20 seconds left.
|inactive|25th_mang has 15 seconds left.
|inactive|25th_mang has 10 seconds left.
|inactive|25th_mang has 5 seconds left.
|
|t:|1782454027
|move|p2b: Ninetales|Freeze-Dry|p1b: My Direction
|-supereffective|p1b: My Direction|1
|-damage|p1b: My Direction|39/100
|-enditem|p1b: My Direction|Sitrus Berry|[eat]
|-heal|p1b: My Direction|64/100|[from] item: Sitrus Berry
|move|p2a: Garchomp|Stomping Tantrum|p1a: Doomscroll
|-supereffective|p1a: Doomscroll|1
|-damage|p1a: Doomscroll|0 fnt
|faint|p1a: Doomscroll
|move|p1b: My Direction|Matcha Gotcha|p2b: Ninetales|[spread] p2a,p2b
|-damage|p2a: Garchomp|74/100
|-heal|p1b: My Direction|77/100|[from] drain|[of] p2a: Garchomp
|-damage|p2b: Ninetales|67/100
|-heal|p1b: My Direction|91/100|[from] drain|[of] p2b: Ninetales
|-status|p2a: Garchomp|brn
|
|-weather|Snowscape|[upkeep]
|-damage|p2a: Garchomp|68/100 brn|[from] brn
|upkeep
|
|t:|1782454047
|switch|p1a: My1stRoar|Incineroar, L50, F|100/100
|-ability|p1a: My1stRoar|Intimidate|boost
|-unboost|p2a: Garchomp|atk|1
|-unboost|p2b: Ninetales|atk|1
|-enditem|p2a: Garchomp|White Herb
|-clearnegativeboost|p2a: Garchomp|[silent]
|turn|4
|
|t:|1782454060
|switch|p1b: Stup!b|Pelipper, L50, M|44/100
|-weather|RainDance|[from] ability: Drizzle|[of] p1b: Stup!b
|move|p2a: Garchomp|Protect|p2a: Garchomp
|-singleturn|p2a: Garchomp|Protect
|move|p2b: Ninetales|Aurora Veil||[still]
|-fail|p2b: Ninetales
|move|p1a: My1stRoar|Flare Blitz|p2b: Ninetales
|-supereffective|p2b: Ninetales|1
|-damage|p2b: Ninetales|0 fnt
|faint|p2b: Ninetales
|-damage|p1a: My1stRoar|82/100|[from] Recoil
|
|-weather|RainDance|[upkeep]
|-damage|p2a: Garchomp|62/100 brn|[from] brn
|upkeep
|
|t:|1782454063
|switch|p2b: Tinkaton|Tinkaton, L50, F|100/100
|-ability|p2b: Tinkaton|Mold Breaker
|turn|5
|
|t:|1782454085
|switch|p1a: My Direction|Sinistcha, L50|91/100
|-heal|p1b: Stup!b|68/100|[from] ability: Hospitality|[of] p1a: My Direction
|move|p2b: Tinkaton|Fake Out|p1a: My Direction
|-immune|p1a: My Direction
|move|p2a: Garchomp|Rock Slide|p1b: Stup!b|[spread] p1a,p1b
|-supereffective|p1b: Stup!b|1
|-damage|p1a: My Direction|83/100
|-damage|p1b: Stup!b|49/100
|move|p1b: Stup!b|Weather Ball|p2b: Tinkaton
|-damage|p2b: Tinkaton|46/100
|
|-weather|RainDance|[upkeep]
|-damage|p2a: Garchomp|56/100 brn|[from] brn
|upkeep
|turn|6
|
|t:|1782454103
|switch|p1b: My1stRoar|Incineroar, L50, F|82/100
|-ability|p1b: My1stRoar|Intimidate|boost
|-unboost|p2a: Garchomp|atk|1
|-unboost|p2b: Tinkaton|atk|1
|move|p2a: Garchomp|Rock Slide|p1b: My1stRoar|[spread] p1a,p1b
|-supereffective|p1b: My1stRoar|1
|-damage|p1a: My Direction|78/100
|-damage|p1b: My1stRoar|69/100
|move|p2b: Tinkaton|Wood Hammer|p1b: My1stRoar
|-resisted|p1b: My1stRoar|1
|-crit|p1b: My1stRoar
|-damage|p1b: My1stRoar|51/100
|-damage|p2b: Tinkaton|41/100|[from] Recoil
|cant|p1a: My Direction|flinch
|
|-weather|RainDance|[upkeep]
|-damage|p2a: Garchomp|50/100g brn|[from] brn
|upkeep
|turn|7
|-message|NeonIsNuts forfeited.
|
|win|25th_mang
|raw|25th_mang's rating: 1182 → 1205(+23 for winning)
|raw|NeonIsNuts's rating: 1149 → 1126(-23 for losing)
|l|☆NeonIsNuts
|player|p2|
|l|☆25th_mang
|player|p1|
|j|☆25th_mang
|player|p1|25th_mang|ballguy|
