|j|☆mechabicho_14
|j|☆Zacharykeith
|html|mechabicho_14Zacharykeith    
|uhtml|bestof|Game 2 of a best-of-3
|t:|1757763758
|gametype|doubles
|player|p1|mechabicho_14|266|1126
|player|p2|Zacharykeith|fisherman-gen4|1079
|gen|9
|tier|[Gen 9] VGC 2025 Reg H (Bo3)
|rated|
|rule|Species Clause: Limit one of each Pokémon
|rule|Item Clause: Limit 1 of each item
|clearpoke
|poke|p1|Dragonite, L50, M|
|poke|p1|Farigiraf, L50, F|
|poke|p1|Annihilape, L50, M|
|poke|p1|Ursaluna, L50, M|
|poke|p1|Gholdengo, L50|
|poke|p1|Ninetales-Alola, L50, F|
|poke|p2|Baxcalibur, L50, M|
|poke|p2|Kingambit, L50, M|
|poke|p2|Dondozo, L50, F|
|poke|p2|Rillaboom, L50, M|
|poke|p2|Magmar, L50, F|
|poke|p2|Sneasler, L50, F|
|teampreview|4
|showteam|p1|Dragonite||LoadedDice|Multiscale|Protect,Haze,ExtremeSpeed,ScaleShot|||M|||50|,,,,,Fairy]Farigiraf||SitrusBerry|ArmorTail|HyperVoice,Psychic,TrickRoom,Imprison|||F|||50|,,,,,Fairy]Annihilape||FocusSash|Defiant|CloseCombat,RageFist,Coaching,Taunt|||M|||50|,,,,,Fire]Ursaluna||FlameOrb|Guts|Protect,HeadlongRush,Facade,Earthquake|||M|||50|,,,,,Ghost]Gholdengo||LifeOrb|GoodasGold|Protect,NastyPlot,MakeItRain,ShadowBall||||||50|,,,,,Water]Ninetales-Alola||LightClay|SnowWarning|Blizzard,Encore,AuroraVeil,IcyWind|||F|||50|,,,,,Water
|showteam|p2|Baxcalibur||LoadedDice|ThermalExchange|IcicleSpear,IceShard,ScaleShot,Protect|||M|||50|,,,,,Ghost]Kingambit||BlackGlasses|Defiant|SuckerPunch,KowtowCleave,SwordsDance,Protect|||M|||50|,,,,,Dark]Dondozo||Leftovers|Unaware|WaveCrash,Fissure,Yawn,Protect|||F|||50|,,,,,Grass]Rillaboom||AssaultVest|GrassySurge|FakeOut,GrassyGlide,WoodHammer,Uturn|||M|||50|,,,,,Fire]Magmar||Eviolite|VitalSpirit|Overheat,WillOWisp,FollowMe,Protect|||F|||50|,,,,,Fairy]Sneasler||FocusSash|PoisonTouch|DireClaw,CloseCombat,Coaching,Protect|||F|||50|,,,,,Stellar
|
|t:|1757763802
|teamsize|p1|4
|teamsize|p2|4
|start
|switch|p1a: Ninetales|Ninetales-Alola, L50, F|100/100
|switch|p1b: Annihilape|Annihilape, L50, M|100/100
|switch|p2a: King Bug|Kingambit, L50, M, shiny|100/100
|switch|p2b: Forest Dude|Rillaboom, L50, M, shiny|100/100
|-weather|Snowscape|[from] ability: Snow Warning|[of] p1a: Ninetales
|-fieldstart|move: Grassy Terrain|[from] ability: Grassy Surge|[of] p2b: Forest Dude
|turn|1
|
|t:|1757763825
|-terastallize|p2a: King Bug|Dark
|move|p2b: Forest Dude|Fake Out|p1a: Ninetales
|-damage|p1a: Ninetales|89/100
|cant|p1a: Ninetales|flinch
|move|p1b: Annihilape|Close Combat|p2a: King Bug
|-supereffective|p2a: King Bug
|-damage|p2a: King Bug|21/100
|-unboost|p1b: Annihilape|def|1
|-unboost|p1b: Annihilape|spd|1
|move|p2a: King Bug|Kowtow Cleave|p1b: Annihilape
|-enditem|p1b: Annihilape|Focus Sash
|-damage|p1b: Annihilape|1/100
|
|-weather|Snowscape|[upkeep]
|-heal|p1a: Ninetales|95/100|[from] Grassy Terrain
|-heal|p1b: Annihilape|7/100|[from] Grassy Terrain
|-heal|p2a: King Bug|27/100|[from] Grassy Terrain
|upkeep
|turn|2
|
|t:|1757763852
|move|p2b: Forest Dude|Grassy Glide|p1b: Annihilape
|-damage|p1b: Annihilape|0 fnt
|faint|p1b: Annihilape
|move|p1a: Ninetales|Blizzard|p2a: King Bug|[spread] p2a,p2b
|-crit|p2a: King Bug
|-supereffective|p2b: Forest Dude
|-damage|p2a: King Bug|0 fnt
|-damage|p2b: Forest Dude|65/100
|-status|p2b: Forest Dude|frz
|faint|p2a: King Bug
|
|-weather|Snowscape|[upkeep]
|-heal|p1a: Ninetales|100/100|[from] Grassy Terrain
|-heal|p2b: Forest Dude|71/100 frz|[from] Grassy Terrain
|upkeep
|
|t:|1757763872
|switch|p1b: Farigiraf|Farigiraf, L50, F|100/100
|switch|p2a: Donbozo|Dondozo, L50, F, shiny|100/100
|turn|3
|
|t:|1757763892
|move|p1a: Ninetales|Blizzard|p2b: Forest Dude|[spread] p2a,p2b
|-resisted|p2a: Donbozo
|-supereffective|p2b: Forest Dude
|-damage|p2a: Donbozo|91/100
|-damage|p2b: Forest Dude|35/100 frz
|cant|p2b: Forest Dude|frz
|move|p1b: Farigiraf|Hyper Voice|p2b: Forest Dude|[spread] p2a,p2b
|-damage|p2a: Donbozo|70/100
|-damage|p2b: Forest Dude|16/100 frz
|move|p2a: Donbozo|Yawn|p1b: Farigiraf
|-start|p1b: Farigiraf|move: Yawn|[of] p2a: Donbozo
|
|-weather|Snowscape|[upkeep]
|-heal|p2b: Forest Dude|22/100 frz|[from] Grassy Terrain
|-heal|p2a: Donbozo|76/100|[from] Grassy Terrain
|-heal|p2a: Donbozo|82/100|[from] item: Leftovers
|upkeep
|turn|4
|
|t:|1757763910
|move|p1a: Ninetales|Blizzard|p2a: Donbozo|[spread] p2a,p2b
|-resisted|p2a: Donbozo
|-supereffective|p2b: Forest Dude
|-damage|p2a: Donbozo|74/100
|-damage|p2b: Forest Dude|0 fnt
|faint|p2b: Forest Dude
|move|p1b: Farigiraf|Hyper Voice|p2a: Donbozo
|-damage|p2a: Donbozo|46/100
|move|p2a: Donbozo|Fissure|p1b: Farigiraf
|-damage|p1b: Farigiraf|0 fnt
|faint|p1b: Farigiraf
|-ohko
|
|-weather|Snowscape|[upkeep]
|-heal|p2a: Donbozo|53/100|[from] Grassy Terrain
|-heal|p2a: Donbozo|59/100|[from] item: Leftovers
|upkeep
|
|t:|1757763924
|switch|p2b: Metal T-Rex|Baxcalibur, L50, M|100/100
|switch|p1b: Ursaluna|Ursaluna, L50, M|100/100
|turn|5
|
|t:|1757763933
|move|p1b: Ursaluna|Protect|p1b: Ursaluna
|-singleturn|p1b: Ursaluna|Protect
|move|p1a: Ninetales|Aurora Veil|p1a: Ninetales
|-sidestart|p1: mechabicho_14|move: Aurora Veil
|move|p2b: Metal T-Rex|Icicle Spear|p1b: Ursaluna
|-activate|p1b: Ursaluna|move: Protect
|move|p2a: Donbozo|Fissure|p1a: Ninetales
|-damage|p1a: Ninetales|0 fnt
|faint|p1a: Ninetales
|-ohko
|
|-weather|none
|-heal|p2a: Donbozo|65/100|[from] Grassy Terrain
|-heal|p2a: Donbozo|71/100|[from] item: Leftovers
|-fieldend|move: Grassy Terrain
|-status|p1b: Ursaluna|brn|[from] item: Flame Orb
|upkeep
|turn|6
|c|☆Zacharykeith|lol 2 in a row is wild
|
|t:|1757763953
|-terastallize|p1b: Ursaluna|Ghost
|move|p2b: Metal T-Rex|Protect|p2b: Metal T-Rex
|-singleturn|p2b: Metal T-Rex|Protect
|move|p1b: Ursaluna|Earthquake|p2a: Donbozo|[spread] p2a
|-activate|p2b: Metal T-Rex|move: Protect
|-damage|p2a: Donbozo|29/100
|move|p2a: Donbozo|Fissure|p1b: Ursaluna
|-damage|p1b: Ursaluna|0 fnt
|faint|p1b: Ursaluna
|-ohko
|
|win|Zacharykeith
|raw|mechabicho_14's rating: 1126 → 1098(-28 for losing)
|raw|Zacharykeith's rating: 1079 → 1111(+32 for winning)
