|j|☆Hjmane
|j|☆User795680
|html|HjmaneUser795680    
|uhtml|bestof|Game 2 of a best-of-3
|t:|1782407650
|gametype|doubles
|player|p1|Hjmane|265|1098
|player|p2|User795680|266|1000
|gen|9
|tier|[Gen 9 Champions] VGC 2026 Reg M-B (Bo3)
|rated|
|rule|Species Clause: Limit one of each Pokémon
|rule|Item Clause: Limit 1 of each item
|clearpoke
|poke|p1|Staraptor, L50, M|
|poke|p1|Whimsicott, L50, F|
|poke|p1|Torkoal, L50, F|
|poke|p1|Venusaur, L50, F|
|poke|p1|Basculegion, L50, M|
|poke|p1|Pelipper, L50, M|
|poke|p2|Staraptor, L50, M|
|poke|p2|Whimsicott, L50, F|
|poke|p2|Grimmsnarl, L50, M|
|poke|p2|Kingambit, L50, M|
|poke|p2|Raichu, L50, M|
|poke|p2|Arcanine-Hisui, L50, M|
|teampreview|4
|showteam|p1|Staraptor||Staraptite|Intimidate|CloseCombat,BraveBird,Protect,QuickAttack|Jolly||M|||50|]Whimsicott||Leftovers|Prankster|Tailwind,Charm,CottonSpore,Moonblast|Bold||F|||50|]Torkoal||LifeOrb|Drought|Eruption,HeatWave,SolarBeam,Protect|Serious||F|||50|]Venusaur||ExpertBelt|Chlorophyll|EnergyBall,EarthPower,SludgeBomb,WeatherBall|Modest||F|||50|]Basculegion||MysticWater|SwiftSwim|WaveCrash,LastRespects,ZenHeadbutt,Protect|Adamant||M|||50|]Pelipper||FocusSash|Drizzle|Tailwind,Hurricane,WeatherBall,IcyWind|Bold||M|||50|
|showteam|p2|Staraptor||Staraptite|Intimidate|BraveBird,CloseCombat,Protect,Roost|Jolly||M|||50|]Whimsicott||CobaBerry|Prankster|DazzlingGleam,Charm,Tailwind,Protect|Modest||F|||50|]Grimmsnarl||RoseliBerry|Prankster|SpiritBreak,PartingShot,SuckerPunch,ScaryFace|Jolly||M|||50|]Kingambit||LifeOrb|Defiant|IronHead,KowtowCleave,SuckerPunch,SwordsDance|Adamant||M|||50|]Raichu||FocusSash|LightningRod|Protect,Thunderbolt,FakeOut,Charm|Timid||M|||50|]Arcanine-Hisui||PasshoBerry|Intimidate|ExtremeSpeed,FlareBlitz,HeadSmash,RockSlide|Jolly||M|||50|
|
|t:|1782407673
|teamsize|p1|4
|teamsize|p2|4
|start
|switch|p1a: Pelipper|Pelipper, L50, M|100/100
|switch|p1b: Basculegion|Basculegion, L50, M|100/100
|switch|p2a: Staraptor|Staraptor, L50, M|100/100
|switch|p2b: Whimsicott|Whimsicott, L50, F|100/100
|-ability|p2a: Staraptor|Intimidate|boost
|-unboost|p1a: Pelipper|atk|1
|-unboost|p1b: Basculegion|atk|1
|-weather|RainDance|[from] ability: Drizzle|[of] p1a: Pelipper
|turn|1
|
|t:|1782407706
|detailschange|p2a: Staraptor|Staraptor-Mega, L50, M
|-mega|p2a: Staraptor|Staraptor|Staraptite
|move|p2b: Whimsicott|Charm|p2a: Staraptor
|-boost|p2a: Staraptor|atk|2
|move|p1b: Basculegion|Wave Crash|p2a: Staraptor
|-damage|p2a: Staraptor|21/100
|-damage|p1b: Basculegion|77/100|[from] Recoil
|move|p2a: Staraptor|Brave Bird|p1a: Pelipper
|-enditem|p1a: Pelipper|Focus Sash
|-damage|p1a: Pelipper|1/100
|-damage|p2a: Staraptor|0 fnt|[from] Recoil
|faint|p2a: Staraptor
|move|p1a: Pelipper|Icy Wind|p2b: Whimsicott
|-supereffective|p2b: Whimsicott|1
|-damage|p2b: Whimsicott|66/100
|-unboost|p2b: Whimsicott|spe|1
|
|-weather|RainDance|[upkeep]
|upkeep
|
|t:|1782407728
|switch|p2a: Raichu|Raichu, L50, M|100/100
|turn|2
|
|t:|1782407744
|switch|p1a: Whimsicott|Whimsicott, L50, F|100/100
|move|p2a: Raichu|Fake Out|p1a: Whimsicott
|-damage|p1a: Whimsicott|92/100
|move|p1b: Basculegion|Wave Crash|p2a: Raichu
|-enditem|p2a: Raichu|Focus Sash
|-damage|p2a: Raichu|1/100
|-damage|p1b: Basculegion|54/100|[from] Recoil
|move|p2b: Whimsicott|Dazzling Gleam|p1b: Basculegion|[spread] p1a,p1b
|-damage|p1a: Whimsicott|67/100
|-damage|p1b: Basculegion|30/100
|
|-weather|RainDance|[upkeep]
|-heal|p1a: Whimsicott|73/100|[from] item: Leftovers
|upkeep
|turn|3
|
|t:|1782407785
|move|p2b: Whimsicott|Tailwind|p2b: Whimsicott
|-sidestart|p2: User795680|move: Tailwind
|move|p2a: Raichu|Thunderbolt|p1b: Basculegion
|-supereffective|p1b: Basculegion|1
|-damage|p1b: Basculegion|0 fnt
|faint|p1b: Basculegion
|move|p1a: Whimsicott|Moonblast|p2b: Whimsicott
|-damage|p2b: Whimsicott|32/100
|
|-weather|RainDance|[upkeep]
|-heal|p1a: Whimsicott|79/100|[from] item: Leftovers
|upkeep
|
|t:|1782407794
|switch|p1b: Staraptor|Staraptor, L50, M|100/100
|-ability|p1b: Staraptor|Intimidate|boost
|-unboost|p2a: Raichu|atk|1
|-unboost|p2b: Whimsicott|atk|1
|turn|4
|
|t:|1782407813
|move|p1b: Staraptor|Quick Attack|p2a: Raichu
|-damage|p2a: Raichu|0 fnt
|faint|p2a: Raichu
|move|p2b: Whimsicott|Dazzling Gleam|p1a: Whimsicott|[spread] p1a,p1b
|-damage|p1a: Whimsicott|49/100
|-damage|p1b: Staraptor|68/100
|move|p1a: Whimsicott|Moonblast|p2b: Whimsicott
|-damage|p2b: Whimsicott|0 fnt
|faint|p2b: Whimsicott
|
|-weather|RainDance|[upkeep]
|-heal|p1a: Whimsicott|55/100|[from] item: Leftovers
|upkeep
|
|t:|1782407830
|switch|p2a: Kingambit|Kingambit, L50, M|100/100
|turn|5
|
|t:|1782407839
|detailschange|p1b: Staraptor|Staraptor-Mega, L50, M
|-mega|p1b: Staraptor|Staraptor|Staraptite
|move|p2a: Kingambit|Sucker Punch|p1b: Staraptor
|-resisted|p1b: Staraptor|1
|-damage|p1b: Staraptor|43/100
|-damage|p2a: Kingambit|90/100|[from] item: Life Orb
|move|p1a: Whimsicott|Charm|p1b: Staraptor
|-boost|p1b: Staraptor|atk|2
|move|p1b: Staraptor|Close Combat|p2a: Kingambit
|-supereffective|p2a: Kingambit|2
|-damage|p2a: Kingambit|0 fnt
|-boost|p1b: Staraptor|def|1
|-boost|p1b: Staraptor|spd|1
|faint|p2a: Kingambit
|
|win|Hjmane
|inactive|Hjmane has 30 seconds to confirm battle start!
|inactive|User795680 has 30 seconds to confirm battle start!
|c|☆User795680|GG
||Hjmane is ready for game 3.
||User795680 is ready for game 3.
|uhtml|next|Next: Game 3 of 3
|l|☆Hjmane
|player|p1|
