|j|☆northfacefan
|j|☆ban1106
|html|northfacefanban1106    
|uhtml|bestof|Game 1 of a best-of-3
|t:|1783650514
|gametype|doubles
|player|p1|northfacefan|101|
|player|p2|ban1106|brawly|
|gen|9
|tier|[Gen 9 Champions] VGC 2026 Reg M-B (Bo3)
|rule|Species Clause: Limit one of each Pokémon
|rule|Item Clause: Limit 1 of each item
|clearpoke
|poke|p1|Swampert, L50, F, shiny|
|poke|p1|Mawile, L50, M, shiny|
|poke|p1|Incineroar, L50, M|
|poke|p1|Sableye, L50, F|
|poke|p1|Farigiraf, L50, F|
|poke|p1|Sneasler, L50, M, shiny|
|poke|p2|Sneasler, L50, M|
|poke|p2|Blastoise, L50, M|
|poke|p2|Kingambit, L50, M|
|poke|p2|Incineroar, L50, M|
|poke|p2|Delphox, L50, F|
|poke|p2|Sinistcha, L50|
|teampreview|4
|showteam|p1|Swampert||Swampertite|Torrent|Earthquake,WaveCrash,IcePunch,Protect|Adamant||F|||50|]Mawile||Mawilite|Intimidate|Protect,SuckerPunch,PlayRough,IronHead|Brave||M|||50|]Incineroar||PasshoBerry|Intimidate|FakeOut,FlareBlitz,ThroatChop,PartingShot|Brave||M|||50|]Sableye||RoseliBerry|Prankster|Quash,FoulPlay,Encore,RainDance|Calm||F|||50|]Farigiraf||ColburBerry|ArmorTail|Protect,HelpingHand,Psychic,TrickRoom|Bold||F|||50|]Sneasler||WhiteHerb|Unburden|FakeOut,Coaching,CloseCombat,DireClaw|Jolly||M|||50|
|showteam|p2|Sneasler||FocusSash|PoisonTouch|PoisonJab,CloseCombat,FakeOut,QuickGuard|Jolly||M|||50|]Blastoise||Blastoisinite|RainDish|DarkPulse,WaterSpout,ShellSmash,Protect|Modest||M|||50|]Kingambit||BlackGlasses|Defiant|KowtowCleave,SuckerPunch,SwordsDance,Protect|Adamant||M|||50|]Incineroar||SitrusBerry|Intimidate|FlareBlitz,HelpingHand,PartingShot,FakeOut|Careful||M|||50|]Delphox||Delphoxite|Blaze|HeatWave,NastyPlot,Psyshock,Protect|Modest||F|||50|]Sinistcha||KasibBerry|Hospitality|MatchaGotcha,RagePowder,TrickRoom,Protect|Bold|||||50|
|
|t:|1783650568
|teamsize|p1|4
|teamsize|p2|4
|start
|switch|p1a: Mawile|Mawile, L50, M, shiny|100/100
|switch|p1b: Farigiraf|Farigiraf, L50, F|100/100
|switch|p2a: Blastoise|Blastoise, L50, M|100/100
|switch|p2b: Incineroar|Incineroar, L50, M|100/100
|-ability|p2b: Incineroar|Intimidate|boost
|-unboost|p1a: Mawile|atk|1
|-unboost|p1b: Farigiraf|atk|1
|-ability|p1a: Mawile|Intimidate|boost
|-unboost|p2a: Blastoise|atk|1
|-unboost|p2b: Incineroar|atk|1
|turn|1
|
|t:|1783650619
|detailschange|p2a: Blastoise|Blastoise-Mega, L50, M
|-mega|p2a: Blastoise|Blastoise|Blastoisinite
|move|p1a: Mawile|Protect|p1a: Mawile
|-singleturn|p1a: Mawile|Protect
|move|p2a: Blastoise|Water Spout|p1b: Farigiraf|[spread] p1b
|-activate|p1a: Mawile|move: Protect
|-damage|p1b: Farigiraf|40/100
|move|p2b: Incineroar|Flare Blitz|p1b: Farigiraf
|-damage|p1b: Farigiraf|17/100
|-damage|p2b: Incineroar|91/100|[from] Recoil
|move|p1b: Farigiraf|Trick Room|p1b: Farigiraf
|-fieldstart|move: Trick Room|[of] p1b: Farigiraf
|
|upkeep
|turn|2
|
|t:|1783650682
|detailschange|p1a: Mawile|Mawile-Mega, L50, M, shiny
|-mega|p1a: Mawile|Mawile|Mawilite
|move|p2a: Blastoise|Protect|p2a: Blastoise
|-singleturn|p2a: Blastoise|Protect
|move|p1a: Mawile|Play Rough|p2a: Blastoise
|-activate|p2a: Blastoise|move: Protect
|move|p1b: Farigiraf|Psychic|p2a: Blastoise
|-activate|p2a: Blastoise|move: Protect
|move|p2b: Incineroar|Parting Shot|p1a: Mawile
|-unboost|p1a: Mawile|atk|1
|-unboost|p1a: Mawile|spa|1
|
|t:|1783650696
|switch|p2b: Kingambit|Kingambit, L50, M|100/100|[from] Parting Shot
|
|upkeep
|turn|3
|
|t:|1783650736
|switch|p1a: Incineroar|Incineroar, L50, M|100/100
|-ability|p1a: Incineroar|Intimidate|boost
|-unboost|p2a: Blastoise|atk|1
|-unboost|p2b: Kingambit|atk|1
|-ability|p2b: Kingambit|Defiant|boost
|-boost|p2b: Kingambit|atk|2
|switch|p2a: Sinistcha|Sinistcha, L50|100/100
|move|p1b: Farigiraf|Protect|p1b: Farigiraf
|-singleturn|p1b: Farigiraf|Protect
|move|p2b: Kingambit|Kowtow Cleave|p1b: Farigiraf
|-activate|p1b: Farigiraf|move: Protect
|
|upkeep
|turn|4
|
|t:|1783650772
|switch|p2a: Incineroar|Incineroar, L50, M|91/100
|-ability|p2a: Incineroar|Intimidate|boost
|-unboost|p1a: Incineroar|atk|1
|-unboost|p1b: Farigiraf|atk|1
|move|p1b: Farigiraf|Helping Hand|p1a: Incineroar
|-singleturn|p1a: Incineroar|Helping Hand|[of] p1b: Farigiraf
|move|p2b: Kingambit|Protect|p2b: Kingambit
|-singleturn|p2b: Kingambit|Protect
|move|p1a: Incineroar|Flare Blitz|p2a: Incineroar
|-resisted|p2a: Incineroar|1
|-damage|p2a: Incineroar|63/100
|-damage|p1a: Incineroar|90/100|[from] Recoil
|
|upkeep
|turn|5
|
|t:|1783650816
|move|p1b: Farigiraf|Helping Hand|p1a: Incineroar
|-singleturn|p1a: Incineroar|Helping Hand|[of] p1b: Farigiraf
|move|p2b: Kingambit|Kowtow Cleave|p1b: Farigiraf
|-supereffective|p1b: Farigiraf|1
|-enditem|p1b: Farigiraf|Colbur Berry|[eat]
|-enditem|p1b: Farigiraf|Colbur Berry|[weaken]
|-damage|p1b: Farigiraf|0 fnt
|faint|p1b: Farigiraf
|move|p1a: Incineroar|Flare Blitz|p2b: Kingambit
|-supereffective|p2b: Kingambit|1
|-damage|p2b: Kingambit|13/100
|-damage|p1a: Incineroar|61/100|[from] Recoil
|move|p2a: Incineroar|Parting Shot|p1a: Incineroar
|-unboost|p1a: Incineroar|atk|1
|-unboost|p1a: Incineroar|spa|1
|
|t:|1783650842
|switch|p2a: Blastoise|Blastoise-Mega, L50, M|100/100|[from] Parting Shot
|
|-fieldend|move: Trick Room
|upkeep
|
|t:|1783650847
|switch|p1b: Sneasler|Sneasler, L50, M, shiny|100/100
|turn|6
|inactive|Battle timer is ON: inactive players will automatically lose when time's up. (requested by ban1106)
|
|t:|1783650904
|move|p1b: Sneasler|Fake Out|p2a: Blastoise
|-damage|p2a: Blastoise|85/100
|move|p2b: Kingambit|Sucker Punch||[still]
|-fail|p2b: Kingambit
|cant|p2a: Blastoise|flinch
|move|p1a: Incineroar|Flare Blitz|p2b: Kingambit
|-supereffective|p2b: Kingambit|1
|-damage|p2b: Kingambit|0 fnt
|faint|p2b: Kingambit
|-damage|p1a: Incineroar|56/100|[from] Recoil
|
|upkeep
|
|t:|1783650917
|switch|p2b: Incineroar|Incineroar, L50, M|63/100
|-ability|p2b: Incineroar|Intimidate|boost
|-unboost|p1a: Incineroar|atk|1
|-unboost|p1b: Sneasler|atk|1
|-enditem|p1b: Sneasler|White Herb
|-clearnegativeboost|p1b: Sneasler|[silent]
|turn|7
|
|t:|1783650932
|move|p2b: Incineroar|Fake Out|p1b: Sneasler
|-damage|p1b: Sneasler|82/100
|cant|p1b: Sneasler|flinch
|move|p2a: Blastoise|Water Spout|p1a: Incineroar|[spread] p1a,p1b
|-supereffective|p1a: Incineroar|1
|-enditem|p1a: Incineroar|Passho Berry|[eat]
|-enditem|p1a: Incineroar|Passho Berry|[weaken]
|-damage|p1a: Incineroar|10/100
|-damage|p1b: Sneasler|0 fnt
|faint|p1b: Sneasler
|move|p1a: Incineroar|Throat Chop|p2a: Blastoise
|-damage|p2a: Blastoise|69/100
|-start|p2a: Blastoise|Throat Chop|[silent]
|
|upkeep
|
|t:|1783650944
|switch|p1b: Mawile|Mawile-Mega, L50, M, shiny|100/100
|turn|8
|inactive|ban1106 has 30 seconds left.
|
|t:|1783650974
|move|p1b: Mawile|Sucker Punch|p2a: Blastoise
|-crit|p2a: Blastoise
|-damage|p2a: Blastoise|3/100
|move|p2a: Blastoise|Water Spout|p1a: Incineroar|[spread] p1a,p1b
|-supereffective|p1a: Incineroar|1
|-damage|p1a: Incineroar|6/100
|-damage|p1b: Mawile|97/100
|move|p2b: Incineroar|Parting Shot|p1b: Mawile
|-unboost|p1b: Mawile|atk|1
|-unboost|p1b: Mawile|spa|1
|
|t:|1783650984
|switch|p2b: Sinistcha|Sinistcha, L50|100/100|[from] Parting Shot
|-heal|p2a: Blastoise|28/100|[from] ability: Hospitality|[of] p2b: Sinistcha
|move|p1a: Incineroar|Throat Chop|p2a: Blastoise
|-damage|p2a: Blastoise|12/100
|
|-end|p2a: Blastoise|Throat Chop|[silent]
|upkeep
|turn|9
|inactive|ban1106 has 30 seconds left.
|inactive|ban1106 has 20 seconds left.
|inactive|ban1106 has 15 seconds left.
|
|t:|1783651025
|switch|p2a: Incineroar|Incineroar, L50, M|63/100
|-ability|p2a: Incineroar|Intimidate|boost
|-unboost|p1a: Incineroar|atk|1
|-unboost|p1b: Mawile|atk|1
|move|p2b: Sinistcha|Protect|p2b: Sinistcha
|-singleturn|p2b: Sinistcha|Protect
|move|p1b: Mawile|Sucker Punch||[still]
|-fail|p1b: Mawile
|move|p1a: Incineroar|Flare Blitz|p2b: Sinistcha
|-activate|p2b: Sinistcha|move: Protect
|
|upkeep
|turn|10
|inactive|ban1106 has 30 seconds left.
|inactive|ban1106 has 20 seconds left.
|inactive|ban1106 has 15 seconds left.
|inactive|ban1106 has 10 seconds left.
|
|t:|1783651074
|move|p2a: Incineroar|Fake Out|p1b: Mawile
|-resisted|p1b: Mawile|1
|-damage|p1b: Mawile|92/100
|cant|p1b: Mawile|flinch
|move|p2b: Sinistcha|Matcha Gotcha|p1b: Mawile|[spread] p1a,p1b
|-resisted|p1a: Incineroar|1
|-resisted|p1b: Mawile|1
|-damage|p1a: Incineroar|0 fnt
|-damage|p1b: Mawile|77/100
|faint|p1a: Incineroar
|
|upkeep
|turn|11
|
|t:|1783651096
|move|p2b: Sinistcha|Rage Powder|p2b: Sinistcha
|-singleturn|p2b: Sinistcha|move: Rage Powder
|move|p1b: Mawile|Sucker Punch||[still]
|-fail|p1b: Mawile
|move|p2a: Incineroar|Flare Blitz|p1b: Mawile
|-supereffective|p1b: Mawile|1
|-damage|p1b: Mawile|0 fnt
|faint|p1b: Mawile
|-damage|p2a: Incineroar|43/100|[from] Recoil
|-enditem|p2a: Incineroar|Sitrus Berry|[eat]
|-heal|p2a: Incineroar|68/100|[from] item: Sitrus Berry
|
|win|ban1106
|inactive|northfacefan has 30 seconds to confirm battle start!
|inactive|ban1106 has 30 seconds to confirm battle start!
||northfacefan is ready for game 2.
||ban1106 is ready for game 2.
|uhtml|next|Next: Game 2 of 3
