|j|☆KudenaVGC
|j|☆Cm3112
|html|KudenaVGCCm3112    
|uhtml|bestof|Game 3 of a best-of-3
|t:|1756990638
|gametype|doubles
|player|p1|KudenaVGC|ethan|1219
|player|p2|Cm3112|170|1300
|gen|9
|tier|[Gen 9] VGC 2025 Reg H (Bo3)
|rated|
|rule|Species Clause: Limit one of each Pokémon
|rule|Item Clause: Limit 1 of each item
|clearpoke
|poke|p1|Gholdengo, L50|
|poke|p1|Dragonite, L50, F|
|poke|p1|Maushold-Four, L50|
|poke|p1|Rillaboom, L50, M|
|poke|p1|Ursaluna-Bloodmoon, L50, M|
|poke|p1|Annihilape, L50, F|
|poke|p2|Archaludon, L50, F|
|poke|p2|Maushold-Four, L50|
|poke|p2|Pelipper, L50, M|
|poke|p2|Annihilape, L50, F|
|poke|p2|Hydreigon, L50, F|
|poke|p2|Primarina, L50, M|
|teampreview|4
|showteam|p1|Gholdengo||LifeOrb|GoodasGold|MakeItRain,ShadowBall,NastyPlot,Protect||||||50|,,,,,Water]Dragonite||LoadedDice|Multiscale|Tailwind,Haze,Protect,ScaleShot|||F|||50|,,,,,Fairy]Maushold-Four||FocusSash|FriendGuard|Taunt,FollowMe,BeatUp,Protect||||||50|,,,,,Ghost]Rillaboom||MiracleSeed|GrassySurge|FakeOut,WoodHammer,GrassyGlide,HighHorsepower|||M|||50|,,,,,Grass]Ursaluna-Bloodmoon||AssaultVest|MindsEye|BloodMoon,EarthPower,HyperVoice,VacuumWave|||M|||50|,,,,,Water]Annihilape||SitrusBerry|Defiant|DrainPunch,RageFist,BulkUp,Protect|||F|||50|,,,,,Fire
|showteam|p2|Archaludon||AssaultVest|Stamina|FlashCannon,ElectroShot,DracoMeteor,BodyPress|||F|||50|,,,,,Fairy]Maushold-Four||WideLens|Technician|PopulationBomb,BeatUp,FollowMe,Protect||||||50|,,,,,Ghost]Pelipper||FocusSash|Drizzle|MuddyWater,Hurricane,WideGuard,Protect|||M|||50|,,,,,Water]Annihilape||SafetyGoggles|Defiant|DrainPunch,RageFist,BulkUp,Protect|||F|||50|,,,,,Water]Hydreigon||LifeOrb|Levitate|Snarl,DracoMeteor,FocusEnergy,Protect|||F|||50|,,,,,Water]Primarina||ThroatSpray|LiquidVoice|HyperVoice,DazzlingGleam,Haze,Protect|||M|||50|,,,,,Water
|inactive|Battle timer is ON: inactive players will automatically lose when time's up. (requested by Cm3112)
|
|t:|1756990683
|teamsize|p1|4
|teamsize|p2|4
|start
|switch|p1a: Maushold|Maushold-Four, L50|100/100
|switch|p1b: Gholdengo|Gholdengo, L50|100/100
|switch|p2a: Maushold|Maushold-Four, L50|100/100
|switch|p2b: Primarina|Primarina, L50, M|100/100
|turn|1
|
|t:|1756990696
|move|p1a: Maushold|Follow Me|p1a: Maushold
|-singleturn|p1a: Maushold|move: Follow Me
|move|p2a: Maushold|Population Bomb|p1a: Maushold
|-damage|p1a: Maushold|87/100
|-damage|p1a: Maushold|71/100
|-damage|p1a: Maushold|57/100
|-damage|p1a: Maushold|43/100
|-damage|p1a: Maushold|29/100
|-damage|p1a: Maushold|14/100
|-damage|p1a: Maushold|0 fnt
|faint|p1a: Maushold
|-hitcount|p1: Maushold|7
|move|p1b: Gholdengo|Nasty Plot|p1b: Gholdengo
|-boost|p1b: Gholdengo|spa|2
|move|p2b: Primarina|Haze|p2b: Primarina
|-clearallboost
|
|upkeep
|
|t:|1756990701
|switch|p1a: Dragonite|Dragonite, L50, F|100/100
|turn|2
|
|t:|1756990724
|move|p1a: Dragonite|Protect|p1a: Dragonite
|-singleturn|p1a: Dragonite|Protect
|move|p2a: Maushold|Population Bomb|p1a: Dragonite
|-activate|p1a: Dragonite|move: Protect
|move|p1b: Gholdengo|Nasty Plot|p1b: Gholdengo
|-boost|p1b: Gholdengo|spa|2
|move|p2b: Primarina|Haze|p2b: Primarina
|-clearallboost
|
|upkeep
|turn|3
|
|t:|1756990736
|switch|p1a: Ursaluna|Ursaluna-Bloodmoon, L50, M|100/100
|move|p2a: Maushold|Population Bomb|p1a: Ursaluna
|-damage|p1a: Ursaluna|92/100
|-damage|p1a: Ursaluna|83/100
|-damage|p1a: Ursaluna|74/100
|-damage|p1a: Ursaluna|66/100
|-damage|p1a: Ursaluna|57/100
|-damage|p1a: Ursaluna|49/100
|-damage|p1a: Ursaluna|40/100
|-damage|p1a: Ursaluna|31/100
|-damage|p1a: Ursaluna|22/100
|-damage|p1a: Ursaluna|14/100
|-hitcount|p1a: Ursaluna|10
|move|p1b: Gholdengo|Make It Rain|p2b: Primarina|[spread] p2a,p2b
|-damage|p2a: Maushold|11/100
|-damage|p2b: Primarina|50/100
|-unboost|p1b: Gholdengo|spa|1
|-damage|p1b: Gholdengo|91/100|[from] item: Life Orb
|move|p2b: Primarina|Haze|p2b: Primarina
|-clearallboost
|
|upkeep
|turn|4
|
|t:|1756990761
|move|p1a: Ursaluna|Vacuum Wave|p2a: Maushold
|-supereffective|p2a: Maushold
|-damage|p2a: Maushold|0 fnt
|faint|p2a: Maushold
|move|p1b: Gholdengo|Nasty Plot|p1b: Gholdengo
|-boost|p1b: Gholdengo|spa|2
|move|p2b: Primarina|Hyper Voice|p1a: Ursaluna|[spread] p1a,p1b
|-supereffective|p1a: Ursaluna
|-damage|p1a: Ursaluna|0 fnt
|-damage|p1b: Gholdengo|57/100
|faint|p1a: Ursaluna
|-enditem|p2b: Primarina|Throat Spray
|-boost|p2b: Primarina|spa|1|[from] item: Throat Spray
|
|upkeep
|
|t:|1756990770
|switch|p2a: Archaludon|Archaludon, L50, F|100/100
|switch|p1a: Dragonite|Dragonite, L50, F|100/100
|turn|5
|
|t:|1756990789
|switch|p2b: Pelipper|Pelipper, L50, M|100/100
|-weather|RainDance|[from] ability: Drizzle|[of] p2b: Pelipper
|move|p1b: Gholdengo|Protect|p1b: Gholdengo
|-singleturn|p1b: Gholdengo|Protect
|move|p1a: Dragonite|Scale Shot|p2b: Pelipper
|-damage|p2b: Pelipper|81/100
|-crit|p2b: Pelipper
|-damage|p2b: Pelipper|49/100
|-damage|p2b: Pelipper|29/100
|-damage|p2b: Pelipper|11/100
|-damage|p2b: Pelipper|0 fnt
|faint|p2b: Pelipper
|-hitcount|p2: Pelipper|5
|-unboost|p1a: Dragonite|def|1
|-boost|p1a: Dragonite|spe|1
|move|p2a: Archaludon|Electro Shot||[still]
|-prepare|p2a: Archaludon|Electro Shot
|-boost|p2a: Archaludon|spa|1
|-anim|p2a: Archaludon|Electro Shot|p1b: Gholdengo
|-activate|p1b: Gholdengo|move: Protect
|
|-weather|RainDance|[upkeep]
|upkeep
|
|t:|1756990797
|switch|p2b: Primarina|Primarina, L50, M|50/100
|turn|6
|inactive|KudenaVGC has 30 seconds left.
|inactive|KudenaVGC has 20 seconds left.
|inactive|KudenaVGC has 15 seconds left.
|inactive|KudenaVGC has 10 seconds left.
|
|t:|1756990845
|move|p1a: Dragonite|Scale Shot|p2a: Archaludon|[miss]
|-miss|p1a: Dragonite|p2a: Archaludon
|move|p1b: Gholdengo|Shadow Ball|p2a: Archaludon
|-damage|p2a: Archaludon|29/100
|-ability|p2a: Archaludon|Stamina|boost
|-boost|p2a: Archaludon|def|1
|-damage|p1b: Gholdengo|47/100|[from] item: Life Orb
|move|p2a: Archaludon|Electro Shot||[still]
|-prepare|p2a: Archaludon|Electro Shot
|-boost|p2a: Archaludon|spa|1
|-anim|p2a: Archaludon|Electro Shot|p1b: Gholdengo
|-damage|p1b: Gholdengo|0 fnt
|faint|p1b: Gholdengo
|move|p2b: Primarina|Hyper Voice|p1a: Dragonite
|-resisted|p1a: Dragonite
|-damage|p1a: Dragonite|83/100
|
|-weather|RainDance|[upkeep]
|upkeep
|turn|7
|
|t:|1756990861
|-terastallize|p2a: Archaludon|Fairy
|move|p1a: Dragonite|Haze|p1a: Dragonite
|-clearallboost
|move|p2a: Archaludon|Electro Shot||[still]
|-prepare|p2a: Archaludon|Electro Shot
|-boost|p2a: Archaludon|spa|1
|-anim|p2a: Archaludon|Electro Shot|p1a: Dragonite
|-damage|p1a: Dragonite|9/100
|move|p2b: Primarina|Dazzling Gleam|p1a: Dragonite
|-supereffective|p1a: Dragonite
|-damage|p1a: Dragonite|0 fnt
|faint|p1a: Dragonite
|
|win|Cm3112
|raw|KudenaVGC's rating: 1219 → 1200(-19 for losing)
|raw|Cm3112's rating: 1300 → 1319(+19 for winning)
|l|☆Cm3112
|player|p2|
