|j|â˜†IrumaArcher
|j|â˜†g00nergab67
|html|IrumaArcherg00nergab67    
|uhtml|bestof|Game 3 of a best-of-3
|t:|1782514525
|gametype|doubles
|player|p1|IrumaArcher|steven|
|player|p2|g00nergab67|2|
|gen|9
|tier|[Gen 9 Champions] VGC 2026 Reg M-B (Bo3)
|rule|Species Clause: Limit one of each PokÃ©mon
|rule|Item Clause: Limit 1 of each item
|clearpoke
|poke|p1|Kleavor, L50, F|
|poke|p1|Hatterene, L50, F|
|poke|p1|Gliscor, L50, F, shiny|
|poke|p1|Meowstic, L50, M|
|poke|p1|Rotom-Heat, L50|
|poke|p1|Palafin, L50, F, shiny|
|poke|p2|Blastoise, L50, M|
|poke|p2|Charizard, L50, F|
|poke|p2|Dragonite, L50, F|
|poke|p2|Typhlosion-Hisui, L50, M|
|poke|p2|Garganacl, L50, F|
|poke|p2|Rotom-Wash, L50|
|teampreview|4
|showteam|p1|Kleavor||ChoiceScarf|Sharpness|StoneAxe,CloseCombat,XScissor,Protect|Adamant||F|||50|]Hatterene||SitrusBerry|MagicBounce|DazzlingGleam,ExpandingForce,TrickRoom,LifeDew|Modest||F|||50|]Gliscor||Leftovers|HyperCutter|KnockOff,HighHorsepower,Protect,RockSlide|Adamant||F|||50|]Meowstic||BrightPowder|Prankster|PsychicTerrain,LightScreen,Protect,Psyshock|Calm||M|||50|]Rotom-Heat||PasshoBerry|Levitate|Thunderbolt,Overheat,VoltSwitch,Protect|Modest|||||50|]Palafin||MysticWater|ZerotoHero|JetPunch,DrainPunch,FlipTurn,Protect|Adamant||F|||50|
|showteam|p2|Blastoise||Blastoisinite|Torrent|AquaTail,ChillingWater,Liquidation,Surf|Quiet||M|||50|]Charizard||CharizarditeY|Blaze|Flamethrower,Overheat,Acrobatics,FireFang|Hasty||F|||50|]Dragonite||LifeOrb|InnerFocus|AirSlash,DragonClaw,Hurricane,Outrage|Hasty||F|||50|]Typhlosion-Hisui||FocusSash|Blaze|Flamethrower,Eruption,FirePunch,ShadowBall|Hasty||M|||50|]Garganacl||ExpertBelt|PurifyingSalt|EarthPower,Earthquake,Explosion,MeteorBeam|Brave||F|||50|]Rotom-Wash||MentalHerb|Levitate|Thunderbolt,HydroPump,Discharge,Thunder|Timid|||||50|
|j| SugarBaer
|j| cherotank
|c| cherotank|ONE ONE
|c| cherotank|GAME 3
|c| cherotank|LETS GOOOO
|c| SugarBaer|WOOOOOO
|c| cherotank|THIS IS FOR ALL THE MARBLES
|c| cherotank|IM SO EXCITED!!!!!
|c|â˜†g00nergab67|My team is amazing, this game is free, GOONERS IN 3!!!!!
|c| cherotank|Will it be the Demonic Misfit Demons?? Or the Gravitating Gooners?
|c| cherotank|Get ready for the next battleeeeeeeee
|
|t:|1782514715
|teamsize|p1|4
|teamsize|p2|4
|start
|switch|p1a: Kleavor|Kleavor, L50, F|100/100
|switch|p1b: Gliscor|Gliscor, L50, F, shiny|100/100
|switch|p2a: Charizard|Charizard, L50, F|100/100
|switch|p2b: Typhlosion|Typhlosion-Hisui, L50, M|100/100
|turn|1
|c| cherotank|oop!
|
|t:|1782514757
|detailschange|p2a: Charizard|Charizard-Mega-Y, L50, F
|-mega|p2a: Charizard|Charizard|Charizardite Y
|-weather|SunnyDay|[from] ability: Drought|[of] p2a: Charizard
|move|p1a: Kleavor|Stone Axe|p2a: Charizard
|-supereffective|p2a: Charizard|2
|-damage|p2a: Charizard|0 fnt
|-sidestart|p2: g00nergab67|move: Stealth Rock
|faint|p2a: Charizard
|move|p2b: Typhlosion|Fire Punch|p1b: Gliscor
|-damage|p1b: Gliscor|73/100
|move|p1b: Gliscor|Rock Slide|p2b: Typhlosion
|-supereffective|p2b: Typhlosion|1
|-damage|p2b: Typhlosion|28/100
|
|-weather|SunnyDay|[upkeep]
|-heal|p1b: Gliscor|79/100|[from] item: Leftovers
|upkeep
|
|t:|1782514775
|switch|p2a: Garganacl|Garganacl, L50, F|100/100
|-damage|p2a: Garganacl|87/100|[from] Stealth Rock
|turn|2
|c| cherotank|The demons are demonic today
|
|t:|1782514797
|move|p1a: Kleavor|Stone Axe|p2b: Typhlosion
|-supereffective|p2b: Typhlosion|1
|-damage|p2b: Typhlosion|0 fnt
|faint|p2b: Typhlosion
|move|p1b: Gliscor|High Horsepower|p2a: Garganacl
|-supereffective|p2a: Garganacl|1
|-damage|p2a: Garganacl|34/100
|move|p2a: Garganacl|Meteor Beam||[still]
|-prepare|p2a: Garganacl|Meteor Beam
|-boost|p2a: Garganacl|spa|1
|
|-weather|SunnyDay|[upkeep]
|-heal|p1b: Gliscor|85/100|[from] item: Leftovers
|upkeep
|
|t:|1782514812
|switch|p2b: Rotom|Rotom-Wash, L50|100/100
|-damage|p2b: Rotom|88/100|[from] Stealth Rock
|turn|3
|c| cherotank|its getting scawy
|
|t:|1782514839
|switch|p1a: Rotom|Rotom-Heat, L50|100/100
|move|p2b: Rotom|Hydro Pump|p1a: Rotom
|-supereffective|p1a: Rotom|1
|-enditem|p1a: Rotom|Passho Berry|[eat]
|-enditem|p1a: Rotom|Passho Berry|[weaken]
|-damage|p1a: Rotom|78/100
|move|p1b: Gliscor|High Horsepower|p2a: Garganacl
|-supereffective|p2a: Garganacl|1
|-damage|p2a: Garganacl|0 fnt
|faint|p2a: Garganacl
|
|-weather|SunnyDay|[upkeep]
|-heal|p1b: Gliscor|91/100|[from] item: Leftovers
|upkeep
|turn|4
|
|t:|1782514860
|move|p2b: Rotom|Hydro Pump|p1b: Gliscor|[miss]
|-miss|p2b: Rotom|p1b: Gliscor
|move|p1b: Gliscor|Knock Off|p2b: Rotom
|-damage|p2b: Rotom|53/100
|-enditem|p2b: Rotom|Mental Herb|[from] move: Knock Off|[of] p1b: Gliscor
|move|p1a: Rotom|Volt Switch|p2b: Rotom
|-damage|p2b: Rotom|12/100
|
|t:|1782514872
|switch|p1a: Hatterene|Hatterene, L50, F|100/100|[from] Volt Switch
|
|-weather|SunnyDay|[upkeep]
|-heal|p1b: Gliscor|97/100|[from] item: Leftovers
|upkeep
|turn|5
|c| cherotank|clean sweep
|c| cherotank|And thats the game yall
|
|t:|1782514885
|move|p1b: Gliscor|Protect|p1b: Gliscor
|-singleturn|p1b: Gliscor|Protect
|move|p2b: Rotom|Hydro Pump|p1b: Gliscor
|-activate|p1b: Gliscor|move: Protect
|move|p1a: Hatterene|Life Dew||[still]|[spread] p1a,p1b
|-fail|p1a: Hatterene|heal
|-heal|p1b: Gliscor|100/100
|
|-weather|none
|upkeep
|turn|6
|
|t:|1782514903
|switch|p1a: Kleavor|Kleavor, L50, F|100/100
|move|p2b: Rotom|Thunder|p1a: Kleavor
|-damage|p1a: Kleavor|13/100
|-status|p1a: Kleavor|par
|move|p1b: Gliscor|Knock Off|p2b: Rotom
|-damage|p2b: Rotom|0 fnt
|faint|p2b: Rotom
|
|win|IrumaArcher
