|j|☆MinasDevilCrobats
|j|☆MajinkenW
|html|MinasDevilCrobatsMajinkenW    
|uhtml|bestof|Game 1 of a best-of-3
|t:|1757197943
|gametype|doubles
|player|p1|MinasDevilCrobats|darach-caitlin|1140
|player|p2|MajinkenW|101|1189
|gen|9
|tier|[Gen 9] VGC 2025 Reg H (Bo3)
|rated|
|rule|Species Clause: Limit one of each Pokémon
|rule|Item Clause: Limit 1 of each item
|clearpoke
|poke|p1|Indeedee, L50, M|
|poke|p1|Sneasler, L50, F|
|poke|p1|Dondozo, L50, M|
|poke|p1|Tatsugiri, L50, F|
|poke|p1|Talonflame, L50, M|
|poke|p1|Glimmora, L50, M|
|poke|p2|Sneasler, L50, F|
|poke|p2|Indeedee, L50, M|
|poke|p2|Talonflame, L50, F|
|poke|p2|Basculegion, L50, M|
|poke|p2|Archaludon, L50, F|
|poke|p2|Pelipper, L50, F|
|teampreview|4
|showteam|p1|Indeedee||ChoiceScarf|PsychicSurge|ExpandingForce,DazzlingGleam,Trick,Protect|||M|||50|,,,,,Fairy]Sneasler||PsychicSeed|Unburden|CloseCombat,DireClaw,ThroatChop,Protect|||F|||50|,,,,,Dark]Dondozo||Leftovers|Unaware|WaveCrash,OrderUp,Earthquake,Protect|||M|||50|,,,,,Grass]Tatsugiri||FocusSash|Commander|MuddyWater,DracoMeteor,DragonPulse,Protect|||F|||50|,,,,,Steel]Talonflame||CovertCloak|GaleWings|FlareBlitz,BraveBird,Tailwind,WillOWisp|||M|||50|,,,,,Grass]Glimmora||PowerHerb|ToxicDebris|MeteorBeam,SludgeBomb,EarthPower,SpikyShield|||M|||50|,,,,,Grass
|showteam|p2|Sneasler||PsychicSeed|Unburden|DireClaw,CloseCombat,ThroatChop,Protect|||F|||50|,,,,,Dark]Indeedee||FocusSash|PsychicSurge|ExpandingForce,DazzlingGleam,Protect,HelpingHand|||M|||50|,,,,,Psychic]Talonflame||CovertCloak|GaleWings|Taunt,FlareBlitz,Tailwind,BraveBird|||F|||50|,,,,,Fairy]Basculegion||ChoiceScarf|Adaptability|FlipTurn,WaveCrash,LastRespects,PsychicFangs|||M|||50|,,,,,Grass]Archaludon||AssaultVest|Stamina|BodyPress,ElectroShot,DragonPulse,FlashCannon|||F|||50|,,,,,Bug]Pelipper||RockyHelmet|Drizzle|Protect,WideGuard,WeatherBall,Hurricane|||F|||50|,,,,,Grass
|inactive|Battle timer is ON: inactive players will automatically lose when time's up. (requested by MajinkenW)
|inactive|MajinkenW has 60 seconds left.
|
|t:|1757197992
|teamsize|p1|4
|teamsize|p2|4
|start
|switch|p1a: Talonflame|Talonflame, L50, M|100/100
|switch|p1b: Glimmora|Glimmora, L50, M|100/100
|switch|p2a: Indeedee|Indeedee, L50, M|100/100
|switch|p2b: Sneasler|Sneasler, L50, F|100/100
|-fieldstart|move: Psychic Terrain|[from] ability: Psychic Surge|[of] p2a: Indeedee
|-enditem|p2b: Sneasler|Psychic Seed
|-boost|p2b: Sneasler|spd|1|[from] item: Psychic Seed
|turn|1
|inactive|MajinkenW has 30 seconds left.
|inactive|MinasDevilCrobats has 30 seconds left.
|
|t:|1757198028
|-terastallize|p2a: Indeedee|Psychic
|move|p1b: Glimmora|Spiky Shield|p1b: Glimmora
|-singleturn|p1b: Glimmora|move: Protect
|move|p1a: Talonflame|Tailwind|p1a: Talonflame
|-sidestart|p1: MinasDevilCrobats|move: Tailwind
|move|p2b: Sneasler|Dire Claw|p1a: Talonflame
|-damage|p1a: Talonflame|24/100
|move|p2a: Indeedee|Expanding Force|p1a: Talonflame|[spread] p1a
|-activate|p1b: Glimmora|move: Protect
|-damage|p1a: Talonflame|0 fnt
|faint|p1a: Talonflame
|
|upkeep
|
|t:|1757198038
|switch|p1a: Dondozo|Dondozo, L50, M|100/100
|turn|2
|
|t:|1757198046
|switch|p1b: Tatsugiri|Tatsugiri, L50, F|100/100
|-activate|p1b: Tatsugiri|ability: Commander|[of] p1a: Dondozo
|-boost|p1a: Dondozo|atk|2
|-boost|p1a: Dondozo|spa|2
|-boost|p1a: Dondozo|spe|2
|-boost|p1a: Dondozo|def|2
|-boost|p1a: Dondozo|spd|2
|move|p1a: Dondozo|Earthquake|p2a: Indeedee|[spread] p2a,p2b
|-miss|p1a: Dondozo|p1b: Tatsugiri
|-supereffective|p2b: Sneasler
|-damage|p2a: Indeedee|16/100
|-damage|p2b: Sneasler|0 fnt
|faint|p2b: Sneasler
|move|p2a: Indeedee|Expanding Force|p1a: Dondozo|[spread] p1a
|-miss|p2a: Indeedee|p1b: Tatsugiri
|-damage|p1a: Dondozo|58/100
|
|-heal|p1a: Dondozo|64/100|[from] item: Leftovers
|upkeep
|inactive|MajinkenW has 30 seconds left.
|
|t:|1757198075
|switch|p2b: Pelipper|Pelipper, L50, F|100/100
|-weather|RainDance|[from] ability: Drizzle|[of] p2b: Pelipper
|turn|3
|
|t:|1757198088
|move|p2a: Indeedee|Helping Hand|p2b: Pelipper
|-singleturn|p2b: Pelipper|Helping Hand|[of] p2a: Indeedee
|move|p1a: Dondozo|Order Up|p2a: Indeedee
|-damage|p2a: Indeedee|0 fnt
|faint|p2a: Indeedee
|-boost|p1a: Dondozo|atk|1
|move|p2b: Pelipper|Hurricane|p1a: Dondozo
|-damage|p1a: Dondozo|28/100
|
|-weather|RainDance|[upkeep]
|-heal|p1a: Dondozo|34/100|[from] item: Leftovers
|upkeep
|
|t:|1757198100
|switch|p2a: Basculegion|Basculegion, L50, M|100/100
|turn|4
|
|t:|1757198120
|move|p1a: Dondozo|Order Up|p2a: Basculegion
|-damage|p2a: Basculegion|27/100
|-boost|p1a: Dondozo|atk|1
|move|p2a: Basculegion|Last Respects|p1a: Dondozo
|-damage|p1a: Dondozo|0 fnt
|faint|p1a: Dondozo
|move|p2b: Pelipper|Hurricane|p1b: Tatsugiri
|-damage|p1b: Tatsugiri|35/100
|
|-weather|RainDance|[upkeep]
|-sideend|p1: MinasDevilCrobats|move: Tailwind
|upkeep
|
|t:|1757198128
|switch|p1a: Glimmora|Glimmora, L50, M|100/100
|turn|5
|
|t:|1757198144
|-terastallize|p1a: Glimmora|Grass
|move|p2a: Basculegion|Last Respects|p1b: Tatsugiri
|-damage|p1b: Tatsugiri|0 fnt
|faint|p1b: Tatsugiri
|move|p1a: Glimmora|Meteor Beam||[still]
|-prepare|p1a: Glimmora|Meteor Beam
|-boost|p1a: Glimmora|spa|1
|-enditem|p1a: Glimmora|Power Herb
|-anim|p1a: Glimmora|Meteor Beam|p2b: Pelipper
|-supereffective|p2b: Pelipper
|-damage|p2b: Pelipper|0 fnt
|faint|p2b: Pelipper
|
|-weather|RainDance|[upkeep]
|-fieldend|move: Psychic Terrain
|upkeep
|turn|6
|
|t:|1757198157
|move|p1a: Glimmora|Spiky Shield|p1a: Glimmora
|-singleturn|p1a: Glimmora|move: Protect
|move|p2a: Basculegion|Last Respects|p1a: Glimmora
|-activate|p1a: Glimmora|move: Protect
|
|-weather|RainDance|[upkeep]
|upkeep
|turn|7
|
|t:|1757198166
|move|p2a: Basculegion|Last Respects|p1a: Glimmora
|-damage|p1a: Glimmora|0 fnt
|-activate|p1a: Glimmora|ability: Toxic Debris
|-sidestart|p2: MajinkenW|move: Toxic Spikes
|faint|p1a: Glimmora
|
|win|MajinkenW
||MajinkenW is ready for game 2.
||MinasDevilCrobats is ready for game 2.
|uhtml|next|Next: Game 2 of 3
|l|☆MinasDevilCrobats
|player|p1|
|l|☆MajinkenW
|player|p2|
|j|☆MinasDevilCrobats
|player|p1|MinasDevilCrobats|darach-caitlin|
