|j|☆asmodeo666
|j|☆dragonite fraude
|html|asmodeo666dragonite fraude    
|uhtml|bestof|Game 1 of a best-of-3
|t:|1757931045
|gametype|doubles
|player|p1|asmodeo666|2|1055
|player|p2|dragonite fraude|1|1155
|gen|9
|tier|[Gen 9] VGC 2025 Reg H (Bo3)
|rated|
|rule|Species Clause: Limit one of each Pokémon
|rule|Item Clause: Limit 1 of each item
|clearpoke
|poke|p1|Raichu, L50, F|
|poke|p1|Kilowattrel, L50, M|
|poke|p1|Garchomp, L50, F|
|poke|p1|Gardevoir, L50, F|
|poke|p1|Hydreigon, L50, M|
|poke|p1|Gholdengo, L50|
|poke|p2|Maushold-Four, L50|
|poke|p2|Gholdengo, L50|
|poke|p2|Dragonite, L50, F|
|poke|p2|Annihilape, L50, M|
|poke|p2|Rillaboom, L50, M|
|poke|p2|Ursaluna-Bloodmoon, L50, M|
|teampreview|4
|showteam|p1|Raichu||FocusSash|LightningRod|FakeOut,Discharge,Nuzzle,Protect|||F|||50|,,,,,Electric]Kilowattrel||CovertCloak|VoltAbsorb|Tailwind,Discharge,AirSlash,Protect|||M|||50|,,,,,Electric]Garchomp||ClearAmulet|RoughSkin|Earthquake,StompingTantrum,DragonClaw,Protect|||F|||50|,,,,,Ghost]Gardevoir||ChoiceScarf|Telepathy|DazzlingGleam,ExpandingForce,Moonblast,IcyWind|||F|||50|,,,,,Fairy]Hydreigon||ChoiceSpecs|Levitate|DracoMeteor,Snarl,DarkPulse,HeatWave|||M|||50|,,,,,Fire]Gholdengo||LifeOrb|GoodasGold|MakeItRain,ShadowBall,NastyPlot,Protect||||||50|,,,,,Steel
|showteam|p2|Maushold-Four||FocusSash|FriendGuard|SuperFang,BeatUp,FollowMe,Protect||||||50|,,,,,Ghost]Gholdengo||LifeOrb|GoodasGold|MakeItRain,ShadowBall,NastyPlot,Protect||||||50|,,,,,Water]Dragonite||LoadedDice|Multiscale|ScaleShot,Tailwind,Haze,Protect|||F|||50|,,,,,Fairy]Annihilape||SitrusBerry|Defiant|DrainPunch,RageFist,BulkUp,Protect|||M|||50|,,,,,Fire]Rillaboom||MiracleSeed|GrassySurge|WoodHammer,GrassyGlide,HighHorsepower,FakeOut|||M|||50|,,,,,Fire]Ursaluna-Bloodmoon||AssaultVest|MindsEye|BloodMoon,EarthPower,HyperVoice,VacuumWave|||M|||50|,,,,,Water
|inactive|Battle timer is ON: inactive players will automatically lose when time's up. (requested by asmodeo666)
|inactive|dragonite fraude has 60 seconds left.
|
|t:|1757931080
|teamsize|p1|4
|teamsize|p2|4
|start
|switch|p1a: Kilowattrel|Kilowattrel, L50, M|100/100
|switch|p1b: Raichu|Raichu, L50, F|100/100
|switch|p2a: Dragonite|Dragonite, L50, F|100/100
|switch|p2b: Ursaluna|Ursaluna-Bloodmoon, L50, M|100/100
|turn|1
|
|t:|1757931093
|move|p1b: Raichu|Fake Out|p2a: Dragonite
|-damage|p2a: Dragonite|96/100
|move|p1a: Kilowattrel|Tailwind|p1a: Kilowattrel
|-sidestart|p1: asmodeo666|move: Tailwind
|cant|p2a: Dragonite|flinch
|move|p2b: Ursaluna|Earth Power|p1b: Raichu
|-supereffective|p1b: Raichu
|-enditem|p1b: Raichu|Focus Sash
|-damage|p1b: Raichu|1/100
|
|upkeep
|turn|2
|
|t:|1757931105
|move|p1b: Raichu|Protect|p1b: Raichu
|-singleturn|p1b: Raichu|Protect
|move|p2b: Ursaluna|Vacuum Wave|p1b: Raichu
|-activate|p1b: Raichu|move: Protect
|move|p1a: Kilowattrel|Discharge|p2a: Dragonite|[spread] p2a
|-activate|p1b: Raichu|move: Protect
|-immune|p2b: Ursaluna
|-damage|p2a: Dragonite|71/100
|move|p2a: Dragonite|Scale Shot|p1a: Kilowattrel
|-damage|p1a: Kilowattrel|72/100
|-damage|p1a: Kilowattrel|44/100
|-damage|p1a: Kilowattrel|16/100
|-crit|p1a: Kilowattrel
|-damage|p1a: Kilowattrel|0 fnt
|faint|p1a: Kilowattrel
|-hitcount|p1: Kilowattrel|4
|-unboost|p2a: Dragonite|def|1
|-boost|p2a: Dragonite|spe|1
|
|upkeep
|
|t:|1757931115
|switch|p1a: Gardevoir|Gardevoir, L50, F|100/100
|turn|3
|
|t:|1757931129
|switch|p1b: Garchomp|Garchomp, L50, F|100/100
|-terastallize|p1a: Gardevoir|Fairy
|move|p2a: Dragonite|Protect|p2a: Dragonite
|-singleturn|p2a: Dragonite|Protect
|move|p1a: Gardevoir|Dazzling Gleam|p2b: Ursaluna|[spread] p2b
|-activate|p2a: Dragonite|move: Protect
|-damage|p2b: Ursaluna|72/100
|move|p2b: Ursaluna|Blood Moon|p1a: Gardevoir
|-damage|p1a: Gardevoir|17/100
|
|upkeep
|turn|4
|
|t:|1757931145
|switch|p2a: Rillaboom|Rillaboom, L50, M|100/100
|-fieldstart|move: Grassy Terrain|[from] ability: Grassy Surge|[of] p2a: Rillaboom
|move|p1a: Gardevoir|Dazzling Gleam|p2b: Ursaluna|[spread] p2a,p2b
|-damage|p2a: Rillaboom|51/100
|-damage|p2b: Ursaluna|45/100
|move|p1b: Garchomp|Earthquake|p2a: Rillaboom|[spread] p2a,p2b
|-activate|p1a: Gardevoir|ability: Telepathy
|-resisted|p2a: Rillaboom
|-damage|p2a: Rillaboom|42/100
|-damage|p2b: Ursaluna|30/100
|move|p2b: Ursaluna|Hyper Voice|p1b: Garchomp|[spread] p1a,p1b
|-damage|p1a: Gardevoir|0 fnt
|-damage|p1b: Garchomp|58/100
|faint|p1a: Gardevoir
|
|-heal|p1b: Garchomp|64/100|[from] Grassy Terrain
|-heal|p2a: Rillaboom|48/100|[from] Grassy Terrain
|-heal|p2b: Ursaluna|36/100|[from] Grassy Terrain
|-sideend|p1: asmodeo666|move: Tailwind
|upkeep
|
|t:|1757931152
|switch|p1a: Raichu|Raichu, L50, F|1/100
|turn|5
|-message|asmodeo666 forfeited.
|
|win|dragonite fraude
|l|☆asmodeo666
|player|p1|
||asmodeo666 is ready for game 2.
||dragonite fraude is ready for game 2.
|uhtml|next|Next: Game 2 of 3
