|j|☆Keith Jones
|j|☆EggoWafflez
|html|Keith JonesEggoWafflez    
|uhtml|bestof|Game 2 of a best-of-3
|t:|1783557738
|gametype|doubles
|player|p1|Keith Jones|benga|1419
|player|p2|EggoWafflez|maylene|1405
|gen|9
|tier|[Gen 9 Champions] VGC 2026 Reg M-B (Bo3)
|rated|
|rule|Species Clause: Limit one of each Pokémon
|rule|Item Clause: Limit 1 of each item
|clearpoke
|poke|p1|Aegislash, L50, F|
|poke|p1|Hydreigon, L50, M|
|poke|p1|Meowscarada, L50, F|
|poke|p1|Aerodactyl, L50, F|
|poke|p1|Lopunny, L50, F|
|poke|p1|Volcarona, L50, M|
|poke|p2|Aerodactyl, L50, F|
|poke|p2|Charizard, L50, M|
|poke|p2|Garchomp, L50, F|
|poke|p2|Sylveon, L50, F|
|poke|p2|Farigiraf, L50, M|
|poke|p2|Incineroar, L50, F|
|teampreview|4
|showteam|p1|Aegislash||SpellTag|StanceChange|Poltergeist,ShadowSneak,CloseCombat,KingsShield|Adamant||F|||50|]Hydreigon||ChoiceScarf|Levitate|DracoMeteor,DarkPulse,Snarl,EarthPower|Modest||M|||50|]Meowscarada||LifeOrb|Overgrow|FlowerTrick,KnockOff,SuckerPunch,Protect|Jolly||F|||50|]Aerodactyl||FocusSash|Unnerve|RockSlide,DualWingbeat,Tailwind,Protect|Jolly||F|||50|]Lopunny||Lopunnite|CuteCharm|CloseCombat,GigaImpact,Encore,FakeOut|Jolly||F|||50|]Volcarona||PasshoBerry|FlameBody|FieryDance,WillOWisp,Tailwind,RagePowder|Bold||M|||50|
|showteam|p2|Aerodactyl||FocusSash|Unnerve|RockSlide,Tailwind,WideGuard,Protect|Jolly||F|||50|]Charizard||CharizarditeY|Blaze|HeatWave,SolarBeam,Protect,WeatherBall|Modest||M|||50|]Garchomp||LifeOrb|RoughSkin|Earthquake,DragonClaw,Protect,StompingTantrum|Jolly||F|||50|]Sylveon||FairyFeather|Pixilate|HyperVoice,Moonblast,Protect,Yawn|Modest||F|||50|]Farigiraf||ColburBerry|ArmorTail|Psychic,HelpingHand,Protect,TrickRoom|Calm||M|||50|]Incineroar||Charcoal|Intimidate|FlareBlitz,DarkestLariat,FakeOut,PartingShot|Brave||F|||50|
|inactive|Battle timer is ON: inactive players will automatically lose when time's up. (requested by Keith Jones)
|
|t:|1783557790
|teamsize|p1|4
|teamsize|p2|4
|start
|switch|p1a: Hydreigon|Hydreigon, L50, M|100/100
|switch|p1b: Aerodactyl|Aerodactyl, L50, F|100/100
|switch|p2a: Charizard|Charizard, L50, M|100/100
|switch|p2b: Gangle|Sylveon, L50, F|100/100
|-ability|p1b: Aerodactyl|Unnerve
|turn|1
|
|t:|1783557805
|switch|p2a: Incineroar|Incineroar, L50, F|100/100
|-ability|p2a: Incineroar|Intimidate|boost
|-unboost|p1a: Hydreigon|atk|1
|-unboost|p1b: Aerodactyl|atk|1
|move|p1a: Hydreigon|Dark Pulse|p2b: Gangle
|-resisted|p2b: Gangle|1
|-damage|p2b: Gangle|81/100
|move|p1b: Aerodactyl|Rock Slide|p2b: Gangle|[spread] p2a,p2b
|-supereffective|p2a: Incineroar|1
|-damage|p2a: Incineroar|67/100
|-damage|p2b: Gangle|61/100
|cant|p2b: Gangle|flinch
|
|upkeep
|turn|2
|
|t:|1783557824
|switch|p1a: Lopunny|Lopunny, L50, F|100/100
|move|p1b: Aerodactyl|Protect|p1b: Aerodactyl
|-singleturn|p1b: Aerodactyl|Protect
|move|p2a: Incineroar|Fake Out|p1b: Aerodactyl
|-activate|p1b: Aerodactyl|move: Protect
|move|p2b: Gangle|Hyper Voice|p1a: Lopunny|[spread] p1a
|-activate|p1b: Aerodactyl|move: Protect
|-damage|p1a: Lopunny|35/100
|
|upkeep
|turn|3
|
|t:|1783557840
|switch|p2b: Zooble|Farigiraf, L50, M|100/100
|detailschange|p1a: Lopunny|Lopunny-Mega, L50, F
|-mega|p1a: Lopunny|Lopunny|Lopunnite
|move|p1a: Lopunny|Close Combat|p2a: Incineroar
|-supereffective|p2a: Incineroar|1
|-damage|p2a: Incineroar|0 fnt
|-unboost|p1a: Lopunny|def|1
|-unboost|p1a: Lopunny|spd|1
|faint|p2a: Incineroar
|move|p1b: Aerodactyl|Rock Slide|p2b: Zooble
|-damage|p2b: Zooble|78/100
|
|upkeep
|
|t:|1783557850
|switch|p2a: Gangle|Sylveon, L50, F|61/100
|turn|4
|
|t:|1783557855
|move|p2a: Gangle|Protect|p2a: Gangle
|-singleturn|p2a: Gangle|Protect
|move|p1a: Lopunny|Giga Impact|p2b: Zooble
|-damage|p2b: Zooble|9/100
|-mustrecharge|p1a: Lopunny
|move|p1b: Aerodactyl|Rock Slide|p2b: Zooble|[spread] p2b
|-activate|p2a: Gangle|move: Protect
|-damage|p2b: Zooble|0 fnt
|faint|p2b: Zooble
|
|upkeep
|
|t:|1783557861
|switch|p2b: Charizard|Charizard, L50, M|100/100
|turn|5
|
|t:|1783557870
|detailschange|p2b: Charizard|Charizard-Mega-Y, L50, M
|-mega|p2b: Charizard|Charizard|Charizardite Y
|-weather|SunnyDay|[from] ability: Drought|[of] p2b: Charizard
|cant|p1a: Lopunny|recharge
|move|p1b: Aerodactyl|Rock Slide|p2b: Charizard|[spread] p2a
|-miss|p1b: Aerodactyl|p2b: Charizard
|-damage|p2a: Gangle|43/100
|move|p2b: Charizard|Solar Beam||[still]
|-prepare|p2b: Charizard|Solar Beam
|-anim|p2b: Charizard|Solar Beam|p1b: Aerodactyl
|-damage|p1b: Aerodactyl|32/100
|move|p2a: Gangle|Hyper Voice|p1a: Lopunny|[spread] p1a,p1b
|-supereffective|p1a: Lopunny|1
|-damage|p1a: Lopunny|0 fnt
|-damage|p1b: Aerodactyl|0 fnt
|faint|p1a: Lopunny
|faint|p1b: Aerodactyl
|
|-weather|SunnyDay|[upkeep]
|upkeep
|
|t:|1783557884
|switch|p1a: Hydreigon|Hydreigon, L50, M|100/100
|switch|p1b: Meowscarada|Meowscarada, L50, F|100/100
|turn|6
|
|t:|1783557903
|move|p2a: Gangle|Protect|p2a: Gangle
|-singleturn|p2a: Gangle|Protect
|move|p1a: Hydreigon|Dark Pulse|p2b: Charizard
|-damage|p2b: Charizard|58/100
|move|p1b: Meowscarada|Flower Trick|p2a: Gangle
|-activate|p2a: Gangle|move: Protect
|move|p2b: Charizard|Weather Ball|p1b: Meowscarada
|-supereffective|p1b: Meowscarada|1
|-damage|p1b: Meowscarada|0 fnt
|faint|p1b: Meowscarada
|
|-weather|SunnyDay|[upkeep]
|upkeep
|turn|7
|-message|Keith Jones forfeited.
|
|win|EggoWafflez
|raw|Keith Jones's rating: 1419 → 1398(-21 for losing)
|raw|EggoWafflez's rating: 1405 → 1426(+21 for winning)
