|j|☆belinvgc
|j|☆thegreatestnone
|html|belinvgcthegreatestnone    
|uhtml|bestof|Game 1 of a best-of-3
|t:|1785177955
|gametype|doubles
|player|p1|belinvgc|101|1221
|player|p2|thegreatestnone|169|1123
|gen|9
|tier|[Gen 9 Champions] VGC 2026 Reg M-B (Bo3)
|rated|
|rule|Species Clause: Limit one of each Pokémon
|rule|Item Clause: Limit 1 of each item
|clearpoke
|poke|p1|Tyranitar, L50, F|
|poke|p1|Garchomp, L50, F|
|poke|p1|Gholdengo, L50|
|poke|p1|Milotic, L50, M|
|poke|p1|Sinistcha, L50|
|poke|p1|Staraptor, L50, M|
|poke|p2|Staraptor, L50, M|
|poke|p2|Vanilluxe, L50, M|
|poke|p2|Farigiraf, L50, F|
|poke|p2|Blastoise, L50, M|
|poke|p2|Kingambit, L50, F|
|poke|p2|Camerupt, L50, M|
|teampreview|4
|showteam|p1|Tyranitar||Tyranitarite|SandStream|RockSlide,KnockOff,DragonDance,Protect|Jolly||F|||50|]Garchomp||LifeOrb|RoughSkin|DragonClaw,StompingTantrum,Earthquake,Protect|Jolly||F|||50|]Gholdengo||SitrusBerry|GoodasGold|MakeItRain,ShadowBall,NastyPlot,Protect|Modest|||||50|]Milotic||Leftovers|Competitive|Scald,IcyWind,Recover,Protect|Calm||M|||50|]Sinistcha||ColburBerry|Hospitality|MatchaGotcha,RagePowder,TrickRoom,Protect|Bold|||||50|]Staraptor||Staraptite|Intimidate|BraveBird,CloseCombat,Tailwind,Protect|Jolly||M|||50|
|showteam|p2|Staraptor||ChoiceScarf|Intimidate|FinalGambit,BraveBird,CloseCombat,Uturn|Jolly||M|||50|]Vanilluxe||NeverMeltIce|SnowWarning|Blizzard,FreezeDry,Protect,IceShard|Quiet||M|||50|]Farigiraf||SitrusBerry|ArmorTail|PsychicFangs,HyperVoice,HelpingHand,TrickRoom|Relaxed||F|||50|]Blastoise||Blastoisinite|RainDish|FakeOut,WaterSpout,AuraSphere,DarkPulse|Quiet||M|||50|]Kingambit||LifeOrb|Defiant|KowtowCleave,IronHead,Protect,SuckerPunch|Brave||F|||50|]Camerupt||Cameruptite|SolidRock|HeatWave,EarthPower,Protect,AncientPower|Quiet||M|||50|
|
|t:|1785178031
|teamsize|p1|4
|teamsize|p2|4
|start
|switch|p1a: Tyranitar|Tyranitar, L50, F|100/100
|switch|p1b: Sinistcha|Sinistcha, L50|100/100
|switch|p2a: Farigiraf|Farigiraf, L50, F|100/100
|switch|p2b: Blastoise|Blastoise, L50, M|100/100
|-weather|Sandstorm|[from] ability: Sand Stream|[of] p1a: Tyranitar
|turn|1
|
|t:|1785178087
|detailschange|p1a: Tyranitar|Tyranitar-Mega, L50, F
|-mega|p1a: Tyranitar|Tyranitar|Tyranitarite
|move|p2a: Farigiraf|Helping Hand|p2b: Blastoise
|-singleturn|p2b: Blastoise|Helping Hand|[of] p2a: Farigiraf
|move|p1a: Tyranitar|Rock Slide|p2b: Blastoise|[spread] p2a,p2b
|-damage|p2a: Farigiraf|74/100
|-damage|p2b: Blastoise|67/100
|move|p1b: Sinistcha|Matcha Gotcha|p2a: Farigiraf|[spread] p2a,p2b
|-supereffective|p2b: Blastoise|1
|-damage|p2a: Farigiraf|54/100
|-damage|p2b: Blastoise|24/100
|move|p2b: Blastoise|Dark Pulse|p1b: Sinistcha
|-supereffective|p1b: Sinistcha|1
|-enditem|p1b: Sinistcha|Colbur Berry|[eat]
|-enditem|p1b: Sinistcha|Colbur Berry|[weaken]
|-damage|p1b: Sinistcha|63/100
|
|-weather|Sandstorm|[upkeep]
|-damage|p1b: Sinistcha|57/100|[from] Sandstorm
|-damage|p2b: Blastoise|18/100|[from] Sandstorm
|-damage|p2a: Farigiraf|47/100|[from] Sandstorm
|-enditem|p2a: Farigiraf|Sitrus Berry|[eat]
|-heal|p2a: Farigiraf|72/100|[from] item: Sitrus Berry
|upkeep
|turn|2
|
|t:|1785178125
|move|p1a: Tyranitar|Knock Off|p2a: Farigiraf
|-supereffective|p2a: Farigiraf|1
|-damage|p2a: Farigiraf|13/100
|move|p1b: Sinistcha|Matcha Gotcha|p2a: Farigiraf|[spread] p2a
|-miss|p1b: Sinistcha|p2b: Blastoise
|-damage|p2a: Farigiraf|0 fnt
|-heal|p1b: Sinistcha|66/100|[from] drain|[of] p2a: Farigiraf
|faint|p2a: Farigiraf
|move|p2b: Blastoise|Aura Sphere|p1a: Tyranitar
|-supereffective|p1a: Tyranitar|2
|-damage|p1a: Tyranitar|48/100
|
|-weather|Sandstorm|[upkeep]
|-damage|p1b: Sinistcha|59/100|[from] Sandstorm
|-damage|p2b: Blastoise|12/100|[from] Sandstorm
|upkeep
|
|t:|1785178140
|switch|p2a: Vanilluxe|Vanilluxe, L50, M|100/100
|-weather|Snowscape|[from] ability: Snow Warning|[of] p2a: Vanilluxe
|turn|3
|
|t:|1785178160
|move|p1a: Tyranitar|Rock Slide|p2b: Blastoise|[spread] p2a,p2b
|-supereffective|p2a: Vanilluxe|1
|-damage|p2a: Vanilluxe|46/100
|-damage|p2b: Blastoise|0 fnt
|faint|p2b: Blastoise
|move|p1b: Sinistcha|Matcha Gotcha|p2a: Vanilluxe
|-damage|p2a: Vanilluxe|13/100
|-heal|p1b: Sinistcha|76/100|[from] drain|[of] p2a: Vanilluxe
|move|p2a: Vanilluxe|Blizzard|p1a: Tyranitar|[spread] p1a,p1b
|-supereffective|p1b: Sinistcha|1
|-damage|p1a: Tyranitar|9/100
|-damage|p1b: Sinistcha|0 fnt
|faint|p1b: Sinistcha
|
|-weather|Snowscape|[upkeep]
|upkeep
|
|t:|1785178236
|switch|p1b: Gholdengo|Gholdengo, L50|100/100
|switch|p2b: Camerupt|Camerupt, L50, M|100/100
|turn|4
|
|t:|1785178257
|detailschange|p2b: Camerupt|Camerupt-Mega, L50, M
|-mega|p2b: Camerupt|Camerupt|Cameruptite
|move|p2a: Vanilluxe|Ice Shard|p1a: Tyranitar
|-damage|p1a: Tyranitar|0 fnt
|faint|p1a: Tyranitar
|move|p1b: Gholdengo|Shadow Ball|p2b: Camerupt
|-damage|p2b: Camerupt|57/100
|move|p2b: Camerupt|Earth Power|p1b: Gholdengo
|-supereffective|p1b: Gholdengo|1
|-damage|p1b: Gholdengo|0 fnt
|faint|p1b: Gholdengo
|
|-weather|Snowscape|[upkeep]
|upkeep
|
|t:|1785178273
|switch|p1a: Milotic|Milotic, L50, M|100/100
|turn|5
|
|t:|1785178284
|move|p1a: Milotic|Scald|p2a: Vanilluxe
|-damage|p2a: Vanilluxe|0 fnt
|faint|p2a: Vanilluxe
|move|p2b: Camerupt|Earth Power|p1a: Milotic
|-damage|p1a: Milotic|50/100y
|
|-weather|Snowscape|[upkeep]
|-heal|p1a: Milotic|56/100|[from] item: Leftovers
|upkeep
|turn|6
|
|t:|1785178293
|move|p1a: Milotic|Scald|p2b: Camerupt
|-supereffective|p2b: Camerupt|2
|-damage|p2b: Camerupt|0 fnt
|faint|p2b: Camerupt
|
|win|belinvgc
||thegreatestnone is ready for game 2.
||belinvgc is ready for game 2.
|uhtml|next|Next: Game 2 of 3
|l|☆thegreatestnone
|player|p2|
