|j|☆Gamerbmac89
|j|☆jsbdjsjsbs
|html|Gamerbmac89jsbdjsjsbs    
|uhtml|bestof|Game 3 of a best-of-3
|t:|1783468326
|gametype|doubles
|player|p1|Gamerbmac89|red|1080
|player|p2|jsbdjsjsbs|169|1044
|gen|9
|tier|[Gen 9 Champions] VGC 2026 Reg M-B (Bo3)
|rated|
|rule|Species Clause: Limit one of each Pokémon
|rule|Item Clause: Limit 1 of each item
|clearpoke
|poke|p1|Mamoswine, L50, F|
|poke|p1|Charizard, L50, F|
|poke|p1|Whimsicott, L50, F|
|poke|p1|Annihilape, L50, F|
|poke|p1|Farigiraf, L50, M|
|poke|p1|Floette-Eternal, L50, F|
|poke|p2|Grimmsnarl, L50, M, shiny|
|poke|p2|Floette-Eternal, L50, F|
|poke|p2|Sinistcha, L50|
|poke|p2|Basculegion, L50, M|
|poke|p2|Aerodactyl, L50, F|
|poke|p2|Sneasler, L50, F|
|teampreview|4
|showteam|p1|Mamoswine||LifeOrb|Oblivious|IceShard,HighHorsepower,IcicleCrash,Protect|Adamant||F|||50|]Charizard||CharizarditeY|Blaze|HeatWave,WeatherBall,SolarBeam,Protect|Timid||F|||50|]Whimsicott||FocusSash|Prankster|Moonblast,Tailwind,Encore,BeatUp|Timid||F|||50|]Annihilape||Leftovers|Defiant|RageFist,DrainPunch,BulkUp,Protect|Adamant||F|||50|]Farigiraf||SitrusBerry|ArmorTail|Psychic,Thunderbolt,HelpingHand,TrickRoom|Bold||M|||50|]Floette-Eternal||Floettite|FlowerVeil|Moonblast,CalmMind,DrainingKiss,Protect|Modest||F|||50|
|showteam|p2|Grimmsnarl||LightClay|Prankster|PartingShot,FoulPlay,Reflect,FakeOut|Jolly||M|||50|]Floette-Eternal||Floettite|FlowerVeil|Moonblast,CalmMind,DazzlingGleam,Protect|Timid||F|||50|]Sinistcha||SitrusBerry|Hospitality|FoulPlay,MatchaGotcha,RagePowder,StrengthSap|Calm|||||50|]Basculegion||ChoiceScarf|Adaptability|FlipTurn,LastRespects,AquaJet,WaveCrash|Jolly||M|||50|]Aerodactyl||Aerodactylite|Unnerve|DualWingbeat,Tailwind,RockSlide,IceFang|Adamant||F|||50|]Sneasler||WhiteHerb|PoisonTouch|DireClaw,FakeOut,CloseCombat,Acrobatics|Jolly||F|||50|
|
|t:|1783468355
|teamsize|p1|4
|teamsize|p2|4
|start
|switch|p1a: Whimsicott|Whimsicott, L50, F|100/100
|switch|p1b: Mamoswine|Mamoswine, L50, F|100/100
|switch|p2a: Basculegion|Basculegion, L50, M|100/100
|switch|p2b: Grimmsnarl|Grimmsnarl, L50, M, shiny|100/100
|turn|1
|inactive|Battle timer is ON: inactive players will automatically lose when time's up. (requested by jsbdjsjsbs)
|
|t:|1783468383
|move|p1b: Mamoswine|Protect|p1b: Mamoswine
|-singleturn|p1b: Mamoswine|Protect
|move|p2b: Grimmsnarl|Fake Out|p1a: Whimsicott
|-damage|p1a: Whimsicott|84/100
|cant|p1a: Whimsicott|flinch
|move|p2a: Basculegion|Flip Turn|p1b: Mamoswine
|-activate|p1b: Mamoswine|move: Protect
|
|upkeep
|turn|2
|
|t:|1783468399
|switch|p1b: Annihilape|Annihilape, L50, F|100/100
|move|p1a: Whimsicott|Tailwind|p1a: Whimsicott
|-sidestart|p1: Gamerbmac89|move: Tailwind
|move|p2b: Grimmsnarl|Reflect|p2b: Grimmsnarl
|-sidestart|p2: jsbdjsjsbs|Reflect
|move|p2a: Basculegion|Flip Turn|p1b: Annihilape
|-damage|p1b: Annihilape|62/100
|
|t:|1783468409
|switch|p2a: Floette|Floette-Eternal, L50, F|100/100|[from] Flip Turn
|
|-heal|p1b: Annihilape|68/100|[from] item: Leftovers
|upkeep
|turn|3
|inactive|jsbdjsjsbs has 30 seconds left.
|
|t:|1783468445
|detailschange|p2a: Floette|Floette-Mega, L50, F
|-mega|p2a: Floette|Floette|Floettite
|-ability|p2a: Floette|Fairy Aura
|move|p1a: Whimsicott|Moonblast|p2a: Floette
|-damage|p2a: Floette|59/100
|move|p1b: Annihilape|Rage Fist|p2a: Floette
|-crit|p2a: Floette
|-damage|p2a: Floette|0 fnt
|faint|p2a: Floette
|move|p2b: Grimmsnarl|Foul Play|p1b: Annihilape
|-damage|p1b: Annihilape|16/100
|
|-heal|p1b: Annihilape|22/100|[from] item: Leftovers
|upkeep
|
|t:|1783468463
|switch|p2a: Sinistcha|Sinistcha, L50|100/100
|turn|4
|
|t:|1783468479
|move|p1a: Whimsicott|Moonblast|p2a: Sinistcha
|-damage|p2a: Sinistcha|66/100
|-unboost|p2a: Sinistcha|spa|1
|move|p1b: Annihilape|Rage Fist|p2a: Sinistcha
|-supereffective|p2a: Sinistcha|1
|-damage|p2a: Sinistcha|0 fnt
|faint|p2a: Sinistcha
|move|p2b: Grimmsnarl|Foul Play|p1b: Annihilape
|-damage|p1b: Annihilape|0 fnt
|faint|p1b: Annihilape
|
|upkeep
|
|t:|1783468493
|switch|p1b: Charizard|Charizard, L50, F|100/100
|switch|p2a: Basculegion|Basculegion, L50, M|100/100
|turn|5
|
|t:|1783468507
|detailschange|p1b: Charizard|Charizard-Mega-Y, L50, F
|-mega|p1b: Charizard|Charizard|Charizardite Y
|-weather|SunnyDay|[from] ability: Drought|[of] p1b: Charizard
|move|p2b: Grimmsnarl|Parting Shot|p1b: Charizard
|-unboost|p1b: Charizard|atk|1
|-unboost|p1b: Charizard|spa|1
|move|p1a: Whimsicott|Moonblast|p2a: Basculegion
|-damage|p2a: Basculegion|59/100
|move|p1b: Charizard|Solar Beam||[still]
|-prepare|p1b: Charizard|Solar Beam
|-anim|p1b: Charizard|Solar Beam|p2a: Basculegion
|-supereffective|p2a: Basculegion|1
|-damage|p2a: Basculegion|0 fnt
|faint|p2a: Basculegion
|
|-weather|SunnyDay|[upkeep]
|-sideend|p1: Gamerbmac89|move: Tailwind
|upkeep
|turn|6
|l|☆jsbdjsjsbs
|inactive|jsbdjsjsbs disconnected and has a minute to reconnect!
|player|p2|
|inactive|jsbdjsjsbs has 30 seconds left.
|inactive|jsbdjsjsbs has 20 seconds left.
|inactive|jsbdjsjsbs has 15 seconds left.
|inactive|jsbdjsjsbs has 10 seconds left.
|inactive|jsbdjsjsbs has 5 seconds left.
|-message|jsbdjsjsbs lost due to inactivity.
|
|win|Gamerbmac89
|raw|Gamerbmac89's rating: 1080 → 1105(+25 for winning)
|raw|jsbdjsjsbs's rating: 1044 → 1029(-15 for losing)
