|j|☆Arhanjunior
|j|☆KadGuyMan
|html|ArhanjuniorKadGuyMan    
|uhtml|bestof|Game 2 of a best-of-3
|t:|1782593835
|gametype|doubles
|player|p1|Arhanjunior|266|1000
|player|p2|KadGuyMan|hugh|1000
|gen|9
|tier|[Gen 9 Champions] VGC 2026 Reg M-B (Bo3)
|rated|
|rule|Species Clause: Limit one of each Pokémon
|rule|Item Clause: Limit 1 of each item
|clearpoke
|poke|p1|Swampert, L50, M|
|poke|p1|Pelipper, L50, F|
|poke|p1|Archaludon, L50, M|
|poke|p1|Sinistcha, L50|
|poke|p1|Maushold-Four, L50|
|poke|p1|Gholdengo, L50|
|poke|p2|Volcarona, L50, F, shiny|
|poke|p2|Talonflame, L50, F|
|poke|p2|Primarina, L50, M|
|poke|p2|Rotom-Mow, L50|
|poke|p2|Glimmora, L50, F|
|poke|p2|Metagross, L50|
|teampreview|4
|showteam|p1|Swampert||Swampertite|Torrent|HighHorsepower,WaveCrash,IcePunch,Protect|Adamant||M|||50|]Pelipper||FocusSash|Drizzle|Hurricane,WeatherBall,Tailwind,WideGuard|Modest||F|||50|]Archaludon||Leftovers|Stamina|DragonPulse,ElectroShot,AuraSphere,Protect|Modest||M|||50|]Sinistcha||SitrusBerry|Hospitality|MatchaGotcha,TrickRoom,RagePowder,LifeDew|Bold|||||50|]Maushold-Four||ChopleBerry|FriendGuard|SuperFang,FollowMe,RainDance,Protect|Timid|||||50|]Gholdengo||LifeOrb|GoodasGold|MakeItRain,ShadowBall,NastyPlot,Protect|Modest|||||50|
|showteam|p2|Volcarona||LifeOrb|FlameBody|Protect,QuiverDance,BugBuzz,HeatWave|Modest||F|||50|]Talonflame||SharpBeak|GaleWings|Protect,Tailwind,BraveBird,FlareBlitz|Adamant||F|||50|]Primarina||Leftovers|LiquidVoice|Protect,IceBeam,HyperVoice,Moonblast|Calm||M|||50|]Rotom-Mow||WhiteHerb|Levitate|Protect,NastyPlot,Thunderbolt,LeafStorm|Modest|||||50|]Glimmora||ChoiceScarf|ToxicDebris|EnergyBall,PowerGem,SludgeBomb,EarthPower|Modest||F|||50|]Metagross||Metagrossite|ClearBody|Protect,BulletPunch,PsychicFangs,StompingTantrum|Adamant|||||50|
|inactive|Battle timer is ON: inactive players will automatically lose when time's up. (requested by KadGuyMan)
|
|t:|1782593855
|teamsize|p1|4
|teamsize|p2|4
|start
|switch|p1a: Swampert|Swampert, L50, M|100/100
|switch|p1b: Pelipper|Pelipper, L50, F|100/100
|switch|p2a: Rotom|Rotom-Mow, L50|100/100
|switch|p2b: Glimmora|Glimmora, L50, F|100/100
|-weather|RainDance|[from] ability: Drizzle|[of] p1b: Pelipper
|turn|1
|
|t:|1782593866
|move|p2b: Glimmora|Power Gem|p1b: Pelipper
|-supereffective|p1b: Pelipper|1
|-enditem|p1b: Pelipper|Focus Sash
|-damage|p1b: Pelipper|1/100
|move|p1b: Pelipper|Weather Ball|p2b: Glimmora
|-supereffective|p2b: Glimmora|1
|-damage|p2b: Glimmora|0 fnt
|faint|p2b: Glimmora
|move|p2a: Rotom|Leaf Storm|p1a: Swampert
|-supereffective|p1a: Swampert|2
|-damage|p1a: Swampert|0 fnt
|-unboost|p2a: Rotom|spa|2
|faint|p1a: Swampert
|-enditem|p2a: Rotom|White Herb
|-clearnegativeboost|p2a: Rotom|[silent]
|
|-weather|RainDance|[upkeep]
|upkeep
|c|☆Arhanjunior|lmfao I didnt click mega
|inactive|Arhanjunior has 30 seconds left.
|
|t:|1782593893
|switch|p2b: Metagross|Metagross, L50|100/100
|switch|p1a: Archaludon|Archaludon, L50, M|100/100
|turn|2
|
|t:|1782593906
|detailschange|p2b: Metagross|Metagross-Mega, L50
|-mega|p2b: Metagross|Metagross|Metagrossite
|move|p2b: Metagross|Stomping Tantrum|p1a: Archaludon
|-supereffective|p1a: Archaludon|1
|-damage|p1a: Archaludon|42/100
|-ability|p1a: Archaludon|Stamina|boost
|-boost|p1a: Archaludon|def|1
|move|p1b: Pelipper|Hurricane|p2a: Rotom
|-damage|p2a: Rotom|49/100
|move|p1a: Archaludon|Electro Shot||[still]
|-prepare|p1a: Archaludon|Electro Shot
|-boost|p1a: Archaludon|spa|1
|-anim|p1a: Archaludon|Electro Shot|p2b: Metagross
|-damage|p2b: Metagross|45/100
|move|p2a: Rotom|Thunderbolt|p1b: Pelipper
|-supereffective|p1b: Pelipper|2
|-damage|p1b: Pelipper|0 fnt
|faint|p1b: Pelipper
|
|-weather|RainDance|[upkeep]
|-heal|p1a: Archaludon|48/100|[from] item: Leftovers
|upkeep
|
|t:|1782593920
|switch|p1b: Sinistcha|Sinistcha, L50|100/100
|-heal|p1a: Archaludon|73/100|[from] ability: Hospitality|[of] p1b: Sinistcha
|turn|3
|
|t:|1782593934
|move|p1b: Sinistcha|Rage Powder|p1b: Sinistcha
|-singleturn|p1b: Sinistcha|move: Rage Powder
|move|p2b: Metagross|Psychic Fangs|p1b: Sinistcha
|-damage|p1b: Sinistcha|43/100
|-enditem|p1b: Sinistcha|Sitrus Berry|[eat]
|-heal|p1b: Sinistcha|68/100|[from] item: Sitrus Berry
|move|p1a: Archaludon|Electro Shot||[still]
|-prepare|p1a: Archaludon|Electro Shot
|-boost|p1a: Archaludon|spa|1
|-anim|p1a: Archaludon|Electro Shot|p2b: Metagross
|-damage|p2b: Metagross|0 fnt
|faint|p2b: Metagross
|move|p2a: Rotom|Nasty Plot|p2a: Rotom
|-boost|p2a: Rotom|spa|2
|
|-weather|RainDance|[upkeep]
|-heal|p1a: Archaludon|79/100|[from] item: Leftovers
|upkeep
|
|t:|1782593946
|switch|p2b: Talonflame|Talonflame, L50, F|100/100
|turn|4
|inactive|Arhanjunior has 30 seconds left.
|inactive|Arhanjunior has 20 seconds left.
|
|t:|1782593984
|move|p2b: Talonflame|Brave Bird|p1b: Sinistcha
|-supereffective|p1b: Sinistcha|1
|-damage|p1b: Sinistcha|0 fnt
|faint|p1b: Sinistcha
|-damage|p2b: Talonflame|74/100|[from] Recoil
|move|p1a: Archaludon|Electro Shot||[still]
|-prepare|p1a: Archaludon|Electro Shot
|-boost|p1a: Archaludon|spa|1
|-anim|p1a: Archaludon|Electro Shot|p2a: Rotom
|-resisted|p2a: Rotom|2
|-damage|p2a: Rotom|22/100
|move|p2a: Rotom|Thunderbolt|p1a: Archaludon
|-resisted|p1a: Archaludon|1
|-damage|p1a: Archaludon|38/100
|-ability|p1a: Archaludon|Stamina|boost
|-boost|p1a: Archaludon|def|1
|
|-weather|RainDance|[upkeep]
|-heal|p1a: Archaludon|44/100|[from] item: Leftovers
|upkeep
|turn|5
|
|t:|1782594001
|move|p2b: Talonflame|Protect|p2b: Talonflame
|-singleturn|p2b: Talonflame|Protect
|move|p1a: Archaludon|Dragon Pulse|p2a: Rotom
|-damage|p2a: Rotom|0 fnt
|faint|p2a: Rotom
|
|-weather|none
|-heal|p1a: Archaludon|50/100g|[from] item: Leftovers
|upkeep
|turn|6
|
|t:|1782594012
|move|p2b: Talonflame|Flare Blitz|p1a: Archaludon
|-damage|p1a: Archaludon|30/100
|-status|p1a: Archaludon|brn
|-ability|p1a: Archaludon|Stamina|boost
|-boost|p1a: Archaludon|def|1
|-damage|p2b: Talonflame|65/100|[from] Recoil
|move|p1a: Archaludon|Dragon Pulse|p2b: Talonflame
|-damage|p2b: Talonflame|0 fnt
|faint|p2b: Talonflame
|
|win|Arhanjunior
|raw|Arhanjunior's rating: 1000 → 1040(+40 for winning)
|raw|KadGuyMan's rating: 1000 → 1000(+0 for losing)
|l|☆KadGuyMan
|player|p2|
