|j|☆T8mcrae
|j|☆seemeier
|html|T8mcraeseemeier    
|uhtml|bestof|Game 2 of a best-of-3
|t:|1756914182
|gametype|doubles
|player|p1|T8mcrae|169|1235
|player|p2|seemeier|2|1147
|gen|9
|tier|[Gen 9] VGC 2025 Reg H (Bo3)
|rated|
|rule|Species Clause: Limit one of each Pokémon
|rule|Item Clause: Limit 1 of each item
|clearpoke
|poke|p1|Annihilape, L50, M|
|poke|p1|Gholdengo, L50|
|poke|p1|Maushold, L50|
|poke|p1|Rillaboom, L50, M|
|poke|p1|Vivillon-Ocean, L50, F|
|poke|p1|Ninetales-Alola, L50, F|
|poke|p2|Magmar, L50, M|
|poke|p2|Sneasler, L50, M|
|poke|p2|Rillaboom, L50, F|
|poke|p2|Kingambit, L50, M|
|poke|p2|Ninetales-Alola, L50, M|
|poke|p2|Dragapult, L50, M|
|teampreview|4
|showteam|p1|Annihilape||SafetyGoggles|Defiant|RageFist,DrainPunch,BulkUp,Protect|||M|||50|,,,,,Fire]Gholdengo||LifeOrb|GoodasGold|MakeItRain,ShadowBall,NastyPlot,Protect||||||50|,,,,,Dragon]Maushold||WideLens|FriendGuard|PopulationBomb,FollowMe,BeatUp,Protect||||||50|,,,,,Grass]Rillaboom||AssaultVest|GrassySurge|FakeOut,GrassyGlide,DrumBeating,HighHorsepower|||M|||50|,,,,,Fire]Vivillon-Ocean||FocusSash|CompoundEyes|Hurricane,SleepPowder,Tailwind,Protect|||F|||50|,,,,,Ghost]Ninetales-Alola||ChoiceSpecs|SnowWarning|Blizzard,FreezeDry,DazzlingGleam,Moonblast|||F|||50|,,,,,Ghost
|showteam|p2|Magmar||Eviolite|FlameBody|Protect,FollowMe,Taunt,Overheat|||M|||50|,,,,,Grass]Sneasler||GrassySeed|Unburden|Protect,CloseCombat,DireClaw,FakeOut|||M|||50|,,,,,Dark]Rillaboom||AssaultVest|GrassySurge|FakeOut,Uturn,GrassyGlide,WoodHammer|||F|||50|,,,,,Fire]Kingambit||SafetyGoggles|Defiant|Protect,SuckerPunch,KowtowCleave,SwordsDance|||M|||50|,,,,,Dark]Ninetales-Alola||LightClay|SnowWarning|Protect,AuroraVeil,Blizzard,FreezeDry|||M|||50|,,,,,Ice]Dragapult||ChoiceBand|ClearBody|DragonDarts,Uturn,TeraBlast,SuckerPunch|||M|||50|,,,,,Ghost
|inactive|Battle timer is ON: inactive players will automatically lose when time's up. (requested by seemeier)
|j| Auragap
|inactive|T8mcrae has 60 seconds left.
|
|t:|1756914235
|teamsize|p1|4
|teamsize|p2|4
|start
|switch|p1a: Maushold|Maushold, L50, shiny|100/100
|switch|p1b: Annihilape|Annihilape, L50, M, shiny|100/100
|switch|p2a: Ninetales|Ninetales-Alola, L50, M, shiny|100/100
|switch|p2b: Dragapult|Dragapult, L50, M, shiny|100/100
|-weather|Snowscape|[from] ability: Snow Warning|[of] p2a: Ninetales
|turn|1
|
|t:|1756914260
|move|p1a: Maushold|Follow Me|p1a: Maushold
|-singleturn|p1a: Maushold|move: Follow Me
|move|p2b: Dragapult|U-turn|p1a: Maushold
|-damage|p1a: Maushold|43/100
|inactive|seemeier has 30 seconds left.
|
|t:|1756914290
|switch|p2b: Rillaboom|Rillaboom, L50, F, shiny|100/100|[from] U-turn
|-fieldstart|move: Grassy Terrain|[from] ability: Grassy Surge|[of] p2b: Rillaboom
|move|p2a: Ninetales|Aurora Veil|p2a: Ninetales
|-sidestart|p2: seemeier|move: Aurora Veil
|move|p1b: Annihilape|Bulk Up|p1b: Annihilape
|-boost|p1b: Annihilape|atk|1
|-boost|p1b: Annihilape|def|1
|
|-weather|Snowscape|[upkeep]
|-heal|p1a: Maushold|49/100|[from] Grassy Terrain
|upkeep
|turn|2
|inactive|T8mcrae has 30 seconds left.
|inactive|seemeier has 30 seconds left.
|inactive|seemeier has 20 seconds left.
|inactive|seemeier has 15 seconds left.
|inactive|seemeier has 10 seconds left.
|inactive|seemeier has 5 seconds left.
|
|t:|1756914345
|-terastallize|p1b: Annihilape|Fire
|move|p1a: Maushold|Protect|p1a: Maushold
|-singleturn|p1a: Maushold|Protect
|move|p2a: Ninetales|Protect|p2a: Ninetales
|-singleturn|p2a: Ninetales|Protect
|move|p2b: Rillaboom|Fake Out|p1b: Annihilape
|-damage|p1b: Annihilape|93/100
|cant|p1b: Annihilape|flinch
|
|-weather|Snowscape|[upkeep]
|-heal|p1a: Maushold|56/100|[from] Grassy Terrain
|-heal|p1b: Annihilape|99/100|[from] Grassy Terrain
|upkeep
|turn|3
|inactive|seemeier has 30 seconds left.
|inactive|T8mcrae has 30 seconds left.
|inactive|seemeier has 20 seconds left.
|inactive|seemeier has 15 seconds left.
|inactive|seemeier has 10 seconds left.
|
|t:|1756914395
|move|p1a: Maushold|Beat Up|p1b: Annihilape
|-damage|p1b: Annihilape|98/100
|-damage|p1b: Annihilape|96/100
|-damage|p1b: Annihilape|93/100
|-damage|p1b: Annihilape|91/100
|-hitcount|p1b: Annihilape|4
|move|p2a: Ninetales|Blizzard|p1a: Maushold|[spread] p1a,p1b
|-resisted|p1b: Annihilape
|-damage|p1a: Maushold|7/100
|-damage|p1b: Annihilape|82/100
|move|p1b: Annihilape|Bulk Up|p1b: Annihilape
|-boost|p1b: Annihilape|atk|1
|-boost|p1b: Annihilape|def|1
|move|p2b: Rillaboom|U-turn|p1a: Maushold
|-damage|p1a: Maushold|0 fnt
|faint|p1a: Maushold
|inactive|seemeier has 30 seconds left.
|inactive|seemeier has 20 seconds left.
|
|t:|1756914434
|switch|p2b: Sneasler|Sneasler, L50, M, shiny|100/100|[from] U-turn
|-enditem|p2b: Sneasler|Grassy Seed
|-boost|p2b: Sneasler|def|1|[from] item: Grassy Seed
|
|-weather|Snowscape|[upkeep]
|-heal|p1b: Annihilape|88/100|[from] Grassy Terrain
|upkeep
|inactive|T8mcrae has 30 seconds left.
|
|t:|1756914459
|switch|p1a: Rillaboom|Rillaboom, L50, M, shiny|100/100
|turn|4
|
|t:|1756914475
|move|p2b: Sneasler|Protect|p2b: Sneasler
|-singleturn|p2b: Sneasler|Protect
|move|p2a: Ninetales|Protect|p2a: Ninetales
|-singleturn|p2a: Ninetales|Protect
|move|p1a: Rillaboom|Fake Out|p2a: Ninetales
|-activate|p2a: Ninetales|move: Protect
|move|p1b: Annihilape|Bulk Up|p1b: Annihilape
|-boost|p1b: Annihilape|atk|1
|-boost|p1b: Annihilape|def|1
|
|-weather|Snowscape|[upkeep]
|-heal|p1b: Annihilape|94/100|[from] Grassy Terrain
|upkeep
|turn|5
|
|t:|1756914498
|move|p2b: Sneasler|Dire Claw|p1b: Annihilape
|-damage|p1b: Annihilape|75/100
|move|p2a: Ninetales|Blizzard|p1a: Rillaboom|[spread] p1a,p1b
|-supereffective|p1a: Rillaboom
|-resisted|p1b: Annihilape
|-damage|p1a: Rillaboom|50/100
|-damage|p1b: Annihilape|62/100
|move|p1b: Annihilape|Rage Fist|p2b: Sneasler
|-damage|p2b: Sneasler|0 fnt
|faint|p2b: Sneasler
|move|p1a: Rillaboom|Drum Beating|p2a: Ninetales
|-damage|p2a: Ninetales|66/100
|-unboost|p2a: Ninetales|spe|1
|
|-weather|none
|-heal|p1b: Annihilape|68/100|[from] Grassy Terrain
|-heal|p1a: Rillaboom|56/100|[from] Grassy Terrain
|-heal|p2a: Ninetales|72/100|[from] Grassy Terrain
|-fieldend|move: Grassy Terrain
|upkeep
|
|t:|1756914509
|switch|p2b: Rillaboom|Rillaboom, L50, F, shiny|100/100
|-fieldstart|move: Grassy Terrain|[from] ability: Grassy Surge|[of] p2b: Rillaboom
|turn|6
|inactive|T8mcrae has 30 seconds left.
|
|t:|1756914539
|move|p2b: Rillaboom|Fake Out|p1b: Annihilape
|-damage|p1b: Annihilape|62/100
|cant|p1b: Annihilape|flinch
|move|p1a: Rillaboom|Drum Beating|p2a: Ninetales
|-damage|p2a: Ninetales|22/100
|-unboost|p2a: Ninetales|spe|1
|move|p2a: Ninetales|Blizzard|p1a: Rillaboom|[spread] p1a,p1b
|-supereffective|p1a: Rillaboom
|-crit|p1a: Rillaboom
|-resisted|p1b: Annihilape
|-damage|p1a: Rillaboom|0 fnt
|-damage|p1b: Annihilape|47/100
|faint|p1a: Rillaboom
|
|-heal|p1b: Annihilape|53/100|[from] Grassy Terrain
|-heal|p2a: Ninetales|28/100|[from] Grassy Terrain
|upkeep
|
|t:|1756914552
|switch|p1a: Ninetales|Ninetales-Alola, L50, F|100/100
|-weather|Snowscape|[from] ability: Snow Warning|[of] p1a: Ninetales
|turn|7
|l| Auragap
|inactive|T8mcrae has 30 seconds left.
|
|t:|1756914581
|-terastallize|p2b: Rillaboom|Fire
|move|p1a: Ninetales|Moonblast|p2a: Ninetales
|-damage|p2a: Ninetales|0 fnt
|faint|p2a: Ninetales
|move|p1b: Annihilape|Rage Fist|p2b: Rillaboom
|-damage|p2b: Rillaboom|0 fnt
|faint|p2b: Rillaboom
|
|-weather|Snowscape|[upkeep]
|-heal|p1b: Annihilape|60/100|[from] Grassy Terrain
|upkeep
|
|t:|1756914593
|switch|p2b: Dragapult|Dragapult, L50, M, shiny|100/100
|turn|8
|
|t:|1756914602
|move|p2b: Dragapult|Sucker Punch|p1b: Annihilape
|-damage|p1b: Annihilape|45/100
|move|p1a: Ninetales|Moonblast|p2b: Dragapult
|-supereffective|p2b: Dragapult
|-damage|p2b: Dragapult|0 fnt
|faint|p2b: Dragapult
|
|win|T8mcrae
|raw|T8mcrae's rating: 1235 → 1254(+19 for winning)
|raw|seemeier's rating: 1147 → 1128(-19 for losing)
|l|☆seemeier
|player|p2|
