|j|☆long572010
|j|☆Roy_Hogator
|html|long572010Roy_Hogator    
|uhtml|bestof|Game 2 of a best-of-3
|t:|1783779734
|gametype|doubles
|player|p1|long572010|169|
|player|p2|Roy_Hogator|gambler|
|gen|9
|tier|[Gen 9 Champions] VGC 2026 Reg M-B (Bo3)
|rule|Species Clause: Limit one of each Pokémon
|rule|Item Clause: Limit 1 of each item
|clearpoke
|poke|p1|Charizard, L50, M|
|poke|p1|Aerodactyl, L50, F|
|poke|p1|Mudsdale, L50, M|
|poke|p1|Sylveon, L50, F|
|poke|p1|Kingambit, L50, M|
|poke|p1|Farigiraf, L50, M|
|poke|p2|Gengar, L50, M, shiny|
|poke|p2|Ninetales-Alola, L50, M, shiny|
|poke|p2|Kingambit, L50, F|
|poke|p2|Dragonite, L50, M|
|poke|p2|Sneasler, L50, F|
|poke|p2|Incineroar, L50, M, shiny|
|teampreview|4
|showteam|p1|Charizard||CharizarditeY|Blaze|WeatherBall,HeatWave,SolarBeam,Protect|Modest||M|||50|]Aerodactyl||Aerodactylite|Unnerve|RockSlide,DualWingbeat,Protect,Tailwind|Jolly||F|||50|]Mudsdale||SitrusBerry|Stamina|HighHorsepower,RockSlide,HeavySlam,Protect|Adamant||M|||50|]Sylveon||FairyFeather|Pixilate|HyperVoice,Moonblast,HyperBeam,Detect|Modest||F|||50|]Kingambit||ChopleBerry|Defiant|KowtowCleave,SuckerPunch,LowKick,Protect|Adamant||M|||50|]Farigiraf||ColburBerry|ArmorTail|TrickRoom,HelpingHand,Protect,Psychic|Sassy||M|||50|
|showteam|p2|Gengar||Gengarite|CursedBody|PerishSong,Disable,ShadowBall,Protect|Bold||M|||50|]Ninetales-Alola||BabiriBerry|SnowWarning|FreezeDry,Blizzard,Encore,Protect|Timid||M|||50|]Kingambit||ChopleBerry|Defiant|SuckerPunch,KowtowCleave,IronHead,Protect|Adamant||F|||50|]Dragonite||DragonFang|Multiscale|LowKick,ExtremeSpeed,DragonClaw,Protect|Adamant||M|||50|]Sneasler||WhiteHerb|Unburden|FakeOut,GunkShot,CloseCombat,Protect|Jolly||F|||50|]Incineroar||SitrusBerry|Intimidate|FlareBlitz,FakeOut,PartingShot,Protect|Impish||M|||50|
|inactive|Battle timer is ON: inactive players will automatically lose when time's up. (requested by long572010)
|
|t:|1783779783
|teamsize|p1|4
|teamsize|p2|4
|start
|switch|p1a: Farigiraf|Farigiraf, L50, M|100/100
|switch|p1b: Kingambit|Kingambit, L50, M|100/100
|switch|p2a: Kingambit|Kingambit, L50, F|100/100
|switch|p2b: Ninetales|Ninetales-Alola, L50, M, shiny|100/100
|-weather|Snowscape|[from] ability: Snow Warning|[of] p2b: Ninetales
|turn|1
|
|t:|1783779802
|move|p2a: Kingambit|Protect|p2a: Kingambit
|-singleturn|p2a: Kingambit|Protect
|move|p2b: Ninetales|Blizzard|p1b: Kingambit|[spread] p1a,p1b
|-resisted|p1b: Kingambit|1
|-damage|p1a: Farigiraf|78/100
|-damage|p1b: Kingambit|86/100
|move|p1b: Kingambit|Low Kick|p2a: Kingambit
|-activate|p2a: Kingambit|move: Protect
|move|p1a: Farigiraf|Trick Room|p1a: Farigiraf
|-fieldstart|move: Trick Room|[of] p1a: Farigiraf
|
|-weather|Snowscape|[upkeep]
|upkeep
|turn|2
|
|t:|1783779821
|switch|p2a: Gengar|Gengar, L50, M, shiny|100/100
|move|p1a: Farigiraf|Psychic|p2b: Ninetales
|-damage|p2b: Ninetales|57/100
|move|p1b: Kingambit|Kowtow Cleave|p2a: Gengar
|-supereffective|p2a: Gengar|1
|-damage|p2a: Gengar|0 fnt
|faint|p2a: Gengar
|move|p2b: Ninetales|Blizzard|p1b: Kingambit|[spread] p1a,p1b
|-resisted|p1b: Kingambit|1
|-damage|p1a: Farigiraf|57/100
|-damage|p1b: Kingambit|73/100
|
|-weather|Snowscape|[upkeep]
|upkeep
|
|t:|1783779834
|switch|p2a: Dragonite|Dragonite, L50, M|100/100
|turn|3
|
|t:|1783779852
|move|p1a: Farigiraf|Psychic|p2b: Ninetales
|-damage|p2b: Ninetales|17/100
|move|p1b: Kingambit|Kowtow Cleave|p2a: Dragonite
|-damage|p2a: Dragonite|73/100
|move|p2a: Dragonite|Low Kick|p1b: Kingambit
|-supereffective|p1b: Kingambit|2
|-enditem|p1b: Kingambit|Chople Berry|[eat]
|-enditem|p1b: Kingambit|Chople Berry|[weaken]
|-damage|p1b: Kingambit|11/100
|move|p2b: Ninetales|Blizzard|p1b: Kingambit|[spread] p1a,p1b
|-resisted|p1b: Kingambit|1
|-damage|p1a: Farigiraf|34/100
|-damage|p1b: Kingambit|0 fnt
|faint|p1b: Kingambit
|
|-weather|Snowscape|[upkeep]
|upkeep
|
|t:|1783779872
|switch|p1b: Mudsdale|Mudsdale, L50, M|100/100
|turn|4
|
|t:|1783779883
|switch|p2b: Kingambit|Kingambit, L50, F|100/100
|move|p1b: Mudsdale|Rock Slide|p2b: Kingambit|[spread] p2b
|-miss|p1b: Mudsdale|p2a: Dragonite
|-resisted|p2b: Kingambit|1
|-damage|p2b: Kingambit|93/100
|move|p1a: Farigiraf|Psychic|p2b: Kingambit
|-immune|p2b: Kingambit
|move|p2a: Dragonite|Dragon Claw|p1a: Farigiraf
|-damage|p1a: Farigiraf|0 fnt
|faint|p1a: Farigiraf
|
|-weather|Snowscape|[upkeep]
|upkeep
|
|t:|1783779887
|switch|p1a: Charizard|Charizard, L50, M|100/100
|turn|5
|
|t:|1783779904
|move|p2b: Kingambit|Protect|p2b: Kingambit
|-singleturn|p2b: Kingambit|Protect
|move|p1a: Charizard|Protect|p1a: Charizard
|-singleturn|p1a: Charizard|Protect
|move|p1b: Mudsdale|High Horsepower|p2b: Kingambit
|-activate|p2b: Kingambit|move: Protect
|move|p2a: Dragonite|Dragon Claw|p1a: Charizard
|-activate|p1a: Charizard|move: Protect
|
|-weather|none
|-fieldend|move: Trick Room
|upkeep
|turn|6
|
|t:|1783779920
|move|p1a: Charizard|Protect|p1a: Charizard
|-singleturn|p1a: Charizard|Protect
|move|p2b: Kingambit|Sucker Punch||[still]
|-fail|p2b: Kingambit
|move|p2a: Dragonite|Dragon Claw|p1b: Mudsdale
|-damage|p1b: Mudsdale|50/100g
|-ability|p1b: Mudsdale|Stamina|boost
|-boost|p1b: Mudsdale|def|1
|move|p1b: Mudsdale|High Horsepower|p2b: Kingambit
|-supereffective|p2b: Kingambit|1
|-crit|p2b: Kingambit
|-damage|p2b: Kingambit|0 fnt
|faint|p2b: Kingambit
|
|upkeep
|
|t:|1783779933
|switch|p2b: Ninetales|Ninetales-Alola, L50, M, shiny|17/100
|-weather|Snowscape|[from] ability: Snow Warning|[of] p2b: Ninetales
|turn|7
|
|t:|1783779945
|detailschange|p1a: Charizard|Charizard-Mega-Y, L50, M
|-mega|p1a: Charizard|Charizard|Charizardite Y
|-weather|SunnyDay|[from] ability: Drought|[of] p1a: Charizard
|move|p2b: Ninetales|Protect|p2b: Ninetales
|-singleturn|p2b: Ninetales|Protect
|move|p1a: Charizard|Heat Wave|p2a: Dragonite|[spread] 
|-activate|p2b: Ninetales|move: Protect
|-miss|p1a: Charizard|p2a: Dragonite
|move|p2a: Dragonite|Dragon Claw|p1a: Charizard
|-damage|p1a: Charizard|43/100
|move|p1b: Mudsdale|Rock Slide|p2a: Dragonite|[spread] p2a
|-activate|p2b: Ninetales|move: Protect
|-supereffective|p2a: Dragonite|1
|-damage|p2a: Dragonite|30/100
|
|-weather|SunnyDay|[upkeep]
|upkeep
|turn|8
|
|t:|1783779967
|move|p2a: Dragonite|Extreme Speed|p1a: Charizard
|-damage|p1a: Charizard|10/100
|move|p2b: Ninetales|Freeze-Dry|p1b: Mudsdale
|-supereffective|p1b: Mudsdale|1
|-damage|p1b: Mudsdale|15/100
|-ability|p1b: Mudsdale|Stamina|boost
|-boost|p1b: Mudsdale|def|1
|-enditem|p1b: Mudsdale|Sitrus Berry|[eat]
|-heal|p1b: Mudsdale|40/100|[from] item: Sitrus Berry
|move|p1a: Charizard|Heat Wave|p2a: Dragonite|[spread] p2a,p2b
|-resisted|p2a: Dragonite|1
|-crit|p2a: Dragonite
|-supereffective|p2b: Ninetales|1
|-damage|p2a: Dragonite|0 fnt
|-damage|p2b: Ninetales|0 fnt
|faint|p2a: Dragonite
|faint|p2b: Ninetales
|
|win|long572010
|l|☆long572010
|player|p1|
