|j|☆ployueng
|j|☆x-demon18
|html|ployuengx-demon18    
|uhtml|bestof|Game 2 of a best-of-3
|t:|1783780174
|gametype|doubles
|player|p1|ployueng|102|1077
|player|p2|x-demon18|265|1134
|gen|9
|tier|[Gen 9 Champions] VGC 2026 Reg M-B (Bo3)
|rated|
|rule|Species Clause: Limit one of each Pokémon
|rule|Item Clause: Limit 1 of each item
|clearpoke
|poke|p1|Sceptile, L50, M|
|poke|p1|Rotom-Heat, L50|
|poke|p1|Politoed, L50, M|
|poke|p1|Vivillon, L50, F|
|poke|p1|Archaludon, L50, M|
|poke|p1|Corviknight, L50, F|
|poke|p2|Incineroar, L50, F|
|poke|p2|Rotom-Wash, L50|
|poke|p2|Venusaur, L50, M|
|poke|p2|Garchomp, L50, M|
|poke|p2|Sylveon, L50, F|
|poke|p2|Corviknight, L50, M|
|teampreview|4
|showteam|p1|Sceptile||Sceptilite|Overgrow|Protect,GigaDrain,DragonPulse,EarthPower|Modest||M|||50|]Rotom-Heat||ChoiceScarf|Levitate|VoltSwitch,Electroweb,Discharge,Overheat|Modest|||||50|]Politoed||SitrusBerry|Drizzle|Protect,PerishSong,BrickBreak,WeatherBall|Relaxed||M|||50|]Vivillon||FocusSash|CompoundEyes|RagePowder,SleepPowder,PollenPuff,Hurricane|Serious||F|||50|]Archaludon||Leftovers|Stamina|Protect,ElectroShot,FlashCannon,DragonPulse|Timid||M|||50|]Corviknight||WacanBerry|Pressure|Protect,Roost,IronHead,BraveBird|Adamant||F|||50|
|showteam|p2|Incineroar||ExpertBelt|Intimidate|FakeOut,TemperFlare,ThroatChop,PartingShot|Adamant||F|||50|]Rotom-Wash||SitrusBerry|Levitate|HydroPump,Electroweb,WillOWisp,VoltSwitch|Modest|||||50|]Venusaur||Venusaurite|Chlorophyll|GigaDrain,SludgeBomb,EarthPower,Protect|Modest||M|||50|]Garchomp||LifeOrb|RoughSkin|RockSlide,DragonClaw,StompingTantrum,Protect|Jolly||M|||50|]Sylveon||FairyFeather|Pixilate|HyperVoice,QuickAttack,Yawn,Detect|Modest||F|||50|]Corviknight||OccaBerry|MirrorArmor|Tailwind,BraveBird,IronHead,BodyPress|Careful||M|||50|
|
|t:|1783780222
|teamsize|p1|4
|teamsize|p2|4
|start
|switch|p1a: Rotom|Rotom-Heat, L50|100/100
|switch|p1b: Archaludon|Archaludon, L50, M|100/100
|switch|p2a: HydroVolt|Rotom-Wash, L50|100/100
|switch|p2b: Yggdrasil|Venusaur, L50, M|100/100
|turn|1
|
|t:|1783780255
|detailschange|p2b: Yggdrasil|Venusaur-Mega, L50, M
|-mega|p2b: Yggdrasil|Venusaur|Venusaurite
|move|p1b: Archaludon|Protect|p1b: Archaludon
|-singleturn|p1b: Archaludon|Protect
|move|p2b: Yggdrasil|Protect|p2b: Yggdrasil
|-singleturn|p2b: Yggdrasil|Protect
|move|p1a: Rotom|Overheat|p2b: Yggdrasil
|-activate|p2b: Yggdrasil|move: Protect
|move|p2a: HydroVolt|Will-O-Wisp|p1b: Archaludon
|-activate|p1b: Archaludon|move: Protect
|
|upkeep
|turn|2
|
|t:|1783780284
|switch|p1b: Corviknight|Corviknight, L50, F|100/100
|-ability|p1b: Corviknight|Pressure
|switch|p2b: Wolverine|Incineroar, L50, F|100/100
|-ability|p2b: Wolverine|Intimidate|boost
|-unboost|p1a: Rotom|atk|1
|-unboost|p1b: Corviknight|atk|1
|move|p1a: Rotom|Overheat|p2b: Wolverine
|-resisted|p2b: Wolverine|1
|-damage|p2b: Wolverine|74/100
|-unboost|p1a: Rotom|spa|2
|move|p2a: HydroVolt|Hydro Pump|p1a: Rotom
|-supereffective|p1a: Rotom|1
|-damage|p1a: Rotom|0 fnt
|faint|p1a: Rotom
|
|upkeep
|
|t:|1783780300
|switch|p1a: Archaludon|Archaludon, L50, M|100/100
|turn|3
|
|t:|1783780324
|switch|p1b: Politoed|Politoed, L50, M|100/100
|-weather|RainDance|[from] ability: Drizzle|[of] p1b: Politoed
|move|p2b: Wolverine|Fake Out|p1b: Politoed
|-damage|p1b: Politoed|90/100
|move|p1a: Archaludon|Electro Shot||[still]
|-prepare|p1a: Archaludon|Electro Shot
|-boost|p1a: Archaludon|spa|1
|-anim|p1a: Archaludon|Electro Shot|p2b: Wolverine
|-damage|p2b: Wolverine|20/100y
|move|p2a: HydroVolt|Hydro Pump|p1b: Politoed|[miss]
|-miss|p2a: HydroVolt|p1b: Politoed
|
|-weather|RainDance|[upkeep]
|upkeep
|turn|4
|
|t:|1783780353
|move|p1b: Politoed|Protect|p1b: Politoed
|-singleturn|p1b: Politoed|Protect
|move|p1a: Archaludon|Electro Shot||[still]
|-prepare|p1a: Archaludon|Electro Shot
|-boost|p1a: Archaludon|spa|1
|-anim|p1a: Archaludon|Electro Shot|p2a: HydroVolt
|-damage|p2a: HydroVolt|10/100
|-enditem|p2a: HydroVolt|Sitrus Berry|[eat]
|-heal|p2a: HydroVolt|35/100|[from] item: Sitrus Berry
|move|p2a: HydroVolt|Electroweb|p1a: Archaludon|[spread] p1a
|-activate|p1b: Politoed|move: Protect
|-resisted|p1a: Archaludon|1
|-damage|p1a: Archaludon|90/100
|-unboost|p1a: Archaludon|spe|1
|-ability|p1a: Archaludon|Stamina|boost
|-boost|p1a: Archaludon|def|1
|move|p2b: Wolverine|Parting Shot|p1a: Archaludon
|-unboost|p1a: Archaludon|atk|1
|-unboost|p1a: Archaludon|spa|1
|
|t:|1783780371
|switch|p2b: Yggdrasil|Venusaur-Mega, L50, M|100/100|[from] Parting Shot
|
|-weather|RainDance|[upkeep]
|-heal|p1a: Archaludon|96/100|[from] item: Leftovers
|upkeep
|turn|5
|
|t:|1783780389
|switch|p1b: Corviknight|Corviknight, L50, F|100/100
|-ability|p1b: Corviknight|Pressure
|move|p2b: Yggdrasil|Giga Drain|p1b: Corviknight
|-resisted|p1b: Corviknight|2
|-damage|p1b: Corviknight|91/100
|move|p2a: HydroVolt|Volt Switch|p1b: Corviknight
|-supereffective|p1b: Corviknight|1
|-enditem|p1b: Corviknight|Wacan Berry|[eat]
|-enditem|p1b: Corviknight|Wacan Berry|[weaken]
|-damage|p1b: Corviknight|60/100
|
|t:|1783780403
|switch|p2a: Wolverine|Incineroar, L50, F|20/100y|[from] Volt Switch
|-ability|p2a: Wolverine|Intimidate|boost
|-unboost|p1a: Archaludon|atk|1
|-unboost|p1b: Corviknight|atk|1
|move|p1a: Archaludon|Electro Shot||[still]
|-prepare|p1a: Archaludon|Electro Shot
|-boost|p1a: Archaludon|spa|1
|-anim|p1a: Archaludon|Electro Shot|p2a: Wolverine
|-damage|p2a: Wolverine|0 fnt
|faint|p2a: Wolverine
|
|-weather|RainDance|[upkeep]
|-heal|p1a: Archaludon|100/100|[from] item: Leftovers
|upkeep
|
|t:|1783780418
|switch|p2a: HydroVolt|Rotom-Wash, L50|35/100
|turn|6
|
|t:|1783780436
|move|p1b: Corviknight|Protect|p1b: Corviknight
|-singleturn|p1b: Corviknight|Protect
|move|p2b: Yggdrasil|Earth Power|p1a: Archaludon
|-supereffective|p1a: Archaludon|1
|-damage|p1a: Archaludon|27/100
|-ability|p1a: Archaludon|Stamina|boost
|-boost|p1a: Archaludon|def|1
|move|p2a: HydroVolt|Volt Switch|p1b: Corviknight
|-activate|p1b: Corviknight|move: Protect
|move|p1a: Archaludon|Electro Shot||[still]
|-prepare|p1a: Archaludon|Electro Shot
|-boost|p1a: Archaludon|spa|1
|-anim|p1a: Archaludon|Electro Shot|p2a: HydroVolt
|-damage|p2a: HydroVolt|0 fnt
|faint|p2a: HydroVolt
|
|-weather|RainDance|[upkeep]
|-heal|p1a: Archaludon|34/100|[from] item: Leftovers
|upkeep
|
|t:|1783780455
|switch|p2a: Frieren|Sylveon, L50, F|100/100
|turn|7
|
|t:|1783780474
|move|p2b: Yggdrasil|Protect|p2b: Yggdrasil
|-singleturn|p2b: Yggdrasil|Protect
|move|p1a: Archaludon|Protect|p1a: Archaludon
|-singleturn|p1a: Archaludon|Protect
|move|p1b: Corviknight|Iron Head|p2a: Frieren
|-supereffective|p2a: Frieren|1
|-damage|p2a: Frieren|54/100
|move|p2a: Frieren|Yawn|p1b: Corviknight
|-start|p1b: Corviknight|move: Yawn|[of] p2a: Frieren
|
|-weather|none
|-heal|p1a: Archaludon|40/100|[from] item: Leftovers
|upkeep
|turn|8
|
|t:|1783780524
|move|p2b: Yggdrasil|Earth Power|p1a: Archaludon
|-supereffective|p1a: Archaludon|1
|-damage|p1a: Archaludon|0 fnt
|faint|p1a: Archaludon
|move|p1b: Corviknight|Roost|p1b: Corviknight
|-heal|p1b: Corviknight|100/100
|-singleturn|p1b: Corviknight|move: Roost
|move|p2a: Frieren|Yawn||[still]
|-fail|p2a: Frieren
|
|-end|p1b: Corviknight|move: Yawn|[silent]
|-status|p1b: Corviknight|slp
|upkeep
|
|t:|1783780534
|switch|p1a: Politoed|Politoed, L50, M|90/100
|-weather|RainDance|[from] ability: Drizzle|[of] p1a: Politoed
|turn|9
|
|t:|1783780543
|move|p2b: Yggdrasil|Giga Drain|p1a: Politoed
|-supereffective|p1a: Politoed|1
|-damage|p1a: Politoed|22/100
|-enditem|p1a: Politoed|Sitrus Berry|[eat]
|-heal|p1a: Politoed|47/100|[from] item: Sitrus Berry
|cant|p1b: Corviknight|slp
|move|p2a: Frieren|Yawn|p1a: Politoed
|-start|p1a: Politoed|move: Yawn|[of] p2a: Frieren
|move|p1a: Politoed|Perish Song|p1a: Politoed
|-start|p1a: Politoed|perish3|[silent]
|-start|p1b: Corviknight|perish3|[silent]
|-start|p2a: Frieren|perish3|[silent]
|-start|p2b: Yggdrasil|perish3|[silent]
|-fieldactivate|move: Perish Song
|
|-weather|RainDance|[upkeep]
|-start|p2b: Yggdrasil|perish3
|-start|p1b: Corviknight|perish3
|-start|p2a: Frieren|perish3
|-start|p1a: Politoed|perish3
|upkeep
|turn|10
|
|t:|1783780566
|move|p1a: Politoed|Protect|p1a: Politoed
|-singleturn|p1a: Politoed|Protect
|move|p2b: Yggdrasil|Giga Drain|p1a: Politoed
|-activate|p1a: Politoed|move: Protect
|-curestatus|p1b: Corviknight|slp|[msg]
|move|p1b: Corviknight|Iron Head|p2a: Frieren
|-supereffective|p2a: Frieren|1
|-damage|p2a: Frieren|7/100
|cant|p2a: Frieren|flinch
|
|-weather|RainDance|[upkeep]
|-end|p1a: Politoed|move: Yawn|[silent]
|-status|p1a: Politoed|slp
|-start|p2b: Yggdrasil|perish2
|-start|p1b: Corviknight|perish2
|-start|p2a: Frieren|perish2
|-start|p1a: Politoed|perish2
|upkeep
|turn|11
|
|t:|1783780591
|cant|p1a: Politoed|slp
|move|p2b: Yggdrasil|Giga Drain|p1a: Politoed
|-supereffective|p1a: Politoed|1
|-damage|p1a: Politoed|0 fnt
|faint|p1a: Politoed
|move|p1b: Corviknight|Brave Bird|p2b: Yggdrasil
|-supereffective|p2b: Yggdrasil|1
|-damage|p2b: Yggdrasil|47/100
|-damage|p1b: Corviknight|84/100|[from] Recoil
|move|p2a: Frieren|Yawn|p1b: Corviknight
|-start|p1b: Corviknight|move: Yawn|[of] p2a: Frieren
|
|-weather|RainDance|[upkeep]
|-start|p2b: Yggdrasil|perish1
|-start|p1b: Corviknight|perish1
|-start|p2a: Frieren|perish1
|upkeep
|turn|12
|
|t:|1783780609
|move|p2b: Yggdrasil|Protect|p2b: Yggdrasil
|-singleturn|p2b: Yggdrasil|Protect
|move|p2a: Frieren|Detect|p2a: Frieren
|-singleturn|p2a: Frieren|Protect
|move|p1b: Corviknight|Iron Head|p2a: Frieren
|-activate|p2a: Frieren|move: Protect
|
|-weather|RainDance|[upkeep]
|-end|p1b: Corviknight|move: Yawn|[silent]
|-status|p1b: Corviknight|slp
|-start|p2b: Yggdrasil|perish0
|-start|p1b: Corviknight|perish0
|-start|p2a: Frieren|perish0
|faint|p2b: Yggdrasil
|faint|p1b: Corviknight
|faint|p2a: Frieren
|
|win|x-demon18
||ployueng is ready for game 3.
|inactive|x-demon18 has 30 seconds to confirm battle start!
