|j|☆DragoMX
|j|☆Moonz605
|html|DragoMXMoonz605    
|uhtml|bestof|Game 3 of a best-of-3
|t:|1785889345
|gametype|doubles
|player|p1|DragoMX|brock|
|player|p2|Moonz605|roxie|
|gen|9
|tier|[Gen 9 Champions] VGC 2026 Reg M-B (Bo3)
|rule|Species Clause: Limit one of each Pokémon
|rule|Item Clause: Limit 1 of each item
|clearpoke
|poke|p1|Staraptor, L50, F|
|poke|p1|Whimsicott, L50, M|
|poke|p1|Gallade, L50, M|
|poke|p1|Chandelure, L50, F|
|poke|p1|Slowbro, L50, M|
|poke|p1|Mimikyu, L50, M|
|poke|p2|Overqwil, L50, F|
|poke|p2|Dragalge, L50, M|
|poke|p2|Sneasler, L50, M, shiny|
|poke|p2|Clefable, L50, M|
|poke|p2|Lycanroc, L50, F|
|poke|p2|Golurk, L50|
|teampreview|4
|showteam|p1|Staraptor||Staraptite|Intimidate|CloseCombat,BraveBird,Protect,Tailwind|Jolly||F|||50|]Whimsicott||FocusSash|Prankster|Tailwind,SunnyDay,Charm,Protect|Timid||M|||50|]Gallade||ExpertBelt|Steadfast|PsychoCut,SacredSword,Protect,Taunt|Serious||M|||50|]Chandelure||Chandelurite|FlameBody|TrickRoom,Protect,ShadowBall,EnergyBall|Modest||F|||50|]Slowbro||Slowbronite|Regenerator|BodyPress,TrickRoom,PsychicNoise,SlackOff|Sassy||M|||50|]Mimikyu||ChoiceScarf|Disguise|ShadowClaw,DestinyBond,Curse,Trick|Jolly||M|||50|
|showteam|p2|Overqwil||ShucaBerry|Intimidate|BarbBarrage,Protect,Crunch,DestinyBond|Impish||F|||50|]Dragalge||Dragalgite|PoisonPoint|DracoMeteor,SludgeBomb,Scald,Protect|Bold||M|||50|]Sneasler||FocusSash|Unburden|Acrobatics,DireClaw,FakeOut,Protect|Jolly||M|||50|]Clefable||Leftovers|Unaware|Encore,Moonblast,FollowMe,Moonlight|Modest||M|||50|]Lycanroc||LifeOrb|Steadfast|FireFang,Protect,StoneEdge,PsychicFangs|Jolly||F|||50|]Golurk||KasibBerry|IronFist|IcePunch,HeadlongRush,Poltergeist,Protect|Careful|||||50|
|j| 2mero
|j| atealcoloredcat
|j| Tbigongue
|
|t:|1785889366
|teamsize|p1|4
|teamsize|p2|4
|start
|switch|p1a: Mimikyu|Mimikyu, L50, M|100/100
|switch|p1b: Gallade|Gallade, L50, M|100/100
|switch|p2a: Clefable|Clefable, L50, M|100/100
|switch|p2b: Sneasler|Sneasler, L50, M, shiny|100/100
|turn|1
|j| arlothegoose
|
|t:|1785889385
|move|p1b: Gallade|Protect|p1b: Gallade
|-singleturn|p1b: Gallade|Protect
|move|p2b: Sneasler|Fake Out|p1b: Gallade
|-activate|p1b: Gallade|move: Protect
|move|p2a: Clefable|Follow Me|p2a: Clefable
|-singleturn|p2a: Clefable|move: Follow Me
|move|p1a: Mimikyu|Curse|p2a: Clefable
|-start|p2a: Clefable|Curse|[of] p1a: Mimikyu
|-damage|p1a: Mimikyu|50/100y
|
|-damage|p2a: Clefable|75/100|[from] Curse
|upkeep
|turn|2
|
|t:|1785889423
|move|p1a: Mimikyu|Curse|p2b: Sneasler
|-start|p2b: Sneasler|Curse|[of] p1a: Mimikyu
|-damage|p1a: Mimikyu|0 fnt
|faint|p1a: Mimikyu
|move|p2b: Sneasler|Dire Claw|p1b: Gallade
|-damage|p1b: Gallade|53/100
|move|p1b: Gallade|Psycho Cut|p2b: Sneasler
|-supereffective|p2b: Sneasler|2
|-enditem|p2b: Sneasler|Focus Sash
|-damage|p2b: Sneasler|1/100
|move|p2a: Clefable|Encore|p1b: Gallade
|-start|p1b: Gallade|Encore
|
|-heal|p2a: Clefable|81/100|[from] item: Leftovers
|-damage|p2b: Sneasler|0 fnt|[from] Curse
|faint|p2b: Sneasler
|-damage|p2a: Clefable|56/100|[from] Curse
|upkeep
|
|t:|1785889441
|switch|p2b: Overqwil|Overqwil, L50, F|100/100
|switch|p1a: Whimsicott|Whimsicott, L50, M|100/100
|-ability|p2b: Overqwil|Intimidate|boost
|-unboost|p1a: Whimsicott|atk|1
|-unboost|p1b: Gallade|atk|1
|turn|3
|
|t:|1785889466
|move|p1a: Whimsicott|Protect|p1a: Whimsicott
|-singleturn|p1a: Whimsicott|Protect
|move|p2b: Overqwil|Barb Barrage|p1b: Gallade
|-damage|p1b: Gallade|28/100
|move|p1b: Gallade|Psycho Cut|p2a: Clefable
|-damage|p2a: Clefable|26/100
|move|p2a: Clefable|Moonlight|p2a: Clefable
|-heal|p2a: Clefable|76/100
|
|-heal|p2a: Clefable|82/100|[from] item: Leftovers
|-damage|p2a: Clefable|57/100|[from] Curse
|upkeep
|turn|4
|
|t:|1785889483
|move|p1a: Whimsicott|Charm|p2b: Overqwil
|-hint|Since gen 7, Dark is immune to Prankster moves.
|-immune|p2b: Overqwil
|move|p2b: Overqwil|Barb Barrage|p1b: Gallade
|-damage|p1b: Gallade|2/100
|-status|p1b: Gallade|psn
|move|p1b: Gallade|Psycho Cut|p2a: Clefable
|-damage|p2a: Clefable|30/100
|move|p2a: Clefable|Moonlight|p2a: Clefable
|-heal|p2a: Clefable|80/100
|
|-heal|p2a: Clefable|86/100|[from] item: Leftovers
|-damage|p1b: Gallade|0 fnt|[from] psn
|faint|p1b: Gallade
|-damage|p2a: Clefable|61/100|[from] Curse
|upkeep
|
|t:|1785889491
|switch|p1b: Staraptor|Staraptor, L50, F|100/100
|-ability|p1b: Staraptor|Intimidate|boost
|-unboost|p2a: Clefable|atk|1
|-unboost|p2b: Overqwil|atk|1
|turn|5
|
|t:|1785889577
|switch|p2a: Dragalge|Dragalge, L50, M|100/100
|move|p1b: Staraptor|Protect|p1b: Staraptor
|-singleturn|p1b: Staraptor|Protect
|move|p2b: Overqwil|Protect|p2b: Overqwil
|-singleturn|p2b: Overqwil|Protect
|move|p1a: Whimsicott|Tailwind|p1a: Whimsicott
|-sidestart|p1: DragoMX|move: Tailwind
|
|upkeep
|turn|6
|
|t:|1785889591
|detailschange|p1b: Staraptor|Staraptor-Mega, L50, F
|-mega|p1b: Staraptor|Staraptor|Staraptite
|detailschange|p2a: Dragalge|Dragalge-Mega, L50, M
|-mega|p2a: Dragalge|Dragalge|Dragalgite
|move|p2a: Dragalge|Protect|p2a: Dragalge
|-singleturn|p2a: Dragalge|Protect
|move|p1a: Whimsicott|Charm|p1b: Staraptor
|-boost|p1b: Staraptor|atk|2
|move|p1b: Staraptor|Brave Bird|p2a: Dragalge
|-activate|p2a: Dragalge|move: Protect
|move|p2b: Overqwil|Barb Barrage|p1b: Staraptor
|-damage|p1b: Staraptor|83/100
|-status|p1b: Staraptor|psn
|
|-damage|p1b: Staraptor|71/100 psn|[from] psn
|upkeep
|turn|7
|
|t:|1785889626
|switch|p2b: Clefable|Clefable, L50, M|61/100
|move|p1a: Whimsicott|Charm|p1b: Staraptor
|-boost|p1b: Staraptor|atk|2
|move|p1b: Staraptor|Brave Bird|p2a: Dragalge
|-damage|p2a: Dragalge|0 fnt
|faint|p2a: Dragalge
|-damage|p1b: Staraptor|41/100 psn|[from] Recoil
|
|-heal|p2b: Clefable|67/100|[from] item: Leftovers
|-damage|p1b: Staraptor|29/100 psn|[from] psn
|upkeep
|
|t:|1785889643
|switch|p2a: Overqwil|Overqwil, L50, F|100/100
|-ability|p2a: Overqwil|Intimidate|boost
|-unboost|p1a: Whimsicott|atk|1
|-boost|p1b: Staraptor|atk|1
|turn|8
|
|t:|1785889667
|move|p1a: Whimsicott|Sunny Day|p1a: Whimsicott
|-weather|SunnyDay
|move|p1b: Staraptor|Close Combat|p2a: Overqwil
|-damage|p2a: Overqwil|0 fnt
|-boost|p1b: Staraptor|def|1
|-boost|p1b: Staraptor|spd|1
|faint|p2a: Overqwil
|move|p2b: Clefable|Moonblast|p1b: Staraptor
|-supereffective|p1b: Staraptor|1
|-damage|p1b: Staraptor|0 fnt
|faint|p1b: Staraptor
|
|-weather|SunnyDay|[upkeep]
|-heal|p2b: Clefable|73/100|[from] item: Leftovers
|-sideend|p1: DragoMX|move: Tailwind
|upkeep
|turn|9
|
|t:|1785889685
|move|p1a: Whimsicott|Charm|p2b: Clefable
|-unboost|p2b: Clefable|atk|2
|move|p2b: Clefable|Encore|p1a: Whimsicott
|-start|p1a: Whimsicott|Encore
|
|-weather|SunnyDay|[upkeep]
|-heal|p2b: Clefable|79/100|[from] item: Leftovers
|upkeep
|turn|10
|
|t:|1785889695
|move|p1a: Whimsicott|Charm|p2b: Clefable
|-unboost|p2b: Clefable|atk|2
|move|p2b: Clefable|Moonblast|p1a: Whimsicott
|-damage|p1a: Whimsicott|32/100
|
|-weather|SunnyDay|[upkeep]
|-heal|p2b: Clefable|85/100|[from] item: Leftovers
|upkeep
|turn|11
|-message|DragoMX forfeited.
|
|win|Moonz605
|l|☆DragoMX
|player|p1|
