|j|☆psychic system
|j|☆sorecruiser
|html|psychic systemsorecruiser    
|uhtml|bestof|Game 3 of a best-of-3
|t:|1757018948
|gametype|doubles
|player|p1|psychic system|lucas|1104
|player|p2|sorecruiser|furisodegirl-black|1086
|gen|9
|tier|[Gen 9] VGC 2025 Reg H (Bo3)
|rated|
|rule|Species Clause: Limit one of each Pokémon
|rule|Item Clause: Limit 1 of each item
|clearpoke
|poke|p1|Rillaboom, L50, M|
|poke|p1|Florges, L50, F|
|poke|p1|Amoonguss, L50, F|
|poke|p1|Kingambit, L50, F|
|poke|p1|Incineroar, L50, M|
|poke|p1|Pelipper, L50, F|
|poke|p2|Gholdengo, L50|
|poke|p2|Whimsicott, L50, F|
|poke|p2|Sneasler, L50, M|
|poke|p2|Basculegion, L50, M|
|poke|p2|Hydreigon, L50, F|
|poke|p2|Magmar, L50, F|
|teampreview|4
|showteam|p1|Rillaboom||AssaultVest|GrassySurge|FakeOut,GrassyGlide,DrumBeating,Uturn|||M|||50|,,,,,Fire]Florges||Leftovers|FlowerVeil|Moonblast,DazzlingGleam,CalmMind,Protect|||F|||50|,,,,,Grass]Amoonguss||SitrusBerry|Regenerator|ClearSmog,Spore,PollenPuff,RagePowder|||F|||50|,,,,,Water]Kingambit||BlackGlasses|Defiant|Protect,KowtowCleave,SuckerPunch,SwordsDance|||F|||50|,,,,,Ghost]Incineroar||SafetyGoggles|Intimidate|FakeOut,KnockOff,FlareBlitz,PartingShot|||M|||50|,,,,,Ghost]Pelipper||ChoiceScarf|Drizzle|MuddyWater,Hurricane,IcyWind,WeatherBall|||F|||50|,,,,,Water
|showteam|p2|Gholdengo||MetalCoat|GoodasGold|MakeItRain,ShadowBall,NastyPlot,Protect||||||50|,,,,,Steel]Whimsicott||CovertCloak|Prankster|Tailwind,Encore,FakeTears,Moonblast|||F|||50|,,,,,Dark]Sneasler||FocusSash|PoisonTouch|Protect,CloseCombat,DireClaw,ThroatChop|||M|||50|,,,,,Dark]Basculegion||ChoiceScarf|Adaptability|LastRespects,WaveCrash,AquaJet,FlipTurn|||M|||50|,,,,,Ghost]Hydreigon||ChoiceSpecs|Levitate|DarkPulse,DracoMeteor,Snarl,HeatWave|||F|||50|,,,,,Fire]Magmar||Eviolite|VitalSpirit|Protect,FollowMe,HeatWave,Taunt|||F|||50|,,,,,Water
|inactive|Battle timer is ON: inactive players will automatically lose when time's up. (requested by psychic system)
|inactive|psychic system has 60 seconds left.
|inactive|sorecruiser has 60 seconds left.
|
|t:|1757019000
|teamsize|p1|4
|teamsize|p2|4
|start
|switch|p1a: Incineroar|Incineroar, L50, M|100/100
|switch|p1b: Kingambit|Kingambit, L50, F|100/100
|switch|p2a: Gholdengo|Gholdengo, L50|100/100
|switch|p2b: Basculegion|Basculegion, L50, M|100/100
|-ability|p1a: Incineroar|Intimidate|boost
|-unboost|p2a: Gholdengo|atk|1
|-unboost|p2b: Basculegion|atk|1
|turn|1
|inactive|psychic system has 30 seconds left.
|inactive|sorecruiser has 30 seconds left.
|inactive|psychic system has 20 seconds left.
|inactive|psychic system has 15 seconds left.
|inactive|psychic system has 10 seconds left.
|inactive|psychic system has 5 seconds left.
|
|t:|1757019054
|switch|p1a: Rillaboom|Rillaboom, L50, M|100/100
|-fieldstart|move: Grassy Terrain|[from] ability: Grassy Surge|[of] p1a: Rillaboom
|-terastallize|p2a: Gholdengo|Steel
|move|p1b: Kingambit|Sucker Punch||[still]
|-fail|p1b: Kingambit
|move|p2b: Basculegion|Wave Crash|p1a: Rillaboom
|-resisted|p1a: Rillaboom
|-damage|p1a: Rillaboom|76/100
|-damage|p2b: Basculegion|92/100|[from] Recoil
|move|p2a: Gholdengo|Nasty Plot|p2a: Gholdengo
|-boost|p2a: Gholdengo|spa|2
|
|-heal|p2b: Basculegion|98/100|[from] Grassy Terrain
|-heal|p1a: Rillaboom|82/100|[from] Grassy Terrain
|upkeep
|turn|2
|inactive|sorecruiser has 30 seconds left.
|
|t:|1757019080
|move|p2a: Gholdengo|Protect|p2a: Gholdengo
|-singleturn|p2a: Gholdengo|Protect
|move|p1a: Rillaboom|Fake Out|p2a: Gholdengo
|-activate|p2a: Gholdengo|move: Protect
|move|p2b: Basculegion|Wave Crash|p1b: Kingambit
|-damage|p1b: Kingambit|59/100
|-damage|p2b: Basculegion|84/100|[from] Recoil
|move|p1b: Kingambit|Kowtow Cleave|p2b: Basculegion
|-supereffective|p2b: Basculegion
|-crit|p2b: Basculegion
|-damage|p2b: Basculegion|0 fnt
|faint|p2b: Basculegion
|
|-heal|p1a: Rillaboom|87/100|[from] Grassy Terrain
|-heal|p1b: Kingambit|65/100|[from] Grassy Terrain
|upkeep
|
|t:|1757019096
|switch|p2b: Hydreigon|Hydreigon, L50, F|100/100
|turn|3
|
|t:|1757019107
|switch|p1a: Incineroar|Incineroar, L50, M|100/100
|-ability|p1a: Incineroar|Intimidate|boost
|-unboost|p2a: Gholdengo|atk|1
|-unboost|p2b: Hydreigon|atk|1
|move|p1b: Kingambit|Protect|p1b: Kingambit
|-singleturn|p1b: Kingambit|Protect
|move|p2b: Hydreigon|Heat Wave|p1a: Incineroar|[spread] p1a
|-activate|p1b: Kingambit|move: Protect
|-resisted|p1a: Incineroar
|-damage|p1a: Incineroar|83/100
|move|p2a: Gholdengo|Make It Rain|p1a: Incineroar|[spread] p1a
|-activate|p1b: Kingambit|move: Protect
|-resisted|p1a: Incineroar
|-damage|p1a: Incineroar|20/100
|-unboost|p2a: Gholdengo|spa|1
|
|-heal|p1a: Incineroar|26/100|[from] Grassy Terrain
|-heal|p1b: Kingambit|71/100|[from] Grassy Terrain
|upkeep
|turn|4
|inactive|psychic system has 30 seconds left.
|inactive|sorecruiser has 30 seconds left.
|inactive|psychic system has 20 seconds left.
|inactive|sorecruiser has 20 seconds left.
|inactive|psychic system has 15 seconds left.
|inactive|sorecruiser has 15 seconds left.
|inactive|psychic system has 10 seconds left.
|inactive|sorecruiser has 10 seconds left.
|
|t:|1757019157
|move|p1a: Incineroar|Fake Out|p2b: Hydreigon
|-damage|p2b: Hydreigon|87/100
|move|p1b: Kingambit|Sucker Punch||[still]
|-fail|p1b: Kingambit
|cant|p2b: Hydreigon|flinch
|move|p2a: Gholdengo|Nasty Plot|p2a: Gholdengo
|-boost|p2a: Gholdengo|spa|2
|
|-heal|p1a: Incineroar|32/100|[from] Grassy Terrain
|-heal|p1b: Kingambit|76/100|[from] Grassy Terrain
|upkeep
|turn|5
|
|t:|1757019172
|move|p1b: Kingambit|Sucker Punch|p2a: Gholdengo
|-damage|p2a: Gholdengo|50/100
|move|p2b: Hydreigon|Heat Wave|p1b: Kingambit|[spread] p1a
|-miss|p2b: Hydreigon|p1b: Kingambit
|-resisted|p1a: Incineroar
|-damage|p1a: Incineroar|15/100
|move|p2a: Gholdengo|Make It Rain|p1b: Kingambit|[spread] p1a,p1b
|-resisted|p1a: Incineroar
|-resisted|p1b: Kingambit
|-damage|p1a: Incineroar|0 fnt
|-damage|p1b: Kingambit|0 fnt
|-unboost|p2a: Gholdengo|spa|1
|faint|p1a: Incineroar
|faint|p1b: Kingambit
|
|-heal|p2a: Gholdengo|56/100|[from] Grassy Terrain
|-fieldend|move: Grassy Terrain
|upkeep
|
|t:|1757019189
|switch|p1a: Rillaboom|Rillaboom, L50, M|87/100
|switch|p1b: Florges|Florges, L50, F|100/100
|-fieldstart|move: Grassy Terrain|[from] ability: Grassy Surge|[of] p1a: Rillaboom
|turn|6
|
|t:|1757019199
|-terastallize|p1a: Rillaboom|Fire
|move|p2a: Gholdengo|Protect|p2a: Gholdengo
|-singleturn|p2a: Gholdengo|Protect
|move|p1a: Rillaboom|Fake Out|p2a: Gholdengo
|-activate|p2a: Gholdengo|move: Protect
|move|p2b: Hydreigon|Heat Wave|p1a: Rillaboom|[spread] p1a,p1b
|-resisted|p1a: Rillaboom
|-damage|p1a: Rillaboom|74/100
|-damage|p1b: Florges|70/100
|move|p1b: Florges|Calm Mind|p1b: Florges
|-boost|p1b: Florges|spa|1
|-boost|p1b: Florges|spd|1
|
|-heal|p2a: Gholdengo|62/100|[from] Grassy Terrain
|-heal|p1a: Rillaboom|80/100|[from] Grassy Terrain
|-heal|p1b: Florges|77/100|[from] Grassy Terrain
|-heal|p1b: Florges|83/100|[from] item: Leftovers
|upkeep
|turn|7
|
|t:|1757019217
|move|p1b: Florges|Protect|p1b: Florges
|-singleturn|p1b: Florges|Protect
|move|p2b: Hydreigon|Heat Wave|p1b: Florges|[spread] p1a
|-activate|p1b: Florges|move: Protect
|-resisted|p1a: Rillaboom
|-damage|p1a: Rillaboom|67/100
|move|p2a: Gholdengo|Make It Rain|p1b: Florges|[spread] p1a
|-activate|p1b: Florges|move: Protect
|-resisted|p1a: Rillaboom
|-damage|p1a: Rillaboom|19/100
|-unboost|p2a: Gholdengo|spa|1
|move|p1a: Rillaboom|Drum Beating|p2a: Gholdengo
|-resisted|p2a: Gholdengo
|-damage|p2a: Gholdengo|36/100
|-unboost|p2a: Gholdengo|spe|1
|
|-heal|p1a: Rillaboom|25/100|[from] Grassy Terrain
|-heal|p1b: Florges|89/100|[from] Grassy Terrain
|-heal|p1b: Florges|95/100|[from] item: Leftovers
|-heal|p2a: Gholdengo|42/100|[from] Grassy Terrain
|upkeep
|turn|8
|inactive|psychic system has 30 seconds left.
|inactive|psychic system has 20 seconds left.
|inactive|psychic system has 15 seconds left.
|
|t:|1757019261
|switch|p2b: Sneasler|Sneasler, L50, M|100/100
|move|p2a: Gholdengo|Protect|p2a: Gholdengo
|-singleturn|p2a: Gholdengo|Protect
|move|p1a: Rillaboom|Grassy Glide|p2a: Gholdengo
|-activate|p2a: Gholdengo|move: Protect
|move|p1b: Florges|Dazzling Gleam|p2b: Sneasler|[spread] p2b
|-activate|p2a: Gholdengo|move: Protect
|-damage|p2b: Sneasler|54/100
|
|-heal|p2b: Sneasler|59/100|[from] Grassy Terrain
|-heal|p1a: Rillaboom|30/100|[from] Grassy Terrain
|-heal|p1b: Florges|100/100|[from] Grassy Terrain
|-heal|p2a: Gholdengo|49/100|[from] Grassy Terrain
|upkeep
|turn|9
|inactive|psychic system has 30 seconds left.
|
|t:|1757019288
|move|p1a: Rillaboom|Grassy Glide|p2a: Gholdengo
|-resisted|p2a: Gholdengo
|-damage|p2a: Gholdengo|30/100
|move|p2b: Sneasler|Dire Claw|p1b: Florges
|-supereffective|p1b: Florges
|-damage|p1b: Florges|7/100
|-status|p1b: Florges|psn
|move|p1b: Florges|Dazzling Gleam|p2a: Gholdengo|[spread] p2a,p2b
|-resisted|p2a: Gholdengo
|-damage|p2a: Gholdengo|8/100
|-damage|p2b: Sneasler|9/100
|move|p2a: Gholdengo|Make It Rain|p1a: Rillaboom|[spread] p1a,p1b
|-resisted|p1a: Rillaboom
|-supereffective|p1b: Florges
|-damage|p1a: Rillaboom|0 fnt
|-damage|p1b: Florges|0 fnt
|-unboost|p2a: Gholdengo|spa|1
|faint|p1a: Rillaboom
|faint|p1b: Florges
|
|win|sorecruiser
|raw|psychic system's rating: 1104 → 1078(-26 for losing)
|raw|sorecruiser's rating: 1086 → 1115(+29 for winning)
|c|☆sorecruiser|ggwp
|c|☆psychic system|gg
|l|☆psychic system
|player|p1|
