|j|☆jatrix03
|j|☆platanoso
|html|jatrix03platanoso    
|uhtml|bestof|Game 1 of a best-of-3
|t:|1782332212
|gametype|doubles
|player|p1|jatrix03|101|1018
|player|p2|platanoso|madame-gen4|1000
|gen|9
|tier|[Gen 9 Champions] VGC 2026 Reg M-B (Bo3)
|rated|
|rule|Species Clause: Limit one of each Pokémon
|rule|Item Clause: Limit 1 of each item
|clearpoke
|poke|p1|Pyroar, L50, M|
|poke|p1|Ninetales, L50, F|
|poke|p1|Whimsicott, L50, F|
|poke|p1|Farigiraf, L50, M|
|poke|p1|Basculegion, L50, M|
|poke|p1|Floette-Eternal, L50, F|
|poke|p2|Raichu, L50, F|
|poke|p2|Mawile, L50, F|
|poke|p2|Sinistcha, L50|
|poke|p2|Ceruledge, L50, M|
|poke|p2|Milotic, L50, M|
|poke|p2|Incineroar, L50, F|
|teampreview|4
|showteam|p1|Pyroar||Pyroarite|Unnerve|HeatWave,Overheat,SolarBeam,Protect|Timid||M|||50|]Ninetales||ChoiceScarf|Drought|HeatWave,Overheat,FakeTears,SolarBeam|Timid||F|||50|]Whimsicott||FocusSash|Prankster|Moonblast,Tailwind,Protect,SunnyDay|Timid||F|||50|]Farigiraf||SitrusBerry|ArmorTail|Thunderbolt,TrickRoom,TwinBeam,HelpingHand|Bold||M|||50|]Basculegion||LifeOrb|Adaptability|AquaJet,LastRespects,WaveCrash,Protect|Adamant||M|||50|]Floette-Eternal||Floettite|FlowerVeil|Moonblast,DazzlingGleam,LightofRuin,Protect|Timid||F|||50|
|showteam|p2|Raichu||RaichuniteY|LightningRod|ZapCannon,FocusBlast,FakeOut,Protect|Timid||F|||50|]Mawile||Mawilite|HyperCutter|PlayRough,SuckerPunch,SwordsDance,Protect|Adamant||F|||50|]Sinistcha||KasibBerry|Hospitality|MatchaGotcha,LifeDew,RagePowder,Protect|Relaxed|||||50|]Ceruledge||ColburBerry|FlashFire|BitterBlade,ShadowSneak,BulkUp,Protect|Adamant||M|||50|]Milotic||Leftovers|Competitive|MuddyWater,Coil,Hypnosis,Protect|Calm||M|||50|]Incineroar||SitrusBerry|Intimidate|FlareBlitz,ThroatChop,FakeOut,PartingShot|Impish||F|||50|
|
|t:|1782332251
|teamsize|p1|4
|teamsize|p2|4
|start
|switch|p1a: Basculegion|Basculegion, L50, M|100/100
|switch|p1b: Farigiraf|Farigiraf, L50, M|100/100
|switch|p2a: Milotic|Milotic, L50, M|100/100
|switch|p2b: Incineroar|Incineroar, L50, F|100/100
|-ability|p2b: Incineroar|Intimidate|boost
|-unboost|p1a: Basculegion|atk|1
|-unboost|p1b: Farigiraf|atk|1
|turn|1
|
|t:|1782332274
|move|p1a: Basculegion|Wave Crash|p2b: Incineroar
|-supereffective|p2b: Incineroar|1
|-damage|p2b: Incineroar|0 fnt
|faint|p2b: Incineroar
|-damage|p1a: Basculegion|65/100|[from] Recoil
|-damage|p1a: Basculegion|56/100|[from] item: Life Orb
|move|p2a: Milotic|Coil|p2a: Milotic
|-boost|p2a: Milotic|atk|1
|-boost|p2a: Milotic|def|1
|-boost|p2a: Milotic|accuracy|1
|move|p1b: Farigiraf|Thunderbolt|p2a: Milotic
|-supereffective|p2a: Milotic|1
|-damage|p2a: Milotic|70/100
|
|-heal|p2a: Milotic|76/100|[from] item: Leftovers
|upkeep
|
|t:|1782332291
|switch|p2b: Raichu|Raichu, L50, F|100/100
|turn|2
|inactive|Battle timer is ON: inactive players will automatically lose when time's up. (requested by platanoso)
|
|t:|1782332308
|detailschange|p2b: Raichu|Raichu-Mega-Y, L50, F
|-mega|p2b: Raichu|Raichu|Raichunite Y
|move|p1a: Basculegion|Aqua Jet|p2b: Raichu
|-damage|p2b: Raichu|58/100
|-damage|p1a: Basculegion|46/100|[from] item: Life Orb
|move|p2b: Raichu|Zap Cannon|p1a: Basculegion
|-supereffective|p1a: Basculegion|1
|-damage|p1a: Basculegion|0 fnt
|faint|p1a: Basculegion
|move|p2a: Milotic|Hypnosis|p1b: Farigiraf
|-status|p1b: Farigiraf|slp|[from] move: Hypnosis
|cant|p1b: Farigiraf|slp
|
|-heal|p2a: Milotic|82/100|[from] item: Leftovers
|upkeep
|
|t:|1782332329
|switch|p1a: Whimsicott|Whimsicott, L50, F|100/100
|turn|3
|
|t:|1782332344
|switch|p2b: Ceruledge|Ceruledge, L50, M|100/100
|switch|p1b: Floette|Floette-Eternal, L50, F|100/100
|move|p1a: Whimsicott|Tailwind|p1a: Whimsicott
|-sidestart|p1: jatrix03|move: Tailwind
|move|p2a: Milotic|Hypnosis|p1a: Whimsicott
|-block|p1a: Whimsicott|ability: Flower Veil|[of] p1b: Floette
|
|-heal|p2a: Milotic|88/100|[from] item: Leftovers
|upkeep
|turn|4
|inactive|platanoso has 30 seconds left.
|
|t:|1782332371
|detailschange|p1b: Floette|Floette-Mega, L50, F
|-mega|p1b: Floette|Floette|Floettite
|-ability|p1b: Floette|Fairy Aura
|move|p1a: Whimsicott|Moonblast|p2a: Milotic
|-damage|p2a: Milotic|55/100
|move|p1b: Floette|Dazzling Gleam|p2a: Milotic|[spread] p2a,p2b
|-resisted|p2b: Ceruledge|1
|-damage|p2a: Milotic|22/100
|-damage|p2b: Ceruledge|78/100
|move|p2b: Ceruledge|Bitter Blade|p1a: Whimsicott
|-supereffective|p1a: Whimsicott|1
|-enditem|p1a: Whimsicott|Focus Sash
|-damage|p1a: Whimsicott|1/100
|-heal|p2b: Ceruledge|100/100|[from] drain|[of] p1a: Whimsicott
|move|p2a: Milotic|Muddy Water|p1b: Floette|[spread] p1a,p1b
|-resisted|p1a: Whimsicott|1
|-damage|p1a: Whimsicott|0 fnt
|-damage|p1b: Floette|80/100
|faint|p1a: Whimsicott
|
|-heal|p2a: Milotic|28/100|[from] item: Leftovers
|upkeep
|
|t:|1782332391
|switch|p1a: Farigiraf|Farigiraf, L50, M|100/100 slp
|turn|5
|
|t:|1782332403
|move|p2b: Ceruledge|Protect|p2b: Ceruledge
|-singleturn|p2b: Ceruledge|Protect
|move|p1b: Floette|Light of Ruin|p2b: Ceruledge
|-activate|p2b: Ceruledge|move: Protect
|-curestatus|p1a: Farigiraf|slp|[msg]
|move|p1a: Farigiraf|Thunderbolt|p2a: Milotic
|-supereffective|p2a: Milotic|1
|-damage|p2a: Milotic|0 fnt
|faint|p2a: Milotic
|
|upkeep
|
|t:|1782332414
|switch|p2a: Raichu|Raichu-Mega-Y, L50, F|58/100
|turn|6
|
|t:|1782332428
|move|p1b: Floette|Light of Ruin|p2b: Ceruledge
|-resisted|p2b: Ceruledge|1
|-damage|p2b: Ceruledge|43/100
|-damage|p1b: Floette|45/100|[from] Recoil
|move|p2a: Raichu|Zap Cannon|p1b: Floette
|-damage|p1b: Floette|0 fnt
|faint|p1b: Floette
|move|p1a: Farigiraf|Twin Beam|p2a: Raichu
|-damage|p2a: Raichu|38/100
|-damage|p2a: Raichu|18/100
|-hitcount|p2a: Raichu|2
|move|p2b: Ceruledge|Bitter Blade|p1a: Farigiraf
|-damage|p1a: Farigiraf|62/100
|-heal|p2b: Ceruledge|66/100|[from] drain|[of] p1a: Farigiraf
|
|-sideend|p1: jatrix03|move: Tailwind
|upkeep
|turn|7
|-message|jatrix03 forfeited.
|
|win|platanoso
|l|☆jatrix03
|player|p1|
|raw|jatrix03's rating: 1018 → 1005(-13 for losing)
|raw|platanoso's rating: 1000 → 1042(+42 for winning)
