|j|☆caarlos.g_7
|j|☆Tendo Pain(Nagato)
|html|caarlos.g_7Tendo Pain(Nagato)    
|uhtml|bestof|Game 2 of a best-of-3
|t:|1782208706
|gametype|doubles
|player|p1|caarlos.g_7|grimsley|1125
|player|p2|Tendo Pain(Nagato)|bruno|1141
|gen|9
|tier|[Gen 9 Champions] VGC 2026 Reg M-B (Bo3)
|rated|
|rule|Species Clause: Limit one of each Pokémon
|rule|Item Clause: Limit 1 of each item
|clearpoke
|poke|p1|Charizard, L50, F, shiny|
|poke|p1|Whimsicott, L50, M|
|poke|p1|Garchomp, L50, F|
|poke|p1|Gholdengo, L50|
|poke|p1|Kangaskhan, L50, F|
|poke|p1|Incineroar, L50, F, shiny|
|poke|p2|Swampert, L50, M|
|poke|p2|Politoed, L50, F|
|poke|p2|Sinistcha-Masterpiece, L50|
|poke|p2|Archaludon, L50, F, shiny|
|poke|p2|Sableye, L50, M|
|poke|p2|Metagross, L50|
|teampreview|4
|showteam|p1|Charizard||CharizarditeY|Blaze|WeatherBall,HeatWave,SolarBeam,Protect|Modest||F|||50|]Whimsicott||FocusSash|Prankster|Moonblast,Tailwind,Encore,Protect|Timid||M|||50|]Garchomp||LifeOrb|RoughSkin|Earthquake,DragonClaw,RockSlide,Protect|Jolly||F|||50|]Gholdengo||SpellTag|GoodasGold|MakeItRain,ShadowBall,NastyPlot,Protect|Modest|||||50|]Kangaskhan||Kangaskhanite|Scrappy|DoubleEdge,IcePunch,LowKick,FakeOut|Adamant||F|||50|]Incineroar||SitrusBerry|Intimidate|FlareBlitz,ThroatChop,PartingShot,FakeOut|Careful||F|||50|
|showteam|p2|Swampert||Swampertite|Torrent|Protect,WaveCrash,Earthquake,FlipTurn|Adamant||M|||50|]Politoed||SitrusBerry|Drizzle|Protect,WeatherBall,PerishSong,Haze|Calm||F|||50|]Sinistcha-Masterpiece||KasibBerry|Hospitality|RagePowder,Protect,MatchaGotcha,LifeDew|Bold|||||50|]Archaludon||Leftovers|Stamina|ElectroShot,DragonPulse,FlashCannon,Protect|Bold||F|||50|]Sableye||LightClay|Prankster|LightScreen,Reflect,WillOWisp,RainDance|Bold||M|||50|]Metagross||Metagrossite|ClearBody|MeteorMash,PsychicFangs,Protect,Substitute|Adamant|||||50|
|inactive|Battle timer is ON: inactive players will automatically lose when time's up. (requested by caarlos.g_7)
|inactive|caarlos.g_7 has 60 seconds left.
|
|t:|1782208738
|teamsize|p1|4
|teamsize|p2|4
|start
|switch|p1a: Whimsicott|Whimsicott, L50, M|100/100
|switch|p1b: Gholdengo|Gholdengo, L50|100/100
|switch|p2a: Sableye|Sableye, L50, M|100/100
|switch|p2b: Archaludon|Archaludon, L50, F, shiny|100/100
|turn|1
|inactive|caarlos.g_7 has 30 seconds left.
|
|t:|1782208765
|move|p1a: Whimsicott|Tailwind|p1a: Whimsicott
|-sidestart|p1: caarlos.g_7|move: Tailwind
|move|p2a: Sableye|Light Screen|p2a: Sableye
|-sidestart|p2: Tendo Pain(Nagato)|move: Light Screen
|move|p1b: Gholdengo|Shadow Ball|p2a: Sableye
|-damage|p2a: Sableye|61/100
|move|p2b: Archaludon|Flash Cannon|p1a: Whimsicott
|-supereffective|p1a: Whimsicott|1
|-enditem|p1a: Whimsicott|Focus Sash
|-damage|p1a: Whimsicott|1/100
|
|upkeep
|turn|2
|
|t:|1782208781
|switch|p1a: Kangaskhan|Kangaskhan, L50, F|100/100
|move|p2a: Sableye|Rain Dance|p2a: Sableye
|-weather|RainDance
|move|p1b: Gholdengo|Nasty Plot|p1b: Gholdengo
|-boost|p1b: Gholdengo|spa|2
|move|p2b: Archaludon|Electro Shot||[still]
|-prepare|p2b: Archaludon|Electro Shot
|-boost|p2b: Archaludon|spa|1
|-anim|p2b: Archaludon|Electro Shot|p1b: Gholdengo
|-damage|p1b: Gholdengo|52/100
|
|-weather|RainDance|[upkeep]
|upkeep
|turn|3
|
|t:|1782208802
|move|p1a: Kangaskhan|Fake Out|p2a: Sableye
|-crit|p2a: Sableye
|-damage|p2a: Sableye|31/100
|cant|p2a: Sableye|flinch
|move|p1b: Gholdengo|Shadow Ball|p2b: Archaludon
|-damage|p2b: Archaludon|27/100
|-ability|p2b: Archaludon|Stamina|boost
|-boost|p2b: Archaludon|def|1
|move|p2b: Archaludon|Electro Shot||[still]
|-prepare|p2b: Archaludon|Electro Shot
|-boost|p2b: Archaludon|spa|1
|-anim|p2b: Archaludon|Electro Shot|p1b: Gholdengo
|-damage|p1b: Gholdengo|0 fnt
|faint|p1b: Gholdengo
|
|-weather|RainDance|[upkeep]
|-heal|p2b: Archaludon|34/100|[from] item: Leftovers
|upkeep
|
|t:|1782208816
|switch|p1b: Whimsicott|Whimsicott, L50, M|1/100
|turn|4
|
|t:|1782208830
|move|p2b: Archaludon|Protect|p2b: Archaludon
|-singleturn|p2b: Archaludon|Protect
|move|p2a: Sableye|Will-O-Wisp|p1b: Whimsicott
|-status|p1b: Whimsicott|brn
|move|p1b: Whimsicott|Moonblast|p2b: Archaludon
|-activate|p2b: Archaludon|move: Protect
|move|p1a: Kangaskhan|Double-Edge|p2a: Sableye
|-damage|p2a: Sableye|0 fnt
|faint|p2a: Sableye
|-damage|p1a: Kangaskhan|91/100|[from] Recoil
|
|-weather|RainDance|[upkeep]
|-heal|p2b: Archaludon|40/100|[from] item: Leftovers
|-damage|p1b: Whimsicott|0 fnt|[from] brn
|faint|p1b: Whimsicott
|-sideend|p1: caarlos.g_7|move: Tailwind
|upkeep
|
|t:|1782208847
|switch|p1b: Charizard|Charizard, L50, F, shiny|100/100
|switch|p2a: Swampert|Swampert, L50, M|100/100
|turn|5
|
|t:|1782208872
|detailschange|p1b: Charizard|Charizard-Mega-Y, L50, F, shiny
|-mega|p1b: Charizard|Charizard|Charizardite Y
|-weather|SunnyDay|[from] ability: Drought|[of] p1b: Charizard
|detailschange|p2a: Swampert|Swampert-Mega, L50, M
|-mega|p2a: Swampert|Swampert|Swampertite
|move|p1b: Charizard|Heat Wave|p2a: Swampert|[spread] p2a,p2b
|-resisted|p2a: Swampert|1
|-damage|p2a: Swampert|82/100
|-damage|p2b: Archaludon|0 fnt
|faint|p2b: Archaludon
|move|p1a: Kangaskhan|Double-Edge|p2a: Swampert
|-damage|p2a: Swampert|49/100
|-damage|p1a: Kangaskhan|79/100|[from] Recoil
|move|p2a: Swampert|Wave Crash|p1a: Kangaskhan
|-damage|p1a: Kangaskhan|51/100
|-damage|p2a: Swampert|41/100|[from] Recoil
|
|-weather|SunnyDay|[upkeep]
|upkeep
|
|t:|1782208882
|switch|p2b: Politoed|Politoed, L50, F|100/100
|-weather|RainDance|[from] ability: Drizzle|[of] p2b: Politoed
|turn|6
|
|t:|1782208895
|move|p1b: Charizard|Protect|p1b: Charizard
|-singleturn|p1b: Charizard|Protect
|move|p2a: Swampert|Wave Crash|p1a: Kangaskhan
|-damage|p1a: Kangaskhan|0 fnt
|faint|p1a: Kangaskhan
|-damage|p2a: Swampert|25/100|[from] Recoil
|move|p2b: Politoed|Perish Song|p2b: Politoed
|-start|p1b: Charizard|perish3|[silent]
|-start|p2a: Swampert|perish3|[silent]
|-start|p2b: Politoed|perish3|[silent]
|-fieldactivate|move: Perish Song
|
|-weather|RainDance|[upkeep]
|-start|p2a: Swampert|perish3
|-start|p1b: Charizard|perish3
|-start|p2b: Politoed|perish3
|upkeep
|turn|7
|
|t:|1782208906
|move|p2a: Swampert|Protect|p2a: Swampert
|-singleturn|p2a: Swampert|Protect
|move|p2b: Politoed|Protect|p2b: Politoed
|-singleturn|p2b: Politoed|Protect
|move|p1b: Charizard|Weather Ball|p2a: Swampert
|-activate|p2a: Swampert|move: Protect
|
|-weather|RainDance|[upkeep]
|-start|p2a: Swampert|perish2
|-start|p1b: Charizard|perish2
|-start|p2b: Politoed|perish2
|upkeep
|turn|8
|
|t:|1782208913
|move|p2a: Swampert|Wave Crash|p1b: Charizard
|-supereffective|p1b: Charizard|1
|-damage|p1b: Charizard|0 fnt
|faint|p1b: Charizard
|-damage|p2a: Swampert|0 fnt|[from] Recoil
|faint|p2a: Swampert
|
|win|Tendo Pain(Nagato)
||caarlos.g_7 is ready for game 3.
|l|☆Tendo Pain(Nagato)
|player|p2|
||Tendo Pain(Nagato) is ready for game 3.
|uhtml|next|Next: Game 3 of 3
