|j|☆spellbreakvgc
|j|☆Gadiel_VaStar
|html|spellbreakvgcGadiel_VaStar    
|uhtml|bestof|Game 3 of a best-of-3
|t:|1756948003
|gametype|doubles
|player|p1|spellbreakvgc|lance|1106
|player|p2|Gadiel_VaStar|169|1000
|gen|9
|tier|[Gen 9] VGC 2025 Reg H (Bo3)
|rated|
|rule|Species Clause: Limit one of each Pokémon
|rule|Item Clause: Limit 1 of each item
|clearpoke
|poke|p1|Typhlosion-Hisui, L50, F|
|poke|p1|Tatsugiri, L50, F|
|poke|p1|Whimsicott, L50, M|
|poke|p1|Dondozo, L50, M|
|poke|p1|Annihilape, L50, M|
|poke|p1|Dragapult, L50, M|
|poke|p2|Smeargle, L50, M|
|poke|p2|Archaludon, L50, M|
|poke|p2|Pelipper, L50, F|
|poke|p2|Amoonguss, L50, F|
|poke|p2|Incineroar, L50, M|
|poke|p2|Basculegion, L50, M|
|teampreview|4
|showteam|p1|Typhlosion-Hisui||ChoiceSpecs|Blaze|Eruption,ShadowBall,Flamethrower,HeatWave|||F|||50|,,,,,Fire]Tatsugiri||FocusSash|Commander|DracoMeteor,MuddyWater,DragonPulse,Protect|||F|||50|,,,,,Fairy]Whimsicott||CovertCloak|Prankster|Moonblast,FakeTears,Tailwind,Taunt|||M|||50|,,,,,Water]Dondozo||AssaultVest|Unaware|Earthquake,OrderUp,WaveCrash,HeavySlam|||M|||50|,,,,,Grass]Annihilape||ChoiceScarf|VitalSpirit|CloseCombat,FinalGambit,Coaching,RockSlide|||M|||50|,,,,,Fighting]Dragapult||ChoiceBand|ClearBody|DragonDarts,Outrage,SuckerPunch,Uturn|||M|||50|,,,,,Dragon
|showteam|p2|Smeargle||FocusSash|Moody|Spore,Decorate,FollowMe,SpikyShield|||M|||50|,,,,,Ghost]Archaludon||AssaultVest|Stamina|BodyPress,ElectroShot,FlashCannon,DragonPulse|||M|||50|,,,,,Fairy]Pelipper||LifeOrb|Drizzle|WeatherBall,Hurricane,IcyWind,Protect|||F|||50|,,,,,Stellar]Amoonguss||RockyHelmet|Regenerator|Spore,PollenPuff,RagePowder,Protect|||F|||50|,,,,,Fairy]Incineroar||SafetyGoggles|Intimidate|FakeOut,WillOWisp,KnockOff,PartingShot|||M|||50|,,,,,Water]Basculegion||ChoiceScarf|Adaptability|AquaJet,FlipTurn,WaveCrash,LastRespects|||M|||50|,,,,,Grass
|
|t:|1756948034
|teamsize|p1|4
|teamsize|p2|4
|start
|switch|p1a: Whimsicott|Whimsicott, L50, M|100/100
|switch|p1b: Typhlosion|Typhlosion-Hisui, L50, F|100/100
|switch|p2a: Smeargle|Smeargle, L50, M|100/100
|switch|p2b: Archaludon|Archaludon, L50, M|100/100
|turn|1
|
|t:|1756948077
|switch|p2b: Pelipper|Pelipper, L50, F|100/100
|-weather|RainDance|[from] ability: Drizzle|[of] p2b: Pelipper
|-terastallize|p1b: Typhlosion|Fire
|move|p1a: Whimsicott|Moonblast|p2a: Smeargle
|-damage|p2a: Smeargle|49/100
|move|p1b: Typhlosion|Eruption|p2b: Pelipper|[spread] p2a,p2b
|-resisted|p2b: Pelipper
|-damage|p2a: Smeargle|0 fnt
|-damage|p2b: Pelipper|57/100
|faint|p2a: Smeargle
|
|-weather|RainDance|[upkeep]
|upkeep
|
|t:|1756948100
|switch|p2a: Archaludon|Archaludon, L50, M|100/100
|turn|2
|
|t:|1756948116
|move|p1a: Whimsicott|Fake Tears|p2a: Archaludon
|-unboost|p2a: Archaludon|spd|2
|move|p1b: Typhlosion|Eruption|p2a: Archaludon|[spread] p2a,p2b
|-resisted|p2b: Pelipper
|-damage|p2a: Archaludon|29/100
|-damage|p2b: Pelipper|16/100
|-ability|p2a: Archaludon|Stamina|boost
|-boost|p2a: Archaludon|def|1
|move|p2a: Archaludon|Electro Shot||[still]
|-prepare|p2a: Archaludon|Electro Shot
|-boost|p2a: Archaludon|spa|1
|-anim|p2a: Archaludon|Electro Shot|p1b: Typhlosion
|-damage|p1b: Typhlosion|24/100
|move|p2b: Pelipper|Weather Ball|p1b: Typhlosion
|-supereffective|p1b: Typhlosion
|-damage|p1b: Typhlosion|0 fnt
|faint|p1b: Typhlosion
|-damage|p2b: Pelipper|6/100|[from] item: Life Orb
|
|-weather|RainDance|[upkeep]
|upkeep
|
|t:|1756948155
|switch|p1b: Dragapult|Dragapult, L50, M|100/100
|turn|3
|
|t:|1756948181
|-terastallize|p2a: Archaludon|Fairy
|move|p2b: Pelipper|Protect|p2b: Pelipper
|-singleturn|p2b: Pelipper|Protect
|move|p1b: Dragapult|Dragon Darts|p2a: Archaludon
|-immune|p2a: Archaludon
|move|p1a: Whimsicott|Moonblast|p2a: Archaludon
|-damage|p2a: Archaludon|0 fnt
|faint|p2a: Archaludon
|
|-weather|RainDance|[upkeep]
|upkeep
|
|t:|1756948194
|switch|p2a: Basculegion|Basculegion, L50, M, shiny|100/100
|turn|4
|
|t:|1756948211
|move|p1a: Whimsicott|Tailwind|p1a: Whimsicott
|-sidestart|p1: spellbreakvgc|move: Tailwind
|move|p1b: Dragapult|Dragon Darts|p2a: Basculegion
|-damage|p2a: Basculegion|52/100
|-anim|p1b: Dragapult|Dragon Darts|p2b: Pelipper
|-damage|p2b: Pelipper|0 fnt
|faint|p2b: Pelipper
|move|p2a: Basculegion|Last Respects|p1b: Dragapult
|-supereffective|p1b: Dragapult
|-damage|p1b: Dragapult|0 fnt
|faint|p1b: Dragapult
|
|-weather|RainDance|[upkeep]
|upkeep
|
|t:|1756948222
|switch|p1b: Annihilape|Annihilape, L50, M|100/100
|turn|5
|
|t:|1756948229
|move|p1b: Annihilape|Rock Slide|p2a: Basculegion
|-damage|p2a: Basculegion|25/100
|move|p1a: Whimsicott|Moonblast|p2a: Basculegion
|-damage|p2a: Basculegion|0 fnt
|faint|p2a: Basculegion
|
|win|spellbreakvgc
