|j|☆benjitulio
|j|☆lkwejaf
|html|benjituliolkwejaf    
|uhtml|bestof|Game 3 of a best-of-3
|t:|1783292979
|gametype|doubles
|player|p1|benjitulio|wattson|1126
|player|p2|lkwejaf|giovanni|1046
|gen|9
|tier|[Gen 9 Champions] VGC 2026 Reg M-B (Bo3)
|rated|
|rule|Species Clause: Limit one of each Pokémon
|rule|Item Clause: Limit 1 of each item
|clearpoke
|poke|p1|Maushold-Four, L50|
|poke|p1|Incineroar, L50, M|
|poke|p1|Metagross, L50|
|poke|p1|Aerodactyl, L50, M|
|poke|p1|Primarina, L50, M|
|poke|p1|Sinistcha, L50|
|poke|p2|Pyroar, L50, M|
|poke|p2|Torkoal, L50, F|
|poke|p2|Staraptor, L50, F|
|poke|p2|Altaria, L50, F|
|poke|p2|Sceptile, L50, F|
|poke|p2|Raichu-Alola, L50, F|
|teampreview|4
|showteam|p1|Maushold-Four||FocusSash|FriendGuard|FollowMe,RainDance,PopulationBomb,SuperFang|Jolly|||||50|]Incineroar||ChopleBerry|Intimidate|FakeOut,FlareBlitz,PartingShot,DarkestLariat|Impish||M|||50|]Metagross||Metagrossite|ClearBody|IronHead,Protect,PsychicFangs,Earthquake|Adamant|||||50|]Aerodactyl||FocusBand|Unnerve|RockSlide,Protect,Tailwind,IceFang|Jolly||M|||50|]Primarina||ChoiceScarf|LiquidVoice|HyperVoice,HydroPump,IcyWind,Moonblast|Modest||M|||50|]Sinistcha||Leftovers|Hospitality|MatchaGotcha,LifeDew,ShadowBall,RagePowder|Calm|||||50|
|showteam|p2|Pyroar||Pyroarite|Unnerve|HeatWave,SolarBeam,Protect,Overheat|Timid||M|||50|]Torkoal||HeatRock|Drought|HelpingHand,HeatWave,SolarBeam,Protect|Quiet||F|||50|]Staraptor||ChoiceScarf|Intimidate|FinalGambit,CloseCombat,BraveBird,Uturn|Jolly||F|||50|]Altaria||Leftovers|CloudNine|PerishSong,Protect,Roost,Haze|Calm||F|||50|]Sceptile||Sceptilite|Overgrow|DragonPulse,EarthPower,EnergyBall,Protect|Timid||F|||50|]Raichu-Alola||FocusSash|SurgeSurfer|Discharge,RisingVoltage,ElectricTerrain,Protect|Timid||F|||50|
|inactive|Battle timer is ON: inactive players will automatically lose when time's up. (requested by benjitulio)
|
|t:|1783293012
|teamsize|p1|4
|teamsize|p2|4
|start
|switch|p1a: Sinistcha|Sinistcha, L50|100/100
|switch|p1b: Aerodactyl|Aerodactyl, L50, M|100/100
|switch|p2a: Altaria|Altaria, L50, F|100/100
|switch|p2b: Raichu|Raichu-Alola, L50, F|100/100
|-ability|p1b: Aerodactyl|Unnerve
|-ability|p2a: Altaria|Cloud Nine
|turn|1
|inactive|benjitulio has 30 seconds left.
|
|t:|1783293041
|move|p1b: Aerodactyl|Rock Slide|p2a: Altaria|[spread] p2a,p2b
|-supereffective|p2a: Altaria|1
|-damage|p2a: Altaria|46/100
|-damage|p2b: Raichu|45/100
|cant|p2b: Raichu|flinch
|move|p2a: Altaria|Perish Song|p2a: Altaria
|-start|p1a: Sinistcha|perish3|[silent]
|-start|p1b: Aerodactyl|perish3|[silent]
|-start|p2a: Altaria|perish3|[silent]
|-start|p2b: Raichu|perish3|[silent]
|-fieldactivate|move: Perish Song
|move|p1a: Sinistcha|Matcha Gotcha|p2b: Raichu|[spread] p2a,p2b
|-resisted|p2a: Altaria|2
|-damage|p2a: Altaria|42/100
|-damage|p2b: Raichu|7/100
|-status|p2b: Raichu|brn
|
|-heal|p2a: Altaria|48/100|[from] item: Leftovers
|-damage|p2b: Raichu|1/100 brn|[from] brn
|-start|p1b: Aerodactyl|perish3
|-start|p2b: Raichu|perish3
|-start|p2a: Altaria|perish3
|-start|p1a: Sinistcha|perish3
|upkeep
|turn|2
|inactive|lkwejaf has 30 seconds left.
|
|t:|1783293071
|move|p2a: Altaria|Protect|p2a: Altaria
|-singleturn|p2a: Altaria|Protect
|move|p1b: Aerodactyl|Rock Slide|p2b: Raichu|[spread] p2b
|-activate|p2a: Altaria|move: Protect
|-damage|p2b: Raichu|0 fnt
|faint|p2b: Raichu
|move|p1a: Sinistcha|Matcha Gotcha|p2a: Altaria
|-activate|p2a: Altaria|move: Protect
|
|-heal|p2a: Altaria|54/100|[from] item: Leftovers
|-start|p1b: Aerodactyl|perish2
|-start|p2a: Altaria|perish2
|-start|p1a: Sinistcha|perish2
|upkeep
|
|t:|1783293090
|switch|p2b: Torkoal|Torkoal, L50, F|100/100
|-weather|SunnyDay|[from] ability: Drought|[of] p2b: Torkoal
|turn|3
|
|t:|1783293110
|move|p1b: Aerodactyl|Rock Slide|p2a: Altaria|[spread] p2a,p2b
|-supereffective|p2a: Altaria|1
|-supereffective|p2b: Torkoal|1
|-damage|p2a: Altaria|5/100
|-damage|p2b: Torkoal|59/100
|move|p2a: Altaria|Roost|p2a: Altaria
|-heal|p2a: Altaria|55/100
|-singleturn|p2a: Altaria|move: Roost
|move|p1a: Sinistcha|Shadow Ball|p2b: Torkoal
|-damage|p2b: Torkoal|11/100
|move|p2b: Torkoal|Heat Wave|p1a: Sinistcha|[spread] p1a,p1b
|-supereffective|p1a: Sinistcha|1
|-resisted|p1b: Aerodactyl|1
|-damage|p1a: Sinistcha|49/100
|-damage|p1b: Aerodactyl|78/100
|
|-weather|SunnyDay|[upkeep]
|-heal|p2a: Altaria|61/100|[from] item: Leftovers
|-heal|p1a: Sinistcha|55/100|[from] item: Leftovers
|-start|p1b: Aerodactyl|perish1
|-start|p2a: Altaria|perish1
|-start|p1a: Sinistcha|perish1
|upkeep
|turn|4
|
|t:|1783293130
|switch|p2a: Pyroar|Pyroar, L50, M|100/100
|-ability|p2a: Pyroar|Unnerve
|switch|p1a: Incineroar|Incineroar, L50, M|100/100
|-ability|p1a: Incineroar|Intimidate|boost
|-unboost|p2a: Pyroar|atk|1
|-unboost|p2b: Torkoal|atk|1
|move|p2b: Torkoal|Protect|p2b: Torkoal
|-singleturn|p2b: Torkoal|Protect
|move|p1b: Aerodactyl|Tailwind|p1b: Aerodactyl
|-sidestart|p1: benjitulio|move: Tailwind
|
|-weather|SunnyDay|[upkeep]
|-start|p1b: Aerodactyl|perish0
|faint|p1b: Aerodactyl
|upkeep
|
|t:|1783293148
|switch|p1b: Primarina|Primarina, L50, M|100/100
|turn|5
|
|t:|1783293167
|switch|p2b: Altaria|Altaria, L50, F|61/100
|-ability|p2b: Altaria|Cloud Nine
|move|p2a: Pyroar|Protect|p2a: Pyroar
|-singleturn|p2a: Pyroar|Protect
|move|p1a: Incineroar|Fake Out|p2a: Pyroar
|-activate|p2a: Pyroar|move: Protect
|move|p1b: Primarina|Hyper Voice|p2b: Altaria|[spread] p2b
|-activate|p2a: Pyroar|move: Protect
|-resisted|p2b: Altaria|1
|-damage|p2b: Altaria|50/100y
|
|-weather|SunnyDay|[upkeep]
|-heal|p2b: Altaria|56/100|[from] item: Leftovers
|upkeep
|turn|6
|inactive|lkwejaf has 30 seconds left.
|inactive|lkwejaf has 20 seconds left.
|inactive|lkwejaf has 15 seconds left.
|
|t:|1783293209
|switch|p2b: Torkoal|Torkoal, L50, F|11/100
|detailschange|p2a: Pyroar|Pyroar-Mega, L50, M
|-mega|p2a: Pyroar|Pyroar|Pyroarite
|move|p1b: Primarina|Hyper Voice|p2b: Torkoal|[spread] p2a,p2b
|-supereffective|p2a: Pyroar|1
|-supereffective|p2b: Torkoal|1
|-damage|p2a: Pyroar|52/100
|-damage|p2b: Torkoal|0 fnt
|faint|p2b: Torkoal
|move|p1a: Incineroar|Darkest Lariat|p2a: Pyroar
|-damage|p2a: Pyroar|13/100
|move|p2a: Pyroar|Solar Beam||[still]
|-prepare|p2a: Pyroar|Solar Beam
|-anim|p2a: Pyroar|Solar Beam|p1b: Primarina
|-supereffective|p1b: Primarina|1
|-damage|p1b: Primarina|13/100
|
|-weather|SunnyDay|[upkeep]
|upkeep
|
|t:|1783293223
|switch|p2b: Altaria|Altaria, L50, F|56/100
|-ability|p2b: Altaria|Cloud Nine
|turn|7
|
|t:|1783293229
|switch|p1a: Sinistcha|Sinistcha, L50|55/100
|-heal|p1b: Primarina|38/100|[from] ability: Hospitality|[of] p1a: Sinistcha
|move|p2a: Pyroar|Protect|p2a: Pyroar
|-singleturn|p2a: Pyroar|Protect
|move|p1b: Primarina|Hyper Voice|p2a: Pyroar|[spread] p2b
|-activate|p2a: Pyroar|move: Protect
|-resisted|p2b: Altaria|1
|-damage|p2b: Altaria|42/100
|move|p2b: Altaria|Perish Song|p2b: Altaria
|-start|p1a: Sinistcha|perish3|[silent]
|-start|p1b: Primarina|perish3|[silent]
|-start|p2a: Pyroar|perish3|[silent]
|-start|p2b: Altaria|perish3|[silent]
|-fieldactivate|move: Perish Song
|
|-weather|SunnyDay|[upkeep]
|-heal|p1a: Sinistcha|61/100|[from] item: Leftovers
|-heal|p2b: Altaria|48/100|[from] item: Leftovers
|-start|p1b: Primarina|perish3
|-start|p2a: Pyroar|perish3
|-start|p1a: Sinistcha|perish3
|-start|p2b: Altaria|perish3
|-sideend|p1: benjitulio|move: Tailwind
|upkeep
|turn|8
|-message|lkwejaf forfeited.
|raw|benjitulio's rating: 1126 → 1145(+19 for winning)
|raw|lkwejaf's rating: 1046 → 1033(-13 for losing)
|
|win|benjitulio
