|j|☆lordtentacle69
|j|☆Kravell
|html|lordtentacle69Kravell    
|uhtml|bestof|Game 2 of a best-of-3
|t:|1783748629
|gametype|doubles
|player|p1|lordtentacle69|corbeau|1311
|player|p2|Kravell|backersf|1367
|gen|9
|tier|[Gen 9 Champions] VGC 2026 Reg M-B (Bo3)
|rated|
|rule|Species Clause: Limit one of each Pokémon
|rule|Item Clause: Limit 1 of each item
|clearpoke
|poke|p1|Delphox, L50, M|
|poke|p1|Incineroar, L50, F|
|poke|p1|Maushold-Four, L50|
|poke|p1|Sinistcha, L50|
|poke|p1|Sneasler, L50, F|
|poke|p1|Blastoise, L50, F|
|poke|p2|Blastoise, L50, F|
|poke|p2|Sinistcha, L50|
|poke|p2|Incineroar, L50, F|
|poke|p2|Sneasler, L50, F|
|poke|p2|Delphox, L50, M|
|poke|p2|Kingambit, L50, F|
|teampreview|4
|showteam|p1|Delphox||Delphoxite|Blaze|HeatWave,Psychic,NastyPlot,Protect|Timid||M|||50|]Incineroar||SitrusBerry|Intimidate|FakeOut,PartingShot,FlareBlitz,ThroatChop|Impish||F|||50|]Maushold-Four||ChopleBerry|FriendGuard|Feint,HelpingHand,Protect,FollowMe|Impish|||||50|]Sinistcha||KasibBerry|Hospitality|Protect,MatchaGotcha,TrickRoom,RagePowder|Bold|||||50|]Sneasler||FocusSash|PoisonTouch|CloseCombat,PoisonJab,QuickGuard,FakeOut|Adamant||F|||50|]Blastoise||Blastoisinite|RainDish|Protect,WaterSpout,DarkPulse,ShellSmash|Modest||F|||50|
|showteam|p2|Blastoise||Blastoisinite|RainDish|WaterSpout,DarkPulse,ShellSmash,Protect|Modest||F|||50|]Sinistcha||OccaBerry|Hospitality|MatchaGotcha,RagePowder,TrickRoom,Protect|Bold|||||50|]Incineroar||SitrusBerry|Intimidate|FlareBlitz,FakeOut,PartingShot,HelpingHand|Careful||F|||50|]Sneasler||FocusSash|PoisonTouch|PoisonJab,CloseCombat,FakeOut,QuickGuard|Jolly||F|||50|]Delphox||Delphoxite|Blaze|HeatWave,Psyshock,NastyPlot,Protect|Modest||M|||50|]Kingambit||BlackGlasses|Defiant|KowtowCleave,SuckerPunch,SwordsDance,Protect|Adamant||F|||50|
|
|t:|1783748649
|teamsize|p1|4
|teamsize|p2|4
|start
|switch|p1a: Brent|Blastoise, L50, F|100/100
|switch|p1b: Sarahn's OC|Sneasler, L50, F|100/100
|switch|p2a: Sneasler|Sneasler, L50, F|100/100
|switch|p2b: Blastoise|Blastoise, L50, F|100/100
|turn|1
|
|t:|1783748695
|detailschange|p2b: Blastoise|Blastoise-Mega, L50, F
|-mega|p2b: Blastoise|Blastoise|Blastoisinite
|detailschange|p1a: Brent|Blastoise-Mega, L50, F
|-mega|p1a: Brent|Blastoise|Blastoisinite
|move|p2a: Sneasler|Fake Out|p1b: Sarahn's OC
|-damage|p1b: Sarahn's OC|78/100
|cant|p1b: Sarahn's OC|flinch
|move|p1a: Brent|Shell Smash|p1a: Brent
|-unboost|p1a: Brent|def|1
|-unboost|p1a: Brent|spd|1
|-boost|p1a: Brent|atk|2
|-boost|p1a: Brent|spa|2
|-boost|p1a: Brent|spe|2
|move|p2b: Blastoise|Shell Smash|p2b: Blastoise
|-unboost|p2b: Blastoise|def|1
|-unboost|p2b: Blastoise|spd|1
|-boost|p2b: Blastoise|atk|2
|-boost|p2b: Blastoise|spa|2
|-boost|p2b: Blastoise|spe|2
|
|upkeep
|turn|2
|inactive|Battle timer is ON: inactive players will automatically lose when time's up. (requested by lordtentacle69)
|
|t:|1783748774
|move|p1a: Brent|Protect|p1a: Brent
|-singleturn|p1a: Brent|Protect
|move|p2b: Blastoise|Water Spout|p1a: Brent|[spread] p1b
|-activate|p1a: Brent|move: Protect
|-damage|p1b: Sarahn's OC|0 fnt
|faint|p1b: Sarahn's OC
|move|p2a: Sneasler|Poison Jab|p1a: Brent
|-activate|p1a: Brent|move: Protect
|
|upkeep
|
|t:|1783748784
|switch|p1b: MMCH|Maushold-Four, L50|100/100
|turn|3
|inactive|Kravell has 30 seconds left.
|inactive|Kravell has 20 seconds left.
|inactive|Kravell has 15 seconds left.
|inactive|Kravell has 10 seconds left.
|
|t:|1783748834
|move|p1b: MMCH|Feint|p2a: Sneasler
|-damage|p2a: Sneasler|85/100
|move|p2b: Blastoise|Dark Pulse|p1b: MMCH
|-damage|p1b: MMCH|6/100
|move|p1a: Brent|Water Spout|p2a: Sneasler|[spread] p2a,p2b
|-resisted|p2b: Blastoise|1
|-damage|p2a: Sneasler|0 fnt
|-damage|p2b: Blastoise|1/100
|faint|p2a: Sneasler
|
|upkeep
|
|t:|1783748842
|switch|p2a: Sinistcha|Sinistcha, L50|100/100
|-heal|p2b: Blastoise|25/100|[from] ability: Hospitality|[of] p2a: Sinistcha
|turn|4
|inactive|Kravell has 30 seconds left.
|inactive|Kravell has 20 seconds left.
|
|t:|1783748881
|move|p2b: Blastoise|Protect|p2b: Blastoise
|-singleturn|p2b: Blastoise|Protect
|move|p1b: MMCH|Follow Me|p1b: MMCH
|-singleturn|p1b: MMCH|move: Follow Me
|move|p1a: Brent|Water Spout|p2b: Blastoise|[spread] p2a
|-activate|p2b: Blastoise|move: Protect
|-resisted|p2a: Sinistcha|1
|-damage|p2a: Sinistcha|30/100
|move|p2a: Sinistcha|Matcha Gotcha|p1a: Brent|[spread] p1b
|-miss|p2a: Sinistcha|p1a: Brent
|-damage|p1b: MMCH|0 fnt
|-heal|p2a: Sinistcha|33/100|[from] drain|[of] p1b: MMCH
|faint|p1b: MMCH
|
|upkeep
|
|t:|1783748891
|switch|p1b: Green Day|Sinistcha, L50|100/100
|turn|5
|
|t:|1783748910
|move|p1b: Green Day|Rage Powder|p1b: Green Day
|-singleturn|p1b: Green Day|move: Rage Powder
|move|p1a: Brent|Water Spout|p2b: Blastoise|[spread] p2a,p2b
|-resisted|p2a: Sinistcha|1
|-resisted|p2b: Blastoise|1
|-damage|p2a: Sinistcha|0 fnt
|-damage|p2b: Blastoise|0 fnt
|faint|p2a: Sinistcha
|faint|p2b: Blastoise
|
|upkeep
|-message|Kravell forfeited.
|
|win|lordtentacle69
|raw|lordtentacle69's rating: 1311 → 1334(+23 for winning)
|raw|Kravell's rating: 1367 → 1344(-23 for losing)
|l|☆Kravell
|player|p2|
