|j|☆Turin0-3Spritz
|j|☆burd_vgc
|html|Turin0-3Spritzburd_vgc    
|uhtml|bestof|Game 1 of a best-of-3
|t:|1782992645
|gametype|doubles
|player|p1|Turin0-3Spritz|266|1278
|player|p2|burd_vgc|dawn|1179
|gen|9
|tier|[Gen 9 Champions] VGC 2026 Reg M-B (Bo3)
|rated|
|rule|Species Clause: Limit one of each Pokémon
|rule|Item Clause: Limit 1 of each item
|clearpoke
|poke|p1|Pelipper, L50, F|
|poke|p1|Archaludon, L50, M|
|poke|p1|Grimmsnarl, L50, M|
|poke|p1|Basculegion, L50, M|
|poke|p1|Venusaur, L50, F|
|poke|p1|Aegislash, L50, F|
|poke|p2|Delphox, L50, M|
|poke|p2|Milotic, L50, F|
|poke|p2|Sinistcha, L50|
|poke|p2|Garchomp, L50, F|
|poke|p2|Sneasler, L50, M|
|poke|p2|Kingambit, L50, M|
|teampreview|4
|showteam|p1|Pelipper||SitrusBerry|Drizzle|WeatherBall,Hurricane,Tailwind,HelpingHand|Modest||F|||50|]Archaludon||Leftovers|Stamina|ElectroShot,DragonPulse,FlashCannon,Protect|Calm||M|||50|]Grimmsnarl||LightClay|Prankster|FoulPlay,LightScreen,Reflect,PartingShot|Calm||M|||50|]Basculegion||ChoiceScarf|Adaptability|WaveCrash,FlipTurn,LastRespects,AquaJet|Jolly||M|||50|]Venusaur||Venusaurite|Chlorophyll|GigaDrain,SludgeBomb,EarthPower,Protect|Modest||F|||50|]Aegislash||FocusSash|StanceChange|IronHead,ShadowSneak,CloseCombat,KingsShield|Adamant||F|||50|
|showteam|p2|Delphox||Delphoxite|Blaze|Protect,NastyPlot,HeatWave,Psychic|Timid||M|||50|]Milotic||Leftovers|Competitive|Haze,Coil,Hypnosis,MuddyWater|Calm||F|||50|]Sinistcha||SitrusBerry|Hospitality|MatchaGotcha,RagePowder,LifeDew,Protect|Bold|||||50|]Garchomp||ChoiceScarf|RoughSkin|RockTomb,StompingTantrum,DragonClaw,RockSlide|Jolly||F|||50|]Sneasler||WhiteHerb|Unburden|FakeOut,Protect,DireClaw,CloseCombat|Adamant||M|||50|]Kingambit||BlackGlasses|Defiant|SwordsDance,Protect,SuckerPunch,IronHead|Adamant||M|||50|
|c|☆burd_vgc|Glhf
|
|t:|1782992680
|teamsize|p1|4
|teamsize|p2|4
|start
|switch|p1a: Grimmsnarl|Grimmsnarl, L50, M|100/100
|switch|p1b: Aegislash|Aegislash, L50, F|100/100
|switch|p2a: Kingambit|Kingambit, L50, M|100/100
|switch|p2b: Sinistcha|Sinistcha, L50|100/100
|turn|1
|
|t:|1782992694
|move|p2b: Sinistcha|Rage Powder|p2b: Sinistcha
|-singleturn|p2b: Sinistcha|move: Rage Powder
|-formechange|p1b: Aegislash|Aegislash-Blade|
|move|p1b: Aegislash|Iron Head|p2b: Sinistcha
|-damage|p2b: Sinistcha|64/100
|move|p1a: Grimmsnarl|Foul Play|p2b: Sinistcha
|-supereffective|p2b: Sinistcha|1
|-damage|p2b: Sinistcha|35/100
|-enditem|p2b: Sinistcha|Sitrus Berry|[eat]
|-heal|p2b: Sinistcha|60/100|[from] item: Sitrus Berry
|move|p2a: Kingambit|Swords Dance|p2a: Kingambit
|-boost|p2a: Kingambit|atk|2
|
|upkeep
|turn|2
|
|t:|1782992712
|move|p2b: Sinistcha|Rage Powder|p2b: Sinistcha
|-singleturn|p2b: Sinistcha|move: Rage Powder
|move|p1a: Grimmsnarl|Reflect|p1a: Grimmsnarl
|-sidestart|p1: Turin0-3Spritz|Reflect
|move|p2a: Kingambit|Sucker Punch|p1b: Aegislash
|-supereffective|p1b: Aegislash|1
|-enditem|p1b: Aegislash|Focus Sash
|-damage|p1b: Aegislash|1/100
|move|p1b: Aegislash|Iron Head|p2b: Sinistcha
|-damage|p2b: Sinistcha|24/100
|
|upkeep
|turn|3
|
|t:|1782992740
|switch|p1b: Archaludon|Archaludon, L50, M|100/100
|move|p2b: Sinistcha|Matcha Gotcha|p1a: Grimmsnarl|[spread] p1a,p1b
|-resisted|p1b: Archaludon|2
|-damage|p1a: Grimmsnarl|77/100
|-heal|p2b: Sinistcha|37/100|[from] drain|[of] p1a: Grimmsnarl
|-damage|p1b: Archaludon|94/100
|-heal|p2b: Sinistcha|40/100|[from] drain|[of] p1b: Archaludon
|-status|p1a: Grimmsnarl|brn
|-ability|p1b: Archaludon|Stamina|boost
|-boost|p1b: Archaludon|def|1
|move|p1a: Grimmsnarl|Foul Play|p2b: Sinistcha
|-supereffective|p2b: Sinistcha|1
|-damage|p2b: Sinistcha|25/100
|move|p2a: Kingambit|Iron Head|p1a: Grimmsnarl
|-supereffective|p1a: Grimmsnarl|1
|-damage|p1a: Grimmsnarl|0 fnt
|faint|p1a: Grimmsnarl
|
|-heal|p1b: Archaludon|100/100|[from] item: Leftovers
|upkeep
|
|t:|1782992762
|switch|p1a: Aegislash|Aegislash, L50, F|1/100
|turn|4
|
|t:|1782992771
|switch|p1a: Pelipper|Pelipper, L50, F|100/100
|-weather|RainDance|[from] ability: Drizzle|[of] p1a: Pelipper
|move|p2a: Kingambit|Sucker Punch|p1b: Archaludon
|-damage|p1b: Archaludon|67/100
|-ability|p1b: Archaludon|Stamina|boost
|-boost|p1b: Archaludon|def|1
|move|p1b: Archaludon|Electro Shot||[still]
|-prepare|p1b: Archaludon|Electro Shot
|-boost|p1b: Archaludon|spa|1
|-anim|p1b: Archaludon|Electro Shot|p2b: Sinistcha
|-resisted|p2b: Sinistcha|1
|-damage|p2b: Sinistcha|0 fnt
|faint|p2b: Sinistcha
|
|-weather|RainDance|[upkeep]
|-heal|p1b: Archaludon|73/100|[from] item: Leftovers
|upkeep
|
|t:|1782992777
|switch|p2b: Delphox|Delphox, L50, M|100/100
|turn|5
|
|t:|1782992788
|detailschange|p2b: Delphox|Delphox-Mega, L50, M
|-mega|p2b: Delphox|Delphox|Delphoxite
|move|p2a: Kingambit|Sucker Punch||[still]
|-fail|p2a: Kingambit
|move|p2b: Delphox|Psychic|p1b: Archaludon
|-resisted|p1b: Archaludon|1
|-damage|p1b: Archaludon|47/100
|-ability|p1b: Archaludon|Stamina|boost
|-boost|p1b: Archaludon|def|1
|move|p1b: Archaludon|Electro Shot||[still]
|-prepare|p1b: Archaludon|Electro Shot
|-boost|p1b: Archaludon|spa|1
|-anim|p1b: Archaludon|Electro Shot|p2a: Kingambit
|-damage|p2a: Kingambit|31/100
|move|p1a: Pelipper|Tailwind|p1a: Pelipper
|-sidestart|p1: Turin0-3Spritz|move: Tailwind
|
|-weather|RainDance|[upkeep]
|-heal|p1b: Archaludon|53/100|[from] item: Leftovers
|upkeep
|turn|6
|
|t:|1782992811
|move|p1a: Pelipper|Helping Hand|p1b: Archaludon
|-singleturn|p1b: Archaludon|Helping Hand|[of] p1a: Pelipper
|move|p2a: Kingambit|Sucker Punch||[still]
|-fail|p2a: Kingambit
|move|p1b: Archaludon|Electro Shot||[still]
|-prepare|p1b: Archaludon|Electro Shot
|-boost|p1b: Archaludon|spa|1
|-anim|p1b: Archaludon|Electro Shot|p2b: Delphox
|-damage|p2b: Delphox|0 fnt
|faint|p2b: Delphox
|
|-weather|RainDance|[upkeep]
|-heal|p1b: Archaludon|59/100|[from] item: Leftovers
|upkeep
|
|t:|1782992819
|switch|p2b: Garchomp|Garchomp, L50, F|100/100
|turn|7
|
|t:|1782992832
|move|p2a: Kingambit|Sucker Punch|p1b: Archaludon
|-damage|p1b: Archaludon|40/100
|-ability|p1b: Archaludon|Stamina|boost
|-boost|p1b: Archaludon|def|1
|move|p2b: Garchomp|Rock Slide|p1b: Archaludon|[spread] p1a,p1b
|-supereffective|p1a: Pelipper|1
|-resisted|p1b: Archaludon|1
|-damage|p1a: Pelipper|71/100
|-damage|p1b: Archaludon|38/100
|-ability|p1b: Archaludon|Stamina|boost
|-boost|p1b: Archaludon|def|1
|move|p1b: Archaludon|Dragon Pulse|p2b: Garchomp
|-supereffective|p2b: Garchomp|1
|-damage|p2b: Garchomp|0 fnt
|faint|p2b: Garchomp
|cant|p1a: Pelipper|flinch
|
|-weather|RainDance|[upkeep]
|-heal|p1b: Archaludon|44/100|[from] item: Leftovers
|upkeep
|turn|8
|-message|burd_vgc forfeited.
|
|win|Turin0-3Spritz
|l|☆burd_vgc
|player|p2|
||burd_vgc is ready for game 2.
||Turin0-3Spritz is ready for game 2.
|uhtml|next|Next: Game 2 of 3
