|j|☆GergeF
|j|☆kemaho
|html|GergeFkemaho    
|uhtml|bestof|Game 3 of a best-of-3
|t:|1755205210
|gametype|doubles
|player|p1|GergeF|colress|1249
|player|p2|kemaho|clerk|1181
|gen|9
|tier|[Gen 9] VGC 2025 Reg H (Bo3)
|rated|
|rule|Species Clause: Limit one of each Pokémon
|rule|Item Clause: Limit 1 of each item
|clearpoke
|poke|p1|Kingambit, L50, F|
|poke|p1|Rillaboom, L50, F|
|poke|p1|Electabuzz, L50, M|
|poke|p1|Volcarona, L50, M|
|poke|p1|Sneasler, L50, M|
|poke|p1|Dragonite, L50, M|
|poke|p2|Sneasler, L50, F|
|poke|p2|Samurott-Hisui, L50, F|
|poke|p2|Ninetales-Alola, L50, M|
|poke|p2|Gholdengo, L50|
|poke|p2|Dragonite, L50, F|
|poke|p2|Magmar, L50, F|
|teampreview|4
|showteam|p1|Kingambit||BlackGlasses|Defiant|Protect,KowtowCleave,SuckerPunch,SwordsDance|||F|||50|,,,,,Dark]Rillaboom||AssaultVest|GrassySurge|WoodHammer,GrassyGlide,HighHorsepower,FakeOut|||F|||50|,,,,,Fire]Electabuzz||Eviolite|VitalSpirit|Protect,Electroweb,HelpingHand,FollowMe|||M|||50|,,,,,Ghost]Volcarona||Leftovers|FlameBody|Protect,HeatWave,TeraBlast,QuiverDance|||M|||50|,,,,,Fairy]Sneasler||FocusSash|Unburden|CloseCombat,DireClaw,Coaching,FakeOut|||M|||50|,,,,,Stellar]Dragonite||LoadedDice|Multiscale|ScaleShot,Haze,ExtremeSpeed,Protect|||M|||50|,,,,,Fairy
|showteam|p2|Sneasler||FocusSash|PoisonTouch|DireClaw,CloseCombat,Coaching,FakeOut|||F|||50|,,,,,Ghost]Samurott-Hisui||AssaultVest|Sharpness|AquaCutter,KnockOff,SacredSword,SuckerPunch|||F|||50|,,,,,Ghost]Ninetales-Alola||CovertCloak|SnowWarning|Blizzard,FreezeDry,IcyWind,AuroraVeil|||M|||50|,,,,,Water]Gholdengo||MetalCoat|GoodasGold|MakeItRain,ShadowBall,NastyPlot,Protect||||||50|,,,,,Dragon]Dragonite||LoadedDice|Multiscale|ExtremeSpeed,Haze,ScaleShot,Protect|||F|||50|,,,,,Fairy]Magmar||Eviolite|VitalSpirit|HeatWave,WillOWisp,FollowMe,Protect|||F|||50|,,,,,Ghost
|
|t:|1755205223
|teamsize|p1|4
|teamsize|p2|4
|start
|switch|p1a: Dragonite|Dragonite, L50, M|100/100
|switch|p1b: Sneasler|Sneasler, L50, M|100/100
|switch|p2a: Magmar|Magmar, L50, F|100/100
|switch|p2b: Dragonite|Dragonite, L50, F|100/100
|turn|1
|
|t:|1755205264
|-terastallize|p1a: Dragonite|Fairy
|move|p2b: Dragonite|Protect|p2b: Dragonite
|-singleturn|p2b: Dragonite|Protect
|move|p1b: Sneasler|Coaching|p1a: Dragonite
|-boost|p1a: Dragonite|atk|1
|-boost|p1a: Dragonite|def|1
|move|p1a: Dragonite|Scale Shot|p2a: Magmar|[miss]
|-miss|p1a: Dragonite|p2a: Magmar
|move|p2a: Magmar|Will-O-Wisp|p1a: Dragonite
|-status|p1a: Dragonite|brn
|
|-damage|p1a: Dragonite|95/100 brn|[from] brn
|upkeep
|turn|2
|
|t:|1755205289
|move|p2a: Magmar|Follow Me|p2a: Magmar
|-singleturn|p2a: Magmar|move: Follow Me
|move|p1b: Sneasler|Dire Claw|p2a: Magmar
|-damage|p2a: Magmar|69/100
|-status|p2a: Magmar|par
|move|p1a: Dragonite|Scale Shot|p2a: Magmar
|-damage|p2a: Magmar|60/100 par
|-damage|p2a: Magmar|52/100 par
|-damage|p2a: Magmar|43/100 par
|-crit|p2a: Magmar
|-damage|p2a: Magmar|31/100 par
|-hitcount|p2a: Magmar|4
|-unboost|p1a: Dragonite|def|1
|-boost|p1a: Dragonite|spe|1
|move|p2b: Dragonite|Scale Shot|p1b: Sneasler
|-damage|p1b: Sneasler|73/100
|-damage|p1b: Sneasler|47/100
|-damage|p1b: Sneasler|22/100
|-damage|p1b: Sneasler|0 fnt
|faint|p1b: Sneasler
|-hitcount|p1: Sneasler|4
|-unboost|p2b: Dragonite|def|1
|-boost|p2b: Dragonite|spe|1
|
|-damage|p1a: Dragonite|89/100 brn|[from] brn
|upkeep
|
|t:|1755205314
|switch|p1b: Kingambit|Kingambit, L50, F|100/100
|turn|3
|
|t:|1755205346
|-terastallize|p2b: Dragonite|Fairy
|move|p2a: Magmar|Follow Me|p2a: Magmar
|-singleturn|p2a: Magmar|move: Follow Me
|move|p1a: Dragonite|Scale Shot|p2a: Magmar
|-damage|p2a: Magmar|21/100 par
|-damage|p2a: Magmar|13/100 par
|-damage|p2a: Magmar|4/100 par
|-crit|p2a: Magmar
|-damage|p2a: Magmar|0 fnt
|faint|p2a: Magmar
|-hitcount|p2: Magmar|4
|-unboost|p1a: Dragonite|def|1
|-boost|p1a: Dragonite|spe|1
|move|p2b: Dragonite|Scale Shot|p1b: Kingambit
|-resisted|p1b: Kingambit
|-damage|p1b: Kingambit|95/100
|-resisted|p1b: Kingambit
|-damage|p1b: Kingambit|89/100
|-resisted|p1b: Kingambit
|-damage|p1b: Kingambit|84/100
|-resisted|p1b: Kingambit
|-damage|p1b: Kingambit|78/100
|-hitcount|p1b: Kingambit|4
|-unboost|p2b: Dragonite|def|1
|-boost|p2b: Dragonite|spe|1
|move|p1b: Kingambit|Kowtow Cleave|p2b: Dragonite
|-resisted|p2b: Dragonite
|-damage|p2b: Dragonite|66/100
|
|-damage|p1a: Dragonite|83/100 brn|[from] brn
|upkeep
|
|t:|1755205375
|switch|p2a: Sneasler|Sneasler, L50, F|100/100
|turn|4
|
|t:|1755205393
|switch|p1b: Rillaboom|Rillaboom, L50, F|100/100
|-fieldstart|move: Grassy Terrain|[from] ability: Grassy Surge|[of] p1b: Rillaboom
|move|p1a: Dragonite|Protect|p1a: Dragonite
|-singleturn|p1a: Dragonite|Protect
|move|p2b: Dragonite|Scale Shot|p1b: Rillaboom
|-damage|p1b: Rillaboom|87/100
|-damage|p1b: Rillaboom|72/100
|-damage|p1b: Rillaboom|58/100
|-damage|p1b: Rillaboom|44/100
|-hitcount|p1b: Rillaboom|4
|-unboost|p2b: Dragonite|def|1
|-boost|p2b: Dragonite|spe|1
|move|p2a: Sneasler|Dire Claw|p1a: Dragonite
|-activate|p1a: Dragonite|move: Protect
|
|-heal|p2b: Dragonite|72/100|[from] Grassy Terrain
|-heal|p1a: Dragonite|89/100 brn|[from] Grassy Terrain
|-heal|p1b: Rillaboom|50/100|[from] Grassy Terrain
|-damage|p1a: Dragonite|83/100 brn|[from] brn
|upkeep
|turn|5
|
|t:|1755205425
|switch|p2a: Samurott|Samurott-Hisui, L50, F|100/100
|move|p1b: Rillaboom|Fake Out|p2a: Samurott
|-damage|p2a: Samurott|86/100
|move|p1a: Dragonite|Extreme Speed|p2b: Dragonite
|-damage|p2b: Dragonite|11/100
|move|p2b: Dragonite|Scale Shot|p1b: Rillaboom
|-damage|p1b: Rillaboom|35/100
|-damage|p1b: Rillaboom|21/100
|-damage|p1b: Rillaboom|6/100
|-damage|p1b: Rillaboom|0 fnt
|faint|p1b: Rillaboom
|-hitcount|p1: Rillaboom|4
|-unboost|p2b: Dragonite|def|1
|-boost|p2b: Dragonite|spe|1
|
|-heal|p2b: Dragonite|17/100|[from] Grassy Terrain
|-heal|p1a: Dragonite|89/100 brn|[from] Grassy Terrain
|-heal|p2a: Samurott|92/100|[from] Grassy Terrain
|-damage|p1a: Dragonite|83/100 brn|[from] brn
|upkeep
|
|t:|1755205445
|switch|p1b: Kingambit|Kingambit, L50, F|78/100
|turn|6
|
|t:|1755205470
|move|p1b: Kingambit|Protect|p1b: Kingambit
|-singleturn|p1b: Kingambit|Protect
|move|p2b: Dragonite|Extreme Speed|p1a: Dragonite
|-damage|p1a: Dragonite|34/100 brn
|move|p1a: Dragonite|Scale Shot|p2a: Samurott
|-damage|p2a: Samurott|79/100
|-damage|p2a: Samurott|69/100
|-damage|p2a: Samurott|57/100
|-damage|p2a: Samurott|46/100
|-damage|p2a: Samurott|34/100
|-hitcount|p2a: Samurott|5
|-unboost|p1a: Dragonite|def|1
|-boost|p1a: Dragonite|spe|1
|move|p2a: Samurott|Sacred Sword|p1b: Kingambit
|-activate|p1b: Kingambit|move: Protect
|
|-heal|p2b: Dragonite|23/100|[from] Grassy Terrain
|-heal|p1a: Dragonite|40/100 brn|[from] Grassy Terrain
|-heal|p2a: Samurott|40/100|[from] Grassy Terrain
|-heal|p1b: Kingambit|84/100|[from] Grassy Terrain
|-damage|p1a: Dragonite|34/100 brn|[from] brn
|upkeep
|turn|7
|
|t:|1755205501
|move|p2b: Dragonite|Extreme Speed|p1a: Dragonite
|-damage|p1a: Dragonite|0 fnt
|faint|p1a: Dragonite
|move|p1b: Kingambit|Sucker Punch|p2a: Samurott
|-resisted|p2a: Samurott
|-damage|p2a: Samurott|16/100
|move|p2a: Samurott|Sacred Sword|p1b: Kingambit
|-supereffective|p1b: Kingambit
|-damage|p1b: Kingambit|0 fnt
|faint|p1b: Kingambit
|
|win|kemaho
|raw|GergeF's rating: 1249 → 1219(-30 for losing)
|raw|kemaho's rating: 1181 → 1211(+30 for winning)
|l|☆GergeF
|player|p1|
