|j|☆Lagv
|j|☆wade connects
|html|Lagvwade connects    
|uhtml|bestof|Game 2 of a best-of-3
|t:|1785641872
|gametype|doubles
|player|p1|Lagv|265|1122
|player|p2|wade connects|101|1222
|gen|9
|tier|[Gen 9 Champions] VGC 2026 Reg M-B (Bo3)
|rated|
|rule|Species Clause: Limit one of each Pokémon
|rule|Item Clause: Limit 1 of each item
|clearpoke
|poke|p1|Maushold-Four, L50|
|poke|p1|Sableye, L50, M|
|poke|p1|Dragonite, L50, F|
|poke|p1|Delphox, L50, F|
|poke|p1|Ninetales, L50, F|
|poke|p1|Milotic, L50, M|
|poke|p2|Gholdengo, L50|
|poke|p2|Clefable, L50, F|
|poke|p2|Blaziken, L50, M, shiny|
|poke|p2|Sceptile, L50, M|
|poke|p2|Gyarados, L50, F, shiny|
|poke|p2|Aerodactyl, L50, M|
|teampreview|4
|showteam|p1|Maushold-Four||SilkScarf|Technician|PopulationBomb,FollowMe,BulletSeed,Protect|Jolly|||||50|]Sableye||RoseliBerry|Prankster|FakeOut,Encore,Disable,Gravity|Calm||M|||50|]Dragonite||Dragoninite|InnerFocus|Thunder,Blizzard,FocusBlast,Tailwind|Modest||F|||50|]Delphox||Delphoxite|Blaze|HeatWave,ExpandingForce,Hypnosis,Protect|Timid||F|||50|]Ninetales||ChoiceScarf|Drought|SolarBeam,WeatherBall,HeatWave,ShadowBall|Modest||F|||50|]Milotic||Leftovers|Competitive|MuddyWater,Hypnosis,IcyWind,Protect|Bold||M|||50|
|showteam|p2|Gholdengo||MetalCoat|GoodasGold|Protect,NastyPlot,ShadowBall,MakeItRain|Modest|||||50|]Clefable||Leftovers|Unaware|Protect,FollowMe,LifeDew,Moonblast|Bold||F|||50|]Blaziken||LifeOrb|SpeedBoost|Detect,CloseCombat,FlareBlitz,RockSlide|Adamant||M|||50|]Sceptile||Sceptilite|Overgrow|Detect,EnergyBall,DragonPulse,EarthPower|Timid||M|||50|]Gyarados||Gyaradosite|Intimidate|Protect,DragonDance,Waterfall,Crunch|Adamant||F|||50|]Aerodactyl||FocusSash|Unnerve|Protect,Tailwind,DualWingbeat,RockSlide|Jolly||M|||50|
|
|t:|1785641897
|teamsize|p1|4
|teamsize|p2|4
|start
|switch|p1a: Sableye|Sableye, L50, M|100/100
|switch|p1b: Delphox|Delphox, L50, F|100/100
|switch|p2a: Gyarados|Gyarados, L50, F, shiny|100/100
|switch|p2b: Clefable|Clefable, L50, F|100/100
|-ability|p2a: Gyarados|Intimidate|boost
|-unboost|p1a: Sableye|atk|1
|-unboost|p1b: Delphox|atk|1
|turn|1
|
|t:|1785641915
|detailschange|p1b: Delphox|Delphox-Mega, L50, F
|-mega|p1b: Delphox|Delphox|Delphoxite
|detailschange|p2a: Gyarados|Gyarados-Mega, L50, F, shiny
|-mega|p2a: Gyarados|Gyarados|Gyaradosite
|-ability|p2a: Gyarados|Mold Breaker
|move|p1a: Sableye|Gravity|p1a: Sableye
|-fieldstart|move: Gravity
|move|p1b: Delphox|Hypnosis|p2a: Gyarados
|-status|p2a: Gyarados|slp|[from] move: Hypnosis
|cant|p2a: Gyarados|slp
|move|p2b: Clefable|Life Dew||[still]|[still]|[spread] 
|-fail|p2a: Gyarados|heal
|-fail|p2b: Clefable|heal
|
|upkeep
|turn|2
|
|t:|1785641933
|switch|p1b: Maushold|Maushold-Four, L50|100/100
|move|p2b: Clefable|Follow Me|p2b: Clefable
|-singleturn|p2b: Clefable|move: Follow Me
|move|p1a: Sableye|Encore|p2b: Clefable
|-start|p2b: Clefable|Encore
|-curestatus|p2a: Gyarados|slp|[msg]
|move|p2a: Gyarados|Crunch|p1b: Maushold
|-damage|p1b: Maushold|17/100
|
|upkeep
|turn|3
|
|t:|1785641953
|switch|p1a: Ninetales|Ninetales, L50, F|100/100
|-weather|SunnyDay|[from] ability: Drought|[of] p1a: Ninetales
|move|p2b: Clefable|Follow Me|p2b: Clefable
|-singleturn|p2b: Clefable|move: Follow Me
|move|p1b: Maushold|Population Bomb|p2b: Clefable
|-crit|p2b: Clefable
|-damage|p2b: Clefable|83/100
|-damage|p2b: Clefable|72/100
|-damage|p2b: Clefable|63/100
|-damage|p2b: Clefable|52/100
|-damage|p2b: Clefable|40/100
|-damage|p2b: Clefable|29/100
|-damage|p2b: Clefable|18/100
|-damage|p2b: Clefable|7/100
|-damage|p2b: Clefable|0 fnt
|faint|p2b: Clefable
|-hitcount|p2: Clefable|9
|move|p2a: Gyarados|Dragon Dance|p2a: Gyarados
|-boost|p2a: Gyarados|atk|1
|-boost|p2a: Gyarados|spe|1
|
|-weather|SunnyDay|[upkeep]
|upkeep
|
|t:|1785641978
|switch|p2b: Aerodactyl|Aerodactyl, L50, M|100/100
|-ability|p2b: Aerodactyl|Unnerve
|turn|4
|
|t:|1785641988
|move|p1a: Ninetales|Heat Wave|p2b: Aerodactyl|[spread] p2a,p2b
|-resisted|p2a: Gyarados|1
|-resisted|p2b: Aerodactyl|1
|-damage|p2a: Gyarados|84/100
|-damage|p2b: Aerodactyl|69/100
|move|p2b: Aerodactyl|Rock Slide|p1a: Ninetales|[spread] p1a,p1b
|-supereffective|p1a: Ninetales|1
|-crit|p1b: Maushold
|-damage|p1a: Ninetales|24/100
|-damage|p1b: Maushold|0 fnt
|faint|p1b: Maushold
|move|p2a: Gyarados|Crunch|p1a: Ninetales
|-damage|p1a: Ninetales|0 fnt
|faint|p1a: Ninetales
|
|-weather|SunnyDay|[upkeep]
|upkeep
|
|t:|1785642000
|switch|p1b: Sableye|Sableye, L50, M|100/100
|switch|p1a: Delphox|Delphox-Mega, L50, F|100/100
|turn|5
|
|t:|1785642012
|move|p2a: Gyarados|Protect|p2a: Gyarados
|-singleturn|p2a: Gyarados|Protect
|move|p1b: Sableye|Fake Out|p2b: Aerodactyl
|-resisted|p2b: Aerodactyl|1
|-damage|p2b: Aerodactyl|63/100
|move|p1a: Delphox|Expanding Force|p2b: Aerodactyl
|-crit|p2b: Aerodactyl
|-damage|p2b: Aerodactyl|0 fnt
|faint|p2b: Aerodactyl
|
|-weather|SunnyDay|[upkeep]
|-fieldend|move: Gravity
|upkeep
|
|t:|1785642024
|switch|p2b: Gholdengo|Gholdengo, L50|100/100
|turn|6
|
|t:|1785642036
|move|p1a: Delphox|Protect|p1a: Delphox
|-singleturn|p1a: Delphox|Protect
|move|p1b: Sableye|Gravity|p1b: Sableye
|-fieldstart|move: Gravity
|move|p2a: Gyarados|Crunch|p1a: Delphox
|-activate|p1a: Delphox|move: Protect
|move|p2b: Gholdengo|Shadow Ball|p1a: Delphox
|-activate|p1a: Delphox|move: Protect
|
|-weather|SunnyDay|[upkeep]
|upkeep
|turn|7
|
|t:|1785642055
|move|p1b: Sableye|Encore|p2a: Gyarados
|-hint|Since gen 7, Dark is immune to Prankster moves.
|-immune|p2a: Gyarados
|move|p1a: Delphox|Heat Wave|p2b: Gholdengo|[spread] p2a,p2b
|-resisted|p2a: Gyarados|1
|-supereffective|p2b: Gholdengo|1
|-damage|p2a: Gyarados|60/100
|-damage|p2b: Gholdengo|0 fnt
|faint|p2b: Gholdengo
|move|p2a: Gyarados|Crunch|p1a: Delphox
|-supereffective|p1a: Delphox|1
|-damage|p1a: Delphox|0 fnt
|faint|p1a: Delphox
|
|-weather|none
|upkeep
|turn|8
|
|t:|1785642068
|move|p1b: Sableye|Encore|p2a: Gyarados
|-hint|Since gen 7, Dark is immune to Prankster moves.
|-immune|p2a: Gyarados
|move|p2a: Gyarados|Dragon Dance|p2a: Gyarados
|-boost|p2a: Gyarados|atk|1
|-boost|p2a: Gyarados|spe|1
|
|upkeep
|turn|9
|c|☆wade connects|Ggwp
|c|☆Lagv|gg
|
|t:|1785642080
|move|p1b: Sableye|Encore|p2a: Gyarados
|-hint|Since gen 7, Dark is immune to Prankster moves.
|-immune|p2a: Gyarados
|move|p2a: Gyarados|Waterfall|p1b: Sableye
|-damage|p1b: Sableye|0 fnt
|faint|p1b: Sableye
|
|win|wade connects
|raw|Lagv's rating: 1122 → 1104(-18 for losing)
|raw|wade connects's rating: 1222 → 1240(+18 for winning)
|l|☆Lagv
|player|p1|
