|j|☆SunshineTufo
|j|☆IceyMochi
|html|SunshineTufoIceyMochi    
|uhtml|bestof|Game 2 of a best-of-3
|t:|1783882609
|gametype|doubles
|player|p1|SunshineTufo|li|1101
|player|p2|IceyMochi|caitlin|1175
|gen|9
|tier|[Gen 9 Champions] VGC 2026 Reg M-B (Bo3)
|rated|
|rule|Species Clause: Limit one of each Pokémon
|rule|Item Clause: Limit 1 of each item
|clearpoke
|poke|p1|Charizard, L50, M, shiny|
|poke|p1|Incineroar, L50, M, shiny|
|poke|p1|Sylveon, L50, M, shiny|
|poke|p1|Aerodactyl, L50, M, shiny|
|poke|p1|Garchomp, L50, M|
|poke|p1|Farigiraf, L50, M, shiny|
|poke|p2|Froslass, L50, F, shiny|
|poke|p2|Whimsicott, L50, M|
|poke|p2|Basculegion, L50, M|
|poke|p2|Kingambit, L50, M|
|poke|p2|Sneasler, L50, F|
|poke|p2|Glimmora, L50, F|
|teampreview|4
|showteam|p1|Charizard||CharizarditeY|SolarPower|HeatWave,WeatherBall,SolarBeam,Protect|Modest||M|||50|]Incineroar||Charcoal|Intimidate|FlareBlitz,DarkestLariat,PartingShot,FakeOut|Brave||M|||50|]Sylveon||FairyFeather|Pixilate|HyperVoice,QuickAttack,HyperBeam,Protect|Modest||M|||50|]Aerodactyl||Aerodactylite|Unnerve|WideGuard,RockSlide,DualWingbeat,Tailwind|Jolly||M|||50|]Garchomp||LifeOrb|RoughSkin|Protect,RockSlide,DragonClaw,Earthquake|Adamant||M|||50|]Farigiraf||SitrusBerry|ArmorTail|SunnyDay,PsychicFangs,Thunderbolt,TrickRoom|Relaxed||M|||50|
|showteam|p2|Froslass||Froslassite|CursedBody|Protect,NastyPlot,Blizzard,ShadowBall|Timid||F|||50|]Whimsicott||FocusSash|Prankster|Tailwind,Encore,Moonblast,Protect|Bold||M|||50|]Basculegion||MysticWater|Adaptability|WaveCrash,LastRespects,AquaJet,Protect|Adamant||M|||50|]Kingambit||BlackGlasses|Defiant|SuckerPunch,KowtowCleave,IronHead,LowKick|Adamant||M|||50|]Sneasler||WhiteHerb|Unburden|DireClaw,CloseCombat,RockSlide,Protect|Adamant||F|||50|]Glimmora||LifeOrb|ToxicDebris|Protect,PowerGem,SludgeWave,EarthPower|Timid||F|||50|
|inactive|Battle timer is ON: inactive players will automatically lose when time's up. (requested by SunshineTufo)
|inactive|IceyMochi has 60 seconds left.
|
|t:|1783882642
|teamsize|p1|4
|teamsize|p2|4
|start
|switch|p1a: Incineroar|Incineroar, L50, M, shiny|100/100
|switch|p1b: Farigiraf|Farigiraf, L50, M, shiny|100/100
|switch|p2a: Glimmora|Glimmora, L50, F|100/100
|switch|p2b: Kingambit|Kingambit, L50, M|100/100
|-ability|p1a: Incineroar|Intimidate|boost
|-unboost|p2a: Glimmora|atk|1
|-unboost|p2b: Kingambit|atk|1
|-ability|p2b: Kingambit|Defiant|boost
|-boost|p2b: Kingambit|atk|2
|turn|1
|
|t:|1783882651
|move|p1a: Incineroar|Fake Out|p2b: Kingambit
|-resisted|p2b: Kingambit|1
|-damage|p2b: Kingambit|94/100
|move|p2a: Glimmora|Power Gem|p1a: Incineroar
|-supereffective|p1a: Incineroar|1
|-damage|p1a: Incineroar|1/100
|-damage|p2a: Glimmora|90/100|[from] item: Life Orb
|cant|p2b: Kingambit|flinch
|move|p1b: Farigiraf|Trick Room|p1b: Farigiraf
|-fieldstart|move: Trick Room|[of] p1b: Farigiraf
|
|upkeep
|turn|2
|
|t:|1783882674
|switch|p2b: Basculegion|Basculegion, L50, M|100/100
|move|p2a: Glimmora|Protect|p2a: Glimmora
|-singleturn|p2a: Glimmora|Protect
|move|p1b: Farigiraf|Sunny Day|p1b: Farigiraf
|-weather|SunnyDay
|move|p1a: Incineroar|Flare Blitz|p2b: Basculegion
|-resisted|p2b: Basculegion|1
|-damage|p2b: Basculegion|41/100
|-damage|p1a: Incineroar|0 fnt|[from] Recoil
|faint|p1a: Incineroar
|
|-weather|SunnyDay|[upkeep]
|upkeep
|
|t:|1783882682
|switch|p1a: Garchomp|Garchomp, L50, M|100/100
|turn|3
|
|t:|1783882692
|move|p2b: Basculegion|Protect|p2b: Basculegion
|-singleturn|p2b: Basculegion|Protect
|move|p1b: Farigiraf|Thunderbolt|p2b: Basculegion
|-activate|p2b: Basculegion|move: Protect
|move|p1a: Garchomp|Earthquake|p2a: Glimmora|[spread] p1b,p2a
|-activate|p2b: Basculegion|move: Protect
|-supereffective|p2a: Glimmora|2
|-damage|p1b: Farigiraf|58/100
|-damage|p2a: Glimmora|0 fnt
|-activate|p2a: Glimmora|ability: Toxic Debris
|-sidestart|p1: SunshineTufo|move: Toxic Spikes
|faint|p2a: Glimmora
|-damage|p1a: Garchomp|90/100|[from] item: Life Orb
|
|-weather|SunnyDay|[upkeep]
|upkeep
|
|t:|1783882706
|switch|p2a: Vanilla|Froslass, L50, F, shiny|100/100
|turn|4
|
|t:|1783882716
|detailschange|p2a: Vanilla|Froslass-Mega, L50, F, shiny
|-mega|p2a: Vanilla|Froslass|Froslassite
|-weather|Snowscape|[from] ability: Snow Warning|[of] p2a: Vanilla
|move|p1b: Farigiraf|Sunny Day|p1b: Farigiraf
|-weather|SunnyDay
|move|p2b: Basculegion|Wave Crash|p1b: Farigiraf
|-damage|p1b: Farigiraf|19/100
|-enditem|p1b: Farigiraf|Sitrus Berry|[eat]
|-heal|p1b: Farigiraf|44/100|[from] item: Sitrus Berry
|-damage|p2b: Basculegion|29/100|[from] Recoil
|move|p1a: Garchomp|Earthquake|p2a: Vanilla|[spread] p1b,p2a,p2b
|-damage|p1b: Farigiraf|9/100
|-damage|p2a: Vanilla|24/100
|-damage|p2b: Basculegion|0 fnt
|faint|p2b: Basculegion
|-damage|p1a: Garchomp|80/100|[from] item: Life Orb
|move|p2a: Vanilla|Blizzard|p1b: Farigiraf|[spread] p1a,p1b
|-supereffective|p1a: Garchomp|2
|-damage|p1a: Garchomp|0 fnt
|-damage|p1b: Farigiraf|0 fnt
|faint|p1a: Garchomp
|faint|p1b: Farigiraf
|
|-weather|SunnyDay|[upkeep]
|upkeep
|
|t:|1783882723
|switch|p1b: Charizard|Charizard, L50, M, shiny|100/100
|switch|p2b: Kingambit|Kingambit, L50, M|94/100
|turn|5
|
|t:|1783882731
|detailschange|p1b: Charizard|Charizard-Mega-Y, L50, M, shiny
|-mega|p1b: Charizard|Charizard|Charizardite Y
|move|p2a: Vanilla|Protect|p2a: Vanilla
|-singleturn|p2a: Vanilla|Protect
|move|p2b: Kingambit|Sucker Punch|p1b: Charizard
|-damage|p1b: Charizard|43/100
|move|p1b: Charizard|Heat Wave|p2b: Kingambit|[spread] p2b
|-activate|p2a: Vanilla|move: Protect
|-supereffective|p2b: Kingambit|1
|-damage|p2b: Kingambit|0 fnt
|faint|p2b: Kingambit
|
|-weather|SunnyDay|[upkeep]
|-fieldend|move: Trick Room
|upkeep
|turn|6
|
|t:|1783882740
|move|p2a: Vanilla|Shadow Ball|p1b: Charizard
|-damage|p1b: Charizard|2/100
|move|p1b: Charizard|Weather Ball|p2a: Vanilla
|-supereffective|p2a: Vanilla|1
|-damage|p2a: Vanilla|0 fnt
|faint|p2a: Vanilla
|
|win|SunshineTufo
|raw|SunshineTufo's rating: 1101 → 1131(+30 for winning)
|raw|IceyMochi's rating: 1175 → 1145(-30 for losing)
