|j|☆toughlogvgc
|j|☆ballfondler4000
|html|toughlogvgcballfondler4000    
|uhtml|bestof|Game 2 of a best-of-3
|t:|1783884765
|gametype|doubles
|player|p1|toughlogvgc|1|1151
|player|p2|ballfondler4000|170|1002
|gen|9
|tier|[Gen 9 Champions] VGC 2026 Reg M-B (Bo3)
|rated|
|rule|Species Clause: Limit one of each Pokémon
|rule|Item Clause: Limit 1 of each item
|clearpoke
|poke|p1|Charizard, L50, M|
|poke|p1|Garchomp, L50, M|
|poke|p1|Basculegion, L50, M|
|poke|p1|Whimsicott, L50, F|
|poke|p1|Kingambit, L50, F|
|poke|p1|Floette-Eternal, L50, F|
|poke|p2|Aegislash, L50, F|
|poke|p2|Sylveon, L50, F|
|poke|p2|Garchomp, L50, F|
|poke|p2|Zoroark-Hisui, L50, F|
|poke|p2|Charizard, L50, F|
|poke|p2|Talonflame, L50, F|
|teampreview|4
|showteam|p1|Charizard||CharizarditeY|Blaze|HeatWave,SolarBeam,Protect,WeatherBall|Modest||M|||50|]Garchomp||LifeOrb|RoughSkin|DragonClaw,Earthquake,RockSlide,Protect|Jolly||M|||50|]Basculegion||ChoiceScarf|Adaptability|WaveCrash,AquaJet,FlipTurn,LastRespects|Adamant||M|||50|]Whimsicott||FocusSash|Prankster|Moonblast,Tailwind,Protect,Encore|Timid||F|||50|]Kingambit||BlackGlasses|Defiant|IronHead,KowtowCleave,Protect,SuckerPunch|Adamant||F|||50|]Floette-Eternal||Floettite|FlowerVeil|Moonblast,LightofRuin,DazzlingGleam,Protect|Modest||F|||50|
|showteam|p2|Aegislash||SitrusBerry|StanceChange|KingsShield,ShadowBall,FlashCannon,WideGuard|Modest||F|||50|]Sylveon||IronBall|Pixilate|Round,Protect,HyperBeam,Copycat|Quiet||F|||50|]Garchomp||LifeOrb|RoughSkin|RockSlide,DragonClaw,Protect,Earthquake|Naive||F|||50|]Zoroark-Hisui||FocusSash|Illusion|Round,BitterMalice,HyperBeam,GrassKnot|Timid||F|||50|]Charizard||CharizarditeY|Blaze|SolarBeam,Protect,HeatWave,WeatherBall|Modest||F|||50|]Talonflame|||FlameBody|Acrobatics,FlareBlitz,QuickGuard,Tailwind|Serious||F|||50|
|
|t:|1783884814
|teamsize|p1|4
|teamsize|p2|4
|start
|switch|p1a: Garchomp|Garchomp, L50, M|100/100
|switch|p1b: Basculegion|Basculegion, L50, M|100/100
|switch|p2a: Talonflame|Talonflame, L50, F|100/100
|switch|p2b: Charizard|Charizard, L50, F|100/100
|turn|1
|
|t:|1783884854
|move|p1b: Basculegion|Flip Turn|p2a: Talonflame
|-supereffective|p2a: Talonflame|1
|-damage|p2a: Talonflame|0 fnt
|-status|p1b: Basculegion|brn|[from] ability: Flame Body|[of] p2a: Talonflame
|faint|p2a: Talonflame
|
|t:|1783884861
|switch|p1b: Whimsicott|Whimsicott, L50, F|100/100|[from] Flip Turn
|move|p2b: Charizard|Bitter Malice|p1b: Whimsicott
|-damage|p1b: Whimsicott|33/100
|-unboost|p1b: Whimsicott|atk|1
|move|p1a: Garchomp|Rock Slide|p2b: Charizard
|-damage|p2b: Charizard|23/100
|replace|p2b: Zoroark|Zoroark-Hisui, L50, F
|-end|p2b: Zoroark|Illusion
|-damage|p1a: Garchomp|90/100|[from] item: Life Orb
|
|upkeep
|
|t:|1783884877
|switch|p2a: Charizard|Charizard, L50, F|100/100
|turn|2
|
|t:|1783884888
|detailschange|p2a: Charizard|Charizard-Mega-Y, L50, F
|-mega|p2a: Charizard|Charizard|Charizardite Y
|-weather|SunnyDay|[from] ability: Drought|[of] p2a: Charizard
|move|p2a: Charizard|Protect|p2a: Charizard
|-singleturn|p2a: Charizard|Protect
|move|p1b: Whimsicott|Tailwind|p1b: Whimsicott
|-sidestart|p1: toughlogvgc|move: Tailwind
|move|p1a: Garchomp|Rock Slide|p2b: Zoroark|[spread] p2b
|-activate|p2a: Charizard|move: Protect
|-damage|p2b: Zoroark|0 fnt
|faint|p2b: Zoroark
|-damage|p1a: Garchomp|80/100|[from] item: Life Orb
|
|-weather|SunnyDay|[upkeep]
|upkeep
|
|t:|1783884902
|switch|p2b: Garchomp|Garchomp, L50, F|100/100
|turn|3
|
|t:|1783884935
|move|p1b: Whimsicott|Encore|p2a: Charizard
|-start|p2a: Charizard|Encore
|move|p2a: Charizard|Protect||[still]
|-fail|p2a: Charizard
|move|p1a: Garchomp|Dragon Claw|p2b: Garchomp
|-supereffective|p2b: Garchomp|1
|-damage|p2b: Garchomp|0 fnt
|-damage|p1a: Garchomp|68/100|[from] ability: Rough Skin|[of] p2b: Garchomp
|faint|p2b: Garchomp
|-damage|p1a: Garchomp|58/100|[from] item: Life Orb
|
|-weather|SunnyDay|[upkeep]
|upkeep
|turn|4
|
|t:|1783884958
|switch|p1b: Basculegion|Basculegion, L50, M|100/100 brn
|move|p2a: Charizard|Protect|p2a: Charizard
|-singleturn|p2a: Charizard|Protect
|move|p1a: Garchomp|Rock Slide|p2a: Charizard
|-activate|p2a: Charizard|move: Protect
|
|-weather|SunnyDay|[upkeep]
|-damage|p1b: Basculegion|93/100 brn|[from] brn
|upkeep
|turn|5
|
|t:|1783884971
|move|p2a: Charizard|Protect||[still]
|-fail|p2a: Charizard
|move|p1b: Basculegion|Flip Turn|p2a: Charizard
|-supereffective|p2a: Charizard|1
|-damage|p2a: Charizard|69/100
|
|t:|1783884978
|switch|p1b: Whimsicott|Whimsicott, L50, F|33/100|[from] Flip Turn
|move|p1a: Garchomp|Rock Slide|p2a: Charizard
|-supereffective|p2a: Charizard|2
|-damage|p2a: Charizard|0 fnt
|faint|p2a: Charizard
|-damage|p1a: Garchomp|48/100|[from] item: Life Orb
|
|win|toughlogvgc
||ballfondler4000 is ready for game 3.
|inactive|toughlogvgc has 30 seconds to confirm battle start!
||toughlogvgc is ready for game 3.
|uhtml|next|Next: Game 3 of 3
|l|☆ballfondler4000
|player|p2|
