|j|‽ratchford
|j|☆RGAngel
|html|ratchfordRGAngel    
|uhtml|bestof|Game 3 of a best-of-3
|t:|1757184204
|gametype|doubles
|player|p1|ratchford|cynthia-gen4|1125
|player|p2|RGAngel|cynthia|1086
|gen|9
|tier|[Gen 9] VGC 2025 Reg H (Bo3)
|rated|
|rule|Species Clause: Limit one of each Pokémon
|rule|Item Clause: Limit 1 of each item
|clearpoke
|poke|p1|Incineroar, L50, M|
|poke|p1|Amoonguss, L50, M|
|poke|p1|Gholdengo, L50|
|poke|p1|Basculegion, L50, M|
|poke|p1|Pelipper, L50, F|
|poke|p1|Archaludon, L50, M|
|poke|p2|Glaceon, L50, F|
|poke|p2|Gallade, L50, M|
|poke|p2|Ninetales-Alola, L50, F|
|poke|p2|Talonflame, L50, F|
|poke|p2|Garchomp, L50, M|
|poke|p2|Incineroar, L50, M|
|teampreview|4
|showteam|p1|Incineroar||SafetyGoggles|Intimidate|FakeOut,PartingShot,KnockOff,FlareBlitz|||M|||50|,,,,,Ghost]Amoonguss||SitrusBerry|Regenerator|Protect,RagePowder,Spore,SludgeBomb|||M|||50|,,,,,Water]Gholdengo||LifeOrb|GoodasGold|Protect,NastyPlot,MakeItRain,ShadowBall||||||50|,,,,,Water]Basculegion||ChoiceBand|SwiftSwim|WaveCrash,LastRespects,FlipTurn,AquaJet|||M|||50|,,,,,Water]Pelipper||FocusSash|Drizzle|Protect,WeatherBall,Hurricane,Tailwind|||F|||50|,,,,,Ground]Archaludon||AssaultVest|Stamina|DragonPulse,ElectroShot,BodyPress,FlashCannon|||M|||50|,,,,,Bug
|showteam|p2|Glaceon||BrightPowder|SnowCloak|FreezeDry,Blizzard,CalmMind,Protect|||F|||50|,,,,,Steel]Gallade||ClearAmulet|Sharpness|PsychoCut,SacredSword,TrickRoom,WideGuard|||M|||50|,,,,,Fire]Ninetales-Alola||LightClay|SnowWarning|AuroraVeil,Blizzard,FreezeDry,Protect|||F|||50|,,,,,Ghost]Talonflame||SafetyGoggles|GaleWings|DualWingbeat,Tailwind,Taunt,WillOWisp|||F|||50|,,,,,Ghost]Garchomp||LoadedDice|RoughSkin|StompingTantrum,ScaleShot,SwordsDance,Protect|||M|||50|,,,,,Fairy]Incineroar||RockyHelmet|Intimidate|FakeOut,FlareBlitz,PartingShot,KnockOff|||M|||50|,,,,,Grass
|inactive|Battle timer is ON: inactive players will automatically lose when time's up. (requested by RGAngel)
|inactive|ratchford has 60 seconds left.
|
|t:|1757184251
|teamsize|p1|4
|teamsize|p2|4
|start
|switch|p1a: Incineroar|Incineroar, L50, M|100/100
|switch|p1b: Archaludon|Archaludon, L50, M|100/100
|switch|p2a: Talonflame|Talonflame, L50, F|100/100
|switch|p2b: Glaceon|Glaceon, L50, F|100/100
|-ability|p1a: Incineroar|Intimidate|boost
|-unboost|p2a: Talonflame|atk|1
|-unboost|p2b: Glaceon|atk|1
|turn|1
|inactive|ratchford has 30 seconds left.
|inactive|RGAngel has 30 seconds left.
|inactive|ratchford has 20 seconds left.
|inactive|ratchford has 15 seconds left.
|
|t:|1757184292
|move|p1a: Incineroar|Fake Out|p2a: Talonflame
|-damage|p2a: Talonflame|85/100
|cant|p2a: Talonflame|flinch
|move|p1b: Archaludon|Flash Cannon|p2b: Glaceon
|-supereffective|p2b: Glaceon
|-damage|p2b: Glaceon|16/100
|move|p2b: Glaceon|Calm Mind|p2b: Glaceon
|-boost|p2b: Glaceon|spa|1
|-boost|p2b: Glaceon|spd|1
|
|upkeep
|turn|2
|
|t:|1757184320
|move|p2b: Glaceon|Protect|p2b: Glaceon
|-singleturn|p2b: Glaceon|Protect
|move|p2a: Talonflame|Tailwind|p2a: Talonflame
|-sidestart|p2: RGAngel|move: Tailwind
|move|p1b: Archaludon|Flash Cannon|p2b: Glaceon
|-activate|p2b: Glaceon|move: Protect
|move|p1a: Incineroar|Parting Shot|p2a: Talonflame
|-unboost|p2a: Talonflame|atk|1
|-unboost|p2a: Talonflame|spa|1
|
|t:|1757184328
|switch|p1a: Gholdengo|Gholdengo, L50|100/100|[from] Parting Shot
|
|upkeep
|turn|3
|
|t:|1757184351
|switch|p2a: Ninetales|Ninetales-Alola, L50, F|100/100
|-weather|Snowscape|[from] ability: Snow Warning|[of] p2a: Ninetales
|move|p2b: Glaceon|Blizzard|p1b: Archaludon|[spread] p1a,p1b
|-resisted|p1a: Gholdengo
|-damage|p1a: Gholdengo|62/100
|-damage|p1b: Archaludon|49/100
|-ability|p1b: Archaludon|Stamina|boost
|-boost|p1b: Archaludon|def|1
|move|p1a: Gholdengo|Nasty Plot|p1a: Gholdengo
|-boost|p1a: Gholdengo|spa|2
|move|p1b: Archaludon|Body Press|p2b: Glaceon
|-supereffective|p2b: Glaceon
|-damage|p2b: Glaceon|0 fnt
|faint|p2b: Glaceon
|
|-weather|Snowscape|[upkeep]
|upkeep
|
|t:|1757184366
|switch|p2b: Garchomp|Garchomp, L50, M|100/100
|turn|4
|inactive|ratchford has 30 seconds left.
|
|t:|1757184396
|switch|p2a: Talonflame|Talonflame, L50, F|85/100
|switch|p1b: Incineroar|Incineroar, L50, M|100/100
|-ability|p1b: Incineroar|Intimidate|boost
|-unboost|p2a: Talonflame|atk|1
|-unboost|p2b: Garchomp|atk|1
|-terastallize|p2b: Garchomp|Fairy
|move|p2b: Garchomp|Stomping Tantrum|p1a: Gholdengo
|-supereffective|p1a: Gholdengo
|-damage|p1a: Gholdengo|0 fnt
|faint|p1a: Gholdengo
|
|-weather|Snowscape|[upkeep]
|upkeep
|
|t:|1757184413
|switch|p1a: Archaludon|Archaludon, L50, M|49/100
|turn|5
|
|t:|1757184435
|switch|p2b: Ninetales|Ninetales-Alola, L50, F|100/100
|-terastallize|p1a: Archaludon|Bug
|move|p2a: Talonflame|Will-O-Wisp|p1a: Archaludon|[miss]
|-miss|p2a: Talonflame|p1a: Archaludon
|move|p1a: Archaludon|Flash Cannon|p2b: Ninetales
|-supereffective|p2b: Ninetales
|-damage|p2b: Ninetales|0 fnt
|faint|p2b: Ninetales
|move|p1b: Incineroar|Parting Shot|p2a: Talonflame
|-unboost|p2a: Talonflame|atk|1
|-unboost|p2a: Talonflame|spa|1
|
|t:|1757184443
|switch|p1b: Pelipper|Pelipper, L50, F|100/100|[from] Parting Shot
|-weather|RainDance|[from] ability: Drizzle|[of] p1b: Pelipper
|
|-weather|RainDance|[upkeep]
|-sideend|p2: RGAngel|move: Tailwind
|upkeep
|
|t:|1757184451
|switch|p2b: Garchomp|Garchomp, L50, M, tera:Fairy|100/100
|turn|6
|
|t:|1757184471
|switch|p1b: Incineroar|Incineroar, L50, M|100/100
|-ability|p1b: Incineroar|Intimidate|boost
|-unboost|p2a: Talonflame|atk|1
|-unboost|p2b: Garchomp|atk|1
|move|p2a: Talonflame|Taunt|p1a: Archaludon
|-start|p1a: Archaludon|move: Taunt
|move|p2b: Garchomp|Swords Dance|p2b: Garchomp
|-boost|p2b: Garchomp|atk|2
|move|p1a: Archaludon|Electro Shot||[still]
|-prepare|p1a: Archaludon|Electro Shot
|-boost|p1a: Archaludon|spa|1
|-anim|p1a: Archaludon|Electro Shot|p2a: Talonflame
|-supereffective|p2a: Talonflame
|-damage|p2a: Talonflame|0 fnt
|faint|p2a: Talonflame
|
|-weather|RainDance|[upkeep]
|upkeep
|turn|7
|-message|RGAngel forfeited.
|
|win|ratchford
|raw|ratchford's rating: 1125 → 1147(+22 for winning)
|raw|RGAngel's rating: 1086 → 1066(-20 for losing)
|l|☆RGAngel
|player|p2|
