|j|☆I_HATE_BABAGANOUSH
|j|☆RagingJudge
|html|I_HATE_BABAGANOUSHRagingJudge    
|uhtml|bestof|Game 1 of a best-of-3
|t:|1757651668
|gametype|doubles
|player|p1|I_HATE_BABAGANOUSH|ghetsis|1176
|player|p2|RagingJudge|silver|1111
|gen|9
|tier|[Gen 9] VGC 2025 Reg H (Bo3)
|rated|
|rule|Species Clause: Limit one of each Pokémon
|rule|Item Clause: Limit 1 of each item
|clearpoke
|poke|p1|Dragonite, L50, F|
|poke|p1|Sneasler, L50, F|
|poke|p1|Rillaboom, L50, M|
|poke|p1|Kingambit, L50, F|
|poke|p1|Arcanine-Hisui, L50, M|
|poke|p1|Primarina, L50, F|
|poke|p2|Pelipper, L50, F|
|poke|p2|Archaludon, L50, M|
|poke|p2|Kingdra, L50, F|
|poke|p2|Illumise, L50, F|
|poke|p2|Rillaboom, L50, F|
|poke|p2|Sneasler, L50, F|
|teampreview|4
|showteam|p1|Dragonite||LoadedDice|Multiscale|ScaleShot,StompingTantrum,Tailwind,Protect|||F|||50|,,,,,Ground]Sneasler||FocusSash|Unburden|DireClaw,CloseCombat,Coaching,Protect|||F|||50|,,,,,Ghost]Rillaboom||AssaultVest|GrassySurge|FakeOut,GrassyGlide,WoodHammer,HighHorsepower|||M|||50|,,,,,Fire]Kingambit||SafetyGoggles|Defiant|KowtowCleave,SuckerPunch,SwordsDance,Protect|||F|||50|,,,,,Dark]Arcanine-Hisui||ClearAmulet|Intimidate|RockSlide,FlareBlitz,ExtremeSpeed,Protect|||M|||50|,,,,,Water]Primarina||ChoiceSpecs|LiquidVoice|HyperVoice,Moonblast,DazzlingGleam,Haze|||F|||50|,,,,,Poison
|showteam|p2|Pelipper||ChoiceScarf|Drizzle|Hurricane,MuddyWater,Uturn,WeatherBall|||F|||50|,,,,,Water]Archaludon||AssaultVest|Stamina|ElectroShot,FlashCannon,DracoMeteor,BodyPress|||M|||50|,,,,,Fairy]Kingdra||LifeOrb|SwiftSwim|MuddyWater,DracoMeteor,Hurricane,Protect|||F|||50|,,,,,Stellar]Illumise||CovertCloak|Prankster|Tailwind,RainDance,StruggleBug,FakeTears|||F|||50|,,,,,Dark]Rillaboom||LoadedDice|GrassySurge|FakeOut,GrassyGlide,BulletSeed,HighHorsepower|||F|||50|,,,,,Fire]Sneasler||FocusSash|Unburden|DireClaw,Protect,Coaching,CloseCombat|||F|||50|,,,,,Ghost
|inactive|Battle timer is ON: inactive players will automatically lose when time's up. (requested by I_HATE_BABAGANOUSH)
|
|t:|1757651721
|teamsize|p1|4
|teamsize|p2|4
|start
|switch|p1a: Dragonite|Dragonite, L50, F|100/100
|switch|p1b: Rillaboom|Rillaboom, L50, M|100/100
|switch|p2a: Pelipper|Pelipper, L50, F|100/100
|switch|p2b: Illumise|Illumise, L50, F|100/100
|-weather|RainDance|[from] ability: Drizzle|[of] p2a: Pelipper
|-fieldstart|move: Grassy Terrain|[from] ability: Grassy Surge|[of] p1b: Rillaboom
|turn|1
|inactive|I_HATE_BABAGANOUSH has 30 seconds left.
|inactive|I_HATE_BABAGANOUSH has 20 seconds left.
|inactive|I_HATE_BABAGANOUSH has 15 seconds left.
|inactive|I_HATE_BABAGANOUSH has 10 seconds left.
|
|t:|1757651770
|move|p1b: Rillaboom|Fake Out|p2a: Pelipper
|-damage|p2a: Pelipper|83/100
|move|p2b: Illumise|Tailwind|p2b: Illumise
|-sidestart|p2: RagingJudge|move: Tailwind
|cant|p2a: Pelipper|flinch
|move|p1a: Dragonite|Scale Shot|p2a: Pelipper
|-damage|p2a: Pelipper|65/100
|-damage|p2a: Pelipper|45/100
|-damage|p2a: Pelipper|27/100
|-damage|p2a: Pelipper|7/100
|-damage|p2a: Pelipper|0 fnt
|faint|p2a: Pelipper
|-hitcount|p2: Pelipper|5
|-unboost|p1a: Dragonite|def|1
|-boost|p1a: Dragonite|spe|1
|
|-weather|RainDance|[upkeep]
|upkeep
|
|t:|1757651776
|switch|p2a: Kingdra|Kingdra, L50, F|100/100
|turn|2
|
|t:|1757651788
|move|p2a: Kingdra|Protect|p2a: Kingdra
|-singleturn|p2a: Kingdra|Protect
|move|p1a: Dragonite|Protect|p1a: Dragonite
|-singleturn|p1a: Dragonite|Protect
|move|p2b: Illumise|Fake Tears|p1a: Dragonite
|-activate|p1a: Dragonite|move: Protect
|move|p1b: Rillaboom|Wood Hammer|p2a: Kingdra
|-activate|p2a: Kingdra|move: Protect
|
|-weather|RainDance|[upkeep]
|upkeep
|turn|3
|
|t:|1757651803
|move|p2b: Illumise|Fake Tears|p1b: Rillaboom
|-unboost|p1b: Rillaboom|spd|2
|move|p2a: Kingdra|Hurricane|p1b: Rillaboom
|-supereffective|p1b: Rillaboom
|-damage|p1b: Rillaboom|0 fnt
|faint|p1b: Rillaboom
|-damage|p2a: Kingdra|90/100|[from] item: Life Orb
|move|p1a: Dragonite|Scale Shot|p2a: Kingdra
|-supereffective|p2a: Kingdra
|-damage|p2a: Kingdra|54/100
|-supereffective|p2a: Kingdra
|-damage|p2a: Kingdra|18/100
|-supereffective|p2a: Kingdra
|-damage|p2a: Kingdra|0 fnt
|faint|p2a: Kingdra
|-hitcount|p2: Kingdra|3
|-unboost|p1a: Dragonite|def|1
|-boost|p1a: Dragonite|spe|1
|
|-weather|RainDance|[upkeep]
|upkeep
|
|t:|1757651814
|switch|p2a: Archaludon|Archaludon, L50, M|100/100
|switch|p1b: Sneasler|Sneasler, L50, F|100/100
|turn|4
|
|t:|1757651829
|-terastallize|p1a: Dragonite|Ground
|move|p2b: Illumise|Fake Tears|p1a: Dragonite
|-unboost|p1a: Dragonite|spd|2
|move|p1a: Dragonite|Scale Shot|p2b: Illumise
|-damage|p2b: Illumise|87/100
|-damage|p2b: Illumise|73/100
|-damage|p2b: Illumise|58/100
|-damage|p2b: Illumise|45/100
|-hitcount|p2b: Illumise|4
|-unboost|p1a: Dragonite|def|1
|-boost|p1a: Dragonite|spe|1
|move|p2a: Archaludon|Electro Shot||[still]
|-prepare|p2a: Archaludon|Electro Shot
|-boost|p2a: Archaludon|spa|1
|-anim|p2a: Archaludon|Electro Shot|p1a: Dragonite
|-immune|p1a: Dragonite
|move|p1b: Sneasler|Dire Claw|p2b: Illumise
|-damage|p2b: Illumise|0 fnt
|faint|p2b: Illumise
|
|-weather|RainDance|[upkeep]
|-sideend|p2: RagingJudge|move: Tailwind
|upkeep
|turn|5
|-message|RagingJudge forfeited.
|
|win|I_HATE_BABAGANOUSH
|l|☆RagingJudge
|player|p2|
|raw|I_HATE_BABAGANOUSH's rating: 1176 → 1196(+20 for winning)
|raw|RagingJudge's rating: 1111 → 1091(-20 for losing)
|l|☆I_HATE_BABAGANOUSH
|player|p1|
