|j|☆sawkthroha
|j|☆rbresser
|html|sawkthroharbresser    
|uhtml|bestof|Game 1 of a best-of-3
|t:|1784352908
|gametype|doubles
|player|p1|sawkthroha|169|1143
|player|p2|rbresser|red|1117
|gen|9
|tier|[Gen 9 Champions] VGC 2026 Reg M-B (Bo3)
|rated|
|rule|Species Clause: Limit one of each Pokémon
|rule|Item Clause: Limit 1 of each item
|clearpoke
|poke|p1|Garchomp, L50, M|
|poke|p1|Charizard, L50, F|
|poke|p1|Venusaur, L50, M|
|poke|p1|Sylveon, L50, F|
|poke|p1|Basculegion, L50, M|
|poke|p1|Whimsicott, L50, F|
|poke|p2|Whimsicott, L50, F|
|poke|p2|Ceruledge, L50, M|
|poke|p2|Garchomp, L50, M|
|poke|p2|Gholdengo, L50|
|poke|p2|Kingambit, L50, F|
|poke|p2|Staraptor, L50, F|
|teampreview|4
|showteam|p1|Garchomp||LifeOrb|RoughSkin|DragonClaw,RockSlide,Earthquake,Protect|Jolly||M|||50|]Charizard||CharizarditeY|Blaze|WeatherBall,Protect,HeatWave,SolarBeam|Timid||F|||50|]Venusaur||Venusaurite|Chlorophyll|EarthPower,SludgeBomb,GigaDrain,Protect|Modest||M|||50|]Sylveon||FairyFeather|Pixilate|HyperBeam,Detect,HyperVoice,QuickAttack|Modest||F|||50|]Basculegion||MysticWater|Adaptability|Protect,AquaJet,WaveCrash,LastRespects|Adamant||M|||50|]Whimsicott||FocusSash|Prankster|Tailwind,Encore,Protect,Moonblast|Timid||F|||50|
|showteam|p2|Whimsicott||FocusSash|Prankster|Moonblast,Tailwind,Charm,Protect|Timid||F|||50|]Ceruledge||ColburBerry|FlashFire|BitterBlade,ShadowSneak,BulkUp,Protect|Adamant||M|||50|]Garchomp||LifeOrb|RoughSkin|Earthquake,RockSlide,DragonClaw,Protect|Jolly||M|||50|]Gholdengo||SpellTag|GoodasGold|MakeItRain,ShadowBall,NastyPlot,Protect|Modest|||||50|]Kingambit||OccaBerry|Defiant|KowtowCleave,SuckerPunch,LowKick,IronHead|Adamant||F|||50|]Staraptor||Staraptite|Intimidate|CloseCombat,Roost,BraveBird,Protect|Jolly||F|||50|
|inactive|Battle timer is ON: inactive players will automatically lose when time's up. (requested by sawkthroha)
|inactive|sawkthroha has 60 seconds left.
|inactive|sawkthroha has 30 seconds left.
|
|t:|1784352986
|teamsize|p1|4
|teamsize|p2|4
|start
|switch|p1a: Whimsicott|Whimsicott, L50, F|100/100
|switch|p1b: Garchomp|Garchomp, L50, M|100/100
|switch|p2a: Whimsicott|Whimsicott, L50, F|100/100
|switch|p2b: Staraptor|Staraptor, L50, F|100/100
|-ability|p2b: Staraptor|Intimidate|boost
|-unboost|p1a: Whimsicott|atk|1
|-unboost|p1b: Garchomp|atk|1
|turn|1
|inactive|rbresser has 30 seconds left.
|
|t:|1784353018
|detailschange|p2b: Staraptor|Staraptor-Mega, L50, F
|-mega|p2b: Staraptor|Staraptor|Staraptite
|move|p1a: Whimsicott|Tailwind|p1a: Whimsicott
|-sidestart|p1: sawkthroha|move: Tailwind
|move|p2a: Whimsicott|Charm|p2b: Staraptor
|-boost|p2b: Staraptor|atk|2
|move|p1b: Garchomp|Rock Slide|p2a: Whimsicott|[spread] p2a,p2b
|-damage|p2a: Whimsicott|76/100
|-damage|p2b: Staraptor|85/100
|-damage|p1b: Garchomp|90/100|[from] item: Life Orb
|cant|p2b: Staraptor|flinch
|
|upkeep
|turn|2
|inactive|rbresser has 30 seconds left.
|
|t:|1784353048
|move|p1b: Garchomp|Protect|p1b: Garchomp
|-singleturn|p1b: Garchomp|Protect
|move|p1a: Whimsicott|Encore|p2a: Whimsicott
|-start|p2a: Whimsicott|Encore
|move|p2a: Whimsicott|Charm|p2b: Staraptor
|-boost|p2b: Staraptor|atk|2
|move|p2b: Staraptor|Close Combat|p1b: Garchomp
|-activate|p1b: Garchomp|move: Protect
|
|upkeep
|turn|3
|
|t:|1784353060
|move|p2a: Whimsicott|Charm|p2b: Staraptor
|-boost|p2b: Staraptor|atk|2
|move|p1a: Whimsicott|Moonblast|p2b: Staraptor
|-supereffective|p2b: Staraptor|1
|-damage|p2b: Staraptor|28/100
|move|p1b: Garchomp|Dragon Claw|p2b: Staraptor
|-damage|p2b: Staraptor|0 fnt
|faint|p2b: Staraptor
|-damage|p1b: Garchomp|80/100|[from] item: Life Orb
|
|upkeep
|
|t:|1784353069
|switch|p2b: Ceruledge|Ceruledge, L50, M|100/100
|turn|4
|
|t:|1784353090
|switch|p1b: Sylveon|Sylveon, L50, F|100/100
|move|p2a: Whimsicott|Charm|p1b: Sylveon
|-unboost|p1b: Sylveon|atk|2
|move|p1a: Whimsicott|Moonblast|p2a: Whimsicott
|-damage|p2a: Whimsicott|34/100
|move|p2b: Ceruledge|Bitter Blade|p1a: Whimsicott
|-supereffective|p1a: Whimsicott|1
|-enditem|p1a: Whimsicott|Focus Sash
|-damage|p1a: Whimsicott|1/100
|
|-end|p2a: Whimsicott|Encore
|-sideend|p1: sawkthroha|move: Tailwind
|upkeep
|turn|5
|inactive|rbresser has 30 seconds left.
|
|t:|1784353124
|move|p2a: Whimsicott|Tailwind|p2a: Whimsicott
|-sidestart|p2: rbresser|move: Tailwind
|move|p1a: Whimsicott|Tailwind|p1a: Whimsicott
|-sidestart|p1: sawkthroha|move: Tailwind
|move|p2b: Ceruledge|Bitter Blade|p1b: Sylveon
|-damage|p1b: Sylveon|42/100
|move|p1b: Sylveon|Hyper Voice|p2a: Whimsicott|[spread] p2a,p2b
|-resisted|p2b: Ceruledge|1
|-damage|p2a: Whimsicott|0 fnt
|-damage|p2b: Ceruledge|74/100
|faint|p2a: Whimsicott
|
|upkeep
|
|t:|1784353132
|switch|p2a: Kingambit|Kingambit, L50, F|100/100
|turn|6
|
|t:|1784353155
|move|p1a: Whimsicott|Encore|p2b: Ceruledge
|-start|p2b: Ceruledge|Encore
|move|p2b: Ceruledge|Bitter Blade|p1b: Sylveon
|-damage|p1b: Sylveon|0 fnt
|-heal|p2b: Ceruledge|96/100|[from] drain|[of] p1b: Sylveon
|faint|p1b: Sylveon
|move|p2a: Kingambit|Iron Head|p1a: Whimsicott
|-supereffective|p1a: Whimsicott|1
|-damage|p1a: Whimsicott|0 fnt
|faint|p1a: Whimsicott
|
|upkeep
|
|t:|1784353165
|switch|p1a: Garchomp|Garchomp, L50, M|80/100
|switch|p1b: Charizard|Charizard, L50, F|100/100
|turn|7
|inactive|rbresser has 30 seconds left.
|
|t:|1784353191
|detailschange|p1b: Charizard|Charizard-Mega-Y, L50, F
|-mega|p1b: Charizard|Charizard|Charizardite Y
|-weather|SunnyDay|[from] ability: Drought|[of] p1b: Charizard
|move|p1a: Garchomp|Earthquake|p2b: Ceruledge|[spread] p2a,p2b
|-immune|p1b: Charizard
|-supereffective|p2a: Kingambit|1
|-supereffective|p2b: Ceruledge|1
|-damage|p2a: Kingambit|26/100
|-damage|p2b: Ceruledge|0 fnt
|faint|p2b: Ceruledge
|-damage|p1a: Garchomp|71/100|[from] item: Life Orb
|move|p1b: Charizard|Weather Ball|p2a: Kingambit
|-supereffective|p2a: Kingambit|1
|-enditem|p2a: Kingambit|Occa Berry|[eat]
|-enditem|p2a: Kingambit|Occa Berry|[weaken]
|-damage|p2a: Kingambit|0 fnt
|faint|p2a: Kingambit
|
|win|sawkthroha
||rbresser is ready for game 2.
||sawkthroha is ready for game 2.
|uhtml|next|Next: Game 2 of 3
|l|☆rbresser
|player|p2|
