|j|☆OssiGT
|j|☆ak47akimbo
|html|OssiGTak47akimbo    
|uhtml|bestof|Game 1 of a best-of-3
|t:|1783678252
|gametype|doubles
|player|p1|OssiGT|colress|1125
|player|p2|ak47akimbo|scientist-gen4dp|1135
|gen|9
|tier|[Gen 9 Champions] VGC 2026 Reg M-B (Bo3)
|rated|
|rule|Species Clause: Limit one of each Pokémon
|rule|Item Clause: Limit 1 of each item
|clearpoke
|poke|p1|Raichu, L50, M|
|poke|p1|Mawile, L50, M|
|poke|p1|Sinistcha, L50|
|poke|p1|Ceruledge, L50, F|
|poke|p1|Milotic, L50, M|
|poke|p1|Incineroar, L50, F|
|poke|p2|Staraptor, L50, F|
|poke|p2|Farigiraf, L50, M|
|poke|p2|Torkoal, L50, M|
|poke|p2|Gholdengo, L50|
|poke|p2|Hatterene, L50, F|
|poke|p2|Grimmsnarl, L50, M|
|teampreview|4
|showteam|p1|Raichu||RaichuniteY|LightningRod|ZapCannon,FocusBlast,FakeOut,Protect|Timid||M|||50|]Mawile||Mawilite|HyperCutter|PlayRough,SuckerPunch,SwordsDance,Protect|Adamant||M|||50|]Sinistcha||KasibBerry|Hospitality|MatchaGotcha,LifeDew,RagePowder,Protect|Relaxed|||||50|]Ceruledge||ColburBerry|FlashFire|BitterBlade,ShadowSneak,BulkUp,Protect|Adamant||F|||50|]Milotic||Leftovers|Competitive|MuddyWater,Coil,Hypnosis,Protect|Calm||M|||50|]Incineroar||SitrusBerry|Intimidate|FlareBlitz,ThroatChop,FakeOut,PartingShot|Impish||F|||50|
|showteam|p2|Staraptor||Staraptite|Intimidate|CloseCombat,BraveBird,Roost,Protect|Adamant||F|||50|]Farigiraf||ColburBerry|ArmorTail|Protect,TrickRoom,FoulPlay,Psychic|Bold||M|||50|]Torkoal||Charcoal|Drought|Eruption,Protect,EarthPower,SolarBeam|Quiet||M|||50|]Gholdengo||LifeOrb|GoodasGold|MakeItRain,NastyPlot,ShadowBall,Protect|Modest|||||50|]Hatterene||SitrusBerry|MagicBounce|TrickRoom,DazzlingGleam,ShadowBall,CalmMind|Sassy||F|||50|]Grimmsnarl||LightClay|Prankster|PartingShot,FakeOut,Reflect,PlayRough|Careful||M|||50|
|
|t:|1783678303
|teamsize|p1|4
|teamsize|p2|4
|start
|switch|p1a: Incineroar|Incineroar, L50, F|100/100
|switch|p1b: Milotic|Milotic, L50, M|100/100
|switch|p2a: Hatterene|Hatterene, L50, F|100/100
|switch|p2b: Grimmsnarl|Grimmsnarl, L50, M|100/100
|-ability|p1a: Incineroar|Intimidate|boost
|-unboost|p2a: Hatterene|atk|1
|-unboost|p2b: Grimmsnarl|atk|1
|turn|1
|
|t:|1783678316
|move|p2b: Grimmsnarl|Fake Out|p1b: Milotic
|-damage|p1b: Milotic|94/100
|cant|p1b: Milotic|flinch
|move|p1a: Incineroar|Parting Shot|p2a: Hatterene
|move|p2a: Hatterene|Parting Shot|p1a: Incineroar|[from] ability: Magic Bounce
|-unboost|p1a: Incineroar|atk|1
|-unboost|p1a: Incineroar|spa|1
|
|t:|1783678335
|switch|p2a: Torkoal|Torkoal, L50, M|100/100|[from] Parting Shot
|-weather|SunnyDay|[from] ability: Drought|[of] p2a: Torkoal
|
|-weather|SunnyDay|[upkeep]
|-heal|p1b: Milotic|100/100|[from] item: Leftovers
|upkeep
|turn|2
|
|t:|1783678354
|move|p2b: Grimmsnarl|Reflect|p2b: Grimmsnarl
|-sidestart|p2: ak47akimbo|Reflect
|move|p1b: Milotic|Coil|p1b: Milotic
|-boost|p1b: Milotic|atk|1
|-boost|p1b: Milotic|def|1
|-boost|p1b: Milotic|accuracy|1
|move|p1a: Incineroar|Parting Shot|p2a: Torkoal
|-unboost|p2a: Torkoal|atk|1
|-unboost|p2a: Torkoal|spa|1
|
|t:|1783678361
|switch|p1a: Ceruledge|Ceruledge, L50, F|100/100|[from] Parting Shot
|move|p2a: Torkoal|Solar Beam||[still]
|-prepare|p2a: Torkoal|Solar Beam
|-anim|p2a: Torkoal|Solar Beam|p1b: Milotic
|-supereffective|p1b: Milotic|1
|-damage|p1b: Milotic|71/100
|
|-weather|SunnyDay|[upkeep]
|-heal|p1b: Milotic|77/100|[from] item: Leftovers
|upkeep
|turn|3
|
|t:|1783678378
|switch|p2a: Hatterene|Hatterene, L50, F|100/100
|move|p2b: Grimmsnarl|Parting Shot|p1a: Ceruledge
|-unboost|p1a: Ceruledge|atk|1
|-unboost|p1a: Ceruledge|spa|1
|
|t:|1783678391
|switch|p2b: Gholdengo|Gholdengo, L50|100/100|[from] Parting Shot
|move|p1a: Ceruledge|Bitter Blade|p2b: Gholdengo
|-supereffective|p2b: Gholdengo|1
|-damage|p2b: Gholdengo|40/100
|move|p1b: Milotic|Hypnosis|p2a: Hatterene
|move|p2a: Hatterene|Hypnosis|p1b: Milotic|[from] ability: Magic Bounce|[miss]
|-miss|p2a: Hatterene|p1b: Milotic
|
|-weather|SunnyDay|[upkeep]
|-heal|p1b: Milotic|83/100|[from] item: Leftovers
|upkeep
|turn|4
|
|t:|1783678413
|move|p2b: Gholdengo|Protect|p2b: Gholdengo
|-singleturn|p2b: Gholdengo|Protect
|move|p1a: Ceruledge|Bitter Blade|p2a: Hatterene
|-damage|p2a: Hatterene|72/100
|move|p1b: Milotic|Muddy Water|p2a: Hatterene|[spread] p2a
|-activate|p2b: Gholdengo|move: Protect
|-damage|p2a: Hatterene|62/100
|move|p2a: Hatterene|Trick Room|p2a: Hatterene
|-fieldstart|move: Trick Room|[of] p2a: Hatterene
|
|-weather|SunnyDay|[upkeep]
|-heal|p1b: Milotic|89/100|[from] item: Leftovers
|upkeep
|turn|5
|
|t:|1783678438
|switch|p1a: Incineroar|Incineroar, L50, F|100/100
|-ability|p1a: Incineroar|Intimidate|boost
|-unboost|p2a: Hatterene|atk|1
|-unboost|p2b: Gholdengo|atk|1
|move|p2a: Hatterene|Calm Mind|p2a: Hatterene
|-boost|p2a: Hatterene|spa|1
|-boost|p2a: Hatterene|spd|1
|move|p1b: Milotic|Muddy Water|p2b: Gholdengo|[spread] p2a,p2b
|-damage|p2a: Hatterene|55/100
|-damage|p2b: Gholdengo|29/100
|move|p2b: Gholdengo|Shadow Ball|p1a: Incineroar
|-resisted|p1a: Incineroar|1
|-damage|p1a: Incineroar|71/100
|-damage|p2b: Gholdengo|19/100|[from] item: Life Orb
|
|-weather|none
|-heal|p1b: Milotic|95/100|[from] item: Leftovers
|upkeep
|turn|6
|
|t:|1783678462
|move|p1b: Milotic|Protect|p1b: Milotic
|-singleturn|p1b: Milotic|Protect
|move|p2a: Hatterene|Dazzling Gleam|p1b: Milotic|[spread] p1a
|-activate|p1b: Milotic|move: Protect
|-damage|p1a: Incineroar|35/100
|-enditem|p1a: Incineroar|Sitrus Berry|[eat]
|-heal|p1a: Incineroar|60/100|[from] item: Sitrus Berry
|move|p1a: Incineroar|Parting Shot|p2a: Hatterene
|move|p2a: Hatterene|Parting Shot|p1a: Incineroar|[from] ability: Magic Bounce
|-unboost|p1a: Incineroar|atk|1
|-unboost|p1a: Incineroar|spa|1
|
|t:|1783678476
|switch|p2a: Torkoal|Torkoal, L50, M|100/100|[from] Parting Shot
|-weather|SunnyDay|[from] ability: Drought|[of] p2a: Torkoal
|move|p2b: Gholdengo|Make It Rain|p1a: Incineroar|[spread] p1a
|-activate|p1b: Milotic|move: Protect
|-resisted|p1a: Incineroar|1
|-crit|p1a: Incineroar
|-damage|p1a: Incineroar|17/100
|-unboost|p2b: Gholdengo|spa|2
|-damage|p2b: Gholdengo|9/100|[from] item: Life Orb
|
|-weather|SunnyDay|[upkeep]
|-heal|p1b: Milotic|100/100|[from] item: Leftovers
|upkeep
|turn|7
|
|t:|1783678507
|switch|p2b: Grimmsnarl|Grimmsnarl, L50, M|100/100
|move|p1b: Milotic|Protect|p1b: Milotic
|-singleturn|p1b: Milotic|Protect
|move|p2a: Torkoal|Solar Beam||[still]
|-prepare|p2a: Torkoal|Solar Beam
|-anim|p2a: Torkoal|Solar Beam|p1b: Milotic
|-activate|p1b: Milotic|move: Protect
|move|p1a: Incineroar|Parting Shot|p2a: Torkoal
|-unboost|p2a: Torkoal|atk|1
|-unboost|p2a: Torkoal|spa|1
|
|t:|1783678520
|switch|p1a: Ceruledge|Ceruledge, L50, F|100/100|[from] Parting Shot
|
|-weather|SunnyDay|[upkeep]
|upkeep
|turn|8
|
|t:|1783678544
|move|p2b: Grimmsnarl|Fake Out|p1b: Milotic
|-damage|p1b: Milotic|94/100
|move|p2a: Torkoal|Earth Power|p1a: Ceruledge
|-supereffective|p1a: Ceruledge|1
|-damage|p1a: Ceruledge|66/100
|-unboost|p1a: Ceruledge|spd|1
|cant|p1b: Milotic|flinch
|move|p1a: Ceruledge|Bitter Blade|p2a: Torkoal
|-resisted|p2a: Torkoal|1
|-damage|p2a: Torkoal|83/100
|-heal|p1a: Ceruledge|75/100|[from] drain|[of] p2a: Torkoal
|
|-weather|SunnyDay|[upkeep]
|-heal|p1b: Milotic|100/100|[from] item: Leftovers
|-fieldend|move: Trick Room
|upkeep
|turn|9
|
|t:|1783678568
|switch|p2a: Gholdengo|Gholdengo, L50|9/100
|move|p2b: Grimmsnarl|Parting Shot|p1a: Ceruledge
|-unboost|p1a: Ceruledge|atk|1
|-unboost|p1a: Ceruledge|spa|1
|
|t:|1783678575
|switch|p2b: Hatterene|Hatterene, L50, F|55/100|[from] Parting Shot
|move|p1a: Ceruledge|Bulk Up|p1a: Ceruledge
|-boost|p1a: Ceruledge|atk|1
|-boost|p1a: Ceruledge|def|1
|move|p1b: Milotic|Hypnosis|p2b: Hatterene
|move|p2b: Hatterene|Hypnosis|p1b: Milotic|[from] ability: Magic Bounce
|-status|p1b: Milotic|slp|[from] move: Hypnosis
|
|-weather|SunnyDay|[upkeep]
|-sideend|p2: ak47akimbo|Reflect
|upkeep
|turn|10
|
|t:|1783678599
|move|p1a: Ceruledge|Shadow Sneak|p2a: Gholdengo
|-supereffective|p2a: Gholdengo|1
|-damage|p2a: Gholdengo|0 fnt
|faint|p2a: Gholdengo
|cant|p1b: Milotic|slp
|move|p2b: Hatterene|Calm Mind|p2b: Hatterene
|-boost|p2b: Hatterene|spa|1
|-boost|p2b: Hatterene|spd|1
|
|-weather|none
|upkeep
|
|t:|1783678605
|switch|p2a: Torkoal|Torkoal, L50, M|83/100
|-weather|SunnyDay|[from] ability: Drought|[of] p2a: Torkoal
|turn|11
|
|t:|1783678624
|move|p1a: Ceruledge|Shadow Sneak|p2b: Hatterene
|-supereffective|p2b: Hatterene|1
|-damage|p2b: Hatterene|17/100
|-enditem|p2b: Hatterene|Sitrus Berry|[eat]
|-heal|p2b: Hatterene|42/100|[from] item: Sitrus Berry
|-curestatus|p1b: Milotic|slp|[msg]
|move|p1b: Milotic|Hypnosis|p2a: Torkoal
|-status|p2a: Torkoal|slp|[from] move: Hypnosis
|cant|p2a: Torkoal|slp
|move|p2b: Hatterene|Trick Room|p2b: Hatterene
|-fieldstart|move: Trick Room|[of] p2b: Hatterene
|
|-weather|SunnyDay|[upkeep]
|upkeep
|turn|12
|
|t:|1783678641
|-curestatus|p2a: Torkoal|slp|[msg]
|move|p2a: Torkoal|Protect|p2a: Torkoal
|-singleturn|p2a: Torkoal|Protect
|move|p1a: Ceruledge|Shadow Sneak|p2b: Hatterene
|-supereffective|p2b: Hatterene|1
|-damage|p2b: Hatterene|6/100
|move|p2b: Hatterene|Shadow Ball|p1a: Ceruledge
|-supereffective|p1a: Ceruledge|1
|-damage|p1a: Ceruledge|0 fnt
|faint|p1a: Ceruledge
|move|p1b: Milotic|Muddy Water|p2a: Torkoal|[spread] p2b
|-activate|p2a: Torkoal|move: Protect
|-crit|p2b: Hatterene
|-damage|p2b: Hatterene|0 fnt
|faint|p2b: Hatterene
|
|-weather|SunnyDay|[upkeep]
|upkeep
|
|t:|1783678658
|switch|p2b: Grimmsnarl|Grimmsnarl, L50, M|100/100
|switch|p1a: Incineroar|Incineroar, L50, F|17/100
|-ability|p1a: Incineroar|Intimidate|boost
|-unboost|p2a: Torkoal|atk|1
|-unboost|p2b: Grimmsnarl|atk|1
|turn|13
|
|t:|1783678678
|move|p2b: Grimmsnarl|Fake Out|p1a: Incineroar
|-damage|p1a: Incineroar|11/100
|cant|p1a: Incineroar|flinch
|move|p2a: Torkoal|Eruption|p1b: Milotic|[spread] p1a,p1b
|-resisted|p1a: Incineroar|1
|-resisted|p1b: Milotic|1
|-damage|p1a: Incineroar|0 fnt
|-damage|p1b: Milotic|75/100
|faint|p1a: Incineroar
|move|p1b: Milotic|Hypnosis|p2a: Torkoal
|-status|p2a: Torkoal|slp|[from] move: Hypnosis
|
|-weather|SunnyDay|[upkeep]
|-heal|p1b: Milotic|81/100|[from] item: Leftovers
|upkeep
|
|t:|1783678690
|switch|p1a: Raichu|Raichu, L50, M|100/100
|turn|14
|
|t:|1783678700
|detailschange|p1a: Raichu|Raichu-Mega-Y, L50, M
|-mega|p1a: Raichu|Raichu|Raichunite Y
|cant|p2a: Torkoal|slp
|move|p1a: Raichu|Fake Out|p2b: Grimmsnarl
|-damage|p2b: Grimmsnarl|90/100
|cant|p2b: Grimmsnarl|flinch
|move|p1b: Milotic|Muddy Water|p2b: Grimmsnarl|[spread] p2a,p2b
|-supereffective|p2a: Torkoal|1
|-damage|p2a: Torkoal|54/100 slp
|-damage|p2b: Grimmsnarl|80/100
|
|-weather|SunnyDay|[upkeep]
|-heal|p1b: Milotic|87/100|[from] item: Leftovers
|upkeep
|turn|15
|
|t:|1783678722
|move|p1b: Milotic|Protect|p1b: Milotic
|-singleturn|p1b: Milotic|Protect
|move|p1a: Raichu|Protect|p1a: Raichu
|-singleturn|p1a: Raichu|Protect
|cant|p2a: Torkoal|slp
|move|p2b: Grimmsnarl|Play Rough|p1a: Raichu
|-activate|p1a: Raichu|move: Protect
|
|-weather|none
|-heal|p1b: Milotic|93/100|[from] item: Leftovers
|-fieldend|move: Trick Room
|upkeep
|turn|16
|
|t:|1783678736
|-curestatus|p2a: Torkoal|slp|[msg]
|move|p2a: Torkoal|Protect|p2a: Torkoal
|-singleturn|p2a: Torkoal|Protect
|move|p1a: Raichu|Zap Cannon|p2b: Grimmsnarl
|-damage|p2b: Grimmsnarl|30/100
|-status|p2b: Grimmsnarl|par
|move|p1b: Milotic|Muddy Water|p2a: Torkoal|[spread] p2b
|-activate|p2a: Torkoal|move: Protect
|-damage|p2b: Grimmsnarl|8/100 par
|-unboost|p2b: Grimmsnarl|accuracy|1
|move|p2b: Grimmsnarl|Play Rough|p1a: Raichu
|-damage|p1a: Raichu|65/100
|
|-heal|p1b: Milotic|99/100|[from] item: Leftovers
|upkeep
|turn|17
|-message|ak47akimbo forfeited.
|
|win|OssiGT
|l|☆ak47akimbo
|player|p2|
||OssiGT is ready for game 2.
||ak47akimbo is ready for game 2.
|uhtml|next|Next: Game 2 of 3
