|j|☆BeigeGorilla
|j|☆drewqfan
|html|BeigeGorilladrewqfan    
|uhtml|bestof|Game 2 of a best-of-3
|t:|1754961981
|gametype|doubles
|player|p1|BeigeGorilla|102|1263
|player|p2|drewqfan|preschooler|1251
|gen|9
|tier|[Gen 9] VGC 2025 Reg H (Bo3)
|rated|
|rule|Species Clause: Limit one of each Pokémon
|rule|Item Clause: Limit 1 of each item
|clearpoke
|poke|p1|Annihilape, L50, M|
|poke|p1|Armarouge, L50, M|
|poke|p1|Ursaluna, L50, M|
|poke|p1|Indeedee-F, L50, F|
|poke|p1|Torkoal, L50, M|
|poke|p1|Lilligant-Hisui, L50, F|
|poke|p2|Ursaluna, L50, M|
|poke|p2|Gholdengo, L50|
|poke|p2|Porygon2, L50|
|poke|p2|Amoonguss, L50, M|
|poke|p2|Incineroar, L50, M|
|poke|p2|Hydreigon, L50, M|
|teampreview|4
|showteam|p1|Annihilape||ChoiceScarf|Defiant|FinalGambit,CloseCombat,Uturn,ShadowClaw|||M|||50|,,,,,Dark]Armarouge||LifeOrb|FlashFire|ExpandingForce,ArmorCannon,Protect,TrickRoom|||M|||50|,,,,,Grass]Ursaluna||FlameOrb|Guts|Protect,Facade,Earthquake,HeadlongRush|||M|||50|,,,,,Grass]Indeedee-F||MentalHerb|PsychicSurge|FollowMe,TrickRoom,HelpingHand,Psychic|||F|||50|,,,,,Grass]Torkoal||Charcoal|Drought|Eruption,HeatWave,BodyPress,Protect|||M|||50|,,,,,Fire]Lilligant-Hisui||FocusSash|Chlorophyll|AfterYou,SleepPowder,Protect,LeafBlade|||F|||50|,,,,,Ghost
|showteam|p2|Ursaluna||FlameOrb|Guts|Facade,Earthquake,HeadlongRush,Protect|||M|||50|,,,,,Ghost]Gholdengo||LifeOrb|GoodasGold|MakeItRain,ShadowBall,NastyPlot,Protect||||||50|,,,,,Steel]Porygon2||Eviolite|Download|TeraBlast,IceBeam,TrickRoom,Recover||||||50|,,,,,Fighting]Amoonguss||CovertCloak|Regenerator|Spore,RagePowder,PollenPuff,Protect|||M|||50|,,,,,Water]Incineroar||AssaultVest|Intimidate|FakeOut,FlareBlitz,KnockOff,Uturn|||M|||50|,,,,,Ghost]Hydreigon||SafetyGoggles|Levitate|DragonPulse,Snarl,Tailwind,Protect|||M|||50|,,,,,Ghost
|inactive|Battle timer is ON: inactive players will automatically lose when time's up. (requested by drewqfan)
|
|t:|1754962074
|teamsize|p1|4
|teamsize|p2|4
|start
|switch|p1a: Annihilape|Annihilape, L50, M|100/100
|switch|p1b: Armarouge|Armarouge, L50, M|100/100
|switch|p2a: Hydreigon|Hydreigon, L50, M|100/100
|switch|p2b: Amoonguss|Amoonguss, L50, M|100/100
|turn|1
|inactive|BeigeGorilla has 30 seconds left.
|
|t:|1754962107
|-terastallize|p1b: Armarouge|Grass
|move|p2b: Amoonguss|Rage Powder|p2b: Amoonguss
|-singleturn|p2b: Amoonguss|move: Rage Powder
|move|p1a: Annihilape|Final Gambit|p2b: Amoonguss
|-damage|p2b: Amoonguss|2/100
|faint|p1a: Annihilape
|move|p2a: Hydreigon|Snarl|p1b: Armarouge
|-damage|p1b: Armarouge|72/100
|-unboost|p1b: Armarouge|spa|1
|move|p1b: Armarouge|Trick Room|p1b: Armarouge
|-fieldstart|move: Trick Room|[of] p1b: Armarouge
|
|upkeep
|
|t:|1754962121
|switch|p1a: Torkoal|Torkoal, L50, M|100/100
|-weather|SunnyDay|[from] ability: Drought|[of] p1a: Torkoal
|turn|2
|
|t:|1754962140
|move|p2a: Hydreigon|Protect|p2a: Hydreigon
|-singleturn|p2a: Hydreigon|Protect
|move|p1a: Torkoal|Eruption|p2b: Amoonguss|[spread] p2b
|-activate|p2a: Hydreigon|move: Protect
|-supereffective|p2b: Amoonguss
|-crit|p2b: Amoonguss
|-damage|p2b: Amoonguss|0 fnt
|faint|p2b: Amoonguss
|move|p1b: Armarouge|Armor Cannon|p2a: Hydreigon
|-activate|p2a: Hydreigon|move: Protect
|
|-weather|SunnyDay|[upkeep]
|upkeep
|
|t:|1754962145
|switch|p2b: Incineroar|Incineroar, L50, M|100/100
|-ability|p2b: Incineroar|Intimidate|boost
|-unboost|p1a: Torkoal|atk|1
|-unboost|p1b: Armarouge|atk|1
|turn|3
|
|t:|1754962163
|switch|p1b: Indeedee|Indeedee-F, L50, F|100/100
|-fieldstart|move: Psychic Terrain|[from] ability: Psychic Surge|[of] p1b: Indeedee
|move|p2b: Incineroar|Fake Out|p1a: Torkoal
|-activate|p1a: Torkoal|move: Psychic Terrain
|move|p1a: Torkoal|Eruption|p2a: Hydreigon|[spread] p2a,p2b
|-resisted|p2a: Hydreigon
|-resisted|p2b: Incineroar
|-damage|p2a: Hydreigon|55/100
|-damage|p2b: Incineroar|75/100
|move|p2a: Hydreigon|Snarl|p1a: Torkoal|[spread] p1a,p1b
|-supereffective|p1b: Indeedee
|-damage|p1a: Torkoal|73/100
|-damage|p1b: Indeedee|73/100
|-unboost|p1a: Torkoal|spa|1
|-unboost|p1b: Indeedee|spa|1
|
|-weather|SunnyDay|[upkeep]
|upkeep
|turn|4
|inactive|BeigeGorilla has 30 seconds left.
|
|t:|1754962194
|move|p1b: Indeedee|Helping Hand|p1a: Torkoal
|-singleturn|p1a: Torkoal|Helping Hand|[of] p1b: Indeedee
|move|p1a: Torkoal|Eruption|p2a: Hydreigon|[spread] p2a,p2b
|-resisted|p2a: Hydreigon
|-resisted|p2b: Incineroar
|-damage|p2a: Hydreigon|23/100
|-damage|p2b: Incineroar|56/100
|move|p2b: Incineroar|U-turn|p1b: Indeedee
|-supereffective|p1b: Indeedee
|-damage|p1b: Indeedee|11/100
|
|t:|1754962202
|switch|p2b: Ursaluna|Ursaluna, L50, M|100/100|[from] U-turn
|move|p2a: Hydreigon|Snarl|p1a: Torkoal|[spread] p1a,p1b
|-supereffective|p1b: Indeedee
|-damage|p1a: Torkoal|47/100
|-damage|p1b: Indeedee|0 fnt
|-unboost|p1a: Torkoal|spa|1
|faint|p1b: Indeedee
|
|-weather|SunnyDay|[upkeep]
|-status|p2b: Ursaluna|brn|[from] item: Flame Orb
|upkeep
|
|t:|1754962211
|switch|p1b: Armarouge|Armarouge, L50, M, tera:Grass|72/100
|turn|5
|
|t:|1754962231
|move|p2b: Ursaluna|Protect|p2b: Ursaluna
|-singleturn|p2b: Ursaluna|Protect
|move|p2a: Hydreigon|Protect|p2a: Hydreigon
|-singleturn|p2a: Hydreigon|Protect
|move|p1a: Torkoal|Body Press|p2a: Hydreigon
|-activate|p2a: Hydreigon|move: Protect
|move|p1b: Armarouge|Expanding Force|p2a: Hydreigon|[spread] 
|-activate|p2a: Hydreigon|move: Protect
|-activate|p2b: Ursaluna|move: Protect
|
|-weather|SunnyDay|[upkeep]
|-damage|p2b: Ursaluna|94/100 brn|[from] brn
|-fieldend|move: Trick Room
|upkeep
|turn|6
|
|t:|1754962243
|move|p1a: Torkoal|Protect|p1a: Torkoal
|-singleturn|p1a: Torkoal|Protect
|move|p2a: Hydreigon|Dragon Pulse|p1b: Armarouge
|-damage|p1b: Armarouge|28/100
|move|p2b: Ursaluna|Earthquake|p1a: Torkoal|[spread] p1b
|-activate|p1a: Torkoal|move: Protect
|-immune|p2a: Hydreigon|[from] ability: Levitate
|-resisted|p1b: Armarouge
|-damage|p1b: Armarouge|0 fnt
|faint|p1b: Armarouge
|
|-weather|none
|-damage|p2b: Ursaluna|88/100 brn|[from] brn
|upkeep
|turn|7
|-message|BeigeGorilla forfeited.
|raw|BeigeGorilla's rating: 1263 → 1237(-26 for losing)
|raw|drewqfan's rating: 1251 → 1277(+26 for winning)
|
|win|drewqfan
|l|☆BeigeGorilla
|player|p1|
