|j|☆MrTedno
|j|☆Tractie
|html|MrTednoTractie    
|uhtml|bestof|Game 1 of a best-of-3
|t:|1757107363
|gametype|doubles
|player|p1|MrTedno|barry|1269
|player|p2|Tractie|170|1314
|gen|9
|tier|[Gen 9] VGC 2025 Reg H (Bo3)
|rated|
|rule|Species Clause: Limit one of each Pokémon
|rule|Item Clause: Limit 1 of each item
|clearpoke
|poke|p1|Ninetales-Alola, L50, M|
|poke|p1|Garchomp, L50, F|
|poke|p1|Flamigo, L50, F|
|poke|p1|Incineroar, L50, F|
|poke|p1|Gholdengo, L50|
|poke|p1|Amoonguss, L50, F|
|poke|p2|Gothitelle, L50, F|
|poke|p2|Dondozo, L50, F|
|poke|p2|Kingambit, L50, M|
|poke|p2|Incineroar, L50, M|
|poke|p2|Amoonguss, L50, F|
|poke|p2|Zoroark-Hisui, L50, F|
|teampreview|4
|showteam|p1|Ninetales-Alola||LightClay|SnowWarning|Protect,Blizzard,FreezeDry,AuroraVeil|||M|||50|,,,,,Water]Garchomp||ClearAmulet|RoughSkin|Earthquake,DragonClaw,StompingTantrum,Protect|||F|||50|,,,,,Fire]Flamigo||CovertCloak|Scrappy|BraveBird,CloseCombat,Tailwind,Detect|||F|||50|,,,,,Stellar]Incineroar||SafetyGoggles|Intimidate|FakeOut,PartingShot,FlareBlitz,KnockOff|||F|||50|,,,,,Ghost]Gholdengo||LifeOrb|GoodasGold|ShadowBall,MakeItRain,NastyPlot,Protect||||||50|,,,,,Flying]Amoonguss||SitrusBerry|Regenerator|Spore,RagePowder,PollenPuff,ClearSmog|||F|||50|,,,,,Water
|showteam|p2|Gothitelle||SitrusBerry|ShadowTag|FakeOut,Psychic,TrickRoom,Protect|||F|||50|,,,,,Water]Dondozo||Leftovers|Unaware|WaveCrash,BodyPress,Yawn,Protect|||F|||50|,,,,,Electric]Kingambit||BlackGlasses|Defiant|SuckerPunch,KowtowCleave,SwordsDance,Protect|||M|||50|,,,,,Dark]Incineroar||SafetyGoggles|Intimidate|FakeOut,FlareBlitz,KnockOff,PartingShot|||M|||50|,,,,,Ghost]Amoonguss||RockyHelmet|Regenerator|Spore,RagePowder,PollenPuff,Protect|||F|||50|,,,,,Fairy]Zoroark-Hisui||LifeOrb|Illusion|ShadowBall,TeraBlast,FocusBlast,Protect|||F|||50|,,,,,Stellar
|inactive|Battle timer is ON: inactive players will automatically lose when time's up. (requested by Tractie)
|inactive|MrTedno has 60 seconds left.
|inactive|Tractie has 60 seconds left.
|inactive|Tractie has 30 seconds left.
|inactive|MrTedno has 30 seconds left.
|inactive|Tractie has 20 seconds left.
|inactive|MrTedno has 20 seconds left.
|inactive|Tractie has 15 seconds left.
|inactive|MrTedno has 15 seconds left.
|inactive|MrTedno has 10 seconds left.
|inactive|Tractie has 10 seconds left.
|inactive|MrTedno has 5 seconds left.
|
|t:|1757107455
|teamsize|p1|4
|teamsize|p2|4
|start
|switch|p1a: Flamigo|Flamigo, L50, F|100/100
|switch|p1b: Julien|Incineroar, L50, F|100/100
|switch|p2a: Gothitelle|Gothitelle, L50, F|100/100
|switch|p2b: Dondozo|Dondozo, L50, F|100/100
|-ability|p1b: Julien|Intimidate|boost
|-unboost|p2a: Gothitelle|atk|1
|-unboost|p2b: Dondozo|atk|1
|turn|1
|inactive|MrTedno has 30 seconds left.
|inactive|Tractie has 30 seconds left.
|
|t:|1757107491
|move|p1a: Flamigo|Detect|p1a: Flamigo
|-singleturn|p1a: Flamigo|Protect
|move|p2a: Gothitelle|Protect|p2a: Gothitelle
|-singleturn|p2a: Gothitelle|Protect
|move|p2b: Dondozo|Protect|p2b: Dondozo
|-singleturn|p2b: Dondozo|Protect
|move|p1b: Julien|Parting Shot|p2b: Dondozo
|-activate|p2b: Dondozo|move: Protect
|
|upkeep
|turn|2
|inactive|MrTedno has 30 seconds left.
|inactive|Tractie has 30 seconds left.
|inactive|MrTedno has 20 seconds left.
|inactive|MrTedno has 15 seconds left.
|
|t:|1757107535
|-terastallize|p2a: Gothitelle|Water
|move|p1a: Flamigo|Tailwind|p1a: Flamigo
|-sidestart|p1: MrTedno|move: Tailwind
|move|p1b: Julien|Parting Shot|p2b: Dondozo
|-unboost|p2b: Dondozo|atk|1
|-unboost|p2b: Dondozo|spa|1
|
|t:|1757107542
|switch|p1b: Gloria|Ninetales-Alola, L50, M|100/100|[from] Parting Shot
|-weather|Snowscape|[from] ability: Snow Warning|[of] p1b: Gloria
|move|p2b: Dondozo|Yawn|p1a: Flamigo
|-start|p1a: Flamigo|move: Yawn|[of] p2b: Dondozo
|move|p2a: Gothitelle|Trick Room|p2a: Gothitelle
|-fieldstart|move: Trick Room|[of] p2a: Gothitelle
|
|-weather|Snowscape|[upkeep]
|upkeep
|turn|3
|inactive|Tractie has 30 seconds left.
|inactive|MrTedno has 30 seconds left.
|
|t:|1757107576
|move|p2b: Dondozo|Yawn|p1b: Gloria
|-start|p1b: Gloria|move: Yawn|[of] p2b: Dondozo
|move|p2a: Gothitelle|Psychic|p1a: Flamigo
|-supereffective|p1a: Flamigo
|-damage|p1a: Flamigo|9/100
|move|p1a: Flamigo|Brave Bird|p2a: Gothitelle
|-damage|p2a: Gothitelle|54/100
|-damage|p1a: Flamigo|0 fnt|[from] Recoil
|faint|p1a: Flamigo
|move|p1b: Gloria|Aurora Veil|p1b: Gloria
|-sidestart|p1: MrTedno|move: Aurora Veil
|
|-weather|Snowscape|[upkeep]
|upkeep
|
|t:|1757107588
|switch|p1a: Julien|Incineroar, L50, F|100/100
|-ability|p1a: Julien|Intimidate|boost
|-unboost|p2a: Gothitelle|atk|1
|-unboost|p2b: Dondozo|atk|1
|turn|4
|inactive|MrTedno has 30 seconds left.
|
|t:|1757107616
|switch|p2b: Incineroar|Incineroar, L50, M|100/100
|-ability|p2b: Incineroar|Intimidate|boost
|-unboost|p1a: Julien|atk|1
|-unboost|p1b: Gloria|atk|1
|move|p2a: Gothitelle|Protect|p2a: Gothitelle
|-singleturn|p2a: Gothitelle|Protect
|move|p1a: Julien|Knock Off|p2b: Incineroar
|-resisted|p2b: Incineroar
|-crit|p2b: Incineroar
|-damage|p2b: Incineroar|71/100
|-enditem|p2b: Incineroar|Safety Goggles|[from] move: Knock Off|[of] p1a: Julien
|move|p1b: Gloria|Freeze-Dry|p2b: Incineroar
|-resisted|p2b: Incineroar
|-damage|p2b: Incineroar|63/100
|
|-weather|Snowscape|[upkeep]
|-end|p1b: Gloria|move: Yawn|[silent]
|-status|p1b: Gloria|slp
|upkeep
|turn|5
|inactive|Tractie has 30 seconds left.
|
|t:|1757107645
|switch|p2a: Dondozo|Dondozo, L50, F|100/100
|move|p2b: Incineroar|Flare Blitz|p1b: Gloria
|-supereffective|p1b: Gloria
|-damage|p1b: Gloria|32/100 slp
|-damage|p2b: Incineroar|45/100|[from] Recoil
|move|p1a: Julien|Knock Off|p2a: Dondozo
|-damage|p2a: Dondozo|76/100
|-enditem|p2a: Dondozo|Leftovers|[from] move: Knock Off|[of] p1a: Julien
|cant|p1b: Gloria|slp
|
|-weather|Snowscape|[upkeep]
|-sideend|p1: MrTedno|move: Tailwind
|upkeep
|turn|6
|
|t:|1757107665
|switch|p1b: Alex|Garchomp, L50, F|100/100
|move|p2a: Dondozo|Wave Crash|p1a: Julien
|-supereffective|p1a: Julien
|-damage|p1a: Julien|49/100
|-damage|p2a: Dondozo|63/100|[from] Recoil
|move|p2b: Incineroar|Flare Blitz|p1b: Alex
|-resisted|p1b: Alex
|-damage|p1b: Alex|84/100
|-damage|p2b: Incineroar|32/100|[from] ability: Rough Skin|[of] p1b: Alex
|-damage|p2b: Incineroar|27/100|[from] Recoil
|move|p1a: Julien|Parting Shot|p2b: Incineroar
|-unboost|p2b: Incineroar|atk|1
|-unboost|p2b: Incineroar|spa|1
|
|t:|1757107674
|switch|p1a: Gloria|Ninetales-Alola, L50, M|32/100 slp|[from] Parting Shot
|
|-weather|none
|-fieldend|move: Trick Room
|upkeep
|turn|7
|inactive|Tractie has 30 seconds left.
|inactive|MrTedno has 30 seconds left.
|inactive|Tractie has 20 seconds left.
|inactive|Tractie has 15 seconds left.
|inactive|MrTedno has 20 seconds left.
|inactive|Tractie has 10 seconds left.
|inactive|MrTedno has 15 seconds left.
|
|t:|1757107729
|switch|p2b: Gothitelle|Gothitelle, L50, F, tera:Water|54/100
|cant|p1a: Gloria|slp
|move|p1b: Alex|Stomping Tantrum|p2b: Gothitelle
|-damage|p2b: Gothitelle|18/100
|-enditem|p2b: Gothitelle|Sitrus Berry|[eat]
|-heal|p2b: Gothitelle|43/100|[from] item: Sitrus Berry
|move|p2a: Dondozo|Yawn|p1b: Alex
|-start|p1b: Alex|move: Yawn|[of] p2a: Dondozo
|
|upkeep
|turn|8
|
|t:|1757107752
|switch|p2a: Incineroar|Incineroar, L50, M|27/100
|-ability|p2a: Incineroar|Intimidate|boost
|-unboost|p1a: Gloria|atk|1
|-fail|p1b: Alex|unboost|[from] item: Clear Amulet|[of] p1b: Alex
|move|p2b: Gothitelle|Protect|p2b: Gothitelle
|-singleturn|p2b: Gothitelle|Protect
|cant|p1a: Gloria|slp
|move|p1b: Alex|Stomping Tantrum|p2b: Gothitelle
|-activate|p2b: Gothitelle|move: Protect
|
|-end|p1b: Alex|move: Yawn|[silent]
|-status|p1b: Alex|slp
|upkeep
|turn|9
|inactive|Tractie has 30 seconds left.
|
|t:|1757107781
|move|p2a: Incineroar|Fake Out|p1a: Gloria
|-damage|p1a: Gloria|21/100 slp
|-curestatus|p1a: Gloria|slp|[msg]
|cant|p1a: Gloria|flinch
|cant|p1b: Alex|slp
|move|p2b: Gothitelle|Psychic|p1a: Gloria
|-damage|p1a: Gloria|1/100
|-unboost|p1a: Gloria|spd|1
|
|upkeep
|turn|10
|inactive|Tractie has 30 seconds left.
|inactive|Tractie has 20 seconds left.
|inactive|Tractie has 15 seconds left.
|inactive|Tractie has 10 seconds left.
|
|t:|1757107827
|move|p1a: Gloria|Protect|p1a: Gloria
|-singleturn|p1a: Gloria|Protect
|cant|p1b: Alex|slp
|move|p2b: Gothitelle|Psychic|p1b: Alex
|-damage|p1b: Alex|62/100 slp
|move|p2a: Incineroar|Knock Off|p1a: Gloria
|-activate|p1a: Gloria|move: Protect
|
|-sideend|p1: MrTedno|move: Aurora Veil
|upkeep
|turn|11
|
|t:|1757107851
|move|p2b: Gothitelle|Protect|p2b: Gothitelle
|-singleturn|p2b: Gothitelle|Protect
|move|p1a: Gloria|Freeze-Dry|p2b: Gothitelle
|-activate|p2b: Gothitelle|move: Protect
|-curestatus|p1b: Alex|slp|[msg]
|move|p1b: Alex|Stomping Tantrum|p2a: Incineroar
|-supereffective|p2a: Incineroar
|-damage|p2a: Incineroar|0 fnt
|faint|p2a: Incineroar
|
|upkeep
|
|t:|1757107872
|switch|p2a: Dondozo|Dondozo, L50, F|63/100
|turn|12
|inactive|Tractie has 30 seconds left.
|
|t:|1757107900
|move|p1a: Gloria|Freeze-Dry|p2b: Gothitelle
|-supereffective|p2b: Gothitelle
|-damage|p2b: Gothitelle|11/100
|-status|p2b: Gothitelle|frz
|move|p1b: Alex|Stomping Tantrum|p2b: Gothitelle
|-damage|p2b: Gothitelle|0 fnt
|faint|p2b: Gothitelle
|move|p2a: Dondozo|Wave Crash|p1b: Alex
|-damage|p1b: Alex|21/100
|-damage|p2a: Dondozo|50/100|[from] ability: Rough Skin|[of] p1b: Alex
|-damage|p2a: Dondozo|41/100|[from] Recoil
|
|upkeep
|
|t:|1757107913
|switch|p2b: Zoroark|Zoroark-Hisui, L50, F|100/100
|turn|13
|
|t:|1757107933
|move|p1a: Gloria|Protect|p1a: Gloria
|-singleturn|p1a: Gloria|Protect
|move|p1b: Alex|Protect|p1b: Alex
|-singleturn|p1b: Alex|Protect
|move|p2b: Zoroark|Tera Blast|p1a: Gloria
|-activate|p1a: Gloria|move: Protect
|move|p2a: Dondozo|Wave Crash|p1b: Alex
|-activate|p1b: Alex|move: Protect
|
|upkeep
|turn|14
|inactive|Tractie has 30 seconds left.
|
|t:|1757107967
|move|p2b: Zoroark|Shadow Ball|p1a: Gloria
|-damage|p1a: Gloria|0 fnt
|faint|p1a: Gloria
|-damage|p2b: Zoroark|91/100|[from] item: Life Orb
|move|p1b: Alex|Earthquake|p2a: Dondozo|[spread] p2a,p2b
|-damage|p2a: Dondozo|15/100
|-damage|p2b: Zoroark|17/100
|move|p2a: Dondozo|Wave Crash|p1b: Alex
|-damage|p1b: Alex|0 fnt
|-damage|p2a: Dondozo|2/100|[from] ability: Rough Skin|[of] p1b: Alex
|faint|p1b: Alex
|-damage|p2a: Dondozo|0 fnt|[from] Recoil
|faint|p2a: Dondozo
|
|upkeep
|
|t:|1757107972
|switch|p1b: Julien|Incineroar, L50, F|49/100
|-ability|p1b: Julien|Intimidate|boost
|-unboost|p2b: Zoroark|atk|1
|turn|15
|inactive|Tractie has 25 seconds left this turn.
|inactive|Tractie has 20 seconds left.
|inactive|Tractie has 15 seconds left.
|inactive|Tractie has 10 seconds left.
|inactive|MrTedno has 30 seconds left.
|inactive|MrTedno has 20 seconds left.
|
|t:|1757108009
|move|p2b: Zoroark|Protect|p2b: Zoroark
|-singleturn|p2b: Zoroark|Protect
|move|p1b: Julien|Knock Off|p2b: Zoroark
|-activate|p2b: Zoroark|move: Protect
|
|upkeep
|turn|16
|inactive|Tractie has 10 seconds left this turn.
|inactive|Tractie has 5 seconds left.
|
|t:|1757108024
|move|p2b: Zoroark|Focus Blast|p1b: Julien
|-supereffective|p1b: Julien
|-damage|p1b: Julien|0 fnt
|faint|p1b: Julien
|-damage|p2b: Zoroark|7/100|[from] item: Life Orb
|
|win|Tractie
