|j|☆Lorido
|j|☆Chavo666
|html|LoridoChavo666    
|uhtml|bestof|Game 1 of a best-of-3
|t:|1784799489
|gametype|doubles
|player|p1|Lorido|265|1215
|player|p2|Chavo666|steven|1178
|gen|9
|tier|[Gen 9 Champions] VGC 2026 Reg M-B (Bo3)
|rated|
|rule|Species Clause: Limit one of each Pokémon
|rule|Item Clause: Limit 1 of each item
|clearpoke
|poke|p1|Aerodactyl, L50, M|
|poke|p1|Kingambit, L50, M|
|poke|p1|Sylveon, L50, F|
|poke|p1|Charizard, L50, F|
|poke|p1|Garchomp, L50, M|
|poke|p1|Farigiraf, L50, F|
|poke|p2|Tyranitar, L50, F|
|poke|p2|Beedrill, L50, F|
|poke|p2|Incineroar, L50, M|
|poke|p2|Excadrill, L50, M|
|poke|p2|Basculegion, L50, M|
|poke|p2|Rotom-Wash, L50|
|teampreview|4
|showteam|p1|Aerodactyl||Aerodactylite|Unnerve|RockSlide,DualWingbeat,IceFang,Tailwind|Jolly||M|||50|]Kingambit||BlackGlasses|Defiant|KowtowCleave,IronHead,SuckerPunch,LowKick|Jolly||M|||50|]Sylveon||FairyFeather|Pixilate|HyperVoice,QuickAttack,HyperBeam,Detect|Modest||F|||50|]Charizard||CharizarditeY|Blaze|HeatWave,WeatherBall,SolarBeam,Protect|Modest||F|||50|]Garchomp||LifeOrb|RoughSkin|DragonClaw,Earthquake,RockSlide,Protect|Jolly||M|||50|]Farigiraf||SitrusBerry|ArmorTail|TwinBeam,Thunderbolt,TrickRoom,HelpingHand|Relaxed||F|||50|
|showteam|p2|Tyranitar||Tyranitarite|SandStream|KnockOff,RockSlide,LowKick,Protect|Adamant||F|||50|]Beedrill||Beedrillite|Swarm|PoisonJab,Uturn,Protect,DualWingbeat|Jolly||F|||50|]Incineroar||ChopleBerry|Intimidate|FakeOut,PartingShot,Crunch,FlareBlitz|Adamant||M|||50|]Excadrill||FocusSash|SandRush|SwordsDance,Earthquake,IronHead,RockSlide|Adamant||M|||50|]Basculegion||ChoiceScarf|Adaptability|FlipTurn,AquaJet,LastRespects,WaveCrash|Jolly||M|||50|]Rotom-Wash||Magnet|Levitate|Thunderbolt,WillOWisp,Electroweb,HydroPump|Timid|||||50|
|inactive|Battle timer is ON: inactive players will automatically lose when time's up. (requested by Lorido)
|inactive|Lorido has 60 seconds left.
|inactive|Chavo666 has 60 seconds left.
|
|t:|1784799530
|teamsize|p1|4
|teamsize|p2|4
|start
|switch|p1a: Aerodactyl|Aerodactyl, L50, M|100/100
|switch|p1b: Garchomp|Garchomp, L50, M|100/100
|switch|p2a: Incineroar|Incineroar, L50, M|100/100
|switch|p2b: Rotom|Rotom-Wash, L50|100/100
|-ability|p1a: Aerodactyl|Unnerve
|-ability|p2a: Incineroar|Intimidate|boost
|-unboost|p1a: Aerodactyl|atk|1
|-unboost|p1b: Garchomp|atk|1
|turn|1
|
|t:|1784799555
|move|p2a: Incineroar|Fake Out|p1a: Aerodactyl
|-resisted|p1a: Aerodactyl|1
|-crit|p1a: Aerodactyl
|-damage|p1a: Aerodactyl|88/100
|cant|p1a: Aerodactyl|flinch
|move|p1b: Garchomp|Earthquake|p2a: Incineroar|[spread] p2a
|-immune|p1a: Aerodactyl
|-immune|p2b: Rotom|[from] ability: Levitate
|-supereffective|p2a: Incineroar|1
|-damage|p2a: Incineroar|35/100
|-damage|p1b: Garchomp|90/100|[from] item: Life Orb
|move|p2b: Rotom|Thunderbolt|p1a: Aerodactyl
|-supereffective|p1a: Aerodactyl|1
|-damage|p1a: Aerodactyl|0 fnt
|faint|p1a: Aerodactyl
|
|upkeep
|
|t:|1784799570
|switch|p1a: Charizard|Charizard, L50, F|100/100
|turn|2
|
|t:|1784799588
|detailschange|p1a: Charizard|Charizard-Mega-Y, L50, F
|-mega|p1a: Charizard|Charizard|Charizardite Y
|-weather|SunnyDay|[from] ability: Drought|[of] p1a: Charizard
|move|p1b: Garchomp|Rock Slide|p2a: Incineroar|[spread] p2a,p2b
|-supereffective|p2a: Incineroar|1
|-damage|p2a: Incineroar|5/100
|-damage|p2b: Rotom|79/100
|-damage|p1b: Garchomp|80/100|[from] item: Life Orb
|move|p2b: Rotom|Will-O-Wisp|p1b: Garchomp
|-status|p1b: Garchomp|brn
|move|p1a: Charizard|Solar Beam||[still]
|-prepare|p1a: Charizard|Solar Beam
|-anim|p1a: Charizard|Solar Beam|p2b: Rotom
|-supereffective|p2b: Rotom|1
|-damage|p2b: Rotom|0 fnt
|faint|p2b: Rotom
|move|p2a: Incineroar|Parting Shot|p1a: Charizard
|-unboost|p1a: Charizard|atk|1
|-unboost|p1a: Charizard|spa|1
|
|t:|1784799604
|switch|p2a: Tyranitar|Tyranitar, L50, F|100/100|[from] Parting Shot
|-weather|Sandstorm|[from] ability: Sand Stream|[of] p2a: Tyranitar
|
|-weather|Sandstorm|[upkeep]
|-damage|p1a: Charizard|94/100|[from] Sandstorm
|-damage|p1b: Garchomp|74/100 brn|[from] brn
|upkeep
|
|t:|1784799612
|switch|p2b: Basculegion|Basculegion, L50, M|100/100
|turn|3
|
|t:|1784799629
|switch|p1b: Kingambit|Kingambit, L50, M|100/100
|detailschange|p2a: Tyranitar|Tyranitar-Mega, L50, F
|-mega|p2a: Tyranitar|Tyranitar|Tyranitarite
|move|p1a: Charizard|Protect|p1a: Charizard
|-singleturn|p1a: Charizard|Protect
|move|p2b: Basculegion|Last Respects|p1b: Kingambit
|-resisted|p1b: Kingambit|1
|-damage|p1b: Kingambit|74/100
|move|p2a: Tyranitar|Rock Slide|p1b: Kingambit|[spread] p1b
|-activate|p1a: Charizard|move: Protect
|-resisted|p1b: Kingambit|1
|-damage|p1b: Kingambit|60/100
|
|-weather|Sandstorm|[upkeep]
|-damage|p2b: Basculegion|93/100|[from] Sandstorm
|-damage|p1a: Charizard|88/100|[from] Sandstorm
|upkeep
|turn|4
|
|t:|1784799653
|switch|p1a: Garchomp|Garchomp, L50, M|74/100 brn
|move|p2b: Basculegion|Last Respects|p1a: Garchomp
|-damage|p1a: Garchomp|15/100 brn
|move|p2a: Tyranitar|Low Kick|p1b: Kingambit
|-supereffective|p1b: Kingambit|2
|-damage|p1b: Kingambit|0 fnt
|faint|p1b: Kingambit
|
|-weather|Sandstorm|[upkeep]
|-damage|p2b: Basculegion|87/100|[from] Sandstorm
|-damage|p1a: Garchomp|9/100 brn|[from] brn
|upkeep
|
|t:|1784799661
|switch|p1b: Charizard|Charizard-Mega-Y, L50, F|88/100
|-weather|SunnyDay|[from] ability: Drought|[of] p1b: Charizard
|turn|5
|
|t:|1784799673
|switch|p2b: Incineroar|Incineroar, L50, M|5/100
|-ability|p2b: Incineroar|Intimidate|boost
|-unboost|p1a: Garchomp|atk|1
|-unboost|p1b: Charizard|atk|1
|move|p1a: Garchomp|Earthquake|p2a: Tyranitar|[spread] p2a,p2b
|-immune|p1b: Charizard
|-supereffective|p2a: Tyranitar|1
|-supereffective|p2b: Incineroar|1
|-damage|p2a: Tyranitar|75/100
|-damage|p2b: Incineroar|0 fnt
|faint|p2b: Incineroar
|-damage|p1a: Garchomp|0 fnt|[from] item: Life Orb
|faint|p1a: Garchomp
|move|p1b: Charizard|Solar Beam||[still]
|-prepare|p1b: Charizard|Solar Beam
|-anim|p1b: Charizard|Solar Beam|p2a: Tyranitar
|-supereffective|p2a: Tyranitar|1
|-crit|p2a: Tyranitar
|-damage|p2a: Tyranitar|0 fnt
|faint|p2a: Tyranitar
|
|-weather|SunnyDay|[upkeep]
|upkeep
|
|t:|1784799688
|switch|p2b: Basculegion|Basculegion, L50, M|87/100
|turn|6
|
|t:|1784799695
|move|p2b: Basculegion|Last Respects|p1b: Charizard
|-damage|p1b: Charizard|0 fnt
|faint|p1b: Charizard
|
|win|Chavo666
