|j|☆gundnub
|j|☆blisswy
|html|gundnubblisswy    
|uhtml|bestof|Game 1 of a best-of-3
|t:|1783281096
|gametype|doubles
|player|p1|gundnub|pokemonranger-gen4|
|player|p2|blisswy|lady-gen4|
|gen|9
|tier|[Gen 9 Champions] VGC 2026 Reg M-B (Bo3)
|rule|Species Clause: Limit one of each Pokémon
|rule|Item Clause: Limit 1 of each item
|clearpoke
|poke|p1|Altaria, L50, M|
|poke|p1|Gliscor, L50, F|
|poke|p1|Ariados, L50, F|
|poke|p1|Arcanine, L50, M|
|poke|p1|Aggron, L50, F|
|poke|p1|Blastoise, L50, F|
|poke|p2|Krookodile, L50, M|
|poke|p2|Klefki, L50, F|
|poke|p2|Floette-Eternal, L50, F|
|poke|p2|Charizard, L50, F|
|poke|p2|Gengar, L50, F|
|poke|p2|Pinsir, L50, M|
|teampreview|4
|showteam|p1|Altaria||Altarianite|NaturalCure|Protect,HyperVoice,DragonPulse,Roost|Modest||M|||50|]Gliscor||LifeOrb|HyperCutter|Protect,HighHorsepower,DualWingbeat,Tailwind|Adamant||F|||50|]Ariados||SitrusBerry|Insomnia|Protect,KnockOff,RagePowder,StringShot|Impish||F|||50|]Arcanine||PasshoBerry|Intimidate|Protect,FlareBlitz,ExtremeSpeed,WillOWisp|Careful||M|||50|]Aggron||Aggronite|Sturdy|Protect,HeavySlam,BodyPress,IronDefense|Impish||F|||50|]Blastoise||MysticWater|Torrent|WaterSpout,LifeDew,FlipTurn,FakeOut|Modest||F|||50|
|showteam|p2|Krookodile||LifeOrb|Intimidate|Earthquake,KnockOff,Protect,Snarl|Jolly||M|||50|]Klefki||LightClay|Prankster|Reflect,LightScreen,DazzlingGleam,SunnyDay|Sassy||F|||50|]Floette-Eternal||FairyFeather|FlowerVeil|DrainingKiss,CalmMind,DazzlingGleam,Protect|Modest||F|||50|]Charizard||ChoiceScarf|SolarPower|HeatWave,WeatherBall,DragonPulse,SolarBeam|Modest||F|||50|]Gengar||FocusSash|CursedBody|ShadowBall,Taunt,IcyWind,SludgeBomb|Timid||F|||50|]Pinsir||Pinsirite|HyperCutter|BodySlam,Lunge,Protect,QuickAttack|Jolly||M|||50|
|inactive|Battle timer is ON: inactive players will automatically lose when time's up. (requested by gundnub)
|c|☆gundnub|glhf
|c|☆blisswy|glhf
|inactive|gundnub has 60 seconds left.
|inactive|blisswy has 60 seconds left.
|inactive|gundnub has 30 seconds left.
|inactive|gundnub has 20 seconds left.
|inactive|gundnub has 15 seconds left.
|inactive|gundnub has 10 seconds left.
|inactive|gundnub has 5 seconds left.
|
|t:|1783281181
|teamsize|p1|4
|teamsize|p2|4
|start
|switch|p1a: Arcanine|Arcanine, L50, M|100/100
|switch|p1b: Altaria|Altaria, L50, M|100/100
|switch|p2a: Gengar|Gengar, L50, F|100/100
|switch|p2b: Floette|Floette-Eternal, L50, F|100/100
|-ability|p1a: Arcanine|Intimidate|boost
|-unboost|p2a: Gengar|atk|1
|-unboost|p2b: Floette|atk|1
|turn|1
|
|t:|1783281203
|switch|p1b: Gliscor|Gliscor, L50, F|100/100
|move|p2a: Gengar|Icy Wind|p1a: Arcanine|[spread] p1a,p1b
|-resisted|p1a: Arcanine|1
|-supereffective|p1b: Gliscor|2
|-damage|p1a: Arcanine|94/100
|-damage|p1b: Gliscor|11/100
|-unboost|p1a: Arcanine|spe|1
|-unboost|p1b: Gliscor|spe|1
|move|p2b: Floette|Calm Mind|p2b: Floette
|-boost|p2b: Floette|spa|1
|-boost|p2b: Floette|spd|1
|move|p1a: Arcanine|Flare Blitz|p2a: Gengar
|-damage|p2a: Gengar|9/100
|-damage|p1a: Arcanine|73/100|[from] Recoil
|
|upkeep
|turn|2
|
|t:|1783281223
|switch|p1b: Blastoise|Blastoise, L50, F|100/100
|move|p2a: Gengar|Icy Wind|p1b: Blastoise|[spread] p1a,p1b
|-resisted|p1a: Arcanine|1
|-resisted|p1b: Blastoise|1
|-damage|p1a: Arcanine|66/100
|-damage|p1b: Blastoise|94/100
|-unboost|p1a: Arcanine|spe|1
|-unboost|p1b: Blastoise|spe|1
|move|p2b: Floette|Dazzling Gleam|p1b: Blastoise|[spread] p1a,p1b
|-resisted|p1a: Arcanine|1
|-damage|p1a: Arcanine|43/100
|-damage|p1b: Blastoise|40/100
|move|p1a: Arcanine|Flare Blitz|p2a: Gengar
|-damage|p2a: Gengar|0 fnt
|faint|p2a: Gengar
|-damage|p1a: Arcanine|40/100|[from] Recoil
|
|upkeep
|
|t:|1783281235
|switch|p2a: Klefki|Klefki, L50, F|100/100
|turn|3
|
|t:|1783281247
|switch|p1a: Gliscor|Gliscor, L50, F|11/100
|move|p1b: Blastoise|Fake Out|p2b: Floette
|-damage|p2b: Floette|89/100
|move|p2a: Klefki|Reflect|p2a: Klefki
|-sidestart|p2: blisswy|Reflect
|cant|p2b: Floette|flinch
|
|upkeep
|turn|4
|
|t:|1783281261
|move|p1a: Gliscor|Tailwind|p1a: Gliscor
|-sidestart|p1: gundnub|move: Tailwind
|move|p1b: Blastoise|Water Spout|p2b: Floette|[spread] p2a,p2b
|-damage|p2a: Klefki|81/100
|-damage|p2b: Floette|77/100
|move|p2b: Floette|Dazzling Gleam|p1b: Blastoise|[spread] p1a,p1b
|-damage|p1a: Gliscor|0 fnt
|-damage|p1b: Blastoise|0 fnt
|faint|p1a: Gliscor
|faint|p1b: Blastoise
|move|p2a: Klefki|Dazzling Gleam|p1: Gliscor|[notarget]
|-fail|p2a: Klefki
|
|upkeep
|
|t:|1783281266
|switch|p1a: Altaria|Altaria, L50, M|100/100
|switch|p1b: Arcanine|Arcanine, L50, M|40/100
|-ability|p1b: Arcanine|Intimidate|boost
|-unboost|p2a: Klefki|atk|1
|-unboost|p2b: Floette|atk|1
|turn|5
|
|t:|1783281281
|detailschange|p1a: Altaria|Altaria-Mega, L50, M
|-mega|p1a: Altaria|Altaria|Altarianite
|move|p2a: Klefki|Light Screen|p2a: Klefki
|-sidestart|p2: blisswy|move: Light Screen
|move|p1b: Arcanine|Flare Blitz|p2b: Floette
|-damage|p2b: Floette|29/100
|-damage|p1b: Arcanine|27/100|[from] Recoil
|move|p1a: Altaria|Hyper Voice|p2b: Floette|[spread] p2a,p2b
|-resisted|p2a: Klefki|1
|-damage|p2a: Klefki|69/100
|-damage|p2b: Floette|12/100
|move|p2b: Floette|Dazzling Gleam|p1a: Altaria|[spread] p1a,p1b
|-supereffective|p1a: Altaria|1
|-resisted|p1b: Arcanine|1
|-damage|p1a: Altaria|0 fnt
|-damage|p1b: Arcanine|5/100
|faint|p1a: Altaria
|
|upkeep
|turn|6
|
|t:|1783281292
|move|p1b: Arcanine|Flare Blitz|p2b: Floette
|-damage|p2b: Floette|0 fnt
|faint|p2b: Floette
|-damage|p1b: Arcanine|1/100|[from] Recoil
|move|p2a: Klefki|Dazzling Gleam|p1b: Arcanine
|-resisted|p1b: Arcanine|1
|-damage|p1b: Arcanine|0 fnt
|faint|p1b: Arcanine
|
|win|blisswy
||gundnub is ready for game 2.
||blisswy is ready for game 2.
|uhtml|next|Next: Game 2 of 3
|l|☆blisswy
|player|p2|
