|j|☆hugoggg
|j|☆chuwayo
|html|hugogggchuwayo    
|uhtml|bestof|Game 3 of a best-of-3
|t:|1786096867
|gametype|doubles
|player|p1|hugoggg|170|1217
|player|p2|chuwayo|102|1218
|gen|9
|tier|[Gen 9 Champions] VGC 2026 Reg M-B (Bo3)
|rated|
|rule|Species Clause: Limit one of each Pokémon
|rule|Item Clause: Limit 1 of each item
|clearpoke
|poke|p1|Froslass, L50, F|
|poke|p1|Dragonite, L50, F, shiny|
|poke|p1|Sneasler, L50, M|
|poke|p1|Arcanine-Hisui, L50, M|
|poke|p1|Gholdengo, L50|
|poke|p1|Kingambit, L50, F|
|poke|p2|Raichu, L50, F|
|poke|p2|Staraptor, L50, F|
|poke|p2|Arcanine-Hisui, L50, M|
|poke|p2|Farigiraf, L50, M|
|poke|p2|Sylveon, L50, F|
|poke|p2|Kingambit, L50, M|
|teampreview|4
|showteam|p1|Froslass||Froslassite|CursedBody|Blizzard,ShadowBall,AuroraVeil,Protect|Modest||F|||50|]Dragonite||DragonFang|Multiscale|ScaleShot,Haze,Tailwind,Protect|Adamant||F|||50|]Sneasler||WhiteHerb|Unburden|CloseCombat,GunkShot,FakeOut,Protect|Adamant||M|||50|]Arcanine-Hisui||FocusSash|RockHead|HeadSmash,FlareBlitz,ExtremeSpeed,Protect|Adamant||M|||50|]Gholdengo||ChoiceScarf|GoodasGold|MakeItRain,ShadowBall,PowerGem,Trick|Modest|||||50|]Kingambit||LifeOrb|Defiant|KowtowCleave,SuckerPunch,SwordsDance,Protect|Adamant||F|||50|
|showteam|p2|Raichu||RaichuniteY|LightningRod|ZapCannon,FocusBlast,FakeOut,Protect|Timid||F|||50|]Staraptor||Staraptite|Intimidate|CloseCombat,DualWingbeat,Tailwind,Protect|Jolly||F|||50|]Arcanine-Hisui||FocusSash|RockHead|FlareBlitz,HeadSmash,ExtremeSpeed,Protect|Jolly||M|||50|]Farigiraf||SitrusBerry|ArmorTail|Psychic,HelpingHand,TrickRoom,Protect|Calm||M|||50|]Sylveon||FairyFeather|Pixilate|HyperVoice,QuickAttack,HyperBeam,Detect|Modest||F|||50|]Kingambit||LifeOrb|Defiant|KowtowCleave,SuckerPunch,SwordsDance,Protect|Adamant||M|||50|
|inactive|Battle timer is ON: inactive players will automatically lose when time's up. (requested by chuwayo)
|
|t:|1786096894
|teamsize|p1|4
|teamsize|p2|4
|start
|switch|p1a: Streetcat|Sneasler, L50, M|100/100
|switch|p1b: Rollin girl|Dragonite, L50, F, shiny|100/100
|switch|p2a: Raichu|Raichu, L50, F|100/100
|switch|p2b: Farigiraf|Farigiraf, L50, M|100/100
|turn|1
|
|t:|1786096914
|detailschange|p2a: Raichu|Raichu-Mega-Y, L50, F
|-mega|p2a: Raichu|Raichu|Raichunite Y
|move|p2a: Raichu|Zap Cannon|p1b: Rollin girl
|-damage|p1b: Rollin girl|68/100
|-status|p1b: Rollin girl|par
|move|p1a: Streetcat|Close Combat|p2a: Raichu
|-damage|p2a: Raichu|1/100
|-unboost|p1a: Streetcat|def|1
|-unboost|p1a: Streetcat|spd|1
|-enditem|p1a: Streetcat|White Herb
|-clearnegativeboost|p1a: Streetcat|[silent]
|move|p2b: Farigiraf|Psychic|p1a: Streetcat
|-supereffective|p1a: Streetcat|2
|-damage|p1a: Streetcat|0 fnt
|faint|p1a: Streetcat
|move|p1b: Rollin girl|Scale Shot|p2b: Farigiraf
|-damage|p2b: Farigiraf|83/100
|-damage|p2b: Farigiraf|66/100
|-hitcount|p2b: Farigiraf|2
|-unboost|p1b: Rollin girl|def|1
|-boost|p1b: Rollin girl|spe|1
|
|upkeep
|
|t:|1786096935
|switch|p1a: Animal|Arcanine-Hisui, L50, M|100/100
|turn|2
|
|t:|1786096952
|switch|p2a: Sylveon|Sylveon, L50, F|100/100
|move|p1a: Animal|Head Smash|p2b: Farigiraf
|-crit|p2b: Farigiraf
|-damage|p2b: Farigiraf|0 fnt
|faint|p2b: Farigiraf
|move|p1b: Rollin girl|Scale Shot|p2a: Sylveon
|-immune|p2a: Sylveon
|
|upkeep
|
|t:|1786096959
|switch|p2b: Raichu|Raichu-Mega-Y, L50, F|1/100
|turn|3
|
|t:|1786096977
|switch|p1b: Villain|Kingambit, L50, F|100/100
|move|p1a: Animal|Protect|p1a: Animal
|-singleturn|p1a: Animal|Protect
|move|p2b: Raichu|Fake Out|p1a: Animal
|-activate|p1a: Animal|move: Protect
|move|p2a: Sylveon|Hyper Voice|p1a: Animal|[spread] p1b
|-activate|p1a: Animal|move: Protect
|-crit|p1b: Villain
|-damage|p1b: Villain|28/100
|
|upkeep
|turn|4
|
|t:|1786097000
|switch|p2b: Arcanine|Arcanine-Hisui, L50, M|100/100
|move|p2a: Sylveon|Detect|p2a: Sylveon
|-singleturn|p2a: Sylveon|Protect
|move|p1b: Villain|Sucker Punch||[still]
|-fail|p1b: Villain
|move|p1a: Animal|Head Smash|p2a: Sylveon
|-activate|p2a: Sylveon|move: Protect
|
|upkeep
|turn|5
|inactive|chuwayo has 30 seconds left.
|
|t:|1786097034
|switch|p2a: Raichu|Raichu-Mega-Y, L50, F|1/100
|move|p1b: Villain|Sucker Punch||[still]
|-fail|p1b: Villain
|move|p2b: Arcanine|Flare Blitz|p1b: Villain
|-supereffective|p1b: Villain|1
|-damage|p1b: Villain|0 fnt
|faint|p1b: Villain
|move|p1a: Animal|Head Smash|p2a: Raichu
|-damage|p2a: Raichu|0 fnt
|faint|p2a: Raichu
|
|upkeep
|
|t:|1786097044
|switch|p2a: Sylveon|Sylveon, L50, F|100/100
|switch|p1b: Rollin girl|Dragonite, L50, F, shiny|68/100 par
|turn|6
|
|t:|1786097067
|move|p1b: Rollin girl|Protect|p1b: Rollin girl
|-singleturn|p1b: Rollin girl|Protect
|move|p2b: Arcanine|Head Smash|p1a: Animal
|-supereffective|p1a: Animal|1
|-crit|p1a: Animal
|-enditem|p1a: Animal|Focus Sash
|-damage|p1a: Animal|1/100
|move|p1a: Animal|Head Smash|p2b: Arcanine
|-supereffective|p2b: Arcanine|1
|-enditem|p2b: Arcanine|Focus Sash
|-damage|p2b: Arcanine|1/100
|move|p2a: Sylveon|Hyper Voice|p1b: Rollin girl|[spread] p1a
|-activate|p1b: Rollin girl|move: Protect
|-resisted|p1a: Animal|1
|-damage|p1a: Animal|0 fnt
|faint|p1a: Animal
|
|upkeep
|turn|7
|-message|hugoggg forfeited.
|raw|hugoggg's rating: 1217 → 1192(-25 for losing)
|raw|chuwayo's rating: 1218 → 1243(+25 for winning)
|
|win|chuwayo
|l|☆chuwayo
|player|p2|
|j|☆chuwayo
|player|p2|chuwayo|102|
|l|☆chuwayo
|player|p2|
