|j|☆alex banana
|j|☆RickCtrl
|html|alex bananaRickCtrl    
|uhtml|bestof|Game 2 of a best-of-3
|t:|1756847209
|gametype|doubles
|player|p1|alex banana|iris-gen5bw2|1085
|player|p2|RickCtrl|266|1162
|gen|9
|tier|[Gen 9] VGC 2025 Reg H (Bo3)
|rated|
|rule|Species Clause: Limit one of each Pokémon
|rule|Item Clause: Limit 1 of each item
|clearpoke
|poke|p1|Hydreigon, L50, F|
|poke|p1|Clefairy, L50, F|
|poke|p1|Whimsicott, L50, M|
|poke|p1|Quaquaval, L50, F|
|poke|p1|Arcanine-Hisui, L50, F|
|poke|p1|Kingambit, L50, F|
|poke|p2|Indeedee, L50, M|
|poke|p2|Sneasler, L50, F|
|poke|p2|Ursaluna-Bloodmoon, L50, M|
|poke|p2|Electabuzz, L50, M|
|poke|p2|Talonflame, L50, M|
|poke|p2|Bellibolt, L50, M|
|teampreview|4
|showteam|p1|Hydreigon||ScopeLens|Levitate|HeatWave,DracoMeteor,FocusEnergy,Protect|||F|||50|,,,,,Fire]Clefairy||Eviolite|FriendGuard|FollowMe,LightScreen,Reflect,HelpingHand|||F|||50|,,,,,Dark]Whimsicott||CovertCloak|Prankster|Tailwind,Encore,Moonblast,Protect|||M|||50|,,,,,Dark]Quaquaval||FocusSash|Moxie|AquaStep,CloseCombat,Acrobatics,Protect|||F|||50|,,,,,Grass]Arcanine-Hisui||ChoiceBand|RockHead|ExtremeSpeed,FlareBlitz,HeadSmash,RockSlide|||F|||50|,,,,,Normal]Kingambit||BlackGlasses|Defiant|SwordsDance,KowtowCleave,SuckerPunch,Protect|||F|||50|,,,,,Dark
|showteam|p2|Indeedee||FocusSash|PsychicSurge|ExpandingForce,TeraBlast,Protect,TrickRoom|||M|||50|,,,,,Fighting]Sneasler||PsychicSeed|Unburden|Protect,DireClaw,CloseCombat,ThroatChop|||F|||50|,,,,,Dark]Ursaluna-Bloodmoon||LifeOrb|MindsEye|BloodMoon,HyperVoice,EarthPower,Protect|||M|||50|,,,,,Normal]Electabuzz||Eviolite|VitalSpirit|Protect,Taunt,FollowMe,Electroweb|||M|||50|,,,,,Fairy]Talonflame||CovertCloak|GaleWings|Tailwind,WillOWisp,DualWingbeat,FlareBlitz|||M|||50|,,,,,Stellar]Bellibolt||Leftovers|Electromorphosis|Protect,MuddyWater,ParabolicCharge,ChargeBeam|||M|||50|,,,,,Water
|inactive|Battle timer is ON: inactive players will automatically lose when time's up. (requested by alex banana)
|inactive|alex banana has 60 seconds left.
|
|t:|1756847263
|teamsize|p1|4
|teamsize|p2|4
|start
|switch|p1a: Clefairy|Clefairy, L50, F|100/100
|switch|p1b: Hydreigon|Hydreigon, L50, F|100/100
|switch|p2a: Ursaluna|Ursaluna-Bloodmoon, L50, M|100/100
|switch|p2b: Talonflame|Talonflame, L50, M, shiny|100/100
|turn|1
|
|t:|1756847286
|move|p1a: Clefairy|Follow Me|p1a: Clefairy
|-singleturn|p1a: Clefairy|move: Follow Me
|move|p2b: Talonflame|Tailwind|p2b: Talonflame
|-sidestart|p2: RickCtrl|move: Tailwind
|move|p2a: Ursaluna|Blood Moon|p1a: Clefairy
|-damage|p1a: Clefairy|16/100
|-damage|p2a: Ursaluna|91/100|[from] item: Life Orb
|move|p1b: Hydreigon|Focus Energy|p1b: Hydreigon
|-start|p1b: Hydreigon|move: Focus Energy
|
|upkeep
|turn|2
|inactive|RickCtrl has 30 seconds left.
|
|t:|1756847317
|-terastallize|p1b: Hydreigon|Fire
|move|p1a: Clefairy|Follow Me|p1a: Clefairy
|-singleturn|p1a: Clefairy|move: Follow Me
|move|p2b: Talonflame|Dual Wingbeat|p1a: Clefairy
|-damage|p1a: Clefairy|3/100
|-damage|p1a: Clefairy|0 fnt
|faint|p1a: Clefairy
|-hitcount|p1: Clefairy|2
|move|p2a: Ursaluna|Hyper Voice|p1b: Hydreigon
|-damage|p1b: Hydreigon|27/100
|-damage|p2a: Ursaluna|81/100|[from] item: Life Orb
|move|p1b: Hydreigon|Heat Wave|p2a: Ursaluna|[spread] p2a,p2b
|-crit|p2a: Ursaluna
|-resisted|p2b: Talonflame
|-crit|p2b: Talonflame
|-damage|p2a: Ursaluna|3/100
|-damage|p2b: Talonflame|57/100
|
|upkeep
|
|t:|1756847330
|switch|p1a: Whimsicott|Whimsicott, L50, M|100/100
|turn|3
|
|t:|1756847344
|move|p1a: Whimsicott|Tailwind|p1a: Whimsicott
|-sidestart|p1: alex banana|move: Tailwind
|move|p2b: Talonflame|Flare Blitz|p1a: Whimsicott
|-supereffective|p1a: Whimsicott
|-damage|p1a: Whimsicott|0 fnt
|faint|p1a: Whimsicott
|-damage|p2b: Talonflame|26/100|[from] Recoil
|move|p1b: Hydreigon|Heat Wave|p2b: Talonflame|[spread] p2a,p2b
|-crit|p2a: Ursaluna
|-resisted|p2b: Talonflame
|-crit|p2b: Talonflame
|-damage|p2a: Ursaluna|0 fnt
|-damage|p2b: Talonflame|0 fnt
|faint|p2a: Ursaluna
|faint|p2b: Talonflame
|
|upkeep
|
|t:|1756847360
|switch|p2b: Sneasler|Sneasler, L50, F, shiny|100/100
|switch|p1a: Arcanine|Arcanine-Hisui, L50, F|100/100
|switch|p2a: Bellibolt|Bellibolt, L50, M|100/100
|turn|4
|
|t:|1756847370
|-terastallize|p2a: Bellibolt|Water
|move|p2b: Sneasler|Protect|p2b: Sneasler
|-singleturn|p2b: Sneasler|Protect
|move|p1a: Arcanine|Extreme Speed|p2b: Sneasler
|-activate|p2b: Sneasler|move: Protect
|move|p1b: Hydreigon|Draco Meteor|p2a: Bellibolt
|-crit|p2a: Bellibolt
|-damage|p2a: Bellibolt|2/100
|-unboost|p1b: Hydreigon|spa|2
|-start|p2a: Bellibolt|Charge|Draco Meteor|[from] ability: Electromorphosis
|move|p2a: Bellibolt|Parabolic Charge|p1a: Arcanine|[spread] p1a,p1b
|-activate|p2b: Sneasler|move: Protect
|-damage|p1a: Arcanine|47/100
|-heal|p2a: Bellibolt|24/100|[from] drain|[of] p1a: Arcanine
|-damage|p1b: Hydreigon|0 fnt
|-heal|p2a: Bellibolt|35/100|[from] drain|[of] p1b: Hydreigon
|faint|p1b: Hydreigon
|-end|p2a: Bellibolt|Charge|[silent]
|
|-heal|p2a: Bellibolt|41/100|[from] item: Leftovers
|-sideend|p2: RickCtrl|move: Tailwind
|upkeep
|turn|5
|j| Tatsugrilo
|inactive|RickCtrl has 30 seconds left.
|
|t:|1756847400
|move|p1a: Arcanine|Extreme Speed|p2b: Sneasler
|-damage|p2b: Sneasler|38/100
|move|p2b: Sneasler|Close Combat|p1a: Arcanine
|-supereffective|p1a: Arcanine
|-damage|p1a: Arcanine|0 fnt
|-unboost|p2b: Sneasler|def|1
|-unboost|p2b: Sneasler|spd|1
|faint|p1a: Arcanine
|
|win|RickCtrl
|raw|alex banana's rating: 1085 → 1067(-18 for losing)
|raw|RickCtrl's rating: 1162 → 1182(+20 for winning)
|l|☆alex banana
|player|p1|
|l| Tatsugrilo
