|j|☆BeauLavorre
|j|☆NaisonD
|html|BeauLavorreNaisonD    
|uhtml|bestof|Game 1 of a best-of-3
|t:|1756923520
|gametype|doubles
|player|p1|BeauLavorre|rocketgruntf|
|player|p2|NaisonD|cheren-gen5bw2|
|gen|9
|tier|[Gen 9] VGC 2025 Reg H (Bo3)
|rule|Species Clause: Limit one of each Pokémon
|rule|Item Clause: Limit 1 of each item
|clearpoke
|poke|p1|Basculegion, L50, M|
|poke|p1|Politoed, L50, M|
|poke|p1|Gothitelle, L50, F|
|poke|p1|Sinistcha-Masterpiece, L50|
|poke|p1|Incineroar, L50, F|
|poke|p1|Gyarados, L50, M|
|poke|p2|Annihilape, L50, M|
|poke|p2|Sinistcha, L50|
|poke|p2|Basculegion, L50, M|
|poke|p2|Archaludon, L50, M|
|poke|p2|Maushold, L50|
|poke|p2|Pelipper, L50, M|
|teampreview|4
|showteam|p1|Basculegion||MysticWater|SwiftSwim|WaveCrash,AquaJet,FlipTurn,LastRespects|||M|||50|,,,,,Water]Politoed||Leftovers|Drizzle|Protect,PerishSong,Encore,WeatherBall|||M|||50|,,,,,Steel]Gothitelle||SitrusBerry|ShadowTag|FakeOut,Protect,TrickRoom,Psychic|||F|||50|,,,,,Water]Sinistcha-Masterpiece||RockyHelmet|Hospitality|LifeDew,Protect,RagePowder,MatchaGotcha||||||50|,,,,,Water]Incineroar||SafetyGoggles|Intimidate|FakeOut,FlareBlitz,KnockOff,PartingShot|||F|||50|,,,,,Water]Gyarados||ClearAmulet|Intimidate|Waterfall,Protect,DragonDance,LashOut|||M|||50|,,,,,Ground
|showteam|p2|Annihilape||LumBerry|Defiant|RageFist,DrainPunch,BulkUp,Protect|||M|||50|,,,,,Fire]Sinistcha||SitrusBerry|Hospitality|MatchaGotcha,LifeDew,TrickRoom,RagePowder||||||50|,,,,,Water]Basculegion||LifeOrb|SwiftSwim|WaveCrash,LastRespects,AquaJet,Protect|||M|||50|,,,,,Water]Archaludon||AssaultVest|Stamina|ElectroShot,FlashCannon,Snarl,BodyPress|||M|||50|,,,,,Fairy]Maushold||SafetyGoggles|FriendGuard|FollowMe,Taunt,BeatUp,Protect||||||50|,,,,,Ghost]Pelipper||CovertCloak|Drizzle|Hurricane,WeatherBall,Tailwind,Protect|||M|||50|,,,,,Stellar
|c|☆NaisonD|glhf
|
|t:|1756923544
|teamsize|p1|4
|teamsize|p2|4
|start
|switch|p1a: Politoed|Politoed, L50, M|100/100
|switch|p1b: Gyarados|Gyarados, L50, M|100/100
|switch|p2a: Annihilape|Annihilape, L50, M|100/100
|switch|p2b: Tate&Liza|Maushold, L50|100/100
|-weather|RainDance|[from] ability: Drizzle|[of] p1a: Politoed
|-ability|p1b: Gyarados|Intimidate|boost
|-unboost|p2a: Annihilape|atk|1
|-ability|p2a: Annihilape|Defiant|boost
|-boost|p2a: Annihilape|atk|2
|-unboost|p2b: Tate&Liza|atk|1
|turn|1
|c|☆BeauLavorre|u2
|
|t:|1756923564
|move|p2b: Tate&Liza|Beat Up|p2a: Annihilape
|-damage|p2a: Annihilape|99/100
|-damage|p2a: Annihilape|98/100
|-damage|p2a: Annihilape|97/100
|-damage|p2a: Annihilape|96/100
|-hitcount|p2a: Annihilape|4
|move|p2a: Annihilape|Rage Fist|p1b: Gyarados
|-damage|p1b: Gyarados|0 fnt
|faint|p1b: Gyarados
|move|p1a: Politoed|Weather Ball|p2a: Annihilape
|-damage|p2a: Annihilape|59/100
|
|-weather|RainDance|[upkeep]
|upkeep
|
|t:|1756923577
|switch|p1b: Basculegion|Basculegion, L50, M|100/100
|turn|2
|
|t:|1756923591
|move|p1a: Politoed|Protect|p1a: Politoed
|-singleturn|p1a: Politoed|Protect
|move|p2b: Tate&Liza|Follow Me|p2b: Tate&Liza
|-singleturn|p2b: Tate&Liza|move: Follow Me
|move|p1b: Basculegion|Wave Crash|p2b: Tate&Liza
|-crit|p2b: Tate&Liza
|-damage|p2b: Tate&Liza|0 fnt
|faint|p2b: Tate&Liza
|-damage|p1b: Basculegion|73/100|[from] Recoil
|move|p2a: Annihilape|Rage Fist|p1a: Politoed
|-activate|p1a: Politoed|move: Protect
|
|-weather|RainDance|[upkeep]
|upkeep
|
|t:|1756923603
|switch|p2b: Mathilde|Sinistcha, L50, shiny|100/100
|-heal|p2a: Annihilape|84/100|[from] ability: Hospitality|[of] p2b: Mathilde
|turn|3
|
|t:|1756923626
|move|p2b: Mathilde|Rage Powder|p2b: Mathilde
|-singleturn|p2b: Mathilde|move: Rage Powder
|move|p1b: Basculegion|Wave Crash|p2b: Mathilde
|-resisted|p2b: Mathilde
|-damage|p2b: Mathilde|55/100
|-damage|p1b: Basculegion|59/100|[from] Recoil
|move|p2a: Annihilape|Rage Fist|p1a: Politoed
|-damage|p1a: Politoed|0 fnt
|faint|p1a: Politoed
|
|-weather|RainDance|[upkeep]
|upkeep
|
|t:|1756923638
|switch|p1a: Incineroar|Incineroar, L50, F|100/100
|-ability|p1a: Incineroar|Intimidate|boost
|-unboost|p2a: Annihilape|atk|1
|-ability|p2a: Annihilape|Defiant|boost
|-boost|p2a: Annihilape|atk|2
|-unboost|p2b: Mathilde|atk|1
|turn|4
|
|t:|1756923659
|move|p2b: Mathilde|Rage Powder|p2b: Mathilde
|-singleturn|p2b: Mathilde|move: Rage Powder
|move|p1b: Basculegion|Last Respects|p2b: Mathilde
|-supereffective|p2b: Mathilde
|-damage|p2b: Mathilde|0 fnt
|faint|p2b: Mathilde
|move|p2a: Annihilape|Rage Fist|p1b: Basculegion
|-supereffective|p1b: Basculegion
|-damage|p1b: Basculegion|0 fnt
|faint|p1b: Basculegion
|move|p1a: Incineroar|Knock Off|p2a: Annihilape
|-damage|p2a: Annihilape|42/100
|-enditem|p2a: Annihilape|Lum Berry|[from] move: Knock Off|[of] p1a: Incineroar
|
|-weather|RainDance|[upkeep]
|upkeep
|
|t:|1756923672
|switch|p2b: Archaludon|Archaludon, L50, M, shiny|100/100
|turn|5
|
|t:|1756923682
|move|p2a: Annihilape|Drain Punch|p1a: Incineroar
|-supereffective|p1a: Incineroar
|-damage|p1a: Incineroar|16/100
|-heal|p2a: Annihilape|83/100|[from] drain|[of] p1a: Incineroar
|move|p2b: Archaludon|Electro Shot||[still]
|-prepare|p2b: Archaludon|Electro Shot
|-boost|p2b: Archaludon|spa|1
|-anim|p2b: Archaludon|Electro Shot|p1a: Incineroar
|-damage|p1a: Incineroar|0 fnt
|faint|p1a: Incineroar
|
|win|NaisonD
||BeauLavorre is ready for game 2.
||NaisonD is ready for game 2.
|uhtml|next|Next: Game 2 of 3
|l|☆BeauLavorre
|player|p1|
