|j|☆elmono11
|j|☆il mule
|html|elmono11il mule    
|uhtml|bestof|Game 2 of a best-of-3
|t:|1785609960
|gametype|doubles
|player|p1|elmono11|101|1396
|player|p2|il mule|102|1544
|gen|9
|tier|[Gen 9 Champions] VGC 2026 Reg M-B (Bo3)
|rated|
|rule|Species Clause: Limit one of each Pokémon
|rule|Item Clause: Limit 1 of each item
|clearpoke
|poke|p1|Charizard, L50, M|
|poke|p1|Floette-Eternal, L50, F|
|poke|p1|Garchomp, L50, M|
|poke|p1|Kingambit, L50, M|
|poke|p1|Basculegion, L50, M|
|poke|p1|Whimsicott, L50, M|
|poke|p2|Excadrill, L50, F|
|poke|p2|Tyranitar, L50, F|
|poke|p2|Sneasler, L50, M|
|poke|p2|Incineroar, L50, M|
|poke|p2|Delphox, L50, M|
|poke|p2|Sinistcha, L50|
|teampreview|4
|showteam|p1|Charizard||CharizarditeY|Blaze|HeatWave,WeatherBall,SolarBeam,Protect|Modest||M|||50|]Floette-Eternal||Floettite|FlowerVeil|Moonblast,DazzlingGleam,LightofRuin,Protect|Modest||F|||50|]Garchomp||LifeOrb|RoughSkin|Earthquake,DragonClaw,RockSlide,Protect|Jolly||M|||50|]Kingambit||BlackGlasses|Defiant|KowtowCleave,SuckerPunch,IronHead,Protect|Adamant||M|||50|]Basculegion||MysticWater|Adaptability|WaveCrash,LastRespects,AquaJet,Protect|Adamant||M|||50|]Whimsicott||FocusSash|Prankster|Moonblast,Tailwind,Encore,Protect|Timid||M|||50|
|showteam|p2|Excadrill||FocusSash|SandRush|HighHorsepower,IronHead,RockSlide,Protect|Adamant||F|||50|]Tyranitar||Tyranitarite|SandStream|KnockOff,RockSlide,DragonDance,Protect|Jolly||F|||50|]Sneasler||WhiteHerb|Unburden|CloseCombat,DireClaw,Coaching,FakeOut|Jolly||M|||50|]Incineroar||SitrusBerry|Intimidate|FlareBlitz,HelpingHand,PartingShot,FakeOut|Impish||M|||50|]Delphox||Delphoxite|Blaze|HeatWave,Psychic,NastyPlot,Protect|Timid||M|||50|]Sinistcha||KasibBerry|Hospitality|ShadowBall,MatchaGotcha,RagePowder,Protect|Bold|||||50|
|inactive|Battle timer is ON: inactive players will automatically lose when time's up. (requested by elmono11)
|
|t:|1785609984
|teamsize|p1|4
|teamsize|p2|4
|start
|switch|p1a: Kingambit|Kingambit, L50, M|100/100
|switch|p1b: Basculegion|Basculegion, L50, M|100/100
|switch|p2a: Excadrill|Excadrill, L50, F|100/100
|switch|p2b: Sneasler|Sneasler, L50, M|100/100
|turn|1
|inactive|elmono11 has 30 seconds left.
|inactive|il mule has 30 seconds left.
|inactive|elmono11 has 20 seconds left.
|inactive|elmono11 has 15 seconds left.
|
|t:|1785610025
|move|p1a: Kingambit|Protect|p1a: Kingambit
|-singleturn|p1a: Kingambit|Protect
|move|p2b: Sneasler|Coaching|p2a: Excadrill
|-boost|p2a: Excadrill|atk|1
|-boost|p2a: Excadrill|def|1
|move|p2a: Excadrill|High Horsepower|p1b: Basculegion
|-damage|p1b: Basculegion|27/100
|move|p1b: Basculegion|Wave Crash|p2b: Sneasler
|-damage|p2b: Sneasler|0 fnt
|faint|p2b: Sneasler
|-damage|p1b: Basculegion|0 fnt|[from] Recoil
|faint|p1b: Basculegion
|
|upkeep
|
|t:|1785610037
|switch|p2b: Quando provo|Tyranitar, L50, F|100/100
|switch|p1b: Garchomp|Garchomp, L50, M|100/100
|-weather|Sandstorm|[from] ability: Sand Stream|[of] p2b: Quando provo
|turn|2
|
|t:|1785610058
|detailschange|p2b: Quando provo|Tyranitar-Mega, L50, F
|-mega|p2b: Quando provo|Tyranitar|Tyranitarite
|move|p1a: Kingambit|Sucker Punch|p2a: Excadrill
|-crit|p2a: Excadrill
|-enditem|p2a: Excadrill|Focus Sash
|-damage|p2a: Excadrill|1/100
|move|p2a: Excadrill|High Horsepower|p1a: Kingambit
|-supereffective|p1a: Kingambit|1
|-damage|p1a: Kingambit|0 fnt
|faint|p1a: Kingambit
|move|p1b: Garchomp|Earthquake|p2b: Quando provo|[spread] p2a,p2b
|-supereffective|p2a: Excadrill|1
|-supereffective|p2b: Quando provo|1
|-damage|p2a: Excadrill|0 fnt
|-damage|p2b: Quando provo|37/100
|faint|p2a: Excadrill
|-damage|p1b: Garchomp|90/100|[from] item: Life Orb
|move|p2b: Quando provo|Dragon Dance|p2b: Quando provo
|-boost|p2b: Quando provo|atk|1
|-boost|p2b: Quando provo|spe|1
|
|-weather|Sandstorm|[upkeep]
|upkeep
|
|t:|1785610069
|switch|p2a: Sidy|Incineroar, L50, M|100/100
|switch|p1a: Whimsicott|Whimsicott, L50, M|100/100
|-ability|p2a: Sidy|Intimidate|boost
|-unboost|p1a: Whimsicott|atk|1
|-unboost|p1b: Garchomp|atk|1
|turn|3
|inactive|il mule has 30 seconds left.
|inactive|il mule has 20 seconds left.
|inactive|il mule has 15 seconds left.
|
|t:|1785610110
|move|p1a: Whimsicott|Protect|p1a: Whimsicott
|-singleturn|p1a: Whimsicott|Protect
|move|p1b: Garchomp|Protect|p1b: Garchomp
|-singleturn|p1b: Garchomp|Protect
|move|p2a: Sidy|Fake Out|p1a: Whimsicott
|-activate|p1a: Whimsicott|move: Protect
|move|p2b: Quando provo|Knock Off|p1b: Garchomp
|-activate|p1b: Garchomp|move: Protect
|
|-weather|Sandstorm|[upkeep]
|-damage|p1a: Whimsicott|94/100|[from] Sandstorm
|-damage|p2a: Sidy|94/100|[from] Sandstorm
|upkeep
|turn|4
|
|t:|1785610120
|move|p2b: Quando provo|Protect|p2b: Quando provo
|-singleturn|p2b: Quando provo|Protect
|move|p1a: Whimsicott|Tailwind|p1a: Whimsicott
|-sidestart|p1: elmono11|move: Tailwind
|move|p1b: Garchomp|Earthquake|p2a: Sidy|[spread] p1a,p2a
|-activate|p2b: Quando provo|move: Protect
|-resisted|p1a: Whimsicott|1
|-supereffective|p2a: Sidy|1
|-damage|p1a: Whimsicott|70/100
|-damage|p2a: Sidy|44/100
|-enditem|p2a: Sidy|Sitrus Berry|[eat]
|-heal|p2a: Sidy|68/100|[from] item: Sitrus Berry
|-damage|p1b: Garchomp|80/100|[from] item: Life Orb
|move|p2a: Sidy|Flare Blitz|p1a: Whimsicott
|-supereffective|p1a: Whimsicott|1
|-damage|p1a: Whimsicott|0 fnt
|faint|p1a: Whimsicott
|-damage|p2a: Sidy|52/100|[from] Recoil
|
|-weather|Sandstorm|[upkeep]
|-damage|p2a: Sidy|47/100|[from] Sandstorm
|upkeep
|turn|5
|
|t:|1785610128
|move|p2b: Quando provo|Protect||[still]
|-fail|p2b: Quando provo
|move|p1b: Garchomp|Earthquake|p2b: Quando provo|[spread] p2a,p2b
|-supereffective|p2a: Sidy|1
|-supereffective|p2b: Quando provo|1
|-damage|p2a: Sidy|0 fnt
|-damage|p2b: Quando provo|0 fnt
|faint|p2a: Sidy
|faint|p2b: Quando provo
|-damage|p1b: Garchomp|70/100|[from] item: Life Orb
|
|win|elmono11
