|j|☆hertsu
|j|☆axcoquette
|html|hertsuaxcoquette    
|uhtml|bestof|Game 3 of a best-of-3
|t:|1784580545
|gametype|doubles
|player|p1|hertsu|lyra|1148
|player|p2|axcoquette|2|1198
|gen|9
|tier|[Gen 9 Champions] VGC 2026 Reg M-B (Bo3)
|rated|
|rule|Species Clause: Limit one of each Pokémon
|rule|Item Clause: Limit 1 of each item
|clearpoke
|poke|p1|Trevenant, L50, M|
|poke|p1|Charizard, L50, M|
|poke|p1|Aerodactyl, L50, F|
|poke|p1|Torkoal, L50, F|
|poke|p1|Mawile, L50, F|
|poke|p1|Incineroar, L50, F|
|poke|p2|Aerodactyl, L50, M|
|poke|p2|Kingambit, L50, M|
|poke|p2|Sylveon, L50, M|
|poke|p2|Garchomp, L50, M|
|poke|p2|Charizard, L50, M|
|poke|p2|Incineroar, L50, F|
|teampreview|4
|showteam|p1|Trevenant||SitrusBerry|Harvest|Poltergeist,Curse,TrickRoom,Protect|Relaxed||M|||50|]Charizard||CharizarditeY|SolarPower|Protect,WeatherBall,SolarBeam,HeatWave|Modest||M|||50|]Aerodactyl||FocusSash|Unnerve|Tailwind,WideGuard,RockSlide,DualWingbeat|Jolly||F|||50|]Torkoal||Charcoal|Drought|Eruption,HelpingHand,Overheat,Protect|Quiet||F|||50|]Mawile||Mawilite|Intimidate|PlayRough,SuckerPunch,SwordsDance,Protect|Adamant||F|||50|]Incineroar||LifeOrb|Intimidate|FakeOut,FlareBlitz,DarkestLariat,PartingShot|Brave||F|||50|
|showteam|p2|Aerodactyl||Aerodactylite|Unnerve|IceFang,RockSlide,Tailwind,WideGuard|Jolly||M|||50|]Kingambit||FocusSash|Defiant|KowtowCleave,SuckerPunch,IronHead,Protect|Adamant||M|||50|]Sylveon||FairyFeather|Pixilate|Detect,HyperVoice,HyperBeam,QuickAttack|Modest||M|||50|]Garchomp||LifeOrb|RoughSkin|Earthquake,DragonClaw,StompingTantrum,Protect|Jolly||M|||50|]Charizard||CharizarditeY|Blaze|Protect,HeatWave,SolarBeam,WeatherBall|Modest||M|||50|]Incineroar||SitrusBerry|Intimidate|DarkestLariat,FlareBlitz,FakeOut,PartingShot|Impish||F|||50|
|inactive|Battle timer is ON: inactive players will automatically lose when time's up. (requested by axcoquette)
|
|t:|1784580560
|teamsize|p1|4
|teamsize|p2|4
|start
|switch|p1a: Incineroar|Incineroar, L50, F|100/100
|switch|p1b: Aerodactyl|Aerodactyl, L50, F|100/100
|switch|p2a: Garchomp|Garchomp, L50, M|100/100
|switch|p2b: Incineroar|Incineroar, L50, F|100/100
|-ability|p1b: Aerodactyl|Unnerve
|-ability|p2b: Incineroar|Intimidate|boost
|-unboost|p1a: Incineroar|atk|1
|-unboost|p1b: Aerodactyl|atk|1
|-ability|p1a: Incineroar|Intimidate|boost
|-unboost|p2a: Garchomp|atk|1
|-unboost|p2b: Incineroar|atk|1
|turn|1
|inactive|hertsu has 30 seconds left.
|
|t:|1784580593
|move|p2b: Incineroar|Fake Out|p1b: Aerodactyl
|-resisted|p1b: Aerodactyl|1
|-damage|p1b: Aerodactyl|94/100
|cant|p1b: Aerodactyl|flinch
|move|p2a: Garchomp|Dragon Claw|p1b: Aerodactyl
|-damage|p1b: Aerodactyl|39/100
|-damage|p2a: Garchomp|90/100|[from] item: Life Orb
|move|p1a: Incineroar|Parting Shot|p2a: Garchomp
|-unboost|p2a: Garchomp|atk|1
|-unboost|p2a: Garchomp|spa|1
|
|t:|1784580605
|switch|p1a: Charizard|Charizard, L50, M|100/100|[from] Parting Shot
|
|upkeep
|turn|2
|
|t:|1784580628
|switch|p1b: Incineroar|Incineroar, L50, F|100/100
|-ability|p1b: Incineroar|Intimidate|boost
|-unboost|p2a: Garchomp|atk|1
|-unboost|p2b: Incineroar|atk|1
|detailschange|p1a: Charizard|Charizard-Mega-Y, L50, M
|-mega|p1a: Charizard|Charizard|Charizardite Y
|-weather|SunnyDay|[from] ability: Drought|[of] p1a: Charizard
|move|p2a: Garchomp|Protect|p2a: Garchomp
|-singleturn|p2a: Garchomp|Protect
|move|p1a: Charizard|Heat Wave|p2b: Incineroar|[spread] p2b
|-activate|p2a: Garchomp|move: Protect
|-resisted|p2b: Incineroar|1
|-damage|p2b: Incineroar|63/100
|move|p2b: Incineroar|Parting Shot|p1b: Incineroar
|-unboost|p1b: Incineroar|atk|1
|-unboost|p1b: Incineroar|spa|1
|
|t:|1784580644
|switch|p2b: Charizard|Charizard, L50, M|100/100|[from] Parting Shot
|
|-weather|SunnyDay|[upkeep]
|upkeep
|turn|3
|
|t:|1784580667
|switch|p2a: Incineroar|Incineroar, L50, F|63/100
|-ability|p2a: Incineroar|Intimidate|boost
|-unboost|p1a: Charizard|atk|1
|-unboost|p1b: Incineroar|atk|1
|switch|p1a: Aerodactyl|Aerodactyl, L50, F|39/100
|-ability|p1a: Aerodactyl|Unnerve
|detailschange|p2b: Charizard|Charizard-Mega-Y, L50, M
|-mega|p2b: Charizard|Charizard|Charizardite Y
|move|p2b: Charizard|Protect|p2b: Charizard
|-singleturn|p2b: Charizard|Protect
|move|p1b: Incineroar|Fake Out|p2b: Charizard
|-activate|p2b: Charizard|move: Protect
|
|-weather|SunnyDay|[upkeep]
|upkeep
|turn|4
|inactive|hertsu has 30 seconds left.
|inactive|hertsu has 20 seconds left.
|
|t:|1784580702
|switch|p1a: Charizard|Charizard-Mega-Y, L50, M|100/100
|move|p2a: Incineroar|Fake Out|p1a: Charizard
|-crit|p1a: Charizard
|-damage|p1a: Charizard|76/100
|move|p2b: Charizard|Weather Ball|p1a: Charizard
|-resisted|p1a: Charizard|1
|-damage|p1a: Charizard|30/100
|move|p1b: Incineroar|Parting Shot|p2b: Charizard
|-unboost|p2b: Charizard|atk|1
|-unboost|p2b: Charizard|spa|1
|
|t:|1784580714
|switch|p1b: Aerodactyl|Aerodactyl, L50, F|39/100|[from] Parting Shot
|-ability|p1b: Aerodactyl|Unnerve
|
|-weather|SunnyDay|[upkeep]
|upkeep
|turn|5
|
|t:|1784580727
|move|p2b: Charizard|Protect|p2b: Charizard
|-singleturn|p2b: Charizard|Protect
|move|p1b: Aerodactyl|Rock Slide|p2b: Charizard|[spread] p2a
|-activate|p2b: Charizard|move: Protect
|-supereffective|p2a: Incineroar|1
|-damage|p2a: Incineroar|30/100
|move|p1a: Charizard|Heat Wave|p2a: Incineroar|[spread] p2a
|-activate|p2b: Charizard|move: Protect
|-resisted|p2a: Incineroar|1
|-damage|p2a: Incineroar|0 fnt
|faint|p2a: Incineroar
|
|-weather|SunnyDay|[upkeep]
|upkeep
|
|t:|1784580740
|switch|p2a: Kingambit|Kingambit, L50, M|100/100
|turn|6
|inactive|hertsu has 30 seconds left.
|
|t:|1784580773
|switch|p2b: Garchomp|Garchomp, L50, M|90/100
|move|p2a: Kingambit|Sucker Punch|p1a: Charizard
|-damage|p1a: Charizard|0 fnt
|faint|p1a: Charizard
|move|p1b: Aerodactyl|Tailwind|p1b: Aerodactyl
|-sidestart|p1: hertsu|move: Tailwind
|
|-weather|none
|upkeep
|
|t:|1784580781
|switch|p1a: Incineroar|Incineroar, L50, F|100/100
|-ability|p1a: Incineroar|Intimidate|boost
|-unboost|p2a: Kingambit|atk|1
|-ability|p2a: Kingambit|Defiant|boost
|-boost|p2a: Kingambit|atk|2
|-unboost|p2b: Garchomp|atk|1
|turn|7
|inactive|hertsu has 30 seconds left.
|
|t:|1784580808
|switch|p1b: Trevenant|Trevenant, L50, M|100/100
|move|p2a: Kingambit|Protect|p2a: Kingambit
|-singleturn|p2a: Kingambit|Protect
|move|p2b: Garchomp|Dragon Claw|p1b: Trevenant
|-damage|p1b: Trevenant|64/100
|-damage|p2b: Garchomp|80/100|[from] item: Life Orb
|move|p1a: Incineroar|Flare Blitz|p2a: Kingambit
|-activate|p2a: Kingambit|move: Protect
|
|upkeep
|turn|8
|inactive|hertsu has 30 seconds left.
|
|t:|1784580841
|switch|p2a: Charizard|Charizard-Mega-Y, L50, M|100/100
|-weather|SunnyDay|[from] ability: Drought|[of] p2a: Charizard
|move|p2b: Garchomp|Earthquake|p1a: Incineroar|[spread] p1a,p1b
|-immune|p2a: Charizard
|-supereffective|p1a: Incineroar|1
|-resisted|p1b: Trevenant|1
|-damage|p1a: Incineroar|38/100
|-damage|p1b: Trevenant|48/100
|-enditem|p1b: Trevenant|Sitrus Berry|[eat]
|-heal|p1b: Trevenant|73/100|[from] item: Sitrus Berry
|-damage|p2b: Garchomp|70/100|[from] item: Life Orb
|move|p1a: Incineroar|Flare Blitz|p2a: Charizard
|-resisted|p2a: Charizard|1
|-damage|p2a: Charizard|35/100
|-damage|p1a: Incineroar|19/100|[from] Recoil
|-damage|p1a: Incineroar|9/100|[from] item: Life Orb
|move|p1b: Trevenant|Curse|p2b: Garchomp
|-start|p2b: Garchomp|Curse|[of] p1b: Trevenant
|-damage|p1b: Trevenant|23/100
|
|-weather|SunnyDay|[upkeep]
|-damage|p2b: Garchomp|45/100|[from] Curse
|-item|p1b: Trevenant|Sitrus Berry|[from] ability: Harvest
|upkeep
|-enditem|p1b: Trevenant|Sitrus Berry|[eat]
|-heal|p1b: Trevenant|48/100|[from] item: Sitrus Berry
|turn|9
|inactive|hertsu has 30 seconds left.
|inactive|axcoquette has 30 seconds left.
|inactive|hertsu has 20 seconds left.
|inactive|hertsu has 15 seconds left.
|inactive|hertsu has 10 seconds left.
|
|t:|1784580887
|move|p1b: Trevenant|Protect|p1b: Trevenant
|-singleturn|p1b: Trevenant|Protect
|move|p2b: Garchomp|Earthquake|p1a: Incineroar|[spread] p1a
|-activate|p1b: Trevenant|move: Protect
|-immune|p2a: Charizard
|-supereffective|p1a: Incineroar|1
|-damage|p1a: Incineroar|0 fnt
|faint|p1a: Incineroar
|-damage|p2b: Garchomp|36/100|[from] item: Life Orb
|move|p2a: Charizard|Heat Wave|p1b: Trevenant
|-activate|p1b: Trevenant|move: Protect
|
|-weather|SunnyDay|[upkeep]
|-damage|p2b: Garchomp|11/100|[from] Curse
|-sideend|p1: hertsu|move: Tailwind
|-item|p1b: Trevenant|Sitrus Berry|[from] ability: Harvest
|upkeep
|-enditem|p1b: Trevenant|Sitrus Berry|[eat]
|-heal|p1b: Trevenant|73/100|[from] item: Sitrus Berry
|
|t:|1784580902
|switch|p1a: Aerodactyl|Aerodactyl, L50, F|39/100
|-ability|p1a: Aerodactyl|Unnerve
|turn|10
|inactive|hertsu has 30 seconds left.
|
|t:|1784580928
|move|p2a: Charizard|Protect|p2a: Charizard
|-singleturn|p2a: Charizard|Protect
|move|p1a: Aerodactyl|Rock Slide|p2b: Garchomp|[spread] p2b
|-activate|p2a: Charizard|move: Protect
|-resisted|p2b: Garchomp|1
|-damage|p2b: Garchomp|0 fnt
|faint|p2b: Garchomp
|move|p1b: Trevenant|Curse|p2a: Charizard
|-start|p2a: Charizard|Curse|[of] p1b: Trevenant
|-damage|p1b: Trevenant|23/100
|
|-weather|SunnyDay|[upkeep]
|-damage|p2a: Charizard|10/100|[from] Curse
|-item|p1b: Trevenant|Sitrus Berry|[from] ability: Harvest
|upkeep
|-enditem|p1b: Trevenant|Sitrus Berry|[eat]
|-heal|p1b: Trevenant|48/100|[from] item: Sitrus Berry
|
|t:|1784580943
|switch|p2b: Kingambit|Kingambit, L50, M|100/100
|turn|11
|inactive|hertsu has 30 seconds left.
|
|t:|1784580973
|move|p1b: Trevenant|Protect|p1b: Trevenant
|-singleturn|p1b: Trevenant|Protect
|move|p1a: Aerodactyl|Wide Guard|p1a: Aerodactyl
|-singleturn|p1a: Aerodactyl|Wide Guard
|move|p2b: Kingambit|Sucker Punch||[still]
|-fail|p2b: Kingambit
|move|p2a: Charizard|Weather Ball|p1b: Trevenant
|-activate|p1b: Trevenant|move: Protect
|
|-weather|SunnyDay|[upkeep]
|-damage|p2a: Charizard|0 fnt|[from] Curse
|faint|p2a: Charizard
|-item|p1b: Trevenant|Sitrus Berry|[from] ability: Harvest
|upkeep
|-enditem|p1b: Trevenant|Sitrus Berry|[eat]
|-heal|p1b: Trevenant|73/100|[from] item: Sitrus Berry
|turn|12
|inactive|hertsu has 30 seconds left.
|inactive|hertsu has 20 seconds left.
|inactive|hertsu has 15 seconds left.
|inactive|hertsu has 10 seconds left.
|
|t:|1784581021
|move|p1a: Aerodactyl|Tailwind|p1a: Aerodactyl
|-sidestart|p1: hertsu|move: Tailwind
|move|p1b: Trevenant|Curse|p2b: Kingambit
|-start|p2b: Kingambit|Curse|[of] p1b: Trevenant
|-damage|p1b: Trevenant|23/100
|move|p2b: Kingambit|Kowtow Cleave|p1b: Trevenant
|-supereffective|p1b: Trevenant|1
|-damage|p1b: Trevenant|0 fnt
|faint|p1b: Trevenant
|
|-weather|none
|-damage|p2b: Kingambit|75/100|[from] Curse
|upkeep
|turn|13
|inactive|hertsu has 30 seconds left.
|
|t:|1784581037
|move|p1a: Aerodactyl|Rock Slide|p2b: Kingambit
|-resisted|p2b: Kingambit|1
|-damage|p2b: Kingambit|61/100
|move|p2b: Kingambit|Kowtow Cleave|p1a: Aerodactyl
|-damage|p1a: Aerodactyl|0 fnt
|faint|p1a: Aerodactyl
|
|win|axcoquette
|raw|hertsu's rating: 1148 → 1127(-21 for losing)
|raw|axcoquette's rating: 1198 → 1219(+21 for winning)
