|j|☆seantg
|j|☆HenriqueZVGC
|html|seantgHenriqueZVGC    
|uhtml|bestof|Game 2 of a best-of-3
|t:|1784681957
|gametype|doubles
|player|p1|seantg|morty|1100
|player|p2|HenriqueZVGC|steven|1147
|gen|9
|tier|[Gen 9 Champions] VGC 2026 Reg M-B (Bo3)
|rated|
|rule|Species Clause: Limit one of each Pokémon
|rule|Item Clause: Limit 1 of each item
|clearpoke
|poke|p1|Pelipper, L50, F|
|poke|p1|Archaludon, L50, F|
|poke|p1|Basculegion, L50, M|
|poke|p1|Charizard, L50, F|
|poke|p1|Sneasler, L50, M|
|poke|p1|Staraptor, L50, F|
|poke|p2|Tyranitar, L50, F|
|poke|p2|Excadrill, L50, F|
|poke|p2|Milotic, L50, M|
|poke|p2|Sinistcha, L50|
|poke|p2|Staraptor, L50, F|
|poke|p2|Gholdengo, L50|
|teampreview|4
|showteam|p1|Pelipper||WiseGlasses|Drizzle|Hurricane,WeatherBall,Tailwind,Protect|Timid||F|||50|]Archaludon||SitrusBerry|Stamina|ElectroShot,DracoMeteor,FlashCannon,Protect|Modest||F|||50|]Basculegion||FocusSash|SwiftSwim|LastRespects,Crunch,Waterfall,IceFang|Adamant||M|||50|]Charizard||CharizarditeY|Blaze|AncientPower,SolarBeam,WeatherBall,Protect|Timid||F|||50|]Sneasler||WhiteHerb|Unburden|FakeOut,CloseCombat,BrickBreak,GunkShot|Jolly||M|||50|]Staraptor||Staraptite|Intimidate|Protect,BrickBreak,CloseCombat,Uturn|Jolly||F|||50|
|showteam|p2|Tyranitar||Tyranitarite|SandStream|KnockOff,RockSlide,HighHorsepower,Protect|Jolly||F|||50|]Excadrill||FocusSash|SandRush|HighHorsepower,IronHead,RockSlide,Protect|Adamant||F|||50|]Milotic||SitrusBerry|Competitive|Scald,IcyWind,Haze,Protect|Calm||M|||50|]Sinistcha||ColburBerry|Hospitality|MatchaGotcha,ShadowBall,Protect,RagePowder|Bold|||||50|]Staraptor||Staraptite|Intimidate|CloseCombat,BraveBird,Tailwind,Protect|Jolly||F|||50|]Gholdengo||LifeOrb|GoodasGold|MakeItRain,ShadowBall,NastyPlot,Protect|Modest|||||50|
|inactive|Battle timer is ON: inactive players will automatically lose when time's up. (requested by seantg)
|inactive|HenriqueZVGC also wants the timer to be on.
|
|t:|1784681977
|teamsize|p1|4
|teamsize|p2|4
|start
|switch|p1a: Sneasler|Sneasler, L50, M|100/100
|switch|p1b: Staraptor|Staraptor, L50, F|100/100
|switch|p2a: Tyranitar|Tyranitar, L50, F|100/100
|switch|p2b: Excadrill|Excadrill, L50, F|100/100
|-ability|p1b: Staraptor|Intimidate|boost
|-unboost|p2a: Tyranitar|atk|1
|-unboost|p2b: Excadrill|atk|1
|-weather|Sandstorm|[from] ability: Sand Stream|[of] p2a: Tyranitar
|turn|1
|
|t:|1784681996
|detailschange|p1b: Staraptor|Staraptor-Mega, L50, F
|-mega|p1b: Staraptor|Staraptor|Staraptite
|move|p2b: Excadrill|Protect|p2b: Excadrill
|-singleturn|p2b: Excadrill|Protect
|move|p2a: Tyranitar|Protect|p2a: Tyranitar
|-singleturn|p2a: Tyranitar|Protect
|move|p1b: Staraptor|Brick Break|p2a: Tyranitar
|-activate|p2a: Tyranitar|move: Protect
|move|p1a: Sneasler|Brick Break|p2b: Excadrill
|-activate|p2b: Excadrill|move: Protect
|
|-weather|Sandstorm|[upkeep]
|-damage|p1b: Staraptor|93/100|[from] Sandstorm
|-damage|p1a: Sneasler|94/100|[from] Sandstorm
|upkeep
|turn|2
|inactive|HenriqueZVGC has 30 seconds left.
|
|t:|1784682024
|switch|p2a: Gholdengo|Gholdengo, L50|100/100
|move|p2b: Excadrill|High Horsepower|p1a: Sneasler
|-supereffective|p1a: Sneasler|1
|-damage|p1a: Sneasler|9/100
|move|p1b: Staraptor|Close Combat|p2a: Gholdengo
|-immune|p2a: Gholdengo
|move|p1a: Sneasler|Close Combat|p2b: Excadrill
|-supereffective|p2b: Excadrill|1
|-enditem|p2b: Excadrill|Focus Sash
|-damage|p2b: Excadrill|1/100
|-unboost|p1a: Sneasler|def|1
|-unboost|p1a: Sneasler|spd|1
|-enditem|p1a: Sneasler|White Herb
|-clearnegativeboost|p1a: Sneasler|[silent]
|
|-weather|Sandstorm|[upkeep]
|-damage|p1a: Sneasler|3/100|[from] Sandstorm
|-damage|p1b: Staraptor|87/100|[from] Sandstorm
|upkeep
|turn|3
|
|t:|1784682048
|move|p2b: Excadrill|Protect|p2b: Excadrill
|-singleturn|p2b: Excadrill|Protect
|move|p2a: Gholdengo|Protect|p2a: Gholdengo
|-singleturn|p2a: Gholdengo|Protect
|move|p1a: Sneasler|Brick Break|p2b: Excadrill
|-activate|p2b: Excadrill|move: Protect
|move|p1b: Staraptor|U-turn|p2a: Gholdengo
|-activate|p2a: Gholdengo|move: Protect
|
|-weather|Sandstorm|[upkeep]
|-damage|p1a: Sneasler|0 fnt|[from] Sandstorm
|-damage|p1b: Staraptor|81/100|[from] Sandstorm
|faint|p1a: Sneasler
|upkeep
|
|t:|1784682062
|switch|p1a: Basculegion|Basculegion, L50, M|100/100
|turn|4
|
|t:|1784682076
|move|p2b: Excadrill|Rock Slide|p1b: Staraptor|[spread] p1a,p1b
|-damage|p1a: Basculegion|82/100
|-damage|p1b: Staraptor|65/100
|move|p1b: Staraptor|Brick Break|p2b: Excadrill
|-supereffective|p2b: Excadrill|1
|-damage|p2b: Excadrill|0 fnt
|faint|p2b: Excadrill
|move|p1a: Basculegion|Last Respects|p2a: Gholdengo
|-supereffective|p2a: Gholdengo|1
|-damage|p2a: Gholdengo|7/100
|move|p2a: Gholdengo|Shadow Ball|p1a: Basculegion
|-supereffective|p1a: Basculegion|1
|-damage|p1a: Basculegion|0 fnt
|faint|p1a: Basculegion
|-damage|p2a: Gholdengo|0 fnt|[from] item: Life Orb
|faint|p2a: Gholdengo
|
|-weather|Sandstorm|[upkeep]
|-damage|p1b: Staraptor|59/100|[from] Sandstorm
|upkeep
|
|t:|1784682097
|switch|p2b: Staraptor|Staraptor, L50, F|100/100
|switch|p1a: Pelipper|Pelipper, L50, F|100/100
|switch|p2a: Tyranitar|Tyranitar, L50, F|100/100
|-ability|p2b: Staraptor|Intimidate|boost
|-unboost|p1a: Pelipper|atk|1
|-boost|p1b: Staraptor|atk|1
|-weather|RainDance|[from] ability: Drizzle|[of] p1a: Pelipper
|-weather|Sandstorm|[from] ability: Sand Stream|[of] p2a: Tyranitar
|turn|5
|inactive|HenriqueZVGC has 30 seconds left.
|
|t:|1784682124
|detailschange|p2b: Staraptor|Staraptor-Mega, L50, F
|-mega|p2b: Staraptor|Staraptor|Staraptite
|move|p1b: Staraptor|Protect|p1b: Staraptor
|-singleturn|p1b: Staraptor|Protect
|move|p2a: Tyranitar|Protect|p2a: Tyranitar
|-singleturn|p2a: Tyranitar|Protect
|move|p2b: Staraptor|Brave Bird|p1b: Staraptor
|-activate|p1b: Staraptor|move: Protect
|move|p1a: Pelipper|Weather Ball|p2b: Staraptor
|-damage|p2b: Staraptor|75/100
|
|-weather|Sandstorm|[upkeep]
|-damage|p2b: Staraptor|69/100|[from] Sandstorm
|-damage|p1b: Staraptor|52/100|[from] Sandstorm
|-damage|p1a: Pelipper|94/100|[from] Sandstorm
|upkeep
|turn|6
|inactive|HenriqueZVGC has 30 seconds left.
|
|t:|1784682155
|move|p2b: Staraptor|Tailwind|p2b: Staraptor
|-sidestart|p2: HenriqueZVGC|move: Tailwind
|move|p2a: Tyranitar|Rock Slide|p1a: Pelipper|[spread] p1b
|-miss|p2a: Tyranitar|p1a: Pelipper
|-damage|p1b: Staraptor|22/100
|move|p1b: Staraptor|Close Combat|p2a: Tyranitar
|-supereffective|p2a: Tyranitar|2
|-damage|p2a: Tyranitar|0 fnt
|-boost|p1b: Staraptor|def|1
|-boost|p1b: Staraptor|spd|1
|faint|p2a: Tyranitar
|move|p1a: Pelipper|Hurricane|p2b: Staraptor
|-supereffective|p2b: Staraptor|1
|-damage|p2b: Staraptor|0 fnt
|faint|p2b: Staraptor
|
|win|seantg
|inactive|seantg has 30 seconds to confirm battle start!
|inactive|HenriqueZVGC has 30 seconds to confirm battle start!
||HenriqueZVGC is ready for game 3.
||seantg is ready for game 3.
|uhtml|next|Next: Game 3 of 3
