|j|☆KUTF1
|j|☆eusebio pesca
|html|KUTF1eusebio pesca    
|uhtml|bestof|Game 1 of a best-of-3
|t:|1782678487
|gametype|doubles
|player|p1|KUTF1|pokemonbreederf-gen4|1070
|player|p2|eusebio pesca|steven|1053
|gen|9
|tier|[Gen 9 Champions] VGC 2026 Reg M-B (Bo3)
|rated|
|rule|Species Clause: Limit one of each Pokémon
|rule|Item Clause: Limit 1 of each item
|clearpoke
|poke|p1|Raichu, L50, M|
|poke|p1|Clefable, L50, F|
|poke|p1|Mamoswine, L50, M|
|poke|p1|Ditto, L50|
|poke|p1|Musharna, L50, F|
|poke|p1|Whimsicott, L50, M|
|poke|p2|Sceptile, L50, M|
|poke|p2|Kingambit, L50, F|
|poke|p2|Sneasler, L50, F|
|poke|p2|Primarina, L50, F|
|poke|p2|Rotom-Heat, L50, shiny|
|poke|p2|Scizor, L50, M|
|teampreview|4
|showteam|p1|Raichu||RaichuniteY|LightningRod|ZapCannon,Protect,FakeOut,FocusBlast|Timid||M|||50|]Clefable||Clefablite|MagicGuard|DazzlingGleam,Protect,CalmMind,Flamethrower|Modest||F|||50|]Mamoswine||FocusSash|Oblivious|Earthquake,Protect,IcicleCrash,IceShard|Jolly||M|||50|]Ditto||ChoiceScarf|Imposter|Transform|Bold|||||50|]Musharna||ColburBerry|Telepathy|Psychic,Protect,TrickRoom,Moonblast|Relaxed||F|||50|]Whimsicott||MentalHerb|Prankster|Moonblast,Encore,Tailwind,Taunt|Timid||M|||50|
|showteam|p2|Sceptile||Sceptilite|Overgrow|DragonPulse,LeafStorm,EarthPower,Protect|Timid||M|||50|]Kingambit||ChopleBerry|Defiant|SuckerPunch,KowtowCleave,IronHead,Protect|Adamant||F|||50|]Sneasler||WhiteHerb|Unburden|CloseCombat,DireClaw,Coaching,Protect|Jolly||F|||50|]Primarina||SitrusBerry|LiquidVoice|HyperVoice,Moonblast,IcyWind,EnergyBall|Modest||F|||50|]Rotom-Heat||ChoiceScarf|Levitate|Thunderbolt,Overheat,Discharge,VoltSwitch|Timid|||||50|]Scizor||Scizorite|Technician|BulletPunch,BugBite,SwordsDance,Protect|Adamant||M|||50|
|inactive|Battle timer is ON: inactive players will automatically lose when time's up. (requested by KUTF1)
|inactive|eusebio pesca has 60 seconds left.
|
|t:|1782678534
|teamsize|p1|4
|teamsize|p2|4
|start
|switch|p1a: Laufey|Clefable, L50, F|100/100
|switch|p1b: Whimsi|Whimsicott, L50, M|100/100
|switch|p2a: mata pajarracos|Rotom-Heat, L50, shiny|100/100
|switch|p2b: Silverio|Sceptile, L50, M|100/100
|turn|1
|inactive|eusebio pesca has 30 seconds left.
|inactive|KUTF1 has 30 seconds left.
|inactive|KUTF1 has 20 seconds left.
|
|t:|1782678584
|detailschange|p1a: Laufey|Clefable-Mega, L50, F
|-mega|p1a: Laufey|Clefable|Clefablite
|move|p1b: Whimsi|Tailwind|p1b: Whimsi
|-sidestart|p1: KUTF1|move: Tailwind
|move|p2a: mata pajarracos|Volt Switch|p1a: Laufey
|-supereffective|p1a: Laufey|1
|-damage|p1a: Laufey|52/100
|
|t:|1782678595
|switch|p2a: samil|Sneasler, L50, F|100/100|[from] Volt Switch
|move|p1a: Laufey|Calm Mind|p1a: Laufey
|-boost|p1a: Laufey|spa|1
|-boost|p1a: Laufey|spd|1
|move|p2b: Silverio|Leaf Storm|p1a: Laufey
|-resisted|p1a: Laufey|1
|-damage|p1a: Laufey|33/100
|-unboost|p2b: Silverio|spa|2
|
|upkeep
|turn|2
|l|☆KUTF1
|inactive|KUTF1 disconnected and has a minute to reconnect!
|player|p1|
|inactive|eusebio pesca has 30 seconds left.
|
|t:|1782678622
|switch|p2b: mata pajarracos|Rotom-Heat, L50, shiny|100/100
|move|p1a: Laufey|Protect|p1a: Laufey
|-singleturn|p1a: Laufey|Protect
|move|p1b: Whimsi|Encore||[still]
|-fail|p1b: Whimsi
|move|p2a: samil|Dire Claw|p1b: Whimsi
|-supereffective|p1b: Whimsi|2
|-crit|p1b: Whimsi
|-damage|p1b: Whimsi|0 fnt
|faint|p1b: Whimsi
|
|upkeep
|j|☆KUTF1
|inactive|KUTF1 reconnected and has 45 seconds left.
|player|p1|KUTF1|pokemonbreederf-gen4|
|
|t:|1782678646
|switch|p1b: Chiba|Mamoswine, L50, M|100/100
|turn|3
|
|t:|1782678663
|move|p2a: samil|Protect|p2a: samil
|-singleturn|p2a: samil|Protect
|move|p1b: Chiba|Earthquake|p2b: mata pajarracos|[spread] 
|-activate|p2a: samil|move: Protect
|-immune|p1a: Laufey
|-immune|p2b: mata pajarracos|[from] ability: Levitate
|move|p2b: mata pajarracos|Volt Switch|p1a: Laufey
|-supereffective|p1a: Laufey|1
|-damage|p1a: Laufey|2/100
|
|t:|1782678676
|switch|p2b: Silverio|Sceptile, L50, M|100/100|[from] Volt Switch
|move|p1a: Laufey|Dazzling Gleam|p2b: Silverio|[spread] p2b
|-activate|p2a: samil|move: Protect
|-damage|p2b: Silverio|25/100
|
|upkeep
|turn|4
|
|t:|1782678695
|switch|p2a: mata pajarracos|Rotom-Heat, L50, shiny|100/100
|detailschange|p2b: Silverio|Sceptile-Mega, L50, M
|-mega|p2b: Silverio|Sceptile|Sceptilite
|move|p2b: Silverio|Protect|p2b: Silverio
|-singleturn|p2b: Silverio|Protect
|move|p1b: Chiba|Icicle Crash|p2a: mata pajarracos
|-resisted|p2a: mata pajarracos|1
|-damage|p2a: mata pajarracos|69/100
|move|p1a: Laufey|Dazzling Gleam|p2b: Silverio|[spread] p2a
|-activate|p2b: Silverio|move: Protect
|-resisted|p2a: mata pajarracos|1
|-damage|p2a: mata pajarracos|31/100
|
|-sideend|p1: KUTF1|move: Tailwind
|upkeep
|turn|5
|inactive|eusebio pesca has 30 seconds left.
|inactive|KUTF1 has 30 seconds left.
|
|t:|1782678726
|switch|p2b: samil|Sneasler, L50, F|100/100
|move|p1b: Chiba|Ice Shard|p2b: samil
|-damage|p2b: samil|61/100
|move|p2a: mata pajarracos|Overheat|p1b: Chiba
|-supereffective|p1b: Chiba|1
|-enditem|p1b: Chiba|Focus Sash
|-damage|p1b: Chiba|1/100
|-unboost|p2a: mata pajarracos|spa|2
|move|p1a: Laufey|Dazzling Gleam|p2a: mata pajarracos|[spread] p2a,p2b
|-resisted|p2a: mata pajarracos|1
|-damage|p2a: mata pajarracos|0 fnt
|-damage|p2b: samil|0 fnt
|faint|p2a: mata pajarracos
|faint|p2b: samil
|
|upkeep
|inactive|eusebio pesca has 30 seconds left.
|
|t:|1782678751
|switch|p2b: paul|Primarina, L50, F|100/100
|switch|p2a: Silverio|Sceptile-Mega, L50, M|25/100
|turn|6
|
|t:|1782678769
|move|p2a: Silverio|Protect|p2a: Silverio
|-singleturn|p2a: Silverio|Protect
|move|p1b: Chiba|Protect|p1b: Chiba
|-singleturn|p1b: Chiba|Protect
|move|p1a: Laufey|Protect|p1a: Laufey
|-singleturn|p1a: Laufey|Protect
|move|p2b: paul|Hyper Voice|p1a: Laufey|[spread] 
|-activate|p1a: Laufey|move: Protect
|-activate|p1b: Chiba|move: Protect
|
|upkeep
|turn|7
|
|t:|1782678780
|move|p1b: Chiba|Ice Shard|p2a: Silverio
|-supereffective|p2a: Silverio|2
|-damage|p2a: Silverio|0 fnt
|faint|p2a: Silverio
|move|p2b: paul|Hyper Voice|p1b: Chiba|[spread] p1a,p1b
|-supereffective|p1b: Chiba|1
|-damage|p1a: Laufey|0 fnt
|-damage|p1b: Chiba|0 fnt
|faint|p1a: Laufey
|faint|p1b: Chiba
|
|upkeep
|
|t:|1782678787
|switch|p1b: 100 Rats|Raichu, L50, M|100/100
|turn|8
|
|t:|1782678794
|move|p1b: 100 Rats|Fake Out|p2b: paul
|-damage|p2b: paul|87/100
|cant|p2b: paul|flinch
|
|upkeep
|turn|9
|
|t:|1782678797
|move|p1b: 100 Rats|Zap Cannon|p2b: paul
|-supereffective|p2b: paul|1
|-damage|p2b: paul|0 fnt
|faint|p2b: paul
|
|win|KUTF1
||KUTF1 is ready for game 2.
|c|☆eusebio pesca|xd
|inactive|eusebio pesca has 30 seconds to confirm battle start!
|c|☆KUTF1|Wow
||eusebio pesca is ready for game 2.
|uhtml|next|Next: Game 2 of 3
|l|☆eusebio pesca
|player|p2|
