|j|☆funnymann66
|j|☆Ritzbitz12
|html|funnymann66Ritzbitz12    
|uhtml|bestof|Game 1 of a best-of-3
|t:|1756505976
|gametype|doubles
|player|p1|funnymann66|lucas-gen4pt|1000
|player|p2|Ritzbitz12|palmer|1024
|gen|9
|tier|[Gen 9] VGC 2025 Reg H (Bo3)
|rated|
|rule|Species Clause: Limit one of each Pokémon
|rule|Item Clause: Limit 1 of each item
|clearpoke
|poke|p1|Torkoal, L50, F|
|poke|p1|Porygon2, L50|
|poke|p1|Ursaluna, L50, F|
|poke|p1|Hatterene, L50, F|
|poke|p1|Indeedee-F, L50, F|
|poke|p1|Incineroar, L50, M|
|poke|p2|Incineroar, L50, M|
|poke|p2|Dragonite, L50, M|
|poke|p2|Porygon2, L50|
|poke|p2|Ursaluna-Bloodmoon, L50, M|
|poke|p2|Ninetales-Alola, L50, M|
|poke|p2|Annihilape, L50, M|
|teampreview|4
|showteam|p1|Torkoal||Charcoal|Drought|Eruption,Flamethrower,EarthPower,Protect|||F|||50|,,,,,Fire]Porygon2||Eviolite|Download|TeraBlast,IceBeam,Recover,TrickRoom||||||50|,,,,,Fighting]Ursaluna||FlameOrb|Guts|HeadlongRush,Facade,Protect,SwordsDance|||F|||50|,,,,,Ghost]Hatterene||LifeOrb|MagicBounce|ExpandingForce,DazzlingGleam,Protect,TrickRoom|||F|||50|,,,,,Psychic]Indeedee-F||SafetyGoggles|PsychicSurge|HelpingHand,Protect,FollowMe,TrickRoom|||F|||50|,,,,,Dark]Incineroar||SitrusBerry|Intimidate|FakeOut,KnockOff,Taunt,PartingShot|||M|||50|,,,,,Bug
|showteam|p2|Incineroar||ChopleBerry|Intimidate|FlareBlitz,KnockOff,FakeOut,PartingShot|||M|||50|,,,,,Grass]Dragonite||LoadedDice|Multiscale|ScaleShot,Tailwind,Haze,Protect|||M|||50|,,,,,Steel]Porygon2||Eviolite|Download|TeraBlast,IceBeam,Recover,TrickRoom||||||50|,,,,,Fighting]Ursaluna-Bloodmoon||AssaultVest|MindsEye|HyperVoice,BloodMoon,VacuumWave,EarthPower|||M|||50|,,,,,Water]Ninetales-Alola||LightClay|SnowWarning|IcicleSpear,Encore,IcyWind,AuroraVeil|||M|||50|,,,,,Ghost]Annihilape||SafetyGoggles|Defiant|DrainPunch,RageFist,BulkUp,Protect|||M|||50|,,,,,Fire
|inactive|Battle timer is ON: inactive players will automatically lose when time's up. (requested by funnymann66)
|j| boredinperpetuity
|inactive|Ritzbitz12 has 60 seconds left.
|inactive|Ritzbitz12 has 30 seconds left.
|inactive|Ritzbitz12 has 20 seconds left.
|inactive|Ritzbitz12 has 15 seconds left.
|inactive|Ritzbitz12 has 10 seconds left.
|
|t:|1756506057
|teamsize|p1|4
|teamsize|p2|4
|start
|switch|p1a: Incineroar|Incineroar, L50, M|100/100
|switch|p1b: Nokia Brick|Porygon2, L50, shiny|100/100
|switch|p2a: Incineroar|Incineroar, L50, M|100/100
|switch|p2b: Ursaluna|Ursaluna-Bloodmoon, L50, M|100/100
|-ability|p2a: Incineroar|Intimidate|boost
|-unboost|p1a: Incineroar|atk|1
|-unboost|p1b: Nokia Brick|atk|1
|-ability|p1a: Incineroar|Intimidate|boost
|-unboost|p2a: Incineroar|atk|1
|-unboost|p2b: Ursaluna|atk|1
|-ability|p1b: Nokia Brick|Download|boost
|-boost|p1b: Nokia Brick|spa|1
|turn|1
|inactive|Ritzbitz12 has 30 seconds left.
|inactive|Ritzbitz12 has 20 seconds left.
|inactive|Ritzbitz12 has 15 seconds left.
|
|t:|1756506100
|move|p2a: Incineroar|Fake Out|p1b: Nokia Brick
|-damage|p1b: Nokia Brick|96/100
|move|p1a: Incineroar|Fake Out|p2b: Ursaluna
|-damage|p2b: Ursaluna|94/100
|cant|p2b: Ursaluna|flinch
|cant|p1b: Nokia Brick|flinch
|
|upkeep
|turn|2
|l| boredinperpetuity
|inactive|funnymann66 has 30 seconds left.
|inactive|funnymann66 has 20 seconds left.
|
|t:|1756506137
|move|p2a: Incineroar|Knock Off|p1b: Nokia Brick
|-damage|p1b: Nokia Brick|78/100
|-enditem|p1b: Nokia Brick|Eviolite|[from] move: Knock Off|[of] p2a: Incineroar
|move|p2b: Ursaluna|Hyper Voice|p1b: Nokia Brick|[spread] p1a,p1b
|-damage|p1a: Incineroar|69/100
|-damage|p1b: Nokia Brick|48/100
|move|p1a: Incineroar|Parting Shot|p2b: Ursaluna
|-unboost|p2b: Ursaluna|atk|1
|-unboost|p2b: Ursaluna|spa|1
|
|t:|1756506147
|switch|p1a: Ursaluna|Ursaluna, L50, F|100/100|[from] Parting Shot
|move|p1b: Nokia Brick|Trick Room|p1b: Nokia Brick
|-fieldstart|move: Trick Room|[of] p1b: Nokia Brick
|
|-status|p1a: Ursaluna|brn|[from] item: Flame Orb
|upkeep
|turn|3
|inactive|funnymann66 has 30 seconds left.
|
|t:|1756506173
|switch|p2a: Porygon2|Porygon2, L50|100/100
|-ability|p2a: Porygon2|Download|boost
|-boost|p2a: Porygon2|spa|1
|move|p1a: Ursaluna|Swords Dance|p1a: Ursaluna
|-boost|p1a: Ursaluna|atk|2
|move|p1b: Nokia Brick|Ice Beam|p2b: Ursaluna
|-supereffective|p2b: Ursaluna
|-damage|p2b: Ursaluna|42/100
|move|p2b: Ursaluna|Blood Moon|p1a: Ursaluna
|-damage|p1a: Ursaluna|55/100 brn
|
|-damage|p1a: Ursaluna|49/100 brn|[from] brn
|upkeep
|turn|4
|inactive|Ritzbitz12 has 30 seconds left.
|j| boredinperpetuity
|
|t:|1756506208
|switch|p2b: Incineroar|Incineroar, L50, M|100/100
|-ability|p2b: Incineroar|Intimidate|boost
|-unboost|p1a: Ursaluna|atk|1
|-unboost|p1b: Nokia Brick|atk|1
|move|p1a: Ursaluna|Facade|p2a: Porygon2
|-damage|p2a: Porygon2|0 fnt
|faint|p2a: Porygon2
|move|p1b: Nokia Brick|Ice Beam|p2b: Incineroar
|-resisted|p2b: Incineroar
|-damage|p2b: Incineroar|85/100
|
|-damage|p1a: Ursaluna|43/100 brn|[from] brn
|upkeep
|
|t:|1756506229
|switch|p2a: Annihilape|Annihilape, L50, M|100/100
|turn|5
|
|t:|1756506251
|move|p1a: Ursaluna|Protect|p1a: Ursaluna
|-singleturn|p1a: Ursaluna|Protect
|move|p2b: Incineroar|Fake Out|p1a: Ursaluna
|-activate|p1a: Ursaluna|move: Protect
|move|p1b: Nokia Brick|Recover|p1b: Nokia Brick
|-heal|p1b: Nokia Brick|98/100
|move|p2a: Annihilape|Bulk Up|p2a: Annihilape
|-boost|p2a: Annihilape|atk|1
|-boost|p2a: Annihilape|def|1
|
|-damage|p1a: Ursaluna|37/100 brn|[from] brn
|upkeep
|turn|6
|inactive|funnymann66 has 30 seconds left.
|inactive|Ritzbitz12 has 30 seconds left.
|
|t:|1756506283
|switch|p1b: Incineroar|Incineroar, L50, M|69/100
|-ability|p1b: Incineroar|Intimidate|boost
|-unboost|p2a: Annihilape|atk|1
|-ability|p2a: Annihilape|Defiant|boost
|-boost|p2a: Annihilape|atk|2
|-unboost|p2b: Incineroar|atk|1
|move|p2a: Annihilape|Protect|p2a: Annihilape
|-singleturn|p2a: Annihilape|Protect
|move|p1a: Ursaluna|Headlong Rush|p2a: Annihilape
|-activate|p2a: Annihilape|move: Protect
|move|p2b: Incineroar|Flare Blitz|p1b: Incineroar
|-resisted|p1b: Incineroar
|-damage|p1b: Incineroar|53/100
|-damage|p2b: Incineroar|80/100|[from] Recoil
|
|-damage|p1a: Ursaluna|31/100 brn|[from] brn
|-fieldend|move: Trick Room
|upkeep
|turn|7
|inactive|funnymann66 has 30 seconds left.
|inactive|Ritzbitz12 has 30 seconds left.
|inactive|Ritzbitz12 has 20 seconds left.
|inactive|Ritzbitz12 has 15 seconds left.
|
|t:|1756506327
|move|p1b: Incineroar|Fake Out|p2b: Incineroar
|-damage|p2b: Incineroar|67/100
|move|p2a: Annihilape|Drain Punch|p1b: Incineroar
|-supereffective|p1b: Incineroar
|-damage|p1b: Incineroar|0 fnt
|faint|p1b: Incineroar
|cant|p2b: Incineroar|flinch
|move|p1a: Ursaluna|Headlong Rush|p2a: Annihilape
|-damage|p2a: Annihilape|0 fnt
|-unboost|p1a: Ursaluna|def|1
|-unboost|p1a: Ursaluna|spd|1
|faint|p2a: Annihilape
|
|-damage|p1a: Ursaluna|25/100 brn|[from] brn
|upkeep
|
|t:|1756506340
|switch|p2a: Ursaluna|Ursaluna-Bloodmoon, L50, M|42/100
|switch|p1b: Nokia Brick|Porygon2, L50, shiny|98/100
|-ability|p1b: Nokia Brick|Download|boost
|-boost|p1b: Nokia Brick|spa|1
|turn|8
|l| boredinperpetuity
|
|t:|1756506361
|move|p2b: Incineroar|Flare Blitz|p1b: Nokia Brick
|-damage|p1b: Nokia Brick|68/100
|-damage|p2b: Incineroar|58/100|[from] Recoil
|move|p2a: Ursaluna|Hyper Voice|p1a: Ursaluna|[spread] p1a,p1b
|-damage|p1a: Ursaluna|0 fnt
|-damage|p1b: Nokia Brick|40/100
|faint|p1a: Ursaluna
|move|p1b: Nokia Brick|Trick Room|p1b: Nokia Brick
|-fieldstart|move: Trick Room|[of] p1b: Nokia Brick
|
|upkeep
|
|t:|1756506369
|switch|p1a: Torkoal|Torkoal, L50, F|100/100
|-weather|SunnyDay|[from] ability: Drought|[of] p1a: Torkoal
|turn|9
|inactive|Ritzbitz12 has 30 seconds left.
|
|t:|1756506397
|-terastallize|p1b: Nokia Brick|Fighting
|-terastallize|p2a: Ursaluna|Water
|move|p2a: Ursaluna|Vacuum Wave|p1a: Torkoal
|-damage|p1a: Torkoal|82/100
|move|p1a: Torkoal|Eruption|p2b: Incineroar|[spread] p2a,p2b
|-resisted|p2a: Ursaluna
|-resisted|p2b: Incineroar
|-damage|p2a: Ursaluna|14/100
|-damage|p2b: Incineroar|21/100
|move|p1b: Nokia Brick|Tera Blast|p2b: Incineroar|[anim] Tera Blast Fighting
|-supereffective|p2b: Incineroar
|-enditem|p2b: Incineroar|Chople Berry|[eat]
|-enditem|p2b: Incineroar|Chople Berry|[weaken]
|-damage|p2b: Incineroar|0 fnt
|faint|p2b: Incineroar
|
|-weather|SunnyDay|[upkeep]
|upkeep
|turn|10
|
|t:|1756506420
|move|p2a: Ursaluna|Vacuum Wave|p1b: Nokia Brick
|-crit|p1b: Nokia Brick
|-damage|p1b: Nokia Brick|22/100
|move|p1a: Torkoal|Flamethrower|p2a: Ursaluna
|-resisted|p2a: Ursaluna
|-damage|p2a: Ursaluna|0 fnt
|faint|p2a: Ursaluna
|
|win|funnymann66
||funnymann66 is ready for game 2.
