|j|☆eskyur
|j|☆washingtongargacha
|html|eskyurwashingtongargacha    
|uhtml|bestof|Game 1 of a best-of-3
|t:|1757186892
|gametype|doubles
|player|p1|eskyur|steven|1129
|player|p2|washingtongargacha|169|1179
|gen|9
|tier|[Gen 9] VGC 2025 Reg H (Bo3)
|rated|
|rule|Species Clause: Limit one of each Pokémon
|rule|Item Clause: Limit 1 of each item
|clearpoke
|poke|p1|Charizard, L50, F|
|poke|p1|Whimsicott, L50, M|
|poke|p1|Maushold-Four, L50|
|poke|p1|Incineroar, L50, M|
|poke|p1|Rillaboom, L50, F|
|poke|p1|Dragapult, L50, F|
|poke|p2|Ninetales, L50, M|
|poke|p2|Jumpluff, L50, M|
|poke|p2|Dragonite, L50, M|
|poke|p2|Malamar, L50, F|
|poke|p2|Ursaluna, L50, F|
|poke|p2|Amoonguss, L50, M|
|teampreview|4
|showteam|p1|Charizard||LifeOrb|SolarPower|HeatWave,Flamethrower,AirSlash,Protect|||F|||50|,,,,,Fire]Whimsicott||FocusSash|Prankster|Moonblast,Tailwind,Protect,SunnyDay|||M|||50|,,,,,Ghost]Maushold-Four||WideLens|Technician|PopulationBomb,Protect,Taunt,FollowMe||||||50|,,,,,Ghost]Incineroar||SafetyGoggles|Intimidate|KnockOff,PartingShot,FakeOut,FlareBlitz|||M|||50|,,,,,Ghost]Rillaboom||AssaultVest|GrassySurge|FakeOut,Uturn,GrassyGlide,WoodHammer|||F|||50|,,,,,Fire]Dragapult||ChoiceBand|ClearBody|DragonDarts,Outrage,PhantomForce,Uturn|||F|||50|,,,,,Dragon
|showteam|p2|Ninetales||LifeOrb|Drought|CalmMind,HeatWave,Protect,WeatherBall|||M|||50|,,,,,Grass]Jumpluff||CovertCloak|Chlorophyll|RagePowder,SunnyDay,Tailwind,SleepPowder|||M|||50|,,,,,Water]Dragonite||LoadedDice|InnerFocus|ScaleShot,ExtremeSpeed,IceSpinner,Protect|||M|||50|,,,,,Dragon]Malamar||SafetyGoggles|Contrary|Superpower,KnockOff,Protect,TrickRoom|||F|||50|,,,,,Fighting]Ursaluna||FlameOrb|Guts|HeadlongRush,Facade,Earthquake,Protect|||F|||50|,,,,,Ghost]Amoonguss||SitrusBerry|Regenerator|RagePowder,Spore,Protect,PollenPuff|||M|||50|,,,,,Grass
|inactive|Battle timer is ON: inactive players will automatically lose when time's up. (requested by eskyur)
|
|t:|1757186951
|teamsize|p1|4
|teamsize|p2|4
|start
|switch|p1a: Maushold|Maushold-Four, L50|100/100
|switch|p1b: Whimsicott|Whimsicott, L50, M|100/100
|switch|p2a: Jumpluff|Jumpluff, L50, M|100/100
|switch|p2b: Ninetales|Ninetales, L50, M|100/100
|-weather|SunnyDay|[from] ability: Drought|[of] p2b: Ninetales
|turn|1
|
|t:|1757186971
|move|p2a: Jumpluff|Rage Powder|p2a: Jumpluff
|-singleturn|p2a: Jumpluff|move: Rage Powder
|move|p1b: Whimsicott|Tailwind|p1b: Whimsicott
|-sidestart|p1: eskyur|move: Tailwind
|move|p1a: Maushold|Population Bomb|p2a: Jumpluff
|-damage|p2a: Jumpluff|87/100
|-damage|p2a: Jumpluff|72/100
|-damage|p2a: Jumpluff|58/100
|-damage|p2a: Jumpluff|43/100
|-damage|p2a: Jumpluff|29/100
|-crit|p2a: Jumpluff
|-damage|p2a: Jumpluff|5/100
|-damage|p2a: Jumpluff|0 fnt
|faint|p2a: Jumpluff
|-hitcount|p2: Jumpluff|7
|move|p2b: Ninetales|Calm Mind|p2b: Ninetales
|-boost|p2b: Ninetales|spa|1
|-boost|p2b: Ninetales|spd|1
|
|-weather|SunnyDay|[upkeep]
|upkeep
|inactive|washingtongargacha has 30 seconds left.
|
|t:|1757186997
|switch|p2a: Ursaluna|Ursaluna, L50, F|100/100
|turn|2
|inactive|washingtongargacha has 30 seconds left.
|
|t:|1757187025
|move|p2b: Ninetales|Protect|p2b: Ninetales
|-singleturn|p2b: Ninetales|Protect
|move|p1b: Whimsicott|Moonblast|p2b: Ninetales
|-activate|p2b: Ninetales|move: Protect
|move|p1a: Maushold|Population Bomb|p2b: Ninetales
|-activate|p2b: Ninetales|move: Protect
|move|p2a: Ursaluna|Facade|p1b: Whimsicott
|-damage|p1b: Whimsicott|31/100
|
|-weather|SunnyDay|[upkeep]
|-status|p2a: Ursaluna|brn|[from] item: Flame Orb
|upkeep
|turn|3
|
|t:|1757187044
|switch|p2b: Dragonite|Dragonite, L50, M|100/100
|move|p1b: Whimsicott|Protect|p1b: Whimsicott
|-singleturn|p1b: Whimsicott|Protect
|move|p1a: Maushold|Population Bomb|p2b: Dragonite
|-damage|p2b: Dragonite|89/100
|-damage|p2b: Dragonite|78/100
|-damage|p2b: Dragonite|63/100
|-damage|p2b: Dragonite|50/100
|-damage|p2b: Dragonite|37/100
|-damage|p2b: Dragonite|24/100
|-damage|p2b: Dragonite|11/100
|-damage|p2b: Dragonite|0 fnt
|faint|p2b: Dragonite
|-hitcount|p2: Dragonite|8
|move|p2a: Ursaluna|Earthquake|p1b: Whimsicott|[spread] p1a
|-activate|p1b: Whimsicott|move: Protect
|-damage|p1a: Maushold|2/100
|
|-weather|SunnyDay|[upkeep]
|-damage|p2a: Ursaluna|95/100 brn|[from] brn
|upkeep
|
|t:|1757187065
|switch|p2b: Ninetales|Ninetales, L50, M|100/100
|turn|4
|
|t:|1757187081
|switch|p1b: Rillaboom|Rillaboom, L50, F|100/100
|-fieldstart|move: Grassy Terrain|[from] ability: Grassy Surge|[of] p1b: Rillaboom
|move|p1a: Maushold|Protect|p1a: Maushold
|-singleturn|p1a: Maushold|Protect
|move|p2b: Ninetales|Protect|p2b: Ninetales
|-singleturn|p2b: Ninetales|Protect
|move|p2a: Ursaluna|Earthquake|p1a: Maushold|[spread] p1b
|-activate|p2b: Ninetales|move: Protect
|-activate|p1a: Maushold|move: Protect
|-resisted|p1b: Rillaboom
|-damage|p1b: Rillaboom|84/100
|
|-weather|SunnyDay|[upkeep]
|-heal|p1a: Maushold|8/100|[from] Grassy Terrain
|-heal|p1b: Rillaboom|90/100|[from] Grassy Terrain
|-heal|p2a: Ursaluna|100/100 brn|[from] Grassy Terrain
|-damage|p2a: Ursaluna|95/100 brn|[from] brn
|-sideend|p1: eskyur|move: Tailwind
|upkeep
|turn|5
|inactive|washingtongargacha has 30 seconds left.
|inactive|washingtongargacha has 20 seconds left.
|
|t:|1757187120
|-terastallize|p2a: Ursaluna|Ghost
|move|p1a: Maushold|Population Bomb|p2b: Ninetales
|-crit|p2b: Ninetales
|-damage|p2b: Ninetales|78/100
|-damage|p2b: Ninetales|62/100
|-damage|p2b: Ninetales|43/100
|-damage|p2b: Ninetales|25/100
|-damage|p2b: Ninetales|9/100
|-damage|p2b: Ninetales|0 fnt
|faint|p2b: Ninetales
|-hitcount|p2: Ninetales|6
|move|p1b: Rillaboom|Wood Hammer|p2a: Ursaluna
|-damage|p2a: Ursaluna|30/100 brn
|-damage|p1b: Rillaboom|67/100|[from] Recoil
|move|p2a: Ursaluna|Facade|p1b: Rillaboom
|-damage|p1b: Rillaboom|0 fnt
|faint|p1b: Rillaboom
|
|-weather|none
|-heal|p1a: Maushold|14/100|[from] Grassy Terrain
|-heal|p2a: Ursaluna|35/100 brn|[from] Grassy Terrain
|-damage|p2a: Ursaluna|30/100 brn|[from] brn
|upkeep
|inactive|eskyur has 30 seconds left.
|
|t:|1757187146
|switch|p1b: Charizard|Charizard, L50, F|100/100
|turn|6
|-message|washingtongargacha forfeited.
|
|win|eskyur
