|j|☆Tractie
|j|☆beeetch
|html|Tractiebeeetch    
|uhtml|bestof|Game 2 of a best-of-3
|t:|1756674166
|gametype|doubles
|player|p1|Tractie|170|1246
|player|p2|beeetch|beauty-gen4dp|1272
|gen|9
|tier|[Gen 9] VGC 2025 Reg H (Bo3)
|rated|
|rule|Species Clause: Limit one of each Pokémon
|rule|Item Clause: Limit 1 of each item
|clearpoke
|poke|p1|Gothitelle, L50, F|
|poke|p1|Dondozo, L50, M|
|poke|p1|Kingambit, L50, M|
|poke|p1|Rillaboom, L50, F|
|poke|p1|Incineroar, L50, M|
|poke|p1|Dragapult, L50, M|
|poke|p2|Toedscruel, L50, F|
|poke|p2|Weezing-Galar, L50, F|
|poke|p2|Corviknight, L50, F|
|poke|p2|Pawmot, L50, F|
|poke|p2|Garchomp, L50, F|
|poke|p2|Typhlosion-Hisui, L50, F|
|teampreview|4
|showteam|p1|Gothitelle||SitrusBerry|ShadowTag|FakeOut,Psychic,TrickRoom,Protect|||F|||50|,,,,,Water]Dondozo||Leftovers|Unaware|WaveCrash,BodyPress,Yawn,Protect|||M|||50|,,,,,Electric]Kingambit||BlackGlasses|Defiant|SuckerPunch,KowtowCleave,SwordsDance,Protect|||M|||50|,,,,,Dark]Rillaboom||ChoiceBand|GrassySurge|WoodHammer,GrassyGlide,HighHorsepower,Uturn|||F|||50|,,,,,Ghost]Incineroar||SafetyGoggles|Intimidate|FakeOut,FlareBlitz,KnockOff,PartingShot|||M|||50|,,,,,Ghost]Dragapult||LifeOrb|ClearBody|ShadowBall,DracoMeteor,TeraBlast,Protect|||M|||50|,,,,,Fairy
|showteam|p2|Toedscruel||CovertCloak|MyceliumMight|Spore,EarthPower,AcidSpray,RagePowder|||F|||50|,,,,,Water]Weezing-Galar||ChoiceSpecs|NeutralizingGas|DazzlingGleam,SludgeBomb,StrangeSteam,Flamethrower|||F|||50|,,,,,Fire]Corviknight||SitrusBerry|MirrorArmor|Protect,Tailwind,Roost,BraveBird|||F|||50|,,,,,Dragon]Pawmot||FocusSash|NaturalCure|Protect,CloseCombat,DoubleShock,FakeOut|||F|||50|,,,,,Electric]Garchomp||LifeOrb|RoughSkin|Protect,Earthquake,DragonClaw,StompingTantrum|||F|||50|,,,,,Ground]Typhlosion-Hisui||ChoiceScarf|Blaze|Eruption,SleepTalk,HeatWave,ShadowBall|||F|||50|,,,,,Fire
|inactive|Battle timer is ON: inactive players will automatically lose when time's up. (requested by Tractie)
|inactive|Tractie has 60 seconds left.
|inactive|Tractie has 30 seconds left.
|
|t:|1756674227
|teamsize|p1|4
|teamsize|p2|4
|start
|switch|p1a: Gothitelle|Gothitelle, L50, F|100/100
|switch|p1b: Dondozo|Dondozo, L50, M|100/100
|switch|p2a: Garchomp|Garchomp, L50, F|100/100
|switch|p2b: Weezing|Weezing-Galar, L50, F|100/100
|-ability|p2b: Weezing|Neutralizing Gas
|turn|1
|inactive|Tractie has 30 seconds left.
|inactive|beeetch has 30 seconds left.
|
|t:|1756674259
|move|p1a: Gothitelle|Fake Out|p2b: Weezing
|-damage|p2b: Weezing|95/100
|move|p2a: Garchomp|Stomping Tantrum|p1a: Gothitelle
|-damage|p1a: Gothitelle|59/100
|-damage|p2a: Garchomp|91/100|[from] item: Life Orb
|cant|p2b: Weezing|flinch
|move|p1b: Dondozo|Yawn|p2b: Weezing
|-start|p2b: Weezing|move: Yawn|[of] p1b: Dondozo
|
|upkeep
|turn|2
|
|t:|1756674273
|-end|p2b: Weezing|ability: Neutralizing Gas
|switch|p2b: Corviknight|Corviknight, L50, F|100/100
|-terastallize|p2a: Garchomp|Ground
|move|p1a: Gothitelle|Protect|p1a: Gothitelle
|-singleturn|p1a: Gothitelle|Protect
|move|p2a: Garchomp|Earthquake|p1a: Gothitelle|[spread] p1b
|-activate|p1a: Gothitelle|move: Protect
|-immune|p2b: Corviknight
|-damage|p1b: Dondozo|61/100
|-damage|p2a: Garchomp|81/100|[from] item: Life Orb
|move|p1b: Dondozo|Yawn|p2a: Garchomp
|-start|p2a: Garchomp|move: Yawn|[of] p1b: Dondozo
|
|-heal|p1b: Dondozo|67/100|[from] item: Leftovers
|upkeep
|turn|3
|inactive|Tractie has 30 seconds left.
|inactive|Tractie has 20 seconds left.
|inactive|Tractie has 15 seconds left.
|inactive|Tractie has 10 seconds left.
|inactive|Tractie has 5 seconds left.
|
|t:|1756674323
|move|p2a: Garchomp|Earthquake|p1b: Dondozo|[spread] p1a,p1b
|-immune|p2b: Corviknight
|-damage|p1a: Gothitelle|2/100
|-damage|p1b: Dondozo|28/100
|-enditem|p1a: Gothitelle|Sitrus Berry|[eat]
|-heal|p1a: Gothitelle|26/100|[from] item: Sitrus Berry
|-damage|p2a: Garchomp|71/100|[from] item: Life Orb
|move|p2b: Corviknight|Brave Bird|p1a: Gothitelle
|-damage|p1a: Gothitelle|0 fnt
|faint|p1a: Gothitelle
|-damage|p2b: Corviknight|93/100|[from] Recoil
|move|p1b: Dondozo|Wave Crash|p2a: Garchomp
|-supereffective|p2a: Garchomp
|-damage|p2a: Garchomp|0 fnt
|-damage|p1b: Dondozo|16/100|[from] ability: Rough Skin|[of] p2a: Garchomp
|faint|p2a: Garchomp
|-damage|p1b: Dondozo|0 fnt|[from] Recoil
|faint|p1b: Dondozo
|
|upkeep
|
|t:|1756674346
|switch|p2a: Weezing|Weezing-Galar, L50, F|95/100
|switch|p1a: Incineroar|Incineroar, L50, M|100/100
|switch|p1b: Dragapult|Dragapult, L50, M|100/100
|-ability|p2a: Weezing|Neutralizing Gas
|turn|4
|inactive|Tractie has 30 seconds left.
|inactive|Tractie has 20 seconds left.
|inactive|Tractie has 15 seconds left.
|inactive|Tractie has 10 seconds left.
|inactive|Tractie has 5 seconds left.
|
|t:|1756674397
|move|p1b: Dragapult|Shadow Ball|p2b: Corviknight
|-damage|p2b: Corviknight|53/100
|-damage|p1b: Dragapult|91/100|[from] item: Life Orb
|move|p2b: Corviknight|Tailwind|p2b: Corviknight
|-sidestart|p2: beeetch|move: Tailwind
|move|p2a: Weezing|Dazzling Gleam|p1a: Incineroar|[spread] p1a,p1b
|-supereffective|p1b: Dragapult
|-damage|p1a: Incineroar|71/100
|-damage|p1b: Dragapult|0 fnt
|faint|p1b: Dragapult
|move|p1a: Incineroar|Flare Blitz|p2b: Corviknight
|-supereffective|p2b: Corviknight
|-damage|p2b: Corviknight|0 fnt
|faint|p2b: Corviknight
|-damage|p1a: Incineroar|53/100|[from] Recoil
|
|upkeep
|
|t:|1756674408
|switch|p2b: Typhlosion|Typhlosion-Hisui, L50, F|100/100
|turn|5
|
|t:|1756674421
|move|p2b: Typhlosion|Shadow Ball|p1a: Incineroar
|-resisted|p1a: Incineroar
|-damage|p1a: Incineroar|36/100
|move|p2a: Weezing|Dazzling Gleam|p1a: Incineroar
|-damage|p1a: Incineroar|0 fnt
|faint|p1a: Incineroar
|
|win|beeetch
