|j|☆benjitulio
|j|☆Koraidon goat
|html|benjitulioKoraidon goat    
|uhtml|bestof|Game 2 of a best-of-3
|t:|1783221173
|gametype|doubles
|player|p1|benjitulio|wattson|1148
|player|p2|Koraidon goat|drayden|1197
|gen|9
|tier|[Gen 9 Champions] VGC 2026 Reg M-B (Bo3)
|rated|
|rule|Species Clause: Limit one of each Pokémon
|rule|Item Clause: Limit 1 of each item
|clearpoke
|poke|p1|Maushold-Four, L50|
|poke|p1|Incineroar, L50, F|
|poke|p1|Metagross, L50|
|poke|p1|Aerodactyl, L50, F|
|poke|p1|Primarina, L50, M|
|poke|p1|Sinistcha, L50|
|poke|p2|Incineroar, L50, M|
|poke|p2|Ceruledge, L50, F|
|poke|p2|Milotic, L50, F|
|poke|p2|Floette-Eternal, L50, F|
|poke|p2|Sinistcha-Masterpiece, L50|
|poke|p2|Raichu, L50, F|
|teampreview|4
|showteam|p1|Maushold-Four||FocusSash|FriendGuard|FollowMe,RainDance,PopulationBomb,SuperFang|Jolly|||||50|]Incineroar||ChopleBerry|Intimidate|FakeOut,FlareBlitz,PartingShot,DarkestLariat|Impish||F|||50|]Metagross||Metagrossite|ClearBody|IronHead,Protect,PsychicFangs,Earthquake|Adamant|||||50|]Aerodactyl||FocusBand|Unnerve|RockSlide,Protect,Tailwind,IceFang|Jolly||F|||50|]Primarina||ChoiceScarf|LiquidVoice|HyperVoice,HydroPump,IcyWind,Moonblast|Modest||M|||50|]Sinistcha||Leftovers|Hospitality|MatchaGotcha,LifeDew,ShadowBall,RagePowder|Calm|||||50|
|showteam|p2|Incineroar||SitrusBerry|Intimidate|FakeOut,ThroatChop,FlareBlitz,PartingShot|Impish||M|||50|]Ceruledge||ColburBerry|FlashFire|Protect,ShadowSneak,BitterBlade,BulkUp|Adamant||F|||50|]Milotic||Leftovers|Competitive|Hypnosis,Coil,Protect,MuddyWater|Bold||F|||50|]Floette-Eternal||Floettite|FlowerVeil|Protect,DazzlingGleam,CalmMind,DrainingKiss|Timid||F|||50|]Sinistcha-Masterpiece||KasibBerry|Hospitality|Protect,MatchaGotcha,RagePowder,LifeDew|Calm|||||50|]Raichu||RaichuniteY|LightningRod|ZapCannon,FocusBlast,FakeOut,Protect|Timid||F|||50|
|inactive|Battle timer is ON: inactive players will automatically lose when time's up. (requested by Koraidon goat)
|
|t:|1783221201
|teamsize|p1|4
|teamsize|p2|4
|start
|switch|p1a: Maushold|Maushold-Four, L50|100/100
|switch|p1b: Sinistcha|Sinistcha, L50|100/100
|switch|p2a: Raichu|Raichu, L50, F|100/100
|switch|p2b: Milotic|Milotic, L50, F|100/100
|turn|1
|j| weird perish thing
|
|t:|1783221214
|detailschange|p2a: Raichu|Raichu-Mega-Y, L50, F
|-mega|p2a: Raichu|Raichu|Raichunite Y
|move|p2a: Raichu|Fake Out|p1a: Maushold
|-damage|p1a: Maushold|86/100
|cant|p1a: Maushold|flinch
|move|p2b: Milotic|Coil|p2b: Milotic
|-boost|p2b: Milotic|atk|1
|-boost|p2b: Milotic|def|1
|-boost|p2b: Milotic|accuracy|1
|move|p1b: Sinistcha|Matcha Gotcha|p2b: Milotic|[spread] p2a
|-miss|p1b: Sinistcha|p2b: Milotic
|-damage|p2a: Raichu|58/100
|
|upkeep
|turn|2
|
|t:|1783221235
|move|p2b: Milotic|Protect|p2b: Milotic
|-singleturn|p2b: Milotic|Protect
|move|p2a: Raichu|Zap Cannon|p1a: Maushold
|-damage|p1a: Maushold|0 fnt
|faint|p1a: Maushold
|move|p1b: Sinistcha|Matcha Gotcha|p2b: Milotic|[spread] p2a
|-activate|p2b: Milotic|move: Protect
|-damage|p2a: Raichu|22/100
|
|upkeep
|
|t:|1783221246
|switch|p1a: Primarina|Primarina, L50, M|100/100
|turn|3
|
|t:|1783221254
|move|p1b: Sinistcha|Rage Powder|p1b: Sinistcha
|-singleturn|p1b: Sinistcha|move: Rage Powder
|move|p2a: Raichu|Zap Cannon|p1b: Sinistcha
|-resisted|p1b: Sinistcha|1
|-damage|p1b: Sinistcha|69/100
|-status|p1b: Sinistcha|par
|move|p1a: Primarina|Moonblast|p2b: Milotic
|-damage|p2b: Milotic|67/100
|move|p2b: Milotic|Hypnosis||[still]
|-fail|p2b: Milotic
|
|-heal|p2b: Milotic|73/100|[from] item: Leftovers
|-heal|p1b: Sinistcha|75/100 par|[from] item: Leftovers
|upkeep
|turn|4
|
|t:|1783221271
|move|p2b: Milotic|Protect|p2b: Milotic
|-singleturn|p2b: Milotic|Protect
|move|p1b: Sinistcha|Rage Powder|p1b: Sinistcha
|-singleturn|p1b: Sinistcha|move: Rage Powder
|move|p2a: Raichu|Zap Cannon|p1b: Sinistcha
|-resisted|p1b: Sinistcha|1
|-damage|p1b: Sinistcha|44/100 par
|move|p1a: Primarina|Moonblast|p2a: Raichu
|-damage|p2a: Raichu|0 fnt
|faint|p2a: Raichu
|
|-heal|p2b: Milotic|79/100|[from] item: Leftovers
|-heal|p1b: Sinistcha|51/100 par|[from] item: Leftovers
|upkeep
|
|t:|1783221284
|switch|p2a: Ceruledge|Ceruledge, L50, F|100/100
|turn|5
|
|t:|1783221297
|move|p1a: Primarina|Moonblast|p2b: Milotic
|-damage|p2b: Milotic|42/100
|move|p2a: Ceruledge|Bulk Up|p2a: Ceruledge
|-boost|p2a: Ceruledge|atk|1
|-boost|p2a: Ceruledge|def|1
|move|p2b: Milotic|Muddy Water|p1a: Primarina|[spread] p1a,p1b
|-resisted|p1a: Primarina|1
|-resisted|p1b: Sinistcha|1
|-damage|p1a: Primarina|87/100
|-damage|p1b: Sinistcha|41/100 par
|move|p1b: Sinistcha|Shadow Ball|p2a: Ceruledge
|-supereffective|p2a: Ceruledge|1
|-damage|p2a: Ceruledge|39/100
|
|-heal|p2b: Milotic|48/100|[from] item: Leftovers
|-heal|p1b: Sinistcha|47/100 par|[from] item: Leftovers
|upkeep
|turn|6
|
|t:|1783221315
|move|p2b: Milotic|Protect|p2b: Milotic
|-singleturn|p2b: Milotic|Protect
|move|p1a: Primarina|Moonblast|p2b: Milotic
|-activate|p2b: Milotic|move: Protect
|move|p2a: Ceruledge|Bitter Blade|p1b: Sinistcha
|-supereffective|p1b: Sinistcha|1
|-damage|p1b: Sinistcha|0 fnt
|-heal|p2a: Ceruledge|63/100|[from] drain|[of] p1b: Sinistcha
|faint|p1b: Sinistcha
|
|-heal|p2b: Milotic|53/100|[from] item: Leftovers
|upkeep
|
|t:|1783221318
|switch|p1b: Metagross|Metagross, L50|100/100
|turn|7
|inactive|Koraidon goat has 30 seconds left.
|
|t:|1783221353
|detailschange|p1b: Metagross|Metagross-Mega, L50
|-mega|p1b: Metagross|Metagross|Metagrossite
|move|p1a: Primarina|Moonblast|p2b: Milotic
|-damage|p2b: Milotic|18/100
|-unboost|p2b: Milotic|spa|1
|-ability|p2b: Milotic|Competitive|boost
|-boost|p2b: Milotic|spa|2
|move|p1b: Metagross|Earthquake|p2a: Ceruledge|[spread] p1a,p2a,p2b
|-supereffective|p2a: Ceruledge|1
|-damage|p1a: Primarina|40/100
|-damage|p2a: Ceruledge|20/100y
|-damage|p2b: Milotic|0 fnt
|faint|p2b: Milotic
|move|p2a: Ceruledge|Bitter Blade|p1b: Metagross
|-supereffective|p1b: Metagross|1
|-damage|p1b: Metagross|0 fnt
|-heal|p2a: Ceruledge|63/100|[from] drain|[of] p1b: Metagross
|faint|p1b: Metagross
|
|upkeep
|-message|benjitulio forfeited.
|
|win|Koraidon goat
|raw|benjitulio's rating: 1148 → 1127(-21 for losing)
|raw|Koraidon goat's rating: 1197 → 1218(+21 for winning)
