|j|☆teyvgc
|j|☆Mr.CooperCR
|html|teyvgcMr.CooperCR    
|uhtml|bestof|Game 1 of a best-of-3
|t:|1785304109
|gametype|doubles
|player|p1|teyvgc|rood|1169
|player|p2|Mr.CooperCR|misty|1147
|gen|9
|tier|[Gen 9 Champions] VGC 2026 Reg M-B (Bo3)
|rated|
|rule|Species Clause: Limit one of each Pokémon
|rule|Item Clause: Limit 1 of each item
|clearpoke
|poke|p1|Raichu, L50, M|
|poke|p1|Sinistcha, L50|
|poke|p1|Incineroar, L50, F|
|poke|p1|Sylveon, L50, F|
|poke|p1|Metagross, L50|
|poke|p1|Hydreigon, L50, F|
|poke|p2|Floette-Eternal, L50, F|
|poke|p2|Gholdengo, L50|
|poke|p2|Hydreigon, L50, M|
|poke|p2|Whimsicott, L50, M|
|poke|p2|Staraptor, L50, F|
|poke|p2|Politoed, L50, F|
|teampreview|4
|showteam|p1|Raichu||RaichuniteY|LightningRod|ZapCannon,FocusBlast,FakeOut,Protect|Timid||M|||50|]Sinistcha||SitrusBerry|Hospitality|MatchaGotcha,RagePowder,TrickRoom,Protect|Bold|||||50|]Incineroar||ShucaBerry|Intimidate|FlareBlitz,DarkestLariat,PartingShot,FakeOut|Careful||F|||50|]Sylveon||FairyFeather|Pixilate|HyperVoice,QuickAttack,CalmMind,Protect|Modest||F|||50|]Metagross||Metagrossite|ClearBody|HardPress,BodyPress,PsychicFangs,Protect|Adamant|||||50|]Hydreigon||ChoiceScarf|Levitate|DracoMeteor,DarkPulse,EarthPower,Snarl|Modest||F|||50|
|showteam|p2|Floette-Eternal||Floettite|FlowerVeil|Moonblast,DazzlingGleam,LightofRuin,Protect|Timid||F|||50|]Gholdengo||LifeOrb|GoodasGold|ShadowBall,MakeItRain,PowerGem,Protect|Timid|||||50|]Hydreigon||ChoiceScarf|Levitate|DracoMeteor,DarkPulse,EarthPower,Snarl|Timid||M|||50|]Whimsicott||FocusSash|Prankster|Moonblast,Tailwind,Charm,Protect|Timid||M|||50|]Staraptor||Staraptite|Intimidate|BraveBird,CloseCombat,Roost,Protect|Jolly||F|||50|]Politoed||SitrusBerry|Drizzle|MuddyWater,IceBeam,PerishSong,Protect|Calm||F|||50|
|inactive|Battle timer is ON: inactive players will automatically lose when time's up. (requested by Mr.CooperCR)
|
|t:|1785304144
|teamsize|p1|4
|teamsize|p2|4
|start
|switch|p1a: Incineroar|Incineroar, L50, F|100/100
|switch|p1b: Sinistcha|Sinistcha, L50|100/100
|switch|p2a: Whimsicott|Whimsicott, L50, M|100/100
|switch|p2b: Staraptor|Staraptor, L50, F|100/100
|-ability|p2b: Staraptor|Intimidate|boost
|-unboost|p1a: Incineroar|atk|1
|-unboost|p1b: Sinistcha|atk|1
|-ability|p1a: Incineroar|Intimidate|boost
|-unboost|p2a: Whimsicott|atk|1
|-unboost|p2b: Staraptor|atk|1
|turn|1
|inactive|Mr.CooperCR has 30 seconds left.
|
|t:|1785304172
|switch|p2b: Gholdengo|Gholdengo, L50|100/100
|move|p1a: Incineroar|Fake Out|p2a: Whimsicott
|-damage|p2a: Whimsicott|88/100
|cant|p2a: Whimsicott|flinch
|move|p1b: Sinistcha|Trick Room|p1b: Sinistcha
|-fieldstart|move: Trick Room|[of] p1b: Sinistcha
|
|upkeep
|turn|2
|
|t:|1785304192
|switch|p2b: Staraptor|Staraptor, L50, F|100/100
|-ability|p2b: Staraptor|Intimidate|boost
|-unboost|p1a: Incineroar|atk|1
|-unboost|p1b: Sinistcha|atk|1
|move|p1b: Sinistcha|Matcha Gotcha|p2a: Whimsicott|[spread] p2a,p2b
|-resisted|p2a: Whimsicott|1
|-resisted|p2b: Staraptor|1
|-damage|p2a: Whimsicott|67/100
|-damage|p2b: Staraptor|82/100
|-status|p2a: Whimsicott|brn
|move|p1a: Incineroar|Flare Blitz|p2a: Whimsicott
|-supereffective|p2a: Whimsicott|1
|-crit|p2a: Whimsicott
|-damage|p2a: Whimsicott|0 fnt
|faint|p2a: Whimsicott
|-damage|p1a: Incineroar|84/100|[from] Recoil
|
|upkeep
|
|t:|1785304209
|switch|p2a: Hydreigon|Hydreigon, L50, M|100/100
|turn|3
|
|t:|1785304219
|detailschange|p2b: Staraptor|Staraptor-Mega, L50, F
|-mega|p2b: Staraptor|Staraptor|Staraptite
|move|p1b: Sinistcha|Matcha Gotcha|p2b: Staraptor|[spread] p2a,p2b
|-resisted|p2a: Hydreigon|1
|-resisted|p2b: Staraptor|1
|-damage|p2a: Hydreigon|85/100
|-damage|p2b: Staraptor|70/100
|move|p1a: Incineroar|Parting Shot|p2a: Hydreigon
|-unboost|p2a: Hydreigon|atk|1
|-unboost|p2a: Hydreigon|spa|1
|
|t:|1785304227
|switch|p1a: Sylveon|Sylveon, L50, F|100/100|[from] Parting Shot
|move|p2b: Staraptor|Close Combat|p1a: Sylveon
|-resisted|p1a: Sylveon|1
|-damage|p1a: Sylveon|61/100
|-boost|p2b: Staraptor|def|1
|-boost|p2b: Staraptor|spd|1
|move|p2a: Hydreigon|Dark Pulse|p1b: Sinistcha
|-supereffective|p1b: Sinistcha|1
|-damage|p1b: Sinistcha|46/100
|-enditem|p1b: Sinistcha|Sitrus Berry|[eat]
|-heal|p1b: Sinistcha|70/100|[from] item: Sitrus Berry
|
|upkeep
|turn|4
|inactive|teyvgc has 30 seconds left.
|
|t:|1785304256
|move|p2b: Staraptor|Protect|p2b: Staraptor
|-singleturn|p2b: Staraptor|Protect
|move|p1b: Sinistcha|Matcha Gotcha|p2a: Hydreigon|[spread] p2a
|-activate|p2b: Staraptor|move: Protect
|-resisted|p2a: Hydreigon|1
|-damage|p2a: Hydreigon|71/100
|-heal|p1b: Sinistcha|77/100|[from] drain|[of] p2a: Hydreigon
|move|p1a: Sylveon|Hyper Voice|p2a: Hydreigon|[spread] p2a
|-activate|p2b: Staraptor|move: Protect
|-supereffective|p2a: Hydreigon|2
|-damage|p2a: Hydreigon|0 fnt
|faint|p2a: Hydreigon
|
|upkeep
|
|t:|1785304268
|switch|p2a: Gholdengo|Gholdengo, L50|100/100
|turn|5
|inactive|Mr.CooperCR has 30 seconds left.
|
|t:|1785304299
|move|p1b: Sinistcha|Matcha Gotcha|p2a: Gholdengo|[spread] p2b
|-miss|p1b: Sinistcha|p2a: Gholdengo
|-resisted|p2b: Staraptor|1
|-damage|p2b: Staraptor|61/100
|-heal|p1b: Sinistcha|82/100|[from] drain|[of] p2b: Staraptor
|move|p1a: Sylveon|Hyper Voice|p2a: Gholdengo|[spread] p2a,p2b
|-resisted|p2a: Gholdengo|1
|-supereffective|p2b: Staraptor|1
|-damage|p2a: Gholdengo|76/100
|-damage|p2b: Staraptor|1/100
|move|p2a: Gholdengo|Shadow Ball|p1b: Sinistcha
|-supereffective|p1b: Sinistcha|1
|-damage|p1b: Sinistcha|0 fnt
|faint|p1b: Sinistcha
|-damage|p2a: Gholdengo|67/100|[from] item: Life Orb
|move|p2b: Staraptor|Roost|p2b: Staraptor
|-heal|p2b: Staraptor|51/100
|-singleturn|p2b: Staraptor|move: Roost
|
|-fieldend|move: Trick Room
|upkeep
|inactive|teyvgc has 30 seconds left.
|inactive|teyvgc has 20 seconds left.
|inactive|teyvgc has 15 seconds left.
|inactive|teyvgc has 10 seconds left.
|inactive|teyvgc has 5 seconds left.
|
|t:|1785304350
|switch|p1b: Incineroar|Incineroar, L50, F|84/100
|-ability|p1b: Incineroar|Intimidate|boost
|-unboost|p2a: Gholdengo|atk|1
|-boost|p2b: Staraptor|atk|1
|turn|6
|inactive|teyvgc has 30 seconds left.
|
|t:|1785304378
|move|p2b: Staraptor|Protect|p2b: Staraptor
|-singleturn|p2b: Staraptor|Protect
|move|p2a: Gholdengo|Protect|p2a: Gholdengo
|-singleturn|p2a: Gholdengo|Protect
|move|p1a: Sylveon|Hyper Voice|p2a: Gholdengo|[spread] 
|-activate|p2a: Gholdengo|move: Protect
|-activate|p2b: Staraptor|move: Protect
|move|p1b: Incineroar|Flare Blitz|p2a: Gholdengo
|-activate|p2a: Gholdengo|move: Protect
|
|upkeep
|turn|7
|inactive|teyvgc has 30 seconds left.
|
|t:|1785304407
|move|p1a: Sylveon|Protect|p1a: Sylveon
|-singleturn|p1a: Sylveon|Protect
|move|p2b: Staraptor|Close Combat|p1b: Incineroar
|-supereffective|p1b: Incineroar|1
|-damage|p1b: Incineroar|0 fnt
|-boost|p2b: Staraptor|def|1
|-boost|p2b: Staraptor|spd|1
|faint|p1b: Incineroar
|move|p2a: Gholdengo|Make It Rain|p1a: Sylveon
|-activate|p1a: Sylveon|move: Protect
|
|upkeep
|
|t:|1785304409
|switch|p1b: Metagross|Metagross, L50|100/100
|turn|8
|inactive|Mr.CooperCR has 30 seconds left.
|
|t:|1785304436
|detailschange|p1b: Metagross|Metagross-Mega, L50
|-mega|p1b: Metagross|Metagross|Metagrossite
|move|p2b: Staraptor|Protect|p2b: Staraptor
|-singleturn|p2b: Staraptor|Protect
|move|p2a: Gholdengo|Shadow Ball|p1b: Metagross
|-supereffective|p1b: Metagross|1
|-damage|p1b: Metagross|13/100
|-damage|p2a: Gholdengo|57/100|[from] item: Life Orb
|move|p1b: Metagross|Psychic Fangs|p2b: Staraptor
|-activate|p2b: Staraptor|move: Protect
|move|p1a: Sylveon|Hyper Voice|p2b: Staraptor|[spread] p2a
|-activate|p2b: Staraptor|move: Protect
|-resisted|p2a: Gholdengo|1
|-damage|p2a: Gholdengo|32/100
|
|upkeep
|turn|9
|inactive|teyvgc has 30 seconds left.
|
|t:|1785304467
|move|p2b: Staraptor|Close Combat|p1b: Metagross
|-damage|p1b: Metagross|0 fnt
|-boost|p2b: Staraptor|def|1
|-boost|p2b: Staraptor|spd|1
|faint|p1b: Metagross
|move|p2a: Gholdengo|Make It Rain|p1a: Sylveon
|-supereffective|p1a: Sylveon|1
|-crit|p1a: Sylveon
|-damage|p1a: Sylveon|0 fnt
|-unboost|p2a: Gholdengo|spa|2
|faint|p1a: Sylveon
|-damage|p2a: Gholdengo|22/100|[from] item: Life Orb
|
|win|Mr.CooperCR
