|j|☆zrofs
|j|☆Seteshy
|html|zrofsSeteshy    
|uhtml|bestof|Game 2 of a best-of-3
|t:|1785355599
|gametype|doubles
|player|p1|zrofs|170|1102
|player|p2|Seteshy|266|1000
|gen|9
|tier|[Gen 9 Champions] VGC 2026 Reg M-B (Bo3)
|rated|
|rule|Species Clause: Limit one of each Pokémon
|rule|Item Clause: Limit 1 of each item
|clearpoke
|poke|p1|Annihilape, L50, F|
|poke|p1|Maushold, L50|
|poke|p1|Delphox, L50, F|
|poke|p1|Sinistcha, L50|
|poke|p1|Ninetales-Alola, L50, F|
|poke|p1|Basculegion, L50, M|
|poke|p2|Tyranitar, L50, F|
|poke|p2|Glimmora, L50, F|
|poke|p2|Garganacl, L50, M|
|poke|p2|Kleavor, L50, F|
|poke|p2|Arcanine-Hisui, L50, F|
|poke|p2|Aerodactyl, L50, F|
|teampreview|4
|showteam|p1|Annihilape||Leftovers|Defiant|RageFist,DrainPunch,Protect,BulkUp|Adamant||F|||50|]Maushold||FocusSash|FriendGuard|Protect,Taunt,FollowMe,BeatUp|Timid|||||50|]Delphox||Delphoxite|Blaze|HeatWave,Protect,Psychic,NastyPlot|Timid||F|||50|]Sinistcha||ColburBerry|Hospitality|TrickRoom,LifeDew,MatchaGotcha,RagePowder|Bold|||||50|]Ninetales-Alola||LightClay|SnowWarning|Blizzard,FreezeDry,Protect,AuroraVeil|Timid||F|||50|]Basculegion||ChoiceScarf|Adaptability|WaveCrash,LastRespects,FlipTurn,AquaJet|Adamant||M|||50|
|showteam|p2|Tyranitar||ChoiceScarf|SandStream|RockSlide,KnockOff,IcePunch,LowKick|Adamant||F|||50|]Glimmora||Glimmoranite|ToxicDebris|PowerGem,SpikyShield,EarthPower,MortalSpin|Modest||F|||50|]Garganacl||Leftovers|PurifyingSalt|SaltCure,BodyPress,IronDefense,Recover|Careful||M|||50|]Kleavor||LifeOrb|Sharpness|StoneAxe,XScissor,Uturn,CloseCombat|Adamant||F|||50|]Arcanine-Hisui||FocusSash|RockHead|FlareBlitz,HeadSmash,WildCharge,ExtremeSpeed|Adamant||F|||50|]Aerodactyl||Aerodactylite|Unnerve|RockSlide,Tailwind,DualWingbeat,Protect|Jolly||F|||50|
|inactive|Battle timer is ON: inactive players will automatically lose when time's up. (requested by zrofs)
|
|t:|1785355609
|teamsize|p1|4
|teamsize|p2|4
|start
|switch|p1a: Annihilape|Annihilape, L50, F|100/100
|switch|p1b: Basculegion|Basculegion, L50, M|100/100
|switch|p2a: Garganacl|Garganacl, L50, M|100/100
|switch|p2b: Tyranitar|Tyranitar, L50, F|100/100
|-weather|Sandstorm|[from] ability: Sand Stream|[of] p2b: Tyranitar
|turn|1
|
|t:|1785355630
|switch|p2b: Kleavor|Kleavor, L50, F|100/100
|move|p1b: Basculegion|Flip Turn|p2b: Kleavor
|-supereffective|p2b: Kleavor|1
|-damage|p2b: Kleavor|2/100
|
|t:|1785355638
|switch|p1b: Sinistcha|Sinistcha, L50|100/100|[from] Flip Turn
|move|p1a: Annihilape|Bulk Up|p1a: Annihilape
|-boost|p1a: Annihilape|atk|1
|-boost|p1a: Annihilape|def|1
|move|p2a: Garganacl|Salt Cure|p1b: Sinistcha
|-damage|p1b: Sinistcha|89/100
|-start|p1b: Sinistcha|Salt Cure
|
|-weather|Sandstorm|[upkeep]
|-damage|p1a: Annihilape|93/100|[from] Sandstorm
|-damage|p1b: Sinistcha|83/100|[from] Sandstorm
|-heal|p1a: Annihilape|100/100|[from] item: Leftovers
|-damage|p1b: Sinistcha|77/100|[from] Salt Cure
|upkeep
|turn|2
|
|t:|1785355663
|move|p1b: Sinistcha|Rage Powder|p1b: Sinistcha
|-singleturn|p1b: Sinistcha|move: Rage Powder
|move|p2b: Kleavor|Stone Axe|p1b: Sinistcha
|-damage|p1b: Sinistcha|23/100
|-sidestart|p1: zrofs|move: Stealth Rock
|-damage|p2b: Kleavor|0 fnt|[from] item: Life Orb
|faint|p2b: Kleavor
|move|p1a: Annihilape|Drain Punch|p2a: Garganacl
|-supereffective|p2a: Garganacl|1
|-damage|p2a: Garganacl|36/100
|move|p2a: Garganacl|Salt Cure|p1b: Sinistcha
|-damage|p1b: Sinistcha|12/100
|
|-weather|Sandstorm|[upkeep]
|-damage|p1a: Annihilape|93/100|[from] Sandstorm
|-damage|p1b: Sinistcha|6/100|[from] Sandstorm
|-heal|p1a: Annihilape|100/100|[from] item: Leftovers
|-heal|p2a: Garganacl|42/100|[from] item: Leftovers
|-damage|p1b: Sinistcha|0 fnt|[from] Salt Cure
|faint|p1b: Sinistcha
|upkeep
|
|t:|1785355681
|switch|p2b: Arcanine|Arcanine-Hisui, L50, F|100/100
|switch|p1b: Basculegion|Basculegion, L50, M|100/100
|-damage|p1b: Basculegion|87/100|[from] Stealth Rock
|turn|3
|
|t:|1785355695
|move|p1b: Basculegion|Flip Turn|p2b: Arcanine
|-supereffective|p2b: Arcanine|2
|-enditem|p2b: Arcanine|Focus Sash
|-damage|p2b: Arcanine|1/100
|
|t:|1785355699
|switch|p1b: Ninetales|Ninetales-Alola, L50, F|100/100|[from] Flip Turn
|-damage|p1b: Ninetales|75/100|[from] Stealth Rock
|-weather|Snowscape|[from] ability: Snow Warning|[of] p1b: Ninetales
|move|p2b: Arcanine|Wild Charge|p1b: Ninetales
|-damage|p1b: Ninetales|42/100
|move|p1a: Annihilape|Drain Punch|p2b: Arcanine
|-supereffective|p2b: Arcanine|1
|-damage|p2b: Arcanine|0 fnt
|faint|p2b: Arcanine
|move|p2a: Garganacl|Recover|p2a: Garganacl
|-heal|p2a: Garganacl|92/100
|
|-weather|Snowscape|[upkeep]
|-heal|p2a: Garganacl|98/100|[from] item: Leftovers
|upkeep
|
|t:|1785355714
|switch|p2b: Tyranitar|Tyranitar, L50, F|100/100
|-weather|Sandstorm|[from] ability: Sand Stream|[of] p2b: Tyranitar
|turn|4
|
|t:|1785355723
|move|p1b: Ninetales|Freeze-Dry|p2b: Tyranitar
|-damage|p2b: Tyranitar|85/100
|move|p2b: Tyranitar|Rock Slide|p1a: Annihilape|[spread] p1a,p1b
|-resisted|p1a: Annihilape|1
|-supereffective|p1b: Ninetales|1
|-damage|p1a: Annihilape|90/100
|-damage|p1b: Ninetales|0 fnt
|faint|p1b: Ninetales
|move|p1a: Annihilape|Drain Punch|p2b: Tyranitar
|-supereffective|p2b: Tyranitar|2
|-damage|p2b: Tyranitar|0 fnt
|-heal|p1a: Annihilape|100/100|[from] drain|[of] p2b: Tyranitar
|faint|p2b: Tyranitar
|move|p2a: Garganacl|Iron Defense|p2a: Garganacl
|-boost|p2a: Garganacl|def|2
|
|-weather|Sandstorm|[upkeep]
|-damage|p1a: Annihilape|93/100|[from] Sandstorm
|-heal|p1a: Annihilape|100/100|[from] item: Leftovers
|-heal|p2a: Garganacl|100/100|[from] item: Leftovers
|upkeep
|
|t:|1785355740
|switch|p1b: Basculegion|Basculegion, L50, M|87/100
|-damage|p1b: Basculegion|75/100|[from] Stealth Rock
|turn|5
|
|t:|1785355747
|move|p1b: Basculegion|Wave Crash|p2a: Garganacl
|-supereffective|p2a: Garganacl|1
|-damage|p2a: Garganacl|38/100
|-damage|p1b: Basculegion|54/100|[from] Recoil
|move|p1a: Annihilape|Drain Punch|p2a: Garganacl
|-supereffective|p2a: Garganacl|1
|-damage|p2a: Garganacl|2/100
|move|p2a: Garganacl|Salt Cure|p1b: Basculegion
|-crit|p1b: Basculegion
|-damage|p1b: Basculegion|27/100
|-start|p1b: Basculegion|Salt Cure
|
|-weather|Sandstorm|[upkeep]
|-damage|p1b: Basculegion|21/100|[from] Sandstorm
|-damage|p1a: Annihilape|93/100|[from] Sandstorm
|-heal|p1a: Annihilape|100/100|[from] item: Leftovers
|-heal|p2a: Garganacl|8/100|[from] item: Leftovers
|-damage|p1b: Basculegion|9/100|[from] Salt Cure
|upkeep
|turn|6
|
|t:|1785355765
|move|p1b: Basculegion|Wave Crash|p2a: Garganacl
|-supereffective|p2a: Garganacl|1
|-damage|p2a: Garganacl|0 fnt
|faint|p2a: Garganacl
|-damage|p1b: Basculegion|6/100|[from] Recoil
|
|win|zrofs
|raw|zrofs's rating: 1102 → 1120(+18 for winning)
|raw|Seteshy's rating: 1000 → 1000(+0 for losing)
|l|☆zrofs
|player|p1|
