|j|☆kimaxvgc
|j|☆BVSelf
|html|kimaxvgcBVSelf    
|uhtml|bestof|Game 2 of a best-of-3
|t:|1784015435
|gametype|doubles
|player|p1|kimaxvgc|170|1269
|player|p2|BVSelf|benga|1390
|gen|9
|tier|[Gen 9 Champions] VGC 2026 Reg M-B (Bo3)
|rated|
|rule|Species Clause: Limit one of each Pokémon
|rule|Item Clause: Limit 1 of each item
|clearpoke
|poke|p1|Raichu, L50, F, shiny|
|poke|p1|Milotic, L50, M, shiny|
|poke|p1|Ceruledge, L50, M|
|poke|p1|Scrafty, L50, F|
|poke|p1|Sinistcha, L50|
|poke|p1|Sneasler, L50, M|
|poke|p2|Sneasler, L50, F|
|poke|p2|Sinistcha, L50|
|poke|p2|Incineroar, L50, M|
|poke|p2|Kingambit, L50, F|
|poke|p2|Delphox, L50, M|
|poke|p2|Blastoise, L50, F|
|teampreview|4
|showteam|p1|Raichu||RaichuniteY|LightningRod|ZapCannon,FocusBlast,Protect,FakeOut|Timid||F|||50|]Milotic||Leftovers|Competitive|MuddyWater,Coil,Protect,Hypnosis|Calm||M|||50|]Ceruledge||ColburBerry|FlashFire|BitterBlade,ShadowSneak,Protect,BulkUp|Adamant||M|||50|]Scrafty||Scraftinite|Intimidate|KnockOff,DrainPunch,SwordsDance,FakeOut|Adamant||F|||50|]Sinistcha||CobaBerry|Hospitality|MatchaGotcha,LifeDew,Protect,RagePowder|Relaxed|||||50|]Sneasler||LifeOrb|PoisonTouch|DireClaw,CloseCombat,Protect,RockSlide|Adamant||M|||50|
|showteam|p2|Sneasler||FocusSash|PoisonTouch|CloseCombat,DireClaw,FakeOut,QuickGuard|Jolly||F|||50|]Sinistcha||OccaBerry|Hospitality|MatchaGotcha,RagePowder,TrickRoom,Protect|Bold|||||50|]Incineroar||SitrusBerry|Intimidate|FlareBlitz,DarkestLariat,PartingShot,FakeOut|Careful||M|||50|]Kingambit||BlackGlasses|Defiant|KowtowCleave,SwordsDance,SuckerPunch,Protect|Adamant||F|||50|]Delphox||Delphoxite|Blaze|HeatWave,Psyshock,NastyPlot,Protect|Timid||M|||50|]Blastoise||Blastoisinite|RainDish|WaterSpout,DarkPulse,ShellSmash,Protect|Modest||F|||50|
|
|t:|1784015445
|teamsize|p1|4
|teamsize|p2|4
|start
|switch|p1a: Raichu|Raichu, L50, F, shiny|100/100
|switch|p1b: Milotic|Milotic, L50, M, shiny|100/100
|switch|p2a: Sneasler|Sneasler, L50, F|100/100
|switch|p2b: Delphox|Delphox, L50, M|100/100
|turn|1
|
|t:|1784015487
|switch|p2a: Sinistcha|Sinistcha, L50|100/100
|detailschange|p1a: Raichu|Raichu-Mega-Y, L50, F, shiny
|-mega|p1a: Raichu|Raichu|Raichunite Y
|detailschange|p2b: Delphox|Delphox-Mega, L50, M
|-mega|p2b: Delphox|Delphox|Delphoxite
|move|p1a: Raichu|Fake Out|p2a: Sinistcha
|-immune|p2a: Sinistcha
|move|p2b: Delphox|Nasty Plot|p2b: Delphox
|-boost|p2b: Delphox|spa|2
|move|p1b: Milotic|Coil|p1b: Milotic
|-boost|p1b: Milotic|atk|1
|-boost|p1b: Milotic|def|1
|-boost|p1b: Milotic|accuracy|1
|
|upkeep
|turn|2
|
|t:|1784015504
|switch|p1a: Ceruledge|Ceruledge, L50, M|100/100
|move|p2a: Sinistcha|Rage Powder|p2a: Sinistcha
|-singleturn|p2a: Sinistcha|move: Rage Powder
|move|p2b: Delphox|Nasty Plot|p2b: Delphox
|-boost|p2b: Delphox|spa|2
|move|p1b: Milotic|Hypnosis|p2a: Sinistcha
|-status|p2a: Sinistcha|slp|[from] move: Hypnosis
|
|upkeep
|turn|3
|
|t:|1784015528
|switch|p2a: Incineroar|Incineroar, L50, M|100/100
|-ability|p2a: Incineroar|Intimidate|boost
|-unboost|p1a: Ceruledge|atk|1
|-unboost|p1b: Milotic|atk|1
|-ability|p1b: Milotic|Competitive|boost
|-boost|p1b: Milotic|spa|2
|move|p2b: Delphox|Protect|p2b: Delphox
|-singleturn|p2b: Delphox|Protect
|move|p1b: Milotic|Coil|p1b: Milotic
|-boost|p1b: Milotic|atk|1
|-boost|p1b: Milotic|def|1
|-boost|p1b: Milotic|accuracy|1
|move|p1a: Ceruledge|Bulk Up|p1a: Ceruledge
|-boost|p1a: Ceruledge|atk|1
|-boost|p1a: Ceruledge|def|1
|
|upkeep
|turn|4
|
|t:|1784015561
|move|p1b: Milotic|Protect|p1b: Milotic
|-singleturn|p1b: Milotic|Protect
|move|p2a: Incineroar|Fake Out|p1b: Milotic
|-activate|p1b: Milotic|move: Protect
|move|p2b: Delphox|Psyshock|p1a: Ceruledge
|-damage|p1a: Ceruledge|0 fnt
|faint|p1a: Ceruledge
|
|upkeep
|
|t:|1784015573
|switch|p1a: Raichu|Raichu-Mega-Y, L50, F, shiny|100/100
|turn|5
|
|t:|1784015578
|switch|p2a: Sinistcha|Sinistcha, L50|100/100 slp
|move|p2b: Delphox|Protect|p2b: Delphox
|-singleturn|p2b: Delphox|Protect
|move|p1a: Raichu|Fake Out|p2b: Delphox
|-activate|p2b: Delphox|move: Protect
|move|p1b: Milotic|Muddy Water|p2a: Sinistcha|[spread] p2a
|-activate|p2b: Delphox|move: Protect
|-resisted|p2a: Sinistcha|1
|-damage|p2a: Sinistcha|78/100 slp
|
|upkeep
|turn|6
|
|t:|1784015592
|switch|p1a: Sinistcha|Sinistcha, L50|100/100
|cant|p2a: Sinistcha|slp
|move|p2b: Delphox|Heat Wave|p1b: Milotic|[spread] p1a,p1b
|-supereffective|p1a: Sinistcha|1
|-crit|p1a: Sinistcha
|-resisted|p1b: Milotic|1
|-damage|p1a: Sinistcha|0 fnt
|-damage|p1b: Milotic|64/100
|faint|p1a: Sinistcha
|move|p1b: Milotic|Muddy Water|p2a: Sinistcha|[spread] p2a,p2b
|-resisted|p2a: Sinistcha|1
|-supereffective|p2b: Delphox|1
|-crit|p2b: Delphox
|-damage|p2a: Sinistcha|56/100 slp
|-damage|p2b: Delphox|0 fnt
|faint|p2b: Delphox
|
|-heal|p1b: Milotic|70/100|[from] item: Leftovers
|upkeep
|
|t:|1784015608
|switch|p2b: Incineroar|Incineroar, L50, M|100/100
|switch|p1a: Raichu|Raichu-Mega-Y, L50, F, shiny|100/100
|-ability|p2b: Incineroar|Intimidate|boost
|-unboost|p1a: Raichu|atk|1
|-unboost|p1b: Milotic|atk|1
|-ability|p1b: Milotic|Competitive|boost
|-boost|p1b: Milotic|spa|2
|turn|7
|
|t:|1784015629
|move|p2b: Incineroar|Fake Out|p1b: Milotic
|-damage|p1b: Milotic|65/100
|move|p1a: Raichu|Zap Cannon|p2a: Sinistcha
|-resisted|p2a: Sinistcha|1
|-damage|p2a: Sinistcha|26/100 slp
|cant|p1b: Milotic|flinch
|cant|p2a: Sinistcha|slp
|
|-heal|p1b: Milotic|71/100|[from] item: Leftovers
|upkeep
|turn|8
|
|t:|1784015643
|-curestatus|p2a: Sinistcha|slp|[msg]
|move|p2a: Sinistcha|Protect|p2a: Sinistcha
|-singleturn|p2a: Sinistcha|Protect
|move|p1a: Raichu|Zap Cannon|p2a: Sinistcha
|-activate|p2a: Sinistcha|move: Protect
|move|p1b: Milotic|Muddy Water|p2a: Sinistcha|[spread] p2b
|-activate|p2a: Sinistcha|move: Protect
|-supereffective|p2b: Incineroar|1
|-damage|p2b: Incineroar|0 fnt
|faint|p2b: Incineroar
|
|-heal|p1b: Milotic|77/100|[from] item: Leftovers
|upkeep
|
|t:|1784015652
|switch|p2b: Sneasler|Sneasler, L50, F|100/100
|turn|9
|
|t:|1784015663
|move|p1a: Raichu|Protect|p1a: Raichu
|-singleturn|p1a: Raichu|Protect
|move|p1b: Milotic|Protect|p1b: Milotic
|-singleturn|p1b: Milotic|Protect
|move|p2b: Sneasler|Fake Out|p1b: Milotic
|-activate|p1b: Milotic|move: Protect
|move|p2a: Sinistcha|Trick Room|p2a: Sinistcha
|-fieldstart|move: Trick Room|[of] p2a: Sinistcha
|
|-heal|p1b: Milotic|83/100|[from] item: Leftovers
|upkeep
|turn|10
|
|t:|1784015694
|move|p2a: Sinistcha|Matcha Gotcha|p1a: Raichu|[spread] p1a,p1b
|-supereffective|p1b: Milotic|1
|-damage|p1a: Raichu|69/100
|-heal|p2a: Sinistcha|41/100|[from] drain|[of] p1a: Raichu
|-damage|p1b: Milotic|53/100
|-heal|p2a: Sinistcha|57/100|[from] drain|[of] p1b: Milotic
|-status|p1b: Milotic|brn
|move|p1b: Milotic|Coil|p1b: Milotic
|-boost|p1b: Milotic|atk|1
|-boost|p1b: Milotic|def|1
|-boost|p1b: Milotic|accuracy|1
|move|p2b: Sneasler|Dire Claw|p1a: Raichu
|-damage|p1a: Raichu|9/100
|move|p1a: Raichu|Zap Cannon|p2b: Sneasler
|-damage|p2b: Sneasler|12/100
|-status|p2b: Sneasler|par
|
|-heal|p1b: Milotic|59/100 brn|[from] item: Leftovers
|-damage|p1b: Milotic|53/100 brn|[from] brn
|upkeep
|turn|11
|c|☆kimaxvgc|Aaaaaa miss click
|
|t:|1784015720
|move|p2a: Sinistcha|Matcha Gotcha|p1b: Milotic|[spread] p1a,p1b
|-supereffective|p1b: Milotic|1
|-damage|p1a: Raichu|0 fnt
|-heal|p2a: Sinistcha|62/100|[from] drain|[of] p1a: Raichu
|-damage|p1b: Milotic|19/100 brn
|-heal|p2a: Sinistcha|81/100|[from] drain|[of] p1b: Milotic
|faint|p1a: Raichu
|move|p2b: Sneasler|Close Combat|p1b: Milotic
|-damage|p1b: Milotic|0 fnt
|-unboost|p2b: Sneasler|def|1
|-unboost|p2b: Sneasler|spd|1
|faint|p1b: Milotic
|
|win|BVSelf
||kimaxvgc is ready for game 3.
|inactive|BVSelf has 30 seconds to confirm battle start!
||BVSelf is ready for game 3.
|uhtml|next|Next: Game 3 of 3
|l|☆kimaxvgc
|player|p1|
