|j|☆Joriot
|j|☆Einszweidreigon
|html|JoriotEinszweidreigon    
|uhtml|bestof|Game 2 of a best-of-3
|t:|1785754382
|gametype|doubles
|player|p1|Joriot|falkner|1207
|player|p2|Einszweidreigon|rood|1241
|gen|9
|tier|[Gen 9 Champions] VGC 2026 Reg M-B (Bo3)
|rated|
|rule|Species Clause: Limit one of each Pokémon
|rule|Item Clause: Limit 1 of each item
|clearpoke
|poke|p1|Staraptor, L50, M|
|poke|p1|Arcanine-Hisui, L50, M|
|poke|p1|Kingambit, L50, M|
|poke|p1|Raichu, L50, F|
|poke|p1|Farigiraf, L50, F|
|poke|p1|Sylveon, L50, F|
|poke|p2|Hydreigon, L50, M|
|poke|p2|Mawile, L50, F|
|poke|p2|Whimsicott, L50, F|
|poke|p2|Farigiraf, L50, F|
|poke|p2|Sneasler, L50, M|
|poke|p2|Chandelure, L50, M|
|teampreview|4
|showteam|p1|Staraptor||Staraptite|Intimidate|DualWingbeat,CloseCombat,Tailwind,Protect|Jolly||M|||50|]Arcanine-Hisui||FocusSash|RockHead|FlareBlitz,HeadSmash,ExtremeSpeed,Protect|Jolly||M|||50|]Kingambit||LifeOrb|Defiant|KowtowCleave,SuckerPunch,SwordsDance,Protect|Adamant||M|||50|]Raichu||RaichuniteY|LightningRod|ZapCannon,FocusBlast,FakeOut,Protect|Timid||F|||50|]Farigiraf||SitrusBerry|ArmorTail|Psychic,HelpingHand,TrickRoom,Protect|Calm||F|||50|]Sylveon||FairyFeather|Pixilate|HyperVoice,HyperBeam,QuickAttack,Detect|Modest||F|||50|
|showteam|p2|Hydreigon||LifeOrb|Levitate|DracoMeteor,EarthPower,DarkPulse,Protect|Modest||M|||50|]Mawile||Mawilite|Intimidate|PlayRough,IronHead,SuckerPunch,Protect|Brave||F|||50|]Whimsicott||FocusSash|Prankster|Moonblast,Tailwind,Encore,HelpingHand|Timid||F|||50|]Farigiraf||SitrusBerry|ArmorTail|Psychic,TrickRoom,HelpingHand,Protect|Bold||F|||50|]Sneasler||WhiteHerb|Unburden|CloseCombat,DireClaw,FakeOut,Protect|Jolly||M|||50|]Chandelure||Chandelurite|FlashFire|HeatWave,ShadowBall,Substitute,Protect|Modest||M|||50|
|
|t:|1785754426
|teamsize|p1|4
|teamsize|p2|4
|start
|switch|p1a: Staraptor|Staraptor, L50, M|100/100
|switch|p1b: Arcanine|Arcanine-Hisui, L50, M|100/100
|switch|p2a: Farigiraf|Farigiraf, L50, F|100/100
|switch|p2b: Sneasler|Sneasler, L50, M|100/100
|-ability|p1a: Staraptor|Intimidate|boost
|-unboost|p2a: Farigiraf|atk|1
|-unboost|p2b: Sneasler|atk|1
|-enditem|p2b: Sneasler|White Herb
|-clearnegativeboost|p2b: Sneasler|[silent]
|turn|1
|
|t:|1785754477
|switch|p1b: Farigiraf|Farigiraf, L50, F|100/100
|detailschange|p1a: Staraptor|Staraptor-Mega, L50, M
|-mega|p1a: Staraptor|Staraptor|Staraptite
|move|p2b: Sneasler|Close Combat|p1b: Farigiraf
|-damage|p1b: Farigiraf|47/100
|-unboost|p2b: Sneasler|def|1
|-unboost|p2b: Sneasler|spd|1
|-enditem|p1b: Farigiraf|Sitrus Berry|[eat]
|-heal|p1b: Farigiraf|71/100|[from] item: Sitrus Berry
|move|p1a: Staraptor|Dual Wingbeat|p2b: Sneasler
|-supereffective|p2b: Sneasler|1
|-damage|p2b: Sneasler|4/100
|-supereffective|p2b: Sneasler|1
|-crit|p2b: Sneasler
|-damage|p2b: Sneasler|0 fnt
|faint|p2b: Sneasler
|-hitcount|p2: Sneasler|2
|move|p2a: Farigiraf|Psychic|p1a: Staraptor
|-supereffective|p1a: Staraptor|1
|-damage|p1a: Staraptor|30/100
|
|upkeep
|
|t:|1785754496
|switch|p2b: Whimsicott|Whimsicott, L50, F|100/100
|turn|2
|
|t:|1785754531
|move|p2b: Whimsicott|Moonblast|p1a: Staraptor
|-supereffective|p1a: Staraptor|1
|-damage|p1a: Staraptor|0 fnt
|faint|p1a: Staraptor
|move|p2a: Farigiraf|Psychic|p1b: Farigiraf
|-resisted|p1b: Farigiraf|1
|-damage|p1b: Farigiraf|56/100
|move|p1b: Farigiraf|Trick Room|p1b: Farigiraf
|-fieldstart|move: Trick Room|[of] p1b: Farigiraf
|
|upkeep
|
|t:|1785754536
|switch|p1a: Sylveon|Sylveon, L50, F|100/100
|turn|3
|
|t:|1785754568
|move|p2a: Farigiraf|Protect|p2a: Farigiraf
|-singleturn|p2a: Farigiraf|Protect
|move|p1b: Farigiraf|Psychic|p2a: Farigiraf
|-activate|p2a: Farigiraf|move: Protect
|move|p1a: Sylveon|Hyper Voice|p2a: Farigiraf|[spread] p2b
|-activate|p2a: Farigiraf|move: Protect
|-damage|p2b: Whimsicott|24/100
|move|p2b: Whimsicott|Moonblast|p1a: Sylveon
|-damage|p1a: Sylveon|76/100
|
|upkeep
|turn|4
|
|t:|1785754592
|switch|p2b: Chandelure|Chandelure, L50, M|100/100
|move|p1b: Farigiraf|Psychic|p2a: Farigiraf
|-resisted|p2a: Farigiraf|1
|-damage|p2a: Farigiraf|85/100
|move|p1a: Sylveon|Hyper Voice|p2a: Farigiraf|[spread] p2a,p2b
|-resisted|p2b: Chandelure|1
|-damage|p2a: Farigiraf|44/100
|-damage|p2b: Chandelure|73/100
|-enditem|p2a: Farigiraf|Sitrus Berry|[eat]
|-heal|p2a: Farigiraf|69/100|[from] item: Sitrus Berry
|move|p2a: Farigiraf|Trick Room|p2a: Farigiraf
|-fieldend|move: Trick Room
|
|upkeep
|turn|5
|
|t:|1785754631
|detailschange|p2b: Chandelure|Chandelure-Mega, L50, M
|-mega|p2b: Chandelure|Chandelure|Chandelurite
|move|p2a: Farigiraf|Helping Hand|p2b: Chandelure
|-singleturn|p2b: Chandelure|Helping Hand|[of] p2a: Farigiraf
|move|p2b: Chandelure|Heat Wave|p1a: Sylveon|[spread] p1a
|-miss|p2b: Chandelure|p1b: Farigiraf
|-damage|p1a: Sylveon|27/100
|-status|p1a: Sylveon|brn
|move|p1a: Sylveon|Hyper Voice|p2b: Chandelure|[spread] p2a,p2b
|-resisted|p2b: Chandelure|1
|-damage|p2a: Farigiraf|29/100
|-damage|p2b: Chandelure|51/100
|move|p1b: Farigiraf|Trick Room|p1b: Farigiraf
|-fieldstart|move: Trick Room|[of] p1b: Farigiraf
|
|-damage|p1a: Sylveon|21/100 brn|[from] brn
|upkeep
|turn|6
|
|t:|1785754659
|move|p2b: Chandelure|Protect|p2b: Chandelure
|-singleturn|p2b: Chandelure|Protect
|move|p1b: Farigiraf|Psychic|p2b: Chandelure
|-activate|p2b: Chandelure|move: Protect
|move|p1a: Sylveon|Hyper Voice|p2a: Farigiraf|[spread] p2a
|-activate|p2b: Chandelure|move: Protect
|-damage|p2a: Farigiraf|0 fnt
|faint|p2a: Farigiraf
|
|-damage|p1a: Sylveon|15/100 brn|[from] brn
|upkeep
|-message|Einszweidreigon forfeited.
|
|win|Joriot
||Einszweidreigon is ready for game 3.
