|j|☆AdvaiLuffy
|j|☆new mental
|html|AdvaiLuffynew mental    
|uhtml|bestof|Game 1 of a best-of-3
|t:|1783882503
|gametype|doubles
|player|p1|AdvaiLuffy|steven|1112
|player|p2|new mental|volkner|1165
|gen|9
|tier|[Gen 9 Champions] VGC 2026 Reg M-B (Bo3)
|rated|
|rule|Species Clause: Limit one of each Pokémon
|rule|Item Clause: Limit 1 of each item
|clearpoke
|poke|p1|Castform, L50, F|
|poke|p1|Whimsicott, L50, M|
|poke|p1|Houndoom, L50, M|
|poke|p1|Basculegion, L50, M|
|poke|p1|Farigiraf, L50, M|
|poke|p1|Metagross, L50|
|poke|p2|Charizard, L50, F|
|poke|p2|Kingambit, L50, F|
|poke|p2|Sylveon, L50, M|
|poke|p2|Garchomp, L50, F|
|poke|p2|Aerodactyl, L50, M|
|poke|p2|Farigiraf, L50, M|
|teampreview|4
|showteam|p1|Castform||ExpertBelt|Forecast|Protect,WeatherBall,RainDance,EnergyBall|Modest||F|||50|]Whimsicott||FocusSash|Prankster|Tailwind,Protect,SunnyDay,Encore|Timid||M|||50|]Houndoom||Houndoominite|FlashFire|Protect,HeatWave,WillOWisp,BurningJealousy|Timid||M|||50|]Basculegion||ChoiceScarf|Adaptability|FlipTurn,WaveCrash,AquaJet,LastRespects|Adamant||M|||50|]Farigiraf||SitrusBerry|ArmorTail|Protect,TrickRoom,HelpingHand,Psychic|Sassy||M|||50|]Metagross||Metagrossite|ClearBody|Protect,MeteorMash,BulletPunch,PsychicFangs|Jolly|||||50|
|showteam|p2|Charizard||CharizarditeY|SolarPower|Protect,HeatWave,SolarBeam,WeatherBall|Modest||F|||50|]Kingambit||FocusSash|Defiant|IronHead,SuckerPunch,KowtowCleave,LowKick|Adamant||F|||50|]Sylveon||FairyFeather|Pixilate|Detect,HyperVoice,HyperBeam,QuickAttack|Modest||M|||50|]Garchomp||LifeOrb|RoughSkin|Protect,DragonClaw,Earthquake,RockSlide|Jolly||F|||50|]Aerodactyl||Aerodactylite|Unnerve|IceFang,RockSlide,Tailwind,DualWingbeat|Jolly||M|||50|]Farigiraf||SitrusBerry|ArmorTail|TrickRoom,Psychic,Thunderbolt,Roar|Bold||M|||50|
|inactive|Battle timer is ON: inactive players will automatically lose when time's up. (requested by AdvaiLuffy)
|inactive|AdvaiLuffy has 60 seconds left.
|inactive|new mental has 60 seconds left.
|inactive|new mental has 30 seconds left.
|
|t:|1783882572
|teamsize|p1|4
|teamsize|p2|4
|start
|switch|p1a: Castform|Castform, L50, F|100/100
|switch|p1b: Whimsicott|Whimsicott, L50, M|100/100
|switch|p2a: Aerodactyl|Aerodactyl, L50, M|100/100
|switch|p2b: Kingambit|Kingambit, L50, F|100/100
|-ability|p2a: Aerodactyl|Unnerve
|turn|1
|inactive|new mental has 30 seconds left.
|inactive|new mental has 20 seconds left.
|inactive|new mental has 15 seconds left.
|
|t:|1783882617
|detailschange|p2a: Aerodactyl|Aerodactyl-Mega, L50, M
|-mega|p2a: Aerodactyl|Aerodactyl|Aerodactylite
|move|p1b: Whimsicott|Tailwind|p1b: Whimsicott
|-sidestart|p1: AdvaiLuffy|move: Tailwind
|move|p2a: Aerodactyl|Dual Wingbeat|p1b: Whimsicott
|-supereffective|p1b: Whimsicott|1
|-damage|p1b: Whimsicott|35/100
|-supereffective|p1b: Whimsicott|1
|-damage|p1b: Whimsicott|0 fnt
|faint|p1b: Whimsicott
|-hitcount|p1: Whimsicott|2
|move|p1a: Castform|Rain Dance|p1a: Castform
|-weather|RainDance
|-formechange|p1a: Castform|Castform-Rainy|[msg]|[from] ability: Forecast
|move|p2b: Kingambit|Kowtow Cleave|p1a: Castform
|-damage|p1a: Castform|26/100
|
|-weather|RainDance|[upkeep]
|upkeep
|
|t:|1783882640
|switch|p1b: Houndoom|Houndoom, L50, M|100/100
|turn|2
|
|t:|1783882659
|move|p1a: Castform|Protect|p1a: Castform
|-singleturn|p1a: Castform|Protect
|move|p2b: Kingambit|Sucker Punch||[still]
|-fail|p2b: Kingambit
|move|p1b: Houndoom|Will-O-Wisp|p2a: Aerodactyl|[miss]
|-miss|p1b: Houndoom|p2a: Aerodactyl
|move|p2a: Aerodactyl|Rock Slide|p1b: Houndoom|[spread] p1b
|-activate|p1a: Castform|move: Protect
|-supereffective|p1b: Houndoom|1
|-crit|p1b: Houndoom
|-damage|p1b: Houndoom|0 fnt
|faint|p1b: Houndoom
|
|-weather|RainDance|[upkeep]
|upkeep
|
|t:|1783882674
|switch|p1b: Metagross|Metagross, L50|100/100
|turn|3
|
|t:|1783882683
|detailschange|p1b: Metagross|Metagross-Mega, L50
|-mega|p1b: Metagross|Metagross|Metagrossite
|move|p2b: Kingambit|Sucker Punch|p1a: Castform
|-damage|p1a: Castform|0 fnt
|faint|p1a: Castform
|move|p1b: Metagross|Meteor Mash|p2a: Aerodactyl
|-supereffective|p2a: Aerodactyl|1
|-damage|p2a: Aerodactyl|0 fnt
|faint|p2a: Aerodactyl
|
|-weather|RainDance|[upkeep]
|upkeep
|
|t:|1783882699
|switch|p2a: Garchomp|Garchomp, L50, F|100/100
|turn|4
|
|t:|1783882710
|move|p2b: Kingambit|Sucker Punch|p1b: Metagross
|-supereffective|p1b: Metagross|1
|-damage|p1b: Metagross|38/100
|move|p1b: Metagross|Meteor Mash|p2b: Kingambit
|-resisted|p2b: Kingambit|1
|-damage|p2b: Kingambit|70/100
|move|p2a: Garchomp|Dragon Claw|p1b: Metagross
|-resisted|p1b: Metagross|1
|-crit|p1b: Metagross
|-damage|p1b: Metagross|6/100
|-damage|p2a: Garchomp|90/100|[from] item: Life Orb
|
|-weather|RainDance|[upkeep]
|-sideend|p1: AdvaiLuffy|move: Tailwind
|upkeep
|turn|5
|
|t:|1783882725
|move|p1b: Metagross|Bullet Punch|p2b: Kingambit
|-resisted|p2b: Kingambit|1
|-damage|p2b: Kingambit|58/100
|move|p2b: Kingambit|Sucker Punch||[still]
|-fail|p2b: Kingambit
|move|p2a: Garchomp|Dragon Claw|p1b: Metagross
|-resisted|p1b: Metagross|1
|-damage|p1b: Metagross|0 fnt
|faint|p1b: Metagross
|-damage|p2a: Garchomp|80/100|[from] item: Life Orb
|
|win|new mental
||new mental is ready for game 2.
||AdvaiLuffy is ready for game 2.
|uhtml|next|Next: Game 2 of 3
|l|☆new mental
|player|p2|
|j|☆new mental
|player|p2|new mental|volkner|
