|j|☆moreduck
|j|☆gluttorn
|html|moreduckgluttorn    
|uhtml|bestof|Game 1 of a best-of-3
|t:|1782461286
|gametype|doubles
|player|p1|moreduck|266|1000
|player|p2|gluttorn|266|1077
|gen|9
|tier|[Gen 9 Champions] VGC 2026 Reg M-B (Bo3)
|rated|
|rule|Species Clause: Limit one of each Pokémon
|rule|Item Clause: Limit 1 of each item
|clearpoke
|poke|p1|Mawile, L50, M|
|poke|p1|Garchomp, L50, F|
|poke|p1|Clefable, L50, F|
|poke|p1|Farigiraf, L50, F|
|poke|p1|Torkoal, L50, F|
|poke|p1|Scrafty, L50, F|
|poke|p2|Scrafty, L50, M|
|poke|p2|Torkoal, L50, M|
|poke|p2|Farigiraf, L50, F|
|poke|p2|Hatterene, L50, F|
|poke|p2|Vileplume, L50, M|
|poke|p2|Archaludon, L50, F|
|teampreview|4
|showteam|p1|Mawile||Mawilite|Intimidate|PlayRough,BrickBreak,Protect,SuckerPunch|Brave||M|||50|]Garchomp||LifeOrb|RoughSkin|Earthquake,DragonClaw,RockSlide,Protect|Jolly||F|||50|]Clefable||Leftovers|Unaware|Moonblast,FollowMe,Protect,HelpingHand|Bold||F|||50|]Farigiraf||SitrusBerry|ArmorTail|Psychic,Protect,HelpingHand,TrickRoom|Bold||F|||50|]Torkoal||Charcoal|Drought|HelpingHand,Protect,Eruption,WeatherBall|Modest||F|||50|]Scrafty||Scraftinite|Intimidate|CloseCombat,FakeOut,IcePunch,Protect|Adamant||F|||50|
|showteam|p2|Scrafty||Scraftinite|Intimidate|FakeOut,KnockOff,DrainPunch,RockSlide|Brave||M|||50|]Torkoal||Charcoal|Drought|EarthPower,HeatWave,Eruption,Protect|Quiet||M|||50|]Farigiraf||MentalHerb|ArmorTail|Protect,HelpingHand,TrickRoom,Psychic|Calm||F|||50|]Hatterene||LifeOrb|MagicBounce|DazzlingGleam,Psychic,TrickRoom,Protect|Modest||F|||50|]Vileplume||FocusSash|Chlorophyll|AfterYou,Protect,EnergyBall,SludgeBomb|Timid||M|||50|]Archaludon||ChoiceScarf|Sturdy|Thunderbolt,DragonPulse,FlashCannon,SolarBeam|Timid||F|||50|
|inactive|Battle timer is ON: inactive players will automatically lose when time's up. (requested by moreduck)
|inactive|moreduck has 60 seconds left.
|
|t:|1782461340
|teamsize|p1|4
|teamsize|p2|4
|start
|switch|p1a: Farigiraf|Farigiraf, L50, F|100/100
|switch|p1b: Scrafty|Scrafty, L50, F|100/100
|switch|p2a: Torkoal|Torkoal, L50, M|100/100
|switch|p2b: Vileplume|Vileplume, L50, M|100/100
|-ability|p1b: Scrafty|Intimidate|boost
|-unboost|p2a: Torkoal|atk|1
|-unboost|p2b: Vileplume|atk|1
|-weather|SunnyDay|[from] ability: Drought|[of] p2a: Torkoal
|turn|1
|inactive|gluttorn has 30 seconds left.
|inactive|gluttorn has 20 seconds left.
|
|t:|1782461376
|switch|p2b: Hatterene|Hatterene, L50, F|100/100
|move|p2a: Torkoal|Protect|p2a: Torkoal
|-singleturn|p2a: Torkoal|Protect
|move|p1b: Scrafty|Fake Out|p2a: Torkoal
|-activate|p2a: Torkoal|move: Protect
|move|p1a: Farigiraf|Trick Room|p1a: Farigiraf
|-fieldstart|move: Trick Room|[of] p1a: Farigiraf
|
|-weather|SunnyDay|[upkeep]
|upkeep
|turn|2
|
|t:|1782461399
|move|p1a: Farigiraf|Helping Hand|p1b: Scrafty
|-singleturn|p1b: Scrafty|Helping Hand|[of] p1a: Farigiraf
|move|p2a: Torkoal|Eruption|p1b: Scrafty|[spread] p1a,p1b
|-damage|p1a: Farigiraf|21/100
|-damage|p1b: Scrafty|23/100
|-enditem|p1a: Farigiraf|Sitrus Berry|[eat]
|-heal|p1a: Farigiraf|46/100|[from] item: Sitrus Berry
|move|p2b: Hatterene|Dazzling Gleam|p1b: Scrafty|[spread] p1a,p1b
|-supereffective|p1b: Scrafty|2
|-damage|p1a: Farigiraf|5/100
|-damage|p1b: Scrafty|0 fnt
|faint|p1b: Scrafty
|-damage|p2b: Hatterene|90/100|[from] item: Life Orb
|
|-weather|SunnyDay|[upkeep]
|upkeep
|
|t:|1782461411
|switch|p1b: Garchomp|Garchomp, L50, F|100/100
|turn|3
|
|t:|1782461431
|switch|p2a: Scrafty|Scrafty, L50, M|100/100
|-ability|p2a: Scrafty|Intimidate|boost
|-unboost|p1a: Farigiraf|atk|1
|-unboost|p1b: Garchomp|atk|1
|move|p1a: Farigiraf|Protect|p1a: Farigiraf
|-singleturn|p1a: Farigiraf|Protect
|move|p2b: Hatterene|Dazzling Gleam|p1a: Farigiraf|[spread] p1b
|-activate|p1a: Farigiraf|move: Protect
|-supereffective|p1b: Garchomp|1
|-damage|p1b: Garchomp|0 fnt
|faint|p1b: Garchomp
|-damage|p2b: Hatterene|80/100|[from] item: Life Orb
|
|-weather|SunnyDay|[upkeep]
|upkeep
|
|t:|1782461441
|switch|p1b: Mawile|Mawile, L50, M|100/100
|-ability|p1b: Mawile|Intimidate|boost
|-unboost|p2a: Scrafty|atk|1
|-unboost|p2b: Hatterene|atk|1
|turn|4
|inactive|gluttorn has 30 seconds left.
|
|t:|1782461468
|switch|p2a: Vileplume|Vileplume, L50, M|100/100
|detailschange|p1b: Mawile|Mawile-Mega, L50, M
|-mega|p1b: Mawile|Mawile|Mawilite
|move|p1a: Farigiraf|Helping Hand|p1b: Mawile
|-singleturn|p1b: Mawile|Helping Hand|[of] p1a: Farigiraf
|move|p2b: Hatterene|Dazzling Gleam|p1b: Mawile|[spread] p1a,p1b
|-crit|p1a: Farigiraf
|-resisted|p1b: Mawile|1
|-damage|p1a: Farigiraf|0 fnt
|-damage|p1b: Mawile|71/100
|faint|p1a: Farigiraf
|-damage|p2b: Hatterene|70/100|[from] item: Life Orb
|move|p1b: Mawile|Play Rough|p2a: Vileplume
|-resisted|p2a: Vileplume|1
|-damage|p2a: Vileplume|9/100
|
|-weather|SunnyDay|[upkeep]
|upkeep
|turn|5
|
|t:|1782461487
|move|p2b: Hatterene|Protect|p2b: Hatterene
|-singleturn|p2b: Hatterene|Protect
|move|p2a: Vileplume|Protect|p2a: Vileplume
|-singleturn|p2a: Vileplume|Protect
|move|p1b: Mawile|Sucker Punch||[still]
|-fail|p1b: Mawile
|
|-weather|none
|-fieldend|move: Trick Room
|upkeep
|turn|6
|
|t:|1782461501
|switch|p2a: Scrafty|Scrafty, L50, M|100/100
|-ability|p2a: Scrafty|Intimidate|boost
|-unboost|p1b: Mawile|atk|1
|switch|p2b: Torkoal|Torkoal, L50, M|100/100
|-weather|SunnyDay|[from] ability: Drought|[of] p2b: Torkoal
|move|p1b: Mawile|Play Rough|p2b: Torkoal
|-resisted|p2b: Torkoal|1
|-damage|p2b: Torkoal|77/100
|
|-weather|SunnyDay|[upkeep]
|upkeep
|turn|7
|
|t:|1782461518
|detailschange|p2a: Scrafty|Scrafty-Mega, L50, M
|-mega|p2a: Scrafty|Scrafty|Scraftinite
|-ability|p2a: Scrafty|Intimidate|boost
|-unboost|p1b: Mawile|atk|1
|move|p2a: Scrafty|Fake Out|p1b: Mawile
|-resisted|p1b: Mawile|1
|-damage|p1b: Mawile|64/100
|cant|p1b: Mawile|flinch
|move|p2b: Torkoal|Eruption|p1b: Mawile
|-supereffective|p1b: Mawile|1
|-damage|p1b: Mawile|0 fnt
|faint|p1b: Mawile
|
|win|gluttorn
|raw|moreduck's rating: 1000 → 1000(+0 for losing)
|raw|gluttorn's rating: 1077 → 1099(+22 for winning)
|l|☆moreduck
|player|p1|
