|j|☆monkeychese
|j|☆tmmc01
|html|monkeychesetmmc01    
|uhtml|bestof|Game 2 of a best-of-3
|t:|1782692267
|gametype|doubles
|player|p1|monkeychese|lucas|1103
|player|p2|tmmc01|artist|1244
|gen|9
|tier|[Gen 9 Champions] VGC 2026 Reg M-B (Bo3)
|rated|
|rule|Species Clause: Limit one of each Pokémon
|rule|Item Clause: Limit 1 of each item
|clearpoke
|poke|p1|Mawile, L50, M|
|poke|p1|Farigiraf, L50, F|
|poke|p1|Incineroar, L50, F|
|poke|p1|Pelipper, L50, F|
|poke|p1|Hydreigon, L50, M|
|poke|p1|Basculegion, L50, M|
|poke|p2|Farigiraf, L50, M|
|poke|p2|Charizard, L50, F, shiny|
|poke|p2|Sylveon, L50, M|
|poke|p2|Garchomp, L50, F|
|poke|p2|Kingambit, L50, M|
|poke|p2|Aerodactyl, L50, M|
|teampreview|4
|showteam|p1|Mawile||Mawilite|Intimidate|PlayRough,IronHead,SuckerPunch,Protect|Adamant||M|||50|]Farigiraf||ColburBerry|ArmorTail|Psychic,HelpingHand,TrickRoom,Protect|Quiet||F|||50|]Incineroar||PasshoBerry|Intimidate|DarkestLariat,WillOWisp,PartingShot,FakeOut|Relaxed||F|||50|]Pelipper||SitrusBerry|Drizzle|WeatherBall,Hurricane,Tailwind,WideGuard|Bold||F|||50|]Hydreigon||ChoiceScarf|Levitate|DracoMeteor,DarkPulse,Snarl,EarthPower|Modest||M|||50|]Basculegion||LifeOrb|SwiftSwim|WaveCrash,LastRespects,AquaJet,Protect|Adamant||M|||50|
|showteam|p2|Farigiraf||SitrusBerry|ArmorTail|TrickRoom,Roar,GrassKnot,TwinBeam|Bold||M|||50|]Charizard||CharizarditeY|Blaze|Protect,HeatWave,SolarBeam,WeatherBall|Modest||F|||50|]Sylveon||FairyFeather|Pixilate|HyperVoice,Detect,QuickAttack,HyperBeam|Modest||M|||50|]Garchomp||LifeOrb|RoughSkin|Protect,Earthquake,StompingTantrum,DragonClaw|Jolly||F|||50|]Kingambit||FocusSash|Defiant|KowtowCleave,IronHead,SuckerPunch,LowKick|Adamant||M|||50|]Aerodactyl||Aerodactylite|RockHead|Tailwind,SunnyDay,DualWingbeat,RockSlide|Jolly||M|||50|
|
|t:|1782692283
|teamsize|p1|4
|teamsize|p2|4
|start
|switch|p1a: headbending|Hydreigon, L50, M|100/100
|switch|p1b: Basculegion|Basculegion, L50, M|100/100
|switch|p2a: Farigiraf|Farigiraf, L50, M|100/100
|switch|p2b: Kingambit|Kingambit, L50, M|100/100
|turn|1
|
|t:|1782692299
|switch|p1b: Pelipper|Pelipper, L50, F|100/100
|-weather|RainDance|[from] ability: Drizzle|[of] p1b: Pelipper
|switch|p2a: Sylveon|Sylveon, L50, M|100/100
|move|p1a: headbending|Earth Power|p2b: Kingambit
|-supereffective|p2b: Kingambit|1
|-damage|p2b: Kingambit|26/100
|move|p2b: Kingambit|Kowtow Cleave|p1b: Pelipper
|-damage|p1b: Pelipper|52/100
|
|-weather|RainDance|[upkeep]
|upkeep
|turn|2
|
|t:|1782692315
|move|p2b: Kingambit|Sucker Punch|p1a: headbending
|-resisted|p1a: headbending|1
|-damage|p1a: headbending|77/100
|move|p2a: Sylveon|Quick Attack|p1a: headbending
|-supereffective|p1a: headbending|2
|-damage|p1a: headbending|15/100
|move|p1a: headbending|Earth Power|p2b: Kingambit
|-supereffective|p2b: Kingambit|1
|-damage|p2b: Kingambit|0 fnt
|faint|p2b: Kingambit
|move|p1b: Pelipper|Tailwind|p1b: Pelipper
|-sidestart|p1: monkeychese|move: Tailwind
|
|-weather|RainDance|[upkeep]
|upkeep
|
|t:|1782692322
|switch|p2b: Farigiraf|Farigiraf, L50, M|100/100
|turn|3
|
|t:|1782692338
|move|p2a: Sylveon|Quick Attack|p1a: headbending
|-supereffective|p1a: headbending|2
|-damage|p1a: headbending|0 fnt
|faint|p1a: headbending
|move|p1b: Pelipper|Hurricane|p2b: Farigiraf
|-damage|p2b: Farigiraf|64/100
|move|p2b: Farigiraf|Trick Room|p2b: Farigiraf
|-fieldstart|move: Trick Room|[of] p2b: Farigiraf
|
|-weather|RainDance|[upkeep]
|upkeep
|
|t:|1782692341
|switch|p1a: Mawile|Mawile, L50, M|100/100
|-ability|p1a: Mawile|Intimidate|boost
|-unboost|p2a: Sylveon|atk|1
|-unboost|p2b: Farigiraf|atk|1
|turn|4
|
|t:|1782692364
|switch|p2a: Charizard|Charizard, L50, F, shiny|100/100
|detailschange|p1a: Mawile|Mawile-Mega, L50, M
|-mega|p1a: Mawile|Mawile|Mawilite
|move|p2b: Farigiraf|Twin Beam|p1b: Pelipper
|-damage|p1b: Pelipper|33/100
|-enditem|p1b: Pelipper|Sitrus Berry|[eat]
|-heal|p1b: Pelipper|58/100|[from] item: Sitrus Berry
|-damage|p1b: Pelipper|40/100
|-hitcount|p1b: Pelipper|2
|move|p1b: Pelipper|Weather Ball|p2a: Charizard
|-supereffective|p2a: Charizard|1
|-damage|p2a: Charizard|0 fnt
|faint|p2a: Charizard
|move|p1a: Mawile|Play Rough|p2b: Farigiraf
|-damage|p2b: Farigiraf|2/100
|-enditem|p2b: Farigiraf|Sitrus Berry|[eat]
|-heal|p2b: Farigiraf|27/100|[from] item: Sitrus Berry
|
|-weather|RainDance|[upkeep]
|upkeep
|
|t:|1782692401
|switch|p2a: Sylveon|Sylveon, L50, M|100/100
|turn|5
|
|t:|1782692409
|switch|p1b: Basculegion|Basculegion, L50, M|100/100
|move|p2a: Sylveon|Detect|p2a: Sylveon
|-singleturn|p2a: Sylveon|Protect
|move|p1a: Mawile|Protect|p1a: Mawile
|-singleturn|p1a: Mawile|Protect
|move|p2b: Farigiraf|Roar|p1a: Mawile
|drag|p1a: Pelipper|Pelipper, L50, F|40/100
|
|-weather|none
|-sideend|p1: monkeychese|move: Tailwind
|upkeep
|turn|6
|j| quazavgc
|
|t:|1782692466
|move|p1a: Pelipper|Wide Guard|p1a: Pelipper
|-singleturn|p1a: Pelipper|Wide Guard
|move|p2b: Farigiraf|Twin Beam|p1a: Pelipper
|-damage|p1a: Pelipper|23/100
|-damage|p1a: Pelipper|7/100
|-hitcount|p1a: Pelipper|2
|move|p2a: Sylveon|Hyper Voice|p1b: Basculegion|[spread] 
|-activate|p1a: Pelipper|move: Wide Guard
|-activate|p1b: Basculegion|move: Wide Guard
|move|p1b: Basculegion|Wave Crash|p2b: Farigiraf
|-damage|p2b: Farigiraf|0 fnt
|faint|p2b: Farigiraf
|-damage|p1b: Basculegion|89/100|[from] Recoil
|-damage|p1b: Basculegion|80/100|[from] item: Life Orb
|
|upkeep
|turn|7
|-message|tmmc01 forfeited.
|
|win|monkeychese
|raw|monkeychese's rating: 1103 → 1138(+35 for winning)
|raw|tmmc01's rating: 1244 → 1209(-35 for losing)
|l|☆tmmc01
|player|p2|
|l|☆monkeychese
|player|p1|
|l| quazavgc
|j|☆monkeychese
|player|p1|monkeychese|lucas|
|j|☆tmmc01
|player|p2|tmmc01|artist|
|l|☆monkeychese
|player|p1|
|l|☆tmmc01
|player|p2|
|j|☆tmmc01
|player|p2|tmmc01|artist|
