|j|☆purrplecolored
|j|☆faz0l
|html|purrplecoloredfaz0l    
|uhtml|bestof|Game 1 of a best-of-3
|t:|1757119162
|gametype|doubles
|player|p1|purrplecolored|rika|1036
|player|p2|faz0l|petrel|1097
|gen|9
|tier|[Gen 9] VGC 2025 Reg H (Bo3)
|rated|
|rule|Species Clause: Limit one of each Pokémon
|rule|Item Clause: Limit 1 of each item
|clearpoke
|poke|p1|Gholdengo, L50|
|poke|p1|Rillaboom, L50, M|
|poke|p1|Sneasler, L50, F|
|poke|p1|Maushold, L50|
|poke|p1|Dragonite, L50, F|
|poke|p1|Arcanine-Hisui, L50, F|
|poke|p2|Weezing, L50, F|
|poke|p2|Tatsugiri, L50, M|
|poke|p2|Dondozo, L50, M|
|poke|p2|Rillaboom, L50, F|
|poke|p2|Gholdengo, L50|
|poke|p2|Incineroar, L50, F|
|teampreview|4
|showteam|p1|Gholdengo||GrassySeed|GoodasGold|MakeItRain,ShadowBall,NastyPlot,Protect||||||50|,,,,,Water]Rillaboom||AssaultVest|GrassySurge|FakeOut,WoodHammer,HighHorsepower,GrassyGlide|||M|||50|,,,,,Fire]Sneasler||WhiteHerb|Unburden|FakeOut,CloseCombat,DireClaw,Protect|||F|||50|,,,,,Ghost]Maushold||SafetyGoggles|FriendGuard|FollowMe,SuperFang,Taunt,Protect||||||50|,,,,,Ghost]Dragonite||LoadedDice|Multiscale|ScaleShot,Haze,Tailwind,Protect|||F|||50|,,,,,Steel]Arcanine-Hisui||SitrusBerry|Intimidate|FlareBlitz,RockSlide,WillOWisp,Protect|||F|||50|,,,,,Water
|showteam|p2|Weezing||CovertCloak|NeutralizingGas|ToxicSpikes,PoisonGas,Venoshock,Protect|||F|||50|,,,,,Bug]Tatsugiri||ChoiceScarf|Commander|DragonPulse,IcyWind,MuddyWater,Taunt|||M|||50|,,,,,Stellar]Dondozo||SafetyGoggles|Unaware|Fissure,OrderUp,WaveCrash,Protect|||M|||50|,,,,,Dragon]Rillaboom||AssaultVest|GrassySurge|DrumBeating,GrassyGlide,FakeOut,Uturn|||F|||50|,,,,,Fire]Gholdengo||LifeOrb|GoodasGold|NastyPlot,MakeItRain,Hex,Protect||||||50|,,,,,Water]Incineroar||AbilityShield|Intimidate|FakeOut,FlareBlitz,PartingShot,KnockOff|||F|||50|,,,,,Grass
|inactive|Battle timer is ON: inactive players will automatically lose when time's up. (requested by faz0l)
|inactive|purrplecolored has 60 seconds left.
|
|t:|1757119216
|teamsize|p1|4
|teamsize|p2|4
|start
|switch|p1a: THE GOAT|Maushold, L50|100/100
|switch|p1b: Rillaboom|Rillaboom, L50, M|100/100
|switch|p2a: Weezing|Weezing, L50, F|100/100
|switch|p2b: Incineroar|Incineroar, L50, F|100/100
|-ability|p2a: Weezing|Neutralizing Gas
|-block|p2b: Incineroar|item: Ability Shield
|-ability|p2b: Incineroar|Intimidate|boost
|-unboost|p1a: THE GOAT|atk|1
|-unboost|p1b: Rillaboom|atk|1
|turn|1
|inactive|faz0l has 30 seconds left.
|inactive|purrplecolored has 30 seconds left.
|inactive|faz0l has 20 seconds left.
|inactive|faz0l has 15 seconds left.
|inactive|faz0l has 10 seconds left.
|
|t:|1757119264
|-terastallize|p2a: Weezing|Bug
|move|p1b: Rillaboom|Fake Out|p2b: Incineroar
|-damage|p2b: Incineroar|92/100
|cant|p2b: Incineroar|flinch
|move|p1a: THE GOAT|Taunt|p2a: Weezing
|-start|p2a: Weezing|move: Taunt
|cant|p2a: Weezing|move: Taunt|Poison Gas
|
|upkeep
|turn|2
|inactive|purrplecolored has 30 seconds left.
|
|t:|1757119298
|switch|p1b: Dragonite|Dragonite, L50, F|100/100
|move|p1a: THE GOAT|Taunt|p2b: Incineroar
|-start|p2b: Incineroar|move: Taunt
|move|p2b: Incineroar|Knock Off|p1a: THE GOAT
|-damage|p1a: THE GOAT|44/100
|-enditem|p1a: THE GOAT|Safety Goggles|[from] move: Knock Off|[of] p2b: Incineroar
|move|p2a: Weezing|Venoshock|p1a: THE GOAT
|-damage|p1a: THE GOAT|13/100
|
|upkeep
|turn|3
|inactive|purrplecolored has 30 seconds left.
|inactive|faz0l has 30 seconds left.
|inactive|purrplecolored has 20 seconds left.
|
|t:|1757119335
|switch|p2b: Tatsugiri|Tatsugiri, L50, M|100/100
|move|p1a: THE GOAT|Super Fang|p2a: Weezing
|-damage|p2a: Weezing|51/100
|move|p1b: Dragonite|Scale Shot|p2a: Weezing
|-damage|p2a: Weezing|36/100
|-damage|p2a: Weezing|23/100
|-damage|p2a: Weezing|10/100
|-damage|p2a: Weezing|0 fnt
|faint|p2a: Weezing
|-end|p2a: Weezing|ability: Neutralizing Gas
|-hitcount|p2: Weezing|4
|-unboost|p1b: Dragonite|def|1
|-boost|p1b: Dragonite|spe|1
|
|upkeep
|
|t:|1757119346
|switch|p2a: Incineroar|Incineroar, L50, F|92/100
|-ability|p2a: Incineroar|Intimidate|boost
|-unboost|p1a: THE GOAT|atk|1
|-unboost|p1b: Dragonite|atk|1
|turn|4
|
|t:|1757119365
|switch|p1b: Rillaboom|Rillaboom, L50, M|100/100
|-fieldstart|move: Grassy Terrain|[from] ability: Grassy Surge|[of] p1b: Rillaboom
|move|p2a: Incineroar|Fake Out|p1b: Rillaboom
|-damage|p1b: Rillaboom|91/100
|move|p2b: Tatsugiri|Icy Wind|p1b: Rillaboom|[spread] p1a,p1b
|-supereffective|p1b: Rillaboom
|-damage|p1a: THE GOAT|0 fnt
|-damage|p1b: Rillaboom|77/100
|-unboost|p1b: Rillaboom|spe|1
|faint|p1a: THE GOAT
|
|-heal|p2a: Incineroar|98/100|[from] Grassy Terrain
|-heal|p1b: Rillaboom|83/100|[from] Grassy Terrain
|upkeep
|
|t:|1757119379
|switch|p1a: SilverLining|Gholdengo, L50, shiny|100/100
|-enditem|p1a: SilverLining|Grassy Seed
|-boost|p1a: SilverLining|def|1|[from] item: Grassy Seed
|turn|5
|inactive|purrplecolored has 30 seconds left.
|
|t:|1757119405
|-terastallize|p1a: SilverLining|Water
|move|p1b: Rillaboom|Fake Out|p2a: Incineroar
|-damage|p2a: Incineroar|84/100
|move|p2b: Tatsugiri|Icy Wind|p1b: Rillaboom|[spread] p1a,p1b
|-resisted|p1a: SilverLining
|-supereffective|p1b: Rillaboom
|-damage|p1a: SilverLining|93/100
|-damage|p1b: Rillaboom|64/100
|-unboost|p1a: SilverLining|spe|1
|-unboost|p1b: Rillaboom|spe|1
|move|p1a: SilverLining|Nasty Plot|p1a: SilverLining
|-boost|p1a: SilverLining|spa|2
|cant|p2a: Incineroar|flinch
|
|-heal|p1a: SilverLining|99/100|[from] Grassy Terrain
|-heal|p2a: Incineroar|90/100|[from] Grassy Terrain
|-heal|p1b: Rillaboom|70/100|[from] Grassy Terrain
|upkeep
|turn|6
|inactive|faz0l has 30 seconds left.
|inactive|purrplecolored has 30 seconds left.
|
|t:|1757119445
|switch|p2a: Dondozo|Dondozo, L50, M|100/100
|-activate|p2b: Tatsugiri|ability: Commander|[of] p2a: Dondozo
|-boost|p2a: Dondozo|atk|2
|-boost|p2a: Dondozo|spa|2
|-boost|p2a: Dondozo|spe|2
|-boost|p2a: Dondozo|def|2
|-boost|p2a: Dondozo|spd|2
|move|p1a: SilverLining|Nasty Plot|p1a: SilverLining
|-boost|p1a: SilverLining|spa|2
|move|p1b: Rillaboom|High Horsepower|p2a: Dondozo
|-damage|p2a: Dondozo|90/100
|
|-heal|p2a: Dondozo|96/100|[from] Grassy Terrain
|-heal|p1a: SilverLining|100/100|[from] Grassy Terrain
|-heal|p1b: Rillaboom|76/100|[from] Grassy Terrain
|upkeep
|turn|7
|inactive|purrplecolored has 30 seconds left.
|inactive|purrplecolored has 20 seconds left.
|inactive|purrplecolored has 15 seconds left.
|inactive|purrplecolored has 10 seconds left.
|
|t:|1757119492
|move|p2a: Dondozo|Order Up|p1b: Rillaboom
|-damage|p1b: Rillaboom|34/100
|-boost|p2a: Dondozo|atk|1
|move|p1a: SilverLining|Make It Rain|p2a: Dondozo|[spread] p2a
|-miss|p1a: SilverLining|p2b: Tatsugiri
|-resisted|p2a: Dondozo
|-crit|p2a: Dondozo
|-damage|p2a: Dondozo|69/100
|-unboost|p1a: SilverLining|spa|1
|move|p1b: Rillaboom|Wood Hammer|p2a: Dondozo
|-supereffective|p2a: Dondozo
|-damage|p2a: Dondozo|18/100
|-damage|p1b: Rillaboom|11/100|[from] Recoil
|
|-heal|p2a: Dondozo|24/100|[from] Grassy Terrain
|-heal|p1b: Rillaboom|17/100|[from] Grassy Terrain
|upkeep
|turn|8
|
|t:|1757119514
|move|p1b: Rillaboom|Grassy Glide|p2a: Dondozo
|-supereffective|p2a: Dondozo
|-damage|p2a: Dondozo|0 fnt
|faint|p2a: Dondozo
|move|p1a: SilverLining|Nasty Plot|p1a: SilverLining
|-boost|p1a: SilverLining|spa|2
|
|-heal|p1b: Rillaboom|23/100|[from] Grassy Terrain
|-fieldend|move: Grassy Terrain
|upkeep
|-message|faz0l forfeited.
|
|win|purrplecolored
|l|☆faz0l
|player|p2|
|raw|purrplecolored's rating: 1036 → 1077(+41 for winning)
|raw|faz0l's rating: 1097 → 1068(-29 for losing)
