|j|☆aguakatekun
|j|☆d1mo22
|html|aguakatekund1mo22    
|uhtml|bestof|Game 1 of a best-of-3
|t:|1784143517
|gametype|doubles
|player|p1|aguakatekun|li|1149
|player|p2|d1mo22|skier|1163
|gen|9
|tier|[Gen 9 Champions] VGC 2026 Reg M-B (Bo3)
|rated|
|rule|Species Clause: Limit one of each Pokémon
|rule|Item Clause: Limit 1 of each item
|clearpoke
|poke|p1|Samurott-Hisui, L50, F, shiny|
|poke|p1|Aerodactyl, L50, F|
|poke|p1|Incineroar, L50, M, shiny|
|poke|p1|Garchomp, L50, M|
|poke|p1|Gholdengo, L50|
|poke|p1|Mimikyu, L50, M, shiny|
|poke|p2|Raichu, L50, M|
|poke|p2|Gyarados, L50, F, shiny|
|poke|p2|Mamoswine, L50, F|
|poke|p2|Ceruledge, L50, M|
|poke|p2|Sinistcha, L50|
|poke|p2|Kingambit, L50, F, shiny|
|teampreview|4
|showteam|p1|Samurott-Hisui||FocusSash|Sharpness|AquaCutter,CeaselessEdge,SacredSword,SuckerPunch|Adamant||F|||50|]Aerodactyl||Aerodactylite|RockHead|DualWingbeat,IceFang,RockSlide,Tailwind|Jolly||F|||50|]Incineroar||ChopleBerry|Intimidate|FakeOut,FlareBlitz,PartingShot,Assurance|Impish||M|||50|]Garchomp||LifeOrb|RoughSkin|Protect,DragonClaw,StompingTantrum,RockSlide|Jolly||M|||50|]Gholdengo||SitrusBerry|GoodasGold|NastyPlot,MakeItRain,ShadowBall,Protect|Modest|||||50|]Mimikyu||WhiteHerb|Disguise|SwordsDance,TrickRoom,ShadowSneak,PlayRough|Brave||M|||50|
|showteam|p2|Raichu||RaichuniteY|LightningRod|FakeOut,Encore,ZapCannon,FocusBlast|Timid||M|||50|]Gyarados||Gyaradosite|Intimidate|LashOut,Waterfall,DragonDance,Protect|Adamant||F|||50|]Mamoswine||LifeOrb|Oblivious|Protect,IcicleCrash,IceShard,HighHorsepower|Jolly||F|||50|]Ceruledge||ColburBerry|FlashFire|BitterBlade,ShadowSneak,BulkUp,Protect|Adamant||M|||50|]Sinistcha||SitrusBerry|Hospitality|Protect,RagePowder,MatchaGotcha,LifeDew|Bold|||||50|]Kingambit||FocusSash|Defiant|Protect,SuckerPunch,KowtowCleave,IronHead|Adamant||F|||50|
|inactive|Battle timer is ON: inactive players will automatically lose when time's up. (requested by aguakatekun)
|inactive|d1mo22 has 60 seconds left.
|
|t:|1784143585
|teamsize|p1|4
|teamsize|p2|4
|start
|switch|p1a: Gholdengo|Gholdengo, L50|100/100
|switch|p1b: Samurott|Samurott-Hisui, L50, F, shiny|100/100
|switch|p2a: Raichu|Raichu, L50, M|100/100
|switch|p2b: Mamoswine|Mamoswine, L50, F|100/100
|turn|1
|
|t:|1784143603
|switch|p1b: Garchomp|Garchomp, L50, M|100/100
|move|p1a: Gholdengo|Protect|p1a: Gholdengo
|-singleturn|p1a: Gholdengo|Protect
|move|p2a: Raichu|Fake Out|p1b: Garchomp
|-damage|p1b: Garchomp|91/100
|-damage|p2a: Raichu|88/100|[from] ability: Rough Skin|[of] p1b: Garchomp
|move|p2b: Mamoswine|High Horsepower|p1a: Gholdengo
|-activate|p1a: Gholdengo|move: Protect
|
|upkeep
|turn|2
|inactive|d1mo22 has 30 seconds left.
|inactive|aguakatekun has 30 seconds left.
|inactive|aguakatekun has 20 seconds left.
|
|t:|1784143650
|switch|p2a: Gyarados|Gyarados, L50, F, shiny|100/100
|-ability|p2a: Gyarados|Intimidate|boost
|-unboost|p1a: Gholdengo|atk|1
|-unboost|p1b: Garchomp|atk|1
|switch|p1a: Aerodactyl|Aerodactyl, L50, F|100/100
|move|p1b: Garchomp|Protect|p1b: Garchomp
|-singleturn|p1b: Garchomp|Protect
|move|p2b: Mamoswine|Protect||[still]
|-fail|p2b: Mamoswine
|
|upkeep
|turn|3
|inactive|aguakatekun has 30 seconds left.
|inactive|d1mo22 has 30 seconds left.
|
|t:|1784143682
|switch|p1b: Gholdengo|Gholdengo, L50|100/100
|detailschange|p1a: Aerodactyl|Aerodactyl-Mega, L50, F
|-mega|p1a: Aerodactyl|Aerodactyl|Aerodactylite
|detailschange|p2a: Gyarados|Gyarados-Mega, L50, F, shiny
|-mega|p2a: Gyarados|Gyarados|Gyaradosite
|-ability|p2a: Gyarados|Mold Breaker
|move|p2b: Mamoswine|Ice Shard|p1b: Gholdengo
|-resisted|p1b: Gholdengo|1
|-damage|p1b: Gholdengo|86/100
|-damage|p2b: Mamoswine|90/100|[from] item: Life Orb
|move|p1a: Aerodactyl|Tailwind|p1a: Aerodactyl
|-sidestart|p1: aguakatekun|move: Tailwind
|move|p2a: Gyarados|Dragon Dance|p2a: Gyarados
|-boost|p2a: Gyarados|atk|1
|-boost|p2a: Gyarados|spe|1
|
|upkeep
|turn|4
|inactive|aguakatekun has 30 seconds left.
|
|t:|1784143707
|move|p2b: Mamoswine|Protect|p2b: Mamoswine
|-singleturn|p2b: Mamoswine|Protect
|move|p1a: Aerodactyl|Rock Slide|p2a: Gyarados|[spread] p2a
|-activate|p2b: Mamoswine|move: Protect
|-damage|p2a: Gyarados|75/100
|move|p1b: Gholdengo|Make It Rain|p2a: Gyarados|[spread] p2a
|-activate|p2b: Mamoswine|move: Protect
|-resisted|p2a: Gyarados|1
|-damage|p2a: Gyarados|59/100
|-unboost|p1b: Gholdengo|spa|2
|move|p2a: Gyarados|Waterfall|p1a: Aerodactyl
|-supereffective|p1a: Aerodactyl|1
|-damage|p1a: Aerodactyl|0 fnt
|faint|p1a: Aerodactyl
|
|upkeep
|
|t:|1784143723
|switch|p1a: Samurott|Samurott-Hisui, L50, F, shiny|100/100
|turn|5
|
|t:|1784143736
|move|p1b: Gholdengo|Protect|p1b: Gholdengo
|-singleturn|p1b: Gholdengo|Protect
|move|p2a: Gyarados|Protect|p2a: Gyarados
|-singleturn|p2a: Gyarados|Protect
|move|p1a: Samurott|Aqua Cutter|p2b: Mamoswine
|-supereffective|p2b: Mamoswine|1
|-damage|p2b: Mamoswine|0 fnt
|faint|p2b: Mamoswine
|
|upkeep
|
|t:|1784143745
|switch|p2b: Raichu|Raichu, L50, M|88/100
|turn|6
|
|t:|1784143759
|switch|p1a: Garchomp|Garchomp, L50, M|91/100
|move|p2b: Raichu|Fake Out|p1a: Garchomp
|-damage|p1a: Garchomp|82/100
|-damage|p2b: Raichu|76/100|[from] ability: Rough Skin|[of] p1a: Garchomp
|move|p1b: Gholdengo|Shadow Ball|p2b: Raichu
|-damage|p2b: Raichu|50/100g
|-unboost|p2b: Raichu|spd|1
|move|p2a: Gyarados|Waterfall|p1b: Gholdengo
|-damage|p1b: Gholdengo|21/100
|-enditem|p1b: Gholdengo|Sitrus Berry|[eat]
|-heal|p1b: Gholdengo|46/100|[from] item: Sitrus Berry
|
|-sideend|p1: aguakatekun|move: Tailwind
|upkeep
|turn|7
|inactive|aguakatekun has 30 seconds left.
|inactive|d1mo22 has 30 seconds left.
|inactive|d1mo22 has 20 seconds left.
|
|t:|1784143796
|move|p2a: Gyarados|Waterfall|p1a: Garchomp
|-damage|p1a: Garchomp|16/100
|-damage|p2a: Gyarados|47/100|[from] ability: Rough Skin|[of] p1a: Garchomp
|move|p1a: Garchomp|Stomping Tantrum|p2b: Raichu
|-supereffective|p2b: Raichu|1
|-damage|p2b: Raichu|0 fnt
|faint|p2b: Raichu
|-damage|p1a: Garchomp|6/100|[from] item: Life Orb
|move|p1b: Gholdengo|Nasty Plot|p1b: Gholdengo
|-boost|p1b: Gholdengo|spa|2
|
|upkeep
|
|t:|1784143807
|switch|p2b: Kingambit|Kingambit, L50, F, shiny|100/100
|turn|8
|
|t:|1784143822
|move|p1b: Gholdengo|Protect|p1b: Gholdengo
|-singleturn|p1b: Gholdengo|Protect
|move|p2b: Kingambit|Sucker Punch||[still]
|-fail|p2b: Kingambit
|move|p2a: Gyarados|Waterfall|p1a: Garchomp
|-damage|p1a: Garchomp|0 fnt
|-damage|p2a: Gyarados|35/100|[from] ability: Rough Skin|[of] p1a: Garchomp
|faint|p1a: Garchomp
|
|upkeep
|
|t:|1784143828
|switch|p1a: Samurott|Samurott-Hisui, L50, F, shiny|100/100
|turn|9
|
|t:|1784143842
|move|p2a: Gyarados|Waterfall|p1a: Samurott
|-resisted|p1a: Samurott|1
|-damage|p1a: Samurott|49/100
|move|p1a: Samurott|Sacred Sword|p2b: Kingambit
|-supereffective|p2b: Kingambit|2
|-enditem|p2b: Kingambit|Focus Sash
|-damage|p2b: Kingambit|1/100
|move|p1b: Gholdengo|Nasty Plot|p1b: Gholdengo
|-boost|p1b: Gholdengo|spa|2
|move|p2b: Kingambit|Kowtow Cleave|p1b: Gholdengo
|-supereffective|p1b: Gholdengo|1
|-damage|p1b: Gholdengo|0 fnt
|faint|p1b: Gholdengo
|
|upkeep
|turn|10
|
|t:|1784143858
|move|p1a: Samurott|Sucker Punch|p2b: Kingambit
|-resisted|p2b: Kingambit|1
|-damage|p2b: Kingambit|0 fnt
|faint|p2b: Kingambit
|move|p2a: Gyarados|Waterfall|p1a: Samurott
|-resisted|p1a: Samurott|1
|-damage|p1a: Samurott|1/100
|
|upkeep
|turn|11
|
|t:|1784143874
|move|p1a: Samurott|Sucker Punch|p2a: Gyarados
|-resisted|p2a: Gyarados|1
|-damage|p2a: Gyarados|20/100y
|move|p2a: Gyarados|Waterfall|p1a: Samurott
|-resisted|p1a: Samurott|1
|-damage|p1a: Samurott|0 fnt
|faint|p1a: Samurott
|
|win|d1mo22
||aguakatekun is ready for game 2.
