|j|☆ApolloLou
|j|☆Sub Force
|html|ApolloLouSub Force    
|uhtml|bestof|Game 3 of a best-of-3
|t:|1784243203
|gametype|doubles
|player|p1|ApolloLou|petrel|
|player|p2|Sub Force|byron|
|gen|9
|tier|[Gen 9 Champions] VGC 2026 Reg M-B (Bo3)
|rule|Species Clause: Limit one of each Pokémon
|rule|Item Clause: Limit 1 of each item
|clearpoke
|poke|p1|Blastoise, L50, M|
|poke|p1|Sableye, L50, M|
|poke|p1|Talonflame, L50, M|
|poke|p1|Raichu, L50, F|
|poke|p1|Gengar, L50, F|
|poke|p1|Tauros, L50, M|
|poke|p2|Flapple, L50, F|
|poke|p2|Hydreigon, L50, M|
|poke|p2|Hatterene, L50, F|
|poke|p2|Hawlucha, L50, M|
|poke|p2|Garganacl, L50, M|
|poke|p2|Ariados, L50, M|
|teampreview|4
|showteam|p1|Blastoise||Blastoisinite|Torrent|WaterSpout,WaterPulse,AuraSphere,Protect|Modest||M|||50|]Sableye||Sablenite|Prankster|RainDance,FoulPlay,WillOWisp,Disable|Bold||M|||50|]Talonflame||SharpBeak|GaleWings|Tailwind,Protect,WillOWisp,BraveBird|Adamant||M|||50|]Raichu||Magnet|Static|FakeOut,Encore,VoltSwitch,AlluringVoice|Timid||F|||50|]Gengar||FocusSash|CursedBody|Protect,TrickRoom,Imprison,ShadowBall|Modest||F|||50|]Tauros||ChoiceScarf|Intimidate|WildCharge,HighHorsepower,DoubleEdge,IcyWind|Adamant||M|||50|
|showteam|p2|Flapple||ChoiceScarf|Hustle|GravApple,Outrage,Uturn,SuckerPunch|Jolly||F|||50|]Hydreigon||ChopleBerry|Levitate|Snarl,DracoMeteor,Tailwind,Protect|Timid||M|||50|]Hatterene||KasibBerry|MagicBounce|DazzlingGleam,TrickRoom,Psychic,Gravity|Modest||F|||50|]Hawlucha||Hawluchanite|Limber|BraveBird,QuickGuard,CloseCombat,Detect|Jolly||M|||50|]Garganacl||Leftovers|PurifyingSalt|WideGuard,SaltCure,Recover,RockSlide|Careful||M|||50|]Ariados||ScopeLens|Sniper|CrossPoison,NightSlash,RagePowder,Protect|Adamant||M|||50|
|j| ndjobus
|
|t:|1784243320
|teamsize|p1|4
|teamsize|p2|4
|start
|switch|p1a: Tauros|Tauros, L50, M|100/100
|switch|p1b: Raichu|Raichu, L50, F|100/100
|switch|p2a: Hatterene|Hatterene, L50, F|100/100
|switch|p2b: Garganacl|Garganacl, L50, M|100/100
|-ability|p1a: Tauros|Intimidate|boost
|-unboost|p2a: Hatterene|atk|1
|-unboost|p2b: Garganacl|atk|1
|turn|1
|
|t:|1784243364
|switch|p2a: Flapple|Flapple, L50, F|100/100
|move|p1b: Raichu|Fake Out|p2a: Flapple
|-damage|p2a: Flapple|88/100
|move|p1a: Tauros|High Horsepower|p2b: Garganacl
|-supereffective|p2b: Garganacl|1
|-damage|p2b: Garganacl|57/100
|move|p2b: Garganacl|Rock Slide|p1b: Raichu|[spread] p1a,p1b
|-damage|p1a: Tauros|85/100
|-damage|p1b: Raichu|77/100
|
|-heal|p2b: Garganacl|63/100|[from] item: Leftovers
|upkeep
|turn|2
|
|t:|1784243385
|switch|p1a: Talonflame|Talonflame, L50, M|100/100
|move|p2a: Flapple|Outrage|p1a: Talonflame
|-damage|p1a: Talonflame|1/100
|move|p1b: Raichu|Volt Switch|p2b: Garganacl
|-damage|p2b: Garganacl|41/100
|
|t:|1784243393
|switch|p1b: Tauros|Tauros, L50, M|85/100|[from] Volt Switch
|-ability|p1b: Tauros|Intimidate|boost
|-unboost|p2a: Flapple|atk|1
|-unboost|p2b: Garganacl|atk|1
|move|p2b: Garganacl|Rock Slide|p1a: Talonflame|[spread] p1a,p1b
|-supereffective|p1a: Talonflame|2
|-damage|p1a: Talonflame|0 fnt
|-damage|p1b: Tauros|74/100
|faint|p1a: Talonflame
|
|-heal|p2b: Garganacl|47/100|[from] item: Leftovers
|upkeep
|
|t:|1784243402
|switch|p1a: Raichu|Raichu, L50, F|77/100
|turn|3
|
|t:|1784243408
|move|p1a: Raichu|Fake Out|p2a: Flapple
|-damage|p2a: Flapple|78/100
|move|p1b: Tauros|Icy Wind|p2a: Flapple|[spread] p2a,p2b
|-supereffective|p2a: Flapple|2
|-damage|p2a: Flapple|49/100
|-damage|p2b: Garganacl|43/100
|-unboost|p2a: Flapple|spe|1
|-unboost|p2b: Garganacl|spe|1
|cant|p2a: Flapple|flinch
|move|p2b: Garganacl|Recover|p2b: Garganacl
|-heal|p2b: Garganacl|94/100
|
|-heal|p2b: Garganacl|100/100|[from] item: Leftovers
|upkeep
|turn|4
|
|t:|1784243429
|switch|p2a: Hatterene|Hatterene, L50, F|100/100
|move|p1b: Tauros|Icy Wind|p2b: Garganacl|[spread] p2a,p2b
|-damage|p2a: Hatterene|95/100
|-damage|p2b: Garganacl|97/100
|-unboost|p2a: Hatterene|spe|1
|-unboost|p2b: Garganacl|spe|1
|move|p1a: Raichu|Alluring Voice|p2a: Hatterene
|-damage|p2a: Hatterene|76/100
|move|p2b: Garganacl|Salt Cure|p1b: Tauros
|-damage|p1b: Tauros|66/100
|-start|p1b: Tauros|Salt Cure
|
|-heal|p2b: Garganacl|100/100|[from] item: Leftovers
|-damage|p1b: Tauros|60/100|[from] Salt Cure
|upkeep
|turn|5
|
|t:|1784243447
|switch|p1b: Blastoise|Blastoise, L50, M|100/100
|switch|p2b: Hydreigon|Hydreigon, L50, M|100/100
|move|p1a: Raichu|Volt Switch|p2a: Hatterene
|-damage|p2a: Hatterene|45/100
|
|t:|1784243455
|switch|p1a: Tauros|Tauros, L50, M|60/100|[from] Volt Switch
|-ability|p1a: Tauros|Intimidate|boost
|-unboost|p2a: Hatterene|atk|1
|-unboost|p2b: Hydreigon|atk|1
|move|p2a: Hatterene|Dazzling Gleam|p1b: Blastoise|[spread] p1a,p1b
|-damage|p1a: Tauros|4/100
|-damage|p1b: Blastoise|68/100
|
|upkeep
|turn|6
|
|t:|1784243469
|detailschange|p1b: Blastoise|Blastoise-Mega, L50, M
|-mega|p1b: Blastoise|Blastoise|Blastoisinite
|move|p1a: Tauros|Double-Edge|p2a: Hatterene
|-damage|p2a: Hatterene|0 fnt
|faint|p2a: Hatterene
|-damage|p1a: Tauros|0 fnt|[from] Recoil
|faint|p1a: Tauros
|move|p2b: Hydreigon|Snarl|p1b: Blastoise
|-damage|p1b: Blastoise|45/100
|-unboost|p1b: Blastoise|spa|1
|move|p1b: Blastoise|Aura Sphere|p2b: Hydreigon
|-supereffective|p2b: Hydreigon|1
|-crit|p2b: Hydreigon
|-enditem|p2b: Hydreigon|Chople Berry|[eat]
|-enditem|p2b: Hydreigon|Chople Berry|[weaken]
|-damage|p2b: Hydreigon|22/100
|
|upkeep
|
|t:|1784243498
|switch|p1a: Raichu|Raichu, L50, F|77/100
|switch|p2a: Garganacl|Garganacl, L50, M|100/100
|turn|7
|
|t:|1784243513
|move|p2b: Hydreigon|Protect|p2b: Hydreigon
|-singleturn|p2b: Hydreigon|Protect
|move|p1a: Raichu|Fake Out|p2b: Hydreigon
|-activate|p2b: Hydreigon|move: Protect
|move|p1b: Blastoise|Water Pulse|p2a: Garganacl
|-supereffective|p2a: Garganacl|1
|-damage|p2a: Garganacl|47/100
|move|p2a: Garganacl|Salt Cure|p1b: Blastoise
|-damage|p1b: Blastoise|32/100
|-start|p1b: Blastoise|Salt Cure
|
|-heal|p2a: Garganacl|53/100|[from] item: Leftovers
|-damage|p1b: Blastoise|19/100|[from] Salt Cure
|upkeep
|turn|8
|
|t:|1784243526
|move|p1a: Raichu|Encore|p2b: Hydreigon
|-start|p2b: Hydreigon|Encore
|move|p2b: Hydreigon|Protect||[still]
|-fail|p2b: Hydreigon
|move|p1b: Blastoise|Water Pulse|p2a: Garganacl
|-supereffective|p2a: Garganacl|1
|-damage|p2a: Garganacl|7/100
|move|p2a: Garganacl|Recover|p2a: Garganacl
|-heal|p2a: Garganacl|57/100
|
|-heal|p2a: Garganacl|63/100|[from] item: Leftovers
|-damage|p1b: Blastoise|7/100|[from] Salt Cure
|upkeep
|turn|9
|
|t:|1784243555
|move|p2b: Hydreigon|Protect|p2b: Hydreigon
|-singleturn|p2b: Hydreigon|Protect
|move|p1a: Raichu|Alluring Voice|p2b: Hydreigon
|-activate|p2b: Hydreigon|move: Protect
|move|p1b: Blastoise|Water Pulse|p2a: Garganacl
|-supereffective|p2a: Garganacl|1
|-damage|p2a: Garganacl|15/100
|move|p2a: Garganacl|Recover|p2a: Garganacl
|-heal|p2a: Garganacl|66/100
|
|-heal|p2a: Garganacl|71/100|[from] item: Leftovers
|-damage|p1b: Blastoise|0 fnt|[from] Salt Cure
|faint|p1b: Blastoise
|upkeep
|turn|10
|
|t:|1784243579
|move|p2b: Hydreigon|Protect||[still]
|-fail|p2b: Hydreigon
|move|p1a: Raichu|Encore|p2a: Garganacl
|-start|p2a: Garganacl|Encore
|move|p2a: Garganacl|Recover|p2a: Garganacl
|-heal|p2a: Garganacl|100/100
|
|-end|p2b: Hydreigon|Encore
|upkeep
|turn|11
|
|t:|1784243600
|move|p2b: Hydreigon|Protect|p2b: Hydreigon
|-singleturn|p2b: Hydreigon|Protect
|move|p1a: Raichu|Alluring Voice|p2b: Hydreigon
|-activate|p2b: Hydreigon|move: Protect
|move|p2a: Garganacl|Recover||[still]
|-fail|p2a: Garganacl|heal
|
|upkeep
|turn|12
|
|t:|1784243609
|move|p1a: Raichu|Encore|p2b: Hydreigon
|-start|p2b: Hydreigon|Encore
|move|p2b: Hydreigon|Protect|p2b: Hydreigon
|-singleturn|p2b: Hydreigon|Protect
|move|p2a: Garganacl|Recover||[still]
|-fail|p2a: Garganacl|heal
|
|-end|p2a: Garganacl|Encore
|upkeep
|turn|13
|
|t:|1784243622
|move|p2b: Hydreigon|Protect||[still]
|-fail|p2b: Hydreigon
|move|p1a: Raichu|Encore|p2a: Garganacl
|-start|p2a: Garganacl|Encore
|move|p2a: Garganacl|Recover||[still]
|-fail|p2a: Garganacl|heal
|
|upkeep
|turn|14
|
|t:|1784243629
|move|p2b: Hydreigon|Protect|p2b: Hydreigon
|-singleturn|p2b: Hydreigon|Protect
|move|p1a: Raichu|Alluring Voice|p2b: Hydreigon
|-activate|p2b: Hydreigon|move: Protect
|move|p2a: Garganacl|Recover||[still]
|-fail|p2a: Garganacl|heal
|
|-end|p2b: Hydreigon|Encore
|-end|p2a: Garganacl|Encore
|upkeep
|turn|15
|
|t:|1784243648
|move|p1a: Raichu|Alluring Voice|p2b: Hydreigon
|-supereffective|p2b: Hydreigon|2
|-damage|p2b: Hydreigon|0 fnt
|faint|p2b: Hydreigon
|move|p2a: Garganacl|Salt Cure|p1a: Raichu
|-damage|p1a: Raichu|50/100g
|-start|p1a: Raichu|Salt Cure
|
|-damage|p1a: Raichu|44/100|[from] Salt Cure
|upkeep
|
|t:|1784243651
|switch|p2b: Flapple|Flapple, L50, F|49/100
|turn|16
|
|t:|1784243661
|move|p2b: Flapple|Sucker Punch|p1a: Raichu
|-damage|p1a: Raichu|0 fnt
|-status|p2b: Flapple|par|[from] ability: Static|[of] p1a: Raichu
|faint|p1a: Raichu
|
|win|Sub Force
|l|☆ApolloLou
|player|p1|
|l| ndjobus
