|j|‽Juaner95
|j|☆nez029
|html|Juaner95nez029    
|uhtml|bestof|Game 1 of a best-of-3
|t:|1785946600
|gametype|doubles
|player|p1|Juaner95|ash-hoenn|1236
|player|p2|nez029|nate|1139
|gen|9
|tier|[Gen 9 Champions] VGC 2026 Reg M-B (Bo3)
|rated|
|rule|Species Clause: Limit one of each Pokémon
|rule|Item Clause: Limit 1 of each item
|clearpoke
|poke|p1|Falinks, L50|
|poke|p1|Farigiraf, L50, M, shiny|
|poke|p1|Staraptor, L50, M|
|poke|p1|Incineroar, L50, M|
|poke|p1|Kingambit, L50, M|
|poke|p1|Sinistcha-Masterpiece, L50|
|poke|p2|Hydreigon, L50, M|
|poke|p2|Scizor, L50, F|
|poke|p2|Sinistcha, L50|
|poke|p2|Blastoise, L50, F|
|poke|p2|Garchomp, L50, F|
|poke|p2|Incineroar, L50, F|
|teampreview|4
|showteam|p1|Falinks||Falinksite|Defiant|CloseCombat,RockSlide,Protect,NoRetreat|Adamant|||||50|]Farigiraf||SitrusBerry|ArmorTail|Psychic,HelpingHand,AllySwitch,TrickRoom|Bold||M|||50|]Staraptor||ChoiceScarf|Intimidate|FinalGambit,DualWingbeat,CloseCombat,Tailwind|Jolly||M|||50|]Incineroar||LumBerry|Intimidate|FlareBlitz,ThroatChop,PartingShot,FakeOut|Careful||M|||50|]Kingambit||BlackGlasses|Defiant|KowtowCleave,IronHead,SuckerPunch,LowKick|Brave||M|||50|]Sinistcha-Masterpiece||KasibBerry|Hospitality|MatchaGotcha,RagePowder,TrickRoom,LifeDew|Relaxed|||||50|
|showteam|p2|Hydreigon||FocusSash|Levitate|Tailwind,EarthPower,Protect,DarkPulse|Modest||M|||50|]Scizor||Scizorite|Technician|BulletPunch,SwordsDance,BugBite,Protect|Adamant||F|||50|]Sinistcha||ColburBerry|Hospitality|GigaDrain,RagePowder,Protect,TrickRoom|Bold|||||50|]Blastoise||Blastoisinite|Torrent|DarkPulse,IceBeam,WaterSpout,Protect|Modest||F|||50|]Garchomp||HabanBerry|RoughSkin|RockTomb,DragonClaw,Protect,Earthquake|Adamant||F|||50|]Incineroar||SitrusBerry|Intimidate|FakeOut,PartingShot,DarkestLariat,FlareBlitz|Careful||F|||50|
|inactive|Battle timer is ON: inactive players will automatically lose when time's up. (requested by nez029)
|inactive|Juaner95 has 60 seconds left.
|inactive|Juaner95 has 30 seconds left.
|
|t:|1785946740
|teamsize|p1|4
|teamsize|p2|4
|start
|switch|p1a: Staraptor|Staraptor, L50, M|100/100
|switch|p1b: Kingambit|Kingambit, L50, M|100/100
|switch|p2a: Hydreigon|Hydreigon, L50, M|100/100
|switch|p2b: Sinistcha|Sinistcha, L50|100/100
|-ability|p1a: Staraptor|Intimidate|boost
|-unboost|p2a: Hydreigon|atk|1
|-unboost|p2b: Sinistcha|atk|1
|turn|1
|inactive|nez029 has 30 seconds left.
|inactive|nez029 has 20 seconds left.
|inactive|nez029 has 15 seconds left.
|inactive|nez029 has 10 seconds left.
|
|t:|1785946789
|move|p2b: Sinistcha|Rage Powder|p2b: Sinistcha
|-singleturn|p2b: Sinistcha|move: Rage Powder
|move|p1a: Staraptor|Final Gambit|p2b: Sinistcha
|-immune|p2b: Sinistcha
|move|p2a: Hydreigon|Earth Power|p1b: Kingambit
|-supereffective|p1b: Kingambit|1
|-damage|p1b: Kingambit|37/100
|move|p1b: Kingambit|Kowtow Cleave|p2b: Sinistcha
|-supereffective|p2b: Sinistcha|1
|-enditem|p2b: Sinistcha|Colbur Berry|[eat]
|-enditem|p2b: Sinistcha|Colbur Berry|[weaken]
|-damage|p2b: Sinistcha|57/100
|
|upkeep
|turn|2
|
|t:|1785946806
|move|p2b: Sinistcha|Rage Powder|p2b: Sinistcha
|-singleturn|p2b: Sinistcha|move: Rage Powder
|move|p1a: Staraptor|Final Gambit|p2b: Sinistcha
|-immune|p2b: Sinistcha
|move|p2a: Hydreigon|Tailwind|p2a: Hydreigon
|-sidestart|p2: nez029|move: Tailwind
|move|p1b: Kingambit|Kowtow Cleave|p2b: Sinistcha
|-supereffective|p2b: Sinistcha|1
|-damage|p2b: Sinistcha|0 fnt
|faint|p2b: Sinistcha
|
|upkeep
|
|t:|1785946816
|switch|p2b: Garchomp|Garchomp, L50, F|100/100
|turn|3
|
|t:|1785946840
|move|p2a: Hydreigon|Dark Pulse|p1a: Staraptor
|-damage|p1a: Staraptor|37/100
|move|p2b: Garchomp|Dragon Claw|p1a: Staraptor
|-damage|p1a: Staraptor|0 fnt
|faint|p1a: Staraptor
|move|p1b: Kingambit|Low Kick|p2a: Hydreigon
|-supereffective|p2a: Hydreigon|1
|-damage|p2a: Hydreigon|9/100
|
|upkeep
|
|t:|1785946850
|switch|p1a: Incineroar|Incineroar, L50, M|100/100
|-ability|p1a: Incineroar|Intimidate|boost
|-unboost|p2a: Hydreigon|atk|1
|-unboost|p2b: Garchomp|atk|1
|turn|4
|
|t:|1785946857
|move|p2a: Hydreigon|Protect|p2a: Hydreigon
|-singleturn|p2a: Hydreigon|Protect
|move|p1a: Incineroar|Fake Out|p2a: Hydreigon
|-activate|p2a: Hydreigon|move: Protect
|move|p1b: Kingambit|Sucker Punch|p2b: Garchomp
|-damage|p2b: Garchomp|56/100
|-damage|p1b: Kingambit|25/100|[from] ability: Rough Skin|[of] p2b: Garchomp
|move|p2b: Garchomp|Earthquake|p1b: Kingambit|[spread] p1a,p1b
|-activate|p2a: Hydreigon|move: Protect
|-supereffective|p1a: Incineroar|1
|-supereffective|p1b: Kingambit|1
|-damage|p1a: Incineroar|51/100
|-damage|p1b: Kingambit|0 fnt
|faint|p1b: Kingambit
|
|upkeep
|
|t:|1785946864
|switch|p1b: Falinks|Falinks, L50|100/100
|turn|5
|inactive|Juaner95 has 30 seconds left.
|inactive|Juaner95 has 20 seconds left.
|
|t:|1785946900
|move|p1b: Falinks|Protect|p1b: Falinks
|-singleturn|p1b: Falinks|Protect
|move|p2a: Hydreigon|Earth Power|p1a: Incineroar
|-supereffective|p1a: Incineroar|1
|-damage|p1a: Incineroar|3/100
|move|p2b: Garchomp|Earthquake|p1b: Falinks|[spread] p1a
|-activate|p1b: Falinks|move: Protect
|-immune|p2a: Hydreigon|[from] ability: Levitate
|-supereffective|p1a: Incineroar|1
|-damage|p1a: Incineroar|0 fnt
|faint|p1a: Incineroar
|
|-sideend|p2: nez029|move: Tailwind
|upkeep
|turn|6
|
|t:|1785946913
|detailschange|p1b: Falinks|Falinks-Mega, L50
|-mega|p1b: Falinks|Falinks|Falinksite
|move|p1b: Falinks|No Retreat|p1b: Falinks
|-boost|p1b: Falinks|atk|1
|-boost|p1b: Falinks|def|1
|-boost|p1b: Falinks|spa|1
|-boost|p1b: Falinks|spd|1
|-boost|p1b: Falinks|spe|1
|-start|p1b: Falinks|move: No Retreat
|move|p2a: Hydreigon|Tailwind|p2a: Hydreigon
|-sidestart|p2: nez029|move: Tailwind
|move|p2b: Garchomp|Rock Tomb|p1b: Falinks
|-resisted|p1b: Falinks|1
|-damage|p1b: Falinks|95/100
|-unboost|p1b: Falinks|spe|1
|-ability|p1b: Falinks|Defiant|boost
|-boost|p1b: Falinks|atk|2
|
|upkeep
|turn|7
|
|t:|1785946925
|move|p1b: Falinks|Protect|p1b: Falinks
|-singleturn|p1b: Falinks|Protect
|move|p2a: Hydreigon|Earth Power|p1b: Falinks
|-activate|p1b: Falinks|move: Protect
|move|p2b: Garchomp|Earthquake|p1b: Falinks|[spread] 
|-activate|p1b: Falinks|move: Protect
|-immune|p2a: Hydreigon|[from] ability: Levitate
|
|upkeep
|turn|8
|inactive|Juaner95 has 30 seconds left.
|inactive|Juaner95 has 20 seconds left.
|
|t:|1785946962
|move|p2a: Hydreigon|Earth Power|p1b: Falinks
|-damage|p1b: Falinks|54/100
|move|p2b: Garchomp|Dragon Claw|p1b: Falinks
|-damage|p1b: Falinks|31/100
|move|p1b: Falinks|Rock Slide|p2a: Hydreigon|[spread] p2a,p2b
|-resisted|p2b: Garchomp|1
|-damage|p2a: Hydreigon|0 fnt
|-damage|p2b: Garchomp|32/100
|faint|p2a: Hydreigon
|
|upkeep
|
|t:|1785946970
|switch|p2a: Blastoise|Blastoise, L50, F|100/100
|turn|9
|
|t:|1785946974
|detailschange|p2a: Blastoise|Blastoise-Mega, L50, F
|-mega|p2a: Blastoise|Blastoise|Blastoisinite
|move|p1b: Falinks|Protect|p1b: Falinks
|-singleturn|p1b: Falinks|Protect
|move|p2b: Garchomp|Dragon Claw|p1b: Falinks
|-activate|p1b: Falinks|move: Protect
|move|p2a: Blastoise|Ice Beam|p1b: Falinks
|-activate|p1b: Falinks|move: Protect
|
|-sideend|p2: nez029|move: Tailwind
|upkeep
|turn|10
|
|t:|1785946984
|move|p1b: Falinks|Rock Slide|p2b: Garchomp|[spread] p2a,p2b
|-resisted|p2b: Garchomp|1
|-damage|p2a: Blastoise|48/100
|-damage|p2b: Garchomp|6/100
|move|p2b: Garchomp|Dragon Claw|p1b: Falinks
|-damage|p1b: Falinks|11/100
|cant|p2a: Blastoise|flinch
|
|upkeep
|turn|11
|
|t:|1785947005
|move|p1b: Falinks|Rock Slide|p2a: Blastoise|[spread] p2a,p2b
|-resisted|p2b: Garchomp|1
|-damage|p2a: Blastoise|0 fnt
|-damage|p2b: Garchomp|0 fnt
|faint|p2a: Blastoise
|faint|p2b: Garchomp
|
|win|Juaner95
|raw|Juaner95's rating: 1236 → 1254(+18 for winning)
|raw|nez029's rating: 1139 → 1121(-18 for losing)
|l|☆nez029
|player|p2|
