|j|☆EXHOUL
|j|☆palle synchro
|html|EXHOULpalle synchro    
|uhtml|bestof|Game 1 of a best-of-3
|t:|1757080775
|gametype|doubles
|player|p1|EXHOUL|shadowtriad|1343
|player|p2|palle synchro|volkner|1397
|gen|9
|tier|[Gen 9] VGC 2025 Reg H (Bo3)
|rated|
|rule|Species Clause: Limit one of each Pokémon
|rule|Item Clause: Limit 1 of each item
|clearpoke
|poke|p1|Torkoal, L50, M|
|poke|p1|Lilligant-Hisui, L50, F|
|poke|p1|Armarouge, L50, F|
|poke|p1|Indeedee-F, L50, F|
|poke|p1|Gallade, L50, M|
|poke|p1|Ursaluna, L50, F|
|poke|p2|Whimsicott, L50, F|
|poke|p2|Annihilape, L50, M|
|poke|p2|Indeedee, L50, M|
|poke|p2|Sneasler, L50, M|
|poke|p2|Ursaluna-Bloodmoon, L50, M|
|poke|p2|Archaludon, L50, F|
|teampreview|4
|showteam|p1|Torkoal||Charcoal|Drought|Eruption,Flamethrower,ClearSmog,Protect|||M|||50|,,,,,Fire]Lilligant-Hisui||FocusSash|Chlorophyll|SleepPowder,CloseCombat,Encore,AfterYou|||F|||50|,,,,,Ghost]Armarouge||LifeOrb|FlashFire|ExpandingForce,ArmorCannon,WideGuard,TrickRoom|||F|||50|,,,,,Grass]Indeedee-F||RockyHelmet|PsychicSurge|FollowMe,HelpingHand,DazzlingGleam,TrickRoom|||F|||50|,,,,,Steel]Gallade||ClearAmulet|Sharpness|SacredSword,NightSlash,DestinyBond,TrickRoom|||M|||50|,,,,,Dark]Ursaluna||FlameOrb|Guts|Facade,HeadlongRush,Earthquake,Protect|||F|||50|,,,,,Ghost
|showteam|p2|Whimsicott||CovertCloak|Prankster|Moonblast,Taunt,Tailwind,FakeTears|||F|||50|,,,,,Water]Annihilape||SafetyGoggles|Defiant|CloseCombat,RageFist,FinalGambit,Taunt|||M|||50|,,,,,Water]Indeedee||FocusSash|PsychicSurge|ExpandingForce,TeraBlast,Imprison,TrickRoom|||M|||50|,,,,,Psychic]Sneasler||PsychicSeed|Unburden|CloseCombat,DireClaw,ThroatChop,Protect|||M|||50|,,,,,Dark]Ursaluna-Bloodmoon||LifeOrb|MindsEye|HyperVoice,BloodMoon,EarthPower,Protect|||M|||50|,,,,,Normal]Archaludon||PowerHerb|Sturdy|ElectroShot,DragonPulse,Thunderbolt,Protect|||F|||50|,,,,,Electric
|inactive|Battle timer is ON: inactive players will automatically lose when time's up. (requested by EXHOUL)
|inactive|palle synchro also wants the timer to be on.
|
|t:|1757080786
|teamsize|p1|4
|teamsize|p2|4
|start
|switch|p1a: Lilligant|Lilligant-Hisui, L50, F|100/100
|switch|p1b: Torkoal|Torkoal, L50, M|100/100
|switch|p2a: Whimsicott|Whimsicott, L50, F|100/100
|switch|p2b: Indeedee|Indeedee, L50, M|100/100
|-fieldstart|move: Psychic Terrain|[from] ability: Psychic Surge|[of] p2b: Indeedee
|-weather|SunnyDay|[from] ability: Drought|[of] p1b: Torkoal
|turn|1
|
|t:|1757080789
|-terastallize|p2b: Indeedee|Psychic
|move|p2a: Whimsicott|Taunt|p1a: Lilligant
|-activate|p1a: Lilligant|move: Psychic Terrain
|move|p1a: Lilligant|Sleep Powder|p2b: Indeedee
|-status|p2b: Indeedee|slp|[from] move: Sleep Powder
|cant|p2b: Indeedee|slp
|move|p1b: Torkoal|Eruption|p2a: Whimsicott|[spread] p2a,p2b
|-supereffective|p2a: Whimsicott
|-damage|p2a: Whimsicott|0 fnt
|-enditem|p2b: Indeedee|Focus Sash
|-damage|p2b: Indeedee|1/100 slp
|faint|p2a: Whimsicott
|
|-weather|SunnyDay|[upkeep]
|upkeep
|
|t:|1757080797
|switch|p2a: Sneasler|Sneasler, L50, M|100/100
|-enditem|p2a: Sneasler|Psychic Seed
|-boost|p2a: Sneasler|spd|1|[from] item: Psychic Seed
|turn|2
|
|t:|1757080801
|move|p1a: Lilligant|Sleep Powder|p2a: Sneasler|[miss]
|-miss|p1a: Lilligant|p2a: Sneasler
|move|p2a: Sneasler|Dire Claw|p1a: Lilligant
|-supereffective|p1a: Lilligant
|-enditem|p1a: Lilligant|Focus Sash
|-damage|p1a: Lilligant|1/100
|-status|p1a: Lilligant|slp
|cant|p2b: Indeedee|slp
|move|p1b: Torkoal|Eruption|p2b: Indeedee|[spread] p2a,p2b
|-damage|p2a: Sneasler|23/100
|-damage|p2b: Indeedee|0 fnt
|faint|p2b: Indeedee
|
|-weather|SunnyDay|[upkeep]
|upkeep
|
|t:|1757080804
|switch|p2b: Ursaluna|Ursaluna-Bloodmoon, L50, M|100/100
|turn|3
|
|t:|1757080808
|move|p1b: Torkoal|Protect|p1b: Torkoal
|-singleturn|p1b: Torkoal|Protect
|move|p2a: Sneasler|Dire Claw|p1a: Lilligant
|-supereffective|p1a: Lilligant
|-damage|p1a: Lilligant|0 fnt
|faint|p1a: Lilligant
|move|p2b: Ursaluna|Blood Moon|p1b: Torkoal
|-activate|p1b: Torkoal|move: Protect
|
|-weather|SunnyDay|[upkeep]
|upkeep
|
|t:|1757080810
|switch|p1a: Armarouge|Armarouge, L50, F|100/100
|turn|4
|
|t:|1757080822
|-terastallize|p1a: Armarouge|Grass
|move|p2a: Sneasler|Dire Claw|p1b: Torkoal
|-damage|p1b: Torkoal|66/100
|move|p2b: Ursaluna|Earth Power|p1a: Armarouge
|-resisted|p1a: Armarouge
|-damage|p1a: Armarouge|60/100
|-damage|p2b: Ursaluna|91/100|[from] item: Life Orb
|move|p1b: Torkoal|Flamethrower|p2a: Sneasler
|-damage|p2a: Sneasler|0 fnt
|faint|p2a: Sneasler
|move|p1a: Armarouge|Trick Room|p1a: Armarouge
|-fieldstart|move: Trick Room|[of] p1a: Armarouge
|
|-weather|SunnyDay|[upkeep]
|upkeep
|turn|5
|-message|palle synchro forfeited.
|
|win|EXHOUL
