|j|☆PabloZH24
|j|☆langschlong
|html|PabloZH24langschlong    
|uhtml|bestof|Game 3 of a best-of-3
|t:|1756575496
|gametype|doubles
|player|p1|PabloZH24|101|
|player|p2|langschlong|steven|
|gen|9
|tier|[Gen 9] VGC 2025 Reg H (Bo3)
|rule|Species Clause: Limit one of each Pokémon
|rule|Item Clause: Limit 1 of each item
|clearpoke
|poke|p1|Annihilape, L50, F|
|poke|p1|Archaludon, L50, F|
|poke|p1|Sinistcha, L50|
|poke|p1|Pelipper, L50, F|
|poke|p1|Ursaluna, L50, F|
|poke|p1|Maushold-Four, L50|
|poke|p2|Gholdengo, L50|
|poke|p2|Maushold, L50|
|poke|p2|Dragonite, L50, F|
|poke|p2|Ursaluna-Bloodmoon, L50, M|
|poke|p2|Grimmsnarl, L50, M|
|poke|p2|Basculegion, L50, M|
|teampreview|4
|showteam|p1|Annihilape||Leftovers|Defiant|DrainPunch,RageFist,BulkUp,Protect|||F|||50|,,,,,Water]Archaludon||AssaultVest|Stamina|DracoMeteor,ElectroShot,Snarl,BodyPress|||F|||50|,,,,,Bug]Sinistcha||SitrusBerry|Hospitality|MatchaGotcha,RagePowder,LifeDew,Protect||||||50|,,,,,Water]Pelipper||FocusSash|Drizzle|WeatherBall,Protect,Tailwind,Hurricane|||F|||50|,,,,,Ghost]Ursaluna||FlameOrb|Guts|Facade,HeadlongRush,Earthquake,Protect|||F|||50|,,,,,Ghost]Maushold-Four||SafetyGoggles|FriendGuard|BeatUp,Taunt,FollowMe,Protect||||||50|,,,,,Ghost
|showteam|p2|Gholdengo||LifeOrb|GoodasGold|MakeItRain,Protect,ShadowBall,TeraBlast||||||50|,,,,,Fighting]Maushold||WideLens|FriendGuard|FollowMe,ThunderWave,PopulationBomb,Taunt||||||50|,,,,,Ghost]Dragonite||LoadedDice|InnerFocus|ScaleShot,Haze,LowKick,ExtremeSpeed|||F|||50|,,,,,Steel]Ursaluna-Bloodmoon||AssaultVest|MindsEye|HyperVoice,EarthPower,BloodMoon,VacuumWave|||M|||50|,,,,,Normal]Grimmsnarl||LightClay|Prankster|SpiritBreak,LightScreen,Reflect,ThunderWave|||M|||50|,,,,,Steel]Basculegion||FocusSash|Adaptability|Liquidation,LastRespects,AquaJet,Protect|||M|||50|,,,,,Water
|inactive|Battle timer is ON: inactive players will automatically lose when time's up. (requested by PabloZH24)
|
|t:|1756575537
|teamsize|p1|4
|teamsize|p2|4
|start
|switch|p1a: Archaludon|Archaludon, L50, F|100/100
|switch|p1b: Maushold|Maushold-Four, L50|100/100
|switch|p2a: Gholdengo|Gholdengo, L50|100/100
|switch|p2b: Grimmsnarl|Grimmsnarl, L50, M|100/100
|turn|1
|inactive|langschlong has 30 seconds left.
|inactive|langschlong has 20 seconds left.
|inactive|langschlong has 15 seconds left.
|inactive|langschlong has 10 seconds left.
|
|t:|1756575586
|-terastallize|p2a: Gholdengo|Fighting
|move|p2b: Grimmsnarl|Light Screen|p2b: Grimmsnarl
|-sidestart|p2: langschlong|move: Light Screen
|move|p1b: Maushold|Beat Up|p1a: Archaludon
|-damage|p1a: Archaludon|98/100
|-ability|p1a: Archaludon|Stamina|boost
|-boost|p1a: Archaludon|def|1
|-damage|p1a: Archaludon|97/100
|-ability|p1a: Archaludon|Stamina|boost
|-boost|p1a: Archaludon|def|1
|-damage|p1a: Archaludon|97/100
|-ability|p1a: Archaludon|Stamina|boost
|-boost|p1a: Archaludon|def|1
|-damage|p1a: Archaludon|96/100
|-ability|p1a: Archaludon|Stamina|boost
|-boost|p1a: Archaludon|def|1
|-hitcount|p1a: Archaludon|4
|move|p2a: Gholdengo|Tera Blast|p1a: Archaludon|[anim] Tera Blast Fighting
|-supereffective|p1a: Archaludon
|-damage|p1a: Archaludon|36/100
|-ability|p1a: Archaludon|Stamina|boost
|-boost|p1a: Archaludon|def|1
|-damage|p2a: Gholdengo|91/100|[from] item: Life Orb
|move|p1a: Archaludon|Snarl|p2b: Grimmsnarl|[spread] p2a,p2b
|-resisted|p2a: Gholdengo
|-resisted|p2b: Grimmsnarl
|-damage|p2a: Gholdengo|86/100
|-damage|p2b: Grimmsnarl|99/100
|-unboost|p2a: Gholdengo|spa|1
|-unboost|p2b: Grimmsnarl|spa|1
|
|upkeep
|turn|2
|inactive|PabloZH24 has 30 seconds left.
|inactive|langschlong has 30 seconds left.
|inactive|PabloZH24 has 20 seconds left.
|inactive|langschlong has 20 seconds left.
|inactive|PabloZH24 has 15 seconds left.
|inactive|langschlong has 15 seconds left.
|
|t:|1756575629
|switch|p1b: Sinistcha|Sinistcha, L50|100/100
|-heal|p1a: Archaludon|61/100|[from] ability: Hospitality|[of] p1b: Sinistcha
|move|p2b: Grimmsnarl|Thunder Wave|p1b: Sinistcha
|-status|p1b: Sinistcha|par
|move|p2a: Gholdengo|Tera Blast|p1a: Archaludon|[anim] Tera Blast Fighting
|-supereffective|p1a: Archaludon
|-damage|p1a: Archaludon|0 fnt
|faint|p1a: Archaludon
|-damage|p2a: Gholdengo|76/100|[from] item: Life Orb
|
|upkeep
|
|t:|1756575642
|switch|p1a: Pelipper|Pelipper, L50, F|100/100
|-weather|RainDance|[from] ability: Drizzle|[of] p1a: Pelipper
|turn|3
|
|t:|1756575664
|move|p2b: Grimmsnarl|Thunder Wave|p1a: Pelipper
|-status|p1a: Pelipper|par
|move|p2a: Gholdengo|Shadow Ball|p1b: Sinistcha
|-supereffective|p1b: Sinistcha
|-damage|p1b: Sinistcha|25/100 par
|-enditem|p1b: Sinistcha|Sitrus Berry|[eat]
|-heal|p1b: Sinistcha|50/100 par|[from] item: Sitrus Berry
|-damage|p2a: Gholdengo|67/100|[from] item: Life Orb
|cant|p1a: Pelipper|par
|cant|p1b: Sinistcha|par
|
|-weather|RainDance|[upkeep]
|upkeep
|turn|4
|inactive|langschlong has 30 seconds left.
|inactive|langschlong has 20 seconds left.
|
|t:|1756575701
|move|p2a: Gholdengo|Shadow Ball|p1b: Sinistcha
|-supereffective|p1b: Sinistcha
|-crit|p1b: Sinistcha
|-damage|p1b: Sinistcha|0 fnt
|faint|p1b: Sinistcha
|-damage|p2a: Gholdengo|57/100|[from] item: Life Orb
|move|p2b: Grimmsnarl|Spirit Break|p1a: Pelipper
|-damage|p1a: Pelipper|64/100 par
|-unboost|p1a: Pelipper|spa|1
|move|p1a: Pelipper|Tailwind|p1a: Pelipper
|-sidestart|p1: PabloZH24|move: Tailwind
|
|-weather|RainDance|[upkeep]
|upkeep
|
|t:|1756575714
|switch|p1b: Maushold|Maushold-Four, L50|100/100
|turn|5
|
|t:|1756575727
|move|p1b: Maushold|Follow Me|p1b: Maushold
|-singleturn|p1b: Maushold|move: Follow Me
|move|p2b: Grimmsnarl|Thunder Wave|p1b: Maushold
|-status|p1b: Maushold|par
|move|p2a: Gholdengo|Tera Blast|p1b: Maushold|[anim] Tera Blast Fighting
|-supereffective|p1b: Maushold
|-damage|p1b: Maushold|2/100 par
|-damage|p2a: Gholdengo|48/100|[from] item: Life Orb
|move|p1a: Pelipper|Hurricane|p2a: Gholdengo
|-supereffective|p2a: Gholdengo
|-crit|p2a: Gholdengo
|-damage|p2a: Gholdengo|0 fnt
|faint|p2a: Gholdengo
|
|-weather|RainDance|[upkeep]
|upkeep
|
|t:|1756575740
|switch|p2a: Dragonite|Dragonite, L50, F|100/100
|turn|6
|
|t:|1756575753
|move|p2a: Dragonite|Extreme Speed|p1b: Maushold
|-damage|p1b: Maushold|0 fnt
|faint|p1b: Maushold
|move|p1a: Pelipper|Weather Ball|p2b: Grimmsnarl
|-damage|p2b: Grimmsnarl|75/100
|move|p2b: Grimmsnarl|Spirit Break|p1a: Pelipper
|-damage|p1a: Pelipper|28/100 par
|-unboost|p1a: Pelipper|spa|1
|
|-weather|RainDance|[upkeep]
|upkeep
|turn|7
|-message|PabloZH24 forfeited.
|
|win|langschlong
|l|☆PabloZH24
|player|p1|
