|j|☆DilluVGC
|j|☆failandimprove5
|html|DilluVGCfailandimprove5    
|uhtml|bestof|Game 3 of a best-of-3
|t:|1784740624
|gametype|doubles
|player|p1|DilluVGC|blaine|
|player|p2|failandimprove5|2|
|gen|9
|tier|[Gen 9 Champions] VGC 2026 Reg M-B (Bo3)
|rule|Species Clause: Limit one of each Pokémon
|rule|Item Clause: Limit 1 of each item
|clearpoke
|poke|p1|Tyranitar, L50, M|
|poke|p1|Excadrill, L50, M|
|poke|p1|Milotic, L50, F|
|poke|p1|Gholdengo, L50|
|poke|p1|Sinistcha-Masterpiece, L50|
|poke|p1|Staraptor, L50, F|
|poke|p2|Kingambit, L50, M|
|poke|p2|Sneasler, L50, F|
|poke|p2|Froslass, L50, F|
|poke|p2|Lycanroc-Dusk, L50, M|
|poke|p2|Basculegion, L50, M|
|poke|p2|Scovillain, L50, M|
|teampreview|4
|showteam|p1|Tyranitar||Tyranitarite|SandStream|KnockOff,RockSlide,HighHorsepower,Protect|Jolly||M|||50|]Excadrill||FocusSash|SandRush|Earthquake,IronHead,RockSlide,Protect|Jolly||M|||50|]Milotic||SitrusBerry|Competitive|Scald,IcyWind,Haze,Protect|Calm||F|||50|]Gholdengo||LifeOrb|GoodasGold|MakeItRain,ShadowBall,NastyPlot,Protect|Modest|||||50|]Sinistcha-Masterpiece||ColburBerry|Hospitality|MatchaGotcha,ShadowBall,Protect,RagePowder|Bold|||||50|]Staraptor||Staraptite|Intimidate|CloseCombat,BraveBird,Tailwind,Protect|Jolly||F|||50|
|showteam|p2|Kingambit||LifeOrb|Defiant|KowtowCleave,SuckerPunch,SwordsDance,Protect|Adamant||M|||50|]Sneasler||WhiteHerb|Unburden|FakeOut,CloseCombat,GunkShot,Protect|Adamant||F|||50|]Froslass||Froslassite|SnowCloak|Blizzard,AuroraVeil,ShadowBall,Protect|Timid||F|||50|]Lycanroc-Dusk||FocusSash|ToughClaws|CloseCombat,RockSlide,Accelerock,Protect|Adamant||M|||50|]Basculegion||SitrusBerry|Adaptability|LastRespects,AquaJet,WaveCrash,Protect|Adamant||M|||50|]Scovillain||Scovillainite|Moody|Overheat,GigaDrain,RagePowder,Protect|Bold||M|||50|
|inactive|Battle timer is ON: inactive players will automatically lose when time's up. (requested by failandimprove5)
|inactive|failandimprove5 has 60 seconds left.
|
|t:|1784740660
|teamsize|p1|4
|teamsize|p2|4
|start
|switch|p1a: Rap-Turn'al|Staraptor, L50, F|100/100
|switch|p1b: Aftermath|Gholdengo, L50|100/100
|switch|p2a: Sneasler|Sneasler, L50, F|100/100
|switch|p2b: Scovillain|Scovillain, L50, M|100/100
|-ability|p1a: Rap-Turn'al|Intimidate|boost
|-unboost|p2a: Sneasler|atk|1
|-unboost|p2b: Scovillain|atk|1
|-enditem|p2a: Sneasler|White Herb
|-clearnegativeboost|p2a: Sneasler|[silent]
|turn|1
|
|t:|1784740680
|detailschange|p2b: Scovillain|Scovillain-Mega, L50, M
|-mega|p2b: Scovillain|Scovillain|Scovillainite
|move|p1a: Rap-Turn'al|Protect|p1a: Rap-Turn'al
|-singleturn|p1a: Rap-Turn'al|Protect
|move|p1b: Aftermath|Protect|p1b: Aftermath
|-singleturn|p1b: Aftermath|Protect
|move|p2a: Sneasler|Fake Out|p1a: Rap-Turn'al
|-activate|p1a: Rap-Turn'al|move: Protect
|move|p2b: Scovillain|Overheat|p1b: Aftermath
|-activate|p1b: Aftermath|move: Protect
|
|upkeep
|turn|2
|inactive|DilluVGC has 30 seconds left.
|inactive|DilluVGC has 20 seconds left.
|
|t:|1784740718
|switch|p2b: Kingambit|Kingambit, L50, M|100/100
|detailschange|p1a: Rap-Turn'al|Staraptor-Mega, L50, F
|-mega|p1a: Rap-Turn'al|Staraptor|Staraptite
|move|p2a: Sneasler|Gunk Shot|p1a: Rap-Turn'al
|-damage|p1a: Rap-Turn'al|42/100
|move|p1a: Rap-Turn'al|Brave Bird|p2b: Kingambit
|-resisted|p2b: Kingambit|1
|-damage|p2b: Kingambit|81/100
|-damage|p1a: Rap-Turn'al|35/100|[from] Recoil
|move|p1b: Aftermath|Nasty Plot|p1b: Aftermath
|-boost|p1b: Aftermath|spa|2
|
|upkeep
|turn|3
|inactive|DilluVGC has 30 seconds left.
|inactive|failandimprove5 has 30 seconds left.
|
|t:|1784740747
|switch|p1a: Missy Eeliott|Milotic, L50, F|100/100
|move|p2b: Kingambit|Sucker Punch|p1b: Aftermath
|-supereffective|p1b: Aftermath|1
|-damage|p1b: Aftermath|0 fnt
|faint|p1b: Aftermath
|-damage|p2b: Kingambit|71/100|[from] item: Life Orb
|move|p2a: Sneasler|Gunk Shot|p1a: Missy Eeliott
|-damage|p1a: Missy Eeliott|41/100
|-enditem|p1a: Missy Eeliott|Sitrus Berry|[eat]
|-heal|p1a: Missy Eeliott|66/100|[from] item: Sitrus Berry
|
|upkeep
|
|t:|1784740757
|switch|p1b: Notorious T|Tyranitar, L50, M|100/100
|-weather|Sandstorm|[from] ability: Sand Stream|[of] p1b: Notorious T
|turn|4
|
|t:|1784740774
|move|p2a: Sneasler|Close Combat|p1b: Notorious T
|-supereffective|p1b: Notorious T|2
|-damage|p1b: Notorious T|0 fnt
|-unboost|p2a: Sneasler|def|1
|-unboost|p2a: Sneasler|spd|1
|faint|p1b: Notorious T
|move|p1a: Missy Eeliott|Scald|p2b: Kingambit
|-damage|p2b: Kingambit|43/100
|move|p2b: Kingambit|Swords Dance|p2b: Kingambit
|-boost|p2b: Kingambit|atk|2
|
|-weather|Sandstorm|[upkeep]
|-damage|p2a: Sneasler|94/100|[from] Sandstorm
|-damage|p1a: Missy Eeliott|60/100|[from] Sandstorm
|upkeep
|
|t:|1784740787
|switch|p1b: Rap-Turn'al|Staraptor-Mega, L50, F|35/100
|turn|5
|
|t:|1784740792
|move|p2b: Kingambit|Protect|p2b: Kingambit
|-singleturn|p2b: Kingambit|Protect
|move|p2a: Sneasler|Close Combat|p1a: Missy Eeliott
|-damage|p1a: Missy Eeliott|3/100
|-unboost|p2a: Sneasler|def|1
|-unboost|p2a: Sneasler|spd|1
|move|p1b: Rap-Turn'al|Tailwind|p1b: Rap-Turn'al
|-sidestart|p1: DilluVGC|move: Tailwind
|move|p1a: Missy Eeliott|Scald|p2b: Kingambit
|-activate|p2b: Kingambit|move: Protect
|
|-weather|Sandstorm|[upkeep]
|-damage|p1b: Rap-Turn'al|29/100|[from] Sandstorm
|-damage|p2a: Sneasler|88/100|[from] Sandstorm
|-damage|p1a: Missy Eeliott|0 fnt|[from] Sandstorm
|faint|p1a: Missy Eeliott
|upkeep
|turn|6
|c|☆DilluVGC|gg
|c|☆failandimprove5|gg
|-message|DilluVGC forfeited.
|
|win|failandimprove5
