|j|☆Wezly_ME
|j|☆puli95
|html|Wezly_MEpuli95    
|uhtml|bestof|Game 2 of a best-of-3
|t:|1757697809
|gametype|doubles
|player|p1|Wezly_ME|palmer|1048
|player|p2|puli95|265|1060
|gen|9
|tier|[Gen 9] VGC 2025 Reg H (Bo3)
|rated|
|rule|Species Clause: Limit one of each Pokémon
|rule|Item Clause: Limit 1 of each item
|clearpoke
|poke|p1|Ursaluna-Bloodmoon, L50, M|
|poke|p1|Sinistcha, L50|
|poke|p1|Smeargle, L50, F|
|poke|p1|Sneasler, L50, M|
|poke|p1|Indeedee, L50, M|
|poke|p1|Bellibolt, L50, F|
|poke|p2|Corviknight, L50, M|
|poke|p2|Primarina, L50, F|
|poke|p2|Incineroar, L50, M|
|poke|p2|Indeedee-F, L50, F|
|poke|p2|Exeggutor, L50, M|
|poke|p2|Torkoal, L50, F|
|teampreview|4
|showteam|p1|Ursaluna-Bloodmoon||AssaultVest|MindsEye|BloodMoon,HyperVoice,EarthPower,VacuumWave|||M|||50|,,,,,Fairy]Sinistcha||Leftovers|Hospitality|Protect,LifeDew,ShadowBall,MatchaGotcha||||||50|,,,,,Water]Smeargle||FocusSash|Moody|FakeOut,FollowMe,Decorate,Spore|||F|||50|,,,,,Ghost]Sneasler||NormalGem|Unburden|FakeOut,NightSlash,DireClaw,CloseCombat|||M|||50|,,,,,Flying]Indeedee||SitrusBerry|PsychicSurge|ExpandingForce,DazzlingGleam,TrickRoom,Protect|||M|||50|,,,,,Fairy]Bellibolt||BigRoot|Electromorphosis|ParabolicCharge,AcidSpray,Soak,Protect|||F|||50|,,,,,Grass
|showteam|p2|Corviknight||PsychicSeed|MirrorArmor|BraveBird,BodyPress,IronDefense,Roost|||M|||50|,,,,,Fire]Primarina||LifeOrb|LiquidVoice|Moonblast,HyperVoice,AquaJet,Protect|||F|||50|,,,,,Poison]Incineroar||ClearAmulet|Intimidate|FlareBlitz,KnockOff,FakeOut,PartingShot|||M|||50|,,,,,Flying]Indeedee-F||SafetyGoggles|PsychicSurge|Psychic,TeraBlast,FollowMe,TrickRoom|||F|||50|,,,,,Fighting]Exeggutor||FocusSash|Chlorophyll|ExpandingForce,EnergyBall,TrickRoom,SleepPowder|||M|||50|,,,,,Stellar]Torkoal||EjectPack|Drought|Eruption,HeatWave,Overheat,EarthPower|||F|||50|,,,,,Fire
|inactive|Battle timer is ON: inactive players will automatically lose when time's up. (requested by Wezly_ME)
|
|t:|1757697820
|teamsize|p1|4
|teamsize|p2|4
|start
|switch|p1a: Bellibolt|Bellibolt, L50, F|100/100
|switch|p1b: Indeedee|Indeedee, L50, M|100/100
|switch|p2a: Exeggutor|Exeggutor, L50, M|100/100
|switch|p2b: Indeedee|Indeedee-F, L50, F|100/100
|-fieldstart|move: Psychic Terrain|[from] ability: Psychic Surge|[of] p2b: Indeedee
|turn|1
|
|t:|1757697840
|switch|p1a: Sinistcha|Sinistcha, L50|100/100
|-terastallize|p2a: Exeggutor|Stellar
|move|p2a: Exeggutor|Expanding Force|p1b: Indeedee|[spread] p1a,p1b
|-resisted|p1b: Indeedee
|-damage|p1a: Sinistcha|19/100
|-damage|p1b: Indeedee|47/100
|-enditem|p1b: Indeedee|Sitrus Berry|[eat]
|-heal|p1b: Indeedee|72/100|[from] item: Sitrus Berry
|move|p2b: Indeedee|Psychic|p1a: Sinistcha
|-damage|p1a: Sinistcha|0 fnt
|faint|p1a: Sinistcha
|move|p1b: Indeedee|Trick Room|p1b: Indeedee
|-fieldstart|move: Trick Room|[of] p1b: Indeedee
|
|upkeep
|
|t:|1757697853
|switch|p1a: Ursaluna|Ursaluna-Bloodmoon, L50, M|100/100
|turn|2
|
|t:|1757697863
|-terastallize|p1a: Ursaluna|Fairy
|move|p2b: Indeedee|Follow Me|p2b: Indeedee
|-singleturn|p2b: Indeedee|move: Follow Me
|move|p1a: Ursaluna|Blood Moon|p2b: Indeedee
|-damage|p2b: Indeedee|16/100
|move|p1b: Indeedee|Expanding Force|p2b: Indeedee|[spread] p2a,p2b
|-resisted|p2a: Exeggutor
|-crit|p2a: Exeggutor
|-resisted|p2b: Indeedee
|-damage|p2a: Exeggutor|53/100
|-damage|p2b: Indeedee|0 fnt
|faint|p2b: Indeedee
|move|p2a: Exeggutor|Expanding Force|p1b: Indeedee|[spread] p1a,p1b
|-resisted|p1b: Indeedee
|-damage|p1a: Ursaluna|58/100
|-damage|p1b: Indeedee|30/100
|
|upkeep
|
|t:|1757697880
|switch|p2b: Corviknight|Corviknight, L50, M|100/100
|-enditem|p2b: Corviknight|Psychic Seed
|-boost|p2b: Corviknight|spd|1|[from] item: Psychic Seed
|turn|3
|
|t:|1757697895
|move|p1a: Ursaluna|Hyper Voice|p2a: Exeggutor|[spread] p2a,p2b
|-resisted|p2b: Corviknight
|-damage|p2a: Exeggutor|3/100
|-damage|p2b: Corviknight|87/100
|move|p2b: Corviknight|Brave Bird|p1a: Ursaluna
|-damage|p1a: Ursaluna|32/100
|-damage|p2b: Corviknight|79/100|[from] Recoil
|move|p1b: Indeedee|Expanding Force|p2b: Corviknight|[spread] p2a,p2b
|-resisted|p2a: Exeggutor
|-resisted|p2b: Corviknight
|-damage|p2a: Exeggutor|0 fnt
|-damage|p2b: Corviknight|62/100
|faint|p2a: Exeggutor
|
|upkeep
|
|t:|1757697906
|switch|p2a: Primarina|Primarina, L50, F|100/100
|turn|4
|
|t:|1757697913
|move|p1a: Ursaluna|Blood Moon|p2a: Primarina
|-damage|p2a: Primarina|27/100
|move|p2a: Primarina|Hyper Voice|p1b: Indeedee|[spread] p1a,p1b
|-damage|p1a: Ursaluna|0 fnt
|-damage|p1b: Indeedee|0 fnt
|faint|p1a: Ursaluna
|faint|p1b: Indeedee
|-damage|p2a: Primarina|18/100|[from] item: Life Orb
|move|p2b: Corviknight|Roost|p2b: Corviknight
|-heal|p2b: Corviknight|100/100
|-singleturn|p2b: Corviknight|move: Roost
|
|upkeep
|
|t:|1757697927
|switch|p1b: Bellibolt|Bellibolt, L50, F|100/100
|turn|5
|
|t:|1757697937
|move|p2a: Primarina|Protect|p2a: Primarina
|-singleturn|p2a: Primarina|Protect
|move|p1b: Bellibolt|Parabolic Charge|p2a: Primarina|[spread] p2b
|-activate|p2a: Primarina|move: Protect
|-supereffective|p2b: Corviknight
|-damage|p2b: Corviknight|75/100
|move|p2b: Corviknight|Body Press|p1b: Bellibolt
|-damage|p1b: Bellibolt|79/100
|-start|p1b: Bellibolt|Charge|Body Press|[from] ability: Electromorphosis
|
|-fieldend|move: Trick Room
|-fieldend|move: Psychic Terrain
|upkeep
|turn|6
|
|t:|1757697954
|move|p2b: Corviknight|Iron Defense|p2b: Corviknight
|-boost|p2b: Corviknight|def|2
|move|p2a: Primarina|Moonblast|p1b: Bellibolt
|-damage|p1b: Bellibolt|24/100
|-start|p1b: Bellibolt|Charge|Moonblast|[from] ability: Electromorphosis
|-damage|p2a: Primarina|8/100|[from] item: Life Orb
|move|p1b: Bellibolt|Acid Spray|p2b: Corviknight
|-immune|p2b: Corviknight
|
|upkeep
|turn|7
|-message|Wezly_ME forfeited.
|
|win|puli95
|l|☆Wezly_ME
|player|p1|
||puli95 is ready for game 3.
||Wezly_ME is ready for game 3.
|uhtml|next|Next: Game 3 of 3
