|j|☆lolgz
|j|☆merr123
|html|lolgzmerr123    
|uhtml|bestof|Game 3 of a best-of-3
|t:|1782438015
|gametype|doubles
|player|p1|lolgz|dawn|1188
|player|p2|merr123|1|1300
|gen|9
|tier|[Gen 9 Champions] VGC 2026 Reg M-B (Bo3)
|rated|
|rule|Species Clause: Limit one of each Pokémon
|rule|Item Clause: Limit 1 of each item
|clearpoke
|poke|p1|Mawile, L50, M|
|poke|p1|Sneasler, L50, M|
|poke|p1|Farigiraf, L50, F|
|poke|p1|Ampharos, L50, M|
|poke|p1|Vileplume, L50, F|
|poke|p1|Torkoal, L50, F|
|poke|p2|Sneasler, L50, M|
|poke|p2|Staraptor, L50, M|
|poke|p2|Manectric, L50, F|
|poke|p2|Sinistcha, L50|
|poke|p2|Kingambit, L50, F|
|poke|p2|Pelipper, L50, M|
|teampreview|4
|showteam|p1|Mawile||Mawilite|HyperCutter|PlayRough,SuckerPunch,SwordsDance,Protect|Serious||M|||50|]Sneasler||IronBall|PoisonTouch|FakeOut,DireClaw,CloseCombat,RockTomb|Brave||M|||50|]Farigiraf||SitrusBerry|ArmorTail|TrickRoom,Thunderbolt,Psychic,HelpingHand|Relaxed||F|||50|]Ampharos||Ampharosite|Static|Thunderbolt,DragonPulse,Protect,FocusBlast|Brave||M|||50|]Vileplume||FocusSash|Chlorophyll|SleepPowder,SludgeBomb,EnergyBall,AfterYou|Timid||F|||50|]Torkoal||Charcoal|Drought|Eruption,WeatherBall,EarthPower,Protect|Quiet||F|||50|
|showteam|p2|Sneasler||FocusSash|PoisonTouch|FakeOut,CloseCombat,DireClaw,Coaching|Jolly||M|||50|]Staraptor||Staraptite|Intimidate|CloseCombat,BraveBird,Tailwind,Protect|Adamant||M|||50|]Manectric||Manectite|LightningRod|Thunder,Snarl,VoltSwitch,Protect|Timid||F|||50|]Sinistcha||SitrusBerry|Hospitality|MatchaGotcha,RagePowder,TrickRoom,Protect|Calm|||||50|]Kingambit||BlackGlasses|Defiant|SwordsDance,KowtowCleave,SuckerPunch,Protect|Adamant||F|||50|]Pelipper||LifeOrb|Drizzle|WeatherBall,Hurricane,WideGuard,Protect|Calm||M|||50|
|inactive|Battle timer is ON: inactive players will automatically lose when time's up. (requested by merr123)
|inactive|lolgz also wants the timer to be on.
|inactive|merr123 has 60 seconds left.
|
|t:|1782438058
|teamsize|p1|4
|teamsize|p2|4
|start
|switch|p1a: Farigiraf|Farigiraf, L50, F|100/100
|switch|p1b: Sneasler|Sneasler, L50, M|100/100
|switch|p2a: Sneasler|Sneasler, L50, M|100/100
|switch|p2b: Staraptor|Staraptor, L50, M|100/100
|-ability|p2b: Staraptor|Intimidate|boost
|-unboost|p1a: Farigiraf|atk|1
|-unboost|p1b: Sneasler|atk|1
|turn|1
|
|t:|1782438077
|move|p1b: Sneasler|Fake Out|p2b: Staraptor
|-damage|p2b: Staraptor|85/100
|-status|p2b: Staraptor|psn|[from] ability: Poison Touch|[of] p1b: Sneasler
|move|p2a: Sneasler|Coaching|p2b: Staraptor
|-boost|p2b: Staraptor|atk|1
|-boost|p2b: Staraptor|def|1
|cant|p2b: Staraptor|flinch
|move|p1a: Farigiraf|Trick Room|p1a: Farigiraf
|-fieldstart|move: Trick Room|[of] p1a: Farigiraf
|
|-damage|p2b: Staraptor|73/100 psn|[from] psn
|upkeep
|turn|2
|
|t:|1782438095
|switch|p2a: Manectric|Manectric, L50, F|100/100
|move|p1b: Sneasler|Dire Claw|p2a: Manectric
|-damage|p2a: Manectric|40/100
|-status|p2a: Manectric|psn|[from] ability: Poison Touch|[of] p1b: Sneasler
|move|p1a: Farigiraf|Psychic|p2a: Manectric
|-crit|p2a: Manectric
|-damage|p2a: Manectric|0 fnt
|faint|p2a: Manectric
|move|p2b: Staraptor|Brave Bird|p1b: Sneasler
|-supereffective|p1b: Sneasler|1
|-damage|p1b: Sneasler|0 fnt
|faint|p1b: Sneasler
|-damage|p2b: Staraptor|41/100 psn|[from] Recoil
|
|-damage|p2b: Staraptor|29/100 psn|[from] psn
|upkeep
|
|t:|1782438106
|switch|p1b: Ampharos|Ampharos, L50, M|100/100
|switch|p2a: Kingambit|Kingambit, L50, F|100/100
|turn|3
|
|t:|1782438118
|detailschange|p1b: Ampharos|Ampharos-Mega, L50, M
|-mega|p1b: Ampharos|Ampharos|Ampharosite
|-ability|p1b: Ampharos|Mold Breaker
|detailschange|p2b: Staraptor|Staraptor-Mega, L50, M
|-mega|p2b: Staraptor|Staraptor|Staraptite
|move|p1b: Ampharos|Focus Blast|p2a: Kingambit|[miss]
|-miss|p1b: Ampharos|p2a: Kingambit
|move|p2a: Kingambit|Swords Dance|p2a: Kingambit
|-boost|p2a: Kingambit|atk|2
|move|p1a: Farigiraf|Thunderbolt|p2b: Staraptor
|-supereffective|p2b: Staraptor|1
|-damage|p2b: Staraptor|0 fnt
|faint|p2b: Staraptor
|
|upkeep
|
|t:|1782438128
|switch|p2b: Sneasler|Sneasler, L50, M|100/100
|turn|4
|
|t:|1782438135
|move|p2a: Kingambit|Protect|p2a: Kingambit
|-singleturn|p2a: Kingambit|Protect
|move|p1b: Ampharos|Focus Blast|p2a: Kingambit
|-activate|p2a: Kingambit|move: Protect
|move|p1a: Farigiraf|Psychic|p2b: Sneasler
|-supereffective|p2b: Sneasler|2
|-enditem|p2b: Sneasler|Focus Sash
|-damage|p2b: Sneasler|1/100
|move|p2b: Sneasler|Dire Claw|p1b: Ampharos
|-damage|p1b: Ampharos|64/100
|
|upkeep
|turn|5
|
|t:|1782438149
|move|p1b: Ampharos|Focus Blast|p2a: Kingambit
|-supereffective|p2a: Kingambit|2
|-damage|p2a: Kingambit|0 fnt
|faint|p2a: Kingambit
|move|p1a: Farigiraf|Psychic|p2b: Sneasler
|-supereffective|p2b: Sneasler|2
|-damage|p2b: Sneasler|0 fnt
|faint|p2b: Sneasler
|
|win|lolgz
|raw|lolgz's rating: 1188 → 1221(+33 for winning)
|raw|merr123's rating: 1300 → 1267(-33 for losing)
