|j|☆LyricSum
|j|☆LynxVGC
|html|LyricSumLynxVGC    
|uhtml|bestof|Game 3 of a best-of-3
|t:|1784279503
|gametype|doubles
|player|p1|LyricSum|veteran|1160
|player|p2|LynxVGC|larry|1271
|gen|9
|tier|[Gen 9 Champions] VGC 2026 Reg M-B (Bo3)
|rated|
|rule|Species Clause: Limit one of each Pokémon
|rule|Item Clause: Limit 1 of each item
|clearpoke
|poke|p1|Skarmory, L50, F|
|poke|p1|Annihilape, L50, M|
|poke|p1|Maushold-Four, L50|
|poke|p1|Politoed, L50, M|
|poke|p1|Incineroar, L50, M|
|poke|p1|Gengar, L50, M|
|poke|p2|Basculegion, L50, M|
|poke|p2|Kingambit, L50, M|
|poke|p2|Maushold, L50|
|poke|p2|Gardevoir, L50, F|
|poke|p2|Talonflame, L50, F|
|poke|p2|Garchomp, L50, F|
|teampreview|4
|showteam|p1|Skarmory||Skarmorite|Sturdy|Tailwind,BraveBird,IronHead,RockTomb|Adamant||F|||50|]Annihilape||Leftovers|Defiant|BulkUp,DrainPunch,RageFist,Protect|Jolly||M|||50|]Maushold-Four||WideLens|Technician|PopulationBomb,BeatUp,FollowMe,Protect|Jolly|||||50|]Politoed||DampRock|Drizzle|WeatherBall,IceBeam,PerishSong,Protect|Modest||M|||50|]Incineroar||SitrusBerry|Intimidate|FakeOut,FlareBlitz,ThroatChop,PartingShot|Impish||M|||50|]Gengar||Gengarite|CursedBody|SludgeBomb,ShadowBall,PerishSong,Protect|Timid||M|||50|
|showteam|p2|Basculegion||ChoiceScarf|Adaptability|FlipTurn,AquaJet,WaveCrash,LastRespects|Jolly||M|||50|]Kingambit||BlackGlasses|Defiant|KowtowCleave,Protect,SuckerPunch,IronHead|Adamant||M|||50|]Maushold||FocusSash|FriendGuard|SuperFang,FollowMe,Taunt,Protect|Timid|||||50|]Gardevoir||Gardevoirite|Telepathy|HyperVoice,Psyshock,VacuumWave,Protect|Modest||F|||50|]Talonflame||SharpBeak|GaleWings|BraveBird,Tailwind,QuickGuard,FlareBlitz|Jolly||F|||50|]Garchomp||LifeOrb|RoughSkin|DragonClaw,Earthquake,RockTomb,Protect|Jolly||F|||50|
|inactive|Battle timer is ON: inactive players will automatically lose when time's up. (requested by LyricSum)
|inactive|LynxVGC has 60 seconds left.
|
|t:|1784279538
|teamsize|p1|4
|teamsize|p2|4
|start
|switch|p1a: Maushold|Maushold-Four, L50|100/100
|switch|p1b: Gengar|Gengar, L50, M|100/100
|switch|p2a: Basculegion|Basculegion, L50, M|100/100
|switch|p2b: Kingambit|Kingambit, L50, M|100/100
|turn|1
|inactive|LynxVGC has 30 seconds left.
|
|t:|1784279571
|detailschange|p1b: Gengar|Gengar-Mega, L50, M
|-mega|p1b: Gengar|Gengar|Gengarite
|move|p1a: Maushold|Follow Me|p1a: Maushold
|-singleturn|p1a: Maushold|move: Follow Me
|move|p2a: Basculegion|Wave Crash|p1a: Maushold
|-damage|p1a: Maushold|0 fnt
|faint|p1a: Maushold
|-damage|p2a: Basculegion|75/100|[from] Recoil
|move|p1b: Gengar|Perish Song|p1b: Gengar
|-start|p1b: Gengar|perish3|[silent]
|-start|p2a: Basculegion|perish3|[silent]
|-start|p2b: Kingambit|perish3|[silent]
|-fieldactivate|move: Perish Song
|move|p2b: Kingambit|Kowtow Cleave|p1b: Gengar
|-supereffective|p1b: Gengar|1
|-damage|p1b: Gengar|0 fnt
|faint|p1b: Gengar
|
|-start|p2a: Basculegion|perish3
|-start|p2b: Kingambit|perish3
|upkeep
|
|t:|1784279595
|switch|p1b: Annihilape|Annihilape, L50, M|100/100
|switch|p1a: Incineroar|Incineroar, L50, M|100/100
|-ability|p1a: Incineroar|Intimidate|boost
|-unboost|p2a: Basculegion|atk|1
|-unboost|p2b: Kingambit|atk|1
|-ability|p2b: Kingambit|Defiant|boost
|-boost|p2b: Kingambit|atk|2
|turn|2
|inactive|LynxVGC has 30 seconds left.
|
|t:|1784279628
|switch|p2b: Maushold|Maushold, L50|100/100
|move|p2a: Basculegion|Wave Crash|p1a: Incineroar
|-supereffective|p1a: Incineroar|1
|-damage|p1a: Incineroar|28/100
|-enditem|p1a: Incineroar|Sitrus Berry|[eat]
|-heal|p1a: Incineroar|53/100|[from] item: Sitrus Berry
|-damage|p2a: Basculegion|51/100|[from] Recoil
|move|p1b: Annihilape|Rage Fist|p2a: Basculegion
|-supereffective|p2a: Basculegion|1
|-damage|p2a: Basculegion|8/100
|move|p1a: Incineroar|Flare Blitz|p2b: Maushold
|-damage|p2b: Maushold|41/100
|-damage|p1a: Incineroar|36/100|[from] Recoil
|
|-start|p2a: Basculegion|perish2
|upkeep
|turn|3
|inactive|LyricSum has 30 seconds left.
|inactive|LynxVGC has 30 seconds left.
|
|t:|1784279655
|switch|p2a: Garchomp|Garchomp, L50, F|100/100
|move|p2b: Maushold|Taunt|p1b: Annihilape
|-start|p1b: Annihilape|move: Taunt
|cant|p1b: Annihilape|move: Taunt|Bulk Up
|move|p1a: Incineroar|Throat Chop|p2a: Garchomp
|-damage|p2a: Garchomp|77/100
|-start|p2a: Garchomp|Throat Chop|[silent]
|-damage|p1a: Incineroar|23/100|[from] ability: Rough Skin|[of] p2a: Garchomp
|
|upkeep
|turn|4
|
|t:|1784279670
|move|p2b: Maushold|Follow Me|p2b: Maushold
|-singleturn|p2b: Maushold|move: Follow Me
|move|p2a: Garchomp|Rock Tomb|p1a: Incineroar
|-supereffective|p1a: Incineroar|1
|-damage|p1a: Incineroar|0 fnt
|faint|p1a: Incineroar
|-damage|p2a: Garchomp|68/100|[from] item: Life Orb
|move|p1b: Annihilape|Rage Fist|p2b: Maushold
|-immune|p2b: Maushold
|
|-end|p2a: Garchomp|Throat Chop|[silent]
|upkeep
|turn|5
|inactive|LynxVGC has 30 seconds left.
|-message|LyricSum forfeited.
|
|win|LynxVGC
|raw|LyricSum's rating: 1160 → 1143(-17 for losing)
|raw|LynxVGC's rating: 1271 → 1288(+17 for winning)
|l|☆LyricSum
|player|p1|
