|j|☆stalruth
|j|☆P!nkbearz07
|html|stalruthP!nkbearz07    
|uhtml|bestof|Game 2 of a best-of-3
|t:|1757652609
|gametype|doubles
|player|p1|stalruth|102|1000
|player|p2|P!nkbearz07|marlon|1078
|gen|9
|tier|[Gen 9] VGC 2025 Reg H (Bo3)
|rated|
|rule|Species Clause: Limit one of each Pokémon
|rule|Item Clause: Limit 1 of each item
|clearpoke
|poke|p1|Volcarona, L50, F|
|poke|p1|Basculegion, L50, M|
|poke|p1|Rillaboom, L50, F|
|poke|p1|Ninetales-Alola, L50, F|
|poke|p1|Kingambit, L50, F|
|poke|p1|Electabuzz, L50, M|
|poke|p2|Whimsicott, L50, F|
|poke|p2|Lurantis, L50, M|
|poke|p2|Tsareena, L50, F|
|poke|p2|Sunflora, L50, F|
|poke|p2|Rillaboom, L50, F|
|poke|p2|Appletun, L50, M|
|teampreview|4
|showteam|p1|Volcarona||GrassySeed|FlameBody|HeatWave,GigaDrain,QuiverDance,Protect|||F|||50|,,,,,Grass]Basculegion||ChoiceScarf|Adaptability|WaveCrash,LastRespects,Outrage,FlipTurn|||M|||50|,,,,,Dragon]Rillaboom||AssaultVest|GrassySurge|WoodHammer,GrassyGlide,HighHorsepower,FakeOut|||F|||50|,,,,,Fire]Ninetales-Alola||FocusSash|SnowWarning|Blizzard,Encore,Disable,Protect|||F|||50|,,,,,Ghost]Kingambit||SafetyGoggles|Defiant|KowtowCleave,SuckerPunch,SwordsDance,Protect|||F|||50|,,,,,Dark]Electabuzz||Eviolite|VitalSpirit|Thunderbolt,FollowMe,Taunt,HelpingHand|||M|||50|,,,,,Fairy
|showteam|p2|Whimsicott||FocusSash|Prankster|Moonblast,Tailwind,FakeTears,Tickle|||F|||50|,,,,,Ghost]Lurantis||CovertCloak|Contrary|LeafStorm,Superpower,GrassyGlide,Protect|||M|||50|,,,,,Rock]Tsareena||GrassySeed|QueenlyMajesty|Acrobatics,HighJumpKick,SeedBomb,Protect|||F|||50|,,,,,Flying]Sunflora||LifeOrb|SolarPower|EnergyBall,EarthPower,DazzlingGleam,Protect|||F|||50|,,,,,Stellar]Rillaboom||AssaultVest|GrassySurge|FakeOut,GrassyGlide,WoodHammer,Uturn|||F|||50|,,,,,Water]Appletun||Leftovers|ThickFat|LightScreen,Reflect,LeechSeed,BodyPress|||M|||50|,,,,,Water
|inactive|Battle timer is ON: inactive players will automatically lose when time's up. (requested by P!nkbearz07)
|inactive|stalruth has 60 seconds left.
|
|t:|1757652640
|teamsize|p1|4
|teamsize|p2|4
|start
|switch|p1a: Volcarona|Volcarona, L50, F|100/100
|switch|p1b: Rillaboom|Rillaboom, L50, F|100/100
|switch|p2a: Tsareena|Tsareena, L50, F, shiny|100/100
|switch|p2b: Rillaboom|Rillaboom, L50, F, shiny|100/100
|-fieldstart|move: Grassy Terrain|[from] ability: Grassy Surge|[of] p1b: Rillaboom
|-enditem|p1a: Volcarona|Grassy Seed
|-boost|p1a: Volcarona|def|1|[from] item: Grassy Seed
|-enditem|p2a: Tsareena|Grassy Seed
|-boost|p2a: Tsareena|def|1|[from] item: Grassy Seed
|turn|1
|
|t:|1757652665
|switch|p1b: Electabuzz|Electabuzz, L50, M|100/100
|move|p1a: Volcarona|Protect|p1a: Volcarona
|-singleturn|p1a: Volcarona|Protect
|move|p2b: Rillaboom|Fake Out|p1b: Electabuzz
|-damage|p1b: Electabuzz|91/100
|move|p2a: Tsareena|Acrobatics|p1a: Volcarona
|-activate|p1a: Volcarona|move: Protect
|
|-heal|p1b: Electabuzz|96/100|[from] Grassy Terrain
|upkeep
|turn|2
|
|t:|1757652683
|move|p2a: Tsareena|Protect|p2a: Tsareena
|-singleturn|p2a: Tsareena|Protect
|move|p1b: Electabuzz|Follow Me|p1b: Electabuzz
|-singleturn|p1b: Electabuzz|move: Follow Me
|move|p1a: Volcarona|Quiver Dance|p1a: Volcarona
|-boost|p1a: Volcarona|spa|1
|-boost|p1a: Volcarona|spd|1
|-boost|p1a: Volcarona|spe|1
|move|p2b: Rillaboom|Wood Hammer|p1b: Electabuzz
|-damage|p1b: Electabuzz|39/100
|-damage|p2b: Rillaboom|83/100|[from] Recoil
|
|-heal|p1b: Electabuzz|45/100|[from] Grassy Terrain
|-heal|p2b: Rillaboom|90/100|[from] Grassy Terrain
|upkeep
|turn|3
|
|t:|1757652703
|switch|p2a: Whimsicott|Whimsicott, L50, F, shiny|100/100
|move|p1b: Electabuzz|Helping Hand|p1a: Volcarona
|-singleturn|p1a: Volcarona|Helping Hand|[of] p1b: Electabuzz
|move|p1a: Volcarona|Heat Wave|p2b: Rillaboom|[spread] p2a,p2b
|-supereffective|p2a: Whimsicott
|-supereffective|p2b: Rillaboom
|-enditem|p2a: Whimsicott|Focus Sash
|-damage|p2a: Whimsicott|1/100
|-damage|p2b: Rillaboom|0 fnt
|faint|p2b: Rillaboom
|
|-heal|p2a: Whimsicott|7/100|[from] Grassy Terrain
|-heal|p1b: Electabuzz|50/100|[from] Grassy Terrain
|upkeep
|
|t:|1757652714
|switch|p2b: Lurantis|Lurantis, L50, M, shiny|100/100
|turn|4
|
|t:|1757652728
|-terastallize|p2b: Lurantis|Rock
|move|p1b: Electabuzz|Follow Me|p1b: Electabuzz
|-singleturn|p1b: Electabuzz|move: Follow Me
|move|p2a: Whimsicott|Tailwind|p2a: Whimsicott
|-sidestart|p2: P!nkbearz07|move: Tailwind
|move|p1a: Volcarona|Heat Wave|p2a: Whimsicott|[spread] p2a,p2b
|-supereffective|p2a: Whimsicott
|-resisted|p2b: Lurantis
|-damage|p2a: Whimsicott|0 fnt
|-damage|p2b: Lurantis|69/100
|faint|p2a: Whimsicott
|move|p2b: Lurantis|Superpower|p1b: Electabuzz
|-damage|p1b: Electabuzz|20/100
|-boost|p2b: Lurantis|atk|1
|-boost|p2b: Lurantis|def|1
|
|-heal|p2b: Lurantis|75/100|[from] Grassy Terrain
|-heal|p1b: Electabuzz|26/100|[from] Grassy Terrain
|upkeep
|
|t:|1757652736
|switch|p2a: Tsareena|Tsareena, L50, F, shiny|100/100
|turn|5
|
|t:|1757652755
|move|p1b: Electabuzz|Follow Me|p1b: Electabuzz
|-singleturn|p1b: Electabuzz|move: Follow Me
|move|p2b: Lurantis|Grassy Glide|p1b: Electabuzz
|-damage|p1b: Electabuzz|0 fnt
|faint|p1b: Electabuzz
|move|p1a: Volcarona|Heat Wave|p2b: Lurantis|[spread] p2a,p2b
|-supereffective|p2a: Tsareena
|-resisted|p2b: Lurantis
|-damage|p2a: Tsareena|0 fnt
|-damage|p2b: Lurantis|45/100
|faint|p2a: Tsareena
|
|-heal|p2b: Lurantis|52/100|[from] Grassy Terrain
|-fieldend|move: Grassy Terrain
|upkeep
|
|t:|1757652766
|switch|p1b: Rillaboom|Rillaboom, L50, F|100/100
|-fieldstart|move: Grassy Terrain|[from] ability: Grassy Surge|[of] p1b: Rillaboom
|turn|6
|-message|P!nkbearz07 forfeited.
|
|win|stalruth
|raw|stalruth's rating: 1000 → 1049(+49 for winning)
|raw|P!nkbearz07's rating: 1078 → 1052(-26 for losing)
