|j|☆hugoggg
|j|☆ShukuDeUva
|html|hugogggShukuDeUva    
|uhtml|bestof|Game 2 of a best-of-3
|t:|1784136967
|gametype|doubles
|player|p1|hugoggg|169|
|player|p2|ShukuDeUva|102|
|gen|9
|tier|[Gen 9 Champions] VGC 2026 Reg M-B (Bo3)
|rule|Species Clause: Limit one of each Pokémon
|rule|Item Clause: Limit 1 of each item
|clearpoke
|poke|p1|Delphox, L50, F|
|poke|p1|Garchomp, L50, F|
|poke|p1|Gengar, L50, F|
|poke|p1|Sinistcha, L50|
|poke|p1|Sneasler, L50, M|
|poke|p1|Altaria, L50, F|
|poke|p2|Garchomp, L50, M|
|poke|p2|Venusaur, L50, M|
|poke|p2|Incineroar, L50, F|
|poke|p2|Charizard, L50, M|
|poke|p2|Toxapex, L50, M|
|poke|p2|Annihilape, L50, M|
|teampreview|4
|showteam|p1|Delphox||Delphoxite|Magician|HeatWave,Psychic,NastyPlot,Protect|Timid||F|||50|]Garchomp||ChoiceScarf|RoughSkin|Earthquake,StoneEdge,DragonClaw,StompingTantrum|Adamant||F|||50|]Gengar||Gengarite|CursedBody|ShadowBall,SludgeBomb,Disable,Protect|Timid||F|||50|]Sinistcha||KasibBerry|Hospitality|MatchaGotcha,LifeDew,RagePowder,Protect|Bold|||||50|]Sneasler||LifeOrb|PoisonTouch|FakeOut,CloseCombat,GunkShot,ThroatChop|Adamant||M|||50|]Altaria||SitrusBerry|CloudNine|PerishSong,WillOWisp,PowerSwap,DracoMeteor|Bold||F|||50|
|showteam|p2|Garchomp||ChoiceScarf|RoughSkin|Earthquake,RockSlide,DragonClaw,StompingTantrum|Adamant||M|||50|]Venusaur||LifeOrb|Chlorophyll|SludgeBomb,SolarBeam,EarthPower,Protect|Modest||M|||50|]Incineroar||SitrusBerry|Intimidate|FakeOut,FlareBlitz,ThroatChop,PartingShot|Impish||F|||50|]Charizard||CharizarditeY|Blaze|HeatWave,WeatherBall,Protect,HelpingHand|Modest||M|||50|]Toxapex||Leftovers|Regenerator|Infestation,Toxic,WideGuard,BanefulBunker|Bold||M|||50|]Annihilape||FocusSash|Defiant|CloseCombat,PhantomForce,RockTomb,Protect|Jolly||M|||50|
|
|t:|1784137028
|teamsize|p1|4
|teamsize|p2|4
|start
|switch|p1a: Delphox|Delphox, L50, F|100/100
|switch|p1b: Sneasler|Sneasler, L50, M|100/100
|switch|p2a: Charizard|Charizard, L50, M|100/100
|switch|p2b: Venusaur|Venusaur, L50, M|100/100
|turn|1
|
|t:|1784137063
|detailschange|p1a: Delphox|Delphox-Mega, L50, F
|-mega|p1a: Delphox|Delphox|Delphoxite
|detailschange|p2a: Charizard|Charizard-Mega-Y, L50, M
|-mega|p2a: Charizard|Charizard|Charizardite Y
|-weather|SunnyDay|[from] ability: Drought|[of] p2a: Charizard
|move|p1b: Sneasler|Fake Out|p2b: Venusaur
|-damage|p2b: Venusaur|74/100
|-damage|p1b: Sneasler|90/100|[from] item: Life Orb
|cant|p2b: Venusaur|flinch
|move|p1a: Delphox|Nasty Plot|p1a: Delphox
|-boost|p1a: Delphox|spa|2
|move|p2a: Charizard|Weather Ball|p1b: Sneasler
|-damage|p1b: Sneasler|0 fnt
|faint|p1b: Sneasler
|
|-weather|SunnyDay|[upkeep]
|upkeep
|
|t:|1784137076
|switch|p1b: Altaria|Altaria, L50, F|100/100
|-ability|p1b: Altaria|Cloud Nine
|turn|2
|
|t:|1784137103
|switch|p2b: Incineroar|Incineroar, L50, F|100/100
|-ability|p2b: Incineroar|Intimidate|boost
|-unboost|p1a: Delphox|atk|1
|-unboost|p1b: Altaria|atk|1
|move|p1a: Delphox|Heat Wave|p2a: Charizard|[spread] p2a
|-miss|p1a: Delphox|p2b: Incineroar
|-resisted|p2a: Charizard|1
|-damage|p2a: Charizard|67/100
|move|p2a: Charizard|Weather Ball|p1b: Altaria
|-damage|p1b: Altaria|82/100
|move|p1b: Altaria|Draco Meteor|p2a: Charizard
|-damage|p2a: Charizard|39/100
|-unboost|p1b: Altaria|spa|2
|
|-weather|SunnyDay|[upkeep]
|upkeep
|turn|3
|
|t:|1784137137
|switch|p2a: Garchomp|Garchomp, L50, M|100/100
|switch|p1b: Garchomp|Garchomp, L50, F|100/100
|move|p1a: Delphox|Protect|p1a: Delphox
|-singleturn|p1a: Delphox|Protect
|move|p2b: Incineroar|Fake Out|p1a: Delphox
|-activate|p1a: Delphox|move: Protect
|
|-weather|SunnyDay|[upkeep]
|upkeep
|turn|4
|
|t:|1784137160
|move|p2a: Garchomp|Dragon Claw|p1b: Garchomp
|-supereffective|p1b: Garchomp|1
|-damage|p1b: Garchomp|15/100
|-damage|p2a: Garchomp|87/100|[from] ability: Rough Skin|[of] p1b: Garchomp
|move|p1b: Garchomp|Earthquake|p2b: Incineroar|[spread] p2a,p2b
|-immune|p1a: Delphox|[from] ability: Levitate
|-supereffective|p2b: Incineroar|1
|-damage|p2a: Garchomp|49/100
|-damage|p2b: Incineroar|36/100
|-enditem|p2b: Incineroar|Sitrus Berry|[eat]
|-heal|p2b: Incineroar|61/100|[from] item: Sitrus Berry
|move|p1a: Delphox|Psychic|p2a: Garchomp
|-crit|p2a: Garchomp
|-damage|p2a: Garchomp|0 fnt
|faint|p2a: Garchomp
|move|p2b: Incineroar|Throat Chop|p1a: Delphox
|-supereffective|p1a: Delphox|1
|-damage|p1a: Delphox|17/100
|-start|p1a: Delphox|Throat Chop|[silent]
|
|-weather|SunnyDay|[upkeep]
|upkeep
|
|t:|1784137182
|switch|p2a: Charizard|Charizard-Mega-Y, L50, M|39/100
|turn|5
|
|t:|1784137192
|move|p1b: Garchomp|Earthquake|p2a: Charizard|[spread] p2b
|-immune|p1a: Delphox|[from] ability: Levitate
|-immune|p2a: Charizard
|-supereffective|p2b: Incineroar|1
|-damage|p2b: Incineroar|0 fnt
|faint|p2b: Incineroar
|move|p1a: Delphox|Psychic|p2a: Charizard
|-damage|p2a: Charizard|0 fnt
|faint|p2a: Charizard
|
|-weather|none
|-end|p1a: Delphox|Throat Chop|[silent]
|upkeep
|
|t:|1784137203
|switch|p2a: Venusaur|Venusaur, L50, M|74/100
|turn|6
|
|t:|1784137207
|move|p1b: Garchomp|Earthquake|p2a: Venusaur|[spread] p2a
|-immune|p1a: Delphox|[from] ability: Levitate
|-damage|p2a: Venusaur|27/100
|move|p1a: Delphox|Psychic|p2a: Venusaur
|-supereffective|p2a: Venusaur|1
|-damage|p2a: Venusaur|0 fnt
|faint|p2a: Venusaur
|
|win|hugoggg
|c|☆hugoggg|ggwp!
|c|☆ShukuDeUva|gg
|l|☆ShukuDeUva
|player|p2|
