|j|☆TeraShellBell
|j|☆movilnhanez
|html|TeraShellBellmovilnhanez    
|uhtml|bestof|Game 1 of a best-of-3
|t:|1757937993
|gametype|doubles
|player|p1|TeraShellBell|steven|1090
|player|p2|movilnhanez|rood|1045
|gen|9
|tier|[Gen 9] VGC 2025 Reg H (Bo3)
|rated|
|rule|Species Clause: Limit one of each Pokémon
|rule|Item Clause: Limit 1 of each item
|clearpoke
|poke|p1|Archaludon, L50, M|
|poke|p1|Basculegion, L50, M|
|poke|p1|Pelipper, L50, F|
|poke|p1|Amoonguss, L50, M|
|poke|p1|Incineroar, L50, M|
|poke|p1|Maushold, L50|
|poke|p2|Volcarona, L50, M|
|poke|p2|Rillaboom, L50, F|
|poke|p2|Sneasler, L50, F|
|poke|p2|Kingambit, L50, F|
|poke|p2|Dragonite, L50, F|
|poke|p2|Electabuzz, L50, F|
|teampreview|4
|showteam|p1|Archaludon||AssaultVest|Stamina|ElectroShot,DragonPulse,FlashCannon,BodyPress|||M|||50|,,,,,Grass]Basculegion||MysticWater|SwiftSwim|Protect,WaveCrash,AquaJet,LastRespects|||M|||50|,,,,,Water]Pelipper||FocusSash|Drizzle|Hurricane,WeatherBall,Tailwind,Protect|||F|||50|,,,,,Ghost]Amoonguss||SitrusBerry|Regenerator|Spore,RagePowder,PollenPuff,ClearSmog|||M|||50|,,,,,Water]Incineroar||SafetyGoggles|Intimidate|FakeOut,FlareBlitz,KnockOff,PartingShot|||M|||50|,,,,,Ghost]Maushold||WideLens|Technician|PopulationBomb,FollowMe,Taunt,Protect||||||50|,,,,,Grass
|showteam|p2|Volcarona||Leftovers|FlameBody|HeatWave,QuiverDance,Protect,GigaDrain|||M|||50|,,,,,Dragon]Rillaboom||AssaultVest|GrassySurge|FakeOut,GrassyGlide,WoodHammer,HighHorsepower|||F|||50|,,,,,Fire]Sneasler||FocusSash|Unburden|CloseCombat,DireClaw,Protect,FakeOut|||F|||50|,,,,,Stellar]Kingambit||BlackGlasses|Defiant|SuckerPunch,KowtowCleave,Protect,SwordsDance|||F|||50|,,,,,Dark]Dragonite||LoadedDice|Multiscale|ScaleShot,Protect,Haze,ExtremeSpeed|||F|||50|,,,,,Fairy]Electabuzz||Eviolite|VitalSpirit|Electroweb,Taunt,Protect,FollowMe|||F|||50|,,,,,Dragon
|inactive|Battle timer is ON: inactive players will automatically lose when time's up. (requested by movilnhanez)
|inactive|TeraShellBell has 60 seconds left.
|inactive|movilnhanez has 60 seconds left.
|
|t:|1757938042
|teamsize|p1|4
|teamsize|p2|4
|start
|switch|p1a: Archaludon|Archaludon, L50, M|100/100
|switch|p1b: Maushold|Maushold, L50|100/100
|switch|p2a: Electabuzz|Electabuzz, L50, F|100/100
|switch|p2b: Sneasler|Sneasler, L50, F|100/100
|turn|1
|inactive|TeraShellBell has 30 seconds left.
|inactive|TeraShellBell has 20 seconds left.
|
|t:|1757938079
|move|p1b: Maushold|Protect|p1b: Maushold
|-singleturn|p1b: Maushold|Protect
|move|p2a: Electabuzz|Follow Me|p2a: Electabuzz
|-singleturn|p2a: Electabuzz|move: Follow Me
|move|p2b: Sneasler|Close Combat|p1a: Archaludon
|-supereffective|p1a: Archaludon
|-damage|p1a: Archaludon|11/100
|-unboost|p2b: Sneasler|def|1
|-unboost|p2b: Sneasler|spd|1
|-ability|p1a: Archaludon|Stamina|boost
|-boost|p1a: Archaludon|def|1
|move|p1a: Archaludon|Dragon Pulse|p2a: Electabuzz
|-damage|p2a: Electabuzz|67/100
|
|upkeep
|turn|2
|inactive|TeraShellBell has 30 seconds left.
|inactive|TeraShellBell has 20 seconds left.
|
|t:|1757938116
|switch|p1b: Basculegion|Basculegion, L50, M|100/100
|move|p2a: Electabuzz|Follow Me|p2a: Electabuzz
|-singleturn|p2a: Electabuzz|move: Follow Me
|move|p2b: Sneasler|Close Combat|p1a: Archaludon
|-supereffective|p1a: Archaludon
|-damage|p1a: Archaludon|0 fnt
|-unboost|p2b: Sneasler|def|1
|-unboost|p2b: Sneasler|spd|1
|faint|p1a: Archaludon
|
|upkeep
|
|t:|1757938131
|switch|p1a: Pelipper|Pelipper, L50, F|100/100
|-weather|RainDance|[from] ability: Drizzle|[of] p1a: Pelipper
|turn|3
|
|t:|1757938148
|move|p2b: Sneasler|Protect|p2b: Sneasler
|-singleturn|p2b: Sneasler|Protect
|move|p1b: Basculegion|Wave Crash|p2a: Electabuzz
|-crit|p2a: Electabuzz
|-damage|p2a: Electabuzz|0 fnt
|faint|p2a: Electabuzz
|-damage|p1b: Basculegion|82/100|[from] Recoil
|move|p1a: Pelipper|Hurricane|p2b: Sneasler
|-activate|p2b: Sneasler|move: Protect
|
|-weather|RainDance|[upkeep]
|upkeep
|
|t:|1757938159
|switch|p2a: Rillaboom|Rillaboom, L50, F|100/100
|-fieldstart|move: Grassy Terrain|[from] ability: Grassy Surge|[of] p2a: Rillaboom
|turn|4
|inactive|movilnhanez has 30 seconds left.
|
|t:|1757938193
|move|p1b: Basculegion|Protect|p1b: Basculegion
|-singleturn|p1b: Basculegion|Protect
|move|p2a: Rillaboom|Grassy Glide|p1b: Basculegion
|-activate|p1b: Basculegion|move: Protect
|move|p2b: Sneasler|Dire Claw|p1a: Pelipper
|-damage|p1a: Pelipper|40/100
|move|p1a: Pelipper|Hurricane|p2a: Rillaboom
|-supereffective|p2a: Rillaboom
|-damage|p2a: Rillaboom|42/100
|
|-weather|RainDance|[upkeep]
|-heal|p1b: Basculegion|88/100|[from] Grassy Terrain
|-heal|p2a: Rillaboom|48/100|[from] Grassy Terrain
|upkeep
|turn|5
|inactive|TeraShellBell has 30 seconds left.
|inactive|TeraShellBell has 20 seconds left.
|
|t:|1757938230
|-terastallize|p1a: Pelipper|Ghost
|move|p1b: Basculegion|Aqua Jet|p2b: Sneasler
|-enditem|p2b: Sneasler|Focus Sash
|-damage|p2b: Sneasler|1/100
|move|p2a: Rillaboom|Grassy Glide|p1b: Basculegion
|-supereffective|p1b: Basculegion
|-damage|p1b: Basculegion|0 fnt
|faint|p1b: Basculegion
|move|p2b: Sneasler|Dire Claw|p1a: Pelipper
|-resisted|p1a: Pelipper
|-damage|p1a: Pelipper|10/100
|move|p1a: Pelipper|Weather Ball|p2b: Sneasler
|-crit|p2b: Sneasler
|-damage|p2b: Sneasler|0 fnt
|faint|p2b: Sneasler
|
|-weather|RainDance|[upkeep]
|-heal|p1a: Pelipper|16/100|[from] Grassy Terrain
|-heal|p2a: Rillaboom|54/100|[from] Grassy Terrain
|upkeep
|
|t:|1757938247
|switch|p2b: Volcarona|Volcarona, L50, M|100/100
|switch|p1b: Maushold|Maushold, L50|100/100
|turn|6
|
|t:|1757938269
|-terastallize|p2b: Volcarona|Dragon
|move|p1a: Pelipper|Protect|p1a: Pelipper
|-singleturn|p1a: Pelipper|Protect
|move|p2a: Rillaboom|Grassy Glide|p1a: Pelipper
|-activate|p1a: Pelipper|move: Protect
|move|p1b: Maushold|Taunt|p2b: Volcarona
|-start|p2b: Volcarona|move: Taunt
|move|p2b: Volcarona|Giga Drain|p1b: Maushold
|-damage|p1b: Maushold|54/100
|
|-weather|RainDance|[upkeep]
|-heal|p1b: Maushold|60/100|[from] Grassy Terrain
|-heal|p1a: Pelipper|22/100|[from] Grassy Terrain
|-heal|p2a: Rillaboom|60/100|[from] Grassy Terrain
|upkeep
|turn|7
|
|t:|1757938290
|move|p2a: Rillaboom|Grassy Glide|p1a: Pelipper
|-damage|p1a: Pelipper|0 fnt
|faint|p1a: Pelipper
|move|p1b: Maushold|Population Bomb|p2a: Rillaboom
|-damage|p2a: Rillaboom|49/100
|-damage|p2a: Rillaboom|39/100
|-damage|p2a: Rillaboom|28/100
|-damage|p2a: Rillaboom|16/100
|-damage|p2a: Rillaboom|5/100
|-damage|p2a: Rillaboom|0 fnt
|faint|p2a: Rillaboom
|-hitcount|p2: Rillaboom|6
|move|p2b: Volcarona|Giga Drain|p1b: Maushold
|-damage|p1b: Maushold|14/100
|
|-weather|none
|-heal|p1b: Maushold|20/100|[from] Grassy Terrain
|upkeep
|turn|8
|
|t:|1757938307
|move|p1b: Maushold|Population Bomb|p2b: Volcarona
|-damage|p2b: Volcarona|88/100
|-damage|p2b: Volcarona|75/100
|-status|p1b: Maushold|brn|[from] ability: Flame Body|[of] p2b: Volcarona
|-damage|p2b: Volcarona|69/100
|-damage|p2b: Volcarona|63/100
|-damage|p2b: Volcarona|56/100
|-damage|p2b: Volcarona|50/100
|-damage|p2b: Volcarona|45/100
|-damage|p2b: Volcarona|39/100
|-damage|p2b: Volcarona|32/100
|-damage|p2b: Volcarona|26/100
|-hitcount|p2b: Volcarona|10
|move|p2b: Volcarona|Giga Drain|p1b: Maushold
|-damage|p1b: Maushold|0 fnt
|-heal|p2b: Volcarona|34/100|[from] drain|[of] p1b: Maushold
|faint|p1b: Maushold
|
|win|movilnhanez
|inactive|TeraShellBell has 30 seconds to confirm battle start!
|inactive|movilnhanez has 30 seconds to confirm battle start!
||TeraShellBell is ready for game 2.
||movilnhanez is ready for game 2.
|uhtml|next|Next: Game 2 of 3
|l|☆movilnhanez
|player|p2|
