|j|☆Rumato
|j|☆RRafkoVGCT
|html|RumatoRRafkoVGCT    
|uhtml|bestof|Game 2 of a best-of-3
|t:|1757681971
|gametype|doubles
|player|p1|Rumato|102|1061
|player|p2|RRafkoVGCT|101|1083
|gen|9
|tier|[Gen 9] VGC 2025 Reg H (Bo3)
|rated|
|rule|Species Clause: Limit one of each Pokémon
|rule|Item Clause: Limit 1 of each item
|clearpoke
|poke|p1|Weezing, L50, M|
|poke|p1|Slaking, L50, F|
|poke|p1|Rillaboom, L50, F|
|poke|p1|Amoonguss, L50, F|
|poke|p1|Typhlosion-Hisui, L50, F|
|poke|p1|Kleavor, L50, F|
|poke|p2|Rillaboom, L50, M|
|poke|p2|Dragonite, L50, F|
|poke|p2|Annihilape, L50, F|
|poke|p2|Gholdengo, L50|
|poke|p2|Maushold-Four, L50|
|poke|p2|Talonflame, L50, F|
|teampreview|4
|showteam|p1|Weezing||Leftovers|NeutralizingGas|Protect,PoisonGas,SludgeBomb,HeatWave|||M|||50|,,,,,Dark]Slaking||CovertCloak|Truant|BodySlam,KnockOff,Yawn,DrainPunch|||F|||50|,,,,,Ghost]Rillaboom||AssaultVest|GrassySurge|FakeOut,Uturn,GrassyGlide,WoodHammer|||F|||50|,,,,,Fire]Amoonguss||SitrusBerry|Regenerator|Spore,Protect,RagePowder,SludgeBomb|||F|||50|,,,,,Water]Typhlosion-Hisui||ChoiceSpecs|Blaze|Eruption,TeraBlast,HeatWave,ShadowBall|||F|||50|,,,,,Fighting]Kleavor||ClearAmulet|Sharpness|NightSlash,XScissor,Tailwind,StoneAxe|||F|||50|,,,,,Water
|showteam|p2|Rillaboom||AssaultVest|GrassySurge|WoodHammer,HighHorsepower,GrassyGlide,FakeOut|||M|||50|,,,,,Fire]Dragonite||LoadedDice|Multiscale|ScaleShot,ExtremeSpeed,Haze,Protect|||F|||50|,,,,,Fairy]Annihilape||SitrusBerry|Defiant|RageFist,CloseCombat,FinalGambit,Protect|||F|||50|,,,,,Grass]Gholdengo||ChoiceSpecs|GoodasGold|MakeItRain,ShadowBall,Thunderbolt,PowerGem||||||50|,,,,,Steel]Maushold-Four||RockyHelmet|FriendGuard|SuperFang,Feint,FollowMe,Protect||||||50|,,,,,Poison]Talonflame||LifeOrb|GaleWings|BraveBird,FlareBlitz,Tailwind,Protect|||F|||50|,,,,,Ghost
|
|t:|1757681991
|teamsize|p1|4
|teamsize|p2|4
|start
|switch|p1a: Rillaboom|Rillaboom, L50, F|100/100
|switch|p1b: Kleavor|Kleavor, L50, F|100/100
|switch|p2a: Rillaboom|Rillaboom, L50, M|100/100
|switch|p2b: Gholdengo|Gholdengo, L50|100/100
|-fieldstart|move: Grassy Terrain|[from] ability: Grassy Surge|[of] p2a: Rillaboom
|turn|1
|
|t:|1757682015
|-terastallize|p2b: Gholdengo|Steel
|move|p2a: Rillaboom|Fake Out|p1b: Kleavor
|-resisted|p1b: Kleavor
|-damage|p1b: Kleavor|93/100
|move|p1a: Rillaboom|Fake Out|p2a: Rillaboom
|-damage|p2a: Rillaboom|86/100
|move|p2b: Gholdengo|Make It Rain|p1b: Kleavor|[spread] p1a,p1b
|-supereffective|p1b: Kleavor
|-damage|p1a: Rillaboom|2/100
|-damage|p1b: Kleavor|0 fnt
|-unboost|p2b: Gholdengo|spa|1
|faint|p1b: Kleavor
|
|-heal|p2a: Rillaboom|92/100|[from] Grassy Terrain
|-heal|p1a: Rillaboom|8/100|[from] Grassy Terrain
|upkeep
|
|t:|1757682031
|switch|p1b: Typhlosion|Typhlosion-Hisui, L50, F|100/100
|turn|2
|
|t:|1757682047
|switch|p2b: Talonflame|Talonflame, L50, F|100/100
|switch|p2a: Dragonite|Dragonite, L50, F|100/100
|move|p1b: Typhlosion|Eruption|p2b: Talonflame|[spread] p2a,p2b
|-resisted|p2a: Dragonite
|-resisted|p2b: Talonflame
|-damage|p2a: Dragonite|78/100
|-damage|p2b: Talonflame|31/100
|move|p1a: Rillaboom|U-turn|p2a: Dragonite
|-resisted|p2a: Dragonite
|-damage|p2a: Dragonite|63/100
|
|t:|1757682059
|switch|p1a: Amoonguss|Amoonguss, L50, F|100/100|[from] U-turn
|
|upkeep
|turn|3
|
|t:|1757682075
|move|p2a: Dragonite|Protect|p2a: Dragonite
|-singleturn|p2a: Dragonite|Protect
|move|p1a: Amoonguss|Rage Powder|p1a: Amoonguss
|-singleturn|p1a: Amoonguss|move: Rage Powder
|move|p2b: Talonflame|Tailwind|p2b: Talonflame
|-sidestart|p2: RRafkoVGCT|move: Tailwind
|move|p1b: Typhlosion|Eruption|p2b: Talonflame|[spread] p2b
|-activate|p2a: Dragonite|move: Protect
|-resisted|p2b: Talonflame
|-damage|p2b: Talonflame|0 fnt
|faint|p2b: Talonflame
|
|upkeep
|
|t:|1757682085
|switch|p2b: Rillaboom|Rillaboom, L50, M|92/100
|turn|4
|inactive|Battle timer is ON: inactive players will automatically lose when time's up. (requested by Rumato)
|
|t:|1757682099
|move|p2b: Rillaboom|Fake Out|p1a: Amoonguss
|-damage|p1a: Amoonguss|87/100
|move|p2a: Dragonite|Scale Shot|p1b: Typhlosion
|-damage|p1b: Typhlosion|80/100
|-damage|p1b: Typhlosion|60/100
|-damage|p1b: Typhlosion|39/100
|-damage|p1b: Typhlosion|15/100
|-hitcount|p1b: Typhlosion|4
|-unboost|p2a: Dragonite|def|1
|-boost|p2a: Dragonite|spe|1
|move|p1b: Typhlosion|Eruption|p2a: Dragonite|[spread] p2a,p2b
|-resisted|p2a: Dragonite
|-supereffective|p2b: Rillaboom
|-damage|p2a: Dragonite|53/100
|-damage|p2b: Rillaboom|64/100
|cant|p1a: Amoonguss|flinch
|
|-heal|p2b: Rillaboom|70/100|[from] Grassy Terrain
|-heal|p1b: Typhlosion|21/100|[from] Grassy Terrain
|-heal|p1a: Amoonguss|93/100|[from] Grassy Terrain
|upkeep
|turn|5
|
|t:|1757682123
|switch|p1b: Rillaboom|Rillaboom, L50, F|8/100
|move|p2a: Dragonite|Scale Shot|p1b: Rillaboom
|-damage|p1b: Rillaboom|0 fnt
|faint|p1b: Rillaboom
|-hitcount|p1: Rillaboom|1
|-unboost|p2a: Dragonite|def|1
|-boost|p2a: Dragonite|spe|1
|move|p2b: Rillaboom|High Horsepower|p1a: Amoonguss|[miss]
|-miss|p2b: Rillaboom|p1a: Amoonguss
|move|p1a: Amoonguss|Spore|p2a: Dragonite
|-status|p2a: Dragonite|slp|[from] move: Spore
|
|-heal|p2b: Rillaboom|76/100|[from] Grassy Terrain
|-heal|p1a: Amoonguss|98/100|[from] Grassy Terrain
|-fieldend|move: Grassy Terrain
|upkeep
|
|t:|1757682138
|switch|p1b: Typhlosion|Typhlosion-Hisui, L50, F|21/100
|turn|6
|
|t:|1757682153
|cant|p2a: Dragonite|slp
|move|p2b: Rillaboom|High Horsepower|p1b: Typhlosion|[miss]
|-miss|p2b: Rillaboom|p1b: Typhlosion
|move|p1b: Typhlosion|Heat Wave|p2a: Dragonite|[spread] p2b
|-miss|p1b: Typhlosion|p2a: Dragonite
|-supereffective|p2b: Rillaboom
|-damage|p2b: Rillaboom|0 fnt
|faint|p2b: Rillaboom
|move|p1a: Amoonguss|Sludge Bomb|p2a: Dragonite
|-damage|p2a: Dragonite|25/100 slp
|
|-sideend|p2: RRafkoVGCT|move: Tailwind
|upkeep
|
|t:|1757682156
|switch|p2b: Gholdengo|Gholdengo, L50, tera:Steel|100/100
|turn|7
|
|t:|1757682168
|-curestatus|p2a: Dragonite|slp|[msg]
|move|p2a: Dragonite|Scale Shot|p1b: Typhlosion
|-damage|p1b: Typhlosion|1/100
|-damage|p1b: Typhlosion|0 fnt
|faint|p1b: Typhlosion
|-hitcount|p1: Typhlosion|2
|-unboost|p2a: Dragonite|def|1
|-boost|p2a: Dragonite|spe|1
|move|p2b: Gholdengo|Make It Rain|p1a: Amoonguss
|-damage|p1a: Amoonguss|0 fnt
|-unboost|p2b: Gholdengo|spa|1
|faint|p1a: Amoonguss
|
|win|RRafkoVGCT
||RRafkoVGCT is ready for game 3.
|inactive|Rumato has 30 seconds to confirm battle start!
||Rumato is ready for game 3.
|uhtml|next|Next: Game 3 of 3
|l|☆RRafkoVGCT
|player|p2|
