|j|☆gunkqing
|j|☆bpinela
|html|gunkqingbpinela    
|uhtml|bestof|Game 2 of a best-of-3
|t:|1756922016
|gametype|doubles
|player|p1|gunkqing|striker|
|player|p2|bpinela|fisherman|
|gen|9
|tier|[Gen 9] VGC 2025 Reg H (Bo3)
|rule|Species Clause: Limit one of each Pokémon
|rule|Item Clause: Limit 1 of each item
|clearpoke
|poke|p1|Rillaboom, L50, M|
|poke|p1|Electabuzz, L50, M|
|poke|p1|Kommo-o, L50, M|
|poke|p1|Incineroar, L50, F|
|poke|p1|Basculegion, L50, M|
|poke|p1|Sylveon, L50, F|
|poke|p2|Maushold-Four, L50|
|poke|p2|Ursaluna, L50, F|
|poke|p2|Hatterene, L50, F|
|poke|p2|Indeedee-F, L50, F|
|poke|p2|Gallade, L50, M|
|poke|p2|Torkoal, L50, M|
|teampreview|4
|showteam|p1|Rillaboom||MeadowPlate|GrassySurge|FakeOut,WoodHammer,GrassyGlide,Uturn|||M|||50|,,,,,Fire]Electabuzz||Eviolite|VitalSpirit|FollowMe,Thunderbolt,Taunt,Protect|||M|||50|,,,,,Dragon]Kommo-o||Leftovers|Soundproof|ClangingScales,ClangorousSoul,Flamethrower,Protect|||M|||50|,,,,,Fire]Incineroar||AssaultVest|Intimidate|FakeOut,FlareBlitz,KnockOff,Uturn|||F|||50|,,,,,Ghost]Basculegion||ChoiceScarf|Adaptability|WaveCrash,AquaJet,LastRespects,FlipTurn|||M|||50|,,,,,Grass]Sylveon||LifeOrb|Pixilate|HyperVoice,Moonblast,Reflect,Detect|||F|||50|,,,,,Fairy
|showteam|p2|Maushold-Four||WideLens|Technician|PopulationBomb,FollowMe,Taunt,Protect||||||50|,,,,,Poison]Ursaluna||FlameOrb|Guts|Facade,HeadlongRush,Earthquake,Protect|||F|||50|,,,,,Ghost]Hatterene||CovertCloak|MagicBounce|ExpandingForce,DazzlingGleam,TeraBlast,TrickRoom|||F|||50|,,,,,Fire]Indeedee-F||PsychicSeed|PsychicSurge|FollowMe,HelpingHand,TrickRoom,Psychic|||F|||50|,,,,,Water]Gallade||ClearAmulet|Sharpness|SacredSword,PsychoCut,WideGuard,TrickRoom|||M|||50|,,,,,Grass]Torkoal||ChoiceSpecs|Drought|Eruption,HeatWave,WeatherBall,EarthPower|||M|||50|,,,,,Fire
|inactive|Battle timer is ON: inactive players will automatically lose when time's up. (requested by gunkqing)
|inactive|gunkqing has 60 seconds left.
|
|t:|1756922064
|teamsize|p1|4
|teamsize|p2|4
|start
|switch|p1a: Kommo-o|Kommo-o, L50, M|100/100
|switch|p1b: Incineroar|Incineroar, L50, F|100/100
|switch|p2a: Indeedee|Indeedee-F, L50, F|100/100
|switch|p2b: Hatterene|Hatterene, L50, F|100/100
|-ability|p1b: Incineroar|Intimidate|boost
|-unboost|p2a: Indeedee|atk|1
|-unboost|p2b: Hatterene|atk|1
|-fieldstart|move: Psychic Terrain|[from] ability: Psychic Surge|[of] p2a: Indeedee
|-enditem|p2a: Indeedee|Psychic Seed
|-boost|p2a: Indeedee|spd|1|[from] item: Psychic Seed
|turn|1
|inactive|bpinela has 30 seconds left.
|
|t:|1756922094
|-terastallize|p1a: Kommo-o|Fire
|move|p1a: Kommo-o|Flamethrower|p2b: Hatterene
|-damage|p2b: Hatterene|54/100
|move|p1b: Incineroar|Flare Blitz|p2b: Hatterene
|-damage|p2b: Hatterene|0 fnt
|faint|p2b: Hatterene
|-damage|p1b: Incineroar|86/100|[from] Recoil
|move|p2a: Indeedee|Trick Room|p2a: Indeedee
|-fieldstart|move: Trick Room|[of] p2a: Indeedee
|
|upkeep
|
|t:|1756922107
|switch|p2b: Gallade|Gallade, L50, M|100/100
|turn|2
|
|t:|1756922126
|switch|p2a: Ursaluna|Ursaluna, L50, F|100/100
|switch|p1b: Sylveon|Sylveon, L50, F|100/100
|switch|p1a: Rillaboom|Rillaboom, L50, M|100/100
|-fieldstart|move: Grassy Terrain|[from] ability: Grassy Surge|[of] p1a: Rillaboom
|move|p2b: Gallade|Sacred Sword|p1b: Sylveon
|-resisted|p1b: Sylveon
|-damage|p1b: Sylveon|47/100
|
|-heal|p1b: Sylveon|53/100|[from] Grassy Terrain
|-status|p2a: Ursaluna|brn|[from] item: Flame Orb
|upkeep
|turn|3
|inactive|bpinela has 30 seconds left.
|inactive|bpinela has 20 seconds left.
|inactive|bpinela has 15 seconds left.
|
|t:|1756922169
|switch|p2b: Indeedee|Indeedee-F, L50, F|100/100
|-fieldstart|move: Psychic Terrain|[from] ability: Psychic Surge|[of] p2b: Indeedee
|move|p2a: Ursaluna|Facade|p1a: Rillaboom
|-damage|p1a: Rillaboom|0 fnt
|faint|p1a: Rillaboom
|move|p1b: Sylveon|Reflect|p1b: Sylveon
|-sidestart|p1: gunkqing|Reflect
|
|-damage|p2a: Ursaluna|95/100 brn|[from] brn
|upkeep
|
|t:|1756922180
|switch|p1a: Incineroar|Incineroar, L50, F|86/100
|-ability|p1a: Incineroar|Intimidate|boost
|-unboost|p2a: Ursaluna|atk|1
|-unboost|p2b: Indeedee|atk|1
|turn|4
|
|t:|1756922198
|switch|p2b: Gallade|Gallade, L50, M|100/100
|move|p2a: Ursaluna|Facade|p1b: Sylveon
|-damage|p1b: Sylveon|0 fnt
|faint|p1b: Sylveon
|move|p1a: Incineroar|Knock Off|p2b: Gallade
|-damage|p2b: Gallade|34/100
|-enditem|p2b: Gallade|Clear Amulet|[from] move: Knock Off|[of] p1a: Incineroar
|
|-damage|p2a: Ursaluna|89/100 brn|[from] brn
|upkeep
|
|t:|1756922203
|switch|p1b: Kommo-o|Kommo-o, L50, M, tera:Fire|100/100
|turn|5
|inactive|bpinela has 30 seconds left.
|inactive|bpinela has 20 seconds left.
|inactive|bpinela has 15 seconds left.
|
|t:|1756922249
|move|p2a: Ursaluna|Headlong Rush|p1a: Incineroar
|-supereffective|p1a: Incineroar
|-crit|p1a: Incineroar
|-damage|p1a: Incineroar|0 fnt
|-unboost|p2a: Ursaluna|def|1
|-unboost|p2a: Ursaluna|spd|1
|faint|p1a: Incineroar
|move|p2b: Gallade|Sacred Sword|p1b: Kommo-o
|-damage|p1b: Kommo-o|56/100
|move|p1b: Kommo-o|Clangorous Soul|p1b: Kommo-o
|-boost|p1b: Kommo-o|atk|1
|-boost|p1b: Kommo-o|def|1
|-boost|p1b: Kommo-o|spa|1
|-boost|p1b: Kommo-o|spd|1
|-boost|p1b: Kommo-o|spe|1
|-damage|p1b: Kommo-o|23/100
|
|-heal|p1b: Kommo-o|29/100|[from] item: Leftovers
|-damage|p2a: Ursaluna|83/100 brn|[from] brn
|-fieldend|move: Trick Room
|upkeep
|turn|6
|inactive|bpinela has 30 seconds left.
|
|t:|1756922282
|move|p2b: Gallade|Wide Guard|p2b: Gallade
|-singleturn|p2b: Gallade|Wide Guard
|move|p1b: Kommo-o|Flamethrower|p2a: Ursaluna
|-damage|p2a: Ursaluna|0 fnt
|faint|p2a: Ursaluna
|
|-heal|p1b: Kommo-o|35/100|[from] item: Leftovers
|upkeep
|
|t:|1756922287
|switch|p2a: Indeedee|Indeedee-F, L50, F|100/100
|turn|7
|
|t:|1756922302
|move|p1b: Kommo-o|Clanging Scales|p2b: Gallade|[spread] p2a,p2b
|-damage|p2a: Indeedee|47/100
|-damage|p2b: Gallade|0 fnt
|faint|p2b: Gallade
|-unboost|p1b: Kommo-o|def|1
|move|p2a: Indeedee|Trick Room|p2a: Indeedee
|-fieldstart|move: Trick Room|[of] p2a: Indeedee
|
|-heal|p1b: Kommo-o|41/100|[from] item: Leftovers
|-sideend|p1: gunkqing|Reflect
|-fieldend|move: Psychic Terrain
|upkeep
|turn|8
|
|t:|1756922317
|move|p1b: Kommo-o|Protect|p1b: Kommo-o
|-singleturn|p1b: Kommo-o|Protect
|move|p2a: Indeedee|Psychic|p1b: Kommo-o
|-activate|p1b: Kommo-o|move: Protect
|
|-heal|p1b: Kommo-o|47/100|[from] item: Leftovers
|upkeep
|turn|9
|
|t:|1756922323
|move|p2a: Indeedee|Psychic|p1b: Kommo-o
|-damage|p1b: Kommo-o|25/100
|move|p1b: Kommo-o|Clanging Scales|p2a: Indeedee
|-damage|p2a: Indeedee|0 fnt
|faint|p2a: Indeedee
|
|win|gunkqing
||gunkqing is ready for game 3.
||bpinela is ready for game 3.
|uhtml|next|Next: Game 3 of 3
