|j|☆zilongkumo
|j|☆GuacGangster826
|html|zilongkumoGuacGangster826    
|uhtml|bestof|Game 1 of a best-of-3
|t:|1784337269
|gametype|doubles
|player|p1|zilongkumo|volkner|
|player|p2|GuacGangster826|falkner|
|gen|9
|tier|[Gen 9 Champions] VGC 2026 Reg M-B (Bo3)
|rule|Species Clause: Limit one of each Pokémon
|rule|Item Clause: Limit 1 of each item
|clearpoke
|poke|p1|Dragonite, L50, M|
|poke|p1|Blastoise, L50, F|
|poke|p1|Emolga, L50, M|
|poke|p1|Gardevoir, L50, F|
|poke|p1|Snorlax, L50, F|
|poke|p1|Zoroark-Hisui, L50, M|
|poke|p2|Palafin, L50, M|
|poke|p2|Pelipper, L50, M|
|poke|p2|Meganium, L50, F, shiny|
|poke|p2|Basculegion-F, L50, F|
|poke|p2|Castform, L50, M|
|poke|p2|Toxicroak, L50, M|
|teampreview|4
|showteam|p1|Dragonite||ChoiceScarf|InnerFocus|Earthquake,ExtremeSpeed,RockSlide,ThunderPunch|Jolly||M|||50|]Blastoise||Leftovers|RainDish|FlashCannon,WaterSpout,WeatherBall,Protect|Modest||F|||50|]Emolga||Magnet|Static|AirSlash,Thunderbolt,VoltSwitch,LightScreen|Timid||M|||50|]Gardevoir||Gardevoirite|Telepathy|ShadowBall,Thunderbolt,VacuumWave,Moonblast|Timid||F|||50|]Snorlax||SitrusBerry|ThickFat|RockSlide,HeatCrash,BodySlam,Yawn|Adamant||F|||50|]Zoroark-Hisui||ExpertBelt|Illusion|BitterMalice,DarkPulse,Flamethrower,ShadowBall|Timid||M|||50|
|showteam|p2|Palafin||ChoiceScarf|ZerotoHero|FlipTurn,JetPunch,CloseCombat,Protect|Jolly||M|||50|]Pelipper||FocusSash|Drizzle|WeatherBall,Hurricane,WideGuard,Tailwind|Modest||M|||50|]Meganium||Meganiumite|Overgrow|SolarBeam,DazzlingGleam,WeatherBall,Protect|Timid||F|||50|]Basculegion-F||MysticWater|SwiftSwim|WaveCrash,LastRespects,AquaJet,Protect|Adamant||F|||50|]Castform||KingsRock|Forecast|Thunder,Scald,IcyWind,Protect|Timid||M|||50|]Toxicroak||LifeOrb|DrySkin|FakeOut,KnockOff,DrainPunch,Protect|Jolly||M|||50|
|c|☆zilongkumo|GLHF!
|c|☆GuacGangster826|Glhf
|
|t:|1784337317
|teamsize|p1|4
|teamsize|p2|4
|start
|switch|p1a: Dragonite|Dragonite, L50, M|100/100
|switch|p1b: Emolga|Emolga, L50, M|100/100
|switch|p2a: Arthur|Pelipper, L50, M|100/100
|switch|p2b: Clark|Palafin, L50, M|100/100
|-weather|RainDance|[from] ability: Drizzle|[of] p2a: Arthur
|turn|1
|
|t:|1784337342
|move|p2b: Clark|Flip Turn|p1a: Dragonite
|-resisted|p1a: Dragonite|1
|-damage|p1a: Dragonite|80/100
|
|t:|1784337346
|detailschange|p2b: Clark|Palafin-Hero, L50, M
|switch|p2b: Diana|Basculegion-F, L50, F|100/100|[from] Flip Turn
|move|p1a: Dragonite|Earthquake|p2b: Diana|[spread] p2b
|-immune|p1b: Emolga
|-immune|p2a: Arthur
|-damage|p2b: Diana|66/100
|move|p1b: Emolga|Light Screen|p1b: Emolga
|-sidestart|p1: zilongkumo|move: Light Screen
|move|p2a: Arthur|Tailwind|p2a: Arthur
|-sidestart|p2: GuacGangster826|move: Tailwind
|
|-weather|RainDance|[upkeep]
|upkeep
|turn|2
|
|t:|1784337376
|switch|p2b: Zatana|Meganium, L50, F, shiny|100/100
|switch|p1a: Blastoise|Blastoise, L50, F|100/100
|move|p2a: Arthur|Wide Guard|p2a: Arthur
|-singleturn|p2a: Arthur|Wide Guard
|move|p1b: Emolga|Thunderbolt|p2b: Zatana
|-resisted|p2b: Zatana|1
|-damage|p2b: Zatana|77/100
|
|-weather|RainDance|[upkeep]
|upkeep
|turn|3
|
|t:|1784337398
|detailschange|p2b: Zatana|Meganium-Mega, L50, F, shiny
|-mega|p2b: Zatana|Meganium|Meganiumite
|move|p2b: Zatana|Solar Beam||[still]
|-prepare|p2b: Zatana|Solar Beam
|-activate|p2b: Zatana|ability: Mega Sol
|-anim|p2b: Zatana|Solar Beam|p1a: Blastoise
|-supereffective|p1a: Blastoise|1
|-damage|p1a: Blastoise|20/100y
|move|p1b: Emolga|Thunderbolt|p2a: Arthur
|-supereffective|p2a: Arthur|2
|-enditem|p2a: Arthur|Focus Sash
|-damage|p2a: Arthur|1/100
|move|p2a: Arthur|Hurricane|p1a: Blastoise
|-damage|p1a: Blastoise|0 fnt
|faint|p1a: Blastoise
|
|-weather|RainDance|[upkeep]
|upkeep
|
|t:|1784337415
|switch|p1a: Dragonite|Dragonite, L50, M|80/100
|turn|4
|
|t:|1784337427
|switch|p2a: Clark|Palafin-Hero, L50, M|100/100
|-activate|p2a: Clark|ability: Zero to Hero
|move|p1a: Dragonite|Extreme Speed|p2b: Zatana
|-damage|p2b: Zatana|49/100
|move|p2b: Zatana|Dazzling Gleam|p1b: Emolga|[spread] p1a,p1b
|-supereffective|p1a: Dragonite|1
|-damage|p1a: Dragonite|37/100
|-damage|p1b: Emolga|54/100
|move|p1b: Emolga|Air Slash|p2b: Zatana
|-supereffective|p2b: Zatana|1
|-damage|p2b: Zatana|0 fnt
|faint|p2b: Zatana
|
|-weather|RainDance|[upkeep]
|-sideend|p2: GuacGangster826|move: Tailwind
|upkeep
|
|t:|1784337444
|switch|p2b: Diana|Basculegion-F, L50, F|66/100
|turn|5
|
|t:|1784337454
|move|p1a: Dragonite|Extreme Speed|p2a: Clark
|-damage|p2a: Clark|68/100
|move|p2a: Clark|Jet Punch|p1b: Emolga
|-damage|p1b: Emolga|0 fnt
|faint|p1b: Emolga
|move|p2b: Diana|Last Respects|p1a: Dragonite
|-damage|p1a: Dragonite|0 fnt
|faint|p1a: Dragonite
|
|-weather|none
|-sideend|p1: zilongkumo|move: Light Screen
|upkeep
|
|t:|1784337465
|switch|p1b: Gardevoir|Gardevoir, L50, F|100/100
|turn|6
|
|t:|1784337471
|detailschange|p1b: Gardevoir|Gardevoir-Mega, L50, F
|-mega|p1b: Gardevoir|Gardevoir|Gardevoirite
|move|p2a: Clark|Jet Punch|p1b: Gardevoir
|-damage|p1b: Gardevoir|42/100
|move|p1b: Gardevoir|Shadow Ball|p2b: Diana
|-supereffective|p2b: Diana|1
|-damage|p2b: Diana|0 fnt
|faint|p2b: Diana
|
|upkeep
|
|t:|1784337481
|switch|p2b: Arthur|Pelipper, L50, M|1/100
|-weather|RainDance|[from] ability: Drizzle|[of] p2b: Arthur
|turn|7
|
|t:|1784337487
|move|p2a: Clark|Jet Punch|p1b: Gardevoir
|-damage|p1b: Gardevoir|0 fnt
|faint|p1b: Gardevoir
|
|win|GuacGangster826
|inactive|zilongkumo has 30 seconds to confirm battle start!
|inactive|GuacGangster826 has 30 seconds to confirm battle start!
||GuacGangster826 is ready for game 2.
||zilongkumo is ready for game 2.
|uhtml|next|Next: Game 2 of 3
