|j|☆PaniniWeenie
|j|☆stevie.bot
|html|PaniniWeeniestevie.bot    
|uhtml|bestof|Game 3 of a best-of-3
|t:|1756934815
|gametype|doubles
|player|p1|PaniniWeenie|pokemaniac|1484
|player|p2|stevie.bot|liza|1393
|gen|9
|tier|[Gen 9] VGC 2025 Reg H (Bo3)
|rated|
|rule|Species Clause: Limit one of each Pokémon
|rule|Item Clause: Limit 1 of each item
|clearpoke
|poke|p1|Sneasler, L50, M|
|poke|p1|Volcarona, L50, M|
|poke|p1|Dragonite, L50, M|
|poke|p1|Rillaboom, L50, F|
|poke|p1|Electabuzz, L50, M|
|poke|p1|Kingambit, L50, M|
|poke|p2|Sneasler, L50, F|
|poke|p2|Dragapult, L50, M|
|poke|p2|Primarina, L50, F|
|poke|p2|Rillaboom, L50, F|
|poke|p2|Kingambit, L50, M|
|poke|p2|Magmar, L50, F|
|teampreview|4
|showteam|p1|Sneasler||FocusSash|Unburden|DireClaw,CloseCombat,FakeOut,Coaching|||M|||50|,,,,,Ghost]Volcarona||Leftovers|FlameBody|HeatWave,QuiverDance,Protect,TeraBlast|||M|||50|,,,,,Fairy]Dragonite||LoadedDice|Multiscale|ScaleShot,ExtremeSpeed,Haze,Protect|||M|||50|,,,,,Steel]Rillaboom||AssaultVest|GrassySurge|WoodHammer,GrassyGlide,HighHorsepower,FakeOut|||F|||50|,,,,,Fire]Electabuzz||Eviolite|VitalSpirit|FollowMe,Thunderbolt,Taunt,Protect|||M|||50|,,,,,Ghost]Kingambit||BlackGlasses|Defiant|KowtowCleave,SuckerPunch,SwordsDance,Protect|||M|||50|,,,,,Dark
|showteam|p2|Sneasler||FocusSash|PoisonTouch|CloseCombat,DireClaw,FakeOut,Protect|||F|||50|,,,,,Stellar]Dragapult||ChoiceBand|ClearBody|DragonDarts,TeraBlast,PhantomForce,Uturn|||M|||50|,,,,,Ghost]Primarina||SitrusBerry|LiquidVoice|HyperVoice,Moonblast,Haze,Protect|||F|||50|,,,,,Water]Rillaboom||AssaultVest|GrassySurge|WoodHammer,GrassyGlide,HighHorsepower,FakeOut|||F|||50|,,,,,Fire]Kingambit||BlackGlasses|Defiant|KowtowCleave,SuckerPunch,SwordsDance,Protect|||M|||50|,,,,,Ghost]Magmar||Eviolite|VitalSpirit|Overheat,WillOWisp,FollowMe,Protect|||F|||50|,,,,,Fairy
|
|t:|1756934866
|teamsize|p1|4
|teamsize|p2|4
|start
|switch|p1a: Electabuzz|Electabuzz, L50, M|100/100
|switch|p1b: Volcarona|Volcarona, L50, M|100/100
|switch|p2a: Kingambit|Kingambit, L50, M|100/100
|switch|p2b: Primarina|Primarina, L50, F|100/100
|turn|1
|inactive|Battle timer is ON: inactive players will automatically lose when time's up. (requested by PaniniWeenie)
|
|t:|1756934882
|-terastallize|p1b: Volcarona|Fairy
|-terastallize|p2a: Kingambit|Ghost
|move|p1b: Volcarona|Quiver Dance|p1b: Volcarona
|-boost|p1b: Volcarona|spa|1
|-boost|p1b: Volcarona|spd|1
|-boost|p1b: Volcarona|spe|1
|move|p1a: Electabuzz|Taunt|p2a: Kingambit
|-start|p2a: Kingambit|move: Taunt
|move|p2b: Primarina|Hyper Voice|p1b: Volcarona|[spread] p1a,p1b
|-damage|p1a: Electabuzz|77/100
|-damage|p1b: Volcarona|82/100
|cant|p2a: Kingambit|move: Taunt|Swords Dance
|
|-heal|p1b: Volcarona|88/100|[from] item: Leftovers
|upkeep
|turn|2
|
|t:|1756934899
|move|p1b: Volcarona|Quiver Dance|p1b: Volcarona
|-boost|p1b: Volcarona|spa|1
|-boost|p1b: Volcarona|spd|1
|-boost|p1b: Volcarona|spe|1
|move|p1a: Electabuzz|Taunt|p2b: Primarina
|-start|p2b: Primarina|move: Taunt
|move|p2b: Primarina|Moonblast|p1b: Volcarona
|-damage|p1b: Volcarona|64/100
|move|p2a: Kingambit|Kowtow Cleave|p1a: Electabuzz
|-damage|p1a: Electabuzz|37/100
|
|-heal|p1b: Volcarona|70/100|[from] item: Leftovers
|upkeep
|turn|3
|
|t:|1756934918
|move|p1a: Electabuzz|Follow Me|p1a: Electabuzz
|-singleturn|p1a: Electabuzz|move: Follow Me
|move|p1b: Volcarona|Heat Wave|p2b: Primarina|[spread] p2a,p2b
|-resisted|p2b: Primarina
|-damage|p2a: Kingambit|38/100
|-damage|p2b: Primarina|68/100
|move|p2b: Primarina|Hyper Voice|p1b: Volcarona|[spread] p1a,p1b
|-damage|p1a: Electabuzz|10/100
|-damage|p1b: Volcarona|55/100
|move|p2a: Kingambit|Kowtow Cleave|p1a: Electabuzz
|-damage|p1a: Electabuzz|0 fnt
|faint|p1a: Electabuzz
|
|-heal|p1b: Volcarona|61/100|[from] item: Leftovers
|-end|p2a: Kingambit|move: Taunt
|upkeep
|
|t:|1756934930
|switch|p1a: Rillaboom|Rillaboom, L50, F|100/100
|-fieldstart|move: Grassy Terrain|[from] ability: Grassy Surge|[of] p1a: Rillaboom
|turn|4
|
|t:|1756934938
|switch|p2b: Magmar|Magmar, L50, F, shiny|100/100
|move|p2a: Kingambit|Protect|p2a: Kingambit
|-singleturn|p2a: Kingambit|Protect
|move|p1b: Volcarona|Heat Wave|p2a: Kingambit|[spread] p2b
|-activate|p2a: Kingambit|move: Protect
|-resisted|p2b: Magmar
|-damage|p2b: Magmar|73/100
|move|p1a: Rillaboom|Wood Hammer|p2b: Magmar
|-resisted|p2b: Magmar
|-damage|p2b: Magmar|37/100
|-damage|p1a: Rillaboom|90/100|[from] Recoil
|
|-heal|p1b: Volcarona|68/100|[from] Grassy Terrain
|-heal|p1b: Volcarona|74/100|[from] item: Leftovers
|-heal|p2b: Magmar|43/100|[from] Grassy Terrain
|-heal|p1a: Rillaboom|96/100|[from] Grassy Terrain
|-heal|p2a: Kingambit|44/100|[from] Grassy Terrain
|upkeep
|turn|5
|
|t:|1756934953
|move|p2a: Kingambit|Sucker Punch|p1a: Rillaboom
|-damage|p1a: Rillaboom|48/100
|move|p1b: Volcarona|Heat Wave|p2a: Kingambit|[spread] p2a
|-miss|p1b: Volcarona|p2b: Magmar
|-damage|p2a: Kingambit|0 fnt
|faint|p2a: Kingambit
|move|p2b: Magmar|Overheat|p1a: Rillaboom
|-supereffective|p1a: Rillaboom
|-damage|p1a: Rillaboom|0 fnt
|-unboost|p2b: Magmar|spa|2
|faint|p1a: Rillaboom
|
|-heal|p1b: Volcarona|80/100|[from] Grassy Terrain
|-heal|p1b: Volcarona|86/100|[from] item: Leftovers
|-heal|p2b: Magmar|49/100|[from] Grassy Terrain
|upkeep
|
|t:|1756934962
|switch|p1a: Dragonite|Dragonite, L50, M|100/100
|switch|p2a: Sneasler|Sneasler, L50, F|100/100
|turn|6
|
|t:|1756934971
|move|p1b: Volcarona|Protect|p1b: Volcarona
|-singleturn|p1b: Volcarona|Protect
|move|p1a: Dragonite|Protect|p1a: Dragonite
|-singleturn|p1a: Dragonite|Protect
|move|p2a: Sneasler|Dire Claw|p1b: Volcarona
|-activate|p1b: Volcarona|move: Protect
|move|p2b: Magmar|Will-O-Wisp|p1a: Dragonite
|-activate|p1a: Dragonite|move: Protect
|
|-heal|p1b: Volcarona|93/100|[from] Grassy Terrain
|-heal|p1b: Volcarona|99/100|[from] item: Leftovers
|-heal|p2b: Magmar|55/100|[from] Grassy Terrain
|upkeep
|turn|7
|
|t:|1756934982
|move|p1a: Dragonite|Extreme Speed|p2a: Sneasler
|-damage|p2a: Sneasler|46/100
|move|p1b: Volcarona|Heat Wave|p2a: Sneasler|[spread] p2a
|-miss|p1b: Volcarona|p2b: Magmar
|-damage|p2a: Sneasler|0 fnt
|faint|p2a: Sneasler
|move|p2b: Magmar|Will-O-Wisp|p1a: Dragonite
|-status|p1a: Dragonite|brn
|
|-heal|p1b: Volcarona|100/100|[from] Grassy Terrain
|-heal|p2b: Magmar|60/100|[from] Grassy Terrain
|-damage|p1a: Dragonite|95/100 brn|[from] brn
|upkeep
|
|t:|1756934993
|switch|p2a: Primarina|Primarina, L50, F|68/100
|turn|8
|
|t:|1756935011
|move|p2b: Magmar|Protect|p2b: Magmar
|-singleturn|p2b: Magmar|Protect
|move|p1b: Volcarona|Heat Wave|p2a: Primarina|[spread] p2a
|-activate|p2b: Magmar|move: Protect
|-resisted|p2a: Primarina
|-damage|p2a: Primarina|40/100
|-enditem|p2a: Primarina|Sitrus Berry|[eat]
|-heal|p2a: Primarina|65/100|[from] item: Sitrus Berry
|move|p1a: Dragonite|Scale Shot|p2b: Magmar
|-activate|p2b: Magmar|move: Protect
|move|p2a: Primarina|Haze|p2a: Primarina
|-clearallboost
|
|-heal|p2b: Magmar|66/100|[from] Grassy Terrain
|-heal|p2a: Primarina|71/100|[from] Grassy Terrain
|-damage|p1a: Dragonite|89/100 brn|[from] brn
|-fieldend|move: Grassy Terrain
|upkeep
|turn|9
|
|t:|1756935027
|move|p1b: Volcarona|Quiver Dance|p1b: Volcarona
|-boost|p1b: Volcarona|spa|1
|-boost|p1b: Volcarona|spd|1
|-boost|p1b: Volcarona|spe|1
|move|p2b: Magmar|Will-O-Wisp|p1b: Volcarona
|-status|p1b: Volcarona|brn
|move|p1a: Dragonite|Scale Shot|p2b: Magmar
|-damage|p2b: Magmar|60/100
|-damage|p2b: Magmar|53/100
|-damage|p2b: Magmar|47/100
|-damage|p2b: Magmar|41/100
|-damage|p2b: Magmar|35/100
|-hitcount|p2b: Magmar|5
|-unboost|p1a: Dragonite|def|1
|-boost|p1a: Dragonite|spe|1
|move|p2a: Primarina|Moonblast|p1a: Dragonite
|-supereffective|p1a: Dragonite
|-damage|p1a: Dragonite|0 fnt
|faint|p1a: Dragonite
|
|-damage|p1b: Volcarona|94/100 brn|[from] brn
|upkeep
|turn|10
|
|t:|1756935045
|move|p2b: Magmar|Protect|p2b: Magmar
|-singleturn|p2b: Magmar|Protect
|move|p1b: Volcarona|Tera Blast|p2a: Primarina|[anim] Tera Blast Fairy
|-damage|p2a: Primarina|16/100
|move|p2a: Primarina|Haze|p2a: Primarina
|-clearallboost
|
|-heal|p1b: Volcarona|100/100 brn|[from] item: Leftovers
|-damage|p1b: Volcarona|94/100 brn|[from] brn
|upkeep
|turn|11
|
|t:|1756935066
|move|p2b: Magmar|Follow Me|p2b: Magmar
|-singleturn|p2b: Magmar|move: Follow Me
|move|p1b: Volcarona|Quiver Dance|p1b: Volcarona
|-boost|p1b: Volcarona|spa|1
|-boost|p1b: Volcarona|spd|1
|-boost|p1b: Volcarona|spe|1
|move|p2a: Primarina|Moonblast|p1b: Volcarona
|-damage|p1b: Volcarona|65/100 brn
|
|-heal|p1b: Volcarona|71/100 brn|[from] item: Leftovers
|-damage|p1b: Volcarona|65/100 brn|[from] brn
|upkeep
|turn|12
|
|t:|1756935076
|move|p2b: Magmar|Follow Me|p2b: Magmar
|-singleturn|p2b: Magmar|move: Follow Me
|move|p1b: Volcarona|Heat Wave|p2b: Magmar|[spread] p2a
|-miss|p1b: Volcarona|p2b: Magmar
|-resisted|p2a: Primarina
|-damage|p2a: Primarina|0 fnt
|faint|p2a: Primarina
|
|-heal|p1b: Volcarona|71/100 brn|[from] item: Leftovers
|-damage|p1b: Volcarona|65/100 brn|[from] brn
|upkeep
|turn|13
|
|t:|1756935083
|move|p1b: Volcarona|Tera Blast|p2b: Magmar|[anim] Tera Blast Fairy
|-resisted|p2b: Magmar
|-damage|p2b: Magmar|12/100
|move|p2b: Magmar|Overheat|p1b: Volcarona
|-damage|p1b: Volcarona|33/100 brn
|-unboost|p2b: Magmar|spa|2
|
|-heal|p1b: Volcarona|40/100 brn|[from] item: Leftovers
|-damage|p1b: Volcarona|33/100 brn|[from] brn
|upkeep
|turn|14
|
|t:|1756935092
|move|p1b: Volcarona|Tera Blast|p2b: Magmar|[anim] Tera Blast Fairy
|-resisted|p2b: Magmar
|-damage|p2b: Magmar|0 fnt
|faint|p2b: Magmar
|
|win|PaniniWeenie
|raw|PaniniWeenie's rating: 1484 → 1499(+15 for winning)
|raw|stevie.bot's rating: 1393 → 1378(-15 for losing)
|l|☆stevie.bot
|player|p2|
