|j|☆tg100
|j|☆Sandyboio66
|html|tg100Sandyboio66    
|uhtml|bestof|Game 2 of a best-of-3
|t:|1757783716
|gametype|doubles
|player|p1|tg100|1|1081
|player|p2|Sandyboio66|102|1158
|gen|9
|tier|[Gen 9] VGC 2025 Reg H (Bo3)
|rated|
|rule|Species Clause: Limit one of each Pokémon
|rule|Item Clause: Limit 1 of each item
|clearpoke
|poke|p1|Tyranitar, L50, M|
|poke|p1|Excadrill, L50, M|
|poke|p1|Amoonguss, L50, M|
|poke|p1|Mimikyu, L50, F|
|poke|p1|Tatsugiri, L50, M|
|poke|p1|Dondozo, L50, M|
|poke|p2|Ninetales-Alola, L50, M|
|poke|p2|Basculegion, L50, M|
|poke|p2|Sneasler, L50, M|
|poke|p2|Ceruledge, L50, F|
|poke|p2|Magnezone, L50|
|poke|p2|Salamence, L50, F|
|teampreview|4
|showteam|p1|Tyranitar||AssaultVest|SandStream|KnockOff,RockSlide,TeraBlast,LowKick|||M|||50|,,,,,Flying]Excadrill||ClearAmulet|SandRush|Earthquake,HighHorsepower,IronHead,Protect|||M|||50|,,,,,Ghost]Amoonguss||SitrusBerry|Regenerator|PollenPuff,Spore,RagePowder,Protect|||M|||50|,,,,,Water]Mimikyu||SafetyGoggles|Disguise|SwordsDance,TrickRoom,PlayRough,ShadowSneak|||F|||50|,,,,,Steel]Tatsugiri||ChoiceScarf|Commander|DracoMeteor,MuddyWater,IcyWind,DragonPulse|||M|||50|,,,,,Ghost]Dondozo||Leftovers|Unaware|Protect,WaveCrash,Earthquake,OrderUp|||M|||50|,,,,,Steel
|showteam|p2|Ninetales-Alola||NeverMeltIce|SnowWarning|Protect,Blizzard,FreezeDry,Encore|||M|||50|,,,,,Ghost]Basculegion||ChoiceScarf|Adaptability|WaveCrash,LastRespects,TeraBlast,FlipTurn|||M|||50|,,,,,Fairy]Sneasler||AssaultVest|PoisonTouch|FakeOut,CloseCombat,ThroatChop,DireClaw|||M|||50|,,,,,Dark]Ceruledge||ClearAmulet|FlashFire|BitterBlade,CloseCombat,BulkUp,Protect|||F|||50|,,,,,Fighting]Magnezone||ChoiceSpecs|Analytic|VoltSwitch,Thunderbolt,FlashCannon,TeraBlast||||||50|,,,,,Flying]Salamence||LifeOrb|Intimidate|DracoMeteor,AirSlash,Tailwind,Protect|||F|||50|,,,,,Flying
|
|t:|1757783737
|teamsize|p1|4
|teamsize|p2|4
|start
|switch|p1a: Dondozo|Dondozo, L50, M|100/100
|switch|p1b: Tatsugiri|Tatsugiri, L50, M|100/100
|switch|p2a: Sneasler|Sneasler, L50, M|100/100
|switch|p2b: Salamence|Salamence, L50, F|100/100
|-ability|p2b: Salamence|Intimidate|boost
|-unboost|p1a: Dondozo|atk|1
|-unboost|p1b: Tatsugiri|atk|1
|-activate|p1b: Tatsugiri|ability: Commander|[of] p1a: Dondozo
|-boost|p1a: Dondozo|atk|2
|-boost|p1a: Dondozo|spa|2
|-boost|p1a: Dondozo|spe|2
|-boost|p1a: Dondozo|def|2
|-boost|p1a: Dondozo|spd|2
|turn|1
|
|t:|1757783756
|switch|p2b: Ninetales|Ninetales-Alola, L50, M|100/100
|-weather|Snowscape|[from] ability: Snow Warning|[of] p2b: Ninetales
|move|p1a: Dondozo|Protect|p1a: Dondozo
|-singleturn|p1a: Dondozo|Protect
|move|p2a: Sneasler|Fake Out|p1a: Dondozo
|-activate|p1a: Dondozo|move: Protect
|
|-weather|Snowscape|[upkeep]
|upkeep
|turn|2
|
|t:|1757783769
|-terastallize|p1a: Dondozo|Steel
|move|p2a: Sneasler|Close Combat|p1a: Dondozo
|-supereffective|p1a: Dondozo
|-damage|p1a: Dondozo|57/100
|-unboost|p2a: Sneasler|def|1
|-unboost|p2a: Sneasler|spd|1
|move|p2b: Ninetales|Encore|p1a: Dondozo
|-start|p1a: Dondozo|Encore
|move|p1a: Dondozo|Protect||[still]
|-fail|p1a: Dondozo
|
|-weather|Snowscape|[upkeep]
|-heal|p1a: Dondozo|63/100|[from] item: Leftovers
|upkeep
|turn|3
|
|t:|1757783788
|move|p1a: Dondozo|Protect|p1a: Dondozo
|-singleturn|p1a: Dondozo|Protect
|move|p2a: Sneasler|Close Combat|p1a: Dondozo
|-activate|p1a: Dondozo|move: Protect
|move|p2b: Ninetales|Freeze-Dry|p1a: Dondozo
|-activate|p1a: Dondozo|move: Protect
|
|-weather|Snowscape|[upkeep]
|-heal|p1a: Dondozo|70/100|[from] item: Leftovers
|upkeep
|turn|4
|
|t:|1757783801
|move|p1a: Dondozo|Protect||[still]
|-fail|p1a: Dondozo
|move|p2a: Sneasler|Close Combat|p1a: Dondozo
|-supereffective|p1a: Dondozo
|-damage|p1a: Dondozo|24/100
|-unboost|p2a: Sneasler|def|1
|-unboost|p2a: Sneasler|spd|1
|move|p2b: Ninetales|Blizzard|p1a: Dondozo|[spread] p1a
|-miss|p2b: Ninetales|p1b: Tatsugiri
|-resisted|p1a: Dondozo
|-damage|p1a: Dondozo|15/100
|
|-weather|Snowscape|[upkeep]
|-heal|p1a: Dondozo|21/100|[from] item: Leftovers
|-end|p1a: Dondozo|Encore
|upkeep
|turn|5
|
|t:|1757783816
|move|p2a: Sneasler|Close Combat|p1a: Dondozo
|-supereffective|p1a: Dondozo
|-damage|p1a: Dondozo|0 fnt
|-unboost|p2a: Sneasler|def|1
|-unboost|p2a: Sneasler|spd|1
|faint|p1a: Dondozo
|move|p2b: Ninetales|Freeze-Dry|p1b: Tatsugiri
|-supereffective|p1b: Tatsugiri
|-damage|p1b: Tatsugiri|0 fnt
|faint|p1b: Tatsugiri
|
|-weather|none
|upkeep
|
|t:|1757783818
|switch|p1b: Excadrill|Excadrill, L50, M|100/100
|switch|p1a: Tyranitar|Tyranitar, L50, M|100/100
|-weather|Sandstorm|[from] ability: Sand Stream|[of] p1a: Tyranitar
|turn|6
|
|t:|1757783830
|switch|p2b: Salamence|Salamence, L50, F|100/100
|-ability|p2b: Salamence|Intimidate|boost
|-unboost|p1a: Tyranitar|atk|1
|-fail|p1b: Excadrill|unboost|[from] item: Clear Amulet|[of] p1b: Excadrill
|move|p1b: Excadrill|Earthquake|p2b: Salamence|[spread] p1a,p2a
|-immune|p2b: Salamence
|-supereffective|p1a: Tyranitar
|-supereffective|p2a: Sneasler
|-damage|p1a: Tyranitar|32/100
|-damage|p2a: Sneasler|0 fnt
|faint|p2a: Sneasler
|move|p1a: Tyranitar|Rock Slide|p2b: Salamence
|-supereffective|p2b: Salamence
|-crit|p2b: Salamence
|-damage|p2b: Salamence|0 fnt
|faint|p2b: Salamence
|
|-weather|Sandstorm|[upkeep]
|upkeep
|
|t:|1757783848
|switch|p2a: Ninetales|Ninetales-Alola, L50, M|100/100
|switch|p2b: Basculegion|Basculegion, L50, M|100/100
|-weather|Snowscape|[from] ability: Snow Warning|[of] p2a: Ninetales
|turn|7
|
|t:|1757783859
|move|p2b: Basculegion|Last Respects|p1a: Tyranitar
|-resisted|p1a: Tyranitar
|-damage|p1a: Tyranitar|0 fnt
|faint|p1a: Tyranitar
|move|p2a: Ninetales|Blizzard|p1b: Excadrill
|-damage|p1b: Excadrill|41/100
|move|p1b: Excadrill|Earthquake|p2b: Basculegion|[spread] p2a,p2b
|-damage|p2a: Ninetales|62/100
|-damage|p2b: Basculegion|50/100
|
|-weather|Snowscape|[upkeep]
|upkeep
|turn|8
|
|t:|1757783870
|move|p2b: Basculegion|Last Respects|p1b: Excadrill
|-damage|p1b: Excadrill|0 fnt
|faint|p1b: Excadrill
|
|win|Sandyboio66
||Sandyboio66 is ready for game 3.
|inactive|tg100 has 30 seconds to confirm battle start!
||tg100 is ready for game 3.
|uhtml|next|Next: Game 3 of 3
|l|☆Sandyboio66
|player|p2|
|l|☆tg100
|player|p1|
