|j|☆ethnol1816
|j|☆enigmaeuw
|html|ethnol1816enigmaeuw    
|uhtml|bestof|Game 1 of a best-of-3
|t:|1757630539
|gametype|doubles
|player|p1|ethnol1816|boarder|
|player|p2|enigmaeuw|ingo|
|gen|9
|tier|[Gen 9] VGC 2025 Reg H (Bo3)
|rule|Species Clause: Limit one of each Pokémon
|rule|Item Clause: Limit 1 of each item
|clearpoke
|poke|p1|Sneasler, L50, M|
|poke|p1|Dragapult, L50, F|
|poke|p1|Primarina, L50, M|
|poke|p1|Rillaboom, L50, F|
|poke|p1|Kingambit, L50, M|
|poke|p1|Magmar, L50, F|
|poke|p2|Pelipper, L50, M|
|poke|p2|Archaludon, L50, F|
|poke|p2|Incineroar, L50, M|
|poke|p2|Hydreigon, L50, F|
|poke|p2|Ursaluna, L50, F|
|poke|p2|Amoonguss, L50, F|
|teampreview|4
|showteam|p1|Sneasler||FocusSash|PoisonTouch|CloseCombat,DireClaw,FakeOut,Protect|||M|||50|,,,,,Stellar]Dragapult||ChoiceBand|ClearBody|DragonDarts,TeraBlast,PhantomForce,Uturn|||F|||50|,,,,,Ghost]Primarina||SitrusBerry|LiquidVoice|HyperVoice,Moonblast,Haze,Protect|||M|||50|,,,,,Water]Rillaboom||AssaultVest|GrassySurge|WoodHammer,GrassyGlide,HighHorsepower,FakeOut|||F|||50|,,,,,Fire]Kingambit||BlackGlasses|Defiant|KowtowCleave,SuckerPunch,SwordsDance,Protect|||M|||50|,,,,,Ghost]Magmar||Eviolite|VitalSpirit|Overheat,WillOWisp,FollowMe,Protect|||F|||50|,,,,,Ghost
|showteam|p2|Pelipper||CovertCloak|Drizzle|WeatherBall,Hurricane,Tailwind,Protect|||M|||50|,,,,,Grass]Archaludon||AssaultVest|Stamina|ElectroShot,BodyPress,DracoMeteor,FlashCannon|||F|||50|,,,,,Bug]Incineroar||RockyHelmet|Intimidate|FlareBlitz,KnockOff,FakeOut,PartingShot|||M|||50|,,,,,Grass]Hydreigon||SafetyGoggles|Levitate|Snarl,DracoMeteor,Tailwind,Protect|||F|||50|,,,,,Poison]Ursaluna||FlameOrb|Guts|Facade,Earthquake,HeadlongRush,Protect|||F|||50|,,,,,Ghost]Amoonguss||SitrusBerry|Regenerator|Spore,RagePowder,PollenPuff,Protect|||F|||50|,,,,,Water
|inactive|Battle timer is ON: inactive players will automatically lose when time's up. (requested by enigmaeuw)
|inactive|ethnol1816 also wants the timer to be on.
|inactive|ethnol1816 has 60 seconds left.
|inactive|ethnol1816 has 30 seconds left.
|inactive|ethnol1816 has 20 seconds left.
|inactive|ethnol1816 has 15 seconds left.
|
|t:|1757630619
|teamsize|p1|4
|teamsize|p2|4
|start
|switch|p1a: Sneasler|Sneasler, L50, M|100/100
|switch|p1b: Rillaboom|Rillaboom, L50, F|100/100
|switch|p2a: Pelipper|Pelipper, L50, M|100/100
|switch|p2b: Incineroar|Incineroar, L50, M|100/100
|-fieldstart|move: Grassy Terrain|[from] ability: Grassy Surge|[of] p1b: Rillaboom
|-weather|RainDance|[from] ability: Drizzle|[of] p2a: Pelipper
|-ability|p2b: Incineroar|Intimidate|boost
|-unboost|p1a: Sneasler|atk|1
|-unboost|p1b: Rillaboom|atk|1
|turn|1
|inactive|enigmaeuw has 30 seconds left.
|inactive|enigmaeuw has 20 seconds left.
|inactive|enigmaeuw has 15 seconds left.
|inactive|enigmaeuw has 10 seconds left.
|
|t:|1757630665
|switch|p1a: Primarina|Primarina, L50, M|100/100
|move|p1b: Rillaboom|Fake Out|p2a: Pelipper
|-damage|p2a: Pelipper|91/100
|move|p2b: Incineroar|Fake Out|p1a: Primarina
|-damage|p1a: Primarina|89/100
|move|p2a: Pelipper|Hurricane|p1a: Primarina
|-damage|p1a: Primarina|54/100
|-start|p1a: Primarina|confusion
|
|-weather|RainDance|[upkeep]
|-heal|p1a: Primarina|60/100|[from] Grassy Terrain
|upkeep
|turn|2
|inactive|ethnol1816 has 30 seconds left.
|inactive|enigmaeuw has 30 seconds left.
|c|☆ethnol1816|shoulda read ots lmao
|inactive|ethnol1816 has 20 seconds left.
|c|☆ethnol1816|not used to new one
|inactive|ethnol1816 has 15 seconds left.
|
|t:|1757630709
|-terastallize|p2b: Incineroar|Grass
|move|p1b: Rillaboom|Grassy Glide|p2a: Pelipper
|-damage|p2a: Pelipper|66/100
|move|p2a: Pelipper|Tailwind|p2a: Pelipper
|-sidestart|p2: enigmaeuw|move: Tailwind
|move|p2b: Incineroar|Parting Shot|p1b: Rillaboom
|-unboost|p1b: Rillaboom|atk|1
|-unboost|p1b: Rillaboom|spa|1
|c|☆enigmaeuw|silly u
|
|t:|1757630723
|switch|p2b: Archaludon|Archaludon, L50, F|100/100|[from] Parting Shot
|-activate|p1a: Primarina|confusion
|move|p1a: Primarina|Hyper Voice|p2a: Pelipper|[spread] p2a,p2b
|-resisted|p2a: Pelipper
|-resisted|p2b: Archaludon
|-damage|p2a: Pelipper|29/100
|-damage|p2b: Archaludon|84/100
|-ability|p2b: Archaludon|Stamina|boost
|-boost|p2b: Archaludon|def|1
|
|-weather|RainDance|[upkeep]
|-heal|p2b: Archaludon|90/100|[from] Grassy Terrain
|-heal|p1a: Primarina|66/100|[from] Grassy Terrain
|upkeep
|turn|3
|inactive|ethnol1816 has 30 seconds left.
|
|t:|1757630749
|switch|p2a: Incineroar|Incineroar, L50, M, tera:Grass|100/100
|-ability|p2a: Incineroar|Intimidate|boost
|-unboost|p1a: Primarina|atk|1
|-unboost|p1b: Rillaboom|atk|1
|-activate|p1a: Primarina|confusion
|move|p1a: Primarina|Protect|p1a: Primarina
|-singleturn|p1a: Primarina|Protect
|move|p1b: Rillaboom|Grassy Glide|p2a: Incineroar
|-resisted|p2a: Incineroar
|-damage|p2a: Incineroar|93/100
|-damage|p1b: Rillaboom|84/100|[from] item: Rocky Helmet|[of] p2a: Incineroar
|move|p2b: Archaludon|Electro Shot||[still]
|-prepare|p2b: Archaludon|Electro Shot
|-boost|p2b: Archaludon|spa|1
|-anim|p2b: Archaludon|Electro Shot|p1a: Primarina
|-activate|p1a: Primarina|move: Protect
|
|-weather|RainDance|[upkeep]
|-heal|p2b: Archaludon|96/100|[from] Grassy Terrain
|-heal|p2a: Incineroar|99/100|[from] Grassy Terrain
|-heal|p1b: Rillaboom|90/100|[from] Grassy Terrain
|-heal|p1a: Primarina|72/100|[from] Grassy Terrain
|upkeep
|turn|4
|inactive|ethnol1816 has 30 seconds left.
|inactive|ethnol1816 has 20 seconds left.
|inactive|ethnol1816 has 15 seconds left.
|inactive|ethnol1816 has 10 seconds left.
|
|t:|1757630797
|switch|p1a: Sneasler|Sneasler, L50, M|100/100
|move|p2b: Archaludon|Electro Shot||[still]
|-prepare|p2b: Archaludon|Electro Shot
|-boost|p2b: Archaludon|spa|1
|-anim|p2b: Archaludon|Electro Shot|p1a: Sneasler
|-damage|p1a: Sneasler|8/100
|move|p2a: Incineroar|Knock Off|p1b: Rillaboom
|-damage|p1b: Rillaboom|51/100
|-enditem|p1b: Rillaboom|Assault Vest|[from] move: Knock Off|[of] p2a: Incineroar
|move|p1b: Rillaboom|High Horsepower|p2b: Archaludon
|-supereffective|p2b: Archaludon
|-damage|p2b: Archaludon|84/100
|-ability|p2b: Archaludon|Stamina|boost
|-boost|p2b: Archaludon|def|1
|
|-weather|RainDance|[upkeep]
|-heal|p2b: Archaludon|90/100|[from] Grassy Terrain
|-heal|p1a: Sneasler|13/100|[from] Grassy Terrain
|-heal|p2a: Incineroar|100/100|[from] Grassy Terrain
|-heal|p1b: Rillaboom|57/100|[from] Grassy Terrain
|upkeep
|turn|5
|inactive|ethnol1816 has 30 seconds left.
|inactive|enigmaeuw has 30 seconds left.
|inactive|ethnol1816 has 20 seconds left.
|inactive|ethnol1816 has 15 seconds left.
|inactive|enigmaeuw has 20 seconds left.
|inactive|ethnol1816 has 10 seconds left.
|inactive|ethnol1816 has 5 seconds left.
|inactive|enigmaeuw has 15 seconds left.
|inactive|enigmaeuw has 10 seconds left.
|
|t:|1757630859
|switch|p1b: Primarina|Primarina, L50, M|72/100
|move|p1a: Sneasler|Protect|p1a: Sneasler
|-singleturn|p1a: Sneasler|Protect
|move|p2b: Archaludon|Electro Shot||[still]
|-prepare|p2b: Archaludon|Electro Shot
|-boost|p2b: Archaludon|spa|1
|-anim|p2b: Archaludon|Electro Shot|p1a: Sneasler
|-activate|p1a: Sneasler|move: Protect
|move|p2a: Incineroar|Knock Off|p1a: Sneasler
|-activate|p1a: Sneasler|move: Protect
|
|-weather|none
|-heal|p2b: Archaludon|96/100|[from] Grassy Terrain
|-heal|p1a: Sneasler|19/100|[from] Grassy Terrain
|-heal|p1b: Primarina|78/100|[from] Grassy Terrain
|-sideend|p2: enigmaeuw|move: Tailwind
|-fieldend|move: Grassy Terrain
|upkeep
|turn|6
|inactive|enigmaeuw has 30 seconds left.
|
|t:|1757630892
|switch|p1a: Kingambit|Kingambit, L50, M|100/100
|switch|p2a: Pelipper|Pelipper, L50, M|29/100
|-weather|RainDance|[from] ability: Drizzle|[of] p2a: Pelipper
|move|p2b: Archaludon|Electro Shot||[still]
|-prepare|p2b: Archaludon|Electro Shot
|-boost|p2b: Archaludon|spa|1
|-anim|p2b: Archaludon|Electro Shot|p1b: Primarina
|-supereffective|p1b: Primarina
|-damage|p1b: Primarina|0 fnt
|faint|p1b: Primarina
|
|-weather|RainDance|[upkeep]
|upkeep
|
|t:|1757630903
|switch|p1b: Rillaboom|Rillaboom, L50, F|57/100
|-fieldstart|move: Grassy Terrain|[from] ability: Grassy Surge|[of] p1b: Rillaboom
|turn|7
|inactive|enigmaeuw has 30 seconds left.
|
|t:|1757630932
|switch|p2a: Amoonguss|Amoonguss, L50, F|100/100
|move|p1b: Rillaboom|Grassy Glide|p2a: Amoonguss
|-resisted|p2a: Amoonguss
|-damage|p2a: Amoonguss|93/100
|move|p2b: Archaludon|Body Press|p1b: Rillaboom
|-damage|p1b: Rillaboom|2/100
|move|p1a: Kingambit|Swords Dance|p1a: Kingambit
|-boost|p1a: Kingambit|atk|2
|
|-weather|RainDance|[upkeep]
|-heal|p1b: Rillaboom|8/100|[from] Grassy Terrain
|-heal|p2b: Archaludon|100/100|[from] Grassy Terrain
|-heal|p2a: Amoonguss|99/100|[from] Grassy Terrain
|upkeep
|turn|8
|
|t:|1757630949
|move|p1a: Kingambit|Protect|p1a: Kingambit
|-singleturn|p1a: Kingambit|Protect
|move|p2a: Amoonguss|Rage Powder|p2a: Amoonguss
|-singleturn|p2a: Amoonguss|move: Rage Powder
|move|p1b: Rillaboom|High Horsepower|p2b: Archaludon
|-supereffective|p2b: Archaludon
|-damage|p2b: Archaludon|77/100
|-ability|p2b: Archaludon|Stamina|boost
|-boost|p2b: Archaludon|def|1
|move|p2b: Archaludon|Body Press|p1a: Kingambit
|-activate|p1a: Kingambit|move: Protect
|
|-weather|RainDance|[upkeep]
|-heal|p1b: Rillaboom|14/100|[from] Grassy Terrain
|-heal|p2b: Archaludon|83/100|[from] Grassy Terrain
|-heal|p2a: Amoonguss|100/100|[from] Grassy Terrain
|upkeep
|turn|9
|inactive|enigmaeuw has 30 seconds left.
|
|t:|1757630980
|-terastallize|p1a: Kingambit|Ghost
|move|p1b: Rillaboom|High Horsepower|p2b: Archaludon
|-supereffective|p2b: Archaludon
|-damage|p2b: Archaludon|66/100
|-ability|p2b: Archaludon|Stamina|boost
|-boost|p2b: Archaludon|def|1
|move|p2b: Archaludon|Body Press|p1b: Rillaboom
|-damage|p1b: Rillaboom|0 fnt
|faint|p1b: Rillaboom
|move|p1a: Kingambit|Kowtow Cleave|p2b: Archaludon
|-damage|p2b: Archaludon|42/100
|-ability|p2b: Archaludon|Stamina|boost
|-boost|p2b: Archaludon|def|1
|move|p2a: Amoonguss|Spore|p1a: Kingambit
|-status|p1a: Kingambit|slp|[from] move: Spore
|
|-weather|RainDance|[upkeep]
|-heal|p2b: Archaludon|48/100|[from] Grassy Terrain
|upkeep
|
|t:|1757630989
|switch|p1b: Sneasler|Sneasler, L50, M|19/100
|turn|10
|
|t:|1757631009
|move|p1b: Sneasler|Dire Claw|p2a: Amoonguss
|-damage|p2a: Amoonguss|69/100
|move|p2b: Archaludon|Electro Shot||[still]
|-prepare|p2b: Archaludon|Electro Shot
|-boost|p2b: Archaludon|spa|1
|-anim|p2b: Archaludon|Electro Shot|p1a: Kingambit
|-damage|p1a: Kingambit|0 fnt
|faint|p1a: Kingambit
|move|p2a: Amoonguss|Pollen Puff|p2b: Archaludon
|-heal|p2b: Archaludon|98/100
|
|-weather|none
|-heal|p1b: Sneasler|25/100|[from] Grassy Terrain
|-heal|p2b: Archaludon|100/100|[from] Grassy Terrain
|-heal|p2a: Amoonguss|75/100|[from] Grassy Terrain
|upkeep
|turn|11
|c|☆ethnol1816|ggs
|
|t:|1757631026
|move|p1b: Sneasler|Close Combat|p2b: Archaludon
|-supereffective|p2b: Archaludon
|-damage|p2b: Archaludon|78/100
|-unboost|p1b: Sneasler|def|1
|-unboost|p1b: Sneasler|spd|1
|-ability|p2b: Archaludon|Stamina|boost
|-boost|p2b: Archaludon|def|1
|move|p2b: Archaludon|Body Press|p1b: Sneasler
|-resisted|p1b: Sneasler
|-damage|p1b: Sneasler|0 fnt
|faint|p1b: Sneasler
|
|win|enigmaeuw
||ethnol1816 is ready for game 2.
||enigmaeuw is ready for game 2.
|uhtml|next|Next: Game 2 of 3
