|j|‽Juaner95
|j|☆1#MiraidonHater
|html|Juaner951#MiraidonHater    
|uhtml|bestof|Game 2 of a best-of-3
|t:|1783952880
|gametype|doubles
|player|p1|Juaner95|ash-hoenn|1195
|player|p2|1#MiraidonHater|volkner|1247
|gen|9
|tier|[Gen 9 Champions] VGC 2026 Reg M-B (Bo3)
|rated|
|rule|Species Clause: Limit one of each Pokémon
|rule|Item Clause: Limit 1 of each item
|clearpoke
|poke|p1|Eelektross, L50, F|
|poke|p1|Ninetales-Alola, L50, F, shiny|
|poke|p1|Talonflame, L50, F|
|poke|p1|Garchomp, L50, M|
|poke|p1|Incineroar, L50, M, shiny|
|poke|p1|Kingambit, L50, M|
|poke|p2|Metagross, L50|
|poke|p2|Tyranitar, L50, M|
|poke|p2|Garchomp, L50, F|
|poke|p2|Talonflame, L50, F|
|poke|p2|Milotic, L50, F|
|poke|p2|Sinistcha, L50|
|teampreview|4
|showteam|p1|Eelektross||Eelektrossite|Levitate|SupercellSlam,DrainPunch,Coil,Protect|Adamant||F|||50|]Ninetales-Alola||ChoiceScarf|SnowWarning|Blizzard,FreezeDry,IcyWind,Moonblast|Modest||F|||50|]Talonflame||SharpBeak|GaleWings|BraveBird,FlareBlitz,Tailwind,Protect|Jolly||F|||50|]Garchomp||LifeOrb|RoughSkin|RockSlide,Earthquake,DragonClaw,Protect|Jolly||M|||50|]Incineroar||SitrusBerry|Intimidate|FlareBlitz,ThroatChop,PartingShot,FakeOut|Careful||M|||50|]Kingambit||FocusSash|Defiant|KowtowCleave,SuckerPunch,LowKick,Protect|Adamant||M|||50|
|showteam|p2|Metagross||Metagrossite|ClearBody|IronHead,PsychicFangs,Protect,BodyPress|Jolly|||||50|]Tyranitar||ChoiceScarf|SandStream|IcePunch,RockSlide,KnockOff,LowKick|Jolly||M|||50|]Garchomp||Garchompite|SandVeil|DragonClaw,Earthquake,Protect,RockSlide|Adamant||F|||50|]Talonflame||Charcoal|GaleWings|Overheat,Tailwind,Protect,QuickGuard|Timid||F|||50|]Milotic||Leftovers|Competitive|MuddyWater,Protect,Hypnosis,Coil|Calm||F|||50|]Sinistcha||SitrusBerry|Hospitality|MatchaGotcha,RagePowder,LifeDew,TrickRoom|Bold|||||50|
|inactive|Battle timer is ON: inactive players will automatically lose when time's up. (requested by 1#MiraidonHater)
|inactive|Juaner95 has 60 seconds left.
|inactive|Juaner95 has 30 seconds left.
|inactive|Juaner95 has 20 seconds left.
|inactive|Juaner95 has 15 seconds left.
|inactive|Juaner95 has 10 seconds left.
|
|t:|1783953060
|teamsize|p1|4
|teamsize|p2|4
|start
|switch|p1a: Talonflame|Talonflame, L50, F|100/100
|switch|p1b: Incineroar|Incineroar, L50, M, shiny|100/100
|switch|p2a: Milotic|Milotic, L50, F|100/100
|switch|p2b: Metagross|Metagross, L50|100/100
|-ability|p1b: Incineroar|Intimidate|boost
|-unboost|p2a: Milotic|atk|1
|-ability|p2a: Milotic|Competitive|boost
|-boost|p2a: Milotic|spa|2
|-fail|p2b: Metagross|unboost|[from] ability: Clear Body|[of] p2b: Metagross
|turn|1
|
|t:|1783953081
|switch|p2b: Tyranitar|Tyranitar, L50, M|100/100
|-weather|Sandstorm|[from] ability: Sand Stream|[of] p2b: Tyranitar
|move|p1b: Incineroar|Fake Out|p2a: Milotic
|-damage|p2a: Milotic|89/100
|move|p1a: Talonflame|Tailwind|p1a: Talonflame
|-sidestart|p1: Juaner95|move: Tailwind
|cant|p2a: Milotic|flinch
|
|-weather|Sandstorm|[upkeep]
|-damage|p1a: Talonflame|94/100|[from] Sandstorm
|-damage|p1b: Incineroar|93/100|[from] Sandstorm
|-damage|p2a: Milotic|83/100|[from] Sandstorm
|-heal|p2a: Milotic|89/100|[from] item: Leftovers
|upkeep
|turn|2
|
|t:|1783953097
|switch|p1a: Eelektross|Eelektross, L50, F|100/100
|move|p2b: Tyranitar|Rock Slide|p1b: Incineroar|[spread] p1a
|-miss|p2b: Tyranitar|p1b: Incineroar
|-damage|p1a: Eelektross|71/100
|move|p1b: Incineroar|Parting Shot|p2b: Tyranitar
|-unboost|p2b: Tyranitar|atk|1
|-unboost|p2b: Tyranitar|spa|1
|
|t:|1783953107
|switch|p1b: Ninetales|Ninetales-Alola, L50, F, shiny|100/100|[from] Parting Shot
|-weather|Snowscape|[from] ability: Snow Warning|[of] p1b: Ninetales
|move|p2a: Milotic|Coil|p2a: Milotic
|-boost|p2a: Milotic|atk|1
|-boost|p2a: Milotic|def|1
|-boost|p2a: Milotic|accuracy|1
|
|-weather|Snowscape|[upkeep]
|-heal|p2a: Milotic|95/100|[from] item: Leftovers
|upkeep
|turn|3
|
|t:|1783953122
|detailschange|p1a: Eelektross|Eelektross-Mega, L50, F
|-mega|p1a: Eelektross|Eelektross|Eelektrossite
|move|p2a: Milotic|Protect|p2a: Milotic
|-singleturn|p2a: Milotic|Protect
|move|p1b: Ninetales|Freeze-Dry|p2a: Milotic
|-activate|p2a: Milotic|move: Protect
|move|p1a: Eelektross|Coil|p1a: Eelektross
|-boost|p1a: Eelektross|atk|1
|-boost|p1a: Eelektross|def|1
|-boost|p1a: Eelektross|accuracy|1
|move|p2b: Tyranitar|Rock Slide|p1a: Eelektross|[spread] p1a,p1b
|-supereffective|p1b: Ninetales|1
|-damage|p1a: Eelektross|58/100
|-damage|p1b: Ninetales|64/100
|
|-weather|Snowscape|[upkeep]
|-heal|p2a: Milotic|100/100|[from] item: Leftovers
|upkeep
|turn|4
|
|t:|1783953140
|move|p1b: Ninetales|Freeze-Dry|p2a: Milotic
|-supereffective|p2a: Milotic|1
|-damage|p2a: Milotic|64/100
|move|p1a: Eelektross|Supercell Slam|p2a: Milotic
|-supereffective|p2a: Milotic|1
|-damage|p2a: Milotic|0 fnt
|faint|p2a: Milotic
|-ability|p1a: Eelektross|Eelevate|boost
|-boost|p1a: Eelektross|atk|1
|move|p2b: Tyranitar|Rock Slide|p1a: Eelektross|[spread] p1a,p1b
|-supereffective|p1b: Ninetales|1
|-damage|p1a: Eelektross|43/100
|-damage|p1b: Ninetales|25/100
|
|-weather|Snowscape|[upkeep]
|-sideend|p1: Juaner95|move: Tailwind
|upkeep
|
|t:|1783953155
|switch|p2a: Metagross|Metagross, L50|100/100
|turn|5
|
|t:|1783953163
|switch|p1b: Talonflame|Talonflame, L50, F|94/100
|switch|p2b: Sinistcha|Sinistcha, L50|100/100
|detailschange|p2a: Metagross|Metagross-Mega, L50
|-mega|p2a: Metagross|Metagross|Metagrossite
|move|p2a: Metagross|Psychic Fangs|p1a: Eelektross
|-damage|p1a: Eelektross|2/100
|move|p1a: Eelektross|Drain Punch|p2b: Sinistcha
|-immune|p2b: Sinistcha
|
|-weather|Snowscape|[upkeep]
|upkeep
|turn|6
|
|t:|1783953185
|move|p2b: Sinistcha|Rage Powder|p2b: Sinistcha
|-singleturn|p2b: Sinistcha|move: Rage Powder
|move|p1b: Talonflame|Tailwind|p1b: Talonflame
|-sidestart|p1: Juaner95|move: Tailwind
|move|p1a: Eelektross|Drain Punch|p2b: Sinistcha
|-immune|p2b: Sinistcha
|move|p2a: Metagross|Psychic Fangs|p1a: Eelektross
|-damage|p1a: Eelektross|0 fnt
|faint|p1a: Eelektross
|
|-weather|none
|upkeep
|
|t:|1783953191
|switch|p1a: Incineroar|Incineroar, L50, M, shiny|93/100
|-ability|p1a: Incineroar|Intimidate|boost
|-unboost|p2a: Metagross|atk|1
|-unboost|p2b: Sinistcha|atk|1
|turn|7
|
|t:|1783953211
|move|p1a: Incineroar|Fake Out|p2a: Metagross
|-resisted|p2a: Metagross|1
|-damage|p2a: Metagross|95/100
|move|p1b: Talonflame|Flare Blitz|p2b: Sinistcha
|-supereffective|p2b: Sinistcha|1
|-damage|p2b: Sinistcha|28/100
|-status|p2b: Sinistcha|brn
|-enditem|p2b: Sinistcha|Sitrus Berry|[eat]
|-heal|p2b: Sinistcha|52/100 brn|[from] item: Sitrus Berry
|-damage|p1b: Talonflame|66/100|[from] Recoil
|cant|p2a: Metagross|flinch
|move|p2b: Sinistcha|Trick Room|p2b: Sinistcha
|-fieldstart|move: Trick Room|[of] p2b: Sinistcha
|
|-damage|p2b: Sinistcha|46/100 brn|[from] brn
|upkeep
|turn|8
|
|t:|1783953236
|move|p1b: Talonflame|Protect|p1b: Talonflame
|-singleturn|p1b: Talonflame|Protect
|move|p2b: Sinistcha|Rage Powder|p2b: Sinistcha
|-singleturn|p2b: Sinistcha|move: Rage Powder
|move|p1a: Incineroar|Flare Blitz|p2b: Sinistcha
|-supereffective|p2b: Sinistcha|1
|-damage|p2b: Sinistcha|0 fnt
|faint|p2b: Sinistcha
|-damage|p1a: Incineroar|80/100|[from] Recoil
|move|p2a: Metagross|Body Press|p1a: Incineroar
|-supereffective|p1a: Incineroar|1
|-damage|p1a: Incineroar|24/100
|-enditem|p1a: Incineroar|Sitrus Berry|[eat]
|-heal|p1a: Incineroar|48/100|[from] item: Sitrus Berry
|
|upkeep
|
|t:|1783953247
|switch|p2b: Tyranitar|Tyranitar, L50, M|100/100
|-weather|Sandstorm|[from] ability: Sand Stream|[of] p2b: Tyranitar
|turn|9
|
|t:|1783953260
|move|p1a: Incineroar|Parting Shot|p2b: Tyranitar
|-unboost|p2b: Tyranitar|atk|1
|-unboost|p2b: Tyranitar|spa|1
|
|t:|1783953262
|switch|p1a: Ninetales|Ninetales-Alola, L50, F, shiny|25/100|[from] Parting Shot
|-weather|Snowscape|[from] ability: Snow Warning|[of] p1a: Ninetales
|move|p2a: Metagross|Body Press|p1a: Ninetales
|-damage|p1a: Ninetales|0 fnt
|faint|p1a: Ninetales
|move|p2b: Tyranitar|Rock Slide|p1b: Talonflame
|-supereffective|p1b: Talonflame|2
|-damage|p1b: Talonflame|0 fnt
|faint|p1b: Talonflame
|
|-weather|Snowscape|[upkeep]
|-sideend|p1: Juaner95|move: Tailwind
|upkeep
|
|t:|1783953267
|switch|p1a: Incineroar|Incineroar, L50, M, shiny|48/100
|-ability|p1a: Incineroar|Intimidate|boost
|-unboost|p2a: Metagross|atk|1
|-unboost|p2b: Tyranitar|atk|1
|turn|10
|
|t:|1783953274
|move|p1a: Incineroar|Fake Out|p2a: Metagross
|-resisted|p2a: Metagross|1
|-damage|p2a: Metagross|91/100
|cant|p2a: Metagross|flinch
|move|p2b: Tyranitar|Rock Slide|p1a: Incineroar
|-supereffective|p1a: Incineroar|1
|-damage|p1a: Incineroar|9/100
|
|-weather|Snowscape|[upkeep]
|upkeep
|turn|11
|
|t:|1783953286
|move|p2a: Metagross|Protect|p2a: Metagross
|-singleturn|p2a: Metagross|Protect
|move|p1a: Incineroar|Flare Blitz|p2a: Metagross
|-activate|p2a: Metagross|move: Protect
|move|p2b: Tyranitar|Rock Slide|p1a: Incineroar
|-supereffective|p1a: Incineroar|1
|-damage|p1a: Incineroar|0 fnt
|faint|p1a: Incineroar
|
|win|1#MiraidonHater
|raw|Juaner95's rating: 1195 → 1174(-21 for losing)
|raw|1#MiraidonHater's rating: 1247 → 1268(+21 for winning)
|l|‽Juaner95
|player|p1|
|j| porygon-epilepz
|l| porygon-epilepz
|j| porygon-epilepz
