|j|☆is_katabo
|j|☆11DiamondsaurVGC
|html|is_katabo11DiamondsaurVGC    
|uhtml|bestof|Game 3 of a best-of-3
|t:|1757807975
|gametype|doubles
|player|p1|is_katabo|169|
|player|p2|11DiamondsaurVGC|skier|
|gen|9
|tier|[Gen 9] VGC 2025 Reg H (Bo3)
|rule|Species Clause: Limit one of each Pokémon
|rule|Item Clause: Limit 1 of each item
|clearpoke
|poke|p1|Incineroar, L50, F|
|poke|p1|Sneasler, L50, F|
|poke|p1|Amoonguss, L50, F|
|poke|p1|Pelipper, L50, M|
|poke|p1|Archaludon, L50, M|
|poke|p1|Dragonite, L50, F|
|poke|p2|Dondozo, L50, M|
|poke|p2|Tatsugiri, L50, F|
|poke|p2|Indeedee, L50, M|
|poke|p2|Dragapult, L50, F|
|poke|p2|Ribombee, L50, M|
|poke|p2|Gholdengo, L50|
|teampreview|4
|showteam|p1|Incineroar||SafetyGoggles|Intimidate|FakeOut,KnockOff,FlareBlitz,PartingShot|||F|||50|,,,,,Ghost]Sneasler||WhiteHerb|Unburden|DireClaw,CloseCombat,ThroatChop,Protect|||F|||50|,,,,,Stellar]Amoonguss||SitrusBerry|Regenerator|PollenPuff,RagePowder,Spore,Protect|||F|||50|,,,,,Psychic]Pelipper||FocusSash|Drizzle|WeatherBall,Hurricane,Tailwind,Protect|||M|||50|,,,,,Ghost]Archaludon||AssaultVest|Stamina|ElectroShot,FlashCannon,DracoMeteor,BodyPress|||M|||50|,,,,,Bug]Dragonite||LoadedDice|Multiscale|ScaleShot,Tailwind,Haze,Protect|||F|||50|,,,,,Steel
|showteam|p2|Dondozo||Leftovers|Unaware|WaveCrash,Earthquake,OrderUp,Protect|||M|||50|,,,,,Grass]Tatsugiri||ChoiceScarf|Commander|MuddyWater,DracoMeteor,DragonPulse,TeraBlast|||F|||50|,,,,,Fairy]Indeedee||FocusSash|PsychicSurge|ExpandingForce,TeraBlast,HyperVoice,Protect|||M|||50|,,,,,Fighting]Dragapult||ChoiceBand|ClearBody|DragonDarts,Outrage,PhantomForce,Uturn|||F|||50|,,,,,Dragon]Ribombee||ChoiceSpecs|ShieldDust|Moonblast,PollenPuff,DazzlingGleam,TeraBlast|||M|||50|,,,,,Ground]Gholdengo||LifeOrb|GoodasGold|MakeItRain,ShadowBall,Thunderbolt,Protect||||||50|,,,,,Water
|inactive|Battle timer is ON: inactive players will automatically lose when time's up. (requested by 11DiamondsaurVGC)
|inactive|11DiamondsaurVGC has 60 seconds left.
|
|t:|1757808011
|teamsize|p1|4
|teamsize|p2|4
|start
|switch|p1a: Supernova|Dragonite, L50, F|100/100
|switch|p1b: moneymachine|Incineroar, L50, F, shiny|100/100
|switch|p2a: Main Character|Ribombee, L50, M|100/100
|switch|p2b: Gholdengo|Gholdengo, L50|100/100
|-ability|p1b: moneymachine|Intimidate|boost
|-unboost|p2a: Main Character|atk|1
|-unboost|p2b: Gholdengo|atk|1
|turn|1
|inactive|11DiamondsaurVGC has 30 seconds left.
|inactive|is_katabo has 30 seconds left.
|inactive|11DiamondsaurVGC has 20 seconds left.
|
|t:|1757808050
|-terastallize|p1a: Supernova|Steel
|move|p2a: Main Character|Dazzling Gleam|p1b: moneymachine|[spread] p1a,p1b
|-resisted|p1a: Supernova
|-damage|p1a: Supernova|92/100
|-damage|p1b: moneymachine|69/100
|move|p1a: Supernova|Tailwind|p1a: Supernova
|-sidestart|p1: is_katabo|move: Tailwind
|move|p1b: moneymachine|Flare Blitz|p2a: Main Character
|-supereffective|p2a: Main Character
|-damage|p2a: Main Character|0 fnt
|faint|p2a: Main Character
|-damage|p1b: moneymachine|46/100|[from] Recoil
|move|p2b: Gholdengo|Shadow Ball|p1a: Supernova
|-damage|p1a: Supernova|31/100
|-unboost|p1a: Supernova|spd|1
|-damage|p2b: Gholdengo|91/100|[from] item: Life Orb
|
|upkeep
|
|t:|1757808065
|switch|p2a: Alaskan Roll|Tatsugiri, L50, F|100/100
|turn|2
|
|t:|1757808089
|switch|p1a: Immaterial|Amoonguss, L50, F, shiny|100/100
|-terastallize|p2a: Alaskan Roll|Fairy
|move|p1b: moneymachine|Parting Shot|p2a: Alaskan Roll
|-unboost|p2a: Alaskan Roll|atk|1
|-unboost|p2a: Alaskan Roll|spa|1
|
|t:|1757808098
|switch|p1b: BRAT|Sneasler, L50, F|100/100|[from] Parting Shot
|move|p2a: Alaskan Roll|Muddy Water|p1b: BRAT|[spread] p1b
|-miss|p2a: Alaskan Roll|p1a: Immaterial
|-damage|p1b: BRAT|72/100
|-unboost|p1b: BRAT|accuracy|1
|-enditem|p1b: BRAT|White Herb
|-clearnegativeboost|p1b: BRAT|[silent]
|move|p2b: Gholdengo|Make It Rain|p1b: BRAT|[spread] p1a,p1b
|-damage|p1a: Immaterial|38/100
|-damage|p1b: BRAT|0 fnt
|-unboost|p2b: Gholdengo|spa|1
|-enditem|p1a: Immaterial|Sitrus Berry|[eat]
|-heal|p1a: Immaterial|63/100|[from] item: Sitrus Berry
|faint|p1b: BRAT
|-damage|p2b: Gholdengo|81/100|[from] item: Life Orb
|
|upkeep
|
|t:|1757808114
|switch|p1b: moneymachine|Incineroar, L50, F, shiny|46/100
|-ability|p1b: moneymachine|Intimidate|boost
|-unboost|p2a: Alaskan Roll|atk|1
|-unboost|p2b: Gholdengo|atk|1
|turn|3
|
|t:|1757808126
|move|p2b: Gholdengo|Protect|p2b: Gholdengo
|-singleturn|p2b: Gholdengo|Protect
|move|p1b: moneymachine|Flare Blitz|p2a: Alaskan Roll
|-crit|p2a: Alaskan Roll
|-damage|p2a: Alaskan Roll|0 fnt
|faint|p2a: Alaskan Roll
|-damage|p1b: moneymachine|21/100|[from] Recoil
|move|p1a: Immaterial|Pollen Puff|p1b: moneymachine
|-heal|p1b: moneymachine|71/100
|
|upkeep
|
|t:|1757808136
|switch|p2a: ilaunchmybro|Dragapult, L50, F|100/100
|turn|4
|
|t:|1757808146
|move|p1a: Immaterial|Rage Powder|p1a: Immaterial
|-singleturn|p1a: Immaterial|move: Rage Powder
|move|p1b: moneymachine|Knock Off|p2a: ilaunchmybro
|-supereffective|p2a: ilaunchmybro
|-crit|p2a: ilaunchmybro
|-damage|p2a: ilaunchmybro|0 fnt
|-enditem|p2a: ilaunchmybro|Choice Band|[from] move: Knock Off|[of] p1b: moneymachine
|faint|p2a: ilaunchmybro
|move|p2b: Gholdengo|Make It Rain|p1b: moneymachine|[spread] p1a,p1b
|-resisted|p1b: moneymachine
|-damage|p1a: Immaterial|26/100
|-damage|p1b: moneymachine|54/100
|-unboost|p2b: Gholdengo|spa|1
|-damage|p2b: Gholdengo|71/100|[from] item: Life Orb
|
|-sideend|p1: is_katabo|move: Tailwind
|upkeep
|turn|5
|
|t:|1757808164
|move|p2b: Gholdengo|Make It Rain|p1a: Immaterial|[spread] p1a,p1b
|-resisted|p1b: moneymachine
|-damage|p1a: Immaterial|0 fnt
|-damage|p1b: moneymachine|40/100
|-unboost|p2b: Gholdengo|spa|1
|faint|p1a: Immaterial
|-damage|p2b: Gholdengo|61/100|[from] item: Life Orb
|move|p1b: moneymachine|Knock Off|p2b: Gholdengo
|-supereffective|p2b: Gholdengo
|-damage|p2b: Gholdengo|0 fnt
|-enditem|p2b: Gholdengo|Life Orb|[from] move: Knock Off|[of] p1b: moneymachine
|faint|p2b: Gholdengo
|
|win|is_katabo
|c|☆is_katabo|ggg
|c|☆11DiamondsaurVGC|ggs
