|j|☆LegacyKiwi
|j|☆luxio27
|html|LegacyKiwiluxio27    
|uhtml|bestof|Game 3 of a best-of-3
|t:|1757171715
|gametype|doubles
|player|p1|LegacyKiwi|102|
|player|p2|luxio27|2|
|gen|9
|tier|[Gen 9] VGC 2025 Reg H (Bo3)
|rule|Species Clause: Limit one of each Pokémon
|rule|Item Clause: Limit 1 of each item
|clearpoke
|poke|p1|Altaria, L50, F|
|poke|p1|Shiftry, L50, F|
|poke|p1|Chandelure, L50, M|
|poke|p1|Geodude-Alola, L50, F|
|poke|p1|Malamar, L50, F|
|poke|p1|Blastoise, L50, M|
|poke|p2|Incineroar, L50, F|
|poke|p2|Grimmsnarl, L50, M|
|poke|p2|Primarina, L50, F|
|poke|p2|Gliscor, L50, M|
|poke|p2|Dragapult, L50, M|
|poke|p2|Volcarona, L50, F|
|teampreview|4
|showteam|p1|Altaria||FocusSash|CloudNine|HelpingHand,Endeavor,Tailwind,DracoMeteor|||F|||50|,,,,,Steel]Shiftry||ClearAmulet|WindRider|LeafBlade,Protect,KnockOff,FakeOut|||F|||50|,,,,,Poison]Chandelure||LifeOrb|Infiltrator|Protect,TrickRoom,ShadowBall,HeatWave|||M|||50|,,,,,Dark]Geodude-Alola||WideLens|Sturdy|Protect,ThunderWave,WideGuard,RockSlide|||F|||50|,,,,,Grass]Malamar||CovertCloak|Contrary|ThroatChop,TopsyTurvy,PsychoCut,Superpower|||F|||50|,,,,,Water]Blastoise||SitrusBerry|Torrent|FakeOut,FlipTurn,WaveCrash,Protect|||M|||50|,,,,,Fire
|showteam|p2|Incineroar||SafetyGoggles|Intimidate|PartingShot,KnockOff,FakeOut,SunnyDay|||F|||50|,,,,,Fire]Grimmsnarl||LightClay|Prankster|FakeOut,LightScreen,Reflect,SpiritBreak|||M|||50|,,,,,Ghost]Primarina||ThroatSpray|LiquidVoice|Moonblast,HyperVoice,Protect,Haze|||F|||50|,,,,,Dragon]Gliscor||ToxicOrb|PoisonHeal|Tailwind,Protect,HighHorsepower,DualWingbeat|||M|||50|,,,,,Fire]Dragapult||ChoiceBand|ClearBody|PhantomForce,Acrobatics,DragonDarts,Uturn|||M|||50|,,,,,Flying]Volcarona||Leftovers|FlameBody|Flamethrower,QuiverDance,Protect,StruggleBug|||F|||50|,,,,,Water
|c|☆luxio27|I'll be using this team at the Victory Road World Championships. My friends and I are representing San Marino, a small state in Italy!
|c|☆luxio27|I'm trying it out because I'd like to bring players who aren't ranked to stun my opponents.
|c|☆LegacyKiwi|Wait no way that’s so cool
|c|☆LegacyKiwi|i was going to my first tournament in the regional in Philly
|c|☆luxio27|u use this team??
|
|t:|1757171821
|teamsize|p1|4
|teamsize|p2|4
|start
|switch|p1a: Chandelure|Chandelure, L50, M, shiny|100/100
|switch|p1b: Geodude|Geodude-Alola, L50, F, shiny|100/100
|switch|p2a: Gliscor|Gliscor, L50, M|100/100
|switch|p2b: Grimmsnarl|Grimmsnarl, L50, M|100/100
|turn|1
|c|☆LegacyKiwi|Yes i’m bringing this
|
|t:|1757171851
|-terastallize|p1a: Chandelure|Dark
|move|p1b: Geodude|Protect|p1b: Geodude
|-singleturn|p1b: Geodude|Protect
|move|p2b: Grimmsnarl|Light Screen|p2b: Grimmsnarl
|-sidestart|p2: luxio27|move: Light Screen
|move|p2a: Gliscor|Dual Wingbeat|p1b: Geodude
|-activate|p1b: Geodude|move: Protect
|move|p1a: Chandelure|Trick Room|p1a: Chandelure
|-fieldstart|move: Trick Room|[of] p1a: Chandelure
|
|-status|p2a: Gliscor|tox|[from] item: Toxic Orb
|upkeep
|turn|2
|
|t:|1757171869
|move|p2a: Gliscor|Protect|p2a: Gliscor
|-singleturn|p2a: Gliscor|Protect
|move|p2b: Grimmsnarl|Reflect|p2b: Grimmsnarl
|-sidestart|p2: luxio27|Reflect
|move|p1b: Geodude|Rock Slide|p2a: Gliscor|[spread] p2b
|-activate|p2a: Gliscor|move: Protect
|-damage|p2b: Grimmsnarl|86/100
|move|p1a: Chandelure|Heat Wave|p2a: Gliscor|[spread] p2b
|-activate|p2a: Gliscor|move: Protect
|-damage|p2b: Grimmsnarl|29/100
|-damage|p1a: Chandelure|91/100|[from] item: Life Orb
|
|upkeep
|turn|3
|
|t:|1757171913
|move|p1b: Geodude|Rock Slide|p2b: Grimmsnarl|[spread] p2a,p2b
|-damage|p2a: Gliscor|87/100 tox
|-damage|p2b: Grimmsnarl|13/100
|move|p2b: Grimmsnarl|Spirit Break|p1b: Geodude
|-damage|p1b: Geodude|61/100
|-unboost|p1b: Geodude|spa|1
|move|p1a: Chandelure|Heat Wave|p2a: Gliscor|[spread] p2a,p2b
|-damage|p2a: Gliscor|33/100 tox
|-damage|p2b: Grimmsnarl|0 fnt
|faint|p2b: Grimmsnarl
|-damage|p1a: Chandelure|82/100|[from] item: Life Orb
|move|p2a: Gliscor|High Horsepower|p1a: Chandelure
|-damage|p1a: Chandelure|39/100
|
|-heal|p2a: Gliscor|45/100 tox|[from] ability: Poison Heal
|upkeep
|
|t:|1757171930
|switch|p2b: Volcarona|Volcarona, L50, F|100/100
|turn|4
|
|t:|1757171942
|move|p2a: Gliscor|Protect|p2a: Gliscor
|-singleturn|p2a: Gliscor|Protect
|move|p1b: Geodude|Rock Slide|p2b: Volcarona|[spread] p2b
|-activate|p2a: Gliscor|move: Protect
|-supereffective|p2b: Volcarona
|-damage|p2b: Volcarona|49/100
|move|p1a: Chandelure|Heat Wave|p2a: Gliscor|[spread] p2b
|-activate|p2a: Gliscor|move: Protect
|-damage|p2b: Volcarona|0 fnt
|faint|p2b: Volcarona
|-damage|p1a: Chandelure|29/100|[from] item: Life Orb
|
|-heal|p2a: Gliscor|57/100 tox|[from] ability: Poison Heal
|upkeep
|
|t:|1757171956
|switch|p2b: Primarina|Primarina, L50, F|100/100
|turn|5
|
|t:|1757172012
|move|p1b: Geodude|Thunder Wave|p1a: Chandelure
|-status|p1a: Chandelure|par
|move|p1a: Chandelure|Heat Wave|p2a: Gliscor|[spread] p2a
|-miss|p1a: Chandelure|p2b: Primarina
|-damage|p2a: Gliscor|11/100 tox
|-damage|p1a: Chandelure|20/100 par|[from] item: Life Orb
|move|p2b: Primarina|Hyper Voice|p1a: Chandelure|[spread] p1a,p1b
|-supereffective|p1b: Geodude
|-damage|p1a: Chandelure|0 fnt
|-damage|p1b: Geodude|0 fnt
|faint|p1a: Chandelure
|faint|p1b: Geodude
|-enditem|p2b: Primarina|Throat Spray
|-boost|p2b: Primarina|spa|1|[from] item: Throat Spray
|move|p2a: Gliscor|High Horsepower|p1: Chandelure|[notarget]
|-fail|p2a: Gliscor
|
|-heal|p2a: Gliscor|24/100 tox|[from] ability: Poison Heal
|-fieldend|move: Trick Room
|upkeep
|
|t:|1757172024
|switch|p1a: Blastunk|Blastoise, L50, M, shiny|100/100
|switch|p1b: Shiftry|Shiftry, L50, F, shiny|100/100
|turn|6
|
|t:|1757172057
|move|p2a: Gliscor|Protect|p2a: Gliscor
|-singleturn|p2a: Gliscor|Protect
|move|p2b: Primarina|Protect|p2b: Primarina
|-singleturn|p2b: Primarina|Protect
|move|p1a: Blastunk|Fake Out|p2b: Primarina
|-activate|p2b: Primarina|move: Protect
|move|p1b: Shiftry|Leaf Blade|p2a: Gliscor
|-activate|p2a: Gliscor|move: Protect
|
|-heal|p2a: Gliscor|36/100 tox|[from] ability: Poison Heal
|upkeep
|turn|7
|
|t:|1757172095
|-terastallize|p2b: Primarina|Dragon
|move|p1b: Shiftry|Protect|p1b: Shiftry
|-singleturn|p1b: Shiftry|Protect
|move|p2a: Gliscor|Tailwind|p2a: Gliscor
|-sidestart|p2: luxio27|move: Tailwind
|move|p2b: Primarina|Moonblast|p1a: Blastunk
|-crit|p1a: Blastunk
|-damage|p1a: Blastunk|16/100
|-enditem|p1a: Blastunk|Sitrus Berry|[eat]
|-heal|p1a: Blastunk|41/100|[from] item: Sitrus Berry
|move|p1a: Blastunk|Wave Crash|p2a: Gliscor
|-supereffective|p2a: Gliscor
|-damage|p2a: Gliscor|0 fnt
|faint|p2a: Gliscor
|-damage|p1a: Blastunk|30/100|[from] Recoil
|
|upkeep
|turn|8
|
|t:|1757172137
|move|p2b: Primarina|Moonblast|p1b: Shiftry
|-supereffective|p1b: Shiftry
|-damage|p1b: Shiftry|0 fnt
|faint|p1b: Shiftry
|move|p1a: Blastunk|Wave Crash|p2b: Primarina
|-resisted|p2b: Primarina
|-damage|p2b: Primarina|73/100
|-damage|p1a: Blastunk|20/100|[from] Recoil
|
|-sideend|p2: luxio27|move: Light Screen
|upkeep
|turn|9
|c|☆luxio27|shiftry can use sucker punch?
|
|t:|1757172164
|move|p1a: Blastunk|Protect|p1a: Blastunk
|-singleturn|p1a: Blastunk|Protect
|move|p2b: Primarina|Moonblast|p1a: Blastunk
|-activate|p1a: Blastunk|move: Protect
|
|-sideend|p2: luxio27|Reflect
|upkeep
|turn|10
|c|☆LegacyKiwi|Yea i just need knock for indeedee so i cant use it in psychic terrain
|
|t:|1757172196
|move|p1a: Blastunk|Protect|p1a: Blastunk
|-singleturn|p1a: Blastunk|Protect
|move|p2b: Primarina|Moonblast|p1a: Blastunk
|-activate|p1a: Blastunk|move: Protect
|
|-sideend|p2: luxio27|move: Tailwind
|upkeep
|turn|11
|c|☆luxio27|this situation is cool
|
|t:|1757172243
|move|p1a: Blastunk|Wave Crash|p2b: Primarina
|-resisted|p2b: Primarina
|-damage|p2b: Primarina|33/100
|-damage|p1a: Blastunk|8/100|[from] Recoil
|move|p2b: Primarina|Moonblast|p1a: Blastunk
|-damage|p1a: Blastunk|0 fnt
|faint|p1a: Blastunk
|
|win|luxio27
|c|☆LegacyKiwi|gg wp
|c|☆luxio27|bulky primarina
|c|☆LegacyKiwi|Super close wow
|c|☆LegacyKiwi|Ahh Makes sense, i was hoping torrent
|c|☆luxio27|i know
|c|☆luxio27|I have to go, if I catch you can we play again?
|c|☆luxio27|I have to go, if I see you online can we play again?
|l|☆LegacyKiwi
|player|p1|
|l|☆luxio27
|player|p2|
|j|☆LegacyKiwi
|player|p1|LegacyKiwi|102|
|c|☆LegacyKiwi|Yes if i see u pls
