|j|☆CCmanny
|j|☆OreburghRanger
|html|CCmannyOreburghRanger    
|uhtml|bestof|Game 1 of a best-of-3
|t:|1756404161
|gametype|doubles
|player|p1|CCmanny|ethan|
|player|p2|OreburghRanger|pokemonranger-gen4|
|gen|9
|tier|[Gen 9] VGC 2025 Reg H (Bo3)
|rule|Species Clause: Limit one of each Pokémon
|rule|Item Clause: Limit 1 of each item
|clearpoke
|poke|p1|Ninetales-Alola, L50, M|
|poke|p1|Corviknight, L50, M|
|poke|p1|Incineroar, L50, F|
|poke|p1|Garchomp, L50, M|
|poke|p1|Amoonguss, L50, M|
|poke|p1|Flamigo, L50, F|
|poke|p2|Charizard, L50, M|
|poke|p2|Torkoal, L50, F|
|poke|p2|Porygon2, L50|
|poke|p2|Incineroar, L50, M|
|poke|p2|Jumpluff, L50, F|
|poke|p2|Ursaluna, L50, M|
|teampreview|4
|showteam|p1|Ninetales-Alola||LightClay|SnowWarning|Blizzard,FreezeDry,AuroraVeil,Protect|||M|||50|,,,,,Ghost]Corviknight||SitrusBerry|MirrorArmor|BraveBird,BulkUp,Tailwind,Roost|||M|||50|,,,,,Fire]Incineroar||AssaultVest|Intimidate|FlareBlitz,KnockOff,Uturn,FakeOut|||F|||50|,,,,,Ghost]Garchomp||LifeOrb|RoughSkin|Earthquake,DragonClaw,SwordsDance,Protect|||M|||50|,,,,,Fire]Amoonguss||RockyHelmet|Regenerator|PollenPuff,RagePowder,Spore,Protect|||M|||50|,,,,,Dark]Flamigo||FocusSash|Scrappy|BraveBird,CloseCombat,Detect,WideGuard|||F|||50|,,,,,Ghost
|showteam|p2|Charizard||ChoiceSpecs|SolarPower|HeatWave,Overheat,WeatherBall,AirSlash|||M|||50|,,,,,Ghost]Torkoal||EjectPack|Drought|Eruption,Overheat,HelpingHand,Protect|||F|||50|,,,,,Fire]Porygon2||Eviolite|Download|TeraBlast,IceBeam,Recover,TrickRoom||||||50|,,,,,Fighting]Incineroar||SafetyGoggles|Intimidate|FlareBlitz,KnockOff,FakeOut,PartingShot|||M|||50|,,,,,Ghost]Jumpluff||CovertCloak|Chlorophyll|SleepPowder,SunnyDay,RagePowder,Tailwind|||F|||50|,,,,,Water]Ursaluna||FlameOrb|Guts|HeadlongRush,Facade,Earthquake,Protect|||M|||50|,,,,,Ghost
|c|☆OreburghRanger|glhf!
|c|☆CCmanny|glhf
|inactive|Battle timer is ON: inactive players will automatically lose when time's up. (requested by OreburghRanger)
|inactive|CCmanny has 60 seconds left.
|
|t:|1756404207
|teamsize|p1|4
|teamsize|p2|4
|start
|switch|p1a: Corviknight|Corviknight, L50, M|100/100
|switch|p1b: Incineroar|Incineroar, L50, F|100/100
|switch|p2a: Kenshin|Charizard, L50, M, shiny|100/100
|switch|p2b: Ayanami|Porygon2, L50, shiny|100/100
|-ability|p1b: Incineroar|Intimidate|boost
|-unboost|p2a: Kenshin|atk|1
|-unboost|p2b: Ayanami|atk|1
|-ability|p2b: Ayanami|Download|boost
|-boost|p2b: Ayanami|spa|1
|turn|1
|inactive|CCmanny has 30 seconds left.
|inactive|OreburghRanger has 30 seconds left.
|inactive|CCmanny has 20 seconds left.
|inactive|OreburghRanger has 20 seconds left.
|inactive|CCmanny has 15 seconds left.
|inactive|OreburghRanger has 15 seconds left.
|inactive|CCmanny has 10 seconds left.
|inactive|OreburghRanger has 10 seconds left.
|inactive|OreburghRanger has 5 seconds left.
|
|t:|1756404260
|switch|p2a: Ryo the Stern|Torkoal, L50, F|100/100
|-weather|SunnyDay|[from] ability: Drought|[of] p2a: Ryo the Stern
|-terastallize|p1a: Corviknight|Fire
|move|p1b: Incineroar|Fake Out|p2a: Ryo the Stern
|-damage|p2a: Ryo the Stern|90/100
|move|p1a: Corviknight|Brave Bird|p2a: Ryo the Stern
|-damage|p2a: Ryo the Stern|58/100
|-damage|p1a: Corviknight|91/100|[from] Recoil
|move|p2b: Ayanami|Trick Room|p2b: Ayanami
|-fieldstart|move: Trick Room|[of] p2b: Ayanami
|
|-weather|SunnyDay|[upkeep]
|upkeep
|turn|2
|inactive|CCmanny has 30 seconds left.
|inactive|OreburghRanger has 30 seconds left.
|inactive|OreburghRanger has 20 seconds left.
|inactive|OreburghRanger has 15 seconds left.
|inactive|CCmanny has 20 seconds left.
|inactive|OreburghRanger has 10 seconds left.
|inactive|CCmanny has 15 seconds left.
|
|t:|1756404311
|move|p2a: Ryo the Stern|Eruption|p1b: Incineroar|[spread] p1a,p1b
|-resisted|p1a: Corviknight
|-resisted|p1b: Incineroar
|-damage|p1a: Corviknight|71/100
|-damage|p1b: Incineroar|87/100
|move|p2b: Ayanami|Tera Blast|p1a: Corviknight
|-damage|p1a: Corviknight|12/100
|-enditem|p1a: Corviknight|Sitrus Berry|[eat]
|-heal|p1a: Corviknight|37/100|[from] item: Sitrus Berry
|move|p1b: Incineroar|Knock Off|p2b: Ayanami
|-damage|p2b: Ayanami|69/100
|-enditem|p2b: Ayanami|Eviolite|[from] move: Knock Off|[of] p1b: Incineroar
|move|p1a: Corviknight|Brave Bird|p2a: Ryo the Stern
|-damage|p2a: Ryo the Stern|25/100
|-damage|p1a: Corviknight|27/100|[from] Recoil
|
|-weather|SunnyDay|[upkeep]
|upkeep
|turn|3
|inactive|CCmanny has 30 seconds left.
|inactive|OreburghRanger has 30 seconds left.
|inactive|CCmanny has 20 seconds left.
|inactive|CCmanny has 15 seconds left.
|inactive|CCmanny has 10 seconds left.
|
|t:|1756404356
|-terastallize|p2b: Ayanami|Fighting
|move|p2a: Ryo the Stern|Overheat|p1b: Incineroar
|-resisted|p1b: Incineroar
|-damage|p1b: Incineroar|58/100
|-unboost|p2a: Ryo the Stern|spa|2
|-enditem|p2a: Ryo the Stern|Eject Pack
|
|t:|1756404362
|switch|p2a: Koshamain|Ursaluna, L50, M|100/100
|move|p2b: Ayanami|Tera Blast|p1b: Incineroar|[anim] Tera Blast Fighting
|-supereffective|p1b: Incineroar
|-damage|p1b: Incineroar|0 fnt
|faint|p1b: Incineroar
|move|p1a: Corviknight|Roost|p1a: Corviknight
|-heal|p1a: Corviknight|77/100
|
|-weather|SunnyDay|[upkeep]
|-status|p2a: Koshamain|brn|[from] item: Flame Orb
|upkeep
|
|t:|1756404372
|switch|p1b: Ninetales|Ninetales-Alola, L50, M|100/100
|-weather|Snowscape|[from] ability: Snow Warning|[of] p1b: Ninetales
|turn|4
|
|t:|1756404386
|move|p2b: Ayanami|Tera Blast|p1b: Ninetales|[anim] Tera Blast Fighting
|-damage|p1b: Ninetales|36/100
|move|p2a: Koshamain|Headlong Rush|p1a: Corviknight
|-supereffective|p1a: Corviknight
|-damage|p1a: Corviknight|0 fnt
|-unboost|p2a: Koshamain|def|1
|-unboost|p2a: Koshamain|spd|1
|faint|p1a: Corviknight
|move|p1b: Ninetales|Aurora Veil|p1b: Ninetales
|-sidestart|p1: CCmanny|move: Aurora Veil
|
|-weather|Snowscape|[upkeep]
|-damage|p2a: Koshamain|95/100 brn|[from] brn
|upkeep
|
|t:|1756404397
|switch|p1a: Garchomp|Garchomp, L50, M|100/100
|turn|5
|inactive|CCmanny has 30 seconds left.
|
|t:|1756404425
|switch|p2a: Kenshin|Charizard, L50, M, shiny|100/100
|move|p1a: Garchomp|Protect|p1a: Garchomp
|-singleturn|p1a: Garchomp|Protect
|move|p2b: Ayanami|Tera Blast|p1b: Ninetales|[anim] Tera Blast Fighting
|-damage|p1b: Ninetales|0 fnt
|faint|p1b: Ninetales
|
|-weather|Snowscape|[upkeep]
|-fieldend|move: Trick Room
|upkeep
|turn|6
|
|t:|1756404443
|move|p1a: Garchomp|Dragon Claw|p2a: Kenshin
|-damage|p2a: Kenshin|23/100
|-damage|p1a: Garchomp|91/100|[from] item: Life Orb
|move|p2a: Kenshin|Weather Ball|p1a: Garchomp
|-supereffective|p1a: Garchomp
|-damage|p1a: Garchomp|0 fnt
|faint|p1a: Garchomp
|
|win|OreburghRanger
