|j|☆reuman
|j|☆guillelona
|html|reumanguillelona    
|uhtml|bestof|Game 1 of a best-of-3
|t:|1784990670
|gametype|doubles
|player|p1|reuman|lucas|1145
|player|p2|guillelona|2|1161
|gen|9
|tier|[Gen 9 Champions] VGC 2026 Reg M-B (Bo3)
|rated|
|rule|Species Clause: Limit one of each Pokémon
|rule|Item Clause: Limit 1 of each item
|clearpoke
|poke|p1|Gengar, L50, M, shiny|
|poke|p1|Milotic, L50, F|
|poke|p1|Whimsicott, L50, M|
|poke|p1|Metagross, L50, shiny|
|poke|p1|Rotom-Mow, L50|
|poke|p1|Incineroar, L50, M|
|poke|p2|Vivillon-Tundra, L50, F|
|poke|p2|Mawile, L50, M|
|poke|p2|Torkoal, L50, F|
|poke|p2|Farigiraf, L50, M|
|poke|p2|Garchomp, L50, F|
|poke|p2|Raichu, L50, F|
|teampreview|4
|showteam|p1|Gengar||Gengarite|CursedBody|ShadowBall,SludgeBomb,WillOWisp,Protect|Timid||M|||50|]Milotic||Leftovers|Competitive|AlluringVoice,MuddyWater,IcyWind,Protect|Calm||F|||50|]Whimsicott||FocusSash|Prankster|Tailwind,Encore,Protect,Moonblast|Bold||M|||50|]Metagross||Metagrossite|ClearBody|BodyPress,BulletPunch,Protect,PsychicFangs|Adamant|||||50|]Rotom-Mow||BrightPowder|Levitate|WillOWisp,Protect,LeafStorm,VoltSwitch|Calm|||||50|]Incineroar||SitrusBerry|Intimidate|FlareBlitz,CloseCombat,FakeOut,DarkestLariat|Brave||M|||50|
|showteam|p2|Vivillon-Tundra||FocusSash|CompoundEyes|Hurricane,SleepPowder,RagePowder,Protect|Timid||F|||50|]Mawile||Mawilite|Intimidate|PlayRough,RockSlide,SuckerPunch,Protect|Adamant||M|||50|]Torkoal||Charcoal|Drought|Eruption,WeatherBall,Protect,EarthPower|Quiet||F|||50|]Farigiraf||SitrusBerry|ArmorTail|Psychic,Thunderbolt,TrickRoom,HelpingHand|Relaxed||M|||50|]Garchomp||LifeOrb|RoughSkin|DragonClaw,Earthquake,RockSlide,Protect|Jolly||F|||50|]Raichu||RaichuniteY|LightningRod|ZapCannon,FocusBlast,FakeOut,Protect|Timid||F|||50|
|inactive|Battle timer is ON: inactive players will automatically lose when time's up. (requested by reuman)
|inactive|guillelona has 60 seconds left.
|
|t:|1784990718
|teamsize|p1|4
|teamsize|p2|4
|start
|switch|p1a: Incineroar|Incineroar, L50, M|100/100
|switch|p1b: Whimsicott|Whimsicott, L50, M|100/100
|switch|p2a: Vivillon|Vivillon-Tundra, L50, F|100/100
|switch|p2b: Farigiraf|Farigiraf, L50, M|100/100
|-ability|p1a: Incineroar|Intimidate|boost
|-unboost|p2a: Vivillon|atk|1
|-unboost|p2b: Farigiraf|atk|1
|turn|1
|
|t:|1784990730
|move|p1b: Whimsicott|Tailwind|p1b: Whimsicott
|-sidestart|p1: reuman|move: Tailwind
|move|p2a: Vivillon|Sleep Powder|p1a: Incineroar
|-status|p1a: Incineroar|slp|[from] move: Sleep Powder
|cant|p1a: Incineroar|slp
|move|p2b: Farigiraf|Trick Room|p2b: Farigiraf
|-fieldstart|move: Trick Room|[of] p2b: Farigiraf
|
|upkeep
|turn|2
|
|t:|1784990738
|move|p1b: Whimsicott|Protect|p1b: Whimsicott
|-singleturn|p1b: Whimsicott|Protect
|move|p2b: Farigiraf|Thunderbolt|p1a: Incineroar
|-damage|p1a: Incineroar|83/100 slp
|cant|p1a: Incineroar|slp
|move|p2a: Vivillon|Hurricane|p1b: Whimsicott
|-activate|p1b: Whimsicott|move: Protect
|
|upkeep
|turn|3
|
|t:|1784990753
|switch|p2b: Torkoal|Torkoal, L50, F|100/100
|-weather|SunnyDay|[from] ability: Drought|[of] p2b: Torkoal
|switch|p1b: Metagross|Metagross, L50, shiny|100/100
|-curestatus|p1a: Incineroar|slp|[msg]
|move|p1a: Incineroar|Flare Blitz|p2a: Vivillon
|-supereffective|p2a: Vivillon|1
|-enditem|p2a: Vivillon|Focus Sash
|-damage|p2a: Vivillon|1/100
|-damage|p1a: Incineroar|58/100|[from] Recoil
|move|p2a: Vivillon|Hurricane|p1b: Metagross
|-resisted|p1b: Metagross|1
|-damage|p1b: Metagross|75/100
|-start|p1b: Metagross|confusion
|
|-weather|SunnyDay|[upkeep]
|upkeep
|turn|4
|
|t:|1784990772
|-activate|p1b: Metagross|confusion
|move|p1b: Metagross|Protect|p1b: Metagross
|-singleturn|p1b: Metagross|Protect
|move|p2b: Torkoal|Eruption|p1b: Metagross|[spread] p1a
|-activate|p1b: Metagross|move: Protect
|-resisted|p1a: Incineroar|1
|-damage|p1a: Incineroar|25/100
|-enditem|p1a: Incineroar|Sitrus Berry|[eat]
|-heal|p1a: Incineroar|50/100g|[from] item: Sitrus Berry
|move|p1a: Incineroar|Darkest Lariat|p2b: Torkoal
|-damage|p2b: Torkoal|74/100
|move|p2a: Vivillon|Sleep Powder|p1a: Incineroar
|-status|p1a: Incineroar|slp|[from] move: Sleep Powder
|
|-weather|SunnyDay|[upkeep]
|-sideend|p1: reuman|move: Tailwind
|upkeep
|turn|5
|
|t:|1784990784
|switch|p1b: Milotic|Milotic, L50, F|100/100
|move|p2b: Torkoal|Eruption|p1b: Milotic|[spread] p1a,p1b
|-resisted|p1a: Incineroar|1
|-resisted|p1b: Milotic|1
|-damage|p1a: Incineroar|26/100 slp
|-damage|p1b: Milotic|81/100
|cant|p1a: Incineroar|slp
|move|p2a: Vivillon|Sleep Powder|p1a: Incineroar
|-fail|p1a: Incineroar|slp
|
|-weather|SunnyDay|[upkeep]
|-heal|p1b: Milotic|87/100|[from] item: Leftovers
|-fieldend|move: Trick Room
|upkeep
|turn|6
|
|t:|1784990806
|move|p1b: Milotic|Protect|p1b: Milotic
|-singleturn|p1b: Milotic|Protect
|move|p2b: Torkoal|Protect|p2b: Torkoal
|-singleturn|p2b: Torkoal|Protect
|move|p2a: Vivillon|Rage Powder|p2a: Vivillon
|-singleturn|p2a: Vivillon|move: Rage Powder
|cant|p1a: Incineroar|slp
|
|-weather|SunnyDay|[upkeep]
|-heal|p1b: Milotic|93/100|[from] item: Leftovers
|upkeep
|turn|7
|
|t:|1784990818
|move|p2a: Vivillon|Sleep Powder|p1b: Milotic
|-status|p1b: Milotic|slp|[from] move: Sleep Powder
|cant|p1b: Milotic|slp
|-curestatus|p1a: Incineroar|slp|[msg]
|move|p1a: Incineroar|Darkest Lariat|p2b: Torkoal
|-damage|p2b: Torkoal|48/100
|move|p2b: Torkoal|Earth Power|p1a: Incineroar
|-supereffective|p1a: Incineroar|1
|-damage|p1a: Incineroar|0 fnt
|faint|p1a: Incineroar
|
|-weather|none
|-heal|p1b: Milotic|99/100 slp|[from] item: Leftovers
|upkeep
|
|t:|1784990824
|switch|p1a: Whimsicott|Whimsicott, L50, M|100/100
|turn|8
|
|t:|1784990845
|switch|p2b: Farigiraf|Farigiraf, L50, M|100/100
|move|p1a: Whimsicott|Encore||[still]
|cant|p2b: Farigiraf|ability: Armor Tail|Encore|[of] p1a: Whimsicott
|move|p2a: Vivillon|Hurricane|p1a: Whimsicott
|-supereffective|p1a: Whimsicott|1
|-enditem|p1a: Whimsicott|Focus Sash
|-damage|p1a: Whimsicott|1/100
|-curestatus|p1b: Milotic|slp|[msg]
|move|p1b: Milotic|Muddy Water|p2a: Vivillon|[spread] p2a,p2b
|-damage|p2a: Vivillon|0 fnt
|-damage|p2b: Farigiraf|75/100
|-unboost|p2b: Farigiraf|accuracy|1
|faint|p2a: Vivillon
|
|-heal|p1b: Milotic|100/100|[from] item: Leftovers
|upkeep
|
|t:|1784990858
|switch|p2a: Torkoal|Torkoal, L50, F|48/100
|-weather|SunnyDay|[from] ability: Drought|[of] p2a: Torkoal
|turn|9
|
|t:|1784990865
|move|p2a: Torkoal|Protect|p2a: Torkoal
|-singleturn|p2a: Torkoal|Protect
|move|p1a: Whimsicott|Moonblast|p2b: Farigiraf
|-crit|p2b: Farigiraf
|-damage|p2b: Farigiraf|34/100
|-enditem|p2b: Farigiraf|Sitrus Berry|[eat]
|-heal|p2b: Farigiraf|59/100|[from] item: Sitrus Berry
|move|p1b: Milotic|Muddy Water|p2b: Farigiraf|[spread] p2b
|-activate|p2a: Torkoal|move: Protect
|-damage|p2b: Farigiraf|46/100
|move|p2b: Farigiraf|Trick Room|p2b: Farigiraf
|-fieldstart|move: Trick Room|[of] p2b: Farigiraf
|
|-weather|SunnyDay|[upkeep]
|upkeep
|turn|10
|
|t:|1784990882
|move|p1a: Whimsicott|Protect|p1a: Whimsicott
|-singleturn|p1a: Whimsicott|Protect
|move|p2a: Torkoal|Eruption|p1a: Whimsicott|[spread] p1b
|-activate|p1a: Whimsicott|move: Protect
|-resisted|p1b: Milotic|1
|-damage|p1b: Milotic|86/100
|move|p2b: Farigiraf|Thunderbolt|p1b: Milotic
|-supereffective|p1b: Milotic|1
|-damage|p1b: Milotic|55/100
|move|p1b: Milotic|Muddy Water|p2b: Farigiraf|[spread] p2a
|-miss|p1b: Milotic|p2b: Farigiraf
|-supereffective|p2a: Torkoal|1
|-damage|p2a: Torkoal|12/100
|-unboost|p2a: Torkoal|accuracy|1
|
|-weather|SunnyDay|[upkeep]
|-heal|p1b: Milotic|61/100|[from] item: Leftovers
|upkeep
|turn|11
|
|t:|1784990906
|move|p2a: Torkoal|Weather Ball|p1a: Whimsicott|[miss]
|-miss|p2a: Torkoal|p1a: Whimsicott
|move|p2b: Farigiraf|Thunderbolt|p1b: Milotic
|-supereffective|p1b: Milotic|1
|-damage|p1b: Milotic|31/100
|move|p1b: Milotic|Muddy Water|p2a: Torkoal|[spread] p2a,p2b
|-supereffective|p2a: Torkoal|1
|-crit|p2a: Torkoal
|-damage|p2a: Torkoal|0 fnt
|-damage|p2b: Farigiraf|32/100
|-unboost|p2b: Farigiraf|accuracy|1
|faint|p2a: Torkoal
|move|p1a: Whimsicott|Moonblast|p2b: Farigiraf
|-damage|p2b: Farigiraf|2/100
|
|-weather|SunnyDay|[upkeep]
|-heal|p1b: Milotic|37/100|[from] item: Leftovers
|upkeep
|
|t:|1784990913
|switch|p2a: Mawile|Mawile, L50, M|100/100
|-ability|p2a: Mawile|Intimidate|boost
|-unboost|p1a: Whimsicott|atk|1
|-unboost|p1b: Milotic|atk|1
|-ability|p1b: Milotic|Competitive|boost
|-boost|p1b: Milotic|spa|2
|turn|12
|
|t:|1784990922
|detailschange|p2a: Mawile|Mawile-Mega, L50, M
|-mega|p2a: Mawile|Mawile|Mawilite
|move|p2b: Farigiraf|Helping Hand|p2a: Mawile
|-singleturn|p2a: Mawile|Helping Hand|[of] p2b: Farigiraf
|move|p1b: Milotic|Protect|p1b: Milotic
|-singleturn|p1b: Milotic|Protect
|move|p2a: Mawile|Rock Slide|p1a: Whimsicott|[spread] p1a
|-activate|p1b: Milotic|move: Protect
|-damage|p1a: Whimsicott|0 fnt
|faint|p1a: Whimsicott
|
|-weather|SunnyDay|[upkeep]
|-heal|p1b: Milotic|43/100|[from] item: Leftovers
|upkeep
|
|t:|1784990930
|switch|p1a: Metagross|Metagross, L50, shiny|75/100
|turn|13
|inactive|guillelona has 30 seconds left.
|
|t:|1784990964
|detailschange|p1a: Metagross|Metagross-Mega, L50, shiny
|-mega|p1a: Metagross|Metagross|Metagrossite
|move|p1b: Milotic|Protect|p1b: Milotic
|-singleturn|p1b: Milotic|Protect
|move|p1a: Metagross|Protect|p1a: Metagross
|-singleturn|p1a: Metagross|Protect
|move|p2a: Mawile|Play Rough|p1b: Milotic
|-activate|p1b: Milotic|move: Protect
|move|p2b: Farigiraf|Thunderbolt|p1a: Metagross
|-activate|p1a: Metagross|move: Protect
|
|-weather|none
|-heal|p1b: Milotic|49/100|[from] item: Leftovers
|-fieldend|move: Trick Room
|upkeep
|turn|14
|
|t:|1784990980
|move|p2a: Mawile|Sucker Punch|p1b: Milotic
|-damage|p1b: Milotic|1/100
|move|p1a: Metagross|Body Press|p2a: Mawile
|-damage|p2a: Mawile|65/100
|move|p1b: Milotic|Muddy Water|p2a: Mawile|[spread] p2a,p2b
|-damage|p2a: Mawile|3/100
|-damage|p2b: Farigiraf|0 fnt
|-unboost|p2a: Mawile|accuracy|1
|faint|p2b: Farigiraf
|
|-heal|p1b: Milotic|6/100|[from] item: Leftovers
|upkeep
|turn|15
|-message|guillelona forfeited.
|
|win|reuman
|l|☆guillelona
|player|p2|
||guillelona is ready for game 2.
||reuman is ready for game 2.
|uhtml|next|Next: Game 2 of 3
|j|☆guillelona
|player|p2|guillelona|2|
