|j|☆abgesaftet
|j|☆ImAtWorkVGC
|html|abgesaftetImAtWorkVGC    
|uhtml|bestof|Game 3 of a best-of-3
|t:|1785766856
|gametype|doubles
|player|p1|abgesaftet|ballguy|1290
|player|p2|ImAtWorkVGC|169|1183
|gen|9
|tier|[Gen 9 Champions] VGC 2026 Reg M-B (Bo3)
|rated|
|rule|Species Clause: Limit one of each Pokémon
|rule|Item Clause: Limit 1 of each item
|clearpoke
|poke|p1|Sneasler, L50, F|
|poke|p1|Sinistcha, L50|
|poke|p1|Incineroar, L50, M|
|poke|p1|Kingambit, L50, F|
|poke|p1|Delphox, L50, M|
|poke|p1|Blastoise, L50, F|
|poke|p2|Farigiraf, L50, F|
|poke|p2|Kangaskhan, L50, F|
|poke|p2|Charizard, L50, F|
|poke|p2|Machamp, L50, M|
|poke|p2|Garchomp, L50, F|
|poke|p2|Vivillon-Pokeball, L50, M|
|teampreview|4
|showteam|p1|Sneasler||FocusSash|PoisonTouch|FakeOut,CloseCombat,PoisonJab,QuickGuard|Jolly||F|||50|]Sinistcha||OccaBerry|Hospitality|MatchaGotcha,RagePowder,TrickRoom,Protect|Bold|||||50|]Incineroar||SitrusBerry|Intimidate|FakeOut,FlareBlitz,ThroatChop,PartingShot|Careful||M|||50|]Kingambit||LifeOrb|Defiant|KowtowCleave,SuckerPunch,SwordsDance,Protect|Adamant||F|||50|]Delphox||Delphoxite|Blaze|HeatWave,Psychic,NastyPlot,Protect|Timid||M|||50|]Blastoise||Blastoisinite|RainDish|WaterSpout,DarkPulse,ShellSmash,Protect|Modest||F|||50|
|showteam|p2|Farigiraf||SitrusBerry|ArmorTail|HelpingHand,Psychic,HyperVoice,TrickRoom|Bold||F|||50|]Kangaskhan||SilkScarf|Scrappy|FakeOut,LastResort|Adamant||F|||50|]Charizard||CharizarditeY|Blaze|Protect,WeatherBall,HeatWave,SolarBeam|Modest||F|||50|]Machamp||RoseliBerry|NoGuard|DynamicPunch,StoneEdge,IcePunch,WideGuard|Brave||M|||50|]Garchomp||LifeOrb|RoughSkin|Protect,DragonClaw,Earthquake,RockSlide|Adamant||F|||50|]Vivillon-Pokeball||FocusSash|CompoundEyes|Protect,Hurricane,SleepPowder,Tailwind|Timid||M|||50|
|inactive|Battle timer is ON: inactive players will automatically lose when time's up. (requested by abgesaftet)
|
|t:|1785766874
|teamsize|p1|4
|teamsize|p2|4
|start
|switch|p1a: Delphox|Delphox, L50, M|100/100
|switch|p1b: Sneasler|Sneasler, L50, F|100/100
|switch|p2a: Vivillon|Vivillon-Pokeball, L50, M|100/100
|switch|p2b: Kangaskhan|Kangaskhan, L50, F|100/100
|turn|1
|
|t:|1785766888
|detailschange|p1a: Delphox|Delphox-Mega, L50, M
|-mega|p1a: Delphox|Delphox|Delphoxite
|move|p2b: Kangaskhan|Fake Out|p1b: Sneasler
|-damage|p1b: Sneasler|59/100
|move|p1a: Delphox|Heat Wave|p2a: Vivillon|[spread] p2a,p2b
|-supereffective|p2a: Vivillon|1
|-enditem|p2a: Vivillon|Focus Sash
|-damage|p2a: Vivillon|1/100
|-damage|p2b: Kangaskhan|58/100
|-status|p2b: Kangaskhan|brn
|cant|p1b: Sneasler|flinch
|move|p2a: Vivillon|Tailwind|p2a: Vivillon
|-sidestart|p2: ImAtWorkVGC|move: Tailwind
|
|-damage|p2b: Kangaskhan|52/100 brn|[from] brn
|upkeep
|turn|2
|
|t:|1785766903
|switch|p1b: Sinistcha|Sinistcha, L50|100/100
|move|p1a: Delphox|Protect|p1a: Delphox
|-singleturn|p1a: Delphox|Protect
|move|p2a: Vivillon|Hurricane|p1b: Sinistcha
|-supereffective|p1b: Sinistcha|1
|-damage|p1b: Sinistcha|7/100
|move|p2b: Kangaskhan|Last Resort|p1a: Delphox
|-activate|p1a: Delphox|move: Protect
|
|-damage|p2b: Kangaskhan|46/100 brn|[from] brn
|upkeep
|turn|3
|
|t:|1785766912
|move|p2a: Vivillon|Protect|p2a: Vivillon
|-singleturn|p2a: Vivillon|Protect
|move|p1b: Sinistcha|Rage Powder|p1b: Sinistcha
|-singleturn|p1b: Sinistcha|move: Rage Powder
|move|p2b: Kangaskhan|Last Resort|p1b: Sinistcha
|-damage|p1b: Sinistcha|0 fnt
|faint|p1b: Sinistcha
|move|p1a: Delphox|Heat Wave|p2a: Vivillon|[spread] p2b
|-activate|p2a: Vivillon|move: Protect
|-damage|p2b: Kangaskhan|5/100 brn
|
|-damage|p2b: Kangaskhan|0 fnt|[from] brn
|faint|p2b: Kangaskhan
|upkeep
|
|t:|1785766919
|switch|p2b: Garchomp|Garchomp, L50, F|100/100
|switch|p1b: Incineroar|Incineroar, L50, M|100/100
|-ability|p1b: Incineroar|Intimidate|boost
|-unboost|p2a: Vivillon|atk|1
|-unboost|p2b: Garchomp|atk|1
|turn|4
|
|t:|1785766934
|switch|p2b: Charizard|Charizard, L50, F|100/100
|move|p1b: Incineroar|Fake Out|p2a: Vivillon
|-damage|p2a: Vivillon|0 fnt
|faint|p2a: Vivillon
|move|p1a: Delphox|Nasty Plot|p1a: Delphox
|-boost|p1a: Delphox|spa|2
|
|-sideend|p2: ImAtWorkVGC|move: Tailwind
|upkeep
|
|t:|1785766939
|switch|p2a: Garchomp|Garchomp, L50, F|100/100
|turn|5
|
|t:|1785766951
|switch|p1b: Sneasler|Sneasler, L50, F|59/100
|detailschange|p2b: Charizard|Charizard-Mega-Y, L50, F
|-mega|p2b: Charizard|Charizard|Charizardite Y
|-weather|SunnyDay|[from] ability: Drought|[of] p2b: Charizard
|move|p1a: Delphox|Protect|p1a: Delphox
|-singleturn|p1a: Delphox|Protect
|move|p2a: Garchomp|Rock Slide|p1a: Delphox|[spread] p1b
|-activate|p1a: Delphox|move: Protect
|-resisted|p1b: Sneasler|1
|-damage|p1b: Sneasler|35/100
|-damage|p2a: Garchomp|90/100|[from] item: Life Orb
|move|p2b: Charizard|Weather Ball|p1a: Delphox
|-activate|p1a: Delphox|move: Protect
|
|-weather|SunnyDay|[upkeep]
|upkeep
|turn|6
|
|t:|1785766971
|move|p2a: Garchomp|Protect|p2a: Garchomp
|-singleturn|p2a: Garchomp|Protect
|move|p2b: Charizard|Protect|p2b: Charizard
|-singleturn|p2b: Charizard|Protect
|move|p1b: Sneasler|Fake Out|p2a: Garchomp
|-activate|p2a: Garchomp|move: Protect
|move|p1a: Delphox|Psychic|p2b: Charizard
|-activate|p2b: Charizard|move: Protect
|
|-weather|SunnyDay|[upkeep]
|upkeep
|turn|7
|
|t:|1785766980
|switch|p1b: Incineroar|Incineroar, L50, M|100/100
|-ability|p1b: Incineroar|Intimidate|boost
|-unboost|p2a: Garchomp|atk|1
|-unboost|p2b: Charizard|atk|1
|move|p1a: Delphox|Psychic|p2a: Garchomp
|-damage|p2a: Garchomp|0 fnt
|faint|p2a: Garchomp
|move|p2b: Charizard|Heat Wave|p1a: Delphox|[spread] p1a,p1b
|-resisted|p1a: Delphox|1
|-resisted|p1b: Incineroar|1
|-damage|p1a: Delphox|71/100
|-damage|p1b: Incineroar|72/100
|
|-weather|SunnyDay|[upkeep]
|upkeep
|turn|8
|-message|ImAtWorkVGC forfeited.
|
|win|abgesaftet
