|j|☆BlackStag52
|j|☆Wild Card Kid
|html|BlackStag52Wild Card Kid    
|uhtml|bestof|Game 2 of a best-of-3
|t:|1782187027
|gametype|doubles
|player|p1|BlackStag52|lebanne|1104
|player|p2|Wild Card Kid|pokemaniac|1052
|gen|9
|tier|[Gen 9 Champions] VGC 2026 Reg M-B (Bo3)
|rated|
|rule|Species Clause: Limit one of each Pokémon
|rule|Item Clause: Limit 1 of each item
|clearpoke
|poke|p1|Garchomp, L50, F|
|poke|p1|Eelektross, L50, M|
|poke|p1|Sinistcha, L50|
|poke|p1|Primarina, L50, F|
|poke|p1|Vivillon-High Plains, L50, F|
|poke|p1|Sneasler, L50, M|
|poke|p2|Raichu, L50, M|
|poke|p2|Farigiraf, L50, F, shiny|
|poke|p2|Pelipper, L50, F, shiny|
|poke|p2|Whimsicott, L50, F|
|poke|p2|Hatterene, L50, F|
|poke|p2|Blastoise, L50, M|
|teampreview|4
|showteam|p1|Garchomp||LifeOrb|RoughSkin|DragonClaw,Earthquake,Protect,RockSlide|Impish||F|||50|]Eelektross||Eelektrossite|Levitate|GrassKnot,Thunderbolt,Protect,Flamethrower|Modest||M|||50|]Sinistcha||KasibBerry|Hospitality|MatchaGotcha,RagePowder,TrickRoom,LifeDew|Bold|||||50|]Primarina||FairyFeather|LiquidVoice|DazzlingGleam,EnergyBall,HyperVoice,Protect|Modest||F|||50|]Vivillon-High Plains||FocusSash|FriendGuard|Tailwind,AirSlash,PollenPuff,Protect|Timid||F|||50|]Sneasler||WhiteHerb|Unburden|FakeOut,CloseCombat,DireClaw,Protect|Adamant||M|||50|
|showteam|p2|Raichu||RaichuniteY|LightningRod|FocusBlast,ZapCannon,FakeOut,Protect|Modest||M|||50|]Farigiraf||Leftovers|ArmorTail|Thunder,TrickRoom,ExpandingForce,Protect|Quiet||F|||50|]Pelipper||DampRock|Drizzle|RainDance,WeatherBall,Hurricane,Protect|Bold||F|||50|]Whimsicott||KebiaBerry|Prankster|Tailwind,Encore,Moonblast,Protect|Calm||F|||50|]Hatterene||FocusSash|MagicBounce|TrickRoom,DrainingKiss,PsychicTerrain,Protect|Sassy||F|||50|]Blastoise||Blastoisinite|RainDish|MuddyWater,Protect,FakeOut,WaterSpout|Sassy||M|||50|
|inactive|Battle timer is ON: inactive players will automatically lose when time's up. (requested by Wild Card Kid)
|
|t:|1782187067
|teamsize|p1|4
|teamsize|p2|4
|start
|switch|p1a: Sinistcha|Sinistcha, L50|100/100
|switch|p1b: Sneasler|Sneasler, L50, M|100/100
|switch|p2a: Whimsicott|Whimsicott, L50, F|100/100
|switch|p2b: Farigiraf|Farigiraf, L50, F, shiny|100/100
|turn|1
|
|t:|1782187089
|move|p2a: Whimsicott|Tailwind|p2a: Whimsicott
|-sidestart|p2: Wild Card Kid|move: Tailwind
|move|p1b: Sneasler|Dire Claw|p2a: Whimsicott
|-supereffective|p2a: Whimsicott|2
|-enditem|p2a: Whimsicott|Kebia Berry|[eat]
|-enditem|p2a: Whimsicott|Kebia Berry|[weaken]
|-damage|p2a: Whimsicott|0 fnt
|faint|p2a: Whimsicott
|move|p2b: Farigiraf|Expanding Force|p1b: Sneasler
|-supereffective|p1b: Sneasler|2
|-damage|p1b: Sneasler|0 fnt
|faint|p1b: Sneasler
|move|p1a: Sinistcha|Trick Room|p1a: Sinistcha
|-fieldstart|move: Trick Room|[of] p1a: Sinistcha
|
|upkeep
|
|t:|1782187113
|switch|p2a: Blastoise|Blastoise, L50, M|100/100
|switch|p1b: Eelektross|Eelektross, L50, M|100/100
|turn|2
|
|t:|1782187132
|detailschange|p1b: Eelektross|Eelektross-Mega, L50, M
|-mega|p1b: Eelektross|Eelektross|Eelektrossite
|detailschange|p2a: Blastoise|Blastoise-Mega, L50, M
|-mega|p2a: Blastoise|Blastoise|Blastoisinite
|move|p2a: Blastoise|Fake Out|p1b: Eelektross
|-damage|p1b: Eelektross|89/100
|move|p1a: Sinistcha|Matcha Gotcha|p2a: Blastoise|[spread] p2a,p2b
|-supereffective|p2a: Blastoise|1
|-damage|p2a: Blastoise|63/100
|-damage|p2b: Farigiraf|74/100
|cant|p1b: Eelektross|flinch
|move|p2b: Farigiraf|Expanding Force|p1b: Eelektross
|-damage|p1b: Eelektross|50/100y
|
|-heal|p2b: Farigiraf|81/100|[from] item: Leftovers
|upkeep
|turn|3
|
|t:|1782187155
|move|p2b: Farigiraf|Protect|p2b: Farigiraf
|-singleturn|p2b: Farigiraf|Protect
|move|p2a: Blastoise|Protect|p2a: Blastoise
|-singleturn|p2a: Blastoise|Protect
|move|p1a: Sinistcha|Rage Powder|p1a: Sinistcha
|-singleturn|p1a: Sinistcha|move: Rage Powder
|move|p1b: Eelektross|Thunderbolt|p2a: Blastoise
|-activate|p2a: Blastoise|move: Protect
|
|-heal|p2b: Farigiraf|87/100|[from] item: Leftovers
|upkeep
|turn|4
|
|t:|1782187177
|switch|p2a: Raichu|Raichu, L50, M|100/100
|move|p1b: Eelektross|Thunderbolt|p2a: Raichu
|-ability|p2a: Raichu|Lightning Rod|boost
|-boost|p2a: Raichu|spa|1
|move|p2b: Farigiraf|Expanding Force|p1b: Eelektross
|-damage|p1b: Eelektross|10/100
|move|p1a: Sinistcha|Trick Room|p1a: Sinistcha
|-fieldend|move: Trick Room
|
|-heal|p2b: Farigiraf|93/100|[from] item: Leftovers
|-sideend|p2: Wild Card Kid|move: Tailwind
|upkeep
|turn|5
|
|t:|1782187194
|switch|p1a: Vivillon|Vivillon-High Plains, L50, F|100/100
|move|p1b: Eelektross|Protect|p1b: Eelektross
|-singleturn|p1b: Eelektross|Protect
|move|p2a: Raichu|Fake Out|p1b: Eelektross
|-activate|p1b: Eelektross|move: Protect
|move|p2b: Farigiraf|Expanding Force|p1a: Vivillon
|-damage|p1a: Vivillon|25/100
|
|-heal|p2b: Farigiraf|99/100|[from] item: Leftovers
|upkeep
|turn|6
|
|t:|1782187217
|move|p2a: Raichu|Focus Blast|p1b: Eelektross
|-damage|p1b: Eelektross|0 fnt
|faint|p1b: Eelektross
|move|p1a: Vivillon|Pollen Puff|p1: Eelektross|[notarget]
|-fail|p1a: Vivillon
|move|p2b: Farigiraf|Expanding Force|p1a: Vivillon
|-damage|p1a: Vivillon|0 fnt
|faint|p1a: Vivillon
|
|-heal|p2b: Farigiraf|100/100|[from] item: Leftovers
|upkeep
|
|t:|1782187222
|switch|p1a: Sinistcha|Sinistcha, L50|100/100
|turn|7
|
|t:|1782187239
|move|p2a: Raichu|Zap Cannon|p1a: Sinistcha
|-resisted|p1a: Sinistcha|1
|-damage|p1a: Sinistcha|60/100
|-status|p1a: Sinistcha|par
|move|p2b: Farigiraf|Expanding Force|p1a: Sinistcha
|-damage|p1a: Sinistcha|16/100 par
|move|p1a: Sinistcha|Matcha Gotcha|p2b: Farigiraf|[spread] 
|-miss|p1a: Sinistcha|p2a: Raichu
|-miss|p1a: Sinistcha|p2b: Farigiraf
|
|upkeep
|turn|8
|-message|BlackStag52 forfeited.
|
|win|Wild Card Kid
