|j|☆KodeBeast0526
|j|☆bkdefender
|html|KodeBeast0526bkdefender    
|uhtml|bestof|Game 2 of a best-of-3
|t:|1783556924
|gametype|doubles
|player|p1|KodeBeast0526|sailor|1085
|player|p2|bkdefender|101|1121
|gen|9
|tier|[Gen 9 Champions] VGC 2026 Reg M-B (Bo3)
|rated|
|rule|Species Clause: Limit one of each Pokémon
|rule|Item Clause: Limit 1 of each item
|clearpoke
|poke|p1|Garchomp, L50, M, shiny|
|poke|p1|Staraptor, L50, M, shiny|
|poke|p1|Whimsicott, L50, F, shiny|
|poke|p1|Incineroar, L50, F, shiny|
|poke|p1|Gholdengo, L50|
|poke|p1|Glimmora, L50, M, shiny|
|poke|p2|Tyranitar, L50, M|
|poke|p2|Venusaur, L50, M|
|poke|p2|Incineroar, L50, F|
|poke|p2|Sneasler, L50, F|
|poke|p2|Farigiraf, L50, M|
|poke|p2|Rotom-Wash, L50|
|teampreview|4
|showteam|p1|Garchomp||LifeOrb|RoughSkin|Earthquake,Protect,RockSlide,DragonClaw|Adamant||M|||50|]Staraptor||Staraptite|Intimidate|BraveBird,CloseCombat,Roost,Protect|Jolly||M|||50|]Whimsicott||FocusSash|Prankster|Moonblast,Tailwind,Tickle,FakeTears|Timid||F|||50|]Incineroar||SitrusBerry|Intimidate|FakeOut,PartingShot,FlareBlitz,DarkestLariat|Impish||F|||50|]Gholdengo||MetalCoat|GoodasGold|Protect,ShadowBall,MakeItRain,NastyPlot|Modest|||||50|]Glimmora||Glimmoranite|ToxicDebris|EarthPower,EnergyBall,GunkShot,SpikyShield|Timid||M|||50|
|showteam|p2|Tyranitar||Tyranitarite|SandStream|Protect,DragonDance,RockSlide,KnockOff|Jolly||M|||50|]Venusaur||Venusaurite|Chlorophyll|Protect,EarthPower,SludgeBomb,GigaDrain|Quiet||M|||50|]Incineroar||SitrusBerry|Intimidate|FakeOut,FlareBlitz,ThroatChop,PartingShot|Impish||F|||50|]Sneasler||WhiteHerb|Unburden|Protect,CloseCombat,DireClaw,FakeOut|Jolly||F|||50|]Farigiraf||ColburBerry|ArmorTail|Psychic,Thunderbolt,HelpingHand,TrickRoom|Relaxed||M|||50|]Rotom-Wash||Leftovers|Levitate|Thunderbolt,WillOWisp,LightScreen,HydroPump|Bold|||||50|
|
|t:|1783556945
|teamsize|p1|4
|teamsize|p2|4
|start
|switch|p1a: Incineroar|Incineroar, L50, F, shiny|100/100
|switch|p1b: Gholdengo|Gholdengo, L50|100/100
|switch|p2a: Incineroar|Incineroar, L50, F|100/100
|switch|p2b: Farigiraf|Farigiraf, L50, M|100/100
|-ability|p2a: Incineroar|Intimidate|boost
|-unboost|p1a: Incineroar|atk|1
|-unboost|p1b: Gholdengo|atk|1
|-ability|p1a: Incineroar|Intimidate|boost
|-unboost|p2a: Incineroar|atk|1
|-unboost|p2b: Farigiraf|atk|1
|turn|1
|
|t:|1783556963
|move|p2b: Farigiraf|Helping Hand|p2a: Incineroar
|-singleturn|p2a: Incineroar|Helping Hand|[of] p2b: Farigiraf
|move|p1b: Gholdengo|Make It Rain|p2b: Farigiraf|[spread] p2a,p2b
|-resisted|p2a: Incineroar|1
|-damage|p2a: Incineroar|75/100
|-damage|p2b: Farigiraf|53/100
|-unboost|p1b: Gholdengo|spa|2
|move|p2a: Incineroar|Flare Blitz|p1b: Gholdengo
|-supereffective|p1b: Gholdengo|1
|-damage|p1b: Gholdengo|17/100
|-damage|p2a: Incineroar|50/100g|[from] Recoil
|move|p1a: Incineroar|Darkest Lariat|p2b: Farigiraf
|-supereffective|p2b: Farigiraf|1
|-enditem|p2b: Farigiraf|Colbur Berry|[eat]
|-enditem|p2b: Farigiraf|Colbur Berry|[weaken]
|-damage|p2b: Farigiraf|32/100
|
|upkeep
|turn|2
|
|t:|1783556993
|switch|p1b: Whimsicott|Whimsicott, L50, F, shiny|100/100
|switch|p2b: Rotom|Rotom-Wash, L50|100/100
|move|p2a: Incineroar|Throat Chop|p1b: Whimsicott
|-resisted|p1b: Whimsicott|1
|-damage|p1b: Whimsicott|84/100
|-start|p1b: Whimsicott|Throat Chop|[silent]
|move|p1a: Incineroar|Darkest Lariat|p2b: Rotom
|-damage|p2b: Rotom|80/100
|
|-heal|p2b: Rotom|85/100|[from] item: Leftovers
|upkeep
|turn|3
|
|t:|1783557016
|switch|p2a: Venusaur|Venusaur, L50, M|100/100
|move|p1b: Whimsicott|Tailwind|p1b: Whimsicott
|-sidestart|p1: KodeBeast0526|move: Tailwind
|move|p1a: Incineroar|Parting Shot|p2b: Rotom
|-unboost|p2b: Rotom|atk|1
|-unboost|p2b: Rotom|spa|1
|
|t:|1783557023
|switch|p1a: Gholdengo|Gholdengo, L50|17/100|[from] Parting Shot
|move|p2b: Rotom|Hydro Pump|p1a: Gholdengo
|-damage|p1a: Gholdengo|0 fnt
|faint|p1a: Gholdengo
|
|-heal|p2b: Rotom|91/100|[from] item: Leftovers
|-end|p1b: Whimsicott|Throat Chop|[silent]
|upkeep
|
|t:|1783557025
|switch|p1a: Staraptor|Staraptor, L50, M, shiny|100/100
|-ability|p1a: Staraptor|Intimidate|boost
|-unboost|p2a: Venusaur|atk|1
|-unboost|p2b: Rotom|atk|1
|turn|4
|
|t:|1783557042
|switch|p2b: Incineroar|Incineroar, L50, F|50/100g
|-ability|p2b: Incineroar|Intimidate|boost
|-unboost|p1a: Staraptor|atk|1
|-unboost|p1b: Whimsicott|atk|1
|detailschange|p1a: Staraptor|Staraptor-Mega, L50, M, shiny
|-mega|p1a: Staraptor|Staraptor|Staraptite
|detailschange|p2a: Venusaur|Venusaur-Mega, L50, M
|-mega|p2a: Venusaur|Venusaur|Venusaurite
|move|p1b: Whimsicott|Tickle|p1a: Staraptor
|-boost|p1a: Staraptor|atk|1
|-boost|p1a: Staraptor|def|1
|move|p1a: Staraptor|Close Combat|p2b: Incineroar
|-supereffective|p2b: Incineroar|1
|-damage|p2b: Incineroar|0 fnt
|-boost|p1a: Staraptor|def|1
|-boost|p1a: Staraptor|spd|1
|faint|p2b: Incineroar
|move|p2a: Venusaur|Sludge Bomb|p1b: Whimsicott
|-supereffective|p1b: Whimsicott|2
|-damage|p1b: Whimsicott|0 fnt
|faint|p1b: Whimsicott
|
|upkeep
|inactive|Battle timer is ON: inactive players will automatically lose when time's up. (requested by KodeBeast0526)
|
|t:|1783557064
|switch|p1b: Incineroar|Incineroar, L50, F, shiny|100/100
|switch|p2b: Farigiraf|Farigiraf, L50, M|32/100
|-ability|p1b: Incineroar|Intimidate|boost
|-unboost|p2a: Venusaur|atk|1
|-unboost|p2b: Farigiraf|atk|1
|turn|5
|
|t:|1783557078
|move|p1a: Staraptor|Brave Bird|p2a: Venusaur
|-supereffective|p2a: Venusaur|1
|-damage|p2a: Venusaur|0 fnt
|faint|p2a: Venusaur
|-damage|p1a: Staraptor|62/100|[from] Recoil
|move|p1b: Incineroar|Darkest Lariat|p2b: Farigiraf
|-supereffective|p2b: Farigiraf|1
|-damage|p2b: Farigiraf|0 fnt
|faint|p2b: Farigiraf
|
|upkeep
|
|t:|1783557086
|switch|p2a: Rotom|Rotom-Wash, L50|91/100
|turn|6
|
|t:|1783557091
|move|p1a: Staraptor|Close Combat|p2a: Rotom
|-damage|p2a: Rotom|28/100
|-boost|p1a: Staraptor|def|1
|-boost|p1a: Staraptor|spd|1
|move|p1b: Incineroar|Darkest Lariat|p2a: Rotom
|-damage|p2a: Rotom|0 fnt
|faint|p2a: Rotom
|
|win|KodeBeast0526
|raw|KodeBeast0526's rating: 1085 → 1115(+30 for winning)
|raw|bkdefender's rating: 1121 → 1093(-28 for losing)
