|j|☆magicalarcher57
|j|☆J.Arch
|html|magicalarcher57J.Arch    
|uhtml|bestof|Game 2 of a best-of-3
|t:|1784829125
|gametype|doubles
|player|p1|magicalarcher57|diantha|1213
|player|p2|J.Arch|blue|1173
|gen|9
|tier|[Gen 9 Champions] VGC 2026 Reg M-B (Bo3)
|rated|
|rule|Species Clause: Limit one of each Pokémon
|rule|Item Clause: Limit 1 of each item
|clearpoke
|poke|p1|Sneasler, L50, M|
|poke|p1|Garchomp, L50, M|
|poke|p1|Aerodactyl, L50, F|
|poke|p1|Charizard, L50, M|
|poke|p1|Venusaur, L50, M|
|poke|p1|Kingambit, L50, F|
|poke|p2|Sableye, L50, F|
|poke|p2|Archaludon, L50, M|
|poke|p2|Overqwil, L50, M|
|poke|p2|Venusaur, L50, F|
|poke|p2|Raichu, L50, M|
|poke|p2|Pelipper, L50, F|
|teampreview|4
|showteam|p1|Sneasler||WhiteHerb|Unburden|FakeOut,CloseCombat,DireClaw,Protect|Adamant||M|||50|]Garchomp||LifeOrb|RoughSkin|Earthquake,StompingTantrum,DragonClaw,Protect|Jolly||M|||50|]Aerodactyl||Aerodactylite|Unnerve|RockSlide,WideGuard,Tailwind,IceFang|Jolly||F|||50|]Charizard||CharizarditeY|Blaze|HeatWave,WeatherBall,SolarBeam,Protect|Modest||M|||50|]Venusaur||FocusSash|Chlorophyll|SolarBeam,SludgeBomb,Protect,EarthPower|Modest||M|||50|]Kingambit||BlackGlasses|Defiant|LowKick,KowtowCleave,SuckerPunch,Protect|Adamant||F|||50|
|showteam|p2|Sableye||SitrusBerry|Prankster|FoulPlay,RainDance,Quash,Encore|Careful||F|||50|]Archaludon||Leftovers|Stamina|FlashCannon,DragonPulse,ElectroShot,Protect|Modest||M|||50|]Overqwil||LifeOrb|SwiftSwim|ThroatChop,BarbBarrage,Liquidation,Protect|Adamant||M|||50|]Venusaur||Venusaurite|Chlorophyll|GigaDrain,SludgeBomb,EarthPower,Protect|Modest||F|||50|]Raichu||RaichuniteY|LightningRod|ZapCannon,FakeOut,FocusBlast,Protect|Timid||M|||50|]Pelipper||ChartiBerry|Drizzle|Hurricane,WeatherBall,Tailwind,WideGuard|Timid||F|||50|
|inactive|Battle timer is ON: inactive players will automatically lose when time's up. (requested by magicalarcher57)
|inactive|J.Arch has 60 seconds left.
|
|t:|1784829174
|teamsize|p1|4
|teamsize|p2|4
|start
|switch|p1a: Garchomp|Garchomp, L50, M|100/100
|switch|p1b: Aerodactyl|Aerodactyl, L50, F|100/100
|switch|p2a: Overqwil|Overqwil, L50, M|100/100
|switch|p2b: Pelipper|Pelipper, L50, F|100/100
|-ability|p1b: Aerodactyl|Unnerve
|-weather|RainDance|[from] ability: Drizzle|[of] p2b: Pelipper
|turn|1
|inactive|magicalarcher57 has 30 seconds left.
|inactive|J.Arch has 30 seconds left.
|inactive|magicalarcher57 has 20 seconds left.
|inactive|magicalarcher57 has 15 seconds left.
|
|t:|1784829219
|move|p2a: Overqwil|Liquidation|p1b: Aerodactyl
|-supereffective|p1b: Aerodactyl|1
|-damage|p1b: Aerodactyl|0 fnt
|faint|p1b: Aerodactyl
|-damage|p2a: Overqwil|90/100|[from] item: Life Orb
|move|p1a: Garchomp|Earthquake|p2a: Overqwil|[spread] p2a
|-immune|p2b: Pelipper
|-supereffective|p2a: Overqwil|1
|-damage|p2a: Overqwil|0 fnt
|faint|p2a: Overqwil
|-damage|p1a: Garchomp|90/100|[from] item: Life Orb
|move|p2b: Pelipper|Tailwind|p2b: Pelipper
|-sidestart|p2: J.Arch|move: Tailwind
|
|-weather|RainDance|[upkeep]
|upkeep
|
|t:|1784829240
|switch|p1b: Charizard|Charizard, L50, M|100/100
|switch|p2a: Raichu|Raichu, L50, M|100/100
|turn|2
|
|t:|1784829259
|detailschange|p2a: Raichu|Raichu-Mega-Y, L50, M
|-mega|p2a: Raichu|Raichu|Raichunite Y
|move|p1b: Charizard|Protect|p1b: Charizard
|-singleturn|p1b: Charizard|Protect
|move|p2b: Pelipper|Wide Guard|p2b: Pelipper
|-singleturn|p2b: Pelipper|Wide Guard
|move|p2a: Raichu|Zap Cannon|p1b: Charizard
|-activate|p1b: Charizard|move: Protect
|move|p1a: Garchomp|Earthquake|p2b: Pelipper|[spread] 
|-activate|p2a: Raichu|move: Wide Guard
|-activate|p2b: Pelipper|move: Wide Guard
|-activate|p1b: Charizard|move: Protect
|
|-weather|RainDance|[upkeep]
|upkeep
|turn|3
|inactive|J.Arch has 30 seconds left.
|
|t:|1784829288
|switch|p2b: Sableye|Sableye, L50, F|100/100
|switch|p1b: Sneasler|Sneasler, L50, M|100/100
|move|p2a: Raichu|Zap Cannon|p1b: Sneasler
|-damage|p1b: Sneasler|11/100
|-status|p1b: Sneasler|par
|move|p1a: Garchomp|Stomping Tantrum|p2a: Raichu
|-supereffective|p2a: Raichu|1
|-damage|p2a: Raichu|0 fnt
|faint|p2a: Raichu
|-damage|p1a: Garchomp|80/100|[from] item: Life Orb
|
|-weather|RainDance|[upkeep]
|upkeep
|
|t:|1784829302
|switch|p2a: Pelipper|Pelipper, L50, F|100/100
|turn|4
|inactive|magicalarcher57 has 30 seconds left.
|inactive|magicalarcher57 has 20 seconds left.
|inactive|magicalarcher57 has 15 seconds left.
|
|t:|1784829342
|move|p1b: Sneasler|Fake Out|p2a: Pelipper
|-damage|p2a: Pelipper|82/100
|move|p2b: Sableye|Encore|p1a: Garchomp
|-start|p1a: Garchomp|Encore
|cant|p2a: Pelipper|flinch
|move|p1a: Garchomp|Stomping Tantrum|p2b: Sableye
|-damage|p2b: Sableye|33/100
|-enditem|p2b: Sableye|Sitrus Berry|[eat]
|-heal|p2b: Sableye|57/100|[from] item: Sitrus Berry
|-damage|p1a: Garchomp|70/100|[from] item: Life Orb
|
|-weather|RainDance|[upkeep]
|-sideend|p2: J.Arch|move: Tailwind
|upkeep
|turn|5
|inactive|magicalarcher57 has 30 seconds left.
|inactive|J.Arch has 30 seconds left.
|inactive|magicalarcher57 has 20 seconds left.
|inactive|magicalarcher57 has 15 seconds left.
|
|t:|1784829385
|move|p1a: Garchomp|Stomping Tantrum|p2b: Sableye
|-damage|p2b: Sableye|0 fnt
|faint|p2b: Sableye
|-damage|p1a: Garchomp|61/100|[from] item: Life Orb
|move|p2a: Pelipper|Weather Ball|p1b: Sneasler
|-damage|p1b: Sneasler|0 fnt
|faint|p1b: Sneasler
|
|-weather|none
|upkeep
|
|t:|1784829391
|switch|p1b: Charizard|Charizard, L50, M|100/100
|turn|6
|
|t:|1784829405
|detailschange|p1b: Charizard|Charizard-Mega-Y, L50, M
|-mega|p1b: Charizard|Charizard|Charizardite Y
|-weather|SunnyDay|[from] ability: Drought|[of] p1b: Charizard
|move|p1a: Garchomp|Stomping Tantrum|p2a: Pelipper
|-immune|p2a: Pelipper
|move|p1b: Charizard|Weather Ball|p2a: Pelipper
|-resisted|p2a: Pelipper|1
|-damage|p2a: Pelipper|6/100
|move|p2a: Pelipper|Hurricane|p1a: Garchomp|[miss]
|-miss|p2a: Pelipper|p1a: Garchomp
|
|-weather|SunnyDay|[upkeep]
|-end|p1a: Garchomp|Encore
|upkeep
|turn|7
|-message|J.Arch forfeited.
|
|win|magicalarcher57
|raw|magicalarcher57's rating: 1213 → 1235(+22 for winning)
|raw|J.Arch's rating: 1173 → 1151(-22 for losing)
