|j|☆Nonowaos
|j|☆Penny_epic
|html|NonowaosPenny_epic    
|uhtml|bestof|Game 2 of a best-of-3
|t:|1782663574
|gametype|doubles
|player|p1|Nonowaos|2|1082
|player|p2|Penny_epic|170|1144
|gen|9
|tier|[Gen 9 Champions] VGC 2026 Reg M-B (Bo3)
|rated|
|rule|Species Clause: Limit one of each Pokémon
|rule|Item Clause: Limit 1 of each item
|clearpoke
|poke|p1|Swampert, L50, F|
|poke|p1|Incineroar, L50, F|
|poke|p1|Sylveon, L50, F|
|poke|p1|Archaludon, L50, M|
|poke|p1|Sinistcha, L50|
|poke|p1|Pelipper, L50, F|
|poke|p2|Farigiraf, L50, M|
|poke|p2|Torkoal, L50, F|
|poke|p2|Mawile, L50, M|
|poke|p2|Vileplume, L50, M|
|poke|p2|Incineroar, L50, M|
|poke|p2|Palafin, L50, F|
|teampreview|4
|showteam|p1|Swampert||Swampertite|Torrent|Earthquake,WaveCrash,IcePunch,Protect|Adamant||F|||50|]Incineroar||SitrusBerry|Intimidate|FakeOut,FlareBlitz,PartingShot,ThroatChop|Adamant||F|||50|]Sylveon||FairyFeather|Pixilate|QuickAttack,HyperVoice,Moonblast,Protect|Modest||F|||50|]Archaludon||WhiteHerb|Stamina|DracoMeteor,FlashCannon,Protect,ElectroShot|Modest||M|||50|]Sinistcha||CobaBerry|Hospitality|MatchaGotcha,LifeDew,RagePowder,StrengthSap|Bold|||||50|]Pelipper||FocusSash|Drizzle|Hurricane,Protect,WideGuard,WeatherBall|Bold||F|||50|
|showteam|p2|Farigiraf||SitrusBerry|ArmorTail|TrickRoom,Psychic,HyperVoice,HelpingHand|Quiet||M|||50|]Torkoal||Charcoal|Drought|Eruption,Protect,HeatWave,WeatherBall|Modest||F|||50|]Mawile||Mawilite|Intimidate|IronHead,PlayRough,Protect,SuckerPunch|Adamant||M|||50|]Vileplume||FocusSash|Chlorophyll|AfterYou,SleepPowder,SludgeBomb,PollenPuff|Timid||M|||50|]Incineroar||ShucaBerry|Intimidate|FakeOut,PartingShot,FlareBlitz,Thrash|Careful||M|||50|]Palafin||MysticWater|ZerotoHero|JetPunch,WaveCrash,Protect,CloseCombat|Jolly||F|||50|
|j| LyssanTM
|inactive|Battle timer is ON: inactive players will automatically lose when time's up. (requested by Penny_epic)
|c|☆Penny_epic|sisy rain user
|inactive|Nonowaos has 60 seconds left.
|l| LyssanTM
|inactive|Nonowaos has 30 seconds left.
|inactive|Nonowaos has 20 seconds left.
|inactive|Nonowaos has 15 seconds left.
|inactive|Nonowaos has 10 seconds left.
|inactive|Nonowaos has 5 seconds left.
|
|t:|1782663744
|teamsize|p1|4
|teamsize|p2|4
|start
|switch|p1a: Swampert|Swampert, L50, F|100/100
|switch|p1b: Incineroar|Incineroar, L50, F|100/100
|switch|p2a: Farigiraf|Farigiraf, L50, M|100/100
|switch|p2b: Palafin|Palafin, L50, F|100/100
|-ability|p1b: Incineroar|Intimidate|boost
|-unboost|p2a: Farigiraf|atk|1
|-unboost|p2b: Palafin|atk|1
|turn|1
|inactive|Nonowaos has 30 seconds left.
|inactive|Penny_epic has 30 seconds left.
|inactive|Nonowaos has 20 seconds left.
|inactive|Nonowaos has 15 seconds left.
|inactive|Nonowaos has 10 seconds left.
|inactive|Nonowaos has 5 seconds left.
|
|t:|1782663799
|detailschange|p2b: Palafin|Palafin-Hero, L50, F
|switch|p2b: Incineroar|Incineroar, L50, M|100/100
|-ability|p2b: Incineroar|Intimidate|boost
|-unboost|p1a: Swampert|atk|1
|-unboost|p1b: Incineroar|atk|1
|move|p1b: Incineroar|Fake Out||[still]
|cant|p2a: Farigiraf|ability: Armor Tail|Fake Out|[of] p1b: Incineroar
|move|p1a: Swampert|Earthquake|p2a: Farigiraf|[spread] p1b,p2a,p2b
|-supereffective|p1b: Incineroar|1
|-crit|p2a: Farigiraf
|-supereffective|p2b: Incineroar|1
|-crit|p2b: Incineroar
|-enditem|p2b: Incineroar|Shuca Berry|[eat]
|-enditem|p2b: Incineroar|Shuca Berry|[weaken]
|-damage|p1b: Incineroar|54/100
|-damage|p2a: Farigiraf|42/100
|-damage|p2b: Incineroar|42/100
|-enditem|p2a: Farigiraf|Sitrus Berry|[eat]
|-heal|p2a: Farigiraf|67/100|[from] item: Sitrus Berry
|move|p2a: Farigiraf|Psychic|p1a: Swampert
|-damage|p1a: Swampert|64/100
|
|upkeep
|turn|2
|inactive|Nonowaos has 30 seconds left.
|inactive|Nonowaos has 20 seconds left.
|inactive|Nonowaos has 15 seconds left.
|inactive|Nonowaos has 10 seconds left.
|inactive|Nonowaos has 5 seconds left.
|inactive|Penny_epic has 30 seconds left.
|
|t:|1782663858
|move|p2b: Incineroar|Fake Out|p1a: Swampert
|-crit|p1a: Swampert
|-damage|p1a: Swampert|50/100g
|cant|p1a: Swampert|flinch
|move|p1b: Incineroar|Flare Blitz|p2b: Incineroar
|-resisted|p2b: Incineroar|1
|-damage|p2b: Incineroar|22/100
|-damage|p1b: Incineroar|47/100|[from] Recoil
|-enditem|p1b: Incineroar|Sitrus Berry|[eat]
|-heal|p1b: Incineroar|72/100|[from] item: Sitrus Berry
|move|p2a: Farigiraf|Trick Room|p2a: Farigiraf
|-fieldstart|move: Trick Room|[of] p2a: Farigiraf
|
|upkeep
|turn|3
|l|☆Nonowaos
|inactive|Nonowaos disconnected and has a minute to reconnect!
|player|p1|
|j|☆Nonowaos
|inactive|Nonowaos reconnected and has 40 seconds left.
|player|p1|Nonowaos|2|
|inactive|Nonowaos has 30 seconds left.
|inactive|Penny_epic has 30 seconds left.
|inactive|Nonowaos has 20 seconds left.
|inactive|Nonowaos has 15 seconds left.
|
|t:|1782663901
|switch|p2a: Palafin|Palafin-Hero, L50, F|100/100
|-activate|p2a: Palafin|ability: Zero to Hero
|move|p1a: Swampert|Protect|p1a: Swampert
|-singleturn|p1a: Swampert|Protect
|move|p2b: Incineroar|Parting Shot|p1a: Swampert
|-activate|p1a: Swampert|move: Protect
|move|p1b: Incineroar|Throat Chop|p2a: Palafin
|-crit|p2a: Palafin
|-damage|p2a: Palafin|36/100
|-start|p2a: Palafin|Throat Chop|[silent]
|
|upkeep
|turn|4
|
|t:|1782663920
|switch|p1a: Sylveon|Sylveon, L50, F|100/100
|move|p2a: Palafin|Jet Punch|p1b: Incineroar
|-supereffective|p1b: Incineroar|1
|-damage|p1b: Incineroar|0 fnt
|faint|p1b: Incineroar
|move|p2b: Incineroar|Parting Shot|p1a: Sylveon
|-unboost|p1a: Sylveon|atk|1
|-unboost|p1a: Sylveon|spa|1
|
|t:|1782663928
|switch|p2b: Mawile|Mawile, L50, M|100/100|[from] Parting Shot
|-ability|p2b: Mawile|Intimidate|boost
|-unboost|p1a: Sylveon|atk|1
|
|-end|p2a: Palafin|Throat Chop|[silent]
|upkeep
|
|t:|1782663934
|switch|p1b: Archaludon|Archaludon, L50, M|100/100
|turn|5
|
|t:|1782663946
|switch|p1a: Swampert|Swampert, L50, F|50/100g
|switch|p2a: Incineroar|Incineroar, L50, M|22/100
|-ability|p2a: Incineroar|Intimidate|boost
|-unboost|p1a: Swampert|atk|1
|-unboost|p1b: Archaludon|atk|1
|-enditem|p1b: Archaludon|White Herb
|-clearnegativeboost|p1b: Archaludon|[silent]
|move|p2b: Mawile|Protect|p2b: Mawile
|-singleturn|p2b: Mawile|Protect
|move|p1b: Archaludon|Electro Shot||[still]
|-prepare|p1b: Archaludon|Electro Shot
|-boost|p1b: Archaludon|spa|1
|
|upkeep
|turn|6
|inactive|Penny_epic has 30 seconds left.
|inactive|Penny_epic has 20 seconds left.
|
|t:|1782663986
|switch|p2b: Farigiraf|Farigiraf, L50, M|67/100
|move|p2a: Incineroar|Fake Out|p1a: Swampert
|-damage|p1a: Swampert|40/100
|cant|p1a: Swampert|flinch
|move|p1b: Archaludon|Electro Shot|p2a: Incineroar|[from] lockedmove
|-damage|p2a: Incineroar|0 fnt
|faint|p2a: Incineroar
|
|-fieldend|move: Trick Room
|upkeep
|
|t:|1782663997
|switch|p2a: Mawile|Mawile, L50, M|100/100
|-ability|p2a: Mawile|Intimidate|boost
|-unboost|p1a: Swampert|atk|1
|-unboost|p1b: Archaludon|atk|1
|turn|7
|
|t:|1782664021
|detailschange|p1a: Swampert|Swampert-Mega, L50, F
|-mega|p1a: Swampert|Swampert|Swampertite
|detailschange|p2a: Mawile|Mawile-Mega, L50, M
|-mega|p2a: Mawile|Mawile|Mawilite
|move|p1a: Swampert|Protect|p1a: Swampert
|-singleturn|p1a: Swampert|Protect
|move|p1b: Archaludon|Draco Meteor|p2b: Farigiraf
|-damage|p2b: Farigiraf|0 fnt
|-unboost|p1b: Archaludon|spa|2
|faint|p2b: Farigiraf
|move|p2a: Mawile|Iron Head|p1a: Swampert
|-activate|p1a: Swampert|move: Protect
|
|upkeep
|
|t:|1782664033
|switch|p2b: Palafin|Palafin-Hero, L50, F|36/100
|turn|8
|
|t:|1782664043
|switch|p1a: Sylveon|Sylveon, L50, F|100/100
|move|p1b: Archaludon|Protect|p1b: Archaludon
|-singleturn|p1b: Archaludon|Protect
|move|p2b: Palafin|Jet Punch|p1a: Sylveon
|-damage|p1a: Sylveon|43/100
|move|p2a: Mawile|Sucker Punch||[still]
|-fail|p2a: Mawile
|
|upkeep
|turn|9
|
|t:|1782664064
|switch|p1b: Swampert|Swampert-Mega, L50, F|40/100
|move|p2b: Palafin|Close Combat|p1b: Swampert
|-damage|p1b: Swampert|4/100
|-unboost|p2b: Palafin|def|1
|-unboost|p2b: Palafin|spd|1
|move|p1a: Sylveon|Moonblast|p2b: Palafin
|-damage|p2b: Palafin|0 fnt
|faint|p2b: Palafin
|move|p2a: Mawile|Play Rough|p1b: Swampert
|-damage|p1b: Swampert|0 fnt
|faint|p1b: Swampert
|
|upkeep
|
|t:|1782664074
|switch|p1b: Archaludon|Archaludon, L50, M|100/100
|turn|10
|c|☆Penny_epic|rain is so broken
|
|t:|1782664090
|move|p1b: Archaludon|Electro Shot||[still]
|-prepare|p1b: Archaludon|Electro Shot
|-boost|p1b: Archaludon|spa|1
|move|p1a: Sylveon|Moonblast|p2a: Mawile
|-resisted|p2a: Mawile|1
|-damage|p2a: Mawile|66/100
|move|p2a: Mawile|Iron Head|p1a: Sylveon
|-supereffective|p1a: Sylveon|1
|-damage|p1a: Sylveon|0 fnt
|faint|p1a: Sylveon
|
|upkeep
|turn|11
|c|☆Penny_epic|hard counters everything
|
|t:|1782664100
|move|p2a: Mawile|Protect|p2a: Mawile
|-singleturn|p2a: Mawile|Protect
|move|p1b: Archaludon|Electro Shot|p2a: Mawile|[from] lockedmove
|-activate|p2a: Mawile|move: Protect
|
|upkeep
|turn|12
|
|t:|1782664112
|move|p1b: Archaludon|Flash Cannon|p2a: Mawile
|-damage|p2a: Mawile|0 fnt
|faint|p2a: Mawile
|
|win|Nonowaos
|raw|Nonowaos's rating: 1082 → 1115(+33 for winning)
|raw|Penny_epic's rating: 1144 → 1115(-29 for losing)
