|j|☆eneko jauregi
|j|☆Diegoelsocorrista
|html|eneko jauregiDiegoelsocorrista    
|uhtml|bestof|Game 1 of a best-of-3
|t:|1756496025
|gametype|doubles
|player|p1|eneko jauregi|steven|1192
|player|p2|Diegoelsocorrista|blaine-lgpe|1153
|gen|9
|tier|[Gen 9] VGC 2025 Reg H (Bo3)
|rated|
|rule|Species Clause: Limit one of each Pokémon
|rule|Item Clause: Limit 1 of each item
|clearpoke
|poke|p1|Grimmsnarl, L50, M|
|poke|p1|Archaludon, L50, F|
|poke|p1|Sinistcha, L50|
|poke|p1|Pelipper, L50, M|
|poke|p1|Maushold, L50|
|poke|p1|Annihilape, L50, F|
|poke|p2|Archaludon, L50, F|
|poke|p2|Rillaboom, L50, M|
|poke|p2|Basculegion, L50, M|
|poke|p2|Kingambit, L50, F|
|poke|p2|Pelipper, L50, M|
|poke|p2|Electabuzz, L50, F|
|teampreview|4
|showteam|p1|Grimmsnarl||LightClay|Prankster|SpiritBreak,ThunderWave,Reflect,LightScreen|||M|||50|,,,,,Ghost]Archaludon||AssaultVest|Stamina|ElectroShot,FlashCannon,BodyPress,Snarl|||F|||50|,,,,,Grass]Sinistcha||SitrusBerry|Hospitality|MatchaGotcha,LifeDew,RagePowder,TrickRoom||||||50|,,,,,Dark]Pelipper||FocusSash|Drizzle|Hurricane,WeatherBall,Tailwind,Protect|||M|||50|,,,,,Ghost]Maushold||SafetyGoggles|FriendGuard|BeatUp,Taunt,FollowMe,Protect||||||50|,,,,,Ghost]Annihilape||Leftovers|Defiant|DrainPunch,RageFist,BulkUp,Protect|||F|||50|,,,,,Water
|showteam|p2|Archaludon||AssaultVest|Stamina|ElectroShot,DracoMeteor,FlashCannon,BodyPress|||F|||50|,,,,,Fairy]Rillaboom||LoadedDice|GrassySurge|BulletSeed,GrassyGlide,FakeOut,HighHorsepower|||M|||50|,,,,,Fire]Basculegion||ChoiceBand|SwiftSwim|WaveCrash,LastRespects,FlipTurn,AquaJet|||M|||50|,,,,,Grass]Kingambit||BlackGlasses|Defiant|KowtowCleave,SuckerPunch,SwordsDance,Protect|||F|||50|,,,,,Dark]Pelipper||FocusSash|Drizzle|WeatherBall,Hurricane,Tailwind,Protect|||M|||50|,,,,,Ghost]Electabuzz||Eviolite|VitalSpirit|Electroweb,Taunt,FollowMe,Protect|||F|||50|,,,,,Ghost
|
|t:|1756496071
|teamsize|p1|4
|teamsize|p2|4
|start
|switch|p1a: Maushold|Maushold, L50|100/100
|switch|p1b: Annihilape|Annihilape, L50, F|100/100
|switch|p2a: Basculegion|Basculegion, L50, M|100/100
|switch|p2b: Pelipper|Pelipper, L50, M|100/100
|-weather|RainDance|[from] ability: Drizzle|[of] p2b: Pelipper
|turn|1
|
|t:|1756496097
|-terastallize|p1b: Annihilape|Water
|move|p2a: Basculegion|Wave Crash|p1b: Annihilape
|-resisted|p1b: Annihilape
|-damage|p1b: Annihilape|46/100
|-damage|p2a: Basculegion|82/100|[from] Recoil
|move|p1a: Maushold|Taunt|p2b: Pelipper
|-start|p2b: Pelipper|move: Taunt
|move|p1b: Annihilape|Bulk Up|p1b: Annihilape
|-boost|p1b: Annihilape|atk|1
|-boost|p1b: Annihilape|def|1
|cant|p2b: Pelipper|move: Taunt|Tailwind
|
|-weather|RainDance|[upkeep]
|-heal|p1b: Annihilape|51/100|[from] item: Leftovers
|upkeep
|turn|2
|
|t:|1756496132
|switch|p1a: Sinistcha|Sinistcha, L50|100/100
|-heal|p1b: Annihilape|76/100|[from] ability: Hospitality|[of] p1a: Sinistcha
|switch|p2b: Rillaboom|Rillaboom, L50, M|100/100
|-fieldstart|move: Grassy Terrain|[from] ability: Grassy Surge|[of] p2b: Rillaboom
|-terastallize|p2a: Basculegion|Grass
|move|p2a: Basculegion|Wave Crash|p1a: Sinistcha
|-resisted|p1a: Sinistcha
|-damage|p1a: Sinistcha|34/100
|-enditem|p1a: Sinistcha|Sitrus Berry|[eat]
|-heal|p1a: Sinistcha|59/100|[from] item: Sitrus Berry
|-damage|p2a: Basculegion|62/100|[from] Recoil
|move|p1b: Annihilape|Rage Fist|p2a: Basculegion
|-damage|p2a: Basculegion|0 fnt
|faint|p2a: Basculegion
|
|-weather|RainDance|[upkeep]
|-heal|p1b: Annihilape|82/100|[from] Grassy Terrain
|-heal|p1b: Annihilape|88/100|[from] item: Leftovers
|-heal|p1a: Sinistcha|65/100|[from] Grassy Terrain
|upkeep
|
|t:|1756496158
|switch|p2a: Pelipper|Pelipper, L50, M|100/100
|turn|3
|
|t:|1756496167
|switch|p1a: Maushold|Maushold, L50|100/100
|move|p1b: Annihilape|Rage Fist|p2b: Rillaboom
|-damage|p2b: Rillaboom|39/100
|move|p2b: Rillaboom|Bullet Seed|p1b: Annihilape
|-supereffective|p1b: Annihilape
|-damage|p1b: Annihilape|71/100
|-supereffective|p1b: Annihilape
|-damage|p1b: Annihilape|52/100
|-supereffective|p1b: Annihilape
|-damage|p1b: Annihilape|34/100
|-supereffective|p1b: Annihilape
|-damage|p1b: Annihilape|17/100
|-hitcount|p1b: Annihilape|4
|move|p2a: Pelipper|Tailwind|p2a: Pelipper
|-sidestart|p2: Diegoelsocorrista|move: Tailwind
|
|-weather|RainDance|[upkeep]
|-heal|p2b: Rillaboom|45/100|[from] Grassy Terrain
|-heal|p1b: Annihilape|23/100|[from] Grassy Terrain
|-heal|p1b: Annihilape|28/100|[from] item: Leftovers
|upkeep
|turn|4
|
|t:|1756496196
|move|p1a: Maushold|Follow Me|p1a: Maushold
|-singleturn|p1a: Maushold|move: Follow Me
|move|p2b: Rillaboom|Bullet Seed|p1a: Maushold
|-damage|p1a: Maushold|79/100
|-damage|p1a: Maushold|57/100
|-damage|p1a: Maushold|35/100
|-damage|p1a: Maushold|13/100
|-damage|p1a: Maushold|0 fnt
|faint|p1a: Maushold
|-hitcount|p1: Maushold|5
|move|p2a: Pelipper|Hurricane|p1b: Annihilape
|-damage|p1b: Annihilape|0 fnt
|faint|p1b: Annihilape
|
|-weather|RainDance|[upkeep]
|-heal|p2b: Rillaboom|51/100|[from] Grassy Terrain
|upkeep
|
|t:|1756496210
|switch|p1a: Pelipper|Pelipper, L50, M|100/100
|switch|p1b: Sinistcha|Sinistcha, L50|65/100
|turn|5
|
|t:|1756496221
|move|p2b: Rillaboom|Bullet Seed|p1b: Sinistcha
|-resisted|p1b: Sinistcha
|-damage|p1b: Sinistcha|57/100
|-resisted|p1b: Sinistcha
|-damage|p1b: Sinistcha|50/100
|-resisted|p1b: Sinistcha
|-damage|p1b: Sinistcha|43/100
|-resisted|p1b: Sinistcha
|-damage|p1b: Sinistcha|35/100
|-resisted|p1b: Sinistcha
|-damage|p1b: Sinistcha|27/100
|-hitcount|p1b: Sinistcha|5
|move|p2a: Pelipper|Hurricane|p1b: Sinistcha
|-supereffective|p1b: Sinistcha
|-crit|p1b: Sinistcha
|-damage|p1b: Sinistcha|0 fnt
|faint|p1b: Sinistcha
|move|p1a: Pelipper|Hurricane|p2a: Pelipper
|-damage|p2a: Pelipper|17/100
|
|-weather|none
|-heal|p2b: Rillaboom|57/100|[from] Grassy Terrain
|upkeep
|turn|6
|-message|eneko jauregi forfeited.
|
|win|Diegoelsocorrista
|l|☆eneko jauregi
|player|p1|
||eneko jauregi is ready for game 2.
