|j|☆Lord_of_Ewoks
|j|☆SelvesterTheYAK
|html|Lord_of_EwoksSelvesterTheYAK    
|uhtml|bestof|Game 1 of a best-of-3
|t:|1756870629
|gametype|doubles
|player|p1|Lord_of_Ewoks|101|1208
|player|p2|SelvesterTheYAK|170|1169
|gen|9
|tier|[Gen 9] VGC 2025 Reg H (Bo3)
|rated|
|rule|Species Clause: Limit one of each Pokémon
|rule|Item Clause: Limit 1 of each item
|clearpoke
|poke|p1|Blaziken, L50, F|
|poke|p1|Primarina, L50, F|
|poke|p1|Serperior, L50, M|
|poke|p1|Incineroar, L50, F|
|poke|p1|Indeedee-F, L50, F|
|poke|p1|Dragapult, L50, M|
|poke|p2|Tyranitar, L50, M|
|poke|p2|Arcanine-Hisui, L50, M|
|poke|p2|Kommo-o, L50, F|
|poke|p2|Gholdengo, L50|
|poke|p2|Rillaboom, L50, M|
|poke|p2|Electabuzz, L50, F|
|teampreview|4
|showteam|p1|Blaziken||ClearAmulet|SpeedBoost|FirePledge,CloseCombat,RockSlide,Protect|||F|||50|,,,,,Ghost]Primarina||LifeOrb|LiquidVoice|HyperVoice,Moonblast,WaterPledge,Protect|||F|||50|,,,,,Poison]Serperior||FocusSash|Contrary|LeafStorm,TeraBlast,GrassPledge,Protect|||M|||50|,,,,,Stellar]Incineroar||SitrusBerry|Intimidate|FakeOut,PartingShot,KnockOff,WillOWisp|||F|||50|,,,,,Ghost]Indeedee-F||SafetyGoggles|PsychicSurge|FollowMe,Protect,TrickRoom,Psychic|||F|||50|,,,,,Dark]Dragapult||ChoiceBand|ClearBody|DragonDarts,PhantomForce,Uturn,PsychicFangs|||M|||50|,,,,,Dragon
|showteam|p2|Tyranitar||AssaultVest|SandStream|RockSlide,KnockOff,TeraBlast,LowKick|||M|||50|,,,,,Flying]Arcanine-Hisui||SitrusBerry|Intimidate|RockSlide,FlareBlitz,WillOWisp,Howl|||M|||50|,,,,,Water]Kommo-o||Leftovers|Overcoat|IronDefense,BodyPress,Protect,DragonClaw|||F|||50|,,,,,Steel]Gholdengo||LifeOrb|GoodasGold|MakeItRain,ShadowBall,NastyPlot,Protect||||||50|,,,,,Steel]Rillaboom||MiracleSeed|GrassySurge|FakeOut,GrassyGlide,WoodHammer,Protect|||M|||50|,,,,,Grass]Electabuzz||Eviolite|VitalSpirit|Taunt,Protect,Electroweb,FollowMe|||F|||50|,,,,,Ghost
|inactive|Battle timer is ON: inactive players will automatically lose when time's up. (requested by Lord_of_Ewoks)
|
|t:|1756870659
|teamsize|p1|4
|teamsize|p2|4
|start
|switch|p1a: Serperior|Serperior, L50, M|100/100
|switch|p1b: Primarina|Primarina, L50, F|100/100
|switch|p2a: Rillaboom|Rillaboom, L50, M|100/100
|switch|p2b: Arcanine|Arcanine-Hisui, L50, M|100/100
|-ability|p2b: Arcanine|Intimidate|boost
|-boost|p1a: Serperior|atk|1
|-unboost|p1b: Primarina|atk|1
|-fieldstart|move: Grassy Terrain|[from] ability: Grassy Surge|[of] p2a: Rillaboom
|turn|1
|inactive|SelvesterTheYAK has 30 seconds left.
|
|t:|1756870684
|move|p1a: Serperior|Protect|p1a: Serperior
|-singleturn|p1a: Serperior|Protect
|move|p1b: Primarina|Protect|p1b: Primarina
|-singleturn|p1b: Primarina|Protect
|move|p2a: Rillaboom|Fake Out|p1b: Primarina
|-activate|p1b: Primarina|move: Protect
|move|p2b: Arcanine|Flare Blitz|p1a: Serperior
|-activate|p1a: Serperior|move: Protect
|
|upkeep
|turn|2
|
|t:|1756870697
|-terastallize|p1b: Primarina|Poison
|move|p2a: Rillaboom|Grassy Glide|p1b: Primarina
|-resisted|p1b: Primarina
|-damage|p1b: Primarina|73/100
|move|p1a: Serperior|Grass Pledge|p2b: Arcanine
|-waiting|p1a: Serperior|p1b: Primarina
|move|p1b: Primarina|Water Pledge|p2b: Arcanine|[from] move: Grass Pledge
|-combine
|-damage|p2b: Arcanine|0 fnt
|-sidestart|p2: SelvesterTheYAK|Grass Pledge
|faint|p2b: Arcanine
|-damage|p1b: Primarina|63/100|[from] item: Life Orb
|
|-heal|p1b: Primarina|69/100|[from] Grassy Terrain
|upkeep
|
|t:|1756870714
|switch|p2b: Tyranitar|Tyranitar, L50, M|100/100
|-weather|Sandstorm|[from] ability: Sand Stream|[of] p2b: Tyranitar
|turn|3
|
|t:|1756870730
|switch|p1a: Incineroar|Incineroar, L50, F|100/100
|-ability|p1a: Incineroar|Intimidate|boost
|-unboost|p2a: Rillaboom|atk|1
|-unboost|p2b: Tyranitar|atk|1
|-terastallize|p2b: Tyranitar|Flying
|move|p1b: Primarina|Protect|p1b: Primarina
|-singleturn|p1b: Primarina|Protect
|move|p2a: Rillaboom|Protect|p2a: Rillaboom
|-singleturn|p2a: Rillaboom|Protect
|move|p2b: Tyranitar|Tera Blast|p1a: Incineroar|[anim] Tera Blast Flying
|-damage|p1a: Incineroar|74/100
|
|-weather|Sandstorm|[upkeep]
|-damage|p1a: Incineroar|68/100|[from] Sandstorm
|-damage|p1b: Primarina|63/100|[from] Sandstorm
|-damage|p2a: Rillaboom|95/100|[from] Sandstorm
|-damage|p2b: Tyranitar|95/100|[from] Sandstorm
|-heal|p1a: Incineroar|74/100|[from] Grassy Terrain
|-heal|p1b: Primarina|69/100|[from] Grassy Terrain
|-heal|p2a: Rillaboom|100/100|[from] Grassy Terrain
|upkeep
|turn|4
|inactive|SelvesterTheYAK has 30 seconds left.
|inactive|Lord_of_Ewoks has 30 seconds left.
|inactive|SelvesterTheYAK has 20 seconds left.
|inactive|SelvesterTheYAK has 15 seconds left.
|
|t:|1756870774
|switch|p2a: Kommo-o|Kommo-o, L50, F|100/100
|move|p1a: Incineroar|Will-O-Wisp|p2b: Tyranitar
|-status|p2b: Tyranitar|brn
|move|p1b: Primarina|Moonblast|p2a: Kommo-o
|-supereffective|p2a: Kommo-o
|-damage|p2a: Kommo-o|0 fnt
|faint|p2a: Kommo-o
|-damage|p1b: Primarina|60/100|[from] item: Life Orb
|move|p2b: Tyranitar|Rock Slide|p1b: Primarina|[spread] p1b
|-miss|p2b: Tyranitar|p1a: Incineroar
|-damage|p1b: Primarina|48/100
|
|-weather|Sandstorm|[upkeep]
|-damage|p1a: Incineroar|68/100|[from] Sandstorm
|-damage|p1b: Primarina|42/100|[from] Sandstorm
|-damage|p2b: Tyranitar|89/100 brn|[from] Sandstorm
|-heal|p1a: Incineroar|74/100|[from] Grassy Terrain
|-heal|p1b: Primarina|48/100|[from] Grassy Terrain
|-damage|p2b: Tyranitar|83/100 brn|[from] brn
|upkeep
|
|t:|1756870795
|switch|p2a: Rillaboom|Rillaboom, L50, M|100/100
|turn|5
|-message|SelvesterTheYAK forfeited.
|
|win|Lord_of_Ewoks
|l|☆SelvesterTheYAK
|player|p2|
||Lord_of_Ewoks is ready for game 2.
|inactive|SelvesterTheYAK has 30 seconds to confirm battle start!
||SelvesterTheYAK is ready for game 2.
|uhtml|next|Next: Game 2 of 3
|l|☆Lord_of_Ewoks
|player|p1|
|j|☆SelvesterTheYAK
|player|p2|SelvesterTheYAK|170|
