|j|☆WindyNyt
|j|☆Divine Monkey King
|html|WindyNytDivine Monkey King    
|uhtml|bestof|Game 1 of a best-of-3
|t:|1786207007
|gametype|doubles
|player|p1|WindyNyt|lucas|1206
|player|p2|Divine Monkey King|101|1172
|gen|9
|tier|[Gen 9 Champions] VGC 2026 Reg M-B (Bo3)
|rated|
|rule|Species Clause: Limit one of each Pokémon
|rule|Item Clause: Limit 1 of each item
|clearpoke
|poke|p1|Kingambit, L50, M|
|poke|p1|Blastoise, L50, F|
|poke|p1|Incineroar, L50, F|
|poke|p1|Aerodactyl, L50, F|
|poke|p1|Sinistcha, L50|
|poke|p1|Froslass, L50, F|
|poke|p2|Tyranitar, L50, M, shiny|
|poke|p2|Aerodactyl, L50, M, shiny|
|poke|p2|Pelipper, L50, M, shiny|
|poke|p2|Basculegion, L50, M, shiny|
|poke|p2|Beedrill, L50, M, shiny|
|poke|p2|Annihilape, L50, M, shiny|
|teampreview|4
|showteam|p1|Kingambit||LifeOrb|Defiant|SuckerPunch,KowtowCleave,IronHead,LowKick|Adamant||M|||50|]Blastoise||Blastoisinite|RainDish|ShellSmash,AuraSphere,WaterSpout,WaterPulse|Quiet||F|||50|]Incineroar||SitrusBerry|Intimidate|FakeOut,CloseCombat,FlareBlitz,PartingShot|Impish||F|||50|]Aerodactyl||FocusSash|Unnerve|RockSlide,DualWingbeat,Tailwind,Taunt|Jolly||F|||50|]Sinistcha||ColburBerry|Hospitality|MatchaGotcha,TrickRoom,RagePowder,LifeDew|Relaxed|||||50|]Froslass||Froslassite|CursedBody|Blizzard,NastyPlot,ShadowBall,Protect|Modest||F|||50|
|showteam|p2|Tyranitar||Tyranitarite|SandStream|BrickBreak,KnockOff,Protect,RockSlide|Adamant||M|||50|]Aerodactyl||FocusSash|Unnerve|IronHead,Protect,RockSlide,Tailwind|Jolly||M|||50|]Pelipper||WacanBerry|Drizzle|Hurricane,IceBeam,Protect,WeatherBall|Calm||M|||50|]Basculegion||MysticWater|SwiftSwim|AquaJet,FlipTurn,LastRespects,Protect|Adamant||M|||50|]Beedrill||Beedrillite|Sniper|PoisonJab,Protect,Uturn,FellStinger|Jolly||M|||50|]Annihilape||Leftovers|Defiant|BulkUp,DrainPunch,Protect,RageFist|Adamant||M|||50|
|
|t:|1786207083
|teamsize|p1|4
|teamsize|p2|4
|start
|switch|p1a: Incineroar|Incineroar, L50, F|100/100
|switch|p1b: Froslass|Froslass, L50, F|100/100
|switch|p2a: Annihilape|Annihilape, L50, M, shiny|100/100
|switch|p2b: Basculegion|Basculegion, L50, M, shiny|100/100
|-ability|p1a: Incineroar|Intimidate|boost
|-unboost|p2a: Annihilape|atk|1
|-ability|p2a: Annihilape|Defiant|boost
|-boost|p2a: Annihilape|atk|2
|-unboost|p2b: Basculegion|atk|1
|turn|1
|
|t:|1786207118
|switch|p1a: Aerodactyl|Aerodactyl, L50, F|100/100
|-ability|p1a: Aerodactyl|Unnerve
|detailschange|p1b: Froslass|Froslass-Mega, L50, F
|-mega|p1b: Froslass|Froslass|Froslassite
|-weather|Snowscape|[from] ability: Snow Warning|[of] p1b: Froslass
|move|p1b: Froslass|Shadow Ball|p2a: Annihilape
|-supereffective|p2a: Annihilape|1
|-damage|p2a: Annihilape|19/100
|-unboost|p2a: Annihilape|spd|1
|-ability|p2a: Annihilape|Defiant|boost
|-boost|p2a: Annihilape|atk|2
|move|p2b: Basculegion|Flip Turn|p1a: Aerodactyl
|-supereffective|p1a: Aerodactyl|1
|-damage|p1a: Aerodactyl|18/100
|
|t:|1786207135
|switch|p2b: Tyranitar|Tyranitar, L50, M, shiny|100/100|[from] Flip Turn
|-weather|Sandstorm|[from] ability: Sand Stream|[of] p2b: Tyranitar
|move|p2a: Annihilape|Rage Fist|p1b: Froslass
|-supereffective|p1b: Froslass|1
|-damage|p1b: Froslass|0 fnt
|faint|p1b: Froslass
|
|-weather|Sandstorm|[upkeep]
|-damage|p2a: Annihilape|13/100|[from] Sandstorm
|-heal|p2a: Annihilape|19/100|[from] item: Leftovers
|upkeep
|
|t:|1786207145
|switch|p1b: Kingambit|Kingambit, L50, M|100/100
|turn|2
|
|t:|1786207162
|switch|p1b: Incineroar|Incineroar, L50, F|100/100
|-ability|p1b: Incineroar|Intimidate|boost
|-unboost|p2a: Annihilape|atk|1
|-ability|p2a: Annihilape|Defiant|boost
|-boost|p2a: Annihilape|atk|2
|-unboost|p2b: Tyranitar|atk|1
|detailschange|p2b: Tyranitar|Tyranitar-Mega, L50, M, shiny
|-mega|p2b: Tyranitar|Tyranitar|Tyranitarite
|move|p2a: Annihilape|Protect|p2a: Annihilape
|-singleturn|p2a: Annihilape|Protect
|move|p1a: Aerodactyl|Dual Wingbeat|p2a: Annihilape
|-activate|p2a: Annihilape|move: Protect
|move|p2b: Tyranitar|Brick Break|p1b: Incineroar
|-supereffective|p1b: Incineroar|1
|-crit|p1b: Incineroar
|-damage|p1b: Incineroar|17/100
|-enditem|p1b: Incineroar|Sitrus Berry|[eat]
|-heal|p1b: Incineroar|42/100|[from] item: Sitrus Berry
|
|-weather|Sandstorm|[upkeep]
|-damage|p2a: Annihilape|13/100|[from] Sandstorm
|-damage|p1b: Incineroar|36/100|[from] Sandstorm
|-heal|p2a: Annihilape|19/100|[from] item: Leftovers
|upkeep
|turn|3
|
|t:|1786207183
|move|p1b: Incineroar|Fake Out|p2b: Tyranitar
|-resisted|p2b: Tyranitar|1
|-damage|p2b: Tyranitar|96/100
|move|p1a: Aerodactyl|Dual Wingbeat|p2a: Annihilape
|-supereffective|p2a: Annihilape|1
|-damage|p2a: Annihilape|0 fnt
|faint|p2a: Annihilape
|-hitcount|p2: Annihilape|1
|cant|p2b: Tyranitar|flinch
|
|-weather|Sandstorm|[upkeep]
|-damage|p1b: Incineroar|30/100|[from] Sandstorm
|upkeep
|
|t:|1786207194
|switch|p2a: Basculegion|Basculegion, L50, M, shiny|100/100
|turn|4
|
|t:|1786207202
|move|p2a: Basculegion|Aqua Jet|p1b: Incineroar
|-supereffective|p1b: Incineroar|1
|-crit|p1b: Incineroar
|-damage|p1b: Incineroar|0 fnt
|faint|p1b: Incineroar
|move|p1a: Aerodactyl|Tailwind|p1a: Aerodactyl
|-sidestart|p1: WindyNyt|move: Tailwind
|move|p2b: Tyranitar|Rock Slide|p1a: Aerodactyl
|-supereffective|p1a: Aerodactyl|1
|-damage|p1a: Aerodactyl|0 fnt
|faint|p1a: Aerodactyl
|
|-weather|Sandstorm|[upkeep]
|-damage|p2a: Basculegion|93/100|[from] Sandstorm
|upkeep
|
|t:|1786207207
|switch|p1a: Kingambit|Kingambit, L50, M|100/100
|turn|5
|-message|WindyNyt forfeited.
|
|win|Divine Monkey King
||WindyNyt is ready for game 2.
||Divine Monkey King is ready for game 2.
|uhtml|next|Next: Game 2 of 3
|l|☆WindyNyt
|player|p1|
