|j|☆Tractie
|j|☆Cristante terabug
|html|TractieCristante terabug    
|uhtml|bestof|Game 1 of a best-of-3
|t:|1756675181
|gametype|doubles
|player|p1|Tractie|170|1243
|player|p2|Cristante terabug|kieran-champion|1341
|gen|9
|tier|[Gen 9] VGC 2025 Reg H (Bo3)
|rated|
|rule|Species Clause: Limit one of each Pokémon
|rule|Item Clause: Limit 1 of each item
|clearpoke
|poke|p1|Gothitelle, L50, F|
|poke|p1|Dondozo, L50, F|
|poke|p1|Kingambit, L50, F|
|poke|p1|Rillaboom, L50, F|
|poke|p1|Incineroar, L50, F|
|poke|p1|Dragapult, L50, F|
|poke|p2|Incineroar, L50, M|
|poke|p2|Pelipper, L50, M|
|poke|p2|Archaludon, L50, M|
|poke|p2|Dragonite, L50, M|
|poke|p2|Sinistcha, L50|
|poke|p2|Ursaluna, L50, M|
|teampreview|4
|showteam|p1|Gothitelle||SitrusBerry|ShadowTag|FakeOut,Psychic,TrickRoom,Protect|||F|||50|,,,,,Water]Dondozo||Leftovers|Unaware|WaveCrash,BodyPress,Yawn,Protect|||F|||50|,,,,,Electric]Kingambit||BlackGlasses|Defiant|SuckerPunch,KowtowCleave,SwordsDance,Protect|||F|||50|,,,,,Dark]Rillaboom||ChoiceBand|GrassySurge|WoodHammer,GrassyGlide,HighHorsepower,Uturn|||F|||50|,,,,,Ghost]Incineroar||SafetyGoggles|Intimidate|FakeOut,FlareBlitz,KnockOff,PartingShot|||F|||50|,,,,,Ghost]Dragapult||LifeOrb|ClearBody|ShadowBall,DracoMeteor,TeraBlast,Protect|||F|||50|,,,,,Fairy
|showteam|p2|Incineroar||SafetyGoggles|Intimidate|FakeOut,PartingShot,KnockOff,FlareBlitz|||M|||50|,,,,,Flying]Pelipper||FocusSash|Drizzle|Hurricane,MuddyWater,Tailwind,Protect|||M|||50|,,,,,Ghost]Archaludon||AssaultVest|Stamina|ElectroShot,Snarl,FlashCannon,BodyPress|||M|||50|,,,,,Bug]Dragonite||LoadedDice|Multiscale|ScaleShot,Tailwind,Haze,Protect|||M|||50|,,,,,Fairy]Sinistcha||SitrusBerry|Hospitality|MatchaGotcha,RagePowder,LifeDew,TrickRoom||||||50|,,,,,Dark]Ursaluna||FlameOrb|Guts|Earthquake,Facade,HeadlongRush,Protect|||M|||50|,,,,,Ghost
|inactive|Battle timer is ON: inactive players will automatically lose when time's up. (requested by Tractie)
|inactive|Tractie has 60 seconds left.
|
|t:|1756675213
|teamsize|p1|4
|teamsize|p2|4
|start
|switch|p1a: Dondozo|Dondozo, L50, F|100/100
|switch|p1b: Incineroar|Incineroar, L50, F|100/100
|switch|p2a: Paolo|Dragonite, L50, M|100/100
|switch|p2b: Olmo|Ursaluna, L50, M|100/100
|-ability|p1b: Incineroar|Intimidate|boost
|-unboost|p2a: Paolo|atk|1
|-unboost|p2b: Olmo|atk|1
|turn|1
|
|t:|1756675237
|switch|p2a: Wanda|Sinistcha, L50, shiny|100/100
|move|p2b: Olmo|Protect|p2b: Olmo
|-singleturn|p2b: Olmo|Protect
|move|p1b: Incineroar|Parting Shot|p2b: Olmo
|-activate|p2b: Olmo|move: Protect
|move|p1a: Dondozo|Yawn|p2a: Wanda
|-start|p2a: Wanda|move: Yawn|[of] p1a: Dondozo
|
|-status|p2b: Olmo|brn|[from] item: Flame Orb
|upkeep
|turn|2
|inactive|Tractie has 30 seconds left.
|
|t:|1756675268
|switch|p2a: Paolo|Dragonite, L50, M|100/100
|switch|p1b: Rillaboom|Rillaboom, L50, F|100/100
|-fieldstart|move: Grassy Terrain|[from] ability: Grassy Surge|[of] p1b: Rillaboom
|move|p2b: Olmo|Headlong Rush|p1b: Rillaboom
|-resisted|p1b: Rillaboom
|-damage|p1b: Rillaboom|60/100
|-unboost|p2b: Olmo|def|1
|-unboost|p2b: Olmo|spd|1
|move|p1a: Dondozo|Wave Crash|p2b: Olmo
|-supereffective|p2b: Olmo
|-damage|p2b: Olmo|38/100 brn
|-damage|p1a: Dondozo|83/100|[from] Recoil
|
|-heal|p1b: Rillaboom|66/100|[from] Grassy Terrain
|-heal|p2b: Olmo|44/100 brn|[from] Grassy Terrain
|-heal|p1a: Dondozo|90/100|[from] Grassy Terrain
|-heal|p1a: Dondozo|96/100|[from] item: Leftovers
|-damage|p2b: Olmo|38/100 brn|[from] brn
|upkeep
|turn|3
|inactive|Tractie has 30 seconds left.
|
|t:|1756675300
|switch|p1b: Gothitelle|Gothitelle, L50, F|100/100
|switch|p2b: Luca|Archaludon, L50, M|100/100
|move|p2a: Paolo|Scale Shot|p1a: Dondozo
|-damage|p1a: Dondozo|88/100
|-damage|p1a: Dondozo|78/100
|-damage|p1a: Dondozo|70/100
|-damage|p1a: Dondozo|62/100
|-hitcount|p1a: Dondozo|4
|-unboost|p2a: Paolo|def|1
|-boost|p2a: Paolo|spe|1
|move|p1a: Dondozo|Yawn|p2a: Paolo
|-start|p2a: Paolo|move: Yawn|[of] p1a: Dondozo
|
|-heal|p1a: Dondozo|68/100|[from] Grassy Terrain
|-heal|p1a: Dondozo|74/100|[from] item: Leftovers
|upkeep
|turn|4
|
|t:|1756675322
|move|p1b: Gothitelle|Fake Out|p2b: Luca
|-resisted|p2b: Luca
|-damage|p2b: Luca|99/100
|-ability|p2b: Luca|Stamina|boost
|-boost|p2b: Luca|def|1
|move|p2a: Paolo|Scale Shot|p2b: Luca
|-damage|p2b: Luca|92/100
|-ability|p2b: Luca|Stamina|boost
|-boost|p2b: Luca|def|1
|-damage|p2b: Luca|88/100
|-ability|p2b: Luca|Stamina|boost
|-boost|p2b: Luca|def|1
|-damage|p2b: Luca|83/100
|-ability|p2b: Luca|Stamina|boost
|-boost|p2b: Luca|def|1
|-damage|p2b: Luca|79/100
|-ability|p2b: Luca|Stamina|boost
|-boost|p2b: Luca|def|1
|-damage|p2b: Luca|76/100
|-ability|p2b: Luca|Stamina|boost
|-boost|p2b: Luca|def|1
|-hitcount|p2b: Luca|5
|-unboost|p2a: Paolo|def|1
|-boost|p2a: Paolo|spe|1
|cant|p2b: Luca|flinch
|move|p1a: Dondozo|Yawn|p2b: Luca
|-start|p2b: Luca|move: Yawn|[of] p1a: Dondozo
|
|-heal|p2b: Luca|82/100|[from] Grassy Terrain
|-heal|p1a: Dondozo|80/100|[from] Grassy Terrain
|-heal|p1a: Dondozo|86/100|[from] item: Leftovers
|-end|p2a: Paolo|move: Yawn|[silent]
|-status|p2a: Paolo|slp
|upkeep
|turn|5
|inactive|Tractie has 30 seconds left.
|
|t:|1756675350
|move|p1b: Gothitelle|Protect|p1b: Gothitelle
|-singleturn|p1b: Gothitelle|Protect
|cant|p2a: Paolo|slp
|move|p2b: Luca|Body Press|p1b: Gothitelle
|-activate|p1b: Gothitelle|move: Protect
|move|p1a: Dondozo|Body Press|p2b: Luca
|-supereffective|p2b: Luca
|-damage|p2b: Luca|56/100
|
|-heal|p2b: Luca|62/100|[from] Grassy Terrain
|-heal|p1a: Dondozo|93/100|[from] Grassy Terrain
|-heal|p1a: Dondozo|99/100|[from] item: Leftovers
|-end|p2b: Luca|move: Yawn|[silent]
|-status|p2b: Luca|slp
|upkeep
|turn|6
|
|t:|1756675363
|-terastallize|p2b: Luca|Bug
|cant|p2a: Paolo|slp
|cant|p2b: Luca|slp
|move|p1b: Gothitelle|Psychic|p2a: Paolo
|-damage|p2a: Paolo|84/100 slp
|move|p1a: Dondozo|Body Press|p2b: Luca
|-resisted|p2b: Luca
|-damage|p2b: Luca|55/100 slp
|
|-heal|p2b: Luca|60/100 slp|[from] Grassy Terrain
|-heal|p1a: Dondozo|100/100|[from] Grassy Terrain
|-fieldend|move: Grassy Terrain
|upkeep
|turn|7
|inactive|Tractie has 30 seconds left.
|
|t:|1756675388
|cant|p2a: Paolo|slp
|cant|p2b: Luca|slp
|move|p1b: Gothitelle|Psychic|p2b: Luca
|-damage|p2b: Luca|31/100 slp
|move|p1a: Dondozo|Wave Crash|p2b: Luca
|-crit|p2b: Luca
|-damage|p2b: Luca|0 fnt
|faint|p2b: Luca
|-damage|p1a: Dondozo|93/100|[from] Recoil
|
|-heal|p1a: Dondozo|99/100|[from] item: Leftovers
|upkeep
|
|t:|1756675398
|switch|p2b: Olmo|Ursaluna, L50, M|38/100 brn
|turn|8
|inactive|Tractie has 30 seconds left.
|
|t:|1756675431
|-curestatus|p2a: Paolo|slp|[msg]
|move|p2a: Paolo|Scale Shot|p1a: Dondozo|[miss]
|-miss|p2a: Paolo|p1a: Dondozo
|move|p2b: Olmo|Facade|p1a: Dondozo
|-crit|p1a: Dondozo
|-damage|p1a: Dondozo|0 fnt
|faint|p1a: Dondozo
|move|p1b: Gothitelle|Psychic|p2b: Olmo
|-damage|p2b: Olmo|8/100 brn
|
|-damage|p2b: Olmo|1/100 brn|[from] brn
|upkeep
|
|t:|1756675448
|switch|p1a: Incineroar|Incineroar, L50, F|100/100
|-ability|p1a: Incineroar|Intimidate|boost
|-unboost|p2a: Paolo|atk|1
|-unboost|p2b: Olmo|atk|1
|turn|9
|
|t:|1756675463
|move|p1a: Incineroar|Fake Out|p2b: Olmo
|-damage|p2b: Olmo|0 fnt
|faint|p2b: Olmo
|move|p2a: Paolo|Scale Shot|p1b: Gothitelle
|-damage|p1b: Gothitelle|93/100
|-damage|p1b: Gothitelle|85/100
|-damage|p1b: Gothitelle|77/100
|-damage|p1b: Gothitelle|69/100
|-hitcount|p1b: Gothitelle|4
|-unboost|p2a: Paolo|def|1
|-boost|p2a: Paolo|spe|1
|move|p1b: Gothitelle|Trick Room|p1b: Gothitelle
|-fieldstart|move: Trick Room|[of] p1b: Gothitelle
|
|upkeep
|
|t:|1756675466
|switch|p2b: Wanda|Sinistcha, L50, shiny|100/100
|-heal|p2a: Paolo|100/100|[from] ability: Hospitality|[of] p2b: Wanda
|turn|10
|inactive|Tractie has 30 seconds left.
|inactive|Tractie has 20 seconds left.
|inactive|Tractie has 15 seconds left.
|
|t:|1756675507
|move|p2a: Paolo|Protect|p2a: Paolo
|-singleturn|p2a: Paolo|Protect
|move|p1a: Incineroar|Flare Blitz|p2b: Wanda
|-supereffective|p2b: Wanda
|-damage|p2b: Wanda|13/100
|-enditem|p2b: Wanda|Sitrus Berry|[eat]
|-heal|p2b: Wanda|38/100|[from] item: Sitrus Berry
|-damage|p1a: Incineroar|75/100|[from] Recoil
|move|p1b: Gothitelle|Psychic|p2a: Paolo
|-activate|p2a: Paolo|move: Protect
|move|p2b: Wanda|Trick Room|p2b: Wanda
|-fieldend|move: Trick Room
|
|upkeep
|turn|11
|inactive|Tractie has 30 seconds left.
|
|t:|1756675536
|move|p2a: Paolo|Scale Shot|p1b: Gothitelle
|-damage|p1b: Gothitelle|62/100
|-damage|p1b: Gothitelle|53/100
|-damage|p1b: Gothitelle|46/100
|-enditem|p1b: Gothitelle|Sitrus Berry|[eat]
|-heal|p1b: Gothitelle|71/100|[from] item: Sitrus Berry
|-damage|p1b: Gothitelle|62/100
|-damage|p1b: Gothitelle|53/100
|-hitcount|p1b: Gothitelle|5
|-unboost|p2a: Paolo|def|1
|-boost|p2a: Paolo|spe|1
|move|p2b: Wanda|Matcha Gotcha|p1b: Gothitelle|[spread] p1a,p1b
|-resisted|p1a: Incineroar
|-damage|p1a: Incineroar|66/100
|-heal|p2b: Wanda|43/100|[from] drain|[of] p1a: Incineroar
|-damage|p1b: Gothitelle|34/100
|-heal|p2b: Wanda|52/100|[from] drain|[of] p1b: Gothitelle
|move|p1a: Incineroar|Flare Blitz|p2b: Wanda
|-supereffective|p2b: Wanda
|-damage|p2b: Wanda|0 fnt
|faint|p2b: Wanda
|-damage|p1a: Incineroar|51/100|[from] Recoil
|move|p1b: Gothitelle|Trick Room|p1b: Gothitelle
|-fieldstart|move: Trick Room|[of] p1b: Gothitelle
|
|upkeep
|turn|12
|-message|Cristante terabug forfeited.
|
|win|Tractie
