|j|☆eutherians
|j|☆TrainerChrxs
|html|eutheriansTrainerChrxs    
|uhtml|bestof|Game 1 of a best-of-3
|t:|1756938739
|gametype|doubles
|player|p1|eutherians|ethan|1295
|player|p2|TrainerChrxs|psychic-gen4|1302
|gen|9
|tier|[Gen 9] VGC 2025 Reg H (Bo3)
|rated|
|rule|Species Clause: Limit one of each Pokémon
|rule|Item Clause: Limit 1 of each item
|clearpoke
|poke|p1|Archaludon, L50, F|
|poke|p1|Pelipper, L50, F|
|poke|p1|Blastoise, L50, M|
|poke|p1|Dragonite, L50, M|
|poke|p1|Sneasler, L50, M|
|poke|p1|Indeedee-F, L50, F|
|poke|p2|Ninetales-Alola, L50, M|
|poke|p2|Baxcalibur, L50, M|
|poke|p2|Rillaboom, L50, F|
|poke|p2|Electabuzz, L50, F|
|poke|p2|Tauros-Paldea-Blaze, L50, M|
|poke|p2|Gholdengo, L50|
|teampreview|4
|showteam|p1|Archaludon||AssaultVest|Stamina|BodyPress,ElectroShot,DragonPulse,FlashCannon|||F|||50|,,,,,Bug]Pelipper||ChoiceScarf|Drizzle|Hurricane,MuddyWater,Tailwind,HelpingHand|||F|||50|,,,,,Ghost]Blastoise||SplashPlate|Torrent|WaterSpout,WaterPledge,ShellSmash,Protect|||M|||50|,,,,,Water]Dragonite||LoadedDice|Multiscale|ScaleShot,StompingTantrum,Haze,Protect|||M|||50|,,,,,Steel]Sneasler||PsychicSeed|Unburden|DireClaw,CloseCombat,ThroatChop,Protect|||M|||50|,,,,,Dark]Indeedee-F||SafetyGoggles|PsychicSurge|Psychic,Protect,HelpingHand,FollowMe|||F|||50|,,,,,Fairy
|showteam|p2|Ninetales-Alola||LightClay|SnowWarning|Protect,FreezeDry,Moonblast,AuroraVeil|||M|||50|,,,,,Water]Baxcalibur||LoadedDice|IceBody|Protect,GlaiveRush,IcicleSpear,SwordsDance|||M|||50|,,,,,Fire]Rillaboom||AssaultVest|GrassySurge|FakeOut,WoodHammer,GrassyGlide,Uturn|||F|||50|,,,,,Fire]Electabuzz||Eviolite|VitalSpirit|Protect,FollowMe,VoltSwitch,Electroweb|||F|||50|,,,,,Dragon]Tauros-Paldea-Blaze||ClearAmulet|Intimidate|Protect,RagingBull,CloseCombat,WillOWisp|||M|||50|,,,,,Ghost]Gholdengo||Leftovers|GoodasGold|Protect,MakeItRain,ShadowBall,NastyPlot||||||50|,,,,,Water
|inactive|Battle timer is ON: inactive players will automatically lose when time's up. (requested by eutherians)
|
|t:|1756938782
|teamsize|p1|4
|teamsize|p2|4
|start
|switch|p1a: Indeedee|Indeedee-F, L50, F|100/100
|switch|p1b: Blastoise|Blastoise, L50, M|100/100
|switch|p2a: Ninetales|Ninetales-Alola, L50, M|100/100
|switch|p2b: Rillaboom|Rillaboom, L50, F|100/100
|-weather|Snowscape|[from] ability: Snow Warning|[of] p2a: Ninetales
|-fieldstart|move: Psychic Terrain|[from] ability: Psychic Surge|[of] p1a: Indeedee
|-fieldstart|move: Grassy Terrain|[from] ability: Grassy Surge|[of] p2b: Rillaboom
|turn|1
|inactive|TrainerChrxs has 30 seconds left.
|
|t:|1756938811
|move|p1b: Blastoise|Protect|p1b: Blastoise
|-singleturn|p1b: Blastoise|Protect
|move|p1a: Indeedee|Protect|p1a: Indeedee
|-singleturn|p1a: Indeedee|Protect
|move|p2b: Rillaboom|Grassy Glide|p1b: Blastoise
|-activate|p1b: Blastoise|move: Protect
|move|p2a: Ninetales|Freeze-Dry|p1a: Indeedee
|-activate|p1a: Indeedee|move: Protect
|
|-weather|Snowscape|[upkeep]
|upkeep
|turn|2
|inactive|eutherians has 30 seconds left.
|
|t:|1756938841
|switch|p1b: Pelipper|Pelipper, L50, F|100/100
|-weather|RainDance|[from] ability: Drizzle|[of] p1b: Pelipper
|switch|p1a: Sneasler|Sneasler, L50, M|100/100
|move|p2a: Ninetales|Aurora Veil||[still]
|-fail|p2a: Ninetales
|move|p2b: Rillaboom|U-turn|p1a: Sneasler
|-resisted|p1a: Sneasler
|-damage|p1a: Sneasler|91/100
|
|t:|1756938852
|switch|p2b: Tauros|Tauros-Paldea-Blaze, L50, M|100/100|[from] U-turn
|-ability|p2b: Tauros|Intimidate|boost
|-unboost|p1a: Sneasler|atk|1
|-unboost|p1b: Pelipper|atk|1
|
|-weather|RainDance|[upkeep]
|-heal|p1a: Sneasler|97/100|[from] Grassy Terrain
|upkeep
|turn|3
|inactive|TrainerChrxs has 30 seconds left.
|
|t:|1756938879
|switch|p1a: Indeedee|Indeedee-F, L50, F|100/100
|-fieldstart|move: Psychic Terrain|[from] ability: Psychic Surge|[of] p1a: Indeedee
|-terastallize|p1b: Pelipper|Ghost
|move|p2b: Tauros|Protect|p2b: Tauros
|-singleturn|p2b: Tauros|Protect
|move|p1b: Pelipper|Muddy Water|p2a: Ninetales|[spread] p2a
|-activate|p2b: Tauros|move: Protect
|-damage|p2a: Ninetales|57/100
|-unboost|p2a: Ninetales|accuracy|1
|move|p2a: Ninetales|Freeze-Dry|p1b: Pelipper|[miss]
|-miss|p2a: Ninetales|p1b: Pelipper
|
|-weather|RainDance|[upkeep]
|upkeep
|turn|4
|
|t:|1756938897
|switch|p2a: Baxcalibur|Baxcalibur, L50, M|100/100
|switch|p2b: Rillaboom|Rillaboom, L50, F|100/100
|-fieldstart|move: Grassy Terrain|[from] ability: Grassy Surge|[of] p2b: Rillaboom
|move|p1b: Pelipper|Muddy Water|p2b: Rillaboom|[spread] p2b
|-miss|p1b: Pelipper|p2a: Baxcalibur
|-resisted|p2b: Rillaboom
|-damage|p2b: Rillaboom|87/100
|move|p1a: Indeedee|Psychic|p2b: Rillaboom
|-damage|p2b: Rillaboom|70/100
|
|-weather|RainDance|[upkeep]
|-heal|p2b: Rillaboom|75/100|[from] Grassy Terrain
|upkeep
|turn|5
|inactive|eutherians has 30 seconds left.
|
|t:|1756938929
|switch|p1a: Sneasler|Sneasler, L50, M|97/100
|move|p1b: Pelipper|Muddy Water|p2a: Baxcalibur|[spread] p2a,p2b
|-resisted|p2a: Baxcalibur
|-resisted|p2b: Rillaboom
|-damage|p2a: Baxcalibur|78/100
|-damage|p2b: Rillaboom|62/100
|-unboost|p2a: Baxcalibur|accuracy|1
|move|p2a: Baxcalibur|Swords Dance|p2a: Baxcalibur
|-boost|p2a: Baxcalibur|atk|2
|move|p2b: Rillaboom|U-turn|p1a: Sneasler
|-resisted|p1a: Sneasler
|-damage|p1a: Sneasler|89/100
|
|t:|1756938951
|switch|p2b: Ninetales|Ninetales-Alola, L50, M|57/100|[from] U-turn
|-weather|Snowscape|[from] ability: Snow Warning|[of] p2b: Ninetales
|
|-weather|Snowscape|[upkeep]
|-heal|p2a: Baxcalibur|84/100|[from] ability: Ice Body
|-heal|p2b: Ninetales|63/100|[from] Grassy Terrain
|-heal|p1a: Sneasler|95/100|[from] Grassy Terrain
|-heal|p2a: Baxcalibur|90/100|[from] Grassy Terrain
|upkeep
|turn|6
|inactive|eutherians has 30 seconds left.
|
|t:|1756938982
|-terastallize|p2b: Ninetales|Water
|move|p2a: Baxcalibur|Protect|p2a: Baxcalibur
|-singleturn|p2a: Baxcalibur|Protect
|move|p1b: Pelipper|Muddy Water|p2b: Ninetales|[spread] 
|-activate|p2a: Baxcalibur|move: Protect
|-miss|p1b: Pelipper|p2b: Ninetales
|move|p2b: Ninetales|Aurora Veil|p2b: Ninetales
|-sidestart|p2: TrainerChrxs|move: Aurora Veil
|move|p1a: Sneasler|Close Combat|p2a: Baxcalibur
|-activate|p2a: Baxcalibur|move: Protect
|
|-weather|Snowscape|[upkeep]
|-heal|p2a: Baxcalibur|96/100|[from] ability: Ice Body
|-heal|p2b: Ninetales|69/100|[from] Grassy Terrain
|-heal|p1a: Sneasler|100/100|[from] Grassy Terrain
|-heal|p2a: Baxcalibur|100/100|[from] Grassy Terrain
|upkeep
|turn|7
|inactive|TrainerChrxs has 30 seconds left.
|inactive|TrainerChrxs has 20 seconds left.
|inactive|TrainerChrxs has 15 seconds left.
|inactive|TrainerChrxs has 10 seconds left.
|
|t:|1756939030
|switch|p1b: Indeedee|Indeedee-F, L50, F|100/100
|-fieldstart|move: Psychic Terrain|[from] ability: Psychic Surge|[of] p1b: Indeedee
|-enditem|p1a: Sneasler|Psychic Seed
|-boost|p1a: Sneasler|spd|1|[from] item: Psychic Seed
|switch|p2b: Tauros|Tauros-Paldea-Blaze, L50, M|100/100
|-ability|p2b: Tauros|Intimidate|boost
|-unboost|p1a: Sneasler|atk|1
|-unboost|p1b: Indeedee|atk|1
|move|p1a: Sneasler|Protect|p1a: Sneasler
|-singleturn|p1a: Sneasler|Protect
|move|p2a: Baxcalibur|Icicle Spear|p1a: Sneasler
|-activate|p1a: Sneasler|move: Protect
|
|-weather|Snowscape|[upkeep]
|upkeep
|turn|8
|inactive|eutherians has 30 seconds left.
|
|t:|1756939062
|switch|p1a: Pelipper|Pelipper, L50, F, tera:Ghost|100/100
|-weather|RainDance|[from] ability: Drizzle|[of] p1a: Pelipper
|switch|p2b: Rillaboom|Rillaboom, L50, F|62/100
|-fieldstart|move: Grassy Terrain|[from] ability: Grassy Surge|[of] p2b: Rillaboom
|move|p1b: Indeedee|Protect|p1b: Indeedee
|-singleturn|p1b: Indeedee|Protect
|move|p2a: Baxcalibur|Icicle Spear|p1a: Pelipper
|-damage|p1a: Pelipper|56/100
|-damage|p1a: Pelipper|18/100
|-damage|p1a: Pelipper|0 fnt
|faint|p1a: Pelipper
|-hitcount|p1: Pelipper|3
|
|-weather|RainDance|[upkeep]
|-heal|p2b: Rillaboom|68/100|[from] Grassy Terrain
|upkeep
|
|t:|1756939075
|switch|p1a: Sneasler|Sneasler, L50, M|100/100
|turn|9
|
|t:|1756939089
|move|p1b: Indeedee|Helping Hand|p1a: Sneasler
|-singleturn|p1a: Sneasler|Helping Hand|[of] p1b: Indeedee
|move|p2b: Rillaboom|Fake Out|p1a: Sneasler
|-damage|p1a: Sneasler|78/100
|cant|p1a: Sneasler|flinch
|move|p2a: Baxcalibur|Glaive Rush|p1b: Indeedee|[miss]
|-miss|p2a: Baxcalibur|p1b: Indeedee
|
|-weather|RainDance|[upkeep]
|-heal|p1a: Sneasler|84/100|[from] Grassy Terrain
|-heal|p2b: Rillaboom|74/100|[from] Grassy Terrain
|upkeep
|turn|10
|inactive|eutherians has 30 seconds left.
|
|t:|1756939115
|switch|p2a: Tauros|Tauros-Paldea-Blaze, L50, M|100/100
|-ability|p2a: Tauros|Intimidate|boost
|-unboost|p1a: Sneasler|atk|1
|-unboost|p1b: Indeedee|atk|1
|move|p1b: Indeedee|Protect|p1b: Indeedee
|-singleturn|p1b: Indeedee|Protect
|move|p1a: Sneasler|Dire Claw|p2b: Rillaboom
|-supereffective|p2b: Rillaboom
|-damage|p2b: Rillaboom|35/100
|-status|p2b: Rillaboom|psn
|move|p2b: Rillaboom|U-turn|p1b: Indeedee
|-activate|p1b: Indeedee|move: Protect
|
|-weather|RainDance|[upkeep]
|-heal|p1a: Sneasler|90/100|[from] Grassy Terrain
|-heal|p2b: Rillaboom|41/100 psn|[from] Grassy Terrain
|-damage|p2b: Rillaboom|29/100 psn|[from] psn
|upkeep
|turn|11
|inactive|TrainerChrxs has 30 seconds left.
|
|t:|1756939148
|switch|p2b: Ninetales|Ninetales-Alola, L50, M, tera:Water|69/100
|-weather|Snowscape|[from] ability: Snow Warning|[of] p2b: Ninetales
|move|p2a: Tauros|Protect|p2a: Tauros
|-singleturn|p2a: Tauros|Protect
|move|p1a: Sneasler|Dire Claw|p2b: Ninetales
|-damage|p2b: Ninetales|45/100
|-status|p2b: Ninetales|psn
|move|p1b: Indeedee|Psychic|p2a: Tauros
|-activate|p2a: Tauros|move: Protect
|
|-weather|Snowscape|[upkeep]
|-heal|p2b: Ninetales|51/100 psn|[from] Grassy Terrain
|-heal|p1a: Sneasler|95/100|[from] Grassy Terrain
|-damage|p2b: Ninetales|39/100 psn|[from] psn
|upkeep
|turn|12
|inactive|TrainerChrxs has 30 seconds left.
|
|t:|1756939180
|switch|p1a: Blastoise|Blastoise, L50, M|100/100
|move|p2b: Ninetales|Moonblast|p1b: Indeedee
|-damage|p1b: Indeedee|72/100
|move|p2a: Tauros|Close Combat|p1b: Indeedee
|-damage|p1b: Indeedee|22/100
|-unboost|p2a: Tauros|def|1
|-unboost|p2a: Tauros|spd|1
|move|p1b: Indeedee|Psychic|p2a: Tauros
|-supereffective|p2a: Tauros
|-damage|p2a: Tauros|10/100
|
|-weather|Snowscape|[upkeep]
|-heal|p2b: Ninetales|45/100 psn|[from] Grassy Terrain
|-heal|p2a: Tauros|16/100|[from] Grassy Terrain
|-heal|p1b: Indeedee|28/100|[from] Grassy Terrain
|-damage|p2b: Ninetales|33/100 psn|[from] psn
|-fieldend|move: Grassy Terrain
|upkeep
|turn|13
|inactive|eutherians has 30 seconds left.
|inactive|TrainerChrxs has 30 seconds left.
|inactive|eutherians has 20 seconds left.
|inactive|eutherians has 15 seconds left.
|inactive|eutherians has 10 seconds left.
|inactive|eutherians has 5 seconds left.
|
|t:|1756939235
|move|p1b: Indeedee|Follow Me|p1b: Indeedee
|-singleturn|p1b: Indeedee|move: Follow Me
|move|p2b: Ninetales|Freeze-Dry|p1b: Indeedee
|-damage|p1b: Indeedee|6/100
|move|p2a: Tauros|Close Combat|p1b: Indeedee
|-damage|p1b: Indeedee|0 fnt
|-unboost|p2a: Tauros|def|1
|-unboost|p2a: Tauros|spd|1
|faint|p1b: Indeedee
|move|p1a: Blastoise|Water Spout|p2a: Tauros|[spread] p2a,p2b
|-supereffective|p2a: Tauros
|-resisted|p2b: Ninetales
|-damage|p2a: Tauros|0 fnt
|-damage|p2b: Ninetales|14/100 psn
|faint|p2a: Tauros
|
|-weather|Snowscape|[upkeep]
|-damage|p2b: Ninetales|2/100 psn|[from] psn
|-sideend|p2: TrainerChrxs|move: Aurora Veil
|upkeep
|
|t:|1756939244
|switch|p2a: Rillaboom|Rillaboom, L50, F|29/100 psn
|switch|p1b: Sneasler|Sneasler, L50, M|95/100
|-fieldstart|move: Grassy Terrain|[from] ability: Grassy Surge|[of] p2a: Rillaboom
|turn|14
|
|t:|1756939254
|move|p1b: Sneasler|Protect|p1b: Sneasler
|-singleturn|p1b: Sneasler|Protect
|move|p1a: Blastoise|Protect|p1a: Blastoise
|-singleturn|p1a: Blastoise|Protect
|move|p2a: Rillaboom|Fake Out|p1b: Sneasler
|-activate|p1b: Sneasler|move: Protect
|move|p2b: Ninetales|Aurora Veil|p2b: Ninetales
|-sidestart|p2: TrainerChrxs|move: Aurora Veil
|
|-weather|Snowscape|[upkeep]
|-heal|p2b: Ninetales|8/100 psn|[from] Grassy Terrain
|-heal|p1b: Sneasler|100/100|[from] Grassy Terrain
|-heal|p2a: Rillaboom|35/100 psn|[from] Grassy Terrain
|-damage|p2b: Ninetales|0 fnt|[from] psn
|faint|p2b: Ninetales
|-damage|p2a: Rillaboom|23/100 psn|[from] psn
|upkeep
|
|t:|1756939256
|switch|p2b: Baxcalibur|Baxcalibur, L50, M|100/100
|turn|15
|
|t:|1756939278
|move|p2a: Rillaboom|Grassy Glide|p1a: Blastoise
|-supereffective|p1a: Blastoise
|-damage|p1a: Blastoise|21/100
|move|p1b: Sneasler|Close Combat|p2b: Baxcalibur
|-supereffective|p2b: Baxcalibur
|-damage|p2b: Baxcalibur|41/100
|-unboost|p1b: Sneasler|def|1
|-unboost|p1b: Sneasler|spd|1
|move|p2b: Baxcalibur|Icicle Spear|p1b: Sneasler
|-damage|p1b: Sneasler|63/100
|-damage|p1b: Sneasler|24/100
|-damage|p1b: Sneasler|0 fnt
|faint|p1b: Sneasler
|-hitcount|p1: Sneasler|3
|move|p1a: Blastoise|Water Pledge|p2b: Baxcalibur
|-resisted|p2b: Baxcalibur
|-damage|p2b: Baxcalibur|19/100
|
|-weather|none
|-heal|p2b: Baxcalibur|25/100|[from] Grassy Terrain
|-heal|p1a: Blastoise|27/100|[from] Grassy Terrain
|-heal|p2a: Rillaboom|29/100 psn|[from] Grassy Terrain
|-damage|p2a: Rillaboom|16/100 psn|[from] psn
|upkeep
|turn|16
|-message|eutherians forfeited.
|
|win|TrainerChrxs
