|j|☆tuckered out1
|j|☆P!nkbearz07
|html|tuckered out1P!nkbearz07    
|uhtml|bestof|Game 3 of a best-of-3
|t:|1757723066
|gametype|doubles
|player|p1|tuckered out1|gentleman-gen4|1032
|player|p2|P!nkbearz07|marlon|1015
|gen|9
|tier|[Gen 9] VGC 2025 Reg H (Bo3)
|rated|
|rule|Species Clause: Limit one of each Pokémon
|rule|Item Clause: Limit 1 of each item
|clearpoke
|poke|p1|Gyarados, L50, F|
|poke|p1|Pachirisu, L50, M|
|poke|p1|Gothitelle, L50, F|
|poke|p1|Gardevoir, L50, F|
|poke|p1|Garchomp, L50, M|
|poke|p1|Talonflame, L50, F|
|poke|p2|Whimsicott, L50, F|
|poke|p2|Lurantis, L50, M|
|poke|p2|Tsareena, L50, F|
|poke|p2|Sunflora, L50, M|
|poke|p2|Rillaboom, L50, M|
|poke|p2|Chesnaught, L50, F|
|teampreview|4
|showteam|p1|Gyarados||MysticWater|Intimidate|DragonDance,Waterfall,Earthquake,Protect|||F|||50|,,,,,Water]Pachirisu||SitrusBerry|VoltAbsorb|Nuzzle,FollowMe,SuperFang,Protect|||M|||50|,,,,,Steel]Gothitelle||Leftovers|ShadowTag|Psyshock,ThunderWave,Tickle,Protect|||F|||50|,,,,,Water]Gardevoir||ChoiceScarf|Telepathy|DazzlingGleam,Psychic,Moonblast,Trick|||F|||50|,,,,,Fairy]Garchomp||FocusSash|RoughSkin|Earthquake,DragonClaw,RockSlide,Protect|||M|||50|,,,,,Fairy]Talonflame||LifeOrb|GaleWings|BraveBird,Overheat,Taunt,Tailwind|||F|||50|,,,,,Fire
|showteam|p2|Whimsicott||FocusSash|Prankster|Moonblast,Tailwind,FakeTears,Tickle|||F|||50|,,,,,Ghost]Lurantis||CovertCloak|Contrary|TeraBlast,Superpower,GrassyGlide,Protect|||M|||50|,,,,,Fire]Tsareena||GrassySeed|QueenlyMajesty|Acrobatics,HighJumpKick,SeedBomb,Protect|||F|||50|,,,,,Flying]Sunflora||LifeOrb|SolarPower|EnergyBall,EarthPower,DazzlingGleam,Protect|||M|||50|,,,,,Stellar]Rillaboom||AssaultVest|GrassySurge|FakeOut,GrassyGlide,WoodHammer,Uturn|||M|||50|,,,,,Water]Chesnaught||RockyHelmet|Bulletproof|GrassyGlide,BodyPress,IronDefense,WideGuard|||F|||50|,,,,,Fire
|inactive|Battle timer is ON: inactive players will automatically lose when time's up. (requested by tuckered out1)
|inactive|P!nkbearz07 also wants the timer to be on.
|
|t:|1757723084
|teamsize|p1|4
|teamsize|p2|4
|start
|switch|p1a: Talonflame|Talonflame, L50, F|100/100
|switch|p1b: Gardevoir|Gardevoir, L50, F|100/100
|switch|p2a: Lurantis|Lurantis, L50, M, shiny|100/100
|switch|p2b: Whimsicott|Whimsicott, L50, F, shiny|100/100
|turn|1
|
|t:|1757723108
|-terastallize|p2a: Lurantis|Fire
|move|p2b: Whimsicott|Fake Tears|p2a: Lurantis
|-boost|p2a: Lurantis|spd|2
|move|p1a: Talonflame|Brave Bird|p2b: Whimsicott
|-supereffective|p2b: Whimsicott
|-enditem|p2b: Whimsicott|Focus Sash
|-damage|p2b: Whimsicott|1/100
|-damage|p1a: Talonflame|70/100|[from] Recoil
|-damage|p1a: Talonflame|60/100|[from] item: Life Orb
|move|p1b: Gardevoir|Psychic|p2b: Whimsicott
|-damage|p2b: Whimsicott|0 fnt
|faint|p2b: Whimsicott
|move|p2a: Lurantis|Superpower|p1a: Talonflame
|-resisted|p1a: Talonflame
|-crit|p1a: Talonflame
|-damage|p1a: Talonflame|16/100
|-boost|p2a: Lurantis|atk|1
|-boost|p2a: Lurantis|def|1
|
|upkeep
|
|t:|1757723116
|switch|p2b: Rillaboom|Rillaboom, L50, M, shiny|100/100
|-fieldstart|move: Grassy Terrain|[from] ability: Grassy Surge|[of] p2b: Rillaboom
|turn|2
|
|t:|1757723128
|move|p2a: Lurantis|Grassy Glide|p1a: Talonflame
|-resisted|p1a: Talonflame
|-damage|p1a: Talonflame|0 fnt
|faint|p1a: Talonflame
|move|p1b: Gardevoir|Psychic|p2a: Lurantis
|-damage|p2a: Lurantis|70/100
|move|p2b: Rillaboom|Wood Hammer|p1b: Gardevoir
|-damage|p1b: Gardevoir|0 fnt
|faint|p1b: Gardevoir
|-damage|p2b: Rillaboom|75/100|[from] Recoil
|
|-heal|p2b: Rillaboom|82/100|[from] Grassy Terrain
|-heal|p2a: Lurantis|77/100|[from] Grassy Terrain
|upkeep
|inactive|tuckered out1 has 30 seconds left.
|
|t:|1757723155
|switch|p1a: Pachirisu|Pachirisu, L50, M|100/100
|switch|p1b: Gyarados|Gyarados, L50, F|100/100
|-ability|p1b: Gyarados|Intimidate|boost
|-boost|p2a: Lurantis|atk|1
|-unboost|p2b: Rillaboom|atk|1
|turn|3
|
|t:|1757723166
|move|p2b: Rillaboom|Grassy Glide|p1b: Gyarados
|-damage|p1b: Gyarados|74/100
|move|p2a: Lurantis|Grassy Glide|p1b: Gyarados
|-damage|p1b: Gyarados|0 fnt
|faint|p1b: Gyarados
|move|p1a: Pachirisu|Nuzzle|p2b: Rillaboom
|-resisted|p2b: Rillaboom
|-crit|p2b: Rillaboom
|-damage|p2b: Rillaboom|79/100
|-status|p2b: Rillaboom|par
|
|-heal|p2a: Lurantis|83/100|[from] Grassy Terrain
|-heal|p2b: Rillaboom|85/100 par|[from] Grassy Terrain
|upkeep
|turn|4
|
|t:|1757723189
|-terastallize|p1a: Pachirisu|Steel
|move|p2a: Lurantis|Grassy Glide|p1a: Pachirisu
|-resisted|p1a: Pachirisu
|-damage|p1a: Pachirisu|70/100
|cant|p2b: Rillaboom|par
|move|p1a: Pachirisu|Nuzzle|p2a: Lurantis
|-damage|p2a: Lurantis|79/100
|
|-heal|p1a: Pachirisu|76/100|[from] Grassy Terrain
|-heal|p2a: Lurantis|85/100|[from] Grassy Terrain
|-heal|p2b: Rillaboom|91/100 par|[from] Grassy Terrain
|upkeep
|turn|5
|
|t:|1757723206
|move|p2b: Rillaboom|Grassy Glide|p1a: Pachirisu
|-resisted|p1a: Pachirisu
|-damage|p1a: Pachirisu|65/100
|move|p1a: Pachirisu|Super Fang|p2a: Lurantis
|-damage|p2a: Lurantis|43/100
|move|p2a: Lurantis|Superpower|p1a: Pachirisu
|-supereffective|p1a: Pachirisu
|-damage|p1a: Pachirisu|0 fnt
|-boost|p2a: Lurantis|atk|1
|-boost|p2a: Lurantis|def|1
|faint|p1a: Pachirisu
|
|win|P!nkbearz07
|raw|tuckered out1's rating: 1032 → 1016(-16 for losing)
|raw|P!nkbearz07's rating: 1015 → 1055(+40 for winning)
