|j|☆Link6166
|j|☆javii_63
|html|Link6166javii_63    
|uhtml|bestof|Game 1 of a best-of-3
|t:|1785722547
|gametype|doubles
|player|p1|Link6166|1|
|player|p2|javii_63|lucas|
|gen|9
|tier|[Gen 9 Champions] VGC 2026 Reg M-B (Bo3)
|rule|Species Clause: Limit one of each Pokémon
|rule|Item Clause: Limit 1 of each item
|clearpoke
|poke|p1|Sylveon, L50, F, shiny|
|poke|p1|Rotom-Wash, L50, shiny|
|poke|p1|Jolteon, L50, M, shiny|
|poke|p1|Aerodactyl, L50, F, shiny|
|poke|p1|Farigiraf, L50, M, shiny|
|poke|p1|Krookodile, L50, F, shiny|
|poke|p2|Gallade, L50, M|
|poke|p2|Arcanine-Hisui, L50, M|
|poke|p2|Milotic, L50, M|
|poke|p2|Serperior, L50, F|
|poke|p2|Tinkaton, L50, F|
|poke|p2|Aegislash, L50, M|
|teampreview|4
|showteam|p1|Sylveon||FairyFeather|Pixilate|HyperVoice,Moonblast,ShadowBall,Protect|Modest||F|||50|]Rotom-Wash||Leftovers|Levitate|HydroPump,Thunderbolt,WillOWisp,Protect|Modest|||||50|]Jolteon||Magnet|QuickFeet|Thunderbolt,VoltSwitch,ShadowBall,Protect|Timid||M|||50|]Aerodactyl||Aerodactylite|Unnerve|RockSlide,WideGuard,Tailwind,Protect|Jolly||F|||50|]Farigiraf||MentalHerb|ArmorTail|TrickRoom,ThunderWave,FoulPlay,HelpingHand|Sassy||M|||50|]Krookodile||SitrusBerry|Intimidate|KnockOff,Protect,CloseCombat,HighHorsepower|Adamant||F|||50|
|showteam|p2|Gallade||Galladite|Steadfast|PsychoCut,SacredSword,SwordsDance,Protect|Adamant||M|||50|]Arcanine-Hisui||FocusSash|Intimidate|RockSlide,FlareBlitz,StealthRock,Protect|Jolly||M|||50|]Milotic||Leftovers|Competitive|IceBeam,Scald,Recover,LightScreen|Calm||M|||50|]Serperior||WideLens|Contrary|LeafStorm,Reflect,CalmMind,Protect|Timid||F|||50|]Tinkaton||LifeOrb|MoldBreaker|GigatonHammer,PlayRough,FakeOut,Substitute|Adamant||F|||50|]Aegislash||ExpertBelt|StanceChange|KingsShield,Poltergeist,ShadowBall,IronHead|Brave||M|||50|
|j| PorygonTheBot
|c| PorygonTheBot|y'all suck
|
|t:|1785722678
|teamsize|p1|4
|teamsize|p2|4
|start
|switch|p1a: Sylveon|Sylveon, L50, F, shiny|100/100
|switch|p1b: Farigiraf|Farigiraf, L50, M, shiny|100/100
|switch|p2a: Aegislash|Aegislash, L50, M|100/100
|switch|p2b: Serperior|Serperior, L50, F|100/100
|turn|1
|
|t:|1785722769
|move|p1a: Sylveon|Protect|p1a: Sylveon
|-singleturn|p1a: Sylveon|Protect
|move|p2b: Serperior|Leaf Storm|p1a: Sylveon
|-activate|p1a: Sylveon|move: Protect
|-formechange|p2a: Aegislash|Aegislash-Blade|
|move|p2a: Aegislash|Shadow Ball|p1b: Farigiraf
|-immune|p1b: Farigiraf
|move|p1b: Farigiraf|Trick Room|p1b: Farigiraf
|-fieldstart|move: Trick Room|[of] p1b: Farigiraf
|
|upkeep
|turn|2
|
|t:|1785722847
|move|p2b: Serperior|Protect|p2b: Serperior
|-singleturn|p2b: Serperior|Protect
|move|p2a: Aegislash|Iron Head|p1a: Sylveon
|-supereffective|p1a: Sylveon|1
|-damage|p1a: Sylveon|0 fnt
|faint|p1a: Sylveon
|move|p1b: Farigiraf|Foul Play|p2a: Aegislash
|-supereffective|p2a: Aegislash|1
|-damage|p2a: Aegislash|0 fnt
|faint|p2a: Aegislash
|
|upkeep
|
|t:|1785722867
|switch|p2a: Arcanine|Arcanine-Hisui, L50, M|100/100
|switch|p1a: Aerodactyl|Aerodactyl, L50, F, shiny|100/100
|-ability|p1a: Aerodactyl|Unnerve
|-ability|p2a: Arcanine|Intimidate|boost
|-unboost|p1a: Aerodactyl|atk|1
|-unboost|p1b: Farigiraf|atk|1
|turn|3
|
|t:|1785722931
|detailschange|p1a: Aerodactyl|Aerodactyl-Mega, L50, F, shiny
|-mega|p1a: Aerodactyl|Aerodactyl|Aerodactylite
|move|p1b: Farigiraf|Helping Hand|p1a: Aerodactyl
|-singleturn|p1a: Aerodactyl|Helping Hand|[of] p1b: Farigiraf
|move|p2b: Serperior|Protect||[still]
|-fail|p2b: Serperior
|move|p2a: Arcanine|Flare Blitz|p1a: Aerodactyl
|-resisted|p1a: Aerodactyl|1
|-damage|p1a: Aerodactyl|65/100
|-damage|p2a: Arcanine|89/100|[from] Recoil
|move|p1a: Aerodactyl|Rock Slide|p2b: Serperior|[spread] p2a,p2b
|-supereffective|p2a: Arcanine|1
|-damage|p2a: Arcanine|16/100
|-damage|p2b: Serperior|63/100
|
|upkeep
|turn|4
|
|t:|1785723004
|move|p1b: Farigiraf|Thunder Wave|p2a: Arcanine
|-status|p2a: Arcanine|par
|move|p2a: Arcanine|Flare Blitz|p1b: Farigiraf
|-damage|p1b: Farigiraf|36/100
|-damage|p2a: Arcanine|0 fnt|[from] Recoil
|faint|p2a: Arcanine
|move|p2b: Serperior|Leaf Storm|p1a: Aerodactyl
|-damage|p1a: Aerodactyl|8/100
|-boost|p2b: Serperior|spa|2
|move|p1a: Aerodactyl|Rock Slide|p2b: Serperior
|-damage|p2b: Serperior|27/100
|
|upkeep
|
|t:|1785723020
|switch|p2a: Tinkaton|Tinkaton, L50, F|100/100
|-ability|p2a: Tinkaton|Mold Breaker
|turn|5
|
|t:|1785723107
|switch|p1b: Krookodile|Krookodile, L50, F, shiny|100/100
|-ability|p1b: Krookodile|Intimidate|boost
|-unboost|p2a: Tinkaton|atk|1
|-boost|p2b: Serperior|atk|1
|move|p2b: Serperior|Protect|p2b: Serperior
|-singleturn|p2b: Serperior|Protect
|move|p2a: Tinkaton|Gigaton Hammer|p1a: Aerodactyl
|-supereffective|p1a: Aerodactyl|1
|-damage|p1a: Aerodactyl|0 fnt
|faint|p1a: Aerodactyl
|-damage|p2a: Tinkaton|90/100|[from] item: Life Orb
|
|-fieldend|move: Trick Room
|upkeep
|
|t:|1785723119
|switch|p1a: Farigiraf|Farigiraf, L50, M, shiny|36/100
|turn|6
|
|t:|1785723194
|move|p2b: Serperior|Reflect|p2b: Serperior
|-sidestart|p2: javii_63|Reflect
|move|p2a: Tinkaton|Play Rough|p1b: Krookodile
|-supereffective|p1b: Krookodile|1
|-damage|p1b: Krookodile|32/100
|-unboost|p1b: Krookodile|atk|1
|-enditem|p1b: Krookodile|Sitrus Berry|[eat]
|-heal|p1b: Krookodile|57/100|[from] item: Sitrus Berry
|-damage|p2a: Tinkaton|80/100|[from] item: Life Orb
|move|p1b: Krookodile|High Horsepower|p2a: Tinkaton|[miss]
|-miss|p1b: Krookodile|p2a: Tinkaton
|move|p1a: Farigiraf|Trick Room|p1a: Farigiraf
|-fieldstart|move: Trick Room|[of] p1a: Farigiraf
|
|upkeep
|turn|7
|
|t:|1785723271
|move|p2b: Serperior|Protect|p2b: Serperior
|-singleturn|p2b: Serperior|Protect
|move|p1a: Farigiraf|Foul Play|p2b: Serperior
|-activate|p2b: Serperior|move: Protect
|move|p1b: Krookodile|High Horsepower|p2a: Tinkaton
|-supereffective|p2a: Tinkaton|1
|-damage|p2a: Tinkaton|13/100
|move|p2a: Tinkaton|Play Rough|p1b: Krookodile
|-supereffective|p1b: Krookodile|1
|-damage|p1b: Krookodile|0 fnt
|faint|p1b: Krookodile
|-damage|p2a: Tinkaton|3/100|[from] item: Life Orb
|
|upkeep
|turn|8
|
|t:|1785723359
|move|p1a: Farigiraf|Foul Play|p2b: Serperior
|-damage|p2b: Serperior|7/100
|move|p2a: Tinkaton|Play Rough|p1a: Farigiraf
|-damage|p1a: Farigiraf|3/100
|-damage|p2a: Tinkaton|0 fnt|[from] item: Life Orb
|faint|p2a: Tinkaton
|move|p2b: Serperior|Leaf Storm|p1a: Farigiraf
|-damage|p1a: Farigiraf|0 fnt
|-boost|p2b: Serperior|spa|2
|faint|p1a: Farigiraf
|
|win|javii_63
