|j|☆Brutalandathebozz
|j|☆Chandeliere
|html|BrutalandathebozzChandeliere    
|uhtml|bestof|Game 1 of a best-of-3
|t:|1756717429
|gametype|doubles
|player|p1|Brutalandathebozz|266|1313
|player|p2|Chandeliere|ethan|1233
|gen|9
|tier|[Gen 9] VGC 2025 Reg H (Bo3)
|rated|
|rule|Species Clause: Limit one of each Pokémon
|rule|Item Clause: Limit 1 of each item
|clearpoke
|poke|p1|Sneasler, L50, M|
|poke|p1|Electabuzz, L50, F|
|poke|p1|Rillaboom, L50, M|
|poke|p1|Primarina, L50, F|
|poke|p1|Kingambit, L50, F|
|poke|p1|Volcarona, L50, F|
|poke|p2|Ninetales-Alola, L50, F|
|poke|p2|Gholdengo, L50|
|poke|p2|Garchomp, L50, M|
|poke|p2|Incineroar, L50, M|
|poke|p2|Sneasler, L50, F|
|poke|p2|Corviknight, L50, M|
|teampreview|4
|showteam|p1|Sneasler||FocusSash|PoisonTouch|FakeOut,CloseCombat,DireClaw,Protect|||M|||50|,,,,,Ghost]Electabuzz||Eviolite|VitalSpirit|Protect,Taunt,FollowMe,Electroweb|||F|||50|,,,,,Ghost]Rillaboom||AssaultVest|GrassySurge|WoodHammer,GrassyGlide,FakeOut,HighHorsepower|||M|||50|,,,,,Fire]Primarina||SitrusBerry|LiquidVoice|HyperVoice,Moonblast,Protect,Haze|||F|||50|,,,,,Poison]Kingambit||BlackGlasses|Defiant|KowtowCleave,SuckerPunch,Protect,SwordsDance|||F|||50|,,,,,Dark]Volcarona||CovertCloak|FlameBody|HeatWave,TeraBlast,QuiverDance,Protect|||F|||50|,,,,,Fairy
|showteam|p2|Ninetales-Alola||LightClay|SnowWarning|AuroraVeil,Blizzard,FreezeDry,Protect|||F|||50|,,,,,Ghost]Gholdengo||LifeOrb|GoodasGold|MakeItRain,ShadowBall,NastyPlot,Protect||||||50|,,,,,Water]Garchomp||ClearAmulet|RoughSkin|Earthquake,StompingTantrum,DragonClaw,Protect|||M|||50|,,,,,Ground]Incineroar||AssaultVest|Intimidate|FakeOut,KnockOff,FlareBlitz,PartingShot|||M|||50|,,,,,Grass]Sneasler||WhiteHerb|Unburden|Coaching,CloseCombat,DireClaw,Protect|||F|||50|,,,,,Ghost]Corviknight||SitrusBerry|MirrorArmor|BodyPress,BraveBird,Tailwind,Protect|||M|||50|,,,,,Fire
|inactive|Battle timer is ON: inactive players will automatically lose when time's up. (requested by Brutalandathebozz)
|
|t:|1756717499
|teamsize|p1|4
|teamsize|p2|4
|start
|switch|p1a: Volcarona|Volcarona, L50, F, shiny|100/100
|switch|p1b: Rillaboom|Rillaboom, L50, M|100/100
|switch|p2a: Sneasler|Sneasler, L50, F|100/100
|switch|p2b: Corviknight|Corviknight, L50, M|100/100
|-fieldstart|move: Grassy Terrain|[from] ability: Grassy Surge|[of] p1b: Rillaboom
|turn|1
|
|t:|1756717515
|move|p2b: Corviknight|Protect|p2b: Corviknight
|-singleturn|p2b: Corviknight|Protect
|move|p1b: Rillaboom|Fake Out|p2b: Corviknight
|-activate|p2b: Corviknight|move: Protect
|move|p2a: Sneasler|Coaching|p2b: Corviknight
|-boost|p2b: Corviknight|atk|1
|-boost|p2b: Corviknight|def|1
|move|p1a: Volcarona|Quiver Dance|p1a: Volcarona
|-boost|p1a: Volcarona|spa|1
|-boost|p1a: Volcarona|spd|1
|-boost|p1a: Volcarona|spe|1
|
|upkeep
|turn|2
|
|t:|1756717538
|-terastallize|p1a: Volcarona|Fairy
|-terastallize|p2b: Corviknight|Fire
|move|p2a: Sneasler|Protect|p2a: Sneasler
|-singleturn|p2a: Sneasler|Protect
|move|p1b: Rillaboom|Grassy Glide|p2a: Sneasler
|-activate|p2a: Sneasler|move: Protect
|move|p1a: Volcarona|Heat Wave|p2a: Sneasler|[spread] p2b
|-activate|p2a: Sneasler|move: Protect
|-resisted|p2b: Corviknight
|-damage|p2b: Corviknight|76/100
|move|p2b: Corviknight|Brave Bird|p1a: Volcarona
|-damage|p1a: Volcarona|33/100
|-damage|p2b: Corviknight|55/100|[from] Recoil
|
|-heal|p1a: Volcarona|39/100|[from] Grassy Terrain
|-heal|p2b: Corviknight|60/100|[from] Grassy Terrain
|upkeep
|turn|3
|inactive|Chandeliere has 30 seconds left.
|
|t:|1756717569
|move|p1a: Volcarona|Heat Wave|p2a: Sneasler|[spread] p2a,p2b
|-crit|p2a: Sneasler
|-resisted|p2b: Corviknight
|-damage|p2a: Sneasler|0 fnt
|-damage|p2b: Corviknight|34/100
|-enditem|p2b: Corviknight|Sitrus Berry|[eat]
|-heal|p2b: Corviknight|59/100|[from] item: Sitrus Berry
|faint|p2a: Sneasler
|move|p1b: Rillaboom|High Horsepower|p2b: Corviknight|[miss]
|-miss|p1b: Rillaboom|p2b: Corviknight
|move|p2b: Corviknight|Brave Bird|p1a: Volcarona
|-damage|p1a: Volcarona|0 fnt
|faint|p1a: Volcarona
|-damage|p2b: Corviknight|47/100|[from] Recoil
|
|-heal|p2b: Corviknight|53/100|[from] Grassy Terrain
|upkeep
|
|t:|1756717584
|switch|p2a: Ninetales|Ninetales-Alola, L50, F|100/100
|switch|p1a: Primarina|Primarina, L50, F|100/100
|-weather|Snowscape|[from] ability: Snow Warning|[of] p2a: Ninetales
|turn|4
|
|t:|1756717597
|move|p2a: Ninetales|Aurora Veil|p2a: Ninetales
|-sidestart|p2: Chandeliere|move: Aurora Veil
|move|p1b: Rillaboom|Wood Hammer|p2a: Ninetales
|-damage|p2a: Ninetales|66/100
|-damage|p1b: Rillaboom|90/100|[from] Recoil
|move|p1a: Primarina|Hyper Voice|p2b: Corviknight|[spread] p2a,p2b
|-supereffective|p2b: Corviknight
|-damage|p2a: Ninetales|43/100
|-damage|p2b: Corviknight|8/100
|move|p2b: Corviknight|Brave Bird|p1b: Rillaboom
|-supereffective|p1b: Rillaboom
|-damage|p1b: Rillaboom|0 fnt
|faint|p1b: Rillaboom
|-damage|p2b: Corviknight|0 fnt|[from] Recoil
|faint|p2b: Corviknight
|
|-weather|Snowscape|[upkeep]
|-heal|p2a: Ninetales|49/100|[from] Grassy Terrain
|upkeep
|
|t:|1756717612
|switch|p1b: Electabuzz|Electabuzz, L50, F|100/100
|switch|p2b: Garchomp|Garchomp, L50, M|100/100
|turn|5
|inactive|Brutalandathebozz has 30 seconds left.
|
|t:|1756717640
|move|p2a: Ninetales|Blizzard|p1a: Primarina|[spread] p1a,p1b
|-resisted|p1a: Primarina
|-damage|p1a: Primarina|90/100
|-damage|p1b: Electabuzz|78/100
|move|p2b: Garchomp|Stomping Tantrum|p1b: Electabuzz
|-supereffective|p1b: Electabuzz
|-damage|p1b: Electabuzz|11/100
|move|p1b: Electabuzz|Electroweb|p2b: Garchomp|[spread] p2a
|-immune|p2b: Garchomp
|-damage|p2a: Ninetales|40/100
|-unboost|p2a: Ninetales|spe|1
|move|p1a: Primarina|Hyper Voice|p2b: Garchomp|[spread] p2a,p2b
|-damage|p2a: Ninetales|18/100
|-damage|p2b: Garchomp|74/100
|
|-weather|Snowscape|[upkeep]
|-heal|p2b: Garchomp|80/100|[from] Grassy Terrain
|-heal|p1b: Electabuzz|17/100|[from] Grassy Terrain
|-heal|p2a: Ninetales|25/100|[from] Grassy Terrain
|-heal|p1a: Primarina|96/100|[from] Grassy Terrain
|-fieldend|move: Grassy Terrain
|upkeep
|turn|6
|
|t:|1756717664
|move|p2b: Garchomp|Stomping Tantrum|p1a: Primarina
|-damage|p1a: Primarina|54/100
|move|p1b: Electabuzz|Electroweb|p2a: Ninetales|[spread] p2a
|-immune|p2b: Garchomp
|-damage|p2a: Ninetales|16/100
|-unboost|p2a: Ninetales|spe|1
|move|p1a: Primarina|Moonblast|p2b: Garchomp
|-supereffective|p2b: Garchomp
|-damage|p2b: Garchomp|10/100
|move|p2a: Ninetales|Freeze-Dry|p1a: Primarina
|-supereffective|p1a: Primarina
|-damage|p1a: Primarina|18/100
|-enditem|p1a: Primarina|Sitrus Berry|[eat]
|-heal|p1a: Primarina|42/100|[from] item: Sitrus Berry
|
|-weather|Snowscape|[upkeep]
|upkeep
|turn|7
|inactive|Brutalandathebozz has 30 seconds left.
|inactive|Chandeliere has 30 seconds left.
|
|t:|1756717697
|move|p1b: Electabuzz|Follow Me|p1b: Electabuzz
|-singleturn|p1b: Electabuzz|move: Follow Me
|move|p2b: Garchomp|Stomping Tantrum|p1b: Electabuzz
|-supereffective|p1b: Electabuzz
|-damage|p1b: Electabuzz|0 fnt
|faint|p1b: Electabuzz
|move|p1a: Primarina|Hyper Voice|p2a: Ninetales|[spread] p2a,p2b
|-damage|p2a: Ninetales|0 fnt
|-damage|p2b: Garchomp|0 fnt
|faint|p2a: Ninetales
|faint|p2b: Garchomp
|
|win|Brutalandathebozz
||Chandeliere is ready for game 2.
||Brutalandathebozz is ready for game 2.
|uhtml|next|Next: Game 2 of 3
|l|☆Brutalandathebozz
|player|p1|
