|j|☆MommaGart
|j|☆eejay2018
|html|MommaGarteejay2018    
|uhtml|bestof|Game 1 of a best-of-3
|t:|1783549526
|gametype|doubles
|player|p1|MommaGart|hilda|1148
|player|p2|eejay2018|youngster-gen4dp|1035
|gen|9
|tier|[Gen 9 Champions] VGC 2026 Reg M-B (Bo3)
|rated|
|rule|Species Clause: Limit one of each Pokémon
|rule|Item Clause: Limit 1 of each item
|clearpoke
|poke|p1|Sneasler, L50, F|
|poke|p1|Blastoise, L50, F|
|poke|p1|Kingambit, L50, F|
|poke|p1|Incineroar, L50, F|
|poke|p1|Delphox, L50, F, shiny|
|poke|p1|Sinistcha, L50|
|poke|p2|Charizard, L50, F|
|poke|p2|Whimsicott, L50, F|
|poke|p2|Floette-Eternal, L50, F|
|poke|p2|Basculegion, L50, M|
|poke|p2|Garchomp, L50, M|
|poke|p2|Kingambit, L50, M|
|teampreview|4
|showteam|p1|Sneasler||FocusSash|PoisonTouch|PoisonJab,CloseCombat,FakeOut,QuickGuard|Jolly||F|||50|]Blastoise||Blastoisinite|RainDish|DarkPulse,WaterSpout,ShellSmash,Protect|Modest||F|||50|]Kingambit||BlackGlasses|Defiant|KowtowCleave,SuckerPunch,SwordsDance,Protect|Adamant||F|||50|]Incineroar||SitrusBerry|Intimidate|FlareBlitz,HelpingHand,PartingShot,FakeOut|Careful||F|||50|]Delphox||Delphoxite|Blaze|HeatWave,NastyPlot,Psyshock,Protect|Modest||F|||50|]Sinistcha||KasibBerry|Hospitality|MatchaGotcha,RagePowder,TrickRoom,Protect|Bold|||||50|
|showteam|p2|Charizard||CharizarditeY|Blaze|HeatWave,SolarBeam,WeatherBall,Protect|Modest||F|||50|]Whimsicott||FocusSash|Prankster|Moonblast,Encore,Tailwind,Protect|Timid||F|||50|]Floette-Eternal||Floettite|FlowerVeil|Moonblast,DazzlingGleam,LightofRuin,Protect|Timid||F|||50|]Basculegion||MysticWater|Adaptability|WaveCrash,AquaJet,LastRespects,Protect|Adamant||M|||50|]Garchomp||LifeOrb|RoughSkin|DragonClaw,Earthquake,RockSlide,Protect|Jolly||M|||50|]Kingambit||BlackGlasses|Defiant|KowtowCleave,SuckerPunch,IronHead,Protect|Adamant||M|||50|
|
|t:|1783549550
|teamsize|p1|4
|teamsize|p2|4
|start
|switch|p1a: Superiority|Sneasler, L50, F|100/100
|switch|p1b: Reseda|Delphox, L50, F, shiny|100/100
|switch|p2a: Charizard|Charizard, L50, F|100/100
|switch|p2b: Garchomp|Garchomp, L50, M|100/100
|turn|1
|
|t:|1783549574
|detailschange|p1b: Reseda|Delphox-Mega, L50, F, shiny
|-mega|p1b: Reseda|Delphox|Delphoxite
|detailschange|p2a: Charizard|Charizard-Mega-Y, L50, F
|-mega|p2a: Charizard|Charizard|Charizardite Y
|-weather|SunnyDay|[from] ability: Drought|[of] p2a: Charizard
|move|p1a: Superiority|Fake Out|p2b: Garchomp
|-damage|p2b: Garchomp|86/100
|-damage|p1a: Superiority|87/100|[from] ability: Rough Skin|[of] p2b: Garchomp
|-status|p2b: Garchomp|psn|[from] ability: Poison Touch|[of] p1a: Superiority
|move|p1b: Reseda|Nasty Plot|p1b: Reseda
|-boost|p1b: Reseda|spa|2
|cant|p2b: Garchomp|flinch
|move|p2a: Charizard|Heat Wave|p1a: Superiority|[spread] p1a,p1b
|-resisted|p1b: Reseda|1
|-damage|p1a: Superiority|5/100
|-damage|p1b: Reseda|72/100
|
|-weather|SunnyDay|[upkeep]
|-damage|p2b: Garchomp|74/100 psn|[from] psn
|upkeep
|turn|2
|
|t:|1783549624
|move|p1a: Superiority|Poison Jab|p2a: Charizard
|-damage|p2a: Charizard|57/100
|move|p1b: Reseda|Heat Wave|p2a: Charizard|[spread] p2a,p2b
|-resisted|p2a: Charizard|1
|-resisted|p2b: Garchomp|1
|-damage|p2a: Charizard|1/100
|-damage|p2b: Garchomp|6/100 psn
|move|p2b: Garchomp|Rock Slide|p1a: Superiority|[spread] 
|-miss|p2b: Garchomp|p1a: Superiority
|-miss|p2b: Garchomp|p1b: Reseda
|move|p2a: Charizard|Heat Wave|p1a: Superiority|[spread] p1a,p1b
|-resisted|p1b: Reseda|1
|-damage|p1a: Superiority|0 fnt
|-damage|p1b: Reseda|46/100
|faint|p1a: Superiority
|
|-weather|SunnyDay|[upkeep]
|-damage|p2b: Garchomp|0 fnt|[from] psn
|faint|p2b: Garchomp
|upkeep
|
|t:|1783549643
|switch|p1a: Caffeine|Sinistcha, L50|100/100
|switch|p2b: Basculegion|Basculegion, L50, M|100/100
|-heal|p1b: Reseda|71/100|[from] ability: Hospitality|[of] p1a: Caffeine
|turn|3
|
|t:|1783549668
|move|p1b: Reseda|Psyshock|p2a: Charizard
|-damage|p2a: Charizard|0 fnt
|faint|p2a: Charizard
|move|p2b: Basculegion|Last Respects|p1b: Reseda
|-supereffective|p1b: Reseda|1
|-damage|p1b: Reseda|0 fnt
|faint|p1b: Reseda
|move|p1a: Caffeine|Matcha Gotcha|p2b: Basculegion|[miss]
|-miss|p1a: Caffeine|p2b: Basculegion
|
|-weather|SunnyDay|[upkeep]
|upkeep
|
|t:|1783549680
|switch|p1b: Her Highness|Kingambit, L50, F|100/100
|switch|p2a: Kingambit|Kingambit, L50, M|100/100
|turn|4
|
|t:|1783549694
|move|p1a: Caffeine|Protect|p1a: Caffeine
|-singleturn|p1a: Caffeine|Protect
|move|p2b: Basculegion|Last Respects|p1b: Her Highness
|-resisted|p1b: Her Highness|1
|-damage|p1b: Her Highness|62/100
|move|p2a: Kingambit|Kowtow Cleave|p1a: Caffeine
|-activate|p1a: Caffeine|move: Protect
|move|p1b: Her Highness|Swords Dance|p1b: Her Highness
|-boost|p1b: Her Highness|atk|2
|
|-weather|SunnyDay|[upkeep]
|upkeep
|turn|5
|
|t:|1783549729
|move|p1b: Her Highness|Sucker Punch|p2b: Basculegion
|-supereffective|p2b: Basculegion|1
|-damage|p2b: Basculegion|0 fnt
|faint|p2b: Basculegion
|move|p1a: Caffeine|Matcha Gotcha|p2a: Kingambit
|-resisted|p2a: Kingambit|1
|-damage|p2a: Kingambit|85/100
|move|p2a: Kingambit|Kowtow Cleave|p1a: Caffeine
|-supereffective|p1a: Caffeine|1
|-damage|p1a: Caffeine|12/100
|
|-weather|none
|upkeep
|turn|6
|
|t:|1783549744
|move|p1a: Caffeine|Matcha Gotcha|p2a: Kingambit|[miss]
|-miss|p1a: Caffeine|p2a: Kingambit
|move|p2a: Kingambit|Kowtow Cleave|p1a: Caffeine
|-supereffective|p1a: Caffeine|1
|-damage|p1a: Caffeine|0 fnt
|faint|p1a: Caffeine
|move|p1b: Her Highness|Kowtow Cleave|p2a: Kingambit
|-resisted|p2a: Kingambit|1
|-damage|p2a: Kingambit|44/100
|
|upkeep
|turn|7
|
|t:|1783549763
|move|p2a: Kingambit|Kowtow Cleave|p1b: Her Highness
|-resisted|p1b: Her Highness|1
|-damage|p1b: Her Highness|42/100
|move|p1b: Her Highness|Kowtow Cleave|p2a: Kingambit
|-resisted|p2a: Kingambit|1
|-damage|p2a: Kingambit|9/100
|
|upkeep
|turn|8
|
|t:|1783549773
|move|p2a: Kingambit|Sucker Punch|p1b: Her Highness
|-resisted|p1b: Her Highness|1
|-damage|p1b: Her Highness|25/100
|move|p1b: Her Highness|Kowtow Cleave|p2a: Kingambit
|-resisted|p2a: Kingambit|1
|-damage|p2a: Kingambit|0 fnt
|faint|p2a: Kingambit
|
|win|MommaGart
||MommaGart is ready for game 2.
|l|☆eejay2018
|player|p2|
|inactive|eejay2018 has 30 seconds to confirm battle start!
||eejay2018 is ready for game 2.
|uhtml|next|Next: Game 2 of 3
