|j|☆eviovulpix
|j|☆yuirs gsb
|html|eviovulpixyuirs gsb    
|uhtml|bestof|Game 2 of a best-of-3
|t:|1782329285
|gametype|doubles
|player|p1|eviovulpix|101|
|player|p2|yuirs gsb|benga|
|gen|9
|tier|[Gen 9 Champions] VGC 2026 Reg M-B (Bo3)
|rule|Species Clause: Limit one of each Pokémon
|rule|Item Clause: Limit 1 of each item
|clearpoke
|poke|p1|Mawile, L50, F, shiny|
|poke|p1|Pelipper, L50, F, shiny|
|poke|p1|Archaludon, L50, M, shiny|
|poke|p1|Sinistcha, L50, shiny|
|poke|p1|Swampert, L50, F, shiny|
|poke|p1|Farigiraf, L50, F, shiny|
|poke|p2|Kommo-o, L50, F|
|poke|p2|Kangaskhan, L50, F|
|poke|p2|Arcanine-Hisui, L50, F|
|poke|p2|Ditto, L50|
|poke|p2|Basculegion, L50, M|
|poke|p2|Metagross, L50|
|teampreview|4
|showteam|p1|Mawile||Mawilite|HyperCutter|IronHead,PlayRough,RockSlide,Protect|Adamant||F|||50|]Pelipper||FocusSash|Drizzle|WeatherBall,Hurricane,Tailwind,Protect|Modest||F|||50|]Archaludon||Leftovers|Stamina|ElectroShot,FlashCannon,DragonPulse,Protect|Modest||M|||50|]Sinistcha||KasibBerry|Hospitality|ShadowBall,RagePowder,MatchaGotcha,TrickRoom|Bold|||||50|]Swampert||Swampertite|Torrent|IcePunch,HighHorsepower,WaveCrash,Protect|Adamant||F|||50|]Farigiraf||SitrusBerry|ArmorTail|TrickRoom,Thunderbolt,TwinBeam,HelpingHand|Modest||F|||50|
|showteam|p2|Kommo-o||SitrusBerry|Soundproof|Protect,ClangorousSoul,ClangingScales,AuraSphere|Timid||F|||50|]Kangaskhan||Kangaskhanite|Scrappy|FakeOut,DoubleEdge,SuckerPunch,DrainPunch|Adamant||F|||50|]Arcanine-Hisui||ChopleBerry|Intimidate|Protect,RockSlide,FlareBlitz,HeadSmash|Jolly||F|||50|]Ditto||FocusSash|Imposter|Transform|Timid|||||50|]Basculegion||ChoiceScarf|Adaptability|LastRespects,WaveCrash,AquaJet,FlipTurn|Jolly||M|||50|]Metagross||Metagrossite|ClearBody|BulletPunch,IronHead,PsychicFangs,Protect|Adamant|||||50|
|inactive|Battle timer is ON: inactive players will automatically lose when time's up. (requested by yuirs gsb)
|
|t:|1782329313
|teamsize|p1|4
|teamsize|p2|4
|start
|switch|p1a: Sinistcha|Sinistcha, L50, shiny|100/100
|switch|p1b: Farigiraf|Farigiraf, L50, F, shiny|100/100
|switch|p2a: Basculegion|Basculegion, L50, M|100/100
|switch|p2b: Metagross|Metagross, L50|100/100
|turn|1
|
|t:|1782329327
|detailschange|p2b: Metagross|Metagross-Mega, L50
|-mega|p2b: Metagross|Metagross|Metagrossite
|move|p2a: Basculegion|Flip Turn|p1b: Farigiraf
|-damage|p1b: Farigiraf|67/100
|
|t:|1782329333
|switch|p2a: Ditto|Ditto, L50|100/100|[from] Flip Turn
|-transform|p2a: Ditto|p1b: Farigiraf|[from] ability: Imposter
|move|p2b: Metagross|Iron Head|p1a: Sinistcha
|-damage|p1a: Sinistcha|47/100
|move|p1a: Sinistcha|Matcha Gotcha|p2a: Ditto|[spread] p2b
|-miss|p1a: Sinistcha|p2a: Ditto
|-resisted|p2b: Metagross|1
|-damage|p2b: Metagross|87/100
|-heal|p1a: Sinistcha|53/100|[from] drain|[of] p2b: Metagross
|move|p1b: Farigiraf|Trick Room|p1b: Farigiraf
|-fieldstart|move: Trick Room|[of] p1b: Farigiraf
|
|upkeep
|turn|2
|
|t:|1782329355
|move|p2a: Ditto|Helping Hand|p2b: Metagross
|-singleturn|p2b: Metagross|Helping Hand|[of] p2a: Ditto
|move|p1a: Sinistcha|Matcha Gotcha|p2b: Metagross|[spread] p2a,p2b
|-resisted|p2b: Metagross|1
|-damage|p2a: Ditto|69/100
|-heal|p1a: Sinistcha|66/100|[from] drain|[of] p2a: Ditto
|-damage|p2b: Metagross|76/100
|-heal|p1a: Sinistcha|72/100|[from] drain|[of] p2b: Metagross
|move|p2b: Metagross|Iron Head|p1b: Farigiraf
|-damage|p1b: Farigiraf|0 fnt
|faint|p1b: Farigiraf
|
|upkeep
|
|t:|1782329376
|switch|p1b: Mawile|Mawile, L50, F, shiny|100/100
|turn|3
|
|t:|1782329392
|detailschange|p1b: Mawile|Mawile-Mega, L50, F, shiny
|-mega|p1b: Mawile|Mawile|Mawilite
|move|p1b: Mawile|Play Rough|p2a: Ditto
|-damage|p2a: Ditto|0 fnt
|faint|p2a: Ditto
|move|p1a: Sinistcha|Matcha Gotcha|p2b: Metagross
|-resisted|p2b: Metagross|1
|-damage|p2b: Metagross|61/100
|-heal|p1a: Sinistcha|79/100|[from] drain|[of] p2b: Metagross
|move|p2b: Metagross|Iron Head|p1b: Mawile
|-damage|p1b: Mawile|43/100
|
|upkeep
|
|t:|1782329408
|switch|p2a: Kommo-o|Kommo-o, L50, F|100/100
|turn|4
|
|t:|1782329418
|move|p2a: Kommo-o|Protect|p2a: Kommo-o
|-singleturn|p2a: Kommo-o|Protect
|move|p1a: Sinistcha|Rage Powder|p1a: Sinistcha
|-singleturn|p1a: Sinistcha|move: Rage Powder
|move|p1b: Mawile|Play Rough|p2a: Kommo-o
|-activate|p2a: Kommo-o|move: Protect
|move|p2b: Metagross|Iron Head|p1a: Sinistcha
|-damage|p1a: Sinistcha|27/100
|
|upkeep
|turn|5
|
|t:|1782329431
|move|p1b: Mawile|Play Rough|p2a: Kommo-o
|-supereffective|p2a: Kommo-o|2
|-damage|p2a: Kommo-o|0 fnt
|faint|p2a: Kommo-o
|move|p1a: Sinistcha|Matcha Gotcha|p2b: Metagross|[miss]
|-miss|p1a: Sinistcha|p2b: Metagross
|move|p2b: Metagross|Iron Head|p1a: Sinistcha
|-damage|p1a: Sinistcha|0 fnt
|faint|p1a: Sinistcha
|
|-fieldend|move: Trick Room
|upkeep
|
|t:|1782329440
|switch|p2a: Basculegion|Basculegion, L50, M|100/100
|switch|p1a: Archaludon|Archaludon, L50, M, shiny|100/100
|turn|6
|
|t:|1782329456
|move|p2a: Basculegion|Last Respects|p1a: Archaludon
|-damage|p1a: Archaludon|35/100
|-ability|p1a: Archaludon|Stamina|boost
|-boost|p1a: Archaludon|def|1
|move|p2b: Metagross|Iron Head|p1b: Mawile
|-damage|p1b: Mawile|0 fnt
|faint|p1b: Mawile
|move|p1a: Archaludon|Electro Shot||[still]
|-prepare|p1a: Archaludon|Electro Shot
|-boost|p1a: Archaludon|spa|1
|
|-heal|p1a: Archaludon|41/100|[from] item: Leftovers
|upkeep
|turn|7
|
|t:|1782329467
|move|p2a: Basculegion|Last Respects|p1a: Archaludon
|-damage|p1a: Archaludon|0 fnt
|faint|p1a: Archaludon
|
|win|yuirs gsb
||yuirs gsb is ready for game 3.
|inactive|eviovulpix has 30 seconds to confirm battle start!
||eviovulpix is ready for game 3.
|uhtml|next|Next: Game 3 of 3
|l|☆yuirs gsb
|player|p2|
