|j|☆lemonancy
|j|☆HADES055
|html|lemonancyHADES055    
|uhtml|bestof|Game 1 of a best-of-3
|t:|1784768596
|gametype|doubles
|player|p1|lemonancy|bellelba|
|player|p2|HADES055|pokemaniac|
|gen|9
|tier|[Gen 9 Champions] VGC 2026 Reg M-B (Bo3)
|rule|Species Clause: Limit one of each Pokémon
|rule|Item Clause: Limit 1 of each item
|clearpoke
|poke|p1|Raichu, L50, M|
|poke|p1|Farigiraf, L50, M|
|poke|p1|Mawile, L50, F|
|poke|p1|Garchomp, L50, M|
|poke|p1|Vivillon, L50, M|
|poke|p1|Torkoal, L50, M|
|poke|p2|Raichu, L50, M|
|poke|p2|Sinistcha, L50|
|poke|p2|Corviknight, L50, F|
|poke|p2|Sylveon, L50, M|
|poke|p2|Garchomp, L50, F|
|poke|p2|Tyranitar, L50, F|
|teampreview|4
|showteam|p1|Raichu||RaichuniteY|LightningRod|FakeOut,ZapCannon,FocusBlast,Protect|Modest||M|||50|]Farigiraf||SitrusBerry|ArmorTail|Psychic,TrickRoom,HelpingHand,Thunderbolt|Relaxed||M|||50|]Mawile||Mawilite|Intimidate|PlayRough,RockSlide,SuckerPunch,Protect|Adamant||F|||50|]Garchomp||LifeOrb|RoughSkin|Earthquake,DragonClaw,RockSlide,Protect|Jolly||M|||50|]Vivillon||FocusSash|CompoundEyes|SleepPowder,Hurricane,RagePowder,Protect|Timid||M|||50|]Torkoal||Charcoal|Drought|Eruption,EarthPower,WeatherBall,Protect|Quiet||M|||50|
|showteam|p2|Raichu||RaichuniteY|LightningRod|ZapCannon,FocusBlast,FakeOut,Protect|Timid||M|||50|]Sinistcha||KasibBerry|Hospitality|MatchaGotcha,ShadowBall,RagePowder,Protect|Modest|||||50|]Corviknight||Leftovers|MirrorArmor|IronHead,BraveBird,Tailwind,Protect|Adamant||F|||50|]Sylveon||FairyFeather|Pixilate|HyperVoice,QuickAttack,Yawn,Detect|Modest||M|||50|]Garchomp||SitrusBerry|RoughSkin|DragonClaw,StompingTantrum,RockSlide,Protect|Adamant||F|||50|]Tyranitar||FocusSash|SandStream|RockSlide,KnockOff,Superpower,Protect|Adamant||F|||50|
|c|☆lemonancy|gl gl gl
|c|☆HADES055|gl hf
|c|☆lemonancy|taking time to post match
|j| shrimplyasapphic
|j| magnetman210
|l| magnetman210
|j| magnetman210
|c|☆lemonancy|lmk when you're ready for timer
|c|☆HADES055|ready
|inactive|Battle timer is ON: inactive players will automatically lose when time's up. (requested by lemonancy)
|j| Lepotatochip
|j| Autin Mago
|inactive|lemonancy has 60 seconds left.
|inactive|HADES055 has 60 seconds left.
|j| KodyKorody
|inactive|lemonancy has 30 seconds left.
|l| Lepotatochip
|inactive|lemonancy has 20 seconds left.
|j| Lepotatochip
|inactive|lemonancy has 15 seconds left.
|inactive|lemonancy has 10 seconds left.
|inactive|lemonancy has 5 seconds left.
|
|t:|1784768753
|teamsize|p1|4
|teamsize|p2|4
|start
|switch|p1a: Garchomp|Garchomp, L50, M|100/100
|switch|p1b: Vivillon|Vivillon, L50, M|100/100
|switch|p2a: Garchomp|Garchomp, L50, F|100/100
|switch|p2b: Tyranitar|Tyranitar, L50, F|100/100
|-weather|Sandstorm|[from] ability: Sand Stream|[of] p2b: Tyranitar
|turn|1
|inactive|lemonancy has 30 seconds left.
|inactive|lemonancy has 20 seconds left.
|
|t:|1784768790
|switch|p2b: Corviknight|Corviknight, L50, F|100/100
|move|p1a: Garchomp|Earthquake|p2b: Corviknight|[spread] p2a
|-immune|p1b: Vivillon
|-immune|p2b: Corviknight
|-damage|p2a: Garchomp|57/100
|-damage|p1a: Garchomp|90/100|[from] item: Life Orb
|move|p1b: Vivillon|Sleep Powder|p2a: Garchomp
|-status|p2a: Garchomp|slp|[from] move: Sleep Powder
|cant|p2a: Garchomp|slp
|
|-weather|Sandstorm|[upkeep]
|-damage|p1b: Vivillon|94/100|[from] Sandstorm
|upkeep
|turn|2
|
|t:|1784768813
|move|p1a: Garchomp|Dragon Claw|p2a: Garchomp
|-supereffective|p2a: Garchomp|1
|-damage|p2a: Garchomp|0 fnt
|-damage|p1a: Garchomp|78/100|[from] ability: Rough Skin|[of] p2a: Garchomp
|faint|p2a: Garchomp
|-damage|p1a: Garchomp|68/100|[from] item: Life Orb
|move|p1b: Vivillon|Sleep Powder|p2b: Corviknight
|-status|p2b: Corviknight|slp|[from] move: Sleep Powder
|cant|p2b: Corviknight|slp
|
|-weather|Sandstorm|[upkeep]
|-damage|p1b: Vivillon|88/100|[from] Sandstorm
|upkeep
|
|t:|1784768827
|switch|p2a: Raichu|Raichu, L50, M|100/100
|turn|3
|
|t:|1784768851
|detailschange|p2a: Raichu|Raichu-Mega-Y, L50, M
|-mega|p2a: Raichu|Raichu|Raichunite Y
|move|p2a: Raichu|Focus Blast|p1a: Garchomp
|-damage|p1a: Garchomp|21/100
|-unboost|p1a: Garchomp|spd|1
|move|p1a: Garchomp|Earthquake|p2a: Raichu|[spread] p2a
|-immune|p1b: Vivillon
|-immune|p2b: Corviknight
|-supereffective|p2a: Raichu|1
|-damage|p2a: Raichu|0 fnt
|faint|p2a: Raichu
|-damage|p1a: Garchomp|11/100|[from] item: Life Orb
|move|p1b: Vivillon|Sleep Powder|p2b: Corviknight
|-fail|p2b: Corviknight|slp
|cant|p2b: Corviknight|slp
|
|-weather|Sandstorm|[upkeep]
|-damage|p1b: Vivillon|82/100|[from] Sandstorm
|upkeep
|
|t:|1784768864
|switch|p2a: Tyranitar|Tyranitar, L50, F|100/100
|turn|4
|
|t:|1784768875
|move|p2a: Tyranitar|Protect|p2a: Tyranitar
|-singleturn|p2a: Tyranitar|Protect
|move|p1a: Garchomp|Earthquake|p2b: Corviknight|[spread] 
|-activate|p2a: Tyranitar|move: Protect
|-immune|p1b: Vivillon
|-immune|p2b: Corviknight
|move|p1b: Vivillon|Sleep Powder|p2b: Corviknight
|-fail|p2b: Corviknight|slp
|-curestatus|p2b: Corviknight|slp|[msg]
|move|p2b: Corviknight|Tailwind|p2b: Corviknight
|-sidestart|p2: HADES055|move: Tailwind
|
|-weather|Sandstorm|[upkeep]
|-damage|p1b: Vivillon|77/100|[from] Sandstorm
|upkeep
|turn|5
|
|t:|1784768900
|move|p1b: Vivillon|Rage Powder|p1b: Vivillon
|-singleturn|p1b: Vivillon|move: Rage Powder
|move|p2a: Tyranitar|Rock Slide|p1a: Garchomp|[spread] p1a,p1b
|-resisted|p1a: Garchomp|1
|-supereffective|p1b: Vivillon|2
|-damage|p1a: Garchomp|0 fnt
|-damage|p1b: Vivillon|0 fnt
|faint|p1a: Garchomp
|faint|p1b: Vivillon
|move|p2b: Corviknight|Iron Head|p1: Garchomp|[notarget]
|-fail|p2b: Corviknight
|
|-weather|none
|upkeep
|
|t:|1784768911
|switch|p1a: Farigiraf|Farigiraf, L50, M|100/100
|switch|p1b: Raichu|Raichu, L50, M|100/100
|turn|6
|inactive|lemonancy has 30 seconds left.
|inactive|HADES055 has 30 seconds left.
|inactive|lemonancy has 20 seconds left.
|inactive|lemonancy has 15 seconds left.
|inactive|lemonancy has 10 seconds left.
|
|t:|1784768959
|detailschange|p1b: Raichu|Raichu-Mega-Y, L50, M
|-mega|p1b: Raichu|Raichu|Raichunite Y
|move|p1b: Raichu|Protect|p1b: Raichu
|-singleturn|p1b: Raichu|Protect
|move|p2a: Tyranitar|Knock Off|p1b: Raichu
|-activate|p1b: Raichu|move: Protect
|move|p2b: Corviknight|Brave Bird|p1b: Raichu
|-activate|p1b: Raichu|move: Protect
|move|p1a: Farigiraf|Thunderbolt|p2b: Corviknight
|-supereffective|p2b: Corviknight|1
|-damage|p2b: Corviknight|51/100
|
|-heal|p2b: Corviknight|57/100|[from] item: Leftovers
|upkeep
|turn|7
|j| Blizz.vg
|inactive|HADES055 has 30 seconds left.
|
|t:|1784768989
|move|p2a: Tyranitar|Superpower|p1b: Raichu
|-damage|p1b: Raichu|18/100
|-unboost|p2a: Tyranitar|atk|1
|-unboost|p2a: Tyranitar|def|1
|move|p2b: Corviknight|Brave Bird|p1b: Raichu
|-resisted|p1b: Raichu|1
|-damage|p1b: Raichu|0 fnt
|faint|p1b: Raichu
|-damage|p2b: Corviknight|52/100|[from] Recoil
|move|p1a: Farigiraf|Thunderbolt|p2b: Corviknight
|-supereffective|p2b: Corviknight|1
|-damage|p2b: Corviknight|0 fnt
|faint|p2b: Corviknight
|
|-sideend|p2: HADES055|move: Tailwind
|upkeep
|turn|8
|-message|lemonancy forfeited.
|
|win|HADES055
||HADES055 is ready for game 2.
||lemonancy is ready for game 2.
|uhtml|next|Next: Game 2 of 3
|l| Autin Mago
|l| magnetman210
|l| Lepotatochip
|j| dingle bong
|j| Lepotatochip
|l| dingle bong
