|j|☆girlschoicebandcry
|j|☆ajiooajioo
|html|girlschoicebandcryajiooajioo    
|uhtml|bestof|Game 2 of a best-of-3
|t:|1785099694
|gametype|doubles
|player|p1|girlschoicebandcry|beauty-gen6xy|1126
|player|p2|ajiooajioo|170|1038
|gen|9
|tier|[Gen 9 Champions] VGC 2026 Reg M-B (Bo3)
|rated|
|rule|Species Clause: Limit one of each Pokémon
|rule|Item Clause: Limit 1 of each item
|clearpoke
|poke|p1|Tyranitar, L50, F|
|poke|p1|Excadrill, L50, M|
|poke|p1|Milotic, L50, F|
|poke|p1|Sinistcha, L50|
|poke|p1|Staraptor, L50, M|
|poke|p1|Gholdengo, L50|
|poke|p2|Altaria, L50, F|
|poke|p2|Pyroar, L50, F|
|poke|p2|Floette-Eternal, L50, F|
|poke|p2|Kingambit, L50, M|
|poke|p2|Garchomp, L50, M|
|poke|p2|Basculegion, L50, M|
|teampreview|4
|showteam|p1|Tyranitar||Tyranitarite|SandStream|KnockOff,RockSlide,HighHorsepower,Protect|Jolly||F|||50|]Excadrill||FocusSash|SandRush|HighHorsepower,IronHead,RockSlide,Protect|Adamant||M|||50|]Milotic||SitrusBerry|Competitive|Scald,IcyWind,Haze,Protect|Calm||F|||50|]Sinistcha||ColburBerry|Hospitality|MatchaGotcha,ShadowBall,Protect,RagePowder|Bold|||||50|]Staraptor||Staraptite|Intimidate|CloseCombat,BraveBird,Tailwind,Protect|Jolly||M|||50|]Gholdengo||LifeOrb|GoodasGold|MakeItRain,ShadowBall,NastyPlot,Protect|Modest|||||50|
|showteam|p2|Altaria||HabanBerry|CloudNine|Protect,WillOWisp,Tailwind,HelpingHand|Calm||F|||50|]Pyroar||Pyroarite|Unnerve|HeatWave,Overheat,Protect,Flamethrower|Modest||F|||50|]Floette-Eternal||Floettite|FlowerVeil|LightofRuin,DazzlingGleam,Moonblast,Protect|Modest||F|||50|]Kingambit||FocusSash|Defiant|LowKick,IronHead,KowtowCleave,SuckerPunch|Adamant||M|||50|]Garchomp||LifeOrb|RoughSkin|Earthquake,DragonClaw,RockSlide,Protect|Jolly||M|||50|]Basculegion||MysticWater|Adaptability|WaveCrash,AquaJet,Protect,LastRespects|Adamant||M|||50|
|inactive|Battle timer is ON: inactive players will automatically lose when time's up. (requested by girlschoicebandcry)
|inactive|girlschoicebandcry has 60 seconds left.
|inactive|ajiooajioo has 60 seconds left.
|inactive|girlschoicebandcry has 30 seconds left.
|inactive|girlschoicebandcry has 20 seconds left.
|
|t:|1785099766
|teamsize|p1|4
|teamsize|p2|4
|start
|switch|p1a: Milotic|Milotic, L50, F|100/100
|switch|p1b: Gholdengo|Gholdengo, L50|100/100
|switch|p2a: Pyroar|Pyroar, L50, F|100/100
|switch|p2b: Kingambit|Kingambit, L50, M|100/100
|-ability|p2a: Pyroar|Unnerve
|turn|1
|inactive|ajiooajioo has 30 seconds left.
|inactive|girlschoicebandcry has 30 seconds left.
|
|t:|1785099802
|detailschange|p2a: Pyroar|Pyroar-Mega, L50, F
|-mega|p2a: Pyroar|Pyroar|Pyroarite
|move|p1b: Gholdengo|Protect|p1b: Gholdengo
|-singleturn|p1b: Gholdengo|Protect
|move|p2a: Pyroar|Flamethrower|p1a: Milotic
|-resisted|p1a: Milotic|1
|-damage|p1a: Milotic|74/100
|move|p1a: Milotic|Scald|p2a: Pyroar
|-supereffective|p2a: Pyroar|1
|-damage|p2a: Pyroar|39/100
|move|p2b: Kingambit|Kowtow Cleave|p1a: Milotic
|-damage|p1a: Milotic|24/100
|-enditem|p1a: Milotic|Sitrus Berry|[eat]
|-heal|p1a: Milotic|48/100|[from] item: Sitrus Berry
|
|upkeep
|turn|2
|inactive|girlschoicebandcry has 30 seconds left.
|
|t:|1785099836
|switch|p1b: Tyranitar|Tyranitar, L50, F|100/100
|-weather|Sandstorm|[from] ability: Sand Stream|[of] p1b: Tyranitar
|move|p2b: Kingambit|Sucker Punch||[still]
|-fail|p2b: Kingambit
|move|p2a: Pyroar|Overheat|p1a: Milotic
|-resisted|p1a: Milotic|1
|-damage|p1a: Milotic|12/100
|-unboost|p2a: Pyroar|spa|2
|move|p1a: Milotic|Scald|p2a: Pyroar
|-supereffective|p2a: Pyroar|1
|-damage|p2a: Pyroar|0 fnt
|faint|p2a: Pyroar
|
|-weather|Sandstorm|[upkeep]
|-damage|p1a: Milotic|6/100|[from] Sandstorm
|upkeep
|
|t:|1785099858
|switch|p2a: Altaria|Altaria, L50, F|100/100
|-ability|p2a: Altaria|Cloud Nine
|turn|3
|
|t:|1785099881
|switch|p1b: Staraptor|Staraptor, L50, M|100/100
|-ability|p1b: Staraptor|Intimidate|boost
|-unboost|p2a: Altaria|atk|1
|-unboost|p2b: Kingambit|atk|1
|-ability|p2b: Kingambit|Defiant|boost
|-boost|p2b: Kingambit|atk|2
|move|p2a: Altaria|Protect|p2a: Altaria
|-singleturn|p2a: Altaria|Protect
|move|p2b: Kingambit|Sucker Punch||[still]
|-fail|p2b: Kingambit
|move|p1a: Milotic|Haze|p1a: Milotic
|-clearallboost
|
|-weather|Sandstorm|[upkeep]
|upkeep
|turn|4
|inactive|girlschoicebandcry has 30 seconds left.
|
|t:|1785099909
|detailschange|p1b: Staraptor|Staraptor-Mega, L50, M
|-mega|p1b: Staraptor|Staraptor|Staraptite
|move|p2b: Kingambit|Sucker Punch|p1a: Milotic
|-damage|p1a: Milotic|0 fnt
|faint|p1a: Milotic
|move|p1b: Staraptor|Close Combat|p2b: Kingambit
|-supereffective|p2b: Kingambit|2
|-enditem|p2b: Kingambit|Focus Sash
|-damage|p2b: Kingambit|1/100
|-boost|p1b: Staraptor|def|1
|-boost|p1b: Staraptor|spd|1
|move|p2a: Altaria|Will-O-Wisp|p1b: Staraptor
|-status|p1b: Staraptor|brn
|
|-weather|Sandstorm|[upkeep]
|-damage|p1b: Staraptor|94/100 brn|[from] brn
|upkeep
|
|t:|1785099926
|switch|p1a: Tyranitar|Tyranitar, L50, F|100/100
|turn|5
|inactive|ajiooajioo has 30 seconds left.
|inactive|ajiooajioo has 20 seconds left.
|inactive|ajiooajioo has 15 seconds left.
|
|t:|1785099967
|move|p2a: Altaria|Protect|p2a: Altaria
|-singleturn|p2a: Altaria|Protect
|move|p2b: Kingambit|Sucker Punch|p1b: Staraptor
|-resisted|p1b: Staraptor|1
|-damage|p1b: Staraptor|81/100 brn
|move|p1b: Staraptor|Close Combat|p2b: Kingambit
|-supereffective|p2b: Kingambit|2
|-damage|p2b: Kingambit|0 fnt
|-boost|p1b: Staraptor|def|1
|-boost|p1b: Staraptor|spd|1
|faint|p2b: Kingambit
|move|p1a: Tyranitar|Knock Off|p2a: Altaria
|-activate|p2a: Altaria|move: Protect
|
|-weather|Sandstorm|[upkeep]
|-damage|p1b: Staraptor|75/100 brn|[from] brn
|upkeep
|
|t:|1785099983
|switch|p2b: Garchomp|Garchomp, L50, M|100/100
|turn|6
|
|t:|1785099995
|move|p2b: Garchomp|Protect|p2b: Garchomp
|-singleturn|p2b: Garchomp|Protect
|move|p1b: Staraptor|Tailwind|p1b: Staraptor
|-sidestart|p1: girlschoicebandcry|move: Tailwind
|move|p1a: Tyranitar|Knock Off|p2b: Garchomp
|-activate|p2b: Garchomp|move: Protect
|move|p2a: Altaria|Will-O-Wisp|p1a: Tyranitar|[miss]
|-miss|p2a: Altaria|p1a: Tyranitar
|
|-weather|none
|-damage|p1b: Staraptor|69/100 brn|[from] brn
|upkeep
|turn|7
|
|t:|1785100019
|move|p2a: Altaria|Helping Hand|p2b: Garchomp
|-singleturn|p2b: Garchomp|Helping Hand|[of] p2a: Altaria
|move|p1b: Staraptor|Close Combat|p2b: Garchomp
|-damage|p2b: Garchomp|72/100
|-boost|p1b: Staraptor|def|1
|-boost|p1b: Staraptor|spd|1
|-damage|p1b: Staraptor|57/100 brn|[from] ability: Rough Skin|[of] p2b: Garchomp
|move|p1a: Tyranitar|Knock Off|p2b: Garchomp
|-damage|p2b: Garchomp|27/100
|-damage|p1a: Tyranitar|87/100|[from] ability: Rough Skin|[of] p2b: Garchomp
|-enditem|p2b: Garchomp|Life Orb|[from] move: Knock Off|[of] p1a: Tyranitar
|move|p2b: Garchomp|Dragon Claw|p1b: Staraptor
|-damage|p1b: Staraptor|33/100 brn
|
|-damage|p1b: Staraptor|28/100 brn|[from] brn
|upkeep
|turn|8
|inactive|ajiooajioo has 30 seconds left.
|
|t:|1785100046
|move|p2b: Garchomp|Protect|p2b: Garchomp
|-singleturn|p2b: Garchomp|Protect
|move|p1b: Staraptor|Close Combat|p2b: Garchomp
|-activate|p2b: Garchomp|move: Protect
|move|p1a: Tyranitar|High Horsepower|p2b: Garchomp
|-activate|p2b: Garchomp|move: Protect
|move|p2a: Altaria|Tailwind|p2a: Altaria
|-sidestart|p2: ajiooajioo|move: Tailwind
|
|-damage|p1b: Staraptor|22/100 brn|[from] brn
|upkeep
|turn|9
|
|t:|1785100066
|move|p1b: Staraptor|Protect|p1b: Staraptor
|-singleturn|p1b: Staraptor|Protect
|move|p2b: Garchomp|Dragon Claw|p1b: Staraptor
|-activate|p1b: Staraptor|move: Protect
|move|p1a: Tyranitar|Knock Off|p2b: Garchomp
|-damage|p2b: Garchomp|0 fnt
|-damage|p1a: Tyranitar|75/100|[from] ability: Rough Skin|[of] p2b: Garchomp
|faint|p2b: Garchomp
|move|p2a: Altaria|Will-O-Wisp|p1a: Tyranitar
|-status|p1a: Tyranitar|brn
|
|-damage|p1b: Staraptor|16/100 brn|[from] brn
|-damage|p1a: Tyranitar|68/100 brn|[from] brn
|-sideend|p1: girlschoicebandcry|move: Tailwind
|upkeep
|turn|10
|
|t:|1785100083
|move|p2a: Altaria|Protect|p2a: Altaria
|-singleturn|p2a: Altaria|Protect
|move|p1b: Staraptor|Close Combat|p2a: Altaria
|-activate|p2a: Altaria|move: Protect
|move|p1a: Tyranitar|Rock Slide|p2a: Altaria
|-activate|p2a: Altaria|move: Protect
|
|-damage|p1b: Staraptor|10/100 brn|[from] brn
|-damage|p1a: Tyranitar|62/100 brn|[from] brn
|upkeep
|turn|11
|-message|ajiooajioo forfeited.
|raw|girlschoicebandcry's rating: 1126 → 1145(+19 for winning)
|raw|ajiooajioo's rating: 1038 → 1026(-12 for losing)
|
|win|girlschoicebandcry
