|j|☆gene takavic
|j|‽tskkds
|html|gene takavictskkds    
|uhtml|bestof|Game 1 of a best-of-3
|t:|1756354563
|gametype|doubles
|player|p1|gene takavic|pryce|1082
|player|p2|tskkds|unknownf|1140
|gen|9
|tier|[Gen 9] VGC 2025 Reg H (Bo3)
|rated|
|rule|Species Clause: Limit one of each Pokémon
|rule|Item Clause: Limit 1 of each item
|clearpoke
|poke|p1|Charizard, L50, M|
|poke|p1|Torkoal, L50, F|
|poke|p1|Porygon2, L50|
|poke|p1|Incineroar, L50, F|
|poke|p1|Jumpluff, L50, F|
|poke|p1|Ursaluna, L50, F|
|poke|p2|Ninetales-Alola, L50, F|
|poke|p2|Ursaluna-Bloodmoon, L50, M|
|poke|p2|Maushold-Four, L50|
|poke|p2|Annihilape, L50, F|
|poke|p2|Klefki, L50, M|
|poke|p2|Sinistcha-Masterpiece, L50|
|teampreview|4
|showteam|p1|Charizard||ChoiceSpecs|SolarPower|HeatWave,Overheat,WeatherBall,AirSlash|||M|||50|,,,,,Ghost]Torkoal||EjectPack|Drought|Eruption,Overheat,HelpingHand,Protect|||F|||50|,,,,,Fire]Porygon2||Eviolite|Download|TeraBlast,IceBeam,Recover,TrickRoom||||||50|,,,,,Fighting]Incineroar||SitrusBerry|Intimidate|FlareBlitz,KnockOff,FakeOut,PartingShot|||F|||50|,,,,,Ghost]Jumpluff||CovertCloak|Chlorophyll|SleepPowder,SunnyDay,RagePowder,Tailwind|||F|||50|,,,,,Water]Ursaluna||FlameOrb|Guts|HeadlongRush,Facade,Earthquake,Protect|||F|||50|,,,,,Ghost
|showteam|p2|Ninetales-Alola||FocusSash|SnowWarning|Blizzard,FreezeDry,Encore,Protect|||F|||50|,,,,,Ghost]Ursaluna-Bloodmoon||AssaultVest|MindsEye|BloodMoon,EarthPower,HyperVoice,VacuumWave|||M|||50|,,,,,Water]Maushold-Four||SafetyGoggles|FriendGuard|BeatUp,Taunt,FollowMe,Protect||||||50|,,,,,Ghost]Annihilape||Leftovers|Defiant|DrainPunch,RageFist,BulkUp,Protect|||F|||50|,,,,,Fire]Klefki||LightClay|Prankster|DazzlingGleam,Reflect,LightScreen,MistyTerrain|||M|||50|,,,,,Ghost]Sinistcha-Masterpiece||SitrusBerry|Hospitality|MatchaGotcha,RagePowder,LifeDew,TrickRoom||||||50|,,,,,Water
|inactive|Battle timer is ON: inactive players will automatically lose when time's up. (requested by gene takavic)
|inactive|gene takavic has 60 seconds left.
|inactive|tskkds has 60 seconds left.
|
|t:|1756354600
|teamsize|p1|4
|teamsize|p2|4
|start
|switch|p1a: Charizard|Charizard, L50, M|100/100
|switch|p1b: Ursaluna|Ursaluna, L50, F|100/100
|switch|p2a: Maushold|Maushold-Four, L50|100/100
|switch|p2b: Annihilape|Annihilape, L50, F|100/100
|turn|1
|
|t:|1756354623
|switch|p1b: Torkoal|Torkoal, L50, F|100/100
|-weather|SunnyDay|[from] ability: Drought|[of] p1b: Torkoal
|move|p1a: Charizard|Heat Wave|p2a: Maushold|[spread] p2a,p2b
|-damage|p2a: Maushold|0 fnt
|-damage|p2b: Annihilape|30/100
|faint|p2a: Maushold
|move|p2b: Annihilape|Rage Fist|p1a: Charizard
|-damage|p1a: Charizard|39/100
|
|-weather|SunnyDay|[upkeep]
|-damage|p1a: Charizard|27/100|[from] ability: Solar Power|[of] p1a: Charizard
|-heal|p2b: Annihilape|36/100|[from] item: Leftovers
|upkeep
|
|t:|1756354636
|switch|p2a: Ninetales|Ninetales-Alola, L50, F|100/100
|-weather|Snowscape|[from] ability: Snow Warning|[of] p2a: Ninetales
|turn|2
|inactive|gene takavic has 30 seconds left.
|
|t:|1756354664
|switch|p1a: Incineroar|Incineroar, L50, F|100/100
|-ability|p1a: Incineroar|Intimidate|boost
|-unboost|p2a: Ninetales|atk|1
|-unboost|p2b: Annihilape|atk|1
|-ability|p2b: Annihilape|Defiant|boost
|-boost|p2b: Annihilape|atk|2
|-terastallize|p2b: Annihilape|Fire
|move|p2a: Ninetales|Freeze-Dry|p1b: Torkoal
|-resisted|p1b: Torkoal
|-damage|p1b: Torkoal|84/100
|move|p2b: Annihilape|Rage Fist|p1b: Torkoal
|-damage|p1b: Torkoal|37/100
|move|p1b: Torkoal|Overheat|p2b: Annihilape|[miss]
|-miss|p1b: Torkoal|p2b: Annihilape
|
|-weather|Snowscape|[upkeep]
|-heal|p2b: Annihilape|42/100|[from] item: Leftovers
|upkeep
|turn|3
|inactive|tskkds has 30 seconds left.
|inactive|tskkds has 20 seconds left.
|
|t:|1756354703
|switch|p2a: Ursaluna|Ursaluna-Bloodmoon, L50, M|100/100
|move|p1a: Incineroar|Fake Out|p2b: Annihilape
|-damage|p2b: Annihilape|31/100
|cant|p2b: Annihilape|flinch
|move|p1b: Torkoal|Overheat|p2a: Ursaluna|[miss]
|-miss|p1b: Torkoal|p2a: Ursaluna
|
|-weather|Snowscape|[upkeep]
|-heal|p2b: Annihilape|37/100|[from] item: Leftovers
|upkeep
|turn|4
|c|☆gene takavic|...
|inactive|gene takavic has 30 seconds left.
|
|t:|1756354731
|-terastallize|p1a: Incineroar|Ghost
|move|p2b: Annihilape|Drain Punch|p1a: Incineroar
|-immune|p1a: Incineroar
|move|p1a: Incineroar|Flare Blitz|p2b: Annihilape
|-resisted|p2b: Annihilape
|-damage|p2b: Annihilape|11/100
|-damage|p1a: Incineroar|92/100|[from] Recoil
|move|p2a: Ursaluna|Hyper Voice|p1b: Torkoal|[spread] p1a,p1b
|-damage|p1a: Incineroar|57/100
|-damage|p1b: Torkoal|0 fnt
|faint|p1b: Torkoal
|
|-weather|Snowscape|[upkeep]
|-heal|p2b: Annihilape|17/100|[from] item: Leftovers
|upkeep
|
|t:|1756354737
|switch|p1b: Charizard|Charizard, L50, M|27/100
|turn|5
|
|t:|1756354755
|move|p2b: Annihilape|Protect|p2b: Annihilape
|-singleturn|p2b: Annihilape|Protect
|move|p1b: Charizard|Heat Wave|p2b: Annihilape|[spread] p2a
|-activate|p2b: Annihilape|move: Protect
|-damage|p2a: Ursaluna|70/100
|move|p1a: Incineroar|Knock Off|p2a: Ursaluna
|-damage|p2a: Ursaluna|37/100
|-enditem|p2a: Ursaluna|Assault Vest|[from] move: Knock Off|[of] p1a: Incineroar
|move|p2a: Ursaluna|Hyper Voice|p1b: Charizard|[spread] p1a,p1b
|-damage|p1a: Incineroar|23/100
|-damage|p1b: Charizard|0 fnt
|-enditem|p1a: Incineroar|Sitrus Berry|[eat]
|-heal|p1a: Incineroar|48/100|[from] item: Sitrus Berry
|faint|p1b: Charizard
|
|-weather|Snowscape|[upkeep]
|-heal|p2b: Annihilape|23/100|[from] item: Leftovers
|upkeep
|
|t:|1756354760
|switch|p1b: Ursaluna|Ursaluna, L50, F|100/100
|turn|6
|
|t:|1756354772
|move|p2b: Annihilape|Rage Fist|p1a: Incineroar
|-supereffective|p1a: Incineroar
|-damage|p1a: Incineroar|0 fnt
|faint|p1a: Incineroar
|move|p1b: Ursaluna|Earthquake|p2a: Ursaluna|[spread] p2a,p2b
|-supereffective|p2b: Annihilape
|-damage|p2a: Ursaluna|3/100
|-damage|p2b: Annihilape|0 fnt
|faint|p2b: Annihilape
|move|p2a: Ursaluna|Blood Moon|p1b: Ursaluna
|-damage|p1b: Ursaluna|29/100
|
|-weather|none
|-status|p1b: Ursaluna|brn|[from] item: Flame Orb
|upkeep
|
|t:|1756354775
|switch|p2b: Ninetales|Ninetales-Alola, L50, F|100/100
|-weather|Snowscape|[from] ability: Snow Warning|[of] p2b: Ninetales
|turn|7
|
|t:|1756354778
|move|p2b: Ninetales|Blizzard|p1b: Ursaluna
|-supereffective|p1b: Ursaluna
|-damage|p1b: Ursaluna|0 fnt
|faint|p1b: Ursaluna
|
|win|tskkds
||gene takavic is ready for game 2.
||tskkds is ready for game 2.
|uhtml|next|Next: Game 2 of 3
