|j|☆Guagua43
|j|☆SeanClubcardcoach
|html|Guagua43SeanClubcardcoach    
|uhtml|bestof|Game 3 of a best-of-3
|t:|1754670154
|gametype|doubles
|player|p1|Guagua43|101|1219
|player|p2|SeanClubcardcoach|alder|1259
|gen|9
|tier|[Gen 9] VGC 2025 Reg H (Bo3)
|rated|
|rule|Species Clause: Limit one of each Pokémon
|rule|Item Clause: Limit 1 of each item
|clearpoke
|poke|p1|Kingambit, L50, M|
|poke|p1|Primarina, L50, F|
|poke|p1|Sneasler, L50, F|
|poke|p1|Magmar, L50, M|
|poke|p1|Rillaboom, L50, F|
|poke|p1|Dragapult, L50, F|
|poke|p2|Tyranitar, L50, M|
|poke|p2|Kommo-o, L50, M|
|poke|p2|Rillaboom, L50, F|
|poke|p2|Volcarona, L50, M|
|poke|p2|Whimsicott, L50, F|
|poke|p2|Palafin, L50, F|
|teampreview|4
|showteam|p1|Kingambit||BlackGlasses|Defiant|KowtowCleave,SuckerPunch,SwordsDance,Protect|||M|||50|,,,,,Dark]Primarina||SitrusBerry|LiquidVoice|HyperVoice,Moonblast,Haze,Protect|||F|||50|,,,,,Poison]Sneasler||FocusSash|PoisonTouch|CloseCombat,DireClaw,FakeOut,Protect|||F|||50|,,,,,Ghost]Magmar||Eviolite|VitalSpirit|Overheat,WillOWisp,FollowMe,Protect|||M|||50|,,,,,Ghost]Rillaboom||AssaultVest|GrassySurge|WoodHammer,GrassyGlide,HighHorsepower,FakeOut|||F|||50|,,,,,Fire]Dragapult||ChoiceBand|ClearBody|DragonDarts,PhantomForce,Outrage,Uturn|||F|||50|,,,,,Dragon
|showteam|p2|Tyranitar||AssaultVest|SandStream|KnockOff,RockSlide,LowKick,TeraBlast|||M|||50|,,,,,Flying]Kommo-o||ChoiceSpecs|Overcoat|ClangingScales,AuraSphere,Flamethrower,DracoMeteor|||M|||50|,,,,,Fire]Rillaboom||MiracleSeed|GrassySurge|Protect,WoodHammer,GrassyGlide,FakeOut|||F|||50|,,,,,Grass]Volcarona||GrassySeed|FlameBody|Protect,RagePowder,WillOWisp,HeatWave|||M|||50|,,,,,Dragon]Whimsicott||CovertCloak|Prankster|Tailwind,Moonblast,Encore,FakeTears|||F|||50|,,,,,Fire]Palafin||MysticWater|ZerotoHero|WaveCrash,JetPunch,Haze,Protect|||F|||50|,,,,,Water
|inactive|Battle timer is ON: inactive players will automatically lose when time's up. (requested by SeanClubcardcoach)
|
|t:|1754670172
|teamsize|p1|4
|teamsize|p2|4
|start
|switch|p1a: Sneasler|Sneasler, L50, F|100/100
|switch|p1b: Dragapult|Dragapult, L50, F|100/100
|switch|p2a: Whimsicott|Whimsicott, L50, F|100/100
|switch|p2b: Palafin|Palafin, L50, F|100/100
|turn|1
|
|t:|1754670195
|detailschange|p2b: Palafin|Palafin-Hero, L50, F
|switch|p2b: Tyranitar|Tyranitar, L50, M|100/100
|-weather|Sandstorm|[from] ability: Sand Stream|[of] p2b: Tyranitar
|move|p2a: Whimsicott|Tailwind|p2a: Whimsicott
|-sidestart|p2: SeanClubcardcoach|move: Tailwind
|move|p1b: Dragapult|Dragon Darts|p2b: Tyranitar
|-damage|p2b: Tyranitar|69/100
|-anim|p1b: Dragapult|Dragon Darts|p2b: Tyranitar
|-damage|p2b: Tyranitar|39/100
|move|p1a: Sneasler|Dire Claw|p2a: Whimsicott
|-supereffective|p2a: Whimsicott
|-damage|p2a: Whimsicott|0 fnt
|faint|p2a: Whimsicott
|
|-weather|Sandstorm|[upkeep]
|-damage|p1b: Dragapult|94/100|[from] Sandstorm
|-damage|p1a: Sneasler|95/100|[from] Sandstorm
|upkeep
|
|t:|1754670211
|switch|p2a: Palafin|Palafin-Hero, L50, F|100/100
|-activate|p2a: Palafin|ability: Zero to Hero
|turn|2
|
|t:|1754670229
|switch|p1a: Primarina|Primarina, L50, F|100/100
|-terastallize|p2a: Palafin|Water
|move|p2a: Palafin|Jet Punch|p1a: Primarina
|-resisted|p1a: Primarina
|-crit|p1a: Primarina
|-damage|p1a: Primarina|53/100
|move|p1b: Dragapult|Dragon Darts|p2b: Tyranitar
|-damage|p2b: Tyranitar|8/100
|-anim|p1b: Dragapult|Dragon Darts|p2a: Palafin
|-damage|p2a: Palafin|54/100
|move|p2b: Tyranitar|Knock Off|p1b: Dragapult
|-supereffective|p1b: Dragapult
|-damage|p1b: Dragapult|0 fnt
|-enditem|p1b: Dragapult|Choice Band|[from] move: Knock Off|[of] p2b: Tyranitar
|faint|p1b: Dragapult
|
|-weather|Sandstorm|[upkeep]
|-damage|p2a: Palafin|48/100|[from] Sandstorm
|-damage|p1a: Primarina|47/100|[from] Sandstorm
|-enditem|p1a: Primarina|Sitrus Berry|[eat]
|-heal|p1a: Primarina|72/100|[from] item: Sitrus Berry
|upkeep
|
|t:|1754670243
|switch|p1b: Sneasler|Sneasler, L50, F|95/100
|turn|3
|
|t:|1754670264
|move|p2a: Palafin|Protect|p2a: Palafin
|-singleturn|p2a: Palafin|Protect
|move|p1b: Sneasler|Fake Out|p2b: Tyranitar
|-resisted|p2b: Tyranitar
|-damage|p2b: Tyranitar|2/100
|cant|p2b: Tyranitar|flinch
|move|p1a: Primarina|Moonblast|p2a: Palafin
|-activate|p2a: Palafin|move: Protect
|
|-weather|Sandstorm|[upkeep]
|-damage|p2a: Palafin|43/100|[from] Sandstorm
|-damage|p1b: Sneasler|89/100|[from] Sandstorm
|-damage|p1a: Primarina|66/100|[from] Sandstorm
|upkeep
|turn|4
|inactive|SeanClubcardcoach has 30 seconds left.
|
|t:|1754670293
|move|p1b: Sneasler|Protect|p1b: Sneasler
|-singleturn|p1b: Sneasler|Protect
|move|p1a: Primarina|Protect|p1a: Primarina
|-singleturn|p1a: Primarina|Protect
|move|p2a: Palafin|Jet Punch|p1b: Sneasler
|-activate|p1b: Sneasler|move: Protect
|move|p2b: Tyranitar|Rock Slide|p1a: Primarina|[spread] 
|-activate|p1a: Primarina|move: Protect
|-activate|p1b: Sneasler|move: Protect
|
|-weather|Sandstorm|[upkeep]
|-damage|p2a: Palafin|37/100|[from] Sandstorm
|-damage|p1b: Sneasler|83/100|[from] Sandstorm
|-damage|p1a: Primarina|60/100|[from] Sandstorm
|-sideend|p2: SeanClubcardcoach|move: Tailwind
|upkeep
|turn|5
|
|t:|1754670308
|move|p2a: Palafin|Protect|p2a: Palafin
|-singleturn|p2a: Palafin|Protect
|move|p1b: Sneasler|Dire Claw|p2b: Tyranitar
|-resisted|p2b: Tyranitar
|-damage|p2b: Tyranitar|0 fnt
|faint|p2b: Tyranitar
|move|p1a: Primarina|Hyper Voice|p2a: Palafin
|-activate|p2a: Palafin|move: Protect
|
|-weather|none
|upkeep
|
|t:|1754670313
|switch|p2b: Rillaboom|Rillaboom, L50, F, shiny|100/100
|-fieldstart|move: Grassy Terrain|[from] ability: Grassy Surge|[of] p2b: Rillaboom
|turn|6
|
|t:|1754670319
|move|p1b: Sneasler|Protect|p1b: Sneasler
|-singleturn|p1b: Sneasler|Protect
|move|p1a: Primarina|Protect|p1a: Primarina
|-singleturn|p1a: Primarina|Protect
|move|p2b: Rillaboom|Fake Out|p1a: Primarina
|-activate|p1a: Primarina|move: Protect
|move|p2a: Palafin|Jet Punch|p1b: Sneasler
|-activate|p1b: Sneasler|move: Protect
|
|-heal|p1b: Sneasler|89/100|[from] Grassy Terrain
|-heal|p2a: Palafin|43/100|[from] Grassy Terrain
|-heal|p1a: Primarina|66/100|[from] Grassy Terrain
|upkeep
|turn|7
|
|t:|1754670339
|-terastallize|p1a: Primarina|Poison
|move|p2a: Palafin|Jet Punch|p1b: Sneasler
|-damage|p1b: Sneasler|0 fnt
|faint|p1b: Sneasler
|move|p2b: Rillaboom|Wood Hammer|p1a: Primarina
|-resisted|p1a: Primarina
|-damage|p1a: Primarina|18/100
|-damage|p2b: Rillaboom|86/100|[from] Recoil
|move|p1a: Primarina|Moonblast|p2a: Palafin
|-damage|p2a: Palafin|0 fnt
|faint|p2a: Palafin
|
|-heal|p2b: Rillaboom|92/100|[from] Grassy Terrain
|-heal|p1a: Primarina|24/100|[from] Grassy Terrain
|upkeep
|
|t:|1754670343
|switch|p1b: Magmar|Magmar, L50, M|100/100
|turn|8
|
|t:|1754670348
|move|p1a: Primarina|Protect|p1a: Primarina
|-singleturn|p1a: Primarina|Protect
|move|p1b: Magmar|Will-O-Wisp|p2b: Rillaboom
|-status|p2b: Rillaboom|brn
|move|p2b: Rillaboom|Wood Hammer|p1a: Primarina
|-activate|p1a: Primarina|move: Protect
|
|-heal|p2b: Rillaboom|98/100 brn|[from] Grassy Terrain
|-heal|p1a: Primarina|30/100|[from] Grassy Terrain
|-damage|p2b: Rillaboom|92/100 brn|[from] brn
|upkeep
|turn|9
|
|t:|1754670357
|move|p1b: Magmar|Follow Me|p1b: Magmar
|-singleturn|p1b: Magmar|move: Follow Me
|move|p2b: Rillaboom|Wood Hammer|p1b: Magmar
|-resisted|p1b: Magmar
|-damage|p1b: Magmar|81/100
|-damage|p2b: Rillaboom|87/100 brn|[from] Recoil
|move|p1a: Primarina|Moonblast|p2b: Rillaboom
|-damage|p2b: Rillaboom|35/100 brn
|
|-heal|p1b: Magmar|87/100|[from] Grassy Terrain
|-heal|p2b: Rillaboom|41/100 brn|[from] Grassy Terrain
|-heal|p1a: Primarina|36/100|[from] Grassy Terrain
|-damage|p2b: Rillaboom|35/100 brn|[from] brn
|upkeep
|turn|10
|
|t:|1754670364
|move|p1b: Magmar|Follow Me|p1b: Magmar
|-singleturn|p1b: Magmar|move: Follow Me
|move|p2b: Rillaboom|Wood Hammer|p1b: Magmar
|-resisted|p1b: Magmar
|-damage|p1b: Magmar|66/100
|-damage|p2b: Rillaboom|29/100 brn|[from] Recoil
|move|p1a: Primarina|Moonblast|p2b: Rillaboom
|-damage|p2b: Rillaboom|0 fnt
|faint|p2b: Rillaboom
|
|win|Guagua43
|raw|Guagua43's rating: 1219 → 1247(+28 for winning)
|raw|SeanClubcardcoach's rating: 1259 → 1231(-28 for losing)
