|j|☆ggttmmhh
|j|☆123something
|html|ggttmmhh123something    
|uhtml|bestof|Game 2 of a best-of-3
|t:|1755657597
|gametype|doubles
|player|p1|ggttmmhh|266|1207
|player|p2|123something|101|1254
|gen|9
|tier|[Gen 9] VGC 2025 Reg H (Bo3)
|rated|
|rule|Species Clause: Limit one of each Pokémon
|rule|Item Clause: Limit 1 of each item
|clearpoke
|poke|p1|Annihilape, L50, M|
|poke|p1|Dragonite, L50, M|
|poke|p1|Gholdengo, L50|
|poke|p1|Porygon2, L50|
|poke|p1|Ursaluna, L50, F|
|poke|p1|Incineroar, L50, M|
|poke|p2|Sneasler, L50, F|
|poke|p2|Indeedee, L50, M|
|poke|p2|Volcarona, L50, M|
|poke|p2|Ursaluna-Bloodmoon, L50, M|
|poke|p2|Annihilape, L50, F|
|poke|p2|Tyranitar, L50, M|
|teampreview|4
|showteam|p1|Annihilape||FocusSash|Defiant|RageFist,CloseCombat,Coaching,FinalGambit|||M|||50|,,,,,Stellar]Dragonite||LoadedDice|Multiscale|ScaleShot,Haze,Tailwind,Protect|||M|||50|,,,,,Fairy]Gholdengo||LifeOrb|GoodasGold|ShadowBall,MakeItRain,NastyPlot,Protect||||||50|,,,,,Water]Porygon2||Eviolite|Download|IceBeam,TeraBlast,Recover,TrickRoom||||||50|,,,,,Fighting]Ursaluna||FlameOrb|Guts|Facade,Earthquake,HeadlongRush,Protect|||F|||50|,,,,,Ghost]Incineroar||SafetyGoggles|Intimidate|FakeOut,KnockOff,FlareBlitz,PartingShot|||M|||50|,,,,,Ghost
|showteam|p2|Sneasler||PsychicSeed|Unburden|CloseCombat,DireClaw,ThroatChop,Protect|||F|||50|,,,,,Dark]Indeedee||ChoiceScarf|PsychicSurge|ExpandingForce,TeraBlast,Trick,Protect|||M|||50|,,,,,Psychic]Volcarona||SitrusBerry|FlameBody|Overheat,StruggleBug,RagePowder,Tailwind|||M|||50|,,,,,Grass]Ursaluna-Bloodmoon||LifeOrb|MindsEye|BloodMoon,HyperVoice,EarthPower,Protect|||M|||50|,,,,,Normal]Annihilape||SafetyGoggles|Defiant|CloseCombat,RageFist,Taunt,FinalGambit|||F|||50|,,,,,Fairy]Tyranitar||AssaultVest|SandStream|RockSlide,KnockOff,TeraBlast,LowKick|||M|||50|,,,,,Flying
|j| teamthief420
|j| Champion Cazperz
|l| Champion Cazperz
|inactive|Battle timer is ON: inactive players will automatically lose when time's up. (requested by ggttmmhh)
|
|t:|1755657625
|teamsize|p1|4
|teamsize|p2|4
|start
|switch|p1a: Dragonite|Dragonite, L50, M|100/100
|switch|p1b: Incineroar|Incineroar, L50, M|100/100
|switch|p2a: Annihilape|Annihilape, L50, F|100/100
|switch|p2b: Ursaluna|Ursaluna-Bloodmoon, L50, M|100/100
|-ability|p1b: Incineroar|Intimidate|boost
|-unboost|p2a: Annihilape|atk|1
|-ability|p2a: Annihilape|Defiant|boost
|-boost|p2a: Annihilape|atk|2
|-unboost|p2b: Ursaluna|atk|1
|turn|1
|inactive|ggttmmhh has 30 seconds left.
|
|t:|1755657653
|move|p2b: Ursaluna|Protect|p2b: Ursaluna
|-singleturn|p2b: Ursaluna|Protect
|move|p1b: Incineroar|Fake Out|p2b: Ursaluna
|-activate|p2b: Ursaluna|move: Protect
|move|p2a: Annihilape|Rage Fist|p1a: Dragonite
|-damage|p1a: Dragonite|84/100
|move|p1a: Dragonite|Tailwind|p1a: Dragonite
|-sidestart|p1: ggttmmhh|move: Tailwind
|
|upkeep
|turn|2
|inactive|123something has 30 seconds left.
|inactive|123something has 20 seconds left.
|inactive|123something has 15 seconds left.
|
|t:|1755657693
|-terastallize|p2a: Annihilape|Fairy
|move|p1a: Dragonite|Scale Shot|p2b: Ursaluna
|-damage|p2b: Ursaluna|87/100
|-damage|p2b: Ursaluna|74/100
|-damage|p2b: Ursaluna|61/100
|-damage|p2b: Ursaluna|48/100
|-damage|p2b: Ursaluna|35/100
|-hitcount|p2b: Ursaluna|5
|-unboost|p1a: Dragonite|def|1
|-boost|p1a: Dragonite|spe|1
|move|p1b: Incineroar|Flare Blitz|p2b: Ursaluna
|-damage|p2b: Ursaluna|0 fnt
|faint|p2b: Ursaluna
|-damage|p1b: Incineroar|90/100|[from] Recoil
|move|p2a: Annihilape|Close Combat|p1b: Incineroar
|-supereffective|p1b: Incineroar
|-damage|p1b: Incineroar|0 fnt
|-unboost|p2a: Annihilape|def|1
|-unboost|p2a: Annihilape|spd|1
|faint|p1b: Incineroar
|
|upkeep
|
|t:|1755657712
|switch|p2b: Volcarona|Volcarona, L50, M|100/100
|switch|p1b: Gholdengo|Gholdengo, L50|100/100
|turn|3
|
|t:|1755657726
|switch|p2a: Sneasler|Sneasler, L50, F|100/100
|move|p1a: Dragonite|Scale Shot|p2b: Volcarona
|-damage|p2b: Volcarona|80/100
|-damage|p2b: Volcarona|62/100
|-damage|p2b: Volcarona|42/100
|-enditem|p2b: Volcarona|Sitrus Berry|[eat]
|-heal|p2b: Volcarona|67/100|[from] item: Sitrus Berry
|-damage|p2b: Volcarona|50/100
|-hitcount|p2b: Volcarona|4
|-unboost|p1a: Dragonite|def|1
|-boost|p1a: Dragonite|spe|1
|move|p1b: Gholdengo|Make It Rain|p2a: Sneasler|[spread] p2a,p2b
|-resisted|p2b: Volcarona
|-damage|p2a: Sneasler|8/100
|-damage|p2b: Volcarona|23/100
|-unboost|p1b: Gholdengo|spa|1
|-damage|p1b: Gholdengo|91/100|[from] item: Life Orb
|move|p2b: Volcarona|Tailwind|p2b: Volcarona
|-sidestart|p2: 123something|move: Tailwind
|
|upkeep
|turn|4
|inactive|ggttmmhh has 30 seconds left.
|
|t:|1755657751
|move|p2b: Volcarona|Rage Powder|p2b: Volcarona
|-singleturn|p2b: Volcarona|move: Rage Powder
|move|p1a: Dragonite|Scale Shot|p2b: Volcarona
|-damage|p2b: Volcarona|3/100
|-damage|p2b: Volcarona|0 fnt
|faint|p2b: Volcarona
|-hitcount|p2: Volcarona|2
|-unboost|p1a: Dragonite|def|1
|-boost|p1a: Dragonite|spe|1
|move|p2a: Sneasler|Dire Claw|p1a: Dragonite
|-damage|p1a: Dragonite|0 fnt
|faint|p1a: Dragonite
|move|p1b: Gholdengo|Make It Rain|p2a: Sneasler
|-damage|p2a: Sneasler|0 fnt
|-unboost|p1b: Gholdengo|spa|1
|faint|p2a: Sneasler
|-damage|p1b: Gholdengo|81/100|[from] item: Life Orb
|
|-sideend|p1: ggttmmhh|move: Tailwind
|upkeep
|
|t:|1755657757
|switch|p2b: Annihilape|Annihilape, L50, F, tera:Fairy|100/100
|switch|p1a: Ursaluna|Ursaluna, L50, F|100/100
|turn|5
|
|t:|1755657767
|move|p1b: Gholdengo|Protect|p1b: Gholdengo
|-singleturn|p1b: Gholdengo|Protect
|move|p1a: Ursaluna|Protect|p1a: Ursaluna
|-singleturn|p1a: Ursaluna|Protect
|move|p2b: Annihilape|Close Combat|p1a: Ursaluna
|-activate|p1a: Ursaluna|move: Protect
|
|-status|p1a: Ursaluna|brn|[from] item: Flame Orb
|upkeep
|turn|6
|
|t:|1755657775
|-terastallize|p1a: Ursaluna|Ghost
|move|p2b: Annihilape|Close Combat|p1a: Ursaluna
|-immune|p1a: Ursaluna
|move|p1b: Gholdengo|Make It Rain|p2b: Annihilape
|-supereffective|p2b: Annihilape
|-damage|p2b: Annihilape|21/100
|-unboost|p1b: Gholdengo|spa|1
|-damage|p1b: Gholdengo|71/100|[from] item: Life Orb
|move|p1a: Ursaluna|Facade|p2b: Annihilape
|-damage|p2b: Annihilape|0 fnt
|faint|p2b: Annihilape
|
|win|ggttmmhh
|raw|ggttmmhh's rating: 1207 → 1235(+28 for winning)
|raw|123something's rating: 1254 → 1226(-28 for losing)
|l|☆ggttmmhh
|player|p1|
|l| teamthief420
