|j|☆ThatGualaKid
|j|☆Kiwi_33
|html|ThatGualaKidKiwi_33    
|uhtml|bestof|Game 1 of a best-of-3
|t:|1785952453
|gametype|doubles
|player|p1|ThatGualaKid|101|
|player|p2|Kiwi_33|gambler|
|gen|9
|tier|[Gen 9 Champions] VGC 2026 Reg M-B (Bo3)
|rule|Species Clause: Limit one of each Pokémon
|rule|Item Clause: Limit 1 of each item
|clearpoke
|poke|p1|Gardevoir, L50, F|
|poke|p1|Metagross, L50|
|poke|p1|Whimsicott, L50, M|
|poke|p1|Kingambit, L50, M|
|poke|p1|Jolteon, L50, F|
|poke|p1|Sableye, L50, F|
|poke|p2|Talonflame, L50, F|
|poke|p2|Raichu, L50, M|
|poke|p2|Garchomp, L50, M|
|poke|p2|Rotom-Wash, L50|
|poke|p2|Roserade, L50, F|
|poke|p2|Aurorus, L50, M|
|teampreview|4
|showteam|p1|Gardevoir||Gardevoirite|Trace|HyperVoice,Psychic,Thunderbolt,Protect|Timid||F|||50|]Metagross||Metagrossite|ClearBody|IronHead,StompingTantrum,IcePunch,Protect|Jolly|||||50|]Whimsicott||FocusSash|Prankster|Moonblast,Tailwind,Encore,Protect|Timid||M|||50|]Kingambit||LifeOrb|Defiant|KowtowCleave,SuckerPunch,IronHead,Protect|Adamant||M|||50|]Jolteon||ShucaBerry|VoltAbsorb|Thunderbolt,AlluringVoice,Electroweb,Protect|Timid||F|||50|]Sableye||Sablenite|Prankster|FakeOut,Encore,Quash,Taunt|Careful||F|||50|
|showteam|p2|Talonflame||FocusSash|GaleWings|Tailwind,DualWingbeat,WillOWisp,QuickGuard|Jolly||F|||50|]Raichu||RaichuniteY|LightningRod|ZapCannon,FocusBlast,FakeOut,Protect|Timid||M|||50|]Garchomp||RoseliBerry|RoughSkin|Earthquake,StompingTantrum,PoisonJab,Protect|Jolly||M|||50|]Rotom-Wash||ChoiceScarf|Levitate|HydroPump,Thunderbolt,ShadowBall,Trick|Modest|||||50|]Roserade||PayapaBerry|PoisonPoint|SleepPowder,WorrySeed,SludgeBomb,Spikes|Modest||F|||50|]Aurorus||BabiriBerry|SnowWarning|AuroraVeil,Blizzard,Haze,Protect|Modest||M|||50|
|inactive|Battle timer is ON: inactive players will automatically lose when time's up. (requested by Kiwi_33)
|inactive|ThatGualaKid has 60 seconds left.
|inactive|Kiwi_33 has 60 seconds left.
|c|☆ThatGualaKid|glhf
|inactive|Kiwi_33 has 30 seconds left.
|c|☆Kiwi_33|u2
|inactive|Kiwi_33 has 20 seconds left.
|inactive|Kiwi_33 has 15 seconds left.
|inactive|Kiwi_33 has 10 seconds left.
|
|t:|1785952536
|teamsize|p1|4
|teamsize|p2|4
|start
|switch|p1a: Metagross|Metagross, L50|100/100
|switch|p1b: Sableye|Sableye, L50, F|100/100
|switch|p2a: Talonflame|Talonflame, L50, F|100/100
|switch|p2b: Raichu|Raichu, L50, M|100/100
|turn|1
|inactive|ThatGualaKid has 30 seconds left.
|inactive|Kiwi_33 has 30 seconds left.
|
|t:|1785952569
|switch|p2b: Rotom|Rotom-Wash, L50|100/100
|detailschange|p1a: Metagross|Metagross-Mega, L50
|-mega|p1a: Metagross|Metagross|Metagrossite
|move|p1a: Metagross|Protect|p1a: Metagross
|-singleturn|p1a: Metagross|Protect
|move|p1b: Sableye|Taunt|p2a: Talonflame
|-start|p2a: Talonflame|move: Taunt
|cant|p2a: Talonflame|move: Taunt|Will-O-Wisp
|
|upkeep
|turn|2
|inactive|Kiwi_33 has 30 seconds left.
|inactive|Kiwi_33 has 20 seconds left.
|
|t:|1785952604
|switch|p1a: Jolteon|Jolteon, L50, F|100/100
|move|p2a: Talonflame|Dual Wingbeat|p1b: Sableye
|-damage|p1b: Sableye|78/100
|-damage|p1b: Sableye|59/100
|-hitcount|p1b: Sableye|2
|move|p1b: Sableye|Taunt|p2b: Rotom
|-start|p2b: Rotom|move: Taunt
|move|p2b: Rotom|Hydro Pump|p1b: Sableye
|-damage|p1b: Sableye|0 fnt
|faint|p1b: Sableye
|
|upkeep
|
|t:|1785952618
|switch|p1b: Kingambit|Kingambit, L50, M|100/100
|turn|3
|inactive|Kiwi_33 has 30 seconds left.
|
|t:|1785952647
|move|p2a: Talonflame|Dual Wingbeat|p1a: Jolteon
|-resisted|p1a: Jolteon|1
|-damage|p1a: Jolteon|85/100
|-resisted|p1a: Jolteon|1
|-damage|p1a: Jolteon|71/100
|-hitcount|p1a: Jolteon|2
|move|p2b: Rotom|Hydro Pump|p1a: Jolteon
|-damage|p1a: Jolteon|0 fnt
|faint|p1a: Jolteon
|move|p1b: Kingambit|Kowtow Cleave|p2b: Rotom
|-damage|p2b: Rotom|7/100
|-damage|p1b: Kingambit|90/100|[from] item: Life Orb
|
|-end|p2a: Talonflame|move: Taunt
|upkeep
|
|t:|1785952657
|switch|p1a: Metagross|Metagross-Mega, L50|100/100
|turn|4
|
|t:|1785952671
|move|p1b: Kingambit|Sucker Punch|p2b: Rotom
|-damage|p2b: Rotom|0 fnt
|faint|p2b: Rotom
|-damage|p1b: Kingambit|80/100|[from] item: Life Orb
|move|p2a: Talonflame|Will-O-Wisp|p1a: Metagross|[miss]
|-miss|p2a: Talonflame|p1a: Metagross
|move|p1a: Metagross|Iron Head|p2a: Talonflame
|-resisted|p2a: Talonflame|1
|-damage|p2a: Talonflame|54/100
|
|upkeep
|
|t:|1785952682
|switch|p2b: Garchomp|Garchomp, L50, M|100/100
|turn|5
|
|t:|1785952693
|move|p2b: Garchomp|Protect|p2b: Garchomp
|-singleturn|p2b: Garchomp|Protect
|move|p2a: Talonflame|Tailwind|p2a: Talonflame
|-sidestart|p2: Kiwi_33|move: Tailwind
|move|p1a: Metagross|Ice Punch|p2b: Garchomp
|-activate|p2b: Garchomp|move: Protect
|move|p1b: Kingambit|Kowtow Cleave|p2a: Talonflame
|-damage|p2a: Talonflame|0 fnt
|faint|p2a: Talonflame
|-damage|p1b: Kingambit|70/100|[from] item: Life Orb
|
|upkeep
|
|t:|1785952706
|switch|p2a: Raichu|Raichu, L50, M|100/100
|turn|6
|
|t:|1785952717
|detailschange|p2a: Raichu|Raichu-Mega-Y, L50, M
|-mega|p2a: Raichu|Raichu|Raichunite Y
|move|p2a: Raichu|Fake Out|p1a: Metagross
|-resisted|p1a: Metagross|1
|-damage|p1a: Metagross|96/100
|move|p1b: Kingambit|Sucker Punch||[still]
|-fail|p1b: Kingambit
|move|p2b: Garchomp|Stomping Tantrum|p1b: Kingambit
|-supereffective|p1b: Kingambit|1
|-damage|p1b: Kingambit|7/100
|cant|p1a: Metagross|flinch
|
|upkeep
|turn|7
|
|t:|1785952738
|move|p1b: Kingambit|Protect|p1b: Kingambit
|-singleturn|p1b: Kingambit|Protect
|move|p2a: Raichu|Zap Cannon|p1a: Metagross
|-damage|p1a: Metagross|25/100
|-status|p1a: Metagross|par
|move|p2b: Garchomp|Stomping Tantrum|p1b: Kingambit
|-activate|p1b: Kingambit|move: Protect
|move|p1a: Metagross|Ice Punch|p2b: Garchomp
|-supereffective|p2b: Garchomp|2
|-damage|p2b: Garchomp|0 fnt
|-damage|p1a: Metagross|13/100 par|[from] ability: Rough Skin|[of] p2b: Garchomp
|faint|p2b: Garchomp
|
|upkeep
|turn|8
|inactive|Kiwi_33 has 30 seconds left.
|inactive|Kiwi_33 has 20 seconds left.
|inactive|Kiwi_33 has 15 seconds left.
|
|t:|1785952778
|move|p2a: Raichu|Protect|p2a: Raichu
|-singleturn|p2a: Raichu|Protect
|move|p1b: Kingambit|Sucker Punch||[still]
|-fail|p1b: Kingambit
|move|p1a: Metagross|Stomping Tantrum|p2a: Raichu
|-activate|p2a: Raichu|move: Protect
|
|-sideend|p2: Kiwi_33|move: Tailwind
|upkeep
|turn|9
|
|t:|1785952790
|move|p1b: Kingambit|Sucker Punch|p2a: Raichu
|-damage|p2a: Raichu|19/100
|-damage|p1b: Kingambit|0 fnt|[from] item: Life Orb
|faint|p1b: Kingambit
|move|p2a: Raichu|Zap Cannon|p1a: Metagross
|-damage|p1a: Metagross|0 fnt
|faint|p1a: Metagross
|
|win|Kiwi_33
||ThatGualaKid is ready for game 2.
|inactive|Kiwi_33 has 30 seconds to confirm battle start!
|inactive|Kiwi_33 has 20 seconds to confirm battle start!
|inactive|Kiwi_33 has 10 seconds to confirm battle start!
|c|☆ThatGualaKid|gr
|uhtml|next|Next: Game 2 of 3
