|j|☆siemisdememe
|j|☆Glimme
|html|siemisdememeGlimme    
|uhtml|bestof|Game 1 of a best-of-3
|t:|1782584846
|gametype|doubles
|player|p1|siemisdememe|169|1177
|player|p2|Glimme|169|1265
|gen|9
|tier|[Gen 9 Champions] VGC 2026 Reg M-B (Bo3)
|rated|
|rule|Species Clause: Limit one of each Pokémon
|rule|Item Clause: Limit 1 of each item
|clearpoke
|poke|p1|Orthworm, L50, F|
|poke|p1|Garchomp, L50, M|
|poke|p1|Gyarados, L50, F|
|poke|p1|Blaziken, L50, F|
|poke|p1|Grimmsnarl, L50, M|
|poke|p1|Chimecho, L50, F|
|poke|p2|Charizard, L50, M, shiny|
|poke|p2|Farigiraf, L50, M, shiny|
|poke|p2|Kingambit, L50, M, shiny|
|poke|p2|Sylveon, L50, M, shiny|
|poke|p2|Aerodactyl, L50, M, shiny|
|poke|p2|Garchomp, L50, M, shiny|
|teampreview|4
|showteam|p1|Orthworm||SitrusBerry|EarthEater|BodyPress,ShedTail,HelpingHand,Protect|Bold||F|||50|]Garchomp||LifeOrb|RoughSkin|Earthquake,RockSlide,DragonClaw,Protect|Jolly||M|||50|]Gyarados||Leftovers|Intimidate|ThunderWave,ChillingWater,Waterfall,Protect|Sassy||F|||50|]Blaziken||Blazikenite|SpeedBoost|Protect,SwordsDance,FlareBlitz,CloseCombat|Adamant||F|||50|]Grimmsnarl||LightClay|Prankster|LightScreen,Reflect,PartingShot,SpiritBreak|Careful||M|||50|]Chimecho||Chimechite|Levitate|FlashCannon,DazzlingGleam,Psychic,CalmMind|Modest||F|||50|
|showteam|p2|Charizard||CharizarditeY|SolarPower|Protect,WeatherBall,HeatWave,SolarBeam|Modest||M|||50|]Farigiraf||ExpertBelt|ArmorTail|HelpingHand,TwinBeam,Thunderbolt,TrickRoom|Bold||M|||50|]Kingambit||FocusSash|Defiant|KowtowCleave,SuckerPunch,IronHead,LowKick|Adamant||M|||50|]Sylveon||FairyFeather|Pixilate|Detect,HyperVoice,HyperBeam,QuickAttack|Modest||M|||50|]Aerodactyl||Aerodactylite|Unnerve|IceFang,RockSlide,DualWingbeat,Tailwind|Jolly||M|||50|]Garchomp||LifeOrb|RoughSkin|Protect,RockSlide,DragonClaw,Earthquake|Adamant||M|||50|
|inactive|Battle timer is ON: inactive players will automatically lose when time's up. (requested by Glimme)
|inactive|siemisdememe has 60 seconds left.
|inactive|Glimme has 60 seconds left.
|
|t:|1782584886
|teamsize|p1|4
|teamsize|p2|4
|start
|switch|p1a: Garchomp|Garchomp, L50, M|100/100
|switch|p1b: Grimmsnarl|Grimmsnarl, L50, M|100/100
|switch|p2a: Sylveon|Sylveon, L50, M, shiny|100/100
|switch|p2b: Garchomp|Garchomp, L50, M, shiny|100/100
|turn|1
|
|t:|1782584902
|switch|p1a: Chimecho|Chimecho, L50, F|100/100
|switch|p2b: Farigiraf|Farigiraf, L50, M, shiny|100/100
|move|p1b: Grimmsnarl|Light Screen|p1b: Grimmsnarl
|-sidestart|p1: siemisdememe|move: Light Screen
|move|p2a: Sylveon|Hyper Voice|p1b: Grimmsnarl|[spread] p1a,p1b
|-supereffective|p1b: Grimmsnarl|1
|-damage|p1a: Chimecho|64/100
|-damage|p1b: Grimmsnarl|50/100y
|
|upkeep
|turn|2
|inactive|Glimme has 30 seconds left.
|
|t:|1782584928
|switch|p1b: Garchomp|Garchomp, L50, M|100/100
|detailschange|p1a: Chimecho|Chimecho-Mega, L50, F
|-mega|p1a: Chimecho|Chimecho|Chimechite
|move|p2a: Sylveon|Hyper Voice|p1a: Chimecho|[spread] p1a,p1b
|-resisted|p1a: Chimecho|1
|-supereffective|p1b: Garchomp|1
|-damage|p1a: Chimecho|51/100
|-damage|p1b: Garchomp|26/100
|move|p1a: Chimecho|Calm Mind|p1a: Chimecho
|-boost|p1a: Chimecho|spa|1
|-boost|p1a: Chimecho|spd|1
|move|p2b: Farigiraf|Trick Room|p2b: Farigiraf
|-fieldstart|move: Trick Room|[of] p2b: Farigiraf
|
|upkeep
|turn|3
|
|t:|1782584947
|move|p2a: Sylveon|Detect|p2a: Sylveon
|-singleturn|p2a: Sylveon|Protect
|move|p1b: Garchomp|Protect|p1b: Garchomp
|-singleturn|p1b: Garchomp|Protect
|move|p2b: Farigiraf|Thunderbolt|p1a: Chimecho
|-damage|p1a: Chimecho|41/100
|move|p1a: Chimecho|Flash Cannon|p2a: Sylveon
|-activate|p2a: Sylveon|move: Protect
|
|upkeep
|turn|4
|
|t:|1782584959
|switch|p2a: Kingambit|Kingambit, L50, M, shiny|100/100
|switch|p1b: Gyarados|Gyarados, L50, F|100/100
|-ability|p1b: Gyarados|Intimidate|boost
|-unboost|p2a: Kingambit|atk|1
|-ability|p2a: Kingambit|Defiant|boost
|-boost|p2a: Kingambit|atk|2
|-unboost|p2b: Farigiraf|atk|1
|move|p2b: Farigiraf|Twin Beam|p1b: Gyarados
|-damage|p1b: Gyarados|93/100
|-damage|p1b: Gyarados|87/100
|-hitcount|p1b: Gyarados|2
|move|p1a: Chimecho|Flash Cannon|p2a: Kingambit
|-resisted|p2a: Kingambit|1
|-crit|p2a: Kingambit
|-damage|p2a: Kingambit|36/100
|
|-heal|p1b: Gyarados|93/100|[from] item: Leftovers
|upkeep
|turn|5
|inactive|siemisdememe has 30 seconds left.
|
|t:|1782584992
|switch|p1a: Grimmsnarl|Grimmsnarl, L50, M|50/100y
|move|p2b: Farigiraf|Thunderbolt|p1b: Gyarados
|-supereffective|p1b: Gyarados|2
|-damage|p1b: Gyarados|42/100
|move|p1b: Gyarados|Waterfall|p2a: Kingambit
|-damage|p2a: Kingambit|9/100
|move|p2a: Kingambit|Kowtow Cleave|p1a: Grimmsnarl
|-resisted|p1a: Grimmsnarl|2
|-damage|p1a: Grimmsnarl|26/100
|
|-heal|p1b: Gyarados|48/100|[from] item: Leftovers
|upkeep
|turn|6
|
|t:|1782585011
|move|p1b: Gyarados|Protect|p1b: Gyarados
|-singleturn|p1b: Gyarados|Protect
|move|p2b: Farigiraf|Thunderbolt|p1b: Gyarados
|-activate|p1b: Gyarados|move: Protect
|move|p1a: Grimmsnarl|Spirit Break|p2a: Kingambit
|-damage|p2a: Kingambit|0 fnt
|faint|p2a: Kingambit
|
|-heal|p1b: Gyarados|54/100|[from] item: Leftovers
|-fieldend|move: Trick Room
|upkeep
|
|t:|1782585016
|switch|p2a: Sylveon|Sylveon, L50, M, shiny|100/100
|turn|7
|
|t:|1782585033
|move|p1b: Gyarados|Thunder Wave|p2a: Sylveon
|-status|p2a: Sylveon|par
|move|p2b: Farigiraf|Thunderbolt|p1b: Gyarados
|-supereffective|p1b: Gyarados|2
|-damage|p1b: Gyarados|9/100
|move|p1a: Grimmsnarl|Spirit Break|p2a: Sylveon
|-damage|p2a: Sylveon|64/100 par
|-unboost|p2a: Sylveon|spa|1
|move|p2a: Sylveon|Hyper Voice|p1b: Gyarados|[spread] p1a,p1b
|-supereffective|p1a: Grimmsnarl|1
|-damage|p1a: Grimmsnarl|0 fnt
|-damage|p1b: Gyarados|0 fnt
|faint|p1a: Grimmsnarl
|faint|p1b: Gyarados
|
|upkeep
|
|t:|1782585047
|switch|p1b: Chimecho|Chimecho-Mega, L50, F|41/100
|switch|p1a: Garchomp|Garchomp, L50, M|26/100
|turn|8
|
|t:|1782585059
|move|p2a: Sylveon|Detect|p2a: Sylveon
|-singleturn|p2a: Sylveon|Protect
|move|p1a: Garchomp|Earthquake|p2b: Farigiraf|[spread] p2b
|-activate|p2a: Sylveon|move: Protect
|-immune|p1b: Chimecho|[from] ability: Levitate
|-damage|p2b: Farigiraf|60/100
|-damage|p1a: Garchomp|16/100|[from] item: Life Orb
|move|p1b: Chimecho|Dazzling Gleam|p2b: Farigiraf|[spread] p2b
|-activate|p2a: Sylveon|move: Protect
|-crit|p2b: Farigiraf
|-damage|p2b: Farigiraf|26/100
|move|p2b: Farigiraf|Twin Beam|p1a: Garchomp
|-damage|p1a: Garchomp|5/100
|-damage|p1a: Garchomp|0 fnt
|faint|p1a: Garchomp
|-hitcount|p1: Garchomp|2
|
|-sideend|p1: siemisdememe|move: Light Screen
|upkeep
|turn|9
|
|t:|1782585082
|move|p1b: Chimecho|Calm Mind|p1b: Chimecho
|-boost|p1b: Chimecho|spa|1
|-boost|p1b: Chimecho|spd|1
|move|p2b: Farigiraf|Thunderbolt|p1b: Chimecho
|-damage|p1b: Chimecho|29/100
|move|p2a: Sylveon|Hyper Voice|p1b: Chimecho
|-resisted|p1b: Chimecho|1
|-damage|p1b: Chimecho|17/100
|
|upkeep
|turn|10
|
|t:|1782585090
|move|p1b: Chimecho|Dazzling Gleam|p2a: Sylveon|[spread] p2a,p2b
|-damage|p2a: Sylveon|33/100 par
|-damage|p2b: Farigiraf|0 fnt
|faint|p2b: Farigiraf
|cant|p2a: Sylveon|par
|
|upkeep
|
|t:|1782585094
|switch|p2b: Garchomp|Garchomp, L50, M, shiny|100/100
|turn|11
|
|t:|1782585097
|move|p2a: Sylveon|Quick Attack|p1b: Chimecho
|-resisted|p1b: Chimecho|1
|-damage|p1b: Chimecho|12/100
|move|p2b: Garchomp|Dragon Claw|p1b: Chimecho
|-resisted|p1b: Chimecho|1
|-damage|p1b: Chimecho|0 fnt
|faint|p1b: Chimecho
|-damage|p2b: Garchomp|90/100|[from] item: Life Orb
|
|win|Glimme
