|j|☆TheMochiMan
|j|☆Lightoz
|html|TheMochiManLightoz    
|uhtml|bestof|Game 1 of a best-of-3
|t:|1757256325
|gametype|doubles
|player|p1|TheMochiMan|doctor|1400
|player|p2|Lightoz|blue-gen2|1479
|gen|9
|tier|[Gen 9] VGC 2025 Reg H (Bo3)
|rated|
|rule|Species Clause: Limit one of each Pokémon
|rule|Item Clause: Limit 1 of each item
|clearpoke
|poke|p1|Ursaluna, L50, M|
|poke|p1|Jumpluff, L50, M|
|poke|p1|Charizard, L50, M|
|poke|p1|Torkoal, L50, M|
|poke|p1|Incineroar, L50, F|
|poke|p1|Porygon2, L50|
|poke|p2|Incineroar, L50, M|
|poke|p2|Annihilape, L50, M|
|poke|p2|Dragonite, L50, M|
|poke|p2|Volcarona, L50, F|
|poke|p2|Rillaboom, L50, F|
|poke|p2|Basculegion, L50, M|
|teampreview|4
|showteam|p1|Ursaluna||FlameOrb|Guts|HeadlongRush,Facade,Earthquake,Protect|||M|||50|,,,,,Ghost]Jumpluff||CovertCloak|Chlorophyll|SleepPowder,SunnyDay,Tailwind,RagePowder|||M|||50|,,,,,Water]Charizard||ChoiceSpecs|SolarPower|AirSlash,HeatWave,Overheat,WeatherBall|||M|||50|,,,,,Ghost]Torkoal||EjectPack|Drought|HelpingHand,Eruption,Overheat,Protect|||M|||50|,,,,,Fire]Incineroar||SitrusBerry|Intimidate|FlareBlitz,KnockOff,PartingShot,FakeOut|||F|||50|,,,,,Ghost]Porygon2||Eviolite|Download|TeraBlast,IceBeam,Recover,TrickRoom||||||50|,,,,,Fighting
|showteam|p2|Incineroar||SitrusBerry|Intimidate|FlareBlitz,KnockOff,FakeOut,PartingShot|||M|||50|,,,,,Ghost]Annihilape||SafetyGoggles|Defiant|CloseCombat,RageFist,Coaching,FinalGambit|||M|||50|,,,,,Water]Dragonite||LoadedDice|Multiscale|ScaleShot,SunnyDay,Haze,Protect|||M|||50|,,,,,Fairy]Volcarona||Leftovers|FlameBody|HeatWave,TeraBlast,QuiverDance,Protect|||F|||50|,,,,,Fairy]Rillaboom||AssaultVest|GrassySurge|WoodHammer,GrassyGlide,HighHorsepower,FakeOut|||F|||50|,,,,,Fire]Basculegion||ChoiceScarf|Adaptability|WaveCrash,LastRespects,FlipTurn,AquaJet|||M|||50|,,,,,Water
|
|t:|1757256350
|teamsize|p1|4
|teamsize|p2|4
|start
|switch|p1a: Dandelion|Jumpluff, L50, M|100/100
|switch|p1b: Brown anole|Charizard, L50, M, shiny|100/100
|switch|p2a: Dragonite|Dragonite, L50, M|100/100
|switch|p2b: Annihilape|Annihilape, L50, M, shiny|100/100
|turn|1
|
|t:|1757256377
|move|p1a: Dandelion|Sleep Powder|p2a: Dragonite
|-status|p2a: Dragonite|slp|[from] move: Sleep Powder
|move|p1b: Brown anole|Air Slash|p2b: Annihilape
|-supereffective|p2b: Annihilape
|-damage|p2b: Annihilape|0 fnt
|faint|p2b: Annihilape
|cant|p2a: Dragonite|slp
|
|upkeep
|
|t:|1757256381
|switch|p2b: Incineroar|Incineroar, L50, M|100/100
|-ability|p2b: Incineroar|Intimidate|boost
|-unboost|p1a: Dandelion|atk|1
|-unboost|p1b: Brown anole|atk|1
|turn|2
|
|t:|1757256392
|switch|p1b: A duck most fowl|Porygon2, L50|100/100
|-ability|p1b: A duck most fowl|Download|boost
|-boost|p1b: A duck most fowl|spa|1
|move|p1a: Dandelion|Sleep Powder|p2b: Incineroar
|-status|p2b: Incineroar|slp|[from] move: Sleep Powder
|-curestatus|p2a: Dragonite|slp|[msg]
|move|p2a: Dragonite|Scale Shot|p1b: A duck most fowl
|-damage|p1b: A duck most fowl|91/100
|-damage|p1b: A duck most fowl|81/100
|-damage|p1b: A duck most fowl|72/100
|-damage|p1b: A duck most fowl|61/100
|-hitcount|p1b: A duck most fowl|4
|-unboost|p2a: Dragonite|def|1
|-boost|p2a: Dragonite|spe|1
|cant|p2b: Incineroar|slp
|
|upkeep
|turn|3
|
|t:|1757256425
|move|p1a: Dandelion|Rage Powder|p1a: Dandelion
|-singleturn|p1a: Dandelion|move: Rage Powder
|move|p2a: Dragonite|Scale Shot|p1a: Dandelion
|-damage|p1a: Dandelion|83/100
|-damage|p1a: Dandelion|66/100
|-damage|p1a: Dandelion|47/100
|-damage|p1a: Dandelion|31/100
|-damage|p1a: Dandelion|15/100
|-hitcount|p1a: Dandelion|5
|-unboost|p2a: Dragonite|def|1
|-boost|p2a: Dragonite|spe|1
|-curestatus|p2b: Incineroar|slp|[msg]
|move|p2b: Incineroar|Parting Shot|p1a: Dandelion
|-unboost|p1a: Dandelion|atk|1
|-unboost|p1a: Dandelion|spa|1
|
|t:|1757256431
|switch|p2b: Rillaboom|Rillaboom, L50, F, shiny|100/100|[from] Parting Shot
|-fieldstart|move: Grassy Terrain|[from] ability: Grassy Surge|[of] p2b: Rillaboom
|move|p1b: A duck most fowl|Trick Room|p1b: A duck most fowl
|-fieldstart|move: Trick Room|[of] p1b: A duck most fowl
|
|-heal|p1b: A duck most fowl|67/100|[from] Grassy Terrain
|upkeep
|turn|4
|
|t:|1757256464
|-terastallize|p2a: Dragonite|Fairy
|move|p1b: A duck most fowl|Ice Beam|p2b: Rillaboom
|-supereffective|p2b: Rillaboom
|-damage|p2b: Rillaboom|48/100
|move|p2b: Rillaboom|Wood Hammer|p1a: Dandelion
|-resisted|p1a: Dandelion
|-damage|p1a: Dandelion|0 fnt
|faint|p1a: Dandelion
|-damage|p2b: Rillaboom|44/100|[from] Recoil
|move|p2a: Dragonite|Scale Shot|p1b: A duck most fowl
|-damage|p1b: A duck most fowl|57/100
|-damage|p1b: A duck most fowl|49/100
|-damage|p1b: A duck most fowl|40/100
|-damage|p1b: A duck most fowl|30/100
|-damage|p1b: A duck most fowl|21/100
|-hitcount|p1b: A duck most fowl|5
|-unboost|p2a: Dragonite|def|1
|-boost|p2a: Dragonite|spe|1
|
|-heal|p1b: A duck most fowl|27/100|[from] Grassy Terrain
|-heal|p2b: Rillaboom|50/100|[from] Grassy Terrain
|upkeep
|
|t:|1757256472
|switch|p1a: Brown bear|Ursaluna, L50, M|100/100
|turn|5
|
|t:|1757256507
|switch|p2a: Incineroar|Incineroar, L50, M|100/100
|-ability|p2a: Incineroar|Intimidate|boost
|-unboost|p1a: Brown bear|atk|1
|-unboost|p1b: A duck most fowl|atk|1
|move|p2b: Rillaboom|Grassy Glide|p1b: A duck most fowl
|-damage|p1b: A duck most fowl|4/100
|move|p1b: A duck most fowl|Recover|p1b: A duck most fowl
|-heal|p1b: A duck most fowl|54/100
|move|p1a: Brown bear|Headlong Rush|p2b: Rillaboom
|-resisted|p2b: Rillaboom
|-damage|p2b: Rillaboom|26/100
|-unboost|p1a: Brown bear|def|1
|-unboost|p1a: Brown bear|spd|1
|
|-heal|p1b: A duck most fowl|60/100|[from] Grassy Terrain
|-heal|p2b: Rillaboom|32/100|[from] Grassy Terrain
|-status|p1a: Brown bear|brn|[from] item: Flame Orb
|upkeep
|turn|6
|
|t:|1757256534
|-terastallize|p1a: Brown bear|Ghost
|move|p2b: Rillaboom|Grassy Glide|p1a: Brown bear
|-damage|p1a: Brown bear|58/100 brn
|move|p1b: A duck most fowl|Recover|p1b: A duck most fowl
|-heal|p1b: A duck most fowl|100/100
|move|p1a: Brown bear|Headlong Rush|p2a: Incineroar
|-supereffective|p2a: Incineroar
|-crit|p2a: Incineroar
|-damage|p2a: Incineroar|0 fnt
|-unboost|p1a: Brown bear|def|1
|-unboost|p1a: Brown bear|spd|1
|faint|p2a: Incineroar
|
|-heal|p1a: Brown bear|64/100 brn|[from] Grassy Terrain
|-heal|p2b: Rillaboom|38/100|[from] Grassy Terrain
|-damage|p1a: Brown bear|58/100 brn|[from] brn
|upkeep
|-message|Lightoz forfeited.
|
|win|TheMochiMan
|l|☆Lightoz
|player|p2|
||Lightoz is ready for game 2.
||TheMochiMan is ready for game 2.
|uhtml|next|Next: Game 2 of 3
|l|☆TheMochiMan
|player|p1|
|j|☆Lightoz
|player|p2|Lightoz|blue-gen2|
