|j|☆MrRaffa
|j|☆dontaskwhaticook
|html|MrRaffadontaskwhaticook    
|uhtml|bestof|Game 1 of a best-of-3
|t:|1757784564
|gametype|doubles
|player|p1|MrRaffa|n|
|player|p2|dontaskwhaticook|colress|
|gen|9
|tier|[Gen 9] VGC 2025 Reg H (Bo3)
|rule|Species Clause: Limit one of each Pokémon
|rule|Item Clause: Limit 1 of each item
|clearpoke
|poke|p1|Gholdengo, L50|
|poke|p1|Sneasler, L50, M|
|poke|p1|Rillaboom, L50, F|
|poke|p1|Dragonite, L50, F|
|poke|p1|Ninetales-Alola, L50, F|
|poke|p1|Arcanine-Hisui, L50, M|
|poke|p2|Pelipper, L50, F|
|poke|p2|Ludicolo, L50, M|
|poke|p2|Incineroar, L50, M|
|poke|p2|Ursaluna-Bloodmoon, L50, M|
|poke|p2|Amoonguss, L50, F|
|poke|p2|Archaludon, L50, M|
|teampreview|4
|showteam|p1|Gholdengo||GrassySeed|GoodasGold|NastyPlot,MakeItRain,ShadowBall,Protect||||||50|,,,,,Water]Sneasler||WhiteHerb|Unburden|CloseCombat,DireClaw,Coaching,Protect|||M|||50|,,,,,Ghost]Rillaboom||AssaultVest|GrassySurge|FakeOut,GrassyGlide,DrumBeating,HighHorsepower|||F|||50|,,,,,Fire]Dragonite||LoadedDice|Multiscale|ScaleShot,StompingTantrum,Tailwind,Protect|||F|||50|,,,,,Ground]Ninetales-Alola||FocusSash|SnowWarning|Blizzard,IcyWind,Encore,AuroraVeil|||F|||50|,,,,,Ghost]Arcanine-Hisui||ClearAmulet|Intimidate|RockSlide,FlareBlitz,ExtremeSpeed,Protect|||M|||50|,,,,,Water
|showteam|p2|Pelipper||FocusSash|Drizzle|WeatherBall,Hurricane,Tailwind,Protect|||F|||50|,,,,,Ghost]Ludicolo||LifeOrb|SwiftSwim|WeatherBall,MuddyWater,Protect,LeafStorm|||M|||50|,,,,,Water]Incineroar||SafetyGoggles|Intimidate|FakeOut,KnockOff,PartingShot,Taunt|||M|||50|,,,,,Ghost]Ursaluna-Bloodmoon||AssaultVest|MindsEye|BloodMoon,HyperVoice,EarthPower,VacuumWave|||M|||50|,,,,,Grass]Amoonguss||SitrusBerry|Regenerator|ClearSmog,Spore,RagePowder,Protect|||F|||50|,,,,,Fairy]Archaludon||PowerHerb|Sturdy|ElectroShot,DragonPulse,FlashCannon,Protect|||M|||50|,,,,,Electric
|inactive|Battle timer is ON: inactive players will automatically lose when time's up. (requested by MrRaffa)
|inactive|dontaskwhaticook has 60 seconds left.
|
|t:|1757784612
|teamsize|p1|4
|teamsize|p2|4
|start
|switch|p1a: Gholdengo|Gholdengo, L50|100/100
|switch|p1b: Rillaboom|Rillaboom, L50, F|100/100
|switch|p2a: Ludicolo|Ludicolo, L50, M, shiny|100/100
|switch|p2b: Pelipper|Pelipper, L50, F|100/100
|-fieldstart|move: Grassy Terrain|[from] ability: Grassy Surge|[of] p1b: Rillaboom
|-enditem|p1a: Gholdengo|Grassy Seed
|-boost|p1a: Gholdengo|def|1|[from] item: Grassy Seed
|-weather|RainDance|[from] ability: Drizzle|[of] p2b: Pelipper
|turn|1
|inactive|MrRaffa has 30 seconds left.
|
|t:|1757784647
|switch|p2b: Incineroar|Incineroar, L50, M|100/100
|-ability|p2b: Incineroar|Intimidate|boost
|-unboost|p1a: Gholdengo|atk|1
|-unboost|p1b: Rillaboom|atk|1
|-terastallize|p1a: Gholdengo|Water
|move|p2a: Ludicolo|Protect|p2a: Ludicolo
|-singleturn|p2a: Ludicolo|Protect
|move|p1b: Rillaboom|Fake Out|p2a: Ludicolo
|-activate|p2a: Ludicolo|move: Protect
|move|p1a: Gholdengo|Nasty Plot|p1a: Gholdengo
|-boost|p1a: Gholdengo|spa|2
|
|-weather|RainDance|[upkeep]
|upkeep
|turn|2
|
|t:|1757784668
|move|p1a: Gholdengo|Protect|p1a: Gholdengo
|-singleturn|p1a: Gholdengo|Protect
|move|p2a: Ludicolo|Leaf Storm|p1a: Gholdengo
|-activate|p1a: Gholdengo|move: Protect
|move|p1b: Rillaboom|Drum Beating|p2a: Ludicolo
|-damage|p2a: Ludicolo|57/100
|-unboost|p2a: Ludicolo|spe|1
|move|p2b: Incineroar|Parting Shot|p1b: Rillaboom
|-unboost|p1b: Rillaboom|atk|1
|-unboost|p1b: Rillaboom|spa|1
|
|t:|1757784686
|switch|p2b: Pelipper|Pelipper, L50, F|100/100|[from] Parting Shot
|
|-weather|RainDance|[upkeep]
|-heal|p2a: Ludicolo|63/100|[from] Grassy Terrain
|upkeep
|turn|3
|
|t:|1757784700
|switch|p1b: Ninetales|Ninetales-Alola, L50, F|100/100
|-weather|Snowscape|[from] ability: Snow Warning|[of] p1b: Ninetales
|switch|p2b: Incineroar|Incineroar, L50, M|100/100
|-ability|p2b: Incineroar|Intimidate|boost
|-unboost|p1a: Gholdengo|atk|1
|-unboost|p1b: Ninetales|atk|1
|move|p1a: Gholdengo|Make It Rain|p2b: Incineroar|[spread] p2a,p2b
|-resisted|p2a: Ludicolo
|-resisted|p2b: Incineroar
|-damage|p2a: Ludicolo|13/100
|-damage|p2b: Incineroar|69/100
|-unboost|p1a: Gholdengo|spa|1
|move|p2a: Ludicolo|Leaf Storm|p1a: Gholdengo
|-supereffective|p1a: Gholdengo
|-damage|p1a: Gholdengo|0 fnt
|-unboost|p2a: Ludicolo|spa|2
|faint|p1a: Gholdengo
|-damage|p2a: Ludicolo|3/100|[from] item: Life Orb
|
|-weather|Snowscape|[upkeep]
|-heal|p2b: Incineroar|75/100|[from] Grassy Terrain
|-heal|p2a: Ludicolo|9/100|[from] Grassy Terrain
|upkeep
|
|t:|1757784720
|switch|p1a: Rillaboom|Rillaboom, L50, F|100/100
|turn|4
|
|t:|1757784733
|switch|p2a: Pelipper|Pelipper, L50, F|100/100
|-weather|RainDance|[from] ability: Drizzle|[of] p2a: Pelipper
|move|p1a: Rillaboom|Fake Out|p2b: Incineroar
|-damage|p2b: Incineroar|64/100
|move|p1b: Ninetales|Blizzard|p2a: Pelipper|[spread] p2a
|-miss|p1b: Ninetales|p2b: Incineroar
|-damage|p2a: Pelipper|40/100
|-status|p2a: Pelipper|frz
|cant|p2b: Incineroar|flinch
|
|-weather|RainDance|[upkeep]
|-heal|p2b: Incineroar|70/100|[from] Grassy Terrain
|upkeep
|turn|5
|
|t:|1757784754
|switch|p1b: Sneasler|Sneasler, L50, M|100/100
|move|p1a: Rillaboom|Drum Beating|p2a: Pelipper
|-damage|p2a: Pelipper|0 fnt
|faint|p2a: Pelipper
|move|p2b: Incineroar|Knock Off|p1a: Rillaboom
|-damage|p1a: Rillaboom|59/100
|-enditem|p1a: Rillaboom|Assault Vest|[from] move: Knock Off|[of] p2b: Incineroar
|
|-weather|RainDance|[upkeep]
|-heal|p1a: Rillaboom|65/100|[from] Grassy Terrain
|-heal|p2b: Incineroar|76/100|[from] Grassy Terrain
|-fieldend|move: Grassy Terrain
|upkeep
|
|t:|1757784771
|switch|p2a: Archaludon|Archaludon, L50, M|100/100
|turn|6
|
|t:|1757784786
|switch|p1a: Ninetales|Ninetales-Alola, L50, F|100/100
|-weather|Snowscape|[from] ability: Snow Warning|[of] p1a: Ninetales
|-terastallize|p2a: Archaludon|Electric
|move|p1b: Sneasler|Protect|p1b: Sneasler
|-singleturn|p1b: Sneasler|Protect
|move|p2a: Archaludon|Electro Shot||[still]
|-prepare|p2a: Archaludon|Electro Shot
|-boost|p2a: Archaludon|spa|1
|-enditem|p2a: Archaludon|Power Herb
|-anim|p2a: Archaludon|Electro Shot|p1b: Sneasler
|-activate|p1b: Sneasler|move: Protect
|move|p2b: Incineroar|Parting Shot|p1a: Ninetales
|-unboost|p1a: Ninetales|atk|1
|-unboost|p1a: Ninetales|spa|1
|
|t:|1757784802
|switch|p2b: Ludicolo|Ludicolo, L50, M, shiny|9/100|[from] Parting Shot
|
|-weather|Snowscape|[upkeep]
|upkeep
|turn|7
|inactive|dontaskwhaticook has 30 seconds left.
|
|t:|1757784836
|switch|p2b: Incineroar|Incineroar, L50, M|76/100
|-ability|p2b: Incineroar|Intimidate|boost
|-unboost|p1a: Ninetales|atk|1
|-unboost|p1b: Sneasler|atk|1
|-enditem|p1b: Sneasler|White Herb
|-clearnegativeboost|p1b: Sneasler|[silent]
|move|p1b: Sneasler|Close Combat|p2b: Incineroar
|-supereffective|p2b: Incineroar
|-damage|p2b: Incineroar|0 fnt
|-unboost|p1b: Sneasler|def|1
|-unboost|p1b: Sneasler|spd|1
|faint|p2b: Incineroar
|move|p1a: Ninetales|Blizzard|p2a: Archaludon
|-damage|p2a: Archaludon|60/100
|move|p2a: Archaludon|Dragon Pulse|p1b: Sneasler
|-damage|p1b: Sneasler|0 fnt
|faint|p1b: Sneasler
|
|-weather|Snowscape|[upkeep]
|upkeep
|
|t:|1757784855
|switch|p1b: Rillaboom|Rillaboom, L50, F|65/100
|switch|p2b: Ludicolo|Ludicolo, L50, M, shiny|9/100
|-fieldstart|move: Grassy Terrain|[from] ability: Grassy Surge|[of] p1b: Rillaboom
|turn|8
|
|t:|1757784877
|move|p2a: Archaludon|Protect|p2a: Archaludon
|-singleturn|p2a: Archaludon|Protect
|move|p2b: Ludicolo|Protect|p2b: Ludicolo
|-singleturn|p2b: Ludicolo|Protect
|move|p1b: Rillaboom|Fake Out|p2a: Archaludon
|-activate|p2a: Archaludon|move: Protect
|move|p1a: Ninetales|Blizzard|p2b: Ludicolo|[spread] 
|-activate|p2a: Archaludon|move: Protect
|-activate|p2b: Ludicolo|move: Protect
|
|-weather|Snowscape|[upkeep]
|-heal|p2a: Archaludon|66/100|[from] Grassy Terrain
|-heal|p1b: Rillaboom|71/100|[from] Grassy Terrain
|-heal|p2b: Ludicolo|15/100|[from] Grassy Terrain
|upkeep
|turn|9
|inactive|dontaskwhaticook has 30 seconds left.
|
|t:|1757784904
|move|p2b: Ludicolo|Protect||[still]
|-fail|p2b: Ludicolo
|move|p1a: Ninetales|Encore|p2a: Archaludon
|-start|p2a: Archaludon|Encore
|move|p1b: Rillaboom|Drum Beating|p2b: Ludicolo
|-damage|p2b: Ludicolo|0 fnt
|faint|p2b: Ludicolo
|move|p2a: Archaludon|Protect||[still]
|-fail|p2a: Archaludon
|
|-weather|Snowscape|[upkeep]
|-heal|p2a: Archaludon|72/100|[from] Grassy Terrain
|-heal|p1b: Rillaboom|77/100|[from] Grassy Terrain
|upkeep
|turn|10
|-message|dontaskwhaticook forfeited.
|
|win|MrRaffa
||MrRaffa is ready for game 2.
|inactive|dontaskwhaticook has 30 seconds to confirm battle start!
||dontaskwhaticook is ready for game 2.
|uhtml|next|Next: Game 2 of 3
|l|☆dontaskwhaticook
|player|p2|
