|j|☆SexyGolbat
|j|☆psyaiiyaii
|html|SexyGolbatpsyaiiyaii    
|uhtml|bestof|Game 2 of a best-of-3
|t:|1785978017
|gametype|doubles
|player|p1|SexyGolbat|101|
|player|p2|psyaiiyaii|265|
|gen|9
|tier|[Gen 9 Champions] VGC 2026 Reg M-B (Bo3)
|rule|Species Clause: Limit one of each Pokémon
|rule|Item Clause: Limit 1 of each item
|clearpoke
|poke|p1|Tyranitar, L50, F|
|poke|p1|Hippowdon, L50, F|
|poke|p1|Sandaconda, L50, F, shiny|
|poke|p1|Cofagrigus, L50, M|
|poke|p1|Sharpedo, L50, F|
|poke|p1|Houndoom, L50, M|
|poke|p2|Skarmory, L50, M|
|poke|p2|Garchomp, L50, F|
|poke|p2|Arcanine, L50, F|
|poke|p2|Milotic, L50, F|
|poke|p2|Weavile, L50, F|
|poke|p2|Gallade, L50, M|
|teampreview|4
|showteam|p1|Tyranitar||FocusSash|SandStream|ThunderPunch,Crunch,Protect,StompingTantrum|Adamant||F|||50|]Hippowdon||SitrusBerry|SandStream|Dig,Sandstorm,Earthquake,HeavySlam|Impish||F|||50|]Sandaconda||BrightPowder|SandVeil|Coil,Minimize,BodyPress,IronHead|Careful||F|||50|]Cofagrigus||MentalHerb|Mummy|DestinyBond,TrickRoom,Substitute,ConfuseRay|Sassy||M|||50|]Sharpedo||Leftovers|SpeedBoost|IceFang,AquaJet,CloseCombat,Dive|Jolly||F|||50|]Houndoom||Houndoominite|Unnerve|PsychicFangs,SolarBeam,SuckerPunch,IronTail|Bold||M|||50|
|showteam|p2|Skarmory||MetalCoat|Sturdy|Tailwind,BraveBird,Roost,IronHead|Impish||M|||50|]Garchomp||LumBerry|RoughSkin|StompingTantrum,RockSlide,DragonClaw,Protect|Jolly||F|||50|]Arcanine||SitrusBerry|Intimidate|FlareBlitz,WillOWisp,Snarl,Protect|Impish||F|||50|]Milotic||Leftovers|Competitive|Scald,IceBeam,IcyWind,Protect|Bold||F|||50|]Weavile||FocusSash|Pressure|FakeOut,Protect,TripleAxel,IceShard|Jolly||F|||50|]Gallade||KasibBerry|Sharpness|SacredSword,PsychoCut,KnockOff,WideGuard|Jolly||M|||50|
|j| James K Polk
|j| ChadVonDoom
|
|t:|1785978051
|teamsize|p1|4
|teamsize|p2|4
|start
|switch|p1a: Hippowdon|Hippowdon, L50, F|100/100
|switch|p1b: Sandaconda|Sandaconda, L50, F, shiny|100/100
|switch|p2a: Meta Ridley|Skarmory, L50, M|100/100
|switch|p2b: Maiogi|Weavile, L50, F|100/100
|-ability|p2b: Maiogi|Pressure
|-weather|Sandstorm|[from] ability: Sand Stream|[of] p1a: Hippowdon
|turn|1
|
|t:|1785978074
|move|p2b: Maiogi|Protect|p2b: Maiogi
|-singleturn|p2b: Maiogi|Protect
|move|p1b: Sandaconda|Minimize|p1b: Sandaconda
|-boost|p1b: Sandaconda|evasion|2
|move|p2a: Meta Ridley|Tailwind|p2a: Meta Ridley
|-sidestart|p2: psyaiiyaii|move: Tailwind
|move|p1a: Hippowdon|Dig||[still]
|-prepare|p1a: Hippowdon|Dig
|
|-weather|Sandstorm|[upkeep]
|-damage|p2b: Maiogi|93/100|[from] Sandstorm
|upkeep
|turn|2
|
|t:|1785978127
|switch|p2b: Drag Queen|Garchomp, L50, F|100/100
|switch|p2a: Wiggles|Milotic, L50, F|100/100
|move|p1b: Sandaconda|Coil|p1b: Sandaconda
|-boost|p1b: Sandaconda|atk|1
|-boost|p1b: Sandaconda|def|1
|-boost|p1b: Sandaconda|accuracy|1
|move|p1a: Hippowdon|Dig|p2b: Drag Queen|[from] lockedmove
|-crit|p2b: Drag Queen
|-damage|p2b: Drag Queen|48/100
|-damage|p1a: Hippowdon|87/100|[from] ability: Rough Skin|[of] p2b: Drag Queen
|
|-weather|Sandstorm|[upkeep]
|-damage|p2a: Wiggles|94/100|[from] Sandstorm
|-heal|p2a: Wiggles|100/100|[from] item: Leftovers
|upkeep
|turn|3
|
|t:|1785978192
|move|p2b: Drag Queen|Protect|p2b: Drag Queen
|-singleturn|p2b: Drag Queen|Protect
|move|p2a: Wiggles|Ice Beam|p1b: Sandaconda
|-supereffective|p1b: Sandaconda|1
|-crit|p1b: Sandaconda
|-damage|p1b: Sandaconda|25/100
|move|p1b: Sandaconda|Coil|p1b: Sandaconda
|-boost|p1b: Sandaconda|atk|1
|-boost|p1b: Sandaconda|def|1
|-boost|p1b: Sandaconda|accuracy|1
|move|p1a: Hippowdon|Dig||[still]
|-prepare|p1a: Hippowdon|Dig
|
|-weather|Sandstorm|[upkeep]
|-damage|p2a: Wiggles|94/100|[from] Sandstorm
|-heal|p2a: Wiggles|100/100|[from] item: Leftovers
|upkeep
|turn|4
|l| James K Polk
|
|t:|1785978226
|switch|p1b: Cofagrigus|Cofagrigus, L50, M|100/100
|move|p2b: Drag Queen|Rock Slide|p1a: Hippowdon|[spread] p1b
|-miss|p2b: Drag Queen|p1a: Hippowdon
|-damage|p1b: Cofagrigus|86/100
|move|p2a: Wiggles|Icy Wind|p1a: Hippowdon|[spread] p1b
|-miss|p2a: Wiggles|p1a: Hippowdon
|-damage|p1b: Cofagrigus|76/100
|-unboost|p1b: Cofagrigus|spe|1
|move|p1a: Hippowdon|Dig|p2b: Drag Queen|[from] lockedmove
|-damage|p2b: Drag Queen|13/100
|-damage|p1a: Hippowdon|75/100|[from] ability: Rough Skin|[of] p2b: Drag Queen
|
|-weather|Sandstorm|[upkeep]
|-damage|p2a: Wiggles|94/100|[from] Sandstorm
|-damage|p1b: Cofagrigus|70/100|[from] Sandstorm
|-heal|p2a: Wiggles|100/100|[from] item: Leftovers
|-sideend|p2: psyaiiyaii|move: Tailwind
|upkeep
|turn|5
|
|t:|1785978286
|switch|p2b: Maiogi|Weavile, L50, F|93/100
|-ability|p2b: Maiogi|Pressure
|switch|p1a: Sandaconda|Sandaconda, L50, F, shiny|25/100
|move|p2a: Wiggles|Ice Beam|p1a: Sandaconda
|-supereffective|p1a: Sandaconda|1
|-damage|p1a: Sandaconda|0 fnt
|faint|p1a: Sandaconda
|move|p1b: Cofagrigus|Trick Room|p1b: Cofagrigus
|-fieldstart|move: Trick Room|[of] p1b: Cofagrigus
|
|-weather|none
|upkeep
|
|t:|1785978298
|switch|p1a: Houndoom|Houndoom, L50, M|100/100
|-ability|p1a: Houndoom|Unnerve
|turn|6
|
|t:|1785978384
|move|p1b: Cofagrigus|Confuse Ray|p2a: Wiggles
|-start|p2a: Wiggles|confusion
|-activate|p2a: Wiggles|confusion
|move|p2a: Wiggles|Scald|p1a: Houndoom
|-supereffective|p1a: Houndoom|1
|-damage|p1a: Houndoom|26/100
|move|p1a: Houndoom|Iron Tail|p2b: Maiogi|[miss]
|-miss|p1a: Houndoom|p2b: Maiogi
|move|p2b: Maiogi|Triple Axel|p1b: Cofagrigus
|-damage|p1b: Cofagrigus|64/100
|-activate|p1b: Cofagrigus|ability: Mummy|p2b: Maiogi|[ability] Pressure
|-damage|p1b: Cofagrigus|51/100
|-damage|p1b: Cofagrigus|29/100
|-hitcount|p1b: Cofagrigus|3
|
|upkeep
|turn|7
|
|t:|1785978471
|switch|p1a: Hippowdon|Hippowdon, L50, F|75/100
|-weather|Sandstorm|[from] ability: Sand Stream|[of] p1a: Hippowdon
|move|p2b: Maiogi|Ice Shard|p1b: Cofagrigus
|-damage|p1b: Cofagrigus|15/100
|move|p1b: Cofagrigus|Destiny Bond|p1b: Cofagrigus
|-singlemove|p1b: Cofagrigus|Destiny Bond
|-activate|p2a: Wiggles|confusion
|-damage|p2a: Wiggles|95/100|[from] confusion
|
|-weather|Sandstorm|[upkeep]
|-damage|p1b: Cofagrigus|9/100|[from] Sandstorm
|-damage|p2a: Wiggles|89/100|[from] Sandstorm
|-damage|p2b: Maiogi|87/100|[from] Sandstorm
|-heal|p2a: Wiggles|95/100|[from] item: Leftovers
|upkeep
|turn|8
|
|t:|1785978514
|move|p1b: Cofagrigus|Confuse Ray|p2b: Maiogi
|-start|p2b: Maiogi|confusion
|move|p1a: Hippowdon|Heavy Slam|p2b: Maiogi
|-supereffective|p2b: Maiogi|1
|-damage|p2b: Maiogi|0 fnt
|-activate|p2b: Maiogi|ability: Mummy|p1a: Hippowdon|[ability] Sand Stream
|faint|p2b: Maiogi
|-activate|p2a: Wiggles|confusion
|move|p2a: Wiggles|Ice Beam|p1a: Hippowdon
|-supereffective|p1a: Hippowdon|1
|-damage|p1a: Hippowdon|32/100
|-enditem|p1a: Hippowdon|Sitrus Berry|[eat]
|-heal|p1a: Hippowdon|56/100|[from] item: Sitrus Berry
|
|-weather|Sandstorm|[upkeep]
|-damage|p1b: Cofagrigus|3/100|[from] Sandstorm
|-damage|p2a: Wiggles|89/100|[from] Sandstorm
|-heal|p2a: Wiggles|95/100|[from] item: Leftovers
|upkeep
|c| ChadVonDoom|oh shit
|j| tjnord
|c| tjnord|penis
|
|t:|1785978545
|switch|p2b: Drag Queen|Garchomp, L50, F|13/100
|turn|9
|
|t:|1785978555
|move|p1b: Cofagrigus|Destiny Bond|p1b: Cofagrigus
|-singlemove|p1b: Cofagrigus|Destiny Bond
|move|p1a: Hippowdon|Earthquake|p2a: Wiggles|[spread] p1b,p2a,p2b
|-damage|p1b: Cofagrigus|0 fnt
|-damage|p2a: Wiggles|68/100
|-damage|p2b: Drag Queen|0 fnt
|faint|p1b: Cofagrigus
|faint|p2b: Drag Queen
|-end|p2a: Wiggles|confusion
|move|p2a: Wiggles|Ice Beam|p1a: Hippowdon
|-supereffective|p1a: Hippowdon|1
|-damage|p1a: Hippowdon|9/100
|
|-weather|Sandstorm|[upkeep]
|-damage|p2a: Wiggles|62/100|[from] Sandstorm
|-heal|p2a: Wiggles|68/100|[from] item: Leftovers
|-fieldend|move: Trick Room
|upkeep
|
|t:|1785978573
|switch|p2b: Meta Ridley|Skarmory, L50, M|100/100
|switch|p1b: Houndoom|Houndoom, L50, M|26/100
|-ability|p1b: Houndoom|Unnerve
|turn|10
|
|t:|1785978600
|move|p1b: Houndoom|Sucker Punch|p2a: Wiggles
|-damage|p2a: Wiggles|52/100
|move|p2a: Wiggles|Ice Beam|p1a: Hippowdon
|-supereffective|p1a: Hippowdon|1
|-damage|p1a: Hippowdon|0 fnt
|faint|p1a: Hippowdon
|move|p2b: Meta Ridley|Brave Bird|p1b: Houndoom
|-damage|p1b: Houndoom|0 fnt
|faint|p1b: Houndoom
|-damage|p2b: Meta Ridley|92/100|[from] Recoil
|
|win|psyaiiyaii
