|j|☆TheGayOneVGC
|j|☆zattvx
|html|TheGayOneVGCzattvx    
|uhtml|bestof|Game 1 of a best-of-3
|t:|1786079735
|gametype|doubles
|player|p1|TheGayOneVGC|102|1079
|player|p2|zattvx|bellelba|1000
|gen|9
|tier|[Gen 9 Champions] VGC 2026 Reg M-B (Bo3)
|rated|
|rule|Species Clause: Limit one of each Pokémon
|rule|Item Clause: Limit 1 of each item
|clearpoke
|poke|p1|Sinistcha, L50|
|poke|p1|Staraptor, L50, F|
|poke|p1|Talonflame, L50, M|
|poke|p1|Incineroar, L50, M|
|poke|p1|Garchomp, L50, F|
|poke|p1|Blastoise, L50, F|
|poke|p2|Gholdengo, L50|
|poke|p2|Dragalge, L50, M|
|poke|p2|Grimmsnarl, L50, M|
|poke|p2|Rotom-Wash, L50|
|poke|p2|Palafin, L50, F|
|poke|p2|Dragonite, L50, M|
|teampreview|4
|showteam|p1|Sinistcha||OccaBerry|Hospitality|ShadowBall,MatchaGotcha,LifeDew,RagePowder|Modest|||||50|]Staraptor||Staraptite|Intimidate|CloseCombat,Roost,Protect,BraveBird|Jolly||F|||50|]Talonflame||FocusSash|GaleWings|DualWingbeat,FeatherDance,Protect,Tailwind|Adamant||M|||50|]Incineroar||SitrusBerry|Intimidate|FakeOut,FlareBlitz,PartingShot,DarkestLariat|Adamant||M|||50|]Garchomp||WideLens|SandVeil|RockSlide,DragonRush,Protect,Earthquake|Jolly||F|||50|]Blastoise||Blastoisinite|Torrent|WaterSpout,DarkPulse,Protect,AuraSphere|Modest||F|||50|
|showteam|p2|Gholdengo||WideLens|GoodasGold|MakeItRain,Recover,ChargeBeam,NastyPlot|Modest|||||50|]Dragalge||Dragalgite|Adaptability|Protect,Surf,SludgeWave,DragonPulse|Serious||M|||50|]Grimmsnarl||FocusSash|Prankster|PartingShot,FakeOut,SpiritBreak,Reflect|Serious||M|||50|]Rotom-Wash||ExpertBelt|Levitate|Discharge,PainSplit,WillOWisp,Protect|Modest|||||50|]Palafin||LifeOrb|ZerotoHero|Waterfall,BulkUp,Encore,DrainPunch|Adamant||F|||50|]Dragonite||Leftovers|Multiscale|ExtremeSpeed,Roost,DragonDance,DragonClaw|Adamant||M|||50|
|inactive|Battle timer is ON: inactive players will automatically lose when time's up. (requested by zattvx)
|
|t:|1786079811
|teamsize|p1|4
|teamsize|p2|4
|start
|switch|p1a: Staraptor|Staraptor, L50, F|100/100
|switch|p1b: Talonflame|Talonflame, L50, M|100/100
|switch|p2a: Dragalge|Dragalge, L50, M|100/100
|switch|p2b: Grimmsnarl|Grimmsnarl, L50, M|100/100
|-ability|p1a: Staraptor|Intimidate|boost
|-unboost|p2a: Dragalge|atk|1
|-unboost|p2b: Grimmsnarl|atk|1
|turn|1
|inactive|zattvx has 30 seconds left.
|inactive|zattvx has 20 seconds left.
|inactive|zattvx has 15 seconds left.
|inactive|zattvx has 10 seconds left.
|
|t:|1786079860
|detailschange|p1a: Staraptor|Staraptor-Mega, L50, F
|-mega|p1a: Staraptor|Staraptor|Staraptite
|detailschange|p2a: Dragalge|Dragalge-Mega, L50, M
|-mega|p2a: Dragalge|Dragalge|Dragalgite
|move|p1a: Staraptor|Protect|p1a: Staraptor
|-singleturn|p1a: Staraptor|Protect
|move|p1b: Talonflame|Protect|p1b: Talonflame
|-singleturn|p1b: Talonflame|Protect
|move|p2b: Grimmsnarl|Parting Shot|p1b: Talonflame
|-activate|p1b: Talonflame|move: Protect
|move|p2a: Dragalge|Sludge Wave|p1b: Talonflame|[spread] p2b
|-activate|p1a: Staraptor|move: Protect
|-activate|p1b: Talonflame|move: Protect
|-supereffective|p2b: Grimmsnarl|1
|-damage|p2b: Grimmsnarl|31/100
|
|upkeep
|turn|2
|inactive|zattvx has 30 seconds left.
|
|t:|1786079886
|move|p1b: Talonflame|Tailwind|p1b: Talonflame
|-sidestart|p1: TheGayOneVGC|move: Tailwind
|move|p2b: Grimmsnarl|Parting Shot|p1a: Staraptor
|-boost|p1a: Staraptor|atk|1
|-boost|p1a: Staraptor|spa|1
|
|t:|1786079892
|switch|p2b: Gholdengo|Gholdengo, L50|100/100|[from] Parting Shot
|move|p1a: Staraptor|Close Combat|p2b: Gholdengo
|-immune|p2b: Gholdengo
|move|p2a: Dragalge|Sludge Wave|p1a: Staraptor|[spread] p1a,p1b
|-immune|p2b: Gholdengo
|-damage|p1a: Staraptor|64/100
|-damage|p1b: Talonflame|50/100g
|-status|p1a: Staraptor|psn
|
|-damage|p1a: Staraptor|51/100 psn|[from] psn
|upkeep
|turn|3
|inactive|TheGayOneVGC has 30 seconds left.
|inactive|zattvx has 30 seconds left.
|inactive|TheGayOneVGC has 20 seconds left.
|
|t:|1786079929
|move|p1b: Talonflame|Feather Dance|p1a: Staraptor
|-boost|p1a: Staraptor|atk|2
|move|p1a: Staraptor|Close Combat|p2a: Dragalge
|-resisted|p2a: Dragalge|1
|-damage|p2a: Dragalge|11/100
|-boost|p1a: Staraptor|def|1
|-boost|p1a: Staraptor|spd|1
|move|p2b: Gholdengo|Recover||[still]
|-fail|p2b: Gholdengo|heal
|move|p2a: Dragalge|Sludge Wave|p1a: Staraptor|[spread] p1a,p1b
|-immune|p2b: Gholdengo
|-damage|p1a: Staraptor|27/100 psn
|-damage|p1b: Talonflame|1/100
|
|-damage|p1a: Staraptor|14/100 psn|[from] psn
|upkeep
|turn|4
|
|t:|1786079954
|move|p2a: Dragalge|Protect|p2a: Dragalge
|-singleturn|p2a: Dragalge|Protect
|move|p1a: Staraptor|Roost|p1a: Staraptor
|-heal|p1a: Staraptor|64/100 psn
|-singleturn|p1a: Staraptor|move: Roost
|move|p1b: Talonflame|Feather Dance|p1a: Staraptor
|-boost|p1a: Staraptor|atk|2
|move|p2b: Gholdengo|Nasty Plot|p2b: Gholdengo
|-boost|p2b: Gholdengo|spa|2
|
|-damage|p1a: Staraptor|52/100 psn|[from] psn
|upkeep
|turn|5
|
|t:|1786079976
|switch|p1b: Sinistcha|Sinistcha, L50|100/100
|-heal|p1a: Staraptor|77/100 psn|[from] ability: Hospitality|[of] p1b: Sinistcha
|move|p1a: Staraptor|Protect|p1a: Staraptor
|-singleturn|p1a: Staraptor|Protect
|move|p2b: Gholdengo|Make It Rain|p1a: Staraptor|[spread] p1b
|-activate|p1a: Staraptor|move: Protect
|-damage|p1b: Sinistcha|0 fnt
|-unboost|p2b: Gholdengo|spa|2
|faint|p1b: Sinistcha
|move|p2a: Dragalge|Dragon Pulse|p1a: Staraptor
|-activate|p1a: Staraptor|move: Protect
|
|-damage|p1a: Staraptor|64/100 psn|[from] psn
|-sideend|p1: TheGayOneVGC|move: Tailwind
|upkeep
|
|t:|1786079992
|switch|p1b: Incineroar|Incineroar, L50, M|100/100
|-ability|p1b: Incineroar|Intimidate|boost
|-unboost|p2a: Dragalge|atk|1
|-unboost|p2b: Gholdengo|atk|1
|turn|6
|
|t:|1786080006
|move|p2a: Dragalge|Protect|p2a: Dragalge
|-singleturn|p2a: Dragalge|Protect
|move|p1a: Staraptor|Close Combat|p2a: Dragalge
|-activate|p2a: Dragalge|move: Protect
|move|p2b: Gholdengo|Charge Beam|p1a: Staraptor
|-supereffective|p1a: Staraptor|1
|-damage|p1a: Staraptor|32/100 psn
|move|p1b: Incineroar|Flare Blitz|p2b: Gholdengo
|-supereffective|p2b: Gholdengo|1
|-damage|p2b: Gholdengo|0 fnt
|faint|p2b: Gholdengo
|-damage|p1b: Incineroar|73/100|[from] Recoil
|
|-damage|p1a: Staraptor|20/100y psn|[from] psn
|upkeep
|
|t:|1786080022
|switch|p2b: Grimmsnarl|Grimmsnarl, L50, M|31/100
|turn|7
|
|t:|1786080035
|move|p1a: Staraptor|Protect|p1a: Staraptor
|-singleturn|p1a: Staraptor|Protect
|move|p2b: Grimmsnarl|Fake Out|p1a: Staraptor
|-activate|p1a: Staraptor|move: Protect
|move|p1b: Incineroar|Parting Shot|p2a: Dragalge
|-unboost|p2a: Dragalge|atk|1
|-unboost|p2a: Dragalge|spa|1
|
|t:|1786080043
|switch|p1b: Talonflame|Talonflame, L50, M|1/100|[from] Parting Shot
|move|p2a: Dragalge|Surf|p1b: Talonflame|[spread] p2b,p1b
|-activate|p1a: Staraptor|move: Protect
|-supereffective|p1b: Talonflame|1
|-damage|p2b: Grimmsnarl|17/100
|-damage|p1b: Talonflame|0 fnt
|faint|p1b: Talonflame
|
|-damage|p1a: Staraptor|8/100 psn|[from] psn
|upkeep
|
|t:|1786080053
|switch|p1b: Incineroar|Incineroar, L50, M|73/100
|-ability|p1b: Incineroar|Intimidate|boost
|-unboost|p2a: Dragalge|atk|1
|-unboost|p2b: Grimmsnarl|atk|1
|turn|8
|
|t:|1786080064
|move|p1b: Incineroar|Fake Out|p2a: Dragalge
|-damage|p2a: Dragalge|0 fnt
|faint|p2a: Dragalge
|move|p2b: Grimmsnarl|Reflect|p2b: Grimmsnarl
|-sidestart|p2: zattvx|Reflect
|move|p1a: Staraptor|Roost|p1a: Staraptor
|-heal|p1a: Staraptor|58/100 psn
|-singleturn|p1a: Staraptor|move: Roost
|
|-damage|p1a: Staraptor|45/100 psn|[from] psn
|upkeep
|
|t:|1786080073
|switch|p2a: Palafin|Palafin, L50, F|100/100
|turn|9
|inactive|TheGayOneVGC has 30 seconds left.
|
|t:|1786080099
|move|p1a: Staraptor|Close Combat|p2a: Palafin
|-damage|p2a: Palafin|0 fnt
|-boost|p1a: Staraptor|def|1
|-boost|p1a: Staraptor|spd|1
|faint|p2a: Palafin
|move|p2b: Grimmsnarl|Spirit Break|p1a: Staraptor
|-supereffective|p1a: Staraptor|1
|-damage|p1a: Staraptor|19/100 psn
|-boost|p1a: Staraptor|spa|1
|move|p1b: Incineroar|Parting Shot|p2b: Grimmsnarl
|-unboost|p2b: Grimmsnarl|atk|1
|-unboost|p2b: Grimmsnarl|spa|1
|
|-damage|p1a: Staraptor|7/100 psn|[from] psn
|upkeep
|turn|10
|inactive|zattvx has 30 seconds left.
|
|t:|1786080128
|move|p1a: Staraptor|Roost|p1a: Staraptor
|-heal|p1a: Staraptor|57/100 psn
|-singleturn|p1a: Staraptor|move: Roost
|move|p2b: Grimmsnarl|Spirit Break|p1a: Staraptor
|-supereffective|p1a: Staraptor|1
|-damage|p1a: Staraptor|37/100 psn
|-boost|p1a: Staraptor|spa|1
|move|p1b: Incineroar|Flare Blitz|p2b: Grimmsnarl
|-damage|p2b: Grimmsnarl|0 fnt
|faint|p2b: Grimmsnarl
|-damage|p1b: Incineroar|67/100|[from] Recoil
|
|win|TheGayOneVGC
|l|☆zattvx
|player|p2|
|inactive|TheGayOneVGC has 30 seconds to confirm battle start!
|inactive|zattvx has 30 seconds to confirm battle start!
||TheGayOneVGC is ready for game 2.
|raw|TheGayOneVGC's rating: 1079 → 1101(+22 for winning)
|raw|zattvx's rating: 1000 → 1000(+0 for losing)
