|j|☆Yunobo7
|j|☆direclawexperience
|html|Yunobo7direclawexperience    
|uhtml|bestof|Game 2 of a best-of-3
|t:|1757694563
|gametype|doubles
|player|p1|Yunobo7|266|1389
|player|p2|direclawexperience|benga|1467
|gen|9
|tier|[Gen 9] VGC 2025 Reg H (Bo3)
|rated|
|rule|Species Clause: Limit one of each Pokémon
|rule|Item Clause: Limit 1 of each item
|clearpoke
|poke|p1|Glimmora, L50, M|
|poke|p1|Maushold-Four, L50|
|poke|p1|Incineroar, L50, M|
|poke|p1|Rillaboom, L50, F|
|poke|p1|Dondozo, L50, M|
|poke|p1|Sneasler, L50, M|
|poke|p2|Sneasler, L50, M|
|poke|p2|Gholdengo, L50|
|poke|p2|Ursaluna-Bloodmoon, L50, M|
|poke|p2|Incineroar, L50, M|
|poke|p2|Annihilape, L50, F|
|poke|p2|Rillaboom, L50, M|
|teampreview|4
|showteam|p1|Glimmora||PowerHerb|ToxicDebris|MeteorBeam,EarthPower,SludgeBomb,SpikyShield|||M|||50|,,,,,Grass]Maushold-Four||WideLens|Technician|PopulationBomb,FollowMe,Taunt,Protect||||||50|,,,,,Ghost]Incineroar||SafetyGoggles|Intimidate|FlareBlitz,PartingShot,KnockOff,FakeOut|||M|||50|,,,,,Ghost]Rillaboom||AssaultVest|GrassySurge|WoodHammer,HighHorsepower,GrassyGlide,FakeOut|||F|||50|,,,,,Fire]Dondozo||Leftovers|Unaware|WaveCrash,Yawn,Fissure,Protect|||M|||50|,,,,,Grass]Sneasler||GrassySeed|Unburden|DireClaw,Acrobatics,CloseCombat,Protect|||M|||50|,,,,,Flying
|showteam|p2|Sneasler||GrassySeed|Unburden|CloseCombat,DireClaw,Acrobatics,Protect|||M|||50|,,,,,Flying]Gholdengo||ChoiceScarf|GoodasGold|MakeItRain,ShadowBall,Trick,Protect||||||50|,,,,,Steel]Ursaluna-Bloodmoon||Leftovers|MindsEye|BloodMoon,EarthPower,CalmMind,Protect|||M|||50|,,,,,Water]Incineroar||SitrusBerry|Intimidate|KnockOff,PartingShot,FlareBlitz,FakeOut|||M|||50|,,,,,Ghost]Annihilape||SafetyGoggles|Defiant|CloseCombat,RageFist,FinalGambit,Coaching|||F|||50|,,,,,Grass]Rillaboom||AssaultVest|GrassySurge|DrumBeating,GrassyGlide,HighHorsepower,FakeOut|||M|||50|,,,,,Fire
|inactive|Battle timer is ON: inactive players will automatically lose when time's up. (requested by direclawexperience)
|inactive|Yunobo7 also wants the timer to be on.
|
|t:|1757694578
|teamsize|p1|4
|teamsize|p2|4
|start
|switch|p1a: Dondozo|Dondozo, L50, M, shiny|100/100
|switch|p1b: Sneasler|Sneasler, L50, M, shiny|100/100
|switch|p2a: Incineroar|Incineroar, L50, M|100/100
|switch|p2b: Gholdengo|Gholdengo, L50|100/100
|-ability|p2a: Incineroar|Intimidate|boost
|-unboost|p1a: Dondozo|atk|1
|-unboost|p1b: Sneasler|atk|1
|turn|1
|
|t:|1757694597
|switch|p1b: Incineroar|Incineroar, L50, M, shiny|100/100
|-ability|p1b: Incineroar|Intimidate|boost
|-unboost|p2a: Incineroar|atk|1
|-unboost|p2b: Gholdengo|atk|1
|move|p2a: Incineroar|Fake Out|p1a: Dondozo
|-crit|p1a: Dondozo
|-damage|p1a: Dondozo|90/100
|move|p2b: Gholdengo|Make It Rain|p1b: Incineroar|[spread] p1a,p1b
|-resisted|p1a: Dondozo
|-resisted|p1b: Incineroar
|-damage|p1a: Dondozo|72/100
|-damage|p1b: Incineroar|78/100
|-unboost|p2b: Gholdengo|spa|1
|cant|p1a: Dondozo|flinch
|
|-heal|p1a: Dondozo|78/100|[from] item: Leftovers
|upkeep
|turn|2
|
|t:|1757694618
|switch|p2b: Sneasler|Sneasler, L50, M|100/100
|move|p1b: Incineroar|Flare Blitz|p2b: Sneasler
|-damage|p2b: Sneasler|20/100
|-damage|p1b: Incineroar|54/100|[from] Recoil
|move|p2a: Incineroar|Knock Off|p1a: Dondozo
|-damage|p1a: Dondozo|54/100
|-enditem|p1a: Dondozo|Leftovers|[from] move: Knock Off|[of] p2a: Incineroar
|move|p1a: Dondozo|Wave Crash|p2b: Sneasler
|-damage|p2b: Sneasler|0 fnt
|faint|p2b: Sneasler
|-damage|p1a: Dondozo|49/100|[from] Recoil
|
|upkeep
|
|t:|1757694632
|switch|p2b: Rillaboom|Rillaboom, L50, M|100/100
|-fieldstart|move: Grassy Terrain|[from] ability: Grassy Surge|[of] p2b: Rillaboom
|turn|3
|inactive|direclawexperience has 30 seconds left.
|inactive|Yunobo7 has 30 seconds left.
|
|t:|1757694665
|switch|p1b: Rillaboom|Rillaboom, L50, F, shiny|100/100
|-terastallize|p2b: Rillaboom|Fire
|move|p2b: Rillaboom|High Horsepower|p1b: Rillaboom
|-resisted|p1b: Rillaboom
|-damage|p1b: Rillaboom|87/100
|move|p2a: Incineroar|Parting Shot|p1a: Dondozo
|-unboost|p1a: Dondozo|atk|1
|-unboost|p1a: Dondozo|spa|1
|
|t:|1757694674
|switch|p2a: Gholdengo|Gholdengo, L50|100/100|[from] Parting Shot
|move|p1a: Dondozo|Wave Crash|p2a: Gholdengo
|-damage|p2a: Gholdengo|77/100
|-damage|p1a: Dondozo|44/100|[from] Recoil
|
|-heal|p2a: Gholdengo|83/100|[from] Grassy Terrain
|-heal|p1b: Rillaboom|93/100|[from] Grassy Terrain
|-heal|p1a: Dondozo|50/100|[from] Grassy Terrain
|upkeep
|turn|4
|
|t:|1757694697
|switch|p2b: Incineroar|Incineroar, L50, M|100/100
|-ability|p2b: Incineroar|Intimidate|boost
|-unboost|p1a: Dondozo|atk|1
|-unboost|p1b: Rillaboom|atk|1
|move|p2a: Gholdengo|Trick|p1b: Rillaboom
|-activate|p2a: Gholdengo|move: Trick|[of] p1b: Rillaboom
|-item|p1b: Rillaboom|Choice Scarf|[from] move: Trick
|-item|p2a: Gholdengo|Assault Vest|[from] move: Trick
|move|p1b: Rillaboom|High Horsepower|p2a: Gholdengo
|-supereffective|p2a: Gholdengo
|-damage|p2a: Gholdengo|34/100
|move|p1a: Dondozo|Wave Crash|p2a: Gholdengo
|-damage|p2a: Gholdengo|15/100
|-damage|p1a: Dondozo|47/100|[from] Recoil
|
|-heal|p1b: Rillaboom|99/100|[from] Grassy Terrain
|-heal|p2a: Gholdengo|21/100|[from] Grassy Terrain
|-heal|p1a: Dondozo|53/100|[from] Grassy Terrain
|upkeep
|turn|5
|inactive|direclawexperience has 30 seconds left.
|
|t:|1757694726
|switch|p2a: Rillaboom|Rillaboom, L50, M, tera:Fire|100/100
|move|p1b: Rillaboom|High Horsepower|p2a: Rillaboom
|-supereffective|p2a: Rillaboom
|-damage|p2a: Rillaboom|57/100
|move|p2b: Incineroar|Flare Blitz|p1b: Rillaboom
|-supereffective|p1b: Rillaboom
|-damage|p1b: Rillaboom|0 fnt
|faint|p1b: Rillaboom
|-damage|p2b: Incineroar|68/100|[from] Recoil
|move|p1a: Dondozo|Wave Crash|p2b: Incineroar
|-supereffective|p2b: Incineroar
|-damage|p2b: Incineroar|40/100
|-enditem|p2b: Incineroar|Sitrus Berry|[eat]
|-heal|p2b: Incineroar|65/100|[from] item: Sitrus Berry
|-damage|p1a: Dondozo|46/100|[from] Recoil
|
|-heal|p2a: Rillaboom|63/100|[from] Grassy Terrain
|-heal|p2b: Incineroar|71/100|[from] Grassy Terrain
|-heal|p1a: Dondozo|52/100|[from] Grassy Terrain
|upkeep
|
|t:|1757694733
|switch|p1b: Sneasler|Sneasler, L50, M, shiny|100/100
|-enditem|p1b: Sneasler|Grassy Seed
|-boost|p1b: Sneasler|def|1|[from] item: Grassy Seed
|turn|6
|inactive|direclawexperience has 30 seconds left.
|
|t:|1757694761
|switch|p2a: Gholdengo|Gholdengo, L50|21/100
|switch|p1a: Incineroar|Incineroar, L50, M, shiny|54/100
|-ability|p1a: Incineroar|Intimidate|boost
|-unboost|p2a: Gholdengo|atk|1
|-unboost|p2b: Incineroar|atk|1
|move|p1b: Sneasler|Protect|p1b: Sneasler
|-singleturn|p1b: Sneasler|Protect
|move|p2b: Incineroar|Parting Shot|p1b: Sneasler
|-activate|p1b: Sneasler|move: Protect
|
|-heal|p2a: Gholdengo|27/100|[from] Grassy Terrain
|-heal|p1a: Incineroar|60/100|[from] Grassy Terrain
|-heal|p2b: Incineroar|77/100|[from] Grassy Terrain
|upkeep
|turn|7
|
|t:|1757694785
|move|p1b: Sneasler|Dire Claw|p2b: Incineroar
|-damage|p2b: Incineroar|32/100
|-status|p2b: Incineroar|par
|move|p2a: Gholdengo|Make It Rain|p1a: Incineroar|[spread] p1a,p1b
|-resisted|p1a: Incineroar
|-damage|p1a: Incineroar|39/100
|-damage|p1b: Sneasler|34/100
|-unboost|p2a: Gholdengo|spa|1
|move|p1a: Incineroar|Knock Off|p2a: Gholdengo
|-supereffective|p2a: Gholdengo
|-damage|p2a: Gholdengo|0 fnt
|-enditem|p2a: Gholdengo|Assault Vest|[from] move: Knock Off|[of] p1a: Incineroar
|faint|p2a: Gholdengo
|move|p2b: Incineroar|Parting Shot|p1a: Incineroar
|-unboost|p1a: Incineroar|atk|1
|-unboost|p1a: Incineroar|spa|1
|
|t:|1757694799
|switch|p2b: Rillaboom|Rillaboom, L50, M, tera:Fire|63/100|[from] Parting Shot
|
|-heal|p1b: Sneasler|40/100|[from] Grassy Terrain
|-heal|p2b: Rillaboom|69/100|[from] Grassy Terrain
|-heal|p1a: Incineroar|45/100|[from] Grassy Terrain
|-fieldend|move: Grassy Terrain
|upkeep
|
|t:|1757694801
|switch|p2a: Incineroar|Incineroar, L50, M|32/100 par
|-ability|p2a: Incineroar|Intimidate|boost
|-unboost|p1a: Incineroar|atk|1
|-unboost|p1b: Sneasler|atk|1
|turn|8
|
|t:|1757694811
|switch|p1a: Dondozo|Dondozo, L50, M, shiny|52/100
|move|p1b: Sneasler|Protect|p1b: Sneasler
|-singleturn|p1b: Sneasler|Protect
|move|p2a: Incineroar|Fake Out|p1b: Sneasler
|-activate|p1b: Sneasler|move: Protect
|move|p2b: Rillaboom|High Horsepower|p1a: Dondozo
|-damage|p1a: Dondozo|36/100
|
|upkeep
|turn|9
|
|t:|1757694827
|-terastallize|p1a: Dondozo|Grass
|move|p1b: Sneasler|Close Combat|p2a: Incineroar
|-supereffective|p2a: Incineroar
|-damage|p2a: Incineroar|0 fnt
|-unboost|p1b: Sneasler|def|1
|-unboost|p1b: Sneasler|spd|1
|faint|p2a: Incineroar
|move|p2b: Rillaboom|High Horsepower|p1b: Sneasler
|-supereffective|p1b: Sneasler
|-damage|p1b: Sneasler|0 fnt
|faint|p1b: Sneasler
|move|p1a: Dondozo|Yawn|p2b: Rillaboom
|-start|p2b: Rillaboom|move: Yawn|[of] p1a: Dondozo
|
|upkeep
|
|t:|1757694828
|switch|p1b: Incineroar|Incineroar, L50, M, shiny|45/100
|-ability|p1b: Incineroar|Intimidate|boost
|-unboost|p2b: Rillaboom|atk|1
|turn|10
|
|t:|1757694844
|move|p1b: Incineroar|Fake Out|p2b: Rillaboom
|-damage|p2b: Rillaboom|57/100
|cant|p2b: Rillaboom|flinch
|move|p1a: Dondozo|Wave Crash|p2b: Rillaboom
|-supereffective|p2b: Rillaboom
|-damage|p2b: Rillaboom|0 fnt
|faint|p2b: Rillaboom
|-damage|p1a: Dondozo|22/100|[from] Recoil
|
|win|Yunobo7
|l|☆direclawexperience
|player|p2|
||direclawexperience is ready for game 3.
|inactive|Yunobo7 has 30 seconds to confirm battle start!
||Yunobo7 is ready for game 3.
|uhtml|next|Next: Game 3 of 3
