|j|☆KrystalKiwii
|j|☆eevee1ynn
|html|KrystalKiwiieevee1ynn    
|uhtml|bestof|Game 1 of a best-of-3
|t:|1785953028
|gametype|doubles
|player|p1|KrystalKiwii|acetrainerf-gen4dp|
|player|p2|eevee1ynn|irida-masters2|
|gen|9
|tier|[Gen 9 Champions] VGC 2026 Reg M-B (Bo3)
|rule|Species Clause: Limit one of each Pokémon
|rule|Item Clause: Limit 1 of each item
|clearpoke
|poke|p1|Tinkaton, L50, F|
|poke|p1|Gholdengo, L50|
|poke|p1|Pelipper, L50, F|
|poke|p1|Swampert, L50, M|
|poke|p1|Garchomp, L50, F|
|poke|p1|Metagross, L50|
|poke|p2|Raichu, L50, M|
|poke|p2|Talonflame, L50, F|
|poke|p2|Maushold, L50|
|poke|p2|Kommo-o, L50, M|
|poke|p2|Tsareena, L50, F|
|poke|p2|Delphox, L50, F|
|teampreview|4
|showteam|p1|Tinkaton||OccaBerry|MoldBreaker|GigatonHammer,PlayRough,HelpingHand,FakeOut|Jolly||F|||50|]Gholdengo||MetalCoat|GoodasGold|ShadowBall,MakeItRain,NastyPlot,Protect|Modest|||||50|]Pelipper||SitrusBerry|Drizzle|WeatherBall,Hurricane,Tailwind,WideGuard|Bold||F|||50|]Swampert||Swampertite|Torrent|WaveCrash,Earthquake,FlipTurn,Protect|Adamant||M|||50|]Garchomp||LifeOrb|RoughSkin|DragonClaw,StompingTantrum,RockSlide,Protect|Jolly||F|||50|]Metagross||Metagrossite|ClearBody|PsychicFangs,IronHead,RockSlide,Protect|Jolly|||||50|
|showteam|p2|Raichu||RaichuniteY|LightningRod|Protect,ZapCannon,FocusBlast,FakeOut|Timid||M|||50|]Talonflame||SharpBeak|GaleWings|QuickGuard,DualWingbeat,Feint,Tailwind|Jolly||F|||50|]Maushold||FocusSash|FriendGuard|Protect,SuperFang,Encore,FollowMe|Timid|||||50|]Kommo-o||LifeOrb|Overcoat|Protect,AuraSphere,ClangingScales,VacuumWave|Modest||M|||50|]Tsareena||WideLens|QueenlyMajesty|Protect,PowerWhip,TripleAxel,Taunt|Adamant||F|||50|]Delphox||Delphoxite|Blaze|Protect,HeatWave,Psychic,Substitute|Timid||F|||50|
|inactive|Battle timer is ON: inactive players will automatically lose when time's up. (requested by KrystalKiwii)
|c|☆KrystalKiwii|glhf!
|c|☆eevee1ynn|u2
|inactive|KrystalKiwii has 60 seconds left.
|inactive|eevee1ynn has 60 seconds left.
|
|t:|1785953066
|teamsize|p1|4
|teamsize|p2|4
|start
|switch|p1a: Garchomp|Garchomp, L50, F|100/100
|switch|p1b: Tinkaton|Tinkaton, L50, F|100/100
|switch|p2a: Kommo-o|Kommo-o, L50, M|100/100
|switch|p2b: Talonflame|Talonflame, L50, F|100/100
|-ability|p1b: Tinkaton|Mold Breaker
|turn|1
|
|t:|1785953079
|move|p2a: Kommo-o|Protect|p2a: Kommo-o
|-singleturn|p2a: Kommo-o|Protect
|move|p1b: Tinkaton|Fake Out|p2b: Talonflame
|-damage|p2b: Talonflame|86/100
|cant|p2b: Talonflame|flinch
|move|p1a: Garchomp|Dragon Claw|p2a: Kommo-o
|-activate|p2a: Kommo-o|move: Protect
|
|upkeep
|turn|2
|
|t:|1785953096
|move|p1a: Garchomp|Protect|p1a: Garchomp
|-singleturn|p1a: Garchomp|Protect
|move|p2b: Talonflame|Feint|p1a: Garchomp
|-activate|p1a: Garchomp|move: Feint
|-damage|p1a: Garchomp|92/100
|move|p2a: Kommo-o|Clanging Scales|p1b: Tinkaton|[spread] p1a
|-immune|p1b: Tinkaton
|-supereffective|p1a: Garchomp|1
|-damage|p1a: Garchomp|0 fnt
|faint|p1a: Garchomp
|-unboost|p2a: Kommo-o|def|1
|-damage|p2a: Kommo-o|90/100|[from] item: Life Orb
|move|p1b: Tinkaton|Play Rough|p2a: Kommo-o
|-supereffective|p2a: Kommo-o|2
|-damage|p2a: Kommo-o|0 fnt
|faint|p2a: Kommo-o
|
|upkeep
|
|t:|1785953104
|switch|p1a: Swampert|Swampert, L50, M|100/100
|switch|p2a: Raichu|Raichu, L50, M|100/100
|turn|3
|
|t:|1785953120
|detailschange|p2a: Raichu|Raichu-Mega-Y, L50, M
|-mega|p2a: Raichu|Raichu|Raichunite Y
|detailschange|p1a: Swampert|Swampert-Mega, L50, M
|-mega|p1a: Swampert|Swampert|Swampertite
|move|p1b: Tinkaton|Helping Hand|p1a: Swampert
|-singleturn|p1a: Swampert|Helping Hand|[of] p1b: Tinkaton
|move|p2a: Raichu|Fake Out|p1a: Swampert
|-damage|p1a: Swampert|92/100
|move|p2b: Talonflame|Tailwind|p2b: Talonflame
|-sidestart|p2: eevee1ynn|move: Tailwind
|cant|p1a: Swampert|flinch
|
|upkeep
|turn|4
|
|t:|1785953136
|move|p2a: Raichu|Protect|p2a: Raichu
|-singleturn|p2a: Raichu|Protect
|move|p2b: Talonflame|Dual Wingbeat|p1a: Swampert
|-damage|p1a: Swampert|73/100
|-damage|p1a: Swampert|56/100
|-hitcount|p1a: Swampert|2
|move|p1b: Tinkaton|Play Rough|p2a: Raichu
|-activate|p2a: Raichu|move: Protect
|move|p1a: Swampert|Flip Turn|p2b: Talonflame
|-supereffective|p2b: Talonflame|1
|-damage|p2b: Talonflame|0 fnt
|faint|p2b: Talonflame
|
|t:|1785953139
|switch|p1a: Pelipper|Pelipper, L50, F|100/100|[from] Flip Turn
|-weather|RainDance|[from] ability: Drizzle|[of] p1a: Pelipper
|
|-weather|RainDance|[upkeep]
|upkeep
|
|t:|1785953144
|switch|p2b: Tsareena|Tsareena, L50, F|100/100
|turn|5
|
|t:|1785953160
|move|p2a: Raichu|Zap Cannon|p1b: Tinkaton
|-damage|p1b: Tinkaton|46/100
|-status|p1b: Tinkaton|par
|move|p2b: Tsareena|Power Whip|p1a: Pelipper
|-damage|p1a: Pelipper|49/100
|-enditem|p1a: Pelipper|Sitrus Berry|[eat]
|-heal|p1a: Pelipper|73/100|[from] item: Sitrus Berry
|move|p1a: Pelipper|Tailwind|p1a: Pelipper
|-sidestart|p1: KrystalKiwii|move: Tailwind
|move|p1b: Tinkaton|Play Rough|p2a: Raichu
|-damage|p2a: Raichu|52/100
|
|-weather|RainDance|[upkeep]
|upkeep
|turn|6
|
|t:|1785953190
|switch|p1b: Swampert|Swampert-Mega, L50, M|56/100
|move|p2a: Raichu|Zap Cannon|p1a: Pelipper
|-supereffective|p1a: Pelipper|2
|-damage|p1a: Pelipper|0 fnt
|faint|p1a: Pelipper
|move|p2b: Tsareena|Power Whip|p1b: Swampert
|-supereffective|p1b: Swampert|2
|-damage|p1b: Swampert|0 fnt
|faint|p1b: Swampert
|
|-weather|RainDance|[upkeep]
|-sideend|p2: eevee1ynn|move: Tailwind
|upkeep
|-message|KrystalKiwii forfeited.
|
|win|eevee1ynn
