|j|☆washingtongargacha
|j|☆MSAtlos
|html|washingtongargachaMSAtlos    
|uhtml|bestof|Game 1 of a best-of-3
|t:|1757196490
|gametype|doubles
|player|p1|washingtongargacha|169|1165
|player|p2|MSAtlos|169|1156
|gen|9
|tier|[Gen 9] VGC 2025 Reg H (Bo3)
|rated|
|rule|Species Clause: Limit one of each Pokémon
|rule|Item Clause: Limit 1 of each item
|clearpoke
|poke|p1|Talonflame, L50, M|
|poke|p1|Gholdengo, L50|
|poke|p1|Dragonite, L50, F|
|poke|p1|Archaludon, L50, M|
|poke|p1|Tyranitar, L50, M|
|poke|p1|Garchomp, L50, M|
|poke|p2|Baxcalibur, L50, F|
|poke|p2|Rillaboom, L50, M|
|poke|p2|Sneasler, L50, F|
|poke|p2|Volcarona, L50, M|
|poke|p2|Annihilape, L50, F|
|poke|p2|Maushold-Four, L50|
|teampreview|4
|showteam|p1|Talonflame||CovertCloak|GaleWings|Tailwind,DualWingbeat,Taunt,FlareBlitz|||M|||50|,,,,,Ghost]Gholdengo||ChoiceSpecs|GoodasGold|MakeItRain,SteelBeam,ShadowBall,PowerGem||||||50|,,,,,Flying]Dragonite||LoadedDice|Multiscale|ScaleShot,IceSpinner,Haze,Protect|||F|||50|,,,,,Steel]Archaludon||PowerHerb|Sturdy|FlashCannon,ElectroShot,DracoMeteor,Protect|||M|||50|,,,,,Flying]Tyranitar||AssaultVest|SandStream|KnockOff,RockSlide,TeraBlast,LowKick|||M|||50|,,,,,Flying]Garchomp||LifeOrb|RoughSkin|DragonClaw,StompingTantrum,Earthquake,Protect|||M|||50|,,,,,Steel
|showteam|p2|Baxcalibur||LoadedDice|ThermalExchange|Protect,IcicleSpear,ScaleShot,IceShard|||F|||50|,,,,,Poison]Rillaboom||AssaultVest|GrassySurge|WoodHammer,GrassyGlide,FakeOut,HighHorsepower|||M|||50|,,,,,Water]Sneasler||FocusSash|Unburden|Protect,CloseCombat,DireClaw,Coaching|||F|||50|,,,,,Stellar]Volcarona||CovertCloak|FlameBody|HeatWave,TeraBlast,QuiverDance,RagePowder|||M|||50|,,,,,Fairy]Annihilape||SitrusBerry|Defiant|DrainPunch,RageFist,BulkUp,Protect|||F|||50|,,,,,Fire]Maushold-Four||SafetyGoggles|FriendGuard|BeatUp,Taunt,FollowMe,Protect||||||50|,,,,,Ghost
|
|t:|1757196550
|teamsize|p1|4
|teamsize|p2|4
|start
|switch|p1a: Talonflame|Talonflame, L50, M|100/100
|switch|p1b: Gholdengo|Gholdengo, L50|100/100
|switch|p2a: Baxcalibur|Baxcalibur, L50, F|100/100
|switch|p2b: Sneasler|Sneasler, L50, F|100/100
|turn|1
|inactive|Battle timer is ON: inactive players will automatically lose when time's up. (requested by washingtongargacha)
|
|t:|1757196633
|-terastallize|p2a: Baxcalibur|Poison
|move|p1a: Talonflame|Tailwind|p1a: Talonflame
|-sidestart|p1: washingtongargacha|move: Tailwind
|move|p1b: Gholdengo|Make It Rain|p2b: Sneasler|[spread] p2a,p2b
|-damage|p2a: Baxcalibur|19/100
|-enditem|p2b: Sneasler|Focus Sash
|-damage|p2b: Sneasler|1/100
|-unboost|p1b: Gholdengo|spa|1
|move|p2b: Sneasler|Coaching|p2a: Baxcalibur
|-boost|p2a: Baxcalibur|atk|1
|-boost|p2a: Baxcalibur|def|1
|move|p2a: Baxcalibur|Scale Shot|p1a: Talonflame
|-damage|p1a: Talonflame|69/100
|-damage|p1a: Talonflame|40/100
|-damage|p1a: Talonflame|8/100
|-damage|p1a: Talonflame|0 fnt
|faint|p1a: Talonflame
|-hitcount|p1: Talonflame|4
|-unboost|p2a: Baxcalibur|def|1
|-boost|p2a: Baxcalibur|spe|1
|
|upkeep
|
|t:|1757196655
|switch|p1a: Garchomp|Garchomp, L50, M|100/100
|turn|2
|inactive|MSAtlos has 30 seconds left.
|inactive|MSAtlos has 20 seconds left.
|
|t:|1757196693
|-terastallize|p1b: Gholdengo|Flying
|move|p2b: Sneasler|Close Combat|p1a: Garchomp
|-damage|p1a: Garchomp|32/100
|-unboost|p2b: Sneasler|def|1
|-unboost|p2b: Sneasler|spd|1
|-damage|p2b: Sneasler|0 fnt|[from] ability: Rough Skin|[of] p1a: Garchomp
|faint|p2b: Sneasler
|move|p1a: Garchomp|Earthquake|p2a: Baxcalibur|[spread] p2a
|-immune|p1b: Gholdengo
|-supereffective|p2a: Baxcalibur
|-crit|p2a: Baxcalibur
|-damage|p2a: Baxcalibur|0 fnt
|faint|p2a: Baxcalibur
|-damage|p1a: Garchomp|22/100|[from] item: Life Orb
|move|p1b: Gholdengo|Make It Rain|p2: Baxcalibur|[notarget]
|-fail|p1b: Gholdengo
|
|upkeep
|
|t:|1757196698
|switch|p2b: Rillaboom|Rillaboom, L50, M|100/100
|switch|p2a: Volcarona|Volcarona, L50, M|100/100
|-fieldstart|move: Grassy Terrain|[from] ability: Grassy Surge|[of] p2b: Rillaboom
|turn|3
|
|t:|1757196719
|switch|p1b: Dragonite|Dragonite, L50, F|100/100
|move|p1a: Garchomp|Protect|p1a: Garchomp
|-singleturn|p1a: Garchomp|Protect
|move|p2b: Rillaboom|Fake Out|p1a: Garchomp
|-activate|p1a: Garchomp|move: Protect
|move|p2a: Volcarona|Quiver Dance|p2a: Volcarona
|-boost|p2a: Volcarona|spa|1
|-boost|p2a: Volcarona|spd|1
|-boost|p2a: Volcarona|spe|1
|
|-heal|p1a: Garchomp|28/100|[from] Grassy Terrain
|upkeep
|turn|4
|
|t:|1757196738
|move|p1a: Garchomp|Earthquake|p2b: Rillaboom|[spread] p2a,p2b
|-immune|p1b: Dragonite
|-resisted|p2b: Rillaboom
|-damage|p2a: Volcarona|73/100
|-damage|p2b: Rillaboom|88/100
|-damage|p1a: Garchomp|18/100|[from] item: Life Orb
|move|p1b: Dragonite|Scale Shot|p2a: Volcarona
|-damage|p2a: Volcarona|58/100
|-damage|p2a: Volcarona|41/100
|-damage|p2a: Volcarona|24/100
|-damage|p2a: Volcarona|8/100
|-damage|p2a: Volcarona|0 fnt
|faint|p2a: Volcarona
|-hitcount|p2: Volcarona|5
|-unboost|p1b: Dragonite|def|1
|-boost|p1b: Dragonite|spe|1
|move|p2b: Rillaboom|Wood Hammer|p1b: Dragonite
|-resisted|p1b: Dragonite
|-damage|p1b: Dragonite|84/100
|-damage|p2b: Rillaboom|83/100|[from] Recoil
|
|-heal|p1a: Garchomp|24/100|[from] Grassy Terrain
|-heal|p2b: Rillaboom|89/100|[from] Grassy Terrain
|-sideend|p1: washingtongargacha|move: Tailwind
|upkeep
|turn|5
|inactive|washingtongargacha has 30 seconds left.
|
|t:|1757196764
|move|p1b: Dragonite|Ice Spinner|p2b: Rillaboom
|-supereffective|p2b: Rillaboom
|-damage|p2b: Rillaboom|33/100
|-fieldend|move: Grassy Terrain
|move|p1a: Garchomp|Dragon Claw|p2b: Rillaboom
|-damage|p2b: Rillaboom|0 fnt
|faint|p2b: Rillaboom
|-damage|p1a: Garchomp|15/100|[from] item: Life Orb
|
|win|washingtongargacha
