|j|☆WeVibein
|j|☆randomguy1114s
|html|WeVibeinrandomguy1114s    
|uhtml|bestof|Game 1 of a best-of-3
|t:|1757137948
|gametype|doubles
|player|p1|WeVibein|170|1108
|player|p2|randomguy1114s|lillie-masters|1225
|gen|9
|tier|[Gen 9] VGC 2025 Reg H (Bo3)
|rated|
|rule|Species Clause: Limit one of each Pokémon
|rule|Item Clause: Limit 1 of each item
|clearpoke
|poke|p1|Ursaluna, L50, F|
|poke|p1|Incineroar, L50, F|
|poke|p1|Porygon2, L50|
|poke|p1|Amoonguss, L50, F|
|poke|p1|Primarina, L50, F|
|poke|p1|Dragonite, L50, M|
|poke|p2|Dragonite, L50, F|
|poke|p2|Archaludon, L50, F|
|poke|p2|Sinistcha, L50|
|poke|p2|Ursaluna, L50, F|
|poke|p2|Pelipper, L50, F|
|poke|p2|Gholdengo, L50|
|teampreview|4
|showteam|p1|Ursaluna||FlameOrb|Guts|Facade,HeadlongRush,CloseCombat,Protect|||F|||50|,,,,,Normal]Incineroar||SafetyGoggles|Intimidate|FlareBlitz,KnockOff,PartingShot,FakeOut|||F|||50|,,,,,Ghost]Porygon2||Eviolite|Download|TrickRoom,TeraBlast,Thunderbolt,Protect||||||50|,,,,,Flying]Amoonguss||RockyHelmet|Regenerator|Spore,RagePowder,SludgeBomb,Protect|||F|||50|,,,,,Ghost]Primarina||LifeOrb|LiquidVoice|HyperVoice,Moonblast,Psychic,Protect|||F|||50|,,,,,Poison]Dragonite||LoadedDice|Multiscale|ScaleShot,Tailwind,AerialAce,Protect|||M|||50|,,,,,Fairy
|showteam|p2|Dragonite||LoadedDice|Multiscale|ScaleShot,Haze,Tailwind,Protect|||F|||50|,,,,,Fairy]Archaludon||AssaultVest|Stamina|FlashCannon,BodyPress,ElectroShot,Snarl|||F|||50|,,,,,Fighting]Sinistcha||SitrusBerry|Hospitality|MatchaGotcha,RagePowder,TrickRoom,LifeDew||||||50|,,,,,Dark]Ursaluna||FlameOrb|Guts|HeadlongRush,Facade,Earthquake,Protect|||F|||50|,,,,,Ghost]Pelipper||FocusSash|Drizzle|MuddyWater,Hurricane,Tailwind,Protect|||F|||50|,,,,,Steel]Gholdengo||ChoiceScarf|GoodasGold|MakeItRain,ShadowBall,Protect,Trick||||||50|,,,,,Flying
|inactive|Battle timer is ON: inactive players will automatically lose when time's up. (requested by randomguy1114s)
|
|t:|1757138035
|teamsize|p1|4
|teamsize|p2|4
|start
|switch|p1a: Porygon2|Porygon2, L50|100/100
|switch|p1b: Incineroar|Incineroar, L50, F|100/100
|switch|p2a: Pelipper|Pelipper, L50, F|100/100
|switch|p2b: Gholdengo|Gholdengo, L50|100/100
|-weather|RainDance|[from] ability: Drizzle|[of] p2a: Pelipper
|-ability|p1b: Incineroar|Intimidate|boost
|-unboost|p2a: Pelipper|atk|1
|-unboost|p2b: Gholdengo|atk|1
|-ability|p1a: Porygon2|Download|boost
|-boost|p1a: Porygon2|spa|1
|turn|1
|inactive|WeVibein has 30 seconds left.
|
|t:|1757138062
|move|p2a: Pelipper|Protect|p2a: Pelipper
|-singleturn|p2a: Pelipper|Protect
|move|p1b: Incineroar|Fake Out|p2a: Pelipper
|-activate|p2a: Pelipper|move: Protect
|move|p2b: Gholdengo|Trick|p1a: Porygon2
|-activate|p2b: Gholdengo|move: Trick|[of] p1a: Porygon2
|-item|p1a: Porygon2|Choice Scarf|[from] move: Trick
|-item|p2b: Gholdengo|Eviolite|[from] move: Trick
|move|p1a: Porygon2|Trick Room|p1a: Porygon2
|-fieldstart|move: Trick Room|[of] p1a: Porygon2
|
|-weather|RainDance|[upkeep]
|upkeep
|turn|2
|inactive|WeVibein has 30 seconds left.
|
|t:|1757138093
|switch|p1a: Primarina|Primarina, L50, F|100/100
|move|p2b: Gholdengo|Protect|p2b: Gholdengo
|-singleturn|p2b: Gholdengo|Protect
|move|p1b: Incineroar|Knock Off|p2b: Gholdengo
|-activate|p2b: Gholdengo|move: Protect
|move|p2a: Pelipper|Muddy Water|p1b: Incineroar|[spread] 
|-miss|p2a: Pelipper|p1a: Primarina
|-miss|p2a: Pelipper|p1b: Incineroar
|
|-weather|RainDance|[upkeep]
|upkeep
|turn|3
|inactive|WeVibein has 30 seconds left.
|
|t:|1757138124
|switch|p2b: Archaludon|Archaludon, L50, F|100/100
|move|p1b: Incineroar|Knock Off|p2b: Archaludon
|-damage|p2b: Archaludon|68/100
|-ability|p2b: Archaludon|Stamina|boost
|-boost|p2b: Archaludon|def|1
|-enditem|p2b: Archaludon|Assault Vest|[from] move: Knock Off|[of] p1b: Incineroar
|move|p1a: Primarina|Hyper Voice|p2a: Pelipper|[spread] p2a,p2b
|-resisted|p2a: Pelipper
|-resisted|p2b: Archaludon
|-damage|p2a: Pelipper|41/100
|-damage|p2b: Archaludon|27/100
|-ability|p2b: Archaludon|Stamina|boost
|-boost|p2b: Archaludon|def|1
|-damage|p1a: Primarina|91/100|[from] item: Life Orb
|move|p2a: Pelipper|Muddy Water|p1a: Primarina|[spread] p1a,p1b
|-resisted|p1a: Primarina
|-supereffective|p1b: Incineroar
|-damage|p1a: Primarina|72/100
|-damage|p1b: Incineroar|25/100
|-unboost|p1b: Incineroar|accuracy|1
|
|-weather|RainDance|[upkeep]
|upkeep
|turn|4
|inactive|randomguy1114s has 30 seconds left.
|inactive|randomguy1114s has 20 seconds left.
|inactive|randomguy1114s has 15 seconds left.
|
|t:|1757138168
|move|p2a: Pelipper|Protect|p2a: Pelipper
|-singleturn|p2a: Pelipper|Protect
|move|p1b: Incineroar|Knock Off|p2a: Pelipper
|-activate|p2a: Pelipper|move: Protect
|move|p1a: Primarina|Hyper Voice|p2a: Pelipper|[spread] p2b
|-activate|p2a: Pelipper|move: Protect
|-resisted|p2b: Archaludon
|-damage|p2b: Archaludon|0 fnt
|faint|p2b: Archaludon
|-damage|p1a: Primarina|62/100|[from] item: Life Orb
|
|-weather|RainDance|[upkeep]
|upkeep
|
|t:|1757138184
|switch|p2b: Gholdengo|Gholdengo, L50|100/100
|turn|5
|
|t:|1757138193
|move|p2b: Gholdengo|Protect|p2b: Gholdengo
|-singleturn|p2b: Gholdengo|Protect
|move|p1b: Incineroar|Knock Off|p2b: Gholdengo
|-activate|p2b: Gholdengo|move: Protect
|move|p1a: Primarina|Hyper Voice|p2a: Pelipper|[spread] p2a
|-activate|p2b: Gholdengo|move: Protect
|-resisted|p2a: Pelipper
|-damage|p2a: Pelipper|0 fnt
|faint|p2a: Pelipper
|-damage|p1a: Primarina|52/100|[from] item: Life Orb
|
|-weather|none
|-fieldend|move: Trick Room
|upkeep
|
|t:|1757138205
|switch|p2a: Ursaluna|Ursaluna, L50, F, shiny|100/100
|turn|6
|
|t:|1757138221
|move|p1a: Primarina|Protect|p1a: Primarina
|-singleturn|p1a: Primarina|Protect
|move|p2b: Gholdengo|Make It Rain|p1b: Incineroar|[spread] p1b
|-activate|p1a: Primarina|move: Protect
|-resisted|p1b: Incineroar
|-damage|p1b: Incineroar|2/100
|-unboost|p2b: Gholdengo|spa|1
|move|p1b: Incineroar|Parting Shot|p2b: Gholdengo
|-immune|p2b: Gholdengo|[from] ability: Good as Gold
|move|p2a: Ursaluna|Facade|p1b: Incineroar
|-damage|p1b: Incineroar|0 fnt
|faint|p1b: Incineroar
|
|-status|p2a: Ursaluna|brn|[from] item: Flame Orb
|upkeep
|
|t:|1757138245
|switch|p1b: Ursaluna|Ursaluna, L50, F, shiny|100/100
|turn|7
|inactive|WeVibein has 30 seconds left.
|
|t:|1757138279
|-terastallize|p2a: Ursaluna|Ghost
|-terastallize|p1b: Ursaluna|Normal
|move|p2b: Gholdengo|Shadow Ball|p1a: Primarina
|-damage|p1a: Primarina|24/100
|move|p1a: Primarina|Hyper Voice|p2b: Gholdengo|[spread] p2a,p2b
|-damage|p2a: Ursaluna|60/100 brn
|-damage|p2b: Gholdengo|49/100
|-damage|p1a: Primarina|14/100|[from] item: Life Orb
|move|p2a: Ursaluna|Facade|p1b: Ursaluna
|-damage|p1b: Ursaluna|0 fnt
|faint|p1b: Ursaluna
|
|-damage|p2a: Ursaluna|54/100 brn|[from] brn
|upkeep
|
|t:|1757138297
|switch|p1b: Porygon2|Porygon2, L50|100/100
|-ability|p1b: Porygon2|Download|boost
|-boost|p1b: Porygon2|spa|1
|turn|8
|
|t:|1757138308
|move|p2b: Gholdengo|Make It Rain|p1a: Primarina|[spread] p1a,p1b
|-crit|p1b: Porygon2
|-damage|p1a: Primarina|0 fnt
|-damage|p1b: Porygon2|25/100
|-unboost|p2b: Gholdengo|spa|1
|faint|p1a: Primarina
|move|p1b: Porygon2|Thunderbolt|p2a: Ursaluna
|-damage|p2a: Ursaluna|18/100 brn
|move|p2a: Ursaluna|Facade|p1b: Porygon2
|-damage|p1b: Porygon2|0 fnt
|faint|p1b: Porygon2
|
|win|randomguy1114s
