|j|☆vuelve chusooo
|j|☆icanttext
|html|vuelve chusoooicanttext    
|uhtml|bestof|Game 1 of a best-of-3
|t:|1784577514
|gametype|doubles
|player|p1|vuelve chusooo|fisherman-gen4|1211
|player|p2|icanttext|102|1089
|gen|9
|tier|[Gen 9 Champions] VGC 2026 Reg M-B (Bo3)
|rated|
|rule|Species Clause: Limit one of each Pokémon
|rule|Item Clause: Limit 1 of each item
|clearpoke
|poke|p1|Swampert, L50, F|
|poke|p1|Pelipper, L50, F|
|poke|p1|Archaludon, L50, F|
|poke|p1|Floette-Eternal, L50, F|
|poke|p1|Basculegion, L50, M|
|poke|p1|Incineroar, L50, F|
|poke|p2|Grimmsnarl, L50, M|
|poke|p2|Incineroar, L50, F|
|poke|p2|Whimsicott, L50, F|
|poke|p2|Metagross, L50|
|poke|p2|Milotic, L50, F|
|poke|p2|Venusaur, L50, M|
|teampreview|4
|showteam|p1|Swampert||Swampertite|Torrent|WaveCrash,Earthquake,IcePunch,Protect|Adamant||F|||50|]Pelipper||FocusSash|Drizzle|WeatherBall,Hurricane,Tailwind,Protect|Modest||F|||50|]Archaludon||Leftovers|Stamina|DragonPulse,FlashCannon,ElectroShot,Protect|Modest||F|||50|]Floette-Eternal||Floettite|FlowerVeil|Moonblast,DazzlingGleam,LightofRuin,Protect|Modest||F|||50|]Basculegion||ChoiceScarf|Adaptability|WaveCrash,LastRespects,AquaJet,FlipTurn|Adamant||M|||50|]Incineroar||SitrusBerry|Intimidate|FakeOut,PartingShot,FlareBlitz,ThroatChop|Careful||F|||50|
|showteam|p2|Grimmsnarl||LightClay|Prankster|SpiritBreak,PartingShot,Reflect,LightScreen|Impish||M|||50|]Incineroar||SitrusBerry|Intimidate|FakeOut,FlareBlitz,PartingShot,Snarl|Impish||F|||50|]Whimsicott||FocusSash|Prankster|Moonblast,Tailwind,Taunt,Protect|Timid||F|||50|]Metagross||Metagrossite|ClearBody|IronHead,BodyPress,IronDefense,Protect|Careful|||||50|]Milotic||Leftovers|Competitive|Scald,Coil,Hypnosis,Protect|Calm||F|||50|]Venusaur||Venusaurite|Overgrow|GigaDrain,SludgeBomb,EarthPower,Protect|Modest||M|||50|
|inactive|Battle timer is ON: inactive players will automatically lose when time's up. (requested by icanttext)
|inactive|vuelve chusooo has 60 seconds left.
|inactive|vuelve chusooo has 30 seconds left.
|inactive|vuelve chusooo has 20 seconds left.
|inactive|vuelve chusooo has 15 seconds left.
|inactive|vuelve chusooo has 10 seconds left.
|inactive|vuelve chusooo has 5 seconds left.
|
|t:|1784577606
|teamsize|p1|4
|teamsize|p2|4
|start
|switch|p1a: Pelipper|Pelipper, L50, F|100/100
|switch|p1b: Archaludon|Archaludon, L50, F|100/100
|switch|p2a: Whimsicott|Whimsicott, L50, F|100/100
|switch|p2b: Grimmsnarl|Grimmsnarl, L50, M|100/100
|-weather|RainDance|[from] ability: Drizzle|[of] p1a: Pelipper
|turn|1
|inactive|vuelve chusooo has 30 seconds left.
|inactive|icanttext has 30 seconds left.
|
|t:|1784577635
|move|p2b: Grimmsnarl|Light Screen|p2b: Grimmsnarl
|-sidestart|p2: icanttext|move: Light Screen
|move|p2a: Whimsicott|Moonblast|p1a: Pelipper
|-damage|p1a: Pelipper|38/100
|move|p1a: Pelipper|Tailwind|p1a: Pelipper
|-sidestart|p1: vuelve chusooo|move: Tailwind
|move|p1b: Archaludon|Electro Shot||[still]
|-prepare|p1b: Archaludon|Electro Shot
|-boost|p1b: Archaludon|spa|1
|-anim|p1b: Archaludon|Electro Shot|p2b: Grimmsnarl
|-damage|p2b: Grimmsnarl|61/100
|
|-weather|RainDance|[upkeep]
|upkeep
|turn|2
|inactive|vuelve chusooo has 30 seconds left.
|inactive|icanttext has 30 seconds left.
|
|t:|1784577662
|move|p1a: Pelipper|Protect|p1a: Pelipper
|-singleturn|p1a: Pelipper|Protect
|move|p2a: Whimsicott|Tailwind|p2a: Whimsicott
|-sidestart|p2: icanttext|move: Tailwind
|move|p1b: Archaludon|Electro Shot||[still]
|-prepare|p1b: Archaludon|Electro Shot
|-boost|p1b: Archaludon|spa|1
|-anim|p1b: Archaludon|Electro Shot|p2b: Grimmsnarl
|-damage|p2b: Grimmsnarl|11/100
|move|p2b: Grimmsnarl|Spirit Break|p1b: Archaludon
|-damage|p1b: Archaludon|79/100
|-unboost|p1b: Archaludon|spa|1
|-ability|p1b: Archaludon|Stamina|boost
|-boost|p1b: Archaludon|def|1
|
|-weather|RainDance|[upkeep]
|-heal|p1b: Archaludon|85/100|[from] item: Leftovers
|upkeep
|turn|3
|inactive|vuelve chusooo has 30 seconds left.
|inactive|icanttext has 30 seconds left.
|inactive|vuelve chusooo has 20 seconds left.
|inactive|vuelve chusooo has 15 seconds left.
|
|t:|1784577704
|switch|p1a: Swampert|Swampert, L50, F|100/100
|move|p2b: Grimmsnarl|Parting Shot|p1b: Archaludon
|-unboost|p1b: Archaludon|atk|1
|-unboost|p1b: Archaludon|spa|1
|
|t:|1784577710
|switch|p2b: Milotic|Milotic, L50, F|100/100|[from] Parting Shot
|move|p2a: Whimsicott|Moonblast|p1a: Swampert
|-damage|p1a: Swampert|65/100
|move|p1b: Archaludon|Electro Shot||[still]
|-prepare|p1b: Archaludon|Electro Shot
|-boost|p1b: Archaludon|spa|1
|-anim|p1b: Archaludon|Electro Shot|p2b: Milotic
|-supereffective|p2b: Milotic|1
|-damage|p2b: Milotic|58/100
|
|-weather|RainDance|[upkeep]
|-heal|p1b: Archaludon|91/100|[from] item: Leftovers
|-heal|p2b: Milotic|64/100|[from] item: Leftovers
|upkeep
|turn|4
|inactive|vuelve chusooo has 30 seconds left.
|inactive|icanttext has 30 seconds left.
|
|t:|1784577742
|detailschange|p1a: Swampert|Swampert-Mega, L50, F
|-mega|p1a: Swampert|Swampert|Swampertite
|move|p1a: Swampert|Protect|p1a: Swampert
|-singleturn|p1a: Swampert|Protect
|move|p2b: Milotic|Protect|p2b: Milotic
|-singleturn|p2b: Milotic|Protect
|move|p2a: Whimsicott|Moonblast|p1b: Archaludon
|-damage|p1b: Archaludon|56/100
|-ability|p1b: Archaludon|Stamina|boost
|-boost|p1b: Archaludon|def|1
|move|p1b: Archaludon|Electro Shot||[still]
|-prepare|p1b: Archaludon|Electro Shot
|-boost|p1b: Archaludon|spa|1
|-anim|p1b: Archaludon|Electro Shot|p2b: Milotic
|-activate|p2b: Milotic|move: Protect
|
|-weather|RainDance|[upkeep]
|-heal|p1b: Archaludon|62/100|[from] item: Leftovers
|-heal|p2b: Milotic|70/100|[from] item: Leftovers
|-sideend|p1: vuelve chusooo|move: Tailwind
|upkeep
|turn|5
|inactive|icanttext has 30 seconds left.
|inactive|icanttext has 20 seconds left.
|
|t:|1784577781
|move|p2a: Whimsicott|Moonblast|p1a: Swampert
|-crit|p1a: Swampert
|-damage|p1a: Swampert|19/100
|move|p1a: Swampert|Ice Punch|p2a: Whimsicott
|-supereffective|p2a: Whimsicott|1
|-damage|p2a: Whimsicott|5/100
|move|p2b: Milotic|Hypnosis|p1b: Archaludon
|-status|p1b: Archaludon|slp|[from] move: Hypnosis
|cant|p1b: Archaludon|slp
|
|-weather|none
|-heal|p2b: Milotic|76/100|[from] item: Leftovers
|-heal|p1b: Archaludon|68/100 slp|[from] item: Leftovers
|-sideend|p2: icanttext|move: Tailwind
|upkeep
|turn|6
|inactive|vuelve chusooo has 30 seconds left.
|inactive|vuelve chusooo has 20 seconds left.
|inactive|vuelve chusooo has 15 seconds left.
|inactive|vuelve chusooo has 10 seconds left.
|
|t:|1784577828
|switch|p1a: Pelipper|Pelipper, L50, F|38/100
|-weather|RainDance|[from] ability: Drizzle|[of] p1a: Pelipper
|move|p2a: Whimsicott|Tailwind|p2a: Whimsicott
|-sidestart|p2: icanttext|move: Tailwind
|move|p2b: Milotic|Scald|p1a: Pelipper
|-resisted|p1a: Pelipper|1
|-damage|p1a: Pelipper|1/100
|-status|p1a: Pelipper|brn
|-curestatus|p1b: Archaludon|slp|[msg]
|move|p1b: Archaludon|Electro Shot||[still]
|-prepare|p1b: Archaludon|Electro Shot
|-boost|p1b: Archaludon|spa|1
|-anim|p1b: Archaludon|Electro Shot|p2b: Milotic
|-supereffective|p2b: Milotic|1
|-crit|p2b: Milotic
|-damage|p2b: Milotic|0 fnt
|faint|p2b: Milotic
|
|-weather|RainDance|[upkeep]
|-heal|p1b: Archaludon|74/100|[from] item: Leftovers
|-damage|p1a: Pelipper|0 fnt|[from] brn
|faint|p1a: Pelipper
|upkeep
|
|t:|1784577850
|switch|p1a: Swampert|Swampert-Mega, L50, F|19/100
|switch|p2b: Venusaur|Venusaur, L50, M|100/100
|turn|7
|
|t:|1784577870
|detailschange|p2b: Venusaur|Venusaur-Mega, L50, M
|-mega|p2b: Venusaur|Venusaur|Venusaurite
|move|p1a: Swampert|Protect|p1a: Swampert
|-singleturn|p1a: Swampert|Protect
|move|p1b: Archaludon|Protect|p1b: Archaludon
|-singleturn|p1b: Archaludon|Protect
|move|p2a: Whimsicott|Moonblast|p1a: Swampert
|-activate|p1a: Swampert|move: Protect
|move|p2b: Venusaur|Earth Power|p1b: Archaludon
|-activate|p1b: Archaludon|move: Protect
|
|-weather|RainDance|[upkeep]
|-heal|p1b: Archaludon|80/100|[from] item: Leftovers
|upkeep
|turn|8
|inactive|vuelve chusooo has 30 seconds left.
|
|t:|1784577896
|move|p2a: Whimsicott|Moonblast|p1a: Swampert
|-damage|p1a: Swampert|0 fnt
|faint|p1a: Swampert
|move|p2b: Venusaur|Earth Power|p1b: Archaludon
|-supereffective|p1b: Archaludon|1
|-damage|p1b: Archaludon|17/100
|-ability|p1b: Archaludon|Stamina|boost
|-boost|p1b: Archaludon|def|1
|move|p1b: Archaludon|Electro Shot||[still]
|-prepare|p1b: Archaludon|Electro Shot
|-boost|p1b: Archaludon|spa|1
|-anim|p1b: Archaludon|Electro Shot|p2b: Venusaur
|-resisted|p2b: Venusaur|1
|-damage|p2b: Venusaur|66/100
|
|-weather|RainDance|[upkeep]
|-heal|p1b: Archaludon|23/100|[from] item: Leftovers
|-sideend|p2: icanttext|move: Light Screen
|upkeep
|
|t:|1784577910
|switch|p1a: Basculegion|Basculegion, L50, M|100/100
|turn|9
|
|t:|1784577930
|switch|p2a: Grimmsnarl|Grimmsnarl, L50, M|11/100
|move|p1b: Archaludon|Protect|p1b: Archaludon
|-singleturn|p1b: Archaludon|Protect
|move|p2b: Venusaur|Giga Drain|p1a: Basculegion
|-supereffective|p1a: Basculegion|1
|-damage|p1a: Basculegion|0 fnt
|-heal|p2b: Venusaur|100/100|[from] drain|[of] p1a: Basculegion
|faint|p1a: Basculegion
|
|-weather|RainDance|[upkeep]
|-heal|p1b: Archaludon|29/100|[from] item: Leftovers
|-sideend|p2: icanttext|move: Tailwind
|upkeep
|turn|10
|inactive|vuelve chusooo has 30 seconds left.
|
|t:|1784577956
|move|p2b: Venusaur|Protect|p2b: Venusaur
|-singleturn|p2b: Venusaur|Protect
|move|p2a: Grimmsnarl|Light Screen|p2a: Grimmsnarl
|-sidestart|p2: icanttext|move: Light Screen
|move|p1b: Archaludon|Dragon Pulse|p2b: Venusaur
|-activate|p2b: Venusaur|move: Protect
|
|-weather|none
|-heal|p1b: Archaludon|36/100|[from] item: Leftovers
|upkeep
|turn|11
|
|t:|1784577970
|move|p2a: Grimmsnarl|Parting Shot|p1b: Archaludon
|-unboost|p1b: Archaludon|atk|1
|-unboost|p1b: Archaludon|spa|1
|
|t:|1784577974
|switch|p2a: Whimsicott|Whimsicott, L50, F|5/100|[from] Parting Shot
|move|p1b: Archaludon|Dragon Pulse|p2b: Venusaur
|-damage|p2b: Venusaur|47/100
|move|p2b: Venusaur|Earth Power|p1b: Archaludon
|-supereffective|p1b: Archaludon|1
|-damage|p1b: Archaludon|0 fnt
|faint|p1b: Archaludon
|
|win|icanttext
|inactive|vuelve chusooo has 30 seconds to confirm battle start!
|inactive|icanttext has 30 seconds to confirm battle start!
||vuelve chusooo is ready for game 2.
||icanttext is ready for game 2.
|uhtml|next|Next: Game 2 of 3
