|j|☆subert
|j|☆joan cortes
|html|subertjoan cortes    
|uhtml|bestof|Game 1 of a best-of-3
|t:|1757682919
|gametype|doubles
|player|p1|subert|2|1017
|player|p2|joan cortes|1|1056
|gen|9
|tier|[Gen 9] VGC 2025 Reg H (Bo3)
|rated|
|rule|Species Clause: Limit one of each Pokémon
|rule|Item Clause: Limit 1 of each item
|clearpoke
|poke|p1|Farigiraf, L50, F|
|poke|p1|Conkeldurr, L50, M|
|poke|p1|Incineroar, L50, M|
|poke|p1|Clefairy, L50, M|
|poke|p1|Skeledirge, L50, F|
|poke|p1|Salamence, L50, F|
|poke|p2|Maushold-Four, L50|
|poke|p2|Annihilape, L50, M|
|poke|p2|Gholdengo, L50|
|poke|p2|Rillaboom, L50, F|
|poke|p2|Ninetales-Alola, L50, M|
|poke|p2|Talonflame, L50, M|
|teampreview|4
|showteam|p1|Farigiraf||ThroatSpray|ArmorTail|HyperVoice,TrickRoom,Psychic,Protect|||F|||50|,,,,,Normal]Conkeldurr||FlameOrb|Guts|Facade,DrainPunch,Earthquake,Protect|||M|||50|,,,,,Normal]Incineroar||SafetyGoggles|Intimidate|FakeOut,FlareBlitz,PartingShot,KnockOff|||M|||50|,,,,,Fire]Clefairy||Eviolite|FriendGuard|FollowMe,HelpingHand,LifeDew,Protect|||M|||50|,,,,,Fairy]Skeledirge||RoomService|Unaware|TorchSong,ShadowBall,TeraBlast,Protect|||F|||50|,,,,,Ice]Salamence||CovertCloak|Intimidate|Tailwind,IronHead,DualWingbeat,Protect|||F|||50|,,,,,Steel
|showteam|p2|Maushold-Four||SafetyGoggles|FriendGuard|Protect,FollowMe,Taunt,BeatUp||||||50|,,,,,Ghost]Annihilape||Leftovers|Defiant|Protect,BulkUp,RageFist,DrainPunch|||M|||50|,,,,,Fire]Gholdengo||ChoiceSpecs|GoodasGold|MakeItRain,ShadowBall,Thunderbolt,Trick||||||50|,,,,,Steel]Rillaboom||AssaultVest|GrassySurge|FakeOut,GrassyGlide,WoodHammer,Uturn|||F|||50|,,,,,Fire]Ninetales-Alola||FocusSash|SnowWarning|Protect,Blizzard,FreezeDry,Encore|||M|||50|,,,,,Ice]Talonflame||CovertCloak|GaleWings|Tailwind,DualWingbeat,FlareBlitz,WillOWisp|||M|||50|,,,,,Grass
|inactive|Battle timer is ON: inactive players will automatically lose when time's up. (requested by subert)
|
|t:|1757682981
|teamsize|p1|4
|teamsize|p2|4
|start
|switch|p1a: Clefairy|Clefairy, L50, M|100/100
|switch|p1b: Farigiraf|Farigiraf, L50, F|100/100
|switch|p2a: Noelito|Annihilape, L50, M|100/100
|switch|p2b: Los Ramírez|Maushold-Four, L50|100/100
|turn|1
|inactive|joan cortes has 30 seconds left.
|inactive|joan cortes has 20 seconds left.
|inactive|joan cortes has 15 seconds left.
|inactive|joan cortes has 10 seconds left.
|inactive|joan cortes has 5 seconds left.
|
|t:|1757683032
|move|p1a: Clefairy|Follow Me|p1a: Clefairy
|-singleturn|p1a: Clefairy|move: Follow Me
|move|p2b: Los Ramírez|Taunt|p1a: Clefairy
|-start|p1a: Clefairy|move: Taunt
|move|p2a: Noelito|Bulk Up|p2a: Noelito
|-boost|p2a: Noelito|atk|1
|-boost|p2a: Noelito|def|1
|move|p1b: Farigiraf|Trick Room|p1b: Farigiraf
|-fieldstart|move: Trick Room|[of] p1b: Farigiraf
|
|upkeep
|turn|2
|
|t:|1757683052
|switch|p2b: Marco|Rillaboom, L50, F|100/100
|-fieldstart|move: Grassy Terrain|[from] ability: Grassy Surge|[of] p2b: Marco
|-activate|p1a: Clefairy|move: Struggle
|move|p1a: Clefairy|Struggle|p2b: Marco
|-damage|p2b: Marco|96/100
|-damage|p1a: Clefairy|76/100|[from] recoil
|move|p1b: Farigiraf|Psychic|p2a: Noelito
|-supereffective|p2a: Noelito
|-damage|p2a: Noelito|39/100
|move|p2a: Noelito|Drain Punch|p1a: Clefairy
|-resisted|p1a: Clefairy
|-damage|p1a: Clefairy|49/100
|-heal|p2a: Noelito|50/100|[from] drain|[of] p1a: Clefairy
|
|-heal|p1a: Clefairy|55/100|[from] Grassy Terrain
|-heal|p2b: Marco|100/100|[from] Grassy Terrain
|-heal|p2a: Noelito|57/100|[from] Grassy Terrain
|-heal|p2a: Noelito|63/100|[from] item: Leftovers
|upkeep
|turn|3
|
|t:|1757683071
|move|p1b: Farigiraf|Protect|p1b: Farigiraf
|-singleturn|p1b: Farigiraf|Protect
|-activate|p1a: Clefairy|move: Struggle
|move|p1a: Clefairy|Struggle|p2b: Marco
|-damage|p2b: Marco|96/100
|-damage|p1a: Clefairy|30/100|[from] recoil
|move|p2b: Marco|U-turn|p1b: Farigiraf
|-activate|p1b: Farigiraf|move: Protect
|move|p2a: Noelito|Drain Punch|p1b: Farigiraf
|-activate|p1b: Farigiraf|move: Protect
|
|-heal|p1a: Clefairy|36/100|[from] Grassy Terrain
|-heal|p2b: Marco|100/100|[from] Grassy Terrain
|-heal|p2a: Noelito|69/100|[from] Grassy Terrain
|-heal|p2a: Noelito|75/100|[from] item: Leftovers
|upkeep
|turn|4
|
|t:|1757683090
|switch|p1a: Conkeldurr|Conkeldurr, L50, M|100/100
|move|p1b: Farigiraf|Psychic|p2a: Noelito
|-supereffective|p2a: Noelito
|-damage|p2a: Noelito|15/100
|move|p2b: Marco|U-turn|p1b: Farigiraf
|-supereffective|p1b: Farigiraf
|-damage|p1b: Farigiraf|50/100
|
|t:|1757683100
|switch|p2b: Los Ramírez|Maushold-Four, L50|100/100|[from] U-turn
|move|p2a: Noelito|Drain Punch|p1b: Farigiraf
|-damage|p1b: Farigiraf|0 fnt
|-heal|p2a: Noelito|42/100|[from] drain|[of] p1b: Farigiraf
|faint|p1b: Farigiraf
|
|-heal|p2a: Noelito|49/100|[from] Grassy Terrain
|-heal|p2a: Noelito|55/100|[from] item: Leftovers
|-status|p1a: Conkeldurr|brn|[from] item: Flame Orb
|upkeep
|
|t:|1757683111
|switch|p1b: Skeledirge|Skeledirge, L50, F|100/100
|-enditem|p1b: Skeledirge|Room Service
|-unboost|p1b: Skeledirge|spe|1|[from] item: Room Service
|turn|5
|
|t:|1757683127
|move|p2a: Noelito|Protect|p2a: Noelito
|-singleturn|p2a: Noelito|Protect
|move|p2b: Los Ramírez|Protect|p2b: Los Ramírez
|-singleturn|p2b: Los Ramírez|Protect
|move|p1a: Conkeldurr|Drain Punch|p2b: Los Ramírez
|-activate|p2b: Los Ramírez|move: Protect
|move|p1b: Skeledirge|Shadow Ball|p2a: Noelito
|-activate|p2a: Noelito|move: Protect
|
|-heal|p2a: Noelito|61/100|[from] Grassy Terrain
|-heal|p2a: Noelito|67/100|[from] item: Leftovers
|-damage|p1a: Conkeldurr|94/100 brn|[from] brn
|-fieldend|move: Trick Room
|upkeep
|turn|6
|inactive|subert has 30 seconds left.
|inactive|joan cortes has 30 seconds left.
|inactive|joan cortes has 20 seconds left.
|
|t:|1757683163
|-terastallize|p1a: Conkeldurr|Normal
|move|p1b: Skeledirge|Protect|p1b: Skeledirge
|-singleturn|p1b: Skeledirge|Protect
|move|p2b: Los Ramírez|Follow Me|p2b: Los Ramírez
|-singleturn|p2b: Los Ramírez|move: Follow Me
|move|p2a: Noelito|Rage Fist|p1b: Skeledirge
|-activate|p1b: Skeledirge|move: Protect
|move|p1a: Conkeldurr|Drain Punch|p2b: Los Ramírez
|-supereffective|p2b: Los Ramírez
|-damage|p2b: Los Ramírez|0 fnt
|-heal|p1a: Conkeldurr|100/100 brn|[from] drain|[of] p2b: Los Ramírez
|faint|p2b: Los Ramírez
|
|-heal|p2a: Noelito|74/100|[from] Grassy Terrain
|-heal|p2a: Noelito|80/100|[from] item: Leftovers
|-damage|p1a: Conkeldurr|94/100 brn|[from] brn
|-fieldend|move: Grassy Terrain
|upkeep
|
|t:|1757683172
|switch|p2b: Marco|Rillaboom, L50, F|100/100
|-fieldstart|move: Grassy Terrain|[from] ability: Grassy Surge|[of] p2b: Marco
|turn|7
|
|t:|1757683192
|move|p1a: Conkeldurr|Protect|p1a: Conkeldurr
|-singleturn|p1a: Conkeldurr|Protect
|move|p2b: Marco|Fake Out|p1a: Conkeldurr
|-activate|p1a: Conkeldurr|move: Protect
|move|p2a: Noelito|Rage Fist|p1b: Skeledirge
|-supereffective|p1b: Skeledirge
|-damage|p1b: Skeledirge|1/100
|move|p1b: Skeledirge|Torch Song|p2b: Marco
|-supereffective|p2b: Marco
|-crit|p2b: Marco
|-damage|p2b: Marco|10/100
|-boost|p1b: Skeledirge|spa|1
|
|-heal|p2a: Noelito|86/100|[from] Grassy Terrain
|-heal|p2a: Noelito|92/100|[from] item: Leftovers
|-heal|p2b: Marco|16/100|[from] Grassy Terrain
|-heal|p1b: Skeledirge|7/100|[from] Grassy Terrain
|-heal|p1a: Conkeldurr|100/100 brn|[from] Grassy Terrain
|-damage|p1a: Conkeldurr|94/100 brn|[from] brn
|upkeep
|turn|8
|inactive|joan cortes has 30 seconds left.
|
|t:|1757683220
|move|p1b: Skeledirge|Protect|p1b: Skeledirge
|-singleturn|p1b: Skeledirge|Protect
|move|p2b: Marco|Grassy Glide|p1b: Skeledirge
|-activate|p1b: Skeledirge|move: Protect
|move|p2a: Noelito|Drain Punch|p1a: Conkeldurr
|-supereffective|p1a: Conkeldurr
|-damage|p1a: Conkeldurr|12/100 brn
|-heal|p2a: Noelito|100/100|[from] drain|[of] p1a: Conkeldurr
|move|p1a: Conkeldurr|Earthquake|p2b: Marco|[spread] p2a,p2b
|-activate|p1b: Skeledirge|move: Protect
|-resisted|p2b: Marco
|-damage|p2a: Noelito|86/100
|-damage|p2b: Marco|6/100
|
|-heal|p2a: Noelito|92/100|[from] Grassy Terrain
|-heal|p2a: Noelito|99/100|[from] item: Leftovers
|-heal|p2b: Marco|12/100|[from] Grassy Terrain
|-heal|p1a: Conkeldurr|18/100 brn|[from] Grassy Terrain
|-heal|p1b: Skeledirge|13/100|[from] Grassy Terrain
|-damage|p1a: Conkeldurr|12/100 brn|[from] brn
|upkeep
|turn|9
|inactive|subert has 30 seconds left.
|
|t:|1757683255
|move|p2a: Noelito|Drain Punch|p1a: Conkeldurr
|-supereffective|p1a: Conkeldurr
|-damage|p1a: Conkeldurr|0 fnt
|-heal|p2a: Noelito|100/100|[from] drain|[of] p1a: Conkeldurr
|faint|p1a: Conkeldurr
|move|p2b: Marco|U-turn|p1b: Skeledirge
|-resisted|p1b: Skeledirge
|-damage|p1b: Skeledirge|8/100
|
|t:|1757683273
|switch|p2b: Ramirez|Gholdengo, L50|100/100|[from] U-turn
|move|p1b: Skeledirge|Shadow Ball|p2a: Noelito
|-supereffective|p2a: Noelito
|-damage|p2a: Noelito|0 fnt
|faint|p2a: Noelito
|
|-heal|p1b: Skeledirge|14/100|[from] Grassy Terrain
|upkeep
|
|t:|1757683282
|switch|p2a: Marco|Rillaboom, L50, F|12/100
|switch|p1a: Clefairy|Clefairy, L50, M|36/100
|turn|10
|
|t:|1757683288
|-terastallize|p2b: Ramirez|Steel
|move|p1b: Skeledirge|Protect|p1b: Skeledirge
|-singleturn|p1b: Skeledirge|Protect
|move|p2a: Marco|Grassy Glide|p1a: Clefairy
|-damage|p1a: Clefairy|0 fnt
|faint|p1a: Clefairy
|move|p2b: Ramirez|Make It Rain|p1b: Skeledirge
|-activate|p1b: Skeledirge|move: Protect
|
|-heal|p2a: Marco|18/100|[from] Grassy Terrain
|-heal|p1b: Skeledirge|19/100|[from] Grassy Terrain
|upkeep
|turn|11
|
|t:|1757683301
|move|p2b: Ramirez|Make It Rain|p1b: Skeledirge
|-resisted|p1b: Skeledirge
|-damage|p1b: Skeledirge|0 fnt
|-unboost|p2b: Ramirez|spa|1
|faint|p1b: Skeledirge
|
|win|joan cortes
||subert is ready for game 2.
|inactive|joan cortes has 30 seconds to confirm battle start!
|inactive|joan cortes has 20 seconds to confirm battle start!
||joan cortes is ready for game 2.
|uhtml|next|Next: Game 2 of 3
