|j|☆TheLeoj
|j|☆panchotorreess
|html|TheLeojpanchotorreess    
|uhtml|bestof|Game 2 of a best-of-3
|t:|1783690503
|gametype|doubles
|player|p1|TheLeoj|170|1070
|player|p2|panchotorreess|tuber|1072
|gen|9
|tier|[Gen 9 Champions] VGC 2026 Reg M-B (Bo3)
|rated|
|rule|Species Clause: Limit one of each Pokémon
|rule|Item Clause: Limit 1 of each item
|clearpoke
|poke|p1|Gengar, L50, M, shiny|
|poke|p1|Kommo-o, L50, M, shiny|
|poke|p1|Tinkaton, L50, F, shiny|
|poke|p1|Incineroar, L50, F, shiny|
|poke|p1|Politoed, L50, F, shiny|
|poke|p1|Sinistcha, L50, shiny|
|poke|p2|Staraptor, L50, F|
|poke|p2|Whimsicott, L50, M|
|poke|p2|Garchomp, L50, M|
|poke|p2|Basculegion, L50, M|
|poke|p2|Kingambit, L50, M|
|poke|p2|Charizard, L50, M|
|teampreview|4
|showteam|p1|Gengar||Gengarite|CursedBody|Disable,PerishSong,Protect,ShadowBall|Timid||M|||50|]Kommo-o||Leftovers|Soundproof|ClangingScales,ClangorousSoul,AuraSphere,Protect|Modest||M|||50|]Tinkaton||ShucaBerry|MoldBreaker|GigatonHammer,FakeOut,Protect,Encore|Jolly||F|||50|]Incineroar||PasshoBerry|Intimidate|FakeOut,ThroatChop,Protect,PartingShot|Careful||F|||50|]Politoed||SitrusBerry|Drizzle|PerishSong,WeatherBall,Protect,Encore|Bold||F|||50|]Sinistcha||KasibBerry|Hospitality|RagePowder,LifeDew,MatchaGotcha,Protect|Relaxed|||||50|
|showteam|p2|Staraptor||Staraptite|Intimidate|CloseCombat,Uturn,BraveBird,Protect|Jolly||F|||50|]Whimsicott||FocusSash|Prankster|Charm,Encore,Tailwind,Moonblast|Timid||M|||50|]Garchomp||LifeOrb|RoughSkin|Earthquake,DragonClaw,Protect,RockSlide|Jolly||M|||50|]Basculegion||MysticWater|Adaptability|LastRespects,AquaJet,WaveCrash,Protect|Adamant||M|||50|]Kingambit||ChopleBerry|Defiant|IronHead,SuckerPunch,BrickBreak,Protect|Jolly||M|||50|]Charizard||CharizarditeY|Blaze|WeatherBall,HeatWave,SolarBeam,Protect|Modest||M|||50|
|
|t:|1783690549
|teamsize|p1|4
|teamsize|p2|4
|start
|switch|p1a: Gengar|Gengar, L50, M, shiny|100/100
|switch|p1b: Incineroar|Incineroar, L50, F, shiny|100/100
|switch|p2a: Garchomp|Garchomp, L50, M|100/100
|switch|p2b: Staraptor|Staraptor, L50, F|100/100
|-ability|p2b: Staraptor|Intimidate|boost
|-unboost|p1a: Gengar|atk|1
|-unboost|p1b: Incineroar|atk|1
|-ability|p1b: Incineroar|Intimidate|boost
|-unboost|p2a: Garchomp|atk|1
|-unboost|p2b: Staraptor|atk|1
|turn|1
|
|t:|1783690589
|detailschange|p2b: Staraptor|Staraptor-Mega, L50, F
|-mega|p2b: Staraptor|Staraptor|Staraptite
|detailschange|p1a: Gengar|Gengar-Mega, L50, M, shiny
|-mega|p1a: Gengar|Gengar|Gengarite
|move|p1b: Incineroar|Fake Out|p2b: Staraptor
|-damage|p2b: Staraptor|91/100
|cant|p2b: Staraptor|flinch
|move|p1a: Gengar|Perish Song|p1a: Gengar
|-start|p1a: Gengar|perish3|[silent]
|-start|p1b: Incineroar|perish3|[silent]
|-start|p2a: Garchomp|perish3|[silent]
|-start|p2b: Staraptor|perish3|[silent]
|-fieldactivate|move: Perish Song
|move|p2a: Garchomp|Earthquake|p1a: Gengar|[spread] p1a,p1b
|-immune|p2b: Staraptor
|-supereffective|p1a: Gengar|1
|-supereffective|p1b: Incineroar|1
|-damage|p1a: Gengar|18/100
|-damage|p1b: Incineroar|49/100
|-damage|p2a: Garchomp|90/100|[from] item: Life Orb
|
|-start|p2b: Staraptor|perish3
|-start|p1a: Gengar|perish3
|-start|p2a: Garchomp|perish3
|-start|p1b: Incineroar|perish3
|upkeep
|turn|2
|
|t:|1783690649
|move|p1a: Gengar|Protect|p1a: Gengar
|-singleturn|p1a: Gengar|Protect
|move|p1b: Incineroar|Protect|p1b: Incineroar
|-singleturn|p1b: Incineroar|Protect
|move|p2b: Staraptor|Close Combat|p1a: Gengar
|-activate|p1a: Gengar|move: Protect
|move|p2a: Garchomp|Earthquake|p1b: Incineroar|[spread] 
|-activate|p1a: Gengar|move: Protect
|-activate|p1b: Incineroar|move: Protect
|-immune|p2b: Staraptor
|
|-start|p2b: Staraptor|perish2
|-start|p1a: Gengar|perish2
|-start|p2a: Garchomp|perish2
|-start|p1b: Incineroar|perish2
|upkeep
|turn|3
|
|t:|1783690674
|switch|p1a: Kommo-o|Kommo-o, L50, M, shiny|100/100
|move|p2b: Staraptor|Close Combat|p1a: Kommo-o
|-damage|p1a: Kommo-o|56/100
|-boost|p2b: Staraptor|def|1
|-boost|p2b: Staraptor|spd|1
|move|p2a: Garchomp|Earthquake|p1b: Incineroar|[spread] p1a,p1b
|-immune|p2b: Staraptor
|-supereffective|p1b: Incineroar|1
|-damage|p1a: Kommo-o|23/100
|-damage|p1b: Incineroar|0 fnt
|faint|p1b: Incineroar
|-damage|p2a: Garchomp|80/100|[from] item: Life Orb
|
|-heal|p1a: Kommo-o|28/100|[from] item: Leftovers
|-start|p2b: Staraptor|perish1
|-start|p2a: Garchomp|perish1
|upkeep
|
|t:|1783690694
|switch|p1b: Gengar|Gengar-Mega, L50, M, shiny|18/100
|turn|4
|
|t:|1783690711
|move|p1b: Gengar|Protect|p1b: Gengar
|-singleturn|p1b: Gengar|Protect
|move|p1a: Kommo-o|Protect|p1a: Kommo-o
|-singleturn|p1a: Kommo-o|Protect
|move|p2b: Staraptor|Brave Bird|p1a: Kommo-o
|-activate|p1a: Kommo-o|move: Protect
|move|p2a: Garchomp|Earthquake|p1b: Gengar|[spread] 
|-activate|p1a: Kommo-o|move: Protect
|-activate|p1b: Gengar|move: Protect
|-immune|p2b: Staraptor
|
|-heal|p1a: Kommo-o|34/100|[from] item: Leftovers
|-start|p2b: Staraptor|perish0
|-start|p2a: Garchomp|perish0
|faint|p2b: Staraptor
|faint|p2a: Garchomp
|upkeep
|
|t:|1783690747
|switch|p2b: Whimsicott|Whimsicott, L50, M|100/100
|switch|p2a: Basculegion|Basculegion, L50, M|100/100
|turn|5
|
|t:|1783690776
|switch|p1b: Politoed|Politoed, L50, F, shiny|100/100
|-weather|RainDance|[from] ability: Drizzle|[of] p1b: Politoed
|move|p2a: Basculegion|Aqua Jet|p1b: Politoed
|-resisted|p1b: Politoed|1
|-damage|p1b: Politoed|79/100
|move|p2b: Whimsicott|Moonblast|p1a: Kommo-o
|-supereffective|p1a: Kommo-o|2
|-damage|p1a: Kommo-o|0 fnt
|faint|p1a: Kommo-o
|
|-weather|RainDance|[upkeep]
|upkeep
|
|t:|1783690789
|switch|p1a: Gengar|Gengar-Mega, L50, M, shiny|18/100
|turn|6
|
|t:|1783690799
|move|p1a: Gengar|Protect|p1a: Gengar
|-singleturn|p1a: Gengar|Protect
|move|p2a: Basculegion|Aqua Jet|p1a: Gengar
|-activate|p1a: Gengar|move: Protect
|move|p2b: Whimsicott|Moonblast|p1b: Politoed
|-damage|p1b: Politoed|47/100
|-enditem|p1b: Politoed|Sitrus Berry|[eat]
|-heal|p1b: Politoed|72/100|[from] item: Sitrus Berry
|move|p1b: Politoed|Perish Song|p1b: Politoed
|-start|p1a: Gengar|perish3|[silent]
|-start|p1b: Politoed|perish3|[silent]
|-start|p2a: Basculegion|perish3|[silent]
|-start|p2b: Whimsicott|perish3|[silent]
|-fieldactivate|move: Perish Song
|
|-weather|RainDance|[upkeep]
|-start|p2b: Whimsicott|perish3
|-start|p1a: Gengar|perish3
|-start|p2a: Basculegion|perish3
|-start|p1b: Politoed|perish3
|upkeep
|turn|7
|
|t:|1783690833
|move|p2b: Whimsicott|Tailwind|p2b: Whimsicott
|-sidestart|p2: panchotorreess|move: Tailwind
|move|p2a: Basculegion|Aqua Jet|p1a: Gengar
|-damage|p1a: Gengar|0 fnt
|faint|p1a: Gengar
|move|p1b: Politoed|Encore|p2b: Whimsicott
|-start|p2b: Whimsicott|Encore
|
|-weather|RainDance|[upkeep]
|-start|p2b: Whimsicott|perish2
|-start|p2a: Basculegion|perish2
|-start|p1b: Politoed|perish2
|upkeep
|turn|8
|
|t:|1783690847
|move|p1b: Politoed|Protect|p1b: Politoed
|-singleturn|p1b: Politoed|Protect
|move|p2b: Whimsicott|Tailwind||[still]
|-fail|p2b: Whimsicott
|move|p2a: Basculegion|Last Respects|p1b: Politoed
|-activate|p1b: Politoed|move: Protect
|
|-weather|RainDance|[upkeep]
|-start|p2b: Whimsicott|perish1
|-start|p2a: Basculegion|perish1
|-start|p1b: Politoed|perish1
|upkeep
|turn|9
|
|t:|1783690866
|move|p1b: Politoed|Protect||[still]
|-fail|p1b: Politoed
|move|p2b: Whimsicott|Tailwind||[still]
|-fail|p2b: Whimsicott
|move|p2a: Basculegion|Last Respects|p1b: Politoed
|-damage|p1b: Politoed|0 fnt
|faint|p1b: Politoed
|
|win|panchotorreess
