|j|☆roaring moonblast
|j|☆Karissel
|html|roaring moonblastKarissel    
|uhtml|bestof|Game 3 of a best-of-3
|t:|1783052108
|gametype|doubles
|player|p1|roaring moonblast|jacinthe|1142
|player|p2|Karissel|miku-ground|1221
|gen|9
|tier|[Gen 9 Champions] VGC 2026 Reg M-B (Bo3)
|rated|
|rule|Species Clause: Limit one of each Pokémon
|rule|Item Clause: Limit 1 of each item
|clearpoke
|poke|p1|Kangaskhan, L50, F|
|poke|p1|Garchomp, L50, M|
|poke|p1|Gholdengo, L50|
|poke|p1|Grimmsnarl, L50, M|
|poke|p1|Kingambit, L50, F|
|poke|p1|Annihilape, L50, M|
|poke|p2|Froslass, L50, F|
|poke|p2|Scovillain, L50, F, shiny|
|poke|p2|Basculegion, L50, M|
|poke|p2|Kingambit, L50, M|
|poke|p2|Lycanroc-Dusk, L50, F, shiny|
|poke|p2|Sneasler, L50, F|
|teampreview|4
|showteam|p1|Kangaskhan||Kangaskhanite|Scrappy|FakeOut,DrainPunch,IcePunch,DoubleEdge|Adamant||F|||50|]Garchomp||SitrusBerry|RoughSkin|DragonClaw,StompingTantrum,RockSlide,Protect|Adamant||M|||50|]Gholdengo||LifeOrb|GoodasGold|MakeItRain,ShadowBall,NastyPlot,Protect|Modest|||||50|]Grimmsnarl||LightClay|Prankster|SpiritBreak,LightScreen,Reflect,ScaryFace|Careful||M|||50|]Kingambit||ChopleBerry|Defiant|KowtowCleave,SuckerPunch,LowKick,Protect|Adamant||F|||50|]Annihilape||Leftovers|Defiant|DrainPunch,RageFist,BulkUp,Protect|Adamant||M|||50|
|showteam|p2|Froslass||Froslassite|CursedBody|Blizzard,ShadowBall,AuroraVeil,Protect|Modest||F|||50|]Scovillain||Scovillainite|Moody|GigaDrain,Overheat,RagePowder,Protect|Bold||F|||50|]Basculegion||SitrusBerry|Adaptability|WaveCrash,LastRespects,AquaJet,Protect|Adamant||M|||50|]Kingambit||BlackGlasses|Defiant|KowtowCleave,SuckerPunch,SwordsDance,Protect|Adamant||M|||50|]Lycanroc-Dusk||FocusSash|ToughClaws|Accelerock,RockSlide,CloseCombat,Protect|Adamant||F|||50|]Sneasler||WhiteHerb|Unburden|CloseCombat,GunkShot,Protect,FakeOut|Adamant||F|||50|
|inactive|Battle timer is ON: inactive players will automatically lose when time's up. (requested by Karissel)
|inactive|roaring moonblast has 60 seconds left.
|inactive|Karissel has 60 seconds left.
|inactive|roaring moonblast has 30 seconds left.
|
|t:|1783052173
|teamsize|p1|4
|teamsize|p2|4
|start
|switch|p1a: Gholdengo|Gholdengo, L50|100/100
|switch|p1b: Annihilape|Annihilape, L50, M|100/100
|switch|p2a: Froslass|Froslass, L50, F|100/100
|switch|p2b: Kingambit|Kingambit, L50, M|100/100
|turn|1
|
|t:|1783052192
|switch|p1a: Kangaskhan|Kangaskhan, L50, F|100/100
|detailschange|p2a: Froslass|Froslass-Mega, L50, F
|-mega|p2a: Froslass|Froslass|Froslassite
|-weather|Snowscape|[from] ability: Snow Warning|[of] p2a: Froslass
|move|p2a: Froslass|Aurora Veil|p2a: Froslass
|-sidestart|p2: Karissel|move: Aurora Veil
|move|p1b: Annihilape|Drain Punch|p2b: Kingambit
|-supereffective|p2b: Kingambit|2
|-damage|p2b: Kingambit|26/100
|move|p2b: Kingambit|Swords Dance|p2b: Kingambit
|-boost|p2b: Kingambit|atk|2
|
|-weather|Snowscape|[upkeep]
|upkeep
|turn|2
|inactive|roaring moonblast has 30 seconds left.
|inactive|Karissel has 30 seconds left.
|
|t:|1783052225
|move|p1a: Kangaskhan|Fake Out|p2a: Froslass
|-damage|p2a: Froslass|88/100
|cant|p2a: Froslass|flinch
|move|p1b: Annihilape|Drain Punch|p2b: Kingambit
|-supereffective|p2b: Kingambit|2
|-damage|p2b: Kingambit|0 fnt
|faint|p2b: Kingambit
|
|-weather|Snowscape|[upkeep]
|upkeep
|
|t:|1783052242
|switch|p2b: Basculegion|Basculegion, L50, M|100/100
|turn|3
|
|t:|1783052263
|switch|p1b: Kingambit|Kingambit, L50, F|100/100
|move|p2a: Froslass|Shadow Ball|p1b: Kingambit
|-resisted|p1b: Kingambit|1
|-damage|p1b: Kingambit|79/100
|-unboost|p1b: Kingambit|spd|1
|-ability|p1b: Kingambit|Defiant|boost
|-boost|p1b: Kingambit|atk|2
|move|p1a: Kangaskhan|Double-Edge|p2b: Basculegion
|-damage|p2b: Basculegion|67/100
|-damage|p1a: Kangaskhan|88/100|[from] Recoil
|move|p2b: Basculegion|Wave Crash|p1a: Kangaskhan
|-damage|p1a: Kangaskhan|13/100
|-damage|p2b: Basculegion|44/100|[from] Recoil
|-enditem|p2b: Basculegion|Sitrus Berry|[eat]
|-heal|p2b: Basculegion|68/100|[from] item: Sitrus Berry
|
|-weather|Snowscape|[upkeep]
|upkeep
|turn|4
|inactive|roaring moonblast has 30 seconds left.
|inactive|Karissel has 30 seconds left.
|
|t:|1783052290
|switch|p1a: Gholdengo|Gholdengo, L50|100/100
|switch|p2b: Lycanroc|Lycanroc-Dusk, L50, F, shiny|100/100
|move|p1b: Kingambit|Sucker Punch||[still]
|-fail|p1b: Kingambit
|move|p2a: Froslass|Blizzard|p1a: Gholdengo|[spread] p1a,p1b
|-resisted|p1a: Gholdengo|1
|-resisted|p1b: Kingambit|1
|-crit|p1b: Kingambit
|-damage|p1a: Gholdengo|81/100
|-damage|p1b: Kingambit|28/100
|-status|p1b: Kingambit|frz
|
|-weather|Snowscape|[upkeep]
|upkeep
|turn|5
|
|t:|1783052315
|switch|p1a: Kangaskhan|Kangaskhan, L50, F|13/100
|move|p2a: Froslass|Shadow Ball|p1a: Kangaskhan
|-immune|p1a: Kangaskhan
|move|p2b: Lycanroc|Close Combat|p1b: Kingambit
|-supereffective|p1b: Kingambit|2
|-enditem|p1b: Kingambit|Chople Berry|[eat]
|-enditem|p1b: Kingambit|Chople Berry|[weaken]
|-damage|p1b: Kingambit|0 fnt
|-unboost|p2b: Lycanroc|def|1
|-unboost|p2b: Lycanroc|spd|1
|faint|p1b: Kingambit
|
|-weather|none
|-sideend|p2: Karissel|move: Aurora Veil
|upkeep
|
|t:|1783052328
|switch|p1b: Annihilape|Annihilape, L50, M|100/100
|turn|6
|
|t:|1783052351
|switch|p2a: Basculegion|Basculegion, L50, M|68/100
|move|p2b: Lycanroc|Protect|p2b: Lycanroc
|-singleturn|p2b: Lycanroc|Protect
|move|p1a: Kangaskhan|Fake Out|p2a: Basculegion
|-damage|p2a: Basculegion|51/100
|move|p1b: Annihilape|Bulk Up|p1b: Annihilape
|-boost|p1b: Annihilape|atk|1
|-boost|p1b: Annihilape|def|1
|
|upkeep
|turn|7
|
|t:|1783052373
|detailschange|p1a: Kangaskhan|Kangaskhan-Mega, L50, F
|-mega|p1a: Kangaskhan|Kangaskhan|Kangaskhanite
|move|p2a: Basculegion|Aqua Jet|p1a: Kangaskhan
|-damage|p1a: Kangaskhan|0 fnt
|faint|p1a: Kangaskhan
|move|p2b: Lycanroc|Rock Slide|p1b: Annihilape
|-resisted|p1b: Annihilape|1
|-damage|p1b: Annihilape|86/100
|cant|p1b: Annihilape|flinch
|
|-heal|p1b: Annihilape|92/100|[from] item: Leftovers
|upkeep
|
|t:|1783052383
|switch|p1a: Gholdengo|Gholdengo, L50|81/100
|turn|8
|
|t:|1783052391
|move|p2a: Basculegion|Aqua Jet|p1a: Gholdengo
|-damage|p1a: Gholdengo|54/100
|move|p2b: Lycanroc|Rock Slide|p1a: Gholdengo|[spread] p1a,p1b
|-resisted|p1a: Gholdengo|1
|-resisted|p1b: Annihilape|1
|-damage|p1a: Gholdengo|38/100
|-damage|p1b: Annihilape|82/100
|cant|p1a: Gholdengo|flinch
|move|p1b: Annihilape|Rage Fist|p2a: Basculegion
|-supereffective|p2a: Basculegion|1
|-damage|p2a: Basculegion|0 fnt
|faint|p2a: Basculegion
|
|-heal|p1b: Annihilape|88/100|[from] item: Leftovers
|upkeep
|
|t:|1783052397
|switch|p2a: Froslass|Froslass-Mega, L50, F|88/100
|-weather|Snowscape|[from] ability: Snow Warning|[of] p2a: Froslass
|turn|9
|inactive|roaring moonblast has 30 seconds left.
|
|t:|1783052430
|move|p2a: Froslass|Protect|p2a: Froslass
|-singleturn|p2a: Froslass|Protect
|move|p2b: Lycanroc|Protect|p2b: Lycanroc
|-singleturn|p2b: Lycanroc|Protect
|move|p1a: Gholdengo|Shadow Ball|p2a: Froslass
|-activate|p2a: Froslass|move: Protect
|move|p1b: Annihilape|Rage Fist|p2a: Froslass
|-activate|p2a: Froslass|move: Protect
|
|-weather|Snowscape|[upkeep]
|-heal|p1b: Annihilape|94/100|[from] item: Leftovers
|upkeep
|turn|10
|
|t:|1783052453
|move|p2a: Froslass|Shadow Ball|p1b: Annihilape
|-supereffective|p1b: Annihilape|1
|-crit|p1b: Annihilape
|-damage|p1b: Annihilape|1/100
|move|p2b: Lycanroc|Rock Slide|p1b: Annihilape|[spread] p1a,p1b
|-resisted|p1a: Gholdengo|1
|-resisted|p1b: Annihilape|1
|-damage|p1a: Gholdengo|22/100
|-damage|p1b: Annihilape|0 fnt
|faint|p1b: Annihilape
|cant|p1a: Gholdengo|flinch
|
|-weather|Snowscape|[upkeep]
|upkeep
|turn|11
|
|t:|1783052466
|move|p2b: Lycanroc|Accelerock|p1a: Gholdengo
|-resisted|p1a: Gholdengo|1
|-damage|p1a: Gholdengo|7/100
|move|p2a: Froslass|Shadow Ball|p1a: Gholdengo
|-supereffective|p1a: Gholdengo|1
|-damage|p1a: Gholdengo|0 fnt
|faint|p1a: Gholdengo
|
|win|Karissel
|raw|roaring moonblast's rating: 1142 → 1123(-19 for losing)
|raw|Karissel's rating: 1221 → 1240(+19 for winning)
