|j|☆Draxolotl
|j|☆tryson69
|html|Draxolotltryson69    
|uhtml|bestof|Game 3 of a best-of-3
|t:|1755707219
|gametype|doubles
|player|p1|Draxolotl|shelly|1146
|player|p2|tryson69|crasherwake|1205
|gen|9
|tier|[Gen 9] VGC 2025 Reg H (Bo3)
|rated|
|rule|Species Clause: Limit one of each Pokémon
|rule|Item Clause: Limit 1 of each item
|clearpoke
|poke|p1|Porygon2, L50|
|poke|p1|Ursaluna, L50, F|
|poke|p1|Incineroar, L50, M|
|poke|p1|Amoonguss, L50, F|
|poke|p1|Dragonite, L50, F|
|poke|p1|Gholdengo, L50|
|poke|p2|Typhlosion-Hisui, L50, M|
|poke|p2|Torkoal, L50, M|
|poke|p2|Rillaboom, L50, F|
|poke|p2|Primarina, L50, F|
|poke|p2|Archaludon, L50, M|
|poke|p2|Whimsicott, L50, F|
|teampreview|4
|showteam|p1|Porygon2||Eviolite|Download|TeraBlast,IceBeam,Recover,TrickRoom||||||50|,,,,,Fighting]Ursaluna||FlameOrb|Guts|Protect,HeadlongRush,Facade,Substitute|||F|||50|,,,,,Ghost]Incineroar||AssaultVest|Intimidate|FakeOut,KnockOff,FlareBlitz,Uturn|||M|||50|,,,,,Ghost]Amoonguss||CovertCloak|Regenerator|Protect,PollenPuff,Spore,RagePowder|||F|||50|,,,,,Electric]Dragonite||LoadedDice|Multiscale|Protect,ScaleShot,Tailwind,Haze|||F|||50|,,,,,Steel]Gholdengo||ChoiceSpecs|GoodasGold|MakeItRain,ShadowBall,SteelBeam,Trick||||||50|,,,,,Steel
|showteam|p2|Typhlosion-Hisui||ChoiceScarf|Blaze|Eruption,HeatWave,Overheat,ShadowBall|||M|||50|,,,,,Fire]Torkoal||EjectPack|Drought|Overheat,Eruption,EarthPower,Protect|||M|||50|,,,,,Flying]Rillaboom||AssaultVest|GrassySurge|WoodHammer,GrassyGlide,HighHorsepower,FakeOut|||F|||50|,,,,,Fire]Primarina||ThroatSpray|LiquidVoice|HyperVoice,Moonblast,Haze,Protect|||F|||50|,,,,,Poison]Archaludon||PowerHerb|Stamina|ElectroShot,BodyPress,Protect,DracoMeteor|||M|||50|,,,,,Grass]Whimsicott||FocusSash|Prankster|Tailwind,TrickRoom,Moonblast,SunnyDay|||F|||50|,,,,,Water
|inactive|Battle timer is ON: inactive players will automatically lose when time's up. (requested by Draxolotl)
|
|t:|1755707240
|teamsize|p1|4
|teamsize|p2|4
|start
|switch|p1a: Clanker|Porygon2, L50|100/100
|switch|p1b: Incineroar|Incineroar, L50, M|100/100
|switch|p2a: Rillaboom|Rillaboom, L50, F|100/100
|switch|p2b: Primarina|Primarina, L50, F|100/100
|-fieldstart|move: Grassy Terrain|[from] ability: Grassy Surge|[of] p2a: Rillaboom
|-ability|p1b: Incineroar|Intimidate|boost
|-unboost|p2a: Rillaboom|atk|1
|-unboost|p2b: Primarina|atk|1
|-ability|p1a: Clanker|Download|boost
|-boost|p1a: Clanker|atk|1
|turn|1
|
|t:|1755707256
|move|p2a: Rillaboom|Fake Out|p1b: Incineroar
|-damage|p1b: Incineroar|93/100
|cant|p1b: Incineroar|flinch
|move|p2b: Primarina|Hyper Voice|p1b: Incineroar|[spread] p1a,p1b
|-supereffective|p1b: Incineroar
|-crit|p1b: Incineroar
|-damage|p1a: Clanker|79/100
|-damage|p1b: Incineroar|23/100
|-enditem|p2b: Primarina|Throat Spray
|-boost|p2b: Primarina|spa|1|[from] item: Throat Spray
|move|p1a: Clanker|Trick Room|p1a: Clanker
|-fieldstart|move: Trick Room|[of] p1a: Clanker
|
|-heal|p1b: Incineroar|29/100|[from] Grassy Terrain
|-heal|p1a: Clanker|85/100|[from] Grassy Terrain
|upkeep
|turn|2
|
|t:|1755707267
|move|p1b: Incineroar|Flare Blitz|p2a: Rillaboom
|-supereffective|p2a: Rillaboom
|-damage|p2a: Rillaboom|3/100
|-damage|p1b: Incineroar|0 fnt|[from] Recoil
|faint|p1b: Incineroar
|move|p1a: Clanker|Tera Blast|p2a: Rillaboom
|-damage|p2a: Rillaboom|0 fnt
|faint|p2a: Rillaboom
|move|p2b: Primarina|Hyper Voice|p1a: Clanker
|-damage|p1a: Clanker|44/100
|
|-heal|p1a: Clanker|50/100|[from] Grassy Terrain
|upkeep
|
|t:|1755707276
|switch|p1b: Ursaluna|Ursaluna, L50, F|100/100
|switch|p2a: Archaludon|Archaludon, L50, M|100/100
|turn|3
|
|t:|1755707288
|move|p1b: Ursaluna|Protect|p1b: Ursaluna
|-singleturn|p1b: Ursaluna|Protect
|move|p1a: Clanker|Recover|p1a: Clanker
|-heal|p1a: Clanker|99/100
|move|p2b: Primarina|Hyper Voice|p1b: Ursaluna|[spread] p1a
|-activate|p1b: Ursaluna|move: Protect
|-damage|p1a: Clanker|67/100
|move|p2a: Archaludon|Body Press|p1a: Clanker
|-supereffective|p1a: Clanker
|-damage|p1a: Clanker|36/100
|
|-heal|p1a: Clanker|43/100|[from] Grassy Terrain
|-status|p1b: Ursaluna|brn|[from] item: Flame Orb
|upkeep
|turn|4
|inactive|tryson69 has 30 seconds left.
|
|t:|1755707316
|-terastallize|p1b: Ursaluna|Ghost
|move|p2a: Archaludon|Protect|p2a: Archaludon
|-singleturn|p2a: Archaludon|Protect
|move|p1b: Ursaluna|Facade|p2b: Primarina
|-damage|p2b: Primarina|0 fnt
|faint|p2b: Primarina
|move|p1a: Clanker|Trick Room|p1a: Clanker
|-fieldend|move: Trick Room
|
|-heal|p1a: Clanker|49/100|[from] Grassy Terrain
|-damage|p1b: Ursaluna|95/100 brn|[from] brn
|upkeep
|
|t:|1755707327
|switch|p2b: Typhlosion|Typhlosion-Hisui, L50, M|100/100
|turn|5
|
|t:|1755707341
|-terastallize|p2b: Typhlosion|Fire
|move|p1b: Ursaluna|Protect|p1b: Ursaluna
|-singleturn|p1b: Ursaluna|Protect
|move|p2b: Typhlosion|Eruption|p1b: Ursaluna|[spread] p1a
|-activate|p1b: Ursaluna|move: Protect
|-damage|p1a: Clanker|2/100
|move|p2a: Archaludon|Draco Meteor|p1b: Ursaluna
|-activate|p1b: Ursaluna|move: Protect
|move|p1a: Clanker|Trick Room|p1a: Clanker
|-fieldstart|move: Trick Room|[of] p1a: Clanker
|
|-heal|p1b: Ursaluna|100/100 brn|[from] Grassy Terrain
|-heal|p1a: Clanker|8/100|[from] Grassy Terrain
|-damage|p1b: Ursaluna|95/100 brn|[from] brn
|-fieldend|move: Grassy Terrain
|upkeep
|turn|6
|
|t:|1755707356
|move|p1b: Ursaluna|Headlong Rush|p2a: Archaludon
|-supereffective|p2a: Archaludon
|-damage|p2a: Archaludon|0 fnt
|-unboost|p1b: Ursaluna|def|1
|-unboost|p1b: Ursaluna|spd|1
|faint|p2a: Archaludon
|move|p1a: Clanker|Tera Blast|p2b: Typhlosion
|-damage|p2b: Typhlosion|50/100
|move|p2b: Typhlosion|Eruption|p1a: Clanker|[spread] p1a,p1b
|-damage|p1a: Clanker|0 fnt
|-damage|p1b: Ursaluna|39/100 brn
|faint|p1a: Clanker
|
|-damage|p1b: Ursaluna|33/100 brn|[from] brn
|upkeep
|
|t:|1755707359
|switch|p1a: Dragonite|Dragonite, L50, F|100/100
|turn|7
|
|t:|1755707363
|move|p1b: Ursaluna|Facade|p2b: Typhlosion
|-damage|p2b: Typhlosion|0 fnt
|faint|p2b: Typhlosion
|
|win|Draxolotl
|raw|Draxolotl's rating: 1146 → 1175(+29 for winning)
|raw|tryson69's rating: 1205 → 1176(-29 for losing)
