|j|☆beaterheater
|j|☆actuary97
|html|beaterheateractuary97    
|uhtml|bestof|Game 2 of a best-of-3
|t:|1756309147
|gametype|doubles
|player|p1|beaterheater|marshal|1365
|player|p2|actuary97|sabrina-frlg|1486
|gen|9
|tier|[Gen 9] VGC 2025 Reg H (Bo3)
|rated|
|rule|Species Clause: Limit one of each Pokémon
|rule|Item Clause: Limit 1 of each item
|clearpoke
|poke|p1|Electabuzz, L50, F|
|poke|p1|Corviknight, L50, M|
|poke|p1|Tyranitar, L50, F|
|poke|p1|Garchomp, L50, M|
|poke|p1|Gardevoir, L50, M|
|poke|p1|Hydreigon, L50, M|
|poke|p2|Whimsicott, L50, F|
|poke|p2|Gallade, L50, M|
|poke|p2|Archaludon, L50, F|
|poke|p2|Malamar, L50, F|
|poke|p2|Indeedee, L50, M|
|poke|p2|Drifblim, L50, M|
|teampreview|4
|showteam|p1|Electabuzz||Eviolite|VitalSpirit|FollowMe,Taunt,Thunderbolt,Protect|||F|||50|,,,,,Ghost]Corviknight||Leftovers|MirrorArmor|BraveBird,IronHead,Tailwind,Taunt|||M|||50|,,,,,Dragon]Tyranitar||AssaultVest|SandStream|KnockOff,RockSlide,TeraBlast,LowKick|||F|||50|,,,,,Flying]Garchomp||LifeOrb|RoughSkin|Earthquake,StompingTantrum,DragonClaw,Protect|||M|||50|,,,,,Steel]Gardevoir||ChoiceScarf|Telepathy|DazzlingGleam,Moonblast,Psyshock,AuraSphere|||M|||50|,,,,,Steel]Hydreigon||SafetyGoggles|Levitate|DracoMeteor,HeatWave,NastyPlot,Protect|||M|||50|,,,,,Fire
|showteam|p2|Whimsicott||FocusSash|Prankster|Moonblast,BeatUp,Encore,Tailwind|||F|||50|,,,,,Ghost]Gallade||ScopeLens|Sharpness|PsychoCut,SacredSword,LeafBlade,Protect|||M|||50|,,,,,Grass]Archaludon||AssaultVest|Stamina|ElectroShot,FlashCannon,Snarl,BodyPress|||F|||50|,,,,,Grass]Malamar||SitrusBerry|Contrary|Superpower,KnockOff,TrickRoom,TopsyTurvy|||F|||50|,,,,,Fire]Indeedee||ChoiceSpecs|PsychicSurge|ExpandingForce,DazzlingGleam,TeraBlast,Trick|||M|||50|,,,,,Fire]Drifblim||PsychicSeed|Unburden|AirSlash,IcyWind,StrengthSap,WillOWisp|||M|||50|,,,,,Flying
|inactive|Battle timer is ON: inactive players will automatically lose when time's up. (requested by actuary97)
|
|t:|1756309175
|teamsize|p1|4
|teamsize|p2|4
|start
|switch|p1a: Corviknight|Corviknight, L50, M|100/100
|switch|p1b: Hydreigon|Hydreigon, L50, M|100/100
|switch|p2a: Indeedee|Indeedee, L50, M, shiny|100/100
|switch|p2b: Gallade|Gallade, L50, M, shiny|100/100
|-fieldstart|move: Psychic Terrain|[from] ability: Psychic Surge|[of] p2a: Indeedee
|turn|1
|
|t:|1756309196
|-terastallize|p2a: Indeedee|Fire
|move|p1b: Hydreigon|Protect|p1b: Hydreigon
|-singleturn|p1b: Hydreigon|Protect
|move|p2a: Indeedee|Tera Blast|p1a: Corviknight|[anim] Tera Blast Fire
|-supereffective|p1a: Corviknight
|-damage|p1a: Corviknight|0 fnt
|faint|p1a: Corviknight
|move|p2b: Gallade|Sacred Sword|p1b: Hydreigon
|-activate|p1b: Hydreigon|move: Protect
|
|upkeep
|
|t:|1756309208
|switch|p1a: Gardevoir|Gardevoir, L50, M, shiny|100/100
|turn|2
|
|t:|1756309227
|switch|p2b: Drifblim|Drifblim, L50, M, shiny|100/100
|-enditem|p2b: Drifblim|Psychic Seed
|-boost|p2b: Drifblim|spd|1|[from] item: Psychic Seed
|move|p1a: Gardevoir|Moonblast|p2b: Drifblim
|-damage|p2b: Drifblim|62/100
|move|p1b: Hydreigon|Nasty Plot|p1b: Hydreigon
|-boost|p1b: Hydreigon|spa|2
|move|p2a: Indeedee|Tera Blast|p1a: Gardevoir|[anim] Tera Blast Fire
|-damage|p1a: Gardevoir|35/100
|
|upkeep
|turn|3
|
|t:|1756309249
|switch|p1a: Tyranitar|Tyranitar, L50, F, shiny|100/100
|-weather|Sandstorm|[from] ability: Sand Stream|[of] p1a: Tyranitar
|move|p2b: Drifblim|Icy Wind|p1b: Hydreigon|[spread] p1a,p1b
|-supereffective|p1b: Hydreigon
|-damage|p1a: Tyranitar|97/100
|-damage|p1b: Hydreigon|80/100
|-unboost|p1a: Tyranitar|spe|1
|-unboost|p1b: Hydreigon|spe|1
|move|p2a: Indeedee|Tera Blast|p1a: Tyranitar|[anim] Tera Blast Fire
|-resisted|p1a: Tyranitar
|-damage|p1a: Tyranitar|85/100
|move|p1b: Hydreigon|Heat Wave|p2b: Drifblim|[spread] p2a,p2b
|-resisted|p2a: Indeedee
|-damage|p2a: Indeedee|66/100
|-damage|p2b: Drifblim|28/100
|
|-weather|Sandstorm|[upkeep]
|-damage|p2b: Drifblim|22/100|[from] Sandstorm
|-damage|p2a: Indeedee|60/100|[from] Sandstorm
|upkeep
|turn|4
|inactive|beaterheater has 30 seconds left.
|inactive|actuary97 has 30 seconds left.
|
|t:|1756309279
|switch|p2a: Malamother|Malamar, L50, F, shiny|100/100
|move|p2b: Drifblim|Strength Sap|p2a: Malamother
|-boost|p2a: Malamother|atk|1
|-heal|p2b: Drifblim|77/100
|move|p1b: Hydreigon|Draco Meteor|p2a: Malamother
|-damage|p2a: Malamother|0 fnt
|-unboost|p1b: Hydreigon|spa|2
|faint|p2a: Malamother
|move|p1a: Tyranitar|Rock Slide|p2b: Drifblim
|-supereffective|p2b: Drifblim
|-damage|p2b: Drifblim|0 fnt
|faint|p2b: Drifblim
|
|-weather|Sandstorm|[upkeep]
|upkeep
|
|t:|1756309289
|switch|p2b: Gallade|Gallade, L50, M, shiny|100/100
|switch|p2a: Indeedee|Indeedee, L50, M, shiny, tera:Fire|60/100
|turn|5
|inactive|beaterheater has 30 seconds left.
|inactive|actuary97 has 30 seconds left.
|
|t:|1756309316
|-terastallize|p1a: Tyranitar|Flying
|move|p1b: Hydreigon|Protect|p1b: Hydreigon
|-singleturn|p1b: Hydreigon|Protect
|move|p2a: Indeedee|Dazzling Gleam|p1a: Tyranitar|[spread] p1a
|-activate|p1b: Hydreigon|move: Protect
|-damage|p1a: Tyranitar|67/100
|move|p2b: Gallade|Psycho Cut|p1a: Tyranitar
|-crit|p1a: Tyranitar
|-damage|p1a: Tyranitar|0 fnt
|faint|p1a: Tyranitar
|
|-weather|Sandstorm|[upkeep]
|-damage|p2a: Indeedee|54/100|[from] Sandstorm
|-damage|p2b: Gallade|95/100|[from] Sandstorm
|-fieldend|move: Psychic Terrain
|upkeep
|
|t:|1756309332
|switch|p1a: Gardevoir|Gardevoir, L50, M, shiny|35/100
|turn|6
|
|t:|1756309356
|move|p1a: Gardevoir|Psyshock|p2a: Indeedee
|-damage|p2a: Indeedee|0 fnt
|faint|p2a: Indeedee
|move|p2b: Gallade|Sacred Sword|p1b: Hydreigon
|-supereffective|p1b: Hydreigon
|-damage|p1b: Hydreigon|0 fnt
|faint|p1b: Hydreigon
|
|-weather|Sandstorm|[upkeep]
|-damage|p1a: Gardevoir|30/100|[from] Sandstorm
|-damage|p2b: Gallade|89/100|[from] Sandstorm
|upkeep
|turn|7
|
|t:|1756309369
|move|p1a: Gardevoir|Psyshock|p2b: Gallade
|-damage|p2b: Gallade|15/100
|move|p2b: Gallade|Leaf Blade|p1a: Gardevoir
|-crit|p1a: Gardevoir
|-damage|p1a: Gardevoir|0 fnt
|faint|p1a: Gardevoir
|
|win|actuary97
|raw|beaterheater's rating: 1365 → 1352(-13 for losing)
|raw|actuary97's rating: 1486 → 1499(+13 for winning)
|c|☆actuary97|the ultimate faceoff
|c|☆actuary97|hg
|l|☆beaterheater
|player|p1|
|c|☆actuary97|gg
