|j|☆Undershucklee
|j|‽vilan333
|html|Undershuckleevilan333    
|uhtml|bestof|Game 2 of a best-of-3
|t:|1757695510
|gametype|doubles
|player|p1|Undershucklee|fisherman-gen4|1055
|player|p2|vilan333|101|1030
|gen|9
|tier|[Gen 9] VGC 2025 Reg H (Bo3)
|rated|
|rule|Species Clause: Limit one of each Pokémon
|rule|Item Clause: Limit 1 of each item
|clearpoke
|poke|p1|Incineroar, L50, F|
|poke|p1|Amoonguss, L50, M|
|poke|p1|Palafin, L50, F|
|poke|p1|Dragonite, L50, F|
|poke|p1|Annihilape, L50, M|
|poke|p1|Ninetales-Alola, L50, F|
|poke|p2|Lilligant-Hisui, L50, F|
|poke|p2|Torkoal, L50, M|
|poke|p2|Hatterene, L50, F|
|poke|p2|Indeedee-F, L50, F|
|poke|p2|Ursaluna, L50, M|
|poke|p2|Annihilape, L50, F|
|teampreview|4
|showteam|p1|Incineroar||SafetyGoggles|Intimidate|FakeOut,FlareBlitz,KnockOff,PartingShot|||F|||50|,,,,,Ghost]Amoonguss||RockyHelmet|Regenerator|Spore,RagePowder,SludgeBomb,Protect|||M|||50|,,,,,Water]Palafin||MysticWater|ZerotoHero|JetPunch,WaveCrash,CloseCombat,Protect|||F|||50|,,,,,Water]Dragonite||LoadedDice|Multiscale|Tailwind,Haze,ScaleShot,IceSpinner|||F|||50|,,,,,Fairy]Annihilape||ChoiceScarf|Defiant|FinalGambit,CloseCombat,RageFist,ThroatChop|||M|||50|,,,,,Fire]Ninetales-Alola||FocusSash|SnowWarning|AuroraVeil,Blizzard,FreezeDry,Protect|||F|||50|,,,,,Fire
|showteam|p2|Lilligant-Hisui||FocusSash|Chlorophyll|AfterYou,LeafBlade,CloseCombat,SleepPowder|||F|||50|,,,,,Ghost]Torkoal||ChoiceSpecs|Drought|Eruption,WeatherBall,EarthPower,HeatWave|||M|||50|,,,,,Fire]Hatterene||LifeOrb|MagicBounce|DazzlingGleam,ExpandingForce,MysticalFire,TrickRoom|||F|||50|,,,,,Water]Indeedee-F||RockyHelmet|PsychicSurge|FollowMe,TrickRoom,HelpingHand,DazzlingGleam|||F|||50|,,,,,Fairy]Ursaluna||FlameOrb|Guts|Protect,Facade,HeadlongRush,Substitute|||M|||50|,,,,,Water]Annihilape||ChoiceScarf|Defiant|CloseCombat,FinalGambit,ShadowClaw,Uturn|||F|||50|,,,,,Grass
|
|t:|1757695541
|teamsize|p1|4
|teamsize|p2|4
|start
|switch|p1a: Dragonite|Dragonite, L50, F|100/100
|switch|p1b: Palafin|Palafin, L50, F|100/100
|switch|p2a: Indeedee|Indeedee-F, L50, F|100/100
|switch|p2b: Hatterene|Hatterene, L50, F|100/100
|-fieldstart|move: Psychic Terrain|[from] ability: Psychic Surge|[of] p2a: Indeedee
|turn|1
|
|t:|1757695558
|detailschange|p1b: Palafin|Palafin-Hero, L50, F
|switch|p1b: Amoonguss|Amoonguss, L50, M|100/100
|switch|p2a: Torkoal|Torkoal, L50, M|100/100
|-weather|SunnyDay|[from] ability: Drought|[of] p2a: Torkoal
|-terastallize|p2b: Hatterene|Water
|move|p1a: Dragonite|Ice Spinner|p2a: Torkoal
|-resisted|p2a: Torkoal
|-damage|p2a: Torkoal|92/100
|-fieldend|move: Psychic Terrain
|move|p2b: Hatterene|Trick Room|p2b: Hatterene
|-fieldstart|move: Trick Room|[of] p2b: Hatterene
|
|-weather|SunnyDay|[upkeep]
|upkeep
|turn|2
|
|t:|1757695587
|switch|p1a: Incineroar|Incineroar, L50, F|100/100
|-ability|p1a: Incineroar|Intimidate|boost
|-unboost|p2a: Torkoal|atk|1
|-unboost|p2b: Hatterene|atk|1
|-terastallize|p1b: Amoonguss|Water
|move|p2a: Torkoal|Eruption|p1b: Amoonguss|[spread] p1a,p1b
|-resisted|p1a: Incineroar
|-resisted|p1b: Amoonguss
|-damage|p1a: Incineroar|60/100
|-damage|p1b: Amoonguss|63/100
|move|p2b: Hatterene|Expanding Force|p1b: Amoonguss
|-damage|p1b: Amoonguss|15/100
|-damage|p2b: Hatterene|91/100|[from] item: Life Orb
|move|p1b: Amoonguss|Spore|p2a: Torkoal
|-status|p2a: Torkoal|slp|[from] move: Spore
|
|-weather|SunnyDay|[upkeep]
|upkeep
|turn|3
|
|t:|1757695624
|switch|p2a: Indeedee|Indeedee-F, L50, F|100/100
|-fieldstart|move: Psychic Terrain|[from] ability: Psychic Surge|[of] p2a: Indeedee
|move|p1a: Incineroar|Fake Out|p2a: Indeedee
|-activate|p2a: Indeedee|move: Psychic Terrain
|move|p2b: Hatterene|Dazzling Gleam|p1b: Amoonguss|[spread] p1a,p1b
|-damage|p1a: Incineroar|27/100
|-damage|p1b: Amoonguss|0 fnt
|faint|p1b: Amoonguss
|-damage|p2b: Hatterene|82/100|[from] item: Life Orb
|
|-weather|SunnyDay|[upkeep]
|upkeep
|
|t:|1757695637
|switch|p1b: Palafin|Palafin-Hero, L50, F|100/100
|-activate|p1b: Palafin|ability: Zero to Hero
|turn|4
|
|t:|1757695670
|move|p1b: Palafin|Protect|p1b: Palafin
|-singleturn|p1b: Palafin|Protect
|move|p2a: Indeedee|Follow Me|p2a: Indeedee
|-singleturn|p2a: Indeedee|move: Follow Me
|move|p2b: Hatterene|Dazzling Gleam|p1b: Palafin|[spread] p1a
|-activate|p1b: Palafin|move: Protect
|-damage|p1a: Incineroar|0 fnt
|faint|p1a: Incineroar
|-damage|p2b: Hatterene|72/100|[from] item: Life Orb
|
|-weather|SunnyDay|[upkeep]
|upkeep
|inactive|Battle timer is ON: inactive players will automatically lose when time's up. (requested by Undershucklee)
|
|t:|1757695680
|switch|p1a: Dragonite|Dragonite, L50, F|100/100
|turn|5
|inactive|Undershucklee has 30 seconds left.
|inactive|vilan333 has 30 seconds left.
|
|t:|1757695709
|move|p2a: Indeedee|Follow Me|p2a: Indeedee
|-singleturn|p2a: Indeedee|move: Follow Me
|move|p1b: Palafin|Jet Punch|p2a: Indeedee
|-activate|p2a: Indeedee|move: Psychic Terrain
|move|p2b: Hatterene|Dazzling Gleam|p1a: Dragonite|[spread] p1a,p1b
|-supereffective|p1a: Dragonite
|-damage|p1a: Dragonite|60/100
|-damage|p1b: Palafin|52/100
|-damage|p2b: Hatterene|63/100|[from] item: Life Orb
|move|p1a: Dragonite|Ice Spinner|p2a: Indeedee
|-damage|p2a: Indeedee|78/100
|-damage|p1a: Dragonite|43/100|[from] item: Rocky Helmet|[of] p2a: Indeedee
|-fieldend|move: Psychic Terrain
|
|-weather|none
|-fieldend|move: Trick Room
|upkeep
|turn|6
|
|t:|1757695728
|move|p2a: Indeedee|Follow Me|p2a: Indeedee
|-singleturn|p2a: Indeedee|move: Follow Me
|move|p1b: Palafin|Close Combat|p2a: Indeedee
|-damage|p2a: Indeedee|28/100
|-unboost|p1b: Palafin|def|1
|-unboost|p1b: Palafin|spd|1
|-damage|p1b: Palafin|35/100|[from] item: Rocky Helmet|[of] p2a: Indeedee
|move|p1a: Dragonite|Scale Shot|p2a: Indeedee
|-damage|p2a: Indeedee|15/100
|-damage|p2a: Indeedee|3/100
|-damage|p2a: Indeedee|0 fnt
|faint|p2a: Indeedee
|-hitcount|p2: Indeedee|3
|-unboost|p1a: Dragonite|def|1
|-boost|p1a: Dragonite|spe|1
|move|p2b: Hatterene|Dazzling Gleam|p1b: Palafin|[spread] p1a,p1b
|-supereffective|p1a: Dragonite
|-damage|p1a: Dragonite|0 fnt
|-damage|p1b: Palafin|0 fnt
|faint|p1a: Dragonite
|faint|p1b: Palafin
|-damage|p2b: Hatterene|53/100|[from] item: Life Orb
|
|win|vilan333
|raw|Undershucklee's rating: 1055 → 1035(-20 for losing)
|raw|vilan333's rating: 1030 → 1068(+38 for winning)
|l|☆Undershucklee
|player|p1|
