|j|☆random8888
|j|☆SpoonguyVGC
|html|random8888SpoonguyVGC    
|uhtml|bestof|Game 3 of a best-of-3
|t:|1783381968
|gametype|doubles
|player|p1|random8888|170|1142
|player|p2|SpoonguyVGC|265|1028
|gen|9
|tier|[Gen 9 Champions] VGC 2026 Reg M-B (Bo3)
|rated|
|rule|Species Clause: Limit one of each Pokémon
|rule|Item Clause: Limit 1 of each item
|clearpoke
|poke|p1|Dragonite, L50, M|
|poke|p1|Azumarill, L50, F|
|poke|p1|Aerodactyl, L50, M|
|poke|p1|Sinistcha, L50|
|poke|p1|Weavile, L50, M|
|poke|p1|Incineroar, L50, M|
|poke|p2|Banette, L50, F, shiny|
|poke|p2|Farigiraf, L50, M, shiny|
|poke|p2|Medicham, L50, M, shiny|
|poke|p2|Azumarill, L50, M, shiny|
|poke|p2|Sinistcha, L50, shiny|
|poke|p2|Aerodactyl, L50, F, shiny|
|teampreview|4
|showteam|p1|Dragonite||Dragoninite|Multiscale|Protect,DragonPulse,Thunderbolt,HyperBeam|Modest||M|||50|]Azumarill||SitrusBerry|HugePower|Protect,BellyDrum,AquaJet,PlayRough|Adamant||F|||50|]Aerodactyl||FocusSash|Unnerve|Protect,WideGuard,RockSlide,DualWingbeat|Jolly||M|||50|]Sinistcha||OccaBerry|Hospitality|RagePowder,Protect,MatchaGotcha,LifeDew|Calm|||||50|]Weavile||BrightPowder|Pressure|FakeOut,LowKick,TripleAxel,KnockOff|Adamant||M|||50|]Incineroar||LumBerry|Intimidate|FakeOut,DarkestLariat,FlareBlitz,PartingShot|Jolly||M|||50|
|showteam|p2|Banette||Banettite|CursedBody|Poltergeist,ShadowSneak,RolePlay,Protect|Impish||F|||50|]Farigiraf||ColburBerry|ArmorTail|TwinBeam,Thunderbolt,TrickRoom,Protect|Bold||M|||50|]Medicham||FocusSash|PurePower|FakeOut,PsychoCut,CloseCombat,Protect|Jolly||M|||50|]Azumarill||SitrusBerry|HugePower|AquaJet,PlayRough,BellyDrum,Protect|Adamant||M|||50|]Sinistcha||KasibBerry|Hospitality|MatchaGotcha,ShadowBall,RagePowder,TrickRoom|Modest|||||50|]Aerodactyl||Aerodactylite|Unnerve|RockSlide,DualWingbeat,Tailwind,Protect|Jolly||F|||50|
|
|t:|1783381983
|teamsize|p1|4
|teamsize|p2|4
|start
|switch|p1a: Azumarill|Azumarill, L50, F|100/100
|switch|p1b: Sinistcha|Sinistcha, L50|100/100
|switch|p2a: Banette|Banette, L50, F, shiny|100/100
|switch|p2b: Sinistcha|Sinistcha, L50, shiny|100/100
|turn|1
|
|t:|1783381995
|switch|p1a: Incineroar|Incineroar, L50, M|100/100
|-ability|p1a: Incineroar|Intimidate|boost
|-unboost|p2a: Banette|atk|1
|-unboost|p2b: Sinistcha|atk|1
|detailschange|p2a: Banette|Banette-Mega, L50, F, shiny
|-mega|p2a: Banette|Banette|Banettite
|move|p1b: Sinistcha|Protect|p1b: Sinistcha
|-singleturn|p1b: Sinistcha|Protect
|move|p2a: Banette|Poltergeist|p1b: Sinistcha
|-activate|p1b: Sinistcha|move: Protect
|move|p2b: Sinistcha|Matcha Gotcha|p1a: Incineroar|[spread] p1a
|-activate|p1b: Sinistcha|move: Protect
|-resisted|p1a: Incineroar|1
|-damage|p1a: Incineroar|86/100
|
|upkeep
|turn|2
|
|t:|1783382033
|switch|p2a: Medicham|Medicham, L50, M, shiny|100/100
|switch|p2b: Farigiraf|Farigiraf, L50, M, shiny|100/100
|switch|p1b: Aerodactyl|Aerodactyl, L50, M|100/100
|-ability|p1b: Aerodactyl|Unnerve
|move|p1a: Incineroar|Darkest Lariat|p2b: Farigiraf
|-supereffective|p2b: Farigiraf|1
|-damage|p2b: Farigiraf|43/100
|
|upkeep
|turn|3
|
|t:|1783382070
|move|p2a: Medicham|Fake Out|p1b: Aerodactyl
|-resisted|p1b: Aerodactyl|1
|-damage|p1b: Aerodactyl|85/100
|cant|p1b: Aerodactyl|flinch
|move|p1a: Incineroar|Darkest Lariat|p2b: Farigiraf
|-supereffective|p2b: Farigiraf|1
|-damage|p2b: Farigiraf|0 fnt
|faint|p2b: Farigiraf
|
|upkeep
|
|t:|1783382079
|switch|p2b: Banette|Banette-Mega, L50, F, shiny|100/100
|turn|4
|
|t:|1783382095
|move|p2a: Medicham|Protect|p2a: Medicham
|-singleturn|p2a: Medicham|Protect
|move|p1b: Aerodactyl|Rock Slide|p2b: Banette|[spread] p2b
|-activate|p2a: Medicham|move: Protect
|-damage|p2b: Banette|72/100
|move|p1a: Incineroar|Parting Shot|p2b: Banette
|-unboost|p2b: Banette|atk|1
|-unboost|p2b: Banette|spa|1
|
|t:|1783382104
|switch|p1a: Azumarill|Azumarill, L50, F|100/100|[from] Parting Shot
|move|p2b: Banette|Poltergeist|p1b: Aerodactyl
|-activate|p1b: Aerodactyl|move: Poltergeist|Focus Sash
|-damage|p1b: Aerodactyl|24/100
|
|upkeep
|turn|5
|
|t:|1783382118
|switch|p1b: Sinistcha|Sinistcha, L50|100/100
|move|p1a: Azumarill|Protect|p1a: Azumarill
|-singleturn|p1a: Azumarill|Protect
|move|p2b: Banette|Shadow Sneak|p1b: Sinistcha
|-supereffective|p1b: Sinistcha|1
|-damage|p1b: Sinistcha|73/100
|move|p2a: Medicham|Psycho Cut|p1a: Azumarill
|-activate|p1a: Azumarill|move: Protect
|
|upkeep
|turn|6
|
|t:|1783382130
|move|p1b: Sinistcha|Rage Powder|p1b: Sinistcha
|-singleturn|p1b: Sinistcha|move: Rage Powder
|move|p2a: Medicham|Psycho Cut|p1b: Sinistcha
|-damage|p1b: Sinistcha|30/100
|move|p2b: Banette|Poltergeist|p1b: Sinistcha
|-activate|p1b: Sinistcha|move: Poltergeist|Occa Berry
|-supereffective|p1b: Sinistcha|1
|-damage|p1b: Sinistcha|0 fnt
|faint|p1b: Sinistcha
|move|p1a: Azumarill|Belly Drum|p1a: Azumarill
|-damage|p1a: Azumarill|50/100y
|-setboost|p1a: Azumarill|atk|6|[from] move: Belly Drum
|-enditem|p1a: Azumarill|Sitrus Berry|[eat]
|-heal|p1a: Azumarill|74/100|[from] item: Sitrus Berry
|
|upkeep
|
|t:|1783382149
|switch|p1b: Incineroar|Incineroar, L50, M|86/100
|-ability|p1b: Incineroar|Intimidate|boost
|-unboost|p2a: Medicham|atk|1
|-unboost|p2b: Banette|atk|1
|turn|7
|
|t:|1783382160
|move|p2b: Banette|Protect|p2b: Banette
|-singleturn|p2b: Banette|Protect
|move|p2a: Medicham|Protect|p2a: Medicham
|-singleturn|p2a: Medicham|Protect
|move|p1b: Incineroar|Fake Out|p2a: Medicham
|-activate|p2a: Medicham|move: Protect
|move|p1a: Azumarill|Aqua Jet|p2b: Banette
|-activate|p2b: Banette|move: Protect
|
|upkeep
|turn|8
|
|t:|1783382179
|switch|p2b: Sinistcha|Sinistcha, L50, shiny|100/100
|move|p1a: Azumarill|Aqua Jet|p2b: Sinistcha
|-resisted|p2b: Sinistcha|1
|-damage|p2b: Sinistcha|53/100
|move|p2a: Medicham|Close Combat|p1b: Incineroar
|-supereffective|p1b: Incineroar|1
|-damage|p1b: Incineroar|0 fnt
|-unboost|p2a: Medicham|def|1
|-unboost|p2a: Medicham|spd|1
|faint|p1b: Incineroar
|
|upkeep
|
|t:|1783382189
|switch|p1b: Aerodactyl|Aerodactyl, L50, M|24/100
|-ability|p1b: Aerodactyl|Unnerve
|turn|9
|
|t:|1783382226
|move|p1a: Azumarill|Protect|p1a: Azumarill
|-singleturn|p1a: Azumarill|Protect
|move|p2b: Sinistcha|Rage Powder|p2b: Sinistcha
|-singleturn|p2b: Sinistcha|move: Rage Powder
|move|p1b: Aerodactyl|Dual Wingbeat|p2b: Sinistcha
|-supereffective|p2b: Sinistcha|1
|-damage|p2b: Sinistcha|23/100
|-supereffective|p2b: Sinistcha|1
|-damage|p2b: Sinistcha|0 fnt
|faint|p2b: Sinistcha
|-hitcount|p2: Sinistcha|2
|move|p2a: Medicham|Psycho Cut|p1b: Aerodactyl
|-damage|p1b: Aerodactyl|0 fnt
|faint|p1b: Aerodactyl
|
|upkeep
|
|t:|1783382228
|switch|p2b: Banette|Banette-Mega, L50, F, shiny|72/100
|turn|10
|
|t:|1783382250
|move|p2b: Banette|Protect|p2b: Banette
|-singleturn|p2b: Banette|Protect
|move|p1a: Azumarill|Aqua Jet|p2b: Banette
|-activate|p2b: Banette|move: Protect
|move|p2a: Medicham|Psycho Cut|p1a: Azumarill
|-damage|p1a: Azumarill|44/100
|
|upkeep
|turn|11
|
|t:|1783382261
|move|p2b: Banette|Shadow Sneak|p1a: Azumarill
|-damage|p1a: Azumarill|22/100
|move|p1a: Azumarill|Aqua Jet|p2b: Banette
|-damage|p2b: Banette|0 fnt
|faint|p2b: Banette
|move|p2a: Medicham|Psycho Cut|p1a: Azumarill
|-damage|p1a: Azumarill|0 fnt
|faint|p1a: Azumarill
|
|win|SpoonguyVGC
|raw|random8888's rating: 1142 → 1109(-33 for losing)
|raw|SpoonguyVGC's rating: 1028 → 1075(+47 for winning)
|c|☆SpoonguyVGC|Ggwp
|c|☆random8888|ggwp
|c|☆random8888|delightful
