|j|☆jchase42
|j|☆Marc3linux
|html|jchase42Marc3linux    
|uhtml|bestof|Game 2 of a best-of-3
|t:|1756337292
|gametype|doubles
|player|p1|jchase42|hiker-gen4|1096
|player|p2|Marc3linux|1|1013
|gen|9
|tier|[Gen 9] VGC 2025 Reg H (Bo3)
|rated|
|rule|Species Clause: Limit one of each Pokémon
|rule|Item Clause: Limit 1 of each item
|clearpoke
|poke|p1|Indeedee-F, L50, F|
|poke|p1|Torkoal, L50, M|
|poke|p1|Gallade, L50, M|
|poke|p1|Hatterene, L50, F|
|poke|p1|Maushold-Four, L50|
|poke|p1|Sinistcha, L50|
|poke|p2|Jumpluff, L50, M|
|poke|p2|Ursaluna-Bloodmoon, L50, M|
|poke|p2|Dragonite, L50, M|
|poke|p2|Torkoal, L50, F|
|poke|p2|Rillaboom, L50, F|
|poke|p2|Mimikyu, L50, F|
|teampreview|4
|showteam|p1|Indeedee-F||PsychicSeed|PsychicSurge|Psychic,FollowMe,HelpingHand,TrickRoom|||F|||50|,,,,,Grass]Torkoal||ChoiceSpecs|Drought|Eruption,HeatWave,WeatherBall,EarthPower|||M|||50|,,,,,Fire]Gallade||ClearAmulet|Sharpness|PsychoCut,SacredSword,WideGuard,TrickRoom|||M|||50|,,,,,Grass]Hatterene||CovertCloak|MagicBounce|ExpandingForce,DazzlingGleam,Protect,TrickRoom|||F|||50|,,,,,Fire]Maushold-Four||WideLens|Technician|PopulationBomb,Taunt,FollowMe,Protect||||||50|,,,,,Fire]Sinistcha||SitrusBerry|Hospitality|MatchaGotcha,ShadowBall,RagePowder,TrickRoom||||||50|,,,,,Fairy
|showteam|p2|Jumpluff||FocusSash|Chlorophyll|PollenPuff,HelpingHand,Tailwind,SleepPowder|||M|||50|,,,,,Ghost]Ursaluna-Bloodmoon||LifeOrb|MindsEye|BloodMoon,HyperVoice,EarthPower,Protect|||M|||50|,,,,,Ghost]Dragonite||LoadedDice|Multiscale|ScaleShot,ExtremeSpeed,Tailwind,Haze|||M|||50|,,,,,Steel]Torkoal||EjectPack|Drought|Overheat,HeatWave,EarthPower,Protect|||F|||50|,,,,,Steel]Rillaboom||AssaultVest|GrassySurge|WoodHammer,GrassyGlide,HighHorsepower,FakeOut|||F|||50|,,,,,Rock]Mimikyu||MentalHerb|Disguise|PlayRough,ShadowSneak,TrickRoom,Taunt|||F|||50|,,,,,Steel
|
|t:|1756337333
|teamsize|p1|4
|teamsize|p2|4
|start
|switch|p1a: Gallade|Gallade, L50, M|100/100
|switch|p1b: Hatterene|Hatterene, L50, F|100/100
|switch|p2a: Torkoal|Torkoal, L50, F|100/100
|switch|p2b: Jumpluff|Jumpluff, L50, M|100/100
|-weather|SunnyDay|[from] ability: Drought|[of] p2a: Torkoal
|turn|1
|
|t:|1756337393
|switch|p1b: Indeedee|Indeedee-F, L50, F|100/100
|-fieldstart|move: Psychic Terrain|[from] ability: Psychic Surge|[of] p1b: Indeedee
|-enditem|p1b: Indeedee|Psychic Seed
|-boost|p1b: Indeedee|spd|1|[from] item: Psychic Seed
|move|p2b: Jumpluff|Sleep Powder|p1a: Gallade|[miss]
|-miss|p2b: Jumpluff|p1a: Gallade
|move|p2a: Torkoal|Earth Power|p1b: Indeedee
|-damage|p1b: Indeedee|84/100
|move|p1a: Gallade|Trick Room|p1a: Gallade
|-fieldstart|move: Trick Room|[of] p1a: Gallade
|
|-weather|SunnyDay|[upkeep]
|upkeep
|turn|2
|
|t:|1756337438
|move|p2b: Jumpluff|Helping Hand|p2a: Torkoal
|-singleturn|p2a: Torkoal|Helping Hand|[of] p2b: Jumpluff
|move|p1b: Indeedee|Follow Me|p1b: Indeedee
|-singleturn|p1b: Indeedee|move: Follow Me
|move|p2a: Torkoal|Overheat|p1b: Indeedee|[miss]
|-miss|p2a: Torkoal|p1b: Indeedee
|move|p1a: Gallade|Psycho Cut|p2a: Torkoal
|-damage|p2a: Torkoal|41/100
|
|-weather|SunnyDay|[upkeep]
|upkeep
|turn|3
|
|t:|1756337456
|switch|p1b: Torkoal|Torkoal, L50, M|100/100
|move|p2b: Jumpluff|Helping Hand|p2a: Torkoal
|-singleturn|p2a: Torkoal|Helping Hand|[of] p2b: Jumpluff
|move|p2a: Torkoal|Heat Wave|p1b: Torkoal|[spread] p1a,p1b
|-resisted|p1b: Torkoal
|-damage|p1a: Gallade|42/100
|-damage|p1b: Torkoal|58/100
|move|p1a: Gallade|Psycho Cut|p2b: Jumpluff
|-damage|p2b: Jumpluff|4/100
|
|-weather|SunnyDay|[upkeep]
|upkeep
|turn|4
|
|t:|1756337479
|switch|p1a: Indeedee|Indeedee-F, L50, F|84/100
|move|p2b: Jumpluff|Helping Hand|p2a: Torkoal
|-singleturn|p2a: Torkoal|Helping Hand|[of] p2b: Jumpluff
|move|p1b: Torkoal|Heat Wave|p2a: Torkoal|[spread] p2a,p2b
|-resisted|p2a: Torkoal
|-supereffective|p2b: Jumpluff
|-damage|p2a: Torkoal|0 fnt
|-damage|p2b: Jumpluff|0 fnt
|faint|p2a: Torkoal
|faint|p2b: Jumpluff
|
|-weather|SunnyDay|[upkeep]
|upkeep
|
|t:|1756337487
|switch|p2a: Rillaboom|Rillaboom, L50, F|100/100
|switch|p2b: Dragonite|Dragonite, L50, M|100/100
|-fieldstart|move: Grassy Terrain|[from] ability: Grassy Surge|[of] p2a: Rillaboom
|turn|5
|
|t:|1756337515
|switch|p1a: Hatterene|Hatterene, L50, F|100/100
|move|p2a: Rillaboom|Fake Out|p1b: Torkoal
|-damage|p1b: Torkoal|47/100
|cant|p1b: Torkoal|flinch
|move|p2b: Dragonite|Scale Shot|p1a: Hatterene
|-immune|p1a: Hatterene
|
|-weather|none
|-heal|p1b: Torkoal|53/100|[from] Grassy Terrain
|-fieldend|move: Trick Room
|upkeep
|turn|6
|
|t:|1756337537
|switch|p1b: Indeedee|Indeedee-F, L50, F|84/100
|-fieldstart|move: Psychic Terrain|[from] ability: Psychic Surge|[of] p1b: Indeedee
|move|p2b: Dragonite|Scale Shot|p1b: Indeedee
|-damage|p1b: Indeedee|68/100
|-crit|p1b: Indeedee
|-damage|p1b: Indeedee|47/100
|-damage|p1b: Indeedee|34/100
|-damage|p1b: Indeedee|19/100
|-damage|p1b: Indeedee|4/100
|-hitcount|p1b: Indeedee|5
|-unboost|p2b: Dragonite|def|1
|-boost|p2b: Dragonite|spe|1
|move|p2a: Rillaboom|Wood Hammer|p1a: Hatterene
|-damage|p1a: Hatterene|20/100
|-damage|p2a: Rillaboom|78/100|[from] Recoil
|move|p1a: Hatterene|Trick Room|p1a: Hatterene
|-fieldstart|move: Trick Room|[of] p1a: Hatterene
|
|upkeep
|turn|7
|
|t:|1756337587
|move|p1a: Hatterene|Expanding Force|p2b: Dragonite|[spread] p2a,p2b
|-damage|p2a: Rillaboom|19/100
|-damage|p2b: Dragonite|64/100
|move|p1b: Indeedee|Psychic|p2a: Rillaboom
|-damage|p2a: Rillaboom|0 fnt
|faint|p2a: Rillaboom
|move|p2b: Dragonite|Scale Shot|p1b: Indeedee|[miss]
|-miss|p2b: Dragonite|p1b: Indeedee
|
|upkeep
|turn|8
|
|t:|1756337598
|move|p1b: Indeedee|Helping Hand|p1a: Hatterene
|-singleturn|p1a: Hatterene|Helping Hand|[of] p1b: Indeedee
|move|p1a: Hatterene|Expanding Force|p2b: Dragonite
|-damage|p2b: Dragonite|0 fnt
|faint|p2b: Dragonite
|
|win|jchase42
|raw|jchase42's rating: 1096 → 1116(+20 for winning)
|raw|Marc3linux's rating: 1013 → 1004(-9 for losing)
|l|☆Marc3linux
|player|p2|
