|j|☆Patata Navidenya
|j|☆dr_sugus_vgc
|html|Patata Navidenyadr_sugus_vgc    
|uhtml|bestof|Game 2 of a best-of-3
|t:|1756246389
|gametype|doubles
|player|p1|Patata Navidenya|cilan|1175
|player|p2|dr_sugus_vgc|ruinmaniac|1251
|gen|9
|tier|[Gen 9] VGC 2025 Reg H (Bo3)
|rated|
|rule|Species Clause: Limit one of each Pokémon
|rule|Item Clause: Limit 1 of each item
|clearpoke
|poke|p1|Archaludon, L50, F|
|poke|p1|Gholdengo, L50|
|poke|p1|Pelipper, L50, M|
|poke|p1|Ursaluna, L50, F|
|poke|p1|Sinistcha, L50|
|poke|p1|Dragonite, L50, M|
|poke|p2|Torkoal, L50, F|
|poke|p2|Farigiraf, L50, M|
|poke|p2|Rillaboom, L50, F|
|poke|p2|Kingambit, L50, M|
|poke|p2|Electabuzz, L50, F|
|poke|p2|Sneasler, L50, M|
|teampreview|4
|showteam|p1|Archaludon||AssaultVest|Stamina|FlashCannon,ElectroShot,BodyPress,Snarl|||F|||50|,,,,,Fighting]Gholdengo||ChoiceScarf|GoodasGold|MakeItRain,ShadowBall,ThunderWave,Trick||||||50|,,,,,Flying]Pelipper||SafetyGoggles|Drizzle|WeatherBall,Hurricane,Tailwind,Protect|||M|||50|,,,,,Steel]Ursaluna||FlameOrb|Guts|Facade,HeadlongRush,Earthquake,Protect|||F|||50|,,,,,Ghost]Sinistcha||SitrusBerry|Hospitality|MatchaGotcha,LifeDew,RagePowder,TrickRoom||||||50|,,,,,Fire]Dragonite||LoadedDice|Multiscale|ScaleShot,Tailwind,Haze,Protect|||M|||50|,,,,,Fairy
|showteam|p2|Torkoal||ChoiceSpecs|Drought|Eruption,ClearSmog,ScorchingSands,HeatWave|||F|||50|,,,,,Fire]Farigiraf||SitrusBerry|ArmorTail|DazzlingGleam,TwinBeam,TrickRoom,HelpingHand|||M|||50|,,,,,Fairy]Rillaboom||MiracleSeed|GrassySurge|FakeOut,GrassyGlide,WoodHammer,Uturn|||F|||50|,,,,,Grass]Kingambit||BlackGlasses|Defiant|KowtowCleave,SuckerPunch,SwordsDance,Protect|||M|||50|,,,,,Dark]Electabuzz||Eviolite|VitalSpirit|Electroweb,FollowMe,HelpingHand,Protect|||F|||50|,,,,,Grass]Sneasler||FocusSash|PoisonTouch|FakeOut,DireClaw,CloseCombat,LashOut|||M|||50|,,,,,Dark
|inactive|Battle timer is ON: inactive players will automatically lose when time's up. (requested by dr_sugus_vgc)
|inactive|Patata Navidenya also wants the timer to be on.
|
|t:|1756246409
|teamsize|p1|4
|teamsize|p2|4
|start
|switch|p1a: Dragonite|Dragonite, L50, M|100/100
|switch|p1b: Ursaluna|Ursaluna, L50, F|100/100
|switch|p2a: Sneasler|Sneasler, L50, M|100/100
|switch|p2b: Farigiraf|Farigiraf, L50, M|100/100
|turn|1
|inactive|Patata Navidenya has 30 seconds left.
|inactive|dr_sugus_vgc has 30 seconds left.
|
|t:|1756246438
|switch|p1b: Archaludon|Archaludon, L50, F|100/100
|move|p2a: Sneasler|Dire Claw|p1a: Dragonite
|-damage|p1a: Dragonite|77/100
|-status|p1a: Dragonite|slp
|cant|p1a: Dragonite|slp
|move|p2b: Farigiraf|Trick Room|p2b: Farigiraf
|-fieldstart|move: Trick Room|[of] p2b: Farigiraf
|
|upkeep
|turn|2
|inactive|Patata Navidenya has 30 seconds left.
|
|t:|1756246464
|-terastallize|p1b: Archaludon|Fighting
|move|p2b: Farigiraf|Helping Hand|p2a: Sneasler
|-singleturn|p2a: Sneasler|Helping Hand|[of] p2b: Farigiraf
|move|p1b: Archaludon|Body Press|p2a: Sneasler
|-resisted|p2a: Sneasler
|-damage|p2a: Sneasler|68/100
|cant|p1a: Dragonite|slp
|move|p2a: Sneasler|Close Combat|p1b: Archaludon
|-damage|p1b: Archaludon|40/100
|-unboost|p2a: Sneasler|def|1
|-unboost|p2a: Sneasler|spd|1
|-ability|p1b: Archaludon|Stamina|boost
|-boost|p1b: Archaludon|def|1
|-status|p1b: Archaludon|psn|[from] ability: Poison Touch|[of] p2a: Sneasler
|
|-damage|p1b: Archaludon|27/100 psn|[from] psn
|upkeep
|turn|3
|inactive|Patata Navidenya has 30 seconds left.
|inactive|dr_sugus_vgc has 30 seconds left.
|
|t:|1756246493
|move|p2b: Farigiraf|Dazzling Gleam|p1b: Archaludon|[spread] p1a,p1b
|-supereffective|p1a: Dragonite
|-supereffective|p1b: Archaludon
|-damage|p1a: Dragonite|42/100 slp
|-damage|p1b: Archaludon|6/100 psn
|-ability|p1b: Archaludon|Stamina|boost
|-boost|p1b: Archaludon|def|1
|move|p1b: Archaludon|Snarl|p2b: Farigiraf|[spread] p2a,p2b
|-resisted|p2a: Sneasler
|-supereffective|p2b: Farigiraf
|-damage|p2a: Sneasler|57/100
|-damage|p2b: Farigiraf|78/100
|-unboost|p2a: Sneasler|spa|1
|-unboost|p2b: Farigiraf|spa|1
|cant|p1a: Dragonite|slp
|move|p2a: Sneasler|Dire Claw|p1a: Dragonite
|-damage|p1a: Dragonite|0 fnt
|faint|p1a: Dragonite
|
|-damage|p1b: Archaludon|0 fnt|[from] psn
|faint|p1b: Archaludon
|upkeep
|
|t:|1756246507
|switch|p1b: Sinistcha|Sinistcha, L50|100/100
|switch|p1a: Ursaluna|Ursaluna, L50, F|100/100
|turn|4
|inactive|dr_sugus_vgc has 30 seconds left.
|
|t:|1756246539
|move|p2b: Farigiraf|Twin Beam|p1b: Sinistcha
|-damage|p1b: Sinistcha|90/100
|-damage|p1b: Sinistcha|79/100
|-hitcount|p1b: Sinistcha|2
|move|p1a: Ursaluna|Earthquake|p2b: Farigiraf|[spread] p1b,p2a,p2b
|-resisted|p1b: Sinistcha
|-supereffective|p2a: Sneasler
|-damage|p1b: Sinistcha|60/100
|-damage|p2a: Sneasler|0 fnt
|-damage|p2b: Farigiraf|42/100
|-enditem|p2b: Farigiraf|Sitrus Berry|[eat]
|-heal|p2b: Farigiraf|67/100|[from] item: Sitrus Berry
|faint|p2a: Sneasler
|move|p1b: Sinistcha|Matcha Gotcha|p2b: Farigiraf
|-damage|p2b: Farigiraf|37/100
|-heal|p1b: Sinistcha|80/100|[from] drain|[of] p2b: Farigiraf
|
|-status|p1a: Ursaluna|brn|[from] item: Flame Orb
|upkeep
|inactive|dr_sugus_vgc has 30 seconds left.
|
|t:|1756246573
|switch|p2a: Kingambit|Kingambit, L50, M|100/100
|turn|5
|
|t:|1756246593
|-terastallize|p2a: Kingambit|Dark
|move|p1b: Sinistcha|Rage Powder|p1b: Sinistcha
|-singleturn|p1b: Sinistcha|move: Rage Powder
|move|p2b: Farigiraf|Twin Beam|p1b: Sinistcha
|-damage|p1b: Sinistcha|69/100
|-damage|p1b: Sinistcha|59/100
|-hitcount|p1b: Sinistcha|2
|move|p2a: Kingambit|Kowtow Cleave|p1b: Sinistcha
|-supereffective|p1b: Sinistcha
|-damage|p1b: Sinistcha|0 fnt
|faint|p1b: Sinistcha
|move|p1a: Ursaluna|Earthquake|p2a: Kingambit|[spread] p2a,p2b
|-damage|p2a: Kingambit|53/100
|-damage|p2b: Farigiraf|0 fnt
|faint|p2b: Farigiraf
|
|-damage|p1a: Ursaluna|95/100 brn|[from] brn
|-fieldend|move: Trick Room
|upkeep
|
|t:|1756246608
|switch|p2b: Torkoal|Torkoal, L50, F|100/100
|-weather|SunnyDay|[from] ability: Drought|[of] p2b: Torkoal
|turn|6
|
|t:|1756246616
|move|p1a: Ursaluna|Earthquake|p2b: Torkoal|[spread] p2a,p2b
|-supereffective|p2b: Torkoal
|-damage|p2a: Kingambit|4/100
|-damage|p2b: Torkoal|6/100
|move|p2a: Kingambit|Swords Dance|p2a: Kingambit
|-boost|p2a: Kingambit|atk|2
|move|p2b: Torkoal|Heat Wave|p1a: Ursaluna
|-damage|p1a: Ursaluna|8/100 brn
|
|-weather|SunnyDay|[upkeep]
|-damage|p1a: Ursaluna|2/100 brn|[from] brn
|upkeep
|turn|7
|
|t:|1756246628
|move|p2a: Kingambit|Sucker Punch|p1a: Ursaluna
|-damage|p1a: Ursaluna|0 fnt
|faint|p1a: Ursaluna
|
|win|dr_sugus_vgc
||Patata Navidenya is ready for game 3.
|inactive|dr_sugus_vgc has 30 seconds to confirm battle start!
||dr_sugus_vgc is ready for game 3.
|uhtml|next|Next: Game 3 of 3
|l|☆Patata Navidenya
|player|p1|
