|j|☆clearmomdotcom2
|j|☆Tanisha
|html|clearmomdotcom2Tanisha    
|uhtml|bestof|Game 1 of a best-of-3
|t:|1756351499
|gametype|doubles
|player|p1|clearmomdotcom2|waitress|1154
|player|p2|Tanisha|jupiter|1175
|gen|9
|tier|[Gen 9] VGC 2025 Reg H (Bo3)
|rated|
|rule|Species Clause: Limit one of each Pokémon
|rule|Item Clause: Limit 1 of each item
|clearpoke
|poke|p1|Indeedee, L50, M|
|poke|p1|Sneasler, L50, M|
|poke|p1|Torkoal, L50, M|
|poke|p1|Exeggutor, L50, F|
|poke|p1|Lilligant-Hisui, L50, F|
|poke|p1|Arcanine-Hisui, L50, F|
|poke|p2|Dragonite, L50, M|
|poke|p2|Ninetales-Alola, L50, M|
|poke|p2|Rillaboom, L50, M|
|poke|p2|Gholdengo, L50|
|poke|p2|Annihilape, L50, M|
|poke|p2|Ursaluna-Bloodmoon, L50, M|
|teampreview|4
|showteam|p1|Indeedee||FocusSash|PsychicSurge|ExpandingForce,TeraBlast,Protect,TrickRoom|||M|||50|,,,,,Fighting]Sneasler||PsychicSeed|Unburden|ThroatChop,CloseCombat,DireClaw,Protect|||M|||50|,,,,,Dark]Torkoal||EjectPack|Drought|Eruption,Overheat,Protect,HelpingHand|||M|||50|,,,,,Fire]Exeggutor||LifeOrb|Chlorophyll|ExpandingForce,SleepPowder,Protect,EnergyBall|||F|||50|,,,,,Psychic]Lilligant-Hisui||ClearAmulet|Chlorophyll|CloseCombat,AfterYou,TripleAxel,Protect|||F|||50|,,,,,Ghost]Arcanine-Hisui||ChoiceBand|Intimidate|RockSlide,RockBlast,FlareBlitz,ExtremeSpeed|||F|||50|,,,,,Water
|showteam|p2|Dragonite||LoadedDice|Multiscale|ScaleShot,ExtremeSpeed,Haze,Protect|||M|||50|,,,,,Fairy]Ninetales-Alola||LightClay|SnowWarning|IcicleSpear,AuroraVeil,Blizzard,IcyWind|||M|||50|,,,,,Ghost]Rillaboom||MiracleSeed|GrassySurge|WoodHammer,GrassyGlide,FakeOut,Protect|||M|||50|,,,,,Grass]Gholdengo||LifeOrb|GoodasGold|MakeItRain,ShadowBall,NastyPlot,Protect||||||50|,,,,,Water]Annihilape||SafetyGoggles|Defiant|RageFist,DrainPunch,BulkUp,Protect|||M|||50|,,,,,Fire]Ursaluna-Bloodmoon||AssaultVest|MindsEye|BloodMoon,HyperVoice,EarthPower,VacuumWave|||M|||50|,,,,,Ghost
|inactive|Battle timer is ON: inactive players will automatically lose when time's up. (requested by clearmomdotcom2)
|inactive|Tanisha has 60 seconds left.
|
|t:|1756351548
|teamsize|p1|4
|teamsize|p2|4
|start
|switch|p1a: Lilligant|Lilligant-Hisui, L50, F|100/100
|switch|p1b: Torkoal|Torkoal, L50, M|100/100
|switch|p2a: Rillaboom|Rillaboom, L50, M|100/100
|switch|p2b: Ursaluna|Ursaluna-Bloodmoon, L50, M|100/100
|-fieldstart|move: Grassy Terrain|[from] ability: Grassy Surge|[of] p2a: Rillaboom
|-weather|SunnyDay|[from] ability: Drought|[of] p1b: Torkoal
|turn|1
|inactive|Tanisha has 30 seconds left.
|
|t:|1756351580
|switch|p2a: Ninetales|Ninetales-Alola, L50, M|100/100
|-weather|Snowscape|[from] ability: Snow Warning|[of] p2a: Ninetales
|-terastallize|p2b: Ursaluna|Ghost
|move|p1a: Lilligant|Protect|p1a: Lilligant
|-singleturn|p1a: Lilligant|Protect
|move|p1b: Torkoal|Protect|p1b: Torkoal
|-singleturn|p1b: Torkoal|Protect
|move|p2b: Ursaluna|Earth Power|p1b: Torkoal
|-activate|p1b: Torkoal|move: Protect
|
|-weather|Snowscape|[upkeep]
|upkeep
|turn|2
|inactive|clearmomdotcom2 has 30 seconds left.
|inactive|clearmomdotcom2 has 20 seconds left.
|
|t:|1756351617
|switch|p1b: Indeedee|Indeedee, L50, M|100/100
|-fieldstart|move: Psychic Terrain|[from] ability: Psychic Surge|[of] p1b: Indeedee
|move|p2a: Ninetales|Aurora Veil|p2a: Ninetales
|-sidestart|p2: Tanisha|move: Aurora Veil
|move|p1a: Lilligant|Close Combat|p2a: Ninetales
|-damage|p2a: Ninetales|69/100
|-unboost|p1a: Lilligant|def|1
|-unboost|p1a: Lilligant|spd|1
|move|p2b: Ursaluna|Blood Moon|p1b: Indeedee
|-enditem|p1b: Indeedee|Focus Sash
|-damage|p1b: Indeedee|1/100
|
|-weather|Snowscape|[upkeep]
|upkeep
|turn|3
|inactive|clearmomdotcom2 has 30 seconds left.
|
|t:|1756351646
|switch|p2a: Rillaboom|Rillaboom, L50, M|100/100
|-fieldstart|move: Grassy Terrain|[from] ability: Grassy Surge|[of] p2a: Rillaboom
|switch|p1b: Torkoal|Torkoal, L50, M|100/100
|-weather|SunnyDay|[from] ability: Drought|[of] p1b: Torkoal
|move|p1a: Lilligant|Close Combat|p2a: Rillaboom
|-damage|p2a: Rillaboom|58/100
|-unboost|p1a: Lilligant|def|1
|-unboost|p1a: Lilligant|spd|1
|move|p2b: Ursaluna|Hyper Voice|p1a: Lilligant|[spread] p1a,p1b
|-damage|p1a: Lilligant|0 fnt
|-damage|p1b: Torkoal|53/100
|faint|p1a: Lilligant
|
|-weather|SunnyDay|[upkeep]
|-heal|p2a: Rillaboom|64/100|[from] Grassy Terrain
|-heal|p1b: Torkoal|59/100|[from] Grassy Terrain
|upkeep
|
|t:|1756351662
|switch|p1a: Exeggutor|Exeggutor, L50, F|100/100
|turn|4
|inactive|clearmomdotcom2 has 30 seconds left.
|inactive|Tanisha has 30 seconds left.
|
|t:|1756351695
|move|p2a: Rillaboom|Fake Out|p1a: Exeggutor
|-damage|p1a: Exeggutor|83/100
|cant|p1a: Exeggutor|flinch
|move|p2b: Ursaluna|Earth Power|p1b: Torkoal
|-supereffective|p1b: Torkoal
|-damage|p1b: Torkoal|0 fnt
|faint|p1b: Torkoal
|
|-weather|SunnyDay|[upkeep]
|-heal|p1a: Exeggutor|89/100|[from] Grassy Terrain
|-heal|p2a: Rillaboom|70/100|[from] Grassy Terrain
|upkeep
|
|t:|1756351701
|switch|p1b: Indeedee|Indeedee, L50, M|1/100
|-fieldstart|move: Psychic Terrain|[from] ability: Psychic Surge|[of] p1b: Indeedee
|turn|5
|
|t:|1756351712
|switch|p2a: Ninetales|Ninetales-Alola, L50, M|69/100
|-weather|Snowscape|[from] ability: Snow Warning|[of] p2a: Ninetales
|switch|p2b: Annihilape|Annihilape, L50, M|100/100
|move|p1b: Indeedee|Expanding Force|p2a: Ninetales|[spread] p2a,p2b
|-supereffective|p2b: Annihilape
|-damage|p2a: Ninetales|31/100
|-damage|p2b: Annihilape|33/100
|move|p1a: Exeggutor|Sleep Powder|p2b: Annihilape
|-activate|p2b: Annihilape|item: Safety Goggles|Sleep Powder
|
|-weather|Snowscape|[upkeep]
|upkeep
|turn|6
|
|t:|1756351735
|-terastallize|p1a: Exeggutor|Psychic
|move|p1b: Indeedee|Protect|p1b: Indeedee
|-singleturn|p1b: Indeedee|Protect
|move|p2a: Ninetales|Blizzard|p1a: Exeggutor|[spread] p1a
|-activate|p1b: Indeedee|move: Protect
|-damage|p1a: Exeggutor|57/100
|move|p2b: Annihilape|Rage Fist|p1a: Exeggutor
|-supereffective|p1a: Exeggutor
|-damage|p1a: Exeggutor|0 fnt
|faint|p1a: Exeggutor
|
|-weather|Snowscape|[upkeep]
|upkeep
|turn|7
|-message|clearmomdotcom2 forfeited.
|
|win|Tanisha
|l|☆clearmomdotcom2
|player|p1|
||clearmomdotcom2 is ready for game 2.
||Tanisha is ready for game 2.
|uhtml|next|Next: Game 2 of 3
