|j|☆axiarise
|j|☆GooandtheGoomies
|html|axiariseGooandtheGoomies    
|uhtml|bestof|Game 2 of a best-of-3
|t:|1783809130
|gametype|doubles
|player|p1|axiarise|101|
|player|p2|GooandtheGoomies|266|
|gen|9
|tier|[Gen 9 Champions] VGC 2026 Reg M-B (Bo3)
|rule|Species Clause: Limit one of each Pokémon
|rule|Item Clause: Limit 1 of each item
|clearpoke
|poke|p1|Basculegion, L50, M|
|poke|p1|Luxray, L50, M|
|poke|p1|Metagross, L50|
|poke|p1|Primarina, L50, M|
|poke|p1|Sceptile, L50, F|
|poke|p1|Dragonite, L50, F|
|poke|p2|Pelipper, L50, M, shiny|
|poke|p2|Archaludon, L50, F|
|poke|p2|Raichu, L50, M|
|poke|p2|Klefki, L50, F|
|poke|p2|Meganium, L50, F|
|poke|p2|Spiritomb, L50, F|
|teampreview|4
|showteam|p1|Basculegion||ChoiceScarf|Adaptability|LastRespects,WaveCrash,AquaJet,FlipTurn|Jolly||M|||50|]Luxray||QuickClaw|Intimidate|Superpower,IceFang,WildCharge,Protect|Adamant||M|||50|]Metagross||Metagrossite|ClearBody|Protect,BodyPress,IronHead,BulletPunch|Adamant|||||50|]Primarina||Leftovers|LiquidVoice|HyperVoice,Protect,Moonblast,CalmMind|Modest||M|||50|]Sceptile||Sceptilite|Overgrow|EarthPower,DragonPulse,EnergyBall,Detect|Timid||F|||50|]Dragonite||Dragoninite|Multiscale|Protect,DragonPulse,Hurricane,ExtremeSpeed|Quiet||F|||50|
|showteam|p2|Pelipper||FocusSash|Drizzle|Hurricane,IcyWind,WideGuard,WeatherBall|Bold||M|||50|]Archaludon||Leftovers|Stamina|FlashCannon,DragonPulse,Protect,ElectroShot|Timid||F|||50|]Raichu||RaichuniteX|Static|FakeOut,Encore,VoltTackle,Protect|Jolly||M|||50|]Klefki||MentalHerb|Prankster|ThunderWave,SunnyDay,RainDance,FoulPlay|Relaxed||F|||50|]Meganium||Meganiumite|Overgrow|WeatherBall,SolarBeam,DazzlingGleam,Protect|Timid||F|||50|]Spiritomb||RoseliBerry|Pressure|TrickRoom,Snarl,WillOWisp,RainDance|Sassy||F|||50|
|
|t:|1783809162
|teamsize|p1|4
|teamsize|p2|4
|start
|switch|p1a: Feesh|Basculegion, L50, M|100/100
|switch|p1b: Sceptiroth|Sceptile, L50, F|100/100
|switch|p2a: Klefki|Klefki, L50, F|100/100
|switch|p2b: Meganium|Meganium, L50, F|100/100
|turn|1
|
|t:|1783809193
|detailschange|p1b: Sceptiroth|Sceptile-Mega, L50, F
|-mega|p1b: Sceptiroth|Sceptile|Sceptilite
|detailschange|p2b: Meganium|Meganium-Mega, L50, F
|-mega|p2b: Meganium|Meganium|Meganiumite
|move|p2a: Klefki|Thunder Wave|p1b: Sceptiroth
|-activate|p1b: Sceptiroth|ability: Lightning Rod
|-ability|p1b: Sceptiroth|Lightning Rod|boost
|-boost|p1b: Sceptiroth|spa|1
|move|p1b: Sceptiroth|Earth Power|p2a: Klefki
|-supereffective|p2a: Klefki|1
|-damage|p2a: Klefki|0 fnt
|faint|p2a: Klefki
|move|p1a: Feesh|Flip Turn|p2b: Meganium
|-resisted|p2b: Meganium|1
|-damage|p2b: Meganium|80/100
|
|t:|1783809207
|switch|p1a: What Are Those|Dragonite, L50, F|100/100|[from] Flip Turn
|move|p2b: Meganium|Weather Ball|p1b: Sceptiroth
|-damage|p1b: Sceptiroth|20/100y
|
|upkeep
|
|t:|1783809213
|switch|p2a: Pelipper|Pelipper, L50, M, shiny|100/100
|-weather|RainDance|[from] ability: Drizzle|[of] p2a: Pelipper
|turn|2
|
|t:|1783809236
|move|p1b: Sceptiroth|Detect|p1b: Sceptiroth
|-singleturn|p1b: Sceptiroth|Protect
|move|p2b: Meganium|Protect|p2b: Meganium
|-singleturn|p2b: Meganium|Protect
|move|p1a: What Are Those|Hurricane|p2b: Meganium
|-activate|p2b: Meganium|move: Protect
|move|p2a: Pelipper|Icy Wind|p1b: Sceptiroth|[spread] p1a
|-activate|p1b: Sceptiroth|move: Protect
|-supereffective|p1a: What Are Those|2
|-damage|p1a: What Are Those|83/100
|-unboost|p1a: What Are Those|spe|1
|
|-weather|RainDance|[upkeep]
|upkeep
|turn|3
|
|t:|1783809262
|move|p1b: Sceptiroth|Detect||[still]
|-fail|p1b: Sceptiroth
|move|p2b: Meganium|Dazzling Gleam|p1b: Sceptiroth|[spread] p1a,p1b
|-supereffective|p1a: What Are Those|1
|-supereffective|p1b: Sceptiroth|1
|-damage|p1a: What Are Those|17/100
|-damage|p1b: Sceptiroth|0 fnt
|faint|p1b: Sceptiroth
|move|p2a: Pelipper|Icy Wind|p1a: What Are Those
|-supereffective|p1a: What Are Those|2
|-damage|p1a: What Are Those|0 fnt
|faint|p1a: What Are Those
|
|-weather|RainDance|[upkeep]
|upkeep
|
|t:|1783809272
|switch|p1b: Feesh|Basculegion, L50, M|100/100
|switch|p1a: X-Wing|Metagross, L50|100/100
|turn|4
|
|t:|1783809289
|move|p1b: Feesh|Last Respects|p2a: Pelipper
|-damage|p2a: Pelipper|31/100
|move|p2b: Meganium|Weather Ball|p1a: X-Wing
|-supereffective|p1a: X-Wing|1
|-damage|p1a: X-Wing|0 fnt
|faint|p1a: X-Wing
|move|p2a: Pelipper|Icy Wind|p1b: Feesh
|-resisted|p1b: Feesh|1
|-damage|p1b: Feesh|92/100
|-unboost|p1b: Feesh|spe|1
|
|-weather|RainDance|[upkeep]
|upkeep
|turn|5
|
|t:|1783809329
|move|p2b: Meganium|Solar Beam||[still]
|-prepare|p2b: Meganium|Solar Beam
|-activate|p2b: Meganium|ability: Mega Sol
|-anim|p2b: Meganium|Solar Beam|p1b: Feesh
|-supereffective|p1b: Feesh|1
|-damage|p1b: Feesh|0 fnt
|faint|p1b: Feesh
|
|win|GooandtheGoomies
