|j|☆Zaxxxxxx
|j|☆lox1sm
|html|Zaxxxxxxlox1sm    
|uhtml|bestof|Game 3 of a best-of-3
|t:|1782305030
|gametype|doubles
|player|p1|Zaxxxxxx|benga|1282
|player|p2|lox1sm|veteran|1161
|gen|9
|tier|[Gen 9 Champions] VGC 2026 Reg M-B (Bo3)
|rated|
|rule|Species Clause: Limit one of each Pokémon
|rule|Item Clause: Limit 1 of each item
|clearpoke
|poke|p1|Farigiraf, L50, F, shiny|
|poke|p1|Charizard, L50, M, shiny|
|poke|p1|Sylveon, L50, M, shiny|
|poke|p1|Kingambit, L50, F|
|poke|p1|Aerodactyl, L50, M, shiny|
|poke|p1|Garchomp, L50, F, shiny|
|poke|p2|Charizard, L50, F|
|poke|p2|Metagross, L50|
|poke|p2|Aerodactyl, L50, F|
|poke|p2|Garchomp, L50, M|
|poke|p2|Tsareena, L50, F|
|poke|p2|Samurott-Hisui, L50, M|
|teampreview|4
|showteam|p1|Farigiraf||SitrusBerry|ArmorTail|Roar,TrickRoom,TwinBeam,Thunderbolt|Modest||F|||50|]Charizard||CharizarditeY|Blaze|SolarBeam,Protect,HeatWave,WeatherBall|Modest||M|||50|]Sylveon||FairyFeather|Pixilate|Protect,HyperBeam,HyperVoice,QuickAttack|Modest||M|||50|]Kingambit||FocusSash|Defiant|SuckerPunch,KowtowCleave,IronHead,LowKick|Adamant||F|||50|]Aerodactyl||Aerodactylite|Unnerve|IceFang,DualWingbeat,Tailwind,RockSlide|Jolly||M|||50|]Garchomp||LifeOrb|RoughSkin|Protect,PoisonJab,DragonClaw,StompingTantrum|Serious||F|||50|
|showteam|p2|Charizard||CharizarditeY|Blaze|HeatWave,WeatherBall,SolarBeam,Protect|Modest||F|||50|]Metagross||Metagrossite|ClearBody|IronHead,PsychicFangs,StompingTantrum,Protect|Jolly|||||50|]Aerodactyl||FocusSash|Unnerve|RockSlide,IceFang,Tailwind,WideGuard|Jolly||F|||50|]Garchomp||LifeOrb|RoughSkin|DragonClaw,Earthquake,RockSlide,Protect|Jolly||M|||50|]Tsareena||WideLens|QueenlyMajesty|PowerWhip,TripleAxel,Taunt,Protect|Adamant||F|||50|]Samurott-Hisui||BlackGlasses|Sharpness|NightSlash,SuckerPunch,SacredSword,Protect|Adamant||M|||50|
|
|t:|1782305082
|teamsize|p1|4
|teamsize|p2|4
|start
|switch|p1a: Aerodactyl|Aerodactyl, L50, M, shiny|100/100
|switch|p1b: Garchomp|Garchomp, L50, F, shiny|100/100
|switch|p2a: Aerodactyl|Aerodactyl, L50, F|100/100
|switch|p2b: Metagross|Metagross, L50|100/100
|-ability|p2a: Aerodactyl|Unnerve
|-ability|p1a: Aerodactyl|Unnerve
|turn|1
|
|t:|1782305104
|detailschange|p1a: Aerodactyl|Aerodactyl-Mega, L50, M, shiny
|-mega|p1a: Aerodactyl|Aerodactyl|Aerodactylite
|detailschange|p2b: Metagross|Metagross-Mega, L50
|-mega|p2b: Metagross|Metagross|Metagrossite
|move|p1a: Aerodactyl|Tailwind|p1a: Aerodactyl
|-sidestart|p1: Zaxxxxxx|move: Tailwind
|move|p1b: Garchomp|Stomping Tantrum|p2b: Metagross
|-supereffective|p2b: Metagross|1
|-damage|p2b: Metagross|27/100
|-damage|p1b: Garchomp|90/100|[from] item: Life Orb
|move|p2a: Aerodactyl|Rock Slide|p1b: Garchomp|[spread] p1a
|-miss|p2a: Aerodactyl|p1b: Garchomp
|-supereffective|p1a: Aerodactyl|1
|-damage|p1a: Aerodactyl|34/100
|move|p2b: Metagross|Iron Head|p1a: Aerodactyl
|-supereffective|p1a: Aerodactyl|1
|-damage|p1a: Aerodactyl|0 fnt
|faint|p1a: Aerodactyl
|
|upkeep
|
|t:|1782305132
|switch|p1a: Kingambit|Kingambit, L50, F|100/100
|turn|2
|
|t:|1782305142
|switch|p2b: Samurott|Samurott-Hisui, L50, M|100/100
|move|p1b: Garchomp|Dragon Claw|p2a: Aerodactyl
|-damage|p2a: Aerodactyl|22/100
|-damage|p1b: Garchomp|80/100|[from] item: Life Orb
|move|p1a: Kingambit|Iron Head|p2a: Aerodactyl
|-supereffective|p2a: Aerodactyl|1
|-damage|p2a: Aerodactyl|0 fnt
|faint|p2a: Aerodactyl
|
|upkeep
|
|t:|1782305161
|switch|p2a: Garchomp|Garchomp, L50, M|100/100
|turn|3
|
|t:|1782305179
|move|p2a: Garchomp|Protect|p2a: Garchomp
|-singleturn|p2a: Garchomp|Protect
|move|p1b: Garchomp|Dragon Claw|p2b: Samurott
|-damage|p2b: Samurott|36/100
|-damage|p1b: Garchomp|71/100|[from] item: Life Orb
|move|p1a: Kingambit|Low Kick|p2b: Samurott
|-supereffective|p2b: Samurott|1
|-damage|p2b: Samurott|0 fnt
|faint|p2b: Samurott
|
|upkeep
|
|t:|1782305189
|switch|p2b: Metagross|Metagross-Mega, L50|27/100
|turn|4
|
|t:|1782305197
|move|p2b: Metagross|Protect|p2b: Metagross
|-singleturn|p2b: Metagross|Protect
|move|p2a: Garchomp|Protect||[still]
|-fail|p2a: Garchomp
|move|p1b: Garchomp|Dragon Claw|p2a: Garchomp
|-supereffective|p2a: Garchomp|1
|-damage|p2a: Garchomp|0 fnt
|-damage|p1b: Garchomp|58/100|[from] ability: Rough Skin|[of] p2a: Garchomp
|faint|p2a: Garchomp
|-damage|p1b: Garchomp|49/100|[from] item: Life Orb
|move|p1a: Kingambit|Kowtow Cleave|p2b: Metagross
|-activate|p2b: Metagross|move: Protect
|
|-sideend|p1: Zaxxxxxx|move: Tailwind
|upkeep
|turn|5
|
|t:|1782305214
|move|p2b: Metagross|Stomping Tantrum|p1a: Kingambit
|-supereffective|p1a: Kingambit|1
|-damage|p1a: Kingambit|35/100
|move|p1b: Garchomp|Stomping Tantrum|p2b: Metagross
|-supereffective|p2b: Metagross|1
|-damage|p2b: Metagross|0 fnt
|faint|p2b: Metagross
|-damage|p1b: Garchomp|39/100|[from] item: Life Orb
|
|win|Zaxxxxxx
|raw|Zaxxxxxx's rating: 1282 → 1299(+17 for winning)
|raw|lox1sm's rating: 1161 → 1144(-17 for losing)
|l|☆lox1sm
|player|p2|
|l|☆Zaxxxxxx
|player|p1|
|j|☆lox1sm
|player|p2|lox1sm|veteran|
