|j|☆ToshiVGC
|j|☆ghold medal
|html|ToshiVGCghold medal    
|uhtml|bestof|Game 2 of a best-of-3
|t:|1756360012
|gametype|doubles
|player|p1|ToshiVGC|elesa|1012
|player|p2|ghold medal|psychic-gen4|1000
|gen|9
|tier|[Gen 9] VGC 2025 Reg H (Bo3)
|rated|
|rule|Species Clause: Limit one of each Pokémon
|rule|Item Clause: Limit 1 of each item
|clearpoke
|poke|p1|Porygon2, L50|
|poke|p1|Avalugg-Hisui, L50, F|
|poke|p1|Amoonguss, L50, F|
|poke|p1|Kingambit, L50, M|
|poke|p1|Ninetales-Alola, L50, F|
|poke|p1|Gallade, L50, M|
|poke|p2|Gholdengo, L50|
|poke|p2|Rillaboom, L50, M|
|poke|p2|Incineroar, L50, M|
|poke|p2|Electabuzz, L50, M|
|poke|p2|Annihilape, L50, M|
|poke|p2|Dragonite, L50, M|
|teampreview|4
|showteam|p1|Porygon2||Eviolite|Download|TriAttack,ShadowBall,TrickRoom,Recover||||||50|,,,,,Ghost]Avalugg-Hisui||LoadedDice|IceBody|Protect,RockBlast,IcicleSpear,BodyPress|||F|||50|,,,,,Stellar]Amoonguss||RockyHelmet|Regenerator|PollenPuff,Spore,RagePowder,SludgeBomb|||F|||50|,,,,,Water]Kingambit||BlackGlasses|Defiant|SuckerPunch,KowtowCleave,IronHead,Protect|||M|||50|,,,,,Dark]Ninetales-Alola||LightClay|SnowWarning|AuroraVeil,Moonblast,Blizzard,Protect|||F|||50|,,,,,Water]Gallade||CovertCloak|Sharpness|PsychoCut,Coaching,WideGuard,TrickRoom|||M|||50|,,,,,Grass
|showteam|p2|Gholdengo||Leftovers|GoodasGold|MakeItRain,ShadowBall,NastyPlot,Protect||||||50|,,,,,Water]Rillaboom||AssaultVest|GrassySurge|WoodHammer,HighHorsepower,GrassyGlide,FakeOut|||M|||50|,,,,,Fire]Incineroar||SafetyGoggles|Intimidate|FlareBlitz,KnockOff,PartingShot,FakeOut|||M|||50|,,,,,Ghost]Electabuzz||Eviolite|VitalSpirit|Electroweb,Taunt,FollowMe,Protect|||M|||50|,,,,,Ghost]Annihilape||FocusSash|Defiant|CloseCombat,RageFist,Coaching,FinalGambit|||M|||50|,,,,,Stellar]Dragonite||LoadedDice|Multiscale|ScaleShot,Haze,ExtremeSpeed,Protect|||M|||50|,,,,,Fairy
|inactive|Battle timer is ON: inactive players will automatically lose when time's up. (requested by ghold medal)
|inactive|ToshiVGC has 60 seconds left.
|
|t:|1756360046
|teamsize|p1|4
|teamsize|p2|4
|start
|switch|p1a: Porygon2|Porygon2, L50, shiny|100/100
|switch|p1b: Kingambit|Kingambit, L50, M, shiny|100/100
|switch|p2a: Gholdengo|Gholdengo, L50|100/100
|switch|p2b: Annihilape|Annihilape, L50, M|100/100
|-ability|p1a: Porygon2|Download|boost
|-boost|p1a: Porygon2|atk|1
|turn|1
|inactive|ToshiVGC has 30 seconds left.
|inactive|ghold medal has 30 seconds left.
|inactive|ghold medal has 20 seconds left.
|inactive|ghold medal has 15 seconds left.
|inactive|ghold medal has 10 seconds left.
|inactive|ghold medal has 5 seconds left.
|
|t:|1756360096
|-terastallize|p1a: Porygon2|Ghost
|move|p1b: Kingambit|Protect|p1b: Kingambit
|-singleturn|p1b: Kingambit|Protect
|move|p2b: Annihilape|Final Gambit|p1b: Kingambit
|-activate|p1b: Kingambit|move: Protect
|move|p2a: Gholdengo|Nasty Plot|p2a: Gholdengo
|-boost|p2a: Gholdengo|spa|2
|move|p1a: Porygon2|Shadow Ball|p2a: Gholdengo
|-supereffective|p2a: Gholdengo
|-damage|p2a: Gholdengo|38/100
|
|-heal|p2a: Gholdengo|45/100|[from] item: Leftovers
|upkeep
|turn|2
|inactive|ghold medal has 30 seconds left.
|inactive|ghold medal has 20 seconds left.
|inactive|ghold medal has 15 seconds left.
|
|t:|1756360137
|-terastallize|p2a: Gholdengo|Water
|move|p1b: Kingambit|Sucker Punch|p2a: Gholdengo
|-damage|p2a: Gholdengo|0 fnt
|faint|p2a: Gholdengo
|move|p2b: Annihilape|Close Combat|p1b: Kingambit
|-supereffective|p1b: Kingambit
|-damage|p1b: Kingambit|0 fnt
|-unboost|p2b: Annihilape|def|1
|-unboost|p2b: Annihilape|spd|1
|faint|p1b: Kingambit
|move|p1a: Porygon2|Trick Room|p1a: Porygon2
|-fieldstart|move: Trick Room|[of] p1a: Porygon2
|
|upkeep
|
|t:|1756360147
|switch|p1b: Avalugg|Avalugg-Hisui, L50, F, shiny|100/100
|switch|p2a: Incineroar|Incineroar, L50, M, shiny|100/100
|-ability|p2a: Incineroar|Intimidate|boost
|-unboost|p1a: Porygon2|atk|1
|-unboost|p1b: Avalugg|atk|1
|turn|3
|
|t:|1756360172
|move|p1b: Avalugg|Protect|p1b: Avalugg
|-singleturn|p1b: Avalugg|Protect
|move|p1a: Porygon2|Shadow Ball|p2b: Annihilape
|-supereffective|p2b: Annihilape
|-damage|p2b: Annihilape|21/100
|move|p2a: Incineroar|Knock Off|p1a: Porygon2
|-supereffective|p1a: Porygon2
|-damage|p1a: Porygon2|37/100
|-enditem|p1a: Porygon2|Eviolite|[from] move: Knock Off|[of] p2a: Incineroar
|move|p2b: Annihilape|Rage Fist|p1a: Porygon2
|-supereffective|p1a: Porygon2
|-damage|p1a: Porygon2|0 fnt
|faint|p1a: Porygon2
|
|upkeep
|
|t:|1756360185
|switch|p1a: Ninetales|Ninetales-Alola, L50, F, shiny|100/100
|-weather|Snowscape|[from] ability: Snow Warning|[of] p1a: Ninetales
|turn|4
|inactive|ToshiVGC has 30 seconds left.
|
|t:|1756360218
|move|p1b: Avalugg|Rock Blast|p2a: Incineroar|[miss]
|-miss|p1b: Avalugg|p2a: Incineroar
|move|p2a: Incineroar|Flare Blitz|p1a: Ninetales
|-supereffective|p1a: Ninetales
|-damage|p1a: Ninetales|0 fnt
|faint|p1a: Ninetales
|-damage|p2a: Incineroar|75/100|[from] Recoil
|move|p2b: Annihilape|Close Combat|p1b: Avalugg
|-supereffective|p1b: Avalugg
|-damage|p1b: Avalugg|33/100
|-unboost|p2b: Annihilape|def|1
|-unboost|p2b: Annihilape|spd|1
|
|-weather|Snowscape|[upkeep]
|-heal|p1b: Avalugg|39/100|[from] ability: Ice Body
|upkeep
|turn|5
|
|t:|1756360241
|switch|p2b: Electabuzz|Electabuzz, L50, M, shiny|100/100
|move|p1b: Avalugg|Icicle Spear|p2b: Electabuzz
|-damage|p2b: Electabuzz|90/100
|-damage|p2b: Electabuzz|79/100
|-damage|p2b: Electabuzz|69/100
|-damage|p2b: Electabuzz|60/100
|-damage|p2b: Electabuzz|49/100
|-hitcount|p2b: Electabuzz|5
|move|p2a: Incineroar|Knock Off|p1b: Avalugg
|-damage|p1b: Avalugg|23/100
|-enditem|p1b: Avalugg|Loaded Dice|[from] move: Knock Off|[of] p2a: Incineroar
|
|-weather|Snowscape|[upkeep]
|-heal|p1b: Avalugg|29/100|[from] ability: Ice Body
|upkeep
|turn|6
|
|t:|1756360258
|move|p1b: Avalugg|Rock Blast|p2a: Incineroar
|-supereffective|p2a: Incineroar
|-damage|p2a: Incineroar|54/100
|-supereffective|p2a: Incineroar
|-damage|p2a: Incineroar|35/100
|-supereffective|p2a: Incineroar
|-damage|p2a: Incineroar|16/100
|-hitcount|p2a: Incineroar|3
|move|p2a: Incineroar|Flare Blitz|p1b: Avalugg
|-damage|p1b: Avalugg|10/100
|-damage|p2a: Incineroar|10/100|[from] Recoil
|move|p2b: Electabuzz|Electroweb|p1b: Avalugg
|-damage|p1b: Avalugg|0 fnt
|faint|p1b: Avalugg
|
|win|ghold medal
|raw|ToshiVGC's rating: 1012 → 1000(-12 for losing)
|raw|ghold medal's rating: 1000 → 1041(+41 for winning)
