|j|☆y-rocko
|j|☆FakePittTestA
|html|y-rockoFakePittTestA    
|uhtml|bestof|Game 3 of a best-of-3
|t:|1757801879
|gametype|doubles
|player|p1|y-rocko|grimsley|1057
|player|p2|FakePittTestA|lucas|1000
|gen|9
|tier|[Gen 9] VGC 2025 Reg H (Bo3)
|rated|
|rule|Species Clause: Limit one of each Pokémon
|rule|Item Clause: Limit 1 of each item
|clearpoke
|poke|p1|Ribombee, L50, M|
|poke|p1|Stonjourner, L50, M|
|poke|p1|Whimsicott, L50, M|
|poke|p1|Typhlosion-Hisui, L50, M|
|poke|p1|Flygon, L50, F|
|poke|p1|Bronzong, L50|
|poke|p2|Ursaluna-Bloodmoon, L50, M|
|poke|p2|Sinistcha-Masterpiece, L50|
|poke|p2|Klefki, L50, M|
|poke|p2|Tyranitar, L50, F|
|poke|p2|Excadrill, L50, F|
|poke|p2|Decidueye-Hisui, L50, M|
|teampreview|4
|showteam|p1|Ribombee||ChoiceSpecs|ShieldDust|Moonblast,DazzlingGleam,Uturn,PollenPuff|||M|||50|,,,,,Fairy]Stonjourner||FocusSash|PowerSpot|WideGuard,RockSlide,HeatCrash,LowKick|||M|||50|,,,,,Fire]Whimsicott||CovertCloak|Prankster|Tailwind,FakeTears,SunnyDay,Moonblast|||M|||50|,,,,,Water]Typhlosion-Hisui||Charcoal|Frisk|Protect,Eruption,ShadowBall,Flamethrower|||M|||50|,,,,,Fire]Flygon||LifeOrb|Levitate|Protect,DracoMeteor,EarthPower,GigaDrain|||F|||50|,,,,,Steel]Bronzong||SitrusBerry|Levitate|TrickRoom,GyroBall,BodyPress,Psychic||||||50|,,,,,Dragon
|showteam|p2|Ursaluna-Bloodmoon||AssaultVest|MindsEye|HyperVoice,BloodMoon,VacuumWave,EarthPower|||M|||50|,,,,,Poison]Sinistcha-Masterpiece||SitrusBerry|Hospitality|MatchaGotcha,LifeDew,CalmMind,TrickRoom||||||50|,,,,,Water]Klefki||LightClay|Prankster|MistyTerrain,Reflect,LightScreen,DazzlingGleam|||M|||50|,,,,,Water]Tyranitar||ClearAmulet|SandStream|RockSlide,LowKick,TeraBlast,KnockOff|||F|||50|,,,,,Flying]Excadrill||FocusSash|SandRush|HighHorsepower,Earthquake,RockSlide,Protect|||F|||50|,,,,,Stellar]Decidueye-Hisui||ScopeLens|Scrappy|TripleArrows,LeafBlade,Haze,Protect|||M|||50|,,,,,Water
|inactive|Battle timer is ON: inactive players will automatically lose when time's up. (requested by FakePittTestA)
|
|t:|1757801896
|teamsize|p1|4
|teamsize|p2|4
|start
|switch|p1a: Whimsicott|Whimsicott, L50, M|100/100
|switch|p1b: Typhlosion|Typhlosion-Hisui, L50, M|100/100
|switch|p2a: Klefki|Klefki, L50, M, shiny|100/100
|switch|p2b: Tyranitar|Tyranitar, L50, F|100/100
|-item|p2a: Klefki|Light Clay|[from] ability: Frisk|[of] p1b: Typhlosion
|-item|p2b: Tyranitar|Clear Amulet|[from] ability: Frisk|[of] p1b: Typhlosion
|-weather|Sandstorm|[from] ability: Sand Stream|[of] p2b: Tyranitar
|turn|1
|
|t:|1757801917
|-terastallize|p2a: Klefki|Water
|move|p1a: Whimsicott|Sunny Day|p1a: Whimsicott
|-weather|SunnyDay
|move|p2a: Klefki|Light Screen|p2a: Klefki
|-sidestart|p2: FakePittTestA|move: Light Screen
|move|p1b: Typhlosion|Eruption|p2b: Tyranitar|[spread] p2a,p2b
|-resisted|p2a: Klefki
|-resisted|p2b: Tyranitar
|-damage|p2a: Klefki|64/100
|-damage|p2b: Tyranitar|68/100
|move|p2b: Tyranitar|Rock Slide|p1a: Whimsicott|[spread] p1a,p1b
|-supereffective|p1b: Typhlosion
|-damage|p1a: Whimsicott|71/100
|-damage|p1b: Typhlosion|19/100
|
|-weather|SunnyDay|[upkeep]
|upkeep
|turn|2
|inactive|FakePittTestA has 30 seconds left.
|inactive|y-rocko has 30 seconds left.
|
|t:|1757801948
|switch|p1b: Bronzong|Bronzong, L50|100/100
|move|p1a: Whimsicott|Moonblast|p2b: Tyranitar
|-supereffective|p2b: Tyranitar
|-damage|p2b: Tyranitar|33/100
|move|p2b: Tyranitar|Rock Slide|p1b: Bronzong|[spread] p1a,p1b
|-resisted|p1b: Bronzong
|-damage|p1a: Whimsicott|45/100
|-damage|p1b: Bronzong|87/100
|move|p2a: Klefki|Dazzling Gleam|p1b: Bronzong|[spread] p1a,p1b
|-resisted|p1b: Bronzong
|-damage|p1a: Whimsicott|25/100
|-damage|p1b: Bronzong|81/100
|
|-weather|SunnyDay|[upkeep]
|upkeep
|turn|3
|inactive|y-rocko has 30 seconds left.
|
|t:|1757801976
|switch|p2b: Sinistcha|Sinistcha-Masterpiece, L50|100/100
|-heal|p2a: Klefki|89/100|[from] ability: Hospitality|[of] p2b: Sinistcha
|move|p1a: Whimsicott|Moonblast|p2b: Sinistcha
|-damage|p2b: Sinistcha|84/100
|move|p2a: Klefki|Dazzling Gleam|p1b: Bronzong|[spread] p1a,p1b
|-resisted|p1b: Bronzong
|-damage|p1a: Whimsicott|3/100
|-damage|p1b: Bronzong|74/100
|move|p1b: Bronzong|Body Press|p2a: Klefki
|-damage|p2a: Klefki|70/100
|
|-weather|SunnyDay|[upkeep]
|upkeep
|turn|4
|
|t:|1757801989
|move|p1a: Whimsicott|Fake Tears|p2b: Sinistcha
|-unboost|p2b: Sinistcha|spd|2
|move|p2a: Klefki|Dazzling Gleam|p1b: Bronzong|[spread] p1a,p1b
|-crit|p1a: Whimsicott
|-resisted|p1b: Bronzong
|-damage|p1a: Whimsicott|0 fnt
|-damage|p1b: Bronzong|68/100
|faint|p1a: Whimsicott
|move|p2b: Sinistcha|Calm Mind|p2b: Sinistcha
|-boost|p2b: Sinistcha|spa|1
|-boost|p2b: Sinistcha|spd|1
|move|p1b: Bronzong|Psychic|p2b: Sinistcha
|-crit|p2b: Sinistcha
|-damage|p2b: Sinistcha|25/100
|-enditem|p2b: Sinistcha|Sitrus Berry|[eat]
|-heal|p2b: Sinistcha|49/100|[from] item: Sitrus Berry
|
|-weather|SunnyDay|[upkeep]
|upkeep
|
|t:|1757801996
|switch|p1a: Typhlosion|Typhlosion-Hisui, L50, M|19/100
|-item|p2a: Klefki|Light Clay|[from] ability: Frisk|[of] p1a: Typhlosion
|turn|5
|
|t:|1757802010
|switch|p2b: Tyranitar|Tyranitar, L50, F|33/100
|-weather|Sandstorm|[from] ability: Sand Stream|[of] p2b: Tyranitar
|move|p1a: Typhlosion|Flamethrower|p2b: Tyranitar
|-resisted|p2b: Tyranitar
|-damage|p2b: Tyranitar|21/100
|move|p2a: Klefki|Dazzling Gleam|p1a: Typhlosion|[spread] p1a,p1b
|-resisted|p1a: Typhlosion
|-resisted|p1b: Bronzong
|-damage|p1a: Typhlosion|7/100
|-damage|p1b: Bronzong|61/100
|move|p1b: Bronzong|Body Press|p2b: Tyranitar
|-supereffective|p2b: Tyranitar
|-damage|p2b: Tyranitar|0 fnt
|faint|p2b: Tyranitar
|
|-weather|Sandstorm|[upkeep]
|-damage|p1a: Typhlosion|1/100|[from] Sandstorm
|-damage|p2a: Klefki|64/100|[from] Sandstorm
|upkeep
|
|t:|1757802016
|switch|p2b: Ursaluna|Ursaluna-Bloodmoon, L50, M|100/100
|turn|6
|
|t:|1757802026
|move|p2a: Klefki|Reflect|p2a: Klefki
|-sidestart|p2: FakePittTestA|Reflect
|move|p2b: Ursaluna|Vacuum Wave|p1a: Typhlosion
|-damage|p1a: Typhlosion|0 fnt
|faint|p1a: Typhlosion
|move|p1b: Bronzong|Body Press|p2b: Ursaluna
|-supereffective|p2b: Ursaluna
|-damage|p2b: Ursaluna|75/100
|
|-weather|Sandstorm|[upkeep]
|-damage|p2a: Klefki|58/100|[from] Sandstorm
|upkeep
|
|t:|1757802030
|switch|p1a: Flygon|Flygon, L50, F|100/100
|turn|7
|
|t:|1757802047
|-terastallize|p1a: Flygon|Steel
|move|p1a: Flygon|Giga Drain|p2b: Ursaluna
|-supereffective|p2b: Ursaluna
|-damage|p2b: Ursaluna|52/100
|-damage|p1a: Flygon|91/100|[from] item: Life Orb
|move|p2a: Klefki|Dazzling Gleam|p1a: Flygon|[spread] p1a,p1b
|-resisted|p1a: Flygon
|-resisted|p1b: Bronzong
|-damage|p1a: Flygon|79/100
|-damage|p1b: Bronzong|54/100
|move|p2b: Ursaluna|Blood Moon|p1a: Flygon
|-resisted|p1a: Flygon
|-damage|p1a: Flygon|22/100
|move|p1b: Bronzong|Body Press|p2b: Ursaluna
|-supereffective|p2b: Ursaluna
|-damage|p2b: Ursaluna|28/100
|
|-weather|Sandstorm|[upkeep]
|-damage|p2a: Klefki|52/100|[from] Sandstorm
|upkeep
|turn|8
|inactive|y-rocko has 30 seconds left.
|inactive|FakePittTestA has 30 seconds left.
|
|t:|1757802080
|switch|p2a: Sinistcha|Sinistcha-Masterpiece, L50|49/100
|-heal|p2b: Ursaluna|53/100|[from] ability: Hospitality|[of] p2a: Sinistcha
|move|p1a: Flygon|Protect|p1a: Flygon
|-singleturn|p1a: Flygon|Protect
|move|p2b: Ursaluna|Vacuum Wave|p1a: Flygon
|-activate|p1a: Flygon|move: Protect
|move|p1b: Bronzong|Body Press|p2b: Ursaluna
|-supereffective|p2b: Ursaluna
|-damage|p2b: Ursaluna|27/100
|
|-weather|Sandstorm|[upkeep]
|-damage|p2a: Sinistcha|43/100|[from] Sandstorm
|-sideend|p2: FakePittTestA|move: Light Screen
|upkeep
|turn|9
|
|t:|1757802097
|switch|p2a: Klefki|Klefki, L50, M, shiny, tera:Water|52/100
|move|p2b: Ursaluna|Vacuum Wave|p1a: Flygon
|-supereffective|p1a: Flygon
|-damage|p1a: Flygon|0 fnt
|faint|p1a: Flygon
|move|p1b: Bronzong|Body Press|p2b: Ursaluna
|-supereffective|p2b: Ursaluna
|-damage|p2b: Ursaluna|2/100
|
|-weather|none
|upkeep
|turn|10
|
|t:|1757802108
|move|p2a: Klefki|Light Screen|p2a: Klefki
|-sidestart|p2: FakePittTestA|move: Light Screen
|move|p2b: Ursaluna|Blood Moon|p1b: Bronzong
|-resisted|p1b: Bronzong
|-damage|p1b: Bronzong|26/100
|-enditem|p1b: Bronzong|Sitrus Berry|[eat]
|-heal|p1b: Bronzong|51/100|[from] item: Sitrus Berry
|move|p1b: Bronzong|Body Press|p2b: Ursaluna
|-supereffective|p2b: Ursaluna
|-damage|p2b: Ursaluna|0 fnt
|faint|p2b: Ursaluna
|
|upkeep
|
|t:|1757802114
|switch|p2b: Sinistcha|Sinistcha-Masterpiece, L50|43/100
|-heal|p2a: Klefki|77/100|[from] ability: Hospitality|[of] p2b: Sinistcha
|turn|11
|
|t:|1757802121
|move|p2a: Klefki|Reflect||[still]
|-fail|p2a: Klefki
|move|p2b: Sinistcha|Calm Mind|p2b: Sinistcha
|-boost|p2b: Sinistcha|spa|1
|-boost|p2b: Sinistcha|spd|1
|move|p1b: Bronzong|Body Press|p2b: Sinistcha
|-immune|p2b: Sinistcha
|
|upkeep
|turn|12
|
|t:|1757802132
|move|p2a: Klefki|Dazzling Gleam|p1b: Bronzong
|-resisted|p1b: Bronzong
|-damage|p1b: Bronzong|42/100
|move|p2b: Sinistcha|Matcha Gotcha|p1b: Bronzong
|-resisted|p1b: Bronzong
|-damage|p1b: Bronzong|23/100
|-heal|p2b: Sinistcha|52/100|[from] drain|[of] p1b: Bronzong
|move|p1b: Bronzong|Psychic|p2b: Sinistcha
|-damage|p2b: Sinistcha|40/100
|
|upkeep
|turn|13
|
|t:|1757802144
|move|p2a: Klefki|Dazzling Gleam|p1b: Bronzong
|-resisted|p1b: Bronzong
|-damage|p1b: Bronzong|14/100
|move|p2b: Sinistcha|Matcha Gotcha|p1b: Bronzong
|-resisted|p1b: Bronzong
|-damage|p1b: Bronzong|0 fnt
|-heal|p2b: Sinistcha|47/100|[from] drain|[of] p1b: Bronzong
|faint|p1b: Bronzong
|
|win|FakePittTestA
|raw|y-rocko's rating: 1057 → 1035(-22 for losing)
|raw|FakePittTestA's rating: 1000 → 1047(+47 for winning)
