|j|☆bennoVGC
|j|☆Testbericht2
|html|bennoVGCTestbericht2    
|uhtml|bestof|Game 3 of a best-of-3
|t:|1755085186
|gametype|doubles
|player|p1|bennoVGC|265|1271
|player|p2|Testbericht2|1|1264
|gen|9
|tier|[Gen 9] VGC 2025 Reg H (Bo3)
|rated|
|rule|Species Clause: Limit one of each Pokémon
|rule|Item Clause: Limit 1 of each item
|clearpoke
|poke|p1|Ursaluna, L50, F|
|poke|p1|Kilowattrel, L50, F|
|poke|p1|Gholdengo, L50|
|poke|p1|Incineroar, L50, F|
|poke|p1|Amoonguss, L50, F|
|poke|p1|Porygon2, L50|
|poke|p2|Kingambit, L50, M|
|poke|p2|Sinistcha, L50|
|poke|p2|Incineroar, L50, F|
|poke|p2|Sneasler, L50, M|
|poke|p2|Ninetales-Alola, L50, M|
|poke|p2|Ursaluna-Bloodmoon, L50, M|
|teampreview|4
|showteam|p1|Ursaluna||FlameOrb|Guts|Facade,HeadlongRush,Earthquake,Protect|||F|||50|,,,,,Fairy]Kilowattrel||FocusSash|Competitive|Thunderbolt,AirSlash,Tailwind,Protect|||F|||50|,,,,,Ghost]Gholdengo||LifeOrb|GoodasGold|MakeItRain,ShadowBall,NastyPlot,Protect||||||50|,,,,,Dragon]Incineroar||AssaultVest|Intimidate|KnockOff,FlareBlitz,Uturn,FakeOut|||F|||50|,,,,,Grass]Amoonguss||CovertCloak|Regenerator|Spore,RagePowder,SludgeBomb,Protect|||F|||50|,,,,,Dark]Porygon2||Eviolite|Download|TeraBlast,IceBeam,Recover,TrickRoom||||||50|,,,,,Fighting
|showteam|p2|Kingambit||Leftovers|Defiant|KowtowCleave,SuckerPunch,SwordsDance,Protect|||M|||50|,,,,,Ghost]Sinistcha||SitrusBerry|Hospitality|MatchaGotcha,LifeDew,TrickRoom,RagePowder||||||50|,,,,,Water]Incineroar||SafetyGoggles|Intimidate|FakeOut,KnockOff,FlareBlitz,PartingShot|||F|||50|,,,,,Ghost]Sneasler||FocusSash|PoisonTouch|DireClaw,CloseCombat,FakeOut,Protect|||M|||50|,,,,,Stellar]Ninetales-Alola||LightClay|SnowWarning|AuroraVeil,Blizzard,Moonblast,Protect|||M|||50|,,,,,Fire]Ursaluna-Bloodmoon||AssaultVest|MindsEye|HyperVoice,BloodMoon,EarthPower,VacuumWave|||M|||50|,,,,,Water
|j| spicy rider
|l| spicy rider
|inactive|Battle timer is ON: inactive players will automatically lose when time's up. (requested by Testbericht2)
|
|t:|1755085252
|teamsize|p1|4
|teamsize|p2|4
|start
|switch|p1a: Kilowattrel|Kilowattrel, L50, F, shiny|100/100
|switch|p1b: Amoonguss|Amoonguss, L50, F, shiny|100/100
|switch|p2a: Ninetales|Ninetales-Alola, L50, M|100/100
|switch|p2b: Kingambit|Kingambit, L50, M|100/100
|-weather|Snowscape|[from] ability: Snow Warning|[of] p2a: Ninetales
|turn|1
|
|t:|1755085273
|move|p1a: Kilowattrel|Tailwind|p1a: Kilowattrel
|-sidestart|p1: bennoVGC|move: Tailwind
|move|p2a: Ninetales|Blizzard|p1b: Amoonguss|[spread] p1a,p1b
|-supereffective|p1a: Kilowattrel
|-supereffective|p1b: Amoonguss
|-enditem|p1a: Kilowattrel|Focus Sash
|-damage|p1a: Kilowattrel|1/100
|-damage|p1b: Amoonguss|54/100
|move|p1b: Amoonguss|Spore|p2a: Ninetales
|-status|p2a: Ninetales|slp|[from] move: Spore
|move|p2b: Kingambit|Kowtow Cleave|p1b: Amoonguss
|-damage|p1b: Amoonguss|8/100
|
|-weather|Snowscape|[upkeep]
|upkeep
|turn|2
|
|t:|1755085292
|switch|p1b: Ursaluna|Ursaluna, L50, F|100/100
|move|p2b: Kingambit|Protect|p2b: Kingambit
|-singleturn|p2b: Kingambit|Protect
|move|p1a: Kilowattrel|Thunderbolt|p2b: Kingambit
|-activate|p2b: Kingambit|move: Protect
|cant|p2a: Ninetales|slp
|
|-weather|Snowscape|[upkeep]
|-status|p1b: Ursaluna|brn|[from] item: Flame Orb
|upkeep
|turn|3
|inactive|Testbericht2 has 30 seconds left.
|inactive|bennoVGC has 30 seconds left.
|
|t:|1755085332
|switch|p2a: Incineroar|Incineroar, L50, F|100/100
|-ability|p2a: Incineroar|Intimidate|boost
|-unboost|p1a: Kilowattrel|atk|1
|-ability|p1a: Kilowattrel|Competitive|boost
|-boost|p1a: Kilowattrel|spa|2
|-unboost|p1b: Ursaluna|atk|1
|-terastallize|p1b: Ursaluna|Fairy
|move|p2b: Kingambit|Sucker Punch|p1a: Kilowattrel
|-damage|p1a: Kilowattrel|0 fnt
|faint|p1a: Kilowattrel
|move|p1b: Ursaluna|Earthquake|p2b: Kingambit|[spread] p2a,p2b
|-supereffective|p2a: Incineroar
|-supereffective|p2b: Kingambit
|-damage|p2a: Incineroar|8/100
|-damage|p2b: Kingambit|30/100
|
|-weather|Snowscape|[upkeep]
|-heal|p2b: Kingambit|36/100|[from] item: Leftovers
|-damage|p1b: Ursaluna|95/100 brn|[from] brn
|upkeep
|
|t:|1755085353
|switch|p1a: Amoonguss|Amoonguss, L50, F, shiny|41/100
|turn|4
|
|t:|1755085375
|switch|p2b: Sinistcha|Sinistcha, L50|100/100
|-heal|p2a: Incineroar|33/100|[from] ability: Hospitality|[of] p2b: Sinistcha
|move|p2a: Incineroar|Fake Out|p1b: Ursaluna
|-damage|p1b: Ursaluna|83/100 brn
|cant|p1b: Ursaluna|flinch
|move|p1a: Amoonguss|Spore|p2b: Sinistcha
|-immune|p2b: Sinistcha
|
|-weather|Snowscape|[upkeep]
|-damage|p1b: Ursaluna|77/100 brn|[from] brn
|-sideend|p1: bennoVGC|move: Tailwind
|upkeep
|turn|5
|inactive|Testbericht2 has 30 seconds left.
|inactive|Testbericht2 has 20 seconds left.
|inactive|Testbericht2 has 15 seconds left.
|
|t:|1755085416
|switch|p1a: Gholdengo|Gholdengo, L50, shiny|100/100
|move|p1b: Ursaluna|Facade|p2a: Incineroar
|-damage|p2a: Incineroar|0 fnt
|faint|p2a: Incineroar
|move|p2b: Sinistcha|Life Dew||[still]
|-fail|p2b: Sinistcha|heal
|
|-weather|none
|-damage|p1b: Ursaluna|71/100 brn|[from] brn
|upkeep
|inactive|Testbericht2 has 30 seconds left.
|
|t:|1755085445
|switch|p2a: Kingambit|Kingambit, L50, M|36/100
|turn|6
|inactive|bennoVGC has 30 seconds left.
|inactive|Testbericht2 has 30 seconds left.
|
|t:|1755085474
|move|p2a: Kingambit|Protect|p2a: Kingambit
|-singleturn|p2a: Kingambit|Protect
|move|p1a: Gholdengo|Shadow Ball|p2b: Sinistcha
|-supereffective|p2b: Sinistcha
|-damage|p2b: Sinistcha|0 fnt
|faint|p2b: Sinistcha
|-damage|p1a: Gholdengo|91/100|[from] item: Life Orb
|move|p1b: Ursaluna|Headlong Rush|p2a: Kingambit
|-activate|p2a: Kingambit|move: Protect
|
|-heal|p2a: Kingambit|42/100|[from] item: Leftovers
|-damage|p1b: Ursaluna|65/100 brn|[from] brn
|upkeep
|
|t:|1755085481
|switch|p2b: Ninetales|Ninetales-Alola, L50, M|100/100 slp
|-weather|Snowscape|[from] ability: Snow Warning|[of] p2b: Ninetales
|turn|7
|inactive|bennoVGC has 30 seconds left.
|inactive|Testbericht2 has 30 seconds left.
|inactive|Testbericht2 has 20 seconds left.
|
|t:|1755085520
|-terastallize|p2a: Kingambit|Ghost
|move|p1a: Gholdengo|Protect|p1a: Gholdengo
|-singleturn|p1a: Gholdengo|Protect
|move|p2a: Kingambit|Sucker Punch|p1b: Ursaluna
|-resisted|p1b: Ursaluna
|-damage|p1b: Ursaluna|49/100 brn
|cant|p2b: Ninetales|slp
|move|p1b: Ursaluna|Headlong Rush|p2a: Kingambit
|-damage|p2a: Kingambit|0 fnt
|-unboost|p1b: Ursaluna|def|1
|-unboost|p1b: Ursaluna|spd|1
|faint|p2a: Kingambit
|
|-weather|Snowscape|[upkeep]
|-damage|p1b: Ursaluna|43/100 brn|[from] brn
|upkeep
|turn|8
|
|t:|1755085539
|-curestatus|p2b: Ninetales|slp|[msg]
|move|p2b: Ninetales|Blizzard|p1b: Ursaluna|[spread] p1a,p1b
|-resisted|p1a: Gholdengo
|-damage|p1a: Gholdengo|73/100
|-damage|p1b: Ursaluna|0 fnt
|faint|p1b: Ursaluna
|move|p1a: Gholdengo|Make It Rain|p2b: Ninetales
|-supereffective|p2b: Ninetales
|-damage|p2b: Ninetales|0 fnt
|-unboost|p1a: Gholdengo|spa|1
|faint|p2b: Ninetales
|-damage|p1a: Gholdengo|64/100|[from] item: Life Orb
|
|win|bennoVGC
|raw|bennoVGC's rating: 1271 → 1295(+24 for winning)
|raw|Testbericht2's rating: 1264 → 1240(-24 for losing)
|c|☆bennoVGC|ggs
