|j|☆ivanciooo
|j|☆NandoGTG
|html|ivancioooNandoGTG    
|uhtml|bestof|Game 1 of a best-of-3
|t:|1785516420
|gametype|doubles
|player|p1|ivanciooo|acerola-masters3|
|player|p2|NandoGTG|cheren|
|gen|9
|tier|[Gen 9 Champions] VGC 2026 Reg M-B (Bo3)
|rule|Species Clause: Limit one of each Pokémon
|rule|Item Clause: Limit 1 of each item
|clearpoke
|poke|p1|Tyranitar, L50, M|
|poke|p1|Staraptor, L50, F|
|poke|p1|Gholdengo, L50|
|poke|p1|Excadrill, L50, F|
|poke|p1|Milotic, L50, F|
|poke|p1|Sinistcha, L50|
|poke|p2|Charizard, L50, F|
|poke|p2|Hydreigon, L50, F|
|poke|p2|Incineroar, L50, F|
|poke|p2|Toxapex, L50, M|
|poke|p2|Garchomp, L50, M|
|poke|p2|Venusaur, L50, M|
|teampreview|4
|showteam|p1|Tyranitar||Tyranitarite|SandStream|RockSlide,KnockOff,LowKick,Protect|Jolly||M|||50|]Staraptor||Staraptite|Intimidate|CloseCombat,BraveBird,Tailwind,Protect|Jolly||F|||50|]Gholdengo||LifeOrb|GoodasGold|MakeItRain,ShadowBall,NastyPlot,Protect|Modest|||||50|]Excadrill||FocusSash|SandRush|HighHorsepower,RockSlide,IronHead,Protect|Adamant||F|||50|]Milotic||SitrusBerry|Competitive|IceBeam,IcyWind,Scald,Protect|Calm||F|||50|]Sinistcha||ColburBerry|Hospitality|MatchaGotcha,ShadowBall,RagePowder,Protect|Bold|||||50|
|showteam|p2|Charizard||CharizarditeY|Blaze|HeatWave,WeatherBall,SolarBeam,Protect|Modest||F|||50|]Hydreigon||ChoiceScarf|Levitate|DarkPulse,DracoMeteor,Snarl,EarthPower|Modest||F|||50|]Incineroar||SitrusBerry|Intimidate|FlareBlitz,ThroatChop,FakeOut,PartingShot|Impish||F|||50|]Toxapex||Leftovers|Regenerator|Infestation,Toxic,WideGuard,BanefulBunker|Bold||M|||50|]Garchomp||LifeOrb|RoughSkin|DragonClaw,Earthquake,RockTomb,Protect|Jolly||M|||50|]Venusaur||FocusSash|Chlorophyll|SludgeBomb,EarthPower,SleepPowder,Protect|Modest||M|||50|
|c|☆NandoGTG|Buenasss
|c|☆NandoGTG|Preguntan los de Canarias si pueden spectear
|c|☆ivanciooo|gl jefe
|c|☆ivanciooo|ah sisi sin problema
|c|☆NandoGTG|glhf igualmente!
|j| CharmanditoABM
|
|t:|1785516544
|teamsize|p1|4
|teamsize|p2|4
|start
|switch|p1a: Staraptor|Staraptor, L50, F|100/100
|switch|p1b: Milotic|Milotic, L50, F|100/100
|switch|p2a: Hydreigon|Hydreigon, L50, F|100/100
|switch|p2b: Charizard|Charizard, L50, F|100/100
|-ability|p1a: Staraptor|Intimidate|boost
|-unboost|p2a: Hydreigon|atk|1
|-unboost|p2b: Charizard|atk|1
|turn|1
|
|t:|1785516588
|switch|p2a: Toxapex|Toxapex, L50, M|100/100
|detailschange|p1a: Staraptor|Staraptor-Mega, L50, F
|-mega|p1a: Staraptor|Staraptor|Staraptite
|detailschange|p2b: Charizard|Charizard-Mega-Y, L50, F
|-mega|p2b: Charizard|Charizard|Charizardite Y
|-weather|SunnyDay|[from] ability: Drought|[of] p2b: Charizard
|move|p1a: Staraptor|Close Combat|p2a: Toxapex
|-resisted|p2a: Toxapex|1
|-damage|p2a: Toxapex|79/100
|-boost|p1a: Staraptor|def|1
|-boost|p1a: Staraptor|spd|1
|move|p2b: Charizard|Solar Beam||[still]
|-prepare|p2b: Charizard|Solar Beam
|-anim|p2b: Charizard|Solar Beam|p1b: Milotic
|-supereffective|p1b: Milotic|1
|-damage|p1b: Milotic|38/100
|-enditem|p1b: Milotic|Sitrus Berry|[eat]
|-heal|p1b: Milotic|63/100|[from] item: Sitrus Berry
|move|p1b: Milotic|Icy Wind|p2b: Charizard|[spread] p2a,p2b
|-resisted|p2a: Toxapex|1
|-crit|p2a: Toxapex
|-damage|p2a: Toxapex|73/100
|-damage|p2b: Charizard|91/100
|-unboost|p2a: Toxapex|spe|1
|-unboost|p2b: Charizard|spe|1
|
|-weather|SunnyDay|[upkeep]
|-heal|p2a: Toxapex|79/100|[from] item: Leftovers
|upkeep
|turn|2
|
|t:|1785516644
|switch|p1b: Tyranitar|Tyranitar, L50, M|100/100
|-weather|Sandstorm|[from] ability: Sand Stream|[of] p1b: Tyranitar
|move|p1a: Staraptor|Protect|p1a: Staraptor
|-singleturn|p1a: Staraptor|Protect
|move|p2b: Charizard|Protect|p2b: Charizard
|-singleturn|p2b: Charizard|Protect
|move|p2a: Toxapex|Toxic|p1a: Staraptor
|-activate|p1a: Staraptor|move: Protect
|
|-weather|Sandstorm|[upkeep]
|-damage|p1a: Staraptor|94/100|[from] Sandstorm
|-damage|p2b: Charizard|85/100|[from] Sandstorm
|-damage|p2a: Toxapex|73/100|[from] Sandstorm
|-heal|p2a: Toxapex|79/100|[from] item: Leftovers
|upkeep
|turn|3
|
|t:|1785516657
|switch|p2b: Garchomp|Garchomp, L50, M|100/100
|move|p1a: Staraptor|Close Combat|p2b: Garchomp
|-damage|p2b: Garchomp|40/100
|-boost|p1a: Staraptor|def|1
|-boost|p1a: Staraptor|spd|1
|-damage|p1a: Staraptor|82/100|[from] ability: Rough Skin|[of] p2b: Garchomp
|move|p1b: Tyranitar|Knock Off|p2a: Toxapex
|-damage|p2a: Toxapex|46/100
|-enditem|p2a: Toxapex|Leftovers|[from] move: Knock Off|[of] p1b: Tyranitar
|move|p2a: Toxapex|Infestation|p1b: Tyranitar
|-supereffective|p1b: Tyranitar|1
|-damage|p1b: Tyranitar|95/100
|-activate|p1b: Tyranitar|move: Infestation|[of] p2a: Toxapex
|
|-weather|Sandstorm|[upkeep]
|-damage|p1a: Staraptor|76/100|[from] Sandstorm
|-damage|p2a: Toxapex|40/100|[from] Sandstorm
|-damage|p1b: Tyranitar|83/100|[from] move: Infestation|[partiallytrapped]
|upkeep
|turn|4
|j| Manolete espinete
|
|t:|1785516693
|-heal|p2a: Toxapex|73/100|[from] ability: Regenerator|[silent]
|switch|p2a: Hydreigon|Hydreigon, L50, F|100/100
|move|p1a: Staraptor|Tailwind|p1a: Staraptor
|-sidestart|p1: ivanciooo|move: Tailwind
|move|p1b: Tyranitar|Knock Off|p2b: Garchomp
|-damage|p2b: Garchomp|0 fnt
|-damage|p1b: Tyranitar|70/100|[from] ability: Rough Skin|[of] p2b: Garchomp
|-enditem|p2b: Garchomp|Life Orb|[from] move: Knock Off|[of] p1b: Tyranitar
|faint|p2b: Garchomp
|
|-weather|Sandstorm|[upkeep]
|-damage|p1a: Staraptor|70/100|[from] Sandstorm
|-damage|p2a: Hydreigon|94/100|[from] Sandstorm
|-end|p1b: Tyranitar|Infestation|[partiallytrapped]|[silent]
|upkeep
|
|t:|1785516700
|switch|p2b: Charizard|Charizard-Mega-Y, L50, F|85/100
|-weather|SunnyDay|[from] ability: Drought|[of] p2b: Charizard
|turn|5
|
|t:|1785516724
|move|p1a: Staraptor|Close Combat|p2a: Hydreigon
|-supereffective|p2a: Hydreigon|1
|-damage|p2a: Hydreigon|0 fnt
|-boost|p1a: Staraptor|def|1
|-boost|p1a: Staraptor|spd|1
|faint|p2a: Hydreigon
|move|p1b: Tyranitar|Rock Slide|p2b: Charizard
|-supereffective|p2b: Charizard|2
|-damage|p2b: Charizard|0 fnt
|faint|p2b: Charizard
|
|-weather|SunnyDay|[upkeep]
|upkeep
|
|t:|1785516727
|switch|p2b: Toxapex|Toxapex, L50, M|73/100
|turn|6
|-message|NandoGTG forfeited.
|
|win|ivanciooo
||NandoGTG is ready for game 2.
||ivanciooo is ready for game 2.
|uhtml|next|Next: Game 2 of 3
|l| Manolete espinete
|l| CharmanditoABM
