|j|ŌśåIceman5687
|j|ŌśåScrambledegg62
|html|Iceman5687Scrambledegg62    
|uhtml|bestof|Game 3 of a best-of-3
|t:|1782473821
|gametype|doubles
|player|p1|Iceman5687|101|1195
|player|p2|Scrambledegg62|lance|1179
|gen|9
|tier|[Gen 9 Champions] VGC 2026 Reg M-B (Bo3)
|rated|
|rule|Species Clause: Limit one of each Pok├®mon
|rule|Item Clause: Limit 1 of each item
|clearpoke
|poke|p1|Grimmsnarl, L50, M, shiny|
|poke|p1|Swampert, L50, M|
|poke|p1|Pelipper, L50, M|
|poke|p1|Archaludon, L50, M|
|poke|p1|Sinistcha, L50|
|poke|p1|Metagross, L50|
|poke|p2|Pyroar, L50, M, shiny|
|poke|p2|Gallade, L50, M, shiny|
|poke|p2|Farigiraf, L50, F, shiny|
|poke|p2|Kangaskhan, L50, F, shiny|
|poke|p2|Torkoal, L50, F, shiny|
|poke|p2|Mawile, L50, M, shiny|
|teampreview|4
|showteam|p1|Grimmsnarl||LightClay|Prankster|FoulPlay,PartingShot,Reflect,LightScreen|Calm||M|||50|]Swampert||Swampertite|Damp|WaveCrash,Earthquake,IcePunch,Protect|Adamant||M|||50|]Pelipper||SitrusBerry|Drizzle|Hurricane,WeatherBall,Tailwind,WideGuard|Modest||M|||50|]Archaludon||Leftovers|Stamina|ElectroShot,DragonPulse,FlashCannon,Protect|Modest||M|||50|]Sinistcha||CobaBerry|Hospitality|MatchaGotcha,RagePowder,TrickRoom,Protect|Relaxed|||||50|]Metagross||Metagrossite|ClearBody|IronHead,PsychicFangs,BodyPress,Protect|Jolly|||||50|
|showteam|p2|Pyroar||Pyroarite|Unnerve|Overheat,HeatWave,SolarBeam,Protect|Timid||M|||50|]Gallade||IronBall|Sharpness|SacredSword,PsychoCut,LeafBlade,TrickRoom|Brave||M|||50|]Farigiraf||SitrusBerry|ArmorTail|TrickRoom,HelpingHand,PsychicFangs,Thunderbolt|Relaxed||F|||50|]Kangaskhan||LifeOrb|Scrappy|FakeOut,DoubleEdge,IcePunch,HammerArm|Brave||F|||50|]Torkoal||Charcoal|Drought|Eruption,WeatherBall,HelpingHand,Protect|Quiet||F|||50|]Mawile||Mawilite|Intimidate|SwordsDance,PlayRough,SuckerPunch,RockSlide|Brave||M|||50|
|inactive|Battle timer is ON: inactive players will automatically lose when time's up. (requested by Scrambledegg62)
|c|ŌśåScrambledegg62|We meet again
|c|ŌśåIceman5687|its game 3
|c|ŌśåIceman5687|so yea
|c|ŌśåScrambledegg62|LOL
|inactive|Iceman5687 has 60 seconds left.
|c|ŌśåScrambledegg62|sorry it is early for me
|c|ŌśåIceman5687|happens
|
|t:|1782473866
|teamsize|p1|4
|teamsize|p2|4
|start
|switch|p1a: Metagross|Metagross, L50|100/100
|switch|p1b: Grimmsnarl|Grimmsnarl, L50, M, shiny|100/100
|switch|p2a: Mawile|Mawile, L50, M, shiny|100/100
|switch|p2b: Farigiraf|Farigiraf, L50, F, shiny|100/100
|-ability|p2a: Mawile|Intimidate|boost
|-fail|p1a: Metagross|unboost|[from] ability: Clear Body|[of] p1a: Metagross
|-unboost|p1b: Grimmsnarl|atk|1
|turn|1
|
|t:|1782473881
|detailschange|p1a: Metagross|Metagross-Mega, L50
|-mega|p1a: Metagross|Metagross|Metagrossite
|detailschange|p2a: Mawile|Mawile-Mega, L50, M, shiny
|-mega|p2a: Mawile|Mawile|Mawilite
|move|p1a: Metagross|Iron Head|p2b: Farigiraf
|-damage|p2b: Farigiraf|58/100
|move|p1b: Grimmsnarl|Foul Play|p2b: Farigiraf
|-supereffective|p2b: Farigiraf|1
|-damage|p2b: Farigiraf|12/100
|-enditem|p2b: Farigiraf|Sitrus Berry|[eat]
|-heal|p2b: Farigiraf|37/100|[from] item: Sitrus Berry
|move|p2a: Mawile|Play Rough|p1b: Grimmsnarl
|-supereffective|p1b: Grimmsnarl|1
|-damage|p1b: Grimmsnarl|0 fnt
|faint|p1b: Grimmsnarl
|cant|p2b: Farigiraf|flinch
|
|upkeep
|inactive|Iceman5687 has 30 seconds left.
|inactive|Iceman5687 has 20 seconds left.
|
|t:|1782473917
|switch|p1b: Pelipper|Pelipper, L50, M|100/100
|-weather|RainDance|[from] ability: Drizzle|[of] p1b: Pelipper
|turn|2
|
|t:|1782473930
|move|p2b: Farigiraf|Helping Hand|p2a: Mawile
|-singleturn|p2a: Mawile|Helping Hand|[of] p2b: Farigiraf
|move|p2a: Mawile|Sucker Punch|p1a: Metagross
|-supereffective|p1a: Metagross|1
|-damage|p1a: Metagross|0 fnt
|faint|p1a: Metagross
|move|p1b: Pelipper|Weather Ball|p2a: Mawile
|-damage|p2a: Mawile|33/100
|
|-weather|RainDance|[upkeep]
|upkeep
|
|t:|1782473934
|switch|p1a: Archaludon|Archaludon, L50, M|100/100
|turn|3
|inactive|Scrambledegg62 has 30 seconds left.
|
|t:|1782473963
|switch|p2a: Torkoal|Torkoal, L50, F, shiny|100/100
|-weather|SunnyDay|[from] ability: Drought|[of] p2a: Torkoal
|move|p1a: Archaludon|Flash Cannon|p2a: Torkoal
|-resisted|p2a: Torkoal|1
|-damage|p2a: Torkoal|76/100
|move|p1b: Pelipper|Weather Ball|p2b: Farigiraf
|-damage|p2b: Farigiraf|0 fnt
|faint|p2b: Farigiraf
|
|-weather|SunnyDay|[upkeep]
|upkeep
|
|t:|1782473973
|switch|p2b: Gallade|Gallade, L50, M, shiny|100/100
|turn|4
|
|t:|1782473996
|move|p2a: Torkoal|Protect|p2a: Torkoal
|-singleturn|p2a: Torkoal|Protect
|move|p1a: Archaludon|Dragon Pulse|p2b: Gallade
|-damage|p2b: Gallade|61/100
|move|p1b: Pelipper|Hurricane|p2b: Gallade
|-supereffective|p2b: Gallade|1
|-damage|p2b: Gallade|0 fnt
|faint|p2b: Gallade
|
|-weather|SunnyDay|[upkeep]
|upkeep
|
|t:|1782474003
|switch|p2b: Mawile|Mawile-Mega, L50, M, shiny|33/100
|turn|5
|
|t:|1782474014
|move|p2b: Mawile|Sucker Punch|p1a: Archaludon
|-damage|p1a: Archaludon|64/100
|-ability|p1a: Archaludon|Stamina|boost
|-boost|p1a: Archaludon|def|1
|move|p1a: Archaludon|Dragon Pulse|p2a: Torkoal
|-damage|p2a: Torkoal|21/100
|move|p1b: Pelipper|Weather Ball|p2b: Mawile
|-supereffective|p2b: Mawile|1
|-damage|p2b: Mawile|0 fnt
|faint|p2b: Mawile
|move|p2a: Torkoal|Weather Ball|p1a: Archaludon
|-damage|p1a: Archaludon|0 fnt
|faint|p1a: Archaludon
|
|-weather|SunnyDay|[upkeep]
|upkeep
|turn|6
|
|t:|1782474028
|move|p1b: Pelipper|Weather Ball|p2a: Torkoal
|-resisted|p2a: Torkoal|1
|-damage|p2a: Torkoal|0 fnt
|faint|p2a: Torkoal
|
|win|Iceman5687
|raw|Iceman5687's rating: 1195 → 1219(+24 for winning)
|raw|Scrambledegg62's rating: 1179 → 1155(-24 for losing)
