|j|☆T-Soro
|j|☆Refanner
|html|T-SoroRefanner    
|uhtml|bestof|Game 3 of a best-of-3
|t:|1756200347
|gametype|doubles
|player|p1|T-Soro|buck|1086
|player|p2|Refanner|1|1030
|gen|9
|tier|[Gen 9] VGC 2025 Reg H (Bo3)
|rated|
|rule|Species Clause: Limit one of each Pokémon
|rule|Item Clause: Limit 1 of each item
|clearpoke
|poke|p1|Primarina, L50, F|
|poke|p1|Garchomp, L50, F|
|poke|p1|Gholdengo, L50|
|poke|p1|Talonflame, L50, M|
|poke|p1|Tyranitar, L50, M|
|poke|p1|Amoonguss, L50, F|
|poke|p2|Ursaluna-Bloodmoon, L50, M|
|poke|p2|Amoonguss, L50, M|
|poke|p2|Farigiraf, L50, F|
|poke|p2|Dragapult, L50, F|
|poke|p2|Incineroar, L50, F|
|poke|p2|Talonflame, L50, F|
|teampreview|4
|showteam|p1|Primarina||ThroatSpray|LiquidVoice|HyperVoice,Moonblast,Protect,Haze|||F|||50|,,,,,Steel]Garchomp||LifeOrb|RoughSkin|Earthquake,RockSlide,DragonClaw,Protect|||F|||50|,,,,,Fire]Gholdengo||Leftovers|GoodasGold|MakeItRain,ShadowBall,NastyPlot,Protect||||||50|,,,,,Flying]Talonflame||CovertCloak|GaleWings|BraveBird,Tailwind,WillOWisp,Taunt|||M|||50|,,,,,Flying]Tyranitar||AssaultVest|SandStream|RockSlide,KnockOff,LowKick,IcePunch|||M|||50|,,,,,Flying]Amoonguss||SitrusBerry|Regenerator|Spore,RagePowder,PollenPuff,Protect|||F|||50|,,,,,Water
|showteam|p2|Ursaluna-Bloodmoon||AssaultVest|MindsEye|EarthPower,HyperVoice,VacuumWave,BloodMoon|||M|||50|,,,,,Dragon]Amoonguss||SitrusBerry|Regenerator|PollenPuff,RagePowder,Protect,Spore|||M|||50|,,,,,Water]Farigiraf||ThroatSpray|ArmorTail|HyperVoice,Psychic,TrickRoom,Protect|||F|||50|,,,,,Fairy]Dragapult||ChoiceBand|ClearBody|DragonDarts,PhantomForce,Uturn,SuckerPunch|||F|||50|,,,,,Dragon]Incineroar||SafetyGoggles|Intimidate|KnockOff,FakeOut,PartingShot,WillOWisp|||F|||50|,,,,,Ghost]Talonflame||CovertCloak|GaleWings|DualWingbeat,FlareBlitz,Tailwind,Taunt|||F|||50|,,,,,Flying
|
|t:|1756200387
|teamsize|p1|4
|teamsize|p2|4
|start
|switch|p1a: Talonflame|Talonflame, L50, M|100/100
|switch|p1b: Garchomp|Garchomp, L50, F|100/100
|switch|p2a: Incineroar|Incineroar, L50, F|100/100
|switch|p2b: Farigiraf|Farigiraf, L50, F|100/100
|-ability|p2a: Incineroar|Intimidate|boost
|-unboost|p1a: Talonflame|atk|1
|-unboost|p1b: Garchomp|atk|1
|turn|1
|
|t:|1756200412
|-terastallize|p1b: Garchomp|Fire
|move|p2a: Incineroar|Fake Out|p1b: Garchomp
|-damage|p1b: Garchomp|88/100
|-damage|p2a: Incineroar|88/100|[from] ability: Rough Skin|[of] p1b: Garchomp
|move|p1a: Talonflame|Taunt|p2b: Farigiraf
|-start|p2b: Farigiraf|move: Taunt
|cant|p1b: Garchomp|flinch
|move|p2b: Farigiraf|Hyper Voice|p1b: Garchomp|[spread] p1a,p1b
|-crit|p1a: Talonflame
|-damage|p1a: Talonflame|40/100
|-damage|p1b: Garchomp|52/100
|-enditem|p2b: Farigiraf|Throat Spray
|-boost|p2b: Farigiraf|spa|1|[from] item: Throat Spray
|
|upkeep
|turn|2
|
|t:|1756200434
|move|p1a: Talonflame|Brave Bird|p2b: Farigiraf
|-damage|p2b: Farigiraf|74/100
|-damage|p1a: Talonflame|30/100|[from] Recoil
|move|p1b: Garchomp|Earthquake|p2b: Farigiraf|[spread] p2a,p2b
|-immune|p1a: Talonflame
|-supereffective|p2a: Incineroar
|-damage|p2a: Incineroar|32/100
|-damage|p2b: Farigiraf|37/100
|-damage|p1b: Garchomp|42/100|[from] item: Life Orb
|move|p2a: Incineroar|Parting Shot|p1b: Garchomp
|-unboost|p1b: Garchomp|atk|1
|-unboost|p1b: Garchomp|spa|1
|j| Arkhept
|l| Arkhept
|
|t:|1756200451
|switch|p2a: Ursaluna|Ursaluna-Bloodmoon, L50, M|100/100|[from] Parting Shot
|move|p2b: Farigiraf|Hyper Voice|p1a: Talonflame|[spread] p1a,p1b
|-damage|p1a: Talonflame|0 fnt
|-damage|p1b: Garchomp|0 fnt
|faint|p1a: Talonflame
|faint|p1b: Garchomp
|
|upkeep
|
|t:|1756200457
|switch|p1a: Tyranitar|Tyranitar, L50, M|100/100
|switch|p1b: Primarina|Primarina, L50, F|100/100
|-weather|Sandstorm|[from] ability: Sand Stream|[of] p1a: Tyranitar
|turn|3
|
|t:|1756200486
|switch|p2a: Incineroar|Incineroar, L50, F|32/100
|-ability|p2a: Incineroar|Intimidate|boost
|-unboost|p1a: Tyranitar|atk|1
|-unboost|p1b: Primarina|atk|1
|move|p1b: Primarina|Protect|p1b: Primarina
|-singleturn|p1b: Primarina|Protect
|move|p1a: Tyranitar|Low Kick|p2a: Incineroar
|-supereffective|p2a: Incineroar
|-damage|p2a: Incineroar|5/100
|move|p2b: Farigiraf|Hyper Voice|p1a: Tyranitar|[spread] p1a
|-activate|p1b: Primarina|move: Protect
|-resisted|p1a: Tyranitar
|-damage|p1a: Tyranitar|93/100
|
|-weather|Sandstorm|[upkeep]
|-damage|p1b: Primarina|95/100|[from] Sandstorm
|-damage|p2b: Farigiraf|31/100|[from] Sandstorm
|-end|p2b: Farigiraf|move: Taunt
|upkeep
|turn|4
|
|t:|1756200532
|move|p2a: Incineroar|Fake Out|p1a: Tyranitar
|-resisted|p1a: Tyranitar
|-damage|p1a: Tyranitar|89/100
|cant|p1a: Tyranitar|flinch
|move|p1b: Primarina|Hyper Voice|p2b: Farigiraf|[spread] p2a,p2b
|-supereffective|p2a: Incineroar
|-damage|p2a: Incineroar|0 fnt
|-damage|p2b: Farigiraf|0 fnt
|faint|p2a: Incineroar
|faint|p2b: Farigiraf
|-enditem|p1b: Primarina|Throat Spray
|-boost|p1b: Primarina|spa|1|[from] item: Throat Spray
|
|-weather|Sandstorm|[upkeep]
|-damage|p1b: Primarina|89/100|[from] Sandstorm
|upkeep
|
|t:|1756200543
|switch|p2a: Ursaluna|Ursaluna-Bloodmoon, L50, M|100/100
|switch|p2b: Amoonguss|Amoonguss, L50, M|100/100
|turn|5
|
|t:|1756200565
|-terastallize|p2a: Ursaluna|Dragon
|move|p1b: Primarina|Protect|p1b: Primarina
|-singleturn|p1b: Primarina|Protect
|move|p2b: Amoonguss|Rage Powder|p2b: Amoonguss
|-singleturn|p2b: Amoonguss|move: Rage Powder
|move|p1a: Tyranitar|Ice Punch|p2b: Amoonguss
|-supereffective|p2b: Amoonguss
|-damage|p2b: Amoonguss|75/100
|move|p2a: Ursaluna|Blood Moon|p1b: Primarina
|-activate|p1b: Primarina|move: Protect
|
|-weather|Sandstorm|[upkeep]
|-damage|p1b: Primarina|83/100|[from] Sandstorm
|-damage|p2a: Ursaluna|95/100|[from] Sandstorm
|-damage|p2b: Amoonguss|69/100|[from] Sandstorm
|upkeep
|turn|6
|
|t:|1756200607
|move|p1a: Tyranitar|Knock Off|p2b: Amoonguss
|-damage|p2b: Amoonguss|45/100
|-enditem|p2b: Amoonguss|Sitrus Berry|[from] move: Knock Off|[of] p1a: Tyranitar
|move|p1b: Primarina|Hyper Voice|p2a: Ursaluna|[spread] p2a,p2b
|-resisted|p2a: Ursaluna
|-resisted|p2b: Amoonguss
|-damage|p2a: Ursaluna|78/100
|-damage|p2b: Amoonguss|23/100
|move|p2a: Ursaluna|Earth Power|p1a: Tyranitar
|-supereffective|p1a: Tyranitar
|-damage|p1a: Tyranitar|54/100
|move|p2b: Amoonguss|Spore|p1b: Primarina
|-status|p1b: Primarina|slp|[from] move: Spore
|
|-weather|Sandstorm|[upkeep]
|-damage|p2a: Ursaluna|72/100|[from] Sandstorm
|-damage|p1b: Primarina|77/100 slp|[from] Sandstorm
|-damage|p2b: Amoonguss|17/100|[from] Sandstorm
|upkeep
|turn|7
|
|t:|1756200635
|move|p2b: Amoonguss|Rage Powder|p2b: Amoonguss
|-singleturn|p2b: Amoonguss|move: Rage Powder
|move|p1a: Tyranitar|Ice Punch|p2b: Amoonguss
|-supereffective|p2b: Amoonguss
|-damage|p2b: Amoonguss|0 fnt
|faint|p2b: Amoonguss
|cant|p1b: Primarina|slp
|move|p2a: Ursaluna|Hyper Voice|p1b: Primarina|[spread] p1a,p1b
|-resisted|p1a: Tyranitar
|-damage|p1a: Tyranitar|48/100
|-damage|p1b: Primarina|48/100 slp
|
|-weather|none
|upkeep
|turn|8
|
|t:|1756200654
|move|p1a: Tyranitar|Ice Punch|p2a: Ursaluna
|-supereffective|p2a: Ursaluna
|-damage|p2a: Ursaluna|51/100
|move|p2a: Ursaluna|Blood Moon|p1a: Tyranitar
|-resisted|p1a: Tyranitar
|-damage|p1a: Tyranitar|30/100
|cant|p1b: Primarina|slp
|
|upkeep
|turn|9
|
|t:|1756200670
|move|p1a: Tyranitar|Ice Punch|p2a: Ursaluna
|-supereffective|p2a: Ursaluna
|-damage|p2a: Ursaluna|28/100
|move|p2a: Ursaluna|Earth Power|p1a: Tyranitar
|-supereffective|p1a: Tyranitar
|-damage|p1a: Tyranitar|0 fnt
|faint|p1a: Tyranitar
|cant|p1b: Primarina|slp
|
|upkeep
|turn|10
|
|t:|1756200681
|move|p2a: Ursaluna|Blood Moon|p1b: Primarina
|-damage|p1b: Primarina|0 fnt
|faint|p1b: Primarina
|
|win|Refanner
|raw|T-Soro's rating: 1086 → 1059(-27 for losing)
|raw|Refanner's rating: 1030 → 1071(+41 for winning)
|l|☆T-Soro
|player|p1|
