|j|☆gluconfix
|j|☆homerj71
|html|gluconfixhomerj71    
|uhtml|bestof|Game 1 of a best-of-3
|t:|1784402077
|gametype|doubles
|player|p1|gluconfix|proton|1059
|player|p2|homerj71|2|1025
|gen|9
|tier|[Gen 9 Champions] VGC 2026 Reg M-B (Bo3)
|rated|
|rule|Species Clause: Limit one of each Pokémon
|rule|Item Clause: Limit 1 of each item
|clearpoke
|poke|p1|Liepard, L50, M, shiny|
|poke|p1|Lopunny, L50, F, shiny|
|poke|p1|Archaludon, L50, M, shiny|
|poke|p1|Pelipper, L50, F|
|poke|p1|Manectric, L50, M, shiny|
|poke|p1|Jolteon, L50, F|
|poke|p2|Charizard, L50, F|
|poke|p2|Grimmsnarl, L50, M|
|poke|p2|Archaludon, L50, F|
|poke|p2|Pelipper, L50, M|
|poke|p2|Venusaur, L50, M|
|poke|p2|Basculegion, L50, M|
|teampreview|4
|showteam|p1|Liepard||FocusSash|Prankster|FakeOut,Taunt,Encore,KnockOff|Jolly||M|||50|]Lopunny||Lopunnite|Limber|AfterYou,FakeOut,CloseCombat,GigaImpact|Jolly||F|||50|]Archaludon||Leftovers|Stamina|DracoMeteor,FlashCannon,ElectroShot,Protect|Timid||M|||50|]Pelipper||SitrusBerry|Drizzle|WeatherBall,Hurricane,Tailwind,WideGuard|Bold||F|||50|]Manectric||ShucaBerry|LightningRod|VoltSwitch,Snarl,Protect,Thunder|Timid||M|||50|]Jolteon||KingsRock|VoltAbsorb|ShadowBall,VoltSwitch,RainDance,Wish|Timid||F|||50|
|showteam|p2|Charizard||CharizarditeY|Blaze|HeatWave,WeatherBall,SolarBeam,Protect|Modest||F|||50|]Grimmsnarl||LightClay|Prankster|SpiritBreak,PartingShot,LightScreen,Reflect|Careful||M|||50|]Archaludon||Leftovers|Stamina|DragonPulse,FlashCannon,ElectroShot,Protect|Calm||F|||50|]Pelipper||SitrusBerry|Drizzle|Hurricane,WeatherBall,WideGuard,Tailwind|Modest||M|||50|]Venusaur||FocusSash|Chlorophyll|LeafStorm,SludgeBomb,SleepPowder,Protect|Modest||M|||50|]Basculegion||ChoiceScarf|Adaptability|WaveCrash,LastRespects,AquaJet,FlipTurn|Jolly||M|||50|
|inactive|Battle timer is ON: inactive players will automatically lose when time's up. (requested by homerj71)
|inactive|gluconfix also wants the timer to be on.
|inactive|gluconfix has 60 seconds left.
|inactive|homerj71 has 60 seconds left.
|
|t:|1784402131
|teamsize|p1|4
|teamsize|p2|4
|start
|switch|p1a: Lopunny|Lopunny, L50, F, shiny|100/100
|switch|p1b: Pelipper|Pelipper, L50, F|100/100
|switch|p2a: Archaludon|Archaludon, L50, F|100/100
|switch|p2b: Grimmsnarl|Grimmsnarl, L50, M|100/100
|-weather|RainDance|[from] ability: Drizzle|[of] p1b: Pelipper
|turn|1
|inactive|gluconfix has 30 seconds left.
|inactive|gluconfix has 20 seconds left.
|inactive|gluconfix has 15 seconds left.
|
|t:|1784402172
|detailschange|p1a: Lopunny|Lopunny-Mega, L50, F, shiny
|-mega|p1a: Lopunny|Lopunny|Lopunnite
|move|p1a: Lopunny|Fake Out|p2a: Archaludon
|-resisted|p2a: Archaludon|1
|-damage|p2a: Archaludon|92/100
|-ability|p2a: Archaludon|Stamina|boost
|-boost|p2a: Archaludon|def|1
|move|p2b: Grimmsnarl|Reflect|p2b: Grimmsnarl
|-sidestart|p2: homerj71|Reflect
|cant|p2a: Archaludon|flinch
|move|p1b: Pelipper|Tailwind|p1b: Pelipper
|-sidestart|p1: gluconfix|move: Tailwind
|
|-weather|RainDance|[upkeep]
|-heal|p2a: Archaludon|98/100|[from] item: Leftovers
|upkeep
|turn|2
|
|t:|1784402193
|switch|p1b: Manectric|Manectric, L50, M, shiny|100/100
|move|p2b: Grimmsnarl|Parting Shot|p1a: Lopunny
|-unboost|p1a: Lopunny|atk|1
|-unboost|p1a: Lopunny|spa|1
|
|t:|1784402201
|switch|p2b: Basculegion|Basculegion, L50, M|100/100|[from] Parting Shot
|move|p1a: Lopunny|Close Combat|p2a: Archaludon
|-supereffective|p2a: Archaludon|1
|-damage|p2a: Archaludon|70/100
|-unboost|p1a: Lopunny|def|1
|-unboost|p1a: Lopunny|spd|1
|-ability|p2a: Archaludon|Stamina|boost
|-boost|p2a: Archaludon|def|1
|move|p2a: Archaludon|Electro Shot||[still]
|-prepare|p2a: Archaludon|Electro Shot
|-boost|p2a: Archaludon|spa|1
|-anim|p2a: Archaludon|Electro Shot|p1b: Manectric
|-ability|p1b: Manectric|Lightning Rod|boost
|-boost|p1b: Manectric|spa|1
|
|-weather|RainDance|[upkeep]
|-heal|p2a: Archaludon|77/100|[from] item: Leftovers
|upkeep
|turn|3
|inactive|gluconfix has 30 seconds left.
|
|t:|1784402228
|switch|p2b: Grimmsnarl|Grimmsnarl, L50, M|100/100
|move|p1a: Lopunny|After You|p1b: Manectric
|-activate|p1b: Manectric|move: After You
|move|p1b: Manectric|Thunder|p2b: Grimmsnarl
|-crit|p2b: Grimmsnarl
|-damage|p2b: Grimmsnarl|0 fnt
|faint|p2b: Grimmsnarl
|move|p2a: Archaludon|Dragon Pulse|p1b: Manectric
|-damage|p1b: Manectric|6/100
|
|-weather|RainDance|[upkeep]
|-heal|p2a: Archaludon|83/100|[from] item: Leftovers
|upkeep
|
|t:|1784402240
|switch|p2b: Basculegion|Basculegion, L50, M|100/100
|turn|4
|
|t:|1784402255
|switch|p1a: Pelipper|Pelipper, L50, F|100/100
|move|p1b: Manectric|Protect|p1b: Manectric
|-singleturn|p1b: Manectric|Protect
|move|p2b: Basculegion|Aqua Jet|p1b: Manectric
|-activate|p1b: Manectric|move: Protect
|move|p2a: Archaludon|Electro Shot||[still]
|-activate|p1b: Manectric|ability: Lightning Rod
|-prepare|p2a: Archaludon|Electro Shot
|-boost|p2a: Archaludon|spa|1
|-anim|p2a: Archaludon|Electro Shot|p1b: Manectric
|-activate|p1b: Manectric|move: Protect
|
|-weather|RainDance|[upkeep]
|-heal|p2a: Archaludon|89/100|[from] item: Leftovers
|-sideend|p1: gluconfix|move: Tailwind
|upkeep
|turn|5
|inactive|gluconfix has 30 seconds left.
|
|t:|1784402288
|move|p1b: Manectric|Protect||[still]
|-fail|p1b: Manectric
|move|p2b: Basculegion|Aqua Jet|p1b: Manectric
|-damage|p1b: Manectric|0 fnt
|faint|p1b: Manectric
|move|p2a: Archaludon|Electro Shot||[still]
|-prepare|p2a: Archaludon|Electro Shot
|-boost|p2a: Archaludon|spa|1
|-anim|p2a: Archaludon|Electro Shot|p1a: Pelipper
|-supereffective|p1a: Pelipper|2
|-damage|p1a: Pelipper|0 fnt
|faint|p1a: Pelipper
|
|-weather|none
|-heal|p2a: Archaludon|95/100|[from] item: Leftovers
|upkeep
|
|t:|1784402302
|switch|p1b: Archaludon|Archaludon, L50, M, shiny|100/100
|switch|p1a: Lopunny|Lopunny-Mega, L50, F, shiny|100/100
|turn|6
|inactive|gluconfix has 30 seconds left.
|
|t:|1784402328
|switch|p2b: Pelipper|Pelipper, L50, M|100/100
|-weather|RainDance|[from] ability: Drizzle|[of] p2b: Pelipper
|move|p1a: Lopunny|Fake Out|p2b: Pelipper
|-damage|p2b: Pelipper|83/100
|move|p1b: Archaludon|Draco Meteor|p2a: Archaludon
|-damage|p2a: Archaludon|31/100
|-unboost|p1b: Archaludon|spa|2
|-ability|p2a: Archaludon|Stamina|boost
|-boost|p2a: Archaludon|def|1
|move|p2a: Archaludon|Electro Shot||[still]
|-prepare|p2a: Archaludon|Electro Shot
|-boost|p2a: Archaludon|spa|1
|-anim|p2a: Archaludon|Electro Shot|p1a: Lopunny
|-damage|p1a: Lopunny|0 fnt
|faint|p1a: Lopunny
|
|-weather|RainDance|[upkeep]
|-heal|p2a: Archaludon|37/100|[from] item: Leftovers
|upkeep
|turn|7
|inactive|gluconfix has 30 seconds left.
|
|t:|1784402353
|move|p1b: Archaludon|Electro Shot||[still]
|-prepare|p1b: Archaludon|Electro Shot
|-boost|p1b: Archaludon|spa|1
|-anim|p1b: Archaludon|Electro Shot|p2b: Pelipper
|-supereffective|p2b: Pelipper|2
|-damage|p2b: Pelipper|0 fnt
|faint|p2b: Pelipper
|move|p2a: Archaludon|Dragon Pulse|p1b: Archaludon
|-damage|p1b: Archaludon|0 fnt
|faint|p1b: Archaludon
|
|win|homerj71
