|j|☆PikaTROD
|j|☆Ribombees believer
|html|PikaTRODRibombees believer    
|uhtml|bestof|Game 2 of a best-of-3
|t:|1756658372
|gametype|doubles
|player|p1|PikaTROD|102|1380
|player|p2|Ribombees believer|skier|1351
|gen|9
|tier|[Gen 9] VGC 2025 Reg H (Bo3)
|rated|
|rule|Species Clause: Limit one of each Pokémon
|rule|Item Clause: Limit 1 of each item
|clearpoke
|poke|p1|Kingambit, L50, F|
|poke|p1|Primarina, L50, M|
|poke|p1|Sneasler, L50, M|
|poke|p1|Magmar, L50, F|
|poke|p1|Rillaboom, L50, M|
|poke|p1|Dragapult, L50, F|
|poke|p2|Dondozo, L50, F|
|poke|p2|Tatsugiri, L50, F|
|poke|p2|Indeedee, L50, M|
|poke|p2|Dragapult, L50, F|
|poke|p2|Ribombee, L50, M|
|poke|p2|Gholdengo, L50|
|teampreview|4
|showteam|p1|Kingambit||BlackGlasses|Defiant|KowtowCleave,SuckerPunch,SwordsDance,Protect|||F|||50|,,,,,Dark]Primarina||SitrusBerry|LiquidVoice|HyperVoice,Moonblast,Haze,Protect|||M|||50|,,,,,Water]Sneasler||FocusSash|Unburden|CloseCombat,DireClaw,FakeOut,Protect|||M|||50|,,,,,Stellar]Magmar||Eviolite|VitalSpirit|Overheat,WillOWisp,FollowMe,Protect|||F|||50|,,,,,Ghost]Rillaboom||AssaultVest|GrassySurge|WoodHammer,GrassyGlide,HighHorsepower,FakeOut|||M|||50|,,,,,Fire]Dragapult||ChoiceBand|ClearBody|DragonDarts,PhantomForce,Outrage,Uturn|||F|||50|,,,,,Dragon
|showteam|p2|Dondozo||Leftovers|Unaware|WaveCrash,Earthquake,OrderUp,Protect|||F|||50|,,,,,Grass]Tatsugiri||ChoiceScarf|Commander|MuddyWater,DracoMeteor,DragonPulse,TeraBlast|||F|||50|,,,,,Fairy]Indeedee||FocusSash|PsychicSurge|ExpandingForce,TeraBlast,HyperVoice,Protect|||M|||50|,,,,,Fighting]Dragapult||ChoiceBand|ClearBody|DragonDarts,Outrage,PhantomForce,Uturn|||F|||50|,,,,,Dragon]Ribombee||ChoiceSpecs|ShieldDust|Moonblast,PollenPuff,DazzlingGleam,TeraBlast|||M|||50|,,,,,Ground]Gholdengo||LifeOrb|GoodasGold|MakeItRain,ShadowBall,Thunderbolt,Protect||||||50|,,,,,Water
|inactive|Battle timer is ON: inactive players will automatically lose when time's up. (requested by Ribombees believer)
|inactive|Ribombees believer has 60 seconds left.
|
|t:|1756658430
|teamsize|p1|4
|teamsize|p2|4
|start
|switch|p1a: Primarina|Primarina, L50, M|100/100
|switch|p1b: Kingambit|Kingambit, L50, F|100/100
|switch|p2a: Gholdengo|Gholdengo, L50|100/100
|switch|p2b: Main Character|Ribombee, L50, M|100/100
|turn|1
|inactive|Ribombees believer has 30 seconds left.
|
|t:|1756658464
|move|p1a: Primarina|Protect|p1a: Primarina
|-singleturn|p1a: Primarina|Protect
|move|p1b: Kingambit|Protect|p1b: Kingambit
|-singleturn|p1b: Kingambit|Protect
|move|p2b: Main Character|Moonblast|p1a: Primarina
|-activate|p1a: Primarina|move: Protect
|move|p2a: Gholdengo|Make It Rain|p1b: Kingambit|[spread] 
|-activate|p1a: Primarina|move: Protect
|-activate|p1b: Kingambit|move: Protect
|
|upkeep
|turn|2
|
|t:|1756658477
|switch|p1a: Magmar|Magmar, L50, F|100/100
|move|p2b: Main Character|Moonblast|p1b: Kingambit
|-damage|p1b: Kingambit|36/100
|-unboost|p1b: Kingambit|spa|1
|-ability|p1b: Kingambit|Defiant|boost
|-boost|p1b: Kingambit|atk|2
|move|p2a: Gholdengo|Make It Rain|p1b: Kingambit|[spread] p1a,p1b
|-resisted|p1a: Magmar
|-resisted|p1b: Kingambit
|-damage|p1a: Magmar|75/100
|-damage|p1b: Kingambit|4/100
|-unboost|p2a: Gholdengo|spa|1
|-damage|p2a: Gholdengo|91/100|[from] item: Life Orb
|move|p1b: Kingambit|Kowtow Cleave|p2a: Gholdengo
|-supereffective|p2a: Gholdengo
|-damage|p2a: Gholdengo|0 fnt
|faint|p2a: Gholdengo
|
|upkeep
|
|t:|1756658495
|switch|p2a: Indeedee|Indeedee, L50, M|100/100
|-fieldstart|move: Psychic Terrain|[from] ability: Psychic Surge|[of] p2a: Indeedee
|turn|3
|
|t:|1756658506
|switch|p1a: Rillaboom|Rillaboom, L50, M|100/100
|-fieldstart|move: Grassy Terrain|[from] ability: Grassy Surge|[of] p1a: Rillaboom
|move|p1b: Kingambit|Protect|p1b: Kingambit
|-singleturn|p1b: Kingambit|Protect
|move|p2b: Main Character|Moonblast|p1a: Rillaboom
|-damage|p1a: Rillaboom|53/100
|move|p2a: Indeedee|Hyper Voice|p1b: Kingambit|[spread] p1a
|-activate|p1b: Kingambit|move: Protect
|-damage|p1a: Rillaboom|30/100
|
|-heal|p1a: Rillaboom|35/100|[from] Grassy Terrain
|-heal|p1b: Kingambit|10/100|[from] Grassy Terrain
|upkeep
|turn|4
|inactive|Ribombees believer has 30 seconds left.
|
|t:|1756658532
|move|p1a: Rillaboom|Fake Out|p2a: Indeedee
|-damage|p2a: Indeedee|72/100
|move|p1b: Kingambit|Sucker Punch|p2b: Main Character
|-resisted|p2b: Main Character
|-damage|p2b: Main Character|14/100
|move|p2b: Main Character|Moonblast|p1b: Kingambit
|-damage|p1b: Kingambit|0 fnt
|faint|p1b: Kingambit
|cant|p2a: Indeedee|flinch
|
|-heal|p2b: Main Character|19/100|[from] Grassy Terrain
|-heal|p2a: Indeedee|78/100|[from] Grassy Terrain
|-heal|p1a: Rillaboom|41/100|[from] Grassy Terrain
|upkeep
|
|t:|1756658547
|switch|p1b: Magmar|Magmar, L50, F|75/100
|turn|5
|
|t:|1756658560
|switch|p2b: ilaunchmybro|Dragapult, L50, F|100/100
|-terastallize|p1a: Rillaboom|Fire
|move|p2a: Indeedee|Protect|p2a: Indeedee
|-singleturn|p2a: Indeedee|Protect
|move|p1a: Rillaboom|Grassy Glide|p2a: Indeedee
|-activate|p2a: Indeedee|move: Protect
|move|p1b: Magmar|Overheat|p2b: ilaunchmybro
|-resisted|p2b: ilaunchmybro
|-damage|p2b: ilaunchmybro|65/100
|-unboost|p1b: Magmar|spa|2
|
|-heal|p2b: ilaunchmybro|71/100|[from] Grassy Terrain
|-heal|p2a: Indeedee|84/100|[from] Grassy Terrain
|-heal|p1b: Magmar|81/100|[from] Grassy Terrain
|-heal|p1a: Rillaboom|47/100|[from] Grassy Terrain
|upkeep
|turn|6
|inactive|Ribombees believer has 30 seconds left.
|
|t:|1756658585
|switch|p2a: Main Character|Ribombee, L50, M|19/100
|switch|p1a: Primarina|Primarina, L50, M|100/100
|-terastallize|p2b: ilaunchmybro|Dragon
|move|p1b: Magmar|Protect|p1b: Magmar
|-singleturn|p1b: Magmar|Protect
|move|p2b: ilaunchmybro|Dragon Darts|p1a: Primarina
|-immune|p1a: Primarina
|
|-heal|p2b: ilaunchmybro|77/100|[from] Grassy Terrain
|-heal|p2a: Main Character|25/100|[from] Grassy Terrain
|-heal|p1b: Magmar|87/100|[from] Grassy Terrain
|upkeep
|turn|7
|
|t:|1756658601
|move|p1b: Magmar|Follow Me|p1b: Magmar
|-singleturn|p1b: Magmar|move: Follow Me
|move|p2b: ilaunchmybro|Dragon Darts|p1b: Magmar
|-damage|p1b: Magmar|42/100
|-anim|p2b: ilaunchmybro|Dragon Darts|p1b: Magmar
|-damage|p1b: Magmar|0 fnt
|faint|p1b: Magmar
|move|p2a: Main Character|Moonblast|p1a: Primarina
|-damage|p1a: Primarina|47/100
|-enditem|p1a: Primarina|Sitrus Berry|[eat]
|-heal|p1a: Primarina|72/100|[from] item: Sitrus Berry
|move|p1a: Primarina|Moonblast|p2b: ilaunchmybro
|-supereffective|p2b: ilaunchmybro
|-damage|p2b: ilaunchmybro|0 fnt
|faint|p2b: ilaunchmybro
|
|-heal|p2a: Main Character|31/100|[from] Grassy Terrain
|-heal|p1a: Primarina|78/100|[from] Grassy Terrain
|-fieldend|move: Grassy Terrain
|upkeep
|
|t:|1756658611
|switch|p2b: Indeedee|Indeedee, L50, M|84/100
|switch|p1b: Rillaboom|Rillaboom, L50, M, tera:Fire|47/100
|-fieldstart|move: Psychic Terrain|[from] ability: Psychic Surge|[of] p2b: Indeedee
|-fieldstart|move: Grassy Terrain|[from] ability: Grassy Surge|[of] p1b: Rillaboom
|turn|8
|
|t:|1756658623
|move|p1b: Rillaboom|Fake Out|p2b: Indeedee
|-damage|p2b: Indeedee|53/100
|move|p2a: Main Character|Moonblast|p1a: Primarina
|-damage|p1a: Primarina|29/100
|cant|p2b: Indeedee|flinch
|move|p1a: Primarina|Moonblast|p2a: Main Character
|-damage|p2a: Main Character|0 fnt
|faint|p2a: Main Character
|
|-heal|p2b: Indeedee|59/100|[from] Grassy Terrain
|-heal|p1b: Rillaboom|53/100|[from] Grassy Terrain
|-heal|p1a: Primarina|35/100|[from] Grassy Terrain
|upkeep
|turn|9
|
|t:|1756658634
|move|p2b: Indeedee|Protect|p2b: Indeedee
|-singleturn|p2b: Indeedee|Protect
|move|p1b: Rillaboom|Grassy Glide|p2b: Indeedee
|-activate|p2b: Indeedee|move: Protect
|move|p1a: Primarina|Moonblast|p2b: Indeedee
|-activate|p2b: Indeedee|move: Protect
|
|-heal|p2b: Indeedee|65/100|[from] Grassy Terrain
|-heal|p1b: Rillaboom|59/100|[from] Grassy Terrain
|-heal|p1a: Primarina|41/100|[from] Grassy Terrain
|upkeep
|turn|10
|
|t:|1756658640
|move|p2b: Indeedee|Protect||[still]
|-fail|p2b: Indeedee
|move|p1b: Rillaboom|Grassy Glide|p2b: Indeedee
|-damage|p2b: Indeedee|0 fnt
|faint|p2b: Indeedee
|
|win|PikaTROD
|raw|PikaTROD's rating: 1380 → 1398(+18 for winning)
|raw|Ribombees believer's rating: 1351 → 1333(-18 for losing)
|c|☆PikaTROD|gg
|l|☆Ribombees believer
|player|p2|
