|j|☆higigig
|j|☆boelie26
|html|higigigboelie26    
|uhtml|bestof|Game 2 of a best-of-3
|t:|1756500928
|gametype|doubles
|player|p1|higigig|sisandbro|1189
|player|p2|boelie26|1|1243
|gen|9
|tier|[Gen 9] VGC 2025 Reg H (Bo3)
|rated|
|rule|Species Clause: Limit one of each Pokémon
|rule|Item Clause: Limit 1 of each item
|clearpoke
|poke|p1|Sneasler, L50, M|
|poke|p1|Ursaluna-Bloodmoon, L50, M|
|poke|p1|Amoonguss, L50, M|
|poke|p1|Incineroar, L50, F|
|poke|p1|Dragonite, L50, F|
|poke|p1|Gholdengo, L50|
|poke|p2|Tyranitar, L50, F|
|poke|p2|Houndstone, L50, F|
|poke|p2|Klefki, L50, M|
|poke|p2|Volcarona, L50, M|
|poke|p2|Corviknight, L50, F|
|poke|p2|Inteleon, L50, M|
|teampreview|4
|showteam|p1|Sneasler||ClearAmulet|PoisonTouch|FakeOut,CloseCombat,DireClaw,Protect|||M|||50|,,,,,Water]Ursaluna-Bloodmoon||SilkScarf|MindsEye|HyperVoice,EarthPower,BloodMoon,Protect|||M|||50|,,,,,Poison]Amoonguss||SitrusBerry|Regenerator|SludgeBomb,PollenPuff,Spore,RagePowder|||M|||50|,,,,,Dark]Incineroar||SafetyGoggles|Intimidate|FakeOut,FlareBlitz,KnockOff,PartingShot|||F|||50|,,,,,Ghost]Dragonite||LoadedDice|Multiscale|ScaleShot,Haze,Tailwind,Protect|||F|||50|,,,,,Fairy]Gholdengo||LifeOrb|GoodasGold|NastyPlot,MakeItRain,ShadowBall,Protect||||||50|,,,,,Water
|showteam|p2|Tyranitar||FocusSash|SandStream|RockSlide,KnockOff,DragonDance,Protect|||F|||50|,,,,,Rock]Houndstone||WideLens|SandRush|LastRespects,Snarl,WillOWisp,Protect|||F|||50|,,,,,Fairy]Klefki||LightClay|Prankster|DazzlingGleam,ThunderWave,LightScreen,Protect|||M|||50|,,,,,Water]Volcarona||Leftovers|FlameBody|FieryDance,GigaDrain,QuiverDance,Protect|||M|||50|,,,,,Grass]Corviknight||SitrusBerry|MirrorArmor|BraveBird,BodyPress,Tailwind,Roost|||F|||50|,,,,,Dragon]Inteleon||CovertCloak|Sniper|SnipeShot,IcyWind,Taunt,Protect|||M|||50|,,,,,Grass
|inactive|Battle timer is ON: inactive players will automatically lose when time's up. (requested by higigig)
|inactive|boelie26 also wants the timer to be on.
|inactive|higigig has 60 seconds left.
|inactive|boelie26 has 60 seconds left.
|
|t:|1756500987
|teamsize|p1|4
|teamsize|p2|4
|start
|switch|p1a: Amoonguss|Amoonguss, L50, M|100/100
|switch|p1b: Gholdengo|Gholdengo, L50|100/100
|switch|p2a: Tyranitar|Tyranitar, L50, F|100/100
|switch|p2b: Klefki|Klefki, L50, M|100/100
|-weather|Sandstorm|[from] ability: Sand Stream|[of] p2a: Tyranitar
|turn|1
|inactive|boelie26 has 30 seconds left.
|inactive|boelie26 has 20 seconds left.
|inactive|boelie26 has 15 seconds left.
|
|t:|1756501027
|switch|p2b: Volcarona|Volcarona, L50, M|100/100
|move|p1b: Gholdengo|Protect|p1b: Gholdengo
|-singleturn|p1b: Gholdengo|Protect
|move|p2a: Tyranitar|Knock Off|p1b: Gholdengo
|-activate|p1b: Gholdengo|move: Protect
|move|p1a: Amoonguss|Spore|p2a: Tyranitar
|-status|p2a: Tyranitar|slp|[from] move: Spore
|
|-weather|Sandstorm|[upkeep]
|-damage|p2b: Volcarona|94/100|[from] Sandstorm
|-damage|p1a: Amoonguss|95/100|[from] Sandstorm
|-heal|p2b: Volcarona|100/100|[from] item: Leftovers
|upkeep
|turn|2
|inactive|higigig has 30 seconds left.
|inactive|boelie26 has 30 seconds left.
|inactive|higigig has 20 seconds left.
|
|t:|1756501064
|-terastallize|p1b: Gholdengo|Water
|-terastallize|p2b: Volcarona|Grass
|move|p1b: Gholdengo|Nasty Plot|p1b: Gholdengo
|-boost|p1b: Gholdengo|spa|2
|move|p2b: Volcarona|Quiver Dance|p2b: Volcarona
|-boost|p2b: Volcarona|spa|1
|-boost|p2b: Volcarona|spd|1
|-boost|p2b: Volcarona|spe|1
|cant|p2a: Tyranitar|slp
|move|p1a: Amoonguss|Spore|p2b: Volcarona
|-immune|p2b: Volcarona
|
|-weather|Sandstorm|[upkeep]
|-damage|p2b: Volcarona|94/100|[from] Sandstorm
|-damage|p1b: Gholdengo|95/100|[from] Sandstorm
|-damage|p1a: Amoonguss|89/100|[from] Sandstorm
|-heal|p2b: Volcarona|100/100|[from] item: Leftovers
|upkeep
|turn|3
|inactive|higigig has 30 seconds left.
|inactive|boelie26 has 30 seconds left.
|
|t:|1756501095
|move|p2b: Volcarona|Fiery Dance|p1a: Amoonguss
|-supereffective|p1a: Amoonguss
|-crit|p1a: Amoonguss
|-damage|p1a: Amoonguss|0 fnt
|faint|p1a: Amoonguss
|move|p1b: Gholdengo|Make It Rain|p2b: Volcarona|[spread] p2a,p2b
|-supereffective|p2a: Tyranitar
|-enditem|p2a: Tyranitar|Focus Sash
|-damage|p2a: Tyranitar|1/100 slp
|-damage|p2b: Volcarona|35/100
|-unboost|p1b: Gholdengo|spa|1
|-damage|p1b: Gholdengo|85/100|[from] item: Life Orb
|cant|p2a: Tyranitar|slp
|
|-weather|Sandstorm|[upkeep]
|-damage|p2b: Volcarona|29/100|[from] Sandstorm
|-damage|p1b: Gholdengo|79/100|[from] Sandstorm
|-heal|p2b: Volcarona|35/100|[from] item: Leftovers
|upkeep
|inactive|higigig has 30 seconds left.
|
|t:|1756501130
|switch|p1a: Dragonite|Dragonite, L50, F|100/100
|turn|4
|
|t:|1756501155
|switch|p2a: Klefki|Klefki, L50, M|100/100
|move|p2b: Volcarona|Protect|p2b: Volcarona
|-singleturn|p2b: Volcarona|Protect
|move|p1b: Gholdengo|Protect|p1b: Gholdengo
|-singleturn|p1b: Gholdengo|Protect
|move|p1a: Dragonite|Tailwind|p1a: Dragonite
|-sidestart|p1: higigig|move: Tailwind
|
|-weather|Sandstorm|[upkeep]
|-damage|p1b: Gholdengo|73/100|[from] Sandstorm
|-damage|p1a: Dragonite|95/100|[from] Sandstorm
|-damage|p2b: Volcarona|29/100|[from] Sandstorm
|-heal|p2b: Volcarona|35/100|[from] item: Leftovers
|upkeep
|turn|5
|inactive|boelie26 has 30 seconds left.
|inactive|higigig has 30 seconds left.
|
|t:|1756501190
|move|p1b: Gholdengo|Protect|p1b: Gholdengo
|-singleturn|p1b: Gholdengo|Protect
|move|p2a: Klefki|Light Screen|p2a: Klefki
|-sidestart|p2: boelie26|move: Light Screen
|move|p1a: Dragonite|Scale Shot|p2b: Volcarona
|-damage|p2b: Volcarona|20/100
|-damage|p2b: Volcarona|7/100
|-damage|p2b: Volcarona|0 fnt
|faint|p2b: Volcarona
|-hitcount|p2: Volcarona|3
|-unboost|p1a: Dragonite|def|1
|-boost|p1a: Dragonite|spe|1
|
|-weather|none
|upkeep
|
|t:|1756501205
|switch|p2b: Inteleon|Inteleon, L50, M|100/100
|turn|6
|
|t:|1756501218
|move|p2a: Klefki|Thunder Wave|p1a: Dragonite
|-status|p1a: Dragonite|par
|move|p1b: Gholdengo|Nasty Plot|p1b: Gholdengo
|-boost|p1b: Gholdengo|spa|2
|move|p1a: Dragonite|Scale Shot|p2b: Inteleon
|-damage|p2b: Inteleon|76/100
|-damage|p2b: Inteleon|50/100
|-damage|p2b: Inteleon|27/100
|-damage|p2b: Inteleon|4/100
|-damage|p2b: Inteleon|0 fnt
|faint|p2b: Inteleon
|-hitcount|p2: Inteleon|5
|-unboost|p1a: Dragonite|def|1
|-boost|p1a: Dragonite|spe|1
|
|upkeep
|
|t:|1756501235
|switch|p2b: Tyranitar|Tyranitar, L50, F|1/100 slp
|-weather|Sandstorm|[from] ability: Sand Stream|[of] p2b: Tyranitar
|turn|7
|
|t:|1756501243
|move|p1b: Gholdengo|Make It Rain|p2a: Klefki|[spread] p2a,p2b
|-supereffective|p2b: Tyranitar
|-damage|p2a: Klefki|3/100
|-damage|p2b: Tyranitar|0 fnt
|-unboost|p1b: Gholdengo|spa|1
|faint|p2b: Tyranitar
|-damage|p1b: Gholdengo|64/100|[from] item: Life Orb
|move|p1a: Dragonite|Scale Shot|p2a: Klefki
|-immune|p2a: Klefki
|move|p2a: Klefki|Dazzling Gleam|p1b: Gholdengo|[spread] p1a,p1b
|-supereffective|p1a: Dragonite
|-crit|p1a: Dragonite
|-damage|p1a: Dragonite|41/100 par
|-damage|p1b: Gholdengo|43/100
|
|-weather|Sandstorm|[upkeep]
|-damage|p1b: Gholdengo|37/100|[from] Sandstorm
|-damage|p1a: Dragonite|35/100 par|[from] Sandstorm
|-sideend|p1: higigig|move: Tailwind
|upkeep
|turn|8
|
|t:|1756501261
|move|p1b: Gholdengo|Shadow Ball|p2a: Klefki
|-damage|p2a: Klefki|0 fnt
|faint|p2a: Klefki
|-damage|p1b: Gholdengo|27/100|[from] item: Life Orb
|
|win|higigig
|raw|higigig's rating: 1189 → 1218(+29 for winning)
|raw|boelie26's rating: 1243 → 1214(-29 for losing)
