|j|☆Eggy’sDad
|j|☆axolotlwooper
|html|Eggy’sDadaxolotlwooper    
|uhtml|bestof|Game 3 of a best-of-3
|t:|1785223265
|gametype|doubles
|player|p1|Eggy’sDad|101|1130
|player|p2|axolotlwooper|linebacker|1102
|gen|9
|tier|[Gen 9 Champions] VGC 2026 Reg M-B (Bo3)
|rated|
|rule|Species Clause: Limit one of each Pokémon
|rule|Item Clause: Limit 1 of each item
|clearpoke
|poke|p1|Pyroar, L50, F|
|poke|p1|Whimsicott, L50, M|
|poke|p1|Ninetales, L50, M|
|poke|p1|Farigiraf, L50, M|
|poke|p1|Basculegion, L50, M|
|poke|p1|Floette-Eternal, L50, F|
|poke|p2|Farigiraf, L50, F|
|poke|p2|Maushold, L50|
|poke|p2|Camerupt, L50, F|
|poke|p2|Vanilluxe, L50, F|
|poke|p2|Mawile, L50, M|
|poke|p2|Araquanid, L50, F|
|teampreview|4
|showteam|p1|Pyroar||Pyroarite|Unnerve|HeatWave,SolarBeam,Overheat,Protect|Timid||F|||50|]Whimsicott||FocusSash|Prankster|Moonblast,Tailwind,SunnyDay,Protect|Timid||M|||50|]Ninetales||ChoiceScarf|Drought|Overheat,HeatWave,SolarBeam,FakeTears|Modest||M|||50|]Farigiraf||SitrusBerry|ArmorTail|Thunderbolt,TwinBeam,TrickRoom,HelpingHand|Bold||M|||50|]Basculegion||LifeOrb|Adaptability|WaveCrash,LastRespects,AquaJet,Protect|Adamant||M|||50|]Floette-Eternal||Floettite|FlowerVeil|Moonblast,DazzlingGleam,LightofRuin,Protect|Timid||F|||50|
|showteam|p2|Farigiraf||SitrusBerry|ArmorTail|PsychicFangs,HyperVoice,HelpingHand,TrickRoom|Relaxed||F|||50|]Maushold||FocusSash|FriendGuard|SuperFang,FollowMe,Uturn,Taunt|Relaxed|||||50|]Camerupt||Cameruptite|SolidRock|HeatWave,EarthPower,AncientPower,Protect|Quiet||F|||50|]Vanilluxe||NeverMeltIce|SnowWarning|Blizzard,FreezeDry,IceShard,Protect|Quiet||F|||50|]Mawile||Mawilite|HyperCutter|PlayRough,IronHead,SuckerPunch,Protect|Brave||M|||50|]Araquanid||LifeOrb|WaterBubble|Liquidation,PoisonJab,LeechLife,WideGuard|Brave||F|||50|
|inactive|Battle timer is ON: inactive players will automatically lose when time's up. (requested by axolotlwooper)
|inactive|Eggy’sDad has 60 seconds left.
|
|t:|1785223310
|teamsize|p1|4
|teamsize|p2|4
|start
|switch|p1a: Farigiraf|Farigiraf, L50, M|100/100
|switch|p1b: Basculegion|Basculegion, L50, M|100/100
|switch|p2a: Farigiraf|Farigiraf, L50, F|100/100
|switch|p2b: Maushold|Maushold, L50|100/100
|turn|1
|
|t:|1785223331
|move|p1a: Farigiraf|Helping Hand|p1b: Basculegion
|-singleturn|p1b: Basculegion|Helping Hand|[of] p1a: Farigiraf
|move|p2b: Maushold|Follow Me|p2b: Maushold
|-singleturn|p2b: Maushold|move: Follow Me
|move|p1b: Basculegion|Wave Crash|p2b: Maushold
|-enditem|p2b: Maushold|Focus Sash
|-damage|p2b: Maushold|1/100
|-damage|p1b: Basculegion|69/100|[from] Recoil
|-damage|p1b: Basculegion|60/100|[from] item: Life Orb
|move|p2a: Farigiraf|Trick Room|p2a: Farigiraf
|-fieldstart|move: Trick Room|[of] p2a: Farigiraf
|
|upkeep
|turn|2
|inactive|Eggy’sDad has 30 seconds left.
|inactive|axolotlwooper has 30 seconds left.
|inactive|Eggy’sDad has 20 seconds left.
|inactive|axolotlwooper has 20 seconds left.
|inactive|Eggy’sDad has 15 seconds left.
|
|t:|1785223375
|move|p1b: Basculegion|Protect|p1b: Basculegion
|-singleturn|p1b: Basculegion|Protect
|move|p2a: Farigiraf|Hyper Voice|p1b: Basculegion|[spread] p1a
|-activate|p1b: Basculegion|move: Protect
|-damage|p1a: Farigiraf|75/100
|move|p2b: Maushold|Taunt|p1a: Farigiraf
|-start|p1a: Farigiraf|move: Taunt
|cant|p1a: Farigiraf|move: Taunt|Trick Room
|
|upkeep
|turn|3
|inactive|Eggy’sDad has 30 seconds left.
|inactive|Eggy’sDad has 20 seconds left.
|inactive|Eggy’sDad has 15 seconds left.
|inactive|Eggy’sDad has 10 seconds left.
|
|t:|1785223423
|move|p2b: Maushold|Follow Me|p2b: Maushold
|-singleturn|p2b: Maushold|move: Follow Me
|move|p2a: Farigiraf|Hyper Voice|p1a: Farigiraf|[spread] p1a
|-immune|p1b: Basculegion
|-damage|p1a: Farigiraf|50/100g
|move|p1a: Farigiraf|Twin Beam|p2b: Maushold
|-crit|p2b: Maushold
|-damage|p2b: Maushold|0 fnt
|faint|p2b: Maushold
|-hitcount|p2: Maushold|1
|move|p1b: Basculegion|Wave Crash|p2a: Farigiraf
|-damage|p2a: Farigiraf|14/100
|-enditem|p2a: Farigiraf|Sitrus Berry|[eat]
|-heal|p2a: Farigiraf|39/100|[from] item: Sitrus Berry
|-damage|p1b: Basculegion|27/100|[from] Recoil
|-damage|p1b: Basculegion|17/100|[from] item: Life Orb
|
|upkeep
|inactive|axolotlwooper has 30 seconds left.
|inactive|axolotlwooper has 20 seconds left.
|
|t:|1785223459
|switch|p2b: Camerupt|Camerupt, L50, F|100/100
|turn|4
|
|t:|1785223483
|detailschange|p2b: Camerupt|Camerupt-Mega, L50, F
|-mega|p2b: Camerupt|Camerupt|Cameruptite
|move|p2b: Camerupt|Protect|p2b: Camerupt
|-singleturn|p2b: Camerupt|Protect
|move|p1b: Basculegion|Protect|p1b: Basculegion
|-singleturn|p1b: Basculegion|Protect
|move|p2a: Farigiraf|Psychic Fangs|p1b: Basculegion
|-activate|p1b: Basculegion|move: Protect
|move|p1a: Farigiraf|Twin Beam|p2a: Farigiraf
|-resisted|p2a: Farigiraf|1
|-damage|p2a: Farigiraf|32/100
|-resisted|p2a: Farigiraf|1
|-damage|p2a: Farigiraf|25/100
|-hitcount|p2a: Farigiraf|2
|
|-end|p1a: Farigiraf|move: Taunt
|upkeep
|turn|5
|inactive|Eggy’sDad has 30 seconds left.
|inactive|Eggy’sDad has 20 seconds left.
|inactive|Eggy’sDad has 15 seconds left.
|
|t:|1785223526
|switch|p1b: Pyroar|Pyroar, L50, F|100/100
|-ability|p1b: Pyroar|Unnerve
|move|p2b: Camerupt|Earth Power|p1a: Farigiraf
|-damage|p1a: Farigiraf|0 fnt
|faint|p1a: Farigiraf
|move|p2a: Farigiraf|Psychic Fangs|p1b: Pyroar
|-damage|p1b: Pyroar|58/100
|
|-fieldend|move: Trick Room
|upkeep
|
|t:|1785223544
|switch|p1a: Basculegion|Basculegion, L50, M|17/100
|turn|6
|inactive|axolotlwooper has 30 seconds left.
|
|t:|1785223572
|switch|p2a: Vanilluxe|Vanilluxe, L50, F|100/100
|-weather|Snowscape|[from] ability: Snow Warning|[of] p2a: Vanilluxe
|detailschange|p1b: Pyroar|Pyroar-Mega, L50, F
|-mega|p1b: Pyroar|Pyroar|Pyroarite
|move|p1b: Pyroar|Heat Wave|p2b: Camerupt|[spread] p2a
|-miss|p1b: Pyroar|p2b: Camerupt
|-supereffective|p2a: Vanilluxe|1
|-damage|p2a: Vanilluxe|0 fnt
|faint|p2a: Vanilluxe
|move|p1a: Basculegion|Wave Crash|p2b: Camerupt
|-supereffective|p2b: Camerupt|2
|-damage|p2b: Camerupt|0 fnt
|faint|p2b: Camerupt
|-damage|p1a: Basculegion|0 fnt|[from] Recoil
|faint|p1a: Basculegion
|
|-weather|Snowscape|[upkeep]
|upkeep
|
|t:|1785223590
|switch|p1a: Ninetales|Ninetales, L50, M|100/100
|switch|p2b: Farigiraf|Farigiraf, L50, F|25/100
|-weather|SunnyDay|[from] ability: Drought|[of] p1a: Ninetales
|turn|7
|
|t:|1785223599
|move|p1a: Ninetales|Fake Tears|p2b: Farigiraf
|-unboost|p2b: Farigiraf|spd|2
|move|p1b: Pyroar|Heat Wave|p2b: Farigiraf
|-damage|p2b: Farigiraf|0 fnt
|faint|p2b: Farigiraf
|
|win|Eggy’sDad
|raw|Eggy’sDad's rating: 1130 → 1153(+23 for winning)
|raw|axolotlwooper's rating: 1102 → 1079(-23 for losing)
