|j|☆maintanksux
|j|☆homerj71
|html|maintanksuxhomerj71    
|uhtml|bestof|Game 1 of a best-of-3
|t:|1783704839
|gametype|doubles
|player|p1|maintanksux|265|1163
|player|p2|homerj71|1|1288
|gen|9
|tier|[Gen 9 Champions] VGC 2026 Reg M-B (Bo3)
|rated|
|rule|Species Clause: Limit one of each Pokémon
|rule|Item Clause: Limit 1 of each item
|clearpoke
|poke|p1|Staraptor, L50, F|
|poke|p1|Whimsicott, L50, M|
|poke|p1|Grimmsnarl, L50, M|
|poke|p1|Farigiraf, L50, F|
|poke|p1|Zoroark-Hisui, L50, F|
|poke|p1|Kingambit, L50, F|
|poke|p2|Delphox, L50, M|
|poke|p2|Incineroar, L50, F|
|poke|p2|Floette-Eternal, L50, F|
|poke|p2|Kingambit, L50, F|
|poke|p2|Sinistcha, L50|
|poke|p2|Sneasler, L50, F|
|teampreview|4
|showteam|p1|Staraptor||Staraptite|Intimidate|CloseCombat,Roost,BraveBird,Protect|Adamant||F|||50|]Whimsicott||FocusSash|Prankster|Charm,Moonblast,Tailwind,Protect|Bold||M|||50|]Grimmsnarl||LightClay|Prankster|LightScreen,Reflect,PartingShot,SpiritBreak|Careful||M|||50|]Farigiraf||SitrusBerry|ArmorTail|HelpingHand,Protect,Psychic,HyperVoice|Calm||F|||50|]Zoroark-Hisui||ChoiceScarf|Illusion|ShadowBall,Psychic,IcyWind,HyperVoice|Timid||F|||50|]Kingambit||BlackGlasses|Defiant|SuckerPunch,KowtowCleave,IronHead,Protect|Adamant||F|||50|
|showteam|p2|Delphox||Delphoxite|Blaze|HeatWave,Psychic,NastyPlot,Protect|Timid||M|||50|]Incineroar||SitrusBerry|Intimidate|FlareBlitz,DarkestLariat,FakeOut,PartingShot|Careful||F|||50|]Floette-Eternal||Floettite|FlowerVeil|DazzlingGleam,DrainingKiss,CalmMind,Protect|Bold||F|||50|]Kingambit||BlackGlasses|Defiant|KowtowCleave,SuckerPunch,SwordsDance,Protect|Adamant||F|||50|]Sinistcha||OccaBerry|Hospitality|MatchaGotcha,RagePowder,TrickRoom,Protect|Bold|||||50|]Sneasler||FocusSash|PoisonTouch|CloseCombat,PoisonJab,FakeOut,QuickGuard|Jolly||F|||50|
|inactive|Battle timer is ON: inactive players will automatically lose when time's up. (requested by homerj71)
|
|t:|1783704869
|teamsize|p1|4
|teamsize|p2|4
|start
|switch|p1a: Zubac|Grimmsnarl, L50, M|100/100
|switch|p1b: Nesmith|Kingambit, L50, F|100/100
|switch|p2a: Floette|Floette-Eternal, L50, F|100/100
|switch|p2b: Incineroar|Incineroar, L50, F|100/100
|-ability|p2b: Incineroar|Intimidate|boost
|-unboost|p1a: Zubac|atk|1
|-unboost|p1b: Nesmith|atk|1
|-ability|p1b: Nesmith|Defiant|boost
|-boost|p1b: Nesmith|atk|2
|turn|1
|
|t:|1783704894
|detailschange|p2a: Floette|Floette-Mega, L50, F
|-mega|p2a: Floette|Floette|Floettite
|-ability|p2a: Floette|Fairy Aura
|move|p1a: Zubac|Reflect|p1a: Zubac
|-sidestart|p1: maintanksux|Reflect
|move|p2a: Floette|Dazzling Gleam|p1b: Nesmith|[spread] p1a,p1b
|-supereffective|p1a: Zubac|1
|-damage|p1a: Zubac|34/100
|-damage|p1b: Nesmith|58/100
|move|p2b: Incineroar|Flare Blitz|p1b: Nesmith
|-supereffective|p1b: Nesmith|1
|-damage|p1b: Nesmith|8/100
|-damage|p2b: Incineroar|83/100|[from] Recoil
|move|p1b: Nesmith|Iron Head|p2a: Floette
|-supereffective|p2a: Floette|1
|-crit|p2a: Floette
|-damage|p2a: Floette|0 fnt
|faint|p2a: Floette
|
|upkeep
|
|t:|1783704911
|switch|p2a: Kingambit|Kingambit, L50, F|100/100
|turn|2
|inactive|maintanksux has 30 seconds left.
|inactive|maintanksux has 20 seconds left.
|
|t:|1783704948
|move|p1a: Zubac|Light Screen|p1a: Zubac
|-sidestart|p1: maintanksux|move: Light Screen
|move|p2b: Incineroar|Flare Blitz|p1b: Nesmith
|-supereffective|p1b: Nesmith|1
|-damage|p1b: Nesmith|0 fnt
|faint|p1b: Nesmith
|-damage|p2b: Incineroar|80/100|[from] Recoil
|move|p2a: Kingambit|Swords Dance|p2a: Kingambit
|-boost|p2a: Kingambit|atk|2
|
|upkeep
|
|t:|1783704956
|switch|p1b: Siakam|Staraptor, L50, F|100/100
|-ability|p1b: Siakam|Intimidate|boost
|-unboost|p2a: Kingambit|atk|1
|-ability|p2a: Kingambit|Defiant|boost
|-boost|p2a: Kingambit|atk|2
|-unboost|p2b: Incineroar|atk|1
|turn|3
|
|t:|1783704970
|switch|p2b: Sinistcha|Sinistcha, L50|100/100
|detailschange|p1b: Siakam|Staraptor-Mega, L50, F
|-mega|p1b: Siakam|Staraptor|Staraptite
|move|p2a: Kingambit|Protect|p2a: Kingambit
|-singleturn|p2a: Kingambit|Protect
|move|p1a: Zubac|Parting Shot|p1b: Siakam
|-boost|p1b: Siakam|atk|1
|-boost|p1b: Siakam|spa|1
|
|t:|1783704977
|switch|p1a: Hali|Whimsicott, L50, M|100/100|[from] Parting Shot
|move|p1b: Siakam|Close Combat|p2a: Kingambit
|-activate|p2a: Kingambit|move: Protect
|
|upkeep
|turn|4
|
|t:|1783704995
|move|p2b: Sinistcha|Protect|p2b: Sinistcha
|-singleturn|p2b: Sinistcha|Protect
|move|p1a: Hali|Charm|p1b: Siakam
|-boost|p1b: Siakam|atk|2
|move|p1b: Siakam|Brave Bird|p2b: Sinistcha
|-activate|p2b: Sinistcha|move: Protect
|move|p2a: Kingambit|Kowtow Cleave|p1b: Siakam
|-resisted|p1b: Siakam|1
|-damage|p1b: Siakam|58/100
|
|upkeep
|turn|5
|inactive|homerj71 has 30 seconds left.
|
|t:|1783705021
|switch|p2b: Incineroar|Incineroar, L50, F|80/100
|-ability|p2b: Incineroar|Intimidate|boost
|-unboost|p1a: Hali|atk|1
|-boost|p1b: Siakam|atk|1
|move|p1a: Hali|Charm|p1b: Siakam
|-boost|p1b: Siakam|atk|2
|move|p1b: Siakam|Brave Bird|p2b: Incineroar
|-damage|p2b: Incineroar|0 fnt
|faint|p2b: Incineroar
|-damage|p1b: Siakam|30/100|[from] Recoil
|move|p2a: Kingambit|Kowtow Cleave|p1b: Siakam
|-resisted|p1b: Siakam|1
|-damage|p1b: Siakam|0 fnt
|faint|p1b: Siakam
|
|upkeep
|
|t:|1783705034
|switch|p1b: Zubac|Grimmsnarl, L50, M|34/100
|switch|p2b: Sinistcha|Sinistcha, L50|100/100
|turn|6
|
|t:|1783705055
|move|p1a: Hali|Moonblast|p2a: Kingambit
|-damage|p2a: Kingambit|76/100
|-unboost|p2a: Kingambit|spa|1
|-ability|p2a: Kingambit|Defiant|boost
|-boost|p2a: Kingambit|atk|2
|move|p2b: Sinistcha|Matcha Gotcha|p1a: Hali|[spread] p1a,p1b
|-resisted|p1a: Hali|1
|-damage|p1a: Hali|89/100
|-damage|p1b: Zubac|22/100
|-status|p1b: Zubac|brn
|move|p1b: Zubac|Spirit Break|p2b: Sinistcha
|-damage|p2b: Sinistcha|87/100
|-unboost|p2b: Sinistcha|spa|1
|move|p2a: Kingambit|Kowtow Cleave|p1b: Zubac
|-resisted|p1b: Zubac|2
|-damage|p1b: Zubac|0 fnt
|faint|p1b: Zubac
|
|upkeep
|turn|7
|inactive|maintanksux has 30 seconds left.
|
|t:|1783705081
|move|p1a: Hali|Moonblast|p2a: Kingambit
|-damage|p2a: Kingambit|49/100
|move|p2b: Sinistcha|Matcha Gotcha|p1a: Hali
|-resisted|p1a: Hali|1
|-damage|p1a: Hali|79/100
|-heal|p2b: Sinistcha|92/100|[from] drain|[of] p1a: Hali
|move|p2a: Kingambit|Kowtow Cleave|p1a: Hali
|-resisted|p1a: Hali|1
|-damage|p1a: Hali|19/100
|
|upkeep
|turn|8
|
|t:|1783705091
|move|p2a: Kingambit|Sucker Punch|p1a: Hali
|-resisted|p1a: Hali|1
|-damage|p1a: Hali|0 fnt
|faint|p1a: Hali
|
|win|homerj71
