|j|☆oxoc
|j|☆cofeebean
|html|oxoccofeebean    
|uhtml|bestof|Game 2 of a best-of-3
|t:|1757808855
|gametype|doubles
|player|p1|oxoc|266|1050
|player|p2|cofeebean|silver|1107
|gen|9
|tier|[Gen 9] VGC 2025 Reg H (Bo3)
|rated|
|rule|Species Clause: Limit one of each Pokémon
|rule|Item Clause: Limit 1 of each item
|clearpoke
|poke|p1|Archaludon, L50, F|
|poke|p1|Pelipper, L50, F|
|poke|p1|Basculegion, L50, M|
|poke|p1|Amoonguss, L50, F|
|poke|p1|Incineroar, L50, M|
|poke|p1|Gholdengo, L50|
|poke|p2|Jumpluff, L50, F|
|poke|p2|Incineroar, L50, M|
|poke|p2|Garchomp, L50, F|
|poke|p2|Gallade, L50, M|
|poke|p2|Porygon2, L50|
|poke|p2|Primarina, L50, M|
|teampreview|4
|showteam|p1|Archaludon||AssaultVest|Stamina|DragonPulse,ElectroShot,FlashCannon,BodyPress|||F|||50|,,,,,Bug]Pelipper||FocusSash|Drizzle|WeatherBall,Hurricane,Tailwind,Protect|||F|||50|,,,,,Ground]Basculegion||ChoiceBand|SwiftSwim|WaveCrash,LastRespects,AquaJet,FlipTurn|||M|||50|,,,,,Grass]Amoonguss||CovertCloak|Regenerator|PollenPuff,RagePowder,Spore,Protect|||F|||50|,,,,,Water]Incineroar||SafetyGoggles|Intimidate|KnockOff,FakeOut,PartingShot,Taunt|||M|||50|,,,,,Ghost]Gholdengo||LifeOrb|GoodasGold|MakeItRain,ShadowBall,NastyPlot,Protect||||||50|,,,,,Water
|showteam|p2|Jumpluff||CovertCloak|Chlorophyll|Tailwind,SleepPowder,RagePowder,Encore|||F|||50|,,,,,Water]Incineroar||SafetyGoggles|Intimidate|FakeOut,PartingShot,KnockOff,FlareBlitz|||M|||50|,,,,,Bug]Garchomp||AssaultVest|RoughSkin|Earthquake,StompingTantrum,DragonClaw,IronHead|||F|||50|,,,,,Ground]Gallade||ChoiceBand|Sharpness|SacredSword,PsychoCut,IcePunch,KnockOff|||M|||50|,,,,,Grass]Porygon2||Eviolite|Download|TrickRoom,IceBeam,Recover,TeraBlast||||||50|,,,,,Ghost]Primarina||ThroatSpray|LiquidVoice|HyperVoice,Moonblast,Psychic,Protect|||M|||50|,,,,,Water
|inactive|Battle timer is ON: inactive players will automatically lose when time's up. (requested by oxoc)
|inactive|cofeebean has 60 seconds left.
|
|t:|1757808888
|teamsize|p1|4
|teamsize|p2|4
|start
|switch|p1a: Amoonguss|Amoonguss, L50, F|100/100
|switch|p1b: Gholdengo|Gholdengo, L50|100/100
|switch|p2a: Jumpluff|Jumpluff, L50, F|100/100
|switch|p2b: Incineroar|Incineroar, L50, M|100/100
|-ability|p2b: Incineroar|Intimidate|boost
|-unboost|p1a: Amoonguss|atk|1
|-unboost|p1b: Gholdengo|atk|1
|turn|1
|inactive|oxoc has 30 seconds left.
|inactive|oxoc has 20 seconds left.
|inactive|oxoc has 15 seconds left.
|
|t:|1757808931
|move|p1a: Amoonguss|Protect|p1a: Amoonguss
|-singleturn|p1a: Amoonguss|Protect
|move|p2a: Jumpluff|Tailwind|p2a: Jumpluff
|-sidestart|p2: cofeebean|move: Tailwind
|move|p1b: Gholdengo|Nasty Plot|p1b: Gholdengo
|-boost|p1b: Gholdengo|spa|2
|move|p2b: Incineroar|Knock Off|p1b: Gholdengo
|-supereffective|p1b: Gholdengo
|-damage|p1b: Gholdengo|12/100
|-enditem|p1b: Gholdengo|Life Orb|[from] move: Knock Off|[of] p2b: Incineroar
|
|upkeep
|turn|2
|
|t:|1757808949
|move|p1a: Amoonguss|Rage Powder|p1a: Amoonguss
|-singleturn|p1a: Amoonguss|move: Rage Powder
|move|p2a: Jumpluff|Encore|p1a: Amoonguss
|-start|p1a: Amoonguss|Encore
|move|p1b: Gholdengo|Make It Rain|p2a: Jumpluff|[spread] p2a,p2b
|-resisted|p2b: Incineroar
|-damage|p2a: Jumpluff|11/100
|-damage|p2b: Incineroar|63/100
|-unboost|p1b: Gholdengo|spa|1
|move|p2b: Incineroar|Knock Off|p1b: Gholdengo
|-supereffective|p1b: Gholdengo
|-damage|p1b: Gholdengo|0 fnt
|faint|p1b: Gholdengo
|
|upkeep
|
|t:|1757808965
|switch|p1b: Archaludon|Archaludon, L50, F|100/100
|turn|3
|
|t:|1757808984
|switch|p1a: Pelipper|Pelipper, L50, F|100/100
|-weather|RainDance|[from] ability: Drizzle|[of] p1a: Pelipper
|move|p2a: Jumpluff|Sleep Powder|p1b: Archaludon|[miss]
|-miss|p2a: Jumpluff|p1b: Archaludon
|move|p2b: Incineroar|Parting Shot|p1b: Archaludon
|-unboost|p1b: Archaludon|atk|1
|-unboost|p1b: Archaludon|spa|1
|
|t:|1757808995
|switch|p2b: Gallade|Gallade, L50, M|100/100|[from] Parting Shot
|move|p1b: Archaludon|Electro Shot||[still]
|-prepare|p1b: Archaludon|Electro Shot
|-boost|p1b: Archaludon|spa|1
|-anim|p1b: Archaludon|Electro Shot|p2a: Jumpluff
|-damage|p2a: Jumpluff|0 fnt
|faint|p2a: Jumpluff
|
|-weather|RainDance|[upkeep]
|upkeep
|
|t:|1757809004
|switch|p2a: Primarina|Primarina, L50, M|100/100
|turn|4
|
|t:|1757809026
|switch|p1a: Amoonguss|Amoonguss, L50, F|100/100
|-terastallize|p1b: Archaludon|Bug
|move|p2b: Gallade|Sacred Sword|p1b: Archaludon
|-resisted|p1b: Archaludon
|-damage|p1b: Archaludon|60/100
|-ability|p1b: Archaludon|Stamina|boost
|-boost|p1b: Archaludon|def|1
|move|p2a: Primarina|Hyper Voice|p1b: Archaludon|[spread] p1a,p1b
|-resisted|p1a: Amoonguss
|-damage|p1a: Amoonguss|77/100
|-damage|p1b: Archaludon|9/100
|-ability|p1b: Archaludon|Stamina|boost
|-boost|p1b: Archaludon|def|1
|-enditem|p2a: Primarina|Throat Spray
|-boost|p2a: Primarina|spa|1|[from] item: Throat Spray
|move|p1b: Archaludon|Flash Cannon|p2a: Primarina
|-damage|p2a: Primarina|64/100
|
|-weather|RainDance|[upkeep]
|-sideend|p2: cofeebean|move: Tailwind
|upkeep
|turn|5
|inactive|oxoc has 30 seconds left.
|inactive|oxoc has 20 seconds left.
|inactive|oxoc has 15 seconds left.
|inactive|oxoc has 10 seconds left.
|inactive|oxoc has 5 seconds left.
|
|t:|1757809076
|switch|p1b: Pelipper|Pelipper, L50, F|100/100
|-terastallize|p2b: Gallade|Grass
|move|p2b: Gallade|Sacred Sword|p1b: Pelipper
|-resisted|p1b: Pelipper
|-damage|p1b: Pelipper|32/100
|move|p2a: Primarina|Hyper Voice|p1b: Pelipper|[spread] p1a,p1b
|-resisted|p1a: Amoonguss
|-resisted|p1b: Pelipper
|-damage|p1a: Amoonguss|43/100
|-damage|p1b: Pelipper|0 fnt
|faint|p1b: Pelipper
|move|p1a: Amoonguss|Spore|p2a: Primarina
|-status|p2a: Primarina|slp|[from] move: Spore
|
|-weather|RainDance|[upkeep]
|upkeep
|
|t:|1757809090
|switch|p1b: Archaludon|Archaludon, L50, F, tera:Bug|9/100
|turn|6
|inactive|cofeebean has 30 seconds left.
|inactive|cofeebean has 20 seconds left.
|
|t:|1757809127
|switch|p2b: Incineroar|Incineroar, L50, M|63/100
|-ability|p2b: Incineroar|Intimidate|boost
|-unboost|p1a: Amoonguss|atk|1
|-unboost|p1b: Archaludon|atk|1
|move|p1a: Amoonguss|Rage Powder|p1a: Amoonguss
|-singleturn|p1a: Amoonguss|move: Rage Powder
|move|p1b: Archaludon|Electro Shot||[still]
|-prepare|p1b: Archaludon|Electro Shot
|-boost|p1b: Archaludon|spa|1
|-anim|p1b: Archaludon|Electro Shot|p2b: Incineroar
|-damage|p2b: Incineroar|12/100
|cant|p2a: Primarina|slp
|
|-weather|RainDance|[upkeep]
|upkeep
|turn|7
|
|t:|1757809145
|move|p2b: Incineroar|Fake Out|p1b: Archaludon
|-crit|p1b: Archaludon
|-damage|p1b: Archaludon|0 fnt
|faint|p1b: Archaludon
|move|p1a: Amoonguss|Rage Powder|p1a: Amoonguss
|-singleturn|p1a: Amoonguss|move: Rage Powder
|cant|p2a: Primarina|slp
|
|-weather|none
|upkeep
|turn|8
|-message|oxoc forfeited.
|
|win|cofeebean
|raw|oxoc's rating: 1050 → 1035(-15 for losing)
|raw|cofeebean's rating: 1107 → 1128(+21 for winning)
|l|☆oxoc
|player|p1|
|c|☆cofeebean|gg
|j|☆oxoc
|player|p1|oxoc|266|
