|j|☆trevYAH
|j|☆failandimprove5
|html|trevYAHfailandimprove5    
|uhtml|bestof|Game 2 of a best-of-3
|t:|1784392600
|gametype|doubles
|player|p1|trevYAH|trevor|1376
|player|p2|failandimprove5|102|1459
|gen|9
|tier|[Gen 9 Champions] VGC 2026 Reg M-B (Bo3)
|rated|
|rule|Species Clause: Limit one of each Pokémon
|rule|Item Clause: Limit 1 of each item
|clearpoke
|poke|p1|Incineroar, L50, F|
|poke|p1|Toxapex, L50, F|
|poke|p1|Froslass, L50, F|
|poke|p1|Kingambit, L50, M|
|poke|p1|Garchomp, L50, F|
|poke|p1|Charizard, L50, F|
|poke|p2|Ninetales-Alola, L50, F|
|poke|p2|Glimmora, L50, M|
|poke|p2|Basculegion, L50, M|
|poke|p2|Kingambit, L50, M|
|poke|p2|Kommo-o, L50, M|
|poke|p2|Whimsicott, L50, M|
|teampreview|4
|showteam|p1|Incineroar||SitrusBerry|Intimidate|FlareBlitz,ThroatChop,PartingShot,FakeOut|Careful||F|||50|]Toxapex||Leftovers|Regenerator|Toxic,Infestation,WideGuard,BanefulBunker|Impish||F|||50|]Froslass||Froslassite|CursedBody|Blizzard,ShadowBall,AuroraVeil,Protect|Modest||F|||50|]Kingambit||ChopleBerry|Defiant|KowtowCleave,LowKick,SuckerPunch,Protect|Adamant||M|||50|]Garchomp||LifeOrb|RoughSkin|DragonClaw,Earthquake,RockSlide,Protect|Jolly||F|||50|]Charizard||CharizarditeY|Blaze|HeatWave,WeatherBall,SolarBeam,Protect|Modest||F|||50|
|showteam|p2|Ninetales-Alola||NeverMeltIce|SnowWarning|Blizzard,FreezeDry,HelpingHand,Protect|Timid||F|||50|]Glimmora||Glimmoranite|ToxicDebris|PowerGem,SludgeBomb,EarthPower,SpikyShield|Modest||M|||50|]Basculegion||ChoiceScarf|Adaptability|WaveCrash,LastRespects,AquaJet,FlipTurn|Jolly||M|||50|]Kingambit||BlackGlasses|Defiant|KowtowCleave,LowKick,SuckerPunch,Protect|Adamant||M|||50|]Kommo-o||LifeOrb|Soundproof|ClangingScales,AuraSphere,VacuumWave,Protect|Modest||M|||50|]Whimsicott||FocusSash|Prankster|Moonblast,Tailwind,Encore,Protect|Timid||M|||50|
|inactive|Battle timer is ON: inactive players will automatically lose when time's up. (requested by failandimprove5)
|inactive|failandimprove5 has 60 seconds left.
|
|t:|1784392642
|teamsize|p1|4
|teamsize|p2|4
|start
|switch|p1a: Froslass|Froslass, L50, F|100/100
|switch|p1b: Kingambit|Kingambit, L50, M|100/100
|switch|p2a: Ninetales|Ninetales-Alola, L50, F|100/100
|switch|p2b: Glimmora|Glimmora, L50, M|100/100
|-weather|Snowscape|[from] ability: Snow Warning|[of] p2a: Ninetales
|turn|1
|
|t:|1784392664
|detailschange|p1a: Froslass|Froslass-Mega, L50, F
|-mega|p1a: Froslass|Froslass|Froslassite
|detailschange|p2b: Glimmora|Glimmora-Mega, L50, M
|-mega|p2b: Glimmora|Glimmora|Glimmoranite
|move|p2a: Ninetales|Blizzard|p1b: Kingambit|[spread] p1a,p1b
|-resisted|p1a: Froslass|1
|-resisted|p1b: Kingambit|1
|-damage|p1a: Froslass|83/100
|-damage|p1b: Kingambit|85/100
|move|p1a: Froslass|Aurora Veil|p1a: Froslass
|-sidestart|p1: trevYAH|move: Aurora Veil
|move|p2b: Glimmora|Earth Power|p1b: Kingambit
|-supereffective|p1b: Kingambit|1
|-damage|p1b: Kingambit|39/100
|move|p1b: Kingambit|Kowtow Cleave|p2b: Glimmora
|-damage|p2b: Glimmora|52/100
|
|-weather|Snowscape|[upkeep]
|upkeep
|turn|2
|inactive|failandimprove5 has 30 seconds left.
|
|t:|1784392690
|switch|p2b: Basculegion|Basculegion, L50, M|100/100
|move|p1b: Kingambit|Sucker Punch||[still]
|-fail|p1b: Kingambit
|move|p2a: Ninetales|Blizzard|p1a: Froslass|[spread] p1a,p1b
|-resisted|p1a: Froslass|1
|-resisted|p1b: Kingambit|1
|-damage|p1a: Froslass|71/100
|-damage|p1b: Kingambit|29/100
|move|p1a: Froslass|Blizzard|p2b: Basculegion|[spread] p2a,p2b
|-resisted|p2a: Ninetales|1
|-resisted|p2b: Basculegion|1
|-damage|p2a: Ninetales|77/100
|-damage|p2b: Basculegion|74/100
|
|-weather|Snowscape|[upkeep]
|upkeep
|turn|3
|
|t:|1784392712
|move|p1a: Froslass|Protect|p1a: Froslass
|-singleturn|p1a: Froslass|Protect
|move|p1b: Kingambit|Protect|p1b: Kingambit
|-singleturn|p1b: Kingambit|Protect
|move|p2b: Basculegion|Wave Crash|p1b: Kingambit
|-activate|p1b: Kingambit|move: Protect
|move|p2a: Ninetales|Blizzard|p1b: Kingambit|[spread] 
|-activate|p1a: Froslass|move: Protect
|-activate|p1b: Kingambit|move: Protect
|
|-weather|Snowscape|[upkeep]
|upkeep
|turn|4
|
|t:|1784392722
|move|p1b: Kingambit|Sucker Punch|p2b: Basculegion
|-supereffective|p2b: Basculegion|1
|-damage|p2b: Basculegion|0 fnt
|faint|p2b: Basculegion
|move|p2a: Ninetales|Blizzard|p1a: Froslass|[spread] p1a,p1b
|-resisted|p1a: Froslass|1
|-resisted|p1b: Kingambit|1
|-damage|p1a: Froslass|59/100
|-damage|p1b: Kingambit|18/100
|move|p1a: Froslass|Blizzard|p2a: Ninetales
|-resisted|p2a: Ninetales|1
|-damage|p2a: Ninetales|45/100
|
|-weather|Snowscape|[upkeep]
|upkeep
|
|t:|1784392733
|switch|p2b: Kommo-o|Kommo-o, L50, M|100/100
|turn|5
|
|t:|1784392758
|move|p2b: Kommo-o|Vacuum Wave|p1b: Kingambit
|-supereffective|p1b: Kingambit|2
|-enditem|p1b: Kingambit|Chople Berry|[eat]
|-enditem|p1b: Kingambit|Chople Berry|[weaken]
|-damage|p1b: Kingambit|0 fnt
|faint|p1b: Kingambit
|-damage|p2b: Kommo-o|90/100|[from] item: Life Orb
|move|p2a: Ninetales|Blizzard|p1a: Froslass
|-resisted|p1a: Froslass|1
|-damage|p1a: Froslass|44/100
|move|p1a: Froslass|Blizzard|p2b: Kommo-o|[spread] p2a,p2b
|-resisted|p2a: Ninetales|1
|-supereffective|p2b: Kommo-o|1
|-damage|p2a: Ninetales|21/100
|-damage|p2b: Kommo-o|0 fnt
|faint|p2b: Kommo-o
|
|-weather|none
|-sideend|p1: trevYAH|move: Aurora Veil
|upkeep
|
|t:|1784392779
|switch|p2b: Glimmora|Glimmora-Mega, L50, M|52/100
|switch|p1b: Incineroar|Incineroar, L50, F|100/100
|-ability|p1b: Incineroar|Intimidate|boost
|-unboost|p2a: Ninetales|atk|1
|-unboost|p2b: Glimmora|atk|1
|turn|6
|
|t:|1784392784
|move|p2a: Ninetales|Protect|p2a: Ninetales
|-singleturn|p2a: Ninetales|Protect
|move|p2b: Glimmora|Spiky Shield|p2b: Glimmora
|-singleturn|p2b: Glimmora|move: Protect
|move|p1b: Incineroar|Fake Out|p2b: Glimmora
|-activate|p2b: Glimmora|move: Protect
|-damage|p1b: Incineroar|87/100|[from] Spiky Shield|[of] p2b: Glimmora
|move|p1a: Froslass|Shadow Ball|p2a: Ninetales
|-activate|p2a: Ninetales|move: Protect
|
|upkeep
|turn|7
|
|t:|1784392792
|move|p2a: Ninetales|Freeze-Dry|p1a: Froslass
|-resisted|p1a: Froslass|1
|-damage|p1a: Froslass|29/100
|move|p1a: Froslass|Shadow Ball|p2a: Ninetales
|-damage|p2a: Ninetales|0 fnt
|faint|p2a: Ninetales
|move|p2b: Glimmora|Power Gem|p1b: Incineroar
|-supereffective|p1b: Incineroar|1
|-damage|p1b: Incineroar|0 fnt
|faint|p1b: Incineroar
|
|upkeep
|
|t:|1784392795
|switch|p1b: Garchomp|Garchomp, L50, F|100/100
|turn|8
|-message|failandimprove5 forfeited.
|
|win|trevYAH
|raw|trevYAH's rating: 1376 → 1401(+25 for winning)
|raw|failandimprove5's rating: 1459 → 1434(-25 for losing)
