|j|☆FB06
|j|☆Coolerchezzz
|html|FB06Coolerchezzz    
|uhtml|bestof|Game 3 of a best-of-3
|t:|1786034407
|gametype|doubles
|player|p1|FB06|hoopster|1119
|player|p2|Coolerchezzz|1|1108
|gen|9
|tier|[Gen 9 Champions] VGC 2026 Reg M-B (Bo3)
|rated|
|rule|Species Clause: Limit one of each Pokémon
|rule|Item Clause: Limit 1 of each item
|clearpoke
|poke|p1|Metagross, L50|
|poke|p1|Floette-Eternal, L50, F|
|poke|p1|Hydreigon, L50, F|
|poke|p1|Talonflame, L50, F|
|poke|p1|Ninetales-Alola, L50, M|
|poke|p1|Gholdengo, L50|
|poke|p2|Metagross, L50|
|poke|p2|Hydreigon, L50, M|
|poke|p2|Ninetales-Alola, L50, M|
|poke|p2|Garchomp, L50, M|
|poke|p2|Whimsicott, L50, F|
|poke|p2|Slowking-Galar, L50, F|
|teampreview|4
|showteam|p1|Metagross||Metagrossite|ClearBody|BodyPress,Protect,IronHead,PsychicFangs|Jolly|||||50|]Floette-Eternal||Floettite|FlowerVeil|Moonblast,Protect,Psychic,DazzlingGleam|Modest||F|||50|]Hydreigon||LifeOrb|Levitate|DarkPulse,DracoMeteor,EarthPower,Protect|Modest||F|||50|]Talonflame||SharpBeak|GaleWings|BraveBird,FlareBlitz,Tailwind,Protect|Adamant||F|||50|]Ninetales-Alola||NeverMeltIce|SnowWarning|AuroraVeil,Blizzard,FreezeDry,Protect|Timid||M|||50|]Gholdengo||WhiteHerb|GoodasGold|NastyPlot,MakeItRain,ShadowBall,Protect|Modest|||||50|
|showteam|p2|Metagross||Metagrossite|ClearBody|PsychicFangs,IronHead,RockSlide,Protect|Jolly|||||50|]Hydreigon||ChoiceScarf|Levitate|DracoMeteor,DarkPulse,Snarl,HeatWave|Timid||M|||50|]Ninetales-Alola||FocusSash|SnowWarning|Blizzard,DazzlingGleam,AuroraVeil,Protect|Timid||M|||50|]Garchomp||LifeOrb|RoughSkin|Earthquake,DragonClaw,RockSlide,Protect|Jolly||M|||50|]Whimsicott||SitrusBerry|Prankster|EnergyBall,Tailwind,Encore,Protect|Timid||F|||50|]Slowking-Galar||Leftovers|Regenerator|ChillingWater,Toxic,Protect,ChillyReception|Sassy||F|||50|
|c|☆FB06|gl
|c|☆Coolerchezzz|gl
|
|t:|1786034454
|teamsize|p1|4
|teamsize|p2|4
|start
|switch|p1a: Talonflame|Talonflame, L50, F|100/100
|switch|p1b: Floette|Floette-Eternal, L50, F|100/100
|switch|p2a: Hydreigon|Hydreigon, L50, M|100/100
|switch|p2b: Ninetales|Ninetales-Alola, L50, M|100/100
|-weather|Snowscape|[from] ability: Snow Warning|[of] p2b: Ninetales
|turn|1
|c|☆FB06|im yet to see how good slowking is
|
|t:|1786034483
|switch|p2a: Slowking|Slowking-Galar, L50, F|100/100
|move|p1a: Talonflame|Flare Blitz|p2b: Ninetales
|-supereffective|p2b: Ninetales|1
|-damage|p2b: Ninetales|3/100
|-damage|p1a: Talonflame|69/100|[from] Recoil
|move|p2b: Ninetales|Aurora Veil|p2b: Ninetales
|-sidestart|p2: Coolerchezzz|move: Aurora Veil
|move|p1b: Floette|Moonblast|p2a: Slowking
|-resisted|p2a: Slowking|1
|-damage|p2a: Slowking|89/100
|
|-weather|Snowscape|[upkeep]
|-heal|p2a: Slowking|95/100|[from] item: Leftovers
|upkeep
|turn|2
|
|t:|1786034515
|move|p2b: Ninetales|Protect|p2b: Ninetales
|-singleturn|p2b: Ninetales|Protect
|move|p1a: Talonflame|Tailwind|p1a: Talonflame
|-sidestart|p1: FB06|move: Tailwind
|move|p1b: Floette|Dazzling Gleam|p2b: Ninetales|[spread] p2a
|-activate|p2b: Ninetales|move: Protect
|-resisted|p2a: Slowking|1
|-damage|p2a: Slowking|89/100
|move|p2a: Slowking|Toxic|p1b: Floette
|-status|p1b: Floette|tox
|
|-weather|Snowscape|[upkeep]
|-heal|p2a: Slowking|95/100|[from] item: Leftovers
|-damage|p1b: Floette|94/100 tox|[from] psn
|upkeep
|turn|3
|
|t:|1786034544
|move|p2b: Ninetales|Protect||[still]
|-fail|p2b: Ninetales
|move|p1a: Talonflame|Brave Bird|p2a: Slowking
|-damage|p2a: Slowking|54/100
|-damage|p1a: Talonflame|52/100|[from] Recoil
|move|p1b: Floette|Dazzling Gleam|p2b: Ninetales|[spread] p2a,p2b
|-resisted|p2a: Slowking|1
|-crit|p2a: Slowking
|-damage|p2a: Slowking|40/100
|-damage|p2b: Ninetales|0 fnt
|faint|p2b: Ninetales
|move|p2a: Slowking|Chilling Water|p1a: Talonflame
|-supereffective|p1a: Talonflame|1
|-damage|p1a: Talonflame|9/100
|-unboost|p1a: Talonflame|atk|1
|
|-weather|Snowscape|[upkeep]
|-heal|p2a: Slowking|46/100|[from] item: Leftovers
|-damage|p1b: Floette|82/100 tox|[from] psn
|upkeep
|
|t:|1786034561
|switch|p2b: Metagross|Metagross, L50|100/100
|turn|4
|
|t:|1786034582
|move|p2b: Metagross|Protect|p2b: Metagross
|-singleturn|p2b: Metagross|Protect
|move|p1a: Talonflame|Flare Blitz|p2b: Metagross
|-activate|p2b: Metagross|move: Protect
|move|p1b: Floette|Psychic|p2a: Slowking
|-damage|p2a: Slowking|32/100
|move|p2a: Slowking|Chilling Water|p1a: Talonflame
|-supereffective|p1a: Talonflame|1
|-damage|p1a: Talonflame|0 fnt
|faint|p1a: Talonflame
|
|-weather|Snowscape|[upkeep]
|-heal|p2a: Slowking|38/100|[from] item: Leftovers
|-damage|p1b: Floette|65/100 tox|[from] psn
|upkeep
|
|t:|1786034603
|switch|p1a: Gholdengo|Gholdengo, L50|100/100
|turn|5
|
|t:|1786034630
|-heal|p2a: Slowking|71/100|[from] ability: Regenerator|[silent]
|switch|p2a: Hydreigon|Hydreigon, L50, M|100/100
|detailschange|p2b: Metagross|Metagross-Mega, L50
|-mega|p2b: Metagross|Metagross|Metagrossite
|move|p1b: Floette|Psychic|p2a: Hydreigon
|-immune|p2a: Hydreigon
|move|p1a: Gholdengo|Shadow Ball|p2b: Metagross
|-supereffective|p2b: Metagross|1
|-damage|p2b: Metagross|27/100
|move|p2b: Metagross|Iron Head|p1b: Floette
|-supereffective|p1b: Floette|1
|-damage|p1b: Floette|0 fnt
|faint|p1b: Floette
|
|-weather|none
|-sideend|p1: FB06|move: Tailwind
|-sideend|p2: Coolerchezzz|move: Aurora Veil
|upkeep
|
|t:|1786034645
|switch|p1b: Metagross|Metagross, L50|100/100
|turn|6
|
|t:|1786034702
|detailschange|p1b: Metagross|Metagross-Mega, L50
|-mega|p1b: Metagross|Metagross|Metagrossite
|move|p2a: Hydreigon|Dark Pulse|p1b: Metagross
|-supereffective|p1b: Metagross|1
|-damage|p1b: Metagross|18/100
|move|p1b: Metagross|Body Press|p2a: Hydreigon
|-supereffective|p2a: Hydreigon|1
|-damage|p2a: Hydreigon|25/100
|move|p2b: Metagross|Iron Head|p1b: Metagross
|-resisted|p1b: Metagross|1
|-damage|p1b: Metagross|0 fnt
|faint|p1b: Metagross
|move|p1a: Gholdengo|Shadow Ball|p2b: Metagross
|-supereffective|p2b: Metagross|1
|-damage|p2b: Metagross|0 fnt
|faint|p2b: Metagross
|
|upkeep
|c|☆Coolerchezzz|ggs
|c|☆Coolerchezzz|it was fun
|
|t:|1786034724
|switch|p2b: Slowking|Slowking-Galar, L50, F|71/100
|turn|7
|
|t:|1786034731
|move|p2a: Hydreigon|Dark Pulse|p1a: Gholdengo
|-supereffective|p1a: Gholdengo|1
|-damage|p1a: Gholdengo|6/100
|move|p1a: Gholdengo|Make It Rain|p2a: Hydreigon|[spread] p2a,p2b
|-damage|p2a: Hydreigon|0 fnt
|-damage|p2b: Slowking|38/100
|-unboost|p1a: Gholdengo|spa|2
|faint|p2a: Hydreigon
|-enditem|p1a: Gholdengo|White Herb
|-clearnegativeboost|p1a: Gholdengo|[silent]
|move|p2b: Slowking|Chilling Water|p1a: Gholdengo
|-damage|p1a: Gholdengo|0 fnt
|faint|p1a: Gholdengo
|
|win|Coolerchezzz
|raw|FB06's rating: 1119 → 1093(-26 for losing)
|raw|Coolerchezzz's rating: 1108 → 1134(+26 for winning)
|c|☆FB06|ggs
|l|☆Coolerchezzz
|player|p2|
|l|☆FB06
|player|p1|
|j|☆Coolerchezzz
|player|p2|Coolerchezzz|1|
