|j|☆f0xy363
|j|☆RaikuDraco
|html|f0xy363RaikuDraco    
|uhtml|bestof|Game 2 of a best-of-3
|t:|1756878605
|gametype|doubles
|player|p1|f0xy363|170|1170
|player|p2|RaikuDraco|drake-gen3|1197
|gen|9
|tier|[Gen 9] VGC 2025 Reg H (Bo3)
|rated|
|rule|Species Clause: Limit one of each Pokémon
|rule|Item Clause: Limit 1 of each item
|clearpoke
|poke|p1|Gholdengo, L50|
|poke|p1|Incineroar, L50, F|
|poke|p1|Flamigo, L50, M|
|poke|p1|Ursaluna, L50, M|
|poke|p1|Porygon2, L50|
|poke|p1|Amoonguss, L50, F|
|poke|p2|Archaludon, L50, F|
|poke|p2|Sinistcha-Masterpiece, L50|
|poke|p2|Dragonite, L50, F|
|poke|p2|Pelipper, L50, M|
|poke|p2|Ursaluna, L50, F|
|poke|p2|Gholdengo, L50|
|teampreview|4
|showteam|p1|Gholdengo||LifeOrb|GoodasGold|MakeItRain,ShadowBall,NastyPlot,Protect||||||50|,,,,,Dragon]Incineroar||SafetyGoggles|Intimidate|KnockOff,FlareBlitz,PartingShot,FakeOut|||F|||50|,,,,,Grass]Flamigo||FocusSash|Scrappy|CloseCombat,BraveBird,WideGuard,Protect|||M|||50|,,,,,Ghost]Ursaluna||FlameOrb|Guts|Facade,HeadlongRush,Earthquake,Protect|||M|||50|,,,,,Normal]Porygon2||Eviolite|Download|TeraBlast,IceBeam,TrickRoom,Recover||||||50|,,,,,Fighting]Amoonguss||MentalHerb|Regenerator|Spore,RagePowder,PollenPuff,SludgeBomb|||F|||50|,,,,,Water
|showteam|p2|Archaludon||AssaultVest|Stamina|BodyPress,Snarl,ElectroShot,FlashCannon|||F|||50|,,,,,Fighting]Sinistcha-Masterpiece||SitrusBerry|Hospitality|MatchaGotcha,RagePowder,TrickRoom,LifeDew||||||50|,,,,,Dark]Dragonite||LoadedDice|Multiscale|ScaleShot,Protect,Tailwind,Haze|||F|||50|,,,,,Steel]Pelipper||FocusSash|Drizzle|WeatherBall,Hurricane,Tailwind,Protect|||M|||50|,,,,,Ground]Ursaluna||FlameOrb|Guts|Facade,HeadlongRush,Earthquake,Protect|||F|||50|,,,,,Ghost]Gholdengo||ChoiceScarf|GoodasGold|MakeItRain,TeraBlast,ShadowBall,Trick||||||50|,,,,,Water
|inactive|Battle timer is ON: inactive players will automatically lose when time's up. (requested by f0xy363)
|inactive|RaikuDraco has 60 seconds left.
|inactive|RaikuDraco has 30 seconds left.
|
|t:|1756878674
|teamsize|p1|4
|teamsize|p2|4
|start
|switch|p1a: Incineroar|Incineroar, L50, F|100/100
|switch|p1b: Flamigo|Flamigo, L50, M|100/100
|switch|p2a: Archaludon|Archaludon, L50, F|100/100
|switch|p2b: Pelipper|Pelipper, L50, M|100/100
|-weather|RainDance|[from] ability: Drizzle|[of] p2b: Pelipper
|-ability|p1a: Incineroar|Intimidate|boost
|-unboost|p2a: Archaludon|atk|1
|-unboost|p2b: Pelipper|atk|1
|turn|1
|inactive|f0xy363 has 30 seconds left.
|inactive|RaikuDraco has 30 seconds left.
|inactive|f0xy363 has 20 seconds left.
|inactive|f0xy363 has 15 seconds left.
|inactive|f0xy363 has 10 seconds left.
|
|t:|1756878720
|move|p1b: Flamigo|Close Combat|p2a: Archaludon
|-supereffective|p2a: Archaludon
|-crit|p2a: Archaludon
|-damage|p2a: Archaludon|0 fnt
|-unboost|p1b: Flamigo|def|1
|-unboost|p1b: Flamigo|spd|1
|faint|p2a: Archaludon
|move|p2b: Pelipper|Weather Ball|p1a: Incineroar
|-supereffective|p1a: Incineroar
|-damage|p1a: Incineroar|0 fnt
|faint|p1a: Incineroar
|
|-weather|RainDance|[upkeep]
|upkeep
|inactive|RaikuDraco has 30 seconds left.
|
|t:|1756878746
|switch|p1a: Porygon2|Porygon2, L50|100/100
|switch|p2a: Ursaluna|Ursaluna, L50, F|100/100
|-ability|p1a: Porygon2|Download|boost
|-boost|p1a: Porygon2|spa|1
|turn|2
|inactive|RaikuDraco has 30 seconds left.
|
|t:|1756878774
|-terastallize|p2a: Ursaluna|Ghost
|move|p1b: Flamigo|Close Combat|p2a: Ursaluna
|-damage|p2a: Ursaluna|50/100
|-unboost|p1b: Flamigo|def|1
|-unboost|p1b: Flamigo|spd|1
|move|p2b: Pelipper|Hurricane|p1a: Porygon2
|-damage|p1a: Porygon2|73/100
|move|p2a: Ursaluna|Headlong Rush|p1a: Porygon2
|-damage|p1a: Porygon2|28/100
|-unboost|p2a: Ursaluna|def|1
|-unboost|p2a: Ursaluna|spd|1
|move|p1a: Porygon2|Trick Room|p1a: Porygon2
|-fieldstart|move: Trick Room|[of] p1a: Porygon2
|
|-weather|RainDance|[upkeep]
|-status|p2a: Ursaluna|brn|[from] item: Flame Orb
|upkeep
|turn|3
|inactive|f0xy363 has 30 seconds left.
|inactive|RaikuDraco has 30 seconds left.
|inactive|f0xy363 has 20 seconds left.
|inactive|RaikuDraco has 20 seconds left.
|inactive|f0xy363 has 15 seconds left.
|inactive|RaikuDraco has 15 seconds left.
|inactive|f0xy363 has 10 seconds left.
|inactive|RaikuDraco has 10 seconds left.
|
|t:|1756878822
|switch|p2b: Sinistcha|Sinistcha-Masterpiece, L50|100/100
|-heal|p2a: Ursaluna|75/100 brn|[from] ability: Hospitality|[of] p2b: Sinistcha
|move|p1a: Porygon2|Ice Beam|p2a: Ursaluna
|-damage|p2a: Ursaluna|9/100 brn
|move|p2a: Ursaluna|Earthquake|p1a: Porygon2|[spread] p2b,p1a
|-immune|p1b: Flamigo
|-resisted|p2b: Sinistcha
|-damage|p2b: Sinistcha|75/100
|-damage|p1a: Porygon2|0 fnt
|faint|p1a: Porygon2
|move|p1b: Flamigo|Close Combat|p2b: Sinistcha
|-damage|p2b: Sinistcha|25/100
|-unboost|p1b: Flamigo|def|1
|-unboost|p1b: Flamigo|spd|1
|-enditem|p2b: Sinistcha|Sitrus Berry|[eat]
|-heal|p2b: Sinistcha|50/100|[from] item: Sitrus Berry
|
|-weather|RainDance|[upkeep]
|-damage|p2a: Ursaluna|3/100 brn|[from] brn
|upkeep
|
|t:|1756878826
|switch|p1a: Ursaluna|Ursaluna, L50, M|100/100
|turn|4
|inactive|f0xy363 has 30 seconds left.
|inactive|RaikuDraco has 30 seconds left.
|inactive|f0xy363 has 20 seconds left.
|
|t:|1756878863
|move|p1a: Ursaluna|Earthquake|p2a: Ursaluna|[spread] p2a,p2b
|-immune|p1b: Flamigo
|-resisted|p2b: Sinistcha
|-damage|p2a: Ursaluna|0 fnt
|-damage|p2b: Sinistcha|33/100
|faint|p2a: Ursaluna
|move|p2b: Sinistcha|Life Dew|p2b: Sinistcha
|-heal|p2b: Sinistcha|58/100
|move|p1b: Flamigo|Brave Bird|p2b: Sinistcha
|-supereffective|p2b: Sinistcha
|-damage|p2b: Sinistcha|0 fnt
|faint|p2b: Sinistcha
|-damage|p1b: Flamigo|79/100|[from] Recoil
|
|-weather|RainDance|[upkeep]
|-status|p1a: Ursaluna|brn|[from] item: Flame Orb
|upkeep
|
|t:|1756878879
|switch|p2a: Pelipper|Pelipper, L50, M|100/100
|turn|5
|
|t:|1756878901
|move|p1a: Ursaluna|Facade|p2a: Pelipper
|-enditem|p2a: Pelipper|Focus Sash
|-damage|p2a: Pelipper|1/100
|move|p2a: Pelipper|Hurricane|p1b: Flamigo
|-supereffective|p1b: Flamigo
|-damage|p1b: Flamigo|0 fnt
|faint|p1b: Flamigo
|
|-weather|none
|-damage|p1a: Ursaluna|95/100 brn|[from] brn
|upkeep
|turn|6
|
|t:|1756878919
|move|p2a: Pelipper|Protect|p2a: Pelipper
|-singleturn|p2a: Pelipper|Protect
|move|p1a: Ursaluna|Facade|p2a: Pelipper
|-activate|p2a: Pelipper|move: Protect
|
|-damage|p1a: Ursaluna|89/100 brn|[from] brn
|-fieldend|move: Trick Room
|upkeep
|turn|7
|
|t:|1756878940
|move|p2a: Pelipper|Hurricane|p1a: Ursaluna
|-damage|p1a: Ursaluna|55/100 brn
|move|p1a: Ursaluna|Facade|p2a: Pelipper
|-damage|p2a: Pelipper|0 fnt
|faint|p2a: Pelipper
|
|win|f0xy363
|raw|f0xy363's rating: 1170 → 1197(+27 for winning)
|raw|RaikuDraco's rating: 1197 → 1170(-27 for losing)
|l|☆f0xy363
|player|p1|
