|j|â˜†MessiahHezekiah
|j|â˜†amaryllisvgc
|html|MessiahHezekiahamaryllisvgc    
|uhtml|bestof|Game 3 of a best-of-3
|t:|1754974708
|gametype|doubles
|player|p1|MessiahHezekiah|parasollady|1258
|player|p2|amaryllisvgc|170|1306
|gen|9
|tier|[Gen 9] VGC 2025 Reg H (Bo3)
|rated|
|rule|Species Clause: Limit one of each PokÃ©mon
|rule|Item Clause: Limit 1 of each item
|clearpoke
|poke|p1|Indeedee-F, L50, F|
|poke|p1|Armarouge, L50, F|
|poke|p1|Gallade, L50, M|
|poke|p1|Torkoal, L50, M|
|poke|p1|Ursaluna, L50, M|
|poke|p1|Spiritomb, L50, M|
|poke|p2|Ursaluna-Bloodmoon, L50, M|
|poke|p2|Incineroar, L50, F|
|poke|p2|Rillaboom, L50, F|
|poke|p2|Sneasler, L50, F|
|poke|p2|Dragonite, L50, F|
|poke|p2|Gholdengo, L50|
|teampreview|4
|showteam|p1|Indeedee-F||FocusSash|PsychicSurge|Psychic,FollowMe,TrickRoom,HelpingHand|||F|||50|,,,,,Ghost]Armarouge||LifeOrb|FlashFire|ArmorCannon,ExpandingForce,HeatWave,TrickRoom|||F|||50|,,,,,Psychic]Gallade||ClearAmulet|Sharpness|PsychoCut,SacredSword,TrickRoom,WideGuard|||M|||50|,,,,,Grass]Torkoal||Charcoal|Drought|Eruption,HeatWave,WeatherBall,Protect|||M|||50|,,,,,Fire]Ursaluna||FlameOrb|Guts|Facade,HeadlongRush,Earthquake,Protect|||M|||50|,,,,,Ghost]Spiritomb||PsychicSeed|Infiltrator|FoulPlay,TrickRoom,WillOWisp,HelpingHand|||M|||50|,,,,,Flying
|showteam|p2|Ursaluna-Bloodmoon||Leftovers|MindsEye|BloodMoon,EarthPower,Yawn,Protect|||M|||50|,,,,,Electric]Incineroar||SafetyGoggles|Intimidate|FlareBlitz,KnockOff,FakeOut,PartingShot|||F|||50|,,,,,Ghost]Rillaboom||AssaultVest|GrassySurge|WoodHammer,GrassyGlide,FakeOut,Uturn|||F|||50|,,,,,Water]Sneasler||FocusSash|PoisonTouch|DireClaw,CloseCombat,Coaching,FakeOut|||F|||50|,,,,,Ghost]Dragonite||LoadedDice|Multiscale|ScaleShot,StompingTantrum,Tailwind,Protect|||F|||50|,,,,,Steel]Gholdengo||LifeOrb|GoodasGold|MakeItRain,ShadowBall,NastyPlot,Protect||||||50|,,,,,Dragon
|inactive|Battle timer is ON: inactive players will automatically lose when time's up. (requested by MessiahHezekiah)
|inactive|MessiahHezekiah has 60 seconds left.
|c|â˜†MessiahHezekiah|Ive run into you several times on ladder and every set is really close and good lol
|
|t:|1754974767
|teamsize|p1|4
|teamsize|p2|4
|start
|switch|p1a: Gallade|Gallade, L50, M|100/100
|switch|p1b: Spiritomb|Spiritomb, L50, M|100/100
|switch|p2a: Gholdengo|Gholdengo, L50|100/100
|switch|p2b: Incineroar|Incineroar, L50, F|100/100
|-ability|p2b: Incineroar|Intimidate|boost
|-fail|p1a: Gallade|unboost|[from] item: Clear Amulet|[of] p1a: Gallade
|-unboost|p1b: Spiritomb|atk|1
|turn|1
|inactive|amaryllisvgc has 30 seconds left.
|
|t:|1754974797
|switch|p2b: Rillaboom|Rillaboom, L50, F|100/100
|-fieldstart|move: Grassy Terrain|[from] ability: Grassy Surge|[of] p2b: Rillaboom
|switch|p1a: Ursaluna|Ursaluna, L50, M|100/100
|move|p2a: Gholdengo|Nasty Plot|p2a: Gholdengo
|-boost|p2a: Gholdengo|spa|2
|move|p1b: Spiritomb|Trick Room|p1b: Spiritomb
|-fieldstart|move: Trick Room|[of] p1b: Spiritomb
|
|-status|p1a: Ursaluna|brn|[from] item: Flame Orb
|upkeep
|turn|2
|
|t:|1754974822
|-terastallize|p1a: Ursaluna|Ghost
|move|p2a: Gholdengo|Protect|p2a: Gholdengo
|-singleturn|p2a: Gholdengo|Protect
|move|p1b: Spiritomb|Foul Play|p2a: Gholdengo
|-activate|p2a: Gholdengo|move: Protect
|move|p1a: Ursaluna|Headlong Rush|p2a: Gholdengo
|-activate|p2a: Gholdengo|move: Protect
|move|p2b: Rillaboom|U-turn|p1b: Spiritomb
|-damage|p1b: Spiritomb|81/100
|
|t:|1754974835
|switch|p2b: Incineroar|Incineroar, L50, F|100/100|[from] U-turn
|-ability|p2b: Incineroar|Intimidate|boost
|-unboost|p1a: Ursaluna|atk|1
|-unboost|p1b: Spiritomb|atk|1
|
|-heal|p1b: Spiritomb|87/100|[from] Grassy Terrain
|-damage|p1a: Ursaluna|95/100 brn|[from] brn
|upkeep
|turn|3
|inactive|MessiahHezekiah has 30 seconds left.
|inactive|amaryllisvgc has 30 seconds left.
|inactive|amaryllisvgc has 20 seconds left.
|inactive|amaryllisvgc has 15 seconds left.
|
|t:|1754974879
|switch|p2a: Ursaluna|Ursaluna-Bloodmoon, L50, M|100/100
|move|p1b: Spiritomb|Will-O-Wisp|p2a: Ursaluna
|-status|p2a: Ursaluna|brn
|move|p1a: Ursaluna|Headlong Rush|p2b: Incineroar
|-supereffective|p2b: Incineroar
|-damage|p2b: Incineroar|1/100
|-unboost|p1a: Ursaluna|def|1
|-unboost|p1a: Ursaluna|spd|1
|move|p2b: Incineroar|Parting Shot|p1a: Ursaluna
|-unboost|p1a: Ursaluna|atk|1
|-unboost|p1a: Ursaluna|spa|1
|
|t:|1754974892
|switch|p2b: Gholdengo|Gholdengo, L50|100/100|[from] Parting Shot
|
|-heal|p1b: Spiritomb|93/100|[from] Grassy Terrain
|-heal|p1a: Ursaluna|100/100 brn|[from] Grassy Terrain
|-damage|p1a: Ursaluna|95/100 brn|[from] brn
|-damage|p2a: Ursaluna|94/100 brn|[from] brn
|upkeep
|turn|4
|
|t:|1754974907
|switch|p1b: Torkoal|Torkoal, L50, M|100/100
|-weather|SunnyDay|[from] ability: Drought|[of] p1b: Torkoal
|switch|p2a: Incineroar|Incineroar, L50, F|1/100
|-ability|p2a: Incineroar|Intimidate|boost
|-unboost|p1a: Ursaluna|atk|1
|-unboost|p1b: Torkoal|atk|1
|-terastallize|p2b: Gholdengo|Dragon
|move|p1a: Ursaluna|Facade|p2a: Incineroar
|-damage|p2a: Incineroar|0 fnt
|faint|p2a: Incineroar
|move|p2b: Gholdengo|Nasty Plot|p2b: Gholdengo
|-boost|p2b: Gholdengo|spa|2
|
|-weather|SunnyDay|[upkeep]
|-heal|p1a: Ursaluna|100/100 brn|[from] Grassy Terrain
|-damage|p1a: Ursaluna|95/100 brn|[from] brn
|upkeep
|
|t:|1754974923
|switch|p2a: Rillaboom|Rillaboom, L50, F|100/100
|turn|5
|
|t:|1754974939
|switch|p1b: Gallade|Gallade, L50, M|100/100
|move|p2a: Rillaboom|Fake Out|p1b: Gallade
|-damage|p1b: Gallade|82/100
|move|p1a: Ursaluna|Facade|p2a: Rillaboom
|-damage|p2a: Rillaboom|52/100
|move|p2b: Gholdengo|Make It Rain|p1b: Gallade|[spread] p1a,p1b
|-damage|p1a: Ursaluna|0 fnt
|-damage|p1b: Gallade|0 fnt
|-unboost|p2b: Gholdengo|spa|1
|faint|p1a: Ursaluna
|faint|p1b: Gallade
|-damage|p2b: Gholdengo|91/100|[from] item: Life Orb
|
|-weather|SunnyDay|[upkeep]
|-heal|p2a: Rillaboom|58/100|[from] Grassy Terrain
|-heal|p2b: Gholdengo|97/100|[from] Grassy Terrain
|-fieldend|move: Trick Room
|-fieldend|move: Grassy Terrain
|upkeep
|
|t:|1754974955
|switch|p1b: Torkoal|Torkoal, L50, M|100/100
|switch|p1a: Spiritomb|Spiritomb, L50, M|93/100
|turn|6
|
|t:|1754974962
|switch|p2a: Ursaluna|Ursaluna-Bloodmoon, L50, M|94/100 brn
|move|p1b: Torkoal|Protect|p1b: Torkoal
|-singleturn|p1b: Torkoal|Protect
|move|p2b: Gholdengo|Make It Rain|p1b: Torkoal|[spread] p1a
|-activate|p1b: Torkoal|move: Protect
|-damage|p1a: Spiritomb|8/100
|-unboost|p2b: Gholdengo|spa|1
|-damage|p2b: Gholdengo|88/100|[from] item: Life Orb
|move|p1a: Spiritomb|Trick Room|p1a: Spiritomb
|-fieldstart|move: Trick Room|[of] p1a: Spiritomb
|
|-weather|SunnyDay|[upkeep]
|-heal|p2a: Ursaluna|100/100 brn|[from] item: Leftovers
|-damage|p2a: Ursaluna|94/100 brn|[from] brn
|upkeep
|turn|7
|inactive|MessiahHezekiah has 30 seconds left.
|
|t:|1754974990
|move|p1a: Spiritomb|Helping Hand|p1b: Torkoal
|-singleturn|p1b: Torkoal|Helping Hand|[of] p1a: Spiritomb
|move|p1b: Torkoal|Eruption|p2a: Ursaluna|[spread] p2a,p2b
|-resisted|p2b: Gholdengo
|-damage|p2a: Ursaluna|0 fnt
|-damage|p2b: Gholdengo|16/100
|faint|p2a: Ursaluna
|move|p2b: Gholdengo|Make It Rain|p1a: Spiritomb|[spread] p1a,p1b
|-resisted|p1b: Torkoal
|-damage|p1a: Spiritomb|0 fnt
|-damage|p1b: Torkoal|64/100
|-unboost|p2b: Gholdengo|spa|1
|faint|p1a: Spiritomb
|-damage|p2b: Gholdengo|6/100|[from] item: Life Orb
|
|-weather|SunnyDay|[upkeep]
|upkeep
|
|t:|1754975001
|switch|p2a: Rillaboom|Rillaboom, L50, F|58/100
|-fieldstart|move: Grassy Terrain|[from] ability: Grassy Surge|[of] p2a: Rillaboom
|turn|8
|
|t:|1754975015
|move|p1b: Torkoal|Protect|p1b: Torkoal
|-singleturn|p1b: Torkoal|Protect
|move|p2a: Rillaboom|Fake Out|p1b: Torkoal
|-activate|p1b: Torkoal|move: Protect
|move|p2b: Gholdengo|Nasty Plot|p2b: Gholdengo
|-boost|p2b: Gholdengo|spa|2
|
|-weather|none
|-heal|p1b: Torkoal|70/100|[from] Grassy Terrain
|-heal|p2a: Rillaboom|64/100|[from] Grassy Terrain
|-heal|p2b: Gholdengo|12/100|[from] Grassy Terrain
|upkeep
|turn|9
|
|t:|1754975029
|move|p2b: Gholdengo|Protect|p2b: Gholdengo
|-singleturn|p2b: Gholdengo|Protect
|move|p2a: Rillaboom|Grassy Glide|p1b: Torkoal
|-resisted|p1b: Torkoal
|-damage|p1b: Torkoal|57/100
|move|p1b: Torkoal|Eruption|p2b: Gholdengo|[spread] p2a
|-activate|p2b: Gholdengo|move: Protect
|-supereffective|p2a: Rillaboom
|-damage|p2a: Rillaboom|23/100
|
|-heal|p1b: Torkoal|63/100|[from] Grassy Terrain
|-heal|p2a: Rillaboom|29/100|[from] Grassy Terrain
|-heal|p2b: Gholdengo|18/100|[from] Grassy Terrain
|upkeep
|turn|10
|inactive|amaryllisvgc has 30 seconds left.
|inactive|amaryllisvgc has 20 seconds left.
|c|â˜†amaryllisvgc|Looks like we have another close and good one on our hands
|inactive|amaryllisvgc has 15 seconds left.
|
|t:|1754975072
|move|p2b: Gholdengo|Protect|p2b: Gholdengo
|-singleturn|p2b: Gholdengo|Protect
|move|p2a: Rillaboom|Grassy Glide|p1b: Torkoal
|-resisted|p1b: Torkoal
|-damage|p1b: Torkoal|50/100
|move|p1b: Torkoal|Heat Wave|p2b: Gholdengo|[spread] p2a
|-activate|p2b: Gholdengo|move: Protect
|-supereffective|p2a: Rillaboom
|-damage|p2a: Rillaboom|0 fnt
|faint|p2a: Rillaboom
|
|-heal|p1b: Torkoal|56/100|[from] Grassy Terrain
|-heal|p2b: Gholdengo|25/100|[from] Grassy Terrain
|-fieldend|move: Trick Room
|upkeep
|turn|11
|c|â˜†MessiahHezekiah|Yeah 100%
|c|â˜†MessiahHezekiah|welp
|c|â˜†amaryllisvgc|Lucky
|c|â˜†amaryllisvgc|But happens
|c|â˜†MessiahHezekiah|Yeah, just came down to the 50-50 unless I miss Heat wave haha
|inactive|MessiahHezekiah has 30 seconds left.
|c|â˜†amaryllisvgc|Gg, looking forward to the next one ðŸ‘Œ
|c|â˜†MessiahHezekiah|Honestly do you have a discord or sumn?
|inactive|MessiahHezekiah has 20 seconds left.
|c|â˜†MessiahHezekiah|gg for sure
|inactive|MessiahHezekiah has 15 seconds left.
|c|â˜†amaryllisvgc|Yeah I do, hang ob
|
|t:|1754975114
|move|p1b: Torkoal|Protect|p1b: Torkoal
|-singleturn|p1b: Torkoal|Protect
|move|p2b: Gholdengo|Shadow Ball|p1b: Torkoal
|-activate|p1b: Torkoal|move: Protect
|
|-heal|p2b: Gholdengo|31/100|[from] Grassy Terrain
|-heal|p1b: Torkoal|63/100|[from] Grassy Terrain
|upkeep
|turn|12
|
|t:|1754975133
|move|p2b: Gholdengo|Shadow Ball|p1b: Torkoal
|-damage|p1b: Torkoal|0 fnt
|faint|p1b: Torkoal
|-damage|p2b: Gholdengo|21/100|[from] item: Life Orb
|
|win|amaryllisvgc
|raw|MessiahHezekiah's rating: 1258 → 1236(-22 for losing)
|raw|amaryllisvgc's rating: 1306 → 1323(+17 for winning)
|c|â˜†amaryllisvgc|joe_gambit
|c|â˜†amaryllisvgc|Feel free to add me, we can practice some match ups or something sometime
|c|â˜†MessiahHezekiah|Hell yeah
|c|â˜†MessiahHezekiah|Im gonna pop us as The Colonel
|c|â˜†amaryllisvgc|Alright cool, I'll talk to you later ðŸ‘Œ
