|j|☆mazelu01
|j|☆TheThunderstorm
|html|mazelu01TheThunderstorm    
|uhtml|bestof|Game 3 of a best-of-3
|t:|1786199022
|gametype|doubles
|player|p1|mazelu01|102|1106
|player|p2|TheThunderstorm|102|1168
|gen|9
|tier|[Gen 9 Champions] VGC 2026 Reg M-B (Bo3)
|rated|
|rule|Species Clause: Limit one of each Pokémon
|rule|Item Clause: Limit 1 of each item
|clearpoke
|poke|p1|Staraptor, L50, F|
|poke|p1|Delphox, L50, F|
|poke|p1|Whimsicott, L50, F|
|poke|p1|Glimmora, L50, F|
|poke|p1|Garchomp, L50, M|
|poke|p1|Kingambit, L50, M|
|poke|p2|Raichu, L50, F|
|poke|p2|Staraptor, L50, F|
|poke|p2|Arcanine-Hisui, L50, M|
|poke|p2|Farigiraf, L50, M|
|poke|p2|Sylveon, L50, F|
|poke|p2|Kingambit, L50, M|
|teampreview|4
|showteam|p1|Staraptor||Staraptite|Intimidate|BraveBird,CloseCombat,Roost,Protect|Jolly||F|||50|]Delphox||Delphoxite|Blaze|HeatWave,Psychic,Encore,Protect|Timid||F|||50|]Whimsicott||OccaBerry|Prankster|Moonblast,Tailwind,Charm,LightScreen|Timid||F|||50|]Glimmora||FocusSash|ToxicDebris|PowerGem,SludgeBomb,EarthPower,SpikyShield|Timid||F|||50|]Garchomp||LifeOrb|RoughSkin|DragonClaw,Earthquake,RockSlide,Protect|Jolly||M|||50|]Kingambit||ChopleBerry|Defiant|KowtowCleave,IronHead,SuckerPunch,LowKick|Adamant||M|||50|
|showteam|p2|Raichu||RaichuniteY|LightningRod|ZapCannon,FocusBlast,FakeOut,Protect|Timid||F|||50|]Staraptor||Staraptite|Intimidate|CloseCombat,DualWingbeat,Tailwind,Protect|Jolly||F|||50|]Arcanine-Hisui||FocusSash|RockHead|FlareBlitz,HeadSmash,ExtremeSpeed,Protect|Jolly||M|||50|]Farigiraf||SitrusBerry|ArmorTail|Psychic,HelpingHand,TrickRoom,Protect|Calm||M|||50|]Sylveon||FairyFeather|Pixilate|HyperVoice,QuickAttack,HyperBeam,Detect|Modest||F|||50|]Kingambit||LifeOrb|Defiant|KowtowCleave,SuckerPunch,SwordsDance,Protect|Adamant||M|||50|
|inactive|Battle timer is ON: inactive players will automatically lose when time's up. (requested by mazelu01)
|inactive|mazelu01 has 60 seconds left.
|inactive|TheThunderstorm has 60 seconds left.
|inactive|mazelu01 has 30 seconds left.
|inactive|mazelu01 has 20 seconds left.
|
|t:|1786199106
|teamsize|p1|4
|teamsize|p2|4
|start
|switch|p1a: Kingambit|Kingambit, L50, M|100/100
|switch|p1b: Delphox|Delphox, L50, F|100/100
|switch|p2a: Staraptor|Staraptor, L50, F|100/100
|switch|p2b: Arcanine|Arcanine-Hisui, L50, M|100/100
|-ability|p2a: Staraptor|Intimidate|boost
|-unboost|p1a: Kingambit|atk|1
|-ability|p1a: Kingambit|Defiant|boost
|-boost|p1a: Kingambit|atk|2
|-unboost|p1b: Delphox|atk|1
|turn|1
|inactive|TheThunderstorm has 30 seconds left.
|
|t:|1786199135
|switch|p1a: Garchomp|Garchomp, L50, M|100/100
|move|p1b: Delphox|Psychic|p2a: Staraptor
|-damage|p2a: Staraptor|38/100
|move|p2a: Staraptor|Tailwind|p2a: Staraptor
|-sidestart|p2: TheThunderstorm|move: Tailwind
|move|p2b: Arcanine|Flare Blitz|p1a: Garchomp
|-resisted|p1a: Garchomp|1
|-damage|p1a: Garchomp|71/100
|-damage|p2b: Arcanine|87/100|[from] ability: Rough Skin|[of] p1a: Garchomp
|
|upkeep
|turn|2
|inactive|TheThunderstorm has 30 seconds left.
|
|t:|1786199167
|detailschange|p2a: Staraptor|Staraptor-Mega, L50, F
|-mega|p2a: Staraptor|Staraptor|Staraptite
|move|p1b: Delphox|Protect|p1b: Delphox
|-singleturn|p1b: Delphox|Protect
|move|p2a: Staraptor|Close Combat|p1a: Garchomp
|-damage|p1a: Garchomp|10/100
|-boost|p2a: Staraptor|def|1
|-boost|p2a: Staraptor|spd|1
|-damage|p2a: Staraptor|26/100|[from] ability: Rough Skin|[of] p1a: Garchomp
|move|p2b: Arcanine|Head Smash|p1a: Garchomp
|-resisted|p1a: Garchomp|1
|-crit|p1a: Garchomp
|-damage|p1a: Garchomp|0 fnt
|-damage|p2b: Arcanine|75/100|[from] ability: Rough Skin|[of] p1a: Garchomp
|faint|p1a: Garchomp
|
|upkeep
|
|t:|1786199187
|switch|p1a: Staraptor|Staraptor, L50, F|100/100
|-ability|p1a: Staraptor|Intimidate|boost
|-boost|p2a: Staraptor|atk|1
|-unboost|p2b: Arcanine|atk|1
|turn|3
|inactive|mazelu01 has 30 seconds left.
|inactive|TheThunderstorm has 30 seconds left.
|inactive|TheThunderstorm has 20 seconds left.
|
|t:|1786199225
|move|p2a: Staraptor|Dual Wingbeat|p1a: Staraptor
|-damage|p1a: Staraptor|55/100
|-damage|p1a: Staraptor|16/100
|-hitcount|p1a: Staraptor|2
|move|p2b: Arcanine|Head Smash|p1b: Delphox
|-supereffective|p1b: Delphox|1
|-damage|p1b: Delphox|0 fnt
|faint|p1b: Delphox
|move|p1a: Staraptor|Brave Bird|p2a: Staraptor
|-supereffective|p2a: Staraptor|1
|-damage|p2a: Staraptor|0 fnt
|faint|p2a: Staraptor
|-damage|p1a: Staraptor|7/100|[from] Recoil
|
|upkeep
|
|t:|1786199237
|switch|p2a: Sylveon|Sylveon, L50, F|100/100
|switch|p1b: Kingambit|Kingambit, L50, M|100/100
|turn|4
|
|t:|1786199251
|move|p1a: Staraptor|Protect|p1a: Staraptor
|-singleturn|p1a: Staraptor|Protect
|move|p2b: Arcanine|Extreme Speed|p1a: Staraptor
|-activate|p1a: Staraptor|move: Protect
|move|p2a: Sylveon|Hyper Beam|p1b: Kingambit
|-damage|p1b: Kingambit|0 fnt
|-mustrecharge|p2a: Sylveon
|faint|p1b: Kingambit
|
|-sideend|p2: TheThunderstorm|move: Tailwind
|upkeep
|turn|5
|
|t:|1786199264
|detailschange|p1a: Staraptor|Staraptor-Mega, L50, F
|-mega|p1a: Staraptor|Staraptor|Staraptite
|move|p2b: Arcanine|Extreme Speed|p1a: Staraptor
|-damage|p1a: Staraptor|0 fnt
|faint|p1a: Staraptor
|
|win|TheThunderstorm
|raw|mazelu01's rating: 1106 → 1085(-21 for losing)
|raw|TheThunderstorm's rating: 1168 → 1189(+21 for winning)
|l|☆mazelu01
|player|p1|
