|j|☆yellow juice
|j|☆freshveggies2
|html|yellow juicefreshveggies2    
|uhtml|bestof|Game 2 of a best-of-3
|t:|1756251516
|gametype|doubles
|player|p1|yellow juice|baker|
|player|p2|freshveggies2|169|
|gen|9
|tier|[Gen 9] VGC 2025 Reg H (Bo3)
|rule|Tera Type Preview: Tera Types are shown at Team Preview
|rule|Species Clause: Limit one of each Pokémon
|rule|Item Clause: Limit 1 of each item
|raw|2 custom rules: Tera Type Preview, !Force Open Team Sheets
|clearpoke
|poke|p1|Gholdengo, L50|
|poke|p1|Amoonguss, L50, M|
|poke|p1|Murkrow, L50, F|
|poke|p1|Gothitelle, L50, M|
|poke|p1|Rhyperior, L50, M|
|poke|p1|Cinderace, L50, F|
|poke|p2|Meowscarada, L50, M|
|poke|p2|Infernape, L50, F|
|poke|p2|Dondozo, L50, F|
|poke|p2|Glimmora, L50, M|
|poke|p2|Skiploom, L50, M|
|poke|p2|Tatsugiri, L50, M|
|raw|yellow juice's Tera Types: /  /  /  /  / 
|raw|freshveggies2's Tera Types: /  /  /  /  / 
|teampreview|4
|j| sussygon
|j| Criee
|j| zuiyyy
|j| hunterdrago
|j| Harridino
|j| cuethequeue
|inactive|Battle timer is ON: inactive players will automatically lose when time's up. (requested by yellow juice)
|c|☆yellow juice|oh shit
|
|t:|1756251617
|teamsize|p1|4
|teamsize|p2|4
|start
|switch|p1a: Cinderace|Cinderace, L50, F|100/100
|switch|p1b: Murkrow|Murkrow, L50, F|100/100
|switch|p2a: Tatsugiri|Tatsugiri, L50, M|100/100
|switch|p2b: Infernape|Infernape, L50, F|100/100
|turn|1
|inactive|yellow juice has 30 seconds left.
|inactive|freshveggies2 has 30 seconds left.
|
|t:|1756251651
|switch|p1b: Rhyperior|Rhyperior, L50, M|100/100
|move|p1a: Cinderace|Protect|p1a: Cinderace
|-start|p1a: Cinderace|typechange|Normal|[from] ability: Libero
|-singleturn|p1a: Cinderace|Protect
|move|p2b: Infernape|Overheat|p1b: Rhyperior
|-resisted|p1b: Rhyperior
|-damage|p1b: Rhyperior|66/100
|-unboost|p2b: Infernape|spa|2
|-enditem|p2b: Infernape|Eject Pack
|
|t:|1756251669
|switch|p2b: Meowscarada|Meowscarada, L50, M|100/100
|move|p2a: Tatsugiri|Draco Meteor|p1b: Rhyperior
|-damage|p1b: Rhyperior|0 fnt
|-unboost|p2a: Tatsugiri|spa|2
|faint|p1b: Rhyperior
|-damage|p2a: Tatsugiri|91/100|[from] item: Life Orb
|
|upkeep
|
|t:|1756251690
|switch|p1b: Murkrow|Murkrow, L50, F|100/100
|turn|2
|
|t:|1756251706
|switch|p2a: Dondozo|Dondozo, L50, F|100/100
|move|p2b: Meowscarada|Sucker Punch|p1a: Cinderace
|-start|p2b: Meowscarada|typechange|Dark|[from] ability: Protean
|-damage|p1a: Cinderace|26/100
|move|p1b: Murkrow|Tailwind|p1b: Murkrow
|-sidestart|p1: yellow juice|move: Tailwind
|move|p1a: Cinderace|U-turn|p2b: Meowscarada
|-supereffective|p2b: Meowscarada
|-damage|p2b: Meowscarada|29/100
|
|t:|1756251718
|switch|p1a: Gholdengo|Gholdengo, L50|100/100|[from] U-turn
|
|upkeep
|turn|3
|inactive|yellow juice has 30 seconds left.
|inactive|freshveggies2 has 30 seconds left.
|inactive|freshveggies2 has 20 seconds left.
|
|t:|1756251754
|-terastallize|p1a: Gholdengo|Dragon
|move|p2b: Meowscarada|Sucker Punch|p1a: Gholdengo
|-damage|p1a: Gholdengo|49/100
|move|p1a: Gholdengo|Make It Rain|p2a: Dondozo|[spread] p2a,p2b
|-resisted|p2a: Dondozo
|-damage|p2a: Dondozo|81/100
|-damage|p2b: Meowscarada|0 fnt
|-unboost|p1a: Gholdengo|spa|1
|faint|p2b: Meowscarada
|move|p1b: Murkrow|Foul Play|p2a: Dondozo
|-damage|p2a: Dondozo|51/100
|move|p2a: Dondozo|Yawn|p1b: Murkrow
|-start|p1b: Murkrow|move: Yawn|[of] p2a: Dondozo
|
|-heal|p1a: Gholdengo|55/100|[from] item: Leftovers
|-heal|p2a: Dondozo|57/100|[from] item: Leftovers
|upkeep
|
|t:|1756251766
|switch|p2b: Infernape|Infernape, L50, F|100/100
|turn|4
|inactive|yellow juice has 30 seconds left.
|inactive|freshveggies2 has 30 seconds left.
|inactive|freshveggies2 has 20 seconds left.
|inactive|freshveggies2 has 15 seconds left.
|inactive|freshveggies2 has 10 seconds left.
|inactive|freshveggies2 has 5 seconds left.
|
|t:|1756251816
|move|p1b: Murkrow|Haze|p1b: Murkrow
|-clearallboost
|move|p1a: Gholdengo|Make It Rain|p2a: Dondozo|[spread] p2a,p2b
|-resisted|p2a: Dondozo
|-resisted|p2b: Infernape
|-damage|p2a: Dondozo|37/100
|-damage|p2b: Infernape|69/100
|-unboost|p1a: Gholdengo|spa|1
|move|p2b: Infernape|Overheat|p1a: Gholdengo
|-resisted|p1a: Gholdengo
|-crit|p1a: Gholdengo
|-damage|p1a: Gholdengo|3/100
|-unboost|p2b: Infernape|spa|2
|move|p2a: Dondozo|Wave Crash|p1b: Murkrow
|-damage|p1b: Murkrow|32/100
|-damage|p2a: Dondozo|20/100|[from] Recoil
|
|-heal|p1a: Gholdengo|9/100|[from] item: Leftovers
|-heal|p2a: Dondozo|26/100|[from] item: Leftovers
|-end|p1b: Murkrow|move: Yawn|[silent]
|-status|p1b: Murkrow|slp
|upkeep
|turn|5
|inactive|yellow juice has 30 seconds left.
|inactive|freshveggies2 has 30 seconds left.
|inactive|freshveggies2 has 20 seconds left.
|
|t:|1756251852
|switch|p2b: Tatsugiri|Tatsugiri, L50, M|91/100
|-activate|p2b: Tatsugiri|ability: Commander|[of] p2a: Dondozo
|-boost|p2a: Dondozo|atk|2
|-boost|p2a: Dondozo|spa|2
|-boost|p2a: Dondozo|spe|2
|-boost|p2a: Dondozo|def|2
|-boost|p2a: Dondozo|spd|2
|cant|p1b: Murkrow|slp
|move|p1a: Gholdengo|Shadow Ball|p2a: Dondozo
|-damage|p2a: Dondozo|6/100
|-unboost|p2a: Dondozo|spd|1
|move|p2a: Dondozo|Earthquake|p1b: Murkrow|[spread] p1a
|-miss|p2a: Dondozo|p2b: Tatsugiri
|-immune|p1b: Murkrow
|-damage|p1a: Gholdengo|0 fnt
|faint|p1a: Gholdengo
|
|-heal|p2a: Dondozo|12/100|[from] item: Leftovers
|-sideend|p1: yellow juice|move: Tailwind
|upkeep
|
|t:|1756251857
|switch|p1a: Cinderace|Cinderace, L50, F|26/100
|turn|6
|
|t:|1756251875
|-curestatus|p1b: Murkrow|slp|[msg]
|move|p1b: Murkrow|Haze|p1b: Murkrow
|-clearallboost
|move|p1a: Cinderace|Pyro Ball|p2a: Dondozo
|-resisted|p2a: Dondozo
|-damage|p2a: Dondozo|0 fnt
|faint|p2a: Dondozo
|
|upkeep
|
|t:|1756251881
|switch|p2a: Infernape|Infernape, L50, F|69/100
|turn|7
|inactive|freshveggies2 has 30 seconds left.
|inactive|yellow juice has 30 seconds left.
|
|t:|1756251915
|move|p2a: Infernape|Fake Out|p1b: Murkrow
|-damage|p1b: Murkrow|21/100
|move|p1a: Cinderace|Pyro Ball|p2a: Infernape
|-resisted|p2a: Infernape
|-damage|p2a: Infernape|25/100
|move|p2b: Tatsugiri|Draco Meteor|p1a: Cinderace
|-damage|p1a: Cinderace|0 fnt
|-unboost|p2b: Tatsugiri|spa|2
|faint|p1a: Cinderace
|-damage|p2b: Tatsugiri|81/100|[from] item: Life Orb
|cant|p1b: Murkrow|flinch
|
|upkeep
|turn|8
|c|☆yellow juice|ggs
|c|☆freshveggies2|gg
|
|t:|1756251929
|move|p2a: Infernape|Overheat|p1b: Murkrow
|-damage|p1b: Murkrow|0 fnt
|-unboost|p2a: Infernape|spa|2
|faint|p1b: Murkrow
|
|win|freshveggies2
|l| cuethequeue
|l|☆yellow juice
|player|p1|
