|j|‽vxrdant
|j|☆jeanryupr
|html|vxrdantjeanryupr    
|uhtml|bestof|Game 3 of a best-of-3
|t:|1785878240
|gametype|doubles
|player|p1|vxrdant|karen|1237
|player|p2|jeanryupr|169|1163
|gen|9
|tier|[Gen 9 Champions] VGC 2026 Reg M-B (Bo3)
|rated|
|rule|Species Clause: Limit one of each Pokémon
|rule|Item Clause: Limit 1 of each item
|clearpoke
|poke|p1|Kingambit, L50, M, shiny|
|poke|p1|Ninetales-Alola, L50, F, shiny|
|poke|p1|Incineroar, L50, F|
|poke|p1|Dragonite, L50, M|
|poke|p1|Sneasler, L50, M|
|poke|p1|Gengar, L50, F|
|poke|p2|Charizard, L50, F|
|poke|p2|Whimsicott, L50, F|
|poke|p2|Floette-Eternal, L50, F|
|poke|p2|Basculegion, L50, M|
|poke|p2|Garchomp, L50, M|
|poke|p2|Kingambit, L50, M, shiny|
|teampreview|4
|showteam|p1|Kingambit||BlackGlasses|Defiant|KowtowCleave,SuckerPunch,LowKick,Protect|Adamant||M|||50|]Ninetales-Alola||ChoiceScarf|SnowWarning|Blizzard,FreezeDry,IcyWind,Encore|Timid||F|||50|]Incineroar||SitrusBerry|Intimidate|FlareBlitz,ThroatChop,FakeOut,PartingShot|Impish||F|||50|]Dragonite||LifeOrb|InnerFocus|DragonClaw,Superpower,ExtremeSpeed,Protect|Adamant||M|||50|]Sneasler||FocusSash|Unburden|DireClaw,CloseCombat,FakeOut,Protect|Adamant||M|||50|]Gengar||Gengarite|CursedBody|SludgeBomb,ShadowBall,Substitute,Protect|Modest||F|||50|
|showteam|p2|Charizard||CharizarditeY|Blaze|HeatWave,SolarBeam,WeatherBall,Protect|Modest||F|||50|]Whimsicott||FocusSash|Prankster|Moonblast,Encore,Tailwind,Protect|Timid||F|||50|]Floette-Eternal||Floettite|FlowerVeil|Moonblast,DazzlingGleam,LightofRuin,Protect|Modest||F|||50|]Basculegion||MysticWater|Adaptability|WaveCrash,AquaJet,LastRespects,Protect|Adamant||M|||50|]Garchomp||LifeOrb|RoughSkin|DragonClaw,Earthquake,RockSlide,Protect|Jolly||M|||50|]Kingambit||OccaBerry|Defiant|KowtowCleave,SuckerPunch,IronHead,Protect|Adamant||M|||50|
|inactive|Battle timer is ON: inactive players will automatically lose when time's up. (requested by vxrdant)
|
|t:|1785878262
|teamsize|p1|4
|teamsize|p2|4
|start
|switch|p1a: Sneasler|Sneasler, L50, M|100/100
|switch|p1b: Gengar|Gengar, L50, F|100/100
|switch|p2a: Whimsicott|Whimsicott, L50, F|100/100
|switch|p2b: Kingambit|Kingambit, L50, M, shiny|100/100
|turn|1
|inactive|vxrdant has 30 seconds left.
|
|t:|1785878287
|switch|p2b: Basculegion|Basculegion, L50, M|100/100
|detailschange|p1b: Gengar|Gengar-Mega, L50, F
|-mega|p1b: Gengar|Gengar|Gengarite
|move|p2a: Whimsicott|Tailwind|p2a: Whimsicott
|-sidestart|p2: jeanryupr|move: Tailwind
|move|p1b: Gengar|Substitute|p1b: Gengar
|-start|p1b: Gengar|Substitute
|-damage|p1b: Gengar|75/100
|move|p1a: Sneasler|Close Combat|p2b: Basculegion
|-immune|p2b: Basculegion
|
|upkeep
|turn|2
|inactive|vxrdant has 30 seconds left.
|inactive|jeanryupr has 30 seconds left.
|
|t:|1785878318
|switch|p1a: Incineroar|Incineroar, L50, F|100/100
|-ability|p1a: Incineroar|Intimidate|boost
|-unboost|p2a: Whimsicott|atk|1
|-unboost|p2b: Basculegion|atk|1
|move|p1b: Gengar|Protect|p1b: Gengar
|-singleturn|p1b: Gengar|Protect
|move|p2a: Whimsicott|Encore|p1b: Gengar
|-activate|p1b: Gengar|move: Protect
|move|p2b: Basculegion|Last Respects|p1b: Gengar
|-activate|p1b: Gengar|move: Protect
|
|upkeep
|turn|3
|
|t:|1785878333
|move|p1a: Incineroar|Fake Out|p2a: Whimsicott
|-damage|p2a: Whimsicott|85/100
|cant|p2a: Whimsicott|flinch
|move|p2b: Basculegion|Wave Crash|p1a: Incineroar
|-supereffective|p1a: Incineroar|1
|-damage|p1a: Incineroar|12/100
|-enditem|p1a: Incineroar|Sitrus Berry|[eat]
|-heal|p1a: Incineroar|37/100|[from] item: Sitrus Berry
|-damage|p2b: Basculegion|71/100|[from] Recoil
|move|p1b: Gengar|Shadow Ball|p2b: Basculegion
|-supereffective|p2b: Basculegion|1
|-damage|p2b: Basculegion|0 fnt
|faint|p2b: Basculegion
|
|upkeep
|
|t:|1785878343
|switch|p2b: Charizard|Charizard, L50, F|100/100
|turn|4
|
|t:|1785878356
|detailschange|p2b: Charizard|Charizard-Mega-Y, L50, F
|-mega|p2b: Charizard|Charizard|Charizardite Y
|-weather|SunnyDay|[from] ability: Drought|[of] p2b: Charizard
|move|p2a: Whimsicott|Encore|p1b: Gengar
|-start|p1b: Gengar|Encore
|move|p2b: Charizard|Weather Ball|p1a: Incineroar
|-resisted|p1a: Incineroar|1
|-damage|p1a: Incineroar|0 fnt
|faint|p1a: Incineroar
|move|p1b: Gengar|Shadow Ball|p2b: Charizard
|-damage|p2b: Charizard|56/100
|
|-weather|SunnyDay|[upkeep]
|-sideend|p2: jeanryupr|move: Tailwind
|upkeep
|
|t:|1785878371
|switch|p1a: Ninetales|Ninetales-Alola, L50, F, shiny|100/100
|-weather|Snowscape|[from] ability: Snow Warning|[of] p1a: Ninetales
|turn|5
|
|t:|1785878383
|move|p2b: Charizard|Protect|p2b: Charizard
|-singleturn|p2b: Charizard|Protect
|move|p2a: Whimsicott|Tailwind|p2a: Whimsicott
|-sidestart|p2: jeanryupr|move: Tailwind
|move|p1a: Ninetales|Blizzard|p2a: Whimsicott|[spread] p2a
|-activate|p2b: Charizard|move: Protect
|-supereffective|p2a: Whimsicott|1
|-damage|p2a: Whimsicott|0 fnt
|faint|p2a: Whimsicott
|move|p1b: Gengar|Shadow Ball|p2b: Charizard
|-activate|p2b: Charizard|move: Protect
|
|-weather|Snowscape|[upkeep]
|upkeep
|
|t:|1785878394
|switch|p2a: Kingambit|Kingambit, L50, M, shiny|100/100
|turn|6
|
|t:|1785878406
|move|p1a: Ninetales|Blizzard|p2b: Charizard|[spread] p2a,p2b
|-resisted|p2a: Kingambit|1
|-damage|p2a: Kingambit|86/100
|-damage|p2b: Charizard|30/100
|-status|p2a: Kingambit|frz
|move|p2b: Charizard|Heat Wave|p1b: Gengar|[spread] p1a,p1b
|-end|p1b: Gengar|Substitute
|-supereffective|p1a: Ninetales|1
|-damage|p1a: Ninetales|9/100
|move|p1b: Gengar|Shadow Ball|p2b: Charizard
|-crit|p2b: Charizard
|-damage|p2b: Charizard|0 fnt
|faint|p2b: Charizard
|-curestatus|p2a: Kingambit|frz|[msg]
|move|p2a: Kingambit|Iron Head|p1a: Ninetales
|-supereffective|p1a: Ninetales|2
|-damage|p1a: Ninetales|0 fnt
|faint|p1a: Ninetales
|
|-weather|Snowscape|[upkeep]
|-end|p1b: Gengar|Encore
|upkeep
|
|t:|1785878416
|switch|p1a: Sneasler|Sneasler, L50, M|100/100
|turn|7
|
|t:|1785878422
|move|p2a: Kingambit|Protect|p2a: Kingambit
|-singleturn|p2a: Kingambit|Protect
|move|p1a: Sneasler|Fake Out|p2a: Kingambit
|-activate|p2a: Kingambit|move: Protect
|move|p1b: Gengar|Substitute|p1b: Gengar
|-start|p1b: Gengar|Substitute
|-damage|p1b: Gengar|50/100g
|
|-weather|Snowscape|[upkeep]
|upkeep
|turn|8
|
|t:|1785878426
|move|p1b: Gengar|Shadow Ball|p2a: Kingambit
|-resisted|p2a: Kingambit|1
|-damage|p2a: Kingambit|63/100
|move|p1a: Sneasler|Close Combat|p2a: Kingambit
|-supereffective|p2a: Kingambit|2
|-damage|p2a: Kingambit|0 fnt
|-unboost|p1a: Sneasler|def|1
|-unboost|p1a: Sneasler|spd|1
|faint|p2a: Kingambit
|
|win|vxrdant
