|j|☆wait for swarley
|j|☆Astonished25
|html|wait for swarleyAstonished25    
|uhtml|bestof|Game 1 of a best-of-3
|t:|1757636893
|gametype|doubles
|player|p1|wait for swarley|volo|1311
|player|p2|Astonished25|265|1280
|gen|9
|tier|[Gen 9] VGC 2025 Reg H (Bo3)
|rated|
|rule|Species Clause: Limit one of each Pokémon
|rule|Item Clause: Limit 1 of each item
|clearpoke
|poke|p1|Dachsbun, L50, M|
|poke|p1|Torkoal, L50, M|
|poke|p1|Typhlosion-Hisui, L50, F|
|poke|p1|Kingambit, L50, F|
|poke|p1|Rillaboom, L50, M|
|poke|p1|Zoroark-Hisui, L50, M|
|poke|p2|Gholdengo, L50|
|poke|p2|Magmar, L50, M|
|poke|p2|Dragonite, L50, M|
|poke|p2|Rillaboom, L50, M|
|poke|p2|Annihilape, L50, M|
|poke|p2|Sneasler, L50, M|
|teampreview|4
|showteam|p1|Dachsbun||Leftovers|WellBakedBody|BodyPress,Snarl,Rest,Yawn|||M|||50|,,,,,Steel]Torkoal||SitrusBerry|Drought|WeatherBall,Eruption,LavaPlume,Protect|||M|||50|,,,,,Fire]Typhlosion-Hisui||ChoiceScarf|Blaze|Eruption,ShadowBall,LavaPlume,Overheat|||F|||50|,,,,,Dark]Kingambit||BlackGlasses|Defiant|SuckerPunch,Assurance,Protect,SwordsDance|||F|||50|,,,,,Dark]Rillaboom||AssaultVest|GrassySurge|FakeOut,GrassyGlide,WoodHammer,Uturn|||M|||50|,,,,,Grass]Zoroark-Hisui||ChoiceSpecs|Illusion|IcyWind,BitterMalice,HyperVoice,HyperBeam|||M|||50|,,,,,Normal
|showteam|p2|Gholdengo||LifeOrb|GoodasGold|Protect,NastyPlot,MakeItRain,ShadowBall||||||50|,,,,,Water]Magmar||Eviolite|VitalSpirit|Taunt,WillOWisp,FollowMe,BurningJealousy|||M|||50|,,,,,Ghost]Dragonite||LoadedDice|Multiscale|Protect,Haze,Tailwind,ScaleShot|||M|||50|,,,,,Fairy]Rillaboom||AssaultVest|GrassySurge|FakeOut,GrassyGlide,WoodHammer,HighHorsepower|||M|||50|,,,,,Fire]Annihilape||SafetyGoggles|Defiant|Protect,BulkUp,RageFist,DrainPunch|||M|||50|,,,,,Steel]Sneasler||GrassySeed|Unburden|CloseCombat,Coaching,DireClaw,Protect|||M|||50|,,,,,Stellar
|inactive|Battle timer is ON: inactive players will automatically lose when time's up. (requested by Astonished25)
|
|t:|1757636916
|teamsize|p1|4
|teamsize|p2|4
|start
|switch|p1a: Typhlosion|Typhlosion-Hisui, L50, F|100/100
|switch|p1b: Rillaboom|Rillaboom, L50, M, shiny|100/100
|switch|p2a: Rillaboom|Rillaboom, L50, M|100/100
|switch|p2b: Sneasler|Sneasler, L50, M|100/100
|-fieldstart|move: Grassy Terrain|[from] ability: Grassy Surge|[of] p2a: Rillaboom
|-enditem|p2b: Sneasler|Grassy Seed
|-boost|p2b: Sneasler|def|1|[from] item: Grassy Seed
|turn|1
|
|t:|1757636934
|switch|p1b: Dachsbun|Dachsbun, L50, M, shiny|100/100
|-terastallize|p2a: Rillaboom|Fire
|move|p2b: Sneasler|Protect|p2b: Sneasler
|-singleturn|p2b: Sneasler|Protect
|move|p1a: Typhlosion|Lava Plume|p2b: Sneasler|[spread] p2a
|-activate|p2b: Sneasler|move: Protect
|-ability|p1b: Dachsbun|Well-Baked Body|boost
|-boost|p1b: Dachsbun|def|2
|-resisted|p2a: Rillaboom
|-damage|p2a: Rillaboom|88/100
|move|p2a: Rillaboom|High Horsepower|p1a: Typhlosion
|-supereffective|p1a: Typhlosion
|-damage|p1a: Typhlosion|6/100
|
|-heal|p1a: Typhlosion|12/100|[from] Grassy Terrain
|-heal|p2a: Rillaboom|94/100|[from] Grassy Terrain
|upkeep
|turn|2
|inactive|wait for swarley has 30 seconds left.
|
|t:|1757636960
|switch|p1a: Torkoal|Torkoal, L50, M|100/100
|-weather|SunnyDay|[from] ability: Drought|[of] p1a: Torkoal
|move|p2a: Rillaboom|Grassy Glide|p1a: Torkoal
|-resisted|p1a: Torkoal
|-damage|p1a: Torkoal|86/100
|move|p2b: Sneasler|Coaching|p2a: Rillaboom
|-boost|p2a: Rillaboom|atk|1
|-boost|p2a: Rillaboom|def|1
|move|p1b: Dachsbun|Yawn|p2b: Sneasler
|-start|p2b: Sneasler|move: Yawn|[of] p1b: Dachsbun
|
|-weather|SunnyDay|[upkeep]
|-heal|p2a: Rillaboom|100/100|[from] Grassy Terrain
|-heal|p1a: Torkoal|93/100|[from] Grassy Terrain
|upkeep
|turn|3
|
|t:|1757636977
|move|p2b: Sneasler|Dire Claw|p1b: Dachsbun
|-supereffective|p1b: Dachsbun
|-damage|p1b: Dachsbun|69/100
|-status|p1b: Dachsbun|par
|move|p2a: Rillaboom|High Horsepower|p1a: Torkoal
|-supereffective|p1a: Torkoal
|-damage|p1a: Torkoal|13/100
|-enditem|p1a: Torkoal|Sitrus Berry|[eat]
|-heal|p1a: Torkoal|38/100|[from] item: Sitrus Berry
|move|p1b: Dachsbun|Yawn|p2a: Rillaboom
|-start|p2a: Rillaboom|move: Yawn|[of] p1b: Dachsbun
|move|p1a: Torkoal|Lava Plume|p2a: Rillaboom|[spread] p2a,p2b
|-ability|p1b: Dachsbun|Well-Baked Body|boost
|-boost|p1b: Dachsbun|def|2
|-resisted|p2a: Rillaboom
|-damage|p2a: Rillaboom|85/100
|-damage|p2b: Sneasler|47/100
|-status|p2b: Sneasler|brn
|
|-weather|SunnyDay|[upkeep]
|-heal|p2b: Sneasler|54/100 brn|[from] Grassy Terrain
|-heal|p2a: Rillaboom|91/100|[from] Grassy Terrain
|-heal|p1b: Dachsbun|75/100 par|[from] Grassy Terrain
|-heal|p1b: Dachsbun|82/100 par|[from] item: Leftovers
|-heal|p1a: Torkoal|45/100|[from] Grassy Terrain
|-damage|p2b: Sneasler|47/100 brn|[from] brn
|-end|p2b: Sneasler|move: Yawn|[silent]
|upkeep
|turn|4
|
|t:|1757637006
|switch|p2a: Dragonite|Dragonite, L50, M|100/100
|move|p1a: Torkoal|Protect|p1a: Torkoal
|-singleturn|p1a: Torkoal|Protect
|move|p2b: Sneasler|Coaching|p2a: Dragonite
|-boost|p2a: Dragonite|atk|1
|-boost|p2a: Dragonite|def|1
|cant|p1b: Dachsbun|par
|
|-weather|SunnyDay|[upkeep]
|-heal|p2b: Sneasler|54/100 brn|[from] Grassy Terrain
|-heal|p1b: Dachsbun|88/100 par|[from] Grassy Terrain
|-heal|p1b: Dachsbun|94/100 par|[from] item: Leftovers
|-heal|p1a: Torkoal|51/100|[from] Grassy Terrain
|-damage|p2b: Sneasler|47/100 brn|[from] brn
|upkeep
|turn|5
|
|t:|1757637024
|switch|p2b: Magmar|Magmar, L50, M|100/100
|move|p2a: Dragonite|Protect|p2a: Dragonite
|-singleturn|p2a: Dragonite|Protect
|move|p1b: Dachsbun|Yawn|p2a: Dragonite
|-activate|p2a: Dragonite|move: Protect
|move|p1a: Torkoal|Lava Plume|p2b: Magmar|[spread] p2b
|-activate|p2a: Dragonite|move: Protect
|-ability|p1b: Dachsbun|Well-Baked Body|boost
|-boost|p1b: Dachsbun|def|2
|-resisted|p2b: Magmar
|-damage|p2b: Magmar|87/100
|
|-weather|SunnyDay|[upkeep]
|-heal|p2b: Magmar|93/100|[from] Grassy Terrain
|-heal|p1b: Dachsbun|100/100 par|[from] Grassy Terrain
|-heal|p1a: Torkoal|57/100|[from] Grassy Terrain
|-fieldend|move: Grassy Terrain
|upkeep
|turn|6
|
|t:|1757637039
|-terastallize|p1a: Torkoal|Fire
|move|p2b: Magmar|Follow Me|p2b: Magmar
|-singleturn|p2b: Magmar|move: Follow Me
|move|p2a: Dragonite|Scale Shot|p1a: Torkoal
|-damage|p1a: Torkoal|41/100
|-damage|p1a: Torkoal|26/100
|-damage|p1a: Torkoal|10/100
|-damage|p1a: Torkoal|0 fnt
|faint|p1a: Torkoal
|-hitcount|p1: Torkoal|4
|-unboost|p2a: Dragonite|def|1
|-boost|p2a: Dragonite|spe|1
|move|p1b: Dachsbun|Body Press|p2b: Magmar
|-damage|p2b: Magmar|8/100
|
|-weather|none
|upkeep
|
|t:|1757637060
|switch|p1a: Rillaboom|Rillaboom, L50, M, shiny|100/100
|-fieldstart|move: Grassy Terrain|[from] ability: Grassy Surge|[of] p1a: Rillaboom
|turn|7
|
|t:|1757637067
|move|p2a: Dragonite|Protect|p2a: Dragonite
|-singleturn|p2a: Dragonite|Protect
|move|p1a: Rillaboom|Grassy Glide|p2b: Magmar
|-resisted|p2b: Magmar
|-damage|p2b: Magmar|0 fnt
|faint|p2b: Magmar
|move|p1b: Dachsbun|Yawn|p2a: Dragonite
|-activate|p2a: Dragonite|move: Protect
|
|upkeep
|
|t:|1757637080
|switch|p2b: Rillaboom|Rillaboom, L50, M, tera:Fire|91/100
|turn|8
|
|t:|1757637085
|switch|p1a: Typhlosion|Typhlosion-Hisui, L50, F|12/100
|move|p2b: Rillaboom|Fake Out|p1b: Dachsbun
|-damage|p1b: Dachsbun|97/100 par
|move|p2a: Dragonite|Scale Shot|p1a: Typhlosion
|-damage|p1a: Typhlosion|0 fnt
|faint|p1a: Typhlosion
|-hitcount|p1: Typhlosion|1
|-unboost|p2a: Dragonite|def|1
|-boost|p2a: Dragonite|spe|1
|cant|p1b: Dachsbun|flinch
|
|-heal|p2b: Rillaboom|97/100|[from] Grassy Terrain
|-heal|p1b: Dachsbun|100/100 par|[from] Grassy Terrain
|upkeep
|
|t:|1757637092
|switch|p1a: Rillaboom|Rillaboom, L50, M, shiny|100/100
|turn|9
|
|t:|1757637101
|switch|p2b: Sneasler|Sneasler, L50, M|47/100 brn
|move|p2a: Dragonite|Protect|p2a: Dragonite
|-singleturn|p2a: Dragonite|Protect
|move|p1a: Rillaboom|Wood Hammer|p2b: Sneasler
|-resisted|p2b: Sneasler
|-damage|p2b: Sneasler|0 fnt
|faint|p2b: Sneasler
|-damage|p1a: Rillaboom|88/100|[from] Recoil
|move|p1b: Dachsbun|Body Press|p2a: Dragonite
|-activate|p2a: Dragonite|move: Protect
|
|-heal|p1a: Rillaboom|94/100|[from] Grassy Terrain
|upkeep
|
|t:|1757637107
|switch|p2b: Rillaboom|Rillaboom, L50, M, tera:Fire|97/100
|turn|10
|
|t:|1757637120
|move|p2b: Rillaboom|Fake Out|p1b: Dachsbun
|-damage|p1b: Dachsbun|97/100 par
|move|p2a: Dragonite|Scale Shot|p1a: Rillaboom
|-damage|p1a: Rillaboom|75/100
|-damage|p1a: Rillaboom|57/100
|-damage|p1a: Rillaboom|39/100
|-damage|p1a: Rillaboom|22/100
|-damage|p1a: Rillaboom|4/100
|-hitcount|p1a: Rillaboom|5
|-unboost|p2a: Dragonite|def|1
|-boost|p2a: Dragonite|spe|1
|move|p1a: Rillaboom|Wood Hammer|p2a: Dragonite
|-resisted|p2a: Dragonite
|-damage|p2a: Dragonite|79/100
|-damage|p1a: Rillaboom|0 fnt|[from] Recoil
|faint|p1a: Rillaboom
|cant|p1b: Dachsbun|flinch
|
|-heal|p2b: Rillaboom|100/100|[from] Grassy Terrain
|-heal|p1b: Dachsbun|100/100 par|[from] Grassy Terrain
|upkeep
|turn|11
|
|t:|1757637143
|move|p2a: Dragonite|Haze|p2a: Dragonite
|-clearallboost
|move|p2b: Rillaboom|Wood Hammer|p1b: Dachsbun
|-damage|p1b: Dachsbun|44/100 par
|-damage|p2b: Rillaboom|85/100|[from] Recoil
|cant|p1b: Dachsbun|par
|
|-heal|p2b: Rillaboom|91/100|[from] Grassy Terrain
|-heal|p1b: Dachsbun|50/100 par|[from] Grassy Terrain
|-heal|p1b: Dachsbun|56/100 par|[from] item: Leftovers
|-fieldend|move: Grassy Terrain
|upkeep
|turn|12
|
|t:|1757637154
|move|p2a: Dragonite|Tailwind|p2a: Dragonite
|-sidestart|p2: Astonished25|move: Tailwind
|move|p2b: Rillaboom|Wood Hammer|p1b: Dachsbun
|-damage|p1b: Dachsbun|11/100 par
|-damage|p2b: Rillaboom|79/100|[from] Recoil
|cant|p1b: Dachsbun|par
|
|-heal|p1b: Dachsbun|17/100 par|[from] item: Leftovers
|upkeep
|turn|13
|
|t:|1757637161
|move|p2a: Dragonite|Scale Shot|p1b: Dachsbun
|-immune|p1b: Dachsbun
|move|p2b: Rillaboom|Wood Hammer|p1b: Dachsbun
|-damage|p1b: Dachsbun|0 fnt
|faint|p1b: Dachsbun
|-damage|p2b: Rillaboom|74/100|[from] Recoil
|
|win|Astonished25
||Astonished25 is ready for game 2.
||wait for swarley is ready for game 2.
|uhtml|next|Next: Game 2 of 3
