|j|☆mariogang
|j|☆ParroTiest
|html|mariogangParroTiest    
|uhtml|bestof|Game 1 of a best-of-3
|t:|1757823833
|gametype|doubles
|player|p1|mariogang|bugcatcher-gen4dp|1167
|player|p2|ParroTiest|wallace|1178
|gen|9
|tier|[Gen 9] VGC 2025 Reg H (Bo3)
|rated|
|rule|Species Clause: Limit one of each Pokémon
|rule|Item Clause: Limit 1 of each item
|clearpoke
|poke|p1|Indeedee, L50, M|
|poke|p1|Sneasler, L50, F|
|poke|p1|Excadrill, L50, M|
|poke|p1|Magmar, L50, M|
|poke|p1|Tyranitar, L50, M|
|poke|p1|Corviknight, L50, F|
|poke|p2|Grimmsnarl, L50, M|
|poke|p2|Ursaluna-Bloodmoon, L50, M|
|poke|p2|Gholdengo, L50|
|poke|p2|Rillaboom, L50, F|
|poke|p2|Volcarona, L50, M|
|poke|p2|Electabuzz, L50, F|
|teampreview|4
|showteam|p1|Indeedee||ChoiceScarf|PsychicSurge|ExpandingForce,TeraBlast,Trick,Protect|||M|||50|,,,,,Fighting]Sneasler||WhiteHerb|Unburden|FakeOut,CloseCombat,DireClaw,Coaching|||F|||50|,,,,,Flying]Excadrill||FocusSash|SandRush|Earthquake,IronHead,SwordsDance,Protect|||M|||50|,,,,,Ground]Magmar||Eviolite|VitalSpirit|HeatWave,FollowMe,WillOWisp,Protect|||M|||50|,,,,,Flying]Tyranitar||AssaultVest|SandStream|RockSlide,KnockOff,LowKick,TeraBlast|||M|||50|,,,,,Flying]Corviknight||PsychicSeed|MirrorArmor|BraveBird,PowerTrip,BulkUp,Roost|||F|||50|,,,,,Water
|showteam|p2|Grimmsnarl||LightClay|Prankster|Reflect,LightScreen,SpiritBreak,ThunderWave|||M|||50|,,,,,Ghost]Ursaluna-Bloodmoon||LifeOrb|MindsEye|BloodMoon,HyperVoice,EarthPower,Protect|||M|||50|,,,,,Normal]Gholdengo||ChoiceSpecs|GoodasGold|MakeItRain,ShadowBall,PowerGem,Trick||||||50|,,,,,Water]Rillaboom||AssaultVest|GrassySurge|FakeOut,WoodHammer,GrassyGlide,Uturn|||F|||50|,,,,,Fire]Volcarona||Leftovers|FlameBody|QuiverDance,HeatWave,GigaDrain,Protect|||M|||50|,,,,,Grass]Electabuzz||Eviolite|VitalSpirit|Electroweb,FollowMe,Taunt,Protect|||F|||50|,,,,,Ghost
|inactive|Battle timer is ON: inactive players will automatically lose when time's up. (requested by ParroTiest)
|inactive|ParroTiest has 60 seconds left.
|
|t:|1757823885
|teamsize|p1|4
|teamsize|p2|4
|start
|switch|p1a: Excadrill|Excadrill, L50, M|100/100
|switch|p1b: Tyranitar|Tyranitar, L50, M|100/100
|switch|p2a: gremlin|Grimmsnarl, L50, M, shiny|100/100
|switch|p2b: monke|Rillaboom, L50, F|100/100
|-fieldstart|move: Grassy Terrain|[from] ability: Grassy Surge|[of] p2b: monke
|-weather|Sandstorm|[from] ability: Sand Stream|[of] p1b: Tyranitar
|turn|1
|inactive|mariogang has 30 seconds left.
|inactive|ParroTiest has 30 seconds left.
|inactive|ParroTiest has 20 seconds left.
|inactive|ParroTiest has 15 seconds left.
|inactive|ParroTiest has 10 seconds left.
|
|t:|1757823933
|switch|p1b: Magmar|Magmar, L50, M|100/100
|move|p2a: gremlin|Reflect|p2a: gremlin
|-sidestart|p2: ParroTiest|Reflect
|move|p1a: Excadrill|Iron Head|p2a: gremlin
|-supereffective|p2a: gremlin
|-damage|p2a: gremlin|33/100
|move|p2b: monke|U-turn|p1a: Excadrill
|-resisted|p1a: Excadrill
|-damage|p1a: Excadrill|81/100
|
|t:|1757823957
|switch|p2b: instakill button|Ursaluna-Bloodmoon, L50, M|100/100|[from] U-turn
|
|-weather|Sandstorm|[upkeep]
|-damage|p1b: Magmar|95/100|[from] Sandstorm
|-damage|p2a: gremlin|27/100|[from] Sandstorm
|-heal|p1a: Excadrill|87/100|[from] Grassy Terrain
|-heal|p1b: Magmar|100/100|[from] Grassy Terrain
|-heal|p2a: gremlin|33/100|[from] Grassy Terrain
|upkeep
|turn|2
|inactive|ParroTiest has 30 seconds left.
|inactive|ParroTiest has 20 seconds left.
|inactive|ParroTiest has 15 seconds left.
|inactive|ParroTiest has 10 seconds left.
|
|t:|1757824003
|-terastallize|p1b: Magmar|Flying
|-terastallize|p2b: instakill button|Normal
|move|p1b: Magmar|Follow Me|p1b: Magmar
|-singleturn|p1b: Magmar|move: Follow Me
|move|p2a: gremlin|Thunder Wave|p1b: Magmar
|-status|p1b: Magmar|par
|move|p1a: Excadrill|Earthquake|p2a: gremlin|[spread] p2a,p2b
|-immune|p1b: Magmar
|-damage|p2a: gremlin|19/100
|-damage|p2b: instakill button|88/100
|move|p2b: instakill button|Hyper Voice|p1a: Excadrill|[spread] p1a,p1b
|-resisted|p1a: Excadrill
|-damage|p1a: Excadrill|39/100
|-damage|p1b: Magmar|60/100 par
|-damage|p2b: instakill button|79/100|[from] item: Life Orb
|
|-weather|Sandstorm|[upkeep]
|-damage|p2b: instakill button|73/100|[from] Sandstorm
|-damage|p2a: gremlin|13/100|[from] Sandstorm
|-damage|p1b: Magmar|54/100 par|[from] Sandstorm
|-heal|p1a: Excadrill|45/100|[from] Grassy Terrain
|-heal|p2b: instakill button|79/100|[from] Grassy Terrain
|-heal|p2a: gremlin|19/100|[from] Grassy Terrain
|upkeep
|turn|3
|inactive|mariogang has 30 seconds left.
|inactive|ParroTiest has 30 seconds left.
|inactive|ParroTiest has 20 seconds left.
|
|t:|1757824041
|move|p1a: Excadrill|Earthquake|p2b: instakill button|[spread] p2a,p2b
|-immune|p1b: Magmar
|-damage|p2a: gremlin|3/100
|-damage|p2b: instakill button|67/100
|move|p2b: instakill button|Hyper Voice|p1b: Magmar|[spread] p1a,p1b
|-resisted|p1a: Excadrill
|-damage|p1a: Excadrill|1/100
|-damage|p1b: Magmar|13/100 par
|-damage|p2b: instakill button|57/100|[from] item: Life Orb
|move|p2a: gremlin|Spirit Break|p1b: Magmar
|-damage|p1b: Magmar|0 fnt
|faint|p1b: Magmar
|
|-weather|Sandstorm|[upkeep]
|-damage|p2b: instakill button|51/100|[from] Sandstorm
|-damage|p2a: gremlin|0 fnt|[from] Sandstorm
|faint|p2a: gremlin
|-heal|p1a: Excadrill|7/100|[from] Grassy Terrain
|-heal|p2b: instakill button|57/100|[from] Grassy Terrain
|upkeep
|
|t:|1757824060
|switch|p1b: Sneasler|Sneasler, L50, F|100/100
|switch|p2a: monke|Rillaboom, L50, F|100/100
|turn|4
|inactive|ParroTiest has 30 seconds left.
|inactive|ParroTiest has 20 seconds left.
|
|t:|1757824096
|move|p1b: Sneasler|Fake Out|p2a: monke
|-crit|p2a: monke
|-damage|p2a: monke|80/100
|cant|p2a: monke|flinch
|move|p1a: Excadrill|Iron Head|p2b: instakill button
|-damage|p2b: instakill button|32/100
|move|p2b: instakill button|Hyper Voice|p1a: Excadrill|[spread] p1a,p1b
|-resisted|p1a: Excadrill
|-damage|p1a: Excadrill|0 fnt
|-damage|p1b: Sneasler|13/100
|faint|p1a: Excadrill
|-damage|p2b: instakill button|22/100|[from] item: Life Orb
|
|-weather|Sandstorm|[upkeep]
|-damage|p1b: Sneasler|8/100|[from] Sandstorm
|-damage|p2a: monke|74/100|[from] Sandstorm
|-damage|p2b: instakill button|16/100|[from] Sandstorm
|-heal|p1b: Sneasler|13/100|[from] Grassy Terrain
|-heal|p2a: monke|80/100|[from] Grassy Terrain
|-heal|p2b: instakill button|22/100|[from] Grassy Terrain
|upkeep
|
|t:|1757824112
|switch|p1a: Tyranitar|Tyranitar, L50, M|100/100
|turn|5
|inactive|mariogang has 30 seconds left.
|
|t:|1757824138
|move|p1b: Sneasler|Close Combat|p2b: instakill button
|-supereffective|p2b: instakill button
|-damage|p2b: instakill button|0 fnt
|-unboost|p1b: Sneasler|def|1
|-unboost|p1b: Sneasler|spd|1
|faint|p2b: instakill button
|-enditem|p1b: Sneasler|White Herb
|-clearnegativeboost|p1b: Sneasler|[silent]
|move|p2a: monke|Wood Hammer|p1a: Tyranitar
|-supereffective|p1a: Tyranitar
|-crit|p1a: Tyranitar
|-damage|p1a: Tyranitar|0 fnt
|faint|p1a: Tyranitar
|-damage|p2a: monke|47/100|[from] Recoil
|
|-weather|none
|-heal|p1b: Sneasler|19/100|[from] Grassy Terrain
|-heal|p2a: monke|53/100|[from] Grassy Terrain
|-fieldend|move: Grassy Terrain
|upkeep
|
|t:|1757824146
|switch|p2b: quarters|Gholdengo, L50|100/100
|turn|6
|
|t:|1757824156
|move|p1b: Sneasler|Dire Claw|p2a: monke
|-supereffective|p2a: monke
|-damage|p2a: monke|0 fnt
|faint|p2a: monke
|move|p2b: quarters|Make It Rain|p1b: Sneasler
|-damage|p1b: Sneasler|0 fnt
|-unboost|p2b: quarters|spa|1
|faint|p1b: Sneasler
|
|win|ParroTiest
||mariogang is ready for game 2.
||ParroTiest is ready for game 2.
|uhtml|next|Next: Game 2 of 3
|l|☆ParroTiest
|player|p2|
|l|☆mariogang
|player|p1|
|j|☆ParroTiest
|player|p2|ParroTiest|wallace|
