|j|☆skylarsnowsong
|j|☆claudiusmaximus125
|html|skylarsnowsongclaudiusmaximus125    
|uhtml|bestof|Game 1 of a best-of-3
|t:|1757099175
|gametype|doubles
|player|p1|skylarsnowsong|plasmagruntf|
|player|p2|claudiusmaximus125|ghetsis-gen5bw|
|gen|9
|tier|[Gen 9] VGC 2025 Reg H (Bo3)
|rule|Species Clause: Limit one of each Pokémon
|rule|Item Clause: Limit 1 of each item
|clearpoke
|poke|p1|Grimmsnarl, L50, M|
|poke|p1|Tinkaton, L50, F|
|poke|p1|Incineroar, L50, M|
|poke|p1|Rillaboom, L50, M|
|poke|p1|Volcarona, L50, F|
|poke|p1|Krookodile, L50, M|
|poke|p2|Charizard, L50, M|
|poke|p2|Torkoal, L50, M|
|poke|p2|Porygon2, L50|
|poke|p2|Incineroar, L50, F|
|poke|p2|Jumpluff, L50, F|
|poke|p2|Ursaluna, L50, F|
|teampreview|4
|showteam|p1|Grimmsnarl||LightClay|Prankster|SpiritBreak,Reflect,Swagger,LightScreen|||M|||50|,,,,,Steel]Tinkaton||CovertCloak|OwnTempo|FakeOut,GigatonHammer,PlayRough,SwordsDance|||F|||50|,,,,,Water]Incineroar||SafetyGoggles|Intimidate|FakeOut,KnockOff,PartingShot,FlareBlitz|||M|||50|,,,,,Ghost]Rillaboom||AssaultVest|GrassySurge|FakeOut,WoodHammer,GrassyGlide,HighHorsepower|||M|||50|,,,,,Grass]Volcarona||Leftovers|FlameBody|Protect,FieryDance,RagePowder,Tailwind|||F|||50|,,,,,Ghost]Krookodile||FocusSash|Intimidate|KnockOff,Protect,HighHorsepower,CloseCombat|||M|||50|,,,,,Ground
|showteam|p2|Charizard||ChoiceSpecs|SolarPower|HeatWave,DragonPulse,WeatherBall,AirSlash|||M|||50|,,,,,Ghost]Torkoal||EjectPack|Drought|Eruption,Overheat,HelpingHand,Protect|||M|||50|,,,,,Fire]Porygon2||Eviolite|Download|TeraBlast,IceBeam,Recover,TrickRoom||||||50|,,,,,Fighting]Incineroar||SafetyGoggles|Intimidate|FlareBlitz,KnockOff,FakeOut,PartingShot|||F|||50|,,,,,Ghost]Jumpluff||CovertCloak|Chlorophyll|SleepPowder,SunnyDay,RagePowder,Tailwind|||F|||50|,,,,,Dark]Ursaluna||FlameOrb|Guts|HeadlongRush,Facade,Earthquake,Protect|||F|||50|,,,,,Ghost
|
|t:|1757099237
|teamsize|p1|4
|teamsize|p2|4
|start
|switch|p1a: Grimmsnarl|Grimmsnarl, L50, M|100/100
|switch|p1b: Tinkaton|Tinkaton, L50, F|100/100
|switch|p2a: Torkoal|Torkoal, L50, M|100/100
|switch|p2b: Porygon2|Porygon2, L50, shiny|100/100
|-ability|p2b: Porygon2|Download|boost
|-boost|p2b: Porygon2|atk|1
|-weather|SunnyDay|[from] ability: Drought|[of] p2a: Torkoal
|turn|1
|
|t:|1757099272
|switch|p2a: Ursaluna|Ursaluna, L50, F, shiny|100/100
|move|p1b: Tinkaton|Fake Out|p2a: Ursaluna
|-damage|p2a: Ursaluna|92/100
|move|p1a: Grimmsnarl|Light Screen|p1a: Grimmsnarl
|-sidestart|p1: skylarsnowsong|move: Light Screen
|move|p2b: Porygon2|Trick Room|p2b: Porygon2
|-fieldstart|move: Trick Room|[of] p2b: Porygon2
|
|-weather|SunnyDay|[upkeep]
|-status|p2a: Ursaluna|brn|[from] item: Flame Orb
|upkeep
|turn|2
|
|t:|1757099309
|switch|p2b: Incineroar|Incineroar, L50, F, shiny|100/100
|-ability|p2b: Incineroar|Intimidate|boost
|-unboost|p1a: Grimmsnarl|atk|1
|-fail|p1b: Tinkaton|unboost|Attack|[from] ability: Own Tempo|[of] p1b: Tinkaton
|-terastallize|p1b: Tinkaton|Water
|move|p1a: Grimmsnarl|Swagger|p1b: Tinkaton
|-boost|p1b: Tinkaton|atk|2
|-immune|p1b: Tinkaton|confusion|[from] ability: Own Tempo
|move|p2a: Ursaluna|Headlong Rush|p1b: Tinkaton
|-damage|p1b: Tinkaton|0 fnt
|-unboost|p2a: Ursaluna|def|1
|-unboost|p2a: Ursaluna|spd|1
|faint|p1b: Tinkaton
|
|-weather|SunnyDay|[upkeep]
|-damage|p2a: Ursaluna|87/100 brn|[from] brn
|upkeep
|c|☆skylarsnowsong|oh
|
|t:|1757099339
|switch|p1b: Krookodile|Krookodile, L50, M|100/100
|-ability|p1b: Krookodile|Intimidate|boost
|-unboost|p2a: Ursaluna|atk|1
|-unboost|p2b: Incineroar|atk|1
|turn|3
|
|t:|1757099370
|-terastallize|p2a: Ursaluna|Ghost
|move|p1b: Krookodile|Protect|p1b: Krookodile
|-singleturn|p1b: Krookodile|Protect
|move|p2b: Incineroar|Fake Out|p1a: Grimmsnarl
|-damage|p1a: Grimmsnarl|91/100
|cant|p1a: Grimmsnarl|flinch
|move|p2a: Ursaluna|Facade|p1a: Grimmsnarl
|-damage|p1a: Grimmsnarl|6/100
|
|-weather|SunnyDay|[upkeep]
|-damage|p2a: Ursaluna|81/100 brn|[from] brn
|upkeep
|turn|4
|
|t:|1757099411
|move|p1a: Grimmsnarl|Reflect|p1a: Grimmsnarl
|-sidestart|p1: skylarsnowsong|Reflect
|move|p2a: Ursaluna|Facade|p1b: Krookodile
|-damage|p1b: Krookodile|29/100
|move|p2b: Incineroar|Flare Blitz|p1b: Krookodile
|-damage|p1b: Krookodile|0 fnt
|faint|p1b: Krookodile
|-damage|p2b: Incineroar|93/100|[from] Recoil
|
|-weather|SunnyDay|[upkeep]
|-damage|p2a: Ursaluna|75/100 brn|[from] brn
|upkeep
|
|t:|1757099421
|switch|p1b: Volcarona|Volcarona, L50, F|100/100
|turn|5
|
|t:|1757099445
|move|p1a: Grimmsnarl|Spirit Break|p2a: Ursaluna
|-damage|p2a: Ursaluna|49/100 brn
|-unboost|p2a: Ursaluna|spa|1
|move|p2a: Ursaluna|Facade|p1a: Grimmsnarl
|-damage|p1a: Grimmsnarl|0 fnt
|faint|p1a: Grimmsnarl
|move|p2b: Incineroar|Parting Shot|p1b: Volcarona
|-unboost|p1b: Volcarona|atk|1
|-unboost|p1b: Volcarona|spa|1
|
|t:|1757099457
|switch|p2b: Porygon2|Porygon2, L50, shiny|100/100|[from] Parting Shot
|-ability|p2b: Porygon2|Download|boost
|-boost|p2b: Porygon2|spa|1
|move|p1b: Volcarona|Fiery Dance|p2a: Ursaluna
|-damage|p2a: Ursaluna|0 fnt
|-boost|p1b: Volcarona|spa|1
|faint|p2a: Ursaluna
|
|-weather|none
|-fieldend|move: Trick Room
|upkeep
|
|t:|1757099469
|switch|p2a: Incineroar|Incineroar, L50, F, shiny|93/100
|-ability|p2a: Incineroar|Intimidate|boost
|-unboost|p1b: Volcarona|atk|1
|turn|6
|
|t:|1757099479
|move|p2a: Incineroar|Fake Out|p1b: Volcarona
|-damage|p1b: Volcarona|94/100
|cant|p1b: Volcarona|flinch
|move|p2b: Porygon2|Trick Room|p2b: Porygon2
|-fieldstart|move: Trick Room|[of] p2b: Porygon2
|
|-heal|p1b: Volcarona|99/100|[from] item: Leftovers
|upkeep
|turn|7
|
|t:|1757099497
|move|p2b: Porygon2|Tera Blast|p1b: Volcarona
|-damage|p1b: Volcarona|69/100
|move|p2a: Incineroar|Flare Blitz|p1b: Volcarona
|-damage|p1b: Volcarona|36/100
|-damage|p2a: Incineroar|82/100|[from] Recoil
|move|p1b: Volcarona|Fiery Dance|p2b: Porygon2
|-damage|p2b: Porygon2|77/100
|-boost|p1b: Volcarona|spa|1
|
|-heal|p1b: Volcarona|42/100|[from] item: Leftovers
|upkeep
|turn|8
|
|t:|1757099513
|move|p2b: Porygon2|Tera Blast|p1b: Volcarona
|-damage|p1b: Volcarona|7/100
|move|p2a: Incineroar|Flare Blitz|p1b: Volcarona
|-damage|p1b: Volcarona|0 fnt
|faint|p1b: Volcarona
|-damage|p2a: Incineroar|80/100|[from] Recoil
|
|win|claudiusmaximus125
||skylarsnowsong is ready for game 2.
