|j|☆SomeKidJon
|j|☆clarocojones
|html|SomeKidJonclarocojones    
|uhtml|bestof|Game 1 of a best-of-3
|t:|1786204554
|gametype|doubles
|player|p1|SomeKidJon|scientistf|1321
|player|p2|clarocojones|striker|1412
|gen|9
|tier|[Gen 9 Champions] VGC 2026 Reg M-B (Bo3)
|rated|
|rule|Species Clause: Limit one of each Pokémon
|rule|Item Clause: Limit 1 of each item
|clearpoke
|poke|p1|Milotic, L50, M|
|poke|p1|Chandelure, L50, F|
|poke|p1|Weavile, L50, F|
|poke|p1|Tsareena, L50, F|
|poke|p1|Hydreigon, L50, F|
|poke|p1|Scolipede, L50, F|
|poke|p2|Floette-Eternal, L50, F|
|poke|p2|Incineroar, L50, M, shiny|
|poke|p2|Sinistcha-Masterpiece, L50, shiny|
|poke|p2|Milotic, L50, M|
|poke|p2|Raichu, L50, M|
|poke|p2|Ceruledge, L50, F|
|teampreview|4
|showteam|p1|Milotic||Leftovers|Competitive|DragonCheer,Scald,LifeDew,IcyWind|Calm||M|||50|]Chandelure||Chandelurite|Infiltrator|TrickRoom,HeatWave,ShadowBall,Protect|Modest||F|||50|]Weavile||FocusSash|Pickpocket|FakeOut,TripleAxel,KnockOff,LowKick|Jolly||F|||50|]Tsareena||WideLens|QueenlyMajesty|PowerWhip,TripleAxel,LowKick,ZenHeadbutt|Adamant||F|||50|]Hydreigon||ScopeLens|Levitate|DracoMeteor,DarkPulse,Protect,Tailwind|Hasty||F|||50|]Scolipede||Scolipite|SpeedBoost|SwordsDance,Protect,PoisonJab,StompingTantrum|Jolly||F|||50|
|showteam|p2|Floette-Eternal||Floettite|FlowerVeil|Moonblast,DazzlingGleam,CalmMind,Protect|Modest||F|||50|]Incineroar||SitrusBerry|Intimidate|FakeOut,PartingShot,ThroatChop,FlareBlitz|Careful||M|||50|]Sinistcha-Masterpiece||KasibBerry|Hospitality|MatchaGotcha,LifeDew,RagePowder,TrickRoom|Bold|||||50|]Milotic||Leftovers|Competitive|MuddyWater,Coil,Hypnosis,Recover|Calm||M|||50|]Raichu||RaichuniteY|Static|FakeOut,ZapCannon,FocusBlast,Protect|Timid||M|||50|]Ceruledge||ColburBerry|FlashFire|BitterBlade,ShadowSneak,BulkUp,Protect|Adamant||F|||50|
|
|t:|1786204581
|teamsize|p1|4
|teamsize|p2|4
|start
|switch|p1a: Weavile|Weavile, L50, F|100/100
|switch|p1b: Scolipede|Scolipede, L50, F|100/100
|switch|p2a: Friends Take|Incineroar, L50, M, shiny|100/100
|switch|p2b: Felicidad|Floette-Eternal, L50, F|100/100
|-ability|p2a: Friends Take|Intimidate|boost
|-unboost|p1a: Weavile|atk|1
|-unboost|p1b: Scolipede|atk|1
|turn|1
|inactive|Battle timer is ON: inactive players will automatically lose when time's up. (requested by clarocojones)
|
|t:|1786204603
|detailschange|p2b: Felicidad|Floette-Mega, L50, F
|-mega|p2b: Felicidad|Floette|Floettite
|-ability|p2b: Felicidad|Fairy Aura
|move|p1a: Weavile|Fake Out|p2a: Friends Take
|-damage|p2a: Friends Take|92/100
|cant|p2a: Friends Take|flinch
|move|p1b: Scolipede|Swords Dance|p1b: Scolipede
|-boost|p1b: Scolipede|atk|2
|move|p2b: Felicidad|Dazzling Gleam|p1b: Scolipede|[spread] p1a,p1b
|-supereffective|p1a: Weavile|1
|-resisted|p1b: Scolipede|1
|-enditem|p1a: Weavile|Focus Sash
|-damage|p1a: Weavile|1/100
|-damage|p1b: Scolipede|67/100
|
|-ability|p1b: Scolipede|Speed Boost|boost
|-boost|p1b: Scolipede|spe|1
|upkeep
|turn|2
|inactive|clarocojones has 30 seconds left.
|inactive|clarocojones has 20 seconds left.
|
|t:|1786204642
|switch|p2b: DON JULIO|Sinistcha-Masterpiece, L50, shiny|100/100
|-heal|p2a: Friends Take|100/100|[from] ability: Hospitality|[of] p2b: DON JULIO
|move|p1b: Scolipede|Stomping Tantrum|p2a: Friends Take
|-supereffective|p2a: Friends Take|1
|-damage|p2a: Friends Take|48/100
|-enditem|p2a: Friends Take|Sitrus Berry|[eat]
|-heal|p2a: Friends Take|73/100|[from] item: Sitrus Berry
|move|p1a: Weavile|Low Kick|p2a: Friends Take
|-supereffective|p2a: Friends Take|1
|-damage|p2a: Friends Take|39/100
|move|p2a: Friends Take|Flare Blitz|p1b: Scolipede
|-supereffective|p1b: Scolipede|1
|-damage|p1b: Scolipede|0 fnt
|faint|p1b: Scolipede
|-damage|p2a: Friends Take|20/100y|[from] Recoil
|
|upkeep
|
|t:|1786204650
|switch|p1b: Hydreigon|Hydreigon, L50, F|100/100
|turn|3
|
|t:|1786204673
|move|p1a: Weavile|Triple Axel|p2b: DON JULIO
|-supereffective|p2b: DON JULIO|1
|-damage|p2b: DON JULIO|86/100
|-supereffective|p2b: DON JULIO|1
|-damage|p2b: DON JULIO|61/100
|-hitcount|p2b: DON JULIO|2
|move|p1b: Hydreigon|Tailwind|p1b: Hydreigon
|-sidestart|p1: SomeKidJon|move: Tailwind
|move|p2a: Friends Take|Parting Shot|p1b: Hydreigon
|-unboost|p1b: Hydreigon|atk|1
|-unboost|p1b: Hydreigon|spa|1
|
|t:|1786204683
|switch|p2a: Felicidad|Floette-Mega, L50, F|100/100|[from] Parting Shot
|-ability|p2a: Felicidad|Fairy Aura
|move|p2b: DON JULIO|Matcha Gotcha|p1b: Hydreigon|[spread] p1a,p1b
|-resisted|p1b: Hydreigon|1
|-damage|p1a: Weavile|0 fnt
|-heal|p2b: DON JULIO|61/100|[from] drain|[of] p1a: Weavile
|-damage|p1b: Hydreigon|86/100
|-heal|p2b: DON JULIO|68/100|[from] drain|[of] p1b: Hydreigon
|faint|p1a: Weavile
|
|upkeep
|
|t:|1786204685
|switch|p1a: Tsareena|Tsareena, L50, F|100/100
|turn|4
|
|t:|1786204698
|switch|p2b: Friends Take|Incineroar, L50, M, shiny|20/100y
|-ability|p2b: Friends Take|Intimidate|boost
|-unboost|p1a: Tsareena|atk|1
|-unboost|p1b: Hydreigon|atk|1
|move|p1b: Hydreigon|Dark Pulse|p2b: Friends Take
|-resisted|p2b: Friends Take|1
|-damage|p2b: Friends Take|10/100
|move|p1a: Tsareena|Power Whip|p2a: Felicidad|[miss]
|-miss|p1a: Tsareena|p2a: Felicidad
|move|p2a: Felicidad|Dazzling Gleam|p1a: Tsareena|[spread] p1a,p1b
|-supereffective|p1b: Hydreigon|2
|-damage|p1a: Tsareena|48/100
|-damage|p1b: Hydreigon|0 fnt
|faint|p1b: Hydreigon
|
|upkeep
|turn|5
|-message|SomeKidJon forfeited.
|
|win|clarocojones
|l|☆SomeKidJon
|player|p1|
||SomeKidJon is ready for game 2.
||clarocojones is ready for game 2.
|uhtml|next|Next: Game 2 of 3
