|j|☆bloodnirvana98
|j|☆TORVEX
|html|bloodnirvana98TORVEX    
|uhtml|bestof|Game 2 of a best-of-3
|t:|1757808627
|gametype|doubles
|player|p1|bloodnirvana98|giovanni|1102
|player|p2|TORVEX|acetrainer-gen4dp|1138
|gen|9
|tier|[Gen 9] VGC 2025 Reg H (Bo3)
|rated|
|rule|Species Clause: Limit one of each Pokémon
|rule|Item Clause: Limit 1 of each item
|clearpoke
|poke|p1|Whimsicott, L50, F|
|poke|p1|Charizard, L50, M|
|poke|p1|Annihilape, L50, M|
|poke|p1|Maushold-Four, L50|
|poke|p1|Rillaboom, L50, M|
|poke|p1|Archaludon, L50, M|
|poke|p2|Incineroar, L50, M|
|poke|p2|Sinistcha, L50|
|poke|p2|Garchomp, L50, M|
|poke|p2|Pelipper, L50, M|
|poke|p2|Palafin, L50, M|
|poke|p2|Archaludon, L50, M|
|teampreview|4
|showteam|p1|Whimsicott||CovertCloak|Prankster|SunnyDay,Moonblast,Tailwind,TrickRoom|||F|||50|,,,,,Dark]Charizard||ChoiceScarf|SolarPower|HeatWave,Flamethrower,TeraBlast,DragonPulse|||M|||50|,,,,,Ghost]Annihilape||SitrusBerry|Defiant|RageFist,DrainPunch,BulkUp,Protect|||M|||50|,,,,,Fire]Maushold-Four||FocusSash|FriendGuard|FollowMe,SuperFang,BeatUp,Protect||||||50|,,,,,Ghost]Rillaboom||LoadedDice|GrassySurge|FakeOut,GrassyGlide,TeraBlast,BulletSeed|||M|||50|,,,,,Fairy]Archaludon||AssaultVest|Stamina|BodyPress,DragonPulse,ElectroShot,MirrorCoat|||M|||50|,,,,,Fighting
|showteam|p2|Incineroar||SafetyGoggles|Intimidate|FakeOut,WillOWisp,KnockOff,PartingShot|||M|||50|,,,,,Ghost]Sinistcha||BigRoot|Hospitality|Protect,RagePowder,MatchaGotcha,Hex||||||50|,,,,,Fire]Garchomp||LoadedDice|RoughSkin|Protect,ScaleShot,StompingTantrum,SwordsDance|||M|||50|,,,,,Steel]Pelipper||FocusSash|Drizzle|Protect,Tailwind,WeatherBall,Hurricane|||M|||50|,,,,,Ghost]Palafin||MysticWater|ZerotoHero|Protect,WaveCrash,JetPunch,CloseCombat|||M|||50|,,,,,Water]Archaludon||AssaultVest|Stamina|DragonPulse,FlashCannon,ElectroShot,BodyPress|||M|||50|,,,,,Grass
|inactive|Battle timer is ON: inactive players will automatically lose when time's up. (requested by bloodnirvana98)
|inactive|TORVEX also wants the timer to be on.
|
|t:|1757808645
|teamsize|p1|4
|teamsize|p2|4
|start
|switch|p1a: Annihilape|Annihilape, L50, M|100/100
|switch|p1b: Maushold|Maushold-Four, L50|100/100
|switch|p2a: Garchomp|Garchomp, L50, M, shiny|100/100
|switch|p2b: Sinistcha|Sinistcha, L50|100/100
|turn|1
|inactive|bloodnirvana98 has 30 seconds left.
|
|t:|1757808677
|move|p2b: Sinistcha|Rage Powder|p2b: Sinistcha
|-singleturn|p2b: Sinistcha|move: Rage Powder
|move|p1b: Maushold|Beat Up|p2b: Sinistcha
|-supereffective|p2b: Sinistcha
|-damage|p2b: Sinistcha|94/100
|-supereffective|p2b: Sinistcha
|-damage|p2b: Sinistcha|90/100
|-supereffective|p2b: Sinistcha
|-damage|p2b: Sinistcha|86/100
|-supereffective|p2b: Sinistcha
|-damage|p2b: Sinistcha|80/100
|-hitcount|p2b: Sinistcha|4
|move|p2a: Garchomp|Swords Dance|p2a: Garchomp
|-boost|p2a: Garchomp|atk|2
|move|p1a: Annihilape|Drain Punch|p2b: Sinistcha
|-immune|p2b: Sinistcha
|
|upkeep
|turn|2
|inactive|TORVEX has 30 seconds left.
|inactive|TORVEX has 20 seconds left.
|inactive|TORVEX has 15 seconds left.
|
|t:|1757808720
|switch|p1b: Rillaboom|Rillaboom, L50, M|100/100
|-fieldstart|move: Grassy Terrain|[from] ability: Grassy Surge|[of] p1b: Rillaboom
|move|p2b: Sinistcha|Rage Powder|p2b: Sinistcha
|-singleturn|p2b: Sinistcha|move: Rage Powder
|move|p2a: Garchomp|Scale Shot|p1b: Rillaboom
|-damage|p1b: Rillaboom|73/100
|-damage|p1b: Rillaboom|41/100
|-damage|p1b: Rillaboom|12/100
|-damage|p1b: Rillaboom|0 fnt
|faint|p1b: Rillaboom
|-hitcount|p1: Rillaboom|4
|-unboost|p2a: Garchomp|def|1
|-boost|p2a: Garchomp|spe|1
|move|p1a: Annihilape|Bulk Up|p1a: Annihilape
|-boost|p1a: Annihilape|atk|1
|-boost|p1a: Annihilape|def|1
|
|-heal|p2b: Sinistcha|86/100|[from] Grassy Terrain
|upkeep
|
|t:|1757808737
|switch|p1b: Whimsicott|Whimsicott, L50, F|100/100
|turn|3
|
|t:|1757808757
|move|p2b: Sinistcha|Rage Powder|p2b: Sinistcha
|-singleturn|p2b: Sinistcha|move: Rage Powder
|move|p2a: Garchomp|Scale Shot|p1a: Annihilape
|-damage|p1a: Annihilape|83/100
|-damage|p1a: Annihilape|67/100
|-damage|p1a: Annihilape|50/100
|-enditem|p1a: Annihilape|Sitrus Berry|[eat]
|-heal|p1a: Annihilape|75/100|[from] item: Sitrus Berry
|-damage|p1a: Annihilape|57/100
|-damage|p1a: Annihilape|39/100
|-hitcount|p1a: Annihilape|5
|-unboost|p2a: Garchomp|def|1
|-boost|p2a: Garchomp|spe|1
|move|p1b: Whimsicott|Moonblast|p2a: Garchomp
|-supereffective|p2a: Garchomp
|-damage|p2a: Garchomp|45/100
|move|p1a: Annihilape|Rage Fist|p2b: Sinistcha
|-supereffective|p2b: Sinistcha
|-damage|p2b: Sinistcha|0 fnt
|faint|p2b: Sinistcha
|
|-heal|p2a: Garchomp|51/100|[from] Grassy Terrain
|-heal|p1a: Annihilape|45/100|[from] Grassy Terrain
|upkeep
|
|t:|1757808774
|switch|p2b: Pelipper|Pelipper, L50, M|100/100
|-weather|RainDance|[from] ability: Drizzle|[of] p2b: Pelipper
|turn|4
|
|t:|1757808792
|switch|p1b: Maushold|Maushold-Four, L50|100/100
|move|p1a: Annihilape|Protect|p1a: Annihilape
|-singleturn|p1a: Annihilape|Protect
|move|p2a: Garchomp|Scale Shot|p1a: Annihilape
|-activate|p1a: Annihilape|move: Protect
|move|p2b: Pelipper|Hurricane|p1b: Maushold
|-damage|p1b: Maushold|42/100
|
|-weather|RainDance|[upkeep]
|-heal|p2a: Garchomp|57/100|[from] Grassy Terrain
|-heal|p1b: Maushold|49/100|[from] Grassy Terrain
|-heal|p1a: Annihilape|51/100|[from] Grassy Terrain
|upkeep
|turn|5
|
|t:|1757808808
|move|p2a: Garchomp|Protect|p2a: Garchomp
|-singleturn|p2a: Garchomp|Protect
|move|p1b: Maushold|Follow Me|p1b: Maushold
|-singleturn|p1b: Maushold|move: Follow Me
|move|p1a: Annihilape|Drain Punch|p2a: Garchomp
|-activate|p2a: Garchomp|move: Protect
|move|p2b: Pelipper|Tailwind|p2b: Pelipper
|-sidestart|p2: TORVEX|move: Tailwind
|
|-weather|RainDance|[upkeep]
|-heal|p2a: Garchomp|63/100|[from] Grassy Terrain
|-heal|p1b: Maushold|55/100|[from] Grassy Terrain
|-heal|p1a: Annihilape|57/100|[from] Grassy Terrain
|upkeep
|turn|6
|
|t:|1757808816
|move|p1b: Maushold|Follow Me|p1b: Maushold
|-singleturn|p1b: Maushold|move: Follow Me
|move|p2a: Garchomp|Stomping Tantrum|p1b: Maushold
|-damage|p1b: Maushold|0 fnt
|faint|p1b: Maushold
|move|p2b: Pelipper|Hurricane|p1a: Annihilape
|-supereffective|p1a: Annihilape
|-damage|p1a: Annihilape|0 fnt
|faint|p1a: Annihilape
|
|-weather|RainDance|[upkeep]
|-heal|p2a: Garchomp|69/100|[from] Grassy Terrain
|-fieldend|move: Grassy Terrain
|upkeep
|
|t:|1757808824
|switch|p1b: Whimsicott|Whimsicott, L50, F|100/100
|turn|7
|
|t:|1757808828
|move|p2a: Garchomp|Stomping Tantrum|p1b: Whimsicott
|-resisted|p1b: Whimsicott
|-damage|p1b: Whimsicott|67/100
|move|p2b: Pelipper|Hurricane|p1b: Whimsicott
|-supereffective|p1b: Whimsicott
|-damage|p1b: Whimsicott|0 fnt
|faint|p1b: Whimsicott
|
|win|TORVEX
|j| weegeepieyt
||bloodnirvana98 is ready for game 3.
|l|☆bloodnirvana98
|player|p1|
