|j|☆whoopeesucle
|j|☆yinobo
|html|whoopeesucleyinobo    
|uhtml|bestof|Game 2 of a best-of-3
|t:|1785284499
|gametype|doubles
|player|p1|whoopeesucle|265|1169
|player|p2|yinobo|lucas|1284
|gen|9
|tier|[Gen 9 Champions] VGC 2026 Reg M-B (Bo3)
|rated|
|rule|Species Clause: Limit one of each Pokémon
|rule|Item Clause: Limit 1 of each item
|clearpoke
|poke|p1|Froslass, L50, F|
|poke|p1|Lycanroc-Dusk, L50, F|
|poke|p1|Staraptor, L50, M|
|poke|p1|Kingambit, L50, M|
|poke|p1|Sneasler, L50, M|
|poke|p1|Basculegion, L50, M|
|poke|p2|Charizard, L50, M, shiny|
|poke|p2|Garchomp, L50, M, shiny|
|poke|p2|Sylveon, L50, M, shiny|
|poke|p2|Incineroar, L50, M, shiny|
|poke|p2|Toxapex, L50, F, shiny|
|poke|p2|Venusaur, L50, M, shiny|
|teampreview|4
|showteam|p1|Froslass||Froslassite|CursedBody|Blizzard,ShadowBall,AuroraVeil,Protect|Timid||F|||50|]Lycanroc-Dusk||FocusSash|ToughClaws|Accelerock,CloseCombat,RockSlide,Protect|Jolly||F|||50|]Staraptor||Staraptite|Intimidate|Tailwind,DualWingbeat,Protect,CloseCombat|Jolly||M|||50|]Kingambit||LifeOrb|Defiant|SuckerPunch,IronHead,Protect,KowtowCleave|Adamant||M|||50|]Sneasler||WhiteHerb|Unburden|FakeOut,Protect,DireClaw,CloseCombat|Jolly||M|||50|]Basculegion||SitrusBerry|Adaptability|Protect,AquaJet,WaveCrash,LastRespects|Adamant||M|||50|
|showteam|p2|Charizard||CharizarditeY|Blaze|Protect,WeatherBall,AncientPower,HeatWave|Modest||M|||50|]Garchomp||ChoiceScarf|RoughSkin|StompingTantrum,RockSlide,Earthquake,DragonClaw|Adamant||M|||50|]Sylveon||FairyFeather|Pixilate|Detect,Yawn,QuickAttack,HyperVoice|Modest||M|||50|]Incineroar||SitrusBerry|Intimidate|FlareBlitz,PartingShot,DarkestLariat,FakeOut|Impish||M|||50|]Toxapex||Leftovers|Regenerator|BanefulBunker,WideGuard,Toxic,Infestation|Bold||F|||50|]Venusaur||LifeOrb|Chlorophyll|Protect,EarthPower,SludgeBomb,LeafStorm|Modest||M|||50|
|inactive|Battle timer is ON: inactive players will automatically lose when time's up. (requested by yinobo)
|inactive|whoopeesucle has 60 seconds left.
|inactive|yinobo has 60 seconds left.
|inactive|whoopeesucle has 30 seconds left.
|inactive|yinobo has 30 seconds left.
|inactive|whoopeesucle has 20 seconds left.
|inactive|whoopeesucle has 15 seconds left.
|
|t:|1785284577
|teamsize|p1|4
|teamsize|p2|4
|start
|switch|p1a: Staraptor|Staraptor, L50, M|100/100
|switch|p1b: Lycanroc|Lycanroc-Dusk, L50, F|100/100
|switch|p2a: Garchomp|Garchomp, L50, M, shiny|100/100
|switch|p2b: Charizard|Charizard, L50, M, shiny|100/100
|-ability|p1a: Staraptor|Intimidate|boost
|-unboost|p2a: Garchomp|atk|1
|-unboost|p2b: Charizard|atk|1
|turn|1
|inactive|whoopeesucle has 30 seconds left.
|inactive|yinobo has 30 seconds left.
|
|t:|1785284607
|switch|p2b: Toxapex|Toxapex, L50, F, shiny|100/100
|detailschange|p1a: Staraptor|Staraptor-Mega, L50, M
|-mega|p1a: Staraptor|Staraptor|Staraptite
|move|p1b: Lycanroc|Protect|p1b: Lycanroc
|-singleturn|p1b: Lycanroc|Protect
|move|p2a: Garchomp|Dragon Claw|p1b: Lycanroc
|-activate|p1b: Lycanroc|move: Protect
|move|p1a: Staraptor|Close Combat|p2a: Garchomp
|-damage|p2a: Garchomp|40/100
|-boost|p1a: Staraptor|def|1
|-boost|p1a: Staraptor|spd|1
|-damage|p1a: Staraptor|87/100|[from] ability: Rough Skin|[of] p2a: Garchomp
|
|upkeep
|turn|2
|
|t:|1785284627
|move|p2a: Garchomp|Dragon Claw|p1b: Lycanroc
|-damage|p1b: Lycanroc|48/100
|move|p1b: Lycanroc|Rock Slide|p2b: Toxapex|[spread] p2a,p2b
|-resisted|p2a: Garchomp|1
|-damage|p2a: Garchomp|27/100
|-damage|p2b: Toxapex|80/100
|move|p1a: Staraptor|Close Combat|p2a: Garchomp
|-damage|p2a: Garchomp|0 fnt
|-boost|p1a: Staraptor|def|1
|-boost|p1a: Staraptor|spd|1
|-damage|p1a: Staraptor|75/100|[from] ability: Rough Skin|[of] p2a: Garchomp
|faint|p2a: Garchomp
|move|p2b: Toxapex|Toxic|p1a: Staraptor
|-status|p1a: Staraptor|tox
|
|-heal|p2b: Toxapex|86/100|[from] item: Leftovers
|-damage|p1a: Staraptor|68/100 tox|[from] psn
|upkeep
|
|t:|1785284647
|switch|p2a: Venusaur|Venusaur, L50, M, shiny|100/100
|turn|3
|
|t:|1785284657
|move|p2a: Venusaur|Protect|p2a: Venusaur
|-singleturn|p2a: Venusaur|Protect
|move|p1b: Lycanroc|Rock Slide|p2a: Venusaur|[spread] p2b
|-activate|p2a: Venusaur|move: Protect
|-damage|p2b: Toxapex|67/100
|move|p1a: Staraptor|Dual Wingbeat|p2a: Venusaur
|-activate|p2a: Venusaur|move: Protect
|move|p2b: Toxapex|Toxic|p1b: Lycanroc
|-status|p1b: Lycanroc|tox
|
|-heal|p2b: Toxapex|73/100|[from] item: Leftovers
|-damage|p1b: Lycanroc|42/100 tox|[from] psn
|-damage|p1a: Staraptor|56/100 tox|[from] psn
|upkeep
|turn|4
|
|t:|1785284676
|switch|p2a: Charizard|Charizard, L50, M, shiny|100/100
|move|p1b: Lycanroc|Rock Slide|p2a: Charizard|[spread] p2a,p2b
|-supereffective|p2a: Charizard|2
|-damage|p2a: Charizard|0 fnt
|-damage|p2b: Toxapex|57/100
|faint|p2a: Charizard
|move|p1a: Staraptor|Dual Wingbeat|p2b: Toxapex
|-damage|p2b: Toxapex|43/100
|-damage|p2b: Toxapex|31/100
|-hitcount|p2b: Toxapex|2
|move|p2b: Toxapex|Infestation|p1b: Lycanroc
|-damage|p1b: Lycanroc|38/100 tox
|-activate|p1b: Lycanroc|move: Infestation|[of] p2b: Toxapex
|
|-heal|p2b: Toxapex|37/100|[from] item: Leftovers
|-damage|p1b: Lycanroc|26/100 tox|[from] psn
|-damage|p1a: Staraptor|37/100 tox|[from] psn
|-damage|p1b: Lycanroc|13/100 tox|[from] move: Infestation|[partiallytrapped]
|upkeep
|
|t:|1785284692
|switch|p2a: Venusaur|Venusaur, L50, M, shiny|100/100
|turn|5
|
|t:|1785284715
|move|p2a: Venusaur|Protect|p2a: Venusaur
|-singleturn|p2a: Venusaur|Protect
|move|p2b: Toxapex|Baneful Bunker|p2b: Toxapex
|-singleturn|p2b: Toxapex|move: Protect
|move|p1b: Lycanroc|Rock Slide|p2b: Toxapex|[spread] 
|-activate|p2a: Venusaur|move: Protect
|-activate|p2b: Toxapex|move: Protect
|move|p1a: Staraptor|Dual Wingbeat|p2b: Toxapex
|-activate|p2b: Toxapex|move: Protect
|
|-heal|p2b: Toxapex|43/100|[from] item: Leftovers
|-damage|p1b: Lycanroc|0 fnt|[from] psn
|faint|p1b: Lycanroc
|-damage|p1a: Staraptor|12/100 tox|[from] psn
|upkeep
|
|t:|1785284738
|switch|p1b: Kingambit|Kingambit, L50, M|100/100
|turn|6
|
|t:|1785284751
|move|p2a: Venusaur|Protect||[still]
|-fail|p2a: Venusaur
|move|p1a: Staraptor|Dual Wingbeat|p2a: Venusaur
|-supereffective|p2a: Venusaur|1
|-damage|p2a: Venusaur|57/100
|-supereffective|p2a: Venusaur|1
|-damage|p2a: Venusaur|14/100
|-hitcount|p2a: Venusaur|2
|move|p1b: Kingambit|Kowtow Cleave|p2b: Toxapex
|-damage|p2b: Toxapex|0 fnt
|faint|p2b: Toxapex
|-damage|p1b: Kingambit|90/100|[from] item: Life Orb
|
|-damage|p1a: Staraptor|0 fnt|[from] psn
|faint|p1a: Staraptor
|upkeep
|
|t:|1785284756
|switch|p1a: Basculegion|Basculegion, L50, M|100/100
|turn|7
|
|t:|1785284767
|move|p1a: Basculegion|Aqua Jet|p2a: Venusaur
|-resisted|p2a: Venusaur|1
|-damage|p2a: Venusaur|0 fnt
|faint|p2a: Venusaur
|
|win|whoopeesucle
|raw|whoopeesucle's rating: 1169 → 1202(+33 for winning)
|raw|yinobo's rating: 1284 → 1251(-33 for losing)
|l|☆whoopeesucle
|player|p1|
