|j|☆Mountainman46
|j|☆MtDrumr
|html|Mountainman46MtDrumr    
|uhtml|bestof|Game 1 of a best-of-3
|t:|1757817908
|gametype|doubles
|player|p1|Mountainman46|266|1162
|player|p2|MtDrumr|roughneck|1038
|gen|9
|tier|[Gen 9] VGC 2025 Reg H (Bo3)
|rated|
|rule|Species Clause: Limit one of each Pokémon
|rule|Item Clause: Limit 1 of each item
|clearpoke
|poke|p1|Pelipper, L50, F|
|poke|p1|Basculegion, L50, M|
|poke|p1|Incineroar, L50, F|
|poke|p1|Archaludon, L50, M|
|poke|p1|Sinistcha, L50|
|poke|p1|Ursaluna, L50, M|
|poke|p2|Sneasler, L50, F|
|poke|p2|Gholdengo, L50|
|poke|p2|Rillaboom, L50, F|
|poke|p2|Incineroar, L50, M|
|poke|p2|Farigiraf, L50, M|
|poke|p2|Palafin, L50, M|
|teampreview|4
|showteam|p1|Pelipper||FocusSash|Drizzle|Hurricane,WeatherBall,Tailwind,Protect|||F|||50|,,,,,Stellar]Basculegion||ChoiceBand|SwiftSwim|WaveCrash,LastRespects,AquaJet,FlipTurn|||M|||50|,,,,,Water]Incineroar||SafetyGoggles|Intimidate|KnockOff,FakeOut,Taunt,PartingShot|||F|||50|,,,,,Flying]Archaludon||AssaultVest|Stamina|ElectroShot,DragonPulse,FlashCannon,BodyPress|||M|||50|,,,,,Grass]Sinistcha||SitrusBerry|Hospitality|MatchaGotcha,RagePowder,LifeDew,TrickRoom||||||50|,,,,,Water]Ursaluna||FlameOrb|Guts|HeadlongRush,Facade,Earthquake,Protect|||M|||50|,,,,,Ghost
|showteam|p2|Sneasler||NormalGem|Unburden|Protect,DireClaw,FakeOut,Slash|||F|||50|,,,,,Normal]Gholdengo||LifeOrb|GoodasGold|NastyPlot,Protect,ShadowBall,MakeItRain||||||50|,,,,,Water]Rillaboom||AssaultVest|GrassySurge|FakeOut,GrassyGlide,WoodHammer,Uturn|||F|||50|,,,,,Fire]Incineroar||SitrusBerry|Intimidate|FakeOut,PartingShot,KnockOff,FlareBlitz|||M|||50|,,,,,Grass]Farigiraf||SafetyGoggles|ArmorTail|AllySwitch,TrickRoom,HelpingHand,Psychic|||M|||50|,,,,,Fairy]Palafin||MysticWater|ZerotoHero|Protect,FlipTurn,WaveCrash,JetPunch|||M|||50|,,,,,Water
|inactive|Battle timer is ON: inactive players will automatically lose when time's up. (requested by Mountainman46)
|inactive|Mountainman46 has 60 seconds left.
|inactive|MtDrumr has 60 seconds left.
|inactive|Mountainman46 has 30 seconds left.
|inactive|Mountainman46 has 20 seconds left.
|inactive|Mountainman46 has 15 seconds left.
|
|t:|1757817985
|teamsize|p1|4
|teamsize|p2|4
|start
|switch|p1a: Pelipper|Pelipper, L50, F|100/100
|switch|p1b: Archaludon|Archaludon, L50, M|100/100
|switch|p2a: Sneasler|Sneasler, L50, F|100/100
|switch|p2b: Palafin|Palafin, L50, M|100/100
|-weather|RainDance|[from] ability: Drizzle|[of] p1a: Pelipper
|turn|1
|inactive|Mountainman46 has 30 seconds left.
|inactive|Mountainman46 has 20 seconds left.
|inactive|Mountainman46 has 15 seconds left.
|inactive|Mountainman46 has 10 seconds left.
|
|t:|1757818033
|-terastallize|p2a: Sneasler|Normal
|-terastallize|p1b: Archaludon|Grass
|move|p2a: Sneasler|Fake Out|p1b: Archaludon
|-enditem|p2a: Sneasler|Normal Gem|[from] gem
|-damage|p1b: Archaludon|77/100
|-ability|p1b: Archaludon|Stamina|boost
|-boost|p1b: Archaludon|def|1
|move|p2b: Palafin|Flip Turn|p1b: Archaludon
|-resisted|p1b: Archaludon
|-damage|p1b: Archaludon|68/100
|-ability|p1b: Archaludon|Stamina|boost
|-boost|p1b: Archaludon|def|1
|
|t:|1757818046
|detailschange|p2b: Palafin|Palafin-Hero, L50, M
|switch|p2b: Gholdengo|Gholdengo, L50|100/100|[from] Flip Turn
|cant|p1b: Archaludon|flinch
|move|p1a: Pelipper|Weather Ball|p2b: Gholdengo
|-damage|p2b: Gholdengo|24/100
|
|-weather|RainDance|[upkeep]
|upkeep
|turn|2
|inactive|Mountainman46 has 30 seconds left.
|
|t:|1757818073
|switch|p1b: Incineroar|Incineroar, L50, F, shiny|100/100
|-ability|p1b: Incineroar|Intimidate|boost
|-unboost|p2a: Sneasler|atk|1
|-unboost|p2b: Gholdengo|atk|1
|move|p2a: Sneasler|Slash|p1b: Incineroar
|-damage|p1b: Incineroar|74/100
|move|p2b: Gholdengo|Nasty Plot|p2b: Gholdengo
|-boost|p2b: Gholdengo|spa|2
|move|p1a: Pelipper|Tailwind|p1a: Pelipper
|-sidestart|p1: Mountainman46|move: Tailwind
|
|-weather|RainDance|[upkeep]
|upkeep
|turn|3
|
|t:|1757818093
|switch|p2a: Rillaboom|Rillaboom, L50, F|100/100
|-fieldstart|move: Grassy Terrain|[from] ability: Grassy Surge|[of] p2a: Rillaboom
|move|p2b: Gholdengo|Protect|p2b: Gholdengo
|-singleturn|p2b: Gholdengo|Protect
|move|p1b: Incineroar|Knock Off|p2b: Gholdengo
|-activate|p2b: Gholdengo|move: Protect
|move|p1a: Pelipper|Weather Ball|p2b: Gholdengo
|-activate|p2b: Gholdengo|move: Protect
|
|-weather|RainDance|[upkeep]
|-heal|p1b: Incineroar|80/100|[from] Grassy Terrain
|-heal|p2b: Gholdengo|30/100|[from] Grassy Terrain
|upkeep
|turn|4
|inactive|Mountainman46 has 30 seconds left.
|
|t:|1757818119
|switch|p2b: Palafin|Palafin-Hero, L50, M|100/100
|-activate|p2b: Palafin|ability: Zero to Hero
|move|p2a: Rillaboom|Fake Out|p1a: Pelipper
|-damage|p1a: Pelipper|85/100
|move|p1b: Incineroar|Knock Off|p2b: Palafin
|-damage|p2b: Palafin|58/100
|-enditem|p2b: Palafin|Mystic Water|[from] move: Knock Off|[of] p1b: Incineroar
|cant|p1a: Pelipper|flinch
|
|-weather|RainDance|[upkeep]
|-heal|p1b: Incineroar|86/100|[from] Grassy Terrain
|-heal|p2b: Palafin|63/100|[from] Grassy Terrain
|upkeep
|turn|5
|
|t:|1757818143
|switch|p1a: Archaludon|Archaludon, L50, M, tera:Grass|68/100
|move|p1b: Incineroar|Parting Shot|p2b: Palafin
|-unboost|p2b: Palafin|atk|1
|-unboost|p2b: Palafin|spa|1
|
|t:|1757818150
|switch|p1b: Basculegion|Basculegion, L50, M, shiny|100/100|[from] Parting Shot
|move|p2b: Palafin|Wave Crash|p1b: Basculegion
|-resisted|p1b: Basculegion
|-damage|p1b: Basculegion|54/100
|-damage|p2b: Palafin|46/100|[from] Recoil
|move|p2a: Rillaboom|Wood Hammer|p1a: Archaludon
|-resisted|p1a: Archaludon
|-damage|p1a: Archaludon|45/100
|-ability|p1a: Archaludon|Stamina|boost
|-boost|p1a: Archaludon|def|1
|-damage|p2a: Rillaboom|93/100|[from] Recoil
|
|-weather|none
|-heal|p1b: Basculegion|60/100|[from] Grassy Terrain
|-heal|p1a: Archaludon|51/100|[from] Grassy Terrain
|-heal|p2b: Palafin|52/100|[from] Grassy Terrain
|-heal|p2a: Rillaboom|99/100|[from] Grassy Terrain
|-sideend|p1: Mountainman46|move: Tailwind
|upkeep
|turn|6
|inactive|Mountainman46 has 30 seconds left.
|
|t:|1757818179
|switch|p2b: Gholdengo|Gholdengo, L50|30/100
|switch|p1b: Pelipper|Pelipper, L50, F|85/100
|-weather|RainDance|[from] ability: Drizzle|[of] p1b: Pelipper
|move|p1a: Archaludon|Electro Shot||[still]
|-prepare|p1a: Archaludon|Electro Shot
|-boost|p1a: Archaludon|spa|1
|-anim|p1a: Archaludon|Electro Shot|p2b: Gholdengo
|-damage|p2b: Gholdengo|0 fnt
|faint|p2b: Gholdengo
|move|p2a: Rillaboom|Wood Hammer|p1b: Pelipper
|-damage|p1b: Pelipper|5/100
|-damage|p2a: Rillaboom|82/100|[from] Recoil
|
|-weather|RainDance|[upkeep]
|-heal|p1a: Archaludon|57/100|[from] Grassy Terrain
|-heal|p2a: Rillaboom|87/100|[from] Grassy Terrain
|upkeep
|
|t:|1757818196
|switch|p2b: Sneasler|Sneasler, L50, F, tera:Normal|100/100
|turn|7
|-message|MtDrumr forfeited.
|
|win|Mountainman46
|l|☆MtDrumr
|player|p2|
|raw|Mountainman46's rating: 1162 → 1178(+16 for winning)
|raw|MtDrumr's rating: 1038 → 1028(-10 for losing)
