|j|☆PaquitoelBollito
|j|‽coglio6789
|html|PaquitoelBollitocoglio6789    
|uhtml|bestof|Game 1 of a best-of-3
|t:|1786118990
|gametype|doubles
|player|p1|PaquitoelBollito|102|1166
|player|p2|coglio6789|102|1118
|gen|9
|tier|[Gen 9 Champions] VGC 2026 Reg M-B (Bo3)
|rated|
|rule|Species Clause: Limit one of each Pokémon
|rule|Item Clause: Limit 1 of each item
|clearpoke
|poke|p1|Aerodactyl, L50, M|
|poke|p1|Kingambit, L50, F|
|poke|p1|Garchomp, L50, F|
|poke|p1|Farigiraf, L50, M|
|poke|p1|Charizard, L50, F|
|poke|p1|Sylveon, L50, F|
|poke|p2|Farigiraf, L50, F|
|poke|p2|Kangaskhan, L50, F|
|poke|p2|Torkoal, L50, F|
|poke|p2|Mawile, L50, M|
|poke|p2|Charizard, L50, F|
|poke|p2|Vileplume, L50, M|
|teampreview|4
|showteam|p1|Aerodactyl||Aerodactylite|Unnerve|Tailwind,DualWingbeat,IceFang,RockSlide|Jolly||M|||50|]Kingambit||BlackGlasses|Defiant|SuckerPunch,KowtowCleave,IronHead,LowKick|Adamant||F|||50|]Garchomp||LifeOrb|RoughSkin|Protect,DragonClaw,RockSlide,StompingTantrum|Jolly||F|||50|]Farigiraf||SitrusBerry|ArmorTail|TwinBeam,Thunderbolt,TrickRoom,SunnyDay|Relaxed||M|||50|]Charizard||CharizarditeY|Blaze|Protect,HeatWave,WeatherBall,SolarBeam|Modest||F|||50|]Sylveon||FairyFeather|Pixilate|HyperVoice,Protect,QuickAttack,HyperBeam|Modest||F|||50|
|showteam|p2|Farigiraf||SitrusBerry|ArmorTail|TrickRoom,HelpingHand,Psychic,Thunderbolt|Quiet||F|||50|]Kangaskhan||LifeOrb|Scrappy|FakeOut,DoubleEdge,IcePunch,HammerArm|Brave||F|||50|]Torkoal||Charcoal|Drought|Eruption,WeatherBall,EarthPower,Protect|Quiet||F|||50|]Mawile||Mawilite|Intimidate|SwordsDance,PlayRough,SuckerPunch,RockSlide|Brave||M|||50|]Charizard||CharizarditeY|Blaze|HeatWave,WeatherBall,SolarBeam,Protect|Modest||F|||50|]Vileplume||FocusSash|Chlorophyll|EnergyBall,SludgeBomb,SleepPowder,AfterYou|Timid||M|||50|
|inactive|Battle timer is ON: inactive players will automatically lose when time's up. (requested by PaquitoelBollito)
|inactive|PaquitoelBollito has 60 seconds left.
|inactive|coglio6789 has 60 seconds left.
|inactive|coglio6789 has 30 seconds left.
|inactive|coglio6789 has 20 seconds left.
|inactive|coglio6789 has 15 seconds left.
|inactive|coglio6789 has 10 seconds left.
|inactive|coglio6789 has 5 seconds left.
|
|t:|1786119080
|teamsize|p1|4
|teamsize|p2|4
|start
|switch|p1a: Aerodactyl|Aerodactyl, L50, M|100/100
|switch|p1b: Garchomp|Garchomp, L50, F|100/100
|switch|p2a: Torkoal|Torkoal, L50, F|100/100
|switch|p2b: Vileplume|Vileplume, L50, M|100/100
|-ability|p1a: Aerodactyl|Unnerve
|-weather|SunnyDay|[from] ability: Drought|[of] p2a: Torkoal
|turn|1
|inactive|PaquitoelBollito has 30 seconds left.
|
|t:|1786119106
|detailschange|p1a: Aerodactyl|Aerodactyl-Mega, L50, M
|-mega|p1a: Aerodactyl|Aerodactyl|Aerodactylite
|move|p2b: Vileplume|Sleep Powder|p1a: Aerodactyl
|-status|p1a: Aerodactyl|slp|[from] move: Sleep Powder
|cant|p1a: Aerodactyl|slp
|move|p1b: Garchomp|Rock Slide|p2b: Vileplume|[spread] p2a,p2b
|-supereffective|p2a: Torkoal|1
|-damage|p2a: Torkoal|61/100
|-damage|p2b: Vileplume|68/100
|-damage|p1b: Garchomp|90/100|[from] item: Life Orb
|move|p2a: Torkoal|Weather Ball|p1b: Garchomp
|-resisted|p1b: Garchomp|1
|-damage|p1b: Garchomp|50/100g
|
|-weather|SunnyDay|[upkeep]
|upkeep
|turn|2
|
|t:|1786119131
|switch|p2a: Mawile|Mawile, L50, M|100/100
|-ability|p2a: Mawile|Intimidate|boost
|-unboost|p1a: Aerodactyl|atk|1
|-unboost|p1b: Garchomp|atk|1
|move|p1b: Garchomp|Protect|p1b: Garchomp
|-singleturn|p1b: Garchomp|Protect
|move|p2b: Vileplume|Sleep Powder|p1b: Garchomp
|-activate|p1b: Garchomp|move: Protect
|cant|p1a: Aerodactyl|slp
|
|-weather|SunnyDay|[upkeep]
|upkeep
|turn|3
|inactive|PaquitoelBollito has 30 seconds left.
|inactive|coglio6789 has 30 seconds left.
|inactive|PaquitoelBollito has 20 seconds left.
|
|t:|1786119166
|detailschange|p2a: Mawile|Mawile-Mega, L50, M
|-mega|p2a: Mawile|Mawile|Mawilite
|move|p2b: Vileplume|After You|p2a: Mawile
|-activate|p2a: Mawile|move: After You
|move|p2a: Mawile|Play Rough|p1a: Aerodactyl|[miss]
|-miss|p2a: Mawile|p1a: Aerodactyl
|-curestatus|p1a: Aerodactyl|slp|[msg]
|move|p1a: Aerodactyl|Tailwind|p1a: Aerodactyl
|-sidestart|p1: PaquitoelBollito|move: Tailwind
|move|p1b: Garchomp|Stomping Tantrum|p2a: Mawile
|-supereffective|p2a: Mawile|1
|-damage|p2a: Mawile|35/100
|-damage|p1b: Garchomp|41/100|[from] item: Life Orb
|
|-weather|SunnyDay|[upkeep]
|upkeep
|turn|4
|
|t:|1786119186
|switch|p2b: Torkoal|Torkoal, L50, F|61/100
|switch|p2a: Kangaskhan|Kangaskhan, L50, F|100/100
|move|p1a: Aerodactyl|Dual Wingbeat|p2b: Torkoal
|-damage|p2b: Torkoal|48/100
|-damage|p2b: Torkoal|34/100
|-hitcount|p2b: Torkoal|2
|move|p1b: Garchomp|Rock Slide|p2b: Torkoal|[spread] p2a,p2b
|-supereffective|p2b: Torkoal|1
|-damage|p2a: Kangaskhan|85/100
|-damage|p2b: Torkoal|9/100
|-damage|p1b: Garchomp|31/100|[from] item: Life Orb
|
|-weather|SunnyDay|[upkeep]
|upkeep
|turn|5
|
|t:|1786119207
|switch|p2b: Mawile|Mawile-Mega, L50, M|35/100
|move|p2a: Kangaskhan|Fake Out|p1a: Aerodactyl
|-resisted|p1a: Aerodactyl|1
|-damage|p1a: Aerodactyl|87/100
|-damage|p2a: Kangaskhan|75/100|[from] item: Life Orb
|cant|p1a: Aerodactyl|flinch
|move|p1b: Garchomp|Rock Slide|p2a: Kangaskhan|[spread] p2a,p2b
|-resisted|p2b: Mawile|1
|-crit|p2b: Mawile
|-damage|p2a: Kangaskhan|59/100
|-damage|p2b: Mawile|19/100
|-damage|p1b: Garchomp|22/100|[from] item: Life Orb
|
|-weather|none
|upkeep
|turn|6
|inactive|PaquitoelBollito has 30 seconds left.
|
|t:|1786119232
|switch|p1a: Kingambit|Kingambit, L50, F|100/100
|move|p2b: Mawile|Sucker Punch|p1b: Garchomp
|-damage|p1b: Garchomp|0 fnt
|-damage|p2b: Mawile|7/100|[from] ability: Rough Skin|[of] p1b: Garchomp
|faint|p1b: Garchomp
|move|p2a: Kangaskhan|Ice Punch|p1a: Kingambit
|-resisted|p1a: Kingambit|1
|-damage|p1a: Kingambit|88/100
|-damage|p2a: Kangaskhan|49/100|[from] item: Life Orb
|
|-sideend|p1: PaquitoelBollito|move: Tailwind
|upkeep
|
|t:|1786119239
|switch|p1b: Aerodactyl|Aerodactyl-Mega, L50, M|87/100
|turn|7
|
|t:|1786119260
|move|p1b: Aerodactyl|Rock Slide|p2a: Kangaskhan|[spread] p2a,p2b
|-resisted|p2b: Mawile|1
|-damage|p2a: Kangaskhan|22/100
|-damage|p2b: Mawile|0 fnt
|faint|p2b: Mawile
|move|p1a: Kingambit|Low Kick|p2a: Kangaskhan
|-supereffective|p2a: Kangaskhan|1
|-damage|p2a: Kangaskhan|0 fnt
|faint|p2a: Kangaskhan
|
|upkeep
|
|t:|1786119267
|switch|p2a: Vileplume|Vileplume, L50, M|68/100
|switch|p2b: Torkoal|Torkoal, L50, F|9/100
|-weather|SunnyDay|[from] ability: Drought|[of] p2b: Torkoal
|turn|8
|
|t:|1786119282
|move|p2b: Torkoal|Protect|p2b: Torkoal
|-singleturn|p2b: Torkoal|Protect
|move|p1a: Kingambit|Sucker Punch||[still]
|-fail|p1a: Kingambit
|move|p2a: Vileplume|Sleep Powder|p1b: Aerodactyl|[miss]
|-miss|p2a: Vileplume|p1b: Aerodactyl
|move|p1b: Aerodactyl|Dual Wingbeat|p2a: Vileplume|[miss]
|-miss|p1b: Aerodactyl|p2a: Vileplume
|
|-weather|SunnyDay|[upkeep]
|upkeep
|turn|9
|inactive|PaquitoelBollito has 30 seconds left.
|inactive|coglio6789 has 30 seconds left.
|
|t:|1786119315
|move|p2b: Torkoal|Protect||[still]
|-fail|p2b: Torkoal
|move|p1a: Kingambit|Sucker Punch||[still]
|-fail|p1a: Kingambit
|move|p2a: Vileplume|Sleep Powder|p1b: Aerodactyl
|-status|p1b: Aerodactyl|slp|[from] move: Sleep Powder
|cant|p1b: Aerodactyl|slp
|
|-weather|SunnyDay|[upkeep]
|upkeep
|turn|10
|
|t:|1786119327
|move|p2b: Torkoal|Protect|p2b: Torkoal
|-singleturn|p2b: Torkoal|Protect
|move|p1a: Kingambit|Sucker Punch||[still]
|-fail|p1a: Kingambit
|move|p2a: Vileplume|Sleep Powder|p1a: Kingambit
|-status|p1a: Kingambit|slp|[from] move: Sleep Powder
|cant|p1b: Aerodactyl|slp
|
|-weather|SunnyDay|[upkeep]
|upkeep
|turn|11
|
|t:|1786119348
|cant|p1a: Kingambit|slp
|move|p2a: Vileplume|Energy Ball|p1b: Aerodactyl
|-damage|p1b: Aerodactyl|40/100 slp
|-curestatus|p1b: Aerodactyl|slp|[msg]
|move|p1b: Aerodactyl|Rock Slide|p2a: Vileplume|[spread] p2a
|-miss|p1b: Aerodactyl|p2b: Torkoal
|-damage|p2a: Vileplume|30/100
|move|p2b: Torkoal|Weather Ball|p1b: Aerodactyl
|-resisted|p1b: Aerodactyl|1
|-damage|p1b: Aerodactyl|3/100
|
|-weather|SunnyDay|[upkeep]
|upkeep
|turn|12
|
|t:|1786119367
|move|p2a: Vileplume|Sleep Powder|p1b: Aerodactyl|[miss]
|-miss|p2a: Vileplume|p1b: Aerodactyl
|move|p1b: Aerodactyl|Rock Slide|p2b: Torkoal|[spread] p2a,p2b
|-supereffective|p2b: Torkoal|1
|-damage|p2a: Vileplume|0 fnt
|-damage|p2b: Torkoal|0 fnt
|faint|p2a: Vileplume
|faint|p2b: Torkoal
|
|win|PaquitoelBollito
