|j|☆Xeroxyx
|j|☆Theo The Mighty
|html|XeroxyxTheo The Mighty    
|uhtml|bestof|Game 1 of a best-of-3
|t:|1783368324
|gametype|doubles
|player|p1|Xeroxyx|hilbert|
|player|p2|Theo The Mighty|acetrainer-gen4|
|gen|9
|tier|[Gen 9 Champions] VGC 2026 Reg M-B (Bo3)
|rule|Species Clause: Limit one of each Pokémon
|rule|Item Clause: Limit 1 of each item
|clearpoke
|poke|p1|Gholdengo, L50|
|poke|p1|Incineroar, L50, F|
|poke|p1|Basculegion, L50, M|
|poke|p1|Garchomp, L50, M|
|poke|p1|Charizard, L50, F|
|poke|p1|Whimsicott, L50, M|
|poke|p2|Decidueye-Hisui, L50, F|
|poke|p2|Dragonite, L50, M|
|poke|p2|Zoroark-Hisui, L50, M|
|poke|p2|Excadrill, L50, M|
|poke|p2|Lycanroc-Dusk, L50, M|
|poke|p2|Incineroar, L50, M|
|teampreview|4
|showteam|p1|Gholdengo||SpellTag|GoodasGold|MakeItRain,ShadowBall,NastyPlot,Protect|Modest|||||50|]Incineroar||SitrusBerry|Intimidate|PartingShot,FlareBlitz,ThroatChop,FakeOut|Impish||F|||50|]Basculegion||ChoiceScarf|Adaptability|WaveCrash,LastRespects,AquaJet,FlipTurn|Jolly||M|||50|]Garchomp||LifeOrb|RoughSkin|Earthquake,DragonClaw,RockSlide,Protect|Jolly||M|||50|]Charizard||CharizarditeY|Blaze|HeatWave,SolarBeam,WeatherBall,Protect|Modest||F|||50|]Whimsicott||FocusSash|Prankster|Tailwind,Encore,Moonblast,Protect|Timid||M|||50|
|showteam|p2|Decidueye-Hisui||FocusSash|Scrappy|TripleArrows,LeafBlade,Tailwind,Protect|Adamant||F|||50|]Dragonite||Dragoninite|Multiscale|AirCutter,Thunderbolt,IceBeam,Protect|Timid||M|||50|]Zoroark-Hisui||LifeOrb|Illusion|ShadowBall,IcyWind,Taunt,Protect|Timid||M|||50|]Excadrill||Excadrite|MoldBreaker|IronHead,HighHorsepower,RockSlide,Protect|Adamant||M|||50|]Lycanroc-Dusk||MuscleBand|ToughClaws|Accelerock,SuckerPunch,PsychicFangs,Protect|Jolly||M|||50|]Incineroar||SitrusBerry|Intimidate|DarkestLariat,FakeOut,FlareBlitz,PartingShot|Adamant||M|||50|
|
|t:|1783368372
|teamsize|p1|4
|teamsize|p2|4
|start
|switch|p1a: Incineroar|Incineroar, L50, F|100/100
|switch|p1b: Whimsicott|Whimsicott, L50, M|100/100
|switch|p2a: Dragonite|Dragonite, L50, M|100/100
|switch|p2b: Lycanroc|Lycanroc-Dusk, L50, M|100/100
|-ability|p1a: Incineroar|Intimidate|boost
|-unboost|p2a: Dragonite|atk|1
|-unboost|p2b: Lycanroc|atk|1
|turn|1
|c|☆Xeroxyx|glhf
|
|t:|1783368426
|move|p2b: Lycanroc|Protect|p2b: Lycanroc
|-singleturn|p2b: Lycanroc|Protect
|move|p1a: Incineroar|Fake Out|p2b: Lycanroc
|-activate|p2b: Lycanroc|move: Protect
|move|p1b: Whimsicott|Tailwind|p1b: Whimsicott
|-sidestart|p1: Xeroxyx|move: Tailwind
|move|p2a: Dragonite|Icy Wind|p1a: Incineroar|[spread] p1a,p1b
|-resisted|p1a: Incineroar|1
|-supereffective|p1b: Whimsicott|1
|-damage|p1a: Incineroar|91/100
|-damage|p1b: Whimsicott|37/100
|-unboost|p1a: Incineroar|spe|1
|-unboost|p1b: Whimsicott|spe|1
|-damage|p2a: Dragonite|90/100|[from] item: Life Orb
|
|upkeep
|turn|2
|
|t:|1783368469
|switch|p2a: Decidueye|Decidueye-Hisui, L50, F|100/100
|move|p1b: Whimsicott|Encore|p2b: Lycanroc
|-start|p2b: Lycanroc|Encore
|move|p2b: Lycanroc|Protect||[still]
|-fail|p2b: Lycanroc
|move|p1a: Incineroar|Throat Chop|p2a: Decidueye
|-resisted|p2a: Decidueye|1
|-damage|p2a: Decidueye|77/100
|-start|p2a: Decidueye|Throat Chop|[silent]
|
|upkeep
|turn|3
|
|t:|1783368492
|switch|p2b: Dragonite|Dragonite, L50, M|100/100
|move|p1b: Whimsicott|Moonblast|p2a: Decidueye
|-supereffective|p2a: Decidueye|1
|-damage|p2a: Decidueye|0 fnt
|faint|p2a: Decidueye
|move|p1a: Incineroar|Flare Blitz|p2b: Dragonite
|-resisted|p2b: Dragonite|1
|-damage|p2b: Dragonite|84/100
|-damage|p1a: Incineroar|87/100|[from] Recoil
|
|upkeep
|
|t:|1783368518
|switch|p2a: Lycanroc|Lycanroc-Dusk, L50, M|90/100
|turn|4
|
|t:|1783368528
|move|p1b: Whimsicott|Protect|p1b: Whimsicott
|-singleturn|p1b: Whimsicott|Protect
|move|p2a: Lycanroc|Protect|p2a: Lycanroc
|-singleturn|p2a: Lycanroc|Protect
|move|p2b: Dragonite|Protect|p2b: Dragonite
|-singleturn|p2b: Dragonite|Protect
|move|p1a: Incineroar|Parting Shot|p2b: Dragonite
|-activate|p2b: Dragonite|move: Protect
|
|-sideend|p1: Xeroxyx|move: Tailwind
|upkeep
|turn|5
|c|☆Xeroxyx|wow, that's a protective round
|
|t:|1783368558
|detailschange|p2b: Dragonite|Dragonite-Mega, L50, M
|-mega|p2b: Dragonite|Dragonite|Dragoninite
|move|p1b: Whimsicott|Tailwind|p1b: Whimsicott
|-sidestart|p1: Xeroxyx|move: Tailwind
|move|p2a: Lycanroc|Icy Wind|p1a: Incineroar|[spread] p1a,p1b
|-resisted|p1a: Incineroar|1
|-supereffective|p1b: Whimsicott|1
|-damage|p1a: Incineroar|78/100
|-damage|p1b: Whimsicott|0 fnt
|-unboost|p1a: Incineroar|spe|1
|faint|p1b: Whimsicott
|-damage|p2a: Lycanroc|80/100|[from] item: Life Orb
|move|p2b: Dragonite|Thunderbolt|p1a: Incineroar
|-damage|p1a: Incineroar|49/100
|-enditem|p1a: Incineroar|Sitrus Berry|[eat]
|-heal|p1a: Incineroar|74/100|[from] item: Sitrus Berry
|move|p1a: Incineroar|Parting Shot|p2b: Dragonite
|-unboost|p2b: Dragonite|atk|1
|-unboost|p2b: Dragonite|spa|1
|
|t:|1783368595
|switch|p1a: Basculegion|Basculegion, L50, M|100/100|[from] Parting Shot
|
|upkeep
|
|t:|1783368597
|switch|p1b: Incineroar|Incineroar, L50, F|74/100
|-ability|p1b: Incineroar|Intimidate|boost
|-unboost|p2a: Lycanroc|atk|1
|-unboost|p2b: Dragonite|atk|1
|turn|6
|
|t:|1783368633
|move|p2a: Lycanroc|Protect|p2a: Lycanroc
|-singleturn|p2a: Lycanroc|Protect
|move|p1b: Incineroar|Fake Out|p2a: Lycanroc
|-activate|p2a: Lycanroc|move: Protect
|move|p1a: Basculegion|Last Respects|p2b: Dragonite
|-damage|p2b: Dragonite|25/100
|move|p2b: Dragonite|Thunderbolt|p1a: Basculegion
|-supereffective|p1a: Basculegion|1
|-damage|p1a: Basculegion|51/100
|
|upkeep
|turn|7
|
|t:|1783368662
|move|p2b: Dragonite|Protect|p2b: Dragonite
|-singleturn|p2b: Dragonite|Protect
|move|p1a: Basculegion|Last Respects|p2a: Lycanroc
|-immune|p2a: Lycanroc
|move|p1b: Incineroar|Throat Chop|p2b: Dragonite
|-activate|p2b: Dragonite|move: Protect
|move|p2a: Lycanroc|Shadow Ball|p1a: Basculegion
|-supereffective|p1a: Basculegion|1
|-crit|p1a: Basculegion
|-damage|p1a: Basculegion|0 fnt
|faint|p1a: Basculegion
|-damage|p2a: Lycanroc|70/100|[from] item: Life Orb
|
|upkeep
|c|☆Xeroxyx|interesting
|
|t:|1783368675
|switch|p1a: Charizard|Charizard, L50, F|100/100
|turn|8
|
|t:|1783368705
|detailschange|p1a: Charizard|Charizard-Mega-Y, L50, F
|-mega|p1a: Charizard|Charizard|Charizardite Y
|-weather|SunnyDay|[from] ability: Drought|[of] p1a: Charizard
|move|p2a: Lycanroc|Protect|p2a: Lycanroc
|-singleturn|p2a: Lycanroc|Protect
|move|p1a: Charizard|Heat Wave|p2b: Dragonite|[spread] p2b
|-activate|p2a: Lycanroc|move: Protect
|-resisted|p2b: Dragonite|1
|-damage|p2b: Dragonite|0 fnt
|faint|p2b: Dragonite
|move|p1b: Incineroar|Throat Chop|p2a: Lycanroc
|-activate|p2a: Lycanroc|move: Protect
|
|-weather|SunnyDay|[upkeep]
|-sideend|p1: Xeroxyx|move: Tailwind
|upkeep
|
|t:|1783368720
|switch|p2b: Lycanroc|Lycanroc-Dusk, L50, M|100/100
|turn|9
|
|t:|1783368734
|move|p1a: Charizard|Protect|p1a: Charizard
|-singleturn|p1a: Charizard|Protect
|move|p2b: Lycanroc|Accelerock|p1a: Charizard
|-activate|p1a: Charizard|move: Protect
|move|p2a: Lycanroc|Icy Wind|p1b: Incineroar|[spread] p1b
|-activate|p1a: Charizard|move: Protect
|-resisted|p1b: Incineroar|1
|-damage|p1b: Incineroar|65/100
|-unboost|p1b: Incineroar|spe|1
|-damage|p2a: Lycanroc|60/100|[from] item: Life Orb
|move|p1b: Incineroar|Parting Shot|p2b: Lycanroc
|-unboost|p2b: Lycanroc|atk|1
|-unboost|p2b: Lycanroc|spa|1
|
|-weather|SunnyDay|[upkeep]
|upkeep
|turn|10
|
|t:|1783368761
|move|p2b: Lycanroc|Accelerock|p1a: Charizard
|-supereffective|p1a: Charizard|2
|-damage|p1a: Charizard|17/100
|move|p2a: Lycanroc|Shadow Ball|p1b: Incineroar
|-resisted|p1b: Incineroar|1
|-damage|p1b: Incineroar|42/100
|-damage|p2a: Lycanroc|50/100g|[from] item: Life Orb
|move|p1a: Charizard|Solar Beam||[still]
|-prepare|p1a: Charizard|Solar Beam
|-anim|p1a: Charizard|Solar Beam|p2b: Lycanroc
|-supereffective|p2b: Lycanroc|1
|-damage|p2b: Lycanroc|0 fnt
|faint|p2b: Lycanroc
|move|p1b: Incineroar|Throat Chop|p2a: Lycanroc
|-supereffective|p2a: Lycanroc|1
|-damage|p2a: Lycanroc|0 fnt
|replace|p2a: Zoroark|Zoroark-Hisui, L50, M
|-end|p2a: Zoroark|Illusion
|faint|p2a: Zoroark
|
|win|Xeroxyx
|c|☆Xeroxyx|ggwp
||Xeroxyx is ready for game 2.
|inactive|Theo The Mighty has 30 seconds to confirm battle start!
