|j|☆washingtongargacha
|j|☆uhhhhh_plz
|html|washingtongargachauhhhhh_plz    
|uhtml|bestof|Game 1 of a best-of-3
|t:|1757725787
|gametype|doubles
|player|p1|washingtongargacha|101|1132
|player|p2|uhhhhh_plz|266|1124
|gen|9
|tier|[Gen 9] VGC 2025 Reg H (Bo3)
|rated|
|rule|Species Clause: Limit one of each Pokémon
|rule|Item Clause: Limit 1 of each item
|clearpoke
|poke|p1|Talonflame, L50, M|
|poke|p1|Gholdengo, L50|
|poke|p1|Dragonite, L50, M|
|poke|p1|Archaludon, L50, M|
|poke|p1|Tyranitar, L50, F|
|poke|p1|Garchomp, L50, M|
|poke|p2|Rillaboom, L50, F|
|poke|p2|Ursaluna-Bloodmoon, L50, M|
|poke|p2|Comfey, L50, M|
|poke|p2|Volcarona, L50, F|
|poke|p2|Electabuzz, L50, M|
|poke|p2|Dragonite, L50, M|
|teampreview|4
|showteam|p1|Talonflame||CovertCloak|GaleWings|Tailwind,DualWingbeat,Taunt,FlareBlitz|||M|||50|,,,,,Stellar]Gholdengo||LifeOrb|GoodasGold|MakeItRain,NastyPlot,ShadowBall,Protect||||||50|,,,,,Steel]Dragonite||LoadedDice|Multiscale|ScaleShot,IceSpinner,Haze,Protect|||M|||50|,,,,,Steel]Archaludon||PowerHerb|Sturdy|FlashCannon,ElectroShot,DracoMeteor,Protect|||M|||50|,,,,,Flying]Tyranitar||AssaultVest|SandStream|KnockOff,RockSlide,TeraBlast,LowKick|||F|||50|,,,,,Flying]Garchomp||ClearAmulet|RoughSkin|DragonClaw,StompingTantrum,Earthquake,Protect|||M|||50|,,,,,Steel
|showteam|p2|Rillaboom||AssaultVest|GrassySurge|FakeOut,Uturn,GrassyGlide,HighHorsepower|||F|||50|,,,,,Fire]Ursaluna-Bloodmoon||Leftovers|MindsEye|Protect,CalmMind,EarthPower,HyperVoice|||M|||50|,,,,,Poison]Comfey||FocusSash|Triage|Protect,HelpingHand,FloralHealing,DrainingKiss|||M|||50|,,,,,Ghost]Volcarona||GrassySeed|FlameBody|Protect,QuiverDance,FieryDance,GigaDrain|||F|||50|,,,,,Grass]Electabuzz||Eviolite|VitalSpirit|Protect,FollowMe,Taunt,Thunderbolt|||M|||50|,,,,,Ghost]Dragonite||LoadedDice|InnerFocus|Protect,Haze,AquaJet,ScaleShot|||M|||50|,,,,,Fairy
|inactive|Battle timer is ON: inactive players will automatically lose when time's up. (requested by uhhhhh_plz)
|inactive|washingtongargacha has 60 seconds left.
|inactive|uhhhhh_plz has 60 seconds left.
|
|t:|1757725835
|teamsize|p1|4
|teamsize|p2|4
|start
|switch|p1a: Talonflame|Talonflame, L50, M|100/100
|switch|p1b: Gholdengo|Gholdengo, L50|100/100
|switch|p2a: Dragonite|Dragonite, L50, M|100/100
|switch|p2b: Ursaluna|Ursaluna-Bloodmoon, L50, M|100/100
|turn|1
|inactive|uhhhhh_plz has 30 seconds left.
|inactive|washingtongargacha has 30 seconds left.
|
|t:|1757725871
|move|p1a: Talonflame|Dual Wingbeat|p2a: Dragonite|[miss]
|-miss|p1a: Talonflame|p2a: Dragonite
|move|p1b: Gholdengo|Make It Rain|p2a: Dragonite|[spread] p2a,p2b
|-damage|p2a: Dragonite|23/100
|-damage|p2b: Ursaluna|21/100
|-unboost|p1b: Gholdengo|spa|1
|-damage|p1b: Gholdengo|91/100|[from] item: Life Orb
|move|p2a: Dragonite|Scale Shot|p1a: Talonflame|[miss]
|-miss|p2a: Dragonite|p1a: Talonflame
|move|p2b: Ursaluna|Earth Power|p1b: Gholdengo
|-supereffective|p1b: Gholdengo
|-damage|p1b: Gholdengo|0 fnt
|faint|p1b: Gholdengo
|
|-heal|p2b: Ursaluna|27/100|[from] item: Leftovers
|upkeep
|
|t:|1757725887
|switch|p1b: Tyranitar|Tyranitar, L50, F|100/100
|-weather|Sandstorm|[from] ability: Sand Stream|[of] p1b: Tyranitar
|turn|2
|inactive|uhhhhh_plz has 30 seconds left.
|
|t:|1757725919
|-terastallize|p2b: Ursaluna|Poison
|move|p1a: Talonflame|Dual Wingbeat|p2a: Dragonite
|-damage|p2a: Dragonite|6/100
|-damage|p2a: Dragonite|0 fnt
|faint|p2a: Dragonite
|-hitcount|p2: Dragonite|2
|move|p1b: Tyranitar|Low Kick|p2b: Ursaluna
|-resisted|p2b: Ursaluna
|-damage|p2b: Ursaluna|11/100
|move|p2b: Ursaluna|Calm Mind|p2b: Ursaluna
|-boost|p2b: Ursaluna|spa|1
|-boost|p2b: Ursaluna|spd|1
|
|-weather|Sandstorm|[upkeep]
|-damage|p1a: Talonflame|95/100|[from] Sandstorm
|-damage|p2b: Ursaluna|4/100|[from] Sandstorm
|-heal|p2b: Ursaluna|11/100|[from] item: Leftovers
|upkeep
|
|t:|1757725927
|switch|p2a: Comfey|Comfey, L50, M|100/100
|turn|3
|inactive|washingtongargacha has 30 seconds left.
|
|t:|1757725953
|-terastallize|p1b: Tyranitar|Flying
|move|p2a: Comfey|Floral Healing|p2b: Ursaluna
|-heal|p2b: Ursaluna|61/100
|move|p1a: Talonflame|Dual Wingbeat|p2b: Ursaluna
|-damage|p2b: Ursaluna|49/100
|-damage|p2b: Ursaluna|38/100
|-hitcount|p2b: Ursaluna|2
|move|p1b: Tyranitar|Rock Slide|p2a: Comfey|[spread] p2b
|-miss|p1b: Tyranitar|p2a: Comfey
|-damage|p2b: Ursaluna|14/100
|move|p2b: Ursaluna|Hyper Voice|p1a: Talonflame|[spread] p1a,p1b
|-crit|p1b: Tyranitar
|-damage|p1a: Talonflame|1/100
|-damage|p1b: Tyranitar|53/100
|
|-weather|Sandstorm|[upkeep]
|-damage|p1a: Talonflame|0 fnt|[from] Sandstorm
|-damage|p2a: Comfey|95/100|[from] Sandstorm
|-damage|p1b: Tyranitar|48/100|[from] Sandstorm
|-damage|p2b: Ursaluna|8/100|[from] Sandstorm
|faint|p1a: Talonflame
|-heal|p2b: Ursaluna|14/100|[from] item: Leftovers
|upkeep
|
|t:|1757725972
|switch|p1a: Archaludon|Archaludon, L50, M|100/100
|turn|4
|
|t:|1757725989
|move|p2a: Comfey|Floral Healing|p2b: Ursaluna
|-heal|p2b: Ursaluna|64/100
|move|p1a: Archaludon|Electro Shot||[still]
|-prepare|p1a: Archaludon|Electro Shot
|-boost|p1a: Archaludon|spa|1
|-enditem|p1a: Archaludon|Power Herb
|-anim|p1a: Archaludon|Electro Shot|p2b: Ursaluna
|-crit|p2b: Ursaluna
|-damage|p2b: Ursaluna|0 fnt
|faint|p2b: Ursaluna
|move|p1b: Tyranitar|Tera Blast|p2a: Comfey|[anim] Tera Blast Flying
|-damage|p2a: Comfey|54/100
|
|-weather|Sandstorm|[upkeep]
|-damage|p2a: Comfey|49/100|[from] Sandstorm
|-damage|p1b: Tyranitar|42/100|[from] Sandstorm
|upkeep
|
|t:|1757725998
|switch|p2b: Volcarona|Volcarona, L50, F|100/100
|turn|5
|
|t:|1757726014
|move|p2a: Comfey|Helping Hand|p2b: Volcarona
|-singleturn|p2b: Volcarona|Helping Hand|[of] p2a: Comfey
|move|p2b: Volcarona|Fiery Dance|p1b: Tyranitar
|-damage|p1b: Tyranitar|12/100
|-boost|p2b: Volcarona|spa|1
|move|p1a: Archaludon|Draco Meteor|p2b: Volcarona
|-damage|p2b: Volcarona|8/100
|-unboost|p1a: Archaludon|spa|2
|move|p1b: Tyranitar|Rock Slide|p2b: Volcarona|[spread] p2a,p2b
|-supereffective|p2b: Volcarona
|-damage|p2a: Comfey|23/100
|-damage|p2b: Volcarona|0 fnt
|faint|p2b: Volcarona
|
|-weather|Sandstorm|[upkeep]
|-damage|p2a: Comfey|18/100|[from] Sandstorm
|-damage|p1b: Tyranitar|6/100|[from] Sandstorm
|upkeep
|turn|6
|-message|uhhhhh_plz forfeited.
|
|win|washingtongargacha
