|j|☆Freudianbreath
|j|☆Oura138
|html|FreudianbreathOura138    
|uhtml|bestof|Game 1 of a best-of-3
|t:|1756192652
|gametype|doubles
|player|p1|Freudianbreath|2|1000
|player|p2|Oura138|koga|1113
|gen|9
|tier|[Gen 9] VGC 2025 Reg H (Bo3)
|rated|
|rule|Species Clause: Limit one of each Pokémon
|rule|Item Clause: Limit 1 of each item
|clearpoke
|poke|p1|Incineroar, L50, M|
|poke|p1|Dragonite, L50, F|
|poke|p1|Gholdengo, L50|
|poke|p1|Breloom, L50, F|
|poke|p1|Arcanine-Hisui, L50, F|
|poke|p1|Rillaboom, L50, M|
|poke|p2|Sneasler, L50, F|
|poke|p2|Kingambit, L50, M|
|poke|p2|Rillaboom, L50, M|
|poke|p2|Electabuzz, L50, M|
|poke|p2|Ninetales-Alola, L50, M|
|poke|p2|Volcarona, L50, F|
|teampreview|4
|showteam|p1|Incineroar||SafetyGoggles|Intimidate|FakeOut,KnockOff,WillOWisp,PartingShot|||M|||50|,,,,,Ghost]Dragonite||SilkScarf|Multiscale|Protect,ExtremeSpeed,Tailwind,StompingTantrum|||F|||50|,,,,,Fairy]Gholdengo||LifeOrb|GoodasGold|MakeItRain,ShadowBall,NastyPlot,Protect||||||50|,,,,,Dragon]Breloom||LoadedDice|Technician|BulletSeed,MachPunch,Protect,Spore|||F|||50|,,,,,Fire]Arcanine-Hisui||ChoiceBand|Intimidate|ExtremeSpeed,FlareBlitz,RockSlide,HeadSmash|||F|||50|,,,,,Normal]Rillaboom||AssaultVest|GrassySurge|WoodHammer,GrassyGlide,FakeOut,HighHorsepower|||M|||50|,,,,,Fire
|showteam|p2|Sneasler||GrassySeed|Unburden|DireClaw,CloseCombat,Protect,Acrobatics|||F|||50|,,,,,Flying]Kingambit||BlackGlasses|Defiant|KowtowCleave,SwordsDance,SuckerPunch,Protect|||M|||50|,,,,,Ghost]Rillaboom||AssaultVest|GrassySurge|WoodHammer,Uturn,GrassyGlide,FakeOut|||M|||50|,,,,,Fire]Electabuzz||Eviolite|VitalSpirit|Electroweb,FollowMe,Taunt,Protect|||M|||50|,,,,,Ghost]Ninetales-Alola||FocusSash|SnowWarning|Blizzard,FreezeDry,Encore,Protect|||M|||50|,,,,,Ice]Volcarona||Leftovers|FlameBody|HeatWave,TeraBlast,QuiverDance,Protect|||F|||50|,,,,,Water
|
|t:|1756192761
|teamsize|p1|4
|teamsize|p2|4
|start
|switch|p1a: Incineroar|Incineroar, L50, M|100/100
|switch|p1b: Breloom|Breloom, L50, F|100/100
|switch|p2a: Electabuzz|Electabuzz, L50, M|100/100
|switch|p2b: Volcarona|Volcarona, L50, F|100/100
|-ability|p1a: Incineroar|Intimidate|boost
|-unboost|p2a: Electabuzz|atk|1
|-unboost|p2b: Volcarona|atk|1
|turn|1
|
|t:|1756192841
|move|p1a: Incineroar|Fake Out|p2b: Volcarona
|-damage|p2b: Volcarona|89/100
|move|p2a: Electabuzz|Taunt|p1b: Breloom
|-start|p1b: Breloom|move: Taunt
|cant|p2b: Volcarona|flinch
|move|p1b: Breloom|Bullet Seed|p2a: Electabuzz
|-damage|p2a: Electabuzz|79/100
|-damage|p2a: Electabuzz|56/100
|-damage|p2a: Electabuzz|34/100
|-damage|p2a: Electabuzz|13/100
|-damage|p2a: Electabuzz|0 fnt
|faint|p2a: Electabuzz
|-hitcount|p2: Electabuzz|5
|
|-heal|p2b: Volcarona|95/100|[from] item: Leftovers
|upkeep
|
|t:|1756192864
|switch|p2a: Rillaboom|Rillaboom, L50, M|100/100
|-fieldstart|move: Grassy Terrain|[from] ability: Grassy Surge|[of] p2a: Rillaboom
|turn|2
|
|t:|1756192899
|switch|p1b: Arcanine|Arcanine-Hisui, L50, F|100/100
|-ability|p1b: Arcanine|Intimidate|boost
|-unboost|p2a: Rillaboom|atk|1
|-unboost|p2b: Volcarona|atk|1
|move|p2b: Volcarona|Quiver Dance|p2b: Volcarona
|-boost|p2b: Volcarona|spa|1
|-boost|p2b: Volcarona|spd|1
|-boost|p2b: Volcarona|spe|1
|move|p2a: Rillaboom|U-turn|p1a: Incineroar
|-damage|p1a: Incineroar|87/100
|
|t:|1756192910
|switch|p2a: Sneasler|Sneasler, L50, F|100/100|[from] U-turn
|-enditem|p2a: Sneasler|Grassy Seed
|-boost|p2a: Sneasler|def|1|[from] item: Grassy Seed
|move|p1a: Incineroar|Knock Off|p2b: Volcarona
|-damage|p2b: Volcarona|51/100
|-enditem|p2b: Volcarona|Leftovers|[from] move: Knock Off|[of] p1a: Incineroar
|
|-heal|p2b: Volcarona|57/100|[from] Grassy Terrain
|-heal|p1a: Incineroar|93/100|[from] Grassy Terrain
|upkeep
|turn|3
|
|t:|1756192968
|-terastallize|p1b: Arcanine|Normal
|move|p2b: Volcarona|Protect|p2b: Volcarona
|-singleturn|p2b: Volcarona|Protect
|move|p1b: Arcanine|Extreme Speed|p2b: Volcarona
|-activate|p2b: Volcarona|move: Protect
|move|p2a: Sneasler|Close Combat|p1b: Arcanine
|-supereffective|p1b: Arcanine
|-crit|p1b: Arcanine
|-damage|p1b: Arcanine|0 fnt
|-unboost|p2a: Sneasler|def|1
|-unboost|p2a: Sneasler|spd|1
|faint|p1b: Arcanine
|move|p1a: Incineroar|Will-O-Wisp|p2a: Sneasler
|-status|p2a: Sneasler|brn
|
|-heal|p2b: Volcarona|64/100|[from] Grassy Terrain
|-heal|p1a: Incineroar|99/100|[from] Grassy Terrain
|-damage|p2a: Sneasler|94/100 brn|[from] brn
|upkeep
|
|t:|1756193054
|switch|p1b: Dragonite|Dragonite, L50, F|100/100
|turn|4
|
|t:|1756193080
|move|p2a: Sneasler|Dire Claw|p1b: Dragonite
|-damage|p1b: Dragonite|91/100
|-status|p1b: Dragonite|psn
|move|p2b: Volcarona|Heat Wave|p1b: Dragonite|[spread] p1a,p1b
|-resisted|p1a: Incineroar
|-resisted|p1b: Dragonite
|-damage|p1a: Incineroar|78/100
|-damage|p1b: Dragonite|69/100 psn
|move|p1b: Dragonite|Stomping Tantrum|p2b: Volcarona
|-damage|p2b: Volcarona|31/100
|move|p1a: Incineroar|Parting Shot|p2a: Sneasler
|-unboost|p2a: Sneasler|atk|1
|-unboost|p2a: Sneasler|spa|1
|
|t:|1756193101
|switch|p1a: Breloom|Breloom, L50, F|100/100|[from] Parting Shot
|
|-heal|p2a: Sneasler|100/100 brn|[from] Grassy Terrain
|-heal|p2b: Volcarona|37/100|[from] Grassy Terrain
|-damage|p1b: Dragonite|57/100 psn|[from] psn
|-damage|p2a: Sneasler|94/100 brn|[from] brn
|upkeep
|turn|5
|
|t:|1756193152
|move|p1a: Breloom|Protect|p1a: Breloom
|-singleturn|p1a: Breloom|Protect
|move|p1b: Dragonite|Extreme Speed|p2b: Volcarona
|-damage|p2b: Volcarona|0 fnt
|faint|p2b: Volcarona
|move|p2a: Sneasler|Dire Claw|p1a: Breloom
|-activate|p1a: Breloom|move: Protect
|
|-heal|p2a: Sneasler|100/100 brn|[from] Grassy Terrain
|-damage|p1b: Dragonite|44/100 psn|[from] psn
|-damage|p2a: Sneasler|94/100 brn|[from] brn
|upkeep
|
|t:|1756193166
|switch|p2b: Rillaboom|Rillaboom, L50, M|100/100
|turn|6
|
|t:|1756193201
|switch|p1a: Incineroar|Incineroar, L50, M|78/100
|-ability|p1a: Incineroar|Intimidate|boost
|-unboost|p2a: Sneasler|atk|1
|-unboost|p2b: Rillaboom|atk|1
|move|p1b: Dragonite|Protect|p1b: Dragonite
|-singleturn|p1b: Dragonite|Protect
|move|p2b: Rillaboom|Fake Out|p1a: Incineroar
|-damage|p1a: Incineroar|70/100
|move|p2a: Sneasler|Dire Claw|p1a: Incineroar
|-damage|p1a: Incineroar|60/100
|
|-heal|p2a: Sneasler|100/100 brn|[from] Grassy Terrain
|-heal|p1a: Incineroar|66/100|[from] Grassy Terrain
|-damage|p1b: Dragonite|32/100 psn|[from] psn
|-damage|p2a: Sneasler|94/100 brn|[from] brn
|-fieldend|move: Grassy Terrain
|upkeep
|turn|7
|
|t:|1756193234
|-terastallize|p2a: Sneasler|Flying
|move|p1a: Incineroar|Fake Out|p2b: Rillaboom
|-damage|p2b: Rillaboom|91/100
|move|p2a: Sneasler|Close Combat|p1a: Incineroar
|-supereffective|p1a: Incineroar
|-damage|p1a: Incineroar|37/100
|-unboost|p2a: Sneasler|def|1
|-unboost|p2a: Sneasler|spd|1
|move|p1b: Dragonite|Stomping Tantrum|p2a: Sneasler
|-immune|p2a: Sneasler
|cant|p2b: Rillaboom|flinch
|
|-damage|p1b: Dragonite|20/100 psn|[from] psn
|-damage|p2a: Sneasler|88/100 brn|[from] brn
|upkeep
|turn|8
|
|t:|1756193292
|move|p2a: Sneasler|Protect|p2a: Sneasler
|-singleturn|p2a: Sneasler|Protect
|move|p1b: Dragonite|Protect|p1b: Dragonite
|-singleturn|p1b: Dragonite|Protect
|move|p2b: Rillaboom|Grassy Glide|p1b: Dragonite
|-activate|p1b: Dragonite|move: Protect
|move|p1a: Incineroar|Will-O-Wisp|p2b: Rillaboom
|-status|p2b: Rillaboom|brn
|
|-damage|p1b: Dragonite|8/100 psn|[from] psn
|-damage|p2a: Sneasler|82/100 brn|[from] brn
|-damage|p2b: Rillaboom|86/100 brn|[from] brn
|upkeep
|turn|9
|
|t:|1756193322
|move|p1b: Dragonite|Extreme Speed|p2a: Sneasler
|-damage|p2a: Sneasler|0 fnt
|faint|p2a: Sneasler
|move|p2b: Rillaboom|Wood Hammer|p1a: Incineroar
|-resisted|p1a: Incineroar
|-damage|p1a: Incineroar|29/100
|-damage|p2b: Rillaboom|83/100 brn|[from] Recoil
|move|p1a: Incineroar|Knock Off|p2b: Rillaboom
|-damage|p2b: Rillaboom|47/100 brn
|-enditem|p2b: Rillaboom|Assault Vest|[from] move: Knock Off|[of] p1a: Incineroar
|
|-damage|p1b: Dragonite|0 fnt|[from] psn
|faint|p1b: Dragonite
|-damage|p2b: Rillaboom|42/100 brn|[from] brn
|upkeep
|
|t:|1756193333
|switch|p1b: Breloom|Breloom, L50, F|100/100
|turn|10
|
|t:|1756193347
|move|p1b: Breloom|Bullet Seed|p2b: Rillaboom
|-resisted|p2b: Rillaboom
|-damage|p2b: Rillaboom|30/100 brn
|-resisted|p2b: Rillaboom
|-damage|p2b: Rillaboom|20/100 brn
|-resisted|p2b: Rillaboom
|-crit|p2b: Rillaboom
|-damage|p2b: Rillaboom|6/100 brn
|-resisted|p2b: Rillaboom
|-damage|p2b: Rillaboom|0 fnt
|faint|p2b: Rillaboom
|-hitcount|p2: Rillaboom|4
|
|win|Freudianbreath
||Oura138 is ready for game 2.
