|j|☆sqmuelgoated
|j|☆lolgz
|html|sqmuelgoatedlolgz    
|uhtml|bestof|Game 1 of a best-of-3
|t:|1782732056
|gametype|doubles
|player|p1|sqmuelgoated|102|1022
|player|p2|lolgz|dawn|1132
|gen|9
|tier|[Gen 9 Champions] VGC 2026 Reg M-B (Bo3)
|rated|
|rule|Species Clause: Limit one of each Pokémon
|rule|Item Clause: Limit 1 of each item
|clearpoke
|poke|p1|Staraptor, L50, M, shiny|
|poke|p1|Whimsicott, L50, F, shiny|
|poke|p1|Incineroar, L50, M, shiny|
|poke|p1|Basculegion, L50, M, shiny|
|poke|p1|Archaludon, L50, M, shiny|
|poke|p1|Pelipper, L50, F, shiny|
|poke|p2|Scrafty, L50, M|
|poke|p2|Scizor, L50, F|
|poke|p2|Milotic, L50, F|
|poke|p2|Sinistcha, L50|
|poke|p2|Sneasler, L50, M|
|poke|p2|Incineroar, L50, F|
|teampreview|4
|showteam|p1|Staraptor||Staraptite|Intimidate|CloseCombat,Protect,BraveBird,Roost|Adamant||M|||50|]Whimsicott||FocusSash|Prankster|Moonblast,Charm,Encore,Tailwind|Bold||F|||50|]Incineroar||SitrusBerry|Intimidate|FakeOut,FlareBlitz,PartingShot,ThroatChop|Adamant||M|||50|]Basculegion||ChoiceScarf|Adaptability|WaveCrash,AquaJet,LastRespects,FlipTurn|Jolly||M|||50|]Archaludon|||Stamina|ElectroShot,Thunder,DracoMeteor,FlashCannon|Timid||M|||50|]Pelipper||DampRock|Drizzle|Hurricane,Uturn,Tailwind,WeatherBall|Modest||F|||50|
|showteam|p2|Scrafty||Scraftinite|Intimidate|DrainPunch,KnockOff,Protect,DragonDance|Jolly||M|||50|]Scizor||Scizorite|Swarm|BulletPunch,BugBite,SwordsDance,Protect|Adamant||F|||50|]Milotic||Leftovers|Competitive|Scald,IcyWind,Recover,Protect|Calm||F|||50|]Sinistcha||CobaBerry|Hospitality|MatchaGotcha,RagePowder,LifeDew,TrickRoom|Bold|||||50|]Sneasler||WhiteHerb|Unburden|CloseCombat,DireClaw,FakeOut,Coaching|Adamant||M|||50|]Incineroar||SitrusBerry|Intimidate|FlareBlitz,ThroatChop,FakeOut,PartingShot|Adamant||F|||50|
|
|t:|1782732112
|teamsize|p1|4
|teamsize|p2|4
|start
|switch|p1a: Pelipper|Pelipper, L50, F, shiny|100/100
|switch|p1b: Staraptor|Staraptor, L50, M, shiny|100/100
|switch|p2a: Milotic|Milotic, L50, F|100/100
|switch|p2b: Scizor|Scizor, L50, F|100/100
|-ability|p1b: Staraptor|Intimidate|boost
|-unboost|p2a: Milotic|atk|1
|-ability|p2a: Milotic|Competitive|boost
|-boost|p2a: Milotic|spa|2
|-unboost|p2b: Scizor|atk|1
|-weather|RainDance|[from] ability: Drizzle|[of] p1a: Pelipper
|turn|1
|
|t:|1782732148
|detailschange|p1b: Staraptor|Staraptor-Mega, L50, M, shiny
|-mega|p1b: Staraptor|Staraptor|Staraptite
|detailschange|p2b: Scizor|Scizor-Mega, L50, F
|-mega|p2b: Scizor|Scizor|Scizorite
|move|p1b: Staraptor|Close Combat|p2b: Scizor
|-damage|p2b: Scizor|50/100g
|-boost|p1b: Staraptor|def|1
|-boost|p1b: Staraptor|spd|1
|move|p2a: Milotic|Scald|p1b: Staraptor
|-damage|p1b: Staraptor|28/100
|move|p2b: Scizor|Swords Dance|p2b: Scizor
|-boost|p2b: Scizor|atk|2
|move|p1a: Pelipper|Tailwind|p1a: Pelipper
|-sidestart|p1: sqmuelgoated|move: Tailwind
|
|-weather|RainDance|[upkeep]
|upkeep
|turn|2
|
|t:|1782732181
|move|p2b: Scizor|Protect|p2b: Scizor
|-singleturn|p2b: Scizor|Protect
|move|p1b: Staraptor|Close Combat|p2b: Scizor
|-activate|p2b: Scizor|move: Protect
|move|p1a: Pelipper|Hurricane|p2b: Scizor
|-activate|p2b: Scizor|move: Protect
|move|p2a: Milotic|Scald|p1b: Staraptor
|-damage|p1b: Staraptor|0 fnt
|faint|p1b: Staraptor
|
|-weather|RainDance|[upkeep]
|upkeep
|
|t:|1782732184
|switch|p1b: Archaludon|Archaludon, L50, M, shiny|100/100
|turn|3
|
|t:|1782732201
|move|p1b: Archaludon|Electro Shot||[still]
|-prepare|p1b: Archaludon|Electro Shot
|-boost|p1b: Archaludon|spa|1
|-anim|p1b: Archaludon|Electro Shot|p2a: Milotic
|-supereffective|p2a: Milotic|1
|-damage|p2a: Milotic|7/100
|move|p1a: Pelipper|Hurricane|p2b: Scizor
|-damage|p2b: Scizor|3/100
|move|p2a: Milotic|Scald|p1b: Archaludon
|-resisted|p1b: Archaludon|1
|-damage|p1b: Archaludon|38/100
|-ability|p1b: Archaludon|Stamina|boost
|-boost|p1b: Archaludon|def|1
|move|p2b: Scizor|Bug Bite|p1a: Pelipper
|-resisted|p1a: Pelipper|1
|-damage|p1a: Pelipper|51/100
|
|-weather|RainDance|[upkeep]
|-heal|p2a: Milotic|13/100|[from] item: Leftovers
|upkeep
|turn|4
|
|t:|1782732222
|move|p2a: Milotic|Protect|p2a: Milotic
|-singleturn|p2a: Milotic|Protect
|move|p2b: Scizor|Protect|p2b: Scizor
|-singleturn|p2b: Scizor|Protect
|move|p1b: Archaludon|Electro Shot||[still]
|-prepare|p1b: Archaludon|Electro Shot
|-boost|p1b: Archaludon|spa|1
|-anim|p1b: Archaludon|Electro Shot|p2a: Milotic
|-activate|p2a: Milotic|move: Protect
|move|p1a: Pelipper|Hurricane|p2b: Scizor
|-activate|p2b: Scizor|move: Protect
|
|-weather|RainDance|[upkeep]
|-heal|p2a: Milotic|19/100|[from] item: Leftovers
|-sideend|p1: sqmuelgoated|move: Tailwind
|upkeep
|turn|5
|
|t:|1782732250
|switch|p2a: Incineroar|Incineroar, L50, F|100/100
|-ability|p2a: Incineroar|Intimidate|boost
|-unboost|p1a: Pelipper|atk|1
|-unboost|p1b: Archaludon|atk|1
|move|p2b: Scizor|Bullet Punch|p1a: Pelipper
|-resisted|p1a: Pelipper|1
|-damage|p1a: Pelipper|19/100
|move|p1b: Archaludon|Electro Shot||[still]
|-prepare|p1b: Archaludon|Electro Shot
|-boost|p1b: Archaludon|spa|1
|-anim|p1b: Archaludon|Electro Shot|p2a: Incineroar
|-damage|p2a: Incineroar|0 fnt
|faint|p2a: Incineroar
|move|p1a: Pelipper|Tailwind|p1a: Pelipper
|-sidestart|p1: sqmuelgoated|move: Tailwind
|
|-weather|RainDance|[upkeep]
|upkeep
|
|t:|1782732253
|switch|p2a: Sneasler|Sneasler, L50, M|100/100
|turn|6
|
|t:|1782732281
|move|p2a: Sneasler|Fake Out|p1b: Archaludon
|-resisted|p1b: Archaludon|1
|-damage|p1b: Archaludon|34/100
|-ability|p1b: Archaludon|Stamina|boost
|-boost|p1b: Archaludon|def|1
|move|p2b: Scizor|Bullet Punch|p1a: Pelipper
|-resisted|p1a: Pelipper|1
|-damage|p1a: Pelipper|0 fnt
|faint|p1a: Pelipper
|cant|p1b: Archaludon|flinch
|
|-weather|RainDance|[upkeep]
|upkeep
|
|t:|1782732294
|switch|p1a: Incineroar|Incineroar, L50, M, shiny|100/100
|-ability|p1a: Incineroar|Intimidate|boost
|-unboost|p2a: Sneasler|atk|1
|-unboost|p2b: Scizor|atk|1
|-enditem|p2a: Sneasler|White Herb
|-clearnegativeboost|p2a: Sneasler|[silent]
|turn|7
|
|t:|1782732317
|move|p1a: Incineroar|Fake Out|p2a: Sneasler
|-damage|p2a: Sneasler|76/100
|cant|p2a: Sneasler|flinch
|move|p1b: Archaludon|Electro Shot||[still]
|-prepare|p1b: Archaludon|Electro Shot
|-boost|p1b: Archaludon|spa|1
|-anim|p1b: Archaludon|Electro Shot|p2a: Sneasler
|-damage|p2a: Sneasler|0 fnt
|faint|p2a: Sneasler
|move|p2b: Scizor|Bug Bite|p1a: Incineroar
|-damage|p1a: Incineroar|49/100
|-enditem|p1a: Incineroar|Sitrus Berry|[from] stealeat|[move] Bug Bite|[of] p2b: Scizor
|-heal|p2b: Scizor|28/100|[from] item: Sitrus Berry
|
|-weather|RainDance|[upkeep]
|upkeep
|
|t:|1782732319
|switch|p2a: Milotic|Milotic, L50, F|19/100
|turn|8
|-message|lolgz forfeited.
|
|win|sqmuelgoated
