|j|☆vilan333
|j|☆SP-9733
|html|vilan333SP-9733    
|uhtml|bestof|Game 1 of a best-of-3
|t:|1782364458
|gametype|doubles
|player|p1|vilan333|marshal|1154
|player|p2|SP-9733|n|1178
|gen|9
|tier|[Gen 9 Champions] VGC 2026 Reg M-B (Bo3)
|rated|
|rule|Species Clause: Limit one of each Pokémon
|rule|Item Clause: Limit 1 of each item
|clearpoke
|poke|p1|Vileplume, L50, F|
|poke|p1|Kangaskhan, L50, F|
|poke|p1|Farigiraf, L50, M|
|poke|p1|Torkoal, L50, F|
|poke|p1|Basculegion, L50, M|
|poke|p1|Kommo-o, L50, M|
|poke|p2|Swampert, L50, M|
|poke|p2|Pelipper, L50, F|
|poke|p2|Archaludon, L50, M|
|poke|p2|Sneasler, L50, F|
|poke|p2|Whimsicott, L50, F|
|poke|p2|Staraptor, L50, M|
|teampreview|4
|showteam|p1|Vileplume||FocusSash|Chlorophyll|SludgeBomb,EnergyBall,SleepPowder,AfterYou|Timid||F|||50|]Kangaskhan||Kangaskhanite|Scrappy|DoubleEdge,FakeOut,LowKick,SuckerPunch|Adamant||F|||50|]Farigiraf||ColburBerry|ArmorTail|HyperVoice,Psychic,Protect,TrickRoom|Quiet||M|||50|]Torkoal||Charcoal|Drought|Eruption,WeatherBall,EarthPower,Protect|Quiet||F|||50|]Basculegion||ChoiceScarf|Adaptability|AquaJet,WaveCrash,LastRespects,FlipTurn|Jolly||M|||50|]Kommo-o||HabanBerry|Overcoat|ClangingScales,AuraSphere,Protect,ClangorousSoul|Modest||M|||50|
|showteam|p2|Swampert||Swampertite|Torrent|WaveCrash,Earthquake,Protect,IcePunch|Adamant||M|||50|]Pelipper||SharpBeak|Drizzle|WeatherBall,Hurricane,WideGuard,Tailwind|Modest||F|||50|]Archaludon||Leftovers|Stamina|ElectroShot,FlashCannon,DragonPulse,Protect|Modest||M|||50|]Sneasler||WhiteHerb|Unburden|FakeOut,CloseCombat,DireClaw,Coaching|Jolly||F|||50|]Whimsicott||FocusSash|Prankster|Tailwind,Encore,WorrySeed,EnergyBall|Timid||F|||50|]Staraptor||ChoiceScarf|Intimidate|DualWingbeat,CloseCombat,FinalGambit,Uturn|Adamant||M|||50|
|inactive|Battle timer is ON: inactive players will automatically lose when time's up. (requested by SP-9733)
|inactive|SP-9733 has 60 seconds left.
|inactive|SP-9733 has 30 seconds left.
|
|t:|1782364530
|teamsize|p1|4
|teamsize|p2|4
|start
|switch|p1a: Kangaskhan|Kangaskhan, L50, F|100/100
|switch|p1b: Kommo-o|Kommo-o, L50, M|100/100
|switch|p2a: Staraptor|Staraptor, L50, M|100/100
|switch|p2b: Archaludon|Archaludon, L50, M|100/100
|-ability|p2a: Staraptor|Intimidate|boost
|-fail|p1a: Kangaskhan|unboost|Attack|[from] ability: Scrappy|[of] p1a: Kangaskhan
|-unboost|p1b: Kommo-o|atk|1
|turn|1
|
|t:|1782364550
|switch|p2a: Pelipper|Pelipper, L50, F|100/100
|-weather|RainDance|[from] ability: Drizzle|[of] p2a: Pelipper
|move|p1a: Kangaskhan|Fake Out|p2a: Pelipper
|-damage|p2a: Pelipper|83/100
|move|p1b: Kommo-o|Clangorous Soul|p1b: Kommo-o
|-boost|p1b: Kommo-o|atk|1
|-boost|p1b: Kommo-o|def|1
|-boost|p1b: Kommo-o|spa|1
|-boost|p1b: Kommo-o|spd|1
|-boost|p1b: Kommo-o|spe|1
|-damage|p1b: Kommo-o|67/100
|move|p2b: Archaludon|Electro Shot||[still]
|-prepare|p2b: Archaludon|Electro Shot
|-boost|p2b: Archaludon|spa|1
|-anim|p2b: Archaludon|Electro Shot|p1a: Kangaskhan
|-damage|p1a: Kangaskhan|40/100
|
|-weather|RainDance|[upkeep]
|upkeep
|turn|2
|inactive|vilan333 has 30 seconds left.
|
|t:|1782364579
|switch|p1a: Torkoal|Torkoal, L50, F|100/100
|-weather|SunnyDay|[from] ability: Drought|[of] p1a: Torkoal
|move|p2b: Archaludon|Protect|p2b: Archaludon
|-singleturn|p2b: Archaludon|Protect
|move|p1b: Kommo-o|Aura Sphere|p2b: Archaludon
|-activate|p2b: Archaludon|move: Protect
|move|p2a: Pelipper|Tailwind|p2a: Pelipper
|-sidestart|p2: SP-9733|move: Tailwind
|
|-weather|SunnyDay|[upkeep]
|upkeep
|turn|3
|inactive|vilan333 has 30 seconds left.
|inactive|SP-9733 has 30 seconds left.
|inactive|SP-9733 has 20 seconds left.
|inactive|SP-9733 has 15 seconds left.
|inactive|SP-9733 has 10 seconds left.
|inactive|SP-9733 has 5 seconds left.
|
|t:|1782364630
|switch|p2a: Swampert|Swampert, L50, M|100/100
|move|p2b: Archaludon|Dragon Pulse|p1a: Torkoal
|-damage|p1a: Torkoal|14/100
|move|p1b: Kommo-o|Clangorous Soul|p1b: Kommo-o
|-boost|p1b: Kommo-o|atk|1
|-boost|p1b: Kommo-o|def|1
|-boost|p1b: Kommo-o|spa|1
|-boost|p1b: Kommo-o|spd|1
|-boost|p1b: Kommo-o|spe|1
|-damage|p1b: Kommo-o|34/100
|move|p1a: Torkoal|Weather Ball|p2b: Archaludon
|-damage|p2b: Archaludon|12/100
|-ability|p2b: Archaludon|Stamina|boost
|-boost|p2b: Archaludon|def|1
|
|-weather|SunnyDay|[upkeep]
|-heal|p2b: Archaludon|18/100|[from] item: Leftovers
|upkeep
|turn|4
|
|t:|1782364653
|switch|p2b: Pelipper|Pelipper, L50, F|83/100
|-weather|RainDance|[from] ability: Drizzle|[of] p2b: Pelipper
|detailschange|p2a: Swampert|Swampert-Mega, L50, M
|-mega|p2a: Swampert|Swampert|Swampertite
|move|p1b: Kommo-o|Protect|p1b: Kommo-o
|-singleturn|p1b: Kommo-o|Protect
|move|p1a: Torkoal|Protect|p1a: Torkoal
|-singleturn|p1a: Torkoal|Protect
|move|p2a: Swampert|Ice Punch|p1b: Kommo-o
|-activate|p1b: Kommo-o|move: Protect
|
|-weather|RainDance|[upkeep]
|upkeep
|turn|5
|
|t:|1782364673
|switch|p1a: Kangaskhan|Kangaskhan, L50, F|40/100
|move|p2a: Swampert|Ice Punch|p1b: Kommo-o
|-supereffective|p1b: Kommo-o|1
|-damage|p1b: Kommo-o|4/100
|-status|p1b: Kommo-o|frz
|cant|p1b: Kommo-o|frz
|move|p2b: Pelipper|Weather Ball|p1b: Kommo-o
|-resisted|p1b: Kommo-o|1
|-damage|p1b: Kommo-o|0 fnt
|faint|p1b: Kommo-o
|
|-weather|RainDance|[upkeep]
|-sideend|p2: SP-9733|move: Tailwind
|upkeep
|
|t:|1782364689
|switch|p1b: Basculegion|Basculegion, L50, M|100/100
|turn|6
|
|t:|1782364697
|detailschange|p1a: Kangaskhan|Kangaskhan-Mega, L50, F
|-mega|p1a: Kangaskhan|Kangaskhan|Kangaskhanite
|move|p2a: Swampert|Protect|p2a: Swampert
|-singleturn|p2a: Swampert|Protect
|move|p1a: Kangaskhan|Fake Out|p2a: Swampert
|-activate|p2a: Swampert|move: Protect
|move|p1b: Basculegion|Last Respects|p2b: Pelipper
|-damage|p2b: Pelipper|15/100
|move|p2b: Pelipper|Tailwind|p2b: Pelipper
|-sidestart|p2: SP-9733|move: Tailwind
|
|-weather|RainDance|[upkeep]
|upkeep
|turn|7
|-message|vilan333 forfeited.
|
|win|SP-9733
|l|☆vilan333
|player|p1|
||SP-9733 is ready for game 2.
||vilan333 is ready for game 2.
|uhtml|next|Next: Game 2 of 3
|l|☆SP-9733
|player|p2|
|j|☆vilan333
|player|p1|vilan333|marshal|
