|j|☆ChronoZeroo
|j|☆pokemytle
|html|ChronoZeroopokemytle    
|uhtml|bestof|Game 1 of a best-of-3
|t:|1785446129
|gametype|doubles
|player|p1|ChronoZeroo|cynthia-gen4|
|player|p2|pokemytle|265|
|gen|9
|tier|[Gen 9 Champions] VGC 2026 Reg M-B (Bo3)
|rule|Species Clause: Limit one of each Pokémon
|rule|Item Clause: Limit 1 of each item
|clearpoke
|poke|p1|Charizard, L50, M, shiny|
|poke|p1|Aerodactyl, L50, M, shiny|
|poke|p1|Sylveon, L50, F, shiny|
|poke|p1|Heliolisk, L50, M, shiny|
|poke|p1|Victreebel, L50, M, shiny|
|poke|p1|Sneasler, L50, M, shiny|
|poke|p2|Archaludon, L50, M|
|poke|p2|Basculegion, L50, M|
|poke|p2|Pelipper, L50, F|
|poke|p2|Maushold, L50|
|poke|p2|Swampert, L50, F|
|poke|p2|Talonflame, L50, M|
|teampreview|4
|showteam|p1|Charizard||CharizarditeY|Blaze|ScorchingSands,SolarBeam,Protect,HeatWave|Timid||M|||50|]Aerodactyl||FocusSash|Unnerve|RockSlide,Tailwind,Protect,IceFang|Jolly||M|||50|]Sylveon||FairyFeather|Pixilate|HyperVoice,HyperBeam,QuickAttack,Detect|Modest||F|||50|]Heliolisk||SitrusBerry|DrySkin|EerieImpulse,Thunderbolt,Protect,SunnyDay|Timid||M|||50|]Victreebel||LifeOrb|Chlorophyll|SleepPowder,WeatherBall,PowerWhip,SuckerPunch|Lonely||M|||50|]Sneasler||WhiteHerb|Unburden|ThroatChop,CloseCombat,Protect,FakeOut|Adamant||M|||50|
|showteam|p2|Archaludon||Leftovers|Sturdy|DracoMeteor,FlashCannon,Protect,ElectroShot|Modest||M|||50|]Basculegion||ChoiceScarf|Adaptability|WaveCrash,LastRespects,FlipTurn,AquaJet|Jolly||M|||50|]Pelipper||FocusSash|Drizzle|Tailwind,Surf,WeatherBall,Hurricane|Modest||F|||50|]Maushold||SitrusBerry|FriendGuard|Encore,Taunt,FollowMe,PopulationBomb|Timid|||||50|]Swampert||Swampertite|Torrent|Earthquake,RockSlide,WaveCrash,Liquidation|Adamant||F|||50|]Talonflame||LifeOrb|GaleWings|BraveBird,Uturn,FlareBlitz,DualWingbeat|Jolly||M|||50|
|
|t:|1785446190
|teamsize|p1|4
|teamsize|p2|4
|start
|switch|p1a: Heliolisk|Heliolisk, L50, M, shiny|100/100
|switch|p1b: Aerodactyl|Aerodactyl, L50, M, shiny|100/100
|switch|p2a: Archaludon|Archaludon, L50, M|100/100
|switch|p2b: Basculegion|Basculegion, L50, M|100/100
|-ability|p1b: Aerodactyl|Unnerve
|turn|1
|
|t:|1785446218
|move|p2b: Basculegion|Flip Turn|p1b: Aerodactyl
|-supereffective|p1b: Aerodactyl|1
|-enditem|p1b: Aerodactyl|Focus Sash
|-damage|p1b: Aerodactyl|1/100
|
|t:|1785446224
|switch|p2b: Pelipper|Pelipper, L50, F|100/100|[from] Flip Turn
|-weather|RainDance|[from] ability: Drizzle|[of] p2b: Pelipper
|move|p1b: Aerodactyl|Tailwind|p1b: Aerodactyl
|-sidestart|p1: ChronoZeroo|move: Tailwind
|move|p1a: Heliolisk|Eerie Impulse|p2a: Archaludon
|-unboost|p2a: Archaludon|spa|2
|move|p2a: Archaludon|Electro Shot||[still]
|-prepare|p2a: Archaludon|Electro Shot
|-boost|p2a: Archaludon|spa|1
|-anim|p2a: Archaludon|Electro Shot|p1b: Aerodactyl
|-supereffective|p1b: Aerodactyl|1
|-damage|p1b: Aerodactyl|0 fnt
|faint|p1b: Aerodactyl
|
|-weather|RainDance|[upkeep]
|upkeep
|
|t:|1785446248
|switch|p1b: Charizard|Charizard, L50, M, shiny|100/100
|turn|2
|
|t:|1785446284
|switch|p2b: Swampert|Swampert, L50, F|100/100
|detailschange|p1b: Charizard|Charizard-Mega-Y, L50, M, shiny
|-mega|p1b: Charizard|Charizard|Charizardite Y
|-weather|SunnyDay|[from] ability: Drought|[of] p1b: Charizard
|move|p2a: Archaludon|Protect|p2a: Archaludon
|-singleturn|p2a: Archaludon|Protect
|move|p1a: Heliolisk|Thunderbolt|p2b: Swampert
|-immune|p2b: Swampert
|move|p1b: Charizard|Heat Wave|p2b: Swampert|[spread] p2b
|-activate|p2a: Archaludon|move: Protect
|-resisted|p2b: Swampert|1
|-damage|p2b: Swampert|63/100
|
|-weather|SunnyDay|[upkeep]
|-damage|p1a: Heliolisk|87/100|[from] ability: Dry Skin|[of] p1a: Heliolisk
|upkeep
|turn|3
|
|t:|1785446320
|switch|p2b: Pelipper|Pelipper, L50, F|100/100
|-weather|RainDance|[from] ability: Drizzle|[of] p2b: Pelipper
|move|p1a: Heliolisk|Protect|p1a: Heliolisk
|-singleturn|p1a: Heliolisk|Protect
|move|p1b: Charizard|Scorching Sands|p2a: Archaludon
|-supereffective|p2a: Archaludon|1
|-crit|p2a: Archaludon
|-damage|p2a: Archaludon|5/100
|move|p2a: Archaludon|Electro Shot||[still]
|-prepare|p2a: Archaludon|Electro Shot
|-boost|p2a: Archaludon|spa|1
|-anim|p2a: Archaludon|Electro Shot|p1b: Charizard
|-supereffective|p1b: Charizard|1
|-damage|p1b: Charizard|0 fnt
|faint|p1b: Charizard
|
|-weather|RainDance|[upkeep]
|-heal|p1a: Heliolisk|100/100|[from] ability: Dry Skin
|-heal|p2a: Archaludon|11/100|[from] item: Leftovers
|upkeep
|
|t:|1785446338
|switch|p1b: Sneasler|Sneasler, L50, M, shiny|100/100
|turn|4
|
|t:|1785446367
|move|p2a: Archaludon|Protect|p2a: Archaludon
|-singleturn|p2a: Archaludon|Protect
|move|p1a: Heliolisk|Sunny Day|p1a: Heliolisk
|-weather|SunnyDay
|move|p1b: Sneasler|Close Combat|p2a: Archaludon
|-activate|p2a: Archaludon|move: Protect
|move|p2b: Pelipper|Tailwind|p2b: Pelipper
|-sidestart|p2: pokemytle|move: Tailwind
|
|-weather|SunnyDay|[upkeep]
|-damage|p1a: Heliolisk|87/100|[from] ability: Dry Skin|[of] p1a: Heliolisk
|-heal|p2a: Archaludon|17/100|[from] item: Leftovers
|-sideend|p1: ChronoZeroo|move: Tailwind
|upkeep
|turn|5
|
|t:|1785446406
|switch|p2b: Swampert|Swampert, L50, F|63/100
|move|p2a: Archaludon|Draco Meteor|p1b: Sneasler
|-damage|p1b: Sneasler|7/100
|-unboost|p2a: Archaludon|spa|2
|move|p1a: Heliolisk|Thunderbolt|p2b: Swampert
|-immune|p2b: Swampert
|move|p1b: Sneasler|Close Combat|p2a: Archaludon
|-supereffective|p2a: Archaludon|1
|-damage|p2a: Archaludon|0 fnt
|-unboost|p1b: Sneasler|def|1
|-unboost|p1b: Sneasler|spd|1
|faint|p2a: Archaludon
|-enditem|p1b: Sneasler|White Herb
|-clearnegativeboost|p1b: Sneasler|[silent]
|
|-weather|SunnyDay|[upkeep]
|-damage|p1a: Heliolisk|75/100|[from] ability: Dry Skin|[of] p1a: Heliolisk
|upkeep
|
|t:|1785446425
|switch|p2a: Pelipper|Pelipper, L50, F|100/100
|-weather|RainDance|[from] ability: Drizzle|[of] p2a: Pelipper
|turn|6
|
|t:|1785446445
|detailschange|p2b: Swampert|Swampert-Mega, L50, F
|-mega|p2b: Swampert|Swampert|Swampertite
|move|p1b: Sneasler|Protect|p1b: Sneasler
|-singleturn|p1b: Sneasler|Protect
|move|p2b: Swampert|Earthquake|p1b: Sneasler|[spread] p1a
|-activate|p1b: Sneasler|move: Protect
|-immune|p2a: Pelipper
|-supereffective|p1a: Heliolisk|1
|-damage|p1a: Heliolisk|0 fnt
|faint|p1a: Heliolisk
|move|p2a: Pelipper|Surf|p1b: Sneasler|[spread] p2b
|-activate|p1b: Sneasler|move: Protect
|-damage|p2b: Swampert|19/100
|
|-weather|RainDance|[upkeep]
|upkeep
|turn|7
|
|t:|1785446463
|move|p2b: Swampert|Liquidation|p1b: Sneasler
|-damage|p1b: Sneasler|0 fnt
|faint|p1b: Sneasler
|
|win|pokemytle
