|j|☆palafineon
|j|☆DraKaynite
|html|palafineonDraKaynite    
|uhtml|bestof|Game 2 of a best-of-3
|t:|1756668553
|gametype|doubles
|player|p1|palafineon|266|1057
|player|p2|DraKaynite|caitlin|1000
|gen|9
|tier|[Gen 9] VGC 2025 Reg H (Bo3)
|rated|
|rule|Species Clause: Limit one of each Pokémon
|rule|Item Clause: Limit 1 of each item
|clearpoke
|poke|p1|Delphox, L50, F|
|poke|p1|Indeedee, L50, M|
|poke|p1|Hatterene, L50, F|
|poke|p1|Torkoal, L50, M|
|poke|p1|Sneasler, L50, F|
|poke|p1|Jumpluff, L50, F|
|poke|p2|Dragonite, L50, M|
|poke|p2|Gholdengo, L50|
|poke|p2|Rillaboom, L50, M|
|poke|p2|Ursaluna-Bloodmoon, L50, M|
|poke|p2|Maushold-Four, L50|
|poke|p2|Annihilape, L50, M|
|teampreview|4
|showteam|p1|Delphox|||Magician|Protect,NastyPlot,ExpandingForce,HeatWave|||F|||50|,,,,,Psychic]Indeedee||ChoiceScarf|PsychicSurge|Protect,Trick,TeraBlast,ExpandingForce|||M|||50|,,,,,Fairy]Hatterene||LifeOrb|MagicBounce|Protect,TrickRoom,DazzlingGleam,ExpandingForce|||F|||50|,,,,,Psychic]Torkoal||EjectPack|Drought|Protect,HelpingHand,Overheat,Eruption|||M|||50|,,,,,Grass]Sneasler||PsychicSeed|Unburden|Protect,ThroatChop,DireClaw,CloseCombat|||F|||50|,,,,,Dark]Jumpluff||CovertCloak|Chlorophyll|RagePowder,SleepPowder,Tailwind,SunnyDay|||F|||50|,,,,,Water
|showteam|p2|Dragonite||LoadedDice|Multiscale|Tailwind,Haze,Protect,ScaleShot|||M|||50|,,,,,Fairy]Gholdengo||LifeOrb|GoodasGold|MakeItRain,ShadowBall,NastyPlot,Protect||||||50|,,,,,Water]Rillaboom||MiracleSeed|GrassySurge|WoodHammer,GrassyGlide,FakeOut,HighHorsepower|||M|||50|,,,,,Fire]Ursaluna-Bloodmoon||AssaultVest|MindsEye|BloodMoon,EarthPower,HyperVoice,VacuumWave|||M|||50|,,,,,Water]Maushold-Four||FocusSash|FriendGuard|SuperFang,FollowMe,BeatUp,Protect||||||50|,,,,,Ghost]Annihilape||SitrusBerry|Defiant|RageFist,DrainPunch,BulkUp,Protect|||M|||50|,,,,,Fire
|inactive|Battle timer is ON: inactive players will automatically lose when time's up. (requested by palafineon)
|
|t:|1756668601
|teamsize|p1|4
|teamsize|p2|4
|start
|switch|p1a: Sneasler|Sneasler, L50, F, shiny|100/100
|switch|p1b: Delphox|Delphox, L50, F, shiny|100/100
|switch|p2a: Rillaboom|Rillaboom, L50, M|100/100
|switch|p2b: Dragonite|Dragonite, L50, M|100/100
|-fieldstart|move: Grassy Terrain|[from] ability: Grassy Surge|[of] p2a: Rillaboom
|turn|1
|inactive|palafineon has 30 seconds left.
|
|t:|1756668630
|switch|p1b: Indeedee|Indeedee, L50, M|100/100
|-fieldstart|move: Psychic Terrain|[from] ability: Psychic Surge|[of] p1b: Indeedee
|-enditem|p1a: Sneasler|Psychic Seed
|-boost|p1a: Sneasler|spd|1|[from] item: Psychic Seed
|switch|p2a: Ursaluna|Ursaluna-Bloodmoon, L50, M|100/100
|move|p1a: Sneasler|Dire Claw|p2a: Ursaluna
|-resisted|p2a: Ursaluna
|-damage|p2a: Ursaluna|82/100
|move|p2b: Dragonite|Tailwind|p2b: Dragonite
|-sidestart|p2: DraKaynite|move: Tailwind
|
|upkeep
|turn|2
|inactive|palafineon has 30 seconds left.
|inactive|DraKaynite has 30 seconds left.
|inactive|DraKaynite has 20 seconds left.
|inactive|DraKaynite has 15 seconds left.
|inactive|DraKaynite has 10 seconds left.
|inactive|DraKaynite has 5 seconds left.
|
|t:|1756668681
|switch|p2a: Rillaboom|Rillaboom, L50, M|100/100
|-fieldstart|move: Grassy Terrain|[from] ability: Grassy Surge|[of] p2a: Rillaboom
|move|p1a: Sneasler|Close Combat|p2a: Rillaboom
|-damage|p2a: Rillaboom|38/100
|-unboost|p1a: Sneasler|def|1
|-unboost|p1a: Sneasler|spd|1
|move|p2b: Dragonite|Scale Shot|p1a: Sneasler
|-damage|p1a: Sneasler|64/100
|-damage|p1a: Sneasler|32/100
|-damage|p1a: Sneasler|0 fnt
|faint|p1a: Sneasler
|-hitcount|p1: Sneasler|3
|-unboost|p2b: Dragonite|def|1
|-boost|p2b: Dragonite|spe|1
|move|p1b: Indeedee|Expanding Force|p2b: Dragonite
|-damage|p2b: Dragonite|79/100
|
|-heal|p2a: Rillaboom|43/100|[from] Grassy Terrain
|upkeep
|inactive|palafineon has 30 seconds left.
|inactive|palafineon has 20 seconds left.
|
|t:|1756668720
|switch|p1a: Hatterene|Hatterene, L50, F|100/100
|turn|3
|inactive|DraKaynite has 30 seconds left.
|inactive|DraKaynite has 20 seconds left.
|inactive|DraKaynite has 15 seconds left.
|inactive|DraKaynite has 10 seconds left.
|inactive|DraKaynite has 5 seconds left.
|
|t:|1756668773
|switch|p1b: Delphox|Delphox, L50, F, shiny|100/100
|move|p2b: Dragonite|Scale Shot|p1b: Delphox
|-damage|p1b: Delphox|82/100
|-damage|p1b: Delphox|63/100
|-damage|p1b: Delphox|43/100
|-damage|p1b: Delphox|22/100
|-hitcount|p1b: Delphox|4
|-unboost|p2b: Dragonite|def|1
|-boost|p2b: Dragonite|spe|1
|move|p2a: Rillaboom|Wood Hammer|p1a: Hatterene
|-damage|p1a: Hatterene|0 fnt
|faint|p1a: Hatterene
|-damage|p2a: Rillaboom|17/100|[from] Recoil
|
|-heal|p2a: Rillaboom|23/100|[from] Grassy Terrain
|-heal|p1b: Delphox|28/100|[from] Grassy Terrain
|upkeep
|
|t:|1756668789
|switch|p1a: Indeedee|Indeedee, L50, M|100/100
|-fieldstart|move: Psychic Terrain|[from] ability: Psychic Surge|[of] p1a: Indeedee
|turn|4
|
|t:|1756668808
|switch|p2a: Ursaluna|Ursaluna-Bloodmoon, L50, M|82/100
|-terastallize|p1a: Indeedee|Fairy
|move|p2b: Dragonite|Protect|p2b: Dragonite
|-singleturn|p2b: Dragonite|Protect
|move|p1a: Indeedee|Tera Blast|p2b: Dragonite|[anim] Tera Blast Fairy
|-activate|p2b: Dragonite|move: Protect
|move|p1b: Delphox|Expanding Force|p2a: Ursaluna|[spread] p2a
|-activate|p2b: Dragonite|move: Protect
|-damage|p2a: Ursaluna|46/100
|-item|p1b: Delphox|Assault Vest|[from] ability: Magician|[of] p2a: Ursaluna
|
|-sideend|p2: DraKaynite|move: Tailwind
|upkeep
|turn|5
|inactive|palafineon has 30 seconds left.
|
|t:|1756668836
|move|p2b: Dragonite|Tailwind|p2b: Dragonite
|-sidestart|p2: DraKaynite|move: Tailwind
|move|p1a: Indeedee|Tera Blast|p2a: Ursaluna|[anim] Tera Blast Fairy
|-damage|p2a: Ursaluna|4/100
|move|p2a: Ursaluna|Hyper Voice|p1a: Indeedee|[spread] p1a,p1b
|-damage|p1a: Indeedee|60/100
|-damage|p1b: Delphox|1/100
|move|p1b: Delphox|Heat Wave|p2a: Ursaluna|[spread] p2a,p2b
|-resisted|p2b: Dragonite
|-damage|p2a: Ursaluna|0 fnt
|-damage|p2b: Dragonite|61/100
|faint|p2a: Ursaluna
|
|upkeep
|
|t:|1756668847
|switch|p2a: Rillaboom|Rillaboom, L50, M|23/100
|-fieldstart|move: Grassy Terrain|[from] ability: Grassy Surge|[of] p2a: Rillaboom
|turn|6
|inactive|DraKaynite has 30 seconds left.
|inactive|DraKaynite has 20 seconds left.
|inactive|DraKaynite has 15 seconds left.
|inactive|DraKaynite has 10 seconds left.
|inactive|DraKaynite has 5 seconds left.
|
|t:|1756668902
|move|p2b: Dragonite|Tailwind||[still]
|-fail|p2b: Dragonite
|move|p2a: Rillaboom|Wood Hammer|p1b: Delphox
|-resisted|p1b: Delphox
|-damage|p1b: Delphox|0 fnt
|faint|p1b: Delphox
|-damage|p2a: Rillaboom|23/100|[from] Recoil
|move|p1a: Indeedee|Tera Blast|p2b: Dragonite|[anim] Tera Blast Fairy
|-supereffective|p2b: Dragonite
|-damage|p2b: Dragonite|0 fnt
|faint|p2b: Dragonite
|
|-heal|p2a: Rillaboom|29/100|[from] Grassy Terrain
|-heal|p1a: Indeedee|66/100|[from] Grassy Terrain
|upkeep
|
|t:|1756668905
|switch|p2b: Gholdengo|Gholdengo, L50|100/100
|turn|7
|-message|palafineon forfeited.
|
|win|DraKaynite
|raw|palafineon's rating: 1057 → 1035(-22 for losing)
|raw|DraKaynite's rating: 1000 → 1047(+47 for winning)
|l|☆palafineon
|player|p1|
