|j|☆xoczillo
|j|☆lux raymundi
|html|xoczillolux raymundi    
|uhtml|bestof|Game 1 of a best-of-3
|t:|1782762940
|gametype|doubles
|player|p1|xoczillo|steven|1058
|player|p2|lux raymundi|2|1135
|gen|9
|tier|[Gen 9 Champions] VGC 2026 Reg M-B (Bo3)
|rated|
|rule|Species Clause: Limit one of each Pokémon
|rule|Item Clause: Limit 1 of each item
|clearpoke
|poke|p1|Serperior, L50, F|
|poke|p1|Glimmora, L50, M|
|poke|p1|Gardevoir, L50, F|
|poke|p1|Sylveon, L50, M|
|poke|p1|Skeledirge, L50, F|
|poke|p1|Klefki, L50, F|
|poke|p2|Farigiraf, L50, M|
|poke|p2|Floette-Eternal, L50, F|
|poke|p2|Basculegion, L50, M|
|poke|p2|Sneasler, L50, F|
|poke|p2|Sinistcha, L50|
|poke|p2|Delphox, L50, M|
|teampreview|4
|showteam|p1|Serperior||Metronome|Contrary|LeafStorm,Synthesis,Protect,DragonPulse|Modest||F|||50|]Glimmora||Glimmoranite|ToxicDebris|SludgeBomb,PowerGem,Protect,EarthPower|Timid||M|||50|]Gardevoir||Gardevoirite|Synchronize|HyperVoice,GrassKnot,Protect,Psychic|Sassy||F|||50|]Sylveon||FairyFeather|Pixilate|HyperVoice,Wish,Protect,QuickAttack|Quiet||M|||50|]Skeledirge||Leftovers|Unaware|TorchSong,ShadowBall,HeatWave,Protect|Quiet||F|||50|]Klefki||FocusSash|Prankster|TrickRoom,LightScreen,Reflect,Imprison|Bold||F|||50|
|showteam|p2|Farigiraf||SitrusBerry|ArmorTail|TrickRoom,HelpingHand,Protect,TwinBeam|Bold||M|||50|]Floette-Eternal||Floettite|FlowerVeil|CalmMind,DazzlingGleam,Moonblast,Protect|Modest||F|||50|]Basculegion||FocusSash|Adaptability|AquaJet,Liquidation,LastRespects,Protect|Adamant||M|||50|]Sneasler||WhiteHerb|Unburden|FakeOut,CloseCombat,DireClaw,Protect|Jolly||F|||50|]Sinistcha||KasibBerry|Hospitality|MatchaGotcha,RagePowder,TrickRoom,LifeDew|Serious|||||50|]Delphox||Delphoxite|Blaze|NastyPlot,HeatWave,Psychic,Protect|Timid||M|||50|
|inactive|Battle timer is ON: inactive players will automatically lose when time's up. (requested by xoczillo)
|inactive|xoczillo has 60 seconds left.
|inactive|xoczillo has 30 seconds left.
|
|t:|1782763011
|teamsize|p1|4
|teamsize|p2|4
|start
|switch|p1a: Gardevoir|Gardevoir, L50, F|100/100
|switch|p1b: Skeledirge|Skeledirge, L50, F|100/100
|switch|p2a: Sneasler|Sneasler, L50, F|100/100
|switch|p2b: Delphox|Delphox, L50, M|100/100
|turn|1
|inactive|xoczillo has 30 seconds left.
|inactive|lux raymundi has 30 seconds left.
|
|t:|1782763041
|detailschange|p2b: Delphox|Delphox-Mega, L50, M
|-mega|p2b: Delphox|Delphox|Delphoxite
|move|p1a: Gardevoir|Protect|p1a: Gardevoir
|-singleturn|p1a: Gardevoir|Protect
|move|p2b: Delphox|Nasty Plot|p2b: Delphox
|-boost|p2b: Delphox|spa|2
|move|p2a: Sneasler|Dire Claw|p1b: Skeledirge
|-resisted|p1b: Skeledirge|1
|-damage|p1b: Skeledirge|82/100
|-status|p1b: Skeledirge|slp
|cant|p1b: Skeledirge|slp
|
|-heal|p1b: Skeledirge|89/100 slp|[from] item: Leftovers
|upkeep
|turn|2
|inactive|xoczillo has 30 seconds left.
|
|t:|1782763069
|switch|p1a: Klefki|Klefki, L50, F|100/100
|move|p2b: Delphox|Psychic|p1b: Skeledirge
|-damage|p1b: Skeledirge|32/100 slp
|move|p2a: Sneasler|Dire Claw|p1a: Klefki
|-immune|p1a: Klefki
|-curestatus|p1b: Skeledirge|slp|[msg]
|move|p1b: Skeledirge|Torch Song|p2a: Sneasler
|-damage|p2a: Sneasler|45/100
|-boost|p1b: Skeledirge|spa|1
|
|-heal|p1b: Skeledirge|38/100|[from] item: Leftovers
|upkeep
|turn|3
|inactive|xoczillo has 30 seconds left.
|
|t:|1782763097
|switch|p2a: Farigiraf|Farigiraf, L50, M|100/100
|move|p2b: Delphox|Heat Wave|p1a: Klefki|[spread] p1a,p1b
|-supereffective|p1a: Klefki|1
|-resisted|p1b: Skeledirge|1
|-enditem|p1a: Klefki|Focus Sash
|-damage|p1a: Klefki|1/100
|-damage|p1b: Skeledirge|16/100
|move|p1b: Skeledirge|Shadow Ball|p2b: Delphox
|-supereffective|p2b: Delphox|1
|-damage|p2b: Delphox|0 fnt
|faint|p2b: Delphox
|move|p1a: Klefki|Trick Room|p1a: Klefki
|-fieldstart|move: Trick Room|[of] p1a: Klefki
|
|-heal|p1b: Skeledirge|22/100|[from] item: Leftovers
|upkeep
|inactive|lux raymundi has 30 seconds left.
|inactive|lux raymundi has 20 seconds left.
|
|t:|1782763132
|switch|p2b: Basculegion|Basculegion, L50, M|100/100
|turn|4
|inactive|xoczillo has 30 seconds left.
|inactive|xoczillo has 20 seconds left.
|
|t:|1782763171
|move|p1b: Skeledirge|Protect|p1b: Skeledirge
|-singleturn|p1b: Skeledirge|Protect
|move|p1a: Klefki|Imprison|p1a: Klefki
|-start|p1a: Klefki|move: Imprison
|move|p2b: Basculegion|Aqua Jet|p1b: Skeledirge
|-activate|p1b: Skeledirge|move: Protect
|move|p2a: Farigiraf|Twin Beam|p1a: Klefki
|-resisted|p1a: Klefki|1
|-damage|p1a: Klefki|0 fnt
|faint|p1a: Klefki
|-hitcount|p1: Klefki|1
|
|-heal|p1b: Skeledirge|28/100|[from] item: Leftovers
|upkeep
|
|t:|1782763190
|switch|p1a: Sylveon|Sylveon, L50, M|100/100
|turn|5
|
|t:|1782763203
|move|p2b: Basculegion|Aqua Jet|p1b: Skeledirge
|-supereffective|p1b: Skeledirge|1
|-damage|p1b: Skeledirge|0 fnt
|faint|p1b: Skeledirge
|move|p1a: Sylveon|Hyper Voice|p2a: Farigiraf|[spread] p2a,p2b
|-crit|p2b: Basculegion
|-damage|p2a: Farigiraf|57/100
|-damage|p2b: Basculegion|20/100y
|move|p2a: Farigiraf|Trick Room|p2a: Farigiraf
|-fieldend|move: Trick Room
|
|upkeep
|
|t:|1782763212
|switch|p1b: Gardevoir|Gardevoir, L50, F|100/100
|turn|6
|
|t:|1782763228
|detailschange|p1b: Gardevoir|Gardevoir-Mega, L50, F
|-mega|p1b: Gardevoir|Gardevoir|Gardevoirite
|move|p2b: Basculegion|Last Respects|p1b: Gardevoir
|-supereffective|p1b: Gardevoir|1
|-damage|p1b: Gardevoir|0 fnt
|faint|p1b: Gardevoir
|move|p2a: Farigiraf|Twin Beam|p1a: Sylveon
|-damage|p1a: Sylveon|89/100
|-damage|p1a: Sylveon|78/100
|-hitcount|p1a: Sylveon|2
|move|p1a: Sylveon|Hyper Voice|p2b: Basculegion|[spread] p2a,p2b
|-damage|p2a: Farigiraf|16/100
|-damage|p2b: Basculegion|0 fnt
|-enditem|p2a: Farigiraf|Sitrus Berry|[eat]
|-heal|p2a: Farigiraf|40/100|[from] item: Sitrus Berry
|faint|p2b: Basculegion
|
|upkeep
|
|t:|1782763232
|switch|p2b: Sneasler|Sneasler, L50, F|45/100
|turn|7
|
|t:|1782763250
|move|p2a: Farigiraf|Helping Hand|p2b: Sneasler
|-singleturn|p2b: Sneasler|Helping Hand|[of] p2a: Farigiraf
|move|p2b: Sneasler|Dire Claw|p1a: Sylveon
|-supereffective|p1a: Sylveon|1
|-damage|p1a: Sylveon|0 fnt
|faint|p1a: Sylveon
|
|win|lux raymundi
