|j|☆felasmiguel
|j|☆myshirtisdirty
|html|felasmiguelmyshirtisdirty    
|uhtml|bestof|Game 2 of a best-of-3
|t:|1756519856
|gametype|doubles
|player|p1|felasmiguel|scientist|1117
|player|p2|myshirtisdirty|2|1069
|gen|9
|tier|[Gen 9] VGC 2025 Reg H (Bo3)
|rated|
|rule|Species Clause: Limit one of each Pokémon
|rule|Item Clause: Limit 1 of each item
|clearpoke
|poke|p1|Metagross, L50|
|poke|p1|Mienshao, L50, F|
|poke|p1|Sinistcha, L50|
|poke|p1|Frosmoth, L50, M|
|poke|p1|Glimmora, L50, M|
|poke|p1|Zoroark-Hisui, L50, M|
|poke|p2|Typhlosion-Hisui, L50, M|
|poke|p2|Whimsicott, L50, M|
|poke|p2|Ursaluna-Bloodmoon, L50, M|
|poke|p2|Primarina, L50, F|
|poke|p2|Meowscarada, L50, F|
|poke|p2|Farigiraf, L50, F|
|teampreview|4
|showteam|p1|Metagross||AssaultVest|ClearBody|HardPress,PsychicFangs,BulletPunch,StompingTantrum||||||50|,,,,,Dragon]Mienshao||FocusSash|InnerFocus|CloseCombat,WideGuard,Taunt,Coaching|||F|||50|,,,,,Fighting]Sinistcha||RockyHelmet|Hospitality|LifeDew,MatchaGotcha,RagePowder,TrickRoom||||||50|,,,,,Water]Frosmoth||SafetyGoggles|IceScales|QuiverDance,IceBeam,TeraBlast,Protect|||M|||50|,,,,,Electric]Glimmora||PowerHerb|Corrosion|MeteorBeam,Toxic,SpikyShield,EarthPower|||M|||50|,,,,,Grass]Zoroark-Hisui||ChoiceScarf|Illusion|IcyWind,ShadowBall,HyperVoice,Trick|||M|||50|,,,,,Stellar
|showteam|p2|Typhlosion-Hisui||Charcoal|Blaze|Eruption,HeatWave,ShadowBall,Protect|||M|||50|,,,,,Fire]Whimsicott||CovertCloak|Prankster|Tailwind,Moonblast,SunnyDay,Encore|||M|||50|,,,,,Dark]Ursaluna-Bloodmoon||LifeOrb|MindsEye|HyperVoice,BloodMoon,EarthPower,Protect|||M|||50|,,,,,Normal]Primarina||ThroatSpray|LiquidVoice|Moonblast,HyperVoice,Haze,Protect|||F|||50|,,,,,Grass]Meowscarada||FocusSash|Protean|FlowerTrick,KnockOff,Uturn,Protect|||F|||50|,,,,,Grass]Farigiraf||SafetyGoggles|ArmorTail|PsychicNoise,HyperVoice,HelpingHand,TrickRoom|||F|||50|,,,,,Fire
|inactive|Battle timer is ON: inactive players will automatically lose when time's up. (requested by myshirtisdirty)
|
|t:|1756519883
|teamsize|p1|4
|teamsize|p2|4
|start
|switch|p1a: Frosmoth|Frosmoth, L50, M|100/100
|switch|p1b: Mienshao|Mienshao, L50, F|100/100
|switch|p2a: Typhlosion|Typhlosion-Hisui, L50, M|100/100
|switch|p2b: Whimsicott|Whimsicott, L50, M|100/100
|turn|1
|inactive|myshirtisdirty has 30 seconds left.
|inactive|myshirtisdirty has 20 seconds left.
|inactive|myshirtisdirty has 15 seconds left.
|inactive|myshirtisdirty has 10 seconds left.
|inactive|myshirtisdirty has 5 seconds left.
|
|t:|1756519935
|move|p2a: Typhlosion|Protect|p2a: Typhlosion
|-singleturn|p2a: Typhlosion|Protect
|move|p1a: Frosmoth|Protect|p1a: Frosmoth
|-singleturn|p1a: Frosmoth|Protect
|move|p2b: Whimsicott|Tailwind|p2b: Whimsicott
|-sidestart|p2: myshirtisdirty|move: Tailwind
|move|p1b: Mienshao|Taunt|p2b: Whimsicott
|-start|p2b: Whimsicott|move: Taunt
|
|upkeep
|turn|2
|
|t:|1756519957
|-terastallize|p1a: Frosmoth|Electric
|move|p1b: Mienshao|Wide Guard|p1b: Mienshao
|-singleturn|p1b: Mienshao|Wide Guard
|move|p2b: Whimsicott|Moonblast|p1b: Mienshao
|-supereffective|p1b: Mienshao
|-damage|p1b: Mienshao|2/100
|move|p2a: Typhlosion|Heat Wave|p1a: Frosmoth|[spread] 
|-activate|p1a: Frosmoth|move: Wide Guard
|-activate|p1b: Mienshao|move: Wide Guard
|move|p1a: Frosmoth|Quiver Dance|p1a: Frosmoth
|-boost|p1a: Frosmoth|spa|1
|-boost|p1a: Frosmoth|spd|1
|-boost|p1a: Frosmoth|spe|1
|
|upkeep
|turn|3
|inactive|felasmiguel has 30 seconds left.
|inactive|myshirtisdirty has 30 seconds left.
|
|t:|1756519990
|move|p1b: Mienshao|Wide Guard|p1b: Mienshao
|-singleturn|p1b: Mienshao|Wide Guard
|move|p2b: Whimsicott|Moonblast|p1b: Mienshao
|-supereffective|p1b: Mienshao
|-damage|p1b: Mienshao|0 fnt
|faint|p1b: Mienshao
|move|p2a: Typhlosion|Shadow Ball|p1a: Frosmoth
|-damage|p1a: Frosmoth|85/100
|-unboost|p1a: Frosmoth|spd|1
|move|p1a: Frosmoth|Quiver Dance|p1a: Frosmoth
|-boost|p1a: Frosmoth|spa|1
|-boost|p1a: Frosmoth|spd|1
|-boost|p1a: Frosmoth|spe|1
|
|upkeep
|
|t:|1756520006
|switch|p1b: Glimmora|Glimmora, L50, M|100/100
|turn|4
|inactive|myshirtisdirty has 30 seconds left.
|
|t:|1756520038
|move|p2b: Whimsicott|Moonblast|p1b: Glimmora
|-resisted|p1b: Glimmora
|-crit|p1b: Glimmora
|-damage|p1b: Glimmora|71/100
|-unboost|p1b: Glimmora|spa|1
|move|p2a: Typhlosion|Eruption|p1a: Frosmoth|[spread] p1a,p1b
|-resisted|p1b: Glimmora
|-damage|p1a: Frosmoth|60/100
|-damage|p1b: Glimmora|23/100
|move|p1a: Frosmoth|Ice Beam|p2b: Whimsicott
|-supereffective|p2b: Whimsicott
|-damage|p2b: Whimsicott|0 fnt
|faint|p2b: Whimsicott
|move|p1b: Glimmora|Toxic|p2a: Typhlosion
|-status|p2a: Typhlosion|tox
|
|-damage|p2a: Typhlosion|94/100 tox|[from] psn
|-sideend|p2: myshirtisdirty|move: Tailwind
|upkeep
|
|t:|1756520053
|switch|p2b: Ursaluna|Ursaluna-Bloodmoon, L50, M|100/100
|turn|5
|
|t:|1756520067
|-terastallize|p2b: Ursaluna|Normal
|move|p1a: Frosmoth|Protect|p1a: Frosmoth
|-singleturn|p1a: Frosmoth|Protect
|move|p1b: Glimmora|Spiky Shield|p1b: Glimmora
|-singleturn|p1b: Glimmora|move: Protect
|move|p2a: Typhlosion|Eruption|p1a: Frosmoth|[spread] 
|-activate|p1a: Frosmoth|move: Protect
|-activate|p1b: Glimmora|move: Protect
|move|p2b: Ursaluna|Blood Moon|p1a: Frosmoth
|-activate|p1a: Frosmoth|move: Protect
|
|-damage|p2a: Typhlosion|82/100 tox|[from] psn
|upkeep
|turn|6
|inactive|felasmiguel has 30 seconds left.
|inactive|felasmiguel has 20 seconds left.
|
|t:|1756520106
|move|p1a: Frosmoth|Tera Blast|p2a: Typhlosion|[anim] Tera Blast Electric
|-damage|p2a: Typhlosion|0 fnt
|faint|p2a: Typhlosion
|move|p1b: Glimmora|Meteor Beam||[still]
|-prepare|p1b: Glimmora|Meteor Beam
|-boost|p1b: Glimmora|spa|1
|-enditem|p1b: Glimmora|Power Herb
|-anim|p1b: Glimmora|Meteor Beam|p2b: Ursaluna
|-damage|p2b: Ursaluna|17/100
|move|p2b: Ursaluna|Earth Power|p1a: Frosmoth
|-supereffective|p1a: Frosmoth
|-damage|p1a: Frosmoth|10/100
|-damage|p2b: Ursaluna|8/100|[from] item: Life Orb
|
|upkeep
|
|t:|1756520117
|switch|p2a: Meowscarada|Meowscarada, L50, F|100/100
|turn|7
|
|t:|1756520137
|switch|p1b: Sinistcha|Sinistcha, L50|100/100
|-heal|p1a: Frosmoth|35/100|[from] ability: Hospitality|[of] p1b: Sinistcha
|move|p1a: Frosmoth|Protect|p1a: Frosmoth
|-singleturn|p1a: Frosmoth|Protect
|move|p2a: Meowscarada|Knock Off|p1a: Frosmoth
|-start|p2a: Meowscarada|typechange|Dark|[from] ability: Protean
|-activate|p1a: Frosmoth|move: Protect
|move|p2b: Ursaluna|Hyper Voice|p1b: Sinistcha|[spread] p1b
|-activate|p1a: Frosmoth|move: Protect
|-crit|p1b: Sinistcha
|-damage|p1b: Sinistcha|0 fnt
|faint|p1b: Sinistcha
|-damage|p2b: Ursaluna|0 fnt|[from] item: Life Orb
|faint|p2b: Ursaluna
|
|upkeep
|
|t:|1756520153
|switch|p1b: Glimmora|Glimmora, L50, M|23/100
|turn|8
|
|t:|1756520171
|move|p1a: Frosmoth|Ice Beam|p2a: Meowscarada
|-enditem|p2a: Meowscarada|Focus Sash
|-damage|p2a: Meowscarada|1/100
|move|p2a: Meowscarada|Flower Trick|p1a: Frosmoth
|-crit|p1a: Frosmoth
|-damage|p1a: Frosmoth|0 fnt
|faint|p1a: Frosmoth
|move|p1b: Glimmora|Toxic|p2a: Meowscarada
|-status|p2a: Meowscarada|tox
|
|-damage|p2a: Meowscarada|0 fnt|[from] psn
|faint|p2a: Meowscarada
|
|win|felasmiguel
|inactive|felasmiguel has 30 seconds to confirm battle start!
|inactive|myshirtisdirty has 30 seconds to confirm battle start!
||felasmiguel is ready for game 3.
||myshirtisdirty is ready for game 3.
|uhtml|next|Next: Game 3 of 3
|l|☆felasmiguel
|player|p1|
