|j|☆Il Mule
|j|☆thelphox
|html|Il Mulethelphox    
|uhtml|bestof|Game 2 of a best-of-3
|t:|1756981606
|gametype|doubles
|player|p1|Il Mule|salvatore|1456
|player|p2|thelphox|hiker-gen4|1457
|gen|9
|tier|[Gen 9] VGC 2025 Reg H (Bo3)
|rated|
|rule|Species Clause: Limit one of each Pokémon
|rule|Item Clause: Limit 1 of each item
|clearpoke
|poke|p1|Corviknight, L50, M|
|poke|p1|Garchomp, L50, M|
|poke|p1|Tyranitar, L50, M|
|poke|p1|Gholdengo, L50|
|poke|p1|Sneasler, L50, M|
|poke|p1|Incineroar, L50, M|
|poke|p2|Archaludon, L50, M|
|poke|p2|Dragonite, L50, F|
|poke|p2|Pelipper, L50, F|
|poke|p2|Ursaluna, L50, F|
|poke|p2|Sinistcha, L50|
|poke|p2|Gholdengo, L50|
|teampreview|4
|showteam|p1|Corviknight||CovertCloak|MirrorArmor|BraveBird,Taunt,Roost,Tailwind|||M|||50|,,,,,Dragon]Garchomp||ClearAmulet|RoughSkin|Earthquake,DragonClaw,StompingTantrum,Protect|||M|||50|,,,,,Steel]Tyranitar||AssaultVest|SandStream|RockSlide,KnockOff,TeraBlast,LowKick|||M|||50|,,,,,Flying]Gholdengo||LifeOrb|GoodasGold|MakeItRain,ShadowBall,NastyPlot,Protect||||||50|,,,,,Flying]Sneasler||AirBalloon|Unburden|DireClaw,CloseCombat,Coaching,Protect|||M|||50|,,,,,Ghost]Incineroar||SafetyGoggles|Intimidate|FlareBlitz,WillOWisp,PartingShot,FakeOut|||M|||50|,,,,,Ghost
|showteam|p2|Archaludon||AssaultVest|Stamina|FlashCannon,BodyPress,ElectroShot,Snarl|||M|||50|,,,,,Fighting]Dragonite||LoadedDice|Multiscale|ScaleShot,Tailwind,Haze,Protect|||F|||50|,,,,,Fairy]Pelipper||FocusSash|Drizzle|MuddyWater,Hurricane,Tailwind,Protect|||F|||50|,,,,,Ghost]Ursaluna||FlameOrb|Guts|Facade,HeadlongRush,Earthquake,Protect|||F|||50|,,,,,Ghost]Sinistcha||SitrusBerry|Hospitality|MatchaGotcha,LifeDew,RagePowder,TrickRoom||||||50|,,,,,Dark]Gholdengo||ChoiceScarf|GoodasGold|MakeItRain,ShadowBall,Trick,Protect||||||50|,,,,,Flying
|
|t:|1756981640
|teamsize|p1|4
|teamsize|p2|4
|start
|switch|p1a: Tyranitar|Tyranitar, L50, M|100/100
|switch|p1b: Corviknight|Corviknight, L50, M, shiny|100/100
|switch|p2a: Archaludon|Archaludon, L50, M|100/100
|switch|p2b: Pelipper|Pelipper, L50, F|100/100
|-weather|RainDance|[from] ability: Drizzle|[of] p2b: Pelipper
|-weather|Sandstorm|[from] ability: Sand Stream|[of] p1a: Tyranitar
|turn|1
|
|t:|1756981662
|move|p2b: Pelipper|Tailwind|p2b: Pelipper
|-sidestart|p2: thelphox|move: Tailwind
|move|p2a: Archaludon|Body Press|p1a: Tyranitar
|-supereffective|p1a: Tyranitar
|-damage|p1a: Tyranitar|16/100
|move|p1b: Corviknight|Tailwind|p1b: Corviknight
|-sidestart|p1: Il Mule|move: Tailwind
|move|p1a: Tyranitar|Knock Off|p2b: Pelipper
|-damage|p2b: Pelipper|25/100
|-enditem|p2b: Pelipper|Focus Sash|[from] move: Knock Off|[of] p1a: Tyranitar
|
|-weather|Sandstorm|[upkeep]
|-damage|p2b: Pelipper|20/100|[from] Sandstorm
|upkeep
|turn|2
|
|t:|1756981698
|switch|p1a: Gholdengo|Gholdengo, L50|100/100
|move|p2b: Pelipper|Muddy Water|p1a: Gholdengo|[spread] p1b
|-miss|p2b: Pelipper|p1a: Gholdengo
|-damage|p1b: Corviknight|72/100
|move|p1b: Corviknight|Brave Bird|p2b: Pelipper
|-damage|p2b: Pelipper|0 fnt
|faint|p2b: Pelipper
|-damage|p1b: Corviknight|67/100|[from] Recoil
|move|p2a: Archaludon|Snarl|p1b: Corviknight|[spread] p1a,p1b
|-supereffective|p1a: Gholdengo
|-damage|p1a: Gholdengo|77/100
|-damage|p1b: Corviknight|57/100
|-unboost|p1a: Gholdengo|spa|1
|
|-weather|Sandstorm|[upkeep]
|upkeep
|
|t:|1756981732
|switch|p2b: Ursaluna|Ursaluna, L50, F|100/100
|turn|3
|
|t:|1756981747
|switch|p1a: Incineroar|Incineroar, L50, M|100/100
|-ability|p1a: Incineroar|Intimidate|boost
|-unboost|p2a: Archaludon|atk|1
|-unboost|p2b: Ursaluna|atk|1
|move|p2b: Ursaluna|Protect|p2b: Ursaluna
|-singleturn|p2b: Ursaluna|Protect
|move|p1b: Corviknight|Roost|p1b: Corviknight
|-heal|p1b: Corviknight|100/100
|-singleturn|p1b: Corviknight|move: Roost
|move|p2a: Archaludon|Snarl|p1a: Incineroar|[spread] p1a,p1b
|-resisted|p1a: Incineroar
|-damage|p1a: Incineroar|96/100
|-damage|p1b: Corviknight|90/100
|-unboost|p1a: Incineroar|spa|1
|
|-weather|Sandstorm|[upkeep]
|-status|p2b: Ursaluna|brn|[from] item: Flame Orb
|upkeep
|turn|4
|
|t:|1756981770
|-terastallize|p1a: Incineroar|Ghost
|move|p1b: Corviknight|Brave Bird|p2b: Ursaluna
|-damage|p2b: Ursaluna|68/100 brn
|-damage|p1b: Corviknight|79/100|[from] Recoil
|move|p2a: Archaludon|Body Press|p1a: Incineroar
|-immune|p1a: Incineroar
|move|p2b: Ursaluna|Headlong Rush|p1a: Incineroar
|-damage|p1a: Incineroar|30/100
|-unboost|p2b: Ursaluna|def|1
|-unboost|p2b: Ursaluna|spd|1
|move|p1a: Incineroar|Will-O-Wisp|p2a: Archaludon|[miss]
|-miss|p1a: Incineroar|p2a: Archaludon
|
|-weather|Sandstorm|[upkeep]
|-damage|p2b: Ursaluna|62/100 brn|[from] brn
|-sideend|p1: Il Mule|move: Tailwind
|-sideend|p2: thelphox|move: Tailwind
|upkeep
|turn|5
|
|t:|1756981802
|move|p1b: Corviknight|Tailwind|p1b: Corviknight
|-sidestart|p1: Il Mule|move: Tailwind
|move|p1a: Incineroar|Will-O-Wisp|p2a: Archaludon
|-status|p2a: Archaludon|brn
|move|p2a: Archaludon|Snarl|p1a: Incineroar|[spread] p1a,p1b
|-supereffective|p1a: Incineroar
|-damage|p1a: Incineroar|11/100
|-damage|p1b: Corviknight|68/100
|-unboost|p1a: Incineroar|spa|1
|move|p2b: Ursaluna|Headlong Rush|p1a: Incineroar
|-damage|p1a: Incineroar|0 fnt
|-unboost|p2b: Ursaluna|def|1
|-unboost|p2b: Ursaluna|spd|1
|faint|p1a: Incineroar
|
|-weather|none
|-damage|p2a: Archaludon|94/100 brn|[from] brn
|-damage|p2b: Ursaluna|56/100 brn|[from] brn
|upkeep
|
|t:|1756981819
|switch|p1a: Gholdengo|Gholdengo, L50|77/100
|turn|6
|
|t:|1756981827
|move|p1a: Gholdengo|Nasty Plot|p1a: Gholdengo
|-boost|p1a: Gholdengo|spa|2
|move|p1b: Corviknight|Brave Bird|p2b: Ursaluna
|-crit|p2b: Ursaluna
|-damage|p2b: Ursaluna|0 fnt
|faint|p2b: Ursaluna
|-damage|p1b: Corviknight|50/100|[from] Recoil
|move|p2a: Archaludon|Snarl|p1a: Gholdengo|[spread] p1a,p1b
|-supereffective|p1a: Gholdengo
|-damage|p1a: Gholdengo|52/100
|-damage|p1b: Corviknight|39/100
|-unboost|p1a: Gholdengo|spa|1
|
|-damage|p2a: Archaludon|88/100 brn|[from] brn
|upkeep
|
|t:|1756981833
|switch|p2b: Gholdengo|Gholdengo, L50|100/100
|turn|7
|
|t:|1756981856
|move|p1a: Gholdengo|Shadow Ball|p2b: Gholdengo
|-supereffective|p2b: Gholdengo
|-damage|p2b: Gholdengo|0 fnt
|faint|p2b: Gholdengo
|-damage|p1a: Gholdengo|43/100|[from] item: Life Orb
|move|p1b: Corviknight|Brave Bird|p2a: Archaludon
|-resisted|p2a: Archaludon
|-damage|p2a: Archaludon|75/100 brn
|-ability|p2a: Archaludon|Stamina|boost
|-boost|p2a: Archaludon|def|1
|-damage|p1b: Corviknight|35/100|[from] Recoil
|move|p2a: Archaludon|Snarl|p1b: Corviknight|[spread] p1a,p1b
|-supereffective|p1a: Gholdengo
|-damage|p1a: Gholdengo|16/100
|-damage|p1b: Corviknight|24/100
|-unboost|p1a: Gholdengo|spa|1
|
|-damage|p2a: Archaludon|69/100 brn|[from] brn
|upkeep
|turn|8
|
|t:|1756981868
|move|p1a: Gholdengo|Protect|p1a: Gholdengo
|-singleturn|p1a: Gholdengo|Protect
|move|p1b: Corviknight|Roost|p1b: Corviknight
|-heal|p1b: Corviknight|74/100
|-singleturn|p1b: Corviknight|move: Roost
|move|p2a: Archaludon|Snarl|p1a: Gholdengo|[spread] p1b
|-activate|p1a: Gholdengo|move: Protect
|-damage|p1b: Corviknight|64/100
|
|-damage|p2a: Archaludon|62/100 brn|[from] brn
|-sideend|p1: Il Mule|move: Tailwind
|upkeep
|turn|9
|
|t:|1756981879
|switch|p1a: Tyranitar|Tyranitar, L50, M|16/100
|-weather|Sandstorm|[from] ability: Sand Stream|[of] p1a: Tyranitar
|move|p1b: Corviknight|Roost|p1b: Corviknight
|-heal|p1b: Corviknight|100/100
|-singleturn|p1b: Corviknight|move: Roost
|move|p2a: Archaludon|Snarl|p1b: Corviknight|[spread] p1a,p1b
|-resisted|p1a: Tyranitar
|-damage|p1a: Tyranitar|14/100
|-damage|p1b: Corviknight|90/100
|-unboost|p1a: Tyranitar|spa|1
|
|-weather|Sandstorm|[upkeep]
|-damage|p2a: Archaludon|56/100 brn|[from] brn
|upkeep
|turn|10
|
|t:|1756981895
|move|p1b: Corviknight|Tailwind|p1b: Corviknight
|-sidestart|p1: Il Mule|move: Tailwind
|move|p1a: Tyranitar|Knock Off|p2a: Archaludon
|-damage|p2a: Archaludon|32/100 brn
|-ability|p2a: Archaludon|Stamina|boost
|-boost|p2a: Archaludon|def|1
|-enditem|p2a: Archaludon|Assault Vest|[from] move: Knock Off|[of] p1a: Tyranitar
|move|p2a: Archaludon|Flash Cannon|p1a: Tyranitar
|-supereffective|p1a: Tyranitar
|-damage|p1a: Tyranitar|0 fnt
|faint|p1a: Tyranitar
|
|-weather|Sandstorm|[upkeep]
|-damage|p2a: Archaludon|26/100 brn|[from] brn
|upkeep
|
|t:|1756981903
|switch|p1a: Gholdengo|Gholdengo, L50|16/100
|turn|11
|inactive|Battle timer is ON: inactive players will automatically lose when time's up. (requested by Il Mule)
|-message|thelphox forfeited.
|
|win|Il Mule
|raw|Il Mule's rating: 1456 → 1476(+20 for winning)
|raw|thelphox's rating: 1457 → 1437(-20 for losing)
|l|☆thelphox
|player|p2|
