|j|☆whatshaniniiiii
|j|☆ZekromAllDay
|html|whatshaniniiiiiZekromAllDay    
|uhtml|bestof|Game 2 of a best-of-3
|t:|1756502981
|gametype|doubles
|player|p1|whatshaniniiiii|101|1088
|player|p2|ZekromAllDay|170|1138
|gen|9
|tier|[Gen 9] VGC 2025 Reg H (Bo3)
|rated|
|rule|Species Clause: Limit one of each Pokémon
|rule|Item Clause: Limit 1 of each item
|clearpoke
|poke|p1|Tyranitar, L50, F|
|poke|p1|Sneasler, L50, F|
|poke|p1|Talonflame, L50, M|
|poke|p1|Indeedee, L50, M|
|poke|p1|Amoonguss, L50, F|
|poke|p1|Garchomp, L50, M|
|poke|p2|Basculegion, L50, M|
|poke|p2|Pelipper, L50, M|
|poke|p2|Archaludon, L50, F|
|poke|p2|Dragonite, L50, M|
|poke|p2|Indeedee, L50, M|
|poke|p2|Sneasler, L50, F|
|teampreview|4
|showteam|p1|Tyranitar||ChoiceScarf|SandStream|RockSlide,KnockOff,LowKick,HighHorsepower|||F|||50|,,,,,Flying]Sneasler||PsychicSeed|Unburden|CloseCombat,DireClaw,ThroatChop,Protect|||F|||50|,,,,,Dark]Talonflame||SafetyGoggles|GaleWings|BraveBird,Taunt,WillOWisp,Tailwind|||M|||50|,,,,,Flying]Indeedee||FocusSash|PsychicSurge|TrickRoom,ExpandingForce,Imprison,TeraBlast|||M|||50|,,,,,Fighting]Amoonguss||RockyHelmet|Regenerator|Spore,RagePowder,ClearSmog,Protect|||F|||50|,,,,,Water]Garchomp||LifeOrb|SandVeil|Earthquake,RockSlide,DragonClaw,Protect|||M|||50|,,,,,Dragon
|showteam|p2|Basculegion||ChoiceBand|SwiftSwim|WaveCrash,LastRespects,AquaJet,FlipTurn|||M|||50|,,,,,Grass]Pelipper||CovertCloak|Drizzle|WeatherBall,Hurricane,Tailwind,MuddyWater|||M|||50|,,,,,Stellar]Archaludon||AssaultVest|Stamina|ElectroShot,DracoMeteor,BodyPress,FlashCannon|||F|||50|,,,,,Bug]Dragonite||LoadedDice|InnerFocus|ScaleShot,Tailwind,Haze,Protect|||M|||50|,,,,,Fairy]Indeedee||FocusSash|PsychicSurge|ExpandingForce,TrickRoom,TeraBlast,Protect|||M|||50|,,,,,Psychic]Sneasler||PsychicSeed|Unburden|CloseCombat,ThroatChop,DireClaw,Protect|||F|||50|,,,,,Dark
|inactive|Battle timer is ON: inactive players will automatically lose when time's up. (requested by ZekromAllDay)
|
|t:|1756503019
|teamsize|p1|4
|teamsize|p2|4
|start
|switch|p1a: Talonflame|Talonflame, L50, M|100/100
|switch|p1b: Tyranitar|Tyranitar, L50, F|100/100
|switch|p2a: Indeedee|Indeedee, L50, M|100/100
|switch|p2b: Sneasler|Sneasler, L50, F|100/100
|-weather|Sandstorm|[from] ability: Sand Stream|[of] p1b: Tyranitar
|-fieldstart|move: Psychic Terrain|[from] ability: Psychic Surge|[of] p2a: Indeedee
|-enditem|p2b: Sneasler|Psychic Seed
|-boost|p2b: Sneasler|spd|1|[from] item: Psychic Seed
|turn|1
|
|t:|1756503041
|switch|p2b: Archaludon|Archaludon, L50, F|100/100
|-terastallize|p1b: Tyranitar|Flying
|move|p1a: Talonflame|Tailwind|p1a: Talonflame
|-sidestart|p1: whatshaniniiiii|move: Tailwind
|move|p1b: Tyranitar|Knock Off|p2a: Indeedee
|-supereffective|p2a: Indeedee
|-crit|p2a: Indeedee
|-enditem|p2a: Indeedee|Focus Sash
|-damage|p2a: Indeedee|1/100
|move|p2a: Indeedee|Trick Room|p2a: Indeedee
|-fieldstart|move: Trick Room|[of] p2a: Indeedee
|
|-weather|Sandstorm|[upkeep]
|-damage|p2a: Indeedee|0 fnt|[from] Sandstorm
|-damage|p1b: Tyranitar|95/100|[from] Sandstorm
|faint|p2a: Indeedee
|upkeep
|
|t:|1756503054
|switch|p2a: Sneasler|Sneasler, L50, F|100/100
|turn|2
|
|t:|1756503067
|switch|p1b: Amoonguss|Amoonguss, L50, F|100/100
|move|p2b: Archaludon|Draco Meteor|p1a: Talonflame
|-damage|p1a: Talonflame|3/100
|-unboost|p2b: Archaludon|spa|2
|move|p2a: Sneasler|Dire Claw|p1a: Talonflame
|-damage|p1a: Talonflame|0 fnt
|faint|p1a: Talonflame
|
|-weather|Sandstorm|[upkeep]
|-damage|p1b: Amoonguss|95/100|[from] Sandstorm
|-damage|p2a: Sneasler|95/100|[from] Sandstorm
|upkeep
|
|t:|1756503091
|switch|p1a: Tyranitar|Tyranitar, L50, F, tera:Flying|95/100
|turn|3
|
|t:|1756503111
|move|p1b: Amoonguss|Spore|p2a: Sneasler
|-status|p2a: Sneasler|slp|[from] move: Spore
|move|p2b: Archaludon|Flash Cannon|p1a: Tyranitar
|-damage|p1a: Tyranitar|75/100
|-unboost|p1a: Tyranitar|spd|1
|cant|p2a: Sneasler|slp
|move|p1a: Tyranitar|High Horsepower|p2b: Archaludon
|-supereffective|p2b: Archaludon
|-damage|p2b: Archaludon|52/100
|-ability|p2b: Archaludon|Stamina|boost
|-boost|p2b: Archaludon|def|1
|
|-weather|Sandstorm|[upkeep]
|-damage|p1b: Amoonguss|89/100|[from] Sandstorm
|-damage|p2a: Sneasler|89/100 slp|[from] Sandstorm
|-damage|p1a: Tyranitar|70/100|[from] Sandstorm
|upkeep
|turn|4
|
|t:|1756503134
|move|p1b: Amoonguss|Spore|p2b: Archaludon
|-status|p2b: Archaludon|slp|[from] move: Spore
|cant|p2b: Archaludon|slp
|-curestatus|p2a: Sneasler|slp|[msg]
|move|p2a: Sneasler|Dire Claw|p1a: Tyranitar
|-damage|p1a: Tyranitar|26/100
|move|p1a: Tyranitar|High Horsepower|p2a: Sneasler
|-supereffective|p2a: Sneasler
|-damage|p2a: Sneasler|0 fnt
|faint|p2a: Sneasler
|
|-weather|Sandstorm|[upkeep]
|-damage|p1b: Amoonguss|83/100|[from] Sandstorm
|-damage|p1a: Tyranitar|20/100|[from] Sandstorm
|-sideend|p1: whatshaniniiiii|move: Tailwind
|upkeep
|
|t:|1756503144
|switch|p2a: Dragonite|Dragonite, L50, M|100/100
|turn|5
|
|t:|1756503156
|move|p2a: Dragonite|Protect|p2a: Dragonite
|-singleturn|p2a: Dragonite|Protect
|move|p1b: Amoonguss|Rage Powder|p1b: Amoonguss
|-singleturn|p1b: Amoonguss|move: Rage Powder
|cant|p2b: Archaludon|slp
|move|p1a: Tyranitar|High Horsepower|p2b: Archaludon
|-supereffective|p2b: Archaludon
|-damage|p2b: Archaludon|21/100 slp
|-ability|p2b: Archaludon|Stamina|boost
|-boost|p2b: Archaludon|def|1
|
|-weather|none
|-fieldend|move: Trick Room
|-fieldend|move: Psychic Terrain
|upkeep
|turn|6
|
|t:|1756503178
|-terastallize|p2b: Archaludon|Bug
|move|p1b: Amoonguss|Rage Powder|p1b: Amoonguss
|-singleturn|p1b: Amoonguss|move: Rage Powder
|move|p1a: Tyranitar|High Horsepower|p2b: Archaludon
|-resisted|p2b: Archaludon
|-damage|p2b: Archaludon|16/100 slp
|-ability|p2b: Archaludon|Stamina|boost
|-boost|p2b: Archaludon|def|1
|move|p2a: Dragonite|Scale Shot|p1b: Amoonguss
|-damage|p1b: Amoonguss|73/100
|-damage|p1b: Amoonguss|62/100
|-damage|p1b: Amoonguss|51/100
|-damage|p1b: Amoonguss|40/100
|-hitcount|p1b: Amoonguss|4
|-unboost|p2a: Dragonite|def|1
|-boost|p2a: Dragonite|spe|1
|-curestatus|p2b: Archaludon|slp|[msg]
|move|p2b: Archaludon|Flash Cannon|p1b: Amoonguss
|-damage|p1b: Amoonguss|25/100
|
|upkeep
|turn|7
|inactive|ZekromAllDay has 30 seconds left.
|inactive|whatshaniniiiii has 30 seconds left.
|
|t:|1756503215
|move|p1b: Amoonguss|Protect|p1b: Amoonguss
|-singleturn|p1b: Amoonguss|Protect
|move|p2a: Dragonite|Scale Shot|p1b: Amoonguss
|-activate|p1b: Amoonguss|move: Protect
|move|p1a: Tyranitar|High Horsepower|p2b: Archaludon
|-resisted|p2b: Archaludon
|-damage|p2b: Archaludon|12/100
|-ability|p2b: Archaludon|Stamina|boost
|-boost|p2b: Archaludon|def|1
|move|p2b: Archaludon|Flash Cannon|p1b: Amoonguss
|-activate|p1b: Amoonguss|move: Protect
|
|upkeep
|turn|8
|inactive|whatshaniniiiii has 30 seconds left.
|
|t:|1756503241
|switch|p1b: Garchomp|Garchomp, L50, M|100/100
|move|p2a: Dragonite|Scale Shot|p1b: Garchomp
|-supereffective|p1b: Garchomp
|-damage|p1b: Garchomp|73/100
|-supereffective|p1b: Garchomp
|-damage|p1b: Garchomp|49/100
|-supereffective|p1b: Garchomp
|-damage|p1b: Garchomp|23/100
|-supereffective|p1b: Garchomp
|-damage|p1b: Garchomp|0 fnt
|faint|p1b: Garchomp
|-hitcount|p1: Garchomp|4
|-unboost|p2a: Dragonite|def|1
|-boost|p2a: Dragonite|spe|1
|move|p1a: Tyranitar|High Horsepower|p2b: Archaludon
|-resisted|p2b: Archaludon
|-damage|p2b: Archaludon|8/100
|-ability|p2b: Archaludon|Stamina|boost
|-boost|p2b: Archaludon|def|1
|move|p2b: Archaludon|Flash Cannon|p1a: Tyranitar
|-damage|p1a: Tyranitar|0 fnt
|faint|p1a: Tyranitar
|
|upkeep
|
|t:|1756503244
|switch|p1b: Amoonguss|Amoonguss, L50, F|58/100
|turn|9
|
|t:|1756503266
|move|p2a: Dragonite|Scale Shot|p1b: Amoonguss|[miss]
|-miss|p2a: Dragonite|p1b: Amoonguss
|move|p2b: Archaludon|Draco Meteor|p1b: Amoonguss
|-damage|p1b: Amoonguss|31/100
|-unboost|p2b: Archaludon|spa|2
|move|p1b: Amoonguss|Clear Smog|p2b: Archaludon
|-damage|p2b: Archaludon|0 fnt
|-clearboost|p2b: Archaludon
|faint|p2b: Archaludon
|
|upkeep
|turn|10
|
|t:|1756503274
|move|p2a: Dragonite|Scale Shot|p1b: Amoonguss
|-damage|p1b: Amoonguss|20/100
|-damage|p1b: Amoonguss|10/100
|-damage|p1b: Amoonguss|0 fnt
|faint|p1b: Amoonguss
|-hitcount|p1: Amoonguss|3
|
|win|ZekromAllDay
|raw|whatshaniniiiii's rating: 1088 → 1068(-20 for losing)
|raw|ZekromAllDay's rating: 1138 → 1159(+21 for winning)
