|j|â˜†angelbee21
|j|â˜†ThunDragon67
|html|angelbee21ThunDragon67    
|uhtml|bestof|Game 2 of a best-of-3
|t:|1756659481
|gametype|doubles
|player|p1|angelbee21|lenora|1130
|player|p2|ThunDragon67|li|1000
|gen|9
|tier|[Gen 9] VGC 2025 Reg H (Bo3)
|rated|
|rule|Species Clause: Limit one of each PokÃ©mon
|rule|Item Clause: Limit 1 of each item
|clearpoke
|poke|p1|Maushold-Four, L50|
|poke|p1|Annihilape, L50, F|
|poke|p1|Pelipper, L50, M|
|poke|p1|Archaludon, L50, F|
|poke|p1|Basculegion, L50, M|
|poke|p1|Kingambit, L50, M|
|poke|p2|Incineroar, L50, M|
|poke|p2|Amoonguss, L50, M|
|poke|p2|Farigiraf, L50, M|
|poke|p2|Whimsicott, L50, M|
|poke|p2|Dragonite, L50, M|
|poke|p2|Ursaluna-Bloodmoon, L50, M|
|teampreview|4
|showteam|p1|Maushold-Four||SafetyGoggles|FriendGuard|FollowMe,Protect,Taunt,BeatUp||||||50|,,,,,Ghost]Annihilape||Leftovers|Defiant|RageFist,DrainPunch,BulkUp,Protect|||F|||50|,,,,,Fire]Pelipper||FocusSash|Drizzle|Hurricane,WeatherBall,Tailwind,Protect|||M|||50|,,,,,Ghost]Archaludon||AssaultVest|Stamina|DracoMeteor,ElectroShot,BodyPress,FlashCannon|||F|||50|,,,,,Grass]Basculegion||ChoiceBand|SwiftSwim|LastRespects,WaveCrash,AquaJet,FlipTurn|||M|||50|,,,,,Grass]Kingambit||BlackGlasses|Defiant|KowtowCleave,SuckerPunch,IronHead,Protect|||M|||50|,,,,,Dark
|showteam|p2|Incineroar||AssaultVest|Intimidate|FakeOut,Uturn,Snarl,FlareBlitz|||M|||50|,,,,,Ghost]Amoonguss||RockyHelmet|Regenerator|RagePowder,Spore,PollenPuff,Protect|||M|||50|,,,,,Water]Farigiraf||Leftovers|ArmorTail|Protect,Imprison,DazzlingGleam,TrickRoom|||M|||50|,,,,,Fairy]Whimsicott||CovertCloak|Prankster|GigaDrain,FakeTears,Tailwind,Protect|||M|||50|,,,,,Grass]Dragonite||SafetyGoggles|InnerFocus|Protect,Haze,ExtremeSpeed,IceSpinner|||M|||50|,,,,,Normal]Ursaluna-Bloodmoon||LifeOrb|MindsEye|Protect,BloodMoon,EarthPower,HyperVoice|||M|||50|,,,,,Normal
|inactive|Battle timer is ON: inactive players will automatically lose when time's up. (requested by angelbee21)
|
|t:|1756659496
|teamsize|p1|4
|teamsize|p2|4
|start
|switch|p1a: Maushold|Maushold-Four, L50|100/100
|switch|p1b: Annihilape|Annihilape, L50, F, shiny|100/100
|switch|p2a: Whimsicott|Whimsicott, L50, M|100/100
|switch|p2b: Incineroar|Incineroar, L50, M|100/100
|-ability|p2b: Incineroar|Intimidate|boost
|-unboost|p1a: Maushold|atk|1
|-unboost|p1b: Annihilape|atk|1
|-ability|p1b: Annihilape|Defiant|boost
|-boost|p1b: Annihilape|atk|2
|turn|1
|inactive|ThunDragon67 has 30 seconds left.
|inactive|ThunDragon67 has 20 seconds left.
|
|t:|1756659532
|move|p2a: Whimsicott|Fake Tears|p1b: Annihilape
|-unboost|p1b: Annihilape|spd|2
|-ability|p1b: Annihilape|Defiant|boost
|-boost|p1b: Annihilape|atk|2
|move|p1a: Maushold|Taunt|p2a: Whimsicott
|-start|p2a: Whimsicott|move: Taunt
|move|p1b: Annihilape|Bulk Up|p1b: Annihilape
|-boost|p1b: Annihilape|atk|1
|-boost|p1b: Annihilape|def|1
|move|p2b: Incineroar|U-turn|p1b: Annihilape
|-resisted|p1b: Annihilape
|-crit|p1b: Annihilape
|-damage|p1b: Annihilape|95/100
|
|t:|1756659554
|switch|p2b: Ursaluna|Ursaluna-Bloodmoon, L50, M|100/100|[from] U-turn
|
|-heal|p1b: Annihilape|100/100|[from] item: Leftovers
|upkeep
|turn|2
|
|t:|1756659576
|switch|p2a: Farigiraf|Farigiraf, L50, M|100/100
|move|p1a: Maushold|Follow Me|p1a: Maushold
|-singleturn|p1a: Maushold|move: Follow Me
|move|p1b: Annihilape|Drain Punch|p2b: Ursaluna
|-supereffective|p2b: Ursaluna
|-damage|p2b: Ursaluna|0 fnt
|faint|p2b: Ursaluna
|
|upkeep
|c|â˜†ThunDragon67|gg
|c|â˜†angelbee21|gg
|
|t:|1756659598
|switch|p2b: Incineroar|Incineroar, L50, M|100/100
|-ability|p2b: Incineroar|Intimidate|boost
|-unboost|p1a: Maushold|atk|1
|-unboost|p1b: Annihilape|atk|1
|-ability|p1b: Annihilape|Defiant|boost
|-boost|p1b: Annihilape|atk|2
|turn|3
|
|t:|1756659612
|-terastallize|p1b: Annihilape|Fire
|-terastallize|p2a: Farigiraf|Fairy
|move|p2b: Incineroar|Fake Out|p1a: Maushold
|-damage|p1a: Maushold|85/100
|cant|p1a: Maushold|flinch
|move|p1b: Annihilape|Drain Punch|p2a: Farigiraf
|-resisted|p2a: Farigiraf
|-damage|p2a: Farigiraf|48/100
|move|p2a: Farigiraf|Dazzling Gleam|p1b: Annihilape|[spread] p1a,p1b
|-resisted|p1b: Annihilape
|-damage|p1a: Maushold|59/100
|-damage|p1b: Annihilape|88/100
|
|-heal|p1b: Annihilape|94/100|[from] item: Leftovers
|-heal|p2a: Farigiraf|54/100|[from] item: Leftovers
|upkeep
|turn|4
|
|t:|1756659634
|move|p1a: Maushold|Follow Me|p1a: Maushold
|-singleturn|p1a: Maushold|move: Follow Me
|move|p1b: Annihilape|Rage Fist|p2a: Farigiraf
|-damage|p2a: Farigiraf|0 fnt
|faint|p2a: Farigiraf
|move|p2b: Incineroar|Flare Blitz|p1a: Maushold
|-damage|p1a: Maushold|0 fnt
|faint|p1a: Maushold
|-damage|p2b: Incineroar|82/100|[from] Recoil
|
|-heal|p1b: Annihilape|99/100|[from] item: Leftovers
|upkeep
|
|t:|1756659646
|switch|p1a: Archaludon|Archaludon, L50, F|100/100
|switch|p2a: Whimsicott|Whimsicott, L50, M|100/100
|turn|5
|
|t:|1756659660
|move|p2a: Whimsicott|Fake Tears|p1b: Annihilape
|-unboost|p1b: Annihilape|spd|2
|-ability|p1b: Annihilape|Defiant|boost
|-boost|p1b: Annihilape|atk|1
|move|p1a: Archaludon|Flash Cannon|p2a: Whimsicott
|-supereffective|p2a: Whimsicott
|-damage|p2a: Whimsicott|15/100
|move|p1b: Annihilape|Drain Punch|p2b: Incineroar
|-supereffective|p2b: Incineroar
|-damage|p2b: Incineroar|0 fnt
|-heal|p1b: Annihilape|100/100|[from] drain|[of] p2b: Incineroar
|faint|p2b: Incineroar
|
|upkeep
|turn|6
|
|t:|1756659672
|move|p2a: Whimsicott|Giga Drain|p1b: Annihilape
|-resisted|p1b: Annihilape
|-damage|p1b: Annihilape|73/100
|-heal|p2a: Whimsicott|32/100|[from] drain|[of] p1b: Annihilape
|move|p1a: Archaludon|Flash Cannon|p2a: Whimsicott
|-supereffective|p2a: Whimsicott
|-damage|p2a: Whimsicott|0 fnt
|faint|p2a: Whimsicott
|
|win|angelbee21
|raw|angelbee21's rating: 1130 → 1146(+16 for winning)
|raw|ThunDragon67's rating: 1000 → 1000(+0 for losing)
|l|â˜†ThunDragon67
|player|p2|
