|j|☆FtPlyr
|j|☆mclashgaming
|html|FtPlyrmclashgaming    
|uhtml|bestof|Game 1 of a best-of-3
|t:|1783621492
|gametype|doubles
|player|p1|FtPlyr|hilbert|
|player|p2|mclashgaming|2|
|gen|9
|tier|[Gen 9 Champions] VGC 2026 Reg M-B (Bo3)
|rule|Species Clause: Limit one of each Pokémon
|rule|Item Clause: Limit 1 of each item
|clearpoke
|poke|p1|Raichu, L50, F|
|poke|p1|Pelipper, L50, M|
|poke|p1|Palafin, L50, M|
|poke|p1|Araquanid, L50, F|
|poke|p1|Archaludon, L50, F|
|poke|p1|Primarina, L50, F|
|poke|p2|Garchomp, L50, F|
|poke|p2|Charizard, L50, F, shiny|
|poke|p2|Venusaur, L50, M|
|poke|p2|Whimsicott, L50, M|
|poke|p2|Incineroar, L50, F|
|poke|p2|Kingambit, L50, F, shiny|
|teampreview|4
|showteam|p1|Raichu||RaichuniteX|LightningRod|FocusBlast,IronTail,Trailblaze,Wish|Hasty||F|||50|]Pelipper||DampRock|Drizzle|WeatherBall,Hurricane,GunkShot,Roost|Relaxed||M|||50|]Palafin||ChoiceScarf|ZerotoHero|FlipTurn,AquaTail,Outrage,ZenHeadbutt|Jolly||M|||50|]Araquanid||Leftovers|WaterBubble|Liquidation,AquaRing,Substitute,Trailblaze|Careful||F|||50|]Archaludon||WhiteHerb|Stamina|ElectroShot,FlashCannon,DracoMeteor,BrickBreak|Naive||F|||50|]Primarina||LumBerry|LiquidVoice|AlluringVoice,SparklingAria,Rest,CalmMind|Modest||F|||50|
|showteam|p2|Garchomp||HabanBerry|RoughSkin|Earthquake,RockSlide,SwordsDance,Protect|Jolly||F|||50|]Charizard||CharizarditeY|SolarPower|HeatWave,Protect,SolarBeam,WeatherBall|Timid||F|||50|]Venusaur||Leftovers|Chlorophyll|EnergyBall,EarthPower,Protect,SludgeBomb|Modest||M|||50|]Whimsicott||FocusSash|Prankster|Moonblast,Tailwind,LeechSeed,Encore|Bold||M|||50|]Incineroar||SitrusBerry|Intimidate|FakeOut,Protect,PartingShot,FlareBlitz|Careful||F|||50|]Kingambit||ChopleBerry|Defiant|SuckerPunch,IronHead,KowtowCleave,Protect|Adamant||F|||50|
|c|☆FtPlyr|glhf
|inactive|Battle timer is ON: inactive players will automatically lose when time's up. (requested by FtPlyr)
|j| electro94
|c|☆mclashgaming|glhf
|
|t:|1783621597
|teamsize|p1|4
|teamsize|p2|4
|start
|switch|p1a: Pelipper|Pelipper, L50, M|100/100
|switch|p1b: Archaludon|Archaludon, L50, F|100/100
|switch|p2a: full of whimsy|Whimsicott, L50, M|100/100
|switch|p2b: a shark|Garchomp, L50, F|100/100
|-weather|RainDance|[from] ability: Drizzle|[of] p1a: Pelipper
|turn|1
|c| electro94|Good luck!
|inactive|mclashgaming has 30 seconds left.
|inactiveoff|Battle timer is now OFF.
|
|t:|1783621635
|move|p2a: full of whimsy|Tailwind|p2a: full of whimsy
|-sidestart|p2: mclashgaming|move: Tailwind
|move|p2b: a shark|Swords Dance|p2b: a shark
|-boost|p2b: a shark|atk|2
|move|p1b: Archaludon|Draco Meteor|p2b: a shark
|-supereffective|p2b: a shark|1
|-enditem|p2b: a shark|Haban Berry|[eat]
|-enditem|p2b: a shark|Haban Berry|[weaken]
|-damage|p2b: a shark|21/100
|-unboost|p1b: Archaludon|spa|2
|-enditem|p1b: Archaludon|White Herb
|-clearnegativeboost|p1b: Archaludon|[silent]
|move|p1a: Pelipper|Hurricane|p2a: full of whimsy
|-supereffective|p2a: full of whimsy|1
|-damage|p2a: full of whimsy|2/100
|-start|p2a: full of whimsy|confusion
|
|-weather|RainDance|[upkeep]
|upkeep
|turn|2
|c|☆FtPlyr|i would hate for my only win to be timer
|
|t:|1783621689
|move|p2b: a shark|Protect|p2b: a shark
|-singleturn|p2b: a shark|Protect
|-activate|p2a: full of whimsy|confusion
|move|p2a: full of whimsy|Leech Seed|p1a: Pelipper
|-start|p1a: Pelipper|move: Leech Seed
|move|p1b: Archaludon|Flash Cannon|p2a: full of whimsy
|-supereffective|p2a: full of whimsy|1
|-damage|p2a: full of whimsy|0 fnt
|faint|p2a: full of whimsy
|move|p1a: Pelipper|Weather Ball|p2b: a shark
|-activate|p2b: a shark|move: Protect
|
|-weather|RainDance|[upkeep]
|upkeep
|
|t:|1783621726
|switch|p2a: a dragon|Charizard, L50, F, shiny|100/100
|turn|3
|
|t:|1783621737
|detailschange|p2a: a dragon|Charizard-Mega-Y, L50, F, shiny
|-mega|p2a: a dragon|Charizard|Charizardite Y
|-weather|SunnyDay|[from] ability: Drought|[of] p2a: a dragon
|move|p2b: a shark|Earthquake|p1a: Pelipper|[spread] p1b
|-immune|p2a: a dragon
|-immune|p1a: Pelipper
|-supereffective|p1b: Archaludon|1
|-damage|p1b: Archaludon|0 fnt
|faint|p1b: Archaludon
|move|p2a: a dragon|Solar Beam||[still]
|-prepare|p2a: a dragon|Solar Beam
|-anim|p2a: a dragon|Solar Beam|p1a: Pelipper
|-damage|p1a: Pelipper|27/100
|move|p1a: Pelipper|Weather Ball|p2b: a shark
|-resisted|p2b: a shark|1
|-damage|p2b: a shark|2/100
|
|-weather|SunnyDay|[upkeep]
|-damage|p1a: Pelipper|15/100|[from] Leech Seed|[of] p2a: a dragon
|upkeep
|
|t:|1783621755
|switch|p1b: Raichu|Raichu, L50, F|100/100
|turn|4
|
|t:|1783621772
|detailschange|p1b: Raichu|Raichu-Mega-X, L50, F
|-mega|p1b: Raichu|Raichu|Raichunite X
|-fieldstart|move: Electric Terrain|[from] ability: Electric Surge|[of] p1b: Raichu
|move|p2b: a shark|Rock Slide|p1b: Raichu|[spread] p1a,p1b
|-supereffective|p1a: Pelipper|1
|-damage|p1a: Pelipper|0 fnt
|-damage|p1b: Raichu|42/100
|faint|p1a: Pelipper
|move|p2a: a dragon|Weather Ball|p1b: Raichu
|-damage|p1b: Raichu|0 fnt
|faint|p1b: Raichu
|
|-weather|SunnyDay|[upkeep]
|-sideend|p2: mclashgaming|move: Tailwind
|upkeep
|
|t:|1783621785
|switch|p1b: Primarina|Primarina, L50, F|100/100
|turn|5
|l| electro94
|
|t:|1783621802
|move|p2b: a shark|Protect|p2b: a shark
|-singleturn|p2b: a shark|Protect
|move|p2a: a dragon|Solar Beam||[still]
|-prepare|p2a: a dragon|Solar Beam
|-anim|p2a: a dragon|Solar Beam|p1b: Primarina
|-supereffective|p1b: Primarina|1
|-damage|p1b: Primarina|18/100
|move|p1b: Primarina|Sparkling Aria|p2a: a dragon|[spread] p2a
|-activate|p2b: a shark|move: Protect
|-supereffective|p2a: a dragon|1
|-damage|p2a: a dragon|61/100
|
|-weather|SunnyDay|[upkeep]
|upkeep
|turn|6
|
|t:|1783621816
|move|p2b: a shark|Earthquake|p1b: Primarina|[spread] p1b
|-immune|p2a: a dragon
|-damage|p1b: Primarina|0 fnt
|faint|p1b: Primarina
|
|win|mclashgaming
||FtPlyr is ready for game 2.
|c|☆FtPlyr|wp
|inactive|mclashgaming has 30 seconds to confirm battle start!
||mclashgaming is ready for game 2.
|uhtml|next|Next: Game 2 of 3
