|j|☆Cucaro macaro
|j|☆TeyVgc
|html|Cucaro macaroTeyVgc    
|uhtml|bestof|Game 2 of a best-of-3
|t:|1784005792
|gametype|doubles
|player|p1|Cucaro macaro|giovanni|1126
|player|p2|TeyVgc|rood|1246
|gen|9
|tier|[Gen 9 Champions] VGC 2026 Reg M-B (Bo3)
|rated|
|rule|Species Clause: Limit one of each Pokémon
|rule|Item Clause: Limit 1 of each item
|clearpoke
|poke|p1|Alakazam, L50, F|
|poke|p1|Corviknight, L50, M|
|poke|p1|Meowscarada, L50, M|
|poke|p1|Sneasler, L50, F, shiny|
|poke|p1|Arcanine-Hisui, L50, F|
|poke|p1|Primarina, L50, F, shiny|
|poke|p2|Raichu, L50, M|
|poke|p2|Sinistcha, L50|
|poke|p2|Ceruledge, L50, F|
|poke|p2|Milotic, L50, M|
|poke|p2|Incineroar, L50, F|
|poke|p2|Floette-Eternal, L50, F|
|teampreview|4
|showteam|p1|Alakazam||Alakazite|InnerFocus|Psychic,NastyPlot,DazzlingGleam,Protect|Timid||F|||50|]Corviknight||Leftovers|Pressure|Tailwind,Protect,BraveBird,BodyPress|Impish||M|||50|]Meowscarada||FocusSash|Overgrow|Protect,FlowerTrick,KnockOff,SuckerPunch|Jolly||M|||50|]Sneasler||WhiteHerb|Unburden|Protect,QuickGuard,DireClaw,CloseCombat|Adamant||F|||50|]Arcanine-Hisui||ChopleBerry|Intimidate|ExtremeSpeed,FlareBlitz,RockSlide,Protect|Jolly||F|||50|]Primarina||BrightPowder|LiquidVoice|HyperVoice,Moonblast,Protect,Amnesia|Calm||F|||50|
|showteam|p2|Raichu||RaichuniteY|LightningRod|ZapCannon,FocusBlast,FakeOut,Protect|Timid||M|||50|]Sinistcha||KasibBerry|Hospitality|MatchaGotcha,Protect,RagePowder,TrickRoom|Relaxed|||||50|]Ceruledge||ColburBerry|FlashFire|BitterBlade,ShadowSneak,BulkUp,Protect|Adamant||F|||50|]Milotic||Leftovers|Competitive|MuddyWater,Coil,Hypnosis,Recover|Calm||M|||50|]Incineroar||SitrusBerry|Intimidate|FlareBlitz,ThroatChop,FakeOut,PartingShot|Impish||F|||50|]Floette-Eternal||Floettite|FlowerVeil|CalmMind,Protect,Moonblast,DazzlingGleam|Modest||F|||50|
|
|t:|1784005807
|teamsize|p1|4
|teamsize|p2|4
|start
|switch|p1a: Sneasler|Sneasler, L50, F, shiny|100/100
|switch|p1b: Arcanine|Arcanine-Hisui, L50, F|100/100
|switch|p2a: Incineroar|Incineroar, L50, F|100/100
|switch|p2b: Ceruledge|Ceruledge, L50, F|100/100
|-ability|p1b: Arcanine|Intimidate|boost
|-unboost|p2a: Incineroar|atk|1
|-unboost|p2b: Ceruledge|atk|1
|-ability|p2a: Incineroar|Intimidate|boost
|-unboost|p1a: Sneasler|atk|1
|-unboost|p1b: Arcanine|atk|1
|-enditem|p1a: Sneasler|White Herb
|-clearnegativeboost|p1a: Sneasler|[silent]
|turn|1
|inactive|Battle timer is ON: inactive players will automatically lose when time's up. (requested by Cucaro macaro)
|
|t:|1784005818
|move|p2b: Ceruledge|Protect|p2b: Ceruledge
|-singleturn|p2b: Ceruledge|Protect
|move|p1a: Sneasler|Quick Guard|p1a: Sneasler
|-singleturn|p1a: Sneasler|Quick Guard
|move|p1b: Arcanine|Rock Slide|p2b: Ceruledge|[spread] p2a
|-activate|p2b: Ceruledge|move: Protect
|-supereffective|p2a: Incineroar|1
|-damage|p2a: Incineroar|75/100
|move|p2a: Incineroar|Parting Shot|p1a: Sneasler
|-unboost|p1a: Sneasler|atk|1
|-unboost|p1a: Sneasler|spa|1
|
|t:|1784005831
|switch|p2a: Raichu|Raichu, L50, M|100/100|[from] Parting Shot
|
|upkeep
|turn|2
|
|t:|1784005839
|switch|p2a: Incineroar|Incineroar, L50, F|75/100
|-ability|p2a: Incineroar|Intimidate|boost
|-unboost|p1a: Sneasler|atk|1
|-unboost|p1b: Arcanine|atk|1
|move|p1a: Sneasler|Quick Guard|p1a: Sneasler
|-singleturn|p1a: Sneasler|Quick Guard
|move|p1b: Arcanine|Rock Slide|p2b: Ceruledge|[spread] p2a,p2b
|-supereffective|p2a: Incineroar|1
|-supereffective|p2b: Ceruledge|1
|-damage|p2a: Incineroar|56/100
|-damage|p2b: Ceruledge|72/100
|move|p2b: Ceruledge|Bulk Up|p2b: Ceruledge
|-boost|p2b: Ceruledge|atk|1
|-boost|p2b: Ceruledge|def|1
|
|upkeep
|turn|3
|
|t:|1784005857
|move|p1a: Sneasler|Quick Guard|p1a: Sneasler
|-singleturn|p1a: Sneasler|Quick Guard
|move|p2a: Incineroar|Fake Out|p1a: Sneasler
|-activate|p1a: Sneasler|move: Quick Guard
|move|p1b: Arcanine|Rock Slide|p2a: Incineroar|[spread] p2a,p2b
|-supereffective|p2a: Incineroar|1
|-supereffective|p2b: Ceruledge|1
|-damage|p2a: Incineroar|35/100
|-damage|p2b: Ceruledge|52/100
|-enditem|p2a: Incineroar|Sitrus Berry|[eat]
|-heal|p2a: Incineroar|60/100|[from] item: Sitrus Berry
|move|p2b: Ceruledge|Bulk Up|p2b: Ceruledge
|-boost|p2b: Ceruledge|atk|1
|-boost|p2b: Ceruledge|def|1
|
|upkeep
|turn|4
|
|t:|1784005874
|switch|p2a: Sinistcha|Sinistcha, L50|100/100
|-heal|p2b: Ceruledge|77/100|[from] ability: Hospitality|[of] p2a: Sinistcha
|move|p1a: Sneasler|Close Combat|p2a: Sinistcha
|-immune|p2a: Sinistcha
|move|p1b: Arcanine|Flare Blitz|p2a: Sinistcha
|-supereffective|p2a: Sinistcha|1
|-damage|p2a: Sinistcha|52/100
|-damage|p1b: Arcanine|83/100|[from] Recoil
|move|p2b: Ceruledge|Bitter Blade|p1a: Sneasler
|-damage|p1a: Sneasler|0 fnt
|-heal|p2b: Ceruledge|100/100|[from] drain|[of] p1a: Sneasler
|faint|p1a: Sneasler
|
|upkeep
|
|t:|1784005890
|switch|p1a: Meowscarada|Meowscarada, L50, M|100/100
|turn|5
|
|t:|1784005898
|switch|p1b: Primarina|Primarina, L50, F, shiny|100/100
|switch|p2a: Incineroar|Incineroar, L50, F|60/100
|-ability|p2a: Incineroar|Intimidate|boost
|-unboost|p1a: Meowscarada|atk|1
|-unboost|p1b: Primarina|atk|1
|move|p1a: Meowscarada|Protect|p1a: Meowscarada
|-singleturn|p1a: Meowscarada|Protect
|move|p2b: Ceruledge|Bulk Up|p2b: Ceruledge
|-boost|p2b: Ceruledge|atk|1
|-boost|p2b: Ceruledge|def|1
|
|upkeep
|turn|6
|
|t:|1784005911
|move|p2a: Incineroar|Fake Out|p1b: Primarina|[miss]
|-miss|p2a: Incineroar|p1b: Primarina
|move|p1a: Meowscarada|Knock Off|p2b: Ceruledge
|-supereffective|p2b: Ceruledge|1
|-enditem|p2b: Ceruledge|Colbur Berry|[eat]
|-enditem|p2b: Ceruledge|Colbur Berry|[weaken]
|-damage|p2b: Ceruledge|86/100
|move|p2b: Ceruledge|Bitter Blade|p1a: Meowscarada
|-supereffective|p1a: Meowscarada|1
|-enditem|p1a: Meowscarada|Focus Sash
|-damage|p1a: Meowscarada|1/100
|-heal|p2b: Ceruledge|100/100|[from] drain|[of] p1a: Meowscarada
|move|p1b: Primarina|Hyper Voice|p2a: Incineroar|[spread] p2a,p2b
|-supereffective|p2a: Incineroar|1
|-supereffective|p2b: Ceruledge|1
|-damage|p2a: Incineroar|12/100
|-damage|p2b: Ceruledge|42/100
|
|upkeep
|turn|7
|
|t:|1784005931
|move|p2b: Ceruledge|Protect|p2b: Ceruledge
|-singleturn|p2b: Ceruledge|Protect
|move|p1a: Meowscarada|Flower Trick|p2a: Incineroar
|-resisted|p2a: Incineroar|1
|-crit|p2a: Incineroar
|-damage|p2a: Incineroar|0 fnt
|faint|p2a: Incineroar
|move|p1b: Primarina|Hyper Voice|p2b: Ceruledge
|-activate|p2b: Ceruledge|move: Protect
|
|upkeep
|
|t:|1784005944
|switch|p2a: Sinistcha|Sinistcha, L50|52/100
|-heal|p2b: Ceruledge|67/100|[from] ability: Hospitality|[of] p2a: Sinistcha
|turn|8
|
|t:|1784005962
|move|p2b: Ceruledge|Shadow Sneak|p1a: Meowscarada
|-resisted|p1a: Meowscarada|1
|-damage|p1a: Meowscarada|0 fnt
|faint|p1a: Meowscarada
|move|p2a: Sinistcha|Matcha Gotcha|p1b: Primarina
|-supereffective|p1b: Primarina|1
|-damage|p1b: Primarina|58/100
|-heal|p2a: Sinistcha|74/100|[from] drain|[of] p1b: Primarina
|move|p1b: Primarina|Hyper Voice|p2b: Ceruledge|[spread] p2a,p2b
|-resisted|p2a: Sinistcha|1
|-supereffective|p2b: Ceruledge|1
|-damage|p2a: Sinistcha|61/100
|-damage|p2b: Ceruledge|11/100
|
|upkeep
|
|t:|1784005975
|switch|p1a: Arcanine|Arcanine-Hisui, L50, F|83/100
|-ability|p1a: Arcanine|Intimidate|boost
|-unboost|p2a: Sinistcha|atk|1
|-unboost|p2b: Ceruledge|atk|1
|turn|9
|
|t:|1784005982
|move|p2a: Sinistcha|Protect|p2a: Sinistcha
|-singleturn|p2a: Sinistcha|Protect
|move|p2b: Ceruledge|Shadow Sneak|p1b: Primarina
|-damage|p1b: Primarina|19/100
|move|p1a: Arcanine|Rock Slide|p2b: Ceruledge|[spread] p2b
|-activate|p2a: Sinistcha|move: Protect
|-supereffective|p2b: Ceruledge|1
|-damage|p2b: Ceruledge|0 fnt
|faint|p2b: Ceruledge
|move|p1b: Primarina|Moonblast|p2a: Sinistcha
|-activate|p2a: Sinistcha|move: Protect
|
|upkeep
|
|t:|1784005987
|switch|p2b: Raichu|Raichu, L50, M|100/100
|turn|10
|
|t:|1784006005
|detailschange|p2b: Raichu|Raichu-Mega-Y, L50, M
|-mega|p2b: Raichu|Raichu|Raichunite Y
|move|p1a: Arcanine|Protect|p1a: Arcanine
|-singleturn|p1a: Arcanine|Protect
|move|p1b: Primarina|Protect|p1b: Primarina
|-singleturn|p1b: Primarina|Protect
|move|p2b: Raichu|Fake Out|p1a: Arcanine
|-activate|p1a: Arcanine|move: Protect
|move|p2a: Sinistcha|Matcha Gotcha|p1a: Arcanine|[spread] 
|-activate|p1a: Arcanine|move: Protect
|-activate|p1b: Primarina|move: Protect
|
|upkeep
|turn|11
|
|t:|1784006024
|move|p2b: Raichu|Zap Cannon|p1a: Arcanine
|-damage|p1a: Arcanine|1/100
|-status|p1a: Arcanine|par
|move|p2a: Sinistcha|Matcha Gotcha|p1a: Arcanine|[spread] p1a,p1b
|-supereffective|p1b: Primarina|1
|-damage|p1a: Arcanine|0 fnt
|-heal|p2a: Sinistcha|62/100|[from] drain|[of] p1a: Arcanine
|-damage|p1b: Primarina|0 fnt
|-heal|p2a: Sinistcha|72/100|[from] drain|[of] p1b: Primarina
|faint|p1a: Arcanine
|faint|p1b: Primarina
|
|win|TeyVgc
