|j|☆aviles0036
|j|☆magic 561
|html|aviles0036magic 561    
|uhtml|bestof|Game 2 of a best-of-3
|t:|1757838989
|gametype|doubles
|player|p1|aviles0036|noland-gen3|1294
|player|p2|magic 561|266|1260
|gen|9
|tier|[Gen 9] VGC 2025 Reg H (Bo3)
|rated|
|rule|Species Clause: Limit one of each Pokémon
|rule|Item Clause: Limit 1 of each item
|clearpoke
|poke|p1|Amoonguss, L50, M|
|poke|p1|Sneasler, L50, F|
|poke|p1|Gholdengo, L50|
|poke|p1|Incineroar, L50, F|
|poke|p1|Ursaluna-Bloodmoon, L50, M|
|poke|p1|Dragonite, L50, M|
|poke|p2|Hydreigon, L50, M|
|poke|p2|Metagross, L50|
|poke|p2|Ninetales-Alola, L50, M|
|poke|p2|Basculegion, L50, M|
|poke|p2|Kilowattrel, L50, F|
|poke|p2|Incineroar, L50, F|
|teampreview|4
|showteam|p1|Amoonguss||SitrusBerry|Regenerator|RagePowder,Spore,PollenPuff,Protect|||M|||50|,,,,,Water]Sneasler||FocusSash|Unburden|Protect,DireClaw,CloseCombat,ThroatChop|||F|||50|,,,,,Stellar]Gholdengo||LifeOrb|GoodasGold|Protect,MakeItRain,ShadowBall,NastyPlot||||||50|,,,,,Water]Incineroar||SafetyGoggles|Intimidate|KnockOff,PartingShot,FlareBlitz,FakeOut|||F|||50|,,,,,Ghost]Ursaluna-Bloodmoon||AssaultVest|MindsEye|BloodMoon,EarthPower,VacuumWave,HyperVoice|||M|||50|,,,,,Water]Dragonite||LoadedDice|Multiscale|ScaleShot,Tailwind,Haze,Protect|||M|||50|,,,,,Fairy
|showteam|p2|Hydreigon||LifeOrb|Levitate|DarkPulse,DracoMeteor,EarthPower,Protect|||M|||50|,,,,,Poison]Metagross||AssaultVest|ClearBody|BulletPunch,HeavySlam,PsychicFangs,HammerArm||||||50|,,,,,Water]Ninetales-Alola||NeverMeltIce|SnowWarning|Moonblast,IcyWind,Blizzard,Protect|||M|||50|,,,,,Ice]Basculegion||ChoiceScarf|Adaptability|WaveCrash,LastRespects,AquaJet,FlipTurn|||M|||50|,,,,,Grass]Kilowattrel||FocusSash|Competitive|Thunderbolt,AirSlash,Tailwind,Protect|||F|||50|,,,,,Ghost]Incineroar||SafetyGoggles|Intimidate|KnockOff,FlareBlitz,PartingShot,FakeOut|||F|||50|,,,,,Ghost
|inactive|Battle timer is ON: inactive players will automatically lose when time's up. (requested by magic 561)
|inactive|aviles0036 has 60 seconds left.
|
|t:|1757839027
|teamsize|p1|4
|teamsize|p2|4
|start
|switch|p1a: Sneasler|Sneasler, L50, F|100/100
|switch|p1b: Dragonite|Dragonite, L50, M|100/100
|switch|p2a: Kilowattrel|Kilowattrel, L50, F|100/100
|switch|p2b: Basculegion|Basculegion, L50, M|100/100
|turn|1
|
|t:|1757839050
|move|p2b: Basculegion|Flip Turn|p1a: Sneasler
|-damage|p1a: Sneasler|24/100
|
|t:|1757839054
|switch|p2b: Ninetales|Ninetales-Alola, L50, M|100/100|[from] Flip Turn
|-weather|Snowscape|[from] ability: Snow Warning|[of] p2b: Ninetales
|move|p2a: Kilowattrel|Air Slash|p1a: Sneasler
|-supereffective|p1a: Sneasler
|-damage|p1a: Sneasler|0 fnt
|faint|p1a: Sneasler
|move|p1b: Dragonite|Scale Shot|p2a: Kilowattrel
|-damage|p2a: Kilowattrel|71/100
|-crit|p2a: Kilowattrel
|-damage|p2a: Kilowattrel|32/100
|-damage|p2a: Kilowattrel|0 fnt
|faint|p2a: Kilowattrel
|-hitcount|p2: Kilowattrel|3
|-unboost|p1b: Dragonite|def|1
|-boost|p1b: Dragonite|spe|1
|
|-weather|Snowscape|[upkeep]
|upkeep
|
|t:|1757839063
|switch|p2a: Metagross|Metagross, L50|100/100
|switch|p1a: Incineroar|Incineroar, L50, F|100/100
|-ability|p1a: Incineroar|Intimidate|boost
|-fail|p2a: Metagross|unboost|[from] ability: Clear Body|[of] p2a: Metagross
|-unboost|p2b: Ninetales|atk|1
|turn|2
|inactive|aviles0036 has 30 seconds left.
|inactive|magic 561 has 30 seconds left.
|
|t:|1757839093
|-terastallize|p2a: Metagross|Water
|move|p1b: Dragonite|Protect|p1b: Dragonite
|-singleturn|p1b: Dragonite|Protect
|move|p2b: Ninetales|Icy Wind|p1a: Incineroar|[spread] p1a
|-activate|p1b: Dragonite|move: Protect
|-resisted|p1a: Incineroar
|-damage|p1a: Incineroar|92/100
|-unboost|p1a: Incineroar|spe|1
|move|p2a: Metagross|Psychic Fangs|p1b: Dragonite
|-activate|p1b: Dragonite|move: Protect
|move|p1a: Incineroar|Flare Blitz|p2b: Ninetales
|-supereffective|p2b: Ninetales
|-damage|p2b: Ninetales|0 fnt
|faint|p2b: Ninetales
|-damage|p1a: Incineroar|67/100|[from] Recoil
|
|-weather|Snowscape|[upkeep]
|upkeep
|
|t:|1757839097
|switch|p2b: Basculegion|Basculegion, L50, M|100/100
|turn|3
|
|t:|1757839119
|move|p1b: Dragonite|Scale Shot|p2b: Basculegion
|-damage|p2b: Basculegion|80/100
|-damage|p2b: Basculegion|62/100
|-damage|p2b: Basculegion|42/100
|-crit|p2b: Basculegion
|-damage|p2b: Basculegion|12/100
|-hitcount|p2b: Basculegion|4
|-unboost|p1b: Dragonite|def|1
|-boost|p1b: Dragonite|spe|1
|move|p2b: Basculegion|Wave Crash|p1a: Incineroar
|-supereffective|p1a: Incineroar
|-damage|p1a: Incineroar|0 fnt
|faint|p1a: Incineroar
|-damage|p2b: Basculegion|0 fnt|[from] Recoil
|faint|p2b: Basculegion
|move|p2a: Metagross|Psychic Fangs|p1b: Dragonite
|-damage|p1b: Dragonite|43/100
|
|-weather|Snowscape|[upkeep]
|upkeep
|
|t:|1757839130
|switch|p1a: Amoonguss|Amoonguss, L50, M|100/100
|turn|4
|
|t:|1757839140
|-terastallize|p1a: Amoonguss|Water
|move|p1b: Dragonite|Protect|p1b: Dragonite
|-singleturn|p1b: Dragonite|Protect
|move|p2a: Metagross|Psychic Fangs|p1a: Amoonguss
|-damage|p1a: Amoonguss|63/100
|move|p1a: Amoonguss|Spore|p2a: Metagross
|-status|p2a: Metagross|slp|[from] move: Spore
|
|-weather|Snowscape|[upkeep]
|upkeep
|turn|5
|
|t:|1757839154
|move|p1b: Dragonite|Scale Shot|p2a: Metagross
|-damage|p2a: Metagross|90/100 slp
|-damage|p2a: Metagross|80/100 slp
|-damage|p2a: Metagross|69/100 slp
|-damage|p2a: Metagross|57/100 slp
|-hitcount|p2a: Metagross|4
|-unboost|p1b: Dragonite|def|1
|-boost|p1b: Dragonite|spe|1
|cant|p2a: Metagross|slp
|move|p1a: Amoonguss|Pollen Puff|p1b: Dragonite
|-heal|p1b: Dragonite|93/100
|
|-weather|none
|upkeep
|turn|6
|
|t:|1757839171
|move|p1b: Dragonite|Haze|p1b: Dragonite
|-clearallboost
|cant|p2a: Metagross|slp
|move|p1a: Amoonguss|Pollen Puff|p1b: Dragonite
|-heal|p1b: Dragonite|100/100
|
|upkeep
|turn|7
|
|t:|1757839178
|move|p1b: Dragonite|Protect|p1b: Dragonite
|-singleturn|p1b: Dragonite|Protect
|cant|p2a: Metagross|slp
|move|p1a: Amoonguss|Spore|p2a: Metagross
|-fail|p2a: Metagross|slp
|
|upkeep
|turn|8
|
|t:|1757839184
|move|p1b: Dragonite|Tailwind|p1b: Dragonite
|-sidestart|p1: aviles0036|move: Tailwind
|move|p1a: Amoonguss|Spore|p2a: Metagross
|-fail|p2a: Metagross|slp
|-curestatus|p2a: Metagross|slp|[msg]
|move|p2a: Metagross|Psychic Fangs|p1b: Dragonite
|-damage|p1b: Dragonite|74/100
|
|upkeep
|turn|9
|
|t:|1757839198
|move|p1b: Dragonite|Scale Shot|p2a: Metagross
|-damage|p2a: Metagross|45/100
|-damage|p2a: Metagross|34/100
|-damage|p2a: Metagross|23/100
|-damage|p2a: Metagross|11/100
|-hitcount|p2a: Metagross|4
|-unboost|p1b: Dragonite|def|1
|-boost|p1b: Dragonite|spe|1
|move|p1a: Amoonguss|Spore|p2a: Metagross
|-status|p2a: Metagross|slp|[from] move: Spore
|cant|p2a: Metagross|slp
|
|upkeep
|turn|10
|
|t:|1757839216
|move|p1b: Dragonite|Scale Shot|p2a: Metagross
|-damage|p2a: Metagross|0 fnt
|faint|p2a: Metagross
|-hitcount|p2: Metagross|1
|
|win|aviles0036
||magic 561 is ready for game 3.
||aviles0036 is ready for game 3.
|uhtml|next|Next: Game 3 of 3
|l|☆aviles0036
|player|p1|
|l|☆magic 561
|player|p2|
