|j|☆lazywarlock
|j|☆Homero tg
|html|lazywarlockHomero tg    
|uhtml|bestof|Game 2 of a best-of-3
|t:|1756353134
|gametype|doubles
|player|p1|lazywarlock|fantina|1071
|player|p2|Homero tg|170|1040
|gen|9
|tier|[Gen 9] VGC 2025 Reg H (Bo3)
|rated|
|rule|Species Clause: Limit one of each Pokémon
|rule|Item Clause: Limit 1 of each item
|clearpoke
|poke|p1|Ninetales-Alola, L50, M|
|poke|p1|Rillaboom, L50, F|
|poke|p1|Magmar, L50, F|
|poke|p1|Sneasler, L50, F|
|poke|p1|Kingambit, L50, M|
|poke|p1|Basculegion, L50, M|
|poke|p2|Ursaluna, L50, M|
|poke|p2|Jumpluff, L50, M|
|poke|p2|Charizard, L50, M|
|poke|p2|Torkoal, L50, F|
|poke|p2|Incineroar, L50, F|
|poke|p2|Porygon2, L50|
|teampreview|4
|showteam|p1|Ninetales-Alola||LifeOrb|SnowWarning|Blizzard,FreezeDry,Encore,Protect|||M|||50|,,,,,Ghost]Rillaboom||AssaultVest|GrassySurge|WoodHammer,FakeOut,Uturn,GrassyGlide|||F|||50|,,,,,Ghost]Magmar||Eviolite|VitalSpirit|Protect,HeatWave,WillOWisp,FollowMe|||F|||50|,,,,,Ghost]Sneasler||FocusSash|PoisonTouch|FakeOut,DireClaw,CloseCombat,Protect|||F|||50|,,,,,Ghost]Kingambit||BlackGlasses|Defiant|KowtowCleave,SwordsDance,SuckerPunch,Protect|||M|||50|,,,,,Fire]Basculegion||ChoiceScarf|Adaptability|WaveCrash,FlipTurn,TeraBlast,LastRespects|||M|||50|,,,,,Fighting
|showteam|p2|Ursaluna||FlameOrb|Guts|HeadlongRush,Facade,Earthquake,Protect|||M|||50|,,,,,Ghost]Jumpluff||CovertCloak|Chlorophyll|SleepPowder,SunnyDay,Tailwind,RagePowder|||M|||50|,,,,,Fire]Charizard||ChoiceSpecs|SolarPower|DragonPulse,HeatWave,Overheat,WeatherBall|||M|||50|,,,,,Ghost]Torkoal||EjectPack|Drought|ClearSmog,Eruption,Overheat,Protect|||F|||50|,,,,,Fire]Incineroar||SitrusBerry|Intimidate|FakeOut,FlareBlitz,KnockOff,PartingShot|||F|||50|,,,,,Ghost]Porygon2||Eviolite|Download|TeraBlast,IceBeam,Recover,TrickRoom||||||50|,,,,,Fighting
|inactive|Battle timer is ON: inactive players will automatically lose when time's up. (requested by lazywarlock)
|inactive|lazywarlock has 60 seconds left.
|
|t:|1756353187
|teamsize|p1|4
|teamsize|p2|4
|start
|switch|p1a: Magmar|Magmar, L50, F|100/100
|switch|p1b: Kingambit|Kingambit, L50, M|100/100
|switch|p2a: Jumpluff|Jumpluff, L50, M|100/100
|switch|p2b: Torkoal|Torkoal, L50, F|100/100
|-weather|SunnyDay|[from] ability: Drought|[of] p2b: Torkoal
|turn|1
|inactive|Homero tg has 30 seconds left.
|
|t:|1756353212
|-terastallize|p1b: Kingambit|Fire
|move|p1a: Magmar|Follow Me|p1a: Magmar
|-singleturn|p1a: Magmar|move: Follow Me
|move|p2a: Jumpluff|Sleep Powder|p1a: Magmar
|-immune|p1a: Magmar|[from] ability: Vital Spirit
|move|p1b: Kingambit|Swords Dance|p1b: Kingambit
|-boost|p1b: Kingambit|atk|2
|move|p2b: Torkoal|Eruption|p1a: Magmar|[spread] p1a,p1b
|-resisted|p1a: Magmar
|-resisted|p1b: Kingambit
|-damage|p1a: Magmar|72/100
|-damage|p1b: Kingambit|64/100
|
|-weather|SunnyDay|[upkeep]
|upkeep
|turn|2
|
|t:|1756353229
|-terastallize|p2b: Torkoal|Fire
|move|p1a: Magmar|Follow Me|p1a: Magmar
|-singleturn|p1a: Magmar|move: Follow Me
|move|p2a: Jumpluff|Tailwind|p2a: Jumpluff
|-sidestart|p2: Homero tg|move: Tailwind
|move|p1b: Kingambit|Kowtow Cleave|p2a: Jumpluff
|-damage|p2a: Jumpluff|0 fnt
|faint|p2a: Jumpluff
|move|p2b: Torkoal|Eruption|p1b: Kingambit|[spread] p1a,p1b
|-resisted|p1a: Magmar
|-resisted|p1b: Kingambit
|-damage|p1a: Magmar|35/100
|-damage|p1b: Kingambit|14/100
|
|-weather|SunnyDay|[upkeep]
|upkeep
|
|t:|1756353244
|switch|p2a: Charizard|Charizard, L50, M|100/100
|turn|3
|
|t:|1756353255
|move|p1a: Magmar|Protect|p1a: Magmar
|-singleturn|p1a: Magmar|Protect
|move|p1b: Kingambit|Protect|p1b: Kingambit
|-singleturn|p1b: Kingambit|Protect
|move|p2a: Charizard|Heat Wave|p1b: Kingambit|[spread] 
|-activate|p1a: Magmar|move: Protect
|-activate|p1b: Kingambit|move: Protect
|move|p2b: Torkoal|Eruption|p1b: Kingambit|[spread] 
|-activate|p1a: Magmar|move: Protect
|-activate|p1b: Kingambit|move: Protect
|
|-weather|SunnyDay|[upkeep]
|-damage|p2a: Charizard|88/100|[from] ability: Solar Power|[of] p2a: Charizard
|upkeep
|turn|4
|inactive|lazywarlock has 30 seconds left.
|
|t:|1756353281
|move|p1b: Kingambit|Sucker Punch|p2a: Charizard
|-damage|p2a: Charizard|0 fnt
|faint|p2a: Charizard
|move|p1a: Magmar|Heat Wave|p2b: Torkoal
|-resisted|p2b: Torkoal
|-damage|p2b: Torkoal|70/100
|move|p2b: Torkoal|Eruption|p1b: Kingambit|[spread] p1a,p1b
|-resisted|p1a: Magmar
|-resisted|p1b: Kingambit
|-crit|p1b: Kingambit
|-damage|p1a: Magmar|8/100
|-damage|p1b: Kingambit|0 fnt
|faint|p1b: Kingambit
|
|-weather|SunnyDay|[upkeep]
|upkeep
|
|t:|1756353292
|switch|p2a: Ursaluna|Ursaluna, L50, M|100/100
|switch|p1b: Rillaboom|Rillaboom, L50, F|100/100
|-fieldstart|move: Grassy Terrain|[from] ability: Grassy Surge|[of] p1b: Rillaboom
|turn|5
|
|t:|1756353308
|move|p2a: Ursaluna|Protect|p2a: Ursaluna
|-singleturn|p2a: Ursaluna|Protect
|move|p1b: Rillaboom|Fake Out|p2b: Torkoal
|-damage|p2b: Torkoal|59/100
|move|p1a: Magmar|Heat Wave|p2b: Torkoal|[spread] p2b
|-activate|p2a: Ursaluna|move: Protect
|-resisted|p2b: Torkoal
|-damage|p2b: Torkoal|34/100
|cant|p2b: Torkoal|flinch
|
|-weather|none
|-heal|p1a: Magmar|14/100|[from] Grassy Terrain
|-heal|p2b: Torkoal|40/100|[from] Grassy Terrain
|-sideend|p2: Homero tg|move: Tailwind
|-status|p2a: Ursaluna|brn|[from] item: Flame Orb
|upkeep
|turn|6
|
|t:|1756353325
|move|p1a: Magmar|Heat Wave|p2b: Torkoal|[spread] p2b
|-miss|p1a: Magmar|p2a: Ursaluna
|-resisted|p2b: Torkoal
|-damage|p2b: Torkoal|25/100
|move|p1b: Rillaboom|Wood Hammer|p2a: Ursaluna
|-supereffective|p2a: Ursaluna
|-damage|p2a: Ursaluna|0 fnt
|faint|p2a: Ursaluna
|-damage|p1b: Rillaboom|64/100|[from] Recoil
|move|p2b: Torkoal|Overheat|p1b: Rillaboom
|-supereffective|p1b: Rillaboom
|-damage|p1b: Rillaboom|0 fnt
|-unboost|p2b: Torkoal|spa|2
|faint|p1b: Rillaboom
|
|-heal|p1a: Magmar|20/100|[from] Grassy Terrain
|-heal|p2b: Torkoal|31/100|[from] Grassy Terrain
|upkeep
|
|t:|1756353330
|switch|p1b: Basculegion|Basculegion, L50, M|100/100
|turn|7
|-message|Homero tg forfeited.
|
|win|lazywarlock
|raw|lazywarlock's rating: 1071 → 1098(+27 for winning)
|raw|Homero tg's rating: 1040 → 1025(-15 for losing)
|l|☆lazywarlock
|player|p1|
