|j|☆desrichards
|j|☆lettitripppp
|html|desrichardslettitripppp    
|uhtml|bestof|Game 1 of a best-of-3
|t:|1785464696
|gametype|doubles
|player|p1|desrichards|hilbert|1191
|player|p2|lettitripppp|lucas|1150
|gen|9
|tier|[Gen 9 Champions] VGC 2026 Reg M-B (Bo3)
|rated|
|rule|Species Clause: Limit one of each Pokémon
|rule|Item Clause: Limit 1 of each item
|clearpoke
|poke|p1|Tyranitar, L50, F|
|poke|p1|Excadrill, L50, F|
|poke|p1|Milotic, L50, M|
|poke|p1|Tsareena, L50, F|
|poke|p1|Staraptor, L50, F|
|poke|p1|Gholdengo, L50|
|poke|p2|Delphox, L50, M|
|poke|p2|Staraptor, L50, M|
|poke|p2|Garchomp, L50, M|
|poke|p2|Glimmora, L50, F|
|poke|p2|Kingambit, L50, M, shiny|
|poke|p2|Whimsicott, L50, F, shiny|
|teampreview|4
|showteam|p1|Tyranitar||Tyranitarite|SandStream|KnockOff,RockSlide,HighHorsepower,Protect|Jolly||F|||50|]Excadrill||FocusSash|SandRush|Earthquake,IronHead,StompingTantrum,Protect|Adamant||F|||50|]Milotic||SitrusBerry|Competitive|Scald,IcyWind,MuddyWater,Protect|Modest||M|||50|]Tsareena||WideLens|QueenlyMajesty|TripleAxel,HighJumpKick,PowerWhip,Protect|Adamant||F|||50|]Staraptor||Staraptite|Intimidate|CloseCombat,BraveBird,Tailwind,Protect|Jolly||F|||50|]Gholdengo||LifeOrb|GoodasGold|MakeItRain,ShadowBall,NastyPlot,Protect|Modest|||||50|
|showteam|p2|Delphox||Delphoxite|Blaze|HeatWave,Substitute,Psychic,Protect|Timid||M|||50|]Staraptor||Staraptite|Intimidate|CloseCombat,BraveBird,Roost,Protect|Jolly||M|||50|]Garchomp||LifeOrb|RoughSkin|DragonClaw,Earthquake,RockSlide,Protect|Jolly||M|||50|]Glimmora||FocusSash|ToxicDebris|SludgeBomb,EarthPower,PowerGem,SpikyShield|Timid||F|||50|]Kingambit||ChopleBerry|Defiant|KowtowCleave,SuckerPunch,IronHead,LowKick|Adamant||M|||50|]Whimsicott||OccaBerry|Prankster|LightScreen,Moonblast,Tailwind,Charm|Timid||F|||50|
|inactive|Battle timer is ON: inactive players will automatically lose when time's up. (requested by lettitripppp)
|
|t:|1785464724
|teamsize|p1|4
|teamsize|p2|4
|start
|switch|p1a: Staraptor|Staraptor, L50, F|100/100
|switch|p1b: Tyranitar|Tyranitar, L50, F|100/100
|switch|p2a: NUMBER 1|Staraptor, L50, M|100/100
|switch|p2b: LET IT GO|Whimsicott, L50, F, shiny|100/100
|-ability|p1a: Staraptor|Intimidate|boost
|-unboost|p2a: NUMBER 1|atk|1
|-unboost|p2b: LET IT GO|atk|1
|-ability|p2a: NUMBER 1|Intimidate|boost
|-unboost|p1a: Staraptor|atk|1
|-unboost|p1b: Tyranitar|atk|1
|-weather|Sandstorm|[from] ability: Sand Stream|[of] p1b: Tyranitar
|turn|1
|
|t:|1785464736
|switch|p1b: Milotic|Milotic, L50, M|100/100
|detailschange|p2a: NUMBER 1|Staraptor-Mega, L50, M
|-mega|p2a: NUMBER 1|Staraptor|Staraptite
|move|p2b: LET IT GO|Charm|p2a: NUMBER 1
|-boost|p2a: NUMBER 1|atk|2
|move|p2a: NUMBER 1|Close Combat|p1b: Milotic
|-damage|p1b: Milotic|12/100
|-boost|p2a: NUMBER 1|def|1
|-boost|p2a: NUMBER 1|spd|1
|-enditem|p1b: Milotic|Sitrus Berry|[eat]
|-heal|p1b: Milotic|37/100|[from] item: Sitrus Berry
|move|p1a: Staraptor|Tailwind|p1a: Staraptor
|-sidestart|p1: desrichards|move: Tailwind
|
|-weather|Sandstorm|[upkeep]
|-damage|p1a: Staraptor|94/100|[from] Sandstorm
|-damage|p1b: Milotic|31/100|[from] Sandstorm
|-damage|p2b: LET IT GO|94/100|[from] Sandstorm
|-damage|p2a: NUMBER 1|93/100|[from] Sandstorm
|upkeep
|turn|2
|
|t:|1785464755
|detailschange|p1a: Staraptor|Staraptor-Mega, L50, F
|-mega|p1a: Staraptor|Staraptor|Staraptite
|move|p1b: Milotic|Protect|p1b: Milotic
|-singleturn|p1b: Milotic|Protect
|move|p2b: LET IT GO|Tailwind|p2b: LET IT GO
|-sidestart|p2: lettitripppp|move: Tailwind
|move|p1a: Staraptor|Brave Bird|p2a: NUMBER 1
|-supereffective|p2a: NUMBER 1|1
|-damage|p2a: NUMBER 1|48/100
|-damage|p1a: Staraptor|79/100|[from] Recoil
|move|p2a: NUMBER 1|Close Combat|p1b: Milotic
|-activate|p1b: Milotic|move: Protect
|
|-weather|Sandstorm|[upkeep]
|-damage|p2b: LET IT GO|88/100|[from] Sandstorm
|-damage|p1a: Staraptor|73/100|[from] Sandstorm
|-damage|p2a: NUMBER 1|42/100|[from] Sandstorm
|-damage|p1b: Milotic|25/100|[from] Sandstorm
|upkeep
|turn|3
|
|t:|1785464772
|move|p2b: LET IT GO|Moonblast|p1b: Milotic
|-damage|p1b: Milotic|2/100
|move|p2a: NUMBER 1|Brave Bird|p1a: Staraptor
|-supereffective|p1a: Staraptor|1
|-damage|p1a: Staraptor|0 fnt
|faint|p1a: Staraptor
|-damage|p2a: NUMBER 1|18/100|[from] Recoil
|move|p1b: Milotic|Muddy Water|p2a: NUMBER 1|[spread] p2a,p2b
|-resisted|p2b: LET IT GO|1
|-damage|p2a: NUMBER 1|0 fnt
|-damage|p2b: LET IT GO|66/100
|-unboost|p2b: LET IT GO|accuracy|1
|faint|p2a: NUMBER 1
|
|-weather|Sandstorm|[upkeep]
|-damage|p2b: LET IT GO|60/100|[from] Sandstorm
|-damage|p1b: Milotic|0 fnt|[from] Sandstorm
|faint|p1b: Milotic
|upkeep
|
|t:|1785464784
|switch|p1a: Tyranitar|Tyranitar, L50, F|100/100
|switch|p2a: CRUSH SHARK|Garchomp, L50, M|100/100
|switch|p1b: Excadrill|Excadrill, L50, F|100/100
|turn|4
|
|t:|1785464801
|switch|p2b: GENERAL BLADUS|Kingambit, L50, M, shiny|100/100
|move|p1b: Excadrill|Iron Head|p2b: GENERAL BLADUS
|-resisted|p2b: GENERAL BLADUS|1
|-damage|p2b: GENERAL BLADUS|80/100
|move|p2a: CRUSH SHARK|Earthquake|p1b: Excadrill|[spread] p2b,p1a,p1b
|-supereffective|p2b: GENERAL BLADUS|1
|-supereffective|p1a: Tyranitar|1
|-supereffective|p1b: Excadrill|1
|-damage|p2b: GENERAL BLADUS|5/100
|-damage|p1a: Tyranitar|14/100
|-enditem|p1b: Excadrill|Focus Sash
|-damage|p1b: Excadrill|1/100
|-damage|p2a: CRUSH SHARK|90/100|[from] item: Life Orb
|move|p1a: Tyranitar|Knock Off|p2a: CRUSH SHARK
|-damage|p2a: CRUSH SHARK|42/100
|-damage|p1a: Tyranitar|2/100|[from] ability: Rough Skin|[of] p2a: CRUSH SHARK
|-enditem|p2a: CRUSH SHARK|Life Orb|[from] move: Knock Off|[of] p1a: Tyranitar
|
|-weather|Sandstorm|[upkeep]
|-sideend|p1: desrichards|move: Tailwind
|upkeep
|turn|5
|
|t:|1785464818
|move|p1b: Excadrill|Protect|p1b: Excadrill
|-singleturn|p1b: Excadrill|Protect
|move|p2b: GENERAL BLADUS|Sucker Punch||[still]
|-fail|p2b: GENERAL BLADUS
|move|p2a: CRUSH SHARK|Dragon Claw|p1a: Tyranitar
|-damage|p1a: Tyranitar|0 fnt
|faint|p1a: Tyranitar
|
|-weather|none
|-sideend|p2: lettitripppp|move: Tailwind
|upkeep
|turn|6
|-message|desrichards forfeited.
|
|win|lettitripppp
|l|☆desrichards
|player|p1|
