|j|☆HeatInSeven14
|j|☆Darklest
|html|HeatInSeven14Darklest    
|uhtml|bestof|Game 1 of a best-of-3
|t:|1783153377
|gametype|doubles
|player|p1|HeatInSeven14|170|1082
|player|p2|Darklest|102|1000
|gen|9
|tier|[Gen 9 Champions] VGC 2026 Reg M-B (Bo3)
|rated|
|rule|Species Clause: Limit one of each Pokémon
|rule|Item Clause: Limit 1 of each item
|clearpoke
|poke|p1|Farigiraf, L50, M, shiny|
|poke|p1|Kangaskhan, L50, F, shiny|
|poke|p1|Hydrapple, L50, M, shiny|
|poke|p1|Torkoal, L50, M, shiny|
|poke|p1|Mawile, L50, M|
|poke|p1|Vivillon-Pokeball, L50, M|
|poke|p2|Floette-Eternal, L50, F|
|poke|p2|Charizard, L50, M|
|poke|p2|Whimsicott, L50, F, shiny|
|poke|p2|Garchomp, L50, M|
|poke|p2|Kingambit, L50, F, shiny|
|poke|p2|Basculegion, L50, M|
|teampreview|4
|showteam|p1|Farigiraf||SitrusBerry|ArmorTail|TwinBeam,Thunderbolt,TrickRoom,Protect|Bold||M|||50|]Kangaskhan||Kangaskhanite|Scrappy|FakeOut,DoubleEdge,HammerArm,RockSlide|Brave||F|||50|]Hydrapple||LifeOrb|Regenerator|DracoMeteor,EnergyBall,EarthPower,Protect|Quiet||M|||50|]Torkoal||Charcoal|Drought|Eruption,WeatherBall,EarthPower,WillOWisp|Quiet||M|||50|]Mawile||Mawilite|HyperCutter|PlayRough,IronHead,SuckerPunch,Protect|Adamant||M|||50|]Vivillon-Pokeball||FocusSash|CompoundEyes|RagePowder,Hurricane,SleepPowder,Protect|Timid||M|||50|
|showteam|p2|Floette-Eternal||Floettite|FlowerVeil|Moonblast,DazzlingGleam,LightofRuin,Protect|Timid||F|||50|]Charizard||CharizarditeY|Blaze|HeatWave,WeatherBall,SolarBeam,Protect|Modest||M|||50|]Whimsicott||FocusSash|Prankster|Moonblast,Tailwind,Encore,Protect|Timid||F|||50|]Garchomp||LifeOrb|RoughSkin|DragonClaw,Earthquake,RockSlide,Protect|Jolly||M|||50|]Kingambit||ChopleBerry|Defiant|KowtowCleave,SuckerPunch,IronHead,LowKick|Adamant||F|||50|]Basculegion||MysticWater|Adaptability|WaveCrash,LastRespects,AquaJet,Protect|Adamant||M|||50|
|
|t:|1783153424
|teamsize|p1|4
|teamsize|p2|4
|start
|switch|p1a: Farigiraf|Farigiraf, L50, M, shiny|100/100
|switch|p1b: Kangaskhan|Kangaskhan, L50, F, shiny|100/100
|switch|p2a: Charizard|Charizard, L50, M|100/100
|switch|p2b: Garchomp|Garchomp, L50, M|100/100
|turn|1
|
|t:|1783153447
|detailschange|p2a: Charizard|Charizard-Mega-Y, L50, M
|-mega|p2a: Charizard|Charizard|Charizardite Y
|-weather|SunnyDay|[from] ability: Drought|[of] p2a: Charizard
|move|p1b: Kangaskhan|Fake Out|p2a: Charizard
|-damage|p2a: Charizard|78/100
|move|p2b: Garchomp|Earthquake|p1a: Farigiraf|[spread] p1a,p1b
|-immune|p2a: Charizard
|-damage|p1a: Farigiraf|58/100
|-damage|p1b: Kangaskhan|50/100g
|-damage|p2b: Garchomp|90/100|[from] item: Life Orb
|cant|p2a: Charizard|flinch
|move|p1a: Farigiraf|Trick Room|p1a: Farigiraf
|-fieldstart|move: Trick Room|[of] p1a: Farigiraf
|
|-weather|SunnyDay|[upkeep]
|upkeep
|turn|2
|
|t:|1783153481
|switch|p1a: Hydrapple|Hydrapple, L50, M, shiny|100/100
|switch|p2a: Kingambit|Kingambit, L50, F, shiny|100/100
|move|p1b: Kangaskhan|Rock Slide|p2b: Garchomp|[spread] p2a,p2b
|-resisted|p2a: Kingambit|1
|-resisted|p2b: Garchomp|1
|-damage|p2a: Kingambit|93/100
|-damage|p2b: Garchomp|81/100
|cant|p2b: Garchomp|flinch
|
|-weather|SunnyDay|[upkeep]
|upkeep
|turn|3
|
|t:|1783153500
|move|p2b: Garchomp|Protect|p2b: Garchomp
|-singleturn|p2b: Garchomp|Protect
|move|p1a: Hydrapple|Draco Meteor|p2b: Garchomp
|-activate|p2b: Garchomp|move: Protect
|move|p2a: Kingambit|Low Kick|p1b: Kangaskhan
|-supereffective|p1b: Kangaskhan|1
|-damage|p1b: Kangaskhan|0 fnt
|faint|p1b: Kangaskhan
|
|-weather|SunnyDay|[upkeep]
|upkeep
|
|t:|1783153507
|switch|p1b: Mawile|Mawile, L50, M|100/100
|turn|4
|
|t:|1783153533
|detailschange|p1b: Mawile|Mawile-Mega, L50, M
|-mega|p1b: Mawile|Mawile|Mawilite
|move|p1a: Hydrapple|Earth Power|p2a: Kingambit
|-supereffective|p2a: Kingambit|1
|-damage|p2a: Kingambit|13/100
|-damage|p1a: Hydrapple|90/100|[from] item: Life Orb
|move|p2a: Kingambit|Iron Head|p1b: Mawile
|-damage|p1b: Mawile|54/100
|move|p1b: Mawile|Play Rough|p2b: Garchomp
|-supereffective|p2b: Garchomp|1
|-damage|p2b: Garchomp|0 fnt
|-damage|p1b: Mawile|42/100|[from] ability: Rough Skin|[of] p2b: Garchomp
|faint|p2b: Garchomp
|
|-weather|SunnyDay|[upkeep]
|upkeep
|
|t:|1783153564
|switch|p2b: Charizard|Charizard-Mega-Y, L50, M|78/100
|turn|5
|
|t:|1783153597
|move|p1b: Mawile|Protect|p1b: Mawile
|-singleturn|p1b: Mawile|Protect
|move|p2b: Charizard|Protect|p2b: Charizard
|-singleturn|p2b: Charizard|Protect
|move|p2a: Kingambit|Sucker Punch|p1a: Hydrapple
|-damage|p1a: Hydrapple|56/100
|move|p1a: Hydrapple|Earth Power|p2a: Kingambit
|-supereffective|p2a: Kingambit|1
|-damage|p2a: Kingambit|0 fnt
|faint|p2a: Kingambit
|-damage|p1a: Hydrapple|46/100|[from] item: Life Orb
|
|-weather|none
|-fieldend|move: Trick Room
|upkeep
|
|t:|1783153606
|switch|p2a: Basculegion|Basculegion, L50, M|100/100
|turn|6
|
|t:|1783153644
|move|p1b: Mawile|Sucker Punch|p2b: Charizard
|-damage|p2b: Charizard|19/100
|move|p2b: Charizard|Heat Wave|p1b: Mawile|[spread] p1a
|-miss|p2b: Charizard|p1b: Mawile
|-damage|p1a: Hydrapple|5/100
|move|p2a: Basculegion|Wave Crash|p1b: Mawile
|-damage|p1b: Mawile|0 fnt
|faint|p1b: Mawile
|-damage|p2a: Basculegion|89/100|[from] Recoil
|move|p1a: Hydrapple|Energy Ball|p2a: Basculegion
|-supereffective|p2a: Basculegion|1
|-damage|p2a: Basculegion|0 fnt
|faint|p2a: Basculegion
|-damage|p1a: Hydrapple|0 fnt|[from] item: Life Orb
|faint|p1a: Hydrapple
|
|upkeep
|
|t:|1783153659
|switch|p1b: Farigiraf|Farigiraf, L50, M, shiny|58/100
|turn|7
|
|t:|1783153666
|move|p2b: Charizard|Heat Wave|p1b: Farigiraf
|-damage|p1b: Farigiraf|4/100
|-enditem|p1b: Farigiraf|Sitrus Berry|[eat]
|-heal|p1b: Farigiraf|29/100|[from] item: Sitrus Berry
|move|p1b: Farigiraf|Thunderbolt|p2b: Charizard
|-supereffective|p2b: Charizard|1
|-damage|p2b: Charizard|0 fnt
|faint|p2b: Charizard
|
|win|HeatInSeven14
|inactive|HeatInSeven14 has 30 seconds to confirm battle start!
|inactive|Darklest has 30 seconds to confirm battle start!
||HeatInSeven14 is ready for game 2.
||Darklest is ready for game 2.
|uhtml|next|Next: Game 2 of 3
