|j|☆Infinity7410
|j|☆Antinn
|html|Infinity7410Antinn    
|uhtml|bestof|Game 2 of a best-of-3
|t:|1786099272
|gametype|doubles
|player|p1|Infinity7410|2|1068
|player|p2|Antinn|will-gen2|1079
|gen|9
|tier|[Gen 9 Champions] VGC 2026 Reg M-B (Bo3)
|rated|
|rule|Species Clause: Limit one of each Pokémon
|rule|Item Clause: Limit 1 of each item
|clearpoke
|poke|p1|Staraptor, L50, M|
|poke|p1|Tyranitar, L50, F|
|poke|p1|Excadrill, L50, M|
|poke|p1|Milotic, L50, F|
|poke|p1|Gholdengo, L50|
|poke|p1|Sinistcha, L50|
|poke|p2|Houndstone, L50, F|
|poke|p2|Tyranitar, L50, M, shiny|
|poke|p2|Garchomp, L50, F|
|poke|p2|Sableye, L50, F|
|poke|p2|Milotic, L50, M|
|poke|p2|Rotom-Mow, L50|
|teampreview|4
|showteam|p1|Staraptor||Staraptite|Intimidate|BraveBird,CloseCombat,Tailwind,Protect|Jolly||M|||50|]Tyranitar||Tyranitarite|SandStream|RockSlide,KnockOff,LowKick,Protect|Jolly||F|||50|]Excadrill||FocusSash|SandRush|HighHorsepower,IronHead,RockSlide,Protect|Adamant||M|||50|]Milotic||SitrusBerry|Competitive|Scald,IceBeam,IcyWind,Protect|Bold||F|||50|]Gholdengo||LifeOrb|GoodasGold|MakeItRain,ShadowBall,NastyPlot,Protect|Modest|||||50|]Sinistcha||ColburBerry|Hospitality|MatchaGotcha,ShadowBall,RagePowder,Protect|Bold|||||50|
|showteam|p2|Houndstone||SitrusBerry|SandRush|AllySwitch,Howl,LastRespects,WillOWisp|Jolly||F|||50|]Tyranitar||Tyranitarite|SandStream|Assurance,StoneEdge,Protect,BrickBreak|Adamant||M|||50|]Garchomp||BrightPowder|SandVeil|RockSlide,Earthquake,DragonClaw,Protect|Serious||F|||50|]Sableye||Sablenite|Prankster|Encore,FakeOut,FoulPlay,Quash|Relaxed||F|||50|]Milotic||Leftovers|Competitive|LifeDew,Scald,IcyWind,AlluringVoice|Bold||M|||50|]Rotom-Mow||ChoiceScarf|Levitate|Discharge,LeafStorm,VoltSwitch,Trick|Timid|||||50|
|
|t:|1786099309
|teamsize|p1|4
|teamsize|p2|4
|start
|switch|p1a: Milotic|Milotic, L50, F|100/100
|switch|p1b: Staraptor|Staraptor, L50, M|100/100
|switch|p2a: Rotom|Rotom-Mow, L50|100/100
|switch|p2b: Garchomp|Garchomp, L50, F|100/100
|-ability|p1b: Staraptor|Intimidate|boost
|-unboost|p2a: Rotom|atk|1
|-unboost|p2b: Garchomp|atk|1
|turn|1
|
|t:|1786099334
|detailschange|p1b: Staraptor|Staraptor-Mega, L50, M
|-mega|p1b: Staraptor|Staraptor|Staraptite
|move|p1b: Staraptor|Protect|p1b: Staraptor
|-singleturn|p1b: Staraptor|Protect
|move|p2a: Rotom|Discharge|p1b: Staraptor|[spread] p1a
|-activate|p1b: Staraptor|move: Protect
|-immune|p2b: Garchomp
|-supereffective|p1a: Milotic|1
|-damage|p1a: Milotic|58/100
|move|p2b: Garchomp|Rock Slide|p1a: Milotic|[spread] p1a
|-activate|p1b: Staraptor|move: Protect
|-damage|p1a: Milotic|47/100
|-enditem|p1a: Milotic|Sitrus Berry|[eat]
|-heal|p1a: Milotic|71/100|[from] item: Sitrus Berry
|cant|p1a: Milotic|flinch
|
|upkeep
|turn|2
|
|t:|1786099358
|move|p2a: Rotom|Discharge|p1a: Milotic|[spread] p1a,p1b
|-immune|p2b: Garchomp
|-supereffective|p1a: Milotic|1
|-supereffective|p1b: Staraptor|1
|-damage|p1a: Milotic|29/100
|-damage|p1b: Staraptor|38/100
|-status|p1a: Milotic|par
|move|p1b: Staraptor|Tailwind|p1b: Staraptor
|-sidestart|p1: Infinity7410|move: Tailwind
|move|p2b: Garchomp|Rock Slide|p1a: Milotic|[spread] p1a,p1b
|-damage|p1a: Milotic|18/100 par
|-damage|p1b: Staraptor|25/100
|cant|p1a: Milotic|flinch
|
|upkeep
|turn|3
|
|t:|1786099387
|switch|p1a: Sinistcha|Sinistcha, L50|100/100
|-heal|p1b: Staraptor|50/100y|[from] ability: Hospitality|[of] p1a: Sinistcha
|move|p1b: Staraptor|Close Combat|p2a: Rotom
|-damage|p2a: Rotom|16/100
|-boost|p1b: Staraptor|def|1
|-boost|p1b: Staraptor|spd|1
|move|p2a: Rotom|Discharge|p1a: Sinistcha|[spread] p1a,p1b
|-immune|p2b: Garchomp
|-resisted|p1a: Sinistcha|1
|-crit|p1a: Sinistcha
|-supereffective|p1b: Staraptor|1
|-damage|p1a: Sinistcha|80/100
|-damage|p1b: Staraptor|12/100
|move|p2b: Garchomp|Earthquake|p1b: Staraptor|[spread] p1a
|-immune|p2a: Rotom|[from] ability: Levitate
|-immune|p1b: Staraptor
|-resisted|p1a: Sinistcha|1
|-damage|p1a: Sinistcha|69/100
|
|upkeep
|turn|4
|
|t:|1786099416
|switch|p1a: Milotic|Milotic, L50, F|18/100 par
|switch|p2b: Tyranitar|Tyranitar, L50, M, shiny|100/100
|-weather|Sandstorm|[from] ability: Sand Stream|[of] p2b: Tyranitar
|move|p1b: Staraptor|Protect|p1b: Staraptor
|-singleturn|p1b: Staraptor|Protect
|move|p2a: Rotom|Discharge|p1b: Staraptor|[spread] p2b,p1a
|-activate|p1b: Staraptor|move: Protect
|-supereffective|p1a: Milotic|1
|-damage|p2b: Tyranitar|83/100
|-damage|p1a: Milotic|0 fnt
|faint|p1a: Milotic
|
|-weather|Sandstorm|[upkeep]
|-damage|p1b: Staraptor|6/100|[from] Sandstorm
|-damage|p2a: Rotom|11/100|[from] Sandstorm
|upkeep
|
|t:|1786099427
|switch|p1a: Sinistcha|Sinistcha, L50|69/100
|-heal|p1b: Staraptor|31/100|[from] ability: Hospitality|[of] p1a: Sinistcha
|turn|5
|
|t:|1786099478
|move|p1b: Staraptor|Protect|p1b: Staraptor
|-singleturn|p1b: Staraptor|Protect
|move|p2b: Tyranitar|Protect|p2b: Tyranitar
|-singleturn|p2b: Tyranitar|Protect
|move|p2a: Rotom|Discharge|p1a: Sinistcha|[spread] p1a
|-activate|p2b: Tyranitar|move: Protect
|-activate|p1b: Staraptor|move: Protect
|-resisted|p1a: Sinistcha|1
|-damage|p1a: Sinistcha|57/100
|move|p1a: Sinistcha|Matcha Gotcha|p2b: Tyranitar|[spread] p2a
|-activate|p2b: Tyranitar|move: Protect
|-resisted|p2a: Rotom|1
|-damage|p2a: Rotom|0 fnt
|-heal|p1a: Sinistcha|61/100|[from] drain|[of] p2a: Rotom
|faint|p2a: Rotom
|
|-weather|Sandstorm|[upkeep]
|-damage|p1b: Staraptor|25/100|[from] Sandstorm
|-damage|p1a: Sinistcha|55/100|[from] Sandstorm
|-sideend|p1: Infinity7410|move: Tailwind
|upkeep
|
|t:|1786099500
|switch|p2a: Houndstone|Houndstone, L50, F|100/100
|turn|6
|
|t:|1786099516
|move|p1a: Sinistcha|Rage Powder|p1a: Sinistcha
|-singleturn|p1a: Sinistcha|move: Rage Powder
|move|p2a: Houndstone|Last Respects|p1a: Sinistcha
|-supereffective|p1a: Sinistcha|1
|-damage|p1a: Sinistcha|0 fnt
|faint|p1a: Sinistcha
|move|p1b: Staraptor|Close Combat|p2b: Tyranitar
|-supereffective|p2b: Tyranitar|2
|-damage|p2b: Tyranitar|0 fnt
|-boost|p1b: Staraptor|def|1
|-boost|p1b: Staraptor|spd|1
|faint|p2b: Tyranitar
|
|-weather|Sandstorm|[upkeep]
|-damage|p1b: Staraptor|18/100|[from] Sandstorm
|upkeep
|
|t:|1786099528
|switch|p1a: Excadrill|Excadrill, L50, M|100/100
|switch|p2b: Garchomp|Garchomp, L50, F|100/100
|turn|7
|
|t:|1786099588
|move|p1b: Staraptor|Protect|p1b: Staraptor
|-singleturn|p1b: Staraptor|Protect
|move|p1a: Excadrill|High Horsepower|p2a: Houndstone
|-damage|p2a: Houndstone|39/100
|-enditem|p2a: Houndstone|Sitrus Berry|[eat]
|-heal|p2a: Houndstone|63/100|[from] item: Sitrus Berry
|move|p2a: Houndstone|Will-O-Wisp|p1a: Excadrill
|-status|p1a: Excadrill|brn
|move|p2b: Garchomp|Dragon Claw|p1b: Staraptor
|-activate|p1b: Staraptor|move: Protect
|
|-weather|Sandstorm|[upkeep]
|-damage|p1b: Staraptor|12/100|[from] Sandstorm
|-damage|p1a: Excadrill|94/100 brn|[from] brn
|upkeep
|turn|8
|
|t:|1786099624
|move|p1a: Excadrill|High Horsepower|p2b: Garchomp|[miss]
|-miss|p1a: Excadrill|p2b: Garchomp
|move|p2a: Houndstone|Last Respects|p1a: Excadrill
|-damage|p1a: Excadrill|22/100 brn
|move|p1b: Staraptor|Close Combat|p2b: Garchomp
|-damage|p2b: Garchomp|34/100
|-boost|p1b: Staraptor|def|1
|-boost|p1b: Staraptor|spd|1
|move|p2b: Garchomp|Dragon Claw|p1b: Staraptor
|-damage|p1b: Staraptor|0 fnt
|faint|p1b: Staraptor
|
|-weather|none
|-damage|p1a: Excadrill|16/100 brn|[from] brn
|upkeep
|turn|9
|-message|Infinity7410 forfeited.
|
|win|Antinn
|raw|Infinity7410's rating: 1068 → 1048(-20 for losing)
|raw|Antinn's rating: 1079 → 1106(+27 for winning)
|l|☆Infinity7410
|player|p1|
