|j|☆mb gang
|j|☆leafeon03
|html|mb gangleafeon03    
|uhtml|bestof|Game 3 of a best-of-3
|t:|1785855640
|gametype|doubles
|player|p1|mb gang|skier|1332
|player|p2|leafeon03|erika|1417
|gen|9
|tier|[Gen 9 Champions] VGC 2026 Reg M-B (Bo3)
|rated|
|rule|Species Clause: Limit one of each Pokémon
|rule|Item Clause: Limit 1 of each item
|clearpoke
|poke|p1|Drampa, L50, M|
|poke|p1|Kingambit, L50, F|
|poke|p1|Delphox, L50, M|
|poke|p1|Sinistcha, L50|
|poke|p1|Sneasler, L50, F|
|poke|p1|Tauros-Paldea-Aqua, L50, M|
|poke|p2|Garchomp, L50, M|
|poke|p2|Charizard, L50, F, shiny|
|poke|p2|Whimsicott, L50, M|
|poke|p2|Floette-Eternal, L50, F|
|poke|p2|Basculegion, L50, M, shiny|
|poke|p2|Kingambit, L50, F, shiny|
|teampreview|4
|showteam|p1|Drampa||HabanBerry|CloudNine|LightScreen,Protect,HelpingHand,DracoMeteor|Sassy||M|||50|]Kingambit||BlackGlasses|Defiant|KowtowCleave,SuckerPunch,IronHead,Protect|Brave||F|||50|]Delphox||Delphoxite|Blaze|HeatWave,Psychic,CalmMind,Protect|Timid||M|||50|]Sinistcha||SitrusBerry|Hospitality|MatchaGotcha,Protect,RagePowder,TrickRoom|Relaxed|||||50|]Sneasler||FocusSash|PoisonTouch|PoisonJab,CloseCombat,FakeOut,Protect|Jolly||F|||50|]Tauros-Paldea-Aqua||ChoiceScarf|Intimidate|CloseCombat,RockSlide,WaveCrash,AquaJet|Jolly||M|||50|
|showteam|p2|Garchomp||SitrusBerry|RoughSkin|Earthquake,RockSlide,DragonClaw,Protect|Adamant||M|||50|]Charizard||CharizarditeY|Blaze|HeatWave,WeatherBall,SolarBeam,Protect|Bold||F|||50|]Whimsicott||FocusSash|Prankster|Moonblast,Tailwind,Encore,Protect|Timid||M|||50|]Floette-Eternal||Floettite|FlowerVeil|Moonblast,DazzlingGleam,LightofRuin,Protect|Modest||F|||50|]Basculegion||LifeOrb|Adaptability|WaveCrash,LastRespects,AquaJet,Protect|Adamant||M|||50|]Kingambit||ChopleBerry|Defiant|KowtowCleave,SuckerPunch,IronHead,LowKick|Adamant||F|||50|
|inactive|Battle timer is ON: inactive players will automatically lose when time's up. (requested by mb gang)
|l|☆mb gang
|inactive|mb gang disconnected and has a minute to reconnect!
|player|p1|
|inactive|leafeon03 has 60 seconds left.
|j|☆mb gang
|inactive|mb gang reconnected and has 55 seconds left.
|player|p1|mb gang|skier|
|n|☆mb gang|mbgang
|inactive|mb gang has 30 seconds left.
|
|t:|1785855705
|teamsize|p1|4
|teamsize|p2|4
|start
|switch|p1a: Kingambit|Kingambit, L50, F|100/100
|switch|p1b: Delphox|Delphox, L50, M|100/100
|switch|p2a: Whimsicott|Whimsicott, L50, M|100/100
|switch|p2b: Garchomp|Garchomp, L50, M|100/100
|turn|1
|
|t:|1785855730
|detailschange|p1b: Delphox|Delphox-Mega, L50, M
|-mega|p1b: Delphox|Delphox|Delphoxite
|move|p2a: Whimsicott|Tailwind|p2a: Whimsicott
|-sidestart|p2: leafeon03|move: Tailwind
|move|p2b: Garchomp|Rock Slide|p1b: Delphox|[spread] p1a,p1b
|-resisted|p1a: Kingambit|1
|-supereffective|p1b: Delphox|1
|-damage|p1a: Kingambit|92/100
|-damage|p1b: Delphox|46/100
|move|p1b: Delphox|Heat Wave|p2a: Whimsicott|[spread] p2a,p2b
|-supereffective|p2a: Whimsicott|1
|-resisted|p2b: Garchomp|1
|-enditem|p2a: Whimsicott|Focus Sash
|-damage|p2a: Whimsicott|1/100
|-damage|p2b: Garchomp|80/100
|cant|p1a: Kingambit|flinch
|
|upkeep
|turn|2
|inactive|leafeon03 has 30 seconds left.
|
|t:|1785855764
|switch|p2a: Charizard|Charizard, L50, F, shiny|100/100
|switch|p1b: Tauros|Tauros-Paldea-Aqua, L50, M|100/100
|-ability|p1b: Tauros|Intimidate|boost
|-unboost|p2a: Charizard|atk|1
|-unboost|p2b: Garchomp|atk|1
|move|p1a: Kingambit|Sucker Punch||[still]
|-fail|p1a: Kingambit
|move|p2b: Garchomp|Earthquake|p1b: Tauros|[spread] p1a,p1b
|-immune|p2a: Charizard
|-supereffective|p1a: Kingambit|1
|-damage|p1a: Kingambit|54/100
|-damage|p1b: Tauros|71/100
|
|upkeep
|turn|3
|inactive|leafeon03 has 30 seconds left.
|
|t:|1785855794
|switch|p1a: Drampa|Drampa, L50, M|100/100
|-ability|p1a: Drampa|Cloud Nine
|detailschange|p2a: Charizard|Charizard-Mega-Y, L50, F, shiny
|-mega|p2a: Charizard|Charizard|Charizardite Y
|-weather|SunnyDay|[from] ability: Drought|[of] p2a: Charizard
|move|p2b: Garchomp|Dragon Claw|p1b: Tauros
|-damage|p1b: Tauros|39/100
|move|p2a: Charizard|Heat Wave|p1b: Tauros|[spread] p1a,p1b
|-resisted|p1a: Drampa|1
|-resisted|p1b: Tauros|1
|-damage|p1a: Drampa|83/100
|-damage|p1b: Tauros|9/100
|move|p1b: Tauros|Wave Crash|p2a: Charizard
|-supereffective|p2a: Charizard|1
|-damage|p2a: Charizard|11/100
|-damage|p1b: Tauros|0 fnt|[from] Recoil
|faint|p1b: Tauros
|
|-weather|SunnyDay|[upkeep]
|upkeep
|inactive|mb gang has 30 seconds left.
|
|t:|1785855827
|switch|p1b: Delphox|Delphox-Mega, L50, M|46/100
|turn|4
|inactive|leafeon03 has 30 seconds left.
|inactive|leafeon03 has 20 seconds left.
|
|t:|1785855865
|move|p2b: Garchomp|Protect|p2b: Garchomp
|-singleturn|p2b: Garchomp|Protect
|move|p1b: Delphox|Protect|p1b: Delphox
|-singleturn|p1b: Delphox|Protect
|move|p2a: Charizard|Heat Wave|p1b: Delphox|[spread] 
|-activate|p1b: Delphox|move: Protect
|-miss|p2a: Charizard|p1a: Drampa
|move|p1a: Drampa|Draco Meteor|p2b: Garchomp
|-activate|p2b: Garchomp|move: Protect
|
|-weather|SunnyDay|[upkeep]
|-sideend|p2: leafeon03|move: Tailwind
|upkeep
|turn|5
|inactive|leafeon03 has 30 seconds left.
|
|t:|1785855899
|move|p1b: Delphox|Heat Wave|p2b: Garchomp|[spread] p2a,p2b
|-resisted|p2a: Charizard|1
|-resisted|p2b: Garchomp|1
|-damage|p2a: Charizard|0 fnt
|-damage|p2b: Garchomp|60/100
|faint|p2a: Charizard
|move|p2b: Garchomp|Dragon Claw|p1b: Delphox
|-damage|p1b: Delphox|6/100
|move|p1a: Drampa|Draco Meteor|p2b: Garchomp
|-supereffective|p2b: Garchomp|1
|-damage|p2b: Garchomp|0 fnt
|-unboost|p1a: Drampa|spa|2
|faint|p2b: Garchomp
|
|-weather|SunnyDay|[upkeep]
|upkeep
|
|t:|1785855911
|switch|p2b: Basculegion|Basculegion, L50, M, shiny|100/100
|switch|p2a: Whimsicott|Whimsicott, L50, M|1/100
|turn|6
|inactive|mb gang has 30 seconds left.
|inactive|leafeon03 has 30 seconds left.
|
|t:|1785855944
|move|p1b: Delphox|Psychic|p2a: Whimsicott
|-damage|p2a: Whimsicott|0 fnt
|faint|p2a: Whimsicott
|move|p2b: Basculegion|Wave Crash|p1a: Drampa
|-resisted|p1a: Drampa|1
|-damage|p1a: Drampa|28/100
|-damage|p2b: Basculegion|82/100|[from] Recoil
|-damage|p2b: Basculegion|72/100|[from] item: Life Orb
|move|p1a: Drampa|Draco Meteor|p2b: Basculegion
|-damage|p2b: Basculegion|40/100
|-unboost|p1a: Drampa|spa|2
|
|-weather|SunnyDay|[upkeep]
|upkeep
|turn|7
|
|t:|1785855960
|move|p2b: Basculegion|Aqua Jet|p1b: Delphox
|-supereffective|p1b: Delphox|1
|-damage|p1b: Delphox|0 fnt
|faint|p1b: Delphox
|-damage|p2b: Basculegion|30/100|[from] item: Life Orb
|move|p1a: Drampa|Draco Meteor|p2b: Basculegion
|-crit|p2b: Basculegion
|-damage|p2b: Basculegion|0 fnt
|-unboost|p1a: Drampa|spa|2
|faint|p2b: Basculegion
|
|win|mb gang
|raw|mb gang's rating: 1332 → 1357(+25 for winning)
|raw|leafeon03's rating: 1417 → 1392(-25 for losing)
