|j|☆ChrisJHall13
|j|☆VenusaurBot
|html|ChrisJHall13VenusaurBot    
|uhtml|bestof|Game 2 of a best-of-3
|t:|1784490794
|gametype|doubles
|player|p1|ChrisJHall13|101|1176
|player|p2|VenusaurBot|koga|1212
|gen|9
|tier|[Gen 9 Champions] VGC 2026 Reg M-B (Bo3)
|rated|
|rule|Species Clause: Limit one of each Pokémon
|rule|Item Clause: Limit 1 of each item
|clearpoke
|poke|p1|Froslass, L50, F|
|poke|p1|Blaziken, L50, M|
|poke|p1|Kingambit, L50, F|
|poke|p1|Dragonite, L50, F|
|poke|p1|Milotic, L50, M|
|poke|p1|Sneasler, L50, F|
|poke|p2|Blaziken, L50, F|
|poke|p2|Venusaur, L50, M|
|poke|p2|Ninetales-Alola, L50, M|
|poke|p2|Dragonite, L50, F|
|poke|p2|Kingambit, L50, F|
|poke|p2|Basculegion, L50, M|
|teampreview|4
|showteam|p1|Froslass||Froslassite|SnowCloak|Blizzard,AuroraVeil,ShadowBall,Protect|Timid||F|||50|]Blaziken||Blazikenite|SpeedBoost|FlareBlitz,CloseCombat,Detect,RockSlide|Adamant||M|||50|]Kingambit||BlackGlasses|Defiant|KowtowCleave,SuckerPunch,IronHead,Protect|Adamant||F|||50|]Dragonite||LifeOrb|InnerFocus|LowKick,ExtremeSpeed,DragonClaw,Protect|Adamant||F|||50|]Milotic||Leftovers|Competitive|MuddyWater,Coil,Recover,Hypnosis|Bold||M|||50|]Sneasler||FocusSash|PoisonTouch|FakeOut,PoisonJab,CloseCombat,Protect|Jolly||F|||50|
|showteam|p2|Blaziken||Blazikenite|SpeedBoost|Protect,FlareBlitz,CloseCombat,RockSlide|Adamant||F|||50|]Venusaur||Venusaurite|Chlorophyll|Protect,EarthPower,SludgeBomb,GigaDrain|Modest||M|||50|]Ninetales-Alola||NeverMeltIce|SnowWarning|Protect,Blizzard,FreezeDry,Encore|Timid||M|||50|]Dragonite||LifeOrb|InnerFocus|Protect,ExtremeSpeed,DragonClaw,LowKick|Adamant||F|||50|]Kingambit||BlackGlasses|Defiant|Protect,KowtowCleave,SuckerPunch,IronHead|Adamant||F|||50|]Basculegion||ChoiceScarf|Adaptability|WaveCrash,FlipTurn,AquaJet,LastRespects|Jolly||M|||50|
|inactive|Battle timer is ON: inactive players will automatically lose when time's up. (requested by VenusaurBot)
|inactive|VenusaurBot has 60 seconds left.
|
|t:|1784490840
|teamsize|p1|4
|teamsize|p2|4
|start
|switch|p1a: Dragonite|Dragonite, L50, F|100/100
|switch|p1b: Froslass|Froslass, L50, F|100/100
|switch|p2a: Blaziken|Blaziken, L50, F|100/100
|switch|p2b: Kingambit|Kingambit, L50, F|100/100
|turn|1
|
|t:|1784490851
|detailschange|p1b: Froslass|Froslass-Mega, L50, F
|-mega|p1b: Froslass|Froslass|Froslassite
|-weather|Snowscape|[from] ability: Snow Warning|[of] p1b: Froslass
|detailschange|p2a: Blaziken|Blaziken-Mega, L50, F
|-mega|p2a: Blaziken|Blaziken|Blazikenite
|move|p1b: Froslass|Aurora Veil|p1b: Froslass
|-sidestart|p1: ChrisJHall13|move: Aurora Veil
|move|p2a: Blaziken|Rock Slide|p1b: Froslass|[spread] p1a,p1b
|-supereffective|p1a: Dragonite|1
|-supereffective|p1b: Froslass|1
|-damage|p1a: Dragonite|66/100
|-damage|p1b: Froslass|70/100
|move|p1a: Dragonite|Low Kick|p2b: Kingambit
|-supereffective|p2b: Kingambit|2
|-damage|p2b: Kingambit|0 fnt
|faint|p2b: Kingambit
|-damage|p1a: Dragonite|56/100|[from] item: Life Orb
|
|-weather|Snowscape|[upkeep]
|-ability|p2a: Blaziken|Speed Boost|boost
|-boost|p2a: Blaziken|spe|1
|upkeep
|
|t:|1784490871
|switch|p2b: Basculegion|Basculegion, L50, M|100/100
|turn|2
|
|t:|1784490880
|move|p1b: Froslass|Protect|p1b: Froslass
|-singleturn|p1b: Froslass|Protect
|move|p2a: Blaziken|Flare Blitz|p1b: Froslass
|-activate|p1b: Froslass|move: Protect
|move|p2b: Basculegion|Last Respects|p1a: Dragonite
|-damage|p1a: Dragonite|10/100
|move|p1a: Dragonite|Dragon Claw|p2a: Blaziken
|-damage|p2a: Blaziken|9/100
|-damage|p1a: Dragonite|1/100|[from] item: Life Orb
|
|-weather|Snowscape|[upkeep]
|-ability|p2a: Blaziken|Speed Boost|boost
|-boost|p2a: Blaziken|spe|1
|upkeep
|turn|3
|
|t:|1784490895
|switch|p1b: Kingambit|Kingambit, L50, F|100/100
|move|p1a: Dragonite|Extreme Speed|p2a: Blaziken
|-damage|p2a: Blaziken|0 fnt
|faint|p2a: Blaziken
|-damage|p1a: Dragonite|0 fnt|[from] item: Life Orb
|faint|p1a: Dragonite
|move|p2b: Basculegion|Last Respects|p1b: Kingambit
|-resisted|p1b: Kingambit|1
|-damage|p1b: Kingambit|78/100
|
|-weather|Snowscape|[upkeep]
|upkeep
|
|t:|1784490907
|switch|p2a: Dragonite|Dragonite, L50, F|100/100
|switch|p1a: Sneasler|Sneasler, L50, F|100/100
|turn|4
|
|t:|1784490915
|move|p1a: Sneasler|Fake Out|p2a: Dragonite
|-damage|p2a: Dragonite|83/100
|-status|p2a: Dragonite|psn|[from] ability: Poison Touch|[of] p1a: Sneasler
|move|p1b: Kingambit|Sucker Punch|p2b: Basculegion
|-supereffective|p2b: Basculegion|1
|-damage|p2b: Basculegion|0 fnt
|faint|p2b: Basculegion
|move|p2a: Dragonite|Low Kick|p1b: Kingambit
|-supereffective|p1b: Kingambit|2
|-damage|p1b: Kingambit|0 fnt
|faint|p1b: Kingambit
|-damage|p2a: Dragonite|74/100 psn|[from] item: Life Orb
|
|-weather|Snowscape|[upkeep]
|-damage|p2a: Dragonite|61/100 psn|[from] psn
|upkeep
|
|t:|1784490927
|switch|p1b: Froslass|Froslass-Mega, L50, F|70/100
|turn|5
|-message|VenusaurBot forfeited.
|
|win|ChrisJHall13
||VenusaurBot is ready for game 3.
||ChrisJHall13 is ready for game 3.
|uhtml|next|Next: Game 3 of 3
|l|☆ChrisJHall13
|player|p1|
