|j|☆none0279
|j|☆ScrappySD
|html|none0279ScrappySD    
|uhtml|bestof|Game 2 of a best-of-3
|t:|1785375832
|gametype|doubles
|player|p1|none0279|cynthia-gen4|1229
|player|p2|ScrappySD|nate|1211
|gen|9
|tier|[Gen 9 Champions] VGC 2026 Reg M-B (Bo3)
|rated|
|rule|Species Clause: Limit one of each Pokémon
|rule|Item Clause: Limit 1 of each item
|clearpoke
|poke|p1|Gengar, L50, F, shiny|
|poke|p1|Talonflame, L50, M|
|poke|p1|Hydreigon, L50, M|
|poke|p1|Metagross, L50|
|poke|p1|Ninetales-Alola, L50, F, shiny|
|poke|p1|Gallade, L50, M|
|poke|p2|Floette-Eternal, L50, F|
|poke|p2|Charizard, L50, M, shiny|
|poke|p2|Kingambit, L50, F|
|poke|p2|Whimsicott, L50, F|
|poke|p2|Basculegion, L50, M|
|poke|p2|Garchomp, L50, M, shiny|
|teampreview|4
|showteam|p1|Gengar||Gengarite|CursedBody|ShadowBall,SludgeBomb,Protect,Disable|Modest||F|||50|]Talonflame||SharpBeak|GaleWings|DualWingbeat,Tailwind,Protect,FlareBlitz|Jolly||M|||50|]Hydreigon||ChoiceScarf|Levitate|DracoMeteor,DarkPulse,Snarl,EarthPower|Modest||M|||50|]Metagross||Metagrossite|ClearBody|IronHead,PsychicFangs,Protect,BodyPress|Adamant|||||50|]Ninetales-Alola||LightClay|SnowWarning|Blizzard,AuroraVeil,Encore,Protect|Timid||F|||50|]Gallade||FocusSash|Sharpness|SacredSword,PsychoCut,LeafBlade,Protect|Jolly||M|||50|
|showteam|p2|Floette-Eternal||Floettite|FlowerVeil|LightofRuin,Moonblast,DazzlingGleam,Protect|Timid||F|||50|]Charizard||CharizarditeY|Blaze|SolarBeam,HeatWave,WeatherBall,Protect|Modest||M|||50|]Kingambit||BlackGlasses|Defiant|IronHead,Protect,KowtowCleave,SuckerPunch|Adamant||F|||50|]Whimsicott||FocusSash|Prankster|Moonblast,Tailwind,Encore,Protect|Timid||F|||50|]Basculegion||MysticWater|Adaptability|WaveCrash,Protect,LastRespects,AquaJet|Adamant||M|||50|]Garchomp||LifeOrb|RoughSkin|Earthquake,RockSlide,Protect,DragonClaw|Jolly||M|||50|
|inactive|Battle timer is ON: inactive players will automatically lose when time's up. (requested by ScrappySD)
|inactive|none0279 also wants the timer to be on.
|
|t:|1785375848
|teamsize|p1|4
|teamsize|p2|4
|start
|switch|p1a: Amethyst|Ninetales-Alola, L50, F, shiny|100/100
|switch|p1b: Billy|Talonflame, L50, M|100/100
|switch|p2a: Whimsicott|Whimsicott, L50, F|100/100
|switch|p2b: Garchomp|Garchomp, L50, M, shiny|100/100
|-weather|Snowscape|[from] ability: Snow Warning|[of] p1a: Amethyst
|turn|1
|inactive|ScrappySD has 30 seconds left.
|
|t:|1785375875
|move|p2b: Garchomp|Protect|p2b: Garchomp
|-singleturn|p2b: Garchomp|Protect
|move|p1b: Billy|Dual Wingbeat|p2a: Whimsicott
|-supereffective|p2a: Whimsicott|1
|-damage|p2a: Whimsicott|51/100
|-supereffective|p2a: Whimsicott|1
|-damage|p2a: Whimsicott|0 fnt
|faint|p2a: Whimsicott
|-hitcount|p2: Whimsicott|2
|move|p1a: Amethyst|Blizzard|p2b: Garchomp
|-activate|p2b: Garchomp|move: Protect
|
|-weather|Snowscape|[upkeep]
|upkeep
|
|t:|1785375880
|switch|p2a: Charizard|Charizard, L50, M, shiny|100/100
|turn|2
|
|t:|1785375890
|switch|p1a: Pinky|Hydreigon, L50, M|100/100
|detailschange|p2a: Charizard|Charizard-Mega-Y, L50, M, shiny
|-mega|p2a: Charizard|Charizard|Charizardite Y
|-weather|SunnyDay|[from] ability: Drought|[of] p2a: Charizard
|move|p1b: Billy|Protect|p1b: Billy
|-singleturn|p1b: Billy|Protect
|move|p2b: Garchomp|Rock Slide|p1b: Billy|[spread] p1a
|-activate|p1b: Billy|move: Protect
|-damage|p1a: Pinky|71/100
|-damage|p2b: Garchomp|90/100|[from] item: Life Orb
|move|p2a: Charizard|Weather Ball|p1a: Pinky
|-resisted|p1a: Pinky|1
|-damage|p1a: Pinky|18/100
|
|-weather|SunnyDay|[upkeep]
|upkeep
|turn|3
|j| tedidn
|
|t:|1785375909
|move|p2b: Garchomp|Protect|p2b: Garchomp
|-singleturn|p2b: Garchomp|Protect
|move|p1b: Billy|Dual Wingbeat|p2a: Charizard
|-damage|p2a: Charizard|80/100
|-damage|p2a: Charizard|60/100
|-hitcount|p2a: Charizard|2
|move|p1a: Pinky|Draco Meteor|p2b: Garchomp
|-activate|p2b: Garchomp|move: Protect
|move|p2a: Charizard|Heat Wave|p1a: Pinky|[spread] p1a
|-miss|p2a: Charizard|p1b: Billy
|-resisted|p1a: Pinky|1
|-damage|p1a: Pinky|0 fnt
|faint|p1a: Pinky
|
|-weather|SunnyDay|[upkeep]
|upkeep
|
|t:|1785375917
|switch|p1a: Amethyst|Ninetales-Alola, L50, F, shiny|100/100
|-weather|Snowscape|[from] ability: Snow Warning|[of] p1a: Amethyst
|turn|4
|
|t:|1785375932
|switch|p2b: Basculegion|Basculegion, L50, M|100/100
|move|p1b: Billy|Dual Wingbeat|p2a: Charizard|[miss]
|-miss|p1b: Billy|p2a: Charizard
|move|p1a: Amethyst|Blizzard|p2b: Basculegion|[spread] p2a,p2b
|-resisted|p2b: Basculegion|1
|-crit|p2b: Basculegion
|-damage|p2a: Charizard|35/100
|-damage|p2b: Basculegion|75/100
|move|p2a: Charizard|Heat Wave|p1a: Amethyst|[spread] p1a,p1b
|-supereffective|p1a: Amethyst|1
|-resisted|p1b: Billy|1
|-damage|p1a: Amethyst|24/100
|-damage|p1b: Billy|70/100
|
|-weather|Snowscape|[upkeep]
|upkeep
|turn|5
|
|t:|1785375944
|move|p1b: Billy|Protect|p1b: Billy
|-singleturn|p1b: Billy|Protect
|move|p2b: Basculegion|Aqua Jet|p1a: Amethyst
|-damage|p1a: Amethyst|0 fnt
|faint|p1a: Amethyst
|move|p2a: Charizard|Weather Ball|p1b: Billy
|-activate|p1b: Billy|move: Protect
|
|-weather|Snowscape|[upkeep]
|upkeep
|
|t:|1785375947
|switch|p1a: Nolan|Gengar, L50, F, shiny|100/100
|turn|6
|-message|none0279 forfeited.
|
|win|ScrappySD
|raw|none0279's rating: 1229 → 1203(-26 for losing)
|raw|ScrappySD's rating: 1211 → 1237(+26 for winning)
