|j|☆EpiclyEpicGamerW
|j|☆Terra35871
|html|EpiclyEpicGamerWTerra35871    
|uhtml|bestof|Game 1 of a best-of-3
|t:|1783548970
|gametype|doubles
|player|p1|EpiclyEpicGamerW|red-masters|1131
|player|p2|Terra35871|cynthia-gen4|1082
|gen|9
|tier|[Gen 9 Champions] VGC 2026 Reg M-B (Bo3)
|rated|
|rule|Species Clause: Limit one of each Pokémon
|rule|Item Clause: Limit 1 of each item
|clearpoke
|poke|p1|Charizard, L50, F|
|poke|p1|Venusaur, L50, F|
|poke|p1|Garchomp, L50, F|
|poke|p1|Milotic, L50, F|
|poke|p1|Kingambit, L50, F|
|poke|p1|Aerodactyl, L50, M|
|poke|p2|Delphox, L50, F|
|poke|p2|Incineroar, L50, M|
|poke|p2|Sinistcha, L50|
|poke|p2|Maushold, L50|
|poke|p2|Blastoise, L50, M|
|poke|p2|Sneasler, L50, F|
|teampreview|4
|showteam|p1|Charizard||CharizarditeY|Blaze|WeatherBall,HeatWave,HelpingHand,Protect|Modest||F|||50|]Venusaur||LifeOrb|Chlorophyll|LeafStorm,SludgeBomb,EarthPower,Protect|Modest||F|||50|]Garchomp||SitrusBerry|RoughSkin|DragonClaw,Earthquake,RockSlide,Protect|Adamant||F|||50|]Milotic||Leftovers|Competitive|Scald,IcyWind,Haze,Protect|Modest||F|||50|]Kingambit||FocusSash|Defiant|KowtowCleave,SuckerPunch,LowKick,Protect|Jolly||F|||50|]Aerodactyl||Aerodactylite|Unnerve|RockSlide,IceFang,Tailwind,WideGuard|Jolly||M|||50|
|showteam|p2|Delphox||Delphoxite|Blaze|Protect,NastyPlot,HeatWave,Psyshock|Modest||F|||50|]Incineroar||PasshoBerry|Intimidate|FlareBlitz,FakeOut,DarkestLariat,PartingShot|Impish||M|||50|]Sinistcha||KasibBerry|Hospitality|Protect,MatchaGotcha,RagePowder,LifeDew|Bold|||||50|]Maushold||FocusSash|FriendGuard|Protect,SuperFang,FollowMe,Feint|Jolly|||||50|]Blastoise||Blastoisinite|RainDish|Protect,ShellSmash,WaterSpout,DarkPulse|Modest||M|||50|]Sneasler||WhiteHerb|Unburden|Protect,FakeOut,GunkShot,CloseCombat|Jolly||F|||50|
|inactive|Battle timer is ON: inactive players will automatically lose when time's up. (requested by EpiclyEpicGamerW)
|inactive|EpiclyEpicGamerW has 60 seconds left.
|inactive|EpiclyEpicGamerW has 30 seconds left.
|inactive|EpiclyEpicGamerW has 20 seconds left.
|inactive|EpiclyEpicGamerW has 15 seconds left.
|inactive|EpiclyEpicGamerW has 10 seconds left.
|
|t:|1783549052
|teamsize|p1|4
|teamsize|p2|4
|start
|switch|p1a: Garchomp|Garchomp, L50, F|100/100
|switch|p1b: Aerodactyl|Aerodactyl, L50, M|100/100
|switch|p2a: Delphox|Delphox, L50, F|100/100
|switch|p2b: Incineroar|Incineroar, L50, M|100/100
|-ability|p1b: Aerodactyl|Unnerve
|-ability|p2b: Incineroar|Intimidate|boost
|-unboost|p1a: Garchomp|atk|1
|-unboost|p1b: Aerodactyl|atk|1
|turn|1
|
|t:|1783549075
|detailschange|p1b: Aerodactyl|Aerodactyl-Mega, L50, M
|-mega|p1b: Aerodactyl|Aerodactyl|Aerodactylite
|detailschange|p2a: Delphox|Delphox-Mega, L50, F
|-mega|p2a: Delphox|Delphox|Delphoxite
|move|p2b: Incineroar|Fake Out|p1a: Garchomp
|-damage|p1a: Garchomp|91/100
|-damage|p2b: Incineroar|87/100|[from] ability: Rough Skin|[of] p1a: Garchomp
|move|p1b: Aerodactyl|Tailwind|p1b: Aerodactyl
|-sidestart|p1: EpiclyEpicGamerW|move: Tailwind
|cant|p1a: Garchomp|flinch
|move|p2a: Delphox|Nasty Plot|p2a: Delphox
|-boost|p2a: Delphox|spa|2
|
|upkeep
|turn|2
|inactive|Terra35871 has 30 seconds left.
|
|t:|1783549104
|move|p2a: Delphox|Protect|p2a: Delphox
|-singleturn|p2a: Delphox|Protect
|move|p1b: Aerodactyl|Rock Slide|p2a: Delphox|[spread] p2b
|-activate|p2a: Delphox|move: Protect
|-supereffective|p2b: Incineroar|1
|-damage|p2b: Incineroar|56/100
|move|p1a: Garchomp|Rock Slide|p2a: Delphox|[spread] p2b
|-activate|p2a: Delphox|move: Protect
|-supereffective|p2b: Incineroar|1
|-damage|p2b: Incineroar|38/100
|cant|p2b: Incineroar|flinch
|
|upkeep
|turn|3
|inactive|Terra35871 has 30 seconds left.
|
|t:|1783549132
|switch|p2a: Sinistcha|Sinistcha, L50|100/100
|-heal|p2b: Incineroar|62/100|[from] ability: Hospitality|[of] p2a: Sinistcha
|move|p1b: Aerodactyl|Rock Slide|p2a: Sinistcha|[spread] p2a
|-miss|p1b: Aerodactyl|p2b: Incineroar
|-damage|p2a: Sinistcha|84/100
|move|p1a: Garchomp|Rock Slide|p2b: Incineroar|[spread] p2a,p2b
|-supereffective|p2b: Incineroar|1
|-damage|p2a: Sinistcha|74/100
|-damage|p2b: Incineroar|42/100
|move|p2b: Incineroar|Parting Shot|p1b: Aerodactyl
|-unboost|p1b: Aerodactyl|atk|1
|-unboost|p1b: Aerodactyl|spa|1
|
|t:|1783549152
|switch|p2b: Sneasler|Sneasler, L50, F|100/100|[from] Parting Shot
|
|upkeep
|turn|4
|
|t:|1783549171
|move|p1b: Aerodactyl|Wide Guard|p1b: Aerodactyl
|-singleturn|p1b: Aerodactyl|Wide Guard
|move|p2b: Sneasler|Fake Out|p1b: Aerodactyl
|-resisted|p1b: Aerodactyl|1
|-damage|p1b: Aerodactyl|91/100
|move|p1a: Garchomp|Earthquake|p2b: Sneasler|[spread] p2a,p2b
|-activate|p1b: Aerodactyl|move: Wide Guard
|-resisted|p2a: Sinistcha|1
|-supereffective|p2b: Sneasler|1
|-damage|p2a: Sinistcha|65/100
|-damage|p2b: Sneasler|22/100
|move|p2a: Sinistcha|Matcha Gotcha|p1a: Garchomp|[spread] 
|-activate|p1a: Garchomp|move: Wide Guard
|-activate|p1b: Aerodactyl|move: Wide Guard
|
|-sideend|p1: EpiclyEpicGamerW|move: Tailwind
|upkeep
|turn|5
|inactive|EpiclyEpicGamerW has 30 seconds left.
|inactive|EpiclyEpicGamerW has 20 seconds left.
|inactive|EpiclyEpicGamerW has 15 seconds left.
|
|t:|1783549215
|switch|p1a: Milotic|Milotic, L50, F|100/100
|switch|p2a: Incineroar|Incineroar, L50, M|42/100
|-ability|p2a: Incineroar|Intimidate|boost
|-unboost|p1a: Milotic|atk|1
|-ability|p1a: Milotic|Competitive|boost
|-boost|p1a: Milotic|spa|2
|-unboost|p1b: Aerodactyl|atk|1
|move|p2b: Sneasler|Protect|p2b: Sneasler
|-singleturn|p2b: Sneasler|Protect
|move|p1b: Aerodactyl|Tailwind|p1b: Aerodactyl
|-sidestart|p1: EpiclyEpicGamerW|move: Tailwind
|
|upkeep
|turn|6
|inactive|EpiclyEpicGamerW has 30 seconds left.
|inactive|EpiclyEpicGamerW has 20 seconds left.
|inactive|EpiclyEpicGamerW has 15 seconds left.
|inactive|EpiclyEpicGamerW has 10 seconds left.
|
|t:|1783549261
|switch|p1b: Garchomp|Garchomp, L50, F|91/100
|move|p2a: Incineroar|Fake Out|p1a: Milotic
|-damage|p1a: Milotic|89/100
|cant|p1a: Milotic|flinch
|move|p2b: Sneasler|Close Combat|p1b: Garchomp
|-damage|p1b: Garchomp|41/100
|-unboost|p2b: Sneasler|def|1
|-unboost|p2b: Sneasler|spd|1
|-damage|p2b: Sneasler|10/100|[from] ability: Rough Skin|[of] p1b: Garchomp
|-enditem|p1b: Garchomp|Sitrus Berry|[eat]
|-heal|p1b: Garchomp|65/100|[from] item: Sitrus Berry
|-enditem|p2b: Sneasler|White Herb
|-clearnegativeboost|p2b: Sneasler|[silent]
|
|-heal|p1a: Milotic|95/100|[from] item: Leftovers
|upkeep
|turn|7
|inactive|Terra35871 has 30 seconds left.
|
|t:|1783549288
|switch|p2a: Sinistcha|Sinistcha, L50|65/100
|-heal|p2b: Sneasler|35/100|[from] ability: Hospitality|[of] p2a: Sinistcha
|move|p2b: Sneasler|Protect|p2b: Sneasler
|-singleturn|p2b: Sneasler|Protect
|move|p1b: Garchomp|Rock Slide|p2b: Sneasler|[spread] p2a
|-activate|p2b: Sneasler|move: Protect
|-damage|p2a: Sinistcha|49/100
|move|p1a: Milotic|Icy Wind|p2a: Sinistcha|[spread] p2a
|-activate|p2b: Sneasler|move: Protect
|-supereffective|p2a: Sinistcha|1
|-damage|p2a: Sinistcha|7/100
|-unboost|p2a: Sinistcha|spe|1
|
|-heal|p1a: Milotic|100/100|[from] item: Leftovers
|upkeep
|turn|8
|inactive|Terra35871 has 30 seconds left.
|
|t:|1783549319
|switch|p2b: Delphox|Delphox-Mega, L50, F|100/100
|move|p2a: Sinistcha|Protect|p2a: Sinistcha
|-singleturn|p2a: Sinistcha|Protect
|move|p1b: Garchomp|Dragon Claw|p2b: Delphox
|-damage|p2b: Delphox|46/100
|move|p1a: Milotic|Icy Wind|p2b: Delphox|[spread] p2b
|-activate|p2a: Sinistcha|move: Protect
|-resisted|p2b: Delphox|1
|-damage|p2b: Delphox|36/100
|-unboost|p2b: Delphox|spe|1
|
|-sideend|p1: EpiclyEpicGamerW|move: Tailwind
|upkeep
|turn|9
|inactive|EpiclyEpicGamerW has 30 seconds left.
|
|t:|1783549352
|move|p2a: Sinistcha|Rage Powder|p2a: Sinistcha
|-singleturn|p2a: Sinistcha|move: Rage Powder
|move|p1b: Garchomp|Rock Slide|p2b: Delphox|[spread] p2a,p2b
|-supereffective|p2b: Delphox|1
|-damage|p2a: Sinistcha|0 fnt
|-damage|p2b: Delphox|0 fnt
|faint|p2a: Sinistcha
|faint|p2b: Delphox
|move|p1a: Milotic|Icy Wind|p2: Sinistcha|[notarget]
|-fail|p1a: Milotic
|
|upkeep
|
|t:|1783549359
|switch|p2b: Sneasler|Sneasler, L50, F|35/100
|switch|p2a: Incineroar|Incineroar, L50, M|42/100
|-ability|p2a: Incineroar|Intimidate|boost
|-unboost|p1a: Milotic|atk|1
|-ability|p1a: Milotic|Competitive|boost
|-boost|p1a: Milotic|spa|2
|-unboost|p1b: Garchomp|atk|1
|turn|10
|
|t:|1783549369
|switch|p1b: Aerodactyl|Aerodactyl-Mega, L50, M|91/100
|move|p2b: Sneasler|Fake Out|p1a: Milotic
|-damage|p1a: Milotic|87/100
|move|p2a: Incineroar|Fake Out|p1b: Aerodactyl
|-resisted|p1b: Aerodactyl|1
|-damage|p1b: Aerodactyl|85/100
|cant|p1a: Milotic|flinch
|
|-heal|p1a: Milotic|93/100|[from] item: Leftovers
|upkeep
|turn|11
|
|t:|1783549386
|move|p1b: Aerodactyl|Tailwind|p1b: Aerodactyl
|-sidestart|p1: EpiclyEpicGamerW|move: Tailwind
|move|p1a: Milotic|Scald|p2b: Sneasler
|-damage|p2b: Sneasler|0 fnt
|faint|p2b: Sneasler
|move|p2a: Incineroar|Darkest Lariat|p1a: Milotic
|-damage|p1a: Milotic|64/100
|
|-heal|p1a: Milotic|70/100|[from] item: Leftovers
|upkeep
|turn|12
|
|t:|1783549397
|move|p1b: Aerodactyl|Rock Slide|p2a: Incineroar
|-supereffective|p2a: Incineroar|1
|-damage|p2a: Incineroar|0 fnt
|faint|p2a: Incineroar
|
|win|EpiclyEpicGamerW
||Terra35871 is ready for game 2.
||EpiclyEpicGamerW is ready for game 2.
|uhtml|next|Next: Game 2 of 3
|l|☆Terra35871
|player|p2|
