|j|☆PaniniWeenie
|j|☆The_AG_Is_Real
|html|PaniniWeenieThe_AG_Is_Real    
|uhtml|bestof|Game 2 of a best-of-3
|t:|1783269578
|gametype|doubles
|player|p1|PaniniWeenie|170|
|player|p2|The_AG_Is_Real|rika|
|gen|9
|tier|[Gen 9 Champions] VGC 2026 Reg M-B (Bo3)
|rule|Species Clause: Limit one of each Pokémon
|rule|Item Clause: Limit 1 of each item
|clearpoke
|poke|p1|Kingambit, L50, M|
|poke|p1|Sneasler, L50, F|
|poke|p1|Incineroar, L50, F|
|poke|p1|Sinistcha, L50|
|poke|p1|Floette-Eternal, L50, F|
|poke|p1|Delphox, L50, F|
|poke|p2|Floette-Eternal, L50, F|
|poke|p2|Kommo-o, L50, M|
|poke|p2|Kingambit, L50, M|
|poke|p2|Maushold, L50|
|poke|p2|Incineroar, L50, F|
|poke|p2|Basculegion, L50, M|
|teampreview|4
|showteam|p1|Kingambit||BlackGlasses|Defiant|KowtowCleave,SuckerPunch,SwordsDance,Protect|Adamant||M|||50|]Sneasler||FocusSash|PoisonTouch|FakeOut,PoisonJab,CloseCombat,QuickGuard|Jolly||F|||50|]Incineroar||SitrusBerry|Intimidate|FlareBlitz,PartingShot,HelpingHand,FakeOut|Careful||F|||50|]Sinistcha||ColburBerry|Hospitality|MatchaGotcha,RagePowder,TrickRoom,Protect|Bold|||||50|]Floette-Eternal||Floettite|FlowerVeil|DazzlingGleam,DrainingKiss,CalmMind,Protect|Modest||F|||50|]Delphox||Delphoxite|Blaze|HeatWave,Psyshock,NastyPlot,Protect|Timid||F|||50|
|showteam|p2|Floette-Eternal||Floettite|FlowerVeil|DrainingKiss,DazzlingGleam,CalmMind,Protect|Modest||F|||50|]Kommo-o||Leftovers|Soundproof|ClangingScales,AuraSphere,ClangorousSoul,Protect|Modest||M|||50|]Kingambit||BlackGlasses|Defiant|KowtowCleave,SuckerPunch,IronHead,Protect|Adamant||M|||50|]Maushold||ChopleBerry|FriendGuard|FollowMe,HelpingHand,Feint,Protect|Impish|||||50|]Incineroar||SitrusBerry|Intimidate|FlareBlitz,DarkestLariat,FakeOut,PartingShot|Adamant||F|||50|]Basculegion||ChoiceScarf|Adaptability|FlipTurn,AquaJet,WaveCrash,LastRespects|Jolly||M|||50|
|inactive|Battle timer is ON: inactive players will automatically lose when time's up. (requested by The_AG_Is_Real)
|j| philjonesvgc
|j| munchie2ff
|j| escaperoomvgc
|j| Loomo
|j| RadiantSteelix
|j| p2ursaslop
|inactive|PaniniWeenie has 60 seconds left.
|inactive|The_AG_Is_Real has 60 seconds left.
|
|t:|1783269633
|teamsize|p1|4
|teamsize|p2|4
|start
|switch|p1a: Incineroar|Incineroar, L50, F|100/100
|switch|p1b: Kingambit|Kingambit, L50, M|100/100
|switch|p2a: Kingambit|Kingambit, L50, M|100/100
|switch|p2b: Usagi|Incineroar, L50, F|100/100
|-ability|p2b: Usagi|Intimidate|boost
|-unboost|p1a: Incineroar|atk|1
|-unboost|p1b: Kingambit|atk|1
|-ability|p1b: Kingambit|Defiant|boost
|-boost|p1b: Kingambit|atk|2
|-ability|p1a: Incineroar|Intimidate|boost
|-unboost|p2a: Kingambit|atk|1
|-ability|p2a: Kingambit|Defiant|boost
|-boost|p2a: Kingambit|atk|2
|-unboost|p2b: Usagi|atk|1
|turn|1
|inactive|The_AG_Is_Real has 30 seconds left.
|
|t:|1783269668
|move|p2b: Usagi|Flare Blitz|p1b: Kingambit
|-supereffective|p1b: Kingambit|1
|-damage|p1b: Kingambit|42/100
|-damage|p2b: Usagi|78/100|[from] Recoil
|move|p1a: Incineroar|Parting Shot|p2b: Usagi
|-unboost|p2b: Usagi|atk|1
|-unboost|p2b: Usagi|spa|1
|
|t:|1783269680
|switch|p1a: Sneasler|Sneasler, L50, F|100/100|[from] Parting Shot
|move|p1b: Kingambit|Swords Dance|p1b: Kingambit
|-boost|p1b: Kingambit|atk|2
|move|p2a: Kingambit|Kowtow Cleave|p1b: Kingambit
|-resisted|p1b: Kingambit|1
|-damage|p1b: Kingambit|10/100
|
|upkeep
|turn|2
|inactive|PaniniWeenie has 30 seconds left.
|
|t:|1783269707
|move|p1b: Kingambit|Protect|p1b: Kingambit
|-singleturn|p1b: Kingambit|Protect
|move|p2a: Kingambit|Sucker Punch||[still]
|-fail|p2a: Kingambit
|move|p1a: Sneasler|Close Combat|p2a: Kingambit
|-supereffective|p2a: Kingambit|2
|-damage|p2a: Kingambit|0 fnt
|-unboost|p1a: Sneasler|def|1
|-unboost|p1a: Sneasler|spd|1
|faint|p2a: Kingambit
|move|p2b: Usagi|Flare Blitz|p1b: Kingambit
|-activate|p1b: Kingambit|move: Protect
|
|upkeep
|
|t:|1783269731
|switch|p2a: DragonaJstar|Maushold, L50|100/100
|turn|3
|
|t:|1783269737
|switch|p1b: Incineroar|Incineroar, L50, F|100/100
|-ability|p1b: Incineroar|Intimidate|boost
|-unboost|p2a: DragonaJstar|atk|1
|-unboost|p2b: Usagi|atk|1
|move|p2a: DragonaJstar|Follow Me|p2a: DragonaJstar
|-singleturn|p2a: DragonaJstar|move: Follow Me
|move|p1a: Sneasler|Close Combat|p2a: DragonaJstar
|-supereffective|p2a: DragonaJstar|1
|-enditem|p2a: DragonaJstar|Chople Berry|[eat]
|-enditem|p2a: DragonaJstar|Chople Berry|[weaken]
|-damage|p2a: DragonaJstar|37/100
|-unboost|p1a: Sneasler|def|1
|-unboost|p1a: Sneasler|spd|1
|move|p2b: Usagi|Flare Blitz|p1b: Incineroar
|-resisted|p1b: Incineroar|1
|-damage|p1b: Incineroar|89/100
|-damage|p2b: Usagi|74/100|[from] Recoil
|
|upkeep
|turn|4
|
|t:|1783269756
|switch|p2b: Kaidou|Basculegion, L50, M|100/100
|move|p2a: DragonaJstar|Protect|p2a: DragonaJstar
|-singleturn|p2a: DragonaJstar|Protect
|move|p1a: Sneasler|Close Combat|p2b: Kaidou
|-immune|p2b: Kaidou
|move|p1b: Incineroar|Parting Shot|p2b: Kaidou
|-unboost|p2b: Kaidou|atk|1
|-unboost|p2b: Kaidou|spa|1
|
|t:|1783269766
|switch|p1b: Kingambit|Kingambit, L50, M|10/100|[from] Parting Shot
|
|upkeep
|turn|5
|inactive|The_AG_Is_Real has 30 seconds left.
|inactive|The_AG_Is_Real has 20 seconds left.
|inactive|The_AG_Is_Real has 15 seconds left.
|l| philjonesvgc
|
|t:|1783269809
|switch|p1b: Incineroar|Incineroar, L50, F|89/100
|-ability|p1b: Incineroar|Intimidate|boost
|-unboost|p2a: DragonaJstar|atk|1
|-unboost|p2b: Kaidou|atk|1
|move|p2a: DragonaJstar|Feint|p1b: Incineroar
|-damage|p1b: Incineroar|85/100
|move|p2b: Kaidou|Flip Turn|p1b: Incineroar
|-supereffective|p1b: Incineroar|1
|-damage|p1b: Incineroar|49/100
|-enditem|p1b: Incineroar|Sitrus Berry|[eat]
|-heal|p1b: Incineroar|74/100|[from] item: Sitrus Berry
|j| philjonesvgc
|
|t:|1783269814
|switch|p2b: Usagi|Incineroar, L50, F|74/100|[from] Flip Turn
|-ability|p2b: Usagi|Intimidate|boost
|-unboost|p1a: Sneasler|atk|1
|-unboost|p1b: Incineroar|atk|1
|move|p1a: Sneasler|Close Combat|p2a: DragonaJstar
|-supereffective|p2a: DragonaJstar|1
|-damage|p2a: DragonaJstar|0 fnt
|-unboost|p1a: Sneasler|def|1
|-unboost|p1a: Sneasler|spd|1
|faint|p2a: DragonaJstar
|
|upkeep
|
|t:|1783269816
|switch|p2a: Kaidou|Basculegion, L50, M|100/100
|turn|6
|inactive|The_AG_Is_Real has 30 seconds left.
|inactive|PaniniWeenie has 30 seconds left.
|inactive|The_AG_Is_Real has 20 seconds left.
|inactive|The_AG_Is_Real has 15 seconds left.
|inactive|The_AG_Is_Real has 10 seconds left.
|
|t:|1783269868
|switch|p1a: Sinistcha|Sinistcha, L50|100/100
|-heal|p1b: Incineroar|99/100|[from] ability: Hospitality|[of] p1a: Sinistcha
|move|p2a: Kaidou|Aqua Jet|p1a: Sinistcha
|-resisted|p1a: Sinistcha|1
|-damage|p1a: Sinistcha|89/100
|move|p2b: Usagi|Flare Blitz|p1a: Sinistcha
|-supereffective|p1a: Sinistcha|1
|-damage|p1a: Sinistcha|0 fnt
|faint|p1a: Sinistcha
|-damage|p2b: Usagi|44/100|[from] Recoil
|-enditem|p2b: Usagi|Sitrus Berry|[eat]
|-heal|p2b: Usagi|69/100|[from] item: Sitrus Berry
|move|p1b: Incineroar|Parting Shot|p2a: Kaidou
|-unboost|p2a: Kaidou|atk|1
|-unboost|p2a: Kaidou|spa|1
|
|t:|1783269892
|switch|p1b: Sneasler|Sneasler, L50, F|100/100|[from] Parting Shot
|
|upkeep
|
|t:|1783269896
|switch|p1a: Incineroar|Incineroar, L50, F|99/100
|-ability|p1a: Incineroar|Intimidate|boost
|-unboost|p2a: Kaidou|atk|1
|-unboost|p2b: Usagi|atk|1
|turn|7
|
|t:|1783269912
|move|p2a: Kaidou|Aqua Jet|p1b: Sneasler
|-damage|p1b: Sneasler|75/100
|move|p1b: Sneasler|Close Combat|p2b: Usagi
|-supereffective|p2b: Usagi|1
|-damage|p2b: Usagi|0 fnt
|-unboost|p1b: Sneasler|def|1
|-unboost|p1b: Sneasler|spd|1
|faint|p2b: Usagi
|move|p1a: Incineroar|Flare Blitz|p2a: Kaidou
|-resisted|p2a: Kaidou|1
|-damage|p2a: Kaidou|71/100
|-damage|p1a: Incineroar|89/100|[from] Recoil
|
|upkeep
|turn|8
|
|t:|1783269920
|move|p1b: Sneasler|Quick Guard|p1b: Sneasler
|-singleturn|p1b: Sneasler|Quick Guard
|move|p2a: Kaidou|Aqua Jet|p1b: Sneasler
|-activate|p1b: Sneasler|move: Quick Guard
|move|p1a: Incineroar|Flare Blitz|p2a: Kaidou
|-resisted|p2a: Kaidou|1
|-damage|p2a: Kaidou|41/100
|-damage|p1a: Incineroar|80/100|[from] Recoil
|
|upkeep
|turn|9
|c|☆The_AG_Is_Real|gg
|c|☆PaniniWeenie|ggs
|
|t:|1783269932
|move|p1b: Sneasler|Quick Guard|p1b: Sneasler
|-singleturn|p1b: Sneasler|Quick Guard
|move|p2a: Kaidou|Aqua Jet|p1b: Sneasler
|-activate|p1b: Sneasler|move: Quick Guard
|move|p1a: Incineroar|Flare Blitz|p2a: Kaidou
|-resisted|p2a: Kaidou|1
|-damage|p2a: Kaidou|13/100
|-damage|p1a: Incineroar|71/100|[from] Recoil
|
|upkeep
|turn|10
|l| RadiantSteelix
|l| munchie2ff
|
|t:|1783269942
|move|p1b: Sneasler|Quick Guard|p1b: Sneasler
|-singleturn|p1b: Sneasler|Quick Guard
|move|p2a: Kaidou|Aqua Jet|p1b: Sneasler
|-activate|p1b: Sneasler|move: Quick Guard
|move|p1a: Incineroar|Flare Blitz|p2a: Kaidou
|-resisted|p2a: Kaidou|1
|-damage|p2a: Kaidou|0 fnt
|faint|p2a: Kaidou
|-damage|p1a: Incineroar|66/100|[from] Recoil
|
|win|PaniniWeenie
|l|☆The_AG_Is_Real
|player|p2|
|l| Loomo
|l| escaperoomvgc
|l| p2ursaslop
|l| philjonesvgc
