|j|☆f81malla
|j|☆Gayangos
|html|f81mallaGayangos    
|uhtml|bestof|Game 2 of a best-of-3
|t:|1785236610
|gametype|doubles
|player|p1|f81malla|grimsley|1411
|player|p2|Gayangos|169|1468
|gen|9
|tier|[Gen 9 Champions] VGC 2026 Reg M-B (Bo3)
|rated|
|rule|Species Clause: Limit one of each Pokémon
|rule|Item Clause: Limit 1 of each item
|clearpoke
|poke|p1|Gardevoir, L50, M|
|poke|p1|Basculegion, L50, M|
|poke|p1|Talonflame, L50, M|
|poke|p1|Maushold, L50|
|poke|p1|Kingambit, L50, M|
|poke|p1|Kommo-o, L50, F|
|poke|p2|Tyranitar, L50, F|
|poke|p2|Excadrill, L50, F|
|poke|p2|Milotic, L50, M|
|poke|p2|Sinistcha, L50|
|poke|p2|Staraptor, L50, F|
|poke|p2|Gholdengo, L50|
|teampreview|4
|showteam|p1|Gardevoir||Gardevoirite|Synchronize|HyperVoice,Psychic,Thunderbolt,Protect|Modest||M|||50|]Basculegion||ChoiceScarf|Adaptability|WaveCrash,LastRespects,FlipTurn,AquaJet|Jolly||M|||50|]Talonflame||SharpBeak|GaleWings|DualWingbeat,FlareBlitz,Tailwind,Protect|Jolly||M|||50|]Maushold||ChopleBerry|FriendGuard|SuperFang,Feint,FollowMe,Protect|Jolly|||||50|]Kingambit||FocusSash|Defiant|KowtowCleave,SuckerPunch,IronHead,LowKick|Adamant||M|||50|]Kommo-o||LifeOrb|Soundproof|ClangingScales,AuraSphere,VacuumWave,Protect|Modest||F|||50|
|showteam|p2|Tyranitar||Tyranitarite|SandStream|KnockOff,RockSlide,LowKick,Protect|Jolly||F|||50|]Excadrill||FocusSash|SandRush|HighHorsepower,IronHead,RockSlide,Protect|Adamant||F|||50|]Milotic||Leftovers|Competitive|Scald,IceBeam,Recover,Protect|Calm||M|||50|]Sinistcha||ColburBerry|Hospitality|MatchaGotcha,ShadowBall,Protect,RagePowder|Bold|||||50|]Staraptor||Staraptite|Intimidate|CloseCombat,BraveBird,Tailwind,Protect|Jolly||F|||50|]Gholdengo||LifeOrb|GoodasGold|MakeItRain,ShadowBall,NastyPlot,Protect|Modest|||||50|
|inactive|Battle timer is ON: inactive players will automatically lose when time's up. (requested by f81malla)
|
|t:|1785236630
|teamsize|p1|4
|teamsize|p2|4
|start
|switch|p1a: Talonflame|Talonflame, L50, M|100/100
|switch|p1b: Kingambit|Kingambit, L50, M|100/100
|switch|p2a: Staraptor|Staraptor, L50, F|100/100
|switch|p2b: Gholdengo|Gholdengo, L50|100/100
|-ability|p2a: Staraptor|Intimidate|boost
|-unboost|p1a: Talonflame|atk|1
|-unboost|p1b: Kingambit|atk|1
|-ability|p1b: Kingambit|Defiant|boost
|-boost|p1b: Kingambit|atk|2
|turn|1
|
|t:|1785236638
|switch|p2b: Milotic|Milotic, L50, M|100/100
|detailschange|p2a: Staraptor|Staraptor-Mega, L50, F
|-mega|p2a: Staraptor|Staraptor|Staraptite
|move|p1a: Talonflame|Tailwind|p1a: Talonflame
|-sidestart|p1: f81malla|move: Tailwind
|move|p1b: Kingambit|Kowtow Cleave|p2b: Milotic
|-crit|p2b: Milotic
|-damage|p2b: Milotic|0 fnt
|faint|p2b: Milotic
|move|p2a: Staraptor|Close Combat|p1b: Kingambit
|-supereffective|p1b: Kingambit|2
|-enditem|p1b: Kingambit|Focus Sash
|-damage|p1b: Kingambit|1/100
|-boost|p2a: Staraptor|def|1
|-boost|p2a: Staraptor|spd|1
|
|upkeep
|
|t:|1785236647
|switch|p2b: Tyranitar|Tyranitar, L50, F|100/100
|-weather|Sandstorm|[from] ability: Sand Stream|[of] p2b: Tyranitar
|turn|2
|
|t:|1785236664
|move|p2b: Tyranitar|Protect|p2b: Tyranitar
|-singleturn|p2b: Tyranitar|Protect
|move|p1a: Talonflame|Dual Wingbeat|p2a: Staraptor
|-supereffective|p2a: Staraptor|1
|-damage|p2a: Staraptor|83/100
|-supereffective|p2a: Staraptor|1
|-damage|p2a: Staraptor|67/100
|-hitcount|p2a: Staraptor|2
|move|p1b: Kingambit|Low Kick|p2b: Tyranitar
|-activate|p2b: Tyranitar|move: Protect
|move|p2a: Staraptor|Close Combat|p1b: Kingambit
|-supereffective|p1b: Kingambit|2
|-damage|p1b: Kingambit|0 fnt
|-boost|p2a: Staraptor|def|1
|-boost|p2a: Staraptor|spd|1
|faint|p1b: Kingambit
|
|-weather|Sandstorm|[upkeep]
|-damage|p1a: Talonflame|94/100|[from] Sandstorm
|-damage|p2a: Staraptor|61/100|[from] Sandstorm
|upkeep
|
|t:|1785236667
|switch|p1b: Gardevoir|Gardevoir, L50, M|100/100
|turn|3
|
|t:|1785236681
|detailschange|p1b: Gardevoir|Gardevoir-Mega, L50, M
|-mega|p1b: Gardevoir|Gardevoir|Gardevoirite
|move|p1a: Talonflame|Dual Wingbeat|p2a: Staraptor
|-supereffective|p2a: Staraptor|1
|-damage|p2a: Staraptor|48/100
|-supereffective|p2a: Staraptor|1
|-damage|p2a: Staraptor|35/100
|-hitcount|p2a: Staraptor|2
|move|p1b: Gardevoir|Hyper Voice|p2a: Staraptor|[spread] p2a,p2b
|-supereffective|p2a: Staraptor|1
|-supereffective|p2b: Tyranitar|1
|-damage|p2a: Staraptor|0 fnt
|-damage|p2b: Tyranitar|36/100
|faint|p2a: Staraptor
|move|p2b: Tyranitar|Rock Slide|p1a: Talonflame|[spread] p1a,p1b
|-supereffective|p1a: Talonflame|2
|-damage|p1a: Talonflame|0 fnt
|-damage|p1b: Gardevoir|50/100g
|faint|p1a: Talonflame
|
|-weather|Sandstorm|[upkeep]
|-damage|p1b: Gardevoir|44/100|[from] Sandstorm
|upkeep
|
|t:|1785236694
|switch|p1a: Maushold|Maushold, L50|100/100
|switch|p2a: Gholdengo|Gholdengo, L50|100/100
|turn|4
|
|t:|1785236709
|move|p1a: Maushold|Follow Me|p1a: Maushold
|-singleturn|p1a: Maushold|move: Follow Me
|move|p1b: Gardevoir|Hyper Voice|p2b: Tyranitar|[spread] p2a,p2b
|-resisted|p2a: Gholdengo|1
|-supereffective|p2b: Tyranitar|1
|-damage|p2a: Gholdengo|75/100
|-damage|p2b: Tyranitar|0 fnt
|faint|p2b: Tyranitar
|move|p2a: Gholdengo|Make It Rain|p1a: Maushold|[spread] p1a,p1b
|-supereffective|p1b: Gardevoir|1
|-damage|p1a: Maushold|35/100
|-damage|p1b: Gardevoir|0 fnt
|-unboost|p2a: Gholdengo|spa|2
|faint|p1b: Gardevoir
|-damage|p2a: Gholdengo|65/100|[from] item: Life Orb
|
|-weather|Sandstorm|[upkeep]
|-damage|p1a: Maushold|29/100|[from] Sandstorm
|-sideend|p1: f81malla|move: Tailwind
|upkeep
|turn|5
|-message|f81malla forfeited.
|
|win|Gayangos
|raw|f81malla's rating: 1411 → 1394(-17 for losing)
|raw|Gayangos's rating: 1468 → 1485(+17 for winning)
|l|☆f81malla
|player|p1|
