|j|☆hahadontcare
|j|☆ale_z_plumber
|html|hahadontcareale_z_plumber    
|uhtml|bestof|Game 2 of a best-of-3
|t:|1784289422
|gametype|doubles
|player|p1|hahadontcare|unknown|1082
|player|p2|ale_z_plumber|lucas-gen4pt|1086
|gen|9
|tier|[Gen 9 Champions] VGC 2026 Reg M-B (Bo3)
|rated|
|rule|Species Clause: Limit one of each Pokémon
|rule|Item Clause: Limit 1 of each item
|clearpoke
|poke|p1|Sinistcha, L50|
|poke|p1|Rotom-Wash, L50|
|poke|p1|Garchomp, L50, F|
|poke|p1|Incineroar, L50, F|
|poke|p1|Zoroark-Hisui, L50, F|
|poke|p1|Lucario, L50, M|
|poke|p2|Blaziken, L50, M|
|poke|p2|Aerodactyl, L50, M|
|poke|p2|Kingambit, L50, F|
|poke|p2|Basculegion, L50, M|
|poke|p2|Sylveon, L50, M|
|poke|p2|Torkoal, L50, F|
|teampreview|4
|showteam|p1|Sinistcha||Leftovers|Hospitality|MatchaGotcha,RagePowder,StrengthSap,Protect|Sassy|||||50|]Rotom-Wash||SitrusBerry|Levitate|HydroPump,Thunderbolt,WillOWisp,Protect|Modest|||||50|]Garchomp||YacheBerry|RoughSkin|Earthquake,DragonClaw,RockSlide,Protect|Jolly||F|||50|]Incineroar||Charcoal|Intimidate|FlareBlitz,FakeOut,DarkestLariat,SunnyDay|Careful||F|||50|]Zoroark-Hisui||FocusSash|Illusion|Extrasensory,FocusBlast,Poltergeist,FakeTears|Serious||F|||50|]Lucario||Lucarionite|InnerFocus|NastyPlot,AuraSphere,FlashCannon,Protect|Timid||M|||50|
|showteam|p2|Blaziken||Blazikenite|SpeedBoost|FlareBlitz,CloseCombat,RockSlide,Protect|Adamant||M|||50|]Aerodactyl||Aerodactylite|Unnerve|RockSlide,DualWingbeat,IceFang,Tailwind|Jolly||M|||50|]Kingambit||LifeOrb|Defiant|KowtowCleave,IronHead,SuckerPunch,Protect|Adamant||F|||50|]Basculegion||FocusSash|Adaptability|LastRespects,Liquidation,AquaJet,Protect|Adamant||M|||50|]Sylveon||FairyFeather|Pixilate|HyperVoice,Moonblast,QuickAttack,Protect|Modest||M|||50|]Torkoal||Leftovers|Drought|WeatherBall,BurningJealousy,Yawn,Protect|Relaxed||F|||50|
|
|t:|1784289451
|teamsize|p1|4
|teamsize|p2|4
|start
|switch|p1a: Rotom|Rotom-Wash, L50|100/100
|switch|p1b: Sinistcha|Sinistcha, L50|100/100
|switch|p2a: Kingambit|Kingambit, L50, F|100/100
|switch|p2b: Sylveon|Sylveon, L50, M|100/100
|turn|1
|
|t:|1784289500
|switch|p2a: Blaziken|Blaziken, L50, M|100/100
|move|p1a: Rotom|Will-O-Wisp|p2a: Blaziken
|-immune|p2a: Blaziken
|move|p2b: Sylveon|Hyper Voice|p1a: Rotom|[spread] p1a,p1b
|-damage|p1a: Rotom|46/100
|-damage|p1b: Sinistcha|60/100
|-enditem|p1a: Rotom|Sitrus Berry|[eat]
|-heal|p1a: Rotom|71/100|[from] item: Sitrus Berry
|move|p1b: Sinistcha|Strength Sap|p2a: Blaziken
|-unboost|p2a: Blaziken|atk|1
|-heal|p1b: Sinistcha|100/100
|
|upkeep
|turn|2
|
|t:|1784289557
|switch|p2a: Kingambit|Kingambit, L50, F|100/100
|move|p1a: Rotom|Hydro Pump|p2a: Kingambit
|-damage|p2a: Kingambit|47/100
|move|p2b: Sylveon|Hyper Voice|p1a: Rotom|[spread] p1a,p1b
|-damage|p1a: Rotom|15/100
|-damage|p1b: Sinistcha|61/100
|move|p1b: Sinistcha|Strength Sap|p2a: Kingambit
|-unboost|p2a: Kingambit|atk|1
|-ability|p2a: Kingambit|Defiant|boost
|-boost|p2a: Kingambit|atk|2
|-heal|p1b: Sinistcha|100/100
|
|upkeep
|turn|3
|
|t:|1784289589
|switch|p1a: Poopario|Lucario, L50, M|100/100
|move|p2b: Sylveon|Quick Attack|p1a: Poopario
|-damage|p1a: Poopario|80/100
|move|p1b: Sinistcha|Matcha Gotcha|p2a: Kingambit|[spread] p2a,p2b
|-resisted|p2a: Kingambit|1
|-damage|p2a: Kingambit|34/100
|-damage|p2b: Sylveon|79/100
|-status|p2a: Kingambit|brn
|move|p2a: Kingambit|Kowtow Cleave|p1b: Sinistcha
|-supereffective|p1b: Sinistcha|1
|-damage|p1b: Sinistcha|14/100
|-damage|p2a: Kingambit|24/100 brn|[from] item: Life Orb
|
|-heal|p1b: Sinistcha|20/100y|[from] item: Leftovers
|-damage|p2a: Kingambit|18/100 brn|[from] brn
|upkeep
|turn|4
|
|t:|1784289614
|move|p1a: Poopario|Protect|p1a: Poopario
|-singleturn|p1a: Poopario|Protect
|move|p1b: Sinistcha|Protect|p1b: Sinistcha
|-singleturn|p1b: Sinistcha|Protect
|move|p2a: Kingambit|Sucker Punch||[still]
|-fail|p2a: Kingambit
|move|p2b: Sylveon|Hyper Voice|p1b: Sinistcha|[spread] 
|-activate|p1a: Poopario|move: Protect
|-activate|p1b: Sinistcha|move: Protect
|
|-heal|p1b: Sinistcha|26/100|[from] item: Leftovers
|-damage|p2a: Kingambit|12/100 brn|[from] brn
|upkeep
|turn|5
|
|t:|1784289650
|detailschange|p1a: Poopario|Lucario-Mega, L50, M
|-mega|p1a: Poopario|Lucario|Lucarionite
|move|p2a: Kingambit|Sucker Punch|p1b: Sinistcha
|-supereffective|p1b: Sinistcha|1
|-damage|p1b: Sinistcha|0 fnt
|faint|p1b: Sinistcha
|-damage|p2a: Kingambit|3/100 brn|[from] item: Life Orb
|move|p1a: Poopario|Nasty Plot|p1a: Poopario
|-boost|p1a: Poopario|spa|2
|move|p2b: Sylveon|Hyper Voice|p1a: Poopario
|-damage|p1a: Poopario|0 fnt
|faint|p1a: Poopario
|
|-damage|p2a: Kingambit|0 fnt|[from] brn
|faint|p2a: Kingambit
|upkeep
|
|t:|1784289665
|switch|p1a: Incineroar|Incineroar, L50, F|100/100
|switch|p1b: Rotom|Rotom-Wash, L50|15/100
|switch|p2a: Blaziken|Blaziken, L50, M|100/100
|-ability|p1a: Incineroar|Intimidate|boost
|-unboost|p2a: Blaziken|atk|1
|-unboost|p2b: Sylveon|atk|1
|turn|6
|
|t:|1784289698
|move|p2a: Blaziken|Protect|p2a: Blaziken
|-singleturn|p2a: Blaziken|Protect
|move|p2b: Sylveon|Protect|p2b: Sylveon
|-singleturn|p2b: Sylveon|Protect
|move|p1a: Incineroar|Fake Out|p2a: Blaziken
|-activate|p2a: Blaziken|move: Protect
|move|p1b: Rotom|Hydro Pump|p2a: Blaziken
|-activate|p2a: Blaziken|move: Protect
|
|-ability|p2a: Blaziken|Speed Boost|boost
|-boost|p2a: Blaziken|spe|1
|upkeep
|turn|7
|
|t:|1784289732
|detailschange|p2a: Blaziken|Blaziken-Mega, L50, M
|-mega|p2a: Blaziken|Blaziken|Blazikenite
|move|p2a: Blaziken|Close Combat|p1a: Incineroar
|-supereffective|p1a: Incineroar|1
|-damage|p1a: Incineroar|15/100
|-unboost|p2a: Blaziken|def|1
|-unboost|p2a: Blaziken|spd|1
|move|p1b: Rotom|Hydro Pump|p2a: Blaziken
|-supereffective|p2a: Blaziken|1
|-damage|p2a: Blaziken|0 fnt
|faint|p2a: Blaziken
|move|p2b: Sylveon|Hyper Voice|p1a: Incineroar|[spread] p1a,p1b
|-damage|p1a: Incineroar|0 fnt
|-damage|p1b: Rotom|0 fnt
|faint|p1a: Incineroar
|faint|p1b: Rotom
|
|win|ale_z_plumber
|raw|hahadontcare's rating: 1082 → 1060(-22 for losing)
|raw|ale_z_plumber's rating: 1086 → 1113(+27 for winning)
|l|☆hahadontcare
|player|p1|
