|j|☆SC7PLAYZZ
|j|☆isam2910
|html|SC7PLAYZZisam2910    
|uhtml|bestof|Game 2 of a best-of-3
|t:|1783973161
|gametype|doubles
|player|p1|SC7PLAYZZ|2|
|player|p2|isam2910|266|
|gen|9
|tier|[Gen 9 Champions] VGC 2026 Reg M-B (Bo3)
|rule|Species Clause: Limit one of each Pokémon
|rule|Item Clause: Limit 1 of each item
|clearpoke
|poke|p1|Greninja, L50, F, shiny|
|poke|p1|Ninetales-Alola, L50, F, shiny|
|poke|p1|Milotic, L50, F, shiny|
|poke|p1|Kingambit, L50, F, shiny|
|poke|p1|Aerodactyl, L50, F, shiny|
|poke|p1|Vanilluxe, L50, F, shiny|
|poke|p2|Incineroar, L50, M|
|poke|p2|Staraptor, L50, F|
|poke|p2|Whimsicott, L50, M|
|poke|p2|Archaludon, L50, F|
|poke|p2|Hydrapple, L50, F|
|poke|p2|Vaporeon, L50, M|
|teampreview|4
|showteam|p1|Greninja||Greninjite|Protean|Blizzard,DarkPulse,Surf,Protect|Timid||F|||50|]Ninetales-Alola||FocusSash|SnowWarning|DazzlingGleam,Blizzard,AuroraVeil,Protect|Timid||F|||50|]Milotic||Leftovers|Competitive|Protect,MirrorCoat,IcyWind,Recover|Calm||F|||50|]Kingambit||BlackGlasses|Defiant|KowtowCleave,SuckerPunch,SwordsDance,LowKick|Serious||F|||50|]Aerodactyl||PasshoBerry|RockHead|Tailwind,DualWingbeat,Protect,RockSlide|Serious||F|||50|]Vanilluxe||ChoiceScarf|IceBody|AuroraVeil,FreezeDry,Blizzard,IcyWind|Timid||F|||50|
|showteam|p2|Incineroar||SitrusBerry|Intimidate|FakeOut,FlareBlitz,WillOWisp,PartingShot|Careful||M|||50|]Staraptor||Staraptite|Intimidate|Roost,BraveBird,CloseCombat,Protect|Adamant||F|||50|]Whimsicott||FocusSash|Prankster|Tailwind,Moonblast,Charm,Protect|Serious||M|||50|]Archaludon||WhiteHerb|Stamina|FlashCannon,Snarl,RockSlide,ElectroShot|Bold||F|||50|]Hydrapple||YacheBerry|Regenerator|GigaDrain,PollenPuff,EarthPower,FickleBeam|Calm||F|||50|]Vaporeon||Leftovers|WaterAbsorb|FlipTurn,Scald,Roar,Protect|Bold||M|||50|
|j| Riri 82
|inactive|Battle timer is ON: inactive players will automatically lose when time's up. (requested by SC7PLAYZZ)
|inactive|isam2910 has 60 seconds left.
|
|t:|1783973221
|teamsize|p1|4
|teamsize|p2|4
|start
|switch|p1a: Milotic|Milotic, L50, F, shiny|100/100
|switch|p1b: Aerodactyl|Aerodactyl, L50, F, shiny|100/100
|switch|p2a: Incineroar|Incineroar, L50, M|100/100
|switch|p2b: Archaludon|Archaludon, L50, F|100/100
|-ability|p2a: Incineroar|Intimidate|boost
|-unboost|p1a: Milotic|atk|1
|-ability|p1a: Milotic|Competitive|boost
|-boost|p1a: Milotic|spa|2
|-unboost|p1b: Aerodactyl|atk|1
|turn|1
|inactive|isam2910 has 30 seconds left.
|
|t:|1783973251
|move|p2a: Incineroar|Fake Out|p1a: Milotic
|-damage|p1a: Milotic|89/100
|move|p1b: Aerodactyl|Rock Slide|p2b: Archaludon|[spread] p2a,p2b
|-supereffective|p2a: Incineroar|1
|-resisted|p2b: Archaludon|1
|-damage|p2a: Incineroar|73/100
|-damage|p2b: Archaludon|95/100
|-ability|p2b: Archaludon|Stamina|boost
|-boost|p2b: Archaludon|def|1
|move|p2b: Archaludon|Flash Cannon|p1b: Aerodactyl
|-supereffective|p1b: Aerodactyl|1
|-damage|p1b: Aerodactyl|13/100
|cant|p1a: Milotic|flinch
|
|-heal|p1a: Milotic|95/100|[from] item: Leftovers
|upkeep
|turn|2
|inactive|SC7PLAYZZ has 30 seconds left.
|inactive|isam2910 has 30 seconds left.
|inactive|isam2910 has 20 seconds left.
|inactive|isam2910 has 15 seconds left.
|inactive|isam2910 has 10 seconds left.
|j| Yishop
|inactive|isam2910 has 5 seconds left.
|
|t:|1783973306
|move|p1b: Aerodactyl|Tailwind|p1b: Aerodactyl
|-sidestart|p1: SC7PLAYZZ|move: Tailwind
|move|p1a: Milotic|Icy Wind|p2b: Archaludon|[spread] p2a,p2b
|-resisted|p2a: Incineroar|1
|-damage|p2a: Incineroar|66/100
|-damage|p2b: Archaludon|69/100
|-unboost|p2a: Incineroar|spe|1
|-unboost|p2b: Archaludon|spe|1
|-ability|p2b: Archaludon|Stamina|boost
|-boost|p2b: Archaludon|def|1
|-enditem|p2b: Archaludon|White Herb
|-clearnegativeboost|p2b: Archaludon|[silent]
|move|p2b: Archaludon|Flash Cannon|p1b: Aerodactyl
|-supereffective|p1b: Aerodactyl|1
|-damage|p1b: Aerodactyl|0 fnt
|faint|p1b: Aerodactyl
|move|p2a: Incineroar|Flare Blitz|p1a: Milotic
|-resisted|p1a: Milotic|1
|-damage|p1a: Milotic|73/100
|-damage|p2a: Incineroar|59/100|[from] Recoil
|
|-heal|p1a: Milotic|79/100|[from] item: Leftovers
|upkeep
|
|t:|1783973326
|switch|p1b: Greninja|Greninja, L50, F, shiny|100/100
|turn|3
|inactive|isam2910 has 30 seconds left.
|inactive|isam2910 has 20 seconds left.
|inactive|isam2910 has 15 seconds left.
|
|t:|1783973370
|switch|p2a: Whimsicott|Whimsicott, L50, M|100/100
|detailschange|p1b: Greninja|Greninja-Mega, L50, F, shiny
|-mega|p1b: Greninja|Greninja|Greninjite
|move|p1b: Greninja|Surf|p2a: Whimsicott|[spread] p1a,p2a,p2b
|-start|p1b: Greninja|typechange|Water|[from] ability: Protean
|-resisted|p1a: Milotic|1
|-resisted|p2a: Whimsicott|1
|-resisted|p2b: Archaludon|1
|-damage|p1a: Milotic|69/100
|-damage|p2a: Whimsicott|77/100
|-damage|p2b: Archaludon|44/100
|-ability|p2b: Archaludon|Stamina|boost
|-boost|p2b: Archaludon|def|1
|move|p1a: Milotic|Icy Wind|p2b: Archaludon|[spread] p2a,p2b
|-supereffective|p2a: Whimsicott|1
|-damage|p2a: Whimsicott|26/100
|-damage|p2b: Archaludon|19/100
|-unboost|p2a: Whimsicott|spe|1
|-unboost|p2b: Archaludon|spe|1
|-ability|p2b: Archaludon|Stamina|boost
|-boost|p2b: Archaludon|def|1
|move|p2b: Archaludon|Electro Shot||[still]
|-prepare|p2b: Archaludon|Electro Shot
|-boost|p2b: Archaludon|spa|1
|
|-heal|p1a: Milotic|75/100|[from] item: Leftovers
|upkeep
|turn|4
|inactive|SC7PLAYZZ has 30 seconds left.
|
|t:|1783973404
|move|p1b: Greninja|Protect|p1b: Greninja
|-singleturn|p1b: Greninja|Protect
|move|p2a: Whimsicott|Tailwind|p2a: Whimsicott
|-sidestart|p2: isam2910|move: Tailwind
|move|p1a: Milotic|Icy Wind|p2b: Archaludon|[spread] p2a,p2b
|-supereffective|p2a: Whimsicott|1
|-damage|p2a: Whimsicott|0 fnt
|-damage|p2b: Archaludon|0 fnt
|faint|p2a: Whimsicott
|faint|p2b: Archaludon
|
|-heal|p1a: Milotic|81/100|[from] item: Leftovers
|upkeep
|
|t:|1783973415
|switch|p2a: Incineroar|Incineroar, L50, M|59/100
|switch|p2b: Staraptor|Staraptor, L50, F|100/100
|-ability|p2b: Staraptor|Intimidate|boost
|-unboost|p1a: Milotic|atk|1
|-ability|p1a: Milotic|Competitive|boost
|-boost|p1a: Milotic|spa|2
|-unboost|p1b: Greninja|atk|1
|-ability|p2a: Incineroar|Intimidate|boost
|-unboost|p1a: Milotic|atk|1
|-ability|p1a: Milotic|Competitive|boost
|-boost|p1a: Milotic|spa|2
|-unboost|p1b: Greninja|atk|1
|turn|5
|
|t:|1783973437
|detailschange|p2b: Staraptor|Staraptor-Mega, L50, F
|-mega|p2b: Staraptor|Staraptor|Staraptite
|move|p2a: Incineroar|Fake Out|p1a: Milotic
|-damage|p1a: Milotic|70/100
|move|p1b: Greninja|Blizzard|p2b: Staraptor|[spread] p2a,p2b
|-resisted|p2a: Incineroar|1
|-supereffective|p2b: Staraptor|1
|-damage|p2a: Incineroar|49/100
|-damage|p2b: Staraptor|39/100
|-enditem|p2a: Incineroar|Sitrus Berry|[eat]
|-heal|p2a: Incineroar|73/100|[from] item: Sitrus Berry
|move|p2b: Staraptor|Close Combat|p1a: Milotic
|-damage|p1a: Milotic|1/100
|-boost|p2b: Staraptor|def|1
|-boost|p2b: Staraptor|spd|1
|cant|p1a: Milotic|flinch
|
|-heal|p1a: Milotic|7/100|[from] item: Leftovers
|-sideend|p1: SC7PLAYZZ|move: Tailwind
|upkeep
|turn|6
|inactive|isam2910 has 30 seconds left.
|inactive|isam2910 has 20 seconds left.
|
|t:|1783973476
|move|p1a: Milotic|Protect|p1a: Milotic
|-singleturn|p1a: Milotic|Protect
|move|p2b: Staraptor|Close Combat|p1a: Milotic
|-activate|p1a: Milotic|move: Protect
|move|p1b: Greninja|Blizzard|p2b: Staraptor|[spread] p2a
|-miss|p1b: Greninja|p2b: Staraptor
|-resisted|p2a: Incineroar|1
|-damage|p2a: Incineroar|61/100
|-status|p2a: Incineroar|frz
|-curestatus|p2a: Incineroar|frz|[msg]
|move|p2a: Incineroar|Parting Shot|p1a: Milotic
|-activate|p1a: Milotic|move: Protect
|
|-heal|p1a: Milotic|13/100|[from] item: Leftovers
|upkeep
|turn|7
|c| Riri 82|What tge hellll
|inactive|SC7PLAYZZ has 30 seconds left.
|inactive|isam2910 has 30 seconds left.
|
|t:|1783973503
|move|p1b: Greninja|Protect|p1b: Greninja
|-singleturn|p1b: Greninja|Protect
|move|p2b: Staraptor|Close Combat|p1a: Milotic
|-damage|p1a: Milotic|0 fnt
|-boost|p2b: Staraptor|def|1
|-boost|p2b: Staraptor|spd|1
|faint|p1a: Milotic
|move|p2a: Incineroar|Parting Shot|p2b: Staraptor
|-boost|p2b: Staraptor|atk|1
|-boost|p2b: Staraptor|spa|1
|
|-sideend|p2: isam2910|move: Tailwind
|upkeep
|c| Yishop|this is getting niiiiccche
|
|t:|1783973516
|switch|p1a: Vanilluxe|Vanilluxe, L50, F, shiny|100/100
|turn|8
|
|t:|1783973526
|move|p1a: Vanilluxe|Blizzard|p2a: Incineroar|[spread] p2a,p2b
|-resisted|p2a: Incineroar|1
|-supereffective|p2b: Staraptor|1
|-damage|p2a: Incineroar|47/100
|-damage|p2b: Staraptor|1/100
|move|p1b: Greninja|Blizzard|p2b: Staraptor|[spread] p2a,p2b
|-resisted|p2a: Incineroar|1
|-supereffective|p2b: Staraptor|1
|-damage|p2a: Incineroar|37/100
|-damage|p2b: Staraptor|0 fnt
|-status|p2a: Incineroar|frz
|faint|p2b: Staraptor
|cant|p2a: Incineroar|frz
|
|upkeep
|turn|9
|c|☆SC7PLAYZZ|oh yh baby
|c| Riri 82|Jeeesuss
|
|t:|1783973545
|move|p1a: Vanilluxe|Blizzard|p2a: Incineroar
|-resisted|p2a: Incineroar|1
|-damage|p2a: Incineroar|19/100 frz
|move|p1b: Greninja|Surf|p2a: Incineroar|[spread] p1a,p2a
|-supereffective|p2a: Incineroar|1
|-damage|p1a: Vanilluxe|55/100
|-damage|p2a: Incineroar|0 fnt
|faint|p2a: Incineroar
|
|win|SC7PLAYZZ
||isam2910 is ready for game 3.
|inactive|SC7PLAYZZ has 30 seconds to confirm battle start!
|c| Riri 82|Bombocmartt
|inactive|SC7PLAYZZ has 20 seconds to confirm battle start!
||SC7PLAYZZ is ready for game 3.
|uhtml|next|Next: Game 3 of 3
