|j|☆raineyluvsu
|j|☆Dominicandoctor
|html|raineyluvsuDominicandoctor    
|uhtml|bestof|Game 2 of a best-of-3
|t:|1782594264
|gametype|doubles
|player|p1|raineyluvsu|1|1040
|player|p2|Dominicandoctor|2|1098
|gen|9
|tier|[Gen 9 Champions] VGC 2026 Reg M-B (Bo3)
|rated|
|rule|Species Clause: Limit one of each Pokémon
|rule|Item Clause: Limit 1 of each item
|clearpoke
|poke|p1|Metagross, L50|
|poke|p1|Basculegion, L50, M|
|poke|p1|Blaziken, L50, M|
|poke|p1|Politoed, L50, F|
|poke|p1|Tsareena, L50, F|
|poke|p1|Kingambit, L50, M|
|poke|p2|Volcarona, L50, F|
|poke|p2|Raichu, L50, F|
|poke|p2|Grimmsnarl, L50, M|
|poke|p2|Milotic, L50, F|
|poke|p2|Tsareena, L50, F|
|poke|p2|Charizard, L50, F|
|teampreview|4
|showteam|p1|Metagross||Metagrossite|ClearBody|IronHead,PsychicFangs,StompingTantrum,Protect|Jolly|||||50|]Basculegion||LifeOrb|Adaptability|WaveCrash,LastRespects,AquaJet,Protect|Jolly||M|||50|]Blaziken||FocusSash|SpeedBoost|Overheat,AuraSphere,Coaching,Detect|Modest||M|||50|]Politoed||SitrusBerry|Drizzle|WeatherBall,IceBeam,PerishSong,Protect|Bold||F|||50|]Tsareena||ChoiceScarf|QueenlyMajesty|TropKick,TripleAxel,LowKick,Uturn|Jolly||F|||50|]Kingambit||BlackGlasses|Defiant|KowtowCleave,SuckerPunch,SwordsDance,Protect|Brave||M|||50|
|showteam|p2|Volcarona||SitrusBerry|FlameBody|RagePowder,FieryDance,StruggleBug,QuiverDance|Modest||F|||50|]Raichu||RaichuniteX|Static|VoltTackle,VoltSwitch,FakeOut,Protect|Jolly||F|||50|]Grimmsnarl||FocusSash|Prankster|Reflect,LightScreen,SpiritBreak,SuckerPunch|Adamant||M|||50|]Milotic||LifeOrb|Competitive|Scald,IceBeam,WeatherBall,Protect|Modest||F|||50|]Tsareena||ExpertBelt|QueenlyMajesty|TropKick,Uturn,KnockOff,Protect|Serious||F|||50|]Charizard||CharizarditeY|SolarPower|AncientPower,HeatWave,AirSlash,Protect|Timid||F|||50|
|
|t:|1782594296
|teamsize|p1|4
|teamsize|p2|4
|start
|switch|p1a: Kingambit|Kingambit, L50, M|100/100
|switch|p1b: Tsareena|Tsareena, L50, F|100/100
|switch|p2a: Volcarona|Volcarona, L50, F|100/100
|switch|p2b: Charizard|Charizard, L50, F|100/100
|turn|1
|
|t:|1782594311
|detailschange|p2b: Charizard|Charizard-Mega-Y, L50, F
|-mega|p2b: Charizard|Charizard|Charizardite Y
|-weather|SunnyDay|[from] ability: Drought|[of] p2b: Charizard
|move|p2a: Volcarona|Rage Powder|p2a: Volcarona
|-singleturn|p2a: Volcarona|move: Rage Powder
|move|p1a: Kingambit|Sucker Punch||[still]
|-fail|p1a: Kingambit
|move|p1b: Tsareena|U-turn|p2a: Volcarona
|-resisted|p2a: Volcarona|1
|-damage|p2a: Volcarona|84/100
|
|t:|1782594319
|switch|p1b: Politoed|Politoed, L50, F|100/100|[from] U-turn
|-weather|RainDance|[from] ability: Drizzle|[of] p1b: Politoed
|move|p2b: Charizard|Heat Wave|p1a: Kingambit|[spread] p1a,p1b
|-supereffective|p1a: Kingambit|1
|-resisted|p1b: Politoed|1
|-damage|p1a: Kingambit|56/100
|-damage|p1b: Politoed|91/100
|
|-weather|RainDance|[upkeep]
|upkeep
|turn|2
|
|t:|1782594344
|switch|p2b: Raichu|Raichu, L50, F|100/100
|move|p2a: Volcarona|Quiver Dance|p2a: Volcarona
|-boost|p2a: Volcarona|spa|1
|-boost|p2a: Volcarona|spd|1
|-boost|p2a: Volcarona|spe|1
|move|p1b: Politoed|Weather Ball|p2a: Volcarona
|-supereffective|p2a: Volcarona|1
|-damage|p2a: Volcarona|27/100
|-enditem|p2a: Volcarona|Sitrus Berry|[eat]
|-heal|p2a: Volcarona|51/100|[from] item: Sitrus Berry
|move|p1a: Kingambit|Swords Dance|p1a: Kingambit
|-boost|p1a: Kingambit|atk|2
|
|-weather|RainDance|[upkeep]
|upkeep
|turn|3
|
|t:|1782594378
|switch|p2b: Charizard|Charizard-Mega-Y, L50, F|100/100
|-weather|SunnyDay|[from] ability: Drought|[of] p2b: Charizard
|switch|p1b: Tsareena|Tsareena, L50, F|100/100
|move|p2a: Volcarona|Fiery Dance|p1a: Kingambit
|-supereffective|p1a: Kingambit|1
|-damage|p1a: Kingambit|0 fnt
|-boost|p2a: Volcarona|spa|1
|faint|p1a: Kingambit
|
|-weather|SunnyDay|[upkeep]
|upkeep
|
|t:|1782594387
|switch|p1a: Politoed|Politoed, L50, F|91/100
|-weather|RainDance|[from] ability: Drizzle|[of] p1a: Politoed
|turn|4
|
|t:|1782594407
|switch|p2b: Tsareena|Tsareena, L50, F|100/100
|move|p2a: Volcarona|Struggle Bug|p1a: Politoed|[spread] p1a,p1b
|-supereffective|p1b: Tsareena|1
|-damage|p1a: Politoed|54/100
|-damage|p1b: Tsareena|0 fnt
|-unboost|p1a: Politoed|spa|1
|faint|p1b: Tsareena
|move|p1a: Politoed|Weather Ball|p2b: Tsareena
|-resisted|p2b: Tsareena|1
|-damage|p2b: Tsareena|82/100
|
|-weather|RainDance|[upkeep]
|upkeep
|
|t:|1782594418
|switch|p1b: Metagross|Metagross, L50|100/100
|turn|5
|
|t:|1782594433
|switch|p2b: Charizard|Charizard-Mega-Y, L50, F|100/100
|-weather|SunnyDay|[from] ability: Drought|[of] p2b: Charizard
|detailschange|p1b: Metagross|Metagross-Mega, L50
|-mega|p1b: Metagross|Metagross|Metagrossite
|move|p2a: Volcarona|Fiery Dance|p1b: Metagross
|-supereffective|p1b: Metagross|1
|-damage|p1b: Metagross|0 fnt
|faint|p1b: Metagross
|move|p1a: Politoed|Weather Ball|p2a: Volcarona
|-damage|p2a: Volcarona|39/100
|
|-weather|SunnyDay|[upkeep]
|upkeep
|turn|6
|
|t:|1782594448
|move|p2a: Volcarona|Struggle Bug|p1a: Politoed
|-damage|p1a: Politoed|9/100
|-unboost|p1a: Politoed|spa|1
|-enditem|p1a: Politoed|Sitrus Berry|[eat]
|-heal|p1a: Politoed|34/100|[from] item: Sitrus Berry
|move|p2b: Charizard|Air Slash|p1a: Politoed
|-damage|p1a: Politoed|0 fnt
|faint|p1a: Politoed
|
|win|Dominicandoctor
|raw|raineyluvsu's rating: 1040 → 1027(-13 for losing)
|raw|Dominicandoctor's rating: 1098 → 1119(+21 for winning)
