|j|☆lettitripppp
|j|☆heynumi
|html|lettitrippppheynumi    
|uhtml|bestof|Game 2 of a best-of-3
|t:|1783119117
|gametype|doubles
|player|p1|lettitripppp|lucas|1214
|player|p2|heynumi|bellelba|1180
|gen|9
|tier|[Gen 9 Champions] VGC 2026 Reg M-B (Bo3)
|rated|
|rule|Species Clause: Limit one of each Pokémon
|rule|Item Clause: Limit 1 of each item
|clearpoke
|poke|p1|Charizard, L50, M|
|poke|p1|Floette-Eternal, L50, F|
|poke|p1|Basculegion, L50, M, shiny|
|poke|p1|Garchomp, L50, M|
|poke|p1|Whimsicott, L50, F, shiny|
|poke|p1|Kingambit, L50, M|
|poke|p2|Farigiraf, L50, F|
|poke|p2|Torkoal, L50, M|
|poke|p2|Mawile, L50, F|
|poke|p2|Kleavor, L50, F|
|poke|p2|Gallade, L50, M|
|poke|p2|Incineroar, L50, F|
|teampreview|4
|showteam|p1|Charizard||CharizarditeY|Blaze|WeatherBall,SolarBeam,HeatWave,Protect|Modest||M|||50|]Floette-Eternal||Floettite|FlowerVeil|DazzlingGleam,LightofRuin,Moonblast,Protect|Timid||F|||50|]Basculegion||MysticWater|Adaptability|LastRespects,WaveCrash,AquaJet,Protect|Adamant||M|||50|]Garchomp||LifeOrb|RoughSkin|DragonClaw,Earthquake,RockSlide,Protect|Jolly||M|||50|]Whimsicott||FocusSash|Prankster|Moonblast,Tailwind,Encore,Protect|Timid||F|||50|]Kingambit||OccaBerry|Defiant|KowtowCleave,SuckerPunch,IronHead,LowKick|Adamant||M|||50|
|showteam|p2|Farigiraf||ColburBerry|ArmorTail|TrickRoom,Thunderbolt,Psychic,HelpingHand|Relaxed||F|||50|]Torkoal||Charcoal|Drought|AncientPower,Eruption,WeatherBall,Protect|Quiet||M|||50|]Mawile||Mawilite|Intimidate|Protect,PlayRough,IronHead,SuckerPunch|Adamant||F|||50|]Kleavor||FocusSash|Sharpness|Protect,StoneAxe,CloseCombat,XScissor|Jolly||F|||50|]Gallade||LifeOrb|Sharpness|LeafBlade,SacredSword,PsychoCut,TrickRoom|Adamant||M|||50|]Incineroar||SitrusBerry|Intimidate|PartingShot,FlareBlitz,FakeOut,ThroatChop|Careful||F|||50|
|inactive|Battle timer is ON: inactive players will automatically lose when time's up. (requested by lettitripppp)
|
|t:|1783119134
|teamsize|p1|4
|teamsize|p2|4
|start
|switch|p1a: CRUSH SHARK|Garchomp, L50, M|100/100
|switch|p1b: GENERAL BLADUS|Kingambit, L50, M|100/100
|switch|p2a: Farigiraf|Farigiraf, L50, F|100/100
|switch|p2b: Incineroar|Incineroar, L50, F|100/100
|-ability|p2b: Incineroar|Intimidate|boost
|-unboost|p1a: CRUSH SHARK|atk|1
|-unboost|p1b: GENERAL BLADUS|atk|1
|-ability|p1b: GENERAL BLADUS|Defiant|boost
|-boost|p1b: GENERAL BLADUS|atk|2
|turn|1
|
|t:|1783119158
|move|p2b: Incineroar|Fake Out|p1b: GENERAL BLADUS
|-resisted|p1b: GENERAL BLADUS|1
|-damage|p1b: GENERAL BLADUS|96/100
|move|p1a: CRUSH SHARK|Rock Slide|p2a: Farigiraf|[spread] p2a
|-miss|p1a: CRUSH SHARK|p2b: Incineroar
|-damage|p2a: Farigiraf|85/100
|-damage|p1a: CRUSH SHARK|90/100|[from] item: Life Orb
|cant|p1b: GENERAL BLADUS|flinch
|move|p2a: Farigiraf|Trick Room|p2a: Farigiraf
|-fieldstart|move: Trick Room|[of] p2a: Farigiraf
|
|upkeep
|turn|2
|
|t:|1783119177
|move|p2a: Farigiraf|Helping Hand|p2b: Incineroar
|-singleturn|p2b: Incineroar|Helping Hand|[of] p2a: Farigiraf
|move|p1b: GENERAL BLADUS|Kowtow Cleave|p2a: Farigiraf
|-supereffective|p2a: Farigiraf|1
|-enditem|p2a: Farigiraf|Colbur Berry|[eat]
|-enditem|p2a: Farigiraf|Colbur Berry|[weaken]
|-damage|p2a: Farigiraf|24/100
|move|p2b: Incineroar|Flare Blitz|p1b: GENERAL BLADUS
|-supereffective|p1b: GENERAL BLADUS|1
|-enditem|p1b: GENERAL BLADUS|Occa Berry|[eat]
|-enditem|p1b: GENERAL BLADUS|Occa Berry|[weaken]
|-damage|p1b: GENERAL BLADUS|40/100
|-damage|p2b: Incineroar|81/100|[from] Recoil
|move|p1a: CRUSH SHARK|Rock Slide|p2b: Incineroar|[spread] p2a,p2b
|-supereffective|p2b: Incineroar|1
|-damage|p2a: Farigiraf|11/100
|-damage|p2b: Incineroar|51/100
|-damage|p1a: CRUSH SHARK|80/100|[from] item: Life Orb
|
|upkeep
|turn|3
|
|t:|1783119193
|switch|p1b: GHOSTWAVE|Basculegion, L50, M, shiny|100/100
|move|p2a: Farigiraf|Psychic|p1a: CRUSH SHARK
|-damage|p1a: CRUSH SHARK|42/100
|move|p2b: Incineroar|Flare Blitz|p1b: GHOSTWAVE
|-resisted|p1b: GHOSTWAVE|1
|-damage|p1b: GHOSTWAVE|79/100
|-damage|p2b: Incineroar|44/100|[from] Recoil
|-enditem|p2b: Incineroar|Sitrus Berry|[eat]
|-heal|p2b: Incineroar|69/100|[from] item: Sitrus Berry
|move|p1a: CRUSH SHARK|Earthquake|p2a: Farigiraf|[spread] p1b,p2a,p2b
|-supereffective|p2b: Incineroar|1
|-damage|p1b: GHOSTWAVE|51/100
|-damage|p2a: Farigiraf|0 fnt
|-damage|p2b: Incineroar|13/100
|faint|p2a: Farigiraf
|-damage|p1a: CRUSH SHARK|32/100|[from] item: Life Orb
|
|upkeep
|
|t:|1783119197
|switch|p2a: Torkoal|Torkoal, L50, M|100/100
|-weather|SunnyDay|[from] ability: Drought|[of] p2a: Torkoal
|turn|4
|
|t:|1783119208
|switch|p2b: Mawile|Mawile, L50, F|100/100
|-ability|p2b: Mawile|Intimidate|boost
|-unboost|p1a: CRUSH SHARK|atk|1
|-unboost|p1b: GHOSTWAVE|atk|1
|move|p1b: GHOSTWAVE|Aqua Jet|p2a: Torkoal
|-supereffective|p2a: Torkoal|1
|-damage|p2a: Torkoal|86/100
|move|p2a: Torkoal|Eruption|p1a: CRUSH SHARK|[spread] p1a,p1b
|-resisted|p1a: CRUSH SHARK|1
|-resisted|p1b: GHOSTWAVE|1
|-damage|p1a: CRUSH SHARK|0 fnt
|-damage|p1b: GHOSTWAVE|7/100
|faint|p1a: CRUSH SHARK
|
|-weather|SunnyDay|[upkeep]
|upkeep
|
|t:|1783119214
|switch|p1a: AGNI|Charizard, L50, M|100/100
|turn|5
|
|t:|1783119227
|detailschange|p2b: Mawile|Mawile-Mega, L50, F
|-mega|p2b: Mawile|Mawile|Mawilite
|move|p1b: GHOSTWAVE|Protect|p1b: GHOSTWAVE
|-singleturn|p1b: GHOSTWAVE|Protect
|move|p1a: AGNI|Protect|p1a: AGNI
|-singleturn|p1a: AGNI|Protect
|move|p2a: Torkoal|Ancient Power|p1a: AGNI
|-activate|p1a: AGNI|move: Protect
|move|p2b: Mawile|Play Rough|p1b: GHOSTWAVE
|-activate|p1b: GHOSTWAVE|move: Protect
|
|-weather|SunnyDay|[upkeep]
|-fieldend|move: Trick Room
|upkeep
|turn|6
|
|t:|1783119239
|detailschange|p1a: AGNI|Charizard-Mega-Y, L50, M
|-mega|p1a: AGNI|Charizard|Charizardite Y
|move|p2b: Mawile|Sucker Punch|p1b: GHOSTWAVE
|-supereffective|p1b: GHOSTWAVE|1
|-damage|p1b: GHOSTWAVE|0 fnt
|faint|p1b: GHOSTWAVE
|move|p1a: AGNI|Weather Ball|p2a: Torkoal
|-resisted|p2a: Torkoal|1
|-damage|p2a: Torkoal|30/100
|move|p2a: Torkoal|Ancient Power|p1a: AGNI
|-supereffective|p1a: AGNI|2
|-damage|p1a: AGNI|31/100
|
|-weather|SunnyDay|[upkeep]
|upkeep
|
|t:|1783119243
|switch|p1b: GENERAL BLADUS|Kingambit, L50, M|40/100
|turn|7
|
|t:|1783119257
|move|p2b: Mawile|Sucker Punch|p1a: AGNI
|-damage|p1a: AGNI|0 fnt
|faint|p1a: AGNI
|move|p1b: GENERAL BLADUS|Kowtow Cleave|p2a: Torkoal
|-damage|p2a: Torkoal|0 fnt
|faint|p2a: Torkoal
|
|-weather|SunnyDay|[upkeep]
|upkeep
|
|t:|1783119262
|switch|p2a: Incineroar|Incineroar, L50, F|13/100
|-ability|p2a: Incineroar|Intimidate|boost
|-unboost|p1b: GENERAL BLADUS|atk|1
|-ability|p1b: GENERAL BLADUS|Defiant|boost
|-boost|p1b: GENERAL BLADUS|atk|2
|turn|8
|
|t:|1783119270
|move|p2a: Incineroar|Fake Out|p1b: GENERAL BLADUS
|-resisted|p1b: GENERAL BLADUS|1
|-damage|p1b: GENERAL BLADUS|37/100
|cant|p1b: GENERAL BLADUS|flinch
|move|p2b: Mawile|Play Rough|p1b: GENERAL BLADUS
|-damage|p1b: GENERAL BLADUS|0 fnt
|faint|p1b: GENERAL BLADUS
|
|win|heynumi
||lettitripppp is ready for game 3.
||heynumi is ready for game 3.
|uhtml|next|Next: Game 3 of 3
