|j|☆TimTheElephant
|j|☆Broey_jiggs
|html|TimTheElephantBroey_jiggs    
|uhtml|bestof|Game 2 of a best-of-3
|t:|1784665128
|gametype|doubles
|player|p1|TimTheElephant|170|1104
|player|p2|Broey_jiggs|1|1075
|gen|9
|tier|[Gen 9 Champions] VGC 2026 Reg M-B (Bo3)
|rated|
|rule|Species Clause: Limit one of each Pokémon
|rule|Item Clause: Limit 1 of each item
|clearpoke
|poke|p1|Falinks, L50|
|poke|p1|Gholdengo, L50|
|poke|p1|Aerodactyl, L50, F|
|poke|p1|Maushold-Four, L50|
|poke|p1|Basculegion, L50, M|
|poke|p1|Tyranitar, L50, M|
|poke|p2|Toxapex, L50, F|
|poke|p2|Rotom-Wash, L50|
|poke|p2|Sinistcha-Masterpiece, L50|
|poke|p2|Venusaur, L50, F|
|poke|p2|Incineroar, L50, M|
|poke|p2|Gengar, L50, F|
|teampreview|4
|showteam|p1|Falinks||Falinksite|Defiant|NoRetreat,CloseCombat,RockSlide,ThroatChop|Jolly|||||50|]Gholdengo||LifeOrb|GoodasGold|ShadowBall,NastyPlot,MakeItRain,Protect|Timid|||||50|]Aerodactyl||FocusSash|Unnerve|Tailwind,WideGuard,RockSlide,PsychicFangs|Jolly||F|||50|]Maushold-Four||WideLens|FriendGuard|FollowMe,Encore,PopulationBomb,Protect|Jolly|||||50|]Basculegion||ChoiceScarf|Adaptability|LastRespects,WaveCrash,AquaJet,FlipTurn|Jolly||M|||50|]Tyranitar||Tyranitarite|SandStream|Avalanche,RockSlide,Earthquake,Protect|Adamant||M|||50|
|showteam|p2|Toxapex||Leftovers|Regenerator|Toxic,BanefulBunker,Infestation,WideGuard|Bold||F|||50|]Rotom-Wash||Magnet|Levitate|HydroPump,VoltSwitch,WillOWisp,Electroweb|Calm|||||50|]Sinistcha-Masterpiece||SitrusBerry|Hospitality|MatchaGotcha,Hex,TrickRoom,RagePowder|Timid|||||50|]Venusaur||Venusaurite|Chlorophyll|GigaDrain,LeechSeed,SludgeBomb,Protect|Bold||F|||50|]Incineroar||ChopleBerry|Intimidate|FlareBlitz,DarkestLariat,PartingShot,FakeOut|Adamant||M|||50|]Gengar||Gengarite|CursedBody|PerishSong,ShadowBall,Disable,Protect|Timid||F|||50|
|inactive|Battle timer is ON: inactive players will automatically lose when time's up. (requested by Broey_jiggs)
|
|t:|1784665148
|teamsize|p1|4
|teamsize|p2|4
|start
|switch|p1a: Gholdengo|Gholdengo, L50|100/100
|switch|p1b: Tyranitar|Tyranitar, L50, M|100/100
|switch|p2a: Incineroar|Incineroar, L50, M|100/100
|switch|p2b: Gengar|Gengar, L50, F|100/100
|-weather|Sandstorm|[from] ability: Sand Stream|[of] p1b: Tyranitar
|-ability|p2a: Incineroar|Intimidate|boost
|-unboost|p1a: Gholdengo|atk|1
|-unboost|p1b: Tyranitar|atk|1
|turn|1
|inactive|Broey_jiggs has 30 seconds left.
|inactive|Broey_jiggs has 20 seconds left.
|
|t:|1784665186
|switch|p1a: Falinks|Falinks, L50|100/100
|detailschange|p2b: Gengar|Gengar-Mega, L50, F
|-mega|p2b: Gengar|Gengar|Gengarite
|detailschange|p1b: Tyranitar|Tyranitar-Mega, L50, M
|-mega|p1b: Tyranitar|Tyranitar|Tyranitarite
|move|p2b: Gengar|Protect|p2b: Gengar
|-singleturn|p2b: Gengar|Protect
|move|p1b: Tyranitar|Earthquake|p2b: Gengar|[spread] p1a,p2a
|-activate|p2b: Gengar|move: Protect
|-supereffective|p2a: Incineroar|1
|-damage|p1a: Falinks|69/100
|-damage|p2a: Incineroar|54/100
|move|p2a: Incineroar|Flare Blitz|p1a: Falinks
|-damage|p1a: Falinks|0 fnt
|faint|p1a: Falinks
|-damage|p2a: Incineroar|38/100|[from] Recoil
|
|-weather|Sandstorm|[upkeep]
|-damage|p2b: Gengar|94/100|[from] Sandstorm
|-damage|p2a: Incineroar|32/100|[from] Sandstorm
|upkeep
|
|t:|1784665205
|switch|p1a: Gholdengo|Gholdengo, L50|100/100
|turn|2
|inactive|Broey_jiggs has 30 seconds left.
|inactive|Broey_jiggs has 20 seconds left.
|inactive|Broey_jiggs has 15 seconds left.
|
|t:|1784665247
|move|p2b: Gengar|Disable|p1b: Tyranitar
|-start|p1b: Tyranitar|Disable|Earthquake
|move|p1a: Gholdengo|Shadow Ball|p2b: Gengar
|-supereffective|p2b: Gengar|1
|-damage|p2b: Gengar|0 fnt
|faint|p2b: Gengar
|-damage|p1a: Gholdengo|90/100|[from] item: Life Orb
|cant|p1b: Tyranitar|Disable|Earthquake
|move|p2a: Incineroar|Flare Blitz|p1a: Gholdengo
|-supereffective|p1a: Gholdengo|1
|-crit|p1a: Gholdengo
|-damage|p1a: Gholdengo|0 fnt
|faint|p1a: Gholdengo
|-damage|p2a: Incineroar|8/100|[from] Recoil
|
|-weather|Sandstorm|[upkeep]
|-damage|p2a: Incineroar|2/100|[from] Sandstorm
|upkeep
|
|t:|1784665267
|switch|p2b: Venusaur|Venusaur, L50, F|100/100
|switch|p1a: Basculegion|Basculegion, L50, M|100/100
|turn|3
|inactive|TimTheElephant has 30 seconds left.
|
|t:|1784665294
|move|p1a: Basculegion|Last Respects|p2b: Venusaur
|-damage|p2b: Venusaur|29/100
|move|p2b: Venusaur|Giga Drain|p1a: Basculegion
|-supereffective|p1a: Basculegion|1
|-damage|p1a: Basculegion|42/100
|-heal|p2b: Venusaur|59/100|[from] drain|[of] p1a: Basculegion
|move|p2a: Incineroar|Darkest Lariat|p1a: Basculegion
|-supereffective|p1a: Basculegion|1
|-damage|p1a: Basculegion|0 fnt
|faint|p1a: Basculegion
|move|p1b: Tyranitar|Avalanche|p2b: Venusaur
|-supereffective|p2b: Venusaur|1
|-damage|p2b: Venusaur|28/100
|
|-weather|Sandstorm|[upkeep]
|-damage|p2b: Venusaur|22/100|[from] Sandstorm
|-damage|p2a: Incineroar|0 fnt|[from] Sandstorm
|faint|p2a: Incineroar
|upkeep
|
|t:|1784665312
|switch|p2a: Toxapex|Toxapex, L50, F|100/100
|turn|4
|
|t:|1784665319
|move|p1b: Tyranitar|Protect|p1b: Tyranitar
|-singleturn|p1b: Tyranitar|Protect
|move|p2b: Venusaur|Leech Seed|p1b: Tyranitar
|-activate|p1b: Tyranitar|move: Protect
|move|p2a: Toxapex|Toxic|p1b: Tyranitar
|-activate|p1b: Tyranitar|move: Protect
|
|-weather|Sandstorm|[upkeep]
|-damage|p2b: Venusaur|17/100|[from] Sandstorm
|-damage|p2a: Toxapex|94/100|[from] Sandstorm
|-heal|p2a: Toxapex|100/100|[from] item: Leftovers
|upkeep
|turn|5
|
|t:|1784665341
|move|p2a: Toxapex|Wide Guard|p2a: Toxapex
|-singleturn|p2a: Toxapex|Wide Guard
|move|p2b: Venusaur|Leech Seed|p1b: Tyranitar|[miss]
|-miss|p2b: Venusaur|p1b: Tyranitar
|move|p1b: Tyranitar|Avalanche|p2b: Venusaur
|-supereffective|p2b: Venusaur|1
|-damage|p2b: Venusaur|0 fnt
|faint|p2b: Venusaur
|
|-weather|none
|-end|p1b: Tyranitar|Disable
|upkeep
|turn|6
|
|t:|1784665355
|move|p1b: Tyranitar|Earthquake|p2a: Toxapex
|-supereffective|p2a: Toxapex|1
|-damage|p2a: Toxapex|59/100
|move|p2a: Toxapex|Toxic|p1b: Tyranitar
|-status|p1b: Tyranitar|tox
|
|-heal|p2a: Toxapex|65/100|[from] item: Leftovers
|-damage|p1b: Tyranitar|94/100 tox|[from] psn
|upkeep
|turn|7
|
|t:|1784665365
|move|p2a: Toxapex|Baneful Bunker|p2a: Toxapex
|-singleturn|p2a: Toxapex|move: Protect
|move|p1b: Tyranitar|Earthquake|p2a: Toxapex
|-activate|p2a: Toxapex|move: Protect
|
|-heal|p2a: Toxapex|70/100|[from] item: Leftovers
|-damage|p1b: Tyranitar|82/100 tox|[from] psn
|upkeep
|turn|8
|
|t:|1784665374
|move|p1b: Tyranitar|Earthquake|p2a: Toxapex
|-supereffective|p2a: Toxapex|1
|-damage|p2a: Toxapex|25/100
|move|p2a: Toxapex|Infestation|p1b: Tyranitar
|-supereffective|p1b: Tyranitar|1
|-damage|p1b: Tyranitar|77/100 tox
|-activate|p1b: Tyranitar|move: Infestation|[of] p2a: Toxapex
|
|-heal|p2a: Toxapex|31/100|[from] item: Leftovers
|-damage|p1b: Tyranitar|60/100 tox|[from] psn
|-damage|p1b: Tyranitar|48/100 tox|[from] move: Infestation|[partiallytrapped]
|upkeep
|turn|9
|
|t:|1784665385
|move|p2a: Toxapex|Baneful Bunker|p2a: Toxapex
|-singleturn|p2a: Toxapex|move: Protect
|move|p1b: Tyranitar|Earthquake|p2a: Toxapex
|-activate|p2a: Toxapex|move: Protect
|
|-heal|p2a: Toxapex|37/100|[from] item: Leftovers
|-damage|p1b: Tyranitar|25/100 tox|[from] psn
|-damage|p1b: Tyranitar|13/100 tox|[from] move: Infestation|[partiallytrapped]
|upkeep
|turn|10
|
|t:|1784665395
|move|p2a: Toxapex|Baneful Bunker||[still]
|-fail|p2a: Toxapex
|move|p1b: Tyranitar|Earthquake|p2a: Toxapex
|-supereffective|p2a: Toxapex|1
|-damage|p2a: Toxapex|0 fnt
|faint|p2a: Toxapex
|
|win|TimTheElephant
||TimTheElephant is ready for game 3.
|inactive|Broey_jiggs has 30 seconds to confirm battle start!
||Broey_jiggs is ready for game 3.
|uhtml|next|Next: Game 3 of 3
|l|☆Broey_jiggs
|player|p2|
