|j|☆Joriot
|j|☆Mrlotobvious
|html|JoriotMrlotobvious    
|uhtml|bestof|Game 2 of a best-of-3
|t:|1785763046
|gametype|doubles
|player|p1|Joriot|falkner|1184
|player|p2|Mrlotobvious|swimmer-gen4dp|1106
|gen|9
|tier|[Gen 9 Champions] VGC 2026 Reg M-B (Bo3)
|rated|
|rule|Species Clause: Limit one of each Pokémon
|rule|Item Clause: Limit 1 of each item
|clearpoke
|poke|p1|Staraptor, L50, M|
|poke|p1|Arcanine-Hisui, L50, F|
|poke|p1|Kingambit, L50, M|
|poke|p1|Raichu, L50, F|
|poke|p1|Farigiraf, L50, F|
|poke|p1|Sylveon, L50, M|
|poke|p2|Charizard, L50, F|
|poke|p2|Venusaur, L50, M|
|poke|p2|Rotom-Wash, L50|
|poke|p2|Gliscor, L50, F|
|poke|p2|Kingambit, L50, F|
|poke|p2|Arcanine-Hisui, L50, F|
|teampreview|4
|showteam|p1|Staraptor||Staraptite|Intimidate|DualWingbeat,CloseCombat,Tailwind,Protect|Jolly||M|||50|]Arcanine-Hisui||FocusSash|RockHead|FlareBlitz,HeadSmash,ExtremeSpeed,Protect|Jolly||F|||50|]Kingambit||LifeOrb|Defiant|KowtowCleave,SuckerPunch,SwordsDance,Protect|Adamant||M|||50|]Raichu||RaichuniteY|LightningRod|ZapCannon,FocusBlast,FakeOut,Protect|Timid||F|||50|]Farigiraf||SitrusBerry|ArmorTail|Psychic,HelpingHand,TrickRoom,Protect|Calm||F|||50|]Sylveon||FairyFeather|Pixilate|HyperVoice,HyperBeam,QuickAttack,Detect|Modest||M|||50|
|showteam|p2|Charizard||CharizarditeY|Blaze|HeatWave,WeatherBall,SolarBeam,Protect|Calm||F|||50|]Venusaur||Leftovers|Chlorophyll|SunnyDay,EarthPower,SolarBeam,SludgeBomb|Modest||M|||50|]Rotom-Wash||QuickClaw|Levitate|HydroPump,VoltSwitch,Electroweb,ShadowBall|Timid|||||50|]Gliscor||FocusSash|HyperCutter|HighHorsepower,RockSlide,Tailwind,DualWingbeat|Adamant||F|||50|]Kingambit||ExpertBelt|Defiant|KowtowCleave,IronHead,SwordsDance,SuckerPunch|Jolly||F|||50|]Arcanine-Hisui||LifeOrb|RockHead|HeadSmash,FlareBlitz,Outrage,SolarBeam|Adamant||F|||50|
|
|t:|1785763098
|teamsize|p1|4
|teamsize|p2|4
|start
|switch|p1a: Staraptor|Staraptor, L50, M|100/100
|switch|p1b: Arcanine|Arcanine-Hisui, L50, F|100/100
|switch|p2a: Charizard|Charizard, L50, F|100/100
|switch|p2b: Venusaur|Venusaur, L50, M|100/100
|-ability|p1a: Staraptor|Intimidate|boost
|-unboost|p2a: Charizard|atk|1
|-unboost|p2b: Venusaur|atk|1
|turn|1
|
|t:|1785763133
|detailschange|p1a: Staraptor|Staraptor-Mega, L50, M
|-mega|p1a: Staraptor|Staraptor|Staraptite
|detailschange|p2a: Charizard|Charizard-Mega-Y, L50, F
|-mega|p2a: Charizard|Charizard|Charizardite Y
|-weather|SunnyDay|[from] ability: Drought|[of] p2a: Charizard
|move|p2a: Charizard|Protect|p2a: Charizard
|-singleturn|p2a: Charizard|Protect
|move|p2b: Venusaur|Earth Power|p1b: Arcanine
|-supereffective|p1b: Arcanine|2
|-enditem|p1b: Arcanine|Focus Sash
|-damage|p1b: Arcanine|1/100
|move|p1a: Staraptor|Dual Wingbeat|p2b: Venusaur
|-supereffective|p2b: Venusaur|1
|-damage|p2b: Venusaur|66/100
|-supereffective|p2b: Venusaur|1
|-damage|p2b: Venusaur|30/100
|-hitcount|p2b: Venusaur|2
|move|p1b: Arcanine|Head Smash|p2a: Charizard
|-activate|p2a: Charizard|move: Protect
|
|-weather|SunnyDay|[upkeep]
|-heal|p2b: Venusaur|36/100|[from] item: Leftovers
|upkeep
|turn|2
|
|t:|1785763181
|move|p1b: Arcanine|Protect|p1b: Arcanine
|-singleturn|p1b: Arcanine|Protect
|move|p2b: Venusaur|Earth Power|p1b: Arcanine
|-activate|p1b: Arcanine|move: Protect
|move|p1a: Staraptor|Close Combat|p2b: Venusaur
|-resisted|p2b: Venusaur|1
|-damage|p2b: Venusaur|7/100
|-boost|p1a: Staraptor|def|1
|-boost|p1a: Staraptor|spd|1
|move|p2a: Charizard|Weather Ball|p1a: Staraptor
|-damage|p1a: Staraptor|43/100
|
|-weather|SunnyDay|[upkeep]
|-heal|p2b: Venusaur|13/100|[from] item: Leftovers
|upkeep
|turn|3
|
|t:|1785763205
|move|p1b: Arcanine|Extreme Speed|p2b: Venusaur
|-damage|p2b: Venusaur|0 fnt
|faint|p2b: Venusaur
|move|p1a: Staraptor|Close Combat|p2a: Charizard
|-resisted|p2a: Charizard|1
|-damage|p2a: Charizard|67/100
|-boost|p1a: Staraptor|def|1
|-boost|p1a: Staraptor|spd|1
|move|p2a: Charizard|Weather Ball|p1a: Staraptor
|-damage|p1a: Staraptor|2/100
|
|-weather|SunnyDay|[upkeep]
|upkeep
|
|t:|1785763217
|switch|p2b: Gliscor|Gliscor, L50, F|100/100
|turn|4
|
|t:|1785763234
|move|p2a: Charizard|Protect|p2a: Charizard
|-singleturn|p2a: Charizard|Protect
|move|p1a: Staraptor|Close Combat|p2b: Gliscor
|-resisted|p2b: Gliscor|1
|-damage|p2b: Gliscor|77/100
|-boost|p1a: Staraptor|def|1
|-boost|p1a: Staraptor|spd|1
|move|p1b: Arcanine|Flare Blitz|p2b: Gliscor
|-damage|p2b: Gliscor|1/100
|move|p2b: Gliscor|Rock Slide|p1a: Staraptor|[spread] p1a
|-miss|p2b: Gliscor|p1b: Arcanine
|-damage|p1a: Staraptor|0 fnt
|faint|p1a: Staraptor
|
|-weather|SunnyDay|[upkeep]
|upkeep
|
|t:|1785763247
|switch|p1a: Farigiraf|Farigiraf, L50, F|100/100
|turn|5
|
|t:|1785763271
|switch|p2b: Kingambit|Kingambit, L50, F|100/100
|move|p1b: Arcanine|Flare Blitz|p2a: Charizard
|-resisted|p2a: Charizard|1
|-damage|p2a: Charizard|15/100
|move|p2a: Charizard|Heat Wave|p1a: Farigiraf|[spread] p1a,p1b
|-resisted|p1b: Arcanine|2
|-damage|p1a: Farigiraf|48/100
|-damage|p1b: Arcanine|0 fnt
|-enditem|p1a: Farigiraf|Sitrus Berry|[eat]
|-heal|p1a: Farigiraf|73/100|[from] item: Sitrus Berry
|faint|p1b: Arcanine
|move|p1a: Farigiraf|Psychic|p2b: Kingambit
|-immune|p2b: Kingambit
|
|-weather|none
|upkeep
|
|t:|1785763276
|switch|p1b: Sylveon|Sylveon, L50, M|100/100
|turn|6
|
|t:|1785763305
|move|p2a: Charizard|Protect|p2a: Charizard
|-singleturn|p2a: Charizard|Protect
|move|p1a: Farigiraf|Protect|p1a: Farigiraf
|-singleturn|p1a: Farigiraf|Protect
|move|p2b: Kingambit|Iron Head|p1b: Sylveon
|-supereffective|p1b: Sylveon|1
|-damage|p1b: Sylveon|0 fnt
|faint|p1b: Sylveon
|
|upkeep
|turn|7
|-message|Joriot forfeited.
|
|win|Mrlotobvious
||Mrlotobvious is ready for game 3.
