|j|☆NotSnarkyMallard
|j|☆MyJokerMoment
|html|NotSnarkyMallardMyJokerMoment    
|uhtml|bestof|Game 1 of a best-of-3
|t:|1756858248
|gametype|doubles
|player|p1|NotSnarkyMallard|169|1040
|player|p2|MyJokerMoment|clown|1131
|gen|9
|tier|[Gen 9] VGC 2025 Reg H (Bo3)
|rated|
|rule|Species Clause: Limit one of each Pokémon
|rule|Item Clause: Limit 1 of each item
|clearpoke
|poke|p1|Incineroar, L50, M|
|poke|p1|Rillaboom, L50, M|
|poke|p1|Dragapult, L50, M|
|poke|p1|Scizor, L50, M|
|poke|p1|Ursaluna-Bloodmoon, L50, M|
|poke|p1|Primarina, L50, M|
|poke|p2|Murkrow, L50, M|
|poke|p2|Gholdengo, L50|
|poke|p2|Ninetales-Alola, L50, M|
|poke|p2|Sneasler, L50, F|
|poke|p2|Dondozo, L50, F|
|poke|p2|Tatsugiri, L50, M|
|teampreview|4
|showteam|p1|Incineroar||SafetyGoggles|Intimidate|FakeOut,PartingShot,FlareBlitz,KnockOff|||M|||50|,,,,,Ghost]Rillaboom||AssaultVest|GrassySurge|FakeOut,Uturn,WoodHammer,HighHorsepower|||M|||50|,,,,,Grass]Dragapult||LifeOrb|ClearBody|DragonDarts,Protect,WillOWisp,PhantomForce|||M|||50|,,,,,Dragon]Scizor||MetalCoat|Technician|BulletPunch,SwordsDance,BugBite,Protect|||M|||50|,,,,,Steel]Ursaluna-Bloodmoon||ThroatSpray|MindsEye|HyperVoice,BloodMoon,EarthPower,Protect|||M|||50|,,,,,Normal]Primarina||SitrusBerry|LiquidVoice|HyperVoice,Moonblast,Protect,CalmMind|||M|||50|,,,,,Water
|showteam|p2|Murkrow||FocusSash|Prankster|Snarl,Tailwind,Haze,Taunt|||M|||50|,,,,,Ghost]Gholdengo||ChoiceSpecs|GoodasGold|MakeItRain,ShadowBall,FlashCannon,Trick||||||50|,,,,,Steel]Ninetales-Alola||LightClay|SnowWarning|Blizzard,AuroraVeil,IcyWind,Moonblast|||M|||50|,,,,,Ghost]Sneasler||WhiteHerb|Unburden|FakeOut,CloseCombat,DireClaw,Protect|||F|||50|,,,,,Ghost]Dondozo||Leftovers|Unaware|WaveCrash,OrderUp,Earthquake,Protect|||F|||50|,,,,,Grass]Tatsugiri||ChoiceScarf|Commander|DracoMeteor,IcyWind,MuddyWater,DragonPulse|||M|||50|,,,,,Dragon
|
|t:|1756858291
|teamsize|p1|4
|teamsize|p2|4
|start
|switch|p1a: Scizor|Scizor, L50, M|100/100
|switch|p1b: Dragapult|Dragapult, L50, M|100/100
|switch|p2a: Murkrow|Murkrow, L50, M|100/100
|switch|p2b: Ninetales|Ninetales-Alola, L50, M|100/100
|-weather|Snowscape|[from] ability: Snow Warning|[of] p2b: Ninetales
|turn|1
|
|t:|1756858318
|-terastallize|p2b: Ninetales|Ghost
|move|p1a: Scizor|Bullet Punch|p2b: Ninetales
|-damage|p2b: Ninetales|50/100
|move|p1b: Dragapult|Dragon Darts|p2a: Murkrow
|-damage|p2a: Murkrow|13/100
|-anim|p1b: Dragapult|Dragon Darts|p2b: Ninetales
|-damage|p2b: Ninetales|10/100
|-damage|p1b: Dragapult|91/100|[from] item: Life Orb
|move|p2b: Ninetales|Aurora Veil|p2b: Ninetales
|-sidestart|p2: MyJokerMoment|move: Aurora Veil
|move|p2a: Murkrow|Snarl|p1a: Scizor|[spread] p1a,p1b
|-supereffective|p1b: Dragapult
|-damage|p1a: Scizor|81/100
|-damage|p1b: Dragapult|49/100
|-unboost|p1a: Scizor|spa|1
|
|-weather|Snowscape|[upkeep]
|upkeep
|turn|2
|
|t:|1756858359
|switch|p1b: Rillaboom|Rillaboom, L50, M|100/100
|-fieldstart|move: Grassy Terrain|[from] ability: Grassy Surge|[of] p1b: Rillaboom
|switch|p2b: Despair|Dondozo, L50, F|100/100
|move|p2a: Murkrow|Tailwind|p2a: Murkrow
|-sidestart|p2: MyJokerMoment|move: Tailwind
|move|p1a: Scizor|Bullet Punch|p2b: Despair
|-resisted|p2b: Despair
|-damage|p2b: Despair|91/100
|
|-weather|Snowscape|[upkeep]
|-heal|p2b: Despair|97/100|[from] Grassy Terrain
|-heal|p2b: Despair|100/100|[from] item: Leftovers
|-heal|p1a: Scizor|88/100|[from] Grassy Terrain
|upkeep
|turn|3
|
|t:|1756858402
|-terastallize|p1b: Rillaboom|Grass
|move|p2b: Despair|Protect|p2b: Despair
|-singleturn|p2b: Despair|Protect
|move|p1a: Scizor|Bullet Punch|p2a: Murkrow
|-damage|p2a: Murkrow|0 fnt
|faint|p2a: Murkrow
|move|p1b: Rillaboom|Wood Hammer|p2b: Despair
|-activate|p2b: Despair|move: Protect
|
|-weather|Snowscape|[upkeep]
|-heal|p1a: Scizor|94/100|[from] Grassy Terrain
|upkeep
|
|t:|1756858418
|switch|p2a: Ninetales|Ninetales-Alola, L50, M, tera:Ghost|10/100
|turn|4
|
|t:|1756858443
|switch|p2a: Hope|Tatsugiri, L50, M|100/100
|-activate|p2a: Hope|ability: Commander|[of] p2b: Despair
|-boost|p2b: Despair|atk|2
|-boost|p2b: Despair|spa|2
|-boost|p2b: Despair|spe|2
|-boost|p2b: Despair|def|2
|-boost|p2b: Despair|spd|2
|move|p2b: Despair|Order Up|p1b: Rillaboom
|-damage|p1b: Rillaboom|57/100
|-boost|p2b: Despair|atk|1
|move|p1b: Rillaboom|Wood Hammer|p2b: Despair
|-supereffective|p2b: Despair
|-damage|p2b: Despair|58/100
|-damage|p1b: Rillaboom|39/100|[from] Recoil
|move|p1a: Scizor|Bug Bite|p2b: Despair
|-damage|p2b: Despair|47/100
|
|-weather|Snowscape|[upkeep]
|-heal|p2b: Despair|53/100|[from] Grassy Terrain
|-heal|p2b: Despair|60/100|[from] item: Leftovers
|-heal|p1b: Rillaboom|45/100|[from] Grassy Terrain
|-heal|p1a: Scizor|99/100|[from] Grassy Terrain
|upkeep
|turn|5
|inactive|Battle timer is ON: inactive players will automatically lose when time's up. (requested by MyJokerMoment)
|
|t:|1756858494
|move|p2b: Despair|Protect|p2b: Despair
|-singleturn|p2b: Despair|Protect
|move|p1b: Rillaboom|Wood Hammer|p2b: Despair
|-activate|p2b: Despair|move: Protect
|move|p1a: Scizor|Bug Bite|p2b: Despair
|-activate|p2b: Despair|move: Protect
|
|-weather|none
|-heal|p2b: Despair|66/100|[from] Grassy Terrain
|-heal|p2b: Despair|72/100|[from] item: Leftovers
|-heal|p1b: Rillaboom|51/100|[from] Grassy Terrain
|-heal|p1a: Scizor|100/100|[from] Grassy Terrain
|-sideend|p2: MyJokerMoment|move: Tailwind
|upkeep
|turn|6
|
|t:|1756858519
|move|p2b: Despair|Order Up|p1b: Rillaboom
|-damage|p1b: Rillaboom|0 fnt
|faint|p1b: Rillaboom
|-boost|p2b: Despair|atk|1
|move|p1a: Scizor|Swords Dance|p1a: Scizor
|-boost|p1a: Scizor|atk|2
|
|-heal|p2b: Despair|78/100|[from] Grassy Terrain
|-heal|p2b: Despair|84/100|[from] item: Leftovers
|-fieldend|move: Grassy Terrain
|upkeep
|
|t:|1756858540
|switch|p1b: Dragapult|Dragapult, L50, M|49/100
|turn|7
|
|t:|1756858553
|move|p1b: Dragapult|Will-O-Wisp|p2b: Despair
|-status|p2b: Despair|brn
|move|p2b: Despair|Order Up|p1b: Dragapult
|-supereffective|p1b: Dragapult
|-damage|p1b: Dragapult|0 fnt
|faint|p1b: Dragapult
|-boost|p2b: Despair|atk|1
|move|p1a: Scizor|Bug Bite|p2b: Despair
|-damage|p2b: Despair|72/100 brn
|
|-heal|p2b: Despair|78/100 brn|[from] item: Leftovers
|-damage|p2b: Despair|72/100 brn|[from] brn
|upkeep
|
|t:|1756858568
|switch|p1b: Ursaluna|Ursaluna-Bloodmoon, L50, M|100/100
|turn|8
|
|t:|1756858577
|move|p2b: Despair|Wave Crash|p1b: Ursaluna
|-supereffective|p1b: Ursaluna
|-damage|p1b: Ursaluna|0 fnt
|faint|p1b: Ursaluna
|-damage|p2b: Despair|41/100 brn|[from] Recoil
|move|p1a: Scizor|Bug Bite|p2b: Despair
|-damage|p2b: Despair|27/100 brn
|
|-heal|p2b: Despair|34/100 brn|[from] item: Leftovers
|-damage|p2b: Despair|27/100 brn|[from] brn
|-sideend|p2: MyJokerMoment|move: Aurora Veil
|upkeep
|turn|9
|-message|NotSnarkyMallard forfeited.
|
|win|MyJokerMoment
|l|☆NotSnarkyMallard
|player|p1|
|raw|NotSnarkyMallard's rating: 1040 → 1028(-12 for losing)
|raw|MyJokerMoment's rating: 1131 → 1150(+19 for winning)
