|j|☆ToastedArt
|j|☆igthbbbcryb
|html|ToastedArtigthbbbcryb    
|uhtml|bestof|Game 3 of a best-of-3
|t:|1784413957
|gametype|doubles
|player|p1|ToastedArt|iris|1125
|player|p2|igthbbbcryb|2|1000
|gen|9
|tier|[Gen 9 Champions] VGC 2026 Reg M-B (Bo3)
|rated|
|rule|Species Clause: Limit one of each Pokémon
|rule|Item Clause: Limit 1 of each item
|clearpoke
|poke|p1|Falinks, L50, shiny|
|poke|p1|Gholdengo, L50|
|poke|p1|Hydreigon, L50, M, shiny|
|poke|p1|Sneasler, L50, M|
|poke|p1|Talonflame, L50, F, shiny|
|poke|p1|Kingambit, L50, F|
|poke|p2|Clawitzer, L50, F, shiny|
|poke|p2|Incineroar, L50, F, shiny|
|poke|p2|Mawile, L50, F, shiny|
|poke|p2|Farigiraf, L50, M, shiny|
|poke|p2|Sinistcha, L50, shiny|
|poke|p2|Rotom-Wash, L50, shiny|
|teampreview|4
|showteam|p1|Falinks||Falinksite|Defiant|NoRetreat,BulkUp,CloseCombat,Protect|Careful|||||50|]Gholdengo||SpellTag|GoodasGold|MakeItRain,ShadowBall,NastyPlot,Protect|Modest|||||50|]Hydreigon||LifeOrb|Levitate|DracoMeteor,Snarl,EarthPower,DarkPulse|Modest||M|||50|]Sneasler||FocusSash|PoisonTouch|CloseCombat,PoisonJab,Coaching,FakeOut|Jolly||M|||50|]Talonflame||SharpBeak|GaleWings|BraveBird,Tailwind,Uturn,QuickGuard|Adamant||F|||50|]Kingambit||BlackGlasses|Defiant|KowtowCleave,SuckerPunch,SwordsDance,Protect|Adamant||F|||50|
|showteam|p2|Clawitzer||LifeOrb|MegaLauncher|WaterPulse,DarkPulse,AuraSphere,Protect|Modest||F|||50|]Incineroar||ChopleBerry|Intimidate|FakeOut,FlareBlitz,PartingShot,Protect|Impish||F|||50|]Mawile||Mawilite|HyperCutter|PlayRough,IronHead,SuckerPunch,Protect|Adamant||F|||50|]Farigiraf||SitrusBerry|ArmorTail|Psychic,TrickRoom,Protect,HelpingHand|Bold||M|||50|]Sinistcha||KasibBerry|Hospitality|TrickRoom,MatchaGotcha,LifeDew,RagePowder|Calm|||||50|]Rotom-Wash||Leftovers|Levitate|WillOWisp,Thunderbolt,VoltSwitch,HydroPump|Calm|||||50|
|inactive|Battle timer is ON: inactive players will automatically lose when time's up. (requested by ToastedArt)
|inactive|ToastedArt has 60 seconds left.
|inactive|igthbbbcryb has 60 seconds left.
|inactive|ToastedArt has 30 seconds left.
|
|t:|1784414023
|teamsize|p1|4
|teamsize|p2|4
|start
|switch|p1a: Sneasler|Sneasler, L50, M|100/100
|switch|p1b: Falinks|Falinks, L50, shiny|100/100
|switch|p2a: Clawitzer|Clawitzer, L50, F, shiny|100/100
|switch|p2b: Farigiraf|Farigiraf, L50, M, shiny|100/100
|turn|1
|inactive|ToastedArt has 30 seconds left.
|inactive|ToastedArt has 20 seconds left.
|
|t:|1784414058
|switch|p1b: Kingambit|Kingambit, L50, F|100/100
|switch|p2a: Rotom|Rotom-Wash, L50, shiny|100/100
|move|p1a: Sneasler|Close Combat|p2b: Farigiraf
|-damage|p2b: Farigiraf|45/100
|-unboost|p1a: Sneasler|def|1
|-unboost|p1a: Sneasler|spd|1
|-status|p2b: Farigiraf|psn|[from] ability: Poison Touch|[of] p1a: Sneasler
|-enditem|p2b: Farigiraf|Sitrus Berry|[eat]
|-heal|p2b: Farigiraf|70/100 psn|[from] item: Sitrus Berry
|move|p2b: Farigiraf|Psychic|p1a: Sneasler
|-supereffective|p1a: Sneasler|2
|-enditem|p1a: Sneasler|Focus Sash
|-damage|p1a: Sneasler|1/100
|-unboost|p1a: Sneasler|spd|1
|
|-damage|p2b: Farigiraf|58/100 psn|[from] psn
|upkeep
|turn|2
|inactive|igthbbbcryb has 30 seconds left.
|
|t:|1784414093
|move|p1b: Kingambit|Protect|p1b: Kingambit
|-singleturn|p1b: Kingambit|Protect
|move|p1a: Sneasler|Coaching|p1b: Kingambit
|-boost|p1b: Kingambit|atk|1
|-boost|p1b: Kingambit|def|1
|move|p2a: Rotom|Volt Switch|p1a: Sneasler
|-damage|p1a: Sneasler|0 fnt
|faint|p1a: Sneasler
|
|t:|1784414103
|switch|p2a: Clawitzer|Clawitzer, L50, F, shiny|100/100|[from] Volt Switch
|move|p2b: Farigiraf|Trick Room|p2b: Farigiraf
|-fieldstart|move: Trick Room|[of] p2b: Farigiraf
|
|-damage|p2b: Farigiraf|45/100 psn|[from] psn
|upkeep
|
|t:|1784414108
|switch|p1a: Gholdengo|Gholdengo, L50|100/100
|turn|3
|
|t:|1784414119
|switch|p2b: Rotom|Rotom-Wash, L50, shiny|100/100
|move|p1b: Kingambit|Kowtow Cleave|p2a: Clawitzer
|-damage|p2a: Clawitzer|1/100
|move|p2a: Clawitzer|Aura Sphere|p1b: Kingambit
|-supereffective|p1b: Kingambit|2
|-damage|p1b: Kingambit|0 fnt
|faint|p1b: Kingambit
|-damage|p2a: Clawitzer|0 fnt|[from] item: Life Orb
|faint|p2a: Clawitzer
|move|p1a: Gholdengo|Nasty Plot|p1a: Gholdengo
|-boost|p1a: Gholdengo|spa|2
|
|upkeep
|
|t:|1784414135
|switch|p1b: Falinks|Falinks, L50, shiny|100/100
|switch|p2a: Incineroar|Incineroar, L50, F, shiny|100/100
|-ability|p2a: Incineroar|Intimidate|boost
|-unboost|p1a: Gholdengo|atk|1
|-unboost|p1b: Falinks|atk|1
|-ability|p1b: Falinks|Defiant|boost
|-boost|p1b: Falinks|atk|2
|turn|4
|
|t:|1784414152
|detailschange|p1b: Falinks|Falinks-Mega, L50, shiny
|-mega|p1b: Falinks|Falinks|Falinksite
|move|p1a: Gholdengo|Protect|p1a: Gholdengo
|-singleturn|p1a: Gholdengo|Protect
|move|p1b: Falinks|Protect|p1b: Falinks
|-singleturn|p1b: Falinks|Protect
|move|p2a: Incineroar|Fake Out|p1a: Gholdengo
|-activate|p1a: Gholdengo|move: Protect
|move|p2b: Rotom|Will-O-Wisp|p1b: Falinks
|-activate|p1b: Falinks|move: Protect
|
|upkeep
|turn|5
|
|t:|1784414169
|move|p2a: Incineroar|Flare Blitz|p1a: Gholdengo
|-supereffective|p1a: Gholdengo|1
|-damage|p1a: Gholdengo|1/100
|-damage|p2a: Incineroar|73/100|[from] Recoil
|move|p2b: Rotom|Will-O-Wisp|p1b: Falinks
|-status|p1b: Falinks|brn
|move|p1a: Gholdengo|Shadow Ball|p2b: Rotom
|-damage|p2b: Rotom|0 fnt
|faint|p2b: Rotom
|move|p1b: Falinks|No Retreat|p1b: Falinks
|-boost|p1b: Falinks|atk|1
|-boost|p1b: Falinks|def|1
|-boost|p1b: Falinks|spa|1
|-boost|p1b: Falinks|spd|1
|-boost|p1b: Falinks|spe|1
|-start|p1b: Falinks|move: No Retreat
|
|-damage|p1b: Falinks|94/100 brn|[from] brn
|upkeep
|
|t:|1784414186
|switch|p2b: Farigiraf|Farigiraf, L50, M, shiny|45/100 psn
|turn|6
|
|t:|1784414200
|move|p1a: Gholdengo|Protect|p1a: Gholdengo
|-singleturn|p1a: Gholdengo|Protect
|move|p1b: Falinks|Protect|p1b: Falinks
|-singleturn|p1b: Falinks|Protect
|move|p2a: Incineroar|Flare Blitz|p1b: Falinks
|-activate|p1b: Falinks|move: Protect
|move|p2b: Farigiraf|Psychic|p1a: Gholdengo
|-activate|p1a: Gholdengo|move: Protect
|
|-damage|p2b: Farigiraf|33/100 psn|[from] psn
|-damage|p1b: Falinks|88/100 brn|[from] brn
|-fieldend|move: Trick Room
|upkeep
|turn|7
|
|t:|1784414221
|move|p1b: Falinks|Bulk Up|p1b: Falinks
|-boost|p1b: Falinks|atk|1
|-boost|p1b: Falinks|def|1
|move|p1a: Gholdengo|Make It Rain|p2b: Farigiraf|[spread] p2a,p2b
|-resisted|p2a: Incineroar|1
|-damage|p2a: Incineroar|30/100
|-damage|p2b: Farigiraf|0 fnt
|-unboost|p1a: Gholdengo|spa|2
|faint|p2b: Farigiraf
|move|p2a: Incineroar|Flare Blitz|p1b: Falinks
|-damage|p1b: Falinks|66/100 brn
|-damage|p2a: Incineroar|25/100|[from] Recoil
|
|-damage|p1b: Falinks|60/100 brn|[from] brn
|upkeep
|turn|8
|-message|igthbbbcryb forfeited.
|
|win|ToastedArt
|raw|ToastedArt's rating: 1125 → 1144(+19 for winning)
|raw|igthbbbcryb's rating: 1043 → 1030(-13 for losing)
