|j|☆DomDaBomb886
|j|☆Starbai
|html|DomDaBomb886Starbai    
|uhtml|bestof|Game 2 of a best-of-3
|t:|1756754491
|gametype|doubles
|player|p1|DomDaBomb886|169|1278
|player|p2|Starbai|acetrainer-gen4dp|1351
|gen|9
|tier|[Gen 9] VGC 2025 Reg H (Bo3)
|rated|
|rule|Species Clause: Limit one of each Pokémon
|rule|Item Clause: Limit 1 of each item
|clearpoke
|poke|p1|Archaludon, L50, M|
|poke|p1|Pelipper, L50, F|
|poke|p1|Dragonite, L50, F|
|poke|p1|Sinistcha, L50|
|poke|p1|Ursaluna, L50, F|
|poke|p1|Incineroar, L50, F|
|poke|p2|Dragonite, L50, F|
|poke|p2|Volcarona, L50, F|
|poke|p2|Kingambit, L50, M|
|poke|p2|Sneasler, L50, F|
|poke|p2|Electabuzz, L50, M|
|poke|p2|Rillaboom, L50, M|
|teampreview|4
|showteam|p1|Archaludon||AssaultVest|Stamina|FlashCannon,ElectroShot,Snarl,BodyPress|||M|||50|,,,,,Bug]Pelipper||FocusSash|Drizzle|Protect,WeatherBall,Hurricane,Tailwind|||F|||50|,,,,,Ghost]Dragonite||LoadedDice|Multiscale|Protect,ScaleShot,ExtremeSpeed,Haze|||F|||50|,,,,,Fairy]Sinistcha||SitrusBerry|Hospitality|MatchaGotcha,RagePowder,LifeDew,TrickRoom||||||50|,,,,,Dark]Ursaluna||FlameOrb|Guts|Protect,HeadlongRush,Facade,Earthquake|||F|||50|,,,,,Ghost]Incineroar||SafetyGoggles|Intimidate|KnockOff,FakeOut,PartingShot,Taunt|||F|||50|,,,,,Ghost
|showteam|p2|Dragonite||LoadedDice|Multiscale|ScaleShot,ExtremeSpeed,Haze,Protect|||F|||50|,,,,,Normal]Volcarona||CovertCloak|FlameBody|HeatWave,TeraBlast,QuiverDance,Protect|||F|||50|,,,,,Fairy]Kingambit||BlackGlasses|Defiant|KowtowCleave,SuckerPunch,SwordsDance,Protect|||M|||50|,,,,,Dark]Sneasler||FocusSash|Unburden|CloseCombat,DireClaw,FakeOut,Coaching|||F|||50|,,,,,Stellar]Electabuzz||Eviolite|VitalSpirit|Thunderbolt,FollowMe,Taunt,Protect|||M|||50|,,,,,Ghost]Rillaboom||AssaultVest|GrassySurge|WoodHammer,GrassyGlide,FakeOut,HighHorsepower|||M|||50|,,,,,Fire
|inactive|Battle timer is ON: inactive players will automatically lose when time's up. (requested by DomDaBomb886)
|inactive|Starbai has 60 seconds left.
|
|t:|1756754549
|teamsize|p1|4
|teamsize|p2|4
|start
|switch|p1a: Dragonite|Dragonite, L50, F|100/100
|switch|p1b: Archaludon|Archaludon, L50, M|100/100
|switch|p2a: Sneasler|Sneasler, L50, F|100/100
|switch|p2b: Volcarona|Volcarona, L50, F|100/100
|turn|1
|inactive|DomDaBomb886 has 30 seconds left.
|inactive|Starbai has 30 seconds left.
|inactive|Starbai has 20 seconds left.
|
|t:|1756754584
|-terastallize|p2b: Volcarona|Fairy
|move|p2a: Sneasler|Fake Out|p1a: Dragonite
|-crit|p1a: Dragonite
|-damage|p1a: Dragonite|89/100
|move|p2b: Volcarona|Quiver Dance|p2b: Volcarona
|-boost|p2b: Volcarona|spa|1
|-boost|p2b: Volcarona|spd|1
|-boost|p2b: Volcarona|spe|1
|cant|p1a: Dragonite|flinch
|move|p1b: Archaludon|Flash Cannon|p2a: Sneasler
|-damage|p2a: Sneasler|52/100
|
|upkeep
|turn|2
|
|t:|1756754606
|switch|p1a: Pelipper|Pelipper, L50, F|100/100
|-weather|RainDance|[from] ability: Drizzle|[of] p1a: Pelipper
|move|p2b: Volcarona|Tera Blast|p1a: Pelipper|[anim] Tera Blast Fairy
|-enditem|p1a: Pelipper|Focus Sash
|-damage|p1a: Pelipper|1/100
|move|p2a: Sneasler|Dire Claw|p1a: Pelipper
|-damage|p1a: Pelipper|0 fnt
|faint|p1a: Pelipper
|move|p1b: Archaludon|Electro Shot||[still]
|-prepare|p1b: Archaludon|Electro Shot
|-boost|p1b: Archaludon|spa|1
|-anim|p1b: Archaludon|Electro Shot|p2a: Sneasler
|-damage|p2a: Sneasler|0 fnt
|faint|p2a: Sneasler
|
|-weather|RainDance|[upkeep]
|upkeep
|
|t:|1756754629
|switch|p2a: Electabuzz|Electabuzz, L50, M|100/100
|switch|p1a: Sinistcha|Sinistcha, L50|100/100
|turn|3
|
|t:|1756754638
|move|p2b: Volcarona|Quiver Dance|p2b: Volcarona
|-boost|p2b: Volcarona|spa|1
|-boost|p2b: Volcarona|spd|1
|-boost|p2b: Volcarona|spe|1
|move|p2a: Electabuzz|Taunt|p1a: Sinistcha
|-start|p1a: Sinistcha|move: Taunt
|move|p1b: Archaludon|Electro Shot||[still]
|-prepare|p1b: Archaludon|Electro Shot
|-boost|p1b: Archaludon|spa|1
|-anim|p1b: Archaludon|Electro Shot|p2b: Volcarona
|-damage|p2b: Volcarona|66/100
|cant|p1a: Sinistcha|move: Taunt|Trick Room
|
|-weather|RainDance|[upkeep]
|upkeep
|turn|4
|
|t:|1756754653
|switch|p1a: Dragonite|Dragonite, L50, F|89/100
|move|p2a: Electabuzz|Follow Me|p2a: Electabuzz
|-singleturn|p2a: Electabuzz|move: Follow Me
|move|p2b: Volcarona|Quiver Dance|p2b: Volcarona
|-boost|p2b: Volcarona|spa|1
|-boost|p2b: Volcarona|spd|1
|-boost|p2b: Volcarona|spe|1
|move|p1b: Archaludon|Flash Cannon|p2a: Electabuzz
|-resisted|p2a: Electabuzz
|-damage|p2a: Electabuzz|74/100
|
|-weather|RainDance|[upkeep]
|upkeep
|turn|5
|
|t:|1756754670
|-terastallize|p1a: Dragonite|Fairy
|move|p2b: Volcarona|Tera Blast|p1b: Archaludon|[anim] Tera Blast Fairy
|-damage|p1b: Archaludon|31/100
|-ability|p1b: Archaludon|Stamina|boost
|-boost|p1b: Archaludon|def|1
|move|p2a: Electabuzz|Taunt|p1a: Dragonite
|-start|p1a: Dragonite|move: Taunt
|cant|p1a: Dragonite|move: Taunt|Haze
|move|p1b: Archaludon|Electro Shot||[still]
|-prepare|p1b: Archaludon|Electro Shot
|-boost|p1b: Archaludon|spa|1
|-anim|p1b: Archaludon|Electro Shot|p2b: Volcarona
|-damage|p2b: Volcarona|35/100
|
|-weather|RainDance|[upkeep]
|upkeep
|turn|6
|
|t:|1756754690
|move|p2a: Electabuzz|Follow Me|p2a: Electabuzz
|-singleturn|p2a: Electabuzz|move: Follow Me
|move|p1a: Dragonite|Extreme Speed|p2a: Electabuzz
|-damage|p2a: Electabuzz|45/100
|move|p2b: Volcarona|Tera Blast|p1b: Archaludon|[anim] Tera Blast Fairy
|-damage|p1b: Archaludon|0 fnt
|faint|p1b: Archaludon
|
|-weather|none
|upkeep
|-message|DomDaBomb886 forfeited.
|
|win|Starbai
|l|☆DomDaBomb886
|player|p1|
||DomDaBomb886 is ready for game 3.
||Starbai is ready for game 3.
|uhtml|next|Next: Game 3 of 3
