|j|☆The Bradicus
|j|☆abgesaftet
|html|The Bradicusabgesaftet    
|uhtml|bestof|Game 1 of a best-of-3
|t:|1785793985
|gametype|doubles
|player|p1|The Bradicus|richboy-gen6xy|1278
|player|p2|abgesaftet|ballguy|1416
|gen|9
|tier|[Gen 9 Champions] VGC 2026 Reg M-B (Bo3)
|rated|
|rule|Species Clause: Limit one of each Pokémon
|rule|Item Clause: Limit 1 of each item
|clearpoke
|poke|p1|Glimmora, L50, F|
|poke|p1|Chesnaught, L50, M|
|poke|p1|Farigiraf, L50, F|
|poke|p1|Ninetales-Alola, L50, F|
|poke|p1|Whimsicott, L50, F|
|poke|p1|Typhlosion, L50, F|
|poke|p2|Sneasler, L50, F|
|poke|p2|Sinistcha, L50|
|poke|p2|Incineroar, L50, M|
|poke|p2|Kingambit, L50, M|
|poke|p2|Delphox, L50, M|
|poke|p2|Blastoise, L50, F|
|teampreview|4
|showteam|p1|Glimmora||Glimmoranite|ToxicDebris|SludgeBomb,PowerGem,EarthPower,SpikyShield|Timid||F|||50|]Chesnaught||Chesnaughtite|Bulletproof|BodyPress,WoodHammer,WideGuard,SpikyShield|Relaxed||M|||50|]Farigiraf||Leftovers|ArmorTail|HyperVoice,TwinBeam,TrickRoom,Protect|Bold||F|||50|]Ninetales-Alola||NeverMeltIce|SnowWarning|Blizzard,FreezeDry,Moonblast,Protect|Timid||F|||50|]Whimsicott||FocusSash|Prankster|Moonblast,SunnyDay,Tailwind,Protect|Bold||F|||50|]Typhlosion||Charcoal|FlashFire|Eruption,Flamethrower,SolarBeam,Protect|Modest||F|||50|
|showteam|p2|Sneasler||FocusSash|PoisonTouch|FakeOut,CloseCombat,PoisonJab,QuickGuard|Jolly||F|||50|]Sinistcha||OccaBerry|Hospitality|MatchaGotcha,RagePowder,TrickRoom,Protect|Bold|||||50|]Incineroar||SitrusBerry|Intimidate|FakeOut,FlareBlitz,ThroatChop,PartingShot|Careful||M|||50|]Kingambit||LifeOrb|Defiant|KowtowCleave,SuckerPunch,SwordsDance,Protect|Adamant||M|||50|]Delphox||Delphoxite|Blaze|HeatWave,Psychic,NastyPlot,Protect|Timid||M|||50|]Blastoise||Blastoisinite|RainDish|WaterSpout,DarkPulse,ShellSmash,Protect|Modest||F|||50|
|inactive|Battle timer is ON: inactive players will automatically lose when time's up. (requested by The Bradicus)
|inactive|abgesaftet has 60 seconds left.
|inactive|abgesaftet has 30 seconds left.
|
|t:|1785794047
|teamsize|p1|4
|teamsize|p2|4
|start
|switch|p1a: Glimmora|Glimmora, L50, F|100/100
|switch|p1b: Whimsicott|Whimsicott, L50, F|100/100
|switch|p2a: Blastoise|Blastoise, L50, F|100/100
|switch|p2b: Sneasler|Sneasler, L50, F|100/100
|turn|1
|
|t:|1785794066
|switch|p1b: Farigiraf|Farigiraf, L50, F|100/100
|detailschange|p1a: Glimmora|Glimmora-Mega, L50, F
|-mega|p1a: Glimmora|Glimmora|Glimmoranite
|detailschange|p2a: Blastoise|Blastoise-Mega, L50, F
|-mega|p2a: Blastoise|Blastoise|Blastoisinite
|move|p2b: Sneasler|Poison Jab|p1b: Farigiraf
|-damage|p1b: Farigiraf|65/100
|-status|p1b: Farigiraf|psn|[from] ability: Poison Touch|[of] p2b: Sneasler
|move|p1a: Glimmora|Sludge Bomb|p2a: Blastoise
|-damage|p2a: Blastoise|32/100
|move|p2a: Blastoise|Water Spout|p1b: Farigiraf|[spread] p1a,p1b
|-supereffective|p1a: Glimmora|1
|-damage|p1a: Glimmora|53/100
|-damage|p1b: Farigiraf|45/100 psn
|
|-heal|p1b: Farigiraf|51/100 psn|[from] item: Leftovers
|-damage|p1b: Farigiraf|39/100 psn|[from] psn
|upkeep
|turn|2
|
|t:|1785794088
|move|p2b: Sneasler|Close Combat|p1a: Glimmora
|-damage|p1a: Glimmora|0 fnt
|-unboost|p2b: Sneasler|def|1
|-unboost|p2b: Sneasler|spd|1
|faint|p1a: Glimmora
|move|p2a: Blastoise|Dark Pulse|p1b: Farigiraf
|-supereffective|p1b: Farigiraf|1
|-damage|p1b: Farigiraf|0 fnt
|faint|p1b: Farigiraf
|
|upkeep
|
|t:|1785794091
|switch|p1a: Whimsicott|Whimsicott, L50, F|100/100
|switch|p1b: Typhlosion|Typhlosion, L50, F|100/100
|turn|3
|
|t:|1785794107
|switch|p2a: Incineroar|Incineroar, L50, M|100/100
|-ability|p2a: Incineroar|Intimidate|boost
|-unboost|p1a: Whimsicott|atk|1
|-unboost|p1b: Typhlosion|atk|1
|move|p1a: Whimsicott|Sunny Day|p1a: Whimsicott
|-weather|SunnyDay
|move|p2b: Sneasler|Poison Jab|p1a: Whimsicott
|-supereffective|p1a: Whimsicott|2
|-enditem|p1a: Whimsicott|Focus Sash
|-damage|p1a: Whimsicott|1/100
|-status|p1a: Whimsicott|psn
|move|p1b: Typhlosion|Eruption|p2a: Incineroar|[spread] p2a,p2b
|-resisted|p2a: Incineroar|1
|-damage|p2a: Incineroar|58/100
|-enditem|p2b: Sneasler|Focus Sash
|-damage|p2b: Sneasler|1/100
|
|-weather|SunnyDay|[upkeep]
|-damage|p1a: Whimsicott|0 fnt|[from] psn
|faint|p1a: Whimsicott
|upkeep
|turn|4
|
|t:|1785794119
|move|p1b: Typhlosion|Protect|p1b: Typhlosion
|-singleturn|p1b: Typhlosion|Protect
|move|p2a: Incineroar|Fake Out|p1b: Typhlosion
|-activate|p1b: Typhlosion|move: Protect
|move|p2b: Sneasler|Close Combat|p1b: Typhlosion
|-activate|p1b: Typhlosion|move: Protect
|
|-weather|SunnyDay|[upkeep]
|upkeep
|turn|5
|
|t:|1785794124
|move|p2b: Sneasler|Close Combat|p1b: Typhlosion
|-damage|p1b: Typhlosion|14/100
|-unboost|p2b: Sneasler|def|1
|-unboost|p2b: Sneasler|spd|1
|-status|p1b: Typhlosion|psn|[from] ability: Poison Touch|[of] p2b: Sneasler
|move|p1b: Typhlosion|Eruption|p2a: Incineroar|[spread] p2a,p2b
|-resisted|p2a: Incineroar|1
|-damage|p2a: Incineroar|52/100
|-damage|p2b: Sneasler|0 fnt
|faint|p2b: Sneasler
|move|p2a: Incineroar|Flare Blitz|p1b: Typhlosion
|-start|p1b: Typhlosion|ability: Flash Fire
|
|-weather|SunnyDay|[upkeep]
|-damage|p1b: Typhlosion|1/100 psn|[from] psn
|upkeep
|
|t:|1785794128
|switch|p2b: Blastoise|Blastoise-Mega, L50, F|32/100
|turn|6
|
|t:|1785794131
|move|p1b: Typhlosion|Solar Beam||[still]
|-prepare|p1b: Typhlosion|Solar Beam
|-anim|p1b: Typhlosion|Solar Beam|p2b: Blastoise
|-supereffective|p2b: Blastoise|1
|-damage|p2b: Blastoise|0 fnt
|faint|p2b: Blastoise
|move|p2a: Incineroar|Flare Blitz|p1b: Typhlosion
|-immune|p1b: Typhlosion|[from] ability: Flash Fire
|
|-weather|SunnyDay|[upkeep]
|-damage|p1b: Typhlosion|0 fnt|[from] psn
|faint|p1b: Typhlosion
|
|win|abgesaftet
||abgesaftet is ready for game 2.
||abgesaftet is ready for game 2.
||The Bradicus is ready for game 2.
|uhtml|next|Next: Game 2 of 3
