|j|☆Nidokingdra
|j|☆colemarcusvgc
|html|Nidokingdracolemarcusvgc    
|uhtml|bestof|Game 3 of a best-of-3
|t:|1757644590
|gametype|doubles
|player|p1|Nidokingdra|1|1014
|player|p2|colemarcusvgc|n|1031
|gen|9
|tier|[Gen 9] VGC 2025 Reg H (Bo3)
|rated|
|rule|Species Clause: Limit one of each Pokémon
|rule|Item Clause: Limit 1 of each item
|clearpoke
|poke|p1|Kingambit, L50, M|
|poke|p1|Pelipper, L50, M|
|poke|p1|Basculegion-F, L50, F|
|poke|p1|Rillaboom, L50, M|
|poke|p1|Electabuzz, L50, F|
|poke|p1|Gardevoir, L50, M|
|poke|p2|Indeedee-F, L50, F|
|poke|p2|Hatterene, L50, F|
|poke|p2|Gallade, L50, M|
|poke|p2|Ursaluna, L50, M|
|poke|p2|Torkoal, L50, F|
|poke|p2|Zoroark-Hisui, L50, F|
|teampreview|4
|showteam|p1|Kingambit||BlackGlasses|Defiant|SuckerPunch,Protect,IronHead,KowtowCleave|||M|||50|,,,,,Dark]Pelipper||FocusSash|Drizzle|Hurricane,WideGuard,WeatherBall,Protect|||M|||50|,,,,,Ground]Basculegion-F||LifeOrb|SwiftSwim|MuddyWater,FlipTurn,ShadowBall,Protect|||F|||50|,,,,,Water]Rillaboom||AssaultVest|GrassySurge|FakeOut,Uturn,GrassyGlide,HighHorsepower|||M|||50|,,,,,Fire]Electabuzz||Eviolite|VitalSpirit|FollowMe,Taunt,HelpingHand,Thunderbolt|||F|||50|,,,,,Ghost]Gardevoir||Leftovers|Trace|CalmMind,DazzlingGleam,Psychic,Protect|||M|||50|,,,,,Fairy
|showteam|p2|Indeedee-F||PsychicSeed|PsychicSurge|TrickRoom,FollowMe,HelpingHand,DazzlingGleam|||F|||50|,,,,,Fire]Hatterene||TwistedSpoon|MagicBounce|ExpandingForce,TrickRoom,DazzlingGleam,Protect|||F|||50|,,,,,Water]Gallade||ClearAmulet|Sharpness|SacredSword,PsychoCut,TrickRoom,WideGuard|||M|||50|,,,,,Grass]Ursaluna||FlameOrb|Guts|HeadlongRush,Facade,Earthquake,Protect|||M|||50|,,,,,Ghost]Torkoal||ChoiceSpecs|Drought|Eruption,HeatWave,WeatherBall,EarthPower|||F|||50|,,,,,Fire]Zoroark-Hisui||FocusSash|Illusion|HyperVoice,BitterMalice,Snarl,Taunt|||F|||50|,,,,,Stellar
|inactive|Battle timer is ON: inactive players will automatically lose when time's up. (requested by colemarcusvgc)
|inactive|colemarcusvgc has 60 seconds left.
|
|t:|1757644661
|teamsize|p1|4
|teamsize|p2|4
|start
|switch|p1a: Rillaboom|Rillaboom, L50, M|100/100
|switch|p1b: Kingambit|Kingambit, L50, M|100/100
|switch|p2a: Indeedee|Indeedee-F, L50, F|100/100
|switch|p2b: Gallade|Gallade, L50, M|100/100
|-fieldstart|move: Grassy Terrain|[from] ability: Grassy Surge|[of] p1a: Rillaboom
|-fieldstart|move: Psychic Terrain|[from] ability: Psychic Surge|[of] p2a: Indeedee
|-enditem|p2a: Indeedee|Psychic Seed
|-boost|p2a: Indeedee|spd|1|[from] item: Psychic Seed
|turn|1
|inactive|Nidokingdra has 30 seconds left.
|inactive|colemarcusvgc has 30 seconds left.
|
|t:|1757644693
|-terastallize|p2b: Gallade|Grass
|move|p1b: Kingambit|Protect|p1b: Kingambit
|-singleturn|p1b: Kingambit|Protect
|move|p1a: Rillaboom|U-turn|p2a: Indeedee
|-supereffective|p2a: Indeedee
|-damage|p2a: Indeedee|53/100
|
|t:|1757644699
|switch|p1a: Pelipper|Pelipper, L50, M|100/100|[from] U-turn
|-weather|RainDance|[from] ability: Drizzle|[of] p1a: Pelipper
|move|p2b: Gallade|Sacred Sword|p1b: Kingambit
|-activate|p1b: Kingambit|move: Protect
|move|p2a: Indeedee|Trick Room|p2a: Indeedee
|-fieldstart|move: Trick Room|[of] p2a: Indeedee
|
|-weather|RainDance|[upkeep]
|upkeep
|turn|2
|
|t:|1757644719
|switch|p1b: Rillaboom|Rillaboom, L50, M|100/100
|-fieldstart|move: Grassy Terrain|[from] ability: Grassy Surge|[of] p1b: Rillaboom
|switch|p2a: Torkoal|Torkoal, L50, F|100/100
|-weather|SunnyDay|[from] ability: Drought|[of] p2a: Torkoal
|move|p2b: Gallade|Sacred Sword|p1b: Rillaboom
|-damage|p1b: Rillaboom|30/100
|move|p1a: Pelipper|Hurricane|p2b: Gallade|[miss]
|-miss|p1a: Pelipper|p2b: Gallade
|
|-weather|SunnyDay|[upkeep]
|-heal|p1b: Rillaboom|36/100|[from] Grassy Terrain
|upkeep
|turn|3
|
|t:|1757644741
|switch|p2a: Indeedee|Indeedee-F, L50, F|53/100
|-fieldstart|move: Psychic Terrain|[from] ability: Psychic Surge|[of] p2a: Indeedee
|move|p1b: Rillaboom|Fake Out|p2a: Indeedee
|-activate|p2a: Indeedee|move: Psychic Terrain
|move|p2b: Gallade|Sacred Sword|p1b: Rillaboom
|-damage|p1b: Rillaboom|0 fnt
|faint|p1b: Rillaboom
|move|p1a: Pelipper|Weather Ball|p2b: Gallade
|-supereffective|p2b: Gallade
|-damage|p2b: Gallade|41/100
|
|-weather|SunnyDay|[upkeep]
|upkeep
|
|t:|1757644753
|switch|p1b: Kingambit|Kingambit, L50, M|100/100
|turn|4
|
|t:|1757644778
|switch|p2a: Ursaluna|Ursaluna, L50, M|100/100
|move|p1b: Kingambit|Protect|p1b: Kingambit
|-singleturn|p1b: Kingambit|Protect
|move|p2b: Gallade|Psycho Cut|p1a: Pelipper
|-damage|p1a: Pelipper|46/100
|move|p1a: Pelipper|Weather Ball|p2b: Gallade
|-supereffective|p2b: Gallade
|-damage|p2b: Gallade|0 fnt
|faint|p2b: Gallade
|
|-weather|SunnyDay|[upkeep]
|-status|p2a: Ursaluna|brn|[from] item: Flame Orb
|upkeep
|
|t:|1757644793
|switch|p2b: Indeedee|Indeedee-F, L50, F|53/100
|turn|5
|
|t:|1757644807
|switch|p1a: Basculegion|Basculegion-F, L50, F|100/100
|-terastallize|p1b: Kingambit|Dark
|move|p2b: Indeedee|Follow Me|p2b: Indeedee
|-singleturn|p2b: Indeedee|move: Follow Me
|move|p2a: Ursaluna|Facade|p1b: Kingambit
|-damage|p1b: Kingambit|7/100
|move|p1b: Kingambit|Kowtow Cleave|p2b: Indeedee
|-supereffective|p2b: Indeedee
|-damage|p2b: Indeedee|0 fnt
|faint|p2b: Indeedee
|
|-weather|SunnyDay|[upkeep]
|-damage|p2a: Ursaluna|95/100 brn|[from] brn
|-fieldend|move: Trick Room
|upkeep
|
|t:|1757644821
|switch|p2b: Torkoal|Torkoal, L50, F|100/100
|turn|6
|
|t:|1757644833
|switch|p1b: Pelipper|Pelipper, L50, M|46/100
|-weather|RainDance|[from] ability: Drizzle|[of] p1b: Pelipper
|move|p1a: Basculegion|Muddy Water|p2a: Ursaluna|[spread] p2a,p2b
|-supereffective|p2a: Ursaluna
|-supereffective|p2b: Torkoal
|-damage|p2a: Ursaluna|0 fnt
|-damage|p2b: Torkoal|0 fnt
|faint|p2a: Ursaluna
|faint|p2b: Torkoal
|-damage|p1a: Basculegion|91/100|[from] item: Life Orb
|
|win|Nidokingdra
|raw|Nidokingdra's rating: 1014 → 1054(+40 for winning)
|raw|colemarcusvgc's rating: 1031 → 1016(-15 for losing)
