|j|☆DrXJ13
|j|☆kurapikt07
|html|DrXJ13kurapikt07    
|uhtml|bestof|Game 2 of a best-of-3
|t:|1757244547
|gametype|doubles
|player|p1|DrXJ13|2|1161
|player|p2|kurapikt07|pokemonbreeder-gen4|1000
|gen|9
|tier|[Gen 9] VGC 2025 Reg H (Bo3)
|rated|
|rule|Species Clause: Limit one of each Pokémon
|rule|Item Clause: Limit 1 of each item
|clearpoke
|poke|p1|Sinistcha, L50|
|poke|p1|Ursaluna-Bloodmoon, L50, M|
|poke|p1|Incineroar, L50, M|
|poke|p1|Sneasler, L50, M|
|poke|p1|Dragonite, L50, M|
|poke|p1|Corviknight, L50, M|
|poke|p2|Meowscarada, L50, F|
|poke|p2|Dunsparce, L50, F|
|poke|p2|Talonflame, L50, F|
|poke|p2|Crabominable, L50, M|
|poke|p2|Froslass, L50, F|
|poke|p2|Tauros-Paldea-Blaze, L50, M|
|teampreview|4
|showteam|p1|Sinistcha||RockyHelmet|Hospitality|MatchaGotcha,ShadowBall,TrickRoom,RagePowder||||||50|,,,,,Water]Ursaluna-Bloodmoon||Leftovers|MindsEye|HyperVoice,EarthPower,CalmMind,Protect|||M|||50|,,,,,Water]Incineroar||SafetyGoggles|Intimidate|FakeOut,KnockOff,FlareBlitz,PartingShot|||M|||50|,,,,,Ghost]Sneasler||FocusSash|Unburden|Coaching,DireClaw,CloseCombat,Protect|||M|||50|,,,,,Stellar]Dragonite||LoadedDice|Multiscale|ScaleShot,ExtremeSpeed,Haze,Protect|||M|||50|,,,,,Fairy]Corviknight||CovertCloak|MirrorArmor|DualWingbeat,Tailwind,IronHead,Taunt|||M|||50|,,,,,Dragon
|showteam|p2|Meowscarada||FocusSash|Overgrow|FlowerTrick,TrickRoom,Taunt,PollenPuff|||F|||50|,,,,,Flying]Dunsparce||Eviolite|SereneGrace|AncientPower,Roost,HyperDrill,PsychUp|||F|||50|,,,,,Flying]Talonflame||EjectButton|GaleWings|BraveBird,UpperHand,Tailwind,Taunt|||F|||50|,,,,,Ghost]Crabominable||SitrusBerry|AngerPoint|DrainPunch,UpperHand,KnockOff,WideGuard|||M|||50|,,,,,Dark]Froslass||WideLens|SnowCloak|FrostBreath,Snowscape,AuroraVeil,Blizzard|||F|||50|,,,,,Ice]Tauros-Paldea-Blaze||SafetyGoggles|AngerPoint|Earthquake,RockSlide,Protect,RagingBull|||M|||50|,,,,,Dark
|inactive|Battle timer is ON: inactive players will automatically lose when time's up. (requested by DrXJ13)
|
|t:|1757244573
|teamsize|p1|4
|teamsize|p2|4
|start
|switch|p1a: Tuex|Sneasler, L50, M|100/100
|switch|p1b: Onichan|Dragonite, L50, M|100/100
|switch|p2a: Talonflame|Talonflame, L50, F|100/100
|switch|p2b: Tauros|Tauros-Paldea-Blaze, L50, M|100/100
|turn|1
|
|t:|1757244584
|-terastallize|p2a: Talonflame|Ghost
|move|p2b: Tauros|Protect|p2b: Tauros
|-singleturn|p2b: Tauros|Protect
|move|p2a: Talonflame|Tailwind|p2a: Talonflame
|-sidestart|p2: kurapikt07|move: Tailwind
|move|p1a: Tuex|Coaching|p1b: Onichan
|-boost|p1b: Onichan|atk|1
|-boost|p1b: Onichan|def|1
|move|p1b: Onichan|Scale Shot|p2b: Tauros
|-activate|p2b: Tauros|move: Protect
|
|upkeep
|turn|2
|inactive|kurapikt07 has 30 seconds left.
|
|t:|1757244613
|switch|p1a: Toño|Incineroar, L50, M|100/100
|-ability|p1a: Toño|Intimidate|boost
|-unboost|p2a: Talonflame|atk|1
|-unboost|p2b: Tauros|atk|1
|-terastallize|p1b: Onichan|Fairy
|move|p2a: Talonflame|Brave Bird|p1a: Toño
|-damage|p1a: Toño|72/100
|-damage|p2a: Talonflame|88/100|[from] Recoil
|move|p2b: Tauros|Rock Slide|p1b: Onichan|[spread] p1b
|-miss|p2b: Tauros|p1a: Toño
|-damage|p1b: Onichan|97/100
|move|p1b: Onichan|Scale Shot|p2b: Tauros
|-damage|p2b: Tauros|80/100
|-damage|p2b: Tauros|58/100
|-damage|p2b: Tauros|38/100
|-damage|p2b: Tauros|18/100
|-damage|p2b: Tauros|0 fnt
|faint|p2b: Tauros
|-hitcount|p2: Tauros|5
|-unboost|p1b: Onichan|def|1
|-boost|p1b: Onichan|spe|1
|
|upkeep
|
|t:|1757244637
|switch|p2b: Froslass|Froslass, L50, F|100/100
|turn|3
|
|t:|1757244646
|move|p1b: Onichan|Protect|p1b: Onichan
|-singleturn|p1b: Onichan|Protect
|move|p2a: Talonflame|Taunt|p1a: Toño
|-start|p1a: Toño|move: Taunt
|move|p2b: Froslass|Snowscape|p2b: Froslass
|-weather|Snowscape
|cant|p1a: Toño|move: Taunt|Parting Shot
|
|-weather|Snowscape|[upkeep]
|upkeep
|turn|4
|inactive|kurapikt07 has 30 seconds left.
|inactive|kurapikt07 has 20 seconds left.
|
|t:|1757244682
|switch|p1a: Té (en) tazas|Sinistcha, L50|100/100
|-heal|p1b: Onichan|100/100|[from] ability: Hospitality|[of] p1a: Té (en) tazas
|move|p2a: Talonflame|Brave Bird|p1a: Té (en) tazas
|-supereffective|p1a: Té (en) tazas
|-damage|p1a: Té (en) tazas|42/100
|-damage|p2a: Talonflame|72/100|[from] item: Rocky Helmet|[of] p1a: Té (en) tazas
|-damage|p2a: Talonflame|50/100|[from] Recoil
|move|p2b: Froslass|Blizzard|p1a: Té (en) tazas|[spread] p1a,p1b
|-supereffective|p1a: Té (en) tazas
|-damage|p1a: Té (en) tazas|0 fnt
|-damage|p1b: Onichan|84/100
|faint|p1a: Té (en) tazas
|move|p1b: Onichan|Scale Shot|p2b: Froslass|[miss]
|-miss|p1b: Onichan|p2b: Froslass
|
|-weather|Snowscape|[upkeep]
|-sideend|p2: kurapikt07|move: Tailwind
|upkeep
|
|t:|1757244698
|switch|p1a: Tuex|Sneasler, L50, M|100/100
|turn|5
|
|t:|1757244711
|move|p1b: Onichan|Scale Shot|p2b: Froslass
|-damage|p2b: Froslass|76/100
|-damage|p2b: Froslass|51/100
|-damage|p2b: Froslass|26/100
|-damage|p2b: Froslass|1/100
|-damage|p2b: Froslass|0 fnt
|faint|p2b: Froslass
|-hitcount|p2: Froslass|5
|-unboost|p1b: Onichan|def|1
|-boost|p1b: Onichan|spe|1
|move|p2a: Talonflame|Tailwind|p2a: Talonflame
|-sidestart|p2: kurapikt07|move: Tailwind
|move|p1a: Tuex|Coaching|p1b: Onichan
|-boost|p1b: Onichan|atk|1
|-boost|p1b: Onichan|def|1
|
|-weather|Snowscape|[upkeep]
|upkeep
|
|t:|1757244726
|switch|p2b: Meowscarada|Meowscarada, L50, F|100/100
|turn|6
|
|t:|1757244742
|move|p2a: Talonflame|Brave Bird|p1b: Onichan
|-damage|p1b: Onichan|48/100
|-damage|p2a: Talonflame|37/100|[from] Recoil
|move|p2b: Meowscarada|Pollen Puff|p2a: Talonflame
|-heal|p2a: Talonflame|87/100
|move|p1b: Onichan|Scale Shot|p2a: Talonflame
|-damage|p2a: Talonflame|40/100
|-damage|p2a: Talonflame|0 fnt
|faint|p2a: Talonflame
|-hitcount|p2: Talonflame|2
|-unboost|p1b: Onichan|def|1
|-boost|p1b: Onichan|spe|1
|move|p1a: Tuex|Dire Claw|p2b: Meowscarada
|-supereffective|p2b: Meowscarada
|-enditem|p2b: Meowscarada|Focus Sash
|-damage|p2b: Meowscarada|1/100
|
|-weather|Snowscape|[upkeep]
|upkeep
|turn|7
|
|t:|1757244764
|move|p1b: Onichan|Extreme Speed|p2b: Meowscarada
|-damage|p2b: Meowscarada|0 fnt
|faint|p2b: Meowscarada
|
|win|DrXJ13
|raw|DrXJ13's rating: 1161 → 1175(+14 for winning)
|raw|kurapikt07's rating: 1000 → 1000(+0 for losing)
|l|☆kurapikt07
|player|p2|
