|j|☆Adriatic Tides
|j|☆Sea's Searing
|html|Adriatic TidesSea's Searing    
|uhtml|bestof|Game 1 of a best-of-3
|t:|1784424405
|gametype|doubles
|player|p1|Adriatic Tides|leon|1174
|player|p2|Sea's Searing|170|1310
|gen|9
|tier|[Gen 9 Champions] VGC 2026 Reg M-B (Bo3)
|rated|
|rule|Species Clause: Limit one of each Pokémon
|rule|Item Clause: Limit 1 of each item
|clearpoke
|poke|p1|Tyranitar, L50, M|
|poke|p1|Excadrill, L50, M|
|poke|p1|Delphox, L50, F|
|poke|p1|Sinistcha, L50|
|poke|p1|Rotom-Wash, L50|
|poke|p1|Incineroar, L50, M|
|poke|p2|Blaziken, L50, M|
|poke|p2|Venusaur, L50, F|
|poke|p2|Ninetales-Alola, L50, F|
|poke|p2|Lycanroc-Dusk, L50, F|
|poke|p2|Kingambit, L50, F|
|poke|p2|Basculegion, L50, M|
|teampreview|4
|showteam|p1|Tyranitar||Tyranitarite|SandStream|KnockOff,RockSlide,Protect,LowKick|Adamant||M|||50|]Excadrill||FocusSash|SandRush|Protect,Earthquake,IronHead,RockSlide|Adamant||M|||50|]Delphox||Delphoxite|Blaze|NastyPlot,HeatWave,Psyshock,Protect|Timid||F|||50|]Sinistcha||ColburBerry|Hospitality|TrickRoom,MatchaGotcha,Protect,RagePowder|Bold|||||50|]Rotom-Wash||Leftovers|Levitate|Electroweb,HydroPump,Protect,Thunderbolt|Modest|||||50|]Incineroar||SitrusBerry|Intimidate|FakeOut,FlareBlitz,PartingShot,ThroatChop|Careful||M|||50|
|showteam|p2|Blaziken||Blazikenite|SpeedBoost|CloseCombat,FlareBlitz,StoneEdge,Detect|Adamant||M|||50|]Venusaur||Venusaurite|Chlorophyll|GigaDrain,SludgeBomb,EarthPower,Protect|Modest||F|||50|]Ninetales-Alola||NeverMeltIce|SnowWarning|Blizzard,FreezeDry,Encore,Protect|Timid||F|||50|]Lycanroc-Dusk||FocusSash|ToughClaws|Accelerock,RockSlide,CloseCombat,Protect|Adamant||F|||50|]Kingambit||LifeOrb|Defiant|KowtowCleave,SuckerPunch,IronHead,Protect|Adamant||F|||50|]Basculegion||ChoiceScarf|Adaptability|WaveCrash,LastRespects,FlipTurn,AquaJet|Jolly||M|||50|
|
|t:|1784424437
|teamsize|p1|4
|teamsize|p2|4
|start
|switch|p1a: Rotom|Rotom-Wash, L50|100/100
|switch|p1b: Delphox|Delphox, L50, F|100/100
|switch|p2a: Life runner|Blaziken, L50, M|100/100
|switch|p2b: Rainy boots|Basculegion, L50, M|100/100
|turn|1
|
|t:|1784424460
|switch|p1b: Sinistcha|Sinistcha, L50|100/100
|detailschange|p2a: Life runner|Blaziken-Mega, L50, M
|-mega|p2a: Life runner|Blaziken|Blazikenite
|move|p2a: Life runner|Detect|p2a: Life runner
|-singleturn|p2a: Life runner|Protect
|move|p2b: Rainy boots|Flip Turn|p1a: Rotom
|-resisted|p1a: Rotom|1
|-damage|p1a: Rotom|81/100
|
|t:|1784424470
|switch|p2b: Alice in freezer|Ninetales-Alola, L50, F|100/100|[from] Flip Turn
|-weather|Snowscape|[from] ability: Snow Warning|[of] p2b: Alice in freezer
|move|p1a: Rotom|Electroweb|p2b: Alice in freezer|[spread] p2b
|-activate|p2a: Life runner|move: Protect
|-damage|p2b: Alice in freezer|80/100
|-unboost|p2b: Alice in freezer|spe|1
|
|-weather|Snowscape|[upkeep]
|-heal|p1a: Rotom|87/100|[from] item: Leftovers
|-ability|p2a: Life runner|Speed Boost|boost
|-boost|p2a: Life runner|spe|1
|upkeep
|turn|2
|
|t:|1784424497
|switch|p1b: Incineroar|Incineroar, L50, M|100/100
|-ability|p1b: Incineroar|Intimidate|boost
|-unboost|p2a: Life runner|atk|1
|-unboost|p2b: Alice in freezer|atk|1
|move|p2a: Life runner|Close Combat|p1a: Rotom
|-damage|p1a: Rotom|35/100
|-unboost|p2a: Life runner|def|1
|-unboost|p2a: Life runner|spd|1
|move|p1a: Rotom|Electroweb|p2a: Life runner|[spread] p2a,p2b
|-damage|p2a: Life runner|64/100
|-damage|p2b: Alice in freezer|61/100
|-unboost|p2a: Life runner|spe|1
|-unboost|p2b: Alice in freezer|spe|1
|move|p2b: Alice in freezer|Blizzard|p1b: Incineroar|[spread] p1a,p1b
|-resisted|p1a: Rotom|1
|-resisted|p1b: Incineroar|1
|-damage|p1a: Rotom|17/100
|-damage|p1b: Incineroar|88/100
|
|-weather|Snowscape|[upkeep]
|-heal|p1a: Rotom|23/100|[from] item: Leftovers
|-ability|p2a: Life runner|Speed Boost|boost
|-boost|p2a: Life runner|spe|1
|upkeep
|turn|3
|
|t:|1784424521
|switch|p1b: Sinistcha|Sinistcha, L50|100/100
|-heal|p1a: Rotom|48/100|[from] ability: Hospitality|[of] p1b: Sinistcha
|move|p2a: Life runner|Detect|p2a: Life runner
|-singleturn|p2a: Life runner|Protect
|move|p2b: Alice in freezer|Protect|p2b: Alice in freezer
|-singleturn|p2b: Alice in freezer|Protect
|move|p1a: Rotom|Electroweb|p2b: Alice in freezer|[spread] 
|-activate|p2a: Life runner|move: Protect
|-activate|p2b: Alice in freezer|move: Protect
|
|-weather|Snowscape|[upkeep]
|-heal|p1a: Rotom|54/100|[from] item: Leftovers
|-ability|p2a: Life runner|Speed Boost|boost
|-boost|p2a: Life runner|spe|1
|upkeep
|turn|4
|
|t:|1784424540
|switch|p1b: Incineroar|Incineroar, L50, M|88/100
|-ability|p1b: Incineroar|Intimidate|boost
|-unboost|p2a: Life runner|atk|1
|-unboost|p2b: Alice in freezer|atk|1
|move|p2a: Life runner|Flare Blitz|p1b: Incineroar
|-resisted|p1b: Incineroar|1
|-damage|p1b: Incineroar|72/100
|-damage|p2a: Life runner|58/100|[from] Recoil
|move|p1a: Rotom|Electroweb|p2b: Alice in freezer|[spread] p2a,p2b
|-damage|p2a: Life runner|25/100
|-damage|p2b: Alice in freezer|44/100
|-unboost|p2a: Life runner|spe|1
|-unboost|p2b: Alice in freezer|spe|1
|move|p2b: Alice in freezer|Freeze-Dry|p1a: Rotom
|-supereffective|p1a: Rotom|1
|-damage|p1a: Rotom|0 fnt
|faint|p1a: Rotom
|
|-weather|Snowscape|[upkeep]
|-ability|p2a: Life runner|Speed Boost|boost
|-boost|p2a: Life runner|spe|1
|upkeep
|
|t:|1784424557
|switch|p1a: Delphox|Delphox, L50, F|100/100
|turn|5
|
|t:|1784424566
|switch|p2a: Rainy boots|Basculegion, L50, M|100/100
|detailschange|p1a: Delphox|Delphox-Mega, L50, F
|-mega|p1a: Delphox|Delphox|Delphoxite
|move|p2b: Alice in freezer|Protect|p2b: Alice in freezer
|-singleturn|p2b: Alice in freezer|Protect
|move|p1b: Incineroar|Fake Out|p2a: Rainy boots
|-immune|p2a: Rainy boots
|move|p1a: Delphox|Nasty Plot|p1a: Delphox
|-boost|p1a: Delphox|spa|2
|
|-weather|none
|upkeep
|turn|6
|
|t:|1784424587
|move|p1a: Delphox|Protect|p1a: Delphox
|-singleturn|p1a: Delphox|Protect
|move|p2a: Rainy boots|Flip Turn|p1b: Incineroar
|-supereffective|p1b: Incineroar|1
|-damage|p1b: Incineroar|15/100
|-enditem|p1b: Incineroar|Sitrus Berry|[eat]
|-heal|p1b: Incineroar|40/100|[from] item: Sitrus Berry
|
|t:|1784424597
|switch|p2a: RUMA|Lycanroc-Dusk, L50, F|100/100|[from] Flip Turn
|move|p1b: Incineroar|Flare Blitz|p2b: Alice in freezer
|-supereffective|p2b: Alice in freezer|1
|-damage|p2b: Alice in freezer|0 fnt
|faint|p2b: Alice in freezer
|-damage|p1b: Incineroar|28/100|[from] Recoil
|
|upkeep
|
|t:|1784424603
|switch|p2b: Rainy boots|Basculegion, L50, M|100/100
|turn|7
|
|t:|1784424614
|move|p2a: RUMA|Accelerock|p1b: Incineroar
|-supereffective|p1b: Incineroar|1
|-damage|p1b: Incineroar|0 fnt
|faint|p1b: Incineroar
|move|p2b: Rainy boots|Wave Crash|p1a: Delphox
|-supereffective|p1a: Delphox|1
|-damage|p1a: Delphox|0 fnt
|faint|p1a: Delphox
|-damage|p2b: Rainy boots|74/100|[from] Recoil
|
|upkeep
|
|t:|1784424617
|switch|p1b: Sinistcha|Sinistcha, L50|100/100
|turn|8
|
|t:|1784424626
|switch|p2b: Life runner|Blaziken-Mega, L50, M|25/100
|move|p2a: RUMA|Rock Slide|p1b: Sinistcha
|-damage|p1b: Sinistcha|69/100
|cant|p1b: Sinistcha|flinch
|
|upkeep
|turn|9
|
|t:|1784424635
|move|p2a: RUMA|Rock Slide|p1b: Sinistcha
|-damage|p1b: Sinistcha|35/100
|move|p2b: Life runner|Flare Blitz|p1b: Sinistcha
|-supereffective|p1b: Sinistcha|1
|-damage|p1b: Sinistcha|0 fnt
|faint|p1b: Sinistcha
|-damage|p2b: Life runner|12/100|[from] Recoil
|
|win|Sea's Searing
||Adriatic Tides is ready for game 2.
|inactive|Sea's Searing has 30 seconds to confirm battle start!
||Sea's Searing is ready for game 2.
|uhtml|next|Next: Game 2 of 3
