|j|☆GiorgiusGamer
|j|☆Parzival777
|html|GiorgiusGamerParzival777    
|uhtml|bestof|Game 1 of a best-of-3
|t:|1757756236
|gametype|doubles
|player|p1|GiorgiusGamer|266|1107
|player|p2|Parzival777|102|1045
|gen|9
|tier|[Gen 9] VGC 2025 Reg H (Bo3)
|rated|
|rule|Species Clause: Limit one of each Pokémon
|rule|Item Clause: Limit 1 of each item
|clearpoke
|poke|p1|Clefairy, L50, M|
|poke|p1|Ursaluna, L50, M|
|poke|p1|Rillaboom, L50, F|
|poke|p1|Dragonite, L50, F|
|poke|p1|Gholdengo, L50|
|poke|p1|Sneasler, L50, M|
|poke|p2|Incineroar, L50, M|
|poke|p2|Kingambit, L50, F|
|poke|p2|Weezing-Galar, L50, F|
|poke|p2|Hariyama, L50, M|
|poke|p2|Oranguru, L50, M|
|poke|p2|Palafin, L50, M|
|teampreview|4
|showteam|p1|Clefairy||Eviolite|FriendGuard|DazzlingGleam,FollowMe,Encore,IcyWind|||M|||50|,,,,,Fairy]Ursaluna||FlameOrb|Guts|Facade,HeadlongRush,Earthquake,Protect|||M|||50|,,,,,Water]Rillaboom||AssaultVest|GrassySurge|WoodHammer,GrassyGlide,HighHorsepower,FakeOut|||F|||50|,,,,,Grass]Dragonite||LoadedDice|Multiscale|ScaleShot,TeraBlast,Haze,Tailwind|||F|||50|,,,,,Flying]Gholdengo||LifeOrb|GoodasGold|MakeItRain,ShadowBall,NastyPlot,Protect||||||50|,,,,,Steel]Sneasler||FocusSash|Unburden|DireClaw,CloseCombat,Coaching,Protect|||M|||50|,,,,,Stellar
|showteam|p2|Incineroar||MirrorHerb|Intimidate|FakeOut,KnockOff,FlareBlitz,LowKick|||M|||50|,,,,,Bug]Kingambit||BlackGlasses|Defiant|Protect,SwordsDance,SuckerPunch,LowKick|||F|||50|,,,,,Ghost]Weezing-Galar||BlackSludge|NeutralizingGas|Protect,Toxic,Taunt,DazzlingGleam|||F|||50|,,,,,Flying]Hariyama||FlameOrb|Guts|FakeOut,Facade,KnockOff,DrainPunch|||M|||50|,,,,,Ghost]Oranguru||SitrusBerry|InnerFocus|Protect,TrickRoom,Instruct,ExpandingForce|||M|||50|,,,,,Dark]Palafin||MysticWater|ZerotoHero|Protect,FlipTurn,WaveCrash,CloseCombat|||M|||50|,,,,,Water
|
|t:|1757756288
|teamsize|p1|4
|teamsize|p2|4
|start
|switch|p1a: Gholdengo|Gholdengo, L50|100/100
|switch|p1b: Rillaboom|Rillaboom, L50, F|100/100
|switch|p2a: Incineroar|Incineroar, L50, M|100/100
|switch|p2b: Palafin|Palafin, L50, M|100/100
|-ability|p2a: Incineroar|Intimidate|boost
|-unboost|p1a: Gholdengo|atk|1
|-unboost|p1b: Rillaboom|atk|1
|-fieldstart|move: Grassy Terrain|[from] ability: Grassy Surge|[of] p1b: Rillaboom
|turn|1
|
|t:|1757756330
|move|p2a: Incineroar|Fake Out|p1b: Rillaboom
|-damage|p1b: Rillaboom|86/100
|cant|p1b: Rillaboom|flinch
|move|p2b: Palafin|Flip Turn|p1a: Gholdengo
|-damage|p1a: Gholdengo|74/100
|
|t:|1757756343
|detailschange|p2b: Palafin|Palafin-Hero, L50, M
|switch|p2b: Kingambit|Kingambit, L50, F|100/100|[from] Flip Turn
|move|p1a: Gholdengo|Nasty Plot|p1a: Gholdengo
|-boost|p1a: Gholdengo|spa|2
|-enditem|p2a: Incineroar|Mirror Herb
|-boost|p2a: Incineroar|spa|2|[from] item: Mirror Herb
|
|-heal|p1a: Gholdengo|80/100|[from] Grassy Terrain
|-heal|p1b: Rillaboom|92/100|[from] Grassy Terrain
|upkeep
|turn|2
|
|t:|1757756376
|switch|p1b: Sneasler|Sneasler, L50, M|100/100
|move|p1a: Gholdengo|Protect|p1a: Gholdengo
|-singleturn|p1a: Gholdengo|Protect
|move|p2b: Kingambit|Sucker Punch||[still]
|-fail|p2b: Kingambit
|move|p2a: Incineroar|Flare Blitz|p1a: Gholdengo
|-activate|p1a: Gholdengo|move: Protect
|
|-heal|p1a: Gholdengo|86/100|[from] Grassy Terrain
|upkeep
|turn|3
|
|t:|1757756413
|-terastallize|p2b: Kingambit|Ghost
|move|p1b: Sneasler|Close Combat|p2a: Incineroar
|-supereffective|p2a: Incineroar
|-damage|p2a: Incineroar|0 fnt
|-unboost|p1b: Sneasler|def|1
|-unboost|p1b: Sneasler|spd|1
|faint|p2a: Incineroar
|move|p1a: Gholdengo|Nasty Plot|p1a: Gholdengo
|-boost|p1a: Gholdengo|spa|2
|move|p2b: Kingambit|Swords Dance|p2b: Kingambit
|-boost|p2b: Kingambit|atk|2
|
|-heal|p1a: Gholdengo|92/100|[from] Grassy Terrain
|upkeep
|
|t:|1757756427
|switch|p2a: Palafin|Palafin-Hero, L50, M|100/100
|-activate|p2a: Palafin|ability: Zero to Hero
|turn|4
|
|t:|1757756453
|move|p1a: Gholdengo|Protect|p1a: Gholdengo
|-singleturn|p1a: Gholdengo|Protect
|move|p2b: Kingambit|Sucker Punch||[still]
|-fail|p2b: Kingambit
|move|p1b: Sneasler|Dire Claw|p2a: Palafin
|-damage|p2a: Palafin|56/100
|move|p2a: Palafin|Flip Turn|p1b: Sneasler
|-enditem|p1b: Sneasler|Focus Sash
|-damage|p1b: Sneasler|1/100
|
|t:|1757756470
|switch|p2a: Weezing|Weezing-Galar, L50, F|100/100|[from] Flip Turn
|-ability|p2a: Weezing|Neutralizing Gas
|
|-heal|p1b: Sneasler|7/100|[from] Grassy Terrain
|-heal|p1a: Gholdengo|98/100|[from] Grassy Terrain
|upkeep
|turn|5
|
|t:|1757756492
|-terastallize|p1a: Gholdengo|Steel
|move|p2b: Kingambit|Sucker Punch|p1a: Gholdengo
|-damage|p1a: Gholdengo|0 fnt
|faint|p1a: Gholdengo
|move|p1b: Sneasler|Dire Claw|p2a: Weezing
|-damage|p2a: Weezing|65/100
|move|p2a: Weezing|Taunt|p1b: Sneasler
|-start|p1b: Sneasler|move: Taunt
|
|-heal|p1b: Sneasler|13/100|[from] Grassy Terrain
|-heal|p2a: Weezing|71/100|[from] Grassy Terrain
|-heal|p2a: Weezing|77/100|[from] item: Black Sludge
|-fieldend|move: Grassy Terrain
|upkeep
|
|t:|1757756506
|switch|p1a: Ursaluna|Ursaluna, L50, M|100/100
|turn|6
|
|t:|1757756517
|move|p2a: Weezing|Protect|p2a: Weezing
|-singleturn|p2a: Weezing|Protect
|move|p1a: Ursaluna|Protect|p1a: Ursaluna
|-singleturn|p1a: Ursaluna|Protect
|move|p2b: Kingambit|Protect|p2b: Kingambit
|-singleturn|p2b: Kingambit|Protect
|move|p1b: Sneasler|Dire Claw|p2b: Kingambit
|-activate|p2b: Kingambit|move: Protect
|
|-heal|p2a: Weezing|82/100|[from] item: Black Sludge
|-status|p1a: Ursaluna|brn|[from] item: Flame Orb
|upkeep
|turn|7
|
|t:|1757756546
|move|p2b: Kingambit|Sucker Punch|p1a: Ursaluna
|-damage|p1a: Ursaluna|25/100 brn
|move|p1b: Sneasler|Dire Claw|p2b: Kingambit
|-resisted|p2b: Kingambit
|-damage|p2b: Kingambit|85/100
|move|p2a: Weezing|Dazzling Gleam|p1a: Ursaluna|[spread] p1a,p1b
|-damage|p1a: Ursaluna|9/100 brn
|-damage|p1b: Sneasler|0 fnt
|faint|p1b: Sneasler
|move|p1a: Ursaluna|Headlong Rush|p2b: Kingambit
|-damage|p2b: Kingambit|58/100
|-unboost|p1a: Ursaluna|def|1
|-unboost|p1a: Ursaluna|spd|1
|
|-heal|p2a: Weezing|88/100|[from] item: Black Sludge
|-damage|p1a: Ursaluna|3/100 brn|[from] brn
|upkeep
|
|t:|1757756558
|switch|p1b: Rillaboom|Rillaboom, L50, F|92/100
|turn|8
|
|t:|1757756569
|move|p2a: Weezing|Protect|p2a: Weezing
|-singleturn|p2a: Weezing|Protect
|move|p1a: Ursaluna|Protect|p1a: Ursaluna
|-singleturn|p1a: Ursaluna|Protect
|move|p2b: Kingambit|Protect|p2b: Kingambit
|-singleturn|p2b: Kingambit|Protect
|move|p1b: Rillaboom|Wood Hammer|p2b: Kingambit
|-activate|p2b: Kingambit|move: Protect
|
|-heal|p2a: Weezing|94/100|[from] item: Black Sludge
|-damage|p1a: Ursaluna|0 fnt|[from] brn
|faint|p1a: Ursaluna
|upkeep
|turn|9
|
|t:|1757756584
|move|p2b: Kingambit|Sucker Punch|p1b: Rillaboom
|-damage|p1b: Rillaboom|0 fnt
|faint|p1b: Rillaboom
|
|win|Parzival777
||GiorgiusGamer is ready for game 2.
||Parzival777 is ready for game 2.
|uhtml|next|Next: Game 2 of 3
|l|☆GiorgiusGamer
|player|p1|
|l|☆Parzival777
|player|p2|
