|j|☆higigig
|j|☆Tecmovgc
|html|higigigTecmovgc    
|uhtml|bestof|Game 3 of a best-of-3
|t:|1756245623
|gametype|doubles
|player|p1|higigig|sisandbro|1075
|player|p2|Tecmovgc|linebacker|1079
|gen|9
|tier|[Gen 9] VGC 2025 Reg H (Bo3)
|rated|
|rule|Species Clause: Limit one of each Pokémon
|rule|Item Clause: Limit 1 of each item
|clearpoke
|poke|p1|Sneasler, L50, F|
|poke|p1|Gholdengo, L50|
|poke|p1|Farigiraf, L50, M|
|poke|p1|Ursaluna-Bloodmoon, L50, M|
|poke|p1|Amoonguss, L50, F|
|poke|p1|Altaria, L50, F|
|poke|p2|Rillaboom, L50, F|
|poke|p2|Sneasler, L50, M|
|poke|p2|Archaludon, L50, F|
|poke|p2|Pelipper, L50, M|
|poke|p2|Basculegion, L50, M|
|poke|p2|Overqwil, L50, M|
|teampreview|4
|showteam|p1|Sneasler||FocusSash|PoisonTouch|FakeOut,CloseCombat,DireClaw,Protect|||F|||50|,,,,,Dark]Gholdengo||ChoiceSpecs|GoodasGold|MakeItRain,ShadowBall,PowerGem,Trick||||||50|,,,,,Steel]Farigiraf||MentalHerb|ArmorTail|Psychic,Imprison,HelpingHand,TrickRoom|||M|||50|,,,,,Grass]Ursaluna-Bloodmoon||ThroatSpray|MindsEye|HyperVoice,EarthPower,BloodMoon,Protect|||M|||50|,,,,,Normal]Amoonguss||SitrusBerry|Regenerator|SludgeBomb,PollenPuff,Spore,RagePowder|||F|||50|,,,,,Water]Altaria||CovertCloak|CloudNine|BreakingSwipe,HelpingHand,Haze,Tailwind|||F|||50|,,,,,Water
|showteam|p2|Rillaboom||LoadedDice|GrassySurge|FakeOut,GrassyGlide,BulletSeed,HighHorsepower|||F|||50|,,,,,Fire]Sneasler||GrassySeed|Unburden|FakeOut,Coaching,CloseCombat,DireClaw|||M|||50|,,,,,Stellar]Archaludon||AssaultVest|Stamina|DragonPulse,ElectroShot,FlashCannon,BodyPress|||F|||50|,,,,,Flying]Pelipper||FocusSash|Drizzle|Hurricane,MuddyWater,Tailwind,Protect|||M|||50|,,,,,Ghost]Basculegion||ChoiceBand|SwiftSwim|WaveCrash,LastRespects,AquaJet,FlipTurn|||M|||50|,,,,,Grass]Overqwil||SafetyGoggles|Intimidate|RainDance,Haze,Taunt,BarbBarrage|||M|||50|,,,,,Dragon
|inactive|Battle timer is ON: inactive players will automatically lose when time's up. (requested by higigig)
|inactive|Tecmovgc also wants the timer to be on.
|inactive|higigig has 60 seconds left.
|
|t:|1756245661
|teamsize|p1|4
|teamsize|p2|4
|start
|switch|p1a: Sneasler|Sneasler, L50, F|100/100
|switch|p1b: Gholdengo|Gholdengo, L50|100/100
|switch|p2a: Rillaboom|Rillaboom, L50, F|100/100
|switch|p2b: Sneasler|Sneasler, L50, M|100/100
|-fieldstart|move: Grassy Terrain|[from] ability: Grassy Surge|[of] p2a: Rillaboom
|-enditem|p2b: Sneasler|Grassy Seed
|-boost|p2b: Sneasler|def|1|[from] item: Grassy Seed
|turn|1
|inactive|higigig has 30 seconds left.
|
|t:|1756245687
|-terastallize|p2a: Rillaboom|Fire
|move|p2b: Sneasler|Fake Out|p1a: Sneasler
|-damage|p1a: Sneasler|75/100
|cant|p1a: Sneasler|flinch
|move|p1b: Gholdengo|Trick|p2a: Rillaboom
|-activate|p1b: Gholdengo|move: Trick|[of] p2a: Rillaboom
|-item|p2a: Rillaboom|Choice Specs|[from] move: Trick
|-item|p1b: Gholdengo|Loaded Dice|[from] move: Trick
|move|p2a: Rillaboom|High Horsepower|p1b: Gholdengo
|-supereffective|p1b: Gholdengo
|-damage|p1b: Gholdengo|30/100
|
|-heal|p1a: Sneasler|80/100|[from] Grassy Terrain
|-heal|p1b: Gholdengo|37/100|[from] Grassy Terrain
|upkeep
|turn|2
|
|t:|1756245711
|switch|p2b: Overqwil|Overqwil, L50, M|100/100
|-ability|p2b: Overqwil|Intimidate|boost
|-unboost|p1a: Sneasler|atk|1
|-unboost|p1b: Gholdengo|atk|1
|switch|p1b: Amoonguss|Amoonguss, L50, F|100/100
|move|p1a: Sneasler|Dire Claw|p2a: Rillaboom
|-damage|p2a: Rillaboom|76/100
|-status|p2a: Rillaboom|par
|move|p2a: Rillaboom|High Horsepower|p1b: Amoonguss|[miss]
|-miss|p2a: Rillaboom|p1b: Amoonguss
|
|-heal|p1a: Sneasler|86/100|[from] Grassy Terrain
|-heal|p2a: Rillaboom|82/100 par|[from] Grassy Terrain
|upkeep
|turn|3
|
|t:|1756245734
|switch|p1a: Ursaluna|Ursaluna-Bloodmoon, L50, M|100/100
|move|p2b: Overqwil|Taunt|p1b: Amoonguss
|-start|p1b: Amoonguss|move: Taunt
|move|p2a: Rillaboom|High Horsepower|p1a: Ursaluna
|-damage|p1a: Ursaluna|74/100
|cant|p1b: Amoonguss|move: Taunt|Spore
|
|-heal|p1a: Ursaluna|80/100|[from] Grassy Terrain
|-heal|p2a: Rillaboom|87/100 par|[from] Grassy Terrain
|upkeep
|turn|4
|
|t:|1756245754
|switch|p1b: Sneasler|Sneasler, L50, F|86/100
|move|p2b: Overqwil|Rain Dance|p2b: Overqwil
|-weather|RainDance
|move|p1a: Ursaluna|Hyper Voice|p2a: Rillaboom|[spread] p2a,p2b
|-damage|p2a: Rillaboom|42/100 par
|-damage|p2b: Overqwil|58/100
|-enditem|p1a: Ursaluna|Throat Spray
|-boost|p1a: Ursaluna|spa|1|[from] item: Throat Spray
|cant|p2a: Rillaboom|par
|
|-weather|RainDance|[upkeep]
|-heal|p1b: Sneasler|92/100|[from] Grassy Terrain
|-heal|p2b: Overqwil|65/100|[from] Grassy Terrain
|-heal|p1a: Ursaluna|87/100|[from] Grassy Terrain
|-heal|p2a: Rillaboom|48/100 par|[from] Grassy Terrain
|upkeep
|turn|5
|
|t:|1756245772
|switch|p2b: Archaludon|Archaludon, L50, F|100/100
|move|p1b: Sneasler|Fake Out|p2a: Rillaboom
|-damage|p2a: Rillaboom|35/100 par
|move|p1a: Ursaluna|Hyper Voice|p2a: Rillaboom|[spread] p2a,p2b
|-resisted|p2b: Archaludon
|-damage|p2a: Rillaboom|0 fnt
|-damage|p2b: Archaludon|76/100
|-ability|p2b: Archaludon|Stamina|boost
|-boost|p2b: Archaludon|def|1
|faint|p2a: Rillaboom
|
|-weather|RainDance|[upkeep]
|-heal|p1b: Sneasler|98/100|[from] Grassy Terrain
|-heal|p2b: Archaludon|82/100|[from] Grassy Terrain
|-heal|p1a: Ursaluna|93/100|[from] Grassy Terrain
|-fieldend|move: Grassy Terrain
|upkeep
|
|t:|1756245788
|switch|p2a: Sneasler|Sneasler, L50, M|100/100
|turn|6
|
|t:|1756245804
|switch|p1b: Amoonguss|Amoonguss, L50, F|100/100
|move|p1a: Ursaluna|Protect|p1a: Ursaluna
|-singleturn|p1a: Ursaluna|Protect
|move|p2a: Sneasler|Fake Out|p1a: Ursaluna
|-activate|p1a: Ursaluna|move: Protect
|move|p2b: Archaludon|Electro Shot||[still]
|-prepare|p2b: Archaludon|Electro Shot
|-boost|p2b: Archaludon|spa|1
|-anim|p2b: Archaludon|Electro Shot|p1b: Amoonguss
|-resisted|p1b: Amoonguss
|-damage|p1b: Amoonguss|73/100
|
|-weather|RainDance|[upkeep]
|upkeep
|turn|7
|inactive|Tecmovgc has 30 seconds left.
|inactive|higigig has 30 seconds left.
|
|t:|1756245841
|-terastallize|p1a: Ursaluna|Normal
|move|p1b: Amoonguss|Rage Powder|p1b: Amoonguss
|-singleturn|p1b: Amoonguss|move: Rage Powder
|move|p2a: Sneasler|Dire Claw|p1b: Amoonguss
|-damage|p1b: Amoonguss|35/100
|-status|p1b: Amoonguss|par
|-enditem|p1b: Amoonguss|Sitrus Berry|[eat]
|-heal|p1b: Amoonguss|60/100 par|[from] item: Sitrus Berry
|move|p2b: Archaludon|Dragon Pulse|p1b: Amoonguss
|-damage|p1b: Amoonguss|11/100 par
|move|p1a: Ursaluna|Hyper Voice|p2a: Sneasler|[spread] p2a,p2b
|-resisted|p2b: Archaludon
|-damage|p2a: Sneasler|0 fnt
|-damage|p2b: Archaludon|50/100
|-ability|p2b: Archaludon|Stamina|boost
|-boost|p2b: Archaludon|def|1
|faint|p2a: Sneasler
|
|-weather|RainDance|[upkeep]
|upkeep
|
|t:|1756245861
|switch|p2a: Overqwil|Overqwil, L50, M|65/100
|-ability|p2a: Overqwil|Intimidate|boost
|-unboost|p1a: Ursaluna|atk|1
|-unboost|p1b: Amoonguss|atk|1
|turn|8
|
|t:|1756245871
|switch|p1b: Sneasler|Sneasler, L50, F|98/100
|move|p1a: Ursaluna|Protect|p1a: Ursaluna
|-singleturn|p1a: Ursaluna|Protect
|move|p2a: Overqwil|Barb Barrage|p1b: Sneasler
|-resisted|p1b: Sneasler
|-damage|p1b: Sneasler|77/100
|move|p2b: Archaludon|Body Press|p1a: Ursaluna
|-activate|p1a: Ursaluna|move: Protect
|
|-weather|none
|upkeep
|turn|9
|
|t:|1756245893
|move|p1b: Sneasler|Fake Out|p2b: Archaludon
|-resisted|p2b: Archaludon
|-damage|p2b: Archaludon|47/100
|-ability|p2b: Archaludon|Stamina|boost
|-boost|p2b: Archaludon|def|1
|move|p2a: Overqwil|Barb Barrage|p1a: Ursaluna
|-damage|p1a: Ursaluna|73/100
|-status|p1a: Ursaluna|psn
|cant|p2b: Archaludon|flinch
|move|p1a: Ursaluna|Earth Power|p2b: Archaludon
|-supereffective|p2b: Archaludon
|-damage|p2b: Archaludon|0 fnt
|faint|p2b: Archaludon
|
|-damage|p1a: Ursaluna|60/100 psn|[from] psn
|upkeep
|turn|10
|
|t:|1756245913
|move|p1b: Sneasler|Close Combat|p2a: Overqwil
|-damage|p2a: Overqwil|2/100
|-unboost|p1b: Sneasler|def|1
|-unboost|p1b: Sneasler|spd|1
|move|p2a: Overqwil|Barb Barrage|p1b: Sneasler
|-resisted|p1b: Sneasler
|-crit|p1b: Sneasler
|-damage|p1b: Sneasler|22/100
|move|p1a: Ursaluna|Blood Moon|p2a: Overqwil
|-damage|p2a: Overqwil|0 fnt
|faint|p2a: Overqwil
|
|win|higigig
|raw|higigig's rating: 1075 → 1104(+29 for winning)
|raw|Tecmovgc's rating: 1079 → 1057(-22 for losing)
