|j|☆Locsen
|j|☆ThetaB
|html|LocsenThetaB    
|uhtml|bestof|Game 2 of a best-of-3
|t:|1757189202
|gametype|doubles
|player|p1|Locsen|101|1003
|player|p2|ThetaB|palmer|1125
|gen|9
|tier|[Gen 9] VGC 2025 Reg H (Bo3)
|rated|
|rule|Species Clause: Limit one of each Pokémon
|rule|Item Clause: Limit 1 of each item
|clearpoke
|poke|p1|Tyranitar, L50, M|
|poke|p1|Garchomp, L50, F|
|poke|p1|Incineroar, L50, M|
|poke|p1|Amoonguss, L50, F|
|poke|p1|Indeedee-F, L50, F|
|poke|p1|Dondozo, L50, F|
|poke|p2|Excadrill, L50, F|
|poke|p2|Tyranitar, L50, M|
|poke|p2|Sneasler, L50, F|
|poke|p2|Indeedee, L50, M|
|poke|p2|Corviknight, L50, M|
|poke|p2|Annihilape, L50, M|
|teampreview|4
|showteam|p1|Tyranitar||AssaultVest|SandStream|Bulldoze,RockSlide,KnockOff,ThunderPunch|||M|||50|,,,,,Flying]Garchomp||BrightPowder|SandVeil|Protect,Substitute,SwordsDance,Earthquake|||F|||50|,,,,,Steel]Incineroar||SafetyGoggles|Intimidate|Protect,KnockOff,FakeOut,PartingShot|||M|||50|,,,,,Grass]Amoonguss||SitrusBerry|Regenerator|Protect,Spore,RagePowder,SludgeBomb|||F|||50|,,,,,Water]Indeedee-F||FocusSash|PsychicSurge|Protect,TrickRoom,FakeOut,HelpingHand|||F|||50|,,,,,Fairy]Dondozo||Leftovers|Oblivious|Protect,WaveCrash,Yawn,SleepTalk|||F|||50|,,,,,Grass
|showteam|p2|Excadrill||FocusSash|SandRush|IronHead,HighHorsepower,Earthquake,Protect|||F|||50|,,,,,Stellar]Tyranitar||AssaultVest|SandStream|RockSlide,KnockOff,TeraBlast,LowKick|||M|||50|,,,,,Flying]Sneasler||PsychicSeed|Unburden|DireClaw,CloseCombat,ThroatChop,Protect|||F|||50|,,,,,Dark]Indeedee||ChoiceScarf|PsychicSurge|ExpandingForce,TeraBlast,Protect,Trick|||M|||50|,,,,,Psychic]Corviknight||Leftovers|MirrorArmor|BraveBird,BulkUp,Roost,Tailwind|||M|||50|,,,,,Dragon]Annihilape||SafetyGoggles|Defiant|CloseCombat,FinalGambit,RageFist,Taunt|||M|||50|,,,,,Water
|inactive|Battle timer is ON: inactive players will automatically lose when time's up. (requested by Locsen)
|
|t:|1757189219
|teamsize|p1|4
|teamsize|p2|4
|start
|switch|p1a: Indeedee|Indeedee-F, L50, F|100/100
|switch|p1b: Incineroar|Incineroar, L50, M|100/100
|switch|p2a: Annihilape|Annihilape, L50, M|100/100
|switch|p2b: Corviknight|Corviknight, L50, M|100/100
|-fieldstart|move: Psychic Terrain|[from] ability: Psychic Surge|[of] p1a: Indeedee
|-ability|p1b: Incineroar|Intimidate|boost
|-unboost|p2a: Annihilape|atk|1
|-ability|p2a: Annihilape|Defiant|boost
|-boost|p2a: Annihilape|atk|2
|-ability|p2b: Corviknight|Mirror Armor
|-unboost|p1b: Incineroar|atk|1
|turn|1
|inactive|ThetaB has 30 seconds left.
|
|t:|1757189248
|move|p2a: Annihilape|Final Gambit|p1a: Indeedee
|-enditem|p1a: Indeedee|Focus Sash
|-damage|p1a: Indeedee|1/100
|faint|p2a: Annihilape
|move|p2b: Corviknight|Bulk Up|p2b: Corviknight
|-boost|p2b: Corviknight|atk|1
|-boost|p2b: Corviknight|def|1
|move|p1b: Incineroar|Parting Shot|p2b: Corviknight
|-ability|p2b: Corviknight|Mirror Armor
|-unboost|p1b: Incineroar|atk|1
|-ability|p2b: Corviknight|Mirror Armor
|-unboost|p1b: Incineroar|spa|1
|
|t:|1757189261
|switch|p1b: Dondozo|Dondozo, L50, F|100/100|[from] Parting Shot
|move|p1a: Indeedee|Trick Room|p1a: Indeedee
|-fieldstart|move: Trick Room|[of] p1a: Indeedee
|
|upkeep
|
|t:|1757189265
|switch|p2a: Tyranitar|Tyranitar, L50, M, shiny|100/100
|-weather|Sandstorm|[from] ability: Sand Stream|[of] p2a: Tyranitar
|turn|2
|inactive|Locsen has 30 seconds left.
|
|t:|1757189294
|-terastallize|p2a: Tyranitar|Flying
|move|p1a: Indeedee|Helping Hand|p1b: Dondozo
|-singleturn|p1b: Dondozo|Helping Hand|[of] p1a: Indeedee
|move|p1b: Dondozo|Wave Crash|p2b: Corviknight
|-damage|p2b: Corviknight|53/100
|-damage|p1b: Dondozo|88/100|[from] Recoil
|move|p2b: Corviknight|Brave Bird|p1b: Dondozo
|-damage|p1b: Dondozo|47/100
|-damage|p2b: Corviknight|35/100|[from] Recoil
|move|p2a: Tyranitar|Rock Slide|p1b: Dondozo|[spread] p1a,p1b
|-damage|p1a: Indeedee|0 fnt
|-damage|p1b: Dondozo|27/100
|faint|p1a: Indeedee
|
|-weather|Sandstorm|[upkeep]
|-damage|p1b: Dondozo|21/100|[from] Sandstorm
|-damage|p2a: Tyranitar|95/100|[from] Sandstorm
|-heal|p1b: Dondozo|27/100|[from] item: Leftovers
|-heal|p2b: Corviknight|41/100|[from] item: Leftovers
|upkeep
|
|t:|1757189308
|switch|p1a: Incineroar|Incineroar, L50, M|100/100
|-ability|p1a: Incineroar|Intimidate|boost
|-unboost|p2a: Tyranitar|atk|1
|-ability|p2b: Corviknight|Mirror Armor
|-unboost|p1a: Incineroar|atk|1
|turn|3
|inactive|ThetaB has 30 seconds left.
|
|t:|1757189333
|move|p1a: Incineroar|Fake Out|p2b: Corviknight
|-hint|Psychic Terrain doesn't affect Pokémon immune to Ground.
|-resisted|p2b: Corviknight
|-damage|p2b: Corviknight|40/100
|move|p1b: Dondozo|Wave Crash|p2b: Corviknight
|-damage|p2b: Corviknight|11/100
|-damage|p1b: Dondozo|20/100|[from] Recoil
|cant|p2b: Corviknight|flinch
|move|p2a: Tyranitar|Rock Slide|p1a: Incineroar|[spread] 
|-miss|p2a: Tyranitar|p1a: Incineroar
|-miss|p2a: Tyranitar|p1b: Dondozo
|
|-weather|Sandstorm|[upkeep]
|-damage|p1b: Dondozo|13/100|[from] Sandstorm
|-damage|p2a: Tyranitar|89/100|[from] Sandstorm
|-heal|p1b: Dondozo|20/100|[from] item: Leftovers
|-heal|p2b: Corviknight|17/100|[from] item: Leftovers
|upkeep
|turn|4
|inactive|Locsen has 30 seconds left.
|inactive|ThetaB has 30 seconds left.
|
|t:|1757189368
|switch|p2a: Excadrill|Excadrill, L50, F, shiny|100/100
|move|p1b: Dondozo|Protect|p1b: Dondozo
|-singleturn|p1b: Dondozo|Protect
|move|p1a: Incineroar|Knock Off|p2b: Corviknight
|-damage|p2b: Corviknight|4/100
|-enditem|p2b: Corviknight|Leftovers|[from] move: Knock Off|[of] p1a: Incineroar
|move|p2b: Corviknight|Brave Bird|p1b: Dondozo
|-activate|p1b: Dondozo|move: Protect
|
|-weather|Sandstorm|[upkeep]
|-damage|p1b: Dondozo|13/100|[from] Sandstorm
|-heal|p1b: Dondozo|20/100|[from] item: Leftovers
|upkeep
|turn|5
|inactive|Locsen has 30 seconds left.
|inactive|ThetaB has 30 seconds left.
|
|t:|1757189398
|move|p1b: Dondozo|Wave Crash|p2a: Excadrill
|-supereffective|p2a: Excadrill
|-enditem|p2a: Excadrill|Focus Sash
|-damage|p2a: Excadrill|1/100
|-damage|p1b: Dondozo|0 fnt|[from] Recoil
|faint|p1b: Dondozo
|move|p1a: Incineroar|Knock Off|p2b: Corviknight
|-damage|p2b: Corviknight|0 fnt
|faint|p2b: Corviknight
|move|p2a: Excadrill|Earthquake|p1a: Incineroar
|-supereffective|p1a: Incineroar
|-damage|p1a: Incineroar|3/100
|
|-weather|Sandstorm|[upkeep]
|-fieldend|move: Trick Room
|-fieldend|move: Psychic Terrain
|upkeep
|
|t:|1757189410
|switch|p2b: Tyranitar|Tyranitar, L50, M, shiny, tera:Flying|89/100
|switch|p1b: Garchomp|Garchomp, L50, F|100/100
|turn|6
|-message|Locsen forfeited.
|
|win|ThetaB
|raw|Locsen's rating: 1003 → 1000(-3 for losing)
|raw|ThetaB's rating: 1125 → 1142(+17 for winning)
|l|☆Locsen
|player|p1|
