|j|☆MiCasa3112
|j|☆MaeveOG
|html|MiCasa3112MaeveOG    
|uhtml|bestof|Game 2 of a best-of-3
|t:|1782317608
|gametype|doubles
|player|p1|MiCasa3112|lucas|
|player|p2|MaeveOG|cynthia|
|gen|9
|tier|[Gen 9 Champions] VGC 2026 Reg M-B (Bo3)
|rule|Species Clause: Limit one of each Pokémon
|rule|Item Clause: Limit 1 of each item
|clearpoke
|poke|p1|Archaludon, L50, F|
|poke|p1|Sableye, L50, M|
|poke|p1|Incineroar, L50, F|
|poke|p1|Basculegion-F, L50, F|
|poke|p1|Floette-Eternal, L50, F|
|poke|p1|Sinistcha, L50|
|poke|p2|Charizard, L50, M, shiny|
|poke|p2|Whimsicott, L50, F|
|poke|p2|Basculegion, L50, M|
|poke|p2|Farigiraf, L50, F|
|poke|p2|Kangaskhan, L50, F|
|poke|p2|Sneasler, L50, M|
|teampreview|4
|showteam|p1|Archaludon||Leftovers|Stamina|ElectroShot,FlashCannon,DragonPulse,Protect|Modest||F|||50|]Sableye||RoseliBerry|Prankster|WillOWisp,LightScreen,Quash,RainDance|Impish||M|||50|]Incineroar||ChopleBerry|Intimidate|FakeOut,FlareBlitz,CloseCombat,PartingShot|Adamant||F|||50|]Basculegion-F||FocusSash|SwiftSwim|MuddyWater,AquaJet,ShadowBall,IcyWind|Modest||F|||50|]Floette-Eternal||Floettite|FlowerVeil|DazzlingGleam,DrainingKiss,CalmMind,Protect|Modest||F|||50|]Sinistcha||ColburBerry|Hospitality|MatchaGotcha,RagePowder,TrickRoom,LifeDew|Bold|||||50|
|showteam|p2|Charizard||CharizarditeY|SolarPower|WeatherBall,HeatWave,SolarBeam,Protect|Timid||M|||50|]Whimsicott||FocusSash|Prankster|Moonblast,Tailwind,SunnyDay,Encore|Timid||F|||50|]Basculegion||ChoiceScarf|Adaptability|WaveCrash,AquaJet,LastRespects,FlipTurn|Adamant||M|||50|]Farigiraf||SitrusBerry|ArmorTail|Psychic,HyperVoice,HelpingHand,TrickRoom|Modest||F|||50|]Kangaskhan||Kangaskhanite|Scrappy|FakeOut,DoubleEdge,DrainPunch,SuckerPunch|Adamant||F|||50|]Sneasler||WhiteHerb|Unburden|FakeOut,CloseCombat,DireClaw,RockTomb|Adamant||M|||50|
|
|t:|1782317651
|teamsize|p1|4
|teamsize|p2|4
|start
|switch|p1a: Sableye|Sableye, L50, M|100/100
|switch|p1b: Basculegion|Basculegion-F, L50, F|100/100
|switch|p2a: Charizard|Charizard, L50, M, shiny|100/100
|switch|p2b: Whimsicott|Whimsicott, L50, F|100/100
|turn|1
|
|t:|1782317671
|detailschange|p2a: Charizard|Charizard-Mega-Y, L50, M, shiny
|-mega|p2a: Charizard|Charizard|Charizardite Y
|-weather|SunnyDay|[from] ability: Drought|[of] p2a: Charizard
|move|p2b: Whimsicott|Tailwind|p2b: Whimsicott
|-sidestart|p2: MaeveOG|move: Tailwind
|move|p1a: Sableye|Rain Dance|p1a: Sableye
|-weather|RainDance
|move|p2a: Charizard|Solar Beam||[still]
|-prepare|p2a: Charizard|Solar Beam
|move|p1b: Basculegion|Muddy Water|p2b: Whimsicott|[spread] p2b
|-miss|p1b: Basculegion|p2a: Charizard
|-resisted|p2b: Whimsicott|1
|-damage|p2b: Whimsicott|57/100
|
|-weather|RainDance|[upkeep]
|upkeep
|turn|2
|
|t:|1782317690
|move|p2b: Whimsicott|Sunny Day|p2b: Whimsicott
|-weather|SunnyDay
|move|p1a: Sableye|Light Screen|p1a: Sableye
|-sidestart|p1: MiCasa3112|move: Light Screen
|move|p2a: Charizard|Solar Beam|p1b: Basculegion|[from] lockedmove
|-supereffective|p1b: Basculegion|1
|-damage|p1b: Basculegion|33/100
|move|p1b: Basculegion|Muddy Water|p2b: Whimsicott|[spread] p2a,p2b
|-supereffective|p2a: Charizard|1
|-resisted|p2b: Whimsicott|1
|-damage|p2a: Charizard|67/100
|-damage|p2b: Whimsicott|44/100
|-unboost|p2b: Whimsicott|accuracy|1
|
|-weather|SunnyDay|[upkeep]
|upkeep
|turn|3
|
|t:|1782317718
|move|p1b: Basculegion|Aqua Jet|p2a: Charizard
|-supereffective|p2a: Charizard|1
|-damage|p2a: Charizard|52/100
|move|p1a: Sableye|Rain Dance|p1a: Sableye
|-weather|RainDance
|move|p2b: Whimsicott|Moonblast|p1a: Sableye
|-supereffective|p1a: Sableye|1
|-enditem|p1a: Sableye|Roseli Berry|[eat]
|-enditem|p1a: Sableye|Roseli Berry|[weaken]
|-damage|p1a: Sableye|69/100
|move|p2a: Charizard|Heat Wave|p1b: Basculegion|[spread] p1a
|-miss|p2a: Charizard|p1b: Basculegion
|-damage|p1a: Sableye|53/100
|
|-weather|RainDance|[upkeep]
|upkeep
|turn|4
|
|t:|1782317745
|move|p2b: Whimsicott|Sunny Day|p2b: Whimsicott
|-weather|SunnyDay
|move|p1a: Sableye|Quash|p2a: Charizard
|-activate|p2a: Charizard|move: Quash
|move|p1b: Basculegion|Muddy Water|p2a: Charizard|[spread] p2a,p2b
|-supereffective|p2a: Charizard|1
|-resisted|p2b: Whimsicott|1
|-damage|p2a: Charizard|21/100
|-damage|p2b: Whimsicott|32/100
|-unboost|p2a: Charizard|accuracy|1
|move|p2a: Charizard|Weather Ball|p1a: Sableye
|-damage|p1a: Sableye|0 fnt
|faint|p1a: Sableye
|
|-weather|SunnyDay|[upkeep]
|-sideend|p2: MaeveOG|move: Tailwind
|upkeep
|
|t:|1782317759
|switch|p1a: Archaludon|Archaludon, L50, F|100/100
|turn|5
|
|t:|1782317787
|move|p2b: Whimsicott|Tailwind|p2b: Whimsicott
|-sidestart|p2: MaeveOG|move: Tailwind
|move|p1b: Basculegion|Aqua Jet|p2a: Charizard
|-supereffective|p2a: Charizard|1
|-damage|p2a: Charizard|5/100
|move|p2a: Charizard|Heat Wave|p1b: Basculegion|[spread] p1a
|-miss|p2a: Charizard|p1b: Basculegion
|-damage|p1a: Archaludon|53/100
|-status|p1a: Archaludon|brn
|-ability|p1a: Archaludon|Stamina|boost
|-boost|p1a: Archaludon|def|1
|move|p1a: Archaludon|Flash Cannon|p2b: Whimsicott
|-supereffective|p2b: Whimsicott|1
|-damage|p2b: Whimsicott|0 fnt
|faint|p2b: Whimsicott
|
|-weather|SunnyDay|[upkeep]
|-heal|p1a: Archaludon|59/100 brn|[from] item: Leftovers
|-damage|p1a: Archaludon|53/100 brn|[from] brn
|upkeep
|
|t:|1782317809
|switch|p2b: Basculegion|Basculegion, L50, M|100/100
|turn|6
|
|t:|1782317819
|move|p2a: Charizard|Protect|p2a: Charizard
|-singleturn|p2a: Charizard|Protect
|move|p1b: Basculegion|Aqua Jet|p2a: Charizard
|-activate|p2a: Charizard|move: Protect
|move|p2b: Basculegion|Last Respects|p1b: Basculegion
|-supereffective|p1b: Basculegion|1
|-damage|p1b: Basculegion|0 fnt
|faint|p1b: Basculegion
|move|p1a: Archaludon|Dragon Pulse|p2b: Basculegion
|-damage|p2b: Basculegion|47/100
|
|-weather|SunnyDay|[upkeep]
|-heal|p1a: Archaludon|59/100 brn|[from] item: Leftovers
|-damage|p1a: Archaludon|53/100 brn|[from] brn
|-sideend|p1: MiCasa3112|move: Light Screen
|upkeep
|
|t:|1782317828
|switch|p1b: Incineroar|Incineroar, L50, F|100/100
|-ability|p1b: Incineroar|Intimidate|boost
|-unboost|p2a: Charizard|atk|1
|-unboost|p2b: Basculegion|atk|1
|turn|7
|
|t:|1782317843
|switch|p2a: Sneasler|Sneasler, L50, M|100/100
|move|p1b: Incineroar|Fake Out|p2a: Sneasler
|-damage|p2a: Sneasler|78/100
|move|p2b: Basculegion|Last Respects|p1a: Archaludon
|-damage|p1a: Archaludon|29/100 brn
|-ability|p1a: Archaludon|Stamina|boost
|-boost|p1a: Archaludon|def|1
|move|p1a: Archaludon|Dragon Pulse|p2b: Basculegion
|-damage|p2b: Basculegion|0 fnt
|faint|p2b: Basculegion
|
|-weather|SunnyDay|[upkeep]
|-heal|p1a: Archaludon|35/100 brn|[from] item: Leftovers
|-damage|p1a: Archaludon|29/100 brn|[from] brn
|upkeep
|
|t:|1782317861
|switch|p2b: Charizard|Charizard-Mega-Y, L50, M, shiny|5/100
|turn|8
|
|t:|1782317883
|move|p1a: Archaludon|Protect|p1a: Archaludon
|-singleturn|p1a: Archaludon|Protect
|move|p2a: Sneasler|Close Combat|p1b: Incineroar
|-supereffective|p1b: Incineroar|1
|-enditem|p1b: Incineroar|Chople Berry|[eat]
|-enditem|p1b: Incineroar|Chople Berry|[weaken]
|-damage|p1b: Incineroar|38/100
|-unboost|p2a: Sneasler|def|1
|-unboost|p2a: Sneasler|spd|1
|-enditem|p2a: Sneasler|White Herb
|-clearnegativeboost|p2a: Sneasler|[silent]
|move|p2b: Charizard|Weather Ball|p1a: Archaludon
|-activate|p1a: Archaludon|move: Protect
|move|p1b: Incineroar|Flare Blitz|p2a: Sneasler
|-damage|p2a: Sneasler|0 fnt
|faint|p2a: Sneasler
|-damage|p1b: Incineroar|17/100|[from] Recoil
|
|-weather|none
|-heal|p1a: Archaludon|35/100 brn|[from] item: Leftovers
|-damage|p1a: Archaludon|29/100 brn|[from] brn
|-sideend|p2: MaeveOG|move: Tailwind
|upkeep
|turn|9
|
|t:|1782317907
|move|p2b: Charizard|Heat Wave|p1b: Incineroar|[spread] p1a,p1b
|-crit|p1a: Archaludon
|-resisted|p1b: Incineroar|1
|-damage|p1a: Archaludon|0 fnt
|-damage|p1b: Incineroar|0 fnt
|faint|p1a: Archaludon
|faint|p1b: Incineroar
|
|win|MaeveOG
||MiCasa3112 is ready for game 3.
|inactive|MaeveOG has 30 seconds to confirm battle start!
||MaeveOG is ready for game 3.
|uhtml|next|Next: Game 3 of 3
|l|☆MiCasa3112
|player|p1|
