|j|☆SHyperdestroyerVGC
|j|☆master 792
|html|SHyperdestroyerVGCmaster 792    
|uhtml|bestof|Game 1 of a best-of-3
|t:|1784481892
|gametype|doubles
|player|p1|SHyperdestroyerVGC|lady|1218
|player|p2|master 792|red|1331
|gen|9
|tier|[Gen 9 Champions] VGC 2026 Reg M-B (Bo3)
|rated|
|rule|Species Clause: Limit one of each Pokémon
|rule|Item Clause: Limit 1 of each item
|clearpoke
|poke|p1|Gengar, L50, M|
|poke|p1|Politoed, L50, F|
|poke|p1|Archaludon, L50, F|
|poke|p1|Grimmsnarl, L50, M|
|poke|p1|Sinistcha, L50|
|poke|p1|Sneasler, L50, M|
|poke|p2|Gengar, L50, M, shiny|
|poke|p2|Swampert, L50, M|
|poke|p2|Politoed, L50, F|
|poke|p2|Grimmsnarl, L50, M|
|poke|p2|Archaludon, L50, F|
|poke|p2|Incineroar, L50, M|
|teampreview|4
|showteam|p1|Gengar||Gengarite|CursedBody|ShadowBall,PerishSong,Disable,Protect|Timid||M|||50|]Politoed||SitrusBerry|Drizzle|WeatherBall,PerishSong,Encore,Protect|Bold||F|||50|]Archaludon||Leftovers|Stamina|ElectroShot,FlashCannon,DragonPulse,Protect|Modest||F|||50|]Grimmsnarl||LightClay|Prankster|FakeOut,PartingShot,Reflect,LightScreen|Bold||M|||50|]Sinistcha||OccaBerry|Hospitality|MatchaGotcha,RagePowder,TrickRoom,Protect|Calm|||||50|]Sneasler||WhiteHerb|Unburden|DireClaw,FakeOut,CloseCombat,Protect|Adamant||M|||50|
|showteam|p2|Gengar||Gengarite|CursedBody|ShadowBall,PerishSong,Disable,Protect|Timid||M|||50|]Swampert||Swampertite|Torrent|HighHorsepower,WaveCrash,IcePunch,Protect|Adamant||M|||50|]Politoed||SitrusBerry|Drizzle|WeatherBall,PerishSong,Protect,Encore|Bold||F|||50|]Grimmsnarl||LightClay|Prankster|Reflect,SpiritBreak,LightScreen,PartingShot|Careful||M|||50|]Archaludon||Leftovers|Stamina|ElectroShot,FlashCannon,AuraSphere,Protect|Modest||F|||50|]Incineroar||ChopleBerry|Intimidate|FakeOut,Protect,PartingShot,ThroatChop|Careful||M|||50|
|
|t:|1784481942
|teamsize|p1|4
|teamsize|p2|4
|start
|switch|p1a: Sinistcha|Sinistcha, L50|100/100
|switch|p1b: Gengar|Gengar, L50, M|100/100
|switch|p2a: Grimmsnarl|Grimmsnarl, L50, M|100/100
|switch|p2b: Archaludon|Archaludon, L50, F|100/100
|turn|1
|
|t:|1784481976
|detailschange|p1b: Gengar|Gengar-Mega, L50, M
|-mega|p1b: Gengar|Gengar|Gengarite
|move|p1a: Sinistcha|Rage Powder|p1a: Sinistcha
|-singleturn|p1a: Sinistcha|move: Rage Powder
|move|p2a: Grimmsnarl|Light Screen|p2a: Grimmsnarl
|-sidestart|p2: master 792|move: Light Screen
|move|p1b: Gengar|Perish Song|p1b: Gengar
|-start|p1a: Sinistcha|perish3|[silent]
|-start|p1b: Gengar|perish3|[silent]
|-start|p2a: Grimmsnarl|perish3|[silent]
|-start|p2b: Archaludon|perish3|[silent]
|-fieldactivate|move: Perish Song
|move|p2b: Archaludon|Flash Cannon|p1a: Sinistcha
|-damage|p1a: Sinistcha|62/100
|
|-start|p1b: Gengar|perish3
|-start|p2b: Archaludon|perish3
|-start|p1a: Sinistcha|perish3
|-start|p2a: Grimmsnarl|perish3
|upkeep
|turn|2
|
|t:|1784481991
|move|p1b: Gengar|Protect|p1b: Gengar
|-singleturn|p1b: Gengar|Protect
|move|p1a: Sinistcha|Protect|p1a: Sinistcha
|-singleturn|p1a: Sinistcha|Protect
|move|p2a: Grimmsnarl|Parting Shot|p1b: Gengar
|-activate|p1b: Gengar|move: Protect
|move|p2b: Archaludon|Electro Shot||[still]
|-prepare|p2b: Archaludon|Electro Shot
|-boost|p2b: Archaludon|spa|1
|
|-start|p1b: Gengar|perish2
|-start|p2b: Archaludon|perish2
|-start|p1a: Sinistcha|perish2
|-start|p2a: Grimmsnarl|perish2
|upkeep
|turn|3
|
|t:|1784482015
|move|p1a: Sinistcha|Rage Powder|p1a: Sinistcha
|-singleturn|p1a: Sinistcha|move: Rage Powder
|move|p2a: Grimmsnarl|Parting Shot|p1a: Sinistcha
|-unboost|p1a: Sinistcha|atk|1
|-unboost|p1a: Sinistcha|spa|1
|
|t:|1784482025
|switch|p2a: Politoed|Politoed, L50, F|100/100|[from] Parting Shot
|-weather|RainDance|[from] ability: Drizzle|[of] p2a: Politoed
|move|p1b: Gengar|Perish Song|p1b: Gengar
|-start|p2a: Politoed|perish3|[silent]
|-fieldactivate|move: Perish Song
|move|p2b: Archaludon|Electro Shot|p1a: Sinistcha|[from] lockedmove
|-resisted|p1a: Sinistcha|1
|-damage|p1a: Sinistcha|34/100
|
|-weather|RainDance|[upkeep]
|-start|p1b: Gengar|perish1
|-start|p2b: Archaludon|perish1
|-start|p1a: Sinistcha|perish1
|-start|p2a: Politoed|perish3
|upkeep
|turn|4
|
|t:|1784482050
|switch|p1b: Sneasler|Sneasler, L50, M|100/100
|switch|p1a: Politoed|Politoed, L50, F|100/100
|move|p2b: Archaludon|Electro Shot||[still]
|-prepare|p2b: Archaludon|Electro Shot
|-boost|p2b: Archaludon|spa|1
|-anim|p2b: Archaludon|Electro Shot|p1b: Sneasler
|-damage|p1b: Sneasler|0 fnt
|faint|p1b: Sneasler
|move|p2a: Politoed|Weather Ball|p1a: Politoed
|-resisted|p1a: Politoed|1
|-damage|p1a: Politoed|80/100
|
|-weather|RainDance|[upkeep]
|-start|p2b: Archaludon|perish0
|-start|p2a: Politoed|perish2
|faint|p2b: Archaludon
|upkeep
|
|t:|1784482065
|switch|p1b: Gengar|Gengar-Mega, L50, M|100/100
|switch|p2b: Swampert|Swampert, L50, M|100/100
|turn|5
|
|t:|1784482078
|switch|p1a: Sinistcha|Sinistcha, L50|34/100
|detailschange|p2b: Swampert|Swampert-Mega, L50, M
|-mega|p2b: Swampert|Swampert|Swampertite
|move|p1b: Gengar|Protect|p1b: Gengar
|-singleturn|p1b: Gengar|Protect
|move|p2b: Swampert|Wave Crash|p1a: Sinistcha
|-resisted|p1a: Sinistcha|1
|-damage|p1a: Sinistcha|0 fnt
|faint|p1a: Sinistcha
|-damage|p2b: Swampert|89/100|[from] Recoil
|move|p2a: Politoed|Weather Ball|p1b: Gengar
|-activate|p1b: Gengar|move: Protect
|
|-weather|RainDance|[upkeep]
|-start|p2a: Politoed|perish1
|upkeep
|
|t:|1784482081
|switch|p1a: Politoed|Politoed, L50, F|80/100
|turn|6
|
|t:|1784482092
|move|p2b: Swampert|Wave Crash|p1a: Politoed
|-resisted|p1a: Politoed|1
|-damage|p1a: Politoed|29/100
|-enditem|p1a: Politoed|Sitrus Berry|[eat]
|-heal|p1a: Politoed|54/100|[from] item: Sitrus Berry
|-damage|p2b: Swampert|71/100|[from] Recoil
|move|p1b: Gengar|Disable|p2b: Swampert
|-start|p2b: Swampert|Disable|Wave Crash
|move|p1a: Politoed|Encore|p2b: Swampert
|-start|p2b: Swampert|Encore
|move|p2a: Politoed|Perish Song|p2a: Politoed
|-start|p1a: Politoed|perish3|[silent]
|-start|p1b: Gengar|perish3|[silent]
|-start|p2b: Swampert|perish3|[silent]
|-fieldactivate|move: Perish Song
|
|-weather|RainDance|[upkeep]
|-start|p2b: Swampert|perish3
|-start|p1b: Gengar|perish3
|-start|p1a: Politoed|perish3
|-start|p2a: Politoed|perish0
|faint|p2a: Politoed
|upkeep
|
|t:|1784482096
|switch|p2a: Grimmsnarl|Grimmsnarl, L50, M|100/100
|turn|7
|
|t:|1784482115
|-activate|p2b: Swampert|move: Struggle
|move|p2b: Swampert|Struggle|p1b: Gengar
|-damage|p1b: Gengar|71/100
|-damage|p2b: Swampert|46/100|[from] recoil
|move|p1b: Gengar|Shadow Ball|p2a: Grimmsnarl
|-resisted|p2a: Grimmsnarl|1
|-damage|p2a: Grimmsnarl|86/100
|-unboost|p2a: Grimmsnarl|spd|1
|move|p1a: Politoed|Weather Ball|p2a: Grimmsnarl
|-damage|p2a: Grimmsnarl|42/100
|move|p2a: Grimmsnarl|Spirit Break|p1a: Politoed
|-damage|p1a: Politoed|25/100
|-unboost|p1a: Politoed|spa|1
|
|-weather|none
|-start|p2b: Swampert|perish2
|-start|p1b: Gengar|perish2
|-start|p1a: Politoed|perish2
|upkeep
|turn|8
|
|t:|1784482128
|move|p1b: Gengar|Shadow Ball|p2a: Grimmsnarl
|-resisted|p2a: Grimmsnarl|1
|-damage|p2a: Grimmsnarl|22/100
|move|p1a: Politoed|Weather Ball|p2a: Grimmsnarl
|-damage|p2a: Grimmsnarl|15/100
|-activate|p2b: Swampert|move: Struggle
|move|p2b: Swampert|Struggle|p1a: Politoed
|-damage|p1a: Politoed|7/100
|-damage|p2b: Swampert|21/100|[from] recoil
|move|p2a: Grimmsnarl|Spirit Break|p1a: Politoed
|-damage|p1a: Politoed|0 fnt
|faint|p1a: Politoed
|
|-start|p1b: Gengar|perish1
|-start|p2b: Swampert|perish1
|-sideend|p2: master 792|move: Light Screen
|upkeep
|turn|9
|
|t:|1784482141
|move|p2a: Grimmsnarl|Parting Shot|p1b: Gengar
|-unboost|p1b: Gengar|atk|1
|-unboost|p1b: Gengar|spa|1
|move|p1b: Gengar|Shadow Ball|p2a: Grimmsnarl
|-resisted|p2a: Grimmsnarl|1
|-damage|p2a: Grimmsnarl|0 fnt
|faint|p2a: Grimmsnarl
|-activate|p2b: Swampert|move: Struggle
|move|p2b: Swampert|Struggle|p1b: Gengar
|-damage|p1b: Gengar|44/100
|-damage|p2b: Swampert|0 fnt|[from] recoil
|faint|p2b: Swampert
|
|win|SHyperdestroyerVGC
||master 792 is ready for game 2.
|inactive|SHyperdestroyerVGC has 30 seconds to confirm battle start!
||SHyperdestroyerVGC is ready for game 2.
|uhtml|next|Next: Game 2 of 3
