|j|☆lazywarlock
|html|lazywarlockGen4lover2    
|uhtml|bestof|Game 3 of a best-of-3
|t:|1785785077
|gametype|doubles
|player|p1|lazywarlock|101|1349
|player|p2|Gen4lover2|wallace|1249
|gen|9
|tier|[Gen 9 Champions] VGC 2026 Reg M-B (Bo3)
|rated|
|rule|Species Clause: Limit one of each Pokémon
|rule|Item Clause: Limit 1 of each item
|clearpoke
|poke|p1|Raichu, L50, M|
|poke|p1|Sylveon, L50, F|
|poke|p1|Aerodactyl, L50, M|
|poke|p1|Kingambit, L50, M|
|poke|p1|Basculegion, L50, M|
|poke|p1|Sneasler, L50, M|
|poke|p2|Tyranitar, L50, M|
|poke|p2|Excadrill, L50, F|
|poke|p2|Staraptor, L50, F|
|poke|p2|Milotic, L50, F|
|poke|p2|Gholdengo, L50|
|poke|p2|Sinistcha-Masterpiece, L50|
|teampreview|4
|showteam|p1|Raichu||RaichuniteY|LightningRod|ZapCannon,FocusBlast,FakeOut,Protect|Timid||M|||50|]Sylveon||FairyFeather|Pixilate|HyperVoice,HyperBeam,QuickAttack,Protect|Modest||F|||50|]Aerodactyl||Aerodactylite|Unnerve|DualWingbeat,RockSlide,Tailwind,IceFang|Jolly||M|||50|]Kingambit||LifeOrb|Defiant|KowtowCleave,SuckerPunch,SwordsDance,Protect|Adamant||M|||50|]Basculegion||MysticWater|Adaptability|WaveCrash,LastRespects,AquaJet,Protect|Adamant||M|||50|]Sneasler||FocusSash|PoisonTouch|PoisonJab,FakeOut,CloseCombat,QuickAttack|Jolly||M|||50|
|showteam|p2|Tyranitar||Tyranitarite|SandStream|RockSlide,KnockOff,LowKick,Protect|Adamant||M|||50|]Excadrill||FocusSash|SandRush|HighHorsepower,IronHead,RockSlide,Protect|Adamant||F|||50|]Staraptor||Staraptite|Intimidate|BraveBird,CloseCombat,Tailwind,Protect|Jolly||F|||50|]Milotic||SitrusBerry|Competitive|Scald,IceBeam,Recover,Protect|Modest||F|||50|]Gholdengo||LifeOrb|GoodasGold|MakeItRain,ShadowBall,NastyPlot,Protect|Modest|||||50|]Sinistcha-Masterpiece||ColburBerry|Hospitality|MatchaGotcha,RagePowder,TrickRoom,Protect|Relaxed|||||50|
|j|☆Gen4lover2
|player|p2|Gen4lover2|wallace|
|inactive|Battle timer is ON: inactive players will automatically lose when time's up. (requested by Gen4lover2)
|
|t:|1785785098
|teamsize|p1|4
|teamsize|p2|4
|start
|switch|p1a: Basculegion|Basculegion, L50, M|100/100
|switch|p1b: Raichu|Raichu, L50, M|100/100
|switch|p2a: Tyranitar|Tyranitar, L50, M|100/100
|switch|p2b: Excadrill|Excadrill, L50, F|100/100
|-weather|Sandstorm|[from] ability: Sand Stream|[of] p2a: Tyranitar
|turn|1
|
|t:|1785785114
|switch|p1b: Sneasler|Sneasler, L50, M|100/100
|move|p2b: Excadrill|Protect|p2b: Excadrill
|-singleturn|p2b: Excadrill|Protect
|move|p2a: Tyranitar|Protect|p2a: Tyranitar
|-singleturn|p2a: Tyranitar|Protect
|move|p1a: Basculegion|Wave Crash|p2b: Excadrill
|-activate|p2b: Excadrill|move: Protect
|
|-weather|Sandstorm|[upkeep]
|-damage|p1b: Sneasler|94/100|[from] Sandstorm
|-damage|p1a: Basculegion|93/100|[from] Sandstorm
|upkeep
|turn|2
|inactive|lazywarlock has 30 seconds left.
|inactive|Gen4lover2 has 30 seconds left.
|
|t:|1785785145
|detailschange|p2a: Tyranitar|Tyranitar-Mega, L50, M
|-mega|p2a: Tyranitar|Tyranitar|Tyranitarite
|move|p1b: Sneasler|Fake Out|p2b: Excadrill
|-resisted|p2b: Excadrill|1
|-damage|p2b: Excadrill|89/100
|cant|p2b: Excadrill|flinch
|move|p2a: Tyranitar|Knock Off|p1a: Basculegion
|-supereffective|p1a: Basculegion|1
|-damage|p1a: Basculegion|0 fnt
|-enditem|p1a: Basculegion|Mystic Water|[from] move: Knock Off|[of] p2a: Tyranitar
|faint|p1a: Basculegion
|
|-weather|Sandstorm|[upkeep]
|-damage|p1b: Sneasler|88/100|[from] Sandstorm
|upkeep
|
|t:|1785785154
|switch|p1a: Sylveon|Sylveon, L50, F|100/100
|turn|3
|
|t:|1785785170
|switch|p2a: Sinistcha|Sinistcha-Masterpiece, L50|100/100
|-heal|p2b: Excadrill|100/100|[from] ability: Hospitality|[of] p2a: Sinistcha
|move|p2b: Excadrill|High Horsepower|p1b: Sneasler
|-supereffective|p1b: Sneasler|1
|-crit|p1b: Sneasler
|-damage|p1b: Sneasler|0 fnt
|faint|p1b: Sneasler
|move|p1a: Sylveon|Hyper Voice|p2a: Sinistcha|[spread] p2a,p2b
|-resisted|p2b: Excadrill|1
|-damage|p2a: Sinistcha|55/100
|-damage|p2b: Excadrill|68/100
|
|-weather|Sandstorm|[upkeep]
|-damage|p1a: Sylveon|94/100|[from] Sandstorm
|-damage|p2a: Sinistcha|49/100|[from] Sandstorm
|upkeep
|
|t:|1785785177
|switch|p1b: Raichu|Raichu, L50, M|100/100
|turn|4
|l|☆Gen4lover2
|inactive|Gen4lover2 disconnected and has a minute to reconnect!
|player|p2|
|j|☆Gen4lover2
|inactive|Gen4lover2 reconnected and has 35 seconds left.
|player|p2|Gen4lover2|wallace|
|inactive|Gen4lover2 has 30 seconds left.
|
|t:|1785785202
|detailschange|p1b: Raichu|Raichu-Mega-Y, L50, M
|-mega|p1b: Raichu|Raichu|Raichunite Y
|move|p1b: Raichu|Fake Out|p2b: Excadrill
|-resisted|p2b: Excadrill|1
|-damage|p2b: Excadrill|62/100
|move|p2a: Sinistcha|Rage Powder|p2a: Sinistcha
|-singleturn|p2a: Sinistcha|move: Rage Powder
|cant|p2b: Excadrill|flinch
|move|p1a: Sylveon|Hyper Voice|p2a: Sinistcha|[spread] p2a,p2b
|-resisted|p2b: Excadrill|1
|-damage|p2a: Sinistcha|5/100
|-damage|p2b: Excadrill|30/100
|
|-weather|Sandstorm|[upkeep]
|-damage|p1b: Raichu|94/100|[from] Sandstorm
|-damage|p1a: Sylveon|88/100|[from] Sandstorm
|-damage|p2a: Sinistcha|0 fnt|[from] Sandstorm
|faint|p2a: Sinistcha
|upkeep
|
|t:|1785785210
|switch|p2a: Gholdengo|Gholdengo, L50|100/100
|turn|5
|
|t:|1785785227
|move|p1b: Raichu|Protect|p1b: Raichu
|-singleturn|p1b: Raichu|Protect
|move|p1a: Sylveon|Protect|p1a: Sylveon
|-singleturn|p1a: Sylveon|Protect
|move|p2b: Excadrill|Iron Head|p1a: Sylveon
|-activate|p1a: Sylveon|move: Protect
|move|p2a: Gholdengo|Nasty Plot|p2a: Gholdengo
|-boost|p2a: Gholdengo|spa|2
|
|-weather|none
|upkeep
|turn|6
|
|t:|1785785242
|move|p2b: Excadrill|Protect|p2b: Excadrill
|-singleturn|p2b: Excadrill|Protect
|move|p1b: Raichu|Zap Cannon|p2a: Gholdengo
|-damage|p2a: Gholdengo|29/100
|-status|p2a: Gholdengo|par
|move|p1a: Sylveon|Hyper Voice|p2a: Gholdengo|[spread] p2a
|-activate|p2b: Excadrill|move: Protect
|-resisted|p2a: Gholdengo|1
|-damage|p2a: Gholdengo|6/100 par
|move|p2a: Gholdengo|Shadow Ball|p1b: Raichu
|-damage|p1b: Raichu|0 fnt
|faint|p1b: Raichu
|-damage|p2a: Gholdengo|0 fnt|[from] item: Life Orb
|faint|p2a: Gholdengo
|
|upkeep
|
|t:|1785785256
|switch|p2a: Tyranitar|Tyranitar-Mega, L50, M|100/100
|-weather|Sandstorm|[from] ability: Sand Stream|[of] p2a: Tyranitar
|turn|7
|
|t:|1785785263
|move|p2b: Excadrill|Iron Head|p1a: Sylveon
|-supereffective|p1a: Sylveon|1
|-damage|p1a: Sylveon|0 fnt
|faint|p1a: Sylveon
|
|win|Gen4lover2
|raw|lazywarlock's rating: 1349 → 1323(-26 for losing)
|raw|Gen4lover2's rating: 1249 → 1281(+32 for winning)
