|j|☆doatzmgoatz
|j|☆ablizzardis1
|html|doatzmgoatzablizzardis1    
|uhtml|bestof|Game 2 of a best-of-3
|t:|1783815039
|gametype|doubles
|player|p1|doatzmgoatz|wallace|
|player|p2|ablizzardis1|265|
|gen|9
|tier|[Gen 9 Champions] VGC 2026 Reg M-B (Bo3)
|rule|Species Clause: Limit one of each Pokémon
|rule|Item Clause: Limit 1 of each item
|clearpoke
|poke|p1|Incineroar, L50, M|
|poke|p1|Gengar, L50, M|
|poke|p1|Clefable, L50, F|
|poke|p1|Vaporeon, L50, M|
|poke|p1|Hydreigon, L50, M|
|poke|p1|Noivern, L50, F|
|poke|p2|Garchomp, L50, F|
|poke|p2|Talonflame, L50, F|
|poke|p2|Tsareena, L50, F|
|poke|p2|Gardevoir, L50, M, shiny|
|poke|p2|Meowscarada, L50, F|
|poke|p2|Sharpedo, L50, M|
|teampreview|4
|showteam|p1|Incineroar||SitrusBerry|Intimidate|FakeOut,PartingShot,FlareBlitz,Superpower|Adamant||M|||50|]Gengar||Gengarite|CursedBody|SludgeWave,ShadowBall,Protect,DazzlingGleam|Timid||M|||50|]Clefable||Leftovers|Unaware|DazzlingGleam,FollowMe,HealPulse,Protect|Calm||F|||50|]Vaporeon||MysticWater|WaterAbsorb|IceBeam,AcidArmor,RainDance,Surf|Bold||M|||50|]Hydreigon||DragonFang|Levitate|DracoMeteor,DarkPulse,EarthPower,Uturn|Timid||M|||50|]Noivern||LifeOrb|Telepathy|Hurricane,Uturn,Boomburst,Tailwind|Timid||F|||50|
|showteam|p2|Garchomp||RoseliBerry|RoughSkin|PoisonJab,Earthquake,Outrage,FireFang|Adamant||F|||50|]Talonflame||SharpBeak|GaleWings|BraveBird,Protect,Tailwind,FlareBlitz|Jolly||F|||50|]Tsareena||ScopeLens|QueenlyMajesty|HighJumpKick,PowerWhip,TripleAxel,Taunt|Adamant||F|||50|]Gardevoir||Gardevoirite|Trace|HyperVoice,Psychic,AuraSphere,Protect|Timid||M|||50|]Meowscarada||ExpertBelt|Protean|ThunderPunch,BrickBreak,FlowerTrick,TripleAxel|Jolly||F|||50|]Sharpedo||LifeOrb|SpeedBoost|Crunch,Waterfall,Earthquake,Protect|Adamant||M|||50|
|
|t:|1783815084
|teamsize|p1|4
|teamsize|p2|4
|start
|switch|p1a: Incineroar|Incineroar, L50, M|100/100
|switch|p1b: Gengar|Gengar, L50, M|100/100
|switch|p2a: Tsareena|Tsareena, L50, F|100/100
|switch|p2b: Talonflame|Talonflame, L50, F|100/100
|-ability|p1a: Incineroar|Intimidate|boost
|-unboost|p2a: Tsareena|atk|1
|-unboost|p2b: Talonflame|atk|1
|turn|1
|
|t:|1783815115
|detailschange|p1b: Gengar|Gengar-Mega, L50, M
|-mega|p1b: Gengar|Gengar|Gengarite
|move|p2b: Talonflame|Tailwind|p2b: Talonflame
|-sidestart|p2: ablizzardis1|move: Tailwind
|move|p1b: Gengar|Sludge Wave|p2b: Talonflame|[spread] p1a,p2a,p2b
|-supereffective|p2a: Tsareena|1
|-damage|p1a: Incineroar|56/100
|-damage|p2a: Tsareena|9/100
|-damage|p2b: Talonflame|29/100
|move|p2a: Tsareena|High Jump Kick|p1a: Incineroar
|-supereffective|p1a: Incineroar|1
|-crit|p1a: Incineroar
|-damage|p1a: Incineroar|0 fnt
|faint|p1a: Incineroar
|
|upkeep
|
|t:|1783815129
|switch|p1a: Noivern|Noivern, L50, F|100/100
|turn|2
|
|t:|1783815145
|move|p1b: Gengar|Protect|p1b: Gengar
|-singleturn|p1b: Gengar|Protect
|move|p2b: Talonflame|Brave Bird|p1b: Gengar
|-activate|p1b: Gengar|move: Protect
|move|p1a: Noivern|Tailwind|p1a: Noivern
|-sidestart|p1: doatzmgoatz|move: Tailwind
|move|p2a: Tsareena|Triple Axel|p1a: Noivern
|-supereffective|p1a: Noivern|2
|-damage|p1a: Noivern|70/100
|-supereffective|p1a: Noivern|2
|-crit|p1a: Noivern
|-damage|p1a: Noivern|0 fnt
|faint|p1a: Noivern
|-hitcount|p1: Noivern|2
|
|upkeep
|
|t:|1783815157
|switch|p1a: Vaporeon|Vaporeon, L50, M|100/100
|turn|3
|
|t:|1783815167
|move|p1b: Gengar|Sludge Wave|p2a: Tsareena|[spread] p1a,p2a,p2b
|-supereffective|p2a: Tsareena|1
|-damage|p1a: Vaporeon|66/100
|-damage|p2a: Tsareena|0 fnt
|-damage|p2b: Talonflame|0 fnt
|faint|p2a: Tsareena
|faint|p2b: Talonflame
|move|p1a: Vaporeon|Acid Armor|p1a: Vaporeon
|-boost|p1a: Vaporeon|def|2
|
|upkeep
|
|t:|1783815174
|switch|p2b: Gardevoir|Gardevoir, L50, M, shiny|100/100
|switch|p2a: Garchomp|Garchomp, L50, F|100/100
|-ability|p2b: Gardevoir|Water Absorb|Trace|[from] ability: Trace|[of] p1a: Vaporeon
|turn|4
|
|t:|1783815192
|detailschange|p2b: Gardevoir|Gardevoir-Mega, L50, M, shiny
|-mega|p2b: Gardevoir|Gardevoir|Gardevoirite
|move|p1b: Gengar|Protect|p1b: Gengar
|-singleturn|p1b: Gengar|Protect
|move|p2b: Gardevoir|Psychic|p1b: Gengar
|-activate|p1b: Gengar|move: Protect
|move|p2a: Garchomp|Earthquake|p1a: Vaporeon|[spread] p2b,p1a
|-activate|p1b: Gengar|move: Protect
|-damage|p2b: Gardevoir|21/100
|-damage|p1a: Vaporeon|49/100
|move|p1a: Vaporeon|Ice Beam|p2a: Garchomp
|-supereffective|p2a: Garchomp|2
|-damage|p2a: Garchomp|18/100
|
|-sideend|p2: ablizzardis1|move: Tailwind
|upkeep
|turn|5
|
|t:|1783815214
|move|p1b: Gengar|Sludge Wave|p2a: Garchomp|[spread] p1a,p2a,p2b
|-resisted|p2a: Garchomp|1
|-supereffective|p2b: Gardevoir|1
|-damage|p1a: Vaporeon|14/100
|-damage|p2a: Garchomp|0 fnt
|-damage|p2b: Gardevoir|0 fnt
|faint|p2a: Garchomp
|faint|p2b: Gardevoir
|
|win|doatzmgoatz
|inactive|doatzmgoatz has 30 seconds to confirm battle start!
|inactive|ablizzardis1 has 30 seconds to confirm battle start!
||ablizzardis1 is ready for game 3.
||doatzmgoatz is ready for game 3.
|uhtml|next|Next: Game 3 of 3
