|j|☆dambro222
|j|☆vikaenjoyer
|html|dambro222vikaenjoyer    
|uhtml|bestof|Game 2 of a best-of-3
|t:|1756401164
|gametype|doubles
|player|p1|dambro222|102|1203
|player|p2|vikaenjoyer|169|1101
|gen|9
|tier|[Gen 9] VGC 2025 Reg H (Bo3)
|rated|
|rule|Species Clause: Limit one of each Pokémon
|rule|Item Clause: Limit 1 of each item
|clearpoke
|poke|p1|Dragonite, L50, M|
|poke|p1|Volcarona, L50, F|
|poke|p1|Sneasler, L50, M|
|poke|p1|Rillaboom, L50, M|
|poke|p1|Electabuzz, L50, M|
|poke|p1|Kingambit, L50, M|
|poke|p2|Bronzong, L50|
|poke|p2|Incineroar, L50, F|
|poke|p2|Sneasler, L50, F|
|poke|p2|Vikavolt, L50, F|
|poke|p2|Ursaluna, L50, F|
|poke|p2|Ninetales-Alola, L50, F|
|teampreview|4
|showteam|p1|Dragonite||LoadedDice|Multiscale|ScaleShot,ExtremeSpeed,Haze,Protect|||M|||50|,,,,,Fairy]Volcarona||CovertCloak|FlameBody|HeatWave,TeraBlast,QuiverDance,Protect|||F|||50|,,,,,Fairy]Sneasler||FocusSash|Unburden|CloseCombat,DireClaw,RockSlide,Protect|||M|||50|,,,,,Stellar]Rillaboom||AssaultVest|GrassySurge|WoodHammer,GrassyGlide,HighHorsepower,FakeOut|||M|||50|,,,,,Water]Electabuzz||Eviolite|VitalSpirit|Electroweb,FollowMe,Taunt,Protect|||M|||50|,,,,,Ghost]Kingambit||BlackGlasses|Defiant|KowtowCleave,SuckerPunch,SwordsDance,Protect|||M|||50|,,,,,Dark
|showteam|p2|Bronzong||SafetyGoggles|Levitate|Psychic,BodyPress,IronDefense,TrickRoom||||||50|,,,,,Water]Incineroar||LumBerry|Intimidate|FakeOut,FlareBlitz,KnockOff,PartingShot|||F|||50|,,,,,Ghost]Sneasler||FocusSash|PoisonTouch|Protect,DireClaw,CloseCombat,ThroatChop|||F|||50|,,,,,Dark]Vikavolt||Magnet|Levitate|Protect,Thunderbolt,BugBuzz,Discharge|||F|||50|,,,,,Electric]Ursaluna||FlameOrb|Guts|Protect,Facade,HeadlongRush,Earthquake|||F|||50|,,,,,Ghost]Ninetales-Alola||LightClay|SnowCloak|Protect,Blizzard,AuroraVeil,Moonblast|||F|||50|,,,,,Water
|inactive|Battle timer is ON: inactive players will automatically lose when time's up. (requested by dambro222)
|
|t:|1756401189
|teamsize|p1|4
|teamsize|p2|4
|start
|switch|p1a: Kingambit|Kingambit, L50, M, shiny|100/100
|switch|p1b: Electabuzz|Electabuzz, L50, M|100/100
|switch|p2a: Sneasler|Sneasler, L50, F|100/100
|switch|p2b: Bronzong|Bronzong, L50|100/100
|turn|1
|inactive|vikaenjoyer has 30 seconds left.
|inactive|vikaenjoyer has 20 seconds left.
|inactive|vikaenjoyer has 15 seconds left.
|inactive|vikaenjoyer has 10 seconds left.
|
|t:|1756401235
|move|p1b: Electabuzz|Follow Me|p1b: Electabuzz
|-singleturn|p1b: Electabuzz|move: Follow Me
|move|p2a: Sneasler|Close Combat|p1b: Electabuzz
|-damage|p1b: Electabuzz|49/100
|-unboost|p2a: Sneasler|def|1
|-unboost|p2a: Sneasler|spd|1
|move|p1a: Kingambit|Swords Dance|p1a: Kingambit
|-boost|p1a: Kingambit|atk|2
|move|p2b: Bronzong|Iron Defense|p2b: Bronzong
|-boost|p2b: Bronzong|def|2
|
|upkeep
|turn|2
|inactive|dambro222 has 30 seconds left.
|inactive|vikaenjoyer has 30 seconds left.
|inactive|vikaenjoyer has 20 seconds left.
|inactive|vikaenjoyer has 15 seconds left.
|
|t:|1756401278
|-terastallize|p2b: Bronzong|Water
|move|p1b: Electabuzz|Follow Me|p1b: Electabuzz
|-singleturn|p1b: Electabuzz|move: Follow Me
|move|p2a: Sneasler|Dire Claw|p1b: Electabuzz
|-damage|p1b: Electabuzz|17/100
|-status|p1b: Electabuzz|psn
|move|p1a: Kingambit|Kowtow Cleave|p2b: Bronzong
|-damage|p2b: Bronzong|62/100
|move|p2b: Bronzong|Trick Room|p2b: Bronzong
|-fieldstart|move: Trick Room|[of] p2b: Bronzong
|
|-damage|p1b: Electabuzz|5/100 psn|[from] psn
|upkeep
|turn|3
|inactive|dambro222 has 30 seconds left.
|inactive|vikaenjoyer has 30 seconds left.
|inactive|dambro222 has 20 seconds left.
|inactive|dambro222 has 15 seconds left.
|inactive|dambro222 has 10 seconds left.
|
|t:|1756401323
|-terastallize|p1a: Kingambit|Dark
|move|p2b: Bronzong|Iron Defense|p2b: Bronzong
|-boost|p2b: Bronzong|def|2
|move|p1a: Kingambit|Kowtow Cleave|p2a: Sneasler
|-resisted|p2a: Sneasler
|-enditem|p2a: Sneasler|Focus Sash
|-damage|p2a: Sneasler|1/100
|move|p1b: Electabuzz|Electroweb|p2b: Bronzong|[spread] p2a,p2b
|-supereffective|p2b: Bronzong
|-damage|p2a: Sneasler|0 fnt
|-damage|p2b: Bronzong|37/100
|-unboost|p2b: Bronzong|spe|1
|faint|p2a: Sneasler
|
|-damage|p1b: Electabuzz|0 fnt|[from] psn
|faint|p1b: Electabuzz
|upkeep
|
|t:|1756401338
|switch|p1b: Rillaboom|Rillaboom, L50, M|100/100
|switch|p2a: Ursaluna|Ursaluna, L50, F|100/100
|-fieldstart|move: Grassy Terrain|[from] ability: Grassy Surge|[of] p1b: Rillaboom
|turn|4
|inactive|dambro222 has 30 seconds left.
|inactive|vikaenjoyer has 30 seconds left.
|inactive|dambro222 has 20 seconds left.
|inactive|dambro222 has 15 seconds left.
|
|t:|1756401382
|move|p1b: Rillaboom|Grassy Glide|p2b: Bronzong
|-supereffective|p2b: Bronzong
|-damage|p2b: Bronzong|18/100
|move|p2b: Bronzong|Body Press|p1a: Kingambit
|-supereffective|p1a: Kingambit
|-damage|p1a: Kingambit|0 fnt
|faint|p1a: Kingambit
|move|p2a: Ursaluna|Facade|p1b: Rillaboom
|-damage|p1b: Rillaboom|60/100
|
|-heal|p1b: Rillaboom|66/100|[from] Grassy Terrain
|-status|p2a: Ursaluna|brn|[from] item: Flame Orb
|upkeep
|
|t:|1756401394
|switch|p1a: Sneasler|Sneasler, L50, M|100/100
|turn|5
|
|t:|1756401408
|move|p1a: Sneasler|Protect|p1a: Sneasler
|-singleturn|p1a: Sneasler|Protect
|move|p1b: Rillaboom|Grassy Glide|p2a: Ursaluna
|-supereffective|p2a: Ursaluna
|-damage|p2a: Ursaluna|46/100 brn
|move|p2b: Bronzong|Psychic|p1a: Sneasler
|-activate|p1a: Sneasler|move: Protect
|move|p2a: Ursaluna|Facade|p1b: Rillaboom
|-damage|p1b: Rillaboom|0 fnt
|faint|p1b: Rillaboom
|
|-heal|p2a: Ursaluna|52/100 brn|[from] Grassy Terrain
|-damage|p2a: Ursaluna|46/100 brn|[from] brn
|upkeep
|turn|6
|
|t:|1756401422
|move|p1a: Sneasler|Protect||[still]
|-fail|p1a: Sneasler
|move|p2b: Bronzong|Psychic|p1a: Sneasler
|-supereffective|p1a: Sneasler
|-enditem|p1a: Sneasler|Focus Sash
|-damage|p1a: Sneasler|1/100
|move|p2a: Ursaluna|Facade|p1a: Sneasler
|-damage|p1a: Sneasler|0 fnt
|faint|p1a: Sneasler
|
|win|vikaenjoyer
|raw|dambro222's rating: 1203 → 1171(-32 for losing)
|raw|vikaenjoyer's rating: 1101 → 1133(+32 for winning)
