|j|☆Under Limbo
|j|☆lettitripppp
|html|Under Limbolettitripppp    
|uhtml|bestof|Game 1 of a best-of-3
|t:|1784491440
|gametype|doubles
|player|p1|Under Limbo|n|1101
|player|p2|lettitripppp|lucas|1261
|gen|9
|tier|[Gen 9 Champions] VGC 2026 Reg M-B (Bo3)
|rated|
|rule|Species Clause: Limit one of each Pokémon
|rule|Item Clause: Limit 1 of each item
|clearpoke
|poke|p1|Froslass, L50, F, shiny|
|poke|p1|Glimmora, L50, M, shiny|
|poke|p1|Grimmsnarl, L50, M|
|poke|p1|Sneasler, L50, F|
|poke|p1|Milotic, L50, F, shiny|
|poke|p1|Tsareena, L50, F, shiny|
|poke|p2|Charizard, L50, M, shiny|
|poke|p2|Basculegion, L50, M, shiny|
|poke|p2|Pelipper, L50, M|
|poke|p2|Venusaur, L50, F|
|poke|p2|Archaludon, L50, F|
|poke|p2|Grimmsnarl, L50, M, shiny|
|teampreview|4
|showteam|p1|Froslass||Froslassite|CursedBody|Blizzard,AuroraVeil,Protect,Hex|Timid||F|||50|]Glimmora||SitrusBerry|ToxicDebris|MortalSpin,SpikyShield,PowerGem,EarthPower|Bold||M|||50|]Grimmsnarl||LightClay|Prankster|SpiritBreak,PartingShot,LightScreen,Reflect|Careful||M|||50|]Sneasler||FocusSash|Unburden|CloseCombat,ThroatChop,FakeOut,DireClaw|Adamant||F|||50|]Milotic||Leftovers|Competitive|MuddyWater,IceBeam,Haze,Recover|Calm||F|||50|]Tsareena||ExpertBelt|QueenlyMajesty|TropKick,TripleAxel,LowKick,Protect|Adamant||F|||50|
|showteam|p2|Charizard||CharizarditeY|Blaze|WeatherBall,SolarBeam,HeatWave,Protect|Modest||M|||50|]Basculegion||ChoiceScarf|Adaptability|LastRespects,WaveCrash,FlipTurn,AquaJet|Jolly||M|||50|]Pelipper||SitrusBerry|Drizzle|WeatherBall,WideGuard,Hurricane,Tailwind|Modest||M|||50|]Venusaur||FocusSash|Chlorophyll|SleepPowder,SludgeBomb,EarthPower,Protect|Modest||F|||50|]Archaludon||Leftovers|Stamina|FlashCannon,DragonPulse,ElectroShot,Protect|Calm||F|||50|]Grimmsnarl||LightClay|Prankster|PartingShot,LightScreen,SpiritBreak,Reflect|Relaxed||M|||50|
|inactive|Battle timer is ON: inactive players will automatically lose when time's up. (requested by lettitripppp)
|inactive|Under Limbo has 60 seconds left.
|inactive|lettitripppp has 60 seconds left.
|inactive|Under Limbo has 30 seconds left.
|inactive|Under Limbo has 20 seconds left.
|inactive|Under Limbo has 15 seconds left.
|
|t:|1784491519
|teamsize|p1|4
|teamsize|p2|4
|start
|switch|p1a: Ivy|Tsareena, L50, F, shiny|100/100
|switch|p1b: Feji|Glimmora, L50, M, shiny|100/100
|switch|p2a: WET-BEAK|Pelipper, L50, M|100/100
|switch|p2b: GO JOHAN|Grimmsnarl, L50, M, shiny|100/100
|-weather|RainDance|[from] ability: Drizzle|[of] p2a: WET-BEAK
|turn|1
|inactive|Under Limbo has 30 seconds left.
|inactive|Under Limbo has 20 seconds left.
|inactive|Under Limbo has 15 seconds left.
|inactive|Under Limbo has 10 seconds left.
|
|t:|1784491566
|move|p2b: GO JOHAN|Light Screen|p2b: GO JOHAN
|-sidestart|p2: lettitripppp|move: Light Screen
|move|p1b: Feji|Power Gem|p2a: WET-BEAK
|-supereffective|p2a: WET-BEAK|1
|-damage|p2a: WET-BEAK|32/100
|-enditem|p2a: WET-BEAK|Sitrus Berry|[eat]
|-heal|p2a: WET-BEAK|56/100|[from] item: Sitrus Berry
|move|p2a: WET-BEAK|Weather Ball|p1b: Feji
|-supereffective|p1b: Feji|1
|-damage|p1b: Feji|0 fnt
|faint|p1b: Feji
|move|p1a: Ivy|Trop Kick|p2a: WET-BEAK
|-damage|p2a: WET-BEAK|15/100
|-unboost|p2a: WET-BEAK|atk|1
|
|-weather|RainDance|[upkeep]
|upkeep
|inactive|Under Limbo has 30 seconds left.
|
|t:|1784491591
|switch|p1b: Carmen|Froslass, L50, F, shiny|100/100
|turn|2
|
|t:|1784491609
|switch|p2a: BEYOND BRIDGE|Archaludon, L50, F|100/100
|detailschange|p1b: Carmen|Froslass-Mega, L50, F, shiny
|-mega|p1b: Carmen|Froslass|Froslassite
|-weather|Snowscape|[from] ability: Snow Warning|[of] p1b: Carmen
|move|p2b: GO JOHAN|Reflect|p2b: GO JOHAN
|-sidestart|p2: lettitripppp|Reflect
|move|p1b: Carmen|Blizzard|p2b: GO JOHAN|[spread] p2a,p2b
|-damage|p2a: BEYOND BRIDGE|75/100
|-damage|p2b: GO JOHAN|73/100
|-ability|p2a: BEYOND BRIDGE|Stamina|boost
|-boost|p2a: BEYOND BRIDGE|def|1
|move|p1a: Ivy|Trop Kick|p2b: GO JOHAN
|-damage|p2b: GO JOHAN|49/100
|-unboost|p2b: GO JOHAN|atk|1
|
|-weather|Snowscape|[upkeep]
|-heal|p2a: BEYOND BRIDGE|81/100|[from] item: Leftovers
|upkeep
|turn|3
|inactive|lettitripppp has 30 seconds left.
|
|t:|1784491635
|switch|p2b: WET-BEAK|Pelipper, L50, M|15/100
|-weather|RainDance|[from] ability: Drizzle|[of] p2b: WET-BEAK
|move|p1b: Carmen|Aurora Veil||[still]
|-fail|p1b: Carmen
|move|p2a: BEYOND BRIDGE|Electro Shot||[still]
|-prepare|p2a: BEYOND BRIDGE|Electro Shot
|-boost|p2a: BEYOND BRIDGE|spa|1
|-anim|p2a: BEYOND BRIDGE|Electro Shot|p1b: Carmen
|-damage|p1b: Carmen|35/100
|move|p1a: Ivy|Low Kick|p2a: BEYOND BRIDGE
|-supereffective|p2a: BEYOND BRIDGE|1
|-damage|p2a: BEYOND BRIDGE|62/100
|-ability|p2a: BEYOND BRIDGE|Stamina|boost
|-boost|p2a: BEYOND BRIDGE|def|1
|
|-weather|RainDance|[upkeep]
|-heal|p2a: BEYOND BRIDGE|68/100|[from] item: Leftovers
|upkeep
|turn|4
|inactive|Under Limbo has 30 seconds left.
|
|t:|1784491662
|switch|p1b: Celeste|Sneasler, L50, F|100/100
|move|p2a: BEYOND BRIDGE|Electro Shot||[still]
|-prepare|p2a: BEYOND BRIDGE|Electro Shot
|-boost|p2a: BEYOND BRIDGE|spa|1
|-anim|p2a: BEYOND BRIDGE|Electro Shot|p1b: Celeste
|-damage|p1b: Celeste|17/100
|move|p2b: WET-BEAK|Hurricane|p1a: Ivy
|-supereffective|p1a: Ivy|1
|-damage|p1a: Ivy|12/100
|-start|p1a: Ivy|confusion
|-activate|p1a: Ivy|confusion
|move|p1a: Ivy|Low Kick|p2a: BEYOND BRIDGE
|-supereffective|p2a: BEYOND BRIDGE|1
|-damage|p2a: BEYOND BRIDGE|54/100
|-ability|p2a: BEYOND BRIDGE|Stamina|boost
|-boost|p2a: BEYOND BRIDGE|def|1
|
|-weather|RainDance|[upkeep]
|-heal|p2a: BEYOND BRIDGE|60/100|[from] item: Leftovers
|upkeep
|turn|5
|inactive|Under Limbo has 30 seconds left.
|-message|Under Limbo forfeited.
|
|win|lettitripppp
|l|☆Under Limbo
|player|p1|
