|j|☆pomini
|j|☆qb xyz new
|html|pominiqb xyz new    
|uhtml|bestof|Game 3 of a best-of-3
|t:|1782266993
|gametype|doubles
|player|p1|pomini|pokekid|1112
|player|p2|qb xyz new|1|1065
|gen|9
|tier|[Gen 9 Champions] VGC 2026 Reg M-B (Bo3)
|rated|
|rule|Species Clause: Limit one of each Pokémon
|rule|Item Clause: Limit 1 of each item
|clearpoke
|poke|p1|Raichu, L50, F, shiny|
|poke|p1|Whimsicott, L50, M|
|poke|p1|Floette-Eternal, L50, F|
|poke|p1|Basculegion, L50, M|
|poke|p1|Garchomp, L50, F|
|poke|p1|Gholdengo, L50|
|poke|p2|Raichu, L50, F|
|poke|p2|Gholdengo, L50|
|poke|p2|Whimsicott, L50, M|
|poke|p2|Floette-Eternal, L50, F|
|poke|p2|Garchomp, L50, M|
|poke|p2|Basculegion, L50, M|
|teampreview|4
|showteam|p1|Raichu||RaichuniteY|LightningRod|ZapCannon,FocusBlast,FakeOut,Protect|Modest||F|||50|]Whimsicott||FocusSash|Prankster|Moonblast,Tailwind,Encore,Protect|Timid||M|||50|]Floette-Eternal||Floettite|FlowerVeil|Moonblast,LightofRuin,DazzlingGleam,Protect|Modest||F|||50|]Basculegion||MysticWater|Adaptability|WaveCrash,LastRespects,AquaJet,Protect|Adamant||M|||50|]Garchomp||SitrusBerry|RoughSkin|RockSlide,StompingTantrum,DragonClaw,Protect|Adamant||F|||50|]Gholdengo||LifeOrb|GoodasGold|NastyPlot,MakeItRain,ShadowBall,Protect|Modest|||||50|
|showteam|p2|Raichu||RaichuniteY|LightningRod|FocusBlast,FakeOut,ZapCannon,Protect|Mild||F|||50|]Gholdengo||LifeOrb|GoodasGold|MakeItRain,Protect,NastyPlot,ShadowBall|Modest|||||50|]Whimsicott||FocusSash|Prankster|DazzlingGleam,Encore,Taunt,Tailwind|Timid||M|||50|]Floette-Eternal||Floettite|Symbiosis|Moonblast,Protect,CalmMind,LightofRuin|Modest||F|||50|]Garchomp||SitrusBerry|RoughSkin|StompingTantrum,Protect,RockSlide,DracoMeteor|Naive||M|||50|]Basculegion||MysticWater|Adaptability|FlipTurn,WaveCrash,Protect,LastRespects|Jolly||M|||50|
|inactive|Battle timer is ON: inactive players will automatically lose when time's up. (requested by qb xyz new)
|
|t:|1782267020
|teamsize|p1|4
|teamsize|p2|4
|start
|switch|p1a: Floette|Floette-Eternal, L50, F|100/100
|switch|p1b: Whimsicott|Whimsicott, L50, M|100/100
|switch|p2a: Whimsicott|Whimsicott, L50, M|100/100
|switch|p2b: Basculegion|Basculegion, L50, M|100/100
|turn|1
|
|t:|1782267040
|detailschange|p1a: Floette|Floette-Mega, L50, F
|-mega|p1a: Floette|Floette|Floettite
|-ability|p1a: Floette|Fairy Aura
|move|p2a: Whimsicott|Tailwind|p2a: Whimsicott
|-sidestart|p2: qb xyz new|move: Tailwind
|move|p1b: Whimsicott|Tailwind|p1b: Whimsicott
|-sidestart|p1: pomini|move: Tailwind
|move|p1a: Floette|Dazzling Gleam|p2a: Whimsicott|[spread] p2a,p2b
|-damage|p2a: Whimsicott|25/100
|-damage|p2b: Basculegion|37/100
|move|p2b: Basculegion|Flip Turn|p1a: Floette
|-damage|p1a: Floette|33/100
|
|t:|1782267055
|switch|p2b: Floette|Floette-Eternal, L50, F|100/100|[from] Flip Turn
|
|upkeep
|turn|2
|
|t:|1782267074
|switch|p1a: Gholdengo|Gholdengo, L50|100/100
|detailschange|p2b: Floette|Floette-Mega, L50, F
|-mega|p2b: Floette|Floette|Floettite
|-ability|p2b: Floette|Fairy Aura
|move|p2a: Whimsicott|Encore|p1b: Whimsicott
|-start|p1b: Whimsicott|Encore
|move|p1b: Whimsicott|Tailwind||[still]
|-fail|p1b: Whimsicott
|move|p2b: Floette|Moonblast|p1a: Gholdengo
|-resisted|p1a: Gholdengo|1
|-damage|p1a: Gholdengo|62/100
|-unboost|p1a: Gholdengo|spa|1
|
|upkeep
|turn|3
|
|t:|1782267096
|switch|p1b: Floette|Floette-Mega, L50, F|33/100
|-ability|p1b: Floette|Fairy Aura
|switch|p2a: Garchomp|Garchomp, L50, M|100/100
|move|p2b: Floette|Calm Mind|p2b: Floette
|-boost|p2b: Floette|spa|1
|-boost|p2b: Floette|spd|1
|move|p1a: Gholdengo|Make It Rain|p2b: Floette|[spread] p2a,p2b
|-supereffective|p2b: Floette|1
|-damage|p2a: Garchomp|54/100
|-damage|p2b: Floette|63/100
|-unboost|p1a: Gholdengo|spa|2
|-damage|p1a: Gholdengo|53/100|[from] item: Life Orb
|
|upkeep
|turn|4
|
|t:|1782267121
|move|p2a: Garchomp|Protect|p2a: Garchomp
|-singleturn|p2a: Garchomp|Protect
|move|p1a: Gholdengo|Protect|p1a: Gholdengo
|-singleturn|p1a: Gholdengo|Protect
|move|p1b: Floette|Dazzling Gleam|p2a: Garchomp|[spread] p2b
|-activate|p2a: Garchomp|move: Protect
|-damage|p2b: Floette|40/100
|move|p2b: Floette|Moonblast|p1b: Floette
|-damage|p1b: Floette|0 fnt
|faint|p1b: Floette
|
|-sideend|p1: pomini|move: Tailwind
|-sideend|p2: qb xyz new|move: Tailwind
|upkeep
|
|t:|1782267135
|switch|p1b: Whimsicott|Whimsicott, L50, M|100/100
|turn|5
|
|t:|1782267150
|move|p1b: Whimsicott|Tailwind|p1b: Whimsicott
|-sidestart|p1: pomini|move: Tailwind
|move|p1a: Gholdengo|Shadow Ball|p2a: Garchomp
|-damage|p2a: Garchomp|28/100
|-enditem|p2a: Garchomp|Sitrus Berry|[eat]
|-heal|p2a: Garchomp|53/100|[from] item: Sitrus Berry
|-damage|p1a: Gholdengo|43/100|[from] item: Life Orb
|move|p2a: Garchomp|Stomping Tantrum|p1a: Gholdengo
|-supereffective|p1a: Gholdengo|1
|-damage|p1a: Gholdengo|0 fnt
|faint|p1a: Gholdengo
|move|p2b: Floette|Light of Ruin|p1b: Whimsicott
|-enditem|p1b: Whimsicott|Focus Sash
|-damage|p1b: Whimsicott|1/100
|-damage|p2b: Floette|0 fnt|[from] Recoil
|faint|p2b: Floette
|
|upkeep
|
|t:|1782267167
|switch|p2b: Whimsicott|Whimsicott, L50, M|25/100
|switch|p1a: Basculegion|Basculegion, L50, M|100/100
|turn|6
|
|t:|1782267180
|move|p2b: Whimsicott|Encore|p1b: Whimsicott
|-start|p1b: Whimsicott|Encore
|move|p1b: Whimsicott|Tailwind||[still]
|-fail|p1b: Whimsicott
|move|p1a: Basculegion|Last Respects|p2b: Whimsicott
|-damage|p2b: Whimsicott|0 fnt
|faint|p2b: Whimsicott
|move|p2a: Garchomp|Draco Meteor|p1a: Basculegion
|-damage|p1a: Basculegion|57/100
|-unboost|p2a: Garchomp|spa|2
|
|upkeep
|
|t:|1782267191
|switch|p2b: Basculegion|Basculegion, L50, M|37/100
|turn|7
|
|t:|1782267212
|move|p2b: Basculegion|Protect|p2b: Basculegion
|-singleturn|p2b: Basculegion|Protect
|move|p1b: Whimsicott|Tailwind||[still]
|-fail|p1b: Whimsicott
|move|p1a: Basculegion|Last Respects|p2b: Basculegion
|-activate|p2b: Basculegion|move: Protect
|move|p2a: Garchomp|Stomping Tantrum|p1a: Basculegion
|-damage|p1a: Basculegion|13/100
|
|upkeep
|turn|8
|
|t:|1782267229
|move|p1b: Whimsicott|Tailwind||[still]
|-fail|p1b: Whimsicott
|move|p1a: Basculegion|Last Respects|p2b: Basculegion
|-supereffective|p2b: Basculegion|1
|-damage|p2b: Basculegion|0 fnt
|faint|p2b: Basculegion
|move|p2a: Garchomp|Rock Slide|p1b: Whimsicott|[spread] p1a,p1b
|-damage|p1a: Basculegion|0 fnt
|-damage|p1b: Whimsicott|0 fnt
|faint|p1a: Basculegion
|faint|p1b: Whimsicott
|
|win|qb xyz new
