|j|☆SuprEpcGuy
|j|☆elpurole
|html|SuprEpcGuyelpurole    
|uhtml|bestof|Game 1 of a best-of-3
|t:|1784047033
|gametype|doubles
|player|p1|SuprEpcGuy|shauntal|1207
|player|p2|elpurole|koga|1102
|gen|9
|tier|[Gen 9 Champions] VGC 2026 Reg M-B (Bo3)
|rated|
|rule|Species Clause: Limit one of each Pokémon
|rule|Item Clause: Limit 1 of each item
|clearpoke
|poke|p1|Zoroark-Hisui, L50, F|
|poke|p1|Aerodactyl, L50, M|
|poke|p1|Kingambit, L50, F, shiny|
|poke|p1|Basculegion, L50, M|
|poke|p1|Incineroar, L50, F|
|poke|p1|Sylveon, L50, F|
|poke|p2|Gengar, L50, M|
|poke|p2|Incineroar, L50, M|
|poke|p2|Sylveon, L50, F|
|poke|p2|Sneasler, L50, F|
|poke|p2|Swampert, L50, M|
|poke|p2|Politoed, L50, M|
|teampreview|4
|showteam|p1|Zoroark-Hisui||FocusSash|Illusion|ShadowBall,WillOWisp,Taunt,Protect|Timid||F|||50|]Aerodactyl||Aerodactylite|RockHead|RockSlide,IceFang,DualWingbeat,Tailwind|Jolly||M|||50|]Kingambit||ChopleBerry|Defiant|SuckerPunch,KowtowCleave,LowKick,Protect|Adamant||F|||50|]Basculegion||MysticWater|Adaptability|AquaJet,Liquidation,LastRespects,Protect|Adamant||M|||50|]Incineroar||SitrusBerry|Intimidate|FlareBlitz,ThroatChop,PartingShot,FakeOut|Careful||F|||50|]Sylveon||FairyFeather|Pixilate|HyperVoice,QuickAttack,HyperBeam,Protect|Modest||F|||50|
|showteam|p2|Gengar||Gengarite|CursedBody|PerishSong,ShadowBall,Protect,SludgeWave|Timid||M|||50|]Incineroar||ChopleBerry|Intimidate|FakeOut,DarkestLariat,PartingShot,Protect|Calm||M|||50|]Sylveon||LifeOrb|Pixilate|QuickAttack,HyperBeam,HyperVoice,Protect|Modest||F|||50|]Sneasler||WhiteHerb|Unburden|FakeOut,CloseCombat,DireClaw,Protect|Jolly||F|||50|]Swampert||Swampertite|Torrent|WaveCrash,HighHorsepower,KnockOff,Protect|Adamant||M|||50|]Politoed||SitrusBerry|Drizzle|PerishSong,WeatherBall,IceBeam,Protect|Modest||M|||50|
|inactive|Battle timer is ON: inactive players will automatically lose when time's up. (requested by SuprEpcGuy)
|inactive|SuprEpcGuy has 60 seconds left.
|inactive|SuprEpcGuy has 30 seconds left.
|inactive|SuprEpcGuy has 20 seconds left.
|inactive|SuprEpcGuy has 15 seconds left.
|
|t:|1784047110
|teamsize|p1|4
|teamsize|p2|4
|start
|switch|p1a: Big Purr|Incineroar, L50, F|100/100
|switch|p1b: Freight|Aerodactyl, L50, M|100/100
|switch|p2a: Gengar|Gengar, L50, M|100/100
|switch|p2b: Incineroar|Incineroar, L50, M|100/100
|-ability|p2b: Incineroar|Intimidate|boost
|-unboost|p1a: Big Purr|atk|1
|-unboost|p1b: Freight|atk|1
|-ability|p1a: Big Purr|Intimidate|boost
|-unboost|p2a: Gengar|atk|1
|-unboost|p2b: Incineroar|atk|1
|turn|1
|
|t:|1784047130
|detailschange|p1b: Freight|Aerodactyl-Mega, L50, M
|-mega|p1b: Freight|Aerodactyl|Aerodactylite
|detailschange|p2a: Gengar|Gengar-Mega, L50, M
|-mega|p2a: Gengar|Gengar|Gengarite
|move|p2b: Incineroar|Fake Out|p1b: Freight
|-resisted|p1b: Freight|1
|-damage|p1b: Freight|95/100
|cant|p1b: Freight|flinch
|move|p2a: Gengar|Perish Song|p2a: Gengar
|-start|p1a: Big Purr|perish3|[silent]
|-start|p1b: Freight|perish3|[silent]
|-start|p2a: Gengar|perish3|[silent]
|-start|p2b: Incineroar|perish3|[silent]
|-fieldactivate|move: Perish Song
|move|p1a: Big Purr|Throat Chop|p2a: Gengar
|-supereffective|p2a: Gengar|1
|-damage|p2a: Gengar|27/100
|-start|p2a: Gengar|Throat Chop|[silent]
|
|-start|p1b: Freight|perish3
|-start|p2a: Gengar|perish3
|-start|p1a: Big Purr|perish3
|-start|p2b: Incineroar|perish3
|upkeep
|turn|2
|inactive|SuprEpcGuy has 30 seconds left.
|
|t:|1784047158
|move|p2a: Gengar|Protect|p2a: Gengar
|-singleturn|p2a: Gengar|Protect
|move|p2b: Incineroar|Protect|p2b: Incineroar
|-singleturn|p2b: Incineroar|Protect
|move|p1b: Freight|Rock Slide|p2a: Gengar|[spread] 
|-activate|p2a: Gengar|move: Protect
|-activate|p2b: Incineroar|move: Protect
|move|p1a: Big Purr|Parting Shot|p2a: Gengar
|-activate|p2a: Gengar|move: Protect
|
|-end|p2a: Gengar|Throat Chop|[silent]
|-start|p1b: Freight|perish2
|-start|p2a: Gengar|perish2
|-start|p1a: Big Purr|perish2
|-start|p2b: Incineroar|perish2
|upkeep
|turn|3
|
|t:|1784047176
|switch|p2a: Sneasler|Sneasler, L50, F|100/100
|move|p1b: Freight|Rock Slide|p2b: Incineroar|[spread] p2a,p2b
|-resisted|p2a: Sneasler|1
|-supereffective|p2b: Incineroar|1
|-damage|p2a: Sneasler|82/100
|-damage|p2b: Incineroar|67/100
|move|p1a: Big Purr|Throat Chop|p2a: Sneasler
|-resisted|p2a: Sneasler|1
|-damage|p2a: Sneasler|63/100
|-start|p2a: Sneasler|Throat Chop|[silent]
|move|p2b: Incineroar|Parting Shot|p1b: Freight
|-unboost|p1b: Freight|atk|1
|-unboost|p1b: Freight|spa|1
|
|t:|1784047188
|switch|p2b: Gengar|Gengar-Mega, L50, M|27/100|[from] Parting Shot
|
|-start|p1b: Freight|perish1
|-start|p1a: Big Purr|perish1
|upkeep
|turn|4
|
|t:|1784047201
|move|p2b: Gengar|Protect|p2b: Gengar
|-singleturn|p2b: Gengar|Protect
|move|p2a: Sneasler|Protect|p2a: Sneasler
|-singleturn|p2a: Sneasler|Protect
|move|p1b: Freight|Rock Slide|p2a: Sneasler|[spread] 
|-activate|p2a: Sneasler|move: Protect
|-activate|p2b: Gengar|move: Protect
|move|p1a: Big Purr|Parting Shot|p2a: Sneasler
|-activate|p2a: Sneasler|move: Protect
|
|-end|p2a: Sneasler|Throat Chop|[silent]
|-start|p1b: Freight|perish0
|-start|p1a: Big Purr|perish0
|faint|p1b: Freight
|faint|p1a: Big Purr
|upkeep
|
|t:|1784047213
|switch|p1b: Reverence|Basculegion, L50, M|100/100
|switch|p1a: Paraselene|Kingambit, L50, F, shiny|100/100
|turn|5
|
|t:|1784047233
|move|p1a: Paraselene|Protect|p1a: Paraselene
|-singleturn|p1a: Paraselene|Protect
|move|p1b: Reverence|Aqua Jet|p2b: Gengar
|-damage|p2b: Gengar|0 fnt
|faint|p2b: Gengar
|move|p2a: Sneasler|Close Combat|p1a: Paraselene
|-activate|p1a: Paraselene|move: Protect
|
|upkeep
|
|t:|1784047243
|switch|p2b: Incineroar|Incineroar, L50, M|67/100
|-ability|p2b: Incineroar|Intimidate|boost
|-unboost|p1a: Paraselene|atk|1
|-ability|p1a: Paraselene|Defiant|boost
|-boost|p1a: Paraselene|atk|2
|-unboost|p1b: Reverence|atk|1
|turn|6
|inactive|SuprEpcGuy has 30 seconds left.
|
|t:|1784047275
|move|p1a: Paraselene|Sucker Punch|p2a: Sneasler
|-resisted|p2a: Sneasler|1
|-damage|p2a: Sneasler|6/100
|move|p2a: Sneasler|Close Combat|p1a: Paraselene
|-supereffective|p1a: Paraselene|2
|-enditem|p1a: Paraselene|Chople Berry|[eat]
|-enditem|p1a: Paraselene|Chople Berry|[weaken]
|-damage|p1a: Paraselene|7/100
|-unboost|p2a: Sneasler|def|1
|-unboost|p2a: Sneasler|spd|1
|-enditem|p2a: Sneasler|White Herb
|-clearnegativeboost|p2a: Sneasler|[silent]
|move|p1b: Reverence|Liquidation|p2b: Incineroar
|-supereffective|p2b: Incineroar|1
|-damage|p2b: Incineroar|0 fnt
|faint|p2b: Incineroar
|
|upkeep
|
|t:|1784047289
|switch|p2b: Sylveon|Sylveon, L50, F|100/100
|turn|7
|
|t:|1784047309
|move|p2a: Sneasler|Protect|p2a: Sneasler
|-singleturn|p2a: Sneasler|Protect
|move|p1a: Paraselene|Sucker Punch||[still]
|-fail|p1a: Paraselene
|move|p1b: Reverence|Last Respects|p2b: Sylveon
|-damage|p2b: Sylveon|3/100
|move|p2b: Sylveon|Hyper Voice|p1a: Paraselene|[spread] p1a,p1b
|-damage|p1a: Paraselene|0 fnt
|-damage|p1b: Reverence|48/100
|faint|p1a: Paraselene
|-damage|p2b: Sylveon|0 fnt|[from] item: Life Orb
|faint|p2b: Sylveon
|
|upkeep
|turn|8
|
|t:|1784047327
|move|p1b: Reverence|Aqua Jet|p2a: Sneasler
|-damage|p2a: Sneasler|0 fnt
|faint|p2a: Sneasler
|
|win|SuprEpcGuy
