|j|☆PuniHina
|j|☆Naya314
|html|PuniHinaNaya314    
|uhtml|bestof|Game 1 of a best-of-3
|t:|1783393179
|gametype|doubles
|player|p1|PuniHina|lacey|1241
|player|p2|Naya314|candice|1186
|gen|9
|tier|[Gen 9 Champions] VGC 2026 Reg M-B (Bo3)
|rated|
|rule|Species Clause: Limit one of each Pokémon
|rule|Item Clause: Limit 1 of each item
|clearpoke
|poke|p1|Meganium, L50, F, shiny|
|poke|p1|Altaria, L50, M|
|poke|p1|Incineroar, L50, M|
|poke|p1|Scizor, L50, M|
|poke|p1|Basculegion, L50, M|
|poke|p1|Garchomp, L50, F|
|poke|p2|Scizor, L50, F|
|poke|p2|Charizard, L50, F|
|poke|p2|Garchomp, L50, M|
|poke|p2|Basculegion, L50, M|
|poke|p2|Whimsicott, L50, M|
|poke|p2|Floette-Eternal, L50, F|
|teampreview|4
|showteam|p1|Meganium||Meganiumite|LeafGuard|SolarBeam,DazzlingGleam,Protect,EarthPower|Modest||F|||50|]Altaria||RoseliBerry|CloudNine|BraveBird,Roost,Tailwind,WillOWisp|Impish||M|||50|]Incineroar||PasshoBerry|Intimidate|FakeOut,ThroatChop,FlareBlitz,PartingShot|Careful||M|||50|]Scizor||Scizorite|Technician|BulletPunch,BugBite,Protect,SwordsDance|Adamant||M|||50|]Basculegion||SitrusBerry|Adaptability|WaveCrash,LastRespects,AquaJet,Protect|Adamant||M|||50|]Garchomp||LifeOrb|RoughSkin|StompingTantrum,DragonClaw,RockSlide,Protect|Jolly||F|||50|
|showteam|p2|Scizor||ExpertBelt|Technician|BugBite,BulletPunch,CloseCombat,Protect|Adamant||F|||50|]Charizard||CharizarditeY|Blaze|HeatWave,SolarBeam,WeatherBall,Protect|Modest||F|||50|]Garchomp||LifeOrb|RoughSkin|Earthquake,DragonClaw,RockSlide,Protect|Jolly||M|||50|]Basculegion||ChoiceScarf|Adaptability|LastRespects,WaveCrash,AquaJet,FlipTurn|Adamant||M|||50|]Whimsicott||FocusSash|Prankster|Moonblast,Tailwind,Encore,Protect|Timid||M|||50|]Floette-Eternal||Floettite|FlowerVeil|DazzlingGleam,EnergyBall,Moonblast,Protect|Modest||F|||50|
|inactive|Battle timer is ON: inactive players will automatically lose when time's up. (requested by Naya314)
|
|t:|1783393212
|teamsize|p1|4
|teamsize|p2|4
|start
|switch|p1a: Incineroar|Incineroar, L50, M|100/100
|switch|p1b: Scizor|Scizor, L50, M|100/100
|switch|p2a: Whimsicott|Whimsicott, L50, M|100/100
|switch|p2b: Garchomp|Garchomp, L50, M|100/100
|-ability|p1a: Incineroar|Intimidate|boost
|-unboost|p2a: Whimsicott|atk|1
|-unboost|p2b: Garchomp|atk|1
|turn|1
|inactive|PuniHina has 30 seconds left.
|inactive|PuniHina has 20 seconds left.
|inactive|PuniHina has 15 seconds left.
|
|t:|1783393256
|detailschange|p1b: Scizor|Scizor-Mega, L50, M
|-mega|p1b: Scizor|Scizor|Scizorite
|move|p2a: Whimsicott|Protect|p2a: Whimsicott
|-singleturn|p2a: Whimsicott|Protect
|move|p2b: Garchomp|Earthquake|p1a: Incineroar|[spread] p1a,p1b
|-activate|p2a: Whimsicott|move: Protect
|-supereffective|p1a: Incineroar|1
|-damage|p1a: Incineroar|44/100
|-damage|p1b: Scizor|70/100
|-damage|p2b: Garchomp|90/100|[from] item: Life Orb
|move|p1b: Scizor|Swords Dance|p1b: Scizor
|-boost|p1b: Scizor|atk|2
|move|p1a: Incineroar|Parting Shot|p2b: Garchomp
|-unboost|p2b: Garchomp|atk|1
|-unboost|p2b: Garchomp|spa|1
|
|t:|1783393270
|switch|p1a: Altaria|Altaria, L50, M|100/100|[from] Parting Shot
|-ability|p1a: Altaria|Cloud Nine
|
|upkeep
|turn|2
|
|t:|1783393280
|move|p1b: Scizor|Protect|p1b: Scizor
|-singleturn|p1b: Scizor|Protect
|move|p2a: Whimsicott|Encore|p1b: Scizor
|-activate|p1b: Scizor|move: Protect
|move|p2b: Garchomp|Dragon Claw|p1a: Altaria
|-supereffective|p1a: Altaria|1
|-damage|p1a: Altaria|55/100
|-damage|p2b: Garchomp|80/100|[from] item: Life Orb
|move|p1a: Altaria|Tailwind|p1a: Altaria
|-sidestart|p1: PuniHina|move: Tailwind
|
|upkeep
|turn|3
|
|t:|1783393293
|switch|p1a: Incineroar|Incineroar, L50, M|44/100
|-ability|p1a: Incineroar|Intimidate|boost
|-unboost|p2a: Whimsicott|atk|1
|-unboost|p2b: Garchomp|atk|1
|move|p1b: Scizor|Bullet Punch|p2b: Garchomp
|-damage|p2b: Garchomp|9/100
|-damage|p1b: Scizor|58/100|[from] ability: Rough Skin|[of] p2b: Garchomp
|move|p2a: Whimsicott|Encore|p1b: Scizor
|-start|p1b: Scizor|Encore
|move|p2b: Garchomp|Dragon Claw|p1a: Incineroar
|-damage|p1a: Incineroar|24/100
|-damage|p2b: Garchomp|0 fnt|[from] item: Life Orb
|faint|p2b: Garchomp
|
|upkeep
|
|t:|1783393313
|switch|p2b: Basculegion|Basculegion, L50, M|100/100
|turn|4
|
|t:|1783393324
|switch|p1a: Basculegion|Basculegion, L50, M|100/100
|move|p1b: Scizor|Bullet Punch|p2b: Basculegion
|-resisted|p2b: Basculegion|1
|-damage|p2b: Basculegion|53/100
|move|p2a: Whimsicott|Tailwind|p2a: Whimsicott
|-sidestart|p2: Naya314|move: Tailwind
|move|p2b: Basculegion|Wave Crash|p1b: Scizor
|-damage|p1b: Scizor|0 fnt
|faint|p1b: Scizor
|-damage|p2b: Basculegion|36/100|[from] Recoil
|
|upkeep
|
|t:|1783393335
|switch|p1b: Incineroar|Incineroar, L50, M|24/100
|-ability|p1b: Incineroar|Intimidate|boost
|-unboost|p2a: Whimsicott|atk|1
|-unboost|p2b: Basculegion|atk|1
|turn|5
|
|t:|1783393348
|switch|p2b: Charizard|Charizard, L50, F|100/100
|move|p2a: Whimsicott|Moonblast|p1b: Incineroar
|-damage|p1b: Incineroar|0 fnt
|faint|p1b: Incineroar
|move|p1a: Basculegion|Last Respects|p2b: Charizard
|-damage|p2b: Charizard|0 fnt
|faint|p2b: Charizard
|
|-sideend|p1: PuniHina|move: Tailwind
|upkeep
|
|t:|1783393358
|switch|p2b: Basculegion|Basculegion, L50, M|36/100
|switch|p1b: Altaria|Altaria, L50, M|55/100
|-ability|p1b: Altaria|Cloud Nine
|turn|6
|
|t:|1783393381
|move|p1a: Basculegion|Protect|p1a: Basculegion
|-singleturn|p1a: Basculegion|Protect
|move|p2b: Basculegion|Last Respects|p1a: Basculegion
|-activate|p1a: Basculegion|move: Protect
|move|p2a: Whimsicott|Moonblast|p1b: Altaria
|-supereffective|p1b: Altaria|1
|-enditem|p1b: Altaria|Roseli Berry|[eat]
|-enditem|p1b: Altaria|Roseli Berry|[weaken]
|-damage|p1b: Altaria|21/100
|move|p1b: Altaria|Brave Bird|p2b: Basculegion
|-damage|p2b: Basculegion|0 fnt
|faint|p2b: Basculegion
|-damage|p1b: Altaria|9/100|[from] Recoil
|
|upkeep
|turn|7
|
|t:|1783393402
|move|p2a: Whimsicott|Encore|p1a: Basculegion
|-start|p1a: Basculegion|Encore
|move|p1a: Basculegion|Protect||[still]
|-fail|p1a: Basculegion
|move|p1b: Altaria|Roost|p1b: Altaria
|-heal|p1b: Altaria|59/100
|-singleturn|p1b: Altaria|move: Roost
|
|-sideend|p2: Naya314|move: Tailwind
|upkeep
|turn|8
|
|t:|1783393412
|move|p1a: Basculegion|Protect|p1a: Basculegion
|-singleturn|p1a: Basculegion|Protect
|move|p2a: Whimsicott|Moonblast|p1b: Altaria
|-supereffective|p1b: Altaria|1
|-damage|p1b: Altaria|0 fnt
|faint|p1b: Altaria
|
|upkeep
|turn|9
|
|t:|1783393419
|move|p1a: Basculegion|Protect|p1a: Basculegion
|-singleturn|p1a: Basculegion|Protect
|move|p2a: Whimsicott|Moonblast|p1a: Basculegion
|-activate|p1a: Basculegion|move: Protect
|
|-end|p1a: Basculegion|Encore
|upkeep
|turn|10
|
|t:|1783393427
|move|p2a: Whimsicott|Encore|p1a: Basculegion
|-start|p1a: Basculegion|Encore
|move|p1a: Basculegion|Protect||[still]
|-fail|p1a: Basculegion
|
|upkeep
|turn|11
|
|t:|1783393433
|move|p1a: Basculegion|Protect|p1a: Basculegion
|-singleturn|p1a: Basculegion|Protect
|move|p2a: Whimsicott|Moonblast|p1a: Basculegion
|-activate|p1a: Basculegion|move: Protect
|
|upkeep
|turn|12
|
|t:|1783393439
|move|p1a: Basculegion|Protect|p1a: Basculegion
|-singleturn|p1a: Basculegion|Protect
|move|p2a: Whimsicott|Moonblast|p1a: Basculegion
|-activate|p1a: Basculegion|move: Protect
|
|-end|p1a: Basculegion|Encore
|upkeep
|turn|13
|
|t:|1783393446
|move|p2a: Whimsicott|Encore|p1a: Basculegion
|-start|p1a: Basculegion|Encore
|move|p1a: Basculegion|Protect||[still]
|-fail|p1a: Basculegion
|
|-end|p1a: Basculegion|Encore
|upkeep
|turn|14
|
|t:|1783393453
|move|p2a: Whimsicott|Moonblast|p1a: Basculegion
|-damage|p1a: Basculegion|66/100
|move|p1a: Basculegion|Last Respects|p2a: Whimsicott
|-enditem|p2a: Whimsicott|Focus Sash
|-damage|p2a: Whimsicott|1/100
|
|upkeep
|turn|15
|
|t:|1783393460
|move|p1a: Basculegion|Aqua Jet|p2a: Whimsicott
|-resisted|p2a: Whimsicott|1
|-damage|p2a: Whimsicott|0 fnt
|faint|p2a: Whimsicott
|
|win|PuniHina
||PuniHina is ready for game 2.
|l|☆Naya314
|player|p2|
||Naya314 is ready for game 2.
|uhtml|next|Next: Game 2 of 3
