|j|☆fabiobl7
|j|☆repdonovan
|html|fabiobl7repdonovan    
|uhtml|bestof|Game 1 of a best-of-3
|t:|1757780575
|gametype|doubles
|player|p1|fabiobl7|101|1090
|player|p2|repdonovan|266|1089
|gen|9
|tier|[Gen 9] VGC 2025 Reg H (Bo3)
|rated|
|rule|Species Clause: Limit one of each Pokémon
|rule|Item Clause: Limit 1 of each item
|clearpoke
|poke|p1|Dragonite, L50, F|
|poke|p1|Sneasler, L50, F|
|poke|p1|Rillaboom, L50, F|
|poke|p1|Electabuzz, L50, F|
|poke|p1|Kingambit, L50, M|
|poke|p1|Volcarona, L50, M|
|poke|p2|Garganacl, L50, F|
|poke|p2|Trevenant, L50, M|
|poke|p2|Glimmora, L50, F|
|poke|p2|Tyranitar, L50, F|
|poke|p2|Comfey, L50, M|
|poke|p2|Incineroar, L50, M|
|teampreview|4
|showteam|p1|Dragonite||LoadedDice|Multiscale|ScaleShot,ExtremeSpeed,Haze,Protect|||F|||50|,,,,,Fairy]Sneasler||FocusSash|Unburden|DireClaw,CloseCombat,Coaching,Protect|||F|||50|,,,,,Stellar]Rillaboom||MiracleSeed|GrassySurge|GrassyGlide,WoodHammer,HighHorsepower,FakeOut|||F|||50|,,,,,Grass]Electabuzz||Eviolite|VitalSpirit|Thunderbolt,FollowMe,Taunt,Protect|||F|||50|,,,,,Ghost]Kingambit||BlackGlasses|Defiant|KowtowCleave,SuckerPunch,SwordsDance,Protect|||M|||50|,,,,,Dark]Volcarona||Leftovers|FlameBody|HeatWave,TeraBlast,QuiverDance,Protect|||M|||50|,,,,,Fairy
|showteam|p2|Garganacl||AguavBerry|PurifyingSalt|SaltCure,Protect,WideGuard,Recover|||F|||50|,,,,,Ghost]Trevenant||SitrusBerry|Harvest|HornLeech,LeechSeed,Protect,WillOWisp|||M|||50|,,,,,Normal]Glimmora||CovertCloak|Corrosion|MortalSpin,SpikyShield,EarthPower,DazzlingGleam|||F|||50|,,,,,Grass]Tyranitar||AssaultVest|SandStream|Crunch,RockSlide,IronHead,TeraBlast|||F|||50|,,,,,Flying]Comfey||SafetyGoggles|Triage|DrainingKiss,Protect,FloralHealing,Tailwind|||M|||50|,,,,,Steel]Incineroar||RockyHelmet|Intimidate|FakeOut,FlareBlitz,KnockOff,PartingShot|||M|||50|,,,,,Water
|inactive|Battle timer is ON: inactive players will automatically lose when time's up. (requested by fabiobl7)
|inactive|repdonovan has 60 seconds left.
|
|t:|1757780622
|teamsize|p1|4
|teamsize|p2|4
|start
|switch|p1a: Kingambit|Kingambit, L50, M|100/100
|switch|p1b: Electabuzz|Electabuzz, L50, F|100/100
|switch|p2a: Glimmora|Glimmora, L50, F|100/100
|switch|p2b: Comfey|Comfey, L50, M|100/100
|turn|1
|inactive|fabiobl7 has 30 seconds left.
|inactive|repdonovan has 30 seconds left.
|
|t:|1757780653
|-terastallize|p1b: Electabuzz|Ghost
|move|p1b: Electabuzz|Follow Me|p1b: Electabuzz
|-singleturn|p1b: Electabuzz|move: Follow Me
|move|p2a: Glimmora|Mortal Spin|p1b: Electabuzz|[spread] p1b
|-immune|p1a: Kingambit
|-resisted|p1b: Electabuzz
|-damage|p1b: Electabuzz|99/100
|-status|p1b: Electabuzz|psn
|move|p2b: Comfey|Tailwind|p2b: Comfey
|-sidestart|p2: repdonovan|move: Tailwind
|move|p1a: Kingambit|Swords Dance|p1a: Kingambit
|-boost|p1a: Kingambit|atk|2
|
|-damage|p1b: Electabuzz|87/100 psn|[from] psn
|upkeep
|turn|2
|
|t:|1757780677
|move|p2b: Comfey|Draining Kiss|p1b: Electabuzz
|-damage|p1b: Electabuzz|75/100 psn
|move|p1b: Electabuzz|Follow Me|p1b: Electabuzz
|-singleturn|p1b: Electabuzz|move: Follow Me
|move|p2a: Glimmora|Earth Power|p1b: Electabuzz
|-damage|p1b: Electabuzz|51/100 psn
|move|p1a: Kingambit|Kowtow Cleave|p2a: Glimmora
|-damage|p2a: Glimmora|0 fnt
|faint|p2a: Glimmora
|
|-damage|p1b: Electabuzz|39/100 psn|[from] psn
|upkeep
|
|t:|1757780693
|switch|p2a: Garganacl|Garganacl, L50, F|100/100
|turn|3
|
|t:|1757780709
|move|p2b: Comfey|Draining Kiss|p1b: Electabuzz
|-damage|p1b: Electabuzz|28/100 psn
|move|p1b: Electabuzz|Follow Me|p1b: Electabuzz
|-singleturn|p1b: Electabuzz|move: Follow Me
|move|p2a: Garganacl|Salt Cure|p1b: Electabuzz
|-damage|p1b: Electabuzz|16/100 psn
|-start|p1b: Electabuzz|Salt Cure
|move|p1a: Kingambit|Swords Dance|p1a: Kingambit
|-boost|p1a: Kingambit|atk|2
|
|-damage|p1b: Electabuzz|3/100 psn|[from] psn
|-damage|p1b: Electabuzz|0 fnt|[from] Salt Cure
|faint|p1b: Electabuzz
|upkeep
|
|t:|1757780720
|switch|p1b: Rillaboom|Rillaboom, L50, F|100/100
|-fieldstart|move: Grassy Terrain|[from] ability: Grassy Surge|[of] p1b: Rillaboom
|turn|4
|inactive|repdonovan has 30 seconds left.
|
|t:|1757780747
|switch|p2b: Tyranitar|Tyranitar, L50, F|100/100
|-weather|Sandstorm|[from] ability: Sand Stream|[of] p2b: Tyranitar
|move|p1b: Rillaboom|Grassy Glide|p2a: Garganacl
|-supereffective|p2a: Garganacl
|-damage|p2a: Garganacl|36/100
|move|p1a: Kingambit|Sucker Punch|p2a: Garganacl
|-damage|p2a: Garganacl|0 fnt
|faint|p2a: Garganacl
|
|-weather|Sandstorm|[upkeep]
|-damage|p1b: Rillaboom|94/100|[from] Sandstorm
|-heal|p1b: Rillaboom|100/100|[from] Grassy Terrain
|-sideend|p2: repdonovan|move: Tailwind
|upkeep
|
|t:|1757780760
|switch|p2a: Comfey|Comfey, L50, M|100/100
|turn|5
|
|t:|1757780776
|move|p1b: Rillaboom|Grassy Glide|p2b: Tyranitar
|-supereffective|p2b: Tyranitar
|-damage|p2b: Tyranitar|12/100
|move|p1a: Kingambit|Sucker Punch|p2b: Tyranitar
|-resisted|p2b: Tyranitar
|-damage|p2b: Tyranitar|0 fnt
|faint|p2b: Tyranitar
|move|p2a: Comfey|Tailwind|p2a: Comfey
|-sidestart|p2: repdonovan|move: Tailwind
|
|-weather|Sandstorm|[upkeep]
|-damage|p1b: Rillaboom|94/100|[from] Sandstorm
|-heal|p1b: Rillaboom|100/100|[from] Grassy Terrain
|upkeep
|turn|6
|
|t:|1757780793
|move|p2a: Comfey|Draining Kiss|p1b: Rillaboom
|-damage|p1b: Rillaboom|80/100
|move|p1b: Rillaboom|Wood Hammer|p2a: Comfey
|-damage|p2a: Comfey|0 fnt
|faint|p2a: Comfey
|-damage|p1b: Rillaboom|53/100|[from] Recoil
|
|win|fabiobl7
||repdonovan is ready for game 2.
|c|☆repdonovan|gg1
|l|☆fabiobl7
|player|p1|
||fabiobl7 is ready for game 2.
|uhtml|next|Next: Game 2 of 3
|l|☆repdonovan
|player|p2|
