|j|☆qpdbo0il
|j|☆Mclovingods
|html|qpdbo0ilMclovingods    
|uhtml|bestof|Game 3 of a best-of-3
|t:|1782425530
|gametype|doubles
|player|p1|qpdbo0il|266|1074
|player|p2|Mclovingods|169|1148
|gen|9
|tier|[Gen 9 Champions] VGC 2026 Reg M-B (Bo3)
|rated|
|rule|Species Clause: Limit one of each Pokémon
|rule|Item Clause: Limit 1 of each item
|clearpoke
|poke|p1|Ampharos, L50, F|
|poke|p1|Farigiraf, L50, M|
|poke|p1|Crabominable, L50, F|
|poke|p1|Sinistcha, L50|
|poke|p1|Toxapex, L50, M|
|poke|p1|Palafin, L50, F|
|poke|p2|Delphox, L50, M|
|poke|p2|Basculegion, L50, M|
|poke|p2|Sinistcha, L50|
|poke|p2|Incineroar, L50, M|
|poke|p2|Garchomp, L50, F|
|poke|p2|Staraptor, L50, F|
|teampreview|4
|showteam|p1|Ampharos||Ampharosite|Static|VoltSwitch,Thunderbolt,DragonPulse,Protect|Quiet||F|||50|]Farigiraf||SitrusBerry|ArmorTail|PsychicNoise,FoulPlay,Protect,TrickRoom|Sassy||M|||50|]Crabominable||Crabominite|HyperCutter|Crabhammer,IceSpinner,CloseCombat,Protect|Adamant||F|||50|]Sinistcha||FocusSash|Hospitality|MatchaGotcha,ShadowBall,Protect,RagePowder|Relaxed|||||50|]Toxapex||Leftovers|Regenerator|BanefulBunker,Toxic,Substitute,AcidSpray|Relaxed||M|||50|]Palafin||MysticWater|ZerotoHero|FlipTurn,JetPunch,WaveCrash,Protect|Jolly||F|||50|
|showteam|p2|Delphox||Delphoxite|Blaze|NastyPlot,HeatWave,Psychic,Protect|Timid||M|||50|]Basculegion||MysticWater|Adaptability|WaveCrash,AquaJet,LastRespects,Protect|Jolly||M|||50|]Sinistcha||CobaBerry|Hospitality|MatchaGotcha,RagePowder,LifeDew,TrickRoom|Calm|||||50|]Incineroar||SitrusBerry|Intimidate|FakeOut,PartingShot,FlareBlitz,DarkestLariat|Careful||M|||50|]Garchomp||LifeOrb|RoughSkin|Earthquake,DragonClaw,RockSlide,Protect|Jolly||F|||50|]Staraptor||Staraptite|Intimidate|CloseCombat,BraveBird,Protect,Roost|Jolly||F|||50|
|inactive|Battle timer is ON: inactive players will automatically lose when time's up. (requested by qpdbo0il)
|
|t:|1782425550
|teamsize|p1|4
|teamsize|p2|4
|start
|switch|p1a: Ampharos|Ampharos, L50, F|100/100
|switch|p1b: Toxapex|Toxapex, L50, M|100/100
|switch|p2a: Delphox|Delphox, L50, M|100/100
|switch|p2b: Sinistcha|Sinistcha, L50|100/100
|turn|1
|inactive|qpdbo0il has 30 seconds left.
|
|t:|1782425575
|detailschange|p2a: Delphox|Delphox-Mega, L50, M
|-mega|p2a: Delphox|Delphox|Delphoxite
|detailschange|p1a: Ampharos|Ampharos-Mega, L50, F
|-mega|p1a: Ampharos|Ampharos|Ampharosite
|-ability|p1a: Ampharos|Mold Breaker
|move|p1a: Ampharos|Protect|p1a: Ampharos
|-singleturn|p1a: Ampharos|Protect
|move|p2b: Sinistcha|Rage Powder|p2b: Sinistcha
|-singleturn|p2b: Sinistcha|move: Rage Powder
|move|p2a: Delphox|Nasty Plot|p2a: Delphox
|-boost|p2a: Delphox|spa|2
|move|p1b: Toxapex|Toxic|p2b: Sinistcha
|-status|p2b: Sinistcha|tox
|
|-damage|p2b: Sinistcha|93/100 tox|[from] psn
|upkeep
|turn|2
|
|t:|1782425597
|switch|p2b: Basculegion|Basculegion, L50, M|100/100
|switch|p1a: Sinistcha|Sinistcha, L50|100/100
|move|p2a: Delphox|Psychic|p1a: Sinistcha
|-damage|p1a: Sinistcha|1/100
|-unboost|p1a: Sinistcha|spd|1
|move|p1b: Toxapex|Toxic|p2a: Delphox
|-status|p2a: Delphox|tox
|
|-damage|p2a: Delphox|94/100 tox|[from] psn
|upkeep
|turn|3
|
|t:|1782425612
|move|p1a: Sinistcha|Protect|p1a: Sinistcha
|-singleturn|p1a: Sinistcha|Protect
|move|p2b: Basculegion|Aqua Jet|p1a: Sinistcha
|-activate|p1a: Sinistcha|move: Protect
|move|p2a: Delphox|Psychic|p1b: Toxapex
|-supereffective|p1b: Toxapex|1
|-damage|p1b: Toxapex|0 fnt
|faint|p1b: Toxapex
|
|-damage|p2a: Delphox|82/100 tox|[from] psn
|upkeep
|
|t:|1782425622
|switch|p1b: Farigiraf|Farigiraf, L50, M|100/100
|turn|4
|
|t:|1782425643
|move|p2a: Delphox|Heat Wave|p1a: Sinistcha|[spread] p1a
|-miss|p2a: Delphox|p1b: Farigiraf
|-supereffective|p1a: Sinistcha|1
|-damage|p1a: Sinistcha|0 fnt
|faint|p1a: Sinistcha
|move|p2b: Basculegion|Wave Crash|p1b: Farigiraf
|-damage|p1b: Farigiraf|6/100
|-enditem|p1b: Farigiraf|Sitrus Berry|[eat]
|-heal|p1b: Farigiraf|31/100|[from] item: Sitrus Berry
|-damage|p2b: Basculegion|64/100|[from] Recoil
|move|p1b: Farigiraf|Trick Room|p1b: Farigiraf
|-fieldstart|move: Trick Room|[of] p1b: Farigiraf
|
|-damage|p2a: Delphox|64/100 tox|[from] psn
|upkeep
|
|t:|1782425655
|switch|p1a: Ampharos|Ampharos-Mega, L50, F|100/100
|-ability|p1a: Ampharos|Mold Breaker
|turn|5
|
|t:|1782425665
|switch|p2b: Garchomp|Garchomp, L50, F|100/100
|switch|p2a: Sinistcha|Sinistcha, L50|93/100 tox
|move|p1b: Farigiraf|Protect|p1b: Farigiraf
|-singleturn|p1b: Farigiraf|Protect
|move|p1a: Ampharos|Thunderbolt|p2a: Sinistcha
|-resisted|p2a: Sinistcha|1
|-damage|p2a: Sinistcha|65/100 tox
|
|-damage|p2a: Sinistcha|59/100 tox|[from] psn
|upkeep
|turn|6
|
|t:|1782425676
|move|p2a: Sinistcha|Rage Powder|p2a: Sinistcha
|-singleturn|p2a: Sinistcha|move: Rage Powder
|move|p1a: Ampharos|Dragon Pulse|p2a: Sinistcha
|-damage|p2a: Sinistcha|10/100 tox
|move|p2b: Garchomp|Earthquake|p1a: Ampharos|[spread] p2a,p1a,p1b
|-resisted|p2a: Sinistcha|1
|-supereffective|p1a: Ampharos|1
|-damage|p2a: Sinistcha|0 fnt
|-damage|p1a: Ampharos|8/100
|-damage|p1b: Farigiraf|0 fnt
|faint|p2a: Sinistcha
|faint|p1b: Farigiraf
|-damage|p2b: Garchomp|90/100|[from] item: Life Orb
|
|upkeep
|
|t:|1782425685
|switch|p2a: Basculegion|Basculegion, L50, M|64/100
|turn|7
|
|t:|1782425694
|move|p2a: Basculegion|Aqua Jet|p1a: Ampharos
|-resisted|p1a: Ampharos|1
|-damage|p1a: Ampharos|0 fnt
|faint|p1a: Ampharos
|
|win|Mclovingods
|raw|qpdbo0il's rating: 1074 → 1057(-17 for losing)
|raw|Mclovingods's rating: 1148 → 1168(+20 for winning)
|l|☆qpdbo0il
|player|p1|
|c|☆Mclovingods|gg
