|j|☆cloudlime
|j|☆gladland
|html|cloudlimegladland    
|uhtml|bestof|Game 2 of a best-of-3
|t:|1757825374
|gametype|doubles
|player|p1|cloudlime|miku-water|1069
|player|p2|gladland|2|1120
|gen|9
|tier|[Gen 9] VGC 2025 Reg H (Bo3)
|rated|
|rule|Species Clause: Limit one of each Pokémon
|rule|Item Clause: Limit 1 of each item
|clearpoke
|poke|p1|Indeedee-F, L50, F|
|poke|p1|Rillaboom, L50, F|
|poke|p1|Ursaluna, L50, F|
|poke|p1|Torkoal, L50, M|
|poke|p1|Crabominable, L50, F|
|poke|p1|Hatterene, L50, F|
|poke|p2|Kingambit, L50, F|
|poke|p2|Delphox, L50, M|
|poke|p2|Pelipper, L50, M|
|poke|p2|Archaludon, L50, F|
|poke|p2|Indeedee, L50, M|
|poke|p2|Sneasler, L50, F|
|teampreview|4
|showteam|p1|Indeedee-F||RockyHelmet|PsychicSurge|FollowMe,HelpingHand,TrickRoom,DazzlingGleam|||F|||50|,,,,,Ghost]Rillaboom||AssaultVest|GrassySurge|FakeOut,WoodHammer,HighHorsepower,KnockOff|||F|||50|,,,,,Fire]Ursaluna||FlameOrb|Guts|Facade,HeadlongRush,Curse,Taunt|||F|||50|,,,,,Ghost]Torkoal||Charcoal|Drought|Eruption,HeatWave,WeatherBall,ClearSmog|||M|||50|,,,,,Ghost]Crabominable||CovertCloak|HyperCutter|IceHammer,CloseCombat,WideGuard,KnockOff|||F|||50|,,,,,Water]Hatterene||LifeOrb|MagicBounce|ExpandingForce,DazzlingGleam,TrickRoom,MysticalFire|||F|||50|,,,,,Fire
|showteam|p2|Kingambit||LifeOrb|SupremeOverlord|LowKick,IronHead,KowtowCleave,SuckerPunch|||F|||50|,,,,,Ghost]Delphox||FocusSash|Magician|ExpandingForce,DazzlingGleam,Flamethrower,Protect|||M|||50|,,,,,Fairy]Pelipper||SitrusBerry|Drizzle|Tailwind,Hurricane,Surf,RainDance|||M|||50|,,,,,Ground]Archaludon||AssaultVest|Stamina|ElectroShot,DracoMeteor,BodyPress,FlashCannon|||F|||50|,,,,,Electric]Indeedee||ChoiceScarf|PsychicSurge|ExpandingForce,HelpingHand,Protect,HyperVoice|||M|||50|,,,,,Steel]Sneasler||PsychicSeed|Unburden|DireClaw,CloseCombat,ThroatChop,Protect|||F|||50|,,,,,Dark
|
|t:|1757825408
|teamsize|p1|4
|teamsize|p2|4
|start
|switch|p1a: Hatterene|Hatterene, L50, F|100/100
|switch|p1b: Rillaboom|Rillaboom, L50, F|100/100
|switch|p2a: Archaludon|Archaludon, L50, F|100/100
|switch|p2b: Kingambit|Kingambit, L50, F|100/100
|-fieldstart|move: Grassy Terrain|[from] ability: Grassy Surge|[of] p1b: Rillaboom
|turn|1
|inactive|Battle timer is ON: inactive players will automatically lose when time's up. (requested by gladland)
|inactive|cloudlime has 60 seconds left.
|
|t:|1757825528
|-end|p2b: Kingambit|fallenundefined|[silent]
|switch|p2b: Pelipper|Pelipper, L50, M|100/100
|-weather|RainDance|[from] ability: Drizzle|[of] p2b: Pelipper
|switch|p1a: Torkoal|Torkoal, L50, M|100/100
|-weather|SunnyDay|[from] ability: Drought|[of] p1a: Torkoal
|-terastallize|p2a: Archaludon|Electric
|move|p2a: Archaludon|Electro Shot||[still]
|-prepare|p2a: Archaludon|Electro Shot
|-boost|p2a: Archaludon|spa|1
|move|p1b: Rillaboom|High Horsepower|p2b: Pelipper
|-immune|p2b: Pelipper
|
|-weather|SunnyDay|[upkeep]
|upkeep
|turn|2
|inactive|cloudlime has 30 seconds left.
|inactive|cloudlime has 20 seconds left.
|
|t:|1757825564
|move|p2b: Pelipper|Rain Dance|p2b: Pelipper
|-weather|RainDance
|move|p1b: Rillaboom|Knock Off|p2a: Archaludon
|-crit|p2a: Archaludon
|-damage|p2a: Archaludon|63/100
|-ability|p2a: Archaludon|Stamina|boost
|-boost|p2a: Archaludon|def|1
|-enditem|p2a: Archaludon|Assault Vest|[from] move: Knock Off|[of] p1b: Rillaboom
|move|p2a: Archaludon|Electro Shot|p1a: Torkoal|[from] lockedmove
|-damage|p1a: Torkoal|0 fnt
|faint|p1a: Torkoal
|
|-weather|RainDance|[upkeep]
|-heal|p2a: Archaludon|69/100|[from] Grassy Terrain
|upkeep
|
|t:|1757825587
|switch|p1a: Ursaluna|Ursaluna, L50, F|100/100
|turn|3
|inactive|cloudlime has 30 seconds left.
|
|t:|1757825613
|move|p2b: Pelipper|Surf|p1b: Rillaboom|[spread] p2a,p1a,p1b
|-supereffective|p1a: Ursaluna
|-resisted|p1b: Rillaboom
|-damage|p2a: Archaludon|26/100
|-damage|p1a: Ursaluna|48/100
|-damage|p1b: Rillaboom|90/100
|-ability|p2a: Archaludon|Stamina|boost
|-boost|p2a: Archaludon|def|1
|move|p2a: Archaludon|Draco Meteor|p1a: Ursaluna
|-damage|p1a: Ursaluna|0 fnt
|-unboost|p2a: Archaludon|spa|2
|faint|p1a: Ursaluna
|move|p1b: Rillaboom|Wood Hammer|p2b: Pelipper
|-damage|p2b: Pelipper|8/100
|-enditem|p2b: Pelipper|Sitrus Berry|[eat]
|-heal|p2b: Pelipper|33/100|[from] item: Sitrus Berry
|-damage|p1b: Rillaboom|61/100|[from] Recoil
|
|-weather|RainDance|[upkeep]
|-heal|p2a: Archaludon|32/100|[from] Grassy Terrain
|-heal|p1b: Rillaboom|68/100|[from] Grassy Terrain
|upkeep
|
|t:|1757825627
|switch|p1a: Hatterene|Hatterene, L50, F|100/100
|turn|4
|inactive|cloudlime has 30 seconds left.
|
|t:|1757825661
|move|p2b: Pelipper|Hurricane|p1b: Rillaboom
|-supereffective|p1b: Rillaboom
|-damage|p1b: Rillaboom|13/100
|move|p1b: Rillaboom|Knock Off|p2b: Pelipper
|-damage|p2b: Pelipper|7/100
|move|p2a: Archaludon|Electro Shot||[still]
|-prepare|p2a: Archaludon|Electro Shot
|-boost|p2a: Archaludon|spa|1
|-anim|p2a: Archaludon|Electro Shot|p1a: Hatterene
|-damage|p1a: Hatterene|25/100
|move|p1a: Hatterene|Dazzling Gleam|p2b: Pelipper|[spread] p2a,p2b
|-damage|p2a: Archaludon|0 fnt
|-damage|p2b: Pelipper|0 fnt
|faint|p2a: Archaludon
|faint|p2b: Pelipper
|-damage|p1a: Hatterene|15/100|[from] item: Life Orb
|
|-weather|RainDance|[upkeep]
|-heal|p1b: Rillaboom|19/100|[from] Grassy Terrain
|-heal|p1a: Hatterene|21/100|[from] Grassy Terrain
|upkeep
|
|t:|1757825678
|switch|p2b: Delphox|Delphox, L50, M|100/100
|switch|p2a: Kingambit|Kingambit, L50, F|100/100
|-activate|p2a: Kingambit|ability: Supreme Overlord
|-start|p2a: Kingambit|fallen2|[silent]
|turn|5
|
|t:|1757825705
|-terastallize|p1a: Hatterene|Fire
|move|p2a: Kingambit|Sucker Punch|p1b: Rillaboom
|-damage|p1b: Rillaboom|0 fnt
|faint|p1b: Rillaboom
|-damage|p2a: Kingambit|91/100|[from] item: Life Orb
|move|p2b: Delphox|Dazzling Gleam|p1a: Hatterene
|-resisted|p1a: Hatterene
|-damage|p1a: Hatterene|5/100
|move|p1a: Hatterene|Mystical Fire|p2a: Kingambit
|-supereffective|p2a: Kingambit
|-damage|p2a: Kingambit|49/100
|-unboost|p2a: Kingambit|spa|1
|-damage|p1a: Hatterene|0 fnt|[from] item: Life Orb
|faint|p1a: Hatterene
|
|win|gladland
||cloudlime is ready for game 3.
|inactive|gladland has 30 seconds to confirm battle start!
|l|☆gladland
|player|p2|
||gladland is ready for game 3.
|uhtml|next|Next: Game 3 of 3
