|j|☆magicalarcher57
|j|☆aqawa
|html|magicalarcher57aqawa    
|uhtml|bestof|Game 2 of a best-of-3
|t:|1784301109
|gametype|doubles
|player|p1|magicalarcher57|diantha|1285
|player|p2|aqawa|265|1141
|gen|9
|tier|[Gen 9 Champions] VGC 2026 Reg M-B (Bo3)
|rated|
|rule|Species Clause: Limit one of each Pokémon
|rule|Item Clause: Limit 1 of each item
|clearpoke
|poke|p1|Basculegion, L50, M|
|poke|p1|Glimmora, L50, M|
|poke|p1|Garchomp, L50, M|
|poke|p1|Whimsicott, L50, M|
|poke|p1|Hydreigon, L50, M|
|poke|p1|Metagross, L50|
|poke|p2|Talonflame, L50, F|
|poke|p2|Maushold-Four, L50|
|poke|p2|Kommo-o, L50, M|
|poke|p2|Annihilape, L50, M|
|poke|p2|Raichu, L50, M|
|poke|p2|Milotic, L50, F|
|teampreview|4
|showteam|p1|Basculegion||MysticWater|Adaptability|AquaJet,LastRespects,WaveCrash,Protect|Jolly||M|||50|]Glimmora||LifeOrb|ToxicDebris|PowerGem,EarthPower,SpikyShield,SludgeBomb|Timid||M|||50|]Garchomp||SitrusBerry|RoughSkin|DragonClaw,StompingTantrum,Protect,Earthquake|Jolly||M|||50|]Whimsicott||FocusSash|Prankster|Tailwind,Moonblast,Encore,Protect|Timid||M|||50|]Hydreigon||ScopeLens|Levitate|FocusEnergy,DracoMeteor,Protect,Snarl|Modest||M|||50|]Metagross||Metagrossite|ClearBody|IcePunch,IronHead,PsychicFangs,Protect|Jolly|||||50|
|showteam|p2|Talonflame||SharpBeak|GaleWings|DualWingbeat,Tailwind,FlareBlitz,Protect|Jolly||F|||50|]Maushold-Four||ChopleBerry|FriendGuard|SuperFang,FollowMe,Protect,Feint|Jolly|||||50|]Kommo-o||LifeOrb|Soundproof|Protect,DracoMeteor,ClangingScales,AuraSphere|Modest||M|||50|]Annihilape||FocusSash|Defiant|Protect,CloseCombat,PhantomForce,Taunt|Jolly||M|||50|]Raichu||RaichuniteY|LightningRod|ZapCannon,FocusBlast,Protect,FakeOut|Timid||M|||50|]Milotic||Leftovers|Competitive|MuddyWater,Coil,Protect,Hypnosis|Calm||F|||50|
|inactive|Battle timer is ON: inactive players will automatically lose when time's up. (requested by magicalarcher57)
|
|t:|1784301136
|teamsize|p1|4
|teamsize|p2|4
|start
|switch|p1a: Garchomp|Garchomp, L50, M|100/100
|switch|p1b: Whimsicott|Whimsicott, L50, M|100/100
|switch|p2a: Raichu|Raichu, L50, M|100/100
|switch|p2b: Talonflame|Talonflame, L50, F|100/100
|turn|1
|
|t:|1784301159
|move|p2a: Raichu|Fake Out|p1a: Garchomp
|-damage|p1a: Garchomp|91/100
|-damage|p2a: Raichu|88/100|[from] ability: Rough Skin|[of] p1a: Garchomp
|move|p2b: Talonflame|Dual Wingbeat|p1b: Whimsicott
|-supereffective|p1b: Whimsicott|1
|-damage|p1b: Whimsicott|45/100
|-supereffective|p1b: Whimsicott|1
|-damage|p1b: Whimsicott|0 fnt
|faint|p1b: Whimsicott
|-hitcount|p1: Whimsicott|2
|cant|p1a: Garchomp|flinch
|
|upkeep
|
|t:|1784301170
|switch|p1b: Basculegion|Basculegion, L50, M|100/100
|turn|2
|
|t:|1784301187
|detailschange|p2a: Raichu|Raichu-Mega-Y, L50, M
|-mega|p2a: Raichu|Raichu|Raichunite Y
|move|p1b: Basculegion|Protect|p1b: Basculegion
|-singleturn|p1b: Basculegion|Protect
|move|p2b: Talonflame|Tailwind|p2b: Talonflame
|-sidestart|p2: aqawa|move: Tailwind
|move|p2a: Raichu|Focus Blast|p1a: Garchomp
|-damage|p1a: Garchomp|47/100
|-enditem|p1a: Garchomp|Sitrus Berry|[eat]
|-heal|p1a: Garchomp|72/100|[from] item: Sitrus Berry
|move|p1a: Garchomp|Stomping Tantrum|p2a: Raichu
|-supereffective|p2a: Raichu|1
|-damage|p2a: Raichu|0 fnt
|faint|p2a: Raichu
|
|upkeep
|
|t:|1784301204
|switch|p2a: Annihilape|Annihilape, L50, M|100/100
|turn|3
|
|t:|1784301214
|switch|p2b: Milotic|Milotic, L50, F|100/100
|move|p1b: Basculegion|Aqua Jet|p2b: Milotic
|-resisted|p2b: Milotic|1
|-damage|p2b: Milotic|85/100
|move|p2a: Annihilape|Phantom Force||[still]
|-prepare|p2a: Annihilape|Phantom Force
|move|p1a: Garchomp|Stomping Tantrum|p2a: Annihilape|[miss]
|-miss|p1a: Garchomp|p2a: Annihilape
|
|-heal|p2b: Milotic|91/100|[from] item: Leftovers
|upkeep
|turn|4
|
|t:|1784301235
|move|p2a: Annihilape|Phantom Force|p1b: Basculegion|[from] lockedmove
|-supereffective|p1b: Basculegion|1
|-damage|p1b: Basculegion|0 fnt
|faint|p1b: Basculegion
|move|p2b: Milotic|Coil|p2b: Milotic
|-boost|p2b: Milotic|atk|1
|-boost|p2b: Milotic|def|1
|-boost|p2b: Milotic|accuracy|1
|move|p1a: Garchomp|Stomping Tantrum|p2b: Milotic
|-damage|p2b: Milotic|44/100
|
|-heal|p2b: Milotic|50/100g|[from] item: Leftovers
|upkeep
|
|t:|1784301242
|switch|p1b: Metagross|Metagross, L50|100/100
|turn|5
|
|t:|1784301257
|detailschange|p1b: Metagross|Metagross-Mega, L50
|-mega|p1b: Metagross|Metagross|Metagrossite
|move|p2a: Annihilape|Phantom Force||[still]
|-prepare|p2a: Annihilape|Phantom Force
|move|p2b: Milotic|Muddy Water|p1b: Metagross|[spread] p1a,p1b
|-damage|p1a: Garchomp|45/100
|-damage|p1b: Metagross|76/100
|-unboost|p1a: Garchomp|accuracy|1
|move|p1b: Metagross|Psychic Fangs|p2b: Milotic
|-damage|p2b: Milotic|12/100
|move|p1a: Garchomp|Dragon Claw|p2b: Milotic
|-crit|p2b: Milotic
|-damage|p2b: Milotic|0 fnt
|faint|p2b: Milotic
|
|-sideend|p2: aqawa|move: Tailwind
|upkeep
|
|t:|1784301270
|switch|p2b: Talonflame|Talonflame, L50, F|100/100
|turn|6
|
|t:|1784301287
|move|p2b: Talonflame|Dual Wingbeat|p1a: Garchomp
|-damage|p1a: Garchomp|25/100
|-damage|p2b: Talonflame|87/100|[from] ability: Rough Skin|[of] p1a: Garchomp
|-damage|p1a: Garchomp|5/100
|-damage|p2b: Talonflame|75/100|[from] ability: Rough Skin|[of] p1a: Garchomp
|-hitcount|p1a: Garchomp|2
|move|p1b: Metagross|Psychic Fangs|p2a: Annihilape|[miss]
|-miss|p1b: Metagross|p2a: Annihilape
|move|p1a: Garchomp|Dragon Claw|p2a: Annihilape|[miss]
|-miss|p1a: Garchomp|p2a: Annihilape
|move|p2a: Annihilape|Phantom Force|p1b: Metagross|[from] lockedmove
|-supereffective|p1b: Metagross|1
|-damage|p1b: Metagross|2/100
|
|upkeep
|turn|7
|inactive|magicalarcher57 has 30 seconds left.
|inactive|aqawa has 30 seconds left.
|inactive|aqawa has 20 seconds left.
|
|t:|1784301323
|move|p2b: Talonflame|Tailwind|p2b: Talonflame
|-sidestart|p2: aqawa|move: Tailwind
|move|p2a: Annihilape|Phantom Force||[still]
|-prepare|p2a: Annihilape|Phantom Force
|move|p1b: Metagross|Psychic Fangs|p2a: Annihilape|[miss]
|-miss|p1b: Metagross|p2a: Annihilape
|move|p1a: Garchomp|Dragon Claw|p2b: Talonflame|[miss]
|-miss|p1a: Garchomp|p2b: Talonflame
|
|upkeep
|turn|8
|-message|magicalarcher57 forfeited.
|raw|magicalarcher57's rating: 1285 → 1250(-35 for losing)
|raw|aqawa's rating: 1141 → 1176(+35 for winning)
|
|win|aqawa
