|j|鈽哃yricSum
|j|鈽哯XMaverickHunter
|html|LyricSumZXMaverickHunter    
|uhtml|bestof|Game 2 of a best-of-3
|t:|1756262671
|gametype|doubles
|player|p1|LyricSum|veteran|1207
|player|p2|ZXMaverickHunter|flint|1112
|gen|9
|tier|[Gen 9] VGC 2025 Reg H (Bo3)
|rated|
|rule|Species Clause: Limit one of each Pok茅mon
|rule|Item Clause: Limit 1 of each item
|clearpoke
|poke|p1|Krookodile, L50, M|
|poke|p1|Kommo-o, L50, F|
|poke|p1|Talonflame, L50, M|
|poke|p1|Sinistcha-Masterpiece, L50|
|poke|p1|Archaludon, L50, F|
|poke|p1|Primarina, L50, F|
|poke|p2|Basculegion, L50, M|
|poke|p2|Pelipper, L50, F|
|poke|p2|Archaludon, L50, M|
|poke|p2|Incineroar, L50, M|
|poke|p2|Sinistcha, L50|
|poke|p2|Ursaluna, L50, M|
|teampreview|4
|showteam|p1|Krookodile||AssaultVest|Intimidate|KnockOff,Snarl,HighHorsepower,GunkShot|||M|||50|,,,,,Poison]Kommo-o||ThroatSpray|Overcoat|ClangorousSoul,ClangingScales,AuraSphere,Protect|||F|||50|,,,,,Steel]Talonflame||FocusSash|GaleWings|Tailwind,WillOWisp,DualWingbeat,Taunt|||M|||50|,,,,,Ghost]Sinistcha-Masterpiece||SitrusBerry|Hospitality|MatchaGotcha,ShadowBall,RagePowder,LifeDew||||||50|,,,,,Fairy]Archaludon||PowerHerb|Stalwart|ElectroShot,Thunderbolt,DragonPulse,Protect|||F|||50|,,,,,Electric]Primarina||LifeOrb|LiquidVoice|HyperVoice,Moonblast,Haze,Protect|||F|||50|,,,,,Steel
|showteam|p2|Basculegion||ChoiceBand|SwiftSwim|WaveCrash,AquaJet,FlipTurn,LastRespects|||M|||50|,,,,,Water]Pelipper||FocusSash|Drizzle|Protect,Hurricane,WeatherBall,Tailwind|||F|||50|,,,,,Stellar]Archaludon||AssaultVest|Stamina|ElectroShot,Snarl,BodyPress,DragonPulse|||M|||50|,,,,,Bug]Incineroar||SafetyGoggles|Intimidate|FakeOut,KnockOff,Taunt,PartingShot|||M|||50|,,,,,Flying]Sinistcha||SitrusBerry|Hospitality|MatchaGotcha,RagePowder,LifeDew,TrickRoom||||||50|,,,,,Water]Ursaluna||FlameOrb|Guts|Protect,Facade,HeadlongRush,Earthquake|||M|||50|,,,,,Ghost
|inactive|Battle timer is ON: inactive players will automatically lose when time's up. (requested by LyricSum)
|
|t:|1756262701
|teamsize|p1|4
|teamsize|p2|4
|start
|switch|p1a: Krookodile|Krookodile, L50, M|100/100
|switch|p1b: Archaludon|Archaludon, L50, F, shiny|100/100
|switch|p2a: Ursaluna|Ursaluna, L50, M|100/100
|switch|p2b: Sinistcha|Sinistcha, L50|100/100
|-ability|p1a: Krookodile|Intimidate|boost
|-unboost|p2a: Ursaluna|atk|1
|-unboost|p2b: Sinistcha|atk|1
|turn|1
|
|t:|1756262724
|switch|p2b: Incineroar|Incineroar, L50, M|100/100
|-ability|p2b: Incineroar|Intimidate|boost
|-unboost|p1a: Krookodile|atk|1
|-unboost|p1b: Archaludon|atk|1
|move|p2a: Ursaluna|Protect|p2a: Ursaluna
|-singleturn|p2a: Ursaluna|Protect
|move|p1a: Krookodile|Knock Off|p2b: Incineroar
|-resisted|p2b: Incineroar
|-damage|p2b: Incineroar|88/100
|-enditem|p2b: Incineroar|Safety Goggles|[from] move: Knock Off|[of] p1a: Krookodile
|move|p1b: Archaludon|Dragon Pulse|p2b: Incineroar
|-damage|p2b: Incineroar|55/100
|
|-status|p2a: Ursaluna|brn|[from] item: Flame Orb
|upkeep
|turn|2
|
|t:|1756262739
|switch|p1a: Sinistcha|Sinistcha-Masterpiece, L50|100/100
|move|p1b: Archaludon|Protect|p1b: Archaludon
|-singleturn|p1b: Archaludon|Protect
|move|p2b: Incineroar|Fake Out|p1b: Archaludon
|-activate|p1b: Archaludon|move: Protect
|move|p2a: Ursaluna|Facade|p1a: Sinistcha
|-immune|p1a: Sinistcha
|
|-damage|p2a: Ursaluna|95/100 brn|[from] brn
|upkeep
|turn|3
|inactive|ZXMaverickHunter has 30 seconds left.
|
|t:|1756262765
|switch|p1a: Krookodile|Krookodile, L50, M|100/100
|-ability|p1a: Krookodile|Intimidate|boost
|-unboost|p2a: Ursaluna|atk|1
|-unboost|p2b: Incineroar|atk|1
|switch|p2b: Sinistcha|Sinistcha, L50|100/100
|-heal|p2a: Ursaluna|100/100 brn|[from] ability: Hospitality|[of] p2b: Sinistcha
|move|p1b: Archaludon|Electro Shot||[still]
|-prepare|p1b: Archaludon|Electro Shot
|-boost|p1b: Archaludon|spa|1
|-enditem|p1b: Archaludon|Power Herb
|-anim|p1b: Archaludon|Electro Shot|p2b: Sinistcha
|-resisted|p2b: Sinistcha
|-damage|p2b: Sinistcha|72/100
|move|p2a: Ursaluna|Earthquake|p1b: Archaludon|[spread] p2b,p1a,p1b
|-resisted|p2b: Sinistcha
|-supereffective|p1b: Archaludon
|-damage|p2b: Sinistcha|57/100
|-damage|p1a: Krookodile|60/100
|-damage|p1b: Archaludon|39/100
|
|-damage|p2a: Ursaluna|95/100 brn|[from] brn
|upkeep
|turn|4
|inactive|LyricSum has 30 seconds left.
|inactive|ZXMaverickHunter has 30 seconds left.
|
|t:|1756262794
|switch|p1a: Sinistcha|Sinistcha-Masterpiece, L50|100/100
|-heal|p1b: Archaludon|64/100|[from] ability: Hospitality|[of] p1a: Sinistcha
|switch|p2a: Incineroar|Incineroar, L50, M|55/100
|-ability|p2a: Incineroar|Intimidate|boost
|-unboost|p1a: Sinistcha|atk|1
|-unboost|p1b: Archaludon|atk|1
|move|p1b: Archaludon|Protect|p1b: Archaludon
|-singleturn|p1b: Archaludon|Protect
|move|p2b: Sinistcha|Life Dew|p2b: Sinistcha|[spread] p2a,p2b
|-heal|p2a: Incineroar|80/100
|-heal|p2b: Sinistcha|83/100
|
|upkeep
|turn|5
|
|t:|1756262818
|move|p1b: Archaludon|Dragon Pulse|p2b: Sinistcha
|-damage|p2b: Sinistcha|29/100
|-enditem|p2b: Sinistcha|Sitrus Berry|[eat]
|-heal|p2b: Sinistcha|53/100|[from] item: Sitrus Berry
|move|p1a: Sinistcha|Life Dew||[still]|[spread] p1a,p1b
|-fail|p1a: Sinistcha|heal
|-heal|p1b: Archaludon|89/100
|move|p2a: Incineroar|Parting Shot|p1b: Archaludon
|-unboost|p1b: Archaludon|atk|1
|-unboost|p1b: Archaludon|spa|1
|
|t:|1756262826
|switch|p2a: Ursaluna|Ursaluna, L50, M|95/100 brn|[from] Parting Shot
|move|p2b: Sinistcha|Trick Room|p2b: Sinistcha
|-fieldstart|move: Trick Room|[of] p2b: Sinistcha
|
|-damage|p2a: Ursaluna|89/100 brn|[from] brn
|upkeep
|turn|6
|
|t:|1756262835
|switch|p1b: Krookodile|Krookodile, L50, M|60/100
|-ability|p1b: Krookodile|Intimidate|boost
|-unboost|p2a: Ursaluna|atk|1
|-unboost|p2b: Sinistcha|atk|1
|move|p2b: Sinistcha|Life Dew|p2b: Sinistcha|[spread] p2a,p2b
|-heal|p2a: Ursaluna|100/100 brn
|-heal|p2b: Sinistcha|79/100
|move|p2a: Ursaluna|Earthquake|p1a: Sinistcha|[spread] p2b,p1a,p1b
|-resisted|p2b: Sinistcha
|-resisted|p1a: Sinistcha
|-damage|p2b: Sinistcha|59/100
|-damage|p1a: Sinistcha|82/100
|-damage|p1b: Krookodile|7/100
|move|p1a: Sinistcha|Matcha Gotcha|p2b: Sinistcha|[spread] p2a,p2b
|-supereffective|p2a: Ursaluna
|-resisted|p2b: Sinistcha
|-damage|p2a: Ursaluna|43/100 brn
|-heal|p1a: Sinistcha|100/100|[from] drain|[of] p2a: Ursaluna
|-damage|p2b: Sinistcha|48/100
|
|-damage|p2a: Ursaluna|38/100 brn|[from] brn
|upkeep
|turn|7
|
|t:|1756262846
|-terastallize|p2a: Ursaluna|Ghost
|move|p2b: Sinistcha|Life Dew|p2b: Sinistcha|[spread] p2a,p2b
|-heal|p2a: Ursaluna|62/100 brn
|-heal|p2b: Sinistcha|73/100
|move|p2a: Ursaluna|Earthquake|p1a: Sinistcha|[spread] p2b,p1a,p1b
|-resisted|p2b: Sinistcha
|-resisted|p1a: Sinistcha
|-damage|p2b: Sinistcha|54/100
|-damage|p1a: Sinistcha|84/100
|-damage|p1b: Krookodile|0 fnt
|faint|p1b: Krookodile
|move|p1a: Sinistcha|Shadow Ball|p2b: Sinistcha
|-supereffective|p2b: Sinistcha
|-damage|p2b: Sinistcha|0 fnt
|faint|p2b: Sinistcha
|
|-damage|p2a: Ursaluna|57/100 brn|[from] brn
|upkeep
|
|t:|1756262861
|switch|p2b: Incineroar|Incineroar, L50, M|80/100
|switch|p1b: Archaludon|Archaludon, L50, F, shiny|89/100
|-ability|p2b: Incineroar|Intimidate|boost
|-unboost|p1a: Sinistcha|atk|1
|-unboost|p1b: Archaludon|atk|1
|turn|8
|
|t:|1756262876
|move|p2a: Ursaluna|Protect|p2a: Ursaluna
|-singleturn|p2a: Ursaluna|Protect
|move|p1b: Archaludon|Protect|p1b: Archaludon
|-singleturn|p1b: Archaludon|Protect
|move|p2b: Incineroar|Knock Off|p1a: Sinistcha
|-supereffective|p1a: Sinistcha
|-damage|p1a: Sinistcha|18/100
|-enditem|p1a: Sinistcha|Sitrus Berry|[from] move: Knock Off|[of] p2b: Incineroar
|move|p1a: Sinistcha|Shadow Ball|p2a: Ursaluna
|-activate|p2a: Ursaluna|move: Protect
|
|-damage|p2a: Ursaluna|51/100 brn|[from] brn
|upkeep
|turn|9
|inactive|ZXMaverickHunter has 30 seconds left.
|
|t:|1756262908
|move|p1a: Sinistcha|Rage Powder|p1a: Sinistcha
|-singleturn|p1a: Sinistcha|move: Rage Powder
|move|p2b: Incineroar|Knock Off|p1a: Sinistcha
|-supereffective|p1a: Sinistcha
|-damage|p1a: Sinistcha|0 fnt
|faint|p1a: Sinistcha
|move|p2a: Ursaluna|Headlong Rush|p1b: Archaludon
|-supereffective|p1b: Archaludon
|-damage|p1b: Archaludon|0 fnt
|-unboost|p2a: Ursaluna|def|1
|-unboost|p2a: Ursaluna|spd|1
|faint|p1b: Archaludon
|
|-damage|p2a: Ursaluna|45/100 brn|[from] brn
|-fieldend|move: Trick Room
|upkeep
|
|t:|1756262913
|switch|p1b: Primarina|Primarina, L50, F|100/100
|turn|10
|
|t:|1756262922
|move|p2a: Ursaluna|Protect|p2a: Ursaluna
|-singleturn|p2a: Ursaluna|Protect
|move|p1b: Primarina|Hyper Voice|p2a: Ursaluna|[spread] p2b
|-activate|p2a: Ursaluna|move: Protect
|-supereffective|p2b: Incineroar
|-damage|p2b: Incineroar|9/100
|-damage|p1b: Primarina|91/100|[from] item: Life Orb
|move|p2b: Incineroar|Parting Shot|p1b: Primarina
|-unboost|p1b: Primarina|atk|1
|-unboost|p1b: Primarina|spa|1
|
|t:|1756262931
|switch|p2b: Basculegion|Basculegion, L50, M|100/100|[from] Parting Shot
|
|-damage|p2a: Ursaluna|39/100 brn|[from] brn
|upkeep
|turn|11
|-message|LyricSum forfeited.
|
|win|ZXMaverickHunter
|l|鈽哃yricSum
|player|p1|
||LyricSum is ready for game 3.
