|j|☆blackstorm games
|j|☆plouifasol
|html|blackstorm gamesplouifasol    
|uhtml|bestof|Game 3 of a best-of-3
|t:|1756843500
|gametype|doubles
|player|p1|blackstorm games|266|1180
|player|p2|plouifasol|hiker-gen4|1083
|gen|9
|tier|[Gen 9] VGC 2025 Reg H (Bo3)
|rated|
|rule|Species Clause: Limit one of each Pokémon
|rule|Item Clause: Limit 1 of each item
|clearpoke
|poke|p1|Dragonite, L50, M|
|poke|p1|Pelipper, L50, M|
|poke|p1|Gholdengo, L50|
|poke|p1|Archaludon, L50, F|
|poke|p1|Sinistcha, L50|
|poke|p1|Ursaluna, L50, M|
|poke|p2|Archaludon, L50, F|
|poke|p2|Pelipper, L50, F|
|poke|p2|Basculegion, L50, M|
|poke|p2|Amoonguss, L50, M|
|poke|p2|Gholdengo, L50|
|poke|p2|Incineroar, L50, F|
|teampreview|4
|showteam|p1|Dragonite||LoadedDice|Multiscale|ScaleShot,Tailwind,Haze,Protect|||M|||50|,,,,,Fairy]Pelipper||FocusSash|Drizzle|Hurricane,Tailwind,WeatherBall,Protect|||M|||50|,,,,,Ghost]Gholdengo||LifeOrb|GoodasGold|MakeItRain,ShadowBall,NastyPlot,Protect||||||50|,,,,,Water]Archaludon||AssaultVest|Stamina|ElectroShot,BodyPress,DracoMeteor,Snarl|||F|||50|,,,,,Fighting]Sinistcha||SitrusBerry|Hospitality|MatchaGotcha,LifeDew,RagePowder,TrickRoom||||||50|,,,,,Dark]Ursaluna||FlameOrb|Guts|HeadlongRush,Earthquake,Facade,Protect|||M|||50|,,,,,Ghost
|showteam|p2|Archaludon||AssaultVest|Stamina|DragonPulse,ElectroShot,FlashCannon,BodyPress|||F|||50|,,,,,Bug]Pelipper||FocusSash|Drizzle|WeatherBall,Hurricane,Tailwind,Protect|||F|||50|,,,,,Ground]Basculegion||ChoiceBand|SwiftSwim|WaveCrash,LastRespects,AquaJet,FlipTurn|||M|||50|,,,,,Water]Amoonguss||SitrusBerry|Regenerator|PollenPuff,Spore,RagePowder,Protect|||M|||50|,,,,,Fairy]Gholdengo||LifeOrb|GoodasGold|MakeItRain,ShadowBall,NastyPlot,Protect||||||50|,,,,,Water]Incineroar||RockyHelmet|Intimidate|KnockOff,Taunt,PartingShot,FakeOut|||F|||50|,,,,,Ghost
|inactive|Battle timer is ON: inactive players will automatically lose when time's up. (requested by plouifasol)
|
|t:|1756843525
|teamsize|p1|4
|teamsize|p2|4
|start
|switch|p1a: Archaludon|Archaludon, L50, F|100/100
|switch|p1b: Dragonite|Dragonite, L50, M|100/100
|switch|p2a: Gholdengo|Gholdengo, L50|100/100
|switch|p2b: Incineroar|Incineroar, L50, F|100/100
|-ability|p2b: Incineroar|Intimidate|boost
|-unboost|p1a: Archaludon|atk|1
|-unboost|p1b: Dragonite|atk|1
|turn|1
|
|t:|1756843546
|move|p2b: Incineroar|Fake Out|p1a: Archaludon
|-resisted|p1a: Archaludon
|-damage|p1a: Archaludon|96/100
|-ability|p1a: Archaludon|Stamina|boost
|-boost|p1a: Archaludon|def|1
|move|p2a: Gholdengo|Shadow Ball|p1a: Archaludon
|-damage|p1a: Archaludon|50/100
|-unboost|p1a: Archaludon|spd|1
|-ability|p1a: Archaludon|Stamina|boost
|-boost|p1a: Archaludon|def|1
|-damage|p2a: Gholdengo|91/100|[from] item: Life Orb
|move|p1b: Dragonite|Tailwind|p1b: Dragonite
|-sidestart|p1: blackstorm games|move: Tailwind
|cant|p1a: Archaludon|flinch
|
|upkeep
|turn|2
|
|t:|1756843567
|switch|p1b: Sinistcha|Sinistcha, L50|100/100
|-heal|p1a: Archaludon|75/100|[from] ability: Hospitality|[of] p1b: Sinistcha
|move|p1a: Archaludon|Body Press|p2b: Incineroar
|-supereffective|p2b: Incineroar
|-damage|p2b: Incineroar|27/100
|-damage|p1a: Archaludon|58/100|[from] item: Rocky Helmet|[of] p2b: Incineroar
|move|p2a: Gholdengo|Shadow Ball|p1a: Archaludon
|-damage|p1a: Archaludon|0 fnt
|faint|p1a: Archaludon
|-damage|p2a: Gholdengo|82/100|[from] item: Life Orb
|move|p2b: Incineroar|Knock Off|p1b: Sinistcha
|-supereffective|p1b: Sinistcha
|-damage|p1b: Sinistcha|30/100
|-enditem|p1b: Sinistcha|Sitrus Berry|[from] move: Knock Off|[of] p2b: Incineroar
|
|upkeep
|
|t:|1756843584
|switch|p1a: Gholdengo|Gholdengo, L50|100/100
|turn|3
|
|t:|1756843603
|-terastallize|p1a: Gholdengo|Water
|-terastallize|p2a: Gholdengo|Water
|move|p1a: Gholdengo|Shadow Ball|p2b: Incineroar
|-resisted|p2b: Incineroar
|-damage|p2b: Incineroar|3/100
|-damage|p1a: Gholdengo|91/100|[from] item: Life Orb
|move|p1b: Sinistcha|Matcha Gotcha|p2a: Gholdengo|[spread] p2a,p2b
|-supereffective|p2a: Gholdengo
|-resisted|p2b: Incineroar
|-damage|p2a: Gholdengo|27/100
|-heal|p1b: Sinistcha|56/100|[from] drain|[of] p2a: Gholdengo
|-damage|p2b: Incineroar|0 fnt
|-heal|p1b: Sinistcha|57/100|[from] drain|[of] p2b: Incineroar
|faint|p2b: Incineroar
|move|p2a: Gholdengo|Shadow Ball|p1a: Gholdengo
|-damage|p1a: Gholdengo|28/100
|-unboost|p1a: Gholdengo|spd|1
|-damage|p2a: Gholdengo|18/100|[from] item: Life Orb
|
|upkeep
|
|t:|1756843623
|switch|p2b: Amoonguss|Amoonguss, L50, M|100/100
|turn|4
|
|t:|1756843630
|move|p2a: Gholdengo|Protect|p2a: Gholdengo
|-singleturn|p2a: Gholdengo|Protect
|move|p2b: Amoonguss|Protect|p2b: Amoonguss
|-singleturn|p2b: Amoonguss|Protect
|move|p1a: Gholdengo|Make It Rain|p2a: Gholdengo|[spread] 
|-activate|p2a: Gholdengo|move: Protect
|-activate|p2b: Amoonguss|move: Protect
|move|p1b: Sinistcha|Life Dew|p1b: Sinistcha|[spread] p1b
|-immune|p1a: Gholdengo|[from] ability: Good as Gold
|-heal|p1b: Sinistcha|83/100
|
|-sideend|p1: blackstorm games|move: Tailwind
|upkeep
|turn|5
|
|t:|1756843651
|switch|p1a: Dragonite|Dragonite, L50, M|100/100
|move|p2a: Gholdengo|Shadow Ball|p1a: Dragonite
|-damage|p1a: Dragonite|75/100
|-damage|p2a: Gholdengo|8/100|[from] item: Life Orb
|move|p1b: Sinistcha|Matcha Gotcha|p2b: Amoonguss|[spread] p2a,p2b
|-supereffective|p2a: Gholdengo
|-resisted|p2b: Amoonguss
|-damage|p2a: Gholdengo|0 fnt
|-heal|p1b: Sinistcha|86/100|[from] drain|[of] p2a: Gholdengo
|-damage|p2b: Amoonguss|95/100
|-heal|p1b: Sinistcha|90/100|[from] drain|[of] p2b: Amoonguss
|faint|p2a: Gholdengo
|move|p2b: Amoonguss|Pollen Puff|p2: Gholdengo|[notarget]
|-fail|p2b: Amoonguss
|
|upkeep
|
|t:|1756843663
|switch|p2a: Basculegion|Basculegion, L50, M|100/100
|turn|6
|
|t:|1756843682
|move|p2b: Amoonguss|Rage Powder|p2b: Amoonguss
|-singleturn|p2b: Amoonguss|move: Rage Powder
|move|p1a: Dragonite|Scale Shot|p2b: Amoonguss
|-damage|p2b: Amoonguss|84/100
|-damage|p2b: Amoonguss|71/100
|-damage|p2b: Amoonguss|60/100
|-crit|p2b: Amoonguss
|-damage|p2b: Amoonguss|42/100
|-enditem|p2b: Amoonguss|Sitrus Berry|[eat]
|-heal|p2b: Amoonguss|67/100|[from] item: Sitrus Berry
|-crit|p2b: Amoonguss
|-damage|p2b: Amoonguss|50/100
|-hitcount|p2b: Amoonguss|5
|-unboost|p1a: Dragonite|def|1
|-boost|p1a: Dragonite|spe|1
|move|p2a: Basculegion|Last Respects|p1b: Sinistcha
|-supereffective|p1b: Sinistcha
|-damage|p1b: Sinistcha|0 fnt
|faint|p1b: Sinistcha
|
|upkeep
|
|t:|1756843699
|switch|p1b: Gholdengo|Gholdengo, L50, tera:Water|28/100
|turn|7
|
|t:|1756843707
|move|p2b: Amoonguss|Rage Powder|p2b: Amoonguss
|-singleturn|p2b: Amoonguss|move: Rage Powder
|move|p1a: Dragonite|Scale Shot|p2b: Amoonguss
|-damage|p2b: Amoonguss|40/100
|-damage|p2b: Amoonguss|30/100
|-damage|p2b: Amoonguss|20/100
|-damage|p2b: Amoonguss|9/100
|-hitcount|p2b: Amoonguss|4
|-unboost|p1a: Dragonite|def|1
|-boost|p1a: Dragonite|spe|1
|move|p1b: Gholdengo|Shadow Ball|p2b: Amoonguss
|-damage|p2b: Amoonguss|0 fnt
|faint|p2b: Amoonguss
|-damage|p1b: Gholdengo|18/100|[from] item: Life Orb
|move|p2a: Basculegion|Last Respects|p1a: Dragonite
|-damage|p1a: Dragonite|0 fnt
|faint|p1a: Dragonite
|
|upkeep
|turn|8
|
|t:|1756843726
|move|p1b: Gholdengo|Shadow Ball|p2a: Basculegion
|-supereffective|p2a: Basculegion
|-damage|p2a: Basculegion|0 fnt
|faint|p2a: Basculegion
|-damage|p1b: Gholdengo|9/100|[from] item: Life Orb
|
|win|blackstorm games
|raw|blackstorm games's rating: 1180 → 1198(+18 for winning)
|raw|plouifasol's rating: 1083 → 1067(-16 for losing)
|l|☆plouifasol
|player|p2|
