|j|☆snailboss
|j|☆chupete goat
|html|snailbosschupete goat    
|uhtml|bestof|Game 1 of a best-of-3
|t:|1756228453
|gametype|doubles
|player|p1|snailboss|hilda-wonderlauncher|1273
|player|p2|chupete goat|steven|1188
|gen|9
|tier|[Gen 9] VGC 2025 Reg H (Bo3)
|rated|
|rule|Species Clause: Limit one of each Pokémon
|rule|Item Clause: Limit 1 of each item
|clearpoke
|poke|p1|Kingambit, L50, F|
|poke|p1|Ninetales-Alola, L50, F|
|poke|p1|Rillaboom, L50, M|
|poke|p1|Volcarona, L50, M|
|poke|p1|Tauros-Paldea-Aqua, L50, M|
|poke|p1|Electabuzz, L50, F|
|poke|p2|Grimmsnarl, L50, M|
|poke|p2|Archaludon, L50, F|
|poke|p2|Sinistcha, L50|
|poke|p2|Pelipper, L50, F|
|poke|p2|Maushold, L50|
|poke|p2|Annihilape, L50, F|
|teampreview|4
|showteam|p1|Kingambit||BlackGlasses|Defiant|SuckerPunch,KowtowCleave,SwordsDance,Protect|||F|||50|,,,,,Ghost]Ninetales-Alola||FocusSash|SnowWarning|FreezeDry,Moonblast,Encore,Disable|||F|||50|,,,,,Fairy]Rillaboom||AssaultVest|GrassySurge|FakeOut,GrassyGlide,WoodHammer,HighHorsepower|||M|||50|,,,,,Fire]Volcarona||CovertCloak|FlameBody|QuiverDance,HeatWave,GigaDrain,Protect|||M|||50|,,,,,Grass]Tauros-Paldea-Aqua||GrassySeed|Intimidate|WaveCrash,BodyPress,Protect,AquaJet|||M|||50|,,,,,Fire]Electabuzz||Eviolite|VitalSpirit|FollowMe,Electroweb,HelpingHand,Taunt|||F|||50|,,,,,Ghost
|showteam|p2|Grimmsnarl||LightClay|Prankster|SpiritBreak,ThunderWave,Reflect,LightScreen|||M|||50|,,,,,Ghost]Archaludon||AssaultVest|Stamina|ElectroShot,FlashCannon,BodyPress,Snarl|||F|||50|,,,,,Grass]Sinistcha||SitrusBerry|Hospitality|MatchaGotcha,LifeDew,RagePowder,TrickRoom||||||50|,,,,,Dark]Pelipper||FocusSash|Drizzle|Hurricane,WeatherBall,Tailwind,Protect|||F|||50|,,,,,Ghost]Maushold||SafetyGoggles|FriendGuard|BeatUp,Taunt,FollowMe,Protect||||||50|,,,,,Ghost]Annihilape||Leftovers|Defiant|DrainPunch,RageFist,BulkUp,Protect|||F|||50|,,,,,Water
|inactive|Battle timer is ON: inactive players will automatically lose when time's up. (requested by chupete goat)
|inactive|snailboss has 60 seconds left.
|inactive|snailboss has 30 seconds left.
|inactive|snailboss has 20 seconds left.
|inactive|snailboss has 15 seconds left.
|
|t:|1756228552
|teamsize|p1|4
|teamsize|p2|4
|start
|switch|p1a: Electabuzz|Electabuzz, L50, F|100/100
|switch|p1b: Kingambit|Kingambit, L50, F|100/100
|switch|p2a: Grimmsnarl|Grimmsnarl, L50, M|100/100
|switch|p2b: Annihilape|Annihilape, L50, F|100/100
|turn|1
|inactive|chupete goat has 30 seconds left.
|
|t:|1756228579
|move|p1b: Kingambit|Protect|p1b: Kingambit
|-singleturn|p1b: Kingambit|Protect
|move|p2a: Grimmsnarl|Reflect|p2a: Grimmsnarl
|-sidestart|p2: chupete goat|Reflect
|move|p1a: Electabuzz|Taunt|p2a: Grimmsnarl
|-start|p2a: Grimmsnarl|move: Taunt
|move|p2b: Annihilape|Bulk Up|p2b: Annihilape
|-boost|p2b: Annihilape|atk|1
|-boost|p2b: Annihilape|def|1
|
|upkeep
|turn|2
|
|t:|1756228603
|switch|p2a: Maushold|Maushold, L50|100/100
|move|p2b: Annihilape|Protect|p2b: Annihilape
|-singleturn|p2b: Annihilape|Protect
|move|p1a: Electabuzz|Follow Me|p1a: Electabuzz
|-singleturn|p1a: Electabuzz|move: Follow Me
|move|p1b: Kingambit|Swords Dance|p1b: Kingambit
|-boost|p1b: Kingambit|atk|2
|
|upkeep
|turn|3
|
|t:|1756228622
|-terastallize|p1b: Kingambit|Ghost
|move|p1a: Electabuzz|Helping Hand|p1b: Kingambit
|-singleturn|p1b: Kingambit|Helping Hand|[of] p1a: Electabuzz
|move|p1b: Kingambit|Sucker Punch||[still]
|-fail|p1b: Kingambit
|move|p2a: Maushold|Taunt|p1a: Electabuzz
|-start|p1a: Electabuzz|move: Taunt
|move|p2b: Annihilape|Bulk Up|p2b: Annihilape
|-boost|p2b: Annihilape|atk|1
|-boost|p2b: Annihilape|def|1
|
|upkeep
|turn|4
|inactive|chupete goat has 30 seconds left.
|
|t:|1756228653
|switch|p1a: Ninetales|Ninetales-Alola, L50, F|100/100
|-weather|Snowscape|[from] ability: Snow Warning|[of] p1a: Ninetales
|move|p1b: Kingambit|Protect|p1b: Kingambit
|-singleturn|p1b: Kingambit|Protect
|move|p2a: Maushold|Taunt|p1b: Kingambit
|-activate|p1b: Kingambit|move: Protect
|move|p2b: Annihilape|Bulk Up|p2b: Annihilape
|-boost|p2b: Annihilape|atk|1
|-boost|p2b: Annihilape|def|1
|
|-weather|Snowscape|[upkeep]
|upkeep
|turn|5
|inactive|snailboss has 30 seconds left.
|inactive|snailboss has 20 seconds left.
|
|t:|1756228689
|move|p2a: Maushold|Follow Me|p2a: Maushold
|-singleturn|p2a: Maushold|move: Follow Me
|move|p1a: Ninetales|Encore|p2a: Maushold
|-start|p2a: Maushold|Encore
|move|p2b: Annihilape|Rage Fist|p1b: Kingambit
|-supereffective|p1b: Kingambit
|-damage|p1b: Kingambit|18/100
|move|p1b: Kingambit|Kowtow Cleave|p2a: Maushold
|-damage|p2a: Maushold|0 fnt
|faint|p2a: Maushold
|
|-weather|Snowscape|[upkeep]
|upkeep
|
|t:|1756228702
|switch|p2a: Grimmsnarl|Grimmsnarl, L50, M|100/100
|turn|6
|inactive|chupete goat has 30 seconds left.
|
|t:|1756228728
|move|p1b: Kingambit|Protect|p1b: Kingambit
|-singleturn|p1b: Kingambit|Protect
|move|p1a: Ninetales|Disable|p2b: Annihilape
|-start|p2b: Annihilape|Disable|Rage Fist
|move|p2b: Annihilape|Drain Punch|p1a: Ninetales
|-damage|p1a: Ninetales|26/100
|move|p2a: Grimmsnarl|Spirit Break|p1a: Ninetales
|-damage|p1a: Ninetales|0 fnt
|faint|p1a: Ninetales
|
|-weather|Snowscape|[upkeep]
|upkeep
|
|t:|1756228740
|switch|p1a: Rillaboom|Rillaboom, L50, M|100/100
|-fieldstart|move: Grassy Terrain|[from] ability: Grassy Surge|[of] p1a: Rillaboom
|turn|7
|
|t:|1756228764
|move|p1a: Rillaboom|Fake Out|p2a: Grimmsnarl
|-damage|p2a: Grimmsnarl|90/100
|cant|p2a: Grimmsnarl|flinch
|move|p2b: Annihilape|Bulk Up|p2b: Annihilape
|-boost|p2b: Annihilape|atk|1
|-boost|p2b: Annihilape|def|1
|move|p1b: Kingambit|Kowtow Cleave|p2b: Annihilape
|-damage|p2b: Annihilape|71/100
|
|-weather|Snowscape|[upkeep]
|-heal|p2b: Annihilape|76/100|[from] Grassy Terrain
|-heal|p2b: Annihilape|82/100|[from] item: Leftovers
|-heal|p2a: Grimmsnarl|96/100|[from] Grassy Terrain
|-heal|p1b: Kingambit|24/100|[from] Grassy Terrain
|upkeep
|turn|8
|
|t:|1756228785
|switch|p2a: Sinistcha|Sinistcha, L50|100/100
|-heal|p2b: Annihilape|100/100|[from] ability: Hospitality|[of] p2a: Sinistcha
|move|p2b: Annihilape|Drain Punch|p1a: Rillaboom
|-damage|p1a: Rillaboom|15/100
|move|p1a: Rillaboom|Wood Hammer|p2b: Annihilape
|-damage|p2b: Annihilape|80/100
|-damage|p1a: Rillaboom|8/100|[from] Recoil
|move|p1b: Kingambit|Kowtow Cleave|p2b: Annihilape
|-damage|p2b: Annihilape|53/100
|
|-weather|none
|-heal|p2b: Annihilape|59/100|[from] Grassy Terrain
|-heal|p2b: Annihilape|65/100|[from] item: Leftovers
|-heal|p1a: Rillaboom|14/100|[from] Grassy Terrain
|-heal|p1b: Kingambit|30/100|[from] Grassy Terrain
|-sideend|p2: chupete goat|Reflect
|upkeep
|turn|9
|inactive|chupete goat has 30 seconds left.
|
|t:|1756228813
|-terastallize|p2a: Sinistcha|Dark
|move|p2a: Sinistcha|Rage Powder|p2a: Sinistcha
|-singleturn|p2a: Sinistcha|move: Rage Powder
|move|p1b: Kingambit|Sucker Punch||[still]
|-fail|p1b: Kingambit
|move|p2b: Annihilape|Drain Punch|p1a: Rillaboom
|-damage|p1a: Rillaboom|0 fnt
|-heal|p2b: Annihilape|72/100|[from] drain|[of] p1a: Rillaboom
|faint|p1a: Rillaboom
|
|-heal|p2b: Annihilape|77/100|[from] Grassy Terrain
|-heal|p2b: Annihilape|83/100|[from] item: Leftovers
|-heal|p1b: Kingambit|36/100|[from] Grassy Terrain
|-end|p2b: Annihilape|Disable
|upkeep
|
|t:|1756228827
|switch|p1a: Electabuzz|Electabuzz, L50, F|100/100
|turn|10
|
|t:|1756228834
|move|p1a: Electabuzz|Follow Me|p1a: Electabuzz
|-singleturn|p1a: Electabuzz|move: Follow Me
|move|p2a: Sinistcha|Rage Powder|p2a: Sinistcha
|-singleturn|p2a: Sinistcha|move: Rage Powder
|move|p2b: Annihilape|Rage Fist|p1a: Electabuzz
|-damage|p1a: Electabuzz|0 fnt
|faint|p1a: Electabuzz
|move|p1b: Kingambit|Kowtow Cleave|p2a: Sinistcha
|-resisted|p2a: Sinistcha
|-damage|p2a: Sinistcha|45/100
|-enditem|p2a: Sinistcha|Sitrus Berry|[eat]
|-heal|p2a: Sinistcha|70/100|[from] item: Sitrus Berry
|
|-heal|p2b: Annihilape|89/100|[from] Grassy Terrain
|-heal|p2b: Annihilape|95/100|[from] item: Leftovers
|-heal|p2a: Sinistcha|76/100|[from] Grassy Terrain
|-heal|p1b: Kingambit|42/100|[from] Grassy Terrain
|upkeep
|turn|11
|-message|snailboss forfeited.
|
|win|chupete goat
|l|☆snailboss
|player|p1|
||chupete goat is ready for game 2.
|inactive|snailboss has 30 seconds to confirm battle start!
||snailboss is ready for game 2.
|uhtml|next|Next: Game 2 of 3
|l|☆chupete goat
|player|p2|
|j|☆snailboss
|player|p1|snailboss|hilda-wonderlauncher|
