|j|â˜†Sternwizard
|j|â˜†AGreatRobot
|html|SternwizardAGreatRobot    
|uhtml|bestof|Game 1 of a best-of-3
|t:|1783201512
|gametype|doubles
|player|p1|Sternwizard|102|
|player|p2|AGreatRobot|medium|
|gen|9
|tier|[Gen 9 Champions] VGC 2026 Reg M-B (Bo3)
|rule|Species Clause: Limit one of each PokÃ©mon
|rule|Item Clause: Limit 1 of each item
|clearpoke
|poke|p1|Tyranitar, L50, F|
|poke|p1|Aerodactyl, L50, M|
|poke|p1|Mimikyu, L50, M|
|poke|p1|Arcanine, L50, F|
|poke|p1|Vaporeon, L50, F|
|poke|p1|Tsareena, L50, F|
|poke|p2|Annihilape, L50, M|
|poke|p2|Aerodactyl, L50, M|
|poke|p2|Blaziken, L50, M|
|poke|p2|Roserade, L50, F|
|poke|p2|Rotom-Wash, L50|
|poke|p2|Scizor, L50, M|
|teampreview|4
|showteam|p1|Tyranitar||Tyranitarite|SandStream|RockSlide,KnockOff,DragonDance,Protect|Adamant||F|||50|]Aerodactyl||FocusSash|Unnerve|RockSlide,DualWingbeat,Tailwind,Protect|Jolly||M|||50|]Mimikyu||MentalHerb|Disguise|PlayRough,ShadowSneak,TrickRoom,WillOWisp|Jolly||M|||50|]Arcanine||SitrusBerry|Intimidate|FlareBlitz,ExtremeSpeed,WillOWisp,Protect|Adamant||F|||50|]Vaporeon||Leftovers|WaterAbsorb|Scald,IceBeam,Yawn,Protect|Bold||F|||50|]Tsareena||MuscleBand|QueenlyMajesty|Protect,TropKick,KnockOff,Uturn|Adamant||F|||50|
|showteam|p2|Annihilape||SitrusBerry|Defiant|RageFist,DrainPunch,BulkUp,Protect|Careful||M|||50|]Aerodactyl||FocusSash|Pressure|RockSlide,WideGuard,Tailwind,Taunt|Jolly||M|||50|]Blaziken||Blazikenite|SpeedBoost|FlareBlitz,CloseCombat,SwordsDance,Detect|Adamant||M|||50|]Roserade||WideLens|PoisonPoint|PinMissile,SleepPowder,LifeDew,LeafStorm|Timid||F|||50|]Rotom-Wash||ChoiceScarf|Levitate|HydroPump,Electroweb,VoltSwitch,Thunderbolt|Modest|||||50|]Scizor||LifeOrb|Technician|Assurance,BulletPunch,Uturn,Protect|Adamant||M|||50|
|c|â˜†AGreatRobot|Hf
|inactive|Battle timer is ON: inactive players will automatically lose when time's up. (requested by Sternwizard)
|
|t:|1783201541
|teamsize|p1|4
|teamsize|p2|4
|start
|switch|p1a: Tyranitar|Tyranitar, L50, F|100/100
|switch|p1b: Aerodactyl|Aerodactyl, L50, M|100/100
|switch|p2a: Aerodactyl|Aerodactyl, L50, M|100/100
|switch|p2b: Blaziken|Blaziken, L50, M|100/100
|-ability|p1b: Aerodactyl|Unnerve
|-ability|p2a: Aerodactyl|Pressure
|-weather|Sandstorm|[from] ability: Sand Stream|[of] p1a: Tyranitar
|turn|1
|
|t:|1783201557
|switch|p1a: Arcanine|Arcanine, L50, F|100/100
|-ability|p1a: Arcanine|Intimidate|boost
|-unboost|p2a: Aerodactyl|atk|1
|-unboost|p2b: Blaziken|atk|1
|move|p2b: Blaziken|Detect|p2b: Blaziken
|-singleturn|p2b: Blaziken|Protect
|move|p1b: Aerodactyl|Rock Slide|p2a: Aerodactyl|[spread] 
|-activate|p2b: Blaziken|move: Protect
|-miss|p1b: Aerodactyl|p2a: Aerodactyl
|move|p2a: Aerodactyl|Tailwind|p2a: Aerodactyl
|-sidestart|p2: AGreatRobot|move: Tailwind
|
|-weather|Sandstorm|[upkeep]
|-damage|p2b: Blaziken|94/100|[from] Sandstorm
|-damage|p1a: Arcanine|93/100|[from] Sandstorm
|-ability|p2b: Blaziken|Speed Boost|boost
|-boost|p2b: Blaziken|spe|1
|upkeep
|turn|2
|inactive|Sternwizard has 30 seconds left.
|
|t:|1783201583
|switch|p2b: Rotom|Rotom-Wash, L50|100/100
|move|p2a: Aerodactyl|Taunt|p1b: Aerodactyl
|-start|p1b: Aerodactyl|move: Taunt
|move|p1b: Aerodactyl|Rock Slide|p2b: Rotom|[spread] p2a,p2b
|-supereffective|p2a: Aerodactyl|1
|-damage|p2a: Aerodactyl|22/100
|-damage|p2b: Rotom|75/100
|move|p1a: Arcanine|Will-O-Wisp|p2a: Aerodactyl|[miss]
|-miss|p1a: Arcanine|p2a: Aerodactyl
|
|-weather|Sandstorm|[upkeep]
|-damage|p2b: Rotom|69/100|[from] Sandstorm
|-damage|p1a: Arcanine|87/100|[from] Sandstorm
|upkeep
|turn|3
|inactive|Sternwizard has 30 seconds left.
|inactive|Sternwizard has 20 seconds left.
|
|t:|1783201622
|switch|p1b: Mimikyu|Mimikyu, L50, M|100/100
|move|p1a: Arcanine|Protect|p1a: Arcanine
|-singleturn|p1a: Arcanine|Protect
|move|p2b: Rotom|Hydro Pump|p1a: Arcanine
|-activate|p1a: Arcanine|move: Protect
|move|p2a: Aerodactyl|Rock Slide|p1a: Arcanine|[spread] p1b
|-activate|p1a: Arcanine|move: Protect
|-activate|p1b: Mimikyu|ability: Disguise
|-damage|p1b: Mimikyu|100/100
|detailschange|p1b: Mimikyu|Mimikyu-Busted, L50, M
|-damage|p1b: Mimikyu|87/100|[from] pokemon: Mimikyu-Busted
|
|-weather|Sandstorm|[upkeep]
|-damage|p2b: Rotom|63/100|[from] Sandstorm
|-damage|p1b: Mimikyu|81/100|[from] Sandstorm
|-damage|p1a: Arcanine|81/100|[from] Sandstorm
|upkeep
|turn|4
|inactive|Sternwizard has 30 seconds left.
|
|t:|1783201648
|move|p1a: Arcanine|Extreme Speed|p2b: Rotom
|-damage|p2b: Rotom|34/100
|move|p1b: Mimikyu|Shadow Sneak|p2a: Aerodactyl
|-crit|p2a: Aerodactyl
|-damage|p2a: Aerodactyl|0 fnt
|faint|p2a: Aerodactyl
|move|p2b: Rotom|Hydro Pump|p1b: Mimikyu
|-damage|p1b: Mimikyu|25/100
|
|-weather|Sandstorm|[upkeep]
|-damage|p2b: Rotom|28/100|[from] Sandstorm
|-damage|p1b: Mimikyu|18/100|[from] Sandstorm
|-damage|p1a: Arcanine|75/100|[from] Sandstorm
|-sideend|p2: AGreatRobot|move: Tailwind
|upkeep
|
|t:|1783201657
|switch|p2a: Blaziken|Blaziken, L50, M|94/100
|turn|5
|
|t:|1783201670
|detailschange|p2a: Blaziken|Blaziken-Mega, L50, M
|-mega|p2a: Blaziken|Blaziken|Blazikenite
|move|p1a: Arcanine|Extreme Speed|p2b: Rotom
|-damage|p2b: Rotom|0 fnt
|faint|p2b: Rotom
|move|p2a: Blaziken|Flare Blitz|p1b: Mimikyu
|-damage|p1b: Mimikyu|0 fnt
|faint|p1b: Mimikyu
|-damage|p2a: Blaziken|89/100|[from] Recoil
|
|-weather|none
|-ability|p2a: Blaziken|Speed Boost|boost
|-boost|p2a: Blaziken|spe|1
|upkeep
|
|t:|1783201691
|switch|p1b: Tyranitar|Tyranitar, L50, F|100/100
|switch|p2b: Annihilape|Annihilape, L50, M|100/100
|-weather|Sandstorm|[from] ability: Sand Stream|[of] p1b: Tyranitar
|turn|6
|
|t:|1783201709
|move|p1b: Tyranitar|Protect|p1b: Tyranitar
|-singleturn|p1b: Tyranitar|Protect
|move|p2a: Blaziken|Close Combat|p1b: Tyranitar
|-activate|p1b: Tyranitar|move: Protect
|move|p2b: Annihilape|Bulk Up|p2b: Annihilape
|-boost|p2b: Annihilape|atk|1
|-boost|p2b: Annihilape|def|1
|move|p1a: Arcanine|Will-O-Wisp|p2b: Annihilape
|-status|p2b: Annihilape|brn
|
|-weather|Sandstorm|[upkeep]
|-damage|p2a: Blaziken|83/100|[from] Sandstorm
|-damage|p2b: Annihilape|94/100 brn|[from] Sandstorm
|-damage|p1a: Arcanine|69/100|[from] Sandstorm
|-damage|p2b: Annihilape|88/100 brn|[from] brn
|-ability|p2a: Blaziken|Speed Boost|boost
|-boost|p2a: Blaziken|spe|1
|upkeep
|turn|7
|inactive|Sternwizard has 30 seconds left.
|
|t:|1783201738
|switch|p1b: Aerodactyl|Aerodactyl, L50, M|100/100
|-ability|p1b: Aerodactyl|Unnerve
|move|p2a: Blaziken|Close Combat|p1b: Aerodactyl
|-enditem|p1b: Aerodactyl|Focus Sash
|-damage|p1b: Aerodactyl|1/100
|-unboost|p2a: Blaziken|def|1
|-unboost|p2a: Blaziken|spd|1
|move|p2b: Annihilape|Bulk Up|p2b: Annihilape
|-boost|p2b: Annihilape|atk|1
|-boost|p2b: Annihilape|def|1
|move|p1a: Arcanine|Flare Blitz|p2b: Annihilape
|-damage|p2b: Annihilape|59/100 brn
|-damage|p1a: Arcanine|59/100|[from] Recoil
|
|-weather|Sandstorm|[upkeep]
|-damage|p2a: Blaziken|77/100|[from] Sandstorm
|-damage|p2b: Annihilape|53/100 brn|[from] Sandstorm
|-damage|p1a: Arcanine|53/100|[from] Sandstorm
|-damage|p2b: Annihilape|47/100 brn|[from] brn
|-ability|p2a: Blaziken|Speed Boost|boost
|-boost|p2a: Blaziken|spe|1
|upkeep
|turn|8
|inactive|Sternwizard has 30 seconds left.
|
|t:|1783201764
|move|p2a: Blaziken|Detect|p2a: Blaziken
|-singleturn|p2a: Blaziken|Protect
|move|p1b: Aerodactyl|Protect|p1b: Aerodactyl
|-singleturn|p1b: Aerodactyl|Protect
|move|p1a: Arcanine|Extreme Speed|p2a: Blaziken
|-activate|p2a: Blaziken|move: Protect
|move|p2b: Annihilape|Drain Punch|p1a: Arcanine
|-damage|p1a: Arcanine|20/100y
|-heal|p2b: Annihilape|62/100 brn|[from] drain|[of] p1a: Arcanine
|-enditem|p1a: Arcanine|Sitrus Berry|[eat]
|-heal|p1a: Arcanine|45/100|[from] item: Sitrus Berry
|
|-weather|Sandstorm|[upkeep]
|-damage|p2a: Blaziken|71/100|[from] Sandstorm
|-damage|p2b: Annihilape|56/100 brn|[from] Sandstorm
|-damage|p1a: Arcanine|39/100|[from] Sandstorm
|-damage|p2b: Annihilape|50/100g brn|[from] brn
|-ability|p2a: Blaziken|Speed Boost|boost
|-boost|p2a: Blaziken|spe|1
|upkeep
|turn|9
|inactive|Sternwizard has 30 seconds left.
|inactive|Sternwizard has 20 seconds left.
|inactive|Sternwizard has 15 seconds left.
|inactive|Sternwizard has 10 seconds left.
|inactive|Sternwizard has 5 seconds left.
|
|t:|1783201814
|move|p2a: Blaziken|Close Combat|p1b: Aerodactyl
|-damage|p1b: Aerodactyl|0 fnt
|-unboost|p2a: Blaziken|def|1
|-unboost|p2a: Blaziken|spd|1
|faint|p1b: Aerodactyl
|move|p2b: Annihilape|Rage Fist|p1a: Arcanine
|-damage|p1a: Arcanine|0 fnt
|faint|p1a: Arcanine
|
|-weather|Sandstorm|[upkeep]
|-damage|p2a: Blaziken|66/100|[from] Sandstorm
|-damage|p2b: Annihilape|44/100 brn|[from] Sandstorm
|-enditem|p2b: Annihilape|Sitrus Berry|[eat]
|-heal|p2b: Annihilape|69/100 brn|[from] item: Sitrus Berry
|-damage|p2b: Annihilape|63/100 brn|[from] brn
|-ability|p2a: Blaziken|Speed Boost|boost
|-boost|p2a: Blaziken|spe|1
|upkeep
|
|t:|1783201817
|switch|p1a: Tyranitar|Tyranitar, L50, F|100/100
|turn|10
|
|t:|1783201823
|detailschange|p1a: Tyranitar|Tyranitar-Mega, L50, F
|-mega|p1a: Tyranitar|Tyranitar|Tyranitarite
|move|p2a: Blaziken|Close Combat|p1a: Tyranitar
|-supereffective|p1a: Tyranitar|2
|-damage|p1a: Tyranitar|0 fnt
|-unboost|p2a: Blaziken|def|1
|-unboost|p2a: Blaziken|spd|1
|faint|p1a: Tyranitar
|
|win|AGreatRobot
||AGreatRobot is ready for game 2.
||Sternwizard is ready for game 2.
|uhtml|next|Next: Game 2 of 3
|l|â˜†Sternwizard
|player|p1|
