|j|‽bathoven
|j|☆jokkebrok
|html|bathovenjokkebrok    
|uhtml|bestof|Game 3 of a best-of-3
|t:|1784632089
|gametype|doubles
|player|p1|bathoven|pokemaniac|1185
|player|p2|jokkebrok|guzma|1081
|gen|9
|tier|[Gen 9 Champions] VGC 2026 Reg M-B (Bo3)
|rated|
|rule|Species Clause: Limit one of each Pokémon
|rule|Item Clause: Limit 1 of each item
|clearpoke
|poke|p1|Typhlosion, L50, M|
|poke|p1|Froslass, L50, F|
|poke|p1|Aerodactyl, L50, M|
|poke|p1|Raichu, L50, F|
|poke|p1|Tsareena, L50, F|
|poke|p1|Basculegion, L50, M|
|poke|p2|Gengar, L50, M|
|poke|p2|Scrafty, L50, M|
|poke|p2|Arcanine-Hisui, L50, M|
|poke|p2|Primarina, L50, F|
|poke|p2|Sinistcha, L50|
|poke|p2|Snorlax, L50, M|
|teampreview|4
|showteam|p1|Typhlosion||ChoiceScarf|FlashFire|FocusBlast,ShadowBall,HeatWave,Eruption|Modest||M|||50|]Froslass||Froslassite|CursedBody|ShadowBall,AuroraVeil,Protect,Blizzard|Timid||F|||50|]Aerodactyl||Aerodactylite|Unnerve|Tailwind,RockSlide,DualWingbeat,Protect|Jolly||M|||50|]Raichu||FocusSash|LightningRod|FakeOut,HelpingHand,Encore,Thunderbolt|Hasty||F|||50|]Tsareena||SitrusBerry|QueenlyMajesty|LowKick,TropKick,Taunt,TripleAxel|Adamant||F|||50|]Basculegion||LifeOrb|Adaptability|Protect,LastRespects,WaveCrash,AquaJet|Adamant||M|||50|
|showteam|p2|Gengar||Gengarite|CursedBody|ShadowBall,SludgeBomb,Thunderbolt,Protect|Timid||M|||50|]Scrafty||Scraftinite|Intimidate|FakeOut,DrainPunch,KnockOff,SwordsDance|Brave||M|||50|]Arcanine-Hisui||FocusSash|RockHead|ExtremeSpeed,FlareBlitz,HeadSmash,Protect|Adamant||M|||50|]Primarina||SitrusBerry|LiquidVoice|HyperVoice,DazzlingGleam,Moonblast,Protect|Modest||F|||50|]Sinistcha||KasibBerry|Hospitality|MatchaGotcha,LifeDew,TrickRoom,Protect|Calm|||||50|]Snorlax||Leftovers|ThickFat|Yawn,Encore,HighHorsepower,Protect|Relaxed||M|||50|
|inactive|Battle timer is ON: inactive players will automatically lose when time's up. (requested by bathoven)
|
|t:|1784632116
|teamsize|p1|4
|teamsize|p2|4
|start
|switch|p1a: Typhlosion|Typhlosion, L50, M|100/100
|switch|p1b: Raichu|Raichu, L50, F|100/100
|switch|p2a: Gengar|Gengar, L50, M|100/100
|switch|p2b: Arcanine|Arcanine-Hisui, L50, M|100/100
|turn|1
|
|t:|1784632136
|detailschange|p2a: Gengar|Gengar-Mega, L50, M
|-mega|p2a: Gengar|Gengar|Gengarite
|move|p1b: Raichu|Fake Out|p2b: Arcanine
|-resisted|p2b: Arcanine|1
|-damage|p2b: Arcanine|94/100
|cant|p2b: Arcanine|flinch
|move|p1a: Typhlosion|Eruption|p2a: Gengar|[spread] p2a,p2b
|-resisted|p2b: Arcanine|2
|-damage|p2a: Gengar|27/100
|-damage|p2b: Arcanine|77/100
|move|p2a: Gengar|Shadow Ball|p1a: Typhlosion
|-damage|p1a: Typhlosion|32/100
|
|upkeep
|turn|2
|
|t:|1784632156
|move|p2b: Arcanine|Extreme Speed|p1a: Typhlosion
|-damage|p1a: Typhlosion|0 fnt
|faint|p1a: Typhlosion
|move|p2a: Gengar|Shadow Ball|p1b: Raichu
|-damage|p1b: Raichu|31/100
|move|p1b: Raichu|Thunderbolt|p2a: Gengar
|-damage|p2a: Gengar|0 fnt
|faint|p2a: Gengar
|
|upkeep
|
|t:|1784632170
|switch|p2a: Snorlax|Snorlax, L50, M|100/100
|switch|p1a: Tsareena|Tsareena, L50, F|100/100
|turn|3
|
|t:|1784632178
|move|p1b: Raichu|Encore|p2b: Arcanine
|-start|p2b: Arcanine|Encore
|move|p2b: Arcanine|Extreme Speed||[still]
|cant|p1a: Tsareena|ability: Queenly Majesty|Extreme Speed|[of] p2b: Arcanine
|move|p1a: Tsareena|Taunt|p2a: Snorlax
|-start|p2a: Snorlax|move: Taunt
|move|p2a: Snorlax|High Horsepower|p1b: Raichu
|-supereffective|p1b: Raichu|1
|-damage|p1b: Raichu|0 fnt
|faint|p1b: Raichu
|
|upkeep
|
|t:|1784632191
|switch|p1b: Aerodactyl|Aerodactyl, L50, M|100/100
|-ability|p1b: Aerodactyl|Unnerve
|turn|4
|
|t:|1784632211
|switch|p2b: Sinistcha|Sinistcha, L50|100/100
|detailschange|p1b: Aerodactyl|Aerodactyl-Mega, L50, M
|-mega|p1b: Aerodactyl|Aerodactyl|Aerodactylite
|move|p1b: Aerodactyl|Rock Slide|p2b: Sinistcha|[spread] p2a,p2b
|-damage|p2a: Snorlax|79/100
|-damage|p2b: Sinistcha|74/100
|move|p1a: Tsareena|Low Kick|p2b: Sinistcha
|-immune|p2b: Sinistcha
|move|p2a: Snorlax|High Horsepower|p1a: Tsareena
|-resisted|p1a: Tsareena|1
|-damage|p1a: Tsareena|88/100
|
|-heal|p2a: Snorlax|85/100|[from] item: Leftovers
|upkeep
|turn|5
|
|t:|1784632231
|move|p1b: Aerodactyl|Dual Wingbeat|p2b: Sinistcha
|-supereffective|p2b: Sinistcha|1
|-damage|p2b: Sinistcha|23/100
|-supereffective|p2b: Sinistcha|1
|-damage|p2b: Sinistcha|0 fnt
|faint|p2b: Sinistcha
|-hitcount|p2: Sinistcha|2
|move|p1a: Tsareena|Low Kick|p2a: Snorlax
|-supereffective|p2a: Snorlax|1
|-damage|p2a: Snorlax|38/100
|move|p2a: Snorlax|High Horsepower|p1a: Tsareena
|-resisted|p1a: Tsareena|1
|-damage|p1a: Tsareena|75/100
|
|-heal|p2a: Snorlax|44/100|[from] item: Leftovers
|-end|p2a: Snorlax|move: Taunt
|upkeep
|
|t:|1784632246
|switch|p2b: Arcanine|Arcanine-Hisui, L50, M|77/100
|turn|6
|
|t:|1784632257
|move|p2b: Arcanine|Protect|p2b: Arcanine
|-singleturn|p2b: Arcanine|Protect
|move|p1b: Aerodactyl|Rock Slide|p2a: Snorlax|[spread] p2a
|-activate|p2b: Arcanine|move: Protect
|-damage|p2a: Snorlax|22/100
|move|p1a: Tsareena|Low Kick|p2b: Arcanine
|-activate|p2b: Arcanine|move: Protect
|move|p2a: Snorlax|Yawn|p1b: Aerodactyl
|-start|p1b: Aerodactyl|move: Yawn|[of] p2a: Snorlax
|
|-heal|p2a: Snorlax|28/100|[from] item: Leftovers
|upkeep
|turn|7
|
|t:|1784632281
|move|p2b: Arcanine|Protect|p2b: Arcanine
|-singleturn|p2b: Arcanine|Protect
|move|p1b: Aerodactyl|Rock Slide|p2a: Snorlax|[spread] p2a
|-activate|p2b: Arcanine|move: Protect
|-damage|p2a: Snorlax|7/100
|move|p1a: Tsareena|Low Kick|p2b: Arcanine
|-activate|p2b: Arcanine|move: Protect
|move|p2a: Snorlax|Yawn|p1a: Tsareena
|-start|p1a: Tsareena|move: Yawn|[of] p2a: Snorlax
|
|-heal|p2a: Snorlax|13/100|[from] item: Leftovers
|-end|p1b: Aerodactyl|move: Yawn|[silent]
|-status|p1b: Aerodactyl|slp
|upkeep
|turn|8
|
|t:|1784632304
|move|p2a: Snorlax|Protect|p2a: Snorlax
|-singleturn|p2a: Snorlax|Protect
|cant|p1b: Aerodactyl|slp
|move|p2b: Arcanine|Flare Blitz|p1a: Tsareena
|-supereffective|p1a: Tsareena|1
|-damage|p1a: Tsareena|0 fnt
|faint|p1a: Tsareena
|
|-heal|p2a: Snorlax|19/100|[from] item: Leftovers
|upkeep
|turn|9
|
|t:|1784632327
|cant|p1b: Aerodactyl|slp
|move|p2b: Arcanine|Head Smash|p1b: Aerodactyl
|-supereffective|p1b: Aerodactyl|1
|-damage|p1b: Aerodactyl|0 fnt
|faint|p1b: Aerodactyl
|
|win|jokkebrok
|raw|bathoven's rating: 1185 → 1153(-32 for losing)
|raw|jokkebrok's rating: 1081 → 1117(+36 for winning)
|l|‽bathoven
|player|p1|
