|j|☆ELIAS TRESCIENTOS
|j|☆Luca Santoriello
|html|ELIAS TRESCIENTOSLuca Santoriello    
|uhtml|bestof|Game 2 of a best-of-3
|t:|1782202509
|gametype|doubles
|player|p1|ELIAS TRESCIENTOS|102|1245
|player|p2|Luca Santoriello|juan|1264
|gen|9
|tier|[Gen 9 Champions] VGC 2026 Reg M-B (Bo3)
|rated|
|rule|Species Clause: Limit one of each Pokémon
|rule|Item Clause: Limit 1 of each item
|clearpoke
|poke|p1|Mawile, L50, M|
|poke|p1|Farigiraf, L50, F|
|poke|p1|Ceruledge, L50, F|
|poke|p1|Aerodactyl, L50, F|
|poke|p1|Chesnaught, L50, M|
|poke|p1|Hydreigon, L50, M|
|poke|p2|Charizard, L50, M|
|poke|p2|Garchomp, L50, F|
|poke|p2|Whimsicott, L50, M|
|poke|p2|Basculegion, L50, M|
|poke|p2|Kingambit, L50, F|
|poke|p2|Floette-Eternal, L50, F|
|teampreview|4
|showteam|p1|Mawile||Mawilite|HyperCutter|PlayRough,BrickBreak,SuckerPunch,Protect|Adamant||M|||50|]Farigiraf||SitrusBerry|ArmorTail|TwinBeam,Thunderbolt,Roar,TrickRoom|Bold||F|||50|]Ceruledge||ColburBerry|FlashFire|Poltergeist,BitterBlade,ShadowSneak,Protect|Jolly||F|||50|]Aerodactyl||Aerodactylite|RockHead|Tailwind,IceFang,RockSlide,DualWingbeat|Jolly||F|||50|]Chesnaught||Leftovers|Bulletproof|SpikyShield,BodyPress,LeechSeed,WoodHammer|Bold||M|||50|]Hydreigon||ChoiceScarf|Levitate|EarthPower,Snarl,DarkPulse,DracoMeteor|Modest||M|||50|
|showteam|p2|Charizard||CharizarditeY|Blaze|HeatWave,WeatherBall,SolarBeam,Protect|Modest||M|||50|]Garchomp||SitrusBerry|RoughSkin|DragonClaw,Earthquake,RockSlide,Protect|Jolly||F|||50|]Whimsicott||FocusSash|Prankster|Moonblast,Encore,Tailwind,Protect|Timid||M|||50|]Basculegion||MysticWater|Adaptability|WaveCrash,LastRespects,AquaJet,Protect|Adamant||M|||50|]Kingambit||BlackGlasses|Defiant|KowtowCleave,IronHead,SuckerPunch,Protect|Adamant||F|||50|]Floette-Eternal||Floettite|FlowerVeil|DazzlingGleam,Moonblast,LightofRuin,Protect|Timid||F|||50|
|inactive|Battle timer is ON: inactive players will automatically lose when time's up. (requested by ELIAS TRESCIENTOS)
|inactive|ELIAS TRESCIENTOS has 60 seconds left.
|
|t:|1782202551
|teamsize|p1|4
|teamsize|p2|4
|start
|switch|p1a: Aerodactyl|Aerodactyl, L50, F|100/100
|switch|p1b: Chesnaught|Chesnaught, L50, M|100/100
|switch|p2a: Garchomp|Garchomp, L50, F|100/100
|switch|p2b: Charizard|Charizard, L50, M|100/100
|turn|1
|inactive|ELIAS TRESCIENTOS has 30 seconds left.
|inactive|ELIAS TRESCIENTOS has 20 seconds left.
|
|t:|1782202589
|switch|p2b: Basculegion|Basculegion, L50, M|100/100
|switch|p1b: Ceruledge|Ceruledge, L50, F|100/100
|detailschange|p1a: Aerodactyl|Aerodactyl-Mega, L50, F
|-mega|p1a: Aerodactyl|Aerodactyl|Aerodactylite
|move|p1a: Aerodactyl|Ice Fang|p2a: Garchomp
|-supereffective|p2a: Garchomp|2
|-damage|p2a: Garchomp|0 fnt
|-damage|p1a: Aerodactyl|87/100|[from] ability: Rough Skin|[of] p2a: Garchomp
|faint|p2a: Garchomp
|
|upkeep
|
|t:|1782202600
|switch|p2a: Kingambit|Kingambit, L50, F|100/100
|turn|2
|
|t:|1782202611
|switch|p1b: Chesnaught|Chesnaught, L50, M|100/100
|move|p1a: Aerodactyl|Tailwind|p1a: Aerodactyl
|-sidestart|p1: ELIAS TRESCIENTOS|move: Tailwind
|move|p2b: Basculegion|Wave Crash|p1b: Chesnaught
|-resisted|p1b: Chesnaught|1
|-damage|p1b: Chesnaught|75/100
|-damage|p2b: Basculegion|91/100|[from] Recoil
|move|p2a: Kingambit|Iron Head|p1a: Aerodactyl
|-supereffective|p1a: Aerodactyl|1
|-damage|p1a: Aerodactyl|0 fnt
|faint|p1a: Aerodactyl
|
|-heal|p1b: Chesnaught|81/100|[from] item: Leftovers
|upkeep
|
|t:|1782202622
|switch|p1a: Ceruledge|Ceruledge, L50, F|100/100
|turn|3
|
|t:|1782202642
|switch|p2a: Charizard|Charizard, L50, M|100/100
|move|p1a: Ceruledge|Protect|p1a: Ceruledge
|-singleturn|p1a: Ceruledge|Protect
|move|p2b: Basculegion|Protect|p2b: Basculegion
|-singleturn|p2b: Basculegion|Protect
|move|p1b: Chesnaught|Body Press|p2a: Charizard
|-resisted|p2a: Charizard|1
|-damage|p2a: Charizard|79/100
|
|-heal|p1b: Chesnaught|87/100|[from] item: Leftovers
|upkeep
|turn|4
|
|t:|1782202660
|switch|p2b: Kingambit|Kingambit, L50, F|100/100
|move|p2a: Charizard|Protect|p2a: Charizard
|-singleturn|p2a: Charizard|Protect
|move|p1a: Ceruledge|Poltergeist|p2b: Kingambit
|-activate|p2b: Kingambit|move: Poltergeist|Black Glasses
|-resisted|p2b: Kingambit|1
|-damage|p2b: Kingambit|81/100
|move|p1b: Chesnaught|Leech Seed|p2a: Charizard
|-activate|p2a: Charizard|move: Protect
|
|-heal|p1b: Chesnaught|93/100|[from] item: Leftovers
|upkeep
|turn|5
|inactive|ELIAS TRESCIENTOS has 30 seconds left.
|inactive|Luca Santoriello has 30 seconds left.
|
|t:|1782202699
|move|p2b: Kingambit|Protect|p2b: Kingambit
|-singleturn|p2b: Kingambit|Protect
|move|p1a: Ceruledge|Poltergeist|p2a: Charizard
|-activate|p2a: Charizard|move: Poltergeist|Charizardite Y
|-damage|p2a: Charizard|25/100
|move|p1b: Chesnaught|Body Press|p2b: Kingambit
|-activate|p2b: Kingambit|move: Protect
|move|p2a: Charizard|Heat Wave|p1a: Ceruledge|[spread] p1b
|-start|p1a: Ceruledge|ability: Flash Fire
|-supereffective|p1b: Chesnaught|1
|-damage|p1b: Chesnaught|0 fnt
|faint|p1b: Chesnaught
|
|-sideend|p1: ELIAS TRESCIENTOS|move: Tailwind
|upkeep
|
|t:|1782202712
|switch|p1b: Farigiraf|Farigiraf, L50, F|100/100
|turn|6
|
|t:|1782202729
|switch|p2b: Basculegion|Basculegion, L50, M|91/100
|detailschange|p2a: Charizard|Charizard-Mega-Y, L50, M
|-mega|p2a: Charizard|Charizard|Charizardite Y
|-weather|SunnyDay|[from] ability: Drought|[of] p2a: Charizard
|move|p1a: Ceruledge|Bitter Blade|p2b: Basculegion
|-resisted|p2b: Basculegion|1
|-damage|p2b: Basculegion|48/100
|move|p2a: Charizard|Weather Ball|p1b: Farigiraf
|-damage|p1b: Farigiraf|19/100
|-enditem|p1b: Farigiraf|Sitrus Berry|[eat]
|-heal|p1b: Farigiraf|44/100|[from] item: Sitrus Berry
|move|p1b: Farigiraf|Thunderbolt|p2b: Basculegion
|-supereffective|p2b: Basculegion|1
|-damage|p2b: Basculegion|0 fnt
|faint|p2b: Basculegion
|
|-weather|SunnyDay|[upkeep]
|upkeep
|
|t:|1782202744
|switch|p2b: Kingambit|Kingambit, L50, F|81/100
|turn|7
|
|t:|1782202759
|move|p2a: Charizard|Protect|p2a: Charizard
|-singleturn|p2a: Charizard|Protect
|move|p1a: Ceruledge|Shadow Sneak|p2a: Charizard
|-activate|p2a: Charizard|move: Protect
|move|p1b: Farigiraf|Thunderbolt|p2a: Charizard
|-activate|p2a: Charizard|move: Protect
|move|p2b: Kingambit|Kowtow Cleave|p1a: Ceruledge
|-supereffective|p1a: Ceruledge|1
|-crit|p1a: Ceruledge
|-enditem|p1a: Ceruledge|Colbur Berry|[eat]
|-enditem|p1a: Ceruledge|Colbur Berry|[weaken]
|-damage|p1a: Ceruledge|3/100
|
|-weather|SunnyDay|[upkeep]
|upkeep
|turn|8
|
|t:|1782202777
|move|p1a: Ceruledge|Shadow Sneak|p2a: Charizard
|-damage|p2a: Charizard|8/100
|move|p2a: Charizard|Solar Beam||[still]
|-prepare|p2a: Charizard|Solar Beam
|-anim|p2a: Charizard|Solar Beam|p1a: Ceruledge
|-resisted|p1a: Ceruledge|1
|-damage|p1a: Ceruledge|0 fnt
|faint|p1a: Ceruledge
|move|p1b: Farigiraf|Thunderbolt|p2b: Kingambit
|-damage|p2b: Kingambit|63/100
|move|p2b: Kingambit|Kowtow Cleave|p1b: Farigiraf
|-supereffective|p1b: Farigiraf|1
|-damage|p1b: Farigiraf|0 fnt
|faint|p1b: Farigiraf
|
|win|Luca Santoriello
||ELIAS TRESCIENTOS is ready for game 3.
|inactive|Luca Santoriello has 30 seconds to confirm battle start!
||Luca Santoriello is ready for game 3.
|uhtml|next|Next: Game 3 of 3
