|j|☆Pumpkinman
|j|☆yeet58
|html|Pumpkinmanyeet58    
|uhtml|bestof|Game 2 of a best-of-3
|t:|1757192382
|gametype|doubles
|player|p1|Pumpkinman|cyclist-gen4|1142
|player|p2|yeet58|iris-gen5bw2|1222
|gen|9
|tier|[Gen 9] VGC 2025 Reg H (Bo3)
|rated|
|rule|Species Clause: Limit one of each Pokémon
|rule|Item Clause: Limit 1 of each item
|clearpoke
|poke|p1|Charizard, L50, F|
|poke|p1|Torkoal, L50, F|
|poke|p1|Porygon2, L50|
|poke|p1|Incineroar, L50, M|
|poke|p1|Jumpluff, L50, F|
|poke|p1|Ursaluna, L50, M|
|poke|p2|Kommo-o, L50, M|
|poke|p2|Sneasler, L50, M|
|poke|p2|Rillaboom, L50, F|
|poke|p2|Kingambit, L50, M|
|poke|p2|Ursaluna-Bloodmoon, L50, M|
|poke|p2|Sableye, L50, F|
|teampreview|4
|showteam|p1|Charizard||ChoiceSpecs|SolarPower|HeatWave,Overheat,WeatherBall,AirSlash|||F|||50|,,,,,Ghost]Torkoal||EjectPack|Drought|Eruption,Overheat,HelpingHand,Protect|||F|||50|,,,,,Fire]Porygon2||Eviolite|Download|TeraBlast,IceBeam,Recover,TrickRoom||||||50|,,,,,Fighting]Incineroar||SitrusBerry|Intimidate|FlareBlitz,KnockOff,FakeOut,PartingShot|||M|||50|,,,,,Ghost]Jumpluff||CovertCloak|Chlorophyll|SleepPowder,SunnyDay,RagePowder,Tailwind|||F|||50|,,,,,Water]Ursaluna||FlameOrb|Guts|HeadlongRush,Facade,Earthquake,Protect|||M|||50|,,,,,Ghost
|showteam|p2|Kommo-o||SitrusBerry|Overcoat|Coaching,BreakingSwipe,Protect,BodyPress|||M|||50|,,,,,Steel]Sneasler||GrassySeed|Unburden|CloseCombat,DireClaw,Protect,ThroatChop|||M|||50|,,,,,Stellar]Rillaboom||AssaultVest|GrassySurge|Uturn,WoodHammer,FakeOut,GrassyGlide|||F|||50|,,,,,Fire]Kingambit||BlackGlasses|Defiant|SuckerPunch,KowtowCleave,SwordsDance,Protect|||M|||50|,,,,,Dark]Ursaluna-Bloodmoon||LifeOrb|MindsEye|BloodMoon,HyperVoice,EarthPower,Protect|||M|||50|,,,,,Normal]Sableye||SafetyGoggles|Prankster|Taunt,Quash,FoulPlay,WillOWisp|||F|||50|,,,,,Dragon
|inactive|Battle timer is ON: inactive players will automatically lose when time's up. (requested by yeet58)
|inactive|Pumpkinman also wants the timer to be on.
|inactive|Pumpkinman has 60 seconds left.
|
|t:|1757192420
|teamsize|p1|4
|teamsize|p2|4
|start
|switch|p1a: Porygon2|Porygon2, L50|100/100
|switch|p1b: Charizard|Charizard, L50, F|100/100
|switch|p2a: Ursaluna|Ursaluna-Bloodmoon, L50, M|100/100
|switch|p2b: Sableye|Sableye, L50, F|100/100
|-ability|p1a: Porygon2|Download|boost
|-boost|p1a: Porygon2|spa|1
|turn|1
|inactive|Pumpkinman has 30 seconds left.
|
|t:|1757192450
|switch|p1b: Ursaluna|Ursaluna, L50, M|100/100
|-terastallize|p1a: Porygon2|Fighting
|move|p2a: Ursaluna|Protect|p2a: Ursaluna
|-singleturn|p2a: Ursaluna|Protect
|move|p2b: Sableye|Taunt|p1a: Porygon2
|-start|p1a: Porygon2|move: Taunt
|move|p1a: Porygon2|Tera Blast|p2a: Ursaluna|[anim] Tera Blast Fighting
|-activate|p2a: Ursaluna|move: Protect
|
|-status|p1b: Ursaluna|brn|[from] item: Flame Orb
|upkeep
|turn|2
|inactive|Pumpkinman has 30 seconds left.
|
|t:|1757192485
|switch|p2a: Kommo-o|Kommo-o, L50, M|100/100
|move|p1b: Ursaluna|Headlong Rush|p2a: Kommo-o
|-damage|p2a: Kommo-o|31/100
|-unboost|p1b: Ursaluna|def|1
|-unboost|p1b: Ursaluna|spd|1
|-enditem|p2a: Kommo-o|Sitrus Berry|[eat]
|-heal|p2a: Kommo-o|55/100|[from] item: Sitrus Berry
|move|p1a: Porygon2|Tera Blast|p2a: Kommo-o|[anim] Tera Blast Fighting
|-damage|p2a: Kommo-o|0 fnt
|faint|p2a: Kommo-o
|move|p2b: Sableye|Foul Play|p1b: Ursaluna
|-damage|p1b: Ursaluna|31/100 brn
|
|-damage|p1b: Ursaluna|25/100 brn|[from] brn
|upkeep
|
|t:|1757192495
|switch|p2a: Sneasler|Sneasler, L50, M|100/100
|turn|3
|inactive|Pumpkinman has 30 seconds left.
|inactive|Pumpkinman has 20 seconds left.
|
|t:|1757192534
|switch|p1b: Jumpluff|Jumpluff, L50, F|100/100
|move|p2a: Sneasler|Protect|p2a: Sneasler
|-singleturn|p2a: Sneasler|Protect
|move|p1a: Porygon2|Ice Beam|p2a: Sneasler
|-activate|p2a: Sneasler|move: Protect
|move|p2b: Sableye|Foul Play|p1b: Jumpluff
|-damage|p1b: Jumpluff|82/100
|
|-end|p1a: Porygon2|move: Taunt
|upkeep
|turn|4
|inactive|Pumpkinman has 30 seconds left.
|inactive|Pumpkinman has 20 seconds left.
|
|t:|1757192571
|-terastallize|p2a: Sneasler|Stellar
|move|p2b: Sableye|Taunt|p1b: Jumpluff
|-start|p1b: Jumpluff|move: Taunt
|cant|p1b: Jumpluff|move: Taunt|Sleep Powder
|move|p2a: Sneasler|Dire Claw|p1a: Porygon2
|-damage|p1a: Porygon2|61/100
|move|p1a: Porygon2|Trick Room|p1a: Porygon2
|-fieldstart|move: Trick Room|[of] p1a: Porygon2
|
|upkeep
|turn|5
|inactive|Pumpkinman has 30 seconds left.
|
|t:|1757192602
|switch|p1b: Charizard|Charizard, L50, F|100/100
|move|p2b: Sableye|Taunt|p1a: Porygon2
|-start|p1a: Porygon2|move: Taunt
|move|p1a: Porygon2|Ice Beam|p2a: Sneasler
|-damage|p2a: Sneasler|37/100
|move|p2a: Sneasler|Dire Claw|p1a: Porygon2
|-damage|p1a: Porygon2|31/100
|
|upkeep
|turn|6
|inactive|Pumpkinman has 30 seconds left.
|
|t:|1757192633
|move|p2b: Sableye|Foul Play|p1b: Charizard
|-damage|p1b: Charizard|72/100
|move|p1a: Porygon2|Ice Beam|p2a: Sneasler
|-damage|p2a: Sneasler|0 fnt
|faint|p2a: Sneasler
|move|p1b: Charizard|Overheat|p2b: Sableye
|-damage|p2b: Sableye|0 fnt
|-unboost|p1b: Charizard|spa|2
|faint|p2b: Sableye
|
|upkeep
|
|t:|1757192638
|switch|p2b: Ursaluna|Ursaluna-Bloodmoon, L50, M|100/100
|turn|7
|
|t:|1757192654
|switch|p1b: Jumpluff|Jumpluff, L50, F|82/100
|move|p2b: Ursaluna|Hyper Voice|p1a: Porygon2|[spread] p1a,p1b
|-damage|p1a: Porygon2|0 fnt
|-damage|p1b: Jumpluff|26/100
|faint|p1a: Porygon2
|-damage|p2b: Ursaluna|90/100|[from] item: Life Orb
|
|upkeep
|
|t:|1757192661
|switch|p1a: Ursaluna|Ursaluna, L50, M|25/100 brn
|turn|8
|inactive|Pumpkinman has 30 seconds left.
|
|t:|1757192695
|move|p2b: Ursaluna|Hyper Voice|p1b: Jumpluff|[spread] p1a,p1b
|-crit|p1a: Ursaluna
|-damage|p1a: Ursaluna|0 fnt
|-damage|p1b: Jumpluff|0 fnt
|faint|p1a: Ursaluna
|faint|p1b: Jumpluff
|-damage|p2b: Ursaluna|80/100|[from] item: Life Orb
|
|-fieldend|move: Trick Room
|upkeep
|
|t:|1757192700
|switch|p1b: Charizard|Charizard, L50, F|72/100
|turn|9
|
|t:|1757192710
|move|p1b: Charizard|Overheat|p2b: Ursaluna
|-crit|p2b: Ursaluna
|-damage|p2b: Ursaluna|0 fnt
|-unboost|p1b: Charizard|spa|2
|faint|p2b: Ursaluna
|
|win|Pumpkinman
||yeet58 is ready for game 3.
|l|☆yeet58
|player|p2|
|inactive|Pumpkinman has 30 seconds to confirm battle start!
||Pumpkinman is ready for game 3.
|uhtml|next|Next: Game 3 of 3
