|j|☆Bozkay
|j|☆sorecruiser
|html|Bozkaysorecruiser    
|uhtml|bestof|Game 1 of a best-of-3
|t:|1756831540
|gametype|doubles
|player|p1|Bozkay|veteran|1000
|player|p2|sorecruiser|furisodegirl-black|1077
|gen|9
|tier|[Gen 9] VGC 2025 Reg H (Bo3)
|rated|
|rule|Species Clause: Limit one of each Pokémon
|rule|Item Clause: Limit 1 of each item
|clearpoke
|poke|p1|Whimsicott, L50, F|
|poke|p1|Farigiraf, L50, F|
|poke|p1|Annihilape, L50, F|
|poke|p1|Typhlosion-Hisui, L50, F|
|poke|p1|Ursaluna-Bloodmoon, L50, M|
|poke|p1|Clefairy, L50, F|
|poke|p2|Gholdengo, L50|
|poke|p2|Whimsicott, L50, M|
|poke|p2|Sneasler, L50, F|
|poke|p2|Basculegion, L50, M|
|poke|p2|Hydreigon, L50, M|
|poke|p2|Magmar, L50, F|
|teampreview|4
|showteam|p1|Whimsicott||CovertCloak|Prankster|Encore,Tailwind,BeatUp,Moonblast|||F|||50|,,,,,Dark]Farigiraf||ThroatSpray|ArmorTail|TrickRoom,HyperVoice,Psychic,Protect|||F|||50|,,,,,Fairy]Annihilape||AssaultVest|Defiant|CloseCombat,RageFist,DrainPunch,FinalGambit|||F|||50|,,,,,Fire]Typhlosion-Hisui||ChoiceSpecs|Frisk|Eruption,HeatWave,ShadowBall,Overheat|||F|||50|,,,,,Fire]Ursaluna-Bloodmoon||LifeOrb|MindsEye|BloodMoon,HyperVoice,Protect,EarthPower|||M|||50|,,,,,Normal]Clefairy||Eviolite|FriendGuard|AfterYou,Protect,FollowMe,HelpingHand|||F|||50|,,,,,Dark
|showteam|p2|Gholdengo||MetalCoat|GoodasGold|MakeItRain,ShadowBall,NastyPlot,Protect||||||50|,,,,,Steel]Whimsicott||CovertCloak|Prankster|Tailwind,Encore,FakeTears,Moonblast|||M|||50|,,,,,Dark]Sneasler||FocusSash|PoisonTouch|Protect,CloseCombat,DireClaw,ThroatChop|||F|||50|,,,,,Dark]Basculegion||ChoiceScarf|Adaptability|LastRespects,WaveCrash,AquaJet,FlipTurn|||M|||50|,,,,,Ghost]Hydreigon||ChoiceSpecs|Levitate|DarkPulse,DracoMeteor,Snarl,HeatWave|||M|||50|,,,,,Fire]Magmar||Eviolite|VitalSpirit|Protect,FollowMe,HeatWave,Taunt|||F|||50|,,,,,Water
|c|☆sorecruiser|glhf
|inactive|Battle timer is ON: inactive players will automatically lose when time's up. (requested by Bozkay)
|
|t:|1756831639
|teamsize|p1|4
|teamsize|p2|4
|start
|switch|p1a: Whimsicott|Whimsicott, L50, F|100/100
|switch|p1b: Ursaluna|Ursaluna-Bloodmoon, L50, M|100/100
|switch|p2a: Sneasler|Sneasler, L50, F|100/100
|switch|p2b: Basculegion|Basculegion, L50, M|100/100
|turn|1
|inactive|Bozkay has 30 seconds left.
|
|t:|1756831664
|-terastallize|p1b: Ursaluna|Normal
|move|p1a: Whimsicott|Tailwind|p1a: Whimsicott
|-sidestart|p1: Bozkay|move: Tailwind
|move|p1b: Ursaluna|Hyper Voice|p2a: Sneasler|[spread] p2a,p2b
|-damage|p2a: Sneasler|2/100
|-damage|p2b: Basculegion|21/100
|-damage|p1b: Ursaluna|91/100|[from] item: Life Orb
|move|p2b: Basculegion|Flip Turn|p1b: Ursaluna
|-damage|p1b: Ursaluna|55/100
|j| Trestkon
|
|t:|1756831674
|switch|p2b: Whimsicott|Whimsicott, L50, M|100/100|[from] Flip Turn
|move|p2a: Sneasler|Dire Claw|p1a: Whimsicott
|-supereffective|p1a: Whimsicott
|-crit|p1a: Whimsicott
|-damage|p1a: Whimsicott|0 fnt
|faint|p1a: Whimsicott
|
|upkeep
|
|t:|1756831688
|switch|p1a: Annihilape|Annihilape, L50, F|100/100
|turn|2
|
|t:|1756831704
|move|p1b: Ursaluna|Protect|p1b: Ursaluna
|-singleturn|p1b: Ursaluna|Protect
|move|p2b: Whimsicott|Tailwind|p2b: Whimsicott
|-sidestart|p2: sorecruiser|move: Tailwind
|move|p2a: Sneasler|Close Combat|p1b: Ursaluna
|-activate|p1b: Ursaluna|move: Protect
|move|p1a: Annihilape|Drain Punch|p2a: Sneasler
|-resisted|p2a: Sneasler
|-damage|p2a: Sneasler|0 fnt
|faint|p2a: Sneasler
|
|upkeep
|
|t:|1756831723
|switch|p2a: Basculegion|Basculegion, L50, M|21/100
|turn|3
|inactive|Bozkay has 30 seconds left.
|
|t:|1756831755
|switch|p1b: Typhlosion|Typhlosion-Hisui, L50, F|100/100
|-item|p2a: Basculegion|Choice Scarf|[from] ability: Frisk|[of] p1b: Typhlosion
|-item|p2b: Whimsicott|Covert Cloak|[from] ability: Frisk|[of] p1b: Typhlosion
|-terastallize|p2a: Basculegion|Ghost
|move|p2b: Whimsicott|Encore||[still]
|-fail|p2b: Whimsicott
|move|p2a: Basculegion|Last Respects|p1a: Annihilape
|-supereffective|p1a: Annihilape
|-damage|p1a: Annihilape|0 fnt
|faint|p1a: Annihilape
|
|upkeep
|
|t:|1756831769
|switch|p1a: Ursaluna|Ursaluna-Bloodmoon, L50, M, tera:Normal|55/100
|turn|4
|
|t:|1756831783
|move|p2a: Basculegion|Last Respects|p1b: Typhlosion
|-supereffective|p1b: Typhlosion
|-damage|p1b: Typhlosion|0 fnt
|faint|p1b: Typhlosion
|move|p2b: Whimsicott|Moonblast|p1a: Ursaluna
|-damage|p1a: Ursaluna|17/100
|move|p1a: Ursaluna|Hyper Voice|p2a: Basculegion|[spread] p2a,p2b
|-damage|p2a: Basculegion|0 fnt
|-damage|p2b: Whimsicott|7/100
|faint|p2a: Basculegion
|-damage|p1a: Ursaluna|8/100|[from] item: Life Orb
|
|-sideend|p1: Bozkay|move: Tailwind
|upkeep
|
|t:|1756831790
|switch|p2a: Hydreigon|Hydreigon, L50, M|100/100
|turn|5
|
|t:|1756831800
|move|p2b: Whimsicott|Moonblast|p1a: Ursaluna
|-damage|p1a: Ursaluna|0 fnt
|faint|p1a: Ursaluna
|
|win|sorecruiser
