|j|☆viatles
|j|☆Kemaho
|html|viatlesKemaho    
|uhtml|bestof|Game 2 of a best-of-3
|t:|1756240651
|gametype|doubles
|player|p1|viatles|hiker|1021
|player|p2|Kemaho|clerk|1078
|gen|9
|tier|[Gen 9] VGC 2025 Reg H (Bo3)
|rated|
|rule|Species Clause: Limit one of each Pokémon
|rule|Item Clause: Limit 1 of each item
|clearpoke
|poke|p1|Oricorio-Sensu, L50, F|
|poke|p1|Volcarona, L50, M|
|poke|p1|Sylveon, L50, M|
|poke|p1|Murkrow, L50, F|
|poke|p1|Dragapult, L50, M|
|poke|p1|Baxcalibur, L50, M|
|poke|p2|Indeedee-F, L50, F|
|poke|p2|Hatterene, L50, F|
|poke|p2|Ursaluna, L50, F|
|poke|p2|Torkoal, L50, F|
|poke|p2|Gallade, L50, M|
|poke|p2|Lilligant-Hisui, L50, F|
|teampreview|4
|showteam|p1|Oricorio-Sensu||FocusSash|Dancer|QuiverDance,BatonPass,RevelationDance,Protect|||F|||50|,,,,,Fighting]Volcarona||SitrusBerry|FlameBody|QuiverDance,GigaDrain,FieryDance,Protect|||M|||50|,,,,,Grass]Sylveon||ChoiceScarf|Pixilate|HyperVoice,TeraBlast,StoredPower,SleepTalk|||M|||50|,,,,,Ground]Murkrow||Eviolite|Prankster|Tailwind,FoulPlay,Haze,FeatherDance|||F|||50|,,,,,Dark]Dragapult||CovertCloak|ClearBody|DragonCheer,DragonDarts,Protect,PhantomForce|||M|||50|,,,,,Stellar]Baxcalibur||LoadedDice|ThermalExchange|IcicleSpear,ScaleShot,GlaiveRush,Protect|||M|||50|,,,,,Grass
|showteam|p2|Indeedee-F||PsychicSeed|PsychicSurge|Psychic,HelpingHand,FollowMe,TrickRoom|||F|||50|,,,,,Fairy]Hatterene||CovertCloak|MagicBounce|ExpandingForce,DazzlingGleam,TeraBlast,TrickRoom|||F|||50|,,,,,Fire]Ursaluna||FlameOrb|Guts|Facade,HeadlongRush,Earthquake,Protect|||F|||50|,,,,,Ghost]Torkoal||Charcoal|Drought|Eruption,WeatherBall,HeatWave,Protect|||F|||50|,,,,,Fire]Gallade||ClearAmulet|Sharpness|SacredSword,PsychoCut,TrickRoom,Protect|||M|||50|,,,,,Grass]Lilligant-Hisui||FocusSash|Chlorophyll|SolarBeam,CloseCombat,SleepPowder,AfterYou|||F|||50|,,,,,Ghost
|inactive|Battle timer is ON: inactive players will automatically lose when time's up. (requested by viatles)
|
|t:|1756240665
|teamsize|p1|4
|teamsize|p2|4
|start
|switch|p1a: Baxcalibur|Baxcalibur, L50, M|100/100
|switch|p1b: Dragapult|Dragapult, L50, M|100/100
|switch|p2a: Indeedee|Indeedee-F, L50, F|100/100
|switch|p2b: Hatterene|Hatterene, L50, F|100/100
|-fieldstart|move: Psychic Terrain|[from] ability: Psychic Surge|[of] p2a: Indeedee
|-enditem|p2a: Indeedee|Psychic Seed
|-boost|p2a: Indeedee|spd|1|[from] item: Psychic Seed
|turn|1
|
|t:|1756240685
|-terastallize|p1a: Baxcalibur|Grass
|-terastallize|p2a: Indeedee|Fairy
|move|p1b: Dragapult|Dragon Cheer|p1a: Baxcalibur
|-start|p1a: Baxcalibur|move: Dragon Cheer
|move|p1a: Baxcalibur|Icicle Spear|p2a: Indeedee
|-damage|p2a: Indeedee|88/100
|-damage|p2a: Indeedee|74/100
|-damage|p2a: Indeedee|60/100
|-damage|p2a: Indeedee|46/100
|-crit|p2a: Indeedee
|-damage|p2a: Indeedee|27/100
|-hitcount|p2a: Indeedee|5
|move|p2b: Hatterene|Dazzling Gleam|p1a: Baxcalibur|[spread] p1a,p1b
|-supereffective|p1b: Dragapult
|-damage|p1a: Baxcalibur|64/100
|-damage|p1b: Dragapult|8/100
|move|p2a: Indeedee|Trick Room|p2a: Indeedee
|-fieldstart|move: Trick Room|[of] p2a: Indeedee
|
|upkeep
|turn|2
|
|t:|1756240708
|move|p2a: Indeedee|Helping Hand|p2b: Hatterene
|-singleturn|p2b: Hatterene|Helping Hand|[of] p2a: Indeedee
|move|p1b: Dragapult|Protect|p1b: Dragapult
|-singleturn|p1b: Dragapult|Protect
|move|p2b: Hatterene|Expanding Force|p1b: Dragapult|[spread] p1a
|-activate|p1b: Dragapult|move: Protect
|-crit|p1a: Baxcalibur
|-damage|p1a: Baxcalibur|0 fnt
|faint|p1a: Baxcalibur
|
|upkeep
|
|t:|1756240717
|switch|p1a: Volcarona|Volcarona, L50, M|100/100
|turn|3
|c|☆Kemaho|sorry
|c|☆viatles|crit didnt matter i dont think
|inactive|viatles has 30 seconds left.
|
|t:|1756240747
|move|p2a: Indeedee|Helping Hand|p2b: Hatterene
|-singleturn|p2b: Hatterene|Helping Hand|[of] p2a: Indeedee
|move|p2b: Hatterene|Expanding Force|p1b: Dragapult|[spread] p1a,p1b
|-damage|p1a: Volcarona|14/100
|-damage|p1b: Dragapult|0 fnt
|-enditem|p1a: Volcarona|Sitrus Berry|[eat]
|-heal|p1a: Volcarona|39/100|[from] item: Sitrus Berry
|faint|p1b: Dragapult
|move|p1a: Volcarona|Giga Drain|p2b: Hatterene
|-damage|p2b: Hatterene|71/100
|-heal|p1a: Volcarona|51/100|[from] drain|[of] p2b: Hatterene
|
|upkeep
|
|t:|1756240759
|switch|p1b: Oricorio|Oricorio-Sensu, L50, F|100/100
|turn|4
|c|☆Kemaho|don't know spread, with mine is roll
|inactive|viatles has 30 seconds left.
|c|☆viatles|helping + terrain boost it enough to mitigate spread
|inactive|viatles has 20 seconds left.
|inactive|viatles has 15 seconds left.
|inactive|viatles has 10 seconds left.
|inactive|viatles has 5 seconds left.
|
|t:|1756240809
|move|p1b: Oricorio|Protect|p1b: Oricorio
|-singleturn|p1b: Oricorio|Protect
|move|p2b: Hatterene|Expanding Force|p1a: Volcarona|[spread] p1a
|-activate|p1b: Oricorio|move: Protect
|-damage|p1a: Volcarona|0 fnt
|faint|p1a: Volcarona
|move|p2a: Indeedee|Psychic|p1b: Oricorio
|-activate|p1b: Oricorio|move: Protect
|
|upkeep
|turn|5
|c|☆viatles|ggs
|
|t:|1756240822
|move|p1b: Oricorio|Revelation Dance|p2a: Indeedee
|-damage|p2a: Indeedee|3/100
|move|p2b: Hatterene|Trick Room|p2b: Hatterene
|-fieldend|move: Trick Room
|move|p2a: Indeedee|Trick Room|p2a: Indeedee
|-fieldstart|move: Trick Room|[of] p2a: Indeedee
|
|-fieldend|move: Psychic Terrain
|upkeep
|turn|6
|
|t:|1756240832
|move|p2b: Hatterene|Expanding Force|p1b: Oricorio
|-damage|p1b: Oricorio|28/100
|move|p2a: Indeedee|Psychic|p1b: Oricorio
|-damage|p1b: Oricorio|0 fnt
|faint|p1b: Oricorio
|
|win|Kemaho
|raw|viatles's rating: 1021 → 1010(-11 for losing)
|raw|Kemaho's rating: 1078 → 1102(+24 for winning)
|c|☆Kemaho|gg
|l|☆viatles
|player|p1|
