|j|☆lerry27
|j|☆CarlettoJack
|html|lerry27CarlettoJack    
|uhtml|bestof|Game 2 of a best-of-3
|t:|1783362675
|gametype|doubles
|player|p1|lerry27|brycen|
|player|p2|CarlettoJack|hiker-gen4|
|gen|9
|tier|[Gen 9 Champions] VGC 2026 Reg M-B (Bo3)
|rule|Species Clause: Limit one of each Pokémon
|rule|Item Clause: Limit 1 of each item
|clearpoke
|poke|p1|Gengar, L50, M, shiny|
|poke|p1|Floette-Eternal, L50, F|
|poke|p1|Incineroar, L50, M, shiny|
|poke|p1|Maushold-Four, L50|
|poke|p1|Grimmsnarl, L50, M|
|poke|p1|Politoed, L50, F, shiny|
|poke|p2|Archaludon, L50, F|
|poke|p2|Pelipper, L50, M|
|poke|p2|Swampert, L50, F|
|poke|p2|Sableye, L50, F|
|poke|p2|Venusaur, L50, F|
|poke|p2|Maushold-Four, L50|
|teampreview|4
|showteam|p1|Gengar||Gengarite|CursedBody|Disable,PerishSong,ShadowBall,Protect|Bold||M|||50|]Floette-Eternal||Floettite|FlowerVeil|CalmMind,DazzlingGleam,DrainingKiss,Protect|Timid||F|||50|]Incineroar||PasshoBerry|Intimidate|ThroatChop,FakeOut,PartingShot,Protect|Careful||M|||50|]Maushold-Four||ChopleBerry|FriendGuard|FollowMe,HelpingHand,Uturn,Protect|Impish|||||50|]Grimmsnarl||LightClay|Prankster|PartingShot,FakeOut,LightScreen,Reflect|Careful||M|||50|]Politoed||SitrusBerry|Drizzle|PerishSong,Protect,WeatherBall,Encore|Calm||F|||50|
|showteam|p2|Archaludon||Leftovers|Stamina|FlashCannon,DragonPulse,ElectroShot,Protect|Modest||F|||50|]Pelipper||SitrusBerry|Drizzle|WeatherBall,Hurricane,Tailwind,WideGuard|Bold||M|||50|]Swampert||Swampertite|Torrent|Protect,WaveCrash,IcePunch,Earthquake|Adamant||F|||50|]Sableye||RoseliBerry|Prankster|RainDance,WillOWisp,LightScreen,Encore|Relaxed||F|||50|]Venusaur||Venusaurite|Overgrow|SludgeBomb,GigaDrain,EarthPower,Protect|Modest||F|||50|]Maushold-Four||ChopleBerry|FriendGuard|FollowMe,HelpingHand,Taunt,SuperFang|Impish|||||50|
|
|t:|1783362720
|teamsize|p1|4
|teamsize|p2|4
|start
|switch|p1a: Incineroar|Incineroar, L50, M, shiny|100/100
|switch|p1b: Floette|Floette-Eternal, L50, F|100/100
|switch|p2a: Venusaur|Venusaur, L50, F|100/100
|switch|p2b: Maushold|Maushold-Four, L50|100/100
|-ability|p1a: Incineroar|Intimidate|boost
|-unboost|p2a: Venusaur|atk|1
|-unboost|p2b: Maushold|atk|1
|turn|1
|
|t:|1783362748
|detailschange|p1b: Floette|Floette-Mega, L50, F
|-mega|p1b: Floette|Floette|Floettite
|-ability|p1b: Floette|Fairy Aura
|move|p2a: Venusaur|Protect|p2a: Venusaur
|-singleturn|p2a: Venusaur|Protect
|move|p1a: Incineroar|Fake Out|p2a: Venusaur
|-activate|p2a: Venusaur|move: Protect
|move|p1b: Floette|Calm Mind|p1b: Floette
|-boost|p1b: Floette|spa|1
|-boost|p1b: Floette|spd|1
|move|p2b: Maushold|Taunt|p1b: Floette
|-start|p1b: Floette|move: Taunt
|
|upkeep
|turn|2
|
|t:|1783362864
|switch|p1a: Maushold|Maushold-Four, L50|100/100
|detailschange|p2a: Venusaur|Venusaur-Mega, L50, F
|-mega|p2a: Venusaur|Venusaur|Venusaurite
|move|p2b: Maushold|Helping Hand|p2a: Venusaur
|-singleturn|p2a: Venusaur|Helping Hand|[of] p2b: Maushold
|move|p1b: Floette|Draining Kiss|p2b: Maushold
|-damage|p2b: Maushold|35/100
|move|p2a: Venusaur|Sludge Bomb|p1b: Floette
|-supereffective|p1b: Floette|1
|-damage|p1b: Floette|41/100
|
|upkeep
|turn|3
|
|t:|1783362893
|switch|p2b: Pelipper|Pelipper, L50, M|100/100
|-weather|RainDance|[from] ability: Drizzle|[of] p2b: Pelipper
|move|p1a: Maushold|Follow Me|p1a: Maushold
|-singleturn|p1a: Maushold|move: Follow Me
|move|p1b: Floette|Draining Kiss|p2b: Pelipper
|-damage|p2b: Pelipper|38/100
|-heal|p1b: Floette|86/100|[from] drain|[of] p2b: Pelipper
|-enditem|p2b: Pelipper|Sitrus Berry|[eat]
|-heal|p2b: Pelipper|63/100|[from] item: Sitrus Berry
|move|p2a: Venusaur|Sludge Bomb|p1a: Maushold
|-damage|p1a: Maushold|35/100
|-status|p1a: Maushold|psn
|
|-weather|RainDance|[upkeep]
|-damage|p1a: Maushold|22/100 psn|[from] psn
|upkeep
|turn|4
|
|t:|1783362929
|switch|p2b: Maushold|Maushold-Four, L50|35/100
|move|p1a: Maushold|Helping Hand|p1b: Floette
|-singleturn|p1b: Floette|Helping Hand|[of] p1a: Maushold
|move|p1b: Floette|Draining Kiss|p2b: Maushold
|-damage|p2b: Maushold|0 fnt
|-heal|p1b: Floette|100/100|[from] drain|[of] p2b: Maushold
|faint|p2b: Maushold
|move|p2a: Venusaur|Sludge Bomb|p1b: Floette
|-supereffective|p1b: Floette|1
|-damage|p1b: Floette|62/100
|
|-weather|RainDance|[upkeep]
|-damage|p1a: Maushold|10/100 psn|[from] psn
|-end|p1b: Floette|move: Taunt
|upkeep
|
|t:|1783362948
|switch|p2b: Pelipper|Pelipper, L50, M|63/100
|turn|5
|
|t:|1783362957
|move|p2a: Venusaur|Protect|p2a: Venusaur
|-singleturn|p2a: Venusaur|Protect
|move|p1a: Maushold|Follow Me|p1a: Maushold
|-singleturn|p1a: Maushold|move: Follow Me
|move|p1b: Floette|Calm Mind|p1b: Floette
|-boost|p1b: Floette|spa|1
|-boost|p1b: Floette|spd|1
|move|p2b: Pelipper|Weather Ball|p1a: Maushold
|-damage|p1a: Maushold|0 fnt
|faint|p1a: Maushold
|
|-weather|RainDance|[upkeep]
|upkeep
|
|t:|1783362965
|switch|p1a: Incineroar|Incineroar, L50, M, shiny|100/100
|-ability|p1a: Incineroar|Intimidate|boost
|-unboost|p2a: Venusaur|atk|1
|-unboost|p2b: Pelipper|atk|1
|turn|6
|
|t:|1783362980
|switch|p2a: Archaludon|Archaludon, L50, F|100/100
|move|p1a: Incineroar|Fake Out|p2a: Archaludon
|-resisted|p2a: Archaludon|1
|-damage|p2a: Archaludon|95/100
|-ability|p2a: Archaludon|Stamina|boost
|-boost|p2a: Archaludon|def|1
|move|p1b: Floette|Draining Kiss|p2b: Pelipper
|-damage|p2b: Pelipper|0 fnt
|-heal|p1b: Floette|100/100|[from] drain|[of] p2b: Pelipper
|faint|p2b: Pelipper
|
|-weather|RainDance|[upkeep]
|-heal|p2a: Archaludon|100/100|[from] item: Leftovers
|upkeep
|
|t:|1783362992
|switch|p2b: Venusaur|Venusaur-Mega, L50, F|100/100
|turn|7
|
|t:|1783363003
|move|p1b: Floette|Dazzling Gleam|p2a: Archaludon|[spread] p2a,p2b
|-resisted|p2b: Venusaur|1
|-damage|p2a: Archaludon|21/100
|-damage|p2b: Venusaur|67/100
|-ability|p2a: Archaludon|Stamina|boost
|-boost|p2a: Archaludon|def|1
|move|p2a: Archaludon|Electro Shot||[still]
|-prepare|p2a: Archaludon|Electro Shot
|-boost|p2a: Archaludon|spa|1
|-anim|p2a: Archaludon|Electro Shot|p1a: Incineroar
|-damage|p1a: Incineroar|50/100g
|move|p2b: Venusaur|Sludge Bomb|p1b: Floette
|-supereffective|p1b: Floette|1
|-damage|p1b: Floette|60/100
|move|p1a: Incineroar|Parting Shot|p2a: Archaludon
|-unboost|p2a: Archaludon|atk|1
|-unboost|p2a: Archaludon|spa|1
|
|t:|1783363006
|switch|p1a: Grimmsnarl|Grimmsnarl, L50, M|100/100|[from] Parting Shot
|
|-weather|none
|-heal|p2a: Archaludon|27/100|[from] item: Leftovers
|upkeep
|turn|8
|
|t:|1783363029
|move|p2a: Archaludon|Protect|p2a: Archaludon
|-singleturn|p2a: Archaludon|Protect
|move|p1a: Grimmsnarl|Light Screen|p1a: Grimmsnarl
|-sidestart|p1: lerry27|move: Light Screen
|move|p1b: Floette|Dazzling Gleam|p2b: Venusaur|[spread] p2b
|-activate|p2a: Archaludon|move: Protect
|-resisted|p2b: Venusaur|1
|-damage|p2b: Venusaur|37/100
|move|p2b: Venusaur|Sludge Bomb|p1b: Floette
|-supereffective|p1b: Floette|1
|-damage|p1b: Floette|33/100
|
|-heal|p2a: Archaludon|34/100|[from] item: Leftovers
|upkeep
|turn|9
|
|t:|1783363051
|move|p2a: Archaludon|Protect||[still]
|-fail|p2a: Archaludon
|move|p1a: Grimmsnarl|Parting Shot|p2b: Venusaur
|-unboost|p2b: Venusaur|atk|1
|-unboost|p2b: Venusaur|spa|1
|
|t:|1783363057
|switch|p1a: Incineroar|Incineroar, L50, M, shiny|50/100g|[from] Parting Shot
|-ability|p1a: Incineroar|Intimidate|boost
|-unboost|p2a: Archaludon|atk|1
|-unboost|p2b: Venusaur|atk|1
|move|p1b: Floette|Draining Kiss|p2a: Archaludon
|-damage|p2a: Archaludon|0 fnt
|-heal|p1b: Floette|63/100|[from] drain|[of] p2a: Archaludon
|faint|p2a: Archaludon
|move|p2b: Venusaur|Sludge Bomb|p1b: Floette
|-supereffective|p1b: Floette|1
|-damage|p1b: Floette|47/100
|-status|p1b: Floette|psn
|
|-damage|p1b: Floette|34/100 psn|[from] psn
|upkeep
|turn|10
|-message|CarlettoJack forfeited.
|
|win|lerry27
|l|☆CarlettoJack
|player|p2|
