|j|☆PuniHina
|j|☆DibraldinhoVGC
|html|PuniHinaDibraldinhoVGC    
|uhtml|bestof|Game 2 of a best-of-3
|t:|1783391916
|gametype|doubles
|player|p1|PuniHina|lacey|1215
|player|p2|DibraldinhoVGC|1|1226
|gen|9
|tier|[Gen 9 Champions] VGC 2026 Reg M-B (Bo3)
|rated|
|rule|Species Clause: Limit one of each Pokémon
|rule|Item Clause: Limit 1 of each item
|clearpoke
|poke|p1|Meganium, L50, M, shiny|
|poke|p1|Altaria, L50, M|
|poke|p1|Incineroar, L50, F|
|poke|p1|Scizor, L50, M|
|poke|p1|Basculegion, L50, M|
|poke|p1|Garchomp, L50, M|
|poke|p2|Floette-Eternal, L50, F|
|poke|p2|Charizard, L50, M, shiny|
|poke|p2|Whimsicott, L50, M|
|poke|p2|Garchomp, L50, M|
|poke|p2|Basculegion, L50, M|
|poke|p2|Kingambit, L50, F|
|teampreview|4
|showteam|p1|Meganium||Meganiumite|LeafGuard|SolarBeam,DazzlingGleam,Protect,EarthPower|Modest||M|||50|]Altaria||RoseliBerry|CloudNine|BraveBird,Roost,Tailwind,WillOWisp|Impish||M|||50|]Incineroar||PasshoBerry|Intimidate|FakeOut,ThroatChop,FlareBlitz,PartingShot|Careful||F|||50|]Scizor||Scizorite|Technician|BulletPunch,BugBite,Protect,SwordsDance|Adamant||M|||50|]Basculegion||SitrusBerry|Adaptability|WaveCrash,LastRespects,AquaJet,Protect|Adamant||M|||50|]Garchomp||LifeOrb|RoughSkin|StompingTantrum,DragonClaw,RockSlide,Protect|Jolly||M|||50|
|showteam|p2|Floette-Eternal||Floettite|FlowerVeil|Moonblast,DazzlingGleam,LightofRuin,Protect|Modest||F|||50|]Charizard||CharizarditeY|Blaze|HeatWave,WeatherBall,SolarBeam,Protect|Modest||M|||50|]Whimsicott||FocusSash|Prankster|Moonblast,Encore,Tailwind,Protect|Timid||M|||50|]Garchomp||LifeOrb|RoughSkin|DragonClaw,Earthquake,RockSlide,Protect|Jolly||M|||50|]Basculegion||ChoiceScarf|Adaptability|WaveCrash,LastRespects,FlipTurn,AquaJet|Jolly||M|||50|]Kingambit||ChopleBerry|Defiant|KowtowCleave,IronHead,SuckerPunch,Protect|Adamant||F|||50|
|
|t:|1783391923
|teamsize|p1|4
|teamsize|p2|4
|start
|switch|p1a: Incineroar|Incineroar, L50, F|100/100
|switch|p1b: Scizor|Scizor, L50, M|100/100
|switch|p2a: Garchomp|Garchomp, L50, M|100/100
|switch|p2b: Whimsicott|Whimsicott, L50, M|100/100
|-ability|p1a: Incineroar|Intimidate|boost
|-unboost|p2a: Garchomp|atk|1
|-unboost|p2b: Whimsicott|atk|1
|turn|1
|inactive|Battle timer is ON: inactive players will automatically lose when time's up. (requested by DibraldinhoVGC)
|
|t:|1783391936
|detailschange|p1b: Scizor|Scizor-Mega, L50, M
|-mega|p1b: Scizor|Scizor|Scizorite
|move|p2b: Whimsicott|Protect|p2b: Whimsicott
|-singleturn|p2b: Whimsicott|Protect
|move|p2a: Garchomp|Protect|p2a: Garchomp
|-singleturn|p2a: Garchomp|Protect
|move|p1b: Scizor|Swords Dance|p1b: Scizor
|-boost|p1b: Scizor|atk|2
|move|p1a: Incineroar|Parting Shot|p2a: Garchomp
|-activate|p2a: Garchomp|move: Protect
|
|upkeep
|turn|2
|inactive|DibraldinhoVGC has 30 seconds left.
|
|t:|1783391961
|move|p1b: Scizor|Protect|p1b: Scizor
|-singleturn|p1b: Scizor|Protect
|move|p2b: Whimsicott|Encore|p1b: Scizor
|-activate|p1b: Scizor|move: Protect
|move|p2a: Garchomp|Dragon Claw|p1a: Incineroar
|-damage|p1a: Incineroar|68/100
|-damage|p2a: Garchomp|90/100|[from] item: Life Orb
|move|p1a: Incineroar|Parting Shot|p2a: Garchomp
|-unboost|p2a: Garchomp|atk|1
|-unboost|p2a: Garchomp|spa|1
|inactive|PuniHina has 30 seconds left.
|inactive|PuniHina has 20 seconds left.
|inactive|PuniHina has 15 seconds left.
|
|t:|1783392003
|switch|p1a: Altaria|Altaria, L50, M|100/100|[from] Parting Shot
|-ability|p1a: Altaria|Cloud Nine
|
|upkeep
|turn|3
|
|t:|1783392011
|switch|p1b: Incineroar|Incineroar, L50, F|68/100
|-ability|p1b: Incineroar|Intimidate|boost
|-unboost|p2a: Garchomp|atk|1
|-unboost|p2b: Whimsicott|atk|1
|move|p2b: Whimsicott|Encore|p1b: Incineroar
|-hint|Since gen 7, Dark is immune to Prankster moves.
|-immune|p1b: Incineroar
|move|p2a: Garchomp|Dragon Claw|p1a: Altaria
|-supereffective|p1a: Altaria|1
|-damage|p1a: Altaria|59/100
|-damage|p2a: Garchomp|80/100|[from] item: Life Orb
|move|p1a: Altaria|Will-O-Wisp|p2a: Garchomp|[miss]
|-miss|p1a: Altaria|p2a: Garchomp
|
|upkeep
|turn|4
|
|t:|1783392033
|move|p1b: Incineroar|Fake Out|p2b: Whimsicott
|-damage|p2b: Whimsicott|83/100
|cant|p2b: Whimsicott|flinch
|move|p2a: Garchomp|Dragon Claw|p1a: Altaria
|-supereffective|p1a: Altaria|1
|-damage|p1a: Altaria|21/100
|-damage|p2a: Garchomp|70/100|[from] item: Life Orb
|move|p1a: Altaria|Roost|p1a: Altaria
|-heal|p1a: Altaria|71/100
|-singleturn|p1a: Altaria|move: Roost
|
|upkeep
|turn|5
|inactive|DibraldinhoVGC has 30 seconds left.
|
|t:|1783392064
|switch|p1a: Scizor|Scizor-Mega, L50, M|100/100
|move|p2b: Whimsicott|Protect|p2b: Whimsicott
|-singleturn|p2b: Whimsicott|Protect
|move|p2a: Garchomp|Dragon Claw|p1a: Scizor
|-resisted|p1a: Scizor|1
|-damage|p1a: Scizor|92/100
|-damage|p2a: Garchomp|60/100|[from] item: Life Orb
|move|p1b: Incineroar|Parting Shot|p2a: Garchomp
|-unboost|p2a: Garchomp|atk|1
|-unboost|p2a: Garchomp|spa|1
|
|t:|1783392081
|switch|p1b: Altaria|Altaria, L50, M|71/100|[from] Parting Shot
|-ability|p1b: Altaria|Cloud Nine
|
|upkeep
|turn|6
|
|t:|1783392100
|switch|p2a: Basculegion|Basculegion, L50, M|100/100
|move|p2b: Whimsicott|Protect|p2b: Whimsicott
|-singleturn|p2b: Whimsicott|Protect
|move|p1a: Scizor|Bullet Punch|p2b: Whimsicott
|-activate|p2b: Whimsicott|move: Protect
|move|p1b: Altaria|Tailwind|p1b: Altaria
|-sidestart|p1: PuniHina|move: Tailwind
|
|upkeep
|turn|7
|inactive|DibraldinhoVGC has 30 seconds left.
|
|t:|1783392134
|switch|p2b: Charizard|Charizard, L50, M, shiny|100/100
|move|p1a: Scizor|Bullet Punch|p2b: Charizard
|-resisted|p2b: Charizard|1
|-damage|p2b: Charizard|76/100
|move|p1b: Altaria|Will-O-Wisp|p2a: Basculegion
|-status|p2a: Basculegion|brn
|move|p2a: Basculegion|Wave Crash|p1b: Altaria
|-resisted|p1b: Altaria|1
|-damage|p1b: Altaria|56/100
|-damage|p2a: Basculegion|95/100 brn|[from] Recoil
|
|-damage|p2a: Basculegion|89/100 brn|[from] brn
|upkeep
|turn|8
|
|t:|1783392157
|switch|p1a: Basculegion|Basculegion, L50, M|100/100
|detailschange|p2b: Charizard|Charizard-Mega-Y, L50, M, shiny
|-mega|p2b: Charizard|Charizard|Charizardite Y
|-weather|SunnyDay|[from] ability: Drought|[of] p2b: Charizard
|move|p1b: Altaria|Roost|p1b: Altaria
|-heal|p1b: Altaria|100/100
|-singleturn|p1b: Altaria|move: Roost
|move|p2a: Basculegion|Wave Crash|p1b: Altaria
|-resisted|p1b: Altaria|1
|-damage|p1b: Altaria|84/100
|-damage|p2a: Basculegion|84/100 brn|[from] Recoil
|move|p2b: Charizard|Heat Wave|p1b: Altaria|[spread] p1a,p1b
|-resisted|p1a: Basculegion|1
|-resisted|p1b: Altaria|1
|-damage|p1a: Basculegion|77/100
|-damage|p1b: Altaria|63/100
|
|-weather|SunnyDay|[upkeep]
|-damage|p2a: Basculegion|77/100 brn|[from] brn
|upkeep
|turn|9
|inactive|DibraldinhoVGC has 30 seconds left.
|
|t:|1783392187
|switch|p2a: Garchomp|Garchomp, L50, M|60/100
|move|p2b: Charizard|Protect|p2b: Charizard
|-singleturn|p2b: Charizard|Protect
|move|p1b: Altaria|Brave Bird|p2a: Garchomp
|-damage|p2a: Garchomp|31/100
|-damage|p1b: Altaria|51/100|[from] ability: Rough Skin|[of] p2a: Garchomp
|-damage|p1b: Altaria|41/100|[from] Recoil
|move|p1a: Basculegion|Wave Crash|p2b: Charizard
|-activate|p2b: Charizard|move: Protect
|
|-weather|SunnyDay|[upkeep]
|-sideend|p1: PuniHina|move: Tailwind
|upkeep
|turn|10
|inactive|PuniHina has 30 seconds left.
|
|t:|1783392213
|switch|p1b: Incineroar|Incineroar, L50, F|68/100
|-ability|p1b: Incineroar|Intimidate|boost
|-unboost|p2a: Garchomp|atk|1
|-unboost|p2b: Charizard|atk|1
|move|p1a: Basculegion|Protect|p1a: Basculegion
|-singleturn|p1a: Basculegion|Protect
|move|p2a: Garchomp|Dragon Claw|p1b: Incineroar
|-damage|p1b: Incineroar|37/100
|-damage|p2a: Garchomp|21/100|[from] item: Life Orb
|move|p2b: Charizard|Solar Beam||[still]
|-prepare|p2b: Charizard|Solar Beam
|-anim|p2b: Charizard|Solar Beam|p1a: Basculegion
|-activate|p1a: Basculegion|move: Protect
|
|-weather|SunnyDay|[upkeep]
|upkeep
|turn|11
|
|t:|1783392231
|switch|p1b: Altaria|Altaria, L50, M|41/100
|-ability|p1b: Altaria|Cloud Nine
|move|p2a: Garchomp|Protect|p2a: Garchomp
|-singleturn|p2a: Garchomp|Protect
|move|p2b: Charizard|Protect|p2b: Charizard
|-singleturn|p2b: Charizard|Protect
|move|p1a: Basculegion|Aqua Jet|p2a: Garchomp
|-activate|p2a: Garchomp|move: Protect
|
|-weather|SunnyDay|[upkeep]
|upkeep
|turn|12
|
|t:|1783392246
|move|p1a: Basculegion|Aqua Jet|p2a: Garchomp
|-damage|p2a: Garchomp|0 fnt
|-damage|p1a: Basculegion|65/100|[from] ability: Rough Skin|[of] p2a: Garchomp
|faint|p2a: Garchomp
|move|p2b: Charizard|Solar Beam||[still]
|-prepare|p2b: Charizard|Solar Beam
|move|p1b: Altaria|Tailwind|p1b: Altaria
|-sidestart|p1: PuniHina|move: Tailwind
|
|-weather|none
|upkeep
|
|t:|1783392255
|switch|p2a: Whimsicott|Whimsicott, L50, M|83/100
|turn|13
|
|t:|1783392278
|move|p1a: Basculegion|Protect|p1a: Basculegion
|-singleturn|p1a: Basculegion|Protect
|move|p2a: Whimsicott|Tailwind|p2a: Whimsicott
|-sidestart|p2: DibraldinhoVGC|move: Tailwind
|move|p2b: Charizard|Solar Beam|p1a: Basculegion|[from] lockedmove
|-activate|p1a: Basculegion|move: Protect
|move|p1b: Altaria|Brave Bird|p2a: Whimsicott
|-supereffective|p2a: Whimsicott|1
|-damage|p2a: Whimsicott|0 fnt
|faint|p2a: Whimsicott
|-damage|p1b: Altaria|20/100y|[from] Recoil
|
|upkeep
|
|t:|1783392288
|switch|p2a: Basculegion|Basculegion, L50, M|77/100 brn
|turn|14
|
|t:|1783392304
|move|p1a: Basculegion|Aqua Jet|p2b: Charizard
|-supereffective|p2b: Charizard|1
|-damage|p2b: Charizard|13/100
|move|p2a: Basculegion|Last Respects|p1b: Altaria
|-crit|p1b: Altaria
|-damage|p1b: Altaria|0 fnt
|faint|p1b: Altaria
|move|p2b: Charizard|Solar Beam||[still]
|-prepare|p2b: Charizard|Solar Beam
|
|-damage|p2a: Basculegion|71/100 brn|[from] brn
|upkeep
|
|t:|1783392317
|switch|p1b: Incineroar|Incineroar, L50, F|37/100
|-ability|p1b: Incineroar|Intimidate|boost
|-unboost|p2a: Basculegion|atk|1
|-unboost|p2b: Charizard|atk|1
|turn|15
|
|t:|1783392325
|move|p1a: Basculegion|Aqua Jet|p2b: Charizard
|-supereffective|p2b: Charizard|1
|-damage|p2b: Charizard|0 fnt
|faint|p2b: Charizard
|move|p2a: Basculegion|Last Respects|p1b: Incineroar
|-resisted|p1b: Incineroar|1
|-damage|p1b: Incineroar|19/100
|move|p1b: Incineroar|Throat Chop|p2a: Basculegion
|-supereffective|p2a: Basculegion|1
|-damage|p2a: Basculegion|7/100 brn
|-start|p2a: Basculegion|Throat Chop|[silent]
|
|-damage|p2a: Basculegion|1/100 brn|[from] brn
|-sideend|p1: PuniHina|move: Tailwind
|upkeep
|turn|16
|
|t:|1783392337
|move|p1a: Basculegion|Aqua Jet|p2a: Basculegion
|-resisted|p2a: Basculegion|1
|-damage|p2a: Basculegion|0 fnt
|faint|p2a: Basculegion
|
|win|PuniHina
||PuniHina is ready for game 3.
||DibraldinhoVGC is ready for game 3.
|uhtml|next|Next: Game 3 of 3
|l|☆PuniHina
|player|p1|
|j|☆PuniHina
|player|p1|PuniHina|lacey|
|l|☆DibraldinhoVGC
|player|p2|
