|j|☆hondo civic
|j|☆entei enthusiast
|html|hondo civicentei enthusiast    
|uhtml|bestof|Game 1 of a best-of-3
|t:|1756572503
|gametype|doubles
|player|p1|hondo civic|2|1276
|player|p2|entei enthusiast|265|1371
|gen|9
|tier|[Gen 9] VGC 2025 Reg H (Bo3)
|rated|
|rule|Species Clause: Limit one of each Pokémon
|rule|Item Clause: Limit 1 of each item
|clearpoke
|poke|p1|Ninetales-Alola, L50, F|
|poke|p1|Rillaboom, L50, M|
|poke|p1|Magmar, L50, M|
|poke|p1|Sneasler, L50, M|
|poke|p1|Kingambit, L50, F|
|poke|p1|Basculegion, L50, M|
|poke|p2|Gholdengo, L50|
|poke|p2|Sneasler, L50, M|
|poke|p2|Rillaboom, L50, M|
|poke|p2|Dragonite, L50, F|
|poke|p2|Ninetales-Alola, L50, M|
|poke|p2|Arcanine-Hisui, L50, M|
|teampreview|4
|showteam|p1|Ninetales-Alola||LifeOrb|SnowWarning|Blizzard,FreezeDry,Encore,Protect|||F|||50|,,,,,Ghost]Rillaboom||AssaultVest|GrassySurge|WoodHammer,FakeOut,Uturn,GrassyGlide|||M|||50|,,,,,Ghost]Magmar||Eviolite|VitalSpirit|Protect,HeatWave,Taunt,FollowMe|||M|||50|,,,,,Ghost]Sneasler||FocusSash|PoisonTouch|FakeOut,DireClaw,CloseCombat,Protect|||M|||50|,,,,,Ghost]Kingambit||BlackGlasses|Defiant|KowtowCleave,SwordsDance,SuckerPunch,Protect|||F|||50|,,,,,Fire]Basculegion||ChoiceScarf|Adaptability|WaveCrash,FlipTurn,TeraBlast,LastRespects|||M|||50|,,,,,Fairy
|showteam|p2|Gholdengo||GrassySeed|GoodasGold|NastyPlot,MakeItRain,ShadowBall,Protect||||||50|,,,,,Water]Sneasler||WhiteHerb|Unburden|CloseCombat,DireClaw,Coaching,Protect|||M|||50|,,,,,Ghost]Rillaboom||AssaultVest|GrassySurge|FakeOut,GrassyGlide,DrumBeating,HighHorsepower|||M|||50|,,,,,Fire]Dragonite||LoadedDice|Multiscale|ScaleShot,StompingTantrum,Tailwind,Protect|||F|||50|,,,,,Ground]Ninetales-Alola||FocusSash|SnowWarning|Blizzard,IcyWind,Encore,AuroraVeil|||M|||50|,,,,,Ghost]Arcanine-Hisui||ClearAmulet|Intimidate|RockSlide,FlareBlitz,ExtremeSpeed,Protect|||M|||50|,,,,,Water
|inactive|Battle timer is ON: inactive players will automatically lose when time's up. (requested by hondo civic)
|inactive|hondo civic has 60 seconds left.
|inactive|entei enthusiast has 60 seconds left.
|
|t:|1756572554
|teamsize|p1|4
|teamsize|p2|4
|start
|switch|p1a: Kingambit|Kingambit, L50, F, shiny|100/100
|switch|p1b: Ninetales|Ninetales-Alola, L50, F|100/100
|switch|p2a: Sneasler|Sneasler, L50, M, shiny|100/100
|switch|p2b: Dragonite|Dragonite, L50, F|100/100
|-weather|Snowscape|[from] ability: Snow Warning|[of] p1b: Ninetales
|turn|1
|
|t:|1756572578
|switch|p2b: Ninetales|Ninetales-Alola, L50, M|100/100
|move|p1a: Kingambit|Sucker Punch|p2a: Sneasler
|-resisted|p2a: Sneasler
|-damage|p2a: Sneasler|67/100
|move|p1b: Ninetales|Blizzard|p2a: Sneasler|[spread] p2a,p2b
|-resisted|p2b: Ninetales
|-damage|p2a: Sneasler|14/100
|-damage|p2b: Ninetales|77/100
|-status|p2a: Sneasler|frz
|-damage|p1b: Ninetales|91/100|[from] item: Life Orb
|cant|p2a: Sneasler|frz
|
|-weather|Snowscape|[upkeep]
|upkeep
|turn|2
|inactive|entei enthusiast has 30 seconds left.
|
|t:|1756572609
|switch|p2a: Gholdengo|Gholdengo, L50, shiny|100/100
|switch|p1a: Magmar|Magmar, L50, M|100/100
|move|p1b: Ninetales|Blizzard|p2b: Ninetales|[spread] p2a,p2b
|-resisted|p2a: Gholdengo
|-resisted|p2b: Ninetales
|-crit|p2b: Ninetales
|-damage|p2a: Gholdengo|82/100
|-damage|p2b: Ninetales|41/100
|-damage|p1b: Ninetales|82/100|[from] item: Life Orb
|move|p2b: Ninetales|Encore||[still]
|-fail|p2b: Ninetales
|
|-weather|Snowscape|[upkeep]
|upkeep
|turn|3
|
|t:|1756572627
|switch|p1b: Kingambit|Kingambit, L50, F, shiny|100/100
|-terastallize|p2a: Gholdengo|Water
|move|p2b: Ninetales|Aurora Veil|p2b: Ninetales
|-sidestart|p2: entei enthusiast|move: Aurora Veil
|move|p2a: Gholdengo|Nasty Plot|p2a: Gholdengo
|-boost|p2a: Gholdengo|spa|2
|move|p1a: Magmar|Heat Wave|p2a: Gholdengo|[spread] p2b
|-miss|p1a: Magmar|p2a: Gholdengo
|-supereffective|p2b: Ninetales
|-damage|p2b: Ninetales|1/100
|
|-weather|Snowscape|[upkeep]
|upkeep
|turn|4
|inactive|hondo civic has 30 seconds left.
|
|t:|1756572658
|move|p2b: Ninetales|Blizzard|p1a: Magmar|[spread] p1a,p1b
|-resisted|p1a: Magmar
|-resisted|p1b: Kingambit
|-damage|p1a: Magmar|88/100
|-damage|p1b: Kingambit|84/100
|move|p2a: Gholdengo|Make It Rain|p1a: Magmar|[spread] p1a,p1b
|-resisted|p1a: Magmar
|-resisted|p1b: Kingambit
|-damage|p1a: Magmar|55/100
|-damage|p1b: Kingambit|36/100
|-unboost|p2a: Gholdengo|spa|1
|move|p1a: Magmar|Heat Wave|p2b: Ninetales|[spread] p2a,p2b
|-resisted|p2a: Gholdengo
|-supereffective|p2b: Ninetales
|-damage|p2a: Gholdengo|73/100
|-damage|p2b: Ninetales|0 fnt
|faint|p2b: Ninetales
|move|p1b: Kingambit|Swords Dance|p1b: Kingambit
|-boost|p1b: Kingambit|atk|2
|
|-weather|Snowscape|[upkeep]
|upkeep
|
|t:|1756572675
|switch|p2b: Dragonite|Dragonite, L50, F|100/100
|turn|5
|
|t:|1756572679
|move|p1b: Kingambit|Protect|p1b: Kingambit
|-singleturn|p1b: Kingambit|Protect
|move|p2a: Gholdengo|Shadow Ball|p1a: Magmar
|-crit|p1a: Magmar
|-damage|p1a: Magmar|0 fnt
|faint|p1a: Magmar
|move|p2b: Dragonite|Tailwind|p2b: Dragonite
|-sidestart|p2: entei enthusiast|move: Tailwind
|
|-weather|none
|upkeep
|
|t:|1756572685
|switch|p1a: Rillaboom|Rillaboom, L50, M|100/100
|-fieldstart|move: Grassy Terrain|[from] ability: Grassy Surge|[of] p1a: Rillaboom
|-enditem|p2a: Gholdengo|Grassy Seed
|-boost|p2a: Gholdengo|def|1|[from] item: Grassy Seed
|turn|6
|
|t:|1756572702
|move|p2b: Dragonite|Protect|p2b: Dragonite
|-singleturn|p2b: Dragonite|Protect
|move|p1a: Rillaboom|Fake Out|p2b: Dragonite
|-activate|p2b: Dragonite|move: Protect
|move|p2a: Gholdengo|Make It Rain|p1b: Kingambit|[spread] p1a,p1b
|-resisted|p1b: Kingambit
|-damage|p1a: Rillaboom|51/100
|-damage|p1b: Kingambit|0 fnt
|-unboost|p2a: Gholdengo|spa|1
|faint|p1b: Kingambit
|
|-heal|p2a: Gholdengo|80/100|[from] Grassy Terrain
|-heal|p1a: Rillaboom|57/100|[from] Grassy Terrain
|upkeep
|-message|hondo civic forfeited.
|
|win|entei enthusiast
||hondo civic is ready for game 2.
||hondo civic is ready for game 2.
||entei enthusiast is ready for game 2.
|uhtml|next|Next: Game 2 of 3
|l|☆hondo civic
|player|p1|
