|j|☆Frisk Azzy
|j|☆LittleSunLight
|html|Frisk AzzyLittleSunLight    
|uhtml|bestof|Game 3 of a best-of-3
|t:|1783631220
|gametype|doubles
|player|p1|Frisk Azzy|riley|
|player|p2|LittleSunLight|beauty|
|gen|9
|tier|[Gen 9 Champions] VGC 2026 Reg M-B (Bo3)
|rule|Species Clause: Limit one of each Pokémon
|rule|Item Clause: Limit 1 of each item
|clearpoke
|poke|p1|Charizard, L50, M, shiny|
|poke|p1|Venusaur, L50, M|
|poke|p1|Whimsicott, L50, M|
|poke|p1|Luxray, L50, M, shiny|
|poke|p1|Aegislash, L50, M|
|poke|p1|Garchomp, L50, F, shiny|
|poke|p2|Dragonite, L50, F, shiny|
|poke|p2|Froslass, L50, F|
|poke|p2|Sneasler, L50, M|
|poke|p2|Arcanine-Hisui, L50, M|
|poke|p2|Basculegion, L50, M|
|poke|p2|Kingambit, L50, F|
|teampreview|4
|showteam|p1|Charizard||CharizarditeY|SolarPower|HeatWave,Protect,SolarBeam,AirSlash|Timid||M|||50|]Venusaur||LifeOrb|Chlorophyll|GigaDrain,SludgeBomb,Protect,EarthPower|Modest||M|||50|]Whimsicott||FocusSash|Prankster|Moonblast,Tailwind,Taunt,SunnyDay|Timid||M|||50|]Luxray||SitrusBerry|Intimidate|Crunch,WildCharge,Protect,VoltSwitch|Sassy||M|||50|]Aegislash||SpellTag|StanceChange|IronHead,KingsShield,WideGuard,ShadowSneak|Adamant||M|||50|]Garchomp||YacheBerry|RoughSkin|DragonClaw,Protect,Earthquake,RockSlide|Jolly||F|||50|
|showteam|p2|Dragonite||Dragoninite|Multiscale|Protect,Tailwind,DragonPulse,Flamethrower|Modest||F|||50|]Froslass||Froslassite|CursedBody|Protect,Blizzard,ShadowBall,AuroraVeil|Timid||F|||50|]Sneasler||WhiteHerb|Unburden|Protect,CloseCombat,DireClaw,FakeOut|Jolly||M|||50|]Arcanine-Hisui||FocusSash|RockHead|FlareBlitz,HeadSmash,RockSlide,ExtremeSpeed|Jolly||M|||50|]Basculegion||LifeOrb|Adaptability|Protect,WaveCrash,AquaJet,LastRespects|Adamant||M|||50|]Kingambit||ChopleBerry|Defiant|Protect,KowtowCleave,IronHead,SuckerPunch|Adamant||F|||50|
|inactive|Battle timer is ON: inactive players will automatically lose when time's up. (requested by LittleSunLight)
|inactive|LittleSunLight has 60 seconds left.
|inactive|LittleSunLight has 30 seconds left.
|inactive|LittleSunLight has 20 seconds left.
|
|t:|1783631298
|teamsize|p1|4
|teamsize|p2|4
|start
|switch|p1a: Luxray|Luxray, L50, M, shiny|100/100
|switch|p1b: Aegislash|Aegislash, L50, M|100/100
|switch|p2a: Helix!|Dragonite, L50, F, shiny|100/100
|switch|p2b: Mochi|Sneasler, L50, M|100/100
|-ability|p1a: Luxray|Intimidate|boost
|-unboost|p2a: Helix!|atk|1
|-unboost|p2b: Mochi|atk|1
|-enditem|p2b: Mochi|White Herb
|-clearnegativeboost|p2b: Mochi|[silent]
|turn|1
|
|t:|1783631320
|move|p1a: Luxray|Protect|p1a: Luxray
|-singleturn|p1a: Luxray|Protect
|move|p1b: Aegislash|King's Shield|p1b: Aegislash
|-singleturn|p1b: Aegislash|Protect
|move|p2b: Mochi|Fake Out|p1a: Luxray
|-activate|p1a: Luxray|move: Protect
|move|p2a: Helix!|Tailwind|p2a: Helix!
|-sidestart|p2: LittleSunLight|move: Tailwind
|
|upkeep
|turn|2
|inactive|Frisk Azzy has 30 seconds left.
|inactive|LittleSunLight has 30 seconds left.
|
|t:|1783631352
|-formechange|p1b: Aegislash|Aegislash-Blade|
|move|p1b: Aegislash|Shadow Sneak|p2b: Mochi
|-damage|p2b: Mochi|61/100
|move|p2b: Mochi|Close Combat|p1a: Luxray
|-damage|p1a: Luxray|29/100
|-unboost|p2b: Mochi|def|1
|-unboost|p2b: Mochi|spd|1
|-enditem|p1a: Luxray|Sitrus Berry|[eat]
|-heal|p1a: Luxray|54/100|[from] item: Sitrus Berry
|move|p2a: Helix!|Flamethrower|p1b: Aegislash
|-supereffective|p1b: Aegislash|1
|-damage|p1b: Aegislash|25/100
|move|p1a: Luxray|Wild Charge|p2a: Helix!
|-damage|p2a: Helix!|76/100
|-damage|p1a: Luxray|48/100|[from] Recoil
|
|upkeep
|turn|3
|inactive|LittleSunLight has 30 seconds left.
|inactive|LittleSunLight has 20 seconds left.
|inactive|LittleSunLight has 15 seconds left.
|inactive|LittleSunLight has 10 seconds left.
|
|t:|1783631398
|switch|p1a: Venusaur|Venusaur, L50, M|100/100
|-formechange|p1b: Aegislash|Aegislash|
|move|p1b: Aegislash|King's Shield|p1b: Aegislash
|-singleturn|p1b: Aegislash|Protect
|move|p2b: Mochi|Close Combat|p1a: Venusaur
|-resisted|p1a: Venusaur|1
|-damage|p1a: Venusaur|60/100
|-unboost|p2b: Mochi|def|1
|-unboost|p2b: Mochi|spd|1
|move|p2a: Helix!|Dragon Pulse|p1b: Aegislash
|-activate|p1b: Aegislash|move: Protect
|
|upkeep
|turn|4
|inactive|LittleSunLight has 30 seconds left.
|inactive|LittleSunLight has 20 seconds left.
|inactive|LittleSunLight has 15 seconds left.
|inactive|LittleSunLight has 10 seconds left.
|inactive|LittleSunLight has 5 seconds left.
|
|t:|1783631451
|-formechange|p1b: Aegislash|Aegislash-Blade|
|move|p1b: Aegislash|Shadow Sneak|p2a: Helix!
|-damage|p2a: Helix!|49/100
|move|p2b: Mochi|Close Combat|p1a: Venusaur
|-resisted|p1a: Venusaur|1
|-damage|p1a: Venusaur|19/100
|-unboost|p2b: Mochi|def|1
|-unboost|p2b: Mochi|spd|1
|move|p2a: Helix!|Dragon Pulse|p1a: Venusaur
|-damage|p1a: Venusaur|0 fnt
|faint|p1a: Venusaur
|
|-sideend|p2: LittleSunLight|move: Tailwind
|upkeep
|
|t:|1783631465
|switch|p1a: Charizard|Charizard, L50, M, shiny|100/100
|turn|5
|inactive|LittleSunLight has 30 seconds left.
|
|t:|1783631498
|detailschange|p1a: Charizard|Charizard-Mega-Y, L50, M, shiny
|-mega|p1a: Charizard|Charizard|Charizardite Y
|-weather|SunnyDay|[from] ability: Drought|[of] p1a: Charizard
|move|p1b: Aegislash|Shadow Sneak|p2b: Mochi
|-damage|p2b: Mochi|0 fnt
|faint|p2b: Mochi
|move|p1a: Charizard|Air Slash|p2a: Helix!
|-damage|p2a: Helix!|1/100
|cant|p2a: Helix!|flinch
|
|-weather|SunnyDay|[upkeep]
|upkeep
|
|t:|1783631519
|switch|p2b: Elssssa|Froslass, L50, F|100/100
|turn|6
|
|t:|1783631539
|switch|p1a: Luxray|Luxray, L50, M, shiny|48/100
|-ability|p1a: Luxray|Intimidate|boost
|-unboost|p2a: Helix!|atk|1
|-unboost|p2b: Elssssa|atk|1
|detailschange|p2b: Elssssa|Froslass-Mega, L50, F
|-mega|p2b: Elssssa|Froslass|Froslassite
|-weather|Snowscape|[from] ability: Snow Warning|[of] p2b: Elssssa
|move|p1b: Aegislash|Shadow Sneak|p2a: Helix!
|-damage|p2a: Helix!|0 fnt
|faint|p2a: Helix!
|move|p2b: Elssssa|Aurora Veil|p2b: Elssssa
|-sidestart|p2: LittleSunLight|move: Aurora Veil
|
|-weather|Snowscape|[upkeep]
|upkeep
|
|t:|1783631551
|switch|p2a: Frisk|Arcanine-Hisui, L50, M|100/100
|turn|7
|
|t:|1783631574
|move|p1b: Aegislash|Wide Guard|p1b: Aegislash
|-singleturn|p1b: Aegislash|Wide Guard
|move|p2b: Elssssa|Shadow Ball|p1b: Aegislash
|-supereffective|p1b: Aegislash|1
|-damage|p1b: Aegislash|0 fnt
|faint|p1b: Aegislash
|move|p2a: Frisk|Flare Blitz|p1a: Luxray
|-damage|p1a: Luxray|0 fnt
|faint|p1a: Luxray
|
|-weather|Snowscape|[upkeep]
|upkeep
|
|t:|1783631589
|switch|p1a: Charizard|Charizard-Mega-Y, L50, M, shiny|100/100
|-weather|SunnyDay|[from] ability: Drought|[of] p1a: Charizard
|turn|8
|c|☆Frisk Azzy|Ggwp
|
|t:|1783631604
|move|p2b: Elssssa|Shadow Ball|p1a: Charizard
|-damage|p1a: Charizard|51/100
|move|p1a: Charizard|Heat Wave|p2b: Elssssa|[spread] p2b
|-miss|p1a: Charizard|p2a: Frisk
|-supereffective|p2b: Elssssa|1
|-damage|p2b: Elssssa|0 fnt
|faint|p2b: Elssssa
|move|p2a: Frisk|Rock Slide|p1a: Charizard
|-supereffective|p1a: Charizard|2
|-damage|p1a: Charizard|0 fnt
|faint|p1a: Charizard
|
|win|LittleSunLight
|c|☆LittleSunLight|gg it was close
