|j|☆Chandeliere
|j|☆Dametrix
|html|ChandeliereDametrix    
|uhtml|bestof|Game 1 of a best-of-3
|t:|1756513676
|gametype|doubles
|player|p1|Chandeliere|ethan|1193
|player|p2|Dametrix|caitlin|1219
|gen|9
|tier|[Gen 9] VGC 2025 Reg H (Bo3)
|rated|
|rule|Species Clause: Limit one of each Pokémon
|rule|Item Clause: Limit 1 of each item
|clearpoke
|poke|p1|Incineroar, L50, M|
|poke|p1|Dragonite, L50, F|
|poke|p1|Porygon2, L50|
|poke|p1|Ursaluna-Bloodmoon, L50, M|
|poke|p1|Ninetales-Alola, L50, F|
|poke|p1|Annihilape, L50, F|
|poke|p2|Gardevoir, L50, M|
|poke|p2|Indeedee, L50, M|
|poke|p2|Sneasler, L50, M|
|poke|p2|Tyranitar, L50, F|
|poke|p2|Excadrill, L50, F|
|poke|p2|Salamence, L50, F|
|teampreview|4
|showteam|p1|Incineroar||ChopleBerry|Intimidate|FlareBlitz,KnockOff,FakeOut,PartingShot|||M|||50|,,,,,Grass]Dragonite||LoadedDice|Multiscale|ScaleShot,Tailwind,Haze,Protect|||F|||50|,,,,,Steel]Porygon2||Eviolite|Download|TeraBlast,IceBeam,Recover,TrickRoom||||||50|,,,,,Fighting]Ursaluna-Bloodmoon||AssaultVest|MindsEye|HyperVoice,BloodMoon,VacuumWave,EarthPower|||M|||50|,,,,,Water]Ninetales-Alola||LightClay|SnowWarning|IcicleSpear,Encore,IcyWind,AuroraVeil|||F|||50|,,,,,Ghost]Annihilape||SafetyGoggles|Defiant|DrainPunch,RageFist,BulkUp,Protect|||F|||50|,,,,,Fire
|showteam|p2|Gardevoir||ChoiceScarf|Telepathy|ExpandingForce,DazzlingGleam,Moonblast,Trick|||M|||50|,,,,,Psychic]Indeedee||FocusSash|PsychicSurge|ExpandingForce,TeraBlast,TrickRoom,Imprison|||M|||50|,,,,,Fighting]Sneasler||PsychicSeed|Unburden|CloseCombat,DireClaw,ThroatChop,Protect|||M|||50|,,,,,Stellar]Tyranitar||AssaultVest|SandStream|RockSlide,KnockOff,LowKick,TeraBlast|||F|||50|,,,,,Flying]Excadrill||ClearAmulet|SandRush|Earthquake,RockSlide,HighHorsepower,Protect|||F|||50|,,,,,Ghost]Salamence||SafetyGoggles|Intimidate|DracoMeteor,AirSlash,HeatWave,Protect|||F|||50|,,,,,Fairy
|
|t:|1756513745
|teamsize|p1|4
|teamsize|p2|4
|start
|switch|p1a: Incineroar|Incineroar, L50, M|100/100
|switch|p1b: Annihilape|Annihilape, L50, F|100/100
|switch|p2a: Gardevoir|Gardevoir, L50, M|100/100
|switch|p2b: Excadrill|Excadrill, L50, F|100/100
|-ability|p1a: Incineroar|Intimidate|boost
|-unboost|p2a: Gardevoir|atk|1
|-fail|p2b: Excadrill|unboost|[from] item: Clear Amulet|[of] p2b: Excadrill
|turn|1
|
|t:|1756513775
|switch|p2b: Indeedee|Indeedee, L50, M|100/100
|-fieldstart|move: Psychic Terrain|[from] ability: Psychic Surge|[of] p2b: Indeedee
|-terastallize|p1b: Annihilape|Fire
|move|p2a: Gardevoir|Dazzling Gleam|p1a: Incineroar|[spread] p1a,p1b
|-resisted|p1b: Annihilape
|-damage|p1a: Incineroar|71/100
|-damage|p1b: Annihilape|88/100
|move|p1b: Annihilape|Rage Fist|p2a: Gardevoir
|-supereffective|p2a: Gardevoir
|-damage|p2a: Gardevoir|0 fnt
|faint|p2a: Gardevoir
|move|p1a: Incineroar|Knock Off|p2b: Indeedee
|-supereffective|p2b: Indeedee
|-enditem|p2b: Indeedee|Focus Sash
|-damage|p2b: Indeedee|1/100
|
|upkeep
|
|t:|1756513791
|switch|p2a: Excadrill|Excadrill, L50, F|100/100
|turn|2
|
|t:|1756513817
|move|p1b: Annihilape|Protect|p1b: Annihilape
|-singleturn|p1b: Annihilape|Protect
|move|p2a: Excadrill|Protect|p2a: Excadrill
|-singleturn|p2a: Excadrill|Protect
|move|p2b: Indeedee|Expanding Force|p1b: Annihilape|[spread] 
|-activate|p1b: Annihilape|move: Protect
|-immune|p1a: Incineroar
|move|p1a: Incineroar|Flare Blitz|p2a: Excadrill
|-activate|p2a: Excadrill|move: Protect
|
|upkeep
|turn|3
|
|t:|1756513832
|switch|p1b: Dragonite|Dragonite, L50, F|100/100
|move|p2b: Indeedee|Tera Blast|p1a: Incineroar
|-damage|p1a: Incineroar|36/100
|move|p2a: Excadrill|Earthquake|p1a: Incineroar|[spread] p2b,p1a
|-immune|p1b: Dragonite
|-supereffective|p1a: Incineroar
|-damage|p2b: Indeedee|0 fnt
|-damage|p1a: Incineroar|0 fnt
|faint|p2b: Indeedee
|faint|p1a: Incineroar
|
|upkeep
|
|t:|1756513843
|switch|p2b: Sneasler|Sneasler, L50, M|100/100
|switch|p1a: Annihilape|Annihilape, L50, F, tera:Fire|88/100
|-enditem|p2b: Sneasler|Psychic Seed
|-boost|p2b: Sneasler|spd|1|[from] item: Psychic Seed
|turn|4
|
|t:|1756513863
|-terastallize|p2a: Excadrill|Ghost
|move|p1a: Annihilape|Protect|p1a: Annihilape
|-singleturn|p1a: Annihilape|Protect
|move|p2b: Sneasler|Dire Claw|p1b: Dragonite
|-damage|p1b: Dragonite|78/100
|-status|p1b: Dragonite|par
|move|p2a: Excadrill|Rock Slide|p1b: Dragonite|[spread] p1b
|-activate|p1a: Annihilape|move: Protect
|-supereffective|p1b: Dragonite
|-damage|p1b: Dragonite|24/100 par
|cant|p1b: Dragonite|flinch
|
|upkeep
|turn|5
|
|t:|1756513883
|move|p2b: Sneasler|Dire Claw|p1a: Annihilape
|-damage|p1a: Annihilape|43/100
|move|p1a: Annihilape|Rage Fist|p2a: Excadrill
|-supereffective|p2a: Excadrill
|-damage|p2a: Excadrill|0 fnt
|faint|p2a: Excadrill
|move|p1b: Dragonite|Tailwind|p1b: Dragonite
|-sidestart|p1: Chandeliere|move: Tailwind
|
|-fieldend|move: Psychic Terrain
|upkeep
|turn|6
|
|t:|1756513897
|move|p2b: Sneasler|Dire Claw|p1a: Annihilape
|-damage|p1a: Annihilape|2/100
|move|p1a: Annihilape|Rage Fist|p2b: Sneasler
|-damage|p2b: Sneasler|0 fnt
|faint|p2b: Sneasler
|
|win|Chandeliere
||Dametrix is ready for game 2.
||Chandeliere is ready for game 2.
|uhtml|next|Next: Game 2 of 3
|l|☆Dametrix
|player|p2|
