|j|☆heatvw
|j|☆sille rovert
|html|heatvwsille rovert    
|uhtml|bestof|Game 3 of a best-of-3
|t:|1756524569
|gametype|doubles
|player|p1|heatvw|170|1096
|player|p2|sille rovert|trevor|1185
|gen|9
|tier|[Gen 9] VGC 2025 Reg H (Bo3)
|rated|
|rule|Species Clause: Limit one of each Pokémon
|rule|Item Clause: Limit 1 of each item
|clearpoke
|poke|p1|Flamigo, L50, M|
|poke|p1|Ninetales-Alola, L50, F|
|poke|p1|Garchomp, L50, M|
|poke|p1|Incineroar, L50, M|
|poke|p1|Amoonguss, L50, F|
|poke|p1|Kingambit, L50, F|
|poke|p2|Smeargle, L50, M|
|poke|p2|Gholdengo, L50|
|poke|p2|Hydreigon, L50, F|
|poke|p2|Rillaboom, L50, F|
|poke|p2|Porygon2, L50|
|poke|p2|Sneasler, L50, F|
|teampreview|4
|showteam|p1|Flamigo||ChoiceBand|Scrappy|Uturn,CloseCombat,BraveBird,Facade|||M|||50|,,,,,Stellar]Ninetales-Alola||FocusSash|SnowWarning|Protect,Encore,IcyWind,Blizzard|||F|||50|,,,,,Ghost]Garchomp||LifeOrb|RoughSkin|DragonClaw,StompingTantrum,Earthquake,Protect|||M|||50|,,,,,Ground]Incineroar||SafetyGoggles|Intimidate|FakeOut,FlareBlitz,KnockOff,PartingShot|||M|||50|,,,,,Ghost]Amoonguss||SitrusBerry|Regenerator|Spore,RagePowder,PollenPuff,Protect|||F|||50|,,,,,Water]Kingambit||AssaultVest|Defiant|KowtowCleave,IronHead,LowKick,SuckerPunch|||F|||50|,,,,,Fire
|showteam|p2|Smeargle||FocusSash|Moody|Spore,SpikyShield,Ruination,FollowMe|||M|||50|,,,,,Ghost]Gholdengo||Leftovers|GoodasGold|MakeItRain,ShadowBall,NastyPlot,Protect||||||50|,,,,,Water]Hydreigon||LifeOrb|Levitate|HeatWave,DarkPulse,Protect,DracoMeteor|||F|||50|,,,,,Fire]Rillaboom||AssaultVest|GrassySurge|WoodHammer,GrassyGlide,FakeOut,HighHorsepower|||F|||50|,,,,,Fire]Porygon2||Eviolite|Download|IceBeam,TeraBlast,Recover,TrickRoom||||||50|,,,,,Ground]Sneasler||GrassySeed|Unburden|FakeOut,CloseCombat,DireClaw,Protect|||F|||50|,,,,,Stellar
|inactive|Battle timer is ON: inactive players will automatically lose when time's up. (requested by heatvw)
|
|t:|1756524588
|teamsize|p1|4
|teamsize|p2|4
|start
|switch|p1a: Flamigo|Flamigo, L50, M, shiny|100/100
|switch|p1b: Incineroar|Incineroar, L50, M, shiny|100/100
|switch|p2a: Smeargle|Smeargle, L50, M|100/100
|switch|p2b: Gholdengo|Gholdengo, L50|100/100
|-ability|p1b: Incineroar|Intimidate|boost
|-unboost|p2a: Smeargle|atk|1
|-unboost|p2b: Gholdengo|atk|1
|turn|1
|
|t:|1756524609
|move|p2a: Smeargle|Spiky Shield|p2a: Smeargle
|-singleturn|p2a: Smeargle|move: Protect
|move|p2b: Gholdengo|Protect|p2b: Gholdengo
|-singleturn|p2b: Gholdengo|Protect
|move|p1b: Incineroar|Fake Out|p2a: Smeargle
|-activate|p2a: Smeargle|move: Protect
|-damage|p1b: Incineroar|88/100|[from] Spiky Shield|[of] p2a: Smeargle
|move|p1a: Flamigo|Close Combat|p2b: Gholdengo
|-activate|p2b: Gholdengo|move: Protect
|
|-ability|p2a: Smeargle|Moody|boost
|-boost|p2a: Smeargle|spe|2
|-unboost|p2a: Smeargle|atk|1
|upkeep
|turn|2
|inactive|heatvw has 30 seconds left.
|
|t:|1756524636
|switch|p2b: Sneasler|Sneasler, L50, F|100/100
|move|p2a: Smeargle|Spore|p1a: Flamigo
|-status|p1a: Flamigo|slp|[from] move: Spore
|cant|p1a: Flamigo|slp
|move|p1b: Incineroar|Knock Off|p2a: Smeargle
|-enditem|p2a: Smeargle|Focus Sash
|-damage|p2a: Smeargle|1/100
|
|-ability|p2a: Smeargle|Moody|boost
|-boost|p2a: Smeargle|spa|2
|-unboost|p2a: Smeargle|def|1
|upkeep
|turn|3
|inactive|sille rovert has 30 seconds left.
|
|t:|1756524661
|switch|p1a: Kingambit|Kingambit, L50, F|100/100
|-terastallize|p1b: Incineroar|Ghost
|move|p2a: Smeargle|Spiky Shield|p2a: Smeargle
|-singleturn|p2a: Smeargle|move: Protect
|move|p2b: Sneasler|Dire Claw|p1a: Kingambit
|-immune|p1a: Kingambit
|move|p1b: Incineroar|Knock Off|p2a: Smeargle
|-activate|p2a: Smeargle|move: Protect
|-damage|p1b: Incineroar|76/100|[from] Spiky Shield|[of] p2a: Smeargle
|
|-ability|p2a: Smeargle|Moody|boost
|-boost|p2a: Smeargle|spa|2
|-unboost|p2a: Smeargle|spe|1
|upkeep
|turn|4
|inactive|sille rovert has 30 seconds left.
|
|t:|1756524691
|switch|p2a: Rillaboom|Rillaboom, L50, F|100/100
|-fieldstart|move: Grassy Terrain|[from] ability: Grassy Surge|[of] p2a: Rillaboom
|-enditem|p2b: Sneasler|Grassy Seed
|-boost|p2b: Sneasler|def|1|[from] item: Grassy Seed
|switch|p1a: Flamigo|Flamigo, L50, M, shiny|100/100 slp
|move|p2b: Sneasler|Dire Claw|p1a: Flamigo
|-damage|p1a: Flamigo|43/100 slp
|move|p1b: Incineroar|Knock Off|p2a: Rillaboom
|-damage|p2a: Rillaboom|62/100
|-enditem|p2a: Rillaboom|Assault Vest|[from] move: Knock Off|[of] p1b: Incineroar
|
|-heal|p2a: Rillaboom|68/100|[from] Grassy Terrain
|-heal|p1b: Incineroar|82/100|[from] Grassy Terrain
|upkeep
|turn|5
|
|t:|1756524712
|move|p2b: Sneasler|Dire Claw|p1a: Flamigo
|-damage|p1a: Flamigo|0 fnt
|faint|p1a: Flamigo
|move|p2a: Rillaboom|Wood Hammer|p1b: Incineroar
|-damage|p1b: Incineroar|10/100
|-damage|p2a: Rillaboom|45/100|[from] Recoil
|move|p1b: Incineroar|Flare Blitz|p2a: Rillaboom
|-supereffective|p2a: Rillaboom
|-damage|p2a: Rillaboom|0 fnt
|faint|p2a: Rillaboom
|-damage|p1b: Incineroar|0 fnt|[from] Recoil
|faint|p1b: Incineroar
|
|upkeep
|
|t:|1756524720
|switch|p1a: Ninetales|Ninetales-Alola, L50, F|100/100
|switch|p2a: Smeargle|Smeargle, L50, M|1/100
|switch|p1b: Kingambit|Kingambit, L50, F|100/100
|-weather|Snowscape|[from] ability: Snow Warning|[of] p1a: Ninetales
|turn|6
|
|t:|1756524742
|move|p2b: Sneasler|Fake Out||[still]
|-hint|Fake Out only works on your first turn out.
|-fail|p2b: Sneasler
|move|p1a: Ninetales|Blizzard|p2b: Sneasler|[spread] p2a,p2b
|-damage|p2a: Smeargle|0 fnt
|-damage|p2b: Sneasler|60/100
|faint|p2a: Smeargle
|move|p1b: Kingambit|Iron Head|p2b: Sneasler
|-damage|p2b: Sneasler|4/100
|
|-weather|Snowscape|[upkeep]
|-heal|p2b: Sneasler|10/100|[from] Grassy Terrain
|upkeep
|
|t:|1756524746
|switch|p2a: Gholdengo|Gholdengo, L50|100/100
|turn|7
|
|t:|1756524767
|-terastallize|p2a: Gholdengo|Water
|move|p2b: Sneasler|Protect|p2b: Sneasler
|-singleturn|p2b: Sneasler|Protect
|move|p1b: Kingambit|Sucker Punch||[still]
|-fail|p1b: Kingambit
|move|p1a: Ninetales|Icy Wind|p2b: Sneasler|[spread] p2a
|-activate|p2b: Sneasler|move: Protect
|-resisted|p2a: Gholdengo
|-damage|p2a: Gholdengo|93/100
|-unboost|p2a: Gholdengo|spe|1
|move|p2a: Gholdengo|Make It Rain|p1a: Ninetales|[spread] p1a,p1b
|-supereffective|p1a: Ninetales
|-resisted|p1b: Kingambit
|-enditem|p1a: Ninetales|Focus Sash
|-damage|p1a: Ninetales|1/100
|-damage|p1b: Kingambit|85/100
|-unboost|p2a: Gholdengo|spa|1
|
|-weather|Snowscape|[upkeep]
|-heal|p2b: Sneasler|16/100|[from] Grassy Terrain
|-heal|p1a: Ninetales|7/100|[from] Grassy Terrain
|-heal|p2a: Gholdengo|99/100|[from] Grassy Terrain
|-heal|p2a: Gholdengo|100/100|[from] item: Leftovers
|-heal|p1b: Kingambit|91/100|[from] Grassy Terrain
|upkeep
|turn|8
|
|t:|1756524783
|move|p2b: Sneasler|Protect||[still]
|-fail|p2b: Sneasler
|move|p1a: Ninetales|Protect|p1a: Ninetales
|-singleturn|p1a: Ninetales|Protect
|move|p2a: Gholdengo|Make It Rain|p1b: Kingambit|[spread] p1b
|-activate|p1a: Ninetales|move: Protect
|-resisted|p1b: Kingambit
|-damage|p1b: Kingambit|80/100
|-unboost|p2a: Gholdengo|spa|1
|move|p1b: Kingambit|Iron Head|p2b: Sneasler
|-damage|p2b: Sneasler|0 fnt
|faint|p2b: Sneasler
|
|-weather|Snowscape|[upkeep]
|-heal|p1a: Ninetales|13/100|[from] Grassy Terrain
|-heal|p1b: Kingambit|87/100|[from] Grassy Terrain
|-fieldend|move: Grassy Terrain
|upkeep
|turn|9
|-message|sille rovert forfeited.
|
|win|heatvw
|raw|heatvw's rating: 1096 → 1128(+32 for winning)
|raw|sille rovert's rating: 1185 → 1154(-31 for losing)
|l|☆sille rovert
|player|p2|
