|j|☆HinamikoNovelGames
|j|☆TeyVgc
|html|HinamikoNovelGamesTeyVgc    
|uhtml|bestof|Game 3 of a best-of-3
|t:|1783487281
|gametype|doubles
|player|p1|HinamikoNovelGames|parasollady|1338
|player|p2|TeyVgc|rood|1326
|gen|9
|tier|[Gen 9 Champions] VGC 2026 Reg M-B (Bo3)
|rated|
|rule|Species Clause: Limit one of each Pokémon
|rule|Item Clause: Limit 1 of each item
|clearpoke
|poke|p1|Delphox, L50, F|
|poke|p1|Sinistcha-Masterpiece, L50|
|poke|p1|Blastoise, L50, M|
|poke|p1|Maushold, L50|
|poke|p1|Incineroar, L50, M|
|poke|p1|Sneasler, L50, F|
|poke|p2|Raichu, L50, F|
|poke|p2|Sinistcha, L50|
|poke|p2|Ceruledge, L50, M|
|poke|p2|Milotic, L50, F|
|poke|p2|Incineroar, L50, F|
|poke|p2|Floette-Eternal, L50, F|
|teampreview|4
|showteam|p1|Delphox||Delphoxite|Blaze|HeatWave,Psyshock,NastyPlot,Protect|Timid||F|||50|]Sinistcha-Masterpiece||OccaBerry|Hospitality|MatchaGotcha,LifeDew,RagePowder,Protect|Calm|||||50|]Blastoise||Blastoisinite|RainDish|WaterSpout,DarkPulse,ShellSmash,Protect|Timid||M|||50|]Maushold||ChopleBerry|FriendGuard|SuperFang,Feint,FollowMe,Protect|Impish|||||50|]Incineroar||SitrusBerry|Intimidate|FakeOut,FlareBlitz,ThroatChop,PartingShot|Impish||M|||50|]Sneasler||FocusSash|PoisonTouch|FakeOut,CloseCombat,DireClaw,QuickGuard|Jolly||F|||50|
|showteam|p2|Raichu||RaichuniteY|LightningRod|ZapCannon,FocusBlast,FakeOut,Protect|Timid||F|||50|]Sinistcha||KasibBerry|Hospitality|MatchaGotcha,LifeDew,RagePowder,TrickRoom|Relaxed|||||50|]Ceruledge||ColburBerry|FlashFire|BitterBlade,ShadowSneak,BulkUp,Protect|Adamant||M|||50|]Milotic||Leftovers|Competitive|MuddyWater,Coil,Hypnosis,Protect|Calm||F|||50|]Incineroar||SitrusBerry|Intimidate|FlareBlitz,ThroatChop,FakeOut,PartingShot|Impish||F|||50|]Floette-Eternal||Floettite|FlowerVeil|CalmMind,Protect,Moonblast,DazzlingGleam|Modest||F|||50|
|
|t:|1783487295
|teamsize|p1|4
|teamsize|p2|4
|start
|switch|p1a: Blastoise|Blastoise, L50, M|100/100
|switch|p1b: Sneasler|Sneasler, L50, F|100/100
|switch|p2a: Raichu|Raichu, L50, F|100/100
|switch|p2b: Ceruledge|Ceruledge, L50, M|100/100
|turn|1
|
|t:|1783487307
|detailschange|p2a: Raichu|Raichu-Mega-Y, L50, F
|-mega|p2a: Raichu|Raichu|Raichunite Y
|detailschange|p1a: Blastoise|Blastoise-Mega, L50, M
|-mega|p1a: Blastoise|Blastoise|Blastoisinite
|move|p2a: Raichu|Fake Out|p1a: Blastoise
|-damage|p1a: Blastoise|91/100
|move|p1b: Sneasler|Quick Guard|p1b: Sneasler
|-singleturn|p1b: Sneasler|Quick Guard
|cant|p1a: Blastoise|flinch
|move|p2b: Ceruledge|Bulk Up|p2b: Ceruledge
|-boost|p2b: Ceruledge|atk|1
|-boost|p2b: Ceruledge|def|1
|
|upkeep
|turn|2
|
|t:|1783487329
|move|p1a: Blastoise|Protect|p1a: Blastoise
|-singleturn|p1a: Blastoise|Protect
|move|p2a: Raichu|Zap Cannon|p1a: Blastoise
|-activate|p1a: Blastoise|move: Protect
|move|p1b: Sneasler|Close Combat|p2a: Raichu
|-damage|p2a: Raichu|5/100
|-unboost|p1b: Sneasler|def|1
|-unboost|p1b: Sneasler|spd|1
|move|p2b: Ceruledge|Bulk Up|p2b: Ceruledge
|-boost|p2b: Ceruledge|atk|1
|-boost|p2b: Ceruledge|def|1
|
|upkeep
|turn|3
|
|t:|1783487351
|switch|p1a: Sinistcha|Sinistcha-Masterpiece, L50|100/100
|move|p2a: Raichu|Zap Cannon|p1a: Sinistcha
|-resisted|p1a: Sinistcha|1
|-damage|p1a: Sinistcha|74/100
|-status|p1a: Sinistcha|par
|move|p1b: Sneasler|Dire Claw|p2a: Raichu
|-damage|p2a: Raichu|0 fnt
|faint|p2a: Raichu
|move|p2b: Ceruledge|Bitter Blade|p1b: Sneasler
|-enditem|p1b: Sneasler|Focus Sash
|-damage|p1b: Sneasler|1/100
|
|upkeep
|
|t:|1783487361
|switch|p2a: Milotic|Milotic, L50, F|100/100
|turn|4
|
|t:|1783487372
|move|p1a: Sinistcha|Protect|p1a: Sinistcha
|-singleturn|p1a: Sinistcha|Protect
|move|p1b: Sneasler|Dire Claw|p2a: Milotic
|-damage|p2a: Milotic|65/100
|move|p2b: Ceruledge|Bitter Blade|p1a: Sinistcha
|-activate|p1a: Sinistcha|move: Protect
|move|p2a: Milotic|Coil|p2a: Milotic
|-boost|p2a: Milotic|atk|1
|-boost|p2a: Milotic|def|1
|-boost|p2a: Milotic|accuracy|1
|
|-heal|p2a: Milotic|71/100|[from] item: Leftovers
|upkeep
|turn|5
|
|t:|1783487387
|move|p1b: Sneasler|Dire Claw|p2b: Ceruledge
|-resisted|p2b: Ceruledge|1
|-damage|p2b: Ceruledge|89/100
|move|p2b: Ceruledge|Bitter Blade|p1a: Sinistcha
|-supereffective|p1a: Sinistcha|1
|-enditem|p1a: Sinistcha|Occa Berry|[eat]
|-enditem|p1a: Sinistcha|Occa Berry|[weaken]
|-damage|p1a: Sinistcha|0 fnt
|-heal|p2b: Ceruledge|100/100|[from] drain|[of] p1a: Sinistcha
|faint|p1a: Sinistcha
|move|p2a: Milotic|Hypnosis|p1b: Sneasler
|-status|p1b: Sneasler|slp|[from] move: Hypnosis
|
|-heal|p2a: Milotic|77/100|[from] item: Leftovers
|upkeep
|
|t:|1783487391
|switch|p1a: Blastoise|Blastoise-Mega, L50, M|91/100
|turn|6
|
|t:|1783487402
|move|p1a: Blastoise|Protect|p1a: Blastoise
|-singleturn|p1a: Blastoise|Protect
|move|p2b: Ceruledge|Protect|p2b: Ceruledge
|-singleturn|p2b: Ceruledge|Protect
|cant|p1b: Sneasler|slp
|move|p2a: Milotic|Hypnosis|p1a: Blastoise
|-activate|p1a: Blastoise|move: Protect
|
|-heal|p2a: Milotic|83/100|[from] item: Leftovers
|upkeep
|turn|7
|
|t:|1783487413
|switch|p1b: Maushold|Maushold, L50|100/100
|move|p2b: Ceruledge|Shadow Sneak|p1a: Blastoise
|-damage|p1a: Blastoise|60/100
|move|p1a: Blastoise|Shell Smash|p1a: Blastoise
|-unboost|p1a: Blastoise|def|1
|-unboost|p1a: Blastoise|spd|1
|-boost|p1a: Blastoise|atk|2
|-boost|p1a: Blastoise|spa|2
|-boost|p1a: Blastoise|spe|2
|move|p2a: Milotic|Hypnosis|p1a: Blastoise|[miss]
|-miss|p2a: Milotic|p1a: Blastoise
|
|-heal|p2a: Milotic|89/100|[from] item: Leftovers
|upkeep
|turn|8
|
|t:|1783487432
|move|p2b: Ceruledge|Protect|p2b: Ceruledge
|-singleturn|p2b: Ceruledge|Protect
|move|p1b: Maushold|Follow Me|p1b: Maushold
|-singleturn|p1b: Maushold|move: Follow Me
|move|p1a: Blastoise|Dark Pulse|p2a: Milotic
|-damage|p2a: Milotic|37/100
|move|p2a: Milotic|Hypnosis|p1b: Maushold
|-status|p1b: Maushold|slp|[from] move: Hypnosis
|
|-heal|p2a: Milotic|43/100|[from] item: Leftovers
|upkeep
|turn|9
|
|t:|1783487449
|cant|p1b: Maushold|slp
|move|p2b: Ceruledge|Shadow Sneak|p1a: Blastoise
|-damage|p1a: Blastoise|19/100
|move|p1a: Blastoise|Dark Pulse|p2b: Ceruledge
|-supereffective|p2b: Ceruledge|1
|-crit|p2b: Ceruledge
|-enditem|p2b: Ceruledge|Colbur Berry|[eat]
|-enditem|p2b: Ceruledge|Colbur Berry|[weaken]
|-damage|p2b: Ceruledge|0 fnt
|faint|p2b: Ceruledge
|move|p2a: Milotic|Muddy Water|p1a: Blastoise|[spread] p1a,p1b
|-resisted|p1a: Blastoise|1
|-damage|p1a: Blastoise|6/100
|-damage|p1b: Maushold|73/100 slp
|-unboost|p1b: Maushold|accuracy|1
|
|-heal|p2a: Milotic|49/100|[from] item: Leftovers
|upkeep
|
|t:|1783487462
|switch|p2b: Sinistcha|Sinistcha, L50|100/100
|-heal|p2a: Milotic|74/100|[from] ability: Hospitality|[of] p2b: Sinistcha
|turn|10
|
|t:|1783487479
|cant|p1b: Maushold|slp
|move|p1a: Blastoise|Dark Pulse|p2b: Sinistcha
|-supereffective|p2b: Sinistcha|1
|-damage|p2b: Sinistcha|0 fnt
|faint|p2b: Sinistcha
|move|p2a: Milotic|Muddy Water|p1a: Blastoise|[spread] p1a,p1b
|-resisted|p1a: Blastoise|1
|-damage|p1a: Blastoise|0 fnt
|-damage|p1b: Maushold|50/100g slp
|faint|p1a: Blastoise
|
|-heal|p2a: Milotic|80/100|[from] item: Leftovers
|upkeep
|
|t:|1783487482
|switch|p1a: Sneasler|Sneasler, L50, F|1/100 slp
|turn|11
|
|t:|1783487486
|cant|p1a: Sneasler|slp
|-curestatus|p1b: Maushold|slp|[msg]
|move|p1b: Maushold|Super Fang|p2a: Milotic
|-damage|p2a: Milotic|40/100
|move|p2a: Milotic|Muddy Water|p1a: Sneasler|[spread] p1a,p1b
|-damage|p1a: Sneasler|0 fnt
|-damage|p1b: Maushold|23/100
|faint|p1a: Sneasler
|
|-heal|p2a: Milotic|46/100|[from] item: Leftovers
|upkeep
|turn|12
|-message|HinamikoNovelGames forfeited.
|
|win|TeyVgc
|raw|HinamikoNovelGames's rating: 1338 → 1317(-21 for losing)
|raw|TeyVgc's rating: 1326 → 1347(+21 for winning)
