|j|☆Arnau3Kum
|j|☆colemarcusvgc
|html|Arnau3Kumcolemarcusvgc    
|uhtml|bestof|Game 1 of a best-of-3
|t:|1756492948
|gametype|doubles
|player|p1|Arnau3Kum|101|1098
|player|p2|colemarcusvgc|n|1021
|gen|9
|tier|[Gen 9] VGC 2025 Reg H (Bo3)
|rated|
|rule|Species Clause: Limit one of each Pokémon
|rule|Item Clause: Limit 1 of each item
|clearpoke
|poke|p1|Tentacruel, L50, F|
|poke|p1|Indeedee, L50, M|
|poke|p1|Gardevoir, L50, F|
|poke|p1|Maushold, L50|
|poke|p1|Archaludon, L50, M|
|poke|p1|Politoed, L50, M|
|poke|p2|Indeedee-F, L50, F|
|poke|p2|Hatterene, L50, F|
|poke|p2|Ursaluna, L50, F|
|poke|p2|Amoonguss, L50, F|
|poke|p2|Porygon2, L50|
|poke|p2|Archaludon, L50, M|
|teampreview|4
|showteam|p1|Tentacruel||RockyHelmet|ClearBody|AcidSpray,MuddyWater,SludgeBomb,Protect|||F|||50|,,,,,Ghost]Indeedee||FocusSash|PsychicSurge|ExpandingForce,HyperVoice,TeraBlast,Protect|||M|||50|,,,,,Fighting]Gardevoir||ChoiceScarf|Synchronize|ExpandingForce,Moonblast,ShadowBall,Trick|||F|||50|,,,,,Psychic]Maushold||LoadedDice|Technician|PopulationBomb,BulletSeed,FollowMe,Protect||||||50|,,,,,Ghost]Archaludon||AssaultVest|Stamina|DracoMeteor,FlashCannon,ElectroShot,BodyPress|||M|||50|,,,,,Bug]Politoed||SitrusBerry|Drizzle|PerishSong,MuddyWater,IceBeam,Protect|||M|||50|,,,,,Grass
|showteam|p2|Indeedee-F||RockyHelmet|PsychicSurge|FollowMe,HelpingHand,TrickRoom,DazzlingGleam|||F|||50|,,,,,Fairy]Hatterene||LifeOrb|MagicBounce|TrickRoom,ExpandingForce,MysticalFire,DazzlingGleam|||F|||50|,,,,,Ghost]Ursaluna||FlameOrb|Guts|Facade,HeadlongRush,Earthquake,Protect|||F|||50|,,,,,Ghost]Amoonguss||SitrusBerry|Regenerator|Spore,RagePowder,PollenPuff,SludgeBomb|||F|||50|,,,,,Water]Porygon2||Eviolite|Download|TrickRoom,Recover,IceBeam,TeraBlast||||||50|,,,,,Grass]Archaludon||AssaultVest|Stamina|ElectroShot,DracoMeteor,FlashCannon,BodyPress|||M|||50|,,,,,Steel
|inactive|Battle timer is ON: inactive players will automatically lose when time's up. (requested by Arnau3Kum)
|inactive|colemarcusvgc has 60 seconds left.
|inactive|colemarcusvgc has 30 seconds left.
|
|t:|1756493017
|teamsize|p1|4
|teamsize|p2|4
|start
|switch|p1a: Indeedee|Indeedee, L50, M|100/100
|switch|p1b: Gardevoir|Gardevoir, L50, F, shiny|100/100
|switch|p2a: Porygon2|Porygon2, L50|100/100
|switch|p2b: Amoonguss|Amoonguss, L50, F|100/100
|-fieldstart|move: Psychic Terrain|[from] ability: Psychic Surge|[of] p1a: Indeedee
|-ability|p2a: Porygon2|Download|boost
|-boost|p2a: Porygon2|atk|1
|turn|1
|
|t:|1756493035
|-terastallize|p1b: Gardevoir|Psychic
|move|p2b: Amoonguss|Rage Powder|p2b: Amoonguss
|-singleturn|p2b: Amoonguss|move: Rage Powder
|move|p1b: Gardevoir|Expanding Force|p2b: Amoonguss|[spread] p2a,p2b
|-supereffective|p2b: Amoonguss
|-damage|p2a: Porygon2|57/100
|-damage|p2b: Amoonguss|0 fnt
|faint|p2b: Amoonguss
|move|p1a: Indeedee|Expanding Force|p2a: Porygon2
|-damage|p2a: Porygon2|18/100
|move|p2a: Porygon2|Trick Room|p2a: Porygon2
|-fieldstart|move: Trick Room|[of] p2a: Porygon2
|
|upkeep
|
|t:|1756493045
|switch|p2b: Archaludon|Archaludon, L50, M|100/100
|turn|2
|inactive|colemarcusvgc has 30 seconds left.
|
|t:|1756493079
|switch|p1b: Archaludon|Archaludon, L50, M|100/100
|move|p2a: Porygon2|Recover|p2a: Porygon2
|-heal|p2a: Porygon2|68/100
|move|p2b: Archaludon|Flash Cannon|p1b: Archaludon
|-resisted|p1b: Archaludon
|-damage|p1b: Archaludon|84/100
|-ability|p1b: Archaludon|Stamina|boost
|-boost|p1b: Archaludon|def|1
|move|p1a: Indeedee|Tera Blast|p2a: Porygon2
|-damage|p2a: Porygon2|48/100
|
|upkeep
|turn|3
|inactive|Arnau3Kum has 30 seconds left.
|inactive|colemarcusvgc has 30 seconds left.
|
|t:|1756493108
|-terastallize|p2b: Archaludon|Steel
|move|p2a: Porygon2|Recover|p2a: Porygon2
|-heal|p2a: Porygon2|98/100
|move|p2b: Archaludon|Flash Cannon|p1a: Indeedee
|-damage|p1a: Indeedee|27/100
|move|p1b: Archaludon|Body Press|p2b: Archaludon
|-supereffective|p2b: Archaludon
|-damage|p2b: Archaludon|47/100
|-ability|p2b: Archaludon|Stamina|boost
|-boost|p2b: Archaludon|def|1
|move|p1a: Indeedee|Tera Blast|p2a: Porygon2
|-damage|p2a: Porygon2|78/100
|
|upkeep
|turn|4
|inactive|Arnau3Kum has 30 seconds left.
|
|t:|1756493134
|move|p2a: Porygon2|Ice Beam|p1a: Indeedee
|-damage|p1a: Indeedee|0 fnt
|faint|p1a: Indeedee
|move|p2b: Archaludon|Body Press|p1b: Archaludon
|-supereffective|p1b: Archaludon
|-damage|p1b: Archaludon|49/100
|-ability|p1b: Archaludon|Stamina|boost
|-boost|p1b: Archaludon|def|1
|move|p1b: Archaludon|Draco Meteor|p2a: Porygon2
|-damage|p2a: Porygon2|39/100
|-unboost|p1b: Archaludon|spa|2
|
|upkeep
|
|t:|1756493150
|switch|p1a: Politoed|Politoed, L50, M|100/100
|-weather|RainDance|[from] ability: Drizzle|[of] p1a: Politoed
|turn|5
|inactive|colemarcusvgc has 30 seconds left.
|
|t:|1756493184
|move|p2a: Porygon2|Recover|p2a: Porygon2
|-heal|p2a: Porygon2|89/100
|move|p2b: Archaludon|Electro Shot||[still]
|-prepare|p2b: Archaludon|Electro Shot
|-boost|p2b: Archaludon|spa|1
|-anim|p2b: Archaludon|Electro Shot|p1a: Politoed
|-supereffective|p1a: Politoed
|-damage|p1a: Politoed|0 fnt
|faint|p1a: Politoed
|move|p1b: Archaludon|Body Press|p2b: Archaludon
|-supereffective|p2b: Archaludon
|-damage|p2b: Archaludon|0 fnt
|faint|p2b: Archaludon
|
|-weather|RainDance|[upkeep]
|-fieldend|move: Trick Room
|-fieldend|move: Psychic Terrain
|upkeep
|
|t:|1756493197
|switch|p1a: Gardevoir|Gardevoir, L50, F, shiny, tera:Psychic|100/100
|switch|p2b: Hatterene|Hatterene, L50, F|100/100
|turn|6
|
|t:|1756493217
|move|p1a: Gardevoir|Trick|p2a: Porygon2
|-activate|p1a: Gardevoir|move: Trick|[of] p2a: Porygon2
|-item|p2a: Porygon2|Choice Scarf|[from] move: Trick
|-item|p1a: Gardevoir|Eviolite|[from] move: Trick
|move|p1b: Archaludon|Flash Cannon|p2b: Hatterene
|-supereffective|p2b: Hatterene
|-damage|p2b: Hatterene|58/100
|move|p2a: Porygon2|Ice Beam|p1b: Archaludon
|-damage|p1b: Archaludon|33/100
|-ability|p1b: Archaludon|Stamina|boost
|-boost|p1b: Archaludon|def|1
|move|p2b: Hatterene|Trick Room|p2b: Hatterene
|-fieldstart|move: Trick Room|[of] p2b: Hatterene
|
|-weather|RainDance|[upkeep]
|upkeep
|turn|7
|
|t:|1756493240
|move|p2b: Hatterene|Mystical Fire|p1b: Archaludon
|-damage|p1b: Archaludon|19/100
|-unboost|p1b: Archaludon|spa|1
|-ability|p1b: Archaludon|Stamina|boost
|-boost|p1b: Archaludon|def|1
|-damage|p2b: Hatterene|48/100|[from] item: Life Orb
|move|p2a: Porygon2|Ice Beam|p1b: Archaludon
|-damage|p1b: Archaludon|1/100
|-ability|p1b: Archaludon|Stamina|boost
|-boost|p1b: Archaludon|def|1
|move|p1b: Archaludon|Body Press|p2a: Porygon2
|-supereffective|p2a: Porygon2
|-damage|p2a: Porygon2|0 fnt
|faint|p2a: Porygon2
|move|p1a: Gardevoir|Shadow Ball|p2b: Hatterene
|-supereffective|p2b: Hatterene
|-damage|p2b: Hatterene|0 fnt
|faint|p2b: Hatterene
|
|win|Arnau3Kum
|inactive|Arnau3Kum has 30 seconds to confirm battle start!
|inactive|colemarcusvgc has 30 seconds to confirm battle start!
||Arnau3Kum is ready for game 2.
||colemarcusvgc is ready for game 2.
|uhtml|next|Next: Game 2 of 3
