|j|☆Npc red panther
|j|☆chang21
|html|Npc red pantherchang21    
|uhtml|bestof|Game 1 of a best-of-3
|t:|1757650099
|gametype|doubles
|player|p1|Npc red panther|101|1197
|player|p2|chang21|veteran-gen4|1280
|gen|9
|tier|[Gen 9] VGC 2025 Reg H (Bo3)
|rated|
|rule|Species Clause: Limit one of each Pokémon
|rule|Item Clause: Limit 1 of each item
|clearpoke
|poke|p1|Gholdengo, L50|
|poke|p1|Basculegion, L50, M|
|poke|p1|Electabuzz, L50, F|
|poke|p1|Incineroar, L50, M|
|poke|p1|Sneasler, L50, F|
|poke|p1|Whimsicott, L50, F|
|poke|p2|Sneasler, L50, M|
|poke|p2|Indeedee, L50, M|
|poke|p2|Volcarona, L50, M|
|poke|p2|Ursaluna-Bloodmoon, L50, M|
|poke|p2|Annihilape, L50, F|
|poke|p2|Tyranitar, L50, M|
|teampreview|4
|showteam|p1|Gholdengo||LifeOrb|GoodasGold|MakeItRain,ShadowBall,NastyPlot,Protect||||||50|,,,,,Steel]Basculegion||ChoiceScarf|Adaptability|WaveCrash,AquaJet,FlipTurn,LastRespects|||M|||50|,,,,,Water]Electabuzz||Eviolite|VitalSpirit|FollowMe,Electroweb,VoltSwitch,Protect|||F|||50|,,,,,Fairy]Incineroar||AssaultVest|Intimidate|FakeOut,FlareBlitz,KnockOff,Uturn|||M|||50|,,,,,Ghost]Sneasler||ClearAmulet|PoisonTouch|DireClaw,CloseCombat,ThroatChop,Protect|||F|||50|,,,,,Dark]Whimsicott||CovertCloak|Prankster|Tailwind,Moonblast,Encore,Protect|||F|||50|,,,,,Water
|showteam|p2|Sneasler||PsychicSeed|Unburden|CloseCombat,DireClaw,ThroatChop,Protect|||M|||50|,,,,,Dark]Indeedee||ChoiceScarf|PsychicSurge|ExpandingForce,TeraBlast,Trick,Protect|||M|||50|,,,,,Psychic]Volcarona||SitrusBerry|FlameBody|Overheat,StruggleBug,RagePowder,Tailwind|||M|||50|,,,,,Grass]Ursaluna-Bloodmoon||LifeOrb|MindsEye|BloodMoon,HyperVoice,EarthPower,Protect|||M|||50|,,,,,Normal]Annihilape||SafetyGoggles|Defiant|CloseCombat,RageFist,Taunt,FinalGambit|||F|||50|,,,,,Fairy]Tyranitar||AssaultVest|SandStream|RockSlide,KnockOff,TeraBlast,LowKick|||M|||50|,,,,,Flying
|inactive|Battle timer is ON: inactive players will automatically lose when time's up. (requested by chang21)
|
|t:|1757650221
|teamsize|p1|4
|teamsize|p2|4
|start
|switch|p1a: Incineroar|Incineroar, L50, M, shiny|100/100
|switch|p1b: Whimsicott|Whimsicott, L50, F|100/100
|switch|p2a: Volcarona|Volcarona, L50, M|100/100
|switch|p2b: Annihilape|Annihilape, L50, F|100/100
|-ability|p1a: Incineroar|Intimidate|boost
|-unboost|p2a: Volcarona|atk|1
|-unboost|p2b: Annihilape|atk|1
|-ability|p2b: Annihilape|Defiant|boost
|-boost|p2b: Annihilape|atk|2
|turn|1
|inactive|chang21 has 30 seconds left.
|inactive|chang21 has 20 seconds left.
|inactive|chang21 has 15 seconds left.
|inactive|chang21 has 10 seconds left.
|inactive|chang21 has 5 seconds left.
|
|t:|1757650274
|-terastallize|p2b: Annihilape|Fairy
|-terastallize|p1a: Incineroar|Ghost
|move|p1b: Whimsicott|Protect|p1b: Whimsicott
|-singleturn|p1b: Whimsicott|Protect
|move|p2a: Volcarona|Tailwind|p2a: Volcarona
|-sidestart|p2: chang21|move: Tailwind
|move|p2b: Annihilape|Rage Fist|p1b: Whimsicott
|-activate|p1b: Whimsicott|move: Protect
|move|p1a: Incineroar|Knock Off|p2a: Volcarona
|-damage|p2a: Volcarona|44/100
|-enditem|p2a: Volcarona|Sitrus Berry|[from] move: Knock Off|[of] p1a: Incineroar
|
|upkeep
|turn|2
|inactive|Npc red panther has 30 seconds left.
|inactive|chang21 has 30 seconds left.
|inactive|Npc red panther has 20 seconds left.
|
|t:|1757650310
|switch|p2a: Sneasler|Sneasler, L50, M|100/100
|move|p1b: Whimsicott|Encore||[still]
|-fail|p1b: Whimsicott
|move|p2b: Annihilape|Taunt|p1b: Whimsicott
|-start|p1b: Whimsicott|move: Taunt
|move|p1a: Incineroar|Flare Blitz|p2b: Annihilape
|-damage|p2b: Annihilape|37/100
|-damage|p1a: Incineroar|79/100|[from] Recoil
|
|upkeep
|turn|3
|
|t:|1757650330
|switch|p1b: Sneasler|Sneasler, L50, F, shiny|100/100
|move|p2a: Sneasler|Dire Claw|p1b: Sneasler
|-resisted|p1b: Sneasler
|-damage|p1b: Sneasler|63/100
|move|p2b: Annihilape|Rage Fist|p1a: Incineroar
|-supereffective|p1a: Incineroar
|-damage|p1a: Incineroar|0 fnt
|faint|p1a: Incineroar
|
|upkeep
|
|t:|1757650340
|switch|p1a: Whimsicott|Whimsicott, L50, F|100/100
|turn|4
|inactive|chang21 has 30 seconds left.
|
|t:|1757650369
|switch|p2b: Ursaluna|Ursaluna-Bloodmoon, L50, M|100/100
|move|p1a: Whimsicott|Tailwind|p1a: Whimsicott
|-sidestart|p1: Npc red panther|move: Tailwind
|move|p1b: Sneasler|Dire Claw|p2b: Ursaluna
|-resisted|p2b: Ursaluna
|-damage|p2b: Ursaluna|85/100
|-status|p2b: Ursaluna|slp
|move|p2a: Sneasler|Dire Claw|p1a: Whimsicott
|-supereffective|p1a: Whimsicott
|-damage|p1a: Whimsicott|0 fnt
|faint|p1a: Whimsicott
|
|-sideend|p2: chang21|move: Tailwind
|upkeep
|
|t:|1757650377
|switch|p1a: Basculegion|Basculegion, L50, M, shiny|100/100
|turn|5
|
|t:|1757650390
|switch|p2b: Volcarona|Volcarona, L50, M|44/100
|move|p2a: Sneasler|Protect|p2a: Sneasler
|-singleturn|p2a: Sneasler|Protect
|move|p1a: Basculegion|Last Respects|p2a: Sneasler
|-activate|p2a: Sneasler|move: Protect
|move|p1b: Sneasler|Close Combat|p2b: Volcarona
|-resisted|p2b: Volcarona
|-damage|p2b: Volcarona|7/100
|-unboost|p1b: Sneasler|def|1
|-unboost|p1b: Sneasler|spd|1
|-status|p1b: Sneasler|brn|[from] ability: Flame Body|[of] p2b: Volcarona
|-status|p2b: Volcarona|psn|[from] ability: Poison Touch|[of] p1b: Sneasler
|
|-damage|p2b: Volcarona|0 fnt|[from] psn
|faint|p2b: Volcarona
|-damage|p1b: Sneasler|57/100 brn|[from] brn
|upkeep
|
|t:|1757650413
|switch|p2b: Annihilape|Annihilape, L50, F, tera:Fairy|37/100
|turn|6
|
|t:|1757650429
|switch|p2a: Ursaluna|Ursaluna-Bloodmoon, L50, M|85/100 slp
|move|p1a: Basculegion|Last Respects|p2a: Ursaluna
|-immune|p2a: Ursaluna
|move|p1b: Sneasler|Dire Claw|p2b: Annihilape
|-supereffective|p2b: Annihilape
|-damage|p2b: Annihilape|0 fnt
|faint|p2b: Annihilape
|
|-damage|p1b: Sneasler|51/100 brn|[from] brn
|upkeep
|
|t:|1757650432
|switch|p2b: Sneasler|Sneasler, L50, M|100/100
|turn|7
|-message|chang21 forfeited.
|
|win|Npc red panther
|l|☆chang21
|player|p2|
||chang21 is ready for game 2.
||Npc red panther is ready for game 2.
|uhtml|next|Next: Game 2 of 3
|l|☆Npc red panther
|player|p1|
