|j|☆randomsnore_gam
|j|‽lemons2738
|html|randomsnore_gamlemons2738    
|uhtml|bestof|Game 2 of a best-of-3
|t:|1784597070
|gametype|doubles
|player|p1|randomsnore_gam|chili|1273
|player|p2|lemons2738|benga|1299
|gen|9
|tier|[Gen 9 Champions] VGC 2026 Reg M-B (Bo3)
|rated|
|rule|Species Clause: Limit one of each Pokémon
|rule|Item Clause: Limit 1 of each item
|clearpoke
|poke|p1|Chandelure, L50, F|
|poke|p1|Whimsicott, L50, M|
|poke|p1|Rotom-Wash, L50|
|poke|p1|Garchomp, L50, M|
|poke|p1|Annihilape, L50, M|
|poke|p1|Kingambit, L50, F|
|poke|p2|Garchomp, L50, F|
|poke|p2|Charizard, L50, M|
|poke|p2|Sylveon, L50, M|
|poke|p2|Toxapex, L50, F|
|poke|p2|Incineroar, L50, F|
|poke|p2|Annihilape, L50, M|
|teampreview|4
|showteam|p1|Chandelure||Chandelurite|FlashFire|HeatWave,ShadowBall,EnergyBall,Protect|Modest||F|||50|]Whimsicott||FairyFeather|Prankster|Moonblast,Tailwind,Encore,Protect|Timid||M|||50|]Rotom-Wash||Leftovers|Levitate|HydroPump,VoltSwitch,WillOWisp,Protect|Calm|||||50|]Garchomp||LifeOrb|RoughSkin|StompingTantrum,DragonClaw,RockSlide,Protect|Jolly||M|||50|]Annihilape||ChoiceScarf|Defiant|CloseCombat,PhantomForce,Coaching,SeedBomb|Jolly||M|||50|]Kingambit||FocusSash|Defiant|SuckerPunch,KowtowCleave,IronHead,Protect|Adamant||F|||50|
|showteam|p2|Garchomp||LifeOrb|SandVeil|DragonClaw,StompingTantrum,RockSlide,Protect|Jolly||F|||50|]Charizard||CharizarditeY|Blaze|HeatWave,WeatherBall,SolarBeam,Protect|Modest||M|||50|]Sylveon||FairyFeather|Pixilate|Moonblast,HyperVoice,Yawn,Detect|Modest||M|||50|]Toxapex||Leftovers|Regenerator|Infestation,Toxic,WideGuard,BanefulBunker|Bold||F|||50|]Incineroar||SitrusBerry|Intimidate|FakeOut,FlareBlitz,DarkestLariat,PartingShot|Impish||F|||50|]Annihilape||FocusSash|Defiant|CloseCombat,PhantomForce,RockTomb,Protect|Jolly||M|||50|
|inactive|Battle timer is ON: inactive players will automatically lose when time's up. (requested by lemons2738)
|inactive|randomsnore_gam also wants the timer to be on.
|
|t:|1784597092
|teamsize|p1|4
|teamsize|p2|4
|start
|switch|p1a: Washing|Rotom-Wash, L50|100/100
|switch|p1b: Woah...|Chandelure, L50, F|100/100
|switch|p2a: Toxapex|Toxapex, L50, F|100/100
|switch|p2b: Sylveon|Sylveon, L50, M|100/100
|turn|1
|inactive|lemons2738 has 30 seconds left.
|inactive|lemons2738 has 20 seconds left.
|inactive|lemons2738 has 15 seconds left.
|inactive|lemons2738 has 10 seconds left.
|
|t:|1784597141
|move|p1b: Woah...|Protect|p1b: Woah...
|-singleturn|p1b: Woah...|Protect
|move|p1a: Washing|Will-O-Wisp|p2a: Toxapex
|-status|p2a: Toxapex|brn
|move|p2b: Sylveon|Yawn|p1b: Woah...
|-activate|p1b: Woah...|move: Protect
|move|p2a: Toxapex|Infestation|p1b: Woah...
|-activate|p1b: Woah...|move: Protect
|
|-damage|p2a: Toxapex|94/100 brn|[from] brn
|upkeep
|turn|2
|
|t:|1784597154
|detailschange|p1b: Woah...|Chandelure-Mega, L50, F
|-mega|p1b: Woah...|Chandelure|Chandelurite
|move|p1b: Woah...|Shadow Ball|p2b: Sylveon
|-damage|p2b: Sylveon|64/100
|move|p1a: Washing|Volt Switch|p2a: Toxapex
|-supereffective|p2a: Toxapex|1
|-damage|p2a: Toxapex|56/100 brn
|
|t:|1784597162
|switch|p1a: F u swamps|Annihilape, L50, M|100/100|[from] Volt Switch
|move|p2b: Sylveon|Yawn|p1b: Woah...
|-start|p1b: Woah...|move: Yawn|[of] p2b: Sylveon
|move|p2a: Toxapex|Infestation|p1b: Woah...
|-resisted|p1b: Woah...|2
|-crit|p1b: Woah...
|-damage|p1b: Woah...|98/100
|-activate|p1b: Woah...|move: Infestation|[of] p2a: Toxapex
|
|-heal|p2a: Toxapex|61/100 brn|[from] item: Leftovers
|-damage|p2a: Toxapex|56/100 brn|[from] brn
|-damage|p1b: Woah...|86/100|[from] move: Infestation|[partiallytrapped]
|upkeep
|turn|3
|
|t:|1784597185
|switch|p1b: Washing|Rotom-Wash, L50|100/100
|move|p2b: Sylveon|Detect|p2b: Sylveon
|-singleturn|p2b: Sylveon|Protect
|move|p1a: F u swamps|Phantom Force||[still]
|-prepare|p1a: F u swamps|Phantom Force
|move|p2a: Toxapex|Toxic|p1b: Washing
|-status|p1b: Washing|tox
|
|-heal|p2a: Toxapex|61/100 brn|[from] item: Leftovers
|-damage|p1b: Washing|94/100 tox|[from] psn
|-damage|p2a: Toxapex|56/100 brn|[from] brn
|upkeep
|turn|4
|inactive|lemons2738 has 30 seconds left.
|
|t:|1784597218
|move|p1a: F u swamps|Phantom Force|p2b: Sylveon|[from] lockedmove
|-damage|p2b: Sylveon|19/100
|move|p1b: Washing|Volt Switch|p2b: Sylveon
|-damage|p2b: Sylveon|1/100
|
|t:|1784597224
|switch|p1b: Woah...|Chandelure-Mega, L50, F|86/100|[from] Volt Switch
|move|p2b: Sylveon|Hyper Voice|p1b: Woah...|[spread] p1a,p1b
|-supereffective|p1a: F u swamps|1
|-resisted|p1b: Woah...|1
|-damage|p1a: F u swamps|1/100
|-damage|p1b: Woah...|62/100
|move|p2a: Toxapex|Toxic|p1a: F u swamps
|-status|p1a: F u swamps|tox
|
|-heal|p2a: Toxapex|61/100 brn|[from] item: Leftovers
|-damage|p1a: F u swamps|0 fnt|[from] psn
|faint|p1a: F u swamps
|-damage|p2a: Toxapex|56/100 brn|[from] brn
|upkeep
|
|t:|1784597235
|switch|p1a: CHOMP CHOMP!|Garchomp, L50, M|100/100
|turn|5
|
|t:|1784597245
|move|p1a: CHOMP CHOMP!|Rock Slide|p2a: Toxapex|[spread] p2a,p2b
|-damage|p2a: Toxapex|37/100 brn
|-damage|p2b: Sylveon|0 fnt
|faint|p2b: Sylveon
|-damage|p1a: CHOMP CHOMP!|90/100|[from] item: Life Orb
|move|p1b: Woah...|Shadow Ball|p2a: Toxapex
|-damage|p2a: Toxapex|0 fnt
|faint|p2a: Toxapex
|
|upkeep
|
|t:|1784597248
|switch|p2b: Charizard|Charizard, L50, M|100/100
|switch|p2a: Annihilape|Annihilape, L50, M|100/100
|turn|6
|
|t:|1784597261
|move|p2b: Charizard|Protect|p2b: Charizard
|-singleturn|p2b: Charizard|Protect
|move|p1a: CHOMP CHOMP!|Dragon Claw|p2a: Annihilape
|-damage|p2a: Annihilape|39/100
|-damage|p1a: CHOMP CHOMP!|80/100|[from] item: Life Orb
|move|p2a: Annihilape|Phantom Force||[still]
|-prepare|p2a: Annihilape|Phantom Force
|move|p1b: Woah...|Shadow Ball|p2a: Annihilape|[miss]
|-miss|p1b: Woah...|p2a: Annihilape
|
|upkeep
|turn|7
|inactive|lemons2738 has 30 seconds left.
|inactive|lemons2738 has 20 seconds left.
|
|t:|1784597296
|switch|p1b: Washing|Rotom-Wash, L50|94/100 tox
|detailschange|p2b: Charizard|Charizard-Mega-Y, L50, M
|-mega|p2b: Charizard|Charizard|Charizardite Y
|-weather|SunnyDay|[from] ability: Drought|[of] p2b: Charizard
|move|p1a: CHOMP CHOMP!|Rock Slide|p2b: Charizard|[spread] p2b
|-miss|p1a: CHOMP CHOMP!|p2a: Annihilape
|-supereffective|p2b: Charizard|2
|-damage|p2b: Charizard|0 fnt
|faint|p2b: Charizard
|-damage|p1a: CHOMP CHOMP!|70/100|[from] item: Life Orb
|move|p2a: Annihilape|Phantom Force|p1b: Washing|[from] lockedmove
|-damage|p1b: Washing|51/100 tox
|
|-weather|SunnyDay|[upkeep]
|-heal|p1b: Washing|57/100 tox|[from] item: Leftovers
|-damage|p1b: Washing|51/100 tox|[from] psn
|upkeep
|turn|8
|c|☆randomsnore_gam|gg
|-message|lemons2738 forfeited.
|
|win|randomsnore_gam
|raw|randomsnore_gam's rating: 1273 → 1300(+27 for winning)
|raw|lemons2738's rating: 1299 → 1272(-27 for losing)
|l|‽lemons2738
|player|p2|
