|j|☆dmac55
|j|☆DaviDXrt
|html|dmac55DaviDXrt    
|uhtml|bestof|Game 1 of a best-of-3
|t:|1785808259
|gametype|doubles
|player|p1|dmac55|265|1362
|player|p2|DaviDXrt|102|1292
|gen|9
|tier|[Gen 9 Champions] VGC 2026 Reg M-B (Bo3)
|rated|
|rule|Species Clause: Limit one of each Pokémon
|rule|Item Clause: Limit 1 of each item
|clearpoke
|poke|p1|Vanilluxe, L50, M|
|poke|p1|Kingambit, L50, F|
|poke|p1|Raichu, L50, M|
|poke|p1|Basculegion, L50, M|
|poke|p1|Volcarona, L50, F|
|poke|p1|Garchomp, L50, M|
|poke|p2|Pelipper, L50, M|
|poke|p2|Archaludon, L50, M|
|poke|p2|Basculegion, L50, M|
|poke|p2|Floette-Eternal, L50, F|
|poke|p2|Klefki, L50, M|
|poke|p2|Gallade, L50, M|
|teampreview|4
|showteam|p1|Vanilluxe||NeverMeltIce|SnowWarning|Blizzard,FreezeDry,IceShard,Protect|Modest||M|||50|]Kingambit||BlackGlasses|Defiant|KowtowCleave,SuckerPunch,IronHead,Protect|Adamant||F|||50|]Raichu||RaichuniteY|LightningRod|FakeOut,ZapCannon,FocusBlast,Protect|Timid||M|||50|]Basculegion||ChoiceScarf|Adaptability|LastRespects,WaveCrash,AquaJet,FlipTurn|Jolly||M|||50|]Volcarona||SitrusBerry|FlameBody|Tailwind,RagePowder,HeatWave,AirSlash|Bold||F|||50|]Garchomp||LifeOrb|RoughSkin|DragonClaw,StompingTantrum,RockSlide,Protect|Jolly||M|||50|
|showteam|p2|Pelipper||SitrusBerry|Drizzle|Protect,Tailwind,WeatherBall,Hurricane|Modest||M|||50|]Archaludon||QuickClaw|Stamina|Protect,ElectroShot,DracoMeteor,FlashCannon|Modest||M|||50|]Basculegion||MysticWater|SwiftSwim|Protect,AquaJet,WaveCrash,LastRespects|Adamant||M|||50|]Floette-Eternal||Floettite|FlowerVeil|Protect,Moonblast,DazzlingGleam,LightofRuin|Modest||F|||50|]Klefki||LightClay|Prankster|Reflect,LightScreen,RainDance,TrickRoom|Bold||M|||50|]Gallade||LifeOrb|Sharpness|Protect,PsychoCut,SacredSword,KnockOff|Adamant||M|||50|
|inactive|Battle timer is ON: inactive players will automatically lose when time's up. (requested by DaviDXrt)
|inactive|dmac55 has 60 seconds left.
|inactive|DaviDXrt has 60 seconds left.
|inactive|dmac55 has 30 seconds left.
|inactive|dmac55 has 20 seconds left.
|inactive|dmac55 has 15 seconds left.
|
|t:|1785808335
|teamsize|p1|4
|teamsize|p2|4
|start
|switch|p1a: Raichu|Raichu, L50, M|100/100
|switch|p1b: Garchomp|Garchomp, L50, M|100/100
|switch|p2a: Floette|Floette-Eternal, L50, F|100/100
|switch|p2b: Klefki|Klefki, L50, M|100/100
|turn|1
|inactive|dmac55 has 30 seconds left.
|inactive|DaviDXrt has 30 seconds left.
|inactive|DaviDXrt has 20 seconds left.
|
|t:|1785808374
|switch|p2b: Archaludon|Archaludon, L50, M|100/100
|detailschange|p1a: Raichu|Raichu-Mega-Y, L50, M
|-mega|p1a: Raichu|Raichu|Raichunite Y
|detailschange|p2a: Floette|Floette-Mega, L50, F
|-mega|p2a: Floette|Floette|Floettite
|-ability|p2a: Floette|Fairy Aura
|move|p1a: Raichu|Zap Cannon|p2b: Archaludon
|-resisted|p2b: Archaludon|1
|-damage|p2b: Archaludon|68/100
|-status|p2b: Archaludon|par
|-ability|p2b: Archaludon|Stamina|boost
|-boost|p2b: Archaludon|def|1
|move|p1b: Garchomp|Stomping Tantrum|p2b: Archaludon
|-supereffective|p2b: Archaludon|1
|-damage|p2b: Archaludon|16/100 par
|-ability|p2b: Archaludon|Stamina|boost
|-boost|p2b: Archaludon|def|1
|-damage|p1b: Garchomp|90/100|[from] item: Life Orb
|move|p2a: Floette|Dazzling Gleam|p1b: Garchomp|[spread] p1a,p1b
|-supereffective|p1b: Garchomp|1
|-damage|p1a: Raichu|33/100
|-damage|p1b: Garchomp|0 fnt
|faint|p1b: Garchomp
|
|upkeep
|
|t:|1785808399
|switch|p1b: Vanilluxe|Vanilluxe, L50, M|100/100
|-weather|Snowscape|[from] ability: Snow Warning|[of] p1b: Vanilluxe
|turn|2
|
|t:|1785808408
|move|p1a: Raichu|Zap Cannon|p2a: Floette
|-crit|p2a: Floette
|-damage|p2a: Floette|38/100
|-status|p2a: Floette|par
|move|p1b: Vanilluxe|Blizzard|p2a: Floette|[spread] p2a,p2b
|-crit|p2b: Archaludon
|-damage|p2a: Floette|1/100 par
|-damage|p2b: Archaludon|0 fnt
|faint|p2b: Archaludon
|move|p2a: Floette|Dazzling Gleam|p1a: Raichu|[spread] p1a,p1b
|-damage|p1a: Raichu|0 fnt
|-damage|p1b: Vanilluxe|52/100
|faint|p1a: Raichu
|
|-weather|Snowscape|[upkeep]
|upkeep
|
|t:|1785808420
|switch|p1a: Kingambit|Kingambit, L50, F|100/100
|switch|p2b: Klefki|Klefki, L50, M|100/100
|turn|3
|
|t:|1785808442
|move|p2b: Klefki|Reflect|p2b: Klefki
|-sidestart|p2: DaviDXrt|Reflect
|move|p1b: Vanilluxe|Freeze-Dry|p2a: Floette
|-damage|p2a: Floette|0 fnt
|faint|p2a: Floette
|move|p1a: Kingambit|Iron Head|p2b: Klefki
|-damage|p2b: Klefki|70/100
|
|-weather|Snowscape|[upkeep]
|upkeep
|
|t:|1785808448
|switch|p2a: Gallade|Gallade, L50, M|100/100
|turn|4
|
|t:|1785808466
|move|p1a: Kingambit|Protect|p1a: Kingambit
|-singleturn|p1a: Kingambit|Protect
|move|p2b: Klefki|Light Screen|p2b: Klefki
|-sidestart|p2: DaviDXrt|move: Light Screen
|move|p1b: Vanilluxe|Blizzard|p2a: Gallade|[spread] p2a,p2b
|-resisted|p2b: Klefki|1
|-damage|p2a: Gallade|70/100
|-damage|p2b: Klefki|53/100
|move|p2a: Gallade|Sacred Sword|p1a: Kingambit
|-activate|p1a: Kingambit|move: Protect
|
|-weather|Snowscape|[upkeep]
|upkeep
|turn|5
|
|t:|1785808483
|move|p2b: Klefki|Rain Dance|p2b: Klefki
|-weather|RainDance
|move|p1a: Kingambit|Sucker Punch|p2a: Gallade
|-damage|p2a: Gallade|18/100
|move|p1b: Vanilluxe|Blizzard|p2b: Klefki|[spread] p2a,p2b
|-resisted|p2b: Klefki|1
|-damage|p2a: Gallade|0 fnt
|-damage|p2b: Klefki|37/100
|faint|p2a: Gallade
|
|-weather|RainDance|[upkeep]
|upkeep
|turn|6
|
|t:|1785808497
|move|p1b: Vanilluxe|Freeze-Dry|p2b: Klefki
|-resisted|p2b: Klefki|1
|-damage|p2b: Klefki|23/100
|move|p1a: Kingambit|Iron Head|p2b: Klefki
|-damage|p2b: Klefki|0 fnt
|faint|p2b: Klefki
|
|win|dmac55
||DaviDXrt is ready for game 2.
||dmac55 is ready for game 2.
|uhtml|next|Next: Game 2 of 3
|l|☆DaviDXrt
|player|p2|
|l|☆dmac55
|player|p1|
