|j|☆marcusquinn
|j|☆Xion In Void
|html|marcusquinnXion In Void    
|uhtml|bestof|Game 1 of a best-of-3
|t:|1757655576
|gametype|doubles
|player|p1|marcusquinn|hilbert-wonderlauncher|1186
|player|p2|Xion In Void|unknownf|1110
|gen|9
|tier|[Gen 9] VGC 2025 Reg H (Bo3)
|rated|
|rule|Species Clause: Limit one of each Pokémon
|rule|Item Clause: Limit 1 of each item
|clearpoke
|poke|p1|Archaludon, L50, F|
|poke|p1|Porygon2, L50|
|poke|p1|Incineroar, L50, M|
|poke|p1|Ursaluna, L50, M|
|poke|p1|Sneasler, L50, F|
|poke|p1|Dragonite, L50, F|
|poke|p2|Archaludon, L50, F|
|poke|p2|Pelipper, L50, F|
|poke|p2|Amoonguss, L50, F|
|poke|p2|Incineroar, L50, F|
|poke|p2|Baxcalibur, L50, F|
|poke|p2|Annihilape, L50, M|
|teampreview|4
|showteam|p1|Archaludon||PowerHerb|Sturdy|Protect,ElectroShot,DracoMeteor,FlashCannon|||F|||50|,,,,,Electric]Porygon2||Eviolite|Download|TeraBlast,IceBeam,Recover,TrickRoom||||||50|,,,,,Fighting]Incineroar||SafetyGoggles|Intimidate|FlareBlitz,KnockOff,FakeOut,PartingShot|||M|||50|,,,,,Ghost]Ursaluna||FlameOrb|Guts|HeadlongRush,Facade,Earthquake,Protect|||M|||50|,,,,,Ghost]Sneasler||FocusSash|Unburden|Protect,CloseCombat,DireClaw,ThroatChop|||F|||50|,,,,,Stellar]Dragonite||LoadedDice|Multiscale|ScaleShot,Tailwind,Haze,Protect|||F|||50|,,,,,Fairy
|showteam|p2|Archaludon||AssaultVest|Stamina|DragonPulse,ElectroShot,BodyPress,Thunderbolt|||F|||50|,,,,,Electric]Pelipper||FocusSash|Drizzle|MuddyWater,Hurricane,Tailwind,Protect|||F|||50|,,,,,Ghost]Amoonguss||CovertCloak|Regenerator|PollenPuff,RagePowder,Spore,Protect|||F|||50|,,,,,Fairy]Incineroar||SafetyGoggles|Intimidate|KnockOff,BurningJealousy,PartingShot,FakeOut|||F|||50|,,,,,Ghost]Baxcalibur||LoadedDice|ThermalExchange|IcicleSpear,ScaleShot,HighHorsepower,Protect|||F|||50|,,,,,Ghost]Annihilape||SitrusBerry|Defiant|RageFist,FinalGambit,Coaching,Taunt|||M|||50|,,,,,Water
|inactive|Battle timer is ON: inactive players will automatically lose when time's up. (requested by marcusquinn)
|inactive|Xion In Void also wants the timer to be on.
|inactive|Xion In Void has 60 seconds left.
|inactive|Xion In Void has 30 seconds left.
|
|t:|1757655638
|teamsize|p1|4
|teamsize|p2|4
|start
|switch|p1a: Ursaluna|Ursaluna, L50, M|100/100
|switch|p1b: Dragonite|Dragonite, L50, F, shiny|100/100
|switch|p2a: Air Combo++|Baxcalibur, L50, F|100/100
|switch|p2b: Finishing++|Annihilape, L50, M|100/100
|turn|1
|inactive|marcusquinn has 30 seconds left.
|inactive|marcusquinn has 20 seconds left.
|
|t:|1757655676
|move|p1b: Dragonite|Protect|p1b: Dragonite
|-singleturn|p1b: Dragonite|Protect
|move|p1a: Ursaluna|Protect|p1a: Ursaluna
|-singleturn|p1a: Ursaluna|Protect
|move|p2b: Finishing++|Final Gambit|p1b: Dragonite
|-activate|p1b: Dragonite|move: Protect
|move|p2a: Air Combo++|Icicle Spear|p1a: Ursaluna
|-activate|p1a: Ursaluna|move: Protect
|
|-status|p1a: Ursaluna|brn|[from] item: Flame Orb
|upkeep
|turn|2
|inactive|Xion In Void has 30 seconds left.
|inactive|Xion In Void has 20 seconds left.
|
|t:|1757655715
|switch|p1b: Archaludon|Archaludon, L50, F, shiny|100/100
|-terastallize|p1a: Ursaluna|Ghost
|move|p2a: Air Combo++|Protect|p2a: Air Combo++
|-singleturn|p2a: Air Combo++|Protect
|move|p2b: Finishing++|Final Gambit|p1b: Archaludon
|-ability|p1b: Archaludon|Sturdy
|-damage|p1b: Archaludon|1/100
|faint|p2b: Finishing++
|move|p1a: Ursaluna|Facade|p2a: Air Combo++
|-activate|p2a: Air Combo++|move: Protect
|
|-damage|p1a: Ursaluna|95/100 brn|[from] brn
|upkeep
|
|t:|1757655729
|switch|p2b: Oathkeeper|Pelipper, L50, F, shiny|100/100
|-weather|RainDance|[from] ability: Drizzle|[of] p2b: Oathkeeper
|turn|3
|
|t:|1757655753
|-terastallize|p2a: Air Combo++|Ghost
|move|p2a: Air Combo++|Icicle Spear|p1b: Archaludon
|-damage|p1b: Archaludon|0 fnt
|faint|p1b: Archaludon
|-hitcount|p1: Archaludon|1
|move|p2b: Oathkeeper|Tailwind|p2b: Oathkeeper
|-sidestart|p2: Xion In Void|move: Tailwind
|move|p1a: Ursaluna|Facade|p2a: Air Combo++
|-immune|p2a: Air Combo++
|
|-weather|RainDance|[upkeep]
|-damage|p1a: Ursaluna|89/100 brn|[from] brn
|upkeep
|
|t:|1757655775
|switch|p1b: Incineroar|Incineroar, L50, M, shiny|100/100
|-ability|p1b: Incineroar|Intimidate|boost
|-unboost|p2a: Air Combo++|atk|1
|-unboost|p2b: Oathkeeper|atk|1
|turn|4
|inactive|Xion In Void has 30 seconds left.
|
|t:|1757655800
|switch|p1b: Dragonite|Dragonite, L50, F, shiny|100/100
|move|p2a: Air Combo++|Protect|p2a: Air Combo++
|-singleturn|p2a: Air Combo++|Protect
|move|p2b: Oathkeeper|Protect|p2b: Oathkeeper
|-singleturn|p2b: Oathkeeper|Protect
|move|p1a: Ursaluna|Headlong Rush|p2a: Air Combo++
|-activate|p2a: Air Combo++|move: Protect
|
|-weather|RainDance|[upkeep]
|-damage|p1a: Ursaluna|83/100 brn|[from] brn
|upkeep
|turn|5
|
|t:|1757655813
|move|p1b: Dragonite|Protect|p1b: Dragonite
|-singleturn|p1b: Dragonite|Protect
|move|p2a: Air Combo++|Icicle Spear|p1b: Dragonite
|-activate|p1b: Dragonite|move: Protect
|move|p2b: Oathkeeper|Hurricane|p1b: Dragonite
|-activate|p1b: Dragonite|move: Protect
|move|p1a: Ursaluna|Headlong Rush|p2a: Air Combo++
|-damage|p2a: Air Combo++|0 fnt
|-unboost|p1a: Ursaluna|def|1
|-unboost|p1a: Ursaluna|spd|1
|faint|p2a: Air Combo++
|
|-weather|RainDance|[upkeep]
|-damage|p1a: Ursaluna|77/100 brn|[from] brn
|upkeep
|
|t:|1757655815
|switch|p2a: Roxas|Archaludon, L50, F|100/100
|turn|6
|
|t:|1757655834
|switch|p1a: Incineroar|Incineroar, L50, M, shiny|100/100
|-ability|p1a: Incineroar|Intimidate|boost
|-unboost|p2a: Roxas|atk|1
|-unboost|p2b: Oathkeeper|atk|1
|move|p2a: Roxas|Electro Shot||[still]
|-prepare|p2a: Roxas|Electro Shot
|-boost|p2a: Roxas|spa|1
|-anim|p2a: Roxas|Electro Shot|p1b: Dragonite
|-damage|p1b: Dragonite|70/100
|move|p2b: Oathkeeper|Hurricane|p1a: Incineroar
|-damage|p1a: Incineroar|53/100
|move|p1b: Dragonite|Scale Shot|p2b: Oathkeeper
|-damage|p2b: Oathkeeper|83/100
|-crit|p2b: Oathkeeper
|-damage|p2b: Oathkeeper|55/100
|-damage|p2b: Oathkeeper|36/100
|-damage|p2b: Oathkeeper|15/100
|-damage|p2b: Oathkeeper|0 fnt
|faint|p2b: Oathkeeper
|-hitcount|p2: Oathkeeper|5
|-unboost|p1b: Dragonite|def|1
|-boost|p1b: Dragonite|spe|1
|
|-weather|RainDance|[upkeep]
|-sideend|p2: Xion In Void|move: Tailwind
|upkeep
|turn|7
|inactive|marcusquinn has 30 seconds left.
|
|t:|1757655868
|move|p1a: Incineroar|Fake Out|p2a: Roxas
|-resisted|p2a: Roxas
|-damage|p2a: Roxas|96/100
|-ability|p2a: Roxas|Stamina|boost
|-boost|p2a: Roxas|def|1
|move|p1b: Dragonite|Scale Shot|p2a: Roxas
|-damage|p2a: Roxas|88/100
|-ability|p2a: Roxas|Stamina|boost
|-boost|p2a: Roxas|def|1
|-damage|p2a: Roxas|82/100
|-ability|p2a: Roxas|Stamina|boost
|-boost|p2a: Roxas|def|1
|-crit|p2a: Roxas
|-damage|p2a: Roxas|67/100
|-ability|p2a: Roxas|Stamina|boost
|-boost|p2a: Roxas|def|1
|-damage|p2a: Roxas|63/100
|-ability|p2a: Roxas|Stamina|boost
|-boost|p2a: Roxas|def|1
|-damage|p2a: Roxas|60/100
|-ability|p2a: Roxas|Stamina|boost
|-boost|p2a: Roxas|def|1
|-hitcount|p2a: Roxas|5
|-unboost|p1b: Dragonite|def|1
|-boost|p1b: Dragonite|spe|1
|cant|p2a: Roxas|flinch
|
|-weather|none
|upkeep
|turn|8
|inactive|marcusquinn has 30 seconds left.
|
|t:|1757655895
|move|p1b: Dragonite|Haze|p1b: Dragonite
|-clearallboost
|move|p2a: Roxas|Body Press|p1a: Incineroar
|-supereffective|p1a: Incineroar
|-damage|p1a: Incineroar|3/100
|move|p1a: Incineroar|Parting Shot|p2a: Roxas
|-unboost|p2a: Roxas|atk|1
|-unboost|p2a: Roxas|spa|1
|
|t:|1757655903
|switch|p1a: Ursaluna|Ursaluna, L50, M, tera:Ghost|77/100 brn|[from] Parting Shot
|
|-damage|p1a: Ursaluna|71/100 brn|[from] brn
|upkeep
|turn|9
|-message|Xion In Void forfeited.
|
|win|marcusquinn
||Xion In Void is ready for game 2.
||marcusquinn is ready for game 2.
|uhtml|next|Next: Game 2 of 3
