|j|☆TheTestingBuds0017
|j|☆Gancelot
|html|TheTestingBuds0017Gancelot    
|uhtml|bestof|Game 2 of a best-of-3
|t:|1784127257
|gametype|doubles
|player|p1|TheTestingBuds0017|boarder|1459
|player|p2|Gancelot|morty|1384
|gen|9
|tier|[Gen 9 Champions] VGC 2026 Reg M-B (Bo3)
|rated|
|rule|Species Clause: Limit one of each Pokémon
|rule|Item Clause: Limit 1 of each item
|clearpoke
|poke|p1|Charizard, L50, F|
|poke|p1|Venusaur, L50, M|
|poke|p1|Grimmsnarl, L50, M|
|poke|p1|Pelipper, L50, M|
|poke|p1|Archaludon, L50, M|
|poke|p1|Basculegion, L50, M|
|poke|p2|Garchomp, L50, M|
|poke|p2|Venusaur, L50, M|
|poke|p2|Incineroar, L50, M|
|poke|p2|Charizard, L50, F|
|poke|p2|Toxapex, L50, M|
|poke|p2|Annihilape, L50, M|
|teampreview|4
|showteam|p1|Charizard||CharizarditeY|Blaze|HeatWave,WeatherBall,SolarBeam,Protect|Modest||F|||50|]Venusaur||Venusaurite|Chlorophyll|SludgeBomb,EarthPower,SleepPowder,Protect|Modest||M|||50|]Grimmsnarl||LightClay|Prankster|SpiritBreak,Reflect,LightScreen,PartingShot|Careful||M|||50|]Pelipper||SitrusBerry|Drizzle|WeatherBall,Hurricane,Tailwind,WideGuard|Modest||M|||50|]Archaludon||Leftovers|Stamina|ElectroShot,DragonPulse,FlashCannon,Protect|Modest||M|||50|]Basculegion||ChoiceScarf|Adaptability|WaveCrash,FlipTurn,LastRespects,AquaJet|Jolly||M|||50|
|showteam|p2|Garchomp||ChoiceScarf|RoughSkin|Earthquake,RockSlide,DragonClaw,StompingTantrum|Adamant||M|||50|]Venusaur||LifeOrb|Chlorophyll|SludgeBomb,SolarBeam,EarthPower,Protect|Modest||M|||50|]Incineroar||SitrusBerry|Intimidate|FakeOut,FlareBlitz,ThroatChop,PartingShot|Impish||M|||50|]Charizard||CharizarditeY|Blaze|HeatWave,WeatherBall,Protect,HelpingHand|Modest||F|||50|]Toxapex||Leftovers|Regenerator|Infestation,Toxic,WideGuard,BanefulBunker|Impish||M|||50|]Annihilape||FocusSash|Defiant|CloseCombat,PhantomForce,RockTomb,Protect|Jolly||M|||50|
|inactive|Battle timer is ON: inactive players will automatically lose when time's up. (requested by Gancelot)
|inactive|TheTestingBuds0017 has 60 seconds left.
|
|t:|1784127296
|teamsize|p1|4
|teamsize|p2|4
|start
|switch|p1a: Charizard|Charizard, L50, F|100/100
|switch|p1b: Grimmsnarl|Grimmsnarl, L50, M|100/100
|switch|p2a: Toxapex|Toxapex, L50, M|100/100
|switch|p2b: Incineroar|Incineroar, L50, M|100/100
|-ability|p2b: Incineroar|Intimidate|boost
|-unboost|p1a: Charizard|atk|1
|-unboost|p1b: Grimmsnarl|atk|1
|turn|1
|inactive|Gancelot has 30 seconds left.
|inactive|Gancelot has 20 seconds left.
|
|t:|1784127335
|detailschange|p1a: Charizard|Charizard-Mega-Y, L50, F
|-mega|p1a: Charizard|Charizard|Charizardite Y
|-weather|SunnyDay|[from] ability: Drought|[of] p1a: Charizard
|move|p1a: Charizard|Weather Ball|p2b: Incineroar
|-resisted|p2b: Incineroar|1
|-damage|p2b: Incineroar|60/100
|move|p2b: Incineroar|Parting Shot|p1a: Charizard
|-unboost|p1a: Charizard|atk|1
|-unboost|p1a: Charizard|spa|1
|
|t:|1784127346
|switch|p2b: Charizard|Charizard, L50, F|100/100|[from] Parting Shot
|move|p1b: Grimmsnarl|Spirit Break|p2b: Charizard
|-resisted|p2b: Charizard|1
|-damage|p2b: Charizard|90/100
|-unboost|p2b: Charizard|spa|1
|move|p2a: Toxapex|Toxic|p1b: Grimmsnarl
|-status|p1b: Grimmsnarl|tox
|
|-weather|SunnyDay|[upkeep]
|-damage|p1b: Grimmsnarl|94/100 tox|[from] psn
|upkeep
|turn|2
|
|t:|1784127364
|move|p2b: Charizard|Protect|p2b: Charizard
|-singleturn|p2b: Charizard|Protect
|move|p1a: Charizard|Protect|p1a: Charizard
|-singleturn|p1a: Charizard|Protect
|move|p1b: Grimmsnarl|Parting Shot|p2a: Toxapex
|-unboost|p2a: Toxapex|atk|1
|-unboost|p2a: Toxapex|spa|1
|
|t:|1784127372
|switch|p1b: Basculegion|Basculegion, L50, M|100/100|[from] Parting Shot
|move|p2a: Toxapex|Infestation|p1a: Charizard
|-activate|p1a: Charizard|move: Protect
|
|-weather|SunnyDay|[upkeep]
|upkeep
|turn|3
|
|t:|1784127383
|switch|p2b: Incineroar|Incineroar, L50, M|60/100
|-ability|p2b: Incineroar|Intimidate|boost
|-unboost|p1a: Charizard|atk|1
|-unboost|p1b: Basculegion|atk|1
|switch|p1a: Grimmsnarl|Grimmsnarl, L50, M|94/100 tox
|move|p1b: Basculegion|Flip Turn|p2b: Incineroar
|-supereffective|p2b: Incineroar|1
|-damage|p2b: Incineroar|43/100
|-enditem|p2b: Incineroar|Sitrus Berry|[eat]
|-heal|p2b: Incineroar|67/100|[from] item: Sitrus Berry
|
|t:|1784127396
|switch|p1b: Venusaur|Venusaur, L50, M|100/100|[from] Flip Turn
|move|p2a: Toxapex|Infestation|p1a: Grimmsnarl
|-damage|p1a: Grimmsnarl|92/100 tox
|-activate|p1a: Grimmsnarl|move: Infestation|[of] p2a: Toxapex
|
|-weather|SunnyDay|[upkeep]
|-damage|p1a: Grimmsnarl|86/100 tox|[from] psn
|-damage|p1a: Grimmsnarl|73/100 tox|[from] move: Infestation|[partiallytrapped]
|upkeep
|turn|4
|
|t:|1784127415
|move|p2b: Incineroar|Fake Out|p1b: Venusaur
|-damage|p1b: Venusaur|87/100
|cant|p1b: Venusaur|flinch
|move|p1a: Grimmsnarl|Spirit Break|p2b: Incineroar
|-damage|p2b: Incineroar|45/100
|-unboost|p2b: Incineroar|spa|1
|move|p2a: Toxapex|Infestation|p1b: Venusaur
|-damage|p1b: Venusaur|85/100
|-activate|p1b: Venusaur|move: Infestation|[of] p2a: Toxapex
|
|-weather|SunnyDay|[upkeep]
|-damage|p1a: Grimmsnarl|61/100 tox|[from] psn
|-damage|p1b: Venusaur|73/100|[from] move: Infestation|[partiallytrapped]
|-damage|p1a: Grimmsnarl|49/100 tox|[from] move: Infestation|[partiallytrapped]
|upkeep
|turn|5
|inactive|Gancelot has 30 seconds left.
|inactive|Gancelot has 20 seconds left.
|inactive|Gancelot has 15 seconds left.
|inactive|Gancelot has 10 seconds left.
|
|t:|1784127460
|switch|p2b: Charizard|Charizard, L50, F|90/100
|move|p1b: Venusaur|Sludge Bomb|p2b: Charizard
|-crit|p2b: Charizard
|-damage|p2b: Charizard|20/100y
|-status|p2b: Charizard|psn
|move|p1a: Grimmsnarl|Spirit Break|p2b: Charizard
|-resisted|p2b: Charizard|1
|-damage|p2b: Charizard|7/100 psn
|-unboost|p2b: Charizard|spa|1
|move|p2a: Toxapex|Toxic|p1a: Grimmsnarl
|-fail|p1a: Grimmsnarl|tox
|
|-weather|none
|-damage|p2b: Charizard|0 fnt|[from] psn
|faint|p2b: Charizard
|-damage|p1a: Grimmsnarl|31/100 tox|[from] psn
|-damage|p1b: Venusaur|61/100|[from] move: Infestation|[partiallytrapped]
|-damage|p1a: Grimmsnarl|19/100 tox|[from] move: Infestation|[partiallytrapped]
|upkeep
|
|t:|1784127476
|switch|p2b: Venusaur|Venusaur, L50, M|100/100
|turn|6
|
|t:|1784127487
|move|p2b: Venusaur|Protect|p2b: Venusaur
|-singleturn|p2b: Venusaur|Protect
|move|p2a: Toxapex|Baneful Bunker|p2a: Toxapex
|-singleturn|p2a: Toxapex|move: Protect
|move|p1a: Grimmsnarl|Parting Shot|p2a: Toxapex
|-activate|p2a: Toxapex|move: Protect
|move|p1b: Venusaur|Sludge Bomb|p2b: Venusaur
|-activate|p2b: Venusaur|move: Protect
|
|-damage|p1a: Grimmsnarl|0 fnt|[from] psn
|faint|p1a: Grimmsnarl
|-damage|p1b: Venusaur|49/100|[from] move: Infestation|[partiallytrapped]
|upkeep
|
|t:|1784127493
|switch|p1a: Charizard|Charizard-Mega-Y, L50, F|100/100
|-weather|SunnyDay|[from] ability: Drought|[of] p1a: Charizard
|turn|7
|
|t:|1784127511
|move|p1b: Venusaur|Protect|p1b: Venusaur
|-singleturn|p1b: Venusaur|Protect
|move|p2b: Venusaur|Sludge Bomb|p1b: Venusaur
|-activate|p1b: Venusaur|move: Protect
|move|p1a: Charizard|Weather Ball|p2b: Venusaur
|-supereffective|p2b: Venusaur|1
|-damage|p2b: Venusaur|0 fnt
|faint|p2b: Venusaur
|move|p2a: Toxapex|Toxic|p1a: Charizard
|-status|p1a: Charizard|tox
|
|-weather|SunnyDay|[upkeep]
|-damage|p1a: Charizard|93/100 tox|[from] psn
|-damage|p1b: Venusaur|37/100|[from] move: Infestation|[partiallytrapped]
|upkeep
|
|t:|1784127514
|switch|p2b: Incineroar|Incineroar, L50, M|45/100
|-ability|p2b: Incineroar|Intimidate|boost
|-unboost|p1a: Charizard|atk|1
|-unboost|p1b: Venusaur|atk|1
|turn|8
|
|t:|1784127524
|move|p2b: Incineroar|Fake Out|p1b: Venusaur
|-damage|p1b: Venusaur|24/100
|cant|p1b: Venusaur|flinch
|move|p1a: Charizard|Weather Ball|p2b: Incineroar
|-resisted|p2b: Incineroar|1
|-damage|p2b: Incineroar|8/100
|move|p2a: Toxapex|Infestation|p1a: Charizard
|-resisted|p1a: Charizard|2
|-damage|p1a: Charizard|93/100 tox
|-activate|p1a: Charizard|move: Infestation|[of] p2a: Toxapex
|
|-weather|SunnyDay|[upkeep]
|-damage|p1a: Charizard|81/100 tox|[from] psn
|-end|p1b: Venusaur|Infestation|[partiallytrapped]
|-damage|p1a: Charizard|69/100 tox|[from] move: Infestation|[partiallytrapped]
|upkeep
|turn|9
|c|☆TheTestingBuds0017|GGs
|-message|Gancelot forfeited.
|
|win|TheTestingBuds0017
