|j|☆ComradeClownVGC
|j|☆seb96m
|html|ComradeClownVGCseb96m    
|uhtml|bestof|Game 1 of a best-of-3
|t:|1757658055
|gametype|doubles
|player|p1|ComradeClownVGC|harlequin|1324
|player|p2|seb96m|266|1227
|gen|9
|tier|[Gen 9] VGC 2025 Reg H (Bo3)
|rated|
|rule|Species Clause: Limit one of each Pokémon
|rule|Item Clause: Limit 1 of each item
|clearpoke
|poke|p1|Annihilape, L50, F|
|poke|p1|Maushold-Four, L50|
|poke|p1|Whimsicott, L50, F|
|poke|p1|Arcanine-Hisui, L50, F|
|poke|p1|Gholdengo, L50|
|poke|p1|Hydreigon, L50, F|
|poke|p2|Annihilape, L50, M|
|poke|p2|Ninetales-Alola, L50, M|
|poke|p2|Sinistcha-Masterpiece, L50|
|poke|p2|Incineroar, L50, M|
|poke|p2|Ursaluna, L50, F|
|poke|p2|Talonflame, L50, F|
|teampreview|4
|showteam|p1|Annihilape||SitrusBerry|Defiant|DrainPunch,RageFist,BulkUp,Protect|||F|||50|,,,,,Water]Maushold-Four||WideLens|Technician|PopulationBomb,FollowMe,Taunt,BeatUp||||||50|,,,,,Ghost]Whimsicott||FocusSash|Prankster|Tailwind,Moonblast,Encore,BeatUp|||F|||50|,,,,,Ghost]Arcanine-Hisui||ChoiceBand|Intimidate|FlareBlitz,RockSlide,ExtremeSpeed,HeadSmash|||F|||50|,,,,,Bug]Gholdengo||ChoiceSpecs|GoodasGold|MakeItRain,ShadowBall,Thunderbolt,SteelBeam||||||50|,,,,,Steel]Hydreigon||LifeOrb|Levitate|DracoMeteor,DarkPulse,EarthPower,Protect|||F|||50|,,,,,Poison
|showteam|p2|Annihilape||AguavBerry|Defiant|RageFist,DrainPunch,Protect,BulkUp|||M|||50|,,,,,Fire]Ninetales-Alola||LightClay|SnowWarning|IcicleSpear,Encore,IcyWind,AuroraVeil|||M|||50|,,,,,Ghost]Sinistcha-Masterpiece||SitrusBerry|Hospitality|StrengthSap,RagePowder,MatchaGotcha,TrickRoom||||||50|,,,,,Water]Incineroar||AssaultVest|Intimidate|FakeOut,Uturn,FlareBlitz,KnockOff|||M|||50|,,,,,Fairy]Ursaluna||FlameOrb|Guts|HeadlongRush,Earthquake,Facade,Protect|||F|||50|,,,,,Ghost]Talonflame||CovertCloak|GaleWings|DualWingbeat,FlareBlitz,Tailwind,Taunt|||F|||50|,,,,,Flying
|inactive|Battle timer is ON: inactive players will automatically lose when time's up. (requested by seb96m)
|c|☆ComradeClownVGC|glhf
|inactive|seb96m has 60 seconds left.
|
|t:|1757658113
|teamsize|p1|4
|teamsize|p2|4
|start
|switch|p1a: Caulipower|Whimsicott, L50, F|100/100
|switch|p1b: Monke|Annihilape, L50, F|100/100
|switch|p2a: Talonflame|Talonflame, L50, F|100/100
|switch|p2b: Annihilape|Annihilape, L50, M|100/100
|turn|1
|inactive|seb96m has 30 seconds left.
|
|t:|1757658139
|-terastallize|p1b: Monke|Water
|-terastallize|p2b: Annihilape|Fire
|move|p2a: Talonflame|Tailwind|p2a: Talonflame
|-sidestart|p2: seb96m|move: Tailwind
|move|p1a: Caulipower|Tailwind|p1a: Caulipower
|-sidestart|p1: ComradeClownVGC|move: Tailwind
|move|p1b: Monke|Bulk Up|p1b: Monke
|-boost|p1b: Monke|atk|1
|-boost|p1b: Monke|def|1
|move|p2b: Annihilape|Rage Fist|p1a: Caulipower
|-damage|p1a: Caulipower|67/100
|
|upkeep
|turn|2
|
|t:|1757658163
|switch|p1a: Stonks|Gholdengo, L50, shiny|100/100
|move|p2a: Talonflame|Dual Wingbeat|p1a: Stonks
|-resisted|p1a: Stonks
|-damage|p1a: Stonks|91/100
|-resisted|p1a: Stonks
|-damage|p1a: Stonks|83/100
|-hitcount|p1a: Stonks|2
|move|p1b: Monke|Rage Fist|p2a: Talonflame
|-damage|p2a: Talonflame|50/100
|move|p2b: Annihilape|Bulk Up|p2b: Annihilape
|-boost|p2b: Annihilape|atk|1
|-boost|p2b: Annihilape|def|1
|
|upkeep
|turn|3
|inactive|ComradeClownVGC has 30 seconds left.
|
|t:|1757658193
|switch|p1a: Goodest Boi|Arcanine-Hisui, L50, F, shiny|100/100
|-ability|p1a: Goodest Boi|Intimidate|boost
|-unboost|p2a: Talonflame|atk|1
|-unboost|p2b: Annihilape|atk|1
|-ability|p2b: Annihilape|Defiant|boost
|-boost|p2b: Annihilape|atk|2
|move|p2a: Talonflame|Flare Blitz|p1a: Goodest Boi
|-resisted|p1a: Goodest Boi
|-damage|p1a: Goodest Boi|91/100
|-damage|p2a: Talonflame|46/100|[from] Recoil
|move|p1b: Monke|Rage Fist|p2a: Talonflame
|-damage|p2a: Talonflame|0 fnt
|faint|p2a: Talonflame
|move|p2b: Annihilape|Bulk Up|p2b: Annihilape
|-boost|p2b: Annihilape|atk|1
|-boost|p2b: Annihilape|def|1
|
|upkeep
|
|t:|1757658209
|switch|p2a: Ninetales|Ninetales-Alola, L50, M|100/100
|-weather|Snowscape|[from] ability: Snow Warning|[of] p2a: Ninetales
|turn|4
|
|t:|1757658220
|move|p2a: Ninetales|Aurora Veil|p2a: Ninetales
|-sidestart|p2: seb96m|move: Aurora Veil
|move|p1a: Goodest Boi|Head Smash|p2b: Annihilape
|-supereffective|p2b: Annihilape
|-damage|p2b: Annihilape|31/100
|-damage|p1a: Goodest Boi|48/100|[from] Recoil
|move|p1b: Monke|Drain Punch|p2a: Ninetales
|-damage|p2a: Ninetales|72/100
|move|p2b: Annihilape|Drain Punch|p1a: Goodest Boi
|-supereffective|p1a: Goodest Boi
|-damage|p1a: Goodest Boi|0 fnt
|-heal|p2b: Annihilape|50/100|[from] drain|[of] p1a: Goodest Boi
|faint|p1a: Goodest Boi
|
|-weather|Snowscape|[upkeep]
|-sideend|p1: ComradeClownVGC|move: Tailwind
|-sideend|p2: seb96m|move: Tailwind
|upkeep
|
|t:|1757658231
|switch|p1a: Caulipower|Whimsicott, L50, F|67/100
|turn|5
|
|t:|1757658244
|switch|p2a: Sinistcha|Sinistcha-Masterpiece, L50|100/100
|-heal|p2b: Annihilape|75/100|[from] ability: Hospitality|[of] p2a: Sinistcha
|move|p1b: Monke|Protect|p1b: Monke
|-singleturn|p1b: Monke|Protect
|move|p1a: Caulipower|Encore||[still]
|-fail|p1a: Caulipower
|move|p2b: Annihilape|Rage Fist|p1a: Caulipower
|-damage|p1a: Caulipower|0 fnt
|faint|p1a: Caulipower
|
|-weather|Snowscape|[upkeep]
|upkeep
|
|t:|1757658248
|switch|p1a: Stonks|Gholdengo, L50, shiny|83/100
|turn|6
|
|t:|1757658272
|move|p2a: Sinistcha|Rage Powder|p2a: Sinistcha
|-singleturn|p2a: Sinistcha|move: Rage Powder
|move|p1a: Stonks|Shadow Ball|p2a: Sinistcha
|-supereffective|p2a: Sinistcha
|-damage|p2a: Sinistcha|30/100
|-enditem|p2a: Sinistcha|Sitrus Berry|[eat]
|-heal|p2a: Sinistcha|55/100|[from] item: Sitrus Berry
|move|p1b: Monke|Drain Punch|p2a: Sinistcha
|-immune|p2a: Sinistcha
|move|p2b: Annihilape|Rage Fist|p1a: Stonks
|-supereffective|p1a: Stonks
|-damage|p1a: Stonks|0 fnt
|faint|p1a: Stonks
|
|-weather|Snowscape|[upkeep]
|upkeep
|turn|7
|-message|ComradeClownVGC forfeited.
|
|win|seb96m
||ComradeClownVGC is ready for game 2.
||seb96m is ready for game 2.
|uhtml|next|Next: Game 2 of 3
|l|☆seb96m
|player|p2|
