|j|☆exposniffer
|j|☆P!nkbearz07
|html|exposnifferP!nkbearz07    
|uhtml|bestof|Game 2 of a best-of-3
|t:|1757739591
|gametype|doubles
|player|p1|exposniffer|blue|1058
|player|p2|P!nkbearz07|marlon|1133
|gen|9
|tier|[Gen 9] VGC 2025 Reg H (Bo3)
|rated|
|rule|Species Clause: Limit one of each Pokémon
|rule|Item Clause: Limit 1 of each item
|clearpoke
|poke|p1|Dragonite, L50, M|
|poke|p1|Ninetales-Alola, L50, F|
|poke|p1|Annihilape, L50, M|
|poke|p1|Rillaboom, L50, M|
|poke|p1|Gholdengo, L50|
|poke|p1|Ursaluna-Bloodmoon, L50, M|
|poke|p2|Tyranitar, L50, F|
|poke|p2|Excadrill, L50, F|
|poke|p2|Empoleon, L50, F|
|poke|p2|Annihilape, L50, F|
|poke|p2|Gholdengo, L50|
|poke|p2|Hydreigon, L50, F|
|teampreview|4
|showteam|p1|Dragonite||LoadedDice|Multiscale|ScaleShot,ExtremeSpeed,Haze,Protect|||M|||50|,,,,,Fairy]Ninetales-Alola||LightClay|SnowWarning|IcicleSpear,AuroraVeil,Blizzard,IcyWind|||F|||50|,,,,,Ghost]Annihilape||SafetyGoggles|Defiant|RageFist,DrainPunch,BulkUp,Protect|||M|||50|,,,,,Fire]Rillaboom||MiracleSeed|GrassySurge|WoodHammer,GrassyGlide,FakeOut,Protect|||M|||50|,,,,,Grass]Gholdengo||LifeOrb|GoodasGold|MakeItRain,ShadowBall,NastyPlot,Protect||||||50|,,,,,Water]Ursaluna-Bloodmoon||AssaultVest|MindsEye|BloodMoon,HyperVoice,EarthPower,VacuumWave|||M|||50|,,,,,Ghost
|showteam|p2|Tyranitar||AssaultVest|SandStream|RockSlide,KnockOff,TeraBlast,LowKick|||F|||50|,,,,,Flying]Excadrill||FocusSash|SandRush|Earthquake,HighHorsepower,IronHead,Protect|||F|||50|,,,,,Ground]Empoleon||CovertCloak|Competitive|HydroPump,FlashCannon,IcyWind,Protect|||F|||50|,,,,,Grass]Annihilape||ChoiceScarf|Defiant|RageFist,CloseCombat,FinalGambit,Coaching|||F|||50|,,,,,Grass]Gholdengo||LifeOrb|GoodasGold|Protect,NastyPlot,ShadowBall,MakeItRain||||||50|,,,,,Steel]Hydreigon||ChoiceSpecs|Levitate|HeatWave,Snarl,DarkPulse,DracoMeteor|||F|||50|,,,,,Fire
|inactive|Battle timer is ON: inactive players will automatically lose when time's up. (requested by P!nkbearz07)
|
|t:|1757739618
|teamsize|p1|4
|teamsize|p2|4
|start
|switch|p1a: Ninetales|Ninetales-Alola, L50, F|100/100
|switch|p1b: Annihilape|Annihilape, L50, M|100/100
|switch|p2a: Nightmare|Hydreigon, L50, F|100/100
|switch|p2b: Richie Rich|Gholdengo, L50|100/100
|-weather|Snowscape|[from] ability: Snow Warning|[of] p1a: Ninetales
|turn|1
|
|t:|1757739633
|-terastallize|p1b: Annihilape|Fire
|-terastallize|p2a: Nightmare|Fire
|move|p1a: Ninetales|Icy Wind|p2b: Richie Rich|[spread] p2a,p2b
|-resisted|p2a: Nightmare
|-crit|p2a: Nightmare
|-resisted|p2b: Richie Rich
|-damage|p2a: Nightmare|90/100
|-damage|p2b: Richie Rich|94/100
|-unboost|p2a: Nightmare|spe|1
|-unboost|p2b: Richie Rich|spe|1
|move|p1b: Annihilape|Bulk Up|p1b: Annihilape
|-boost|p1b: Annihilape|atk|1
|-boost|p1b: Annihilape|def|1
|move|p2a: Nightmare|Heat Wave|p1a: Ninetales|[spread] p1a,p1b
|-supereffective|p1a: Ninetales
|-resisted|p1b: Annihilape
|-damage|p1a: Ninetales|0 fnt
|-damage|p1b: Annihilape|75/100
|faint|p1a: Ninetales
|move|p2b: Richie Rich|Make It Rain|p1b: Annihilape
|-resisted|p1b: Annihilape
|-damage|p1b: Annihilape|36/100
|-unboost|p2b: Richie Rich|spa|1
|-damage|p2b: Richie Rich|84/100|[from] item: Life Orb
|
|-weather|Snowscape|[upkeep]
|upkeep
|
|t:|1757739655
|switch|p1a: Gholdengo|Gholdengo, L50|100/100
|turn|2
|
|t:|1757739667
|switch|p2a: Dust Devil|Tyranitar, L50, F, shiny|100/100
|-weather|Sandstorm|[from] ability: Sand Stream|[of] p2a: Dust Devil
|move|p1a: Gholdengo|Protect|p1a: Gholdengo
|-singleturn|p1a: Gholdengo|Protect
|move|p1b: Annihilape|Drain Punch|p2a: Dust Devil
|-supereffective|p2a: Dust Devil
|-damage|p2a: Dust Devil|0 fnt
|-heal|p1b: Annihilape|82/100|[from] drain|[of] p2a: Dust Devil
|faint|p2a: Dust Devil
|move|p2b: Richie Rich|Shadow Ball|p1b: Annihilape
|-damage|p1b: Annihilape|45/100
|-damage|p2b: Richie Rich|74/100|[from] item: Life Orb
|
|-weather|Sandstorm|[upkeep]
|upkeep
|
|t:|1757739676
|switch|p2a: Oil Rig|Excadrill, L50, F, shiny|100/100
|turn|3
|inactive|exposniffer has 30 seconds left.
|
|t:|1757739702
|switch|p1a: Dragonite|Dragonite, L50, M|100/100
|switch|p2b: Nightmare|Hydreigon, L50, F, tera:Fire|90/100
|move|p2a: Oil Rig|Earthquake|p1a: Dragonite|[spread] p1b
|-immune|p2b: Nightmare|[from] ability: Levitate
|-immune|p1a: Dragonite
|-supereffective|p1b: Annihilape
|-damage|p1b: Annihilape|0 fnt
|faint|p1b: Annihilape
|
|-weather|Sandstorm|[upkeep]
|-damage|p2b: Nightmare|84/100|[from] Sandstorm
|-damage|p1a: Dragonite|94/100|[from] Sandstorm
|upkeep
|
|t:|1757739711
|switch|p1b: Gholdengo|Gholdengo, L50|100/100
|turn|4
|
|t:|1757739717
|move|p1b: Gholdengo|Protect|p1b: Gholdengo
|-singleturn|p1b: Gholdengo|Protect
|move|p2a: Oil Rig|Earthquake|p1b: Gholdengo|[spread] 
|-activate|p1b: Gholdengo|move: Protect
|-immune|p2b: Nightmare|[from] ability: Levitate
|-immune|p1a: Dragonite
|move|p2b: Nightmare|Draco Meteor|p1a: Dragonite
|-supereffective|p1a: Dragonite
|-damage|p1a: Dragonite|0 fnt
|-unboost|p2b: Nightmare|spa|2
|faint|p1a: Dragonite
|
|-weather|Sandstorm|[upkeep]
|-damage|p2b: Nightmare|78/100|[from] Sandstorm
|upkeep
|turn|5
|-message|exposniffer forfeited.
|raw|exposniffer's rating: 1058 → 1043(-15 for losing)
|raw|P!nkbearz07's rating: 1133 → 1153(+20 for winning)
|
|win|P!nkbearz07
