|j|ŌśåJackalope11
|j|Ōśågimwepaw
|html|Jackalope11gimwepaw    
|uhtml|bestof|Game 1 of a best-of-3
|t:|1783494170
|gametype|doubles
|player|p1|Jackalope11|169|
|player|p2|gimwepaw|169|
|gen|9
|tier|[Gen 9 Champions] VGC 2026 Reg M-B (Bo3)
|rule|Species Clause: Limit one of each Pok├®mon
|rule|Item Clause: Limit 1 of each item
|clearpoke
|poke|p1|Mawile, L50, M|
|poke|p1|Farigiraf, L50, M|
|poke|p1|Gallade, L50, M|
|poke|p1|Steelix, L50, M|
|poke|p1|Torkoal, L50, M|
|poke|p1|Vivillon-Fancy, L50, F|
|poke|p2|Charizard, L50, M|
|poke|p2|Tyranitar, L50, M|
|poke|p2|Milotic, L50, F|
|poke|p2|Incineroar, L50, M|
|poke|p2|Sinistcha-Masterpiece, L50|
|poke|p2|Sneasler, L50, F|
|teampreview|4
|showteam|p1|Mawile||Mawilite|Intimidate|SwordsDance,PlayRough,SuckerPunch,Protect|Brave||M|||50|]Farigiraf||SitrusBerry|ArmorTail|TrickRoom,TwinBeam,Thunderbolt,Protect|Bold||M|||50|]Gallade||ExpertBelt|Sharpness|SacredSword,LeafBlade,PsychoCut,Protect|Brave||M|||50|]Steelix||LifeOrb|SheerForce|WideGuard,Earthquake,RockSlide,HeavySlam|Brave||M|||50|]Torkoal||Charcoal|Drought|Eruption,WeatherBall,EarthPower,Protect|Quiet||M|||50|]Vivillon-Fancy||FocusSash|CompoundEyes|SleepPowder,Hurricane,RagePowder,Protect|Timid||F|||50|
|showteam|p2|Charizard||CharizarditeX|SolarPower|Protect,DragonDance,DragonClaw,FlareBlitz|Adamant||M|||50|]Tyranitar||Tyranitarite|SandStream|RockSlide,Crunch,StompingTantrum,Protect|Adamant||M|||50|]Milotic||Leftovers|Competitive|Coil,MuddyWater,Protect,Hypnosis|Calm||F|||50|]Incineroar||SitrusBerry|Intimidate|FakeOut,PartingShot,FlareBlitz,ThroatChop|Adamant||M|||50|]Sinistcha-Masterpiece||CobaBerry|Hospitality|MatchaGotcha,TrickRoom,LifeDew,RagePowder|Bold|||||50|]Sneasler||WhiteHerb|Unburden|DireClaw,FakeOut,CloseCombat,Coaching|Adamant||F|||50|
|c|Ōśågimwepaw|STEELIX
|c|Ōśågimwepaw|Yo
|c|Ōśågimwepaw|no peeking at teamsheet
|c|Ōśågimwepaw|Unless we doing open teamsheet
|c|ŌśåJackalope11|nah
|c|Ōśågimwepaw|ALR on my honor IŌĆÖm not perking
|c|Ōśågimwepaw|peeking
|inactive|Battle timer is ON: inactive players will automatically lose when time's up. (requested by gimwepaw)
|c|Ōśågimwepaw|CHOP CHOPPP
|
|t:|1783494234
|teamsize|p1|4
|teamsize|p2|4
|start
|switch|p1a: Gallade|Gallade, L50, M|100/100
|switch|p1b: Vivillon|Vivillon-Fancy, L50, F|100/100
|switch|p2a: Milotic|Milotic, L50, F|100/100
|switch|p2b: Sneasler|Sneasler, L50, F|100/100
|turn|1
|inactive|gimwepaw has 30 seconds left.
|
|t:|1783494263
|switch|p1b: Farigiraf|Farigiraf, L50, M|100/100
|move|p2b: Sneasler|Fake Out||[still]
|cant|p1b: Farigiraf|ability: Armor Tail|Fake Out|[of] p2b: Sneasler
|move|p2a: Milotic|Coil|p2a: Milotic
|-boost|p2a: Milotic|atk|1
|-boost|p2a: Milotic|def|1
|-boost|p2a: Milotic|accuracy|1
|move|p1a: Gallade|Leaf Blade|p2a: Milotic
|-supereffective|p2a: Milotic|1
|-damage|p2a: Milotic|24/100
|
|-heal|p2a: Milotic|30/100|[from] item: Leftovers
|upkeep
|turn|2
|c|ŌśåJackalope11|oldest trick in the book
|c|Ōśågimwepaw|Wait
|inactive|Jackalope11 has 30 seconds left.
|
|t:|1783494289
|move|p2b: Sneasler|Close Combat|p1b: Farigiraf
|-damage|p1b: Farigiraf|52/100
|-unboost|p2b: Sneasler|def|1
|-unboost|p2b: Sneasler|spd|1
|-enditem|p2b: Sneasler|White Herb
|-clearnegativeboost|p2b: Sneasler|[silent]
|move|p2a: Milotic|Muddy Water|p1a: Gallade|[spread] p1a,p1b
|-damage|p1a: Gallade|78/100
|-damage|p1b: Farigiraf|27/100
|-unboost|p1a: Gallade|accuracy|1
|-unboost|p1b: Farigiraf|accuracy|1
|-enditem|p1b: Farigiraf|Sitrus Berry|[eat]
|-heal|p1b: Farigiraf|52/100|[from] item: Sitrus Berry
|move|p1a: Gallade|Sacred Sword|p2a: Milotic
|-damage|p2a: Milotic|0 fnt
|faint|p2a: Milotic
|move|p1b: Farigiraf|Trick Room|p1b: Farigiraf
|-fieldstart|move: Trick Room|[of] p1b: Farigiraf
|
|upkeep
|c|Ōśågimwepaw|DUDE I CAN SEE UR STUFF
|c|Ōśågimwepaw|WHEN I HOVER UR POKEMO
|c|ŌśåJackalope11|ohh crap
|
|t:|1783494310
|switch|p2a: Tyranitar|Tyranitar, L50, M|100/100
|-weather|Sandstorm|[from] ability: Sand Stream|[of] p2a: Tyranitar
|turn|3
|c|ŌśåJackalope11|its ok ur chopped cheese anyway
|
|t:|1783494333
|move|p2a: Tyranitar|Protect|p2a: Tyranitar
|-singleturn|p2a: Tyranitar|Protect
|move|p1b: Farigiraf|Twin Beam|p2b: Sneasler|[miss]
|-miss|p1b: Farigiraf|p2b: Sneasler
|move|p1a: Gallade|Sacred Sword|p2a: Tyranitar
|-activate|p2a: Tyranitar|move: Protect
|move|p2b: Sneasler|Coaching|p2a: Tyranitar
|-boost|p2a: Tyranitar|atk|1
|-boost|p2a: Tyranitar|def|1
|
|-weather|Sandstorm|[upkeep]
|-damage|p1b: Farigiraf|46/100|[from] Sandstorm
|-damage|p1a: Gallade|73/100|[from] Sandstorm
|-damage|p2b: Sneasler|94/100|[from] Sandstorm
|upkeep
|turn|4
|c|ŌśåJackalope11|dude what the fuck
|c|ŌśåJackalope11|oh wait
|inactive|Jackalope11 has 30 seconds left.
|c|ŌśåJackalope11|i didnt see my acc is down
|
|t:|1783494364
|switch|p2b: Sinistcha|Sinistcha-Masterpiece, L50|100/100
|detailschange|p2a: Tyranitar|Tyranitar-Mega, L50, M
|-mega|p2a: Tyranitar|Tyranitar|Tyranitarite
|move|p1b: Farigiraf|Twin Beam|p2b: Sinistcha
|-damage|p2b: Sinistcha|83/100
|-damage|p2b: Sinistcha|67/100
|-hitcount|p2b: Sinistcha|2
|move|p1a: Gallade|Sacred Sword|p2a: Tyranitar
|-supereffective|p2a: Tyranitar|2
|-damage|p2a: Tyranitar|0 fnt
|faint|p2a: Tyranitar
|
|-weather|Sandstorm|[upkeep]
|-damage|p1b: Farigiraf|40/100|[from] Sandstorm
|-damage|p2b: Sinistcha|61/100|[from] Sandstorm
|-damage|p1a: Gallade|67/100|[from] Sandstorm
|upkeep
|c|ŌśåJackalope11|sacred ignores stat changes
|c|Ōśågimwepaw|I burgered
|c|Ōśågimwepaw|Yeah I KNOW
|c|Ōśågimwepaw|FUCK
|inactive|gimwepaw has 30 seconds left.
|inactive|gimwepaw has 20 seconds left.
|c|Ōśågimwepaw|Mega ttar made me faster than u
|c|ŌśåJackalope11|hey did u know gallade learns sacred sword
|
|t:|1783494403
|switch|p2a: Sneasler|Sneasler, L50, F|94/100
|turn|5
|c|ŌśåJackalope11|its a fighting move that ignores all stat changes
|
|t:|1783494426
|move|p2b: Sinistcha|Rage Powder|p2b: Sinistcha
|-singleturn|p2b: Sinistcha|move: Rage Powder
|move|p1b: Farigiraf|Twin Beam|p2b: Sinistcha
|-damage|p2b: Sinistcha|45/100
|-damage|p2b: Sinistcha|28/100
|-hitcount|p2b: Sinistcha|2
|move|p1a: Gallade|Psycho Cut|p2b: Sinistcha
|-damage|p2b: Sinistcha|0 fnt
|faint|p2b: Sinistcha
|move|p2a: Sneasler|Dire Claw|p1a: Gallade
|-damage|p1a: Gallade|6/100
|
|-weather|Sandstorm|[upkeep]
|-damage|p1b: Farigiraf|34/100|[from] Sandstorm
|-damage|p1a: Gallade|1/100|[from] Sandstorm
|-damage|p2a: Sneasler|88/100|[from] Sandstorm
|upkeep
|turn|6
|
|t:|1783494440
|move|p1b: Farigiraf|Twin Beam|p2a: Sneasler
|-supereffective|p2a: Sneasler|2
|-damage|p2a: Sneasler|3/100
|-supereffective|p2a: Sneasler|2
|-damage|p2a: Sneasler|0 fnt
|faint|p2a: Sneasler
|-hitcount|p2: Sneasler|2
|
|win|Jackalope11
|c|Ōśågimwepaw|Alright IŌĆÖm trying now
||Jackalope11 is ready for game 2.
|inactive|gimwepaw has 30 seconds to confirm battle start!
||gimwepaw is ready for game 2.
|uhtml|next|Next: Game 2 of 3
|l|Ōśågimwepaw
|player|p2|
