|j|☆Lightning015
|j|☆ArekkusuKage
|html|Lightning015ArekkusuKage    
|uhtml|bestof|Game 1 of a best-of-3
|t:|1785860333
|gametype|doubles
|player|p1|Lightning015|red|
|player|p2|ArekkusuKage|beni-ninja|
|gen|9
|tier|[Gen 9 Champions] VGC 2026 Reg M-B (Bo3)
|rule|Species Clause: Limit one of each Pokémon
|rule|Item Clause: Limit 1 of each item
|clearpoke
|poke|p1|Heliolisk, L50, M|
|poke|p1|Simipour, L50, F|
|poke|p1|Zoroark, L50, M|
|poke|p1|Runerigus, L50, M|
|poke|p1|Emboar, L50, M|
|poke|p1|Slowbro, L50, M|
|poke|p2|Tinkaton, L50, F|
|poke|p2|Toucannon, L50, M, shiny|
|poke|p2|Mr. Rime, L50, M, shiny|
|poke|p2|Runerigus, L50, M, shiny|
|poke|p2|Zoroark, L50, M|
|poke|p2|Garbodor, L50, M|
|teampreview|4
|showteam|p1|Heliolisk||LifeOrb|DrySkin|Thunderbolt,VoltSwitch,Surf,Protect|Timid||M|||50|]Simipour||MysticWater|Torrent|FakeOut,Liquidation,IcePunch,Protect|Jolly||F|||50|]Zoroark||ExpertBelt|Illusion|DarkPulse,Psychic,Flamethrower,Protect|Timid||M|||50|]Runerigus||Leftovers|WanderingSpirit|Earthquake,ShadowClaw,RockSlide,Protect|Brave||M|||50|]Emboar||Emboarite|Reckless|FlareBlitz,DrainPunch,KnockOff,Protect|Adamant||M|||50|]Slowbro||Slowbronite|Regenerator|Psychic,Surf,IceBeam,TrickRoom|Quiet||M|||50|
|showteam|p2|Tinkaton||ExpertBelt|MoldBreaker|GigatonHammer,PlayRough,RockSlide,IceHammer|Jolly||F|||50|]Toucannon||LifeOrb|SkillLink|BulletSeed,RockBlast,BeakBlast,Roost|Adamant||M|||50|]Mr. Rime||FocusSash|ScreenCleaner|Blizzard,LightScreen,Reflect,Thunderbolt|Modest||M|||50|]Runerigus||MuscleBand|WanderingSpirit|Earthquake,Facade,BodyPress,Poltergeist|Adamant||M|||50|]Zoroark||Leftovers|Illusion|KnockOff,SludgeBomb,Psychic,Uturn|Hasty||M|||50|]Garbodor||ShellBell|Stench|PainSplit,RockBlast,PoisonJab,StompingTantrum|Adamant||M|||50|
|
|t:|1785860357
|teamsize|p1|4
|teamsize|p2|4
|start
|switch|p1a: Борис|Emboar, L50, M|100/100
|switch|p1b: Медленный Бро|Slowbro, L50, M|100/100
|switch|p2a: Rumire|Mr. Rime, L50, M, shiny|100/100
|switch|p2b: Kinkie|Tinkaton, L50, F|100/100
|-ability|p2b: Kinkie|Mold Breaker
|turn|1
|
|t:|1785860389
|detailschange|p1a: Борис|Emboar-Mega, L50, M
|-mega|p1a: Борис|Emboar|Emboarite
|-ability|p1a: Борис|Mold Breaker
|move|p2b: Kinkie|Rock Slide|p1b: Медленный Бро|[spread] p1a,p1b
|-damage|p1a: Борис|86/100
|-damage|p1b: Медленный Бро|89/100
|cant|p1a: Борис|flinch
|move|p2a: Rumire|Light Screen|p2a: Rumire
|-sidestart|p2: ArekkusuKage|move: Light Screen
|move|p1b: Медленный Бро|Trick Room|p1b: Медленный Бро
|-fieldstart|move: Trick Room|[of] p1b: Медленный Бро
|
|upkeep
|turn|2
|c|☆ArekkusuKage|Ага меги значи  ращрегены
|
|t:|1785860421
|-heal|p1b: Медленный Бро|100/100|[from] ability: Regenerator|[silent]
|switch|p1b: Паззл|Runerigus, L50, M|100/100
|move|p2a: Rumire|Thunderbolt|p1b: Паззл
|-immune|p1b: Паззл
|move|p1a: Борис|Flare Blitz|p2a: Rumire
|-supereffective|p2a: Rumire|1
|-enditem|p2a: Rumire|Focus Sash
|-damage|p2a: Rumire|1/100
|-damage|p1a: Борис|58/100|[from] Recoil
|move|p2b: Kinkie|Rock Slide|p1b: Паззл|[spread] p1a,p1b
|-resisted|p1b: Паззл|1
|-crit|p1b: Паззл
|-damage|p1a: Борис|45/100
|-damage|p1b: Паззл|92/100
|
|-heal|p1b: Паззл|98/100|[from] item: Leftovers
|upkeep
|turn|3
|c|☆Lightning015|Да
|
|t:|1785860458
|move|p1b: Паззл|Rock Slide|p2a: Rumire|[spread] p2a,p2b
|-supereffective|p2a: Rumire|1
|-resisted|p2b: Kinkie|1
|-damage|p2a: Rumire|0 fnt
|-damage|p2b: Kinkie|88/100
|faint|p2a: Rumire
|move|p1a: Борис|Flare Blitz|p2b: Kinkie
|-supereffective|p2b: Kinkie|1
|-damage|p2b: Kinkie|0 fnt
|faint|p2b: Kinkie
|-damage|p1a: Борис|23/100|[from] Recoil
|
|-heal|p1b: Паззл|100/100|[from] item: Leftovers
|upkeep
|
|t:|1785860476
|switch|p2a: Garbag|Garbodor, L50, M|100/100
|switch|p2b: Garbag|Garbodor, L50, M|100/100
|turn|4
|
|t:|1785860496
|move|p1a: Борис|Protect|p1a: Борис
|-singleturn|p1a: Борис|Protect
|move|p1b: Паззл|Earthquake|p2b: Garbag|[spread] p2a,p2b
|-activate|p1a: Борис|move: Protect
|-supereffective|p2b: Garbag|1
|-damage|p2a: Garbag|24/100
|-damage|p2b: Garbag|21/100
|replace|p2a: Foxiand|Zoroark, L50, M
|-end|p2a: Foxiand|Illusion
|move|p2b: Garbag|Stomping Tantrum|p1a: Борис
|-activate|p1a: Борис|move: Protect
|move|p2a: Foxiand|Knock Off|p1b: Паззл
|-supereffective|p1b: Паззл|1
|-damage|p1b: Паззл|45/100
|-enditem|p1b: Паззл|Leftovers|[from] move: Knock Off|[of] p2a: Foxiand
|
|-heal|p2a: Foxiand|30/100|[from] item: Leftovers
|upkeep
|turn|5
|
|t:|1785860518
|move|p1b: Паззл|Shadow Claw|p2b: Garbag
|-damage|p2b: Garbag|0 fnt
|faint|p2b: Garbag
|move|p1a: Борис|Drain Punch|p2a: Foxiand
|-supereffective|p2a: Foxiand|1
|-damage|p2a: Foxiand|0 fnt
|-heal|p1a: Борис|33/100|[from] drain|[of] p2a: Foxiand
|faint|p2a: Foxiand
|
|win|Lightning015
||Lightning015 is ready for game 2.
||ArekkusuKage is ready for game 2.
|uhtml|next|Next: Game 2 of 3
