|j|☆zombie wan kenobi
|j|☆pressinblades
|html|zombie wan kenobipressinblades    
|uhtml|bestof|Game 1 of a best-of-3
|t:|1782571349
|gametype|doubles
|player|p1|zombie wan kenobi|102|1076
|player|p2|pressinblades|steven|1157
|gen|9
|tier|[Gen 9 Champions] VGC 2026 Reg M-B (Bo3)
|rated|
|rule|Species Clause: Limit one of each Pokémon
|rule|Item Clause: Limit 1 of each item
|clearpoke
|poke|p1|Tyranitar, L50, F|
|poke|p1|Steelix, L50, M|
|poke|p1|Sinistcha, L50|
|poke|p1|Swampert, L50, F|
|poke|p1|Pelipper, L50, M|
|poke|p1|Incineroar, L50, M|
|poke|p2|Talonflame, L50, M|
|poke|p2|Maushold, L50|
|poke|p2|Gardevoir, L50, F, shiny|
|poke|p2|Hydreigon, L50, M|
|poke|p2|Metagross, L50|
|poke|p2|Garchomp, L50, F, shiny|
|teampreview|4
|showteam|p1|Tyranitar||LifeOrb|SandStream|RockSlide,KnockOff,Protect,IcePunch|Jolly||F|||50|]Steelix||Steelixite|Sturdy|HeavySlam,HighHorsepower,BodyPress,Protect|Brave||M|||50|]Sinistcha||KasibBerry|Hospitality|RagePowder,MatchaGotcha,LifeDew,TrickRoom|Bold|||||50|]Swampert||Swampertite|Torrent|IcePunch,WaveCrash,Protect,Earthquake|Adamant||F|||50|]Pelipper||FocusSash|Drizzle|Hurricane,Tailwind,WideGuard,WeatherBall|Modest||M|||50|]Incineroar||SitrusBerry|Intimidate|FakeOut,FlareBlitz,DarkestLariat,Protect|Careful||M|||50|
|showteam|p2|Talonflame||LifeOrb|GaleWings|Protect,DualWingbeat,Tailwind,Overheat|Naive||M|||50|]Maushold||FocusSash|FriendGuard|Protect,SuperFang,PopulationBomb,FollowMe|Adamant|||||50|]Gardevoir||Gardevoirite|Telepathy|Protect,TrickRoom,HyperVoice,Psychic|Modest||F|||50|]Hydreigon||ChoiceScarf|Levitate|DracoMeteor,DarkPulse,Snarl,FlashCannon|Modest||M|||50|]Metagross||Metagrossite|ClearBody|Protect,MeteorMash,PsychicFangs,BulletPunch|Adamant|||||50|]Garchomp||ExpertBelt|RoughSkin|Protect,RockSlide,Earthquake,DragonClaw|Adamant||F|||50|
|inactive|Battle timer is ON: inactive players will automatically lose when time's up. (requested by zombie wan kenobi)
|
|t:|1782571432
|teamsize|p1|4
|teamsize|p2|4
|start
|switch|p1a: Tyranitar|Tyranitar, L50, F|100/100
|switch|p1b: Incineroar|Incineroar, L50, M|100/100
|switch|p2a: Maushold|Maushold, L50|100/100
|switch|p2b: Gardevoir|Gardevoir, L50, F, shiny|100/100
|-weather|Sandstorm|[from] ability: Sand Stream|[of] p1a: Tyranitar
|-ability|p1b: Incineroar|Intimidate|boost
|-unboost|p2a: Maushold|atk|1
|-unboost|p2b: Gardevoir|atk|1
|turn|1
|inactive|zombie wan kenobi has 30 seconds left.
|
|t:|1782571457
|switch|p2b: Metagross|Metagross, L50|100/100
|move|p2a: Maushold|Protect|p2a: Maushold
|-singleturn|p2a: Maushold|Protect
|move|p1b: Incineroar|Fake Out|p2b: Metagross
|-resisted|p2b: Metagross|1
|-damage|p2b: Metagross|96/100
|move|p1a: Tyranitar|Rock Slide|p2a: Maushold|[spread] p2b
|-activate|p2a: Maushold|move: Protect
|-resisted|p2b: Metagross|1
|-damage|p2b: Metagross|86/100
|-damage|p1a: Tyranitar|90/100|[from] item: Life Orb
|
|-weather|Sandstorm|[upkeep]
|-damage|p2a: Maushold|94/100|[from] Sandstorm
|-damage|p1b: Incineroar|94/100|[from] Sandstorm
|upkeep
|turn|2
|inactive|pressinblades has 30 seconds left.
|
|t:|1782571492
|switch|p2a: Hydreigon|Hydreigon, L50, M|100/100
|switch|p1b: Steelix|Steelix, L50, M|100/100
|detailschange|p2b: Metagross|Metagross-Mega, L50
|-mega|p2b: Metagross|Metagross|Metagrossite
|move|p1a: Tyranitar|Protect|p1a: Tyranitar
|-singleturn|p1a: Tyranitar|Protect
|move|p2b: Metagross|Meteor Mash|p1a: Tyranitar
|-activate|p1a: Tyranitar|move: Protect
|
|-weather|Sandstorm|[upkeep]
|-damage|p2a: Hydreigon|94/100|[from] Sandstorm
|upkeep
|turn|3
|inactive|zombie wan kenobi has 30 seconds left.
|
|t:|1782571522
|switch|p1a: Incineroar|Incineroar, L50, M|94/100
|-ability|p1a: Incineroar|Intimidate|boost
|-unboost|p2a: Hydreigon|atk|1
|-unboost|p2b: Metagross|atk|1
|detailschange|p1b: Steelix|Steelix-Mega, L50, M
|-mega|p1b: Steelix|Steelix|Steelixite
|move|p2a: Hydreigon|Dark Pulse|p1b: Steelix
|-damage|p1b: Steelix|52/100
|move|p2b: Metagross|Meteor Mash|p1a: Incineroar
|-resisted|p1a: Incineroar|1
|-damage|p1a: Incineroar|71/100
|cant|p1b: Steelix|flinch
|
|-weather|Sandstorm|[upkeep]
|-damage|p2a: Hydreigon|88/100|[from] Sandstorm
|-damage|p1a: Incineroar|65/100|[from] Sandstorm
|upkeep
|turn|4
|
|t:|1782571544
|move|p1a: Incineroar|Fake Out|p2a: Hydreigon
|-damage|p2a: Hydreigon|73/100
|cant|p2a: Hydreigon|flinch
|move|p2b: Metagross|Meteor Mash|p1a: Incineroar
|-resisted|p1a: Incineroar|1
|-damage|p1a: Incineroar|44/100
|-enditem|p1a: Incineroar|Sitrus Berry|[eat]
|-heal|p1a: Incineroar|69/100|[from] item: Sitrus Berry
|move|p1b: Steelix|High Horsepower|p2b: Metagross
|-supereffective|p2b: Metagross|1
|-damage|p2b: Metagross|1/100
|
|-weather|Sandstorm|[upkeep]
|-damage|p2a: Hydreigon|67/100|[from] Sandstorm
|-damage|p1a: Incineroar|63/100|[from] Sandstorm
|upkeep
|turn|5
|
|t:|1782571562
|switch|p1a: Sinistcha|Sinistcha, L50|100/100
|-heal|p1b: Steelix|76/100|[from] ability: Hospitality|[of] p1a: Sinistcha
|move|p1b: Steelix|Protect|p1b: Steelix
|-singleturn|p1b: Steelix|Protect
|move|p2b: Metagross|Bullet Punch|p1b: Steelix
|-activate|p1b: Steelix|move: Protect
|move|p2a: Hydreigon|Dark Pulse|p1b: Steelix
|-activate|p1b: Steelix|move: Protect
|
|-weather|none
|upkeep
|turn|6
|
|t:|1782571579
|switch|p1a: Incineroar|Incineroar, L50, M|63/100
|-ability|p1a: Incineroar|Intimidate|boost
|-unboost|p2a: Hydreigon|atk|1
|-unboost|p2b: Metagross|atk|1
|move|p2b: Metagross|Bullet Punch|p1b: Steelix
|-resisted|p1b: Steelix|1
|-damage|p1b: Steelix|73/100
|move|p2a: Hydreigon|Dark Pulse|p1b: Steelix
|-damage|p1b: Steelix|25/100
|move|p1b: Steelix|Body Press|p2a: Hydreigon
|-supereffective|p2a: Hydreigon|1
|-damage|p2a: Hydreigon|0 fnt
|faint|p2a: Hydreigon
|
|upkeep
|inactive|pressinblades has 30 seconds left.
|
|t:|1782571605
|switch|p2a: Maushold|Maushold, L50|94/100
|turn|7
|
|t:|1782571615
|switch|p2b: Gardevoir|Gardevoir, L50, F, shiny|100/100
|move|p2a: Maushold|Protect|p2a: Maushold
|-singleturn|p2a: Maushold|Protect
|move|p1a: Incineroar|Fake Out|p2b: Gardevoir
|-crit|p2b: Gardevoir
|-damage|p2b: Gardevoir|84/100
|move|p1b: Steelix|Body Press|p2a: Maushold
|-activate|p2a: Maushold|move: Protect
|
|upkeep
|turn|8
|
|t:|1782571632
|switch|p1a: Sinistcha|Sinistcha, L50|100/100
|-heal|p1b: Steelix|50/100g|[from] ability: Hospitality|[of] p1a: Sinistcha
|switch|p1b: Tyranitar|Tyranitar, L50, F|90/100
|-weather|Sandstorm|[from] ability: Sand Stream|[of] p1b: Tyranitar
|move|p2a: Maushold|Population Bomb|p1a: Sinistcha
|-immune|p1a: Sinistcha
|move|p2b: Gardevoir|Hyper Voice|p1b: Tyranitar|[spread] p1b
|-immune|p1a: Sinistcha
|-resisted|p1b: Tyranitar|1
|-damage|p1b: Tyranitar|83/100
|
|-weather|Sandstorm|[upkeep]
|-damage|p2a: Maushold|88/100|[from] Sandstorm
|-damage|p2b: Gardevoir|78/100|[from] Sandstorm
|-damage|p1a: Sinistcha|93/100|[from] Sandstorm
|upkeep
|turn|9
|inactive|zombie wan kenobi has 30 seconds left.
|
|t:|1782571664
|move|p2a: Maushold|Protect|p2a: Maushold
|-singleturn|p2a: Maushold|Protect
|move|p1b: Tyranitar|Knock Off|p2b: Gardevoir
|-damage|p2b: Gardevoir|32/100
|-damage|p1b: Tyranitar|73/100|[from] item: Life Orb
|move|p2b: Gardevoir|Psychic|p1a: Sinistcha
|-damage|p1a: Sinistcha|43/100
|move|p1a: Sinistcha|Trick Room|p1a: Sinistcha
|-fieldstart|move: Trick Room|[of] p1a: Sinistcha
|
|-weather|Sandstorm|[upkeep]
|-damage|p1a: Sinistcha|37/100|[from] Sandstorm
|-damage|p2b: Gardevoir|27/100|[from] Sandstorm
|-damage|p2a: Maushold|82/100|[from] Sandstorm
|upkeep
|turn|10
|inactive|zombie wan kenobi has 30 seconds left.
|
|t:|1782571690
|move|p2a: Maushold|Follow Me|p2a: Maushold
|-singleturn|p2a: Maushold|move: Follow Me
|move|p1a: Sinistcha|Life Dew|p1a: Sinistcha|[spread] p1a,p1b
|-heal|p1a: Sinistcha|62/100
|-heal|p1b: Tyranitar|98/100
|move|p2b: Gardevoir|Psychic|p1a: Sinistcha
|-damage|p1a: Sinistcha|14/100
|move|p1b: Tyranitar|Rock Slide|p2b: Gardevoir|[spread] p2a,p2b
|-damage|p2a: Maushold|27/100
|-damage|p2b: Gardevoir|0 fnt
|faint|p2b: Gardevoir
|-damage|p1b: Tyranitar|88/100|[from] item: Life Orb
|
|-weather|Sandstorm|[upkeep]
|-damage|p1a: Sinistcha|8/100|[from] Sandstorm
|-damage|p2a: Maushold|21/100|[from] Sandstorm
|upkeep
|
|t:|1782571704
|switch|p2b: Metagross|Metagross-Mega, L50|1/100
|turn|11
|
|t:|1782571711
|switch|p1a: Incineroar|Incineroar, L50, M|63/100
|-ability|p1a: Incineroar|Intimidate|boost
|-unboost|p2a: Maushold|atk|1
|-unboost|p2b: Metagross|atk|1
|move|p2b: Metagross|Protect|p2b: Metagross
|-singleturn|p2b: Metagross|Protect
|move|p2a: Maushold|Protect|p2a: Maushold
|-singleturn|p2a: Maushold|Protect
|move|p1b: Tyranitar|Rock Slide|p2b: Metagross|[spread] 
|-activate|p2a: Maushold|move: Protect
|-activate|p2b: Metagross|move: Protect
|
|-weather|Sandstorm|[upkeep]
|-damage|p1a: Incineroar|57/100|[from] Sandstorm
|-damage|p2a: Maushold|15/100|[from] Sandstorm
|upkeep
|turn|12
|-message|pressinblades forfeited.
|
|win|zombie wan kenobi
|l|☆pressinblades
|player|p2|
||pressinblades is ready for game 2.
||zombie wan kenobi is ready for game 2.
|uhtml|next|Next: Game 2 of 3
