|j|☆Astonished25
|j|☆Nacos
|html|Astonished25Nacos    
|uhtml|bestof|Game 2 of a best-of-3
|t:|1757731302
|gametype|doubles
|player|p1|Astonished25|101|1267
|player|p2|Nacos|2|1239
|gen|9
|tier|[Gen 9] VGC 2025 Reg H (Bo3)
|rated|
|rule|Species Clause: Limit one of each Pokémon
|rule|Item Clause: Limit 1 of each item
|clearpoke
|poke|p1|Gholdengo, L50|
|poke|p1|Magmar, L50, M|
|poke|p1|Dragonite, L50, F|
|poke|p1|Rillaboom, L50, M|
|poke|p1|Annihilape, L50, M|
|poke|p1|Sneasler, L50, M|
|poke|p2|Pelipper, L50, M|
|poke|p2|Archaludon, L50, F|
|poke|p2|Basculegion, L50, M|
|poke|p2|Gholdengo, L50|
|poke|p2|Incineroar, L50, F|
|poke|p2|Rillaboom, L50, F|
|teampreview|4
|showteam|p1|Gholdengo||LifeOrb|GoodasGold|Protect,NastyPlot,MakeItRain,ShadowBall||||||50|,,,,,Water]Magmar||Eviolite|VitalSpirit|Taunt,WillOWisp,FollowMe,BurningJealousy|||M|||50|,,,,,Ghost]Dragonite||LoadedDice|Multiscale|Protect,Haze,Tailwind,ScaleShot|||F|||50|,,,,,Fairy]Rillaboom||AssaultVest|GrassySurge|FakeOut,GrassyGlide,WoodHammer,HighHorsepower|||M|||50|,,,,,Fire]Annihilape||SafetyGoggles|Defiant|Protect,BulkUp,RageFist,DrainPunch|||M|||50|,,,,,Steel]Sneasler||GrassySeed|Unburden|CloseCombat,Coaching,DireClaw,Protect|||M|||50|,,,,,Stellar
|showteam|p2|Pelipper||FocusSash|Drizzle|Tailwind,Protect,WeatherBall,Hurricane|||M|||50|,,,,,Steel]Archaludon||AssaultVest|Stamina|ElectroShot,DracoMeteor,FlashCannon,BodyPress|||F|||50|,,,,,Grass]Basculegion||ChoiceBand|SwiftSwim|WaveCrash,LastRespects,FlipTurn,AquaJet|||M|||50|,,,,,Water]Gholdengo||LifeOrb|GoodasGold|MakeItRain,ShadowBall,NastyPlot,Protect||||||50|,,,,,Dragon]Incineroar||SafetyGoggles|Intimidate|FakeOut,KnockOff,Taunt,PartingShot|||F|||50|,,,,,Water]Rillaboom||MiracleSeed|GrassySurge|FakeOut,GrassyGlide,Uturn,WoodHammer|||F|||50|,,,,,Fire
|inactive|Battle timer is ON: inactive players will automatically lose when time's up. (requested by Astonished25)
|
|t:|1757731308
|teamsize|p1|4
|teamsize|p2|4
|start
|switch|p1a: Rillaboom|Rillaboom, L50, M|100/100
|switch|p1b: Sneasler|Sneasler, L50, M|100/100
|switch|p2a: Archaludon|Archaludon, L50, F|100/100
|switch|p2b: Basculegion|Basculegion, L50, M|100/100
|-fieldstart|move: Grassy Terrain|[from] ability: Grassy Surge|[of] p1a: Rillaboom
|-enditem|p1b: Sneasler|Grassy Seed
|-boost|p1b: Sneasler|def|1|[from] item: Grassy Seed
|turn|1
|
|t:|1757731332
|switch|p2b: Pelipper|Pelipper, L50, M|100/100
|-weather|RainDance|[from] ability: Drizzle|[of] p2b: Pelipper
|switch|p1a: Dragonite|Dragonite, L50, F|100/100
|-terastallize|p2a: Archaludon|Grass
|move|p1b: Sneasler|Coaching|p1a: Dragonite
|-boost|p1a: Dragonite|atk|1
|-boost|p1a: Dragonite|def|1
|move|p2a: Archaludon|Electro Shot||[still]
|-prepare|p2a: Archaludon|Electro Shot
|-boost|p2a: Archaludon|spa|1
|-anim|p2a: Archaludon|Electro Shot|p1b: Sneasler
|-damage|p1b: Sneasler|5/100
|
|-weather|RainDance|[upkeep]
|-heal|p1b: Sneasler|12/100|[from] Grassy Terrain
|upkeep
|turn|2
|
|t:|1757731351
|switch|p2b: Incineroar|Incineroar, L50, F|100/100
|-ability|p2b: Incineroar|Intimidate|boost
|-unboost|p1a: Dragonite|atk|1
|-unboost|p1b: Sneasler|atk|1
|move|p1b: Sneasler|Dire Claw|p2a: Archaludon
|-supereffective|p2a: Archaludon
|-damage|p2a: Archaludon|61/100
|-status|p2a: Archaludon|slp
|-ability|p2a: Archaludon|Stamina|boost
|-boost|p2a: Archaludon|def|1
|move|p1a: Dragonite|Scale Shot|p2b: Incineroar
|-damage|p2b: Incineroar|87/100
|-damage|p2b: Incineroar|73/100
|-damage|p2b: Incineroar|61/100
|-crit|p2b: Incineroar
|-damage|p2b: Incineroar|44/100
|-damage|p2b: Incineroar|30/100
|-hitcount|p2b: Incineroar|5
|-unboost|p1a: Dragonite|def|1
|-boost|p1a: Dragonite|spe|1
|cant|p2a: Archaludon|slp
|
|-weather|RainDance|[upkeep]
|-heal|p1b: Sneasler|18/100|[from] Grassy Terrain
|-heal|p2a: Archaludon|67/100 slp|[from] Grassy Terrain
|-heal|p2b: Incineroar|36/100|[from] Grassy Terrain
|upkeep
|turn|3
|
|t:|1757731365
|move|p2b: Incineroar|Fake Out|p1a: Dragonite
|-crit|p1a: Dragonite
|-damage|p1a: Dragonite|90/100
|move|p1b: Sneasler|Coaching|p1a: Dragonite
|-boost|p1a: Dragonite|atk|1
|-boost|p1a: Dragonite|def|1
|cant|p1a: Dragonite|flinch
|-curestatus|p2a: Archaludon|slp|[msg]
|move|p2a: Archaludon|Electro Shot||[still]
|-prepare|p2a: Archaludon|Electro Shot
|-boost|p2a: Archaludon|spa|1
|-anim|p2a: Archaludon|Electro Shot|p1b: Sneasler
|-damage|p1b: Sneasler|0 fnt
|faint|p1b: Sneasler
|
|-weather|RainDance|[upkeep]
|-heal|p2a: Archaludon|73/100|[from] Grassy Terrain
|-heal|p2b: Incineroar|42/100|[from] Grassy Terrain
|upkeep
|
|t:|1757731378
|switch|p1b: Rillaboom|Rillaboom, L50, M|100/100
|turn|4
|
|t:|1757731385
|switch|p2b: Pelipper|Pelipper, L50, M|100/100
|move|p1b: Rillaboom|Fake Out|p2a: Archaludon
|-damage|p2a: Archaludon|65/100
|-ability|p2a: Archaludon|Stamina|boost
|-boost|p2a: Archaludon|def|1
|move|p1a: Dragonite|Scale Shot|p2b: Pelipper
|-damage|p2b: Pelipper|76/100
|-damage|p2b: Pelipper|52/100
|-damage|p2b: Pelipper|27/100
|-damage|p2b: Pelipper|2/100
|-hitcount|p2b: Pelipper|4
|-unboost|p1a: Dragonite|def|1
|-boost|p1a: Dragonite|spe|1
|cant|p2a: Archaludon|flinch
|
|-weather|RainDance|[upkeep]
|-heal|p2a: Archaludon|71/100|[from] Grassy Terrain
|upkeep
|turn|5
|
|t:|1757731407
|switch|p2b: Incineroar|Incineroar, L50, F|42/100
|-ability|p2b: Incineroar|Intimidate|boost
|-unboost|p1a: Dragonite|atk|1
|-unboost|p1b: Rillaboom|atk|1
|switch|p1b: Gholdengo|Gholdengo, L50|100/100
|-terastallize|p1a: Dragonite|Fairy
|move|p1a: Dragonite|Scale Shot|p2b: Incineroar|[miss]
|-miss|p1a: Dragonite|p2b: Incineroar
|move|p2a: Archaludon|Draco Meteor|p1a: Dragonite
|-immune|p1a: Dragonite
|
|-weather|none
|-heal|p1a: Dragonite|96/100|[from] Grassy Terrain
|-heal|p2a: Archaludon|77/100|[from] Grassy Terrain
|-heal|p2b: Incineroar|48/100|[from] Grassy Terrain
|-fieldend|move: Grassy Terrain
|upkeep
|turn|6
|
|t:|1757731423
|move|p1a: Dragonite|Protect|p1a: Dragonite
|-singleturn|p1a: Dragonite|Protect
|move|p1b: Gholdengo|Protect|p1b: Gholdengo
|-singleturn|p1b: Gholdengo|Protect
|move|p2a: Archaludon|Flash Cannon|p1a: Dragonite
|-activate|p1a: Dragonite|move: Protect
|move|p2b: Incineroar|Knock Off|p1b: Gholdengo
|-activate|p1b: Gholdengo|move: Protect
|
|upkeep
|turn|7
|
|t:|1757731437
|move|p1a: Dragonite|Scale Shot|p2b: Incineroar
|-damage|p2b: Incineroar|35/100
|-damage|p2b: Incineroar|21/100
|-damage|p2b: Incineroar|9/100
|-damage|p2b: Incineroar|0 fnt
|faint|p2b: Incineroar
|-hitcount|p2: Incineroar|4
|-unboost|p1a: Dragonite|def|1
|-boost|p1a: Dragonite|spe|1
|move|p1b: Gholdengo|Nasty Plot|p1b: Gholdengo
|-boost|p1b: Gholdengo|spa|2
|move|p2a: Archaludon|Flash Cannon|p1a: Dragonite
|-supereffective|p1a: Dragonite
|-crit|p1a: Dragonite
|-damage|p1a: Dragonite|0 fnt
|faint|p1a: Dragonite
|
|upkeep
|
|t:|1757731443
|switch|p1a: Rillaboom|Rillaboom, L50, M|100/100
|switch|p2b: Pelipper|Pelipper, L50, M|2/100
|-weather|RainDance|[from] ability: Drizzle|[of] p2b: Pelipper
|-fieldstart|move: Grassy Terrain|[from] ability: Grassy Surge|[of] p1a: Rillaboom
|turn|8
|
|t:|1757731455
|move|p2b: Pelipper|Protect|p2b: Pelipper
|-singleturn|p2b: Pelipper|Protect
|move|p1a: Rillaboom|Fake Out|p2a: Archaludon
|-damage|p2a: Archaludon|72/100
|-ability|p2a: Archaludon|Stamina|boost
|-boost|p2a: Archaludon|def|1
|move|p1b: Gholdengo|Shadow Ball|p2a: Archaludon
|-damage|p2a: Archaludon|0 fnt
|faint|p2a: Archaludon
|-damage|p1b: Gholdengo|91/100|[from] item: Life Orb
|
|-weather|RainDance|[upkeep]
|-heal|p1b: Gholdengo|97/100|[from] Grassy Terrain
|upkeep
|
|t:|1757731459
|switch|p2a: Basculegion|Basculegion, L50, M|100/100
|turn|9
|
|t:|1757731475
|move|p2a: Basculegion|Last Respects|p1b: Gholdengo
|-supereffective|p1b: Gholdengo
|-damage|p1b: Gholdengo|0 fnt
|faint|p1b: Gholdengo
|move|p2b: Pelipper|Hurricane|p1a: Rillaboom
|-supereffective|p1a: Rillaboom
|-damage|p1a: Rillaboom|29/100
|move|p1a: Rillaboom|Wood Hammer|p2a: Basculegion
|-supereffective|p2a: Basculegion
|-damage|p2a: Basculegion|0 fnt
|faint|p2a: Basculegion
|-damage|p1a: Rillaboom|0 fnt|[from] Recoil
|faint|p1a: Rillaboom
|
|win|Nacos
|raw|Astonished25's rating: 1267 → 1240(-27 for losing)
|raw|Nacos's rating: 1239 → 1266(+27 for winning)
