|j|☆viatles
|j|☆tacoman007
|html|viatlestacoman007    
|uhtml|bestof|Game 2 of a best-of-3
|t:|1784060600
|gametype|doubles
|player|p1|viatles|hiker|1099
|player|p2|tacoman007|2|1048
|gen|9
|tier|[Gen 9 Champions] VGC 2026 Reg M-B (Bo3)
|rated|
|rule|Species Clause: Limit one of each Pokémon
|rule|Item Clause: Limit 1 of each item
|clearpoke
|poke|p1|Beedrill, L50, F, shiny|
|poke|p1|Milotic, L50, M, shiny|
|poke|p1|Ceruledge, L50, F|
|poke|p1|Sinistcha, L50|
|poke|p1|Hydreigon, L50, F|
|poke|p1|Meowscarada, L50, F|
|poke|p2|Drampa, L50, M|
|poke|p2|Mawile, L50, F|
|poke|p2|Rotom-Heat, L50|
|poke|p2|Milotic, L50, M|
|poke|p2|Mudsdale, L50, F|
|poke|p2|Sinistcha-Masterpiece, L50|
|teampreview|4
|showteam|p1|Beedrill||Beedrillite|Swarm|Uturn,DrillRun,PoisonJab,Protect|Jolly||F|||50|]Milotic||Leftovers|Competitive|IcyWind,Scald,Protect,LifeDew|Bold||M|||50|]Ceruledge||ColburBerry|FlashFire|Protect,BitterBlade,BulkUp,ShadowSneak|Adamant||F|||50|]Sinistcha||SitrusBerry|Hospitality|MatchaGotcha,RagePowder,Imprison,TrickRoom|Bold|||||50|]Hydreigon||ChoiceScarf|Levitate|DracoMeteor,DarkPulse,HeatWave,EarthPower|Modest||F|||50|]Meowscarada||FocusSash|Overgrow|TripleAxel,KnockOff,FlowerTrick,Protect|Jolly||F|||50|
|showteam|p2|Drampa||SitrusBerry|CloudNine|DracoMeteor,EarthPower,Glare,Protect|Modest||M|||50|]Mawile||Mawilite|HyperCutter|PlayRough,IronHead,SuckerPunch,Protect|Adamant||F|||50|]Rotom-Heat||ChoiceScarf|Levitate|Overheat,Electroweb,VoltSwitch,Trick|Timid|||||50|]Milotic||LifeOrb|Competitive|Scald,IcyWind,Recover,Protect|Modest||M|||50|]Mudsdale||Leftovers|Stamina|HighHorsepower,BodyPress,StoneEdge,Protect|Brave||F|||50|]Sinistcha-Masterpiece||KasibBerry|Hospitality|RagePowder,ShadowBall,TrickRoom,Protect|Modest|||||50|
|inactive|Battle timer is ON: inactive players will automatically lose when time's up. (requested by viatles)
|
|t:|1784060626
|teamsize|p1|4
|teamsize|p2|4
|start
|switch|p1a: Hydreigon|Hydreigon, L50, F|100/100
|switch|p1b: Malsumas|Beedrill, L50, F, shiny|100/100
|switch|p2a: Milotic|Milotic, L50, M|100/100
|switch|p2b: Rotom|Rotom-Heat, L50|100/100
|turn|1
|inactive|tacoman007 has 30 seconds left.
|
|t:|1784060657
|switch|p2b: Mawile|Mawile, L50, F|100/100
|detailschange|p1b: Malsumas|Beedrill-Mega, L50, F, shiny
|-mega|p1b: Malsumas|Beedrill|Beedrillite
|move|p1b: Malsumas|Protect|p1b: Malsumas
|-singleturn|p1b: Malsumas|Protect
|move|p1a: Hydreigon|Dark Pulse|p2b: Mawile
|-resisted|p2b: Mawile|1
|-damage|p2b: Mawile|59/100
|move|p2a: Milotic|Icy Wind|p1b: Malsumas|[spread] p1a
|-activate|p1b: Malsumas|move: Protect
|-supereffective|p1a: Hydreigon|1
|-damage|p1a: Hydreigon|63/100
|-unboost|p1a: Hydreigon|spe|1
|-damage|p2a: Milotic|90/100|[from] item: Life Orb
|
|upkeep
|turn|2
|inactive|tacoman007 has 30 seconds left.
|inactive|tacoman007 has 20 seconds left.
|
|t:|1784060695
|switch|p1a: Sinistcha|Sinistcha, L50|100/100
|detailschange|p2b: Mawile|Mawile-Mega, L50, F
|-mega|p2b: Mawile|Mawile|Mawilite
|move|p2b: Mawile|Sucker Punch|p1b: Malsumas
|-damage|p1b: Malsumas|3/100
|move|p1b: Malsumas|U-turn|p2a: Milotic
|-damage|p2a: Milotic|31/100
|
|t:|1784060709
|switch|p1b: Hydreigon|Hydreigon, L50, F|63/100|[from] U-turn
|move|p2a: Milotic|Icy Wind|p1b: Hydreigon|[spread] p1a,p1b
|-supereffective|p1a: Sinistcha|1
|-supereffective|p1b: Hydreigon|1
|-damage|p1a: Sinistcha|69/100
|-damage|p1b: Hydreigon|23/100
|-unboost|p1a: Sinistcha|spe|1
|-unboost|p1b: Hydreigon|spe|1
|-damage|p2a: Milotic|21/100|[from] item: Life Orb
|
|upkeep
|turn|3
|inactive|tacoman007 has 30 seconds left.
|inactive|tacoman007 has 20 seconds left.
|
|t:|1784060745
|move|p1a: Sinistcha|Rage Powder|p1a: Sinistcha
|-singleturn|p1a: Sinistcha|move: Rage Powder
|move|p2b: Mawile|Sucker Punch||[still]
|-fail|p2b: Mawile
|move|p1b: Hydreigon|Heat Wave|p2b: Mawile|[spread] p2a,p2b
|-resisted|p2a: Milotic|1
|-supereffective|p2b: Mawile|1
|-damage|p2a: Milotic|12/100
|-damage|p2b: Mawile|1/100
|move|p2a: Milotic|Recover|p2a: Milotic
|-heal|p2a: Milotic|62/100
|
|upkeep
|turn|4
|inactive|tacoman007 has 30 seconds left.
|
|t:|1784060772
|switch|p2b: Rotom|Rotom-Heat, L50|100/100
|move|p1a: Sinistcha|Rage Powder|p1a: Sinistcha
|-singleturn|p1a: Sinistcha|move: Rage Powder
|move|p1b: Hydreigon|Heat Wave|p2b: Rotom|[spread] p2a,p2b
|-resisted|p2a: Milotic|1
|-resisted|p2b: Rotom|1
|-damage|p2a: Milotic|52/100
|-damage|p2b: Rotom|85/100
|move|p2a: Milotic|Icy Wind|p1a: Sinistcha|[spread] p1a,p1b
|-supereffective|p1a: Sinistcha|1
|-supereffective|p1b: Hydreigon|1
|-damage|p1a: Sinistcha|37/100
|-damage|p1b: Hydreigon|0 fnt
|-unboost|p1a: Sinistcha|spe|1
|-enditem|p1a: Sinistcha|Sitrus Berry|[eat]
|-heal|p1a: Sinistcha|61/100|[from] item: Sitrus Berry
|faint|p1b: Hydreigon
|-damage|p2a: Milotic|43/100|[from] item: Life Orb
|
|upkeep
|
|t:|1784060790
|switch|p1b: Malsumas|Beedrill-Mega, L50, F, shiny|3/100
|turn|5
|
|t:|1784060807
|switch|p2b: Sinistcha|Sinistcha-Masterpiece, L50|100/100
|-heal|p2a: Milotic|67/100|[from] ability: Hospitality|[of] p2b: Sinistcha
|switch|p1a: Ceruledge|Ceruledge, L50, F|100/100
|move|p1b: Malsumas|Poison Jab|p2a: Milotic
|-damage|p2a: Milotic|1/100
|-status|p2a: Milotic|psn
|move|p2a: Milotic|Icy Wind|p1a: Ceruledge|[spread] p1a,p1b
|-resisted|p1a: Ceruledge|1
|-crit|p1a: Ceruledge
|-crit|p1b: Malsumas
|-damage|p1a: Ceruledge|89/100
|-damage|p1b: Malsumas|0 fnt
|-unboost|p1a: Ceruledge|spe|1
|faint|p1b: Malsumas
|-damage|p2a: Milotic|0 fnt|[from] item: Life Orb
|faint|p2a: Milotic
|
|upkeep
|inactive|tacoman007 has 30 seconds left.
|
|t:|1784060835
|switch|p1b: Sinistcha|Sinistcha, L50|61/100
|switch|p2a: Rotom|Rotom-Heat, L50|85/100
|-heal|p1a: Ceruledge|100/100|[from] ability: Hospitality|[of] p1b: Sinistcha
|turn|6
|
|t:|1784060857
|move|p2a: Rotom|Overheat|p1b: Sinistcha
|-supereffective|p1b: Sinistcha|1
|-damage|p1b: Sinistcha|0 fnt
|-unboost|p2a: Rotom|spa|2
|faint|p1b: Sinistcha
|move|p2b: Sinistcha|Shadow Ball|p1a: Ceruledge
|-supereffective|p1a: Ceruledge|1
|-damage|p1a: Ceruledge|13/100
|move|p1a: Ceruledge|Bulk Up|p1a: Ceruledge
|-boost|p1a: Ceruledge|atk|1
|-boost|p1a: Ceruledge|def|1
|
|upkeep
|turn|7
|inactive|tacoman007 has 30 seconds left.
|
|t:|1784060892
|move|p2a: Rotom|Overheat|p2b: Sinistcha
|-supereffective|p2b: Sinistcha|1
|-damage|p2b: Sinistcha|39/100
|-unboost|p2a: Rotom|spa|2
|move|p2b: Sinistcha|Shadow Ball|p1a: Ceruledge
|-supereffective|p1a: Ceruledge|1
|-damage|p1a: Ceruledge|0 fnt
|faint|p1a: Ceruledge
|
|win|tacoman007
|raw|viatles's rating: 1099 → 1071(-28 for losing)
|raw|tacoman007's rating: 1048 → 1086(+38 for winning)
|c|☆viatles|gg wp
