|j|☆Barri Deagol
|j|☆uno33
|html|Barri Deagoluno33    
|uhtml|bestof|Game 2 of a best-of-3
|t:|1756300557
|gametype|doubles
|player|p1|Barri Deagol|brycenman|1068
|player|p2|uno33|youngster-gen4dp|1045
|gen|9
|tier|[Gen 9] VGC 2025 Reg H (Bo3)
|rated|
|rule|Species Clause: Limit one of each Pokémon
|rule|Item Clause: Limit 1 of each item
|clearpoke
|poke|p1|Incineroar, L50, M|
|poke|p1|Pelipper, L50, F|
|poke|p1|Basculegion, L50, M|
|poke|p1|Amoonguss, L50, M|
|poke|p1|Maushold-Four, L50|
|poke|p1|Archaludon, L50, F|
|poke|p2|Charizard, L50, M|
|poke|p2|Torkoal, L50, F|
|poke|p2|Porygon2, L50|
|poke|p2|Incineroar, L50, F|
|poke|p2|Jumpluff, L50, F|
|poke|p2|Ursaluna, L50, M|
|teampreview|4
|showteam|p1|Incineroar||SafetyGoggles|Intimidate|FakeOut,FlareBlitz,KnockOff,PartingShot|||M|||50|,,,,,Ghost]Pelipper||FocusSash|Drizzle|Hurricane,WeatherBall,Tailwind,Protect|||F|||50|,,,,,Ghost]Basculegion||MysticWater|SwiftSwim|Protect,WaveCrash,AquaJet,LastRespects|||M|||50|,,,,,Water]Amoonguss||SitrusBerry|Regenerator|Spore,RagePowder,PollenPuff,ClearSmog|||M|||50|,,,,,Water]Maushold-Four||WideLens|Technician|PopulationBomb,FollowMe,Taunt,Protect||||||50|,,,,,Grass]Archaludon||AssaultVest|Stamina|ElectroShot,DragonPulse,FlashCannon,BodyPress|||F|||50|,,,,,Grass
|showteam|p2|Charizard||ChoiceSpecs|SolarPower|HeatWave,Overheat,WeatherBall,AirSlash|||M|||50|,,,,,Ghost]Torkoal||EjectPack|Drought|Eruption,Overheat,HelpingHand,Protect|||F|||50|,,,,,Fire]Porygon2||Eviolite|Download|TeraBlast,IceBeam,Recover,TrickRoom||||||50|,,,,,Fighting]Incineroar||SitrusBerry|Intimidate|FlareBlitz,KnockOff,FakeOut,PartingShot|||F|||50|,,,,,Ghost]Jumpluff||CovertCloak|Chlorophyll|SleepPowder,SunnyDay,RagePowder,Tailwind|||F|||50|,,,,,Water]Ursaluna||FlameOrb|Guts|HeadlongRush,Facade,Earthquake,Protect|||M|||50|,,,,,Ghost
|
|t:|1756300580
|teamsize|p1|4
|teamsize|p2|4
|start
|switch|p1a: Incineroar|Incineroar, L50, M|100/100
|switch|p1b: Maushold|Maushold-Four, L50|100/100
|switch|p2a: Incineroar|Incineroar, L50, F|100/100
|switch|p2b: Torkoal|Torkoal, L50, F|100/100
|-ability|p2a: Incineroar|Intimidate|boost
|-unboost|p1a: Incineroar|atk|1
|-unboost|p1b: Maushold|atk|1
|-ability|p1a: Incineroar|Intimidate|boost
|-unboost|p2a: Incineroar|atk|1
|-unboost|p2b: Torkoal|atk|1
|-weather|SunnyDay|[from] ability: Drought|[of] p2b: Torkoal
|-enditem|p2b: Torkoal|Eject Pack
|
|t:|1756300598
|switch|p2b: Porygon2|Porygon2, L50|100/100
|-ability|p2b: Porygon2|Download|boost
|-boost|p2b: Porygon2|atk|1
|turn|1
|
|t:|1756300617
|move|p1b: Maushold|Population Bomb|p2b: Porygon2
|-damage|p2b: Porygon2|95/100
|-damage|p2b: Porygon2|90/100
|-damage|p2b: Porygon2|85/100
|-damage|p2b: Porygon2|79/100
|-damage|p2b: Porygon2|74/100
|-damage|p2b: Porygon2|69/100
|-damage|p2b: Porygon2|64/100
|-damage|p2b: Porygon2|59/100
|-crit|p2b: Porygon2
|-damage|p2b: Porygon2|49/100
|-damage|p2b: Porygon2|43/100
|-hitcount|p2b: Porygon2|10
|move|p2a: Incineroar|Parting Shot|p1b: Maushold
|-unboost|p1b: Maushold|atk|1
|-unboost|p1b: Maushold|spa|1
|
|t:|1756300642
|switch|p2a: Ursaluna|Ursaluna, L50, M|100/100|[from] Parting Shot
|move|p1a: Incineroar|Flare Blitz|p2b: Porygon2
|-damage|p2b: Porygon2|4/100
|-damage|p1a: Incineroar|88/100|[from] Recoil
|move|p2b: Porygon2|Trick Room|p2b: Porygon2
|-fieldstart|move: Trick Room|[of] p2b: Porygon2
|
|-weather|SunnyDay|[upkeep]
|-status|p2a: Ursaluna|brn|[from] item: Flame Orb
|upkeep
|turn|2
|
|t:|1756300674
|-terastallize|p1a: Incineroar|Ghost
|move|p1b: Maushold|Protect|p1b: Maushold
|-singleturn|p1b: Maushold|Protect
|move|p2b: Porygon2|Recover|p2b: Porygon2
|-heal|p2b: Porygon2|54/100
|move|p1a: Incineroar|Knock Off|p2b: Porygon2
|-damage|p2b: Porygon2|32/100
|-enditem|p2b: Porygon2|Eviolite|[from] move: Knock Off|[of] p1a: Incineroar
|move|p2a: Ursaluna|Facade|p1a: Incineroar
|-immune|p1a: Incineroar
|
|-weather|SunnyDay|[upkeep]
|-damage|p2a: Ursaluna|95/100 brn|[from] brn
|upkeep
|turn|3
|
|t:|1756300713
|switch|p1a: Pelipper|Pelipper, L50, F|100/100
|-weather|RainDance|[from] ability: Drizzle|[of] p1a: Pelipper
|move|p2b: Porygon2|Recover|p2b: Porygon2
|-heal|p2b: Porygon2|82/100
|move|p2a: Ursaluna|Facade|p1b: Maushold
|-damage|p1b: Maushold|0 fnt
|faint|p1b: Maushold
|
|-weather|RainDance|[upkeep]
|-damage|p2a: Ursaluna|89/100 brn|[from] brn
|upkeep
|
|t:|1756300729
|switch|p1b: Incineroar|Incineroar, L50, M, tera:Ghost|88/100
|-ability|p1b: Incineroar|Intimidate|boost
|-unboost|p2a: Ursaluna|atk|1
|-unboost|p2b: Porygon2|atk|1
|turn|4
|
|t:|1756300763
|switch|p2a: Incineroar|Incineroar, L50, F|100/100
|-ability|p2a: Incineroar|Intimidate|boost
|-unboost|p1a: Pelipper|atk|1
|-unboost|p1b: Incineroar|atk|1
|move|p1b: Incineroar|Fake Out|p2a: Incineroar
|-damage|p2a: Incineroar|92/100
|move|p2b: Porygon2|Tera Blast|p1a: Pelipper
|-damage|p1a: Pelipper|38/100
|move|p1a: Pelipper|Weather Ball|p2a: Incineroar
|-supereffective|p2a: Incineroar
|-damage|p2a: Incineroar|0 fnt
|faint|p2a: Incineroar
|
|-weather|RainDance|[upkeep]
|upkeep
|
|t:|1756300786
|switch|p2a: Torkoal|Torkoal, L50, F|100/100
|-weather|SunnyDay|[from] ability: Drought|[of] p2a: Torkoal
|turn|5
|
|t:|1756300806
|move|p1a: Pelipper|Protect|p1a: Pelipper
|-singleturn|p1a: Pelipper|Protect
|move|p2a: Torkoal|Eruption|p1a: Pelipper|[spread] p1b
|-activate|p1a: Pelipper|move: Protect
|-crit|p1b: Incineroar
|-damage|p1b: Incineroar|0 fnt
|faint|p1b: Incineroar
|move|p2b: Porygon2|Recover|p2b: Porygon2
|-heal|p2b: Porygon2|100/100
|
|-weather|SunnyDay|[upkeep]
|-fieldend|move: Trick Room
|upkeep
|
|t:|1756300819
|switch|p1b: Basculegion|Basculegion, L50, M|100/100
|turn|6
|
|t:|1756300828
|move|p2a: Torkoal|Protect|p2a: Torkoal
|-singleturn|p2a: Torkoal|Protect
|move|p1b: Basculegion|Last Respects|p2a: Torkoal
|-activate|p2a: Torkoal|move: Protect
|move|p1a: Pelipper|Weather Ball|p2a: Torkoal
|-activate|p2a: Torkoal|move: Protect
|move|p2b: Porygon2|Trick Room|p2b: Porygon2
|-fieldstart|move: Trick Room|[of] p2b: Porygon2
|
|-weather|SunnyDay|[upkeep]
|upkeep
|turn|7
|
|t:|1756300846
|move|p2a: Torkoal|Eruption|p1b: Basculegion|[spread] p1a,p1b
|-resisted|p1a: Pelipper
|-resisted|p1b: Basculegion
|-damage|p1a: Pelipper|0 fnt
|-damage|p1b: Basculegion|57/100
|faint|p1a: Pelipper
|move|p2b: Porygon2|Ice Beam|p1b: Basculegion
|-resisted|p1b: Basculegion
|-damage|p1b: Basculegion|40/100
|move|p1b: Basculegion|Last Respects|p2a: Torkoal
|-damage|p2a: Torkoal|21/100
|
|-weather|SunnyDay|[upkeep]
|upkeep
|turn|8
|
|t:|1756300863
|move|p1b: Basculegion|Aqua Jet|p2a: Torkoal
|-supereffective|p2a: Torkoal
|-crit|p2a: Torkoal
|-damage|p2a: Torkoal|0 fnt
|faint|p2a: Torkoal
|move|p2b: Porygon2|Ice Beam|p1b: Basculegion
|-resisted|p1b: Basculegion
|-damage|p1b: Basculegion|23/100
|
|-weather|SunnyDay|[upkeep]
|upkeep
|
|t:|1756300866
|switch|p2a: Ursaluna|Ursaluna, L50, M|89/100 brn
|turn|9
|
|t:|1756300875
|move|p1b: Basculegion|Protect|p1b: Basculegion
|-singleturn|p1b: Basculegion|Protect
|move|p2b: Porygon2|Ice Beam|p1b: Basculegion
|-activate|p1b: Basculegion|move: Protect
|move|p2a: Ursaluna|Headlong Rush|p1b: Basculegion
|-activate|p1b: Basculegion|move: Protect
|
|-weather|none
|-damage|p2a: Ursaluna|83/100 brn|[from] brn
|upkeep
|turn|10
|
|t:|1756300893
|move|p2b: Porygon2|Ice Beam|p1b: Basculegion
|-resisted|p1b: Basculegion
|-damage|p1b: Basculegion|8/100
|-status|p1b: Basculegion|frz
|move|p2a: Ursaluna|Headlong Rush|p1b: Basculegion
|-damage|p1b: Basculegion|0 fnt
|-unboost|p2a: Ursaluna|def|1
|-unboost|p2a: Ursaluna|spd|1
|faint|p1b: Basculegion
|
|win|uno33
||uno33 is ready for game 3.
|c|☆uno33|gg
|inactive|Barri Deagol has 30 seconds to confirm battle start!
