|j|☆Jamstiffer
|j|☆King Of Bear
|html|JamstifferKing Of Bear    
|uhtml|bestof|Game 2 of a best-of-3
|t:|1755189426
|gametype|doubles
|player|p1|Jamstiffer|aaron|1225
|player|p2|King Of Bear|pokemonranger-gen4|1157
|gen|9
|tier|[Gen 9] VGC 2025 Reg H (Bo3)
|rated|
|rule|Species Clause: Limit one of each Pokémon
|rule|Item Clause: Limit 1 of each item
|clearpoke
|poke|p1|Archaludon, L50, F|
|poke|p1|Pelipper, L50, F|
|poke|p1|Basculegion, L50, M|
|poke|p1|Sneasler, L50, F|
|poke|p1|Indeedee, L50, M|
|poke|p1|Amoonguss, L50, M|
|poke|p2|Amoonguss, L50, F|
|poke|p2|Incineroar, L50, M|
|poke|p2|Porygon2, L50|
|poke|p2|Ursaluna, L50, M|
|poke|p2|Gholdengo, L50|
|poke|p2|Sneasler, L50, M|
|teampreview|4
|showteam|p1|Archaludon||AssaultVest|Stamina|ElectroShot,FlashCannon,DracoMeteor,BodyPress|||F|||50|,,,,,Grass]Pelipper||FocusSash|Drizzle|WeatherBall,Hurricane,Tailwind,Protect|||F|||50|,,,,,Ghost]Basculegion||ChoiceBand|SwiftSwim|LastRespects,WaveCrash,FlipTurn,AquaJet|||M|||50|,,,,,Water]Sneasler||PsychicSeed|Unburden|DireClaw,CloseCombat,ThroatChop,Protect|||F|||50|,,,,,Dark]Indeedee||ChoiceScarf|PsychicSurge|ExpandingForce,Trick,TrickRoom,Imprison|||M|||50|,,,,,Psychic]Amoonguss||RockyHelmet|Regenerator|Spore,RagePowder,PollenPuff,Protect|||M|||50|,,,,,Water
|showteam|p2|Amoonguss||SitrusBerry|Regenerator|ClearSmog,PollenPuff,Spore,RagePowder|||F|||50|,,,,,Water]Incineroar||SafetyGoggles|Intimidate|FakeOut,KnockOff,FlareBlitz,PartingShot|||M|||50|,,,,,Ghost]Porygon2||Eviolite|Download|TeraBlast,IceBeam,Recover,TrickRoom||||||50|,,,,,Fighting]Ursaluna||FlameOrb|Guts|Facade,HeadlongRush,Earthquake,Protect|||M|||50|,,,,,Fairy]Gholdengo||LifeOrb|GoodasGold|MakeItRain,ShadowBall,NastyPlot,Protect||||||50|,,,,,Flying]Sneasler||FocusSash|Unburden|CloseCombat,DireClaw,Coaching,Protect|||M|||50|,,,,,Stellar
|inactive|Battle timer is ON: inactive players will automatically lose when time's up. (requested by Jamstiffer)
|c|☆Jamstiffer|yeah i mishplayed real hard that game
|inactiveoff|Battle timer is now OFF.
|inactive|Battle timer is ON: inactive players will automatically lose when time's up. (requested by King Of Bear)
|
|t:|1755189464
|teamsize|p1|4
|teamsize|p2|4
|start
|switch|p1a: Basculegion|Basculegion, L50, M|100/100
|switch|p1b: Pelipper|Pelipper, L50, F|100/100
|switch|p2a: Bear Arms|Incineroar, L50, M|100/100
|switch|p2b: Bearier|Porygon2, L50|100/100
|-weather|RainDance|[from] ability: Drizzle|[of] p1b: Pelipper
|-ability|p2a: Bear Arms|Intimidate|boost
|-unboost|p1a: Basculegion|atk|1
|-unboost|p1b: Pelipper|atk|1
|-ability|p2b: Bearier|Download|boost
|-boost|p2b: Bearier|spa|1
|turn|1
|
|t:|1755189493
|-terastallize|p1a: Basculegion|Water
|move|p2a: Bear Arms|Fake Out|p1b: Pelipper
|-damage|p1b: Pelipper|84/100
|move|p1a: Basculegion|Wave Crash|p2b: Bearier
|-damage|p2b: Bearier|28/100
|-damage|p1a: Basculegion|77/100|[from] Recoil
|cant|p1b: Pelipper|flinch
|move|p2b: Bearier|Trick Room|p2b: Bearier
|-fieldstart|move: Trick Room|[of] p2b: Bearier
|
|-weather|RainDance|[upkeep]
|upkeep
|turn|2
|
|t:|1755189511
|move|p2b: Bearier|Tera Blast|p1b: Pelipper
|-damage|p1b: Pelipper|0 fnt
|faint|p1b: Pelipper
|move|p2a: Bear Arms|Knock Off|p1a: Basculegion
|-damage|p1a: Basculegion|23/100
|-enditem|p1a: Basculegion|Choice Band|[from] move: Knock Off|[of] p2a: Bear Arms
|move|p1a: Basculegion|Wave Crash|p2b: Bearier
|-damage|p2b: Bearier|0 fnt
|faint|p2b: Bearier
|-damage|p1a: Basculegion|14/100|[from] Recoil
|
|-weather|RainDance|[upkeep]
|upkeep
|
|t:|1755189523
|switch|p2b: Bearings|Amoonguss, L50, F|100/100
|switch|p1b: Amoonguss|Amoonguss, L50, M|100/100
|turn|3
|
|t:|1755189533
|move|p1a: Basculegion|Aqua Jet|p2a: Bear Arms
|-supereffective|p2a: Bear Arms
|-damage|p2a: Bear Arms|48/100
|move|p2b: Bearings|Spore|p1a: Basculegion
|-status|p1a: Basculegion|slp|[from] move: Spore
|move|p1b: Amoonguss|Pollen Puff|p1a: Basculegion
|-heal|p1a: Basculegion|64/100 slp
|move|p2a: Bear Arms|Parting Shot|p1a: Basculegion
|-unboost|p1a: Basculegion|atk|1
|-unboost|p1a: Basculegion|spa|1
|
|t:|1755189544
|switch|p2a: Bear?|Ursaluna, L50, M|100/100|[from] Parting Shot
|
|-weather|RainDance|[upkeep]
|-status|p2a: Bear?|brn|[from] item: Flame Orb
|upkeep
|turn|4
|
|t:|1755189559
|move|p1b: Amoonguss|Rage Powder|p1b: Amoonguss
|-singleturn|p1b: Amoonguss|move: Rage Powder
|move|p2b: Bearings|Pollen Puff|p1b: Amoonguss
|-damage|p1b: Amoonguss|83/100
|move|p2a: Bear?|Facade|p1b: Amoonguss
|-damage|p1b: Amoonguss|0 fnt
|-damage|p2a: Bear?|84/100 brn|[from] item: Rocky Helmet|[of] p1b: Amoonguss
|faint|p1b: Amoonguss
|cant|p1a: Basculegion|slp
|
|-weather|RainDance|[upkeep]
|-damage|p2a: Bear?|78/100 brn|[from] brn
|upkeep
|j| swampizzoCARTI
|
|t:|1755189566
|switch|p1b: Sneasler|Sneasler, L50, F|100/100
|turn|5
|
|t:|1755189582
|move|p2b: Bearings|Rage Powder|p2b: Bearings
|-singleturn|p2b: Bearings|move: Rage Powder
|move|p2a: Bear?|Earthquake|p1b: Sneasler|[spread] p2b,p1a,p1b
|-supereffective|p1b: Sneasler
|-damage|p2b: Bearings|51/100
|-damage|p1a: Basculegion|0 fnt
|-damage|p1b: Sneasler|0 fnt
|faint|p1a: Basculegion
|faint|p1b: Sneasler
|
|win|King Of Bear
|raw|Jamstiffer's rating: 1225 → 1195(-30 for losing)
|raw|King Of Bear's rating: 1157 → 1187(+30 for winning)
|l|☆Jamstiffer
|player|p1|
|c| swampizzoCARTI|mished ngl
|l| swampizzoCARTI
