|j|☆kazthespaz
|j|☆IamTerra
|html|kazthespazIamTerra    
|uhtml|bestof|Game 3 of a best-of-3
|t:|1783181453
|gametype|doubles
|player|p1|kazthespaz|cynthia|
|player|p2|IamTerra|169|
|gen|9
|tier|[Gen 9 Champions] VGC 2026 Reg M-B (Bo3)
|rule|Species Clause: Limit one of each Pokémon
|rule|Item Clause: Limit 1 of each item
|clearpoke
|poke|p1|Arcanine, L50, F|
|poke|p1|Toxapex, L50, M|
|poke|p1|Staraptor, L50, F|
|poke|p1|Garchomp, L50, F|
|poke|p1|Alakazam, L50, F|
|poke|p1|Whimsicott, L50, F|
|poke|p2|Gengar, L50, M, shiny|
|poke|p2|Metagross, L50, shiny|
|poke|p2|Grimmsnarl, L50, M|
|poke|p2|Clefable, L50, M|
|poke|p2|Slowbro, L50, M|
|poke|p2|Volcarona, L50, F|
|teampreview|4
|showteam|p1|Arcanine||ChoiceScarf|Intimidate|FlareBlitz,WildCharge,PsychicFangs,IronHead|Adamant||F|||50|]Toxapex||Leftovers|Regenerator|Liquidation,Haze,Recover,BanefulBunker|Calm||M|||50|]Staraptor||Staraptite|Intimidate|BraveBird,Protect,Roost,CloseCombat|Jolly||F|||50|]Garchomp||LifeOrb|RoughSkin|Earthquake,RockSlide,Protect,PoisonJab|Jolly||F|||50|]Alakazam||FocusSash|InnerFocus|ShadowBall,NastyPlot,Protect,LightScreen|Timid||F|||50|]Whimsicott||BrightPowder|Prankster|HelpingHand,Moonblast,Tickle,Charm|Timid||F|||50|
|showteam|p2|Gengar||FocusSash|CursedBody|SludgeBomb,ShadowBall,EnergyBall,IcyWind|Timid||M|||50|]Metagross||Metagrossite|ClearBody|ZenHeadbutt,BulletPunch,Earthquake,IcePunch|Adamant|||||50|]Grimmsnarl||LightClay|Prankster|Reflect,LightScreen,DrainPunch,BulkUp|Impish||M|||50|]Clefable||Leftovers|MagicGuard|CosmicPower,StoredPower,Wish,Protect|Bold||M|||50|]Slowbro||SitrusBerry|Regenerator|PsychicNoise,Scald,SlackOff,Protect|Bold||M|||50|]Volcarona||LifeOrb|FlameBody|QuiverDance,Flamethrower,GigaDrain,BugBuzz|Serious||F|||50|
|j| Jabby Wabby
|inactive|Battle timer is ON: inactive players will automatically lose when time's up. (requested by IamTerra)
|inactive|kazthespaz has 60 seconds left.
|
|t:|1783181552
|teamsize|p1|4
|teamsize|p2|4
|start
|switch|p1a: Garchomp|Garchomp, L50, F|100/100
|switch|p1b: Alakazam|Alakazam, L50, F|100/100
|switch|p2a: Grimmsnarl|Grimmsnarl, L50, M|100/100
|switch|p2b: Metagross|Metagross, L50, shiny|100/100
|turn|1
|inactive|kazthespaz has 30 seconds left.
|inactive|IamTerra has 30 seconds left.
|inactive|IamTerra has 20 seconds left.
|
|t:|1783181588
|detailschange|p2b: Metagross|Metagross-Mega, L50, shiny
|-mega|p2b: Metagross|Metagross|Metagrossite
|move|p2a: Grimmsnarl|Light Screen|p2a: Grimmsnarl
|-sidestart|p2: IamTerra|move: Light Screen
|move|p1b: Alakazam|Shadow Ball|p2b: Metagross
|-supereffective|p2b: Metagross|1
|-damage|p2b: Metagross|65/100
|-unboost|p2b: Metagross|spd|1
|move|p1a: Garchomp|Earthquake|p2a: Grimmsnarl|[spread] p1b,p2a,p2b
|-supereffective|p2b: Metagross|1
|-enditem|p1b: Alakazam|Focus Sash
|-damage|p1b: Alakazam|1/100
|-damage|p2a: Grimmsnarl|60/100
|-damage|p2b: Metagross|0 fnt
|faint|p2b: Metagross
|-damage|p1a: Garchomp|90/100|[from] item: Life Orb
|
|upkeep
|
|t:|1783181604
|switch|p2b: Gengar|Gengar, L50, M, shiny|100/100
|turn|2
|inactive|kazthespaz has 30 seconds left.
|inactive|kazthespaz has 20 seconds left.
|inactive|kazthespaz has 15 seconds left.
|inactive|kazthespaz has 10 seconds left.
|inactive|kazthespaz has 5 seconds left.
|
|t:|1783181656
|move|p2a: Grimmsnarl|Reflect|p2a: Grimmsnarl
|-sidestart|p2: IamTerra|Reflect
|move|p1b: Alakazam|Shadow Ball|p2b: Gengar
|-supereffective|p2b: Gengar|1
|-damage|p2b: Gengar|37/100
|-unboost|p2b: Gengar|spd|1
|move|p2b: Gengar|Icy Wind|p1b: Alakazam|[spread] p1a,p1b
|-supereffective|p1a: Garchomp|2
|-damage|p1a: Garchomp|25/100
|-damage|p1b: Alakazam|0 fnt
|-unboost|p1a: Garchomp|spe|1
|faint|p1b: Alakazam
|move|p1a: Garchomp|Earthquake|p2b: Gengar|[spread] p2a,p2b
|-supereffective|p2b: Gengar|1
|-damage|p2a: Grimmsnarl|31/100
|-damage|p2b: Gengar|0 fnt
|-start|p1a: Garchomp|Disable|Earthquake|[from] ability: Cursed Body|[of] p2b: Gengar
|faint|p2b: Gengar
|-damage|p1a: Garchomp|16/100|[from] item: Life Orb
|
|upkeep
|
|t:|1783181679
|switch|p1b: Arcanine|Arcanine, L50, F|100/100
|switch|p2b: Slowbro|Slowbro, L50, M|100/100
|-ability|p1b: Arcanine|Intimidate|boost
|-unboost|p2a: Grimmsnarl|atk|1
|-unboost|p2b: Slowbro|atk|1
|turn|3
|inactive|kazthespaz has 30 seconds left.
|inactive|kazthespaz has 20 seconds left.
|inactive|kazthespaz has 15 seconds left.
|
|t:|1783181720
|move|p2a: Grimmsnarl|Bulk Up|p2a: Grimmsnarl
|-boost|p2a: Grimmsnarl|atk|1
|-boost|p2a: Grimmsnarl|def|1
|move|p1b: Arcanine|Iron Head|p2a: Grimmsnarl
|-supereffective|p2a: Grimmsnarl|1
|-damage|p2a: Grimmsnarl|9/100
|move|p1a: Garchomp|Rock Slide|p2b: Slowbro|[spread] p2a,p2b
|-damage|p2a: Grimmsnarl|0 fnt
|-damage|p2b: Slowbro|87/100
|faint|p2a: Grimmsnarl
|-damage|p1a: Garchomp|6/100|[from] item: Life Orb
|move|p2b: Slowbro|Scald|p1a: Garchomp
|-damage|p1a: Garchomp|0 fnt
|faint|p1a: Garchomp
|
|upkeep
|
|t:|1783181734
|switch|p1a: Toxapex|Toxapex, L50, M|100/100
|turn|4
|
|t:|1783181744
|move|p1b: Arcanine|Iron Head|p2b: Slowbro
|-resisted|p2b: Slowbro|1
|-damage|p2b: Slowbro|82/100
|move|p1a: Toxapex|Liquidation|p2b: Slowbro
|-resisted|p2b: Slowbro|1
|-damage|p2b: Slowbro|78/100
|cant|p2b: Slowbro|flinch
|
|upkeep
|turn|5
|
|t:|1783181756
|move|p1b: Arcanine|Iron Head|p2b: Slowbro
|-resisted|p2b: Slowbro|1
|-damage|p2b: Slowbro|72/100
|move|p1a: Toxapex|Liquidation|p2b: Slowbro
|-resisted|p2b: Slowbro|1
|-damage|p2b: Slowbro|68/100
|move|p2b: Slowbro|Scald|p1b: Arcanine
|-supereffective|p1b: Arcanine|1
|-damage|p1b: Arcanine|38/100
|
|upkeep
|turn|6
|
|t:|1783181768
|move|p1b: Arcanine|Iron Head|p2b: Slowbro
|-resisted|p2b: Slowbro|1
|-damage|p2b: Slowbro|62/100
|move|p1a: Toxapex|Liquidation|p2b: Slowbro
|-resisted|p2b: Slowbro|1
|-damage|p2b: Slowbro|58/100
|-unboost|p2b: Slowbro|def|1
|move|p2b: Slowbro|Scald|p1b: Arcanine
|-supereffective|p1b: Arcanine|1
|-damage|p1b: Arcanine|0 fnt
|faint|p1b: Arcanine
|
|upkeep
|turn|7
|
|t:|1783181782
|move|p1a: Toxapex|Liquidation|p2b: Slowbro
|-resisted|p2b: Slowbro|1
|-damage|p2b: Slowbro|52/100
|move|p2b: Slowbro|Slack Off|p2b: Slowbro
|-heal|p2b: Slowbro|100/100
|
|upkeep
|turn|8
|
|t:|1783181790
|move|p1a: Toxapex|Baneful Bunker|p1a: Toxapex
|-singleturn|p1a: Toxapex|move: Protect
|move|p2b: Slowbro|Scald|p1a: Toxapex
|-activate|p1a: Toxapex|move: Protect
|
|-sideend|p2: IamTerra|move: Light Screen
|upkeep
|turn|9
|
|t:|1783181811
|move|p1a: Toxapex|Liquidation|p2b: Slowbro
|-resisted|p2b: Slowbro|1
|-damage|p2b: Slowbro|94/100
|-unboost|p2b: Slowbro|def|1
|move|p2b: Slowbro|Scald|p1a: Toxapex
|-resisted|p1a: Toxapex|1
|-damage|p1a: Toxapex|91/100
|
|-heal|p1a: Toxapex|96/100|[from] item: Leftovers
|-sideend|p2: IamTerra|Reflect
|upkeep
|turn|10
|
|t:|1783181822
|move|p1a: Toxapex|Liquidation|p2b: Slowbro
|-resisted|p2b: Slowbro|1
|-damage|p2b: Slowbro|82/100
|-unboost|p2b: Slowbro|def|1
|move|p2b: Slowbro|Scald|p1a: Toxapex
|-resisted|p1a: Toxapex|1
|-damage|p1a: Toxapex|87/100
|
|-heal|p1a: Toxapex|92/100|[from] item: Leftovers
|upkeep
|turn|11
|
|t:|1783181837
|move|p1a: Toxapex|Baneful Bunker|p1a: Toxapex
|-singleturn|p1a: Toxapex|move: Protect
|move|p2b: Slowbro|Slack Off|p2b: Slowbro
|-heal|p2b: Slowbro|100/100
|
|-heal|p1a: Toxapex|98/100|[from] item: Leftovers
|upkeep
|turn|12
|
|t:|1783181844
|move|p1a: Toxapex|Recover|p1a: Toxapex
|-heal|p1a: Toxapex|100/100
|move|p2b: Slowbro|Scald|p1a: Toxapex
|-resisted|p1a: Toxapex|1
|-damage|p1a: Toxapex|91/100
|
|-heal|p1a: Toxapex|97/100|[from] item: Leftovers
|upkeep
|turn|13
|
|t:|1783181854
|move|p1a: Toxapex|Liquidation|p2b: Slowbro
|-resisted|p2b: Slowbro|1
|-damage|p2b: Slowbro|85/100
|move|p2b: Slowbro|Scald|p1a: Toxapex
|-resisted|p1a: Toxapex|1
|-damage|p1a: Toxapex|87/100
|
|-heal|p1a: Toxapex|93/100|[from] item: Leftovers
|upkeep
|turn|14
|
|t:|1783181863
|move|p1a: Toxapex|Liquidation|p2b: Slowbro
|-resisted|p2b: Slowbro|1
|-damage|p2b: Slowbro|71/100
|move|p2b: Slowbro|Scald|p1a: Toxapex
|-resisted|p1a: Toxapex|1
|-damage|p1a: Toxapex|85/100
|
|-heal|p1a: Toxapex|91/100|[from] item: Leftovers
|upkeep
|turn|15
|
|t:|1783181873
|move|p1a: Toxapex|Liquidation|p2b: Slowbro
|-resisted|p2b: Slowbro|1
|-damage|p2b: Slowbro|57/100
|move|p2b: Slowbro|Scald|p1a: Toxapex
|-resisted|p1a: Toxapex|1
|-damage|p1a: Toxapex|82/100
|-status|p1a: Toxapex|brn
|
|-heal|p1a: Toxapex|87/100 brn|[from] item: Leftovers
|-damage|p1a: Toxapex|82/100 brn|[from] brn
|upkeep
|turn|16
|
|t:|1783181883
|move|p2b: Slowbro|Protect|p2b: Slowbro
|-singleturn|p2b: Slowbro|Protect
|move|p1a: Toxapex|Liquidation|p2b: Slowbro
|-activate|p2b: Slowbro|move: Protect
|
|-heal|p1a: Toxapex|87/100 brn|[from] item: Leftovers
|-damage|p1a: Toxapex|82/100 brn|[from] brn
|upkeep
|turn|17
|
|t:|1783181891
|move|p1a: Toxapex|Liquidation|p2b: Slowbro
|-resisted|p2b: Slowbro|1
|-damage|p2b: Slowbro|49/100
|-enditem|p2b: Slowbro|Sitrus Berry|[eat]
|-heal|p2b: Slowbro|74/100|[from] item: Sitrus Berry
|move|p2b: Slowbro|Slack Off|p2b: Slowbro
|-heal|p2b: Slowbro|100/100
|
|-heal|p1a: Toxapex|87/100 brn|[from] item: Leftovers
|-damage|p1a: Toxapex|82/100 brn|[from] brn
|upkeep
|turn|18
|
|t:|1783181910
|move|p1a: Toxapex|Recover|p1a: Toxapex
|-heal|p1a: Toxapex|100/100 brn
|move|p2b: Slowbro|Scald|p1a: Toxapex
|-resisted|p1a: Toxapex|1
|-damage|p1a: Toxapex|90/100 brn
|
|-heal|p1a: Toxapex|96/100 brn|[from] item: Leftovers
|-damage|p1a: Toxapex|90/100 brn|[from] brn
|upkeep
|turn|19
|
|t:|1783181920
|move|p1a: Toxapex|Liquidation|p2b: Slowbro
|-resisted|p2b: Slowbro|1
|-damage|p2b: Slowbro|92/100
|move|p2b: Slowbro|Psychic Noise|p1a: Toxapex
|-supereffective|p1a: Toxapex|1
|-crit|p1a: Toxapex
|-damage|p1a: Toxapex|36/100 brn
|-start|p1a: Toxapex|move: Heal Block
|
|-damage|p1a: Toxapex|31/100 brn|[from] brn
|upkeep
|turn|20
|c|☆IamTerra|GGs
|
|t:|1783181931
|move|p1a: Toxapex|Baneful Bunker|p1a: Toxapex
|-singleturn|p1a: Toxapex|move: Protect
|move|p2b: Slowbro|Psychic Noise|p1a: Toxapex
|-activate|p1a: Toxapex|move: Protect
|
|-damage|p1a: Toxapex|25/100 brn|[from] brn
|-end|p1a: Toxapex|move: Heal Block
|upkeep
|turn|21
|c|☆kazthespaz|ggs
|c|☆kazthespaz|am in pain
|
|t:|1783181940
|move|p1a: Toxapex|Recover|p1a: Toxapex
|-heal|p1a: Toxapex|75/100 brn
|move|p2b: Slowbro|Psychic Noise|p1a: Toxapex
|-supereffective|p1a: Toxapex|1
|-damage|p1a: Toxapex|43/100 brn
|-start|p1a: Toxapex|move: Heal Block
|
|-damage|p1a: Toxapex|38/100 brn|[from] brn
|upkeep
|turn|22
|c|☆IamTerra|was a well fought battle
|
|t:|1783181953
|move|p1a: Toxapex|Baneful Bunker|p1a: Toxapex
|-singleturn|p1a: Toxapex|move: Protect
|move|p2b: Slowbro|Psychic Noise|p1a: Toxapex
|-activate|p1a: Toxapex|move: Protect
|
|-damage|p1a: Toxapex|32/100 brn|[from] brn
|-end|p1a: Toxapex|move: Heal Block
|upkeep
|turn|23
|
|t:|1783181971
|move|p1a: Toxapex|Baneful Bunker||[still]
|-fail|p1a: Toxapex
|move|p2b: Slowbro|Psychic Noise|p1a: Toxapex
|-supereffective|p1a: Toxapex|1
|-damage|p1a: Toxapex|0 fnt
|faint|p1a: Toxapex
|
|win|IamTerra
|c|☆kazthespaz|wp
|c|☆IamTerra|you too
