|j|☆Bestof8PerDay
|j|☆supremeenchilada
|html|Bestof8PerDaysupremeenchilada    
|uhtml|bestof|Game 2 of a best-of-3
|t:|1756923989
|gametype|doubles
|player|p1|Bestof8PerDay|janitor|1046
|player|p2|supremeenchilada|janitor|1023
|gen|9
|tier|[Gen 9] VGC 2025 Reg H (Bo3)
|rated|
|rule|Species Clause: Limit one of each Pokémon
|rule|Item Clause: Limit 1 of each item
|clearpoke
|poke|p1|Incineroar, L50, F|
|poke|p1|Amoonguss, L50, F|
|poke|p1|Ursaluna-Bloodmoon, L50, M|
|poke|p1|Sneasler, L50, M|
|poke|p1|Gholdengo, L50|
|poke|p1|Dragonite, L50, M|
|poke|p2|Amoonguss, L50, M|
|poke|p2|Incineroar, L50, M|
|poke|p2|Indeedee-F, L50, F|
|poke|p2|Hatterene, L50, F|
|poke|p2|Torkoal, L50, M|
|poke|p2|Ursaluna, L50, M|
|teampreview|4
|showteam|p1|Incineroar||SafetyGoggles|Intimidate|FlareBlitz,KnockOff,PartingShot,FakeOut|||F|||50|,,,,,Ghost]Amoonguss||SitrusBerry|Regenerator|Spore,RagePowder,PollenPuff,Protect|||F|||50|,,,,,Psychic]Ursaluna-Bloodmoon||AssaultVest|MindsEye|HyperVoice,BloodMoon,EarthPower,VacuumWave|||M|||50|,,,,,Water]Sneasler||FocusSash|Unburden|CloseCombat,DireClaw,ThroatChop,Protect|||M|||50|,,,,,Stellar]Gholdengo||LifeOrb|GoodasGold|MakeItRain,ShadowBall,NastyPlot,Protect||||||50|,,,,,Water]Dragonite||LoadedDice|Multiscale|ScaleShot,Tailwind,Haze,Protect|||M|||50|,,,,,Fairy
|showteam|p2|Amoonguss||RockyHelmet|EffectSpore|Protect,Spore,RagePowder,PollenPuff|||M|||50|,,,,,Rock]Incineroar||SafetyGoggles|Intimidate|FakeOut,KnockOff,FlareBlitz,PartingShot|||M|||50|,,,,,Bug]Indeedee-F||PsychicSeed|PsychicSurge|TrickRoom,Psychic,FollowMe,Protect|||F|||50|,,,,,Dark]Hatterene||LifeOrb|MagicBounce|DazzlingGleam,ExpandingForce,Protect,TrickRoom|||F|||50|,,,,,Psychic]Torkoal||Charcoal|Drought|Eruption,HeatWave,Protect,EarthPower|||M|||50|,,,,,Flying]Ursaluna||FlameOrb|Guts|Protect,HeadlongRush,Earthquake,Facade|||M|||50|,,,,,Grass
|inactive|Battle timer is ON: inactive players will automatically lose when time's up. (requested by supremeenchilada)
|
|t:|1756924034
|teamsize|p1|4
|teamsize|p2|4
|start
|switch|p1a: Gholdengo|Gholdengo, L50|100/100
|switch|p1b: Ursaluna|Ursaluna-Bloodmoon, L50, M|100/100
|switch|p2a: Incineroar|Incineroar, L50, M, shiny|100/100
|switch|p2b: Hatterene|Hatterene, L50, F, shiny|100/100
|-ability|p2a: Incineroar|Intimidate|boost
|-unboost|p1a: Gholdengo|atk|1
|-unboost|p1b: Ursaluna|atk|1
|turn|1
|inactive|Bestof8PerDay has 30 seconds left.
|inactive|Bestof8PerDay has 20 seconds left.
|inactive|Bestof8PerDay has 15 seconds left.
|
|t:|1756924074
|switch|p2b: Indeedee|Indeedee-F, L50, F|100/100
|-fieldstart|move: Psychic Terrain|[from] ability: Psychic Surge|[of] p2b: Indeedee
|-enditem|p2b: Indeedee|Psychic Seed
|-boost|p2b: Indeedee|spd|1|[from] item: Psychic Seed
|-terastallize|p1a: Gholdengo|Water
|move|p1a: Gholdengo|Nasty Plot|p1a: Gholdengo
|-boost|p1a: Gholdengo|spa|2
|move|p2a: Incineroar|Knock Off|p1a: Gholdengo
|-damage|p1a: Gholdengo|51/100
|-enditem|p1a: Gholdengo|Life Orb|[from] move: Knock Off|[of] p2a: Incineroar
|move|p1b: Ursaluna|Earth Power|p2a: Incineroar
|-supereffective|p2a: Incineroar
|-damage|p2a: Incineroar|5/100
|
|upkeep
|turn|2
|inactive|supremeenchilada has 30 seconds left.
|
|t:|1756924101
|move|p2b: Indeedee|Protect|p2b: Indeedee
|-singleturn|p2b: Indeedee|Protect
|move|p1a: Gholdengo|Make It Rain|p2b: Indeedee|[spread] p2a
|-activate|p2b: Indeedee|move: Protect
|-resisted|p2a: Incineroar
|-damage|p2a: Incineroar|0 fnt
|-unboost|p1a: Gholdengo|spa|1
|faint|p2a: Incineroar
|move|p1b: Ursaluna|Blood Moon|p2b: Indeedee
|-activate|p2b: Indeedee|move: Protect
|
|upkeep
|
|t:|1756924113
|switch|p2a: Hatterene|Hatterene, L50, F, shiny|100/100
|turn|3
|
|t:|1756924125
|move|p2a: Hatterene|Protect|p2a: Hatterene
|-singleturn|p2a: Hatterene|Protect
|move|p1a: Gholdengo|Make It Rain|p2b: Indeedee|[spread] p2b
|-activate|p2a: Hatterene|move: Protect
|-damage|p2b: Indeedee|61/100
|-unboost|p1a: Gholdengo|spa|1
|move|p1b: Ursaluna|Earth Power|p2b: Indeedee
|-damage|p2b: Indeedee|33/100
|-unboost|p2b: Indeedee|spd|1
|move|p2b: Indeedee|Trick Room|p2b: Indeedee
|-fieldstart|move: Trick Room|[of] p2b: Indeedee
|
|upkeep
|turn|4
|inactive|Bestof8PerDay has 30 seconds left.
|inactive|supremeenchilada has 30 seconds left.
|
|t:|1756924156
|switch|p2b: Torkoal|Torkoal, L50, M|100/100
|-weather|SunnyDay|[from] ability: Drought|[of] p2b: Torkoal
|switch|p1a: Incineroar|Incineroar, L50, F|100/100
|-ability|p1a: Incineroar|Intimidate|boost
|-unboost|p2a: Hatterene|atk|1
|-unboost|p2b: Torkoal|atk|1
|move|p2a: Hatterene|Expanding Force|p1a: Incineroar|[spread] p1b
|-immune|p1a: Incineroar
|-damage|p1b: Ursaluna|44/100
|-damage|p2a: Hatterene|91/100|[from] item: Life Orb
|move|p1b: Ursaluna|Hyper Voice|p2a: Hatterene|[spread] p2a,p2b
|-damage|p2a: Hatterene|53/100
|-damage|p2b: Torkoal|56/100
|
|-weather|SunnyDay|[upkeep]
|upkeep
|turn|5
|inactive|Bestof8PerDay has 30 seconds left.
|inactive|supremeenchilada has 30 seconds left.
|inactive|supremeenchilada has 20 seconds left.
|
|t:|1756924195
|switch|p1b: Dragonite|Dragonite, L50, M|100/100
|move|p2a: Hatterene|Protect|p2a: Hatterene
|-singleturn|p2a: Hatterene|Protect
|move|p2b: Torkoal|Earth Power|p1a: Incineroar
|-supereffective|p1a: Incineroar
|-damage|p1a: Incineroar|56/100
|move|p1a: Incineroar|Parting Shot|p2b: Torkoal
|-unboost|p2b: Torkoal|atk|1
|-unboost|p2b: Torkoal|spa|1
|
|t:|1756924206
|switch|p1a: Ursaluna|Ursaluna-Bloodmoon, L50, M|44/100|[from] Parting Shot
|
|-weather|SunnyDay|[upkeep]
|-fieldend|move: Psychic Terrain
|upkeep
|turn|6
|
|t:|1756924230
|move|p1b: Dragonite|Protect|p1b: Dragonite
|-singleturn|p1b: Dragonite|Protect
|move|p1a: Ursaluna|Vacuum Wave|p2b: Torkoal
|-damage|p2b: Torkoal|36/100
|move|p2b: Torkoal|Heat Wave|p1a: Ursaluna|[spread] p1a
|-activate|p1b: Dragonite|move: Protect
|-damage|p1a: Ursaluna|19/100
|move|p2a: Hatterene|Dazzling Gleam|p1a: Ursaluna|[spread] p1a
|-activate|p1b: Dragonite|move: Protect
|-damage|p1a: Ursaluna|0 fnt
|faint|p1a: Ursaluna
|-damage|p2a: Hatterene|43/100|[from] item: Life Orb
|
|-weather|SunnyDay|[upkeep]
|upkeep
|
|t:|1756924241
|switch|p1a: Incineroar|Incineroar, L50, F|56/100
|-ability|p1a: Incineroar|Intimidate|boost
|-unboost|p2a: Hatterene|atk|1
|-unboost|p2b: Torkoal|atk|1
|turn|7
|
|t:|1756924250
|switch|p2b: Indeedee|Indeedee-F, L50, F|33/100
|-fieldstart|move: Psychic Terrain|[from] ability: Psychic Surge|[of] p2b: Indeedee
|move|p2a: Hatterene|Protect|p2a: Hatterene
|-singleturn|p2a: Hatterene|Protect
|move|p1a: Incineroar|Fake Out|p2a: Hatterene
|-activate|p2a: Hatterene|move: Psychic Terrain
|move|p1b: Dragonite|Scale Shot|p2b: Indeedee
|-damage|p2b: Indeedee|16/100
|-damage|p2b: Indeedee|0 fnt
|faint|p2b: Indeedee
|-hitcount|p2: Indeedee|2
|-unboost|p1b: Dragonite|def|1
|-boost|p1b: Dragonite|spe|1
|
|-weather|SunnyDay|[upkeep]
|-fieldend|move: Trick Room
|upkeep
|
|t:|1756924261
|switch|p2b: Torkoal|Torkoal, L50, M|36/100
|turn|8
|inactive|Bestof8PerDay has 30 seconds left.
|inactive|Bestof8PerDay has 20 seconds left.
|
|t:|1756924298
|move|p1b: Dragonite|Protect|p1b: Dragonite
|-singleturn|p1b: Dragonite|Protect
|move|p2b: Torkoal|Protect|p2b: Torkoal
|-singleturn|p2b: Torkoal|Protect
|move|p1a: Incineroar|Flare Blitz|p2a: Hatterene
|-damage|p2a: Hatterene|0 fnt
|faint|p2a: Hatterene
|-damage|p1a: Incineroar|46/100|[from] Recoil
|
|-weather|none
|upkeep
|turn|9
|-message|supremeenchilada forfeited.
|
|win|Bestof8PerDay
||supremeenchilada is ready for game 3.
||Bestof8PerDay is ready for game 3.
|uhtml|next|Next: Game 3 of 3
|l|☆supremeenchilada
|player|p2|
