|j|☆don zaloog is real
|j|☆dracojackson
|html|don zaloog is realdracojackson    
|uhtml|bestof|Game 3 of a best-of-3
|t:|1756734077
|gametype|doubles
|player|p1|don zaloog is real|collector|
|player|p2|dracojackson|hilbert|
|gen|9
|tier|[Gen 9] VGC 2025 Reg H (Bo3)
|rule|Species Clause: Limit one of each Pokémon
|rule|Item Clause: Limit 1 of each item
|clearpoke
|poke|p1|Murkrow, L50, M|
|poke|p1|Basculegion, L50, M|
|poke|p1|Gholdengo, L50|
|poke|p1|Pawmot, L50, M|
|poke|p1|Kommo-o, L50, M|
|poke|p1|Amoonguss, L50, M|
|poke|p2|Porygon2, L50|
|poke|p2|Incineroar, L50, F|
|poke|p2|Ursaluna, L50, F|
|poke|p2|Amoonguss, L50, M|
|poke|p2|Gholdengo, L50|
|poke|p2|Dragonite, L50, M|
|teampreview|4
|showteam|p1|Murkrow||Eviolite|Prankster|BraveBird,Tailwind,Quash,Haze|||M|||50|,,,,,Ghost]Basculegion||ChoiceScarf|Adaptability|LastRespects,WaveCrash,FlipTurn,AquaJet|||M|||50|,,,,,Grass]Gholdengo||ChoiceSpecs|GoodasGold|MakeItRain,ShadowBall,PowerGem,SteelBeam||||||50|,,,,,Steel]Pawmot||FocusSash|VoltAbsorb|CloseCombat,DoubleShock,Protect,RevivalBlessing|||M|||50|,,,,,Electric]Kommo-o||LifeOrb|Overcoat|ClangingScales,AuraSphere,Flamethrower,Protect|||M|||50|,,,,,Fire]Amoonguss||CovertCloak|Regenerator|LeafStorm,SludgeBomb,Spore,RagePowder|||M|||50|,,,,,Water
|showteam|p2|Porygon2||Eviolite|Download|TeraBlast,IceBeam,Recover,TrickRoom||||||50|,,,,,Fighting]Incineroar||SafetyGoggles|Intimidate|FakeOut,KnockOff,FlareBlitz,PartingShot|||F|||50|,,,,,Ghost]Ursaluna||FlameOrb|Guts|HeadlongRush,Facade,Earthquake,Protect|||F|||50|,,,,,Ghost]Amoonguss||SitrusBerry|Regenerator|PollenPuff,Spore,RagePowder,Protect|||M|||50|,,,,,Water]Gholdengo||LifeOrb|GoodasGold|MakeItRain,ShadowBall,NastyPlot,Protect||||||50|,,,,,Dragon]Dragonite||LoadedDice|Multiscale|ScaleShot,Haze,Tailwind,Protect|||M|||50|,,,,,Steel
|
|t:|1756734118
|teamsize|p1|4
|teamsize|p2|4
|start
|switch|p1a: Kommo-o|Kommo-o, L50, M|100/100
|switch|p1b: Basculegion|Basculegion, L50, M|100/100
|switch|p2a: Tomato|Incineroar, L50, F|100/100
|switch|p2b: Dingus|Gholdengo, L50, shiny|100/100
|-ability|p2a: Tomato|Intimidate|boost
|-unboost|p1a: Kommo-o|atk|1
|-unboost|p1b: Basculegion|atk|1
|turn|1
|
|t:|1756734138
|move|p2a: Tomato|Fake Out|p1a: Kommo-o
|-damage|p1a: Kommo-o|88/100
|move|p1b: Basculegion|Flip Turn|p2a: Tomato
|-supereffective|p2a: Tomato
|-damage|p2a: Tomato|47/100
|
|t:|1756734144
|switch|p1b: Pawmot|Pawmot, L50, M|100/100|[from] Flip Turn
|move|p2b: Dingus|Shadow Ball|p1b: Pawmot
|-damage|p1b: Pawmot|12/100
|-damage|p2b: Dingus|91/100|[from] item: Life Orb
|cant|p1a: Kommo-o|flinch
|
|upkeep
|turn|2
|
|t:|1756734180
|-terastallize|p2a: Tomato|Ghost
|move|p1b: Pawmot|Double Shock|p2b: Dingus
|-crit|p2b: Dingus
|-damage|p2b: Dingus|0 fnt
|-start|p1b: Pawmot|typechange|???/Fighting|[from] move: Double Shock
|faint|p2b: Dingus
|move|p1a: Kommo-o|Clanging Scales|p2a: Tomato
|-damage|p2a: Tomato|0 fnt
|faint|p2a: Tomato
|-unboost|p1a: Kommo-o|def|1
|-damage|p1a: Kommo-o|78/100|[from] item: Life Orb
|
|upkeep
|
|t:|1756734186
|switch|p2b: LaFawnduh|Amoonguss, L50, M|100/100
|switch|p2a: IGOR|Ursaluna, L50, F, shiny|100/100
|turn|3
|
|t:|1756734204
|move|p1b: Pawmot|Protect|p1b: Pawmot
|-singleturn|p1b: Pawmot|Protect
|move|p2b: LaFawnduh|Rage Powder|p2b: LaFawnduh
|-singleturn|p2b: LaFawnduh|move: Rage Powder
|move|p1a: Kommo-o|Clanging Scales|p2a: IGOR|[spread] p2a,p2b
|-damage|p2a: IGOR|54/100
|-damage|p2b: LaFawnduh|59/100
|-unboost|p1a: Kommo-o|def|1
|-damage|p1a: Kommo-o|69/100|[from] item: Life Orb
|move|p2a: IGOR|Headlong Rush|p1a: Kommo-o
|-damage|p1a: Kommo-o|0 fnt
|-unboost|p2a: IGOR|def|1
|-unboost|p2a: IGOR|spd|1
|faint|p1a: Kommo-o
|
|-status|p2a: IGOR|brn|[from] item: Flame Orb
|upkeep
|
|t:|1756734226
|switch|p1a: Basculegion|Basculegion, L50, M|100/100
|turn|4
|
|t:|1756734240
|-terastallize|p1a: Basculegion|Grass
|move|p2a: IGOR|Protect|p2a: IGOR
|-singleturn|p2a: IGOR|Protect
|move|p1a: Basculegion|Wave Crash|p2a: IGOR
|-activate|p2a: IGOR|move: Protect
|move|p1b: Pawmot|Revival Blessing|p1b: Pawmot
|
|t:|1756734244
|-heal|p1: Kommo-o|50/100|[from] move: Revival Blessing
|move|p2b: LaFawnduh|Pollen Puff|p1a: Basculegion
|-supereffective|p1a: Basculegion
|-damage|p1a: Basculegion|55/100
|
|-damage|p2a: IGOR|48/100 brn|[from] brn
|upkeep
|turn|5
|
|t:|1756734250
|move|p2a: IGOR|Protect||[still]
|-fail|p2a: IGOR
|move|p1a: Basculegion|Wave Crash|p2a: IGOR
|-supereffective|p2a: IGOR
|-damage|p2a: IGOR|0 fnt
|faint|p2a: IGOR
|-damage|p1a: Basculegion|37/100|[from] Recoil
|move|p1b: Pawmot|Close Combat|p2b: LaFawnduh
|-resisted|p2b: LaFawnduh
|-damage|p2b: LaFawnduh|36/100
|-unboost|p1b: Pawmot|def|1
|-unboost|p1b: Pawmot|spd|1
|-enditem|p2b: LaFawnduh|Sitrus Berry|[eat]
|-heal|p2b: LaFawnduh|61/100|[from] item: Sitrus Berry
|move|p2b: LaFawnduh|Pollen Puff|p1a: Basculegion
|-supereffective|p1a: Basculegion
|-damage|p1a: Basculegion|0 fnt
|faint|p1a: Basculegion
|
|upkeep
|-message|dracojackson forfeited.
|
|win|don zaloog is real
|c|☆dracojackson|Gg
|c|☆don zaloog is real|ggs. not sure if i can beat these 4 without crits
|c|☆dracojackson|Lol u did fine g1
|c|☆dracojackson|I just think I don’t bring dnite cuz I get outpaced
|c|☆don zaloog is real|yeah. i'm glad p2 isn't coming, but kinda wish it was since i may have overinvested in killing it
|c|☆don zaloog is real|i'm gonna have to figure out how to handle incin+dengo
|c|☆dracojackson|Ye it seems p strong into ur team if they have gus in the back
|c|☆don zaloog is real|yeah. i don't like the 3 best pokemon being strong into the team
|c|☆dracojackson|I didn’t bring p2 btw cuz of quash and idk if I need dengo incin under tr tbh
