|j|☆freudianbreath
|j|☆TeriyakiFr
|html|freudianbreathTeriyakiFr    
|uhtml|bestof|Game 2 of a best-of-3
|t:|1756246031
|gametype|doubles
|player|p1|freudianbreath|170|1053
|player|p2|TeriyakiFr|1|1045
|gen|9
|tier|[Gen 9] VGC 2025 Reg H (Bo3)
|rated|
|rule|Species Clause: Limit one of each Pokémon
|rule|Item Clause: Limit 1 of each item
|clearpoke
|poke|p1|Incineroar, L50, F|
|poke|p1|Dragonite, L50, M|
|poke|p1|Gholdengo, L50|
|poke|p1|Breloom, L50, F|
|poke|p1|Arcanine-Hisui, L50, F|
|poke|p1|Rillaboom, L50, M|
|poke|p2|Incineroar, L50, F|
|poke|p2|Amoonguss, L50, M|
|poke|p2|Ursaluna, L50, M|
|poke|p2|Whimsicott, L50, F|
|poke|p2|Sneasler, L50, M|
|poke|p2|Rillaboom, L50, M|
|teampreview|4
|showteam|p1|Incineroar||SafetyGoggles|Intimidate|FakeOut,KnockOff,WillOWisp,PartingShot|||F|||50|,,,,,Ghost]Dragonite||SilkScarf|Multiscale|Protect,ExtremeSpeed,Tailwind,StompingTantrum|||M|||50|,,,,,Fairy]Gholdengo||LifeOrb|GoodasGold|MakeItRain,ShadowBall,NastyPlot,Protect||||||50|,,,,,Dragon]Breloom||LoadedDice|Technician|BulletSeed,MachPunch,Protect,Spore|||F|||50|,,,,,Fire]Arcanine-Hisui||ChoiceBand|Intimidate|ExtremeSpeed,FlareBlitz,RockSlide,HeadSmash|||F|||50|,,,,,Normal]Rillaboom||AssaultVest|GrassySurge|WoodHammer,GrassyGlide,FakeOut,HighHorsepower|||M|||50|,,,,,Fire
|showteam|p2|Incineroar||SafetyGoggles|Intimidate|FakeOut,KnockOff,PartingShot,FlareBlitz|||F|||50|,,,,,Ghost]Amoonguss||RockyHelmet|Regenerator|Spore,RagePowder,Protect,SludgeBomb|||M|||50|,,,,,Water]Ursaluna||FlameOrb|Guts|Facade,Earthquake,Protect,HeadlongRush|||M|||50|,,,,,Ghost]Whimsicott||CovertCloak|Prankster|Tailwind,Protect,Moonblast,Encore|||F|||50|,,,,,Fairy]Sneasler||FocusSash|Unburden|ThroatChop,FakeOut,PoisonJab,CloseCombat|||M|||50|,,,,,Fighting]Rillaboom||AssaultVest|GrassySurge|WoodHammer,FakeOut,Uturn,GrassyGlide|||M|||50|,,,,,Grass
|inactive|Battle timer is ON: inactive players will automatically lose when time's up. (requested by TeriyakiFr)
|inactive|freudianbreath has 60 seconds left.
|
|t:|1756246123
|teamsize|p1|4
|teamsize|p2|4
|start
|switch|p1a: Incineroar|Incineroar, L50, F|100/100
|switch|p1b: Arcanine|Arcanine-Hisui, L50, F|100/100
|switch|p2a: Incineroar|Incineroar, L50, F|100/100
|switch|p2b: Sneasler|Sneasler, L50, M|100/100
|-ability|p1b: Arcanine|Intimidate|boost
|-unboost|p2a: Incineroar|atk|1
|-unboost|p2b: Sneasler|atk|1
|-ability|p1a: Incineroar|Intimidate|boost
|-unboost|p2a: Incineroar|atk|1
|-unboost|p2b: Sneasler|atk|1
|-ability|p2a: Incineroar|Intimidate|boost
|-unboost|p1a: Incineroar|atk|1
|-unboost|p1b: Arcanine|atk|1
|turn|1
|inactive|freudianbreath has 30 seconds left.
|inactive|TeriyakiFr has 30 seconds left.
|inactive|freudianbreath has 20 seconds left.
|inactive|freudianbreath has 15 seconds left.
|
|t:|1756246167
|move|p1a: Incineroar|Fake Out|p2b: Sneasler
|-damage|p2b: Sneasler|87/100
|move|p2a: Incineroar|Fake Out|p1b: Arcanine
|-resisted|p1b: Arcanine
|-damage|p1b: Arcanine|97/100
|cant|p2b: Sneasler|flinch
|cant|p1b: Arcanine|flinch
|
|upkeep
|turn|2
|inactive|freudianbreath has 30 seconds left.
|inactive|TeriyakiFr has 30 seconds left.
|inactive|freudianbreath has 20 seconds left.
|
|t:|1756246203
|move|p2b: Sneasler|Close Combat|p1b: Arcanine
|-supereffective|p1b: Arcanine
|-damage|p1b: Arcanine|13/100
|-unboost|p2b: Sneasler|def|1
|-unboost|p2b: Sneasler|spd|1
|move|p1b: Arcanine|Head Smash|p2a: Incineroar
|-supereffective|p2a: Incineroar
|-damage|p2a: Incineroar|0 fnt
|faint|p2a: Incineroar
|-damage|p1b: Arcanine|0 fnt|[from] Recoil
|faint|p1b: Arcanine
|move|p1a: Incineroar|Will-O-Wisp|p2b: Sneasler
|-status|p2b: Sneasler|brn
|
|-damage|p2b: Sneasler|81/100 brn|[from] brn
|upkeep
|inactive|freudianbreath has 30 seconds left.
|inactive|freudianbreath has 20 seconds left.
|inactive|freudianbreath has 15 seconds left.
|
|t:|1756246245
|switch|p1b: Rillaboom|Rillaboom, L50, M|100/100
|switch|p2a: Ursaluna|Ursaluna, L50, M|100/100
|-fieldstart|move: Grassy Terrain|[from] ability: Grassy Surge|[of] p1b: Rillaboom
|turn|3
|inactive|freudianbreath has 30 seconds left.
|inactive|freudianbreath has 20 seconds left.
|inactive|freudianbreath has 15 seconds left.
|
|t:|1756246290
|switch|p2b: Whimsicott|Whimsicott, L50, F|100/100
|move|p2a: Ursaluna|Protect|p2a: Ursaluna
|-singleturn|p2a: Ursaluna|Protect
|move|p1b: Rillaboom|Wood Hammer|p2a: Ursaluna
|-activate|p2a: Ursaluna|move: Protect
|move|p1a: Incineroar|Parting Shot|p2b: Whimsicott
|-unboost|p2b: Whimsicott|atk|1
|-unboost|p2b: Whimsicott|spa|1
|
|t:|1756246294
|switch|p1a: Gholdengo|Gholdengo, L50|100/100|[from] Parting Shot
|
|-status|p2a: Ursaluna|brn|[from] item: Flame Orb
|upkeep
|turn|4
|inactive|freudianbreath has 30 seconds left.
|inactive|TeriyakiFr has 30 seconds left.
|inactive|TeriyakiFr has 20 seconds left.
|
|t:|1756246333
|-terastallize|p1a: Gholdengo|Dragon
|-terastallize|p2a: Ursaluna|Ghost
|move|p2b: Whimsicott|Tailwind|p2b: Whimsicott
|-sidestart|p2: TeriyakiFr|move: Tailwind
|move|p1b: Rillaboom|Grassy Glide|p2a: Ursaluna
|-damage|p2a: Ursaluna|76/100 brn
|move|p1a: Gholdengo|Make It Rain|p2a: Ursaluna|[spread] p2a,p2b
|-supereffective|p2b: Whimsicott
|-damage|p2a: Ursaluna|22/100 brn
|-damage|p2b: Whimsicott|0 fnt
|-unboost|p1a: Gholdengo|spa|1
|faint|p2b: Whimsicott
|-damage|p1a: Gholdengo|91/100|[from] item: Life Orb
|move|p2a: Ursaluna|Headlong Rush|p1a: Gholdengo
|-damage|p1a: Gholdengo|0 fnt
|-unboost|p2a: Ursaluna|def|1
|-unboost|p2a: Ursaluna|spd|1
|faint|p1a: Gholdengo
|
|-heal|p2a: Ursaluna|27/100 brn|[from] Grassy Terrain
|-damage|p2a: Ursaluna|22/100 brn|[from] brn
|upkeep
|inactive|TeriyakiFr has 30 seconds left.
|
|t:|1756246359
|switch|p2b: Sneasler|Sneasler, L50, M|81/100 brn
|switch|p1a: Incineroar|Incineroar, L50, F|100/100
|-ability|p1a: Incineroar|Intimidate|boost
|-unboost|p2a: Ursaluna|atk|1
|-unboost|p2b: Sneasler|atk|1
|turn|5
|inactive|freudianbreath has 30 seconds left.
|inactive|freudianbreath has 20 seconds left.
|inactive|freudianbreath has 15 seconds left.
|inactive|freudianbreath has 10 seconds left.
|inactive|freudianbreath has 5 seconds left.
|
|t:|1756246410
|move|p1b: Rillaboom|Grassy Glide|p2a: Ursaluna
|-damage|p2a: Ursaluna|0 fnt
|faint|p2a: Ursaluna
|move|p2b: Sneasler|Poison Jab|p1b: Rillaboom
|-supereffective|p1b: Rillaboom
|-damage|p1b: Rillaboom|70/100
|move|p1a: Incineroar|Knock Off|p2b: Sneasler
|-resisted|p2b: Sneasler
|-damage|p2b: Sneasler|46/100 brn
|-enditem|p2b: Sneasler|Focus Sash|[from] move: Knock Off|[of] p1a: Incineroar
|
|-heal|p2b: Sneasler|52/100 brn|[from] Grassy Terrain
|-heal|p1b: Rillaboom|76/100|[from] Grassy Terrain
|-damage|p2b: Sneasler|46/100 brn|[from] brn
|upkeep
|turn|6
|inactive|freudianbreath has 30 seconds left.
|
|t:|1756246438
|move|p2b: Sneasler|Close Combat|p1a: Incineroar
|-supereffective|p1a: Incineroar
|-damage|p1a: Incineroar|63/100
|-unboost|p2b: Sneasler|def|1
|-unboost|p2b: Sneasler|spd|1
|move|p1b: Rillaboom|High Horsepower|p2b: Sneasler
|-supereffective|p2b: Sneasler
|-damage|p2b: Sneasler|0 fnt
|faint|p2b: Sneasler
|
|win|freudianbreath
|raw|freudianbreath's rating: 1053 → 1084(+31 for winning)
|raw|TeriyakiFr's rating: 1045 → 1029(-16 for losing)
