|j|☆Lacossg
|j|☆Realfrytki
|html|LacossgRealfrytki    
|uhtml|bestof|Game 3 of a best-of-3
|t:|1755259561
|gametype|doubles
|player|p1|Lacossg|102|1197
|player|p2|Realfrytki|veteranf|1354
|gen|9
|tier|[Gen 9] VGC 2025 Reg H (Bo3)
|rated|
|rule|Species Clause: Limit one of each Pokémon
|rule|Item Clause: Limit 1 of each item
|clearpoke
|poke|p1|Pachirisu, L50, M|
|poke|p1|Ribombee, L50, F|
|poke|p1|Incineroar, L50, M|
|poke|p1|Rillaboom, L50, F|
|poke|p1|Garganacl, L50, M|
|poke|p1|Glimmora, L50, F|
|poke|p2|Volcarona, L50, M|
|poke|p2|Rillaboom, L50, F|
|poke|p2|Dragonite, L50, M|
|poke|p2|Kingambit, L50, F|
|poke|p2|Sneasler, L50, F|
|poke|p2|Gastrodon, L50, M|
|teampreview|4
|showteam|p1|Pachirisu||IapapaBerry|VoltAbsorb|FollowMe,SuperFang,Encore,Protect|||M|||50|,,,,,Water]Ribombee||FocusSash|ShieldDust|Tailwind,Moonblast,PollenPuff,QuiverDance|||F|||50|,,,,,Fairy]Incineroar||SafetyGoggles|Intimidate|KnockOff,FlareBlitz,PartingShot,FakeOut|||M|||50|,,,,,Ghost]Rillaboom||SitrusBerry|GrassySurge|HighHorsepower,LeechSeed,WoodHammer,FakeOut|||F|||50|,,,,,Fire]Garganacl||MarangaBerry|PurifyingSalt|SaltCure,Recover,StealthRock,Protect|||M|||50|,,,,,Ghost]Glimmora||CovertCloak|ToxicDebris|SpikyShield,SludgeBomb,PowerGem,EarthPower|||F|||50|,,,,,Grass
|showteam|p2|Volcarona||Leftovers|FlameBody|HeatWave,TeraBlast,QuiverDance,Protect|||M|||50|,,,,,Fairy]Rillaboom||MiracleSeed|GrassySurge|WoodHammer,GrassyGlide,FakeOut,Protect|||F|||50|,,,,,Fire]Dragonite||LoadedDice|Multiscale|ScaleShot,ExtremeSpeed,Haze,Protect|||M|||50|,,,,,Steel]Kingambit||AssaultVest|Defiant|KowtowCleave,SuckerPunch,IronHead,TeraBlast|||F|||50|,,,,,Flying]Sneasler||FocusSash|Unburden|CloseCombat,DireClaw,Coaching,FakeOut|||F|||50|,,,,,Stellar]Gastrodon||SitrusBerry|StormDrain|EarthPower,IceBeam,Yawn,Protect|||M|||50|,,,,,Poison
|
|t:|1755259607
|teamsize|p1|4
|teamsize|p2|4
|start
|switch|p1a: Glimmora|Glimmora, L50, F|100/100
|switch|p1b: Ribombee|Ribombee, L50, F|100/100
|switch|p2a: Sneasler|Sneasler, L50, F|100/100
|switch|p2b: Kingambit|Kingambit, L50, F|100/100
|turn|1
|
|t:|1755259640
|-terastallize|p2b: Kingambit|Flying
|move|p2a: Sneasler|Fake Out|p1b: Ribombee
|-damage|p1b: Ribombee|74/100
|move|p1b: Ribombee|Moonblast|p2a: Sneasler
|-damage|p2a: Sneasler|50/100
|move|p1a: Glimmora|Earth Power|p2a: Sneasler
|-supereffective|p2a: Sneasler
|-damage|p2a: Sneasler|0 fnt
|faint|p2a: Sneasler
|move|p2b: Kingambit|Tera Blast|p1b: Ribombee|[anim] Tera Blast Flying
|-supereffective|p1b: Ribombee
|-damage|p1b: Ribombee|0 fnt
|faint|p1b: Ribombee
|
|upkeep
|
|t:|1755259658
|switch|p1b: Garganacl|Garganacl, L50, M|100/100
|switch|p2a: Gastrodon|Gastrodon, L50, M|100/100
|turn|2
|
|t:|1755259687
|-terastallize|p1a: Glimmora|Grass
|move|p1a: Glimmora|Power Gem|p2b: Kingambit
|-supereffective|p2b: Kingambit
|-damage|p2b: Kingambit|40/100
|move|p2b: Kingambit|Tera Blast|p1a: Glimmora|[anim] Tera Blast Flying
|-supereffective|p1a: Glimmora
|-damage|p1a: Glimmora|0 fnt
|-activate|p1a: Glimmora|ability: Toxic Debris
|-sidestart|p2: Realfrytki|move: Toxic Spikes
|faint|p1a: Glimmora
|move|p2a: Gastrodon|Earth Power|p1b: Garganacl
|-supereffective|p1b: Garganacl
|-damage|p1b: Garganacl|43/100
|-enditem|p1b: Garganacl|Maranga Berry|[eat]
|-boost|p1b: Garganacl|spd|1|[from] item: Maranga Berry
|move|p1b: Garganacl|Salt Cure|p2a: Gastrodon
|-resisted|p2a: Gastrodon
|-damage|p2a: Gastrodon|94/100
|-start|p2a: Gastrodon|Salt Cure
|
|-damage|p2a: Gastrodon|69/100|[from] Salt Cure
|upkeep
|
|t:|1755259695
|switch|p1a: Incineroar|Incineroar, L50, M|100/100
|-ability|p1a: Incineroar|Intimidate|boost
|-unboost|p2a: Gastrodon|atk|1
|-unboost|p2b: Kingambit|atk|1
|-ability|p2b: Kingambit|Defiant|boost
|-boost|p2b: Kingambit|atk|2
|turn|3
|
|t:|1755259713
|switch|p2b: Rillaboom|Rillaboom, L50, F|100/100
|-status|p2b: Rillaboom|psn
|-fieldstart|move: Grassy Terrain|[from] ability: Grassy Surge|[of] p2b: Rillaboom
|move|p1a: Incineroar|Flare Blitz|p2b: Rillaboom
|-supereffective|p2b: Rillaboom
|-damage|p2b: Rillaboom|4/100 psn
|-damage|p1a: Incineroar|67/100|[from] Recoil
|move|p2a: Gastrodon|Earth Power|p1a: Incineroar
|-supereffective|p1a: Incineroar
|-damage|p1a: Incineroar|1/100
|move|p1b: Garganacl|Recover|p1b: Garganacl
|-heal|p1b: Garganacl|93/100
|
|-heal|p1a: Incineroar|7/100|[from] Grassy Terrain
|-heal|p2b: Rillaboom|10/100 psn|[from] Grassy Terrain
|-heal|p2a: Gastrodon|75/100|[from] Grassy Terrain
|-heal|p1b: Garganacl|99/100|[from] Grassy Terrain
|-damage|p2b: Rillaboom|0 fnt|[from] psn
|faint|p2b: Rillaboom
|-damage|p2a: Gastrodon|50/100|[from] Salt Cure
|upkeep
|-enditem|p2a: Gastrodon|Sitrus Berry|[eat]
|-heal|p2a: Gastrodon|75/100|[from] item: Sitrus Berry
|
|t:|1755259733
|switch|p2b: Kingambit|Kingambit, L50, F, tera:Flying|40/100
|turn|4
|
|t:|1755259744
|move|p1a: Incineroar|Fake Out||[still]
|-hint|Fake Out only works on your first turn out.
|-fail|p1a: Incineroar
|move|p2b: Kingambit|Sucker Punch||[still]
|-fail|p2b: Kingambit
|move|p2a: Gastrodon|Yawn|p1b: Garganacl
|-immune|p1b: Garganacl|[from] ability: Purifying Salt
|move|p1b: Garganacl|Salt Cure|p2b: Kingambit
|-supereffective|p2b: Kingambit
|-damage|p2b: Kingambit|18/100
|-start|p2b: Kingambit|Salt Cure
|
|-heal|p1a: Incineroar|13/100|[from] Grassy Terrain
|-heal|p2a: Gastrodon|81/100|[from] Grassy Terrain
|-heal|p1b: Garganacl|100/100|[from] Grassy Terrain
|-damage|p2b: Kingambit|6/100|[from] Salt Cure
|-damage|p2a: Gastrodon|56/100|[from] Salt Cure
|upkeep
|turn|5
|
|t:|1755259766
|move|p2b: Kingambit|Sucker Punch|p1a: Incineroar
|-resisted|p1a: Incineroar
|-damage|p1a: Incineroar|0 fnt
|faint|p1a: Incineroar
|move|p2a: Gastrodon|Earth Power|p1b: Garganacl
|-supereffective|p1b: Garganacl
|-damage|p1b: Garganacl|68/100
|move|p1b: Garganacl|Recover|p1b: Garganacl
|-heal|p1b: Garganacl|100/100
|
|-heal|p2a: Gastrodon|62/100|[from] Grassy Terrain
|-damage|p2b: Kingambit|0 fnt|[from] Salt Cure
|faint|p2b: Kingambit
|-damage|p2a: Gastrodon|37/100|[from] Salt Cure
|upkeep
|turn|6
|
|t:|1755259780
|move|p1b: Garganacl|Protect|p1b: Garganacl
|-singleturn|p1b: Garganacl|Protect
|move|p2a: Gastrodon|Earth Power|p1b: Garganacl
|-activate|p1b: Garganacl|move: Protect
|
|-heal|p2a: Gastrodon|43/100|[from] Grassy Terrain
|-damage|p2a: Gastrodon|18/100|[from] Salt Cure
|upkeep
|turn|7
|
|t:|1755259808
|move|p2a: Gastrodon|Earth Power|p1b: Garganacl
|-supereffective|p1b: Garganacl
|-damage|p1b: Garganacl|62/100
|move|p1b: Garganacl|Recover|p1b: Garganacl
|-heal|p1b: Garganacl|100/100
|
|-heal|p2a: Gastrodon|24/100|[from] Grassy Terrain
|-damage|p2a: Gastrodon|0 fnt|[from] Salt Cure
|faint|p2a: Gastrodon
|
|win|Lacossg
|raw|Lacossg's rating: 1197 → 1233(+36 for winning)
|raw|Realfrytki's rating: 1354 → 1326(-28 for losing)
|l|☆Realfrytki
|player|p2|
