|j|☆Erp_01
|j|☆angusgrind13
|html|Erp_01angusgrind13    
|uhtml|bestof|Game 1 of a best-of-3
|t:|1784816940
|gametype|doubles
|player|p1|Erp_01|roy|1238
|player|p2|angusgrind13|steven|1161
|gen|9
|tier|[Gen 9 Champions] VGC 2026 Reg M-B (Bo3)
|rated|
|rule|Species Clause: Limit one of each Pokémon
|rule|Item Clause: Limit 1 of each item
|clearpoke
|poke|p1|Froslass, L50, F|
|poke|p1|Glimmora, L50, F|
|poke|p1|Palafin, L50, M, shiny|
|poke|p1|Dragonite, L50, F|
|poke|p1|Kingambit, L50, F, shiny|
|poke|p1|Sinistcha-Masterpiece, L50|
|poke|p2|Primarina, L50, F|
|poke|p2|Kingambit, L50, M|
|poke|p2|Froslass, L50, F|
|poke|p2|Sneasler, L50, F|
|poke|p2|Lycanroc-Dusk, L50, F|
|poke|p2|Dragonite, L50, M|
|teampreview|4
|showteam|p1|Froslass||Froslassite|CursedBody|IcyWind,Blizzard,ShadowBall,AuroraVeil|Timid||F|||50|]Glimmora||FocusSash|ToxicDebris|PowerGem,EarthPower,SludgeBomb,SpikyShield|Modest||F|||50|]Palafin||Leftovers|ZerotoHero|WaveCrash,JetPunch,BulkUp,Protect|Adamant||M|||50|]Dragonite||Dragoninite|Multiscale|Tailwind,DragonPulse,HeatWave,Protect|Modest||F|||50|]Kingambit||BlackGlasses|Defiant|KowtowCleave,SuckerPunch,SwordsDance,Protect|Adamant||F|||50|]Sinistcha-Masterpiece||ColburBerry|Hospitality|MatchaGotcha,RagePowder,TrickRoom,Protect|Calm|||||50|
|showteam|p2|Primarina||LifeOrb|LiquidVoice|HyperVoice,Moonblast,Haze,Protect|Modest||F|||50|]Kingambit||BlackGlasses|Defiant|KowtowCleave,SuckerPunch,SwordsDance,Protect|Adamant||M|||50|]Froslass||Froslassite|CursedBody|Blizzard,ShadowBall,AuroraVeil,Protect|Timid||F|||50|]Sneasler||WhiteHerb|Unburden|GunkShot,CloseCombat,FakeOut,Protect|Adamant||F|||50|]Lycanroc-Dusk||FocusSash|ToughClaws|RockSlide,Accelerock,CloseCombat,Protect|Adamant||F|||50|]Dragonite||Dragoninite|Multiscale|DragonPulse,Flamethrower,Tailwind,Protect|Modest||M|||50|
|inactive|Battle timer is ON: inactive players will automatically lose when time's up. (requested by Erp_01)
|
|t:|1784817005
|teamsize|p1|4
|teamsize|p2|4
|start
|switch|p1a: Froslass|Froslass, L50, F|100/100
|switch|p1b: Glimmora|Glimmora, L50, F|100/100
|switch|p2a: Dragonite|Dragonite, L50, M|100/100
|switch|p2b: Kingambit|Kingambit, L50, M|100/100
|turn|1
|inactive|angusgrind13 has 30 seconds left.
|
|t:|1784817033
|switch|p2a: Sneasler|Sneasler, L50, F|100/100
|detailschange|p1a: Froslass|Froslass-Mega, L50, F
|-mega|p1a: Froslass|Froslass|Froslassite
|-weather|Snowscape|[from] ability: Snow Warning|[of] p1a: Froslass
|move|p2b: Kingambit|Sucker Punch||[still]
|-fail|p2b: Kingambit
|move|p1a: Froslass|Aurora Veil|p1a: Froslass
|-sidestart|p1: Erp_01|move: Aurora Veil
|move|p1b: Glimmora|Earth Power|p2b: Kingambit
|-supereffective|p2b: Kingambit|1
|-damage|p2b: Kingambit|26/100
|
|-weather|Snowscape|[upkeep]
|upkeep
|turn|2
|
|t:|1784817049
|move|p1b: Glimmora|Spiky Shield|p1b: Glimmora
|-singleturn|p1b: Glimmora|move: Protect
|move|p2a: Sneasler|Fake Out|p1b: Glimmora
|-activate|p1b: Glimmora|move: Protect
|-damage|p2a: Sneasler|87/100|[from] Spiky Shield|[of] p1b: Glimmora
|move|p2b: Kingambit|Sucker Punch|p1a: Froslass
|-supereffective|p1a: Froslass|1
|-damage|p1a: Froslass|38/100
|move|p1a: Froslass|Blizzard|p2a: Sneasler|[spread] p2a,p2b
|-resisted|p2b: Kingambit|1
|-crit|p2b: Kingambit
|-damage|p2a: Sneasler|39/100
|-damage|p2b: Kingambit|0 fnt
|faint|p2b: Kingambit
|
|-weather|Snowscape|[upkeep]
|upkeep
|
|t:|1784817057
|switch|p2b: Lycanroc|Lycanroc-Dusk, L50, F|100/100
|turn|3
|
|t:|1784817064
|switch|p1b: Sinistcha|Sinistcha-Masterpiece, L50|100/100
|-heal|p1a: Froslass|62/100|[from] ability: Hospitality|[of] p1b: Sinistcha
|move|p2b: Lycanroc|Accelerock|p1a: Froslass
|-supereffective|p1a: Froslass|1
|-crit|p1a: Froslass
|-damage|p1a: Froslass|0 fnt
|faint|p1a: Froslass
|move|p2a: Sneasler|Close Combat|p1b: Sinistcha
|-immune|p1b: Sinistcha
|
|-weather|Snowscape|[upkeep]
|upkeep
|
|t:|1784817073
|switch|p1a: Glimmora|Glimmora, L50, F|100/100
|turn|4
|
|t:|1784817082
|switch|p2b: Dragonite|Dragonite, L50, M|100/100
|move|p1a: Glimmora|Spiky Shield|p1a: Glimmora
|-singleturn|p1a: Glimmora|move: Protect
|move|p2a: Sneasler|Close Combat|p1a: Glimmora
|-activate|p1a: Glimmora|move: Protect
|-damage|p2a: Sneasler|26/100|[from] Spiky Shield|[of] p1a: Glimmora
|move|p1b: Sinistcha|Matcha Gotcha|p2b: Dragonite|[spread] p2a,p2b
|-resisted|p2a: Sneasler|1
|-resisted|p2b: Dragonite|2
|-damage|p2a: Sneasler|12/100
|-damage|p2b: Dragonite|97/100
|-status|p2a: Sneasler|brn
|
|-weather|Snowscape|[upkeep]
|-damage|p2a: Sneasler|6/100 brn|[from] brn
|upkeep
|turn|5
|
|t:|1784817104
|detailschange|p2b: Dragonite|Dragonite-Mega, L50, M
|-mega|p2b: Dragonite|Dragonite|Dragoninite
|move|p1b: Sinistcha|Protect|p1b: Sinistcha
|-singleturn|p1b: Sinistcha|Protect
|move|p2a: Sneasler|Gunk Shot|p1b: Sinistcha
|-activate|p1b: Sinistcha|move: Protect
|move|p2b: Dragonite|Flamethrower|p1b: Sinistcha
|-activate|p1b: Sinistcha|move: Protect
|move|p1a: Glimmora|Power Gem|p2b: Dragonite
|-supereffective|p2b: Dragonite|1
|-damage|p2b: Dragonite|9/100
|
|-weather|none
|-damage|p2a: Sneasler|1/100 brn|[from] brn
|-sideend|p1: Erp_01|move: Aurora Veil
|upkeep
|turn|6
|
|t:|1784817124
|switch|p1b: Kingambit|Kingambit, L50, F, shiny|100/100
|move|p1a: Glimmora|Spiky Shield|p1a: Glimmora
|-singleturn|p1a: Glimmora|move: Protect
|move|p2a: Sneasler|Close Combat|p1a: Glimmora
|-activate|p1a: Glimmora|move: Protect
|-damage|p2a: Sneasler|0 fnt|[from] Spiky Shield|[of] p1a: Glimmora
|faint|p2a: Sneasler
|move|p2b: Dragonite|Flamethrower|p1b: Kingambit
|-supereffective|p1b: Kingambit|1
|-damage|p1b: Kingambit|28/100
|
|upkeep
|
|t:|1784817130
|switch|p2a: Lycanroc|Lycanroc-Dusk, L50, F|100/100
|turn|7
|
|t:|1784817141
|move|p2b: Dragonite|Protect|p2b: Dragonite
|-singleturn|p2b: Dragonite|Protect
|move|p1b: Kingambit|Sucker Punch||[still]
|-fail|p1b: Kingambit
|move|p2a: Lycanroc|Close Combat|p1b: Kingambit
|-supereffective|p1b: Kingambit|2
|-damage|p1b: Kingambit|0 fnt
|-unboost|p2a: Lycanroc|def|1
|-unboost|p2a: Lycanroc|spd|1
|faint|p1b: Kingambit
|move|p1a: Glimmora|Power Gem|p2b: Dragonite
|-activate|p2b: Dragonite|move: Protect
|
|upkeep
|
|t:|1784817144
|switch|p1b: Sinistcha|Sinistcha-Masterpiece, L50|100/100
|turn|8
|
|t:|1784817161
|move|p1b: Sinistcha|Protect|p1b: Sinistcha
|-singleturn|p1b: Sinistcha|Protect
|move|p2a: Lycanroc|Close Combat|p1a: Glimmora
|-damage|p1a: Glimmora|36/100
|-unboost|p2a: Lycanroc|def|1
|-unboost|p2a: Lycanroc|spd|1
|-activate|p1a: Glimmora|ability: Toxic Debris
|-sidestart|p2: angusgrind13|move: Toxic Spikes
|move|p2b: Dragonite|Flamethrower|p1b: Sinistcha
|-activate|p1b: Sinistcha|move: Protect
|move|p1a: Glimmora|Power Gem|p2b: Dragonite
|-supereffective|p2b: Dragonite|1
|-damage|p2b: Dragonite|0 fnt
|faint|p2b: Dragonite
|
|upkeep
|turn|9
|
|t:|1784817169
|move|p2a: Lycanroc|Rock Slide|p1b: Sinistcha|[spread] p1a
|-miss|p2a: Lycanroc|p1b: Sinistcha
|-damage|p1a: Glimmora|0 fnt
|-activate|p1a: Glimmora|ability: Toxic Debris
|-sidestart|p2: angusgrind13|move: Toxic Spikes
|faint|p1a: Glimmora
|move|p1b: Sinistcha|Matcha Gotcha|p2a: Lycanroc
|-supereffective|p2a: Lycanroc|1
|-enditem|p2a: Lycanroc|Focus Sash
|-damage|p2a: Lycanroc|1/100
|
|upkeep
|turn|10
|
|t:|1784817176
|move|p2a: Lycanroc|Rock Slide|p1b: Sinistcha
|-damage|p1b: Sinistcha|66/100
|cant|p1b: Sinistcha|flinch
|
|upkeep
|turn|11
|
|t:|1784817182
|move|p2a: Lycanroc|Rock Slide|p1b: Sinistcha
|-damage|p1b: Sinistcha|32/100
|move|p1b: Sinistcha|Matcha Gotcha|p2a: Lycanroc
|-supereffective|p2a: Lycanroc|1
|-damage|p2a: Lycanroc|0 fnt
|-heal|p1b: Sinistcha|33/100|[from] drain|[of] p2a: Lycanroc
|faint|p2a: Lycanroc
|
|win|Erp_01
||angusgrind13 is ready for game 2.
