|j|☆wefgrjcnc
|j|☆pinba2
|html|wefgrjcncpinba2    
|uhtml|bestof|Game 2 of a best-of-3
|t:|1757829803
|gametype|doubles
|player|p1|wefgrjcnc|lucian|1017
|player|p2|pinba2|nate|1000
|gen|9
|tier|[Gen 9] VGC 2025 Reg H (Bo3)
|rated|
|rule|Species Clause: Limit one of each Pokémon
|rule|Item Clause: Limit 1 of each item
|clearpoke
|poke|p1|Torkoal, L50, F|
|poke|p1|Exeggutor, L50, F|
|poke|p1|Indeedee-F, L50, F|
|poke|p1|Blaziken, L50, F|
|poke|p1|Ursaluna, L50, F|
|poke|p1|Kommo-o, L50, M|
|poke|p2|Weezing-Galar, L50, M|
|poke|p2|Dugtrio, L50, F|
|poke|p2|Dragonite, L50, M|
|poke|p2|Incineroar, L50, M|
|poke|p2|Dondozo, L50, M|
|poke|p2|Indeedee-F, L50, F|
|teampreview|4
|showteam|p1|Torkoal||EjectPack|Drought|Overheat,Protect,Eruption,HelpingHand|||F|||50|,,,,,Water]Exeggutor||TwistedSpoon|Chlorophyll|SleepPowder,Protect,ExpandingForce,LeafStorm|||F|||50|,,,,,Psychic]Indeedee-F||Leftovers|PsychicSurge|FollowMe,HelpingHand,TrickRoom,Psychic|||F|||50|,,,,,Fire]Blaziken||ClearAmulet|SpeedBoost|Protect,CloseCombat,FlareBlitz,SwordsDance|||F|||50|,,,,,Ghost]Ursaluna||FlameOrb|Guts|Protect,Facade,Earthquake,HeadlongRush|||F|||50|,,,,,Ghost]Kommo-o||PsychicSeed|Bulletproof|IronDefense,BodyPress,Protect,IronHead|||M|||50|,,,,,Steel
|showteam|p2|Weezing-Galar||SitrusBerry|NeutralizingGas|Protect,WillOWisp,StrangeSteam,SludgeBomb|||M|||50|,,,,,Fire]Dugtrio||FocusSash|ArenaTrap|Protect,Earthquake,RockTomb,Endeavor|||F|||50|,,,,,Ground]Dragonite||AbilityShield|Multiscale|Tailwind,ThunderPunch,ExtremeSpeed,IceSpinner|||M|||50|,,,,,Fairy]Incineroar||SafetyGoggles|Intimidate|KnockOff,FlareBlitz,PartingShot,FakeOut|||M|||50|,,,,,Bug]Dondozo||AssaultVest|Unaware|BodyPress,WaveCrash,RockSlide,Fissure|||M|||50|,,,,,Grass]Indeedee-F||RockyHelmet|PsychicSurge|HealPulse,TrickRoom,FollowMe,Psychic|||F|||50|,,,,,Fairy
|inactive|Battle timer is ON: inactive players will automatically lose when time's up. (requested by pinba2)
|inactive|wefgrjcnc has 60 seconds left.
|inactive|pinba2 has 60 seconds left.
|inactive|pinba2 has 30 seconds left.
|inactive|pinba2 has 20 seconds left.
|inactive|pinba2 has 15 seconds left.
|inactive|pinba2 has 10 seconds left.
|
|t:|1757829899
|teamsize|p1|4
|teamsize|p2|4
|start
|switch|p1a: Blaziken|Blaziken, L50, F|100/100
|switch|p1b: Indeedee|Indeedee-F, L50, F|100/100
|switch|p2a: Dugtrio|Dugtrio, L50, F|100/100
|switch|p2b: Incineroar|Incineroar, L50, M|100/100
|-fieldstart|move: Psychic Terrain|[from] ability: Psychic Surge|[of] p1b: Indeedee
|-ability|p2b: Incineroar|Intimidate|boost
|-fail|p1a: Blaziken|unboost|[from] item: Clear Amulet|[of] p1a: Blaziken
|-unboost|p1b: Indeedee|atk|1
|turn|1
|inactive|pinba2 has 30 seconds left.
|inactive|wefgrjcnc has 30 seconds left.
|inactive|wefgrjcnc has 20 seconds left.
|inactive|pinba2 has 20 seconds left.
|inactive|wefgrjcnc has 15 seconds left.
|inactive|pinba2 has 15 seconds left.
|inactive|wefgrjcnc has 10 seconds left.
|inactive|wefgrjcnc has 5 seconds left.
|
|t:|1757829956
|-terastallize|p1a: Blaziken|Ghost
|move|p1b: Indeedee|Follow Me|p1b: Indeedee
|-singleturn|p1b: Indeedee|move: Follow Me
|move|p2a: Dugtrio|Earthquake|p1a: Blaziken|[spread] p2b,p1a,p1b
|-supereffective|p2b: Incineroar
|-damage|p2b: Incineroar|47/100
|-damage|p1a: Blaziken|54/100
|-damage|p1b: Indeedee|58/100
|move|p1a: Blaziken|Close Combat|p2b: Incineroar
|-supereffective|p2b: Incineroar
|-damage|p2b: Incineroar|0 fnt
|-unboost|p1a: Blaziken|def|1
|-unboost|p1a: Blaziken|spd|1
|faint|p2b: Incineroar
|
|-heal|p1b: Indeedee|64/100|[from] item: Leftovers
|-ability|p1a: Blaziken|Speed Boost|boost
|-boost|p1a: Blaziken|spe|1
|upkeep
|inactive|pinba2 has 30 seconds left.
|
|t:|1757829989
|switch|p2b: Indeedee|Indeedee-F, L50, F|100/100
|turn|2
|inactive|wefgrjcnc has 30 seconds left.
|inactive|wefgrjcnc has 20 seconds left.
|inactive|wefgrjcnc has 15 seconds left.
|inactive|wefgrjcnc has 10 seconds left.
|
|t:|1757830036
|move|p2b: Indeedee|Follow Me|p2b: Indeedee
|-singleturn|p2b: Indeedee|move: Follow Me
|move|p1a: Blaziken|Close Combat|p2b: Indeedee
|-damage|p2b: Indeedee|44/100
|-unboost|p1a: Blaziken|def|1
|-unboost|p1a: Blaziken|spd|1
|-damage|p1a: Blaziken|37/100|[from] item: Rocky Helmet|[of] p2b: Indeedee
|move|p2a: Dugtrio|Earthquake|p1b: Indeedee|[spread] p2b,p1a,p1b
|-damage|p2b: Indeedee|13/100
|-damage|p1a: Blaziken|0 fnt
|-damage|p1b: Indeedee|18/100
|faint|p1a: Blaziken
|move|p1b: Indeedee|Psychic|p2b: Indeedee
|-resisted|p2b: Indeedee
|-damage|p2b: Indeedee|0 fnt
|faint|p2b: Indeedee
|
|-heal|p1b: Indeedee|24/100|[from] item: Leftovers
|upkeep
|
|t:|1757830057
|switch|p1a: Exeggutor|Exeggutor, L50, F|100/100
|switch|p2b: Dondozo|Dondozo, L50, M|100/100
|turn|3
|
|t:|1757830073
|-terastallize|p2b: Dondozo|Grass
|move|p1b: Indeedee|Helping Hand|p1a: Exeggutor
|-singleturn|p1a: Exeggutor|Helping Hand|[of] p1b: Indeedee
|move|p2a: Dugtrio|Protect|p2a: Dugtrio
|-singleturn|p2a: Dugtrio|Protect
|move|p1a: Exeggutor|Expanding Force|p2a: Dugtrio|[spread] p2b
|-activate|p2a: Dugtrio|move: Protect
|-damage|p2b: Dondozo|30/100
|move|p2b: Dondozo|Rock Slide|p1b: Indeedee|[spread] p1a,p1b
|-damage|p1a: Exeggutor|85/100
|-damage|p1b: Indeedee|3/100
|
|-heal|p1b: Indeedee|9/100|[from] item: Leftovers
|upkeep
|turn|4
|inactive|wefgrjcnc has 30 seconds left.
|inactive|pinba2 has 30 seconds left.
|
|t:|1757830104
|move|p2a: Dugtrio|Earthquake|p1b: Indeedee|[spread] p2b,p1a,p1b
|-resisted|p2b: Dondozo
|-resisted|p1a: Exeggutor
|-damage|p2b: Dondozo|22/100
|-damage|p1a: Exeggutor|66/100
|-damage|p1b: Indeedee|0 fnt
|faint|p1b: Indeedee
|move|p1a: Exeggutor|Expanding Force|p2b: Dondozo|[spread] p2a,p2b
|-enditem|p2a: Dugtrio|Focus Sash
|-damage|p2a: Dugtrio|2/100
|-damage|p2b: Dondozo|0 fnt
|faint|p2b: Dondozo
|
|upkeep
|
|t:|1757830116
|switch|p1b: Kommo-o|Kommo-o, L50, M|100/100
|-enditem|p1b: Kommo-o|Psychic Seed
|-boost|p1b: Kommo-o|spd|1|[from] item: Psychic Seed
|turn|5
|
|t:|1757830125
|move|p2a: Dugtrio|Earthquake|p1a: Exeggutor|[spread] p1a,p1b
|-resisted|p1a: Exeggutor
|-damage|p1a: Exeggutor|47/100
|-damage|p1b: Kommo-o|77/100
|move|p1a: Exeggutor|Leaf Storm|p2a: Dugtrio|[miss]
|-miss|p1a: Exeggutor|p2a: Dugtrio
|move|p1b: Kommo-o|Iron Head|p2a: Dugtrio
|-damage|p2a: Dugtrio|0 fnt
|faint|p2a: Dugtrio
|
|win|wefgrjcnc
|raw|wefgrjcnc's rating: 1017 → 1053(+36 for winning)
|raw|pinba2's rating: 1000 → 1000(+0 for losing)
|l|☆pinba2
|player|p2|
