|j|☆SFmrmimers
|j|☆Farigi no Raf
|html|SFmrmimersFarigi no Raf    
|uhtml|bestof|Game 2 of a best-of-3
|t:|1757036260
|gametype|doubles
|player|p1|SFmrmimers|n|1227
|player|p2|Farigi no Raf|vince|1394
|gen|9
|tier|[Gen 9] VGC 2025 Reg H (Bo3)
|rated|
|rule|Species Clause: Limit one of each Pokémon
|rule|Item Clause: Limit 1 of each item
|clearpoke
|poke|p1|Tyranitar, L50, F|
|poke|p1|Excadrill, L50, F|
|poke|p1|Kommo-o, L50, F|
|poke|p1|Amoonguss, L50, F|
|poke|p1|Kilowattrel, L50, F|
|poke|p1|Incineroar, L50, M|
|poke|p2|Dragonite, L50, F|
|poke|p2|Gholdengo, L50|
|poke|p2|Sneasler, L50, F|
|poke|p2|Rillaboom, L50, M|
|poke|p2|Ursaluna-Bloodmoon, L50, M|
|poke|p2|Magmar, L50, F|
|teampreview|4
|showteam|p1|Tyranitar||AssaultVest|SandStream|RockSlide,KnockOff,TeraBlast,LowKick|||F|||50|,,,,,Flying]Excadrill||FocusSash|SandRush|Earthquake,HighHorsepower,IronHead,Protect|||F|||50|,,,,,Ground]Kommo-o||ThroatSpray|Overcoat|ClangorousSoul,ClangingScales,AuraSphere,Protect|||F|||50|,,,,,Fire]Amoonguss||SitrusBerry|Regenerator|Spore,RagePowder,PollenPuff,Protect|||F|||50|,,,,,Fairy]Kilowattrel||ChoiceSpecs|Competitive|Thunderbolt,VoltSwitch,Discharge,AirSlash|||F|||50|,,,,,Ghost]Incineroar||SafetyGoggles|Intimidate|FakeOut,PartingShot,KnockOff,FlareBlitz|||M|||50|,,,,,Ghost
|showteam|p2|Dragonite||LoadedDice|Multiscale|ScaleShot,Tailwind,ExtremeSpeed,Protect|||F|||50|,,,,,Fairy]Gholdengo||LifeOrb|GoodasGold|MakeItRain,ShadowBall,NastyPlot,Protect||||||50|,,,,,Water]Sneasler||FocusSash|PoisonTouch|CloseCombat,DireClaw,Coaching,FakeOut|||F|||50|,,,,,Ghost]Rillaboom||AssaultVest|GrassySurge|WoodHammer,FakeOut,GrassyGlide,HighHorsepower|||M|||50|,,,,,Fire]Ursaluna-Bloodmoon||SilkScarf|MindsEye|HyperVoice,EarthPower,BloodMoon,Protect|||M|||50|,,,,,Water]Magmar||Eviolite|VitalSpirit|FollowMe,BurningJealousy,ClearSmog,Protect|||F|||50|,,,,,Dragon
|
|t:|1757036286
|teamsize|p1|4
|teamsize|p2|4
|start
|switch|p1a: Kommo-o|Kommo-o, L50, F|100/100
|switch|p1b: Amoonguss|Amoonguss, L50, F, shiny|100/100
|switch|p2a: Sneasler|Sneasler, L50, F|100/100
|switch|p2b: Magmar|Magmar, L50, F|100/100
|turn|1
|
|t:|1757036300
|switch|p2a: Gholdengo|Gholdengo, L50|100/100
|-terastallize|p1a: Kommo-o|Fire
|move|p1b: Amoonguss|Rage Powder|p1b: Amoonguss
|-singleturn|p1b: Amoonguss|move: Rage Powder
|move|p1a: Kommo-o|Clangorous Soul|p1a: Kommo-o
|-boost|p1a: Kommo-o|atk|1
|-boost|p1a: Kommo-o|def|1
|-boost|p1a: Kommo-o|spa|1
|-boost|p1a: Kommo-o|spd|1
|-boost|p1a: Kommo-o|spe|1
|-damage|p1a: Kommo-o|68/100
|-enditem|p1a: Kommo-o|Throat Spray
|-boost|p1a: Kommo-o|spa|1|[from] item: Throat Spray
|move|p2b: Magmar|Burning Jealousy|p1b: Amoonguss|[spread] p1a,p1b
|-resisted|p1a: Kommo-o
|-supereffective|p1b: Amoonguss
|-crit|p1b: Amoonguss
|-damage|p1a: Kommo-o|61/100
|-damage|p1b: Amoonguss|51/100
|
|upkeep
|turn|2
|
|t:|1757036326
|switch|p1b: Incineroar|Incineroar, L50, M|100/100
|-ability|p1b: Incineroar|Intimidate|boost
|-unboost|p2a: Gholdengo|atk|1
|-unboost|p2b: Magmar|atk|1
|move|p1a: Kommo-o|Clanging Scales|p2b: Magmar|[spread] p2a,p2b
|-resisted|p2a: Gholdengo
|-crit|p2a: Gholdengo
|-damage|p2a: Gholdengo|40/100
|-damage|p2b: Magmar|43/100
|-unboost|p1a: Kommo-o|def|1
|move|p2a: Gholdengo|Make It Rain|p1b: Incineroar|[spread] p1a,p1b
|-resisted|p1a: Kommo-o
|-resisted|p1b: Incineroar
|-damage|p1a: Kommo-o|41/100
|-damage|p1b: Incineroar|81/100
|-unboost|p2a: Gholdengo|spa|1
|-damage|p2a: Gholdengo|31/100|[from] item: Life Orb
|move|p2b: Magmar|Clear Smog|p1a: Kommo-o
|-damage|p1a: Kommo-o|33/100
|-clearboost|p1a: Kommo-o
|
|upkeep
|turn|3
|
|t:|1757036354
|move|p1b: Incineroar|Fake Out|p2b: Magmar
|-damage|p2b: Magmar|35/100
|move|p2a: Gholdengo|Shadow Ball|p1a: Kommo-o
|-damage|p1a: Kommo-o|0 fnt
|faint|p1a: Kommo-o
|-damage|p2a: Gholdengo|21/100|[from] item: Life Orb
|cant|p2b: Magmar|flinch
|
|upkeep
|
|t:|1757036364
|switch|p1a: Tyranitar|Tyranitar, L50, F|100/100
|-weather|Sandstorm|[from] ability: Sand Stream|[of] p1a: Tyranitar
|turn|4
|inactive|Battle timer is ON: inactive players will automatically lose when time's up. (requested by SFmrmimers)
|
|t:|1757036387
|move|p2a: Gholdengo|Make It Rain|p1b: Incineroar|[spread] p1a,p1b
|-supereffective|p1a: Tyranitar
|-resisted|p1b: Incineroar
|-damage|p1a: Tyranitar|68/100
|-damage|p1b: Incineroar|68/100
|-unboost|p2a: Gholdengo|spa|1
|-damage|p2a: Gholdengo|12/100|[from] item: Life Orb
|move|p2b: Magmar|Burning Jealousy|p1a: Tyranitar|[spread] p1a,p1b
|-resisted|p1a: Tyranitar
|-resisted|p1b: Incineroar
|-damage|p1a: Tyranitar|64/100
|-damage|p1b: Incineroar|62/100
|move|p1a: Tyranitar|Rock Slide|p2a: Gholdengo|[spread] p2a,p2b
|-resisted|p2a: Gholdengo
|-supereffective|p2b: Magmar
|-damage|p2a: Gholdengo|0 fnt
|-damage|p2b: Magmar|0 fnt
|faint|p2a: Gholdengo
|faint|p2b: Magmar
|move|p1b: Incineroar|Knock Off|p2: Gholdengo|[notarget]
|-fail|p1b: Incineroar
|
|-weather|Sandstorm|[upkeep]
|upkeep
|
|t:|1757036400
|switch|p2a: Ursaluna|Ursaluna-Bloodmoon, L50, M|100/100
|switch|p2b: Sneasler|Sneasler, L50, F|100/100
|turn|5
|inactive|SFmrmimers has 30 seconds left.
|inactive|Farigi no Raf has 30 seconds left.
|
|t:|1757036433
|switch|p1a: Amoonguss|Amoonguss, L50, F, shiny|85/100
|move|p2b: Sneasler|Close Combat|p1b: Incineroar
|-supereffective|p1b: Incineroar
|-damage|p1b: Incineroar|0 fnt
|-unboost|p2b: Sneasler|def|1
|-unboost|p2b: Sneasler|spd|1
|faint|p1b: Incineroar
|move|p2a: Ursaluna|Blood Moon|p1a: Amoonguss
|-damage|p1a: Amoonguss|4/100
|-enditem|p1a: Amoonguss|Sitrus Berry|[eat]
|-heal|p1a: Amoonguss|29/100|[from] item: Sitrus Berry
|
|-weather|Sandstorm|[upkeep]
|-damage|p2b: Sneasler|95/100|[from] Sandstorm
|-damage|p1a: Amoonguss|23/100|[from] Sandstorm
|upkeep
|
|t:|1757036448
|switch|p1b: Tyranitar|Tyranitar, L50, F|64/100
|turn|6
|
|t:|1757036464
|-terastallize|p2a: Ursaluna|Water
|move|p1a: Amoonguss|Rage Powder|p1a: Amoonguss
|-singleturn|p1a: Amoonguss|move: Rage Powder
|move|p2b: Sneasler|Close Combat|p1a: Amoonguss
|-resisted|p1a: Amoonguss
|-damage|p1a: Amoonguss|0 fnt
|-unboost|p2b: Sneasler|def|1
|-unboost|p2b: Sneasler|spd|1
|faint|p1a: Amoonguss
|move|p2a: Ursaluna|Hyper Voice|p1b: Tyranitar
|-resisted|p1b: Tyranitar
|-damage|p1b: Tyranitar|53/100
|move|p1b: Tyranitar|Low Kick|p2a: Ursaluna
|-damage|p2a: Ursaluna|69/100
|
|-weather|Sandstorm|[upkeep]
|-damage|p2b: Sneasler|89/100|[from] Sandstorm
|-damage|p2a: Ursaluna|63/100|[from] Sandstorm
|upkeep
|turn|7
|-message|SFmrmimers forfeited.
|raw|SFmrmimers's rating: 1227 → 1213(-14 for losing)
|raw|Farigi no Raf's rating: 1394 → 1405(+11 for winning)
|
|win|Farigi no Raf
