|j|☆so atey
|j|☆raksbach
|html|so ateyraksbach    
|uhtml|bestof|Game 2 of a best-of-3
|t:|1784551465
|gametype|doubles
|player|p1|so atey|cynthia|1338
|player|p2|raksbach|266|1266
|gen|9
|tier|[Gen 9 Champions] VGC 2026 Reg M-B (Bo3)
|rated|
|rule|Species Clause: Limit one of each Pokémon
|rule|Item Clause: Limit 1 of each item
|clearpoke
|poke|p1|Charizard, L50, F|
|poke|p1|Basculegion, L50, M|
|poke|p1|Archaludon, L50, F|
|poke|p1|Venusaur, L50, F|
|poke|p1|Grimmsnarl, L50, M|
|poke|p1|Pelipper, L50, F|
|poke|p2|Incineroar, L50, F|
|poke|p2|Maushold, L50|
|poke|p2|Sinistcha, L50|
|poke|p2|Sneasler, L50, M|
|poke|p2|Blastoise, L50, F|
|poke|p2|Delphox, L50, F|
|teampreview|4
|showteam|p1|Charizard||CharizarditeY|SolarPower|WeatherBall,HeatWave,SolarBeam,Protect|Modest||F|||50|]Basculegion||ChoiceScarf|Adaptability|AquaJet,WaveCrash,FlipTurn,LastRespects|Jolly||M|||50|]Archaludon||Leftovers|Stamina|ElectroShot,DragonPulse,FlashCannon,Protect|Calm||F|||50|]Venusaur||Venusaurite|Chlorophyll|SleepPowder,SludgeBomb,EarthPower,Protect|Modest||F|||50|]Grimmsnarl||LightClay|Prankster|SpiritBreak,PartingShot,Reflect,LightScreen|Calm||M|||50|]Pelipper||SitrusBerry|Drizzle|Tailwind,WideGuard,WeatherBall,Hurricane|Bold||F|||50|
|showteam|p2|Incineroar||SitrusBerry|Intimidate|FakeOut,FlareBlitz,DarkestLariat,PartingShot|Impish||F|||50|]Maushold||ChopleBerry|FriendGuard|SuperFang,FollowMe,Protect,Feint|Impish|||||50|]Sinistcha||OccaBerry|Hospitality|MatchaGotcha,LifeDew,RagePowder,Protect|Bold|||||50|]Sneasler||FocusSash|PoisonTouch|FakeOut,CloseCombat,DireClaw,QuickGuard|Jolly||M|||50|]Blastoise||Blastoisinite|Torrent|WaterSpout,DarkPulse,ShellSmash,Protect|Modest||F|||50|]Delphox||Delphoxite|Blaze|HeatWave,Psychic,NastyPlot,Protect|Timid||F|||50|
|inactive|Battle timer is ON: inactive players will automatically lose when time's up. (requested by raksbach)
|
|t:|1784551479
|teamsize|p1|4
|teamsize|p2|4
|start
|switch|p1a: Charizard|Charizard, L50, F|100/100
|switch|p1b: Venusaur|Venusaur, L50, F|100/100
|switch|p2a: Maushold|Maushold, L50|100/100
|switch|p2b: Blastoise|Blastoise, L50, F|100/100
|turn|1
|inactive|so atey has 30 seconds left.
|inactive|so atey has 20 seconds left.
|
|t:|1784551516
|detailschange|p1a: Charizard|Charizard-Mega-Y, L50, F
|-mega|p1a: Charizard|Charizard|Charizardite Y
|-weather|SunnyDay|[from] ability: Drought|[of] p1a: Charizard
|detailschange|p2b: Blastoise|Blastoise-Mega, L50, F
|-mega|p2b: Blastoise|Blastoise|Blastoisinite
|move|p2a: Maushold|Protect|p2a: Maushold
|-singleturn|p2a: Maushold|Protect
|move|p1b: Venusaur|Sleep Powder|p2a: Maushold
|-activate|p2a: Maushold|move: Protect
|move|p1a: Charizard|Solar Beam||[still]
|-prepare|p1a: Charizard|Solar Beam
|-anim|p1a: Charizard|Solar Beam|p2b: Blastoise
|-supereffective|p2b: Blastoise|1
|-damage|p2b: Blastoise|24/100
|move|p2b: Blastoise|Shell Smash|p2b: Blastoise
|-unboost|p2b: Blastoise|def|1
|-unboost|p2b: Blastoise|spd|1
|-boost|p2b: Blastoise|atk|2
|-boost|p2b: Blastoise|spa|2
|-boost|p2b: Blastoise|spe|2
|
|-weather|SunnyDay|[upkeep]
|upkeep
|turn|2
|inactive|so atey has 30 seconds left.
|inactive|so atey has 20 seconds left.
|
|t:|1784551555
|move|p2b: Blastoise|Protect|p2b: Blastoise
|-singleturn|p2b: Blastoise|Protect
|move|p1b: Venusaur|Sludge Bomb|p2b: Blastoise
|-activate|p2b: Blastoise|move: Protect
|move|p1a: Charizard|Heat Wave|p2a: Maushold|[spread] p2a
|-activate|p2b: Blastoise|move: Protect
|-damage|p2a: Maushold|30/100
|move|p2a: Maushold|Super Fang|p1b: Venusaur
|-damage|p1b: Venusaur|50/100g
|
|-weather|SunnyDay|[upkeep]
|upkeep
|turn|3
|inactive|so atey has 30 seconds left.
|inactive|raksbach has 30 seconds left.
|
|t:|1784551583
|switch|p2a: Sinistcha|Sinistcha, L50|100/100
|-heal|p2b: Blastoise|49/100|[from] ability: Hospitality|[of] p2a: Sinistcha
|move|p1b: Venusaur|Protect|p1b: Venusaur
|-singleturn|p1b: Venusaur|Protect
|move|p2b: Blastoise|Dark Pulse|p1a: Charizard
|-damage|p1a: Charizard|9/100
|move|p1a: Charizard|Heat Wave|p2b: Blastoise|[spread] p2a,p2b
|-supereffective|p2a: Sinistcha|1
|-enditem|p2a: Sinistcha|Occa Berry|[eat]
|-enditem|p2a: Sinistcha|Occa Berry|[weaken]
|-resisted|p2b: Blastoise|1
|-damage|p2a: Sinistcha|47/100
|-damage|p2b: Blastoise|1/100
|
|-weather|SunnyDay|[upkeep]
|upkeep
|turn|4
|inactive|so atey has 30 seconds left.
|inactive|raksbach has 30 seconds left.
|inactive|raksbach has 20 seconds left.
|
|t:|1784551619
|move|p2b: Blastoise|Protect|p2b: Blastoise
|-singleturn|p2b: Blastoise|Protect
|move|p1b: Venusaur|Sludge Bomb|p2b: Blastoise
|-activate|p2b: Blastoise|move: Protect
|move|p1a: Charizard|Heat Wave|p2a: Sinistcha|[spread] p2a
|-activate|p2b: Blastoise|move: Protect
|-supereffective|p2a: Sinistcha|1
|-damage|p2a: Sinistcha|0 fnt
|faint|p2a: Sinistcha
|
|-weather|SunnyDay|[upkeep]
|upkeep
|
|t:|1784551628
|switch|p2a: Sneasler|Sneasler, L50, M|100/100
|turn|5
|inactive|so atey has 30 seconds left.
|
|t:|1784551663
|move|p1a: Charizard|Protect|p1a: Charizard
|-singleturn|p1a: Charizard|Protect
|move|p2a: Sneasler|Fake Out|p1b: Venusaur
|-damage|p1b: Venusaur|35/100
|move|p2b: Blastoise|Dark Pulse|p1a: Charizard
|-activate|p1a: Charizard|move: Protect
|cant|p1b: Venusaur|flinch
|
|-weather|none
|upkeep
|turn|6
|inactive|so atey has 30 seconds left.
|inactive|raksbach has 30 seconds left.
|inactive|so atey has 20 seconds left.
|inactive|raksbach has 20 seconds left.
|inactive|so atey has 15 seconds left.
|
|t:|1784551704
|switch|p1a: Pelipper|Pelipper, L50, F|100/100
|-weather|RainDance|[from] ability: Drizzle|[of] p1a: Pelipper
|move|p2b: Blastoise|Dark Pulse|p1a: Pelipper
|-damage|p1a: Pelipper|0 fnt
|faint|p1a: Pelipper
|move|p2a: Sneasler|Dire Claw|p1b: Venusaur
|-damage|p1b: Venusaur|0 fnt
|faint|p1b: Venusaur
|
|-weather|RainDance|[upkeep]
|upkeep
|
|t:|1784551712
|switch|p1b: Basculegion|Basculegion, L50, M|100/100
|switch|p1a: Charizard|Charizard-Mega-Y, L50, F|9/100
|-weather|SunnyDay|[from] ability: Drought|[of] p1a: Charizard
|turn|7
|
|t:|1784551736
|move|p2b: Blastoise|Protect|p2b: Blastoise
|-singleturn|p2b: Blastoise|Protect
|move|p1b: Basculegion|Aqua Jet|p2b: Blastoise
|-activate|p2b: Blastoise|move: Protect
|move|p2a: Sneasler|Dire Claw|p1a: Charizard
|-damage|p1a: Charizard|0 fnt
|faint|p1a: Charizard
|
|-weather|SunnyDay|[upkeep]
|upkeep
|turn|8
|
|t:|1784551754
|move|p2a: Sneasler|Quick Guard|p2a: Sneasler
|-singleturn|p2a: Sneasler|Quick Guard
|move|p1b: Basculegion|Aqua Jet|p2b: Blastoise
|-activate|p2b: Blastoise|move: Quick Guard
|move|p2b: Blastoise|Dark Pulse|p1b: Basculegion
|-supereffective|p1b: Basculegion|1
|-damage|p1b: Basculegion|0 fnt
|faint|p1b: Basculegion
|
|win|raksbach
