|j|☆hermit5
|j|☆northfacefan
|html|hermit5northfacefan    
|uhtml|bestof|Game 1 of a best-of-3
|t:|1756405927
|gametype|doubles
|player|p1|hermit5|red|1065
|player|p2|northfacefan|lance|1077
|gen|9
|tier|[Gen 9] VGC 2025 Reg H (Bo3)
|rated|
|rule|Species Clause: Limit one of each Pokémon
|rule|Item Clause: Limit 1 of each item
|clearpoke
|poke|p1|Dragonite, L50, F|
|poke|p1|Sneasler, L50, M|
|poke|p1|Incineroar, L50, M|
|poke|p1|Archaludon, L50, F|
|poke|p1|Basculegion, L50, M|
|poke|p1|Murkrow, L50, M|
|poke|p2|Kingambit, L50, M|
|poke|p2|Electabuzz, L50, M|
|poke|p2|Sneasler, L50, M|
|poke|p2|Ursaluna-Bloodmoon, L50, M|
|poke|p2|Dragonite, L50, M|
|poke|p2|Rillaboom, L50, M|
|teampreview|4
|showteam|p1|Dragonite||LoadedDice|Multiscale|ScaleShot,Protect,Haze,ExtremeSpeed|||F|||50|,,,,,Fairy]Sneasler||FocusSash|PoisonTouch|Coaching,CloseCombat,DireClaw,Protect|||M|||50|,,,,,Flying]Incineroar||SafetyGoggles|Intimidate|FakeOut,KnockOff,FlareBlitz,PartingShot|||M|||50|,,,,,Ghost]Archaludon||AssaultVest|Stamina|ElectroShot,BodyPress,FlashCannon,DracoMeteor|||F|||50|,,,,,Grass]Basculegion||ClearAmulet|SwiftSwim|WaveCrash,Crunch,TeraBlast,Protect|||M|||50|,,,,,Grass]Murkrow||Eviolite|Prankster|FoulPlay,RainDance,Tailwind,Protect|||M|||50|,,,,,Dark
|showteam|p2|Kingambit||DreadPlate|Defiant|KowtowCleave,SuckerPunch,SwordsDance,Protect|||M|||50|,,,,,Dark]Electabuzz||Eviolite|VitalSpirit|Electroweb,FollowMe,Taunt,Protect|||M|||50|,,,,,Fairy]Sneasler||FocusSash|Unburden|CloseCombat,DireClaw,FakeOut,Protect|||M|||50|,,,,,Stellar]Ursaluna-Bloodmoon||LifeOrb|MindsEye|BloodMoon,HyperVoice,EarthPower,Protect|||M|||50|,,,,,Ghost]Dragonite||LoadedDice|Multiscale|ScaleShot,Haze,Protect,Tailwind|||M|||50|,,,,,Fairy]Rillaboom||AssaultVest|GrassySurge|FakeOut,GrassyGlide,WoodHammer,HighHorsepower|||M|||50|,,,,,Fire
|inactive|Battle timer is ON: inactive players will automatically lose when time's up. (requested by northfacefan)
|inactive|hermit5 has 60 seconds left.
|inactive|northfacefan has 60 seconds left.
|inactive|northfacefan has 30 seconds left.
|inactive|northfacefan has 20 seconds left.
|
|t:|1756406010
|teamsize|p1|4
|teamsize|p2|4
|start
|switch|p1a: Dragonite|Dragonite, L50, F, shiny|100/100
|switch|p1b: Incineroar|Incineroar, L50, M|100/100
|switch|p2a: Sneasler|Sneasler, L50, M, shiny|100/100
|switch|p2b: Kingambit|Kingambit, L50, M|100/100
|-ability|p1b: Incineroar|Intimidate|boost
|-unboost|p2a: Sneasler|atk|1
|-unboost|p2b: Kingambit|atk|1
|-ability|p2b: Kingambit|Defiant|boost
|-boost|p2b: Kingambit|atk|2
|turn|1
|inactive|hermit5 has 30 seconds left.
|
|t:|1756406043
|move|p1a: Dragonite|Protect|p1a: Dragonite
|-singleturn|p1a: Dragonite|Protect
|move|p2a: Sneasler|Fake Out|p1b: Incineroar
|-damage|p1b: Incineroar|92/100
|cant|p1b: Incineroar|flinch
|move|p2b: Kingambit|Swords Dance|p2b: Kingambit
|-boost|p2b: Kingambit|atk|2
|
|upkeep
|turn|2
|inactive|hermit5 has 30 seconds left.
|inactive|northfacefan has 30 seconds left.
|inactive|northfacefan has 20 seconds left.
|
|t:|1756406081
|switch|p1a: Archaludon|Archaludon, L50, F|100/100
|-terastallize|p2b: Kingambit|Dark
|move|p2a: Sneasler|Dire Claw|p1a: Archaludon
|-immune|p1a: Archaludon
|move|p1b: Incineroar|Flare Blitz|p2b: Kingambit
|-damage|p2b: Kingambit|65/100
|-damage|p1b: Incineroar|80/100|[from] Recoil
|move|p2b: Kingambit|Kowtow Cleave|p1a: Archaludon
|-damage|p1a: Archaludon|0 fnt
|faint|p1a: Archaludon
|
|upkeep
|
|t:|1756406100
|switch|p1a: Sneasler|Sneasler, L50, M|100/100
|turn|3
|
|t:|1756406107
|switch|p2a: Dragonite|Dragonite, L50, M|100/100
|move|p2b: Kingambit|Protect|p2b: Kingambit
|-singleturn|p2b: Kingambit|Protect
|move|p1a: Sneasler|Close Combat|p2b: Kingambit
|-activate|p2b: Kingambit|move: Protect
|move|p1b: Incineroar|Flare Blitz|p2a: Dragonite
|-resisted|p2a: Dragonite
|-crit|p2a: Dragonite
|-damage|p2a: Dragonite|85/100
|-status|p2a: Dragonite|brn
|-damage|p1b: Incineroar|75/100|[from] Recoil
|
|-damage|p2a: Dragonite|79/100 brn|[from] brn
|upkeep
|turn|4
|inactive|northfacefan has 30 seconds left.
|inactive|northfacefan has 20 seconds left.
|
|t:|1756406145
|move|p2b: Kingambit|Sucker Punch|p1a: Sneasler
|-resisted|p1a: Sneasler
|-enditem|p1a: Sneasler|Focus Sash
|-damage|p1a: Sneasler|1/100
|move|p1a: Sneasler|Close Combat|p2b: Kingambit
|-supereffective|p2b: Kingambit
|-damage|p2b: Kingambit|0 fnt
|-unboost|p1a: Sneasler|def|1
|-unboost|p1a: Sneasler|spd|1
|faint|p2b: Kingambit
|move|p2a: Dragonite|Scale Shot|p1a: Sneasler
|-damage|p1a: Sneasler|0 fnt
|faint|p1a: Sneasler
|-hitcount|p1: Sneasler|1
|-unboost|p2a: Dragonite|def|1
|-boost|p2a: Dragonite|spe|1
|move|p1b: Incineroar|Knock Off|p2a: Dragonite
|-damage|p2a: Dragonite|23/100 brn
|-enditem|p2a: Dragonite|Loaded Dice|[from] move: Knock Off|[of] p1b: Incineroar
|
|-damage|p2a: Dragonite|17/100 brn|[from] brn
|upkeep
|
|t:|1756406164
|switch|p1a: Dragonite|Dragonite, L50, F, shiny|100/100
|switch|p2b: Ursaluna|Ursaluna-Bloodmoon, L50, M|100/100
|turn|5
|
|t:|1756406183
|-terastallize|p1a: Dragonite|Fairy
|move|p2a: Dragonite|Tailwind|p2a: Dragonite
|-sidestart|p2: northfacefan|move: Tailwind
|move|p2b: Ursaluna|Blood Moon|p1a: Dragonite
|-damage|p1a: Dragonite|39/100
|-damage|p2b: Ursaluna|91/100|[from] item: Life Orb
|move|p1a: Dragonite|Scale Shot|p2b: Ursaluna
|-damage|p2b: Ursaluna|78/100
|-damage|p2b: Ursaluna|65/100
|-damage|p2b: Ursaluna|53/100
|-damage|p2b: Ursaluna|42/100
|-hitcount|p2b: Ursaluna|4
|-unboost|p1a: Dragonite|def|1
|-boost|p1a: Dragonite|spe|1
|move|p1b: Incineroar|Knock Off|p2b: Ursaluna
|-damage|p2b: Ursaluna|8/100
|-enditem|p2b: Ursaluna|Life Orb|[from] move: Knock Off|[of] p1b: Incineroar
|
|-damage|p2a: Dragonite|11/100 brn|[from] brn
|upkeep
|turn|6
|inactive|hermit5 has 30 seconds left.
|inactive|northfacefan has 30 seconds left.
|inactive|hermit5 has 20 seconds left.
|inactive|northfacefan has 20 seconds left.
|inactive|hermit5 has 15 seconds left.
|inactive|hermit5 has 10 seconds left.
|
|t:|1756406232
|move|p2b: Ursaluna|Protect|p2b: Ursaluna
|-singleturn|p2b: Ursaluna|Protect
|move|p1a: Dragonite|Extreme Speed|p2b: Ursaluna
|-activate|p2b: Ursaluna|move: Protect
|move|p2a: Dragonite|Scale Shot|p1b: Incineroar
|-damage|p1b: Incineroar|69/100
|-damage|p1b: Incineroar|62/100
|-damage|p1b: Incineroar|56/100
|-damage|p1b: Incineroar|49/100
|-damage|p1b: Incineroar|43/100
|-hitcount|p1b: Incineroar|5
|-unboost|p2a: Dragonite|def|1
|-boost|p2a: Dragonite|spe|1
|move|p1b: Incineroar|Knock Off|p2a: Dragonite
|-damage|p2a: Dragonite|0 fnt
|faint|p2a: Dragonite
|
|upkeep
|
|t:|1756406249
|switch|p2a: Sneasler|Sneasler, L50, M, shiny|100/100
|turn|7
|
|t:|1756406257
|move|p1a: Dragonite|Extreme Speed|p2b: Ursaluna
|-damage|p2b: Ursaluna|0 fnt
|faint|p2b: Ursaluna
|move|p2a: Sneasler|Dire Claw|p1a: Dragonite
|-supereffective|p1a: Dragonite
|-damage|p1a: Dragonite|0 fnt
|faint|p1a: Dragonite
|move|p1b: Incineroar|Flare Blitz|p2a: Sneasler
|-damage|p2a: Sneasler|15/100
|-damage|p1b: Incineroar|21/100|[from] Recoil
|
|upkeep
|turn|8
|
|t:|1756406273
|move|p2a: Sneasler|Close Combat|p1b: Incineroar
|-supereffective|p1b: Incineroar
|-damage|p1b: Incineroar|0 fnt
|-unboost|p2a: Sneasler|def|1
|-unboost|p2a: Sneasler|spd|1
|faint|p1b: Incineroar
|
|win|northfacefan
||hermit5 is ready for game 2.
||northfacefan is ready for game 2.
|uhtml|next|Next: Game 2 of 3
