|j|☆stewiie25
|j|☆magicalarcher57
|html|stewiie25magicalarcher57    
|uhtml|bestof|Game 2 of a best-of-3
|t:|1784825318
|gametype|doubles
|player|p1|stewiie25|102|1169
|player|p2|magicalarcher57|diantha|1190
|gen|9
|tier|[Gen 9 Champions] VGC 2026 Reg M-B (Bo3)
|rated|
|rule|Species Clause: Limit one of each Pokémon
|rule|Item Clause: Limit 1 of each item
|clearpoke
|poke|p1|Farigiraf, L50, F|
|poke|p1|Vivillon-Pokeball, L50, M|
|poke|p1|Sylveon, L50, F|
|poke|p1|Camerupt, L50, M|
|poke|p1|Kingambit, L50, F|
|poke|p1|Drampa, L50, M|
|poke|p2|Sneasler, L50, M|
|poke|p2|Garchomp, L50, F|
|poke|p2|Aerodactyl, L50, F|
|poke|p2|Charizard, L50, F|
|poke|p2|Venusaur, L50, M|
|poke|p2|Kingambit, L50, F|
|teampreview|4
|showteam|p1|Farigiraf||SitrusBerry|ArmorTail|HelpingHand,TwinBeam,TrickRoom,Thunderbolt|Quiet||F|||50|]Vivillon-Pokeball||ChoiceScarf|CompoundEyes|StunSpore,Hurricane,BugBuzz,SleepPowder|Timid||M|||50|]Sylveon||LifeOrb|Pixilate|CalmMind,HyperVoice,HyperBeam,Protect|Modest||F|||50|]Camerupt||Cameruptite|SolidRock|Protect,HeatWave,Eruption,EarthPower|Quiet||M|||50|]Kingambit||ChopleBerry|Defiant|SwordsDance,LowKick,KowtowCleave,SuckerPunch|Brave||F|||50|]Drampa||Drampanite|CloudNine|HyperVoice,DragonPulse,IceBeam,EarthPower|Quiet||M|||50|
|showteam|p2|Sneasler||WhiteHerb|Unburden|FakeOut,CloseCombat,DireClaw,Protect|Adamant||M|||50|]Garchomp||LifeOrb|RoughSkin|Earthquake,StompingTantrum,DragonClaw,Protect|Jolly||F|||50|]Aerodactyl||Aerodactylite|Unnerve|RockSlide,WideGuard,Tailwind,IceFang|Jolly||F|||50|]Charizard||CharizarditeY|Blaze|HeatWave,WeatherBall,SolarBeam,Protect|Modest||F|||50|]Venusaur||FocusSash|Chlorophyll|SolarBeam,SludgeBomb,Protect,EarthPower|Modest||M|||50|]Kingambit||BlackGlasses|Defiant|LowKick,KowtowCleave,SuckerPunch,Protect|Adamant||F|||50|
|inactive|Battle timer is ON: inactive players will automatically lose when time's up. (requested by magicalarcher57)
|
|t:|1784825326
|teamsize|p1|4
|teamsize|p2|4
|start
|switch|p1a: Vivillon|Vivillon-Pokeball, L50, M|100/100
|switch|p1b: Farigiraf|Farigiraf, L50, F|100/100
|switch|p2a: Sneasler|Sneasler, L50, M|100/100
|switch|p2b: Garchomp|Garchomp, L50, F|100/100
|turn|1
|
|t:|1784825335
|move|p1a: Vivillon|Sleep Powder|p2b: Garchomp
|-status|p2b: Garchomp|slp|[from] move: Sleep Powder
|move|p2a: Sneasler|Close Combat|p1b: Farigiraf
|-damage|p1b: Farigiraf|30/100
|-unboost|p2a: Sneasler|def|1
|-unboost|p2a: Sneasler|spd|1
|-enditem|p1b: Farigiraf|Sitrus Berry|[eat]
|-heal|p1b: Farigiraf|54/100|[from] item: Sitrus Berry
|-enditem|p2a: Sneasler|White Herb
|-clearnegativeboost|p2a: Sneasler|[silent]
|cant|p2b: Garchomp|slp
|move|p1b: Farigiraf|Trick Room|p1b: Farigiraf
|-fieldstart|move: Trick Room|[of] p1b: Farigiraf
|
|upkeep
|turn|2
|
|t:|1784825352
|switch|p1b: Camerupt|Camerupt, L50, M|100/100
|switch|p1a: Sylveon|Sylveon, L50, F|100/100
|cant|p2b: Garchomp|slp
|move|p2a: Sneasler|Close Combat|p1b: Camerupt
|-damage|p1b: Camerupt|12/100
|-unboost|p2a: Sneasler|def|1
|-unboost|p2a: Sneasler|spd|1
|
|upkeep
|turn|3
|
|t:|1784825367
|detailschange|p1b: Camerupt|Camerupt-Mega, L50, M
|-mega|p1b: Camerupt|Camerupt|Cameruptite
|move|p1b: Camerupt|Heat Wave|p2b: Garchomp|[spread] p2b
|-miss|p1b: Camerupt|p2a: Sneasler
|-resisted|p2b: Garchomp|1
|-damage|p2b: Garchomp|68/100 slp
|move|p1a: Sylveon|Hyper Voice|p2b: Garchomp|[spread] p2a,p2b
|-supereffective|p2b: Garchomp|1
|-crit|p2b: Garchomp
|-damage|p2a: Sneasler|0 fnt
|-damage|p2b: Garchomp|0 fnt
|faint|p2a: Sneasler
|faint|p2b: Garchomp
|-damage|p1a: Sylveon|90/100|[from] item: Life Orb
|
|upkeep
|
|t:|1784825382
|switch|p2b: Kingambit|Kingambit, L50, F|100/100
|switch|p2a: Charizard|Charizard, L50, F|100/100
|turn|4
|
|t:|1784825401
|move|p2b: Kingambit|Protect|p2b: Kingambit
|-singleturn|p2b: Kingambit|Protect
|move|p1b: Camerupt|Heat Wave|p2b: Kingambit|[spread] p2a
|-activate|p2b: Kingambit|move: Protect
|-resisted|p2a: Charizard|1
|-damage|p2a: Charizard|63/100
|move|p1a: Sylveon|Hyper Beam|p2b: Kingambit
|-activate|p2b: Kingambit|move: Protect
|move|p2a: Charizard|Heat Wave|p1a: Sylveon|[spread] p1a,p1b
|-resisted|p1b: Camerupt|1
|-damage|p1a: Sylveon|65/100
|-damage|p1b: Camerupt|0 fnt
|faint|p1b: Camerupt
|
|upkeep
|
|t:|1784825413
|switch|p1b: Farigiraf|Farigiraf, L50, F|54/100
|turn|5
|inactive|magicalarcher57 has 30 seconds left.
|inactive|stewiie25 has 30 seconds left.
|inactive|magicalarcher57 has 20 seconds left.
|inactive|magicalarcher57 has 15 seconds left.
|inactive|magicalarcher57 has 10 seconds left.
|inactive|magicalarcher57 has 5 seconds left.
|
|t:|1784825468
|move|p1b: Farigiraf|Helping Hand|p1a: Sylveon
|-singleturn|p1a: Sylveon|Helping Hand|[of] p1b: Farigiraf
|move|p2b: Kingambit|Low Kick|p1b: Farigiraf
|-damage|p1b: Farigiraf|12/100
|move|p1a: Sylveon|Hyper Beam|p2b: Kingambit
|-damage|p2b: Kingambit|0 fnt
|-mustrecharge|p1a: Sylveon
|faint|p2b: Kingambit
|-damage|p1a: Sylveon|55/100|[from] item: Life Orb
|move|p2a: Charizard|Heat Wave|p1a: Sylveon|[spread] p1a,p1b
|-damage|p1a: Sylveon|29/100
|-damage|p1b: Farigiraf|0 fnt
|faint|p1b: Farigiraf
|
|-fieldend|move: Trick Room
|upkeep
|
|t:|1784825476
|switch|p1b: Vivillon|Vivillon-Pokeball, L50, M|100/100
|turn|6
|
|t:|1784825481
|detailschange|p2a: Charizard|Charizard-Mega-Y, L50, F
|-mega|p2a: Charizard|Charizard|Charizardite Y
|-weather|SunnyDay|[from] ability: Drought|[of] p2a: Charizard
|move|p1b: Vivillon|Hurricane|p2a: Charizard|[miss]
|-miss|p1b: Vivillon|p2a: Charizard
|move|p2a: Charizard|Heat Wave|p1a: Sylveon|[spread] p1a,p1b
|-supereffective|p1b: Vivillon|1
|-damage|p1a: Sylveon|0 fnt
|-damage|p1b: Vivillon|0 fnt
|faint|p1a: Sylveon
|faint|p1b: Vivillon
|
|win|magicalarcher57
|raw|stewiie25's rating: 1169 → 1146(-23 for losing)
|raw|magicalarcher57's rating: 1190 → 1213(+23 for winning)
