|j|‽bobsparents
|j|☆ricardobrinati
|html|bobsparentsricardobrinati    
|uhtml|bestof|Game 2 of a best-of-3
|t:|1784396193
|gametype|doubles
|player|p1|bobsparents|cynthia|1243
|player|p2|ricardobrinati|266|1232
|gen|9
|tier|[Gen 9 Champions] VGC 2026 Reg M-B (Bo3)
|rated|
|rule|Species Clause: Limit one of each Pokémon
|rule|Item Clause: Limit 1 of each item
|clearpoke
|poke|p1|Kangaskhan, L50, F|
|poke|p1|Farigiraf, L50, M|
|poke|p1|Chandelure, L50, F|
|poke|p1|Avalugg-Hisui, L50, M|
|poke|p1|Decidueye-Hisui, L50, M|
|poke|p1|Kingambit, L50, M|
|poke|p2|Farigiraf, L50, F|
|poke|p2|Sinistcha, L50|
|poke|p2|Incineroar, L50, F|
|poke|p2|Pelipper, L50, M|
|poke|p2|Mawile, L50, F|
|poke|p2|Blastoise, L50, M|
|teampreview|4
|showteam|p1|Kangaskhan||Kangaskhanite|Scrappy|DoubleEdge,HammerArm,IcePunch,FakeOut|Brave||F|||50|]Farigiraf||SitrusBerry|ArmorTail|PsychicNoise,Thunderbolt,TrickRoom,Protect|Quiet||M|||50|]Chandelure||FocusSash|FlashFire|HeatWave,ShadowBall,TrickRoom,Protect|Quiet||F|||50|]Avalugg-Hisui||WideLens|Sturdy|RockSlide,MountainGale,BodyPress,WideGuard|Brave||M|||50|]Decidueye-Hisui||LifeOrb|Scrappy|CloseCombat,LeafBlade,BraveBird,Protect|Brave||M|||50|]Kingambit||BlackGlasses|Defiant|KowtowCleave,IronHead,SuckerPunch,SwordsDance|Brave||M|||50|
|showteam|p2|Farigiraf||ColburBerry|ArmorTail|TrickRoom,Psychic,Thunderbolt,HelpingHand|Sassy||F|||50|]Sinistcha||SitrusBerry|Hospitality|RagePowder,MatchaGotcha,ShadowBall,TrickRoom|Relaxed|||||50|]Incineroar||WhiteHerb|Intimidate|FakeOut,CloseCombat,FlareBlitz,PartingShot|Adamant||F|||50|]Pelipper||FocusSash|Drizzle|WideGuard,Tailwind,Hurricane,WeatherBall|Modest||M|||50|]Mawile||Mawilite|Intimidate|SuckerPunch,IronHead,PlayRough,SwordsDance|Adamant||F|||50|]Blastoise||Blastoisinite|RainDish|WaterSpout,IceBeam,AuraSphere,FakeOut|Modest||M|||50|
|inactive|Battle timer is ON: inactive players will automatically lose when time's up. (requested by ricardobrinati)
|
|t:|1784396232
|teamsize|p1|4
|teamsize|p2|4
|start
|switch|p1a: Kangaskhan|Kangaskhan, L50, F|100/100
|switch|p1b: Farigiraf|Farigiraf, L50, M|100/100
|switch|p2a: Farigiraf|Farigiraf, L50, F|100/100
|switch|p2b: Incineroar|Incineroar, L50, F|100/100
|-ability|p2b: Incineroar|Intimidate|boost
|-fail|p1a: Kangaskhan|unboost|Attack|[from] ability: Scrappy|[of] p1a: Kangaskhan
|-unboost|p1b: Farigiraf|atk|1
|turn|1
|
|t:|1784396245
|detailschange|p1a: Kangaskhan|Kangaskhan-Mega, L50, F
|-mega|p1a: Kangaskhan|Kangaskhan|Kangaskhanite
|move|p2a: Farigiraf|Helping Hand|p2b: Incineroar
|-singleturn|p2b: Incineroar|Helping Hand|[of] p2a: Farigiraf
|move|p1a: Kangaskhan|Hammer Arm|p2b: Incineroar
|-supereffective|p2b: Incineroar|1
|-damage|p2b: Incineroar|29/100
|-unboost|p1a: Kangaskhan|spe|1
|-supereffective|p2b: Incineroar|1
|-damage|p2b: Incineroar|12/100
|-unboost|p1a: Kangaskhan|spe|1
|-hitcount|p2b: Incineroar|2
|move|p2b: Incineroar|Close Combat|p1a: Kangaskhan
|-supereffective|p1a: Kangaskhan|1
|-damage|p1a: Kangaskhan|0 fnt
|-unboost|p2b: Incineroar|def|1
|-unboost|p2b: Incineroar|spd|1
|faint|p1a: Kangaskhan
|-enditem|p2b: Incineroar|White Herb
|-clearnegativeboost|p2b: Incineroar|[silent]
|move|p1b: Farigiraf|Trick Room|p1b: Farigiraf
|-fieldstart|move: Trick Room|[of] p1b: Farigiraf
|
|upkeep
|
|t:|1784396265
|switch|p1a: Kingambit|Kingambit, L50, M|100/100
|turn|2
|
|t:|1784396285
|move|p1a: Kingambit|Swords Dance|p1a: Kingambit
|-boost|p1a: Kingambit|atk|2
|move|p2a: Farigiraf|Thunderbolt|p1a: Kingambit
|-damage|p1a: Kingambit|76/100
|move|p1b: Farigiraf|Thunderbolt|p2b: Incineroar
|-damage|p2b: Incineroar|0 fnt
|faint|p2b: Incineroar
|
|upkeep
|
|t:|1784396296
|switch|p2b: Mawile|Mawile, L50, F|100/100
|-ability|p2b: Mawile|Intimidate|boost
|-unboost|p1a: Kingambit|atk|1
|-ability|p1a: Kingambit|Defiant|boost
|-boost|p1a: Kingambit|atk|2
|-unboost|p1b: Farigiraf|atk|1
|turn|3
|inactive|bobsparents has 30 seconds left.
|
|t:|1784396328
|detailschange|p2b: Mawile|Mawile-Mega, L50, F
|-mega|p2b: Mawile|Mawile|Mawilite
|move|p2a: Farigiraf|Helping Hand|p2b: Mawile
|-singleturn|p2b: Mawile|Helping Hand|[of] p2a: Farigiraf
|move|p1a: Kingambit|Kowtow Cleave|p2a: Farigiraf
|-supereffective|p2a: Farigiraf|1
|-enditem|p2a: Farigiraf|Colbur Berry|[eat]
|-enditem|p2a: Farigiraf|Colbur Berry|[weaken]
|-damage|p2a: Farigiraf|0 fnt
|faint|p2a: Farigiraf
|move|p2b: Mawile|Play Rough|p1a: Kingambit
|-damage|p1a: Kingambit|0 fnt
|faint|p1a: Kingambit
|move|p1b: Farigiraf|Thunderbolt|p2b: Mawile
|-crit|p2b: Mawile
|-damage|p2b: Mawile|57/100
|-status|p2b: Mawile|par
|
|upkeep
|
|t:|1784396343
|switch|p1a: Avalugg|Avalugg-Hisui, L50, M|100/100
|switch|p2a: Sinistcha|Sinistcha, L50|100/100
|-heal|p2b: Mawile|82/100 par|[from] ability: Hospitality|[of] p2a: Sinistcha
|turn|4
|
|t:|1784396356
|move|p2a: Sinistcha|Rage Powder|p2a: Sinistcha
|-singleturn|p2a: Sinistcha|move: Rage Powder
|move|p2b: Mawile|Iron Head|p1a: Avalugg
|-supereffective|p1a: Avalugg|2
|-ability|p1a: Avalugg|Sturdy
|-damage|p1a: Avalugg|1/100
|move|p1a: Avalugg|Mountain Gale|p2a: Sinistcha
|-supereffective|p2a: Sinistcha|1
|-damage|p2a: Sinistcha|11/100
|-enditem|p2a: Sinistcha|Sitrus Berry|[eat]
|-heal|p2a: Sinistcha|35/100|[from] item: Sitrus Berry
|move|p1b: Farigiraf|Thunderbolt|p2a: Sinistcha
|-resisted|p2a: Sinistcha|1
|-damage|p2a: Sinistcha|22/100
|
|upkeep
|turn|5
|inactive|ricardobrinati has 30 seconds left.
|
|t:|1784396383
|move|p2a: Sinistcha|Rage Powder|p2a: Sinistcha
|-singleturn|p2a: Sinistcha|move: Rage Powder
|move|p2b: Mawile|Iron Head|p1a: Avalugg
|-supereffective|p1a: Avalugg|2
|-damage|p1a: Avalugg|0 fnt
|faint|p1a: Avalugg
|move|p1b: Farigiraf|Psychic Noise|p2a: Sinistcha
|-damage|p2a: Sinistcha|0 fnt
|faint|p2a: Sinistcha
|
|-fieldend|move: Trick Room
|upkeep
|turn|6
|
|t:|1784396396
|move|p1b: Farigiraf|Thunderbolt|p2b: Mawile
|-damage|p2b: Mawile|54/100 par
|cant|p2b: Mawile|par
|
|upkeep
|turn|7
|
|t:|1784396403
|move|p1b: Farigiraf|Thunderbolt|p2b: Mawile
|-crit|p2b: Mawile
|-damage|p2b: Mawile|14/100 par
|cant|p2b: Mawile|par
|
|upkeep
|turn|8
|
|t:|1784396412
|move|p1b: Farigiraf|Thunderbolt|p2b: Mawile
|-damage|p2b: Mawile|0 fnt
|faint|p2b: Mawile
|
|win|bobsparents
|raw|bobsparents's rating: 1243 → 1267(+24 for winning)
|raw|ricardobrinati's rating: 1232 → 1208(-24 for losing)
