|j|☆GlitchXDGOAT
|j|☆TheFitZz35
|html|GlitchXDGOATTheFitZz35    
|uhtml|bestof|Game 1 of a best-of-3
|t:|1784269672
|gametype|doubles
|player|p1|GlitchXDGOAT|2|1211
|player|p2|TheFitZz35|swimmer-gen4|1126
|gen|9
|tier|[Gen 9 Champions] VGC 2026 Reg M-B (Bo3)
|rated|
|rule|Species Clause: Limit one of each Pokémon
|rule|Item Clause: Limit 1 of each item
|clearpoke
|poke|p1|Farigiraf, L50, M|
|poke|p1|Floette-Eternal, L50, F|
|poke|p1|Whimsicott, L50, M|
|poke|p1|Kingambit, L50, M|
|poke|p1|Charizard, L50, F|
|poke|p1|Garchomp, L50, M|
|poke|p2|Blastoise, L50, F|
|poke|p2|Pelipper, L50, M, shiny|
|poke|p2|Incineroar, L50, F|
|poke|p2|Manectric, L50, F|
|poke|p2|Farigiraf, L50, M|
|poke|p2|Sinistcha, L50|
|teampreview|4
|showteam|p1|Farigiraf||SitrusBerry|ArmorTail|Psychic,HelpingHand,Roar,TrickRoom|Bold||M|||50|]Floette-Eternal||Floettite|FlowerVeil|Moonblast,DrainingKiss,CalmMind,Protect|Quiet||F|||50|]Whimsicott||FairyFeather|Prankster|Moonblast,Tailwind,Encore,Protect|Timid||M|||50|]Kingambit||FocusSash|Defiant|SuckerPunch,KowtowCleave,IronHead,LowKick|Adamant||M|||50|]Charizard||CharizarditeY|Blaze|HeatWave,WeatherBall,SolarBeam,Protect|Timid||F|||50|]Garchomp||LifeOrb|RoughSkin|DragonClaw,RockSlide,Earthquake,Protect|Jolly||M|||50|
|showteam|p2|Blastoise||Blastoisinite|Torrent|ShellSmash,WaterSpout,Protect,AuraSphere|Modest||F|||50|]Pelipper||FocusSash|Drizzle|WeatherBall,HelpingHand,Protect,Hurricane|Rash||M|||50|]Incineroar||MentalHerb|Intimidate|FakeOut,PartingShot,FlareBlitz,DarkestLariat|Impish||F|||50|]Manectric||Magnet|LightningRod|Protect,Snarl,Discharge,Thunder|Modest||F|||50|]Farigiraf||SitrusBerry|ArmorTail|HelpingHand,Thunderbolt,TrickRoom,Psychic|Modest||M|||50|]Sinistcha||CobaBerry|Hospitality|RagePowder,MatchaGotcha,LifeDew,Protect|Calm|||||50|
|inactive|Battle timer is ON: inactive players will automatically lose when time's up. (requested by GlitchXDGOAT)
|inactive|GlitchXDGOAT has 60 seconds left.
|
|t:|1784269717
|teamsize|p1|4
|teamsize|p2|4
|start
|switch|p1a: Kingambit|Kingambit, L50, M|100/100
|switch|p1b: Floette|Floette-Eternal, L50, F|100/100
|switch|p2a: Blastoise|Blastoise, L50, F|100/100
|switch|p2b: Farigiraf|Farigiraf, L50, M|100/100
|turn|1
|
|t:|1784269742
|detailschange|p1b: Floette|Floette-Mega, L50, F
|-mega|p1b: Floette|Floette|Floettite
|-ability|p1b: Floette|Fairy Aura
|detailschange|p2a: Blastoise|Blastoise-Mega, L50, F
|-mega|p2a: Blastoise|Blastoise|Blastoisinite
|move|p1b: Floette|Calm Mind|p1b: Floette
|-boost|p1b: Floette|spa|1
|-boost|p1b: Floette|spd|1
|move|p1a: Kingambit|Kowtow Cleave|p2b: Farigiraf
|-supereffective|p2b: Farigiraf|1
|-damage|p2b: Farigiraf|0 fnt
|faint|p2b: Farigiraf
|move|p2a: Blastoise|Water Spout|p1b: Floette|[spread] p1a,p1b
|-damage|p1a: Kingambit|19/100
|-damage|p1b: Floette|66/100
|
|upkeep
|
|t:|1784269761
|switch|p2b: BellPepper|Pelipper, L50, M, shiny|100/100
|-weather|RainDance|[from] ability: Drizzle|[of] p2b: BellPepper
|turn|2
|
|t:|1784269776
|move|p2b: BellPepper|Helping Hand|p2a: Blastoise
|-singleturn|p2a: Blastoise|Helping Hand|[of] p2b: BellPepper
|move|p1a: Kingambit|Sucker Punch|p2a: Blastoise
|-damage|p2a: Blastoise|64/100
|move|p1b: Floette|Draining Kiss|p2b: BellPepper
|-enditem|p2b: BellPepper|Focus Sash
|-damage|p2b: BellPepper|1/100
|-heal|p1b: Floette|100/100|[from] drain|[of] p2b: BellPepper
|move|p2a: Blastoise|Water Spout|p1a: Kingambit|[spread] p1a,p1b
|-damage|p1a: Kingambit|0 fnt
|-damage|p1b: Floette|50/100g
|faint|p1a: Kingambit
|
|-weather|RainDance|[upkeep]
|upkeep
|
|t:|1784269790
|switch|p1a: Whimsicott|Whimsicott, L50, M|100/100
|turn|3
|inactive|TheFitZz35 has 30 seconds left.
|
|t:|1784269820
|switch|p2b: Sinistcha|Sinistcha, L50|100/100
|-heal|p2a: Blastoise|89/100|[from] ability: Hospitality|[of] p2b: Sinistcha
|move|p2a: Blastoise|Protect|p2a: Blastoise
|-singleturn|p2a: Blastoise|Protect
|move|p1a: Whimsicott|Moonblast|p2b: Sinistcha
|-damage|p2b: Sinistcha|49/100
|move|p1b: Floette|Moonblast|p2a: Blastoise
|-activate|p2a: Blastoise|move: Protect
|
|-weather|RainDance|[upkeep]
|upkeep
|turn|4
|
|t:|1784269842
|move|p1a: Whimsicott|Encore|p2a: Blastoise
|-start|p2a: Blastoise|Encore
|move|p2a: Blastoise|Protect|p2a: Blastoise
|-singleturn|p2a: Blastoise|Protect
|move|p1b: Floette|Draining Kiss|p2b: Sinistcha
|-damage|p2b: Sinistcha|0 fnt
|-heal|p1b: Floette|86/100|[from] drain|[of] p2b: Sinistcha
|faint|p2b: Sinistcha
|
|-weather|RainDance|[upkeep]
|upkeep
|
|t:|1784269856
|switch|p2b: BellPepper|Pelipper, L50, M, shiny|1/100
|turn|5
|
|t:|1784269866
|move|p2a: Blastoise|Protect||[still]
|-fail|p2a: Blastoise
|move|p1a: Whimsicott|Moonblast|p2b: BellPepper
|-damage|p2b: BellPepper|0 fnt
|faint|p2b: BellPepper
|move|p1b: Floette|Draining Kiss|p2a: Blastoise
|-damage|p2a: Blastoise|16/100
|-heal|p1b: Floette|100/100|[from] drain|[of] p2a: Blastoise
|
|-weather|RainDance|[upkeep]
|upkeep
|turn|6
|
|t:|1784269876
|move|p2a: Blastoise|Protect|p2a: Blastoise
|-singleturn|p2a: Blastoise|Protect
|move|p1a: Whimsicott|Tailwind|p1a: Whimsicott
|-sidestart|p1: GlitchXDGOAT|move: Tailwind
|move|p1b: Floette|Calm Mind|p1b: Floette
|-boost|p1b: Floette|spa|1
|-boost|p1b: Floette|spd|1
|
|-weather|none
|-end|p2a: Blastoise|Encore
|upkeep
|turn|7
|
|t:|1784269897
|move|p1a: Whimsicott|Encore|p2a: Blastoise
|-start|p2a: Blastoise|Encore
|move|p2a: Blastoise|Protect||[still]
|-fail|p2a: Blastoise
|move|p1b: Floette|Moonblast|p2a: Blastoise
|-damage|p2a: Blastoise|0 fnt
|faint|p2a: Blastoise
|
|win|GlitchXDGOAT
|c|☆GlitchXDGOAT|GG
||GlitchXDGOAT is ready for game 2.
|inactive|TheFitZz35 has 30 seconds to confirm battle start!
|inactive|TheFitZz35 has 20 seconds to confirm battle start!
|inactive|TheFitZz35 has 10 seconds to confirm battle start!
|uhtml|next|Next: Game 2 of 3
