|j|☆eggtophat_real
|html|eggtophat_realflamephoenix5000    
|uhtml|bestof|Game 2 of a best-of-3
|t:|1757222442
|gametype|doubles
|player|p1|eggtophat_real|miku-fire|1142
|player|p2|flamephoenix5000|lucas|1040
|gen|9
|tier|[Gen 9] VGC 2025 Reg H (Bo3)
|rated|
|rule|Species Clause: Limit one of each Pokémon
|rule|Item Clause: Limit 1 of each item
|clearpoke
|poke|p1|Gholdengo, L50|
|poke|p1|Sneasler, L50, M|
|poke|p1|Rillaboom, L50, F|
|poke|p1|Dragonite, L50, M|
|poke|p1|Ninetales-Alola, L50, M|
|poke|p1|Arcanine-Hisui, L50, F|
|poke|p2|Charizard, L50, M|
|poke|p2|Torkoal, L50, M|
|poke|p2|Amoonguss, L50, F|
|poke|p2|Basculegion-F, L50, F|
|poke|p2|Archaludon, L50, M|
|poke|p2|Pelipper, L50, M|
|teampreview|4
|showteam|p1|Gholdengo||GrassySeed|GoodasGold|NastyPlot,MakeItRain,ShadowBall,Protect||||||50|,,,,,Water]Sneasler||WhiteHerb|Unburden|CloseCombat,DireClaw,Coaching,Protect|||M|||50|,,,,,Ghost]Rillaboom||AssaultVest|GrassySurge|FakeOut,GrassyGlide,DrumBeating,HighHorsepower|||F|||50|,,,,,Fire]Dragonite||LoadedDice|Multiscale|ScaleShot,StompingTantrum,Tailwind,Protect|||M|||50|,,,,,Ground]Ninetales-Alola||FocusSash|SnowWarning|Blizzard,IcyWind,Encore,AuroraVeil|||M|||50|,,,,,Ghost]Arcanine-Hisui||ClearAmulet|Intimidate|RockSlide,FlareBlitz,ExtremeSpeed,Protect|||F|||50|,,,,,Water
|showteam|p2|Charizard||LifeOrb|SolarPower|HeatWave,RockSlide,AirSlash,ScorchingSands|||M|||50|,,,,,Ground]Torkoal||AssaultVest|Drought|Bulldoze,BodyPress,GyroBall,TemperFlare|||M|||50|,,,,,Fire]Amoonguss||Leftovers|Regenerator|PollenPuff,BulletSeed,Spore,SludgeBomb|||F|||50|,,,,,Grass]Basculegion-F||ChoiceSpecs|SwiftSwim|Surf,ShadowBall,Blizzard,Endeavor|||F|||50|,,,,,Water]Archaludon||PowerHerb|Stamina|AuraSphere,ElectroShot,DragonPulse,FlashCannon|||M|||50|,,,,,Steel]Pelipper||FocusSash|KeenEye|Hurricane,HydroPump,Tailwind,HelpingHand|||M|||50|,,,,,Water
|inactive|Battle timer is ON: inactive players will automatically lose when time's up. (requested by eggtophat_real)
|inactive|flamephoenix5000 disconnected and has a minute to reconnect!
|j|☆flamephoenix5000
|inactive|flamephoenix5000 reconnected and has 65 seconds left.
|player|p2|flamephoenix5000|lucas|
|inactive|eggtophat_real has 60 seconds left.
|inactive|flamephoenix5000 has 60 seconds left.
|
|t:|1757222495
|teamsize|p1|4
|teamsize|p2|4
|start
|switch|p1a: Arcanine|Arcanine-Hisui, L50, F|100/100
|switch|p1b: Dragonite|Dragonite, L50, M|100/100
|switch|p2a: Pelipper|Pelipper, L50, M|100/100
|switch|p2b: Archaludon|Archaludon, L50, M|100/100
|-ability|p1a: Arcanine|Intimidate|boost
|-unboost|p2a: Pelipper|atk|1
|-unboost|p2b: Archaludon|atk|1
|turn|1
|
|t:|1757222516
|move|p1a: Arcanine|Rock Slide|p2a: Pelipper|[spread] p2a,p2b
|-supereffective|p2a: Pelipper
|-resisted|p2b: Archaludon
|-damage|p2a: Pelipper|52/100
|-damage|p2b: Archaludon|90/100
|-ability|p2b: Archaludon|Stamina|boost
|-boost|p2b: Archaludon|def|1
|move|p1b: Dragonite|Tailwind|p1b: Dragonite
|-sidestart|p1: eggtophat_real|move: Tailwind
|move|p2b: Archaludon|Electro Shot||[still]
|-prepare|p2b: Archaludon|Electro Shot
|-boost|p2b: Archaludon|spa|1
|-enditem|p2b: Archaludon|Power Herb
|-anim|p2b: Archaludon|Electro Shot|p1a: Arcanine
|-damage|p1a: Arcanine|3/100
|move|p2a: Pelipper|Tailwind|p2a: Pelipper
|-sidestart|p2: flamephoenix5000|move: Tailwind
|
|upkeep
|turn|2
|inactive|flamephoenix5000 has 30 seconds left.
|
|t:|1757222544
|move|p2a: Pelipper|Helping Hand|p2b: Archaludon
|-singleturn|p2b: Archaludon|Helping Hand|[of] p2a: Pelipper
|move|p1a: Arcanine|Rock Slide|p2a: Pelipper|[spread] p2a,p2b
|-supereffective|p2a: Pelipper
|-resisted|p2b: Archaludon
|-damage|p2a: Pelipper|0 fnt
|-damage|p2b: Archaludon|84/100
|-ability|p2b: Archaludon|Stamina|boost
|-boost|p2b: Archaludon|def|1
|faint|p2a: Pelipper
|move|p1b: Dragonite|Scale Shot|p2b: Archaludon
|-damage|p2b: Archaludon|77/100
|-ability|p2b: Archaludon|Stamina|boost
|-boost|p2b: Archaludon|def|1
|-damage|p2b: Archaludon|73/100
|-ability|p2b: Archaludon|Stamina|boost
|-boost|p2b: Archaludon|def|1
|-damage|p2b: Archaludon|69/100
|-ability|p2b: Archaludon|Stamina|boost
|-boost|p2b: Archaludon|def|1
|-damage|p2b: Archaludon|65/100
|-ability|p2b: Archaludon|Stamina|boost
|-boost|p2b: Archaludon|def|1
|-damage|p2b: Archaludon|62/100
|-hitcount|p2b: Archaludon|5
|-unboost|p1b: Dragonite|def|1
|-boost|p1b: Dragonite|spe|1
|move|p2b: Archaludon|Dragon Pulse|p1b: Dragonite
|-supereffective|p1b: Dragonite
|-damage|p1b: Dragonite|0 fnt
|faint|p1b: Dragonite
|
|upkeep
|inactive|flamephoenix5000 has 30 seconds left.
|
|t:|1757222575
|switch|p1b: Ninetales|Ninetales-Alola, L50, M|100/100
|switch|p2a: Basculegion|Basculegion-F, L50, F|100/100
|-weather|Snowscape|[from] ability: Snow Warning|[of] p1b: Ninetales
|turn|3
|inactive|flamephoenix5000 has 30 seconds left.
|
|t:|1757222612
|-terastallize|p2b: Archaludon|Steel
|move|p1a: Arcanine|Protect|p1a: Arcanine
|-singleturn|p1a: Arcanine|Protect
|move|p1b: Ninetales|Encore|p2b: Archaludon
|-start|p2b: Archaludon|Encore
|move|p2b: Archaludon|Dragon Pulse|p1b: Ninetales
|-immune|p1b: Ninetales
|move|p2a: Basculegion|Surf|p1a: Arcanine|[spread] p2b,p1b
|-activate|p1a: Arcanine|move: Protect
|-damage|p2b: Archaludon|0 fnt
|-damage|p1b: Ninetales|47/100
|faint|p2b: Archaludon
|
|-weather|Snowscape|[upkeep]
|upkeep
|
|t:|1757222627
|switch|p2b: Charizard|Charizard, L50, M|100/100
|turn|4
|
|t:|1757222637
|move|p1b: Ninetales|Icy Wind|p2b: Charizard|[spread] p2a,p2b
|-resisted|p2a: Basculegion
|-damage|p2a: Basculegion|93/100
|-damage|p2b: Charizard|79/100
|-unboost|p2a: Basculegion|spe|1
|-unboost|p2b: Charizard|spe|1
|move|p1a: Arcanine|Rock Slide|p2a: Basculegion|[spread] p2a,p2b
|-supereffective|p2b: Charizard
|-damage|p2a: Basculegion|62/100
|-damage|p2b: Charizard|0 fnt
|faint|p2b: Charizard
|move|p2a: Basculegion|Surf|p1b: Ninetales|[spread] p1a,p1b
|-supereffective|p1a: Arcanine
|-damage|p1a: Arcanine|0 fnt
|-damage|p1b: Ninetales|0 fnt
|faint|p1a: Arcanine
|faint|p1b: Ninetales
|
|-weather|Snowscape|[upkeep]
|-sideend|p1: eggtophat_real|move: Tailwind
|-sideend|p2: flamephoenix5000|move: Tailwind
|upkeep
|
|t:|1757222645
|switch|p1b: Rillaboom|Rillaboom, L50, F|100/100
|-fieldstart|move: Grassy Terrain|[from] ability: Grassy Surge|[of] p1b: Rillaboom
|turn|5
|
|t:|1757222648
|move|p1b: Rillaboom|Drum Beating|p2a: Basculegion
|-supereffective|p2a: Basculegion
|-damage|p2a: Basculegion|0 fnt
|faint|p2a: Basculegion
|
|win|eggtophat_real
|raw|eggtophat_real's rating: 1142 → 1160(+18 for winning)
|raw|flamephoenix5000's rating: 1040 → 1029(-11 for losing)
|l|☆flamephoenix5000
|player|p2|
