|j|☆sbhaga34
|j|☆ancient95
|html|sbhaga34ancient95    
|uhtml|bestof|Game 2 of a best-of-3
|t:|1784661877
|gametype|doubles
|player|p1|sbhaga34|hugh|1298
|player|p2|ancient95|benga|1257
|gen|9
|tier|[Gen 9 Champions] VGC 2026 Reg M-B (Bo3)
|rated|
|rule|Species Clause: Limit one of each Pokémon
|rule|Item Clause: Limit 1 of each item
|clearpoke
|poke|p1|Excadrill, L50, M|
|poke|p1|Tyranitar, L50, M|
|poke|p1|Corviknight, L50, M|
|poke|p1|Rotom-Wash, L50|
|poke|p1|Chandelure, L50, M|
|poke|p1|Scovillain, L50, F|
|poke|p2|Whimsicott, L50, F|
|poke|p2|Staraptor, L50, M|
|poke|p2|Charizard, L50, M|
|poke|p2|Garchomp, L50, F|
|poke|p2|Kingambit, L50, F|
|poke|p2|Basculegion, L50, M|
|teampreview|4
|showteam|p1|Excadrill||FocusSash|SandRush|Earthquake,IronHead,SwordsDance,Protect|Adamant||M|||50|]Tyranitar||Tyranitarite|SandStream|RockSlide,KnockOff,LowKick,Protect|Adamant||M|||50|]Corviknight||SharpBeak|MirrorArmor|BraveBird,Tailwind,BulkUp,Roost|Careful||M|||50|]Rotom-Wash||ChoiceScarf|Levitate|VoltSwitch,Thunderbolt,Electroweb,HydroPump|Timid|||||50|]Chandelure||ShucaBerry|FlashFire|HeatWave,ShadowBall,TrickRoom,Protect|Modest||M|||50|]Scovillain||Scovillainite|Chlorophyll|RagePowder,Overheat,GigaDrain,Protect|Calm||F|||50|
|showteam|p2|Whimsicott||FocusSash|Prankster|Moonblast,Tailwind,Protect,Tickle|Timid||F|||50|]Staraptor||Staraptite|Intimidate|BraveBird,CloseCombat,Protect,Roost|Jolly||M|||50|]Charizard||CharizarditeY|Blaze|WeatherBall,HeatWave,Protect,SolarBeam|Modest||M|||50|]Garchomp||LifeOrb|RoughSkin|Earthquake,RockSlide,DragonClaw,Protect|Adamant||F|||50|]Kingambit||BlackGlasses|Defiant|KowtowCleave,SuckerPunch,LowKick,IronHead|Adamant||F|||50|]Basculegion||ChoiceScarf|Adaptability|WaveCrash,FlipTurn,AquaJet,LastRespects|Jolly||M|||50|
|inactive|Battle timer is ON: inactive players will automatically lose when time's up. (requested by ancient95)
|inactive|sbhaga34 has 60 seconds left.
|inactive|ancient95 has 60 seconds left.
|
|t:|1784661930
|teamsize|p1|4
|teamsize|p2|4
|start
|switch|p1a: Corviknight|Corviknight, L50, M|100/100
|switch|p1b: Chandelure|Chandelure, L50, M|100/100
|switch|p2a: Staraptor|Staraptor, L50, M|100/100
|switch|p2b: Whimsicott|Whimsicott, L50, F|100/100
|-ability|p2a: Staraptor|Intimidate|boost
|-ability|p1a: Corviknight|Mirror Armor
|-unboost|p2a: Staraptor|atk|1
|-unboost|p1b: Chandelure|atk|1
|turn|1
|inactive|sbhaga34 has 30 seconds left.
|
|t:|1784661957
|detailschange|p2a: Staraptor|Staraptor-Mega, L50, M
|-mega|p2a: Staraptor|Staraptor|Staraptite
|move|p2b: Whimsicott|Tickle|p2a: Staraptor
|-boost|p2a: Staraptor|atk|1
|-boost|p2a: Staraptor|def|1
|move|p2a: Staraptor|Close Combat|p1a: Corviknight
|-damage|p1a: Corviknight|52/100
|-boost|p2a: Staraptor|def|1
|-boost|p2a: Staraptor|spd|1
|move|p1a: Corviknight|Bulk Up|p1a: Corviknight
|-boost|p1a: Corviknight|atk|1
|-boost|p1a: Corviknight|def|1
|move|p1b: Chandelure|Trick Room|p1b: Chandelure
|-fieldstart|move: Trick Room|[of] p1b: Chandelure
|
|upkeep
|turn|2
|
|t:|1784661970
|move|p2b: Whimsicott|Protect|p2b: Whimsicott
|-singleturn|p2b: Whimsicott|Protect
|move|p2a: Staraptor|Protect|p2a: Staraptor
|-singleturn|p2a: Staraptor|Protect
|move|p1a: Corviknight|Brave Bird|p2a: Staraptor
|-activate|p2a: Staraptor|move: Protect
|move|p1b: Chandelure|Heat Wave|p2a: Staraptor|[spread] 
|-activate|p2a: Staraptor|move: Protect
|-activate|p2b: Whimsicott|move: Protect
|
|upkeep
|turn|3
|
|t:|1784661994
|move|p2b: Whimsicott|Tickle|p2a: Staraptor
|-boost|p2a: Staraptor|atk|1
|-boost|p2a: Staraptor|def|1
|move|p1a: Corviknight|Brave Bird|p2a: Staraptor
|-supereffective|p2a: Staraptor|1
|-damage|p2a: Staraptor|40/100
|-damage|p1a: Corviknight|33/100|[from] Recoil
|move|p1b: Chandelure|Heat Wave|p2a: Staraptor|[spread] p2a,p2b
|-supereffective|p2b: Whimsicott|1
|-damage|p2a: Staraptor|13/100
|-enditem|p2b: Whimsicott|Focus Sash
|-damage|p2b: Whimsicott|1/100
|move|p2a: Staraptor|Close Combat|p1a: Corviknight
|-damage|p1a: Corviknight|0 fnt
|-boost|p2a: Staraptor|def|1
|-boost|p2a: Staraptor|spd|1
|faint|p1a: Corviknight
|
|upkeep
|
|t:|1784662012
|switch|p1a: Rotom|Rotom-Wash, L50|100/100
|turn|4
|
|t:|1784662033
|switch|p2a: Garchomp|Garchomp, L50, F|100/100
|switch|p1a: Tyranitar|Tyranitar, L50, M|100/100
|-weather|Sandstorm|[from] ability: Sand Stream|[of] p1a: Tyranitar
|move|p2b: Whimsicott|Tailwind|p2b: Whimsicott
|-sidestart|p2: ancient95|move: Tailwind
|move|p1b: Chandelure|Shadow Ball|p2a: Garchomp
|-damage|p2a: Garchomp|54/100
|
|-weather|Sandstorm|[upkeep]
|-damage|p1b: Chandelure|94/100|[from] Sandstorm
|-damage|p2b: Whimsicott|0 fnt|[from] Sandstorm
|faint|p2b: Whimsicott
|upkeep
|
|t:|1784662046
|switch|p2b: Staraptor|Staraptor-Mega, L50, M|13/100
|turn|5
|
|t:|1784662067
|switch|p1a: Rotom|Rotom-Wash, L50|100/100
|move|p2a: Garchomp|Protect|p2a: Garchomp
|-singleturn|p2a: Garchomp|Protect
|move|p2b: Staraptor|Protect|p2b: Staraptor
|-singleturn|p2b: Staraptor|Protect
|move|p1b: Chandelure|Heat Wave|p2a: Garchomp|[spread] 
|-activate|p2a: Garchomp|move: Protect
|-activate|p2b: Staraptor|move: Protect
|
|-weather|Sandstorm|[upkeep]
|-damage|p1b: Chandelure|88/100|[from] Sandstorm
|-damage|p1a: Rotom|94/100|[from] Sandstorm
|-damage|p2b: Staraptor|7/100|[from] Sandstorm
|-fieldend|move: Trick Room
|upkeep
|turn|6
|
|t:|1784662084
|move|p2b: Staraptor|Roost|p2b: Staraptor
|-heal|p2b: Staraptor|57/100
|-singleturn|p2b: Staraptor|move: Roost
|move|p2a: Garchomp|Rock Slide|p1a: Rotom|[spread] p1b
|-miss|p2a: Garchomp|p1a: Rotom
|-supereffective|p1b: Chandelure|1
|-damage|p1b: Chandelure|28/100
|-damage|p2a: Garchomp|44/100|[from] item: Life Orb
|move|p1a: Rotom|Volt Switch|p2b: Staraptor
|-crit|p2b: Staraptor
|-damage|p2b: Staraptor|15/100
|
|t:|1784662095
|switch|p1a: Tyranitar|Tyranitar, L50, M|100/100|[from] Volt Switch
|move|p1b: Chandelure|Trick Room|p1b: Chandelure
|-fieldstart|move: Trick Room|[of] p1b: Chandelure
|
|-weather|Sandstorm|[upkeep]
|-damage|p1b: Chandelure|22/100|[from] Sandstorm
|-damage|p2b: Staraptor|8/100|[from] Sandstorm
|upkeep
|turn|7
|
|t:|1784662117
|detailschange|p1a: Tyranitar|Tyranitar-Mega, L50, M
|-mega|p1a: Tyranitar|Tyranitar|Tyranitarite
|move|p2b: Staraptor|Protect|p2b: Staraptor
|-singleturn|p2b: Staraptor|Protect
|move|p1b: Chandelure|Shadow Ball|p2b: Staraptor
|-activate|p2b: Staraptor|move: Protect
|move|p1a: Tyranitar|Knock Off|p2a: Garchomp
|-damage|p2a: Garchomp|0 fnt
|-damage|p1a: Tyranitar|87/100|[from] ability: Rough Skin|[of] p2a: Garchomp
|-enditem|p2a: Garchomp|Life Orb|[from] move: Knock Off|[of] p1a: Tyranitar
|faint|p2a: Garchomp
|
|-weather|Sandstorm|[upkeep]
|-damage|p1b: Chandelure|16/100|[from] Sandstorm
|-damage|p2b: Staraptor|2/100|[from] Sandstorm
|-sideend|p2: ancient95|move: Tailwind
|upkeep
|
|t:|1784662120
|switch|p2a: Basculegion|Basculegion, L50, M|100/100
|turn|8
|inactive|sbhaga34 has 30 seconds left.
|
|t:|1784662153
|move|p2a: Basculegion|Aqua Jet|p1b: Chandelure
|-supereffective|p1b: Chandelure|1
|-damage|p1b: Chandelure|0 fnt
|faint|p1b: Chandelure
|move|p1a: Tyranitar|Rock Slide|p2a: Basculegion|[spread] p2a,p2b
|-damage|p2a: Basculegion|57/100
|-damage|p2b: Staraptor|0 fnt
|faint|p2b: Staraptor
|
|-weather|none
|upkeep
|
|t:|1784662160
|switch|p1b: Rotom|Rotom-Wash, L50|94/100
|turn|9
|-message|ancient95 forfeited.
|
|win|sbhaga34
|raw|sbhaga34's rating: 1298 → 1320(+22 for winning)
|raw|ancient95's rating: 1257 → 1235(-22 for losing)
