|j|☆bouledefeu
|j|☆Moltresmania
|html|bouledefeuMoltresmania    
|uhtml|bestof|Game 2 of a best-of-3
|t:|1757789716
|gametype|doubles
|player|p1|bouledefeu|bugcatcher-gen4dp|1385
|player|p2|Moltresmania|265|1514
|gen|9
|tier|[Gen 9] VGC 2025 Reg H (Bo3)
|rated|
|rule|Species Clause: Limit one of each Pokémon
|rule|Item Clause: Limit 1 of each item
|clearpoke
|poke|p1|Incineroar, L50, F|
|poke|p1|Amoonguss, L50, F|
|poke|p1|Ursaluna-Bloodmoon, L50, M|
|poke|p1|Sneasler, L50, M|
|poke|p1|Gholdengo, L50|
|poke|p1|Dragonite, L50, M|
|poke|p2|Rillaboom, L50, M|
|poke|p2|Annihilape, L50, M|
|poke|p2|Weavile, L50, F|
|poke|p2|Archaludon, L50, M|
|poke|p2|Dondozo, L50, F|
|poke|p2|Tatsugiri, L50, M|
|teampreview|4
|showteam|p1|Incineroar||SafetyGoggles|Intimidate|FlareBlitz,KnockOff,PartingShot,FakeOut|||F|||50|,,,,,Ghost]Amoonguss||SitrusBerry|Regenerator|Spore,RagePowder,PollenPuff,Protect|||F|||50|,,,,,Psychic]Ursaluna-Bloodmoon||AssaultVest|MindsEye|HyperVoice,BloodMoon,EarthPower,VacuumWave|||M|||50|,,,,,Water]Sneasler||FocusSash|Unburden|CloseCombat,DireClaw,ThroatChop,Protect|||M|||50|,,,,,Stellar]Gholdengo||LifeOrb|GoodasGold|MakeItRain,ShadowBall,NastyPlot,Protect||||||50|,,,,,Water]Dragonite||LoadedDice|Multiscale|ScaleShot,Tailwind,Haze,Protect|||M|||50|,,,,,Fairy
|showteam|p2|Rillaboom||LifeOrb|GrassySurge|WoodHammer,GrassyGlide,HighHorsepower,FakeOut|||M|||50|,,,,,Stellar]Annihilape||SafetyGoggles|Defiant|RageFist,CloseCombat,Taunt,FinalGambit|||M|||50|,,,,,Water]Weavile||FocusSash|Pressure|TripleAxel,BeatUp,KnockOff,Protect|||F|||50|,,,,,Ghost]Archaludon||AssaultVest|Stamina|DracoMeteor,FlashCannon,Snarl,BodyPress|||M|||50|,,,,,Fighting]Dondozo||CovertCloak|Unaware|WaveCrash,OrderUp,Yawn,Protect|||F|||50|,,,,,Grass]Tatsugiri||ChoiceScarf|Commander|DracoMeteor,IcyWind,MuddyWater,Surf|||M|||50|,,,,,Fairy
|inactive|Battle timer is ON: inactive players will automatically lose when time's up. (requested by Moltresmania)
|inactive|bouledefeu has 60 seconds left.
|inactive|Moltresmania has 60 seconds left.
|
|t:|1757789767
|teamsize|p1|4
|teamsize|p2|4
|start
|switch|p1a: Dragonite|Dragonite, L50, M|100/100
|switch|p1b: Gholdengo|Gholdengo, L50|100/100
|switch|p2a: Weavile|Weavile, L50, F, shiny|100/100
|switch|p2b: Annihilape|Annihilape, L50, M|100/100
|-ability|p2a: Weavile|Pressure
|turn|1
|inactive|bouledefeu has 30 seconds left.
|
|t:|1757789801
|move|p1b: Gholdengo|Protect|p1b: Gholdengo
|-singleturn|p1b: Gholdengo|Protect
|move|p2a: Weavile|Knock Off|p1b: Gholdengo
|-activate|p1b: Gholdengo|move: Protect
|move|p2b: Annihilape|Final Gambit|p1a: Dragonite
|-damage|p1a: Dragonite|0 fnt
|faint|p2b: Annihilape
|faint|p1a: Dragonite
|
|upkeep
|
|t:|1757789813
|switch|p2b: Dondozo|Dondozo, L50, F|100/100
|switch|p1a: Ursaluna|Ursaluna-Bloodmoon, L50, M|100/100
|turn|2
|
|t:|1757789835
|switch|p2a: Tatsugiri|Tatsugiri, L50, M|100/100
|-activate|p2a: Tatsugiri|ability: Commander|[of] p2b: Dondozo
|-boost|p2b: Dondozo|atk|2
|-boost|p2b: Dondozo|spa|2
|-boost|p2b: Dondozo|spe|2
|-boost|p2b: Dondozo|def|2
|-boost|p2b: Dondozo|spd|2
|switch|p1b: Sneasler|Sneasler, L50, M|100/100
|-terastallize|p1a: Ursaluna|Water
|move|p2b: Dondozo|Wave Crash|p1b: Sneasler
|-enditem|p1b: Sneasler|Focus Sash
|-damage|p1b: Sneasler|1/100
|-damage|p2b: Dondozo|78/100|[from] Recoil
|move|p1a: Ursaluna|Hyper Voice|p2b: Dondozo|[spread] p2b
|-miss|p1a: Ursaluna|p2a: Tatsugiri
|-damage|p2b: Dondozo|60/100
|
|upkeep
|turn|3
|inactive|bouledefeu has 30 seconds left.
|inactive|Moltresmania has 30 seconds left.
|
|t:|1757789865
|move|p1b: Sneasler|Protect|p1b: Sneasler
|-singleturn|p1b: Sneasler|Protect
|move|p2b: Dondozo|Protect|p2b: Dondozo
|-singleturn|p2b: Dondozo|Protect
|move|p1a: Ursaluna|Hyper Voice|p2b: Dondozo|[spread] 
|-miss|p1a: Ursaluna|p2a: Tatsugiri
|-activate|p2b: Dondozo|move: Protect
|
|upkeep
|turn|4
|
|t:|1757789886
|move|p1b: Sneasler|Close Combat|p2b: Dondozo
|-damage|p2b: Dondozo|38/100
|-unboost|p1b: Sneasler|def|1
|-unboost|p1b: Sneasler|spd|1
|move|p2b: Dondozo|Wave Crash|p1b: Sneasler
|-damage|p1b: Sneasler|0 fnt
|faint|p1b: Sneasler
|-damage|p2b: Dondozo|37/100|[from] Recoil
|move|p1a: Ursaluna|Blood Moon|p2b: Dondozo
|-damage|p2b: Dondozo|3/100
|
|upkeep
|
|t:|1757789898
|switch|p1b: Gholdengo|Gholdengo, L50|100/100
|turn|5
|inactive|bouledefeu has 30 seconds left.
|
|t:|1757789927
|move|p1b: Gholdengo|Protect|p1b: Gholdengo
|-singleturn|p1b: Gholdengo|Protect
|move|p2b: Dondozo|Order Up|p1a: Ursaluna
|-damage|p1a: Ursaluna|64/100
|-boost|p2b: Dondozo|atk|1
|move|p1a: Ursaluna|Hyper Voice|p2a: Tatsugiri|[spread] p2b
|-miss|p1a: Ursaluna|p2a: Tatsugiri
|-damage|p2b: Dondozo|0 fnt
|faint|p2b: Dondozo
|
|upkeep
|
|t:|1757789934
|switch|p2b: Weavile|Weavile, L50, F, shiny|100/100
|-ability|p2b: Weavile|Pressure
|turn|6
|inactive|Moltresmania has 30 seconds left.
|inactive|Moltresmania has 20 seconds left.
|inactive|Moltresmania has 15 seconds left.
|inactive|Moltresmania has 10 seconds left.
|
|t:|1757789981
|-terastallize|p2b: Weavile|Ghost
|move|p1b: Gholdengo|Protect||[still]
|-fail|p1b: Gholdengo
|move|p2a: Tatsugiri|Draco Meteor|p1a: Ursaluna|[miss]
|-miss|p2a: Tatsugiri|p1a: Ursaluna
|move|p2b: Weavile|Knock Off|p1b: Gholdengo
|-supereffective|p1b: Gholdengo
|-damage|p1b: Gholdengo|4/100
|-enditem|p1b: Gholdengo|Life Orb|[from] move: Knock Off|[of] p2b: Weavile
|move|p1a: Ursaluna|Hyper Voice|p2a: Tatsugiri|[spread] p2a,p2b
|-damage|p2a: Tatsugiri|49/100
|-damage|p2b: Weavile|48/100
|
|upkeep
|turn|7
|
|t:|1757790003
|move|p2a: Tatsugiri|Draco Meteor|p1a: Ursaluna
|-damage|p1a: Ursaluna|23/100
|-unboost|p2a: Tatsugiri|spa|2
|move|p2b: Weavile|Knock Off|p1a: Ursaluna
|-damage|p1a: Ursaluna|0 fnt
|-enditem|p1a: Ursaluna|Assault Vest|[from] move: Knock Off|[of] p2b: Weavile
|faint|p1a: Ursaluna
|move|p1b: Gholdengo|Make It Rain|p2a: Tatsugiri|[spread] p2a,p2b
|-resisted|p2a: Tatsugiri
|-damage|p2a: Tatsugiri|18/100
|-damage|p2b: Weavile|0 fnt
|-unboost|p1b: Gholdengo|spa|1
|faint|p2b: Weavile
|
|upkeep
|turn|8
|
|t:|1757790018
|move|p2a: Tatsugiri|Draco Meteor|p1b: Gholdengo
|-resisted|p1b: Gholdengo
|-damage|p1b: Gholdengo|0 fnt
|-unboost|p2a: Tatsugiri|spa|2
|faint|p1b: Gholdengo
|
|win|Moltresmania
||bouledefeu is ready for game 3.
||bouledefeu is ready for game 3.
|l|☆Moltresmania
|player|p2|
||Moltresmania is ready for game 3.
|uhtml|next|Next: Game 3 of 3
