|j|☆DumbDerek
|j|☆Aeon_Twins
|html|DumbDerekAeon_Twins    
|uhtml|bestof|Game 2 of a best-of-3
|t:|1782513385
|gametype|doubles
|player|p1|DumbDerek|blackbelt-gen4|1109
|player|p2|Aeon_Twins|n|1255
|gen|9
|tier|[Gen 9 Champions] VGC 2026 Reg M-B (Bo3)
|rated|
|rule|Species Clause: Limit one of each Pokémon
|rule|Item Clause: Limit 1 of each item
|clearpoke
|poke|p1|Garchomp, L50, M|
|poke|p1|Ninetales-Alola, L50, M|
|poke|p1|Farigiraf, L50, M|
|poke|p1|Scrafty, L50, M|
|poke|p1|Sinistcha, L50|
|poke|p1|Delphox, L50, M|
|poke|p2|Torkoal, L50, M|
|poke|p2|Farigiraf, L50, M|
|poke|p2|Pyroar, L50, F|
|poke|p2|Venusaur, L50, F|
|poke|p2|Sylveon, L50, M|
|poke|p2|Scrafty, L50, F|
|teampreview|4
|showteam|p1|Garchomp||LifeOrb|RoughSkin|Earthquake,DragonClaw,RockSlide,Protect|Jolly||M|||50|]Ninetales-Alola||LightClay|SnowWarning|AuroraVeil,Protect,Blizzard,Moonblast|Timid||M|||50|]Farigiraf||ColburBerry|ArmorTail|HyperVoice,TwinBeam,TrickRoom,ShadowBall|Quiet||M|||50|]Scrafty||Scraftinite|Intimidate|CloseCombat,KnockOff,SwordsDance,FakeOut|Adamant||M|||50|]Sinistcha||SitrusBerry|Hospitality|ShadowBall,MatchaGotcha,LifeDew,RagePowder|Bold|||||50|]Delphox||Delphoxite|Blaze|NastyPlot,HeatWave,Psyshock,Protect|Timid||M|||50|
|showteam|p2|Torkoal||Charcoal|Drought|Eruption,HeatWave,HelpingHand,Protect|Quiet||M|||50|]Farigiraf||ColburBerry|ArmorTail|Psychic,Thunderbolt,TrickRoom,SunnyDay|Sassy||M|||50|]Pyroar||Pyroarite|Rivalry|Overheat,HyperVoice,HeatWave,Protect|Timid||F|||50|]Venusaur||LifeOrb|Chlorophyll|GigaDrain,EarthPower,SleepPowder,Protect|Timid||F|||50|]Sylveon||FairyFeather|Pixilate|HyperBeam,HyperVoice,WeatherBall,Protect|Modest||M|||50|]Scrafty||Scraftinite|Intimidate|FakeOut,CloseCombat,KnockOff,Protect|Brave||F|||50|
|j| Mickmoon
|inactive|Battle timer is ON: inactive players will automatically lose when time's up. (requested by DumbDerek)
|inactive|Aeon_Twins has 60 seconds left.
|
|t:|1782513453
|teamsize|p1|4
|teamsize|p2|4
|start
|switch|p1a: Ninetales|Ninetales-Alola, L50, M|100/100
|switch|p1b: Farigiraf|Farigiraf, L50, M|100/100
|switch|p2a: Farigiraf|Farigiraf, L50, M|100/100
|switch|p2b: Scrafty|Scrafty, L50, F|100/100
|-weather|Snowscape|[from] ability: Snow Warning|[of] p1a: Ninetales
|-ability|p2b: Scrafty|Intimidate|boost
|-unboost|p1a: Ninetales|atk|1
|-unboost|p1b: Farigiraf|atk|1
|turn|1
|
|t:|1782513471
|switch|p2b: Torkoal|Torkoal, L50, M|100/100
|-weather|SunnyDay|[from] ability: Drought|[of] p2b: Torkoal
|move|p1a: Ninetales|Aurora Veil||[still]
|-fail|p1a: Ninetales
|move|p1b: Farigiraf|Hyper Voice|p2a: Farigiraf|[spread] p2a,p2b
|-damage|p2a: Farigiraf|70/100
|-damage|p2b: Torkoal|54/100
|move|p2a: Farigiraf|Psychic|p1a: Ninetales
|-damage|p1a: Ninetales|63/100
|
|-weather|SunnyDay|[upkeep]
|upkeep
|turn|2
|
|t:|1782513493
|move|p1a: Ninetales|Moonblast|p2a: Farigiraf
|-damage|p2a: Farigiraf|41/100
|move|p1b: Farigiraf|Hyper Voice|p2a: Farigiraf|[spread] p2a,p2b
|-damage|p2a: Farigiraf|13/100
|-damage|p2b: Torkoal|6/100
|move|p2b: Torkoal|Heat Wave|p1b: Farigiraf|[spread] p1a,p1b
|-supereffective|p1a: Ninetales|1
|-damage|p1a: Ninetales|0 fnt
|-damage|p1b: Farigiraf|43/100
|faint|p1a: Ninetales
|move|p2a: Farigiraf|Trick Room|p2a: Farigiraf
|-fieldstart|move: Trick Room|[of] p2a: Farigiraf
|
|-weather|SunnyDay|[upkeep]
|upkeep
|
|t:|1782513499
|switch|p1a: Delphox|Delphox, L50, M|100/100
|turn|3
|
|t:|1782513522
|switch|p1b: Garchomp|Garchomp, L50, M|100/100
|detailschange|p1a: Delphox|Delphox-Mega, L50, M
|-mega|p1a: Delphox|Delphox|Delphoxite
|move|p2b: Torkoal|Heat Wave|p1b: Garchomp|[spread] p1a,p1b
|-resisted|p1a: Delphox|1
|-resisted|p1b: Garchomp|1
|-damage|p1a: Delphox|72/100
|-damage|p1b: Garchomp|70/100
|move|p2a: Farigiraf|Thunderbolt|p1b: Garchomp
|-immune|p1b: Garchomp
|move|p1a: Delphox|Nasty Plot|p1a: Delphox
|-boost|p1a: Delphox|spa|2
|
|-weather|SunnyDay|[upkeep]
|upkeep
|turn|4
|
|t:|1782513538
|move|p1b: Garchomp|Protect|p1b: Garchomp
|-singleturn|p1b: Garchomp|Protect
|move|p1a: Delphox|Protect|p1a: Delphox
|-singleturn|p1a: Delphox|Protect
|move|p2b: Torkoal|Heat Wave|p1a: Delphox|[spread] 
|-activate|p1a: Delphox|move: Protect
|-activate|p1b: Garchomp|move: Protect
|move|p2a: Farigiraf|Thunderbolt|p1a: Delphox
|-activate|p1a: Delphox|move: Protect
|
|-weather|SunnyDay|[upkeep]
|upkeep
|turn|5
|inactive|Aeon_Twins has 30 seconds left.
|inactive|Aeon_Twins has 20 seconds left.
|
|t:|1782513576
|move|p2b: Torkoal|Heat Wave|p1b: Garchomp|[spread] p1a,p1b
|-resisted|p1a: Delphox|1
|-resisted|p1b: Garchomp|1
|-damage|p1a: Delphox|44/100
|-damage|p1b: Garchomp|41/100
|move|p2a: Farigiraf|Psychic|p1b: Garchomp
|-damage|p1b: Garchomp|5/100
|move|p1b: Garchomp|Earthquake|p2a: Farigiraf|[spread] p2a,p2b
|-immune|p1a: Delphox|[from] ability: Levitate
|-crit|p2a: Farigiraf
|-supereffective|p2b: Torkoal|1
|-damage|p2a: Farigiraf|0 fnt
|-damage|p2b: Torkoal|0 fnt
|faint|p2a: Farigiraf
|faint|p2b: Torkoal
|-damage|p1b: Garchomp|0 fnt|[from] item: Life Orb
|faint|p1b: Garchomp
|move|p1a: Delphox|Nasty Plot|p1a: Delphox
|-boost|p1a: Delphox|spa|2
|
|-weather|none
|upkeep
|
|t:|1782513593
|switch|p2b: Scrafty|Scrafty, L50, F|100/100
|switch|p2a: Sylveon|Sylveon, L50, M|100/100
|switch|p1b: Farigiraf|Farigiraf, L50, M|43/100
|-ability|p2b: Scrafty|Intimidate|boost
|-unboost|p1a: Delphox|atk|1
|-unboost|p1b: Farigiraf|atk|1
|turn|6
|
|t:|1782513609
|detailschange|p2b: Scrafty|Scrafty-Mega, L50, F
|-mega|p2b: Scrafty|Scrafty|Scraftinite
|-ability|p2b: Scrafty|Intimidate|boost
|-unboost|p1a: Delphox|atk|1
|-unboost|p1b: Farigiraf|atk|1
|move|p1a: Delphox|Protect|p1a: Delphox
|-singleturn|p1a: Delphox|Protect
|move|p1b: Farigiraf|Hyper Voice|p2a: Sylveon|[spread] p2a,p2b
|-damage|p2a: Sylveon|77/100
|-damage|p2b: Scrafty|70/100
|move|p2b: Scrafty|Knock Off|p1a: Delphox
|-activate|p1a: Delphox|move: Protect
|move|p2a: Sylveon|Hyper Voice|p1b: Farigiraf|[spread] p1b
|-activate|p1a: Delphox|move: Protect
|-damage|p1b: Farigiraf|0 fnt
|faint|p1b: Farigiraf
|
|-fieldend|move: Trick Room
|upkeep
|turn|7
|
|t:|1782513622
|move|p1a: Delphox|Heat Wave|p2b: Scrafty|[spread] p2a,p2b
|-damage|p2a: Sylveon|0 fnt
|-damage|p2b: Scrafty|0 fnt
|faint|p2a: Sylveon
|faint|p2b: Scrafty
|
|win|DumbDerek
