|j|☆retrisma
|j|☆CorkscrewRacer
|html|retrismaCorkscrewRacer    
|uhtml|bestof|Game 2 of a best-of-3
|t:|1756164795
|gametype|doubles
|player|p1|retrisma|shadowtriad|1040
|player|p2|CorkscrewRacer|266|1042
|gen|9
|tier|[Gen 9] VGC 2025 Reg H (Bo3)
|rated|
|rule|Species Clause: Limit one of each Pokémon
|rule|Item Clause: Limit 1 of each item
|clearpoke
|poke|p1|Annihilape, L50, M|
|poke|p1|Maushold, L50|
|poke|p1|Archaludon, L50, F|
|poke|p1|Pelipper, L50, M|
|poke|p1|Basculegion, L50, M|
|poke|p1|Sinistcha, L50|
|poke|p2|Sneasler, L50, F|
|poke|p2|Dragapult, L50, M|
|poke|p2|Dondozo, L50, M|
|poke|p2|Tatsugiri, L50, M|
|poke|p2|Incineroar, L50, F|
|poke|p2|Rillaboom, L50, F|
|teampreview|4
|showteam|p1|Annihilape||SitrusBerry|Defiant|RageFist,CloseCombat,Protect,Taunt|||M|||50|,,,,,Steel]Maushold||SafetyGoggles|FriendGuard|BeatUp,FollowMe,Protect,SuperFang||||||50|,,,,,Ghost]Archaludon||AssaultVest|Stamina|ElectroShot,BodyPress,FlashCannon,DragonPulse|||F|||50|,,,,,Bug]Pelipper||FocusSash|Drizzle|Hurricane,WeatherBall,Protect,Tailwind|||M|||50|,,,,,Stellar]Basculegion||ChoiceBand|SwiftSwim|WaveCrash,LastRespects,AquaJet,FlipTurn|||M|||50|,,,,,Water]Sinistcha||RockyHelmet|Hospitality|RagePowder,MatchaGotcha,LifeDew,StrengthSap||||||50|,,,,,Fire
|showteam|p2|Sneasler||GrassySeed|Unburden|DireClaw,CloseCombat,Protect,FakeOut|||F|||50|,,,,,Ghost]Dragapult||ChoiceBand|ClearBody|DragonDarts,Outrage,PhantomForce,Uturn|||M|||50|,,,,,Dragon]Dondozo||Leftovers|Unaware|WaveCrash,HeavySlam,OrderUp,Protect|||M|||50|,,,,,Grass]Tatsugiri||LifeOrb|Commander|DracoMeteor,MuddyWater,IcyWind,Protect|||M|||50|,,,,,Stellar]Incineroar||AssaultVest|Intimidate|FakeOut,FlareBlitz,KnockOff,Uturn|||F|||50|,,,,,Ghost]Rillaboom||MiracleSeed|GrassySurge|GrassyGlide,WoodHammer,FakeOut,Taunt|||F|||50|,,,,,Fire
|j| BLiiNDProdiigy
|
|t:|1756164817
|teamsize|p1|4
|teamsize|p2|4
|start
|switch|p1a: Maushold|Maushold, L50|100/100
|switch|p1b: Archaludon|Archaludon, L50, F|100/100
|switch|p2a: Sneasler|Sneasler, L50, F|100/100
|switch|p2b: Rillaboom|Rillaboom, L50, F|100/100
|-fieldstart|move: Grassy Terrain|[from] ability: Grassy Surge|[of] p2b: Rillaboom
|-enditem|p2a: Sneasler|Grassy Seed
|-boost|p2a: Sneasler|def|1|[from] item: Grassy Seed
|turn|1
|
|t:|1756164851
|-terastallize|p1b: Archaludon|Bug
|move|p2b: Rillaboom|Grassy Glide|p1a: Maushold
|-damage|p1a: Maushold|39/100
|move|p2a: Sneasler|Dire Claw|p1a: Maushold
|-damage|p1a: Maushold|0 fnt
|faint|p1a: Maushold
|move|p1b: Archaludon|Body Press|p2b: Rillaboom
|-damage|p2b: Rillaboom|78/100
|
|-heal|p2b: Rillaboom|84/100|[from] Grassy Terrain
|upkeep
|
|t:|1756164857
|switch|p1a: Pelipper|Pelipper, L50, M|100/100
|-weather|RainDance|[from] ability: Drizzle|[of] p1a: Pelipper
|turn|2
|
|t:|1756164917
|-terastallize|p2b: Rillaboom|Fire
|move|p2b: Rillaboom|Grassy Glide|p1a: Pelipper
|-damage|p1a: Pelipper|42/100
|move|p2a: Sneasler|Dire Claw|p1a: Pelipper
|-damage|p1a: Pelipper|0 fnt
|faint|p1a: Pelipper
|move|p1b: Archaludon|Electro Shot||[still]
|-prepare|p1b: Archaludon|Electro Shot
|-boost|p1b: Archaludon|spa|1
|-anim|p1b: Archaludon|Electro Shot|p2a: Sneasler
|-damage|p2a: Sneasler|27/100
|
|-weather|RainDance|[upkeep]
|-heal|p2a: Sneasler|33/100|[from] Grassy Terrain
|-heal|p2b: Rillaboom|90/100|[from] Grassy Terrain
|upkeep
|
|t:|1756164928
|switch|p1a: Sinistcha|Sinistcha, L50|100/100
|turn|3
|
|t:|1756164974
|move|p1a: Sinistcha|Rage Powder|p1a: Sinistcha
|-singleturn|p1a: Sinistcha|move: Rage Powder
|move|p2b: Rillaboom|Grassy Glide|p1a: Sinistcha
|-resisted|p1a: Sinistcha
|-damage|p1a: Sinistcha|82/100
|-damage|p2b: Rillaboom|73/100|[from] item: Rocky Helmet|[of] p1a: Sinistcha
|move|p2a: Sneasler|Dire Claw|p1a: Sinistcha
|-damage|p1a: Sinistcha|36/100
|-status|p1a: Sinistcha|slp
|-damage|p2a: Sneasler|16/100|[from] item: Rocky Helmet|[of] p1a: Sinistcha
|move|p1b: Archaludon|Electro Shot||[still]
|-prepare|p1b: Archaludon|Electro Shot
|-boost|p1b: Archaludon|spa|1
|-anim|p1b: Archaludon|Electro Shot|p2b: Rillaboom
|-damage|p2b: Rillaboom|0 fnt
|faint|p2b: Rillaboom
|
|-weather|RainDance|[upkeep]
|-heal|p2a: Sneasler|22/100|[from] Grassy Terrain
|-heal|p1a: Sinistcha|43/100 slp|[from] Grassy Terrain
|upkeep
|
|t:|1756164995
|switch|p2b: Dondozo|Dondozo, L50, M|100/100
|turn|4
|
|t:|1756165005
|switch|p2a: Tatsugiri|Tatsugiri, L50, M|100/100
|-activate|p2a: Tatsugiri|ability: Commander|[of] p2b: Dondozo
|-boost|p2b: Dondozo|atk|2
|-boost|p2b: Dondozo|spa|2
|-boost|p2b: Dondozo|spe|2
|-boost|p2b: Dondozo|def|2
|-boost|p2b: Dondozo|spd|2
|move|p2b: Dondozo|Heavy Slam|p1a: Sinistcha
|-damage|p1a: Sinistcha|0 fnt
|-damage|p2b: Dondozo|84/100|[from] item: Rocky Helmet|[of] p1a: Sinistcha
|faint|p1a: Sinistcha
|move|p1b: Archaludon|Electro Shot||[still]
|-prepare|p1b: Archaludon|Electro Shot
|-boost|p1b: Archaludon|spa|1
|-anim|p1b: Archaludon|Electro Shot|p2b: Dondozo
|-supereffective|p2b: Dondozo
|-damage|p2b: Dondozo|43/100
|
|-weather|RainDance|[upkeep]
|-heal|p2b: Dondozo|50/100|[from] Grassy Terrain
|-heal|p2b: Dondozo|56/100|[from] item: Leftovers
|upkeep
|turn|5
|
|t:|1756165024
|move|p2b: Dondozo|Protect|p2b: Dondozo
|-singleturn|p2b: Dondozo|Protect
|move|p1b: Archaludon|Electro Shot||[still]
|-prepare|p1b: Archaludon|Electro Shot
|-boost|p1b: Archaludon|spa|1
|-anim|p1b: Archaludon|Electro Shot|p2b: Dondozo
|-activate|p2b: Dondozo|move: Protect
|
|-weather|RainDance|[upkeep]
|-heal|p2b: Dondozo|62/100|[from] Grassy Terrain
|-heal|p2b: Dondozo|68/100|[from] item: Leftovers
|-fieldend|move: Grassy Terrain
|upkeep
|turn|6
|
|t:|1756165037
|move|p2b: Dondozo|Wave Crash|p1b: Archaludon
|-damage|p1b: Archaludon|0 fnt
|faint|p1b: Archaludon
|-damage|p2b: Dondozo|39/100|[from] Recoil
|
|win|CorkscrewRacer
|raw|retrisma's rating: 1040 → 1024(-16 for losing)
|raw|CorkscrewRacer's rating: 1042 → 1076(+34 for winning)
|l|☆retrisma
|player|p1|
|l| BLiiNDProdiigy
