|j|☆cocobennyy
|j|☆LoMa_Louis
|html|cocobennyyLoMa_Louis    
|uhtml|bestof|Game 1 of a best-of-3
|t:|1783669584
|gametype|doubles
|player|p1|cocobennyy|medium|1137
|player|p2|LoMa_Louis|wallace-masters|1027
|gen|9
|tier|[Gen 9 Champions] VGC 2026 Reg M-B (Bo3)
|rated|
|rule|Species Clause: Limit one of each Pokémon
|rule|Item Clause: Limit 1 of each item
|clearpoke
|poke|p1|Archaludon, L50, M|
|poke|p1|Swampert, L50, M|
|poke|p1|Politoed, L50, M|
|poke|p1|Gengar, L50, M|
|poke|p1|Sableye, L50, M|
|poke|p1|Farigiraf, L50, F|
|poke|p2|Camerupt, L50, F, shiny|
|poke|p2|Drampa, L50, F, shiny|
|poke|p2|Incineroar, L50, F, shiny|
|poke|p2|Farigiraf, L50, F|
|poke|p2|Torkoal, L50, F|
|poke|p2|Araquanid, L50, F, shiny|
|teampreview|4
|showteam|p1|Archaludon||Leftovers|Stamina|Protect,ElectroShot,FlashCannon,DragonPulse|Modest||M|||50|]Swampert||Swampertite|Torrent|Protect,WaveCrash,HighHorsepower,IcePunch|Adamant||M|||50|]Politoed||SitrusBerry|Drizzle|Protect,PerishSong,IcyWind,WeatherBall|Calm||M|||50|]Gengar||Gengarite|CursedBody|Protect,PerishSong,Disable,ShadowBall|Modest||M|||50|]Sableye||FocusSash|Prankster|FakeOut,Encore,RainDance,Quash|Sassy||M|||50|]Farigiraf||ExpertBelt|ArmorTail|Psychic,GrassKnot,TrickRoom,Protect|Bold||F|||50|
|showteam|p2|Camerupt||Cameruptite|SolidRock|Eruption,HeatWave,EarthPower,Protect|Quiet||F|||50|]Drampa||Drampanite|CloudNine|EnergyBall,EarthPower,Thunderbolt,Protect|Quiet||F|||50|]Incineroar||LifeOrb|Intimidate|FlareBlitz,DarkestLariat,CloseCombat,FakeOut|Brave||F|||50|]Farigiraf||SitrusBerry|ArmorTail|Psychic,Thunderbolt,HelpingHand,TrickRoom|Relaxed||F|||50|]Torkoal||Charcoal|Drought|Eruption,WeatherBall,SunnyDay,Protect|Quiet||F|||50|]Araquanid||IronBall|WaterBubble|Liquidation,LeechLife,WideGuard,Protect|Careful||F|||50|
|inactive|Battle timer is ON: inactive players will automatically lose when time's up. (requested by LoMa_Louis)
|inactive|cocobennyy has 60 seconds left.
|inactive|cocobennyy has 30 seconds left.
|
|t:|1783669669
|teamsize|p1|4
|teamsize|p2|4
|start
|switch|p1a: Gengar|Gengar, L50, M|100/100
|switch|p1b: Farigiraf|Farigiraf, L50, F|100/100
|switch|p2a: Farigiraf|Farigiraf, L50, F|100/100
|switch|p2b: Incineroar|Incineroar, L50, F, shiny|100/100
|-ability|p2b: Incineroar|Intimidate|boost
|-unboost|p1a: Gengar|atk|1
|-unboost|p1b: Farigiraf|atk|1
|turn|1
|inactive|cocobennyy has 30 seconds left.
|inactive|cocobennyy has 20 seconds left.
|inactive|cocobennyy has 15 seconds left.
|inactive|cocobennyy has 10 seconds left.
|
|t:|1783669718
|switch|p1a: Archaludon|Archaludon, L50, M|100/100
|move|p1b: Farigiraf|Psychic|p2a: Farigiraf
|-resisted|p2a: Farigiraf|1
|-damage|p2a: Farigiraf|83/100
|move|p2b: Incineroar|Darkest Lariat|p1b: Farigiraf
|-supereffective|p1b: Farigiraf|1
|-damage|p1b: Farigiraf|17/100
|-damage|p2b: Incineroar|90/100|[from] item: Life Orb
|move|p2a: Farigiraf|Trick Room|p2a: Farigiraf
|-fieldstart|move: Trick Room|[of] p2a: Farigiraf
|
|upkeep
|turn|2
|inactive|cocobennyy has 30 seconds left.
|inactive|LoMa_Louis has 30 seconds left.
|
|t:|1783669747
|switch|p2a: Drampa|Drampa, L50, F, shiny|100/100
|-ability|p2a: Drampa|Cloud Nine
|move|p1b: Farigiraf|Protect|p1b: Farigiraf
|-singleturn|p1b: Farigiraf|Protect
|move|p2b: Incineroar|Darkest Lariat|p1b: Farigiraf
|-activate|p1b: Farigiraf|move: Protect
|move|p1a: Archaludon|Dragon Pulse|p2b: Incineroar
|-damage|p2b: Incineroar|49/100
|
|upkeep
|turn|3
|inactive|cocobennyy has 30 seconds left.
|inactive|cocobennyy has 20 seconds left.
|inactive|cocobennyy has 15 seconds left.
|
|t:|1783669790
|switch|p1b: Politoed|Politoed, L50, M|100/100
|-weather|RainDance|[from] ability: Drizzle|[of] p1b: Politoed
|detailschange|p2a: Drampa|Drampa-Mega, L50, F, shiny
|-mega|p2a: Drampa|Drampa|Drampanite
|move|p2a: Drampa|Earth Power|p1a: Archaludon
|-supereffective|p1a: Archaludon|1
|-damage|p1a: Archaludon|21/100
|-ability|p1a: Archaludon|Stamina|boost
|-boost|p1a: Archaludon|def|1
|move|p2b: Incineroar|Darkest Lariat|p1b: Politoed
|-damage|p1b: Politoed|36/100
|-enditem|p1b: Politoed|Sitrus Berry|[eat]
|-heal|p1b: Politoed|60/100|[from] item: Sitrus Berry
|-damage|p2b: Incineroar|39/100|[from] item: Life Orb
|move|p1a: Archaludon|Dragon Pulse|p2a: Drampa
|-supereffective|p2a: Drampa|1
|-damage|p2a: Drampa|28/100
|-ability|p2a: Drampa|Berserk|boost
|-boost|p2a: Drampa|spa|1
|
|-weather|RainDance|[upkeep]
|-heal|p1a: Archaludon|27/100|[from] item: Leftovers
|upkeep
|turn|4
|inactive|cocobennyy has 30 seconds left.
|inactive|cocobennyy has 20 seconds left.
|inactive|cocobennyy has 15 seconds left.
|inactive|cocobennyy has 10 seconds left.
|inactive|cocobennyy has 5 seconds left.
|
|t:|1783669841
|switch|p2b: Torkoal|Torkoal, L50, F|100/100
|-weather|SunnyDay|[from] ability: Drought|[of] p2b: Torkoal
|switch|p1b: Gengar|Gengar, L50, M|100/100
|move|p2a: Drampa|Protect|p2a: Drampa
|-singleturn|p2a: Drampa|Protect
|move|p1a: Archaludon|Dragon Pulse|p2a: Drampa
|-activate|p2a: Drampa|move: Protect
|
|-weather|SunnyDay|[upkeep]
|-heal|p1a: Archaludon|34/100|[from] item: Leftovers
|upkeep
|turn|5
|
|t:|1783669861
|switch|p2b: Farigiraf|Farigiraf, L50, F|83/100
|switch|p2a: Incineroar|Incineroar, L50, F, shiny|39/100
|-ability|p2a: Incineroar|Intimidate|boost
|-unboost|p1a: Archaludon|atk|1
|-unboost|p1b: Gengar|atk|1
|switch|p1a: Politoed|Politoed, L50, M|60/100
|-weather|RainDance|[from] ability: Drizzle|[of] p1a: Politoed
|detailschange|p1b: Gengar|Gengar-Mega, L50, M
|-mega|p1b: Gengar|Gengar|Gengarite
|move|p1b: Gengar|Protect||[still]
|-fail|p1b: Gengar
|
|-weather|RainDance|[upkeep]
|-fieldend|move: Trick Room
|upkeep
|turn|6
|inactive|cocobennyy has 30 seconds left.
|inactive|cocobennyy has 20 seconds left.
|
|t:|1783669898
|move|p1b: Gengar|Protect|p1b: Gengar
|-singleturn|p1b: Gengar|Protect
|move|p2a: Incineroar|Fake Out|p1a: Politoed
|-damage|p1a: Politoed|41/100
|-damage|p2a: Incineroar|29/100|[from] item: Life Orb
|cant|p1a: Politoed|flinch
|move|p2b: Farigiraf|Trick Room|p2b: Farigiraf
|-fieldstart|move: Trick Room|[of] p2b: Farigiraf
|
|-weather|RainDance|[upkeep]
|upkeep
|turn|7
|
|t:|1783669914
|switch|p1b: Farigiraf|Farigiraf, L50, F|17/100
|move|p2b: Farigiraf|Thunderbolt|p1a: Politoed
|-supereffective|p1a: Politoed|1
|-damage|p1a: Politoed|8/100
|-status|p1a: Politoed|par
|move|p1a: Politoed|Weather Ball|p2a: Incineroar
|-supereffective|p2a: Incineroar|1
|-damage|p2a: Incineroar|0 fnt
|faint|p2a: Incineroar
|
|-weather|RainDance|[upkeep]
|upkeep
|
|t:|1783669920
|switch|p2a: Torkoal|Torkoal, L50, F|100/100
|-weather|SunnyDay|[from] ability: Drought|[of] p2a: Torkoal
|turn|8
|inactive|cocobennyy has 30 seconds left.
|
|t:|1783669950
|switch|p2b: Drampa|Drampa-Mega, L50, F, shiny|28/100
|move|p1a: Politoed|Protect|p1a: Politoed
|-singleturn|p1a: Politoed|Protect
|move|p2a: Torkoal|Eruption|p1a: Politoed|[spread] p1b
|-activate|p1a: Politoed|move: Protect
|-damage|p1b: Farigiraf|0 fnt
|faint|p1b: Farigiraf
|
|-weather|SunnyDay|[upkeep]
|upkeep
|
|t:|1783669963
|switch|p1b: Archaludon|Archaludon, L50, M|34/100
|turn|9
|
|t:|1783669979
|move|p1b: Archaludon|Protect|p1b: Archaludon
|-singleturn|p1b: Archaludon|Protect
|move|p2a: Torkoal|Eruption|p1a: Politoed|[spread] p1a
|-activate|p1b: Archaludon|move: Protect
|-resisted|p1a: Politoed|1
|-damage|p1a: Politoed|0 fnt
|faint|p1a: Politoed
|move|p2b: Drampa|Earth Power|p1b: Archaludon
|-activate|p1b: Archaludon|move: Protect
|
|-weather|SunnyDay|[upkeep]
|-heal|p1b: Archaludon|40/100|[from] item: Leftovers
|upkeep
|
|t:|1783669991
|switch|p1a: Gengar|Gengar-Mega, L50, M|100/100
|turn|10
|
|t:|1783670001
|move|p1b: Archaludon|Protect|p1b: Archaludon
|-singleturn|p1b: Archaludon|Protect
|move|p1a: Gengar|Protect|p1a: Gengar
|-singleturn|p1a: Gengar|Protect
|move|p2a: Torkoal|Eruption|p1a: Gengar|[spread] 
|-activate|p1a: Gengar|move: Protect
|-activate|p1b: Archaludon|move: Protect
|move|p2b: Drampa|Earth Power|p1b: Archaludon
|-activate|p1b: Archaludon|move: Protect
|
|-weather|SunnyDay|[upkeep]
|-heal|p1b: Archaludon|46/100|[from] item: Leftovers
|-fieldend|move: Trick Room
|upkeep
|turn|11
|
|t:|1783670024
|move|p1a: Gengar|Shadow Ball|p2a: Torkoal
|-damage|p2a: Torkoal|41/100
|-unboost|p2a: Torkoal|spd|1
|move|p1b: Archaludon|Dragon Pulse|p2a: Torkoal
|-damage|p2a: Torkoal|0 fnt
|faint|p2a: Torkoal
|move|p2b: Drampa|Earth Power|p1b: Archaludon
|-supereffective|p1b: Archaludon|1
|-crit|p1b: Archaludon
|-damage|p1b: Archaludon|0 fnt
|faint|p1b: Archaludon
|
|-weather|SunnyDay|[upkeep]
|upkeep
|
|t:|1783670029
|switch|p2a: Farigiraf|Farigiraf, L50, F|83/100
|turn|12
|
|t:|1783670043
|move|p1a: Gengar|Shadow Ball|p2b: Drampa
|-immune|p2b: Drampa
|move|p2a: Farigiraf|Psychic|p1a: Gengar
|-supereffective|p1a: Gengar|1
|-damage|p1a: Gengar|23/100
|move|p2b: Drampa|Earth Power|p1a: Gengar
|-supereffective|p1a: Gengar|1
|-damage|p1a: Gengar|0 fnt
|faint|p1a: Gengar
|
|win|LoMa_Louis
||LoMa_Louis is ready for game 2.
