|j|☆grumblegoober
|j|☆cheesbuga
|html|grumblegoobercheesbuga    
|uhtml|bestof|Game 3 of a best-of-3
|t:|1757742545
|gametype|doubles
|player|p1|grumblegoober|barry|1094
|player|p2|cheesbuga|pokemaniac|1040
|gen|9
|tier|[Gen 9] VGC 2025 Reg H (Bo3)
|rated|
|rule|Species Clause: Limit one of each Pokémon
|rule|Item Clause: Limit 1 of each item
|clearpoke
|poke|p1|Vivillon-Archipelago, L50, F|
|poke|p1|Garchomp, L50, F|
|poke|p1|Primarina, L50, M|
|poke|p1|Porygon2, L50|
|poke|p1|Incineroar, L50, M|
|poke|p1|Gholdengo, L50|
|poke|p2|Ursaluna-Bloodmoon, L50, M|
|poke|p2|Incineroar, L50, M|
|poke|p2|Rillaboom, L50, F|
|poke|p2|Farigiraf, L50, F|
|poke|p2|Sneasler, L50, F|
|poke|p2|Volcarona, L50, M|
|teampreview|4
|showteam|p1|Vivillon-Archipelago||FocusSash|CompoundEyes|Hurricane,SleepPowder,RagePowder,Protect|||F|||50|,,,,,Ghost]Garchomp||LifeOrb|RoughSkin|DragonClaw,Earthquake,StompingTantrum,Protect|||F|||50|,,,,,Steel]Primarina||SitrusBerry|LiquidVoice|HyperVoice,Moonblast,Haze,Protect|||M|||50|,,,,,Poison]Porygon2||Eviolite|Download|TeraBlast,IceBeam,TrickRoom,Recover||||||50|,,,,,Ground]Incineroar||SafetyGoggles|Intimidate|FakeOut,FlareBlitz,KnockOff,PartingShot|||M|||50|,,,,,Ghost]Gholdengo||Leftovers|GoodasGold|MakeItRain,ShadowBall,NastyPlot,Protect||||||50|,,,,,Flying
|showteam|p2|Ursaluna-Bloodmoon||LifeOrb|MindsEye|HyperVoice,BloodMoon,EarthPower,Protect|||M|||50|,,,,,Normal]Incineroar||SafetyGoggles|Intimidate|FakeOut,FlareBlitz,KnockOff,PartingShot|||M|||50|,,,,,Ghost]Rillaboom||AssaultVest|GrassySurge|Uturn,WoodHammer,GrassyGlide,FakeOut|||F|||50|,,,,,Fire]Farigiraf||ThroatSpray|ArmorTail|HyperVoice,Protect,Psychic,TrickRoom|||F|||50|,,,,,Fairy]Sneasler||FocusSash|Unburden|CloseCombat,Protect,FakeOut,ThroatChop|||F|||50|,,,,,Dark]Volcarona||CovertCloak|FlameBody|HeatWave,Protect,StruggleBug,QuiverDance|||M|||50|,,,,,Water
|
|t:|1757742570
|teamsize|p1|4
|teamsize|p2|4
|start
|switch|p1a: Garchomp|Garchomp, L50, F|100/100
|switch|p1b: Incineroar|Incineroar, L50, M|100/100
|switch|p2a: Rillaboom|Rillaboom, L50, F|100/100
|switch|p2b: Farigiraf|Farigiraf, L50, F|100/100
|-fieldstart|move: Grassy Terrain|[from] ability: Grassy Surge|[of] p2a: Rillaboom
|-ability|p1b: Incineroar|Intimidate|boost
|-unboost|p2a: Rillaboom|atk|1
|-unboost|p2b: Farigiraf|atk|1
|turn|1
|
|t:|1757742617
|move|p2a: Rillaboom|Fake Out|p1b: Incineroar
|-damage|p1b: Incineroar|95/100
|move|p1a: Garchomp|Stomping Tantrum|p2b: Farigiraf
|-damage|p2b: Farigiraf|48/100
|-damage|p1a: Garchomp|91/100|[from] item: Life Orb
|cant|p1b: Incineroar|flinch
|move|p2b: Farigiraf|Trick Room|p2b: Farigiraf
|-fieldstart|move: Trick Room|[of] p2b: Farigiraf
|
|-heal|p2b: Farigiraf|54/100|[from] Grassy Terrain
|-heal|p1b: Incineroar|100/100|[from] Grassy Terrain
|-heal|p1a: Garchomp|97/100|[from] Grassy Terrain
|upkeep
|turn|2
|
|t:|1757742632
|switch|p2a: Incineroar|Incineroar, L50, M|100/100
|-ability|p2a: Incineroar|Intimidate|boost
|-unboost|p1a: Garchomp|atk|1
|-unboost|p1b: Incineroar|atk|1
|move|p1a: Garchomp|Protect|p1a: Garchomp
|-singleturn|p1a: Garchomp|Protect
|move|p2b: Farigiraf|Hyper Voice|p1a: Garchomp|[spread] p1b
|-activate|p1a: Garchomp|move: Protect
|-damage|p1b: Incineroar|72/100
|-enditem|p2b: Farigiraf|Throat Spray
|-boost|p2b: Farigiraf|spa|1|[from] item: Throat Spray
|move|p1b: Incineroar|Knock Off|p2b: Farigiraf
|-supereffective|p2b: Farigiraf
|-damage|p2b: Farigiraf|19/100
|
|-heal|p2b: Farigiraf|25/100|[from] Grassy Terrain
|-heal|p1b: Incineroar|78/100|[from] Grassy Terrain
|-heal|p1a: Garchomp|100/100|[from] Grassy Terrain
|upkeep
|turn|3
|
|t:|1757742672
|switch|p2a: Rillaboom|Rillaboom, L50, F|100/100
|switch|p1a: Vivillon|Vivillon-Archipelago, L50, F|100/100
|move|p2b: Farigiraf|Protect|p2b: Farigiraf
|-singleturn|p2b: Farigiraf|Protect
|move|p1b: Incineroar|Knock Off|p2b: Farigiraf
|-activate|p2b: Farigiraf|move: Protect
|
|-heal|p2b: Farigiraf|32/100|[from] Grassy Terrain
|-heal|p1b: Incineroar|84/100|[from] Grassy Terrain
|upkeep
|turn|4
|
|t:|1757742689
|move|p1a: Vivillon|Protect|p1a: Vivillon
|-singleturn|p1a: Vivillon|Protect
|move|p2a: Rillaboom|Fake Out|p1b: Incineroar
|-crit|p1b: Incineroar
|-damage|p1b: Incineroar|69/100
|move|p2b: Farigiraf|Hyper Voice|p1a: Vivillon|[spread] p1b
|-activate|p1a: Vivillon|move: Protect
|-damage|p1b: Incineroar|32/100
|cant|p1b: Incineroar|flinch
|
|-heal|p2b: Farigiraf|38/100|[from] Grassy Terrain
|-heal|p1b: Incineroar|38/100|[from] Grassy Terrain
|upkeep
|turn|5
|
|t:|1757742703
|switch|p1b: Garchomp|Garchomp, L50, F|100/100
|move|p2b: Farigiraf|Hyper Voice|p1b: Garchomp|[spread] p1a,p1b
|-damage|p1a: Vivillon|6/100
|-damage|p1b: Garchomp|49/100
|move|p2a: Rillaboom|U-turn|p1a: Vivillon
|-resisted|p1a: Vivillon
|-damage|p1a: Vivillon|0 fnt
|faint|p1a: Vivillon
|
|t:|1757742713
|switch|p2a: Incineroar|Incineroar, L50, M|100/100|[from] U-turn
|-ability|p2a: Incineroar|Intimidate|boost
|-unboost|p1b: Garchomp|atk|1
|
|-heal|p2b: Farigiraf|44/100|[from] Grassy Terrain
|-heal|p1b: Garchomp|55/100|[from] Grassy Terrain
|-fieldend|move: Trick Room
|-fieldend|move: Grassy Terrain
|upkeep
|
|t:|1757742721
|switch|p1a: Primarina|Primarina, L50, M|100/100
|turn|6
|
|t:|1757742751
|move|p2a: Incineroar|Fake Out|p1b: Garchomp
|-damage|p1b: Garchomp|44/100
|-damage|p2a: Incineroar|88/100|[from] ability: Rough Skin|[of] p1b: Garchomp
|cant|p1b: Garchomp|flinch
|move|p1a: Primarina|Hyper Voice|p2b: Farigiraf|[spread] p2a,p2b
|-supereffective|p2a: Incineroar
|-damage|p2a: Incineroar|21/100
|-damage|p2b: Farigiraf|11/100
|move|p2b: Farigiraf|Trick Room|p2b: Farigiraf
|-fieldstart|move: Trick Room|[of] p2b: Farigiraf
|
|upkeep
|turn|7
|
|t:|1757742769
|move|p1b: Garchomp|Protect|p1b: Garchomp
|-singleturn|p1b: Garchomp|Protect
|move|p2b: Farigiraf|Hyper Voice|p1a: Primarina|[spread] p1a
|-activate|p1b: Garchomp|move: Protect
|-damage|p1a: Primarina|57/100
|move|p2a: Incineroar|Parting Shot|p1a: Primarina
|-unboost|p1a: Primarina|atk|1
|-unboost|p1a: Primarina|spa|1
|
|t:|1757742778
|switch|p2a: Rillaboom|Rillaboom, L50, F|100/100|[from] Parting Shot
|-fieldstart|move: Grassy Terrain|[from] ability: Grassy Surge|[of] p2a: Rillaboom
|move|p1a: Primarina|Hyper Voice|p2a: Rillaboom|[spread] p2a,p2b
|-resisted|p2a: Rillaboom
|-damage|p2a: Rillaboom|93/100
|-damage|p2b: Farigiraf|0 fnt
|faint|p2b: Farigiraf
|
|-heal|p1a: Primarina|64/100|[from] Grassy Terrain
|-heal|p2a: Rillaboom|99/100|[from] Grassy Terrain
|-heal|p1b: Garchomp|50/100|[from] Grassy Terrain
|upkeep
|
|t:|1757742788
|switch|p2b: Ursaluna|Ursaluna-Bloodmoon, L50, M|100/100
|turn|8
|
|t:|1757742818
|switch|p1a: Incineroar|Incineroar, L50, M|38/100
|-ability|p1a: Incineroar|Intimidate|boost
|-unboost|p2a: Rillaboom|atk|1
|-unboost|p2b: Ursaluna|atk|1
|move|p2a: Rillaboom|Fake Out|p1a: Incineroar
|-damage|p1a: Incineroar|31/100
|move|p2b: Ursaluna|Hyper Voice|p1b: Garchomp|[spread] p1a,p1b
|-damage|p1a: Incineroar|0 fnt
|-damage|p1b: Garchomp|0 fnt
|faint|p1a: Incineroar
|faint|p1b: Garchomp
|-damage|p2b: Ursaluna|91/100|[from] item: Life Orb
|
|-heal|p2b: Ursaluna|97/100|[from] Grassy Terrain
|-heal|p2a: Rillaboom|100/100|[from] Grassy Terrain
|upkeep
|-message|grumblegoober forfeited.
|
|win|cheesbuga
|raw|grumblegoober's rating: 1094 → 1066(-28 for losing)
|raw|cheesbuga's rating: 1040 → 1079(+39 for winning)
|l|☆grumblegoober
|player|p1|
