|j|☆taka89
|j|☆IreneColdHeart
|html|taka89IreneColdHeart    
|uhtml|bestof|Game 2 of a best-of-3
|t:|1756721704
|gametype|doubles
|player|p1|taka89|clerk-boss|1083
|player|p2|IreneColdHeart|lady|1050
|gen|9
|tier|[Gen 9] VGC 2025 Reg H (Bo3)
|rated|
|rule|Species Clause: Limit one of each Pokémon
|rule|Item Clause: Limit 1 of each item
|clearpoke
|poke|p1|Flamigo, L50, M|
|poke|p1|Porygon2, L50|
|poke|p1|Ursaluna, L50, F|
|poke|p1|Archaludon, L50, M|
|poke|p1|Tyranitar, L50, M|
|poke|p1|Incineroar, L50, F|
|poke|p2|Garchomp, L50, F|
|poke|p2|Hydreigon, L50, F|
|poke|p2|Gholdengo, L50|
|poke|p2|Primarina, L50, F|
|poke|p2|Farigiraf, L50, F|
|poke|p2|Incineroar, L50, M|
|teampreview|4
|showteam|p1|Flamigo||ChoiceScarf|Scrappy|BraveBird,DualWingbeat,CloseCombat,Uturn|||M|||50|,,,,,Grass]Porygon2||Eviolite|Download|Thunderbolt,TeraBlast,TrickRoom,Protect||||||50|,,,,,Flying]Ursaluna||FlameOrb|Guts|Facade,Earthquake,HeadlongRush,Protect|||F|||50|,,,,,Ghost]Archaludon||AssaultVest|Stamina|ElectroShot,DarkPulse,BodyPress,DracoMeteor|||M|||50|,,,,,Grass]Tyranitar||FocusSash|SandStream|RockSlide,LowKick,KnockOff,Protect|||M|||50|,,,,,Flying]Incineroar||PasshoBerry|Intimidate|KnockOff,FlareBlitz,FakeOut,PartingShot|||F|||50|,,,,,Ghost
|showteam|p2|Garchomp||LifeOrb|RoughSkin|DragonClaw,Earthquake,StompingTantrum,Protect|||F|||50|,,,,,Ground]Hydreigon||ChoiceSpecs|Levitate|DragonPulse,DarkPulse,Snarl,Flamethrower|||F|||50|,,,,,Fire]Gholdengo||Leftovers|GoodasGold|MakeItRain,ShadowBall,NastyPlot,Protect||||||50|,,,,,Water]Primarina||ThroatSpray|LiquidVoice|HyperVoice,Moonblast,IceBeam,Protect|||F|||50|,,,,,Steel]Farigiraf||SitrusBerry|ArmorTail|TrickRoom,DazzlingGleam,HelpingHand,Protect|||F|||50|,,,,,Fairy]Incineroar||SafetyGoggles|Intimidate|FakeOut,FlareBlitz,KnockOff,PartingShot|||M|||50|,,,,,Ghost
|inactive|Battle timer is ON: inactive players will automatically lose when time's up. (requested by taka89)
|inactive|IreneColdHeart has 60 seconds left.
|inactive|IreneColdHeart has 30 seconds left.
|inactive|IreneColdHeart has 20 seconds left.
|inactive|IreneColdHeart has 15 seconds left.
|inactive|IreneColdHeart has 10 seconds left.
|inactive|IreneColdHeart has 5 seconds left.
|
|t:|1756721792
|teamsize|p1|4
|teamsize|p2|4
|start
|switch|p1a: Winglade|Flamigo, L50, M|100/100
|switch|p1b: swatchling|Porygon2, L50|100/100
|switch|p2a: Yuu|Farigiraf, L50, F|100/100
|switch|p2b: Dave|Incineroar, L50, M|100/100
|-ability|p1b: swatchling|Download|boost
|-boost|p1b: swatchling|spa|1
|-ability|p2b: Dave|Intimidate|boost
|-fail|p1a: Winglade|unboost|Attack|[from] ability: Scrappy|[of] p1a: Winglade
|-unboost|p1b: swatchling|atk|1
|turn|1
|inactive|taka89 has 30 seconds left.
|
|t:|1756721821
|switch|p1a: Jackenstein|Incineroar, L50, F, shiny|100/100
|-ability|p1a: Jackenstein|Intimidate|boost
|-unboost|p2a: Yuu|atk|1
|-unboost|p2b: Dave|atk|1
|move|p1b: swatchling|Protect|p1b: swatchling
|-singleturn|p1b: swatchling|Protect
|move|p2b: Dave|Fake Out|p1b: swatchling
|-activate|p1b: swatchling|move: Protect
|move|p2a: Yuu|Dazzling Gleam|p1a: Jackenstein|[spread] p1a
|-activate|p1b: swatchling|move: Protect
|-damage|p1a: Jackenstein|87/100
|
|upkeep
|turn|2
|inactive|taka89 has 30 seconds left.
|inactive|IreneColdHeart has 30 seconds left.
|inactive|IreneColdHeart has 20 seconds left.
|inactive|IreneColdHeart has 15 seconds left.
|inactive|IreneColdHeart has 10 seconds left.
|
|t:|1756721869
|move|p2a: Yuu|Protect|p2a: Yuu
|-singleturn|p2a: Yuu|Protect
|move|p1a: Jackenstein|Parting Shot|p2a: Yuu
|-activate|p2a: Yuu|move: Protect
|move|p2b: Dave|Knock Off|p1b: swatchling
|-damage|p1b: swatchling|84/100
|-enditem|p1b: swatchling|Eviolite|[from] move: Knock Off|[of] p2b: Dave
|move|p1b: swatchling|Trick Room|p1b: swatchling
|-fieldstart|move: Trick Room|[of] p1b: swatchling
|
|upkeep
|turn|3
|inactive|taka89 has 30 seconds left.
|inactive|taka89 has 20 seconds left.
|
|t:|1756721905
|move|p1b: swatchling|Tera Blast|p2a: Yuu
|-damage|p2a: Yuu|54/100
|move|p2b: Dave|Knock Off|p1a: Jackenstein
|-resisted|p1a: Jackenstein
|-crit|p1a: Jackenstein
|-damage|p1a: Jackenstein|61/100
|-enditem|p1a: Jackenstein|Passho Berry|[from] move: Knock Off|[of] p2b: Dave
|move|p1a: Jackenstein|Knock Off|p2a: Yuu
|-supereffective|p2a: Yuu
|-damage|p2a: Yuu|0 fnt
|-enditem|p2a: Yuu|Sitrus Berry|[from] move: Knock Off|[of] p1a: Jackenstein
|faint|p2a: Yuu
|
|upkeep
|
|t:|1756721924
|switch|p2a: Oh no..|Hydreigon, L50, F|100/100
|turn|4
|
|t:|1756721947
|move|p2b: Dave|Flare Blitz|p1b: swatchling
|-damage|p1b: swatchling|54/100
|-damage|p2b: Dave|91/100|[from] Recoil
|move|p1b: swatchling|Tera Blast|p2a: Oh no..
|-damage|p2a: Oh no..|45/100
|move|p1a: Jackenstein|Knock Off|p2a: Oh no..
|-resisted|p2a: Oh no..
|-damage|p2a: Oh no..|22/100
|-enditem|p2a: Oh no..|Choice Specs|[from] move: Knock Off|[of] p1a: Jackenstein
|move|p2a: Oh no..|Dragon Pulse|p1b: swatchling
|-damage|p1b: swatchling|17/100
|
|upkeep
|turn|5
|inactive|IreneColdHeart has 30 seconds left.
|
|t:|1756721973
|move|p1b: swatchling|Tera Blast|p2a: Oh no..
|-damage|p2a: Oh no..|0 fnt
|faint|p2a: Oh no..
|move|p2b: Dave|Flare Blitz|p1b: swatchling
|-damage|p1b: swatchling|0 fnt
|faint|p1b: swatchling
|-damage|p2b: Dave|86/100|[from] Recoil
|move|p1a: Jackenstein|Parting Shot|p2b: Dave
|-unboost|p2b: Dave|atk|1
|-unboost|p2b: Dave|spa|1
|
|t:|1756721986
|switch|p1a: Balthizard|Ursaluna, L50, F, shiny|100/100|[from] Parting Shot
|
|-status|p1a: Balthizard|brn|[from] item: Flame Orb
|upkeep
|
|t:|1756721995
|switch|p1b: Jackenstein|Incineroar, L50, F, shiny|61/100
|switch|p2a: MC|Gholdengo, L50|100/100
|-ability|p1b: Jackenstein|Intimidate|boost
|-unboost|p2a: MC|atk|1
|-unboost|p2b: Dave|atk|1
|turn|6
|inactive|taka89 has 30 seconds left.
|
|t:|1756722020
|move|p2a: MC|Protect|p2a: MC
|-singleturn|p2a: MC|Protect
|move|p1a: Balthizard|Facade|p2b: Dave
|-damage|p2b: Dave|0 fnt
|faint|p2b: Dave
|move|p1b: Jackenstein|Knock Off|p2a: MC
|-activate|p2a: MC|move: Protect
|
|-damage|p1a: Balthizard|94/100 brn|[from] brn
|-fieldend|move: Trick Room
|upkeep
|turn|7
|inactive|taka89 has 30 seconds left.
|
|t:|1756722047
|-terastallize|p2a: MC|Water
|move|p2a: MC|Make It Rain|p1a: Balthizard|[spread] p1a,p1b
|-resisted|p1b: Jackenstein
|-damage|p1a: Balthizard|51/100 brn
|-damage|p1b: Jackenstein|39/100
|-unboost|p2a: MC|spa|1
|move|p1b: Jackenstein|Knock Off|p2a: MC
|-damage|p2a: MC|66/100
|-enditem|p2a: MC|Leftovers|[from] move: Knock Off|[of] p1b: Jackenstein
|move|p1a: Balthizard|Headlong Rush|p2a: MC
|-damage|p2a: MC|0 fnt
|-unboost|p1a: Balthizard|def|1
|-unboost|p1a: Balthizard|spd|1
|faint|p2a: MC
|
|win|taka89
|raw|taka89's rating: 1083 → 1108(+25 for winning)
|raw|IreneColdHeart's rating: 1050 → 1034(-16 for losing)
|l|☆IreneColdHeart
|player|p2|
