|j|☆redx50
|j|☆Implosive Diarrhea
|html|redx50Implosive Diarrhea    
|uhtml|bestof|Game 1 of a best-of-3
|t:|1757794029
|gametype|doubles
|player|p1|redx50|red|1295
|player|p2|Implosive Diarrhea|roark|1232
|gen|9
|tier|[Gen 9] VGC 2025 Reg H (Bo3)
|rated|
|rule|Species Clause: Limit one of each Pokémon
|rule|Item Clause: Limit 1 of each item
|clearpoke
|poke|p1|Charizard, L50, M|
|poke|p1|Torkoal, L50, M|
|poke|p1|Incineroar, L50, M|
|poke|p1|Jumpluff, L50, F|
|poke|p1|Ursaluna, L50, F|
|poke|p1|Farigiraf, L50, F|
|poke|p2|Sneasler, L50, M|
|poke|p2|Dragapult, L50, F|
|poke|p2|Primarina, L50, F|
|poke|p2|Rillaboom, L50, M|
|poke|p2|Kingambit, L50, F|
|poke|p2|Electabuzz, L50, F|
|teampreview|4
|showteam|p1|Charizard||ChoiceSpecs|SolarPower|HeatWave,Overheat,WeatherBall,AirSlash|||M|||50|,,,,,Ghost]Torkoal||EjectPack|Drought|Eruption,Overheat,HelpingHand,Protect|||M|||50|,,,,,Fire]Incineroar||SafetyGoggles|Intimidate|FlareBlitz,KnockOff,FakeOut,PartingShot|||M|||50|,,,,,Ghost]Jumpluff||CovertCloak|Chlorophyll|SleepPowder,SunnyDay,RagePowder,Tailwind|||F|||50|,,,,,Water]Ursaluna||FlameOrb|Guts|Facade,Protect,HeadlongRush,Earthquake|||F|||50|,,,,,Ghost]Farigiraf||ThroatSpray|ArmorTail|TrickRoom,HyperVoice,Psychic,Protect|||F|||50|,,,,,Fairy
|showteam|p2|Sneasler||FocusSash|PoisonTouch|CloseCombat,DireClaw,FakeOut,Protect|||M|||50|,,,,,Stellar]Dragapult||ChoiceBand|ClearBody|DragonDarts,Outrage,PhantomForce,Uturn|||F|||50|,,,,,Dragon]Primarina||LifeOrb|LiquidVoice|HyperVoice,Moonblast,Haze,Protect|||F|||50|,,,,,Grass]Rillaboom||AssaultVest|GrassySurge|WoodHammer,GrassyGlide,HighHorsepower,FakeOut|||M|||50|,,,,,Fire]Kingambit||BlackGlasses|Defiant|KowtowCleave,SuckerPunch,SwordsDance,Protect|||F|||50|,,,,,Ghost]Electabuzz||Eviolite|VitalSpirit|Thunderbolt,FollowMe,HelpingHand,Protect|||F|||50|,,,,,Ghost
|inactive|Battle timer is ON: inactive players will automatically lose when time's up. (requested by redx50)
|inactive|redx50 has 60 seconds left.
|
|t:|1757794069
|teamsize|p1|4
|teamsize|p2|4
|start
|switch|p1a: Jumpluff|Jumpluff, L50, F|100/100
|switch|p1b: Charizard|Charizard, L50, M|100/100
|switch|p2a: Slayyy|Primarina, L50, F|100/100
|switch|p2b: Grassy Kong|Rillaboom, L50, M|100/100
|-fieldstart|move: Grassy Terrain|[from] ability: Grassy Surge|[of] p2b: Grassy Kong
|turn|1
|inactive|Implosive Diarrhea has 30 seconds left.
|inactive|Implosive Diarrhea has 20 seconds left.
|inactive|Implosive Diarrhea has 15 seconds left.
|inactive|Implosive Diarrhea has 10 seconds left.
|inactive|Implosive Diarrhea has 5 seconds left.
|
|t:|1757794123
|-terastallize|p2b: Grassy Kong|Fire
|move|p1a: Jumpluff|Sunny Day|p1a: Jumpluff
|-weather|SunnyDay
|move|p1b: Charizard|Heat Wave|p2a: Slayyy|[spread] p2a,p2b
|-resisted|p2a: Slayyy
|-resisted|p2b: Grassy Kong
|-damage|p2a: Slayyy|48/100
|-damage|p2b: Grassy Kong|55/100
|move|p2b: Grassy Kong|Wood Hammer|p1b: Charizard
|-resisted|p1b: Charizard
|-damage|p1b: Charizard|70/100
|-damage|p2b: Grassy Kong|47/100|[from] Recoil
|move|p2a: Slayyy|Moonblast|p1a: Jumpluff
|-damage|p1a: Jumpluff|38/100
|-damage|p2a: Slayyy|39/100|[from] item: Life Orb
|
|-weather|SunnyDay|[upkeep]
|-damage|p1b: Charizard|58/100|[from] ability: Solar Power|[of] p1b: Charizard
|-heal|p2b: Grassy Kong|53/100|[from] Grassy Terrain
|-heal|p2a: Slayyy|45/100|[from] Grassy Terrain
|upkeep
|turn|2
|inactive|Implosive Diarrhea has 30 seconds left.
|inactive|Implosive Diarrhea has 20 seconds left.
|inactive|Implosive Diarrhea has 15 seconds left.
|inactive|Implosive Diarrhea has 10 seconds left.
|
|t:|1757794171
|move|p2a: Slayyy|Protect|p2a: Slayyy
|-singleturn|p2a: Slayyy|Protect
|move|p1a: Jumpluff|Tailwind|p1a: Jumpluff
|-sidestart|p1: redx50|move: Tailwind
|move|p1b: Charizard|Heat Wave|p2b: Grassy Kong|[spread] p2b
|-activate|p2a: Slayyy|move: Protect
|-resisted|p2b: Grassy Kong
|-damage|p2b: Grassy Kong|11/100
|move|p2b: Grassy Kong|Wood Hammer|p1a: Jumpluff
|-resisted|p1a: Jumpluff
|-damage|p1a: Jumpluff|12/100
|-damage|p2b: Grassy Kong|4/100|[from] Recoil
|
|-weather|SunnyDay|[upkeep]
|-damage|p1b: Charizard|46/100|[from] ability: Solar Power|[of] p1b: Charizard
|-heal|p2b: Grassy Kong|10/100|[from] Grassy Terrain
|-heal|p2a: Slayyy|51/100|[from] Grassy Terrain
|upkeep
|turn|3
|inactive|Implosive Diarrhea has 30 seconds left.
|
|t:|1757794200
|move|p2b: Grassy Kong|Grassy Glide|p1a: Jumpluff
|-resisted|p1a: Jumpluff
|-damage|p1a: Jumpluff|0 fnt
|faint|p1a: Jumpluff
|move|p1b: Charizard|Heat Wave|p2b: Grassy Kong|[spread] p2a,p2b
|-resisted|p2a: Slayyy
|-resisted|p2b: Grassy Kong
|-damage|p2a: Slayyy|0 fnt
|-damage|p2b: Grassy Kong|0 fnt
|faint|p2a: Slayyy
|faint|p2b: Grassy Kong
|
|-weather|SunnyDay|[upkeep]
|-damage|p1b: Charizard|33/100|[from] ability: Solar Power|[of] p1b: Charizard
|upkeep
|
|t:|1757794210
|switch|p1a: Farigiraf|Farigiraf, L50, F|100/100
|switch|p2b: B-2|Dragapult, L50, F|100/100
|switch|p2a: Queen|Kingambit, L50, F|100/100
|turn|4
|inactive|Implosive Diarrhea has 30 seconds left.
|
|t:|1757794237
|move|p2a: Queen|Protect|p2a: Queen
|-singleturn|p2a: Queen|Protect
|move|p1b: Charizard|Heat Wave|p2a: Queen|[spread] p2b
|-activate|p2a: Queen|move: Protect
|-resisted|p2b: B-2
|-damage|p2b: B-2|24/100
|move|p2b: B-2|Dragon Darts|p1a: Farigiraf
|-damage|p1a: Farigiraf|61/100
|-anim|p2b: B-2|Dragon Darts|p1b: Charizard
|-damage|p1b: Charizard|0 fnt
|faint|p1b: Charizard
|move|p1a: Farigiraf|Hyper Voice|p2a: Queen|[spread] 
|-activate|p2a: Queen|move: Protect
|-immune|p2b: B-2
|
|-weather|SunnyDay|[upkeep]
|-heal|p2b: B-2|31/100|[from] Grassy Terrain
|-heal|p1a: Farigiraf|67/100|[from] Grassy Terrain
|upkeep
|
|t:|1757794240
|switch|p1b: Ursaluna|Ursaluna, L50, F|100/100
|turn|5
|inactive|redx50 has 30 seconds left.
|inactive|Implosive Diarrhea has 30 seconds left.
|inactive|redx50 has 20 seconds left.
|inactive|redx50 has 15 seconds left.
|inactive|redx50 has 10 seconds left.
|inactive|redx50 has 5 seconds left.
|
|t:|1757794295
|move|p2b: B-2|Dragon Darts|p1b: Ursaluna
|-damage|p1b: Ursaluna|73/100
|-anim|p2b: B-2|Dragon Darts|p1a: Farigiraf
|-damage|p1a: Farigiraf|26/100
|move|p1b: Ursaluna|Facade|p2a: Queen
|-resisted|p2a: Queen
|-damage|p2a: Queen|85/100
|move|p2a: Queen|Kowtow Cleave|p1a: Farigiraf
|-supereffective|p1a: Farigiraf
|-damage|p1a: Farigiraf|0 fnt
|faint|p1a: Farigiraf
|
|-weather|none
|-heal|p2b: B-2|37/100|[from] Grassy Terrain
|-heal|p1b: Ursaluna|78/100|[from] Grassy Terrain
|-heal|p2a: Queen|91/100|[from] Grassy Terrain
|-sideend|p1: redx50|move: Tailwind
|-fieldend|move: Grassy Terrain
|-status|p1b: Ursaluna|brn|[from] item: Flame Orb
|upkeep
|turn|6
|
|t:|1757794312
|move|p2b: B-2|Dragon Darts|p1b: Ursaluna
|-damage|p1b: Ursaluna|50/100 brn
|-anim|p2b: B-2|Dragon Darts|p1b: Ursaluna
|-damage|p1b: Ursaluna|18/100 brn
|move|p1b: Ursaluna|Earthquake|p2a: Queen|[spread] p2a,p2b
|-supereffective|p2a: Queen
|-damage|p2a: Queen|0 fnt
|-damage|p2b: B-2|0 fnt
|faint|p2a: Queen
|faint|p2b: B-2
|
|win|redx50
|inactive|redx50 has 30 seconds to confirm battle start!
|inactive|Implosive Diarrhea has 30 seconds to confirm battle start!
||Implosive Diarrhea is ready for game 2.
|inactive|redx50 has 20 seconds to confirm battle start!
|inactive|redx50 has 10 seconds to confirm battle start!
|uhtml|next|Next: Game 2 of 3
