|j|☆MoliSodio
|j|☆salmoncashew
|html|MoliSodiosalmoncashew    
|uhtml|bestof|Game 2 of a best-of-3
|t:|1783723479
|gametype|doubles
|player|p1|MoliSodio|rosa|1117
|player|p2|salmoncashew|caitlin|1181
|gen|9
|tier|[Gen 9 Champions] VGC 2026 Reg M-B (Bo3)
|rated|
|rule|Species Clause: Limit one of each Pokémon
|rule|Item Clause: Limit 1 of each item
|clearpoke
|poke|p1|Milotic, L50, F|
|poke|p1|Sylveon, L50, F|
|poke|p1|Charizard, L50, M|
|poke|p1|Metagross, L50|
|poke|p1|Rotom-Wash, L50|
|poke|p1|Sinistcha-Masterpiece, L50|
|poke|p2|Whimsicott, L50, F|
|poke|p2|Sneasler, L50, M|
|poke|p2|Basculegion, L50, M|
|poke|p2|Incineroar, L50, M, shiny|
|poke|p2|Pyroar, L50, F, shiny|
|poke|p2|Garchomp, L50, M|
|teampreview|4
|showteam|p1|Milotic||Leftovers|Competitive|Coil,Recover,MuddyWater,Hypnosis|Calm||F|||50|]Sylveon||FairyFeather|Pixilate|QuickAttack,Detect,HyperBeam,HyperVoice|Modest||F|||50|]Charizard||CharizarditeY|Blaze|SolarBeam,HeatWave,WeatherBall,Protect|Timid||M|||50|]Metagross||Metagrossite|ClearBody|PsychicFangs,IronHead,Protect,BodyPress|Jolly|||||50|]Rotom-Wash||SitrusBerry|Levitate|WillOWisp,Thunderbolt,Protect,HydroPump|Modest|||||50|]Sinistcha-Masterpiece||KasibBerry|Hospitality|LifeDew,MatchaGotcha,StrengthSap,RagePowder|Relaxed|||||50|
|showteam|p2|Whimsicott||FocusSash|Prankster|Protect,Tailwind,SunnyDay,Moonblast|Timid||F|||50|]Sneasler||WhiteHerb|Unburden|Protect,CloseCombat,ThroatChop,GunkShot|Adamant||M|||50|]Basculegion||ChoiceScarf|Adaptability|LastRespects,FlipTurn,WaveCrash,AquaJet|Jolly||M|||50|]Incineroar||SitrusBerry|Intimidate|FakeOut,PartingShot,ThroatChop,FlareBlitz|Adamant||M|||50|]Pyroar||Pyroarite|Unnerve|Protect,HeatWave,Overheat,SolarBeam|Timid||F|||50|]Garchomp||LifeOrb|RoughSkin|Earthquake,DragonClaw,StompingTantrum,Protect|Adamant||M|||50|
|inactive|Battle timer is ON: inactive players will automatically lose when time's up. (requested by salmoncashew)
|inactive|MoliSodio has 60 seconds left.
|inactive|salmoncashew has 60 seconds left.
|inactive|MoliSodio has 30 seconds left.
|
|t:|1783723539
|teamsize|p1|4
|teamsize|p2|4
|start
|switch|p1a: Metagross|Metagross, L50|100/100
|switch|p1b: Milotic|Milotic, L50, F|100/100
|switch|p2a: Pyroar|Pyroar, L50, F, shiny|100/100
|switch|p2b: Garchomp|Garchomp, L50, M|100/100
|-ability|p2a: Pyroar|Unnerve
|turn|1
|inactive|MoliSodio has 30 seconds left.
|inactive|salmoncashew has 30 seconds left.
|inactive|MoliSodio has 20 seconds left.
|inactive|salmoncashew has 20 seconds left.
|
|t:|1783723577
|switch|p1a: Rotom|Rotom-Wash, L50|100/100
|move|p2a: Pyroar|Protect|p2a: Pyroar
|-singleturn|p2a: Pyroar|Protect
|move|p2b: Garchomp|Dragon Claw|p1b: Milotic
|-damage|p1b: Milotic|54/100
|-damage|p2b: Garchomp|90/100|[from] item: Life Orb
|move|p1b: Milotic|Coil|p1b: Milotic
|-boost|p1b: Milotic|atk|1
|-boost|p1b: Milotic|def|1
|-boost|p1b: Milotic|accuracy|1
|
|-heal|p1b: Milotic|60/100|[from] item: Leftovers
|upkeep
|turn|2
|inactive|MoliSodio has 30 seconds left.
|inactive|MoliSodio has 20 seconds left.
|inactive|MoliSodio has 15 seconds left.
|inactive|MoliSodio has 10 seconds left.
|
|t:|1783723627
|detailschange|p2a: Pyroar|Pyroar-Mega, L50, F, shiny
|-mega|p2a: Pyroar|Pyroar|Pyroarite
|move|p2a: Pyroar|Overheat|p1b: Milotic
|-resisted|p1b: Milotic|1
|-damage|p1b: Milotic|25/100
|-unboost|p2a: Pyroar|spa|2
|move|p2b: Garchomp|Dragon Claw|p1b: Milotic
|-crit|p1b: Milotic
|-damage|p1b: Milotic|0 fnt
|faint|p1b: Milotic
|-damage|p2b: Garchomp|80/100|[from] item: Life Orb
|move|p1a: Rotom|Will-O-Wisp|p2b: Garchomp
|-status|p2b: Garchomp|brn
|
|-damage|p2b: Garchomp|75/100 brn|[from] brn
|upkeep
|inactive|MoliSodio has 30 seconds left.
|
|t:|1783723653
|switch|p1b: Metagross|Metagross, L50|100/100
|turn|3
|
|t:|1783723665
|switch|p2a: Basculegion|Basculegion, L50, M|100/100
|move|p1b: Metagross|Protect|p1b: Metagross
|-singleturn|p1b: Metagross|Protect
|move|p2b: Garchomp|Dragon Claw|p1a: Rotom
|-damage|p1a: Rotom|70/100
|-damage|p2b: Garchomp|65/100 brn|[from] item: Life Orb
|move|p1a: Rotom|Hydro Pump|p2a: Basculegion
|-resisted|p2a: Basculegion|1
|-damage|p2a: Basculegion|72/100
|
|-damage|p2b: Garchomp|59/100 brn|[from] brn
|upkeep
|turn|4
|inactive|MoliSodio has 30 seconds left.
|inactive|MoliSodio has 20 seconds left.
|inactive|MoliSodio has 15 seconds left.
|inactive|MoliSodio has 10 seconds left.
|inactive|MoliSodio has 5 seconds left.
|
|t:|1783723720
|move|p2a: Basculegion|Flip Turn|p1b: Metagross
|-damage|p1b: Metagross|65/100
|
|t:|1783723724
|switch|p2a: Sneasler|Sneasler, L50, M|100/100|[from] Flip Turn
|move|p2b: Garchomp|Stomping Tantrum|p1b: Metagross
|-supereffective|p1b: Metagross|1
|-damage|p1b: Metagross|21/100
|-damage|p2b: Garchomp|50/100g brn|[from] item: Life Orb
|move|p1b: Metagross|Psychic Fangs|p2b: Garchomp
|-damage|p2b: Garchomp|5/100 brn
|-damage|p1b: Metagross|8/100|[from] ability: Rough Skin|[of] p2b: Garchomp
|move|p1a: Rotom|Will-O-Wisp|p2a: Sneasler
|-status|p2a: Sneasler|brn
|
|-damage|p2a: Sneasler|94/100 brn|[from] brn
|-damage|p2b: Garchomp|0 fnt|[from] brn
|faint|p2b: Garchomp
|upkeep
|
|t:|1783723728
|switch|p2b: Pyroar|Pyroar-Mega, L50, F, shiny|100/100
|turn|5
|
|t:|1783723747
|move|p2b: Pyroar|Heat Wave|p1b: Metagross|[spread] p1a,p1b
|-resisted|p1a: Rotom|1
|-supereffective|p1b: Metagross|1
|-damage|p1a: Rotom|43/100
|-damage|p1b: Metagross|0 fnt
|-enditem|p1a: Rotom|Sitrus Berry|[eat]
|-heal|p1a: Rotom|68/100|[from] item: Sitrus Berry
|faint|p1b: Metagross
|move|p2a: Sneasler|Gunk Shot|p1a: Rotom
|-damage|p1a: Rotom|29/100
|move|p1a: Rotom|Hydro Pump|p2b: Pyroar|[miss]
|-miss|p1a: Rotom|p2b: Pyroar
|
|-damage|p2a: Sneasler|88/100 brn|[from] brn
|upkeep
|
|t:|1783723759
|switch|p1b: Charizard|Charizard, L50, M|100/100
|turn|6
|inactive|MoliSodio has 30 seconds left.
|
|t:|1783723785
|move|p2b: Pyroar|Heat Wave|p1a: Rotom|[spread] p1a,p1b
|-resisted|p1a: Rotom|1
|-resisted|p1b: Charizard|1
|-damage|p1a: Rotom|5/100
|-damage|p1b: Charizard|65/100
|move|p2a: Sneasler|Close Combat|p1a: Rotom
|-damage|p1a: Rotom|0 fnt
|-unboost|p2a: Sneasler|def|1
|-unboost|p2a: Sneasler|spd|1
|faint|p1a: Rotom
|-enditem|p2a: Sneasler|White Herb
|-clearnegativeboost|p2a: Sneasler|[silent]
|move|p1b: Charizard|Heat Wave|p2b: Pyroar|[spread] p2a
|-miss|p1b: Charizard|p2b: Pyroar
|-damage|p2a: Sneasler|39/100 brn
|
|-damage|p2a: Sneasler|33/100 brn|[from] brn
|upkeep
|turn|7
|
|t:|1783723802
|move|p2a: Sneasler|Close Combat|p1b: Charizard
|-resisted|p1b: Charizard|1
|-damage|p1b: Charizard|40/100
|-unboost|p2a: Sneasler|def|1
|-unboost|p2a: Sneasler|spd|1
|move|p2b: Pyroar|Overheat|p1b: Charizard
|-resisted|p1b: Charizard|1
|-damage|p1b: Charizard|0 fnt
|-unboost|p2b: Pyroar|spa|2
|faint|p1b: Charizard
|
|win|salmoncashew
|raw|MoliSodio's rating: 1117 → 1097(-20 for losing)
|raw|salmoncashew's rating: 1181 → 1201(+20 for winning)
