|j|☆JC0410
|j|☆pat_con5
|html|JC0410pat_con5    
|uhtml|bestof|Game 1 of a best-of-3
|t:|1785636600
|gametype|doubles
|player|p1|JC0410|volkner|
|player|p2|pat_con5|crasherwake|
|gen|9
|tier|[Gen 9 Champions] VGC 2026 Reg M-B (Bo3)
|rule|Species Clause: Limit one of each Pokémon
|rule|Item Clause: Limit 1 of each item
|clearpoke
|poke|p1|Metagross, L50, shiny|
|poke|p1|Incineroar, L50, F|
|poke|p1|Garchomp, L50, F|
|poke|p1|Rotom-Wash, L50|
|poke|p1|Venusaur, L50, M|
|poke|p1|Sylveon, L50, M|
|poke|p2|Swampert, L50, M|
|poke|p2|Pelipper, L50, M|
|poke|p2|Hydreigon, L50, M|
|poke|p2|Glimmora, L50, F|
|poke|p2|Sinistcha, L50|
|poke|p2|Metagross, L50|
|teampreview|4
|showteam|p1|Metagross||Metagrossite|ClearBody|IronHead,IcePunch,PsychicFangs,Protect|Jolly|||||50|]Incineroar||SitrusBerry|Intimidate|FlareBlitz,DarkestLariat,PartingShot,FakeOut|Impish||F|||50|]Garchomp||LifeOrb|RoughSkin|DragonClaw,Earthquake,RockSlide,Protect|Jolly||F|||50|]Rotom-Wash||Leftovers|Levitate|HydroPump,Electroweb,WillOWisp,LightScreen|Bold|||||50|]Venusaur||Venusaurite|Chlorophyll|SludgeBomb,EnergyBall,EarthPower,Protect|Modest||M|||50|]Sylveon||FairyFeather|Pixilate|HyperVoice,HyperBeam,QuickAttack,Protect|Quiet||M|||50|
|showteam|p2|Swampert||Swampertite|Torrent|Protect,WaveCrash,Earthquake,IcePunch|Adamant||M|||50|]Pelipper||SitrusBerry|Drizzle|Protect,WeatherBall,Hurricane,Tailwind|Modest||M|||50|]Hydreigon||ChoiceScarf|Levitate|DracoMeteor,DarkPulse,EarthPower,Uturn|Modest||M|||50|]Glimmora||FocusSash|ToxicDebris|SpikyShield,SludgeBomb,PowerGem,EarthPower|Timid||F|||50|]Sinistcha||OccaBerry|Hospitality|Protect,MatchaGotcha,RagePowder|Bold|||||50|]Metagross||Metagrossite|ClearBody|Protect,MeteorMash,PsychicFangs,BulletPunch|Adamant|||||50|
|c|☆pat_con5|Glhf
|
|t:|1785636660
|teamsize|p1|4
|teamsize|p2|4
|start
|switch|p1a: Rotom|Rotom-Wash, L50|100/100
|switch|p1b: Garchomp|Garchomp, L50, F|100/100
|switch|p2a: Hydreigon|Hydreigon, L50, M|100/100
|switch|p2b: Metagross|Metagross, L50|100/100
|turn|1
|
|t:|1785636701
|detailschange|p2b: Metagross|Metagross-Mega, L50
|-mega|p2b: Metagross|Metagross|Metagrossite
|move|p1b: Garchomp|Protect|p1b: Garchomp
|-singleturn|p1b: Garchomp|Protect
|move|p2a: Hydreigon|Draco Meteor|p1b: Garchomp
|-activate|p1b: Garchomp|move: Protect
|move|p2b: Metagross|Psychic Fangs|p1a: Rotom
|-damage|p1a: Rotom|41/100
|move|p1a: Rotom|Will-O-Wisp|p2b: Metagross|[miss]
|-miss|p1a: Rotom|p2b: Metagross
|
|-heal|p1a: Rotom|47/100|[from] item: Leftovers
|upkeep
|turn|2
|
|t:|1785636718
|switch|p1b: Incineroar|Incineroar, L50, F|100/100
|-ability|p1b: Incineroar|Intimidate|boost
|-unboost|p2a: Hydreigon|atk|1
|-unboost|p2b: Metagross|atk|1
|move|p2a: Hydreigon|Draco Meteor|p1b: Incineroar
|-damage|p1b: Incineroar|34/100
|-unboost|p2a: Hydreigon|spa|2
|-enditem|p1b: Incineroar|Sitrus Berry|[eat]
|-heal|p1b: Incineroar|58/100|[from] item: Sitrus Berry
|move|p2b: Metagross|Psychic Fangs|p1a: Rotom
|-damage|p1a: Rotom|8/100
|move|p1a: Rotom|Will-O-Wisp|p2b: Metagross
|-status|p2b: Metagross|brn
|
|-heal|p1a: Rotom|14/100|[from] item: Leftovers
|-damage|p2b: Metagross|94/100 brn|[from] brn
|upkeep
|turn|3
|
|t:|1785636746
|switch|p2a: Pelipper|Pelipper, L50, M|100/100
|-weather|RainDance|[from] ability: Drizzle|[of] p2a: Pelipper
|move|p2b: Metagross|Psychic Fangs|p1a: Rotom
|-damage|p1a: Rotom|0 fnt
|faint|p1a: Rotom
|move|p1b: Incineroar|Parting Shot|p2a: Pelipper
|-unboost|p2a: Pelipper|atk|1
|-unboost|p2a: Pelipper|spa|1
|
|t:|1785636757
|switch|p1b: Garchomp|Garchomp, L50, F|100/100|[from] Parting Shot
|
|-weather|RainDance|[upkeep]
|-damage|p2b: Metagross|88/100 brn|[from] brn
|upkeep
|
|t:|1785636764
|switch|p1a: Incineroar|Incineroar, L50, F|58/100
|-ability|p1a: Incineroar|Intimidate|boost
|-unboost|p2a: Pelipper|atk|1
|-unboost|p2b: Metagross|atk|1
|turn|4
|
|t:|1785636775
|switch|p2b: Hydreigon|Hydreigon, L50, M|100/100
|move|p2a: Pelipper|Protect|p2a: Pelipper
|-singleturn|p2a: Pelipper|Protect
|move|p1a: Incineroar|Fake Out|p2a: Pelipper
|-activate|p2a: Pelipper|move: Protect
|move|p1b: Garchomp|Dragon Claw|p2a: Pelipper
|-activate|p2a: Pelipper|move: Protect
|
|-weather|RainDance|[upkeep]
|upkeep
|turn|5
|
|t:|1785636785
|move|p1b: Garchomp|Protect|p1b: Garchomp
|-singleturn|p1b: Garchomp|Protect
|move|p2b: Hydreigon|Draco Meteor|p1b: Garchomp
|-activate|p1b: Garchomp|move: Protect
|move|p2a: Pelipper|Weather Ball|p1a: Incineroar
|-supereffective|p1a: Incineroar|1
|-damage|p1a: Incineroar|0 fnt
|faint|p1a: Incineroar
|
|-weather|RainDance|[upkeep]
|upkeep
|
|t:|1785636793
|switch|p1a: Venusaur|Venusaur, L50, M|100/100
|turn|6
|
|t:|1785636801
|detailschange|p1a: Venusaur|Venusaur-Mega, L50, M
|-mega|p1a: Venusaur|Venusaur|Venusaurite
|move|p2b: Hydreigon|Draco Meteor|p1b: Garchomp
|-supereffective|p1b: Garchomp|1
|-crit|p1b: Garchomp
|-damage|p1b: Garchomp|0 fnt
|-unboost|p2b: Hydreigon|spa|2
|faint|p1b: Garchomp
|move|p1a: Venusaur|Energy Ball|p2a: Pelipper
|-damage|p2a: Pelipper|29/100
|-enditem|p2a: Pelipper|Sitrus Berry|[eat]
|-heal|p2a: Pelipper|54/100|[from] item: Sitrus Berry
|move|p2a: Pelipper|Hurricane|p1a: Venusaur
|-supereffective|p1a: Venusaur|1
|-damage|p1a: Venusaur|34/100
|
|-weather|RainDance|[upkeep]
|upkeep
|turn|7
|
|t:|1785636810
|switch|p2b: Metagross|Metagross-Mega, L50|88/100 brn
|move|p1a: Venusaur|Energy Ball|p2a: Pelipper
|-damage|p2a: Pelipper|0 fnt
|faint|p2a: Pelipper
|
|-weather|none
|-damage|p2b: Metagross|82/100 brn|[from] brn
|upkeep
|
|t:|1785636813
|switch|p2a: Hydreigon|Hydreigon, L50, M|100/100
|turn|8
|
|t:|1785636829
|move|p2b: Metagross|Bullet Punch|p1a: Venusaur
|-damage|p1a: Venusaur|20/100r
|move|p2a: Hydreigon|Dark Pulse|p1a: Venusaur
|-damage|p1a: Venusaur|0 fnt
|faint|p1a: Venusaur
|
|win|pat_con5
||pat_con5 is ready for game 2.
|inactive|JC0410 has 30 seconds to confirm battle start!
||JC0410 is ready for game 2.
|uhtml|next|Next: Game 2 of 3
|l|☆JC0410
|player|p1|
