|j|☆STEFANO CALDAIA
|j|☆QUELON
|html|STEFANO CALDAIAQUELON    
|uhtml|bestof|Game 3 of a best-of-3
|t:|1755335412
|gametype|doubles
|player|p1|STEFANO CALDAIA|lusamine|1233
|player|p2|QUELON|cyrus|1276
|gen|9
|tier|[Gen 9] VGC 2025 Reg H (Bo3)
|rated|
|rule|Species Clause: Limit one of each Pokémon
|rule|Item Clause: Limit 1 of each item
|clearpoke
|poke|p1|Dragonite, L50, M|
|poke|p1|Incineroar, L50, M|
|poke|p1|Sneasler, L50, F|
|poke|p1|Rillaboom, L50, M|
|poke|p1|Electabuzz, L50, M|
|poke|p1|Sylveon, L50, F|
|poke|p2|Gholdengo, L50|
|poke|p2|Sneasler, L50, F|
|poke|p2|Incineroar, L50, M|
|poke|p2|Amoonguss, L50, F|
|poke|p2|Dragonite, L50, M|
|poke|p2|Ursaluna-Bloodmoon, L50, M|
|teampreview|4
|showteam|p1|Dragonite||LoadedDice|Multiscale|ScaleShot,Protect,Haze,Tailwind|||M|||50|,,,,,Fairy]Incineroar||SafetyGoggles|Intimidate|FakeOut,KnockOff,FlareBlitz,PartingShot|||M|||50|,,,,,Ghost]Sneasler||FocusSash|Unburden|CloseCombat,DireClaw,Protect,FakeOut|||F|||50|,,,,,Stellar]Rillaboom||AssaultVest|GrassySurge|GrassyGlide,FakeOut,WoodHammer,Uturn|||M|||50|,,,,,Fire]Electabuzz||Eviolite|VitalSpirit|FollowMe,Protect,Electroweb,EerieImpulse|||M|||50|,,,,,Ghost]Sylveon||PixiePlate|Pixilate|HyperVoice,TeraBlast,CalmMind,Protect|||F|||50|,,,,,Water
|showteam|p2|Gholdengo||LifeOrb|GoodasGold|MakeItRain,ShadowBall,NastyPlot,Protect||||||50|,,,,,Steel]Sneasler||FocusSash|PoisonTouch|FakeOut,CloseCombat,DireClaw,Protect|||F|||50|,,,,,Stellar]Incineroar||SafetyGoggles|Intimidate|FakeOut,FlareBlitz,KnockOff,PartingShot|||M|||50|,,,,,Ghost]Amoonguss||SitrusBerry|Regenerator|Spore,RagePowder,SludgeBomb,Protect|||F|||50|,,,,,Water]Dragonite||LoadedDice|Multiscale|ScaleShot,Haze,Tailwind,ExtremeSpeed|||M|||50|,,,,,Fairy]Ursaluna-Bloodmoon||AssaultVest|MindsEye|HyperVoice,BloodMoon,EarthPower,VacuumWave|||M|||50|,,,,,Normal
|inactive|Battle timer is ON: inactive players will automatically lose when time's up. (requested by STEFANO CALDAIA)
|inactive|STEFANO CALDAIA has 60 seconds left.
|inactive|QUELON has 60 seconds left.
|
|t:|1755335461
|teamsize|p1|4
|teamsize|p2|4
|start
|switch|p1a: Sylveon|Sylveon, L50, F|100/100
|switch|p1b: Sneasler|Sneasler, L50, F|100/100
|switch|p2a: Sneasler|Sneasler, L50, F|100/100
|switch|p2b: Ursaluna|Ursaluna-Bloodmoon, L50, M|100/100
|turn|1
|
|t:|1755335482
|switch|p2b: Incineroar|Incineroar, L50, M, shiny|100/100
|-ability|p2b: Incineroar|Intimidate|boost
|-unboost|p1a: Sylveon|atk|1
|-unboost|p1b: Sneasler|atk|1
|-terastallize|p1a: Sylveon|Water
|move|p1b: Sneasler|Fake Out|p2b: Incineroar
|-damage|p2b: Incineroar|91/100
|move|p2a: Sneasler|Dire Claw|p1a: Sylveon
|-damage|p1a: Sylveon|43/100
|-status|p1a: Sylveon|par
|cant|p1a: Sylveon|par
|
|upkeep
|turn|2
|inactive|QUELON has 30 seconds left.
|inactive|QUELON has 20 seconds left.
|inactive|QUELON has 15 seconds left.
|inactive|QUELON has 10 seconds left.
|
|t:|1755335531
|switch|p1b: Incineroar|Incineroar, L50, M|100/100
|-ability|p1b: Incineroar|Intimidate|boost
|-unboost|p2a: Sneasler|atk|1
|-unboost|p2b: Incineroar|atk|1
|move|p1a: Sylveon|Protect|p1a: Sylveon
|-singleturn|p1a: Sylveon|Protect
|move|p2b: Incineroar|Fake Out|p1a: Sylveon
|-activate|p1a: Sylveon|move: Protect
|move|p2a: Sneasler|Close Combat|p1b: Incineroar
|-supereffective|p1b: Incineroar
|-crit|p1b: Incineroar
|-damage|p1b: Incineroar|0 fnt
|-unboost|p2a: Sneasler|def|1
|-unboost|p2a: Sneasler|spd|1
|faint|p1b: Incineroar
|
|upkeep
|c|☆STEFANO CALDAIA|hype gameplat
|c|☆STEFANO CALDAIA|y
|c|☆QUELON|sry
|c|☆STEFANO CALDAIA|its ok
|inactive|STEFANO CALDAIA has 30 seconds left.
|c|☆STEFANO CALDAIA|its not your fault
|inactive|STEFANO CALDAIA has 20 seconds left.
|c|☆STEFANO CALDAIA|its just this shitty ass regulation
|inactive|STEFANO CALDAIA has 15 seconds left.
|
|t:|1755335572
|switch|p1b: Sneasler|Sneasler, L50, F|100/100
|turn|3
|c|☆QUELON|i read that play but the crit...
|c|☆STEFANO CALDAIA|tbh game was lost the turn i got para'd
|inactive|QUELON has 30 seconds left.
|inactive|QUELON has 20 seconds left.
|c|☆QUELON|youre right
|inactive|QUELON has 15 seconds left.
|inactive|QUELON has 10 seconds left.
|c|☆STEFANO CALDAIA|but its ok dw
|
|t:|1755335621
|switch|p2b: Ursaluna|Ursaluna-Bloodmoon, L50, M|100/100
|move|p2a: Sneasler|Protect|p2a: Sneasler
|-singleturn|p2a: Sneasler|Protect
|move|p1b: Sneasler|Fake Out|p2a: Sneasler
|-activate|p2a: Sneasler|move: Protect
|move|p1a: Sylveon|Tera Blast|p2b: Ursaluna|[anim] Tera Blast Water
|-supereffective|p2b: Ursaluna
|-damage|p2b: Ursaluna|44/100
|
|upkeep
|turn|4
|inactive|QUELON has 30 seconds left.
|
|t:|1755335648
|switch|p1a: Electabuzz|Electabuzz, L50, M|100/100
|move|p2b: Ursaluna|Vacuum Wave|p1a: Electabuzz
|-damage|p1a: Electabuzz|87/100
|move|p2a: Sneasler|Close Combat|p1a: Electabuzz
|-damage|p1a: Electabuzz|55/100
|-unboost|p2a: Sneasler|def|1
|-unboost|p2a: Sneasler|spd|1
|move|p1b: Sneasler|Close Combat|p2b: Ursaluna
|-supereffective|p2b: Ursaluna
|-damage|p2b: Ursaluna|0 fnt
|-unboost|p1b: Sneasler|def|1
|-unboost|p1b: Sneasler|spd|1
|faint|p2b: Ursaluna
|
|upkeep
|
|t:|1755335659
|switch|p2b: Gholdengo|Gholdengo, L50|100/100
|turn|5
|inactive|QUELON has 30 seconds left.
|inactive|QUELON has 20 seconds left.
|
|t:|1755335695
|switch|p2a: Incineroar|Incineroar, L50, M, shiny|91/100
|-ability|p2a: Incineroar|Intimidate|boost
|-unboost|p1a: Electabuzz|atk|1
|-unboost|p1b: Sneasler|atk|1
|move|p1b: Sneasler|Close Combat|p2a: Incineroar
|-supereffective|p2a: Incineroar
|-damage|p2a: Incineroar|13/100
|-unboost|p1b: Sneasler|def|1
|-unboost|p1b: Sneasler|spd|1
|move|p2b: Gholdengo|Nasty Plot|p2b: Gholdengo
|-boost|p2b: Gholdengo|spa|2
|move|p1a: Electabuzz|Electroweb|p2b: Gholdengo|[spread] p2a,p2b
|-damage|p2a: Incineroar|4/100
|-damage|p2b: Gholdengo|85/100
|-unboost|p2a: Incineroar|spe|1
|-unboost|p2b: Gholdengo|spe|1
|
|upkeep
|turn|6
|
|t:|1755335709
|move|p1b: Sneasler|Protect|p1b: Sneasler
|-singleturn|p1b: Sneasler|Protect
|move|p1a: Electabuzz|Protect|p1a: Electabuzz
|-singleturn|p1a: Electabuzz|Protect
|move|p2a: Incineroar|Fake Out|p1a: Electabuzz
|-activate|p1a: Electabuzz|move: Protect
|move|p2b: Gholdengo|Make It Rain|p1a: Electabuzz|[spread] 
|-activate|p1a: Electabuzz|move: Protect
|-activate|p1b: Sneasler|move: Protect
|
|upkeep
|turn|7
|
|t:|1755335724
|move|p1b: Sneasler|Dire Claw|p2a: Incineroar
|-damage|p2a: Incineroar|0 fnt
|faint|p2a: Incineroar
|move|p1a: Electabuzz|Electroweb|p2b: Gholdengo
|-damage|p2b: Gholdengo|61/100
|-unboost|p2b: Gholdengo|spe|1
|move|p2b: Gholdengo|Shadow Ball|p1a: Electabuzz
|-damage|p1a: Electabuzz|0 fnt
|faint|p1a: Electabuzz
|-damage|p2b: Gholdengo|51/100|[from] item: Life Orb
|
|upkeep
|
|t:|1755335733
|switch|p1a: Sylveon|Sylveon, L50, F, tera:Water|43/100 par
|switch|p2a: Sneasler|Sneasler, L50, F|100/100
|turn|8
|-message|STEFANO CALDAIA forfeited.
|
|win|QUELON
|raw|STEFANO CALDAIA's rating: 1233 → 1211(-22 for losing)
|raw|QUELON's rating: 1276 → 1298(+22 for winning)
|l|☆STEFANO CALDAIA
|player|p1|
|c|☆QUELON|gg
