|j|☆Wo-Chien<3
|j|☆leomartinfa
|html|Wo-Chien<3leomartinfa    
|uhtml|bestof|Game 1 of a best-of-3
|t:|1756318502
|gametype|doubles
|player|p1|Wo-Chien<3|miku-ground|1121
|player|p2|leomartinfa|101|1109
|gen|9
|tier|[Gen 9] VGC 2025 Reg H (Bo3)
|rated|
|rule|Species Clause: Limit one of each Pokémon
|rule|Item Clause: Limit 1 of each item
|clearpoke
|poke|p1|Ninetales-Alola, L50, M|
|poke|p1|Electabuzz, L50, M|
|poke|p1|Dragonite, L50, M|
|poke|p1|Frosmoth, L50, M|
|poke|p1|Rillaboom, L50, M|
|poke|p1|Kingambit, L50, F|
|poke|p2|Volcarona, L50, M|
|poke|p2|Ursaluna-Bloodmoon, L50, M|
|poke|p2|Grimmsnarl, L50, M|
|poke|p2|Annihilape, L50, M|
|poke|p2|Farigiraf, L50, F|
|poke|p2|Gholdengo, L50|
|teampreview|4
|showteam|p1|Ninetales-Alola||CovertCloak|SnowWarning|Blizzard,Moonblast,AuroraVeil,Encore|||M|||50|,,,,,Poison]Electabuzz||Eviolite|VitalSpirit|FollowMe,Protect,Thunderbolt,Taunt|||M|||50|,,,,,Ghost]Dragonite||LoadedDice|Multiscale|LowKick,ScaleShot,Protect,Haze|||M|||50|,,,,,Fairy]Frosmoth||Leftovers|IceScales|QuiverDance,Protect,Blizzard,TeraBlast|||M|||50|,,,,,Water]Rillaboom||AssaultVest|GrassySurge|FakeOut,GrassyGlide,WoodHammer,Uturn|||M|||50|,,,,,Fire]Kingambit||BlackGlasses|Defiant|SuckerPunch,KowtowCleave,Protect,SwordsDance|||F|||50|,,,,,Water
|showteam|p2|Volcarona||CovertCloak|FlameBody|GigaDrain,HeatWave,QuiverDance,Protect|||M|||50|,,,,,Grass]Ursaluna-Bloodmoon||AssaultVest|MindsEye|BloodMoon,HyperVoice,EarthPower,VacuumWave|||M|||50|,,,,,Ghost]Grimmsnarl||LightClay|Prankster|ThunderWave,Reflect,LightScreen,SpiritBreak|||M|||50|,,,,,Ghost]Annihilape||Leftovers|VitalSpirit|RageFist,DrainPunch,CloseCombat,Protect|||M|||50|,,,,,Fire]Farigiraf||ThroatSpray|ArmorTail|HyperVoice,PsychicNoise,TrickRoom,Protect|||F|||50|,,,,,Normal]Gholdengo||LifeOrb|GoodasGold|MakeItRain,ShadowBall,NastyPlot,Protect||||||50|,,,,,Steel
|inactive|Battle timer is ON: inactive players will automatically lose when time's up. (requested by leomartinfa)
|
|t:|1756318561
|teamsize|p1|4
|teamsize|p2|4
|start
|switch|p1a: Electabuzz|Electabuzz, L50, M|100/100
|switch|p1b: Rillaboom|Rillaboom, L50, M|100/100
|switch|p2a: Volcarona|Volcarona, L50, M|100/100
|switch|p2b: Grimmsnarl|Grimmsnarl, L50, M|100/100
|-fieldstart|move: Grassy Terrain|[from] ability: Grassy Surge|[of] p1b: Rillaboom
|turn|1
|
|t:|1756318585
|switch|p1b: Dragonite|Dragonite, L50, M|100/100
|move|p2b: Grimmsnarl|Reflect|p2b: Grimmsnarl
|-sidestart|p2: leomartinfa|Reflect
|move|p1a: Electabuzz|Taunt|p2a: Volcarona
|-start|p2a: Volcarona|move: Taunt
|move|p2a: Volcarona|Heat Wave|p1a: Electabuzz|[spread] p1a,p1b
|-resisted|p1b: Dragonite
|-damage|p1a: Electabuzz|67/100
|-damage|p1b: Dragonite|90/100
|
|-heal|p1a: Electabuzz|72/100|[from] Grassy Terrain
|upkeep
|turn|2
|inactive|leomartinfa has 30 seconds left.
|
|t:|1756318619
|switch|p2a: Annihilape|Annihilape, L50, M|100/100
|move|p1b: Dragonite|Scale Shot|p2a: Annihilape
|-damage|p2a: Annihilape|91/100
|-damage|p2a: Annihilape|80/100
|-damage|p2a: Annihilape|69/100
|-damage|p2a: Annihilape|58/100
|-damage|p2a: Annihilape|48/100
|-hitcount|p2a: Annihilape|5
|-unboost|p1b: Dragonite|def|1
|-boost|p1b: Dragonite|spe|1
|move|p1a: Electabuzz|Taunt|p2b: Grimmsnarl
|-start|p2b: Grimmsnarl|move: Taunt
|move|p2b: Grimmsnarl|Spirit Break|p1b: Dragonite
|-supereffective|p1b: Dragonite
|-damage|p1b: Dragonite|0 fnt
|faint|p1b: Dragonite
|
|-heal|p2a: Annihilape|54/100|[from] Grassy Terrain
|-heal|p2a: Annihilape|60/100|[from] item: Leftovers
|-heal|p1a: Electabuzz|78/100|[from] Grassy Terrain
|upkeep
|
|t:|1756318632
|switch|p1b: Kingambit|Kingambit, L50, F|100/100
|turn|3
|inactive|leomartinfa has 30 seconds left.
|
|t:|1756318664
|switch|p2b: Volcarona|Volcarona, L50, M|100/100
|-terastallize|p2a: Annihilape|Fire
|move|p1a: Electabuzz|Follow Me|p1a: Electabuzz
|-singleturn|p1a: Electabuzz|move: Follow Me
|move|p2a: Annihilape|Rage Fist|p1a: Electabuzz
|-damage|p1a: Electabuzz|0 fnt
|faint|p1a: Electabuzz
|move|p1b: Kingambit|Swords Dance|p1b: Kingambit
|-boost|p1b: Kingambit|atk|2
|
|-heal|p2a: Annihilape|67/100|[from] Grassy Terrain
|-heal|p2a: Annihilape|73/100|[from] item: Leftovers
|upkeep
|
|t:|1756318677
|switch|p1a: Rillaboom|Rillaboom, L50, M|100/100
|turn|4
|
|t:|1756318692
|move|p2a: Annihilape|Protect|p2a: Annihilape
|-singleturn|p2a: Annihilape|Protect
|move|p1a: Rillaboom|Fake Out|p2b: Volcarona
|-damage|p2b: Volcarona|88/100
|-status|p1a: Rillaboom|brn|[from] ability: Flame Body|[of] p2b: Volcarona
|move|p1b: Kingambit|Sucker Punch||[still]
|-fail|p1b: Kingambit
|move|p2b: Volcarona|Heat Wave|p1b: Kingambit|[spread] p1a,p1b
|-supereffective|p1a: Rillaboom
|-supereffective|p1b: Kingambit
|-damage|p1a: Rillaboom|40/100 brn
|-damage|p1b: Kingambit|6/100
|
|-heal|p2a: Annihilape|79/100|[from] Grassy Terrain
|-heal|p2a: Annihilape|85/100|[from] item: Leftovers
|-heal|p1a: Rillaboom|46/100 brn|[from] Grassy Terrain
|-heal|p2b: Volcarona|94/100|[from] Grassy Terrain
|-heal|p1b: Kingambit|12/100|[from] Grassy Terrain
|-damage|p1a: Rillaboom|40/100 brn|[from] brn
|upkeep
|turn|5
|-message|Wo-Chien<3 forfeited.
|
|win|leomartinfa
||Wo-Chien<3 is ready for game 2.
