|j|☆skibidi harraz
|j|☆moth.o
|html|skibidi harrazmoth.o    
|uhtml|bestof|Game 2 of a best-of-3
|t:|1782474898
|gametype|doubles
|player|p1|skibidi harraz|170|1024
|player|p2|moth.o|roxie|1128
|gen|9
|tier|[Gen 9 Champions] VGC 2026 Reg M-B (Bo3)
|rated|
|rule|Species Clause: Limit one of each Pokémon
|rule|Item Clause: Limit 1 of each item
|clearpoke
|poke|p1|Grimmsnarl, L50, M|
|poke|p1|Swampert, L50, M|
|poke|p1|Pelipper, L50, M|
|poke|p1|Archaludon, L50, M|
|poke|p1|Sinistcha, L50|
|poke|p1|Metagross, L50|
|poke|p2|Drampa, L50, F, shiny|
|poke|p2|Farigiraf, L50, M, shiny|
|poke|p2|Sinistcha, L50|
|poke|p2|Staraptor, L50, F|
|poke|p2|Gholdengo, L50|
|poke|p2|Grimmsnarl, L50, M|
|teampreview|4
|showteam|p1|Grimmsnarl||LightClay|Prankster|FoulPlay,PartingShot,Reflect,LightScreen|Calm||M|||50|]Swampert||Swampertite|Damp|WaveCrash,Earthquake,IcePunch,Protect|Adamant||M|||50|]Pelipper||SitrusBerry|Drizzle|Hurricane,WeatherBall,Tailwind,WideGuard|Modest||M|||50|]Archaludon||Leftovers|Stamina|ElectroShot,DragonPulse,FlashCannon,Protect|Modest||M|||50|]Sinistcha||CobaBerry|Hospitality|MatchaGotcha,RagePowder,TrickRoom,Protect|Relaxed|||||50|]Metagross||Metagrossite|ClearBody|IronHead,PsychicFangs,BodyPress,Protect|Jolly|||||50|
|showteam|p2|Drampa||Drampanite|CloudNine|Protect,EarthPower,HyperVoice,CalmMind|Quiet||F|||50|]Farigiraf||MentalHerb|ArmorTail|Protect,Psychic,TrickRoom,HelpingHand|Bold||M|||50|]Sinistcha||SitrusBerry|Hospitality|MatchaGotcha,ShadowBall,RagePowder,TrickRoom|Bold|||||50|]Staraptor||Staraptite|Intimidate|Protect,CloseCombat,BlazeKick,BraveBird|Adamant||F|||50|]Gholdengo||FocusSash|GoodasGold|Protect,NastyPlot,MakeItRain,ShadowBall|Timid|||||50|]Grimmsnarl||LightClay|Prankster|FakeOut,PartingShot,Reflect,LightScreen|Impish||M|||50|
|
|t:|1782474920
|teamsize|p1|4
|teamsize|p2|4
|start
|switch|p1a: Archaludon|Archaludon, L50, M|100/100
|switch|p1b: Grimmsnarl|Grimmsnarl, L50, M|100/100
|switch|p2a: Drampa|Drampa, L50, F, shiny|100/100
|switch|p2b: Grimmsnarl|Grimmsnarl, L50, M|100/100
|-ability|p2a: Drampa|Cloud Nine
|turn|1
|
|t:|1782474934
|move|p2b: Grimmsnarl|Fake Out|p1a: Archaludon
|-resisted|p1a: Archaludon|1
|-damage|p1a: Archaludon|95/100
|-ability|p1a: Archaludon|Stamina|boost
|-boost|p1a: Archaludon|def|1
|move|p1b: Grimmsnarl|Light Screen|p1b: Grimmsnarl
|-sidestart|p1: skibidi harraz|move: Light Screen
|cant|p1a: Archaludon|flinch
|move|p2a: Drampa|Calm Mind|p2a: Drampa
|-boost|p2a: Drampa|spa|1
|-boost|p2a: Drampa|spd|1
|
|-heal|p1a: Archaludon|100/100|[from] item: Leftovers
|upkeep
|turn|2
|
|t:|1782474950
|move|p2a: Drampa|Protect|p2a: Drampa
|-singleturn|p2a: Drampa|Protect
|move|p2b: Grimmsnarl|Light Screen|p2b: Grimmsnarl
|-sidestart|p2: moth.o|move: Light Screen
|move|p1b: Grimmsnarl|Parting Shot|p2a: Drampa
|-activate|p2a: Drampa|move: Protect
|move|p1a: Archaludon|Flash Cannon|p2b: Grimmsnarl
|-supereffective|p2b: Grimmsnarl|1
|-damage|p2b: Grimmsnarl|52/100
|
|upkeep
|turn|3
|
|t:|1782474962
|move|p2b: Grimmsnarl|Parting Shot|p1a: Archaludon
|-unboost|p1a: Archaludon|atk|1
|-unboost|p1a: Archaludon|spa|1
|
|t:|1782474966
|switch|p2b: Farigiraf|Farigiraf, L50, M, shiny|100/100|[from] Parting Shot
|move|p1b: Grimmsnarl|Parting Shot||[still]
|cant|p2b: Farigiraf|ability: Armor Tail|Parting Shot|[of] p1b: Grimmsnarl
|move|p1a: Archaludon|Dragon Pulse|p2a: Drampa
|-supereffective|p2a: Drampa|1
|-damage|p2a: Drampa|79/100
|move|p2a: Drampa|Calm Mind|p2a: Drampa
|-boost|p2a: Drampa|spa|1
|-boost|p2a: Drampa|spd|1
|
|upkeep
|turn|4
|
|t:|1782474995
|switch|p1a: Swampert|Swampert, L50, M|100/100
|move|p1b: Grimmsnarl|Foul Play|p2b: Farigiraf
|-supereffective|p2b: Farigiraf|1
|-damage|p2b: Farigiraf|51/100
|move|p2b: Farigiraf|Psychic|p1b: Grimmsnarl
|-immune|p1b: Grimmsnarl
|move|p2a: Drampa|Hyper Voice|p1a: Swampert|[spread] p1a,p1b
|-damage|p1a: Swampert|54/100
|-damage|p1b: Grimmsnarl|60/100
|
|upkeep
|turn|5
|
|t:|1782475020
|switch|p1b: Pelipper|Pelipper, L50, M|100/100
|-weather|RainDance|[from] ability: Drizzle|[of] p1b: Pelipper
|detailschange|p1a: Swampert|Swampert-Mega, L50, M
|-mega|p1a: Swampert|Swampert|Swampertite
|detailschange|p2a: Drampa|Drampa-Mega, L50, F, shiny
|-mega|p2a: Drampa|Drampa|Drampanite
|move|p2b: Farigiraf|Protect|p2b: Farigiraf
|-singleturn|p2b: Farigiraf|Protect
|move|p1a: Swampert|Ice Punch|p2a: Drampa
|-supereffective|p2a: Drampa|1
|-crit|p2a: Drampa
|-damage|p2a: Drampa|0 fnt
|faint|p2a: Drampa
|
|-weather|RainDance|[upkeep]
|upkeep
|-message|moth.o forfeited.
|
|win|skibidi harraz
||skibidi harraz is ready for game 3.
||moth.o is ready for game 3.
|uhtml|next|Next: Game 3 of 3
|l|☆skibidi harraz
|player|p1|
|l|☆moth.o
|player|p2|
|j|☆moth.o
|player|p2|moth.o|roxie|
