|j|☆Vinzmoke
|j|☆Plus2OnBlock
|html|VinzmokePlus2OnBlock    
|uhtml|bestof|Game 3 of a best-of-3
|t:|1783293136
|gametype|doubles
|player|p1|Vinzmoke|blue|1054
|player|p2|Plus2OnBlock|clerkf|1000
|gen|9
|tier|[Gen 9 Champions] VGC 2026 Reg M-B (Bo3)
|rated|
|rule|Species Clause: Limit one of each Pokémon
|rule|Item Clause: Limit 1 of each item
|clearpoke
|poke|p1|Swampert, L50, F|
|poke|p1|Pelipper, L50, M|
|poke|p1|Archaludon, L50, F|
|poke|p1|Sableye, L50, F|
|poke|p1|Raichu, L50, F|
|poke|p1|Basculegion, L50, M|
|poke|p2|Blastoise, L50, F, shiny|
|poke|p2|Delphox, L50, M, shiny|
|poke|p2|Sinistcha, L50, shiny|
|poke|p2|Sneasler, L50, F, shiny|
|poke|p2|Kingambit, L50, M, shiny|
|poke|p2|Incineroar, L50, F, shiny|
|teampreview|4
|showteam|p1|Swampert||Swampertite|Torrent|Earthquake,Protect,WaveCrash,IcePunch|Serious||F|||50|]Pelipper||FocusSash|Drizzle|Hurricane,Tailwind,WideGuard,WeatherBall|Modest||M|||50|]Archaludon|||Stamina|ElectroShot,DracoMeteor,Protect,FlashCannon|Serious||F|||50|]Sableye||Leftovers|Prankster|RainDance,WillOWisp,FoulPlay,LightScreen|Calm||F|||50|]Raichu||RaichuniteY|LightningRod|FocusBlast,Thunder,FakeOut,Protect|Timid||F|||50|]Basculegion||ChoiceScarf|Adaptability|AquaJet,FlipTurn,LastRespects,WaveCrash|Jolly||M|||50|
|showteam|p2|Blastoise||Blastoisinite|RainDish|WaterSpout,DarkPulse,ShellSmash,Protect|Modest||F|||50|]Delphox||Delphoxite|Blaze|HeatWave,Psyshock,NastyPlot,Protect|Timid||M|||50|]Sinistcha||KasibBerry|Hospitality|MatchaGotcha,RagePowder,TrickRoom,Protect|Bold|||||50|]Sneasler||FocusSash|PoisonTouch|CloseCombat,PoisonJab,FakeOut,QuickGuard|Jolly||F|||50|]Kingambit||BlackGlasses|Defiant|KowtowCleave,SuckerPunch,SwordsDance,Protect|Adamant||M|||50|]Incineroar||SitrusBerry|Intimidate|FlareBlitz,FakeOut,HelpingHand,PartingShot|Impish||F|||50|
|inactive|Battle timer is ON: inactive players will automatically lose when time's up. (requested by Vinzmoke)
|inactive|Vinzmoke has 60 seconds left.
|
|t:|1783293174
|teamsize|p1|4
|teamsize|p2|4
|start
|switch|p1a: Pelipper|Pelipper, L50, M|100/100
|switch|p1b: Raichu|Raichu, L50, F|100/100
|switch|p2a: Sneasler|Sneasler, L50, F, shiny|100/100
|switch|p2b: Blastoise|Blastoise, L50, F, shiny|100/100
|-weather|RainDance|[from] ability: Drizzle|[of] p1a: Pelipper
|turn|1
|inactive|Vinzmoke has 30 seconds left.
|inactive|Plus2OnBlock has 30 seconds left.
|inactive|Vinzmoke has 20 seconds left.
|inactive|Plus2OnBlock has 20 seconds left.
|
|t:|1783293214
|detailschange|p1b: Raichu|Raichu-Mega-Y, L50, F
|-mega|p1b: Raichu|Raichu|Raichunite Y
|detailschange|p2b: Blastoise|Blastoise-Mega, L50, F, shiny
|-mega|p2b: Blastoise|Blastoise|Blastoisinite
|move|p1b: Raichu|Fake Out|p2a: Sneasler
|-damage|p2a: Sneasler|85/100
|cant|p2a: Sneasler|flinch
|move|p2b: Blastoise|Water Spout|p1a: Pelipper|[spread] p1a,p1b
|-resisted|p1a: Pelipper|1
|-damage|p1a: Pelipper|26/100
|-damage|p1b: Raichu|0 fnt
|faint|p1b: Raichu
|move|p1a: Pelipper|Tailwind|p1a: Pelipper
|-sidestart|p1: Vinzmoke|move: Tailwind
|
|-weather|RainDance|[upkeep]
|upkeep
|
|t:|1783293231
|switch|p1b: Archaludon|Archaludon, L50, F|100/100
|turn|2
|
|t:|1783293245
|move|p2b: Blastoise|Protect|p2b: Blastoise
|-singleturn|p2b: Blastoise|Protect
|move|p1b: Archaludon|Electro Shot||[still]
|-prepare|p1b: Archaludon|Electro Shot
|-boost|p1b: Archaludon|spa|1
|-anim|p1b: Archaludon|Electro Shot|p2b: Blastoise
|-activate|p2b: Blastoise|move: Protect
|move|p2a: Sneasler|Poison Jab|p1a: Pelipper
|-damage|p1a: Pelipper|0 fnt
|faint|p1a: Pelipper
|
|-weather|RainDance|[upkeep]
|upkeep
|
|t:|1783293266
|switch|p1a: Basculegion|Basculegion, L50, M|100/100
|turn|3
|
|t:|1783293271
|switch|p2b: Sinistcha|Sinistcha, L50, shiny|100/100
|-heal|p2a: Sneasler|100/100|[from] ability: Hospitality|[of] p2b: Sinistcha
|move|p1a: Basculegion|Last Respects|p2a: Sneasler
|-enditem|p2a: Sneasler|Focus Sash
|-damage|p2a: Sneasler|1/100
|move|p1b: Archaludon|Electro Shot||[still]
|-prepare|p1b: Archaludon|Electro Shot
|-boost|p1b: Archaludon|spa|1
|-anim|p1b: Archaludon|Electro Shot|p2b: Sinistcha
|-resisted|p2b: Sinistcha|1
|-damage|p2b: Sinistcha|57/100
|move|p2a: Sneasler|Close Combat|p1b: Archaludon
|-supereffective|p1b: Archaludon|1
|-damage|p1b: Archaludon|0 fnt
|-unboost|p2a: Sneasler|def|1
|-unboost|p2a: Sneasler|spd|1
|faint|p1b: Archaludon
|
|-weather|RainDance|[upkeep]
|upkeep
|turn|4
|inactive|Vinzmoke has 30 seconds left.
|inactive|Plus2OnBlock has 30 seconds left.
|
|t:|1783293303
|move|p2b: Sinistcha|Rage Powder|p2b: Sinistcha
|-singleturn|p2b: Sinistcha|move: Rage Powder
|move|p1a: Basculegion|Last Respects|p2b: Sinistcha
|-supereffective|p2b: Sinistcha|1
|-enditem|p2b: Sinistcha|Kasib Berry|[eat]
|-enditem|p2b: Sinistcha|Kasib Berry|[weaken]
|-damage|p2b: Sinistcha|0 fnt
|faint|p2b: Sinistcha
|move|p2a: Sneasler|Poison Jab|p1a: Basculegion
|-resisted|p1a: Basculegion|1
|-damage|p1a: Basculegion|74/100
|
|-weather|RainDance|[upkeep]
|-sideend|p1: Vinzmoke|move: Tailwind
|upkeep
|
|t:|1783293313
|switch|p2b: Kingambit|Kingambit, L50, M, shiny|100/100
|turn|5
|
|t:|1783293318
|move|p2b: Kingambit|Sucker Punch|p1a: Basculegion
|-supereffective|p1a: Basculegion|1
|-damage|p1a: Basculegion|0 fnt
|faint|p1a: Basculegion
|
|win|Plus2OnBlock
|raw|Vinzmoke's rating: 1054 → 1033(-21 for losing)
|raw|Plus2OnBlock's rating: 1000 → 1046(+46 for winning)
