|j|☆plata_0007
|j|☆MarkPanCP
|html|plata_0007MarkPanCP    
|uhtml|bestof|Game 1 of a best-of-3
|t:|1786166630
|gametype|doubles
|player|p1|plata_0007|veteranf|
|player|p2|MarkPanCP|cynthia-gen4|
|gen|9
|tier|[Gen 9 Champions] VGC 2026 Reg M-B (Bo3)
|rule|Species Clause: Limit one of each Pokémon
|rule|Item Clause: Limit 1 of each item
|clearpoke
|poke|p1|Gengar, L50, M, shiny|
|poke|p1|Politoed, L50, F|
|poke|p1|Incineroar, L50, M|
|poke|p1|Kingambit, L50, F|
|poke|p1|Sylveon, L50, F|
|poke|p1|Dragonite, L50, M|
|poke|p2|Charizard, L50, M, shiny|
|poke|p2|Venusaur, L50, M|
|poke|p2|Sinistcha, L50|
|poke|p2|Incineroar, L50, M|
|poke|p2|Floette-Eternal, L50, F|
|poke|p2|Garchomp, L50, M|
|teampreview|4
|showteam|p1|Gengar||Gengarite|CursedBody|IcyWind,Protect,PerishSong,WillOWisp|Timid||M|||50|]Politoed||LifeOrb|Drizzle|PerishSong,WeatherBall,Protect,EarthPower|Timid||F|||50|]Incineroar||SitrusBerry|Intimidate|Protect,WillOWisp,DarkestLariat,FakeOut|Careful||M|||50|]Kingambit||FocusSash|Defiant|LowKick,KowtowCleave,SuckerPunch,Protect|Adamant||F|||50|]Sylveon||FairyFeather|Pixilate|QuickAttack,HyperBeam,HyperVoice,Detect|Calm||F|||50|]Dragonite||Dragoninite|Multiscale|ExtremeSpeed,DragonClaw,Protect,Blizzard|Brave||M|||50|
|showteam|p2|Charizard||CharizarditeY|Blaze|HeatWave,Protect,SolarBeam,WeatherBall|Modest||M|||50|]Venusaur||FocusSash|Chlorophyll|SludgeBomb,LeafStorm,Protect,SleepPowder|Timid||M|||50|]Sinistcha||ColburBerry|Hospitality|TrickRoom,Protect,MatchaGotcha,RagePowder|Relaxed|||||50|]Incineroar||SitrusBerry|Intimidate|FlareBlitz,FakeOut,ThroatChop,PartingShot|Careful||M|||50|]Floette-Eternal||Floettite|FlowerVeil|Moonblast,CalmMind,DazzlingGleam,Protect|Timid||F|||50|]Garchomp||ChoiceScarf|RoughSkin|Earthquake,RockSlide,DragonClaw,StompingTantrum|Adamant||M|||50|
|inactive|Battle timer is ON: inactive players will automatically lose when time's up. (requested by plata_0007)
|j| KRSMERBECK
|l| KRSMERBECK
|
|t:|1786166658
|teamsize|p1|4
|teamsize|p2|4
|start
|switch|p1a: Incineroar|Incineroar, L50, M|100/100
|switch|p1b: Kingambit|Kingambit, L50, F|100/100
|switch|p2a: La Cobra|Venusaur, L50, M|100/100
|switch|p2b: Mahoraga|Garchomp, L50, M|100/100
|-ability|p1a: Incineroar|Intimidate|boost
|-unboost|p2a: La Cobra|atk|1
|-unboost|p2b: Mahoraga|atk|1
|turn|1
|inactive|plata_0007 has 30 seconds left.
|inactive|MarkPanCP has 30 seconds left.
|inactive|MarkPanCP has 20 seconds left.
|
|t:|1786166695
|move|p2a: La Cobra|Protect|p2a: La Cobra
|-singleturn|p2a: La Cobra|Protect
|move|p1a: Incineroar|Fake Out|p2b: Mahoraga
|-damage|p2b: Mahoraga|88/100
|-damage|p1a: Incineroar|87/100|[from] ability: Rough Skin|[of] p2b: Mahoraga
|cant|p2b: Mahoraga|flinch
|move|p1b: Kingambit|Kowtow Cleave|p2b: Mahoraga
|-damage|p2b: Mahoraga|38/100
|-damage|p1b: Kingambit|87/100|[from] ability: Rough Skin|[of] p2b: Mahoraga
|
|upkeep
|turn|2
|
|t:|1786166720
|switch|p2b: Incinegoat|Incineroar, L50, M|100/100
|-ability|p2b: Incinegoat|Intimidate|boost
|-unboost|p1a: Incineroar|atk|1
|-unboost|p1b: Kingambit|atk|1
|-ability|p1b: Kingambit|Defiant|boost
|-boost|p1b: Kingambit|atk|2
|switch|p2a: El Violador|Charizard, L50, M, shiny|100/100
|switch|p1a: Dragonite|Dragonite, L50, M|100/100
|move|p1b: Kingambit|Protect||[still]
|-fail|p1b: Kingambit
|
|upkeep
|turn|3
|j| GoyoTraineador
|inactive|plata_0007 has 30 seconds left.
|
|t:|1786166745
|switch|p1b: Incineroar|Incineroar, L50, M|87/100
|-ability|p1b: Incineroar|Intimidate|boost
|-unboost|p2a: El Violador|atk|1
|-unboost|p2b: Incinegoat|atk|1
|detailschange|p1a: Dragonite|Dragonite-Mega, L50, M
|-mega|p1a: Dragonite|Dragonite|Dragoninite
|move|p1a: Dragonite|Protect|p1a: Dragonite
|-singleturn|p1a: Dragonite|Protect
|move|p2b: Incinegoat|Fake Out|p1b: Incineroar
|-damage|p1b: Incineroar|81/100
|move|p2a: El Violador|Heat Wave|p1b: Incineroar|[spread] p1b
|-activate|p1a: Dragonite|move: Protect
|-resisted|p1b: Incineroar|1
|-damage|p1b: Incineroar|71/100
|
|upkeep
|turn|4
|inactive|plata_0007 has 30 seconds left.
|inactive|MarkPanCP has 30 seconds left.
|inactive|MarkPanCP has 20 seconds left.
|inactive|MarkPanCP has 15 seconds left.
|
|t:|1786166789
|switch|p2a: La Cobra|Venusaur, L50, M|100/100
|move|p1b: Incineroar|Fake Out|p2b: Incinegoat
|-damage|p2b: Incinegoat|87/100
|move|p1a: Dragonite|Dragon Claw|p2a: La Cobra
|-damage|p2a: La Cobra|45/100
|cant|p2b: Incinegoat|flinch
|
|upkeep
|turn|5
|
|t:|1786166810
|move|p2a: La Cobra|Protect|p2a: La Cobra
|-singleturn|p2a: La Cobra|Protect
|move|p1a: Dragonite|Protect|p1a: Dragonite
|-singleturn|p1a: Dragonite|Protect
|move|p1b: Incineroar|Will-O-Wisp|p2a: La Cobra
|-activate|p2a: La Cobra|move: Protect
|move|p2b: Incinegoat|Flare Blitz|p1a: Dragonite
|-activate|p1a: Dragonite|move: Protect
|
|upkeep
|turn|6
|inactive|MarkPanCP has 30 seconds left.
|
|t:|1786166844
|switch|p2a: Mahoraga|Garchomp, L50, M|38/100
|switch|p1b: Kingambit|Kingambit, L50, F|87/100
|move|p1a: Dragonite|Dragon Claw|p2a: Mahoraga
|-supereffective|p2a: Mahoraga|1
|-damage|p2a: Mahoraga|0 fnt
|-damage|p1a: Dragonite|87/100|[from] ability: Rough Skin|[of] p2a: Mahoraga
|faint|p2a: Mahoraga
|move|p2b: Incinegoat|Parting Shot|p1b: Kingambit
|-unboost|p1b: Kingambit|atk|1
|-ability|p1b: Kingambit|Defiant|boost
|-boost|p1b: Kingambit|atk|2
|-unboost|p1b: Kingambit|spa|1
|-ability|p1b: Kingambit|Defiant|boost
|-boost|p1b: Kingambit|atk|2
|inactive|MarkPanCP has 30 seconds left.
|
|t:|1786166877
|switch|p2b: El Violador|Charizard, L50, M, shiny|100/100|[from] Parting Shot
|
|upkeep
|
|t:|1786166886
|switch|p2a: La Cobra|Venusaur, L50, M|45/100
|turn|7
|
|t:|1786166900
|detailschange|p2b: El Violador|Charizard-Mega-Y, L50, M, shiny
|-mega|p2b: El Violador|Charizard|Charizardite Y
|-weather|SunnyDay|[from] ability: Drought|[of] p2b: El Violador
|move|p2a: La Cobra|Protect|p2a: La Cobra
|-singleturn|p2a: La Cobra|Protect
|move|p1b: Kingambit|Protect|p1b: Kingambit
|-singleturn|p1b: Kingambit|Protect
|move|p2b: El Violador|Heat Wave|p1b: Kingambit|[spread] p1a
|-activate|p1b: Kingambit|move: Protect
|-resisted|p1a: Dragonite|1
|-damage|p1a: Dragonite|66/100
|move|p1a: Dragonite|Dragon Claw|p2b: El Violador
|-damage|p2b: El Violador|36/100
|
|-weather|SunnyDay|[upkeep]
|upkeep
|turn|8
|inactive|plata_0007 has 30 seconds left.
|inactive|MarkPanCP has 30 seconds left.
|inactive|MarkPanCP has 20 seconds left.
|inactive|MarkPanCP has 15 seconds left.
|inactive|MarkPanCP has 10 seconds left.
|
|t:|1786166949
|switch|p2a: Incinegoat|Incineroar, L50, M|87/100
|-ability|p2a: Incinegoat|Intimidate|boost
|-unboost|p1a: Dragonite|atk|1
|-unboost|p1b: Kingambit|atk|1
|-ability|p1b: Kingambit|Defiant|boost
|-boost|p1b: Kingambit|atk|2
|move|p2b: El Violador|Protect|p2b: El Violador
|-singleturn|p2b: El Violador|Protect
|move|p1b: Kingambit|Sucker Punch||[still]
|-fail|p1b: Kingambit
|move|p1a: Dragonite|Dragon Claw|p2b: El Violador
|-activate|p2b: El Violador|move: Protect
|
|-weather|SunnyDay|[upkeep]
|upkeep
|turn|9
|
|t:|1786166973
|move|p2b: El Violador|Protect||[still]
|-fail|p2b: El Violador
|move|p1a: Dragonite|Protect|p1a: Dragonite
|-singleturn|p1a: Dragonite|Protect
|move|p1b: Kingambit|Protect|p1b: Kingambit
|-singleturn|p1b: Kingambit|Protect
|move|p2a: Incinegoat|Fake Out|p1b: Kingambit
|-activate|p1b: Kingambit|move: Protect
|
|-weather|SunnyDay|[upkeep]
|upkeep
|turn|10
|l| GoyoTraineador
|inactive|plata_0007 has 30 seconds left.
|inactive|MarkPanCP has 30 seconds left.
|
|t:|1786167001
|switch|p2b: La Cobra|Venusaur, L50, M|45/100
|move|p1b: Kingambit|Sucker Punch||[still]
|-fail|p1b: Kingambit
|move|p1a: Dragonite|Dragon Claw|p2a: Incinegoat
|-damage|p2a: Incinegoat|51/100
|move|p2a: Incinegoat|Flare Blitz|p1b: Kingambit
|-supereffective|p1b: Kingambit|1
|-damage|p1b: Kingambit|0 fnt
|faint|p1b: Kingambit
|-damage|p2a: Incinegoat|17/100|[from] Recoil
|-enditem|p2a: Incinegoat|Sitrus Berry|[eat]
|-heal|p2a: Incinegoat|41/100|[from] item: Sitrus Berry
|
|-weather|SunnyDay|[upkeep]
|upkeep
|
|t:|1786167005
|switch|p1b: Sylveon|Sylveon, L50, F|100/100
|turn|11
|inactive|MarkPanCP has 30 seconds left.
|inactive|MarkPanCP has 20 seconds left.
|
|t:|1786167041
|switch|p1a: Incineroar|Incineroar, L50, M|71/100
|-ability|p1a: Incineroar|Intimidate|boost
|-unboost|p2a: Incinegoat|atk|1
|-unboost|p2b: La Cobra|atk|1
|move|p2b: La Cobra|Protect|p2b: La Cobra
|-singleturn|p2b: La Cobra|Protect
|move|p1b: Sylveon|Detect|p1b: Sylveon
|-singleturn|p1b: Sylveon|Protect
|move|p2a: Incinegoat|Flare Blitz|p1b: Sylveon
|-activate|p1b: Sylveon|move: Protect
|
|-weather|none
|upkeep
|turn|12
|j| GoyoTraineador
|inactive|plata_0007 has 30 seconds left.
|
|t:|1786167067
|move|p2b: La Cobra|Protect||[still]
|-fail|p2b: La Cobra
|move|p1a: Incineroar|Fake Out|p2b: La Cobra
|-damage|p2b: La Cobra|29/100
|move|p1b: Sylveon|Hyper Voice|p2a: Incinegoat|[spread] p2a,p2b
|-resisted|p2b: La Cobra|1
|-damage|p2a: Incinegoat|0 fnt
|-damage|p2b: La Cobra|7/100
|faint|p2a: Incinegoat
|
|upkeep
|
|t:|1786167077
|switch|p2a: El Violador|Charizard-Mega-Y, L50, M, shiny|36/100
|-weather|SunnyDay|[from] ability: Drought|[of] p2a: El Violador
|turn|13
|
|t:|1786167086
|switch|p1b: Dragonite|Dragonite-Mega, L50, M|66/100
|move|p2b: La Cobra|Protect|p2b: La Cobra
|-singleturn|p2b: La Cobra|Protect
|move|p2a: El Violador|Heat Wave|p1a: Incineroar|[spread] p1a,p1b
|-resisted|p1a: Incineroar|1
|-resisted|p1b: Dragonite|1
|-damage|p1a: Incineroar|50/100g
|-damage|p1b: Dragonite|45/100
|move|p1a: Incineroar|Darkest Lariat|p2b: La Cobra
|-activate|p2b: La Cobra|move: Protect
|
|-weather|SunnyDay|[upkeep]
|upkeep
|turn|14
|
|t:|1786167099
|switch|p1a: Sylveon|Sylveon, L50, F|100/100
|move|p2b: La Cobra|Protect|p2b: La Cobra
|-singleturn|p2b: La Cobra|Protect
|move|p1b: Dragonite|Extreme Speed|p2b: La Cobra
|-activate|p2b: La Cobra|move: Protect
|move|p2a: El Violador|Heat Wave|p1a: Sylveon|[spread] p1a,p1b
|-resisted|p1b: Dragonite|1
|-crit|p1b: Dragonite
|-damage|p1a: Sylveon|66/100
|-damage|p1b: Dragonite|12/100
|
|-weather|SunnyDay|[upkeep]
|upkeep
|turn|15
|
|t:|1786167113
|switch|p1b: Incineroar|Incineroar, L50, M|50/100g
|-ability|p1b: Incineroar|Intimidate|boost
|-unboost|p2a: El Violador|atk|1
|-unboost|p2b: La Cobra|atk|1
|move|p2b: La Cobra|Protect||[still]
|-fail|p2b: La Cobra
|move|p2a: El Violador|Protect|p2a: El Violador
|-singleturn|p2a: El Violador|Protect
|move|p1a: Sylveon|Hyper Voice|p2a: El Violador|[spread] p2b
|-activate|p2a: El Violador|move: Protect
|-resisted|p2b: La Cobra|1
|-damage|p2b: La Cobra|0 fnt
|faint|p2b: La Cobra
|
|-weather|SunnyDay|[upkeep]
|upkeep
|turn|16
|
|t:|1786167127
|move|p1b: Incineroar|Fake Out|p2a: El Violador
|-damage|p2a: El Violador|20/100y
|cant|p2a: El Violador|flinch
|move|p1a: Sylveon|Hyper Voice|p2a: El Violador
|-resisted|p2a: El Violador|1
|-damage|p2a: El Violador|0 fnt
|faint|p2a: El Violador
|
|win|plata_0007
||plata_0007 is ready for game 2.
|inactive|MarkPanCP has 30 seconds to confirm battle start!
||MarkPanCP is ready for game 2.
|uhtml|next|Next: Game 2 of 3
