|j|☆GamerFletch
|j|☆Penguin459
|html|GamerFletchPenguin459    
|uhtml|bestof|Game 1 of a best-of-3
|t:|1757814444
|gametype|doubles
|player|p1|GamerFletch|102|
|player|p2|Penguin459|169|
|gen|9
|tier|[Gen 9] VGC 2025 Reg H (Bo3)
|rule|Species Clause: Limit one of each Pokémon
|rule|Item Clause: Limit 1 of each item
|clearpoke
|poke|p1|Ursaluna, L50, F|
|poke|p1|Torkoal, L50, F|
|poke|p1|Whimsicott, L50, M|
|poke|p1|Exeggutor, L50, F|
|poke|p1|Toedscruel, L50, F|
|poke|p1|Weezing-Galar, L50, M|
|poke|p2|Breloom, L50, M|
|poke|p2|Politoed, L50, F|
|poke|p2|Rhyperior, L50, F|
|poke|p2|Gliscor, L50, F|
|poke|p2|Toxicroak, L50, F|
|poke|p2|Jolteon, L50, M|
|teampreview|4
|showteam|p1|Ursaluna||FlameOrb|Guts|Facade,Protect,HeadlongRush,Taunt|||F|||50|,,,,,Normal]Torkoal||HeatRock|Drought|HelpingHand,Eruption,BodyPress,Protect|||F|||50|,,,,,Fire]Whimsicott||FocusSash|Prankster|TrickRoom,Encore,Moonblast,HelpingHand|||M|||50|,,,,,Ghost]Exeggutor||SitrusBerry|Harvest|GigaDrain,TrickRoom,Psychic,Protect|||F|||50|,,,,,Poison]Toedscruel||CovertCloak|MyceliumMight|Spore,AcidSpray,Protect,EarthPower|||F|||50|,,,,,Water]Weezing-Galar||ChoiceSpecs|NeutralizingGas|SludgeBomb,Flamethrower,DazzlingGleam,StrangeSteam|||M|||50|,,,,,Fire
|showteam|p2|Breloom||FocusSash|EffectSpore|Spore,Substitute,FocusPunch,SeedBomb|||M|||50|,,,,,Grass]Politoed||Leftovers|Drizzle|Surf,IceBeam,Rest,Psychic|||F|||50|,,,,,Water]Rhyperior||CellBattery|LightningRod|Earthquake,HammerArm,StoneEdge,FirePunch|||F|||50|,,,,,Ground]Gliscor||ToxicOrb|PoisonHeal|Substitute,Protect,Earthquake,Toxic|||F|||50|,,,,,Ground]Toxicroak||MirrorHerb|DrySkin|SwordsDance,GunkShot,DrainPunch,KnockOff|||F|||50|,,,,,Poison]Jolteon||AirBalloon|QuickFeet|ShadowBall,Thunderbolt,ThunderWave,VoltSwitch|||M|||50|,,,,,Electric
|
|t:|1757814457
|teamsize|p1|4
|teamsize|p2|4
|start
|switch|p1a: Toedscruel|Toedscruel, L50, F, shiny|100/100
|switch|p1b: Weezing|Weezing-Galar, L50, M, shiny|100/100
|switch|p2a: Rhyperior|Rhyperior, L50, F, shiny|100/100
|switch|p2b: Jolteon|Jolteon, L50, M, shiny|100/100
|-ability|p1b: Weezing|Neutralizing Gas
|-item|p2b: Jolteon|Air Balloon
|turn|1
|
|t:|1757814507
|move|p2b: Jolteon|Thunderbolt|p1b: Weezing
|-damage|p1b: Weezing|46/100
|move|p1a: Toedscruel|Spore|p2b: Jolteon
|-status|p2b: Jolteon|slp|[from] move: Spore
|move|p1b: Weezing|Dazzling Gleam|p2a: Rhyperior|[spread] p2a,p2b
|-damage|p2a: Rhyperior|52/100
|-damage|p2b: Jolteon|55/100 slp
|-enditem|p2b: Jolteon|Air Balloon
|move|p2a: Rhyperior|Earthquake|p1b: Weezing|[spread] p2b,p1a,p1b
|-supereffective|p2b: Jolteon
|-resisted|p1a: Toedscruel
|-supereffective|p1b: Weezing
|-damage|p2b: Jolteon|0 fnt
|-damage|p1a: Toedscruel|75/100
|-damage|p1b: Weezing|0 fnt
|faint|p2b: Jolteon
|faint|p1b: Weezing
|-end|p1b: Weezing|ability: Neutralizing Gas
|
|upkeep
|
|t:|1757814535
|switch|p2b: Toxicroak|Toxicroak, L50, F, shiny|100/100
|switch|p1b: Whimsicott|Whimsicott, L50, M, shiny|100/100
|turn|2
|
|t:|1757814570
|move|p1b: Whimsicott|Moonblast|p2a: Rhyperior
|-crit|p2a: Rhyperior
|-damage|p2a: Rhyperior|0 fnt
|faint|p2a: Rhyperior
|move|p2b: Toxicroak|Gunk Shot|p1b: Whimsicott|[miss]
|-miss|p2b: Toxicroak|p1b: Whimsicott
|move|p1a: Toedscruel|Spore|p2b: Toxicroak
|-status|p2b: Toxicroak|slp|[from] move: Spore
|
|upkeep
|
|t:|1757814580
|switch|p2a: Politoed|Politoed, L50, F, shiny|100/100
|-weather|RainDance|[from] ability: Drizzle|[of] p2a: Politoed
|turn|3
|
|t:|1757814596
|cant|p2b: Toxicroak|slp
|move|p2a: Politoed|Surf|p1b: Whimsicott|[spread] p1a,p1b
|-immune|p2b: Toxicroak|[from] ability: Dry Skin
|-resisted|p1b: Whimsicott
|-damage|p1a: Toedscruel|43/100
|-damage|p1b: Whimsicott|74/100
|move|p1a: Toedscruel|Spore|p2a: Politoed
|-status|p2a: Politoed|slp|[from] move: Spore
|move|p1b: Whimsicott|Trick Room|p1b: Whimsicott
|-fieldstart|move: Trick Room|[of] p1b: Whimsicott
|
|-weather|RainDance|[upkeep]
|upkeep
|turn|4
|
|t:|1757814620
|switch|p1a: Torkoal|Torkoal, L50, F, shiny|100/100
|-weather|SunnyDay|[from] ability: Drought|[of] p1a: Torkoal
|cant|p2a: Politoed|slp
|cant|p2b: Toxicroak|slp
|move|p1b: Whimsicott|Moonblast|p2a: Politoed
|-damage|p2a: Politoed|77/100 slp
|
|-weather|SunnyDay|[upkeep]
|-damage|p2b: Toxicroak|88/100 slp|[from] ability: Dry Skin|[of] p2b: Toxicroak
|-heal|p2a: Politoed|83/100 slp|[from] item: Leftovers
|upkeep
|turn|5
|
|t:|1757814650
|-terastallize|p1a: Torkoal|Fire
|move|p1a: Torkoal|Eruption|p2a: Politoed|[spread] p2a,p2b
|-resisted|p2a: Politoed
|-damage|p2a: Politoed|52/100 slp
|-damage|p2b: Toxicroak|0 fnt
|faint|p2b: Toxicroak
|cant|p2a: Politoed|slp
|move|p1b: Whimsicott|Moonblast|p2a: Politoed
|-damage|p2a: Politoed|30/100 slp
|
|-weather|SunnyDay|[upkeep]
|-heal|p2a: Politoed|36/100 slp|[from] item: Leftovers
|upkeep
|turn|6
|
|t:|1757814665
|move|p1a: Torkoal|Eruption|p2a: Politoed
|-resisted|p2a: Politoed
|-damage|p2a: Politoed|0 fnt
|faint|p2a: Politoed
|
|win|GamerFletch
|l|☆Penguin459
|player|p2|
||GamerFletch is ready for game 2.
|inactive|Penguin459 has 30 seconds to confirm battle start!
||Penguin459 is ready for game 2.
|uhtml|next|Next: Game 2 of 3
