|j|☆int shadowbtl
|j|☆INT JAGUARR
|html|int shadowbtlINT JAGUARR    
|uhtml|bestof|Game 3 of a best-of-3
|t:|1784504661
|gametype|doubles
|player|p1|int shadowbtl|266|
|player|p2|INT JAGUARR|ethan|
|gen|9
|tier|[Gen 9 Champions] VGC 2026 Reg M-B (Bo3)
|rule|Species Clause: Limit one of each Pokémon
|rule|Item Clause: Limit 1 of each item
|clearpoke
|poke|p1|Blaziken, L50, F|
|poke|p1|Aerodactyl, L50, M|
|poke|p1|Kingambit, L50, M|
|poke|p1|Basculegion, L50, M|
|poke|p1|Sylveon, L50, F|
|poke|p1|Torkoal, L50, M|
|poke|p2|Gardevoir, L50, F, shiny|
|poke|p2|Maushold, L50, shiny|
|poke|p2|Kingambit, L50, F, shiny|
|poke|p2|Talonflame, L50, F|
|poke|p2|Basculegion, L50, M|
|poke|p2|Kommo-o, L50, F|
|teampreview|4
|showteam|p1|Blaziken||Blazikenite|SpeedBoost|FlareBlitz,CloseCombat,Protect,RockSlide|Adamant||F|||50|]Aerodactyl||Aerodactylite|Unnerve|RockSlide,DualWingbeat,IceFang,Tailwind|Jolly||M|||50|]Kingambit||LifeOrb|Defiant|KowtowCleave,Protect,IronHead,SuckerPunch|Adamant||M|||50|]Basculegion||FocusSash|Adaptability|Liquidation,Protect,LastRespects,AquaJet|Adamant||M|||50|]Sylveon||FairyFeather|Pixilate|HyperVoice,Moonblast,QuickAttack,Protect|Modest||F|||50|]Torkoal||Leftovers|Drought|BurningJealousy,WeatherBall,Protect,Yawn|Relaxed||M|||50|
|showteam|p2|Gardevoir||Gardevoirite|Trace|HyperVoice,Protect,VacuumWave,Psyshock|Modest||F|||50|]Maushold||FocusSash|FriendGuard|FollowMe,Protect,Taunt,SuperFang|Timid|||||50|]Kingambit||BlackGlasses|Defiant|KowtowCleave,Protect,LowKick,SuckerPunch|Adamant||F|||50|]Talonflame||SharpBeak|GaleWings|BraveBird,Protect,Tailwind,QuickGuard|Adamant||F|||50|]Basculegion||ChoiceScarf|Adaptability|WaveCrash,FlipTurn,AquaJet,LastRespects|Jolly||M|||50|]Kommo-o||LifeOrb|Soundproof|ClangingScales,AuraSphere,DracoMeteor,Protect|Modest||F|||50|
|inactive|Battle timer is ON: inactive players will automatically lose when time's up. (requested by INT JAGUARR)
|inactive|int shadowbtl has 60 seconds left.
|inactive|INT JAGUARR has 60 seconds left.
|
|t:|1784504703
|teamsize|p1|4
|teamsize|p2|4
|start
|switch|p1a: Aerodactyl|Aerodactyl, L50, M|100/100
|switch|p1b: Blaziken|Blaziken, L50, F|100/100
|switch|p2a: Gardevoir|Gardevoir, L50, F, shiny|100/100
|switch|p2b: Maushold|Maushold, L50, shiny|100/100
|-ability|p1a: Aerodactyl|Unnerve
|-ability|p2a: Gardevoir|Unnerve|Trace|[from] ability: Trace|[of] p1a: Aerodactyl
|-ability|p2a: Gardevoir|Unnerve
|turn|1
|inactive|int shadowbtl has 30 seconds left.
|inactive|int shadowbtl has 20 seconds left.
|
|t:|1784504742
|detailschange|p2a: Gardevoir|Gardevoir-Mega, L50, F, shiny
|-mega|p2a: Gardevoir|Gardevoir|Gardevoirite
|detailschange|p1b: Blaziken|Blaziken-Mega, L50, F
|-mega|p1b: Blaziken|Blaziken|Blazikenite
|move|p1b: Blaziken|Protect|p1b: Blaziken
|-singleturn|p1b: Blaziken|Protect
|move|p1a: Aerodactyl|Tailwind|p1a: Aerodactyl
|-sidestart|p1: int shadowbtl|move: Tailwind
|move|p2b: Maushold|Super Fang|p1a: Aerodactyl
|-damage|p1a: Aerodactyl|50/100y
|move|p2a: Gardevoir|Hyper Voice|p1a: Aerodactyl|[spread] p1a
|-activate|p1b: Blaziken|move: Protect
|-damage|p1a: Aerodactyl|0 fnt
|faint|p1a: Aerodactyl
|
|-ability|p1b: Blaziken|Speed Boost|boost
|-boost|p1b: Blaziken|spe|1
|upkeep
|
|t:|1784504759
|switch|p1a: Sylveon|Sylveon, L50, F|100/100
|turn|2
|
|t:|1784504772
|move|p2b: Maushold|Follow Me|p2b: Maushold
|-singleturn|p2b: Maushold|move: Follow Me
|move|p1b: Blaziken|Rock Slide|p2b: Maushold|[spread] p2a
|-miss|p1b: Blaziken|p2b: Maushold
|-damage|p2a: Gardevoir|67/100
|move|p1a: Sylveon|Hyper Voice|p2a: Gardevoir|[spread] p2a,p2b
|-damage|p2a: Gardevoir|31/100
|-damage|p2b: Maushold|40/100
|move|p2a: Gardevoir|Psyshock|p1b: Blaziken
|-supereffective|p1b: Blaziken|1
|-damage|p1b: Blaziken|0 fnt
|faint|p1b: Blaziken
|
|upkeep
|
|t:|1784504785
|switch|p1b: Basculegion|Basculegion, L50, M|100/100
|turn|3
|
|t:|1784504800
|move|p2b: Maushold|Protect|p2b: Maushold
|-singleturn|p2b: Maushold|Protect
|move|p2a: Gardevoir|Protect|p2a: Gardevoir
|-singleturn|p2a: Gardevoir|Protect
|move|p1b: Basculegion|Liquidation|p2a: Gardevoir
|-activate|p2a: Gardevoir|move: Protect
|move|p1a: Sylveon|Hyper Voice|p2a: Gardevoir|[spread] 
|-activate|p2a: Gardevoir|move: Protect
|-activate|p2b: Maushold|move: Protect
|
|upkeep
|turn|4
|
|t:|1784504817
|switch|p2b: Basculegion|Basculegion, L50, M|100/100
|move|p1b: Basculegion|Liquidation|p2b: Basculegion
|-resisted|p2b: Basculegion|1
|-damage|p2b: Basculegion|64/100
|move|p1a: Sylveon|Hyper Voice|p2a: Gardevoir|[spread] p2a,p2b
|-damage|p2a: Gardevoir|0 fnt
|-damage|p2b: Basculegion|10/100
|faint|p2a: Gardevoir
|
|-sideend|p1: int shadowbtl|move: Tailwind
|upkeep
|
|t:|1784504827
|switch|p2a: Kingambit|Kingambit, L50, F, shiny|100/100
|turn|5
|inactive|int shadowbtl has 30 seconds left.
|
|t:|1784504861
|switch|p2b: Maushold|Maushold, L50, shiny|40/100
|move|p1b: Basculegion|Aqua Jet|p2a: Kingambit
|-damage|p2a: Kingambit|82/100
|move|p1a: Sylveon|Hyper Voice|p2b: Maushold|[spread] p2a,p2b
|-damage|p2a: Kingambit|41/100
|-damage|p2b: Maushold|0 fnt
|faint|p2b: Maushold
|move|p2a: Kingambit|Kowtow Cleave|p1b: Basculegion
|-supereffective|p1b: Basculegion|1
|-enditem|p1b: Basculegion|Focus Sash
|-damage|p1b: Basculegion|1/100
|
|upkeep
|
|t:|1784504873
|switch|p2b: Basculegion|Basculegion, L50, M|10/100
|turn|6
|
|t:|1784504890
|move|p1b: Basculegion|Protect|p1b: Basculegion
|-singleturn|p1b: Basculegion|Protect
|move|p2b: Basculegion|Aqua Jet|p1a: Sylveon
|-damage|p1a: Sylveon|70/100
|move|p2a: Kingambit|Sucker Punch|p1a: Sylveon
|-resisted|p1a: Sylveon|1
|-damage|p1a: Sylveon|38/100
|move|p1a: Sylveon|Hyper Voice|p2b: Basculegion|[spread] p2a,p2b
|-damage|p2a: Kingambit|0 fnt
|-damage|p2b: Basculegion|0 fnt
|faint|p2a: Kingambit
|faint|p2b: Basculegion
|
|win|int shadowbtl
