|j|☆Trainer Arin
|j|☆ReggioVGC
|html|Trainer ArinReggioVGC    
|uhtml|bestof|Game 2 of a best-of-3
|t:|1756894726
|gametype|doubles
|player|p1|Trainer Arin|pokemonrangerf-gen4|1128
|player|p2|ReggioVGC|lucas|1120
|gen|9
|tier|[Gen 9] VGC 2025 Reg H (Bo3)
|rated|
|rule|Species Clause: Limit one of each Pokémon
|rule|Item Clause: Limit 1 of each item
|clearpoke
|poke|p1|Tyranitar, L50, M|
|poke|p1|Rillaboom, L50, M|
|poke|p1|Flamigo, L50, M|
|poke|p1|Gholdengo, L50|
|poke|p1|Volcarona, L50, M|
|poke|p1|Electabuzz, L50, F|
|poke|p2|Ursaluna, L50, F|
|poke|p2|Kilowattrel, L50, F|
|poke|p2|Gholdengo, L50|
|poke|p2|Incineroar, L50, F|
|poke|p2|Amoonguss, L50, F|
|poke|p2|Porygon2, L50|
|teampreview|4
|showteam|p1|Tyranitar||AssaultVest|SandStream|RockSlide,KnockOff,TeraBlast,LowKick|||M|||50|,,,,,Flying]Rillaboom||MiracleSeed|GrassySurge|FakeOut,WoodHammer,GrassyGlide,Protect|||M|||50|,,,,,Grass]Flamigo||SitrusBerry|Costar|CloseCombat,BraveBird,BulkUp,Protect|||M|||50|,,,,,Ghost]Gholdengo||MetalCoat|GoodasGold|MakeItRain,ShadowBall,NastyPlot,Protect||||||50|,,,,,Steel]Volcarona||GrassySeed|FlameBody|QuiverDance,FieryDance,GigaDrain,Protect|||M|||50|,,,,,Grass]Electabuzz||Eviolite|VitalSpirit|Electroweb,FollowMe,Taunt,Protect|||F|||50|,,,,,Dark
|showteam|p2|Ursaluna||FlameOrb|Guts|Facade,HeadlongRush,Earthquake,Protect|||F|||50|,,,,,Fairy]Kilowattrel||FocusSash|Competitive|Thunderbolt,AirSlash,Tailwind,Protect|||F|||50|,,,,,Ghost]Gholdengo||LifeOrb|GoodasGold|MakeItRain,ShadowBall,NastyPlot,Protect||||||50|,,,,,Flying]Incineroar||AssaultVest|Intimidate|KnockOff,FlareBlitz,Uturn,FakeOut|||F|||50|,,,,,Grass]Amoonguss||SitrusBerry|Regenerator|Spore,RagePowder,SludgeBomb,Protect|||F|||50|,,,,,Water]Porygon2||Eviolite|Download|TeraBlast,IceBeam,Recover,TrickRoom||||||50|,,,,,Fighting
|inactive|Battle timer is ON: inactive players will automatically lose when time's up. (requested by Trainer Arin)
|
|t:|1756894788
|teamsize|p1|4
|teamsize|p2|4
|start
|switch|p1a: Volcarona|Volcarona, L50, M|100/100
|switch|p1b: Rillaboom|Rillaboom, L50, M|100/100
|switch|p2a: Big Bird|Kilowattrel, L50, F|100/100
|switch|p2b: Mr Worldwide|Gholdengo, L50|100/100
|-fieldstart|move: Grassy Terrain|[from] ability: Grassy Surge|[of] p1b: Rillaboom
|-enditem|p1a: Volcarona|Grassy Seed
|-boost|p1a: Volcarona|def|1|[from] item: Grassy Seed
|turn|1
|inactive|ReggioVGC has 30 seconds left.
|inactive|ReggioVGC has 20 seconds left.
|
|t:|1756894827
|-terastallize|p2a: Big Bird|Ghost
|move|p1b: Rillaboom|Fake Out|p2a: Big Bird
|-immune|p2a: Big Bird
|move|p2a: Big Bird|Tailwind|p2a: Big Bird
|-sidestart|p2: ReggioVGC|move: Tailwind
|move|p2b: Mr Worldwide|Shadow Ball|p1a: Volcarona
|-damage|p1a: Volcarona|56/100
|-damage|p2b: Mr Worldwide|91/100|[from] item: Life Orb
|move|p1a: Volcarona|Quiver Dance|p1a: Volcarona
|-boost|p1a: Volcarona|spa|1
|-boost|p1a: Volcarona|spd|1
|-boost|p1a: Volcarona|spe|1
|
|-heal|p2b: Mr Worldwide|97/100|[from] Grassy Terrain
|-heal|p1a: Volcarona|62/100|[from] Grassy Terrain
|upkeep
|turn|2
|inactive|Trainer Arin has 30 seconds left.
|inactive|ReggioVGC has 30 seconds left.
|inactive|ReggioVGC has 20 seconds left.
|
|t:|1756894864
|switch|p1b: Electabuzz|Electabuzz, L50, F|100/100
|move|p1a: Volcarona|Protect|p1a: Volcarona
|-singleturn|p1a: Volcarona|Protect
|move|p2a: Big Bird|Air Slash|p1a: Volcarona
|-activate|p1a: Volcarona|move: Protect
|move|p2b: Mr Worldwide|Nasty Plot|p2b: Mr Worldwide
|-boost|p2b: Mr Worldwide|spa|2
|
|-heal|p2b: Mr Worldwide|100/100|[from] Grassy Terrain
|-heal|p1a: Volcarona|68/100|[from] Grassy Terrain
|upkeep
|turn|3
|inactive|ReggioVGC has 30 seconds left.
|
|t:|1756894891
|move|p1b: Electabuzz|Follow Me|p1b: Electabuzz
|-singleturn|p1b: Electabuzz|move: Follow Me
|move|p2a: Big Bird|Air Slash|p1b: Electabuzz
|-resisted|p1b: Electabuzz
|-damage|p1b: Electabuzz|88/100
|move|p2b: Mr Worldwide|Make It Rain|p1a: Volcarona|[spread] p1a,p1b
|-resisted|p1a: Volcarona
|-resisted|p1b: Electabuzz
|-damage|p1a: Volcarona|32/100
|-damage|p1b: Electabuzz|46/100
|-unboost|p2b: Mr Worldwide|spa|1
|-damage|p2b: Mr Worldwide|91/100|[from] item: Life Orb
|move|p1a: Volcarona|Fiery Dance|p2b: Mr Worldwide
|-supereffective|p2b: Mr Worldwide
|-damage|p2b: Mr Worldwide|0 fnt
|faint|p2b: Mr Worldwide
|
|-heal|p1a: Volcarona|38/100|[from] Grassy Terrain
|-heal|p1b: Electabuzz|52/100|[from] Grassy Terrain
|upkeep
|inactive|ReggioVGC has 30 seconds left.
|
|t:|1756894920
|switch|p2b: Dinko|Ursaluna, L50, F|100/100
|turn|4
|
|t:|1756894944
|-terastallize|p1b: Electabuzz|Dark
|move|p2a: Big Bird|Protect|p2a: Big Bird
|-singleturn|p2a: Big Bird|Protect
|move|p1a: Volcarona|Protect|p1a: Volcarona
|-singleturn|p1a: Volcarona|Protect
|move|p2b: Dinko|Earthquake|p1b: Electabuzz|[spread] p1b
|-activate|p2a: Big Bird|move: Protect
|-activate|p1a: Volcarona|move: Protect
|-damage|p1b: Electabuzz|35/100
|move|p1b: Electabuzz|Electroweb|p2b: Dinko|[spread] 
|-activate|p2a: Big Bird|move: Protect
|-immune|p2b: Dinko
|
|-heal|p1a: Volcarona|44/100|[from] Grassy Terrain
|-heal|p1b: Electabuzz|40/100|[from] Grassy Terrain
|-sideend|p2: ReggioVGC|move: Tailwind
|-status|p2b: Dinko|brn|[from] item: Flame Orb
|upkeep
|turn|5
|inactive|Trainer Arin has 30 seconds left.
|
|t:|1756894976
|move|p2b: Dinko|Protect|p2b: Dinko
|-singleturn|p2b: Dinko|Protect
|move|p2a: Big Bird|Tailwind|p2a: Big Bird
|-sidestart|p2: ReggioVGC|move: Tailwind
|move|p1a: Volcarona|Giga Drain|p2b: Dinko
|-activate|p2b: Dinko|move: Protect
|move|p1b: Electabuzz|Electroweb|p2a: Big Bird|[spread] p2a
|-activate|p2b: Dinko|move: Protect
|-damage|p2a: Big Bird|76/100
|-unboost|p2a: Big Bird|spe|1
|-ability|p2a: Big Bird|Competitive|boost
|-boost|p2a: Big Bird|spa|2
|
|-heal|p2a: Big Bird|82/100|[from] Grassy Terrain
|-heal|p1a: Volcarona|50/100|[from] Grassy Terrain
|-heal|p1b: Electabuzz|46/100|[from] Grassy Terrain
|-damage|p2b: Dinko|95/100 brn|[from] brn
|-fieldend|move: Grassy Terrain
|upkeep
|turn|6
|inactive|ReggioVGC has 30 seconds left.
|inactive|ReggioVGC has 20 seconds left.
|
|t:|1756895013
|move|p1b: Electabuzz|Follow Me|p1b: Electabuzz
|-singleturn|p1b: Electabuzz|move: Follow Me
|move|p2a: Big Bird|Air Slash|p1b: Electabuzz
|-damage|p1b: Electabuzz|0 fnt
|faint|p1b: Electabuzz
|move|p2b: Dinko|Earthquake|p1a: Volcarona|[spread] p2a,p1a
|-damage|p2a: Big Bird|0 fnt
|-damage|p1a: Volcarona|0 fnt
|faint|p2a: Big Bird
|faint|p1a: Volcarona
|
|-damage|p2b: Dinko|89/100 brn|[from] brn
|upkeep
|
|t:|1756895023
|switch|p2a: Pumpy the Grumpy|Incineroar, L50, F, shiny|100/100
|switch|p1b: Tyranitar|Tyranitar, L50, M|100/100
|switch|p1a: Rillaboom|Rillaboom, L50, M|100/100
|-ability|p2a: Pumpy the Grumpy|Intimidate|boost
|-unboost|p1a: Rillaboom|atk|1
|-unboost|p1b: Tyranitar|atk|1
|-fieldstart|move: Grassy Terrain|[from] ability: Grassy Surge|[of] p1a: Rillaboom
|-weather|Sandstorm|[from] ability: Sand Stream|[of] p1b: Tyranitar
|turn|7
|inactive|ReggioVGC has 30 seconds left.
|inactive|Trainer Arin has 30 seconds left.
|inactive|ReggioVGC has 20 seconds left.
|
|t:|1756895062
|move|p2a: Pumpy the Grumpy|Fake Out|p1a: Rillaboom
|-damage|p1a: Rillaboom|88/100
|cant|p1a: Rillaboom|flinch
|move|p2b: Dinko|Headlong Rush|p1b: Tyranitar
|-supereffective|p1b: Tyranitar
|-damage|p1b: Tyranitar|0 fnt
|-unboost|p2b: Dinko|def|1
|-unboost|p2b: Dinko|spd|1
|faint|p1b: Tyranitar
|
|-weather|Sandstorm|[upkeep]
|-damage|p2a: Pumpy the Grumpy|94/100|[from] Sandstorm
|-damage|p1a: Rillaboom|82/100|[from] Sandstorm
|-heal|p2a: Pumpy the Grumpy|100/100|[from] Grassy Terrain
|-heal|p2b: Dinko|95/100 brn|[from] Grassy Terrain
|-heal|p1a: Rillaboom|88/100|[from] Grassy Terrain
|-damage|p2b: Dinko|89/100 brn|[from] brn
|upkeep
|turn|8
|
|t:|1756895082
|move|p2b: Dinko|Protect|p2b: Dinko
|-singleturn|p2b: Dinko|Protect
|move|p1a: Rillaboom|Grassy Glide|p2b: Dinko
|-activate|p2b: Dinko|move: Protect
|move|p2a: Pumpy the Grumpy|Flare Blitz|p1a: Rillaboom
|-supereffective|p1a: Rillaboom
|-damage|p1a: Rillaboom|0 fnt
|faint|p1a: Rillaboom
|-damage|p2a: Pumpy the Grumpy|73/100|[from] Recoil
|
|win|ReggioVGC
||Trainer Arin is ready for game 3.
||ReggioVGC is ready for game 3.
|uhtml|next|Next: Game 3 of 3
|l|☆Trainer Arin
|player|p1|
