|j|☆No.1 Bug Fan
|j|☆Blueflamingo453
|html|No.1 Bug FanBlueflamingo453    
|uhtml|bestof|Game 2 of a best-of-3
|t:|1785432743
|gametype|doubles
|player|p1|No.1 Bug Fan|burgh-masters|1132
|player|p2|Blueflamingo453|265|1030
|gen|9
|tier|[Gen 9 Champions] VGC 2026 Reg M-B (Bo3)
|rated|
|rule|Species Clause: Limit one of each Pokémon
|rule|Item Clause: Limit 1 of each item
|clearpoke
|poke|p1|Floette-Eternal, L50, F|
|poke|p1|Whimsicott, L50, M|
|poke|p1|Basculegion, L50, M|
|poke|p1|Kingambit, L50, F|
|poke|p1|Arcanine-Hisui, L50, M|
|poke|p1|Dragonite, L50, F|
|poke|p2|Staraptor, L50, M, shiny|
|poke|p2|Glimmora, L50, F, shiny|
|poke|p2|Whimsicott, L50, F|
|poke|p2|Kingambit, L50, M, shiny|
|poke|p2|Garchomp, L50, M, shiny|
|poke|p2|Delphox, L50, M, shiny|
|teampreview|4
|showteam|p1|Floette-Eternal||Floettite|FlowerVeil|DazzlingGleam,Moonblast,LightofRuin,Protect|Modest||F|||50|]Whimsicott||FocusSash|Prankster|Moonblast,Tailwind,Encore,Protect|Timid||M|||50|]Basculegion||ChoiceScarf|Adaptability|WaveCrash,AquaJet,FlipTurn,LastRespects|Jolly||M|||50|]Kingambit||BlackGlasses|Defiant|KowtowCleave,SuckerPunch,IronHead,Protect|Adamant||F|||50|]Arcanine-Hisui||SitrusBerry|RockHead|FlareBlitz,RockSlide,HeadSmash,Protect|Jolly||M|||50|]Dragonite||DragonFang|InnerFocus|DragonClaw,ExtremeSpeed,LowKick,Protect|Adamant||F|||50|
|showteam|p2|Staraptor||Staraptite|Intimidate|CloseCombat,BraveBird,Roost,Protect|Jolly||M|||50|]Glimmora||FocusSash|ToxicDebris|PowerGem,SludgeBomb,EarthPower,SpikyShield|Modest||F|||50|]Whimsicott||OccaBerry|Prankster|Tailwind,Moonblast,Charm,LightScreen|Timid||F|||50|]Kingambit||ChopleBerry|Defiant|KowtowCleave,IronHead,LowKick,SuckerPunch|Adamant||M|||50|]Garchomp||ChoiceScarf|RoughSkin|Earthquake,DragonClaw,RockSlide,StompingTantrum|Adamant||M|||50|]Delphox||Delphoxite|Blaze|HeatWave,Psychic,Encore,Protect|Timid||M|||50|
|inactive|Battle timer is ON: inactive players will automatically lose when time's up. (requested by No.1 Bug Fan)
|inactive|Blueflamingo453 has 60 seconds left.
|
|t:|1785432790
|teamsize|p1|4
|teamsize|p2|4
|start
|switch|p1a: Kingambit|Kingambit, L50, F|100/100
|switch|p1b: Whimsicott|Whimsicott, L50, M|100/100
|switch|p2a: Whimsicott|Whimsicott, L50, F|100/100
|switch|p2b: Kingambit|Kingambit, L50, M, shiny|100/100
|turn|1
|inactive|No.1 Bug Fan has 30 seconds left.
|inactive|No.1 Bug Fan has 20 seconds left.
|
|t:|1785432828
|move|p1b: Whimsicott|Protect|p1b: Whimsicott
|-singleturn|p1b: Whimsicott|Protect
|move|p1a: Kingambit|Protect|p1a: Kingambit
|-singleturn|p1a: Kingambit|Protect
|move|p2a: Whimsicott|Tailwind|p2a: Whimsicott
|-sidestart|p2: Blueflamingo453|move: Tailwind
|move|p2b: Kingambit|Iron Head|p1b: Whimsicott
|-activate|p1b: Whimsicott|move: Protect
|
|upkeep
|turn|2
|
|t:|1785432843
|move|p2a: Whimsicott|Light Screen|p2a: Whimsicott
|-sidestart|p2: Blueflamingo453|move: Light Screen
|move|p1b: Whimsicott|Tailwind|p1b: Whimsicott
|-sidestart|p1: No.1 Bug Fan|move: Tailwind
|move|p1a: Kingambit|Iron Head|p2a: Whimsicott
|-supereffective|p2a: Whimsicott|1
|-damage|p2a: Whimsicott|11/100
|move|p2b: Kingambit|Low Kick|p1a: Kingambit
|-supereffective|p1a: Kingambit|2
|-damage|p1a: Kingambit|0 fnt
|faint|p1a: Kingambit
|
|upkeep
|
|t:|1785432862
|switch|p1a: Floette|Floette-Eternal, L50, F|100/100
|turn|3
|
|t:|1785432891
|switch|p2a: Glimmora|Glimmora, L50, F, shiny|100/100
|detailschange|p1a: Floette|Floette-Mega, L50, F
|-mega|p1a: Floette|Floette|Floettite
|-ability|p1a: Floette|Fairy Aura
|move|p1a: Floette|Protect|p1a: Floette
|-singleturn|p1a: Floette|Protect
|move|p1b: Whimsicott|Encore||[still]
|-fail|p1b: Whimsicott
|move|p2b: Kingambit|Iron Head|p1a: Floette
|-activate|p1a: Floette|move: Protect
|
|upkeep
|turn|4
|
|t:|1785432911
|switch|p1a: Basculegion|Basculegion, L50, M|100/100
|move|p1b: Whimsicott|Moonblast|p2a: Glimmora
|-resisted|p2a: Glimmora|1
|-damage|p2a: Glimmora|85/100
|move|p2a: Glimmora|Sludge Bomb|p1b: Whimsicott
|-supereffective|p1b: Whimsicott|2
|-enditem|p1b: Whimsicott|Focus Sash
|-damage|p1b: Whimsicott|1/100
|move|p2b: Kingambit|Iron Head|p1a: Basculegion
|-resisted|p1a: Basculegion|1
|-damage|p1a: Basculegion|71/100
|
|-sideend|p2: Blueflamingo453|move: Tailwind
|upkeep
|turn|5
|inactive|No.1 Bug Fan has 30 seconds left.
|inactive|No.1 Bug Fan has 20 seconds left.
|
|t:|1785432948
|move|p1a: Basculegion|Aqua Jet|p2a: Glimmora
|-supereffective|p2a: Glimmora|1
|-damage|p2a: Glimmora|17/100
|-activate|p2a: Glimmora|ability: Toxic Debris
|-sidestart|p1: No.1 Bug Fan|move: Toxic Spikes
|move|p2b: Kingambit|Sucker Punch||[still]
|-fail|p2b: Kingambit
|move|p1b: Whimsicott|Moonblast|p2b: Kingambit
|-damage|p2b: Kingambit|75/100
|move|p2a: Glimmora|Sludge Bomb|p1b: Whimsicott
|-supereffective|p1b: Whimsicott|2
|-damage|p1b: Whimsicott|0 fnt
|faint|p1b: Whimsicott
|
|-sideend|p1: No.1 Bug Fan|move: Tailwind
|upkeep
|
|t:|1785432952
|switch|p1b: Floette|Floette-Mega, L50, F|100/100
|-status|p1b: Floette|psn
|-ability|p1b: Floette|Fairy Aura
|turn|6
|inactive|Blueflamingo453 has 30 seconds left.
|
|t:|1785432978
|move|p1a: Basculegion|Aqua Jet|p2a: Glimmora
|-supereffective|p2a: Glimmora|1
|-crit|p2a: Glimmora
|-damage|p2a: Glimmora|0 fnt
|-activate|p2a: Glimmora|ability: Toxic Debris
|-sidestart|p1: No.1 Bug Fan|move: Toxic Spikes
|faint|p2a: Glimmora
|move|p1b: Floette|Light of Ruin|p2b: Kingambit
|-damage|p2b: Kingambit|1/100
|-damage|p1b: Floette|56/100 psn|[from] Recoil
|move|p2b: Kingambit|Kowtow Cleave|p1a: Basculegion
|-supereffective|p1a: Basculegion|1
|-damage|p1a: Basculegion|0 fnt
|faint|p1a: Basculegion
|
|-damage|p1b: Floette|44/100 psn|[from] psn
|-sideend|p2: Blueflamingo453|move: Light Screen
|upkeep
|
|t:|1785432987
|switch|p2a: Whimsicott|Whimsicott, L50, F|11/100
|turn|7
|-message|No.1 Bug Fan forfeited.
|
|win|Blueflamingo453
