|j|☆mozzarella1234
|j|☆pinkey569
|html|mozzarella1234pinkey569    
|uhtml|bestof|Game 2 of a best-of-3
|t:|1756600012
|gametype|doubles
|player|p1|mozzarella1234|cynthia-gen4|1000
|player|p2|pinkey569|102|1053
|gen|9
|tier|[Gen 9] VGC 2025 Reg H (Bo3)
|rated|
|rule|Species Clause: Limit one of each Pokémon
|rule|Item Clause: Limit 1 of each item
|clearpoke
|poke|p1|Torkoal, L50, M|
|poke|p1|Charizard, L50, M|
|poke|p1|Jumpluff, L50, F|
|poke|p1|Porygon2, L50|
|poke|p1|Ursaluna, L50, M|
|poke|p1|Incineroar, L50, F|
|poke|p2|Tyranitar, L50, F|
|poke|p2|Dragonite, L50, M|
|poke|p2|Excadrill, L50, F|
|poke|p2|Volcarona, L50, M|
|poke|p2|Kilowattrel, L50, F|
|poke|p2|Indeedee, L50, M|
|teampreview|4
|showteam|p1|Torkoal||Charcoal|Drought|Eruption,Overheat,Protect,HeatWave|||M|||50|,,,,,Fire]Charizard||LifeOrb|SolarPower|AirSlash,HeatWave,Protect,WeatherBall|||M|||50|,,,,,Grass]Jumpluff||CovertCloak|Chlorophyll|Tailwind,SunnyDay,Encore,HelpingHand|||F|||50|,,,,,Ghost]Porygon2||Eviolite|Download|TrickRoom,Recover,IceBeam,Thunderbolt||||||50|,,,,,Flying]Ursaluna||FlameOrb|Guts|Facade,Earthquake,HeadlongRush,Protect|||M|||50|,,,,,Ghost]Incineroar||SitrusBerry|Intimidate|FakeOut,PartingShot,WillOWisp,KnockOff|||F|||50|,,,,,Grass
|showteam|p2|Tyranitar||AssaultVest|SandStream|RockSlide,KnockOff,TeraBlast,LowKick|||F|||50|,,,,,Flying]Dragonite||LoadedDice|Multiscale|Protect,ThunderWave,Roar,ScaleShot|||M|||50|,,,,,Fairy]Excadrill||LifeOrb|SandRush|Protect,Earthquake,IronHead,TeraBlast|||F|||50|,,,,,Fairy]Volcarona||SitrusBerry|FlameBody|Tailwind,RagePowder,Overheat,StruggleBug|||M|||50|,,,,,Grass]Kilowattrel||ChoiceSpecs|Competitive|Thunderbolt,Discharge,AirSlash,WeatherBall|||F|||50|,,,,,Ghost]Indeedee||FocusSash|PsychicSurge|TrickRoom,HelpingHand,ExpandingForce,TeraBlast|||M|||50|,,,,,Psychic
|
|t:|1756600093
|teamsize|p1|4
|teamsize|p2|4
|start
|switch|p1a: Torkoal|Torkoal, L50, M|100/100
|switch|p1b: Jumpluff|Jumpluff, L50, F|100/100
|switch|p2a: Volcarona|Volcarona, L50, M|100/100
|switch|p2b: Dragonite|Dragonite, L50, M|100/100
|-weather|SunnyDay|[from] ability: Drought|[of] p1a: Torkoal
|turn|1
|
|t:|1756600128
|switch|p1a: Incineroar|Incineroar, L50, F|100/100
|-ability|p1a: Incineroar|Intimidate|boost
|-unboost|p2a: Volcarona|atk|1
|-unboost|p2b: Dragonite|atk|1
|move|p1b: Jumpluff|Tailwind|p1b: Jumpluff
|-sidestart|p1: mozzarella1234|move: Tailwind
|move|p2a: Volcarona|Struggle Bug|p1b: Jumpluff|[spread] p1a,p1b
|-damage|p1a: Incineroar|87/100
|-damage|p1b: Jumpluff|81/100
|-unboost|p1a: Incineroar|spa|1
|move|p2b: Dragonite|Scale Shot|p1a: Incineroar
|-damage|p1a: Incineroar|78/100
|-damage|p1a: Incineroar|69/100
|-damage|p1a: Incineroar|60/100
|-damage|p1a: Incineroar|50/100
|-enditem|p1a: Incineroar|Sitrus Berry|[eat]
|-heal|p1a: Incineroar|75/100|[from] item: Sitrus Berry
|-hitcount|p1a: Incineroar|4
|-unboost|p2b: Dragonite|def|1
|-boost|p2b: Dragonite|spe|1
|
|-weather|SunnyDay|[upkeep]
|upkeep
|turn|2
|
|t:|1756600192
|-terastallize|p2a: Volcarona|Grass
|move|p2b: Dragonite|Protect|p2b: Dragonite
|-singleturn|p2b: Dragonite|Protect
|move|p1b: Jumpluff|Encore|p2a: Volcarona
|-start|p2a: Volcarona|Encore
|move|p1a: Incineroar|Will-O-Wisp|p2b: Dragonite
|-activate|p2b: Dragonite|move: Protect
|move|p2a: Volcarona|Struggle Bug|p1b: Jumpluff|[spread] p1a,p1b
|-damage|p1a: Incineroar|63/100
|-damage|p1b: Jumpluff|62/100
|-unboost|p1a: Incineroar|spa|1
|
|-weather|SunnyDay|[upkeep]
|upkeep
|turn|3
|
|t:|1756600226
|switch|p2b: Excadrill|Excadrill, L50, F|100/100
|switch|p2a: Tyranitar|Tyranitar, L50, F|100/100
|-weather|Sandstorm|[from] ability: Sand Stream|[of] p2a: Tyranitar
|move|p1b: Jumpluff|Encore||[still]
|-fail|p1b: Jumpluff
|move|p1a: Incineroar|Will-O-Wisp|p2b: Excadrill
|-status|p2b: Excadrill|brn
|
|-weather|Sandstorm|[upkeep]
|-damage|p1b: Jumpluff|56/100|[from] Sandstorm
|-damage|p1a: Incineroar|57/100|[from] Sandstorm
|-damage|p2b: Excadrill|95/100 brn|[from] brn
|upkeep
|turn|4
|
|t:|1756600253
|move|p1b: Jumpluff|Sunny Day|p1b: Jumpluff
|-weather|SunnyDay
|move|p1a: Incineroar|Will-O-Wisp|p2a: Tyranitar
|-status|p2a: Tyranitar|brn
|move|p2b: Excadrill|Tera Blast|p1a: Incineroar
|-damage|p1a: Incineroar|47/100
|-damage|p2b: Excadrill|85/100 brn|[from] item: Life Orb
|move|p2a: Tyranitar|Rock Slide|p1b: Jumpluff|[spread] p1a,p1b
|-supereffective|p1a: Incineroar
|-supereffective|p1b: Jumpluff
|-damage|p1a: Incineroar|16/100
|-damage|p1b: Jumpluff|11/100
|
|-weather|SunnyDay|[upkeep]
|-damage|p2b: Excadrill|79/100 brn|[from] brn
|-damage|p2a: Tyranitar|95/100 brn|[from] brn
|-sideend|p1: mozzarella1234|move: Tailwind
|upkeep
|turn|5
|
|t:|1756600287
|move|p1b: Jumpluff|Tailwind|p1b: Jumpluff
|-sidestart|p1: mozzarella1234|move: Tailwind
|move|p1a: Incineroar|Parting Shot|p2b: Excadrill
|-unboost|p2b: Excadrill|atk|1
|-unboost|p2b: Excadrill|spa|1
|
|t:|1756600299
|switch|p1a: Charizard|Charizard, L50, M|100/100|[from] Parting Shot
|move|p2b: Excadrill|Tera Blast|p1a: Charizard
|-crit|p1a: Charizard
|-damage|p1a: Charizard|75/100
|-damage|p2b: Excadrill|69/100 brn|[from] item: Life Orb
|move|p2a: Tyranitar|Rock Slide|p1b: Jumpluff|[spread] p1a,p1b
|-supereffective|p1a: Charizard
|-supereffective|p1b: Jumpluff
|-damage|p1a: Charizard|0 fnt
|-damage|p1b: Jumpluff|0 fnt
|faint|p1a: Charizard
|faint|p1b: Jumpluff
|
|-weather|SunnyDay|[upkeep]
|-damage|p2b: Excadrill|63/100 brn|[from] brn
|-damage|p2a: Tyranitar|89/100 brn|[from] brn
|upkeep
|
|t:|1756600316
|switch|p1b: Torkoal|Torkoal, L50, M|100/100
|switch|p1a: Incineroar|Incineroar, L50, F|16/100
|-ability|p1a: Incineroar|Intimidate|boost
|-unboost|p2a: Tyranitar|atk|1
|-unboost|p2b: Excadrill|atk|1
|turn|6
|
|t:|1756600331
|-terastallize|p1b: Torkoal|Fire
|move|p1a: Incineroar|Knock Off|p2a: Tyranitar
|-resisted|p2a: Tyranitar
|-damage|p2a: Tyranitar|73/100 brn
|-enditem|p2a: Tyranitar|Assault Vest|[from] move: Knock Off|[of] p1a: Incineroar
|move|p2b: Excadrill|Iron Head|p1b: Torkoal
|-resisted|p1b: Torkoal
|-damage|p1b: Torkoal|95/100
|-damage|p2b: Excadrill|54/100 brn|[from] item: Life Orb
|move|p2a: Tyranitar|Rock Slide|p1a: Incineroar|[spread] p1b
|-miss|p2a: Tyranitar|p1a: Incineroar
|-supereffective|p1b: Torkoal
|-damage|p1b: Torkoal|80/100
|move|p1b: Torkoal|Eruption|p2b: Excadrill|[spread] p2a,p2b
|-resisted|p2a: Tyranitar
|-supereffective|p2b: Excadrill
|-damage|p2a: Tyranitar|34/100 brn
|-damage|p2b: Excadrill|0 fnt
|faint|p2b: Excadrill
|
|-weather|SunnyDay|[upkeep]
|-damage|p2a: Tyranitar|28/100 brn|[from] brn
|upkeep
|
|t:|1756600368
|switch|p2b: Volcarona|Volcarona, L50, M, tera:Grass|100/100
|turn|7
|
|t:|1756600396
|move|p2b: Volcarona|Rage Powder|p2b: Volcarona
|-singleturn|p2b: Volcarona|move: Rage Powder
|move|p1a: Incineroar|Knock Off|p2b: Volcarona
|-damage|p2b: Volcarona|58/100
|-enditem|p2b: Volcarona|Sitrus Berry|[from] move: Knock Off|[of] p1a: Incineroar
|move|p2a: Tyranitar|Rock Slide|p1b: Torkoal|[spread] p1a
|-miss|p2a: Tyranitar|p1b: Torkoal
|-supereffective|p1a: Incineroar
|-damage|p1a: Incineroar|0 fnt
|faint|p1a: Incineroar
|move|p1b: Torkoal|Heat Wave|p2b: Volcarona|[spread] p2a,p2b
|-resisted|p2a: Tyranitar
|-supereffective|p2b: Volcarona
|-damage|p2a: Tyranitar|0 fnt
|-damage|p2b: Volcarona|0 fnt
|faint|p2a: Tyranitar
|faint|p2b: Volcarona
|
|-weather|SunnyDay|[upkeep]
|upkeep
|
|t:|1756600406
|switch|p2a: Dragonite|Dragonite, L50, M|100/100
|turn|8
|
|t:|1756600419
|move|p2a: Dragonite|Protect|p2a: Dragonite
|-singleturn|p2a: Dragonite|Protect
|move|p1b: Torkoal|Protect||[still]
|-fail|p1b: Torkoal
|
|-weather|none
|-sideend|p1: mozzarella1234|move: Tailwind
|upkeep
|turn|9
|
|t:|1756600445
|move|p2a: Dragonite|Scale Shot|p1b: Torkoal
|-damage|p1b: Torkoal|68/100
|-damage|p1b: Torkoal|57/100
|-damage|p1b: Torkoal|46/100
|-crit|p1b: Torkoal
|-damage|p1b: Torkoal|29/100
|-hitcount|p1b: Torkoal|4
|-unboost|p2a: Dragonite|def|1
|-boost|p2a: Dragonite|spe|1
|move|p1b: Torkoal|Overheat|p2a: Dragonite
|-resisted|p2a: Dragonite
|-damage|p2a: Dragonite|78/100
|-unboost|p1b: Torkoal|spa|2
|
|upkeep
|turn|10
|
|t:|1756600459
|move|p2a: Dragonite|Scale Shot|p1b: Torkoal
|-damage|p1b: Torkoal|18/100
|-damage|p1b: Torkoal|6/100
|-damage|p1b: Torkoal|0 fnt
|faint|p1b: Torkoal
|-hitcount|p1: Torkoal|3
|
|win|pinkey569
|l|☆mozzarella1234
|player|p1|
||mozzarella1234 is ready for game 3.
|inactive|pinkey569 has 30 seconds to confirm battle start!
||pinkey569 is ready for game 3.
|uhtml|next|Next: Game 3 of 3
