|j|☆cloudlime
|j|☆boncuss
|html|cloudlimeboncuss    
|uhtml|bestof|Game 1 of a best-of-3
|t:|1757831532
|gametype|doubles
|player|p1|cloudlime|miku-water|1192
|player|p2|boncuss|wattson|1208
|gen|9
|tier|[Gen 9] VGC 2025 Reg H (Bo3)
|rated|
|rule|Species Clause: Limit one of each Pokémon
|rule|Item Clause: Limit 1 of each item
|clearpoke
|poke|p1|Indeedee-F, L50, F|
|poke|p1|Rillaboom, L50, F|
|poke|p1|Ursaluna, L50, F|
|poke|p1|Torkoal, L50, M|
|poke|p1|Crabominable, L50, M|
|poke|p1|Hatterene, L50, F|
|poke|p2|Garganacl, L50, F|
|poke|p2|Tyranitar, L50, M|
|poke|p2|Glimmora, L50, F|
|poke|p2|Talonflame, L50, M|
|poke|p2|Excadrill, L50, F|
|poke|p2|Gastrodon, L50, F|
|teampreview|4
|showteam|p1|Indeedee-F||RockyHelmet|PsychicSurge|FollowMe,HelpingHand,TrickRoom,DazzlingGleam|||F|||50|,,,,,Ghost]Rillaboom||AssaultVest|GrassySurge|FakeOut,WoodHammer,HighHorsepower,KnockOff|||F|||50|,,,,,Fire]Ursaluna||FlameOrb|Guts|Facade,HeadlongRush,Curse,Taunt|||F|||50|,,,,,Ghost]Torkoal||Charcoal|Drought|Eruption,HeatWave,WeatherBall,ClearSmog|||M|||50|,,,,,Ghost]Crabominable||CovertCloak|HyperCutter|IceHammer,CloseCombat,WideGuard,KnockOff|||M|||50|,,,,,Water]Hatterene||LifeOrb|MagicBounce|ExpandingForce,DazzlingGleam,TrickRoom,MysticalFire|||F|||50|,,,,,Fire
|showteam|p2|Garganacl||Leftovers|PurifyingSalt|SaltCure,Curse,WideGuard,Recover|||F|||50|,,,,,Ghost]Tyranitar||AssaultVest|SandStream|RockSlide,KnockOff,LashOut,IcePunch|||M|||50|,,,,,Flying]Glimmora||PowerHerb|ToxicDebris|MeteorBeam,SpikyShield,SludgeBomb,EarthPower|||F|||50|,,,,,Grass]Talonflame||CovertCloak|GaleWings|DualWingbeat,FlareBlitz,Tailwind,WillOWisp|||M|||50|,,,,,Flying]Excadrill||SitrusBerry|SandRush|IronHead,Earthquake,SwordsDance,Protect|||F|||50|,,,,,Ghost]Gastrodon||LifeOrb|StormDrain|EarthPower,MuddyWater,IceBeam,Protect|||F|||50|,,,,,Fire
|inactive|Battle timer is ON: inactive players will automatically lose when time's up. (requested by boncuss)
|inactive|cloudlime has 60 seconds left.
|
|t:|1757831565
|teamsize|p1|4
|teamsize|p2|4
|start
|switch|p1a: Hatterene|Hatterene, L50, F|100/100
|switch|p1b: Indeedee|Indeedee-F, L50, F|100/100
|switch|p2a: Tyranitar|Tyranitar, L50, M|100/100
|switch|p2b: Glimmora|Glimmora, L50, F|100/100
|-weather|Sandstorm|[from] ability: Sand Stream|[of] p2a: Tyranitar
|-fieldstart|move: Psychic Terrain|[from] ability: Psychic Surge|[of] p1b: Indeedee
|turn|1
|inactive|cloudlime has 30 seconds left.
|inactive|boncuss has 30 seconds left.
|inactive|cloudlime has 20 seconds left.
|inactive|cloudlime has 15 seconds left.
|inactive|cloudlime has 10 seconds left.
|
|t:|1757831612
|switch|p2b: Garganacl|Garganacl, L50, F|100/100
|switch|p1b: Crabominable|Crabominable, L50, M|100/100
|move|p2a: Tyranitar|Rock Slide|p1a: Hatterene|[spread] p1a,p1b
|-damage|p1a: Hatterene|63/100
|-damage|p1b: Crabominable|55/100
|move|p1a: Hatterene|Trick Room|p1a: Hatterene
|-fieldstart|move: Trick Room|[of] p1a: Hatterene
|
|-weather|Sandstorm|[upkeep]
|-damage|p1a: Hatterene|57/100|[from] Sandstorm
|-damage|p1b: Crabominable|49/100|[from] Sandstorm
|upkeep
|turn|2
|inactive|cloudlime has 30 seconds left.
|inactive|boncuss has 30 seconds left.
|inactive|cloudlime has 20 seconds left.
|inactive|boncuss has 20 seconds left.
|inactive|cloudlime has 15 seconds left.
|inactive|boncuss has 15 seconds left.
|inactive|cloudlime has 10 seconds left.
|inactive|boncuss has 10 seconds left.
|
|t:|1757831665
|switch|p1a: Ursaluna|Ursaluna, L50, F|100/100
|-terastallize|p2a: Tyranitar|Flying
|move|p2b: Garganacl|Salt Cure|p1a: Ursaluna
|-resisted|p1a: Ursaluna
|-damage|p1a: Ursaluna|95/100
|-start|p1a: Ursaluna|Salt Cure
|move|p1b: Crabominable|Close Combat|p2a: Tyranitar
|-resisted|p2a: Tyranitar
|-damage|p2a: Tyranitar|72/100
|-unboost|p1b: Crabominable|def|1
|-unboost|p1b: Crabominable|spd|1
|move|p2a: Tyranitar|Rock Slide|p1a: Ursaluna|[spread] p1a,p1b
|-resisted|p1a: Ursaluna
|-damage|p1a: Ursaluna|81/100
|-damage|p1b: Crabominable|0 fnt
|faint|p1b: Crabominable
|
|-weather|Sandstorm|[upkeep]
|-damage|p2a: Tyranitar|67/100|[from] Sandstorm
|-damage|p1a: Ursaluna|69/100|[from] Salt Cure
|-status|p1a: Ursaluna|brn|[from] item: Flame Orb
|upkeep
|inactive|cloudlime has 30 seconds left.
|
|t:|1757831695
|switch|p1b: Hatterene|Hatterene, L50, F|57/100
|turn|3
|
|t:|1757831717
|move|p2b: Garganacl|Wide Guard|p2b: Garganacl
|-singleturn|p2b: Garganacl|Wide Guard
|move|p1b: Hatterene|Expanding Force|p2a: Tyranitar|[spread] 
|-activate|p2a: Tyranitar|move: Wide Guard
|-activate|p2b: Garganacl|move: Wide Guard
|move|p1a: Ursaluna|Facade|p2a: Tyranitar
|-damage|p2a: Tyranitar|0 fnt
|faint|p2a: Tyranitar
|
|-weather|Sandstorm|[upkeep]
|-damage|p1b: Hatterene|51/100|[from] Sandstorm
|-damage|p1a: Ursaluna|63/100 brn|[from] brn
|-damage|p1a: Ursaluna|51/100 brn|[from] Salt Cure
|upkeep
|
|t:|1757831728
|switch|p2a: Gastrodon|Gastrodon, L50, F|100/100
|turn|4
|inactive|cloudlime has 30 seconds left.
|
|t:|1757831760
|move|p2b: Garganacl|Wide Guard|p2b: Garganacl
|-singleturn|p2b: Garganacl|Wide Guard
|move|p1b: Hatterene|Expanding Force|p2b: Garganacl|[spread] 
|-activate|p2a: Gastrodon|move: Wide Guard
|-activate|p2b: Garganacl|move: Wide Guard
|move|p2a: Gastrodon|Muddy Water|p1a: Ursaluna|[spread] 
|-miss|p2a: Gastrodon|p1a: Ursaluna
|-miss|p2a: Gastrodon|p1b: Hatterene
|move|p1a: Ursaluna|Headlong Rush|p2b: Garganacl
|-supereffective|p2b: Garganacl
|-damage|p2b: Garganacl|0 fnt
|-unboost|p1a: Ursaluna|def|1
|-unboost|p1a: Ursaluna|spd|1
|faint|p2b: Garganacl
|
|-weather|Sandstorm|[upkeep]
|-damage|p1b: Hatterene|45/100|[from] Sandstorm
|-damage|p1a: Ursaluna|45/100 brn|[from] brn
|-damage|p1a: Ursaluna|33/100 brn|[from] Salt Cure
|upkeep
|
|t:|1757831772
|switch|p2b: Glimmora|Glimmora, L50, F|100/100
|turn|5
|inactive|cloudlime has 30 seconds left.
|
|t:|1757831802
|switch|p1a: Indeedee|Indeedee-F, L50, F|100/100
|move|p2a: Gastrodon|Protect|p2a: Gastrodon
|-singleturn|p2a: Gastrodon|Protect
|move|p2b: Glimmora|Spiky Shield|p2b: Glimmora
|-singleturn|p2b: Glimmora|move: Protect
|move|p1b: Hatterene|Expanding Force|p2b: Glimmora|[spread] 
|-activate|p2a: Gastrodon|move: Protect
|-activate|p2b: Glimmora|move: Protect
|
|-weather|none
|-fieldend|move: Trick Room
|-fieldend|move: Psychic Terrain
|upkeep
|turn|6
|inactive|cloudlime has 30 seconds left.
|inactive|boncuss has 30 seconds left.
|inactive|cloudlime has 20 seconds left.
|inactive|boncuss has 20 seconds left.
|inactive|cloudlime has 15 seconds left.
|
|t:|1757831846
|move|p1a: Indeedee|Follow Me|p1a: Indeedee
|-singleturn|p1a: Indeedee|move: Follow Me
|move|p2b: Glimmora|Meteor Beam||[still]
|-prepare|p2b: Glimmora|Meteor Beam
|-boost|p2b: Glimmora|spa|1
|-enditem|p2b: Glimmora|Power Herb
|-anim|p2b: Glimmora|Meteor Beam|p1a: Indeedee
|-damage|p1a: Indeedee|24/100
|move|p2a: Gastrodon|Muddy Water|p1b: Hatterene|[spread] p1a,p1b
|-damage|p1a: Indeedee|0 fnt
|-damage|p1b: Hatterene|2/100
|faint|p1a: Indeedee
|-damage|p2a: Gastrodon|91/100|[from] item: Life Orb
|move|p1b: Hatterene|Trick Room|p1b: Hatterene
|-fieldstart|move: Trick Room|[of] p1b: Hatterene
|
|upkeep
|
|t:|1757831858
|switch|p1a: Ursaluna|Ursaluna, L50, F|33/100 brn
|turn|7
|inactive|cloudlime has 30 seconds left.
|
|t:|1757831890
|-terastallize|p1a: Ursaluna|Ghost
|move|p1b: Hatterene|Expanding Force|p2a: Gastrodon
|-damage|p2a: Gastrodon|21/100
|-damage|p1b: Hatterene|0 fnt|[from] item: Life Orb
|faint|p1b: Hatterene
|move|p2a: Gastrodon|Ice Beam|p1a: Ursaluna
|-damage|p1a: Ursaluna|6/100 brn
|-damage|p2a: Gastrodon|12/100|[from] item: Life Orb
|move|p1a: Ursaluna|Facade|p2a: Gastrodon
|-damage|p2a: Gastrodon|0 fnt
|faint|p2a: Gastrodon
|move|p2b: Glimmora|Earth Power|p1a: Ursaluna
|-damage|p1a: Ursaluna|0 fnt
|faint|p1a: Ursaluna
|
|win|boncuss
|inactive|cloudlime has 30 seconds to confirm battle start!
|inactive|boncuss has 30 seconds to confirm battle start!
||cloudlime is ready for game 2.
||boncuss is ready for game 2.
|uhtml|next|Next: Game 2 of 3
