|j|☆robbie0301
|j|☆Miggle SoCal
|html|robbie0301Miggle SoCal    
|uhtml|bestof|Game 1 of a best-of-3
|t:|1785448789
|gametype|doubles
|player|p1|robbie0301|iono|
|player|p2|Miggle SoCal|lucas|
|gen|9
|tier|[Gen 9 Champions] VGC 2026 Reg M-B (Bo3)
|rule|Species Clause: Limit one of each Pokémon
|rule|Item Clause: Limit 1 of each item
|clearpoke
|poke|p1|Garchomp, L50, M|
|poke|p1|Tyranitar, L50, M|
|poke|p1|Corviknight, L50, M|
|poke|p1|Milotic, L50, M|
|poke|p1|Sinistcha, L50|
|poke|p1|Ceruledge, L50, F|
|poke|p2|Tyranitar, L50, M|
|poke|p2|Excadrill, L50, M|
|poke|p2|Milotic, L50, M|
|poke|p2|Sinistcha, L50|
|poke|p2|Staraptor, L50, M|
|poke|p2|Gholdengo, L50|
|teampreview|4
|showteam|p1|Garchomp||Garchompite|RoughSkin|EarthPower,DracoMeteor,PowerGem,Protect|Modest||M|||50|]Tyranitar||ChoiceScarf|SandStream|KnockOff,RockSlide,IcePunch,LowKick|Jolly||M|||50|]Corviknight||LifeOrb|MirrorArmor|BraveBird,IronHead,Tailwind,Protect|Jolly||M|||50|]Milotic||SitrusBerry|Competitive|Scald,IcyWind,Haze,Protect|Bold||M|||50|]Sinistcha||KasibBerry|Hospitality|MatchaGotcha,RagePowder,TrickRoom,Protect|Bold|||||50|]Ceruledge||ColburBerry|FlashFire|BitterBlade,ShadowSneak,BulkUp,Protect|Adamant||F|||50|
|showteam|p2|Tyranitar||Tyranitarite|SandStream|KnockOff,RockSlide,HighHorsepower,Protect|Jolly||M|||50|]Excadrill||FocusSash|SandRush|Earthquake,IronHead,RockSlide,Protect|Adamant||M|||50|]Milotic||SitrusBerry|Competitive|Scald,IcyWind,Haze,Protect|Calm||M|||50|]Sinistcha||ColburBerry|Hospitality|MatchaGotcha,ShadowBall,Protect,RagePowder|Bold|||||50|]Staraptor||Staraptite|Intimidate|CloseCombat,BraveBird,Tailwind,Protect|Jolly||M|||50|]Gholdengo||LifeOrb|GoodasGold|MakeItRain,ShadowBall,NastyPlot,Protect|Modest|||||50|
|c|☆robbie0301|gl hf!
|j| celaerity
|j| LelloCartello
|
|t:|1785448856
|teamsize|p1|4
|teamsize|p2|4
|start
|switch|p1a: Corviknight|Corviknight, L50, M|100/100
|switch|p1b: Tyranitar|Tyranitar, L50, M|100/100
|switch|p2a: Staraptor|Staraptor, L50, M|100/100
|switch|p2b: Gholdengo|Gholdengo, L50|100/100
|-weather|Sandstorm|[from] ability: Sand Stream|[of] p1b: Tyranitar
|-ability|p2a: Staraptor|Intimidate|boost
|-ability|p1a: Corviknight|Mirror Armor
|-unboost|p2a: Staraptor|atk|1
|-unboost|p1b: Tyranitar|atk|1
|turn|1
|
|t:|1785448908
|switch|p1b: Garchomp|Garchomp, L50, M|100/100
|move|p2a: Staraptor|Protect|p2a: Staraptor
|-singleturn|p2a: Staraptor|Protect
|move|p2b: Gholdengo|Protect|p2b: Gholdengo
|-singleturn|p2b: Gholdengo|Protect
|move|p1a: Corviknight|Tailwind|p1a: Corviknight
|-sidestart|p1: robbie0301|move: Tailwind
|
|-weather|Sandstorm|[upkeep]
|-damage|p2a: Staraptor|94/100|[from] Sandstorm
|upkeep
|turn|2
|
|t:|1785448955
|switch|p2b: Sinistcha|Sinistcha, L50|100/100
|-heal|p2a: Staraptor|100/100|[from] ability: Hospitality|[of] p2b: Sinistcha
|detailschange|p1b: Garchomp|Garchomp-Mega, L50, M
|-mega|p1b: Garchomp|Garchomp|Garchompite
|detailschange|p2a: Staraptor|Staraptor-Mega, L50, M
|-mega|p2a: Staraptor|Staraptor|Staraptite
|move|p1b: Garchomp|Earth Power|p2b: Sinistcha
|-resisted|p2b: Sinistcha|1
|-damage|p2b: Sinistcha|65/100
|move|p1a: Corviknight|Brave Bird|p2a: Staraptor
|-supereffective|p2a: Staraptor|1
|-damage|p2a: Staraptor|0 fnt
|faint|p2a: Staraptor
|-damage|p1a: Corviknight|65/100|[from] Recoil
|-damage|p1a: Corviknight|55/100|[from] item: Life Orb
|
|-weather|Sandstorm|[upkeep]
|-damage|p2b: Sinistcha|60/100|[from] Sandstorm
|upkeep
|
|t:|1785448970
|switch|p2a: Milotic|Milotic, L50, M|100/100
|turn|3
|
|t:|1785448983
|switch|p1b: Sinistcha|Sinistcha, L50|100/100
|-heal|p1a: Corviknight|80/100|[from] ability: Hospitality|[of] p1b: Sinistcha
|move|p1a: Corviknight|Brave Bird|p2a: Milotic
|-damage|p2a: Milotic|42/100
|-enditem|p2a: Milotic|Sitrus Berry|[eat]
|-heal|p2a: Milotic|66/100|[from] item: Sitrus Berry
|-damage|p1a: Corviknight|60/100|[from] Recoil
|-damage|p1a: Corviknight|50/100g|[from] item: Life Orb
|move|p2a: Milotic|Icy Wind|p1b: Sinistcha|[spread] p1a,p1b
|-supereffective|p1b: Sinistcha|1
|-damage|p1a: Corviknight|39/100
|-damage|p1b: Sinistcha|81/100
|-ability|p1a: Corviknight|Mirror Armor
|-unboost|p2a: Milotic|spe|1
|-ability|p2a: Milotic|Competitive|boost
|-boost|p2a: Milotic|spa|2
|-unboost|p1b: Sinistcha|spe|1
|move|p2b: Sinistcha|Shadow Ball|p1a: Corviknight
|-damage|p1a: Corviknight|0 fnt
|faint|p1a: Corviknight
|
|-weather|Sandstorm|[upkeep]
|-damage|p1b: Sinistcha|76/100|[from] Sandstorm
|-damage|p2b: Sinistcha|54/100|[from] Sandstorm
|-damage|p2a: Milotic|61/100|[from] Sandstorm
|upkeep
|j| EmperorGambit
|l| LelloCartello
|
|t:|1785448994
|switch|p1a: Tyranitar|Tyranitar, L50, M|100/100
|turn|4
|l| EmperorGambit
|
|t:|1785449018
|move|p2b: Sinistcha|Protect|p2b: Sinistcha
|-singleturn|p2b: Sinistcha|Protect
|move|p2a: Milotic|Protect|p2a: Milotic
|-singleturn|p2a: Milotic|Protect
|move|p1a: Tyranitar|Rock Slide|p2a: Milotic|[spread] 
|-activate|p2a: Milotic|move: Protect
|-activate|p2b: Sinistcha|move: Protect
|move|p1b: Sinistcha|Matcha Gotcha|p2a: Milotic|[spread] 
|-activate|p2a: Milotic|move: Protect
|-activate|p2b: Sinistcha|move: Protect
|
|-weather|Sandstorm|[upkeep]
|-damage|p1b: Sinistcha|70/100|[from] Sandstorm
|-damage|p2b: Sinistcha|48/100|[from] Sandstorm
|-damage|p2a: Milotic|55/100|[from] Sandstorm
|-sideend|p1: robbie0301|move: Tailwind
|upkeep
|turn|5
|j| pecheador24
|j| EmperorGambit
|
|t:|1785449043
|move|p1a: Tyranitar|Rock Slide|p2b: Sinistcha|[spread] p2a,p2b
|-damage|p2a: Milotic|26/100
|-damage|p2b: Sinistcha|25/100
|move|p2b: Sinistcha|Matcha Gotcha|p1a: Tyranitar|[spread] p1a,p1b
|-supereffective|p1a: Tyranitar|1
|-resisted|p1b: Sinistcha|1
|-damage|p1a: Tyranitar|66/100
|-heal|p2b: Sinistcha|42/100|[from] drain|[of] p1a: Tyranitar
|-damage|p1b: Sinistcha|58/100
|-heal|p2b: Sinistcha|48/100|[from] drain|[of] p1b: Sinistcha
|cant|p2a: Milotic|flinch
|move|p1b: Sinistcha|Matcha Gotcha|p2b: Sinistcha|[spread] p2b
|-miss|p1b: Sinistcha|p2a: Milotic
|-resisted|p2b: Sinistcha|1
|-damage|p2b: Sinistcha|37/100
|-heal|p1b: Sinistcha|64/100|[from] drain|[of] p2b: Sinistcha
|
|-weather|none
|upkeep
|turn|6
|
|t:|1785449067
|switch|p2a: Gholdengo|Gholdengo, L50|100/100
|switch|p1b: Garchomp|Garchomp-Mega, L50, M|100/100
|move|p1a: Tyranitar|Rock Slide|p2a: Gholdengo|[spread] p2a,p2b
|-resisted|p2a: Gholdengo|1
|-crit|p2a: Gholdengo
|-damage|p2a: Gholdengo|80/100
|-damage|p2b: Sinistcha|13/100
|move|p2b: Sinistcha|Shadow Ball|p1b: Garchomp
|-damage|p1b: Garchomp|70/100
|
|upkeep
|turn|7
|
|t:|1785449084
|move|p2b: Sinistcha|Rage Powder|p2b: Sinistcha
|-singleturn|p2b: Sinistcha|move: Rage Powder
|move|p1a: Tyranitar|Rock Slide|p2b: Sinistcha|[spread] p2a,p2b
|-resisted|p2a: Gholdengo|1
|-damage|p2a: Gholdengo|68/100
|-damage|p2b: Sinistcha|0 fnt
|faint|p2b: Sinistcha
|move|p1b: Garchomp|Earth Power|p2a: Gholdengo
|-supereffective|p2a: Gholdengo|1
|-damage|p2a: Gholdengo|0 fnt
|faint|p2a: Gholdengo
|
|upkeep
|-message|Miggle SoCal forfeited.
|
|win|robbie0301
||robbie0301 is ready for game 2.
|inactive|Miggle SoCal has 30 seconds to confirm battle start!
||Miggle SoCal is ready for game 2.
|uhtml|next|Next: Game 2 of 3
|l| EmperorGambit
|j| Fardeen X
|j| Kuronohwei
|l| celaerity
|l| Kuronohwei
|l| pecheador24
|j| pecheador24
|l|☆robbie0301
|player|p1|
|l| pecheador24
