|j|☆Capitan-N
|j|☆colemarcusvgc
|html|Capitan-Ncolemarcusvgc    
|uhtml|bestof|Game 3 of a best-of-3
|t:|1757123301
|gametype|doubles
|player|p1|Capitan-N|n|1075
|player|p2|colemarcusvgc|n|1129
|gen|9
|tier|[Gen 9] VGC 2025 Reg H (Bo3)
|rated|
|rule|Species Clause: Limit one of each Pokémon
|rule|Item Clause: Limit 1 of each item
|clearpoke
|poke|p1|Basculegion, L50, M|
|poke|p1|Incineroar, L50, M|
|poke|p1|Garganacl, L50, F|
|poke|p1|Tyranitar, L50, F|
|poke|p1|Archaludon, L50, M|
|poke|p1|Rillaboom, L50, F|
|poke|p2|Indeedee-F, L50, F|
|poke|p2|Hatterene, L50, F|
|poke|p2|Gallade, L50, M|
|poke|p2|Ursaluna, L50, M|
|poke|p2|Lilligant-Hisui, L50, F|
|poke|p2|Torkoal, L50, M|
|teampreview|4
|showteam|p1|Basculegion||ChoiceScarf|Adaptability|LastRespects,WaveCrash,FlipTurn,TeraBlast|||M|||50|,,,,,Dragon]Incineroar||SafetyGoggles|Intimidate|FakeOut,Taunt,KnockOff,Uturn|||M|||50|,,,,,Bug]Garganacl||Leftovers|PurifyingSalt|BodyPress,Recover,IronDefense,SaltCure|||F|||50|,,,,,Ghost]Tyranitar||AssaultVest|SandStream|HighHorsepower,Snarl,Crunch,RockSlide|||F|||50|,,,,,Fairy]Archaludon||PowerHerb|Stamina|BodyPress,ElectroShot,Protect,DracoMeteor|||M|||50|,,,,,Grass]Rillaboom||GrassySeed|GrassySurge|Protect,HighHorsepower,GrassyGlide,Acrobatics|||F|||50|,,,,,Fire
|showteam|p2|Indeedee-F||PsychicSeed|PsychicSurge|TrickRoom,FollowMe,HelpingHand,DazzlingGleam|||F|||50|,,,,,Fire]Hatterene||LifeOrb|MagicBounce|ExpandingForce,TrickRoom,DazzlingGleam,Protect|||F|||50|,,,,,Psychic]Gallade||ClearAmulet|Sharpness|SacredSword,PsychoCut,TrickRoom,WideGuard|||M|||50|,,,,,Grass]Ursaluna||FlameOrb|Guts|HeadlongRush,Facade,SwordsDance,Protect|||M|||50|,,,,,Ghost]Lilligant-Hisui||FocusSash|Chlorophyll|SolarBlade,SleepPowder,CloseCombat,AfterYou|||F|||50|,,,,,Ghost]Torkoal||ChoiceSpecs|Drought|Eruption,HeatWave,WeatherBall,EarthPower|||M|||50|,,,,,Fire
|
|t:|1757123327
|teamsize|p1|4
|teamsize|p2|4
|start
|switch|p1a: Basculegion|Basculegion, L50, M|100/100
|switch|p1b: Incineroar|Incineroar, L50, M|100/100
|switch|p2a: Lilligant|Lilligant-Hisui, L50, F|100/100
|switch|p2b: Torkoal|Torkoal, L50, M|100/100
|-ability|p1b: Incineroar|Intimidate|boost
|-unboost|p2a: Lilligant|atk|1
|-unboost|p2b: Torkoal|atk|1
|-weather|SunnyDay|[from] ability: Drought|[of] p2b: Torkoal
|turn|1
|
|t:|1757123350
|switch|p1b: Tyranitar|Tyranitar, L50, F|100/100
|-weather|Sandstorm|[from] ability: Sand Stream|[of] p1b: Tyranitar
|switch|p2b: Indeedee|Indeedee-F, L50, F|100/100
|-fieldstart|move: Psychic Terrain|[from] ability: Psychic Surge|[of] p2b: Indeedee
|-enditem|p2b: Indeedee|Psychic Seed
|-boost|p2b: Indeedee|spd|1|[from] item: Psychic Seed
|move|p1a: Basculegion|Flip Turn|p2b: Indeedee
|-damage|p2b: Indeedee|63/100
|
|t:|1757123361
|switch|p1a: Incineroar|Incineroar, L50, M|100/100|[from] Flip Turn
|-ability|p1a: Incineroar|Intimidate|boost
|-unboost|p2a: Lilligant|atk|1
|-unboost|p2b: Indeedee|atk|1
|move|p2a: Lilligant|Solar Blade||[still]
|-prepare|p2a: Lilligant|Solar Blade
|
|-weather|Sandstorm|[upkeep]
|-damage|p2a: Lilligant|94/100|[from] Sandstorm
|-damage|p2b: Indeedee|57/100|[from] Sandstorm
|upkeep
|turn|2
|
|t:|1757123379
|move|p2a: Lilligant|Solar Blade|p1a: Incineroar|[from] lockedmove
|-resisted|p1a: Incineroar
|-damage|p1a: Incineroar|94/100
|move|p1a: Incineroar|Knock Off|p2a: Lilligant
|-resisted|p2a: Lilligant
|-damage|p2a: Lilligant|56/100
|-enditem|p2a: Lilligant|Focus Sash|[from] move: Knock Off|[of] p1a: Incineroar
|move|p1b: Tyranitar|Rock Slide|p2b: Indeedee|[spread] p2a,p2b
|-resisted|p2a: Lilligant
|-damage|p2a: Lilligant|37/100
|-damage|p2b: Indeedee|33/100
|cant|p2b: Indeedee|flinch
|
|-weather|Sandstorm|[upkeep]
|-damage|p2a: Lilligant|31/100|[from] Sandstorm
|-damage|p2b: Indeedee|27/100|[from] Sandstorm
|upkeep
|turn|3
|
|t:|1757123405
|switch|p1b: Basculegion|Basculegion, L50, M|100/100
|move|p2a: Lilligant|Sleep Powder|p1b: Basculegion
|-status|p1b: Basculegion|slp|[from] move: Sleep Powder
|move|p1a: Incineroar|U-turn|p2b: Indeedee
|-supereffective|p2b: Indeedee
|-damage|p2b: Indeedee|0 fnt
|faint|p2b: Indeedee
|
|t:|1757123414
|switch|p1a: Garganacl|Garganacl, L50, F, shiny|100/100|[from] U-turn
|
|-weather|Sandstorm|[upkeep]
|-damage|p1b: Basculegion|94/100 slp|[from] Sandstorm
|-damage|p2a: Lilligant|25/100|[from] Sandstorm
|upkeep
|
|t:|1757123420
|switch|p2b: Torkoal|Torkoal, L50, M|100/100
|-weather|SunnyDay|[from] ability: Drought|[of] p2b: Torkoal
|turn|4
|
|t:|1757123460
|-terastallize|p1a: Garganacl|Ghost
|-terastallize|p2b: Torkoal|Fire
|move|p2a: Lilligant|Solar Blade||[still]
|-prepare|p2a: Lilligant|Solar Blade
|-anim|p2a: Lilligant|Solar Blade|p1a: Garganacl
|-damage|p1a: Garganacl|82/100
|cant|p1b: Basculegion|slp
|move|p1a: Garganacl|Salt Cure|p2b: Torkoal
|-supereffective|p2b: Torkoal
|-damage|p2b: Torkoal|79/100
|-start|p2b: Torkoal|Salt Cure
|move|p2b: Torkoal|Eruption|p1a: Garganacl|[spread] p1a,p1b
|-resisted|p1b: Basculegion
|-damage|p1a: Garganacl|0 fnt
|-damage|p1b: Basculegion|24/100 slp
|faint|p1a: Garganacl
|
|-weather|SunnyDay|[upkeep]
|-damage|p2b: Torkoal|67/100|[from] Salt Cure
|upkeep
|
|t:|1757123477
|switch|p1a: Incineroar|Incineroar, L50, M|94/100
|-ability|p1a: Incineroar|Intimidate|boost
|-unboost|p2a: Lilligant|atk|1
|-unboost|p2b: Torkoal|atk|1
|turn|5
|
|t:|1757123497
|switch|p1b: Tyranitar|Tyranitar, L50, F|100/100
|-weather|Sandstorm|[from] ability: Sand Stream|[of] p1b: Tyranitar
|move|p2a: Lilligant|Close Combat|p1a: Incineroar
|-supereffective|p1a: Incineroar
|-damage|p1a: Incineroar|55/100
|-unboost|p2a: Lilligant|def|1
|-unboost|p2a: Lilligant|spd|1
|move|p1a: Incineroar|U-turn|p2a: Lilligant
|-damage|p2a: Lilligant|0 fnt
|faint|p2a: Lilligant
|
|t:|1757123509
|switch|p1a: Basculegion|Basculegion, L50, M|24/100 slp|[from] U-turn
|move|p2b: Torkoal|Eruption|p1b: Tyranitar|[spread] p1a,p1b
|-resisted|p1a: Basculegion
|-resisted|p1b: Tyranitar
|-damage|p1a: Basculegion|0 fnt
|-damage|p1b: Tyranitar|91/100
|faint|p1a: Basculegion
|
|-weather|Sandstorm|[upkeep]
|-damage|p2b: Torkoal|60/100|[from] Sandstorm
|-damage|p2b: Torkoal|48/100|[from] Salt Cure
|-fieldend|move: Psychic Terrain
|upkeep
|
|t:|1757123520
|switch|p2a: Hatterene|Hatterene, L50, F, shiny|100/100
|switch|p1a: Incineroar|Incineroar, L50, M|55/100
|-ability|p1a: Incineroar|Intimidate|boost
|-unboost|p2a: Hatterene|atk|1
|-unboost|p2b: Torkoal|atk|1
|turn|6
|
|t:|1757123532
|move|p1a: Incineroar|Fake Out|p2a: Hatterene
|-damage|p2a: Hatterene|85/100
|move|p1b: Tyranitar|Snarl|p2a: Hatterene|[spread] p2a,p2b
|-damage|p2a: Hatterene|70/100
|-damage|p2b: Torkoal|29/100
|-unboost|p2a: Hatterene|spa|1
|-unboost|p2b: Torkoal|spa|1
|cant|p2a: Hatterene|flinch
|move|p2b: Torkoal|Eruption|p1a: Incineroar|[spread] p1a,p1b
|-resisted|p1a: Incineroar
|-resisted|p1b: Tyranitar
|-damage|p1a: Incineroar|47/100
|-damage|p1b: Tyranitar|88/100
|
|-weather|Sandstorm|[upkeep]
|-damage|p2a: Hatterene|64/100|[from] Sandstorm
|-damage|p2b: Torkoal|23/100|[from] Sandstorm
|-damage|p2b: Torkoal|10/100|[from] Salt Cure
|upkeep
|turn|7
|
|t:|1757123555
|move|p1a: Incineroar|Knock Off|p2a: Hatterene
|-damage|p2a: Hatterene|13/100
|-enditem|p2a: Hatterene|Life Orb|[from] move: Knock Off|[of] p1a: Incineroar
|move|p1b: Tyranitar|Crunch|p2a: Hatterene
|-damage|p2a: Hatterene|0 fnt
|faint|p2a: Hatterene
|move|p2b: Torkoal|Eruption|p1a: Incineroar|[spread] p1a,p1b
|-resisted|p1a: Incineroar
|-resisted|p1b: Tyranitar
|-damage|p1a: Incineroar|44/100
|-damage|p1b: Tyranitar|87/100
|
|-weather|Sandstorm|[upkeep]
|-damage|p2b: Torkoal|4/100|[from] Sandstorm
|-damage|p2b: Torkoal|0 fnt|[from] Salt Cure
|faint|p2b: Torkoal
|
|win|Capitan-N
|raw|Capitan-N's rating: 1075 → 1108(+33 for winning)
|raw|colemarcusvgc's rating: 1129 → 1100(-29 for losing)
|c|☆colemarcusvgc|gg
