|j|☆Dzi_prisoner
|j|☆Wolferus
|html|Dzi_prisonerWolferus    
|uhtml|bestof|Game 3 of a best-of-3
|t:|1783718866
|gametype|doubles
|player|p1|Dzi_prisoner|ghetsis|
|player|p2|Wolferus|grimsley|
|gen|9
|tier|[Gen 9 Champions] VGC 2026 Reg M-B (Bo3)
|rule|Species Clause: Limit one of each Pokémon
|rule|Item Clause: Limit 1 of each item
|clearpoke
|poke|p1|Kangaskhan, L50, F|
|poke|p1|Gardevoir, L50, M, shiny|
|poke|p1|Meowstic, L50, M|
|poke|p1|Tauros-Paldea-Blaze, L50, M|
|poke|p1|Aerodactyl, L50, F|
|poke|p1|Aegislash, L50, F, shiny|
|poke|p2|Garchomp, L50, M|
|poke|p2|Emboar, L50, F, shiny|
|poke|p2|Hydreigon, L50, M|
|poke|p2|Ninetales-Alola, L50, M|
|poke|p2|Rhyperior, L50, M|
|poke|p2|Toxapex, L50, F|
|teampreview|4
|showteam|p1|Kangaskhan||MuscleBand|Scrappy|FakeOut,IcePunch,Protect,DrainPunch|Jolly||F|||50|]Gardevoir||Gardevoirite|Telepathy|CalmMind,VacuumWave,HyperVoice,Protect|Timid||M|||50|]Meowstic||FocusSash|Prankster|LightScreen,Reflect,Yawn,PsychicTerrain|Bold||M|||50|]Tauros-Paldea-Blaze||ExpertBelt|Intimidate|ZenHeadbutt,CloseCombat,RagingBull,RockSlide|Jolly||M|||50|]Aerodactyl||YacheBerry|Unnerve|Tailwind,Taunt,WideGuard,RockSlide|Jolly||F|||50|]Aegislash||ColburBerry|StanceChange|SwordsDance,KingsShield,SacredSword,ShadowSneak|Brave||F|||50|
|showteam|p2|Garchomp||Garchompite|RoughSkin|SwordsDance,Earthquake,DragonClaw,RockSlide|Jolly||M|||50|]Emboar||Emboarite|Reckless|FlareBlitz,DrainPunch,HeavySlam,Protect|Adamant||F|||50|]Hydreigon||LifeOrb|Levitate|DarkPulse,EarthPower,DracoMeteor,Protect|Modest||M|||50|]Ninetales-Alola||LightClay|SnowWarning|AuroraVeil,Encore,Blizzard,FreezeDry|Timid||M|||50|]Rhyperior||SitrusBerry|SolidRock|RockSlide,HighHorsepower,Crunch,Protect|Brave||M|||50|]Toxapex||Leftovers|Regenerator|BanefulBunker,Toxic,Surf,Recover|Bold||F|||50|
|j| Terrycat
|j| meknomancer
|
|t:|1783718986
|teamsize|p1|4
|teamsize|p2|4
|start
|switch|p1a: Incin at home|Tauros-Paldea-Blaze, L50, M|100/100
|switch|p1b: Listen|Aegislash, L50, F, shiny|100/100
|switch|p2a: Kurama-Snow|Ninetales-Alola, L50, M|100/100
|switch|p2b: Toxic Pecs|Toxapex, L50, F|100/100
|-weather|Snowscape|[from] ability: Snow Warning|[of] p2a: Kurama-Snow
|-ability|p1a: Incin at home|Intimidate|boost
|-unboost|p2a: Kurama-Snow|atk|1
|-unboost|p2b: Toxic Pecs|atk|1
|turn|1
|
|t:|1783719020
|switch|p2a: Hogfire|Emboar, L50, F, shiny|100/100
|move|p2b: Toxic Pecs|Baneful Bunker|p2b: Toxic Pecs
|-singleturn|p2b: Toxic Pecs|move: Protect
|move|p1a: Incin at home|Close Combat|p2a: Hogfire
|-damage|p2a: Hogfire|30/100
|-unboost|p1a: Incin at home|def|1
|-unboost|p1a: Incin at home|spd|1
|move|p1b: Listen|Swords Dance|p1b: Listen
|-boost|p1b: Listen|atk|2
|
|-weather|Snowscape|[upkeep]
|upkeep
|turn|2
|
|t:|1783719049
|detailschange|p2a: Hogfire|Emboar-Mega, L50, F, shiny
|-mega|p2a: Hogfire|Emboar|Emboarite
|-ability|p2a: Hogfire|Mold Breaker
|move|p1b: Listen|King's Shield|p1b: Listen
|-singleturn|p1b: Listen|Protect
|move|p1a: Incin at home|Rock Slide|p2b: Toxic Pecs|[spread] p2a,p2b
|-damage|p2a: Hogfire|11/100
|-damage|p2b: Toxic Pecs|89/100
|move|p2a: Hogfire|Flare Blitz|p1b: Listen
|-activate|p1b: Listen|move: Protect
|-unboost|p2a: Hogfire|atk|1
|cant|p2b: Toxic Pecs|flinch
|
|-weather|Snowscape|[upkeep]
|-heal|p2b: Toxic Pecs|94/100|[from] item: Leftovers
|upkeep
|turn|3
|
|t:|1783719092
|switch|p1a: Jet fuel|Aerodactyl, L50, F|100/100
|-ability|p1a: Jet fuel|Unnerve
|move|p2a: Hogfire|Protect|p2a: Hogfire
|-singleturn|p2a: Hogfire|Protect
|move|p1b: Listen|Swords Dance|p1b: Listen
|-boost|p1b: Listen|atk|2
|move|p2b: Toxic Pecs|Surf|p1a: Jet fuel|[spread] p1a,p1b
|-activate|p2a: Hogfire|move: Protect
|-supereffective|p1a: Jet fuel|1
|-damage|p1a: Jet fuel|53/100
|-damage|p1b: Listen|88/100
|
|-weather|Snowscape|[upkeep]
|-heal|p2b: Toxic Pecs|100/100|[from] item: Leftovers
|upkeep
|turn|4
|
|t:|1783719113
|move|p2b: Toxic Pecs|Baneful Bunker|p2b: Toxic Pecs
|-singleturn|p2b: Toxic Pecs|move: Protect
|-formechange|p1b: Listen|Aegislash-Blade|
|move|p1b: Listen|Shadow Sneak|p2a: Hogfire
|-damage|p2a: Hogfire|0 fnt
|faint|p2a: Hogfire
|move|p1a: Jet fuel|Tailwind|p1a: Jet fuel
|-sidestart|p1: Dzi_prisoner|move: Tailwind
|
|-weather|Snowscape|[upkeep]
|upkeep
|
|t:|1783719130
|switch|p2a: Kurama-Snow|Ninetales-Alola, L50, M|100/100
|turn|5
|
|t:|1783719150
|move|p1b: Listen|Shadow Sneak|p2a: Kurama-Snow
|-damage|p2a: Kurama-Snow|46/100
|move|p1a: Jet fuel|Rock Slide|p2a: Kurama-Snow|[spread] p2a,p2b
|-supereffective|p2a: Kurama-Snow|1
|-damage|p2a: Kurama-Snow|2/100
|-damage|p2b: Toxic Pecs|84/100
|move|p2a: Kurama-Snow|Aurora Veil|p2a: Kurama-Snow
|-sidestart|p2: Wolferus|move: Aurora Veil
|move|p2b: Toxic Pecs|Toxic|p1a: Jet fuel
|-status|p1a: Jet fuel|tox
|
|-weather|none
|-heal|p2b: Toxic Pecs|89/100|[from] item: Leftovers
|-damage|p1a: Jet fuel|47/100 tox|[from] psn
|upkeep
|turn|6
|
|t:|1783719169
|move|p1b: Listen|Shadow Sneak|p2a: Kurama-Snow
|-damage|p2a: Kurama-Snow|0 fnt
|faint|p2a: Kurama-Snow
|move|p1a: Jet fuel|Taunt|p2b: Toxic Pecs
|-start|p2b: Toxic Pecs|move: Taunt
|move|p2b: Toxic Pecs|Surf|p1a: Jet fuel|[spread] p1a,p1b
|-supereffective|p1a: Jet fuel|1
|-damage|p1a: Jet fuel|9/100 tox
|-damage|p1b: Listen|64/100
|
|-heal|p2b: Toxic Pecs|95/100|[from] item: Leftovers
|-damage|p1a: Jet fuel|0 fnt|[from] psn
|faint|p1a: Jet fuel
|upkeep
|
|t:|1783719215
|switch|p1a: Incin at home|Tauros-Paldea-Blaze, L50, M|100/100
|switch|p2a: Reginald|Garchomp, L50, M|100/100
|-ability|p1a: Incin at home|Intimidate|boost
|-unboost|p2a: Reginald|atk|1
|-unboost|p2b: Toxic Pecs|atk|1
|turn|7
|
|t:|1783719230
|move|p1a: Incin at home|Rock Slide|p2a: Reginald|[spread] p2a,p2b
|-resisted|p2a: Reginald|1
|-damage|p2a: Reginald|94/100
|-damage|p2b: Toxic Pecs|88/100
|move|p2a: Reginald|Earthquake|p1a: Incin at home|[spread] p2b,p1a,p1b
|-supereffective|p2b: Toxic Pecs|1
|-supereffective|p1a: Incin at home|1
|-supereffective|p1b: Listen|1
|-damage|p2b: Toxic Pecs|65/100
|-damage|p1a: Incin at home|40/100
|-damage|p1b: Listen|0 fnt
|faint|p1b: Listen
|move|p2b: Toxic Pecs|Surf|p1a: Incin at home|[spread] p2a,p1a
|-supereffective|p1a: Incin at home|1
|-damage|p2a: Reginald|83/100
|-damage|p1a: Incin at home|0 fnt
|faint|p1a: Incin at home
|
|-heal|p2b: Toxic Pecs|71/100|[from] item: Leftovers
|-sideend|p1: Dzi_prisoner|move: Tailwind
|upkeep
|
|t:|1783719252
|switch|p1b: Freddie|Meowstic, L50, M|100/100
|turn|8
|
|t:|1783719263
|move|p1b: Freddie|Psychic Terrain|p1b: Freddie
|-fieldstart|move: Psychic Terrain
|move|p2a: Reginald|Dragon Claw|p1b: Freddie
|-damage|p1b: Freddie|73/100
|move|p2b: Toxic Pecs|Surf|p1b: Freddie|[spread] p2a,p1b
|-damage|p2a: Reginald|71/100
|-damage|p1b: Freddie|59/100
|
|-heal|p2b: Toxic Pecs|77/100|[from] item: Leftovers
|-end|p2b: Toxic Pecs|move: Taunt
|upkeep
|turn|9
|
|t:|1783719276
|move|p1b: Freddie|Yawn|p2a: Reginald
|-activate|p2a: Reginald|move: Psychic Terrain
|move|p2a: Reginald|Swords Dance|p2a: Reginald
|-boost|p2a: Reginald|atk|2
|move|p2b: Toxic Pecs|Toxic|p1b: Freddie
|-status|p1b: Freddie|tox
|
|-heal|p2b: Toxic Pecs|82/100|[from] item: Leftovers
|-damage|p1b: Freddie|53/100 tox|[from] psn
|upkeep
|turn|10
|
|t:|1783719294
|move|p1b: Freddie|Yawn|p2b: Toxic Pecs
|-activate|p2b: Toxic Pecs|move: Psychic Terrain
|move|p2a: Reginald|Swords Dance|p2a: Reginald
|-boost|p2a: Reginald|atk|2
|move|p2b: Toxic Pecs|Surf|p1b: Freddie|[spread] p2a,p1b
|-crit|p1b: Freddie
|-damage|p2a: Reginald|61/100
|-damage|p1b: Freddie|32/100 tox
|
|-heal|p2b: Toxic Pecs|88/100|[from] item: Leftovers
|-damage|p1b: Freddie|19/100 tox|[from] psn
|upkeep
|turn|11
|
|t:|1783719309
|move|p2b: Toxic Pecs|Baneful Bunker|p2b: Toxic Pecs
|-singleturn|p2b: Toxic Pecs|move: Protect
|move|p1b: Freddie|Reflect|p1b: Freddie
|-sidestart|p1: Dzi_prisoner|Reflect
|move|p2a: Reginald|Dragon Claw|p1b: Freddie
|-damage|p1b: Freddie|0 fnt
|faint|p1b: Freddie
|
|win|Wolferus
