|j|☆ga sneasler
|j|☆pippobaudobaldo
|html|ga sneaslerpippobaudobaldo    
|uhtml|bestof|Game 2 of a best-of-3
|t:|1756317824
|gametype|doubles
|player|p1|ga sneasler|101|1114
|player|p2|pippobaudobaldo|169|1061
|gen|9
|tier|[Gen 9] VGC 2025 Reg H (Bo3)
|rated|
|rule|Species Clause: Limit one of each Pokémon
|rule|Item Clause: Limit 1 of each item
|clearpoke
|poke|p1|Dragapult, L50, M|
|poke|p1|Kingambit, L50, M|
|poke|p1|Electabuzz, L50, F|
|poke|p1|Blaziken, L50, F|
|poke|p1|Primarina, L50, F|
|poke|p1|Rillaboom, L50, F|
|poke|p2|Sneasler, L50, F|
|poke|p2|Gholdengo, L50|
|poke|p2|Dragonite, L50, M|
|poke|p2|Primarina, L50, F|
|poke|p2|Rillaboom, L50, F|
|poke|p2|Incineroar, L50, F|
|teampreview|4
|showteam|p1|Dragapult||ChoiceBand|ClearBody|Outrage,DragonDarts,PhantomForce,Uturn|||M|||50|,,,,,Dragon]Kingambit||SafetyGoggles|Defiant|KowtowCleave,SuckerPunch,SwordsDance,Protect|||M|||50|,,,,,Dark]Electabuzz||Eviolite|VitalSpirit|Thunderbolt,HelpingHand,FollowMe,Protect|||F|||50|,,,,,Ghost]Blaziken||FocusSash|SpeedBoost|HeatWave,AuraSphere,Coaching,Detect|||F|||50|,,,,,Ghost]Primarina||SitrusBerry|LiquidVoice|Moonblast,HyperVoice,Haze,Protect|||F|||50|,,,,,Water]Rillaboom||AssaultVest|GrassySurge|WoodHammer,GrassyGlide,FakeOut,Uturn|||F|||50|,,,,,Fire
|showteam|p2|Sneasler||FocusSash|PoisonTouch|FakeOut,DireClaw,CloseCombat,ThroatChop|||F|||50|,,,,,Stellar]Gholdengo||Leftovers|GoodasGold|Protect,MakeItRain,ShadowBall,NastyPlot||||||50|,,,,,Dragon]Dragonite||LoadedDice|Multiscale|Protect,ScaleShot,Tailwind,Haze|||M|||50|,,,,,Fairy]Primarina||SitrusBerry|LiquidVoice|HyperVoice,Moonblast,Haze,Protect|||F|||50|,,,,,Poison]Rillaboom||AssaultVest|GrassySurge|WoodHammer,GrassyGlide,FakeOut,Uturn|||F|||50|,,,,,Fire]Incineroar||SafetyGoggles|Intimidate|FakeOut,KnockOff,WillOWisp,PartingShot|||F|||50|,,,,,Fire
|inactive|Battle timer is ON: inactive players will automatically lose when time's up. (requested by ga sneasler)
|inactive|pippobaudobaldo also wants the timer to be on.
|
|t:|1756317836
|teamsize|p1|4
|teamsize|p2|4
|start
|switch|p1a: Dragapult|Dragapult, L50, M|100/100
|switch|p1b: Blaziken|Blaziken, L50, F|100/100
|switch|p2a: Sneasler|Sneasler, L50, F|100/100
|switch|p2b: Dragonite|Dragonite, L50, M|100/100
|turn|1
|inactive|ga sneasler has 30 seconds left.
|inactive|ga sneasler has 20 seconds left.
|inactive|ga sneasler has 15 seconds left.
|inactive|ga sneasler has 10 seconds left.
|inactive|ga sneasler has 5 seconds left.
|
|t:|1756317886
|move|p1b: Blaziken|Detect|p1b: Blaziken
|-singleturn|p1b: Blaziken|Protect
|move|p2a: Sneasler|Fake Out|p1b: Blaziken
|-activate|p1b: Blaziken|move: Protect
|move|p1a: Dragapult|Dragon Darts|p2a: Sneasler
|-damage|p2a: Sneasler|33/100
|-anim|p1a: Dragapult|Dragon Darts|p2b: Dragonite
|-supereffective|p2b: Dragonite
|-damage|p2b: Dragonite|64/100
|move|p2b: Dragonite|Tailwind|p2b: Dragonite
|-sidestart|p2: pippobaudobaldo|move: Tailwind
|
|-ability|p1b: Blaziken|Speed Boost|boost
|-boost|p1b: Blaziken|spe|1
|upkeep
|turn|2
|
|t:|1756317909
|switch|p1a: Kingambit|Kingambit, L50, M|100/100
|move|p2a: Sneasler|Throat Chop|p1a: Kingambit
|-resisted|p1a: Kingambit
|-damage|p1a: Kingambit|90/100
|-start|p1a: Kingambit|Throat Chop|[silent]
|move|p1b: Blaziken|Heat Wave|p2b: Dragonite|[spread] p2a,p2b
|-crit|p2a: Sneasler
|-resisted|p2b: Dragonite
|-crit|p2b: Dragonite
|-damage|p2a: Sneasler|0 fnt
|-damage|p2b: Dragonite|43/100
|faint|p2a: Sneasler
|move|p2b: Dragonite|Scale Shot|p1a: Kingambit
|-resisted|p1a: Kingambit
|-damage|p1a: Kingambit|85/100
|-resisted|p1a: Kingambit
|-damage|p1a: Kingambit|79/100
|-resisted|p1a: Kingambit
|-damage|p1a: Kingambit|73/100
|-resisted|p1a: Kingambit
|-damage|p1a: Kingambit|68/100
|-hitcount|p1a: Kingambit|4
|-unboost|p2b: Dragonite|def|1
|-boost|p2b: Dragonite|spe|1
|
|-ability|p1b: Blaziken|Speed Boost|boost
|-boost|p1b: Blaziken|spe|1
|upkeep
|
|t:|1756317925
|switch|p2a: Primarina|Primarina, L50, F|100/100
|turn|3
|inactive|ga sneasler has 30 seconds left.
|
|t:|1756317952
|switch|p1b: Dragapult|Dragapult, L50, M|100/100
|move|p1a: Kingambit|Sucker Punch||[still]
|-fail|p1a: Kingambit
|move|p2b: Dragonite|Haze|p2b: Dragonite
|-clearallboost
|move|p2a: Primarina|Hyper Voice|p1b: Dragapult|[spread] p1a,p1b
|-resisted|p1b: Dragapult
|-damage|p1a: Kingambit|35/100
|-damage|p1b: Dragapult|79/100
|
|-end|p1a: Kingambit|Throat Chop|[silent]
|upkeep
|turn|4
|inactive|ga sneasler has 30 seconds left.
|inactive|pippobaudobaldo has 30 seconds left.
|
|t:|1756317981
|switch|p1b: Blaziken|Blaziken, L50, F|100/100
|-terastallize|p2b: Dragonite|Fairy
|move|p1a: Kingambit|Protect|p1a: Kingambit
|-singleturn|p1a: Kingambit|Protect
|move|p2b: Dragonite|Scale Shot|p1b: Blaziken
|-damage|p1b: Blaziken|77/100
|-damage|p1b: Blaziken|56/100
|-damage|p1b: Blaziken|34/100
|-damage|p1b: Blaziken|13/100
|-hitcount|p1b: Blaziken|4
|-unboost|p2b: Dragonite|def|1
|-boost|p2b: Dragonite|spe|1
|move|p2a: Primarina|Hyper Voice|p1a: Kingambit|[spread] p1b
|-activate|p1a: Kingambit|move: Protect
|-supereffective|p1b: Blaziken
|-damage|p1b: Blaziken|0 fnt
|faint|p1b: Blaziken
|
|-sideend|p2: pippobaudobaldo|move: Tailwind
|upkeep
|
|t:|1756317995
|switch|p1b: Electabuzz|Electabuzz, L50, F|100/100
|turn|5
|inactive|ga sneasler has 30 seconds left.
|inactive|ga sneasler has 20 seconds left.
|
|t:|1756318034
|-terastallize|p1a: Kingambit|Dark
|move|p1b: Electabuzz|Follow Me|p1b: Electabuzz
|-singleturn|p1b: Electabuzz|move: Follow Me
|move|p2b: Dragonite|Tailwind|p2b: Dragonite
|-sidestart|p2: pippobaudobaldo|move: Tailwind
|move|p2a: Primarina|Hyper Voice|p1a: Kingambit|[spread] p1a,p1b
|-damage|p1a: Kingambit|0 fnt
|-damage|p1b: Electabuzz|74/100
|faint|p1a: Kingambit
|
|upkeep
|
|t:|1756318042
|switch|p1a: Dragapult|Dragapult, L50, M|79/100
|turn|6
|
|t:|1756318054
|move|p1b: Electabuzz|Follow Me|p1b: Electabuzz
|-singleturn|p1b: Electabuzz|move: Follow Me
|move|p2b: Dragonite|Scale Shot|p1b: Electabuzz|[miss]
|-miss|p2b: Dragonite|p1b: Electabuzz
|move|p1a: Dragapult|Phantom Force||[still]
|-prepare|p1a: Dragapult|Phantom Force
|move|p2a: Primarina|Moonblast|p1b: Electabuzz
|-damage|p1b: Electabuzz|33/100
|
|upkeep
|turn|7
|inactive|pippobaudobaldo has 30 seconds left.
|inactive|pippobaudobaldo has 20 seconds left.
|
|t:|1756318094
|move|p1b: Electabuzz|Protect|p1b: Electabuzz
|-singleturn|p1b: Electabuzz|Protect
|move|p2b: Dragonite|Haze|p2b: Dragonite
|-clearallboost
|move|p1a: Dragapult|Phantom Force|p2b: Dragonite|[from] lockedmove
|-damage|p2b: Dragonite|0 fnt
|faint|p2b: Dragonite
|move|p2a: Primarina|Moonblast|p1b: Electabuzz
|-activate|p1b: Electabuzz|move: Protect
|
|upkeep
|
|t:|1756318103
|switch|p2b: Rillaboom|Rillaboom, L50, F|100/100
|-fieldstart|move: Grassy Terrain|[from] ability: Grassy Surge|[of] p2b: Rillaboom
|turn|8
|
|t:|1756318114
|move|p1b: Electabuzz|Protect|p1b: Electabuzz
|-singleturn|p1b: Electabuzz|Protect
|move|p2b: Rillaboom|Fake Out|p1b: Electabuzz
|-activate|p1b: Electabuzz|move: Protect
|move|p1a: Dragapult|Phantom Force||[still]
|-prepare|p1a: Dragapult|Phantom Force
|move|p2a: Primarina|Moonblast|p1a: Dragapult|[miss]
|-miss|p2a: Primarina|p1a: Dragapult
|
|-heal|p1b: Electabuzz|39/100|[from] Grassy Terrain
|-sideend|p2: pippobaudobaldo|move: Tailwind
|upkeep
|turn|9
|
|t:|1756318128
|move|p1b: Electabuzz|Helping Hand|p1a: Dragapult
|-singleturn|p1a: Dragapult|Helping Hand|[of] p1b: Electabuzz
|move|p1a: Dragapult|Phantom Force|p2a: Primarina|[from] lockedmove
|-damage|p2a: Primarina|0 fnt
|faint|p2a: Primarina
|move|p2b: Rillaboom|Wood Hammer|p1a: Dragapult
|-resisted|p1a: Dragapult
|-damage|p1a: Dragapult|25/100
|-damage|p2b: Rillaboom|86/100|[from] Recoil
|
|-heal|p1a: Dragapult|31/100|[from] Grassy Terrain
|-heal|p1b: Electabuzz|45/100|[from] Grassy Terrain
|-heal|p2b: Rillaboom|92/100|[from] Grassy Terrain
|upkeep
|turn|10
|
|t:|1756318147
|move|p1b: Electabuzz|Protect|p1b: Electabuzz
|-singleturn|p1b: Electabuzz|Protect
|move|p2b: Rillaboom|Grassy Glide|p1a: Dragapult
|-resisted|p1a: Dragapult
|-damage|p1a: Dragapult|7/100
|move|p1a: Dragapult|Phantom Force||[still]
|-prepare|p1a: Dragapult|Phantom Force
|
|-heal|p1b: Electabuzz|51/100|[from] Grassy Terrain
|-heal|p2b: Rillaboom|98/100|[from] Grassy Terrain
|upkeep
|turn|11
|
|t:|1756318159
|move|p1b: Electabuzz|Helping Hand|p1a: Dragapult
|-singleturn|p1a: Dragapult|Helping Hand|[of] p1b: Electabuzz
|move|p1a: Dragapult|Phantom Force|p2b: Rillaboom|[from] lockedmove
|-damage|p2b: Rillaboom|5/100
|move|p2b: Rillaboom|Wood Hammer|p1a: Dragapult
|-resisted|p1a: Dragapult
|-damage|p1a: Dragapult|0 fnt
|faint|p1a: Dragapult
|-damage|p2b: Rillaboom|3/100|[from] Recoil
|
|-heal|p1b: Electabuzz|57/100|[from] Grassy Terrain
|-heal|p2b: Rillaboom|9/100|[from] Grassy Terrain
|upkeep
|turn|12
|
|t:|1756318167
|move|p1b: Electabuzz|Protect|p1b: Electabuzz
|-singleturn|p1b: Electabuzz|Protect
|move|p2b: Rillaboom|Grassy Glide|p1b: Electabuzz
|-activate|p1b: Electabuzz|move: Protect
|
|-heal|p1b: Electabuzz|62/100|[from] Grassy Terrain
|-heal|p2b: Rillaboom|15/100|[from] Grassy Terrain
|-fieldend|move: Grassy Terrain
|upkeep
|turn|13
|
|t:|1756318172
|move|p1b: Electabuzz|Thunderbolt|p2b: Rillaboom
|-resisted|p2b: Rillaboom
|-damage|p2b: Rillaboom|3/100
|move|p2b: Rillaboom|Wood Hammer|p1b: Electabuzz
|-damage|p1b: Electabuzz|8/100
|-damage|p2b: Rillaboom|0 fnt|[from] Recoil
|faint|p2b: Rillaboom
|
|win|ga sneasler
|raw|ga sneasler's rating: 1114 → 1135(+21 for winning)
|raw|pippobaudobaldo's rating: 1061 → 1045(-16 for losing)
|l|☆pippobaudobaldo
|player|p2|
|l|☆ga sneasler
|player|p1|
|j|☆ga sneasler
|player|p1|ga sneasler|101|
