|j|☆NightshadeAI
|j|☆theberrybandit
|html|NightshadeAItheberrybandit    
|uhtml|bestof|Game 2 of a best-of-3
|t:|1783434169
|gametype|doubles
|player|p1|NightshadeAI|265|1112
|player|p2|theberrybandit|hiker-gen4|1129
|gen|9
|tier|[Gen 9 Champions] VGC 2026 Reg M-B (Bo3)
|rated|
|rule|Species Clause: Limit one of each Pokémon
|rule|Item Clause: Limit 1 of each item
|clearpoke
|poke|p1|Whimsicott, L50, M|
|poke|p1|Charizard, L50, F|
|poke|p1|Basculegion, L50, M|
|poke|p1|Garchomp, L50, M|
|poke|p1|Floette-Eternal, L50, F|
|poke|p1|Kingambit, L50, F|
|poke|p2|Politoed, L50, M|
|poke|p2|Incineroar, L50, M|
|poke|p2|Sinistcha, L50|
|poke|p2|Kommo-o, L50, M|
|poke|p2|Gengar, L50, M|
|poke|p2|Maushold, L50|
|teampreview|4
|showteam|p1|Whimsicott||FocusSash|Prankster|Moonblast,Tailwind,Encore,Protect|Timid||M|||50|]Charizard||CharizarditeY|Blaze|WeatherBall,SolarBeam,HeatWave,Protect|Modest||F|||50|]Basculegion||MysticWater|Adaptability|LastRespects,WaveCrash,AquaJet,Protect|Adamant||M|||50|]Garchomp||LifeOrb|RoughSkin|DragonClaw,Earthquake,RockSlide,Protect|Adamant||M|||50|]Floette-Eternal||Floettite|FlowerVeil|DazzlingGleam,LightofRuin,Moonblast,Protect|Modest||F|||50|]Kingambit||ChopleBerry|Defiant|KowtowCleave,SuckerPunch,IronHead,LowKick|Adamant||F|||50|
|showteam|p2|Politoed||SitrusBerry|Drizzle|WeatherBall,Encore,PerishSong,Protect|Calm||M|||50|]Incineroar||PasshoBerry|Intimidate|FakeOut,ThroatChop,Protect,PartingShot|Impish||M|||50|]Sinistcha||KasibBerry|Hospitality|MatchaGotcha,Protect,RagePowder,LifeDew|Relaxed|||||50|]Kommo-o||Leftovers|Soundproof|ClangingScales,AuraSphere,ClangorousSoul,Protect|Naive||M|||50|]Gengar||Gengarite|CursedBody|ShadowBall,Disable,PerishSong,Protect|Timid||M|||50|]Maushold||WideLens|Technician|Protect,PopulationBomb,FollowMe,Encore|Jolly|||||50|
|inactive|Battle timer is ON: inactive players will automatically lose when time's up. (requested by NightshadeAI)
|
|t:|1783434183
|teamsize|p1|4
|teamsize|p2|4
|start
|switch|p1a: Whimsicott|Whimsicott, L50, M|100/100
|switch|p1b: Charizard|Charizard, L50, F|100/100
|switch|p2a: Gengar|Gengar, L50, M|100/100
|switch|p2b: Incineroar|Incineroar, L50, M|100/100
|-ability|p2b: Incineroar|Intimidate|boost
|-unboost|p1a: Whimsicott|atk|1
|-unboost|p1b: Charizard|atk|1
|turn|1
|
|t:|1783434194
|detailschange|p2a: Gengar|Gengar-Mega, L50, M
|-mega|p2a: Gengar|Gengar|Gengarite
|detailschange|p1b: Charizard|Charizard-Mega-Y, L50, F
|-mega|p1b: Charizard|Charizard|Charizardite Y
|-weather|SunnyDay|[from] ability: Drought|[of] p1b: Charizard
|move|p2b: Incineroar|Fake Out|p1b: Charizard
|-damage|p1b: Charizard|85/100
|move|p1a: Whimsicott|Tailwind|p1a: Whimsicott
|-sidestart|p1: NightshadeAI|move: Tailwind
|cant|p1b: Charizard|flinch
|move|p2a: Gengar|Perish Song|p2a: Gengar
|-start|p1a: Whimsicott|perish3|[silent]
|-start|p1b: Charizard|perish3|[silent]
|-start|p2a: Gengar|perish3|[silent]
|-start|p2b: Incineroar|perish3|[silent]
|-fieldactivate|move: Perish Song
|
|-weather|SunnyDay|[upkeep]
|-start|p1a: Whimsicott|perish3
|-start|p1b: Charizard|perish3
|-start|p2a: Gengar|perish3
|-start|p2b: Incineroar|perish3
|upkeep
|turn|2
|
|t:|1783434213
|move|p2a: Gengar|Protect|p2a: Gengar
|-singleturn|p2a: Gengar|Protect
|move|p2b: Incineroar|Protect|p2b: Incineroar
|-singleturn|p2b: Incineroar|Protect
|move|p1a: Whimsicott|Moonblast|p2a: Gengar
|-activate|p2a: Gengar|move: Protect
|move|p1b: Charizard|Heat Wave|p2a: Gengar|[spread] 
|-activate|p2a: Gengar|move: Protect
|-activate|p2b: Incineroar|move: Protect
|
|-weather|SunnyDay|[upkeep]
|-start|p1a: Whimsicott|perish2
|-start|p1b: Charizard|perish2
|-start|p2a: Gengar|perish2
|-start|p2b: Incineroar|perish2
|upkeep
|turn|3
|
|t:|1783434225
|switch|p2a: Politoed|Politoed, L50, M|100/100
|-weather|RainDance|[from] ability: Drizzle|[of] p2a: Politoed
|move|p1a: Whimsicott|Moonblast|p2b: Incineroar
|-damage|p2b: Incineroar|74/100
|move|p1b: Charizard|Heat Wave|p2b: Incineroar|[spread] p2a,p2b
|-resisted|p2a: Politoed|1
|-resisted|p2b: Incineroar|1
|-damage|p2a: Politoed|90/100
|-damage|p2b: Incineroar|62/100
|move|p2b: Incineroar|Parting Shot|p1b: Charizard
|-unboost|p1b: Charizard|atk|1
|-unboost|p1b: Charizard|spa|1
|
|t:|1783434237
|switch|p2b: Gengar|Gengar-Mega, L50, M|100/100|[from] Parting Shot
|
|-weather|RainDance|[upkeep]
|-start|p1a: Whimsicott|perish1
|-start|p1b: Charizard|perish1
|upkeep
|turn|4
|
|t:|1783434240
|switch|p2a: Incineroar|Incineroar, L50, M|62/100
|-ability|p2a: Incineroar|Intimidate|boost
|-unboost|p1a: Whimsicott|atk|1
|-unboost|p1b: Charizard|atk|1
|move|p1a: Whimsicott|Protect|p1a: Whimsicott
|-singleturn|p1a: Whimsicott|Protect
|move|p1b: Charizard|Protect|p1b: Charizard
|-singleturn|p1b: Charizard|Protect
|move|p2b: Gengar|Protect||[still]
|-fail|p2b: Gengar
|
|-weather|RainDance|[upkeep]
|-start|p1a: Whimsicott|perish0
|-start|p1b: Charizard|perish0
|-sideend|p1: NightshadeAI|move: Tailwind
|faint|p1a: Whimsicott
|faint|p1b: Charizard
|upkeep
|
|t:|1783434240
|switch|p1a: Basculegion|Basculegion, L50, M|100/100
|switch|p1b: Garchomp|Garchomp, L50, M|100/100
|turn|5
|
|t:|1783434257
|move|p2a: Incineroar|Fake Out|p1b: Garchomp
|-damage|p1b: Garchomp|90/100
|-damage|p2a: Incineroar|50/100g|[from] ability: Rough Skin|[of] p1b: Garchomp
|move|p2b: Gengar|Perish Song|p2b: Gengar
|-start|p1a: Basculegion|perish3|[silent]
|-start|p1b: Garchomp|perish3|[silent]
|-start|p2a: Incineroar|perish3|[silent]
|-start|p2b: Gengar|perish3|[silent]
|-fieldactivate|move: Perish Song
|cant|p1b: Garchomp|flinch
|move|p1a: Basculegion|Wave Crash|p2a: Incineroar
|-supereffective|p2a: Incineroar|1
|-enditem|p2a: Incineroar|Passho Berry|[eat]
|-enditem|p2a: Incineroar|Passho Berry|[weaken]
|-damage|p2a: Incineroar|0 fnt
|faint|p2a: Incineroar
|-damage|p1a: Basculegion|84/100|[from] Recoil
|
|-weather|RainDance|[upkeep]
|-start|p2b: Gengar|perish3
|-start|p1b: Garchomp|perish3
|-start|p1a: Basculegion|perish3
|upkeep
|
|t:|1783434268
|switch|p2a: Kommo-o|Kommo-o, L50, M|100/100
|turn|6
|
|t:|1783434272
|move|p2b: Gengar|Protect|p2b: Gengar
|-singleturn|p2b: Gengar|Protect
|move|p2a: Kommo-o|Protect|p2a: Kommo-o
|-singleturn|p2a: Kommo-o|Protect
|move|p1b: Garchomp|Dragon Claw|p2a: Kommo-o
|-activate|p2a: Kommo-o|move: Protect
|move|p1a: Basculegion|Last Respects|p2b: Gengar
|-activate|p2b: Gengar|move: Protect
|
|-weather|RainDance|[upkeep]
|-start|p2b: Gengar|perish2
|-start|p1b: Garchomp|perish2
|-start|p1a: Basculegion|perish2
|upkeep
|turn|7
|
|t:|1783434279
|switch|p2b: Politoed|Politoed, L50, M|90/100
|move|p2a: Kommo-o|Clanging Scales|p1a: Basculegion|[spread] p1a,p1b
|-supereffective|p1b: Garchomp|1
|-damage|p1a: Basculegion|55/100
|-damage|p1b: Garchomp|36/100
|-unboost|p2a: Kommo-o|def|1
|move|p1b: Garchomp|Dragon Claw|p2a: Kommo-o
|-supereffective|p2a: Kommo-o|1
|-damage|p2a: Kommo-o|0 fnt
|faint|p2a: Kommo-o
|-damage|p1b: Garchomp|26/100|[from] item: Life Orb
|move|p1a: Basculegion|Last Respects|p2b: Politoed
|-damage|p2b: Politoed|0 fnt
|faint|p2b: Politoed
|
|-weather|none
|-start|p1b: Garchomp|perish1
|-start|p1a: Basculegion|perish1
|upkeep
|
|t:|1783434286
|switch|p2b: Gengar|Gengar-Mega, L50, M|100/100
|turn|8
|
|t:|1783434288
|move|p2b: Gengar|Protect|p2b: Gengar
|-singleturn|p2b: Gengar|Protect
|move|p1b: Garchomp|Earthquake|p2b: Gengar|[spread] p1a
|-activate|p2b: Gengar|move: Protect
|-damage|p1a: Basculegion|0 fnt
|faint|p1a: Basculegion
|-damage|p1b: Garchomp|16/100|[from] item: Life Orb
|
|-start|p1b: Garchomp|perish0
|faint|p1b: Garchomp
|
|win|theberrybandit
|raw|NightshadeAI's rating: 1112 → 1088(-24 for losing)
|raw|theberrybandit's rating: 1129 → 1153(+24 for winning)
|l|☆NightshadeAI
|player|p1|
