|j|☆Joker113
|j|☆lox1sm
|html|Joker113lox1sm    
|uhtml|bestof|Game 3 of a best-of-3
|t:|1783184816
|gametype|doubles
|player|p1|Joker113|169|1150
|player|p2|lox1sm|veteran|1252
|gen|9
|tier|[Gen 9 Champions] VGC 2026 Reg M-B (Bo3)
|rated|
|rule|Species Clause: Limit one of each Pokémon
|rule|Item Clause: Limit 1 of each item
|clearpoke
|poke|p1|Garchomp, L50, M|
|poke|p1|Maushold, L50|
|poke|p1|Incineroar, L50, F|
|poke|p1|Whimsicott, L50, F|
|poke|p1|Charizard, L50, F|
|poke|p1|Sneasler, L50, F|
|poke|p2|Charizard, L50, M|
|poke|p2|Aerodactyl, L50, F|
|poke|p2|Garchomp, L50, M|
|poke|p2|Kingambit, L50, F|
|poke|p2|Farigiraf, L50, F|
|poke|p2|Primarina, L50, F|
|teampreview|4
|showteam|p1|Garchomp||ChoiceScarf|SandVeil|Earthquake,DragonClaw,Crunch,RockSlide|Adamant||M|||50|]Maushold||WideLens|Technician|PopulationBomb,FollowMe,ThunderWave,Protect|Adamant|||||50|]Incineroar||SitrusBerry|Intimidate|FlareBlitz,FakeOut,PartingShot,DarkestLariat|Serious||F|||50|]Whimsicott||FocusSash|Prankster|Encore,Endeavor,Moonblast,Tailwind|Bold||F|||50|]Charizard||CharizarditeY|SolarPower|HeatWave,Protect,SolarBeam,WeatherBall|Modest||F|||50|]Sneasler||WhiteHerb|Unburden|CloseCombat,FakeOut,DireClaw,Protect|Adamant||F|||50|
|showteam|p2|Charizard||CharizarditeY|Blaze|HeatWave,WeatherBall,SolarBeam,Protect|Modest||M|||50|]Aerodactyl||Aerodactylite|Unnerve|RockSlide,IceFang,Tailwind,Protect|Jolly||F|||50|]Garchomp||LifeOrb|RoughSkin|DragonClaw,Earthquake,RockSlide,Protect|Jolly||M|||50|]Kingambit||FocusSash|Defiant|KowtowCleave,SuckerPunch,IronHead,LowKick|Adamant||F|||50|]Farigiraf||ExpertBelt|ArmorTail|Psychic,DazzlingGleam,Thunderbolt,TrickRoom|Modest||F|||50|]Primarina||MysticWater|LiquidVoice|HyperVoice,Moonblast,Haze,Protect|Modest||F|||50|
|inactive|Battle timer is ON: inactive players will automatically lose when time's up. (requested by Joker113)
|
|t:|1783184840
|teamsize|p1|4
|teamsize|p2|4
|start
|switch|p1a: Incineroar|Incineroar, L50, F|100/100
|switch|p1b: Whimsicott|Whimsicott, L50, F|100/100
|switch|p2a: Aerodactyl|Aerodactyl, L50, F|100/100
|switch|p2b: Garchomp|Garchomp, L50, M|100/100
|-ability|p2a: Aerodactyl|Unnerve
|-ability|p1a: Incineroar|Intimidate|boost
|-unboost|p2a: Aerodactyl|atk|1
|-unboost|p2b: Garchomp|atk|1
|turn|1
|inactive|lox1sm has 30 seconds left.
|
|t:|1783184870
|switch|p2b: Farigiraf|Farigiraf, L50, F|100/100
|move|p1a: Incineroar|Fake Out||[still]
|cant|p2b: Farigiraf|ability: Armor Tail|Fake Out|[of] p1a: Incineroar
|move|p2a: Aerodactyl|Tailwind|p2a: Aerodactyl
|-sidestart|p2: lox1sm|move: Tailwind
|move|p1b: Whimsicott|Moonblast|p2b: Farigiraf
|-damage|p2b: Farigiraf|71/100
|
|upkeep
|turn|2
|inactive|Joker113 has 30 seconds left.
|inactive|lox1sm has 30 seconds left.
|l|☆Joker113
|inactive|Joker113 disconnected and has a minute to reconnect!
|player|p1|
|j|☆Joker113
|inactive|Joker113 reconnected and has 30 seconds left.
|player|p1|Joker113|169|
|
|t:|1783184904
|switch|p2a: Primarina|Primarina, L50, F|100/100
|move|p2b: Farigiraf|Dazzling Gleam|p1a: Incineroar|[spread] p1a,p1b
|-damage|p1a: Incineroar|79/100
|-damage|p1b: Whimsicott|66/100
|move|p1b: Whimsicott|Moonblast|p2a: Primarina
|-damage|p2a: Primarina|72/100
|move|p1a: Incineroar|Darkest Lariat|p2b: Farigiraf
|-supereffective|p2b: Farigiraf|1
|-damage|p2b: Farigiraf|8/100
|
|upkeep
|turn|3
|l|☆Joker113
|inactive|Joker113 disconnected and has a minute to reconnect!
|player|p1|
|j|☆Joker113
|inactive|Joker113 reconnected and has 35 seconds left.
|player|p1|Joker113|169|
|inactive|Joker113 has 30 seconds left.
|inactive|lox1sm has 30 seconds left.
|
|t:|1783184935
|move|p1b: Whimsicott|Tailwind|p1b: Whimsicott
|-sidestart|p1: Joker113|move: Tailwind
|move|p2a: Primarina|Moonblast|p1b: Whimsicott
|-crit|p1b: Whimsicott
|-damage|p1b: Whimsicott|0 fnt
|faint|p1b: Whimsicott
|move|p1a: Incineroar|Darkest Lariat|p2b: Farigiraf
|-supereffective|p2b: Farigiraf|1
|-damage|p2b: Farigiraf|0 fnt
|faint|p2b: Farigiraf
|
|upkeep
|
|t:|1783184952
|switch|p1b: Sneasler|Sneasler, L50, F|100/100
|switch|p2b: Aerodactyl|Aerodactyl, L50, F|100/100
|-ability|p2b: Aerodactyl|Unnerve
|turn|4
|l|☆Joker113
|inactive|Joker113 disconnected and has a minute to reconnect!
|player|p1|
|j|☆Joker113
|inactive|Joker113 reconnected and has 35 seconds left.
|player|p1|Joker113|169|
|inactive|Joker113 has 30 seconds left.
|
|t:|1783184982
|switch|p2a: Garchomp|Garchomp, L50, M|100/100
|detailschange|p2b: Aerodactyl|Aerodactyl-Mega, L50, F
|-mega|p2b: Aerodactyl|Aerodactyl|Aerodactylite
|move|p2b: Aerodactyl|Rock Slide|p1b: Sneasler|[spread] p1a,p1b
|-supereffective|p1a: Incineroar|1
|-resisted|p1b: Sneasler|1
|-damage|p1a: Incineroar|32/100
|-damage|p1b: Sneasler|77/100
|-enditem|p1a: Incineroar|Sitrus Berry|[eat]
|-heal|p1a: Incineroar|56/100|[from] item: Sitrus Berry
|move|p1b: Sneasler|Dire Claw|p2a: Garchomp
|-resisted|p2a: Garchomp|1
|-damage|p2a: Garchomp|77/100
|-damage|p1b: Sneasler|64/100|[from] ability: Rough Skin|[of] p2a: Garchomp
|cant|p1a: Incineroar|flinch
|
|-sideend|p2: lox1sm|move: Tailwind
|upkeep
|turn|5
|
|t:|1783185003
|move|p2a: Garchomp|Protect|p2a: Garchomp
|-singleturn|p2a: Garchomp|Protect
|move|p1b: Sneasler|Close Combat|p2b: Aerodactyl
|-damage|p2b: Aerodactyl|28/100
|-unboost|p1b: Sneasler|def|1
|-unboost|p1b: Sneasler|spd|1
|-enditem|p1b: Sneasler|White Herb
|-clearnegativeboost|p1b: Sneasler|[silent]
|move|p2b: Aerodactyl|Tailwind|p2b: Aerodactyl
|-sidestart|p2: lox1sm|move: Tailwind
|move|p1a: Incineroar|Parting Shot|p2b: Aerodactyl
|-unboost|p2b: Aerodactyl|atk|1
|-unboost|p2b: Aerodactyl|spa|1
|
|t:|1783185014
|switch|p1a: Charizard|Charizard, L50, F|100/100|[from] Parting Shot
|
|upkeep
|turn|6
|l|☆Joker113
|inactive|Joker113 disconnected and has a minute to reconnect!
|player|p1|
|inactive|Joker113 has 30 seconds left.
|j|☆Joker113
|inactive|Joker113 reconnected and has 30 seconds left.
|player|p1|Joker113|169|
|
|t:|1783185046
|switch|p2b: Primarina|Primarina, L50, F|72/100
|switch|p1a: Incineroar|Incineroar, L50, F|56/100
|-ability|p1a: Incineroar|Intimidate|boost
|-unboost|p2a: Garchomp|atk|1
|-unboost|p2b: Primarina|atk|1
|move|p1b: Sneasler|Dire Claw|p2a: Garchomp
|-resisted|p2a: Garchomp|1
|-damage|p2a: Garchomp|51/100
|-status|p2a: Garchomp|slp
|-damage|p1b: Sneasler|52/100|[from] ability: Rough Skin|[of] p2a: Garchomp
|cant|p2a: Garchomp|slp
|
|-sideend|p1: Joker113|move: Tailwind
|upkeep
|turn|7
|c|☆lox1sm|ma porcodio
|inactive|lox1sm has 30 seconds left.
|inactive|lox1sm has 20 seconds left.
|inactive|lox1sm has 15 seconds left.
|inactive|lox1sm has 10 seconds left.
|
|t:|1783185093
|move|p1b: Sneasler|Dire Claw|p2b: Primarina
|-supereffective|p2b: Primarina|1
|-damage|p2b: Primarina|0 fnt
|faint|p2b: Primarina
|cant|p2a: Garchomp|slp
|move|p1a: Incineroar|Parting Shot|p2a: Garchomp
|-unboost|p2a: Garchomp|atk|1
|-unboost|p2a: Garchomp|spa|1
|
|t:|1783185098
|switch|p1a: Charizard|Charizard, L50, F|100/100|[from] Parting Shot
|
|upkeep
|
|t:|1783185100
|switch|p2b: Aerodactyl|Aerodactyl-Mega, L50, F|28/100
|turn|8
|
|t:|1783185119
|switch|p1a: Incineroar|Incineroar, L50, F|56/100
|-ability|p1a: Incineroar|Intimidate|boost
|-unboost|p2a: Garchomp|atk|1
|-unboost|p2b: Aerodactyl|atk|1
|move|p2b: Aerodactyl|Rock Slide|p1b: Sneasler|[spread] p1a,p1b
|-supereffective|p1a: Incineroar|1
|-resisted|p1b: Sneasler|1
|-damage|p1a: Incineroar|27/100
|-damage|p1b: Sneasler|38/100
|move|p1b: Sneasler|Dire Claw|p2b: Aerodactyl
|-resisted|p2b: Aerodactyl|1
|-damage|p2b: Aerodactyl|4/100
|-status|p2b: Aerodactyl|slp
|-curestatus|p2a: Garchomp|slp|[msg]
|move|p2a: Garchomp|Earthquake|p1b: Sneasler|[spread] p1a,p1b
|-immune|p2b: Aerodactyl
|-supereffective|p1a: Incineroar|1
|-supereffective|p1b: Sneasler|1
|-damage|p1a: Incineroar|0 fnt
|-damage|p1b: Sneasler|0 fnt
|faint|p1a: Incineroar
|faint|p1b: Sneasler
|-damage|p2a: Garchomp|42/100|[from] item: Life Orb
|
|-sideend|p2: lox1sm|move: Tailwind
|upkeep
|
|t:|1783185122
|switch|p1b: Charizard|Charizard, L50, F|100/100
|turn|9
|
|t:|1783185144
|detailschange|p1b: Charizard|Charizard-Mega-Y, L50, F
|-mega|p1b: Charizard|Charizard|Charizardite Y
|-weather|SunnyDay|[from] ability: Drought|[of] p1b: Charizard
|cant|p2b: Aerodactyl|slp
|move|p2a: Garchomp|Rock Slide|p1b: Charizard
|-supereffective|p1b: Charizard|2
|-damage|p1b: Charizard|24/100
|-damage|p2a: Garchomp|32/100|[from] item: Life Orb
|move|p1b: Charizard|Weather Ball|p2a: Garchomp
|-resisted|p2a: Garchomp|1
|-damage|p2a: Garchomp|0 fnt
|faint|p2a: Garchomp
|
|-weather|SunnyDay|[upkeep]
|upkeep
|turn|10
|
|t:|1783185160
|cant|p2b: Aerodactyl|slp
|move|p1b: Charizard|Weather Ball|p2b: Aerodactyl
|-resisted|p2b: Aerodactyl|1
|-damage|p2b: Aerodactyl|0 fnt
|faint|p2b: Aerodactyl
|
|win|Joker113
|raw|Joker113's rating: 1150 → 1182(+32 for winning)
|raw|lox1sm's rating: 1252 → 1220(-32 for losing)
|c|☆lox1sm|ma diocane
|l|☆lox1sm
|player|p2|
|j|☆lox1sm
|player|p2|lox1sm|veteran|
|l|☆Joker113
|player|p1|
