|j|☆cam420
|j|☆arno bin
|html|cam420arno bin    
|uhtml|bestof|Game 1 of a best-of-3
|t:|1783314714
|gametype|doubles
|player|p1|cam420|carmine-festival|
|player|p2|arno bin|allister-unmasked|
|gen|9
|tier|[Gen 9 Champions] VGC 2026 Reg M-B (Bo3)
|rule|Species Clause: Limit one of each Pokémon
|rule|Item Clause: Limit 1 of each item
|clearpoke
|poke|p1|Staraptor, L50, F, shiny|
|poke|p1|Grimmsnarl, L50, M, shiny|
|poke|p1|Sinistcha, L50|
|poke|p1|Sylveon, L50, M, shiny|
|poke|p1|Garchomp, L50, F|
|poke|p1|Gholdengo, L50|
|poke|p2|Meowstic, L50, M|
|poke|p2|Delphox, L50, M, shiny|
|poke|p2|Sableye, L50, M|
|poke|p2|Sneasler, L50, M|
|poke|p2|Overqwil, L50, M, shiny|
|poke|p2|Klefki, L50, M|
|teampreview|4
|showteam|p1|Staraptor||Staraptite|Intimidate|BraveBird,CloseCombat,Roost,Protect|Jolly||F|||50|]Grimmsnarl||LightClay|Prankster|LightScreen,Reflect,PartingShot,FoulPlay|Careful||M|||50|]Sinistcha||KasibBerry|Hospitality|MatchaGotcha,RagePowder,StrengthSap,Protect|Bold|||||50|]Sylveon||FairyFeather|Pixilate|HyperBeam,BabyDollEyes,Detect,HyperVoice|Modest||M|||50|]Garchomp||ChoiceScarf|RoughSkin|Earthquake,StompingTantrum,DragonClaw,RockTomb|Adamant||F|||50|]Gholdengo||LifeOrb|GoodasGold|MakeItRain,ShadowBall,Protect,NastyPlot|Timid|||||50|
|showteam|p2|Meowstic||BrightPowder|Prankster|Yawn,SkillSwap,SunnyDay,FakeOut|Impish||M|||50|]Delphox||Delphoxite|Blaze|HeatWave,StoredPower,PsychUp,Protect|Timid||M|||50|]Sableye||Sablenite|Prankster|FoulPlay,DarkPulse,PainSplit,PsychUp|Sassy||M|||50|]Sneasler||FocusSash|PoisonTouch|FakeOut,PoisonJab,CloseCombat,QuickGuard|Jolly||M|||50|]Overqwil||Leftovers|Intimidate|BarbBarrage,Minimize,Stockpile,Protect|Careful||M|||50|]Klefki||SitrusBerry|Prankster|DrainingKiss,CalmMind,Substitute,PsychUp|Bold||M|||50|
|inactive|Battle timer is ON: inactive players will automatically lose when time's up. (requested by arno bin)
|inactiveoff|Battle timer is now OFF.
|
|t:|1783314740
|teamsize|p1|4
|teamsize|p2|4
|start
|switch|p1a: Staraptor|Staraptor, L50, F, shiny|100/100
|switch|p1b: Grimmsnarl|Grimmsnarl, L50, M, shiny|100/100
|switch|p2a: Meowstic|Meowstic, L50, M|100/100
|switch|p2b: Overqwil|Overqwil, L50, M, shiny|100/100
|-ability|p1a: Staraptor|Intimidate|boost
|-unboost|p2a: Meowstic|atk|1
|-unboost|p2b: Overqwil|atk|1
|-ability|p2b: Overqwil|Intimidate|boost
|-unboost|p1a: Staraptor|atk|1
|-unboost|p1b: Grimmsnarl|atk|1
|turn|1
|
|t:|1783314759
|detailschange|p1a: Staraptor|Staraptor-Mega, L50, F, shiny
|-mega|p1a: Staraptor|Staraptor|Staraptite
|move|p2a: Meowstic|Fake Out|p1a: Staraptor
|-damage|p1a: Staraptor|95/100
|move|p1b: Grimmsnarl|Reflect|p1b: Grimmsnarl
|-sidestart|p1: cam420|Reflect
|cant|p1a: Staraptor|flinch
|move|p2b: Overqwil|Minimize|p2b: Overqwil
|-boost|p2b: Overqwil|evasion|2
|
|upkeep
|turn|2
|
|t:|1783314781
|move|p2a: Meowstic|Skill Swap|p2b: Overqwil
|-activate|p2a: Meowstic|Skill Swap|||[of] p2b: Overqwil
|-ability|p2a: Meowstic|Intimidate|boost
|-boost|p1a: Staraptor|atk|1
|-unboost|p1b: Grimmsnarl|atk|1
|move|p2b: Overqwil|Minimize|p2b: Overqwil
|-boost|p2b: Overqwil|evasion|2
|move|p1b: Grimmsnarl|Light Screen|p1b: Grimmsnarl
|-sidestart|p1: cam420|move: Light Screen
|move|p1a: Staraptor|Close Combat|p2b: Overqwil
|-damage|p2b: Overqwil|46/100
|-boost|p1a: Staraptor|def|1
|-boost|p1a: Staraptor|spd|1
|
|-heal|p2b: Overqwil|52/100|[from] item: Leftovers
|upkeep
|turn|3
|
|t:|1783314810
|move|p2b: Overqwil|Minimize|p2b: Overqwil
|-boost|p2b: Overqwil|evasion|2
|move|p1b: Grimmsnarl|Parting Shot|p1a: Staraptor
|-boost|p1a: Staraptor|atk|1
|-boost|p1a: Staraptor|spa|1
|
|t:|1783314821
|switch|p1b: Garchomp|Garchomp, L50, F|100/100|[from] Parting Shot
|move|p1a: Staraptor|Brave Bird|p2a: Meowstic
|-damage|p2a: Meowstic|22/100
|-damage|p1a: Staraptor|68/100|[from] Recoil
|move|p2a: Meowstic|Yawn|p1a: Staraptor
|-start|p1a: Staraptor|move: Yawn|[of] p2a: Meowstic
|
|-heal|p2b: Overqwil|58/100|[from] item: Leftovers
|upkeep
|turn|4
|
|t:|1783314847
|move|p2b: Overqwil|Stockpile|p2b: Overqwil
|-start|p2b: Overqwil|stockpile1
|-boost|p2b: Overqwil|def|1
|-boost|p2b: Overqwil|spd|1
|move|p1b: Garchomp|Earthquake|p2a: Meowstic|[spread] p2a
|-immune|p1a: Staraptor
|-miss|p1b: Garchomp|p2b: Overqwil
|-damage|p2a: Meowstic|0 fnt
|faint|p2a: Meowstic
|move|p1a: Staraptor|Close Combat|p2b: Overqwil|[miss]
|-miss|p1a: Staraptor|p2b: Overqwil
|
|-heal|p2b: Overqwil|65/100|[from] item: Leftovers
|-end|p1a: Staraptor|move: Yawn|[silent]
|-status|p1a: Staraptor|slp
|upkeep
|
|t:|1783314865
|switch|p2a: Klefki|Klefki, L50, M|100/100
|turn|5
|
|t:|1783314883
|move|p2b: Overqwil|Stockpile|p2b: Overqwil
|-start|p2b: Overqwil|stockpile2
|-boost|p2b: Overqwil|def|1
|-boost|p2b: Overqwil|spd|1
|move|p2a: Klefki|Substitute|p2a: Klefki
|-start|p2a: Klefki|Substitute
|-damage|p2a: Klefki|75/100
|move|p1b: Garchomp|Earthquake|p2a: Klefki|[spread] p2a,p2b
|-immune|p1a: Staraptor
|-supereffective|p2a: Klefki|1
|-end|p2a: Klefki|Substitute
|-supereffective|p2b: Overqwil|1
|-damage|p2b: Overqwil|24/100
|cant|p1a: Staraptor|slp
|
|-heal|p2b: Overqwil|30/100|[from] item: Leftovers
|upkeep
|turn|6
|
|t:|1783314913
|move|p2b: Overqwil|Stockpile|p2b: Overqwil
|-start|p2b: Overqwil|stockpile3
|-boost|p2b: Overqwil|def|1
|-boost|p2b: Overqwil|spd|1
|move|p2a: Klefki|Psych Up|p2b: Overqwil
|-copyboost|p2a: Klefki|p2b: Overqwil|[from] move: Psych Up
|move|p1b: Garchomp|Earthquake|p2a: Klefki|[spread] 
|-immune|p1a: Staraptor
|-miss|p1b: Garchomp|p2a: Klefki
|-miss|p1b: Garchomp|p2b: Overqwil
|-curestatus|p1a: Staraptor|slp|[msg]
|move|p1a: Staraptor|Close Combat|p2b: Overqwil|[miss]
|-miss|p1a: Staraptor|p2b: Overqwil
|
|-heal|p2b: Overqwil|36/100|[from] item: Leftovers
|upkeep
|turn|7
|
|t:|1783314944
|move|p2a: Klefki|Substitute|p2a: Klefki
|-start|p2a: Klefki|Substitute
|-damage|p2a: Klefki|50/100y
|-enditem|p2a: Klefki|Sitrus Berry|[eat]
|-heal|p2a: Klefki|75/100|[from] item: Sitrus Berry
|move|p1b: Garchomp|Earthquake|p2a: Klefki|[spread] p2a,p2b
|-immune|p1a: Staraptor
|-supereffective|p2a: Klefki|1
|-end|p2a: Klefki|Substitute
|-supereffective|p2b: Overqwil|1
|-damage|p2b: Overqwil|4/100
|move|p1a: Staraptor|Close Combat|p2b: Overqwil|[miss]
|-miss|p1a: Staraptor|p2b: Overqwil
|move|p2b: Overqwil|Barb Barrage|p1a: Staraptor
|-damage|p1a: Staraptor|61/100
|
|-heal|p2b: Overqwil|10/100|[from] item: Leftovers
|upkeep
|turn|8
|
|t:|1783314968
|move|p1a: Staraptor|Protect|p1a: Staraptor
|-singleturn|p1a: Staraptor|Protect
|move|p2a: Klefki|Calm Mind|p2a: Klefki
|-boost|p2a: Klefki|spa|1
|-boost|p2a: Klefki|spd|1
|move|p1b: Garchomp|Earthquake|p2a: Klefki|[spread] 
|-activate|p1a: Staraptor|move: Protect
|-miss|p1b: Garchomp|p2a: Klefki
|-miss|p1b: Garchomp|p2b: Overqwil
|move|p2b: Overqwil|Barb Barrage|p1a: Staraptor
|-activate|p1a: Staraptor|move: Protect
|
|-heal|p2b: Overqwil|17/100|[from] item: Leftovers
|-sideend|p1: cam420|Reflect
|upkeep
|turn|9
|
|t:|1783314991
|move|p2a: Klefki|Calm Mind|p2a: Klefki
|-boost|p2a: Klefki|spa|1
|-boost|p2a: Klefki|spd|1
|move|p1b: Garchomp|Earthquake|p2b: Overqwil|[spread] p2a
|-immune|p1a: Staraptor
|-miss|p1b: Garchomp|p2b: Overqwil
|-supereffective|p2a: Klefki|1
|-damage|p2a: Klefki|48/100
|move|p1a: Staraptor|Close Combat|p2b: Overqwil
|-damage|p2b: Overqwil|0 fnt
|-boost|p1a: Staraptor|def|1
|-boost|p1a: Staraptor|spd|1
|faint|p2b: Overqwil
|
|-sideend|p1: cam420|move: Light Screen
|upkeep
|
|t:|1783315009
|switch|p2b: Delphox|Delphox, L50, M, shiny|100/100
|turn|10
|
|t:|1783315024
|detailschange|p2b: Delphox|Delphox-Mega, L50, M, shiny
|-mega|p2b: Delphox|Delphox|Delphoxite
|move|p2a: Klefki|Substitute|p2a: Klefki
|-start|p2a: Klefki|Substitute
|-damage|p2a: Klefki|23/100
|move|p1b: Garchomp|Earthquake|p2a: Klefki|[spread] 
|-immune|p1a: Staraptor
|-immune|p2b: Delphox|[from] ability: Levitate
|-miss|p1b: Garchomp|p2a: Klefki
|move|p2b: Delphox|Psych Up|p2a: Klefki
|-copyboost|p2b: Delphox|p2a: Klefki|[from] move: Psych Up
|move|p1a: Staraptor|Brave Bird|p2b: Delphox|[miss]
|-miss|p1a: Staraptor|p2b: Delphox
|
|upkeep
|turn|11
|
|t:|1783315056
|switch|p1b: Sinistcha|Sinistcha, L50|100/100
|-heal|p1a: Staraptor|86/100|[from] ability: Hospitality|[of] p1b: Sinistcha
|move|p2b: Delphox|Heat Wave|p1b: Sinistcha|[spread] p1a,p1b
|-supereffective|p1b: Sinistcha|1
|-damage|p1a: Staraptor|46/100
|-damage|p1b: Sinistcha|0 fnt
|faint|p1b: Sinistcha
|move|p1a: Staraptor|Close Combat|p2b: Delphox|[miss]
|-miss|p1a: Staraptor|p2b: Delphox
|move|p2a: Klefki|Draining Kiss|p1a: Staraptor
|-supereffective|p1a: Staraptor|1
|-damage|p1a: Staraptor|11/100
|-heal|p2a: Klefki|50/100g|[from] drain|[of] p1a: Staraptor
|
|upkeep
|
|t:|1783315077
|switch|p1b: Garchomp|Garchomp, L50, F|100/100
|turn|12
|
|t:|1783315092
|move|p2b: Delphox|Protect|p2b: Delphox
|-singleturn|p2b: Delphox|Protect
|move|p2a: Klefki|Calm Mind|p2a: Klefki
|-boost|p2a: Klefki|spa|1
|-boost|p2a: Klefki|spd|1
|move|p1b: Garchomp|Rock Tomb|p1a: Staraptor
|-damage|p1a: Staraptor|0 fnt
|faint|p1a: Staraptor
|
|upkeep
|
|t:|1783315107
|switch|p1a: Grimmsnarl|Grimmsnarl, L50, M, shiny|100/100
|turn|13
|
|t:|1783315125
|move|p2a: Klefki|Calm Mind|p2a: Klefki
|-boost|p2a: Klefki|spa|1
|-boost|p2a: Klefki|spd|0
|move|p1a: Grimmsnarl|Light Screen|p1a: Grimmsnarl
|-sidestart|p1: cam420|move: Light Screen
|move|p1b: Garchomp|Rock Tomb|p2b: Delphox
|-supereffective|p2b: Delphox|1
|-damage|p2b: Delphox|77/100
|-unboost|p2b: Delphox|spe|1
|move|p2b: Delphox|Heat Wave|p1b: Garchomp|[spread] p1a,p1b
|-resisted|p1b: Garchomp|1
|-damage|p1a: Grimmsnarl|61/100
|-damage|p1b: Garchomp|74/100
|-status|p1a: Grimmsnarl|brn
|-status|p1b: Garchomp|brn
|
|-damage|p1b: Garchomp|68/100 brn|[from] brn
|-damage|p1a: Grimmsnarl|55/100 brn|[from] brn
|upkeep
|turn|14
|
|t:|1783315161
|move|p2a: Klefki|Calm Mind|p2a: Klefki
|-boost|p2a: Klefki|spa|1
|-boost|p2a: Klefki|spd|0
|move|p1a: Grimmsnarl|Reflect|p1a: Grimmsnarl
|-sidestart|p1: cam420|Reflect
|move|p1b: Garchomp|Rock Tomb|p2b: Delphox
|-supereffective|p2b: Delphox|1
|-damage|p2b: Delphox|66/100
|-unboost|p2b: Delphox|spe|1
|move|p2b: Delphox|Psych Up|p2a: Klefki
|-copyboost|p2b: Delphox|p2a: Klefki|[from] move: Psych Up
|
|-damage|p1b: Garchomp|62/100 brn|[from] brn
|-damage|p1a: Grimmsnarl|49/100 brn|[from] brn
|upkeep
|turn|15
|
|t:|1783315189
|move|p2a: Klefki|Calm Mind|p2a: Klefki
|-boost|p2a: Klefki|spa|1
|-boost|p2a: Klefki|spd|0
|move|p1a: Grimmsnarl|Parting Shot|p2b: Delphox|[miss]
|-miss|p1a: Grimmsnarl|p2b: Delphox
|move|p1b: Garchomp|Rock Tomb|p2b: Delphox
|-supereffective|p2b: Delphox|1
|-damage|p2b: Delphox|55/100
|-unboost|p2b: Delphox|spe|1
|move|p2b: Delphox|Stored Power|p1b: Garchomp
|-damage|p1b: Garchomp|0 fnt
|faint|p1b: Garchomp
|
|-damage|p1a: Grimmsnarl|43/100 brn|[from] brn
|upkeep
|turn|16
|
|t:|1783315230
|move|p2b: Delphox|Heat Wave|p1a: Grimmsnarl
|-damage|p1a: Grimmsnarl|0 fnt
|faint|p1a: Grimmsnarl
|
|win|arno bin
|inactive|cam420 has 30 seconds to confirm battle start!
|inactive|arno bin has 30 seconds to confirm battle start!
||cam420 is ready for game 2.
||arno bin is ready for game 2.
|uhtml|next|Next: Game 2 of 3
