|j|☆bingleston iii
|j|☆Markknight05
|html|bingleston iiiMarkknight05    
|uhtml|bestof|Game 1 of a best-of-3
|t:|1785435293
|gametype|doubles
|player|p1|bingleston iii|1|1147
|player|p2|Markknight05|102|1040
|gen|9
|tier|[Gen 9 Champions] VGC 2026 Reg M-B (Bo3)
|rated|
|rule|Species Clause: Limit one of each Pokémon
|rule|Item Clause: Limit 1 of each item
|clearpoke
|poke|p1|Raichu, L50, M|
|poke|p1|Jolteon, L50, F|
|poke|p1|Talonflame, L50, F|
|poke|p1|Vanilluxe, L50, M|
|poke|p1|Tsareena, L50, F|
|poke|p1|Basculegion, L50, M|
|poke|p2|Scolipede, L50, F|
|poke|p2|Incineroar, L50, F|
|poke|p2|Golurk, L50|
|poke|p2|Aurorus, L50, M|
|poke|p2|Sinistcha, L50|
|poke|p2|Liepard, L50, M|
|teampreview|4
|showteam|p1|Raichu||RaichuniteX|LightningRod|RisingVoltage,GrassKnot,FakeOut,Protect|Timid||M|||50|]Jolteon||FocusSash|VoltAbsorb|RisingVoltage,Discharge,WeatherBall,Detect|Timid||F|||50|]Talonflame|||GaleWings|Acrobatics,Taunt,Tailwind,Protect|Jolly||F|||50|]Vanilluxe||LifeOrb|SnowWarning|Blizzard,FreezeDry,IceShard,Protect|Modest||M|||50|]Tsareena||WideLens|QueenlyMajesty|PowerWhip,TripleAxel,HighJumpKick,Protect|Adamant||F|||50|]Basculegion||ChoiceScarf|Adaptability|WaveCrash,LastRespects,FlipTurn,Soak|Jolly||M|||50|
|showteam|p2|Scolipede||FocusSash|SpeedBoost|SwordsDance,Protect,BatonPass,PoisonJab|Impish||F|||50|]Incineroar||SitrusBerry|Intimidate|FakeOut,FlareBlitz,PartingShot,ThroatChop|Impish||F|||50|]Golurk||Golurkite|IronFist|DrainPunch,ShadowPunch,HeadlongRush,Protect|Adamant|||||50|]Aurorus||Leftovers|SnowWarning|AncientPower,AuroraVeil,FreezeDry,Protect|Bold||M|||50|]Sinistcha||KasibBerry|Hospitality|RagePowder,Protect,TrickRoom,MatchaGotcha|Bold|||||50|]Liepard||BrightPowder|Prankster|DoubleTeam,BatonPass,Substitute,Yawn|Bold||M|||50|
|inactive|Battle timer is ON: inactive players will automatically lose when time's up. (requested by Markknight05)
|
|t:|1785435348
|teamsize|p1|4
|teamsize|p2|4
|start
|switch|p1a: Raichu|Raichu, L50, M|100/100
|switch|p1b: Talonflame|Talonflame, L50, F|100/100
|switch|p2a: Liepard|Liepard, L50, M|100/100
|switch|p2b: Sinistcha|Sinistcha, L50|100/100
|turn|1
|inactive|Markknight05 has 30 seconds left.
|
|t:|1785435379
|move|p1a: Raichu|Fake Out|p2a: Liepard
|-damage|p2a: Liepard|90/100
|cant|p2a: Liepard|flinch
|move|p1b: Talonflame|Taunt|p2a: Liepard
|-start|p2a: Liepard|move: Taunt
|move|p2b: Sinistcha|Trick Room|p2b: Sinistcha
|-fieldstart|move: Trick Room|[of] p2b: Sinistcha
|
|upkeep
|turn|2
|inactive|bingleston iii has 30 seconds left.
|
|t:|1785435405
|switch|p2a: Golurk|Golurk, L50|100/100
|switch|p1b: Vanilluxe|Vanilluxe, L50, M|100/100
|-weather|Snowscape|[from] ability: Snow Warning|[of] p1b: Vanilluxe
|detailschange|p1a: Raichu|Raichu-Mega-X, L50, M
|-mega|p1a: Raichu|Raichu|Raichunite X
|-fieldstart|move: Electric Terrain|[from] ability: Electric Surge|[of] p1a: Raichu
|move|p2b: Sinistcha|Matcha Gotcha|p1a: Raichu|[spread] p1a,p1b
|-damage|p1a: Raichu|63/100
|-damage|p1b: Vanilluxe|71/100
|-status|p1a: Raichu|brn
|move|p1a: Raichu|Grass Knot|p2a: Golurk
|-supereffective|p2a: Golurk|1
|-damage|p2a: Golurk|20/100y
|
|-weather|Snowscape|[upkeep]
|-damage|p1a: Raichu|58/100 brn|[from] brn
|upkeep
|turn|3
|inactive|bingleston iii has 30 seconds left.
|inactive|Markknight05 has 30 seconds left.
|inactive|bingleston iii has 20 seconds left.
|inactive|Markknight05 has 20 seconds left.
|
|t:|1785435444
|switch|p1a: Talonflame|Talonflame, L50, F|100/100
|detailschange|p2a: Golurk|Golurk-Mega, L50
|-mega|p2a: Golurk|Golurk|Golurkite
|move|p2b: Sinistcha|Rage Powder|p2b: Sinistcha
|-singleturn|p2b: Sinistcha|move: Rage Powder
|move|p1b: Vanilluxe|Ice Shard|p2b: Sinistcha
|-supereffective|p2b: Sinistcha|1
|-damage|p2b: Sinistcha|75/100
|-damage|p1b: Vanilluxe|61/100|[from] item: Life Orb
|move|p2a: Golurk|Headlong Rush|p1a: Talonflame
|-immune|p1a: Talonflame
|
|-weather|Snowscape|[upkeep]
|upkeep
|turn|4
|
|t:|1785435464
|move|p2b: Sinistcha|Rage Powder|p2b: Sinistcha
|-singleturn|p2b: Sinistcha|move: Rage Powder
|move|p1b: Vanilluxe|Ice Shard|p2b: Sinistcha
|-supereffective|p2b: Sinistcha|1
|-damage|p2b: Sinistcha|51/100
|-damage|p1b: Vanilluxe|52/100|[from] item: Life Orb
|move|p1a: Talonflame|Acrobatics|p2b: Sinistcha
|-supereffective|p2b: Sinistcha|1
|-damage|p2b: Sinistcha|0 fnt
|faint|p2b: Sinistcha
|move|p2a: Golurk|Drain Punch|p1b: Vanilluxe
|-supereffective|p1b: Vanilluxe|1
|-damage|p1b: Vanilluxe|0 fnt
|-heal|p2a: Golurk|44/100|[from] drain|[of] p1b: Vanilluxe
|faint|p1b: Vanilluxe
|
|-weather|Snowscape|[upkeep]
|upkeep
|
|t:|1785435483
|switch|p2b: Liepard|Liepard, L50, M|90/100
|switch|p1b: Jolteon|Jolteon, L50, F|100/100
|turn|5
|
|t:|1785435505
|move|p1b: Jolteon|Detect|p1b: Jolteon
|-singleturn|p1b: Jolteon|Protect
|move|p2b: Liepard|Double Team|p2b: Liepard
|-boost|p2b: Liepard|evasion|1
|move|p2a: Golurk|Drain Punch|p1b: Jolteon
|-ability|p2a: Golurk|Unseen Fist
|-zbroken|p1b: Jolteon
|-damage|p1b: Jolteon|85/100
|-heal|p2a: Golurk|50/100g|[from] drain|[of] p1b: Jolteon
|move|p1a: Talonflame|Taunt|p2b: Liepard|[miss]
|-miss|p1a: Talonflame|p2b: Liepard
|
|-weather|Snowscape|[upkeep]
|-fieldend|move: Trick Room
|upkeep
|turn|6
|inactive|bingleston iii has 30 seconds left.
|inactive|Markknight05 has 30 seconds left.
|inactive|bingleston iii has 20 seconds left.
|
|t:|1785435541
|move|p2a: Golurk|Protect|p2a: Golurk
|-singleturn|p2a: Golurk|Protect
|move|p2b: Liepard|Substitute|p2b: Liepard
|-start|p2b: Liepard|Substitute
|-damage|p2b: Liepard|66/100
|move|p1b: Jolteon|Weather Ball|p2a: Golurk
|-activate|p2a: Golurk|move: Protect
|move|p1a: Talonflame|Taunt|p2b: Liepard|[miss]
|-miss|p1a: Talonflame|p2b: Liepard
|
|-weather|none
|-fieldend|move: Electric Terrain
|upkeep
|turn|7
|inactive|Markknight05 has 30 seconds left.
|
|t:|1785435566
|switch|p1b: Raichu|Raichu-Mega-X, L50, M|58/100 brn
|-fieldstart|move: Electric Terrain|[from] ability: Electric Surge|[of] p1b: Raichu
|move|p2b: Liepard|Double Team|p2b: Liepard
|-boost|p2b: Liepard|evasion|1
|move|p1a: Talonflame|Taunt|p2b: Liepard
|-start|p2b: Liepard|move: Taunt
|move|p2a: Golurk|Headlong Rush|p1b: Raichu
|-supereffective|p1b: Raichu|1
|-damage|p1b: Raichu|0 fnt
|-unboost|p2a: Golurk|def|1
|-unboost|p2a: Golurk|spd|1
|faint|p1b: Raichu
|
|upkeep
|
|t:|1785435577
|switch|p1b: Jolteon|Jolteon, L50, F|85/100
|turn|8
|
|t:|1785435593
|move|p2a: Golurk|Protect|p2a: Golurk
|-singleturn|p2a: Golurk|Protect
|move|p1a: Talonflame|Acrobatics|p2a: Golurk
|-activate|p2a: Golurk|move: Protect
|move|p1b: Jolteon|Rising Voltage|p2b: Liepard
|-hint|Rising Voltage's BP doubled on grounded target.
|-end|p2b: Liepard|Substitute
|-activate|p2b: Liepard|move: Struggle
|move|p2b: Liepard|Struggle|p1a: Talonflame
|-damage|p1a: Talonflame|85/100
|-damage|p2b: Liepard|40/100|[from] recoil
|
|upkeep
|turn|9
|
|t:|1785435607
|move|p1b: Jolteon|Rising Voltage|p2b: Liepard|[miss]
|-miss|p1b: Jolteon|p2b: Liepard
|move|p1a: Talonflame|Acrobatics|p2a: Golurk
|-damage|p2a: Golurk|0 fnt
|faint|p2a: Golurk
|-activate|p2b: Liepard|move: Struggle
|move|p2b: Liepard|Struggle|p1a: Talonflame
|-damage|p1a: Talonflame|69/100
|-damage|p2b: Liepard|15/100|[from] recoil
|
|upkeep
|
|t:|1785435617
|switch|p2a: Scolipede|Scolipede, L50, F|100/100
|turn|10
|inactive|bingleston iii has 30 seconds left.
|inactive|bingleston iii has 20 seconds left.
|
|t:|1785435657
|move|p2a: Scolipede|Protect|p2a: Scolipede
|-singleturn|p2a: Scolipede|Protect
|move|p1b: Jolteon|Rising Voltage|p2b: Liepard|[miss]
|-miss|p1b: Jolteon|p2b: Liepard
|move|p1a: Talonflame|Acrobatics|p2b: Liepard
|-damage|p2b: Liepard|0 fnt
|faint|p2b: Liepard
|
|-ability|p2a: Scolipede|Speed Boost|boost
|-boost|p2a: Scolipede|spe|1
|upkeep
|turn|11
|inactive|Markknight05 has 30 seconds left.
|
|t:|1785435682
|move|p1b: Jolteon|Rising Voltage|p2a: Scolipede
|-hint|Rising Voltage's BP doubled on grounded target.
|-damage|p2a: Scolipede|7/100
|move|p2a: Scolipede|Poison Jab|p1a: Talonflame
|-damage|p1a: Talonflame|24/100
|move|p1a: Talonflame|Tailwind|p1a: Talonflame
|-sidestart|p1: bingleston iii|move: Tailwind
|
|-fieldend|move: Electric Terrain
|-ability|p2a: Scolipede|Speed Boost|boost
|-boost|p2a: Scolipede|spe|1
|upkeep
|turn|12
|
|t:|1785435697
|move|p2a: Scolipede|Protect|p2a: Scolipede
|-singleturn|p2a: Scolipede|Protect
|move|p1b: Jolteon|Rising Voltage|p2a: Scolipede
|-activate|p2a: Scolipede|move: Protect
|move|p1a: Talonflame|Acrobatics|p2a: Scolipede
|-activate|p2a: Scolipede|move: Protect
|
|-ability|p2a: Scolipede|Speed Boost|boost
|-boost|p2a: Scolipede|spe|1
|upkeep
|turn|13
|
|t:|1785435709
|move|p1b: Jolteon|Rising Voltage|p2a: Scolipede
|-damage|p2a: Scolipede|0 fnt
|faint|p2a: Scolipede
|
|win|bingleston iii
||Markknight05 is ready for game 2.
||bingleston iii is ready for game 2.
|uhtml|next|Next: Game 2 of 3
|l|☆Markknight05
|player|p2|
