|j|☆MarzipanTheFirst
|j|☆standardvr
|html|MarzipanTheFirststandardvr    
|uhtml|bestof|Game 2 of a best-of-3
|t:|1785086490
|gametype|doubles
|player|p1|MarzipanTheFirst|wallace|1075
|player|p2|standardvr|170|1109
|gen|9
|tier|[Gen 9 Champions] VGC 2026 Reg M-B (Bo3)
|rated|
|rule|Species Clause: Limit one of each Pokémon
|rule|Item Clause: Limit 1 of each item
|clearpoke
|poke|p1|Dragalge, L50, M|
|poke|p1|Mamoswine, L50, F|
|poke|p1|Aerodactyl, L50, F|
|poke|p1|Lopunny, L50, F|
|poke|p1|Kingambit, L50, F|
|poke|p1|Sinistcha-Masterpiece, L50|
|poke|p2|Raichu, L50, M|
|poke|p2|Sinistcha, L50|
|poke|p2|Corviknight, L50, F|
|poke|p2|Sylveon, L50, M|
|poke|p2|Garchomp, L50, M|
|poke|p2|Tyranitar, L50, F|
|teampreview|4
|showteam|p1|Dragalge||Dragalgite|Adaptability|DracoMeteor,FlipTurn,SludgeBomb,Protect|Modest||M|||50|]Mamoswine||LifeOrb|Oblivious|IceShard,HighHorsepower,IcicleCrash,Protect|Adamant||F|||50|]Aerodactyl||FocusSash|Unnerve|RockSlide,DualWingbeat,Tailwind,Protect|Jolly||F|||50|]Lopunny||Lopunnite|CuteCharm|CloseCombat,TripleAxel,Pounce,FakeOut|Jolly||F|||50|]Kingambit||BlackGlasses|Defiant|KowtowCleave,SuckerPunch,IronHead,Protect|Adamant||F|||50|]Sinistcha-Masterpiece||ColburBerry|Hospitality|MatchaGotcha,RagePowder,TrickRoom,Protect|Bold|||||50|
|showteam|p2|Raichu||RaichuniteY|LightningRod|ZapCannon,FocusBlast,FakeOut,Protect|Timid||M|||50|]Sinistcha||KasibBerry|Hospitality|MatchaGotcha,ShadowBall,RagePowder,Protect|Modest|||||50|]Corviknight||Leftovers|MirrorArmor|IronHead,BraveBird,Tailwind,Protect|Adamant||F|||50|]Sylveon||FairyFeather|Pixilate|HyperVoice,QuickAttack,Yawn,Detect|Modest||M|||50|]Garchomp||SitrusBerry|RoughSkin|DragonClaw,StompingTantrum,RockSlide,Protect|Adamant||M|||50|]Tyranitar||FocusSash|SandStream|RockSlide,KnockOff,Superpower,Protect|Adamant||F|||50|
|j| yadonenjoyer
|l| yadonenjoyer
|inactive|Battle timer is ON: inactive players will automatically lose when time's up. (requested by standardvr)
|
|t:|1785086535
|teamsize|p1|4
|teamsize|p2|4
|start
|switch|p1a: Lopunny|Lopunny, L50, F|100/100
|switch|p1b: Kingambit|Kingambit, L50, F|100/100
|switch|p2a: Corviknight|Corviknight, L50, F|100/100
|switch|p2b: Sylveon|Sylveon, L50, M|100/100
|turn|1
|inactive|MarzipanTheFirst has 30 seconds left.
|
|t:|1785086560
|move|p1a: Lopunny|Fake Out|p2a: Corviknight
|-resisted|p2a: Corviknight|1
|-damage|p2a: Corviknight|93/100
|cant|p2a: Corviknight|flinch
|move|p2b: Sylveon|Yawn|p1b: Kingambit
|-start|p1b: Kingambit|move: Yawn|[of] p2b: Sylveon
|move|p1b: Kingambit|Iron Head|p2b: Sylveon
|-supereffective|p2b: Sylveon|1
|-damage|p2b: Sylveon|1/100
|
|-heal|p2a: Corviknight|99/100|[from] item: Leftovers
|upkeep
|turn|2
|inactive|MarzipanTheFirst has 30 seconds left.
|
|t:|1785086587
|detailschange|p1a: Lopunny|Lopunny-Mega, L50, F
|-mega|p1a: Lopunny|Lopunny|Lopunnite
|move|p2b: Sylveon|Detect|p2b: Sylveon
|-singleturn|p2b: Sylveon|Protect
|move|p1b: Kingambit|Sucker Punch|p2a: Corviknight
|-damage|p2a: Corviknight|53/100
|move|p1a: Lopunny|Close Combat|p2a: Corviknight
|-damage|p2a: Corviknight|0 fnt
|-unboost|p1a: Lopunny|def|1
|-unboost|p1a: Lopunny|spd|1
|faint|p2a: Corviknight
|
|-end|p1b: Kingambit|move: Yawn|[silent]
|-status|p1b: Kingambit|slp
|upkeep
|
|t:|1785086603
|switch|p2a: Raichu|Raichu, L50, M|100/100
|turn|3
|
|t:|1785086613
|switch|p1a: Aerodactyl|Aerodactyl, L50, F|100/100
|-ability|p1a: Aerodactyl|Unnerve
|switch|p1b: Mamoswine|Mamoswine, L50, F|100/100
|detailschange|p2a: Raichu|Raichu-Mega-Y, L50, M
|-mega|p2a: Raichu|Raichu|Raichunite Y
|move|p2a: Raichu|Fake Out|p1a: Aerodactyl
|-resisted|p1a: Aerodactyl|1
|-damage|p1a: Aerodactyl|92/100
|move|p2b: Sylveon|Hyper Voice|p1b: Mamoswine|[spread] p1a,p1b
|-damage|p1a: Aerodactyl|31/100
|-damage|p1b: Mamoswine|40/100
|
|upkeep
|turn|4
|inactive|standardvr has 30 seconds left.
|
|t:|1785086643
|move|p1a: Aerodactyl|Protect|p1a: Aerodactyl
|-singleturn|p1a: Aerodactyl|Protect
|move|p2b: Sylveon|Detect|p2b: Sylveon
|-singleturn|p2b: Sylveon|Protect
|move|p1b: Mamoswine|Ice Shard|p2a: Raichu
|-damage|p2a: Raichu|47/100
|-damage|p1b: Mamoswine|30/100|[from] item: Life Orb
|move|p2a: Raichu|Focus Blast|p1b: Mamoswine
|-supereffective|p1b: Mamoswine|1
|-damage|p1b: Mamoswine|0 fnt
|faint|p1b: Mamoswine
|
|upkeep
|
|t:|1785086656
|switch|p1b: Lopunny|Lopunny-Mega, L50, F|100/100
|turn|5
|
|t:|1785086678
|switch|p1a: Kingambit|Kingambit, L50, F|100/100 slp
|move|p2b: Sylveon|Quick Attack|p1a: Kingambit
|-damage|p1a: Kingambit|90/100 slp
|move|p1b: Lopunny|Close Combat|p2a: Raichu
|-damage|p2a: Raichu|0 fnt
|-unboost|p1b: Lopunny|def|1
|-unboost|p1b: Lopunny|spd|1
|faint|p2a: Raichu
|
|upkeep
|
|t:|1785086687
|switch|p2a: Garchomp|Garchomp, L50, M|100/100
|turn|6
|
|t:|1785086701
|cant|p1a: Kingambit|slp
|move|p1b: Lopunny|Triple Axel|p2a: Garchomp
|-supereffective|p2a: Garchomp|2
|-damage|p2a: Garchomp|73/100
|-damage|p1b: Lopunny|88/100|[from] ability: Rough Skin|[of] p2a: Garchomp
|-supereffective|p2a: Garchomp|2
|-damage|p2a: Garchomp|21/100
|-damage|p1b: Lopunny|76/100|[from] ability: Rough Skin|[of] p2a: Garchomp
|-enditem|p2a: Garchomp|Sitrus Berry|[eat]
|-heal|p2a: Garchomp|46/100|[from] item: Sitrus Berry
|-supereffective|p2a: Garchomp|2
|-damage|p2a: Garchomp|0 fnt
|-damage|p1b: Lopunny|64/100|[from] ability: Rough Skin|[of] p2a: Garchomp
|faint|p2a: Garchomp
|-hitcount|p2: Garchomp|3
|move|p2b: Sylveon|Hyper Voice|p1a: Kingambit|[spread] p1a,p1b
|-supereffective|p1b: Lopunny|1
|-damage|p1a: Kingambit|48/100 slp
|-damage|p1b: Lopunny|0 fnt
|faint|p1b: Lopunny
|
|upkeep
|
|t:|1785086714
|switch|p1b: Aerodactyl|Aerodactyl, L50, F|31/100
|-ability|p1b: Aerodactyl|Unnerve
|turn|7
|
|t:|1785086719
|-curestatus|p1a: Kingambit|slp|[msg]
|move|p1a: Kingambit|Sucker Punch|p2b: Sylveon
|-resisted|p2b: Sylveon|1
|-crit|p2b: Sylveon
|-damage|p2b: Sylveon|0 fnt
|faint|p2b: Sylveon
|
|win|MarzipanTheFirst
|raw|MarzipanTheFirst's rating: 1075 → 1107(+32 for winning)
|raw|standardvr's rating: 1109 → 1082(-27 for losing)
|c|☆MarzipanTheFirst|Ggs wp
|l|☆standardvr
|player|p2|
