|j|☆monsoonisbest
|j|☆nyakugan
|html|monsoonisbestnyakugan    
|uhtml|bestof|Game 2 of a best-of-3
|t:|1756925801
|gametype|doubles
|player|p1|monsoonisbest|101|
|player|p2|nyakugan|psychic|
|gen|9
|tier|[Gen 9] VGC 2025 Reg H (Bo3)
|rule|Species Clause: Limit one of each Pokémon
|rule|Item Clause: Limit 1 of each item
|clearpoke
|poke|p1|Garchomp, L50, F|
|poke|p1|Jumpluff, L50, M|
|poke|p1|Torkoal, L50, F|
|poke|p1|Dragonite, L50, F|
|poke|p1|Typhlosion-Hisui, L50, F|
|poke|p1|Kingambit, L50, F|
|poke|p2|Dragapult, L50, M|
|poke|p2|Sneasler, L50, M|
|poke|p2|Volcarona, L50, F|
|poke|p2|Incineroar, L50, M|
|poke|p2|Rillaboom, L50, M|
|poke|p2|Kingambit, L50, M|
|teampreview|4
|showteam|p1|Garchomp||LifeOrb|RoughSkin|DragonClaw,StompingTantrum,Earthquake,Protect|||F|||50|,,,,,Fire]Jumpluff||CovertCloak|Chlorophyll|LeafStorm,SleepPowder,Encore,Tailwind|||M|||50|,,,,,Water]Torkoal||EjectPack|Drought|Overheat,BurningJealousy,HelpingHand,Protect|||F|||50|,,,,,Flying]Dragonite||LoadedDice|Multiscale|ScaleShot,ExtremeSpeed,IceSpinner,Protect|||F|||50|,,,,,Fairy]Typhlosion-Hisui||ChoiceSpecs|Blaze|Eruption,ShadowBall,HeatWave,Overheat|||F|||50|,,,,,Fire]Kingambit||AssaultVest|Defiant|SuckerPunch,Assurance,IronHead,LowKick|||F|||50|,,,,,Flying
|showteam|p2|Dragapult||ChoiceBand|ClearBody|DragonDarts,Outrage,PhantomForce,Uturn|||M|||50|,,,,,Dragon]Sneasler||FocusSash|Unburden|CloseCombat,DireClaw,Coaching,Protect|||M|||50|,,,,,Stellar]Volcarona||GrassySeed|FlameBody|FieryDance,TeraBlast,QuiverDance,Protect|||F|||50|,,,,,Fairy]Incineroar||SafetyGoggles|Intimidate|KnockOff,FakeOut,Taunt,PartingShot|||M|||50|,,,,,Ghost]Rillaboom||AssaultVest|GrassySurge|WoodHammer,GrassyGlide,Uturn,FakeOut|||M|||50|,,,,,Fire]Kingambit||BlackGlasses|Defiant|KowtowCleave,SuckerPunch,SwordsDance,Protect|||M|||50|,,,,,Dark
|
|t:|1756925827
|teamsize|p1|4
|teamsize|p2|4
|start
|switch|p1a: Torkoal|Torkoal, L50, F|100/100
|switch|p1b: Jumpluff|Jumpluff, L50, M|100/100
|switch|p2a: Volcarona|Volcarona, L50, F|100/100
|switch|p2b: Rillaboom|Rillaboom, L50, M|100/100
|-fieldstart|move: Grassy Terrain|[from] ability: Grassy Surge|[of] p2b: Rillaboom
|-enditem|p2a: Volcarona|Grassy Seed
|-boost|p2a: Volcarona|def|1|[from] item: Grassy Seed
|-weather|SunnyDay|[from] ability: Drought|[of] p1a: Torkoal
|turn|1
|
|t:|1756925870
|move|p2b: Rillaboom|Fake Out|p1a: Torkoal
|-damage|p1a: Torkoal|90/100
|move|p1b: Jumpluff|Sleep Powder|p2a: Volcarona|[miss]
|-miss|p1b: Jumpluff|p2a: Volcarona
|move|p2a: Volcarona|Fiery Dance|p1b: Jumpluff
|-supereffective|p1b: Jumpluff
|-damage|p1b: Jumpluff|0 fnt
|-boost|p2a: Volcarona|spa|1
|faint|p1b: Jumpluff
|cant|p1a: Torkoal|flinch
|
|-weather|SunnyDay|[upkeep]
|-heal|p1a: Torkoal|96/100|[from] Grassy Terrain
|upkeep
|
|t:|1756925876
|switch|p1b: Typhlosion|Typhlosion-Hisui, L50, F|100/100
|turn|2
|inactive|Battle timer is ON: inactive players will automatically lose when time's up. (requested by monsoonisbest)
|
|t:|1756925971
|-terastallize|p1b: Typhlosion|Fire
|move|p2a: Volcarona|Protect|p2a: Volcarona
|-singleturn|p2a: Volcarona|Protect
|move|p2b: Rillaboom|Grassy Glide|p1b: Typhlosion
|-resisted|p1b: Typhlosion
|-damage|p1b: Typhlosion|73/100
|move|p1b: Typhlosion|Eruption|p2b: Rillaboom|[spread] p2b
|-activate|p2a: Volcarona|move: Protect
|-supereffective|p2b: Rillaboom
|-damage|p2b: Rillaboom|0 fnt
|faint|p2b: Rillaboom
|move|p1a: Torkoal|Overheat|p2a: Volcarona
|-activate|p2a: Volcarona|move: Protect
|
|-weather|SunnyDay|[upkeep]
|-heal|p1b: Typhlosion|79/100|[from] Grassy Terrain
|-heal|p1a: Torkoal|100/100|[from] Grassy Terrain
|upkeep
|
|t:|1756925989
|switch|p2b: Sneasler|Sneasler, L50, M, shiny|100/100
|turn|3
|inactive|nyakugan has 30 seconds left.
|
|t:|1756926022
|switch|p2a: Incineroar|Incineroar, L50, M|100/100
|-ability|p2a: Incineroar|Intimidate|boost
|-unboost|p1a: Torkoal|atk|1
|-unboost|p1b: Typhlosion|atk|1
|-enditem|p1a: Torkoal|Eject Pack
|
|t:|1756926029
|switch|p1a: Kingambit|Kingambit, L50, F|100/100
|move|p2b: Sneasler|Close Combat|p1b: Typhlosion
|-damage|p1b: Typhlosion|0 fnt
|-unboost|p2b: Sneasler|def|1
|-unboost|p2b: Sneasler|spd|1
|faint|p1b: Typhlosion
|
|-weather|SunnyDay|[upkeep]
|upkeep
|
|t:|1756926034
|switch|p1b: Torkoal|Torkoal, L50, F|100/100
|turn|4
|
|t:|1756926054
|move|p2a: Incineroar|Fake Out|p1b: Torkoal
|-damage|p1b: Torkoal|93/100
|move|p1a: Kingambit|Sucker Punch|p2b: Sneasler
|-resisted|p2b: Sneasler
|-damage|p2b: Sneasler|53/100
|move|p2b: Sneasler|Close Combat|p1a: Kingambit
|-supereffective|p1a: Kingambit
|-damage|p1a: Kingambit|0 fnt
|-unboost|p2b: Sneasler|def|1
|-unboost|p2b: Sneasler|spd|1
|faint|p1a: Kingambit
|cant|p1b: Torkoal|flinch
|
|-weather|SunnyDay|[upkeep]
|-heal|p2b: Sneasler|59/100|[from] Grassy Terrain
|-heal|p1b: Torkoal|99/100|[from] Grassy Terrain
|upkeep
|turn|5
|inactive|nyakugan has 30 seconds left.
|
|t:|1756926082
|-terastallize|p2b: Sneasler|Stellar
|move|p2b: Sneasler|Close Combat|p1b: Torkoal
|-damage|p1b: Torkoal|38/100
|-unboost|p2b: Sneasler|def|1
|-unboost|p2b: Sneasler|spd|1
|move|p2a: Incineroar|Knock Off|p1b: Torkoal
|-damage|p1b: Torkoal|16/100
|move|p1b: Torkoal|Burning Jealousy|p2b: Sneasler|[spread] p2a,p2b
|-resisted|p2a: Incineroar
|-damage|p2a: Incineroar|88/100
|-damage|p2b: Sneasler|0 fnt
|faint|p2b: Sneasler
|
|-weather|none
|-heal|p2a: Incineroar|94/100|[from] Grassy Terrain
|-heal|p1b: Torkoal|22/100|[from] Grassy Terrain
|-fieldend|move: Grassy Terrain
|upkeep
|
|t:|1756926095
|switch|p2b: Volcarona|Volcarona, L50, F|100/100
|turn|6
|
|t:|1756926101
|move|p2b: Volcarona|Tera Blast|p1b: Torkoal
|-damage|p1b: Torkoal|0 fnt
|faint|p1b: Torkoal
|
|win|nyakugan
||monsoonisbest is ready for game 3.
||nyakugan is ready for game 3.
|uhtml|next|Next: Game 3 of 3
