|j|☆Van (Dream)
|j|☆Khenzhu
|html|Van (Dream)Khenzhu    
|uhtml|bestof|Game 2 of a best-of-3
|t:|1784494454
|gametype|doubles
|player|p1|Van (Dream)|li|
|player|p2|Khenzhu|cynthia|
|gen|9
|tier|[Gen 9 Champions] VGC 2026 Reg M-B (Bo3)
|rule|Species Clause: Limit one of each Pokémon
|rule|Item Clause: Limit 1 of each item
|clearpoke
|poke|p1|Politoed, L50, M|
|poke|p1|Swampert, L50, F|
|poke|p1|Archaludon, L50, F|
|poke|p1|Gholdengo, L50|
|poke|p1|Scrafty, L50, F|
|poke|p1|Raichu, L50, F|
|poke|p2|Dragonite, L50, M|
|poke|p2|Torkoal, L50, F|
|poke|p2|Hatterene, L50, F|
|poke|p2|Vileplume, L50, M|
|poke|p2|Sneasler, L50, F|
|poke|p2|Leafeon, L50, F|
|teampreview|4
|showteam|p1|Politoed||SitrusBerry|Drizzle|WeatherBall,IcyWind,HelpingHand,Protect|Bold||M|||50|]Swampert||Swampertite|Damp|Waterfall,HighHorsepower,IcePunch,Protect|Adamant||F|||50|]Archaludon||Leftovers|Stamina|ElectroShot,FlashCannon,DracoMeteor,Protect|Modest||F|||50|]Gholdengo||LifeOrb|GoodasGold|MakeItRain,ShadowBall,PowerGem,Protect|Timid|||||50|]Scrafty||LumBerry|Intimidate|FakeOut,DrainPunch,KnockOff,Protect|Adamant||F|||50|]Raichu||FocusSash|LightningRod|FakeOut,Thunderbolt,VoltSwitch,Protect|Timid||F|||50|
|showteam|p2|Dragonite||Dragoninite|Multiscale|Tailwind,DragonPulse,AirSlash,Protect|Modest||M|||50|]Torkoal||Charcoal|Drought|HelpingHand,Eruption,Protect,WeatherBall|Bold||F|||50|]Hatterene||LifeOrb|MagicBounce|TrickRoom,DazzlingGleam,Psychic,Protect|Bold||F|||50|]Vileplume||MentalHerb|Chlorophyll|AfterYou,Protect,SleepPowder,SludgeBomb|Bold||M|||50|]Sneasler||FocusSash|PoisonTouch|CloseCombat,FakeOut,DireClaw,Protect|Jolly||F|||50|]Leafeon||CobaBerry|Chlorophyll|KnockOff,LeafBlade,Protect,SolarBlade|Adamant||F|||50|
|
|t:|1784494470
|teamsize|p1|4
|teamsize|p2|4
|start
|switch|p1a: Gholdengo|Gholdengo, L50|100/100
|switch|p1b: Scrafty|Scrafty, L50, F|100/100
|switch|p2a: Dragonite|Dragonite, L50, M|100/100
|switch|p2b: Leafeon|Leafeon, L50, F|100/100
|-ability|p1b: Scrafty|Intimidate|boost
|-unboost|p2a: Dragonite|atk|1
|-unboost|p2b: Leafeon|atk|1
|turn|1
|
|t:|1784494495
|detailschange|p2a: Dragonite|Dragonite-Mega, L50, M
|-mega|p2a: Dragonite|Dragonite|Dragoninite
|move|p1b: Scrafty|Fake Out|p2b: Leafeon
|-damage|p2b: Leafeon|85/100
|move|p1a: Gholdengo|Power Gem|p2a: Dragonite
|-supereffective|p2a: Dragonite|1
|-damage|p2a: Dragonite|70/100
|-damage|p1a: Gholdengo|90/100|[from] item: Life Orb
|cant|p2b: Leafeon|flinch
|move|p2a: Dragonite|Air Slash|p1b: Scrafty
|-supereffective|p1b: Scrafty|1
|-damage|p1b: Scrafty|19/100
|
|upkeep
|turn|2
|
|t:|1784494517
|move|p2a: Dragonite|Protect|p2a: Dragonite
|-singleturn|p2a: Dragonite|Protect
|move|p1a: Gholdengo|Power Gem|p2a: Dragonite
|-activate|p2a: Dragonite|move: Protect
|move|p2b: Leafeon|Leaf Blade|p1b: Scrafty
|-crit|p1b: Scrafty
|-damage|p1b: Scrafty|0 fnt
|faint|p1b: Scrafty
|
|upkeep
|
|t:|1784494526
|switch|p1b: Politoed|Politoed, L50, M|100/100
|-weather|RainDance|[from] ability: Drizzle|[of] p1b: Politoed
|turn|3
|
|t:|1784494549
|move|p1a: Gholdengo|Power Gem|p2a: Dragonite
|-supereffective|p2a: Dragonite|1
|-damage|p2a: Dragonite|15/100
|-damage|p1a: Gholdengo|80/100|[from] item: Life Orb
|move|p2b: Leafeon|Leaf Blade|p1b: Politoed
|-supereffective|p1b: Politoed|1
|-damage|p1b: Politoed|53/100
|move|p2a: Dragonite|Tailwind|p2a: Dragonite
|-sidestart|p2: Khenzhu|move: Tailwind
|move|p1b: Politoed|Icy Wind|p2a: Dragonite|[spread] p2a,p2b
|-supereffective|p2a: Dragonite|2
|-supereffective|p2b: Leafeon|1
|-crit|p2b: Leafeon
|-damage|p2a: Dragonite|0 fnt
|-damage|p2b: Leafeon|35/100
|-unboost|p2b: Leafeon|spe|1
|faint|p2a: Dragonite
|
|-weather|RainDance|[upkeep]
|upkeep
|
|t:|1784494566
|switch|p2a: Vileplume|Vileplume, L50, M|100/100
|turn|4
|
|t:|1784494598
|switch|p1a: Archaludon|Archaludon, L50, F|100/100
|move|p1b: Politoed|Protect|p1b: Politoed
|-singleturn|p1b: Politoed|Protect
|move|p2b: Leafeon|Knock Off|p1a: Archaludon
|-damage|p1a: Archaludon|84/100
|-ability|p1a: Archaludon|Stamina|boost
|-boost|p1a: Archaludon|def|1
|-enditem|p1a: Archaludon|Leftovers|[from] move: Knock Off|[of] p2b: Leafeon
|move|p2a: Vileplume|Sleep Powder|p1b: Politoed
|-activate|p1b: Politoed|move: Protect
|
|-weather|RainDance|[upkeep]
|upkeep
|turn|5
|
|t:|1784494637
|move|p2b: Leafeon|Leaf Blade|p1b: Politoed
|-supereffective|p1b: Politoed|1
|-damage|p1b: Politoed|3/100
|-enditem|p1b: Politoed|Sitrus Berry|[eat]
|-heal|p1b: Politoed|28/100|[from] item: Sitrus Berry
|move|p2a: Vileplume|Sleep Powder|p1b: Politoed
|-status|p1b: Politoed|slp|[from] move: Sleep Powder
|move|p1a: Archaludon|Electro Shot||[still]
|-prepare|p1a: Archaludon|Electro Shot
|-boost|p1a: Archaludon|spa|1
|-anim|p1a: Archaludon|Electro Shot|p2b: Leafeon
|-resisted|p2b: Leafeon|1
|-damage|p2b: Leafeon|0 fnt
|faint|p2b: Leafeon
|cant|p1b: Politoed|slp
|
|-weather|RainDance|[upkeep]
|upkeep
|
|t:|1784494652
|switch|p2b: Sneasler|Sneasler, L50, F|100/100
|turn|6
|
|t:|1784494666
|switch|p1b: Gholdengo|Gholdengo, L50|80/100
|move|p2b: Sneasler|Close Combat|p1a: Archaludon
|-supereffective|p1a: Archaludon|1
|-damage|p1a: Archaludon|25/100
|-unboost|p2b: Sneasler|def|1
|-unboost|p2b: Sneasler|spd|1
|-ability|p1a: Archaludon|Stamina|boost
|-boost|p1a: Archaludon|def|1
|move|p2a: Vileplume|Sludge Bomb|p1b: Gholdengo
|-immune|p1b: Gholdengo
|move|p1a: Archaludon|Electro Shot||[still]
|-prepare|p1a: Archaludon|Electro Shot
|-boost|p1a: Archaludon|spa|1
|-anim|p1a: Archaludon|Electro Shot|p2b: Sneasler
|-enditem|p2b: Sneasler|Focus Sash
|-damage|p2b: Sneasler|1/100
|
|-weather|RainDance|[upkeep]
|-sideend|p2: Khenzhu|move: Tailwind
|upkeep
|turn|7
|
|t:|1784494698
|move|p1a: Archaludon|Protect|p1a: Archaludon
|-singleturn|p1a: Archaludon|Protect
|move|p2b: Sneasler|Close Combat|p1a: Archaludon
|-activate|p1a: Archaludon|move: Protect
|move|p1b: Gholdengo|Make It Rain|p2a: Vileplume|[spread] p2a,p2b
|-damage|p2a: Vileplume|39/100
|-damage|p2b: Sneasler|0 fnt
|-unboost|p1b: Gholdengo|spa|2
|faint|p2b: Sneasler
|-damage|p1b: Gholdengo|70/100|[from] item: Life Orb
|move|p2a: Vileplume|After You||[still]
|-fail|p2a: Vileplume
|
|-weather|none
|upkeep
|turn|8
|
|t:|1784494716
|move|p1b: Gholdengo|Shadow Ball|p2a: Vileplume
|-damage|p2a: Vileplume|10/100
|-damage|p1b: Gholdengo|60/100|[from] item: Life Orb
|move|p1a: Archaludon|Flash Cannon|p2a: Vileplume
|-damage|p2a: Vileplume|0 fnt
|faint|p2a: Vileplume
|
|win|Van (Dream)
||Van (Dream) is ready for game 3.
||Khenzhu is ready for game 3.
|uhtml|next|Next: Game 3 of 3
