|j|☆random8888
|j|☆SpoonguyVGC
|html|random8888SpoonguyVGC    
|uhtml|bestof|Game 1 of a best-of-3
|t:|1783381487
|gametype|doubles
|player|p1|random8888|170|1142
|player|p2|SpoonguyVGC|265|1028
|gen|9
|tier|[Gen 9 Champions] VGC 2026 Reg M-B (Bo3)
|rated|
|rule|Species Clause: Limit one of each Pokémon
|rule|Item Clause: Limit 1 of each item
|clearpoke
|poke|p1|Dragonite, L50, M|
|poke|p1|Azumarill, L50, M|
|poke|p1|Aerodactyl, L50, F|
|poke|p1|Sinistcha, L50|
|poke|p1|Weavile, L50, M|
|poke|p1|Incineroar, L50, M|
|poke|p2|Banette, L50, M, shiny|
|poke|p2|Farigiraf, L50, F, shiny|
|poke|p2|Medicham, L50, M, shiny|
|poke|p2|Azumarill, L50, M, shiny|
|poke|p2|Sinistcha, L50, shiny|
|poke|p2|Aerodactyl, L50, F, shiny|
|teampreview|4
|showteam|p1|Dragonite||Dragoninite|Multiscale|Protect,DragonPulse,Thunderbolt,HyperBeam|Modest||M|||50|]Azumarill||SitrusBerry|HugePower|Protect,BellyDrum,AquaJet,PlayRough|Adamant||M|||50|]Aerodactyl||FocusSash|Unnerve|Protect,WideGuard,RockSlide,DualWingbeat|Jolly||F|||50|]Sinistcha||OccaBerry|Hospitality|RagePowder,Protect,MatchaGotcha,LifeDew|Calm|||||50|]Weavile||BrightPowder|Pressure|FakeOut,LowKick,TripleAxel,KnockOff|Adamant||M|||50|]Incineroar||LumBerry|Intimidate|FakeOut,DarkestLariat,FlareBlitz,PartingShot|Jolly||M|||50|
|showteam|p2|Banette||Banettite|CursedBody|Poltergeist,ShadowSneak,RolePlay,Protect|Impish||M|||50|]Farigiraf||ColburBerry|ArmorTail|TwinBeam,Thunderbolt,TrickRoom,Protect|Bold||F|||50|]Medicham||FocusSash|PurePower|FakeOut,PsychoCut,CloseCombat,Protect|Jolly||M|||50|]Azumarill||SitrusBerry|HugePower|AquaJet,PlayRough,BellyDrum,Protect|Adamant||M|||50|]Sinistcha||KasibBerry|Hospitality|MatchaGotcha,ShadowBall,RagePowder,TrickRoom|Modest|||||50|]Aerodactyl||Aerodactylite|Unnerve|RockSlide,DualWingbeat,Tailwind,Protect|Jolly||F|||50|
|c|☆random8888|azu buddies lol
|inactive|Battle timer is ON: inactive players will automatically lose when time's up. (requested by SpoonguyVGC)
|c|☆SpoonguyVGC|Azu buddies
|
|t:|1783381565
|teamsize|p1|4
|teamsize|p2|4
|start
|switch|p1a: Azumarill|Azumarill, L50, M|100/100
|switch|p1b: Sinistcha|Sinistcha, L50|100/100
|switch|p2a: Banette|Banette, L50, M, shiny|100/100
|switch|p2b: Medicham|Medicham, L50, M, shiny|100/100
|turn|1
|c|☆SpoonguyVGC|Glhf
|inactive|random8888 has 30 seconds left.
|
|t:|1783381592
|detailschange|p2a: Banette|Banette-Mega, L50, M, shiny
|-mega|p2a: Banette|Banette|Banettite
|move|p1a: Azumarill|Protect|p1a: Azumarill
|-singleturn|p1a: Azumarill|Protect
|move|p2b: Medicham|Fake Out|p1a: Azumarill
|-activate|p1a: Azumarill|move: Protect
|move|p2a: Banette|Role Play|p2b: Medicham
|-ability|p2a: Banette|Pure Power|Prankster|[from] move: Role Play|[of] p2b: Medicham
|move|p1b: Sinistcha|Matcha Gotcha|p2b: Medicham|[spread] p2a,p2b
|-damage|p2a: Banette|75/100
|-damage|p2b: Medicham|58/100
|
|upkeep
|turn|2
|
|t:|1783381608
|move|p1b: Sinistcha|Rage Powder|p1b: Sinistcha
|-singleturn|p1b: Sinistcha|move: Rage Powder
|move|p2a: Banette|Shadow Sneak|p1b: Sinistcha
|-supereffective|p1b: Sinistcha|1
|-damage|p1b: Sinistcha|22/100
|move|p2b: Medicham|Psycho Cut|p1b: Sinistcha
|-damage|p1b: Sinistcha|0 fnt
|faint|p1b: Sinistcha
|move|p1a: Azumarill|Belly Drum|p1a: Azumarill
|-damage|p1a: Azumarill|50/100y
|-setboost|p1a: Azumarill|atk|6|[from] move: Belly Drum
|-enditem|p1a: Azumarill|Sitrus Berry|[eat]
|-heal|p1a: Azumarill|74/100|[from] item: Sitrus Berry
|
|upkeep
|
|t:|1783381620
|switch|p1b: Incineroar|Incineroar, L50, M|100/100
|-ability|p1b: Incineroar|Intimidate|boost
|-unboost|p2a: Banette|atk|1
|-unboost|p2b: Medicham|atk|1
|turn|3
|inactive|SpoonguyVGC has 30 seconds left.
|inactive|random8888 has 30 seconds left.
|inactive|random8888 has 20 seconds left.
|
|t:|1783381663
|move|p1b: Incineroar|Fake Out|p2b: Medicham
|-damage|p2b: Medicham|40/100
|move|p2a: Banette|Shadow Sneak|p1a: Azumarill
|-damage|p1a: Azumarill|44/100
|move|p1a: Azumarill|Aqua Jet|p2a: Banette
|-damage|p2a: Banette|0 fnt
|faint|p2a: Banette
|cant|p2b: Medicham|flinch
|
|upkeep
|
|t:|1783381668
|switch|p2a: Azumarill|Azumarill, L50, M, shiny|100/100
|turn|4
|
|t:|1783381687
|move|p2b: Medicham|Protect|p2b: Medicham
|-singleturn|p2b: Medicham|Protect
|move|p1a: Azumarill|Aqua Jet|p2a: Azumarill
|-resisted|p2a: Azumarill|1
|-damage|p2a: Azumarill|46/100
|-enditem|p2a: Azumarill|Sitrus Berry|[eat]
|-heal|p2a: Azumarill|71/100|[from] item: Sitrus Berry
|move|p1b: Incineroar|Darkest Lariat|p2b: Medicham
|-activate|p2b: Medicham|move: Protect
|move|p2a: Azumarill|Belly Drum|p2a: Azumarill
|-damage|p2a: Azumarill|21/100
|-setboost|p2a: Azumarill|atk|6|[from] move: Belly Drum
|
|upkeep
|turn|5
|
|t:|1783381707
|switch|p2b: Aerodactyl|Aerodactyl, L50, F, shiny|100/100
|-ability|p2b: Aerodactyl|Unnerve
|move|p1a: Azumarill|Protect|p1a: Azumarill
|-singleturn|p1a: Azumarill|Protect
|move|p2a: Azumarill|Aqua Jet|p1a: Azumarill
|-activate|p1a: Azumarill|move: Protect
|move|p1b: Incineroar|Flare Blitz|p2a: Azumarill
|-resisted|p2a: Azumarill|1
|-damage|p2a: Azumarill|0 fnt
|faint|p2a: Azumarill
|-damage|p1b: Incineroar|93/100|[from] Recoil
|
|upkeep
|
|t:|1783381713
|switch|p2a: Medicham|Medicham, L50, M, shiny|40/100
|turn|6
|
|t:|1783381730
|move|p2a: Medicham|Fake Out|p1a: Azumarill
|-damage|p1a: Azumarill|25/100
|cant|p1a: Azumarill|flinch
|move|p2b: Aerodactyl|Dual Wingbeat|p1a: Azumarill
|-damage|p1a: Azumarill|7/100
|-damage|p1a: Azumarill|0 fnt
|faint|p1a: Azumarill
|-hitcount|p1: Azumarill|2
|move|p1b: Incineroar|Flare Blitz|p2a: Medicham
|-damage|p2a: Medicham|0 fnt
|faint|p2a: Medicham
|-damage|p1b: Incineroar|84/100|[from] Recoil
|
|upkeep
|
|t:|1783381743
|switch|p1a: Weavile|Weavile, L50, M|100/100
|-ability|p1a: Weavile|Pressure
|turn|7
|
|t:|1783381754
|move|p2b: Aerodactyl|Protect|p2b: Aerodactyl
|-singleturn|p2b: Aerodactyl|Protect
|move|p1a: Weavile|Triple Axel|p2b: Aerodactyl
|-activate|p2b: Aerodactyl|move: Protect
|move|p1b: Incineroar|Darkest Lariat|p2b: Aerodactyl
|-activate|p2b: Aerodactyl|move: Protect
|
|upkeep
|turn|8
|
|t:|1783381759
|move|p2b: Aerodactyl|Rock Slide|p1b: Incineroar|[spread] p1a,p1b
|-supereffective|p1a: Weavile|1
|-supereffective|p1b: Incineroar|1
|-damage|p1a: Weavile|6/100
|-damage|p1b: Incineroar|38/100
|cant|p1a: Weavile|flinch
|move|p1b: Incineroar|Darkest Lariat|p2b: Aerodactyl
|-damage|p2b: Aerodactyl|45/100
|
|upkeep
|turn|9
|
|t:|1783381772
|move|p2b: Aerodactyl|Rock Slide|p1a: Weavile|[spread] p1a,p1b
|-supereffective|p1a: Weavile|1
|-supereffective|p1b: Incineroar|1
|-damage|p1a: Weavile|0 fnt
|-damage|p1b: Incineroar|0 fnt
|faint|p1a: Weavile
|faint|p1b: Incineroar
|
|win|SpoonguyVGC
||SpoonguyVGC is ready for game 2.
|c|☆random8888|damn gg
||random8888 is ready for game 2.
|uhtml|next|Next: Game 2 of 3
|l|☆random8888
|player|p1|
