|j|☆thorton506
|j|☆ban1106
|html|thorton506ban1106    
|uhtml|bestof|Game 1 of a best-of-3
|t:|1783553862
|gametype|doubles
|player|p1|thorton506|fantina|
|player|p2|ban1106|brawly|
|gen|9
|tier|[Gen 9 Champions] VGC 2026 Reg M-B (Bo3)
|rule|Species Clause: Limit one of each Pokémon
|rule|Item Clause: Limit 1 of each item
|clearpoke
|poke|p1|Swampert, L50, M, shiny|
|poke|p1|Pelipper, L50, M, shiny|
|poke|p1|Archaludon, L50, M, shiny|
|poke|p1|Sinistcha, L50, shiny|
|poke|p1|Grimmsnarl, L50, M, shiny|
|poke|p1|Floette-Eternal, L50, F|
|poke|p2|Charizard, L50, M|
|poke|p2|Mawile, L50, F|
|poke|p2|Basculegion, L50, M|
|poke|p2|Garchomp, L50, F|
|poke|p2|Whimsicott, L50, F|
|poke|p2|Farigiraf, L50, M|
|teampreview|4
|showteam|p1|Swampert||Swampertite|Torrent|WaveCrash,Earthquake,IcePunch,Protect|Adamant||M|||50|]Pelipper||SitrusBerry|Drizzle|WeatherBall,Tailwind,Hurricane,WideGuard|Modest||M|||50|]Archaludon||Leftovers|Stamina|DragonPulse,ElectroShot,FlashCannon,Protect|Modest||M|||50|]Sinistcha||CobaBerry|Hospitality|MatchaGotcha,LifeDew,Protect,RagePowder|Relaxed|||||50|]Grimmsnarl||LightClay|Prankster|FoulPlay,PartingShot,Reflect,LightScreen|Careful||M|||50|]Floette-Eternal||Floettite|FlowerVeil|Moonblast,DazzlingGleam,CalmMind,Protect|Modest||F|||50|
|showteam|p2|Charizard||CharizarditeY|Blaze|WeatherBall,HeatWave,SolarBeam,Protect|Timid||M|||50|]Mawile||Mawilite|HyperCutter|PlayRough,SuckerPunch,BrickBreak,Protect|Adamant||F|||50|]Basculegion||MysticWater|Adaptability|WaveCrash,LastRespects,AquaJet,Protect|Adamant||M|||50|]Garchomp||LifeOrb|RoughSkin|Earthquake,DragonClaw,RockSlide,Protect|Jolly||F|||50|]Whimsicott||FocusSash|Prankster|Moonblast,Encore,Tailwind,Protect|Timid||F|||50|]Farigiraf||SitrusBerry|ArmorTail|TwinBeam,Thunderbolt,TrickRoom,HelpingHand|Bold||M|||50|
|inactive|Battle timer is ON: inactive players will automatically lose when time's up. (requested by ban1106)
|inactive|ban1106 has 60 seconds left.
|inactive|thorton506 has 60 seconds left.
|inactive|ban1106 has 30 seconds left.
|
|t:|1783553955
|teamsize|p1|4
|teamsize|p2|4
|start
|switch|p1a: Floette|Floette-Eternal, L50, F|100/100
|switch|p1b: Archaludon|Archaludon, L50, M, shiny|100/100
|switch|p2a: Charizard|Charizard, L50, M|100/100
|switch|p2b: Whimsicott|Whimsicott, L50, F|100/100
|turn|1
|inactive|thorton506 has 30 seconds left.
|inactive|ban1106 has 30 seconds left.
|inactive|thorton506 has 20 seconds left.
|
|t:|1783553993
|detailschange|p1a: Floette|Floette-Mega, L50, F
|-mega|p1a: Floette|Floette|Floettite
|-ability|p1a: Floette|Fairy Aura
|move|p2a: Charizard|Protect|p2a: Charizard
|-singleturn|p2a: Charizard|Protect
|move|p1b: Archaludon|Protect|p1b: Archaludon
|-singleturn|p1b: Archaludon|Protect
|move|p2b: Whimsicott|Moonblast|p1b: Archaludon
|-activate|p1b: Archaludon|move: Protect
|move|p1a: Floette|Dazzling Gleam|p2b: Whimsicott|[spread] p2b
|-activate|p2a: Charizard|move: Protect
|-damage|p2b: Whimsicott|12/100
|
|upkeep
|turn|2
|
|t:|1783554016
|switch|p1b: Grimmsnarl|Grimmsnarl, L50, M, shiny|100/100
|detailschange|p2a: Charizard|Charizard-Mega-Y, L50, M
|-mega|p2a: Charizard|Charizard|Charizardite Y
|-weather|SunnyDay|[from] ability: Drought|[of] p2a: Charizard
|move|p2b: Whimsicott|Encore|p1b: Grimmsnarl
|-hint|Since gen 7, Dark is immune to Prankster moves.
|-immune|p1b: Grimmsnarl
|move|p2a: Charizard|Weather Ball|p1a: Floette
|-damage|p1a: Floette|33/100
|move|p1a: Floette|Dazzling Gleam|p2a: Charizard|[spread] p2a,p2b
|-resisted|p2a: Charizard|1
|-damage|p2a: Charizard|79/100
|-damage|p2b: Whimsicott|0 fnt
|faint|p2b: Whimsicott
|
|-weather|SunnyDay|[upkeep]
|upkeep
|
|t:|1783554041
|switch|p2b: Farigiraf|Farigiraf, L50, M|100/100
|turn|3
|inactive|ban1106 has 30 seconds left.
|
|t:|1783554073
|move|p2b: Farigiraf|Helping Hand|p2a: Charizard
|-singleturn|p2a: Charizard|Helping Hand|[of] p2b: Farigiraf
|move|p1a: Floette|Protect|p1a: Floette
|-singleturn|p1a: Floette|Protect
|move|p1b: Grimmsnarl|Light Screen|p1b: Grimmsnarl
|-sidestart|p1: thorton506|move: Light Screen
|move|p2a: Charizard|Heat Wave|p1a: Floette|[spread] p1b
|-activate|p1a: Floette|move: Protect
|-damage|p1b: Grimmsnarl|43/100
|
|-weather|SunnyDay|[upkeep]
|upkeep
|turn|4
|
|t:|1783554098
|switch|p1b: Pelipper|Pelipper, L50, M, shiny|100/100
|-weather|RainDance|[from] ability: Drizzle|[of] p1b: Pelipper
|move|p2b: Farigiraf|Helping Hand|p2a: Charizard
|-singleturn|p2a: Charizard|Helping Hand|[of] p2b: Farigiraf
|move|p2a: Charizard|Heat Wave|p1b: Pelipper|[spread] p1a,p1b
|-resisted|p1b: Pelipper|1
|-damage|p1a: Floette|18/100
|-damage|p1b: Pelipper|88/100
|move|p1a: Floette|Moonblast|p2a: Charizard
|-resisted|p2a: Charizard|1
|-damage|p2a: Charizard|45/100
|
|-weather|RainDance|[upkeep]
|upkeep
|turn|5
|inactive|thorton506 has 30 seconds left.
|inactive|ban1106 has 30 seconds left.
|inactive|ban1106 has 20 seconds left.
|inactive|thorton506 has 20 seconds left.
|
|t:|1783554138
|switch|p1b: Archaludon|Archaludon, L50, M, shiny|100/100
|move|p1a: Floette|Protect|p1a: Floette
|-singleturn|p1a: Floette|Protect
|move|p2a: Charizard|Weather Ball|p1a: Floette
|-activate|p1a: Floette|move: Protect
|move|p2b: Farigiraf|Thunderbolt|p1b: Archaludon
|-resisted|p1b: Archaludon|1
|-damage|p1b: Archaludon|92/100
|-ability|p1b: Archaludon|Stamina|boost
|-boost|p1b: Archaludon|def|1
|
|-weather|RainDance|[upkeep]
|-heal|p1b: Archaludon|98/100|[from] item: Leftovers
|upkeep
|turn|6
|inactive|ban1106 has 30 seconds left.
|inactive|ban1106 has 20 seconds left.
|inactive|ban1106 has 15 seconds left.
|inactive|ban1106 has 10 seconds left.
|inactive|ban1106 has 5 seconds left.
|
|t:|1783554189
|switch|p2b: Basculegion|Basculegion, L50, M|100/100
|move|p2a: Charizard|Protect|p2a: Charizard
|-singleturn|p2a: Charizard|Protect
|move|p1a: Floette|Moonblast|p2b: Basculegion
|-damage|p2b: Basculegion|15/100
|move|p1b: Archaludon|Electro Shot||[still]
|-prepare|p1b: Archaludon|Electro Shot
|-boost|p1b: Archaludon|spa|1
|-anim|p1b: Archaludon|Electro Shot|p2b: Basculegion
|-supereffective|p2b: Basculegion|1
|-damage|p2b: Basculegion|0 fnt
|faint|p2b: Basculegion
|
|-weather|RainDance|[upkeep]
|-heal|p1b: Archaludon|100/100|[from] item: Leftovers
|upkeep
|
|t:|1783554206
|switch|p2b: Farigiraf|Farigiraf, L50, M|100/100
|turn|7
|
|t:|1783554224
|move|p2b: Farigiraf|Helping Hand|p2a: Charizard
|-singleturn|p2a: Charizard|Helping Hand|[of] p2b: Farigiraf
|move|p2a: Charizard|Heat Wave|p1a: Floette|[spread] p1a,p1b
|-damage|p1a: Floette|3/100
|-damage|p1b: Archaludon|80/100
|-ability|p1b: Archaludon|Stamina|boost
|-boost|p1b: Archaludon|def|1
|move|p1a: Floette|Calm Mind|p1a: Floette
|-boost|p1a: Floette|spa|1
|-boost|p1a: Floette|spd|1
|move|p1b: Archaludon|Electro Shot||[still]
|-prepare|p1b: Archaludon|Electro Shot
|-boost|p1b: Archaludon|spa|1
|-anim|p1b: Archaludon|Electro Shot|p2a: Charizard
|-supereffective|p2a: Charizard|1
|-damage|p2a: Charizard|0 fnt
|faint|p2a: Charizard
|
|-weather|RainDance|[upkeep]
|-heal|p1b: Archaludon|86/100|[from] item: Leftovers
|upkeep
|turn|8
|inactive|thorton506 has 30 seconds left.
|inactive|ban1106 has 30 seconds left.
|inactive|ban1106 has 20 seconds left.
|
|t:|1783554262
|move|p1a: Floette|Moonblast|p2b: Farigiraf
|-damage|p2b: Farigiraf|0 fnt
|faint|p2b: Farigiraf
|
|win|thorton506
||thorton506 is ready for game 2.
||ban1106 is ready for game 2.
|uhtml|next|Next: Game 2 of 3
|l|☆ban1106
|player|p2|
|l|☆thorton506
|player|p1|
|j|☆thorton506
|player|p1|thorton506|fantina|
|l|☆thorton506
|player|p1|
|j|☆ban1106
|player|p2|ban1106|brawly|
