|j|☆DkayMM
|j|☆moicito
|html|DkayMMmoicito    
|uhtml|bestof|Game 2 of a best-of-3
|t:|1756956175
|gametype|doubles
|player|p1|DkayMM|169|1010
|player|p2|moicito|caitlin|1129
|gen|9
|tier|[Gen 9] VGC 2025 Reg H (Bo3)
|rated|
|rule|Species Clause: Limit one of each Pokémon
|rule|Item Clause: Limit 1 of each item
|clearpoke
|poke|p1|Charizard, L50, F|
|poke|p1|Torkoal, L50, F|
|poke|p1|Porygon2, L50|
|poke|p1|Incineroar, L50, F|
|poke|p1|Jumpluff, L50, F|
|poke|p1|Ursaluna, L50, M|
|poke|p2|Kingambit, L50, F|
|poke|p2|Rillaboom, L50, F|
|poke|p2|Magmar, L50, F|
|poke|p2|Primarina, L50, F|
|poke|p2|Sneasler, L50, M|
|poke|p2|Dragapult, L50, F|
|teampreview|4
|showteam|p1|Charizard||ChoiceSpecs|SolarPower|HeatWave,Overheat,WeatherBall,AirSlash|||F|||50|,,,,,Ghost]Torkoal||EjectPack|Drought|Eruption,Overheat,HelpingHand,Protect|||F|||50|,,,,,Fire]Porygon2||Eviolite|Download|TeraBlast,IceBeam,Recover,TrickRoom||||||50|,,,,,Fighting]Incineroar||SitrusBerry|Intimidate|FlareBlitz,KnockOff,FakeOut,PartingShot|||F|||50|,,,,,Ghost]Jumpluff||CovertCloak|Chlorophyll|SleepPowder,SunnyDay,RagePowder,Tailwind|||F|||50|,,,,,Water]Ursaluna||FlameOrb|Guts|HeadlongRush,Facade,Earthquake,Protect|||M|||50|,,,,,Ghost
|showteam|p2|Kingambit||BlackGlasses|Defiant|Protect,KowtowCleave,SuckerPunch,SwordsDance|||F|||50|,,,,,Ghost]Rillaboom||AssaultVest|GrassySurge|WoodHammer,GrassyGlide,HighHorsepower,FakeOut|||F|||50|,,,,,Fire]Magmar||Eviolite|VitalSpirit|Overheat,WillOWisp,FollowMe,Protect|||F|||50|,,,,,Ghost]Primarina||SitrusBerry|LiquidVoice|HyperVoice,Moonblast,Haze,Protect|||F|||50|,,,,,Water]Sneasler||FocusSash|PoisonTouch|CloseCombat,DireClaw,Coaching,FakeOut|||M|||50|,,,,,Stellar]Dragapult||ChoiceBand|ClearBody|DragonDarts,TeraBlast,PhantomForce,Uturn|||F|||50|,,,,,Steel
|inactive|Battle timer is ON: inactive players will automatically lose when time's up. (requested by DkayMM)
|inactive|DkayMM has 60 seconds left.
|inactive|moicito has 60 seconds left.
|inactive|DkayMM has 30 seconds left.
|
|t:|1756956243
|teamsize|p1|4
|teamsize|p2|4
|start
|switch|p1a: Jumpluff|Jumpluff, L50, F|100/100
|switch|p1b: Ursaluna|Ursaluna, L50, M|100/100
|switch|p2a: Magmar|Magmar, L50, F|100/100
|switch|p2b: Snisli|Sneasler, L50, M|100/100
|turn|1
|inactive|DkayMM has 30 seconds left.
|inactive|moicito has 30 seconds left.
|inactive|DkayMM has 20 seconds left.
|inactive|moicito has 20 seconds left.
|inactive|DkayMM has 15 seconds left.
|inactive|moicito has 15 seconds left.
|inactive|DkayMM has 10 seconds left.
|inactive|moicito has 10 seconds left.
|
|t:|1756956293
|switch|p2b: Rilli|Rillaboom, L50, F, shiny|100/100
|-fieldstart|move: Grassy Terrain|[from] ability: Grassy Surge|[of] p2b: Rilli
|switch|p1a: Charizard|Charizard, L50, F|100/100
|move|p2a: Magmar|Overheat|p1a: Charizard
|-resisted|p1a: Charizard
|-damage|p1a: Charizard|69/100
|-unboost|p2a: Magmar|spa|2
|move|p1b: Ursaluna|Earthquake|p2a: Magmar|[spread] p2a,p2b
|-immune|p1a: Charizard
|-supereffective|p2a: Magmar
|-resisted|p2b: Rilli
|-damage|p2a: Magmar|64/100
|-damage|p2b: Rilli|90/100
|
|-heal|p2a: Magmar|70/100|[from] Grassy Terrain
|-heal|p2b: Rilli|96/100|[from] Grassy Terrain
|-status|p1b: Ursaluna|brn|[from] item: Flame Orb
|upkeep
|turn|2
|inactive|DkayMM has 30 seconds left.
|inactive|moicito has 30 seconds left.
|inactive|DkayMM has 20 seconds left.
|
|t:|1756956331
|-terastallize|p2b: Rilli|Fire
|-terastallize|p1b: Ursaluna|Ghost
|move|p2a: Magmar|Protect|p2a: Magmar
|-singleturn|p2a: Magmar|Protect
|move|p1a: Charizard|Air Slash|p2b: Rilli
|-damage|p2b: Rilli|62/100
|cant|p2b: Rilli|flinch
|move|p1b: Ursaluna|Earthquake|p2a: Magmar|[spread] p2b
|-activate|p2a: Magmar|move: Protect
|-immune|p1a: Charizard
|-supereffective|p2b: Rilli
|-damage|p2b: Rilli|0 fnt
|faint|p2b: Rilli
|
|-heal|p2a: Magmar|76/100|[from] Grassy Terrain
|-damage|p1b: Ursaluna|95/100 brn|[from] brn
|upkeep
|
|t:|1756956350
|switch|p2b: Primarina|Primarina, L50, F|100/100
|turn|3
|
|t:|1756956368
|move|p2a: Magmar|Follow Me|p2a: Magmar
|-singleturn|p2a: Magmar|move: Follow Me
|move|p1a: Charizard|Air Slash|p2a: Magmar
|-damage|p2a: Magmar|34/100
|move|p2b: Primarina|Hyper Voice|p1b: Ursaluna|[spread] p1a,p1b
|-supereffective|p1a: Charizard
|-damage|p1a: Charizard|0 fnt
|-damage|p1b: Ursaluna|61/100 brn
|faint|p1a: Charizard
|move|p1b: Ursaluna|Earthquake|p2a: Magmar|[spread] p2a,p2b
|-supereffective|p2a: Magmar
|-crit|p2a: Magmar
|-damage|p2a: Magmar|0 fnt
|-damage|p2b: Primarina|63/100
|faint|p2a: Magmar
|
|-heal|p2b: Primarina|69/100|[from] Grassy Terrain
|-heal|p1b: Ursaluna|67/100 brn|[from] Grassy Terrain
|-damage|p1b: Ursaluna|61/100 brn|[from] brn
|upkeep
|
|t:|1756956382
|switch|p1a: Jumpluff|Jumpluff, L50, F|100/100
|switch|p2a: Snisli|Sneasler, L50, M|100/100
|turn|4
|
|t:|1756956404
|move|p2a: Snisli|Dire Claw|p1a: Jumpluff
|-supereffective|p1a: Jumpluff
|-damage|p1a: Jumpluff|0 fnt
|faint|p1a: Jumpluff
|move|p2b: Primarina|Hyper Voice|p1b: Ursaluna
|-damage|p1b: Ursaluna|19/100 brn
|move|p1b: Ursaluna|Earthquake|p2a: Snisli|[spread] p2a,p2b
|-supereffective|p2a: Snisli
|-enditem|p2a: Snisli|Focus Sash
|-damage|p2a: Snisli|1/100
|-damage|p2b: Primarina|33/100
|-enditem|p2b: Primarina|Sitrus Berry|[eat]
|-heal|p2b: Primarina|58/100|[from] item: Sitrus Berry
|
|-heal|p2a: Snisli|7/100|[from] Grassy Terrain
|-heal|p2b: Primarina|65/100|[from] Grassy Terrain
|-heal|p1b: Ursaluna|25/100 brn|[from] Grassy Terrain
|-damage|p1b: Ursaluna|19/100 brn|[from] brn
|upkeep
|
|t:|1756956408
|switch|p1a: Porygon2|Porygon2, L50|100/100
|-ability|p1a: Porygon2|Download|boost
|-boost|p1a: Porygon2|atk|1
|turn|5
|inactive|moicito has 30 seconds left.
|
|t:|1756956437
|move|p1b: Ursaluna|Protect|p1b: Ursaluna
|-singleturn|p1b: Ursaluna|Protect
|move|p2a: Snisli|Close Combat|p1a: Porygon2
|-supereffective|p1a: Porygon2
|-damage|p1a: Porygon2|24/100
|-unboost|p2a: Snisli|def|1
|-unboost|p2a: Snisli|spd|1
|move|p2b: Primarina|Hyper Voice|p1a: Porygon2|[spread] p1a
|-activate|p1b: Ursaluna|move: Protect
|-crit|p1a: Porygon2
|-damage|p1a: Porygon2|0 fnt
|faint|p1a: Porygon2
|
|-heal|p2a: Snisli|13/100|[from] Grassy Terrain
|-heal|p2b: Primarina|71/100|[from] Grassy Terrain
|-heal|p1b: Ursaluna|25/100 brn|[from] Grassy Terrain
|-damage|p1b: Ursaluna|19/100 brn|[from] brn
|-fieldend|move: Grassy Terrain
|upkeep
|turn|6
|-message|DkayMM forfeited.
|
|win|moicito
|raw|DkayMM's rating: 1010 → 1002(-8 for losing)
|raw|moicito's rating: 1129 → 1146(+17 for winning)
|c|☆moicito|gg
