|j|☆jomivgc
|j|☆TimedMenace
|html|jomivgcTimedMenace    
|uhtml|bestof|Game 1 of a best-of-3
|t:|1784209583
|gametype|doubles
|player|p1|jomivgc|falkner-gen2|1221
|player|p2|TimedMenace|zinnia|1294
|gen|9
|tier|[Gen 9 Champions] VGC 2026 Reg M-B (Bo3)
|rated|
|rule|Species Clause: Limit one of each Pokémon
|rule|Item Clause: Limit 1 of each item
|clearpoke
|poke|p1|Charizard, L50, M|
|poke|p1|Pelipper, L50, F|
|poke|p1|Archaludon, L50, F|
|poke|p1|Grimmsnarl, L50, M|
|poke|p1|Basculegion, L50, M|
|poke|p1|Venusaur, L50, F|
|poke|p2|Aerodactyl, L50, M|
|poke|p2|Venusaur, L50, F|
|poke|p2|Kommo-o, L50, F|
|poke|p2|Sylveon, L50, M|
|poke|p2|Incineroar, L50, F|
|poke|p2|Basculegion, L50, M|
|teampreview|4
|showteam|p1|Charizard||CharizarditeY|Blaze|Protect,HeatWave,SolarBeam,WeatherBall|Modest||M|||50|]Pelipper||SitrusBerry|Drizzle|Hurricane,WeatherBall,Tailwind,WideGuard|Modest||F|||50|]Archaludon||Leftovers|Stamina|ElectroShot,FlashCannon,Protect,DragonPulse|Calm||F|||50|]Grimmsnarl||LightClay|Prankster|LightScreen,PartingShot,Reflect,SpiritBreak|Careful||M|||50|]Basculegion||ChoiceScarf|Adaptability|LastRespects,AquaJet,WaveCrash,FlipTurn|Adamant||M|||50|]Venusaur||FocusSash|Chlorophyll|SludgeBomb,Protect,EarthPower,SleepPowder|Modest||F|||50|
|showteam|p2|Aerodactyl||Aerodactylite|RockHead|RockSlide,DualWingbeat,IronHead,Tailwind|Jolly||M|||50|]Venusaur||Venusaurite|Chlorophyll|Protect,GigaDrain,SludgeBomb,EarthPower|Modest||F|||50|]Kommo-o||Leftovers|Soundproof|Protect,ClangingScales,AuraSphere,ClangorousSoul|Timid||F|||50|]Sylveon||FairyFeather|Pixilate|Protect,HyperVoice,Yawn,HyperBeam|Modest||M|||50|]Incineroar||SitrusBerry|Intimidate|DarkestLariat,FakeOut,PartingShot,HelpingHand|Careful||F|||50|]Basculegion||LifeOrb|Adaptability|Protect,WaveCrash,LastRespects,AquaJet|Jolly||M|||50|
|inactive|Battle timer is ON: inactive players will automatically lose when time's up. (requested by jomivgc)
|inactive|jomivgc has 60 seconds left.
|inactive|TimedMenace has 60 seconds left.
|inactive|TimedMenace has 30 seconds left.
|inactive|TimedMenace has 20 seconds left.
|inactive|TimedMenace has 15 seconds left.
|
|t:|1784209663
|teamsize|p1|4
|teamsize|p2|4
|start
|switch|p1a: Grimmsnarl|Grimmsnarl, L50, M|100/100
|switch|p1b: Archaludon|Archaludon, L50, F|100/100
|switch|p2a: Kommo-o|Kommo-o, L50, F|100/100
|switch|p2b: Incineroar|Incineroar, L50, F|100/100
|-ability|p2b: Incineroar|Intimidate|boost
|-unboost|p1a: Grimmsnarl|atk|1
|-unboost|p1b: Archaludon|atk|1
|turn|1
|
|t:|1784209681
|move|p1b: Archaludon|Protect|p1b: Archaludon
|-singleturn|p1b: Archaludon|Protect
|move|p2b: Incineroar|Fake Out|p1a: Grimmsnarl
|-damage|p1a: Grimmsnarl|89/100
|cant|p1a: Grimmsnarl|flinch
|move|p2a: Kommo-o|Clangorous Soul|p2a: Kommo-o
|-boost|p2a: Kommo-o|atk|1
|-boost|p2a: Kommo-o|def|1
|-boost|p2a: Kommo-o|spa|1
|-boost|p2a: Kommo-o|spd|1
|-boost|p2a: Kommo-o|spe|1
|-damage|p2a: Kommo-o|67/100
|
|-heal|p2a: Kommo-o|73/100|[from] item: Leftovers
|upkeep
|turn|2
|
|t:|1784209704
|move|p2b: Incineroar|Helping Hand|p2a: Kommo-o
|-singleturn|p2a: Kommo-o|Helping Hand|[of] p2b: Incineroar
|move|p1a: Grimmsnarl|Light Screen|p1a: Grimmsnarl
|-sidestart|p1: jomivgc|move: Light Screen
|move|p2a: Kommo-o|Aura Sphere|p1b: Archaludon
|-supereffective|p1b: Archaludon|1
|-damage|p1b: Archaludon|10/100
|-ability|p1b: Archaludon|Stamina|boost
|-boost|p1b: Archaludon|def|1
|move|p1b: Archaludon|Dragon Pulse|p2a: Kommo-o
|-supereffective|p2a: Kommo-o|1
|-damage|p2a: Kommo-o|23/100
|
|-heal|p2a: Kommo-o|30/100|[from] item: Leftovers
|-heal|p1b: Archaludon|16/100|[from] item: Leftovers
|upkeep
|turn|3
|
|t:|1784209718
|move|p2a: Kommo-o|Protect|p2a: Kommo-o
|-singleturn|p2a: Kommo-o|Protect
|move|p1b: Archaludon|Protect|p1b: Archaludon
|-singleturn|p1b: Archaludon|Protect
|move|p2b: Incineroar|Parting Shot|p1a: Grimmsnarl
|-unboost|p1a: Grimmsnarl|atk|1
|-unboost|p1a: Grimmsnarl|spa|1
|
|t:|1784209725
|switch|p2b: Venusaur|Venusaur, L50, F|100/100|[from] Parting Shot
|move|p1a: Grimmsnarl|Spirit Break|p2a: Kommo-o
|-activate|p2a: Kommo-o|move: Protect
|
|-heal|p2a: Kommo-o|36/100|[from] item: Leftovers
|-heal|p1b: Archaludon|22/100|[from] item: Leftovers
|upkeep
|turn|4
|
|t:|1784209741
|switch|p2b: Incineroar|Incineroar, L50, F|100/100
|-ability|p2b: Incineroar|Intimidate|boost
|-unboost|p1a: Grimmsnarl|atk|1
|-unboost|p1b: Archaludon|atk|1
|switch|p1b: Pelipper|Pelipper, L50, F|100/100
|-weather|RainDance|[from] ability: Drizzle|[of] p1b: Pelipper
|move|p2a: Kommo-o|Aura Sphere|p1b: Pelipper
|-resisted|p1b: Pelipper|1
|-damage|p1b: Pelipper|77/100
|move|p1a: Grimmsnarl|Spirit Break|p2a: Kommo-o
|-supereffective|p2a: Kommo-o|2
|-damage|p2a: Kommo-o|6/100
|-unboost|p2a: Kommo-o|spa|1
|
|-weather|RainDance|[upkeep]
|-heal|p2a: Kommo-o|12/100|[from] item: Leftovers
|upkeep
|turn|5
|inactive|jomivgc has 30 seconds left.
|
|t:|1784209772
|move|p2b: Incineroar|Fake Out|p1b: Pelipper
|-damage|p1b: Pelipper|66/100
|move|p1a: Grimmsnarl|Reflect|p1a: Grimmsnarl
|-sidestart|p1: jomivgc|Reflect
|move|p2a: Kommo-o|Clanging Scales|p1b: Pelipper|[spread] p1b
|-immune|p1a: Grimmsnarl
|-damage|p1b: Pelipper|32/100
|-enditem|p1b: Pelipper|Sitrus Berry|[eat]
|-heal|p1b: Pelipper|57/100|[from] item: Sitrus Berry
|-unboost|p2a: Kommo-o|def|1
|cant|p1b: Pelipper|flinch
|
|-weather|RainDance|[upkeep]
|-heal|p2a: Kommo-o|18/100|[from] item: Leftovers
|upkeep
|turn|6
|
|t:|1784209791
|switch|p2b: Basculegion|Basculegion, L50, M|100/100
|move|p2a: Kommo-o|Clanging Scales|p1b: Pelipper|[spread] p1b
|-immune|p1a: Grimmsnarl
|-damage|p1b: Pelipper|25/100
|-unboost|p2a: Kommo-o|def|1
|move|p1b: Pelipper|Weather Ball|p2b: Basculegion
|-resisted|p2b: Basculegion|1
|-damage|p2b: Basculegion|61/100
|move|p1a: Grimmsnarl|Spirit Break|p2a: Kommo-o
|-supereffective|p2a: Kommo-o|2
|-damage|p2a: Kommo-o|0 fnt
|faint|p2a: Kommo-o
|
|-weather|RainDance|[upkeep]
|upkeep
|l|☆TimedMenace
|inactive|TimedMenace disconnected and has a minute to reconnect!
|player|p2|
|j|☆TimedMenace
|inactive|TimedMenace reconnected and has 35 seconds left.
|player|p2|TimedMenace|zinnia|
|inactive|TimedMenace has 30 seconds left.
|
|t:|1784209819
|switch|p2a: Incineroar|Incineroar, L50, F|100/100
|-ability|p2a: Incineroar|Intimidate|boost
|-unboost|p1a: Grimmsnarl|atk|1
|-unboost|p1b: Pelipper|atk|1
|turn|7
|
|t:|1784209832
|switch|p1b: Basculegion|Basculegion, L50, M|100/100
|move|p2a: Incineroar|Fake Out|p1a: Grimmsnarl
|-damage|p1a: Grimmsnarl|81/100
|cant|p1a: Grimmsnarl|flinch
|move|p2b: Basculegion|Last Respects|p1b: Basculegion
|-supereffective|p1b: Basculegion|1
|-damage|p1b: Basculegion|0 fnt
|faint|p1b: Basculegion
|-damage|p2b: Basculegion|52/100|[from] item: Life Orb
|
|-weather|RainDance|[upkeep]
|upkeep
|
|t:|1784209846
|switch|p1b: Pelipper|Pelipper, L50, F|25/100
|turn|8
|
|t:|1784209858
|move|p2a: Incineroar|Helping Hand|p2b: Basculegion
|-singleturn|p2b: Basculegion|Helping Hand|[of] p2a: Incineroar
|move|p2b: Basculegion|Aqua Jet|p1b: Pelipper
|-resisted|p1b: Pelipper|1
|-damage|p1b: Pelipper|0 fnt
|faint|p1b: Pelipper
|-damage|p2b: Basculegion|42/100|[from] item: Life Orb
|move|p1a: Grimmsnarl|Parting Shot|p2b: Basculegion
|-unboost|p2b: Basculegion|atk|1
|-unboost|p2b: Basculegion|spa|1
|
|t:|1784209863
|switch|p1a: Archaludon|Archaludon, L50, F|22/100|[from] Parting Shot
|
|-weather|none
|-heal|p1a: Archaludon|28/100|[from] item: Leftovers
|upkeep
|
|t:|1784209866
|switch|p1b: Grimmsnarl|Grimmsnarl, L50, M|81/100
|turn|9
|
|t:|1784209880
|move|p1b: Grimmsnarl|Parting Shot|p2b: Basculegion
|-unboost|p2b: Basculegion|atk|1
|-unboost|p2b: Basculegion|spa|1
|move|p2b: Basculegion|Wave Crash|p1b: Grimmsnarl
|-damage|p1b: Grimmsnarl|44/100
|-damage|p2b: Basculegion|29/100|[from] Recoil
|-damage|p2b: Basculegion|20/100y|[from] item: Life Orb
|move|p1a: Archaludon|Dragon Pulse|p2b: Basculegion
|-damage|p2b: Basculegion|0 fnt
|faint|p2b: Basculegion
|move|p2a: Incineroar|Parting Shot|p1a: Archaludon
|-unboost|p1a: Archaludon|atk|1
|-unboost|p1a: Archaludon|spa|1
|
|t:|1784209893
|switch|p2a: Venusaur|Venusaur, L50, F|100/100|[from] Parting Shot
|
|-heal|p1a: Archaludon|35/100|[from] item: Leftovers
|-sideend|p1: jomivgc|move: Light Screen
|upkeep
|
|t:|1784209896
|switch|p2b: Incineroar|Incineroar, L50, F|100/100
|-ability|p2b: Incineroar|Intimidate|boost
|-unboost|p1a: Archaludon|atk|1
|-unboost|p1b: Grimmsnarl|atk|1
|turn|10
|
|t:|1784209910
|detailschange|p2a: Venusaur|Venusaur-Mega, L50, F
|-mega|p2a: Venusaur|Venusaur|Venusaurite
|move|p1a: Archaludon|Protect|p1a: Archaludon
|-singleturn|p1a: Archaludon|Protect
|move|p2b: Incineroar|Fake Out|p1b: Grimmsnarl
|-damage|p1b: Grimmsnarl|37/100
|cant|p1b: Grimmsnarl|flinch
|move|p2a: Venusaur|Sludge Bomb|p1b: Grimmsnarl
|-supereffective|p1b: Grimmsnarl|1
|-damage|p1b: Grimmsnarl|0 fnt
|faint|p1b: Grimmsnarl
|
|-heal|p1a: Archaludon|41/100|[from] item: Leftovers
|upkeep
|turn|11
|-message|jomivgc forfeited.
|
|win|TimedMenace
