|j|☆champions-rl-fizix
|j|☆KafkaMyMommy
|html|champions-rl-fizixKafkaMyMommy    
|uhtml|bestof|Game 1 of a best-of-3
|t:|1785282033
|gametype|doubles
|player|p1|champions-rl-fizix|169|1000
|player|p2|KafkaMyMommy|misty|1000
|gen|9
|tier|[Gen 9 Champions] VGC 2026 Reg M-B (Bo3)
|rated|
|rule|Species Clause: Limit one of each Pokémon
|rule|Item Clause: Limit 1 of each item
|clearpoke
|poke|p1|Farigiraf, L50, M|
|poke|p1|Sneasler, L50, F|
|poke|p1|Aerodactyl, L50, F|
|poke|p1|Kingambit, L50, F|
|poke|p1|Garchomp, L50, M|
|poke|p1|Sylveon, L50, F|
|poke|p2|Talonflame, L50, F|
|poke|p2|Scizor, L50, F|
|poke|p2|Sableye, L50, F|
|poke|p2|Ninetales-Alola, L50, F|
|poke|p2|Glimmora, L50, M|
|poke|p2|Hydreigon, L50, M|
|teampreview|4
|showteam|p1|Farigiraf||ColburBerry|ArmorTail|Protect,Thunderbolt,HyperVoice,Psychic|Bold||M|||50|]Sneasler||WhiteHerb|Unburden|DireClaw,FakeOut,CloseCombat,Protect|Adamant||F|||50|]Aerodactyl||FocusSash|Unnerve|Tailwind,RockSlide,DualWingbeat,RockBlast|Jolly||F|||50|]Kingambit||BlackGlasses|Defiant|SuckerPunch,Protect,KowtowCleave,LowKick|Adamant||F|||50|]Garchomp||LifeOrb|RoughSkin|HelpingHand,RockSlide,Earthquake,Protect|Jolly||M|||50|]Sylveon||FairyFeather|Pixilate|HyperBeam,Protect,HyperVoice,QuickAttack|Modest||F|||50|
|showteam|p2|Talonflame||SharpBeak|GaleWings|Tailwind,DualWingbeat,WillOWisp,Protect|Adamant||F|||50|]Scizor||Scizorite|Technician|SwordsDance,Protect,BulletPunch,XScissor|Adamant||F|||50|]Sableye||LightClay|Prankster|FakeOut,WillOWisp,LightScreen,Reflect|Careful||F|||50|]Ninetales-Alola||FocusSash|SnowWarning|AuroraVeil,Blizzard,Moonblast,Protect|Timid||F|||50|]Glimmora||Glimmoranite|ToxicDebris|PowerGem,SludgeBomb,EnergyBall,Protect|Modest||M|||50|]Hydreigon||ChoiceScarf|Levitate|EarthPower,DracoMeteor,DarkPulse,Snarl|Timid||M|||50|
|inactive|Battle timer is ON: inactive players will automatically lose when time's up. (requested by KafkaMyMommy)
|
|t:|1785282060
|teamsize|p1|4
|teamsize|p2|4
|start
|switch|p1a: Farigiraf|Farigiraf, L50, M|100/100
|switch|p1b: Sneasler|Sneasler, L50, F|100/100
|switch|p2a: Ninetales|Ninetales-Alola, L50, F|100/100
|switch|p2b: Scizor|Scizor, L50, F|100/100
|-weather|Snowscape|[from] ability: Snow Warning|[of] p2a: Ninetales
|turn|1
|
|t:|1785282067
|detailschange|p2b: Scizor|Scizor-Mega, L50, F
|-mega|p2b: Scizor|Scizor|Scizorite
|move|p2a: Ninetales|Aurora Veil|p2a: Ninetales
|-sidestart|p2: KafkaMyMommy|move: Aurora Veil
|move|p1b: Sneasler|Dire Claw|p2a: Ninetales
|-supereffective|p2a: Ninetales|1
|-damage|p2a: Ninetales|35/100
|move|p2b: Scizor|Swords Dance|p2b: Scizor
|-boost|p2b: Scizor|atk|2
|move|p1a: Farigiraf|Hyper Voice|p2b: Scizor|[spread] p2a,p2b
|-resisted|p2b: Scizor|1
|-damage|p2a: Ninetales|16/100
|-damage|p2b: Scizor|90/100
|
|-weather|Snowscape|[upkeep]
|upkeep
|turn|2
|
|t:|1785282081
|move|p2a: Ninetales|Protect|p2a: Ninetales
|-singleturn|p2a: Ninetales|Protect
|move|p1b: Sneasler|Dire Claw|p2a: Ninetales
|-activate|p2a: Ninetales|move: Protect
|move|p2b: Scizor|X-Scissor|p1a: Farigiraf
|-supereffective|p1a: Farigiraf|1
|-damage|p1a: Farigiraf|0 fnt
|faint|p1a: Farigiraf
|
|-weather|Snowscape|[upkeep]
|upkeep
|
|t:|1785282081
|switch|p1a: Sylveon|Sylveon, L50, F|100/100
|turn|3
|
|t:|1785282097
|switch|p2a: Sableye|Sableye, L50, F|100/100
|move|p2b: Scizor|Bullet Punch|p1a: Sylveon
|-supereffective|p1a: Sylveon|1
|-damage|p1a: Sylveon|0 fnt
|faint|p1a: Sylveon
|move|p1b: Sneasler|Dire Claw|p2a: Sableye
|-resisted|p2a: Sableye|1
|-damage|p2a: Sableye|78/100
|
|-weather|Snowscape|[upkeep]
|upkeep
|
|t:|1785282098
|switch|p1a: Garchomp|Garchomp, L50, M|100/100
|turn|4
|
|t:|1785282103
|move|p2a: Sableye|Fake Out|p1a: Garchomp
|-damage|p1a: Garchomp|91/100
|-damage|p2a: Sableye|66/100|[from] ability: Rough Skin|[of] p1a: Garchomp
|move|p1b: Sneasler|Close Combat|p2b: Scizor
|-damage|p2b: Scizor|53/100
|-unboost|p1b: Sneasler|def|1
|-unboost|p1b: Sneasler|spd|1
|-enditem|p1b: Sneasler|White Herb
|-clearnegativeboost|p1b: Sneasler|[silent]
|cant|p1a: Garchomp|flinch
|move|p2b: Scizor|Swords Dance|p2b: Scizor
|-boost|p2b: Scizor|atk|2
|
|-weather|Snowscape|[upkeep]
|upkeep
|turn|5
|
|t:|1785282107
|move|p2b: Scizor|Bullet Punch|p1a: Garchomp
|-damage|p1a: Garchomp|0 fnt
|-damage|p2b: Scizor|41/100|[from] ability: Rough Skin|[of] p1a: Garchomp
|faint|p1a: Garchomp
|move|p2a: Sableye|Will-O-Wisp|p1b: Sneasler
|-status|p1b: Sneasler|brn
|move|p1b: Sneasler|Close Combat|p2b: Scizor
|-damage|p2b: Scizor|23/100
|-unboost|p1b: Sneasler|def|1
|-unboost|p1b: Sneasler|spd|1
|
|-weather|none
|-damage|p1b: Sneasler|94/100 brn|[from] brn
|-sideend|p2: KafkaMyMommy|move: Aurora Veil
|upkeep
|turn|6
|
|t:|1785282117
|move|p2a: Sableye|Reflect|p2a: Sableye
|-sidestart|p2: KafkaMyMommy|Reflect
|move|p1b: Sneasler|Close Combat|p2b: Scizor
|-damage|p2b: Scizor|5/100
|-unboost|p1b: Sneasler|def|1
|-unboost|p1b: Sneasler|spd|1
|move|p2b: Scizor|Swords Dance|p2b: Scizor
|-boost|p2b: Scizor|atk|2
|
|-damage|p1b: Sneasler|88/100 brn|[from] brn
|upkeep
|turn|7
|
|t:|1785282125
|move|p2b: Scizor|Bullet Punch|p1b: Sneasler
|-damage|p1b: Sneasler|0 fnt
|faint|p1b: Sneasler
|
|win|KafkaMyMommy
||champions-rl-fizix is ready for game 2.
|l|☆champions-rl-fizix
|player|p1|
||KafkaMyMommy is ready for game 2.
|uhtml|next|Next: Game 2 of 3
|l|☆KafkaMyMommy
|player|p2|
|j|☆KafkaMyMommy
|player|p2|KafkaMyMommy|misty|
