|j|☆MaxUtrecht
|j|☆Curry8
|html|MaxUtrechtCurry8    
|uhtml|bestof|Game 3 of a best-of-3
|t:|1783538028
|gametype|doubles
|player|p1|MaxUtrecht|lucas|1111
|player|p2|Curry8|1|1000
|gen|9
|tier|[Gen 9 Champions] VGC 2026 Reg M-B (Bo3)
|rated|
|rule|Species Clause: Limit one of each Pokémon
|rule|Item Clause: Limit 1 of each item
|clearpoke
|poke|p1|Charizard, L50, M|
|poke|p1|Basculegion, L50, M|
|poke|p1|Farigiraf, L50, M|
|poke|p1|Scrafty, L50, M|
|poke|p1|Bellibolt, L50, M|
|poke|p1|Decidueye-Hisui, L50, M|
|poke|p2|Swampert, L50, M|
|poke|p2|Pelipper, L50, M|
|poke|p2|Talonflame, L50, M|
|poke|p2|Gholdengo, L50|
|poke|p2|Sinistcha, L50|
|poke|p2|Archaludon, L50, M|
|teampreview|4
|showteam|p1|Charizard||CharizarditeX|SolarPower|FlareBlitz,DragonClaw,DragonDance,Protect|Jolly||M|||50|]Basculegion||ChoiceScarf|Adaptability|AquaJet,FlipTurn,WaveCrash,LastRespects|Jolly||M|||50|]Farigiraf||SitrusBerry|ArmorTail|Psychic,HyperVoice,HelpingHand,TrickRoom|Quiet||M|||50|]Scrafty||Scraftinite|Intimidate|DrainPunch,KnockOff,FakeOut,Protect|Brave||M|||50|]Bellibolt||Leftovers|Electromorphosis|Soak,ParabolicCharge,Thunderbolt,Protect|Bold||M|||50|]Decidueye-Hisui||FocusSash|Scrappy|TripleArrows,LeafBlade,KnockOff,Protect|Adamant||M|||50|
|showteam|p2|Swampert||Swampertite|Torrent|WaveCrash,HighHorsepower,KnockOff,Protect|Adamant||M|||50|]Pelipper||SitrusBerry|Drizzle|Tailwind,WeatherBall,WideGuard,Hurricane|Bold||M|||50|]Talonflame||FocusSash|GaleWings|Protect,DualWingbeat,Tailwind,RainDance|Jolly||M|||50|]Gholdengo||LifeOrb|GoodasGold|MakeItRain,NastyPlot,Protect,ShadowBall|Modest|||||50|]Sinistcha||BrightPowder|Hospitality|RagePowder,Protect,MatchaGotcha,TrickRoom|Bold|||||50|]Archaludon||Leftovers|Stamina|ElectroShot,DragonPulse,Protect,FlashCannon|Calm||M|||50|
|
|t:|1783538048
|teamsize|p1|4
|teamsize|p2|4
|start
|switch|p1a: Farigiraf|Farigiraf, L50, M|100/100
|switch|p1b: Bellibolt|Bellibolt, L50, M|100/100
|switch|p2a: Tame|Talonflame, L50, M|100/100
|switch|p2b: Don arch|Archaludon, L50, M|100/100
|turn|1
|
|t:|1783538075
|move|p2a: Tame|Rain Dance|p2a: Tame
|-weather|RainDance
|move|p2b: Don arch|Dragon Pulse|p1a: Farigiraf
|-damage|p1a: Farigiraf|61/100
|move|p1b: Bellibolt|Soak|p2b: Don arch
|-start|p2b: Don arch|typechange|Water
|move|p1a: Farigiraf|Trick Room|p1a: Farigiraf
|-fieldstart|move: Trick Room|[of] p1a: Farigiraf
|
|-weather|RainDance|[upkeep]
|upkeep
|turn|2
|
|t:|1783538109
|move|p2a: Tame|Dual Wingbeat|p2b: Don arch
|-damage|p2b: Don arch|87/100
|-ability|p2b: Don arch|Stamina|boost
|-boost|p2b: Don arch|def|1
|-damage|p2b: Don arch|79/100
|-ability|p2b: Don arch|Stamina|boost
|-boost|p2b: Don arch|def|1
|-hitcount|p2b: Don arch|2
|move|p1b: Bellibolt|Parabolic Charge|p2b: Don arch|[spread] p1a,p2a,p2b
|-supereffective|p2a: Tame|1
|-supereffective|p2b: Don arch|1
|-damage|p1a: Farigiraf|42/100
|-damage|p2a: Tame|45/100
|-damage|p2b: Don arch|45/100
|-ability|p2b: Don arch|Stamina|boost
|-boost|p2b: Don arch|def|1
|-enditem|p1a: Farigiraf|Sitrus Berry|[eat]
|-heal|p1a: Farigiraf|67/100|[from] item: Sitrus Berry
|move|p1a: Farigiraf|Hyper Voice|p2b: Don arch|[spread] p2a,p2b
|-damage|p2a: Tame|0 fnt
|-damage|p2b: Don arch|13/100
|-ability|p2b: Don arch|Stamina|boost
|-boost|p2b: Don arch|def|1
|faint|p2a: Tame
|move|p2b: Don arch|Electro Shot||[still]
|-prepare|p2b: Don arch|Electro Shot
|-boost|p2b: Don arch|spa|1
|-anim|p2b: Don arch|Electro Shot|p1a: Farigiraf
|-damage|p1a: Farigiraf|9/100
|
|-weather|RainDance|[upkeep]
|-heal|p2b: Don arch|19/100|[from] item: Leftovers
|upkeep
|
|t:|1783538137
|switch|p2a: Pert|Swampert, L50, M|100/100
|turn|3
|
|t:|1783538159
|switch|p1a: Scrafty|Scrafty, L50, M|100/100
|-ability|p1a: Scrafty|Intimidate|boost
|-unboost|p2a: Pert|atk|1
|-unboost|p2b: Don arch|atk|1
|detailschange|p2a: Pert|Swampert-Mega, L50, M
|-mega|p2a: Pert|Swampert|Swampertite
|move|p2b: Don arch|Protect|p2b: Don arch
|-singleturn|p2b: Don arch|Protect
|move|p1b: Bellibolt|Soak|p2a: Pert
|-start|p2a: Pert|typechange|Water
|move|p2a: Pert|High Horsepower|p1b: Bellibolt
|-supereffective|p1b: Bellibolt|1
|-damage|p1b: Bellibolt|68/100
|-start|p1b: Bellibolt|Charge|High Horsepower|[from] ability: Electromorphosis
|
|-weather|RainDance|[upkeep]
|-heal|p1b: Bellibolt|74/100|[from] item: Leftovers
|-heal|p2b: Don arch|25/100|[from] item: Leftovers
|upkeep
|turn|4
|
|t:|1783538201
|detailschange|p1a: Scrafty|Scrafty-Mega, L50, M
|-mega|p1a: Scrafty|Scrafty|Scraftinite
|-ability|p1a: Scrafty|Intimidate|boost
|-unboost|p2a: Pert|atk|1
|-unboost|p2b: Don arch|atk|1
|move|p2a: Pert|Protect|p2a: Pert
|-singleturn|p2a: Pert|Protect
|move|p1b: Bellibolt|Parabolic Charge|p2a: Pert|[spread] p1a,p2b
|-activate|p2a: Pert|move: Protect
|-crit|p1a: Scrafty
|-supereffective|p2b: Don arch|1
|-damage|p1a: Scrafty|55/100
|-heal|p1b: Bellibolt|92/100|[from] drain|[of] p1a: Scrafty
|-damage|p2b: Don arch|0 fnt
|-heal|p1b: Bellibolt|100/100|[from] drain|[of] p2b: Don arch
|faint|p2b: Don arch
|-end|p1b: Bellibolt|Charge|[silent]
|move|p1a: Scrafty|Drain Punch|p2a: Pert
|-activate|p2a: Pert|move: Protect
|
|-weather|RainDance|[upkeep]
|upkeep
|
|t:|1783538218
|switch|p2b: Ghengo|Gholdengo, L50|100/100
|turn|5
|
|t:|1783538237
|switch|p1a: Farigiraf|Farigiraf, L50, M|9/100
|move|p1b: Bellibolt|Parabolic Charge|p2b: Ghengo|[spread] p1a,p2a,p2b
|-supereffective|p2a: Pert|1
|-damage|p1a: Farigiraf|0 fnt
|-damage|p2a: Pert|72/100
|-damage|p2b: Ghengo|84/100
|faint|p1a: Farigiraf
|move|p2b: Ghengo|Nasty Plot|p2b: Ghengo
|-boost|p2b: Ghengo|spa|2
|move|p2a: Pert|High Horsepower|p1b: Bellibolt
|-supereffective|p1b: Bellibolt|1
|-damage|p1b: Bellibolt|75/100
|-start|p1b: Bellibolt|Charge|High Horsepower|[from] ability: Electromorphosis
|
|-weather|none
|-heal|p1b: Bellibolt|81/100|[from] item: Leftovers
|-fieldend|move: Trick Room
|upkeep
|
|t:|1783538255
|switch|p1a: Basculegion|Basculegion, L50, M|100/100
|turn|6
|
|t:|1783538271
|switch|p1b: Scrafty|Scrafty-Mega, L50, M|55/100
|-ability|p1b: Scrafty|Intimidate|boost
|-unboost|p2a: Pert|atk|1
|-unboost|p2b: Ghengo|atk|1
|move|p1a: Basculegion|Last Respects|p2b: Ghengo
|-supereffective|p2b: Ghengo|1
|-damage|p2b: Ghengo|0 fnt
|faint|p2b: Ghengo
|move|p2a: Pert|Knock Off|p1a: Basculegion
|-supereffective|p1a: Basculegion|1
|-damage|p1a: Basculegion|53/100
|-enditem|p1a: Basculegion|Choice Scarf|[from] move: Knock Off|[of] p2a: Pert
|
|upkeep
|turn|7
|
|t:|1783538291
|move|p1b: Scrafty|Fake Out|p2a: Pert
|-damage|p2a: Pert|59/100
|move|p1a: Basculegion|Last Respects|p2a: Pert
|-damage|p2a: Pert|8/100
|cant|p2a: Pert|flinch
|
|upkeep
|turn|8
|
|t:|1783538301
|move|p1a: Basculegion|Last Respects|p2a: Pert
|-damage|p2a: Pert|0 fnt
|faint|p2a: Pert
|
|win|MaxUtrecht
|raw|MaxUtrecht's rating: 1111 → 1128(+17 for winning)
|raw|Curry8's rating: 1000 → 1000(+0 for losing)
|c|☆MaxUtrecht|Ggs
