|j|☆Skwovetboi
|j|☆huezinhu
|html|Skwovetboihuezinhu    
|uhtml|bestof|Game 3 of a best-of-3
|t:|1757104708
|gametype|doubles
|player|p1|Skwovetboi|turo-ai|
|player|p2|huezinhu|266|
|gen|9
|tier|[Gen 9] VGC 2025 Reg H (Bo3)
|rule|Species Clause: Limit one of each Pokémon
|rule|Item Clause: Limit 1 of each item
|clearpoke
|poke|p1|Weezing-Galar, L50, M|
|poke|p1|Toedscruel, L50, M|
|poke|p1|Greedent, L50, M|
|poke|p1|Typhlosion-Hisui, L50, F|
|poke|p1|Pawmot, L50, M|
|poke|p1|Palafin, L50, M|
|poke|p2|Toedscruel, L50, F|
|poke|p2|Weezing-Galar, L50, F|
|poke|p2|Hydreigon, L50, F|
|poke|p2|Dragapult, L50, F|
|poke|p2|Metagross, L50|
|poke|p2|Meowscarada, L50, F|
|teampreview|4
|showteam|p1|Weezing-Galar||ChoiceSpecs|NeutralizingGas|SludgeBomb,StrangeSteam,DazzlingGleam,Flamethrower|||M|||50|,,,,,Grass]Toedscruel||CovertCloak|MyceliumMight|Spore,AcidSpray,RagePowder,EarthPower|||M|||50|,,,,,Water]Greedent||AssaultVest|CheekPouch|KnockOff,DoubleEdge,StompingTantrum,SeedBomb|||M|||50|,,,,,Grass]Typhlosion-Hisui||ChoiceScarf|Blaze|Eruption,ShadowBall,HeatWave,Overheat|||F|||50|,,,,,Fire]Pawmot||FocusSash|NaturalCure|DoubleShock,CloseCombat,Coaching,Protect|||M|||50|,,,,,Electric]Palafin||MysticWater|ZerotoHero|JetPunch,WaveCrash,Taunt,Protect|||M|||50|,,,,,Grass
|showteam|p2|Toedscruel||CovertCloak|MyceliumMight|EarthPower,AcidSpray,Spore,RagePowder|||F|||50|,,,,,Water]Weezing-Galar||ChoiceSpecs|NeutralizingGas|StrangeSteam,SludgeBomb,DazzlingGleam,Flamethrower|||F|||50|,,,,,Water]Hydreigon||LifeOrb|Levitate|Protect,DarkPulse,Tailwind,DragonPulse|||F|||50|,,,,,Poison]Dragapult||ChoiceBand|ClearBody|DragonDarts,PhantomForce,Uturn,Outrage|||F|||50|,,,,,Dragon]Metagross||AssaultVest|ClearBody|BulletPunch,HeavySlam,KnockOff,PsychicFangs||||||50|,,,,,Dark]Meowscarada||FocusSash|Protean|FlowerTrick,KnockOff,PetalBlizzard,Protect|||F|||50|,,,,,Grass
|inactive|Battle timer is ON: inactive players will automatically lose when time's up. (requested by huezinhu)
|inactive|Skwovetboi also wants the timer to be on.
|
|t:|1757104729
|teamsize|p1|4
|teamsize|p2|4
|start
|switch|p1a: Valerie|Typhlosion-Hisui, L50, F, shiny|100/100
|switch|p1b: Gephicka|Weezing-Galar, L50, M|100/100
|switch|p2a: Toedscruel|Toedscruel, L50, F|100/100
|switch|p2b: Dragapult|Dragapult, L50, F|100/100
|-ability|p1b: Gephicka|Neutralizing Gas
|turn|1
|inactive|huezinhu has 30 seconds left.
|inactive|huezinhu has 20 seconds left.
|
|t:|1757104765
|-terastallize|p1a: Valerie|Fire
|-terastallize|p2a: Toedscruel|Water
|move|p1a: Valerie|Eruption|p2b: Dragapult|[spread] p2a,p2b
|-resisted|p2a: Toedscruel
|-resisted|p2b: Dragapult
|-damage|p2a: Toedscruel|64/100
|-damage|p2b: Dragapult|49/100
|move|p2b: Dragapult|U-turn|p1a: Valerie
|-resisted|p1a: Valerie
|-damage|p1a: Valerie|72/100
|
|t:|1757104776
|switch|p2b: Metagross|Metagross, L50|100/100|[from] U-turn
|move|p2a: Toedscruel|Spore|p1a: Valerie
|-status|p1a: Valerie|slp|[from] move: Spore
|move|p1b: Gephicka|Dazzling Gleam|p2a: Toedscruel|[spread] p2a,p2b
|-resisted|p2b: Metagross
|-damage|p2a: Toedscruel|34/100
|-damage|p2b: Metagross|86/100
|
|upkeep
|turn|2
|
|t:|1757104793
|cant|p1a: Valerie|slp
|move|p2a: Toedscruel|Spore|p1b: Gephicka
|-status|p1b: Gephicka|slp|[from] move: Spore
|move|p2b: Metagross|Knock Off|p1a: Valerie
|-damage|p1a: Valerie|19/100 slp
|-enditem|p1a: Valerie|Choice Scarf|[from] move: Knock Off|[of] p2b: Metagross
|cant|p1b: Gephicka|slp
|
|upkeep
|turn|3
|inactive|huezinhu has 30 seconds left.
|
|t:|1757104819
|move|p2a: Toedscruel|Earth Power|p1b: Gephicka
|-supereffective|p1b: Gephicka
|-damage|p1b: Gephicka|24/100 slp
|cant|p1a: Valerie|slp
|move|p2b: Metagross|Psychic Fangs|p1a: Valerie
|-damage|p1a: Valerie|0 fnt
|faint|p1a: Valerie
|cant|p1b: Gephicka|slp
|
|upkeep
|
|t:|1757104832
|switch|p1a: TheBusinessPiggy|Pawmot, L50, M|100/100
|turn|4
|
|t:|1757104850
|move|p1a: TheBusinessPiggy|Close Combat|p2a: Toedscruel
|-damage|p2a: Toedscruel|0 fnt
|-unboost|p1a: TheBusinessPiggy|def|1
|-unboost|p1a: TheBusinessPiggy|spd|1
|faint|p2a: Toedscruel
|move|p2b: Metagross|Psychic Fangs|p1b: Gephicka
|-supereffective|p1b: Gephicka
|-damage|p1b: Gephicka|0 fnt
|faint|p1b: Gephicka
|-end|p1b: Gephicka|ability: Neutralizing Gas
|
|upkeep
|
|t:|1757104861
|switch|p2a: Meowscarada|Meowscarada, L50, F|100/100
|switch|p1b: Skwovetboi|Greedent, L50, M|100/100
|turn|5
|
|t:|1757104873
|move|p1a: TheBusinessPiggy|Protect|p1a: TheBusinessPiggy
|-singleturn|p1a: TheBusinessPiggy|Protect
|move|p2b: Metagross|Bullet Punch|p1a: TheBusinessPiggy
|-activate|p1a: TheBusinessPiggy|move: Protect
|move|p2a: Meowscarada|Flower Trick|p1a: TheBusinessPiggy
|-start|p2a: Meowscarada|typechange|Grass|[from] ability: Protean
|-activate|p1a: TheBusinessPiggy|move: Protect
|move|p1b: Skwovetboi|Knock Off|p2a: Meowscarada
|-damage|p2a: Meowscarada|55/100
|-enditem|p2a: Meowscarada|Focus Sash|[from] move: Knock Off|[of] p1b: Skwovetboi
|
|upkeep
|turn|6
|
|t:|1757104891
|move|p1a: TheBusinessPiggy|Protect||[still]
|-fail|p1a: TheBusinessPiggy
|move|p2b: Metagross|Bullet Punch|p1a: TheBusinessPiggy
|-resisted|p1a: TheBusinessPiggy
|-damage|p1a: TheBusinessPiggy|71/100
|move|p2a: Meowscarada|Flower Trick|p1a: TheBusinessPiggy
|-crit|p1a: TheBusinessPiggy
|-damage|p1a: TheBusinessPiggy|0 fnt
|faint|p1a: TheBusinessPiggy
|move|p1b: Skwovetboi|Double-Edge|p2a: Meowscarada
|-damage|p2a: Meowscarada|0 fnt
|faint|p2a: Meowscarada
|-damage|p1b: Skwovetboi|88/100|[from] Recoil
|
|upkeep
|-message|Skwovetboi forfeited.
|
|win|huezinhu
|l|☆huezinhu
|player|p2|
