|j|☆m111naaaa
|j|☆ryoshino19
|html|m111naaaaryoshino19    
|uhtml|bestof|Game 2 of a best-of-3
|t:|1756310115
|gametype|doubles
|player|p1|m111naaaa|jasmine|1144
|player|p2|ryoshino19|101|1214
|gen|9
|tier|[Gen 9] VGC 2025 Reg H (Bo3)
|rated|
|rule|Species Clause: Limit one of each Pokémon
|rule|Item Clause: Limit 1 of each item
|clearpoke
|poke|p1|Kilowattrel, L50, M|
|poke|p1|Amoonguss, L50, F|
|poke|p1|Incineroar, L50, M|
|poke|p1|Porygon2, L50|
|poke|p1|Gholdengo, L50|
|poke|p1|Ursaluna, L50, F|
|poke|p2|Gholdengo, L50|
|poke|p2|Rillaboom, L50, F|
|poke|p2|Incineroar, L50, F|
|poke|p2|Porygon2, L50|
|poke|p2|Garchomp, L50, M|
|poke|p2|Clefable, L50, F|
|teampreview|4
|showteam|p1|Kilowattrel||FocusSash|Competitive|Thunderbolt,AirSlash,Tailwind,Protect|||M|||50|,,,,,Ghost]Amoonguss||SitrusBerry|Regenerator|PollenPuff,Spore,RagePowder,Protect|||F|||50|,,,,,Water]Incineroar||SafetyGoggles|Intimidate|FakeOut,FlareBlitz,KnockOff,PartingShot|||M|||50|,,,,,Ghost]Porygon2||Eviolite|Download|TeraBlast,IceBeam,Recover,TrickRoom||||||50|,,,,,Fighting]Gholdengo||MetalCoat|GoodasGold|MakeItRain,ShadowBall,NastyPlot,Protect||||||50|,,,,,Flying]Ursaluna||FlameOrb|Guts|Facade,HeadlongRush,Earthquake,Protect|||F|||50|,,,,,Ghost
|showteam|p2|Gholdengo||Leftovers|GoodasGold|MakeItRain,ShadowBall,NastyPlot,Protect||||||50|,,,,,Water]Rillaboom||AssaultVest|GrassySurge|DrumBeating,GrassyGlide,Uturn,FakeOut|||F|||50|,,,,,Fire]Incineroar||SafetyGoggles|Intimidate|FlareBlitz,KnockOff,PartingShot,FakeOut|||F|||50|,,,,,Ghost]Porygon2||Eviolite|Download|TeraBlast,IceBeam,Recover,TrickRoom||||||50|,,,,,Fighting]Garchomp||LifeOrb|RoughSkin|StompingTantrum,DragonClaw,RockSlide,Protect|||M|||50|,,,,,Fairy]Clefable||RockyHelmet|Unaware|Moonblast,FollowMe,Encore,Protect|||F|||50|,,,,,Ground
|inactive|Battle timer is ON: inactive players will automatically lose when time's up. (requested by ryoshino19)
|
|t:|1756310135
|teamsize|p1|4
|teamsize|p2|4
|start
|switch|p1a: Porygon2|Porygon2, L50|100/100
|switch|p1b: Incineroar|Incineroar, L50, M|100/100
|switch|p2a: Gholdengo|Gholdengo, L50|100/100
|switch|p2b: Clefable|Clefable, L50, F|100/100
|-ability|p1b: Incineroar|Intimidate|boost
|-unboost|p2a: Gholdengo|atk|1
|-unboost|p2b: Clefable|atk|1
|-ability|p1a: Porygon2|Download|boost
|-boost|p1a: Porygon2|atk|1
|turn|1
|
|t:|1756310148
|move|p2b: Clefable|Follow Me|p2b: Clefable
|-singleturn|p2b: Clefable|move: Follow Me
|move|p2a: Gholdengo|Nasty Plot|p2a: Gholdengo
|-boost|p2a: Gholdengo|spa|2
|move|p1b: Incineroar|Parting Shot|p2b: Clefable
|-unboost|p2b: Clefable|atk|1
|-unboost|p2b: Clefable|spa|1
|
|t:|1756310157
|switch|p1b: Ursaluna|Ursaluna, L50, F|100/100|[from] Parting Shot
|move|p1a: Porygon2|Trick Room|p1a: Porygon2
|-fieldstart|move: Trick Room|[of] p1a: Porygon2
|
|-status|p1b: Ursaluna|brn|[from] item: Flame Orb
|upkeep
|turn|2
|
|t:|1756310177
|move|p2a: Gholdengo|Protect|p2a: Gholdengo
|-singleturn|p2a: Gholdengo|Protect
|move|p2b: Clefable|Encore|p1a: Porygon2
|-start|p1a: Porygon2|Encore
|move|p1a: Porygon2|Trick Room|p1a: Porygon2
|-fieldend|move: Trick Room
|move|p1b: Ursaluna|Facade|p2a: Gholdengo
|-activate|p2a: Gholdengo|move: Protect
|
|-damage|p1b: Ursaluna|94/100 brn|[from] brn
|upkeep
|turn|3
|
|t:|1756310194
|move|p1b: Ursaluna|Protect|p1b: Ursaluna
|-singleturn|p1b: Ursaluna|Protect
|move|p2b: Clefable|Follow Me|p2b: Clefable
|-singleturn|p2b: Clefable|move: Follow Me
|move|p2a: Gholdengo|Make It Rain|p1a: Porygon2|[spread] p1a
|-activate|p1b: Ursaluna|move: Protect
|-damage|p1a: Porygon2|45/100
|-unboost|p2a: Gholdengo|spa|1
|move|p1a: Porygon2|Trick Room|p1a: Porygon2
|-fieldstart|move: Trick Room|[of] p1a: Porygon2
|
|-damage|p1b: Ursaluna|88/100 brn|[from] brn
|upkeep
|turn|4
|inactive|m111naaaa has 30 seconds left.
|
|t:|1756310221
|switch|p2b: Incineroar|Incineroar, L50, F, shiny|100/100
|-ability|p2b: Incineroar|Intimidate|boost
|-unboost|p1a: Porygon2|atk|1
|-unboost|p1b: Ursaluna|atk|1
|switch|p1a: Incineroar|Incineroar, L50, M|100/100
|-ability|p1a: Incineroar|Intimidate|boost
|-unboost|p2a: Gholdengo|atk|1
|-unboost|p2b: Incineroar|atk|1
|-terastallize|p2a: Gholdengo|Water
|move|p1b: Ursaluna|Facade|p2b: Incineroar
|-damage|p2b: Incineroar|38/100
|move|p2a: Gholdengo|Make It Rain|p1a: Incineroar|[spread] p1a,p1b
|-resisted|p1a: Incineroar
|-damage|p1a: Incineroar|69/100
|-damage|p1b: Ursaluna|10/100 brn
|-unboost|p2a: Gholdengo|spa|1
|
|-damage|p1b: Ursaluna|4/100 brn|[from] brn
|upkeep
|turn|5
|
|t:|1756310244
|switch|p1b: Porygon2|Porygon2, L50|45/100
|-ability|p1b: Porygon2|Download|boost
|-boost|p1b: Porygon2|spa|1
|move|p2a: Gholdengo|Protect|p2a: Gholdengo
|-singleturn|p2a: Gholdengo|Protect
|move|p2b: Incineroar|Fake Out|p1b: Porygon2
|-damage|p1b: Porygon2|41/100
|move|p1a: Incineroar|Parting Shot|p2b: Incineroar
|-unboost|p2b: Incineroar|atk|1
|-unboost|p2b: Incineroar|spa|1
|
|t:|1756310254
|switch|p1a: Ursaluna|Ursaluna, L50, F|4/100 brn|[from] Parting Shot
|
|-damage|p1a: Ursaluna|0 fnt|[from] brn
|faint|p1a: Ursaluna
|upkeep
|
|t:|1756310259
|switch|p1a: Incineroar|Incineroar, L50, M|69/100
|-ability|p1a: Incineroar|Intimidate|boost
|-unboost|p2a: Gholdengo|atk|1
|-unboost|p2b: Incineroar|atk|1
|turn|6
|
|t:|1756310267
|switch|p2b: Clefable|Clefable, L50, F|100/100
|move|p1b: Porygon2|Tera Blast|p2a: Gholdengo
|-crit|p2a: Gholdengo
|-damage|p2a: Gholdengo|13/100
|move|p1a: Incineroar|Knock Off|p2a: Gholdengo
|-damage|p2a: Gholdengo|0 fnt
|-enditem|p2a: Gholdengo|Leftovers|[from] move: Knock Off|[of] p1a: Incineroar
|faint|p2a: Gholdengo
|
|upkeep
|
|t:|1756310273
|switch|p2a: Garchomp|Garchomp, L50, M|100/100
|turn|7
|
|t:|1756310296
|switch|p1a: Gholdengo|Gholdengo, L50|100/100
|move|p2b: Clefable|Follow Me|p2b: Clefable
|-singleturn|p2b: Clefable|move: Follow Me
|move|p1b: Porygon2|Recover|p1b: Porygon2
|-heal|p1b: Porygon2|91/100
|move|p2a: Garchomp|Dragon Claw|p1b: Porygon2
|-damage|p1b: Porygon2|56/100
|-damage|p2a: Garchomp|91/100|[from] item: Life Orb
|
|-fieldend|move: Trick Room
|upkeep
|turn|8
|
|t:|1756310312
|switch|p1b: Incineroar|Incineroar, L50, M|69/100
|-ability|p1b: Incineroar|Intimidate|boost
|-unboost|p2a: Garchomp|atk|1
|-unboost|p2b: Clefable|atk|1
|switch|p2b: Incineroar|Incineroar, L50, F, shiny|38/100
|-ability|p2b: Incineroar|Intimidate|boost
|-unboost|p1a: Gholdengo|atk|1
|-unboost|p1b: Incineroar|atk|1
|move|p1a: Gholdengo|Protect|p1a: Gholdengo
|-singleturn|p1a: Gholdengo|Protect
|move|p2a: Garchomp|Rock Slide|p1a: Gholdengo|[spread] p1b
|-activate|p1a: Gholdengo|move: Protect
|-supereffective|p1b: Incineroar
|-damage|p1b: Incineroar|37/100
|-damage|p2a: Garchomp|81/100|[from] item: Life Orb
|
|upkeep
|turn|9
|
|t:|1756310330
|switch|p1a: Porygon2|Porygon2, L50|56/100
|-ability|p1a: Porygon2|Download|boost
|-boost|p1a: Porygon2|spa|1
|-terastallize|p1b: Incineroar|Ghost
|move|p1b: Incineroar|Fake Out|p2a: Garchomp
|-damage|p2a: Garchomp|73/100
|-damage|p1b: Incineroar|24/100|[from] ability: Rough Skin|[of] p2a: Garchomp
|cant|p2a: Garchomp|flinch
|move|p2b: Incineroar|Knock Off|p1a: Porygon2
|-damage|p1a: Porygon2|31/100
|-enditem|p1a: Porygon2|Eviolite|[from] move: Knock Off|[of] p2b: Incineroar
|
|upkeep
|turn|10
|
|t:|1756310353
|switch|p1b: Gholdengo|Gholdengo, L50|100/100
|move|p2a: Garchomp|Stomping Tantrum|p1a: Porygon2
|-damage|p1a: Porygon2|0 fnt
|faint|p1a: Porygon2
|-damage|p2a: Garchomp|63/100|[from] item: Life Orb
|move|p2b: Incineroar|Knock Off|p1b: Gholdengo
|-supereffective|p1b: Gholdengo
|-damage|p1b: Gholdengo|19/100
|-enditem|p1b: Gholdengo|Metal Coat|[from] move: Knock Off|[of] p2b: Incineroar
|
|upkeep
|
|t:|1756310364
|switch|p1a: Incineroar|Incineroar, L50, M, tera:Ghost|24/100
|-ability|p1a: Incineroar|Intimidate|boost
|-unboost|p2a: Garchomp|atk|1
|-unboost|p2b: Incineroar|atk|1
|turn|11
|
|t:|1756310377
|move|p2a: Garchomp|Protect|p2a: Garchomp
|-singleturn|p2a: Garchomp|Protect
|move|p1b: Gholdengo|Make It Rain|p2a: Garchomp|[spread] p2b
|-activate|p2a: Garchomp|move: Protect
|-resisted|p2b: Incineroar
|-damage|p2b: Incineroar|17/100
|-unboost|p1b: Gholdengo|spa|1
|move|p1a: Incineroar|Knock Off|p2b: Incineroar
|-resisted|p2b: Incineroar
|-damage|p2b: Incineroar|0 fnt
|-enditem|p2b: Incineroar|Safety Goggles|[from] move: Knock Off|[of] p1a: Incineroar
|faint|p2b: Incineroar
|
|upkeep
|
|t:|1756310381
|switch|p2b: Clefable|Clefable, L50, F|100/100
|turn|12
|
|t:|1756310395
|move|p2b: Clefable|Follow Me|p2b: Clefable
|-singleturn|p2b: Clefable|move: Follow Me
|move|p2a: Garchomp|Stomping Tantrum|p1b: Gholdengo
|-supereffective|p1b: Gholdengo
|-damage|p1b: Gholdengo|0 fnt
|faint|p1b: Gholdengo
|-damage|p2a: Garchomp|53/100|[from] item: Life Orb
|move|p1a: Incineroar|Flare Blitz|p2b: Clefable
|-damage|p2b: Clefable|51/100
|-damage|p1a: Incineroar|8/100|[from] item: Rocky Helmet|[of] p2b: Clefable
|-damage|p1a: Incineroar|0 fnt|[from] Recoil
|faint|p1a: Incineroar
|
|win|ryoshino19
|raw|m111naaaa's rating: 1144 → 1124(-20 for losing)
|raw|ryoshino19's rating: 1214 → 1234(+20 for winning)
|l|☆ryoshino19
|player|p2|
