|j|☆Butternut_Cream
|j|☆AndreNocchi
|html|Butternut_CreamAndreNocchi    
|uhtml|bestof|Game 3 of a best-of-3
|t:|1784071933
|gametype|doubles
|player|p1|Butternut_Cream|lorelei-gen3|1000
|player|p2|AndreNocchi|giovanni|1049
|gen|9
|tier|[Gen 9 Champions] VGC 2026 Reg M-B (Bo3)
|rated|
|rule|Species Clause: Limit one of each Pokémon
|rule|Item Clause: Limit 1 of each item
|clearpoke
|poke|p1|Charizard, L50, M|
|poke|p1|Abomasnow, L50, F|
|poke|p1|Sneasler, L50, F|
|poke|p1|Aerodactyl, L50, M|
|poke|p1|Malamar, L50, F|
|poke|p1|Tauros-Paldea-Aqua, L50, M|
|poke|p2|Garchomp, L50, F, shiny|
|poke|p2|Basculegion, L50, M, shiny|
|poke|p2|Dragonite, L50, M, shiny|
|poke|p2|Scovillain, L50, M, shiny|
|poke|p2|Gholdengo, L50, shiny|
|poke|p2|Sylveon, L50, M, shiny|
|teampreview|4
|showteam|p1|Charizard||CharizarditeY|Blaze|HeatWave,SolarBeam,Overheat,Protect|Timid||M|||50|]Abomasnow||Abomasite|SnowWarning|LeafStorm,Blizzard,IceShard,Protect|Modest||F|||50|]Sneasler||WhiteHerb|Unburden|FakeOut,CloseCombat,DireClaw,Protect|Jolly||F|||50|]Aerodactyl||FocusSash|Unnerve|RockSlide,DualWingbeat,WideGuard,Tailwind|Jolly||M|||50|]Malamar||ChoiceScarf|Contrary|Superpower,SkillSwap,DestinyBond,TopsyTurvy|Jolly||F|||50|]Tauros-Paldea-Aqua||SitrusBerry|Intimidate|WaveCrash,AquaJet,CloseCombat,Protect|Adamant||M|||50|
|showteam|p2|Garchomp||LifeOrb|RoughSkin|StompingTantrum,DragonClaw,RockSlide,Protect|Jolly||F|||50|]Basculegion||SitrusBerry|Adaptability|WaveCrash,AquaJet,LastRespects,Protect|Adamant||M|||50|]Dragonite||Dragoninite|InnerFocus|DracoMeteor,AirSlash,Tailwind,Haze|Modest||M|||50|]Scovillain||Scovillainite|Chlorophyll|Overheat,LeechSeed,RagePowder,Protect|Bold||M|||50|]Gholdengo||FocusSash|GoodasGold|MakeItRain,ShadowBall,PowerGem,Protect|Timid|||||50|]Sylveon||FairyFeather|Pixilate|HyperVoice,QuickAttack,Yawn,Protect|Modest||M|||50|
|
|t:|1784071965
|teamsize|p1|4
|teamsize|p2|4
|start
|switch|p1a: Sneasler|Sneasler, L50, F|100/100
|switch|p1b: Charizard|Charizard, L50, M|100/100
|switch|p2a: Dragonite|Dragonite, L50, M, shiny|100/100
|switch|p2b: Garchomp|Garchomp, L50, F, shiny|100/100
|turn|1
|
|t:|1784071993
|move|p1b: Charizard|Protect|p1b: Charizard
|-singleturn|p1b: Charizard|Protect
|move|p1a: Sneasler|Fake Out|p2a: Dragonite
|-damage|p2a: Dragonite|83/100
|move|p2b: Garchomp|Rock Slide|p1b: Charizard|[spread] p1a
|-activate|p1b: Charizard|move: Protect
|-resisted|p1a: Sneasler|1
|-damage|p1a: Sneasler|78/100
|-damage|p2b: Garchomp|90/100|[from] item: Life Orb
|move|p2a: Dragonite|Tailwind|p2a: Dragonite
|-sidestart|p2: AndreNocchi|move: Tailwind
|
|upkeep
|turn|2
|
|t:|1784072017
|detailschange|p1b: Charizard|Charizard-Mega-Y, L50, M
|-mega|p1b: Charizard|Charizard|Charizardite Y
|-weather|SunnyDay|[from] ability: Drought|[of] p1b: Charizard
|move|p2b: Garchomp|Rock Slide|p1b: Charizard|[spread] p1a,p1b
|-resisted|p1a: Sneasler|1
|-supereffective|p1b: Charizard|2
|-damage|p1a: Sneasler|58/100
|-damage|p1b: Charizard|0 fnt
|faint|p1b: Charizard
|-damage|p2b: Garchomp|80/100|[from] item: Life Orb
|move|p2a: Dragonite|Draco Meteor|p1a: Sneasler
|-damage|p1a: Sneasler|0 fnt
|-unboost|p2a: Dragonite|spa|2
|faint|p1a: Sneasler
|
|-weather|SunnyDay|[upkeep]
|upkeep
|
|t:|1784072029
|switch|p1a: Aerodactyl|Aerodactyl, L50, M|100/100
|switch|p1b: Malamar|Malamar, L50, F|100/100
|-ability|p1a: Aerodactyl|Unnerve
|turn|3
|
|t:|1784072045
|detailschange|p2a: Dragonite|Dragonite-Mega, L50, M, shiny
|-mega|p2a: Dragonite|Dragonite|Dragoninite
|move|p1a: Aerodactyl|Wide Guard|p1a: Aerodactyl
|-singleturn|p1a: Aerodactyl|Wide Guard
|move|p2b: Garchomp|Rock Slide|p1a: Aerodactyl|[spread] 
|-activate|p1a: Aerodactyl|move: Wide Guard
|-activate|p1b: Malamar|move: Wide Guard
|move|p2a: Dragonite|Draco Meteor|p1b: Malamar
|-damage|p1b: Malamar|42/100
|-unboost|p2a: Dragonite|spa|2
|move|p1b: Malamar|Superpower|p2b: Garchomp
|-damage|p2b: Garchomp|49/100
|-boost|p1b: Malamar|atk|1
|-boost|p1b: Malamar|def|1
|-damage|p1b: Malamar|30/100|[from] ability: Rough Skin|[of] p2b: Garchomp
|
|-weather|SunnyDay|[upkeep]
|upkeep
|turn|4
|
|t:|1784072065
|move|p2b: Garchomp|Rock Slide|p1b: Malamar|[spread] p1a
|-miss|p2b: Garchomp|p1b: Malamar
|-supereffective|p1a: Aerodactyl|1
|-crit|p1a: Aerodactyl
|-enditem|p1a: Aerodactyl|Focus Sash
|-damage|p1a: Aerodactyl|1/100
|-damage|p2b: Garchomp|39/100|[from] item: Life Orb
|move|p2a: Dragonite|Haze|p2a: Dragonite
|-clearallboost
|move|p1b: Malamar|Superpower|p2b: Garchomp
|-damage|p2b: Garchomp|2/100
|-boost|p1b: Malamar|atk|1
|-boost|p1b: Malamar|def|1
|-damage|p1b: Malamar|18/100|[from] ability: Rough Skin|[of] p2b: Garchomp
|cant|p1a: Aerodactyl|flinch
|
|-weather|SunnyDay|[upkeep]
|-sideend|p2: AndreNocchi|move: Tailwind
|upkeep
|turn|5
|
|t:|1784072091
|move|p1b: Malamar|Superpower|p2a: Dragonite
|-resisted|p2a: Dragonite|1
|-damage|p2a: Dragonite|58/100
|-boost|p1b: Malamar|atk|1
|-boost|p1b: Malamar|def|1
|move|p1a: Aerodactyl|Dual Wingbeat|p2b: Garchomp
|-damage|p2b: Garchomp|0 fnt
|-damage|p1a: Aerodactyl|0 fnt|[from] ability: Rough Skin|[of] p2b: Garchomp
|faint|p2b: Garchomp
|faint|p1a: Aerodactyl
|-hitcount|p2: Garchomp|1
|move|p2a: Dragonite|Draco Meteor|p1b: Malamar
|-damage|p1b: Malamar|0 fnt
|-unboost|p2a: Dragonite|spa|2
|faint|p1b: Malamar
|
|win|AndreNocchi
|raw|Butternut_Cream's rating: 1000 → 1000(+0 for losing)
|raw|AndreNocchi's rating: 1049 → 1077(+28 for winning)
