|j|☆EvioExess
|j|☆axelcm98
|html|EvioExessaxelcm98    
|uhtml|bestof|Game 2 of a best-of-3
|t:|1784900802
|gametype|doubles
|player|p1|EvioExess|266|1050
|player|p2|axelcm98|265|1102
|gen|9
|tier|[Gen 9 Champions] VGC 2026 Reg M-B (Bo3)
|rated|
|rule|Species Clause: Limit one of each Pokémon
|rule|Item Clause: Limit 1 of each item
|clearpoke
|poke|p1|Farigiraf, L50, F|
|poke|p1|Aerodactyl, L50, M|
|poke|p1|Kingambit, L50, M|
|poke|p1|Garchomp, L50, M|
|poke|p1|Charizard, L50, F|
|poke|p1|Ninetales-Alola, L50, M|
|poke|p2|Kommo-o, L50, M|
|poke|p2|Incineroar, L50, M|
|poke|p2|Glimmora, L50, M|
|poke|p2|Ninetales-Alola, L50, M|
|poke|p2|Rotom-Wash, L50|
|poke|p2|Corviknight, L50, F|
|teampreview|4
|showteam|p1|Farigiraf||SitrusBerry|ArmorTail|TrickRoom,TwinBeam,HelpingHand,Thunderbolt|Bold||F|||50|]Aerodactyl||Aerodactylite|Unnerve|RockSlide,Protect,Tailwind,Taunt|Jolly||M|||50|]Kingambit||FocusSash|Defiant|IronHead,SuckerPunch,LowKick,Protect|Adamant||M|||50|]Garchomp||LifeOrb|RoughSkin|DragonClaw,Earthquake,StompingTantrum,Protect|Adamant||M|||50|]Charizard||CharizarditeY|Blaze|WeatherBall,HeatWave,SolarBeam,Protect|Modest||F|||50|]Ninetales-Alola||NeverMeltIce|SnowWarning|Blizzard,FreezeDry,Moonblast,Protect|Timid||M|||50|
|showteam|p2|Kommo-o||LifeOrb|Overcoat|Protect,ClangingScales,AuraSphere,VacuumWave|Modest||M|||50|]Incineroar||PasshoBerry|Intimidate|FakeOut,FlareBlitz,ThroatChop,PartingShot|Careful||M|||50|]Glimmora||Glimmoranite|ToxicDebris|SpikyShield,SludgeBomb,EarthPower,PowerGem|Modest||M|||50|]Ninetales-Alola||NeverMeltIce|SnowWarning|Protect,Encore,FreezeDry,Blizzard|Timid||M|||50|]Rotom-Wash||SitrusBerry|Levitate|VoltSwitch,WillOWisp,Thunderbolt,HydroPump|Modest|||||50|]Corviknight||Leftovers|Pressure|Tailwind,BraveBird,IronHead,Roost|Careful||F|||50|
|inactive|Battle timer is ON: inactive players will automatically lose when time's up. (requested by axelcm98)
|inactive|EvioExess has 60 seconds left.
|
|t:|1784900842
|teamsize|p1|4
|teamsize|p2|4
|start
|switch|p1a: Uscorp|Kingambit, L50, M|100/100
|switch|p1b: DINOSAUVO|Aerodactyl, L50, M|100/100
|switch|p2a: Incineroar|Incineroar, L50, M|100/100
|switch|p2b: Rotom|Rotom-Wash, L50|100/100
|-ability|p1b: DINOSAUVO|Unnerve
|-ability|p2a: Incineroar|Intimidate|boost
|-unboost|p1a: Uscorp|atk|1
|-ability|p1a: Uscorp|Defiant|boost
|-boost|p1a: Uscorp|atk|2
|-unboost|p1b: DINOSAUVO|atk|1
|turn|1
|
|t:|1784900857
|move|p1b: DINOSAUVO|Protect|p1b: DINOSAUVO
|-singleturn|p1b: DINOSAUVO|Protect
|move|p1a: Uscorp|Protect|p1a: Uscorp
|-singleturn|p1a: Uscorp|Protect
|move|p2a: Incineroar|Fake Out|p1a: Uscorp
|-activate|p1a: Uscorp|move: Protect
|move|p2b: Rotom|Will-O-Wisp|p1a: Uscorp
|-activate|p1a: Uscorp|move: Protect
|
|upkeep
|turn|2
|
|t:|1784900877
|move|p1b: DINOSAUVO|Taunt|p2b: Rotom
|-start|p2b: Rotom|move: Taunt
|move|p2b: Rotom|Volt Switch|p1a: Uscorp
|-damage|p1a: Uscorp|68/100
|
|t:|1784900887
|switch|p2b: Ninetales|Ninetales-Alola, L50, M|100/100|[from] Volt Switch
|-weather|Snowscape|[from] ability: Snow Warning|[of] p2b: Ninetales
|move|p2a: Incineroar|Flare Blitz|p1a: Uscorp
|-supereffective|p1a: Uscorp|1
|-damage|p1a: Uscorp|0 fnt
|faint|p1a: Uscorp
|-damage|p2a: Incineroar|78/100|[from] Recoil
|
|-weather|Snowscape|[upkeep]
|upkeep
|
|t:|1784900895
|switch|p1a: Charizard|Charizard, L50, F|100/100
|turn|3
|inactive|axelcm98 has 30 seconds left.
|
|t:|1784900923
|switch|p2a: Rotom|Rotom-Wash, L50|100/100
|detailschange|p1a: Charizard|Charizard-Mega-Y, L50, F
|-mega|p1a: Charizard|Charizard|Charizardite Y
|-weather|SunnyDay|[from] ability: Drought|[of] p1a: Charizard
|move|p2b: Ninetales|Protect|p2b: Ninetales
|-singleturn|p2b: Ninetales|Protect
|move|p1b: DINOSAUVO|Rock Slide|p2b: Ninetales|[spread] p2a
|-activate|p2b: Ninetales|move: Protect
|-damage|p2a: Rotom|80/100
|move|p1a: Charizard|Heat Wave|p2a: Rotom|[spread] p2a
|-activate|p2b: Ninetales|move: Protect
|-resisted|p2a: Rotom|1
|-damage|p2a: Rotom|49/100
|
|-weather|SunnyDay|[upkeep]
|upkeep
|turn|4
|
|t:|1784900944
|switch|p2a: Incineroar|Incineroar, L50, M|78/100
|-ability|p2a: Incineroar|Intimidate|boost
|-unboost|p1a: Charizard|atk|1
|-unboost|p1b: DINOSAUVO|atk|1
|move|p1b: DINOSAUVO|Tailwind|p1b: DINOSAUVO
|-sidestart|p1: EvioExess|move: Tailwind
|move|p1a: Charizard|Solar Beam||[still]
|-prepare|p1a: Charizard|Solar Beam
|-anim|p1a: Charizard|Solar Beam|p2a: Incineroar
|-resisted|p2a: Incineroar|1
|-damage|p2a: Incineroar|59/100
|move|p2b: Ninetales|Blizzard|p1b: DINOSAUVO|[spread] p1a,p1b
|-supereffective|p1b: DINOSAUVO|1
|-damage|p1a: Charizard|68/100
|-damage|p1b: DINOSAUVO|1/100
|
|-weather|SunnyDay|[upkeep]
|upkeep
|turn|5
|
|t:|1784900965
|switch|p1a: Ninetales|Ninetales-Alola, L50, M|100/100
|-weather|Snowscape|[from] ability: Snow Warning|[of] p1a: Ninetales
|switch|p2b: Rotom|Rotom-Wash, L50|49/100
|move|p1b: DINOSAUVO|Protect|p1b: DINOSAUVO
|-singleturn|p1b: DINOSAUVO|Protect
|move|p2a: Incineroar|Fake Out|p1a: Ninetales
|-damage|p1a: Ninetales|89/100
|
|-weather|Snowscape|[upkeep]
|upkeep
|turn|6
|
|t:|1784900983
|move|p1b: DINOSAUVO|Rock Slide|p2b: Rotom|[spread] p2a,p2b
|-supereffective|p2a: Incineroar|1
|-damage|p2a: Incineroar|36/100
|-damage|p2b: Rotom|36/100
|move|p1a: Ninetales|Moonblast|p2a: Incineroar
|-damage|p2a: Incineroar|6/100
|move|p2b: Rotom|Volt Switch|p1b: DINOSAUVO
|-supereffective|p1b: DINOSAUVO|1
|-damage|p1b: DINOSAUVO|0 fnt
|-enditem|p2b: Rotom|Sitrus Berry|[eat]
|-heal|p2b: Rotom|61/100|[from] item: Sitrus Berry
|faint|p1b: DINOSAUVO
|
|t:|1784900992
|switch|p2b: Ninetales|Ninetales-Alola, L50, M|100/100|[from] Volt Switch
|move|p2a: Incineroar|Flare Blitz|p1a: Ninetales
|-supereffective|p1a: Ninetales|1
|-damage|p1a: Ninetales|5/100
|-damage|p2a: Incineroar|0 fnt|[from] Recoil
|faint|p2a: Incineroar
|
|-weather|Snowscape|[upkeep]
|upkeep
|
|t:|1784901001
|switch|p1b: Charizard|Charizard-Mega-Y, L50, F|68/100
|switch|p2a: Glimmora|Glimmora, L50, M|100/100
|-weather|SunnyDay|[from] ability: Drought|[of] p1b: Charizard
|turn|7
|
|t:|1784901012
|move|p2b: Ninetales|Protect|p2b: Ninetales
|-singleturn|p2b: Ninetales|Protect
|move|p2a: Glimmora|Spiky Shield|p2a: Glimmora
|-singleturn|p2a: Glimmora|move: Protect
|move|p1a: Ninetales|Blizzard|p2b: Ninetales|[spread] 
|-activate|p2a: Glimmora|move: Protect
|-activate|p2b: Ninetales|move: Protect
|move|p1b: Charizard|Solar Beam||[still]
|-prepare|p1b: Charizard|Solar Beam
|-anim|p1b: Charizard|Solar Beam|p2a: Glimmora
|-activate|p2a: Glimmora|move: Protect
|
|-weather|SunnyDay|[upkeep]
|-sideend|p1: EvioExess|move: Tailwind
|upkeep
|turn|8
|
|t:|1784901029
|detailschange|p2a: Glimmora|Glimmora-Mega, L50, M
|-mega|p2a: Glimmora|Glimmora|Glimmoranite
|move|p2b: Ninetales|Freeze-Dry|p1a: Ninetales
|-resisted|p1a: Ninetales|1
|-damage|p1a: Ninetales|0 fnt
|faint|p1a: Ninetales
|move|p2a: Glimmora|Power Gem|p1b: Charizard
|-supereffective|p1b: Charizard|2
|-damage|p1b: Charizard|0 fnt
|faint|p1b: Charizard
|
|win|axelcm98
||axelcm98 is ready for game 3.
||EvioExess is ready for game 3.
|uhtml|next|Next: Game 3 of 3
|l|☆axelcm98
|player|p2|
