|j|☆Dougtrio is bad
|j|☆Guiltypleasure06
|html|Dougtrio is badGuiltypleasure06    
|uhtml|bestof|Game 2 of a best-of-3
|t:|1755863489
|gametype|doubles
|player|p1|Dougtrio is bad|169|1222
|player|p2|Guiltypleasure06|169|1154
|gen|9
|tier|[Gen 9] VGC 2025 Reg H (Bo3)
|rated|
|rule|Species Clause: Limit one of each Pokémon
|rule|Item Clause: Limit 1 of each item
|clearpoke
|poke|p1|Archaludon, L50, M|
|poke|p1|Pelipper, L50, M|
|poke|p1|Ursaluna-Bloodmoon, L50, M|
|poke|p1|Whimsicott, L50, F|
|poke|p1|Gholdengo, L50|
|poke|p1|Brambleghast, L50, F|
|poke|p2|Sneasler, L50, F|
|poke|p2|Dondozo, L50, F|
|poke|p2|Magmar, L50, M|
|poke|p2|Rillaboom, L50, M|
|poke|p2|Dragonite, L50, F|
|poke|p2|Kingambit, L50, M|
|teampreview|4
|showteam|p1|Archaludon||AssaultVest|Stamina|ElectroShot,FlashCannon,BodyPress,DracoMeteor|||M|||50|,,,,,Grass]Pelipper||FocusSash|Drizzle|Tailwind,WeatherBall,Hurricane,Protect|||M|||50|,,,,,Grass]Ursaluna-Bloodmoon||LifeOrb|MindsEye|BloodMoon,HyperVoice,EarthPower,Protect|||M|||50|,,,,,Normal]Whimsicott||CovertCloak|Prankster|Tailwind,Encore,Moonblast,HelpingHand|||F|||50|,,,,,Dark]Gholdengo||MetalCoat|GoodasGold|MakeItRain,ShadowBall,NastyPlot,Protect||||||50|,,,,,Steel]Brambleghast||SpookyPlate|WindRider|SeedBomb,ShadowSneak,Poltergeist,Protect|||F|||50|,,,,,Dark
|showteam|p2|Sneasler||FocusSash|Unburden|CloseCombat,DireClaw,Coaching,Protect|||F|||50|,,,,,Stellar]Dondozo||Leftovers|Unaware|Liquidation,Yawn,Protect,Fissure|||F|||50|,,,,,Fire]Magmar||Eviolite|VitalSpirit|Overheat,WillOWisp,FollowMe,Protect|||M|||50|,,,,,Dragon]Rillaboom||AssaultVest|GrassySurge|WoodHammer,GrassyGlide,Uturn,FakeOut|||M|||50|,,,,,Fire]Dragonite||LoadedDice|Multiscale|ExtremeSpeed,ScaleShot,LowKick,Protect|||F|||50|,,,,,Fairy]Kingambit||BlackGlasses|Defiant|Protect,SwordsDance,SuckerPunch,KowtowCleave|||M|||50|,,,,,Dark
|
|t:|1755863579
|teamsize|p1|4
|teamsize|p2|4
|start
|switch|p1a: Whimsicott|Whimsicott, L50, F|100/100
|switch|p1b: Brambleghast|Brambleghast, L50, F|100/100
|switch|p2a: Sneasler|Sneasler, L50, F|100/100
|switch|p2b: Dragonite|Dragonite, L50, F|100/100
|turn|1
|
|t:|1755863617
|move|p1a: Whimsicott|Tailwind|p1a: Whimsicott
|-sidestart|p1: Dougtrio is bad|move: Tailwind
|-ability|p1b: Brambleghast|Wind Rider|boost
|-boost|p1b: Brambleghast|atk|1
|move|p1b: Brambleghast|Poltergeist|p2a: Sneasler|[miss]
|-miss|p1b: Brambleghast|p2a: Sneasler
|move|p2a: Sneasler|Dire Claw|p1a: Whimsicott
|-supereffective|p1a: Whimsicott
|-damage|p1a: Whimsicott|0 fnt
|faint|p1a: Whimsicott
|move|p2b: Dragonite|Scale Shot|p1b: Brambleghast
|-damage|p1b: Brambleghast|75/100
|-damage|p1b: Brambleghast|49/100
|-crit|p1b: Brambleghast
|-damage|p1b: Brambleghast|10/100
|-damage|p1b: Brambleghast|0 fnt
|faint|p1b: Brambleghast
|-hitcount|p1: Brambleghast|4
|-unboost|p2b: Dragonite|def|1
|-boost|p2b: Dragonite|spe|1
|
|upkeep
|
|t:|1755863626
|switch|p1a: Archaludon|Archaludon, L50, M|100/100
|switch|p1b: Pelipper|Pelipper, L50, M|100/100
|-weather|RainDance|[from] ability: Drizzle|[of] p1b: Pelipper
|turn|2
|
|t:|1755863659
|switch|p2a: Rillaboom|Rillaboom, L50, M|100/100
|-fieldstart|move: Grassy Terrain|[from] ability: Grassy Surge|[of] p2a: Rillaboom
|-terastallize|p1a: Archaludon|Grass
|move|p2b: Dragonite|Protect|p2b: Dragonite
|-singleturn|p2b: Dragonite|Protect
|move|p1a: Archaludon|Electro Shot||[still]
|-prepare|p1a: Archaludon|Electro Shot
|-boost|p1a: Archaludon|spa|1
|-anim|p1a: Archaludon|Electro Shot|p2a: Rillaboom
|-resisted|p2a: Rillaboom
|-damage|p2a: Rillaboom|75/100
|move|p1b: Pelipper|Hurricane|p2a: Rillaboom
|-supereffective|p2a: Rillaboom
|-damage|p2a: Rillaboom|0 fnt
|faint|p2a: Rillaboom
|
|-weather|RainDance|[upkeep]
|upkeep
|
|t:|1755863678
|switch|p2a: Magmar|Magmar, L50, M|100/100
|turn|3
|
|t:|1755863688
|-terastallize|p2a: Magmar|Dragon
|move|p2a: Magmar|Follow Me|p2a: Magmar
|-singleturn|p2a: Magmar|move: Follow Me
|move|p1a: Archaludon|Electro Shot||[still]
|-prepare|p1a: Archaludon|Electro Shot
|-boost|p1a: Archaludon|spa|1
|-anim|p1a: Archaludon|Electro Shot|p2a: Magmar
|-resisted|p2a: Magmar
|-damage|p2a: Magmar|62/100
|move|p2b: Dragonite|Scale Shot|p1b: Pelipper
|-damage|p1b: Pelipper|85/100
|-damage|p1b: Pelipper|70/100
|-damage|p1b: Pelipper|53/100
|-damage|p1b: Pelipper|37/100
|-damage|p1b: Pelipper|20/100
|-hitcount|p1b: Pelipper|5
|-unboost|p2b: Dragonite|def|1
|-boost|p2b: Dragonite|spe|1
|move|p1b: Pelipper|Hurricane|p2a: Magmar
|-damage|p2a: Magmar|20/100
|
|-weather|RainDance|[upkeep]
|-heal|p2a: Magmar|26/100|[from] Grassy Terrain
|upkeep
|turn|4
|
|t:|1755863717
|move|p2b: Dragonite|Protect|p2b: Dragonite
|-singleturn|p2b: Dragonite|Protect
|move|p1b: Pelipper|Protect|p1b: Pelipper
|-singleturn|p1b: Pelipper|Protect
|move|p2a: Magmar|Protect|p2a: Magmar
|-singleturn|p2a: Magmar|Protect
|move|p1a: Archaludon|Electro Shot||[still]
|-prepare|p1a: Archaludon|Electro Shot
|-boost|p1a: Archaludon|spa|1
|-anim|p1a: Archaludon|Electro Shot|p2a: Magmar
|-activate|p2a: Magmar|move: Protect
|
|-weather|RainDance|[upkeep]
|-heal|p2a: Magmar|32/100|[from] Grassy Terrain
|-sideend|p1: Dougtrio is bad|move: Tailwind
|upkeep
|turn|5
|
|t:|1755863741
|move|p2b: Dragonite|Scale Shot|p1b: Pelipper
|-damage|p1b: Pelipper|5/100
|-damage|p1b: Pelipper|0 fnt
|faint|p1b: Pelipper
|-hitcount|p1: Pelipper|2
|-unboost|p2b: Dragonite|def|1
|-boost|p2b: Dragonite|spe|1
|move|p2a: Magmar|Overheat|p1a: Archaludon
|-supereffective|p1a: Archaludon
|-damage|p1a: Archaludon|62/100
|-unboost|p2a: Magmar|spa|2
|-ability|p1a: Archaludon|Stamina|boost
|-boost|p1a: Archaludon|def|1
|move|p1a: Archaludon|Electro Shot||[still]
|-prepare|p1a: Archaludon|Electro Shot
|-boost|p1a: Archaludon|spa|1
|-anim|p1a: Archaludon|Electro Shot|p2a: Magmar
|-resisted|p2a: Magmar
|-damage|p2a: Magmar|0 fnt
|faint|p2a: Magmar
|
|-weather|RainDance|[upkeep]
|-heal|p1a: Archaludon|68/100|[from] Grassy Terrain
|upkeep
|
|t:|1755863760
|switch|p2a: Sneasler|Sneasler, L50, F|100/100
|turn|6
|
|t:|1755863770
|move|p2b: Dragonite|Low Kick|p1a: Archaludon
|-damage|p1a: Archaludon|54/100
|-ability|p1a: Archaludon|Stamina|boost
|-boost|p1a: Archaludon|def|1
|move|p2a: Sneasler|Dire Claw|p1a: Archaludon
|-supereffective|p1a: Archaludon
|-damage|p1a: Archaludon|21/100
|-ability|p1a: Archaludon|Stamina|boost
|-boost|p1a: Archaludon|def|1
|move|p1a: Archaludon|Draco Meteor|p2b: Dragonite
|-supereffective|p2b: Dragonite
|-damage|p2b: Dragonite|0 fnt
|-unboost|p1a: Archaludon|spa|2
|faint|p2b: Dragonite
|
|-weather|none
|-heal|p1a: Archaludon|28/100|[from] Grassy Terrain
|-fieldend|move: Grassy Terrain
|upkeep
|turn|7
|
|t:|1755863789
|move|p2a: Sneasler|Dire Claw|p1a: Archaludon
|-supereffective|p1a: Archaludon
|-damage|p1a: Archaludon|5/100
|-status|p1a: Archaludon|psn
|-ability|p1a: Archaludon|Stamina|boost
|-boost|p1a: Archaludon|def|1
|move|p1a: Archaludon|Flash Cannon|p2a: Sneasler
|-enditem|p2a: Sneasler|Focus Sash
|-damage|p2a: Sneasler|1/100
|
|-damage|p1a: Archaludon|0 fnt|[from] psn
|faint|p1a: Archaludon
|
|win|Guiltypleasure06
|raw|Dougtrio is bad's rating: 1222 → 1192(-30 for losing)
|raw|Guiltypleasure06's rating: 1154 → 1184(+30 for winning)
|c|☆Dougtrio is bad|Gg wp!
|c|☆Guiltypleasure06|GG WP
|c|☆Guiltypleasure06|nice Match
|l|☆Dougtrio is bad
|player|p1|
|c|☆Guiltypleasure06|Good Luck
|l|☆Guiltypleasure06
|player|p2|
|j|☆Guiltypleasure06
|player|p2|Guiltypleasure06|169|
