|j|☆washingtongargacha
|j|☆jerryboy109
|html|washingtongargachajerryboy109    
|uhtml|bestof|Game 1 of a best-of-3
|t:|1756996798
|gametype|doubles
|player|p1|washingtongargacha|2|1178
|player|p2|jerryboy109|pokekid|1077
|gen|9
|tier|[Gen 9] VGC 2025 Reg H (Bo3)
|rated|
|rule|Species Clause: Limit one of each Pokémon
|rule|Item Clause: Limit 1 of each item
|clearpoke
|poke|p1|Talonflame, L50, M|
|poke|p1|Gholdengo, L50|
|poke|p1|Dragonite, L50, F|
|poke|p1|Archaludon, L50, M|
|poke|p1|Tyranitar, L50, M|
|poke|p1|Garchomp, L50, M|
|poke|p2|Baxcalibur, L50, M|
|poke|p2|Pelipper, L50, M|
|poke|p2|Rillaboom, L50, M|
|poke|p2|Incineroar, L50, F|
|poke|p2|Whimsicott, L50, M|
|poke|p2|Gholdengo, L50|
|teampreview|4
|showteam|p1|Talonflame||CovertCloak|GaleWings|Tailwind,BraveBird,Taunt,WillOWisp|||M|||50|,,,,,Ghost]Gholdengo||ChoiceSpecs|GoodasGold|MakeItRain,SteelBeam,ShadowBall,PowerGem||||||50|,,,,,Steel]Dragonite||LoadedDice|Multiscale|ScaleShot,IceSpinner,Haze,Protect|||F|||50|,,,,,Steel]Archaludon||PowerHerb|Sturdy|FlashCannon,ElectroShot,DracoMeteor,Protect|||M|||50|,,,,,Flying]Tyranitar||AssaultVest|SandStream|KnockOff,RockSlide,TeraBlast,LowKick|||M|||50|,,,,,Flying]Garchomp||LifeOrb|RoughSkin|DragonClaw,StompingTantrum,Earthquake,Protect|||M|||50|,,,,,Steel
|showteam|p2|Baxcalibur||SitrusBerry|ThermalExchange|DragonDance,Protect,GlaiveRush,IcicleCrash|||M|||50|,,,,,Fire]Pelipper||FocusSash|Drizzle|WeatherBall,Hurricane,Protect,Tailwind|||M|||50|,,,,,Flying]Rillaboom||AssaultVest|GrassySurge|GrassyGlide,WoodHammer,FakeOut,BrickBreak|||M|||50|,,,,,Grass]Incineroar||RockyHelmet|Intimidate|Protect,KnockOff,FakeOut,WillOWisp|||F|||50|,,,,,Ghost]Whimsicott||LightClay|Prankster|Protect,Tailwind,LightScreen,Moonblast|||M|||50|,,,,,Grass]Gholdengo||LifeOrb|GoodasGold|ThunderWave,MakeItRain,Protect,ShadowBall||||||50|,,,,,Flying
|inactive|Battle timer is ON: inactive players will automatically lose when time's up. (requested by jerryboy109)
|
|t:|1756996844
|teamsize|p1|4
|teamsize|p2|4
|start
|switch|p1a: Talonflame|Talonflame, L50, M|100/100
|switch|p1b: Garchomp|Garchomp, L50, M|100/100
|switch|p2a: Rillaboom|Rillaboom, L50, M|100/100
|switch|p2b: Gholdengo|Gholdengo, L50|100/100
|-fieldstart|move: Grassy Terrain|[from] ability: Grassy Surge|[of] p2a: Rillaboom
|turn|1
|inactive|jerryboy109 has 30 seconds left.
|
|t:|1756996875
|move|p1b: Garchomp|Protect|p1b: Garchomp
|-singleturn|p1b: Garchomp|Protect
|move|p2a: Rillaboom|Fake Out|p1a: Talonflame
|-damage|p1a: Talonflame|80/100
|move|p1a: Talonflame|Brave Bird|p2a: Rillaboom
|-supereffective|p2a: Rillaboom
|-damage|p2a: Rillaboom|31/100
|-damage|p1a: Talonflame|55/100|[from] Recoil
|move|p2b: Gholdengo|Shadow Ball|p1b: Garchomp
|-activate|p1b: Garchomp|move: Protect
|
|-heal|p2a: Rillaboom|37/100|[from] Grassy Terrain
|upkeep
|turn|2
|inactive|washingtongargacha has 30 seconds left.
|
|t:|1756996904
|switch|p2a: Incineroar|Incineroar, L50, F|100/100
|-ability|p2a: Incineroar|Intimidate|boost
|-unboost|p1a: Talonflame|atk|1
|-unboost|p1b: Garchomp|atk|1
|move|p1a: Talonflame|Tailwind|p1a: Talonflame
|-sidestart|p1: washingtongargacha|move: Tailwind
|move|p1b: Garchomp|Dragon Claw|p2b: Gholdengo
|-resisted|p2b: Gholdengo
|-damage|p2b: Gholdengo|80/100
|-damage|p1b: Garchomp|91/100|[from] item: Life Orb
|move|p2b: Gholdengo|Shadow Ball|p1b: Garchomp
|-damage|p1b: Garchomp|31/100
|-damage|p2b: Gholdengo|70/100|[from] item: Life Orb
|
|-heal|p1b: Garchomp|37/100|[from] Grassy Terrain
|-heal|p2b: Gholdengo|76/100|[from] Grassy Terrain
|upkeep
|turn|3
|inactive|washingtongargacha has 30 seconds left.
|
|t:|1756996933
|switch|p1a: Gholdengo|Gholdengo, L50|100/100
|move|p1b: Garchomp|Protect|p1b: Garchomp
|-singleturn|p1b: Garchomp|Protect
|move|p2a: Incineroar|Fake Out|p1a: Gholdengo
|-immune|p1a: Gholdengo
|move|p2b: Gholdengo|Make It Rain|p1a: Gholdengo|[spread] p1a
|-activate|p1b: Garchomp|move: Protect
|-resisted|p1a: Gholdengo
|-crit|p1a: Gholdengo
|-damage|p1a: Gholdengo|46/100
|-unboost|p2b: Gholdengo|spa|1
|-damage|p2b: Gholdengo|66/100|[from] item: Life Orb
|
|-heal|p1b: Garchomp|43/100|[from] Grassy Terrain
|-heal|p1a: Gholdengo|52/100|[from] Grassy Terrain
|-heal|p2b: Gholdengo|72/100|[from] Grassy Terrain
|upkeep
|turn|4
|inactive|washingtongargacha has 30 seconds left.
|
|t:|1756996965
|switch|p1a: Talonflame|Talonflame, L50, M|55/100
|move|p2b: Gholdengo|Protect|p2b: Gholdengo
|-singleturn|p2b: Gholdengo|Protect
|move|p1b: Garchomp|Earthquake|p2b: Gholdengo|[spread] p2a
|-activate|p2b: Gholdengo|move: Protect
|-immune|p1a: Talonflame
|-supereffective|p2a: Incineroar
|-damage|p2a: Incineroar|76/100
|-damage|p1b: Garchomp|33/100|[from] item: Life Orb
|move|p2a: Incineroar|Knock Off|p1a: Talonflame
|-damage|p1a: Talonflame|3/100
|-enditem|p1a: Talonflame|Covert Cloak|[from] move: Knock Off|[of] p2a: Incineroar
|
|-heal|p1b: Garchomp|39/100|[from] Grassy Terrain
|-heal|p2b: Gholdengo|78/100|[from] Grassy Terrain
|-heal|p2a: Incineroar|83/100|[from] Grassy Terrain
|upkeep
|turn|5
|
|t:|1756996989
|switch|p2b: Rillaboom|Rillaboom, L50, M|37/100
|move|p1a: Talonflame|Brave Bird|p2b: Rillaboom
|-supereffective|p2b: Rillaboom
|-damage|p2b: Rillaboom|0 fnt
|faint|p2b: Rillaboom
|-damage|p1a: Talonflame|0 fnt|[from] Recoil
|faint|p1a: Talonflame
|move|p1b: Garchomp|Earthquake|p2a: Incineroar
|-supereffective|p2a: Incineroar
|-damage|p2a: Incineroar|49/100
|-damage|p1b: Garchomp|29/100|[from] item: Life Orb
|move|p2a: Incineroar|Will-O-Wisp|p1b: Garchomp
|-status|p1b: Garchomp|brn
|
|-heal|p1b: Garchomp|35/100 brn|[from] Grassy Terrain
|-heal|p2a: Incineroar|55/100|[from] Grassy Terrain
|-damage|p1b: Garchomp|29/100 brn|[from] brn
|-sideend|p1: washingtongargacha|move: Tailwind
|-fieldend|move: Grassy Terrain
|upkeep
|
|t:|1756997011
|switch|p1a: Tyranitar|Tyranitar, L50, M|100/100
|switch|p2b: Gholdengo|Gholdengo, L50|78/100
|-weather|Sandstorm|[from] ability: Sand Stream|[of] p1a: Tyranitar
|turn|6
|inactive|jerryboy109 has 30 seconds left.
|
|t:|1756997045
|-terastallize|p1a: Tyranitar|Flying
|move|p2b: Gholdengo|Protect|p2b: Gholdengo
|-singleturn|p2b: Gholdengo|Protect
|move|p1b: Garchomp|Earthquake|p2a: Incineroar|[spread] p2a
|-activate|p2b: Gholdengo|move: Protect
|-immune|p1a: Tyranitar
|-supereffective|p2a: Incineroar
|-damage|p2a: Incineroar|31/100
|-damage|p1b: Garchomp|20/100 brn|[from] item: Life Orb
|move|p1a: Tyranitar|Knock Off|p2b: Gholdengo
|-activate|p2b: Gholdengo|move: Protect
|move|p2a: Incineroar|Knock Off|p1a: Tyranitar
|-damage|p1a: Tyranitar|68/100
|-enditem|p1a: Tyranitar|Assault Vest|[from] move: Knock Off|[of] p2a: Incineroar
|
|-weather|Sandstorm|[upkeep]
|-damage|p1a: Tyranitar|62/100|[from] Sandstorm
|-damage|p2a: Incineroar|25/100|[from] Sandstorm
|-damage|p1b: Garchomp|14/100 brn|[from] brn
|upkeep
|turn|7
|inactive|washingtongargacha has 30 seconds left.
|inactive|jerryboy109 has 30 seconds left.
|inactive|washingtongargacha has 20 seconds left.
|inactive|jerryboy109 has 20 seconds left.
|
|t:|1756997084
|switch|p2a: Pelipper|Pelipper, L50, M|100/100
|-weather|RainDance|[from] ability: Drizzle|[of] p2a: Pelipper
|move|p1b: Garchomp|Earthquake|p2a: Pelipper|[spread] p2b
|-immune|p1a: Tyranitar
|-immune|p2a: Pelipper
|-supereffective|p2b: Gholdengo
|-damage|p2b: Gholdengo|35/100
|-damage|p1b: Garchomp|4/100 brn|[from] item: Life Orb
|move|p2b: Gholdengo|Make It Rain|p1a: Tyranitar|[spread] p1a,p1b
|-damage|p1a: Tyranitar|7/100
|-damage|p1b: Garchomp|0 fnt
|-unboost|p2b: Gholdengo|spa|1
|faint|p1b: Garchomp
|-damage|p2b: Gholdengo|25/100|[from] item: Life Orb
|move|p1a: Tyranitar|Rock Slide|p2b: Gholdengo|[spread] p2a,p2b
|-supereffective|p2a: Pelipper
|-resisted|p2b: Gholdengo
|-damage|p2a: Pelipper|25/100
|-damage|p2b: Gholdengo|7/100
|
|-weather|RainDance|[upkeep]
|upkeep
|
|t:|1756997104
|switch|p1b: Gholdengo|Gholdengo, L50|52/100
|turn|8
|
|t:|1756997124
|move|p2b: Gholdengo|Make It Rain|p1b: Gholdengo|[spread] p1a,p1b
|-resisted|p1b: Gholdengo
|-crit|p1b: Gholdengo
|-damage|p1a: Tyranitar|0 fnt
|-damage|p1b: Gholdengo|2/100
|-unboost|p2b: Gholdengo|spa|1
|faint|p1a: Tyranitar
|-damage|p2b: Gholdengo|0 fnt|[from] item: Life Orb
|faint|p2b: Gholdengo
|move|p2a: Pelipper|Tailwind|p2a: Pelipper
|-sidestart|p2: jerryboy109|move: Tailwind
|move|p1b: Gholdengo|Make It Rain|p2a: Pelipper
|-resisted|p2a: Pelipper
|-damage|p2a: Pelipper|0 fnt
|-unboost|p1b: Gholdengo|spa|1
|faint|p2a: Pelipper
|
|-weather|RainDance|[upkeep]
|upkeep
|
|t:|1756997132
|switch|p2b: Incineroar|Incineroar, L50, F|25/100
|-ability|p2b: Incineroar|Intimidate|boost
|-unboost|p1b: Gholdengo|atk|1
|turn|9
|
|t:|1756997143
|move|p2b: Incineroar|Knock Off|p1b: Gholdengo
|-supereffective|p1b: Gholdengo
|-damage|p1b: Gholdengo|0 fnt
|-enditem|p1b: Gholdengo|Choice Specs|[from] move: Knock Off|[of] p2b: Incineroar
|faint|p1b: Gholdengo
|
|win|jerryboy109
