|j|☆CretaceousDraconid
|j|☆lildueldisk
|html|CretaceousDraconidlildueldisk    
|uhtml|bestof|Game 2 of a best-of-3
|t:|1756550205
|gametype|doubles
|player|p1|CretaceousDraconid|zinnia-masters|1144
|player|p2|lildueldisk|boarder|1045
|gen|9
|tier|[Gen 9] VGC 2025 Reg H (Bo3)
|rated|
|rule|Species Clause: Limit one of each Pokémon
|rule|Item Clause: Limit 1 of each item
|clearpoke
|poke|p1|Tyranitar, L50, F|
|poke|p1|Salamence, L50, F|
|poke|p1|Basculegion, L50, M|
|poke|p1|Electabuzz, L50, F|
|poke|p1|Excadrill, L50, F|
|poke|p1|Corviknight, L50, M|
|poke|p2|Dragonite, L50, M|
|poke|p2|Garchomp, L50, F|
|poke|p2|Ninetales-Alola, L50, F|
|poke|p2|Incineroar, L50, M|
|poke|p2|Kingambit, L50, F|
|poke|p2|Amoonguss, L50, F|
|teampreview|4
|showteam|p1|Tyranitar||AssaultVest|SandStream|TeraBlast,LowKick,KnockOff,RockSlide|||F|||50|,,,,,Flying]Salamence||SafetyGoggles|Intimidate|HeatWave,Hurricane,Protect,DracoMeteor|||F|||50|,,,,,Fire]Basculegion||ChoiceScarf|Adaptability|FlipTurn,LastRespects,AquaJet,WaveCrash|||M|||50|,,,,,Water]Electabuzz||Eviolite|VitalSpirit|Electroweb,Protect,Taunt,FollowMe|||F|||50|,,,,,Dragon]Excadrill||ClearAmulet|SandRush|Protect,IronHead,HighHorsepower,Earthquake|||F|||50|,,,,,Ghost]Corviknight||CovertCloak|MirrorArmor|BulkUp,Tailwind,BraveBird,Roost|||M|||50|,,,,,Fire
|showteam|p2|Dragonite||LumBerry|InnerFocus|TeraBlast,ExtremeSpeed,LowKick,Protect|||M|||50|,,,,,Flying]Garchomp||LifeOrb|SandVeil|DragonClaw,Earthquake,StompingTantrum,Protect|||F|||50|,,,,,Steel]Ninetales-Alola||FocusSash|SnowWarning|Blizzard,FreezeDry,Encore,Protect|||F|||50|,,,,,Ice]Incineroar||SafetyGoggles|Intimidate|FlareBlitz,KnockOff,PartingShot,FakeOut|||M|||50|,,,,,Ghost]Kingambit||BlackGlasses|Defiant|KowtowCleave,SuckerPunch,IronHead,Protect|||F|||50|,,,,,Dark]Amoonguss||SitrusBerry|Regenerator|Spore,RagePowder,PollenPuff,ClearSmog|||F|||50|,,,,,Water
|
|t:|1756550254
|teamsize|p1|4
|teamsize|p2|4
|start
|switch|p1a: Basculegion|Basculegion, L50, M|100/100
|switch|p1b: Sucker|Corviknight, L50, M|100/100
|switch|p2a: Dragonite|Dragonite, L50, M|100/100
|switch|p2b: Garchomp|Garchomp, L50, F|100/100
|turn|1
|
|t:|1756550272
|switch|p2b: Amoonguss|Amoonguss, L50, F|100/100
|-terastallize|p2a: Dragonite|Flying
|move|p1a: Basculegion|Wave Crash|p2b: Amoonguss
|-resisted|p2b: Amoonguss
|-damage|p2b: Amoonguss|68/100
|-damage|p1a: Basculegion|89/100|[from] Recoil
|move|p2a: Dragonite|Tera Blast|p1a: Basculegion|[anim] Tera Blast Flying
|-damage|p1a: Basculegion|10/100
|move|p1b: Sucker|Bulk Up|p1b: Sucker
|-boost|p1b: Sucker|atk|1
|-boost|p1b: Sucker|def|1
|
|upkeep
|turn|2
|
|t:|1756550294
|switch|p1a: Wasteland|Tyranitar, L50, F|100/100
|-weather|Sandstorm|[from] ability: Sand Stream|[of] p1a: Wasteland
|move|p2a: Dragonite|Tera Blast|p1a: Wasteland|[anim] Tera Blast Flying
|-resisted|p1a: Wasteland
|-damage|p1a: Wasteland|76/100
|move|p1b: Sucker|Brave Bird|p2b: Amoonguss
|-supereffective|p2b: Amoonguss
|-damage|p2b: Amoonguss|0 fnt
|faint|p2b: Amoonguss
|-damage|p1b: Sucker|76/100|[from] Recoil
|
|-weather|Sandstorm|[upkeep]
|-damage|p2a: Dragonite|95/100|[from] Sandstorm
|upkeep
|
|t:|1756550308
|switch|p2b: Garchomp|Garchomp, L50, F|100/100
|turn|3
|
|t:|1756550332
|switch|p1a: Basculegion|Basculegion, L50, M|10/100
|move|p2b: Garchomp|Earthquake|p1a: Basculegion|[spread] p1a
|-immune|p2a: Dragonite
|-immune|p1b: Sucker
|-damage|p1a: Basculegion|0 fnt
|faint|p1a: Basculegion
|-damage|p2b: Garchomp|91/100|[from] item: Life Orb
|move|p2a: Dragonite|Low Kick|p1b: Sucker
|-damage|p1b: Sucker|58/100
|move|p1b: Sucker|Bulk Up|p1b: Sucker
|-boost|p1b: Sucker|atk|1
|-boost|p1b: Sucker|def|1
|
|-weather|Sandstorm|[upkeep]
|-damage|p2a: Dragonite|89/100|[from] Sandstorm
|upkeep
|
|t:|1756550336
|switch|p1a: Renegade|Excadrill, L50, F|100/100
|turn|4
|
|t:|1756550369
|move|p1a: Renegade|Protect|p1a: Renegade
|-singleturn|p1a: Renegade|Protect
|move|p2a: Dragonite|Protect|p2a: Dragonite
|-singleturn|p2a: Dragonite|Protect
|move|p2b: Garchomp|Earthquake|p1b: Sucker|[spread] 
|-activate|p2a: Dragonite|move: Protect
|-activate|p1a: Renegade|move: Protect
|-immune|p1b: Sucker
|move|p1b: Sucker|Brave Bird|p2b: Garchomp|[miss]
|-miss|p1b: Sucker|p2b: Garchomp
|
|-weather|Sandstorm|[upkeep]
|-damage|p2a: Dragonite|83/100|[from] Sandstorm
|upkeep
|turn|5
|
|t:|1756550402
|switch|p2a: Ninetales|Ninetales-Alola, L50, F|100/100
|-weather|Snowscape|[from] ability: Snow Warning|[of] p2a: Ninetales
|-terastallize|p1a: Renegade|Ghost
|move|p2b: Garchomp|Stomping Tantrum|p1a: Renegade
|-damage|p1a: Renegade|0 fnt
|faint|p1a: Renegade
|-damage|p2b: Garchomp|81/100|[from] item: Life Orb
|move|p1b: Sucker|Tailwind|p1b: Sucker
|-sidestart|p1: CretaceousDraconid|move: Tailwind
|
|-weather|Snowscape|[upkeep]
|upkeep
|
|t:|1756550410
|switch|p1a: Wasteland|Tyranitar, L50, F|76/100
|-weather|Sandstorm|[from] ability: Sand Stream|[of] p1a: Wasteland
|turn|6
|
|t:|1756550443
|move|p2a: Ninetales|Protect|p2a: Ninetales
|-singleturn|p2a: Ninetales|Protect
|move|p2b: Garchomp|Protect|p2b: Garchomp
|-singleturn|p2b: Garchomp|Protect
|move|p1b: Sucker|Brave Bird|p2a: Ninetales
|-activate|p2a: Ninetales|move: Protect
|move|p1a: Wasteland|Rock Slide|p2a: Ninetales|[spread] 
|-activate|p2a: Ninetales|move: Protect
|-activate|p2b: Garchomp|move: Protect
|
|-weather|Sandstorm|[upkeep]
|-damage|p2a: Ninetales|94/100|[from] Sandstorm
|upkeep
|turn|7
|
|t:|1756550471
|move|p1b: Sucker|Brave Bird|p2b: Garchomp
|-damage|p2b: Garchomp|0 fnt
|faint|p2b: Garchomp
|-damage|p1b: Sucker|34/100|[from] Recoil
|move|p2a: Ninetales|Freeze-Dry|p1b: Sucker
|-damage|p1b: Sucker|10/100
|move|p1a: Wasteland|Rock Slide|p2a: Ninetales|[miss]
|-miss|p1a: Wasteland|p2a: Ninetales
|
|-weather|Sandstorm|[upkeep]
|-damage|p2a: Ninetales|88/100|[from] Sandstorm
|upkeep
|
|t:|1756550483
|switch|p2b: Dragonite|Dragonite, L50, M, tera:Flying|83/100
|turn|8
|
|t:|1756550503
|move|p2a: Ninetales|Protect|p2a: Ninetales
|-singleturn|p2a: Ninetales|Protect
|move|p2b: Dragonite|Extreme Speed|p1b: Sucker
|-resisted|p1b: Sucker
|-damage|p1b: Sucker|3/100
|move|p1b: Sucker|Roost|p1b: Sucker
|-heal|p1b: Sucker|53/100
|-singleturn|p1b: Sucker|move: Roost
|move|p1a: Wasteland|Rock Slide|p2b: Dragonite|[spread] p2b
|-activate|p2a: Ninetales|move: Protect
|-supereffective|p2b: Dragonite
|-damage|p2b: Dragonite|17/100
|
|-weather|Sandstorm|[upkeep]
|-damage|p2a: Ninetales|82/100|[from] Sandstorm
|-damage|p2b: Dragonite|11/100|[from] Sandstorm
|-sideend|p1: CretaceousDraconid|move: Tailwind
|upkeep
|turn|9
|
|t:|1756550526
|move|p2a: Ninetales|Encore|p1b: Sucker
|-start|p1b: Sucker|Encore
|move|p2b: Dragonite|Low Kick|p1a: Wasteland
|-supereffective|p1a: Wasteland
|-damage|p1a: Wasteland|0 fnt
|faint|p1a: Wasteland
|move|p1b: Sucker|Roost|p1b: Sucker
|-heal|p1b: Sucker|100/100
|-singleturn|p1b: Sucker|move: Roost
|
|-weather|Sandstorm|[upkeep]
|-damage|p2a: Ninetales|76/100|[from] Sandstorm
|-damage|p2b: Dragonite|5/100|[from] Sandstorm
|upkeep
|turn|10
|
|t:|1756550543
|move|p2a: Ninetales|Freeze-Dry|p1b: Sucker
|-damage|p1b: Sucker|78/100
|move|p2b: Dragonite|Low Kick|p1b: Sucker
|-crit|p1b: Sucker
|-damage|p1b: Sucker|40/100
|move|p1b: Sucker|Roost|p1b: Sucker
|-heal|p1b: Sucker|90/100
|-singleturn|p1b: Sucker|move: Roost
|
|-weather|none
|upkeep
|turn|11
|
|t:|1756550556
|move|p2a: Ninetales|Freeze-Dry|p1b: Sucker
|-crit|p1b: Sucker
|-damage|p1b: Sucker|52/100
|move|p2b: Dragonite|Low Kick|p1b: Sucker
|-crit|p1b: Sucker
|-damage|p1b: Sucker|11/100
|move|p1b: Sucker|Roost|p1b: Sucker
|-heal|p1b: Sucker|61/100
|-singleturn|p1b: Sucker|move: Roost
|
|-end|p1b: Sucker|Encore
|upkeep
|turn|12
|
|t:|1756550572
|move|p2a: Ninetales|Freeze-Dry|p1b: Sucker
|-damage|p1b: Sucker|38/100
|move|p2b: Dragonite|Low Kick|p1b: Sucker
|-damage|p1b: Sucker|25/100
|move|p1b: Sucker|Roost|p1b: Sucker
|-heal|p1b: Sucker|76/100
|-singleturn|p1b: Sucker|move: Roost
|
|upkeep
|turn|13
|
|t:|1756550586
|move|p2a: Ninetales|Encore|p1b: Sucker
|-start|p1b: Sucker|Encore
|move|p2b: Dragonite|Low Kick|p1b: Sucker
|-damage|p1b: Sucker|61/100
|move|p1b: Sucker|Roost|p1b: Sucker
|-heal|p1b: Sucker|100/100
|-singleturn|p1b: Sucker|move: Roost
|
|upkeep
|turn|14
|
|t:|1756550604
|move|p2a: Ninetales|Freeze-Dry|p1b: Sucker
|-damage|p1b: Sucker|77/100
|move|p2b: Dragonite|Low Kick|p1b: Sucker
|-damage|p1b: Sucker|63/100
|move|p1b: Sucker|Roost|p1b: Sucker
|-heal|p1b: Sucker|100/100
|-singleturn|p1b: Sucker|move: Roost
|
|upkeep
|turn|15
|
|t:|1756550619
|move|p2a: Ninetales|Freeze-Dry|p1b: Sucker
|-damage|p1b: Sucker|77/100
|move|p2b: Dragonite|Low Kick|p1b: Sucker
|-damage|p1b: Sucker|64/100
|move|p1b: Sucker|Roost|p1b: Sucker
|-heal|p1b: Sucker|100/100
|-singleturn|p1b: Sucker|move: Roost
|
|-end|p1b: Sucker|Encore
|upkeep
|turn|16
|
|t:|1756550633
|move|p2a: Ninetales|Encore||[still]
|-fail|p2a: Ninetales
|move|p2b: Dragonite|Low Kick|p1b: Sucker
|-damage|p1b: Sucker|88/100
|move|p1b: Sucker|Brave Bird|p2a: Ninetales
|-damage|p2a: Ninetales|0 fnt
|faint|p2a: Ninetales
|-damage|p1b: Sucker|70/100|[from] Recoil
|
|upkeep
|turn|17
|c|☆CretaceousDraconid|ggs
|-message|lildueldisk forfeited.
|
|win|CretaceousDraconid
|raw|CretaceousDraconid's rating: 1144 → 1162(+18 for winning)
|raw|lildueldisk's rating: 1045 → 1033(-12 for losing)
|l|☆lildueldisk
|player|p2|
