|j|☆mattorfo
|j|☆Njstinks
|html|mattorfoNjstinks    
|uhtml|bestof|Game 1 of a best-of-3
|t:|1756917497
|gametype|doubles
|player|p1|mattorfo|backersf|1247
|player|p2|Njstinks|170|1327
|gen|9
|tier|[Gen 9] VGC 2025 Reg H (Bo3)
|rated|
|rule|Species Clause: Limit one of each Pokémon
|rule|Item Clause: Limit 1 of each item
|clearpoke
|poke|p1|Gholdengo, L50|
|poke|p1|Sneasler, L50, M|
|poke|p1|Rillaboom, L50, M|
|poke|p1|Dragonite, L50, M|
|poke|p1|Ninetales-Alola, L50, F|
|poke|p1|Arcanine-Hisui, L50, F|
|poke|p2|Sneasler, L50, F|
|poke|p2|Dondozo, L50, M|
|poke|p2|Tatsugiri, L50, F|
|poke|p2|Indeedee, L50, M|
|poke|p2|Excadrill, L50, F|
|poke|p2|Tyranitar, L50, F|
|teampreview|4
|showteam|p1|Gholdengo||GrassySeed|GoodasGold|NastyPlot,MakeItRain,ShadowBall,Protect||||||50|,,,,,Water]Sneasler||WhiteHerb|Unburden|CloseCombat,DireClaw,Coaching,Protect|||M|||50|,,,,,Ghost]Rillaboom||AssaultVest|GrassySurge|FakeOut,GrassyGlide,DrumBeating,HighHorsepower|||M|||50|,,,,,Fire]Dragonite||LoadedDice|Multiscale|ScaleShot,StompingTantrum,Tailwind,Haze|||M|||50|,,,,,Ground]Ninetales-Alola||FocusSash|SnowWarning|Blizzard,IcyWind,Encore,AuroraVeil|||F|||50|,,,,,Ghost]Arcanine-Hisui||ClearAmulet|Intimidate|RockSlide,FlareBlitz,ExtremeSpeed,Protect|||F|||50|,,,,,Water
|showteam|p2|Sneasler||PsychicSeed|Unburden|DireClaw,CloseCombat,Protect,ThroatChop|||F|||50|,,,,,Dark]Dondozo||Leftovers|Unaware|WaveCrash,HeavySlam,OrderUp,Protect|||M|||50|,,,,,Grass]Tatsugiri||FocusSash|Commander|DracoMeteor,MuddyWater,IcyWind,Protect|||F|||50|,,,,,Stellar]Indeedee||ChoiceScarf|PsychicSurge|ExpandingForce,ShadowBall,Trick,Protect|||M|||50|,,,,,Psychic]Excadrill||ClearAmulet|SandRush|Earthquake,IronHead,HighHorsepower,Protect|||F|||50|,,,,,Ground]Tyranitar||AssaultVest|SandStream|RockSlide,KnockOff,LowKick,TeraBlast|||F|||50|,,,,,Flying
|inactive|Battle timer is ON: inactive players will automatically lose when time's up. (requested by mattorfo)
|j| teamthief420
|inactive|Njstinks has 60 seconds left.
|
|t:|1756917540
|teamsize|p1|4
|teamsize|p2|4
|start
|switch|p1a: Sneasler|Sneasler, L50, M|100/100
|switch|p1b: Rillaboom|Rillaboom, L50, M|100/100
|switch|p2a: Sneasler|Sneasler, L50, F|100/100
|switch|p2b: Indeedee|Indeedee, L50, M|100/100
|-fieldstart|move: Psychic Terrain|[from] ability: Psychic Surge|[of] p2b: Indeedee
|-enditem|p2a: Sneasler|Psychic Seed
|-boost|p2a: Sneasler|spd|1|[from] item: Psychic Seed
|-fieldstart|move: Grassy Terrain|[from] ability: Grassy Surge|[of] p1b: Rillaboom
|turn|1
|inactive|mattorfo has 30 seconds left.
|inactive|Njstinks has 30 seconds left.
|inactive|mattorfo has 20 seconds left.
|
|t:|1756917576
|-terastallize|p1a: Sneasler|Ghost
|move|p2a: Sneasler|Dire Claw|p1b: Rillaboom
|-supereffective|p1b: Rillaboom
|-damage|p1b: Rillaboom|17/100
|move|p2b: Indeedee|Expanding Force|p1b: Rillaboom
|-damage|p1b: Rillaboom|0 fnt
|faint|p1b: Rillaboom
|move|p1a: Sneasler|Close Combat|p2b: Indeedee
|-damage|p2b: Indeedee|0 fnt
|-unboost|p1a: Sneasler|def|1
|-unboost|p1a: Sneasler|spd|1
|faint|p2b: Indeedee
|-enditem|p1a: Sneasler|White Herb
|-clearnegativeboost|p1a: Sneasler|[silent]
|
|upkeep
|
|t:|1756917592
|switch|p2b: Tyranitar|Tyranitar, L50, F|100/100
|switch|p1b: Arcanine|Arcanine-Hisui, L50, F|100/100
|-ability|p1b: Arcanine|Intimidate|boost
|-unboost|p2a: Sneasler|atk|1
|-unboost|p2b: Tyranitar|atk|1
|-weather|Sandstorm|[from] ability: Sand Stream|[of] p2b: Tyranitar
|turn|2
|inactive|Njstinks has 30 seconds left.
|inactive|Njstinks has 20 seconds left.
|
|t:|1756917631
|-terastallize|p2a: Sneasler|Dark
|move|p2a: Sneasler|Throat Chop|p1a: Sneasler
|-supereffective|p1a: Sneasler
|-damage|p1a: Sneasler|21/100
|-start|p1a: Sneasler|Throat Chop|[silent]
|move|p1a: Sneasler|Coaching|p1b: Arcanine
|-boost|p1b: Arcanine|atk|1
|-boost|p1b: Arcanine|def|1
|move|p1b: Arcanine|Rock Slide|p2a: Sneasler|[spread] p2a,p2b
|-damage|p2a: Sneasler|33/100
|-damage|p2b: Tyranitar|66/100
|move|p2b: Tyranitar|Rock Slide|p1b: Arcanine|[spread] p1a,p1b
|-supereffective|p1b: Arcanine
|-damage|p1a: Sneasler|0 fnt
|-damage|p1b: Arcanine|64/100
|faint|p1a: Sneasler
|
|-weather|Sandstorm|[upkeep]
|-damage|p2a: Sneasler|27/100|[from] Sandstorm
|-heal|p2a: Sneasler|33/100|[from] Grassy Terrain
|-heal|p1b: Arcanine|70/100|[from] Grassy Terrain
|-heal|p2b: Tyranitar|73/100|[from] Grassy Terrain
|upkeep
|
|t:|1756917646
|switch|p1a: Ninetales|Ninetales-Alola, L50, F|100/100
|-weather|Snowscape|[from] ability: Snow Warning|[of] p1a: Ninetales
|turn|3
|
|t:|1756917651
|switch|p2b: Excadrill|Excadrill, L50, F|100/100
|move|p2a: Sneasler|Protect|p2a: Sneasler
|-singleturn|p2a: Sneasler|Protect
|move|p1b: Arcanine|Extreme Speed|p2a: Sneasler
|-activate|p2a: Sneasler|move: Protect
|move|p1a: Ninetales|Blizzard|p2b: Excadrill|[spread] p2b
|-activate|p2a: Sneasler|move: Protect
|-damage|p2b: Excadrill|55/100
|
|-weather|Snowscape|[upkeep]
|-heal|p2a: Sneasler|38/100|[from] Grassy Terrain
|-heal|p1b: Arcanine|76/100|[from] Grassy Terrain
|-heal|p2b: Excadrill|61/100|[from] Grassy Terrain
|upkeep
|turn|4
|
|t:|1756917674
|switch|p2a: Tyranitar|Tyranitar, L50, F|73/100
|-weather|Sandstorm|[from] ability: Sand Stream|[of] p2a: Tyranitar
|move|p2b: Excadrill|High Horsepower|p1b: Arcanine
|-supereffective|p1b: Arcanine
|-damage|p1b: Arcanine|0 fnt
|faint|p1b: Arcanine
|move|p1a: Ninetales|Blizzard|p2a: Tyranitar|[spread] p2a,p2b
|-crit|p2a: Tyranitar
|-damage|p2a: Tyranitar|54/100
|-damage|p2b: Excadrill|19/100
|
|-weather|Sandstorm|[upkeep]
|-damage|p1a: Ninetales|94/100|[from] Sandstorm
|-heal|p2b: Excadrill|25/100|[from] Grassy Terrain
|-heal|p1a: Ninetales|100/100|[from] Grassy Terrain
|-heal|p2a: Tyranitar|60/100|[from] Grassy Terrain
|upkeep
|turn|5
|
|t:|1756917679
|move|p2b: Excadrill|Iron Head|p1a: Ninetales
|-supereffective|p1a: Ninetales
|-enditem|p1a: Ninetales|Focus Sash
|-damage|p1a: Ninetales|1/100
|cant|p1a: Ninetales|flinch
|move|p2a: Tyranitar|Rock Slide|p1a: Ninetales
|-supereffective|p1a: Ninetales
|-crit|p1a: Ninetales
|-damage|p1a: Ninetales|0 fnt
|faint|p1a: Ninetales
|
|win|Njstinks
||Njstinks is ready for game 2.
||mattorfo is ready for game 2.
|uhtml|next|Next: Game 2 of 3
|l| teamthief420
