|j|☆egeppl6no.1
|j|☆satezao
|html|egeppl6no.1satezao    
|uhtml|bestof|Game 1 of a best-of-3
|t:|1756443111
|gametype|doubles
|player|p1|egeppl6no.1|silver|1064
|player|p2|satezao|acetrainersnowf|1003
|gen|9
|tier|[Gen 9] VGC 2025 Reg H (Bo3)
|rated|
|rule|Species Clause: Limit one of each Pokémon
|rule|Item Clause: Limit 1 of each item
|clearpoke
|poke|p1|Gyarados, L50, M|
|poke|p1|Sneasler, L50, M|
|poke|p1|Indeedee, L50, M|
|poke|p1|Volcarona, L50, F|
|poke|p1|Ursaluna-Bloodmoon, L50, M|
|poke|p1|Tyranitar, L50, M|
|poke|p2|Sneasler, L50, F|
|poke|p2|Indeedee, L50, M|
|poke|p2|Ursaluna-Bloodmoon, L50, M|
|poke|p2|Electabuzz, L50, F|
|poke|p2|Incineroar, L50, F|
|poke|p2|Talonflame, L50, M|
|teampreview|4
|showteam|p1|Gyarados||SafetyGoggles|Intimidate|Taunt,ThunderWave,Waterfall,Protect|||M|||50|,,,,,Steel]Sneasler||PsychicSeed|Unburden|CloseCombat,DireClaw,ThroatChop,Protect|||M|||50|,,,,,Dark]Indeedee||ChoiceScarf|PsychicSurge|ExpandingForce,TeraBlast,Trick,Protect|||M|||50|,,,,,Psychic]Volcarona||SitrusBerry|FlameBody|Overheat,StruggleBug,RagePowder,Tailwind|||F|||50|,,,,,Grass]Ursaluna-Bloodmoon||LifeOrb|MindsEye|HyperVoice,BloodMoon,EarthPower,Protect|||M|||50|,,,,,Normal]Tyranitar||AssaultVest|SandStream|LowKick,TeraBlast,KnockOff,RockSlide|||M|||50|,,,,,Flying
|showteam|p2|Sneasler||PsychicSeed|Unburden|CloseCombat,DireClaw,ThroatChop,Protect|||F|||50|,,,,,Dark]Indeedee||FocusSash|PsychicSurge|ExpandingForce,TrickRoom,HelpingHand,Protect|||M|||50|,,,,,Psychic]Ursaluna-Bloodmoon||LifeOrb|MindsEye|BloodMoon,HyperVoice,EarthPower,Protect|||M|||50|,,,,,Normal]Electabuzz||Eviolite|VitalSpirit|Electroweb,FollowMe,Taunt,Protect|||F|||50|,,,,,Dragon]Incineroar||SafetyGoggles|Intimidate|FlareBlitz,KnockOff,PartingShot,FakeOut|||F|||50|,,,,,Ghost]Talonflame||CovertCloak|GaleWings|FlareBlitz,DualWingbeat,WillOWisp,Tailwind|||M|||50|,,,,,Fairy
|inactive|Battle timer is ON: inactive players will automatically lose when time's up. (requested by satezao)
|
|t:|1756443172
|teamsize|p1|4
|teamsize|p2|4
|start
|switch|p1a: Volcarona|Volcarona, L50, F, shiny|100/100
|switch|p1b: Tyranitar|Tyranitar, L50, M, shiny|100/100
|switch|p2a: Sneasler|Sneasler, L50, F|100/100
|switch|p2b: Indeedee|Indeedee, L50, M|100/100
|-fieldstart|move: Psychic Terrain|[from] ability: Psychic Surge|[of] p2b: Indeedee
|-enditem|p2a: Sneasler|Psychic Seed
|-boost|p2a: Sneasler|spd|1|[from] item: Psychic Seed
|-weather|Sandstorm|[from] ability: Sand Stream|[of] p1b: Tyranitar
|turn|1
|inactive|egeppl6no.1 has 30 seconds left.
|inactive|satezao has 30 seconds left.
|inactive|egeppl6no.1 has 20 seconds left.
|inactive|satezao has 20 seconds left.
|inactive|satezao has 15 seconds left.
|
|t:|1756443215
|-terastallize|p1b: Tyranitar|Flying
|move|p2a: Sneasler|Dire Claw|p1b: Tyranitar
|-damage|p1b: Tyranitar|61/100
|move|p2b: Indeedee|Expanding Force|p1a: Volcarona|[spread] p1a,p1b
|-damage|p1a: Volcarona|58/100
|-damage|p1b: Tyranitar|32/100
|move|p1a: Volcarona|Tailwind|p1a: Volcarona
|-sidestart|p1: egeppl6no.1|move: Tailwind
|move|p1b: Tyranitar|Knock Off|p2b: Indeedee
|-supereffective|p2b: Indeedee
|-enditem|p2b: Indeedee|Focus Sash
|-damage|p2b: Indeedee|1/100
|
|-weather|Sandstorm|[upkeep]
|-damage|p2a: Sneasler|95/100|[from] Sandstorm
|-damage|p1a: Volcarona|52/100|[from] Sandstorm
|-damage|p1b: Tyranitar|26/100|[from] Sandstorm
|-damage|p2b: Indeedee|0 fnt|[from] Sandstorm
|faint|p2b: Indeedee
|upkeep
|
|t:|1756443235
|switch|p2b: Electabuzz|Electabuzz, L50, F|100/100
|turn|2
|inactive|egeppl6no.1 has 30 seconds left.
|inactive|satezao has 30 seconds left.
|inactive|egeppl6no.1 has 20 seconds left.
|inactive|satezao has 20 seconds left.
|inactive|egeppl6no.1 has 15 seconds left.
|inactive|satezao has 15 seconds left.
|inactive|egeppl6no.1 has 10 seconds left.
|inactive|egeppl6no.1 has 5 seconds left.
|
|t:|1756443287
|move|p1a: Volcarona|Rage Powder|p1a: Volcarona
|-singleturn|p1a: Volcarona|move: Rage Powder
|move|p2a: Sneasler|Dire Claw|p1a: Volcarona
|-damage|p1a: Volcarona|0 fnt
|faint|p1a: Volcarona
|move|p1b: Tyranitar|Tera Blast|p2a: Sneasler|[anim] Tera Blast Flying
|-supereffective|p2a: Sneasler
|-damage|p2a: Sneasler|0 fnt
|faint|p2a: Sneasler
|move|p2b: Electabuzz|Electroweb|p1b: Tyranitar
|-supereffective|p1b: Tyranitar
|-damage|p1b: Tyranitar|4/100
|-unboost|p1b: Tyranitar|spe|1
|
|-weather|Sandstorm|[upkeep]
|-damage|p2b: Electabuzz|95/100|[from] Sandstorm
|-damage|p1b: Tyranitar|0 fnt|[from] Sandstorm
|faint|p1b: Tyranitar
|upkeep
|
|t:|1756443302
|switch|p2a: Ursaluna|Ursaluna-Bloodmoon, L50, M|100/100
|switch|p1a: Indeedee|Indeedee, L50, M, shiny|100/100
|switch|p1b: Sneasler|Sneasler, L50, M|100/100
|-enditem|p1b: Sneasler|Psychic Seed
|-boost|p1b: Sneasler|spd|1|[from] item: Psychic Seed
|turn|3
|inactive|egeppl6no.1 has 30 seconds left.
|inactive|satezao has 30 seconds left.
|inactive|egeppl6no.1 has 20 seconds left.
|inactive|satezao has 20 seconds left.
|inactive|egeppl6no.1 has 15 seconds left.
|
|t:|1756443344
|move|p1b: Sneasler|Protect|p1b: Sneasler
|-singleturn|p1b: Sneasler|Protect
|move|p2a: Ursaluna|Protect|p2a: Ursaluna
|-singleturn|p2a: Ursaluna|Protect
|move|p1a: Indeedee|Expanding Force|p2b: Electabuzz|[spread] p2b
|-activate|p2a: Ursaluna|move: Protect
|-damage|p2b: Electabuzz|47/100
|move|p2b: Electabuzz|Electroweb|p1a: Indeedee|[spread] p1a
|-activate|p1b: Sneasler|move: Protect
|-damage|p1a: Indeedee|81/100
|-unboost|p1a: Indeedee|spe|1
|
|-weather|Sandstorm|[upkeep]
|-damage|p1b: Sneasler|95/100|[from] Sandstorm
|-damage|p1a: Indeedee|75/100|[from] Sandstorm
|-damage|p2b: Electabuzz|41/100|[from] Sandstorm
|upkeep
|turn|4
|inactive|egeppl6no.1 has 30 seconds left.
|inactive|satezao has 30 seconds left.
|
|t:|1756443378
|move|p1b: Sneasler|Protect||[still]
|-fail|p1b: Sneasler
|move|p2b: Electabuzz|Protect|p2b: Electabuzz
|-singleturn|p2b: Electabuzz|Protect
|move|p2a: Ursaluna|Protect||[still]
|-fail|p2a: Ursaluna
|move|p1a: Indeedee|Expanding Force|p2b: Electabuzz|[spread] p2a
|-activate|p2b: Electabuzz|move: Protect
|-crit|p2a: Ursaluna
|-damage|p2a: Ursaluna|0 fnt
|faint|p2a: Ursaluna
|
|-weather|Sandstorm|[upkeep]
|-damage|p1b: Sneasler|89/100|[from] Sandstorm
|-damage|p1a: Indeedee|69/100|[from] Sandstorm
|-damage|p2b: Electabuzz|36/100|[from] Sandstorm
|-sideend|p1: egeppl6no.1|move: Tailwind
|upkeep
|turn|5
|-message|satezao forfeited.
|
|win|egeppl6no.1
||satezao is ready for game 2.
||egeppl6no.1 is ready for game 2.
|uhtml|next|Next: Game 2 of 3
|l|☆satezao
|player|p2|
