|j|☆C.blaze
|j|☆McGeorge34
|html|C.blazeMcGeorge34    
|uhtml|bestof|Game 1 of a best-of-3
|t:|1784936563
|gametype|doubles
|player|p1|C.blaze|2|1201
|player|p2|McGeorge34|266|1070
|gen|9
|tier|[Gen 9 Champions] VGC 2026 Reg M-B (Bo3)
|rated|
|rule|Species Clause: Limit one of each Pokémon
|rule|Item Clause: Limit 1 of each item
|clearpoke
|poke|p1|Mawile, L50, M|
|poke|p1|Hydreigon, L50, M|
|poke|p1|Oranguru, L50, M|
|poke|p1|Sneasler, L50, M|
|poke|p1|Rotom-Wash, L50|
|poke|p1|Sylveon, L50, F|
|poke|p2|Krookodile, L50, M|
|poke|p2|Orthworm, L50, F|
|poke|p2|Sinistcha, L50|
|poke|p2|Slowbro-Galar, L50, F|
|poke|p2|Kangaskhan, L50, F|
|poke|p2|Pidgeot, L50, F|
|teampreview|4
|showteam|p1|Mawile||Mawilite|Intimidate|PlayRough,IronHead,Protect,RockSlide|Brave||M|||50|]Hydreigon||HabanBerry|Levitate|DracoMeteor,DarkPulse,Protect,Snarl|Timid||M|||50|]Oranguru||MentalHerb|InnerFocus|Psychic,Encore,Instruct,TrickRoom|Sassy||M|||50|]Sneasler||WhiteHerb|Unburden|CloseCombat,DireClaw,Protect,FakeOut|Jolly||M|||50|]Rotom-Wash||SitrusBerry|Levitate|Thunderbolt,HydroPump,Electroweb,WillOWisp|Timid|||||50|]Sylveon||FairyFeather|Pixilate|HyperVoice,HyperBeam,Protect,MysticalFire|Modest||F|||50|
|showteam|p2|Krookodile||ChoiceScarf|Intimidate|Earthquake,CloseCombat,KnockOff,RockSlide|Jolly||M|||50|]Orthworm||Leftovers|EarthEater|BodyPress,IronDefense,ShedTail,Protect|Calm||F|||50|]Sinistcha||SitrusBerry|Hospitality|MatchaGotcha,Protect,RagePowder,LifeDew|Bold|||||50|]Slowbro-Galar||QuickClaw|QuickDraw|ShellSideArm,Psychic,NastyPlot,SlackOff|Modest||F|||50|]Kangaskhan||Kangaskhanite|EarlyBird|FakeOut,Earthquake,BodySlam,Protect|Jolly||F|||50|]Pidgeot||Pidgeotite|BigPecks|HeatWave,Hurricane,Tailwind,Protect|Timid||F|||50|
|inactive|Battle timer is ON: inactive players will automatically lose when time's up. (requested by C.blaze)
|
|t:|1784936607
|teamsize|p1|4
|teamsize|p2|4
|start
|switch|p1a: Oranguru|Oranguru, L50, M|100/100
|switch|p1b: Hydreigon|Hydreigon, L50, M|100/100
|switch|p2a: Kangaskhan|Kangaskhan, L50, F|100/100
|switch|p2b: Orthworm|Orthworm, L50, F|100/100
|turn|1
|
|t:|1784936620
|switch|p1b: Sylveon|Sylveon, L50, F|100/100
|detailschange|p2a: Kangaskhan|Kangaskhan-Mega, L50, F
|-mega|p2a: Kangaskhan|Kangaskhan|Kangaskhanite
|move|p2a: Kangaskhan|Fake Out|p1b: Sylveon
|-damage|p1b: Sylveon|73/100
|-damage|p1b: Sylveon|66/100
|-hitcount|p1b: Sylveon|2
|move|p2b: Orthworm|Iron Defense|p2b: Orthworm
|-boost|p2b: Orthworm|def|2
|move|p1a: Oranguru|Trick Room|p1a: Oranguru
|-fieldstart|move: Trick Room|[of] p1a: Oranguru
|
|upkeep
|turn|2
|inactive|McGeorge34 has 30 seconds left.
|
|t:|1784936650
|move|p1a: Oranguru|Encore|p2a: Kangaskhan
|-start|p2a: Kangaskhan|Encore
|move|p2a: Kangaskhan|Fake Out||[still]
|-hint|Fake Out only works on your first turn out.
|-fail|p2a: Kangaskhan
|move|p2b: Orthworm|Body Press|p1a: Oranguru
|-damage|p1a: Oranguru|48/100
|move|p1b: Sylveon|Hyper Voice|p2a: Kangaskhan|[spread] p2a,p2b
|-resisted|p2b: Orthworm|1
|-damage|p2a: Kangaskhan|55/100
|-damage|p2b: Orthworm|72/100
|
|-heal|p2b: Orthworm|78/100|[from] item: Leftovers
|upkeep
|turn|3
|inactive|McGeorge34 has 30 seconds left.
|
|t:|1784936680
|switch|p2a: Slowbro|Slowbro-Galar, L50, F|100/100
|move|p1a: Oranguru|Instruct|p1b: Sylveon
|-singleturn|p1b: Sylveon|move: Instruct|[of] p1a: Oranguru
|move|p1b: Sylveon|Hyper Voice|p2a: Slowbro|[spread] p2a,p2b
|-resisted|p2a: Slowbro|1
|-resisted|p2b: Orthworm|1
|-damage|p2a: Slowbro|73/100
|-damage|p2b: Orthworm|52/100
|move|p2b: Orthworm|Body Press|p1a: Oranguru
|-damage|p1a: Oranguru|0 fnt
|faint|p1a: Oranguru
|move|p1b: Sylveon|Mystical Fire|p2b: Orthworm
|-supereffective|p2b: Orthworm|1
|-damage|p2b: Orthworm|0 fnt
|faint|p2b: Orthworm
|
|upkeep
|
|t:|1784936697
|switch|p1a: Mawile|Mawile, L50, M|100/100
|switch|p2b: Kangaskhan|Kangaskhan-Mega, L50, F|55/100
|-ability|p1a: Mawile|Intimidate|boost
|-unboost|p2a: Slowbro|atk|1
|-unboost|p2b: Kangaskhan|atk|1
|turn|4
|-activate|p2a: Slowbro|ability: Quick Draw
|
|t:|1784936710
|detailschange|p1a: Mawile|Mawile-Mega, L50, M
|-mega|p1a: Mawile|Mawile|Mawilite
|move|p2b: Kangaskhan|Fake Out|p1a: Mawile
|-resisted|p1a: Mawile|1
|-damage|p1a: Mawile|92/100
|-resisted|p1a: Mawile|1
|-damage|p1a: Mawile|91/100
|-hitcount|p1a: Mawile|2
|move|p2a: Slowbro|Shell Side Arm|p1b: Sylveon|[anim] Shell Side Arm Special
|-supereffective|p1b: Sylveon|1
|-damage|p1b: Sylveon|4/100
|-hint|Special Shell Side Arm
|-status|p1b: Sylveon|psn
|cant|p1a: Mawile|flinch
|move|p1b: Sylveon|Hyper Voice|p2b: Kangaskhan|[spread] p2a,p2b
|-resisted|p2a: Slowbro|1
|-damage|p2a: Slowbro|42/100
|-damage|p2b: Kangaskhan|5/100
|
|-damage|p1b: Sylveon|0 fnt|[from] psn
|faint|p1b: Sylveon
|upkeep
|
|t:|1784936717
|switch|p1b: Hydreigon|Hydreigon, L50, M|100/100
|turn|5
|inactive|McGeorge34 has 30 seconds left.
|
|t:|1784936743
|move|p2b: Kangaskhan|Protect|p2b: Kangaskhan
|-singleturn|p2b: Kangaskhan|Protect
|move|p2a: Slowbro|Slack Off|p2a: Slowbro
|-heal|p2a: Slowbro|92/100
|move|p1a: Mawile|Iron Head|p2b: Kangaskhan
|-activate|p2b: Kangaskhan|move: Protect
|move|p1b: Hydreigon|Dark Pulse|p2a: Slowbro
|-supereffective|p2a: Slowbro|1
|-damage|p2a: Slowbro|0 fnt
|faint|p2a: Slowbro
|
|-fieldend|move: Trick Room
|upkeep
|
|t:|1784936758
|switch|p2a: Krookodile|Krookodile, L50, M|100/100
|-ability|p2a: Krookodile|Intimidate|boost
|-unboost|p1a: Mawile|atk|1
|-unboost|p1b: Hydreigon|atk|1
|turn|6
|
|t:|1784936778
|move|p2a: Krookodile|Close Combat|p1b: Hydreigon
|-supereffective|p1b: Hydreigon|1
|-damage|p1b: Hydreigon|8/100
|-unboost|p2a: Krookodile|def|1
|-unboost|p2a: Krookodile|spd|1
|move|p2b: Kangaskhan|Earthquake|p1b: Hydreigon|[spread] p2a,p1a
|-immune|p1b: Hydreigon|[from] ability: Levitate
|-supereffective|p1a: Mawile|1
|-damage|p2a: Krookodile|68/100
|-damage|p1a: Mawile|61/100
|move|p1b: Hydreigon|Snarl|p2b: Kangaskhan|[spread] p2a,p2b
|-resisted|p2a: Krookodile|1
|-damage|p2a: Krookodile|45/100
|-damage|p2b: Kangaskhan|0 fnt
|-unboost|p2a: Krookodile|spa|1
|faint|p2b: Kangaskhan
|move|p1a: Mawile|Play Rough|p2a: Krookodile
|-supereffective|p2a: Krookodile|1
|-damage|p2a: Krookodile|0 fnt
|faint|p2a: Krookodile
|
|win|C.blaze
|inactive|C.blaze has 30 seconds to confirm battle start!
|inactive|McGeorge34 has 30 seconds to confirm battle start!
||C.blaze is ready for game 2.
|inactive|McGeorge34 has 20 seconds to confirm battle start!
