|j|☆2Guys1Gay
|j|☆pseudo_777
|html|2Guys1Gaypseudo_777    
|uhtml|bestof|Game 1 of a best-of-3
|t:|1783113760
|gametype|doubles
|player|p1|2Guys1Gay|101|1221
|player|p2|pseudo_777|dancer|1123
|gen|9
|tier|[Gen 9 Champions] VGC 2026 Reg M-B (Bo3)
|rated|
|rule|Species Clause: Limit one of each Pokémon
|rule|Item Clause: Limit 1 of each item
|clearpoke
|poke|p1|Gengar, L50, F|
|poke|p1|Scrafty, L50, M|
|poke|p1|Snorlax, L50, F|
|poke|p1|Incineroar, L50, F|
|poke|p1|Ninetales-Alola, L50, F|
|poke|p1|Dragonite, L50, F|
|poke|p2|Charizard, L50, F|
|poke|p2|Whimsicott, L50, F|
|poke|p2|Kingambit, L50, M|
|poke|p2|Basculegion, L50, M|
|poke|p2|Garchomp, L50, M|
|poke|p2|Floette-Eternal, L50, F|
|teampreview|4
|showteam|p1|Gengar||Gengarite|CursedBody|Protect,PerishSong,SludgeBomb,ShadowBall|Modest||F|||50|]Scrafty||Scraftinite|Intimidate|Protect,CloseCombat,FakeOut,KnockOff|Careful||M|||50|]Snorlax||Leftovers|ThickFat|Protect,DoubleEdge,Yawn,HighHorsepower|Relaxed||F|||50|]Incineroar||SitrusBerry|Intimidate|Protect,FakeOut,FlareBlitz,PartingShot|Relaxed||F|||50|]Ninetales-Alola||FocusSash|SnowWarning|Protect,Encore,Disable,Blizzard|Timid||F|||50|]Dragonite||DragonFang|Multiscale|Protect,DragonClaw,LowKick,ExtremeSpeed|Adamant||F|||50|
|showteam|p2|Charizard||CharizarditeY|Blaze|HeatWave,SolarBeam,WeatherBall,Protect|Modest||F|||50|]Whimsicott||FocusSash|Prankster|Protect,Tailwind,Moonblast,Encore|Timid||F|||50|]Kingambit||BlackGlasses|Defiant|Protect,SuckerPunch,KowtowCleave,IronHead|Adamant||M|||50|]Basculegion||MysticWater|Adaptability|Protect,WaveCrash,LastRespects,AquaJet|Adamant||M|||50|]Garchomp||LifeOrb|RoughSkin|Earthquake,Protect,DragonClaw,RockSlide|Jolly||M|||50|]Floette-Eternal||Floettite|FlowerVeil|LightofRuin,Moonblast,DazzlingGleam,Protect|Modest||F|||50|
|inactive|Battle timer is ON: inactive players will automatically lose when time's up. (requested by 2Guys1Gay)
|inactive|pseudo_777 has 60 seconds left.
|
|t:|1783113834
|teamsize|p1|4
|teamsize|p2|4
|start
|switch|p1a: Ninetales|Ninetales-Alola, L50, F|100/100
|switch|p1b: Gengar|Gengar, L50, F|100/100
|switch|p2a: Whimsicott|Whimsicott, L50, F|100/100
|switch|p2b: Charizard|Charizard, L50, F|100/100
|-weather|Snowscape|[from] ability: Snow Warning|[of] p1a: Ninetales
|turn|1
|
|t:|1783113857
|detailschange|p1b: Gengar|Gengar-Mega, L50, F
|-mega|p1b: Gengar|Gengar|Gengarite
|detailschange|p2b: Charizard|Charizard-Mega-Y, L50, F
|-mega|p2b: Charizard|Charizard|Charizardite Y
|-weather|SunnyDay|[from] ability: Drought|[of] p2b: Charizard
|move|p2a: Whimsicott|Moonblast|p1b: Gengar
|-resisted|p1b: Gengar|1
|-damage|p1b: Gengar|81/100
|move|p1a: Ninetales|Encore|p2a: Whimsicott
|-start|p2a: Whimsicott|Encore
|move|p1b: Gengar|Perish Song|p1b: Gengar
|-start|p1a: Ninetales|perish3|[silent]
|-start|p1b: Gengar|perish3|[silent]
|-start|p2a: Whimsicott|perish3|[silent]
|-start|p2b: Charizard|perish3|[silent]
|-fieldactivate|move: Perish Song
|move|p2b: Charizard|Weather Ball|p1b: Gengar
|-damage|p1b: Gengar|0 fnt
|faint|p1b: Gengar
|
|-weather|SunnyDay|[upkeep]
|-start|p2a: Whimsicott|perish3
|-start|p1a: Ninetales|perish3
|-start|p2b: Charizard|perish3
|upkeep
|
|t:|1783113871
|switch|p1b: Snorlax|Snorlax, L50, F|100/100
|turn|2
|
|t:|1783113886
|move|p2a: Whimsicott|Moonblast|p1b: Snorlax
|-damage|p1b: Snorlax|80/100
|move|p1a: Ninetales|Blizzard|p2a: Whimsicott|[spread] p2a
|-miss|p1a: Ninetales|p2b: Charizard
|-supereffective|p2a: Whimsicott|1
|-damage|p2a: Whimsicott|2/100
|move|p2b: Charizard|Heat Wave|p1a: Ninetales|[spread] p1a
|-miss|p2b: Charizard|p1b: Snorlax
|-supereffective|p1a: Ninetales|1
|-enditem|p1a: Ninetales|Focus Sash
|-damage|p1a: Ninetales|1/100
|move|p1b: Snorlax|Double-Edge|p2b: Charizard
|-damage|p2b: Charizard|56/100
|-damage|p1b: Snorlax|69/100|[from] Recoil
|
|-weather|SunnyDay|[upkeep]
|-heal|p1b: Snorlax|76/100|[from] item: Leftovers
|-start|p2a: Whimsicott|perish2
|-start|p1a: Ninetales|perish2
|-start|p2b: Charizard|perish2
|upkeep
|turn|3
|
|t:|1783113900
|switch|p2a: Kingambit|Kingambit, L50, M|100/100
|move|p1a: Ninetales|Blizzard|p2a: Kingambit|[spread] p2b
|-miss|p1a: Ninetales|p2a: Kingambit
|-damage|p2b: Charizard|30/100
|move|p2b: Charizard|Heat Wave|p1b: Snorlax|[spread] p1a,p1b
|-supereffective|p1a: Ninetales|1
|-damage|p1a: Ninetales|0 fnt
|-damage|p1b: Snorlax|58/100
|faint|p1a: Ninetales
|move|p1b: Snorlax|Double-Edge|p2b: Charizard
|-damage|p2b: Charizard|0 fnt
|faint|p2b: Charizard
|-damage|p1b: Snorlax|51/100|[from] Recoil
|
|-weather|SunnyDay|[upkeep]
|-heal|p1b: Snorlax|57/100|[from] item: Leftovers
|upkeep
|
|t:|1783113911
|switch|p1a: Incineroar|Incineroar, L50, F|100/100
|switch|p2b: Whimsicott|Whimsicott, L50, F|2/100
|-ability|p1a: Incineroar|Intimidate|boost
|-unboost|p2a: Kingambit|atk|1
|-ability|p2a: Kingambit|Defiant|boost
|-boost|p2a: Kingambit|atk|2
|-unboost|p2b: Whimsicott|atk|1
|turn|4
|
|t:|1783113925
|move|p2a: Kingambit|Protect|p2a: Kingambit
|-singleturn|p2a: Kingambit|Protect
|move|p1b: Snorlax|Protect|p1b: Snorlax
|-singleturn|p1b: Snorlax|Protect
|move|p2b: Whimsicott|Tailwind|p2b: Whimsicott
|-sidestart|p2: pseudo_777|move: Tailwind
|move|p1a: Incineroar|Flare Blitz|p2b: Whimsicott
|-supereffective|p2b: Whimsicott|1
|-damage|p2b: Whimsicott|0 fnt
|faint|p2b: Whimsicott
|-damage|p1a: Incineroar|99/100|[from] Recoil
|
|-weather|SunnyDay|[upkeep]
|-heal|p1b: Snorlax|63/100|[from] item: Leftovers
|upkeep
|
|t:|1783113929
|switch|p2b: Garchomp|Garchomp, L50, M|100/100
|turn|5
|
|t:|1783113941
|move|p1b: Snorlax|Protect||[still]
|-fail|p1b: Snorlax
|move|p2b: Garchomp|Earthquake|p1b: Snorlax|[spread] p2a,p1a,p1b
|-supereffective|p2a: Kingambit|1
|-supereffective|p1a: Incineroar|1
|-damage|p2a: Kingambit|22/100
|-damage|p1a: Incineroar|17/100
|-damage|p1b: Snorlax|28/100
|-enditem|p1a: Incineroar|Sitrus Berry|[eat]
|-heal|p1a: Incineroar|42/100|[from] item: Sitrus Berry
|-damage|p2b: Garchomp|90/100|[from] item: Life Orb
|move|p2a: Kingambit|Kowtow Cleave|p1b: Snorlax
|-damage|p1b: Snorlax|0 fnt
|faint|p1b: Snorlax
|move|p1a: Incineroar|Flare Blitz|p2a: Kingambit
|-supereffective|p2a: Kingambit|1
|-damage|p2a: Kingambit|0 fnt
|faint|p2a: Kingambit
|-damage|p1a: Incineroar|35/100|[from] Recoil
|
|-weather|none
|upkeep
|turn|6
|
|t:|1783113963
|move|p1a: Incineroar|Protect|p1a: Incineroar
|-singleturn|p1a: Incineroar|Protect
|move|p2b: Garchomp|Earthquake|p1a: Incineroar
|-activate|p1a: Incineroar|move: Protect
|
|upkeep
|turn|7
|
|t:|1783113967
|move|p2b: Garchomp|Earthquake|p1a: Incineroar
|-supereffective|p1a: Incineroar|1
|-damage|p1a: Incineroar|0 fnt
|faint|p1a: Incineroar
|-damage|p2b: Garchomp|80/100|[from] item: Life Orb
|
|win|pseudo_777
||pseudo_777 is ready for game 2.
||2Guys1Gay is ready for game 2.
|uhtml|next|Next: Game 2 of 3
|l|☆2Guys1Gay
|player|p1|
|l|☆pseudo_777
|player|p2|
|j|☆pseudo_777
|player|p2|pseudo_777|dancer|
