|j|☆saboyita
|j|☆AnotherDreamer
|html|saboyitaAnotherDreamer    
|uhtml|bestof|Game 1 of a best-of-3
|t:|1756335089
|gametype|doubles
|player|p1|saboyita|grimsley|1093
|player|p2|AnotherDreamer|2|1130
|gen|9
|tier|[Gen 9] VGC 2025 Reg H (Bo3)
|rated|
|rule|Species Clause: Limit one of each Pokémon
|rule|Item Clause: Limit 1 of each item
|clearpoke
|poke|p1|Amoonguss, L50, F|
|poke|p1|Hydreigon, L50, F|
|poke|p1|Whimsicott, L50, F|
|poke|p1|Maushold-Four, L50|
|poke|p1|Annihilape, L50, M|
|poke|p1|Ursaluna-Bloodmoon, L50, M|
|poke|p2|Electabuzz, L50, M|
|poke|p2|Kingambit, L50, F|
|poke|p2|Volcarona, L50, F|
|poke|p2|Dragonite, L50, M|
|poke|p2|Sneasler, L50, F|
|poke|p2|Rillaboom, L50, M|
|teampreview|4
|showteam|p1|Amoonguss||MentalHerb|Regenerator|ClearSmog,Spore,RagePowder,Protect|||F|||50|,,,,,Water]Hydreigon||ChoiceSpecs|Levitate|Snarl,HeatWave,DarkPulse,DracoMeteor|||F|||50|,,,,,Ghost]Whimsicott||CovertCloak|Prankster|BeatUp,Encore,HelpingHand,Tailwind|||F|||50|,,,,,Dark]Maushold-Four||WideLens|Technician|PopulationBomb,Taunt,FollowMe,Protect||||||50|,,,,,Ghost]Annihilape||Leftovers|Defiant|RageFist,CloseCombat,FinalGambit,Protect|||M|||50|,,,,,Water]Ursaluna-Bloodmoon||LifeOrb|MindsEye|HyperVoice,EarthPower,BloodMoon,Protect|||M|||50|,,,,,Water
|showteam|p2|Electabuzz||Eviolite|VitalSpirit|FollowMe,Thunderbolt,Taunt,Protect|||M|||50|,,,,,Ghost]Kingambit||BlackGlasses|Defiant|KowtowCleave,SuckerPunch,SwordsDance,Protect|||F|||50|,,,,,Dark]Volcarona||Leftovers|FlameBody|HeatWave,TeraBlast,QuiverDance,Protect|||F|||50|,,,,,Fairy]Dragonite||LoadedDice|Multiscale|ScaleShot,ExtremeSpeed,Haze,Protect|||M|||50|,,,,,Fairy]Sneasler||FocusSash|Unburden|DireClaw,CloseCombat,Coaching,FakeOut|||F|||50|,,,,,Stellar]Rillaboom||AssaultVest|GrassySurge|FakeOut,WoodHammer,GrassyGlide,HighHorsepower|||M|||50|,,,,,Fire
|inactive|Battle timer is ON: inactive players will automatically lose when time's up. (requested by saboyita)
|inactive|saboyita has 60 seconds left.
|inactive|AnotherDreamer has 60 seconds left.
|inactive|saboyita has 30 seconds left.
|inactive|AnotherDreamer has 30 seconds left.
|inactive|saboyita has 20 seconds left.
|
|t:|1756335162
|teamsize|p1|4
|teamsize|p2|4
|start
|switch|p1a: Hydreigon|Hydreigon, L50, F|100/100
|switch|p1b: Whimsicott|Whimsicott, L50, F|100/100
|switch|p2a: Electabuzz|Electabuzz, L50, M|100/100
|switch|p2b: Dragonite|Dragonite, L50, M|100/100
|turn|1
|inactive|saboyita has 30 seconds left.
|
|t:|1756335191
|-terastallize|p1a: Hydreigon|Ghost
|-terastallize|p2b: Dragonite|Fairy
|move|p1b: Whimsicott|Tailwind|p1b: Whimsicott
|-sidestart|p1: saboyita|move: Tailwind
|move|p1a: Hydreigon|Heat Wave|p2a: Electabuzz|[spread] p2a,p2b
|-damage|p2a: Electabuzz|70/100
|-damage|p2b: Dragonite|78/100
|move|p2a: Electabuzz|Taunt|p1b: Whimsicott
|-start|p1b: Whimsicott|move: Taunt
|move|p2b: Dragonite|Scale Shot|p1a: Hydreigon
|-damage|p1a: Hydreigon|84/100
|-damage|p1a: Hydreigon|68/100
|-damage|p1a: Hydreigon|50/100
|-damage|p1a: Hydreigon|32/100
|-hitcount|p1a: Hydreigon|4
|-unboost|p2b: Dragonite|def|1
|-boost|p2b: Dragonite|spe|1
|
|upkeep
|turn|2
|inactive|saboyita has 30 seconds left.
|inactive|AnotherDreamer has 30 seconds left.
|inactive|saboyita has 20 seconds left.
|inactive|saboyita has 15 seconds left.
|
|t:|1756335234
|switch|p1b: Maushold|Maushold-Four, L50|100/100
|move|p1a: Hydreigon|Heat Wave|p2a: Electabuzz|[spread] p2a,p2b
|-damage|p2a: Electabuzz|38/100
|-damage|p2b: Dragonite|39/100
|move|p2b: Dragonite|Scale Shot|p1a: Hydreigon
|-damage|p1a: Hydreigon|14/100
|-damage|p1a: Hydreigon|0 fnt
|faint|p1a: Hydreigon
|-hitcount|p1: Hydreigon|2
|-unboost|p2b: Dragonite|def|1
|-boost|p2b: Dragonite|spe|1
|move|p2a: Electabuzz|Thunderbolt|p1b: Maushold
|-damage|p1b: Maushold|52/100
|
|upkeep
|
|t:|1756335250
|switch|p1a: Annihilape|Annihilape, L50, M|100/100
|turn|3
|
|t:|1756335265
|move|p2a: Electabuzz|Follow Me|p2a: Electabuzz
|-singleturn|p2a: Electabuzz|move: Follow Me
|move|p1b: Maushold|Population Bomb|p2a: Electabuzz
|-damage|p2a: Electabuzz|29/100
|-damage|p2a: Electabuzz|20/100
|-damage|p2a: Electabuzz|11/100
|-damage|p2a: Electabuzz|2/100
|-damage|p2a: Electabuzz|0 fnt
|faint|p2a: Electabuzz
|-hitcount|p2: Electabuzz|5
|move|p1a: Annihilape|Rage Fist|p2b: Dragonite
|-damage|p2b: Dragonite|0 fnt
|faint|p2b: Dragonite
|
|upkeep
|
|t:|1756335273
|switch|p2a: Kingambit|Kingambit, L50, F|100/100
|switch|p2b: Volcarona|Volcarona, L50, F|100/100
|turn|4
|
|t:|1756335297
|move|p1a: Annihilape|Protect|p1a: Annihilape
|-singleturn|p1a: Annihilape|Protect
|move|p2a: Kingambit|Sucker Punch||[still]
|-fail|p2a: Kingambit
|move|p1b: Maushold|Taunt|p2b: Volcarona
|-start|p2b: Volcarona|move: Taunt
|cant|p2b: Volcarona|move: Taunt|Quiver Dance
|
|-sideend|p1: saboyita|move: Tailwind
|upkeep
|turn|5
|inactive|saboyita has 30 seconds left.
|inactive|saboyita has 20 seconds left.
|
|t:|1756335335
|move|p1b: Maushold|Follow Me|p1b: Maushold
|-singleturn|p1b: Maushold|move: Follow Me
|move|p1a: Annihilape|Close Combat|p2a: Kingambit
|-supereffective|p2a: Kingambit
|-damage|p2a: Kingambit|0 fnt
|-unboost|p1a: Annihilape|def|1
|-unboost|p1a: Annihilape|spd|1
|faint|p2a: Kingambit
|move|p2b: Volcarona|Heat Wave|p1b: Maushold|[spread] p1a
|-miss|p2b: Volcarona|p1b: Maushold
|-damage|p1a: Annihilape|52/100
|
|-heal|p1a: Annihilape|58/100|[from] item: Leftovers
|upkeep
|turn|6
|
|t:|1756335354
|move|p1a: Annihilape|Protect|p1a: Annihilape
|-singleturn|p1a: Annihilape|Protect
|move|p1b: Maushold|Population Bomb|p2b: Volcarona
|-damage|p2b: Volcarona|89/100
|-damage|p2b: Volcarona|78/100
|-damage|p2b: Volcarona|65/100
|-damage|p2b: Volcarona|53/100
|-damage|p2b: Volcarona|39/100
|-status|p1b: Maushold|brn|[from] ability: Flame Body|[of] p2b: Volcarona
|-damage|p2b: Volcarona|32/100
|-damage|p2b: Volcarona|25/100
|-damage|p2b: Volcarona|19/100
|-damage|p2b: Volcarona|13/100
|-damage|p2b: Volcarona|7/100
|-hitcount|p2b: Volcarona|10
|move|p2b: Volcarona|Heat Wave|p1b: Maushold|[spread] p1b
|-activate|p1a: Annihilape|move: Protect
|-damage|p1b: Maushold|0 fnt
|faint|p1b: Maushold
|
|-heal|p1a: Annihilape|64/100|[from] item: Leftovers
|-heal|p2b: Volcarona|13/100|[from] item: Leftovers
|-end|p2b: Volcarona|move: Taunt
|upkeep
|
|t:|1756335376
|switch|p1b: Whimsicott|Whimsicott, L50, F|100/100
|turn|7
|-message|AnotherDreamer forfeited.
|
|win|saboyita
|l|☆AnotherDreamer
|player|p2|
||AnotherDreamer is ready for game 2.
