|j|☆DkayMM
|j|☆AjaniVGC
|html|DkayMMAjaniVGC    
|uhtml|bestof|Game 2 of a best-of-3
|t:|1756986829
|gametype|doubles
|player|p1|DkayMM|1|1000
|player|p2|AjaniVGC|266|1108
|gen|9
|tier|[Gen 9] VGC 2025 Reg H (Bo3)
|rated|
|rule|Species Clause: Limit one of each Pokémon
|rule|Item Clause: Limit 1 of each item
|clearpoke
|poke|p1|Charizard, L50, M|
|poke|p1|Torkoal, L50, F|
|poke|p1|Porygon2, L50|
|poke|p1|Incineroar, L50, M|
|poke|p1|Jumpluff, L50, F|
|poke|p1|Ursaluna, L50, M|
|poke|p2|Sneasler, L50, F|
|poke|p2|Ursaluna-Bloodmoon, L50, M|
|poke|p2|Gholdengo, L50|
|poke|p2|Magmar, L50, M|
|poke|p2|Annihilape, L50, F|
|poke|p2|Whimsicott, L50, M|
|teampreview|4
|showteam|p1|Charizard||ChoiceSpecs|SolarPower|HeatWave,Overheat,WeatherBall,AirSlash|||M|||50|,,,,,Ghost]Torkoal||EjectPack|Drought|Eruption,Overheat,HelpingHand,Protect|||F|||50|,,,,,Fire]Porygon2||Eviolite|Download|TeraBlast,IceBeam,Recover,TrickRoom||||||50|,,,,,Fighting]Incineroar||SitrusBerry|Intimidate|FlareBlitz,KnockOff,FakeOut,PartingShot|||M|||50|,,,,,Ghost]Jumpluff||CovertCloak|Chlorophyll|SleepPowder,SunnyDay,RagePowder,Tailwind|||F|||50|,,,,,Water]Ursaluna||FlameOrb|Guts|HeadlongRush,Facade,Earthquake,Protect|||M|||50|,,,,,Ghost
|showteam|p2|Sneasler||FocusSash|Unburden|DireClaw,CloseCombat,FakeOut,Coaching|||F|||50|,,,,,Stellar]Ursaluna-Bloodmoon||LifeOrb|MindsEye|EarthPower,BloodMoon,HyperVoice,Protect|||M|||50|,,,,,Ghost]Gholdengo||MetalCoat|GoodasGold|MakeItRain,ShadowBall,NastyPlot,Protect||||||50|,,,,,Water]Magmar||Eviolite|VitalSpirit|FollowMe,WillOWisp,Protect,Overheat|||M|||50|,,,,,Ghost]Annihilape||Leftovers|Defiant|RageFist,DrainPunch,BulkUp,Protect|||F|||50|,,,,,Fire]Whimsicott||CovertCloak|Prankster|Moonblast,Tailwind,Encore,SunnyDay|||M|||50|,,,,,Water
|inactive|Battle timer is ON: inactive players will automatically lose when time's up. (requested by DkayMM)
|inactive|AjaniVGC has 60 seconds left.
|inactive|AjaniVGC has 30 seconds left.
|
|t:|1756986897
|teamsize|p1|4
|teamsize|p2|4
|start
|switch|p1a: Charizard|Charizard, L50, M|100/100
|switch|p1b: Porygon2|Porygon2, L50|100/100
|switch|p2a: Sneasler|Sneasler, L50, F|100/100
|switch|p2b: Gholdengo|Gholdengo, L50|100/100
|-ability|p1b: Porygon2|Download|boost
|-boost|p1b: Porygon2|atk|1
|turn|1
|inactive|DkayMM has 30 seconds left.
|inactive|AjaniVGC has 30 seconds left.
|
|t:|1756986937
|switch|p1b: Torkoal|Torkoal, L50, F|100/100
|-weather|SunnyDay|[from] ability: Drought|[of] p1b: Torkoal
|-terastallize|p2b: Gholdengo|Water
|move|p2a: Sneasler|Close Combat|p1b: Torkoal
|-damage|p1b: Torkoal|51/100
|-unboost|p2a: Sneasler|def|1
|-unboost|p2a: Sneasler|spd|1
|move|p1a: Charizard|Heat Wave|p2a: Sneasler|[spread] p2a,p2b
|-resisted|p2b: Gholdengo
|-enditem|p2a: Sneasler|Focus Sash
|-damage|p2a: Sneasler|1/100
|-damage|p2b: Gholdengo|34/100
|move|p2b: Gholdengo|Make It Rain|p1b: Torkoal|[spread] p1a,p1b
|-resisted|p1a: Charizard
|-resisted|p1b: Torkoal
|-damage|p1a: Charizard|59/100
|-damage|p1b: Torkoal|16/100
|-unboost|p2b: Gholdengo|spa|1
|
|-weather|SunnyDay|[upkeep]
|-damage|p1a: Charizard|47/100|[from] ability: Solar Power|[of] p1a: Charizard
|upkeep
|turn|2
|inactive|DkayMM has 30 seconds left.
|inactive|AjaniVGC has 30 seconds left.
|inactive|DkayMM has 20 seconds left.
|inactive|DkayMM has 15 seconds left.
|inactive|DkayMM has 10 seconds left.
|inactive|DkayMM has 5 seconds left.
|
|t:|1756986993
|move|p2a: Sneasler|Dire Claw|p1a: Charizard
|-crit|p1a: Charizard
|-damage|p1a: Charizard|0 fnt
|faint|p1a: Charizard
|move|p2b: Gholdengo|Shadow Ball|p1b: Torkoal
|-damage|p1b: Torkoal|0 fnt
|faint|p1b: Torkoal
|
|-weather|SunnyDay|[upkeep]
|upkeep
|
|t:|1756987000
|switch|p1a: Porygon2|Porygon2, L50|100/100
|switch|p1b: Ursaluna|Ursaluna, L50, M|100/100
|-ability|p1a: Porygon2|Download|boost
|-boost|p1a: Porygon2|atk|1
|turn|3
|inactive|AjaniVGC has 30 seconds left.
|
|t:|1756987034
|-terastallize|p1a: Porygon2|Fighting
|move|p1b: Ursaluna|Protect|p1b: Ursaluna
|-singleturn|p1b: Ursaluna|Protect
|move|p2a: Sneasler|Close Combat|p1a: Porygon2
|-damage|p1a: Porygon2|58/100
|-unboost|p2a: Sneasler|def|1
|-unboost|p2a: Sneasler|spd|1
|move|p2b: Gholdengo|Make It Rain|p1a: Porygon2|[spread] p1a
|-activate|p1b: Ursaluna|move: Protect
|-damage|p1a: Porygon2|34/100
|-unboost|p2b: Gholdengo|spa|1
|move|p1a: Porygon2|Trick Room|p1a: Porygon2
|-fieldstart|move: Trick Room|[of] p1a: Porygon2
|
|-weather|SunnyDay|[upkeep]
|-status|p1b: Ursaluna|brn|[from] item: Flame Orb
|upkeep
|turn|4
|inactive|DkayMM has 30 seconds left.
|inactive|DkayMM has 20 seconds left.
|
|t:|1756987069
|switch|p2a: Whimsicott|Whimsicott, L50, M|100/100
|move|p2b: Gholdengo|Protect|p2b: Gholdengo
|-singleturn|p2b: Gholdengo|Protect
|move|p1a: Porygon2|Recover|p1a: Porygon2
|-heal|p1a: Porygon2|84/100
|move|p1b: Ursaluna|Facade|p2a: Whimsicott
|-damage|p2a: Whimsicott|0 fnt
|faint|p2a: Whimsicott
|
|-weather|SunnyDay|[upkeep]
|-damage|p1b: Ursaluna|95/100 brn|[from] brn
|upkeep
|
|t:|1756987090
|switch|p2a: Annihilape|Annihilape, L50, F|100/100
|turn|5
|
|t:|1756987110
|move|p1a: Porygon2|Tera Blast|p2b: Gholdengo|[anim] Tera Blast Fighting
|-damage|p2b: Gholdengo|0 fnt
|faint|p2b: Gholdengo
|move|p1b: Ursaluna|Headlong Rush|p2a: Annihilape
|-damage|p2a: Annihilape|3/100
|-unboost|p1b: Ursaluna|def|1
|-unboost|p1b: Ursaluna|spd|1
|move|p2a: Annihilape|Drain Punch|p1b: Ursaluna
|-supereffective|p1b: Ursaluna
|-damage|p1b: Ursaluna|8/100 brn
|-heal|p2a: Annihilape|48/100|[from] drain|[of] p1b: Ursaluna
|
|-weather|none
|-heal|p2a: Annihilape|54/100|[from] item: Leftovers
|-damage|p1b: Ursaluna|2/100 brn|[from] brn
|upkeep
|
|t:|1756987127
|switch|p2b: Sneasler|Sneasler, L50, F|1/100
|turn|6
|inactive|DkayMM has 30 seconds left.
|inactive|AjaniVGC has 30 seconds left.
|
|t:|1756987161
|move|p2b: Sneasler|Fake Out|p1b: Ursaluna
|-damage|p1b: Ursaluna|0 fnt
|faint|p1b: Ursaluna
|move|p1a: Porygon2|Tera Blast|p2b: Sneasler|[anim] Tera Blast Fighting
|-resisted|p2b: Sneasler
|-damage|p2b: Sneasler|0 fnt
|faint|p2b: Sneasler
|move|p2a: Annihilape|Drain Punch|p1a: Porygon2
|-damage|p1a: Porygon2|59/100
|-heal|p2a: Annihilape|65/100|[from] drain|[of] p1a: Porygon2
|
|-heal|p2a: Annihilape|71/100|[from] item: Leftovers
|upkeep
|turn|7
|inactive|DkayMM has 30 seconds left.
|inactive|DkayMM has 20 seconds left.
|inactive|DkayMM has 15 seconds left.
|
|t:|1756987203
|move|p1a: Porygon2|Ice Beam|p2a: Annihilape
|-crit|p2a: Annihilape
|-damage|p2a: Annihilape|33/100
|move|p2a: Annihilape|Rage Fist|p1a: Porygon2
|-damage|p1a: Porygon2|12/100
|
|-heal|p2a: Annihilape|39/100|[from] item: Leftovers
|-fieldend|move: Trick Room
|upkeep
|turn|8
|
|t:|1756987214
|move|p2a: Annihilape|Rage Fist|p1a: Porygon2
|-damage|p1a: Porygon2|0 fnt
|faint|p1a: Porygon2
|
|win|AjaniVGC
