|j|☆Bradyoactive
|j|☆Crimson Jake
|html|BradyoactiveCrimson Jake    
|uhtml|bestof|Game 3 of a best-of-3
|t:|1782352604
|gametype|doubles
|player|p1|Bradyoactive|hiker-gen4|
|player|p2|Crimson Jake|blue|
|gen|9
|tier|[Gen 9 Champions] VGC 2026 Reg M-B (Bo3)
|rule|Species Clause: Limit one of each Pokémon
|rule|Item Clause: Limit 1 of each item
|clearpoke
|poke|p1|Staraptor, L50, F, shiny|
|poke|p1|Floette-Eternal, L50, F|
|poke|p1|Grimmsnarl, L50, M, shiny|
|poke|p1|Sneasler, L50, M, shiny|
|poke|p1|Aerodactyl, L50, F, shiny|
|poke|p1|Rotom-Wash, L50|
|poke|p2|Tyranitar, L50, M|
|poke|p2|Charizard, L50, M|
|poke|p2|Greninja, L50, M, shiny|
|poke|p2|Sinistcha, L50|
|poke|p2|Whimsicott, L50, F, shiny|
|poke|p2|Archaludon, L50, M|
|teampreview|4
|showteam|p1|Staraptor||Staraptite|Intimidate|CloseCombat,BraveBird,Roost,Protect|Adamant||F|||50|]Floette-Eternal||Floettite|FlowerVeil|Moonblast,DazzlingGleam,GigaDrain,Protect|Timid||F|||50|]Grimmsnarl||MentalHerb|Prankster|SuckerPunch,FakeOut,Swagger,ScaryFace|Impish||M|||50|]Sneasler||LumBerry|Unburden|CloseCombat,DireClaw,ThroatChop,Protect|Adamant||M|||50|]Aerodactyl||FocusSash|Pressure|RockSlide,Tailwind,Taunt,Protect|Jolly||F|||50|]Rotom-Wash||Leftovers|Levitate|HydroPump,Thunderbolt,ThunderWave,PainSplit|Modest|||||50|
|showteam|p2|Tyranitar||SitrusBerry|SandStream|LowKick,LashOut,RockSlide,Protect|Adamant||M|||50|]Charizard||CharizarditeY|SolarPower|AirSlash,HeatWave,SolarBeam,Protect|Timid||M|||50|]Greninja||Greninjite|Protean|WeatherBall,SludgeWave,DarkPulse,IceBeam|Timid||M|||50|]Sinistcha||Leftovers|Hospitality|MatchaGotcha,StrengthSap,RagePowder,LifeDew|Bold|||||50|]Whimsicott||FocusSash|Prankster|Tailwind,Moonblast,Encore,HelpingHand|Bold||F|||50|]Archaludon||ExpertBelt|Stamina|ElectroShot,FlashCannon,Protect,DragonPulse|Timid||M|||50|
|inactive|Battle timer is ON: inactive players will automatically lose when time's up. (requested by Bradyoactive)
|inactive|Bradyoactive has 60 seconds left.
|
|t:|1782352645
|teamsize|p1|4
|teamsize|p2|4
|start
|switch|p1a: Grimmsnarl|Grimmsnarl, L50, M, shiny|100/100
|switch|p1b: Floette|Floette-Eternal, L50, F|100/100
|switch|p2a: Barrett|Tyranitar, L50, M|100/100
|switch|p2b: Pyro|Charizard, L50, M|100/100
|-weather|Sandstorm|[from] ability: Sand Stream|[of] p2a: Barrett
|turn|1
|inactive|Crimson Jake has 30 seconds left.
|inactive|Bradyoactive has 30 seconds left.
|
|t:|1782352678
|detailschange|p1b: Floette|Floette-Mega, L50, F
|-mega|p1b: Floette|Floette|Floettite
|-ability|p1b: Floette|Fairy Aura
|move|p2b: Pyro|Protect|p2b: Pyro
|-singleturn|p2b: Pyro|Protect
|move|p1a: Grimmsnarl|Fake Out|p2b: Pyro
|-activate|p2b: Pyro|move: Protect
|move|p1b: Floette|Moonblast|p2a: Barrett
|-supereffective|p2a: Barrett|1
|-damage|p2a: Barrett|13/100
|-enditem|p2a: Barrett|Sitrus Berry|[eat]
|-heal|p2a: Barrett|37/100|[from] item: Sitrus Berry
|move|p2a: Barrett|Rock Slide|p1a: Grimmsnarl|[spread] p1a
|-miss|p2a: Barrett|p1b: Floette
|-damage|p1a: Grimmsnarl|71/100
|
|-weather|Sandstorm|[upkeep]
|-damage|p1b: Floette|94/100|[from] Sandstorm
|-damage|p2b: Pyro|94/100|[from] Sandstorm
|-damage|p1a: Grimmsnarl|65/100|[from] Sandstorm
|upkeep
|turn|2
|inactive|Bradyoactive has 30 seconds left.
|
|t:|1782352710
|detailschange|p2b: Pyro|Charizard-Mega-Y, L50, M
|-mega|p2b: Pyro|Charizard|Charizardite Y
|-weather|SunnyDay|[from] ability: Drought|[of] p2b: Pyro
|move|p1a: Grimmsnarl|Sucker Punch|p2b: Pyro
|-damage|p2b: Pyro|52/100
|move|p1b: Floette|Dazzling Gleam|p2b: Pyro|[spread] p2a,p2b
|-supereffective|p2a: Barrett|1
|-resisted|p2b: Pyro|1
|-damage|p2a: Barrett|0 fnt
|-damage|p2b: Pyro|29/100
|faint|p2a: Barrett
|move|p2b: Pyro|Air Slash|p1b: Floette
|-crit|p1b: Floette
|-damage|p1b: Floette|32/100
|
|-weather|SunnyDay|[upkeep]
|upkeep
|
|t:|1782352722
|switch|p2a: Thea|Sinistcha, L50|100/100
|-heal|p2b: Pyro|54/100|[from] ability: Hospitality|[of] p2a: Thea
|turn|3
|
|t:|1782352738
|switch|p1b: Aerodactyl|Aerodactyl, L50, F, shiny|100/100
|-ability|p1b: Aerodactyl|Pressure
|move|p1a: Grimmsnarl|Swagger|p2a: Thea
|-boost|p2a: Thea|atk|2
|-start|p2a: Thea|confusion
|move|p2b: Pyro|Heat Wave|p1b: Aerodactyl|[spread] p1a,p1b
|-resisted|p1b: Aerodactyl|1
|-crit|p1b: Aerodactyl
|-damage|p1a: Grimmsnarl|5/100
|-damage|p1b: Aerodactyl|39/100
|-activate|p2a: Thea|confusion
|move|p2a: Thea|Matcha Gotcha|p1a: Grimmsnarl|[spread] p1a,p1b
|-damage|p1a: Grimmsnarl|0 fnt
|-damage|p1b: Aerodactyl|8/100
|faint|p1a: Grimmsnarl
|
|-weather|SunnyDay|[upkeep]
|upkeep
|
|t:|1782352761
|switch|p1a: Sneasler|Sneasler, L50, M, shiny|100/100
|turn|4
|
|t:|1782352768
|-activate|p2a: Thea|confusion
|-damage|p2a: Thea|92/100|[from] confusion
|move|p1b: Aerodactyl|Taunt|p2a: Thea
|-start|p2a: Thea|move: Taunt
|move|p1a: Sneasler|Dire Claw|p2b: Pyro
|-damage|p2b: Pyro|0 fnt
|faint|p2b: Pyro
|
|-weather|SunnyDay|[upkeep]
|-heal|p2a: Thea|98/100|[from] item: Leftovers
|upkeep
|
|t:|1782352774
|switch|p2b: Don|Archaludon, L50, M|100/100
|turn|5
|
|t:|1782352791
|move|p1b: Aerodactyl|Rock Slide|p2b: Don|[spread] p2a,p2b
|-resisted|p2b: Don|1
|-damage|p2a: Thea|83/100
|-damage|p2b: Don|92/100
|-ability|p2b: Don|Stamina|boost
|-boost|p2b: Don|def|1
|move|p1a: Sneasler|Close Combat|p2b: Don
|-supereffective|p2b: Don|1
|-damage|p2b: Don|26/100
|-unboost|p1a: Sneasler|def|1
|-unboost|p1a: Sneasler|spd|1
|-ability|p2b: Don|Stamina|boost
|-boost|p2b: Don|def|1
|move|p2b: Don|Dragon Pulse|p1a: Sneasler
|-damage|p1a: Sneasler|15/100
|-activate|p2a: Thea|confusion
|-damage|p2a: Thea|75/100|[from] confusion
|
|-weather|SunnyDay|[upkeep]
|-heal|p2a: Thea|81/100|[from] item: Leftovers
|upkeep
|turn|6
|inactive|Bradyoactive has 30 seconds left.
|
|t:|1782352823
|move|p1b: Aerodactyl|Protect|p1b: Aerodactyl
|-singleturn|p1b: Aerodactyl|Protect
|move|p1a: Sneasler|Protect|p1a: Sneasler
|-singleturn|p1a: Sneasler|Protect
|move|p2b: Don|Protect|p2b: Don
|-singleturn|p2b: Don|Protect
|-activate|p2a: Thea|confusion
|move|p2a: Thea|Matcha Gotcha|p1a: Sneasler|[spread] 
|-activate|p1a: Sneasler|move: Protect
|-activate|p1b: Aerodactyl|move: Protect
|
|-weather|none
|-heal|p2a: Thea|87/100|[from] item: Leftovers
|upkeep
|turn|7
|
|t:|1782352848
|move|p2b: Don|Protect|p2b: Don
|-singleturn|p2b: Don|Protect
|move|p1b: Aerodactyl|Rock Slide|p2b: Don|[spread] p2a
|-activate|p2b: Don|move: Protect
|-damage|p2a: Thea|73/100
|move|p1a: Sneasler|Close Combat|p2b: Don
|-activate|p2b: Don|move: Protect
|cant|p2a: Thea|flinch
|
|-heal|p2a: Thea|79/100|[from] item: Leftovers
|-end|p2a: Thea|move: Taunt
|upkeep
|turn|8
|
|t:|1782352869
|-end|p2a: Thea|confusion
|move|p2a: Thea|Rage Powder|p2a: Thea
|-singleturn|p2a: Thea|move: Rage Powder
|move|p1b: Aerodactyl|Taunt|p2a: Thea
|-start|p2a: Thea|move: Taunt
|move|p1a: Sneasler|Close Combat|p2a: Thea
|-immune|p2a: Thea
|move|p2b: Don|Dragon Pulse|p1a: Sneasler
|-damage|p1a: Sneasler|0 fnt
|faint|p1a: Sneasler
|
|-heal|p2a: Thea|85/100|[from] item: Leftovers
|upkeep
|
|t:|1782352885
|switch|p1a: Floette|Floette-Mega, L50, F|32/100
|-ability|p1a: Floette|Fairy Aura
|turn|9
|inactive|Bradyoactive has 30 seconds left.
|
|t:|1782352913
|move|p1b: Aerodactyl|Rock Slide|p2b: Don|[spread] p2a,p2b
|-resisted|p2b: Don|1
|-damage|p2a: Thea|72/100
|-damage|p2b: Don|23/100
|-ability|p2b: Don|Stamina|boost
|-boost|p2b: Don|def|1
|move|p1a: Floette|Moonblast|p2b: Don
|-damage|p2b: Don|0 fnt
|faint|p2b: Don
|move|p2a: Thea|Matcha Gotcha|p1b: Aerodactyl|[spread] p1a,p1b
|-damage|p1a: Floette|10/100
|-heal|p2a: Thea|82/100|[from] drain|[of] p1a: Floette
|-damage|p1b: Aerodactyl|0 fnt
|-heal|p2a: Thea|86/100|[from] drain|[of] p1b: Aerodactyl
|faint|p1b: Aerodactyl
|
|-heal|p2a: Thea|92/100|[from] item: Leftovers
|upkeep
|turn|10
|
|t:|1782352933
|move|p1a: Floette|Moonblast|p2a: Thea
|-damage|p2a: Thea|6/100
|move|p2a: Thea|Matcha Gotcha|p1a: Floette
|-damage|p1a: Floette|0 fnt
|-heal|p2a: Thea|10/100|[from] drain|[of] p1a: Floette
|faint|p1a: Floette
|
|win|Crimson Jake
