|j|鈽唖nailboss
|j|鈽咥ntiSemeticWolfe
|html|snailbossAntiSemeticWolfe    
|uhtml|bestof|Game 2 of a best-of-3
|t:|1756688056
|gametype|doubles
|player|p1|snailboss|102|1101
|player|p2|AntiSemeticWolfe|jessiejames-gen1|1103
|gen|9
|tier|[Gen 9] VGC 2025 Reg H (Bo3)
|rated|
|rule|Species Clause: Limit one of each Pok茅mon
|rule|Item Clause: Limit 1 of each item
|clearpoke
|poke|p1|Zoroark-Hisui, L50, M|
|poke|p1|Tyranitar, L50, F|
|poke|p1|Excadrill, L50, M|
|poke|p1|Indeedee-F, L50, F|
|poke|p1|Gallade, L50, M|
|poke|p1|Talonflame, L50, M|
|poke|p2|Talonflame, L50, F|
|poke|p2|Garchomp, L50, M|
|poke|p2|Corviknight, L50, F|
|poke|p2|Tyranitar, L50, M|
|poke|p2|Primarina, L50, F|
|poke|p2|Archaludon, L50, M|
|teampreview|4
|showteam|p1|Zoroark-Hisui||ChoiceSpecs|Illusion|HyperVoice,Flamethrower,ShadowBall,HyperBeam|||M|||50|,,,,,Normal]Tyranitar||AssaultVest|SandStream|RockSlide,KnockOff,LowKick,TeraBlast|||F|||50|,,,,,Flying]Excadrill||FocusSash|SandRush|IronHead,Protect,SwordsDance,Earthquake|||M|||50|,,,,,Ground]Indeedee-F||SafetyGoggles|PsychicSurge|TrickRoom,FollowMe,Psychic,HelpingHand|||F|||50|,,,,,Water]Gallade||ClearAmulet|Sharpness|PsychoCut,TrickRoom,WideGuard,SacredSword|||M|||50|,,,,,Grass]Talonflame||CovertCloak|GaleWings|Tailwind,BraveBird,FlareBlitz,Taunt|||M|||50|,,,,,Stellar
|showteam|p2|Talonflame||SafetyGoggles|GaleWings|DualWingbeat,Tailwind,Taunt,Protect|||F|||50|,,,,,Ghost]Garchomp||BrightPowder|SandVeil|Earthquake,StompingTantrum,DragonClaw,Protect|||M|||50|,,,,,Fire]Corviknight||Leftovers|MirrorArmor|IronDefense,BodyPress,Protect,BraveBird|||F|||50|,,,,,Dark]Tyranitar||AssaultVest|SandStream|KnockOff,TeraBlast,RockSlide,LowKick|||M|||50|,,,,,Flying]Primarina||SitrusBerry|LiquidVoice|HyperVoice,Moonblast,Haze,Protect|||F|||50|,,,,,Poison]Archaludon||PowerHerb|Sturdy|ElectroShot,FlashCannon,DragonPulse,Protect|||M|||50|,,,,,Stellar
|
|t:|1756688078
|teamsize|p1|4
|teamsize|p2|4
|start
|switch|p1a: Alistair|Gallade, L50, M|100/100
|switch|p1b: Butter|Indeedee-F, L50, F|100/100
|switch|p2a: Archaludon|Archaludon, L50, M|100/100
|switch|p2b: Primarina|Primarina, L50, F|100/100
|-fieldstart|move: Psychic Terrain|[from] ability: Psychic Surge|[of] p1b: Butter
|turn|1
|
|t:|1756688115
|move|p1b: Butter|Helping Hand|p1a: Alistair
|-singleturn|p1a: Alistair|Helping Hand|[of] p1b: Butter
|move|p1a: Alistair|Hyper Voice|p2a: Archaludon|[spread] p2a,p2b
|-resisted|p2a: Archaludon
|-damage|p2a: Archaludon|40/100
|-damage|p2b: Primarina|32/100
|-enditem|p2b: Primarina|Sitrus Berry|[eat]
|-heal|p2b: Primarina|57/100|[from] item: Sitrus Berry
|move|p2a: Archaludon|Electro Shot||[still]
|-prepare|p2a: Archaludon|Electro Shot
|-boost|p2a: Archaludon|spa|1
|-enditem|p2a: Archaludon|Power Herb
|-anim|p2a: Archaludon|Electro Shot|p1b: Butter
|-damage|p1b: Butter|35/100
|move|p2b: Primarina|Hyper Voice|p1a: Alistair|[spread] p1a,p1b
|-damage|p1a: Alistair|24/100
|-damage|p1b: Butter|0 fnt
|replace|p1a: Zoroark|Zoroark-Hisui, L50, M
|-end|p1a: Zoroark|Illusion
|faint|p1b: Butter
|
|upkeep
|
|t:|1756688142
|switch|p1b: Alice|Tyranitar, L50, F|100/100
|-weather|Sandstorm|[from] ability: Sand Stream|[of] p1b: Alice
|turn|2
|
|t:|1756688152
|-terastallize|p1a: Zoroark|Normal
|move|p2a: Archaludon|Protect|p2a: Archaludon
|-singleturn|p2a: Archaludon|Protect
|move|p1a: Zoroark|Hyper Voice|p2b: Primarina|[spread] p2b
|-activate|p2a: Archaludon|move: Protect
|-damage|p2b: Primarina|0 fnt
|faint|p2b: Primarina
|move|p1b: Alice|Rock Slide|p2a: Archaludon
|-activate|p2a: Archaludon|move: Protect
|
|-weather|Sandstorm|[upkeep]
|-damage|p1a: Zoroark|17/100|[from] Sandstorm
|upkeep
|
|t:|1756688166
|switch|p2b: Garchomp|Garchomp, L50, M|100/100
|turn|3
|
|t:|1756688175
|move|p2a: Archaludon|Protect||[still]
|-fail|p2a: Archaludon
|move|p1a: Zoroark|Hyper Voice|p2a: Archaludon|[spread] p2a,p2b
|-resisted|p2a: Archaludon
|-damage|p2a: Archaludon|0 fnt
|-damage|p2b: Garchomp|22/100
|faint|p2a: Archaludon
|move|p2b: Garchomp|Earthquake|p1b: Alice|[spread] p1a,p1b
|-supereffective|p1b: Alice
|-damage|p1a: Zoroark|0 fnt
|-damage|p1b: Alice|20/100
|faint|p1a: Zoroark
|move|p1b: Alice|Low Kick|p2b: Garchomp
|-damage|p2b: Garchomp|0 fnt
|faint|p2b: Garchomp
|
|-weather|Sandstorm|[upkeep]
|upkeep
|
|t:|1756688188
|switch|p1a: Alistair|Gallade, L50, M|100/100
|switch|p2b: Corviknight|Corviknight, L50, F|100/100
|turn|4
|
|t:|1756688209
|move|p1b: Alice|Rock Slide|p2b: Corviknight
|-damage|p2b: Corviknight|66/100
|cant|p2b: Corviknight|flinch
|move|p1a: Alistair|Trick Room|p1a: Alistair
|-fieldstart|move: Trick Room|[of] p1a: Alistair
|
|-weather|Sandstorm|[upkeep]
|-damage|p1a: Alistair|95/100|[from] Sandstorm
|-heal|p2b: Corviknight|72/100|[from] item: Leftovers
|upkeep
|turn|5
|
|t:|1756688223
|move|p2b: Corviknight|Protect|p2b: Corviknight
|-singleturn|p2b: Corviknight|Protect
|move|p1a: Alistair|Sacred Sword|p2b: Corviknight
|-activate|p2b: Corviknight|move: Protect
|move|p1b: Alice|Rock Slide|p2b: Corviknight
|-activate|p2b: Corviknight|move: Protect
|
|-weather|Sandstorm|[upkeep]
|-damage|p1a: Alistair|89/100|[from] Sandstorm
|-heal|p2b: Corviknight|78/100|[from] item: Leftovers
|-fieldend|move: Psychic Terrain
|upkeep
|turn|6
|
|t:|1756688227
|move|p1a: Alistair|Sacred Sword|p2b: Corviknight
|-damage|p2b: Corviknight|20/100
|move|p2b: Corviknight|Brave Bird|p1a: Alistair
|-supereffective|p1a: Alistair
|-damage|p1a: Alistair|0 fnt
|faint|p1a: Alistair
|-damage|p2b: Corviknight|0 fnt|[from] Recoil
|faint|p2b: Corviknight
|
|win|snailboss
|inactive|snailboss has 30 seconds to confirm battle start!
|inactive|AntiSemeticWolfe has 30 seconds to confirm battle start!
