|j|☆nyakugan
|j|☆Giocostorto
|html|nyakuganGiocostorto    
|uhtml|bestof|Game 2 of a best-of-3
|t:|1756538144
|gametype|doubles
|player|p1|nyakugan|psychic|1155
|player|p2|Giocostorto|266|1184
|gen|9
|tier|[Gen 9] VGC 2025 Reg H (Bo3)
|rated|
|rule|Species Clause: Limit one of each Pokémon
|rule|Item Clause: Limit 1 of each item
|clearpoke
|poke|p1|Dragapult, L50, M|
|poke|p1|Sneasler, L50, M|
|poke|p1|Volcarona, L50, F|
|poke|p1|Incineroar, L50, M|
|poke|p1|Rillaboom, L50, M|
|poke|p1|Kingambit, L50, M|
|poke|p2|Misdreavus, L50, M|
|poke|p2|Gothitelle, L50, F|
|poke|p2|Amoonguss, L50, M|
|poke|p2|Incineroar, L50, M|
|poke|p2|Primarina, L50, F|
|poke|p2|Ursaluna, L50, M|
|teampreview|4
|showteam|p1|Dragapult||ChoiceBand|ClearBody|DragonDarts,Outrage,PhantomForce,Uturn|||M|||50|,,,,,Dragon]Sneasler||FocusSash|Unburden|CloseCombat,DireClaw,Coaching,Protect|||M|||50|,,,,,Stellar]Volcarona||GrassySeed|FlameBody|FieryDance,TeraBlast,QuiverDance,Protect|||F|||50|,,,,,Fairy]Incineroar||SafetyGoggles|Intimidate|KnockOff,FakeOut,Taunt,PartingShot|||M|||50|,,,,,Ghost]Rillaboom||AssaultVest|GrassySurge|WoodHammer,GrassyGlide,Uturn,FakeOut|||M|||50|,,,,,Fire]Kingambit||BlackGlasses|Defiant|KowtowCleave,SuckerPunch,SwordsDance,Protect|||M|||50|,,,,,Dark
|showteam|p2|Misdreavus||Eviolite|Levitate|FoulPlay,PerishSong,TrickRoom,Protect|||M|||50|,,,,,Fire]Gothitelle||SafetyGoggles|ShadowTag|FakeOut,HealPulse,TrickRoom,Protect|||F|||50|,,,,,Water]Amoonguss||MentalHerb|Regenerator|PollenPuff,Spore,RagePowder,Protect|||M|||50|,,,,,Water]Incineroar||RockyHelmet|Intimidate|FlareBlitz,ThroatChop,FakeOut,PartingShot|||M|||50|,,,,,Grass]Primarina||SitrusBerry|LiquidVoice|HyperVoice,Moonblast,PerishSong,Protect|||F|||50|,,,,,Steel]Ursaluna||FlameOrb|Guts|Facade,HeadlongRush,Earthquake,Protect|||M|||50|,,,,,Ghost
|inactive|Battle timer is ON: inactive players will automatically lose when time's up. (requested by Giocostorto)
|inactive|nyakugan has 60 seconds left.
|inactive|Giocostorto has 60 seconds left.
|
|t:|1756538198
|teamsize|p1|4
|teamsize|p2|4
|start
|switch|p1a: Rillaboom|Rillaboom, L50, M, shiny|100/100
|switch|p1b: Kingambit|Kingambit, L50, M, shiny|100/100
|switch|p2a: Gothitelle|Gothitelle, L50, F|100/100
|switch|p2b: Incineroar|Incineroar, L50, M|100/100
|-fieldstart|move: Grassy Terrain|[from] ability: Grassy Surge|[of] p1a: Rillaboom
|-ability|p2b: Incineroar|Intimidate|boost
|-unboost|p1a: Rillaboom|atk|1
|-unboost|p1b: Kingambit|atk|1
|-ability|p1b: Kingambit|Defiant|boost
|-boost|p1b: Kingambit|atk|2
|turn|1
|inactive|nyakugan has 30 seconds left.
|inactive|Giocostorto has 30 seconds left.
|inactive|nyakugan has 20 seconds left.
|inactive|Giocostorto has 20 seconds left.
|inactive|nyakugan has 15 seconds left.
|inactive|Giocostorto has 15 seconds left.
|inactive|Giocostorto has 10 seconds left.
|
|t:|1756538248
|switch|p2a: Amoonguss|Amoonguss, L50, M|100/100
|move|p1a: Rillaboom|Fake Out|p2b: Incineroar
|-damage|p2b: Incineroar|93/100
|-damage|p1a: Rillaboom|84/100|[from] item: Rocky Helmet|[of] p2b: Incineroar
|cant|p2b: Incineroar|flinch
|move|p1b: Kingambit|Swords Dance|p1b: Kingambit
|-boost|p1b: Kingambit|atk|2
|
|-heal|p1a: Rillaboom|90/100|[from] Grassy Terrain
|-heal|p2b: Incineroar|99/100|[from] Grassy Terrain
|upkeep
|turn|2
|inactive|nyakugan has 30 seconds left.
|inactive|Giocostorto has 30 seconds left.
|inactive|Giocostorto has 20 seconds left.
|inactive|Giocostorto has 15 seconds left.
|
|t:|1756538289
|-terastallize|p1b: Kingambit|Dark
|move|p2a: Amoonguss|Protect|p2a: Amoonguss
|-singleturn|p2a: Amoonguss|Protect
|move|p1a: Rillaboom|U-turn|p2b: Incineroar
|-damage|p2b: Incineroar|86/100
|-damage|p1a: Rillaboom|74/100|[from] item: Rocky Helmet|[of] p2b: Incineroar
|
|t:|1756538305
|switch|p1a: Dragapult|Dragapult, L50, M, shiny|100/100|[from] U-turn
|move|p2b: Incineroar|Parting Shot|p1a: Dragapult
|-fail|p1a: Dragapult|unboost|[from] ability: Clear Body|[of] p1a: Dragapult
|move|p1b: Kingambit|Kowtow Cleave|p2a: Amoonguss
|-activate|p2a: Amoonguss|move: Protect
|
|-heal|p2b: Incineroar|92/100|[from] Grassy Terrain
|upkeep
|turn|3
|
|t:|1756538329
|move|p2a: Amoonguss|Rage Powder|p2a: Amoonguss
|-singleturn|p2a: Amoonguss|move: Rage Powder
|move|p1a: Dragapult|U-turn|p2a: Amoonguss
|-damage|p2a: Amoonguss|69/100
|
|t:|1756538334
|switch|p1a: Incineroar|Incineroar, L50, M, shiny|100/100|[from] U-turn
|-ability|p1a: Incineroar|Intimidate|boost
|-unboost|p2a: Amoonguss|atk|1
|-unboost|p2b: Incineroar|atk|1
|move|p2b: Incineroar|Throat Chop|p1a: Incineroar
|-resisted|p1a: Incineroar
|-damage|p1a: Incineroar|90/100
|-start|p1a: Incineroar|Throat Chop|[silent]
|move|p1b: Kingambit|Kowtow Cleave|p2a: Amoonguss
|-damage|p2a: Amoonguss|0 fnt
|faint|p2a: Amoonguss
|
|-heal|p1a: Incineroar|96/100|[from] Grassy Terrain
|-heal|p2b: Incineroar|98/100|[from] Grassy Terrain
|upkeep
|
|t:|1756538347
|switch|p2a: Primarina|Primarina, L50, F|100/100
|turn|4
|inactive|nyakugan has 30 seconds left.
|inactive|nyakugan has 20 seconds left.
|inactive|nyakugan has 15 seconds left.
|
|t:|1756538388
|move|p1a: Incineroar|Fake Out|p2a: Primarina
|-damage|p2a: Primarina|87/100
|move|p2b: Incineroar|Flare Blitz|p1b: Kingambit
|-damage|p1b: Kingambit|77/100
|-damage|p2b: Incineroar|90/100|[from] Recoil
|cant|p2a: Primarina|flinch
|move|p1b: Kingambit|Kowtow Cleave|p2b: Incineroar
|-resisted|p2b: Incineroar
|-damage|p2b: Incineroar|12/100
|-damage|p1b: Kingambit|61/100|[from] item: Rocky Helmet|[of] p2b: Incineroar
|
|-heal|p1a: Incineroar|100/100|[from] Grassy Terrain
|-heal|p2b: Incineroar|18/100|[from] Grassy Terrain
|-heal|p2a: Primarina|93/100|[from] Grassy Terrain
|-heal|p1b: Kingambit|67/100|[from] Grassy Terrain
|-end|p1a: Incineroar|Throat Chop|[silent]
|upkeep
|turn|5
|inactive|Giocostorto has 30 seconds left.
|inactive|Giocostorto has 20 seconds left.
|inactive|Giocostorto has 15 seconds left.
|
|t:|1756538430
|move|p1b: Kingambit|Protect|p1b: Kingambit
|-singleturn|p1b: Kingambit|Protect
|move|p1a: Incineroar|Parting Shot|p2a: Primarina
|-unboost|p2a: Primarina|atk|1
|-unboost|p2a: Primarina|spa|1
|
|t:|1756538440
|switch|p1a: Rillaboom|Rillaboom, L50, M, shiny|74/100|[from] Parting Shot
|move|p2b: Incineroar|Flare Blitz|p1a: Rillaboom
|-supereffective|p1a: Rillaboom
|-damage|p1a: Rillaboom|12/100
|-damage|p2b: Incineroar|0 fnt|[from] Recoil
|faint|p2b: Incineroar
|move|p2a: Primarina|Moonblast|p1a: Rillaboom
|-damage|p1a: Rillaboom|0 fnt
|faint|p1a: Rillaboom
|
|-heal|p2a: Primarina|99/100|[from] Grassy Terrain
|-heal|p1b: Kingambit|72/100|[from] Grassy Terrain
|-fieldend|move: Grassy Terrain
|upkeep
|
|t:|1756538453
|switch|p1a: Dragapult|Dragapult, L50, M, shiny|100/100
|switch|p2b: Gothitelle|Gothitelle, L50, F|100/100
|turn|6
|
|t:|1756538478
|move|p1b: Kingambit|Sucker Punch|p2a: Primarina
|-resisted|p2a: Primarina
|-damage|p2a: Primarina|0 fnt
|faint|p2a: Primarina
|move|p1a: Dragapult|Phantom Force||[still]
|-prepare|p1a: Dragapult|Phantom Force
|move|p2b: Gothitelle|Trick Room|p2b: Gothitelle
|-fieldstart|move: Trick Room|[of] p2b: Gothitelle
|
|upkeep
|turn|7
|-message|Giocostorto forfeited.
|
|win|nyakugan
|raw|nyakugan's rating: 1155 → 1182(+27 for winning)
|raw|Giocostorto's rating: 1184 → 1157(-27 for losing)
|l|☆nyakugan
|player|p1|
