|j|☆cheesbuga
|j|☆rillaboom0623
|html|cheesbugarillaboom0623    
|uhtml|bestof|Game 3 of a best-of-3
|t:|1757745059
|gametype|doubles
|player|p1|cheesbuga|pokemaniac|1033
|player|p2|rillaboom0623|rosa|1046
|gen|9
|tier|[Gen 9] VGC 2025 Reg H (Bo3)
|rated|
|rule|Species Clause: Limit one of each Pokémon
|rule|Item Clause: Limit 1 of each item
|clearpoke
|poke|p1|Ursaluna-Bloodmoon, L50, M|
|poke|p1|Incineroar, L50, M|
|poke|p1|Rillaboom, L50, M|
|poke|p1|Farigiraf, L50, M|
|poke|p1|Sneasler, L50, F|
|poke|p1|Volcarona, L50, F|
|poke|p2|Gholdengo, L50|
|poke|p2|Vivillon-Pokeball, L50, F|
|poke|p2|Incineroar, L50, F|
|poke|p2|Ninetales-Alola, L50, F|
|poke|p2|Ursaluna, L50, F|
|poke|p2|Dragapult, L50, M|
|teampreview|4
|showteam|p1|Ursaluna-Bloodmoon||LifeOrb|MindsEye|HyperVoice,BloodMoon,EarthPower,Protect|||M|||50|,,,,,Normal]Incineroar||SafetyGoggles|Intimidate|FakeOut,FlareBlitz,KnockOff,PartingShot|||M|||50|,,,,,Ghost]Rillaboom||AssaultVest|GrassySurge|Uturn,WoodHammer,GrassyGlide,FakeOut|||M|||50|,,,,,Fire]Farigiraf||ThroatSpray|ArmorTail|HyperVoice,Protect,Psychic,TrickRoom|||M|||50|,,,,,Fairy]Sneasler||FocusSash|Unburden|CloseCombat,Protect,FakeOut,ThroatChop|||F|||50|,,,,,Dark]Volcarona||CovertCloak|FlameBody|HeatWave,Protect,StruggleBug,QuiverDance|||F|||50|,,,,,Water
|showteam|p2|Gholdengo||LifeOrb|GoodasGold|MakeItRain,ShadowBall,NastyPlot,Protect||||||50|,,,,,Dragon]Vivillon-Pokeball||FocusSash|CompoundEyes|SleepPowder,Tailwind,Hurricane,Protect|||F|||50|,,,,,Water]Incineroar||AssaultVest|Intimidate|FlareBlitz,KnockOff,FakeOut,Uturn|||F|||50|,,,,,Ghost]Ninetales-Alola||NeverMeltIce|SnowWarning|Blizzard,Encore,Protect,Moonblast|||F|||50|,,,,,Water]Ursaluna||FlameOrb|Guts|Facade,HeadlongRush,CloseCombat,Protect|||F|||50|,,,,,Ghost]Dragapult||ChoiceBand|ClearBody|Outrage,DragonDarts,PhantomForce,Uturn|||M|||50|,,,,,Dragon
|inactive|Battle timer is ON: inactive players will automatically lose when time's up. (requested by rillaboom0623)
|inactive|cheesbuga has 60 seconds left.
|
|t:|1757745100
|teamsize|p1|4
|teamsize|p2|4
|start
|switch|p1a: Incineroar|Incineroar, L50, M|100/100
|switch|p1b: Farigiraf|Farigiraf, L50, M|100/100
|switch|p2a: Incineroar|Incineroar, L50, F|100/100
|switch|p2b: Dragapult|Dragapult, L50, M|100/100
|-ability|p2a: Incineroar|Intimidate|boost
|-unboost|p1a: Incineroar|atk|1
|-unboost|p1b: Farigiraf|atk|1
|-ability|p1a: Incineroar|Intimidate|boost
|-unboost|p2a: Incineroar|atk|1
|-fail|p2b: Dragapult|unboost|[from] ability: Clear Body|[of] p2b: Dragapult
|turn|1
|inactive|cheesbuga has 30 seconds left.
|inactive|rillaboom0623 has 30 seconds left.
|
|t:|1757745130
|-terastallize|p1b: Farigiraf|Fairy
|move|p1a: Incineroar|Fake Out|p2a: Incineroar
|-damage|p2a: Incineroar|94/100
|move|p2b: Dragapult|U-turn|p1b: Farigiraf
|-resisted|p1b: Farigiraf
|-damage|p1b: Farigiraf|80/100
|
|t:|1757745138
|switch|p2b: Ninetales|Ninetales-Alola, L50, F|100/100|[from] U-turn
|-weather|Snowscape|[from] ability: Snow Warning|[of] p2b: Ninetales
|cant|p2a: Incineroar|flinch
|move|p1b: Farigiraf|Trick Room|p1b: Farigiraf
|-fieldstart|move: Trick Room|[of] p1b: Farigiraf
|
|-weather|Snowscape|[upkeep]
|upkeep
|turn|2
|
|t:|1757745156
|move|p2b: Ninetales|Protect|p2b: Ninetales
|-singleturn|p2b: Ninetales|Protect
|move|p1b: Farigiraf|Hyper Voice|p2b: Ninetales|[spread] p2a
|-activate|p2b: Ninetales|move: Protect
|-damage|p2a: Incineroar|73/100
|-enditem|p1b: Farigiraf|Throat Spray
|-boost|p1b: Farigiraf|spa|1|[from] item: Throat Spray
|move|p1a: Incineroar|Parting Shot|p2a: Incineroar
|-unboost|p2a: Incineroar|atk|1
|-unboost|p2a: Incineroar|spa|1
|
|t:|1757745170
|switch|p1a: Ursaluna|Ursaluna-Bloodmoon, L50, M|100/100|[from] Parting Shot
|move|p2a: Incineroar|Flare Blitz|p1b: Farigiraf
|-damage|p1b: Farigiraf|50/100
|-damage|p2a: Incineroar|62/100|[from] Recoil
|
|-weather|Snowscape|[upkeep]
|upkeep
|turn|3
|
|t:|1757745183
|switch|p2a: Vivillon|Vivillon-Pokeball, L50, F|100/100
|move|p2b: Ninetales|Protect|p2b: Ninetales
|-singleturn|p2b: Ninetales|Protect
|move|p1a: Ursaluna|Hyper Voice|p2a: Vivillon|[spread] p2a
|-activate|p2b: Ninetales|move: Protect
|-enditem|p2a: Vivillon|Focus Sash
|-damage|p2a: Vivillon|1/100
|-damage|p1a: Ursaluna|91/100|[from] item: Life Orb
|move|p1b: Farigiraf|Hyper Voice|p2b: Ninetales|[spread] p2a
|-activate|p2b: Ninetales|move: Protect
|-damage|p2a: Vivillon|0 fnt
|faint|p2a: Vivillon
|
|-weather|Snowscape|[upkeep]
|upkeep
|
|t:|1757745191
|switch|p2a: Incineroar|Incineroar, L50, F|62/100
|-ability|p2a: Incineroar|Intimidate|boost
|-unboost|p1a: Ursaluna|atk|1
|-unboost|p1b: Farigiraf|atk|1
|turn|4
|
|t:|1757745209
|move|p1a: Ursaluna|Hyper Voice|p2a: Incineroar|[spread] p2a,p2b
|-damage|p2a: Incineroar|33/100
|-damage|p2b: Ninetales|38/100
|-damage|p1a: Ursaluna|81/100|[from] item: Life Orb
|move|p1b: Farigiraf|Hyper Voice|p2b: Ninetales|[spread] p2a,p2b
|-damage|p2a: Incineroar|3/100
|-damage|p2b: Ninetales|0 fnt
|faint|p2b: Ninetales
|move|p2a: Incineroar|Flare Blitz|p1b: Farigiraf
|-damage|p1b: Farigiraf|0 fnt
|faint|p1b: Farigiraf
|-damage|p2a: Incineroar|0 fnt|[from] Recoil
|faint|p2a: Incineroar
|
|-weather|Snowscape|[upkeep]
|upkeep
|
|t:|1757745226
|switch|p1b: Incineroar|Incineroar, L50, M|100/100
|switch|p2b: Dragapult|Dragapult, L50, M|100/100
|-ability|p1b: Incineroar|Intimidate|boost
|-fail|p2b: Dragapult|unboost|[from] ability: Clear Body|[of] p2b: Dragapult
|turn|5
|
|t:|1757745236
|-terastallize|p2b: Dragapult|Dragon
|move|p1b: Incineroar|Fake Out|p2b: Dragapult
|-damage|p2b: Dragapult|86/100
|move|p1a: Ursaluna|Blood Moon|p2b: Dragapult
|-damage|p2b: Dragapult|0 fnt
|faint|p2b: Dragapult
|-damage|p1a: Ursaluna|72/100|[from] item: Life Orb
|
|win|cheesbuga
|raw|cheesbuga's rating: 1033 → 1069(+36 for winning)
|raw|rillaboom0623's rating: 1046 → 1028(-18 for losing)
|l|☆rillaboom0623
|player|p2|
