|j|☆SideB33563356
|j|☆spimchi
|html|SideB33563356spimchi    
|uhtml|bestof|Game 2 of a best-of-3
|t:|1784161135
|gametype|doubles
|player|p1|SideB33563356|1|
|player|p2|spimchi|cynthia|
|gen|9
|tier|[Gen 9 Champions] VGC 2026 Reg M-B (Bo3)
|rule|Species Clause: Limit one of each Pokémon
|rule|Item Clause: Limit 1 of each item
|clearpoke
|poke|p1|Metagross, L50|
|poke|p1|Talonflame, L50, M|
|poke|p1|Basculegion, L50, M|
|poke|p1|Kingambit, L50, M|
|poke|p1|Hydreigon, L50, M|
|poke|p1|Ninetales-Alola, L50, F|
|poke|p2|Meowscarada, L50, F, shiny|
|poke|p2|Meowstic, L50, M, shiny|
|poke|p2|Mamoswine, L50, M, shiny|
|poke|p2|Maushold, L50, shiny|
|poke|p2|Ampharos, L50, M, shiny|
|poke|p2|Primarina, L50, M, shiny|
|teampreview|4
|showteam|p1|Metagross||Metagrossite|ClearBody|MeteorMash,PsychicFangs,BulletPunch,Protect|Jolly|||||50|]Talonflame||SharpBeak|GaleWings|BraveBird,WillOWisp,Tailwind,Protect|Jolly||M|||50|]Basculegion||LifeOrb|Adaptability|WaveCrash,LastRespects,AquaJet,Protect|Jolly||M|||50|]Kingambit||BlackGlasses|Defiant|KowtowCleave,LowKick,SuckerPunch,Protect|Adamant||M|||50|]Hydreigon||ChoiceScarf|Levitate|DarkPulse,DracoMeteor,Snarl,EarthPower|Modest||M|||50|]Ninetales-Alola||FocusSash|SnowWarning|Blizzard,FreezeDry,Encore,Protect|Timid||F|||50|
|showteam|p2|Meowscarada||ChoiceScarf|Protean|FlowerTrick,ThunderPunch,KnockOff,TripleAxel|Jolly||F|||50|]Meowstic||LightClay|Prankster|LightScreen,RainDance,Reflect,Yawn|Calm||M|||50|]Mamoswine||Leftovers|Oblivious|IceShard,IcicleCrash,Protect,Earthquake|Jolly||M|||50|]Maushold||FocusSash|FriendGuard|SuperFang,FollowMe,Protect,Feint|Jolly|||||50|]Ampharos||Ampharosite|Static|DragonPulse,Protect,Thunderbolt,ParabolicCharge|Modest||M|||50|]Primarina||SitrusBerry|LiquidVoice|CalmMind,HyperVoice,Moonblast,Protect|Modest||M|||50|
|
|t:|1784161185
|teamsize|p1|4
|teamsize|p2|4
|start
|switch|p1a: Computah|Metagross, L50|100/100
|switch|p1b: knickswinthechip!|Hydreigon, L50, M|100/100
|switch|p2a: meow meow|Meowstic, L50, M, shiny|100/100
|switch|p2b: le epic face|Ampharos, L50, M, shiny|100/100
|turn|1
|
|t:|1784161206
|switch|p1b: Texas Power Crisis|Ninetales-Alola, L50, F|100/100
|-weather|Snowscape|[from] ability: Snow Warning|[of] p1b: Texas Power Crisis
|detailschange|p1a: Computah|Metagross-Mega, L50
|-mega|p1a: Computah|Metagross|Metagrossite
|move|p2a: meow meow|Light Screen|p2a: meow meow
|-sidestart|p2: spimchi|move: Light Screen
|move|p1a: Computah|Meteor Mash|p2b: le epic face
|-resisted|p2b: le epic face|1
|-damage|p2b: le epic face|69/100
|move|p2b: le epic face|Dragon Pulse|p1b: Texas Power Crisis
|-immune|p1b: Texas Power Crisis
|
|-weather|Snowscape|[upkeep]
|upkeep
|turn|2
|
|t:|1784161248
|move|p2a: meow meow|Yawn|p1b: Texas Power Crisis
|-start|p1b: Texas Power Crisis|move: Yawn|[of] p2a: meow meow
|move|p1a: Computah|Meteor Mash|p2b: le epic face
|-resisted|p2b: le epic face|1
|-damage|p2b: le epic face|35/100
|move|p1b: Texas Power Crisis|Encore|p2b: le epic face
|-start|p2b: le epic face|Encore
|move|p2b: le epic face|Dragon Pulse|p1b: Texas Power Crisis
|-immune|p1b: Texas Power Crisis
|
|-weather|Snowscape|[upkeep]
|upkeep
|turn|3
|
|t:|1784161316
|switch|p1b: Trae Young|Talonflame, L50, M|100/100
|detailschange|p2b: le epic face|Ampharos-Mega, L50, M, shiny
|-mega|p2b: le epic face|Ampharos|Ampharosite
|-ability|p2b: le epic face|Mold Breaker
|move|p2a: meow meow|Yawn|p1a: Computah
|-start|p1a: Computah|move: Yawn|[of] p2a: meow meow
|move|p1a: Computah|Meteor Mash|p2b: le epic face
|-resisted|p2b: le epic face|1
|-damage|p2b: le epic face|10/100
|move|p2b: le epic face|Dragon Pulse|p1a: Computah
|-resisted|p1a: Computah|1
|-damage|p1a: Computah|70/100
|
|-weather|Snowscape|[upkeep]
|upkeep
|turn|4
|
|t:|1784161374
|switch|p1a: Texas Power Crisis|Ninetales-Alola, L50, F|100/100
|move|p1b: Trae Young|Brave Bird|p2a: meow meow
|-damage|p2a: meow meow|32/100
|-damage|p1b: Trae Young|73/100|[from] Recoil
|move|p2a: meow meow|Rain Dance|p2a: meow meow
|-weather|RainDance
|move|p2b: le epic face|Dragon Pulse|p1a: Texas Power Crisis
|-immune|p1a: Texas Power Crisis
|
|-weather|RainDance|[upkeep]
|-end|p2b: le epic face|Encore
|upkeep
|turn|5
|
|t:|1784161412
|move|p2a: meow meow|Yawn|p1a: Texas Power Crisis
|-start|p1a: Texas Power Crisis|move: Yawn|[of] p2a: meow meow
|move|p1b: Trae Young|Brave Bird|p2b: le epic face
|-resisted|p2b: le epic face|1
|-damage|p2b: le epic face|0 fnt
|faint|p2b: le epic face
|-damage|p1b: Trae Young|69/100|[from] Recoil
|move|p1a: Texas Power Crisis|Encore|p2a: meow meow
|-start|p2a: meow meow|Encore
|
|-weather|RainDance|[upkeep]
|upkeep
|
|t:|1784161426
|switch|p2b: grewwn mow|Meowscarada, L50, F, shiny|100/100
|turn|6
|
|t:|1784161442
|switch|p1a: knickswinthechip!|Hydreigon, L50, M|100/100
|move|p1b: Trae Young|Protect|p1b: Trae Young
|-singleturn|p1b: Trae Young|Protect
|move|p2a: meow meow|Yawn|p1b: Trae Young
|-activate|p1b: Trae Young|move: Protect
|move|p2b: grewwn mow|Thunder Punch|p1b: Trae Young
|-start|p2b: grewwn mow|typechange|Electric|[from] ability: Protean
|-activate|p1b: Trae Young|move: Protect
|
|-weather|RainDance|[upkeep]
|upkeep
|turn|7
|
|t:|1784161471
|switch|p1b: Computah|Metagross-Mega, L50|70/100
|move|p2a: meow meow|Yawn|p1a: knickswinthechip!
|-hint|Since gen 7, Dark is immune to Prankster moves.
|-immune|p1a: knickswinthechip!
|move|p2b: grewwn mow|Thunder Punch|p1b: Computah
|-damage|p1b: Computah|45/100
|move|p1a: knickswinthechip!|Earth Power|p2b: grewwn mow
|-supereffective|p2b: grewwn mow|1
|-damage|p2b: grewwn mow|32/100
|
|-weather|RainDance|[upkeep]
|upkeep
|turn|8
|
|t:|1784161502
|move|p2a: meow meow|Yawn|p1b: Computah
|-start|p1b: Computah|move: Yawn|[of] p2a: meow meow
|move|p2b: grewwn mow|Thunder Punch|p1b: Computah
|-damage|p1b: Computah|21/100
|move|p1a: knickswinthechip!|Earth Power|p2b: grewwn mow
|-supereffective|p2b: grewwn mow|1
|-damage|p2b: grewwn mow|0 fnt
|faint|p2b: grewwn mow
|move|p1b: Computah|Psychic Fangs|p2a: meow meow
|-sideend|p2: spimchi|move: Light Screen
|-resisted|p2a: meow meow|1
|-damage|p2a: meow meow|0 fnt
|faint|p2a: meow meow
|
|-weather|none
|upkeep
|
|t:|1784161518
|switch|p2a: sealrious|Primarina, L50, M, shiny|100/100
|turn|9
|
|t:|1784161560
|switch|p1b: Texas Power Crisis|Ninetales-Alola, L50, F|100/100
|-weather|Snowscape|[from] ability: Snow Warning|[of] p1b: Texas Power Crisis
|move|p1a: knickswinthechip!|Earth Power|p2a: sealrious
|-damage|p2a: sealrious|72/100
|move|p2a: sealrious|Moonblast|p1a: knickswinthechip!
|-supereffective|p1a: knickswinthechip!|2
|-damage|p1a: knickswinthechip!|0 fnt
|faint|p1a: knickswinthechip!
|
|-weather|Snowscape|[upkeep]
|upkeep
|
|t:|1784161573
|switch|p1a: Trae Young|Talonflame, L50, M|69/100
|turn|10
|
|t:|1784161580
|move|p1a: Trae Young|Brave Bird|p2a: sealrious
|-damage|p2a: sealrious|8/100
|-enditem|p2a: sealrious|Sitrus Berry|[eat]
|-heal|p2a: sealrious|33/100|[from] item: Sitrus Berry
|-damage|p1a: Trae Young|43/100|[from] Recoil
|move|p1b: Texas Power Crisis|Freeze-Dry|p2a: sealrious
|-supereffective|p2a: sealrious|1
|-damage|p2a: sealrious|0 fnt
|faint|p2a: sealrious
|
|win|SideB33563356
|l|☆spimchi
|player|p2|
