|j|☆Freudianbreath
|j|☆aldishh
|html|Freudianbreathaldishh    
|uhtml|bestof|Game 2 of a best-of-3
|t:|1756956354
|gametype|doubles
|player|p1|Freudianbreath|102|1110
|player|p2|aldishh|169|1144
|gen|9
|tier|[Gen 9] VGC 2025 Reg H (Bo3)
|rated|
|rule|Species Clause: Limit one of each Pokémon
|rule|Item Clause: Limit 1 of each item
|clearpoke
|poke|p1|Incineroar, L50, M|
|poke|p1|Rillaboom, L50, F|
|poke|p1|Palafin, L50, F|
|poke|p1|Pelipper, L50, F|
|poke|p1|Amoonguss, L50, M|
|poke|p1|Primarina, L50, M|
|poke|p2|Ursaluna, L50, M|
|poke|p2|Indeedee-F, L50, F|
|poke|p2|Lilligant-Hisui, L50, F|
|poke|p2|Torkoal, L50, M|
|poke|p2|Gallade, L50, M|
|poke|p2|Hatterene, L50, F|
|teampreview|4
|showteam|p1|Incineroar||SafetyGoggles|Intimidate|FakeOut,KnockOff,WillOWisp,FlareBlitz|||M|||50|,,,,,Ghost]Rillaboom||AssaultVest|GrassySurge|WoodHammer,GrassyGlide,FakeOut,Uturn|||F|||50|,,,,,Fire]Palafin||Leftovers|ZerotoHero|BulkUp,JetPunch,DrainPunch,Protect|||F|||50|,,,,,Grass]Pelipper||FocusSash|Drizzle|Hurricane,WeatherBall,Tailwind,Protect|||F|||50|,,,,,Stellar]Amoonguss||RockyHelmet|Regenerator|PollenPuff,Spore,RagePowder,Protect|||M|||50|,,,,,Fairy]Primarina||ThroatSpray|LiquidVoice|HyperVoice,Moonblast,Haze,Protect|||M|||50|,,,,,Grass
|showteam|p2|Ursaluna||FlameOrb|Guts|Facade,Earthquake,HeadlongRush,Protect|||M|||50|,,,,,Ghost]Indeedee-F||PsychicSeed|PsychicSurge|FollowMe,TrickRoom,HelpingHand,Psychic|||F|||50|,,,,,Grass]Lilligant-Hisui||FocusSash|Chlorophyll|SleepPowder,AfterYou,SolarBlade,CloseCombat|||F|||50|,,,,,Ghost]Torkoal||Charcoal|Drought|Protect,Eruption,ClearSmog,Overheat|||M|||50|,,,,,Fire]Gallade||ClearAmulet|Sharpness|SacredSword,TrickRoom,PsychoCut,WideGuard|||M|||50|,,,,,Ghost]Hatterene||LifeOrb|MagicBounce|ExpandingForce,TrickRoom,DazzlingGleam,Protect|||F|||50|,,,,,Psychic
|inactive|Battle timer is ON: inactive players will automatically lose when time's up. (requested by aldishh)
|inactive|Freudianbreath has 60 seconds left.
|
|t:|1756956452
|teamsize|p1|4
|teamsize|p2|4
|start
|switch|p1a: Incineroar|Incineroar, L50, M|100/100
|switch|p1b: Palafin|Palafin, L50, F|100/100
|switch|p2a: Hatterene|Hatterene, L50, F, shiny|100/100
|switch|p2b: Ursaluna|Ursaluna, L50, M, shiny|100/100
|-ability|p1a: Incineroar|Intimidate|boost
|-unboost|p2a: Hatterene|atk|1
|-unboost|p2b: Ursaluna|atk|1
|turn|1
|inactive|Freudianbreath has 30 seconds left.
|inactive|aldishh has 30 seconds left.
|inactive|Freudianbreath has 20 seconds left.
|inactive|aldishh has 20 seconds left.
|inactive|Freudianbreath has 15 seconds left.
|inactive|aldishh has 15 seconds left.
|inactive|Freudianbreath has 10 seconds left.
|inactive|aldishh has 10 seconds left.
|
|t:|1756956502
|move|p1b: Palafin|Protect|p1b: Palafin
|-singleturn|p1b: Palafin|Protect
|move|p1a: Incineroar|Flare Blitz|p2a: Hatterene
|-damage|p2a: Hatterene|43/100
|-damage|p1a: Incineroar|85/100|[from] Recoil
|move|p2b: Ursaluna|Headlong Rush|p1a: Incineroar
|-supereffective|p1a: Incineroar
|-damage|p1a: Incineroar|3/100
|-unboost|p2b: Ursaluna|def|1
|-unboost|p2b: Ursaluna|spd|1
|move|p2a: Hatterene|Trick Room|p2a: Hatterene
|-fieldstart|move: Trick Room|[of] p2a: Hatterene
|
|-status|p2b: Ursaluna|brn|[from] item: Flame Orb
|upkeep
|turn|2
|inactive|Freudianbreath has 30 seconds left.
|inactive|aldishh has 30 seconds left.
|inactive|Freudianbreath has 20 seconds left.
|inactive|Freudianbreath has 15 seconds left.
|inactive|aldishh has 20 seconds left.
|inactive|Freudianbreath has 10 seconds left.
|inactive|aldishh has 15 seconds left.
|
|t:|1756956550
|switch|p2b: Indeedee|Indeedee-F, L50, F, shiny|100/100
|-fieldstart|move: Psychic Terrain|[from] ability: Psychic Surge|[of] p2b: Indeedee
|-enditem|p2b: Indeedee|Psychic Seed
|-boost|p2b: Indeedee|spd|1|[from] item: Psychic Seed
|detailschange|p1b: Palafin|Palafin-Hero, L50, F
|switch|p1b: Rillaboom|Rillaboom, L50, F|100/100
|-fieldstart|move: Grassy Terrain|[from] ability: Grassy Surge|[of] p1b: Rillaboom
|-terastallize|p2a: Hatterene|Psychic
|move|p2a: Hatterene|Dazzling Gleam|p1a: Incineroar|[spread] p1a,p1b
|-damage|p1a: Incineroar|0 fnt
|-damage|p1b: Rillaboom|71/100
|faint|p1a: Incineroar
|-damage|p2a: Hatterene|34/100|[from] item: Life Orb
|
|-heal|p2a: Hatterene|39/100|[from] Grassy Terrain
|-heal|p1b: Rillaboom|76/100|[from] Grassy Terrain
|upkeep
|inactive|Freudianbreath has 30 seconds left.
|
|t:|1756956581
|switch|p1a: Palafin|Palafin-Hero, L50, F|100/100
|-activate|p1a: Palafin|ability: Zero to Hero
|turn|3
|inactive|Freudianbreath has 30 seconds left.
|inactive|Freudianbreath has 20 seconds left.
|inactive|Freudianbreath has 15 seconds left.
|inactive|Freudianbreath has 10 seconds left.
|inactive|Freudianbreath has 5 seconds left.
|
|t:|1756956634
|switch|p2b: Gallade|Gallade, L50, M, shiny|100/100
|move|p2a: Hatterene|Protect|p2a: Hatterene
|-singleturn|p2a: Hatterene|Protect
|move|p1b: Rillaboom|Wood Hammer|p2a: Hatterene
|-activate|p2a: Hatterene|move: Protect
|move|p1a: Palafin|Drain Punch|p2b: Gallade
|-resisted|p2b: Gallade
|-damage|p2b: Gallade|81/100
|
|-heal|p2a: Hatterene|45/100|[from] Grassy Terrain
|-heal|p2b: Gallade|87/100|[from] Grassy Terrain
|-heal|p1b: Rillaboom|82/100|[from] Grassy Terrain
|upkeep
|turn|4
|inactive|Freudianbreath has 30 seconds left.
|inactive|aldishh has 30 seconds left.
|inactive|Freudianbreath has 20 seconds left.
|inactive|aldishh has 20 seconds left.
|inactive|Freudianbreath has 15 seconds left.
|inactive|aldishh has 15 seconds left.
|inactive|Freudianbreath has 10 seconds left.
|inactive|aldishh has 10 seconds left.
|inactive|aldishh has 5 seconds left.
|
|t:|1756956689
|move|p1a: Palafin|Protect|p1a: Palafin
|-singleturn|p1a: Palafin|Protect
|move|p2a: Hatterene|Expanding Force|p1b: Rillaboom
|-damage|p1b: Rillaboom|24/100
|-damage|p2a: Hatterene|36/100|[from] item: Life Orb
|move|p2b: Gallade|Sacred Sword|p1a: Palafin
|-activate|p1a: Palafin|move: Protect
|move|p1b: Rillaboom|U-turn|p2a: Hatterene
|-supereffective|p2a: Hatterene
|-damage|p2a: Hatterene|0 fnt
|faint|p2a: Hatterene
|
|t:|1756956693
|switch|p1b: Pelipper|Pelipper, L50, F|100/100|[from] U-turn
|-weather|RainDance|[from] ability: Drizzle|[of] p1b: Pelipper
|
|-weather|RainDance|[upkeep]
|-heal|p2b: Gallade|92/100|[from] Grassy Terrain
|upkeep
|
|t:|1756956706
|switch|p2a: Ursaluna|Ursaluna, L50, M, shiny|100/100 brn
|turn|5
|inactive|Freudianbreath has 30 seconds left.
|inactive|Freudianbreath has 20 seconds left.
|inactive|Freudianbreath has 15 seconds left.
|inactive|Freudianbreath has 10 seconds left.
|inactive|Freudianbreath has 5 seconds left.
|
|t:|1756956759
|move|p2a: Ursaluna|Facade|p1a: Palafin
|-crit|p1a: Palafin
|-damage|p1a: Palafin|0 fnt
|faint|p1a: Palafin
|move|p2b: Gallade|Psycho Cut|p1b: Pelipper
|-damage|p1b: Pelipper|28/100
|move|p1b: Pelipper|Weather Ball|p2a: Ursaluna
|-supereffective|p2a: Ursaluna
|-damage|p2a: Ursaluna|0 fnt
|faint|p2a: Ursaluna
|
|-weather|RainDance|[upkeep]
|-heal|p2b: Gallade|98/100|[from] Grassy Terrain
|-fieldend|move: Trick Room
|upkeep
|
|t:|1756956770
|switch|p1a: Rillaboom|Rillaboom, L50, F|24/100
|switch|p2a: Indeedee|Indeedee-F, L50, F, shiny|100/100
|-fieldstart|move: Psychic Terrain|[from] ability: Psychic Surge|[of] p2a: Indeedee
|turn|6
|inactive|Freudianbreath has 30 seconds left.
|inactive|Freudianbreath has 20 seconds left.
|
|t:|1756956805
|-terastallize|p1b: Pelipper|Stellar
|move|p2a: Indeedee|Follow Me|p2a: Indeedee
|-singleturn|p2a: Indeedee|move: Follow Me
|move|p1b: Pelipper|Hurricane|p2a: Indeedee
|-damage|p2a: Indeedee|41/100
|-start|p2a: Indeedee|confusion
|move|p1a: Rillaboom|Wood Hammer|p2a: Indeedee
|-damage|p2a: Indeedee|0 fnt
|faint|p2a: Indeedee
|-damage|p1a: Rillaboom|13/100|[from] Recoil
|move|p2b: Gallade|Trick Room|p2b: Gallade
|-fieldstart|move: Trick Room|[of] p2b: Gallade
|
|-weather|RainDance|[upkeep]
|upkeep
|turn|7
|inactive|Freudianbreath has 30 seconds left.
|inactive|Freudianbreath has 20 seconds left.
|
|t:|1756956842
|move|p2b: Gallade|Sacred Sword|p1a: Rillaboom
|-damage|p1a: Rillaboom|0 fnt
|faint|p1a: Rillaboom
|move|p1b: Pelipper|Hurricane|p2b: Gallade
|-supereffective|p2b: Gallade
|-damage|p2b: Gallade|4/100
|
|-weather|RainDance|[upkeep]
|upkeep
|turn|8
|inactive|Freudianbreath has 30 seconds left.
|
|t:|1756956875
|move|p2b: Gallade|Psycho Cut|p1b: Pelipper
|-damage|p1b: Pelipper|0 fnt
|faint|p1b: Pelipper
|
|win|aldishh
