|j|☆GetaJobApplication
|j|☆panqueca25
|html|GetaJobApplicationpanqueca25    
|uhtml|bestof|Game 2 of a best-of-3
|t:|1757683470
|gametype|doubles
|player|p1|GetaJobApplication|cynthia-gen4|1350
|player|p2|panqueca25|101|1335
|gen|9
|tier|[Gen 9] VGC 2025 Reg H (Bo3)
|rated|
|rule|Species Clause: Limit one of each Pokémon
|rule|Item Clause: Limit 1 of each item
|clearpoke
|poke|p1|Incineroar, L50, F|
|poke|p1|Indeedee, L50, M|
|poke|p1|Kommo-o, L50, M|
|poke|p1|Amoonguss, L50, F|
|poke|p1|Gholdengo, L50|
|poke|p1|Sneasler, L50, M|
|poke|p2|Murkrow, L50, F|
|poke|p2|Gholdengo, L50|
|poke|p2|Dondozo, L50, F|
|poke|p2|Tatsugiri, L50, M|
|poke|p2|Clefable, L50, F|
|poke|p2|Incineroar, L50, F|
|teampreview|4
|showteam|p1|Incineroar||AssaultVest|Intimidate|FakeOut,KnockOff,Uturn,FlareBlitz|||F|||50|,,,,,Bug]Indeedee||ChoiceScarf|PsychicSurge|ExpandingForce,Trick,HelpingHand,DazzlingGleam|||M|||50|,,,,,Psychic]Kommo-o||ThroatSpray|Overcoat|ClangorousSoul,ClangingScales,Protect,Flamethrower|||M|||50|,,,,,Fire]Amoonguss||SitrusBerry|Regenerator|Spore,RagePowder,PollenPuff,Protect|||F|||50|,,,,,Water]Gholdengo||LifeOrb|GoodasGold|MakeItRain,ShadowBall,NastyPlot,Protect||||||50|,,,,,Steel]Sneasler||PsychicSeed|Unburden|DireClaw,CloseCombat,ThroatChop,Protect|||M|||50|,,,,,Dark
|showteam|p2|Murkrow||Eviolite|Prankster|Tailwind,FoulPlay,Taunt,Haze|||F|||50|,,,,,Ghost]Gholdengo||ChoiceSpecs|GoodasGold|MakeItRain,PowerGem,ShadowBall,Thunderbolt||||||50|,,,,,Steel]Dondozo||Leftovers|Unaware|WaveCrash,Earthquake,OrderUp,Protect|||F|||50|,,,,,Grass]Tatsugiri||FocusSash|Commander|DracoMeteor,IcyWind,MuddyWater,Protect|||M|||50|,,,,,Stellar]Clefable||RockyHelmet|Unaware|Moonblast,FollowMe,Encore,Protect|||F|||50|,,,,,Ghost]Incineroar||SafetyGoggles|Intimidate|FlareBlitz,KnockOff,PartingShot,FakeOut|||F|||50|,,,,,Ghost
|inactive|Battle timer is ON: inactive players will automatically lose when time's up. (requested by panqueca25)
|
|t:|1757683495
|teamsize|p1|4
|teamsize|p2|4
|start
|switch|p1a: Incineroar|Incineroar, L50, F|100/100
|switch|p1b: Indeedee|Indeedee, L50, M|100/100
|switch|p2a: Gholdengo|Gholdengo, L50|100/100
|switch|p2b: Dondozo|Dondozo, L50, F|100/100
|-fieldstart|move: Psychic Terrain|[from] ability: Psychic Surge|[of] p1b: Indeedee
|-ability|p1a: Incineroar|Intimidate|boost
|-unboost|p2a: Gholdengo|atk|1
|-unboost|p2b: Dondozo|atk|1
|turn|1
|inactive|GetaJobApplication has 30 seconds left.
|
|t:|1757683521
|switch|p1b: Amoonguss|Amoonguss, L50, F|100/100
|-terastallize|p1a: Incineroar|Bug
|move|p2b: Dondozo|Protect|p2b: Dondozo
|-singleturn|p2b: Dondozo|Protect
|move|p2a: Gholdengo|Make It Rain|p1b: Amoonguss|[spread] p1a,p1b
|-damage|p1a: Incineroar|54/100
|-damage|p1b: Amoonguss|39/100
|-unboost|p2a: Gholdengo|spa|1
|-enditem|p1b: Amoonguss|Sitrus Berry|[eat]
|-heal|p1b: Amoonguss|64/100|[from] item: Sitrus Berry
|move|p1a: Incineroar|U-turn|p2b: Dondozo
|-activate|p2b: Dondozo|move: Protect
|
|upkeep
|turn|2
|
|t:|1757683542
|switch|p2b: Incineroar|Incineroar, L50, F|100/100
|-ability|p2b: Incineroar|Intimidate|boost
|-unboost|p1a: Incineroar|atk|1
|-unboost|p1b: Amoonguss|atk|1
|move|p2a: Gholdengo|Make It Rain|p1b: Amoonguss|[spread] p1a,p1b
|-damage|p1a: Incineroar|24/100
|-damage|p1b: Amoonguss|17/100
|-unboost|p2a: Gholdengo|spa|1
|move|p1a: Incineroar|U-turn|p2b: Incineroar
|-damage|p2b: Incineroar|82/100
|
|t:|1757683550
|switch|p1a: Sneasler|Sneasler, L50, M|100/100|[from] U-turn
|-enditem|p1a: Sneasler|Psychic Seed
|-boost|p1a: Sneasler|spd|1|[from] item: Psychic Seed
|move|p1b: Amoonguss|Spore|p2b: Incineroar
|-activate|p2b: Incineroar|item: Safety Goggles|Spore
|
|upkeep
|turn|3
|
|t:|1757683564
|switch|p1b: Incineroar|Incineroar, L50, F, tera:Bug|24/100
|-ability|p1b: Incineroar|Intimidate|boost
|-unboost|p2a: Gholdengo|atk|1
|-unboost|p2b: Incineroar|atk|1
|move|p1a: Sneasler|Throat Chop|p2a: Gholdengo
|-supereffective|p2a: Gholdengo
|-damage|p2a: Gholdengo|25/100
|-start|p2a: Gholdengo|Throat Chop|[silent]
|move|p2a: Gholdengo|Make It Rain|p1b: Incineroar|[spread] p1a,p1b
|-damage|p1a: Sneasler|66/100
|-damage|p1b: Incineroar|0 fnt
|-unboost|p2a: Gholdengo|spa|1
|faint|p1b: Incineroar
|move|p2b: Incineroar|Parting Shot|p1a: Sneasler
|-unboost|p1a: Sneasler|atk|1
|-unboost|p1a: Sneasler|spa|1
|
|t:|1757683572
|switch|p2b: Dondozo|Dondozo, L50, F|100/100|[from] Parting Shot
|
|upkeep
|
|t:|1757683575
|switch|p1b: Indeedee|Indeedee, L50, M|100/100
|turn|4
|
|t:|1757683587
|switch|p2a: Tatsugiri|Tatsugiri, L50, M|100/100
|-activate|p2a: Tatsugiri|ability: Commander|[of] p2b: Dondozo
|-boost|p2b: Dondozo|atk|2
|-boost|p2b: Dondozo|spa|2
|-boost|p2b: Dondozo|spe|2
|-boost|p2b: Dondozo|def|2
|-boost|p2b: Dondozo|spd|2
|move|p1a: Sneasler|Dire Claw|p2b: Dondozo
|-damage|p2b: Dondozo|83/100
|-status|p2b: Dondozo|psn
|move|p1b: Indeedee|Expanding Force|p2a: Tatsugiri|[spread] p2b
|-miss|p1b: Indeedee|p2a: Tatsugiri
|-damage|p2b: Dondozo|53/100 psn
|move|p2b: Dondozo|Earthquake|p1b: Indeedee|[spread] p1a,p1b
|-miss|p2b: Dondozo|p2a: Tatsugiri
|-supereffective|p1a: Sneasler
|-damage|p1a: Sneasler|0 fnt
|-damage|p1b: Indeedee|10/100
|faint|p1a: Sneasler
|
|-heal|p2b: Dondozo|59/100 psn|[from] item: Leftovers
|-damage|p2b: Dondozo|47/100 psn|[from] psn
|upkeep
|
|t:|1757683603
|switch|p1a: Amoonguss|Amoonguss, L50, F|50/100
|turn|5
|
|t:|1757683608
|move|p2b: Dondozo|Protect|p2b: Dondozo
|-singleturn|p2b: Dondozo|Protect
|move|p1b: Indeedee|Expanding Force|p2b: Dondozo|[spread] 
|-miss|p1b: Indeedee|p2a: Tatsugiri
|-activate|p2b: Dondozo|move: Protect
|move|p1a: Amoonguss|Pollen Puff|p1b: Indeedee
|-heal|p1b: Indeedee|60/100
|
|-heal|p2b: Dondozo|53/100 psn|[from] item: Leftovers
|-damage|p2b: Dondozo|40/100 psn|[from] psn
|-fieldend|move: Psychic Terrain
|upkeep
|turn|6
|
|t:|1757683616
|move|p1b: Indeedee|Expanding Force|p2b: Dondozo
|-damage|p2b: Dondozo|19/100 psn
|move|p2b: Dondozo|Earthquake|p1b: Indeedee|[spread] p1a,p1b
|-miss|p2b: Dondozo|p2a: Tatsugiri
|-crit|p1a: Amoonguss
|-damage|p1a: Amoonguss|1/100
|-damage|p1b: Indeedee|0 fnt
|faint|p1b: Indeedee
|move|p1a: Amoonguss|Pollen Puff|p1: Indeedee|[notarget]
|-fail|p1a: Amoonguss
|
|-heal|p2b: Dondozo|25/100 psn|[from] item: Leftovers
|-damage|p2b: Dondozo|13/100 psn|[from] psn
|upkeep
|turn|7
|-message|GetaJobApplication forfeited.
|
|win|panqueca25
|raw|GetaJobApplication's rating: 1350 → 1329(-21 for losing)
|raw|panqueca25's rating: 1335 → 1356(+21 for winning)
