|j|☆Aizenmack
|j|☆JayTodd13
|html|AizenmackJayTodd13    
|uhtml|bestof|Game 1 of a best-of-3
|t:|1757938840
|gametype|doubles
|player|p1|Aizenmack|veteran|1155
|player|p2|JayTodd13|ltsurge|1127
|gen|9
|tier|[Gen 9] VGC 2025 Reg H (Bo3)
|rated|
|rule|Species Clause: Limit one of each Pokémon
|rule|Item Clause: Limit 1 of each item
|clearpoke
|poke|p1|Metagross, L50|
|poke|p1|Garchomp, L50, M|
|poke|p1|Kingambit, L50, M|
|poke|p1|Sneasler, L50, F|
|poke|p1|Ninetales-Alola, L50, F|
|poke|p1|Magmar, L50, F|
|poke|p2|Indeedee-F, L50, F|
|poke|p2|Pelipper, L50, F|
|poke|p2|Archaludon, L50, M|
|poke|p2|Primarina, L50, F|
|poke|p2|Sneasler, L50, M|
|poke|p2|Braviary-Hisui, L50, M|
|teampreview|4
|showteam|p1|Metagross||AssaultVest|ClearBody|BulletPunch,HeavySlam,PsychicFangs,StompingTantrum||||||50|,,,,,Flying]Garchomp||LifeOrb|RoughSkin|Earthquake,DragonClaw,Protect,StompingTantrum|||M|||50|,,,,,Steel]Kingambit||BlackGlasses|Defiant|SuckerPunch,SwordsDance,Protect,KowtowCleave|||M|||50|,,,,,Flying]Sneasler||FocusSash|PoisonTouch|FakeOut,CloseCombat,Coaching,DireClaw|||F|||50|,,,,,Flying]Ninetales-Alola||NeverMeltIce|SnowWarning|AuroraVeil,Blizzard,Protect,FreezeDry|||F|||50|,,,,,Ice]Magmar||Eviolite|VitalSpirit|FollowMe,Protect,Overheat,HelpingHand|||F|||50|,,,,,Fire
|showteam|p2|Indeedee-F||SafetyGoggles|PsychicSurge|Imprison,FollowMe,Psychic,TrickRoom|||F|||50|,,,,,Fairy]Pelipper||FocusSash|Drizzle|Tailwind,Hurricane,WeatherBall,Protect|||F|||50|,,,,,Ghost]Archaludon||AssaultVest|Stamina|BodyPress,ElectroShot,DracoMeteor,FlashCannon|||M|||50|,,,,,Grass]Primarina||SitrusBerry|LiquidVoice|HyperVoice,Haze,Moonblast,Protect|||F|||50|,,,,,Water]Sneasler||PsychicSeed|Unburden|CloseCombat,DireClaw,ThroatChop,Protect|||M|||50|,,,,,Stellar]Braviary-Hisui||TwistedSpoon|TintedLens|ExpandingForce,DazzlingGleam,Psyshock,Tailwind|||M|||50|,,,,,Psychic
|inactive|Battle timer is ON: inactive players will automatically lose when time's up. (requested by Aizenmack)
|inactive|Aizenmack has 60 seconds left.
|
|t:|1757938891
|teamsize|p1|4
|teamsize|p2|4
|start
|switch|p1a: Metagross|Metagross, L50, shiny|100/100
|switch|p1b: Sneasler|Sneasler, L50, F|100/100
|switch|p2a: Primarina|Primarina, L50, F|100/100
|switch|p2b: Sneasler|Sneasler, L50, M|100/100
|turn|1
|
|t:|1757938913
|switch|p2b: Pelipper|Pelipper, L50, F|100/100
|-weather|RainDance|[from] ability: Drizzle|[of] p2b: Pelipper
|-terastallize|p2a: Primarina|Water
|move|p1b: Sneasler|Coaching|p1a: Metagross
|-boost|p1a: Metagross|atk|1
|-boost|p1a: Metagross|def|1
|move|p1a: Metagross|Stomping Tantrum|p2b: Pelipper
|-immune|p2b: Pelipper
|move|p2a: Primarina|Hyper Voice|p1b: Sneasler|[spread] p1a,p1b
|-damage|p1a: Metagross|57/100
|-damage|p1b: Sneasler|4/100
|
|-weather|RainDance|[upkeep]
|upkeep
|turn|2
|inactive|Aizenmack has 30 seconds left.
|
|t:|1757938938
|move|p1b: Sneasler|Dire Claw|p2a: Primarina
|-damage|p2a: Primarina|51/100
|move|p2b: Pelipper|Tailwind|p2b: Pelipper
|-sidestart|p2: JayTodd13|move: Tailwind
|move|p2a: Primarina|Hyper Voice|p1b: Sneasler|[spread] p1a,p1b
|-damage|p1a: Metagross|10/100
|-damage|p1b: Sneasler|0 fnt
|faint|p1b: Sneasler
|move|p1a: Metagross|Psychic Fangs|p2b: Pelipper
|-damage|p2b: Pelipper|10/100
|
|-weather|RainDance|[upkeep]
|upkeep
|
|t:|1757938956
|switch|p1b: Ninetales|Ninetales-Alola, L50, F, shiny|100/100
|-weather|Snowscape|[from] ability: Snow Warning|[of] p1b: Ninetales
|turn|3
|
|t:|1757938967
|switch|p2b: Indeedee|Indeedee-F, L50, F|100/100
|-fieldstart|move: Psychic Terrain|[from] ability: Psychic Surge|[of] p2b: Indeedee
|move|p1a: Metagross|Bullet Punch|p2b: Indeedee
|-activate|p2b: Indeedee|move: Psychic Terrain
|move|p1b: Ninetales|Freeze-Dry|p2a: Primarina
|-supereffective|p2a: Primarina
|-damage|p2a: Primarina|7/100
|-enditem|p2a: Primarina|Sitrus Berry|[eat]
|-heal|p2a: Primarina|31/100|[from] item: Sitrus Berry
|move|p2a: Primarina|Hyper Voice|p1b: Ninetales|[spread] p1a,p1b
|-damage|p1a: Metagross|0 fnt
|-damage|p1b: Ninetales|45/100
|faint|p1a: Metagross
|
|-weather|Snowscape|[upkeep]
|upkeep
|
|t:|1757938979
|switch|p1a: Garchomp|Garchomp, L50, M, shiny|100/100
|turn|4
|
|t:|1757938994
|switch|p2b: Pelipper|Pelipper, L50, F|10/100
|-weather|RainDance|[from] ability: Drizzle|[of] p2b: Pelipper
|-terastallize|p1a: Garchomp|Steel
|move|p1b: Ninetales|Protect|p1b: Ninetales
|-singleturn|p1b: Ninetales|Protect
|move|p1a: Garchomp|Earthquake|p2a: Primarina|[spread] p2a
|-activate|p1b: Ninetales|move: Protect
|-immune|p2b: Pelipper
|-damage|p2a: Primarina|0 fnt
|faint|p2a: Primarina
|-damage|p1a: Garchomp|91/100|[from] item: Life Orb
|
|-weather|RainDance|[upkeep]
|upkeep
|
|t:|1757939004
|switch|p2a: Sneasler|Sneasler, L50, M|100/100
|-enditem|p2a: Sneasler|Psychic Seed
|-boost|p2a: Sneasler|spd|1|[from] item: Psychic Seed
|turn|5
|l|☆Aizenmack
|inactive|Aizenmack disconnected and has a minute to reconnect!
|player|p1|
|j|☆Aizenmack
|inactive|Aizenmack reconnected and has 40 seconds left.
|player|p1|Aizenmack|veteran|
|
|t:|1757939026
|move|p2a: Sneasler|Close Combat|p1a: Garchomp
|-supereffective|p1a: Garchomp
|-damage|p1a: Garchomp|0 fnt
|-unboost|p2a: Sneasler|def|1
|-unboost|p2a: Sneasler|spd|1
|-damage|p2a: Sneasler|88/100|[from] ability: Rough Skin|[of] p1a: Garchomp
|faint|p1a: Garchomp
|move|p2b: Pelipper|Weather Ball|p1b: Ninetales
|-damage|p1b: Ninetales|0 fnt
|faint|p1b: Ninetales
|
|win|JayTodd13
||Aizenmack is ready for game 2.
|inactive|JayTodd13 has 30 seconds to confirm battle start!
||JayTodd13 is ready for game 2.
|uhtml|next|Next: Game 2 of 3
