|j|☆hahadontcare
|j|☆repo2
|html|hahadontcarerepo2    
|uhtml|bestof|Game 2 of a best-of-3
|t:|1785773298
|gametype|doubles
|player|p1|hahadontcare|rocketgruntf|1000
|player|p2|repo2|pokemonrangerf|1095
|gen|9
|tier|[Gen 9 Champions] VGC 2026 Reg M-B (Bo3)
|rated|
|rule|Species Clause: Limit one of each Pokémon
|rule|Item Clause: Limit 1 of each item
|clearpoke
|poke|p1|Sinistcha, L50|
|poke|p1|Rotom-Wash, L50|
|poke|p1|Garchomp, L50, M|
|poke|p1|Incineroar, L50, F|
|poke|p1|Zoroark-Hisui, L50, F|
|poke|p1|Lucario, L50, M|
|poke|p2|Staraptor, L50, M|
|poke|p2|Farigiraf, L50, F|
|poke|p2|Incineroar, L50, M|
|poke|p2|Floette-Eternal, L50, F|
|poke|p2|Excadrill, L50, F|
|poke|p2|Milotic, L50, M|
|teampreview|4
|showteam|p1|Sinistcha||Leftovers|Hospitality|RagePowder,StrengthSap,MatchaGotcha,Protect|Bold|||||50|]Rotom-Wash||SitrusBerry|Levitate|HydroPump,Thunderbolt,Hex,WillOWisp|Timid|||||50|]Garchomp||RoseliBerry|RoughSkin|Earthquake,RockSlide,DragonClaw,DracoMeteor|Naive||M|||50|]Incineroar||Charcoal|Intimidate|FakeOut,TemperFlare,DrainPunch,SleepTalk|Adamant||F|||50|]Zoroark-Hisui||FocusSash|Illusion|Imprison,Poltergeist,FakeTears,FocusBlast|Hasty||F|||50|]Lucario||Lucarionite|InnerFocus|NastyPlot,AuraSphere,FlashCannon,Protect|Timid||M|||50|
|showteam|p2|Staraptor||ChoiceScarf|Intimidate|FinalGambit,CloseCombat,Uturn,BraveBird|Jolly||M|||50|]Farigiraf||SitrusBerry|ArmorTail|TrickRoom,Psychic,Thunderbolt,HelpingHand|Bold||F|||50|]Incineroar||FocusSash|Intimidate|FakeOut,PartingShot,FlareBlitz,ThroatChop|Adamant||M|||50|]Floette-Eternal||Floettite|FlowerVeil|DazzlingGleam,Protect,CalmMind,DrainingKiss|Modest||F|||50|]Excadrill||LifeOrb|MoldBreaker|IronHead,HighHorsepower,Protect,RockSlide|Jolly||F|||50|]Milotic||Leftovers|Competitive|MuddyWater,Hypnosis,Coil,Recover|Calm||M|||50|
|inactive|Battle timer is ON: inactive players will automatically lose when time's up. (requested by repo2)
|inactive|hahadontcare has 60 seconds left.
|
|t:|1785773343
|teamsize|p1|4
|teamsize|p2|4
|start
|switch|p1a: Rotom|Rotom-Wash, L50|100/100
|switch|p1b: Lucario|Lucario, L50, M|100/100
|switch|p2a: Staraptor|Staraptor, L50, M|100/100
|switch|p2b: Floette|Floette-Eternal, L50, F|100/100
|-ability|p2a: Staraptor|Intimidate|boost
|-unboost|p1a: Rotom|atk|1
|-fail|p1b: Lucario|unboost|Attack|[from] ability: Inner Focus|[of] p1b: Lucario
|turn|1
|inactive|hahadontcare has 30 seconds left.
|
|t:|1785773377
|switch|p2b: Incineroar|Incineroar, L50, M|100/100
|-ability|p2b: Incineroar|Intimidate|boost
|-unboost|p1a: Rotom|atk|1
|-fail|p1b: Lucario|unboost|Attack|[from] ability: Inner Focus|[of] p1b: Lucario
|detailschange|p1b: Lucario|Lucario-Mega, L50, M
|-mega|p1b: Lucario|Lucario|Lucarionite
|move|p2a: Staraptor|U-turn|p1b: Lucario
|-resisted|p1b: Lucario|2
|-damage|p1b: Lucario|93/100
|
|t:|1785773383
|switch|p2a: Farigiraf|Farigiraf, L50, F|100/100|[from] U-turn
|move|p1b: Lucario|Nasty Plot|p1b: Lucario
|-boost|p1b: Lucario|spa|2
|move|p1a: Rotom|Will-O-Wisp|p2a: Farigiraf
|-status|p2a: Farigiraf|brn
|
|-damage|p2a: Farigiraf|93/100 brn|[from] brn
|upkeep
|turn|2
|
|t:|1785773406
|move|p1b: Lucario|Protect|p1b: Lucario
|-singleturn|p1b: Lucario|Protect
|move|p2b: Incineroar|Fake Out|p1b: Lucario
|-activate|p1b: Lucario|move: Protect
|move|p1a: Rotom|Hydro Pump|p2b: Incineroar
|-supereffective|p2b: Incineroar|1
|-enditem|p2b: Incineroar|Focus Sash
|-damage|p2b: Incineroar|1/100
|move|p2a: Farigiraf|Trick Room|p2a: Farigiraf
|-fieldstart|move: Trick Room|[of] p2a: Farigiraf
|
|-damage|p2a: Farigiraf|87/100 brn|[from] brn
|upkeep
|turn|3
|inactive|hahadontcare has 30 seconds left.
|
|t:|1785773439
|move|p2a: Farigiraf|Psychic|p1a: Rotom
|-damage|p1a: Rotom|55/100
|move|p2b: Incineroar|Flare Blitz|p1b: Lucario
|-supereffective|p1b: Lucario|1
|-damage|p1b: Lucario|0 fnt
|faint|p1b: Lucario
|-damage|p2b: Incineroar|0 fnt|[from] Recoil
|faint|p2b: Incineroar
|move|p1a: Rotom|Thunderbolt|p2a: Farigiraf
|-damage|p2a: Farigiraf|49/100 brn
|-enditem|p2a: Farigiraf|Sitrus Berry|[eat]
|-heal|p2a: Farigiraf|74/100 brn|[from] item: Sitrus Berry
|
|-damage|p2a: Farigiraf|68/100 brn|[from] brn
|upkeep
|
|t:|1785773454
|switch|p2b: Floette|Floette-Eternal, L50, F|100/100
|switch|p1b: Sinistcha|Sinistcha, L50|100/100
|-heal|p1a: Rotom|79/100|[from] ability: Hospitality|[of] p1b: Sinistcha
|turn|4
|inactive|hahadontcare has 30 seconds left.
|
|t:|1785773484
|detailschange|p2b: Floette|Floette-Mega, L50, F
|-mega|p2b: Floette|Floette|Floettite
|-ability|p2b: Floette|Fairy Aura
|move|p1b: Sinistcha|Rage Powder|p1b: Sinistcha
|-singleturn|p1b: Sinistcha|move: Rage Powder
|move|p2a: Farigiraf|Psychic|p1b: Sinistcha
|-damage|p1b: Sinistcha|64/100
|move|p2b: Floette|Calm Mind|p2b: Floette
|-boost|p2b: Floette|spa|1
|-boost|p2b: Floette|spd|1
|move|p1a: Rotom|Hydro Pump|p2b: Floette
|-damage|p2b: Floette|74/100
|
|-heal|p1b: Sinistcha|70/100|[from] item: Leftovers
|-damage|p2a: Farigiraf|62/100 brn|[from] brn
|upkeep
|turn|5
|
|t:|1785773501
|move|p2a: Farigiraf|Helping Hand|p2b: Floette
|-singleturn|p2b: Floette|Helping Hand|[of] p2a: Farigiraf
|move|p1b: Sinistcha|Matcha Gotcha|p2a: Farigiraf|[spread] p2a,p2b
|-damage|p2a: Farigiraf|39/100 brn
|-heal|p1b: Sinistcha|84/100|[from] drain|[of] p2a: Farigiraf
|-damage|p2b: Floette|62/100
|-heal|p1b: Sinistcha|91/100|[from] drain|[of] p2b: Floette
|move|p2b: Floette|Dazzling Gleam|p1b: Sinistcha|[spread] p1a,p1b
|-damage|p1a: Rotom|0 fnt
|-damage|p1b: Sinistcha|0 fnt
|faint|p1a: Rotom
|faint|p1b: Sinistcha
|
|-damage|p2a: Farigiraf|32/100 brn|[from] brn
|upkeep
|-message|hahadontcare forfeited.
|
|win|repo2
|l|☆hahadontcare
|player|p1|
