|j|☆streetlightking
|j|☆MiroKart 8 Deluxe
|html|streetlightkingMiroKart 8 Deluxe    
|uhtml|bestof|Game 3 of a best-of-3
|t:|1756155126
|gametype|doubles
|player|p1|streetlightking|morty|1304
|player|p2|MiroKart 8 Deluxe|2|1334
|gen|9
|tier|[Gen 9] VGC 2025 Reg H (Bo3)
|rated|
|rule|Species Clause: Limit one of each Pokémon
|rule|Item Clause: Limit 1 of each item
|clearpoke
|poke|p1|Dragapult, L50, F|
|poke|p1|Rillaboom, L50, F|
|poke|p1|Kingambit, L50, M|
|poke|p1|Politoed, L50, F|
|poke|p1|Magmar, L50, F|
|poke|p1|Sneasler, L50, F|
|poke|p2|Rillaboom, L50, M|
|poke|p2|Kingambit, L50, F|
|poke|p2|Dragapult, L50, M|
|poke|p2|Sneasler, L50, M|
|poke|p2|Primarina, L50, F|
|poke|p2|Electabuzz, L50, M|
|teampreview|4
|showteam|p1|Dragapult||ChoiceBand|ClearBody|DragonDarts,Outrage,PhantomForce,Uturn|||F|||50|,,,,,Dragon]Rillaboom||AssaultVest|GrassySurge|WoodHammer,GrassyGlide,HighHorsepower,FakeOut|||F|||50|,,,,,Fire]Kingambit||SafetyGoggles|Defiant|KowtowCleave,SuckerPunch,SwordsDance,Protect|||M|||50|,,,,,Dark]Politoed||MysticWater|Drizzle|WeatherBall,MuddyWater,Haze,Protect|||F|||50|,,,,,Steel]Magmar||Eviolite|VitalSpirit|Overheat,HelpingHand,FollowMe,Protect|||F|||50|,,,,,Ghost]Sneasler||FocusSash|PoisonTouch|CloseCombat,DireClaw,FakeOut,Protect|||F|||50|,,,,,Stellar
|showteam|p2|Rillaboom||AssaultVest|GrassySurge|FakeOut,GrassyGlide,WoodHammer,Uturn|||M|||50|,,,,,Fire]Kingambit||SafetyGoggles|Defiant|KowtowCleave,SuckerPunch,SwordsDance,Protect|||F|||50|,,,,,Dark]Dragapult||ChoiceBand|ClearBody|DragonDarts,Outrage,Uturn,PhantomForce|||M|||50|,,,,,Dragon]Sneasler||FocusSash|PoisonTouch|DireClaw,CloseCombat,FakeOut,Protect|||M|||50|,,,,,Stellar]Primarina||ThroatSpray|LiquidVoice|HyperVoice,Moonblast,Haze,Protect|||F|||50|,,,,,Poison]Electabuzz||Eviolite|VitalSpirit|FollowMe,Taunt,Electroweb,Protect|||M|||50|,,,,,Fairy
|inactive|Battle timer is ON: inactive players will automatically lose when time's up. (requested by streetlightking)
|
|t:|1756155150
|teamsize|p1|4
|teamsize|p2|4
|start
|switch|p1a: Dragapult|Dragapult, L50, F, shiny|100/100
|switch|p1b: Magmar|Magmar, L50, F, shiny|100/100
|switch|p2a: Dragapult|Dragapult, L50, M|100/100
|switch|p2b: Sneasler|Sneasler, L50, M|100/100
|turn|1
|
|t:|1756155166
|-terastallize|p2a: Dragapult|Dragon
|-terastallize|p1b: Magmar|Ghost
|move|p2b: Sneasler|Fake Out|p1b: Magmar
|-immune|p1b: Magmar
|move|p1b: Magmar|Follow Me|p1b: Magmar
|-singleturn|p1b: Magmar|move: Follow Me
|move|p2a: Dragapult|Dragon Darts|p1b: Magmar
|-damage|p1b: Magmar|62/100
|-anim|p2a: Dragapult|Dragon Darts|p1b: Magmar
|-damage|p1b: Magmar|18/100
|move|p1a: Dragapult|Dragon Darts|p2a: Dragapult
|-supereffective|p2a: Dragapult
|-damage|p2a: Dragapult|0 fnt
|-anim|p1a: Dragapult|Dragon Darts|p2b: Sneasler
|-damage|p2b: Sneasler|33/100
|faint|p2a: Dragapult
|
|upkeep
|
|t:|1756155184
|switch|p2a: Electabuzz|Electabuzz, L50, M|100/100
|turn|2
|j| teamthief420
|
|t:|1756155195
|move|p1b: Magmar|Helping Hand|p1a: Dragapult
|-singleturn|p1a: Dragapult|Helping Hand|[of] p1b: Magmar
|move|p2b: Sneasler|Protect|p2b: Sneasler
|-singleturn|p2b: Sneasler|Protect
|move|p1a: Dragapult|Dragon Darts|p2a: Electabuzz
|-damage|p2a: Electabuzz|53/100
|-anim|p1a: Dragapult|Dragon Darts|p2a: Electabuzz
|-damage|p2a: Electabuzz|12/100
|move|p2a: Electabuzz|Electroweb|p1b: Magmar|[spread] p1a,p1b
|-resisted|p1a: Dragapult
|-damage|p1a: Dragapult|93/100
|-damage|p1b: Magmar|7/100
|-unboost|p1b: Magmar|spe|1
|
|upkeep
|turn|3
|
|t:|1756155210
|move|p1b: Magmar|Helping Hand|p1a: Dragapult
|-singleturn|p1a: Dragapult|Helping Hand|[of] p1b: Magmar
|move|p2a: Electabuzz|Follow Me|p2a: Electabuzz
|-singleturn|p2a: Electabuzz|move: Follow Me
|move|p1a: Dragapult|Dragon Darts|p2a: Electabuzz
|-damage|p2a: Electabuzz|0 fnt
|faint|p2a: Electabuzz
|move|p2b: Sneasler|Dire Claw|p1a: Dragapult
|-resisted|p1a: Dragapult
|-damage|p1a: Dragapult|65/100
|
|upkeep
|
|t:|1756155222
|switch|p2a: Rillaboom|Rillaboom, L50, M|100/100
|-fieldstart|move: Grassy Terrain|[from] ability: Grassy Surge|[of] p2a: Rillaboom
|turn|4
|
|t:|1756155230
|move|p1b: Magmar|Helping Hand|p1a: Dragapult
|-singleturn|p1a: Dragapult|Helping Hand|[of] p1b: Magmar
|move|p2a: Rillaboom|Grassy Glide|p1a: Dragapult
|-resisted|p1a: Dragapult
|-damage|p1a: Dragapult|41/100
|move|p1a: Dragapult|Dragon Darts|p2b: Sneasler
|-damage|p2b: Sneasler|0 fnt
|-anim|p1a: Dragapult|Dragon Darts|p2a: Rillaboom
|-damage|p2a: Rillaboom|49/100
|faint|p2b: Sneasler
|
|-heal|p1a: Dragapult|47/100|[from] Grassy Terrain
|-heal|p2a: Rillaboom|55/100|[from] Grassy Terrain
|-heal|p1b: Magmar|13/100|[from] Grassy Terrain
|upkeep
|turn|5
|-message|MiroKart 8 Deluxe forfeited.
|raw|streetlightking's rating: 1304 → 1326(+22 for winning)
|raw|MiroKart 8 Deluxe's rating: 1334 → 1312(-22 for losing)
|
|win|streetlightking
|l|☆MiroKart 8 Deluxe
|player|p2|
