|j|☆VenuDaAsco
|j|☆Aeon_Twins
|html|VenuDaAscoAeon_Twins    
|uhtml|bestof|Game 3 of a best-of-3
|t:|1782420493
|gametype|doubles
|player|p1|VenuDaAsco|169|1325
|player|p2|Aeon_Twins|n|1290
|gen|9
|tier|[Gen 9 Champions] VGC 2026 Reg M-B (Bo3)
|rated|
|rule|Species Clause: Limit one of each Pokémon
|rule|Item Clause: Limit 1 of each item
|clearpoke
|poke|p1|Garchomp, L50, M, shiny|
|poke|p1|Charizard, L50, M, shiny|
|poke|p1|Whimsicott, L50, M, shiny|
|poke|p1|Farigiraf, L50, M, shiny|
|poke|p1|Basculegion, L50, M, shiny|
|poke|p1|Sylveon, L50, M, shiny|
|poke|p2|Raichu, L50, M|
|poke|p2|Mawile, L50, F|
|poke|p2|Sinistcha, L50|
|poke|p2|Ceruledge, L50, M|
|poke|p2|Milotic, L50, F|
|poke|p2|Incineroar, L50, M|
|teampreview|4
|showteam|p1|Garchomp||LifeOrb|RoughSkin|Earthquake,DragonClaw,RockSlide,Protect|Jolly||M|||50|]Charizard||CharizarditeY|SolarPower|HeatWave,WeatherBall,SolarBeam,Protect|Modest||M|||50|]Whimsicott||CobaBerry|Prankster|Moonblast,Tailwind,Encore,Protect|Timid||M|||50|]Farigiraf||SitrusBerry|ArmorTail|TwinBeam,FoulPlay,HelpingHand,TrickRoom|Bold||M|||50|]Basculegion||MysticWater|Adaptability|WaveCrash,LastRespects,AquaJet,Protect|Adamant||M|||50|]Sylveon||FairyFeather|Pixilate|HyperVoice,HyperBeam,QuickAttack,Detect|Modest||M|||50|
|showteam|p2|Raichu||RaichuniteY|LightningRod|ZapCannon,FocusBlast,FakeOut,Protect|Timid||M|||50|]Mawile||Mawilite|HyperCutter|PlayRough,SuckerPunch,SwordsDance,Protect|Adamant||F|||50|]Sinistcha||KasibBerry|Hospitality|MatchaGotcha,LifeDew,RagePowder,Protect|Relaxed|||||50|]Ceruledge||ColburBerry|FlashFire|BitterBlade,ShadowSneak,BulkUp,Protect|Adamant||M|||50|]Milotic||Leftovers|Competitive|MuddyWater,Coil,Hypnosis,Protect|Calm||F|||50|]Incineroar||SitrusBerry|Intimidate|FlareBlitz,ThroatChop,FakeOut,PartingShot|Impish||M|||50|
|inactive|Battle timer is ON: inactive players will automatically lose when time's up. (requested by VenuDaAsco)
|inactive|VenuDaAsco has 60 seconds left.
|inactive|Aeon_Twins has 60 seconds left.
|
|t:|1782420540
|teamsize|p1|4
|teamsize|p2|4
|start
|switch|p1a: Whimsicott|Whimsicott, L50, M, shiny|100/100
|switch|p1b: Sylveon|Sylveon, L50, M, shiny|100/100
|switch|p2a: Ceruledge|Ceruledge, L50, M|100/100
|switch|p2b: Incineroar|Incineroar, L50, M|100/100
|-ability|p2b: Incineroar|Intimidate|boost
|-unboost|p1a: Whimsicott|atk|1
|-unboost|p1b: Sylveon|atk|1
|turn|1
|
|t:|1782420549
|switch|p1b: Garchomp|Garchomp, L50, M, shiny|100/100
|move|p1a: Whimsicott|Protect|p1a: Whimsicott
|-singleturn|p1a: Whimsicott|Protect
|move|p2a: Ceruledge|Bitter Blade|p1a: Whimsicott
|-activate|p1a: Whimsicott|move: Protect
|move|p2b: Incineroar|Throat Chop|p1b: Garchomp
|-damage|p1b: Garchomp|71/100
|-start|p1b: Garchomp|Throat Chop|[silent]
|-damage|p2b: Incineroar|87/100|[from] ability: Rough Skin|[of] p1b: Garchomp
|
|upkeep
|turn|2
|inactive|Aeon_Twins has 30 seconds left.
|inactive|Aeon_Twins has 20 seconds left.
|
|t:|1782420586
|move|p1a: Whimsicott|Moonblast|p2b: Incineroar
|-damage|p2b: Incineroar|63/100
|move|p1b: Garchomp|Earthquake|p2b: Incineroar|[spread] p1a,p2a,p2b
|-resisted|p1a: Whimsicott|1
|-supereffective|p2a: Ceruledge|1
|-supereffective|p2b: Incineroar|1
|-damage|p1a: Whimsicott|71/100
|-damage|p2a: Ceruledge|0 fnt
|-damage|p2b: Incineroar|0 fnt
|faint|p2a: Ceruledge
|faint|p2b: Incineroar
|-damage|p1b: Garchomp|61/100|[from] item: Life Orb
|
|-end|p1b: Garchomp|Throat Chop|[silent]
|upkeep
|
|t:|1782420592
|switch|p2a: Sinistcha|Sinistcha, L50|100/100
|switch|p2b: Milotic|Milotic, L50, F|100/100
|turn|3
|
|t:|1782420608
|move|p1a: Whimsicott|Protect|p1a: Whimsicott
|-singleturn|p1a: Whimsicott|Protect
|move|p1b: Garchomp|Dragon Claw|p2a: Sinistcha
|-damage|p2a: Sinistcha|57/100
|-damage|p1b: Garchomp|51/100|[from] item: Life Orb
|move|p2b: Milotic|Hypnosis|p1a: Whimsicott
|-activate|p1a: Whimsicott|move: Protect
|move|p2a: Sinistcha|Matcha Gotcha|p1b: Garchomp|[spread] p1b
|-activate|p1a: Whimsicott|move: Protect
|-damage|p1b: Garchomp|24/100
|-heal|p2a: Sinistcha|72/100|[from] drain|[of] p1b: Garchomp
|-status|p1b: Garchomp|brn
|
|-damage|p1b: Garchomp|18/100 brn|[from] brn
|upkeep
|turn|4
|
|t:|1782420625
|move|p1a: Whimsicott|Encore|p2b: Milotic
|-start|p2b: Milotic|Encore
|move|p1b: Garchomp|Rock Slide|p2a: Sinistcha|[spread] p2a,p2b
|-damage|p2a: Sinistcha|60/100
|-damage|p2b: Milotic|90/100
|-damage|p1b: Garchomp|8/100 brn|[from] item: Life Orb
|move|p2b: Milotic|Hypnosis|p1a: Whimsicott|[miss]
|-miss|p2b: Milotic|p1a: Whimsicott
|cant|p2a: Sinistcha|flinch
|
|-heal|p2b: Milotic|96/100|[from] item: Leftovers
|-damage|p1b: Garchomp|2/100 brn|[from] brn
|upkeep
|turn|5
|
|t:|1782420635
|move|p1a: Whimsicott|Protect|p1a: Whimsicott
|-singleturn|p1a: Whimsicott|Protect
|move|p2a: Sinistcha|Protect|p2a: Sinistcha
|-singleturn|p2a: Sinistcha|Protect
|move|p1b: Garchomp|Dragon Claw|p2b: Milotic
|-crit|p2b: Milotic
|-damage|p2b: Milotic|59/100
|-damage|p1b: Garchomp|0 fnt|[from] item: Life Orb
|faint|p1b: Garchomp
|move|p2b: Milotic|Hypnosis|p1a: Whimsicott
|-activate|p1a: Whimsicott|move: Protect
|
|-heal|p2b: Milotic|65/100|[from] item: Leftovers
|upkeep
|
|t:|1782420638
|switch|p1b: Charizard|Charizard, L50, M, shiny|100/100
|turn|6
|
|t:|1782420653
|move|p1b: Charizard|Protect|p1b: Charizard
|-singleturn|p1b: Charizard|Protect
|move|p1a: Whimsicott|Moonblast|p2b: Milotic
|-damage|p2b: Milotic|49/100
|move|p2b: Milotic|Hypnosis|p1a: Whimsicott
|-status|p1a: Whimsicott|slp|[from] move: Hypnosis
|move|p2a: Sinistcha|Matcha Gotcha|p1b: Charizard|[spread] p1a
|-activate|p1b: Charizard|move: Protect
|-resisted|p1a: Whimsicott|1
|-damage|p1a: Whimsicott|53/100 slp
|-heal|p2a: Sinistcha|68/100|[from] drain|[of] p1a: Whimsicott
|
|-heal|p2b: Milotic|54/100|[from] item: Leftovers
|-end|p2b: Milotic|Encore
|upkeep
|turn|7
|c|☆VenuDaAsco|the luck is real bro xD
|inactive|Aeon_Twins has 30 seconds left.
|inactive|Aeon_Twins has 20 seconds left.
|c|☆Aeon_Twins|heat wave and gg bro ahahaha
|inactive|Aeon_Twins has 15 seconds left.
|
|t:|1782420694
|detailschange|p1b: Charizard|Charizard-Mega-Y, L50, M, shiny
|-mega|p1b: Charizard|Charizard|Charizardite Y
|-weather|SunnyDay|[from] ability: Drought|[of] p1b: Charizard
|move|p2b: Milotic|Protect|p2b: Milotic
|-singleturn|p2b: Milotic|Protect
|move|p2a: Sinistcha|Rage Powder|p2a: Sinistcha
|-singleturn|p2a: Sinistcha|move: Rage Powder
|cant|p1a: Whimsicott|slp
|move|p1b: Charizard|Weather Ball|p2a: Sinistcha
|-supereffective|p2a: Sinistcha|1
|-damage|p2a: Sinistcha|0 fnt
|faint|p2a: Sinistcha
|
|-weather|SunnyDay|[upkeep]
|-heal|p2b: Milotic|60/100|[from] item: Leftovers
|upkeep
|turn|8
|c|☆Aeon_Twins|you wasted 1 turn with that protect
|-message|Aeon_Twins forfeited.
|
|win|VenuDaAsco
|raw|VenuDaAsco's rating: 1325 → 1343(+18 for winning)
|raw|Aeon_Twins's rating: 1290 → 1268(-22 for losing)
|l|☆VenuDaAsco
|player|p1|
