|j|☆SuprEpcGuy
|j|☆blizzardspamming
|html|SuprEpcGuyblizzardspamming    
|uhtml|bestof|Game 1 of a best-of-3
|t:|1784049503
|gametype|doubles
|player|p1|SuprEpcGuy|shauntal|1244
|player|p2|blizzardspamming|clair|1312
|gen|9
|tier|[Gen 9 Champions] VGC 2026 Reg M-B (Bo3)
|rated|
|rule|Species Clause: Limit one of each Pokémon
|rule|Item Clause: Limit 1 of each item
|clearpoke
|poke|p1|Zoroark-Hisui, L50, F|
|poke|p1|Aerodactyl, L50, M|
|poke|p1|Kingambit, L50, F, shiny|
|poke|p1|Basculegion, L50, M|
|poke|p1|Incineroar, L50, M|
|poke|p1|Sylveon, L50, F|
|poke|p2|Gengar, L50, M|
|poke|p2|Ninetales-Alola, L50, M|
|poke|p2|Incineroar, L50, F|
|poke|p2|Mamoswine, L50, F|
|poke|p2|Sneasler, L50, F|
|poke|p2|Hydreigon, L50, M|
|teampreview|4
|showteam|p1|Zoroark-Hisui||FocusSash|Illusion|ShadowBall,WillOWisp,Taunt,Protect|Timid||F|||50|]Aerodactyl||Aerodactylite|RockHead|RockSlide,IceFang,DualWingbeat,Tailwind|Jolly||M|||50|]Kingambit||ChopleBerry|Defiant|SuckerPunch,KowtowCleave,LowKick,Protect|Adamant||F|||50|]Basculegion||MysticWater|Adaptability|AquaJet,Liquidation,LastRespects,Protect|Adamant||M|||50|]Incineroar||SitrusBerry|Intimidate|FlareBlitz,ThroatChop,PartingShot,FakeOut|Careful||M|||50|]Sylveon||FairyFeather|Pixilate|HyperVoice,QuickAttack,HyperBeam,Protect|Modest||F|||50|
|showteam|p2|Gengar||Gengarite|CursedBody|ShadowBall,SludgeBomb,Disable,Protect|Modest||M|||50|]Ninetales-Alola||OccaBerry|SnowWarning|Blizzard,FreezeDry,Encore,Protect|Timid||M|||50|]Incineroar||SitrusBerry|Intimidate|FakeOut,FlareBlitz,DarkestLariat,PartingShot|Sassy||F|||50|]Mamoswine||LifeOrb|Oblivious|IceShard,HighHorsepower,Earthquake,Protect|Jolly||F|||50|]Sneasler||FocusSash|PoisonTouch|FakeOut,CloseCombat,DireClaw,QuickGuard|Jolly||F|||50|]Hydreigon||ChoiceScarf|Levitate|DracoMeteor,DarkPulse,Snarl,EarthPower|Modest||M|||50|
|inactive|Battle timer is ON: inactive players will automatically lose when time's up. (requested by SuprEpcGuy)
|inactive|SuprEpcGuy has 60 seconds left.
|inactive|blizzardspamming has 60 seconds left.
|
|t:|1784049550
|teamsize|p1|4
|teamsize|p2|4
|start
|switch|p1a: Big Purr|Incineroar, L50, M|100/100
|switch|p1b: Freight|Aerodactyl, L50, M|100/100
|switch|p2a: Mamoswine|Mamoswine, L50, F|100/100
|switch|p2b: Hydreigon|Hydreigon, L50, M|100/100
|-ability|p1a: Big Purr|Intimidate|boost
|-fail|p2a: Mamoswine|unboost|Attack|[from] ability: Oblivious|[of] p2a: Mamoswine
|-unboost|p2b: Hydreigon|atk|1
|turn|1
|inactive|SuprEpcGuy has 30 seconds left.
|inactive|SuprEpcGuy has 20 seconds left.
|inactive|SuprEpcGuy has 15 seconds left.
|inactive|SuprEpcGuy has 10 seconds left.
|
|t:|1784049595
|detailschange|p1b: Freight|Aerodactyl-Mega, L50, M
|-mega|p1b: Freight|Aerodactyl|Aerodactylite
|move|p1a: Big Purr|Fake Out|p2b: Hydreigon
|-damage|p2b: Hydreigon|88/100
|move|p2a: Mamoswine|Ice Shard|p1b: Freight
|-supereffective|p1b: Freight|1
|-damage|p1b: Freight|23/100
|-damage|p2a: Mamoswine|90/100|[from] item: Life Orb
|cant|p2b: Hydreigon|flinch
|move|p1b: Freight|Tailwind|p1b: Freight
|-sidestart|p1: SuprEpcGuy|move: Tailwind
|
|upkeep
|turn|2
|inactive|SuprEpcGuy has 30 seconds left.
|
|t:|1784049624
|switch|p1b: Reverence|Basculegion, L50, M|100/100
|switch|p2a: Incineroar|Incineroar, L50, F|100/100
|-ability|p2a: Incineroar|Intimidate|boost
|-unboost|p1a: Big Purr|atk|1
|-unboost|p1b: Reverence|atk|1
|move|p2b: Hydreigon|Earth Power|p1a: Big Purr
|-supereffective|p1a: Big Purr|1
|-damage|p1a: Big Purr|44/100
|-enditem|p1a: Big Purr|Sitrus Berry|[eat]
|-heal|p1a: Big Purr|69/100|[from] item: Sitrus Berry
|move|p1a: Big Purr|Parting Shot|p2b: Hydreigon
|-unboost|p2b: Hydreigon|atk|1
|-unboost|p2b: Hydreigon|spa|1
|
|t:|1784049636
|switch|p1a: Paraselene|Kingambit, L50, F, shiny|100/100|[from] Parting Shot
|
|upkeep
|turn|3
|
|t:|1784049661
|switch|p1a: Freight|Aerodactyl-Mega, L50, M|23/100
|move|p2b: Hydreigon|Earth Power|p1a: Freight
|-immune|p1a: Freight
|move|p1b: Reverence|Liquidation|p2a: Incineroar
|-supereffective|p2a: Incineroar|1
|-damage|p2a: Incineroar|24/100
|-enditem|p2a: Incineroar|Sitrus Berry|[eat]
|-heal|p2a: Incineroar|49/100|[from] item: Sitrus Berry
|move|p2a: Incineroar|Parting Shot|p1b: Reverence
|-unboost|p1b: Reverence|atk|1
|-unboost|p1b: Reverence|spa|1
|
|t:|1784049669
|switch|p2a: Mamoswine|Mamoswine, L50, F|90/100|[from] Parting Shot
|
|upkeep
|turn|4
|inactive|SuprEpcGuy has 30 seconds left.
|
|t:|1784049699
|switch|p1a: Big Purr|Incineroar, L50, M|69/100
|-ability|p1a: Big Purr|Intimidate|boost
|-fail|p2a: Mamoswine|unboost|Attack|[from] ability: Oblivious|[of] p2a: Mamoswine
|-unboost|p2b: Hydreigon|atk|1
|switch|p2b: Incineroar|Incineroar, L50, F|49/100
|-ability|p2b: Incineroar|Intimidate|boost
|-unboost|p1a: Big Purr|atk|1
|-unboost|p1b: Reverence|atk|1
|move|p2a: Mamoswine|Protect|p2a: Mamoswine
|-singleturn|p2a: Mamoswine|Protect
|move|p1b: Reverence|Liquidation|p2a: Mamoswine
|-activate|p2a: Mamoswine|move: Protect
|
|-sideend|p1: SuprEpcGuy|move: Tailwind
|upkeep
|turn|5
|
|t:|1784049718
|switch|p1b: Freight|Aerodactyl-Mega, L50, M|23/100
|switch|p2b: Hydreigon|Hydreigon, L50, M|88/100
|move|p1a: Big Purr|Fake Out|p2a: Mamoswine
|-damage|p2a: Mamoswine|82/100
|cant|p2a: Mamoswine|flinch
|
|upkeep
|turn|6
|inactive|SuprEpcGuy has 30 seconds left.
|
|t:|1784049745
|switch|p1b: Reverence|Basculegion, L50, M|100/100
|move|p2b: Hydreigon|Dark Pulse|p1b: Reverence
|-supereffective|p1b: Reverence|1
|-damage|p1b: Reverence|14/100
|move|p2a: Mamoswine|Earthquake|p1a: Big Purr|[spread] p1a,p1b
|-immune|p2b: Hydreigon|[from] ability: Levitate
|-supereffective|p1a: Big Purr|1
|-damage|p1a: Big Purr|0 fnt
|-damage|p1b: Reverence|0 fnt
|faint|p1a: Big Purr
|faint|p1b: Reverence
|-damage|p2a: Mamoswine|73/100|[from] item: Life Orb
|
|upkeep
|
|t:|1784049751
|switch|p1b: Freight|Aerodactyl-Mega, L50, M|23/100
|switch|p1a: Paraselene|Kingambit, L50, F, shiny|100/100
|turn|7
|
|t:|1784049772
|move|p2a: Mamoswine|Ice Shard|p1b: Freight
|-supereffective|p1b: Freight|1
|-damage|p1b: Freight|0 fnt
|faint|p1b: Freight
|-damage|p2a: Mamoswine|63/100|[from] item: Life Orb
|move|p1a: Paraselene|Sucker Punch||[still]
|-fail|p1a: Paraselene
|move|p2b: Hydreigon|Dark Pulse|p1a: Paraselene
|-resisted|p1a: Paraselene|1
|-damage|p1a: Paraselene|76/100
|
|upkeep
|turn|8
|-message|SuprEpcGuy forfeited.
|
|win|blizzardspamming
