|j|☆NemoAK
|j|☆Fedemitra9
|html|NemoAKFedemitra9    
|uhtml|bestof|Game 1 of a best-of-3
|t:|1786196159
|gametype|doubles
|player|p1|NemoAK|102|1332
|player|p2|Fedemitra9|lucas|1349
|gen|9
|tier|[Gen 9 Champions] VGC 2026 Reg M-B (Bo3)
|rated|
|rule|Species Clause: Limit one of each Pokémon
|rule|Item Clause: Limit 1 of each item
|clearpoke
|poke|p1|Staraptor, L50, M|
|poke|p1|Sylveon, L50, F|
|poke|p1|Basculegion, L50, M|
|poke|p1|Farigiraf, L50, M|
|poke|p1|Garchomp, L50, M|
|poke|p1|Camerupt, L50, M|
|poke|p2|Aerodactyl, L50, F|
|poke|p2|Sylveon, L50, M|
|poke|p2|Charizard, L50, F|
|poke|p2|Garchomp, L50, M|
|poke|p2|Kingambit, L50, M|
|poke|p2|Sneasler, L50, F|
|teampreview|4
|showteam|p1|Staraptor||Staraptite|Intimidate|CloseCombat,BraveBird,Tailwind,Protect|Jolly||M|||50|]Sylveon||FairyFeather|Pixilate|HyperVoice,HyperBeam,Yawn,Protect|Modest||F|||50|]Basculegion||ChoiceScarf|Adaptability|LastRespects,WaveCrash,AquaJet,FlipTurn|Adamant||M|||50|]Farigiraf||SitrusBerry|ArmorTail|Psychic,HyperVoice,TrickRoom,HelpingHand|Quiet||M|||50|]Garchomp||LifeOrb|RoughSkin|Earthquake,RockSlide,ScaleShot,Protect|Jolly||M|||50|]Camerupt||Cameruptite|MagmaArmor|HeatWave,EarthPower,AncientPower,Protect|Quiet||M|||50|
|showteam|p2|Aerodactyl||Aerodactylite|Unnerve|RockSlide,Tailwind,DualWingbeat,Protect|Jolly||F|||50|]Sylveon||FairyFeather|Pixilate|HyperBeam,HyperVoice,Protect,Yawn|Modest||M|||50|]Charizard||CharizarditeY|Blaze|HeatWave,WeatherBall,SolarBeam,Protect|Modest||F|||50|]Garchomp||LifeOrb|RoughSkin|RockSlide,Earthquake,DragonClaw,Protect|Jolly||M|||50|]Kingambit||BlackGlasses|Defiant|KowtowCleave,SuckerPunch,Protect,SwordsDance|Adamant||M|||50|]Sneasler||WhiteHerb|Unburden|GunkShot,CloseCombat,Protect,FakeOut|Adamant||F|||50|
|inactive|Battle timer is ON: inactive players will automatically lose when time's up. (requested by Fedemitra9)
|
|t:|1786196188
|teamsize|p1|4
|teamsize|p2|4
|start
|switch|p1a: Princess|Sylveon, L50, F|100/100
|switch|p1b: 6”3|Farigiraf, L50, M|100/100
|switch|p2a: Aerodactyl|Aerodactyl, L50, F|100/100
|switch|p2b: Sylveon|Sylveon, L50, M|100/100
|-ability|p2a: Aerodactyl|Unnerve
|turn|1
|
|t:|1786196203
|detailschange|p2a: Aerodactyl|Aerodactyl-Mega, L50, F
|-mega|p2a: Aerodactyl|Aerodactyl|Aerodactylite
|move|p2a: Aerodactyl|Rock Slide|p1b: 6”3|[spread] p1a,p1b
|-damage|p1a: Princess|72/100
|-damage|p1b: 6”3|78/100
|move|p2b: Sylveon|Hyper Voice|p1a: Princess|[spread] p1a,p1b
|-damage|p1a: Princess|34/100
|-damage|p1b: 6”3|32/100
|-enditem|p1b: 6”3|Sitrus Berry|[eat]
|-heal|p1b: 6”3|57/100|[from] item: Sitrus Berry
|cant|p1a: Princess|flinch
|move|p1b: 6”3|Trick Room|p1b: 6”3
|-fieldstart|move: Trick Room|[of] p1b: 6”3
|
|upkeep
|turn|2
|c|☆NemoAK|Flinches
|
|t:|1786196227
|move|p2b: Sylveon|Protect|p2b: Sylveon
|-singleturn|p2b: Sylveon|Protect
|move|p2a: Aerodactyl|Protect|p2a: Aerodactyl
|-singleturn|p2a: Aerodactyl|Protect
|move|p1b: 6”3|Hyper Voice|p2b: Sylveon|[spread] 
|-activate|p2a: Aerodactyl|move: Protect
|-activate|p2b: Sylveon|move: Protect
|move|p1a: Princess|Hyper Beam|p2b: Sylveon
|-activate|p2b: Sylveon|move: Protect
|
|upkeep
|turn|3
|c|☆NemoAK|I hate being right
|
|t:|1786196242
|move|p1b: 6”3|Helping Hand|p1a: Princess
|-singleturn|p1a: Princess|Helping Hand|[of] p1b: 6”3
|move|p1a: Princess|Hyper Voice|p2a: Aerodactyl|[spread] p2a,p2b
|-damage|p2a: Aerodactyl|35/100
|-damage|p2b: Sylveon|44/100
|move|p2b: Sylveon|Hyper Voice|p1a: Princess|[spread] p1a,p1b
|-damage|p1a: Princess|0 fnt
|-damage|p1b: 6”3|10/100
|faint|p1a: Princess
|move|p2a: Aerodactyl|Rock Slide|p1b: 6”3|[miss]
|-miss|p2a: Aerodactyl|p1b: 6”3
|
|upkeep
|
|t:|1786196247
|switch|p1a: Pompei|Camerupt, L50, M|100/100
|turn|4
|
|t:|1786196258
|detailschange|p1a: Pompei|Camerupt-Mega, L50, M
|-mega|p1a: Pompei|Camerupt|Cameruptite
|move|p2b: Sylveon|Protect|p2b: Sylveon
|-singleturn|p2b: Sylveon|Protect
|move|p2a: Aerodactyl|Protect|p2a: Aerodactyl
|-singleturn|p2a: Aerodactyl|Protect
|move|p1a: Pompei|Earth Power|p2b: Sylveon
|-activate|p2b: Sylveon|move: Protect
|move|p1b: 6”3|Psychic|p2a: Aerodactyl
|-activate|p2a: Aerodactyl|move: Protect
|
|upkeep
|turn|5
|inactive|Fedemitra9 has 30 seconds left.
|inactive|Fedemitra9 has 20 seconds left.
|
|t:|1786196295
|switch|p2a: Kingambit|Kingambit, L50, M|100/100
|move|p1a: Pompei|Heat Wave|p2a: Kingambit|[spread] p2b
|-miss|p1a: Pompei|p2a: Kingambit
|-damage|p2b: Sylveon|2/100
|move|p1b: 6”3|Hyper Voice|p2b: Sylveon|[spread] p2a,p2b
|-resisted|p2a: Kingambit|1
|-damage|p2a: Kingambit|87/100
|-damage|p2b: Sylveon|0 fnt
|faint|p2b: Sylveon
|
|-fieldend|move: Trick Room
|upkeep
|c|☆NemoAK|Gg
|c|☆NemoAK|Bruh
|
|t:|1786196312
|switch|p2b: Garchomp|Garchomp, L50, M|100/100
|turn|6
|
|t:|1786196317
|move|p2a: Kingambit|Protect|p2a: Kingambit
|-singleturn|p2a: Kingambit|Protect
|move|p2b: Garchomp|Earthquake|p1a: Pompei|[spread] p1a,p1b
|-activate|p2a: Kingambit|move: Protect
|-supereffective|p1a: Pompei|1
|-damage|p1a: Pompei|0 fnt
|-damage|p1b: 6”3|0 fnt
|faint|p1a: Pompei
|faint|p1b: 6”3
|-damage|p2b: Garchomp|90/100|[from] item: Life Orb
|
|upkeep
|
|t:|1786196320
|switch|p1b: Toothless|Garchomp, L50, M|100/100
|turn|7
|inactive|Fedemitra9 has 30 seconds left.
|
|t:|1786196349
|move|p1b: Toothless|Earthquake|p2a: Kingambit|[spread] p2a,p2b
|-supereffective|p2a: Kingambit|1
|-crit|p2a: Kingambit
|-damage|p2a: Kingambit|0 fnt
|-damage|p2b: Garchomp|37/100
|faint|p2a: Kingambit
|-damage|p1b: Toothless|90/100|[from] item: Life Orb
|move|p2b: Garchomp|Dragon Claw|p1b: Toothless
|-supereffective|p1b: Toothless|1
|-crit|p1b: Toothless
|-damage|p1b: Toothless|0 fnt
|-damage|p2b: Garchomp|25/100|[from] ability: Rough Skin|[of] p1b: Toothless
|faint|p1b: Toothless
|-damage|p2b: Garchomp|15/100|[from] item: Life Orb
|
|win|Fedemitra9
||NemoAK is ready for game 2.
||NemoAK is ready for game 2.
|inactive|Fedemitra9 has 30 seconds to confirm battle start!
|inactive|Fedemitra9 has 20 seconds to confirm battle start!
||Fedemitra9 is ready for game 2.
|uhtml|next|Next: Game 2 of 3
|l|☆NemoAK
|player|p1|
