|j|☆Ba2_nana
|j|☆x-demon18
|html|Ba2_nanax-demon18    
|uhtml|bestof|Game 1 of a best-of-3
|t:|1783980825
|gametype|doubles
|player|p1|Ba2_nana|265|1157
|player|p2|x-demon18|lucas|1262
|gen|9
|tier|[Gen 9 Champions] VGC 2026 Reg M-B (Bo3)
|rated|
|rule|Species Clause: Limit one of each Pokémon
|rule|Item Clause: Limit 1 of each item
|clearpoke
|poke|p1|Gengar, L50, M, shiny|
|poke|p1|Archaludon, L50, F|
|poke|p1|Politoed, L50, F|
|poke|p1|Swampert, L50, M|
|poke|p1|Vivillon, L50, F|
|poke|p1|Incineroar, L50, M|
|poke|p2|Incineroar, L50, M|
|poke|p2|Rotom-Wash, L50|
|poke|p2|Venusaur, L50, F|
|poke|p2|Garchomp, L50, M|
|poke|p2|Sylveon, L50, F|
|poke|p2|Corviknight, L50, M|
|teampreview|4
|showteam|p1|Gengar||Gengarite|CursedBody|ShadowBall,SludgeBomb,PerishSong,Protect|Timid||M|||50|]Archaludon||Leftovers|Stamina|DragonPulse,ElectroShot,FlashCannon,Protect|Timid||F|||50|]Politoed|||Drizzle|WeatherBall,PerishSong,Protect,Encore|Calm||F|||50|]Swampert||Swampertite|Torrent|WaveCrash,Earthquake,IcePunch,Protect|Adamant||M|||50|]Vivillon|||CompoundEyes|SleepPowder,Hurricane,RagePowder,Protect|Timid||F|||50|]Incineroar||PasshoBerry|Intimidate|FakeOut,ThroatChop,PartingShot,Protect|Careful||M|||50|
|showteam|p2|Incineroar||ExpertBelt|Intimidate|FakeOut,TemperFlare,ThroatChop,PartingShot|Adamant||M|||50|]Rotom-Wash||SitrusBerry|Levitate|HydroPump,Electroweb,WillOWisp,VoltSwitch|Modest|||||50|]Venusaur||Venusaurite|Chlorophyll|GigaDrain,SludgeBomb,EarthPower,Protect|Modest||F|||50|]Garchomp||LifeOrb|RoughSkin|RockSlide,DragonClaw,StompingTantrum,Protect|Jolly||M|||50|]Sylveon||FairyFeather|Pixilate|HyperVoice,QuickAttack,Yawn,Detect|Modest||F|||50|]Corviknight||OccaBerry|MirrorArmor|Tailwind,BraveBird,IronHead,BodyPress|Careful||M|||50|
|inactive|Battle timer is ON: inactive players will automatically lose when time's up. (requested by Ba2_nana)
|
|t:|1783980908
|teamsize|p1|4
|teamsize|p2|4
|start
|switch|p1a: Archaludon|Archaludon, L50, F|100/100
|switch|p1b: Incineroar|Incineroar, L50, M|100/100
|switch|p2a: Berserk|Garchomp, L50, M|100/100
|switch|p2b: HydroVolt|Rotom-Wash, L50|100/100
|-ability|p1b: Incineroar|Intimidate|boost
|-unboost|p2a: Berserk|atk|1
|-unboost|p2b: HydroVolt|atk|1
|turn|1
|inactive|Ba2_nana has 30 seconds left.
|inactive|x-demon18 has 30 seconds left.
|inactive|Ba2_nana has 20 seconds left.
|inactive|Ba2_nana has 15 seconds left.
|inactive|x-demon18 has 20 seconds left.
|
|t:|1783980952
|switch|p2a: Frieren|Sylveon, L50, F|100/100
|move|p1b: Incineroar|Fake Out|p2b: HydroVolt
|-damage|p2b: HydroVolt|88/100
|move|p1a: Archaludon|Dragon Pulse|p2a: Frieren
|-immune|p2a: Frieren
|cant|p2b: HydroVolt|flinch
|
|upkeep
|turn|2
|
|t:|1783980966
|move|p1a: Archaludon|Protect|p1a: Archaludon
|-singleturn|p1a: Archaludon|Protect
|move|p2b: HydroVolt|Volt Switch|p1b: Incineroar
|-damage|p1b: Incineroar|77/100
|
|t:|1783980976
|switch|p2b: Berserk|Garchomp, L50, M|100/100|[from] Volt Switch
|move|p2a: Frieren|Yawn|p1a: Archaludon
|-activate|p1a: Archaludon|move: Protect
|move|p1b: Incineroar|Parting Shot|p2a: Frieren
|-unboost|p2a: Frieren|atk|1
|-unboost|p2a: Frieren|spa|1
|inactive|Ba2_nana has 30 seconds left.
|
|t:|1783981005
|switch|p1b: Gengar|Gengar, L50, M, shiny|100/100|[from] Parting Shot
|
|upkeep
|turn|3
|inactive|Ba2_nana has 30 seconds left.
|
|t:|1783981035
|switch|p1a: Politoed|Politoed, L50, F|100/100
|-weather|RainDance|[from] ability: Drizzle|[of] p1a: Politoed
|detailschange|p1b: Gengar|Gengar-Mega, L50, M, shiny
|-mega|p1b: Gengar|Gengar|Gengarite
|move|p1b: Gengar|Sludge Bomb|p2a: Frieren
|-supereffective|p2a: Frieren|1
|-damage|p2a: Frieren|13/100
|move|p2b: Berserk|Stomping Tantrum|p1b: Gengar
|-supereffective|p1b: Gengar|1
|-damage|p1b: Gengar|0 fnt
|faint|p1b: Gengar
|-damage|p2b: Berserk|90/100|[from] item: Life Orb
|move|p2a: Frieren|Yawn|p1a: Politoed
|-start|p1a: Politoed|move: Yawn|[of] p2a: Frieren
|
|-weather|RainDance|[upkeep]
|upkeep
|
|t:|1783981051
|switch|p1b: Incineroar|Incineroar, L50, M|77/100
|-ability|p1b: Incineroar|Intimidate|boost
|-unboost|p2a: Frieren|atk|1
|-unboost|p2b: Berserk|atk|1
|turn|4
|
|t:|1783981065
|switch|p2b: Yggdrasil|Venusaur, L50, F|100/100
|switch|p2a: HydroVolt|Rotom-Wash, L50|88/100
|move|p1a: Politoed|Weather Ball|p2a: HydroVolt
|-resisted|p2a: HydroVolt|1
|-damage|p2a: HydroVolt|63/100
|move|p1b: Incineroar|Parting Shot|p2b: Yggdrasil
|-unboost|p2b: Yggdrasil|atk|1
|-unboost|p2b: Yggdrasil|spa|1
|
|t:|1783981075
|switch|p1b: Archaludon|Archaludon, L50, F|100/100|[from] Parting Shot
|
|-weather|RainDance|[upkeep]
|-end|p1a: Politoed|move: Yawn|[silent]
|-status|p1a: Politoed|slp
|upkeep
|turn|5
|
|t:|1783981096
|detailschange|p2b: Yggdrasil|Venusaur-Mega, L50, F
|-mega|p2b: Yggdrasil|Venusaur|Venusaurite
|move|p1b: Archaludon|Protect|p1b: Archaludon
|-singleturn|p1b: Archaludon|Protect
|move|p2b: Yggdrasil|Protect|p2b: Yggdrasil
|-singleturn|p2b: Yggdrasil|Protect
|move|p2a: HydroVolt|Volt Switch|p1a: Politoed
|-supereffective|p1a: Politoed|1
|-crit|p1a: Politoed
|-damage|p1a: Politoed|38/100 slp
|
|t:|1783981108
|switch|p2a: Frieren|Sylveon, L50, F|13/100|[from] Volt Switch
|cant|p1a: Politoed|slp
|
|-weather|RainDance|[upkeep]
|upkeep
|turn|6
|
|t:|1783981131
|switch|p2b: HydroVolt|Rotom-Wash, L50|63/100
|switch|p1a: Incineroar|Incineroar, L50, M|77/100
|-ability|p1a: Incineroar|Intimidate|boost
|-unboost|p2a: Frieren|atk|1
|-unboost|p2b: HydroVolt|atk|1
|move|p1b: Archaludon|Electro Shot||[still]
|-prepare|p1b: Archaludon|Electro Shot
|-boost|p1b: Archaludon|spa|1
|-anim|p1b: Archaludon|Electro Shot|p2a: Frieren
|-damage|p2a: Frieren|0 fnt
|faint|p2a: Frieren
|
|-weather|RainDance|[upkeep]
|upkeep
|
|t:|1783981152
|switch|p2a: Berserk|Garchomp, L50, M|90/100
|turn|7
|
|t:|1783981170
|move|p2a: Berserk|Protect|p2a: Berserk
|-singleturn|p2a: Berserk|Protect
|move|p1a: Incineroar|Fake Out|p2a: Berserk
|-activate|p2a: Berserk|move: Protect
|move|p1b: Archaludon|Electro Shot||[still]
|-prepare|p1b: Archaludon|Electro Shot
|-boost|p1b: Archaludon|spa|1
|-anim|p1b: Archaludon|Electro Shot|p2b: HydroVolt
|-damage|p2b: HydroVolt|0 fnt
|faint|p2b: HydroVolt
|
|-weather|none
|upkeep
|
|t:|1783981183
|switch|p2b: Yggdrasil|Venusaur-Mega, L50, F|100/100
|turn|8
|
|t:|1783981193
|switch|p1a: Politoed|Politoed, L50, F|38/100 slp
|-weather|RainDance|[from] ability: Drizzle|[of] p1a: Politoed
|move|p1b: Archaludon|Protect|p1b: Archaludon
|-singleturn|p1b: Archaludon|Protect
|move|p2a: Berserk|Dragon Claw|p1b: Archaludon
|-activate|p1b: Archaludon|move: Protect
|move|p2b: Yggdrasil|Giga Drain|p1a: Politoed
|-supereffective|p1a: Politoed|1
|-damage|p1a: Politoed|0 fnt
|faint|p1a: Politoed
|
|-weather|RainDance|[upkeep]
|upkeep
|
|t:|1783981206
|switch|p1a: Incineroar|Incineroar, L50, M|77/100
|-ability|p1a: Incineroar|Intimidate|boost
|-unboost|p2a: Berserk|atk|1
|-unboost|p2b: Yggdrasil|atk|1
|turn|9
|
|t:|1783981227
|move|p2a: Berserk|Protect|p2a: Berserk
|-singleturn|p2a: Berserk|Protect
|move|p1a: Incineroar|Fake Out|p2b: Yggdrasil
|-damage|p2b: Yggdrasil|90/100
|move|p1b: Archaludon|Electro Shot||[still]
|-prepare|p1b: Archaludon|Electro Shot
|-boost|p1b: Archaludon|spa|1
|-anim|p1b: Archaludon|Electro Shot|p2b: Yggdrasil
|-resisted|p2b: Yggdrasil|1
|-damage|p2b: Yggdrasil|45/100
|cant|p2b: Yggdrasil|flinch
|
|-weather|RainDance|[upkeep]
|upkeep
|turn|10
|inactive|Ba2_nana has 30 seconds left.
|inactive|Ba2_nana has 20 seconds left.
|inactive|x-demon18 has 30 seconds left.
|inactive|Ba2_nana has 15 seconds left.
|inactive|Ba2_nana has 10 seconds left.
|inactive|x-demon18 has 20 seconds left.
|
|t:|1783981274
|move|p2a: Berserk|Stomping Tantrum|p1b: Archaludon
|-supereffective|p1b: Archaludon|1
|-crit|p1b: Archaludon
|-damage|p1b: Archaludon|0 fnt
|faint|p1b: Archaludon
|-damage|p2a: Berserk|80/100|[from] item: Life Orb
|move|p2b: Yggdrasil|Earth Power|p1a: Incineroar
|-supereffective|p1a: Incineroar|1
|-crit|p1a: Incineroar
|-damage|p1a: Incineroar|13/100
|move|p1a: Incineroar|Throat Chop|p2b: Yggdrasil
|-damage|p2b: Yggdrasil|22/100
|-start|p2b: Yggdrasil|Throat Chop|[silent]
|
|-weather|RainDance|[upkeep]
|upkeep
|turn|11
|c|☆Ba2_nana|double crit
|
|t:|1783981291
|move|p2a: Berserk|Rock Slide|p1a: Incineroar
|-supereffective|p1a: Incineroar|1
|-damage|p1a: Incineroar|0 fnt
|faint|p1a: Incineroar
|-damage|p2a: Berserk|70/100|[from] item: Life Orb
|
|win|x-demon18
||Ba2_nana is ready for game 2.
