|j|☆Fem boi Cardi
|j|☆QUELON
|html|Fem boi CardiQUELON    
|uhtml|bestof|Game 1 of a best-of-3
|t:|1756827031
|gametype|doubles
|player|p1|Fem boi Cardi|nurse|1249
|player|p2|QUELON|cyrus|1294
|gen|9
|tier|[Gen 9] VGC 2025 Reg H (Bo3)
|rated|
|rule|Species Clause: Limit one of each Pokémon
|rule|Item Clause: Limit 1 of each item
|clearpoke
|poke|p1|Brambleghast, L50, F|
|poke|p1|Whimsicott, L50, F|
|poke|p1|Volcarona, L50, M|
|poke|p1|Glimmora, L50, M|
|poke|p1|Ursaluna-Bloodmoon, L50, M|
|poke|p1|Farigiraf, L50, M|
|poke|p2|Gholdengo, L50|
|poke|p2|Sneasler, L50, F|
|poke|p2|Incineroar, L50, M|
|poke|p2|Amoonguss, L50, F|
|poke|p2|Dragonite, L50, M|
|poke|p2|Ursaluna-Bloodmoon, L50, M|
|teampreview|4
|showteam|p1|Brambleghast||FocusSash|WindRider|Poltergeist,ShadowSneak,PowerWhip,StrengthSap|||F|||50|,,,,,Ghost]Whimsicott||CovertCloak|Prankster|Tailwind,CottonSpore,Moonblast,SunnyDay|||F|||50|,,,,,Dark]Volcarona||ChoiceSpecs|FlameBody|HeatWave,StruggleBug,Overheat,BugBuzz|||M|||50|,,,,,Ghost]Glimmora||PowerHerb|ToxicDebris|MeteorBeam,SludgeBomb,MortalSpin,SpikyShield|||M|||50|,,,,,Grass]Ursaluna-Bloodmoon||LifeOrb|MindsEye|BloodMoon,HyperVoice,EarthPower,Protect|||M|||50|,,,,,Normal]Farigiraf||RockyHelmet|ArmorTail|TeraBlast,TrickRoom,HelpingHand,Psychic|||M|||50|,,,,,Fighting
|showteam|p2|Gholdengo||LifeOrb|GoodasGold|MakeItRain,ShadowBall,NastyPlot,Protect||||||50|,,,,,Steel]Sneasler||FocusSash|PoisonTouch|FakeOut,CloseCombat,DireClaw,Protect|||F|||50|,,,,,Stellar]Incineroar||SafetyGoggles|Intimidate|FakeOut,FlareBlitz,KnockOff,PartingShot|||M|||50|,,,,,Ghost]Amoonguss||SitrusBerry|Regenerator|Spore,RagePowder,SludgeBomb,Protect|||F|||50|,,,,,Water]Dragonite||LoadedDice|Multiscale|ScaleShot,Haze,Tailwind,ExtremeSpeed|||M|||50|,,,,,Fairy]Ursaluna-Bloodmoon||AssaultVest|MindsEye|HyperVoice,BloodMoon,EarthPower,VacuumWave|||M|||50|,,,,,Normal
|inactive|Battle timer is ON: inactive players will automatically lose when time's up. (requested by Fem boi Cardi)
|inactive|Fem boi Cardi has 60 seconds left.
|inactive|QUELON has 60 seconds left.
|inactive|QUELON has 30 seconds left.
|inactive|QUELON has 20 seconds left.
|inactive|QUELON has 15 seconds left.
|inactive|QUELON has 10 seconds left.
|
|t:|1756827116
|teamsize|p1|4
|teamsize|p2|4
|start
|switch|p1a: Whimsicott|Whimsicott, L50, F|100/100
|switch|p1b: Ursaluna|Ursaluna-Bloodmoon, L50, M|100/100
|switch|p2a: Incineroar|Incineroar, L50, M, shiny|100/100
|switch|p2b: Gholdengo|Gholdengo, L50|100/100
|-ability|p2a: Incineroar|Intimidate|boost
|-unboost|p1a: Whimsicott|atk|1
|-unboost|p1b: Ursaluna|atk|1
|turn|1
|inactive|Fem boi Cardi has 30 seconds left.
|inactive|QUELON has 30 seconds left.
|inactive|QUELON has 20 seconds left.
|inactive|QUELON has 15 seconds left.
|
|t:|1756827160
|switch|p2a: Dragonite|Dragonite, L50, M|100/100
|move|p2b: Gholdengo|Protect|p2b: Gholdengo
|-singleturn|p2b: Gholdengo|Protect
|move|p1b: Ursaluna|Protect|p1b: Ursaluna
|-singleturn|p1b: Ursaluna|Protect
|move|p1a: Whimsicott|Tailwind|p1a: Whimsicott
|-sidestart|p1: Fem boi Cardi|move: Tailwind
|
|upkeep
|turn|2
|inactive|QUELON has 30 seconds left.
|inactive|QUELON has 20 seconds left.
|inactive|QUELON has 15 seconds left.
|inactive|QUELON has 10 seconds left.
|
|t:|1756827209
|switch|p2b: Ursaluna|Ursaluna-Bloodmoon, L50, M|100/100
|move|p1a: Whimsicott|Moonblast|p2a: Dragonite
|-supereffective|p2a: Dragonite
|-damage|p2a: Dragonite|70/100
|move|p1b: Ursaluna|Earth Power|p2b: Ursaluna
|-damage|p2b: Ursaluna|53/100
|-unboost|p2b: Ursaluna|spd|1
|-damage|p1b: Ursaluna|91/100|[from] item: Life Orb
|move|p2a: Dragonite|Scale Shot|p1b: Ursaluna
|-damage|p1b: Ursaluna|78/100
|-damage|p1b: Ursaluna|67/100
|-damage|p1b: Ursaluna|54/100
|-damage|p1b: Ursaluna|42/100
|-hitcount|p1b: Ursaluna|4
|-unboost|p2a: Dragonite|def|1
|-boost|p2a: Dragonite|spe|1
|
|upkeep
|turn|3
|inactive|QUELON has 30 seconds left.
|
|t:|1756827240
|switch|p2a: Incineroar|Incineroar, L50, M, shiny|100/100
|-ability|p2a: Incineroar|Intimidate|boost
|-unboost|p1a: Whimsicott|atk|1
|-unboost|p1b: Ursaluna|atk|1
|-terastallize|p1b: Ursaluna|Normal
|move|p1a: Whimsicott|Cotton Spore|p2b: Ursaluna|[spread] p2b
|-activate|p2a: Incineroar|item: Safety Goggles|Cotton Spore
|-unboost|p2b: Ursaluna|spe|2
|move|p2b: Ursaluna|Vacuum Wave|p1b: Ursaluna
|-supereffective|p1b: Ursaluna
|-damage|p1b: Ursaluna|2/100
|move|p1b: Ursaluna|Hyper Voice|p2b: Ursaluna|[spread] p2a,p2b
|-damage|p2a: Incineroar|55/100
|-damage|p2b: Ursaluna|0 fnt
|faint|p2b: Ursaluna
|-damage|p1b: Ursaluna|0 fnt|[from] item: Life Orb
|faint|p1b: Ursaluna
|
|upkeep
|
|t:|1756827258
|switch|p1b: Brambleghast|Brambleghast, L50, F|100/100
|switch|p2b: Gholdengo|Gholdengo, L50|100/100
|-ability|p1b: Brambleghast|Wind Rider|boost
|-boost|p1b: Brambleghast|atk|1
|turn|4
|
|t:|1756827281
|move|p2b: Gholdengo|Protect|p2b: Gholdengo
|-singleturn|p2b: Gholdengo|Protect
|move|p1a: Whimsicott|Moonblast|p2a: Incineroar
|-crit|p2a: Incineroar
|-damage|p2a: Incineroar|28/100
|move|p1b: Brambleghast|Poltergeist|p2a: Incineroar
|-activate|p2a: Incineroar|move: Poltergeist|Safety Goggles
|-resisted|p2a: Incineroar
|-damage|p2a: Incineroar|0 fnt
|faint|p2a: Incineroar
|
|-sideend|p1: Fem boi Cardi|move: Tailwind
|upkeep
|
|t:|1756827290
|switch|p2a: Dragonite|Dragonite, L50, M|70/100
|turn|5
|inactive|QUELON has 30 seconds left.
|
|t:|1756827322
|-terastallize|p2b: Gholdengo|Steel
|move|p1a: Whimsicott|Tailwind|p1a: Whimsicott
|-sidestart|p1: Fem boi Cardi|move: Tailwind
|-ability|p1b: Brambleghast|Wind Rider|boost
|-boost|p1b: Brambleghast|atk|1
|move|p1b: Brambleghast|Poltergeist|p2b: Gholdengo
|-activate|p2b: Gholdengo|move: Poltergeist|Life Orb
|-damage|p2b: Gholdengo|0 fnt
|faint|p2b: Gholdengo
|move|p2a: Dragonite|Scale Shot|p1b: Brambleghast
|-damage|p1b: Brambleghast|75/100
|-damage|p1b: Brambleghast|49/100
|-damage|p1b: Brambleghast|23/100
|-crit|p1b: Brambleghast
|-damage|p1b: Brambleghast|0 fnt
|faint|p1b: Brambleghast
|-hitcount|p1: Brambleghast|4
|-unboost|p2a: Dragonite|def|1
|-boost|p2a: Dragonite|spe|1
|
|upkeep
|
|t:|1756827330
|switch|p1b: Volcarona|Volcarona, L50, M|100/100
|turn|6
|
|t:|1756827341
|move|p1a: Whimsicott|Moonblast|p2a: Dragonite
|-supereffective|p2a: Dragonite
|-damage|p2a: Dragonite|9/100
|move|p1b: Volcarona|Overheat|p2a: Dragonite
|-resisted|p2a: Dragonite
|-crit|p2a: Dragonite
|-damage|p2a: Dragonite|0 fnt
|-unboost|p1b: Volcarona|spa|2
|faint|p2a: Dragonite
|
|win|Fem boi Cardi
||QUELON is ready for game 2.
||Fem boi Cardi is ready for game 2.
|uhtml|next|Next: Game 2 of 3
|l|☆Fem boi Cardi
|player|p1|
