|j|☆JuanGuerrero09
|j|☆Cristante terabug
|html|JuanGuerrero09Cristante terabug    
|uhtml|bestof|Game 2 of a best-of-3
|t:|1757185058
|gametype|doubles
|player|p1|JuanGuerrero09|169|1097
|player|p2|Cristante terabug|kieran-champion|1193
|gen|9
|tier|[Gen 9] VGC 2025 Reg H (Bo3)
|rated|
|rule|Species Clause: Limit one of each Pokémon
|rule|Item Clause: Limit 1 of each item
|clearpoke
|poke|p1|Tyranitar, L50, F|
|poke|p1|Talonflame, L50, F|
|poke|p1|Indeedee, L50, M|
|poke|p1|Sneasler, L50, F|
|poke|p1|Ursaluna-Bloodmoon, L50, M|
|poke|p1|Electabuzz, L50, M|
|poke|p2|Incineroar, L50, F|
|poke|p2|Pelipper, L50, M|
|poke|p2|Archaludon, L50, M|
|poke|p2|Dragonite, L50, M|
|poke|p2|Sinistcha, L50|
|poke|p2|Ursaluna, L50, M|
|teampreview|4
|showteam|p1|Tyranitar||AssaultVest|SandStream|RockSlide,KnockOff,LowKick,TeraBlast|||F|||50|,,,,,Flying]Talonflame||CovertCloak|FlameBody|DualWingbeat,FlareBlitz,Tailwind,WillOWisp|||F|||50|,,,,,Fairy]Indeedee||ChoiceSpecs|PsychicSurge|ExpandingForce,TeraBlast,Trick,TrickRoom|||M|||50|,,,,,Psychic]Sneasler||PsychicSeed|Unburden|DireClaw,CloseCombat,ThroatChop,Protect|||F|||50|,,,,,Dark]Ursaluna-Bloodmoon||LifeOrb|MindsEye|HyperVoice,BloodMoon,EarthPower,Protect|||M|||50|,,,,,Normal]Electabuzz||Eviolite|VitalSpirit|FollowMe,Taunt,Electroweb,Protect|||M|||50|,,,,,Ghost
|showteam|p2|Incineroar||SafetyGoggles|Intimidate|FakeOut,PartingShot,KnockOff,Taunt|||F|||50|,,,,,Ghost]Pelipper||FocusSash|Drizzle|Hurricane,MuddyWater,Tailwind,Protect|||M|||50|,,,,,Ghost]Archaludon||AssaultVest|Stamina|ElectroShot,Snarl,FlashCannon,BodyPress|||M|||50|,,,,,Fighting]Dragonite||LoadedDice|Multiscale|ScaleShot,Tailwind,Haze,Protect|||M|||50|,,,,,Fairy]Sinistcha||SitrusBerry|Hospitality|MatchaGotcha,RagePowder,LifeDew,TrickRoom||||||50|,,,,,Dark]Ursaluna||FlameOrb|Guts|Earthquake,Facade,HeadlongRush,Protect|||M|||50|,,,,,Ghost
|inactive|Battle timer is ON: inactive players will automatically lose when time's up. (requested by Cristante terabug)
|
|t:|1757185098
|teamsize|p1|4
|teamsize|p2|4
|start
|switch|p1a: Ursaluna|Ursaluna-Bloodmoon, L50, M|100/100
|switch|p1b: Indeedee|Indeedee, L50, M|100/100
|switch|p2a: De Marinis|Incineroar, L50, F|100/100
|switch|p2b: Paolo|Dragonite, L50, M|100/100
|-fieldstart|move: Psychic Terrain|[from] ability: Psychic Surge|[of] p1b: Indeedee
|-ability|p2a: De Marinis|Intimidate|boost
|-unboost|p1a: Ursaluna|atk|1
|-unboost|p1b: Indeedee|atk|1
|turn|1
|inactive|JuanGuerrero09 has 30 seconds left.
|inactive|Cristante terabug has 30 seconds left.
|inactive|JuanGuerrero09 has 20 seconds left.
|inactive|Cristante terabug has 20 seconds left.
|inactive|JuanGuerrero09 has 15 seconds left.
|inactive|Cristante terabug has 15 seconds left.
|inactive|JuanGuerrero09 has 10 seconds left.
|
|t:|1757185145
|switch|p1b: Sneasler|Sneasler, L50, F|100/100
|-enditem|p1b: Sneasler|Psychic Seed
|-boost|p1b: Sneasler|spd|1|[from] item: Psychic Seed
|-terastallize|p1a: Ursaluna|Normal
|move|p2b: Paolo|Scale Shot|p1a: Ursaluna
|-damage|p1a: Ursaluna|89/100
|-damage|p1a: Ursaluna|79/100
|-damage|p1a: Ursaluna|68/100
|-damage|p1a: Ursaluna|57/100
|-hitcount|p1a: Ursaluna|4
|-unboost|p2b: Paolo|def|1
|-boost|p2b: Paolo|spe|1
|move|p1a: Ursaluna|Hyper Voice|p2b: Paolo|[spread] p2a,p2b
|-damage|p2a: De Marinis|38/100
|-damage|p2b: Paolo|62/100
|-damage|p1a: Ursaluna|47/100|[from] item: Life Orb
|move|p2a: De Marinis|Knock Off|p1a: Ursaluna
|-damage|p1a: Ursaluna|13/100
|-enditem|p1a: Ursaluna|Life Orb|[from] move: Knock Off|[of] p2a: De Marinis
|
|upkeep
|turn|2
|
|t:|1757185169
|move|p2b: Paolo|Protect|p2b: Paolo
|-singleturn|p2b: Paolo|Protect
|move|p1b: Sneasler|Dire Claw|p2b: Paolo
|-activate|p2b: Paolo|move: Protect
|move|p1a: Ursaluna|Earth Power|p2a: De Marinis
|-supereffective|p2a: De Marinis
|-damage|p2a: De Marinis|0 fnt
|faint|p2a: De Marinis
|
|upkeep
|
|t:|1757185178
|switch|p2a: Silvano|Pelipper, L50, M, shiny|100/100
|-weather|RainDance|[from] ability: Drizzle|[of] p2a: Silvano
|turn|3
|inactive|JuanGuerrero09 has 30 seconds left.
|
|t:|1757185208
|switch|p2b: Luca|Archaludon, L50, M|100/100
|move|p1a: Ursaluna|Protect|p1a: Ursaluna
|-singleturn|p1a: Ursaluna|Protect
|move|p1b: Sneasler|Dire Claw|p2b: Luca
|-immune|p2b: Luca
|move|p2a: Silvano|Muddy Water|p1a: Ursaluna|[spread] p1b
|-activate|p1a: Ursaluna|move: Protect
|-damage|p1b: Sneasler|63/100
|
|-weather|RainDance|[upkeep]
|upkeep
|turn|4
|
|t:|1757185232
|-terastallize|p2b: Luca|Fighting
|move|p1b: Sneasler|Dire Claw|p2a: Silvano
|-damage|p2a: Silvano|44/100
|move|p2a: Silvano|Hurricane|p1b: Sneasler
|-supereffective|p1b: Sneasler
|-damage|p1b: Sneasler|0 fnt
|faint|p1b: Sneasler
|move|p2b: Luca|Electro Shot||[still]
|-prepare|p2b: Luca|Electro Shot
|-boost|p2b: Luca|spa|1
|-anim|p2b: Luca|Electro Shot|p1a: Ursaluna
|-damage|p1a: Ursaluna|0 fnt
|faint|p1a: Ursaluna
|
|-weather|RainDance|[upkeep]
|upkeep
|
|t:|1757185247
|switch|p1b: Electabuzz|Electabuzz, L50, M|100/100
|switch|p1a: Indeedee|Indeedee, L50, M|100/100
|turn|5
|
|t:|1757185264
|move|p2a: Silvano|Protect|p2a: Silvano
|-singleturn|p2a: Silvano|Protect
|move|p1b: Electabuzz|Follow Me|p1b: Electabuzz
|-singleturn|p1b: Electabuzz|move: Follow Me
|move|p1a: Indeedee|Expanding Force|p2b: Luca|[spread] p2b
|-activate|p2a: Silvano|move: Protect
|-supereffective|p2b: Luca
|-damage|p2b: Luca|0 fnt
|faint|p2b: Luca
|
|-weather|RainDance|[upkeep]
|-fieldend|move: Psychic Terrain
|upkeep
|
|t:|1757185273
|switch|p2b: Paolo|Dragonite, L50, M|62/100
|turn|6
|
|t:|1757185281
|move|p1a: Indeedee|Expanding Force|p2b: Paolo
|-damage|p2b: Paolo|0 fnt
|faint|p2b: Paolo
|move|p1b: Electabuzz|Electroweb|p2a: Silvano
|-supereffective|p2a: Silvano
|-damage|p2a: Silvano|0 fnt
|faint|p2a: Silvano
|
|win|JuanGuerrero09
|raw|JuanGuerrero09's rating: 1097 → 1129(+32 for winning)
|raw|Cristante terabug's rating: 1193 → 1161(-32 for losing)
