|j|☆chocokoala vgc
|j|☆richardpyt
|html|chocokoala vgcrichardpyt    
|uhtml|bestof|Game 1 of a best-of-3
|t:|1784825419
|gametype|doubles
|player|p1|chocokoala vgc|benga|1236
|player|p2|richardpyt|266|1155
|gen|9
|tier|[Gen 9 Champions] VGC 2026 Reg M-B (Bo3)
|rated|
|rule|Species Clause: Limit one of each Pokémon
|rule|Item Clause: Limit 1 of each item
|clearpoke
|poke|p1|Slowbro, L50, F|
|poke|p1|Appletun, L50, F|
|poke|p1|Incineroar, L50, M|
|poke|p1|Conkeldurr, L50, F|
|poke|p1|Gholdengo, L50|
|poke|p1|Aerodactyl, L50, F|
|poke|p2|Volcarona, L50, F|
|poke|p2|Sinistcha-Masterpiece, L50|
|poke|p2|Incineroar, L50, F|
|poke|p2|Charizard, L50, M, shiny|
|poke|p2|Raichu, L50, M|
|poke|p2|Staraptor, L50, F|
|teampreview|4
|showteam|p1|Slowbro||Slowbronite|Regenerator|Psychic,Scald,Protect,TrickRoom|Modest||F|||50|]Appletun||Leftovers|ThickFat|AppleAcid,DragonPulse,Protect,LeechSeed|Sassy||F|||50|]Incineroar||SitrusBerry|Intimidate|FakeOut,PartingShot,FlareBlitz,DarkestLariat|Careful||M|||50|]Conkeldurr||LifeOrb|IronFist|MachPunch,DrainPunch,Protect,KnockOff|Brave||F|||50|]Gholdengo|||GoodasGold|MakeItRain,ShadowBall,Protect,NastyPlot|Modest|||||50|]Aerodactyl||Aerodactylite|Unnerve|RockSlide,DualWingbeat,Protect,Tailwind|Jolly||F|||50|
|showteam|p2|Volcarona||Leftovers|FlameBody|Protect,HeatWave,GigaDrain,QuiverDance|Bold||F|||50|]Sinistcha-Masterpiece||CobaBerry|Hospitality|Protect,MatchaGotcha,GrassyTerrain,RagePowder|Calm|||||50|]Incineroar||SitrusBerry|Intimidate|FakeOut,Snarl,DarkestLariat,PartingShot|Sassy||F|||50|]Charizard||CharizarditeY|Blaze|Protect,HeatWave,SolarBeam,BreakingSwipe|Bold||M|||50|]Raichu||RaichuniteX|LightningRod|FakeOut,RisingVoltage,VoltSwitch,HelpingHand|Calm||M|||50|]Staraptor||ChoiceScarf|Intimidate|BraveBird,Uturn,FinalGambit,CloseCombat|Adamant||F|||50|
|inactive|Battle timer is ON: inactive players will automatically lose when time's up. (requested by chocokoala vgc)
|inactive|chocokoala vgc has 60 seconds left.
|inactive|richardpyt has 60 seconds left.
|
|t:|1784825470
|teamsize|p1|4
|teamsize|p2|4
|start
|switch|p1a: Aerodactyl|Aerodactyl, L50, F|100/100
|switch|p1b: Incineroar|Incineroar, L50, M|100/100
|switch|p2a: Staraptor|Staraptor, L50, F|100/100
|switch|p2b: Charizard|Charizard, L50, M, shiny|100/100
|-ability|p1a: Aerodactyl|Unnerve
|-ability|p2a: Staraptor|Intimidate|boost
|-unboost|p1a: Aerodactyl|atk|1
|-unboost|p1b: Incineroar|atk|1
|-ability|p1b: Incineroar|Intimidate|boost
|-unboost|p2a: Staraptor|atk|1
|-unboost|p2b: Charizard|atk|1
|turn|1
|inactive|richardpyt has 30 seconds left.
|
|t:|1784825497
|switch|p2a: Incineroar|Incineroar, L50, F|100/100
|-ability|p2a: Incineroar|Intimidate|boost
|-unboost|p1a: Aerodactyl|atk|1
|-unboost|p1b: Incineroar|atk|1
|detailschange|p1a: Aerodactyl|Aerodactyl-Mega, L50, F
|-mega|p1a: Aerodactyl|Aerodactyl|Aerodactylite
|move|p2b: Charizard|Protect|p2b: Charizard
|-singleturn|p2b: Charizard|Protect
|move|p1b: Incineroar|Fake Out|p2a: Incineroar
|-damage|p2a: Incineroar|95/100
|move|p1a: Aerodactyl|Rock Slide|p2a: Incineroar|[spread] p2a
|-activate|p2b: Charizard|move: Protect
|-supereffective|p2a: Incineroar|1
|-damage|p2a: Incineroar|65/100
|
|upkeep
|turn|2
|inactive|richardpyt has 30 seconds left.
|inactive|richardpyt has 20 seconds left.
|
|t:|1784825533
|switch|p1a: Appletun|Appletun, L50, F|100/100
|switch|p2b: Staraptor|Staraptor, L50, F|100/100
|-ability|p2b: Staraptor|Intimidate|boost
|-unboost|p1a: Appletun|atk|1
|-unboost|p1b: Incineroar|atk|1
|move|p1b: Incineroar|Parting Shot|p2b: Staraptor
|-unboost|p2b: Staraptor|atk|1
|-unboost|p2b: Staraptor|spa|1
|
|t:|1784825545
|switch|p1b: Conkeldurr|Conkeldurr, L50, F|100/100|[from] Parting Shot
|move|p2a: Incineroar|Parting Shot|p1b: Conkeldurr
|-unboost|p1b: Conkeldurr|atk|1
|-unboost|p1b: Conkeldurr|spa|1
|
|t:|1784825552
|switch|p2a: Charizard|Charizard, L50, M, shiny|100/100|[from] Parting Shot
|
|upkeep
|turn|3
|
|t:|1784825568
|switch|p2b: Incineroar|Incineroar, L50, F|65/100
|-ability|p2b: Incineroar|Intimidate|boost
|-unboost|p1a: Appletun|atk|1
|-unboost|p1b: Conkeldurr|atk|1
|detailschange|p2a: Charizard|Charizard-Mega-Y, L50, M, shiny
|-mega|p2a: Charizard|Charizard|Charizardite Y
|-weather|SunnyDay|[from] ability: Drought|[of] p2a: Charizard
|move|p1b: Conkeldurr|Protect|p1b: Conkeldurr
|-singleturn|p1b: Conkeldurr|Protect
|move|p2a: Charizard|Heat Wave|p1b: Conkeldurr|[spread] p1a
|-activate|p1b: Conkeldurr|move: Protect
|-damage|p1a: Appletun|77/100
|move|p1a: Appletun|Leech Seed|p2a: Charizard
|-start|p2a: Charizard|move: Leech Seed
|
|-weather|SunnyDay|[upkeep]
|-heal|p1a: Appletun|83/100|[from] item: Leftovers
|-damage|p2a: Charizard|87/100|[from] Leech Seed|[of] p1a: Appletun
|-heal|p1a: Appletun|94/100|[silent]
|upkeep
|turn|4
|
|t:|1784825587
|switch|p1b: Aerodactyl|Aerodactyl-Mega, L50, F|100/100
|move|p1a: Appletun|Protect|p1a: Appletun
|-singleturn|p1a: Appletun|Protect
|move|p2b: Incineroar|Fake Out|p1b: Aerodactyl
|-resisted|p1b: Aerodactyl|1
|-damage|p1b: Aerodactyl|93/100
|move|p2a: Charizard|Heat Wave|p1a: Appletun|[spread] p1b
|-activate|p1a: Appletun|move: Protect
|-resisted|p1b: Aerodactyl|1
|-damage|p1b: Aerodactyl|61/100
|
|-weather|SunnyDay|[upkeep]
|-heal|p1a: Appletun|100/100|[from] item: Leftovers
|-damage|p2a: Charizard|75/100|[from] Leech Seed|[of] p1a: Appletun
|upkeep
|turn|5
|
|t:|1784825604
|switch|p2b: Sinistcha|Sinistcha-Masterpiece, L50|100/100
|-heal|p2a: Charizard|100/100|[from] ability: Hospitality|[of] p2b: Sinistcha
|move|p2a: Charizard|Protect|p2a: Charizard
|-singleturn|p2a: Charizard|Protect
|move|p1b: Aerodactyl|Rock Slide|p2a: Charizard|[spread] p2b
|-activate|p2a: Charizard|move: Protect
|-damage|p2b: Sinistcha|72/100
|move|p1a: Appletun|Leech Seed|p2b: Sinistcha
|-immune|p2b: Sinistcha
|
|-weather|SunnyDay|[upkeep]
|-damage|p2a: Charizard|87/100|[from] Leech Seed|[of] p1a: Appletun
|upkeep
|turn|6
|
|t:|1784825622
|switch|p2a: Incineroar|Incineroar, L50, F|65/100
|-ability|p2a: Incineroar|Intimidate|boost
|-unboost|p1a: Appletun|atk|1
|-unboost|p1b: Aerodactyl|atk|1
|move|p1a: Appletun|Protect|p1a: Appletun
|-singleturn|p1a: Appletun|Protect
|move|p1b: Aerodactyl|Dual Wingbeat|p2b: Sinistcha
|-supereffective|p2b: Sinistcha|1
|-enditem|p2b: Sinistcha|Coba Berry|[eat]
|-enditem|p2b: Sinistcha|Coba Berry|[weaken]
|-damage|p2b: Sinistcha|55/100
|-supereffective|p2b: Sinistcha|1
|-damage|p2b: Sinistcha|20/100y
|-hitcount|p2b: Sinistcha|2
|move|p2b: Sinistcha|Matcha Gotcha|p1b: Aerodactyl|[spread] p1b
|-activate|p1a: Appletun|move: Protect
|-damage|p1b: Aerodactyl|31/100
|-heal|p2b: Sinistcha|33/100|[from] drain|[of] p1b: Aerodactyl
|
|-weather|SunnyDay|[upkeep]
|upkeep
|turn|7
|inactive|richardpyt has 30 seconds left.
|
|t:|1784825649
|move|p1b: Aerodactyl|Protect|p1b: Aerodactyl
|-singleturn|p1b: Aerodactyl|Protect
|move|p2b: Sinistcha|Matcha Gotcha|p1b: Aerodactyl|[spread] p1a
|-activate|p1b: Aerodactyl|move: Protect
|-resisted|p1a: Appletun|2
|-damage|p1a: Appletun|94/100
|-heal|p2b: Sinistcha|36/100|[from] drain|[of] p1a: Appletun
|move|p2a: Incineroar|Parting Shot|p1a: Appletun
|-unboost|p1a: Appletun|atk|1
|-unboost|p1a: Appletun|spa|1
|
|t:|1784825663
|switch|p2a: Staraptor|Staraptor, L50, F|100/100|[from] Parting Shot
|-ability|p2a: Staraptor|Intimidate|boost
|-unboost|p1a: Appletun|atk|1
|-unboost|p1b: Aerodactyl|atk|1
|move|p1a: Appletun|Leech Seed|p2a: Staraptor
|-start|p2a: Staraptor|move: Leech Seed
|
|-weather|none
|-heal|p1a: Appletun|100/100|[from] item: Leftovers
|-damage|p2a: Staraptor|87/100|[from] Leech Seed|[of] p1a: Appletun
|upkeep
|turn|8
|
|t:|1784825679
|switch|p2b: Charizard|Charizard-Mega-Y, L50, M, shiny|87/100
|-weather|SunnyDay|[from] ability: Drought|[of] p2b: Charizard
|move|p1a: Appletun|Protect|p1a: Appletun
|-singleturn|p1a: Appletun|Protect
|move|p1b: Aerodactyl|Dual Wingbeat|p2b: Charizard
|-damage|p2b: Charizard|76/100
|-damage|p2b: Charizard|64/100
|-hitcount|p2b: Charizard|2
|move|p2a: Staraptor|Close Combat|p1b: Aerodactyl
|-damage|p1b: Aerodactyl|0 fnt
|-unboost|p2a: Staraptor|def|1
|-unboost|p2a: Staraptor|spd|1
|faint|p1b: Aerodactyl
|
|-weather|SunnyDay|[upkeep]
|-damage|p2a: Staraptor|75/100|[from] Leech Seed|[of] p1a: Appletun
|upkeep
|
|t:|1784825696
|switch|p1b: Incineroar|Incineroar, L50, M|100/100
|-ability|p1b: Incineroar|Intimidate|boost
|-unboost|p2a: Staraptor|atk|1
|-unboost|p2b: Charizard|atk|1
|turn|9
|
|t:|1784825707
|switch|p2a: Incineroar|Incineroar, L50, F|65/100
|-ability|p2a: Incineroar|Intimidate|boost
|-unboost|p1a: Appletun|atk|1
|-unboost|p1b: Incineroar|atk|1
|move|p2b: Charizard|Protect|p2b: Charizard
|-singleturn|p2b: Charizard|Protect
|move|p1b: Incineroar|Fake Out|p2b: Charizard
|-activate|p2b: Charizard|move: Protect
|move|p1a: Appletun|Dragon Pulse|p2a: Incineroar
|-damage|p2a: Incineroar|50/100g
|
|-weather|SunnyDay|[upkeep]
|upkeep
|turn|10
|
|t:|1784825722
|move|p2a: Incineroar|Fake Out|p1a: Appletun
|-damage|p1a: Appletun|91/100
|move|p2b: Charizard|Heat Wave|p1a: Appletun|[spread] p1a,p1b
|-resisted|p1b: Incineroar|1
|-damage|p1a: Appletun|68/100
|-damage|p1b: Incineroar|79/100
|move|p1b: Incineroar|Parting Shot|p2b: Charizard
|-unboost|p2b: Charizard|atk|1
|-unboost|p2b: Charizard|spa|1
|
|t:|1784825731
|switch|p1b: Conkeldurr|Conkeldurr, L50, F|100/100|[from] Parting Shot
|cant|p1a: Appletun|flinch
|
|-weather|SunnyDay|[upkeep]
|-heal|p1a: Appletun|74/100|[from] item: Leftovers
|upkeep
|turn|11
|
|t:|1784825739
|switch|p2a: Sinistcha|Sinistcha-Masterpiece, L50|36/100
|-heal|p2b: Charizard|89/100|[from] ability: Hospitality|[of] p2a: Sinistcha
|move|p2b: Charizard|Breaking Swipe|p1a: Appletun|[spread] p1a,p1b
|-supereffective|p1a: Appletun|1
|-damage|p1a: Appletun|66/100
|-damage|p1b: Conkeldurr|96/100
|-unboost|p1b: Conkeldurr|atk|1
|move|p1b: Conkeldurr|Drain Punch|p2a: Sinistcha
|-immune|p2a: Sinistcha
|move|p1a: Appletun|Leech Seed|p2b: Charizard
|-start|p2b: Charizard|move: Leech Seed
|
|-weather|SunnyDay|[upkeep]
|-heal|p1a: Appletun|72/100|[from] item: Leftovers
|-damage|p2b: Charizard|76/100|[from] Leech Seed|[of] p1a: Appletun
|-heal|p1a: Appletun|82/100|[silent]
|upkeep
|turn|12
|inactive|richardpyt has 30 seconds left.
|
|t:|1784825769
|switch|p2b: Incineroar|Incineroar, L50, F|50/100g
|-ability|p2b: Incineroar|Intimidate|boost
|-unboost|p1a: Appletun|atk|0
|-unboost|p1b: Conkeldurr|atk|1
|move|p2a: Sinistcha|Protect|p2a: Sinistcha
|-singleturn|p2a: Sinistcha|Protect
|move|p1a: Appletun|Protect|p1a: Appletun
|-singleturn|p1a: Appletun|Protect
|move|p1b: Conkeldurr|Knock Off|p2a: Sinistcha
|-activate|p2a: Sinistcha|move: Protect
|
|-weather|none
|-heal|p1a: Appletun|88/100|[from] item: Leftovers
|upkeep
|turn|13
|
|t:|1784825786
|switch|p2a: Staraptor|Staraptor, L50, F|75/100
|-ability|p2a: Staraptor|Intimidate|boost
|-unboost|p1a: Appletun|atk|0
|-unboost|p1b: Conkeldurr|atk|1
|move|p2b: Incineroar|Fake Out|p1b: Conkeldurr
|-damage|p1b: Conkeldurr|86/100
|cant|p1b: Conkeldurr|flinch
|move|p1a: Appletun|Dragon Pulse|p2a: Staraptor
|-damage|p2a: Staraptor|47/100
|
|-heal|p1a: Appletun|94/100|[from] item: Leftovers
|upkeep
|turn|14
|
|t:|1784825807
|switch|p2b: Sinistcha|Sinistcha-Masterpiece, L50|36/100
|-heal|p2a: Staraptor|72/100|[from] ability: Hospitality|[of] p2b: Sinistcha
|switch|p1b: Incineroar|Incineroar, L50, M|79/100
|-ability|p1b: Incineroar|Intimidate|boost
|-unboost|p2a: Staraptor|atk|1
|-unboost|p2b: Sinistcha|atk|1
|move|p1a: Appletun|Protect|p1a: Appletun
|-singleturn|p1a: Appletun|Protect
|move|p2a: Staraptor|Brave Bird|p1a: Appletun
|-activate|p1a: Appletun|move: Protect
|
|-heal|p1a: Appletun|100/100|[from] item: Leftovers
|upkeep
|turn|15
|
|t:|1784825828
|switch|p2a: Charizard|Charizard-Mega-Y, L50, M, shiny|76/100
|-weather|SunnyDay|[from] ability: Drought|[of] p2a: Charizard
|move|p2b: Sinistcha|Protect|p2b: Sinistcha
|-singleturn|p2b: Sinistcha|Protect
|move|p1b: Incineroar|Flare Blitz|p2b: Sinistcha
|-activate|p2b: Sinistcha|move: Protect
|move|p1a: Appletun|Leech Seed|p2a: Charizard
|-start|p2a: Charizard|move: Leech Seed
|
|-weather|SunnyDay|[upkeep]
|-damage|p2a: Charizard|64/100|[from] Leech Seed|[of] p1a: Appletun
|upkeep
|turn|16
|j| WestVirginiaWoolf
|
|t:|1784825852
|switch|p2b: Incineroar|Incineroar, L50, F|50/100g
|-ability|p2b: Incineroar|Intimidate|boost
|-unboost|p1a: Appletun|atk|0
|-unboost|p1b: Incineroar|atk|1
|move|p2a: Charizard|Heat Wave|p1b: Incineroar|[spread] p1a,p1b
|-resisted|p1b: Incineroar|1
|-damage|p1a: Appletun|79/100
|-damage|p1b: Incineroar|57/100
|move|p1b: Incineroar|Flare Blitz|p2b: Incineroar
|-resisted|p2b: Incineroar|1
|-damage|p2b: Incineroar|29/100
|-enditem|p2b: Incineroar|Sitrus Berry|[eat]
|-heal|p2b: Incineroar|54/100|[from] item: Sitrus Berry
|-damage|p1b: Incineroar|50/100g|[from] Recoil
|move|p1a: Appletun|Leech Seed|p2b: Incineroar
|-start|p2b: Incineroar|move: Leech Seed
|
|-weather|SunnyDay|[upkeep]
|-heal|p1a: Appletun|85/100|[from] item: Leftovers
|-damage|p2a: Charizard|51/100|[from] Leech Seed|[of] p1a: Appletun
|-heal|p1a: Appletun|95/100|[silent]
|-damage|p2b: Incineroar|42/100|[from] Leech Seed|[of] p1a: Appletun
|-heal|p1a: Appletun|100/100|[silent]
|upkeep
|turn|17
|inactive|chocokoala vgc has 30 seconds left.
|inactive|richardpyt has 30 seconds left.
|
|t:|1784825879
|move|p2a: Charizard|Heat Wave|p1b: Incineroar|[spread] p1a,p1b
|-resisted|p1b: Incineroar|1
|-damage|p1a: Appletun|77/100
|-damage|p1b: Incineroar|29/100
|-enditem|p1b: Incineroar|Sitrus Berry|[eat]
|-heal|p1b: Incineroar|54/100|[from] item: Sitrus Berry
|move|p1b: Incineroar|Flare Blitz|p2a: Charizard
|-resisted|p2a: Charizard|1
|-crit|p2a: Charizard
|-damage|p2a: Charizard|10/100
|-damage|p1b: Incineroar|42/100|[from] Recoil
|move|p2b: Incineroar|Parting Shot|p1b: Incineroar
|-unboost|p1b: Incineroar|atk|1
|-unboost|p1b: Incineroar|spa|1
|l| WestVirginiaWoolf
|
|t:|1784825891
|switch|p2b: Sinistcha|Sinistcha-Masterpiece, L50|36/100|[from] Parting Shot
|-heal|p2a: Charizard|35/100|[from] ability: Hospitality|[of] p2b: Sinistcha
|move|p1a: Appletun|Dragon Pulse|p2b: Sinistcha
|-damage|p2b: Sinistcha|19/100
|
|-weather|SunnyDay|[upkeep]
|-heal|p1a: Appletun|83/100|[from] item: Leftovers
|-damage|p2a: Charizard|22/100|[from] Leech Seed|[of] p1a: Appletun
|-heal|p1a: Appletun|94/100|[silent]
|upkeep
|turn|18
|
|t:|1784825907
|switch|p2a: Staraptor|Staraptor, L50, F|72/100
|-ability|p2a: Staraptor|Intimidate|boost
|-unboost|p1a: Appletun|atk|0
|-unboost|p1b: Incineroar|atk|1
|move|p2b: Sinistcha|Protect|p2b: Sinistcha
|-singleturn|p2b: Sinistcha|Protect
|move|p1b: Incineroar|Flare Blitz|p2b: Sinistcha
|-activate|p2b: Sinistcha|move: Protect
|move|p1a: Appletun|Dragon Pulse|p2a: Staraptor
|-damage|p2a: Staraptor|45/100
|
|-weather|SunnyDay|[upkeep]
|-heal|p1a: Appletun|100/100|[from] item: Leftovers
|upkeep
|turn|19
|inactive|richardpyt has 30 seconds left.
|
|t:|1784825933
|switch|p2b: Charizard|Charizard-Mega-Y, L50, M, shiny|22/100
|switch|p1b: Conkeldurr|Conkeldurr, L50, F|86/100
|move|p2a: Staraptor|Close Combat|p1b: Conkeldurr
|-damage|p1b: Conkeldurr|50/100g
|-unboost|p2a: Staraptor|def|1
|-unboost|p2a: Staraptor|spd|1
|move|p1a: Appletun|Dragon Pulse|p2a: Staraptor
|-damage|p2a: Staraptor|5/100
|
|-weather|none
|upkeep
|turn|20
|inactive|richardpyt has 30 seconds left.
|
|t:|1784825953
|switch|p2a: Sinistcha|Sinistcha-Masterpiece, L50|19/100
|-heal|p2b: Charizard|47/100|[from] ability: Hospitality|[of] p2a: Sinistcha
|move|p2b: Charizard|Protect|p2b: Charizard
|-singleturn|p2b: Charizard|Protect
|move|p1b: Conkeldurr|Knock Off|p2a: Sinistcha
|-supereffective|p2a: Sinistcha|1
|-damage|p2a: Sinistcha|0 fnt
|faint|p2a: Sinistcha
|-damage|p1b: Conkeldurr|41/100|[from] item: Life Orb
|move|p1a: Appletun|Leech Seed|p2b: Charizard
|-activate|p2b: Charizard|move: Protect
|
|upkeep
|inactive|richardpyt has 30 seconds left this turn.
|inactive|richardpyt has 20 seconds left.
|
|t:|1784825966
|switch|p2a: Staraptor|Staraptor, L50, F|5/100
|-ability|p2a: Staraptor|Intimidate|boost
|-unboost|p1a: Appletun|atk|0
|-unboost|p1b: Conkeldurr|atk|1
|turn|21
|inactive|richardpyt has 20 seconds left this turn.
|inactive|richardpyt has 15 seconds left.
|inactive|richardpyt has 10 seconds left.
|inactive|richardpyt has 5 seconds left.
|
|t:|1784825981
|switch|p2a: Incineroar|Incineroar, L50, F|42/100
|-ability|p2a: Incineroar|Intimidate|boost
|-unboost|p1a: Appletun|atk|0
|-unboost|p1b: Conkeldurr|atk|1
|move|p1b: Conkeldurr|Mach Punch|p2a: Incineroar
|-supereffective|p2a: Incineroar|1
|-damage|p2a: Incineroar|5/100
|-damage|p1b: Conkeldurr|31/100|[from] item: Life Orb
|move|p2b: Charizard|Heat Wave|p1b: Conkeldurr|[spread] p1a,p1b
|-damage|p1a: Appletun|86/100
|-damage|p1b: Conkeldurr|0 fnt
|faint|p1b: Conkeldurr
|move|p1a: Appletun|Leech Seed|p2b: Charizard|[miss]
|-miss|p1a: Appletun|p2b: Charizard
|
|-heal|p1a: Appletun|92/100|[from] item: Leftovers
|upkeep
|
|t:|1784825996
|switch|p1b: Incineroar|Incineroar, L50, M|42/100
|-ability|p1b: Incineroar|Intimidate|boost
|-unboost|p2a: Incineroar|atk|1
|-unboost|p2b: Charizard|atk|1
|turn|22
|inactive|richardpyt has 5 seconds left this turn.
|-message|richardpyt lost due to inactivity.
|
|win|chocokoala vgc
