|j|☆ZaVGC
|j|☆ignorance1sbliss
|html|ZaVGCignorance1sbliss    
|uhtml|bestof|Game 3 of a best-of-3
|t:|1783399122
|gametype|doubles
|player|p1|ZaVGC|steven|1031
|player|p2|ignorance1sbliss|170|1000
|gen|9
|tier|[Gen 9 Champions] VGC 2026 Reg M-B (Bo3)
|rated|
|rule|Species Clause: Limit one of each Pokémon
|rule|Item Clause: Limit 1 of each item
|clearpoke
|poke|p1|Pyroar, L50, M|
|poke|p1|Whimsicott, L50, F|
|poke|p1|Ninetales, L50, M|
|poke|p1|Farigiraf, L50, M|
|poke|p1|Basculegion, L50, M|
|poke|p1|Gardevoir, L50, F|
|poke|p2|Meowstic, L50, M, shiny|
|poke|p2|Flapple, L50, F, shiny|
|poke|p2|Milotic, L50, F, shiny|
|poke|p2|Delphox, L50, M, shiny|
|poke|p2|Garchomp, L50, F|
|poke|p2|Kingambit, L50, F, shiny|
|teampreview|4
|showteam|p1|Pyroar||Pyroarite|Unnerve|Flamethrower,BurningJealousy,SolarBeam,Protect|Timid||M|||50|]Whimsicott||FocusSash|Prankster|Moonblast,Tailwind,SunnyDay,Protect|Timid||F|||50|]Ninetales||ChoiceScarf|Drought|Flamethrower,BurningJealousy,SolarBeam,FakeTears|Modest||M|||50|]Farigiraf||SitrusBerry|ArmorTail|Thunderbolt,TwinBeam,TrickRoom,HelpingHand|Bold||M|||50|]Basculegion||LifeOrb|Adaptability|WaveCrash,LastRespects,AquaJet,Protect|Adamant||M|||50|]Gardevoir||Gardevoirite|Synchronize|HyperVoice,Moonblast,Psyshock,Protect|Modest||F|||50|
|showteam|p2|Meowstic||FocusSash|Prankster|Gravity,PsychicTerrain,TrickRoom,HelpingHand|Calm||M|||50|]Flapple||ChoiceScarf|Hustle|GravApple,DualWingbeat,SuckerPunch,Uturn|Jolly||F|||50|]Milotic||Leftovers|Competitive|Hypnosis,Recover,Protect,Scald|Bold||F|||50|]Delphox||Delphoxite|Magician|ExpandingForce,HeatWave,Protect,Hypnosis|Modest||M|||50|]Garchomp||LifeOrb|SandVeil|DragonClaw,Protect,RockSlide,StompingTantrum|Jolly||F|||50|]Kingambit||ChopleBerry|Defiant|KowtowCleave,SuckerPunch,Protect,IronHead|Adamant||F|||50|
|
|t:|1783399169
|teamsize|p1|4
|teamsize|p2|4
|start
|switch|p1a: Ninetales|Ninetales, L50, M|100/100
|switch|p1b: Gardevoir|Gardevoir, L50, F|100/100
|switch|p2a: cat :3|Meowstic, L50, M, shiny|100/100
|switch|p2b: snek cat|Milotic, L50, F, shiny|100/100
|-weather|SunnyDay|[from] ability: Drought|[of] p1a: Ninetales
|turn|1
|
|t:|1783399214
|switch|p1b: Whimsicott|Whimsicott, L50, F|100/100
|move|p2a: cat :3|Gravity|p2a: cat :3
|-fieldstart|move: Gravity
|move|p1a: Ninetales|Solar Beam||[still]
|-prepare|p1a: Ninetales|Solar Beam
|-anim|p1a: Ninetales|Solar Beam|p2b: snek cat
|-supereffective|p2b: snek cat|1
|-damage|p2b: snek cat|48/100
|move|p2b: snek cat|Hypnosis|p1a: Ninetales
|-status|p1a: Ninetales|slp|[from] move: Hypnosis
|
|-weather|SunnyDay|[upkeep]
|-heal|p2b: snek cat|54/100|[from] item: Leftovers
|upkeep
|turn|2
|
|t:|1783399242
|switch|p1a: Gardevoir|Gardevoir, L50, F|100/100
|switch|p2b: magic cat|Delphox, L50, M, shiny|100/100
|move|p1b: Whimsicott|Protect|p1b: Whimsicott
|-singleturn|p1b: Whimsicott|Protect
|move|p2a: cat :3|Psychic Terrain|p2a: cat :3
|-fieldstart|move: Psychic Terrain
|
|-weather|SunnyDay|[upkeep]
|upkeep
|turn|3
|
|t:|1783399279
|detailschange|p2b: magic cat|Delphox-Mega, L50, M, shiny
|-mega|p2b: magic cat|Delphox|Delphoxite
|detailschange|p1a: Gardevoir|Gardevoir-Mega, L50, F
|-mega|p1a: Gardevoir|Gardevoir|Gardevoirite
|move|p2a: cat :3|Helping Hand|p2b: magic cat
|-singleturn|p2b: magic cat|Helping Hand|[of] p2a: cat :3
|move|p1b: Whimsicott|Tailwind|p1b: Whimsicott
|-sidestart|p1: ZaVGC|move: Tailwind
|move|p1a: Gardevoir|Psyshock|p2b: magic cat
|-resisted|p2b: magic cat|1
|-damage|p2b: magic cat|46/100
|move|p2b: magic cat|Heat Wave|p1a: Gardevoir|[spread] p1a,p1b
|-supereffective|p1b: Whimsicott|1
|-damage|p1a: Gardevoir|4/100
|-enditem|p1b: Whimsicott|Focus Sash
|-damage|p1b: Whimsicott|1/100
|
|-weather|SunnyDay|[upkeep]
|upkeep
|turn|4
|
|t:|1783399304
|move|p2b: magic cat|Protect|p2b: magic cat
|-singleturn|p2b: magic cat|Protect
|move|p1b: Whimsicott|Moonblast|p2b: magic cat
|-activate|p2b: magic cat|move: Protect
|move|p1a: Gardevoir|Psyshock|p2b: magic cat
|-activate|p2b: magic cat|move: Protect
|move|p2a: cat :3|Trick Room|p2a: cat :3
|-fieldstart|move: Trick Room|[of] p2a: cat :3
|
|-weather|SunnyDay|[upkeep]
|upkeep
|turn|5
|
|t:|1783399342
|switch|p2a: snek cat|Milotic, L50, F, shiny|54/100
|move|p1b: Whimsicott|Protect|p1b: Whimsicott
|-singleturn|p1b: Whimsicott|Protect
|move|p1a: Gardevoir|Protect|p1a: Gardevoir
|-singleturn|p1a: Gardevoir|Protect
|move|p2b: magic cat|Hypnosis|p1a: Gardevoir
|-activate|p1a: Gardevoir|move: Protect
|
|-weather|none
|-heal|p2a: snek cat|60/100|[from] item: Leftovers
|-fieldend|move: Gravity
|upkeep
|turn|6
|inactive|Battle timer is ON: inactive players will automatically lose when time's up. (requested by ignorance1sbliss)
|
|t:|1783399388
|switch|p2b: cat :3|Meowstic, L50, M, shiny|100/100
|switch|p1a: Ninetales|Ninetales, L50, M|100/100 slp
|-weather|SunnyDay|[from] ability: Drought|[of] p1a: Ninetales
|switch|p1b: Basculegion|Basculegion, L50, M|100/100
|move|p2a: snek cat|Hypnosis|p1a: Ninetales|[miss]
|-miss|p2a: snek cat|p1a: Ninetales
|
|-weather|SunnyDay|[upkeep]
|-heal|p2a: snek cat|66/100|[from] item: Leftovers
|-sideend|p1: ZaVGC|move: Tailwind
|-fieldend|move: Psychic Terrain
|upkeep
|turn|7
|
|t:|1783399405
|move|p1b: Basculegion|Protect|p1b: Basculegion
|-singleturn|p1b: Basculegion|Protect
|move|p2b: cat :3|Gravity|p2b: cat :3
|-fieldstart|move: Gravity
|move|p2a: snek cat|Hypnosis|p1b: Basculegion
|-activate|p1b: Basculegion|move: Protect
|cant|p1a: Ninetales|slp
|
|-weather|SunnyDay|[upkeep]
|-heal|p2a: snek cat|72/100|[from] item: Leftovers
|upkeep
|turn|8
|
|t:|1783399429
|switch|p1b: Gardevoir|Gardevoir-Mega, L50, F|4/100
|switch|p2b: apple cat|Flapple, L50, F, shiny|100/100
|move|p2a: snek cat|Hypnosis|p1b: Gardevoir
|-status|p1b: Gardevoir|slp|[from] move: Hypnosis
|cant|p1a: Ninetales|slp
|
|-weather|SunnyDay|[upkeep]
|-heal|p2a: snek cat|78/100|[from] item: Leftovers
|-fieldend|move: Trick Room
|upkeep
|turn|9
|inactive|ignorance1sbliss has 30 seconds left.
|inactive|ignorance1sbliss has 20 seconds left.
|inactive|ignorance1sbliss has 15 seconds left.
|
|t:|1783399469
|cant|p1b: Gardevoir|slp
|-curestatus|p1a: Ninetales|slp|[msg]
|move|p1a: Ninetales|Solar Beam||[still]
|-prepare|p1a: Ninetales|Solar Beam
|-anim|p1a: Ninetales|Solar Beam|p2a: snek cat
|-supereffective|p2a: snek cat|1
|-damage|p2a: snek cat|30/100
|move|p2b: apple cat|Grav Apple|p1b: Gardevoir
|-damage|p1b: Gardevoir|0 fnt
|faint|p1b: Gardevoir
|move|p2a: snek cat|Hypnosis|p1a: Ninetales
|-status|p1a: Ninetales|slp|[from] move: Hypnosis
|
|-weather|SunnyDay|[upkeep]
|-heal|p2a: snek cat|36/100|[from] item: Leftovers
|upkeep
|
|t:|1783399484
|switch|p1b: Whimsicott|Whimsicott, L50, F|1/100
|turn|10
|inactive|ZaVGC has 30 seconds left.
|
|t:|1783399511
|move|p1b: Whimsicott|Protect|p1b: Whimsicott
|-singleturn|p1b: Whimsicott|Protect
|cant|p1a: Ninetales|slp
|move|p2b: apple cat|Grav Apple|p1b: Whimsicott
|-activate|p1b: Whimsicott|move: Protect
|move|p2a: snek cat|Recover|p2a: snek cat
|-heal|p2a: snek cat|86/100
|
|-weather|none
|-heal|p2a: snek cat|92/100|[from] item: Leftovers
|upkeep
|turn|11
|
|t:|1783399529
|switch|p2b: cat :3|Meowstic, L50, M, shiny|100/100
|move|p1b: Whimsicott|Sunny Day|p1b: Whimsicott
|-weather|SunnyDay
|cant|p1a: Ninetales|slp
|move|p2a: snek cat|Scald|p1b: Whimsicott
|-resisted|p1b: Whimsicott|1
|-damage|p1b: Whimsicott|0 fnt
|faint|p1b: Whimsicott
|
|-weather|SunnyDay|[upkeep]
|-heal|p2a: snek cat|98/100|[from] item: Leftovers
|-fieldend|move: Gravity
|upkeep
|
|t:|1783399531
|switch|p1b: Basculegion|Basculegion, L50, M|100/100
|turn|12
|
|t:|1783399551
|move|p2b: cat :3|Gravity|p2b: cat :3
|-fieldstart|move: Gravity
|-curestatus|p1a: Ninetales|slp|[msg]
|move|p1a: Ninetales|Solar Beam||[still]
|-prepare|p1a: Ninetales|Solar Beam
|-anim|p1a: Ninetales|Solar Beam|p2a: snek cat
|-supereffective|p2a: snek cat|1
|-damage|p2a: snek cat|50/100g
|move|p1b: Basculegion|Last Respects|p2a: snek cat
|-damage|p2a: snek cat|0 fnt
|faint|p2a: snek cat
|-damage|p1b: Basculegion|90/100|[from] item: Life Orb
|
|-weather|SunnyDay|[upkeep]
|upkeep
|
|t:|1783399566
|switch|p2a: apple cat|Flapple, L50, F, shiny|100/100
|turn|13
|inactive|ZaVGC has 30 seconds left.
|
|t:|1783399591
|move|p1b: Basculegion|Protect|p1b: Basculegion
|-singleturn|p1b: Basculegion|Protect
|move|p2b: cat :3|Psychic Terrain|p2b: cat :3
|-fieldstart|move: Psychic Terrain
|move|p1a: Ninetales|Solar Beam||[still]
|-prepare|p1a: Ninetales|Solar Beam
|-anim|p1a: Ninetales|Solar Beam|p2a: apple cat
|-resisted|p2a: apple cat|2
|-damage|p2a: apple cat|85/100
|move|p2a: apple cat|Grav Apple|p1b: Basculegion
|-activate|p1b: Basculegion|move: Protect
|
|-weather|SunnyDay|[upkeep]
|upkeep
|turn|14
|
|t:|1783399609
|switch|p2b: magic cat|Delphox-Mega, L50, M, shiny|46/100
|move|p1a: Ninetales|Solar Beam||[still]
|-prepare|p1a: Ninetales|Solar Beam
|-anim|p1a: Ninetales|Solar Beam|p2a: apple cat
|-resisted|p2a: apple cat|2
|-damage|p2a: apple cat|70/100
|move|p2a: apple cat|Grav Apple|p1b: Basculegion
|-supereffective|p1b: Basculegion|1
|-damage|p1b: Basculegion|0 fnt
|faint|p1b: Basculegion
|
|-weather|SunnyDay|[upkeep]
|upkeep
|turn|15
|-message|ZaVGC forfeited.
|
|win|ignorance1sbliss
|raw|ZaVGC's rating: 1031 → 1015(-16 for losing)
|raw|ignorance1sbliss's rating: 1000 → 1044(+44 for winning)
