|j|☆MrMrvz
|j|☆BYAAHTBIGW
|html|MrMrvzBYAAHTBIGW    
|uhtml|bestof|Game 1 of a best-of-3
|t:|1785348957
|gametype|doubles
|player|p1|MrMrvz|ethan|1184
|player|p2|BYAAHTBIGW|koga|1109
|gen|9
|tier|[Gen 9 Champions] VGC 2026 Reg M-B (Bo3)
|rated|
|rule|Species Clause: Limit one of each Pokémon
|rule|Item Clause: Limit 1 of each item
|clearpoke
|poke|p1|Staraptor, L50, F|
|poke|p1|Whimsicott, L50, F|
|poke|p1|Garchomp, L50, F|
|poke|p1|Milotic, L50, M|
|poke|p1|Gholdengo, L50|
|poke|p1|Incineroar, L50, F|
|poke|p2|Gengar, L50, F|
|poke|p2|Politoed, L50, F|
|poke|p2|Sinistcha, L50|
|poke|p2|Archaludon, L50, F|
|poke|p2|Incineroar, L50, M|
|poke|p2|Dragonite, L50, F|
|teampreview|4
|showteam|p1|Staraptor||Staraptite|Intimidate|CloseCombat,BraveBird,Roost,Protect|Jolly||F|||50|]Whimsicott||FocusSash|Prankster|Moonblast,Taunt,Tailwind,Charm|Timid||F|||50|]Garchomp||LifeOrb|RoughSkin|StompingTantrum,RockSlide,DragonClaw,Protect|Adamant||F|||50|]Milotic||Leftovers|Competitive|IcyWind,Scald,Protect,Recover|Bold||M|||50|]Gholdengo||SitrusBerry|GoodasGold|MakeItRain,ShadowBall,NastyPlot,Protect|Modest|||||50|]Incineroar||ChopleBerry|Intimidate|FakeOut,PartingShot,FlareBlitz,ThroatChop|Relaxed||F|||50|
|showteam|p2|Gengar||Gengarite|CursedBody|Protect,WillOWisp,SludgeBomb,ShadowBall|Timid||F|||50|]Politoed||SitrusBerry|Drizzle|Protect,IcyWind,PerishSong,WeatherBall|Bold||F|||50|]Sinistcha||ColburBerry|Hospitality|RagePowder,TrickRoom,MatchaGotcha,LifeDew|Bold|||||50|]Archaludon||Leftovers|Stamina|Protect,ElectroShot,FlashCannon,DragonPulse|Relaxed||F|||50|]Incineroar||ShucaBerry|Intimidate|ThroatChop,Protect,PartingShot,FakeOut|Careful||M|||50|]Dragonite||Dragoninite|InnerFocus|RainDance,Hurricane,DragonPulse,Thunderbolt|Timid||F|||50|
|
|t:|1785348993
|teamsize|p1|4
|teamsize|p2|4
|start
|switch|p1a: Gholdengo|Gholdengo, L50|100/100
|switch|p1b: Whimsicott|Whimsicott, L50, F|100/100
|switch|p2a: Gengar|Gengar, L50, F|100/100
|switch|p2b: Politoed|Politoed, L50, F|100/100
|-weather|RainDance|[from] ability: Drizzle|[of] p2b: Politoed
|turn|1
|
|t:|1785349030
|detailschange|p2a: Gengar|Gengar-Mega, L50, F
|-mega|p2a: Gengar|Gengar|Gengarite
|move|p1b: Whimsicott|Tailwind|p1b: Whimsicott
|-sidestart|p1: MrMrvz|move: Tailwind
|move|p1a: Gholdengo|Shadow Ball|p2a: Gengar
|-supereffective|p2a: Gengar|1
|-damage|p2a: Gengar|10/100
|move|p2a: Gengar|Shadow Ball|p1a: Gholdengo
|-supereffective|p1a: Gholdengo|1
|-damage|p1a: Gholdengo|6/100
|-enditem|p1a: Gholdengo|Sitrus Berry|[eat]
|-heal|p1a: Gholdengo|31/100|[from] item: Sitrus Berry
|move|p2b: Politoed|Icy Wind|p1a: Gholdengo|[spread] p1a,p1b
|-resisted|p1a: Gholdengo|1
|-supereffective|p1b: Whimsicott|1
|-damage|p1a: Gholdengo|26/100
|-damage|p1b: Whimsicott|72/100
|-unboost|p1a: Gholdengo|spe|1
|-unboost|p1b: Whimsicott|spe|1
|
|-weather|RainDance|[upkeep]
|upkeep
|turn|2
|
|t:|1785349071
|move|p2a: Gengar|Protect|p2a: Gengar
|-singleturn|p2a: Gengar|Protect
|move|p1a: Gholdengo|Protect|p1a: Gholdengo
|-singleturn|p1a: Gholdengo|Protect
|move|p1b: Whimsicott|Moonblast|p2a: Gengar
|-activate|p2a: Gengar|move: Protect
|move|p2b: Politoed|Icy Wind|p1b: Whimsicott|[spread] p1b
|-activate|p1a: Gholdengo|move: Protect
|-supereffective|p1b: Whimsicott|1
|-damage|p1b: Whimsicott|43/100
|-unboost|p1b: Whimsicott|spe|1
|
|-weather|RainDance|[upkeep]
|upkeep
|turn|3
|inactive|Battle timer is ON: inactive players will automatically lose when time's up. (requested by BYAAHTBIGW)
|
|t:|1785349119
|switch|p2a: Incineroar|Incineroar, L50, M|100/100
|-ability|p2a: Incineroar|Intimidate|boost
|-unboost|p1a: Gholdengo|atk|1
|-unboost|p1b: Whimsicott|atk|1
|move|p1b: Whimsicott|Moonblast|p2a: Incineroar
|-damage|p2a: Incineroar|74/100
|move|p1a: Gholdengo|Shadow Ball|p2a: Incineroar
|-resisted|p2a: Incineroar|1
|-damage|p2a: Incineroar|56/100
|-unboost|p2a: Incineroar|spd|1
|move|p2b: Politoed|Weather Ball|p1a: Gholdengo
|-damage|p1a: Gholdengo|0 fnt
|faint|p1a: Gholdengo
|
|-weather|RainDance|[upkeep]
|upkeep
|
|t:|1785349134
|switch|p1a: Staraptor|Staraptor, L50, F|100/100
|-ability|p1a: Staraptor|Intimidate|boost
|-unboost|p2a: Incineroar|atk|1
|-unboost|p2b: Politoed|atk|1
|turn|4
|inactive|BYAAHTBIGW has 30 seconds left.
|
|t:|1785349162
|detailschange|p1a: Staraptor|Staraptor-Mega, L50, F
|-mega|p1a: Staraptor|Staraptor|Staraptite
|move|p2a: Incineroar|Fake Out|p1a: Staraptor
|-damage|p1a: Staraptor|92/100
|move|p1b: Whimsicott|Charm|p1a: Staraptor
|-boost|p1a: Staraptor|atk|2
|cant|p1a: Staraptor|flinch
|move|p2b: Politoed|Weather Ball|p1a: Staraptor
|-damage|p1a: Staraptor|42/100
|
|-weather|RainDance|[upkeep]
|-sideend|p1: MrMrvz|move: Tailwind
|upkeep
|turn|5
|inactive|BYAAHTBIGW has 30 seconds left.
|
|t:|1785349196
|move|p1b: Whimsicott|Tailwind|p1b: Whimsicott
|-sidestart|p1: MrMrvz|move: Tailwind
|move|p1a: Staraptor|Roost|p1a: Staraptor
|-heal|p1a: Staraptor|93/100
|-singleturn|p1a: Staraptor|move: Roost
|move|p2a: Incineroar|Parting Shot|p1b: Whimsicott
|-unboost|p1b: Whimsicott|atk|1
|-unboost|p1b: Whimsicott|spa|1
|
|t:|1785349205
|switch|p2a: Sinistcha|Sinistcha, L50|100/100|[from] Parting Shot
|move|p2b: Politoed|Weather Ball|p1a: Staraptor
|-damage|p1a: Staraptor|45/100
|
|-weather|none
|upkeep
|turn|6
|inactive|MrMrvz has 30 seconds left.
|
|t:|1785349231
|switch|p1b: Milotic|Milotic, L50, M|100/100
|switch|p2b: Gengar|Gengar-Mega, L50, F|10/100
|move|p1a: Staraptor|Roost|p1a: Staraptor
|-heal|p1a: Staraptor|95/100
|-singleturn|p1a: Staraptor|move: Roost
|move|p2a: Sinistcha|Trick Room|p2a: Sinistcha
|-fieldstart|move: Trick Room|[of] p2a: Sinistcha
|
|upkeep
|turn|7
|
|t:|1785349249
|switch|p2b: Politoed|Politoed, L50, F|100/100
|-weather|RainDance|[from] ability: Drizzle|[of] p2b: Politoed
|move|p1a: Staraptor|Protect|p1a: Staraptor
|-singleturn|p1a: Staraptor|Protect
|move|p2a: Sinistcha|Matcha Gotcha|p1b: Milotic|[spread] p1b
|-activate|p1a: Staraptor|move: Protect
|-supereffective|p1b: Milotic|1
|-damage|p1b: Milotic|66/100
|move|p1b: Milotic|Icy Wind|p2a: Sinistcha|[spread] p2a,p2b
|-supereffective|p2a: Sinistcha|1
|-resisted|p2b: Politoed|1
|-damage|p2a: Sinistcha|82/100
|-damage|p2b: Politoed|95/100
|-unboost|p2a: Sinistcha|spe|1
|-unboost|p2b: Politoed|spe|1
|
|-weather|RainDance|[upkeep]
|-heal|p1b: Milotic|72/100|[from] item: Leftovers
|upkeep
|turn|8
|inactive|BYAAHTBIGW has 30 seconds left.
|inactive|BYAAHTBIGW has 20 seconds left.
|
|t:|1785349293
|move|p2a: Sinistcha|Matcha Gotcha|p1a: Staraptor|[spread] p1b
|-miss|p2a: Sinistcha|p1a: Staraptor
|-supereffective|p1b: Milotic|1
|-damage|p1b: Milotic|32/100
|-heal|p2a: Sinistcha|100/100|[from] drain|[of] p1b: Milotic
|move|p2b: Politoed|Weather Ball|p1a: Staraptor
|-damage|p1a: Staraptor|43/100
|move|p1b: Milotic|Icy Wind|p2b: Politoed|[spread] p2a,p2b
|-supereffective|p2a: Sinistcha|1
|-resisted|p2b: Politoed|1
|-damage|p2a: Sinistcha|82/100
|-damage|p2b: Politoed|92/100
|-unboost|p2a: Sinistcha|spe|1
|-unboost|p2b: Politoed|spe|1
|move|p1a: Staraptor|Brave Bird|p2a: Sinistcha
|-supereffective|p2a: Sinistcha|1
|-damage|p2a: Sinistcha|0 fnt
|faint|p2a: Sinistcha
|-damage|p1a: Staraptor|16/100|[from] Recoil
|
|-weather|RainDance|[upkeep]
|-heal|p1b: Milotic|38/100|[from] item: Leftovers
|-sideend|p1: MrMrvz|move: Tailwind
|upkeep
|
|t:|1785349311
|switch|p2a: Incineroar|Incineroar, L50, M|56/100
|-ability|p2a: Incineroar|Intimidate|boost
|-boost|p1a: Staraptor|atk|1
|-unboost|p1b: Milotic|atk|1
|-ability|p1b: Milotic|Competitive|boost
|-boost|p1b: Milotic|spa|2
|turn|9
|
|t:|1785349326
|move|p1a: Staraptor|Protect|p1a: Staraptor
|-singleturn|p1a: Staraptor|Protect
|move|p2a: Incineroar|Fake Out|p1b: Milotic
|-damage|p1b: Milotic|31/100
|move|p2b: Politoed|Weather Ball|p1a: Staraptor
|-activate|p1a: Staraptor|move: Protect
|cant|p1b: Milotic|flinch
|
|-weather|RainDance|[upkeep]
|-heal|p1b: Milotic|37/100|[from] item: Leftovers
|upkeep
|turn|10
|inactive|MrMrvz has 30 seconds left.
|
|t:|1785349353
|move|p1a: Staraptor|Protect||[still]
|-fail|p1a: Staraptor
|move|p2b: Politoed|Weather Ball|p1a: Staraptor
|-damage|p1a: Staraptor|0 fnt
|faint|p1a: Staraptor
|move|p2a: Incineroar|Throat Chop|p1b: Milotic
|-damage|p1b: Milotic|10/100
|-start|p1b: Milotic|Throat Chop|[silent]
|move|p1b: Milotic|Scald|p2a: Incineroar
|-supereffective|p2a: Incineroar|1
|-damage|p2a: Incineroar|0 fnt
|faint|p2a: Incineroar
|
|-weather|RainDance|[upkeep]
|-heal|p1b: Milotic|16/100|[from] item: Leftovers
|-fieldend|move: Trick Room
|upkeep
|
|t:|1785349367
|switch|p1a: Whimsicott|Whimsicott, L50, F|43/100
|switch|p2a: Gengar|Gengar-Mega, L50, F|10/100
|turn|11
|inactive|MrMrvz has 30 seconds left.
|
|t:|1785349393
|move|p1a: Whimsicott|Tailwind|p1a: Whimsicott
|-sidestart|p1: MrMrvz|move: Tailwind
|move|p1b: Milotic|Recover|p1b: Milotic
|-heal|p1b: Milotic|66/100
|move|p2a: Gengar|Sludge Bomb|p1b: Milotic
|-damage|p1b: Milotic|32/100
|-status|p1b: Milotic|psn
|move|p2b: Politoed|Weather Ball|p1b: Milotic
|-resisted|p1b: Milotic|1
|-damage|p1b: Milotic|14/100 psn
|
|-weather|none
|-heal|p1b: Milotic|20/100y psn|[from] item: Leftovers
|-damage|p1b: Milotic|8/100 psn|[from] psn
|-end|p1b: Milotic|Throat Chop|[silent]
|upkeep
|turn|12
|
|t:|1785349415
|move|p1a: Whimsicott|Moonblast|p2a: Gengar
|-resisted|p2a: Gengar|1
|-damage|p2a: Gengar|0 fnt
|faint|p2a: Gengar
|move|p1b: Milotic|Recover|p1b: Milotic
|-heal|p1b: Milotic|58/100 psn
|move|p2b: Politoed|Perish Song|p2b: Politoed
|-start|p1a: Whimsicott|perish3|[silent]
|-start|p1b: Milotic|perish3|[silent]
|-start|p2b: Politoed|perish3|[silent]
|-fieldactivate|move: Perish Song
|
|-heal|p1b: Milotic|64/100 psn|[from] item: Leftovers
|-damage|p1b: Milotic|52/100 psn|[from] psn
|-start|p1a: Whimsicott|perish3
|-start|p1b: Milotic|perish3
|-start|p2b: Politoed|perish3
|upkeep
|turn|13
|inactive|MrMrvz has 30 seconds left.
|
|t:|1785349449
|move|p2b: Politoed|Protect|p2b: Politoed
|-singleturn|p2b: Politoed|Protect
|move|p1a: Whimsicott|Charm|p1b: Milotic
|-unboost|p1b: Milotic|atk|2
|move|p1b: Milotic|Scald|p2b: Politoed
|-activate|p2b: Politoed|move: Protect
|
|-heal|p1b: Milotic|58/100 psn|[from] item: Leftovers
|-damage|p1b: Milotic|45/100 psn|[from] psn
|-start|p1a: Whimsicott|perish2
|-start|p1b: Milotic|perish2
|-start|p2b: Politoed|perish2
|upkeep
|turn|14
|
|t:|1785349465
|move|p1a: Whimsicott|Moonblast|p2b: Politoed
|-damage|p2b: Politoed|65/100
|move|p1b: Milotic|Scald|p2b: Politoed
|-resisted|p2b: Politoed|1
|-damage|p2b: Politoed|41/100
|-enditem|p2b: Politoed|Sitrus Berry|[eat]
|-heal|p2b: Politoed|65/100|[from] item: Sitrus Berry
|move|p2b: Politoed|Weather Ball|p1b: Milotic
|-damage|p1b: Milotic|38/100 psn
|
|-heal|p1b: Milotic|44/100 psn|[from] item: Leftovers
|-damage|p1b: Milotic|32/100 psn|[from] psn
|-start|p1a: Whimsicott|perish1
|-start|p1b: Milotic|perish1
|-start|p2b: Politoed|perish1
|-sideend|p1: MrMrvz|move: Tailwind
|upkeep
|turn|15
|
|t:|1785349484
|move|p2b: Politoed|Protect|p2b: Politoed
|-singleturn|p2b: Politoed|Protect
|move|p1a: Whimsicott|Moonblast|p2b: Politoed
|-activate|p2b: Politoed|move: Protect
|move|p1b: Milotic|Scald|p2b: Politoed
|-activate|p2b: Politoed|move: Protect
|
|-heal|p1b: Milotic|38/100 psn|[from] item: Leftovers
|-damage|p1b: Milotic|26/100 psn|[from] psn
|-start|p1a: Whimsicott|perish0
|-start|p1b: Milotic|perish0
|-start|p2b: Politoed|perish0
|faint|p1a: Whimsicott
|faint|p1b: Milotic
|faint|p2b: Politoed
|
|win|BYAAHTBIGW
|inactive|MrMrvz has 30 seconds to confirm battle start!
|inactive|BYAAHTBIGW has 30 seconds to confirm battle start!
||BYAAHTBIGW is ready for game 2.
