|j|☆thedelybird
|j|☆Maybe ALTcom
|html|thedelybirdMaybe ALTcom    
|uhtml|bestof|Game 2 of a best-of-3
|t:|1756732895
|gametype|doubles
|player|p1|thedelybird|blue-masters|1219
|player|p2|Maybe ALTcom|2|1293
|gen|9
|tier|[Gen 9] VGC 2025 Reg H (Bo3)
|rated|
|rule|Species Clause: Limit one of each Pokémon
|rule|Item Clause: Limit 1 of each item
|clearpoke
|poke|p1|Basculegion, L50, M|
|poke|p1|Pelipper, L50, F|
|poke|p1|Archaludon, L50, M|
|poke|p1|Gholdengo, L50|
|poke|p1|Amoonguss, L50, F|
|poke|p1|Incineroar, L50, F|
|poke|p2|Palafin, L50, F|
|poke|p2|Gholdengo, L50|
|poke|p2|Incineroar, L50, M|
|poke|p2|Rillaboom, L50, F|
|poke|p2|Pelipper, L50, F|
|poke|p2|Kingambit, L50, M|
|teampreview|4
|showteam|p1|Basculegion||ChoiceBand|SwiftSwim|LastRespects,WaveCrash,AquaJet,FlipTurn|||M|||50|,,,,,Grass]Pelipper||FocusSash|Drizzle|Hurricane,WeatherBall,Protect,Tailwind|||F|||50|,,,,,Ghost]Archaludon||AssaultVest|Stamina|ElectroShot,BodyPress,DracoMeteor,FlashCannon|||M|||50|,,,,,Fairy]Gholdengo||MetalCoat|GoodasGold|MakeItRain,ShadowBall,NastyPlot,Protect||||||50|,,,,,Water]Amoonguss||SitrusBerry|EffectSpore|Protect,Spore,RagePowder,PollenPuff|||F|||50|,,,,,Water]Incineroar||SafetyGoggles|Intimidate|FakeOut,FlareBlitz,KnockOff,PartingShot|||F|||50|,,,,,Ghost
|showteam|p2|Palafin||MysticWater|ZerotoHero|Protect,WaveCrash,JetPunch,CloseCombat|||F|||50|,,,,,Fighting]Gholdengo||ChoiceSpecs|GoodasGold|Trick,PowerGem,MakeItRain,ShadowBall||||||50|,,,,,Steel]Incineroar||SafetyGoggles|Intimidate|FakeOut,FlareBlitz,KnockOff,PartingShot|||M|||50|,,,,,Grass]Rillaboom||AssaultVest|GrassySurge|WoodHammer,HighHorsepower,GrassyGlide,FakeOut|||F|||50|,,,,,Fire]Pelipper||FocusSash|Drizzle|Protect,Tailwind,WeatherBall,Hurricane|||F|||50|,,,,,Ghost]Kingambit||BlackGlasses|Defiant|Protect,SwordsDance,KowtowCleave,SuckerPunch|||M|||50|,,,,,Dark
|
|t:|1756732904
|teamsize|p1|4
|teamsize|p2|4
|start
|switch|p1a: Pelipper|Pelipper, L50, F|100/100
|switch|p1b: Basculegion|Basculegion, L50, M|100/100
|switch|p2a: Rillaboom|Rillaboom, L50, F|100/100
|switch|p2b: Gholdengo|Gholdengo, L50|100/100
|-fieldstart|move: Grassy Terrain|[from] ability: Grassy Surge|[of] p2a: Rillaboom
|-weather|RainDance|[from] ability: Drizzle|[of] p1a: Pelipper
|turn|1
|inactive|Battle timer is ON: inactive players will automatically lose when time's up. (requested by Maybe ALTcom)
|
|t:|1756732931
|switch|p2b: Kingambit|Kingambit, L50, M|100/100
|-terastallize|p1b: Basculegion|Grass
|move|p1b: Basculegion|Wave Crash|p2b: Kingambit
|-damage|p2b: Kingambit|0 fnt
|faint|p2b: Kingambit
|-damage|p1b: Basculegion|66/100|[from] Recoil
|move|p2a: Rillaboom|Wood Hammer|p1a: Pelipper
|-enditem|p1a: Pelipper|Focus Sash
|-damage|p1a: Pelipper|1/100
|-damage|p2a: Rillaboom|78/100|[from] Recoil
|move|p1a: Pelipper|Tailwind|p1a: Pelipper
|-sidestart|p1: thedelybird|move: Tailwind
|
|-weather|RainDance|[upkeep]
|-heal|p1b: Basculegion|72/100|[from] Grassy Terrain
|-heal|p2a: Rillaboom|84/100|[from] Grassy Terrain
|upkeep
|c|☆Maybe ALTcom|ofc u highrolls
|
|t:|1756732953
|switch|p2b: Incineroar|Incineroar, L50, M|100/100
|-ability|p2b: Incineroar|Intimidate|boost
|-unboost|p1a: Pelipper|atk|1
|-unboost|p1b: Basculegion|atk|1
|turn|2
|c|☆thedelybird|its banded bro
|c|☆Maybe ALTcom|ik
|c|☆Maybe ALTcom|I servive
|inactive|Maybe ALTcom has 30 seconds left.
|c|☆Maybe ALTcom|I calced that before
|inactive|Maybe ALTcom has 20 seconds left.
|
|t:|1756732989
|switch|p1b: Amoonguss|Amoonguss, L50, F|100/100
|switch|p1a: Archaludon|Archaludon, L50, M|100/100
|-terastallize|p2b: Incineroar|Grass
|move|p2a: Rillaboom|Grassy Glide|p1a: Archaludon
|-resisted|p1a: Archaludon
|-damage|p1a: Archaludon|94/100
|-ability|p1a: Archaludon|Stamina|boost
|-boost|p1a: Archaludon|def|1
|move|p2b: Incineroar|Knock Off|p1b: Amoonguss
|-damage|p1b: Amoonguss|64/100
|-enditem|p1b: Amoonguss|Sitrus Berry|[from] move: Knock Off|[of] p2b: Incineroar
|
|-weather|RainDance|[upkeep]
|-heal|p1a: Archaludon|99/100|[from] Grassy Terrain
|-heal|p2a: Rillaboom|90/100|[from] Grassy Terrain
|-heal|p1b: Amoonguss|70/100|[from] Grassy Terrain
|upkeep
|turn|3
|
|t:|1756733013
|switch|p1b: Basculegion|Basculegion, L50, M, tera:Grass|72/100
|move|p1a: Archaludon|Electro Shot||[still]
|-prepare|p1a: Archaludon|Electro Shot
|-boost|p1a: Archaludon|spa|1
|-anim|p1a: Archaludon|Electro Shot|p2b: Incineroar
|-resisted|p2b: Incineroar
|-damage|p2b: Incineroar|78/100
|move|p2a: Rillaboom|High Horsepower|p1a: Archaludon
|-supereffective|p1a: Archaludon
|-damage|p1a: Archaludon|69/100
|-ability|p1a: Archaludon|Stamina|boost
|-boost|p1a: Archaludon|def|1
|move|p2b: Incineroar|Knock Off|p1a: Archaludon
|-damage|p1a: Archaludon|55/100
|-ability|p1a: Archaludon|Stamina|boost
|-boost|p1a: Archaludon|def|1
|-enditem|p1a: Archaludon|Assault Vest|[from] move: Knock Off|[of] p2b: Incineroar
|
|-weather|RainDance|[upkeep]
|-heal|p1b: Basculegion|78/100|[from] Grassy Terrain
|-heal|p1a: Archaludon|61/100|[from] Grassy Terrain
|-heal|p2a: Rillaboom|96/100|[from] Grassy Terrain
|-heal|p2b: Incineroar|84/100|[from] Grassy Terrain
|upkeep
|turn|4
|inactive|thedelybird has 30 seconds left.
|
|t:|1756733047
|switch|p1b: Amoonguss|Amoonguss, L50, F|70/100
|move|p1a: Archaludon|Body Press|p2b: Incineroar
|-damage|p2b: Incineroar|34/100
|move|p2a: Rillaboom|Wood Hammer|p1b: Amoonguss
|-resisted|p1b: Amoonguss
|-damage|p1b: Amoonguss|50/100
|-damage|p2a: Rillaboom|89/100|[from] Recoil
|move|p2b: Incineroar|Parting Shot|p1b: Amoonguss
|-unboost|p1b: Amoonguss|atk|1
|-unboost|p1b: Amoonguss|spa|1
|
|t:|1756733051
|switch|p2b: Gholdengo|Gholdengo, L50|100/100|[from] Parting Shot
|
|-weather|RainDance|[upkeep]
|-heal|p1a: Archaludon|66/100|[from] Grassy Terrain
|-heal|p2a: Rillaboom|95/100|[from] Grassy Terrain
|-heal|p1b: Amoonguss|56/100|[from] Grassy Terrain
|-sideend|p1: thedelybird|move: Tailwind
|upkeep
|turn|5
|inactive|Maybe ALTcom has 30 seconds left.
|
|t:|1756733082
|switch|p2a: Incineroar|Incineroar, L50, M, tera:Grass|34/100
|-ability|p2a: Incineroar|Intimidate|boost
|-unboost|p1a: Archaludon|atk|1
|-unboost|p1b: Amoonguss|atk|1
|move|p1b: Amoonguss|Rage Powder|p1b: Amoonguss
|-singleturn|p1b: Amoonguss|move: Rage Powder
|move|p2b: Gholdengo|Shadow Ball|p1b: Amoonguss
|-damage|p1b: Amoonguss|5/100
|move|p1a: Archaludon|Electro Shot||[still]
|-prepare|p1a: Archaludon|Electro Shot
|-boost|p1a: Archaludon|spa|1
|-anim|p1a: Archaludon|Electro Shot|p2b: Gholdengo
|-damage|p2b: Gholdengo|5/100
|
|-weather|none
|-heal|p2b: Gholdengo|11/100|[from] Grassy Terrain
|-heal|p1a: Archaludon|72/100|[from] Grassy Terrain
|-heal|p2a: Incineroar|40/100|[from] Grassy Terrain
|-heal|p1b: Amoonguss|10/100|[from] Grassy Terrain
|-fieldend|move: Grassy Terrain
|upkeep
|turn|6
|inactive|thedelybird has 30 seconds left.
|
|t:|1756733108
|switch|p1b: Pelipper|Pelipper, L50, F|1/100
|-weather|RainDance|[from] ability: Drizzle|[of] p1b: Pelipper
|move|p2a: Incineroar|Fake Out|p1b: Pelipper
|-damage|p1b: Pelipper|0 fnt
|faint|p1b: Pelipper
|move|p2b: Gholdengo|Shadow Ball|p1a: Archaludon
|-damage|p1a: Archaludon|0 fnt
|faint|p1a: Archaludon
|
|-weather|RainDance|[upkeep]
|upkeep
|
|t:|1756733118
|switch|p1a: Amoonguss|Amoonguss, L50, F|10/100
|switch|p1b: Basculegion|Basculegion, L50, M, tera:Grass|78/100
|turn|7
|
|t:|1756733136
|move|p1b: Basculegion|Last Respects|p2b: Gholdengo
|-supereffective|p2b: Gholdengo
|-damage|p2b: Gholdengo|0 fnt
|faint|p2b: Gholdengo
|move|p2a: Incineroar|Parting Shot|p1b: Basculegion
|-unboost|p1b: Basculegion|atk|1
|-unboost|p1b: Basculegion|spa|1
|
|t:|1756733141
|switch|p2a: Rillaboom|Rillaboom, L50, F|95/100|[from] Parting Shot
|-fieldstart|move: Grassy Terrain|[from] ability: Grassy Surge|[of] p2a: Rillaboom
|move|p1a: Amoonguss|Pollen Puff|p1b: Basculegion
|-heal|p1b: Basculegion|100/100
|
|-weather|RainDance|[upkeep]
|-heal|p2a: Rillaboom|100/100|[from] Grassy Terrain
|-heal|p1a: Amoonguss|16/100|[from] Grassy Terrain
|upkeep
|
|t:|1756733143
|switch|p2b: Incineroar|Incineroar, L50, M, tera:Grass|40/100
|-ability|p2b: Incineroar|Intimidate|boost
|-unboost|p1a: Amoonguss|atk|1
|-unboost|p1b: Basculegion|atk|1
|turn|8
|
|t:|1756733167
|move|p2b: Incineroar|Fake Out|p1b: Basculegion
|-damage|p1b: Basculegion|86/100
|cant|p1b: Basculegion|flinch
|move|p2a: Rillaboom|Wood Hammer|p1a: Amoonguss
|-resisted|p1a: Amoonguss
|-damage|p1a: Amoonguss|0 fnt
|faint|p1a: Amoonguss
|-damage|p2a: Rillaboom|94/100|[from] Recoil
|
|-weather|RainDance|[upkeep]
|-heal|p1b: Basculegion|92/100|[from] Grassy Terrain
|-heal|p2a: Rillaboom|100/100|[from] Grassy Terrain
|-heal|p2b: Incineroar|46/100|[from] Grassy Terrain
|upkeep
|turn|9
|
|t:|1756733177
|move|p1b: Basculegion|Last Respects|p2b: Incineroar
|-damage|p2b: Incineroar|0 fnt
|faint|p2b: Incineroar
|move|p2a: Rillaboom|Wood Hammer|p1b: Basculegion
|-resisted|p1b: Basculegion
|-damage|p1b: Basculegion|43/100
|-damage|p2a: Rillaboom|84/100|[from] Recoil
|
|-weather|RainDance|[upkeep]
|-heal|p1b: Basculegion|49/100|[from] Grassy Terrain
|-heal|p2a: Rillaboom|90/100|[from] Grassy Terrain
|upkeep
|turn|10
|
|t:|1756733188
|move|p1b: Basculegion|Last Respects|p2a: Rillaboom
|-damage|p2a: Rillaboom|14/100
|move|p2a: Rillaboom|Wood Hammer|p1b: Basculegion
|-resisted|p1b: Basculegion
|-damage|p1b: Basculegion|1/100
|-damage|p2a: Rillaboom|0 fnt|[from] Recoil
|faint|p2a: Rillaboom
|
|win|thedelybird
|raw|thedelybird's rating: 1219 → 1249(+30 for winning)
|raw|Maybe ALTcom's rating: 1293 → 1263(-30 for losing)
|c|☆Maybe ALTcom|huck u
|c|☆Maybe ALTcom|dam this
|c|☆thedelybird|lol ok
|c|☆thedelybird|ggs
|l|☆Maybe ALTcom
|player|p2|
