|j|☆pepe1994
|j|☆PenguimSAL
|html|pepe1994PenguimSAL    
|uhtml|bestof|Game 1 of a best-of-3
|t:|1785971180
|gametype|doubles
|player|p1|pepe1994|n|
|player|p2|PenguimSAL|hugh|
|gen|9
|tier|[Gen 9 Champions] VGC 2026 Reg M-B (Bo3)
|rule|Species Clause: Limit one of each Pokémon
|rule|Item Clause: Limit 1 of each item
|clearpoke
|poke|p1|Staraptor, L50, M, shiny|
|poke|p1|Glimmora, L50, F, shiny|
|poke|p1|Whimsicott, L50, M, shiny|
|poke|p1|Kingambit, L50, F|
|poke|p1|Garchomp, L50, M|
|poke|p1|Delphox, L50, M|
|poke|p2|Floette-Eternal, L50, F|
|poke|p2|Whimsicott, L50, M|
|poke|p2|Basculegion, L50, M|
|poke|p2|Kingambit, L50, M|
|poke|p2|Charizard, L50, M|
|poke|p2|Garchomp, L50, F|
|teampreview|4
|showteam|p1|Staraptor||Staraptite|Intimidate|CloseCombat,BraveBird,Roost,Protect|Jolly||M|||50|]Glimmora||FocusSash|ToxicDebris|PowerGem,SludgeBomb,EarthPower,SpikyShield|Modest||F|||50|]Whimsicott||OccaBerry|Prankster|Tailwind,Moonblast,Charm,LightScreen|Timid||M|||50|]Kingambit||ChopleBerry|Defiant|KowtowCleave,IronHead,LowKick,SuckerPunch|Adamant||F|||50|]Garchomp||LifeOrb|RoughSkin|Earthquake,DragonClaw,RockSlide,Protect|Jolly||M|||50|]Delphox||Delphoxite|Blaze|HeatWave,Psychic,Substitute,Protect|Timid||M|||50|
|showteam|p2|Floette-Eternal||Floettite|FlowerVeil|DazzlingGleam,Moonblast,LightofRuin,Protect|Modest||F|||50|]Whimsicott||FocusSash|Prankster|Moonblast,Tailwind,Encore,Protect|Timid||M|||50|]Basculegion||MysticWater|Adaptability|LastRespects,WaveCrash,AquaJet,Protect|Adamant||M|||50|]Kingambit||ChopleBerry|Defiant|KowtowCleave,SuckerPunch,LowKick,IronHead|Adamant||M|||50|]Charizard||CharizarditeY|Blaze|HeatWave,WeatherBall,SolarBeam,Protect|Modest||M|||50|]Garchomp||LifeOrb|RoughSkin|StompingTantrum,DragonClaw,RockSlide,Protect|Jolly||F|||50|
|
|t:|1785971264
|teamsize|p1|4
|teamsize|p2|4
|start
|switch|p1a: Staraptor|Staraptor, L50, M, shiny|100/100
|switch|p1b: Glimmora|Glimmora, L50, F, shiny|100/100
|switch|p2a: Floette|Floette-Eternal, L50, F|100/100
|switch|p2b: Garchomp|Garchomp, L50, F|100/100
|-ability|p1a: Staraptor|Intimidate|boost
|-unboost|p2a: Floette|atk|1
|-unboost|p2b: Garchomp|atk|1
|turn|1
|
|t:|1785971292
|detailschange|p1a: Staraptor|Staraptor-Mega, L50, M, shiny
|-mega|p1a: Staraptor|Staraptor|Staraptite
|detailschange|p2a: Floette|Floette-Mega, L50, F
|-mega|p2a: Floette|Floette|Floettite
|-ability|p2a: Floette|Fairy Aura
|move|p1a: Staraptor|Close Combat|p2b: Garchomp
|-damage|p2b: Garchomp|47/100
|-boost|p1a: Staraptor|def|1
|-boost|p1a: Staraptor|spd|1
|-damage|p1a: Staraptor|87/100|[from] ability: Rough Skin|[of] p2b: Garchomp
|move|p2b: Garchomp|Rock Slide|p1a: Staraptor|[spread] p1a,p1b
|-damage|p1a: Staraptor|78/100
|-damage|p1b: Glimmora|81/100
|-activate|p1b: Glimmora|ability: Toxic Debris
|-sidestart|p2: PenguimSAL|move: Toxic Spikes
|-damage|p2b: Garchomp|37/100|[from] item: Life Orb
|move|p2a: Floette|Dazzling Gleam|p1b: Glimmora|[spread] p1a,p1b
|-supereffective|p1a: Staraptor|1
|-resisted|p1b: Glimmora|1
|-damage|p1a: Staraptor|5/100
|-damage|p1b: Glimmora|45/100
|move|p1b: Glimmora|Sludge Bomb|p2a: Floette
|-supereffective|p2a: Floette|1
|-damage|p2a: Floette|11/100
|
|upkeep
|turn|2
|
|t:|1785971338
|move|p1a: Staraptor|Protect|p1a: Staraptor
|-singleturn|p1a: Staraptor|Protect
|move|p2a: Floette|Protect|p2a: Floette
|-singleturn|p2a: Floette|Protect
|move|p2b: Garchomp|Stomping Tantrum|p1b: Glimmora
|-supereffective|p1b: Glimmora|2
|-damage|p1b: Glimmora|0 fnt
|-activate|p1b: Glimmora|ability: Toxic Debris
|-sidestart|p2: PenguimSAL|move: Toxic Spikes
|faint|p1b: Glimmora
|-damage|p2b: Garchomp|28/100|[from] item: Life Orb
|
|upkeep
|
|t:|1785971350
|switch|p1b: Kingambit|Kingambit, L50, F|100/100
|turn|3
|
|t:|1785971412
|switch|p2a: Basculegion|Basculegion, L50, M|100/100
|-status|p2a: Basculegion|tox
|move|p2b: Garchomp|Protect|p2b: Garchomp
|-singleturn|p2b: Garchomp|Protect
|move|p1b: Kingambit|Sucker Punch||[still]
|-fail|p1b: Kingambit
|move|p1a: Staraptor|Roost|p1a: Staraptor
|-heal|p1a: Staraptor|56/100
|-singleturn|p1a: Staraptor|move: Roost
|
|-damage|p2a: Basculegion|93/100 tox|[from] psn
|upkeep
|turn|4
|
|t:|1785971438
|move|p1a: Staraptor|Roost|p1a: Staraptor
|-heal|p1a: Staraptor|100/100
|-singleturn|p1a: Staraptor|move: Roost
|move|p2b: Garchomp|Stomping Tantrum|p1b: Kingambit
|-supereffective|p1b: Kingambit|1
|-damage|p1b: Kingambit|49/100
|-damage|p2b: Garchomp|18/100|[from] item: Life Orb
|move|p2a: Basculegion|Wave Crash|p1a: Staraptor
|-damage|p1a: Staraptor|42/100
|-damage|p2a: Basculegion|75/100 tox|[from] Recoil
|move|p1b: Kingambit|Kowtow Cleave|p2a: Basculegion
|-supereffective|p2a: Basculegion|1
|-damage|p2a: Basculegion|0 fnt
|faint|p2a: Basculegion
|
|upkeep
|
|t:|1785971453
|switch|p2a: Whimsicott|Whimsicott, L50, M|100/100
|-status|p2a: Whimsicott|tox
|turn|5
|
|t:|1785971483
|move|p2a: Whimsicott|Moonblast|p1a: Staraptor
|-supereffective|p1a: Staraptor|1
|-damage|p1a: Staraptor|0 fnt
|faint|p1a: Staraptor
|move|p2b: Garchomp|Stomping Tantrum|p1b: Kingambit
|-supereffective|p1b: Kingambit|1
|-damage|p1b: Kingambit|3/100
|-damage|p2b: Garchomp|8/100|[from] item: Life Orb
|move|p1b: Kingambit|Iron Head|p2a: Whimsicott
|-supereffective|p2a: Whimsicott|1
|-enditem|p2a: Whimsicott|Focus Sash
|-damage|p2a: Whimsicott|1/100 tox
|
|-damage|p2a: Whimsicott|0 fnt|[from] psn
|faint|p2a: Whimsicott
|upkeep
|
|t:|1785971497
|switch|p2a: Floette|Floette-Mega, L50, F|11/100
|switch|p1a: Whimsicott|Whimsicott, L50, M, shiny|100/100
|-status|p2a: Floette|tox
|-ability|p2a: Floette|Fairy Aura
|turn|6
|
|t:|1785971538
|move|p1b: Kingambit|Sucker Punch|p2b: Garchomp
|-damage|p2b: Garchomp|0 fnt
|-damage|p1b: Kingambit|0 fnt|[from] ability: Rough Skin|[of] p2b: Garchomp
|faint|p2b: Garchomp
|faint|p1b: Kingambit
|move|p1a: Whimsicott|Moonblast|p2a: Floette
|-damage|p2a: Floette|0 fnt
|faint|p2a: Floette
|
|win|pepe1994
||pepe1994 is ready for game 2.
|inactive|PenguimSAL has 30 seconds to confirm battle start!
|inactive|PenguimSAL has 20 seconds to confirm battle start!
||PenguimSAL is ready for game 2.
|uhtml|next|Next: Game 2 of 3
