|j|☆kcb.rodrii
|j|☆lux raymundi
|html|kcb.rodriilux raymundi    
|uhtml|bestof|Game 2 of a best-of-3
|t:|1783025066
|gametype|doubles
|player|p1|kcb.rodrii|ethan|1153
|player|p2|lux raymundi|2|1145
|gen|9
|tier|[Gen 9 Champions] VGC 2026 Reg M-B (Bo3)
|rated|
|rule|Species Clause: Limit one of each Pokémon
|rule|Item Clause: Limit 1 of each item
|clearpoke
|poke|p1|Garchomp, L50, M, shiny|
|poke|p1|Metagross, L50, shiny|
|poke|p1|Talonflame, L50, F|
|poke|p1|Incineroar, L50, M, shiny|
|poke|p1|Sinistcha, L50|
|poke|p1|Sneasler, L50, F|
|poke|p2|Mawile, L50, F|
|poke|p2|Farigiraf, L50, M|
|poke|p2|Delphox, L50, M|
|poke|p2|Incineroar, L50, F|
|poke|p2|Sinistcha, L50|
|poke|p2|Garchomp, L50, M|
|teampreview|4
|showteam|p1|Garchomp||LifeOrb|RoughSkin|Protect,DragonClaw,Earthquake,RockSlide|Jolly||M|||50|]Metagross||Metagrossite|ClearBody|BulletPunch,PsychicFangs,BodyPress,Protect|Jolly|||||50|]Talonflame||Charcoal|GaleWings|Tailwind,BraveBird,Overheat,QuickGuard|Hasty||F|||50|]Incineroar||PasshoBerry|Intimidate|FakeOut,PartingShot,DarkestLariat,FlareBlitz|Careful||M|||50|]Sinistcha||SitrusBerry|Hospitality|MatchaGotcha,TrickRoom,LifeDew,RagePowder|Bold|||||50|]Sneasler||FocusSash|PoisonTouch|FakeOut,PoisonJab,CloseCombat,Coaching|Jolly||F|||50|
|showteam|p2|Mawile||Mawilite|HyperCutter|SwordsDance,PlayRough,IronHead,Protect|Brave||F|||50|]Farigiraf||SitrusBerry|ArmorTail|Protect,TwinBeam,TrickRoom,Thunderbolt|Bold||M|||50|]Delphox||Delphoxite|Blaze|NastyPlot,HeatWave,Psychic,Protect|Timid||M|||50|]Incineroar||PasshoBerry|Intimidate|FakeOut,ThroatChop,FlareBlitz,PartingShot|Adamant||F|||50|]Sinistcha||ColburBerry|Hospitality|MatchaGotcha,TrickRoom,RagePowder,Protect|Relaxed|||||50|]Garchomp||LifeOrb|RoughSkin|DragonClaw,Earthquake,RockSlide,Protect|Jolly||M|||50|
|
|t:|1783025109
|teamsize|p1|4
|teamsize|p2|4
|start
|switch|p1a: Garchomp|Garchomp, L50, M, shiny|100/100
|switch|p1b: Incineroar|Incineroar, L50, M, shiny|100/100
|switch|p2a: Incineroar|Incineroar, L50, F|100/100
|switch|p2b: Delphox|Delphox, L50, M|100/100
|-ability|p1b: Incineroar|Intimidate|boost
|-unboost|p2a: Incineroar|atk|1
|-unboost|p2b: Delphox|atk|1
|-ability|p2a: Incineroar|Intimidate|boost
|-unboost|p1a: Garchomp|atk|1
|-unboost|p1b: Incineroar|atk|1
|turn|1
|
|t:|1783025152
|switch|p1a: Metagross|Metagross, L50, shiny|100/100
|detailschange|p2b: Delphox|Delphox-Mega, L50, M
|-mega|p2b: Delphox|Delphox|Delphoxite
|move|p1b: Incineroar|Fake Out|p2b: Delphox
|-damage|p2b: Delphox|88/100
|cant|p2b: Delphox|flinch
|move|p2a: Incineroar|Parting Shot|p1b: Incineroar
|-unboost|p1b: Incineroar|atk|1
|-unboost|p1b: Incineroar|spa|1
|
|t:|1783025162
|switch|p2a: Garchomp|Garchomp, L50, M|100/100|[from] Parting Shot
|
|upkeep
|turn|2
|
|t:|1783025179
|move|p1a: Metagross|Protect|p1a: Metagross
|-singleturn|p1a: Metagross|Protect
|move|p2b: Delphox|Heat Wave|p1b: Incineroar|[spread] p1b
|-activate|p1a: Metagross|move: Protect
|-resisted|p1b: Incineroar|1
|-damage|p1b: Incineroar|84/100
|move|p2a: Garchomp|Rock Slide|p1b: Incineroar|[spread] p1b
|-activate|p1a: Metagross|move: Protect
|-supereffective|p1b: Incineroar|1
|-damage|p1b: Incineroar|41/100
|-damage|p2a: Garchomp|90/100|[from] item: Life Orb
|cant|p1b: Incineroar|flinch
|
|upkeep
|turn|3
|
|t:|1783025197
|switch|p1a: Garchomp|Garchomp, L50, M, shiny|100/100
|move|p2b: Delphox|Heat Wave|p1a: Garchomp|[spread] p1a,p1b
|-resisted|p1a: Garchomp|1
|-resisted|p1b: Incineroar|1
|-damage|p1a: Garchomp|76/100
|-damage|p1b: Incineroar|23/100
|move|p2a: Garchomp|Earthquake|p1b: Incineroar|[spread] p1a,p1b
|-immune|p2b: Delphox|[from] ability: Levitate
|-crit|p1a: Garchomp
|-supereffective|p1b: Incineroar|1
|-damage|p1a: Garchomp|3/100
|-damage|p1b: Incineroar|0 fnt
|faint|p1b: Incineroar
|-damage|p2a: Garchomp|80/100|[from] item: Life Orb
|
|upkeep
|
|t:|1783025215
|switch|p1b: Talonflame|Talonflame, L50, F|100/100
|turn|4
|
|t:|1783025224
|switch|p2a: Incineroar|Incineroar, L50, F|100/100
|-ability|p2a: Incineroar|Intimidate|boost
|-unboost|p1a: Garchomp|atk|1
|-unboost|p1b: Talonflame|atk|1
|move|p2b: Delphox|Protect|p2b: Delphox
|-singleturn|p2b: Delphox|Protect
|move|p1b: Talonflame|Tailwind|p1b: Talonflame
|-sidestart|p1: kcb.rodrii|move: Tailwind
|move|p1a: Garchomp|Rock Slide|p2b: Delphox|[spread] p2a
|-activate|p2b: Delphox|move: Protect
|-supereffective|p2a: Incineroar|1
|-damage|p2a: Incineroar|69/100
|-damage|p1a: Garchomp|0 fnt|[from] item: Life Orb
|faint|p1a: Garchomp
|
|upkeep
|
|t:|1783025242
|switch|p1a: Metagross|Metagross, L50, shiny|100/100
|turn|5
|
|t:|1783025275
|switch|p2a: Farigiraf|Farigiraf, L50, M|100/100
|detailschange|p1a: Metagross|Metagross-Mega, L50, shiny
|-mega|p1a: Metagross|Metagross|Metagrossite
|move|p2b: Delphox|Protect|p2b: Delphox
|-singleturn|p2b: Delphox|Protect
|move|p1b: Talonflame|Brave Bird||[still]
|cant|p2a: Farigiraf|ability: Armor Tail|Brave Bird|[of] p1b: Talonflame
|move|p1a: Metagross|Psychic Fangs|p2b: Delphox
|-activate|p2b: Delphox|move: Protect
|
|upkeep
|turn|6
|
|t:|1783025293
|switch|p2b: Incineroar|Incineroar, L50, F|69/100
|-ability|p2b: Incineroar|Intimidate|boost
|-unboost|p1a: Metagross|atk|1
|-unboost|p1b: Talonflame|atk|1
|move|p1b: Talonflame|Overheat|p2b: Incineroar
|-resisted|p2b: Incineroar|1
|-damage|p2b: Incineroar|42/100
|-unboost|p1b: Talonflame|spa|2
|move|p1a: Metagross|Psychic Fangs|p2b: Incineroar
|-immune|p2b: Incineroar
|move|p2a: Farigiraf|Thunderbolt|p1b: Talonflame
|-supereffective|p1b: Talonflame|1
|-damage|p1b: Talonflame|26/100
|
|upkeep
|turn|7
|-message|kcb.rodrii forfeited.
|raw|kcb.rodrii's rating: 1153 → 1127(-26 for losing)
|raw|lux raymundi's rating: 1145 → 1171(+26 for winning)
|
|win|lux raymundi
