|j|☆pccbml
|j|☆You’reJustDead!
|html|pccbmlYou’reJustDead!    
|uhtml|bestof|Game 2 of a best-of-3
|t:|1783741681
|gametype|doubles
|player|p1|pccbml|elesa|
|player|p2|You’reJustDead!|misty|
|gen|9
|tier|[Gen 9 Champions] VGC 2026 Reg M-B (Bo3)
|rule|Species Clause: Limit one of each Pokémon
|rule|Item Clause: Limit 1 of each item
|clearpoke
|poke|p1|Whimsicott, L50, F|
|poke|p1|Charizard, L50, F|
|poke|p1|Gengar, L50, F|
|poke|p1|Tauros-Paldea-Aqua, L50, M|
|poke|p1|Incineroar, L50, F|
|poke|p1|Scrafty, L50, F|
|poke|p2|Gardevoir, L50, M|
|poke|p2|Mudsdale, L50, M|
|poke|p2|Incineroar, L50, M|
|poke|p2|Gholdengo, L50|
|poke|p2|Hydreigon, L50, F|
|poke|p2|Aerodactyl, L50, M|
|teampreview|4
|showteam|p1|Whimsicott||FocusSash|Prankster|Moonblast,Tailwind,Encore,SunnyDay|Timid||F|||50|]Charizard||LifeOrb|SolarPower|HeatWave,WeatherBall,SolarBeam,Protect|Modest||F|||50|]Gengar||Gengarite|CursedBody|SludgeBomb,ShadowBall,WillOWisp,Protect|Timid||F|||50|]Tauros-Paldea-Aqua||ChoiceScarf|Intimidate|WaveCrash,CloseCombat,AquaJet,Trailblaze|Jolly||M|||50|]Incineroar||ChopleBerry|Intimidate|FakeOut,PartingShot,FlareBlitz,ThroatChop|Impish||F|||50|]Scrafty||Scraftinite|Intimidate|FakeOut,KnockOff,CloseCombat,Taunt|Adamant||F|||50|
|showteam|p2|Gardevoir||Gardevoirite|Synchronize|HyperVoice,Psychic,Protect,TrickRoom|Modest||M|||50|]Mudsdale||LifeOrb|InnerFocus|RockSlide,HighHorsepower,HeavySlam,Earthquake|Adamant||M|||50|]Incineroar||SitrusBerry|Intimidate|FakeOut,PartingShot,FlareBlitz,Protect|Impish||M|||50|]Gholdengo||MetalCoat|GoodasGold|MakeItRain,ShadowBall,NastyPlot,Protect|Modest|||||50|]Hydreigon||ChoiceScarf|Levitate|DarkPulse,DracoMeteor,Snarl,EarthPower|Timid||F|||50|]Aerodactyl||FocusSash|Unnerve|DualWingbeat,RockSlide,Tailwind,Protect|Jolly||M|||50|
|inactive|Battle timer is ON: inactive players will automatically lose when time's up. (requested by You’reJustDead!)
|inactive|pccbml also wants the timer to be on.
|
|t:|1783741693
|teamsize|p1|4
|teamsize|p2|4
|start
|switch|p1a: droughty|Charizard, L50, F|100/100
|switch|p1b: Whimsicott|Whimsicott, L50, F|100/100
|switch|p2a: German|Hydreigon, L50, F|100/100
|switch|p2b: Bubba!|Mudsdale, L50, M|100/100
|turn|1
|
|t:|1783741703
|move|p1b: Whimsicott|Sunny Day|p1b: Whimsicott
|-weather|SunnyDay
|move|p2a: German|Snarl|p1a: droughty|[spread] p1a,p1b
|-resisted|p1b: Whimsicott|1
|-damage|p1a: droughty|70/100
|-damage|p1b: Whimsicott|81/100
|-unboost|p1a: droughty|spa|1
|-unboost|p1b: Whimsicott|spa|1
|move|p1a: droughty|Heat Wave|p2b: Bubba!|[spread] p2a,p2b
|-resisted|p2a: German|1
|-damage|p2a: German|57/100
|-damage|p2b: Bubba!|35/100
|-damage|p1a: droughty|60/100|[from] item: Life Orb
|move|p2b: Bubba!|Rock Slide|p1b: Whimsicott|[spread] p1a,p1b
|-supereffective|p1a: droughty|2
|-damage|p1a: droughty|0 fnt
|-damage|p1b: Whimsicott|40/100
|faint|p1a: droughty
|-damage|p2b: Bubba!|26/100|[from] item: Life Orb
|
|-weather|SunnyDay|[upkeep]
|upkeep
|
|t:|1783741718
|switch|p1a: guy from pokenn|Gengar, L50, F|100/100
|turn|2
|
|t:|1783741727
|switch|p2a: Jordan Delvin|Incineroar, L50, M|100/100
|-ability|p2a: Jordan Delvin|Intimidate|boost
|-unboost|p1a: guy from pokenn|atk|1
|-unboost|p1b: Whimsicott|atk|1
|detailschange|p1a: guy from pokenn|Gengar-Mega, L50, F
|-mega|p1a: guy from pokenn|Gengar|Gengarite
|move|p1a: guy from pokenn|Protect|p1a: guy from pokenn
|-singleturn|p1a: guy from pokenn|Protect
|move|p1b: Whimsicott|Tailwind|p1b: Whimsicott
|-sidestart|p1: pccbml|move: Tailwind
|move|p2b: Bubba!|Heavy Slam|p1b: Whimsicott
|-supereffective|p1b: Whimsicott|1
|-damage|p1b: Whimsicott|0 fnt
|faint|p1b: Whimsicott
|-damage|p2b: Bubba!|16/100|[from] item: Life Orb
|
|-weather|SunnyDay|[upkeep]
|upkeep
|j| VGC_Vapor
|
|t:|1783741738
|switch|p1b: Tauros|Tauros-Paldea-Aqua, L50, M|100/100
|-ability|p1b: Tauros|Intimidate|boost
|-unboost|p2a: Jordan Delvin|atk|1
|-fail|p2b: Bubba!|unboost|Attack|[from] ability: Inner Focus|[of] p2b: Bubba!
|turn|3
|
|t:|1783741746
|move|p2a: Jordan Delvin|Fake Out|p1b: Tauros
|-damage|p1b: Tauros|92/100
|cant|p1b: Tauros|flinch
|move|p1a: guy from pokenn|Sludge Bomb|p2b: Bubba!
|-resisted|p2b: Bubba!|1
|-damage|p2b: Bubba!|0 fnt
|faint|p2b: Bubba!
|
|-weather|SunnyDay|[upkeep]
|upkeep
|
|t:|1783741753
|switch|p2b: German|Hydreigon, L50, F|57/100
|turn|4
|
|t:|1783741765
|move|p1b: Tauros|Close Combat|p2b: German
|-supereffective|p2b: German|1
|-damage|p2b: German|0 fnt
|-unboost|p1b: Tauros|def|1
|-unboost|p1b: Tauros|spd|1
|faint|p2b: German
|move|p1a: guy from pokenn|Sludge Bomb|p2a: Jordan Delvin
|-damage|p2a: Jordan Delvin|47/100
|-enditem|p2a: Jordan Delvin|Sitrus Berry|[eat]
|-heal|p2a: Jordan Delvin|72/100|[from] item: Sitrus Berry
|move|p2a: Jordan Delvin|Parting Shot|p1a: guy from pokenn
|-unboost|p1a: guy from pokenn|atk|1
|-unboost|p1a: guy from pokenn|spa|1
|
|t:|1783741768
|switch|p2a: Goatevoir|Gardevoir, L50, M|100/100|[from] Parting Shot
|
|-weather|SunnyDay|[upkeep]
|upkeep
|
|t:|1783741770
|switch|p2b: Jordan Delvin|Incineroar, L50, M|72/100
|-ability|p2b: Jordan Delvin|Intimidate|boost
|-unboost|p1a: guy from pokenn|atk|1
|-unboost|p1b: Tauros|atk|1
|turn|5
|
|t:|1783741780
|detailschange|p2a: Goatevoir|Gardevoir-Mega, L50, M
|-mega|p2a: Goatevoir|Gardevoir|Gardevoirite
|move|p2a: Goatevoir|Protect|p2a: Goatevoir
|-singleturn|p2a: Goatevoir|Protect
|move|p1b: Tauros|Close Combat|p2b: Jordan Delvin
|-supereffective|p2b: Jordan Delvin|1
|-crit|p2b: Jordan Delvin
|-damage|p2b: Jordan Delvin|0 fnt
|-unboost|p1b: Tauros|def|1
|-unboost|p1b: Tauros|spd|1
|faint|p2b: Jordan Delvin
|move|p1a: guy from pokenn|Sludge Bomb|p2a: Goatevoir
|-activate|p2a: Goatevoir|move: Protect
|
|-weather|none
|-sideend|p1: pccbml|move: Tailwind
|upkeep
|turn|6
|
|t:|1783741795
|move|p1b: Tauros|Close Combat|p2a: Goatevoir
|-resisted|p2a: Goatevoir|2
|-damage|p2a: Goatevoir|89/100
|-unboost|p1b: Tauros|def|1
|-unboost|p1b: Tauros|spd|1
|move|p1a: guy from pokenn|Sludge Bomb|p2a: Goatevoir
|-supereffective|p2a: Goatevoir|1
|-damage|p2a: Goatevoir|33/100
|-status|p2a: Goatevoir|psn
|move|p2a: Goatevoir|Hyper Voice|p1b: Tauros|[spread] p1a,p1b
|-resisted|p1a: guy from pokenn|1
|-supereffective|p1b: Tauros|1
|-damage|p1a: guy from pokenn|64/100
|-damage|p1b: Tauros|0 fnt
|faint|p1b: Tauros
|
|-damage|p2a: Goatevoir|21/100 psn|[from] psn
|upkeep
|turn|7
|
|t:|1783741800
|move|p1a: guy from pokenn|Protect|p1a: guy from pokenn
|-singleturn|p1a: guy from pokenn|Protect
|move|p2a: Goatevoir|Hyper Voice|p1a: guy from pokenn
|-activate|p1a: guy from pokenn|move: Protect
|
|-damage|p2a: Goatevoir|9/100 psn|[from] psn
|upkeep
|turn|8
|
|t:|1783741802
|move|p1a: guy from pokenn|Sludge Bomb|p2a: Goatevoir
|-supereffective|p2a: Goatevoir|1
|-damage|p2a: Goatevoir|0 fnt
|faint|p2a: Goatevoir
|
|win|pccbml
