|j|☆jakekaplan87
|j|☆vilan333
|html|jakekaplan87vilan333    
|uhtml|bestof|Game 1 of a best-of-3
|t:|1784672432
|gametype|doubles
|player|p1|jakekaplan87|169|1165
|player|p2|vilan333|marshal|1201
|gen|9
|tier|[Gen 9 Champions] VGC 2026 Reg M-B (Bo3)
|rated|
|rule|Species Clause: Limit one of each Pokémon
|rule|Item Clause: Limit 1 of each item
|clearpoke
|poke|p1|Ceruledge, L50, F|
|poke|p1|Incineroar, L50, M|
|poke|p1|Aerodactyl, L50, F|
|poke|p1|Hydreigon, L50, F|
|poke|p1|Metagross, L50|
|poke|p1|Venusaur, L50, M|
|poke|p2|Charizard, L50, M|
|poke|p2|Aerodactyl, L50, F|
|poke|p2|Garchomp, L50, F|
|poke|p2|Sylveon, L50, F|
|poke|p2|Farigiraf, L50, M|
|poke|p2|Incineroar, L50, F|
|teampreview|4
|showteam|p1|Ceruledge||ColburBerry|FlashFire|BulkUp,BitterBlade,ShadowSneak,Protect|Adamant||F|||50|]Incineroar||SitrusBerry|Intimidate|FakeOut,PartingShot,Taunt,FlareBlitz|Careful||M|||50|]Aerodactyl||FocusSash|RockHead|RockSlide,DualWingbeat,WideGuard,Tailwind|Jolly||F|||50|]Hydreigon||ChoiceScarf|Levitate|Snarl,DracoMeteor,Uturn,DarkPulse|Timid||F|||50|]Metagross||Metagrossite|ClearBody|BulletPunch,IronHead,Protect,PsychicFangs|Jolly|||||50|]Venusaur||Venusaurite|Chlorophyll|EarthPower,GigaDrain,SleepPowder,Protect|Modest||M|||50|
|showteam|p2|Charizard||CharizarditeY|Blaze|Protect,HeatWave,WeatherBall,SolarBeam|Modest||M|||50|]Aerodactyl||FocusSash|RockHead|Protect,WideGuard,Tailwind,RockSlide|Jolly||F|||50|]Garchomp||LifeOrb|RoughSkin|DragonClaw,Protect,RockSlide,Earthquake|Jolly||F|||50|]Sylveon||FairyFeather|Pixilate|HyperBeam,Detect,HyperVoice,QuickAttack|Modest||F|||50|]Farigiraf||SitrusBerry|ArmorTail|Psyshock,Thunderbolt,TrickRoom,Protect|Bold||M|||50|]Incineroar||Charcoal|Intimidate|PartingShot,FakeOut,FlareBlitz,ThroatChop|Brave||F|||50|
|inactive|Battle timer is ON: inactive players will automatically lose when time's up. (requested by vilan333)
|
|t:|1784672491
|teamsize|p1|4
|teamsize|p2|4
|start
|switch|p1a: Aerodactyl|Aerodactyl, L50, F|100/100
|switch|p1b: Incineroar|Incineroar, L50, M|100/100
|switch|p2a: Aerodactyl|Aerodactyl, L50, F|100/100
|switch|p2b: Incineroar|Incineroar, L50, F|100/100
|-ability|p1b: Incineroar|Intimidate|boost
|-unboost|p2a: Aerodactyl|atk|1
|-unboost|p2b: Incineroar|atk|1
|-ability|p2b: Incineroar|Intimidate|boost
|-unboost|p1a: Aerodactyl|atk|1
|-unboost|p1b: Incineroar|atk|1
|turn|1
|inactive|jakekaplan87 has 30 seconds left.
|inactive|vilan333 has 30 seconds left.
|inactive|jakekaplan87 has 20 seconds left.
|inactive|jakekaplan87 has 15 seconds left.
|
|t:|1784672534
|switch|p1b: Metagross|Metagross, L50|100/100
|switch|p2b: Garchomp|Garchomp, L50, F|100/100
|move|p2a: Aerodactyl|Protect|p2a: Aerodactyl
|-singleturn|p2a: Aerodactyl|Protect
|move|p1a: Aerodactyl|Rock Slide|p2a: Aerodactyl|[spread] p2b
|-activate|p2a: Aerodactyl|move: Protect
|-resisted|p2b: Garchomp|1
|-damage|p2b: Garchomp|92/100
|
|upkeep
|turn|2
|
|t:|1784672553
|switch|p2a: Incineroar|Incineroar, L50, F|100/100
|-ability|p2a: Incineroar|Intimidate|boost
|-unboost|p1a: Aerodactyl|atk|1
|-fail|p1b: Metagross|unboost|[from] ability: Clear Body|[of] p1b: Metagross
|switch|p1a: Incineroar|Incineroar, L50, M|100/100
|-ability|p1a: Incineroar|Intimidate|boost
|-unboost|p2a: Incineroar|atk|1
|-unboost|p2b: Garchomp|atk|1
|move|p1b: Metagross|Protect|p1b: Metagross
|-singleturn|p1b: Metagross|Protect
|move|p2b: Garchomp|Rock Slide|p1a: Incineroar|[spread] p1a
|-activate|p1b: Metagross|move: Protect
|-supereffective|p1a: Incineroar|1
|-damage|p1a: Incineroar|71/100
|-damage|p2b: Garchomp|82/100|[from] item: Life Orb
|
|upkeep
|turn|3
|
|t:|1784672576
|switch|p2b: Farigiraf|Farigiraf, L50, M|100/100
|switch|p1b: Hydreigon|Hydreigon, L50, F|100/100
|move|p1a: Incineroar|Parting Shot|p2b: Farigiraf
|-unboost|p2b: Farigiraf|atk|1
|-unboost|p2b: Farigiraf|spa|1
|
|t:|1784672585
|switch|p1a: Metagross|Metagross, L50|100/100|[from] Parting Shot
|move|p2a: Incineroar|Flare Blitz|p1b: Hydreigon
|-resisted|p1b: Hydreigon|1
|-damage|p1b: Hydreigon|79/100
|-damage|p2a: Incineroar|93/100|[from] Recoil
|
|upkeep
|turn|4
|
|t:|1784672611
|switch|p1a: Incineroar|Incineroar, L50, M|71/100
|-ability|p1a: Incineroar|Intimidate|boost
|-unboost|p2a: Incineroar|atk|1
|-unboost|p2b: Farigiraf|atk|1
|move|p2b: Farigiraf|Protect|p2b: Farigiraf
|-singleturn|p2b: Farigiraf|Protect
|move|p1b: Hydreigon|Draco Meteor|p2a: Incineroar
|-damage|p2a: Incineroar|32/100
|-unboost|p1b: Hydreigon|spa|2
|move|p2a: Incineroar|Parting Shot|p1b: Hydreigon
|-unboost|p1b: Hydreigon|atk|1
|-unboost|p1b: Hydreigon|spa|1
|
|t:|1784672625
|switch|p2a: Garchomp|Garchomp, L50, F|82/100|[from] Parting Shot
|
|upkeep
|turn|5
|
|t:|1784672636
|switch|p1b: Metagross|Metagross, L50|100/100
|switch|p2b: Aerodactyl|Aerodactyl, L50, F|100/100
|move|p2a: Garchomp|Earthquake|p1a: Incineroar|[spread] p1a,p1b
|-immune|p2b: Aerodactyl
|-supereffective|p1a: Incineroar|1
|-supereffective|p1b: Metagross|1
|-damage|p1a: Incineroar|0 fnt
|-damage|p1b: Metagross|15/100
|faint|p1a: Incineroar
|-damage|p2a: Garchomp|73/100|[from] item: Life Orb
|
|upkeep
|
|t:|1784672648
|switch|p1a: Hydreigon|Hydreigon, L50, F|79/100
|turn|6
|
|t:|1784672655
|switch|p2a: Farigiraf|Farigiraf, L50, M|100/100
|detailschange|p1b: Metagross|Metagross-Mega, L50
|-mega|p1b: Metagross|Metagross|Metagrossite
|move|p1b: Metagross|Bullet Punch||[still]
|cant|p2a: Farigiraf|ability: Armor Tail|Bullet Punch|[of] p1b: Metagross
|move|p1a: Hydreigon|Draco Meteor|p2a: Farigiraf
|-damage|p2a: Farigiraf|42/100
|-unboost|p1a: Hydreigon|spa|2
|-enditem|p2a: Farigiraf|Sitrus Berry|[eat]
|-heal|p2a: Farigiraf|67/100|[from] item: Sitrus Berry
|move|p2b: Aerodactyl|Tailwind|p2b: Aerodactyl
|-sidestart|p2: vilan333|move: Tailwind
|
|upkeep
|turn|7
|
|t:|1784672674
|switch|p1a: Aerodactyl|Aerodactyl, L50, F|100/100
|switch|p2a: Incineroar|Incineroar, L50, F|32/100
|-ability|p2a: Incineroar|Intimidate|boost
|-unboost|p1a: Aerodactyl|atk|1
|-unboost|p1b: Metagross|atk|1
|move|p2b: Aerodactyl|Rock Slide|p1b: Metagross|[spread] p1a,p1b
|-supereffective|p1a: Aerodactyl|1
|-resisted|p1b: Metagross|1
|-damage|p1a: Aerodactyl|18/100
|-damage|p1b: Metagross|4/100
|move|p1b: Metagross|Iron Head|p2b: Aerodactyl
|-supereffective|p2b: Aerodactyl|1
|-enditem|p2b: Aerodactyl|Focus Sash
|-damage|p2b: Aerodactyl|1/100
|
|upkeep
|turn|8
|
|t:|1784672692
|switch|p2a: Farigiraf|Farigiraf, L50, M|67/100
|move|p1b: Metagross|Bullet Punch||[still]
|cant|p2a: Farigiraf|ability: Armor Tail|Bullet Punch|[of] p1b: Metagross
|move|p2b: Aerodactyl|Rock Slide|p1b: Metagross|[spread] p1a,p1b
|-supereffective|p1a: Aerodactyl|1
|-resisted|p1b: Metagross|1
|-damage|p1a: Aerodactyl|0 fnt
|-damage|p1b: Metagross|0 fnt
|faint|p1a: Aerodactyl
|faint|p1b: Metagross
|
|upkeep
|
|t:|1784672695
|switch|p1b: Hydreigon|Hydreigon, L50, F|79/100
|turn|9
|-message|jakekaplan87 forfeited.
|
|win|vilan333
|l|☆jakekaplan87
|player|p1|
