|j|☆blisswy
|j|☆raineyluvsu
|html|blisswyraineyluvsu    
|uhtml|bestof|Game 3 of a best-of-3
|t:|1783723416
|gametype|doubles
|player|p1|blisswy|lady-gen4|
|player|p2|raineyluvsu|169|
|gen|9
|tier|[Gen 9 Champions] VGC 2026 Reg M-B (Bo3)
|rule|Species Clause: Limit one of each Pokémon
|rule|Item Clause: Limit 1 of each item
|clearpoke
|poke|p1|Gholdengo, L50, shiny|
|poke|p1|Lopunny, L50, M, shiny|
|poke|p1|Garchomp, L50, M|
|poke|p1|Pelipper, L50, M|
|poke|p1|Sinistcha, L50|
|poke|p1|Archaludon, L50, M, shiny|
|poke|p2|Metagross, L50|
|poke|p2|Basculegion, L50, M|
|poke|p2|Blaziken, L50, F|
|poke|p2|Politoed, L50, M|
|poke|p2|Tsareena, L50, F|
|poke|p2|Kingambit, L50, M|
|teampreview|4
|showteam|p1|Gholdengo||MetalCoat|GoodasGold|MakeItRain,ShadowBall,Protect,NastyPlot|Modest|||||50|]Lopunny||Lopunnite|CuteCharm|FakeOut,CloseCombat,IcePunch,Uturn|Jolly||M|||50|]Garchomp||LifeOrb|RoughSkin|RockSlide,Earthquake,Protect,DragonClaw|Jolly||M|||50|]Pelipper||SitrusBerry|Drizzle|Hurricane,WeatherBall,WideGuard,Tailwind|Modest||M|||50|]Sinistcha||KasibBerry|Hospitality|Protect,TrickRoom,RagePowder,MatchaGotcha|Relaxed|||||50|]Archaludon||Leftovers|Stamina|ElectroShot,FlashCannon,DragonPulse,Protect|Modest||M|||50|
|showteam|p2|Metagross||Metagrossite|ClearBody|IronHead,PsychicFangs,StompingTantrum,Protect|Jolly|||||50|]Basculegion||LifeOrb|Adaptability|WaveCrash,LastRespects,AquaJet,Protect|Jolly||M|||50|]Blaziken||FocusSash|SpeedBoost|Overheat,AuraSphere,Coaching,Detect|Modest||F|||50|]Politoed||SitrusBerry|Drizzle|WeatherBall,IceBeam,PerishSong,Protect|Bold||M|||50|]Tsareena||ChoiceScarf|QueenlyMajesty|TropKick,TripleAxel,LowKick,Uturn|Jolly||F|||50|]Kingambit||BlackGlasses|Defiant|KowtowCleave,SuckerPunch,SwordsDance,Protect|Brave||M|||50|
|j| YamperIsTheBest
|j| NorfOrSomething
|j| TemporalDonut
|j| Evelyie
|
|t:|1783723462
|teamsize|p1|4
|teamsize|p2|4
|start
|switch|p1a: Sinistcha|Sinistcha, L50|100/100
|switch|p1b: Archaludon|Archaludon, L50, M, shiny|100/100
|switch|p2a: Blaziken|Blaziken, L50, F|100/100
|switch|p2b: Tsareena|Tsareena, L50, F|100/100
|turn|1
|
|t:|1783723478
|move|p1b: Archaludon|Protect|p1b: Archaludon
|-singleturn|p1b: Archaludon|Protect
|move|p1a: Sinistcha|Protect|p1a: Sinistcha
|-singleturn|p1a: Sinistcha|Protect
|move|p2b: Tsareena|Low Kick|p1b: Archaludon
|-activate|p1b: Archaludon|move: Protect
|move|p2a: Blaziken|Overheat|p1a: Sinistcha
|-activate|p1a: Sinistcha|move: Protect
|
|-ability|p2a: Blaziken|Speed Boost|boost
|-boost|p2a: Blaziken|spe|1
|upkeep
|turn|2
|
|t:|1783723510
|switch|p1b: Pelipper|Pelipper, L50, M|100/100
|-weather|RainDance|[from] ability: Drizzle|[of] p1b: Pelipper
|move|p2b: Tsareena|Low Kick|p1b: Pelipper
|-resisted|p1b: Pelipper|1
|-damage|p1b: Pelipper|89/100
|move|p2a: Blaziken|Overheat|p1b: Pelipper
|-resisted|p1b: Pelipper|1
|-damage|p1b: Pelipper|69/100
|-unboost|p2a: Blaziken|spa|2
|move|p1a: Sinistcha|Trick Room|p1a: Sinistcha
|-fieldstart|move: Trick Room|[of] p1a: Sinistcha
|
|-weather|RainDance|[upkeep]
|-ability|p2a: Blaziken|Speed Boost|boost
|-boost|p2a: Blaziken|spe|1
|upkeep
|turn|3
|
|t:|1783723530
|switch|p2b: Politoed|Politoed, L50, M|100/100
|move|p1a: Sinistcha|Matcha Gotcha|p2b: Politoed|[spread] p2a,p2b
|-resisted|p2a: Blaziken|1
|-supereffective|p2b: Politoed|1
|-damage|p2a: Blaziken|82/100
|-damage|p2b: Politoed|59/100
|-status|p2b: Politoed|brn
|move|p1b: Pelipper|Hurricane|p2b: Politoed
|-damage|p2b: Politoed|21/100 brn
|-enditem|p2b: Politoed|Sitrus Berry|[eat]
|-heal|p2b: Politoed|46/100 brn|[from] item: Sitrus Berry
|move|p2a: Blaziken|Coaching|p2b: Politoed
|-boost|p2b: Politoed|atk|1
|-boost|p2b: Politoed|def|1
|
|-weather|RainDance|[upkeep]
|-damage|p2b: Politoed|40/100 brn|[from] brn
|-ability|p2a: Blaziken|Speed Boost|boost
|-boost|p2a: Blaziken|spe|1
|upkeep
|turn|4
|
|t:|1783723547
|move|p1a: Sinistcha|Matcha Gotcha|p2b: Politoed|[spread] p2a,p2b
|-resisted|p2a: Blaziken|1
|-supereffective|p2b: Politoed|1
|-damage|p2a: Blaziken|63/100
|-damage|p2b: Politoed|0 fnt
|faint|p2b: Politoed
|move|p1b: Pelipper|Hurricane|p2a: Blaziken
|-supereffective|p2a: Blaziken|1
|-damage|p2a: Blaziken|0 fnt
|faint|p2a: Blaziken
|
|-weather|RainDance|[upkeep]
|upkeep
|
|t:|1783723558
|switch|p2b: Metagross|Metagross, L50|100/100
|switch|p2a: Tsareena|Tsareena, L50, F|100/100
|turn|5
|
|t:|1783723568
|switch|p1b: Archaludon|Archaludon, L50, M, shiny|100/100
|detailschange|p2b: Metagross|Metagross-Mega, L50
|-mega|p2b: Metagross|Metagross|Metagrossite
|move|p1a: Sinistcha|Matcha Gotcha|p2a: Tsareena|[spread] p2a,p2b
|-resisted|p2a: Tsareena|1
|-resisted|p2b: Metagross|1
|-damage|p2a: Tsareena|85/100
|-damage|p2b: Metagross|87/100
|move|p2b: Metagross|Psychic Fangs|p1b: Archaludon
|-resisted|p1b: Archaludon|1
|-damage|p1b: Archaludon|75/100
|-ability|p1b: Archaludon|Stamina|boost
|-boost|p1b: Archaludon|def|1
|move|p2a: Tsareena|Triple Axel|p1a: Sinistcha
|-supereffective|p1a: Sinistcha|1
|-damage|p1a: Sinistcha|89/100
|-supereffective|p1a: Sinistcha|1
|-damage|p1a: Sinistcha|68/100
|-hitcount|p1a: Sinistcha|2
|
|-weather|RainDance|[upkeep]
|-heal|p1b: Archaludon|81/100|[from] item: Leftovers
|upkeep
|turn|6
|
|t:|1783723619
|move|p1a: Sinistcha|Matcha Gotcha|p2a: Tsareena|[spread] p2a,p2b
|-resisted|p2a: Tsareena|1
|-resisted|p2b: Metagross|1
|-damage|p2a: Tsareena|69/100
|-heal|p1a: Sinistcha|75/100|[from] drain|[of] p2a: Tsareena
|-damage|p2b: Metagross|76/100
|-heal|p1a: Sinistcha|80/100|[from] drain|[of] p2b: Metagross
|move|p1b: Archaludon|Electro Shot||[still]
|-prepare|p1b: Archaludon|Electro Shot
|-boost|p1b: Archaludon|spa|1
|-anim|p1b: Archaludon|Electro Shot|p2b: Metagross
|-crit|p2b: Metagross
|-damage|p2b: Metagross|0 fnt
|faint|p2b: Metagross
|move|p2a: Tsareena|Triple Axel|p1a: Sinistcha
|-supereffective|p1a: Sinistcha|1
|-damage|p1a: Sinistcha|69/100
|-supereffective|p1a: Sinistcha|1
|-crit|p1a: Sinistcha
|-damage|p1a: Sinistcha|37/100
|-supereffective|p1a: Sinistcha|1
|-damage|p1a: Sinistcha|3/100
|-hitcount|p1a: Sinistcha|3
|
|-weather|none
|-heal|p1b: Archaludon|87/100|[from] item: Leftovers
|-fieldend|move: Trick Room
|upkeep
|turn|7
|
|t:|1783723635
|move|p1a: Sinistcha|Rage Powder|p1a: Sinistcha
|-singleturn|p1a: Sinistcha|move: Rage Powder
|move|p2a: Tsareena|Triple Axel|p1a: Sinistcha
|-supereffective|p1a: Sinistcha|1
|-damage|p1a: Sinistcha|0 fnt
|faint|p1a: Sinistcha
|-hitcount|p1: Sinistcha|1
|move|p1b: Archaludon|Dragon Pulse|p2a: Tsareena
|-damage|p2a: Tsareena|0 fnt
|faint|p2a: Tsareena
|
|win|blisswy
|c|☆raineyluvsu|gg
|c|☆blisswy|ggs
|l| TemporalDonut
|l| Evelyie
|l| YamperIsTheBest
|l|☆raineyluvsu
|player|p2|
