|j|☆gohan92
|j|☆DDyarados29
|html|gohan92DDyarados29    
|uhtml|bestof|Game 1 of a best-of-3
|t:|1757020698
|gametype|doubles
|player|p1|gohan92|102|1340
|player|p2|DDyarados29|wallace-gen6|1446
|gen|9
|tier|[Gen 9] VGC 2025 Reg H (Bo3)
|rated|
|rule|Species Clause: Limit one of each Pokémon
|rule|Item Clause: Limit 1 of each item
|clearpoke
|poke|p1|Gholdengo, L50|
|poke|p1|Archaludon, L50, M|
|poke|p1|Sneasler, L50, F|
|poke|p1|Pelipper, L50, M|
|poke|p1|Rillaboom, L50, M|
|poke|p1|Incineroar, L50, M|
|poke|p2|Ninetales-Alola, L50, F|
|poke|p2|Rillaboom, L50, M|
|poke|p2|Magmar, L50, M|
|poke|p2|Sneasler, L50, M|
|poke|p2|Kingambit, L50, F|
|poke|p2|Basculegion, L50, M|
|teampreview|4
|showteam|p1|Gholdengo||MetalCoat|GoodasGold|MakeItRain,ShadowBall,NastyPlot,Protect||||||50|,,,,,Fighting]Archaludon||PowerHerb|Sturdy|ElectroShot,DragonPulse,FlashCannon,Protect|||M|||50|,,,,,Electric]Sneasler||GrassySeed|Unburden|CloseCombat,DireClaw,ThroatChop,Protect|||F|||50|,,,,,Dark]Pelipper||ChoiceScarf|Drizzle|WeatherBall,Hurricane,MuddyWater,Tailwind|||M|||50|,,,,,Ghost]Rillaboom||AssaultVest|GrassySurge|FakeOut,WoodHammer,GrassyGlide,HighHorsepower|||M|||50|,,,,,Fire]Incineroar||SafetyGoggles|Intimidate|FakeOut,FlareBlitz,KnockOff,PartingShot|||M|||50|,,,,,Ghost
|showteam|p2|Ninetales-Alola||LifeOrb|SnowWarning|Blizzard,FreezeDry,Encore,Protect|||F|||50|,,,,,Ghost]Rillaboom||AssaultVest|GrassySurge|WoodHammer,FakeOut,Uturn,GrassyGlide|||M|||50|,,,,,Ghost]Magmar||Eviolite|VitalSpirit|Protect,HeatWave,Taunt,FollowMe|||M|||50|,,,,,Ghost]Sneasler||FocusSash|PoisonTouch|FakeOut,DireClaw,CloseCombat,Protect|||M|||50|,,,,,Ghost]Kingambit||BlackGlasses|Defiant|KowtowCleave,SwordsDance,SuckerPunch,Protect|||F|||50|,,,,,Fire]Basculegion||ChoiceScarf|Adaptability|WaveCrash,LastRespects,FlipTurn,TeraBlast|||M|||50|,,,,,Fighting
|inactive|Battle timer is ON: inactive players will automatically lose when time's up. (requested by DDyarados29)
|inactive|gohan92 has 60 seconds left.
|inactive|DDyarados29 has 60 seconds left.
|inactive|gohan92 has 30 seconds left.
|inactive|gohan92 has 20 seconds left.
|inactive|gohan92 has 15 seconds left.
|
|t:|1757020777
|teamsize|p1|4
|teamsize|p2|4
|start
|switch|p1a: Sneasler|Sneasler, L50, F|100/100
|switch|p1b: Rillaboom|Rillaboom, L50, M|100/100
|switch|p2a: Sneasler|Sneasler, L50, M|100/100
|switch|p2b: Kingambit|Kingambit, L50, F|100/100
|-fieldstart|move: Grassy Terrain|[from] ability: Grassy Surge|[of] p1b: Rillaboom
|-enditem|p1a: Sneasler|Grassy Seed
|-boost|p1a: Sneasler|def|1|[from] item: Grassy Seed
|turn|1
|inactive|gohan92 has 30 seconds left.
|
|t:|1757020805
|move|p2a: Sneasler|Protect|p2a: Sneasler
|-singleturn|p2a: Sneasler|Protect
|move|p2b: Kingambit|Protect|p2b: Kingambit
|-singleturn|p2b: Kingambit|Protect
|move|p1a: Sneasler|Close Combat|p2b: Kingambit
|-activate|p2b: Kingambit|move: Protect
|move|p1b: Rillaboom|High Horsepower|p2a: Sneasler
|-activate|p2a: Sneasler|move: Protect
|
|upkeep
|turn|2
|inactive|gohan92 has 30 seconds left.
|
|t:|1757020839
|-terastallize|p1b: Rillaboom|Fire
|-terastallize|p2b: Kingambit|Fire
|move|p1a: Sneasler|Close Combat|p2b: Kingambit
|-damage|p2b: Kingambit|41/100
|-unboost|p1a: Sneasler|def|1
|-unboost|p1a: Sneasler|spd|1
|move|p2a: Sneasler|Dire Claw|p1b: Rillaboom
|-damage|p1b: Rillaboom|64/100
|-status|p1b: Rillaboom|slp
|cant|p1b: Rillaboom|slp
|move|p2b: Kingambit|Kowtow Cleave|p1b: Rillaboom
|-damage|p1b: Rillaboom|8/100 slp
|
|-heal|p1b: Rillaboom|14/100 slp|[from] Grassy Terrain
|-heal|p2b: Kingambit|46/100|[from] Grassy Terrain
|upkeep
|turn|3
|inactive|gohan92 has 30 seconds left.
|inactive|gohan92 has 20 seconds left.
|inactive|gohan92 has 15 seconds left.
|inactive|gohan92 has 10 seconds left.
|
|t:|1757020886
|move|p2b: Kingambit|Protect|p2b: Kingambit
|-singleturn|p2b: Kingambit|Protect
|move|p1a: Sneasler|Close Combat|p2a: Sneasler
|-resisted|p2a: Sneasler
|-damage|p2a: Sneasler|41/100
|-unboost|p1a: Sneasler|def|1
|-unboost|p1a: Sneasler|spd|1
|move|p2a: Sneasler|Dire Claw|p1b: Rillaboom
|-damage|p1b: Rillaboom|0 fnt
|faint|p1b: Rillaboom
|
|-heal|p2a: Sneasler|47/100|[from] Grassy Terrain
|-heal|p2b: Kingambit|52/100|[from] Grassy Terrain
|upkeep
|
|t:|1757020895
|switch|p1b: Pelipper|Pelipper, L50, M|100/100
|-weather|RainDance|[from] ability: Drizzle|[of] p1b: Pelipper
|turn|4
|inactive|gohan92 has 30 seconds left.
|inactive|DDyarados29 has 30 seconds left.
|inactive|DDyarados29 has 20 seconds left.
|inactive|DDyarados29 has 15 seconds left.
|
|t:|1757020938
|move|p2a: Sneasler|Protect|p2a: Sneasler
|-singleturn|p2a: Sneasler|Protect
|move|p2b: Kingambit|Sucker Punch|p1b: Pelipper
|-damage|p1b: Pelipper|33/100
|move|p1a: Sneasler|Dire Claw|p2b: Kingambit
|-damage|p2b: Kingambit|13/100
|move|p1b: Pelipper|Muddy Water|p2b: Kingambit|[spread] p2b
|-activate|p2a: Sneasler|move: Protect
|-supereffective|p2b: Kingambit
|-damage|p2b: Kingambit|0 fnt
|faint|p2b: Kingambit
|
|-weather|RainDance|[upkeep]
|-heal|p2a: Sneasler|53/100|[from] Grassy Terrain
|upkeep
|
|t:|1757020946
|switch|p2b: Ninetales|Ninetales-Alola, L50, F|100/100
|-weather|Snowscape|[from] ability: Snow Warning|[of] p2b: Ninetales
|turn|5
|
|t:|1757020966
|move|p2b: Ninetales|Protect|p2b: Ninetales
|-singleturn|p2b: Ninetales|Protect
|move|p1a: Sneasler|Close Combat|p2a: Sneasler
|-resisted|p2a: Sneasler
|-damage|p2a: Sneasler|0 fnt
|-unboost|p1a: Sneasler|def|1
|-unboost|p1a: Sneasler|spd|1
|faint|p2a: Sneasler
|move|p1b: Pelipper|Muddy Water|p2b: Ninetales
|-activate|p2b: Ninetales|move: Protect
|
|-weather|Snowscape|[upkeep]
|-fieldend|move: Grassy Terrain
|upkeep
|
|t:|1757020969
|switch|p2a: Basculegion|Basculegion, L50, M|100/100
|turn|6
|
|t:|1757020989
|move|p1a: Sneasler|Throat Chop|p2a: Basculegion
|-supereffective|p2a: Basculegion
|-damage|p2a: Basculegion|30/100
|-start|p2a: Basculegion|Throat Chop|[silent]
|move|p2a: Basculegion|Wave Crash|p1b: Pelipper
|-resisted|p1b: Pelipper
|-damage|p1b: Pelipper|0 fnt
|faint|p1b: Pelipper
|-damage|p2a: Basculegion|23/100|[from] Recoil
|move|p2b: Ninetales|Freeze-Dry|p1a: Sneasler
|-damage|p1a: Sneasler|0 fnt
|faint|p1a: Sneasler
|-damage|p2b: Ninetales|91/100|[from] item: Life Orb
|
|-weather|Snowscape|[upkeep]
|upkeep
|
|t:|1757020999
|switch|p1b: Archaludon|Archaludon, L50, M|100/100
|turn|7
|inactive|gohan92 has 30 seconds left.
|inactive|gohan92 has 20 seconds left.
|inactive|gohan92 has 15 seconds left.
|inactive|gohan92 has 10 seconds left.
|
|t:|1757021048
|move|p2a: Basculegion|Wave Crash|p1b: Archaludon
|-resisted|p1b: Archaludon
|-damage|p1b: Archaludon|70/100
|-damage|p2a: Basculegion|14/100|[from] Recoil
|move|p2b: Ninetales|Blizzard|p1b: Archaludon
|-damage|p1b: Archaludon|0 fnt
|faint|p1b: Archaludon
|-damage|p2b: Ninetales|82/100|[from] item: Life Orb
|
|win|DDyarados29
||DDyarados29 is ready for game 2.
||gohan92 is ready for game 2.
|uhtml|next|Next: Game 2 of 3
