|j|☆entei enthusiast
|j|☆pandarsa
|html|entei enthusiastpandarsa    
|uhtml|bestof|Game 2 of a best-of-3
|t:|1783022956
|gametype|doubles
|player|p1|entei enthusiast|kamado-armor|1072
|player|p2|pandarsa|cynthia-gen4|1167
|gen|9
|tier|[Gen 9 Champions] VGC 2026 Reg M-B (Bo3)
|rated|
|rule|Species Clause: Limit one of each Pokémon
|rule|Item Clause: Limit 1 of each item
|clearpoke
|poke|p1|Gyarados, L50, F, shiny|
|poke|p1|Floette-Eternal, L50, F|
|poke|p1|Sneasler, L50, F|
|poke|p1|Sinistcha, L50|
|poke|p1|Garchomp, L50, F|
|poke|p1|Incineroar, L50, M|
|poke|p2|Swampert, L50, M|
|poke|p2|Rotom-Wash, L50|
|poke|p2|Pelipper, L50, F|
|poke|p2|Gholdengo, L50|
|poke|p2|Basculegion, L50, M|
|poke|p2|Gengar, L50, M|
|teampreview|4
|showteam|p1|Gyarados||Gyaradosite|Intimidate|Waterfall,LashOut,DragonDance,Protect|Adamant||F|||50|]Floette-Eternal||Floettite|FlowerVeil|DrainingKiss,DazzlingGleam,CalmMind,Protect|Timid||F|||50|]Sneasler||FocusSash|PoisonTouch|CloseCombat,DireClaw,FakeOut,Coaching|Jolly||F|||50|]Sinistcha||SitrusBerry|Hospitality|MatchaGotcha,LifeDew,RagePowder,Protect|Calm|||||50|]Garchomp||LifeOrb|RoughSkin|DragonClaw,RockSlide,Earthquake,Protect|Jolly||F|||50|]Incineroar||PasshoBerry|Intimidate|FlareBlitz,FakeOut,PartingShot,Taunt|Careful||M|||50|
|showteam|p2|Swampert||Swampertite|Torrent|WaveCrash,HighHorsepower,IcePunch,BrickBreak|Adamant||M|||50|]Rotom-Wash||ExpertBelt|Levitate|Thunderbolt,HydroPump,DarkPulse,Reflect|Calm|||||50|]Pelipper||DampRock|Drizzle|Hurricane,HydroPump,Tailwind,Protect|Timid||F|||50|]Gholdengo||ShucaBerry|GoodasGold|MakeItRain,Thunder,ShadowBall,FlashCannon|Modest|||||50|]Basculegion||ChoiceScarf|Adaptability|AquaJet,WaveCrash,LastRespects,PsychicFangs|Jolly||M|||50|]Gengar||Gengarite|CursedBody|EnergyBall,Thunder,ShadowBall,IcyWind|Timid||M|||50|
|inactive|Battle timer is ON: inactive players will automatically lose when time's up. (requested by pandarsa)
|inactive|entei enthusiast has 60 seconds left.
|inactive|pandarsa has 60 seconds left.
|inactive|pandarsa has 30 seconds left.
|inactive|pandarsa has 20 seconds left.
|inactive|pandarsa has 15 seconds left.
|inactive|pandarsa has 10 seconds left.
|inactive|pandarsa has 5 seconds left.
|
|t:|1783023042
|teamsize|p1|4
|teamsize|p2|4
|start
|switch|p1a: Gyarados|Gyarados, L50, F, shiny|100/100
|switch|p1b: Sinistcha|Sinistcha, L50|100/100
|switch|p2a: Zoroark Hisui|Gholdengo, L50|100/100
|switch|p2b: Gengar|Gengar, L50, M|100/100
|-ability|p1a: Gyarados|Intimidate|boost
|-unboost|p2a: Zoroark Hisui|atk|1
|-unboost|p2b: Gengar|atk|1
|turn|1
|inactive|entei enthusiast has 30 seconds left.
|inactive|pandarsa has 30 seconds left.
|
|t:|1783023073
|detailschange|p2b: Gengar|Gengar-Mega, L50, M
|-mega|p2b: Gengar|Gengar|Gengarite
|detailschange|p1a: Gyarados|Gyarados-Mega, L50, F, shiny
|-mega|p1a: Gyarados|Gyarados|Gyaradosite
|-ability|p1a: Gyarados|Mold Breaker
|move|p1b: Sinistcha|Rage Powder|p1b: Sinistcha
|-singleturn|p1b: Sinistcha|move: Rage Powder
|move|p2b: Gengar|Shadow Ball|p1b: Sinistcha
|-supereffective|p1b: Sinistcha|1
|-damage|p1b: Sinistcha|19/100
|-enditem|p1b: Sinistcha|Sitrus Berry|[eat]
|-heal|p1b: Sinistcha|43/100|[from] item: Sitrus Berry
|move|p1a: Gyarados|Lash Out|p2b: Gengar
|-supereffective|p2b: Gengar|1
|-damage|p2b: Gengar|0 fnt
|faint|p2b: Gengar
|move|p2a: Zoroark Hisui|Shadow Ball|p1b: Sinistcha
|-supereffective|p1b: Sinistcha|1
|-damage|p1b: Sinistcha|0 fnt
|faint|p1b: Sinistcha
|
|upkeep
|inactive|entei enthusiast has 30 seconds left.
|
|t:|1783023101
|switch|p2b: T0rkoal|Pelipper, L50, F|100/100
|switch|p1b: Incineroar|Incineroar, L50, M|100/100
|-weather|RainDance|[from] ability: Drizzle|[of] p2b: T0rkoal
|-ability|p1b: Incineroar|Intimidate|boost
|-unboost|p2a: Zoroark Hisui|atk|1
|-unboost|p2b: T0rkoal|atk|1
|turn|2
|
|t:|1783023117
|switch|p2b: Gyarad0s|Rotom-Wash, L50|100/100
|move|p1b: Incineroar|Fake Out|p2b: Gyarad0s
|-damage|p2b: Gyarad0s|90/100
|move|p1a: Gyarados|Dragon Dance|p1a: Gyarados
|-boost|p1a: Gyarados|atk|1
|-boost|p1a: Gyarados|spe|1
|move|p2a: Zoroark Hisui|Thunder|p1a: Gyarados
|-supereffective|p1a: Gyarados|1
|-damage|p1a: Gyarados|35/100
|
|-weather|RainDance|[upkeep]
|upkeep
|turn|3
|inactive|entei enthusiast has 30 seconds left.
|
|t:|1783023147
|move|p1a: Gyarados|Protect|p1a: Gyarados
|-singleturn|p1a: Gyarados|Protect
|move|p2b: Gyarad0s|Thunderbolt|p1a: Gyarados
|-activate|p1a: Gyarados|move: Protect
|move|p2a: Zoroark Hisui|Thunder|p1a: Gyarados
|-activate|p1a: Gyarados|move: Protect
|move|p1b: Incineroar|Parting Shot|p2b: Gyarad0s
|-unboost|p2b: Gyarad0s|atk|1
|-unboost|p2b: Gyarad0s|spa|1
|
|t:|1783023156
|switch|p1b: Garchomp|Garchomp, L50, F|100/100|[from] Parting Shot
|
|-weather|RainDance|[upkeep]
|upkeep
|turn|4
|inactive|entei enthusiast has 30 seconds left.
|inactive|entei enthusiast has 20 seconds left.
|inactive|entei enthusiast has 15 seconds left.
|
|t:|1783023200
|switch|p2a: T0rkoal|Pelipper, L50, F|100/100
|move|p1a: Gyarados|Lash Out|p2b: Gyarad0s
|-damage|p2b: Gyarad0s|32/100
|move|p1b: Garchomp|Earthquake|p2b: Gyarad0s|[spread] p1a
|-immune|p2a: T0rkoal
|-immune|p2b: Gyarad0s|[from] ability: Levitate
|-damage|p1a: Gyarados|0 fnt
|faint|p1a: Gyarados
|-damage|p1b: Garchomp|90/100|[from] item: Life Orb
|move|p2b: Gyarad0s|Thunderbolt|p1b: Garchomp
|-immune|p1b: Garchomp
|
|-weather|RainDance|[upkeep]
|upkeep
|
|t:|1783023202
|switch|p1a: Incineroar|Incineroar, L50, M|100/100
|-ability|p1a: Incineroar|Intimidate|boost
|-unboost|p2a: T0rkoal|atk|1
|-unboost|p2b: Gyarad0s|atk|1
|turn|5
|inactive|pandarsa has 30 seconds left.
|inactive|pandarsa has 20 seconds left.
|inactive|pandarsa has 15 seconds left.
|inactive|pandarsa has 10 seconds left.
|
|t:|1783023249
|move|p1a: Incineroar|Fake Out|p2a: T0rkoal
|-damage|p2a: T0rkoal|87/100
|move|p1b: Garchomp|Rock Slide|p2a: T0rkoal|[spread] p2b
|-miss|p1b: Garchomp|p2a: T0rkoal
|-damage|p2b: Gyarad0s|12/100
|-damage|p1b: Garchomp|80/100|[from] item: Life Orb
|cant|p2a: T0rkoal|flinch
|move|p2b: Gyarad0s|Reflect|p2b: Gyarad0s
|-sidestart|p2: pandarsa|Reflect
|
|-weather|RainDance|[upkeep]
|upkeep
|turn|6
|
|t:|1783023266
|move|p1b: Garchomp|Rock Slide|p2b: Gyarad0s|[spread] p2a,p2b
|-supereffective|p2a: T0rkoal|1
|-damage|p2a: T0rkoal|57/100
|-damage|p2b: Gyarad0s|0 fnt
|faint|p2b: Gyarad0s
|-damage|p1b: Garchomp|70/100|[from] item: Life Orb
|move|p2a: T0rkoal|Hydro Pump|p1a: Incineroar
|-supereffective|p1a: Incineroar|1
|-enditem|p1a: Incineroar|Passho Berry|[eat]
|-enditem|p1a: Incineroar|Passho Berry|[weaken]
|-damage|p1a: Incineroar|52/100
|move|p1a: Incineroar|Parting Shot|p2a: T0rkoal
|-unboost|p2a: T0rkoal|atk|1
|-unboost|p2a: T0rkoal|spa|1
|
|-weather|RainDance|[upkeep]
|upkeep
|
|t:|1783023270
|switch|p2b: Zoroark Hisui|Gholdengo, L50|100/100
|turn|7
|inactive|entei enthusiast has 30 seconds left.
|
|t:|1783023308
|move|p1b: Garchomp|Rock Slide|p2a: T0rkoal|[spread] p2a,p2b
|-supereffective|p2a: T0rkoal|1
|-resisted|p2b: Zoroark Hisui|1
|-damage|p2a: T0rkoal|27/100
|-damage|p2b: Zoroark Hisui|92/100
|-damage|p1b: Garchomp|61/100|[from] item: Life Orb
|move|p2a: T0rkoal|Hurricane|p1b: Garchomp
|-damage|p1b: Garchomp|34/100
|move|p2b: Zoroark Hisui|Shadow Ball|p1b: Garchomp
|-damage|p1b: Garchomp|0 fnt
|faint|p1b: Garchomp
|move|p1a: Incineroar|Flare Blitz|p2b: Zoroark Hisui
|-supereffective|p2b: Zoroark Hisui|1
|-damage|p2b: Zoroark Hisui|63/100
|-damage|p1a: Incineroar|42/100|[from] Recoil
|
|-weather|RainDance|[upkeep]
|upkeep
|turn|8
|-message|entei enthusiast forfeited.
|
|win|pandarsa
||entei enthusiast is ready for game 3.
||pandarsa is ready for game 3.
|uhtml|next|Next: Game 3 of 3
