|j|☆Fenozi
|j|☆nyakugan
|html|Fenozinyakugan    
|uhtml|bestof|Game 3 of a best-of-3
|t:|1756930958
|gametype|doubles
|player|p1|Fenozi|veteran|
|player|p2|nyakugan|psychic|
|gen|9
|tier|[Gen 9] VGC 2025 Reg H (Bo3)
|rule|Species Clause: Limit one of each Pokémon
|rule|Item Clause: Limit 1 of each item
|clearpoke
|poke|p1|Archaludon, L50, M|
|poke|p1|Dragonite, L50, M|
|poke|p1|Pelipper, L50, F|
|poke|p1|Ursaluna, L50, F|
|poke|p1|Sinistcha, L50|
|poke|p1|Gholdengo, L50|
|poke|p2|Dragapult, L50, M|
|poke|p2|Sneasler, L50, M|
|poke|p2|Volcarona, L50, F|
|poke|p2|Incineroar, L50, M|
|poke|p2|Rillaboom, L50, M|
|poke|p2|Kingambit, L50, M|
|teampreview|4
|showteam|p1|Archaludon||AssaultVest|Stamina|FlashCannon,BodyPress,ElectroShot,Snarl|||M|||50|,,,,,Fighting]Dragonite||LoadedDice|Multiscale|ScaleShot,Tailwind,Haze,Protect|||M|||50|,,,,,Fairy]Pelipper||FocusSash|Drizzle|MuddyWater,Hurricane,Tailwind,Protect|||F|||50|,,,,,Ghost]Ursaluna||FlameOrb|Guts|Facade,HeadlongRush,Earthquake,Protect|||F|||50|,,,,,Ghost]Sinistcha||SitrusBerry|Hospitality|MatchaGotcha,LifeDew,RagePowder,TrickRoom||||||50|,,,,,Dark]Gholdengo||ChoiceScarf|GoodasGold|MakeItRain,ShadowBall,Trick,Protect||||||50|,,,,,Flying
|showteam|p2|Dragapult||ChoiceBand|ClearBody|DragonDarts,Outrage,PhantomForce,Uturn|||M|||50|,,,,,Dragon]Sneasler||FocusSash|Unburden|CloseCombat,DireClaw,Coaching,Protect|||M|||50|,,,,,Stellar]Volcarona||GrassySeed|FlameBody|FieryDance,TeraBlast,QuiverDance,Protect|||F|||50|,,,,,Fairy]Incineroar||SafetyGoggles|Intimidate|KnockOff,FakeOut,Taunt,PartingShot|||M|||50|,,,,,Ghost]Rillaboom||AssaultVest|GrassySurge|WoodHammer,GrassyGlide,Uturn,FakeOut|||M|||50|,,,,,Fire]Kingambit||BlackGlasses|Defiant|KowtowCleave,SuckerPunch,SwordsDance,Protect|||M|||50|,,,,,Dark
|
|t:|1756931043
|teamsize|p1|4
|teamsize|p2|4
|start
|switch|p1a: Dragonite|Dragonite, L50, M|100/100
|switch|p1b: Ursaluna|Ursaluna, L50, F|100/100
|switch|p2a: Rillaboom|Rillaboom, L50, M|100/100
|switch|p2b: Volcarona|Volcarona, L50, F|100/100
|-fieldstart|move: Grassy Terrain|[from] ability: Grassy Surge|[of] p2a: Rillaboom
|-enditem|p2b: Volcarona|Grassy Seed
|-boost|p2b: Volcarona|def|1|[from] item: Grassy Seed
|turn|1
|
|t:|1756931181
|-terastallize|p2b: Volcarona|Fairy
|move|p1b: Ursaluna|Protect|p1b: Ursaluna
|-singleturn|p1b: Ursaluna|Protect
|move|p2b: Volcarona|Quiver Dance|p2b: Volcarona
|-boost|p2b: Volcarona|spa|1
|-boost|p2b: Volcarona|spd|1
|-boost|p2b: Volcarona|spe|1
|move|p2a: Rillaboom|Wood Hammer|p1b: Ursaluna
|-activate|p1b: Ursaluna|move: Protect
|move|p1a: Dragonite|Tailwind|p1a: Dragonite
|-sidestart|p1: Fenozi|move: Tailwind
|
|-status|p1b: Ursaluna|brn|[from] item: Flame Orb
|upkeep
|turn|2
|
|t:|1756931225
|switch|p2a: Incineroar|Incineroar, L50, M|100/100
|-ability|p2a: Incineroar|Intimidate|boost
|-unboost|p1a: Dragonite|atk|1
|-unboost|p1b: Ursaluna|atk|1
|move|p1a: Dragonite|Haze|p1a: Dragonite
|-clearallboost
|move|p1b: Ursaluna|Facade|p2a: Incineroar
|-damage|p2a: Incineroar|0 fnt
|faint|p2a: Incineroar
|move|p2b: Volcarona|Fiery Dance|p1b: Ursaluna
|-damage|p1b: Ursaluna|62/100 brn
|
|-heal|p1b: Ursaluna|68/100 brn|[from] Grassy Terrain
|-damage|p1b: Ursaluna|62/100 brn|[from] brn
|upkeep
|
|t:|1756931240
|switch|p2a: Rillaboom|Rillaboom, L50, M|100/100
|turn|3
|
|t:|1756931271
|switch|p1a: Pelipper|Pelipper, L50, F|100/100
|-weather|RainDance|[from] ability: Drizzle|[of] p1a: Pelipper
|-terastallize|p1b: Ursaluna|Ghost
|move|p2a: Rillaboom|Grassy Glide|p1b: Ursaluna
|-damage|p1b: Ursaluna|32/100 brn
|move|p1b: Ursaluna|Facade|p2a: Rillaboom
|-damage|p2a: Rillaboom|0 fnt
|faint|p2a: Rillaboom
|move|p2b: Volcarona|Fiery Dance|p1b: Ursaluna
|-damage|p1b: Ursaluna|10/100 brn
|
|-weather|RainDance|[upkeep]
|-heal|p1b: Ursaluna|16/100 brn|[from] Grassy Terrain
|-damage|p1b: Ursaluna|10/100 brn|[from] brn
|upkeep
|
|t:|1756931287
|switch|p2a: Sneasler|Sneasler, L50, M, shiny|100/100
|turn|4
|
|t:|1756931299
|move|p2a: Sneasler|Protect|p2a: Sneasler
|-singleturn|p2a: Sneasler|Protect
|move|p2b: Volcarona|Protect|p2b: Volcarona
|-singleturn|p2b: Volcarona|Protect
|move|p1a: Pelipper|Muddy Water|p2b: Volcarona|[spread] 
|-activate|p2a: Sneasler|move: Protect
|-activate|p2b: Volcarona|move: Protect
|move|p1b: Ursaluna|Earthquake|p2a: Sneasler|[spread] 
|-activate|p2a: Sneasler|move: Protect
|-activate|p2b: Volcarona|move: Protect
|-immune|p1a: Pelipper
|
|-weather|RainDance|[upkeep]
|-heal|p1b: Ursaluna|16/100 brn|[from] Grassy Terrain
|-damage|p1b: Ursaluna|10/100 brn|[from] brn
|-sideend|p1: Fenozi|move: Tailwind
|upkeep
|turn|5
|
|t:|1756931394
|move|p2a: Sneasler|Dire Claw|p1a: Pelipper
|-damage|p1a: Pelipper|42/100
|move|p2b: Volcarona|Fiery Dance|p1b: Ursaluna
|-damage|p1b: Ursaluna|0 fnt
|faint|p1b: Ursaluna
|move|p1a: Pelipper|Tailwind|p1a: Pelipper
|-sidestart|p1: Fenozi|move: Tailwind
|
|-weather|RainDance|[upkeep]
|-fieldend|move: Grassy Terrain
|upkeep
|
|t:|1756931402
|switch|p1b: Gholdengo|Gholdengo, L50|100/100
|turn|6
|
|t:|1756931421
|move|p2b: Volcarona|Protect|p2b: Volcarona
|-singleturn|p2b: Volcarona|Protect
|move|p1b: Gholdengo|Make It Rain|p2b: Volcarona|[spread] p2a
|-activate|p2b: Volcarona|move: Protect
|-damage|p2a: Sneasler|36/100
|-unboost|p1b: Gholdengo|spa|1
|move|p1a: Pelipper|Hurricane|p2b: Volcarona
|-activate|p2b: Volcarona|move: Protect
|move|p2a: Sneasler|Dire Claw|p1a: Pelipper
|-damage|p1a: Pelipper|0 fnt
|faint|p1a: Pelipper
|
|-weather|RainDance|[upkeep]
|upkeep
|
|t:|1756931424
|switch|p1a: Dragonite|Dragonite, L50, M|100/100
|turn|7
|
|t:|1756931463
|move|p2b: Volcarona|Protect|p2b: Volcarona
|-singleturn|p2b: Volcarona|Protect
|move|p1b: Gholdengo|Make It Rain|p2a: Sneasler|[spread] p2a
|-activate|p2b: Volcarona|move: Protect
|-damage|p2a: Sneasler|0 fnt
|-unboost|p1b: Gholdengo|spa|1
|faint|p2a: Sneasler
|move|p1a: Dragonite|Haze|p1a: Dragonite
|-clearallboost
|
|-weather|none
|upkeep
|turn|8
|
|t:|1756931505
|move|p1b: Gholdengo|Make It Rain|p2b: Volcarona
|-supereffective|p2b: Volcarona
|-damage|p2b: Volcarona|0 fnt
|-unboost|p1b: Gholdengo|spa|1
|faint|p2b: Volcarona
|
|win|Fenozi
|c|☆nyakugan|gg wp
|c|☆Fenozi|ggs
|c|☆Fenozi|well played
|l|☆nyakugan
|player|p2|
