|j|☆laic67place
|j|☆Lolome
|html|laic67placeLolome    
|uhtml|bestof|Game 2 of a best-of-3
|t:|1756569143
|gametype|doubles
|player|p1|laic67place|wattson|1355
|player|p2|Lolome|1|1356
|gen|9
|tier|[Gen 9] VGC 2025 Reg H (Bo3)
|rated|
|rule|Species Clause: Limit one of each Pokémon
|rule|Item Clause: Limit 1 of each item
|clearpoke
|poke|p1|Volcarona, L50, M|
|poke|p1|Kingambit, L50, F|
|poke|p1|Dragonite, L50, M|
|poke|p1|Sneasler, L50, F|
|poke|p1|Rillaboom, L50, M|
|poke|p1|Electabuzz, L50, M|
|poke|p2|Volcarona, L50, F|
|poke|p2|Rillaboom, L50, F|
|poke|p2|Ninetales-Alola, L50, M|
|poke|p2|Sneasler, L50, M|
|poke|p2|Kingambit, L50, M|
|poke|p2|Dragonite, L50, F|
|teampreview|4
|showteam|p1|Volcarona||Leftovers|FlameBody|HeatWave,TeraBlast,QuiverDance,Protect|||M|||50|,,,,,Fairy]Kingambit||BlackGlasses|Defiant|KowtowCleave,SuckerPunch,SwordsDance,Protect|||F|||50|,,,,,Dark]Dragonite||LoadedDice|Multiscale|ScaleShot,ExtremeSpeed,Haze,Protect|||M|||50|,,,,,Steel]Sneasler||FocusSash|Unburden|CloseCombat,DireClaw,FakeOut,Protect|||F|||50|,,,,,Ghost]Rillaboom||AssaultVest|GrassySurge|WoodHammer,GrassyGlide,HighHorsepower,FakeOut|||M|||50|,,,,,Fire]Electabuzz||Eviolite|VitalSpirit|Thunderbolt,Taunt,FollowMe,Protect|||M|||50|,,,,,Ghost
|showteam|p2|Volcarona||GrassySeed|FlameBody|HeatWave,TeraBlast,QuiverDance,Protect|||F|||50|,,,,,Fairy]Rillaboom||AssaultVest|GrassySurge|GrassyGlide,WoodHammer,FakeOut,HighHorsepower|||F|||50|,,,,,Fire]Ninetales-Alola||LightClay|SnowWarning|Blizzard,Encore,AuroraVeil,Protect|||M|||50|,,,,,Ghost]Sneasler||WhiteHerb|Unburden|CloseCombat,DireClaw,Coaching,Protect|||M|||50|,,,,,Ghost]Kingambit||SafetyGoggles|Defiant|KowtowCleave,SuckerPunch,SwordsDance,Protect|||M|||50|,,,,,Dark]Dragonite||LoadedDice|Multiscale|ScaleShot,StompingTantrum,Haze,Protect|||F|||50|,,,,,Ground
|
|t:|1756569184
|teamsize|p1|4
|teamsize|p2|4
|start
|switch|p1a: Sneasler|Sneasler, L50, F|100/100
|switch|p1b: Dragonite|Dragonite, L50, M|100/100
|switch|p2a: Sneasler|Sneasler, L50, M|100/100
|switch|p2b: Dragonite|Dragonite, L50, F|100/100
|turn|1
|
|t:|1756569197
|move|p2a: Sneasler|Protect|p2a: Sneasler
|-singleturn|p2a: Sneasler|Protect
|move|p2b: Dragonite|Protect|p2b: Dragonite
|-singleturn|p2b: Dragonite|Protect
|move|p1a: Sneasler|Fake Out|p2b: Dragonite
|-activate|p2b: Dragonite|move: Protect
|move|p1b: Dragonite|Scale Shot|p2a: Sneasler
|-activate|p2a: Sneasler|move: Protect
|
|upkeep
|turn|2
|
|t:|1756569212
|-terastallize|p2b: Dragonite|Ground
|move|p2a: Sneasler|Coaching|p2b: Dragonite
|-boost|p2b: Dragonite|atk|1
|-boost|p2b: Dragonite|def|1
|move|p1a: Sneasler|Dire Claw|p2b: Dragonite
|-resisted|p2b: Dragonite
|-damage|p2b: Dragonite|93/100
|-status|p2b: Dragonite|slp
|move|p1b: Dragonite|Scale Shot|p2b: Dragonite
|-damage|p2b: Dragonite|82/100 slp
|-crit|p2b: Dragonite
|-damage|p2b: Dragonite|56/100 slp
|-damage|p2b: Dragonite|46/100 slp
|-damage|p2b: Dragonite|34/100 slp
|-hitcount|p2b: Dragonite|4
|-unboost|p1b: Dragonite|def|1
|-boost|p1b: Dragonite|spe|1
|cant|p2b: Dragonite|slp
|
|upkeep
|turn|3
|
|t:|1756569229
|move|p1b: Dragonite|Scale Shot|p2a: Sneasler
|-damage|p2a: Sneasler|73/100
|-damage|p2a: Sneasler|46/100
|-damage|p2a: Sneasler|17/100
|-crit|p2a: Sneasler
|-damage|p2a: Sneasler|0 fnt
|faint|p2a: Sneasler
|-hitcount|p2: Sneasler|4
|-unboost|p1b: Dragonite|def|1
|-boost|p1b: Dragonite|spe|1
|move|p1a: Sneasler|Close Combat|p2b: Dragonite
|-damage|p2b: Dragonite|0 fnt
|-unboost|p1a: Sneasler|def|1
|-unboost|p1a: Sneasler|spd|1
|faint|p2b: Dragonite
|
|upkeep
|
|t:|1756569236
|switch|p2a: Ninetales|Ninetales-Alola, L50, M|100/100
|switch|p2b: Volcarona|Volcarona, L50, F|100/100
|-weather|Snowscape|[from] ability: Snow Warning|[of] p2a: Ninetales
|turn|4
|
|t:|1756569254
|-terastallize|p1b: Dragonite|Steel
|move|p2b: Volcarona|Protect|p2b: Volcarona
|-singleturn|p2b: Volcarona|Protect
|move|p1b: Dragonite|Scale Shot|p2b: Volcarona
|-activate|p2b: Volcarona|move: Protect
|move|p1a: Sneasler|Dire Claw|p2b: Volcarona
|-activate|p2b: Volcarona|move: Protect
|move|p2a: Ninetales|Aurora Veil|p2a: Ninetales
|-sidestart|p2: Lolome|move: Aurora Veil
|
|-weather|Snowscape|[upkeep]
|upkeep
|turn|5
|
|t:|1756569271
|move|p1b: Dragonite|Scale Shot|p2b: Volcarona
|-damage|p2b: Volcarona|89/100
|-damage|p2b: Volcarona|79/100
|-damage|p2b: Volcarona|69/100
|-damage|p2b: Volcarona|58/100
|-damage|p2b: Volcarona|48/100
|-hitcount|p2b: Volcarona|5
|-unboost|p1b: Dragonite|def|1
|-boost|p1b: Dragonite|spe|1
|move|p1a: Sneasler|Dire Claw|p2b: Volcarona
|-damage|p2b: Volcarona|17/100
|-status|p2b: Volcarona|psn
|move|p2a: Ninetales|Blizzard|p1b: Dragonite|[spread] p1a,p1b
|-resisted|p1b: Dragonite
|-damage|p1a: Sneasler|42/100
|-damage|p1b: Dragonite|93/100
|-status|p1a: Sneasler|frz
|move|p2b: Volcarona|Heat Wave|p1b: Dragonite|[spread] p1a,p1b
|-supereffective|p1b: Dragonite
|-damage|p1a: Sneasler|0 fnt
|-damage|p1b: Dragonite|14/100
|faint|p1a: Sneasler
|
|-weather|Snowscape|[upkeep]
|-damage|p2b: Volcarona|4/100 psn|[from] psn
|upkeep
|
|t:|1756569297
|switch|p1a: Volcarona|Volcarona, L50, M|100/100
|turn|6
|
|t:|1756569301
|move|p1b: Dragonite|Protect|p1b: Dragonite
|-singleturn|p1b: Dragonite|Protect
|move|p1a: Volcarona|Protect|p1a: Volcarona
|-singleturn|p1a: Volcarona|Protect
|move|p2a: Ninetales|Blizzard|p1a: Volcarona|[spread] 
|-activate|p1a: Volcarona|move: Protect
|-activate|p1b: Dragonite|move: Protect
|move|p2b: Volcarona|Heat Wave|p1a: Volcarona|[spread] 
|-activate|p1a: Volcarona|move: Protect
|-activate|p1b: Dragonite|move: Protect
|
|-weather|Snowscape|[upkeep]
|-damage|p2b: Volcarona|0 fnt|[from] psn
|faint|p2b: Volcarona
|upkeep
|turn|7
|
|t:|1756569329
|move|p1b: Dragonite|Extreme Speed|p2a: Ninetales
|-damage|p2a: Ninetales|82/100
|move|p2a: Ninetales|Blizzard|p1b: Dragonite|[spread] p1a,p1b
|-resisted|p1a: Volcarona
|-resisted|p1b: Dragonite
|-damage|p1a: Volcarona|89/100
|-damage|p1b: Dragonite|1/100
|-status|p1a: Volcarona|frz
|-status|p1b: Dragonite|frz
|cant|p1a: Volcarona|frz
|
|-weather|Snowscape|[upkeep]
|-heal|p1a: Volcarona|95/100 frz|[from] item: Leftovers
|upkeep
|turn|8
|
|t:|1756569338
|-curestatus|p1b: Dragonite|frz|[msg]
|move|p1b: Dragonite|Extreme Speed|p2a: Ninetales
|-damage|p2a: Ninetales|65/100
|move|p2a: Ninetales|Blizzard|p1b: Dragonite|[spread] p1a,p1b
|-resisted|p1a: Volcarona
|-resisted|p1b: Dragonite
|-damage|p1a: Volcarona|82/100 frz
|-damage|p1b: Dragonite|0 fnt
|faint|p1b: Dragonite
|cant|p1a: Volcarona|frz
|
|-weather|none
|-heal|p1a: Volcarona|88/100 frz|[from] item: Leftovers
|upkeep
|
|t:|1756569344
|switch|p1b: Electabuzz|Electabuzz, L50, M|100/100
|turn|9
|
|t:|1756569348
|move|p2a: Ninetales|Blizzard|p1a: Volcarona|[spread] p1a,p1b
|-resisted|p1a: Volcarona
|-damage|p1a: Volcarona|76/100 frz
|-damage|p1b: Electabuzz|77/100
|-curestatus|p1a: Volcarona|frz|[msg]
|move|p1a: Volcarona|Quiver Dance|p1a: Volcarona
|-boost|p1a: Volcarona|spa|1
|-boost|p1a: Volcarona|spd|1
|-boost|p1a: Volcarona|spe|1
|move|p1b: Electabuzz|Thunderbolt|p2a: Ninetales
|-damage|p2a: Ninetales|43/100
|
|-heal|p1a: Volcarona|82/100|[from] item: Leftovers
|upkeep
|turn|10
|
|t:|1756569367
|move|p1b: Electabuzz|Follow Me|p1b: Electabuzz
|-singleturn|p1b: Electabuzz|move: Follow Me
|move|p1a: Volcarona|Heat Wave|p2a: Ninetales
|-supereffective|p2a: Ninetales
|-damage|p2a: Ninetales|0 fnt
|faint|p2a: Ninetales
|
|win|laic67place
||laic67place is ready for game 3.
||laic67place is ready for game 3.
||Lolome is ready for game 3.
|uhtml|next|Next: Game 3 of 3
|l|☆laic67place
|player|p1|
