|j|☆Pauliii23
|j|☆TobiYume
|html|Pauliii23TobiYume    
|uhtml|bestof|Game 1 of a best-of-3
|t:|1756724580
|gametype|doubles
|player|p1|Pauliii23|102|
|player|p2|TobiYume|roxie|
|gen|9
|tier|[Gen 9] VGC 2025 Reg H (Bo3)
|rule|Species Clause: Limit one of each Pokémon
|rule|Item Clause: Limit 1 of each item
|clearpoke
|poke|p1|Archaludon, L50, M|
|poke|p1|Pelipper, L50, F|
|poke|p1|Basculegion, L50, M|
|poke|p1|Dragapult, L50, M|
|poke|p1|Sinistcha, L50|
|poke|p1|Ursaluna-Bloodmoon, L50, M|
|poke|p2|Decidueye-Hisui, L50, M|
|poke|p2|Sylveon, L50, F|
|poke|p2|Talonflame, L50, F|
|poke|p2|Tyranitar, L50, M|
|poke|p2|Garchomp, L50, M|
|poke|p2|Gholdengo, L50|
|teampreview|4
|showteam|p1|Archaludon||AssaultVest|Stamina|ElectroShot,FlashCannon,BodyPress,DracoMeteor|||M|||50|,,,,,Grass]Pelipper||FocusSash|Drizzle|Hurricane,WeatherBall,WideGuard,Tailwind|||F|||50|,,,,,Ghost]Basculegion||MysticWater|SwiftSwim|LastRespects,Protect,WaveCrash,AquaJet|||M|||50|,,,,,Water]Dragapult||ChoiceBand|ClearBody|DragonDarts,Outrage,PhantomForce,Uturn|||M|||50|,,,,,Dragon]Sinistcha||SitrusBerry|Hospitality|TrickRoom,MatchaGotcha,LifeDew,RagePowder||||||50|,,,,,Steel]Ursaluna-Bloodmoon||LifeOrb|MindsEye|HyperVoice,BloodMoon,EarthPower,Protect|||M|||50|,,,,,Grass
|showteam|p2|Decidueye-Hisui||RazorClaw|Scrappy|TripleArrows,LeafBlade,SuckerPunch,Protect|||M|||50|,,,,,Fire]Sylveon||ThroatSpray|Pixilate|HyperVoice,HyperBeam,TeraBlast,Protect|||F|||50|,,,,,Water]Talonflame||CovertCloak|GaleWings|Tailwind,WillOWisp,BraveBird,Taunt|||F|||50|,,,,,Grass]Tyranitar||AssaultVest|SandStream|RockSlide,KnockOff,TeraBlast,LowKick|||M|||50|,,,,,Flying]Garchomp||LifeOrb|RoughSkin|DragonClaw,StompingTantrum,Earthquake,Protect|||M|||50|,,,,,Steel]Gholdengo||Leftovers|GoodasGold|MakeItRain,ShadowBall,NastyPlot,Protect||||||50|,,,,,Dragon
|c|☆TobiYume|erde an paul
|c|☆TobiYume|paul?
|c|☆TobiYume|bist du da?
|c|☆Pauliii23|PAAUULL
|c|☆Pauliii23|musste kurz die regierung überwinden
|c|☆TobiYume|ah okay
|
|t:|1756724798
|teamsize|p1|4
|teamsize|p2|4
|start
|switch|p1a: PelipperLP|Pelipper, L50, F|100/100
|switch|p1b: Privatsache|Archaludon, L50, M|100/100
|switch|p2a: Elie|Talonflame, L50, F|100/100
|switch|p2b: Kevin|Decidueye-Hisui, L50, M, shiny|100/100
|-weather|RainDance|[from] ability: Drizzle|[of] p1a: PelipperLP
|turn|1
|
|t:|1756724810
|move|p2a: Elie|Tailwind|p2a: Elie
|-sidestart|p2: TobiYume|move: Tailwind
|move|p2b: Kevin|Triple Arrows|p1b: Privatsache
|-supereffective|p1b: Privatsache
|-damage|p1b: Privatsache|31/100
|-ability|p1b: Privatsache|Stamina|boost
|-boost|p1b: Privatsache|def|1
|move|p1a: PelipperLP|Tailwind|p1a: PelipperLP
|-sidestart|p1: Pauliii23|move: Tailwind
|move|p1b: Privatsache|Electro Shot||[still]
|-prepare|p1b: Privatsache|Electro Shot
|-boost|p1b: Privatsache|spa|1
|-anim|p1b: Privatsache|Electro Shot|p2a: Elie
|-supereffective|p2a: Elie
|-damage|p2a: Elie|0 fnt
|faint|p2a: Elie
|
|-weather|RainDance|[upkeep]
|upkeep
|
|t:|1756724839
|switch|p2a: Wazy|Gholdengo, L50|100/100
|turn|2
|
|t:|1756724864
|move|p2b: Kevin|Sucker Punch|p1a: PelipperLP
|-damage|p1a: PelipperLP|68/100
|move|p2a: Wazy|Shadow Ball|p1a: PelipperLP
|-damage|p1a: PelipperLP|6/100
|move|p1a: PelipperLP|Weather Ball|p2a: Wazy
|-damage|p2a: Wazy|35/100
|move|p1b: Privatsache|Draco Meteor|p2b: Kevin
|-damage|p2b: Kevin|5/100
|-unboost|p1b: Privatsache|spa|2
|
|-weather|RainDance|[upkeep]
|-heal|p2a: Wazy|41/100|[from] item: Leftovers
|upkeep
|turn|3
|
|t:|1756724893
|switch|p1a: Suppenschluk|Sinistcha, L50|100/100
|-heal|p1b: Privatsache|56/100|[from] ability: Hospitality|[of] p1a: Suppenschluk
|move|p2a: Wazy|Shadow Ball|p1a: Suppenschluk
|-supereffective|p1a: Suppenschluk
|-damage|p1a: Suppenschluk|23/100
|-enditem|p1a: Suppenschluk|Sitrus Berry|[eat]
|-heal|p1a: Suppenschluk|48/100|[from] item: Sitrus Berry
|move|p2b: Kevin|Triple Arrows|p1b: Privatsache
|-supereffective|p1b: Privatsache
|-damage|p1b: Privatsache|11/100
|-unboost|p1b: Privatsache|def|1
|-ability|p1b: Privatsache|Stamina|boost
|-boost|p1b: Privatsache|def|1
|cant|p1b: Privatsache|flinch
|
|-weather|RainDance|[upkeep]
|-heal|p2a: Wazy|47/100|[from] item: Leftovers
|upkeep
|turn|4
|c|☆TobiYume|suppenschluk ist wirklich crazy
|
|t:|1756724926
|-terastallize|p1a: Suppenschluk|Steel
|move|p1a: Suppenschluk|Rage Powder|p1a: Suppenschluk
|-singleturn|p1a: Suppenschluk|move: Rage Powder
|move|p2a: Wazy|Shadow Ball|p1a: Suppenschluk
|-damage|p1a: Suppenschluk|11/100
|move|p2b: Kevin|Triple Arrows|p1b: Privatsache
|-supereffective|p1b: Privatsache
|-damage|p1b: Privatsache|0 fnt
|faint|p1b: Privatsache
|
|-weather|RainDance|[upkeep]
|-heal|p2a: Wazy|54/100|[from] item: Leftovers
|-sideend|p2: TobiYume|move: Tailwind
|-sideend|p1: Pauliii23|move: Tailwind
|upkeep
|
|t:|1756724934
|switch|p1b: Mittelalter|Dragapult, L50, M|100/100
|turn|5
|
|t:|1756724949
|move|p2a: Wazy|Protect|p2a: Wazy
|-singleturn|p2a: Wazy|Protect
|move|p1a: Suppenschluk|Rage Powder|p1a: Suppenschluk
|-singleturn|p1a: Suppenschluk|move: Rage Powder
|move|p2b: Kevin|Sucker Punch|p1b: Mittelalter
|-supereffective|p1b: Mittelalter
|-damage|p1b: Mittelalter|35/100
|move|p1b: Mittelalter|Dragon Darts|p2b: Kevin
|-damage|p2b: Kevin|0 fnt
|faint|p2b: Kevin
|
|-weather|none
|-heal|p2a: Wazy|60/100|[from] item: Leftovers
|upkeep
|
|t:|1756724960
|switch|p2b: Randy|Tyranitar, L50, M|100/100
|-weather|Sandstorm|[from] ability: Sand Stream|[of] p2b: Randy
|turn|6
|
|t:|1756724968
|move|p1b: Mittelalter|Dragon Darts|p2b: Randy
|-damage|p2b: Randy|69/100
|-anim|p1b: Mittelalter|Dragon Darts|p2a: Wazy
|-resisted|p2a: Wazy
|-damage|p2a: Wazy|42/100
|move|p2a: Wazy|Nasty Plot|p2a: Wazy
|-boost|p2a: Wazy|spa|2
|move|p2b: Randy|Knock Off|p1b: Mittelalter
|-supereffective|p1b: Mittelalter
|-damage|p1b: Mittelalter|0 fnt
|-enditem|p1b: Mittelalter|Choice Band|[from] move: Knock Off|[of] p2b: Randy
|faint|p1b: Mittelalter
|move|p1a: Suppenschluk|Matcha Gotcha|p2a: Wazy|[spread] p2b
|-miss|p1a: Suppenschluk|p2a: Wazy
|-supereffective|p2b: Randy
|-damage|p2b: Randy|48/100
|-heal|p1a: Suppenschluk|22/100|[from] drain|[of] p2b: Randy
|
|-weather|Sandstorm|[upkeep]
|-heal|p2a: Wazy|48/100|[from] item: Leftovers
|upkeep
|
|t:|1756724976
|switch|p1b: PelipperLP|Pelipper, L50, F|6/100
|-weather|RainDance|[from] ability: Drizzle|[of] p1b: PelipperLP
|turn|7
|
|t:|1756724990
|move|p1a: Suppenschluk|Rage Powder|p1a: Suppenschluk
|-singleturn|p1a: Suppenschluk|move: Rage Powder
|move|p2a: Wazy|Make It Rain|p1a: Suppenschluk|[spread] p1a,p1b
|-resisted|p1a: Suppenschluk
|-resisted|p1b: PelipperLP
|-damage|p1a: Suppenschluk|0 fnt
|-damage|p1b: PelipperLP|0 fnt
|-unboost|p2a: Wazy|spa|1
|faint|p1a: Suppenschluk
|faint|p1b: PelipperLP
|
|win|TobiYume
||Pauliii23 is ready for game 2.
||TobiYume is ready for game 2.
|uhtml|next|Next: Game 2 of 3
|l|☆Pauliii23
|player|p1|
