|j|☆ScrewSalesman
|j|☆Bahamate
|html|ScrewSalesmanBahamate    
|uhtml|bestof|Game 1 of a best-of-3
|t:|1757909702
|gametype|doubles
|player|p1|ScrewSalesman|cynthia-gen4|1366
|player|p2|Bahamate|grimsley|1402
|gen|9
|tier|[Gen 9] VGC 2025 Reg H (Bo3)
|rated|
|rule|Species Clause: Limit one of each Pokémon
|rule|Item Clause: Limit 1 of each item
|clearpoke
|poke|p1|Porygon2, L50|
|poke|p1|Incineroar, L50, F|
|poke|p1|Ursaluna, L50, F|
|poke|p1|Jumpluff, L50, M|
|poke|p1|Charizard, L50, F|
|poke|p1|Torkoal, L50, F|
|poke|p2|Ceruledge, L50, F|
|poke|p2|Grimmsnarl, L50, M|
|poke|p2|Ninetales-Alola, L50, F|
|poke|p2|Ursaluna-Bloodmoon, L50, M|
|poke|p2|Rillaboom, L50, F|
|poke|p2|Annihilape, L50, F|
|teampreview|4
|showteam|p1|Porygon2||Eviolite|Download|TeraBlast,IceBeam,TrickRoom,Recover||||||50|,,,,,Fighting]Incineroar||SitrusBerry|Intimidate|FakeOut,KnockOff,FlareBlitz,PartingShot|||F|||50|,,,,,Ghost]Ursaluna||FlameOrb|Guts|HeadlongRush,Facade,Earthquake,Protect|||F|||50|,,,,,Ghost]Jumpluff||CovertCloak|Chlorophyll|RagePowder,SunnyDay,Tailwind,SleepPowder|||M|||50|,,,,,Water]Charizard||ChoiceSpecs|SolarPower|HeatWave,Overheat,WeatherBall,SolarBeam|||F|||50|,,,,,Ghost]Torkoal||EjectPack|Drought|Overheat,Eruption,HelpingHand,Protect|||F|||50|,,,,,Fire
|showteam|p2|Ceruledge||MirrorHerb|FlashFire|BitterBlade,ShadowSneak,Protect,ClearSmog|||F|||50|,,,,,Grass]Grimmsnarl||LightClay|Prankster|Reflect,LightScreen,FoulPlay,ThunderWave|||M|||50|,,,,,Ghost]Ninetales-Alola||FocusSash|SnowWarning|Blizzard,IcyWind,Disable,Protect|||F|||50|,,,,,Ice]Ursaluna-Bloodmoon||Leftovers|MindsEye|BloodMoon,CalmMind,EarthPower,Protect|||M|||50|,,,,,Electric]Rillaboom||AssaultVest|GrassySurge|WoodHammer,GrassyGlide,HighHorsepower,FakeOut|||F|||50|,,,,,Fire]Annihilape||SitrusBerry|Defiant|RageFist,DrainPunch,BulkUp,Protect|||F|||50|,,,,,Fire
|inactive|Battle timer is ON: inactive players will automatically lose when time's up. (requested by ScrewSalesman)
|inactive|ScrewSalesman has 60 seconds left.
|inactive|Bahamate has 60 seconds left.
|
|t:|1757909745
|teamsize|p1|4
|teamsize|p2|4
|start
|switch|p1a: Charizard|Charizard, L50, F, shiny|100/100
|switch|p1b: Jumpluff|Jumpluff, L50, M|100/100
|switch|p2a: Ninetales|Ninetales-Alola, L50, F|100/100
|switch|p2b: Annihilape|Annihilape, L50, F|100/100
|-weather|Snowscape|[from] ability: Snow Warning|[of] p2a: Ninetales
|turn|1
|inactive|ScrewSalesman has 30 seconds left.
|inactive|ScrewSalesman has 20 seconds left.
|inactive|ScrewSalesman has 15 seconds left.
|inactive|ScrewSalesman has 10 seconds left.
|inactive|ScrewSalesman has 5 seconds left.
|
|t:|1757909796
|switch|p1a: Torkoal|Torkoal, L50, F|100/100
|-weather|SunnyDay|[from] ability: Drought|[of] p1a: Torkoal
|switch|p2b: Ceruledge|Ceruledge, L50, F|100/100
|-terastallize|p1b: Jumpluff|Water
|move|p1b: Jumpluff|Sleep Powder|p2b: Ceruledge|[miss]
|-miss|p1b: Jumpluff|p2b: Ceruledge
|move|p2a: Ninetales|Blizzard|p1b: Jumpluff|[spread] p1a,p1b
|-resisted|p1a: Torkoal
|-resisted|p1b: Jumpluff
|-damage|p1a: Torkoal|80/100
|-damage|p1b: Jumpluff|83/100
|
|-weather|SunnyDay|[upkeep]
|upkeep
|turn|2
|inactive|Bahamate has 30 seconds left.
|inactive|Bahamate has 20 seconds left.
|
|t:|1757909836
|switch|p1a: Ursaluna|Ursaluna, L50, F|100/100
|-terastallize|p2b: Ceruledge|Grass
|move|p2a: Ninetales|Protect|p2a: Ninetales
|-singleturn|p2a: Ninetales|Protect
|move|p1b: Jumpluff|Tailwind|p1b: Jumpluff
|-sidestart|p1: ScrewSalesman|move: Tailwind
|move|p2b: Ceruledge|Bitter Blade|p1b: Jumpluff
|-resisted|p1b: Jumpluff
|-damage|p1b: Jumpluff|34/100
|
|-weather|SunnyDay|[upkeep]
|-status|p1a: Ursaluna|brn|[from] item: Flame Orb
|upkeep
|turn|3
|inactive|Bahamate has 30 seconds left.
|
|t:|1757909865
|switch|p2a: Annihilape|Annihilape, L50, F|100/100
|move|p2b: Ceruledge|Protect|p2b: Ceruledge
|-singleturn|p2b: Ceruledge|Protect
|move|p1b: Jumpluff|Sleep Powder|p2a: Annihilape
|-status|p2a: Annihilape|slp|[from] move: Sleep Powder
|move|p1a: Ursaluna|Facade|p2b: Ceruledge
|-activate|p2b: Ceruledge|move: Protect
|
|-weather|SunnyDay|[upkeep]
|-damage|p1a: Ursaluna|95/100 brn|[from] brn
|upkeep
|turn|4
|
|t:|1757909881
|switch|p1b: Charizard|Charizard, L50, F, shiny|100/100
|move|p2b: Ceruledge|Shadow Sneak|p1b: Charizard
|-damage|p1b: Charizard|67/100
|move|p1a: Ursaluna|Facade|p2b: Ceruledge
|-damage|p2b: Ceruledge|0 fnt
|faint|p2b: Ceruledge
|cant|p2a: Annihilape|slp
|
|-weather|SunnyDay|[upkeep]
|-damage|p1b: Charizard|55/100|[from] ability: Solar Power|[of] p1b: Charizard
|-damage|p1a: Ursaluna|89/100 brn|[from] brn
|upkeep
|
|t:|1757909887
|switch|p2b: Ninetales|Ninetales-Alola, L50, F|100/100
|-weather|Snowscape|[from] ability: Snow Warning|[of] p2b: Ninetales
|turn|5
|
|t:|1757909899
|switch|p1a: Torkoal|Torkoal, L50, F|80/100
|-weather|SunnyDay|[from] ability: Drought|[of] p1a: Torkoal
|move|p2b: Ninetales|Protect|p2b: Ninetales
|-singleturn|p2b: Ninetales|Protect
|cant|p2a: Annihilape|slp
|move|p1b: Charizard|Heat Wave|p2b: Ninetales|[spread] p2a
|-activate|p2b: Ninetales|move: Protect
|-damage|p2a: Annihilape|16/100 slp
|-enditem|p2a: Annihilape|Sitrus Berry|[eat]
|-heal|p2a: Annihilape|41/100 slp|[from] item: Sitrus Berry
|
|-weather|SunnyDay|[upkeep]
|-damage|p1b: Charizard|43/100|[from] ability: Solar Power|[of] p1b: Charizard
|-sideend|p1: ScrewSalesman|move: Tailwind
|upkeep
|turn|6
|
|t:|1757909921
|move|p2b: Ninetales|Icy Wind|p1a: Torkoal|[spread] p1a,p1b
|-resisted|p1a: Torkoal
|-crit|p1a: Torkoal
|-damage|p1a: Torkoal|63/100
|-damage|p1b: Charizard|21/100
|-unboost|p1a: Torkoal|spe|1
|-unboost|p1b: Charizard|spe|1
|-enditem|p1a: Torkoal|Eject Pack
|
|t:|1757909933
|switch|p1a: Jumpluff|Jumpluff, L50, M, tera:Water|34/100
|-curestatus|p2a: Annihilape|slp|[msg]
|move|p2a: Annihilape|Drain Punch|p1a: Jumpluff
|-damage|p1a: Jumpluff|0 fnt
|-heal|p2a: Annihilape|56/100|[from] drain|[of] p1a: Jumpluff
|faint|p1a: Jumpluff
|move|p1b: Charizard|Heat Wave|p2b: Ninetales|[spread] p2a,p2b
|-supereffective|p2b: Ninetales
|-damage|p2a: Annihilape|0 fnt
|-enditem|p2b: Ninetales|Focus Sash
|-damage|p2b: Ninetales|1/100
|faint|p2a: Annihilape
|
|-weather|SunnyDay|[upkeep]
|-damage|p1b: Charizard|9/100|[from] ability: Solar Power|[of] p1b: Charizard
|upkeep
|
|t:|1757909945
|switch|p1a: Torkoal|Torkoal, L50, F|63/100
|switch|p2a: Ursaluna|Ursaluna-Bloodmoon, L50, M|100/100
|turn|7
|
|t:|1757909972
|move|p2b: Ninetales|Disable|p1b: Charizard
|-start|p1b: Charizard|Disable|Heat Wave
|cant|p1b: Charizard|Disable|Heat Wave
|move|p2a: Ursaluna|Earth Power|p1a: Torkoal
|-supereffective|p1a: Torkoal
|-damage|p1a: Torkoal|0 fnt
|faint|p1a: Torkoal
|
|-weather|SunnyDay|[upkeep]
|-damage|p1b: Charizard|0 fnt|[from] ability: Solar Power|[of] p1b: Charizard
|faint|p1b: Charizard
|upkeep
|
|t:|1757909978
|switch|p1b: Ursaluna|Ursaluna, L50, F|89/100 brn
|turn|8
|
|t:|1757909988
|move|p2b: Ninetales|Protect|p2b: Ninetales
|-singleturn|p2b: Ninetales|Protect
|move|p2a: Ursaluna|Protect|p2a: Ursaluna
|-singleturn|p2a: Ursaluna|Protect
|move|p1b: Ursaluna|Earthquake|p2a: Ursaluna|[spread] 
|-activate|p2a: Ursaluna|move: Protect
|-activate|p2b: Ninetales|move: Protect
|
|-weather|SunnyDay|[upkeep]
|-damage|p1b: Ursaluna|83/100 brn|[from] brn
|upkeep
|turn|9
|
|t:|1757909998
|move|p2b: Ninetales|Disable|p1b: Ursaluna
|-start|p1b: Ursaluna|Disable|Earthquake
|move|p2a: Ursaluna|Blood Moon|p1b: Ursaluna
|-damage|p1b: Ursaluna|6/100 brn
|move|p1b: Ursaluna|Facade|p2a: Ursaluna
|-damage|p2a: Ursaluna|14/100
|
|-weather|none
|-heal|p2a: Ursaluna|21/100|[from] item: Leftovers
|-damage|p1b: Ursaluna|0 fnt|[from] brn
|faint|p1b: Ursaluna
|
|win|Bahamate
||Bahamate is ready for game 2.
||ScrewSalesman is ready for game 2.
|uhtml|next|Next: Game 2 of 3
|l|☆Bahamate
|player|p2|
