|j|☆Staryu360
|j|☆k1ngm3
|html|Staryu360k1ngm3    
|uhtml|bestof|Game 1 of a best-of-3
|t:|1783631880
|gametype|doubles
|player|p1|Staryu360|170|1114
|player|p2|k1ngm3|dragontamer|1107
|gen|9
|tier|[Gen 9 Champions] VGC 2026 Reg M-B (Bo3)
|rated|
|rule|Species Clause: Limit one of each Pokémon
|rule|Item Clause: Limit 1 of each item
|clearpoke
|poke|p1|Incineroar, L50, F|
|poke|p1|Aerodactyl, L50, M|
|poke|p1|Floette-Eternal, L50, F|
|poke|p1|Sinistcha, L50|
|poke|p1|Toxicroak, L50, M|
|poke|p1|Swampert, L50, M|
|poke|p2|Tsareena, L50, F|
|poke|p2|Venusaur, L50, F|
|poke|p2|Charizard, L50, M|
|poke|p2|Milotic, L50, M|
|poke|p2|Gholdengo, L50|
|poke|p2|Snorlax, L50, M|
|teampreview|4
|showteam|p1|Incineroar||SitrusBerry|Intimidate|FakeOut,FlareBlitz,ThroatChop,PartingShot|Careful||F|||50|]Aerodactyl||Aerodactylite|Unnerve|DualWingbeat,Tailwind,Protect,RockSlide|Jolly||M|||50|]Floette-Eternal||Floettite|FlowerVeil|Moonblast,DazzlingGleam,CalmMind,Protect|Modest||F|||50|]Sinistcha||ColburBerry|Hospitality|RagePowder,Protect,MatchaGotcha,TrickRoom|Calm|||||50|]Toxicroak||FocusSash|DrySkin|FakeOut,CloseCombat,PoisonJab,SuckerPunch|Adamant||M|||50|]Swampert||LifeOrb|Torrent|Protect,Surf,EarthPower,IceBeam|Modest||M|||50|
|showteam|p2|Tsareena||LifeOrb|QueenlyMajesty|HighJumpKick,TropKick,TripleAxel,GrassyTerrain|Jolly||F|||50|]Venusaur||Venusaurite|Chlorophyll|SleepPowder,EarthPower,SludgeBomb,GigaDrain|Modest||F|||50|]Charizard||CharizarditeY|Blaze|WeatherBall,HeatWave,Earthquake,SolarBeam|Hasty||M|||50|]Milotic||Leftovers|Competitive|Hypnosis,Coil,MuddyWater,IcyWind|Calm||M|||50|]Gholdengo|||GoodasGold|MakeItRain,NastyPlot,ShadowBall,Protect|Timid|||||50|]Snorlax||BlackBelt|ThickFat|BrickBreak,Encore,LastResort,Earthquake|Adamant||M|||50|
|inactive|Battle timer is ON: inactive players will automatically lose when time's up. (requested by Staryu360)
|inactive|Staryu360 has 60 seconds left.
|
|t:|1783631930
|teamsize|p1|4
|teamsize|p2|4
|start
|switch|p1a: Aerodactyl|Aerodactyl, L50, M|100/100
|switch|p1b: Incineroar|Incineroar, L50, F|100/100
|switch|p2a: Milotic|Milotic, L50, M|100/100
|switch|p2b: Snorlax|Snorlax, L50, M|100/100
|-ability|p1a: Aerodactyl|Unnerve
|-ability|p1b: Incineroar|Intimidate|boost
|-unboost|p2a: Milotic|atk|1
|-ability|p2a: Milotic|Competitive|boost
|-boost|p2a: Milotic|spa|2
|-unboost|p2b: Snorlax|atk|1
|turn|1
|
|t:|1783631955
|detailschange|p1a: Aerodactyl|Aerodactyl-Mega, L50, M
|-mega|p1a: Aerodactyl|Aerodactyl|Aerodactylite
|move|p1b: Incineroar|Fake Out|p2a: Milotic
|-damage|p2a: Milotic|89/100
|move|p1a: Aerodactyl|Dual Wingbeat|p2a: Milotic
|-damage|p2a: Milotic|64/100
|-damage|p2a: Milotic|40/100
|-hitcount|p2a: Milotic|2
|cant|p2a: Milotic|flinch
|move|p2b: Snorlax|Encore|p1a: Aerodactyl
|-start|p1a: Aerodactyl|Encore
|
|-heal|p2a: Milotic|46/100|[from] item: Leftovers
|upkeep
|turn|2
|inactive|k1ngm3 has 30 seconds left.
|
|t:|1783631987
|move|p1a: Aerodactyl|Dual Wingbeat|p2a: Milotic
|-damage|p2a: Milotic|20/100y
|-damage|p2a: Milotic|0 fnt
|faint|p2a: Milotic
|-hitcount|p2: Milotic|2
|move|p1b: Incineroar|Parting Shot|p2b: Snorlax
|-unboost|p2b: Snorlax|atk|1
|-unboost|p2b: Snorlax|spa|1
|
|t:|1783631994
|switch|p1b: Toxicroak|Toxicroak, L50, M|100/100|[from] Parting Shot
|move|p2b: Snorlax|Brick Break|p1b: Toxicroak
|-resisted|p1b: Toxicroak|1
|-damage|p1b: Toxicroak|89/100
|
|upkeep
|
|t:|1783632003
|switch|p2a: Charizard|Charizard, L50, M|100/100
|turn|3
|
|t:|1783632019
|switch|p1a: Incineroar|Incineroar, L50, F|100/100
|-ability|p1a: Incineroar|Intimidate|boost
|-unboost|p2a: Charizard|atk|1
|-unboost|p2b: Snorlax|atk|1
|detailschange|p2a: Charizard|Charizard-Mega-Y, L50, M
|-mega|p2a: Charizard|Charizard|Charizardite Y
|-weather|SunnyDay|[from] ability: Drought|[of] p2a: Charizard
|move|p1b: Toxicroak|Fake Out|p2a: Charizard
|-damage|p2a: Charizard|78/100
|cant|p2a: Charizard|flinch
|move|p2b: Snorlax|Earthquake|p1b: Toxicroak|[spread] p1a,p1b
|-immune|p2a: Charizard
|-supereffective|p1a: Incineroar|1
|-supereffective|p1b: Toxicroak|1
|-crit|p1b: Toxicroak
|-damage|p1a: Incineroar|81/100
|-damage|p1b: Toxicroak|0 fnt
|faint|p1b: Toxicroak
|
|-weather|SunnyDay|[upkeep]
|upkeep
|
|t:|1783632037
|switch|p1b: Aerodactyl|Aerodactyl-Mega, L50, M|100/100
|turn|4
|
|t:|1783632047
|switch|p2a: Tsareena|Tsareena, L50, F|100/100
|move|p1b: Aerodactyl|Rock Slide|p2a: Tsareena|[spread] p2a,p2b
|-damage|p2a: Tsareena|67/100
|-damage|p2b: Snorlax|76/100
|move|p1a: Incineroar|Flare Blitz|p2a: Tsareena
|-supereffective|p2a: Tsareena|1
|-damage|p2a: Tsareena|0 fnt
|faint|p2a: Tsareena
|-damage|p1a: Incineroar|64/100|[from] Recoil
|move|p2b: Snorlax|Last Resort|p1b: Aerodactyl
|-resisted|p1b: Aerodactyl|1
|-damage|p1b: Aerodactyl|82/100
|
|-weather|SunnyDay|[upkeep]
|upkeep
|
|t:|1783632060
|switch|p2a: Charizard|Charizard-Mega-Y, L50, M|78/100
|turn|5
|
|t:|1783632067
|move|p1b: Aerodactyl|Rock Slide|p2a: Charizard|[spread] p2a,p2b
|-supereffective|p2a: Charizard|2
|-damage|p2a: Charizard|0 fnt
|-damage|p2b: Snorlax|50/100g
|faint|p2a: Charizard
|move|p1a: Incineroar|Parting Shot|p2b: Snorlax
|-unboost|p2b: Snorlax|atk|1
|-unboost|p2b: Snorlax|spa|1
|
|t:|1783632069
|switch|p1a: Swampert|Swampert, L50, M|100/100|[from] Parting Shot
|move|p2b: Snorlax|Encore|p1b: Aerodactyl
|-start|p1b: Aerodactyl|Encore
|
|-weather|SunnyDay|[upkeep]
|upkeep
|turn|6
|
|t:|1783632080
|move|p1b: Aerodactyl|Rock Slide|p2b: Snorlax
|-damage|p2b: Snorlax|18/100
|move|p1a: Swampert|Earth Power|p2b: Snorlax
|-damage|p2b: Snorlax|0 fnt
|faint|p2b: Snorlax
|-damage|p1a: Swampert|90/100|[from] item: Life Orb
|
|win|Staryu360
||k1ngm3 is ready for game 2.
||Staryu360 is ready for game 2.
|uhtml|next|Next: Game 2 of 3
