|j|☆SwordCrave2297
|j|☆Garden Monke
|html|SwordCrave2297Garden Monke    
|uhtml|bestof|Game 2 of a best-of-3
|t:|1785102552
|gametype|doubles
|player|p1|SwordCrave2297|169|1135
|player|p2|Garden Monke|giacomo|1154
|gen|9
|tier|[Gen 9 Champions] VGC 2026 Reg M-B (Bo3)
|rated|
|rule|Species Clause: Limit one of each Pokémon
|rule|Item Clause: Limit 1 of each item
|clearpoke
|poke|p1|Scrafty, L50, F|
|poke|p1|Farigiraf, L50, M|
|poke|p1|Torkoal, L50, M|
|poke|p1|Mamoswine, L50, F|
|poke|p1|Sylveon, L50, M|
|poke|p1|Pyroar, L50, F, shiny|
|poke|p2|Garchomp, L50, M|
|poke|p2|Venusaur, L50, F|
|poke|p2|Incineroar, L50, F|
|poke|p2|Charizard, L50, F|
|poke|p2|Toxapex, L50, M|
|poke|p2|Annihilape, L50, M|
|teampreview|4
|showteam|p1|Scrafty||Scraftinite|Intimidate|KnockOff,DrainPunch,Detect,FakeOut|Adamant||F|||50|]Farigiraf||SitrusBerry|ArmorTail|TwinBeam,Thunderbolt,TrickRoom,HelpingHand|Bold||M|||50|]Torkoal||HeatRock|Drought|Eruption,Protect,WeatherBall,HelpingHand|Quiet||M|||50|]Mamoswine||FocusSash|Oblivious|IcicleCrash,Protect,HighHorsepower,IceShard|Adamant||F|||50|]Sylveon||FairyFeather|Pixilate|Detect,HyperVoice,QuickAttack,HyperBeam|Modest||M|||50|]Pyroar||Pyroarite|Unnerve|SolarBeam,Overheat,HeatWave,Protect|Timid||F|||50|
|showteam|p2|Garchomp||ChoiceScarf|RoughSkin|Earthquake,RockSlide,DragonClaw,StompingTantrum|Adamant||M|||50|]Venusaur||LifeOrb|Chlorophyll|SludgeBomb,SolarBeam,EarthPower,Protect|Modest||F|||50|]Incineroar||SitrusBerry|Intimidate|FakeOut,FlareBlitz,ThroatChop,PartingShot|Impish||F|||50|]Charizard||CharizarditeY|Blaze|HeatWave,WeatherBall,Protect,HelpingHand|Modest||F|||50|]Toxapex||Leftovers|Regenerator|Infestation,Toxic,WideGuard,BanefulBunker|Impish||M|||50|]Annihilape||FocusSash|Defiant|CloseCombat,PhantomForce,RockTomb,Protect|Jolly||M|||50|
|inactive|Battle timer is ON: inactive players will automatically lose when time's up. (requested by Garden Monke)
|inactive|SwordCrave2297 has 60 seconds left.
|
|t:|1785102610
|teamsize|p1|4
|teamsize|p2|4
|start
|switch|p1a: Pyroar|Pyroar, L50, F, shiny|100/100
|switch|p1b: Torkoal|Torkoal, L50, M|100/100
|switch|p2a: Incineroar|Incineroar, L50, F|100/100
|switch|p2b: Toxapex|Toxapex, L50, M|100/100
|-ability|p1a: Pyroar|Unnerve
|-ability|p2a: Incineroar|Intimidate|boost
|-unboost|p1a: Pyroar|atk|1
|-unboost|p1b: Torkoal|atk|1
|-weather|SunnyDay|[from] ability: Drought|[of] p1b: Torkoal
|turn|1
|inactive|Garden Monke has 30 seconds left.
|
|t:|1785102636
|detailschange|p1a: Pyroar|Pyroar-Mega, L50, F, shiny
|-mega|p1a: Pyroar|Pyroar|Pyroarite
|move|p1a: Pyroar|Protect|p1a: Pyroar
|-singleturn|p1a: Pyroar|Protect
|move|p2b: Toxapex|Baneful Bunker|p2b: Toxapex
|-singleturn|p2b: Toxapex|move: Protect
|move|p1b: Torkoal|Protect|p1b: Torkoal
|-singleturn|p1b: Torkoal|Protect
|move|p2a: Incineroar|Parting Shot|p1a: Pyroar
|-activate|p1a: Pyroar|move: Protect
|
|-weather|SunnyDay|[upkeep]
|upkeep
|turn|2
|
|t:|1785102652
|move|p1b: Torkoal|Helping Hand|p1a: Pyroar
|-singleturn|p1a: Pyroar|Helping Hand|[of] p1b: Torkoal
|move|p1a: Pyroar|Heat Wave|p2a: Incineroar|[spread] p2a,p2b
|-resisted|p2a: Incineroar|1
|-crit|p2a: Incineroar
|-resisted|p2b: Toxapex|1
|-damage|p2a: Incineroar|13/100
|-damage|p2b: Toxapex|56/100
|-status|p2b: Toxapex|brn
|-enditem|p2a: Incineroar|Sitrus Berry|[eat]
|-heal|p2a: Incineroar|38/100|[from] item: Sitrus Berry
|move|p2a: Incineroar|Parting Shot|p1a: Pyroar
|-unboost|p1a: Pyroar|atk|1
|-unboost|p1a: Pyroar|spa|1
|
|t:|1785102667
|switch|p2a: Garchomp|Garchomp, L50, M|100/100|[from] Parting Shot
|move|p2b: Toxapex|Toxic|p1a: Pyroar
|-status|p1a: Pyroar|tox
|
|-weather|SunnyDay|[upkeep]
|-heal|p2b: Toxapex|61/100 brn|[from] item: Leftovers
|-damage|p1a: Pyroar|93/100 tox|[from] psn
|-damage|p2b: Toxapex|56/100 brn|[from] brn
|upkeep
|turn|3
|
|t:|1785102685
|switch|p1a: Mamoswine|Mamoswine, L50, F|100/100
|move|p2b: Toxapex|Wide Guard|p2b: Toxapex
|-singleturn|p2b: Toxapex|Wide Guard
|move|p2a: Garchomp|Earthquake|p1b: Torkoal|[spread] p1a,p1b
|-activate|p2b: Toxapex|move: Wide Guard
|-supereffective|p1b: Torkoal|1
|-damage|p1a: Mamoswine|51/100
|-damage|p1b: Torkoal|35/100
|move|p1b: Torkoal|Weather Ball|p2a: Garchomp
|-resisted|p2a: Garchomp|1
|-damage|p2a: Garchomp|69/100
|
|-weather|SunnyDay|[upkeep]
|-heal|p2b: Toxapex|61/100 brn|[from] item: Leftovers
|-damage|p2b: Toxapex|56/100 brn|[from] brn
|upkeep
|turn|4
|inactive|SwordCrave2297 has 30 seconds left.
|
|t:|1785102710
|switch|p2a: Incineroar|Incineroar, L50, F|38/100
|-ability|p2a: Incineroar|Intimidate|boost
|-fail|p1a: Mamoswine|unboost|Attack|[from] ability: Oblivious|[of] p1a: Mamoswine
|-unboost|p1b: Torkoal|atk|1
|-heal|p2b: Toxapex|89/100 brn|[from] ability: Regenerator|[silent]
|switch|p2b: Charizard|Charizard, L50, F|100/100
|move|p1b: Torkoal|Helping Hand|p1a: Mamoswine
|-singleturn|p1a: Mamoswine|Helping Hand|[of] p1b: Torkoal
|move|p1a: Mamoswine|Ice Shard|p2a: Incineroar
|-resisted|p2a: Incineroar|1
|-damage|p2a: Incineroar|25/100
|
|-weather|SunnyDay|[upkeep]
|upkeep
|turn|5
|inactive|Garden Monke has 30 seconds left.
|inactive|Garden Monke has 20 seconds left.
|
|t:|1785102748
|switch|p2a: Toxapex|Toxapex, L50, M|89/100 brn
|detailschange|p2b: Charizard|Charizard-Mega-Y, L50, F
|-mega|p2b: Charizard|Charizard|Charizardite Y
|move|p2b: Charizard|Heat Wave|p1b: Torkoal|[spread] p1a,p1b
|-supereffective|p1a: Mamoswine|1
|-resisted|p1b: Torkoal|1
|-damage|p1a: Mamoswine|0 fnt
|-damage|p1b: Torkoal|0 fnt
|faint|p1a: Mamoswine
|faint|p1b: Torkoal
|
|-weather|SunnyDay|[upkeep]
|-heal|p2a: Toxapex|94/100 brn|[from] item: Leftovers
|-damage|p2a: Toxapex|89/100 brn|[from] brn
|upkeep
|
|t:|1785102759
|switch|p1a: Pyroar|Pyroar-Mega, L50, F, shiny|93/100 tox
|switch|p1b: Scrafty|Scrafty, L50, F|100/100
|-ability|p1b: Scrafty|Intimidate|boost
|-unboost|p2a: Toxapex|atk|1
|-unboost|p2b: Charizard|atk|1
|turn|6
|inactive|Garden Monke has 30 seconds left.
|
|t:|1785102790
|-heal|p2a: Toxapex|100/100 brn|[from] ability: Regenerator|[silent]
|switch|p2a: Incineroar|Incineroar, L50, F|25/100
|-ability|p2a: Incineroar|Intimidate|boost
|-unboost|p1a: Pyroar|atk|1
|-unboost|p1b: Scrafty|atk|1
|move|p2b: Charizard|Protect|p2b: Charizard
|-singleturn|p2b: Charizard|Protect
|move|p1b: Scrafty|Fake Out|p2a: Incineroar
|-crit|p2a: Incineroar
|-damage|p2a: Incineroar|10/100
|move|p1a: Pyroar|Heat Wave|p2b: Charizard|[spread] 
|-activate|p2b: Charizard|move: Protect
|-miss|p1a: Pyroar|p2a: Incineroar
|
|-weather|SunnyDay|[upkeep]
|-damage|p1a: Pyroar|87/100 tox|[from] psn
|upkeep
|turn|7
|inactive|SwordCrave2297 has 30 seconds left.
|
|t:|1785102822
|move|p1a: Pyroar|Protect|p1a: Pyroar
|-singleturn|p1a: Pyroar|Protect
|move|p2a: Incineroar|Fake Out|p1a: Pyroar
|-activate|p1a: Pyroar|move: Protect
|move|p2b: Charizard|Weather Ball|p1b: Scrafty
|-damage|p1b: Scrafty|26/100
|move|p1b: Scrafty|Knock Off|p2b: Charizard
|-damage|p2b: Charizard|78/100
|
|-weather|SunnyDay|[upkeep]
|-damage|p1a: Pyroar|75/100 tox|[from] psn
|upkeep
|turn|8
|
|t:|1785102839
|move|p2b: Charizard|Protect|p2b: Charizard
|-singleturn|p2b: Charizard|Protect
|move|p1a: Pyroar|Heat Wave|p2a: Incineroar|[spread] p2a
|-activate|p2b: Charizard|move: Protect
|-resisted|p2a: Incineroar|1
|-damage|p2a: Incineroar|0 fnt
|faint|p2a: Incineroar
|move|p1b: Scrafty|Drain Punch|p2b: Charizard
|-activate|p2b: Charizard|move: Protect
|
|-weather|none
|-damage|p1a: Pyroar|57/100 tox|[from] psn
|upkeep
|
|t:|1785102847
|switch|p2a: Garchomp|Garchomp, L50, M|69/100
|turn|9
|
|t:|1785102857
|move|p2b: Charizard|Helping Hand|p2a: Garchomp
|-singleturn|p2a: Garchomp|Helping Hand|[of] p2b: Charizard
|move|p1a: Pyroar|Protect|p1a: Pyroar
|-singleturn|p1a: Pyroar|Protect
|move|p2a: Garchomp|Earthquake|p1b: Scrafty|[spread] p1b
|-activate|p1a: Pyroar|move: Protect
|-immune|p2b: Charizard
|-damage|p1b: Scrafty|0 fnt
|faint|p1b: Scrafty
|
|-damage|p1a: Pyroar|32/100 tox|[from] psn
|upkeep
|turn|10
|
|t:|1785102875
|move|p2b: Charizard|Helping Hand|p2a: Garchomp
|-singleturn|p2a: Garchomp|Helping Hand|[of] p2b: Charizard
|move|p2a: Garchomp|Earthquake|p1a: Pyroar|[spread] p1a
|-immune|p2b: Charizard
|-supereffective|p1a: Pyroar|1
|-damage|p1a: Pyroar|0 fnt
|faint|p1a: Pyroar
|
|win|Garden Monke
|raw|SwordCrave2297's rating: 1135 → 1111(-24 for losing)
|raw|Garden Monke's rating: 1154 → 1178(+24 for winning)
|l|☆SwordCrave2297
|player|p1|
