|j|☆insane luck
|j|☆25th_mang
|html|insane luck25th_mang    
|uhtml|bestof|Game 2 of a best-of-3
|t:|1782351514
|gametype|doubles
|player|p1|insane luck|colress|1137
|player|p2|25th_mang|ballguy|1190
|gen|9
|tier|[Gen 9 Champions] VGC 2026 Reg M-B (Bo3)
|rated|
|rule|Species Clause: Limit one of each Pokémon
|rule|Item Clause: Limit 1 of each item
|clearpoke
|poke|p1|Staraptor, L50, F|
|poke|p1|Whimsicott, L50, F|
|poke|p1|Froslass, L50, F|
|poke|p1|Kingambit, L50, F|
|poke|p1|Sinistcha, L50|
|poke|p1|Basculegion, L50, M|
|poke|p2|Crabominable, L50, M|
|poke|p2|Farigiraf, L50, M|
|poke|p2|Incineroar, L50, M|
|poke|p2|Archaludon, L50, F|
|poke|p2|Pelipper, L50, M|
|poke|p2|Sinistcha, L50|
|teampreview|4
|showteam|p1|Staraptor||Staraptite|Intimidate|CloseCombat,BraveBird,Protect,Roost|Jolly||F|||50|]Whimsicott||FocusSash|Prankster|Encore,Tailwind,Moonblast,Charm|Bold||F|||50|]Froslass||Froslassite|SnowCloak|Blizzard,IceBeam,ShadowBall,Protect|Timid||F|||50|]Kingambit||ChopleBerry|Defiant|IronHead,LowKick,SwordsDance,SuckerPunch|Adamant||F|||50|]Sinistcha||SitrusBerry|Hospitality|MatchaGotcha,ShadowBall,RagePowder,Imprison|Bold|||||50|]Basculegion||QuickClaw|SwiftSwim|LastRespects,WaveCrash,PsychicFangs,Protect|Jolly||M|||50|
|showteam|p2|Crabominable||Crabominite|HyperCutter|IceHammer,DrainPunch,Protect,ThunderPunch|Brave||M|||50|]Farigiraf||MentalHerb|ArmorTail|TrickRoom,Psychic,HyperVoice,HelpingHand|Relaxed||M|||50|]Incineroar||Charcoal|Intimidate|FakeOut,FlareBlitz,Assurance,Snarl|Adamant||M|||50|]Archaludon||Magnet|Stalwart|ElectroShot,AuraSphere,DracoMeteor,Protect|Quiet||F|||50|]Pelipper||SharpBeak|Drizzle|Hurricane,WeatherBall,WideGuard,Protect|Modest||M|||50|]Sinistcha||SitrusBerry|Hospitality|MatchaGotcha,RagePowder,LifeDew,TrickRoom|Relaxed|||||50|
|inactive|Battle timer is ON: inactive players will automatically lose when time's up. (requested by insane luck)
|inactive|25th_mang also wants the timer to be on.
|
|t:|1782351541
|teamsize|p1|4
|teamsize|p2|4
|start
|switch|p1a: Staraptor|Staraptor, L50, F|100/100
|switch|p1b: Whimsicott|Whimsicott, L50, F|100/100
|switch|p2a: My1stFlip|Farigiraf, L50, M|100/100
|switch|p2b: My1stRoar|Incineroar, L50, M|100/100
|-ability|p1a: Staraptor|Intimidate|boost
|-unboost|p2a: My1stFlip|atk|1
|-unboost|p2b: My1stRoar|atk|1
|-ability|p2b: My1stRoar|Intimidate|boost
|-unboost|p1a: Staraptor|atk|1
|-unboost|p1b: Whimsicott|atk|1
|turn|1
|
|t:|1782351558
|switch|p1a: Kingambit|Kingambit, L50, F|100/100
|move|p2b: My1stRoar|Fake Out|p1a: Kingambit
|-resisted|p1a: Kingambit|1
|-damage|p1a: Kingambit|97/100
|move|p1b: Whimsicott|Moonblast|p2b: My1stRoar
|-damage|p2b: My1stRoar|73/100
|move|p2a: My1stFlip|Trick Room|p2a: My1stFlip
|-fieldstart|move: Trick Room|[of] p2a: My1stFlip
|
|upkeep
|turn|2
|inactive|insane luck has 30 seconds left.
|
|t:|1782351584
|switch|p1b: Staraptor|Staraptor, L50, F|100/100
|-ability|p1b: Staraptor|Intimidate|boost
|-unboost|p2a: My1stFlip|atk|1
|-unboost|p2b: My1stRoar|atk|1
|move|p2a: My1stFlip|Helping Hand|p2b: My1stRoar
|-singleturn|p2b: My1stRoar|Helping Hand|[of] p2a: My1stFlip
|move|p1a: Kingambit|Low Kick|p2b: My1stRoar
|-supereffective|p2b: My1stRoar|1
|-damage|p2b: My1stRoar|12/100
|move|p2b: My1stRoar|Flare Blitz|p1a: Kingambit
|-supereffective|p1a: Kingambit|1
|-damage|p1a: Kingambit|27/100
|-damage|p2b: My1stRoar|0 fnt|[from] Recoil
|faint|p2b: My1stRoar
|
|upkeep
|
|t:|1782351601
|switch|p2b: Hockey Rivalry|Crabominable, L50, M|100/100
|turn|3
|inactive|insane luck has 30 seconds left.
|
|t:|1782351631
|switch|p1a: Whimsicott|Whimsicott, L50, F|100/100
|detailschange|p2b: Hockey Rivalry|Crabominable-Mega, L50, M
|-mega|p2b: Hockey Rivalry|Crabominable|Crabominite
|detailschange|p1b: Staraptor|Staraptor-Mega, L50, F
|-mega|p1b: Staraptor|Staraptor|Staraptite
|move|p1b: Staraptor|Protect|p1b: Staraptor
|-singleturn|p1b: Staraptor|Protect
|move|p2b: Hockey Rivalry|Ice Hammer|p1b: Staraptor
|-activate|p1b: Staraptor|move: Protect
|move|p2a: My1stFlip|Psychic|p1b: Staraptor
|-activate|p1b: Staraptor|move: Protect
|
|upkeep
|turn|4
|
|t:|1782351650
|switch|p1b: Kingambit|Kingambit, L50, F|27/100
|move|p2b: Hockey Rivalry|Ice Hammer|p1b: Kingambit
|-resisted|p1b: Kingambit|1
|-damage|p1b: Kingambit|0 fnt
|-unboost|p2b: Hockey Rivalry|spe|1
|faint|p1b: Kingambit
|move|p2a: My1stFlip|Psychic|p1a: Whimsicott
|-damage|p1a: Whimsicott|58/100
|move|p1a: Whimsicott|Moonblast|p2b: Hockey Rivalry
|-supereffective|p2b: Hockey Rivalry|1
|-damage|p2b: Hockey Rivalry|55/100
|
|upkeep
|
|t:|1782351664
|switch|p1b: Sinistcha|Sinistcha, L50|100/100
|-heal|p1a: Whimsicott|82/100|[from] ability: Hospitality|[of] p1b: Sinistcha
|turn|5
|
|t:|1782351679
|switch|p2a: My Direction|Sinistcha, L50|100/100
|-heal|p2b: Hockey Rivalry|80/100|[from] ability: Hospitality|[of] p2a: My Direction
|move|p2b: Hockey Rivalry|Ice Hammer|p1b: Sinistcha
|-supereffective|p1b: Sinistcha|1
|-damage|p1b: Sinistcha|0 fnt
|-unboost|p2b: Hockey Rivalry|spe|1
|faint|p1b: Sinistcha
|move|p1a: Whimsicott|Moonblast|p2a: My Direction
|-damage|p2a: My Direction|71/100
|
|-fieldend|move: Trick Room
|upkeep
|
|t:|1782351690
|switch|p1b: Staraptor|Staraptor-Mega, L50, F|100/100
|turn|6
|inactive|25th_mang has 30 seconds left.
|
|t:|1782351720
|move|p2a: My Direction|Rage Powder|p2a: My Direction
|-singleturn|p2a: My Direction|move: Rage Powder
|move|p1a: Whimsicott|Charm|p2b: Hockey Rivalry
|-unboost|p2b: Hockey Rivalry|atk|2
|move|p1b: Staraptor|Brave Bird|p2a: My Direction
|-supereffective|p2a: My Direction|1
|-damage|p2a: My Direction|0 fnt
|faint|p2a: My Direction
|-damage|p1b: Staraptor|73/100|[from] Recoil
|move|p2b: Hockey Rivalry|Ice Hammer|p1b: Staraptor
|-supereffective|p1b: Staraptor|1
|-damage|p1b: Staraptor|0 fnt
|-unboost|p2b: Hockey Rivalry|spe|1
|faint|p1b: Staraptor
|
|upkeep
|-message|insane luck forfeited.
|
|win|25th_mang
|raw|insane luck's rating: 1137 → 1116(-21 for losing)
|raw|25th_mang's rating: 1190 → 1211(+21 for winning)
|l|☆insane luck
|player|p1|
|l|☆25th_mang
|player|p2|
|j|☆25th_mang
|player|p2|25th_mang|ballguy|
