|j|☆pat_con5
|j|☆flamingfearow2
|html|pat_con5flamingfearow2    
|uhtml|bestof|Game 1 of a best-of-3
|t:|1782423071
|gametype|doubles
|player|p1|pat_con5|crasherwake|
|player|p2|flamingfearow2|2|
|gen|9
|tier|[Gen 9 Champions] VGC 2026 Reg M-B (Bo3)
|rule|Species Clause: Limit one of each Pokémon
|rule|Item Clause: Limit 1 of each item
|clearpoke
|poke|p1|Swampert, L50, F|
|poke|p1|Pelipper, L50, M|
|poke|p1|Hydreigon, L50, M|
|poke|p1|Sinistcha, L50|
|poke|p1|Metagross, L50|
|poke|p1|Sneasler, L50, F|
|poke|p2|Aerodactyl, L50, F|
|poke|p2|Sylveon, L50, M|
|poke|p2|Kingambit, L50, M|
|poke|p2|Farigiraf, L50, M|
|poke|p2|Charizard, L50, M|
|poke|p2|Garchomp, L50, M|
|teampreview|4
|showteam|p1|Swampert||Swampertite|Torrent|Protect,WaveCrash,Earthquake,IcePunch|Adamant||F|||50|]Pelipper||SitrusBerry|Drizzle|Protect,WeatherBall,Hurricane,Tailwind|Modest||M|||50|]Hydreigon||ChoiceScarf|Levitate|DracoMeteor,DarkPulse,Snarl,EarthPower|Modest||M|||50|]Sinistcha||OccaBerry|Hospitality|Protect,MatchaGotcha,ShadowBall,RagePowder|Bold|||||50|]Metagross||Metagrossite|ClearBody|Protect,MeteorMash,PsychicFangs,BulletPunch|Adamant|||||50|]Sneasler||FocusSash|Unburden|CloseCombat,DireClaw,QuickGuard,FakeOut|Jolly||F|||50|
|showteam|p2|Aerodactyl||Aerodactylite|Unnerve|Tailwind,DualWingbeat,IceFang,RockSlide|Jolly||F|||50|]Sylveon||FairyFeather|Pixilate|Detect,HyperVoice,HyperBeam,QuickAttack|Modest||M|||50|]Kingambit||FocusSash|Defiant|KowtowCleave,SuckerPunch,IronHead,LowKick|Adamant||M|||50|]Farigiraf||SitrusBerry|ArmorTail|TwinBeam,Thunderbolt,TrickRoom,HelpingHand|Bold||M|||50|]Charizard||CharizarditeY|Blaze|Protect,HeatWave,WeatherBall,SolarBeam|Modest||M|||50|]Garchomp||LifeOrb|RoughSkin|Protect,Earthquake,DragonClaw,RockSlide|Jolly||M|||50|
|inactive|Battle timer is ON: inactive players will automatically lose when time's up. (requested by flamingfearow2)
|c|☆pat_con5|glhf
|c|☆flamingfearow2|you too
|inactive|pat_con5 has 60 seconds left.
|inactive|flamingfearow2 has 60 seconds left.
|
|t:|1782423114
|teamsize|p1|4
|teamsize|p2|4
|start
|switch|p1a: Sneasler|Sneasler, L50, F|100/100
|switch|p1b: Hydreigon|Hydreigon, L50, M|100/100
|switch|p2a: Charizard|Charizard, L50, M|100/100
|switch|p2b: Sylveon|Sylveon, L50, M|100/100
|turn|1
|
|t:|1782423133
|move|p2a: Charizard|Protect|p2a: Charizard
|-singleturn|p2a: Charizard|Protect
|move|p2b: Sylveon|Detect|p2b: Sylveon
|-singleturn|p2b: Sylveon|Protect
|move|p1b: Hydreigon|Snarl|p2a: Charizard|[spread] 
|-activate|p2a: Charizard|move: Protect
|-activate|p2b: Sylveon|move: Protect
|move|p1a: Sneasler|Dire Claw|p2b: Sylveon
|-activate|p2b: Sylveon|move: Protect
|
|upkeep
|turn|2
|
|t:|1782423159
|switch|p2b: Kingambit|Kingambit, L50, M|100/100
|detailschange|p2a: Charizard|Charizard-Mega-Y, L50, M
|-mega|p2a: Charizard|Charizard|Charizardite Y
|-weather|SunnyDay|[from] ability: Drought|[of] p2a: Charizard
|move|p1b: Hydreigon|Snarl|p2a: Charizard|[spread] p2b
|-miss|p1b: Hydreigon|p2a: Charizard
|-resisted|p2b: Kingambit|1
|-damage|p2b: Kingambit|87/100
|-unboost|p2b: Kingambit|spa|1
|-ability|p2b: Kingambit|Defiant|boost
|-boost|p2b: Kingambit|atk|2
|move|p1a: Sneasler|Dire Claw|p2a: Charizard
|-damage|p2a: Charizard|58/100
|move|p2a: Charizard|Heat Wave|p1b: Hydreigon|[spread] p1a,p1b
|-resisted|p1b: Hydreigon|1
|-damage|p1a: Sneasler|13/100
|-damage|p1b: Hydreigon|63/100
|
|-weather|SunnyDay|[upkeep]
|upkeep
|turn|3
|
|t:|1782423182
|switch|p1b: Swampert|Swampert, L50, F|100/100
|switch|p1a: Pelipper|Pelipper, L50, M|100/100
|-weather|RainDance|[from] ability: Drizzle|[of] p1a: Pelipper
|switch|p2a: Sylveon|Sylveon, L50, M|100/100
|move|p2b: Kingambit|Sucker Punch||[still]
|-fail|p2b: Kingambit
|
|-weather|RainDance|[upkeep]
|upkeep
|turn|4
|
|t:|1782423202
|switch|p2a: Charizard|Charizard-Mega-Y, L50, M|58/100
|-weather|SunnyDay|[from] ability: Drought|[of] p2a: Charizard
|detailschange|p1b: Swampert|Swampert-Mega, L50, F
|-mega|p1b: Swampert|Swampert|Swampertite
|move|p1b: Swampert|Earthquake|p2a: Charizard|[spread] p2b
|-immune|p1a: Pelipper
|-immune|p2a: Charizard
|-supereffective|p2b: Kingambit|1
|-damage|p2b: Kingambit|5/100
|move|p2b: Kingambit|Kowtow Cleave|p1a: Pelipper
|-crit|p1a: Pelipper
|-damage|p1a: Pelipper|0 fnt
|faint|p1a: Pelipper
|
|-weather|SunnyDay|[upkeep]
|upkeep
|
|t:|1782423212
|switch|p1a: Hydreigon|Hydreigon, L50, M|63/100
|turn|5
|inactive|flamingfearow2 has 30 seconds left.
|
|t:|1782423243
|move|p2a: Charizard|Protect|p2a: Charizard
|-singleturn|p2a: Charizard|Protect
|move|p2b: Kingambit|Sucker Punch|p1a: Hydreigon
|-resisted|p1a: Hydreigon|1
|-damage|p1a: Hydreigon|20/100y
|move|p1a: Hydreigon|Snarl|p2b: Kingambit|[spread] p2b
|-activate|p2a: Charizard|move: Protect
|-resisted|p2b: Kingambit|1
|-damage|p2b: Kingambit|0 fnt
|faint|p2b: Kingambit
|move|p1b: Swampert|Ice Punch|p2a: Charizard
|-activate|p2a: Charizard|move: Protect
|
|-weather|SunnyDay|[upkeep]
|upkeep
|
|t:|1782423250
|switch|p2b: Sylveon|Sylveon, L50, M|100/100
|turn|6
|
|t:|1782423265
|switch|p1a: Sneasler|Sneasler, L50, F|13/100
|move|p1b: Swampert|Protect|p1b: Swampert
|-singleturn|p1b: Swampert|Protect
|move|p2b: Sylveon|Quick Attack|p1a: Sneasler
|-damage|p1a: Sneasler|0 fnt
|faint|p1a: Sneasler
|move|p2a: Charizard|Solar Beam||[still]
|-prepare|p2a: Charizard|Solar Beam
|-anim|p2a: Charizard|Solar Beam|p1b: Swampert
|-activate|p1b: Swampert|move: Protect
|
|-weather|SunnyDay|[upkeep]
|upkeep
|
|t:|1782423272
|switch|p1a: Hydreigon|Hydreigon, L50, M|20/100y
|turn|7
|
|t:|1782423276
|move|p1b: Swampert|Protect|p1b: Swampert
|-singleturn|p1b: Swampert|Protect
|move|p2b: Sylveon|Quick Attack|p1a: Hydreigon
|-supereffective|p1a: Hydreigon|2
|-damage|p1a: Hydreigon|0 fnt
|faint|p1a: Hydreigon
|move|p2a: Charizard|Solar Beam||[still]
|-prepare|p2a: Charizard|Solar Beam
|-anim|p2a: Charizard|Solar Beam|p1b: Swampert
|-activate|p1b: Swampert|move: Protect
|
|-weather|SunnyDay|[upkeep]
|upkeep
|turn|8
|
|t:|1782423285
|move|p2a: Charizard|Protect|p2a: Charizard
|-singleturn|p2a: Charizard|Protect
|move|p1b: Swampert|Protect||[still]
|-fail|p1b: Swampert
|move|p2b: Sylveon|Hyper Beam|p1b: Swampert|[miss]
|-miss|p2b: Sylveon|p1b: Swampert
|
|-weather|none
|upkeep
|turn|9
|
|t:|1782423299
|move|p2a: Charizard|Heat Wave|p1b: Swampert
|-resisted|p1b: Swampert|1
|-damage|p1b: Swampert|77/100
|move|p1b: Swampert|Wave Crash|p2b: Sylveon
|-damage|p2b: Sylveon|0 fnt
|faint|p2b: Sylveon
|-damage|p1b: Swampert|43/100|[from] Recoil
|
|upkeep
|
|t:|1782423304
|switch|p2b: Aerodactyl|Aerodactyl, L50, F|100/100
|-ability|p2b: Aerodactyl|Unnerve
|turn|10
|
|t:|1782423315
|move|p2b: Aerodactyl|Dual Wingbeat|p1b: Swampert
|-damage|p1b: Swampert|28/100
|-damage|p1b: Swampert|12/100
|-hitcount|p1b: Swampert|2
|move|p2a: Charizard|Weather Ball|p1b: Swampert
|-damage|p1b: Swampert|0 fnt
|faint|p1b: Swampert
|
|win|flamingfearow2
||pat_con5 is ready for game 2.
|inactive|flamingfearow2 has 30 seconds to confirm battle start!
||flamingfearow2 is ready for game 2.
|uhtml|next|Next: Game 2 of 3
