|j|☆fot fred avui
|j|☆Cines Yelmo
|html|fot fred avuiCines Yelmo    
|uhtml|bestof|Game 1 of a best-of-3
|t:|1756486587
|gametype|doubles
|player|p1|fot fred avui|sisandbro|
|player|p2|Cines Yelmo|cameraman|
|gen|9
|tier|[Gen 9] VGC 2025 Reg H (Bo3)
|rule|Species Clause: Limit one of each Pokémon
|rule|Item Clause: Limit 1 of each item
|clearpoke
|poke|p1|Incineroar, L50, M|
|poke|p1|Dragonite, L50, M|
|poke|p1|Amoonguss, L50, M|
|poke|p1|Porygon2, L50|
|poke|p1|Ursaluna, L50, F|
|poke|p1|Gholdengo, L50|
|poke|p2|Dondozo, L50, F|
|poke|p2|Garchomp, L50, F|
|poke|p2|Gholdengo, L50|
|poke|p2|Incineroar, L50, M|
|poke|p2|Sneasler, L50, M|
|poke|p2|Tyranitar, L50, M|
|teampreview|4
|showteam|p1|Incineroar||AssaultVest|Intimidate|FlareBlitz,KnockOff,FakeOut,Uturn|||M|||50|,,,,,Grass]Dragonite||LoadedDice|Multiscale|Haze,ScaleShot,Tailwind,Protect|||M|||50|,,,,,Fairy]Amoonguss||MentalHerb|Regenerator|Protect,PollenPuff,RagePowder,Spore|||M|||50|,,,,,Ghost]Porygon2||Eviolite|Download|TeraBlast,IceBeam,Recover,TrickRoom||||||50|,,,,,Ground]Ursaluna||FlameOrb|Guts|Facade,HeadlongRush,Earthquake,Protect|||F|||50|,,,,,Poison]Gholdengo||LifeOrb|GoodasGold|MakeItRain,ShadowBall,NastyPlot,Protect||||||50|,,,,,Dragon
|showteam|p2|Dondozo||Leftovers|Unaware|Protect,WaveCrash,Fissure,Yawn|||F|||50|,,,,,Bug]Garchomp||LifeOrb|SandVeil|Protect,DragonClaw,Earthquake,RockSlide|||F|||50|,,,,,Fairy]Gholdengo||ChoiceScarf|GoodasGold|MakeItRain,ShadowBall,Thunderbolt,Trick||||||50|,,,,,Flying]Incineroar||SafetyGoggles|Intimidate|FakeOut,FlareBlitz,KnockOff,PartingShot|||M|||50|,,,,,Bug]Sneasler||FocusSash|Unburden|Protect,CloseCombat,DireClaw,Coaching|||M|||50|,,,,,Flying]Tyranitar||AssaultVest|SandStream|RockSlide,KnockOff,LowKick,TeraBlast|||M|||50|,,,,,Flying
|
|t:|1756486631
|teamsize|p1|4
|teamsize|p2|4
|start
|switch|p1a: Incineroar|Incineroar, L50, M|100/100
|switch|p1b: Porygon2|Porygon2, L50|100/100
|switch|p2a: Incineroar|Incineroar, L50, M|100/100
|switch|p2b: Tyranitar|Tyranitar, L50, M|100/100
|-weather|Sandstorm|[from] ability: Sand Stream|[of] p2b: Tyranitar
|-ability|p2a: Incineroar|Intimidate|boost
|-unboost|p1a: Incineroar|atk|1
|-unboost|p1b: Porygon2|atk|1
|-ability|p1a: Incineroar|Intimidate|boost
|-unboost|p2a: Incineroar|atk|1
|-unboost|p2b: Tyranitar|atk|1
|-ability|p1b: Porygon2|Download|boost
|-boost|p1b: Porygon2|atk|1
|turn|1
|
|t:|1756486664
|move|p1a: Incineroar|Fake Out|p2b: Tyranitar
|-resisted|p2b: Tyranitar
|-damage|p2b: Tyranitar|97/100
|cant|p2b: Tyranitar|flinch
|move|p2a: Incineroar|Knock Off|p1b: Porygon2
|-damage|p1b: Porygon2|85/100
|-enditem|p1b: Porygon2|Eviolite|[from] move: Knock Off|[of] p2a: Incineroar
|move|p1b: Porygon2|Trick Room|p1b: Porygon2
|-fieldstart|move: Trick Room|[of] p1b: Porygon2
|
|-weather|Sandstorm|[upkeep]
|-damage|p1b: Porygon2|79/100|[from] Sandstorm
|-damage|p1a: Incineroar|95/100|[from] Sandstorm
|upkeep
|turn|2
|
|t:|1756486725
|switch|p1b: Amoonguss|Amoonguss, L50, M|100/100
|move|p1a: Incineroar|U-turn|p2b: Tyranitar
|-supereffective|p2b: Tyranitar
|-damage|p2b: Tyranitar|78/100
|
|t:|1756486731
|switch|p1a: Porygon2|Porygon2, L50|79/100|[from] U-turn
|-ability|p1a: Porygon2|Download|boost
|-boost|p1a: Porygon2|atk|1
|move|p2a: Incineroar|Knock Off|p1a: Porygon2
|-damage|p1a: Porygon2|63/100
|move|p2b: Tyranitar|Rock Slide|p1a: Porygon2|[spread] p1a,p1b
|-damage|p1a: Porygon2|43/100
|-damage|p1b: Amoonguss|79/100
|
|-weather|Sandstorm|[upkeep]
|-damage|p1b: Amoonguss|74/100|[from] Sandstorm
|-damage|p1a: Porygon2|36/100|[from] Sandstorm
|upkeep
|turn|3
|
|t:|1756486756
|switch|p2b: Gholdengo|Gholdengo, L50|100/100
|move|p1b: Amoonguss|Spore|p2b: Gholdengo
|-immune|p2b: Gholdengo|[from] ability: Good as Gold
|move|p1a: Porygon2|Recover|p1a: Porygon2
|-heal|p1a: Porygon2|86/100
|move|p2a: Incineroar|Knock Off|p1b: Amoonguss
|-damage|p1b: Amoonguss|50/100
|-enditem|p1b: Amoonguss|Mental Herb|[from] move: Knock Off|[of] p2a: Incineroar
|
|-weather|Sandstorm|[upkeep]
|-damage|p1b: Amoonguss|44/100|[from] Sandstorm
|-damage|p1a: Porygon2|80/100|[from] Sandstorm
|upkeep
|turn|4
|
|t:|1756486787
|switch|p1b: Incineroar|Incineroar, L50, M|95/100
|-ability|p1b: Incineroar|Intimidate|boost
|-unboost|p2a: Incineroar|atk|1
|-unboost|p2b: Gholdengo|atk|1
|-terastallize|p1a: Porygon2|Ground
|move|p1a: Porygon2|Tera Blast|p2b: Gholdengo|[anim] Tera Blast Ground
|-supereffective|p2b: Gholdengo
|-damage|p2b: Gholdengo|26/100
|move|p2a: Incineroar|Knock Off|p1b: Incineroar
|-resisted|p1b: Incineroar
|-damage|p1b: Incineroar|88/100
|-enditem|p1b: Incineroar|Assault Vest|[from] move: Knock Off|[of] p2a: Incineroar
|move|p2b: Gholdengo|Make It Rain|p1b: Incineroar|[spread] p1a,p1b
|-resisted|p1b: Incineroar
|-damage|p1a: Porygon2|35/100
|-damage|p1b: Incineroar|65/100
|-unboost|p2b: Gholdengo|spa|1
|
|-weather|Sandstorm|[upkeep]
|-damage|p1b: Incineroar|59/100|[from] Sandstorm
|upkeep
|turn|5
|
|t:|1756486814
|switch|p2b: Tyranitar|Tyranitar, L50, M|78/100
|move|p1a: Porygon2|Recover|p1a: Porygon2
|-heal|p1a: Porygon2|85/100
|move|p1b: Incineroar|U-turn|p2b: Tyranitar
|-supereffective|p2b: Tyranitar
|-damage|p2b: Tyranitar|46/100
|
|t:|1756486823
|switch|p1b: Amoonguss|Amoonguss, L50, M|78/100|[from] U-turn
|move|p2a: Incineroar|Parting Shot|p1b: Amoonguss
|-unboost|p1b: Amoonguss|atk|1
|-unboost|p1b: Amoonguss|spa|1
|
|t:|1756486831
|switch|p2a: Gholdengo|Gholdengo, L50|26/100|[from] Parting Shot
|
|-weather|none
|-fieldend|move: Trick Room
|upkeep
|turn|6
|
|t:|1756486841
|switch|p1a: Incineroar|Incineroar, L50, M|59/100
|-ability|p1a: Incineroar|Intimidate|boost
|-unboost|p2a: Gholdengo|atk|1
|-unboost|p2b: Tyranitar|atk|1
|move|p1b: Amoonguss|Protect|p1b: Amoonguss
|-singleturn|p1b: Amoonguss|Protect
|move|p2a: Gholdengo|Make It Rain|p1a: Incineroar|[spread] p1a
|-activate|p1b: Amoonguss|move: Protect
|-resisted|p1a: Incineroar
|-damage|p1a: Incineroar|36/100
|-unboost|p2a: Gholdengo|spa|1
|move|p2b: Tyranitar|Rock Slide|p1a: Incineroar|[spread] p1a
|-activate|p1b: Amoonguss|move: Protect
|-supereffective|p1a: Incineroar
|-damage|p1a: Incineroar|5/100
|
|upkeep
|turn|7
|
|t:|1756486879
|switch|p2b: Incineroar|Incineroar, L50, M|100/100
|-ability|p2b: Incineroar|Intimidate|boost
|-unboost|p1a: Incineroar|atk|1
|-unboost|p1b: Amoonguss|atk|1
|switch|p1b: Porygon2|Porygon2, L50, tera:Ground|85/100
|-ability|p1b: Porygon2|Download|boost
|-boost|p1b: Porygon2|atk|1
|move|p1a: Incineroar|Fake Out|p2b: Incineroar
|-damage|p2b: Incineroar|94/100
|move|p2a: Gholdengo|Make It Rain|p1a: Incineroar|[spread] p1a,p1b
|-resisted|p1a: Incineroar
|-crit|p1a: Incineroar
|-damage|p1a: Incineroar|0 fnt
|-damage|p1b: Porygon2|55/100
|-unboost|p2a: Gholdengo|spa|1
|faint|p1a: Incineroar
|
|upkeep
|
|t:|1756486883
|switch|p1a: Gholdengo|Gholdengo, L50|100/100
|turn|8
|
|t:|1756486931
|switch|p2a: Dondozo|Dondozo, L50, F|100/100
|move|p1a: Gholdengo|Nasty Plot|p1a: Gholdengo
|-boost|p1a: Gholdengo|spa|2
|move|p2b: Incineroar|Knock Off|p1a: Gholdengo
|-supereffective|p1a: Gholdengo
|-damage|p1a: Gholdengo|31/100
|-enditem|p1a: Gholdengo|Life Orb|[from] move: Knock Off|[of] p2b: Incineroar
|move|p1b: Porygon2|Tera Blast|p2b: Incineroar|[anim] Tera Blast Ground
|-supereffective|p2b: Incineroar
|-damage|p2b: Incineroar|31/100
|
|upkeep
|turn|9
|
|t:|1756486962
|move|p1a: Gholdengo|Shadow Ball|p2b: Incineroar
|-resisted|p2b: Incineroar
|-damage|p2b: Incineroar|0 fnt
|faint|p2b: Incineroar
|move|p1b: Porygon2|Recover|p1b: Porygon2
|-heal|p1b: Porygon2|100/100
|move|p2a: Dondozo|Wave Crash|p1b: Porygon2
|-supereffective|p1b: Porygon2
|-damage|p1b: Porygon2|32/100
|-damage|p2a: Dondozo|83/100|[from] Recoil
|
|-heal|p2a: Dondozo|90/100|[from] item: Leftovers
|upkeep
|
|t:|1756486980
|switch|p2b: Gholdengo|Gholdengo, L50|26/100
|turn|10
|
|t:|1756486991
|move|p1a: Gholdengo|Protect|p1a: Gholdengo
|-singleturn|p1a: Gholdengo|Protect
|move|p2b: Gholdengo|Make It Rain|p1b: Porygon2|[spread] p1b
|-activate|p1a: Gholdengo|move: Protect
|-damage|p1b: Porygon2|0 fnt
|-unboost|p2b: Gholdengo|spa|1
|faint|p1b: Porygon2
|move|p2a: Dondozo|Wave Crash|p1a: Gholdengo
|-activate|p1a: Gholdengo|move: Protect
|
|-heal|p2a: Dondozo|96/100|[from] item: Leftovers
|upkeep
|
|t:|1756486998
|switch|p1b: Amoonguss|Amoonguss, L50, M|100/100
|turn|11
|
|t:|1756487026
|move|p1b: Amoonguss|Rage Powder|p1b: Amoonguss
|-singleturn|p1b: Amoonguss|move: Rage Powder
|move|p2b: Gholdengo|Make It Rain|p1b: Amoonguss|[spread] p1a,p1b
|-resisted|p1a: Gholdengo
|-crit|p1b: Amoonguss
|-damage|p1a: Gholdengo|14/100
|-damage|p1b: Amoonguss|43/100
|-unboost|p2b: Gholdengo|spa|1
|move|p1a: Gholdengo|Make It Rain|p2b: Gholdengo|[spread] p2a,p2b
|-resisted|p2a: Dondozo
|-resisted|p2b: Gholdengo
|-damage|p2a: Dondozo|82/100
|-damage|p2b: Gholdengo|0 fnt
|-unboost|p1a: Gholdengo|spa|1
|faint|p2b: Gholdengo
|move|p2a: Dondozo|Yawn|p1b: Amoonguss
|-start|p1b: Amoonguss|move: Yawn|[of] p2a: Dondozo
|
|-heal|p2a: Dondozo|88/100|[from] item: Leftovers
|upkeep
|
|t:|1756487045
|switch|p2b: Tyranitar|Tyranitar, L50, M|46/100
|-weather|Sandstorm|[from] ability: Sand Stream|[of] p2b: Tyranitar
|turn|12
|
|t:|1756487058
|-terastallize|p2b: Tyranitar|Flying
|move|p1a: Gholdengo|Make It Rain|p2a: Dondozo|[spread] p2a,p2b
|-resisted|p2a: Dondozo
|-damage|p2a: Dondozo|71/100
|-damage|p2b: Tyranitar|3/100
|-unboost|p1a: Gholdengo|spa|1
|move|p2b: Tyranitar|Tera Blast|p1b: Amoonguss|[anim] Tera Blast Flying
|-supereffective|p1b: Amoonguss
|-damage|p1b: Amoonguss|0 fnt
|faint|p1b: Amoonguss
|move|p2a: Dondozo|Wave Crash|p1a: Gholdengo
|-damage|p1a: Gholdengo|0 fnt
|faint|p1a: Gholdengo
|-damage|p2a: Dondozo|68/100|[from] Recoil
|
|win|Cines Yelmo
||fot fred avui is ready for game 2.
|inactive|Cines Yelmo has 30 seconds to confirm battle start!
||Cines Yelmo is ready for game 2.
|uhtml|next|Next: Game 2 of 3
|l|☆Cines Yelmo
|player|p2|
