|j|☆LascapVGC
|j|‽mrchris21
|html|LascapVGCmrchris21    
|uhtml|bestof|Game 1 of a best-of-3
|t:|1785058440
|gametype|doubles
|player|p1|LascapVGC|benga|1142
|player|p2|mrchris21|ethan|1144
|gen|9
|tier|[Gen 9 Champions] VGC 2026 Reg M-B (Bo3)
|rated|
|rule|Species Clause: Limit one of each Pokémon
|rule|Item Clause: Limit 1 of each item
|clearpoke
|poke|p1|Sneasler, L50, M|
|poke|p1|Sinistcha, L50|
|poke|p1|Incineroar, L50, F|
|poke|p1|Kingambit, L50, M|
|poke|p1|Delphox, L50, M|
|poke|p1|Blastoise, L50, F|
|poke|p2|Basculegion, L50, M|
|poke|p2|Politoed, L50, M|
|poke|p2|Archaludon, L50, M|
|poke|p2|Farigiraf, L50, M|
|poke|p2|Dragonite, L50, F|
|poke|p2|Venusaur, L50, M|
|teampreview|4
|showteam|p1|Sneasler||FocusSash|PoisonTouch|CloseCombat,DireClaw,FakeOut,QuickGuard|Jolly||M|||50|]Sinistcha||ColburBerry|Hospitality|MatchaGotcha,RagePowder,TrickRoom,Protect|Bold|||||50|]Incineroar||SitrusBerry|Intimidate|FlareBlitz,DarkestLariat,PartingShot,FakeOut|Careful||F|||50|]Kingambit||LifeOrb|Defiant|KowtowCleave,SwordsDance,SuckerPunch,Protect|Adamant||M|||50|]Delphox||Delphoxite|Blaze|HeatWave,Psyshock,NastyPlot,Protect|Timid||M|||50|]Blastoise||Blastoisinite|RainDish|WaterSpout,DarkPulse,ShellSmash,Protect|Modest||F|||50|
|showteam|p2|Basculegion||ChoiceScarf|Adaptability|FlipTurn,Liquidation,AquaJet,LastRespects|Jolly||M|||50|]Politoed||SitrusBerry|Drizzle|MuddyWater,IceBeam,Protect,PerishSong|Bold||M|||50|]Archaludon||Leftovers|Stamina|ElectroShot,DragonPulse,FlashCannon,Protect|Modest||M|||50|]Farigiraf||ColburBerry|ArmorTail|TwinBeam,ShadowBall,Roar,HelpingHand|Bold||M|||50|]Dragonite||Dragoninite|Multiscale|Hurricane,IceBeam,DragonPulse,Protect|Modest||F|||50|]Venusaur||Venusaurite|Chlorophyll|GigaDrain,SludgeBomb,EarthPower,Protect|Modest||M|||50|
|inactive|Battle timer is ON: inactive players will automatically lose when time's up. (requested by mrchris21)
|
|t:|1785058483
|teamsize|p1|4
|teamsize|p2|4
|start
|switch|p1a: Kingambit|Kingambit, L50, M|100/100
|switch|p1b: Blastoise|Blastoise, L50, F|100/100
|switch|p2a: Basculegion|Basculegion, L50, M|100/100
|switch|p2b: Politoed|Politoed, L50, M|100/100
|-weather|RainDance|[from] ability: Drizzle|[of] p2b: Politoed
|turn|1
|inactive|LascapVGC has 30 seconds left.
|inactive|LascapVGC has 20 seconds left.
|inactive|LascapVGC has 15 seconds left.
|
|t:|1785058523
|detailschange|p1b: Blastoise|Blastoise-Mega, L50, F
|-mega|p1b: Blastoise|Blastoise|Blastoisinite
|move|p1b: Blastoise|Protect|p1b: Blastoise
|-singleturn|p1b: Blastoise|Protect
|move|p2a: Basculegion|Aqua Jet|p1a: Kingambit
|-damage|p1a: Kingambit|71/100
|move|p2b: Politoed|Perish Song|p2b: Politoed
|-start|p1a: Kingambit|perish3|[silent]
|-start|p1b: Blastoise|perish3|[silent]
|-start|p2a: Basculegion|perish3|[silent]
|-start|p2b: Politoed|perish3|[silent]
|-fieldactivate|move: Perish Song
|move|p1a: Kingambit|Kowtow Cleave|p2b: Politoed
|-damage|p2b: Politoed|42/100
|-enditem|p2b: Politoed|Sitrus Berry|[eat]
|-heal|p2b: Politoed|67/100|[from] item: Sitrus Berry
|-damage|p1a: Kingambit|61/100|[from] item: Life Orb
|
|-weather|RainDance|[upkeep]
|-start|p2a: Basculegion|perish3
|-start|p1b: Blastoise|perish3
|-start|p2b: Politoed|perish3
|-start|p1a: Kingambit|perish3
|upkeep
|turn|2
|
|t:|1785058544
|switch|p1a: Sinistcha|Sinistcha, L50|100/100
|move|p2b: Politoed|Protect|p2b: Politoed
|-singleturn|p2b: Politoed|Protect
|move|p2a: Basculegion|Aqua Jet|p1a: Sinistcha
|-resisted|p1a: Sinistcha|1
|-damage|p1a: Sinistcha|82/100
|move|p1b: Blastoise|Dark Pulse|p2b: Politoed
|-activate|p2b: Politoed|move: Protect
|
|-weather|RainDance|[upkeep]
|-start|p2a: Basculegion|perish2
|-start|p1b: Blastoise|perish2
|-start|p2b: Politoed|perish2
|upkeep
|turn|3
|
|t:|1785058561
|switch|p2a: Archaludon|Archaludon, L50, M|100/100
|move|p1b: Blastoise|Dark Pulse|p2b: Politoed
|-damage|p2b: Politoed|26/100
|move|p2b: Politoed|Ice Beam|p1a: Sinistcha
|-supereffective|p1a: Sinistcha|1
|-damage|p1a: Sinistcha|46/100
|move|p1a: Sinistcha|Matcha Gotcha|p2a: Archaludon|[spread] p2a,p2b
|-resisted|p2a: Archaludon|2
|-supereffective|p2b: Politoed|1
|-damage|p2a: Archaludon|93/100
|-heal|p1a: Sinistcha|48/100|[from] drain|[of] p2a: Archaludon
|-damage|p2b: Politoed|0 fnt
|-heal|p1a: Sinistcha|61/100|[from] drain|[of] p2b: Politoed
|-ability|p2a: Archaludon|Stamina|boost
|-boost|p2a: Archaludon|def|1
|faint|p2b: Politoed
|
|-weather|RainDance|[upkeep]
|-heal|p2a: Archaludon|100/100|[from] item: Leftovers
|-start|p1b: Blastoise|perish1
|upkeep
|
|t:|1785058572
|switch|p2b: Dragonite|Dragonite, L50, F|100/100
|turn|4
|
|t:|1785058587
|switch|p1b: Sneasler|Sneasler, L50, M|100/100
|detailschange|p2b: Dragonite|Dragonite-Mega, L50, F
|-mega|p2b: Dragonite|Dragonite|Dragoninite
|move|p1a: Sinistcha|Protect|p1a: Sinistcha
|-singleturn|p1a: Sinistcha|Protect
|move|p2b: Dragonite|Hurricane|p1a: Sinistcha
|-activate|p1a: Sinistcha|move: Protect
|move|p2a: Archaludon|Electro Shot||[still]
|-prepare|p2a: Archaludon|Electro Shot
|-boost|p2a: Archaludon|spa|1
|-anim|p2a: Archaludon|Electro Shot|p1b: Sneasler
|-damage|p1b: Sneasler|5/100
|
|-weather|RainDance|[upkeep]
|upkeep
|turn|5
|
|t:|1785058609
|switch|p1a: Kingambit|Kingambit, L50, M|61/100
|move|p1b: Sneasler|Close Combat|p2a: Archaludon
|-supereffective|p2a: Archaludon|1
|-damage|p2a: Archaludon|29/100
|-unboost|p1b: Sneasler|def|1
|-unboost|p1b: Sneasler|spd|1
|-ability|p2a: Archaludon|Stamina|boost
|-boost|p2a: Archaludon|def|1
|move|p2b: Dragonite|Hurricane|p1a: Kingambit
|-resisted|p1a: Kingambit|1
|-damage|p1a: Kingambit|28/100
|move|p2a: Archaludon|Electro Shot||[still]
|-prepare|p2a: Archaludon|Electro Shot
|-boost|p2a: Archaludon|spa|1
|-anim|p2a: Archaludon|Electro Shot|p1b: Sneasler
|-damage|p1b: Sneasler|0 fnt
|faint|p1b: Sneasler
|
|-weather|none
|-heal|p2a: Archaludon|35/100|[from] item: Leftovers
|upkeep
|
|t:|1785058627
|switch|p1b: Blastoise|Blastoise-Mega, L50, F|100/100
|turn|6
|
|t:|1785058638
|move|p2a: Archaludon|Protect|p2a: Archaludon
|-singleturn|p2a: Archaludon|Protect
|move|p2b: Dragonite|Dragon Pulse|p1a: Kingambit
|-resisted|p1a: Kingambit|1
|-damage|p1a: Kingambit|2/100
|move|p1b: Blastoise|Dark Pulse|p2a: Archaludon
|-activate|p2a: Archaludon|move: Protect
|move|p1a: Kingambit|Swords Dance|p1a: Kingambit
|-boost|p1a: Kingambit|atk|2
|
|-heal|p2a: Archaludon|41/100|[from] item: Leftovers
|upkeep
|turn|7
|inactive|LascapVGC has 30 seconds left.
|inactive|mrchris21 has 30 seconds left.
|
|t:|1785058670
|move|p2b: Dragonite|Dragon Pulse|p1a: Kingambit
|-resisted|p1a: Kingambit|1
|-damage|p1a: Kingambit|0 fnt
|faint|p1a: Kingambit
|move|p1b: Blastoise|Dark Pulse|p2a: Archaludon
|-damage|p2a: Archaludon|0 fnt
|faint|p2a: Archaludon
|
|upkeep
|
|t:|1785058681
|switch|p2a: Basculegion|Basculegion, L50, M|100/100
|switch|p1a: Sinistcha|Sinistcha, L50|61/100
|turn|8
|
|t:|1785058695
|move|p1a: Sinistcha|Rage Powder|p1a: Sinistcha
|-singleturn|p1a: Sinistcha|move: Rage Powder
|move|p2a: Basculegion|Last Respects|p1a: Sinistcha
|-supereffective|p1a: Sinistcha|1
|-damage|p1a: Sinistcha|0 fnt
|faint|p1a: Sinistcha
|move|p2b: Dragonite|Dragon Pulse|p1b: Blastoise
|-damage|p1b: Blastoise|48/100
|move|p1b: Blastoise|Water Spout|p2a: Basculegion|[spread] p2a,p2b
|-resisted|p2a: Basculegion|1
|-resisted|p2b: Dragonite|1
|-damage|p2a: Basculegion|83/100
|-damage|p2b: Dragonite|92/100
|
|upkeep
|turn|9
|-message|LascapVGC forfeited.
|
|win|mrchris21
||LascapVGC is ready for game 2.
||mrchris21 is ready for game 2.
|uhtml|next|Next: Game 2 of 3
|l|‽mrchris21
|player|p2|
