|j|☆x-demon18
|j|☆marin le paon
|html|x-demon18marin le paon    
|uhtml|bestof|Game 3 of a best-of-3
|t:|1783941031
|gametype|doubles
|player|p1|x-demon18|lucas|1286
|player|p2|marin le paon|169|1177
|gen|9
|tier|[Gen 9 Champions] VGC 2026 Reg M-B (Bo3)
|rated|
|rule|Species Clause: Limit one of each Pokémon
|rule|Item Clause: Limit 1 of each item
|clearpoke
|poke|p1|Incineroar, L50, F|
|poke|p1|Rotom-Wash, L50|
|poke|p1|Venusaur, L50, F|
|poke|p1|Garchomp, L50, M|
|poke|p1|Sylveon, L50, F|
|poke|p1|Corviknight, L50, F|
|poke|p2|Excadrill, L50, M|
|poke|p2|Altaria, L50, M|
|poke|p2|Grimmsnarl, L50, M|
|poke|p2|Venusaur, L50, M|
|poke|p2|Milotic, L50, M|
|poke|p2|Incineroar, L50, M|
|teampreview|4
|showteam|p1|Incineroar||ExpertBelt|Intimidate|FakeOut,TemperFlare,ThroatChop,PartingShot|Adamant||F|||50|]Rotom-Wash||SitrusBerry|Levitate|HydroPump,Electroweb,WillOWisp,VoltSwitch|Modest|||||50|]Venusaur||Venusaurite|Chlorophyll|GigaDrain,SludgeBomb,EarthPower,Protect|Modest||F|||50|]Garchomp||LifeOrb|RoughSkin|RockSlide,DragonClaw,StompingTantrum,Protect|Jolly||M|||50|]Sylveon||FairyFeather|Pixilate|HyperVoice,QuickAttack,Yawn,Detect|Modest||F|||50|]Corviknight||OccaBerry|MirrorArmor|Tailwind,BraveBird,IronHead,BodyPress|Careful||F|||50|
|showteam|p2|Excadrill||Excadrite|SandRush|HornDrill,StompingTantrum,IronHead,Protect|Jolly||M|||50|]Altaria||RoseliBerry|CloudNine|DragonPulse,WillOWisp,Tailwind,Roost|Impish||M|||50|]Grimmsnarl||LightClay|Prankster|SpiritBreak,LightScreen,Reflect,PartingShot|Bold||M|||50|]Venusaur||Venusaurite|Overgrow|GigaDrain,SludgeBomb,EarthPower,Protect|Modest||M|||50|]Milotic||Leftovers|Competitive|MuddyWater,Hypnosis,Coil,Protect|Modest||M|||50|]Incineroar||SitrusBerry|Intimidate|FlareBlitz,DarkestLariat,FakeOut,PartingShot|Careful||M|||50|
|
|t:|1783941049
|teamsize|p1|4
|teamsize|p2|4
|start
|switch|p1a: Frieren|Sylveon, L50, F|100/100
|switch|p1b: Yggdrasil|Venusaur, L50, F|100/100
|switch|p2a: Grimmsnarl|Grimmsnarl, L50, M|100/100
|switch|p2b: Altaria|Altaria, L50, M|100/100
|-ability|p2b: Altaria|Cloud Nine
|turn|1
|
|t:|1783941074
|detailschange|p1b: Yggdrasil|Venusaur-Mega, L50, F
|-mega|p1b: Yggdrasil|Venusaur|Venusaurite
|move|p2a: Grimmsnarl|Light Screen|p2a: Grimmsnarl
|-sidestart|p2: marin le paon|move: Light Screen
|move|p2b: Altaria|Tailwind|p2b: Altaria
|-sidestart|p2: marin le paon|move: Tailwind
|move|p1b: Yggdrasil|Sludge Bomb|p2a: Grimmsnarl
|-supereffective|p2a: Grimmsnarl|1
|-damage|p2a: Grimmsnarl|42/100
|move|p1a: Frieren|Hyper Voice|p2a: Grimmsnarl|[spread] p2a,p2b
|-supereffective|p2a: Grimmsnarl|1
|-supereffective|p2b: Altaria|1
|-enditem|p2b: Altaria|Roseli Berry|[eat]
|-enditem|p2b: Altaria|Roseli Berry|[weaken]
|-damage|p2a: Grimmsnarl|0 fnt
|-damage|p2b: Altaria|74/100
|faint|p2a: Grimmsnarl
|
|upkeep
|
|t:|1783941090
|switch|p2a: Venusaur|Venusaur, L50, M|100/100
|turn|2
|
|t:|1783941115
|switch|p2b: Milotic|Milotic, L50, M|100/100
|switch|p1a: Wolverine|Incineroar, L50, F|100/100
|-ability|p1a: Wolverine|Intimidate|boost
|-unboost|p2a: Venusaur|atk|1
|-unboost|p2b: Milotic|atk|1
|-ability|p2b: Milotic|Competitive|boost
|-boost|p2b: Milotic|spa|2
|detailschange|p2a: Venusaur|Venusaur-Mega, L50, M
|-mega|p2a: Venusaur|Venusaur|Venusaurite
|move|p1b: Yggdrasil|Protect|p1b: Yggdrasil
|-singleturn|p1b: Yggdrasil|Protect
|move|p2a: Venusaur|Sludge Bomb|p1a: Wolverine
|-damage|p1a: Wolverine|58/100
|
|upkeep
|turn|3
|
|t:|1783941145
|move|p2b: Milotic|Protect|p2b: Milotic
|-singleturn|p2b: Milotic|Protect
|move|p2a: Venusaur|Sludge Bomb|p1a: Wolverine
|-damage|p1a: Wolverine|21/100
|move|p1b: Yggdrasil|Earth Power|p2a: Venusaur
|-damage|p2a: Venusaur|82/100
|move|p1a: Wolverine|Temper Flare|p2a: Venusaur
|-supereffective|p2a: Venusaur|1
|-crit|p2a: Venusaur
|-damage|p2a: Venusaur|34/100
|
|upkeep
|turn|4
|
|t:|1783941174
|move|p2b: Milotic|Hypnosis|p1b: Yggdrasil
|-status|p1b: Yggdrasil|slp|[from] move: Hypnosis
|move|p2a: Venusaur|Earth Power|p1a: Wolverine
|-supereffective|p1a: Wolverine|1
|-damage|p1a: Wolverine|0 fnt
|faint|p1a: Wolverine
|cant|p1b: Yggdrasil|slp
|
|-sideend|p2: marin le paon|move: Tailwind
|upkeep
|
|t:|1783941188
|switch|p1a: Frieren|Sylveon, L50, F|100/100
|turn|5
|
|t:|1783941206
|move|p1a: Frieren|Detect|p1a: Frieren
|-singleturn|p1a: Frieren|Protect
|cant|p1b: Yggdrasil|slp
|move|p2b: Milotic|Coil|p2b: Milotic
|-boost|p2b: Milotic|atk|1
|-boost|p2b: Milotic|def|1
|-boost|p2b: Milotic|accuracy|1
|move|p2a: Venusaur|Sludge Bomb|p1a: Frieren
|-activate|p1a: Frieren|move: Protect
|
|upkeep
|turn|6
|
|t:|1783941232
|-curestatus|p1b: Yggdrasil|slp|[msg]
|move|p1b: Yggdrasil|Earth Power|p2a: Venusaur
|-damage|p2a: Venusaur|17/100
|move|p2b: Milotic|Muddy Water|p1b: Yggdrasil|[spread] p1a,p1b
|-resisted|p1b: Yggdrasil|1
|-damage|p1a: Frieren|62/100
|-damage|p1b: Yggdrasil|80/100
|move|p2a: Venusaur|Sludge Bomb|p1a: Frieren
|-supereffective|p1a: Frieren|1
|-damage|p1a: Frieren|0 fnt
|faint|p1a: Frieren
|
|upkeep
|
|t:|1783941245
|switch|p1a: HydroVolt|Rotom-Wash, L50|100/100
|turn|7
|
|t:|1783941265
|switch|p2a: Altaria|Altaria, L50, M|74/100
|-ability|p2a: Altaria|Cloud Nine
|move|p1b: Yggdrasil|Giga Drain|p2b: Milotic
|-supereffective|p2b: Milotic|1
|-damage|p2b: Milotic|62/100
|-heal|p1b: Yggdrasil|100/100|[from] drain|[of] p2b: Milotic
|move|p1a: HydroVolt|Volt Switch|p2a: Altaria
|-damage|p2a: Altaria|53/100
|move|p2b: Milotic|Hypnosis|p1b: Yggdrasil
|-status|p1b: Yggdrasil|slp|[from] move: Hypnosis
|
|-heal|p2b: Milotic|68/100|[from] item: Leftovers
|upkeep
|turn|8
|
|t:|1783941294
|move|p2a: Altaria|Tailwind|p2a: Altaria
|-sidestart|p2: marin le paon|move: Tailwind
|move|p2b: Milotic|Hypnosis|p1a: HydroVolt|[miss]
|-miss|p2b: Milotic|p1a: HydroVolt
|cant|p1b: Yggdrasil|slp
|move|p1a: HydroVolt|Volt Switch|p2a: Altaria
|-damage|p2a: Altaria|34/100
|
|-heal|p2b: Milotic|75/100|[from] item: Leftovers
|-sideend|p2: marin le paon|move: Light Screen
|upkeep
|turn|9
|
|t:|1783941308
|move|p2a: Altaria|Dragon Pulse|p1a: HydroVolt
|-damage|p1a: HydroVolt|78/100
|move|p2b: Milotic|Muddy Water|p1a: HydroVolt|[spread] p1a,p1b
|-resisted|p1a: HydroVolt|1
|-resisted|p1b: Yggdrasil|1
|-damage|p1a: HydroVolt|50/100g
|-damage|p1b: Yggdrasil|80/100 slp
|-unboost|p1a: HydroVolt|accuracy|1
|-curestatus|p1b: Yggdrasil|slp|[msg]
|move|p1b: Yggdrasil|Giga Drain|p2b: Milotic
|-supereffective|p2b: Milotic|1
|-damage|p2b: Milotic|18/100
|-heal|p1b: Yggdrasil|100/100|[from] drain|[of] p2b: Milotic
|move|p1a: HydroVolt|Volt Switch|p2b: Milotic
|-supereffective|p2b: Milotic|1
|-damage|p2b: Milotic|0 fnt
|faint|p2b: Milotic
|
|upkeep
|
|t:|1783941320
|switch|p2b: Venusaur|Venusaur-Mega, L50, M|17/100
|turn|10
|-message|marin le paon forfeited.
|raw|x-demon18's rating: 1286 → 1303(+17 for winning)
|raw|marin le paon's rating: 1177 → 1160(-17 for losing)
|
|win|x-demon18
