|j|☆dabby-lite
|j|☆FrancoilCieco777
|html|dabby-liteFrancoilCieco777    
|uhtml|bestof|Game 2 of a best-of-3
|t:|1756227988
|gametype|doubles
|player|p1|dabby-lite|drayden|1170
|player|p2|FrancoilCieco777|baker|1052
|gen|9
|tier|[Gen 9] VGC 2025 Reg H (Bo3)
|rated|
|rule|Species Clause: Limit one of each Pokémon
|rule|Item Clause: Limit 1 of each item
|clearpoke
|poke|p1|Basculegion-F, L50, F|
|poke|p1|Politoed, L50, M|
|poke|p1|Gothitelle, L50, M|
|poke|p1|Incineroar, L50, F|
|poke|p1|Amoonguss, L50, F|
|poke|p1|Archaludon, L50, M|
|poke|p2|Arcanine, L50, M|
|poke|p2|Haxorus, L50, M|
|poke|p2|Sneasler, L50, F|
|poke|p2|Samurott-Hisui, L50, F|
|poke|p2|Gholdengo, L50|
|poke|p2|Amoonguss, L50, M|
|teampreview|4
|showteam|p1|Basculegion-F||LifeOrb|SwiftSwim|Protect,MuddyWater,ShadowBall,IceBeam|||F|||50|,,,,,Stellar]Politoed||Leftovers|Drizzle|Protect,WeatherBall,Encore,PerishSong|||M|||50|,,,,,Grass]Gothitelle||SitrusBerry|ShadowTag|Protect,Psychic,TrickRoom,FakeOut|||M|||50|,,,,,Dark]Incineroar||SafetyGoggles|Intimidate|Protect,KnockOff,PartingShot,FakeOut|||F|||50|,,,,,Ghost]Amoonguss||EjectButton|Regenerator|Protect,PollenPuff,RagePowder,Spore|||F|||50|,,,,,Fairy]Archaludon||PowerHerb|Sturdy|Protect,ElectroShot,FlashCannon,DragonPulse|||M|||50|,,,,,Electric
|showteam|p2|Arcanine||MirrorHerb|Intimidate|ExtremeSpeed,FlareBlitz,Protect,WillOWisp|||M|||50|,,,,,Normal]Haxorus||ClearAmulet|MoldBreaker|DragonClaw,FirstImpression,IronHead,Protect|||M|||50|,,,,,Steel]Sneasler||FocusSash|Pressure|FakeOut,CloseCombat,DireClaw,Coaching|||F|||50|,,,,,Ghost]Samurott-Hisui||AssaultVest|Sharpness|AquaCutter,SacredSword,NightSlash,SuckerPunch|||F|||50|,,,,,Ghost]Gholdengo||ChoiceScarf|GoodasGold|MakeItRain,ShadowBall,Trick,Protect||||||50|,,,,,Steel]Amoonguss||CovertCloak|Regenerator|Spore,RagePowder,ClearSmog,Protect|||M|||50|,,,,,Electric
|inactive|Battle timer is ON: inactive players will automatically lose when time's up. (requested by FrancoilCieco777)
|inactive|dabby-lite also wants the timer to be on.
|
|t:|1756228014
|teamsize|p1|4
|teamsize|p2|4
|start
|switch|p1a: Basculegion|Basculegion-F, L50, F|100/100
|switch|p1b: Amoonguss|Amoonguss, L50, F|100/100
|switch|p2a: Samurott|Samurott-Hisui, L50, F|100/100
|switch|p2b: Amoonguss|Amoonguss, L50, M|100/100
|turn|1
|
|t:|1756228033
|switch|p2a: Gholdengo|Gholdengo, L50|100/100
|move|p1b: Amoonguss|Rage Powder|p1b: Amoonguss
|-singleturn|p1b: Amoonguss|move: Rage Powder
|move|p1a: Basculegion|Ice Beam|p2b: Amoonguss
|-supereffective|p2b: Amoonguss
|-crit|p2b: Amoonguss
|-damage|p2b: Amoonguss|9/100
|-damage|p1a: Basculegion|91/100|[from] item: Life Orb
|move|p2b: Amoonguss|Spore|p1a: Basculegion
|-status|p1a: Basculegion|slp|[from] move: Spore
|
|upkeep
|turn|2
|
|t:|1756228052
|switch|p2b: Samurott|Samurott-Hisui, L50, F|100/100
|move|p2a: Gholdengo|Shadow Ball|p1a: Basculegion
|-supereffective|p1a: Basculegion
|-damage|p1a: Basculegion|0 fnt
|faint|p1a: Basculegion
|move|p1b: Amoonguss|Pollen Puff|p2b: Samurott
|-supereffective|p2b: Samurott
|-damage|p2b: Samurott|68/100
|
|upkeep
|
|t:|1756228056
|switch|p1a: Archaludon|Archaludon, L50, M|100/100
|turn|3
|
|t:|1756228070
|switch|p2b: Amoonguss|Amoonguss, L50, M|42/100
|move|p2a: Gholdengo|Shadow Ball|p1a: Archaludon
|-damage|p1a: Archaludon|35/100
|-unboost|p1a: Archaludon|spd|1
|move|p1a: Archaludon|Electro Shot||[still]
|-prepare|p1a: Archaludon|Electro Shot
|-boost|p1a: Archaludon|spa|1
|-enditem|p1a: Archaludon|Power Herb
|-anim|p1a: Archaludon|Electro Shot|p2b: Amoonguss
|-resisted|p2b: Amoonguss
|-damage|p2b: Amoonguss|15/100
|move|p1b: Amoonguss|Pollen Puff|p1a: Archaludon
|-heal|p1a: Archaludon|85/100
|
|upkeep
|turn|4
|inactive|dabby-lite has 30 seconds left.
|inactive|dabby-lite has 20 seconds left.
|inactive|dabby-lite has 15 seconds left.
|
|t:|1756228113
|switch|p2b: Sneasler|Sneasler, L50, F|100/100
|-ability|p2b: Sneasler|Pressure
|move|p2a: Gholdengo|Shadow Ball|p1a: Archaludon
|-damage|p1a: Archaludon|0 fnt
|faint|p1a: Archaludon
|move|p1b: Amoonguss|Pollen Puff|p2b: Sneasler
|-resisted|p2b: Sneasler
|-damage|p2b: Sneasler|95/100
|
|upkeep
|
|t:|1756228115
|switch|p1a: Incineroar|Incineroar, L50, F|100/100
|-ability|p1a: Incineroar|Intimidate|boost
|-unboost|p2a: Gholdengo|atk|1
|-unboost|p2b: Sneasler|atk|1
|turn|5
|
|t:|1756228132
|switch|p2a: Amoonguss|Amoonguss, L50, M|48/100
|-terastallize|p2b: Sneasler|Ghost
|move|p1a: Incineroar|Fake Out|p2b: Sneasler
|-immune|p2b: Sneasler
|move|p2b: Sneasler|Close Combat|p1a: Incineroar
|-supereffective|p1a: Incineroar
|-damage|p1a: Incineroar|19/100
|-unboost|p2b: Sneasler|def|1
|-unboost|p2b: Sneasler|spd|1
|move|p1b: Amoonguss|Spore|p2b: Sneasler
|-status|p2b: Sneasler|slp|[from] move: Spore
|
|upkeep
|turn|6
|
|t:|1756228150
|cant|p2b: Sneasler|slp
|move|p1a: Incineroar|Knock Off|p2a: Amoonguss
|-damage|p2a: Amoonguss|14/100
|-enditem|p2a: Amoonguss|Covert Cloak|[from] move: Knock Off|[of] p1a: Incineroar
|move|p2a: Amoonguss|Clear Smog|p1a: Incineroar
|-damage|p1a: Incineroar|8/100
|-clearboost|p1a: Incineroar
|move|p1b: Amoonguss|Pollen Puff|p1a: Incineroar
|-heal|p1a: Incineroar|58/100
|
|upkeep
|turn|7
|
|t:|1756228163
|move|p2a: Amoonguss|Rage Powder|p2a: Amoonguss
|-singleturn|p2a: Amoonguss|move: Rage Powder
|-curestatus|p2b: Sneasler|slp|[msg]
|move|p2b: Sneasler|Close Combat|p1a: Incineroar
|-supereffective|p1a: Incineroar
|-damage|p1a: Incineroar|0 fnt
|-unboost|p2b: Sneasler|def|1
|-unboost|p2b: Sneasler|spd|1
|faint|p1a: Incineroar
|move|p1b: Amoonguss|Pollen Puff|p2a: Amoonguss
|-damage|p2a: Amoonguss|0 fnt
|faint|p2a: Amoonguss
|
|upkeep
|
|t:|1756228174
|switch|p2a: Gholdengo|Gholdengo, L50|100/100
|turn|8
|
|t:|1756228179
|move|p2a: Gholdengo|Make It Rain|p1b: Amoonguss
|-damage|p1b: Amoonguss|48/100
|-unboost|p2a: Gholdengo|spa|1
|move|p2b: Sneasler|Dire Claw|p1b: Amoonguss
|-damage|p1b: Amoonguss|26/100
|-status|p1b: Amoonguss|slp
|cant|p1b: Amoonguss|slp
|
|upkeep
|turn|9
|
|t:|1756228190
|cant|p1b: Amoonguss|slp
|move|p2a: Gholdengo|Make It Rain|p1b: Amoonguss
|-damage|p1b: Amoonguss|0 fnt
|-unboost|p2a: Gholdengo|spa|1
|faint|p1b: Amoonguss
|
|win|FrancoilCieco777
