|j|Ōśåkuoli00021
|j|Ōśåfly butterfly fly
|html|kuoli00021fly butterfly fly    
|uhtml|bestof|Game 2 of a best-of-3
|t:|1785599099
|gametype|doubles
|player|p1|kuoli00021|170|1118
|player|p2|fly butterfly fly|265|1198
|gen|9
|tier|[Gen 9 Champions] VGC 2026 Reg M-B (Bo3)
|rated|
|rule|Species Clause: Limit one of each Pok├®mon
|rule|Item Clause: Limit 1 of each item
|clearpoke
|poke|p1|Raichu, L50, M|
|poke|p1|Milotic, L50, F|
|poke|p1|Ceruledge, L50, F|
|poke|p1|Incineroar, L50, M|
|poke|p1|Gengar, L50, F|
|poke|p1|Ninetales-Alola, L50, M|
|poke|p2|Kangaskhan, L50, F|
|poke|p2|Farigiraf, L50, F|
|poke|p2|Torkoal, L50, F|
|poke|p2|Venusaur, L50, F|
|poke|p2|Kommo-o, L50, F|
|poke|p2|Pyroar, L50, F|
|teampreview|4
|showteam|p1|Raichu||RaichuniteY|LightningRod|ZapCannon,FocusBlast,FakeOut,Protect|Timid||M|||50|]Milotic||Leftovers|Competitive|MuddyWater,Hypnosis,Coil,Recover|Calm||F|||50|]Ceruledge||ColburBerry|FlashFire|BitterBlade,ShadowSneak,BulkUp,Protect|Adamant||F|||50|]Incineroar||SitrusBerry|Intimidate|FlareBlitz,FakeOut,PartingShot,Protect|Sassy||M|||50|]Gengar||Gengarite|CursedBody|ShadowBall,PerishSong,Disable,Protect|Modest||F|||50|]Ninetales-Alola||NeverMeltIce|SnowWarning|Blizzard,FreezeDry,Encore,Protect|Timid||M|||50|
|showteam|p2|Kangaskhan||SilkScarf|Scrappy|FakeOut,LastResort|Adamant||F|||50|]Farigiraf||ColburBerry|ArmorTail|Psychic,Thunderbolt,HelpingHand,TrickRoom|Bold||F|||50|]Torkoal||Charcoal|Drought|Eruption,WeatherBall,HelpingHand,Protect|Quiet||F|||50|]Venusaur||LifeOrb|Chlorophyll|SolarBeam,SludgeBomb,EarthPower,Protect|Modest||F|||50|]Kommo-o||HabanBerry|Overcoat|ClangingScales,AuraSphere,ClangorousSoul,Protect|Modest||F|||50|]Pyroar||Pyroarite|Unnerve|HeatWave,Overheat,ScorchingSands,Protect|Timid||F|||50|
|inactive|Battle timer is ON: inactive players will automatically lose when time's up. (requested by kuoli00021)
|inactive|fly butterfly fly has 60 seconds left.
|
|t:|1785599146
|teamsize|p1|4
|teamsize|p2|4
|start
|switch|p1a: Gengar|Gengar, L50, F|100/100
|switch|p1b: Incineroar|Incineroar, L50, M|100/100
|switch|p2a: Kangaskhan|Kangaskhan, L50, F|100/100
|switch|p2b: Farigiraf|Farigiraf, L50, F|100/100
|-ability|p1b: Incineroar|Intimidate|boost
|-fail|p2a: Kangaskhan|unboost|Attack|[from] ability: Scrappy|[of] p2a: Kangaskhan
|-unboost|p2b: Farigiraf|atk|1
|turn|1
|inactive|kuoli00021 has 30 seconds left.
|
|t:|1785599175
|detailschange|p1a: Gengar|Gengar-Mega, L50, F
|-mega|p1a: Gengar|Gengar|Gengarite
|move|p2a: Kangaskhan|Fake Out|p1b: Incineroar
|-damage|p1b: Incineroar|80/100
|move|p1a: Gengar|Perish Song|p1a: Gengar
|-start|p1a: Gengar|perish3|[silent]
|-start|p1b: Incineroar|perish3|[silent]
|-start|p2a: Kangaskhan|perish3|[silent]
|-start|p2b: Farigiraf|perish3|[silent]
|-fieldactivate|move: Perish Song
|cant|p1b: Incineroar|flinch
|move|p2b: Farigiraf|Trick Room|p2b: Farigiraf
|-fieldstart|move: Trick Room|[of] p2b: Farigiraf
|
|-start|p1b: Incineroar|perish3
|-start|p2b: Farigiraf|perish3
|-start|p2a: Kangaskhan|perish3
|-start|p1a: Gengar|perish3
|upkeep
|turn|2
|inactive|fly butterfly fly has 30 seconds left.
|inactive|fly butterfly fly has 20 seconds left.
|inactive|fly butterfly fly has 15 seconds left.
|
|t:|1785599219
|move|p1b: Incineroar|Protect|p1b: Incineroar
|-singleturn|p1b: Incineroar|Protect
|move|p1a: Gengar|Protect|p1a: Gengar
|-singleturn|p1a: Gengar|Protect
|move|p2b: Farigiraf|Thunderbolt|p1b: Incineroar
|-activate|p1b: Incineroar|move: Protect
|move|p2a: Kangaskhan|Last Resort|p1b: Incineroar
|-activate|p1b: Incineroar|move: Protect
|
|-start|p1b: Incineroar|perish2
|-start|p2b: Farigiraf|perish2
|-start|p2a: Kangaskhan|perish2
|-start|p1a: Gengar|perish2
|upkeep
|turn|3
|inactive|fly butterfly fly has 30 seconds left.
|inactive|fly butterfly fly has 20 seconds left.
|inactive|fly butterfly fly has 15 seconds left.
|inactive|fly butterfly fly has 10 seconds left.
|
|t:|1785599265
|switch|p1a: Milotic|Milotic, L50, F|100/100
|move|p1b: Incineroar|Parting Shot|p1a: Milotic
|-unboost|p1a: Milotic|atk|1
|-unboost|p1a: Milotic|spa|1
|
|t:|1785599277
|switch|p1b: Gengar|Gengar-Mega, L50, F|100/100|[from] Parting Shot
|move|p2b: Farigiraf|Psychic|p1b: Gengar
|-supereffective|p1b: Gengar|1
|-damage|p1b: Gengar|24/100
|move|p2a: Kangaskhan|Last Resort|p1b: Gengar
|-damage|p1b: Gengar|0 fnt
|faint|p1b: Gengar
|
|-start|p2b: Farigiraf|perish1
|-start|p2a: Kangaskhan|perish1
|upkeep
|
|t:|1785599289
|switch|p1b: Ceruledge|Ceruledge, L50, F|100/100
|turn|4
|inactive|fly butterfly fly has 30 seconds left.
|inactive|fly butterfly fly has 20 seconds left.
|inactive|fly butterfly fly has 15 seconds left.
|inactive|fly butterfly fly has 10 seconds left.
|
|t:|1785599336
|switch|p2b: Torkoal|Torkoal, L50, F|100/100
|-weather|SunnyDay|[from] ability: Drought|[of] p2b: Torkoal
|move|p1b: Ceruledge|Bulk Up|p1b: Ceruledge
|-boost|p1b: Ceruledge|atk|1
|-boost|p1b: Ceruledge|def|1
|move|p1a: Milotic|Coil|p1a: Milotic
|-boost|p1a: Milotic|atk|1
|-boost|p1a: Milotic|def|1
|-boost|p1a: Milotic|accuracy|1
|move|p2a: Kangaskhan|Last Resort|p1a: Milotic
|-damage|p1a: Milotic|57/100
|
|-weather|SunnyDay|[upkeep]
|-heal|p1a: Milotic|63/100|[from] item: Leftovers
|-start|p2a: Kangaskhan|perish0
|faint|p2a: Kangaskhan
|upkeep
|
|t:|1785599341
|switch|p2a: Venusaur|Venusaur, L50, F|100/100
|turn|5
|
|t:|1785599356
|move|p2b: Torkoal|Helping Hand|p2a: Venusaur
|-singleturn|p2a: Venusaur|Helping Hand|[of] p2b: Torkoal
|move|p1b: Ceruledge|Bulk Up|p1b: Ceruledge
|-boost|p1b: Ceruledge|atk|1
|-boost|p1b: Ceruledge|def|1
|move|p1a: Milotic|Hypnosis|p2a: Venusaur
|-status|p2a: Venusaur|slp|[from] move: Hypnosis
|cant|p2a: Venusaur|slp
|
|-weather|SunnyDay|[upkeep]
|-heal|p1a: Milotic|69/100|[from] item: Leftovers
|-fieldend|move: Trick Room
|upkeep
|turn|6
|c|Ōśåkuoli00021|...
|c|Ōśåkuoli00021|u so fast
|c|Ōśåkuoli00021|bro
|inactive|kuoli00021 has 30 seconds left.
|inactive|fly butterfly fly has 30 seconds left.
|inactive|fly butterfly fly has 20 seconds left.
|inactive|kuoli00021 has 20 seconds left.
|inactive|fly butterfly fly has 15 seconds left.
|inactive|fly butterfly fly has 10 seconds left.
|
|t:|1785599406
|move|p2b: Torkoal|Helping Hand|p2a: Venusaur
|-singleturn|p2a: Venusaur|Helping Hand|[of] p2b: Torkoal
|cant|p2a: Venusaur|slp
|move|p1a: Milotic|Hypnosis|p2b: Torkoal
|-status|p2b: Torkoal|slp|[from] move: Hypnosis
|move|p1b: Ceruledge|Bitter Blade|p2a: Venusaur
|-supereffective|p2a: Venusaur|1
|-damage|p2a: Venusaur|0 fnt
|faint|p2a: Venusaur
|
|-weather|SunnyDay|[upkeep]
|-heal|p1a: Milotic|75/100|[from] item: Leftovers
|upkeep
|c|Ōśåfly butterfly fly|thought you'd coil again since i should protect
|
|t:|1785599421
|switch|p2a: Farigiraf|Farigiraf, L50, F|100/100
|turn|7
|
|t:|1785599434
|cant|p2b: Torkoal|slp
|move|p1a: Milotic|Hypnosis|p2a: Farigiraf
|-status|p2a: Farigiraf|slp|[from] move: Hypnosis
|move|p1b: Ceruledge|Bulk Up|p1b: Ceruledge
|-boost|p1b: Ceruledge|atk|1
|-boost|p1b: Ceruledge|def|1
|cant|p2a: Farigiraf|slp
|
|-weather|SunnyDay|[upkeep]
|-heal|p1a: Milotic|81/100|[from] item: Leftovers
|upkeep
|turn|8
|-message|fly butterfly fly forfeited.
|
|win|kuoli00021
|raw|kuoli00021's rating: 1118 → 1149(+31 for winning)
|raw|fly butterfly fly's rating: 1198 → 1167(-31 for losing)
