|j|☆predatorssg
|j|☆TheTrueTH
|html|predatorssgTheTrueTH    
|uhtml|bestof|Game 2 of a best-of-3
|t:|1785942015
|gametype|doubles
|player|p1|predatorssg|2|1201
|player|p2|TheTrueTH|riley|1116
|gen|9
|tier|[Gen 9 Champions] VGC 2026 Reg M-B (Bo3)
|rated|
|rule|Species Clause: Limit one of each Pokémon
|rule|Item Clause: Limit 1 of each item
|clearpoke
|poke|p1|Archaludon, L50, F|
|poke|p1|Pelipper, L50, M|
|poke|p1|Grimmsnarl, L50, M|
|poke|p1|Swampert, L50, F|
|poke|p1|Talonflame, L50, M|
|poke|p1|Floette-Eternal, L50, F|
|poke|p2|Tyranitar, L50, F|
|poke|p2|Excadrill, L50, M|
|poke|p2|Gholdengo, L50|
|poke|p2|Milotic, L50, M|
|poke|p2|Sinistcha-Masterpiece, L50|
|poke|p2|Staraptor, L50, M|
|teampreview|4
|showteam|p1|Archaludon||Leftovers|Stamina|ElectroShot,AuraSphere,FlashCannon,Protect|Modest||F|||50|]Pelipper||SitrusBerry|Drizzle|HelpingHand,WeatherBall,Hurricane,WideGuard|Modest||M|||50|]Grimmsnarl||LightClay|Prankster|PartingShot,SpiritBreak,Reflect,LightScreen|Calm||M|||50|]Swampert||Swampertite|Torrent|WaveCrash,Earthquake,IcePunch,Protect|Adamant||F|||50|]Talonflame||SharpBeak|GaleWings|Protect,Tailwind,RainDance,DualWingbeat|Jolly||M|||50|]Floette-Eternal||Floettite|FlowerVeil|DazzlingGleam,Moonblast,LightofRuin,Protect|Modest||F|||50|
|showteam|p2|Tyranitar||Tyranitarite|SandStream|RockSlide,KnockOff,LowKick,Protect|Jolly||F|||50|]Excadrill||FocusSash|SandRush|HighHorsepower,IronHead,RockSlide,Protect|Adamant||M|||50|]Gholdengo||LifeOrb|GoodasGold|ShadowBall,MakeItRain,NastyPlot,Protect|Modest|||||50|]Milotic||SitrusBerry|Competitive|Scald,IceBeam,IcyWind,Protect|Calm||M|||50|]Sinistcha-Masterpiece||ColburBerry|Hospitality|MatchaGotcha,ShadowBall,RagePowder,Protect|Bold|||||50|]Staraptor||Staraptite|Intimidate|BraveBird,CloseCombat,Tailwind,Protect|Jolly||M|||50|
|
|t:|1785942037
|teamsize|p1|4
|teamsize|p2|4
|start
|switch|p1a: Talonflame|Talonflame, L50, M|100/100
|switch|p1b: Swampert|Swampert, L50, F|100/100
|switch|p2a: Tyranitar|Tyranitar, L50, F|100/100
|switch|p2b: Excadrill|Excadrill, L50, M|100/100
|-weather|Sandstorm|[from] ability: Sand Stream|[of] p2a: Tyranitar
|turn|1
|
|t:|1785942065
|switch|p1a: Pelipper|Pelipper, L50, M|100/100
|-weather|RainDance|[from] ability: Drizzle|[of] p1a: Pelipper
|switch|p2a: Sinistcha|Sinistcha-Masterpiece, L50|100/100
|detailschange|p1b: Swampert|Swampert-Mega, L50, F
|-mega|p1b: Swampert|Swampert|Swampertite
|move|p1b: Swampert|Earthquake|p2b: Excadrill|[spread] p2a,p2b
|-immune|p1a: Pelipper
|-resisted|p2a: Sinistcha|1
|-supereffective|p2b: Excadrill|1
|-damage|p2a: Sinistcha|82/100
|-enditem|p2b: Excadrill|Focus Sash
|-damage|p2b: Excadrill|1/100
|move|p2b: Excadrill|Rock Slide|p1b: Swampert|[spread] p1a,p1b
|-supereffective|p1a: Pelipper|1
|-resisted|p1b: Swampert|1
|-damage|p1a: Pelipper|52/100
|-damage|p1b: Swampert|90/100
|
|-weather|RainDance|[upkeep]
|upkeep
|turn|2
|
|t:|1785942084
|switch|p1a: Talonflame|Talonflame, L50, M|100/100
|move|p2b: Excadrill|Protect|p2b: Excadrill
|-singleturn|p2b: Excadrill|Protect
|move|p1b: Swampert|Earthquake|p2a: Sinistcha|[spread] p2a
|-activate|p2b: Excadrill|move: Protect
|-immune|p1a: Talonflame
|-resisted|p2a: Sinistcha|1
|-damage|p2a: Sinistcha|64/100
|move|p2a: Sinistcha|Matcha Gotcha|p1a: Talonflame|[spread] p1a,p1b
|-resisted|p1a: Talonflame|2
|-supereffective|p1b: Swampert|2
|-damage|p1a: Talonflame|91/100
|-heal|p2a: Sinistcha|68/100|[from] drain|[of] p1a: Talonflame
|-damage|p1b: Swampert|8/100
|-heal|p2a: Sinistcha|100/100|[from] drain|[of] p1b: Swampert
|
|-weather|RainDance|[upkeep]
|upkeep
|turn|3
|
|t:|1785942113
|move|p1b: Swampert|Protect|p1b: Swampert
|-singleturn|p1b: Swampert|Protect
|move|p1a: Talonflame|Tailwind|p1a: Talonflame
|-sidestart|p1: predatorssg|move: Tailwind
|move|p2b: Excadrill|Rock Slide|p1b: Swampert|[spread] p1a
|-activate|p1b: Swampert|move: Protect
|-supereffective|p1a: Talonflame|2
|-damage|p1a: Talonflame|0 fnt
|faint|p1a: Talonflame
|move|p2a: Sinistcha|Matcha Gotcha|p1b: Swampert
|-activate|p1b: Swampert|move: Protect
|
|-weather|RainDance|[upkeep]
|upkeep
|
|t:|1785942120
|switch|p1a: Archaludon|Archaludon, L50, F|100/100
|turn|4
|
|t:|1785942136
|switch|p1b: Pelipper|Pelipper, L50, M|52/100
|move|p1a: Archaludon|Flash Cannon|p2a: Sinistcha
|-damage|p2a: Sinistcha|58/100
|move|p2b: Excadrill|High Horsepower|p1a: Archaludon
|-supereffective|p1a: Archaludon|1
|-damage|p1a: Archaludon|25/100
|-ability|p1a: Archaludon|Stamina|boost
|-boost|p1a: Archaludon|def|1
|move|p2a: Sinistcha|Matcha Gotcha|p1a: Archaludon|[spread] p1a,p1b
|-resisted|p1a: Archaludon|2
|-damage|p1a: Archaludon|18/100
|-heal|p2a: Sinistcha|62/100|[from] drain|[of] p1a: Archaludon
|-damage|p1b: Pelipper|20/100y
|-heal|p2a: Sinistcha|77/100|[from] drain|[of] p1b: Pelipper
|-status|p1b: Pelipper|brn
|-ability|p1a: Archaludon|Stamina|boost
|-boost|p1a: Archaludon|def|1
|-enditem|p1b: Pelipper|Sitrus Berry|[eat]
|-heal|p1b: Pelipper|45/100 brn|[from] item: Sitrus Berry
|
|-weather|RainDance|[upkeep]
|-heal|p1a: Archaludon|25/100|[from] item: Leftovers
|-damage|p1b: Pelipper|39/100 brn|[from] brn
|upkeep
|turn|5
|
|t:|1785942160
|switch|p2a: Tyranitar|Tyranitar, L50, F|100/100
|-weather|Sandstorm|[from] ability: Sand Stream|[of] p2a: Tyranitar
|move|p1a: Archaludon|Protect|p1a: Archaludon
|-singleturn|p1a: Archaludon|Protect
|move|p2b: Excadrill|High Horsepower|p1a: Archaludon
|-activate|p1a: Archaludon|move: Protect
|move|p1b: Pelipper|Hurricane|p2a: Tyranitar
|-resisted|p2a: Tyranitar|1
|-damage|p2a: Tyranitar|86/100
|
|-weather|Sandstorm|[upkeep]
|-damage|p1b: Pelipper|33/100 brn|[from] Sandstorm
|-heal|p1a: Archaludon|31/100|[from] item: Leftovers
|-damage|p1b: Pelipper|27/100 brn|[from] brn
|upkeep
|turn|6
|
|t:|1785942170
|switch|p1b: Swampert|Swampert-Mega, L50, F|8/100
|move|p2b: Excadrill|Rock Slide|p1b: Swampert|[spread] p1a,p1b
|-resisted|p1a: Archaludon|1
|-resisted|p1b: Swampert|1
|-damage|p1a: Archaludon|27/100
|-damage|p1b: Swampert|0 fnt
|-ability|p1a: Archaludon|Stamina|boost
|-boost|p1a: Archaludon|def|1
|faint|p1b: Swampert
|move|p1a: Archaludon|Aura Sphere|p2a: Tyranitar
|-supereffective|p2a: Tyranitar|2
|-damage|p2a: Tyranitar|21/100
|move|p2a: Tyranitar|Low Kick|p1a: Archaludon
|-supereffective|p1a: Archaludon|1
|-damage|p1a: Archaludon|10/100
|-ability|p1a: Archaludon|Stamina|boost
|-boost|p1a: Archaludon|def|1
|
|-weather|Sandstorm|[upkeep]
|-heal|p1a: Archaludon|17/100|[from] item: Leftovers
|-sideend|p1: predatorssg|move: Tailwind
|upkeep
|
|t:|1785942173
|switch|p1b: Pelipper|Pelipper, L50, M|27/100 brn
|-weather|RainDance|[from] ability: Drizzle|[of] p1b: Pelipper
|turn|7
|
|t:|1785942190
|switch|p2a: Sinistcha|Sinistcha-Masterpiece, L50|77/100
|-heal|p2b: Excadrill|25/100|[from] ability: Hospitality|[of] p2a: Sinistcha
|move|p2b: Excadrill|Protect|p2b: Excadrill
|-singleturn|p2b: Excadrill|Protect
|move|p1a: Archaludon|Flash Cannon|p2b: Excadrill
|-activate|p2b: Excadrill|move: Protect
|move|p1b: Pelipper|Hurricane|p2a: Sinistcha
|-supereffective|p2a: Sinistcha|1
|-damage|p2a: Sinistcha|0 fnt
|faint|p2a: Sinistcha
|
|-weather|RainDance|[upkeep]
|-heal|p1a: Archaludon|23/100|[from] item: Leftovers
|-damage|p1b: Pelipper|21/100 brn|[from] brn
|upkeep
|
|t:|1785942201
|switch|p2a: Tyranitar|Tyranitar, L50, F|21/100
|-weather|Sandstorm|[from] ability: Sand Stream|[of] p2a: Tyranitar
|turn|8
|
|t:|1785942208
|move|p1a: Archaludon|Protect|p1a: Archaludon
|-singleturn|p1a: Archaludon|Protect
|move|p2b: Excadrill|Rock Slide|p1a: Archaludon|[spread] p1b
|-activate|p1a: Archaludon|move: Protect
|-supereffective|p1b: Pelipper|1
|-damage|p1b: Pelipper|0 fnt
|faint|p1b: Pelipper
|move|p2a: Tyranitar|Low Kick|p1a: Archaludon
|-activate|p1a: Archaludon|move: Protect
|
|-weather|Sandstorm|[upkeep]
|-heal|p1a: Archaludon|29/100|[from] item: Leftovers
|upkeep
|turn|9
|
|t:|1785942228
|move|p2b: Excadrill|High Horsepower|p1a: Archaludon
|-supereffective|p1a: Archaludon|1
|-damage|p1a: Archaludon|1/100
|-ability|p1a: Archaludon|Stamina|boost
|-boost|p1a: Archaludon|def|1
|move|p2a: Tyranitar|Low Kick|p1a: Archaludon
|-supereffective|p1a: Archaludon|1
|-damage|p1a: Archaludon|0 fnt
|faint|p1a: Archaludon
|
|win|TheTrueTH
|raw|predatorssg's rating: 1201 → 1170(-31 for losing)
|raw|TheTrueTH's rating: 1116 → 1147(+31 for winning)
