|j|☆platinumflare
|j|☆jusemato
|html|platinumflarejusemato    
|uhtml|bestof|Game 1 of a best-of-3
|t:|1785351852
|gametype|doubles
|player|p1|platinumflare|lance|1256
|player|p2|jusemato|ingo|1346
|gen|9
|tier|[Gen 9 Champions] VGC 2026 Reg M-B (Bo3)
|rated|
|rule|Species Clause: Limit one of each Pokémon
|rule|Item Clause: Limit 1 of each item
|clearpoke
|poke|p1|Raichu, L50, M|
|poke|p1|Farigiraf, L50, M|
|poke|p1|Meowscarada, L50, F|
|poke|p1|Sneasler, L50, F|
|poke|p1|Talonflame, L50, F|
|poke|p1|Basculegion, L50, M|
|poke|p2|Kommo-o, L50, M|
|poke|p2|Metagross, L50, shiny|
|poke|p2|Basculegion, L50, M|
|poke|p2|Kingambit, L50, M|
|poke|p2|Sneasler, L50, M|
|poke|p2|Aerodactyl, L50, M|
|teampreview|4
|showteam|p1|Raichu||RaichuniteY|LightningRod|ZapCannon,FocusBlast,Protect,GrassKnot|Timid||M|||50|]Farigiraf||SitrusBerry|ArmorTail|Psychic,Roar,HyperVoice,Protect|Modest||M|||50|]Meowscarada||ChoiceScarf|Protean|FlowerTrick,ThroatChop,TripleAxel,Uturn|Jolly||F|||50|]Sneasler||WhiteHerb|Unburden|GunkShot,CloseCombat,Protect,FakeOut|Jolly||F|||50|]Talonflame||SharpBeak|GaleWings|Tailwind,DualWingbeat,Protect,FlareBlitz|Jolly||F|||50|]Basculegion||LifeOrb|Adaptability|WaveCrash,AquaJet,LastRespects,Protect|Adamant||M|||50|
|showteam|p2|Kommo-o||LifeOrb|Overcoat|ClangingScales,AuraSphere,VacuumWave,Protect|Modest||M|||50|]Metagross||Metagrossite|ClearBody|PsychicFangs,IronHead,BulletPunch,Protect|Jolly|||||50|]Basculegion||ChoiceScarf|Adaptability|WaveCrash,LastRespects,FlipTurn,AquaJet|Jolly||M|||50|]Kingambit||OccaBerry|Defiant|KowtowCleave,Protect,SuckerPunch,IronHead|Adamant||M|||50|]Sneasler||FocusSash|Unburden|CloseCombat,DireClaw,FakeOut,Coaching|Jolly||M|||50|]Aerodactyl||Aerodactylite|Unnerve|RockSlide,DualWingbeat,IceFang,Tailwind|Jolly||M|||50|
|c|☆jusemato|Glhf
|inactive|Battle timer is ON: inactive players will automatically lose when time's up. (requested by platinumflare)
|c|☆platinumflare|thanks
|inactive|platinumflare has 60 seconds left.
|inactive|jusemato has 60 seconds left.
|
|t:|1785351910
|teamsize|p1|4
|teamsize|p2|4
|start
|switch|p1a: Meowscarada|Meowscarada, L50, F|100/100
|switch|p1b: Raichu|Raichu, L50, M|100/100
|switch|p2a: Metagross|Metagross, L50, shiny|100/100
|switch|p2b: Sneasler|Sneasler, L50, M|100/100
|turn|1
|inactive|jusemato has 30 seconds left.
|inactive|jusemato has 20 seconds left.
|
|t:|1785351949
|switch|p1a: Farigiraf|Farigiraf, L50, M|100/100
|detailschange|p1b: Raichu|Raichu-Mega-Y, L50, M
|-mega|p1b: Raichu|Raichu|Raichunite Y
|detailschange|p2a: Metagross|Metagross-Mega, L50, shiny
|-mega|p2a: Metagross|Metagross|Metagrossite
|move|p2b: Sneasler|Close Combat|p1a: Farigiraf
|-damage|p1a: Farigiraf|31/100
|-unboost|p2b: Sneasler|def|1
|-unboost|p2b: Sneasler|spd|1
|-enditem|p1a: Farigiraf|Sitrus Berry|[eat]
|-heal|p1a: Farigiraf|55/100|[from] item: Sitrus Berry
|move|p1b: Raichu|Zap Cannon|p2a: Metagross
|-damage|p2a: Metagross|32/100
|-status|p2a: Metagross|par
|move|p2a: Metagross|Psychic Fangs|p1b: Raichu
|-damage|p1b: Raichu|7/100
|
|upkeep
|turn|2
|inactive|platinumflare has 30 seconds left.
|
|t:|1785351979
|move|p2b: Sneasler|Dire Claw|p1b: Raichu
|-damage|p1b: Raichu|0 fnt
|faint|p1b: Raichu
|cant|p2a: Metagross|par
|move|p1a: Farigiraf|Hyper Voice|p2a: Metagross|[spread] p2a,p2b
|-resisted|p2a: Metagross|1
|-damage|p2a: Metagross|16/100 par
|-damage|p2b: Sneasler|23/100
|
|upkeep
|
|t:|1785351996
|switch|p1b: Basculegion|Basculegion, L50, M|100/100
|turn|3
|
|t:|1785352015
|move|p1b: Basculegion|Aqua Jet|p2b: Sneasler
|-damage|p2b: Sneasler|0 fnt
|faint|p2b: Sneasler
|-damage|p1b: Basculegion|90/100|[from] item: Life Orb
|move|p2a: Metagross|Iron Head|p1a: Farigiraf
|-damage|p1a: Farigiraf|1/100
|move|p1a: Farigiraf|Hyper Voice|p2a: Metagross
|-resisted|p2a: Metagross|1
|-damage|p2a: Metagross|0 fnt
|faint|p2a: Metagross
|
|upkeep
|
|t:|1785352026
|switch|p2b: Kommo-o|Kommo-o, L50, M|100/100
|switch|p2a: Kingambit|Kingambit, L50, M|100/100
|turn|4
|
|t:|1785352043
|move|p2b: Kommo-o|Clanging Scales|p1b: Basculegion|[spread] p1a,p1b
|-damage|p1a: Farigiraf|0 fnt
|-damage|p1b: Basculegion|30/100
|faint|p1a: Farigiraf
|-unboost|p2b: Kommo-o|def|1
|-damage|p2b: Kommo-o|90/100|[from] item: Life Orb
|move|p1b: Basculegion|Wave Crash|p2a: Kingambit
|-damage|p2a: Kingambit|15/100
|-damage|p1b: Basculegion|2/100|[from] Recoil
|-damage|p1b: Basculegion|0 fnt|[from] item: Life Orb
|faint|p1b: Basculegion
|move|p2a: Kingambit|Kowtow Cleave|p1: Farigiraf|[notarget]
|-fail|p2a: Kingambit
|
|upkeep
|
|t:|1785352052
|switch|p1b: Meowscarada|Meowscarada, L50, F|100/100
|turn|5
|
|t:|1785352071
|move|p2b: Kommo-o|Vacuum Wave|p1b: Meowscarada
|-supereffective|p1b: Meowscarada|1
|-damage|p1b: Meowscarada|28/100
|-damage|p2b: Kommo-o|81/100|[from] item: Life Orb
|move|p1b: Meowscarada|Triple Axel|p2a: Kingambit
|-start|p1b: Meowscarada|typechange|Ice|[from] ability: Protean
|-resisted|p2a: Kingambit|1
|-damage|p2a: Kingambit|11/100
|-resisted|p2a: Kingambit|1
|-damage|p2a: Kingambit|4/100
|-resisted|p2a: Kingambit|1
|-damage|p2a: Kingambit|0 fnt
|faint|p2a: Kingambit
|-hitcount|p2: Kingambit|3
|
|upkeep
|turn|6
|
|t:|1785352076
|move|p2b: Kommo-o|Vacuum Wave|p1b: Meowscarada
|-supereffective|p1b: Meowscarada|1
|-damage|p1b: Meowscarada|0 fnt
|faint|p1b: Meowscarada
|-damage|p2b: Kommo-o|71/100|[from] item: Life Orb
|
|win|jusemato
||platinumflare is ready for game 2.
||jusemato is ready for game 2.
|uhtml|next|Next: Game 2 of 3
|j| tedidn
