|j|☆fly butterfly fly
|j|☆Bunny+X goaty
|html|fly butterfly flyBunny+X goaty    
|uhtml|bestof|Game 2 of a best-of-3
|t:|1785596840
|gametype|doubles
|player|p1|fly butterfly fly|265|1150
|player|p2|Bunny+X goaty|dawn|1148
|gen|9
|tier|[Gen 9 Champions] VGC 2026 Reg M-B (Bo3)
|rated|
|rule|Species Clause: Limit one of each Pokémon
|rule|Item Clause: Limit 1 of each item
|clearpoke
|poke|p1|Kangaskhan, L50, F|
|poke|p1|Farigiraf, L50, F|
|poke|p1|Torkoal, L50, F|
|poke|p1|Venusaur, L50, M|
|poke|p1|Kommo-o, L50, M|
|poke|p1|Pyroar, L50, F|
|poke|p2|Rotom-Wash, L50|
|poke|p2|Incineroar, L50, F|
|poke|p2|Garchomp, L50, M|
|poke|p2|Aerodactyl, L50, M|
|poke|p2|Kingambit, L50, M|
|poke|p2|Gengar, L50, F, shiny|
|teampreview|4
|showteam|p1|Kangaskhan||SilkScarf|Scrappy|FakeOut,LastResort|Adamant||F|||50|]Farigiraf||ColburBerry|ArmorTail|Psychic,Thunderbolt,HelpingHand,TrickRoom|Bold||F|||50|]Torkoal||Charcoal|Drought|Eruption,WeatherBall,HelpingHand,Protect|Quiet||F|||50|]Venusaur||LifeOrb|Chlorophyll|SolarBeam,SludgeBomb,EarthPower,Protect|Modest||M|||50|]Kommo-o||HabanBerry|Overcoat|ClangingScales,AuraSphere,ClangorousSoul,Protect|Modest||M|||50|]Pyroar||Pyroarite|Unnerve|HeatWave,Overheat,ScorchingSands,Protect|Timid||F|||50|
|showteam|p2|Rotom-Wash||Leftovers|Levitate|WillOWisp,LightScreen,HydroPump,Thunderbolt|Modest|||||50|]Incineroar||SitrusBerry|Intimidate|FakeOut,PartingShot,CloseCombat,FlareBlitz|Adamant||F|||50|]Garchomp||LifeOrb|RoughSkin|Earthquake,DragonClaw,Protect,SwordsDance|Jolly||M|||50|]Aerodactyl||Aerodactylite|RockHead|Tailwind,RockSlide,DualWingbeat,IceFang|Jolly||M|||50|]Kingambit||FocusSash|Defiant|SuckerPunch,IronHead,SwordsDance,Protect|Jolly||M|||50|]Gengar||Gengarite|CursedBody|SludgeBomb,ShadowBall,NastyPlot,Protect|Timid||F|||50|
|
|t:|1785596872
|teamsize|p1|4
|teamsize|p2|4
|start
|switch|p1a: Torkoal|Torkoal, L50, F|100/100
|switch|p1b: Venusaur|Venusaur, L50, M|100/100
|switch|p2a: Gengar|Gengar, L50, F, shiny|100/100
|switch|p2b: Rotom|Rotom-Wash, L50|100/100
|-weather|SunnyDay|[from] ability: Drought|[of] p1a: Torkoal
|turn|1
|
|t:|1785596902
|move|p1a: Torkoal|Helping Hand|p1b: Venusaur
|-singleturn|p1b: Venusaur|Helping Hand|[of] p1a: Torkoal
|move|p2a: Gengar|Protect|p2a: Gengar
|-singleturn|p2a: Gengar|Protect
|move|p1b: Venusaur|Earth Power|p2a: Gengar
|-activate|p2a: Gengar|move: Protect
|move|p2b: Rotom|Light Screen|p2b: Rotom
|-sidestart|p2: Bunny+X goaty|move: Light Screen
|
|-weather|SunnyDay|[upkeep]
|upkeep
|turn|2
|
|t:|1785596924
|switch|p2a: Garchomp|Garchomp, L50, M|100/100
|move|p1b: Venusaur|Earth Power|p2a: Garchomp
|-damage|p2a: Garchomp|71/100
|-damage|p1b: Venusaur|90/100|[from] item: Life Orb
|move|p2b: Rotom|Hydro Pump|p1a: Torkoal
|-supereffective|p1a: Torkoal|1
|-damage|p1a: Torkoal|42/100
|move|p1a: Torkoal|Weather Ball|p2a: Garchomp
|-resisted|p2a: Garchomp|1
|-damage|p2a: Garchomp|42/100
|
|-weather|SunnyDay|[upkeep]
|upkeep
|turn|3
|
|t:|1785596957
|move|p1a: Torkoal|Protect|p1a: Torkoal
|-singleturn|p1a: Torkoal|Protect
|move|p1b: Venusaur|Solar Beam||[still]
|-prepare|p1b: Venusaur|Solar Beam
|-anim|p1b: Venusaur|Solar Beam|p2a: Garchomp
|-damage|p2a: Garchomp|0 fnt
|faint|p2a: Garchomp
|-damage|p1b: Venusaur|80/100|[from] item: Life Orb
|move|p2b: Rotom|Will-O-Wisp|p1b: Venusaur
|-status|p1b: Venusaur|brn
|
|-weather|SunnyDay|[upkeep]
|-damage|p1b: Venusaur|75/100 brn|[from] brn
|upkeep
|
|t:|1785596968
|switch|p2a: Incineroar|Incineroar, L50, F|100/100
|-ability|p2a: Incineroar|Intimidate|boost
|-unboost|p1a: Torkoal|atk|1
|-unboost|p1b: Venusaur|atk|1
|turn|4
|
|t:|1785596994
|switch|p1a: Farigiraf|Farigiraf, L50, F|100/100
|move|p1b: Venusaur|Protect|p1b: Venusaur
|-singleturn|p1b: Venusaur|Protect
|move|p2a: Incineroar|Fake Out||[still]
|cant|p1a: Farigiraf|ability: Armor Tail|Fake Out|[of] p2a: Incineroar
|move|p2b: Rotom|Hydro Pump|p1a: Farigiraf
|-damage|p1a: Farigiraf|76/100
|
|-weather|SunnyDay|[upkeep]
|-damage|p1b: Venusaur|69/100 brn|[from] brn
|upkeep
|turn|5
|
|t:|1785597051
|switch|p1b: Kommo-o|Kommo-o, L50, M|100/100
|move|p2b: Rotom|Thunderbolt|p1a: Farigiraf
|-damage|p1a: Farigiraf|38/100
|move|p2a: Incineroar|Flare Blitz|p1b: Kommo-o
|-resisted|p1b: Kommo-o|1
|-damage|p1b: Kommo-o|62/100
|-damage|p2a: Incineroar|90/100|[from] Recoil
|move|p1a: Farigiraf|Psychic|p2b: Rotom
|-damage|p2b: Rotom|77/100
|
|-weather|none
|-heal|p2b: Rotom|83/100|[from] item: Leftovers
|-sideend|p2: Bunny+X goaty|move: Light Screen
|upkeep
|turn|6
|inactive|Battle timer is ON: inactive players will automatically lose when time's up. (requested by Bunny+X goaty)
|
|t:|1785597089
|move|p1a: Farigiraf|Helping Hand|p1b: Kommo-o
|-singleturn|p1b: Kommo-o|Helping Hand|[of] p1a: Farigiraf
|move|p1b: Kommo-o|Aura Sphere|p2a: Incineroar
|-supereffective|p2a: Incineroar|1
|-damage|p2a: Incineroar|2/100
|-enditem|p2a: Incineroar|Sitrus Berry|[eat]
|-heal|p2a: Incineroar|27/100|[from] item: Sitrus Berry
|move|p2b: Rotom|Light Screen|p2b: Rotom
|-sidestart|p2: Bunny+X goaty|move: Light Screen
|move|p2a: Incineroar|Flare Blitz|p1a: Farigiraf
|-damage|p1a: Farigiraf|0 fnt
|faint|p1a: Farigiraf
|-damage|p2a: Incineroar|13/100|[from] Recoil
|
|-heal|p2b: Rotom|89/100|[from] item: Leftovers
|upkeep
|inactive|fly butterfly fly has 30 seconds left.
|
|t:|1785597116
|switch|p1a: Venusaur|Venusaur, L50, M|69/100 brn
|turn|7
|inactive|fly butterfly fly has 30 seconds left.
|
|t:|1785597143
|switch|p1a: Torkoal|Torkoal, L50, F|42/100
|-weather|SunnyDay|[from] ability: Drought|[of] p1a: Torkoal
|move|p1b: Kommo-o|Aura Sphere|p2a: Incineroar
|-supereffective|p2a: Incineroar|1
|-damage|p2a: Incineroar|0 fnt
|faint|p2a: Incineroar
|move|p2b: Rotom|Will-O-Wisp|p1b: Kommo-o
|-status|p1b: Kommo-o|brn
|
|-weather|SunnyDay|[upkeep]
|-heal|p2b: Rotom|94/100|[from] item: Leftovers
|-damage|p1b: Kommo-o|56/100 brn|[from] brn
|upkeep
|
|t:|1785597156
|switch|p2a: Gengar|Gengar, L50, F, shiny|100/100
|turn|8
|
|t:|1785597179
|detailschange|p2a: Gengar|Gengar-Mega, L50, F, shiny
|-mega|p2a: Gengar|Gengar|Gengarite
|move|p1a: Torkoal|Protect|p1a: Torkoal
|-singleturn|p1a: Torkoal|Protect
|move|p2a: Gengar|Sludge Bomb|p1b: Kommo-o
|-damage|p1b: Kommo-o|1/100 brn
|move|p1b: Kommo-o|Clanging Scales|p2b: Rotom|[spread] p2a,p2b
|-damage|p2a: Gengar|68/100
|-damage|p2b: Rotom|70/100
|-unboost|p1b: Kommo-o|def|1
|move|p2b: Rotom|Hydro Pump|p1a: Torkoal
|-activate|p1a: Torkoal|move: Protect
|
|-weather|SunnyDay|[upkeep]
|-heal|p2b: Rotom|75/100|[from] item: Leftovers
|-damage|p1b: Kommo-o|0 fnt|[from] brn
|faint|p1b: Kommo-o
|upkeep
|
|t:|1785597194
|switch|p1b: Venusaur|Venusaur, L50, M|69/100 brn
|turn|9
|inactive|fly butterfly fly has 30 seconds left.
|inactive|fly butterfly fly has 20 seconds left.
|inactive|fly butterfly fly has 15 seconds left.
|
|t:|1785597235
|move|p1a: Torkoal|Helping Hand|p1b: Venusaur
|-singleturn|p1b: Venusaur|Helping Hand|[of] p1a: Torkoal
|move|p1b: Venusaur|Earth Power|p2a: Gengar
|-supereffective|p2a: Gengar|1
|-damage|p2a: Gengar|0 fnt
|faint|p2a: Gengar
|-damage|p1b: Venusaur|59/100 brn|[from] item: Life Orb
|move|p2b: Rotom|Hydro Pump|p1a: Torkoal|[miss]
|-miss|p2b: Rotom|p1a: Torkoal
|
|-weather|SunnyDay|[upkeep]
|-heal|p2b: Rotom|81/100|[from] item: Leftovers
|-damage|p1b: Venusaur|54/100 brn|[from] brn
|upkeep
|turn|10
|
|t:|1785597249
|move|p1a: Torkoal|Helping Hand|p1b: Venusaur
|-singleturn|p1b: Venusaur|Helping Hand|[of] p1a: Torkoal
|move|p1b: Venusaur|Solar Beam||[still]
|-prepare|p1b: Venusaur|Solar Beam
|-anim|p1b: Venusaur|Solar Beam|p2b: Rotom
|-supereffective|p2b: Rotom|1
|-damage|p2b: Rotom|0 fnt
|faint|p2b: Rotom
|-damage|p1b: Venusaur|44/100 brn|[from] item: Life Orb
|
|win|fly butterfly fly
|raw|fly butterfly fly's rating: 1150 → 1175(+25 for winning)
|raw|Bunny+X goaty's rating: 1148 → 1123(-25 for losing)
