|j|☆FreezyPop439
|j|☆failandimprove3
|html|FreezyPop439failandimprove3    
|uhtml|bestof|Game 2 of a best-of-3
|t:|1784024734
|gametype|doubles
|player|p1|FreezyPop439|collector|1358
|player|p2|failandimprove3|2|1442
|gen|9
|tier|[Gen 9 Champions] VGC 2026 Reg M-B (Bo3)
|rated|
|rule|Species Clause: Limit one of each Pokémon
|rule|Item Clause: Limit 1 of each item
|clearpoke
|poke|p1|Raichu, L50, F|
|poke|p1|Gyarados, L50, M|
|poke|p1|Mamoswine, L50, F|
|poke|p1|Ceruledge, L50, M|
|poke|p1|Clefable, L50, M|
|poke|p1|Kingambit, L50, F|
|poke|p2|Charizard, L50, M|
|poke|p2|Floette-Eternal, L50, F|
|poke|p2|Garchomp, L50, F|
|poke|p2|Kingambit, L50, F|
|poke|p2|Basculegion, L50, M|
|poke|p2|Whimsicott, L50, F|
|teampreview|4
|showteam|p1|Raichu||RaichuniteY|LightningRod|ZapCannon,FocusBlast,FakeOut,Protect|Timid||F|||50|]Gyarados||Gyaradosite|Intimidate|Waterfall,PowerWhip,DragonDance,Protect|Adamant||M|||50|]Mamoswine||LifeOrb|Oblivious|HighHorsepower,IceShard,IcicleCrash,Protect|Jolly||F|||50|]Ceruledge||ColburBerry|FlashFire|BitterBlade,ShadowSneak,BulkUp,Protect|Adamant||M|||50|]Clefable||SitrusBerry|Unaware|Moonblast,FollowMe,HelpingHand,Protect|Bold||M|||50|]Kingambit||FocusSash|Defiant|IronHead,KowtowCleave,SuckerPunch,LowKick|Adamant||F|||50|
|showteam|p2|Charizard||CharizarditeY|Blaze|HeatWave,WeatherBall,SolarBeam,Protect|Modest||M|||50|]Floette-Eternal||Floettite|FlowerVeil|Moonblast,DazzlingGleam,LightofRuin,Protect|Timid||F|||50|]Garchomp||LifeOrb|RoughSkin|Earthquake,DragonClaw,RockSlide,Protect|Jolly||F|||50|]Kingambit||OccaBerry|Defiant|KowtowCleave,SuckerPunch,IronHead,LowKick|Adamant||F|||50|]Basculegion||MysticWater|Adaptability|WaveCrash,LastRespects,AquaJet,Protect|Adamant||M|||50|]Whimsicott||FocusSash|Prankster|Moonblast,Tailwind,Encore,Protect|Timid||F|||50|
|inactive|Battle timer is ON: inactive players will automatically lose when time's up. (requested by failandimprove3)
|inactive|FreezyPop439 has 60 seconds left.
|inactive|failandimprove3 has 60 seconds left.
|inactive|FreezyPop439 has 30 seconds left.
|inactive|failandimprove3 has 30 seconds left.
|inactive|FreezyPop439 has 20 seconds left.
|
|t:|1784024805
|teamsize|p1|4
|teamsize|p2|4
|start
|switch|p1a: Clefable|Clefable, L50, M|100/100
|switch|p1b: Ceruledge|Ceruledge, L50, M|100/100
|switch|p2a: Charizard|Charizard, L50, M|100/100
|switch|p2b: Garchomp|Garchomp, L50, F|100/100
|turn|1
|inactive|failandimprove3 has 30 seconds left.
|inactive|failandimprove3 has 20 seconds left.
|
|t:|1784024842
|detailschange|p2a: Charizard|Charizard-Mega-Y, L50, M
|-mega|p2a: Charizard|Charizard|Charizardite Y
|-weather|SunnyDay|[from] ability: Drought|[of] p2a: Charizard
|move|p1b: Ceruledge|Protect|p1b: Ceruledge
|-singleturn|p1b: Ceruledge|Protect
|move|p2b: Garchomp|Earthquake|p1b: Ceruledge|[spread] p1a
|-activate|p1b: Ceruledge|move: Protect
|-immune|p2a: Charizard
|-damage|p1a: Clefable|58/100
|-damage|p2b: Garchomp|90/100|[from] item: Life Orb
|move|p2a: Charizard|Weather Ball|p1a: Clefable
|-damage|p1a: Clefable|0 fnt
|faint|p1a: Clefable
|
|-weather|SunnyDay|[upkeep]
|upkeep
|inactive|FreezyPop439 has 30 seconds left.
|
|t:|1784024870
|switch|p1a: Mamoswine|Mamoswine, L50, F|100/100
|turn|2
|
|t:|1784024884
|switch|p2b: Whimsicott|Whimsicott, L50, F|100/100
|move|p1a: Mamoswine|Protect|p1a: Mamoswine
|-singleturn|p1a: Mamoswine|Protect
|move|p2a: Charizard|Weather Ball|p1a: Mamoswine
|-activate|p1a: Mamoswine|move: Protect
|move|p1b: Ceruledge|Bitter Blade|p2a: Charizard
|-resisted|p2a: Charizard|1
|-crit|p2a: Charizard
|-damage|p2a: Charizard|51/100
|
|-weather|SunnyDay|[upkeep]
|upkeep
|turn|3
|
|t:|1784024902
|switch|p1a: Raichu|Raichu, L50, F|100/100
|switch|p2a: Garchomp|Garchomp, L50, F|90/100
|move|p2b: Whimsicott|Encore||[still]
|-fail|p2b: Whimsicott
|move|p1b: Ceruledge|Bitter Blade|p2b: Whimsicott
|-supereffective|p2b: Whimsicott|1
|-enditem|p2b: Whimsicott|Focus Sash
|-damage|p2b: Whimsicott|1/100
|
|-weather|SunnyDay|[upkeep]
|upkeep
|turn|4
|inactive|FreezyPop439 has 30 seconds left.
|inactive|failandimprove3 has 30 seconds left.
|inactive|FreezyPop439 has 20 seconds left.
|
|t:|1784024938
|move|p2b: Whimsicott|Protect|p2b: Whimsicott
|-singleturn|p2b: Whimsicott|Protect
|move|p2a: Garchomp|Protect|p2a: Garchomp
|-singleturn|p2a: Garchomp|Protect
|move|p1a: Raichu|Fake Out|p2b: Whimsicott
|-activate|p2b: Whimsicott|move: Protect
|move|p1b: Ceruledge|Bulk Up|p1b: Ceruledge
|-boost|p1b: Ceruledge|atk|1
|-boost|p1b: Ceruledge|def|1
|
|-weather|SunnyDay|[upkeep]
|upkeep
|turn|5
|inactive|FreezyPop439 has 30 seconds left.
|inactive|failandimprove3 has 30 seconds left.
|inactive|failandimprove3 has 20 seconds left.
|inactive|failandimprove3 has 15 seconds left.
|inactive|failandimprove3 has 10 seconds left.
|
|t:|1784024992
|switch|p2b: Charizard|Charizard-Mega-Y, L50, M|51/100
|detailschange|p1a: Raichu|Raichu-Mega-Y, L50, F
|-mega|p1a: Raichu|Raichu|Raichunite Y
|move|p1b: Ceruledge|Protect|p1b: Ceruledge
|-singleturn|p1b: Ceruledge|Protect
|move|p1a: Raichu|Focus Blast|p2b: Charizard
|-resisted|p2b: Charizard|1
|-damage|p2b: Charizard|34/100
|move|p2a: Garchomp|Earthquake|p1b: Ceruledge|[spread] p1a
|-activate|p1b: Ceruledge|move: Protect
|-immune|p2b: Charizard
|-supereffective|p1a: Raichu|1
|-damage|p1a: Raichu|0 fnt
|faint|p1a: Raichu
|-damage|p2a: Garchomp|80/100|[from] item: Life Orb
|
|-weather|none
|upkeep
|
|t:|1784025015
|switch|p1a: Mamoswine|Mamoswine, L50, F|100/100
|turn|6
|inactive|FreezyPop439 has 30 seconds left.
|inactive|FreezyPop439 has 20 seconds left.
|inactive|FreezyPop439 has 15 seconds left.
|inactive|FreezyPop439 has 10 seconds left.
|
|t:|1784025064
|move|p1a: Mamoswine|Ice Shard|p2a: Garchomp
|-supereffective|p2a: Garchomp|2
|-damage|p2a: Garchomp|0 fnt
|faint|p2a: Garchomp
|-damage|p1a: Mamoswine|90/100|[from] item: Life Orb
|move|p1b: Ceruledge|Shadow Sneak|p2b: Charizard
|-crit|p2b: Charizard
|-damage|p2b: Charizard|0 fnt
|faint|p2b: Charizard
|
|upkeep
|
|t:|1784025074
|switch|p2a: Kingambit|Kingambit, L50, F|100/100
|switch|p2b: Whimsicott|Whimsicott, L50, F|1/100
|turn|7
|
|t:|1784025087
|move|p2b: Whimsicott|Tailwind|p2b: Whimsicott
|-sidestart|p2: failandimprove3|move: Tailwind
|move|p1a: Mamoswine|Ice Shard|p2b: Whimsicott
|-supereffective|p2b: Whimsicott|1
|-damage|p2b: Whimsicott|0 fnt
|faint|p2b: Whimsicott
|-damage|p1a: Mamoswine|80/100|[from] item: Life Orb
|move|p2a: Kingambit|Iron Head|p1a: Mamoswine
|-supereffective|p1a: Mamoswine|1
|-crit|p1a: Mamoswine
|-damage|p1a: Mamoswine|0 fnt
|faint|p1a: Mamoswine
|move|p1b: Ceruledge|Bitter Blade|p2a: Kingambit
|-supereffective|p2a: Kingambit|1
|-enditem|p2a: Kingambit|Occa Berry|[eat]
|-enditem|p2a: Kingambit|Occa Berry|[weaken]
|-damage|p2a: Kingambit|45/100
|
|upkeep
|turn|8
|
|t:|1784025105
|move|p1b: Ceruledge|Protect|p1b: Ceruledge
|-singleturn|p1b: Ceruledge|Protect
|move|p2a: Kingambit|Kowtow Cleave|p1b: Ceruledge
|-activate|p1b: Ceruledge|move: Protect
|
|upkeep
|turn|9
|-message|failandimprove3 forfeited.
|
|win|FreezyPop439
||failandimprove3 is ready for game 3.
