|j|☆MrParcheggio
|j|☆testdigi
|html|MrParcheggiotestdigi    
|uhtml|bestof|Game 1 of a best-of-3
|t:|1784895177
|gametype|doubles
|player|p1|MrParcheggio|koga|1000
|player|p2|testdigi|101|1118
|gen|9
|tier|[Gen 9 Champions] VGC 2026 Reg M-B (Bo3)
|rated|
|rule|Species Clause: Limit one of each Pokémon
|rule|Item Clause: Limit 1 of each item
|clearpoke
|poke|p1|Pelipper, L50, M|
|poke|p1|Scizor, L50, F|
|poke|p1|Archaludon, L50, F|
|poke|p1|Basculegion, L50, M|
|poke|p1|Sceptile, L50, M, shiny|
|poke|p1|Hawlucha, L50, F|
|poke|p2|Raichu, L50, M|
|poke|p2|Toxapex, L50, F|
|poke|p2|Mamoswine, L50, F|
|poke|p2|Sylveon, L50, M|
|poke|p2|Corviknight, L50, F|
|poke|p2|Basculegion, L50, M|
|teampreview|4
|showteam|p1|Pelipper||FocusSash|Drizzle|Tailwind,HydroPump,Uturn,WeatherBall|Modest||M|||50|]Scizor||OccaBerry|Technician|BugBite,BulletPunch,Protect,SwordsDance|Adamant||F|||50|]Archaludon||ZoomLens|Stalwart|ElectroShot,DracoMeteor,FlashCannon,Protect|Timid||F|||50|]Basculegion||ChoiceScarf|SwiftSwim|FlipTurn,LastRespects,WaveCrash,IceFang|Adamant||M|||50|]Sceptile||Sceptilite|Unburden|EnergyBall,EarthPower,LeechSeed,Protect|Timid||M|||50|]Hawlucha||Hawluchanite|MoldBreaker|BraveBird,CloseCombat,Detect,SwordsDance|Jolly||F|||50|
|showteam|p2|Raichu||RaichuniteY|LightningRod|ZapCannon,FocusBlast,FakeOut,Protect|Timid||M|||50|]Toxapex||Leftovers|Regenerator|Infestation,Toxic,WideGuard,BanefulBunker|Relaxed||F|||50|]Mamoswine||LifeOrb|Oblivious|StompingTantrum,IceShard,RockSlide,Protect|Adamant||F|||50|]Sylveon||FairyFeather|Pixilate|HyperVoice,QuickAttack,Yawn,Detect|Modest||M|||50|]Corviknight||OccaBerry|MirrorArmor|IronHead,BraveBird,Tailwind,Protect|Adamant||F|||50|]Basculegion||FocusSash|Adaptability|LastRespects,Liquidation,AquaJet,Protect|Adamant||M|||50|
|inactive|Battle timer is ON: inactive players will automatically lose when time's up. (requested by testdigi)
|inactive|testdigi has 60 seconds left.
|
|t:|1784895229
|teamsize|p1|4
|teamsize|p2|4
|start
|switch|p1a: Pelipper|Pelipper, L50, M|100/100
|switch|p1b: Sceptile|Sceptile, L50, M, shiny|100/100
|switch|p2a: Raichu|Raichu, L50, M|100/100
|switch|p2b: Corviknight|Corviknight, L50, F|100/100
|-weather|RainDance|[from] ability: Drizzle|[of] p1a: Pelipper
|turn|1
|
|t:|1784895249
|detailschange|p1b: Sceptile|Sceptile-Mega, L50, M, shiny
|-mega|p1b: Sceptile|Sceptile|Sceptilite
|detailschange|p2a: Raichu|Raichu-Mega-Y, L50, M
|-mega|p2a: Raichu|Raichu|Raichunite Y
|move|p2a: Raichu|Fake Out|p1b: Sceptile
|-damage|p1b: Sceptile|87/100
|cant|p1b: Sceptile|flinch
|move|p2b: Corviknight|Tailwind|p2b: Corviknight
|-sidestart|p2: testdigi|move: Tailwind
|move|p1a: Pelipper|Tailwind|p1a: Pelipper
|-sidestart|p1: MrParcheggio|move: Tailwind
|
|-weather|RainDance|[upkeep]
|upkeep
|turn|2
|
|t:|1784895262
|move|p2a: Raichu|Protect|p2a: Raichu
|-singleturn|p2a: Raichu|Protect
|move|p1b: Sceptile|Leech Seed|p2b: Corviknight
|-start|p2b: Corviknight|move: Leech Seed
|move|p2b: Corviknight|Brave Bird|p1b: Sceptile
|-supereffective|p1b: Sceptile|1
|-damage|p1b: Sceptile|0 fnt
|faint|p1b: Sceptile
|-damage|p2b: Corviknight|75/100|[from] Recoil
|move|p1a: Pelipper|Hydro Pump|p2a: Raichu
|-activate|p2a: Raichu|move: Protect
|
|-weather|RainDance|[upkeep]
|upkeep
|
|t:|1784895270
|switch|p1b: Basculegion|Basculegion, L50, M|100/100
|turn|3
|
|t:|1784895282
|switch|p2a: Basculegion|Basculegion, L50, M|100/100
|move|p1b: Basculegion|Flip Turn|p2a: Basculegion
|-resisted|p2a: Basculegion|1
|-damage|p2a: Basculegion|71/100
|
|t:|1784895288
|switch|p1b: Scizor|Scizor, L50, F|100/100|[from] Flip Turn
|move|p2b: Corviknight|Iron Head|p1a: Pelipper
|-resisted|p1a: Pelipper|1
|-damage|p1a: Pelipper|83/100
|cant|p1a: Pelipper|flinch
|
|-weather|RainDance|[upkeep]
|-damage|p2b: Corviknight|62/100|[from] Leech Seed|[of] p1b: Scizor
|upkeep
|turn|4
|inactive|MrParcheggio has 30 seconds left.
|inactive|testdigi has 30 seconds left.
|inactive|testdigi has 20 seconds left.
|
|t:|1784895325
|move|p1b: Scizor|Protect|p1b: Scizor
|-singleturn|p1b: Scizor|Protect
|move|p2a: Basculegion|Last Respects|p1a: Pelipper
|-damage|p1a: Pelipper|45/100
|move|p2b: Corviknight|Brave Bird|p1b: Scizor
|-activate|p1b: Scizor|move: Protect
|move|p1a: Pelipper|U-turn|p2a: Basculegion
|-resisted|p2a: Basculegion|1
|-damage|p2a: Basculegion|66/100
|
|t:|1784895335
|switch|p1a: Basculegion|Basculegion, L50, M|100/100|[from] U-turn
|
|-weather|RainDance|[upkeep]
|-damage|p2b: Corviknight|50/100g|[from] Leech Seed|[of] p1b: Scizor
|-sideend|p2: testdigi|move: Tailwind
|-sideend|p1: MrParcheggio|move: Tailwind
|upkeep
|turn|5
|
|t:|1784895344
|move|p2a: Basculegion|Protect|p2a: Basculegion
|-singleturn|p2a: Basculegion|Protect
|move|p1a: Basculegion|Last Respects|p2a: Basculegion
|-activate|p2a: Basculegion|move: Protect
|move|p2b: Corviknight|Tailwind|p2b: Corviknight
|-sidestart|p2: testdigi|move: Tailwind
|move|p1b: Scizor|Swords Dance|p1b: Scizor
|-boost|p1b: Scizor|atk|2
|
|-weather|none
|-damage|p2b: Corviknight|38/100|[from] Leech Seed|[of] p1b: Scizor
|upkeep
|turn|6
|
|t:|1784895354
|move|p1b: Scizor|Bullet Punch|p2b: Corviknight
|-resisted|p2b: Corviknight|1
|-damage|p2b: Corviknight|9/100
|move|p2a: Basculegion|Last Respects|p1a: Basculegion
|-supereffective|p1a: Basculegion|1
|-damage|p1a: Basculegion|8/100
|move|p1a: Basculegion|Last Respects|p2a: Basculegion
|-supereffective|p2a: Basculegion|1
|-damage|p2a: Basculegion|0 fnt
|faint|p2a: Basculegion
|move|p2b: Corviknight|Brave Bird|p1b: Scizor
|-damage|p1b: Scizor|50/100g
|-damage|p2b: Corviknight|0 fnt|[from] Recoil
|faint|p2b: Corviknight
|
|upkeep
|
|t:|1784895358
|switch|p2a: Raichu|Raichu-Mega-Y, L50, M|100/100
|switch|p2b: Sylveon|Sylveon, L50, M|100/100
|turn|7
|
|t:|1784895371
|switch|p1a: Pelipper|Pelipper, L50, M|45/100
|-weather|RainDance|[from] ability: Drizzle|[of] p1a: Pelipper
|move|p1b: Scizor|Protect|p1b: Scizor
|-singleturn|p1b: Scizor|Protect
|move|p2a: Raichu|Zap Cannon|p1b: Scizor
|-activate|p1b: Scizor|move: Protect
|move|p2b: Sylveon|Hyper Voice|p1b: Scizor|[spread] p1a
|-activate|p1b: Scizor|move: Protect
|-damage|p1a: Pelipper|0 fnt
|faint|p1a: Pelipper
|
|-weather|RainDance|[upkeep]
|upkeep
|
|t:|1784895386
|switch|p1a: Basculegion|Basculegion, L50, M|8/100
|turn|8
|
|t:|1784895392
|move|p2b: Sylveon|Detect|p2b: Sylveon
|-singleturn|p2b: Sylveon|Protect
|move|p1b: Scizor|Bullet Punch|p2b: Sylveon
|-activate|p2b: Sylveon|move: Protect
|move|p1a: Basculegion|Wave Crash|p2a: Raichu
|-damage|p2a: Raichu|0 fnt
|faint|p2a: Raichu
|-damage|p1a: Basculegion|0 fnt|[from] Recoil
|faint|p1a: Basculegion
|
|-weather|RainDance|[upkeep]
|-sideend|p2: testdigi|move: Tailwind
|upkeep
|turn|9
|
|t:|1784895406
|move|p1b: Scizor|Bullet Punch|p2b: Sylveon
|-supereffective|p2b: Sylveon|1
|-damage|p2b: Sylveon|0 fnt
|faint|p2b: Sylveon
|
|win|MrParcheggio
||testdigi is ready for game 2.
|l|☆MrParcheggio
|player|p1|
|inactive|MrParcheggio has 30 seconds to confirm battle start!
||MrParcheggio is ready for game 2.
|uhtml|next|Next: Game 2 of 3
