|j|☆Just_Koly
|j|☆Pietplezier7
|html|Just_KolyPietplezier7    
|uhtml|bestof|Game 2 of a best-of-3
|t:|1785952194
|gametype|doubles
|player|p1|Just_Koly|benga|
|player|p2|Pietplezier7|zinnia|
|gen|9
|tier|[Gen 9 Champions] VGC 2026 Reg M-B (Bo3)
|rule|Species Clause: Limit one of each Pokémon
|rule|Item Clause: Limit 1 of each item
|clearpoke
|poke|p1|Gengar, L50, M|
|poke|p1|Kommo-o, L50, M|
|poke|p1|Tinkaton, L50, F|
|poke|p1|Volcarona, L50, M|
|poke|p1|Gyarados, L50, M|
|poke|p1|Meowscarada, L50, F|
|poke|p2|Raichu, L50, F|
|poke|p2|Staraptor, L50, F|
|poke|p2|Arcanine-Hisui, L50, M|
|poke|p2|Farigiraf, L50, M|
|poke|p2|Sylveon, L50, F|
|poke|p2|Kingambit, L50, M|
|teampreview|4
|showteam|p1|Gengar||Gengarite|CursedBody|ShadowBall,Disable,Protect,SludgeBomb|Modest||M|||50|]Kommo-o||Leftovers|Soundproof|ClangingScales,ClangorousSoul,AuraSphere,Protect|Modest||M|||50|]Tinkaton||MentalHerb|MoldBreaker|GigatonHammer,FakeOut,Encore,Protect|Jolly||F|||50|]Volcarona||SitrusBerry|FlameBody|Overheat,RagePowder,Tailwind,Protect|Timid||M|||50|]Gyarados||Gyaradosite|Intimidate|Waterfall,Crunch,DragonDance,Protect|Adamant||M|||50|]Meowscarada||FocusSash|Protean|FlowerTrick,KnockOff,TripleAxel,Protect|Jolly||F|||50|
|showteam|p2|Raichu||RaichuniteY|LightningRod|ZapCannon,FocusBlast,FakeOut,Protect|Timid||F|||50|]Staraptor||Staraptite|Intimidate|CloseCombat,DualWingbeat,Tailwind,Protect|Jolly||F|||50|]Arcanine-Hisui||FocusSash|RockHead|FlareBlitz,HeadSmash,ExtremeSpeed,Protect|Jolly||M|||50|]Farigiraf||SitrusBerry|ArmorTail|Psychic,HelpingHand,TrickRoom,Protect|Calm||M|||50|]Sylveon||FairyFeather|Pixilate|HyperVoice,QuickAttack,HyperBeam,Detect|Modest||F|||50|]Kingambit||LifeOrb|Defiant|KowtowCleave,SuckerPunch,SwordsDance,Protect|Adamant||M|||50|
|inactive|Battle timer is ON: inactive players will automatically lose when time's up. (requested by Pietplezier7)
|inactive|Just_Koly has 60 seconds left.
|inactive|Pietplezier7 has 60 seconds left.
|
|t:|1785952242
|teamsize|p1|4
|teamsize|p2|4
|start
|switch|p1a: Gengar|Gengar, L50, M|100/100
|switch|p1b: Gyarados|Gyarados, L50, M|100/100
|switch|p2a: Raichu|Raichu, L50, F|100/100
|switch|p2b: Arcanine|Arcanine-Hisui, L50, M|100/100
|-ability|p1b: Gyarados|Intimidate|boost
|-unboost|p2a: Raichu|atk|1
|-unboost|p2b: Arcanine|atk|1
|turn|1
|inactive|Just_Koly has 30 seconds left.
|inactive|Pietplezier7 has 30 seconds left.
|inactive|Just_Koly has 20 seconds left.
|inactive|Just_Koly has 15 seconds left.
|
|t:|1785952285
|detailschange|p2a: Raichu|Raichu-Mega-Y, L50, F
|-mega|p2a: Raichu|Raichu|Raichunite Y
|detailschange|p1a: Gengar|Gengar-Mega, L50, M
|-mega|p1a: Gengar|Gengar|Gengarite
|move|p1a: Gengar|Protect|p1a: Gengar
|-singleturn|p1a: Gengar|Protect
|move|p1b: Gyarados|Protect|p1b: Gyarados
|-singleturn|p1b: Gyarados|Protect
|move|p2a: Raichu|Zap Cannon|p1a: Gengar
|-activate|p1a: Gengar|move: Protect
|move|p2b: Arcanine|Flare Blitz|p1a: Gengar
|-activate|p1a: Gengar|move: Protect
|
|upkeep
|turn|2
|inactive|Just_Koly has 30 seconds left.
|inactive|Pietplezier7 has 30 seconds left.
|
|t:|1785952316
|move|p2a: Raichu|Zap Cannon|p1b: Gyarados
|-supereffective|p1b: Gyarados|2
|-damage|p1b: Gyarados|0 fnt
|faint|p1b: Gyarados
|move|p1a: Gengar|Disable|p2a: Raichu
|-start|p2a: Raichu|Disable|Zap Cannon
|move|p2b: Arcanine|Flare Blitz|p1a: Gengar
|-damage|p1a: Gengar|36/100
|
|upkeep
|
|t:|1785952327
|switch|p1b: Tinkaton|Tinkaton, L50, F|100/100
|-ability|p1b: Tinkaton|Mold Breaker
|turn|3
|
|t:|1785952349
|move|p1b: Tinkaton|Fake Out|p2b: Arcanine
|-resisted|p2b: Arcanine|1
|-damage|p2b: Arcanine|94/100
|move|p2a: Raichu|Focus Blast|p1b: Tinkaton
|-damage|p1b: Tinkaton|61/100
|move|p1a: Gengar|Shadow Ball|p2b: Arcanine
|-damage|p2b: Arcanine|19/100
|cant|p2b: Arcanine|flinch
|
|upkeep
|turn|4
|inactive|Pietplezier7 has 30 seconds left.
|inactive|Pietplezier7 has 20 seconds left.
|inactive|Pietplezier7 has 15 seconds left.
|inactive|Pietplezier7 has 10 seconds left.
|
|t:|1785952396
|switch|p1b: Volcarona|Volcarona, L50, M|100/100
|move|p2a: Raichu|Protect|p2a: Raichu
|-singleturn|p2a: Raichu|Protect
|move|p2b: Arcanine|Protect|p2b: Arcanine
|-singleturn|p2b: Arcanine|Protect
|move|p1a: Gengar|Shadow Ball|p2b: Arcanine
|-activate|p2b: Arcanine|move: Protect
|
|upkeep
|turn|5
|inactive|Pietplezier7 has 30 seconds left.
|
|t:|1785952423
|move|p2b: Arcanine|Extreme Speed|p1b: Volcarona
|-damage|p1b: Volcarona|82/100
|move|p2a: Raichu|Focus Blast|p1b: Volcarona
|-resisted|p1b: Volcarona|1
|-damage|p1b: Volcarona|64/100
|move|p1a: Gengar|Shadow Ball|p2b: Arcanine
|-damage|p2b: Arcanine|0 fnt
|faint|p2b: Arcanine
|move|p1b: Volcarona|Tailwind|p1b: Volcarona
|-sidestart|p1: Just_Koly|move: Tailwind
|
|upkeep
|
|t:|1785952445
|switch|p2b: Farigiraf|Farigiraf, L50, M|100/100
|turn|6
|inactive|Pietplezier7 has 30 seconds left.
|
|t:|1785952471
|move|p2b: Farigiraf|Protect|p2b: Farigiraf
|-singleturn|p2b: Farigiraf|Protect
|move|p1a: Gengar|Sludge Bomb|p2b: Farigiraf
|-activate|p2b: Farigiraf|move: Protect
|move|p1b: Volcarona|Overheat|p2b: Farigiraf
|-activate|p2b: Farigiraf|move: Protect
|move|p2a: Raichu|Focus Blast|p1b: Volcarona
|-resisted|p1b: Volcarona|1
|-damage|p1b: Volcarona|46/100
|-enditem|p1b: Volcarona|Sitrus Berry|[eat]
|-heal|p1b: Volcarona|71/100|[from] item: Sitrus Berry
|
|-end|p2a: Raichu|Disable
|upkeep
|turn|7
|
|t:|1785952495
|move|p1a: Gengar|Protect|p1a: Gengar
|-singleturn|p1a: Gengar|Protect
|move|p1b: Volcarona|Overheat|p2b: Farigiraf
|-damage|p2b: Farigiraf|50/100y
|-unboost|p1b: Volcarona|spa|2
|-enditem|p2b: Farigiraf|Sitrus Berry|[eat]
|-heal|p2b: Farigiraf|75/100|[from] item: Sitrus Berry
|move|p2a: Raichu|Zap Cannon|p1a: Gengar
|-activate|p1a: Gengar|move: Protect
|move|p2b: Farigiraf|Trick Room|p2b: Farigiraf
|-fieldstart|move: Trick Room|[of] p2b: Farigiraf
|
|upkeep
|turn|8
|
|t:|1785952509
|move|p1b: Volcarona|Rage Powder|p1b: Volcarona
|-singleturn|p1b: Volcarona|move: Rage Powder
|move|p2b: Farigiraf|Psychic|p1b: Volcarona
|-damage|p1b: Volcarona|40/100
|move|p2a: Raichu|Zap Cannon|p1b: Volcarona
|-damage|p1b: Volcarona|0 fnt
|faint|p1b: Volcarona
|move|p1a: Gengar|Disable|p2a: Raichu
|-start|p2a: Raichu|Disable|Zap Cannon
|
|-sideend|p1: Just_Koly|move: Tailwind
|upkeep
|
|t:|1785952522
|switch|p1b: Tinkaton|Tinkaton, L50, F|61/100
|-ability|p1b: Tinkaton|Mold Breaker
|turn|9
|-message|Just_Koly forfeited.
|
|win|Pietplezier7
