|j|☆smalltownkirlia
|j|☆KptainFr
|html|smalltownkirliaKptainFr    
|uhtml|bestof|Game 2 of a best-of-3
|t:|1757690351
|gametype|doubles
|player|p1|smalltownkirlia|whitney|1127
|player|p2|KptainFr|steven|1088
|gen|9
|tier|[Gen 9] VGC 2025 Reg H (Bo3)
|rated|
|rule|Species Clause: Limit one of each Pokémon
|rule|Item Clause: Limit 1 of each item
|clearpoke
|poke|p1|Dragonite, L50, F|
|poke|p1|Ursaluna-Bloodmoon, L50, M|
|poke|p1|Gholdengo, L50|
|poke|p1|Maushold-Four, L50|
|poke|p1|Annihilape, L50, F|
|poke|p1|Rillaboom, L50, F|
|poke|p2|Ceruledge, L50, M|
|poke|p2|Gastrodon, L50, F|
|poke|p2|Ninetales-Alola, L50, F|
|poke|p2|Rillaboom, L50, F|
|poke|p2|Sneasler, L50, F|
|poke|p2|Dragonite, L50, M|
|teampreview|4
|showteam|p1|Dragonite||LoadedDice|Multiscale|ScaleShot,Tailwind,Haze,Protect|||F|||50|,,,,,Fairy]Ursaluna-Bloodmoon||AssaultVest|MindsEye|BloodMoon,EarthPower,HyperVoice,VacuumWave|||M|||50|,,,,,Water]Gholdengo||LifeOrb|GoodasGold|MakeItRain,ShadowBall,NastyPlot,Protect||||||50|,,,,,Dragon]Maushold-Four||FocusSash|FriendGuard|Taunt,FollowMe,BeatUp,Protect||||||50|,,,,,Ghost]Annihilape||SitrusBerry|Defiant|RageFist,DrainPunch,BulkUp,Protect|||F|||50|,,,,,Fire]Rillaboom||MiracleSeed|GrassySurge|WoodHammer,GrassyGlide,HighHorsepower,FakeOut|||F|||50|,,,,,Fire
|showteam|p2|Ceruledge||Leftovers|WeakArmor|BitterBlade,ShadowSneak,BulkUp,Protect|||M|||50|,,,,,Water]Gastrodon||SitrusBerry|StormDrain|IceBeam,EarthPower,ClearSmog,Protect|||F|||50|,,,,,Grass]Ninetales-Alola||LightClay|SnowCloak|Blizzard,Moonblast,AuroraVeil,Protect|||F|||50|,,,,,Water]Rillaboom||AssaultVest|GrassySurge|WoodHammer,GrassyGlide,HighHorsepower,FakeOut|||F|||50|,,,,,Fire]Sneasler||FocusSash|PoisonTouch|CloseCombat,DireClaw,Coaching,Protect|||F|||50|,,,,,Stellar]Dragonite||LoadedDice|InnerFocus|ScaleShot,ExtremeSpeed,Tailwind,Protect|||M|||50|,,,,,Normal
|inactive|Battle timer is ON: inactive players will automatically lose when time's up. (requested by KptainFr)
|inactive|smalltownkirlia also wants the timer to be on.
|inactive|smalltownkirlia has 60 seconds left.
|inactive|KptainFr has 60 seconds left.
|inactive|KptainFr has 30 seconds left.
|
|t:|1757690413
|teamsize|p1|4
|teamsize|p2|4
|start
|switch|p1a: Dragonite|Dragonite, L50, F|100/100
|switch|p1b: Maushold|Maushold-Four, L50|100/100
|switch|p2a: Ceruledge|Ceruledge, L50, M|100/100
|switch|p2b: Sneasler|Sneasler, L50, F|100/100
|turn|1
|
|t:|1757690433
|switch|p2a: Ninetales|Ninetales-Alola, L50, F|100/100
|move|p1b: Maushold|Follow Me|p1b: Maushold
|-singleturn|p1b: Maushold|move: Follow Me
|move|p2b: Sneasler|Dire Claw|p1b: Maushold
|-damage|p1b: Maushold|45/100
|-status|p1b: Maushold|psn
|move|p1a: Dragonite|Scale Shot|p2b: Sneasler
|-damage|p2b: Sneasler|75/100
|-damage|p2b: Sneasler|49/100
|-damage|p2b: Sneasler|22/100
|-damage|p2b: Sneasler|0 fnt
|faint|p2b: Sneasler
|-hitcount|p2: Sneasler|4
|-unboost|p1a: Dragonite|def|1
|-boost|p1a: Dragonite|spe|1
|
|-damage|p1b: Maushold|33/100 psn|[from] psn
|upkeep
|
|t:|1757690444
|switch|p2b: Rillaboom|Rillaboom, L50, F|100/100
|-fieldstart|move: Grassy Terrain|[from] ability: Grassy Surge|[of] p2b: Rillaboom
|turn|2
|
|t:|1757690456
|switch|p1b: Gholdengo|Gholdengo, L50|100/100
|switch|p2b: Ceruledge|Ceruledge, L50, M|100/100
|move|p1a: Dragonite|Protect|p1a: Dragonite
|-singleturn|p1a: Dragonite|Protect
|move|p2a: Ninetales|Blizzard|p1b: Gholdengo|[spread] p1b
|-activate|p1a: Dragonite|move: Protect
|-resisted|p1b: Gholdengo
|-damage|p1b: Gholdengo|86/100
|
|-heal|p1b: Gholdengo|92/100|[from] Grassy Terrain
|upkeep
|turn|3
|
|t:|1757690479
|switch|p1b: Maushold|Maushold-Four, L50|33/100 psn
|-terastallize|p1a: Dragonite|Fairy
|-terastallize|p2b: Ceruledge|Water
|move|p2b: Ceruledge|Shadow Sneak|p1a: Dragonite
|-damage|p1a: Dragonite|86/100
|move|p1a: Dragonite|Scale Shot|p2b: Ceruledge
|-damage|p2b: Ceruledge|85/100
|-ability|p2b: Ceruledge|Weak Armor|boost
|-unboost|p2b: Ceruledge|def|1
|-boost|p2b: Ceruledge|spe|2
|-damage|p2b: Ceruledge|62/100
|-ability|p2b: Ceruledge|Weak Armor|boost
|-unboost|p2b: Ceruledge|def|1
|-boost|p2b: Ceruledge|spe|2
|-damage|p2b: Ceruledge|31/100
|-ability|p2b: Ceruledge|Weak Armor|boost
|-unboost|p2b: Ceruledge|def|1
|-boost|p2b: Ceruledge|spe|2
|-damage|p2b: Ceruledge|0 fnt
|faint|p2b: Ceruledge
|-hitcount|p2: Ceruledge|4
|-unboost|p1a: Dragonite|def|1
|-boost|p1a: Dragonite|spe|1
|move|p2a: Ninetales|Blizzard|p1a: Dragonite|[spread] p1a,p1b
|-damage|p1a: Dragonite|68/100
|-damage|p1b: Maushold|0 fnt
|faint|p1b: Maushold
|
|-heal|p1a: Dragonite|74/100|[from] Grassy Terrain
|upkeep
|inactive|smalltownkirlia has 30 seconds left.
|
|t:|1757690505
|switch|p1b: Gholdengo|Gholdengo, L50|92/100
|switch|p2b: Rillaboom|Rillaboom, L50, F|100/100
|turn|4
|
|t:|1757690518
|move|p1a: Dragonite|Protect|p1a: Dragonite
|-singleturn|p1a: Dragonite|Protect
|move|p1b: Gholdengo|Protect|p1b: Gholdengo
|-singleturn|p1b: Gholdengo|Protect
|move|p2a: Ninetales|Blizzard|p1a: Dragonite|[spread] 
|-activate|p1a: Dragonite|move: Protect
|-activate|p1b: Gholdengo|move: Protect
|move|p2b: Rillaboom|High Horsepower|p1b: Gholdengo
|-activate|p1b: Gholdengo|move: Protect
|
|-heal|p1a: Dragonite|80/100|[from] Grassy Terrain
|-heal|p1b: Gholdengo|98/100|[from] Grassy Terrain
|upkeep
|turn|5
|
|t:|1757690527
|move|p1a: Dragonite|Scale Shot|p2b: Rillaboom
|-damage|p2b: Rillaboom|87/100
|-damage|p2b: Rillaboom|74/100
|-damage|p2b: Rillaboom|60/100
|-damage|p2b: Rillaboom|46/100
|-hitcount|p2b: Rillaboom|4
|-unboost|p1a: Dragonite|def|1
|-boost|p1a: Dragonite|spe|1
|move|p2a: Ninetales|Blizzard|p1a: Dragonite|[spread] p1a,p1b
|-resisted|p1b: Gholdengo
|-damage|p1a: Dragonite|53/100
|-damage|p1b: Gholdengo|83/100
|move|p1b: Gholdengo|Make It Rain|p2a: Ninetales|[spread] p2a,p2b
|-supereffective|p2a: Ninetales
|-damage|p2a: Ninetales|0 fnt
|-damage|p2b: Rillaboom|7/100
|-unboost|p1b: Gholdengo|spa|1
|faint|p2a: Ninetales
|-damage|p1b: Gholdengo|74/100|[from] item: Life Orb
|move|p2b: Rillaboom|High Horsepower|p1b: Gholdengo
|-supereffective|p1b: Gholdengo
|-damage|p1b: Gholdengo|5/100
|
|-heal|p1a: Dragonite|59/100|[from] Grassy Terrain
|-heal|p1b: Gholdengo|11/100|[from] Grassy Terrain
|-heal|p2b: Rillaboom|13/100|[from] Grassy Terrain
|upkeep
|turn|6
|-message|KptainFr forfeited.
|
|win|smalltownkirlia
|raw|smalltownkirlia's rating: 1127 → 1149(+22 for winning)
|raw|KptainFr's rating: 1088 → 1067(-21 for losing)
|l|☆KptainFr
|player|p2|
