|j|☆Snipershadow_27
|j|☆K-TrachoVgc2189
|html|Snipershadow_27K-TrachoVgc2189    
|uhtml|bestof|Game 1 of a best-of-3
|t:|1783187032
|gametype|doubles
|player|p1|Snipershadow_27|ghetsis|1000
|player|p2|K-TrachoVgc2189|101|1043
|gen|9
|tier|[Gen 9 Champions] VGC 2026 Reg M-B (Bo3)
|rated|
|rule|Species Clause: Limit one of each Pokémon
|rule|Item Clause: Limit 1 of each item
|clearpoke
|poke|p1|Pelipper, L50, M|
|poke|p1|Swampert, L50, M|
|poke|p1|Incineroar, L50, M|
|poke|p1|Floette-Eternal, L50, F|
|poke|p1|Sinistcha, L50|
|poke|p1|Sneasler, L50, F|
|poke|p2|Incineroar, L50, F|
|poke|p2|Farigiraf, L50, F|
|poke|p2|Torkoal, L50, M|
|poke|p2|Maushold, L50|
|poke|p2|Mawile, L50, M|
|poke|p2|Pyroar, L50, F|
|teampreview|4
|showteam|p1|Pelipper||FocusSash|Drizzle|Tailwind,Protect,Hurricane,KnockOff|Calm||M|||50|]Swampert||Swampertite|Torrent|WaveCrash,FlipTurn,Earthquake,Protect|Jolly||M|||50|]Incineroar||BrightPowder|Intimidate|FakeOut,FlareBlitz,PartingShot,DarkestLariat|Careful||M|||50|]Floette-Eternal||Floettite|FlowerVeil|LightofRuin,DazzlingGleam,CalmMind,GigaDrain|Modest||F|||50|]Sinistcha||SitrusBerry|Hospitality|MatchaGotcha,RagePowder,LifeDew,Protect|Calm|||||50|]Sneasler||WhiteHerb|Unburden|CloseCombat,DireClaw,FakeOut,Protect|Jolly||F|||50|
|showteam|p2|Incineroar||WhiteHerb|Intimidate|FakeOut,FlareBlitz,DarkestLariat,CloseCombat|Brave||F|||50|]Farigiraf||SitrusBerry|ArmorTail|TwinBeam,HelpingHand,TrickRoom,Protect|Bold||F|||50|]Torkoal||Charcoal|Drought|Eruption,WeatherBall,HelpingHand,Protect|Modest||M|||50|]Maushold||WideLens|Technician|PopulationBomb,Charm,FollowMe,Protect|Jolly|||||50|]Mawile||Mawilite|Intimidate|PlayRough,SuckerPunch,SwordsDance,Protect|Adamant||M|||50|]Pyroar||Pyroarite|Unnerve|Overheat,HeatWave,SolarBeam,Protect|Timid||F|||50|
|
|t:|1783187054
|teamsize|p1|4
|teamsize|p2|4
|start
|switch|p1a: Incineroar|Incineroar, L50, M|100/100
|switch|p1b: Sneasler|Sneasler, L50, F|100/100
|switch|p2a: Farigiraf|Farigiraf, L50, F|100/100
|switch|p2b: Maushold|Maushold, L50|100/100
|-ability|p1a: Incineroar|Intimidate|boost
|-unboost|p2a: Farigiraf|atk|1
|-unboost|p2b: Maushold|atk|1
|turn|1
|
|t:|1783187077
|move|p2b: Maushold|Follow Me|p2b: Maushold
|-singleturn|p2b: Maushold|move: Follow Me
|move|p1b: Sneasler|Dire Claw|p2b: Maushold
|-damage|p2b: Maushold|39/100
|move|p1a: Incineroar|Darkest Lariat|p2b: Maushold
|-damage|p2b: Maushold|0 fnt
|faint|p2b: Maushold
|move|p2a: Farigiraf|Trick Room|p2a: Farigiraf
|-fieldstart|move: Trick Room|[of] p2a: Farigiraf
|
|upkeep
|
|t:|1783187096
|switch|p2b: Mawile|Mawile, L50, M|100/100
|-ability|p2b: Mawile|Intimidate|boost
|-unboost|p1a: Incineroar|atk|1
|-unboost|p1b: Sneasler|atk|1
|-enditem|p1b: Sneasler|White Herb
|-clearnegativeboost|p1b: Sneasler|[silent]
|turn|2
|
|t:|1783187110
|detailschange|p2b: Mawile|Mawile-Mega, L50, M
|-mega|p2b: Mawile|Mawile|Mawilite
|move|p1b: Sneasler|Protect|p1b: Sneasler
|-singleturn|p1b: Sneasler|Protect
|move|p2b: Mawile|Swords Dance|p2b: Mawile
|-boost|p2b: Mawile|atk|2
|move|p2a: Farigiraf|Twin Beam|p1b: Sneasler
|-activate|p1b: Sneasler|move: Protect
|move|p1a: Incineroar|Flare Blitz|p2b: Mawile
|-supereffective|p2b: Mawile|1
|-damage|p2b: Mawile|38/100
|-damage|p1a: Incineroar|83/100|[from] Recoil
|
|upkeep
|turn|3
|
|t:|1783187130
|move|p2b: Mawile|Play Rough|p1a: Incineroar|[miss]
|-miss|p2b: Mawile|p1a: Incineroar
|move|p2a: Farigiraf|Twin Beam|p1b: Sneasler
|-supereffective|p1b: Sneasler|2
|-damage|p1b: Sneasler|20/100y
|-supereffective|p1b: Sneasler|2
|-damage|p1b: Sneasler|0 fnt
|faint|p1b: Sneasler
|-hitcount|p1: Sneasler|2
|move|p1a: Incineroar|Darkest Lariat|p2b: Mawile
|-resisted|p2b: Mawile|1
|-damage|p2b: Mawile|28/100
|
|upkeep
|
|t:|1783187143
|switch|p1b: Swampert|Swampert, L50, M|100/100
|turn|4
|
|t:|1783187154
|move|p1b: Swampert|Protect|p1b: Swampert
|-singleturn|p1b: Swampert|Protect
|move|p2b: Mawile|Play Rough|p1a: Incineroar
|-damage|p1a: Incineroar|0 fnt
|faint|p1a: Incineroar
|move|p2a: Farigiraf|Twin Beam|p1b: Swampert
|-activate|p1b: Swampert|move: Protect
|
|upkeep
|
|t:|1783187164
|switch|p1a: Pelipper|Pelipper, L50, M|100/100
|-weather|RainDance|[from] ability: Drizzle|[of] p1a: Pelipper
|turn|5
|
|t:|1783187178
|move|p1a: Pelipper|Protect|p1a: Pelipper
|-singleturn|p1a: Pelipper|Protect
|move|p1b: Swampert|Protect||[still]
|-fail|p1b: Swampert
|move|p2b: Mawile|Play Rough|p1b: Swampert
|-damage|p1b: Swampert|0 fnt
|faint|p1b: Swampert
|move|p2a: Farigiraf|Twin Beam|p1a: Pelipper
|-activate|p1a: Pelipper|move: Protect
|
|-weather|RainDance|[upkeep]
|-fieldend|move: Trick Room
|upkeep
|turn|6
|-message|Snipershadow_27 forfeited.
|
|win|K-TrachoVgc2189
|l|☆Snipershadow_27
|player|p1|
||Snipershadow_27 is ready for game 2.
||K-TrachoVgc2189 is ready for game 2.
|uhtml|next|Next: Game 2 of 3
