|j|☆Isam_26011
|j|☆SleepySilver07
|html|Isam_26011SleepySilver07    
|uhtml|bestof|Game 2 of a best-of-3
|t:|1757116380
|gametype|doubles
|player|p1|Isam_26011|n|1139
|player|p2|SleepySilver07|102|1247
|gen|9
|tier|[Gen 9] VGC 2025 Reg H (Bo3)
|rated|
|rule|Species Clause: Limit one of each Pokémon
|rule|Item Clause: Limit 1 of each item
|clearpoke
|poke|p1|Indeedee-F, L50, F|
|poke|p1|Hatterene, L50, F|
|poke|p1|Gallade, L50, M|
|poke|p1|Ursaluna, L50, M|
|poke|p1|Sunflora, L50, M|
|poke|p1|Torkoal, L50, M|
|poke|p2|Ninetales-Alola, L50, M|
|poke|p2|Volcarona, L50, F|
|poke|p2|Rillaboom, L50, M|
|poke|p2|Incineroar, L50, M|
|poke|p2|Basculegion, L50, M|
|poke|p2|Dragonite, L50, M|
|teampreview|4
|showteam|p1|Indeedee-F||PsychicSeed|PsychicSurge|TrickRoom,FollowMe,HelpingHand,DazzlingGleam|||F|||50|,,,,,Fire]Hatterene||LifeOrb|MagicBounce|ExpandingForce,TrickRoom,DazzlingGleam,Protect|||F|||50|,,,,,Psychic]Gallade||ClearAmulet|Sharpness|PsychoCut,TrickRoom,SacredSword,WideGuard|||M|||50|,,,,,Grass]Ursaluna||FlameOrb|Guts|HeadlongRush,Facade,SwordsDance,Protect|||M|||50|,,,,,Ghost]Sunflora||ChoiceSpecs|SolarPower|LeafStorm,WeatherBall,SludgeBomb,EarthPower|||M|||50|,,,,,Fire]Torkoal||Charcoal|Drought|Eruption,EarthPower,WeatherBall,Protect|||M|||50|,,,,,Fire
|showteam|p2|Ninetales-Alola||FocusSash|SnowWarning|Blizzard,IcyWind,Protect,AuroraVeil|||M|||50|,,,,,Ghost]Volcarona||CovertCloak|FlameBody|HeatWave,TeraBlast,Protect,QuiverDance|||F|||50|,,,,,Fairy]Rillaboom||MiracleSeed|GrassySurge|DrumBeating,GrassyGlide,Taunt,FakeOut|||M|||50|,,,,,Fire]Incineroar||MirrorHerb|Intimidate|FlareBlitz,KnockOff,FakeOut,PartingShot|||M|||50|,,,,,Ghost]Basculegion||ChoiceScarf|Adaptability|WaveCrash,LastRespects,FlipTurn,AquaJet|||M|||50|,,,,,Grass]Dragonite||LoadedDice|Multiscale|ScaleShot,ExtremeSpeed,Haze,Tailwind|||M|||50|,,,,,Steel
|j| Plopy14
|
|t:|1757116417
|teamsize|p1|4
|teamsize|p2|4
|start
|switch|p1a: Paty|Indeedee-F, L50, F, shiny|100/100
|switch|p1b: Shura|Gallade, L50, M, shiny|100/100
|switch|p2a: Volcarona|Volcarona, L50, F|100/100
|switch|p2b: Incineroar|Incineroar, L50, M|100/100
|-ability|p2b: Incineroar|Intimidate|boost
|-unboost|p1a: Paty|atk|1
|-fail|p1b: Shura|unboost|[from] item: Clear Amulet|[of] p1b: Shura
|-fieldstart|move: Psychic Terrain|[from] ability: Psychic Surge|[of] p1a: Paty
|-enditem|p1a: Paty|Psychic Seed
|-boost|p1a: Paty|spd|1|[from] item: Psychic Seed
|-enditem|p2b: Incineroar|Mirror Herb
|-boost|p2b: Incineroar|spd|1|[from] item: Mirror Herb
|turn|1
|
|t:|1757116449
|-terastallize|p2b: Incineroar|Ghost
|move|p1b: Shura|Wide Guard|p1b: Shura
|-singleturn|p1b: Shura|Wide Guard
|move|p2a: Volcarona|Quiver Dance|p2a: Volcarona
|-boost|p2a: Volcarona|spa|1
|-boost|p2a: Volcarona|spd|1
|-boost|p2a: Volcarona|spe|1
|move|p2b: Incineroar|Flare Blitz|p1b: Shura
|-damage|p1b: Shura|36/100
|-status|p1b: Shura|brn
|-damage|p2b: Incineroar|82/100|[from] Recoil
|move|p1a: Paty|Trick Room|p1a: Paty
|-fieldstart|move: Trick Room|[of] p1a: Paty
|
|-damage|p1b: Shura|31/100 brn|[from] brn
|upkeep
|turn|2
|
|t:|1757116497
|switch|p1b: Acelga|Hatterene, L50, F, shiny|100/100
|move|p1a: Paty|Follow Me|p1a: Paty
|-singleturn|p1a: Paty|move: Follow Me
|move|p2b: Incineroar|Knock Off|p1a: Paty
|-supereffective|p1a: Paty
|-damage|p1a: Paty|55/100
|move|p2a: Volcarona|Quiver Dance|p2a: Volcarona
|-boost|p2a: Volcarona|spa|1
|-boost|p2a: Volcarona|spd|1
|-boost|p2a: Volcarona|spe|1
|
|upkeep
|turn|3
|
|t:|1757116515
|-terastallize|p1b: Acelga|Psychic
|move|p1a: Paty|Helping Hand|p1b: Acelga
|-singleturn|p1b: Acelga|Helping Hand|[of] p1a: Paty
|move|p1b: Acelga|Expanding Force|p2a: Volcarona|[spread] p2a,p2b
|-crit|p2b: Incineroar
|-damage|p2a: Volcarona|22/100
|-damage|p2b: Incineroar|0 fnt
|faint|p2b: Incineroar
|-damage|p1b: Acelga|91/100|[from] item: Life Orb
|move|p2a: Volcarona|Heat Wave|p1b: Acelga|[spread] p1a,p1b
|-damage|p1a: Paty|9/100
|-damage|p1b: Acelga|13/100
|-status|p1a: Paty|brn
|
|-damage|p1a: Paty|3/100 brn|[from] brn
|upkeep
|
|t:|1757116521
|switch|p2b: Rillaboom|Rillaboom, L50, M|100/100
|-fieldstart|move: Grassy Terrain|[from] ability: Grassy Surge|[of] p2b: Rillaboom
|turn|4
|
|t:|1757116551
|switch|p1a: Mbappe|Torkoal, L50, M, shiny|100/100
|-weather|SunnyDay|[from] ability: Drought|[of] p1a: Mbappe
|move|p1b: Acelga|Protect|p1b: Acelga
|-singleturn|p1b: Acelga|Protect
|move|p2a: Volcarona|Protect|p2a: Volcarona
|-singleturn|p2a: Volcarona|Protect
|move|p2b: Rillaboom|Fake Out|p1b: Acelga
|-activate|p1b: Acelga|move: Protect
|
|-weather|SunnyDay|[upkeep]
|-heal|p1b: Acelga|19/100|[from] Grassy Terrain
|-heal|p2a: Volcarona|28/100|[from] Grassy Terrain
|upkeep
|turn|5
|
|t:|1757116568
|switch|p1a: Paty|Indeedee-F, L50, F, shiny|3/100 brn
|-fieldstart|move: Psychic Terrain|[from] ability: Psychic Surge|[of] p1a: Paty
|switch|p2a: Basculegion|Basculegion, L50, M|100/100
|move|p1b: Acelga|Expanding Force|p2b: Rillaboom|[spread] p2a,p2b
|-damage|p2a: Basculegion|0 fnt
|-damage|p2b: Rillaboom|0 fnt
|faint|p2a: Basculegion
|faint|p2b: Rillaboom
|-damage|p1b: Acelga|9/100|[from] item: Life Orb
|
|-weather|SunnyDay|[upkeep]
|-damage|p1a: Paty|0 fnt|[from] brn
|faint|p1a: Paty
|-fieldend|move: Trick Room
|upkeep
|
|t:|1757116587
|switch|p2b: Volcarona|Volcarona, L50, F|28/100
|switch|p1a: Mbappe|Torkoal, L50, M, shiny|100/100
|turn|6
|
|t:|1757116597
|move|p2b: Volcarona|Heat Wave|p1a: Mbappe|[spread] p1a,p1b
|-resisted|p1a: Mbappe
|-damage|p1a: Mbappe|67/100
|-damage|p1b: Acelga|0 fnt
|faint|p1b: Acelga
|move|p1a: Mbappe|Eruption|p2b: Volcarona
|-damage|p2b: Volcarona|0 fnt
|faint|p2b: Volcarona
|
|win|Isam_26011
|raw|Isam_26011's rating: 1139 → 1172(+33 for winning)
|raw|SleepySilver07's rating: 1247 → 1214(-33 for losing)
|l|☆SleepySilver07
|player|p2|
