|j|☆hungry hillo
|j|☆chikondi
|html|hungry hillochikondi    
|uhtml|bestof|Game 2 of a best-of-3
|t:|1756843306
|gametype|doubles
|player|p1|hungry hillo|n|
|player|p2|chikondi|galacticgruntf|
|gen|9
|tier|[Gen 9] VGC 2025 Reg H (Bo3)
|rule|Species Clause: Limit one of each Pokémon
|rule|Item Clause: Limit 1 of each item
|clearpoke
|poke|p1|Sneasler, L50, F|
|poke|p1|Clefable, L50, F|
|poke|p1|Gholdengo, L50|
|poke|p1|Rillaboom, L50, M|
|poke|p1|Dragapult, L50, M|
|poke|p1|Incineroar, L50, M|
|poke|p2|Primarina, L50, F|
|poke|p2|Gholdengo, L50|
|poke|p2|Incineroar, L50, F|
|poke|p2|Dragonite, L50, M|
|poke|p2|Sneasler, L50, F|
|poke|p2|Rillaboom, L50, M|
|teampreview|4
|showteam|p1|Sneasler||FocusSash|Unburden|CloseCombat,DireClaw,Protect,ThroatChop|||F|||50|,,,,,Dark]Clefable||RockyHelmet|Unaware|Moonblast,IcyWind,FollowMe,HelpingHand|||F|||50|,,,,,Ghost]Gholdengo||LifeOrb|GoodasGold|MakeItRain,ShadowBall,NastyPlot,Protect||||||50|,,,,,Water]Rillaboom||AssaultVest|GrassySurge|WoodHammer,GrassyGlide,HighHorsepower,FakeOut|||M|||50|,,,,,Fire]Dragapult||ChoiceSpecs|ClearBody|ShadowBall,Flamethrower,Thunderbolt,DracoMeteor|||M|||50|,,,,,Fire]Incineroar||MirrorHerb|Intimidate|FakeOut,KnockOff,PartingShot,FlareBlitz|||M|||50|,,,,,Bug
|showteam|p2|Primarina||Leftovers|LiquidVoice|HyperVoice,Moonblast,Protect,CalmMind|||F|||50|,,,,,Fairy]Gholdengo||LifeOrb|GoodasGold|MakeItRain,NastyPlot,ShadowBall,Protect||||||50|,,,,,Flying]Incineroar||RockyHelmet|Intimidate|PartingShot,FakeOut,KnockOff,FlareBlitz|||F|||50|,,,,,Ghost]Dragonite||LoadedDice|Multiscale|ScaleShot,Tailwind,ExtremeSpeed,Protect|||M|||50|,,,,,Fairy]Sneasler||FocusSash|Unburden|DireClaw,CloseCombat,FakeOut,Protect|||F|||50|,,,,,Fighting]Rillaboom||MiracleSeed|GrassySurge|GrassyGlide,WoodHammer,Uturn,FakeOut|||M|||50|,,,,,Grass
|
|t:|1756843317
|teamsize|p1|4
|teamsize|p2|4
|start
|switch|p1a: Mr krabe|Gholdengo, L50|100/100
|switch|p1b: Devil|Clefable, L50, F, shiny|100/100
|switch|p2a: Incineroar|Incineroar, L50, F|100/100
|switch|p2b: Dragonite|Dragonite, L50, M|100/100
|-ability|p2a: Incineroar|Intimidate|boost
|-unboost|p1a: Mr krabe|atk|1
|-unboost|p1b: Devil|atk|1
|turn|1
|c|☆chikondi|if u gotta go no worries
|
|t:|1756843342
|switch|p2b: Gholdengo|Gholdengo, L50|100/100
|move|p1b: Devil|Follow Me|p1b: Devil
|-singleturn|p1b: Devil|move: Follow Me
|move|p1a: Mr krabe|Nasty Plot|p1a: Mr krabe
|-boost|p1a: Mr krabe|spa|2
|move|p2a: Incineroar|Knock Off|p1b: Devil
|-resisted|p1b: Devil
|-damage|p1b: Devil|83/100
|-damage|p2a: Incineroar|84/100|[from] item: Rocky Helmet|[of] p1b: Devil
|-enditem|p1b: Devil|Rocky Helmet|[from] move: Knock Off|[of] p2a: Incineroar
|
|upkeep
|turn|2
|
|t:|1756843374
|-terastallize|p1b: Devil|Ghost
|move|p1a: Mr krabe|Protect|p1a: Mr krabe
|-singleturn|p1a: Mr krabe|Protect
|move|p2b: Gholdengo|Protect|p2b: Gholdengo
|-singleturn|p2b: Gholdengo|Protect
|move|p2a: Incineroar|Flare Blitz|p1a: Mr krabe
|-activate|p1a: Mr krabe|move: Protect
|move|p1b: Devil|Icy Wind|p2a: Incineroar|[spread] p2a
|-activate|p2b: Gholdengo|move: Protect
|-resisted|p2a: Incineroar
|-damage|p2a: Incineroar|80/100
|-unboost|p2a: Incineroar|spe|1
|
|upkeep
|turn|3
|
|t:|1756843409
|switch|p2b: Dragonite|Dragonite, L50, M|100/100
|move|p1b: Devil|Follow Me|p1b: Devil
|-singleturn|p1b: Devil|move: Follow Me
|move|p1a: Mr krabe|Shadow Ball|p2b: Dragonite
|-damage|p2b: Dragonite|47/100
|-damage|p1a: Mr krabe|91/100|[from] item: Life Orb
|move|p2a: Incineroar|Knock Off|p1b: Devil
|-supereffective|p1b: Devil
|-damage|p1b: Devil|37/100
|
|upkeep
|turn|4
|
|t:|1756843433
|move|p1b: Devil|Helping Hand|p1a: Mr krabe
|-immune|p1a: Mr krabe|[from] ability: Good as Gold
|move|p1a: Mr krabe|Make It Rain|p2b: Dragonite|[spread] p2a,p2b
|-resisted|p2a: Incineroar
|-damage|p2a: Incineroar|32/100
|-damage|p2b: Dragonite|0 fnt
|-unboost|p1a: Mr krabe|spa|1
|faint|p2b: Dragonite
|-damage|p1a: Mr krabe|81/100|[from] item: Life Orb
|move|p2a: Incineroar|Flare Blitz|p1a: Mr krabe
|-supereffective|p1a: Mr krabe
|-damage|p1a: Mr krabe|0 fnt
|faint|p1a: Mr krabe
|-damage|p2a: Incineroar|7/100|[from] Recoil
|
|upkeep
|c|☆hungry hillo|Im thick in the head
|
|t:|1756843455
|switch|p1a: Dragapult|Dragapult, L50, M|100/100
|switch|p2b: Gholdengo|Gholdengo, L50|100/100
|turn|5
|c|☆chikondi|nno worries bro
|c|☆chikondi|stay confident
|
|t:|1756843481
|switch|p2a: Primarina|Primarina, L50, F|100/100
|move|p2b: Gholdengo|Protect|p2b: Gholdengo
|-singleturn|p2b: Gholdengo|Protect
|move|p1b: Devil|Follow Me|p1b: Devil
|-singleturn|p1b: Devil|move: Follow Me
|move|p1a: Dragapult|Thunderbolt|p2b: Gholdengo
|-activate|p2b: Gholdengo|move: Protect
|
|upkeep
|turn|6
|
|t:|1756843498
|-terastallize|p2a: Primarina|Fairy
|move|p1b: Devil|Follow Me|p1b: Devil
|-singleturn|p1b: Devil|move: Follow Me
|move|p1a: Dragapult|Thunderbolt|p2b: Gholdengo
|-damage|p2b: Gholdengo|53/100
|move|p2b: Gholdengo|Shadow Ball|p1b: Devil
|-supereffective|p1b: Devil
|-crit|p1b: Devil
|-damage|p1b: Devil|0 fnt
|faint|p1b: Devil
|-damage|p2b: Gholdengo|43/100|[from] item: Life Orb
|move|p2a: Primarina|Moonblast|p1a: Dragapult
|-supereffective|p1a: Dragapult
|-damage|p1a: Dragapult|0 fnt
|faint|p1a: Dragapult
|
|upkeep
|
|t:|1756843508
|switch|p1b: ƁºƁ|Sneasler, L50, F|100/100
|turn|7
|
|t:|1756843514
|move|p1b: ƁºƁ|Dire Claw|p2a: Primarina
|-supereffective|p2a: Primarina
|-damage|p2a: Primarina|0 fnt
|faint|p2a: Primarina
|move|p2b: Gholdengo|Make It Rain|p1b: ƁºƁ
|-enditem|p1b: ƁºƁ|Focus Sash
|-damage|p1b: ƁºƁ|1/100
|-unboost|p2b: Gholdengo|spa|1
|-damage|p2b: Gholdengo|34/100|[from] item: Life Orb
|
|upkeep
|
|t:|1756843519
|switch|p2a: Incineroar|Incineroar, L50, F|7/100
|-ability|p2a: Incineroar|Intimidate|boost
|-unboost|p1b: ƁºƁ|atk|1
|turn|8
|
|t:|1756843527
|move|p1b: ƁºƁ|Protect|p1b: ƁºƁ
|-singleturn|p1b: ƁºƁ|Protect
|move|p2a: Incineroar|Fake Out|p1b: ƁºƁ
|-activate|p1b: ƁºƁ|move: Protect
|move|p2b: Gholdengo|Nasty Plot|p2b: Gholdengo
|-boost|p2b: Gholdengo|spa|2
|
|upkeep
|turn|9
|
|t:|1756843536
|move|p1b: ƁºƁ|Throat Chop|p2b: Gholdengo
|-supereffective|p2b: Gholdengo
|-damage|p2b: Gholdengo|0 fnt
|faint|p2b: Gholdengo
|move|p2a: Incineroar|Knock Off|p1b: ƁºƁ
|-resisted|p1b: ƁºƁ
|-damage|p1b: ƁºƁ|0 fnt
|faint|p1b: ƁºƁ
|
|win|chikondi
|c|☆chikondi|gg
|c|☆hungry hillo|Gg
|c|☆chikondi|good luck with frienldy
