|j|☆vilan333
|j|☆jonas.weevil
|html|vilan333jonas.weevil    
|uhtml|bestof|Game 2 of a best-of-3
|t:|1785959652
|gametype|doubles
|player|p1|vilan333|marshal|1281
|player|p2|jonas.weevil|1|1400
|gen|9
|tier|[Gen 9 Champions] VGC 2026 Reg M-B (Bo3)
|rated|
|rule|Species Clause: Limit one of each Pokémon
|rule|Item Clause: Limit 1 of each item
|clearpoke
|poke|p1|Raichu, L50, M|
|poke|p1|Staraptor, L50, F|
|poke|p1|Arcanine-Hisui, L50, F|
|poke|p1|Kingambit, L50, F|
|poke|p1|Sylveon, L50, F|
|poke|p1|Farigiraf, L50, F|
|poke|p2|Delphox, L50, F, shiny|
|poke|p2|Incineroar, L50, F|
|poke|p2|Sinistcha-Masterpiece, L50|
|poke|p2|Sneasler, L50, F|
|poke|p2|Floette-Eternal, L50, F|
|poke|p2|Kingambit, L50, M|
|teampreview|4
|showteam|p1|Raichu||RaichuniteY|LightningRod|Protect,FakeOut,ZapCannon,FocusBlast|Timid||M|||50|]Staraptor||Staraptite|Intimidate|Protect,CloseCombat,BraveBird,Tailwind|Jolly||F|||50|]Arcanine-Hisui||FocusSash|RockHead|Protect,HeadSmash,FlareBlitz,ExtremeSpeed|Adamant||F|||50|]Kingambit||LifeOrb|Defiant|Protect,KowtowCleave,SuckerPunch,SwordsDance|Adamant||F|||50|]Sylveon||FairyFeather|Pixilate|Protect,HyperBeam,HyperVoice,QuickAttack|Modest||F|||50|]Farigiraf||SitrusBerry|ArmorTail|Protect,Psychic,HelpingHand,TrickRoom|Calm||F|||50|
|showteam|p2|Delphox||Delphoxite|Blaze|Psychic,HeatWave,NastyPlot,Protect|Timid||F|||50|]Incineroar||SitrusBerry|Intimidate|FlareBlitz,ThroatChop,PartingShot,FakeOut|Careful||F|||50|]Sinistcha-Masterpiece||OccaBerry|Hospitality|MatchaGotcha,RagePowder,TrickRoom,Protect|Bold|||||50|]Sneasler||FocusSash|PoisonTouch|CloseCombat,PoisonJab,QuickGuard,FakeOut|Jolly||F|||50|]Floette-Eternal||Floettite|FlowerVeil|DrainingKiss,DazzlingGleam,CalmMind,Protect|Timid||F|||50|]Kingambit||LifeOrb|Defiant|KowtowCleave,SuckerPunch,SwordsDance,Protect|Adamant||M|||50|
|inactive|Battle timer is ON: inactive players will automatically lose when time's up. (requested by vilan333)
|
|t:|1785959697
|teamsize|p1|4
|teamsize|p2|4
|start
|switch|p1a: Raichu|Raichu, L50, M|100/100
|switch|p1b: Kingambit|Kingambit, L50, F|100/100
|switch|p2a: Trump|Floette-Eternal, L50, F|100/100
|switch|p2b: Benjamin|Incineroar, L50, F|100/100
|-ability|p2b: Benjamin|Intimidate|boost
|-unboost|p1a: Raichu|atk|1
|-unboost|p1b: Kingambit|atk|1
|-ability|p1b: Kingambit|Defiant|boost
|-boost|p1b: Kingambit|atk|2
|turn|1
|inactive|vilan333 has 30 seconds left.
|inactive|jonas.weevil has 30 seconds left.
|inactive|jonas.weevil has 20 seconds left.
|inactive|jonas.weevil has 15 seconds left.
|inactive|jonas.weevil has 10 seconds left.
|inactive|jonas.weevil has 5 seconds left.
|
|t:|1785959749
|detailschange|p1a: Raichu|Raichu-Mega-Y, L50, M
|-mega|p1a: Raichu|Raichu|Raichunite Y
|detailschange|p2a: Trump|Floette-Mega, L50, F
|-mega|p2a: Trump|Floette|Floettite
|-ability|p2a: Trump|Fairy Aura
|move|p1a: Raichu|Fake Out|p2b: Benjamin
|-damage|p2b: Benjamin|95/100
|move|p2a: Trump|Dazzling Gleam|p1b: Kingambit|[spread] p1a,p1b
|-damage|p1a: Raichu|48/100
|-damage|p1b: Kingambit|66/100
|cant|p2b: Benjamin|flinch
|move|p1b: Kingambit|Kowtow Cleave|p2a: Trump
|-resisted|p2a: Trump|1
|-damage|p2a: Trump|49/100
|-damage|p1b: Kingambit|57/100|[from] item: Life Orb
|
|upkeep
|turn|2
|inactive|vilan333 has 30 seconds left.
|inactive|jonas.weevil has 30 seconds left.
|inactive|vilan333 has 20 seconds left.
|inactive|jonas.weevil has 20 seconds left.
|inactive|jonas.weevil has 15 seconds left.
|inactive|jonas.weevil has 10 seconds left.
|
|t:|1785959795
|switch|p1a: Farigiraf|Farigiraf, L50, F|100/100
|move|p2a: Trump|Protect|p2a: Trump
|-singleturn|p2a: Trump|Protect
|move|p1b: Kingambit|Sucker Punch||[still]
|-fail|p1b: Kingambit
|move|p2b: Benjamin|Flare Blitz|p1b: Kingambit
|-supereffective|p1b: Kingambit|1
|-damage|p1b: Kingambit|0 fnt
|faint|p1b: Kingambit
|-damage|p2b: Benjamin|75/100|[from] Recoil
|
|upkeep
|
|t:|1785959808
|switch|p1b: Raichu|Raichu-Mega-Y, L50, M|48/100
|turn|3
|
|t:|1785959820
|switch|p2b: Melania|Sinistcha-Masterpiece, L50|100/100
|-heal|p2a: Trump|74/100|[from] ability: Hospitality|[of] p2b: Melania
|switch|p1a: Sylveon|Sylveon, L50, F|100/100
|move|p1b: Raichu|Zap Cannon|p2a: Trump
|-damage|p2a: Trump|33/100
|-status|p2a: Trump|par
|cant|p2a: Trump|par
|
|upkeep
|turn|4
|inactive|jonas.weevil has 30 seconds left.
|
|t:|1785959849
|move|p2b: Melania|Protect|p2b: Melania
|-singleturn|p2b: Melania|Protect
|move|p2a: Trump|Protect|p2a: Trump
|-singleturn|p2a: Trump|Protect
|move|p1b: Raichu|Zap Cannon|p2b: Melania
|-activate|p2b: Melania|move: Protect
|move|p1a: Sylveon|Hyper Voice|p2a: Trump|[spread] 
|-activate|p2a: Trump|move: Protect
|-activate|p2b: Melania|move: Protect
|
|upkeep
|turn|5
|
|t:|1785959864
|move|p2b: Melania|Rage Powder|p2b: Melania
|-singleturn|p2b: Melania|move: Rage Powder
|move|p1b: Raichu|Zap Cannon|p2b: Melania
|-resisted|p2b: Melania|1
|-damage|p2b: Melania|70/100
|-status|p2b: Melania|par
|move|p2a: Trump|Dazzling Gleam|p1a: Sylveon|[spread] p1a,p1b
|-damage|p1a: Sylveon|65/100
|-damage|p1b: Raichu|0 fnt
|faint|p1b: Raichu
|move|p1a: Sylveon|Hyper Voice|p2a: Trump|[spread] p2a,p2b
|-damage|p2a: Trump|0 fnt
|-damage|p2b: Melania|17/100 par
|faint|p2a: Trump
|
|upkeep
|
|t:|1785959881
|switch|p1b: Farigiraf|Farigiraf, L50, F|100/100
|switch|p2a: Zuck|Sneasler, L50, F|100/100
|turn|6
|inactive|jonas.weevil has 30 seconds left.
|
|t:|1785959915
|move|p1a: Sylveon|Protect|p1a: Sylveon
|-singleturn|p1a: Sylveon|Protect
|move|p2b: Melania|Rage Powder|p2b: Melania
|-singleturn|p2b: Melania|move: Rage Powder
|move|p2a: Zuck|Poison Jab|p1a: Sylveon
|-activate|p1a: Sylveon|move: Protect
|move|p1b: Farigiraf|Trick Room|p1b: Farigiraf
|-fieldstart|move: Trick Room|[of] p1b: Farigiraf
|
|upkeep
|turn|7
|inactive|vilan333 has 30 seconds left.
|
|t:|1785959945
|move|p1a: Sylveon|Protect||[still]
|-fail|p1a: Sylveon
|move|p2b: Melania|Rage Powder|p2b: Melania
|-singleturn|p2b: Melania|move: Rage Powder
|move|p1b: Farigiraf|Psychic|p2b: Melania
|-damage|p2b: Melania|0 fnt
|faint|p2b: Melania
|move|p2a: Zuck|Poison Jab|p1a: Sylveon
|-supereffective|p1a: Sylveon|1
|-damage|p1a: Sylveon|0 fnt
|faint|p1a: Sylveon
|
|upkeep
|
|t:|1785959955
|switch|p2b: Benjamin|Incineroar, L50, F|75/100
|-ability|p2b: Benjamin|Intimidate|boost
|-unboost|p1b: Farigiraf|atk|1
|turn|8
|
|t:|1785959961
|move|p1b: Farigiraf|Psychic|p2a: Zuck
|-supereffective|p2a: Zuck|2
|-enditem|p2a: Zuck|Focus Sash
|-damage|p2a: Zuck|1/100
|move|p2b: Benjamin|Throat Chop|p1b: Farigiraf
|-supereffective|p1b: Farigiraf|1
|-damage|p1b: Farigiraf|48/100
|-start|p1b: Farigiraf|Throat Chop|[silent]
|-enditem|p1b: Farigiraf|Sitrus Berry|[eat]
|-heal|p1b: Farigiraf|73/100|[from] item: Sitrus Berry
|move|p2a: Zuck|Close Combat|p1b: Farigiraf
|-damage|p1b: Farigiraf|18/100
|-unboost|p2a: Zuck|def|1
|-unboost|p2a: Zuck|spd|1
|
|upkeep
|turn|9
|inactive|vilan333 has 30 seconds left.
|inactive|vilan333 has 20 seconds left.
|
|t:|1785959996
|move|p1b: Farigiraf|Psychic|p2a: Zuck
|-supereffective|p2a: Zuck|2
|-damage|p2a: Zuck|0 fnt
|faint|p2a: Zuck
|move|p2b: Benjamin|Throat Chop|p1b: Farigiraf
|-supereffective|p1b: Farigiraf|1
|-damage|p1b: Farigiraf|0 fnt
|faint|p1b: Farigiraf
|
|win|jonas.weevil
|raw|vilan333's rating: 1281 → 1264(-17 for losing)
|raw|jonas.weevil's rating: 1400 → 1413(+13 for winning)
