|j|☆Philip9804
|j|☆trevYAH
|html|Philip9804trevYAH    
|uhtml|bestof|Game 2 of a best-of-3
|t:|1784143223
|gametype|doubles
|player|p1|Philip9804|may-masters3|
|player|p2|trevYAH|trevor|
|gen|9
|tier|[Gen 9 Champions] VGC 2026 Reg M-B (Bo3)
|rule|Species Clause: Limit one of each Pokémon
|rule|Item Clause: Limit 1 of each item
|clearpoke
|poke|p1|Sneasler, L50, F, shiny|
|poke|p1|Farigiraf, L50, F, shiny|
|poke|p1|Charizard, L50, M, shiny|
|poke|p1|Whimsicott, L50, F, shiny|
|poke|p1|Garchomp, L50, M, shiny|
|poke|p1|Basculegion, L50, M, shiny|
|poke|p2|Froslass, L50, F|
|poke|p2|Dragonite, L50, M|
|poke|p2|Toxapex, L50, F|
|poke|p2|Sneasler, L50, M|
|poke|p2|Kingambit, L50, F|
|poke|p2|Blaziken, L50, F|
|teampreview|4
|showteam|p1|Sneasler||WhiteHerb|Unburden|FakeOut,CloseCombat,DireClaw,Protect|Jolly||F|||50|]Farigiraf||SitrusBerry|ArmorTail|Psychic,HelpingHand,TrickRoom,Imprison|Bold||F|||50|]Charizard||CharizarditeY|Blaze|HeatWave,WeatherBall,SolarBeam,Protect|Modest||M|||50|]Whimsicott||FairyFeather|Prankster|Moonblast,Tailwind,SunnyDay,Encore|Timid||F|||50|]Garchomp||LifeOrb|RoughSkin|StompingTantrum,DragonClaw,RockSlide,Protect|Jolly||M|||50|]Basculegion||ChoiceScarf|Adaptability|LastRespects,WaveCrash,AquaJet,FlipTurn|Jolly||M|||50|
|showteam|p2|Froslass||Froslassite|CursedBody|Blizzard,ShadowBall,AuroraVeil,Protect|Timid||F|||50|]Dragonite||LifeOrb|InnerFocus|DragonClaw,ExtremeSpeed,LowKick,Protect|Adamant||M|||50|]Toxapex||Leftovers|Regenerator|Infestation,Toxic,WideGuard,BanefulBunker|Impish||F|||50|]Sneasler||FocusSash|PoisonTouch|CloseCombat,PoisonJab,FakeOut,Protect|Jolly||M|||50|]Kingambit||BlackGlasses|Defiant|KowtowCleave,SwordsDance,SuckerPunch,Protect|Adamant||F|||50|]Blaziken||Blazikenite|SpeedBoost|CloseCombat,FlareBlitz,RockSlide,Protect|Adamant||F|||50|
|inactive|Battle timer is ON: inactive players will automatically lose when time's up. (requested by Philip9804)
|
|t:|1784143246
|teamsize|p1|4
|teamsize|p2|4
|start
|switch|p1a: Whimsicott|Whimsicott, L50, F, shiny|100/100
|switch|p1b: Charizard|Charizard, L50, M, shiny|100/100
|switch|p2a: Dragonite|Dragonite, L50, M|100/100
|switch|p2b: Froslass|Froslass, L50, F|100/100
|turn|1
|inactive|Philip9804 has 30 seconds left.
|inactive|trevYAH has 30 seconds left.
|
|t:|1784143276
|move|p2b: Froslass|Protect|p2b: Froslass
|-singleturn|p2b: Froslass|Protect
|move|p1b: Charizard|Protect|p1b: Charizard
|-singleturn|p1b: Charizard|Protect
|move|p2a: Dragonite|Protect|p2a: Dragonite
|-singleturn|p2a: Dragonite|Protect
|move|p1a: Whimsicott|Moonblast|p2a: Dragonite
|-activate|p2a: Dragonite|move: Protect
|
|upkeep
|turn|2
|inactive|Philip9804 has 30 seconds left.
|
|t:|1784143304
|switch|p2a: Blaziken|Blaziken, L50, F|100/100
|detailschange|p1b: Charizard|Charizard-Mega-Y, L50, M, shiny
|-mega|p1b: Charizard|Charizard|Charizardite Y
|-weather|SunnyDay|[from] ability: Drought|[of] p1b: Charizard
|move|p1a: Whimsicott|Moonblast|p2a: Blaziken
|-damage|p2a: Blaziken|38/100
|-unboost|p2a: Blaziken|spa|1
|move|p2b: Froslass|Blizzard|p1b: Charizard|[spread] p1a,p1b
|-supereffective|p1a: Whimsicott|1
|-crit|p1a: Whimsicott
|-damage|p1a: Whimsicott|0 fnt
|-damage|p1b: Charizard|75/100
|faint|p1a: Whimsicott
|move|p1b: Charizard|Heat Wave|p2b: Froslass|[spread] p2a,p2b
|-resisted|p2a: Blaziken|1
|-supereffective|p2b: Froslass|1
|-damage|p2a: Blaziken|0 fnt
|-damage|p2b: Froslass|0 fnt
|faint|p2a: Blaziken
|faint|p2b: Froslass
|
|-weather|SunnyDay|[upkeep]
|upkeep
|
|t:|1784143324
|switch|p1a: Garchomp|Garchomp, L50, M, shiny|100/100
|switch|p2b: Kingambit|Kingambit, L50, F|100/100
|switch|p2a: Dragonite|Dragonite, L50, M|100/100
|turn|3
|
|t:|1784143335
|move|p2a: Dragonite|Extreme Speed|p1b: Charizard
|-damage|p1b: Charizard|32/100
|-damage|p2a: Dragonite|90/100|[from] item: Life Orb
|move|p2b: Kingambit|Sucker Punch|p1b: Charizard
|-damage|p1b: Charizard|0 fnt
|faint|p1b: Charizard
|move|p1a: Garchomp|Stomping Tantrum|p2b: Kingambit
|-supereffective|p2b: Kingambit|1
|-damage|p2b: Kingambit|24/100
|-damage|p1a: Garchomp|90/100|[from] item: Life Orb
|
|-weather|SunnyDay|[upkeep]
|upkeep
|
|t:|1784143344
|switch|p1b: Basculegion|Basculegion, L50, M, shiny|100/100
|turn|4
|
|t:|1784143353
|move|p2a: Dragonite|Protect|p2a: Dragonite
|-singleturn|p2a: Dragonite|Protect
|move|p1b: Basculegion|Aqua Jet|p2b: Kingambit
|-damage|p2b: Kingambit|15/100
|move|p2b: Kingambit|Sucker Punch||[still]
|-fail|p2b: Kingambit
|move|p1a: Garchomp|Dragon Claw|p2a: Dragonite
|-activate|p2a: Dragonite|move: Protect
|
|-weather|SunnyDay|[upkeep]
|upkeep
|turn|5
|
|t:|1784143363
|move|p2a: Dragonite|Extreme Speed|p1a: Garchomp
|-damage|p1a: Garchomp|45/100
|-damage|p2a: Dragonite|77/100|[from] ability: Rough Skin|[of] p1a: Garchomp
|-damage|p2a: Dragonite|68/100|[from] item: Life Orb
|move|p1b: Basculegion|Aqua Jet|p2b: Kingambit
|-damage|p2b: Kingambit|7/100
|move|p2b: Kingambit|Sucker Punch|p1a: Garchomp
|-damage|p1a: Garchomp|0 fnt
|-damage|p2b: Kingambit|0 fnt|[from] ability: Rough Skin|[of] p1a: Garchomp
|faint|p1a: Garchomp
|faint|p2b: Kingambit
|
|-weather|SunnyDay|[upkeep]
|upkeep
|turn|6
|
|t:|1784143376
|move|p1b: Basculegion|Aqua Jet|p2a: Dragonite
|-resisted|p2a: Dragonite|1
|-damage|p2a: Dragonite|61/100
|move|p2a: Dragonite|Dragon Claw|p1b: Basculegion
|-damage|p1b: Basculegion|27/100
|-damage|p2a: Dragonite|52/100|[from] item: Life Orb
|
|-weather|none
|upkeep
|turn|7
|c|☆Philip9804|ggs
|
|t:|1784143386
|move|p1b: Basculegion|Aqua Jet|p2a: Dragonite
|-resisted|p2a: Dragonite|1
|-damage|p2a: Dragonite|38/100
|move|p2a: Dragonite|Dragon Claw|p1b: Basculegion
|-damage|p1b: Basculegion|0 fnt
|faint|p1b: Basculegion
|-damage|p2a: Dragonite|29/100|[from] item: Life Orb
|
|win|trevYAH
|c|☆trevYAH|Gg
|l|☆trevYAH
|player|p2|
