|j|☆daikyh
|j|☆DilluVGC
|html|daikyhDilluVGC    
|uhtml|bestof|Game 3 of a best-of-3
|t:|1784054837
|gametype|doubles
|player|p1|daikyh|169|1273
|player|p2|DilluVGC|byron|1172
|gen|9
|tier|[Gen 9 Champions] VGC 2026 Reg M-B (Bo3)
|rated|
|rule|Species Clause: Limit one of each Pokémon
|rule|Item Clause: Limit 1 of each item
|clearpoke
|poke|p1|Charizard, L50, F|
|poke|p1|Garchomp, L50, F, shiny|
|poke|p1|Incineroar, L50, M, shiny|
|poke|p1|Annihilape, L50, F|
|poke|p1|Toxapex, L50, F|
|poke|p1|Venusaur, L50, F|
|poke|p2|Delphox, L50, F|
|poke|p2|Sneasler, L50, M|
|poke|p2|Incineroar, L50, M|
|poke|p2|Sinistcha, L50|
|poke|p2|Blastoise, L50, M|
|poke|p2|Kingambit, L50, M, shiny|
|teampreview|4
|showteam|p1|Charizard||CharizarditeY|SolarPower|WeatherBall,HeatWave,Protect,HelpingHand|Modest||F|||50|]Garchomp||ChoiceScarf|RoughSkin|RockSlide,Earthquake,StompingTantrum,DragonClaw|Adamant||F|||50|]Incineroar||SitrusBerry|Intimidate|PartingShot,FakeOut,FlareBlitz,ThroatChop|Careful||M|||50|]Annihilape||FocusSash|Defiant|RageFist,Protect,CloseCombat,StoneEdge|Jolly||F|||50|]Toxapex||Leftovers|Regenerator|BanefulBunker,Infestation,Toxic,WideGuard|Bold||F|||50|]Venusaur||LifeOrb|Chlorophyll|LeafStorm,Protect,SludgeBomb,EarthPower|Modest||F|||50|
|showteam|p2|Delphox||Delphoxite|Blaze|HeatWave,Psyshock,NastyPlot,Protect|Timid||F|||50|]Sneasler||FocusSash|PoisonTouch|QuickGuard,FakeOut,PoisonJab,CloseCombat|Jolly||M|||50|]Incineroar||SitrusBerry|Intimidate|FakeOut,PartingShot,HelpingHand,FlareBlitz|Impish||M|||50|]Sinistcha||OccaBerry|Hospitality|MatchaGotcha,RagePowder,TrickRoom,Protect|Bold|||||50|]Blastoise||Blastoisinite|RainDish|WaterSpout,DarkPulse,ShellSmash,Protect|Modest||M|||50|]Kingambit||BlackGlasses|Defiant|Protect,SwordsDance,KowtowCleave,SuckerPunch|Adamant||M|||50|
|
|t:|1784054868
|teamsize|p1|4
|teamsize|p2|4
|start
|switch|p1a: Toxapex|Toxapex, L50, F|100/100
|switch|p1b: Garchomp|Garchomp, L50, F, shiny|100/100
|switch|p2a: The Hangman|Kingambit, L50, M, shiny|100/100
|switch|p2b: Maj. Warren|Sneasler, L50, M|100/100
|turn|1
|
|t:|1784054879
|move|p2b: Maj. Warren|Fake Out|p1b: Garchomp
|-damage|p1b: Garchomp|86/100
|-damage|p2b: Maj. Warren|87/100|[from] ability: Rough Skin|[of] p1b: Garchomp
|cant|p1b: Garchomp|flinch
|move|p2a: The Hangman|Swords Dance|p2a: The Hangman
|-boost|p2a: The Hangman|atk|2
|move|p1a: Toxapex|Infestation|p2a: The Hangman
|-damage|p2a: The Hangman|96/100
|-activate|p2a: The Hangman|move: Infestation|[of] p1a: Toxapex
|
|-damage|p2a: The Hangman|84/100|[from] move: Infestation|[partiallytrapped]
|upkeep
|turn|2
|
|t:|1784054903
|move|p1a: Toxapex|Wide Guard|p1a: Toxapex
|-singleturn|p1a: Toxapex|Wide Guard
|move|p2a: The Hangman|Sucker Punch|p1b: Garchomp
|-damage|p1b: Garchomp|0 fnt
|-damage|p2a: The Hangman|72/100|[from] ability: Rough Skin|[of] p1b: Garchomp
|faint|p1b: Garchomp
|move|p2b: Maj. Warren|Poison Jab|p1a: Toxapex
|-resisted|p1a: Toxapex|1
|-damage|p1a: Toxapex|86/100
|
|-heal|p1a: Toxapex|92/100|[from] item: Leftovers
|-damage|p2a: The Hangman|60/100|[from] move: Infestation|[partiallytrapped]
|upkeep
|
|t:|1784054915
|switch|p1b: Charizard|Charizard, L50, F|100/100
|turn|3
|
|t:|1784054924
|switch|p2b: Chris Mannix|Incineroar, L50, M|100/100
|-ability|p2b: Chris Mannix|Intimidate|boost
|-unboost|p1a: Toxapex|atk|1
|-unboost|p1b: Charizard|atk|1
|detailschange|p1b: Charizard|Charizard-Mega-Y, L50, F
|-mega|p1b: Charizard|Charizard|Charizardite Y
|-weather|SunnyDay|[from] ability: Drought|[of] p1b: Charizard
|move|p1b: Charizard|Protect|p1b: Charizard
|-singleturn|p1b: Charizard|Protect
|move|p2a: The Hangman|Protect|p2a: The Hangman
|-singleturn|p2a: The Hangman|Protect
|move|p1a: Toxapex|Infestation|p2b: Chris Mannix
|-damage|p2b: Chris Mannix|97/100
|-activate|p2b: Chris Mannix|move: Infestation|[of] p1a: Toxapex
|
|-weather|SunnyDay|[upkeep]
|-heal|p1a: Toxapex|98/100|[from] item: Leftovers
|-damage|p2b: Chris Mannix|84/100|[from] move: Infestation|[partiallytrapped]
|-damage|p2a: The Hangman|48/100|[from] move: Infestation|[partiallytrapped]
|upkeep
|turn|4
|
|t:|1784054951
|switch|p1b: Venusaur|Venusaur, L50, F|100/100
|move|p2b: Chris Mannix|Fake Out|p1b: Venusaur
|-damage|p1b: Venusaur|84/100
|move|p2a: The Hangman|Sucker Punch||[still]
|-fail|p2a: The Hangman
|move|p1a: Toxapex|Toxic|p2b: Chris Mannix
|-status|p2b: Chris Mannix|tox
|
|-weather|SunnyDay|[upkeep]
|-heal|p1a: Toxapex|100/100|[from] item: Leftovers
|-damage|p2b: Chris Mannix|78/100 tox|[from] psn
|-damage|p2b: Chris Mannix|66/100 tox|[from] move: Infestation|[partiallytrapped]
|-damage|p2a: The Hangman|36/100|[from] move: Infestation|[partiallytrapped]
|upkeep
|turn|5
|
|t:|1784054968
|move|p1b: Venusaur|Protect|p1b: Venusaur
|-singleturn|p1b: Venusaur|Protect
|move|p2a: The Hangman|Sucker Punch||[still]
|-fail|p2a: The Hangman
|move|p2b: Chris Mannix|Flare Blitz|p1b: Venusaur
|-activate|p1b: Venusaur|move: Protect
|move|p1a: Toxapex|Infestation|p2a: The Hangman
|-damage|p2a: The Hangman|32/100
|
|-weather|SunnyDay|[upkeep]
|-damage|p2b: Chris Mannix|54/100 tox|[from] psn
|-damage|p2b: Chris Mannix|42/100 tox|[from] move: Infestation|[partiallytrapped]
|-damage|p2a: The Hangman|20/100y|[from] move: Infestation|[partiallytrapped]
|upkeep
|-enditem|p2b: Chris Mannix|Sitrus Berry|[eat]
|-heal|p2b: Chris Mannix|66/100 tox|[from] item: Sitrus Berry
|turn|6
|
|t:|1784054988
|move|p1b: Venusaur|Protect|p1b: Venusaur
|-singleturn|p1b: Venusaur|Protect
|move|p1a: Toxapex|Baneful Bunker|p1a: Toxapex
|-singleturn|p1a: Toxapex|move: Protect
|move|p2b: Chris Mannix|Flare Blitz|p1b: Venusaur
|-activate|p1b: Venusaur|move: Protect
|move|p2a: The Hangman|Kowtow Cleave|p1b: Venusaur
|-activate|p1b: Venusaur|move: Protect
|
|-weather|SunnyDay|[upkeep]
|-damage|p2b: Chris Mannix|49/100 tox|[from] psn
|-damage|p2b: Chris Mannix|36/100 tox|[from] move: Infestation|[partiallytrapped]
|-end|p2a: The Hangman|Infestation|[partiallytrapped]
|upkeep
|turn|7
|
|t:|1784055006
|switch|p1b: Charizard|Charizard-Mega-Y, L50, F|100/100
|move|p2b: Chris Mannix|Flare Blitz|p1a: Toxapex
|-resisted|p1a: Toxapex|1
|-damage|p1a: Toxapex|75/100
|-damage|p2b: Chris Mannix|30/100 tox|[from] Recoil
|move|p2a: The Hangman|Kowtow Cleave|p1b: Charizard
|-damage|p1b: Charizard|0 fnt
|faint|p1b: Charizard
|move|p1a: Toxapex|Infestation|p2a: The Hangman
|-damage|p2a: The Hangman|16/100
|-activate|p2a: The Hangman|move: Infestation|[of] p1a: Toxapex
|
|-weather|none
|-heal|p1a: Toxapex|81/100|[from] item: Leftovers
|-damage|p2b: Chris Mannix|6/100 tox|[from] psn
|-end|p2b: Chris Mannix|Infestation|[partiallytrapped]
|-damage|p2a: The Hangman|4/100|[from] move: Infestation|[partiallytrapped]
|upkeep
|
|t:|1784055022
|switch|p1b: Venusaur|Venusaur, L50, F|84/100
|turn|8
|
|t:|1784055049
|move|p1b: Venusaur|Protect|p1b: Venusaur
|-singleturn|p1b: Venusaur|Protect
|move|p2a: The Hangman|Sucker Punch|p1a: Toxapex
|-crit|p1a: Toxapex
|-damage|p1a: Toxapex|0 fnt
|faint|p1a: Toxapex
|move|p2b: Chris Mannix|Parting Shot|p1b: Venusaur
|-activate|p1b: Venusaur|move: Protect
|
|-damage|p2b: Chris Mannix|0 fnt|[from] psn
|faint|p2b: Chris Mannix
|-end|p2a: The Hangman|Infestation|[partiallytrapped]|[silent]
|upkeep
|
|t:|1784055060
|switch|p2b: Maj. Warren|Sneasler, L50, M|87/100
|turn|9
|-message|daikyh forfeited.
|
|win|DilluVGC
|raw|daikyh's rating: 1273 → 1241(-32 for losing)
|raw|DilluVGC's rating: 1172 → 1204(+32 for winning)
|l|☆daikyh
|player|p1|
