|j|☆VGC98765
|j|☆paralyze u
|html|VGC98765paralyze u    
|uhtml|bestof|Game 2 of a best-of-3
|t:|1786133991
|gametype|doubles
|player|p1|VGC98765|266|1399
|player|p2|paralyze u|265|1373
|gen|9
|tier|[Gen 9 Champions] VGC 2026 Reg M-B (Bo3)
|rated|
|rule|Species Clause: Limit one of each Pokémon
|rule|Item Clause: Limit 1 of each item
|clearpoke
|poke|p1|Staraptor, L50, M|
|poke|p1|Arcanine-Hisui, L50, M|
|poke|p1|Kingambit, L50, F|
|poke|p1|Raichu, L50, F|
|poke|p1|Farigiraf, L50, F|
|poke|p1|Sylveon, L50, F|
|poke|p2|Gardevoir, L50, F, shiny|
|poke|p2|Basculegion, L50, M|
|poke|p2|Talonflame, L50, M|
|poke|p2|Maushold, L50|
|poke|p2|Kingambit, L50, M|
|poke|p2|Kommo-o, L50, M|
|teampreview|4
|showteam|p1|Staraptor||Staraptite|Intimidate|CloseCombat,DualWingbeat,Tailwind,Protect|Jolly||M|||50|]Arcanine-Hisui||FocusSash|RockHead|FlareBlitz,HeadSmash,ExtremeSpeed,Protect|Jolly||M|||50|]Kingambit||LifeOrb|Defiant|KowtowCleave,SuckerPunch,SwordsDance,Protect|Adamant||F|||50|]Raichu||RaichuniteY|LightningRod|ZapCannon,FocusBlast,FakeOut,Protect|Timid||F|||50|]Farigiraf||SitrusBerry|ArmorTail|Psychic,HelpingHand,TrickRoom,Protect|Calm||F|||50|]Sylveon||FairyFeather|Pixilate|HyperVoice,HyperBeam,QuickAttack,Detect|Modest||F|||50|
|showteam|p2|Gardevoir||Gardevoirite|Trace|HyperVoice,Psychic,Thunderbolt,Protect|Modest||F|||50|]Basculegion||ChoiceScarf|Adaptability|WaveCrash,LastRespects,FlipTurn,AquaJet|Jolly||M|||50|]Talonflame||SharpBeak|GaleWings|DualWingbeat,FlareBlitz,Tailwind,Protect|Jolly||M|||50|]Maushold||FocusSash|FriendGuard|SuperFang,Feint,FollowMe,Protect|Jolly|||||50|]Kingambit||ExpertBelt|Defiant|KowtowCleave,SuckerPunch,IronHead,LowKick|Jolly||M|||50|]Kommo-o||LifeOrb|Soundproof|ClangingScales,VacuumWave,AuraSphere,Protect|Modest||M|||50|
|inactive|Battle timer is ON: inactive players will automatically lose when time's up. (requested by VGC98765)
|
|t:|1786134047
|teamsize|p1|4
|teamsize|p2|4
|start
|switch|p1a: Arcanine|Arcanine-Hisui, L50, M|100/100
|switch|p1b: Staraptor|Staraptor, L50, M|100/100
|switch|p2a: Gardevoir|Gardevoir, L50, F, shiny|100/100
|switch|p2b: Maushold|Maushold, L50|100/100
|-ability|p1b: Staraptor|Intimidate|boost
|-unboost|p2a: Gardevoir|atk|1
|-unboost|p2b: Maushold|atk|1
|-ability|p2a: Gardevoir|Rock Head|Trace|[from] ability: Trace|[of] p1a: Arcanine
|turn|1
|inactive|paralyze u has 30 seconds left.
|inactive|paralyze u has 20 seconds left.
|
|t:|1786134083
|detailschange|p1b: Staraptor|Staraptor-Mega, L50, M
|-mega|p1b: Staraptor|Staraptor|Staraptite
|detailschange|p2a: Gardevoir|Gardevoir-Mega, L50, F, shiny
|-mega|p2a: Gardevoir|Gardevoir|Gardevoirite
|move|p2b: Maushold|Super Fang|p1b: Staraptor
|-damage|p1b: Staraptor|50/100g
|move|p1b: Staraptor|Dual Wingbeat|p2a: Gardevoir
|-damage|p2a: Gardevoir|74/100
|-damage|p2a: Gardevoir|46/100
|-hitcount|p2a: Gardevoir|2
|move|p1a: Arcanine|Head Smash|p2a: Gardevoir
|-damage|p2a: Gardevoir|0 fnt
|faint|p2a: Gardevoir
|
|upkeep
|
|t:|1786134102
|switch|p2a: Basculegion|Basculegion, L50, M|100/100
|turn|2
|
|t:|1786134118
|move|p2b: Maushold|Feint|p1a: Arcanine
|-resisted|p1a: Arcanine|1
|-damage|p1a: Arcanine|96/100
|move|p2a: Basculegion|Flip Turn|p1a: Arcanine
|-supereffective|p1a: Arcanine|2
|-damage|p1a: Arcanine|0 fnt
|faint|p1a: Arcanine
|
|t:|1786134122
|switch|p2a: Kommo-o|Kommo-o, L50, M|100/100|[from] Flip Turn
|move|p1b: Staraptor|Close Combat|p2b: Maushold
|-supereffective|p2b: Maushold|1
|-enditem|p2b: Maushold|Focus Sash
|-damage|p2b: Maushold|1/100
|-boost|p1b: Staraptor|def|1
|-boost|p1b: Staraptor|spd|1
|
|upkeep
|
|t:|1786134135
|switch|p1a: Sylveon|Sylveon, L50, F|100/100
|turn|3
|inactive|paralyze u has 30 seconds left.
|
|t:|1786134163
|move|p2a: Kommo-o|Protect|p2a: Kommo-o
|-singleturn|p2a: Kommo-o|Protect
|move|p2b: Maushold|Super Fang|p1b: Staraptor
|-damage|p1b: Staraptor|25/100
|move|p1b: Staraptor|Close Combat|p2b: Maushold
|-supereffective|p2b: Maushold|1
|-damage|p2b: Maushold|0 fnt
|-boost|p1b: Staraptor|def|1
|-boost|p1b: Staraptor|spd|1
|faint|p2b: Maushold
|move|p1a: Sylveon|Hyper Beam|p2a: Kommo-o
|-activate|p2a: Kommo-o|move: Protect
|
|upkeep
|
|t:|1786134172
|switch|p2b: Basculegion|Basculegion, L50, M|100/100
|turn|4
|
|t:|1786134180
|move|p2b: Basculegion|Last Respects|p1a: Sylveon
|-damage|p1a: Sylveon|0 fnt
|faint|p1a: Sylveon
|move|p1b: Staraptor|Dual Wingbeat|p2a: Kommo-o
|-supereffective|p2a: Kommo-o|1
|-damage|p2a: Kommo-o|60/100
|-supereffective|p2a: Kommo-o|1
|-damage|p2a: Kommo-o|21/100
|-hitcount|p2a: Kommo-o|2
|move|p2a: Kommo-o|Clanging Scales|p1b: Staraptor
|-damage|p1b: Staraptor|0 fnt
|faint|p1b: Staraptor
|-unboost|p2a: Kommo-o|def|1
|-damage|p2a: Kommo-o|11/100|[from] item: Life Orb
|
|upkeep
|
|t:|1786134191
|switch|p1b: Kingambit|Kingambit, L50, F|100/100
|turn|5
|
|t:|1786134203
|move|p1b: Kingambit|Protect|p1b: Kingambit
|-singleturn|p1b: Kingambit|Protect
|move|p2a: Kommo-o|Vacuum Wave|p1b: Kingambit
|-activate|p1b: Kingambit|move: Protect
|move|p2b: Basculegion|Last Respects|p1b: Kingambit
|-activate|p1b: Kingambit|move: Protect
|
|upkeep
|turn|6
|
|t:|1786134213
|move|p2a: Kommo-o|Vacuum Wave|p1b: Kingambit
|-supereffective|p1b: Kingambit|2
|-damage|p1b: Kingambit|1/100
|-damage|p2a: Kommo-o|1/100|[from] item: Life Orb
|move|p2b: Basculegion|Last Respects|p1b: Kingambit
|-resisted|p1b: Kingambit|1
|-damage|p1b: Kingambit|0 fnt
|faint|p1b: Kingambit
|
|win|paralyze u
|raw|VGC98765's rating: 1399 → 1378(-21 for losing)
|raw|paralyze u's rating: 1373 → 1394(+21 for winning)
|l|☆VGC98765
|player|p1|
