|j|☆RobiP
|j|☆blackstormgames
|html|RobiPblackstormgames    
|uhtml|bestof|Game 1 of a best-of-3
|t:|1782324338
|gametype|doubles
|player|p1|RobiP|giovanni|1078
|player|p2|blackstormgames|lance|1175
|gen|9
|tier|[Gen 9 Champions] VGC 2026 Reg M-B (Bo3)
|rated|
|rule|Species Clause: Limit one of each Pokémon
|rule|Item Clause: Limit 1 of each item
|clearpoke
|poke|p1|Raichu, L50, F, shiny|
|poke|p1|Grimmsnarl, L50, M, shiny|
|poke|p1|Incineroar, L50, M, shiny|
|poke|p1|Primarina, L50, F, shiny|
|poke|p1|Garchomp, L50, M, shiny|
|poke|p1|Vanilluxe, L50, F, shiny|
|poke|p2|Metagross, L50|
|poke|p2|Sneasler, L50, M|
|poke|p2|Garchomp, L50, M|
|poke|p2|Whimsicott, L50, F|
|poke|p2|Charizard, L50, M|
|poke|p2|Hydreigon, L50, M|
|teampreview|4
|showteam|p1|Raichu||RaichuniteY|LightningRod|FakeOut,ZapCannon,FocusBlast,VoltSwitch|Timid||F|||50|]Grimmsnarl||LightClay|Prankster|SpiritBreak,Reflect,LightScreen,PartingShot|Careful||M|||50|]Incineroar||SitrusBerry|Intimidate|FakeOut,FlareBlitz,ThroatChop,PartingShot|Careful||M|||50|]Primarina||Leftovers|LiquidVoice|Protect,CalmMind,HyperVoice,Moonblast|Modest||F|||50|]Garchomp||LifeOrb|RoughSkin|Protect,Earthquake,DragonClaw,RockSlide|Jolly||M|||50|]Vanilluxe||ChoiceScarf|SnowWarning|IcyWind,Blizzard,FreezeDry,FlashCannon|Timid||F|||50|
|showteam|p2|Metagross||Metagrossite|ClearBody|IronHead,PsychicFangs,StompingTantrum,Protect|Jolly|||||50|]Sneasler||WhiteHerb|Unburden|FakeOut,CloseCombat,GunkShot,Coaching|Jolly||M|||50|]Garchomp||LifeOrb|RoughSkin|DragonClaw,Earthquake,RockSlide,Protect|Jolly||M|||50|]Whimsicott||FocusSash|Prankster|Moonblast,Tailwind,Encore,Protect|Timid||F|||50|]Charizard||CharizarditeY|Blaze|HeatWave,SolarBeam,Overheat,Protect|Modest||M|||50|]Hydreigon||ChoiceScarf|Levitate|DracoMeteor,Snarl,EarthPower,DarkPulse|Modest||M|||50|
|inactive|Battle timer is ON: inactive players will automatically lose when time's up. (requested by RobiP)
|inactive|RobiP has 60 seconds left.
|inactive|blackstormgames has 60 seconds left.
|inactive|RobiP has 30 seconds left.
|
|t:|1782324402
|teamsize|p1|4
|teamsize|p2|4
|start
|switch|p1a: Raichu|Raichu, L50, F, shiny|100/100
|switch|p1b: Garchomp|Garchomp, L50, M, shiny|100/100
|switch|p2a: Metagross|Metagross, L50|100/100
|switch|p2b: Sneasler|Sneasler, L50, M|100/100
|turn|1
|inactive|RobiP has 30 seconds left.
|inactive|RobiP has 20 seconds left.
|inactive|RobiP has 15 seconds left.
|inactive|RobiP has 10 seconds left.
|inactive|RobiP has 5 seconds left.
|
|t:|1782324453
|switch|p2b: Whimsicott|Whimsicott, L50, F|100/100
|detailschange|p1a: Raichu|Raichu-Mega-Y, L50, F, shiny
|-mega|p1a: Raichu|Raichu|Raichunite Y
|move|p2a: Metagross|Protect|p2a: Metagross
|-singleturn|p2a: Metagross|Protect
|move|p1a: Raichu|Volt Switch|p2a: Metagross
|-activate|p2a: Metagross|move: Protect
|move|p1b: Garchomp|Earthquake|p2b: Whimsicott|[spread] p1a,p2b
|-activate|p2a: Metagross|move: Protect
|-supereffective|p1a: Raichu|1
|-resisted|p2b: Whimsicott|1
|-damage|p1a: Raichu|0 fnt
|-damage|p2b: Whimsicott|59/100
|faint|p1a: Raichu
|-damage|p1b: Garchomp|90/100|[from] item: Life Orb
|
|upkeep
|
|t:|1782324469
|switch|p1a: Vanilluxe|Vanilluxe, L50, F, shiny|100/100
|-weather|Snowscape|[from] ability: Snow Warning|[of] p1a: Vanilluxe
|turn|2
|
|t:|1782324485
|detailschange|p2a: Metagross|Metagross-Mega, L50
|-mega|p2a: Metagross|Metagross|Metagrossite
|move|p2b: Whimsicott|Tailwind|p2b: Whimsicott
|-sidestart|p2: blackstormgames|move: Tailwind
|move|p2a: Metagross|Iron Head|p1a: Vanilluxe
|-supereffective|p1a: Vanilluxe|1
|-damage|p1a: Vanilluxe|0 fnt
|faint|p1a: Vanilluxe
|move|p1b: Garchomp|Rock Slide|p2b: Whimsicott|[spread] p2a,p2b
|-resisted|p2a: Metagross|1
|-damage|p2a: Metagross|89/100
|-damage|p2b: Whimsicott|20/100r
|-damage|p1b: Garchomp|80/100|[from] item: Life Orb
|
|-weather|Snowscape|[upkeep]
|upkeep
|
|t:|1782324496
|switch|p1a: Incineroar|Incineroar, L50, M, shiny|100/100
|-ability|p1a: Incineroar|Intimidate|boost
|-unboost|p2a: Metagross|atk|1
|-unboost|p2b: Whimsicott|atk|1
|turn|3
|
|t:|1782324506
|switch|p2a: Garchomp|Garchomp, L50, M|100/100
|move|p2b: Whimsicott|Protect|p2b: Whimsicott
|-singleturn|p2b: Whimsicott|Protect
|move|p1a: Incineroar|Fake Out|p2a: Garchomp
|-damage|p2a: Garchomp|89/100
|-damage|p1a: Incineroar|87/100|[from] ability: Rough Skin|[of] p2a: Garchomp
|move|p1b: Garchomp|Rock Slide|p2a: Garchomp|[spread] p2a
|-activate|p2b: Whimsicott|move: Protect
|-resisted|p2a: Garchomp|1
|-damage|p2a: Garchomp|77/100
|-damage|p1b: Garchomp|70/100|[from] item: Life Orb
|
|-weather|Snowscape|[upkeep]
|upkeep
|turn|4
|
|t:|1782324525
|move|p2b: Whimsicott|Encore|p1b: Garchomp
|-start|p1b: Garchomp|Encore
|move|p2a: Garchomp|Earthquake|p1b: Garchomp|[spread] p2b,p1a,p1b
|-resisted|p2b: Whimsicott|1
|-supereffective|p1a: Incineroar|1
|-damage|p2b: Whimsicott|0 fnt
|-damage|p1a: Incineroar|2/100
|-damage|p1b: Garchomp|22/100
|-enditem|p1a: Incineroar|Sitrus Berry|[eat]
|-heal|p1a: Incineroar|27/100|[from] item: Sitrus Berry
|faint|p2b: Whimsicott
|-damage|p2a: Garchomp|67/100|[from] item: Life Orb
|move|p1b: Garchomp|Rock Slide|p2a: Garchomp
|-resisted|p2a: Garchomp|1
|-damage|p2a: Garchomp|50/100g
|-damage|p1b: Garchomp|12/100|[from] item: Life Orb
|move|p1a: Incineroar|Flare Blitz|p2a: Garchomp
|-resisted|p2a: Garchomp|1
|-damage|p2a: Garchomp|26/100
|-damage|p1a: Incineroar|14/100|[from] ability: Rough Skin|[of] p2a: Garchomp
|-damage|p1a: Incineroar|7/100|[from] Recoil
|
|-weather|Snowscape|[upkeep]
|upkeep
|
|t:|1782324546
|switch|p2b: Metagross|Metagross-Mega, L50|89/100
|turn|5
|
|t:|1782324554
|move|p2b: Metagross|Stomping Tantrum|p1a: Incineroar
|-supereffective|p1a: Incineroar|1
|-damage|p1a: Incineroar|0 fnt
|faint|p1a: Incineroar
|move|p2a: Garchomp|Rock Slide|p1b: Garchomp
|-resisted|p1b: Garchomp|1
|-damage|p1b: Garchomp|0 fnt
|faint|p1b: Garchomp
|-damage|p2a: Garchomp|16/100|[from] item: Life Orb
|
|win|blackstormgames
||RobiP is ready for game 2.
||blackstormgames is ready for game 2.
|uhtml|next|Next: Game 2 of 3
