|j|☆lumisandi
|j|☆TobiYume
|html|lumisandiTobiYume    
|uhtml|bestof|Game 2 of a best-of-3
|t:|1757009435
|gametype|doubles
|player|p1|lumisandi|hilbert|1016
|player|p2|TobiYume|roxie|1118
|gen|9
|tier|[Gen 9] VGC 2025 Reg H (Bo3)
|rated|
|rule|Species Clause: Limit one of each Pokémon
|rule|Item Clause: Limit 1 of each item
|clearpoke
|poke|p1|Incineroar, L50, F|
|poke|p1|Porygon2, L50|
|poke|p1|Amoonguss, L50, M|
|poke|p1|Ursaluna, L50, F|
|poke|p1|Gholdengo, L50|
|poke|p1|Flamigo, L50, F|
|poke|p2|Garchomp, L50, M|
|poke|p2|Talonflame, L50, F|
|poke|p2|Sylveon, L50, F|
|poke|p2|Tyranitar, L50, M|
|poke|p2|Decidueye-Hisui, L50, F|
|poke|p2|Gholdengo, L50|
|teampreview|4
|showteam|p1|Incineroar||SafetyGoggles|Intimidate|KnockOff,FlareBlitz,PartingShot,FakeOut|||F|||50|,,,,,Grass]Porygon2||Eviolite|Download|TeraBlast,IceBeam,Recover,TrickRoom||||||50|,,,,,Fighting]Amoonguss||MentalHerb|Regenerator|Spore,RagePowder,PollenPuff,SludgeBomb|||M|||50|,,,,,Water]Ursaluna||FlameOrb|Guts|Facade,HeadlongRush,Earthquake,Protect|||F|||50|,,,,,Normal]Gholdengo||LifeOrb|GoodasGold|MakeItRain,ShadowBall,NastyPlot,Protect||||||50|,,,,,Dragon]Flamigo||FocusSash|Scrappy|CloseCombat,BraveBird,WideGuard,Protect|||F|||50|,,,,,Ghost
|showteam|p2|Garchomp||LifeOrb|RoughSkin|DragonClaw,StompingTantrum,Earthquake,Protect|||M|||50|,,,,,Steel]Talonflame||CovertCloak|GaleWings|Tailwind,WillOWisp,BraveBird,Taunt|||F|||50|,,,,,Grass]Sylveon||ThroatSpray|Pixilate|HyperVoice,HyperBeam,TeraBlast,Protect|||F|||50|,,,,,Water]Tyranitar||AssaultVest|SandStream|RockSlide,KnockOff,TeraBlast,LowKick|||M|||50|,,,,,Flying]Decidueye-Hisui||RazorClaw|Scrappy|TripleArrows,LeafBlade,SuckerPunch,Protect|||F|||50|,,,,,Fire]Gholdengo||Leftovers|GoodasGold|MakeItRain,ShadowBall,NastyPlot,Protect||||||50|,,,,,Dragon
|inactive|Battle timer is ON: inactive players will automatically lose when time's up. (requested by TobiYume)
|
|t:|1757009473
|teamsize|p1|4
|teamsize|p2|4
|start
|switch|p1a: Porygon2|Porygon2, L50, shiny|100/100
|switch|p1b: Flamigo|Flamigo, L50, F, shiny|100/100
|switch|p2a: Elie|Talonflame, L50, F|100/100
|switch|p2b: Noel|Decidueye-Hisui, L50, F|100/100
|-ability|p1a: Porygon2|Download|boost
|-boost|p1a: Porygon2|spa|1
|turn|1
|
|t:|1757009491
|move|p1b: Flamigo|Protect|p1b: Flamigo
|-singleturn|p1b: Flamigo|Protect
|move|p2a: Elie|Tailwind|p2a: Elie
|-sidestart|p2: TobiYume|move: Tailwind
|move|p2b: Noel|Triple Arrows|p1a: Porygon2
|-supereffective|p1a: Porygon2
|-damage|p1a: Porygon2|54/100
|move|p1a: Porygon2|Trick Room|p1a: Porygon2
|-fieldstart|move: Trick Room|[of] p1a: Porygon2
|
|upkeep
|turn|2
|
|t:|1757009512
|move|p2a: Elie|Brave Bird|p1b: Flamigo
|-supereffective|p1b: Flamigo
|-enditem|p1b: Flamigo|Focus Sash
|-damage|p1b: Flamigo|1/100
|-damage|p2a: Elie|72/100|[from] Recoil
|move|p1a: Porygon2|Recover|p1a: Porygon2
|-heal|p1a: Porygon2|100/100
|move|p1b: Flamigo|Brave Bird|p2b: Noel
|-supereffective|p2b: Noel
|-crit|p2b: Noel
|-damage|p2b: Noel|0 fnt
|faint|p2b: Noel
|-damage|p1b: Flamigo|0 fnt|[from] Recoil
|faint|p1b: Flamigo
|
|upkeep
|
|t:|1757009525
|switch|p2b: Tio|Sylveon, L50, F, shiny|100/100
|switch|p1b: Ursaluna|Ursaluna, L50, F, shiny|100/100
|turn|3
|
|t:|1757009540
|move|p1b: Ursaluna|Protect|p1b: Ursaluna
|-singleturn|p1b: Ursaluna|Protect
|move|p1a: Porygon2|Tera Blast|p2a: Elie
|-damage|p2a: Elie|14/100
|move|p2b: Tio|Hyper Voice|p1b: Ursaluna|[spread] p1a
|-activate|p1b: Ursaluna|move: Protect
|-damage|p1a: Porygon2|73/100
|-enditem|p2b: Tio|Throat Spray
|-boost|p2b: Tio|spa|1|[from] item: Throat Spray
|move|p2a: Elie|Taunt|p1b: Ursaluna
|-activate|p1b: Ursaluna|move: Protect
|
|-status|p1b: Ursaluna|brn|[from] item: Flame Orb
|upkeep
|turn|4
|inactive|lumisandi has 30 seconds left.
|
|t:|1757009565
|move|p2b: Tio|Protect|p2b: Tio
|-singleturn|p2b: Tio|Protect
|move|p1b: Ursaluna|Facade|p2b: Tio
|-activate|p2b: Tio|move: Protect
|move|p1a: Porygon2|Tera Blast|p2a: Elie
|-damage|p2a: Elie|0 fnt
|faint|p2a: Elie
|
|-damage|p1b: Ursaluna|95/100 brn|[from] brn
|-sideend|p2: TobiYume|move: Tailwind
|upkeep
|
|t:|1757009572
|switch|p2a: Randy|Tyranitar, L50, M|100/100
|-weather|Sandstorm|[from] ability: Sand Stream|[of] p2a: Randy
|turn|5
|
|t:|1757009595
|-terastallize|p2b: Tio|Water
|move|p1b: Ursaluna|Facade|p2b: Tio
|-damage|p2b: Tio|0 fnt
|faint|p2b: Tio
|move|p1a: Porygon2|Ice Beam|p2a: Randy
|-damage|p2a: Randy|87/100
|move|p2a: Randy|Rock Slide|p1b: Ursaluna|[spread] p1a,p1b
|-resisted|p1b: Ursaluna
|-damage|p1a: Porygon2|55/100
|-damage|p1b: Ursaluna|83/100 brn
|
|-weather|Sandstorm|[upkeep]
|-damage|p1a: Porygon2|48/100|[from] Sandstorm
|-damage|p1b: Ursaluna|77/100 brn|[from] brn
|-fieldend|move: Trick Room
|upkeep
|turn|6
|
|t:|1757009619
|-terastallize|p1a: Porygon2|Fighting
|move|p2a: Randy|Knock Off|p1a: Porygon2
|-resisted|p1a: Porygon2
|-damage|p1a: Porygon2|34/100
|-enditem|p1a: Porygon2|Eviolite|[from] move: Knock Off|[of] p2a: Randy
|move|p1a: Porygon2|Tera Blast|p2a: Randy|[anim] Tera Blast Fighting
|-supereffective|p2a: Randy
|-damage|p2a: Randy|7/100
|move|p1b: Ursaluna|Headlong Rush|p2a: Randy
|-supereffective|p2a: Randy
|-damage|p2a: Randy|0 fnt
|-unboost|p1b: Ursaluna|def|1
|-unboost|p1b: Ursaluna|spd|1
|faint|p2a: Randy
|
|win|lumisandi
||TobiYume is ready for game 3.
|inactive|lumisandi has 30 seconds to confirm battle start!
||lumisandi is ready for game 3.
|uhtml|next|Next: Game 3 of 3
|l|☆lumisandi
|player|p1|
