|j|☆OnlyEmbers
|j|☆lioneloz
|html|OnlyEmberslioneloz    
|uhtml|bestof|Game 3 of a best-of-3
|t:|1755470649
|gametype|doubles
|player|p1|OnlyEmbers|skierf|1140
|player|p2|lioneloz|ingo|1190
|gen|9
|tier|[Gen 9] VGC 2025 Reg H (Bo3)
|rated|
|rule|Species Clause: Limit one of each Pokémon
|rule|Item Clause: Limit 1 of each item
|clearpoke
|poke|p1|Magmar, L50, F|
|poke|p1|Sneasler, L50, M|
|poke|p1|Rillaboom, L50, F|
|poke|p1|Kingambit, L50, F|
|poke|p1|Ninetales-Alola, L50, M|
|poke|p1|Dragapult, L50, M|
|poke|p2|Pelipper, L50, M|
|poke|p2|Archaludon, L50, F|
|poke|p2|Sinistcha, L50|
|poke|p2|Ursaluna, L50, M|
|poke|p2|Dragonite, L50, M|
|poke|p2|Annihilape, L50, M|
|teampreview|4
|showteam|p1|Magmar||Eviolite|FlameBody|Protect,FollowMe,Taunt,Overheat|||F|||50|,,,,,Grass]Sneasler||GrassySeed|Unburden|Protect,CloseCombat,DireClaw,FakeOut|||M|||50|,,,,,Dark]Rillaboom||AssaultVest|GrassySurge|FakeOut,Uturn,GrassyGlide,WoodHammer|||F|||50|,,,,,Fire]Kingambit||SafetyGoggles|Defiant|Protect,SuckerPunch,KowtowCleave,SwordsDance|||F|||50|,,,,,Dark]Ninetales-Alola||LightClay|SnowWarning|Protect,AuroraVeil,Blizzard,FreezeDry|||M|||50|,,,,,Ice]Dragapult||ChoiceBand|ClearBody|DragonDarts,Uturn,TeraBlast,SuckerPunch|||M|||50|,,,,,Ghost
|showteam|p2|Pelipper||FocusSash|Drizzle|WeatherBall,Hurricane,Tailwind,Protect|||M|||50|,,,,,Grass]Archaludon||AssaultVest|Stamina|FlashCannon,ElectroShot,Snarl,BodyPress|||F|||50|,,,,,Water]Sinistcha||SitrusBerry|Hospitality|MatchaGotcha,LifeDew,RagePowder,TrickRoom||||||50|,,,,,Dark]Ursaluna||FlameOrb|Guts|Facade,HeadlongRush,Earthquake,Protect|||M|||50|,,,,,Ghost]Dragonite||LoadedDice|Multiscale|ScaleShot,Tailwind,Haze,Protect|||M|||50|,,,,,Fairy]Annihilape||ChoiceScarf|VitalSpirit|CloseCombat,FinalGambit,RageFist,Coaching|||M|||50|,,,,,Grass
|inactive|Battle timer is ON: inactive players will automatically lose when time's up. (requested by OnlyEmbers)
|inactive|lioneloz has 60 seconds left.
|
|t:|1755470699
|teamsize|p1|4
|teamsize|p2|4
|start
|switch|p1a: Dragapult|Dragapult, L50, M, shiny|100/100
|switch|p1b: Sneasler|Sneasler, L50, M, shiny|100/100
|switch|p2a: Dragonite|Dragonite, L50, M|100/100
|switch|p2b: Annihilape|Annihilape, L50, M|100/100
|turn|1
|
|t:|1755470714
|move|p2a: Dragonite|Protect|p2a: Dragonite
|-singleturn|p2a: Dragonite|Protect
|move|p2b: Annihilape|Coaching|p2a: Dragonite
|-boost|p2a: Dragonite|atk|1
|-boost|p2a: Dragonite|def|1
|move|p1a: Dragapult|Dragon Darts|p2b: Annihilape
|-damage|p2b: Annihilape|63/100
|-anim|p1a: Dragapult|Dragon Darts|p2b: Annihilape
|-damage|p2b: Annihilape|26/100
|move|p1b: Sneasler|Dire Claw|p2a: Dragonite
|-activate|p2a: Dragonite|move: Protect
|
|upkeep
|turn|2
|inactive|lioneloz has 30 seconds left.
|
|t:|1755470747
|-terastallize|p1a: Dragapult|Ghost
|-terastallize|p2a: Dragonite|Fairy
|move|p2b: Annihilape|Coaching|p2a: Dragonite
|-boost|p2a: Dragonite|atk|1
|-boost|p2a: Dragonite|def|1
|move|p1a: Dragapult|Dragon Darts|p2b: Annihilape
|-damage|p2b: Annihilape|0 fnt
|faint|p2b: Annihilape
|move|p1b: Sneasler|Dire Claw|p2a: Dragonite
|-supereffective|p2a: Dragonite
|-damage|p2a: Dragonite|74/100
|-status|p2a: Dragonite|par
|move|p2a: Dragonite|Scale Shot|p1a: Dragapult
|-damage|p1a: Dragapult|61/100
|-damage|p1a: Dragapult|21/100
|-damage|p1a: Dragapult|0 fnt
|faint|p1a: Dragapult
|-hitcount|p1: Dragapult|3
|-unboost|p2a: Dragonite|def|1
|-boost|p2a: Dragonite|spe|1
|
|upkeep
|
|t:|1755470770
|switch|p1a: Kingambit|Kingambit, L50, F, shiny|100/100
|switch|p2b: Pelipper|Pelipper, L50, M|100/100
|-weather|RainDance|[from] ability: Drizzle|[of] p2b: Pelipper
|turn|3
|
|t:|1755470786
|move|p1b: Sneasler|Dire Claw|p2a: Dragonite
|-supereffective|p2a: Dragonite
|-damage|p2a: Dragonite|0 fnt
|faint|p2a: Dragonite
|move|p2b: Pelipper|Tailwind|p2b: Pelipper
|-sidestart|p2: lioneloz|move: Tailwind
|move|p1a: Kingambit|Swords Dance|p1a: Kingambit
|-boost|p1a: Kingambit|atk|2
|
|-weather|RainDance|[upkeep]
|upkeep
|
|t:|1755470794
|switch|p2a: Archaludon|Archaludon, L50, F|100/100
|turn|4
|
|t:|1755470807
|move|p1a: Kingambit|Sucker Punch|p2a: Archaludon
|-damage|p2a: Archaludon|43/100
|-ability|p2a: Archaludon|Stamina|boost
|-boost|p2a: Archaludon|def|1
|move|p2a: Archaludon|Flash Cannon|p1b: Sneasler
|-damage|p1b: Sneasler|47/100
|move|p2b: Pelipper|Weather Ball|p1b: Sneasler
|-damage|p1b: Sneasler|0 fnt
|faint|p1b: Sneasler
|
|-weather|RainDance|[upkeep]
|upkeep
|
|t:|1755470816
|switch|p1b: Ninetales|Ninetales-Alola, L50, M, shiny|100/100
|-weather|Snowscape|[from] ability: Snow Warning|[of] p1b: Ninetales
|turn|5
|
|t:|1755470830
|move|p1a: Kingambit|Sucker Punch|p2a: Archaludon
|-crit|p2a: Archaludon
|-damage|p2a: Archaludon|0 fnt
|faint|p2a: Archaludon
|move|p2b: Pelipper|Weather Ball|p1b: Ninetales
|-resisted|p1b: Ninetales
|-damage|p1b: Ninetales|82/100
|move|p1b: Ninetales|Blizzard|p2b: Pelipper
|-damage|p2b: Pelipper|32/100
|
|-weather|Snowscape|[upkeep]
|upkeep
|turn|6
|-message|lioneloz forfeited.
|
|win|OnlyEmbers
|raw|OnlyEmbers's rating: 1140 → 1169(+29 for winning)
|raw|lioneloz's rating: 1190 → 1161(-29 for losing)
|c|☆lioneloz|nice freeze game two
|c|☆OnlyEmbers|ggwp
|c|☆lioneloz|had the game otherwise gg
|c|☆OnlyEmbers|yeah ngl that was lucky
|l|☆lioneloz
|player|p2|
|c|☆OnlyEmbers|I like rain teams but I think it needs to be updated
