|j|☆KamiCR666
|j|☆keahi
|html|KamiCR666keahi    
|uhtml|bestof|Game 2 of a best-of-3
|t:|1783657596
|gametype|doubles
|player|p1|KamiCR666|101|1214
|player|p2|keahi|giovanni|1157
|gen|9
|tier|[Gen 9 Champions] VGC 2026 Reg M-B (Bo3)
|rated|
|rule|Species Clause: Limit one of each Pokémon
|rule|Item Clause: Limit 1 of each item
|clearpoke
|poke|p1|Charizard, L50, F|
|poke|p1|Kingambit, L50, F|
|poke|p1|Sylveon, L50, F|
|poke|p1|Garchomp, L50, F|
|poke|p1|Aerodactyl, L50, F|
|poke|p1|Farigiraf, L50, M|
|poke|p2|Scovillain, L50, F, shiny|
|poke|p2|Tyranitar, L50, M|
|poke|p2|Excadrill, L50, M|
|poke|p2|Talonflame, L50, F|
|poke|p2|Sylveon, L50, M, shiny|
|poke|p2|Araquanid, L50, F|
|teampreview|4
|showteam|p1|Charizard||CharizarditeY|SolarPower|Protect,HeatWave,SolarBeam,WeatherBall|Modest||F|||50|]Kingambit||FocusSash|Defiant|IronHead,SuckerPunch,KowtowCleave,LowKick|Adamant||F|||50|]Sylveon||FairyFeather|Pixilate|Detect,HyperVoice,HyperBeam,QuickAttack|Modest||F|||50|]Garchomp||LifeOrb|RoughSkin|Protect,DragonClaw,Earthquake,RockSlide|Jolly||F|||50|]Aerodactyl||Aerodactylite|Unnerve|IceFang,RockSlide,Tailwind,DualWingbeat|Jolly||F|||50|]Farigiraf||SitrusBerry|ArmorTail|TrickRoom,Psychic,Thunderbolt,Protect|Bold||M|||50|
|showteam|p2|Scovillain||Scovillainite|Moody|Protect,GigaDrain,Flamethrower,RagePowder|Bold||F|||50|]Tyranitar||Tyranitarite|SandStream|RockSlide,Protect,Assurance,LowKick|Adamant||M|||50|]Excadrill||FocusSash|SandRush|HighHorsepower,IronHead,Protect,RockSlide|Adamant||M|||50|]Talonflame||SharpBeak|GaleWings|BraveBird,Tailwind,FlareBlitz,Protect|Jolly||F|||50|]Sylveon||FairyFeather|Pixilate|HyperVoice,Detect,QuickAttack,HyperBeam|Modest||M|||50|]Araquanid||MysticWater|WaterBubble|Liquidation,LeechLife,WideGuard,Protect|Careful||F|||50|
|
|t:|1783657618
|teamsize|p1|4
|teamsize|p2|4
|start
|switch|p1a: Aerodactyl|Aerodactyl, L50, F|100/100
|switch|p1b: Garchomp|Garchomp, L50, F|100/100
|switch|p2a: Sylveon|Sylveon, L50, M, shiny|100/100
|switch|p2b: Scovillain|Scovillain, L50, F, shiny|100/100
|-ability|p1a: Aerodactyl|Unnerve
|turn|1
|j| elbau1129
|
|t:|1783657633
|detailschange|p1a: Aerodactyl|Aerodactyl-Mega, L50, F
|-mega|p1a: Aerodactyl|Aerodactyl|Aerodactylite
|move|p2a: Sylveon|Detect|p2a: Sylveon
|-singleturn|p2a: Sylveon|Protect
|move|p2b: Scovillain|Protect|p2b: Scovillain
|-singleturn|p2b: Scovillain|Protect
|move|p1a: Aerodactyl|Rock Slide|p2a: Sylveon|[spread] 
|-activate|p2a: Sylveon|move: Protect
|-activate|p2b: Scovillain|move: Protect
|move|p1b: Garchomp|Earthquake|p2a: Sylveon|[spread] 
|-activate|p2a: Sylveon|move: Protect
|-activate|p2b: Scovillain|move: Protect
|-immune|p1a: Aerodactyl
|
|-ability|p2b: Scovillain|Moody|boost
|-boost|p2b: Scovillain|def|2
|-unboost|p2b: Scovillain|atk|1
|upkeep
|turn|2
|
|t:|1783657651
|detailschange|p2b: Scovillain|Scovillain-Mega, L50, F, shiny
|-mega|p2b: Scovillain|Scovillain|Scovillainite
|move|p2b: Scovillain|Rage Powder|p2b: Scovillain
|-singleturn|p2b: Scovillain|move: Rage Powder
|move|p1a: Aerodactyl|Rock Slide|p2b: Scovillain|[spread] p2a,p2b
|-supereffective|p2b: Scovillain|1
|-damage|p2a: Sylveon|63/100
|-damage|p2b: Scovillain|77/100
|-status|p1a: Aerodactyl|brn|[from] ability: Spicy Spray|[of] p2b: Scovillain
|move|p1b: Garchomp|Earthquake|p2b: Scovillain|[spread] p2a,p2b
|-immune|p1a: Aerodactyl
|-damage|p2a: Sylveon|0 fnt
|-damage|p2b: Scovillain|57/100
|-status|p1b: Garchomp|brn|[from] ability: Spicy Spray|[of] p2b: Scovillain
|faint|p2a: Sylveon
|-damage|p1b: Garchomp|90/100 brn|[from] item: Life Orb
|
|-damage|p1a: Aerodactyl|93/100 brn|[from] brn
|-damage|p1b: Garchomp|84/100 brn|[from] brn
|upkeep
|
|t:|1783657662
|switch|p2a: Tyranitar|Tyranitar, L50, M|100/100
|-weather|Sandstorm|[from] ability: Sand Stream|[of] p2a: Tyranitar
|turn|3
|
|t:|1783657672
|move|p1a: Aerodactyl|Dual Wingbeat|p2b: Scovillain|[miss]
|-miss|p1a: Aerodactyl|p2b: Scovillain
|move|p1b: Garchomp|Earthquake|p2a: Tyranitar|[spread] p2a,p2b
|-immune|p1a: Aerodactyl
|-supereffective|p2a: Tyranitar|1
|-damage|p2a: Tyranitar|61/100
|-damage|p2b: Scovillain|46/100
|-damage|p1b: Garchomp|74/100 brn|[from] item: Life Orb
|move|p2b: Scovillain|Giga Drain|p1b: Garchomp
|-damage|p1b: Garchomp|33/100 brn
|-heal|p2b: Scovillain|68/100|[from] drain|[of] p1b: Garchomp
|move|p2a: Tyranitar|Rock Slide|p1a: Aerodactyl|[spread] p1a,p1b
|-supereffective|p1a: Aerodactyl|1
|-resisted|p1b: Garchomp|1
|-damage|p1a: Aerodactyl|18/100 brn
|-damage|p1b: Garchomp|16/100 brn
|
|-weather|Sandstorm|[upkeep]
|-damage|p2b: Scovillain|62/100|[from] Sandstorm
|-damage|p1a: Aerodactyl|11/100 brn|[from] brn
|-damage|p1b: Garchomp|10/100 brn|[from] brn
|upkeep
|turn|4
|
|t:|1783657683
|move|p2b: Scovillain|Protect|p2b: Scovillain
|-singleturn|p2b: Scovillain|Protect
|move|p2a: Tyranitar|Protect|p2a: Tyranitar
|-singleturn|p2a: Tyranitar|Protect
|move|p1a: Aerodactyl|Dual Wingbeat|p2b: Scovillain
|-activate|p2b: Scovillain|move: Protect
|move|p1b: Garchomp|Earthquake|p2a: Tyranitar|[spread] 
|-activate|p2a: Tyranitar|move: Protect
|-activate|p2b: Scovillain|move: Protect
|-immune|p1a: Aerodactyl
|
|-weather|Sandstorm|[upkeep]
|-damage|p2b: Scovillain|56/100|[from] Sandstorm
|-damage|p1a: Aerodactyl|5/100 brn|[from] brn
|-damage|p1b: Garchomp|4/100 brn|[from] brn
|upkeep
|turn|5
|
|t:|1783657720
|move|p2b: Scovillain|Protect|p2b: Scovillain
|-singleturn|p2b: Scovillain|Protect
|move|p1a: Aerodactyl|Rock Slide|p2b: Scovillain|[spread] p2a
|-activate|p2b: Scovillain|move: Protect
|-damage|p2a: Tyranitar|51/100
|move|p1b: Garchomp|Earthquake|p2b: Scovillain|[spread] p2a
|-activate|p2b: Scovillain|move: Protect
|-immune|p1a: Aerodactyl
|-supereffective|p2a: Tyranitar|1
|-damage|p2a: Tyranitar|9/100
|-damage|p1b: Garchomp|0 fnt|[from] item: Life Orb
|faint|p1b: Garchomp
|cant|p2a: Tyranitar|flinch
|
|-weather|Sandstorm|[upkeep]
|-damage|p2b: Scovillain|51/100|[from] Sandstorm
|-damage|p1a: Aerodactyl|0 fnt|[from] brn
|faint|p1a: Aerodactyl
|upkeep
|
|t:|1783657724
|switch|p1a: Kingambit|Kingambit, L50, F|100/100
|switch|p1b: Farigiraf|Farigiraf, L50, M|100/100
|turn|6
|
|t:|1783657752
|move|p1a: Kingambit|Sucker Punch|p2a: Tyranitar
|-resisted|p2a: Tyranitar|1
|-damage|p2a: Tyranitar|0 fnt
|faint|p2a: Tyranitar
|move|p2b: Scovillain|Flamethrower|p1b: Farigiraf
|-damage|p1b: Farigiraf|60/100
|move|p1b: Farigiraf|Trick Room|p1b: Farigiraf
|-fieldstart|move: Trick Room|[of] p1b: Farigiraf
|
|-weather|Sandstorm|[upkeep]
|-damage|p1b: Farigiraf|54/100|[from] Sandstorm
|-damage|p2b: Scovillain|45/100|[from] Sandstorm
|upkeep
|
|t:|1783657755
|switch|p2a: Araquanid|Araquanid, L50, F|100/100
|turn|7
|
|t:|1783657767
|move|p2a: Araquanid|Leech Life|p1b: Farigiraf
|-supereffective|p1b: Farigiraf|1
|-damage|p1b: Farigiraf|9/100
|-enditem|p1b: Farigiraf|Sitrus Berry|[eat]
|-heal|p1b: Farigiraf|34/100|[from] item: Sitrus Berry
|move|p1b: Farigiraf|Thunderbolt|p2a: Araquanid
|-supereffective|p2a: Araquanid|1
|-damage|p2a: Araquanid|69/100
|move|p2b: Scovillain|Flamethrower|p1a: Kingambit
|-supereffective|p1a: Kingambit|1
|-damage|p1a: Kingambit|11/100
|move|p1a: Kingambit|Iron Head|p2a: Araquanid
|-resisted|p2a: Araquanid|1
|-damage|p2a: Araquanid|46/100
|
|-weather|none
|upkeep
|turn|8
|
|t:|1783657787
|move|p2b: Scovillain|Rage Powder|p2b: Scovillain
|-singleturn|p2b: Scovillain|move: Rage Powder
|move|p1a: Kingambit|Sucker Punch||[still]
|-fail|p1a: Kingambit
|move|p2a: Araquanid|Leech Life|p1b: Farigiraf
|-supereffective|p1b: Farigiraf|1
|-damage|p1b: Farigiraf|0 fnt
|-heal|p2a: Araquanid|68/100|[from] drain|[of] p1b: Farigiraf
|faint|p1b: Farigiraf
|
|upkeep
|turn|9
|
|t:|1783657803
|move|p2a: Araquanid|Liquidation|p1a: Kingambit
|-damage|p1a: Kingambit|0 fnt
|faint|p1a: Kingambit
|
|win|keahi
||KamiCR666 is ready for game 3.
|inactive|keahi has 30 seconds to confirm battle start!
|inactive|keahi has 20 seconds to confirm battle start!
||keahi is ready for game 3.
|uhtml|next|Next: Game 3 of 3
