|j|☆T0123456789
|j|☆darthnius
|html|T0123456789darthnius    
|uhtml|bestof|Game 2 of a best-of-3
|t:|1754930590
|gametype|doubles
|player|p1|T0123456789|dawn|1196
|player|p2|darthnius|volkner|1386
|gen|9
|tier|[Gen 9] VGC 2025 Reg H (Bo3)
|rated|
|rule|Species Clause: Limit one of each Pokémon
|rule|Item Clause: Limit 1 of each item
|clearpoke
|poke|p1|Weezing-Galar, L50, F|
|poke|p1|Tyranitar, L50, M|
|poke|p1|Dragapult, L50, F|
|poke|p1|Toedscruel, L50, M|
|poke|p1|Dondozo, L50, M|
|poke|p1|Tatsugiri-Droopy, L50, M|
|poke|p2|Gallade, L50, M|
|poke|p2|Indeedee-F, L50, F|
|poke|p2|Torkoal, L50, M|
|poke|p2|Kingambit, L50, M|
|poke|p2|Hatterene, L50, F|
|poke|p2|Zoroark-Hisui, L50, F|
|teampreview|4
|showteam|p1|Weezing-Galar||SitrusBerry|NeutralizingGas|Protect,PoisonGas,ToxicSpikes,StrangeSteam|||F|||50|,,,,,Water]Tyranitar||AbilityShield|SandStream|Protect,RockSlide,TeraBlast,KnockOff|||M|||50|,,,,,Flying]Dragapult||ChoiceBand|ClearBody|DragonDarts,PhantomForce,Uturn,SuckerPunch|||F|||50|,,,,,Dragon]Toedscruel||CovertCloak|MyceliumMight|Spore,RagePowder,Taunt,EarthPower|||M|||50|,,,,,Water]Dondozo||Leftovers|Unaware|Protect,Earthquake,OrderUp,BodyPress|||M|||50|,,,,,Steel]Tatsugiri-Droopy||ChoiceScarf|Commander|MuddyWater,IcyWind,DragonPulse,DracoMeteor|||M|||50|,,,,,Steel
|showteam|p2|Gallade||ClearAmulet|Sharpness|SacredSword,PsychoCut,TrickRoom,WideGuard|||M|||50|,,,,,Grass]Indeedee-F||RockyHelmet|PsychicSurge|FollowMe,HelpingHand,TrickRoom,Psychic|||F|||50|,,,,,Steel]Torkoal||Charcoal|Drought|Eruption,HeatWave,WeatherBall,ClearSmog|||M|||50|,,,,,Fire]Kingambit||SafetyGoggles|Defiant|KowtowCleave,IronHead,SuckerPunch,SwordsDance|||M|||50|,,,,,Ghost]Hatterene||LifeOrb|MagicBounce|ExpandingForce,DazzlingGleam,Protect,TrickRoom|||F|||50|,,,,,Water]Zoroark-Hisui||ChoiceSpecs|Illusion|HyperVoice,ShadowBall,TeraBlast,Taunt|||F|||50|,,,,,Stellar
|inactive|Battle timer is ON: inactive players will automatically lose when time's up. (requested by T0123456789)
|inactive|T0123456789 has 60 seconds left.
|
|t:|1754930624
|teamsize|p1|4
|teamsize|p2|4
|start
|switch|p1a: Dragapult|Dragapult, L50, F|100/100
|switch|p1b: Weezing|Weezing-Galar, L50, F|100/100
|switch|p2a: Gallade|Gallade, L50, M|100/100
|switch|p2b: Kingambit|Kingambit, L50, M|100/100
|-ability|p1b: Weezing|Neutralizing Gas
|turn|1
|inactive|darthnius has 30 seconds left.
|
|t:|1754930653
|-terastallize|p1a: Dragapult|Dragon
|move|p2b: Kingambit|Sucker Punch|p1a: Dragapult
|-damage|p1a: Dragapult|47/100
|move|p1a: Dragapult|Dragon Darts|p2a: Gallade
|-damage|p2a: Gallade|14/100
|-anim|p1a: Dragapult|Dragon Darts|p2b: Kingambit
|-resisted|p2b: Kingambit
|-damage|p2b: Kingambit|81/100
|move|p1b: Weezing|Toxic Spikes|p2a: Gallade
|-sidestart|p2: darthnius|move: Toxic Spikes
|move|p2a: Gallade|Trick Room|p2a: Gallade
|-fieldstart|move: Trick Room|[of] p2a: Gallade
|
|upkeep
|turn|2
|
|t:|1754930676
|move|p2b: Kingambit|Iron Head|p1b: Weezing
|-supereffective|p1b: Weezing
|-damage|p1b: Weezing|20/100
|-enditem|p1b: Weezing|Sitrus Berry|[eat]
|-heal|p1b: Weezing|45/100|[from] item: Sitrus Berry
|move|p1b: Weezing|Strange Steam|p2a: Gallade
|-supereffective|p2a: Gallade
|-damage|p2a: Gallade|0 fnt
|faint|p2a: Gallade
|move|p1a: Dragapult|Dragon Darts|p2b: Kingambit
|-resisted|p2b: Kingambit
|-damage|p2b: Kingambit|59/100
|-anim|p1a: Dragapult|Dragon Darts|p2b: Kingambit
|-resisted|p2b: Kingambit
|-damage|p2b: Kingambit|38/100
|
|upkeep
|
|t:|1754930690
|switch|p2a: Torkoal|Torkoal, L50, M|100/100
|-status|p2a: Torkoal|psn
|turn|3
|
|t:|1754930697
|move|p1b: Weezing|Protect|p1b: Weezing
|-singleturn|p1b: Weezing|Protect
|move|p2a: Torkoal|Eruption|p1a: Dragapult|[spread] p1a
|-activate|p1b: Weezing|move: Protect
|-resisted|p1a: Dragapult
|-damage|p1a: Dragapult|11/100
|move|p2b: Kingambit|Kowtow Cleave|p1a: Dragapult
|-damage|p1a: Dragapult|0 fnt
|faint|p1a: Dragapult
|
|-damage|p2a: Torkoal|88/100 psn|[from] psn
|upkeep
|
|t:|1754930706
|switch|p1a: Dondozo|Dondozo, L50, M|100/100
|turn|4
|
|t:|1754930724
|-end|p1b: Weezing|ability: Neutralizing Gas
|-weather|SunnyDay|[from] ability: Drought|[of] p2a: Torkoal
|switch|p1b: Tatsugiri|Tatsugiri-Droopy, L50, M, shiny|100/100
|-activate|p1b: Tatsugiri|ability: Commander|[of] p1a: Dondozo
|-boost|p1a: Dondozo|atk|2
|-boost|p1a: Dondozo|spa|2
|-boost|p1a: Dondozo|spe|2
|-boost|p1a: Dondozo|def|2
|-boost|p1a: Dondozo|spd|2
|move|p2a: Torkoal|Clear Smog|p1a: Dondozo
|-damage|p1a: Dondozo|95/100
|-clearboost|p1a: Dondozo
|move|p2b: Kingambit|Kowtow Cleave|p1b: Tatsugiri|[miss]
|-miss|p2b: Kingambit|p1b: Tatsugiri
|move|p1a: Dondozo|Earthquake|p2a: Torkoal|[spread] p2a,p2b
|-miss|p1a: Dondozo|p1b: Tatsugiri
|-supereffective|p2a: Torkoal
|-supereffective|p2b: Kingambit
|-damage|p2a: Torkoal|62/100 psn
|-damage|p2b: Kingambit|12/100
|
|-weather|SunnyDay|[upkeep]
|-heal|p1a: Dondozo|100/100|[from] item: Leftovers
|-damage|p2a: Torkoal|50/100 psn|[from] psn
|upkeep
|turn|5
|inactive|darthnius has 30 seconds left.
|
|t:|1754930753
|-terastallize|p2a: Torkoal|Fire
|move|p1a: Dondozo|Protect|p1a: Dondozo
|-singleturn|p1a: Dondozo|Protect
|move|p2b: Kingambit|Sucker Punch||[still]
|-fail|p2b: Kingambit
|move|p2a: Torkoal|Weather Ball|p1a: Dondozo
|-activate|p1a: Dondozo|move: Protect
|
|-weather|SunnyDay|[upkeep]
|-damage|p2a: Torkoal|37/100 psn|[from] psn
|-fieldend|move: Trick Room
|upkeep
|turn|6
|
|t:|1754930764
|move|p1a: Dondozo|Earthquake|p2b: Kingambit|[spread] p2a,p2b
|-miss|p1a: Dondozo|p1b: Tatsugiri
|-supereffective|p2a: Torkoal
|-supereffective|p2b: Kingambit
|-damage|p2a: Torkoal|9/100 psn
|-damage|p2b: Kingambit|0 fnt
|faint|p2b: Kingambit
|move|p2a: Torkoal|Weather Ball|p1a: Dondozo
|-resisted|p1a: Dondozo
|-damage|p1a: Dondozo|58/100
|
|-weather|SunnyDay|[upkeep]
|-heal|p1a: Dondozo|64/100|[from] item: Leftovers
|-damage|p2a: Torkoal|0 fnt|[from] psn
|faint|p2a: Torkoal
|upkeep
|-message|darthnius forfeited.
|raw|T0123456789's rating: 1196 → 1233(+37 for winning)
|raw|darthnius's rating: 1386 → 1356(-30 for losing)
|
|win|T0123456789
|l|☆darthnius
|player|p2|
