|j|☆LaraTheGamer
|j|☆Freecko99
|html|LaraTheGamerFreecko99    
|uhtml|bestof|Game 1 of a best-of-3
|t:|1782753468
|gametype|doubles
|player|p1|LaraTheGamer|marnie-masters3|
|player|p2|Freecko99|170|
|gen|9
|tier|[Gen 9 Champions] VGC 2026 Reg M-B (Bo3)
|rule|Species Clause: Limit one of each Pokémon
|rule|Item Clause: Limit 1 of each item
|clearpoke
|poke|p1|Falinks, L50|
|poke|p1|Staraptor, L50, F|
|poke|p1|Kingambit, L50, F|
|poke|p1|Farigiraf, L50, M|
|poke|p1|Blastoise, L50, M|
|poke|p1|Sableye, L50, F|
|poke|p2|Incineroar, L50, F|
|poke|p2|Whimsicott, L50, F|
|poke|p2|Farigiraf, L50, F|
|poke|p2|Delphox, L50, M|
|poke|p2|Basculegion, L50, M|
|poke|p2|Venusaur, L50, F|
|teampreview|4
|showteam|p1|Falinks||Falinksite|Defiant|CloseCombat,RockSlide,Protect,NoRetreat|Adamant|||||50|]Staraptor||ChoiceScarf|Intimidate|FinalGambit,CloseCombat,Tailwind,DualWingbeat|Jolly||F|||50|]Kingambit||BlackGlasses|Defiant|KowtowCleave,SuckerPunch,IronHead,LowKick|Adamant||F|||50|]Farigiraf||SitrusBerry|ArmorTail|Psychic,RainDance,TrickRoom,HelpingHand|Bold||M|||50|]Blastoise||Blastoisinite|Torrent|Protect,FakeOut,AuraSphere,WaterSpout|Quiet||M|||50|]Sableye||LightClay|Prankster|Reflect,LightScreen,RainDance,WillOWisp|Calm||F|||50|
|showteam|p2|Incineroar||Charcoal|Intimidate|FlareBlitz,ThroatChop,PartingShot,FakeOut|Careful||F|||50|]Whimsicott||FocusSash|Prankster|Moonblast,Tailwind,FakeTears,SunnyDay|Timid||F|||50|]Farigiraf||SitrusBerry|ArmorTail|Psychic,Thunderbolt,TrickRoom,HelpingHand|Quiet||F|||50|]Delphox||Delphoxite|Blaze|HeatWave,Psychic,Encore,Protect|Timid||M|||50|]Basculegion||MysticWater|Adaptability|WaveCrash,LastRespects,AquaJet,Protect|Adamant||M|||50|]Venusaur||Venusaurite|Chlorophyll|EnergyBall,SludgeBomb,EarthPower,Protect|Modest||F|||50|
|inactive|Battle timer is ON: inactive players will automatically lose when time's up. (requested by LaraTheGamer)
|inactiveoff|Battle timer is now OFF.
|j| Ome Henk
|j| Jorijn
|j| 000aj
|
|t:|1782753575
|teamsize|p1|4
|teamsize|p2|4
|start
|switch|p1a: Staraptor|Staraptor, L50, F|100/100
|switch|p1b: Farigiraf|Farigiraf, L50, M|100/100
|switch|p2a: Farigiraf|Farigiraf, L50, F|100/100
|switch|p2b: Delphox|Delphox, L50, M|100/100
|-ability|p1a: Staraptor|Intimidate|boost
|-unboost|p2a: Farigiraf|atk|1
|-unboost|p2b: Delphox|atk|1
|turn|1
|inactive|Battle timer is ON: inactive players will automatically lose when time's up. (requested by Freecko99)
|
|t:|1782753648
|switch|p2b: Basculegion|Basculegion, L50, M|100/100
|move|p1a: Staraptor|Final Gambit|p2b: Basculegion
|-immune|p2b: Basculegion
|move|p1b: Farigiraf|Rain Dance|p1b: Farigiraf
|-weather|RainDance
|move|p2a: Farigiraf|Thunderbolt|p1a: Staraptor
|-supereffective|p1a: Staraptor|1
|-damage|p1a: Staraptor|30/100
|
|-weather|RainDance|[upkeep]
|upkeep
|turn|2
|
|t:|1782753669
|move|p1a: Staraptor|Final Gambit|p2a: Farigiraf
|-damage|p2a: Farigiraf|74/100
|faint|p1a: Staraptor
|move|p2b: Basculegion|Wave Crash|p1b: Farigiraf
|-damage|p1b: Farigiraf|6/100
|-enditem|p1b: Farigiraf|Sitrus Berry|[eat]
|-heal|p1b: Farigiraf|31/100|[from] item: Sitrus Berry
|-damage|p2b: Basculegion|66/100|[from] Recoil
|move|p1b: Farigiraf|Trick Room|p1b: Farigiraf
|-fieldstart|move: Trick Room|[of] p1b: Farigiraf
|move|p2a: Farigiraf|Trick Room|p2a: Farigiraf
|-fieldend|move: Trick Room
|
|-weather|RainDance|[upkeep]
|upkeep
|
|t:|1782753681
|switch|p1a: Kingambit|Kingambit, L50, F|100/100
|turn|3
|l| Ome Henk
|
|t:|1782753702
|move|p1a: Kingambit|Sucker Punch||[still]
|cant|p2a: Farigiraf|ability: Armor Tail|Sucker Punch|[of] p1a: Kingambit
|move|p2b: Basculegion|Wave Crash|p1a: Kingambit
|-damage|p1a: Kingambit|1/100
|-damage|p2b: Basculegion|34/100|[from] Recoil
|move|p2a: Farigiraf|Thunderbolt|p1b: Farigiraf
|-damage|p1b: Farigiraf|4/100
|move|p1b: Farigiraf|Trick Room|p1b: Farigiraf
|-fieldstart|move: Trick Room|[of] p1b: Farigiraf
|
|-weather|RainDance|[upkeep]
|upkeep
|turn|4
|inactive|LaraTheGamer has 30 seconds left.
|inactive|Freecko99 has 30 seconds left.
|
|t:|1782753735
|move|p2b: Basculegion|Protect|p2b: Basculegion
|-singleturn|p2b: Basculegion|Protect
|move|p1a: Kingambit|Kowtow Cleave|p2a: Farigiraf
|-supereffective|p2a: Farigiraf|1
|-damage|p2a: Farigiraf|0 fnt
|faint|p2a: Farigiraf
|move|p1b: Farigiraf|Psychic|p2b: Basculegion
|-activate|p2b: Basculegion|move: Protect
|
|-weather|RainDance|[upkeep]
|upkeep
|
|t:|1782753744
|switch|p2a: Whimsicott|Whimsicott, L50, F|100/100
|turn|5
|inactive|Freecko99 has 30 seconds left.
|
|t:|1782753778
|switch|p2b: Delphox|Delphox, L50, M|100/100
|move|p1a: Kingambit|Kowtow Cleave|p2b: Delphox
|-supereffective|p2b: Delphox|1
|-damage|p2b: Delphox|0 fnt
|faint|p2b: Delphox
|move|p1b: Farigiraf|Psychic|p2a: Whimsicott
|-damage|p2a: Whimsicott|51/100
|move|p2a: Whimsicott|Moonblast|p1a: Kingambit
|-damage|p1a: Kingambit|0 fnt
|faint|p1a: Kingambit
|
|-weather|none
|upkeep
|
|t:|1782753791
|switch|p1a: Blastoise|Blastoise, L50, M|100/100
|switch|p2b: Basculegion|Basculegion, L50, M|34/100
|turn|6
|inactive|LaraTheGamer has 30 seconds left.
|inactive|Freecko99 has 30 seconds left.
|
|t:|1782753822
|detailschange|p1a: Blastoise|Blastoise-Mega, L50, M
|-mega|p1a: Blastoise|Blastoise|Blastoisinite
|move|p2a: Whimsicott|Sunny Day|p2a: Whimsicott
|-weather|SunnyDay
|move|p1b: Farigiraf|Rain Dance|p1b: Farigiraf
|-weather|RainDance
|move|p1a: Blastoise|Water Spout|p2b: Basculegion|[spread] p2a,p2b
|-resisted|p2a: Whimsicott|1
|-resisted|p2b: Basculegion|1
|-damage|p2a: Whimsicott|0 fnt
|-damage|p2b: Basculegion|0 fnt
|faint|p2a: Whimsicott
|faint|p2b: Basculegion
|
|win|LaraTheGamer
||LaraTheGamer is ready for game 2.
||Freecko99 is ready for game 2.
|uhtml|next|Next: Game 2 of 3
|j| W3S05
|l| W3S05
|l| 000aj
