|j|‽Pauljherb
|j|☆steelag0
|html|Pauljherbsteelag0    
|uhtml|bestof|Game 1 of a best-of-3
|t:|1782425368
|gametype|doubles
|player|p1|Pauljherb|170|1000
|player|p2|steelag0|169|1080
|gen|9
|tier|[Gen 9 Champions] VGC 2026 Reg M-B (Bo3)
|rated|
|rule|Species Clause: Limit one of each Pokémon
|rule|Item Clause: Limit 1 of each item
|clearpoke
|poke|p1|Lopunny, L50, M|
|poke|p1|Torkoal, L50, F|
|poke|p1|Blaziken, L50, M|
|poke|p1|Venusaur, L50, M|
|poke|p1|Incineroar, L50, F|
|poke|p1|Klefki, L50, F|
|poke|p2|Blaziken, L50, M|
|poke|p2|Hydreigon, L50, M|
|poke|p2|Basculegion, L50, M|
|poke|p2|Whimsicott, L50, F|
|poke|p2|Farigiraf, L50, F|
|poke|p2|Metagross, L50|
|teampreview|4
|showteam|p1|Lopunny||Lopunnite|CuteCharm|AfterYou,Uturn,FakeOut,ThunderWave|Careful||M|||50|]Torkoal||Charcoal|Drought|Eruption,Protect,Yawn,HeatWave|Modest||F|||50|]Blaziken||LifeOrb|SpeedBoost|Protect,SwordsDance,FlareBlitz,CloseCombat|Jolly||M|||50|]Venusaur||WideLens|Chlorophyll|SleepPowder,Synthesis,SolarBeam,SludgeBomb|Modest||M|||50|]Incineroar||ChopleBerry|Intimidate|FakeOut,PartingShot,Acrobatics,Roar|Careful||F|||50|]Klefki||SitrusBerry|Prankster|SteelBeam,ThunderWave,SunnyDay,Recycle|Modest||F|||50|
|showteam|p2|Blaziken||Blazikenite|SpeedBoost|FlareBlitz,CloseCombat,RockSlide,Detect|Adamant||M|||50|]Hydreigon||ChoiceScarf|Levitate|DracoMeteor,DarkPulse,EarthPower,Snarl|Modest||M|||50|]Basculegion||LifeOrb|Adaptability|WaveCrash,LastRespects,AquaJet,Protect|Adamant||M|||50|]Whimsicott||FocusSash|Prankster|Moonblast,EnergyBall,Tailwind,Protect|Timid||F|||50|]Farigiraf||SitrusBerry|ArmorTail|Psychic,Thunderbolt,Roar,TrickRoom|Bold||F|||50|]Metagross||Metagrossite|ClearBody|PsychicFangs,IronHead,StompingTantrum,Protect|Jolly|||||50|
|
|t:|1782425456
|teamsize|p1|4
|teamsize|p2|4
|start
|switch|p1a: Torkoal|Torkoal, L50, F|100/100
|switch|p1b: Venusaur|Venusaur, L50, M|100/100
|switch|p2a: Farigiraf|Farigiraf, L50, F|100/100
|switch|p2b: Blaziken|Blaziken, L50, M|100/100
|-weather|SunnyDay|[from] ability: Drought|[of] p1a: Torkoal
|turn|1
|
|t:|1782425501
|detailschange|p2b: Blaziken|Blaziken-Mega, L50, M
|-mega|p2b: Blaziken|Blaziken|Blazikenite
|move|p2b: Blaziken|Detect|p2b: Blaziken
|-singleturn|p2b: Blaziken|Protect
|move|p1b: Venusaur|Sleep Powder|p2b: Blaziken
|-activate|p2b: Blaziken|move: Protect
|move|p2a: Farigiraf|Psychic|p1b: Venusaur
|-supereffective|p1b: Venusaur|1
|-damage|p1b: Venusaur|34/100
|-unboost|p1b: Venusaur|spd|1
|move|p1a: Torkoal|Eruption|p2a: Farigiraf|[spread] p2a
|-activate|p2b: Blaziken|move: Protect
|-crit|p2a: Farigiraf
|-damage|p2a: Farigiraf|0 fnt
|faint|p2a: Farigiraf
|
|-weather|SunnyDay|[upkeep]
|-ability|p2b: Blaziken|Speed Boost|boost
|-boost|p2b: Blaziken|spe|1
|upkeep
|
|t:|1782425524
|switch|p2a: Basculegion|Basculegion, L50, M|100/100
|turn|2
|
|t:|1782425539
|move|p2a: Basculegion|Protect|p2a: Basculegion
|-singleturn|p2a: Basculegion|Protect
|move|p2b: Blaziken|Rock Slide|p1a: Torkoal|[spread] p1a,p1b
|-supereffective|p1a: Torkoal|1
|-damage|p1a: Torkoal|63/100
|-damage|p1b: Venusaur|1/100
|move|p1b: Venusaur|Sleep Powder|p2b: Blaziken
|-status|p2b: Blaziken|slp|[from] move: Sleep Powder
|move|p1a: Torkoal|Yawn|p2a: Basculegion
|-activate|p2a: Basculegion|move: Protect
|
|-weather|SunnyDay|[upkeep]
|-ability|p2b: Blaziken|Speed Boost|boost
|-boost|p2b: Blaziken|spe|1
|upkeep
|turn|3
|
|t:|1782425570
|move|p2a: Basculegion|Aqua Jet|p1b: Venusaur
|-resisted|p1b: Venusaur|1
|-damage|p1b: Venusaur|0 fnt
|faint|p1b: Venusaur
|-damage|p2a: Basculegion|90/100|[from] item: Life Orb
|cant|p2b: Blaziken|slp
|move|p1a: Torkoal|Yawn|p2a: Basculegion
|-start|p2a: Basculegion|move: Yawn|[of] p1a: Torkoal
|
|-weather|SunnyDay|[upkeep]
|-ability|p2b: Blaziken|Speed Boost|boost
|-boost|p2b: Blaziken|spe|1
|upkeep
|
|t:|1782425577
|switch|p1b: Lopunny|Lopunny, L50, M|100/100
|turn|4
|
|t:|1782425592
|switch|p2a: Hydreigon|Hydreigon, L50, M|100/100
|detailschange|p1b: Lopunny|Lopunny-Mega, L50, M
|-mega|p1b: Lopunny|Lopunny|Lopunnite
|cant|p2b: Blaziken|slp
|move|p1b: Lopunny|After You|p1a: Torkoal
|-activate|p1a: Torkoal|move: After You
|move|p1a: Torkoal|Eruption|p2a: Hydreigon|[spread] p2a,p2b
|-resisted|p2a: Hydreigon|1
|-resisted|p2b: Blaziken|1
|-damage|p2a: Hydreigon|67/100
|-damage|p2b: Blaziken|65/100 slp
|
|-weather|SunnyDay|[upkeep]
|-ability|p2b: Blaziken|Speed Boost|boost
|-boost|p2b: Blaziken|spe|1
|upkeep
|turn|5
|
|t:|1782425609
|-curestatus|p2b: Blaziken|slp|[msg]
|move|p2b: Blaziken|Flare Blitz|p1b: Lopunny
|-damage|p1b: Lopunny|0 fnt
|faint|p1b: Lopunny
|-damage|p2b: Blaziken|35/100|[from] Recoil
|move|p2a: Hydreigon|Earth Power|p1a: Torkoal
|-supereffective|p1a: Torkoal|1
|-damage|p1a: Torkoal|0 fnt
|faint|p1a: Torkoal
|
|-weather|none
|-ability|p2b: Blaziken|Speed Boost|boost
|-boost|p2b: Blaziken|spe|1
|upkeep
|-message|Pauljherb forfeited.
|
|win|steelag0
|l|‽Pauljherb
|player|p1|
