|j|☆badders
|j|☆abadanriyi92
|html|baddersabadanriyi92    
|uhtml|bestof|Game 1 of a best-of-3
|t:|1785990918
|gametype|doubles
|player|p1|badders|170|1189
|player|p2|abadanriyi92|colress|1240
|gen|9
|tier|[Gen 9 Champions] VGC 2026 Reg M-B (Bo3)
|rated|
|rule|Species Clause: Limit one of each Pokémon
|rule|Item Clause: Limit 1 of each item
|clearpoke
|poke|p1|Raichu, L50, M|
|poke|p1|Ceruledge, L50, F|
|poke|p1|Incineroar, L50, M|
|poke|p1|Gengar, L50, F|
|poke|p1|Ninetales-Alola, L50, M|
|poke|p1|Kommo-o, L50, M|
|poke|p2|Charizard, L50, F|
|poke|p2|Floette-Eternal, L50, F|
|poke|p2|Basculegion, L50, M|
|poke|p2|Garchomp, L50, F|
|poke|p2|Kingambit, L50, F|
|poke|p2|Whimsicott, L50, M|
|teampreview|4
|showteam|p1|Raichu||RaichuniteY|LightningRod|ZapCannon,FocusBlast,FakeOut,Protect|Timid||M|||50|]Ceruledge||ColburBerry|FlashFire|BitterBlade,ShadowSneak,BulkUp,Protect|Adamant||F|||50|]Incineroar||SitrusBerry|Intimidate|FlareBlitz,FakeOut,PartingShot,Protect|Sassy||M|||50|]Gengar||Gengarite|CursedBody|ShadowBall,PerishSong,Disable,Protect|Modest||F|||50|]Ninetales-Alola||NeverMeltIce|SnowWarning|Blizzard,FreezeDry,Encore,Protect|Timid||M|||50|]Kommo-o||DragonFang|Soundproof|ClangorousSoul,ClangingScales,AuraSphere,Protect|Modest||M|||50|
|showteam|p2|Charizard||CharizarditeY|Blaze|HeatWave,SolarBeam,WeatherBall,Protect|Modest||F|||50|]Floette-Eternal||Floettite|FlowerVeil|Moonblast,DazzlingGleam,LightofRuin,Protect|Timid||F|||50|]Basculegion||LifeOrb|Adaptability|WaveCrash,AquaJet,LastRespects,Protect|Adamant||M|||50|]Garchomp||SitrusBerry|RoughSkin|Earthquake,RockSlide,Protect,DragonClaw|Adamant||F|||50|]Kingambit||ChopleBerry|Defiant|KowtowCleave,IronHead,SuckerPunch,LowKick|Adamant||F|||50|]Whimsicott||FocusSash|Prankster|Moonblast,Tailwind,Encore,Protect|Timid||M|||50|
|
|t:|1785990950
|teamsize|p1|4
|teamsize|p2|4
|start
|switch|p1a: Incineroar|Incineroar, L50, M|100/100
|switch|p1b: Ceruledge|Ceruledge, L50, F|100/100
|switch|p2a: Basculegion|Basculegion, L50, M|100/100
|switch|p2b: Kingambit|Kingambit, L50, F|100/100
|-ability|p1a: Incineroar|Intimidate|boost
|-unboost|p2a: Basculegion|atk|1
|-unboost|p2b: Kingambit|atk|1
|-ability|p2b: Kingambit|Defiant|boost
|-boost|p2b: Kingambit|atk|2
|turn|1
|
|t:|1785990978
|move|p1b: Ceruledge|Protect|p1b: Ceruledge
|-singleturn|p1b: Ceruledge|Protect
|move|p2b: Kingambit|Sucker Punch||[still]
|-fail|p2b: Kingambit
|move|p2a: Basculegion|Wave Crash|p1b: Ceruledge
|-activate|p1b: Ceruledge|move: Protect
|move|p1a: Incineroar|Parting Shot|p2a: Basculegion
|-unboost|p2a: Basculegion|atk|1
|-unboost|p2a: Basculegion|spa|1
|
|t:|1785990988
|switch|p1a: Raichu|Raichu, L50, M|100/100|[from] Parting Shot
|
|upkeep
|turn|2
|
|t:|1785991026
|switch|p2a: Garchomp|Garchomp, L50, F|100/100
|detailschange|p1a: Raichu|Raichu-Mega-Y, L50, M
|-mega|p1a: Raichu|Raichu|Raichunite Y
|move|p2b: Kingambit|Sucker Punch||[still]
|-fail|p2b: Kingambit
|move|p1a: Raichu|Zap Cannon|p2a: Garchomp
|-immune|p2a: Garchomp
|move|p1b: Ceruledge|Bulk Up|p1b: Ceruledge
|-boost|p1b: Ceruledge|atk|1
|-boost|p1b: Ceruledge|def|1
|
|upkeep
|turn|3
|
|t:|1785991059
|switch|p1a: Incineroar|Incineroar, L50, M|100/100
|-ability|p1a: Incineroar|Intimidate|boost
|-unboost|p2a: Garchomp|atk|1
|-unboost|p2b: Kingambit|atk|1
|-ability|p2b: Kingambit|Defiant|boost
|-boost|p2b: Kingambit|atk|2
|move|p2b: Kingambit|Sucker Punch|p1b: Ceruledge
|-supereffective|p1b: Ceruledge|1
|-enditem|p1b: Ceruledge|Colbur Berry|[eat]
|-enditem|p1b: Ceruledge|Colbur Berry|[weaken]
|-damage|p1b: Ceruledge|43/100
|move|p2a: Garchomp|Earthquake|p1a: Incineroar|[spread] p2b,p1a,p1b
|-supereffective|p2b: Kingambit|1
|-supereffective|p1a: Incineroar|1
|-supereffective|p1b: Ceruledge|1
|-damage|p2b: Kingambit|63/100
|-damage|p1a: Incineroar|52/100
|-damage|p1b: Ceruledge|9/100
|move|p1b: Ceruledge|Bitter Blade|p2b: Kingambit
|-supereffective|p2b: Kingambit|1
|-damage|p2b: Kingambit|0 fnt
|-heal|p1b: Ceruledge|45/100|[from] drain|[of] p2b: Kingambit
|faint|p2b: Kingambit
|
|upkeep
|
|t:|1785991079
|switch|p2b: Basculegion|Basculegion, L50, M|100/100
|turn|4
|
|t:|1785991089
|move|p1a: Incineroar|Fake Out|p2a: Garchomp
|-damage|p2a: Garchomp|91/100
|-damage|p1a: Incineroar|40/100|[from] ability: Rough Skin|[of] p2a: Garchomp
|-enditem|p1a: Incineroar|Sitrus Berry|[eat]
|-heal|p1a: Incineroar|64/100|[from] item: Sitrus Berry
|move|p2b: Basculegion|Aqua Jet|p1b: Ceruledge
|-supereffective|p1b: Ceruledge|1
|-damage|p1b: Ceruledge|0 fnt
|faint|p1b: Ceruledge
|-damage|p2b: Basculegion|90/100|[from] item: Life Orb
|cant|p2a: Garchomp|flinch
|
|upkeep
|
|t:|1785991101
|switch|p1b: Ninetales|Ninetales-Alola, L50, M|100/100
|-weather|Snowscape|[from] ability: Snow Warning|[of] p1b: Ninetales
|turn|5
|
|t:|1785991147
|move|p2a: Garchomp|Protect|p2a: Garchomp
|-singleturn|p2a: Garchomp|Protect
|move|p2b: Basculegion|Aqua Jet|p1b: Ninetales
|-damage|p1b: Ninetales|68/100
|-damage|p2b: Basculegion|80/100|[from] item: Life Orb
|move|p1b: Ninetales|Blizzard|p2b: Basculegion|[spread] p2b
|-activate|p2a: Garchomp|move: Protect
|-resisted|p2b: Basculegion|1
|-damage|p2b: Basculegion|58/100
|move|p1a: Incineroar|Parting Shot|p2b: Basculegion
|-unboost|p2b: Basculegion|atk|1
|-unboost|p2b: Basculegion|spa|1
|
|t:|1785991159
|switch|p1a: Raichu|Raichu-Mega-Y, L50, M|100/100|[from] Parting Shot
|
|-weather|Snowscape|[upkeep]
|upkeep
|turn|6
|
|t:|1785991169
|switch|p2a: Floette|Floette-Eternal, L50, F|100/100
|move|p2b: Basculegion|Protect|p2b: Basculegion
|-singleturn|p2b: Basculegion|Protect
|move|p1a: Raichu|Zap Cannon|p2b: Basculegion
|-activate|p2b: Basculegion|move: Protect
|move|p1b: Ninetales|Blizzard|p2a: Floette|[spread] p2a
|-activate|p2b: Basculegion|move: Protect
|-damage|p2a: Floette|62/100
|
|-weather|Snowscape|[upkeep]
|upkeep
|turn|7
|
|t:|1785991188
|switch|p2b: Garchomp|Garchomp, L50, F|91/100
|detailschange|p2a: Floette|Floette-Mega, L50, F
|-mega|p2a: Floette|Floette|Floettite
|-ability|p2a: Floette|Fairy Aura
|move|p1a: Raichu|Zap Cannon|p2a: Floette
|-damage|p2a: Floette|11/100
|-status|p2a: Floette|par
|move|p1b: Ninetales|Freeze-Dry|p2b: Garchomp
|-supereffective|p2b: Garchomp|2
|-damage|p2b: Garchomp|0 fnt
|faint|p2b: Garchomp
|move|p2a: Floette|Dazzling Gleam|p1a: Raichu|[spread] p1a,p1b
|-damage|p1a: Raichu|43/100
|-damage|p1b: Ninetales|19/100
|
|-weather|Snowscape|[upkeep]
|upkeep
|
|t:|1785991203
|switch|p2b: Basculegion|Basculegion, L50, M|58/100
|turn|8
|
|t:|1785991221
|move|p1a: Raichu|Protect|p1a: Raichu
|-singleturn|p1a: Raichu|Protect
|move|p2a: Floette|Protect|p2a: Floette
|-singleturn|p2a: Floette|Protect
|move|p2b: Basculegion|Aqua Jet|p1a: Raichu
|-activate|p1a: Raichu|move: Protect
|move|p1b: Ninetales|Blizzard|p2b: Basculegion|[spread] p2b
|-activate|p2a: Floette|move: Protect
|-resisted|p2b: Basculegion|1
|-damage|p2b: Basculegion|39/100
|
|-weather|Snowscape|[upkeep]
|upkeep
|turn|9
|
|t:|1785991242
|move|p2b: Basculegion|Aqua Jet|p1a: Raichu
|-damage|p1a: Raichu|0 fnt
|faint|p1a: Raichu
|-damage|p2b: Basculegion|29/100|[from] item: Life Orb
|move|p1b: Ninetales|Blizzard|p2b: Basculegion|[spread] p2a,p2b
|-resisted|p2b: Basculegion|1
|-damage|p2a: Floette|0 fnt
|-damage|p2b: Basculegion|10/100
|faint|p2a: Floette
|
|-weather|none
|upkeep
|
|t:|1785991252
|switch|p1a: Incineroar|Incineroar, L50, M|64/100
|-ability|p1a: Incineroar|Intimidate|boost
|-unboost|p2b: Basculegion|atk|1
|turn|10
|
|t:|1785991261
|move|p2b: Basculegion|Aqua Jet|p1b: Ninetales
|-damage|p1b: Ninetales|0 fnt
|faint|p1b: Ninetales
|-damage|p2b: Basculegion|1/100|[from] item: Life Orb
|move|p1a: Incineroar|Flare Blitz|p2b: Basculegion
|-resisted|p2b: Basculegion|1
|-damage|p2b: Basculegion|0 fnt
|faint|p2b: Basculegion
|-damage|p1a: Incineroar|64/100|[from] Recoil
|
|win|badders
