|j|☆battle sim trainer
|j|☆Fizzbamsen
|html|battle sim trainerFizzbamsen    
|uhtml|bestof|Game 1 of a best-of-3
|t:|1782494113
|gametype|doubles
|player|p1|battle sim trainer|turo|1044
|player|p2|Fizzbamsen|169|1088
|gen|9
|tier|[Gen 9 Champions] VGC 2026 Reg M-B (Bo3)
|rated|
|rule|Species Clause: Limit one of each Pokémon
|rule|Item Clause: Limit 1 of each item
|clearpoke
|poke|p1|Swampert, L50, M|
|poke|p1|Archaludon, L50, M|
|poke|p1|Pelipper, L50, M|
|poke|p1|Basculegion, L50, M|
|poke|p1|Venusaur, L50, M|
|poke|p1|Staraptor, L50, F|
|poke|p2|Staraptor, L50, M|
|poke|p2|Grimmsnarl, L50, M|
|poke|p2|Garchomp, L50, F|
|poke|p2|Typhlosion-Hisui, L50, F|
|poke|p2|Milotic, L50, F|
|poke|p2|Sinistcha, L50|
|teampreview|4
|showteam|p1|Swampert||Swampertite|Torrent|WaveCrash,Earthquake,IcePunch,Protect|Adamant||M|||50|]Archaludon||Magnet|Stamina|ElectroShot,FlashCannon,DragonPulse,Protect|Calm||M|||50|]Pelipper||FocusSash|Drizzle|WeatherBall,Hurricane,WideGuard,Tailwind|Modest||M|||50|]Basculegion||ChoiceScarf|Adaptability|LastRespects,WaveCrash,AquaJet,FlipTurn|Jolly||M|||50|]Venusaur||Venusaurite|Chlorophyll|SludgeBomb,EnergyBall,Protect,EarthPower|Modest||M|||50|]Staraptor||LifeOrb|Intimidate|BraveBird,CloseCombat,Tailwind,Uturn|Adamant||F|||50|
|showteam|p2|Staraptor||Staraptite|Intimidate|CloseCombat,BraveBird,Roost,Protect|Adamant||M|||50|]Grimmsnarl||LightClay|Prankster|PartingShot,FoulPlay,LightScreen,Reflect|Calm||M|||50|]Garchomp||LifeOrb|RoughSkin|Earthquake,RockSlide,DragonClaw,Protect|Jolly||F|||50|]Typhlosion-Hisui||ChoiceScarf|Blaze|Eruption,Overheat,HeatWave,ShadowBall|Timid||F|||50|]Milotic||Leftovers|Competitive|IcyWind,Scald,LifeDew,Protect|Bold||F|||50|]Sinistcha||SitrusBerry|Hospitality|MatchaGotcha,StrengthSap,RagePowder,TrickRoom|Relaxed|||||50|
|
|t:|1782494160
|teamsize|p1|4
|teamsize|p2|4
|start
|switch|p1a: Staraptor|Staraptor, L50, F|100/100
|switch|p1b: Archaludon|Archaludon, L50, M|100/100
|switch|p2a: Staraptor|Staraptor, L50, M|100/100
|switch|p2b: Garchomp|Garchomp, L50, F|100/100
|-ability|p2a: Staraptor|Intimidate|boost
|-unboost|p1a: Staraptor|atk|1
|-unboost|p1b: Archaludon|atk|1
|-ability|p1a: Staraptor|Intimidate|boost
|-unboost|p2a: Staraptor|atk|1
|-unboost|p2b: Garchomp|atk|1
|turn|1
|
|t:|1782494184
|detailschange|p2a: Staraptor|Staraptor-Mega, L50, M
|-mega|p2a: Staraptor|Staraptor|Staraptite
|move|p1b: Archaludon|Protect|p1b: Archaludon
|-singleturn|p1b: Archaludon|Protect
|move|p2b: Garchomp|Rock Slide|p1a: Staraptor|[spread] p1a
|-activate|p1b: Archaludon|move: Protect
|-supereffective|p1a: Staraptor|1
|-damage|p1a: Staraptor|57/100
|-damage|p2b: Garchomp|90/100|[from] item: Life Orb
|move|p2a: Staraptor|Close Combat|p1b: Archaludon
|-activate|p1b: Archaludon|move: Protect
|move|p1a: Staraptor|Brave Bird|p2a: Staraptor
|-supereffective|p2a: Staraptor|1
|-damage|p2a: Staraptor|0 fnt
|faint|p2a: Staraptor
|-damage|p1a: Staraptor|29/100|[from] Recoil
|-damage|p1a: Staraptor|19/100|[from] item: Life Orb
|
|upkeep
|
|t:|1782494209
|switch|p2a: Grimmsnarl|Grimmsnarl, L50, M|100/100
|turn|2
|
|t:|1782494227
|switch|p1a: Pelipper|Pelipper, L50, M|100/100
|-weather|RainDance|[from] ability: Drizzle|[of] p1a: Pelipper
|move|p2a: Grimmsnarl|Reflect|p2a: Grimmsnarl
|-sidestart|p2: Fizzbamsen|Reflect
|move|p2b: Garchomp|Rock Slide|p1b: Archaludon|[spread] p1a,p1b
|-supereffective|p1a: Pelipper|1
|-crit|p1a: Pelipper
|-resisted|p1b: Archaludon|1
|-damage|p1a: Pelipper|2/100
|-damage|p1b: Archaludon|93/100
|-ability|p1b: Archaludon|Stamina|boost
|-boost|p1b: Archaludon|def|1
|-damage|p2b: Garchomp|80/100|[from] item: Life Orb
|move|p1b: Archaludon|Electro Shot||[still]
|-prepare|p1b: Archaludon|Electro Shot
|-boost|p1b: Archaludon|spa|1
|-anim|p1b: Archaludon|Electro Shot|p2a: Grimmsnarl
|-damage|p2a: Grimmsnarl|38/100
|
|-weather|RainDance|[upkeep]
|upkeep
|turn|3
|
|t:|1782494269
|move|p1a: Pelipper|Wide Guard|p1a: Pelipper
|-singleturn|p1a: Pelipper|Wide Guard
|move|p2a: Grimmsnarl|Parting Shot|p1b: Archaludon
|-unboost|p1b: Archaludon|atk|1
|-unboost|p1b: Archaludon|spa|1
|
|t:|1782494273
|switch|p2a: Sinistcha|Sinistcha, L50|100/100|[from] Parting Shot
|-heal|p2b: Garchomp|100/100|[from] ability: Hospitality|[of] p2a: Sinistcha
|move|p2b: Garchomp|Dragon Claw|p1a: Pelipper
|-damage|p1a: Pelipper|0 fnt
|faint|p1a: Pelipper
|-damage|p2b: Garchomp|90/100|[from] item: Life Orb
|move|p1b: Archaludon|Flash Cannon|p2a: Sinistcha
|-damage|p2a: Sinistcha|69/100
|
|-weather|RainDance|[upkeep]
|upkeep
|
|t:|1782494284
|switch|p1a: Swampert|Swampert, L50, M|100/100
|turn|4
|
|t:|1782494298
|switch|p2b: Grimmsnarl|Grimmsnarl, L50, M|38/100
|switch|p1a: Staraptor|Staraptor, L50, F|19/100
|-ability|p1a: Staraptor|Intimidate|boost
|-unboost|p2a: Sinistcha|atk|1
|-unboost|p2b: Grimmsnarl|atk|1
|move|p1b: Archaludon|Electro Shot||[still]
|-prepare|p1b: Archaludon|Electro Shot
|-boost|p1b: Archaludon|spa|1
|-anim|p1b: Archaludon|Electro Shot|p2a: Sinistcha
|-resisted|p2a: Sinistcha|1
|-damage|p2a: Sinistcha|38/100
|-enditem|p2a: Sinistcha|Sitrus Berry|[eat]
|-heal|p2a: Sinistcha|62/100|[from] item: Sitrus Berry
|move|p2a: Sinistcha|Trick Room|p2a: Sinistcha
|-fieldstart|move: Trick Room|[of] p2a: Sinistcha
|
|-weather|RainDance|[upkeep]
|upkeep
|turn|5
|
|t:|1782494354
|move|p2b: Grimmsnarl|Parting Shot|p1a: Staraptor
|-unboost|p1a: Staraptor|atk|1
|-unboost|p1a: Staraptor|spa|1
|
|t:|1782494357
|switch|p2b: Garchomp|Garchomp, L50, F|90/100|[from] Parting Shot
|move|p2a: Sinistcha|Matcha Gotcha|p1a: Staraptor|[spread] p1a,p1b
|-resisted|p1a: Staraptor|1
|-resisted|p1b: Archaludon|2
|-damage|p1a: Staraptor|7/100
|-heal|p2a: Sinistcha|69/100|[from] drain|[of] p1a: Staraptor
|-damage|p1b: Archaludon|88/100
|-heal|p2a: Sinistcha|72/100|[from] drain|[of] p1b: Archaludon
|-ability|p1b: Archaludon|Stamina|boost
|-boost|p1b: Archaludon|def|1
|move|p1b: Archaludon|Flash Cannon|p2b: Garchomp
|-damage|p2b: Garchomp|31/100
|move|p1a: Staraptor|Brave Bird|p2a: Sinistcha
|-supereffective|p2a: Sinistcha|1
|-damage|p2a: Sinistcha|23/100
|-damage|p1a: Staraptor|0 fnt|[from] Recoil
|faint|p1a: Staraptor
|
|-weather|RainDance|[upkeep]
|upkeep
|
|t:|1782494376
|switch|p1a: Swampert|Swampert, L50, M|100/100
|turn|6
|
|t:|1782494391
|move|p1a: Swampert|Protect|p1a: Swampert
|-singleturn|p1a: Swampert|Protect
|move|p2a: Sinistcha|Strength Sap|p1b: Archaludon
|-unboost|p1b: Archaludon|atk|1
|-heal|p2a: Sinistcha|54/100
|move|p1b: Archaludon|Dragon Pulse|p2a: Sinistcha
|-damage|p2a: Sinistcha|2/100
|move|p2b: Garchomp|Dragon Claw|p1b: Archaludon
|-damage|p1b: Archaludon|68/100
|-ability|p1b: Archaludon|Stamina|boost
|-boost|p1b: Archaludon|def|1
|-damage|p2b: Garchomp|21/100|[from] item: Life Orb
|
|-weather|none
|upkeep
|turn|7
|c|☆battle sim trainer|dang...
|
|t:|1782494423
|detailschange|p1a: Swampert|Swampert-Mega, L50, M
|-mega|p1a: Swampert|Swampert|Swampertite
|move|p2a: Sinistcha|Matcha Gotcha|p1b: Archaludon|[spread] p1a,p1b
|-supereffective|p1a: Swampert|2
|-crit|p1a: Swampert
|-resisted|p1b: Archaludon|2
|-damage|p1a: Swampert|0 fnt
|-heal|p2a: Sinistcha|52/100|[from] drain|[of] p1a: Swampert
|-damage|p1b: Archaludon|62/100
|-heal|p2a: Sinistcha|55/100|[from] drain|[of] p1b: Archaludon
|-status|p1b: Archaludon|brn
|-ability|p1b: Archaludon|Stamina|boost
|-boost|p1b: Archaludon|def|1
|faint|p1a: Swampert
|move|p1b: Archaludon|Dragon Pulse|p2b: Garchomp
|-supereffective|p2b: Garchomp|1
|-damage|p2b: Garchomp|0 fnt
|faint|p2b: Garchomp
|
|-damage|p1b: Archaludon|56/100 brn|[from] brn
|upkeep
|
|t:|1782494437
|switch|p2b: Grimmsnarl|Grimmsnarl, L50, M|38/100
|turn|8
|
|t:|1782494455
|move|p2a: Sinistcha|Rage Powder|p2a: Sinistcha
|-singleturn|p2a: Sinistcha|move: Rage Powder
|move|p2b: Grimmsnarl|Light Screen|p2b: Grimmsnarl
|-sidestart|p2: Fizzbamsen|move: Light Screen
|move|p1b: Archaludon|Flash Cannon|p2a: Sinistcha
|-damage|p2a: Sinistcha|21/100
|
|-damage|p1b: Archaludon|50/100g brn|[from] brn
|-fieldend|move: Trick Room
|upkeep
|turn|9
|
|t:|1782494476
|move|p1b: Archaludon|Dragon Pulse|p2a: Sinistcha
|-damage|p2a: Sinistcha|0 fnt
|faint|p2a: Sinistcha
|move|p2b: Grimmsnarl|Foul Play|p1b: Archaludon
|-damage|p1b: Archaludon|47/100 brn
|-ability|p1b: Archaludon|Stamina|boost
|-boost|p1b: Archaludon|def|1
|
|-damage|p1b: Archaludon|41/100 brn|[from] brn
|-sideend|p2: Fizzbamsen|Reflect
|upkeep
|turn|10
|
|t:|1782494485
|move|p1b: Archaludon|Flash Cannon|p2b: Grimmsnarl
|-supereffective|p2b: Grimmsnarl|1
|-damage|p2b: Grimmsnarl|0 fnt
|faint|p2b: Grimmsnarl
|
|win|battle sim trainer
