|j|☆Cesar Aderezo
|j|☆mil0battles
|html|Cesar Aderezomil0battles    
|uhtml|bestof|Game 1 of a best-of-3
|t:|1756783084
|gametype|doubles
|player|p1|Cesar Aderezo|brock|1048
|player|p2|mil0battles|pokemonranger-gen4|1143
|gen|9
|tier|[Gen 9] VGC 2025 Reg H (Bo3)
|rated|
|rule|Species Clause: Limit one of each Pokémon
|rule|Item Clause: Limit 1 of each item
|clearpoke
|poke|p1|Charizard, L50, M|
|poke|p1|Torkoal, L50, F|
|poke|p1|Porygon2, L50|
|poke|p1|Incineroar, L50, M|
|poke|p1|Jumpluff, L50, F|
|poke|p1|Ursaluna, L50, M|
|poke|p2|Ursaluna-Bloodmoon, L50, M|
|poke|p2|Gholdengo, L50|
|poke|p2|Dragonite, L50, F|
|poke|p2|Primarina, L50, M|
|poke|p2|Amoonguss, L50, F|
|poke|p2|Incineroar, L50, M|
|teampreview|4
|showteam|p1|Charizard||ChoiceSpecs|SolarPower|HeatWave,Overheat,WeatherBall,AirSlash|||M|||50|,,,,,Ghost]Torkoal||EjectPack|Drought|Eruption,Overheat,HelpingHand,Protect|||F|||50|,,,,,Fire]Porygon2||Eviolite|Download|IceBeam,TeraBlast,TrickRoom,Recover||||||50|,,,,,Fighting]Incineroar||SitrusBerry|Intimidate|FlareBlitz,KnockOff,FakeOut,PartingShot|||M|||50|,,,,,Ghost]Jumpluff||CovertCloak|Chlorophyll|SleepPowder,SunnyDay,RagePowder,Tailwind|||F|||50|,,,,,Water]Ursaluna||FlameOrb|Guts|HeadlongRush,Facade,Earthquake,Protect|||M|||50|,,,,,Ghost
|showteam|p2|Ursaluna-Bloodmoon||AssaultVest|MindsEye|BloodMoon,EarthPower,VacuumWave,HyperVoice|||M|||50|,,,,,Water]Gholdengo||LifeOrb|GoodasGold|Protect,MakeItRain,ShadowBall,NastyPlot||||||50|,,,,,Water]Dragonite||LoadedDice|Multiscale|ScaleShot,Tailwind,Haze,Protect|||F|||50|,,,,,Fairy]Primarina||ThroatSpray|LiquidVoice|HyperVoice,Moonblast,Haze,Protect|||M|||50|,,,,,Poison]Amoonguss||SitrusBerry|Regenerator|Spore,RagePowder,PollenPuff,Protect|||F|||50|,,,,,Water]Incineroar||SafetyGoggles|Intimidate|FakeOut,KnockOff,PartingShot,FlareBlitz|||M|||50|,,,,,Ghost
|inactive|Battle timer is ON: inactive players will automatically lose when time's up. (requested by Cesar Aderezo)
|
|t:|1756783149
|teamsize|p1|4
|teamsize|p2|4
|start
|switch|p1a: Jumpluff|Jumpluff, L50, F|100/100
|switch|p1b: Charizard|Charizard, L50, M|100/100
|switch|p2a: Incineroar|Incineroar, L50, M|100/100
|switch|p2b: Amoonguss|Amoonguss, L50, F|100/100
|-ability|p2a: Incineroar|Intimidate|boost
|-unboost|p1a: Jumpluff|atk|1
|-unboost|p1b: Charizard|atk|1
|turn|1
|inactive|Cesar Aderezo has 30 seconds left.
|inactive|mil0battles has 30 seconds left.
|inactive|mil0battles has 20 seconds left.
|
|t:|1756783187
|-terastallize|p2b: Amoonguss|Water
|move|p1a: Jumpluff|Sunny Day|p1a: Jumpluff
|-weather|SunnyDay
|move|p1b: Charizard|Heat Wave|p2b: Amoonguss|[spread] p2a,p2b
|-resisted|p2a: Incineroar
|-resisted|p2b: Amoonguss
|-crit|p2b: Amoonguss
|-damage|p2a: Incineroar|45/100
|-damage|p2b: Amoonguss|23/100
|-enditem|p2b: Amoonguss|Sitrus Berry|[eat]
|-heal|p2b: Amoonguss|48/100|[from] item: Sitrus Berry
|move|p2a: Incineroar|Flare Blitz|p1a: Jumpluff
|-supereffective|p1a: Jumpluff
|-damage|p1a: Jumpluff|0 fnt
|faint|p1a: Jumpluff
|-damage|p2a: Incineroar|17/100|[from] Recoil
|move|p2b: Amoonguss|Spore|p1b: Charizard
|-status|p1b: Charizard|slp|[from] move: Spore
|
|-weather|SunnyDay|[upkeep]
|-damage|p1b: Charizard|88/100 slp|[from] ability: Solar Power|[of] p1b: Charizard
|upkeep
|inactive|Cesar Aderezo has 30 seconds left.
|
|t:|1756783220
|switch|p1a: Ursaluna|Ursaluna, L50, M|100/100
|turn|2
|
|t:|1756783229
|switch|p2b: Dragonite|Dragonite, L50, F|100/100
|move|p1a: Ursaluna|Protect|p1a: Ursaluna
|-singleturn|p1a: Ursaluna|Protect
|cant|p1b: Charizard|slp
|move|p2a: Incineroar|Knock Off|p1a: Ursaluna
|-activate|p1a: Ursaluna|move: Protect
|
|-weather|SunnyDay|[upkeep]
|-damage|p1b: Charizard|76/100 slp|[from] ability: Solar Power|[of] p1b: Charizard
|-status|p1a: Ursaluna|brn|[from] item: Flame Orb
|upkeep
|turn|3
|
|t:|1756783248
|switch|p1a: Incineroar|Incineroar, L50, M|100/100
|-ability|p1a: Incineroar|Intimidate|boost
|-unboost|p2a: Incineroar|atk|1
|-unboost|p2b: Dragonite|atk|1
|-curestatus|p1b: Charizard|slp|[msg]
|move|p1b: Charizard|Heat Wave|p2b: Dragonite|[spread] p2a,p2b
|-resisted|p2a: Incineroar
|-resisted|p2b: Dragonite
|-damage|p2a: Incineroar|0 fnt
|-damage|p2b: Dragonite|71/100
|faint|p2a: Incineroar
|move|p2b: Dragonite|Scale Shot|p1a: Incineroar
|-damage|p1a: Incineroar|90/100
|-damage|p1a: Incineroar|81/100
|-damage|p1a: Incineroar|72/100
|-damage|p1a: Incineroar|63/100
|-hitcount|p1a: Incineroar|4
|-unboost|p2b: Dragonite|def|1
|-boost|p2b: Dragonite|spe|1
|
|-weather|SunnyDay|[upkeep]
|-damage|p1b: Charizard|63/100|[from] ability: Solar Power|[of] p1b: Charizard
|upkeep
|
|t:|1756783264
|switch|p2a: Amoonguss|Amoonguss, L50, F, tera:Water|81/100
|turn|4
|inactive|Cesar Aderezo has 30 seconds left.
|
|t:|1756783291
|move|p2b: Dragonite|Protect|p2b: Dragonite
|-singleturn|p2b: Dragonite|Protect
|move|p2a: Amoonguss|Protect|p2a: Amoonguss
|-singleturn|p2a: Amoonguss|Protect
|move|p1a: Incineroar|Fake Out|p2a: Amoonguss
|-activate|p2a: Amoonguss|move: Protect
|move|p1b: Charizard|Heat Wave|p2a: Amoonguss|[spread] 
|-activate|p2a: Amoonguss|move: Protect
|-activate|p2b: Dragonite|move: Protect
|
|-weather|SunnyDay|[upkeep]
|-damage|p1b: Charizard|51/100|[from] ability: Solar Power|[of] p1b: Charizard
|upkeep
|turn|5
|
|t:|1756783310
|move|p2b: Dragonite|Scale Shot|p1b: Charizard
|-damage|p1b: Charizard|36/100
|-damage|p1b: Charizard|21/100
|-damage|p1b: Charizard|7/100
|-damage|p1b: Charizard|0 fnt
|faint|p1b: Charizard
|-hitcount|p1: Charizard|4
|-unboost|p2b: Dragonite|def|1
|-boost|p2b: Dragonite|spe|1
|move|p1a: Incineroar|Parting Shot|p2b: Dragonite
|-unboost|p2b: Dragonite|atk|1
|-unboost|p2b: Dragonite|spa|1
|
|t:|1756783315
|switch|p1a: Ursaluna|Ursaluna, L50, M|100/100 brn|[from] Parting Shot
|move|p2a: Amoonguss|Spore||[still]
|-fail|p2a: Amoonguss
|
|-weather|none
|-damage|p1a: Ursaluna|95/100 brn|[from] brn
|upkeep
|
|t:|1756783321
|switch|p1b: Incineroar|Incineroar, L50, M|63/100
|-ability|p1b: Incineroar|Intimidate|boost
|-unboost|p2a: Amoonguss|atk|1
|-unboost|p2b: Dragonite|atk|1
|turn|6
|inactive|Cesar Aderezo has 30 seconds left.
|inactive|Cesar Aderezo has 20 seconds left.
|inactive|Cesar Aderezo has 15 seconds left.
|
|t:|1756783364
|switch|p2b: Ursaluna|Ursaluna-Bloodmoon, L50, M|100/100
|move|p2a: Amoonguss|Protect|p2a: Amoonguss
|-singleturn|p2a: Amoonguss|Protect
|move|p1b: Incineroar|Fake Out|p2a: Amoonguss
|-activate|p2a: Amoonguss|move: Protect
|move|p1a: Ursaluna|Facade|p2b: Ursaluna
|-damage|p2b: Ursaluna|0 fnt
|faint|p2b: Ursaluna
|
|-damage|p1a: Ursaluna|89/100 brn|[from] brn
|upkeep
|
|t:|1756783375
|switch|p2b: Dragonite|Dragonite, L50, F|71/100
|turn|7
|
|t:|1756783400
|move|p2b: Dragonite|Scale Shot|p1a: Ursaluna
|-damage|p1a: Ursaluna|77/100 brn
|-damage|p1a: Ursaluna|66/100 brn
|-damage|p1a: Ursaluna|54/100 brn
|-crit|p1a: Ursaluna
|-damage|p1a: Ursaluna|36/100 brn
|-hitcount|p1a: Ursaluna|4
|-unboost|p2b: Dragonite|def|1
|-boost|p2b: Dragonite|spe|1
|move|p1b: Incineroar|Knock Off|p2a: Amoonguss
|-damage|p2a: Amoonguss|60/100
|move|p1a: Ursaluna|Facade|p2b: Dragonite
|-damage|p2b: Dragonite|0 fnt
|faint|p2b: Dragonite
|move|p2a: Amoonguss|Spore|p1b: Incineroar
|-status|p1b: Incineroar|slp|[from] move: Spore
|
|-damage|p1a: Ursaluna|31/100 brn|[from] brn
|upkeep
|turn|8
|inactive|Cesar Aderezo has 30 seconds left.
|inactive|mil0battles has 30 seconds left.
|inactive|Cesar Aderezo has 20 seconds left.
|
|t:|1756783439
|cant|p1b: Incineroar|slp
|move|p1a: Ursaluna|Facade|p2a: Amoonguss
|-damage|p2a: Amoonguss|0 fnt
|faint|p2a: Amoonguss
|
|win|Cesar Aderezo
||mil0battles is ready for game 2.
||Cesar Aderezo is ready for game 2.
|uhtml|next|Next: Game 2 of 3
