|j|☆monkeychese
|j|☆larpnoahc17
|html|monkeycheselarpnoahc17    
|uhtml|bestof|Game 1 of a best-of-3
|t:|1785023354
|gametype|doubles
|player|p1|monkeychese|lucas|
|player|p2|larpnoahc17|miku-flying|
|gen|9
|tier|[Gen 9 Champions] VGC 2026 Reg M-B (Bo3)
|rule|Species Clause: Limit one of each Pokémon
|rule|Item Clause: Limit 1 of each item
|clearpoke
|poke|p1|Blaziken, L50, M|
|poke|p1|Lycanroc-Dusk, L50, F|
|poke|p1|Kingambit, L50, M|
|poke|p1|Ninetales-Alola, L50, F|
|poke|p1|Basculegion, L50, M|
|poke|p1|Floette-Eternal, L50, F|
|poke|p2|Glimmora, L50, F, shiny|
|poke|p2|Ninetales-Alola, L50, F, shiny|
|poke|p2|Talonflame, L50, M, shiny|
|poke|p2|Basculegion, L50, M, shiny|
|poke|p2|Kommo-o, L50, F, shiny|
|poke|p2|Kingambit, L50, M, shiny|
|teampreview|4
|showteam|p1|Blaziken||Blazikenite|SpeedBoost|FlareBlitz,CloseCombat,StoneEdge,Protect|Adamant||M|||50|]Lycanroc-Dusk||FocusSash|ToughClaws|RockSlide,CloseCombat,Accelerock,Protect|Jolly||F|||50|]Kingambit||LifeOrb|Defiant|KowtowCleave,SuckerPunch,IronHead,Protect|Adamant||M|||50|]Ninetales-Alola||NeverMeltIce|SnowWarning|Blizzard,FreezeDry,Encore,Protect|Timid||F|||50|]Basculegion||ChoiceScarf|Adaptability|WaveCrash,LastRespects,AquaJet,FlipTurn|Jolly||M|||50|]Floette-Eternal||Floettite|FlowerVeil|Moonblast,LightofRuin,DazzlingGleam,Protect|Timid||F|||50|
|showteam|p2|Glimmora||Glimmoranite|ToxicDebris|PowerGem,SludgeBomb,EarthPower,SpikyShield|Modest||F|||50|]Ninetales-Alola||NeverMeltIce|SnowWarning|Blizzard,FreezeDry,Encore,Protect|Timid||F|||50|]Talonflame||SharpBeak|GaleWings|DualWingbeat,FlareBlitz,Tailwind,Protect|Jolly||M|||50|]Basculegion||ChoiceScarf|Adaptability|WaveCrash,AquaJet,FlipTurn,LastRespects|Jolly||M|||50|]Kommo-o||LifeOrb|Soundproof|ClangingScales,DracoMeteor,AuraSphere,Protect|Modest||F|||50|]Kingambit||FocusSash|Defiant|SuckerPunch,KowtowCleave,IronHead,LowKick|Adamant||M|||50|
|c|☆monkeychese|glhf
|c|☆larpnoahc17|glhf
|
|t:|1785023407
|teamsize|p1|4
|teamsize|p2|4
|start
|switch|p1a: Basculegion|Basculegion, L50, M|100/100
|switch|p1b: Lycanroc|Lycanroc-Dusk, L50, F|100/100
|switch|p2a: BIRDDD|Talonflame, L50, M, shiny|100/100
|switch|p2b: Cringegambit|Kingambit, L50, M, shiny|100/100
|turn|1
|
|t:|1785023455
|switch|p1a: Ninetales|Ninetales-Alola, L50, F|100/100
|-weather|Snowscape|[from] ability: Snow Warning|[of] p1a: Ninetales
|move|p2a: BIRDDD|Protect|p2a: BIRDDD
|-singleturn|p2a: BIRDDD|Protect
|move|p2b: Cringegambit|Sucker Punch||[still]
|-fail|p2b: Cringegambit
|move|p1b: Lycanroc|Close Combat|p2b: Cringegambit
|-supereffective|p2b: Cringegambit|2
|-enditem|p2b: Cringegambit|Focus Sash
|-damage|p2b: Cringegambit|1/100
|-unboost|p1b: Lycanroc|def|1
|-unboost|p1b: Lycanroc|spd|1
|
|-weather|Snowscape|[upkeep]
|upkeep
|turn|2
|
|t:|1785023469
|move|p1a: Ninetales|Protect|p1a: Ninetales
|-singleturn|p1a: Ninetales|Protect
|move|p2a: BIRDDD|Tailwind|p2a: BIRDDD
|-sidestart|p2: larpnoahc17|move: Tailwind
|move|p2b: Cringegambit|Sucker Punch|p1b: Lycanroc
|-damage|p1b: Lycanroc|3/100
|move|p1b: Lycanroc|Rock Slide|p2b: Cringegambit|[spread] p2a,p2b
|-supereffective|p2a: BIRDDD|2
|-resisted|p2b: Cringegambit|1
|-damage|p2a: BIRDDD|0 fnt
|-damage|p2b: Cringegambit|0 fnt
|faint|p2a: BIRDDD
|faint|p2b: Cringegambit
|
|-weather|Snowscape|[upkeep]
|upkeep
|
|t:|1785023478
|switch|p2a: Komm-OH-NOOO|Kommo-o, L50, F, shiny|100/100
|switch|p2b: Nuke.|Glimmora, L50, F, shiny|100/100
|turn|3
|
|t:|1785023486
|switch|p1a: Basculegion|Basculegion, L50, M|100/100
|detailschange|p2b: Nuke.|Glimmora-Mega, L50, F, shiny
|-mega|p2b: Nuke.|Glimmora|Glimmoranite
|move|p1b: Lycanroc|Protect|p1b: Lycanroc
|-singleturn|p1b: Lycanroc|Protect
|move|p2b: Nuke.|Power Gem|p1a: Basculegion
|-damage|p1a: Basculegion|21/100
|move|p2a: Komm-OH-NOOO|Clanging Scales|p1a: Basculegion|[spread] p1a
|-activate|p1b: Lycanroc|move: Protect
|-damage|p1a: Basculegion|0 fnt
|faint|p1a: Basculegion
|-unboost|p2a: Komm-OH-NOOO|def|1
|-damage|p2a: Komm-OH-NOOO|90/100|[from] item: Life Orb
|
|-weather|Snowscape|[upkeep]
|upkeep
|
|t:|1785023505
|switch|p1a: Ninetales|Ninetales-Alola, L50, F|100/100
|turn|4
|
|t:|1785023515
|move|p1a: Ninetales|Protect|p1a: Ninetales
|-singleturn|p1a: Ninetales|Protect
|move|p1b: Lycanroc|Accelerock|p2b: Nuke.
|-damage|p2b: Nuke.|72/100
|move|p2b: Nuke.|Sludge Bomb|p1b: Lycanroc
|-resisted|p1b: Lycanroc|1
|-damage|p1b: Lycanroc|0 fnt
|faint|p1b: Lycanroc
|move|p2a: Komm-OH-NOOO|Clanging Scales|p1a: Ninetales
|-activate|p1a: Ninetales|move: Protect
|
|-weather|Snowscape|[upkeep]
|upkeep
|
|t:|1785023520
|switch|p1b: Blaziken|Blaziken, L50, M|100/100
|turn|5
|
|t:|1785023542
|detailschange|p1b: Blaziken|Blaziken-Mega, L50, M
|-mega|p1b: Blaziken|Blaziken|Blazikenite
|move|p1b: Blaziken|Protect|p1b: Blaziken
|-singleturn|p1b: Blaziken|Protect
|move|p2b: Nuke.|Sludge Bomb|p1a: Ninetales
|-supereffective|p1a: Ninetales|1
|-damage|p1a: Ninetales|0 fnt
|faint|p1a: Ninetales
|move|p2a: Komm-OH-NOOO|Draco Meteor|p1b: Blaziken
|-activate|p1b: Blaziken|move: Protect
|
|-weather|none
|-sideend|p2: larpnoahc17|move: Tailwind
|-ability|p1b: Blaziken|Speed Boost|boost
|-boost|p1b: Blaziken|spe|1
|upkeep
|turn|6
|
|t:|1785023553
|move|p1b: Blaziken|Close Combat|p2a: Komm-OH-NOOO
|-damage|p2a: Komm-OH-NOOO|0 fnt
|-unboost|p1b: Blaziken|def|1
|-unboost|p1b: Blaziken|spd|1
|faint|p2a: Komm-OH-NOOO
|move|p2b: Nuke.|Sludge Bomb|p1b: Blaziken
|-damage|p1b: Blaziken|0 fnt
|faint|p1b: Blaziken
|
|win|larpnoahc17
|l|☆monkeychese
|player|p1|
||monkeychese is ready for game 2.
