|j|☆tamagotchai-04
|j|☆ClumbsyLilBeach
|html|tamagotchai-04ClumbsyLilBeach    
|uhtml|bestof|Game 2 of a best-of-3
|t:|1785974137
|gametype|doubles
|player|p1|tamagotchai-04|101|1200
|player|p2|ClumbsyLilBeach|jasmine|1215
|gen|9
|tier|[Gen 9 Champions] VGC 2026 Reg M-B (Bo3)
|rated|
|rule|Species Clause: Limit one of each Pokémon
|rule|Item Clause: Limit 1 of each item
|clearpoke
|poke|p1|Sneasler, L50, F|
|poke|p1|Blastoise, L50, F|
|poke|p1|Kingambit, L50, F|
|poke|p1|Incineroar, L50, M|
|poke|p1|Delphox, L50, M|
|poke|p1|Sinistcha, L50|
|poke|p2|Charizard, L50, M|
|poke|p2|Pelipper, L50, M|
|poke|p2|Gliscor, L50, F, shiny|
|poke|p2|Talonflame, L50, M|
|poke|p2|Corviknight, L50, M|
|poke|p2|Staraptor, L50, F|
|teampreview|4
|showteam|p1|Sneasler||FocusSash|PoisonTouch|PoisonJab,CloseCombat,FakeOut,QuickGuard|Jolly||F|||50|]Blastoise||Blastoisinite|RainDish|DarkPulse,WaterSpout,ShellSmash,Protect|Modest||F|||50|]Kingambit||BlackGlasses|Defiant|KowtowCleave,SuckerPunch,SwordsDance,Protect|Adamant||F|||50|]Incineroar||SitrusBerry|Intimidate|FlareBlitz,HelpingHand,PartingShot,FakeOut|Careful||M|||50|]Delphox||Delphoxite|Blaze|HeatWave,NastyPlot,Psyshock,Protect|Modest||M|||50|]Sinistcha||KasibBerry|Hospitality|MatchaGotcha,RagePowder,TrickRoom,Protect|Bold|||||50|
|showteam|p2|Charizard||CharizarditeY|Blaze|Protect,WeatherBall,HeatWave,SolarBeam|Modest||M|||50|]Pelipper||SitrusBerry|Drizzle|WideGuard,Hurricane,Tailwind,WeatherBall|Modest||M|||50|]Gliscor||ChoiceScarf|HyperCutter|Earthquake,RockSlide,Uturn,IceFang|Jolly||F|||50|]Talonflame||FocusSash|GaleWings|AirSlash,Tailwind,QuickGuard,FeatherDance|Timid||M|||50|]Corviknight||Leftovers|MirrorArmor|Taunt,IronHead,BulkUp,Protect|Adamant||M|||50|]Staraptor||Staraptite|Intimidate|CloseCombat,Roost,BraveBird,Protect|Jolly||F|||50|
|inactive|Battle timer is ON: inactive players will automatically lose when time's up. (requested by tamagotchai-04)
|inactive|ClumbsyLilBeach also wants the timer to be on.
|
|t:|1785974142
|teamsize|p1|4
|teamsize|p2|4
|start
|switch|p1a: Blastoise|Blastoise, L50, F|100/100
|switch|p1b: Incineroar|Incineroar, L50, M|100/100
|switch|p2a: Talonflame|Talonflame, L50, M|100/100
|switch|p2b: Gliscor|Gliscor, L50, F, shiny|100/100
|-ability|p1b: Incineroar|Intimidate|boost
|-unboost|p2a: Talonflame|atk|1
|-fail|p2b: Gliscor|unboost|Attack|[from] ability: Hyper Cutter|[of] p2b: Gliscor
|turn|1
|inactive|tamagotchai-04 has 30 seconds left.
|inactive|ClumbsyLilBeach has 30 seconds left.
|
|t:|1785974169
|move|p2a: Talonflame|Quick Guard|p2a: Talonflame
|-singleturn|p2a: Talonflame|Quick Guard
|move|p1b: Incineroar|Fake Out|p2a: Talonflame
|-activate|p2a: Talonflame|move: Quick Guard
|move|p2b: Gliscor|Rock Slide|p1a: Blastoise|[spread] p1a,p1b
|-supereffective|p1b: Incineroar|1
|-damage|p1a: Blastoise|82/100
|-damage|p1b: Incineroar|69/100
|move|p1a: Blastoise|Shell Smash|p1a: Blastoise
|-unboost|p1a: Blastoise|def|1
|-unboost|p1a: Blastoise|spd|1
|-boost|p1a: Blastoise|atk|2
|-boost|p1a: Blastoise|spa|2
|-boost|p1a: Blastoise|spe|2
|
|upkeep
|turn|2
|
|t:|1785974186
|detailschange|p1a: Blastoise|Blastoise-Mega, L50, F
|-mega|p1a: Blastoise|Blastoise|Blastoisinite
|move|p1b: Incineroar|Helping Hand|p1a: Blastoise
|-singleturn|p1a: Blastoise|Helping Hand|[of] p1b: Incineroar
|move|p2a: Talonflame|Tailwind|p2a: Talonflame
|-sidestart|p2: ClumbsyLilBeach|move: Tailwind
|move|p2b: Gliscor|Rock Slide|p1a: Blastoise|[spread] p1a,p1b
|-supereffective|p1b: Incineroar|1
|-damage|p1a: Blastoise|58/100
|-damage|p1b: Incineroar|38/100
|-enditem|p1b: Incineroar|Sitrus Berry|[eat]
|-heal|p1b: Incineroar|63/100|[from] item: Sitrus Berry
|cant|p1a: Blastoise|flinch
|
|upkeep
|turn|3
|
|t:|1785974209
|move|p1a: Blastoise|Protect|p1a: Blastoise
|-singleturn|p1a: Blastoise|Protect
|move|p2a: Talonflame|Air Slash|p1a: Blastoise
|-activate|p1a: Blastoise|move: Protect
|move|p2b: Gliscor|Rock Slide|p1b: Incineroar|[spread] p1b
|-activate|p1a: Blastoise|move: Protect
|-supereffective|p1b: Incineroar|1
|-damage|p1b: Incineroar|33/100
|cant|p1b: Incineroar|flinch
|
|upkeep
|turn|4
|
|t:|1785974232
|switch|p1a: Kingambit|Kingambit, L50, F|100/100
|switch|p1b: Sneasler|Sneasler, L50, F|100/100
|move|p2a: Talonflame|Air Slash|p1a: Kingambit
|-resisted|p1a: Kingambit|1
|-damage|p1a: Kingambit|89/100
|move|p2b: Gliscor|Rock Slide|p1a: Kingambit|[spread] p1b
|-miss|p2b: Gliscor|p1a: Kingambit
|-resisted|p1b: Sneasler|1
|-damage|p1b: Sneasler|87/100
|
|upkeep
|turn|5
|
|t:|1785974256
|switch|p2b: Pelipper|Pelipper, L50, M|100/100
|-weather|RainDance|[from] ability: Drizzle|[of] p2b: Pelipper
|move|p1b: Sneasler|Fake Out|p2a: Talonflame
|-damage|p2a: Talonflame|78/100
|-status|p2a: Talonflame|psn|[from] ability: Poison Touch|[of] p1b: Sneasler
|cant|p2a: Talonflame|flinch
|move|p1a: Kingambit|Kowtow Cleave|p2b: Pelipper
|-damage|p2b: Pelipper|36/100
|-enditem|p2b: Pelipper|Sitrus Berry|[eat]
|-heal|p2b: Pelipper|61/100|[from] item: Sitrus Berry
|
|-weather|RainDance|[upkeep]
|-damage|p2a: Talonflame|66/100 psn|[from] psn
|-sideend|p2: ClumbsyLilBeach|move: Tailwind
|upkeep
|turn|6
|
|t:|1785974280
|move|p2a: Talonflame|Feather Dance|p1b: Sneasler
|-unboost|p1b: Sneasler|atk|2
|move|p1b: Sneasler|Poison Jab|p2a: Talonflame
|-damage|p2a: Talonflame|33/100 psn
|move|p2b: Pelipper|Tailwind|p2b: Pelipper
|-sidestart|p2: ClumbsyLilBeach|move: Tailwind
|move|p1a: Kingambit|Kowtow Cleave|p2b: Pelipper
|-damage|p2b: Pelipper|1/100
|
|-weather|RainDance|[upkeep]
|-damage|p2a: Talonflame|21/100 psn|[from] psn
|upkeep
|turn|7
|
|t:|1785974303
|move|p2a: Talonflame|Quick Guard|p2a: Talonflame
|-singleturn|p2a: Talonflame|Quick Guard
|move|p2b: Pelipper|Hurricane|p1b: Sneasler
|-supereffective|p1b: Sneasler|1
|-damage|p1b: Sneasler|0 fnt
|faint|p1b: Sneasler
|move|p1a: Kingambit|Kowtow Cleave|p2b: Pelipper
|-damage|p2b: Pelipper|0 fnt
|faint|p2b: Pelipper
|
|-weather|RainDance|[upkeep]
|-damage|p2a: Talonflame|9/100 psn|[from] psn
|upkeep
|
|t:|1785974327
|switch|p1b: Incineroar|Incineroar, L50, M|33/100
|switch|p2b: Gliscor|Gliscor, L50, F, shiny|100/100
|-ability|p1b: Incineroar|Intimidate|boost
|-unboost|p2a: Talonflame|atk|1
|-fail|p2b: Gliscor|unboost|Attack|[from] ability: Hyper Cutter|[of] p2b: Gliscor
|turn|8
|
|t:|1785974336
|switch|p1b: Blastoise|Blastoise-Mega, L50, F|58/100
|move|p1a: Kingambit|Protect|p1a: Kingambit
|-singleturn|p1a: Kingambit|Protect
|move|p2a: Talonflame|Quick Guard|p2a: Talonflame
|-singleturn|p2a: Talonflame|Quick Guard
|move|p2b: Gliscor|Earthquake|p1a: Kingambit|[spread] p1b
|-activate|p1a: Kingambit|move: Protect
|-immune|p2a: Talonflame
|-damage|p1b: Blastoise|27/100
|
|-weather|RainDance|[upkeep]
|-damage|p2a: Talonflame|0 fnt|[from] psn
|faint|p2a: Talonflame
|upkeep
|
|t:|1785974352
|switch|p2a: Staraptor|Staraptor, L50, F|100/100
|-ability|p2a: Staraptor|Intimidate|boost
|-unboost|p1a: Kingambit|atk|1
|-ability|p1a: Kingambit|Defiant|boost
|-boost|p1a: Kingambit|atk|2
|-unboost|p1b: Blastoise|atk|1
|turn|9
|
|t:|1785974361
|switch|p1a: Incineroar|Incineroar, L50, M|33/100
|-ability|p1a: Incineroar|Intimidate|boost
|-unboost|p2a: Staraptor|atk|1
|-fail|p2b: Gliscor|unboost|Attack|[from] ability: Hyper Cutter|[of] p2b: Gliscor
|detailschange|p2a: Staraptor|Staraptor-Mega, L50, F
|-mega|p2a: Staraptor|Staraptor|Staraptite
|move|p1b: Blastoise|Protect|p1b: Blastoise
|-singleturn|p1b: Blastoise|Protect
|move|p2b: Gliscor|Earthquake|p1b: Blastoise|[spread] p1a
|-activate|p1b: Blastoise|move: Protect
|-immune|p2a: Staraptor
|-supereffective|p1a: Incineroar|1
|-damage|p1a: Incineroar|0 fnt
|faint|p1a: Incineroar
|move|p2a: Staraptor|Close Combat|p1b: Blastoise
|-activate|p1b: Blastoise|move: Protect
|
|-weather|none
|-sideend|p2: ClumbsyLilBeach|move: Tailwind
|upkeep
|
|t:|1785974361
|switch|p1a: Kingambit|Kingambit, L50, F|89/100
|turn|10
|
|t:|1785974385
|move|p1b: Blastoise|Protect|p1b: Blastoise
|-singleturn|p1b: Blastoise|Protect
|move|p2b: Gliscor|Earthquake|p1b: Blastoise|[spread] p1a
|-activate|p1b: Blastoise|move: Protect
|-immune|p2a: Staraptor
|-supereffective|p1a: Kingambit|1
|-damage|p1a: Kingambit|43/100
|move|p2a: Staraptor|Close Combat|p1a: Kingambit
|-supereffective|p1a: Kingambit|2
|-damage|p1a: Kingambit|0 fnt
|-boost|p2a: Staraptor|def|1
|-boost|p2a: Staraptor|spd|1
|faint|p1a: Kingambit
|
|upkeep
|turn|11
|
|t:|1785974403
|move|p1b: Blastoise|Protect||[still]
|-fail|p1b: Blastoise
|move|p2b: Gliscor|Earthquake|p1b: Blastoise|[spread] p1b
|-immune|p2a: Staraptor
|-damage|p1b: Blastoise|0 fnt
|faint|p1b: Blastoise
|
|win|ClumbsyLilBeach
|raw|tamagotchai-04's rating: 1200 → 1176(-24 for losing)
|raw|ClumbsyLilBeach's rating: 1215 → 1239(+24 for winning)
