|j|☆Van (Dream)
|j|☆Khenzhu
|html|Van (Dream)Khenzhu    
|uhtml|bestof|Game 1 of a best-of-3
|t:|1784494192
|gametype|doubles
|player|p1|Van (Dream)|li|
|player|p2|Khenzhu|cynthia|
|gen|9
|tier|[Gen 9 Champions] VGC 2026 Reg M-B (Bo3)
|rule|Species Clause: Limit one of each Pokémon
|rule|Item Clause: Limit 1 of each item
|clearpoke
|poke|p1|Politoed, L50, F|
|poke|p1|Swampert, L50, F|
|poke|p1|Archaludon, L50, M|
|poke|p1|Gholdengo, L50|
|poke|p1|Scrafty, L50, F|
|poke|p1|Raichu, L50, M|
|poke|p2|Dragonite, L50, M|
|poke|p2|Torkoal, L50, F|
|poke|p2|Hatterene, L50, F|
|poke|p2|Vileplume, L50, M|
|poke|p2|Sneasler, L50, F|
|poke|p2|Leafeon, L50, M|
|teampreview|4
|showteam|p1|Politoed||SitrusBerry|Drizzle|WeatherBall,IcyWind,HelpingHand,Protect|Bold||F|||50|]Swampert||Swampertite|Damp|Waterfall,HighHorsepower,IcePunch,Protect|Adamant||F|||50|]Archaludon||Leftovers|Stamina|ElectroShot,FlashCannon,DracoMeteor,Protect|Modest||M|||50|]Gholdengo||LifeOrb|GoodasGold|MakeItRain,ShadowBall,PowerGem,Protect|Timid|||||50|]Scrafty||LumBerry|Intimidate|FakeOut,DrainPunch,KnockOff,Protect|Adamant||F|||50|]Raichu||FocusSash|LightningRod|FakeOut,Thunderbolt,VoltSwitch,Protect|Timid||M|||50|
|showteam|p2|Dragonite||Dragoninite|Multiscale|Tailwind,DragonPulse,AirSlash,Protect|Modest||M|||50|]Torkoal||Charcoal|Drought|HelpingHand,Eruption,Protect,WeatherBall|Bold||F|||50|]Hatterene||LifeOrb|MagicBounce|TrickRoom,DazzlingGleam,Psychic,Protect|Bold||F|||50|]Vileplume||MentalHerb|Chlorophyll|AfterYou,Protect,SleepPowder,SludgeBomb|Bold||M|||50|]Sneasler||FocusSash|PoisonTouch|CloseCombat,FakeOut,DireClaw,Protect|Jolly||F|||50|]Leafeon||CobaBerry|Chlorophyll|KnockOff,LeafBlade,Protect,SolarBlade|Adamant||M|||50|
|inactive|Battle timer is ON: inactive players will automatically lose when time's up. (requested by Khenzhu)
|
|t:|1784494259
|teamsize|p1|4
|teamsize|p2|4
|start
|switch|p1a: Scrafty|Scrafty, L50, F|100/100
|switch|p1b: Gholdengo|Gholdengo, L50|100/100
|switch|p2a: Hatterene|Hatterene, L50, F|100/100
|switch|p2b: Torkoal|Torkoal, L50, F|100/100
|-ability|p1a: Scrafty|Intimidate|boost
|-unboost|p2a: Hatterene|atk|1
|-unboost|p2b: Torkoal|atk|1
|-weather|SunnyDay|[from] ability: Drought|[of] p2b: Torkoal
|turn|1
|inactive|Van (Dream) has 30 seconds left.
|inactive|Khenzhu has 30 seconds left.
|
|t:|1784494291
|move|p1b: Gholdengo|Power Gem|p2b: Torkoal
|-supereffective|p2b: Torkoal|1
|-damage|p2b: Torkoal|0 fnt
|faint|p2b: Torkoal
|-damage|p1b: Gholdengo|90/100|[from] item: Life Orb
|move|p1a: Scrafty|Knock Off|p2a: Hatterene
|-damage|p2a: Hatterene|61/100
|-enditem|p2a: Hatterene|Life Orb|[from] move: Knock Off|[of] p1a: Scrafty
|move|p2a: Hatterene|Trick Room|p2a: Hatterene
|-fieldstart|move: Trick Room|[of] p2a: Hatterene
|
|-weather|SunnyDay|[upkeep]
|upkeep
|
|t:|1784494302
|switch|p2b: Dragonite|Dragonite, L50, M|100/100
|turn|2
|inactive|Van (Dream) has 30 seconds left.
|
|t:|1784494327
|detailschange|p2b: Dragonite|Dragonite-Mega, L50, M
|-mega|p2b: Dragonite|Dragonite|Dragoninite
|move|p2b: Dragonite|Protect|p2b: Dragonite
|-singleturn|p2b: Dragonite|Protect
|move|p2a: Hatterene|Dazzling Gleam|p1a: Scrafty|[spread] p1a,p1b
|-supereffective|p1a: Scrafty|2
|-resisted|p1b: Gholdengo|1
|-damage|p1a: Scrafty|0 fnt
|-damage|p1b: Gholdengo|75/100
|faint|p1a: Scrafty
|move|p1b: Gholdengo|Power Gem|p2b: Dragonite
|-activate|p2b: Dragonite|move: Protect
|
|-weather|SunnyDay|[upkeep]
|upkeep
|
|t:|1784494332
|switch|p1a: Politoed|Politoed, L50, F|100/100
|-weather|RainDance|[from] ability: Drizzle|[of] p1a: Politoed
|turn|3
|inactive|Khenzhu has 30 seconds left.
|
|t:|1784494359
|move|p2b: Dragonite|Protect||[still]
|-fail|p2b: Dragonite
|move|p2a: Hatterene|Psychic|p1a: Politoed
|-damage|p1a: Politoed|62/100
|move|p1a: Politoed|Icy Wind|p2b: Dragonite|[spread] p2a,p2b
|-supereffective|p2b: Dragonite|2
|-damage|p2a: Hatterene|51/100
|-damage|p2b: Dragonite|85/100
|-unboost|p2a: Hatterene|spe|1
|-unboost|p2b: Dragonite|spe|1
|move|p1b: Gholdengo|Power Gem|p2b: Dragonite
|-supereffective|p2b: Dragonite|1
|-damage|p2b: Dragonite|31/100
|-damage|p1b: Gholdengo|66/100|[from] item: Life Orb
|
|-weather|RainDance|[upkeep]
|upkeep
|turn|4
|inactive|Khenzhu has 30 seconds left.
|
|t:|1784494390
|move|p1a: Politoed|Helping Hand|p1b: Gholdengo
|-immune|p1b: Gholdengo|[from] ability: Good as Gold
|move|p2a: Hatterene|Psychic|p1a: Politoed
|-damage|p1a: Politoed|22/100
|-enditem|p1a: Politoed|Sitrus Berry|[eat]
|-heal|p1a: Politoed|47/100|[from] item: Sitrus Berry
|move|p2b: Dragonite|Dragon Pulse|p1a: Politoed
|-damage|p1a: Politoed|0 fnt
|faint|p1a: Politoed
|move|p1b: Gholdengo|Make It Rain|p2b: Dragonite|[spread] p2b
|-miss|p1b: Gholdengo|p2a: Hatterene
|-damage|p2b: Dragonite|0 fnt
|-unboost|p1b: Gholdengo|spa|2
|faint|p2b: Dragonite
|-damage|p1b: Gholdengo|56/100|[from] item: Life Orb
|
|-weather|RainDance|[upkeep]
|upkeep
|
|t:|1784494407
|switch|p1a: Swampert|Swampert, L50, F|100/100
|switch|p2b: Leafeon|Leafeon, L50, M|100/100
|turn|5
|
|t:|1784494423
|detailschange|p1a: Swampert|Swampert-Mega, L50, F
|-mega|p1a: Swampert|Swampert|Swampertite
|move|p2a: Hatterene|Protect|p2a: Hatterene
|-singleturn|p2a: Hatterene|Protect
|move|p2b: Leafeon|Leaf Blade|p1a: Swampert
|-supereffective|p1a: Swampert|2
|-damage|p1a: Swampert|0 fnt
|faint|p1a: Swampert
|move|p1b: Gholdengo|Make It Rain|p2b: Leafeon|[spread] p2b
|-activate|p2a: Hatterene|move: Protect
|-damage|p2b: Leafeon|45/100
|-unboost|p1b: Gholdengo|spa|2
|-damage|p1b: Gholdengo|46/100|[from] item: Life Orb
|
|-weather|RainDance|[upkeep]
|-fieldend|move: Trick Room
|upkeep
|turn|6
|
|t:|1784494445
|move|p1b: Gholdengo|Shadow Ball|p2a: Hatterene
|-supereffective|p2a: Hatterene|1
|-damage|p2a: Hatterene|13/100
|-damage|p1b: Gholdengo|36/100|[from] item: Life Orb
|move|p2b: Leafeon|Knock Off|p1b: Gholdengo
|-supereffective|p1b: Gholdengo|1
|-damage|p1b: Gholdengo|0 fnt
|-enditem|p1b: Gholdengo|Life Orb|[from] move: Knock Off|[of] p2b: Leafeon
|faint|p1b: Gholdengo
|
|win|Khenzhu
||Van (Dream) is ready for game 2.
||Khenzhu is ready for game 2.
|uhtml|next|Next: Game 2 of 3
