|j|☆Bruthathechosen
|j|☆endK649
|html|BruthathechosenendK649    
|uhtml|bestof|Game 2 of a best-of-3
|t:|1756653763
|gametype|doubles
|player|p1|Bruthathechosen|lady-gen4|1095
|player|p2|endK649|gambler|1216
|gen|9
|tier|[Gen 9] VGC 2025 Reg H (Bo3)
|rated|
|rule|Species Clause: Limit one of each Pokémon
|rule|Item Clause: Limit 1 of each item
|clearpoke
|poke|p1|Hydreigon, L50, M|
|poke|p1|Incineroar, L50, M|
|poke|p1|Sinistcha-Masterpiece, L50|
|poke|p1|Basculegion, L50, M|
|poke|p1|Sneasler, L50, F|
|poke|p1|Clefable, L50, M|
|poke|p2|Feraligatr, L50, F|
|poke|p2|Kommo-o, L50, F|
|poke|p2|Politoed, L50, M|
|poke|p2|Rillaboom, L50, F|
|poke|p2|Incineroar, L50, F|
|poke|p2|Amoonguss, L50, F|
|teampreview|4
|showteam|p1|Hydreigon||SitrusBerry|Levitate|Snarl,DracoMeteor,Tailwind,Protect|||M|||50|,,,,,Ghost]Incineroar||AssaultVest|Intimidate|FakeOut,FlareBlitz,KnockOff,Uturn|||M|||50|,,,,,Grass]Sinistcha-Masterpiece||RockyHelmet|Hospitality|MatchaGotcha,RagePowder,StrengthSap,Protect||||||50|,,,,,Water]Basculegion||ChoiceScarf|Adaptability|WaveCrash,LastRespects,AquaJet,FlipTurn|||M|||50|,,,,,Water]Sneasler||FocusSash|PoisonTouch|DireClaw,FakeOut,CloseCombat,Protect|||F|||50|,,,,,Stellar]Clefable||LifeOrb|MagicGuard|FollowMe,Moonblast,HelpingHand,Protect|||M|||50|,,,,,Grass
|showteam|p2|Feraligatr||LifeOrb|SheerForce|Liquidation,Crunch,DragonDance,Protect|||F|||50|,,,,,Dark]Kommo-o||ThroatSpray|Overcoat|ClangingScales,AuraSphere,ClangorousSoul,Protect|||F|||50|,,,,,Fairy]Politoed||SitrusBerry|Drizzle|WeatherBall,IcyWind,Haze,Protect|||M|||50|,,,,,Grass]Rillaboom||AssaultVest|GrassySurge|WoodHammer,GrassyGlide,FakeOut,Uturn|||F|||50|,,,,,Fire]Incineroar||SafetyGoggles|Intimidate|KnockOff,FakeOut,Taunt,PartingShot|||F|||50|,,,,,Ghost]Amoonguss||CovertCloak|Regenerator|PollenPuff,Spore,RagePowder,Protect|||F|||50|,,,,,Water
|inactive|Battle timer is ON: inactive players will automatically lose when time's up. (requested by endK649)
|
|t:|1756653800
|teamsize|p1|4
|teamsize|p2|4
|start
|switch|p1a: Clefable|Clefable, L50, M|100/100
|switch|p1b: Sneasler|Sneasler, L50, F|100/100
|switch|p2a: Kommo-o|Kommo-o, L50, F|100/100
|switch|p2b: Incineroar|Incineroar, L50, F, shiny|100/100
|-ability|p2b: Incineroar|Intimidate|boost
|-unboost|p1a: Clefable|atk|1
|-unboost|p1b: Sneasler|atk|1
|turn|1
|
|t:|1756653819
|switch|p1b: Basculegion|Basculegion, L50, M|100/100
|move|p2b: Incineroar|Fake Out|p1a: Clefable
|-damage|p1a: Clefable|88/100
|move|p2a: Kommo-o|Clangorous Soul|p2a: Kommo-o
|-boost|p2a: Kommo-o|atk|1
|-boost|p2a: Kommo-o|def|1
|-boost|p2a: Kommo-o|spa|1
|-boost|p2a: Kommo-o|spd|1
|-boost|p2a: Kommo-o|spe|1
|-damage|p2a: Kommo-o|68/100
|-enditem|p2a: Kommo-o|Throat Spray
|-boost|p2a: Kommo-o|spa|1|[from] item: Throat Spray
|cant|p1a: Clefable|flinch
|
|upkeep
|turn|2
|inactive|endK649 has 30 seconds left.
|
|t:|1756653849
|switch|p2b: Rillaboom|Rillaboom, L50, F, shiny|100/100
|-fieldstart|move: Grassy Terrain|[from] ability: Grassy Surge|[of] p2b: Rillaboom
|-terastallize|p1b: Basculegion|Water
|move|p2a: Kommo-o|Protect|p2a: Kommo-o
|-singleturn|p2a: Kommo-o|Protect
|move|p1b: Basculegion|Flip Turn|p2a: Kommo-o
|-activate|p2a: Kommo-o|move: Protect
|move|p1a: Clefable|Moonblast|p2a: Kommo-o
|-activate|p2a: Kommo-o|move: Protect
|
|-heal|p2a: Kommo-o|74/100|[from] Grassy Terrain
|-heal|p1a: Clefable|94/100|[from] Grassy Terrain
|upkeep
|turn|3
|
|t:|1756653868
|switch|p1b: Sinistcha|Sinistcha-Masterpiece, L50|100/100
|-heal|p1a: Clefable|100/100|[from] ability: Hospitality|[of] p1b: Sinistcha
|-terastallize|p2a: Kommo-o|Fairy
|move|p2b: Rillaboom|Fake Out|p1b: Sinistcha
|-immune|p1b: Sinistcha
|move|p2a: Kommo-o|Aura Sphere|p1b: Sinistcha
|-immune|p1b: Sinistcha
|move|p1a: Clefable|Moonblast|p2a: Kommo-o
|-damage|p2a: Kommo-o|37/100
|
|-heal|p2a: Kommo-o|43/100|[from] Grassy Terrain
|upkeep
|turn|4
|
|t:|1756653888
|move|p2a: Kommo-o|Protect|p2a: Kommo-o
|-singleturn|p2a: Kommo-o|Protect
|move|p2b: Rillaboom|U-turn|p1a: Clefable
|-resisted|p1a: Clefable
|-damage|p1a: Clefable|88/100
|
|t:|1756653892
|switch|p2b: Amoonguss|Amoonguss, L50, F, shiny|100/100|[from] U-turn
|move|p1a: Clefable|Moonblast|p2a: Kommo-o
|-activate|p2a: Kommo-o|move: Protect
|move|p1b: Sinistcha|Matcha Gotcha|p2a: Kommo-o|[spread] p2b
|-activate|p2a: Kommo-o|move: Protect
|-resisted|p2b: Amoonguss
|-damage|p2b: Amoonguss|94/100
|
|-heal|p2a: Kommo-o|49/100|[from] Grassy Terrain
|-heal|p1a: Clefable|94/100|[from] Grassy Terrain
|-heal|p2b: Amoonguss|99/100|[from] Grassy Terrain
|upkeep
|turn|5
|-message|Bruthathechosen forfeited.
|
|win|endK649
|raw|Bruthathechosen's rating: 1095 → 1079(-16 for losing)
|raw|endK649's rating: 1216 → 1233(+17 for winning)
|l|☆Bruthathechosen
|player|p1|
