|j|☆Yubay Chocolate
|j|☆DragoniteMega149
|html|Yubay ChocolateDragoniteMega149    
|uhtml|bestof|Game 1 of a best-of-3
|t:|1756183850
|gametype|doubles
|player|p1|Yubay Chocolate|kieran-champion|1129
|player|p2|DragoniteMega149|red-lgpe|1198
|gen|9
|tier|[Gen 9] VGC 2025 Reg H (Bo3)
|rated|
|rule|Species Clause: Limit one of each Pokémon
|rule|Item Clause: Limit 1 of each item
|clearpoke
|poke|p1|Dragonite, L50, M|
|poke|p1|Volcarona, L50, F|
|poke|p1|Sneasler, L50, M|
|poke|p1|Rillaboom, L50, M|
|poke|p1|Electabuzz, L50, M|
|poke|p1|Kingambit, L50, M|
|poke|p2|Sneasler, L50, F|
|poke|p2|Indeedee, L50, M|
|poke|p2|Dragonite, L50, F|
|poke|p2|Incineroar, L50, F|
|poke|p2|Electabuzz, L50, F|
|poke|p2|Ursaluna-Bloodmoon, L50, M|
|teampreview|4
|showteam|p1|Dragonite||LoadedDice|Multiscale|ScaleShot,ExtremeSpeed,Haze,Protect|||M|||50|,,,,,Fairy]Volcarona||CovertCloak|FlameBody|HeatWave,TeraBlast,QuiverDance,Protect|||F|||50|,,,,,Fairy]Sneasler||FocusSash|Unburden|CloseCombat,DireClaw,Coaching,Protect|||M|||50|,,,,,Stellar]Rillaboom||AssaultVest|GrassySurge|WoodHammer,GrassyGlide,HighHorsepower,FakeOut|||M|||50|,,,,,Water]Electabuzz||Eviolite|VitalSpirit|Thunderbolt,FollowMe,Taunt,Protect|||M|||50|,,,,,Ghost]Kingambit||BlackGlasses|Defiant|KowtowCleave,SuckerPunch,SwordsDance,Protect|||M|||50|,,,,,Dark
|showteam|p2|Sneasler||PsychicSeed|Unburden|DireClaw,CloseCombat,Protect,ThroatChop|||F|||50|,,,,,Dark]Indeedee||FocusSash|PsychicSurge|Imprison,Protect,ExpandingForce,TrickRoom|||M|||50|,,,,,Psychic]Dragonite||LoadedDice|Multiscale|ScaleShot,Tailwind,Haze,Protect|||F|||50|,,,,,Fairy]Incineroar||SafetyGoggles|Intimidate|FakeOut,FlareBlitz,KnockOff,PartingShot|||F|||50|,,,,,Ghost]Electabuzz||Eviolite|VitalSpirit|FollowMe,Electroweb,Taunt,Protect|||F|||50|,,,,,Fairy]Ursaluna-Bloodmoon||LifeOrb|MindsEye|BloodMoon,HyperVoice,EarthPower,Protect|||M|||50|,,,,,Normal
|inactive|Battle timer is ON: inactive players will automatically lose when time's up. (requested by Yubay Chocolate)
|inactive|Yubay Chocolate has 60 seconds left.
|
|t:|1756183897
|teamsize|p1|4
|teamsize|p2|4
|start
|switch|p1a: Dragonite|Dragonite, L50, M|100/100
|switch|p1b: Sneasler|Sneasler, L50, M|100/100
|switch|p2a: Dragonite|Dragonite, L50, F|100/100
|switch|p2b: Ursaluna|Ursaluna-Bloodmoon, L50, M|100/100
|turn|1
|
|t:|1756183917
|move|p2b: Ursaluna|Protect|p2b: Ursaluna
|-singleturn|p2b: Ursaluna|Protect
|move|p1b: Sneasler|Close Combat|p2b: Ursaluna
|-activate|p2b: Ursaluna|move: Protect
|move|p2a: Dragonite|Scale Shot|p1b: Sneasler
|-damage|p1b: Sneasler|79/100
|-damage|p1b: Sneasler|54/100
|-damage|p1b: Sneasler|29/100
|-damage|p1b: Sneasler|7/100
|-hitcount|p1b: Sneasler|4
|-unboost|p2a: Dragonite|def|1
|-boost|p2a: Dragonite|spe|1
|move|p1a: Dragonite|Scale Shot|p2a: Dragonite
|-supereffective|p2a: Dragonite
|-crit|p2a: Dragonite
|-damage|p2a: Dragonite|63/100
|-supereffective|p2a: Dragonite
|-damage|p2a: Dragonite|7/100
|-supereffective|p2a: Dragonite
|-damage|p2a: Dragonite|0 fnt
|faint|p2a: Dragonite
|-hitcount|p2: Dragonite|3
|-unboost|p1a: Dragonite|def|1
|-boost|p1a: Dragonite|spe|1
|
|upkeep
|
|t:|1756183937
|switch|p2a: Indeedee|Indeedee, L50, M|100/100
|-fieldstart|move: Psychic Terrain|[from] ability: Psychic Surge|[of] p2a: Indeedee
|turn|2
|
|t:|1756183953
|move|p2a: Indeedee|Protect|p2a: Indeedee
|-singleturn|p2a: Indeedee|Protect
|move|p1a: Dragonite|Scale Shot|p2a: Indeedee
|-activate|p2a: Indeedee|move: Protect
|move|p1b: Sneasler|Close Combat|p2a: Indeedee
|-activate|p2a: Indeedee|move: Protect
|move|p2b: Ursaluna|Hyper Voice|p1a: Dragonite|[spread] p1a,p1b
|-damage|p1a: Dragonite|72/100
|-damage|p1b: Sneasler|0 fnt
|faint|p1b: Sneasler
|-damage|p2b: Ursaluna|91/100|[from] item: Life Orb
|
|upkeep
|
|t:|1756183958
|switch|p1b: Rillaboom|Rillaboom, L50, M|100/100
|-fieldstart|move: Grassy Terrain|[from] ability: Grassy Surge|[of] p1b: Rillaboom
|turn|3
|
|t:|1756183973
|-terastallize|p2b: Ursaluna|Normal
|move|p1b: Rillaboom|Fake Out|p2a: Indeedee
|-damage|p2a: Indeedee|67/100
|move|p1a: Dragonite|Scale Shot|p2a: Indeedee|[miss]
|-miss|p1a: Dragonite|p2a: Indeedee
|move|p2b: Ursaluna|Blood Moon|p1a: Dragonite
|-damage|p1a: Dragonite|0 fnt
|faint|p1a: Dragonite
|-damage|p2b: Ursaluna|81/100|[from] item: Life Orb
|cant|p2a: Indeedee|flinch
|
|-heal|p2a: Indeedee|73/100|[from] Grassy Terrain
|-heal|p2b: Ursaluna|87/100|[from] Grassy Terrain
|upkeep
|
|t:|1756183980
|switch|p1a: Kingambit|Kingambit, L50, M|100/100
|turn|4
|
|t:|1756183997
|switch|p2a: Sneasler|Sneasler, L50, F|100/100
|-terastallize|p1a: Kingambit|Dark
|move|p1b: Rillaboom|Wood Hammer|p2b: Ursaluna
|-damage|p2b: Ursaluna|21/100
|-damage|p1b: Rillaboom|80/100|[from] Recoil
|move|p2b: Ursaluna|Hyper Voice|p1b: Rillaboom|[spread] p1a,p1b
|-crit|p1b: Rillaboom
|-damage|p1a: Kingambit|35/100
|-damage|p1b: Rillaboom|2/100
|-damage|p2b: Ursaluna|11/100|[from] item: Life Orb
|move|p1a: Kingambit|Kowtow Cleave|p2a: Sneasler
|-resisted|p2a: Sneasler
|-damage|p2a: Sneasler|37/100
|
|-heal|p2a: Sneasler|43/100|[from] Grassy Terrain
|-heal|p1b: Rillaboom|8/100|[from] Grassy Terrain
|-heal|p2b: Ursaluna|17/100|[from] Grassy Terrain
|-heal|p1a: Kingambit|41/100|[from] Grassy Terrain
|upkeep
|turn|5
|inactive|Yubay Chocolate has 30 seconds left.
|inactive|Yubay Chocolate has 20 seconds left.
|inactive|Yubay Chocolate has 15 seconds left.
|
|t:|1756184038
|switch|p2b: Indeedee|Indeedee, L50, M|73/100
|-fieldstart|move: Psychic Terrain|[from] ability: Psychic Surge|[of] p2b: Indeedee
|-enditem|p2a: Sneasler|Psychic Seed
|-boost|p2a: Sneasler|spd|1|[from] item: Psychic Seed
|move|p1a: Kingambit|Sucker Punch|p2a: Sneasler
|-activate|p2a: Sneasler|move: Psychic Terrain
|move|p2a: Sneasler|Dire Claw|p1b: Rillaboom
|-supereffective|p1b: Rillaboom
|-damage|p1b: Rillaboom|0 fnt
|faint|p1b: Rillaboom
|
|upkeep
|turn|6
|-message|Yubay Chocolate forfeited.
|
|win|DragoniteMega149
