|j|☆Prepucio Santos
|j|☆TopekaMelon
|html|Prepucio SantosTopekaMelon    
|uhtml|bestof|Game 1 of a best-of-3
|t:|1784329047
|gametype|doubles
|player|p1|Prepucio Santos|striker|1199
|player|p2|TopekaMelon|psychic-gen4|1228
|gen|9
|tier|[Gen 9 Champions] VGC 2026 Reg M-B (Bo3)
|rated|
|rule|Species Clause: Limit one of each Pokémon
|rule|Item Clause: Limit 1 of each item
|clearpoke
|poke|p1|Charizard, L50, M|
|poke|p1|Kingambit, L50, M|
|poke|p1|Sylveon, L50, F|
|poke|p1|Garchomp, L50, M|
|poke|p1|Aerodactyl, L50, F|
|poke|p1|Farigiraf, L50, F|
|poke|p2|Farigiraf, L50, M|
|poke|p2|Torkoal, L50, F|
|poke|p2|Kangaskhan, L50, F|
|poke|p2|Vivillon-Elegant, L50, F|
|poke|p2|Gardevoir, L50, M|
|poke|p2|Kingambit, L50, F|
|teampreview|4
|showteam|p1|Charizard||CharizarditeY|SolarPower|WeatherBall,HeatWave,SolarBeam,Protect|Modest||M|||50|]Kingambit||FocusSash|Defiant|IronHead,SuckerPunch,KowtowCleave,LowKick|Adamant||M|||50|]Sylveon||FairyFeather|Pixilate|Protect,HyperVoice,HyperBeam,QuickAttack|Modest||F|||50|]Garchomp||LifeOrb|RoughSkin|Protect,DragonClaw,Earthquake,RockSlide|Jolly||M|||50|]Aerodactyl||Aerodactylite|Unnerve|IceFang,RockSlide,Tailwind,DualWingbeat|Jolly||F|||50|]Farigiraf||SitrusBerry|ArmorTail|TrickRoom,Psychic,Thunderbolt,SunnyDay|Bold||F|||50|
|showteam|p2|Farigiraf||ColburBerry|ArmorTail|Protect,TrickRoom,Thunderbolt,Psychic|Quiet||M|||50|]Torkoal||Charcoal|Drought|Protect,EarthPower,WeatherBall,Eruption|Quiet||F|||50|]Kangaskhan||Kangaskhanite|Scrappy|DoubleEdge,HammerArm,IcePunch,FakeOut|Brave||F|||50|]Vivillon-Elegant||FocusSash|CompoundEyes|Protect,RagePowder,SleepPowder,Hurricane|Timid||F|||50|]Gardevoir||Gardevoirite|Telepathy|Protect,TrickRoom,Psychic,HyperVoice|Quiet||M|||50|]Kingambit||BlackGlasses|Defiant|SuckerPunch,KowtowCleave,LowKick,IronHead|Brave||F|||50|
|
|t:|1784329098
|teamsize|p1|4
|teamsize|p2|4
|start
|switch|p1a: Aerodactyl|Aerodactyl, L50, F|100/100
|switch|p1b: Kingambit|Kingambit, L50, M|100/100
|switch|p2a: Kangaskhan|Kangaskhan, L50, F|100/100
|switch|p2b: Farigiraf|Farigiraf, L50, M|100/100
|-ability|p1a: Aerodactyl|Unnerve
|turn|1
|
|t:|1784329130
|detailschange|p2a: Kangaskhan|Kangaskhan-Mega, L50, F
|-mega|p2a: Kangaskhan|Kangaskhan|Kangaskhanite
|move|p1a: Aerodactyl|Rock Slide|p2b: Farigiraf|[spread] p2a
|-miss|p1a: Aerodactyl|p2b: Farigiraf
|-damage|p2a: Kangaskhan|83/100
|move|p2a: Kangaskhan|Hammer Arm|p1b: Kingambit
|-supereffective|p1b: Kingambit|2
|-enditem|p1b: Kingambit|Focus Sash
|-damage|p1b: Kingambit|1/100
|-unboost|p2a: Kangaskhan|spe|1
|-supereffective|p1b: Kingambit|2
|-damage|p1b: Kingambit|0 fnt
|-unboost|p2a: Kangaskhan|spe|1
|faint|p1b: Kingambit
|-hitcount|p1: Kingambit|2
|move|p2b: Farigiraf|Trick Room|p2b: Farigiraf
|-fieldstart|move: Trick Room|[of] p2b: Farigiraf
|
|upkeep
|
|t:|1784329143
|switch|p1b: Farigiraf|Farigiraf, L50, F|100/100
|turn|2
|
|t:|1784329163
|move|p2a: Kangaskhan|Ice Punch|p1a: Aerodactyl
|-supereffective|p1a: Aerodactyl|1
|-damage|p1a: Aerodactyl|20/100y
|-supereffective|p1a: Aerodactyl|1
|-damage|p1a: Aerodactyl|0 fnt
|faint|p1a: Aerodactyl
|-hitcount|p1: Aerodactyl|2
|move|p2b: Farigiraf|Thunderbolt|p1b: Farigiraf
|-damage|p1b: Farigiraf|73/100
|move|p1b: Farigiraf|Trick Room|p1b: Farigiraf
|-fieldend|move: Trick Room
|
|upkeep
|
|t:|1784329187
|switch|p1a: Charizard|Charizard, L50, M|100/100
|turn|3
|inactive|Battle timer is ON: inactive players will automatically lose when time's up. (requested by Prepucio Santos)
|
|t:|1784329212
|detailschange|p1a: Charizard|Charizard-Mega-Y, L50, M
|-mega|p1a: Charizard|Charizard|Charizardite Y
|-weather|SunnyDay|[from] ability: Drought|[of] p1a: Charizard
|move|p1a: Charizard|Heat Wave|p2a: Kangaskhan|[spread] p2a,p2b
|-damage|p2a: Kangaskhan|28/100
|-damage|p2b: Farigiraf|40/100
|move|p2b: Farigiraf|Thunderbolt|p1a: Charizard
|-supereffective|p1a: Charizard|1
|-damage|p1a: Charizard|48/100
|move|p2a: Kangaskhan|Double-Edge|p1a: Charizard
|-damage|p1a: Charizard|0 fnt
|faint|p1a: Charizard
|-damage|p2a: Kangaskhan|15/100|[from] Recoil
|move|p1b: Farigiraf|Trick Room|p1b: Farigiraf
|-fieldstart|move: Trick Room|[of] p1b: Farigiraf
|
|-weather|SunnyDay|[upkeep]
|upkeep
|turn|4
|
|t:|1784329234
|move|p2a: Kangaskhan|Double-Edge|p1b: Farigiraf
|-damage|p1b: Farigiraf|25/100
|-enditem|p1b: Farigiraf|Sitrus Berry|[eat]
|-heal|p1b: Farigiraf|50/100y|[from] item: Sitrus Berry
|-damage|p1b: Farigiraf|38/100
|-hitcount|p1b: Farigiraf|2
|-damage|p2a: Kangaskhan|0 fnt|[from] Recoil
|faint|p2a: Kangaskhan
|move|p2b: Farigiraf|Thunderbolt|p1b: Farigiraf
|-damage|p1b: Farigiraf|10/100
|move|p1b: Farigiraf|Psychic|p2b: Farigiraf
|-resisted|p2b: Farigiraf|1
|-damage|p2b: Farigiraf|25/100
|
|-weather|SunnyDay|[upkeep]
|upkeep
|
|t:|1784329247
|switch|p2a: Torkoal|Torkoal, L50, F|100/100
|turn|5
|-message|Prepucio Santos forfeited.
|
|win|TopekaMelon
||Prepucio Santos is ready for game 2.
||TopekaMelon is ready for game 2.
|uhtml|next|Next: Game 2 of 3
