|j|☆Caaammm0410
|j|☆Juan Piz
|html|Caaammm0410Juan Piz    
|uhtml|bestof|Game 2 of a best-of-3
|t:|1785893598
|gametype|doubles
|player|p1|Caaammm0410|cynthia-gen4|1183
|player|p2|Juan Piz|1|1262
|gen|9
|tier|[Gen 9 Champions] VGC 2026 Reg M-B (Bo3)
|rated|
|rule|Species Clause: Limit one of each Pokémon
|rule|Item Clause: Limit 1 of each item
|clearpoke
|poke|p1|Pelipper, L50, M|
|poke|p1|Archaludon, L50, F|
|poke|p1|Swampert, L50, F|
|poke|p1|Staraptor, L50, M|
|poke|p1|Sylveon, L50, F|
|poke|p1|Scizor, L50, M|
|poke|p2|Raichu, L50, F|
|poke|p2|Staraptor, L50, F|
|poke|p2|Arcanine-Hisui, L50, F|
|poke|p2|Sylveon, L50, M|
|poke|p2|Farigiraf, L50, F|
|poke|p2|Kingambit, L50, F|
|teampreview|4
|showteam|p1|Pelipper||FocusSash|Drizzle|WeatherBall,Tailwind,Hurricane,Uturn|Modest||M|||50|]Archaludon||SitrusBerry|Stamina|ElectroShot,DragonPulse,FlashCannon,Protect|Timid||F|||50|]Swampert||Swampertite|Torrent|Earthquake,FlipTurn,WaveCrash,Protect|Careful||F|||50|]Staraptor||Staraptite|Intimidate|CloseCombat,BraveBird,Tailwind,Protect|Jolly||M|||50|]Sylveon||FairyFeather|Pixilate|QuickAttack,HyperVoice,Protect,Psychic|Sassy||F|||50|]Scizor||OccaBerry|Technician|BulletPunch,Pounce,BugBite,Protect|Adamant||M|||50|
|showteam|p2|Raichu||RaichuniteY|LightningRod|FakeOut,ZapCannon,FocusBlast,Protect|Jolly||F|||50|]Staraptor||Staraptite|Intimidate|CloseCombat,DualWingbeat,Tailwind,Protect|Jolly||F|||50|]Arcanine-Hisui||FocusSash|RockHead|FlareBlitz,HeadSmash,ExtremeSpeed,Protect|Adamant||F|||50|]Sylveon||FairyFeather|Pixilate|HyperVoice,QuickAttack,HyperBeam,Protect|Modest||M|||50|]Farigiraf||SitrusBerry|ArmorTail|TrickRoom,HelpingHand,Psychic,Protect|Calm||F|||50|]Kingambit||LifeOrb|Defiant|SuckerPunch,KowtowCleave,SwordsDance,Protect|Adamant||F|||50|
|inactive|Battle timer is ON: inactive players will automatically lose when time's up. (requested by Caaammm0410)
|
|t:|1785893645
|teamsize|p1|4
|teamsize|p2|4
|start
|switch|p1a: Scizor|Scizor, L50, M|100/100
|switch|p1b: Sylveon|Sylveon, L50, F|100/100
|switch|p2a: Staraptor|Staraptor, L50, F|100/100
|switch|p2b: Sylveon|Sylveon, L50, M|100/100
|-ability|p2a: Staraptor|Intimidate|boost
|-unboost|p1a: Scizor|atk|1
|-unboost|p1b: Sylveon|atk|1
|turn|1
|inactive|Juan Piz has 30 seconds left.
|
|t:|1785893674
|detailschange|p2a: Staraptor|Staraptor-Mega, L50, F
|-mega|p2a: Staraptor|Staraptor|Staraptite
|move|p2b: Sylveon|Protect|p2b: Sylveon
|-singleturn|p2b: Sylveon|Protect
|move|p1a: Scizor|Bullet Punch|p2b: Sylveon
|-activate|p2b: Sylveon|move: Protect
|move|p2a: Staraptor|Tailwind|p2a: Staraptor
|-sidestart|p2: Juan Piz|move: Tailwind
|move|p1b: Sylveon|Hyper Voice|p2b: Sylveon|[spread] p2a
|-activate|p2b: Sylveon|move: Protect
|-supereffective|p2a: Staraptor|1
|-damage|p2a: Staraptor|16/100
|
|upkeep
|turn|2
|
|t:|1785893692
|move|p1a: Scizor|Bullet Punch|p2b: Sylveon
|-supereffective|p2b: Sylveon|1
|-damage|p2b: Sylveon|52/100
|move|p1b: Sylveon|Quick Attack|p2a: Staraptor
|-supereffective|p2a: Staraptor|1
|-damage|p2a: Staraptor|0 fnt
|faint|p2a: Staraptor
|move|p2b: Sylveon|Hyper Voice|p1a: Scizor|[spread] p1a,p1b
|-resisted|p1a: Scizor|1
|-damage|p1a: Scizor|74/100
|-damage|p1b: Sylveon|77/100
|
|upkeep
|
|t:|1785893706
|switch|p2a: Arcanine|Arcanine-Hisui, L50, F|100/100
|turn|3
|
|t:|1785893731
|move|p1a: Scizor|Protect|p1a: Scizor
|-singleturn|p1a: Scizor|Protect
|move|p2a: Arcanine|Flare Blitz|p1b: Sylveon
|-damage|p1b: Sylveon|2/100
|move|p2b: Sylveon|Hyper Voice|p1a: Scizor|[spread] p1b
|-activate|p1a: Scizor|move: Protect
|-crit|p1b: Sylveon
|-damage|p1b: Sylveon|0 fnt
|faint|p1b: Sylveon
|
|upkeep
|
|t:|1785893738
|switch|p1b: Staraptor|Staraptor, L50, M|100/100
|-ability|p1b: Staraptor|Intimidate|boost
|-unboost|p2a: Arcanine|atk|1
|-unboost|p2b: Sylveon|atk|1
|turn|4
|
|t:|1785893760
|move|p1b: Staraptor|Protect|p1b: Staraptor
|-singleturn|p1b: Staraptor|Protect
|move|p1a: Scizor|Bullet Punch|p2a: Arcanine
|-damage|p2a: Arcanine|71/100
|move|p2a: Arcanine|Flare Blitz|p1a: Scizor
|-supereffective|p1a: Scizor|2
|-enditem|p1a: Scizor|Occa Berry|[eat]
|-enditem|p1a: Scizor|Occa Berry|[weaken]
|-damage|p1a: Scizor|0 fnt
|faint|p1a: Scizor
|move|p2b: Sylveon|Hyper Beam|p1b: Staraptor
|-activate|p1b: Staraptor|move: Protect
|
|-sideend|p2: Juan Piz|move: Tailwind
|upkeep
|
|t:|1785893772
|switch|p1a: Archaludon|Archaludon, L50, F|100/100
|turn|5
|
|t:|1785893788
|detailschange|p1b: Staraptor|Staraptor-Mega, L50, M
|-mega|p1b: Staraptor|Staraptor|Staraptite
|move|p1b: Staraptor|Close Combat|p2a: Arcanine
|-supereffective|p2a: Arcanine|1
|-damage|p2a: Arcanine|0 fnt
|-boost|p1b: Staraptor|def|1
|-boost|p1b: Staraptor|spd|1
|faint|p2a: Arcanine
|move|p1a: Archaludon|Flash Cannon|p2b: Sylveon
|-supereffective|p2b: Sylveon|1
|-damage|p2b: Sylveon|0 fnt
|faint|p2b: Sylveon
|
|upkeep
|-message|Juan Piz forfeited.
|
|win|Caaammm0410
||Juan Piz is ready for game 3.
||Caaammm0410 is ready for game 3.
|uhtml|next|Next: Game 3 of 3
|l|☆Caaammm0410
|player|p1|
