|j|â˜†VolanVgc
|j|â˜†TailwindMakeItRain
|html|VolanVgcTailwindMakeItRain    
|uhtml|bestof|Game 2 of a best-of-3
|t:|1755220980
|gametype|doubles
|player|p1|VolanVgc|veteranf|1205
|player|p2|TailwindMakeItRain|iris|1325
|gen|9
|tier|[Gen 9] VGC 2025 Reg H (Bo3)
|rated|
|rule|Species Clause: Limit one of each PokÃ©mon
|rule|Item Clause: Limit 1 of each item
|clearpoke
|poke|p1|Rillaboom, L50, F|
|poke|p1|Electabuzz, L50, M|
|poke|p1|Archaludon, L50, M|
|poke|p1|Kingambit, L50, M|
|poke|p1|Pelipper, L50, M|
|poke|p1|Basculegion, L50, M|
|poke|p2|Gholdengo, L50|
|poke|p2|Incineroar, L50, F|
|poke|p2|Porygon2, L50|
|poke|p2|Ursaluna, L50, F|
|poke|p2|Hydreigon, L50, M|
|poke|p2|Sylveon, L50, F|
|teampreview|4
|showteam|p1|Rillaboom||LoadedDice|GrassySurge|HighHorsepower,BulletSeed,GrassyGlide,FakeOut|||F|||50|,,,,,Fire]Electabuzz||Eviolite|VitalSpirit|Electroweb,Taunt,Protect,FollowMe|||M|||50|,,,,,Ghost]Archaludon||AssaultVest|Stamina|ElectroShot,BodyPress,FlashCannon,DracoMeteor|||M|||50|,,,,,Grass]Kingambit||BlackGlasses|Defiant|Protect,KowtowCleave,SwordsDance,SuckerPunch|||M|||50|,,,,,Dark]Pelipper||FocusSash|Drizzle|WeatherBall,Hurricane,Tailwind,Protect|||M|||50|,,,,,Ground]Basculegion||ChoiceBand|SwiftSwim|WaveCrash,AquaJet,FlipTurn,LastRespects|||M|||50|,,,,,Grass
|showteam|p2|Gholdengo||LifeOrb|GoodasGold|MakeItRain,ShadowBall,NastyPlot,Protect||||||50|,,,,,Water]Incineroar||AssaultVest|Intimidate|KnockOff,FlareBlitz,Uturn,FakeOut|||F|||50|,,,,,Ghost]Porygon2||Eviolite|Download|TeraBlast,IceBeam,Recover,TrickRoom||||||50|,,,,,Fighting]Ursaluna||FlameOrb|Guts|Facade,HeadlongRush,Earthquake,Protect|||F|||50|,,,,,Normal]Hydreigon||SafetyGoggles|Levitate|Snarl,DracoMeteor,Tailwind,Protect|||M|||50|,,,,,Ghost]Sylveon||PixiePlate|Pixilate|HyperVoice,TeraBlast,QuickAttack,Protect|||F|||50|,,,,,Water
|
|t:|1755221024
|teamsize|p1|4
|teamsize|p2|4
|start
|switch|p1a: Electabuzz|Electabuzz, L50, M|100/100
|switch|p1b: Kingambit|Kingambit, L50, M|100/100
|switch|p2a: Hydreigon|Hydreigon, L50, M|100/100
|switch|p2b: Sylveon|Sylveon, L50, F|100/100
|turn|1
|
|t:|1755221044
|move|p1a: Electabuzz|Electroweb|p2b: Sylveon|[spread] p2a,p2b
|-resisted|p2a: Hydreigon
|-damage|p2a: Hydreigon|93/100
|-damage|p2b: Sylveon|90/100
|-unboost|p2a: Hydreigon|spe|1
|-unboost|p2b: Sylveon|spe|1
|move|p2a: Hydreigon|Tailwind|p2a: Hydreigon
|-sidestart|p2: TailwindMakeItRain|move: Tailwind
|move|p2b: Sylveon|Hyper Voice|p1b: Kingambit|[spread] p1a,p1b
|-damage|p1a: Electabuzz|60/100
|-damage|p1b: Kingambit|55/100
|move|p1b: Kingambit|Swords Dance|p1b: Kingambit
|-boost|p1b: Kingambit|atk|2
|
|upkeep
|turn|2
|
|t:|1755221071
|move|p1a: Electabuzz|Protect|p1a: Electabuzz
|-singleturn|p1a: Electabuzz|Protect
|move|p1b: Kingambit|Protect|p1b: Kingambit
|-singleturn|p1b: Kingambit|Protect
|move|p2a: Hydreigon|Draco Meteor|p1a: Electabuzz
|-activate|p1a: Electabuzz|move: Protect
|move|p2b: Sylveon|Hyper Voice|p1b: Kingambit|[spread] 
|-activate|p1a: Electabuzz|move: Protect
|-activate|p1b: Kingambit|move: Protect
|
|upkeep
|turn|3
|
|t:|1755221092
|move|p2a: Hydreigon|Draco Meteor|p1b: Kingambit
|-resisted|p1b: Kingambit
|-damage|p1b: Kingambit|25/100
|-unboost|p2a: Hydreigon|spa|2
|move|p1a: Electabuzz|Electroweb|p2b: Sylveon|[spread] p2a,p2b
|-resisted|p2a: Hydreigon
|-damage|p2a: Hydreigon|86/100
|-damage|p2b: Sylveon|79/100
|-unboost|p2a: Hydreigon|spe|1
|-unboost|p2b: Sylveon|spe|1
|move|p2b: Sylveon|Hyper Voice|p1a: Electabuzz|[spread] p1a,p1b
|-damage|p1a: Electabuzz|20/100
|-damage|p1b: Kingambit|0 fnt
|faint|p1b: Kingambit
|
|upkeep
|
|t:|1755221108
|switch|p1b: Pelipper|Pelipper, L50, M|100/100
|-weather|RainDance|[from] ability: Drizzle|[of] p1b: Pelipper
|turn|4
|
|t:|1755221120
|move|p1a: Electabuzz|Electroweb|p2a: Hydreigon|[spread] p2a,p2b
|-resisted|p2a: Hydreigon
|-damage|p2a: Hydreigon|79/100
|-damage|p2b: Sylveon|68/100
|-unboost|p2a: Hydreigon|spe|1
|-unboost|p2b: Sylveon|spe|1
|move|p2a: Hydreigon|Snarl|p1b: Pelipper|[spread] p1a,p1b
|-damage|p1a: Electabuzz|12/100
|-damage|p1b: Pelipper|83/100
|-unboost|p1a: Electabuzz|spa|1
|-unboost|p1b: Pelipper|spa|1
|move|p1b: Pelipper|Weather Ball|p2b: Sylveon
|-damage|p2b: Sylveon|37/100
|move|p2b: Sylveon|Hyper Voice|p1a: Electabuzz|[spread] p1a,p1b
|-damage|p1a: Electabuzz|0 fnt
|-damage|p1b: Pelipper|5/100
|faint|p1a: Electabuzz
|
|-weather|RainDance|[upkeep]
|-sideend|p2: TailwindMakeItRain|move: Tailwind
|upkeep
|
|t:|1755221133
|switch|p1a: Basculegion|Basculegion, L50, M|100/100
|turn|5
|
|t:|1755221155
|move|p2a: Hydreigon|Protect|p2a: Hydreigon
|-singleturn|p2a: Hydreigon|Protect
|move|p2b: Sylveon|Protect|p2b: Sylveon
|-singleturn|p2b: Sylveon|Protect
|move|p1a: Basculegion|Wave Crash|p2a: Hydreigon
|-activate|p2a: Hydreigon|move: Protect
|move|p1b: Pelipper|Weather Ball|p2b: Sylveon
|-activate|p2b: Sylveon|move: Protect
|
|-weather|RainDance|[upkeep]
|upkeep
|turn|6
|
|t:|1755221167
|switch|p2a: Porygon2|Porygon2, L50, shiny|100/100
|-ability|p2a: Porygon2|Download|boost
|-boost|p2a: Porygon2|spa|1
|move|p2b: Sylveon|Quick Attack|p1b: Pelipper
|-damage|p1b: Pelipper|0 fnt
|faint|p1b: Pelipper
|move|p1a: Basculegion|Wave Crash|p2a: Porygon2
|-damage|p2a: Porygon2|2/100
|-damage|p1a: Basculegion|71/100|[from] Recoil
|
|-weather|RainDance|[upkeep]
|upkeep
|turn|7
|-message|VolanVgc forfeited.
|
|win|TailwindMakeItRain
|raw|VolanVgc's rating: 1205 → 1188(-17 for losing)
|raw|TailwindMakeItRain's rating: 1325 → 1338(+13 for winning)
