|j|☆bacwords
|j|☆lettitripppp
|html|bacwordslettitripppp    
|uhtml|bestof|Game 2 of a best-of-3
|t:|1784160732
|gametype|doubles
|player|p1|bacwords|hooligans|1101
|player|p2|lettitripppp|lucas|1240
|gen|9
|tier|[Gen 9 Champions] VGC 2026 Reg M-B (Bo3)
|rated|
|rule|Species Clause: Limit one of each Pokémon
|rule|Item Clause: Limit 1 of each item
|clearpoke
|poke|p1|Incineroar, L50, F|
|poke|p1|Basculegion, L50, M|
|poke|p1|Sinistcha-Masterpiece, L50|
|poke|p1|Pelipper, L50, F|
|poke|p1|Altaria, L50, M|
|poke|p1|Espathra, L50, M|
|poke|p2|Charizard, L50, F, shiny|
|poke|p2|Basculegion, L50, M, shiny|
|poke|p2|Pelipper, L50, F|
|poke|p2|Venusaur, L50, F|
|poke|p2|Archaludon, L50, M|
|poke|p2|Grimmsnarl, L50, M, shiny|
|teampreview|4
|showteam|p1|Incineroar||WhiteHerb|Intimidate|FakeOut,PartingShot,FlareBlitz,Protect|Adamant||F|||50|]Basculegion||ChoiceScarf|SwiftSwim|WaveCrash,FlipTurn,LastRespects,AquaJet|Adamant||M|||50|]Sinistcha-Masterpiece||QuickClaw|Hospitality|MatchaGotcha,RagePowder,StrengthSap,Protect|Bold|||||50|]Pelipper||FocusSash|Drizzle|Hurricane,Tailwind,WeatherBall,Protect|Bold||F|||50|]Altaria||Altarianite|CloudNine|AlluringVoice,DragonPulse,WeatherBall,Protect|Timid||M|||50|]Espathra||Leftovers|SpeedBoost|BatonPass,CalmMind,Protect,DazzlingGleam|Modest||M|||50|
|showteam|p2|Charizard||CharizarditeY|Blaze|WeatherBall,SolarBeam,HeatWave,Protect|Modest||F|||50|]Basculegion||ChoiceScarf|Adaptability|LastRespects,WaveCrash,FlipTurn,AquaJet|Jolly||M|||50|]Pelipper||SitrusBerry|Drizzle|WeatherBall,WideGuard,Hurricane,Tailwind|Modest||F|||50|]Venusaur||FocusSash|Chlorophyll|SleepPowder,SludgeBomb,EarthPower,Protect|Modest||F|||50|]Archaludon||Leftovers|Stamina|FlashCannon,DragonPulse,ElectroShot,Protect|Calm||M|||50|]Grimmsnarl||LightClay|Prankster|PartingShot,LightScreen,SpiritBreak,Reflect|Relaxed||M|||50|
|inactive|Battle timer is ON: inactive players will automatically lose when time's up. (requested by lettitripppp)
|
|t:|1784160750
|teamsize|p1|4
|teamsize|p2|4
|start
|switch|p1a: Incineroar|Incineroar, L50, F|100/100
|switch|p1b: Espathra|Espathra, L50, M|100/100
|switch|p2a: GO JOHAN|Grimmsnarl, L50, M, shiny|100/100
|switch|p2b: GHOSTWAVE|Basculegion, L50, M, shiny|100/100
|-ability|p1a: Incineroar|Intimidate|boost
|-unboost|p2a: GO JOHAN|atk|1
|-unboost|p2b: GHOSTWAVE|atk|1
|turn|1
|
|t:|1784160757
|move|p1a: Incineroar|Fake Out|p2a: GO JOHAN
|-damage|p2a: GO JOHAN|87/100
|cant|p2a: GO JOHAN|flinch
|move|p2b: GHOSTWAVE|Wave Crash|p1a: Incineroar
|-supereffective|p1a: Incineroar|1
|-damage|p1a: Incineroar|0 fnt
|faint|p1a: Incineroar
|-damage|p2b: GHOSTWAVE|70/100|[from] Recoil
|move|p1b: Espathra|Calm Mind|p1b: Espathra
|-boost|p1b: Espathra|spa|1
|-boost|p1b: Espathra|spd|1
|
|-ability|p1b: Espathra|Speed Boost|boost
|-boost|p1b: Espathra|spe|1
|upkeep
|
|t:|1784160762
|switch|p1a: Basculegion|Basculegion, L50, M|100/100
|turn|2
|
|t:|1784160771
|move|p2a: GO JOHAN|Light Screen|p2a: GO JOHAN
|-sidestart|p2: lettitripppp|move: Light Screen
|move|p2b: GHOSTWAVE|Wave Crash|p1b: Espathra
|-damage|p1b: Espathra|38/100
|-damage|p2b: GHOSTWAVE|49/100|[from] Recoil
|move|p1a: Basculegion|Last Respects|p2b: GHOSTWAVE
|-supereffective|p2b: GHOSTWAVE|1
|-damage|p2b: GHOSTWAVE|0 fnt
|faint|p2b: GHOSTWAVE
|move|p1b: Espathra|Calm Mind|p1b: Espathra
|-boost|p1b: Espathra|spa|1
|-boost|p1b: Espathra|spd|1
|
|-heal|p1b: Espathra|44/100|[from] item: Leftovers
|-ability|p1b: Espathra|Speed Boost|boost
|-boost|p1b: Espathra|spe|1
|upkeep
|
|t:|1784160780
|switch|p2b: BEYOND BRIDGE|Archaludon, L50, M|100/100
|turn|3
|
|t:|1784160790
|move|p2b: BEYOND BRIDGE|Protect|p2b: BEYOND BRIDGE
|-singleturn|p2b: BEYOND BRIDGE|Protect
|move|p2a: GO JOHAN|Reflect|p2a: GO JOHAN
|-sidestart|p2: lettitripppp|Reflect
|move|p1b: Espathra|Baton Pass|p1b: Espathra
|
|t:|1784160793
|switch|p1b: Altaria|Altaria, L50, M|100/100|[from] Baton Pass
|-ability|p1b: Altaria|Cloud Nine
|move|p1a: Basculegion|Last Respects|p2b: BEYOND BRIDGE
|-activate|p2b: BEYOND BRIDGE|move: Protect
|
|upkeep
|turn|4
|
|t:|1784160803
|detailschange|p1b: Altaria|Altaria-Mega, L50, M
|-mega|p1b: Altaria|Altaria|Altarianite
|move|p2a: GO JOHAN|Parting Shot|p1a: Basculegion
|-unboost|p1a: Basculegion|atk|1
|-unboost|p1a: Basculegion|spa|1
|
|t:|1784160809
|switch|p2a: WET-BEAK|Pelipper, L50, F|100/100|[from] Parting Shot
|-weather|RainDance|[from] ability: Drizzle|[of] p2a: WET-BEAK
|move|p1a: Basculegion|Last Respects|p2b: BEYOND BRIDGE
|-damage|p2b: BEYOND BRIDGE|83/100
|-ability|p2b: BEYOND BRIDGE|Stamina|boost
|-boost|p2b: BEYOND BRIDGE|def|1
|move|p1b: Altaria|Alluring Voice|p2a: WET-BEAK
|-damage|p2a: WET-BEAK|27/100
|-enditem|p2a: WET-BEAK|Sitrus Berry|[eat]
|-heal|p2a: WET-BEAK|52/100|[from] item: Sitrus Berry
|move|p2b: BEYOND BRIDGE|Electro Shot||[still]
|-prepare|p2b: BEYOND BRIDGE|Electro Shot
|-boost|p2b: BEYOND BRIDGE|spa|1
|-anim|p2b: BEYOND BRIDGE|Electro Shot|p1a: Basculegion
|-supereffective|p1a: Basculegion|1
|-damage|p1a: Basculegion|0 fnt
|faint|p1a: Basculegion
|
|-weather|RainDance|[upkeep]
|-heal|p2b: BEYOND BRIDGE|89/100|[from] item: Leftovers
|upkeep
|
|t:|1784160812
|switch|p1a: Espathra|Espathra, L50, M|44/100
|turn|5
|inactive|lettitripppp has 30 seconds left.
|
|t:|1784160837
|move|p1a: Espathra|Protect|p1a: Espathra
|-singleturn|p1a: Espathra|Protect
|move|p1b: Altaria|Alluring Voice|p2b: BEYOND BRIDGE
|-damage|p2b: BEYOND BRIDGE|48/100
|-ability|p2b: BEYOND BRIDGE|Stamina|boost
|-boost|p2b: BEYOND BRIDGE|def|1
|move|p2b: BEYOND BRIDGE|Flash Cannon|p1b: Altaria
|-supereffective|p1b: Altaria|1
|-damage|p1b: Altaria|39/100
|move|p2a: WET-BEAK|Tailwind|p2a: WET-BEAK
|-sidestart|p2: lettitripppp|move: Tailwind
|
|-weather|RainDance|[upkeep]
|-heal|p2b: BEYOND BRIDGE|54/100|[from] item: Leftovers
|-heal|p1a: Espathra|50/100g|[from] item: Leftovers
|-ability|p1a: Espathra|Speed Boost|boost
|-boost|p1a: Espathra|spe|1
|upkeep
|turn|6
|
|t:|1784160857
|move|p2a: WET-BEAK|Wide Guard|p2a: WET-BEAK
|-singleturn|p2a: WET-BEAK|Wide Guard
|move|p1b: Altaria|Alluring Voice|p2b: BEYOND BRIDGE
|-damage|p2b: BEYOND BRIDGE|14/100
|-ability|p2b: BEYOND BRIDGE|Stamina|boost
|-boost|p2b: BEYOND BRIDGE|def|1
|move|p2b: BEYOND BRIDGE|Flash Cannon|p1b: Altaria
|-supereffective|p1b: Altaria|1
|-damage|p1b: Altaria|0 fnt
|faint|p1b: Altaria
|move|p1a: Espathra|Dazzling Gleam|p2a: WET-BEAK|[spread] 
|-activate|p2a: WET-BEAK|move: Wide Guard
|-activate|p2b: BEYOND BRIDGE|move: Wide Guard
|
|-weather|RainDance|[upkeep]
|-heal|p2b: BEYOND BRIDGE|20/100y|[from] item: Leftovers
|-heal|p1a: Espathra|56/100|[from] item: Leftovers
|-ability|p1a: Espathra|Speed Boost|boost
|-boost|p1a: Espathra|spe|1
|upkeep
|turn|7
|-message|bacwords forfeited.
|
|win|lettitripppp
|l|☆bacwords
|player|p1|
||bacwords is ready for game 3.
