|j|☆JeromJamalJenkins
|j|☆Voltage Gaming101
|html|JeromJamalJenkinsVoltage Gaming101    
|uhtml|bestof|Game 2 of a best-of-3
|t:|1756694316
|gametype|doubles
|player|p1|JeromJamalJenkins|hilbert|1000
|player|p2|Voltage Gaming101|red|1030
|gen|9
|tier|[Gen 9] VGC 2025 Reg H (Bo3)
|rated|
|rule|Species Clause: Limit one of each Pokémon
|rule|Item Clause: Limit 1 of each item
|clearpoke
|poke|p1|Dragapult, L50, M|
|poke|p1|Electabuzz, L50, F|
|poke|p1|Ursaluna-Bloodmoon, L50, M|
|poke|p1|Volcarona, L50, M|
|poke|p1|Rillaboom, L50, F|
|poke|p1|Kingambit, L50, F|
|poke|p2|Tyranitar, L50, M|
|poke|p2|Krookodile, L50, F|
|poke|p2|Orthworm, L50, F|
|poke|p2|Houndstone, L50, F|
|poke|p2|Gastrodon-East, L50, M|
|poke|p2|Kommo-o, L50, M|
|teampreview|4
|showteam|p1|Dragapult||ChoiceBand|ClearBody|PhantomForce,TeraBlast,DragonDarts,Uturn|||M|||50|,,,,,Ghost]Electabuzz||Eviolite|VitalSpirit|Protect,Electroweb,Taunt,FollowMe|||F|||50|,,,,,Ghost]Ursaluna-Bloodmoon||LifeOrb|MindsEye|Protect,BloodMoon,HyperVoice,EarthPower|||M|||50|,,,,,Normal]Volcarona||Leftovers|FlameBody|Protect,QuiverDance,HeatWave,TeraBlast|||M|||50|,,,,,Fairy]Rillaboom||AssaultVest|GrassySurge|FakeOut,GrassyGlide,WoodHammer,Uturn|||F|||50|,,,,,Poison]Kingambit||BlackGlasses|Defiant|Protect,SuckerPunch,KowtowCleave,SwordsDance|||F|||50|,,,,,Dark
|showteam|p2|Tyranitar||SmoothRock|SandStream|RockSlide,Crunch,Earthquake,FirePunch|||M|||50|,,,,,Rock]Krookodile||LifeOrb|Intimidate|Earthquake,Crunch,TeraBlast,RockSlide|||F|||50|,,,,,Steel]Orthworm||SitrusBerry|EarthEater|Coil,BodyPress,HeavySlam,Protect|||F|||50|,,,,,Electric]Houndstone||ChoiceBand|SandRush|LastRespects,ShadowSneak,PlayRough,IceFang|||F|||50|,,,,,Ghost]Gastrodon-East||RockyHelmet|StormDrain|MuddyWater,EarthPower,Protect,Recover|||M|||50|,,,,,Water]Kommo-o||Leftovers|Overcoat|BodyPress,IronHead,IronDefense,Protect|||M|||50|,,,,,Steel
|inactive|Battle timer is ON: inactive players will automatically lose when time's up. (requested by JeromJamalJenkins)
|
|t:|1756694338
|teamsize|p1|4
|teamsize|p2|4
|start
|switch|p1a: Kingambit|Kingambit, L50, F|100/100
|switch|p1b: Electabuzz|Electabuzz, L50, F|100/100
|switch|p2a: Krookodile|Krookodile, L50, F, shiny|100/100
|switch|p2b: Tyranitar|Tyranitar, L50, M, shiny|100/100
|-ability|p2a: Krookodile|Intimidate|boost
|-unboost|p1a: Kingambit|atk|1
|-ability|p1a: Kingambit|Defiant|boost
|-boost|p1a: Kingambit|atk|2
|-unboost|p1b: Electabuzz|atk|1
|-weather|Sandstorm|[from] ability: Sand Stream|[of] p2b: Tyranitar
|turn|1
|inactive|JeromJamalJenkins has 30 seconds left.
|inactive|Voltage Gaming101 has 30 seconds left.
|
|t:|1756694366
|-terastallize|p2a: Krookodile|Steel
|-terastallize|p1a: Kingambit|Dark
|move|p1b: Electabuzz|Follow Me|p1b: Electabuzz
|-singleturn|p1b: Electabuzz|move: Follow Me
|move|p2a: Krookodile|Earthquake|p1a: Kingambit|[spread] p2b,p1a,p1b
|-supereffective|p2b: Tyranitar
|-supereffective|p1b: Electabuzz
|-damage|p2b: Tyranitar|24/100
|-damage|p1a: Kingambit|66/100
|-damage|p1b: Electabuzz|30/100
|-damage|p2a: Krookodile|90/100|[from] item: Life Orb
|move|p2b: Tyranitar|Fire Punch|p1b: Electabuzz
|-damage|p1b: Electabuzz|7/100
|move|p1a: Kingambit|Swords Dance|p1a: Kingambit
|-boost|p1a: Kingambit|atk|2
|
|-weather|Sandstorm|[upkeep]
|-damage|p1b: Electabuzz|1/100|[from] Sandstorm
|-damage|p1a: Kingambit|60/100|[from] Sandstorm
|upkeep
|turn|2
|inactive|JeromJamalJenkins has 30 seconds left.
|inactive|Voltage Gaming101 has 30 seconds left.
|
|t:|1756694398
|move|p1b: Electabuzz|Follow Me|p1b: Electabuzz
|-singleturn|p1b: Electabuzz|move: Follow Me
|move|p2a: Krookodile|Tera Blast|p1b: Electabuzz|[anim] Tera Blast Steel
|-resisted|p1b: Electabuzz
|-damage|p1b: Electabuzz|0 fnt
|faint|p1b: Electabuzz
|-damage|p2a: Krookodile|80/100|[from] item: Life Orb
|move|p2b: Tyranitar|Fire Punch|p1a: Kingambit
|-damage|p1a: Kingambit|38/100
|move|p1a: Kingambit|Kowtow Cleave|p2b: Tyranitar
|-resisted|p2b: Tyranitar
|-damage|p2b: Tyranitar|0 fnt
|faint|p2b: Tyranitar
|
|-weather|Sandstorm|[upkeep]
|-damage|p1a: Kingambit|32/100|[from] Sandstorm
|upkeep
|
|t:|1756694417
|switch|p1b: Volcarona|Volcarona, L50, M|100/100
|switch|p2b: Kommo-o|Kommo-o, L50, M, shiny|100/100
|turn|3
|
|t:|1756694431
|move|p2b: Kommo-o|Protect|p2b: Kommo-o
|-singleturn|p2b: Kommo-o|Protect
|move|p1a: Kingambit|Protect|p1a: Kingambit
|-singleturn|p1a: Kingambit|Protect
|move|p2a: Krookodile|Rock Slide|p1b: Volcarona|[spread] p1b
|-activate|p1a: Kingambit|move: Protect
|-supereffective|p1b: Volcarona
|-damage|p1b: Volcarona|0 fnt
|faint|p1b: Volcarona
|-damage|p2a: Krookodile|70/100|[from] item: Life Orb
|
|-weather|Sandstorm|[upkeep]
|-damage|p1a: Kingambit|26/100|[from] Sandstorm
|upkeep
|
|t:|1756694445
|switch|p1b: Rillaboom|Rillaboom, L50, F|100/100
|-fieldstart|move: Grassy Terrain|[from] ability: Grassy Surge|[of] p1b: Rillaboom
|turn|4
|
|t:|1756694456
|switch|p2a: Orthworm|Orthworm, L50, F, shiny|100/100
|move|p2b: Kommo-o|Protect||[still]
|-fail|p2b: Kommo-o
|move|p1b: Rillaboom|Fake Out|p2b: Kommo-o
|-damage|p2b: Kommo-o|91/100
|move|p1a: Kingambit|Kowtow Cleave|p2b: Kommo-o
|-resisted|p2b: Kommo-o
|-damage|p2b: Kommo-o|17/100
|
|-weather|Sandstorm|[upkeep]
|-damage|p1b: Rillaboom|95/100|[from] Sandstorm
|-damage|p1a: Kingambit|20/100|[from] Sandstorm
|-heal|p1b: Rillaboom|100/100|[from] Grassy Terrain
|-heal|p2b: Kommo-o|23/100|[from] Grassy Terrain
|-heal|p2b: Kommo-o|29/100|[from] item: Leftovers
|-heal|p1a: Kingambit|26/100|[from] Grassy Terrain
|upkeep
|turn|5
|inactive|JeromJamalJenkins has 30 seconds left.
|
|t:|1756694485
|move|p1b: Rillaboom|Grassy Glide|p2b: Kommo-o
|-resisted|p2b: Kommo-o
|-damage|p2b: Kommo-o|17/100
|move|p2b: Kommo-o|Body Press|p1a: Kingambit
|-supereffective|p1a: Kingambit
|-damage|p1a: Kingambit|0 fnt
|faint|p1a: Kingambit
|move|p2a: Orthworm|Body Press|p1b: Rillaboom
|-damage|p1b: Rillaboom|75/100
|
|-weather|Sandstorm|[upkeep]
|-damage|p1b: Rillaboom|70/100|[from] Sandstorm
|-heal|p1b: Rillaboom|75/100|[from] Grassy Terrain
|-heal|p2b: Kommo-o|23/100|[from] Grassy Terrain
|-heal|p2b: Kommo-o|29/100|[from] item: Leftovers
|upkeep
|turn|6
|inactive|JeromJamalJenkins has 30 seconds left.
|-message|JeromJamalJenkins forfeited.
|
|win|Voltage Gaming101
||Voltage Gaming101 is ready for game 3.
||JeromJamalJenkins is ready for game 3.
|uhtml|next|Next: Game 3 of 3
