|j|☆MrPhoenixGC
|j|☆Capitan-N
|html|MrPhoenixGCCapitan-N    
|uhtml|bestof|Game 1 of a best-of-3
|t:|1756503240
|gametype|doubles
|player|p1|MrPhoenixGC|steven|1122
|player|p2|Capitan-N|n|1062
|gen|9
|tier|[Gen 9] VGC 2025 Reg H (Bo3)
|rated|
|rule|Species Clause: Limit one of each Pokémon
|rule|Item Clause: Limit 1 of each item
|clearpoke
|poke|p1|Gholdengo, L50|
|poke|p1|Pelipper, L50, M|
|poke|p1|Archaludon, L50, F|
|poke|p1|Ursaluna, L50, M|
|poke|p1|Dragonite, L50, M|
|poke|p1|Sinistcha, L50|
|poke|p2|Pelipper, L50, M|
|poke|p2|Archaludon, L50, M|
|poke|p2|Basculegion, L50, M|
|poke|p2|Incineroar, L50, M|
|poke|p2|Garganacl, L50, M|
|poke|p2|Gliscor, L50, F|
|teampreview|4
|showteam|p1|Gholdengo||ChoiceScarf|GoodasGold|MakeItRain,ShadowBall,Trick,Protect||||||50|,,,,,Steel]Pelipper||FocusSash|Drizzle|Protect,MuddyWater,Hurricane,WideGuard|||M|||50|,,,,,Ghost]Archaludon||AssaultVest|Stamina|BodyPress,Snarl,ElectroShot,FlashCannon|||F|||50|,,,,,Bug]Ursaluna||FlameOrb|Guts|Protect,Facade,Earthquake,HeadlongRush|||M|||50|,,,,,Ghost]Dragonite||LoadedDice|Multiscale|ScaleShot,Haze,Tailwind,Protect|||M|||50|,,,,,Fairy]Sinistcha||SitrusBerry|Hospitality|TrickRoom,MatchaGotcha,LifeDew,RagePowder||||||50|,,,,,Dark
|showteam|p2|Pelipper||FocusSash|Drizzle|Hurricane,Protect,WeatherBall,WideGuard|||M|||50|,,,,,Grass]Archaludon||AssaultVest|Stamina|BodyPress,DracoMeteor,ElectroShot,Snarl|||M|||50|,,,,,Grass]Basculegion||ChoiceScarf|Adaptability|LastRespects,WaveCrash,FlipTurn,TeraBlast|||M|||50|,,,,,Dragon]Incineroar||SafetyGoggles|Intimidate|FakeOut,Taunt,KnockOff,Uturn|||M|||50|,,,,,Bug]Garganacl||Leftovers|PurifyingSalt|BodyPress,Recover,IronDefense,SaltCure|||M|||50|,,,,,Ghost]Gliscor||ToxicOrb|PoisonHeal|Toxic,HighHorsepower,PoisonJab,Protect|||F|||50|,,,,,Poison
|
|t:|1756503282
|teamsize|p1|4
|teamsize|p2|4
|start
|switch|p1a: Gholdengo|Gholdengo, L50|100/100
|switch|p1b: Dragonite|Dragonite, L50, M|100/100
|switch|p2a: Garganacl|Garganacl, L50, M, shiny|100/100
|switch|p2b: Incineroar|Incineroar, L50, M|100/100
|-ability|p2b: Incineroar|Intimidate|boost
|-unboost|p1a: Gholdengo|atk|1
|-unboost|p1b: Dragonite|atk|1
|turn|1
|
|t:|1756503315
|-terastallize|p2a: Garganacl|Ghost
|move|p1a: Gholdengo|Trick|p2b: Incineroar
|-activate|p1a: Gholdengo|move: Trick|[of] p2b: Incineroar
|-item|p2b: Incineroar|Choice Scarf|[from] move: Trick
|-item|p1a: Gholdengo|Safety Goggles|[from] move: Trick
|move|p2b: Incineroar|Knock Off|p1a: Gholdengo
|-supereffective|p1a: Gholdengo
|-damage|p1a: Gholdengo|5/100
|-enditem|p1a: Gholdengo|Safety Goggles|[from] move: Knock Off|[of] p2b: Incineroar
|move|p1b: Dragonite|Tailwind|p1b: Dragonite
|-sidestart|p1: MrPhoenixGC|move: Tailwind
|move|p2a: Garganacl|Salt Cure|p1b: Dragonite
|-supereffective|p1b: Dragonite
|-damage|p1b: Dragonite|86/100
|-start|p1b: Dragonite|Salt Cure
|
|-damage|p1b: Dragonite|74/100|[from] Salt Cure
|upkeep
|turn|2
|
|t:|1756503339
|move|p1a: Gholdengo|Protect|p1a: Gholdengo
|-singleturn|p1a: Gholdengo|Protect
|move|p1b: Dragonite|Scale Shot|p2b: Incineroar
|-crit|p2b: Incineroar
|-damage|p2b: Incineroar|81/100
|-damage|p2b: Incineroar|70/100
|-damage|p2b: Incineroar|61/100
|-damage|p2b: Incineroar|50/100
|-damage|p2b: Incineroar|41/100
|-hitcount|p2b: Incineroar|5
|-unboost|p1b: Dragonite|def|1
|-boost|p1b: Dragonite|spe|1
|move|p2b: Incineroar|Knock Off|p1b: Dragonite
|-damage|p1b: Dragonite|5/100
|-enditem|p1b: Dragonite|Loaded Dice|[from] move: Knock Off|[of] p2b: Incineroar
|move|p2a: Garganacl|Salt Cure|p1a: Gholdengo
|-activate|p1a: Gholdengo|move: Protect
|
|-damage|p1b: Dragonite|0 fnt|[from] Salt Cure
|faint|p1b: Dragonite
|upkeep
|
|t:|1756503359
|switch|p1b: Sinistcha|Sinistcha, L50|100/100
|-heal|p1a: Gholdengo|29/100|[from] ability: Hospitality|[of] p1b: Sinistcha
|turn|3
|
|t:|1756503398
|-terastallize|p1a: Gholdengo|Steel
|move|p1b: Sinistcha|Rage Powder|p1b: Sinistcha
|-singleturn|p1b: Sinistcha|move: Rage Powder
|move|p1a: Gholdengo|Make It Rain|p2a: Garganacl|[spread] p2a,p2b
|-resisted|p2b: Incineroar
|-damage|p2a: Garganacl|49/100
|-damage|p2b: Incineroar|10/100
|-unboost|p1a: Gholdengo|spa|1
|move|p2b: Incineroar|Knock Off|p1b: Sinistcha
|-supereffective|p1b: Sinistcha
|-damage|p1b: Sinistcha|13/100
|-enditem|p1b: Sinistcha|Sitrus Berry|[from] move: Knock Off|[of] p2b: Incineroar
|move|p2a: Garganacl|Salt Cure|p1b: Sinistcha
|-damage|p1b: Sinistcha|0 fnt
|faint|p1b: Sinistcha
|
|-heal|p2a: Garganacl|55/100|[from] item: Leftovers
|upkeep
|
|t:|1756503413
|switch|p1b: Archaludon|Archaludon, L50, F|100/100
|turn|4
|
|t:|1756503425
|switch|p2b: Gliscor|Gliscor, L50, F|100/100
|move|p1a: Gholdengo|Make It Rain|p2a: Garganacl|[spread] p2a,p2b
|-damage|p2a: Garganacl|22/100
|-damage|p2b: Gliscor|57/100
|-unboost|p1a: Gholdengo|spa|1
|move|p1b: Archaludon|Flash Cannon|p2a: Garganacl
|-damage|p2a: Garganacl|0 fnt
|faint|p2a: Garganacl
|
|-sideend|p1: MrPhoenixGC|move: Tailwind
|-status|p2b: Gliscor|tox|[from] item: Toxic Orb
|upkeep
|
|t:|1756503438
|switch|p2a: Archaludon|Archaludon, L50, M|100/100
|turn|5
|
|t:|1756503454
|move|p1a: Gholdengo|Shadow Ball|p2a: Archaludon
|-damage|p2a: Archaludon|84/100
|-ability|p2a: Archaludon|Stamina|boost
|-boost|p2a: Archaludon|def|1
|move|p1b: Archaludon|Body Press|p2a: Archaludon
|-supereffective|p2a: Archaludon
|-damage|p2a: Archaludon|58/100
|-ability|p2a: Archaludon|Stamina|boost
|-boost|p2a: Archaludon|def|1
|move|p2b: Gliscor|High Horsepower|p1b: Archaludon
|-supereffective|p1b: Archaludon
|-damage|p1b: Archaludon|55/100
|-ability|p1b: Archaludon|Stamina|boost
|-boost|p1b: Archaludon|def|1
|move|p2a: Archaludon|Electro Shot||[still]
|-prepare|p2a: Archaludon|Electro Shot
|-boost|p2a: Archaludon|spa|1
|
|-heal|p2b: Gliscor|70/100 tox|[from] ability: Poison Heal
|upkeep
|turn|6
|
|t:|1756503491
|move|p1a: Gholdengo|Shadow Ball|p2a: Archaludon
|-damage|p2a: Archaludon|41/100
|-ability|p2a: Archaludon|Stamina|boost
|-boost|p2a: Archaludon|def|1
|move|p1b: Archaludon|Body Press|p2a: Archaludon
|-supereffective|p2a: Archaludon
|-damage|p2a: Archaludon|14/100
|-ability|p2a: Archaludon|Stamina|boost
|-boost|p2a: Archaludon|def|1
|move|p2b: Gliscor|High Horsepower|p1a: Gholdengo
|-supereffective|p1a: Gholdengo
|-damage|p1a: Gholdengo|0 fnt
|faint|p1a: Gholdengo
|move|p2a: Archaludon|Electro Shot|p1b: Archaludon|[from] lockedmove
|-resisted|p1b: Archaludon
|-damage|p1b: Archaludon|31/100
|-ability|p1b: Archaludon|Stamina|boost
|-boost|p1b: Archaludon|def|1
|
|-heal|p2b: Gliscor|82/100 tox|[from] ability: Poison Heal
|upkeep
|turn|7
|
|t:|1756503514
|move|p1b: Archaludon|Body Press|p2b: Gliscor
|-resisted|p2b: Gliscor
|-crit|p2b: Gliscor
|-damage|p2b: Gliscor|49/100 tox
|move|p2b: Gliscor|High Horsepower|p1b: Archaludon
|-supereffective|p1b: Archaludon
|-damage|p1b: Archaludon|7/100
|-ability|p1b: Archaludon|Stamina|boost
|-boost|p1b: Archaludon|def|1
|move|p2a: Archaludon|Body Press|p1b: Archaludon
|-supereffective|p1b: Archaludon
|-damage|p1b: Archaludon|0 fnt
|faint|p1b: Archaludon
|
|win|Capitan-N
|inactive|MrPhoenixGC has 30 seconds to confirm battle start!
|inactive|Capitan-N has 30 seconds to confirm battle start!
