|j|☆luckstat10
|j|☆hexagonfoot
|html|luckstat10hexagonfoot    
|uhtml|bestof|Game 3 of a best-of-3
|t:|1757912412
|gametype|doubles
|player|p1|luckstat10|dawn|1154
|player|p2|hexagonfoot|caitlin|1251
|gen|9
|tier|[Gen 9] VGC 2025 Reg H (Bo3)
|rated|
|rule|Species Clause: Limit one of each Pokémon
|rule|Item Clause: Limit 1 of each item
|clearpoke
|poke|p1|Rillaboom, L50, M|
|poke|p1|Volcarona, L50, F|
|poke|p1|Incineroar, L50, M|
|poke|p1|Ninetales-Alola, L50, F|
|poke|p1|Annihilape, L50, M|
|poke|p1|Dragonite, L50, M|
|poke|p2|Gholdengo, L50|
|poke|p2|Sneasler, L50, M|
|poke|p2|Rillaboom, L50, F|
|poke|p2|Dragonite, L50, M|
|poke|p2|Ninetales-Alola, L50, M|
|poke|p2|Arcanine-Hisui, L50, M|
|teampreview|4
|showteam|p1|Rillaboom||AssaultVest|GrassySurge|FakeOut,WoodHammer,GrassyGlide,HighHorsepower|||M|||50|,,,,,Fire]Volcarona||GrassySeed|FlameBody|QuiverDance,HeatWave,GigaDrain,Protect|||F|||50|,,,,,Grass]Incineroar||SafetyGoggles|Intimidate|FakeOut,KnockOff,FlareBlitz,Taunt|||M|||50|,,,,,Ghost]Ninetales-Alola||CovertCloak|SnowWarning|AuroraVeil,Blizzard,Moonblast,Protect|||F|||50|,,,,,Poison]Annihilape||Leftovers|Defiant|BulkUp,RageFist,DrainPunch,Protect|||M|||50|,,,,,Water]Dragonite||LoadedDice|Multiscale|Tailwind,ScaleShot,Haze,Protect|||M|||50|,,,,,Fairy
|showteam|p2|Gholdengo||GrassySeed|GoodasGold|NastyPlot,MakeItRain,ShadowBall,Protect||||||50|,,,,,Water]Sneasler||WhiteHerb|Unburden|CloseCombat,DireClaw,Coaching,Protect|||M|||50|,,,,,Ghost]Rillaboom||AssaultVest|GrassySurge|FakeOut,GrassyGlide,DrumBeating,HighHorsepower|||F|||50|,,,,,Fire]Dragonite||LoadedDice|Multiscale|ScaleShot,StompingTantrum,Tailwind,Protect|||M|||50|,,,,,Ground]Ninetales-Alola||FocusSash|SnowWarning|Blizzard,IcyWind,Encore,AuroraVeil|||M|||50|,,,,,Ghost]Arcanine-Hisui||ClearAmulet|Intimidate|RockSlide,FlareBlitz,ExtremeSpeed,Protect|||M|||50|,,,,,Water
|
|t:|1757912459
|teamsize|p1|4
|teamsize|p2|4
|start
|switch|p1a: Mothers|Volcarona, L50, F, shiny|100/100
|switch|p1b: Koba|Rillaboom, L50, M, shiny|100/100
|switch|p2a: Canada Water|Ninetales-Alola, L50, M|100/100
|switch|p2b: Romford|Dragonite, L50, M|100/100
|-weather|Snowscape|[from] ability: Snow Warning|[of] p2a: Canada Water
|-fieldstart|move: Grassy Terrain|[from] ability: Grassy Surge|[of] p1b: Koba
|-enditem|p1a: Mothers|Grassy Seed
|-boost|p1a: Mothers|def|1|[from] item: Grassy Seed
|turn|1
|
|t:|1757912486
|-terastallize|p2a: Canada Water|Ghost
|move|p2a: Canada Water|Aurora Veil|p2a: Canada Water
|-sidestart|p2: hexagonfoot|move: Aurora Veil
|move|p2b: Romford|Scale Shot|p1b: Koba
|-damage|p1b: Koba|87/100
|-damage|p1b: Koba|72/100
|-damage|p1b: Koba|58/100
|-damage|p1b: Koba|43/100
|-hitcount|p1b: Koba|4
|-unboost|p2b: Romford|def|1
|-boost|p2b: Romford|spe|1
|move|p1a: Mothers|Heat Wave|p2a: Canada Water|[spread] p2a,p2b
|-resisted|p2b: Romford
|-damage|p2a: Canada Water|72/100
|-damage|p2b: Romford|94/100
|move|p1b: Koba|Wood Hammer|p2a: Canada Water
|-damage|p2a: Canada Water|0 fnt
|faint|p2a: Canada Water
|-damage|p1b: Koba|25/100|[from] Recoil
|
|-weather|Snowscape|[upkeep]
|-heal|p1b: Koba|31/100|[from] Grassy Terrain
|upkeep
|
|t:|1757912506
|switch|p2a: Barking Riverside|Arcanine-Hisui, L50, M|100/100
|-ability|p2a: Barking Riverside|Intimidate|boost
|-unboost|p1a: Mothers|atk|1
|-unboost|p1b: Koba|atk|1
|turn|2
|
|t:|1757912529
|move|p2a: Barking Riverside|Protect|p2a: Barking Riverside
|-singleturn|p2a: Barking Riverside|Protect
|move|p1a: Mothers|Protect|p1a: Mothers
|-singleturn|p1a: Mothers|Protect
|move|p2b: Romford|Tailwind|p2b: Romford
|-sidestart|p2: hexagonfoot|move: Tailwind
|move|p1b: Koba|High Horsepower|p2a: Barking Riverside
|-activate|p2a: Barking Riverside|move: Protect
|
|-weather|Snowscape|[upkeep]
|-heal|p1b: Koba|37/100|[from] Grassy Terrain
|upkeep
|turn|3
|
|t:|1757912545
|-terastallize|p1a: Mothers|Grass
|move|p1b: Koba|Grassy Glide|p2b: Romford
|-resisted|p2b: Romford
|-damage|p2b: Romford|87/100
|move|p2b: Romford|Scale Shot|p1b: Koba
|-damage|p1b: Koba|22/100
|-crit|p1b: Koba
|-damage|p1b: Koba|0 fnt
|faint|p1b: Koba
|-hitcount|p1: Koba|2
|-unboost|p2b: Romford|def|1
|-boost|p2b: Romford|spe|1
|move|p2a: Barking Riverside|Rock Slide|p1a: Mothers
|-damage|p1a: Mothers|71/100
|move|p1a: Mothers|Quiver Dance|p1a: Mothers
|-boost|p1a: Mothers|spa|1
|-boost|p1a: Mothers|spd|1
|-boost|p1a: Mothers|spe|1
|
|-weather|Snowscape|[upkeep]
|-heal|p1a: Mothers|77/100|[from] Grassy Terrain
|upkeep
|
|t:|1757912559
|switch|p1b: Annihilape|Annihilape, L50, M, shiny|100/100
|turn|4
|
|t:|1757912576
|move|p2b: Romford|Scale Shot|p1a: Mothers
|-damage|p1a: Mothers|65/100
|-damage|p1a: Mothers|55/100
|-damage|p1a: Mothers|43/100
|-damage|p1a: Mothers|32/100
|-hitcount|p1a: Mothers|4
|-unboost|p2b: Romford|def|1
|-boost|p2b: Romford|spe|1
|move|p2a: Barking Riverside|Flare Blitz|p1b: Annihilape
|-damage|p1b: Annihilape|42/100
|-damage|p2a: Barking Riverside|77/100|[from] Recoil
|move|p1a: Mothers|Heat Wave|p2a: Barking Riverside|[spread] p2b
|-miss|p1a: Mothers|p2a: Barking Riverside
|-resisted|p2b: Romford
|-damage|p2b: Romford|65/100
|move|p1b: Annihilape|Bulk Up|p1b: Annihilape
|-boost|p1b: Annihilape|atk|1
|-boost|p1b: Annihilape|def|1
|
|-weather|Snowscape|[upkeep]
|-heal|p2a: Barking Riverside|83/100|[from] Grassy Terrain
|-heal|p1a: Mothers|38/100|[from] Grassy Terrain
|-heal|p1b: Annihilape|49/100|[from] Grassy Terrain
|-heal|p1b: Annihilape|55/100|[from] item: Leftovers
|upkeep
|turn|5
|
|t:|1757912622
|move|p2b: Romford|Protect|p2b: Romford
|-singleturn|p2b: Romford|Protect
|move|p2a: Barking Riverside|Protect|p2a: Barking Riverside
|-singleturn|p2a: Barking Riverside|Protect
|move|p1b: Annihilape|Protect|p1b: Annihilape
|-singleturn|p1b: Annihilape|Protect
|move|p1a: Mothers|Heat Wave|p2a: Barking Riverside|[spread] 
|-activate|p2a: Barking Riverside|move: Protect
|-activate|p2b: Romford|move: Protect
|
|-weather|none
|-heal|p2a: Barking Riverside|89/100|[from] Grassy Terrain
|-heal|p1a: Mothers|44/100|[from] Grassy Terrain
|-heal|p1b: Annihilape|61/100|[from] Grassy Terrain
|-heal|p1b: Annihilape|67/100|[from] item: Leftovers
|-sideend|p2: hexagonfoot|move: Tailwind
|-sideend|p2: hexagonfoot|move: Aurora Veil
|-fieldend|move: Grassy Terrain
|upkeep
|turn|6
|
|t:|1757912641
|switch|p2a: Euston|Sneasler, L50, M|100/100
|move|p2b: Romford|Tailwind|p2b: Romford
|-sidestart|p2: hexagonfoot|move: Tailwind
|move|p1a: Mothers|Heat Wave|p2a: Euston|[spread] p2a,p2b
|-resisted|p2b: Romford
|-damage|p2a: Euston|28/100
|-damage|p2b: Romford|33/100
|move|p1b: Annihilape|Drain Punch|p2a: Euston
|-resisted|p2a: Euston
|-damage|p2a: Euston|0 fnt
|-heal|p1b: Annihilape|79/100|[from] drain|[of] p2a: Euston
|faint|p2a: Euston
|
|-heal|p1b: Annihilape|85/100|[from] item: Leftovers
|upkeep
|
|t:|1757912645
|switch|p2a: Barking Riverside|Arcanine-Hisui, L50, M|89/100
|-ability|p2a: Barking Riverside|Intimidate|boost
|-unboost|p1a: Mothers|atk|1
|-unboost|p1b: Annihilape|atk|1
|-ability|p1b: Annihilape|Defiant|boost
|-boost|p1b: Annihilape|atk|2
|turn|7
|
|t:|1757912677
|move|p2b: Romford|Scale Shot|p1b: Annihilape
|-damage|p1b: Annihilape|75/100
|-damage|p1b: Annihilape|65/100
|-crit|p1b: Annihilape
|-damage|p1b: Annihilape|43/100
|-damage|p1b: Annihilape|33/100
|-hitcount|p1b: Annihilape|4
|-unboost|p2b: Romford|def|1
|-boost|p2b: Romford|spe|1
|move|p2a: Barking Riverside|Flare Blitz|p1a: Mothers
|-supereffective|p1a: Mothers
|-damage|p1a: Mothers|0 fnt
|faint|p1a: Mothers
|-damage|p2a: Barking Riverside|74/100|[from] Recoil
|move|p1b: Annihilape|Drain Punch|p2a: Barking Riverside
|-supereffective|p2a: Barking Riverside
|-crit|p2a: Barking Riverside
|-damage|p2a: Barking Riverside|0 fnt
|-heal|p1b: Annihilape|63/100|[from] drain|[of] p2a: Barking Riverside
|faint|p2a: Barking Riverside
|
|-heal|p1b: Annihilape|69/100|[from] item: Leftovers
|upkeep
|
|t:|1757912680
|switch|p1a: Dragonite|Dragonite, L50, M, shiny|100/100
|turn|8
|-message|hexagonfoot forfeited.
|
|win|luckstat10
|raw|luckstat10's rating: 1154 → 1186(+32 for winning)
|raw|hexagonfoot's rating: 1251 → 1219(-32 for losing)
|l|☆luckstat10
|player|p1|
