|j|☆epicbluedude
|j|☆mew mew season 2
|html|epicbluedudemew mew season 2    
|uhtml|bestof|Game 2 of a best-of-3
|t:|1782648394
|gametype|doubles
|player|p1|epicbluedude|265|1208
|player|p2|mew mew season 2|miku-psychic|1203
|gen|9
|tier|[Gen 9 Champions] VGC 2026 Reg M-B (Bo3)
|rated|
|rule|Species Clause: Limit one of each Pokémon
|rule|Item Clause: Limit 1 of each item
|clearpoke
|poke|p1|Mawile, L50, F|
|poke|p1|Torkoal, L50, M|
|poke|p1|Incineroar, L50, F|
|poke|p1|Farigiraf, L50, F|
|poke|p1|Araquanid, L50, F|
|poke|p1|Rotom-Wash, L50|
|poke|p2|Floette-Eternal, L50, F|
|poke|p2|Delphox, L50, F|
|poke|p2|Kingambit, L50, M|
|poke|p2|Sneasler, L50, F|
|poke|p2|Sinistcha, L50|
|poke|p2|Incineroar, L50, F|
|teampreview|4
|showteam|p1|Mawile||Mawilite|HyperCutter|IronHead,PlayRough,SuckerPunch,Protect|Brave||F|||50|]Torkoal||Charcoal|Drought|Eruption,Overheat,HelpingHand,Protect|Quiet||M|||50|]Incineroar||ChopleBerry|Intimidate|FlareBlitz,FakeOut,ThroatChop,PartingShot|Brave||F|||50|]Farigiraf||ColburBerry|ArmorTail|Protect,TrickRoom,Psychic,HyperVoice|Sassy||F|||50|]Araquanid||MysticWater|WaterBubble|SkitterSmack,Liquidation,LeechLife,WideGuard|Brave||F|||50|]Rotom-Wash||ChoiceScarf|Levitate|HydroPump,WillOWisp,Thunderbolt,VoltSwitch|Modest|||||50|
|showteam|p2|Floette-Eternal||Floettite|FlowerVeil|Protect,CalmMind,DazzlingGleam,DrainingKiss|Modest||F|||50|]Delphox||Delphoxite|Blaze|HeatWave,Psychic,NastyPlot,Protect|Timid||F|||50|]Kingambit||BlackGlasses|Defiant|SuckerPunch,KowtowCleave,SwordsDance,Protect|Adamant||M|||50|]Sneasler||FocusSash|PoisonTouch|FakeOut,PoisonJab,CloseCombat,QuickGuard|Jolly||F|||50|]Sinistcha||KasibBerry|Hospitality|MatchaGotcha,RagePowder,Protect,TrickRoom|Calm|||||50|]Incineroar||SitrusBerry|Intimidate|FakeOut,FlareBlitz,ThroatChop,PartingShot|Bold||F|||50|
|inactive|Battle timer is ON: inactive players will automatically lose when time's up. (requested by epicbluedude)
|inactive|mew mew season 2 has 60 seconds left.
|
|t:|1782648435
|teamsize|p1|4
|teamsize|p2|4
|start
|switch|p1a: Farigiraf|Farigiraf, L50, F|100/100
|switch|p1b: Araquanid|Araquanid, L50, F|100/100
|switch|p2a: Kingambit|Kingambit, L50, M|100/100
|switch|p2b: Sinistcha|Sinistcha, L50|100/100
|turn|1
|inactive|epicbluedude has 30 seconds left.
|
|t:|1782648465
|switch|p1a: Mawile|Mawile, L50, F|100/100
|move|p2b: Sinistcha|Rage Powder|p2b: Sinistcha
|-singleturn|p2b: Sinistcha|move: Rage Powder
|move|p2a: Kingambit|Kowtow Cleave|p1a: Mawile
|-resisted|p1a: Mawile|1
|-damage|p1a: Mawile|63/100
|move|p1b: Araquanid|Liquidation|p2b: Sinistcha
|-resisted|p2b: Sinistcha|1
|-damage|p2b: Sinistcha|66/100
|
|upkeep
|turn|2
|inactive|mew mew season 2 has 30 seconds left.
|
|t:|1782648494
|detailschange|p1a: Mawile|Mawile-Mega, L50, F
|-mega|p1a: Mawile|Mawile|Mawilite
|move|p2b: Sinistcha|Rage Powder|p2b: Sinistcha
|-singleturn|p2b: Sinistcha|move: Rage Powder
|move|p2a: Kingambit|Swords Dance|p2a: Kingambit
|-boost|p2a: Kingambit|atk|2
|move|p1a: Mawile|Play Rough|p2b: Sinistcha
|-damage|p2b: Sinistcha|0 fnt
|faint|p2b: Sinistcha
|move|p1b: Araquanid|Liquidation|p2a: Kingambit
|-damage|p2a: Kingambit|39/100
|
|upkeep
|
|t:|1782648513
|switch|p2b: Incineroar|Incineroar, L50, F|100/100
|-ability|p2b: Incineroar|Intimidate|boost
|-unboost|p1a: Mawile|atk|1
|-unboost|p1b: Araquanid|atk|1
|turn|3
|
|t:|1782648528
|switch|p1b: Farigiraf|Farigiraf, L50, F|100/100
|move|p2b: Incineroar|Flare Blitz|p1a: Mawile
|-supereffective|p1a: Mawile|1
|-damage|p1a: Mawile|0 fnt
|faint|p1a: Mawile
|-damage|p2b: Incineroar|83/100|[from] Recoil
|move|p2a: Kingambit|Kowtow Cleave|p1b: Farigiraf
|-supereffective|p1b: Farigiraf|1
|-enditem|p1b: Farigiraf|Colbur Berry|[eat]
|-enditem|p1b: Farigiraf|Colbur Berry|[weaken]
|-damage|p1b: Farigiraf|0 fnt
|faint|p1b: Farigiraf
|
|upkeep
|
|t:|1782648539
|switch|p1b: Torkoal|Torkoal, L50, M|100/100
|switch|p1a: Araquanid|Araquanid, L50, F|100/100
|-weather|SunnyDay|[from] ability: Drought|[of] p1b: Torkoal
|turn|4
|
|t:|1782648556
|move|p2b: Incineroar|Flare Blitz|p1a: Araquanid
|-damage|p1a: Araquanid|58/100
|-damage|p2b: Incineroar|73/100|[from] Recoil
|move|p2a: Kingambit|Kowtow Cleave|p1a: Araquanid
|-damage|p1a: Araquanid|0 fnt
|faint|p1a: Araquanid
|move|p1b: Torkoal|Eruption|p2b: Incineroar|[spread] p2a,p2b
|-supereffective|p2a: Kingambit|1
|-resisted|p2b: Incineroar|1
|-damage|p2a: Kingambit|0 fnt
|-damage|p2b: Incineroar|34/100
|-enditem|p2b: Incineroar|Sitrus Berry|[eat]
|-heal|p2b: Incineroar|59/100|[from] item: Sitrus Berry
|faint|p2a: Kingambit
|
|-weather|SunnyDay|[upkeep]
|upkeep
|
|t:|1782648569
|switch|p2a: Delphox|Delphox, L50, F|100/100
|turn|5
|
|t:|1782648588
|detailschange|p2a: Delphox|Delphox-Mega, L50, F
|-mega|p2a: Delphox|Delphox|Delphoxite
|move|p2a: Delphox|Psychic|p1b: Torkoal
|-damage|p1b: Torkoal|35/100
|move|p2b: Incineroar|Throat Chop|p1b: Torkoal
|-damage|p1b: Torkoal|14/100
|-start|p1b: Torkoal|Throat Chop|[silent]
|move|p1b: Torkoal|Eruption|p2b: Incineroar|[spread] p2a,p2b
|-resisted|p2a: Delphox|1
|-resisted|p2b: Incineroar|1
|-damage|p2a: Delphox|93/100
|-damage|p2b: Incineroar|53/100
|
|-weather|SunnyDay|[upkeep]
|upkeep
|turn|6
|-message|epicbluedude forfeited.
|
|win|mew mew season 2
