|j|☆AnriVGC
|j|☆escorpiobutfrommk
|html|AnriVGCescorpiobutfrommk    
|uhtml|bestof|Game 1 of a best-of-3
|t:|1756429997
|gametype|doubles
|player|p1|AnriVGC|hilda-masters3|1140
|player|p2|escorpiobutfrommk|red|1070
|gen|9
|tier|[Gen 9] VGC 2025 Reg H (Bo3)
|rated|
|rule|Species Clause: Limit one of each Pokémon
|rule|Item Clause: Limit 1 of each item
|clearpoke
|poke|p1|Gholdengo, L50|
|poke|p1|Sneasler, L50, F|
|poke|p1|Rillaboom, L50, M|
|poke|p1|Dragonite, L50, F|
|poke|p1|Ninetales-Alola, L50, M|
|poke|p1|Arcanine-Hisui, L50, F|
|poke|p2|Sneasler, L50, F|
|poke|p2|Ceruledge, L50, F|
|poke|p2|Dragonite, L50, M|
|poke|p2|Gastrodon, L50, M|
|poke|p2|Kingambit, L50, F|
|poke|p2|Rillaboom, L50, F|
|teampreview|4
|showteam|p1|Gholdengo||GrassySeed|GoodasGold|NastyPlot,MakeItRain,ShadowBall,Protect||||||50|,,,,,Water]Sneasler||FocusSash|Unburden|CloseCombat,DireClaw,Coaching,FakeOut|||F|||50|,,,,,Ghost]Rillaboom||AssaultVest|GrassySurge|FakeOut,DrumBeating,HighHorsepower,GrassyGlide|||M|||50|,,,,,Fire]Dragonite||LoadedDice|Multiscale|ScaleShot,StompingTantrum,Haze,Protect|||F|||50|,,,,,Steel]Ninetales-Alola||LightClay|SnowWarning|IcyWind,Blizzard,Moonblast,AuroraVeil|||M|||50|,,,,,Water]Arcanine-Hisui||ClearAmulet|Intimidate|RockSlide,FlareBlitz,ExtremeSpeed,Protect|||F|||50|,,,,,Grass
|showteam|p2|Sneasler||FocusSash|Unburden|DireClaw,CloseCombat,Coaching,FakeOut|||F|||50|,,,,,Ghost]Ceruledge||Leftovers|FlashFire|Protect,BulkUp,BitterBlade,ShadowSneak|||F|||50|,,,,,Grass]Dragonite||LoadedDice|Multiscale|Protect,ScaleShot,LowKick,ExtremeSpeed|||M|||50|,,,,,Fairy]Gastrodon||SitrusBerry|StormDrain|Protect,IceBeam,EarthPower,ClearSmog|||M|||50|,,,,,Flying]Kingambit||AssaultVest|Defiant|KowtowCleave,SuckerPunch,IronHead,TeraBlast|||F|||50|,,,,,Flying]Rillaboom||MiracleSeed|GrassySurge|WoodHammer,GrassyGlide,HighHorsepower,FakeOut|||F|||50|,,,,,Fire
|
|t:|1756430036
|teamsize|p1|4
|teamsize|p2|4
|start
|switch|p1a: Sneasler|Sneasler, L50, F|100/100
|switch|p1b: Dragonite|Dragonite, L50, F|100/100
|switch|p2a: Sneasler|Sneasler, L50, F|100/100
|switch|p2b: Ceruledge|Ceruledge, L50, F|100/100
|turn|1
|
|t:|1756430060
|switch|p1a: Arcanine|Arcanine-Hisui, L50, F|100/100
|-ability|p1a: Arcanine|Intimidate|boost
|-unboost|p2a: Sneasler|atk|1
|-unboost|p2b: Ceruledge|atk|1
|move|p2a: Sneasler|Fake Out|p1a: Arcanine
|-resisted|p1a: Arcanine
|-damage|p1a: Arcanine|95/100
|move|p1b: Dragonite|Scale Shot|p2a: Sneasler
|-damage|p2a: Sneasler|75/100
|-damage|p2a: Sneasler|46/100
|-damage|p2a: Sneasler|22/100
|-damage|p2a: Sneasler|0 fnt
|faint|p2a: Sneasler
|-hitcount|p2: Sneasler|4
|-unboost|p1b: Dragonite|def|1
|-boost|p1b: Dragonite|spe|1
|move|p2b: Ceruledge|Bitter Blade|p1a: Arcanine
|-resisted|p1a: Arcanine
|-damage|p1a: Arcanine|87/100
|
|upkeep
|
|t:|1756430072
|switch|p2a: Gastrodon|Gastrodon, L50, M|100/100
|turn|2
|inactive|Battle timer is ON: inactive players will automatically lose when time's up. (requested by escorpiobutfrommk)
|
|t:|1756430107
|move|p2b: Ceruledge|Protect|p2b: Ceruledge
|-singleturn|p2b: Ceruledge|Protect
|move|p1b: Dragonite|Stomping Tantrum|p2b: Ceruledge
|-activate|p2b: Ceruledge|move: Protect
|move|p1a: Arcanine|Rock Slide|p2b: Ceruledge|[spread] 
|-activate|p2b: Ceruledge|move: Protect
|-miss|p1a: Arcanine|p2a: Gastrodon
|move|p2a: Gastrodon|Earth Power|p1a: Arcanine
|-supereffective|p1a: Arcanine
|-damage|p1a: Arcanine|0 fnt
|faint|p1a: Arcanine
|
|upkeep
|
|t:|1756430115
|switch|p1a: Rillaboom|Rillaboom, L50, M|100/100
|-fieldstart|move: Grassy Terrain|[from] ability: Grassy Surge|[of] p1a: Rillaboom
|turn|3
|
|t:|1756430139
|-terastallize|p1a: Rillaboom|Fire
|-terastallize|p2a: Gastrodon|Flying
|move|p1b: Dragonite|Scale Shot|p2b: Ceruledge
|-damage|p2b: Ceruledge|81/100
|-damage|p2b: Ceruledge|64/100
|-damage|p2b: Ceruledge|44/100
|-damage|p2b: Ceruledge|25/100
|-hitcount|p2b: Ceruledge|4
|-unboost|p1b: Dragonite|def|1
|-boost|p1b: Dragonite|spe|1
|move|p1a: Rillaboom|Drum Beating|p2b: Ceruledge
|-resisted|p2b: Ceruledge
|-damage|p2b: Ceruledge|0 fnt
|faint|p2b: Ceruledge
|move|p2a: Gastrodon|Ice Beam|p1b: Dragonite
|-supereffective|p1b: Dragonite
|-damage|p1b: Dragonite|47/100
|
|upkeep
|
|t:|1756430146
|switch|p2b: Dragonite|Dragonite, L50, M|100/100
|turn|4
|inactive|AnriVGC has 30 seconds left.
|inactive|AnriVGC has 20 seconds left.
|
|t:|1756430185
|move|p1b: Dragonite|Protect|p1b: Dragonite
|-singleturn|p1b: Dragonite|Protect
|move|p2b: Dragonite|Protect|p2b: Dragonite
|-singleturn|p2b: Dragonite|Protect
|move|p1a: Rillaboom|Drum Beating|p2b: Dragonite
|-activate|p2b: Dragonite|move: Protect
|move|p2a: Gastrodon|Ice Beam|p1b: Dragonite
|-activate|p1b: Dragonite|move: Protect
|
|upkeep
|turn|5
|
|t:|1756430196
|move|p2b: Dragonite|Extreme Speed|p1b: Dragonite
|-damage|p1b: Dragonite|0 fnt
|faint|p1b: Dragonite
|move|p1a: Rillaboom|Drum Beating|p2a: Gastrodon
|-resisted|p2a: Gastrodon
|-damage|p2a: Gastrodon|79/100
|-unboost|p2a: Gastrodon|spe|1
|move|p2a: Gastrodon|Ice Beam|p1a: Rillaboom
|-resisted|p1a: Rillaboom
|-damage|p1a: Rillaboom|92/100
|
|-heal|p1a: Rillaboom|98/100|[from] Grassy Terrain
|upkeep
|
|t:|1756430203
|switch|p1b: Sneasler|Sneasler, L50, F|100/100
|turn|6
|inactive|AnriVGC has 30 seconds left.
|inactive|AnriVGC has 20 seconds left.
|inactive|AnriVGC has 15 seconds left.
|
|t:|1756430245
|move|p2b: Dragonite|Protect|p2b: Dragonite
|-singleturn|p2b: Dragonite|Protect
|move|p2a: Gastrodon|Protect|p2a: Gastrodon
|-singleturn|p2a: Gastrodon|Protect
|move|p1b: Sneasler|Fake Out|p2a: Gastrodon
|-activate|p2a: Gastrodon|move: Protect
|move|p1a: Rillaboom|Drum Beating|p2b: Dragonite
|-activate|p2b: Dragonite|move: Protect
|
|-heal|p1a: Rillaboom|100/100|[from] Grassy Terrain
|upkeep
|turn|7
|
|t:|1756430265
|move|p1b: Sneasler|Dire Claw|p2b: Dragonite
|-damage|p2b: Dragonite|77/100
|-status|p2b: Dragonite|par
|move|p1a: Rillaboom|Drum Beating|p2b: Dragonite
|-resisted|p2b: Dragonite
|-damage|p2b: Dragonite|65/100 par
|-unboost|p2b: Dragonite|spe|1
|move|p2b: Dragonite|Scale Shot|p1b: Sneasler
|-damage|p1b: Sneasler|77/100
|-damage|p1b: Sneasler|52/100
|-damage|p1b: Sneasler|27/100
|-damage|p1b: Sneasler|0 fnt
|faint|p1b: Sneasler
|-hitcount|p1: Sneasler|4
|-unboost|p2b: Dragonite|def|1
|-boost|p2b: Dragonite|spe|1
|move|p2a: Gastrodon|Earth Power|p1a: Rillaboom
|-supereffective|p1a: Rillaboom
|-damage|p1a: Rillaboom|43/100
|
|-heal|p1a: Rillaboom|49/100|[from] Grassy Terrain
|-fieldend|move: Grassy Terrain
|upkeep
|turn|8
|-message|AnriVGC forfeited.
|
|win|escorpiobutfrommk
|l|☆AnriVGC
|player|p1|
||AnriVGC is ready for game 2.
|j|☆AnriVGC
|player|p1|AnriVGC|hilda-masters3|
|inactive|escorpiobutfrommk has 30 seconds to confirm battle start!
||escorpiobutfrommk is ready for game 2.
|uhtml|next|Next: Game 2 of 3
|l|☆AnriVGC
|player|p1|
