|j|☆Secureabag
|j|☆totsbite4
|html|Secureabagtotsbite4    
|uhtml|bestof|Game 1 of a best-of-3
|t:|1757004209
|gametype|doubles
|player|p1|Secureabag|101|
|player|p2|totsbite4|jogger|
|gen|9
|tier|[Gen 9] VGC 2025 Reg H (Bo3)
|rule|Species Clause: Limit one of each Pokémon
|rule|Item Clause: Limit 1 of each item
|clearpoke
|poke|p1|Politoed, L50, F|
|poke|p1|Gothitelle, L50, M|
|poke|p1|Incineroar, L50, F|
|poke|p1|Amoonguss, L50, M|
|poke|p1|Kingdra, L50, F|
|poke|p1|Archaludon, L50, M|
|poke|p2|Kommo-o, L50, F|
|poke|p2|Electabuzz, L50, F|
|poke|p2|Primarina, L50, M|
|poke|p2|Talonflame, L50, F|
|poke|p2|Rillaboom, L50, M|
|poke|p2|Sneasler, L50, M|
|teampreview|4
|showteam|p1|Politoed||Leftovers|Drizzle|Protect,WeatherBall,PerishSong,Encore|||F|||50|,,,,,Grass]Gothitelle||SitrusBerry|ShadowTag|Protect,Psychic,FakeOut,TrickRoom|||M|||50|,,,,,Dark]Incineroar||SafetyGoggles|Intimidate|Protect,KnockOff,FakeOut,PartingShot|||F|||50|,,,,,Ghost]Amoonguss||EjectButton|Regenerator|Protect,RagePowder,PollenPuff,Spore|||M|||50|,,,,,Fairy]Kingdra||LifeOrb|SwiftSwim|Protect,WeatherBall,DracoMeteor,MuddyWater|||F|||50|,,,,,Stellar]Archaludon||PowerHerb|Sturdy|Protect,ElectroShot,DragonPulse,FlashCannon|||M|||50|,,,,,Electric
|showteam|p2|Kommo-o||ThroatSpray|Soundproof|ClangingScales,Flamethrower,ClangorousSoul,Protect|||F|||50|,,,,,Fire]Electabuzz||Eviolite|VitalSpirit|FollowMe,Electroweb,Taunt,Protect|||F|||50|,,,,,Dragon]Primarina||LifeOrb|LiquidVoice|HyperVoice,Moonblast,Haze,Protect|||M|||50|,,,,,Poison]Talonflame||SharpBeak|GaleWings|BraveBird,WillOWisp,Tailwind,Protect|||F|||50|,,,,,Ghost]Rillaboom||AssaultVest|GrassySurge|GrassyGlide,WoodHammer,FakeOut,Uturn|||M|||50|,,,,,Fire]Sneasler||FocusSash|Unburden|DireClaw,CloseCombat,ThroatChop,Protect|||M|||50|,,,,,Dark
|inactive|Battle timer is ON: inactive players will automatically lose when time's up. (requested by Secureabag)
|c|☆totsbite4|Glhf
|c|☆Secureabag|You too
|j| IndianCrackCoffee
|j| LikeAHydreigon
|inactive|totsbite4 has 60 seconds left.
|
|t:|1757004266
|teamsize|p1|4
|teamsize|p2|4
|start
|switch|p1a: Politoed|Politoed, L50, F|100/100
|switch|p1b: Gothitelle|Gothitelle, L50, M|100/100
|switch|p2a: Rillaboom|Rillaboom, L50, M|100/100
|switch|p2b: Kommo-o|Kommo-o, L50, F|100/100
|-fieldstart|move: Grassy Terrain|[from] ability: Grassy Surge|[of] p2a: Rillaboom
|-weather|RainDance|[from] ability: Drizzle|[of] p1a: Politoed
|turn|1
|j| ljwarrior
|j| Kohbalt
|l| LikeAHydreigon
|
|t:|1757004284
|move|p2a: Rillaboom|Fake Out|p1b: Gothitelle
|-damage|p1b: Gothitelle|87/100
|cant|p1b: Gothitelle|flinch
|move|p2b: Kommo-o|Clangorous Soul|p2b: Kommo-o
|-boost|p2b: Kommo-o|atk|1
|-boost|p2b: Kommo-o|def|1
|-boost|p2b: Kommo-o|spa|1
|-boost|p2b: Kommo-o|spd|1
|-boost|p2b: Kommo-o|spe|1
|-damage|p2b: Kommo-o|68/100
|-enditem|p2b: Kommo-o|Throat Spray
|-boost|p2b: Kommo-o|spa|1|[from] item: Throat Spray
|move|p1a: Politoed|Perish Song|p1a: Politoed
|-start|p1a: Politoed|perish3|[silent]
|-start|p1b: Gothitelle|perish3|[silent]
|-start|p2a: Rillaboom|perish3|[silent]
|-immune|p2b: Kommo-o|[from] ability: Soundproof
|-fieldactivate|move: Perish Song
|
|-weather|RainDance|[upkeep]
|-heal|p2b: Kommo-o|74/100|[from] Grassy Terrain
|-heal|p1b: Gothitelle|93/100|[from] Grassy Terrain
|-start|p2a: Rillaboom|perish3
|-start|p1a: Politoed|perish3
|-start|p1b: Gothitelle|perish3
|upkeep
|turn|2
|j| unovarydrake
|j| laufey#1fan
|inactive|Secureabag has 30 seconds left.
|j| LikeAHydreigon
|
|t:|1757004318
|move|p2b: Kommo-o|Protect|p2b: Kommo-o
|-singleturn|p2b: Kommo-o|Protect
|move|p1a: Politoed|Protect|p1a: Politoed
|-singleturn|p1a: Politoed|Protect
|move|p2a: Rillaboom|U-turn|p1a: Politoed
|-activate|p1a: Politoed|move: Protect
|move|p1b: Gothitelle|Trick Room|p1b: Gothitelle
|-fieldstart|move: Trick Room|[of] p1b: Gothitelle
|
|-weather|RainDance|[upkeep]
|-heal|p1b: Gothitelle|99/100|[from] Grassy Terrain
|-heal|p2b: Kommo-o|80/100|[from] Grassy Terrain
|-start|p1b: Gothitelle|perish2
|-start|p1a: Politoed|perish2
|-start|p2a: Rillaboom|perish2
|upkeep
|turn|3
|
|t:|1757004339
|move|p1b: Gothitelle|Protect|p1b: Gothitelle
|-singleturn|p1b: Gothitelle|Protect
|move|p1a: Politoed|Encore|p2b: Kommo-o
|-start|p2b: Kommo-o|Encore
|move|p2a: Rillaboom|U-turn|p1a: Politoed
|-damage|p1a: Politoed|75/100
|
|t:|1757004352
|switch|p2a: Primarina|Primarina, L50, M|100/100|[from] U-turn
|move|p2b: Kommo-o|Protect||[still]
|-fail|p2b: Kommo-o
|
|-weather|RainDance|[upkeep]
|-heal|p1b: Gothitelle|100/100|[from] Grassy Terrain
|-heal|p1a: Politoed|81/100|[from] Grassy Terrain
|-heal|p1a: Politoed|87/100|[from] item: Leftovers
|-heal|p2b: Kommo-o|86/100|[from] Grassy Terrain
|-start|p1b: Gothitelle|perish1
|-start|p1a: Politoed|perish1
|upkeep
|turn|4
|inactive|Secureabag has 30 seconds left.
|
|t:|1757004384
|switch|p1b: Kingdra|Kingdra, L50, F|100/100
|switch|p1a: Incineroar|Incineroar, L50, F|100/100
|-ability|p1a: Incineroar|Intimidate|boost
|-unboost|p2a: Primarina|atk|1
|-unboost|p2b: Kommo-o|atk|1
|move|p2b: Kommo-o|Protect|p2b: Kommo-o
|-singleturn|p2b: Kommo-o|Protect
|move|p2a: Primarina|Moonblast|p1a: Incineroar
|-damage|p1a: Incineroar|54/100
|-unboost|p1a: Incineroar|spa|1
|-damage|p2a: Primarina|91/100|[from] item: Life Orb
|
|-weather|RainDance|[upkeep]
|-heal|p1a: Incineroar|60/100|[from] Grassy Terrain
|-heal|p2a: Primarina|97/100|[from] Grassy Terrain
|-heal|p2b: Kommo-o|93/100|[from] Grassy Terrain
|upkeep
|turn|5
|inactive|Secureabag has 30 seconds left.
|inactive|totsbite4 has 30 seconds left.
|inactive|totsbite4 has 20 seconds left.
|l| LikeAHydreigon
|inactive|totsbite4 has 15 seconds left.
|j| LikeAHydreigon
|inactive|totsbite4 has 10 seconds left.
|
|t:|1757004429
|switch|p2b: Sneasler|Sneasler, L50, M|100/100
|move|p2a: Primarina|Protect|p2a: Primarina
|-singleturn|p2a: Primarina|Protect
|move|p1a: Incineroar|Fake Out|p2a: Primarina
|-activate|p2a: Primarina|move: Protect
|move|p1b: Kingdra|Draco Meteor|p2b: Sneasler
|-enditem|p2b: Sneasler|Focus Sash
|-damage|p2b: Sneasler|1/100
|-unboost|p1b: Kingdra|spa|2
|-damage|p1b: Kingdra|91/100|[from] item: Life Orb
|
|-weather|none
|-heal|p1a: Incineroar|66/100|[from] Grassy Terrain
|-heal|p2a: Primarina|100/100|[from] Grassy Terrain
|-heal|p1b: Kingdra|97/100|[from] Grassy Terrain
|-heal|p2b: Sneasler|7/100|[from] Grassy Terrain
|-fieldend|move: Grassy Terrain
|upkeep
|turn|6
|inactive|totsbite4 has 30 seconds left.
|
|t:|1757004461
|switch|p1b: Gothitelle|Gothitelle, L50, M|100/100
|move|p1a: Incineroar|Knock Off|p2b: Sneasler
|-resisted|p2b: Sneasler
|-damage|p2b: Sneasler|0 fnt
|faint|p2b: Sneasler
|move|p2a: Primarina|Moonblast|p1b: Gothitelle
|-damage|p1b: Gothitelle|47/100
|-enditem|p1b: Gothitelle|Sitrus Berry|[eat]
|-heal|p1b: Gothitelle|72/100|[from] item: Sitrus Berry
|-damage|p2a: Primarina|91/100|[from] item: Life Orb
|
|-fieldend|move: Trick Room
|upkeep
|
|t:|1757004475
|switch|p2b: Rillaboom|Rillaboom, L50, M|100/100
|-fieldstart|move: Grassy Terrain|[from] ability: Grassy Surge|[of] p2b: Rillaboom
|turn|7
|
|t:|1757004492
|move|p2b: Rillaboom|Fake Out|p1b: Gothitelle
|-damage|p1b: Gothitelle|60/100
|cant|p1b: Gothitelle|flinch
|move|p2a: Primarina|Hyper Voice|p1b: Gothitelle|[spread] p1a,p1b
|-supereffective|p1a: Incineroar
|-damage|p1a: Incineroar|4/100
|-damage|p1b: Gothitelle|23/100
|-damage|p2a: Primarina|82/100|[from] item: Life Orb
|move|p1a: Incineroar|Parting Shot|p2a: Primarina
|-unboost|p2a: Primarina|atk|1
|-unboost|p2a: Primarina|spa|1
|
|t:|1757004500
|switch|p1a: Politoed|Politoed, L50, F|87/100|[from] Parting Shot
|-weather|RainDance|[from] ability: Drizzle|[of] p1a: Politoed
|
|-weather|RainDance|[upkeep]
|-heal|p1a: Politoed|93/100|[from] Grassy Terrain
|-heal|p2a: Primarina|87/100|[from] Grassy Terrain
|-heal|p1a: Politoed|99/100|[from] item: Leftovers
|-heal|p1b: Gothitelle|29/100|[from] Grassy Terrain
|upkeep
|turn|8
|inactive|Secureabag has 30 seconds left.
|inactive|Secureabag has 20 seconds left.
|
|t:|1757004537
|move|p2b: Rillaboom|U-turn|p1a: Politoed
|-damage|p1a: Politoed|75/100
|
|t:|1757004539
|switch|p2b: Kommo-o|Kommo-o, L50, F|93/100|[from] U-turn
|move|p2a: Primarina|Hyper Voice|p1a: Politoed|[spread] p1a,p1b
|-resisted|p1a: Politoed
|-damage|p1a: Politoed|57/100
|-damage|p1b: Gothitelle|0 fnt
|faint|p1b: Gothitelle
|-damage|p2a: Primarina|78/100|[from] item: Life Orb
|move|p1a: Politoed|Encore||[still]
|-fail|p1a: Politoed
|
|-weather|RainDance|[upkeep]
|-heal|p2b: Kommo-o|99/100|[from] Grassy Terrain
|-heal|p1a: Politoed|63/100|[from] Grassy Terrain
|-heal|p2a: Primarina|84/100|[from] Grassy Terrain
|-heal|p1a: Politoed|69/100|[from] item: Leftovers
|upkeep
|
|t:|1757004542
|switch|p1b: Kingdra|Kingdra, L50, F|97/100
|turn|9
|
|t:|1757004567
|switch|p2a: Rillaboom|Rillaboom, L50, M|100/100
|move|p1b: Kingdra|Protect|p1b: Kingdra
|-singleturn|p1b: Kingdra|Protect
|move|p2b: Kommo-o|Protect|p2b: Kommo-o
|-singleturn|p2b: Kommo-o|Protect
|move|p1a: Politoed|Protect||[still]
|-fail|p1a: Politoed
|
|-weather|RainDance|[upkeep]
|-heal|p1b: Kingdra|100/100|[from] Grassy Terrain
|-heal|p2b: Kommo-o|100/100|[from] Grassy Terrain
|-heal|p1a: Politoed|75/100|[from] Grassy Terrain
|-heal|p1a: Politoed|81/100|[from] item: Leftovers
|upkeep
|turn|10
|
|t:|1757004591
|switch|p1b: Incineroar|Incineroar, L50, F|4/100
|-ability|p1b: Incineroar|Intimidate|boost
|-unboost|p2a: Rillaboom|atk|1
|-unboost|p2b: Kommo-o|atk|1
|move|p2a: Rillaboom|Fake Out|p1b: Incineroar
|-damage|p1b: Incineroar|0 fnt
|faint|p1b: Incineroar
|move|p2b: Kommo-o|Clanging Scales|p1a: Politoed
|-damage|p1a: Politoed|52/100
|-unboost|p2b: Kommo-o|def|1
|move|p1a: Politoed|Encore|p2b: Kommo-o
|-start|p2b: Kommo-o|Encore
|
|-weather|RainDance|[upkeep]
|-heal|p1a: Politoed|58/100|[from] Grassy Terrain
|-heal|p1a: Politoed|64/100|[from] item: Leftovers
|upkeep
|
|t:|1757004598
|switch|p1b: Kingdra|Kingdra, L50, F|100/100
|turn|11
|inactive|totsbite4 has 30 seconds left.
|
|t:|1757004632
|-terastallize|p1b: Kingdra|Stellar
|move|p1b: Kingdra|Draco Meteor|p2b: Kommo-o
|-supereffective|p2b: Kommo-o
|-damage|p2b: Kommo-o|0 fnt
|-unboost|p1b: Kingdra|spa|2
|faint|p2b: Kommo-o
|-damage|p1b: Kingdra|91/100|[from] item: Life Orb
|move|p2a: Rillaboom|U-turn|p1a: Politoed
|-damage|p1a: Politoed|46/100
|
|t:|1757004642
|switch|p2a: Primarina|Primarina, L50, M|84/100|[from] U-turn
|move|p1a: Politoed|Weather Ball|p2a: Primarina
|-resisted|p2a: Primarina
|-damage|p2a: Primarina|62/100
|
|-weather|none
|-heal|p1b: Kingdra|97/100|[from] Grassy Terrain
|-heal|p1a: Politoed|52/100|[from] Grassy Terrain
|-heal|p2a: Primarina|68/100|[from] Grassy Terrain
|-heal|p1a: Politoed|58/100|[from] item: Leftovers
|-fieldend|move: Grassy Terrain
|upkeep
|
|t:|1757004654
|switch|p2b: Rillaboom|Rillaboom, L50, M|100/100
|-fieldstart|move: Grassy Terrain|[from] ability: Grassy Surge|[of] p2b: Rillaboom
|turn|12
|
|t:|1757004661
|move|p1b: Kingdra|Protect|p1b: Kingdra
|-singleturn|p1b: Kingdra|Protect
|move|p1a: Politoed|Protect|p1a: Politoed
|-singleturn|p1a: Politoed|Protect
|move|p2b: Rillaboom|Fake Out|p1a: Politoed
|-activate|p1a: Politoed|move: Protect
|move|p2a: Primarina|Moonblast|p1b: Kingdra
|-activate|p1b: Kingdra|move: Protect
|
|-heal|p1b: Kingdra|100/100|[from] Grassy Terrain
|-heal|p1a: Politoed|64/100|[from] Grassy Terrain
|-heal|p2a: Primarina|74/100|[from] Grassy Terrain
|-heal|p1a: Politoed|70/100|[from] item: Leftovers
|upkeep
|turn|13
|inactive|Secureabag has 30 seconds left.
|
|t:|1757004687
|move|p1b: Kingdra|Muddy Water|p2b: Rillaboom|[spread] p2a,p2b
|-resisted|p2a: Primarina
|-resisted|p2b: Rillaboom
|-damage|p2a: Primarina|61/100
|-damage|p2b: Rillaboom|92/100
|-damage|p1b: Kingdra|91/100|[from] item: Life Orb
|move|p2b: Rillaboom|Wood Hammer|p1a: Politoed
|-supereffective|p1a: Politoed
|-damage|p1a: Politoed|0 fnt
|faint|p1a: Politoed
|-damage|p2b: Rillaboom|68/100|[from] Recoil
|move|p2a: Primarina|Moonblast|p1b: Kingdra
|-supereffective|p1b: Kingdra
|-damage|p1b: Kingdra|0 fnt
|faint|p1b: Kingdra
|-damage|p2a: Primarina|51/100|[from] item: Life Orb
|
|win|totsbite4
||Secureabag is ready for game 2.
|inactive|totsbite4 has 30 seconds to confirm battle start!
|inactive|totsbite4 has 20 seconds to confirm battle start!
||totsbite4 is ready for game 2.
|uhtml|next|Next: Game 2 of 3
|l| LikeAHydreigon
|l| IndianCrackCoffee
|l|☆Secureabag
|player|p1|
|l|☆totsbite4
|player|p2|
|l| laufey#1fan
|j| LikeAHydreigon
|j|☆totsbite4
|player|p2|totsbite4|jogger|
|l| LikeAHydreigon
|l|☆totsbite4
|player|p2|
|l| unovarydrake
|l| Kohbalt
