|j|☆quain4
|j|☆Jakobtc
|html|quain4Jakobtc    
|uhtml|bestof|Game 2 of a best-of-3
|t:|1757698846
|gametype|doubles
|player|p1|quain4|169|1146
|player|p2|Jakobtc|riley|1169
|gen|9
|tier|[Gen 9] VGC 2025 Reg H (Bo3)
|rated|
|rule|Species Clause: Limit one of each Pokémon
|rule|Item Clause: Limit 1 of each item
|clearpoke
|poke|p1|Amoonguss, L50, M|
|poke|p1|Mandibuzz, L50, F|
|poke|p1|Cyclizar, L50, M|
|poke|p1|Archaludon, L50, F|
|poke|p1|Zoroark-Hisui, L50, F|
|poke|p1|Sneasler, L50, F|
|poke|p2|Drifblim, L50, M|
|poke|p2|Indeedee, L50, M|
|poke|p2|Arcanine-Hisui, L50, M|
|poke|p2|Garchomp, L50, F|
|poke|p2|Amoonguss, L50, M|
|poke|p2|Primarina, L50, F|
|teampreview|4
|showteam|p1|Amoonguss||SitrusBerry|Regenerator|Protect,Spore,PollenPuff,RagePowder|||M|||50|,,,,,Psychic]Mandibuzz||AguavBerry|Overcoat|Protect,FoulPlay,Snarl,Tailwind|||F|||50|,,,,,Steel]Cyclizar||DragonFang|Regenerator|DracoMeteor,BodySlam,Protect,ShedTail|||M|||50|,,,,,Steel]Archaludon||PowerHerb|Sturdy|ElectroShot,FlashCannon,DracoMeteor,Protect|||F|||50|,,,,,Electric]Zoroark-Hisui||FocusSash|Illusion|Protect,HyperVoice,NastyPlot,BitterMalice|||F|||50|,,,,,Normal]Sneasler||WhiteHerb|Unburden|Protect,ThroatChop,CloseCombat,DireClaw|||F|||50|,,,,,Dark
|showteam|p2|Drifblim||PsychicSeed|Unburden|Tailwind,StrengthSap,WillOWisp,Acrobatics|||M|||50|,,,,,Grass]Indeedee||FocusSash|PsychicSurge|ExpandingForce,TeraBlast,SkillSwap,Protect|||M|||50|,,,,,Fighting]Arcanine-Hisui||ChoiceBand|Intimidate|RockSlide,FlareBlitz,ExtremeSpeed,CloseCombat|||M|||50|,,,,,Grass]Garchomp||LifeOrb|RoughSkin|StompingTantrum,DragonClaw,Earthquake,Protect|||F|||50|,,,,,Ground]Amoonguss||SitrusBerry|Regenerator|Spore,LeafStorm,RagePowder,Protect|||M|||50|,,,,,Water]Primarina||MysticWater|LiquidVoice|HyperVoice,Moonblast,Haze,Protect|||F|||50|,,,,,Steel
|inactive|Battle timer is ON: inactive players will automatically lose when time's up. (requested by quain4)
|
|t:|1757698877
|teamsize|p1|4
|teamsize|p2|4
|start
|switch|p1a: Sneasler|Sneasler, L50, F|100/100
|switch|p1b: Mandibuzz|Mandibuzz, L50, F|100/100
|switch|p2a: Drifblim|Drifblim, L50, M|100/100
|switch|p2b: Garchomp|Garchomp, L50, F|100/100
|turn|1
|inactive|Jakobtc has 30 seconds left.
|
|t:|1757698907
|move|p2b: Garchomp|Protect|p2b: Garchomp
|-singleturn|p2b: Garchomp|Protect
|move|p1a: Sneasler|Bitter Malice|p2a: Drifblim
|-supereffective|p2a: Drifblim
|-damage|p2a: Drifblim|30/100
|-unboost|p2a: Drifblim|atk|1
|move|p1b: Mandibuzz|Snarl|p2b: Garchomp|[spread] p2a
|-activate|p2b: Garchomp|move: Protect
|-supereffective|p2a: Drifblim
|-damage|p2a: Drifblim|12/100
|-unboost|p2a: Drifblim|spa|1
|move|p2a: Drifblim|Will-O-Wisp|p1a: Sneasler
|-status|p1a: Sneasler|brn
|
|-damage|p1a: Sneasler|94/100 brn|[from] brn
|upkeep
|turn|2
|inactive|Jakobtc has 30 seconds left.
|
|t:|1757698932
|move|p1a: Sneasler|Hyper Voice|p2a: Drifblim|[spread] p2b
|-immune|p2a: Drifblim
|-damage|p2b: Garchomp|61/100
|move|p2b: Garchomp|Dragon Claw|p1a: Sneasler
|-damage|p1a: Sneasler|0 fnt
|replace|p1a: Zoroark|Zoroark-Hisui, L50, F
|-end|p1a: Zoroark|Illusion
|faint|p1a: Zoroark
|-damage|p2b: Garchomp|52/100|[from] item: Life Orb
|move|p1b: Mandibuzz|Snarl|p2b: Garchomp|[spread] p2a,p2b
|-supereffective|p2a: Drifblim
|-damage|p2a: Drifblim|0 fnt
|-damage|p2b: Garchomp|42/100
|-unboost|p2b: Garchomp|spa|1
|faint|p2a: Drifblim
|
|upkeep
|
|t:|1757698951
|switch|p1a: Sneasler|Sneasler, L50, F|100/100
|switch|p2a: Primarina|Primarina, L50, F|100/100
|turn|3
|
|t:|1757698975
|-terastallize|p2a: Primarina|Steel
|move|p1a: Sneasler|Close Combat|p2b: Garchomp
|-damage|p2b: Garchomp|0 fnt
|-unboost|p1a: Sneasler|def|1
|-unboost|p1a: Sneasler|spd|1
|-damage|p1a: Sneasler|88/100|[from] ability: Rough Skin|[of] p2b: Garchomp
|faint|p2b: Garchomp
|-enditem|p1a: Sneasler|White Herb
|-clearnegativeboost|p1a: Sneasler|[silent]
|move|p1b: Mandibuzz|Snarl|p2a: Primarina
|-damage|p2a: Primarina|89/100
|-unboost|p2a: Primarina|spa|1
|move|p2a: Primarina|Hyper Voice|p1a: Sneasler|[spread] p1a,p1b
|-damage|p1a: Sneasler|55/100
|-damage|p1b: Mandibuzz|78/100
|
|upkeep
|
|t:|1757698990
|switch|p2b: Arcanine|Arcanine-Hisui, L50, M|100/100
|-ability|p2b: Arcanine|Intimidate|boost
|-unboost|p1a: Sneasler|atk|1
|-unboost|p1b: Mandibuzz|atk|1
|turn|4
|
|t:|1757699002
|-terastallize|p1b: Mandibuzz|Steel
|move|p1a: Sneasler|Close Combat|p2b: Arcanine
|-supereffective|p2b: Arcanine
|-damage|p2b: Arcanine|0 fnt
|-unboost|p1a: Sneasler|def|1
|-unboost|p1a: Sneasler|spd|1
|faint|p2b: Arcanine
|move|p1b: Mandibuzz|Foul Play|p2a: Primarina
|-damage|p2a: Primarina|68/100
|move|p2a: Primarina|Moonblast|p1b: Mandibuzz
|-resisted|p1b: Mandibuzz
|-damage|p1b: Mandibuzz|66/100
|
|upkeep
|turn|5
|
|t:|1757699014
|move|p1a: Sneasler|Close Combat|p2a: Primarina
|-supereffective|p2a: Primarina
|-damage|p2a: Primarina|0 fnt
|-unboost|p1a: Sneasler|def|1
|-unboost|p1a: Sneasler|spd|1
|faint|p2a: Primarina
|
|win|quain4
||quain4 is ready for game 3.
||Jakobtc is ready for game 3.
|uhtml|next|Next: Game 3 of 3
