|j|☆lettitripppp
|j|☆Jolt31
|html|lettitrippppJolt31    
|uhtml|bestof|Game 2 of a best-of-3
|t:|1784217791
|gametype|doubles
|player|p1|lettitripppp|lucas|1244
|player|p2|Jolt31|barry|1239
|gen|9
|tier|[Gen 9 Champions] VGC 2026 Reg M-B (Bo3)
|rated|
|rule|Species Clause: Limit one of each Pokémon
|rule|Item Clause: Limit 1 of each item
|clearpoke
|poke|p1|Charizard, L50, M, shiny|
|poke|p1|Basculegion, L50, M, shiny|
|poke|p1|Pelipper, L50, M|
|poke|p1|Venusaur, L50, M|
|poke|p1|Archaludon, L50, F|
|poke|p1|Grimmsnarl, L50, M, shiny|
|poke|p2|Swampert, L50, F|
|poke|p2|Pelipper, L50, M|
|poke|p2|Grimmsnarl, L50, M|
|poke|p2|Archaludon, L50, M|
|poke|p2|Mawile, L50, M|
|poke|p2|Sinistcha, L50|
|teampreview|4
|showteam|p1|Charizard||CharizarditeY|Blaze|WeatherBall,SolarBeam,HeatWave,Protect|Modest||M|||50|]Basculegion||ChoiceScarf|Adaptability|LastRespects,WaveCrash,FlipTurn,AquaJet|Jolly||M|||50|]Pelipper||SitrusBerry|Drizzle|WeatherBall,WideGuard,Hurricane,Tailwind|Modest||M|||50|]Venusaur||FocusSash|Chlorophyll|SleepPowder,SludgeBomb,EarthPower,Protect|Modest||M|||50|]Archaludon||Leftovers|Stamina|FlashCannon,DragonPulse,ElectroShot,Protect|Calm||F|||50|]Grimmsnarl||LightClay|Prankster|PartingShot,LightScreen,SpiritBreak,Reflect|Relaxed||M|||50|
|showteam|p2|Swampert||Swampertite|Torrent|WaveCrash,Earthquake,IcePunch,Protect|Jolly||F|||50|]Pelipper||FocusSash|Drizzle|WeatherBall,Hurricane,WideGuard,Tailwind|Timid||M|||50|]Grimmsnarl||LightClay|Prankster|Reflect,LightScreen,PartingShot,SpiritBreak|Adamant||M|||50|]Archaludon||Leftovers|Stamina|Protect,ElectroShot,DragonPulse,FlashCannon|Modest||M|||50|]Mawile||Mawilite|Intimidate|PlayRough,SuckerPunch,IronHead,Protect|Adamant||M|||50|]Sinistcha||SitrusBerry|Hospitality|TrickRoom,MatchaGotcha,RagePowder,LifeDew|Bold|||||50|
|inactive|Battle timer is ON: inactive players will automatically lose when time's up. (requested by lettitripppp)
|
|t:|1784217811
|teamsize|p1|4
|teamsize|p2|4
|start
|switch|p1a: SOFT-SLEEP|Venusaur, L50, M|100/100
|switch|p1b: GO JOHAN|Grimmsnarl, L50, M, shiny|100/100
|switch|p2a: Grimmsnarl|Grimmsnarl, L50, M|100/100
|switch|p2b: Archaludon|Archaludon, L50, M|100/100
|turn|1
|
|t:|1784217829
|move|p2a: Grimmsnarl|Light Screen|p2a: Grimmsnarl
|-sidestart|p2: Jolt31|move: Light Screen
|move|p1b: GO JOHAN|Light Screen|p1b: GO JOHAN
|-sidestart|p1: lettitripppp|move: Light Screen
|move|p1a: SOFT-SLEEP|Sleep Powder|p2b: Archaludon|[miss]
|-miss|p1a: SOFT-SLEEP|p2b: Archaludon
|move|p2b: Archaludon|Flash Cannon|p1a: SOFT-SLEEP
|-damage|p1a: SOFT-SLEEP|72/100
|
|upkeep
|turn|2
|inactive|Jolt31 has 30 seconds left.
|
|t:|1784217858
|move|p2b: Archaludon|Protect|p2b: Archaludon
|-singleturn|p2b: Archaludon|Protect
|move|p2a: Grimmsnarl|Parting Shot|p1a: SOFT-SLEEP
|-unboost|p1a: SOFT-SLEEP|atk|1
|-unboost|p1a: SOFT-SLEEP|spa|1
|
|t:|1784217863
|switch|p2a: Pelipper|Pelipper, L50, M|100/100|[from] Parting Shot
|-weather|RainDance|[from] ability: Drizzle|[of] p2a: Pelipper
|move|p1b: GO JOHAN|Reflect|p1b: GO JOHAN
|-sidestart|p1: lettitripppp|Reflect
|move|p1a: SOFT-SLEEP|Sleep Powder|p2a: Pelipper|[miss]
|-miss|p1a: SOFT-SLEEP|p2a: Pelipper
|
|-weather|RainDance|[upkeep]
|upkeep
|turn|3
|
|t:|1784217874
|move|p1b: GO JOHAN|Parting Shot|p2b: Archaludon
|-unboost|p2b: Archaludon|atk|1
|-unboost|p2b: Archaludon|spa|1
|
|t:|1784217877
|switch|p1b: AGNI|Charizard, L50, M, shiny|100/100|[from] Parting Shot
|move|p1a: SOFT-SLEEP|Sleep Powder|p2b: Archaludon
|-status|p2b: Archaludon|slp|[from] move: Sleep Powder
|move|p2a: Pelipper|Hurricane|p1a: SOFT-SLEEP
|-supereffective|p1a: SOFT-SLEEP|1
|-damage|p1a: SOFT-SLEEP|0 fnt
|faint|p1a: SOFT-SLEEP
|cant|p2b: Archaludon|slp
|
|-weather|RainDance|[upkeep]
|upkeep
|
|t:|1784217885
|switch|p1a: GHOSTWAVE|Basculegion, L50, M, shiny|100/100
|turn|4
|inactive|Jolt31 has 30 seconds left.
|
|t:|1784217919
|detailschange|p1b: AGNI|Charizard-Mega-Y, L50, M, shiny
|-mega|p1b: AGNI|Charizard|Charizardite Y
|-weather|SunnyDay|[from] ability: Drought|[of] p1b: AGNI
|move|p1a: GHOSTWAVE|Last Respects|p2a: Pelipper
|-damage|p2a: Pelipper|15/100
|move|p1b: AGNI|Weather Ball|p2a: Pelipper
|-resisted|p2a: Pelipper|1
|-damage|p2a: Pelipper|0 fnt
|faint|p2a: Pelipper
|cant|p2b: Archaludon|slp
|
|-weather|SunnyDay|[upkeep]
|upkeep
|
|t:|1784217927
|switch|p2a: Grimmsnarl|Grimmsnarl, L50, M|100/100
|turn|5
|
|t:|1784217946
|move|p2a: Grimmsnarl|Reflect|p2a: Grimmsnarl
|-sidestart|p2: Jolt31|Reflect
|move|p1a: GHOSTWAVE|Last Respects|p2b: Archaludon
|-damage|p2b: Archaludon|71/100 slp
|-ability|p2b: Archaludon|Stamina|boost
|-boost|p2b: Archaludon|def|1
|move|p1b: AGNI|Weather Ball|p2b: Archaludon
|-damage|p2b: Archaludon|9/100 slp
|-ability|p2b: Archaludon|Stamina|boost
|-boost|p2b: Archaludon|def|1
|-curestatus|p2b: Archaludon|slp|[msg]
|move|p2b: Archaludon|Dragon Pulse|p1a: GHOSTWAVE
|-damage|p1a: GHOSTWAVE|80/100
|
|-weather|SunnyDay|[upkeep]
|-heal|p2b: Archaludon|15/100|[from] item: Leftovers
|upkeep
|turn|6
|
|t:|1784217962
|move|p2b: Archaludon|Protect|p2b: Archaludon
|-singleturn|p2b: Archaludon|Protect
|move|p2a: Grimmsnarl|Parting Shot|p1b: AGNI
|-unboost|p1b: AGNI|atk|1
|-unboost|p1b: AGNI|spa|1
|
|t:|1784217967
|switch|p2a: Swampert|Swampert, L50, F|100/100|[from] Parting Shot
|move|p1a: GHOSTWAVE|Last Respects|p2b: Archaludon
|-activate|p2b: Archaludon|move: Protect
|move|p1b: AGNI|Weather Ball|p2a: Swampert
|-resisted|p2a: Swampert|1
|-damage|p2a: Swampert|79/100
|
|-weather|SunnyDay|[upkeep]
|-heal|p2b: Archaludon|21/100|[from] item: Leftovers
|upkeep
|turn|7
|
|t:|1784217984
|switch|p2a: Grimmsnarl|Grimmsnarl, L50, M|100/100
|move|p1a: GHOSTWAVE|Last Respects|p2b: Archaludon
|-damage|p2b: Archaludon|5/100
|-ability|p2b: Archaludon|Stamina|boost
|-boost|p2b: Archaludon|def|1
|move|p1b: AGNI|Weather Ball|p2b: Archaludon
|-damage|p2b: Archaludon|0 fnt
|faint|p2b: Archaludon
|
|-weather|SunnyDay|[upkeep]
|upkeep
|
|t:|1784217995
|switch|p2b: Swampert|Swampert, L50, F|79/100
|turn|8
|inactive|Jolt31 has 30 seconds left.
|
|t:|1784218021
|detailschange|p2b: Swampert|Swampert-Mega, L50, F
|-mega|p2b: Swampert|Swampert|Swampertite
|move|p2b: Swampert|Protect|p2b: Swampert
|-singleturn|p2b: Swampert|Protect
|move|p1a: GHOSTWAVE|Last Respects|p2b: Swampert
|-activate|p2b: Swampert|move: Protect
|move|p1b: AGNI|Heat Wave|p2b: Swampert|[spread] p2a
|-activate|p2b: Swampert|move: Protect
|-damage|p2a: Grimmsnarl|71/100
|-status|p2a: Grimmsnarl|brn
|move|p2a: Grimmsnarl|Spirit Break|p1b: AGNI
|-resisted|p1b: AGNI|1
|-damage|p1b: AGNI|94/100
|-unboost|p1b: AGNI|spa|1
|
|-weather|none
|-damage|p2a: Grimmsnarl|65/100 brn|[from] brn
|-sideend|p1: lettitripppp|move: Light Screen
|-sideend|p2: Jolt31|move: Light Screen
|upkeep
|turn|9
|inactive|Jolt31 has 30 seconds left.
|
|t:|1784218054
|switch|p1b: GO JOHAN|Grimmsnarl, L50, M, shiny|100/100
|move|p2a: Grimmsnarl|Light Screen|p2a: Grimmsnarl
|-sidestart|p2: Jolt31|move: Light Screen
|move|p1a: GHOSTWAVE|Last Respects|p2b: Swampert
|-crit|p2b: Swampert
|-damage|p2b: Swampert|9/100
|move|p2b: Swampert|Earthquake|p1a: GHOSTWAVE|[spread] p2a,p1a,p1b
|-damage|p2a: Grimmsnarl|38/100 brn
|-damage|p1a: GHOSTWAVE|46/100
|-damage|p1b: GO JOHAN|73/100
|
|-damage|p2a: Grimmsnarl|32/100 brn|[from] brn
|-sideend|p1: lettitripppp|Reflect
|upkeep
|turn|10
|-message|Jolt31 forfeited.
|
|win|lettitripppp
|l|☆Jolt31
|player|p2|
||Jolt31 is ready for game 3.
||lettitripppp is ready for game 3.
|uhtml|next|Next: Game 3 of 3
