|j|☆Bergmann VGC
|j|☆nontelo
|html|Bergmann VGCnontelo    
|uhtml|bestof|Game 2 of a best-of-3
|t:|1754838138
|gametype|doubles
|player|p1|Bergmann VGC|roark|1271
|player|p2|nontelo|cress|1382
|gen|9
|tier|[Gen 9] VGC 2025 Reg H (Bo3)
|rated|
|rule|Species Clause: Limit one of each Pokémon
|rule|Item Clause: Limit 1 of each item
|clearpoke
|poke|p1|Charizard, L50, M|
|poke|p1|Torkoal, L50, M|
|poke|p1|Porygon2, L50|
|poke|p1|Incineroar, L50, M|
|poke|p1|Jumpluff, L50, M|
|poke|p1|Ursaluna, L50, M|
|poke|p2|Tyranitar, L50, M|
|poke|p2|Excadrill, L50, M|
|poke|p2|Kommo-o, L50, M|
|poke|p2|Corviknight, L50, M|
|poke|p2|Incineroar, L50, M|
|poke|p2|Amoonguss, L50, M|
|teampreview|4
|showteam|p1|Charizard||ChoiceSpecs|SolarPower|HeatWave,Overheat,WeatherBall,AirSlash|||M|||50|,,,,,Ghost]Torkoal||EjectPack|Drought|Eruption,Overheat,HelpingHand,Protect|||M|||50|,,,,,Fire]Porygon2||Eviolite|Download|TeraBlast,IceBeam,Recover,TrickRoom||||||50|,,,,,Fighting]Incineroar||SafetyGoggles|Intimidate|FlareBlitz,KnockOff,FakeOut,PartingShot|||M|||50|,,,,,Ghost]Jumpluff||CovertCloak|Chlorophyll|SleepPowder,SunnyDay,RagePowder,Tailwind|||M|||50|,,,,,Water]Ursaluna||FlameOrb|Guts|HeadlongRush,Facade,Earthquake,Protect|||M|||50|,,,,,Ghost
|showteam|p2|Tyranitar||ChoiceScarf|SandStream|RockSlide,KnockOff,LowKick,TeraBlast|||M|||50|,,,,,Flying]Excadrill||FocusSash|SandRush|Earthquake,HighHorsepower,IronHead,Protect|||M|||50|,,,,,Ghost]Kommo-o||ThroatSpray|Overcoat|ClangingScales,ClangorousSoul,FlashCannon,Protect|||M|||50|,,,,,Steel]Corviknight||SitrusBerry|MirrorArmor|BraveBird,Tailwind,Roost,Protect|||M|||50|,,,,,Dragon]Incineroar||SafetyGoggles|Intimidate|FlareBlitz,KnockOff,PartingShot,FakeOut|||M|||50|,,,,,Ghost]Amoonguss||CovertCloak|Regenerator|Spore,SludgeBomb,PollenPuff,RagePowder|||M|||50|,,,,,Water
|inactive|Battle timer is ON: inactive players will automatically lose when time's up. (requested by nontelo)
|
|t:|1754838151
|teamsize|p1|4
|teamsize|p2|4
|start
|switch|p1a: Porygon2|Porygon2, L50|100/100
|switch|p1b: Incineroar|Incineroar, L50, M|100/100
|switch|p2a: Kommo-o|Kommo-o, L50, M|100/100
|switch|p2b: Tyranitar|Tyranitar, L50, M|100/100
|-weather|Sandstorm|[from] ability: Sand Stream|[of] p2b: Tyranitar
|-ability|p1b: Incineroar|Intimidate|boost
|-unboost|p2a: Kommo-o|atk|1
|-unboost|p2b: Tyranitar|atk|1
|-ability|p1a: Porygon2|Download|boost
|-boost|p1a: Porygon2|spa|1
|turn|1
|
|t:|1754838171
|switch|p2b: Amoonguss|Amoonguss, L50, M|100/100
|move|p1b: Incineroar|Fake Out|p2b: Amoonguss
|-damage|p2b: Amoonguss|91/100
|move|p2a: Kommo-o|Clangorous Soul|p2a: Kommo-o
|-boost|p2a: Kommo-o|atk|1
|-boost|p2a: Kommo-o|def|1
|-boost|p2a: Kommo-o|spa|1
|-boost|p2a: Kommo-o|spd|1
|-boost|p2a: Kommo-o|spe|1
|-damage|p2a: Kommo-o|68/100
|-enditem|p2a: Kommo-o|Throat Spray
|-boost|p2a: Kommo-o|spa|1|[from] item: Throat Spray
|move|p1a: Porygon2|Trick Room|p1a: Porygon2
|-fieldstart|move: Trick Room|[of] p1a: Porygon2
|
|-weather|Sandstorm|[upkeep]
|-damage|p2b: Amoonguss|85/100|[from] Sandstorm
|-damage|p1a: Porygon2|94/100|[from] Sandstorm
|upkeep
|turn|2
|inactive|nontelo has 30 seconds left.
|
|t:|1754838196
|-terastallize|p2b: Amoonguss|Water
|move|p2b: Amoonguss|Spore|p1a: Porygon2
|-status|p1a: Porygon2|slp|[from] move: Spore
|cant|p1a: Porygon2|slp
|move|p1b: Incineroar|Parting Shot|p2a: Kommo-o
|-unboost|p2a: Kommo-o|atk|1
|-unboost|p2a: Kommo-o|spa|1
|
|t:|1754838206
|switch|p1b: Ursaluna|Ursaluna, L50, M|100/100|[from] Parting Shot
|move|p2a: Kommo-o|Clanging Scales|p1b: Ursaluna|[spread] p1a,p1b
|-damage|p1a: Porygon2|61/100 slp
|-damage|p1b: Ursaluna|48/100
|-unboost|p2a: Kommo-o|def|1
|
|-weather|Sandstorm|[upkeep]
|-damage|p2b: Amoonguss|79/100|[from] Sandstorm
|-damage|p1a: Porygon2|55/100 slp|[from] Sandstorm
|-status|p1b: Ursaluna|brn|[from] item: Flame Orb
|upkeep
|turn|3
|inactive|Bergmann VGC has 30 seconds left.
|
|t:|1754838234
|switch|p1a: Incineroar|Incineroar, L50, M|100/100
|-ability|p1a: Incineroar|Intimidate|boost
|-unboost|p2a: Kommo-o|atk|1
|-unboost|p2b: Amoonguss|atk|1
|move|p1b: Ursaluna|Protect|p1b: Ursaluna
|-singleturn|p1b: Ursaluna|Protect
|move|p2b: Amoonguss|Rage Powder|p2b: Amoonguss
|-singleturn|p2b: Amoonguss|move: Rage Powder
|move|p2a: Kommo-o|Clanging Scales|p1a: Incineroar|[spread] p1a
|-activate|p1b: Ursaluna|move: Protect
|-damage|p1a: Incineroar|48/100
|-unboost|p2a: Kommo-o|def|1
|
|-weather|Sandstorm|[upkeep]
|-damage|p2b: Amoonguss|73/100|[from] Sandstorm
|-damage|p1b: Ursaluna|42/100 brn|[from] brn
|upkeep
|turn|4
|
|t:|1754838253
|move|p1a: Incineroar|Fake Out|p2a: Kommo-o
|-damage|p2a: Kommo-o|51/100
|move|p2b: Amoonguss|Rage Powder|p2b: Amoonguss
|-singleturn|p2b: Amoonguss|move: Rage Powder
|move|p1b: Ursaluna|Facade|p2b: Amoonguss
|-damage|p2b: Amoonguss|0 fnt
|faint|p2b: Amoonguss
|cant|p2a: Kommo-o|flinch
|
|-weather|Sandstorm|[upkeep]
|-damage|p1b: Ursaluna|36/100 brn|[from] brn
|upkeep
|
|t:|1754838256
|switch|p2b: Incineroar|Incineroar, L50, M|100/100
|-ability|p2b: Incineroar|Intimidate|boost
|-unboost|p1a: Incineroar|atk|1
|-unboost|p1b: Ursaluna|atk|1
|turn|5
|
|t:|1754838267
|switch|p1b: Porygon2|Porygon2, L50|55/100 slp
|-ability|p1b: Porygon2|Download|boost
|-boost|p1b: Porygon2|atk|1
|move|p2b: Incineroar|Fake Out|p1b: Porygon2
|-damage|p1b: Porygon2|48/100 slp
|move|p1a: Incineroar|Parting Shot|p2a: Kommo-o
|-unboost|p2a: Kommo-o|atk|1
|-unboost|p2a: Kommo-o|spa|1
|
|t:|1754838278
|switch|p1a: Torkoal|Torkoal, L50, M|100/100|[from] Parting Shot
|-weather|SunnyDay|[from] ability: Drought|[of] p1a: Torkoal
|move|p2a: Kommo-o|Clanging Scales|p1b: Porygon2|[spread] p1a,p1b
|-damage|p1a: Torkoal|56/100
|-damage|p1b: Porygon2|24/100 slp
|-unboost|p2a: Kommo-o|def|1
|
|-weather|SunnyDay|[upkeep]
|-fieldend|move: Trick Room
|upkeep
|turn|6
|inactive|nontelo has 30 seconds left.
|
|t:|1754838312
|move|p2a: Kommo-o|Clanging Scales|p1b: Porygon2|[spread] p1a,p1b
|-damage|p1a: Torkoal|6/100
|-damage|p1b: Porygon2|0 fnt
|faint|p1b: Porygon2
|-unboost|p2a: Kommo-o|def|1
|move|p2b: Incineroar|Parting Shot|p1a: Torkoal
|-unboost|p1a: Torkoal|atk|1
|-unboost|p1a: Torkoal|spa|1
|
|t:|1754838319
|switch|p2b: Tyranitar|Tyranitar, L50, M|100/100|[from] Parting Shot
|-weather|Sandstorm|[from] ability: Sand Stream|[of] p2b: Tyranitar
|move|p1a: Torkoal|Overheat|p2a: Kommo-o
|-resisted|p2a: Kommo-o
|-damage|p2a: Kommo-o|38/100
|-unboost|p1a: Torkoal|spa|2
|-enditem|p1a: Torkoal|Eject Pack
|
|t:|1754838322
|switch|p1a: Ursaluna|Ursaluna, L50, M|36/100 brn
|
|-weather|Sandstorm|[upkeep]
|-damage|p1a: Ursaluna|31/100 brn|[from] brn
|upkeep
|
|t:|1754838338
|switch|p1b: Torkoal|Torkoal, L50, M|6/100
|-weather|SunnyDay|[from] ability: Drought|[of] p1b: Torkoal
|turn|7
|
|t:|1754838354
|switch|p2b: Incineroar|Incineroar, L50, M|100/100
|-ability|p2b: Incineroar|Intimidate|boost
|-unboost|p1a: Ursaluna|atk|1
|-unboost|p1b: Torkoal|atk|1
|switch|p1b: Incineroar|Incineroar, L50, M|48/100
|-ability|p1b: Incineroar|Intimidate|boost
|-unboost|p2a: Kommo-o|atk|1
|-unboost|p2b: Incineroar|atk|1
|move|p1a: Ursaluna|Protect|p1a: Ursaluna
|-singleturn|p1a: Ursaluna|Protect
|move|p2a: Kommo-o|Clanging Scales|p1b: Incineroar|[spread] p1b
|-activate|p1a: Ursaluna|move: Protect
|-damage|p1b: Incineroar|14/100
|-unboost|p2a: Kommo-o|def|1
|
|-weather|SunnyDay|[upkeep]
|-damage|p1a: Ursaluna|25/100 brn|[from] brn
|upkeep
|turn|8
|
|t:|1754838374
|-terastallize|p1a: Ursaluna|Ghost
|move|p2a: Kommo-o|Protect|p2a: Kommo-o
|-singleturn|p2a: Kommo-o|Protect
|move|p1b: Incineroar|Fake Out|p2a: Kommo-o
|-activate|p2a: Kommo-o|move: Protect
|move|p2b: Incineroar|Fake Out|p1a: Ursaluna
|-immune|p1a: Ursaluna
|move|p1a: Ursaluna|Earthquake|p2a: Kommo-o|[spread] p1b,p2b
|-activate|p2a: Kommo-o|move: Protect
|-supereffective|p1b: Incineroar
|-supereffective|p2b: Incineroar
|-damage|p1b: Incineroar|0 fnt
|-damage|p2b: Incineroar|28/100
|faint|p1b: Incineroar
|
|-weather|SunnyDay|[upkeep]
|-damage|p1a: Ursaluna|19/100 brn|[from] brn
|upkeep
|
|t:|1754838379
|switch|p1b: Torkoal|Torkoal, L50, M|6/100
|turn|9
|-message|Bergmann VGC forfeited.
|
|win|nontelo
|raw|Bergmann VGC's rating: 1271 → 1254(-17 for losing)
|raw|nontelo's rating: 1382 → 1396(+14 for winning)
|l|☆nontelo
|player|p2|
