|j|☆spearow's nest
|j|☆wait for swarley
|html|spearow's nestwait for swarley    
|uhtml|bestof|Game 3 of a best-of-3
|t:|1756775437
|gametype|doubles
|player|p1|spearow's nest|lance|1330
|player|p2|wait for swarley|volo|1384
|gen|9
|tier|[Gen 9] VGC 2025 Reg H (Bo3)
|rated|
|rule|Species Clause: Limit one of each Pokémon
|rule|Item Clause: Limit 1 of each item
|clearpoke
|poke|p1|Dragonite, L50, M|
|poke|p1|Annihilape, L50, F|
|poke|p1|Glimmora, L50, F|
|poke|p1|Incineroar, L50, F|
|poke|p1|Dondozo, L50, M|
|poke|p1|Tatsugiri-Droopy, L50, F|
|poke|p2|Dachsbun, L50, M|
|poke|p2|Torkoal, L50, M|
|poke|p2|Typhlosion-Hisui, L50, F|
|poke|p2|Kingambit, L50, M|
|poke|p2|Rillaboom, L50, F|
|poke|p2|Zoroark-Hisui, L50, M|
|teampreview|4
|showteam|p1|Dragonite||LoadedDice|Multiscale|Protect,ScaleShot,Tailwind,Haze|||M|||50|,,,,,Fairy]Annihilape||SafetyGoggles|Defiant|DrainPunch,RageFist,FinalGambit,Coaching|||F|||50|,,,,,Fighting]Glimmora||PowerHerb|ToxicDebris|SpikyShield,MeteorBeam,SludgeBomb,PowerGem|||F|||50|,,,,,Grass]Incineroar||AssaultVest|Intimidate|FlareBlitz,KnockOff,FakeOut,Uturn|||F|||50|,,,,,Water]Dondozo||CovertCloak|Oblivious|Protect,WaveCrash,Earthquake,Substitute|||M|||50|,,,,,Dark]Tatsugiri-Droopy||ChoiceScarf|Commander|DracoMeteor,MuddyWater,IcyWind,DragonPulse|||F|||50|,,,,,Dragon
|showteam|p2|Dachsbun||Leftovers|WellBakedBody|BodyPress,Snarl,Rest,Yawn|||M|||50|,,,,,Steel]Torkoal||SitrusBerry|Drought|WeatherBall,Eruption,LavaPlume,Protect|||M|||50|,,,,,Fire]Typhlosion-Hisui||ChoiceScarf|Blaze|Eruption,ShadowBall,LavaPlume,Overheat|||F|||50|,,,,,Dark]Kingambit||SafetyGoggles|Defiant|SuckerPunch,Assurance,Protect,SwordsDance|||M|||50|,,,,,Dark]Rillaboom||AssaultVest|GrassySurge|FakeOut,GrassyGlide,WoodHammer,Uturn|||F|||50|,,,,,Grass]Zoroark-Hisui||ChoiceSpecs|Illusion|Snarl,BitterMalice,HyperVoice,HyperBeam|||M|||50|,,,,,Normal
|inactive|Battle timer is ON: inactive players will automatically lose when time's up. (requested by wait for swarley)
|
|t:|1756775458
|teamsize|p1|4
|teamsize|p2|4
|start
|switch|p1a: Glimmora|Glimmora, L50, F, shiny|100/100
|switch|p1b: Annihilape|Annihilape, L50, F|100/100
|switch|p2a: Typhlosion|Typhlosion-Hisui, L50, F|100/100
|switch|p2b: Kingambit|Kingambit, L50, M, shiny|100/100
|turn|1
|
|t:|1756775480
|move|p2a: Typhlosion|Eruption|p1a: Glimmora|[spread] p1a,p1b
|-resisted|p1a: Glimmora
|-damage|p1a: Glimmora|59/100
|-damage|p1b: Annihilape|42/100
|move|p2b: Kingambit|Bitter Malice|p1a: Glimmora
|-damage|p1a: Glimmora|0 fnt
|faint|p1a: Glimmora
|move|p1b: Annihilape|Drain Punch|p2b: Kingambit
|-immune|p2b: Kingambit
|
|upkeep
|
|t:|1756775498
|switch|p1a: Dondozo|Dondozo, L50, M|100/100
|turn|2
|
|t:|1756775519
|switch|p2b: Rillaboom|Rillaboom, L50, F, shiny|100/100
|-fieldstart|move: Grassy Terrain|[from] ability: Grassy Surge|[of] p2b: Rillaboom
|switch|p1b: Tatsugiri|Tatsugiri-Droopy, L50, F|100/100
|-activate|p1b: Tatsugiri|ability: Commander|[of] p1a: Dondozo
|-boost|p1a: Dondozo|atk|2
|-boost|p1a: Dondozo|spa|2
|-boost|p1a: Dondozo|spe|2
|-boost|p1a: Dondozo|def|2
|-boost|p1a: Dondozo|spd|2
|-terastallize|p1a: Dondozo|Dark
|move|p2a: Typhlosion|Eruption|p1a: Dondozo|[spread] p1a
|-miss|p2a: Typhlosion|p1b: Tatsugiri
|-damage|p1a: Dondozo|72/100
|move|p1a: Dondozo|Earthquake|p2a: Typhlosion|[spread] p2a,p2b
|-miss|p1a: Dondozo|p1b: Tatsugiri
|-supereffective|p2a: Typhlosion
|-resisted|p2b: Rillaboom
|-damage|p2a: Typhlosion|39/100
|-damage|p2b: Rillaboom|91/100
|
|-heal|p2a: Typhlosion|45/100|[from] Grassy Terrain
|-heal|p1a: Dondozo|78/100|[from] Grassy Terrain
|-heal|p2b: Rillaboom|97/100|[from] Grassy Terrain
|upkeep
|turn|3
|inactive|wait for swarley has 30 seconds left.
|
|t:|1756775544
|switch|p2a: Kingambit|Kingambit, L50, M, shiny|100/100
|-terastallize|p2b: Rillaboom|Grass
|move|p1a: Dondozo|Earthquake|p2a: Kingambit|[spread] p2a,p2b
|-miss|p1a: Dondozo|p1b: Tatsugiri
|-resisted|p2b: Rillaboom
|-damage|p2a: Kingambit|53/100
|-damage|p2b: Rillaboom|86/100
|replace|p2a: Zoroark|Zoroark-Hisui, L50, M, shiny
|-end|p2a: Zoroark|Illusion
|move|p2b: Rillaboom|Wood Hammer|p1a: Dondozo
|-damage|p1a: Dondozo|40/100
|-damage|p2b: Rillaboom|72/100|[from] Recoil
|
|-heal|p2a: Zoroark|59/100|[from] Grassy Terrain
|-heal|p1a: Dondozo|46/100|[from] Grassy Terrain
|-heal|p2b: Rillaboom|78/100|[from] Grassy Terrain
|upkeep
|turn|4
|inactive|wait for swarley has 30 seconds left.
|inactive|wait for swarley has 20 seconds left.
|
|t:|1756775582
|move|p1a: Dondozo|Protect|p1a: Dondozo
|-singleturn|p1a: Dondozo|Protect
|move|p2a: Zoroark|Bitter Malice|p1a: Dondozo
|-activate|p1a: Dondozo|move: Protect
|move|p2b: Rillaboom|U-turn|p1a: Dondozo
|-activate|p1a: Dondozo|move: Protect
|
|-heal|p2a: Zoroark|65/100|[from] Grassy Terrain
|-heal|p1a: Dondozo|52/100|[from] Grassy Terrain
|-heal|p2b: Rillaboom|84/100|[from] Grassy Terrain
|upkeep
|turn|5
|inactive|spearow's nest has 30 seconds left.
|
|t:|1756775613
|move|p2a: Zoroark|Bitter Malice|p1a: Dondozo
|-resisted|p1a: Dondozo
|-damage|p1a: Dondozo|39/100
|move|p1a: Dondozo|Earthquake|p2a: Zoroark|[spread] p2a,p2b
|-miss|p1a: Dondozo|p1b: Tatsugiri
|-resisted|p2b: Rillaboom
|-damage|p2a: Zoroark|17/100
|-damage|p2b: Rillaboom|73/100
|move|p2b: Rillaboom|U-turn|p1a: Dondozo
|-supereffective|p1a: Dondozo
|-damage|p1a: Dondozo|20/100
|
|t:|1756775626
|switch|p2b: Typhlosion|Typhlosion-Hisui, L50, F|45/100|[from] U-turn
|
|-heal|p2b: Typhlosion|51/100|[from] Grassy Terrain
|-heal|p2a: Zoroark|23/100|[from] Grassy Terrain
|-heal|p1a: Dondozo|26/100|[from] Grassy Terrain
|upkeep
|turn|6
|
|t:|1756775647
|move|p1a: Dondozo|Protect|p1a: Dondozo
|-singleturn|p1a: Dondozo|Protect
|move|p2b: Typhlosion|Overheat|p1a: Dondozo
|-activate|p1a: Dondozo|move: Protect
|move|p2a: Zoroark|Bitter Malice|p1a: Dondozo
|-activate|p1a: Dondozo|move: Protect
|
|-heal|p2b: Typhlosion|57/100|[from] Grassy Terrain
|-heal|p2a: Zoroark|29/100|[from] Grassy Terrain
|-heal|p1a: Dondozo|32/100|[from] Grassy Terrain
|-fieldend|move: Grassy Terrain
|upkeep
|turn|7
|
|t:|1756775660
|move|p2b: Typhlosion|Overheat|p1a: Dondozo|[miss]
|-miss|p2b: Typhlosion|p1a: Dondozo
|move|p2a: Zoroark|Bitter Malice|p1a: Dondozo
|-resisted|p1a: Dondozo
|-damage|p1a: Dondozo|18/100
|move|p1a: Dondozo|Earthquake|p2b: Typhlosion|[spread] p2a,p2b
|-miss|p1a: Dondozo|p1b: Tatsugiri
|-supereffective|p2b: Typhlosion
|-crit|p2b: Typhlosion
|-damage|p2a: Zoroark|0 fnt
|-damage|p2b: Typhlosion|0 fnt
|faint|p2a: Zoroark
|faint|p2b: Typhlosion
|
|upkeep
|
|t:|1756775672
|switch|p2a: Kingambit|Kingambit, L50, M, shiny|100/100
|switch|p2b: Rillaboom|Rillaboom, L50, F, shiny, tera:Grass|73/100
|-fieldstart|move: Grassy Terrain|[from] ability: Grassy Surge|[of] p2b: Rillaboom
|turn|8
|
|t:|1756775683
|move|p1a: Dondozo|Protect|p1a: Dondozo
|-singleturn|p1a: Dondozo|Protect
|move|p2b: Rillaboom|Fake Out|p1a: Dondozo
|-activate|p1a: Dondozo|move: Protect
|move|p2a: Kingambit|Swords Dance|p2a: Kingambit
|-boost|p2a: Kingambit|atk|2
|
|-heal|p1a: Dondozo|24/100|[from] Grassy Terrain
|-heal|p2b: Rillaboom|79/100|[from] Grassy Terrain
|upkeep
|turn|9
|
|t:|1756775699
|move|p1a: Dondozo|Wave Crash|p2a: Kingambit
|-damage|p2a: Kingambit|15/100
|-damage|p1a: Dondozo|0 fnt|[from] Recoil
|faint|p1a: Dondozo
|move|p2b: Rillaboom|Wood Hammer|p1b: Tatsugiri
|-damage|p1b: Tatsugiri|0 fnt
|faint|p1b: Tatsugiri
|-damage|p2b: Rillaboom|56/100|[from] Recoil
|move|p2a: Kingambit|Assurance|p1: Dondozo|[notarget]
|-fail|p2a: Kingambit
|
|-heal|p2b: Rillaboom|62/100|[from] Grassy Terrain
|-heal|p2a: Kingambit|21/100|[from] Grassy Terrain
|upkeep
|
|t:|1756775706
|switch|p1b: Annihilape|Annihilape, L50, F|42/100
|turn|10
|
|t:|1756775731
|move|p2a: Kingambit|Sucker Punch|p1b: Annihilape
|-damage|p1b: Annihilape|0 fnt
|faint|p1b: Annihilape
|
|win|wait for swarley
|raw|spearow's nest's rating: 1330 → 1313(-17 for losing)
|raw|wait for swarley's rating: 1384 → 1401(+17 for winning)
