|j|☆lexerthanatauros
|j|☆Cool account name
|html|lexerthanataurosCool account name    
|uhtml|bestof|Game 2 of a best-of-3
|t:|1757823903
|gametype|doubles
|player|p1|lexerthanatauros|lucas|1095
|player|p2|Cool account name|leon-tower|1024
|gen|9
|tier|[Gen 9] VGC 2025 Reg H (Bo3)
|rated|
|rule|Species Clause: Limit one of each Pokémon
|rule|Item Clause: Limit 1 of each item
|clearpoke
|poke|p1|Kommo-o, L50, M|
|poke|p1|Typhlosion-Hisui, L50, F|
|poke|p1|Jumpluff, L50, M|
|poke|p1|Torkoal, L50, F|
|poke|p1|Indeedee-F, L50, F|
|poke|p1|Hatterene, L50, F|
|poke|p2|Dondozo, L50, F|
|poke|p2|Tatsugiri, L50, F|
|poke|p2|Indeedee, L50, M|
|poke|p2|Garchomp, L50, F|
|poke|p2|Gholdengo, L50|
|poke|p2|Murkrow, L50, M|
|teampreview|4
|showteam|p1|Kommo-o||ThroatSpray|Overcoat|ClangorousSoul,ClangingScales,AuraSphere,Protect|||M|||50|,,,,,Dragon]Typhlosion-Hisui||ChoiceScarf|Blaze|Eruption,HeatWave,ShadowBall,Overheat|||F|||50|,,,,,Fire]Jumpluff||CovertCloak|Chlorophyll|RagePowder,SleepPowder,Tailwind,StrengthSap|||M|||50|,,,,,Steel]Torkoal||EjectPack|Drought|Eruption,Overheat,HelpingHand,Protect|||F|||50|,,,,,Fire]Indeedee-F||PsychicSeed|PsychicSurge|TrickRoom,HelpingHand,FollowMe,DazzlingGleam|||F|||50|,,,,,Fairy]Hatterene||LifeOrb|MagicBounce|TrickRoom,ExpandingForce,DazzlingGleam,Protect|||F|||50|,,,,,Psychic
|showteam|p2|Dondozo||Leftovers|Unaware|OrderUp,Earthquake,WaveCrash,Protect|||F|||50|,,,,,Grass]Tatsugiri||FocusSash|Commander|DracoMeteor,MuddyWater,IcyWind,Protect|||F|||50|,,,,,Stellar]Indeedee||ChoiceScarf|PsychicSurge|ExpandingForce,Trick,AfterYou,HyperVoice|||M|||50|,,,,,Psychic]Garchomp||LifeOrb|RoughSkin|Earthquake,StompingTantrum,DragonClaw,Protect|||F|||50|,,,,,Ground]Gholdengo||ChoiceSpecs|GoodasGold|MakeItRain,ShadowBall,SteelBeam,Thunderbolt||||||50|,,,,,Steel]Murkrow||Eviolite|Prankster|FoulPlay,Tailwind,Quash,Haze|||M|||50|,,,,,Ghost
|inactive|Battle timer is ON: inactive players will automatically lose when time's up. (requested by Cool account name)
|inactive|lexerthanatauros has 60 seconds left.
|
|t:|1757823934
|teamsize|p1|4
|teamsize|p2|4
|start
|switch|p1a: Jumpluff|Jumpluff, L50, M|100/100
|switch|p1b: Hatterene|Hatterene, L50, F|100/100
|switch|p2a: Gholdengo|Gholdengo, L50|100/100
|switch|p2b: Indeedee|Indeedee, L50, M|100/100
|-fieldstart|move: Psychic Terrain|[from] ability: Psychic Surge|[of] p2b: Indeedee
|turn|1
|inactive|Cool account name has 30 seconds left.
|
|t:|1757823964
|-terastallize|p1a: Jumpluff|Steel
|-terastallize|p2a: Gholdengo|Steel
|move|p2b: Indeedee|Expanding Force|p1b: Hatterene|[spread] p1a,p1b
|-resisted|p1a: Jumpluff
|-resisted|p1b: Hatterene
|-damage|p1a: Jumpluff|72/100
|-damage|p1b: Hatterene|68/100
|move|p1a: Jumpluff|Sleep Powder|p2a: Gholdengo
|-immune|p2a: Gholdengo|[from] ability: Good as Gold
|move|p2a: Gholdengo|Make It Rain|p1a: Jumpluff|[spread] p1a,p1b
|-resisted|p1a: Jumpluff
|-supereffective|p1b: Hatterene
|-damage|p1a: Jumpluff|24/100
|-damage|p1b: Hatterene|0 fnt
|-unboost|p2a: Gholdengo|spa|1
|faint|p1b: Hatterene
|
|upkeep
|
|t:|1757823979
|switch|p1b: Typhlosion|Typhlosion-Hisui, L50, F|100/100
|turn|2
|
|t:|1757823987
|move|p1b: Typhlosion|Eruption|p2b: Indeedee|[spread] p2a,p2b
|-supereffective|p2a: Gholdengo
|-damage|p2a: Gholdengo|0 fnt
|-damage|p2b: Indeedee|18/100
|faint|p2a: Gholdengo
|move|p2b: Indeedee|Expanding Force|p1a: Jumpluff|[spread] p1a,p1b
|-resisted|p1a: Jumpluff
|-damage|p1a: Jumpluff|0 fnt
|-damage|p1b: Typhlosion|21/100
|faint|p1a: Jumpluff
|
|upkeep
|
|t:|1757823994
|switch|p1a: Kommo-o|Kommo-o, L50, M|100/100
|switch|p2a: Dondozo|Dondozo, L50, F|100/100
|turn|3
|
|t:|1757824010
|move|p1b: Typhlosion|Eruption|p2b: Indeedee|[spread] p2a,p2b
|-resisted|p2a: Dondozo
|-damage|p2a: Dondozo|93/100
|-damage|p2b: Indeedee|0 fnt
|faint|p2b: Indeedee
|move|p1a: Kommo-o|Clangorous Soul|p1a: Kommo-o
|-boost|p1a: Kommo-o|atk|1
|-boost|p1a: Kommo-o|def|1
|-boost|p1a: Kommo-o|spa|1
|-boost|p1a: Kommo-o|spd|1
|-boost|p1a: Kommo-o|spe|1
|-damage|p1a: Kommo-o|68/100
|-enditem|p1a: Kommo-o|Throat Spray
|-boost|p1a: Kommo-o|spa|1|[from] item: Throat Spray
|move|p2a: Dondozo|Order Up|p1a: Kommo-o
|-supereffective|p1a: Kommo-o
|-damage|p1a: Kommo-o|26/100
|
|-heal|p2a: Dondozo|99/100|[from] item: Leftovers
|upkeep
|
|t:|1757824014
|switch|p2b: Tatsugiri|Tatsugiri, L50, F, shiny|100/100
|-activate|p2b: Tatsugiri|ability: Commander|[of] p2a: Dondozo
|-boost|p2a: Dondozo|atk|2
|-boost|p2a: Dondozo|spa|2
|-boost|p2a: Dondozo|spe|2
|-boost|p2a: Dondozo|def|2
|-boost|p2a: Dondozo|spd|2
|turn|4
|
|t:|1757824034
|move|p1a: Kommo-o|Protect|p1a: Kommo-o
|-singleturn|p1a: Kommo-o|Protect
|move|p1b: Typhlosion|Eruption|p2a: Dondozo|[spread] p2a
|-miss|p1b: Typhlosion|p2b: Tatsugiri
|-resisted|p2a: Dondozo
|-damage|p2a: Dondozo|96/100
|move|p2a: Dondozo|Earthquake|p1a: Kommo-o|[spread] p1b
|-miss|p2a: Dondozo|p2b: Tatsugiri
|-activate|p1a: Kommo-o|move: Protect
|-supereffective|p1b: Typhlosion
|-damage|p1b: Typhlosion|0 fnt
|faint|p1b: Typhlosion
|
|-heal|p2a: Dondozo|100/100|[from] item: Leftovers
|upkeep
|turn|5
|
|t:|1757824045
|move|p1a: Kommo-o|Clanging Scales|p2b: Tatsugiri|[spread] p2a
|-miss|p1a: Kommo-o|p2b: Tatsugiri
|-damage|p2a: Dondozo|85/100
|-unboost|p1a: Kommo-o|def|1
|move|p2a: Dondozo|Order Up|p1a: Kommo-o
|-supereffective|p1a: Kommo-o
|-damage|p1a: Kommo-o|0 fnt
|faint|p1a: Kommo-o
|
|win|Cool account name
|raw|lexerthanatauros's rating: 1095 → 1066(-29 for losing)
|raw|Cool account name's rating: 1024 → 1068(+44 for winning)
|l|☆lexerthanatauros
|player|p1|
