|j|☆jschloe
|j|☆Cheesetalking
|html|jschloeCheesetalking    
|uhtml|bestof|Game 2 of a best-of-3
|t:|1785595801
|gametype|doubles
|player|p1|jschloe|hoopster|
|player|p2|Cheesetalking|170|
|gen|9
|tier|[Gen 9 Champions] VGC 2026 Reg M-B (Bo3)
|rule|Species Clause: Limit one of each Pokémon
|rule|Item Clause: Limit 1 of each item
|clearpoke
|poke|p1|Sableye, L50, F|
|poke|p1|Aerodactyl, L50, F|
|poke|p1|Raichu, L50, F|
|poke|p1|Sylveon, L50, F|
|poke|p1|Swampert, L50, M|
|poke|p1|Wyrdeer, L50, F|
|poke|p2|Staraptor, L50, F|
|poke|p2|Grimmsnarl, L50, M, shiny|
|poke|p2|Tinkaton, L50, F|
|poke|p2|Garchomp, L50, F|
|poke|p2|Luxray, L50, F|
|poke|p2|Gyarados, L50, M, shiny|
|teampreview|4
|showteam|p1|Sableye||LightClay|Prankster|FakeOut,WillOWisp,Reflect,Recover|Impish||F|||50|]Aerodactyl||FocusSash|Unnerve|RockSlide,Taunt,Tailwind,Protect|Jolly||F|||50|]Raichu||Magnet|LightningRod|Thunderbolt,FakeOut,Nuzzle,Protect|Timid||F|||50|]Sylveon||FairyFeather|Pixilate|HyperVoice,QuickAttack,Protect,Yawn|Modest||F|||50|]Swampert||LifeOrb|Torrent|Earthquake,Liquidation,IcePunch,WideGuard|Adamant||M|||50|]Wyrdeer||SitrusBerry|Intimidate|TrickRoom,Psychic,HelpingHand,Protect|Bold||F|||50|
|showteam|p2|Staraptor||Staraptite|Intimidate|Protect,Tailwind,BraveBird,SteelWing|Jolly||F|||50|]Grimmsnarl||LightClay|Prankster|ScaryFace,LightScreen,FakeOut,Reflect|Careful||M|||50|]Tinkaton|||Pickpocket|Protect,GigatonHammer,Encore,WoodHammer|Adamant||F|||50|]Garchomp||Garchompite|RoughSkin|Protect,RockSlide,Earthquake,ScaleShot|Adamant||F|||50|]Luxray||SitrusBerry|Intimidate|Electroweb,WildCharge,VoltSwitch,FireFang|Adamant||F|||50|]Gyarados||MysticWater|Intimidate|RainDance,Protect,Waterfall,HelpingHand|Adamant||M|||50|
|
|t:|1785595863
|teamsize|p1|4
|teamsize|p2|4
|start
|switch|p1a: Sylveon|Sylveon, L50, F|100/100
|switch|p1b: Raichu|Raichu, L50, F|100/100
|switch|p2a: Big Chompa|Garchomp, L50, F|100/100
|switch|p2b: Bird Killa|Tinkaton, L50, F|100/100
|turn|1
|
|t:|1785595903
|move|p1b: Raichu|Fake Out|p2b: Bird Killa
|-resisted|p2b: Bird Killa|1
|-damage|p2b: Bird Killa|95/100
|-enditem|p1b: Raichu|Magnet|[silent]|[from] ability: Pickpocket|[of] p1b: Raichu
|-item|p2b: Bird Killa|Magnet|[from] ability: Pickpocket|[of] p1b: Raichu
|cant|p2b: Bird Killa|flinch
|move|p2a: Big Chompa|Rock Slide|p1b: Raichu|[spread] p1a,p1b
|-damage|p1a: Sylveon|72/100
|-damage|p1b: Raichu|59/100
|move|p1a: Sylveon|Hyper Voice|p2a: Big Chompa|[spread] p2a,p2b
|-supereffective|p2a: Big Chompa|1
|-resisted|p2b: Bird Killa|1
|-damage|p2a: Big Chompa|12/100
|-damage|p2b: Bird Killa|73/100
|
|upkeep
|turn|2
|
|t:|1785595936
|move|p2b: Bird Killa|Protect|p2b: Bird Killa
|-singleturn|p2b: Bird Killa|Protect
|move|p1a: Sylveon|Protect|p1a: Sylveon
|-singleturn|p1a: Sylveon|Protect
|move|p1b: Raichu|Nuzzle|p2b: Bird Killa
|-activate|p2b: Bird Killa|move: Protect
|move|p2a: Big Chompa|Earthquake|p1b: Raichu|[spread] p1b
|-activate|p2b: Bird Killa|move: Protect
|-activate|p1a: Sylveon|move: Protect
|-supereffective|p1b: Raichu|1
|-damage|p1b: Raichu|0 fnt
|faint|p1b: Raichu
|
|upkeep
|
|t:|1785595951
|switch|p1b: Aerodactyl|Aerodactyl, L50, F|100/100
|-ability|p1b: Aerodactyl|Unnerve
|turn|3
|
|t:|1785595975
|move|p1b: Aerodactyl|Protect|p1b: Aerodactyl
|-singleturn|p1b: Aerodactyl|Protect
|move|p2a: Big Chompa|Protect|p2a: Big Chompa
|-singleturn|p2a: Big Chompa|Protect
|move|p2b: Bird Killa|Gigaton Hammer|p1b: Aerodactyl
|-activate|p1b: Aerodactyl|move: Protect
|move|p1a: Sylveon|Hyper Voice|p2a: Big Chompa|[spread] p2b
|-activate|p2a: Big Chompa|move: Protect
|-resisted|p2b: Bird Killa|1
|-damage|p2b: Bird Killa|49/100
|
|upkeep
|turn|4
|
|t:|1785596037
|move|p2b: Bird Killa|Protect|p2b: Bird Killa
|-singleturn|p2b: Bird Killa|Protect
|move|p1b: Aerodactyl|Tailwind|p1b: Aerodactyl
|-sidestart|p1: jschloe|move: Tailwind
|move|p1a: Sylveon|Hyper Voice|p2a: Big Chompa|[spread] p2a
|-activate|p2b: Bird Killa|move: Protect
|-supereffective|p2a: Big Chompa|1
|-damage|p2a: Big Chompa|0 fnt
|faint|p2a: Big Chompa
|
|upkeep
|
|t:|1785596051
|switch|p2a: Starbitch|Staraptor, L50, F|100/100
|-ability|p2a: Starbitch|Intimidate|boost
|-unboost|p1a: Sylveon|atk|1
|-unboost|p1b: Aerodactyl|atk|1
|turn|5
|
|t:|1785596081
|move|p1b: Aerodactyl|Rock Slide|p2b: Bird Killa|[spread] p2a,p2b
|-supereffective|p2a: Starbitch|1
|-resisted|p2b: Bird Killa|1
|-damage|p2a: Starbitch|49/100
|-damage|p2b: Bird Killa|39/100
|move|p1a: Sylveon|Hyper Voice|p2a: Starbitch|[spread] p2a,p2b
|-resisted|p2b: Bird Killa|1
|-damage|p2a: Starbitch|0 fnt
|-damage|p2b: Bird Killa|16/100
|faint|p2a: Starbitch
|move|p2b: Bird Killa|Gigaton Hammer|p1a: Sylveon
|-supereffective|p1a: Sylveon|1
|-damage|p1a: Sylveon|0 fnt
|faint|p1a: Sylveon
|
|upkeep
|
|t:|1785596095
|switch|p2a: Grimmy Boy|Grimmsnarl, L50, M, shiny|100/100
|switch|p1a: Swampert|Swampert, L50, M|100/100
|turn|6
|
|t:|1785596122
|move|p2b: Bird Killa|Protect|p2b: Bird Killa
|-singleturn|p2b: Bird Killa|Protect
|move|p2a: Grimmy Boy|Fake Out|p1a: Swampert
|-damage|p1a: Swampert|88/100
|move|p1b: Aerodactyl|Taunt|p2a: Grimmy Boy
|-start|p2a: Grimmy Boy|move: Taunt
|cant|p1a: Swampert|flinch
|
|upkeep
|turn|7
|
|t:|1785596144
|move|p1b: Aerodactyl|Rock Slide|p2a: Grimmy Boy|[spread] p2a,p2b
|-resisted|p2b: Bird Killa|1
|-damage|p2a: Grimmy Boy|77/100
|-damage|p2b: Bird Killa|6/100
|move|p1a: Swampert|Earthquake|p2b: Bird Killa|[spread] p2a,p2b
|-immune|p1b: Aerodactyl
|-supereffective|p2b: Bird Killa|1
|-damage|p2a: Grimmy Boy|24/100
|-damage|p2b: Bird Killa|0 fnt
|faint|p2b: Bird Killa
|-damage|p1a: Swampert|78/100|[from] item: Life Orb
|cant|p2a: Grimmy Boy|flinch
|
|-sideend|p1: jschloe|move: Tailwind
|upkeep
|turn|8
|
|t:|1785596166
|move|p1b: Aerodactyl|Tailwind|p1b: Aerodactyl
|-sidestart|p1: jschloe|move: Tailwind
|move|p1a: Swampert|Earthquake|p2a: Grimmy Boy|[spread] p2a
|-immune|p1b: Aerodactyl
|-damage|p2a: Grimmy Boy|0 fnt
|faint|p2a: Grimmy Boy
|-damage|p1a: Swampert|69/100|[from] item: Life Orb
|
|win|jschloe
