|j|☆Mundeivid
|j|☆panadero_fuego
|html|Mundeividpanadero_fuego    
|uhtml|bestof|Game 1 of a best-of-3
|t:|1785163349
|gametype|doubles
|player|p1|Mundeivid|benga|
|player|p2|panadero_fuego|101|
|gen|9
|tier|[Gen 9 Champions] VGC 2026 Reg M-B (Bo3)
|rule|Species Clause: Limit one of each Pokémon
|rule|Item Clause: Limit 1 of each item
|clearpoke
|poke|p1|Garchomp, L50, F|
|poke|p1|Hydreigon, L50, M|
|poke|p1|Blastoise, L50, M|
|poke|p1|Metagross, L50|
|poke|p1|Meowstic, L50, M|
|poke|p1|Glimmora, L50, M|
|poke|p2|Vivillon-Sandstorm, L50, M|
|poke|p2|Farigiraf, L50, F|
|poke|p2|Staraptor, L50, M|
|poke|p2|Pyroar, L50, M|
|poke|p2|Torkoal, L50, M|
|poke|p2|Lycanroc-Dusk, L50, F|
|teampreview|4
|showteam|p1|Garchomp||LifeOrb|RoughSkin|Earthquake,DragonClaw,RockSlide,Protect|Jolly||F|||50|]Hydreigon||RoseliBerry|Levitate|DracoMeteor,DarkPulse,HeatWave,Tailwind|Timid||M|||50|]Blastoise||Blastoisinite|RainDish|WaterSpout,IceBeam,ShellSmash,Protect|Modest||M|||50|]Metagross||ChoiceScarf|ClearBody|IronHead,PsychicFangs,IcePunch,RockSlide|Jolly|||||50|]Meowstic||SitrusBerry|Prankster|FakeOut,RainDance,ThunderWave,FakeTears|Careful||M|||50|]Glimmora||Glimmoranite|ToxicDebris|PowerGem,SludgeWave,SpikyShield,EarthPower|Timid||M|||50|
|showteam|p2|Vivillon-Sandstorm||FocusSash|CompoundEyes|Tailwind,SunnyDay,SleepPowder,RagePowder|Timid||M|||50|]Farigiraf||SitrusBerry|ArmorTail|Psychic,DazzlingGleam,HelpingHand,Protect|Bold||F|||50|]Staraptor||Staraptite|Intimidate|CloseCombat,BraveBird,DualWingbeat,Protect|Jolly||M|||50|]Pyroar||Pyroarite|Unnerve|HeatWave,Flamethrower,Overheat,Protect|Modest||M|||50|]Torkoal||HeatRock|Drought|Yawn,ScorchingSands,HelpingHand,Protect|Bold||M|||50|]Lycanroc-Dusk||ChoiceScarf|ToughClaws|Accelerock,RockSlide,CloseCombat,StompingTantrum|Adamant||F|||50|
|inactive|Battle timer is ON: inactive players will automatically lose when time's up. (requested by panadero_fuego)
|inactive|Mundeivid has 60 seconds left.
|inactive|panadero_fuego has 60 seconds left.
|
|t:|1785163401
|teamsize|p1|4
|teamsize|p2|4
|start
|switch|p1a: Metagross|Metagross, L50|100/100
|switch|p1b: Meowstic|Meowstic, L50, M|100/100
|switch|p2a: Vivillon|Vivillon-Sandstorm, L50, M|100/100
|switch|p2b: Staraptor|Staraptor, L50, M|100/100
|-ability|p2b: Staraptor|Intimidate|boost
|-fail|p1a: Metagross|unboost|[from] ability: Clear Body|[of] p1a: Metagross
|-unboost|p1b: Meowstic|atk|1
|turn|1
|inactive|Mundeivid has 30 seconds left.
|inactive|panadero_fuego has 30 seconds left.
|inactive|Mundeivid has 20 seconds left.
|
|t:|1785163440
|move|p2b: Staraptor|Protect|p2b: Staraptor
|-singleturn|p2b: Staraptor|Protect
|move|p1b: Meowstic|Fake Out|p2a: Vivillon
|-damage|p2a: Vivillon|92/100
|move|p1a: Metagross|Rock Slide|p2a: Vivillon|[spread] p2a
|-activate|p2b: Staraptor|move: Protect
|-supereffective|p2a: Vivillon|2
|-damage|p2a: Vivillon|0 fnt
|faint|p2a: Vivillon
|
|upkeep
|j| dondiri
|
|t:|1785163462
|switch|p2a: Lycanroc|Lycanroc-Dusk, L50, F|100/100
|turn|2
|l| dondiri
|
|t:|1785163485
|detailschange|p2b: Staraptor|Staraptor-Mega, L50, M
|-mega|p2b: Staraptor|Staraptor|Staraptite
|move|p1b: Meowstic|Thunder Wave|p2a: Lycanroc
|-status|p2a: Lycanroc|par
|move|p1a: Metagross|Rock Slide|p2a: Lycanroc|[spread] p2a,p2b
|-damage|p2a: Lycanroc|69/100 par
|-damage|p2b: Staraptor|78/100
|move|p2b: Staraptor|Close Combat|p1a: Metagross
|-damage|p1a: Metagross|36/100
|-boost|p2b: Staraptor|def|1
|-boost|p2b: Staraptor|spd|1
|move|p2a: Lycanroc|Stomping Tantrum|p1a: Metagross
|-supereffective|p1a: Metagross|1
|-damage|p1a: Metagross|0 fnt
|faint|p1a: Metagross
|
|upkeep
|
|t:|1785163506
|switch|p1a: Blastoise|Blastoise, L50, M|100/100
|turn|3
|
|t:|1785163522
|switch|p2a: Farigiraf|Farigiraf, L50, F|100/100
|detailschange|p1a: Blastoise|Blastoise-Mega, L50, M
|-mega|p1a: Blastoise|Blastoise|Blastoisinite
|move|p1b: Meowstic|Thunder Wave||[still]
|cant|p2a: Farigiraf|ability: Armor Tail|Thunder Wave|[of] p1b: Meowstic
|move|p2b: Staraptor|Close Combat|p1a: Blastoise
|-damage|p1a: Blastoise|34/100
|-boost|p2b: Staraptor|def|1
|-boost|p2b: Staraptor|spd|1
|move|p1a: Blastoise|Shell Smash|p1a: Blastoise
|-unboost|p1a: Blastoise|def|1
|-unboost|p1a: Blastoise|spd|1
|-boost|p1a: Blastoise|atk|2
|-boost|p1a: Blastoise|spa|2
|-boost|p1a: Blastoise|spe|2
|
|upkeep
|turn|4
|inactive|Mundeivid has 30 seconds left.
|
|t:|1785163552
|move|p2b: Staraptor|Protect|p2b: Staraptor
|-singleturn|p2b: Staraptor|Protect
|move|p1b: Meowstic|Fake Tears||[still]
|cant|p2a: Farigiraf|ability: Armor Tail|Fake Tears|[of] p1b: Meowstic
|move|p1a: Blastoise|Ice Beam|p2b: Staraptor
|-activate|p2b: Staraptor|move: Protect
|move|p2a: Farigiraf|Psychic|p1a: Blastoise
|-damage|p1a: Blastoise|0 fnt
|faint|p1a: Blastoise
|
|upkeep
|
|t:|1785163564
|switch|p1a: Garchomp|Garchomp, L50, F|100/100
|turn|5
|
|t:|1785163585
|move|p1b: Meowstic|Rain Dance|p1b: Meowstic
|-weather|RainDance
|move|p2b: Staraptor|Close Combat|p1a: Garchomp
|-damage|p1a: Garchomp|27/100
|-boost|p2b: Staraptor|def|1
|-boost|p2b: Staraptor|spd|1
|-damage|p2b: Staraptor|65/100|[from] ability: Rough Skin|[of] p1a: Garchomp
|move|p1a: Garchomp|Rock Slide|p2a: Farigiraf|[spread] p2a,p2b
|-damage|p2a: Farigiraf|79/100
|-damage|p2b: Staraptor|54/100
|-damage|p1a: Garchomp|17/100|[from] item: Life Orb
|move|p2a: Farigiraf|Dazzling Gleam|p1a: Garchomp|[spread] p1a,p1b
|-supereffective|p1a: Garchomp|1
|-damage|p1a: Garchomp|0 fnt
|-damage|p1b: Meowstic|83/100
|faint|p1a: Garchomp
|
|-weather|RainDance|[upkeep]
|upkeep
|turn|6
|-message|Mundeivid forfeited.
|
|win|panadero_fuego
|l|☆Mundeivid
|player|p1|
||Mundeivid is ready for game 2.
||panadero_fuego is ready for game 2.
|uhtml|next|Next: Game 2 of 3
|l|☆panadero_fuego
|player|p2|
|j|☆panadero_fuego
|player|p2|panadero_fuego|101|
|l|☆panadero_fuego
|player|p2|
|j|☆panadero_fuego
|player|p2|panadero_fuego|101|
