|j|鈽咥badanRiyi92
|j|鈽咷oonsuke Sama
|html|AbadanRiyi92Goonsuke Sama    
|uhtml|bestof|Game 1 of a best-of-3
|t:|1784948873
|gametype|doubles
|player|p1|AbadanRiyi92|colress|1250
|player|p2|Goonsuke Sama|cameraman|1098
|gen|9
|tier|[Gen 9 Champions] VGC 2026 Reg M-B (Bo3)
|rated|
|rule|Species Clause: Limit one of each Pok茅mon
|rule|Item Clause: Limit 1 of each item
|clearpoke
|poke|p1|Gengar, L50, F, shiny|
|poke|p1|Maushold-Four, L50|
|poke|p1|Annihilape, L50, F|
|poke|p1|Incineroar, L50, M|
|poke|p1|Politoed, L50, M, shiny|
|poke|p1|Archaludon, L50, F|
|poke|p2|Toxapex, L50, F|
|poke|p2|Zoroark-Hisui, L50, M|
|poke|p2|Glimmora, L50, M|
|poke|p2|Hydreigon, L50, F|
|poke|p2|Meowscarada, L50, M|
|poke|p2|Lucario, L50, F|
|teampreview|4
|showteam|p1|Gengar||Gengarite|CursedBody|ShadowBall,Disable,PerishSong,Protect|Timid||F|||50|]Maushold-Four||FocusSash|FriendGuard|FollowMe,Encore,BeatUp,Protect|Jolly|||||50|]Annihilape||RoseliBerry|Defiant|RageFist,CloseCombat,Encore,Protect|Jolly||F|||50|]Incineroar||PasshoBerry|Intimidate|PartingShot,ThroatChop,Protect,FakeOut|Sassy||M|||50|]Politoed||SitrusBerry|Drizzle|WeatherBall,Encore,PerishSong,Protect|Calm||M|||50|]Archaludon||Leftovers|Stamina|DragonPulse,FlashCannon,ElectroShot,Protect|Bold||F|||50|
|showteam|p2|Toxapex||Leftovers|Regenerator|Stockpile,Recover,BanefulBunker,Toxic|Relaxed||F|||50|]Zoroark-Hisui||FocusSash|Illusion|Flamethrower,HyperBeam,BitterMalice,Protect|Timid||M|||50|]Glimmora||Glimmoranite|Corrosion|PowerGem,Protect,EarthPower,Toxic|Modest||M|||50|]Hydreigon||HabanBerry|Levitate|EarthPower,DragonPulse,Flamethrower,DarkPulse|Timid||F|||50|]Meowscarada||ChoiceScarf|Protean|TripleAxel,FlowerTrick,ThroatChop,PowerGem|Lonely||M|||50|]Lucario||Lucarionite|InnerFocus|AuraSphere,Protect,IcePunch,MeteorMash|Hasty||F|||50|
|inactive|Battle timer is ON: inactive players will automatically lose when time's up. (requested by Goonsuke Sama)
|inactive|AbadanRiyi92 has 60 seconds left.
|inactive|Goonsuke Sama has 60 seconds left.
|
|t:|1784948915
|teamsize|p1|4
|teamsize|p2|4
|start
|switch|p1a: Annihilape|Annihilape, L50, F|100/100
|switch|p1b: Maushold|Maushold-Four, L50|100/100
|switch|p2a: Hydreigon|Hydreigon, L50, F|100/100
|switch|p2b: Glimmora|Glimmora, L50, M|100/100
|turn|1
|inactive|Goonsuke Sama has 30 seconds left.
|
|t:|1784948949
|move|p1b: Maushold|Follow Me|p1b: Maushold
|-singleturn|p1b: Maushold|move: Follow Me
|move|p2a: Hydreigon|Flamethrower|p1b: Maushold
|-damage|p1b: Maushold|62/100
|move|p1a: Annihilape|Close Combat|p2a: Hydreigon
|-immune|p2a: Hydreigon
|move|p2b: Glimmora|Toxic|p1b: Maushold
|-status|p1b: Maushold|tox
|
|-damage|p1b: Maushold|56/100 tox|[from] psn
|upkeep
|turn|2
|
|t:|1784948971
|move|p1b: Maushold|Beat Up|p1a: Annihilape
|-damage|p1a: Annihilape|97/100
|-damage|p1a: Annihilape|95/100
|-damage|p1a: Annihilape|93/100
|-damage|p1a: Annihilape|90/100
|-hitcount|p1a: Annihilape|4
|move|p2a: Hydreigon|Hyper Beam|p1b: Maushold
|-damage|p1b: Maushold|0 fnt
|-mustrecharge|p2a: Hydreigon
|faint|p1b: Maushold
|move|p1a: Annihilape|Rage Fist|p2a: Hydreigon
|-immune|p2a: Hydreigon
|move|p2b: Glimmora|Toxic|p1a: Annihilape
|-status|p1a: Annihilape|tox
|
|-damage|p1a: Annihilape|85/100 tox|[from] psn
|upkeep
|c|鈽咥badanRiyi92|im dumb lol
|inactive|AbadanRiyi92 has 30 seconds left.
|c|鈽咥badanRiyi92|I knew it was zoroark, i forgot it is normal as well
|
|t:|1784949004
|switch|p1b: Archaludon|Archaludon, L50, F|100/100
|turn|3
|
|t:|1784949015
|switch|p1a: Politoed|Politoed, L50, M, shiny|100/100
|-weather|RainDance|[from] ability: Drizzle|[of] p1a: Politoed
|cant|p2a: Hydreigon|recharge
|move|p2b: Glimmora|Toxic|p1b: Archaludon
|-status|p1b: Archaludon|tox
|move|p1b: Archaludon|Electro Shot||[still]
|-prepare|p1b: Archaludon|Electro Shot
|-boost|p1b: Archaludon|spa|1
|-anim|p1b: Archaludon|Electro Shot|p2a: Hydreigon
|-enditem|p2a: Hydreigon|Focus Sash
|-damage|p2a: Hydreigon|1/100
|replace|p2a: Zoroark|Zoroark-Hisui, L50, M
|-end|p2a: Zoroark|Illusion
|
|-weather|RainDance|[upkeep]
|-damage|p1b: Archaludon|93/100 tox|[from] psn
|upkeep
|turn|4
|inactive|AbadanRiyi92 has 30 seconds left.
|
|t:|1784949044
|detailschange|p2b: Glimmora|Glimmora-Mega, L50, M
|-mega|p2b: Glimmora|Glimmora|Glimmoranite
|move|p2a: Zoroark|Hyper Beam|p1a: Politoed
|-damage|p1a: Politoed|38/100
|-mustrecharge|p2a: Zoroark
|-enditem|p1a: Politoed|Sitrus Berry|[eat]
|-heal|p1a: Politoed|63/100|[from] item: Sitrus Berry
|move|p2b: Glimmora|Earth Power|p1b: Archaludon
|-supereffective|p1b: Archaludon|1
|-damage|p1b: Archaludon|15/100 tox
|-ability|p1b: Archaludon|Stamina|boost
|-boost|p1b: Archaludon|def|1
|move|p1b: Archaludon|Electro Shot||[still]
|-prepare|p1b: Archaludon|Electro Shot
|-boost|p1b: Archaludon|spa|1
|-anim|p1b: Archaludon|Electro Shot|p2b: Glimmora
|-damage|p2b: Glimmora|25/100
|move|p1a: Politoed|Weather Ball|p2b: Glimmora
|-supereffective|p2b: Glimmora|1
|-damage|p2b: Glimmora|0 fnt
|faint|p2b: Glimmora
|
|-weather|RainDance|[upkeep]
|-heal|p1b: Archaludon|21/100 tox|[from] item: Leftovers
|-damage|p1b: Archaludon|9/100 tox|[from] psn
|upkeep
|
|t:|1784949063
|switch|p2b: Toxapex|Toxapex, L50, F|100/100
|turn|5
|
|t:|1784949088
|switch|p2b: Hydreigon|Hydreigon, L50, F|100/100
|cant|p2a: Zoroark|recharge
|move|p1b: Archaludon|Electro Shot||[still]
|-prepare|p1b: Archaludon|Electro Shot
|-boost|p1b: Archaludon|spa|1
|-anim|p1b: Archaludon|Electro Shot|p2b: Hydreigon
|-resisted|p2b: Hydreigon|1
|-damage|p2b: Hydreigon|45/100
|move|p1a: Politoed|Weather Ball|p2a: Zoroark
|-damage|p2a: Zoroark|0 fnt
|faint|p2a: Zoroark
|
|-weather|RainDance|[upkeep]
|-heal|p1b: Archaludon|15/100 tox|[from] item: Leftovers
|-damage|p1b: Archaludon|0 fnt|[from] psn
|faint|p1b: Archaludon
|upkeep
|
|t:|1784949107
|switch|p2a: Toxapex|Toxapex, L50, F|100/100
|switch|p1b: Annihilape|Annihilape, L50, F|85/100 tox
|turn|6
|inactive|AbadanRiyi92 has 30 seconds left.
|inactive|AbadanRiyi92 has 20 seconds left.
|inactive|AbadanRiyi92 has 15 seconds left.
|inactive|Goonsuke Sama has 30 seconds left.
|
|t:|1784949149
|move|p2b: Hydreigon|Dragon Pulse|p1a: Politoed
|-damage|p1a: Politoed|28/100
|move|p1b: Annihilape|Close Combat|p2b: Hydreigon
|-supereffective|p2b: Hydreigon|1
|-damage|p2b: Hydreigon|0 fnt
|-unboost|p1b: Annihilape|def|1
|-unboost|p1b: Annihilape|spd|1
|faint|p2b: Hydreigon
|move|p1a: Politoed|Weather Ball|p2a: Toxapex
|-resisted|p2a: Toxapex|1
|-damage|p2a: Toxapex|81/100
|move|p2a: Toxapex|Toxic|p1a: Politoed
|-status|p1a: Politoed|tox
|
|-weather|RainDance|[upkeep]
|-heal|p2a: Toxapex|87/100|[from] item: Leftovers
|-damage|p1b: Annihilape|79/100 tox|[from] psn
|-damage|p1a: Politoed|22/100 tox|[from] psn
|upkeep
|turn|7
|
|t:|1784949174
|move|p2a: Toxapex|Baneful Bunker|p2a: Toxapex
|-singleturn|p2a: Toxapex|move: Protect
|move|p1b: Annihilape|Rage Fist|p2a: Toxapex
|-activate|p2a: Toxapex|move: Protect
|move|p1a: Politoed|Encore|p2a: Toxapex
|-activate|p2a: Toxapex|move: Protect
|
|-weather|none
|-heal|p2a: Toxapex|92/100|[from] item: Leftovers
|-damage|p1b: Annihilape|67/100 tox|[from] psn
|-damage|p1a: Politoed|10/100 tox|[from] psn
|upkeep
|turn|8
|
|t:|1784949190
|move|p1b: Annihilape|Close Combat|p2a: Toxapex
|-resisted|p2a: Toxapex|1
|-damage|p2a: Toxapex|73/100
|-unboost|p1b: Annihilape|def|1
|-unboost|p1b: Annihilape|spd|1
|move|p1a: Politoed|Encore|p2a: Toxapex
|-start|p2a: Toxapex|Encore
|move|p2a: Toxapex|Baneful Bunker||[still]
|-fail|p2a: Toxapex
|
|-heal|p2a: Toxapex|78/100|[from] item: Leftovers
|-damage|p1b: Annihilape|49/100 tox|[from] psn
|-damage|p1a: Politoed|0 fnt|[from] psn
|faint|p1a: Politoed
|upkeep
|turn|9
|
|t:|1784949204
|move|p2a: Toxapex|Baneful Bunker|p2a: Toxapex
|-singleturn|p2a: Toxapex|move: Protect
|move|p1b: Annihilape|Close Combat|p2a: Toxapex
|-activate|p2a: Toxapex|move: Protect
|
|-heal|p2a: Toxapex|84/100|[from] item: Leftovers
|-damage|p1b: Annihilape|26/100 tox|[from] psn
|upkeep
|turn|10
|inactive|AbadanRiyi92 has 30 seconds left.
|
|t:|1784949238
|move|p2a: Toxapex|Baneful Bunker||[still]
|-fail|p2a: Toxapex
|move|p1b: Annihilape|Close Combat|p2a: Toxapex
|-resisted|p2a: Toxapex|1
|-damage|p2a: Toxapex|64/100
|-unboost|p1b: Annihilape|def|1
|-unboost|p1b: Annihilape|spd|1
|
|-heal|p2a: Toxapex|70/100|[from] item: Leftovers
|-damage|p1b: Annihilape|0 fnt|[from] psn
|faint|p1b: Annihilape
|
|win|Goonsuke Sama
||Goonsuke Sama is ready for game 2.
|inactive|AbadanRiyi92 has 30 seconds to confirm battle start!
