|j|☆Cristante terabug
|j|☆Happyhelper
|html|Cristante terabugHappyhelper    
|uhtml|bestof|Game 1 of a best-of-3
|t:|1756248291
|gametype|doubles
|player|p1|Cristante terabug|kieran-champion|1175
|player|p2|Happyhelper|2|1132
|gen|9
|tier|[Gen 9] VGC 2025 Reg H (Bo3)
|rated|
|rule|Species Clause: Limit one of each Pokémon
|rule|Item Clause: Limit 1 of each item
|clearpoke
|poke|p1|Kommo-o, L50, F|
|poke|p1|Gholdengo, L50|
|poke|p1|Sneasler, L50, F|
|poke|p1|Rillaboom, L50, F|
|poke|p1|Dondozo, L50, F|
|poke|p1|Electabuzz, L50, F|
|poke|p2|Amoonguss, L50, M|
|poke|p2|Incineroar, L50, M|
|poke|p2|Politoed, L50, F|
|poke|p2|Corviknight, L50, M|
|poke|p2|Maushold-Four, L50|
|poke|p2|Archaludon, L50, F|
|teampreview|4
|showteam|p1|Kommo-o||ThroatSpray|Overcoat|ClangorousSoul,ClangingScales,Flamethrower,Protect|||F|||50|,,,,,Fire]Gholdengo||ChoiceSpecs|GoodasGold|MakeItRain,Thunderbolt,DazzlingGleam,ShadowBall||||||50|,,,,,Fairy]Sneasler||FocusSash|PoisonTouch|FakeOut,DireClaw,CloseCombat,Protect|||F|||50|,,,,,Stellar]Rillaboom||AssaultVest|GrassySurge|FakeOut,GrassyGlide,DrumBeating,HighHorsepower|||F|||50|,,,,,Fire]Dondozo||Leftovers|Unaware|WaveCrash,Fissure,Yawn,Protect|||F|||50|,,,,,Poison]Electabuzz||Eviolite|VitalSpirit|Electroweb,FollowMe,Taunt,Protect|||F|||50|,,,,,Ghost
|showteam|p2|Amoonguss||SitrusBerry|Regenerator|RagePowder,SludgeBomb,Spore,Protect|||M|||50|,,,,,Dark]Incineroar||SafetyGoggles|Intimidate|FakeOut,PartingShot,KnockOff,FlareBlitz|||M|||50|,,,,,Ghost]Politoed||Leftovers|Drizzle|WeatherBall,PerishSong,Protect,Encore|||F|||50|,,,,,Grass]Corviknight||CovertCloak|MirrorArmor|BraveBird,Tailwind,BodyPress,IronDefense|||M|||50|,,,,,Dragon]Maushold-Four||WideLens|Technician|PopulationBomb,Protect,FollowMe,RainDance||||||50|,,,,,Ghost]Archaludon||PowerHerb|Stamina|ElectroShot,Protect,DracoMeteor,BodyPress|||F|||50|,,,,,Flying
|inactive|Battle timer is ON: inactive players will automatically lose when time's up. (requested by Cristante terabug)
|inactive|Cristante terabug has 60 seconds left.
|
|t:|1756248345
|teamsize|p1|4
|teamsize|p2|4
|start
|switch|p1a: Electabuzz|Electabuzz, L50, F|100/100
|switch|p1b: Gholdengo|Gholdengo, L50|100/100
|switch|p2a: Maushold|Maushold-Four, L50|100/100
|switch|p2b: Archaludon|Archaludon, L50, F|100/100
|turn|1
|inactive|Cristante terabug has 30 seconds left.
|inactive|Happyhelper has 30 seconds left.
|
|t:|1756248375
|-terastallize|p1b: Gholdengo|Fairy
|move|p1a: Electabuzz|Follow Me|p1a: Electabuzz
|-singleturn|p1a: Electabuzz|move: Follow Me
|move|p2a: Maushold|Population Bomb|p1a: Electabuzz
|-damage|p1a: Electabuzz|90/100
|-damage|p1a: Electabuzz|79/100
|-damage|p1a: Electabuzz|68/100
|-damage|p1a: Electabuzz|58/100
|-damage|p1a: Electabuzz|47/100
|-crit|p1a: Electabuzz
|-damage|p1a: Electabuzz|30/100
|-damage|p1a: Electabuzz|19/100
|-damage|p1a: Electabuzz|9/100
|-damage|p1a: Electabuzz|0 fnt
|faint|p1a: Electabuzz
|-hitcount|p1: Electabuzz|9
|move|p1b: Gholdengo|Dazzling Gleam|p2a: Maushold|[spread] p2a,p2b
|-damage|p2a: Maushold|32/100
|-damage|p2b: Archaludon|49/100
|-ability|p2b: Archaludon|Stamina|boost
|-boost|p2b: Archaludon|def|1
|move|p2b: Archaludon|Body Press|p1b: Gholdengo
|-resisted|p1b: Gholdengo
|-damage|p1b: Gholdengo|81/100
|
|upkeep
|
|t:|1756248385
|switch|p1a: Rillaboom|Rillaboom, L50, F|100/100
|-fieldstart|move: Grassy Terrain|[from] ability: Grassy Surge|[of] p1a: Rillaboom
|turn|2
|
|t:|1756248407
|move|p2a: Maushold|Protect|p2a: Maushold
|-singleturn|p2a: Maushold|Protect
|move|p2b: Archaludon|Protect|p2b: Archaludon
|-singleturn|p2b: Archaludon|Protect
|move|p1a: Rillaboom|Grassy Glide|p2a: Maushold
|-activate|p2a: Maushold|move: Protect
|move|p1b: Gholdengo|Dazzling Gleam|p2b: Archaludon|[spread] 
|-activate|p2a: Maushold|move: Protect
|-activate|p2b: Archaludon|move: Protect
|
|-heal|p2a: Maushold|37/100|[from] Grassy Terrain
|-heal|p1b: Gholdengo|87/100|[from] Grassy Terrain
|-heal|p2b: Archaludon|56/100|[from] Grassy Terrain
|upkeep
|turn|3
|inactive|Happyhelper has 30 seconds left.
|
|t:|1756248432
|switch|p2a: Amoonguss|Amoonguss, L50, M|100/100
|switch|p2b: Corviknight|Corviknight, L50, M|100/100
|move|p1a: Rillaboom|Grassy Glide|p2a: Amoonguss
|-resisted|p2a: Amoonguss
|-damage|p2a: Amoonguss|92/100
|move|p1b: Gholdengo|Dazzling Gleam|p2b: Corviknight|[spread] p2a,p2b
|-resisted|p2a: Amoonguss
|-resisted|p2b: Corviknight
|-damage|p2a: Amoonguss|72/100
|-damage|p2b: Corviknight|81/100
|
|-heal|p1b: Gholdengo|93/100|[from] Grassy Terrain
|-heal|p2a: Amoonguss|78/100|[from] Grassy Terrain
|upkeep
|turn|4
|
|t:|1756248455
|switch|p1b: Sneasler|Sneasler, L50, F|100/100
|move|p1a: Rillaboom|High Horsepower|p2a: Amoonguss
|-damage|p2a: Amoonguss|50/100
|-enditem|p2a: Amoonguss|Sitrus Berry|[eat]
|-heal|p2a: Amoonguss|75/100|[from] item: Sitrus Berry
|move|p2b: Corviknight|Iron Defense|p2b: Corviknight
|-boost|p2b: Corviknight|def|2
|move|p2a: Amoonguss|Sludge Bomb|p1a: Rillaboom
|-supereffective|p1a: Rillaboom
|-damage|p1a: Rillaboom|52/100
|-status|p1a: Rillaboom|psn
|
|-heal|p1a: Rillaboom|58/100 psn|[from] Grassy Terrain
|-heal|p2a: Amoonguss|81/100|[from] Grassy Terrain
|-damage|p1a: Rillaboom|45/100 psn|[from] psn
|upkeep
|turn|5
|
|t:|1756248478
|switch|p1a: Gholdengo|Gholdengo, L50, tera:Fairy|93/100
|move|p1b: Sneasler|Fake Out|p2b: Corviknight
|-resisted|p2b: Corviknight
|-damage|p2b: Corviknight|78/100
|move|p2b: Corviknight|Brave Bird|p1b: Sneasler
|-supereffective|p1b: Sneasler
|-crit|p1b: Sneasler
|-enditem|p1b: Sneasler|Focus Sash
|-damage|p1b: Sneasler|1/100
|-damage|p2b: Corviknight|53/100|[from] Recoil
|move|p2a: Amoonguss|Sludge Bomb|p1b: Sneasler
|-resisted|p1b: Sneasler
|-damage|p1b: Sneasler|0 fnt
|faint|p1b: Sneasler
|
|-heal|p1a: Gholdengo|99/100|[from] Grassy Terrain
|-heal|p2a: Amoonguss|87/100|[from] Grassy Terrain
|upkeep
|
|t:|1756248485
|switch|p1b: Rillaboom|Rillaboom, L50, F|45/100 psn
|turn|6
|
|t:|1756248504
|move|p1b: Rillaboom|High Horsepower|p2a: Amoonguss
|-damage|p2a: Amoonguss|54/100
|move|p1a: Gholdengo|Shadow Ball|p2b: Corviknight
|-damage|p2b: Corviknight|0 fnt
|faint|p2b: Corviknight
|move|p2a: Amoonguss|Sludge Bomb|p1b: Rillaboom
|-supereffective|p1b: Rillaboom
|-damage|p1b: Rillaboom|0 fnt
|faint|p1b: Rillaboom
|
|-heal|p1a: Gholdengo|100/100|[from] Grassy Terrain
|-heal|p2a: Amoonguss|60/100|[from] Grassy Terrain
|-fieldend|move: Grassy Terrain
|upkeep
|j| AriehA1995
|
|t:|1756248519
|switch|p2b: Maushold|Maushold-Four, L50|37/100
|turn|7
|-message|Cristante terabug forfeited.
|
|win|Happyhelper
|l|☆Cristante terabug
|player|p1|
|j|☆Cristante terabug
|player|p1|Cristante terabug|kieran-champion|
