|j|☆ricottaonmypizza
|j|☆TR Setter
|html|ricottaonmypizzaTR Setter    
|uhtml|bestof|Game 2 of a best-of-3
|t:|1756053180
|gametype|doubles
|player|p1|ricottaonmypizza|winona|1308
|player|p2|TR Setter|zinzolin|1288
|gen|9
|tier|[Gen 9] VGC 2025 Reg H (Bo3)
|rated|
|rule|Species Clause: Limit one of each Pokémon
|rule|Item Clause: Limit 1 of each item
|clearpoke
|poke|p1|Ninetales-Alola, L50, F|
|poke|p1|Ursaluna-Bloodmoon, L50, M|
|poke|p1|Gholdengo, L50|
|poke|p1|Amoonguss, L50, F|
|poke|p1|Annihilape, L50, M|
|poke|p1|Dragonite, L50, M|
|poke|p2|Indeedee-F, L50, F|
|poke|p2|Hatterene, L50, F|
|poke|p2|Gallade, L50, M|
|poke|p2|Annihilape, L50, M|
|poke|p2|Torkoal, L50, M|
|poke|p2|Kingambit, L50, M|
|teampreview|4
|showteam|p1|Ninetales-Alola||CovertCloak|SnowWarning|IcyWind,Blizzard,AuroraVeil,IcicleSpear|||F|||50|,,,,,Ghost]Ursaluna-Bloodmoon||AssaultVest|MindsEye|BloodMoon,EarthPower,HyperVoice,VacuumWave|||M|||50|,,,,,Ghost]Gholdengo||LifeOrb|GoodasGold|Protect,NastyPlot,MakeItRain,ShadowBall||||||50|,,,,,Water]Amoonguss||SitrusBerry|Regenerator|Spore,RagePowder,PollenPuff,Protect|||F|||50|,,,,,Psychic]Annihilape||SafetyGoggles|Defiant|RageFist,BulkUp,DrainPunch,Protect|||M|||50|,,,,,Fire]Dragonite||LoadedDice|Multiscale|ScaleShot,Tailwind,Haze,Protect|||M|||50|,,,,,Fairy
|showteam|p2|Indeedee-F||PsychicSeed|PsychicSurge|HelpingHand,Psychic,TrickRoom,FollowMe|||F|||50|,,,,,Grass]Hatterene||LifeOrb|MagicBounce|ExpandingForce,DazzlingGleam,TrickRoom,Protect|||F|||50|,,,,,Fire]Gallade||ClearAmulet|Sharpness|PsychoCut,SacredSword,WideGuard,TrickRoom|||M|||50|,,,,,Steel]Annihilape||ChoiceScarf|Defiant|FinalGambit,CloseCombat,RageFist,Uturn|||M|||50|,,,,,Grass]Torkoal||Charcoal|Drought|Eruption,WeatherBall,Protect,EarthPower|||M|||50|,,,,,Fire]Kingambit||SafetyGoggles|Defiant|SuckerPunch,KowtowCleave,LowKick,Protect|||M|||50|,,,,,Dark
|j| entei enthusiast
|inactive|Battle timer is ON: inactive players will automatically lose when time's up. (requested by ricottaonmypizza)
|
|t:|1756053235
|teamsize|p1|4
|teamsize|p2|4
|start
|switch|p1a: Dragonite|Dragonite, L50, M|100/100
|switch|p1b: Gholdengo|Gholdengo, L50|100/100
|switch|p2a: Annihilape|Annihilape, L50, M|100/100
|switch|p2b: Indeedee|Indeedee-F, L50, F|100/100
|-fieldstart|move: Psychic Terrain|[from] ability: Psychic Surge|[of] p2b: Indeedee
|-enditem|p2b: Indeedee|Psychic Seed
|-boost|p2b: Indeedee|spd|1|[from] item: Psychic Seed
|turn|1
|inactive|TR Setter has 30 seconds left.
|
|t:|1756053263
|switch|p1a: Amoonguss|Amoonguss, L50, F|100/100
|move|p2a: Annihilape|U-turn|p1b: Gholdengo
|-resisted|p1b: Gholdengo
|-damage|p1b: Gholdengo|95/100
|
|t:|1756053268
|switch|p2a: Torkoal|Torkoal, L50, M|100/100|[from] U-turn
|-weather|SunnyDay|[from] ability: Drought|[of] p2a: Torkoal
|move|p1b: Gholdengo|Nasty Plot|p1b: Gholdengo
|-boost|p1b: Gholdengo|spa|2
|move|p2b: Indeedee|Trick Room|p2b: Indeedee
|-fieldstart|move: Trick Room|[of] p2b: Indeedee
|
|-weather|SunnyDay|[upkeep]
|upkeep
|turn|2
|
|t:|1756053278
|-terastallize|p2a: Torkoal|Fire
|move|p2b: Indeedee|Helping Hand|p2a: Torkoal
|-singleturn|p2a: Torkoal|Helping Hand|[of] p2b: Indeedee
|move|p1a: Amoonguss|Protect|p1a: Amoonguss
|-singleturn|p1a: Amoonguss|Protect
|move|p1b: Gholdengo|Protect|p1b: Gholdengo
|-singleturn|p1b: Gholdengo|Protect
|move|p2a: Torkoal|Eruption|p1a: Amoonguss|[spread] 
|-activate|p1a: Amoonguss|move: Protect
|-activate|p1b: Gholdengo|move: Protect
|
|-weather|SunnyDay|[upkeep]
|upkeep
|turn|3
|
|t:|1756053293
|switch|p1a: Dragonite|Dragonite, L50, M|100/100
|-terastallize|p1b: Gholdengo|Water
|move|p2b: Indeedee|Helping Hand|p2a: Torkoal
|-singleturn|p2a: Torkoal|Helping Hand|[of] p2b: Indeedee
|move|p2a: Torkoal|Eruption|p1b: Gholdengo|[spread] p1a,p1b
|-resisted|p1a: Dragonite
|-resisted|p1b: Gholdengo
|-damage|p1a: Dragonite|52/100
|-damage|p1b: Gholdengo|4/100
|move|p1b: Gholdengo|Make It Rain|p2b: Indeedee|[spread] p2a,p2b
|-resisted|p2a: Torkoal
|-damage|p2a: Torkoal|30/100
|-damage|p2b: Indeedee|25/100
|-unboost|p1b: Gholdengo|spa|1
|-damage|p1b: Gholdengo|0 fnt|[from] item: Life Orb
|faint|p1b: Gholdengo
|
|-weather|SunnyDay|[upkeep]
|upkeep
|
|t:|1756053314
|switch|p1b: Ursaluna|Ursaluna-Bloodmoon, L50, M|100/100
|turn|4
|
|t:|1756053339
|move|p1a: Dragonite|Protect|p1a: Dragonite
|-singleturn|p1a: Dragonite|Protect
|move|p2a: Torkoal|Weather Ball|p1b: Ursaluna
|-damage|p1b: Ursaluna|37/100
|move|p2b: Indeedee|Psychic|p1b: Ursaluna
|-damage|p1b: Ursaluna|11/100
|move|p1b: Ursaluna|Hyper Voice|p2b: Indeedee|[spread] p2a,p2b
|-damage|p2a: Torkoal|0 fnt
|-damage|p2b: Indeedee|3/100
|faint|p2a: Torkoal
|
|-weather|SunnyDay|[upkeep]
|upkeep
|
|t:|1756053349
|switch|p2a: Hatterene|Hatterene, L50, F|100/100
|turn|5
|
|t:|1756053378
|switch|p1b: Amoonguss|Amoonguss, L50, F|100/100
|move|p2a: Hatterene|Expanding Force|p1a: Dragonite|[spread] p1a,p1b
|-supereffective|p1b: Amoonguss
|-damage|p1a: Dragonite|0 fnt
|-damage|p1b: Amoonguss|0 fnt
|faint|p1a: Dragonite
|faint|p1b: Amoonguss
|-damage|p2a: Hatterene|91/100|[from] item: Life Orb
|move|p2b: Indeedee|Psychic|p1: Dragonite|[notarget]
|-fail|p2b: Indeedee
|
|-weather|none
|-fieldend|move: Trick Room
|-fieldend|move: Psychic Terrain
|upkeep
|-message|ricottaonmypizza forfeited.
|
|win|TR Setter
|raw|ricottaonmypizza's rating: 1308 → 1287(-21 for losing)
|raw|TR Setter's rating: 1288 → 1314(+26 for winning)
|l|☆ricottaonmypizza
|player|p1|
