|j|☆inadomi
|j|☆strikermohamud
|html|inadomistrikermohamud    
|uhtml|bestof|Game 1 of a best-of-3
|t:|1757233440
|gametype|doubles
|player|p1|inadomi|lady-gen4|1155
|player|p2|strikermohamud|unknown|1092
|gen|9
|tier|[Gen 9] VGC 2025 Reg H (Bo3)
|rated|
|rule|Species Clause: Limit one of each Pokémon
|rule|Item Clause: Limit 1 of each item
|clearpoke
|poke|p1|Indeedee, L50, M|
|poke|p1|Drifblim, L50, M|
|poke|p1|Volcarona, L50, F|
|poke|p1|Kommo-o, L50, M|
|poke|p1|Toxtricity, L50, M|
|poke|p1|Hydreigon, L50, M|
|poke|p2|Metagross, L50|
|poke|p2|Alcremie-Ruby-Swirl, L50, F|
|poke|p2|Incineroar, L50, F|
|poke|p2|Farigiraf, L50, M|
|poke|p2|Ursaluna-Bloodmoon, L50, M|
|poke|p2|Amoonguss, L50, F|
|teampreview|4
|showteam|p1|Indeedee||FocusSash|PsychicSurge|ExpandingForce,TeraBlast,Imprison,TrickRoom|||M|||50|,,,,,Ground]Drifblim||PsychicSeed|Unburden|Acrobatics,WillOWisp,StrengthSap,Tailwind|||M|||50|,,,,,Flying]Volcarona||LifeOrb|FlameBody|BugBuzz,HeatWave,TeraBlast,GigaDrain|||F|||50|,,,,,Fairy]Kommo-o||Leftovers|Soundproof|BodyPress,Flamethrower,IronDefense,Protect|||M|||50|,,,,,Fire]Toxtricity||ChoiceSpecs|PunkRock|Overdrive,SludgeBomb,Boomburst,VoltSwitch|||M|||50|,,,,,Normal]Hydreigon||AssaultVest|Levitate|DarkPulse,DracoMeteor,FlashCannon,Snarl|||M|||50|,,,,,Ghost
|showteam|p2|Metagross||LifeOrb|ClearBody|PsychicFangs,HeavySlam,StompingTantrum,Protect||||||50|,,,,,Water]Alcremie-Ruby-Swirl||CovertCloak|SweetVeil|Decorate,HelpingHand,DazzlingGleam,Protect|||F|||50|,,,,,Fire]Incineroar||SafetyGoggles|Intimidate|FakeOut,KnockOff,FlareBlitz,PartingShot|||F|||50|,,,,,Bug]Farigiraf||ThroatSpray|ArmorTail|HyperVoice,Psychic,TrickRoom,Protect|||M|||50|,,,,,Fairy]Ursaluna-Bloodmoon||AssaultVest|MindsEye|HyperVoice,BloodMoon,EarthPower,VacuumWave|||M|||50|,,,,,Water]Amoonguss||MentalHerb|Regenerator|Spore,RagePowder,ClearSmog,Protect|||F|||50|,,,,,Fairy
|inactive|Battle timer is ON: inactive players will automatically lose when time's up. (requested by inadomi)
|inactive|inadomi has 60 seconds left.
|inactive|inadomi has 30 seconds left.
|
|t:|1757233504
|teamsize|p1|4
|teamsize|p2|4
|start
|switch|p1a: Indeedee|Indeedee, L50, M|100/100
|switch|p1b: Hydreigon|Hydreigon, L50, M|100/100
|switch|p2a: Metagross|Metagross, L50, shiny|100/100
|switch|p2b: Amoonguss|Amoonguss, L50, F|100/100
|-fieldstart|move: Psychic Terrain|[from] ability: Psychic Surge|[of] p1a: Indeedee
|turn|1
|inactive|inadomi has 30 seconds left.
|
|t:|1757233531
|-terastallize|p1b: Hydreigon|Ghost
|-terastallize|p2b: Amoonguss|Fairy
|move|p2a: Metagross|Protect|p2a: Metagross
|-singleturn|p2a: Metagross|Protect
|move|p1a: Indeedee|Expanding Force|p2a: Metagross|[spread] p2b
|-activate|p2a: Metagross|move: Protect
|-damage|p2b: Amoonguss|55/100
|move|p1b: Hydreigon|Snarl|p2b: Amoonguss|[spread] p2b
|-activate|p2a: Metagross|move: Protect
|-resisted|p2b: Amoonguss
|-damage|p2b: Amoonguss|45/100
|-unboost|p2b: Amoonguss|spa|1
|move|p2b: Amoonguss|Spore|p1b: Hydreigon
|-status|p1b: Hydreigon|slp|[from] move: Spore
|
|upkeep
|turn|2
|
|t:|1757233554
|move|p2b: Amoonguss|Rage Powder|p2b: Amoonguss
|-singleturn|p2b: Amoonguss|move: Rage Powder
|move|p1a: Indeedee|Expanding Force|p2b: Amoonguss|[spread] p2a,p2b
|-resisted|p2a: Metagross
|-damage|p2a: Metagross|86/100
|-damage|p2b: Amoonguss|3/100
|cant|p1b: Hydreigon|slp
|move|p2a: Metagross|Heavy Slam|p1a: Indeedee
|-enditem|p1a: Indeedee|Focus Sash
|-damage|p1a: Indeedee|1/100
|-damage|p2a: Metagross|77/100|[from] item: Life Orb
|
|upkeep
|turn|3
|inactive|strikermohamud has 30 seconds left.
|
|t:|1757233579
|switch|p2b: Alcremie|Alcremie-Ruby-Swirl, L50, F|100/100
|move|p1a: Indeedee|Expanding Force|p2a: Metagross|[spread] p2a,p2b
|-resisted|p2a: Metagross
|-damage|p2a: Metagross|64/100
|-damage|p2b: Alcremie|52/100
|cant|p1b: Hydreigon|slp
|move|p2a: Metagross|Psychic Fangs|p1b: Hydreigon
|-damage|p1b: Hydreigon|13/100 slp
|-damage|p2a: Metagross|55/100|[from] item: Life Orb
|
|upkeep
|turn|4
|inactive|strikermohamud has 30 seconds left.
|
|t:|1757233611
|move|p2a: Metagross|Protect|p2a: Metagross
|-singleturn|p2a: Metagross|Protect
|move|p1a: Indeedee|Expanding Force|p2b: Alcremie|[spread] p2b
|-activate|p2a: Metagross|move: Protect
|-damage|p2b: Alcremie|11/100
|cant|p1b: Hydreigon|slp
|move|p2b: Alcremie|Dazzling Gleam|p1b: Hydreigon|[spread] p1a,p1b
|-damage|p1a: Indeedee|0 fnt
|-damage|p1b: Hydreigon|0 fnt
|faint|p1a: Indeedee
|faint|p1b: Hydreigon
|
|upkeep
|
|t:|1757233624
|switch|p1a: Volcarona|Volcarona, L50, F|100/100
|switch|p1b: Toxtricity|Toxtricity, L50, M|100/100
|turn|5
|inactive|inadomi has 30 seconds left.
|inactive|strikermohamud has 30 seconds left.
|
|t:|1757233655
|switch|p2a: Amoonguss|Amoonguss, L50, F, tera:Fairy|36/100
|move|p2b: Alcremie|Protect|p2b: Alcremie
|-singleturn|p2b: Alcremie|Protect
|move|p1a: Volcarona|Heat Wave|p2b: Alcremie|[spread] p2a
|-activate|p2b: Alcremie|move: Protect
|-damage|p2a: Amoonguss|0 fnt
|faint|p2a: Amoonguss
|-damage|p1a: Volcarona|91/100|[from] item: Life Orb
|move|p1b: Toxtricity|Sludge Bomb|p2b: Alcremie
|-activate|p2b: Alcremie|move: Protect
|
|-fieldend|move: Psychic Terrain
|upkeep
|
|t:|1757233678
|switch|p2a: Ursaluna|Ursaluna-Bloodmoon, L50, M|100/100
|turn|6
|
|t:|1757233689
|move|p2b: Alcremie|Helping Hand|p2a: Ursaluna
|-singleturn|p2a: Ursaluna|Helping Hand|[of] p2b: Alcremie
|move|p1a: Volcarona|Giga Drain|p2a: Ursaluna
|-supereffective|p2a: Ursaluna
|-damage|p2a: Ursaluna|50/100
|-heal|p1a: Volcarona|100/100|[from] drain|[of] p2a: Ursaluna
|-damage|p1a: Volcarona|91/100|[from] item: Life Orb
|move|p1b: Toxtricity|Sludge Bomb|p2a: Ursaluna
|-resisted|p2a: Ursaluna
|-damage|p2a: Ursaluna|28/100
|move|p2a: Ursaluna|Blood Moon|p1a: Volcarona
|-damage|p1a: Volcarona|0 fnt
|faint|p1a: Volcarona
|
|upkeep
|turn|7
|
|t:|1757233706
|switch|p2b: Metagross|Metagross, L50, shiny|55/100
|move|p1b: Toxtricity|Sludge Bomb|p2a: Ursaluna
|-resisted|p2a: Ursaluna
|-damage|p2a: Ursaluna|3/100
|move|p2a: Ursaluna|Hyper Voice|p1b: Toxtricity
|-damage|p1b: Toxtricity|57/100
|
|upkeep
|turn|8
|-message|inadomi forfeited.
|
|win|strikermohamud
