|j|☆NerdConsultant
|j|☆tmp_axo
|html|NerdConsultanttmp_axo    
|uhtml|bestof|Game 2 of a best-of-3
|t:|1756548717
|gametype|doubles
|player|p1|NerdConsultant|roxie|1158
|player|p2|tmp_axo|pokekid|1083
|gen|9
|tier|[Gen 9] VGC 2025 Reg H (Bo3)
|rated|
|rule|Species Clause: Limit one of each Pokémon
|rule|Item Clause: Limit 1 of each item
|clearpoke
|poke|p1|Kingambit, L50, M|
|poke|p1|Rillaboom, L50, M|
|poke|p1|Archaludon, L50, F|
|poke|p1|Basculegion, L50, M|
|poke|p1|Electabuzz, L50, M|
|poke|p1|Pelipper, L50, M|
|poke|p2|Gothitelle, L50, F|
|poke|p2|Politoed, L50, M|
|poke|p2|Incineroar, L50, M|
|poke|p2|Amoonguss, L50, M|
|poke|p2|Archaludon, L50, M|
|poke|p2|Kingdra, L50, M|
|teampreview|4
|showteam|p1|Kingambit||BlackGlasses|Defiant|KowtowCleave,SwordsDance,SuckerPunch,Protect|||M|||50|,,,,,Dark]Rillaboom||LoadedDice|GrassySurge|HighHorsepower,GrassyGlide,BulletSeed,FakeOut|||M|||50|,,,,,Fire]Archaludon||AssaultVest|Stamina|ElectroShot,BodyPress,DracoMeteor,FlashCannon|||F|||50|,,,,,Bug]Basculegion||ChoiceBand|SwiftSwim|WaveCrash,AquaJet,LastRespects,FlipTurn|||M|||50|,,,,,Grass]Electabuzz||Eviolite|VitalSpirit|Electroweb,Taunt,FollowMe,Protect|||M|||50|,,,,,Ghost]Pelipper||FocusSash|Drizzle|Tailwind,WeatherBall,Hurricane,Protect|||M|||50|,,,,,Ghost
|showteam|p2|Gothitelle||SitrusBerry|ShadowTag|FakeOut,Psychic,TrickRoom,Protect|||F|||50|,,,,,Dark]Politoed||Leftovers|Drizzle|WeatherBall,PerishSong,Encore,Protect|||M|||50|,,,,,Grass]Incineroar||SafetyGoggles|Blaze|FakeOut,KnockOff,PartingShot,Protect|||M|||50|,,,,,Ghost]Amoonguss||EjectButton|Regenerator|PollenPuff,Spore,RagePowder,Protect|||M|||50|,,,,,Fairy]Archaludon||PowerHerb|Sturdy|ElectroShot,DragonPulse,FlashCannon,Protect|||M|||50|,,,,,Electric]Kingdra||LifeOrb|SwiftSwim|DracoMeteor,WeatherBall,MuddyWater,Protect|||M|||50|,,,,,Stellar
|
|t:|1756548763
|teamsize|p1|4
|teamsize|p2|4
|start
|switch|p1a: Electabuzz|Electabuzz, L50, M|100/100
|switch|p1b: Basculegion|Basculegion, L50, M|100/100
|switch|p2a: Politoed|Politoed, L50, M|100/100
|switch|p2b: Kingdra|Kingdra, L50, M|100/100
|-weather|RainDance|[from] ability: Drizzle|[of] p2a: Politoed
|turn|1
|
|t:|1756548794
|move|p2b: Kingdra|Protect|p2b: Kingdra
|-singleturn|p2b: Kingdra|Protect
|move|p2a: Politoed|Protect|p2a: Politoed
|-singleturn|p2a: Politoed|Protect
|move|p1b: Basculegion|Flip Turn|p2b: Kingdra
|-activate|p2b: Kingdra|move: Protect
|move|p1a: Electabuzz|Taunt|p2a: Politoed
|-activate|p2a: Politoed|move: Protect
|
|-weather|RainDance|[upkeep]
|upkeep
|turn|2
|
|t:|1756548829
|-terastallize|p2b: Kingdra|Stellar
|move|p2b: Kingdra|Draco Meteor|p1a: Electabuzz
|-damage|p1a: Electabuzz|12/100
|-unboost|p2b: Kingdra|spa|2
|-damage|p2b: Kingdra|91/100|[from] item: Life Orb
|move|p1b: Basculegion|Flip Turn|p2b: Kingdra
|-resisted|p2b: Kingdra
|-damage|p2b: Kingdra|69/100
|
|t:|1756548839
|switch|p1b: Archaludon|Archaludon, L50, F|100/100|[from] Flip Turn
|move|p1a: Electabuzz|Taunt|p2a: Politoed
|-start|p2a: Politoed|move: Taunt
|cant|p2a: Politoed|move: Taunt|Perish Song
|
|-weather|RainDance|[upkeep]
|upkeep
|turn|3
|
|t:|1756548854
|switch|p2b: Incineroar|Incineroar, L50, M|100/100
|switch|p1a: Basculegion|Basculegion, L50, M|100/100
|move|p1b: Archaludon|Electro Shot||[still]
|-prepare|p1b: Archaludon|Electro Shot
|-boost|p1b: Archaludon|spa|1
|-anim|p1b: Archaludon|Electro Shot|p2a: Politoed
|-supereffective|p2a: Politoed
|-damage|p2a: Politoed|6/100
|move|p2a: Politoed|Weather Ball|p1a: Basculegion
|-resisted|p1a: Basculegion
|-damage|p1a: Basculegion|73/100
|
|-weather|RainDance|[upkeep]
|-heal|p2a: Politoed|12/100|[from] item: Leftovers
|upkeep
|turn|4
|
|t:|1756548881
|switch|p2a: Gothitelle|Gothitelle, L50, F|100/100
|move|p2b: Incineroar|Fake Out|p1b: Archaludon
|-resisted|p1b: Archaludon
|-damage|p1b: Archaludon|97/100
|-ability|p1b: Archaludon|Stamina|boost
|-boost|p1b: Archaludon|def|1
|move|p1a: Basculegion|Wave Crash|p2b: Incineroar
|-supereffective|p2b: Incineroar
|-damage|p2b: Incineroar|0 fnt
|faint|p2b: Incineroar
|-damage|p1a: Basculegion|39/100|[from] Recoil
|cant|p1b: Archaludon|flinch
|
|-weather|RainDance|[upkeep]
|upkeep
|
|t:|1756548892
|switch|p2b: Politoed|Politoed, L50, M|12/100
|turn|5
|
|t:|1756548914
|move|p2b: Politoed|Protect|p2b: Politoed
|-singleturn|p2b: Politoed|Protect
|move|p1a: Basculegion|Wave Crash|p2a: Gothitelle
|-damage|p2a: Gothitelle|0 fnt
|faint|p2a: Gothitelle
|-damage|p1a: Basculegion|9/100|[from] Recoil
|move|p1b: Archaludon|Electro Shot||[still]
|-prepare|p1b: Archaludon|Electro Shot
|-boost|p1b: Archaludon|spa|1
|-anim|p1b: Archaludon|Electro Shot|p2b: Politoed
|-activate|p2b: Politoed|move: Protect
|
|-weather|none
|-heal|p2b: Politoed|18/100|[from] item: Leftovers
|upkeep
|
|t:|1756548919
|switch|p2a: Kingdra|Kingdra, L50, M, tera:Stellar|69/100
|turn|6
|-message|tmp_axo forfeited.
|
|win|NerdConsultant
|raw|NerdConsultant's rating: 1158 → 1178(+20 for winning)
|raw|tmp_axo's rating: 1083 → 1065(-18 for losing)
|l|☆tmp_axo
|player|p2|
