|j|☆zfan3o
|j|☆bellytelevision
|html|zfan3obellytelevision    
|uhtml|bestof|Game 1 of a best-of-3
|t:|1784820548
|gametype|doubles
|player|p1|zfan3o|miku-fire|1033
|player|p2|bellytelevision|dawn|1100
|gen|9
|tier|[Gen 9 Champions] VGC 2026 Reg M-B (Bo3)
|rated|
|rule|Species Clause: Limit one of each Pokémon
|rule|Item Clause: Limit 1 of each item
|clearpoke
|poke|p1|Excadrill, L50, F|
|poke|p1|Tyranitar, L50, F, shiny|
|poke|p1|Sinistcha, L50|
|poke|p1|Milotic, L50, F|
|poke|p1|Gholdengo, L50|
|poke|p1|Staraptor, L50, M|
|poke|p2|Venusaur, L50, M, shiny|
|poke|p2|Metagross, L50|
|poke|p2|Sinistcha, L50|
|poke|p2|Pelipper, L50, F|
|poke|p2|Archaludon, L50, M, shiny|
|poke|p2|Sableye, L50, M, shiny|
|teampreview|4
|showteam|p1|Excadrill||FocusSash|SandRush|HighHorsepower,Protect,RockSlide,IronHead|Adamant||F|||50|]Tyranitar||Tyranitarite|SandStream|KnockOff,LowKick,Protect,RockSlide|Adamant||F|||50|]Sinistcha||SitrusBerry|Hospitality|MatchaGotcha,RagePowder,TrickRoom,Protect|Relaxed|||||50|]Milotic||Leftovers|Competitive|Scald,IceBeam,IcyWind,Protect|Modest||F|||50|]Gholdengo||LifeOrb|GoodasGold|MakeItRain,NastyPlot,ShadowBall,Protect|Timid|||||50|]Staraptor||Staraptite|Intimidate|Tailwind,CloseCombat,BraveBird,Protect|Jolly||M|||50|
|showteam|p2|Venusaur||Venusaurite|Chlorophyll|GigaDrain,SludgeBomb,Protect,EarthPower|Modest||M|||50|]Metagross||Metagrossite|ClearBody|IronHead,PsychicFangs,IcePunch,Protect|Jolly|||||50|]Sinistcha||ColburBerry|Hospitality|RagePowder,MatchaGotcha,LifeDew,TrickRoom|Sassy|||||50|]Pelipper||SitrusBerry|Drizzle|Tailwind,Hurricane,WeatherBall,WideGuard|Bold||F|||50|]Archaludon||Leftovers|Stamina|ElectroShot,FlashCannon,DragonPulse,Protect|Modest||M|||50|]Sableye||LightClay|Prankster|RainDance,Reflect,LightScreen,WillOWisp|Sassy||M|||50|
|
|t:|1784820616
|teamsize|p1|4
|teamsize|p2|4
|start
|switch|p1a: Staraptor|Staraptor, L50, M|100/100
|switch|p1b: Gholdengo|Gholdengo, L50|100/100
|switch|p2a: Pelipper|Pelipper, L50, F|100/100
|switch|p2b: Venusaur|Venusaur, L50, M, shiny|100/100
|-ability|p1a: Staraptor|Intimidate|boost
|-unboost|p2a: Pelipper|atk|1
|-unboost|p2b: Venusaur|atk|1
|-weather|RainDance|[from] ability: Drizzle|[of] p2a: Pelipper
|turn|1
|
|t:|1784820645
|detailschange|p2b: Venusaur|Venusaur-Mega, L50, M, shiny
|-mega|p2b: Venusaur|Venusaur|Venusaurite
|move|p1b: Gholdengo|Protect|p1b: Gholdengo
|-singleturn|p1b: Gholdengo|Protect
|move|p1a: Staraptor|Tailwind|p1a: Staraptor
|-sidestart|p1: zfan3o|move: Tailwind
|move|p2b: Venusaur|Earth Power|p1b: Gholdengo
|-activate|p1b: Gholdengo|move: Protect
|move|p2a: Pelipper|Tailwind|p2a: Pelipper
|-sidestart|p2: bellytelevision|move: Tailwind
|
|-weather|RainDance|[upkeep]
|upkeep
|turn|2
|
|t:|1784820676
|move|p1a: Staraptor|Brave Bird|p2b: Venusaur
|-supereffective|p2b: Venusaur|1
|-damage|p2b: Venusaur|2/100
|-damage|p1a: Staraptor|65/100|[from] Recoil
|move|p1b: Gholdengo|Make It Rain|p2a: Pelipper|[spread] p2a,p2b
|-resisted|p2a: Pelipper|1
|-damage|p2a: Pelipper|65/100
|-damage|p2b: Venusaur|0 fnt
|-unboost|p1b: Gholdengo|spa|2
|faint|p2b: Venusaur
|-damage|p1b: Gholdengo|90/100|[from] item: Life Orb
|move|p2a: Pelipper|Weather Ball|p1b: Gholdengo
|-damage|p1b: Gholdengo|28/100
|
|-weather|RainDance|[upkeep]
|upkeep
|
|t:|1784820691
|switch|p2b: Archaludon|Archaludon, L50, M, shiny|100/100
|turn|3
|
|t:|1784820707
|switch|p1a: BIG FELLA|Tyranitar, L50, F, shiny|100/100
|-weather|Sandstorm|[from] ability: Sand Stream|[of] p1a: BIG FELLA
|switch|p2b: Sinistcha|Sinistcha, L50|100/100
|-heal|p2a: Pelipper|89/100|[from] ability: Hospitality|[of] p2b: Sinistcha
|move|p1b: Gholdengo|Shadow Ball|p2a: Pelipper
|-damage|p2a: Pelipper|59/100
|-damage|p1b: Gholdengo|18/100|[from] item: Life Orb
|move|p2a: Pelipper|Weather Ball|p1a: BIG FELLA
|-crit|p1a: BIG FELLA
|-damage|p1a: BIG FELLA|76/100
|
|-weather|Sandstorm|[upkeep]
|-damage|p2a: Pelipper|53/100|[from] Sandstorm
|-damage|p2b: Sinistcha|93/100|[from] Sandstorm
|upkeep
|turn|4
|
|t:|1784820742
|switch|p1a: Staraptor|Staraptor, L50, M|65/100
|-ability|p1a: Staraptor|Intimidate|boost
|-unboost|p2a: Pelipper|atk|1
|-unboost|p2b: Sinistcha|atk|1
|switch|p2a: Archaludon|Archaludon, L50, M, shiny|100/100
|move|p1b: Gholdengo|Shadow Ball|p2b: Sinistcha
|-supereffective|p2b: Sinistcha|1
|-damage|p2b: Sinistcha|43/100
|-damage|p1b: Gholdengo|8/100|[from] item: Life Orb
|move|p2b: Sinistcha|Matcha Gotcha|p1b: Gholdengo|[spread] p1a,p1b
|-resisted|p1a: Staraptor|1
|-resisted|p1b: Gholdengo|1
|-damage|p1a: Staraptor|45/100
|-heal|p2b: Sinistcha|52/100|[from] drain|[of] p1a: Staraptor
|-damage|p1b: Gholdengo|0 fnt
|-heal|p2b: Sinistcha|56/100|[from] drain|[of] p1b: Gholdengo
|faint|p1b: Gholdengo
|
|-weather|Sandstorm|[upkeep]
|-damage|p1a: Staraptor|39/100|[from] Sandstorm
|-damage|p2b: Sinistcha|50/100g|[from] Sandstorm
|-sideend|p2: bellytelevision|move: Tailwind
|-sideend|p1: zfan3o|move: Tailwind
|upkeep
|
|t:|1784820776
|switch|p1b: BIG FELLA|Tyranitar, L50, F, shiny|76/100
|turn|5
|
|t:|1784820814
|detailschange|p1b: BIG FELLA|Tyranitar-Mega, L50, F, shiny
|-mega|p1b: BIG FELLA|Tyranitar|Tyranitarite
|move|p2b: Sinistcha|Rage Powder|p2b: Sinistcha
|-singleturn|p2b: Sinistcha|move: Rage Powder
|move|p1a: Staraptor|Tailwind|p1a: Staraptor
|-sidestart|p1: zfan3o|move: Tailwind
|move|p1b: BIG FELLA|Knock Off|p2b: Sinistcha
|-supereffective|p2b: Sinistcha|1
|-enditem|p2b: Sinistcha|Colbur Berry|[eat]
|-enditem|p2b: Sinistcha|Colbur Berry|[weaken]
|-damage|p2b: Sinistcha|0 fnt
|faint|p2b: Sinistcha
|move|p2a: Archaludon|Dragon Pulse|p1a: Staraptor
|-damage|p1a: Staraptor|0 fnt
|faint|p1a: Staraptor
|
|-weather|Sandstorm|[upkeep]
|upkeep
|
|t:|1784820827
|switch|p1a: Excadrill|Excadrill, L50, F|100/100
|switch|p2b: Pelipper|Pelipper, L50, F|53/100
|-weather|RainDance|[from] ability: Drizzle|[of] p2b: Pelipper
|turn|6
|
|t:|1784820853
|move|p2b: Pelipper|Wide Guard|p2b: Pelipper
|-singleturn|p2b: Pelipper|Wide Guard
|move|p1a: Excadrill|High Horsepower|p2a: Archaludon
|-supereffective|p2a: Archaludon|1
|-damage|p2a: Archaludon|12/100
|-ability|p2a: Archaludon|Stamina|boost
|-boost|p2a: Archaludon|def|1
|move|p1b: BIG FELLA|Low Kick|p2a: Archaludon
|-supereffective|p2a: Archaludon|1
|-damage|p2a: Archaludon|0 fnt
|faint|p2a: Archaludon
|
|-weather|RainDance|[upkeep]
|upkeep
|turn|7
|c|☆bellytelevision|gg
|-message|bellytelevision forfeited.
|
|win|zfan3o
|l|☆bellytelevision
|player|p2|
||bellytelevision is ready for game 2.
|inactive|zfan3o has 30 seconds to confirm battle start!
||zfan3o is ready for game 2.
|uhtml|next|Next: Game 2 of 3
|l|☆zfan3o
|player|p1|
|j|☆bellytelevision
|player|p2|bellytelevision|dawn|
