|j|☆OzzyUF
|j|☆sbhaga34
|html|OzzyUFsbhaga34    
|uhtml|bestof|Game 2 of a best-of-3
|t:|1755350558
|gametype|doubles
|player|p1|OzzyUF|medium|1245
|player|p2|sbhaga34|hugh|1263
|gen|9
|tier|[Gen 9] VGC 2025 Reg H (Bo3)
|rated|
|rule|Species Clause: Limit one of each Pokémon
|rule|Item Clause: Limit 1 of each item
|clearpoke
|poke|p1|Gholdengo, L50|
|poke|p1|Kingambit, L50, F|
|poke|p1|Dondozo, L50, F|
|poke|p1|Tatsugiri, L50, F|
|poke|p1|Pelipper, L50, F|
|poke|p1|Archaludon, L50, F|
|poke|p2|Indeedee-F, L50, F|
|poke|p2|Murkrow, L50, M|
|poke|p2|Tyranitar, L50, M|
|poke|p2|Excadrill, L50, F|
|poke|p2|Gardevoir, L50, M|
|poke|p2|Volcarona, L50, F|
|teampreview|4
|showteam|p1|Gholdengo||LifeOrb|GoodasGold|Protect,NastyPlot,ShadowBall,MakeItRain||||||50|,,,,,Dragon]Kingambit||BlackGlasses|Defiant|KowtowCleave,SuckerPunch,SwordsDance,Protect|||F|||50|,,,,,Flying]Dondozo||Leftovers|Unaware|Protect,WaveCrash,HeavySlam,Earthquake|||F|||50|,,,,,Steel]Tatsugiri||BlunderPolicy|Commander|Protect,DracoMeteor,MuddyWater,IcyWind|||F|||50|,,,,,Steel]Pelipper||FocusSash|Drizzle|Hurricane,WeatherBall,Protect,Tailwind|||F|||50|,,,,,Water]Archaludon||AssaultVest|Stamina|DragonPulse,DracoMeteor,FlashCannon,ElectroShot|||F|||50|,,,,,Electric
|showteam|p2|Indeedee-F||SafetyGoggles|PsychicSurge|FollowMe,TrickRoom,Imprison,Psychic|||F|||50|,,,,,Fairy]Murkrow||Eviolite|Prankster|Tailwind,Haze,BraveBird,FoulPlay|||M|||50|,,,,,Ghost]Tyranitar||WeaknessPolicy|SandStream|RockSlide,KnockOff,LowKick,Protect|||M|||50|,,,,,Flying]Excadrill||FocusSash|SandRush|Earthquake,IronHead,SwordsDance,Protect|||F|||50|,,,,,Ground]Gardevoir||ChoiceScarf|Telepathy|ExpandingForce,DazzlingGleam,Moonblast,IcyWind|||M|||50|,,,,,Psychic]Volcarona||RockyHelmet|FlameBody|RagePowder,QuiverDance,HeatWave,Uturn|||F|||50|,,,,,Fairy
|inactive|Battle timer is ON: inactive players will automatically lose when time's up. (requested by OzzyUF)
|inactive|OzzyUF has 60 seconds left.
|
|t:|1755350598
|teamsize|p1|4
|teamsize|p2|4
|start
|switch|p1a: Gholdengo|Gholdengo, L50|100/100
|switch|p1b: Pelipper|Pelipper, L50, F|100/100
|switch|p2a: Indeedee|Indeedee-F, L50, F|100/100
|switch|p2b: Excadrill|Excadrill, L50, F, shiny|100/100
|-weather|RainDance|[from] ability: Drizzle|[of] p1b: Pelipper
|-fieldstart|move: Psychic Terrain|[from] ability: Psychic Surge|[of] p2a: Indeedee
|turn|1
|inactive|OzzyUF has 30 seconds left.
|inactive|OzzyUF has 20 seconds left.
|
|t:|1755350638
|switch|p1b: Dondozo|Dondozo, L50, F|100/100
|move|p1a: Gholdengo|Protect|p1a: Gholdengo
|-singleturn|p1a: Gholdengo|Protect
|move|p2a: Indeedee|Follow Me|p2a: Indeedee
|-singleturn|p2a: Indeedee|move: Follow Me
|move|p2b: Excadrill|Swords Dance|p2b: Excadrill
|-boost|p2b: Excadrill|atk|2
|
|-weather|RainDance|[upkeep]
|upkeep
|turn|2
|inactive|sbhaga34 has 30 seconds left.
|inactive|sbhaga34 has 20 seconds left.
|
|t:|1755350676
|switch|p1a: Pelipper|Pelipper, L50, F|100/100
|move|p2b: Excadrill|Protect|p2b: Excadrill
|-singleturn|p2b: Excadrill|Protect
|move|p2a: Indeedee|Psychic|p1b: Dondozo
|-damage|p1b: Dondozo|67/100
|move|p1b: Dondozo|Earthquake|p2a: Indeedee|[spread] p2a
|-activate|p2b: Excadrill|move: Protect
|-immune|p1a: Pelipper
|-damage|p2a: Indeedee|77/100
|
|-weather|RainDance|[upkeep]
|-heal|p1b: Dondozo|73/100|[from] item: Leftovers
|upkeep
|turn|3
|inactive|OzzyUF has 30 seconds left.
|inactive|sbhaga34 has 30 seconds left.
|inactive|OzzyUF has 20 seconds left.
|inactive|OzzyUF has 15 seconds left.
|inactive|OzzyUF has 10 seconds left.
|inactive|OzzyUF has 5 seconds left.
|
|t:|1755350727
|switch|p2a: Tyranitar|Tyranitar, L50, M|100/100
|-weather|Sandstorm|[from] ability: Sand Stream|[of] p2a: Tyranitar
|move|p1b: Dondozo|Protect|p1b: Dondozo
|-singleturn|p1b: Dondozo|Protect
|move|p2b: Excadrill|Iron Head|p1b: Dondozo
|-activate|p1b: Dondozo|move: Protect
|move|p1a: Pelipper|Tailwind|p1a: Pelipper
|-sidestart|p1: OzzyUF|move: Tailwind
|
|-weather|Sandstorm|[upkeep]
|-damage|p1a: Pelipper|95/100|[from] Sandstorm
|-damage|p1b: Dondozo|67/100|[from] Sandstorm
|-heal|p1b: Dondozo|73/100|[from] item: Leftovers
|upkeep
|turn|4
|inactive|OzzyUF has 30 seconds left.
|
|t:|1755350753
|switch|p1a: Tatsugiri|Tatsugiri, L50, F|100/100
|-activate|p1a: Tatsugiri|ability: Commander|[of] p1b: Dondozo
|-boost|p1b: Dondozo|atk|2
|-boost|p1b: Dondozo|spa|2
|-boost|p1b: Dondozo|spe|2
|-boost|p1b: Dondozo|def|2
|-boost|p1b: Dondozo|spd|2
|-terastallize|p2a: Tyranitar|Flying
|move|p2b: Excadrill|Earthquake|p1a: Tatsugiri|[spread] p1b
|-miss|p2b: Excadrill|p1a: Tatsugiri
|-immune|p2a: Tyranitar
|-damage|p1b: Dondozo|59/100
|move|p1b: Dondozo|Earthquake|p2a: Tyranitar|[spread] p2b
|-miss|p1b: Dondozo|p1a: Tatsugiri
|-immune|p2a: Tyranitar
|-supereffective|p2b: Excadrill
|-enditem|p2b: Excadrill|Focus Sash
|-damage|p2b: Excadrill|1/100
|move|p2a: Tyranitar|Knock Off|p1b: Dondozo
|-damage|p1b: Dondozo|39/100
|-enditem|p1b: Dondozo|Leftovers|[from] move: Knock Off|[of] p2a: Tyranitar
|
|-weather|Sandstorm|[upkeep]
|-damage|p1a: Tatsugiri|94/100|[from] Sandstorm
|-damage|p1b: Dondozo|33/100|[from] Sandstorm
|-damage|p2a: Tyranitar|95/100|[from] Sandstorm
|upkeep
|turn|5
|inactive|OzzyUF has 30 seconds left.
|inactive|sbhaga34 has 30 seconds left.
|inactive|OzzyUF has 20 seconds left.
|inactive|OzzyUF has 15 seconds left.
|inactive|sbhaga34 has 20 seconds left.
|inactive|OzzyUF has 10 seconds left.
|inactive|sbhaga34 has 15 seconds left.
|inactive|sbhaga34 has 10 seconds left.
|
|t:|1755350807
|switch|p2b: Murkrow|Murkrow, L50, M|100/100
|move|p1b: Dondozo|Protect|p1b: Dondozo
|-singleturn|p1b: Dondozo|Protect
|move|p2a: Tyranitar|Protect||[still]
|-fail|p2a: Tyranitar
|
|-weather|Sandstorm|[upkeep]
|-damage|p1a: Tatsugiri|88/100|[from] Sandstorm
|-damage|p1b: Dondozo|27/100|[from] Sandstorm
|-damage|p2b: Murkrow|95/100|[from] Sandstorm
|-damage|p2a: Tyranitar|89/100|[from] Sandstorm
|-fieldend|move: Psychic Terrain
|upkeep
|turn|6
|
|t:|1755350831
|move|p2b: Murkrow|Tailwind|p2b: Murkrow
|-sidestart|p2: sbhaga34|move: Tailwind
|move|p1b: Dondozo|Wave Crash|p2b: Murkrow
|-damage|p2b: Murkrow|0 fnt
|faint|p2b: Murkrow
|-damage|p1b: Dondozo|7/100|[from] Recoil
|move|p2a: Tyranitar|Knock Off|p1b: Dondozo
|-damage|p1b: Dondozo|0 fnt
|faint|p1b: Dondozo
|
|-weather|Sandstorm|[upkeep]
|-damage|p1a: Tatsugiri|82/100|[from] Sandstorm
|-damage|p2a: Tyranitar|83/100|[from] Sandstorm
|-sideend|p1: OzzyUF|move: Tailwind
|upkeep
|
|t:|1755350852
|switch|p2b: Excadrill|Excadrill, L50, F, shiny|1/100
|switch|p1b: Pelipper|Pelipper, L50, F|95/100
|-weather|RainDance|[from] ability: Drizzle|[of] p1b: Pelipper
|turn|7
|
|t:|1755350868
|move|p2b: Excadrill|Earthquake|p1b: Pelipper|[spread] p1a
|-immune|p2a: Tyranitar
|-immune|p1b: Pelipper
|-damage|p1a: Tatsugiri|2/100
|move|p2a: Tyranitar|Rock Slide|p1b: Pelipper|[spread] p1a
|-miss|p2a: Tyranitar|p1b: Pelipper
|-damage|p1a: Tatsugiri|0 fnt
|faint|p1a: Tatsugiri
|move|p1b: Pelipper|Weather Ball|p2a: Tyranitar
|-damage|p2a: Tyranitar|16/100
|
|-weather|RainDance|[upkeep]
|upkeep
|
|t:|1755350881
|switch|p1a: Gholdengo|Gholdengo, L50|100/100
|turn|8
|inactive|sbhaga34 has 30 seconds left.
|
|t:|1755350911
|-terastallize|p1b: Pelipper|Water
|move|p1a: Gholdengo|Protect|p1a: Gholdengo
|-singleturn|p1a: Gholdengo|Protect
|move|p2b: Excadrill|Earthquake|p1b: Pelipper|[spread] p1b
|-activate|p1a: Gholdengo|move: Protect
|-immune|p2a: Tyranitar
|-crit|p1b: Pelipper
|-damage|p1b: Pelipper|12/100
|move|p2a: Tyranitar|Rock Slide|p1a: Gholdengo|[spread] p1b
|-activate|p1a: Gholdengo|move: Protect
|-damage|p1b: Pelipper|0 fnt
|faint|p1b: Pelipper
|
|-weather|RainDance|[upkeep]
|upkeep
|turn|9
|
|t:|1755350928
|move|p2b: Excadrill|Earthquake|p1a: Gholdengo|[spread] p1a
|-immune|p2a: Tyranitar
|-supereffective|p1a: Gholdengo
|-damage|p1a: Gholdengo|0 fnt
|faint|p1a: Gholdengo
|
|win|sbhaga34
|raw|OzzyUF's rating: 1245 → 1221(-24 for losing)
|raw|sbhaga34's rating: 1263 → 1287(+24 for winning)
|l|☆sbhaga34
|player|p2|
