|j|☆Paco Amores
|j|☆Ninjacoox
|html|Paco AmoresNinjacoox    
|uhtml|bestof|Game 1 of a best-of-3
|t:|1785447104
|gametype|doubles
|player|p1|Paco Amores|birdkeeper|1238
|player|p2|Ninjacoox|rood|1146
|gen|9
|tier|[Gen 9 Champions] VGC 2026 Reg M-B (Bo3)
|rated|
|rule|Species Clause: Limit one of each Pokémon
|rule|Item Clause: Limit 1 of each item
|clearpoke
|poke|p1|Charizard, L50, M|
|poke|p1|Kingambit, L50, F|
|poke|p1|Farigiraf, L50, F|
|poke|p1|Garchomp, L50, M|
|poke|p1|Aerodactyl, L50, F|
|poke|p1|Sylveon, L50, M|
|poke|p2|Staraptor, L50, F|
|poke|p2|Sinistcha, L50|
|poke|p2|Maushold, L50|
|poke|p2|Kingambit, L50, F|
|poke|p2|Sneasler, L50, F|
|poke|p2|Delphox, L50, F|
|teampreview|4
|showteam|p1|Charizard||CharizarditeY|Blaze|HeatWave,WeatherBall,SolarBeam,Protect|Modest||M|||50|]Kingambit||FocusSash|Defiant|KowtowCleave,SuckerPunch,IronHead,LowKick|Adamant||F|||50|]Farigiraf||SitrusBerry|ArmorTail|Psychic,Thunderbolt,Roar,TrickRoom|Bold||F|||50|]Garchomp||LifeOrb|RoughSkin|DragonClaw,Earthquake,StompingTantrum,Protect|Jolly||M|||50|]Aerodactyl||Aerodactylite|Unnerve|Tailwind,DualWingbeat,RockSlide,IceFang|Jolly||F|||50|]Sylveon||FairyFeather|Pixilate|HyperBeam,HyperVoice,Detect,QuickAttack|Modest||M|||50|
|showteam|p2|Staraptor||Staraptite|Intimidate|CloseCombat,BraveBird,Roost,Protect|Adamant||F|||50|]Sinistcha||SitrusBerry|Hospitality|RagePowder,MatchaGotcha,Protect,LifeDew|Calm|||||50|]Maushold||LumBerry|FriendGuard|Encore,Charm,FollowMe,Protect|Timid|||||50|]Kingambit||BlackGlasses|Defiant|KowtowCleave,SuckerPunch,SwordsDance,Protect|Adamant||F|||50|]Sneasler||WhiteHerb|Unburden|CloseCombat,DireClaw,FakeOut,Feint|Jolly||F|||50|]Delphox||Delphoxite|Blaze|HeatWave,Psyshock,NastyPlot,Protect|Timid||F|||50|
|inactive|Battle timer is ON: inactive players will automatically lose when time's up. (requested by Ninjacoox)
|j| Raxxantess
|l| Raxxantess
|inactive|Paco Amores has 60 seconds left.
|inactive|Ninjacoox has 60 seconds left.
|inactive|Paco Amores has 30 seconds left.
|inactive|Paco Amores has 20 seconds left.
|inactive|Paco Amores has 15 seconds left.
|inactive|Paco Amores has 10 seconds left.
|
|t:|1785447185
|teamsize|p1|4
|teamsize|p2|4
|start
|switch|p1a: Farigiraf|Farigiraf, L50, F|100/100
|switch|p1b: Aerodactyl|Aerodactyl, L50, F|100/100
|switch|p2a: Delphox|Delphox, L50, F|100/100
|switch|p2b: Maushold|Maushold, L50|100/100
|-ability|p1b: Aerodactyl|Unnerve
|turn|1
|inactive|Paco Amores has 30 seconds left.
|inactive|Ninjacoox has 30 seconds left.
|
|t:|1785447218
|detailschange|p1b: Aerodactyl|Aerodactyl-Mega, L50, F
|-mega|p1b: Aerodactyl|Aerodactyl|Aerodactylite
|detailschange|p2a: Delphox|Delphox-Mega, L50, F
|-mega|p2a: Delphox|Delphox|Delphoxite
|move|p2a: Delphox|Protect|p2a: Delphox
|-singleturn|p2a: Delphox|Protect
|move|p1b: Aerodactyl|Rock Slide|p2b: Maushold|[spread] p2b
|-activate|p2a: Delphox|move: Protect
|-damage|p2b: Maushold|65/100
|move|p2b: Maushold|Charm|p1b: Aerodactyl
|-unboost|p1b: Aerodactyl|atk|2
|move|p1a: Farigiraf|Roar|p2b: Maushold
|drag|p2b: Sneasler|Sneasler, L50, F|100/100
|
|upkeep
|turn|2
|inactive|Paco Amores has 30 seconds left.
|
|t:|1785447245
|move|p1b: Aerodactyl|Rock Slide|p2a: Delphox|[spread] p2a,p2b
|-supereffective|p2a: Delphox|1
|-resisted|p2b: Sneasler|1
|-damage|p2a: Delphox|65/100
|-damage|p2b: Sneasler|88/100
|cant|p2a: Delphox|flinch
|move|p2b: Sneasler|Dire Claw|p1a: Farigiraf
|-damage|p1a: Farigiraf|68/100
|-status|p1a: Farigiraf|slp
|cant|p1a: Farigiraf|slp
|
|upkeep
|turn|3
|
|t:|1785447265
|move|p1b: Aerodactyl|Rock Slide|p2b: Sneasler|[spread] p2a,p2b
|-supereffective|p2a: Delphox|1
|-resisted|p2b: Sneasler|1
|-damage|p2a: Delphox|30/100
|-damage|p2b: Sneasler|77/100
|move|p2a: Delphox|Psyshock|p1b: Aerodactyl
|-crit|p1b: Aerodactyl
|-damage|p1b: Aerodactyl|19/100
|move|p2b: Sneasler|Dire Claw|p1b: Aerodactyl
|-resisted|p1b: Aerodactyl|1
|-damage|p1b: Aerodactyl|0 fnt
|faint|p1b: Aerodactyl
|cant|p1a: Farigiraf|slp
|
|upkeep
|
|t:|1785447277
|switch|p1b: Garchomp|Garchomp, L50, M|100/100
|turn|4
|
|t:|1785447292
|move|p2a: Delphox|Heat Wave|p1a: Farigiraf|[spread] p1a,p1b
|-resisted|p1b: Garchomp|1
|-damage|p1a: Farigiraf|31/100 slp
|-damage|p1b: Garchomp|76/100
|-enditem|p1a: Farigiraf|Sitrus Berry|[eat]
|-heal|p1a: Farigiraf|56/100 slp|[from] item: Sitrus Berry
|move|p2b: Sneasler|Dire Claw|p1b: Garchomp
|-resisted|p1b: Garchomp|1
|-damage|p1b: Garchomp|56/100
|-status|p1b: Garchomp|slp
|-damage|p2b: Sneasler|65/100|[from] ability: Rough Skin|[of] p1b: Garchomp
|cant|p1b: Garchomp|slp
|-curestatus|p1a: Farigiraf|slp|[msg]
|move|p1a: Farigiraf|Psychic|p2b: Sneasler
|-supereffective|p2b: Sneasler|2
|-damage|p2b: Sneasler|0 fnt
|faint|p2b: Sneasler
|
|upkeep
|
|t:|1785447303
|switch|p2b: Kingambit|Kingambit, L50, F|100/100
|turn|5
|
|t:|1785447327
|switch|p1a: Kingambit|Kingambit, L50, F|100/100
|move|p2a: Delphox|Psyshock|p1b: Garchomp
|-damage|p1b: Garchomp|11/100 slp
|-curestatus|p1b: Garchomp|slp|[msg]
|move|p1b: Garchomp|Stomping Tantrum|p2b: Kingambit
|-supereffective|p2b: Kingambit|1
|-damage|p2b: Kingambit|0 fnt
|faint|p2b: Kingambit
|-damage|p1b: Garchomp|1/100|[from] item: Life Orb
|
|upkeep
|
|t:|1785447339
|switch|p2b: Maushold|Maushold, L50|65/100
|turn|6
|
|t:|1785447363
|move|p2b: Maushold|Follow Me|p2b: Maushold
|-singleturn|p2b: Maushold|move: Follow Me
|move|p2a: Delphox|Heat Wave|p1b: Garchomp|[spread] p1a,p1b
|-supereffective|p1a: Kingambit|1
|-resisted|p1b: Garchomp|1
|-damage|p1a: Kingambit|8/100
|-damage|p1b: Garchomp|0 fnt
|faint|p1b: Garchomp
|move|p1a: Kingambit|Kowtow Cleave|p2b: Maushold
|-damage|p2b: Maushold|1/100
|
|upkeep
|
|t:|1785447372
|switch|p1b: Farigiraf|Farigiraf, L50, F|56/100
|turn|7
|
|t:|1785447386
|move|p2b: Maushold|Follow Me|p2b: Maushold
|-singleturn|p2b: Maushold|move: Follow Me
|move|p2a: Delphox|Heat Wave|p1a: Kingambit|[spread] 
|-miss|p2a: Delphox|p1a: Kingambit
|-miss|p2a: Delphox|p1b: Farigiraf
|move|p1a: Kingambit|Kowtow Cleave|p2b: Maushold
|-damage|p2b: Maushold|0 fnt
|faint|p2b: Maushold
|move|p1b: Farigiraf|Thunderbolt|p2a: Delphox
|-damage|p2a: Delphox|10/100
|
|upkeep
|turn|8
|
|t:|1785447405
|move|p1a: Kingambit|Sucker Punch|p2a: Delphox
|-supereffective|p2a: Delphox|1
|-damage|p2a: Delphox|0 fnt
|faint|p2a: Delphox
|
|win|Paco Amores
||Ninjacoox is ready for game 2.
||Paco Amores is ready for game 2.
|uhtml|next|Next: Game 2 of 3
|l|☆Ninjacoox
|player|p2|
