|j|☆stanhoff
|j|☆bajjidjdj
|html|stanhoffbajjidjdj    
|uhtml|bestof|Game 1 of a best-of-3
|t:|1757735110
|gametype|doubles
|player|p1|stanhoff|falkner|1072
|player|p2|bajjidjdj|sabrina|1000
|gen|9
|tier|[Gen 9] VGC 2025 Reg H (Bo3)
|rated|
|rule|Species Clause: Limit one of each Pokémon
|rule|Item Clause: Limit 1 of each item
|clearpoke
|poke|p1|Hatterene, L50, F|
|poke|p1|Indeedee-F, L50, F|
|poke|p1|Sneasler, L50, F|
|poke|p1|Excadrill, L50, M|
|poke|p1|Tyranitar, L50, F|
|poke|p1|Amoonguss, L50, F|
|poke|p2|Whimsicott, L50, F|
|poke|p2|Annihilape, L50, F|
|poke|p2|Incineroar, L50, F|
|poke|p2|Gholdengo, L50|
|poke|p2|Dragapult, L50, M|
|poke|p2|Farigiraf, L50, M|
|teampreview|4
|showteam|p1|Hatterene||LifeOrb|MagicBounce|Protect,TrickRoom,ExpandingForce,DazzlingGleam|||F|||50|,,,,,Psychic]Indeedee-F||SafetyGoggles|PsychicSurge|FollowMe,HelpingHand,Psychic,TrickRoom|||F|||50|,,,,,Fairy]Sneasler||PsychicSeed|Unburden|DireClaw,CloseCombat,ThroatChop,Protect|||F|||50|,,,,,Dark]Excadrill||FocusSash|SandRush|Earthquake,IronHead,DrillRun,Protect|||M|||50|,,,,,Ground]Tyranitar||AirBalloon|SandStream|RockSlide,TeraBlast,KnockOff,Protect|||F|||50|,,,,,Flying]Amoonguss||RockyHelmet|Regenerator|Spore,RagePowder,SludgeBomb,ClearSmog|||F|||50|,,,,,Water
|showteam|p2|Whimsicott||CovertCloak|Prankster|Taunt,Tailwind,Encore,Moonblast|||F|||50|,,,,,Rock]Annihilape||SitrusBerry|Defiant|Protect,BulkUp,DrainPunch,RageFist|||F|||50|,,,,,Water]Incineroar||AssaultVest|Intimidate|FakeOut,KnockOff,Uturn,FlareBlitz|||F|||50|,,,,,Ghost]Gholdengo||Leftovers|GoodasGold|Protect,NastyPlot,ShadowBall,MakeItRain||||||50|,,,,,Steel]Dragapult||FocusSash|ClearBody|DragonDarts,Protect,Uturn,PhantomForce|||M|||50|,,,,,Dragon]Farigiraf||SafetyGoggles|ArmorTail|Imprison,Protect,TrickRoom,Psychic|||M|||50|,,,,,Fairy
|inactive|Battle timer is ON: inactive players will automatically lose when time's up. (requested by stanhoff)
|
|t:|1757735134
|teamsize|p1|4
|teamsize|p2|4
|start
|switch|p1a: Indeedee|Indeedee-F, L50, F|100/100
|switch|p1b: Sneasler|Sneasler, L50, F|100/100
|switch|p2a: Farigiraf|Farigiraf, L50, M|100/100
|switch|p2b: Incineroar|Incineroar, L50, F|100/100
|-fieldstart|move: Psychic Terrain|[from] ability: Psychic Surge|[of] p1a: Indeedee
|-enditem|p1b: Sneasler|Psychic Seed
|-boost|p1b: Sneasler|spd|1|[from] item: Psychic Seed
|-ability|p2b: Incineroar|Intimidate|boost
|-unboost|p1a: Indeedee|atk|1
|-unboost|p1b: Sneasler|atk|1
|turn|1
|
|t:|1757735157
|switch|p1a: Tyranitar|Tyranitar, L50, F|100/100
|-weather|Sandstorm|[from] ability: Sand Stream|[of] p1a: Tyranitar
|-item|p1a: Tyranitar|Air Balloon
|move|p1b: Sneasler|Protect|p1b: Sneasler
|-singleturn|p1b: Sneasler|Protect
|move|p2a: Farigiraf|Protect|p2a: Farigiraf
|-singleturn|p2a: Farigiraf|Protect
|move|p2b: Incineroar|Knock Off|p1a: Tyranitar
|-resisted|p1a: Tyranitar
|-damage|p1a: Tyranitar|83/100
|-enditem|p1a: Tyranitar|Air Balloon
|
|-weather|Sandstorm|[upkeep]
|-damage|p1b: Sneasler|95/100|[from] Sandstorm
|-damage|p2b: Incineroar|95/100|[from] Sandstorm
|upkeep
|turn|2
|inactive|stanhoff has 30 seconds left.
|inactive|bajjidjdj has 30 seconds left.
|
|t:|1757735192
|switch|p2a: Annihilape|Annihilape, L50, F|100/100
|-terastallize|p1b: Sneasler|Dark
|-terastallize|p2b: Incineroar|Ghost
|move|p1b: Sneasler|Dire Claw|p2a: Annihilape
|-resisted|p2a: Annihilape
|-damage|p2a: Annihilape|87/100
|move|p1a: Tyranitar|Rock Slide|p2b: Incineroar|[spread] p2a,p2b
|-resisted|p2a: Annihilape
|-damage|p2a: Annihilape|71/100
|-damage|p2b: Incineroar|69/100
|move|p2b: Incineroar|Flare Blitz|p1b: Sneasler
|-damage|p1b: Sneasler|12/100
|-status|p1b: Sneasler|brn
|-damage|p2b: Incineroar|47/100|[from] Recoil
|
|-weather|Sandstorm|[upkeep]
|-damage|p1b: Sneasler|6/100 brn|[from] Sandstorm
|-damage|p2a: Annihilape|64/100|[from] Sandstorm
|-damage|p2b: Incineroar|41/100|[from] Sandstorm
|-damage|p1b: Sneasler|0 fnt|[from] brn
|faint|p1b: Sneasler
|upkeep
|
|t:|1757735207
|switch|p1b: Excadrill|Excadrill, L50, M|100/100
|turn|3
|inactive|bajjidjdj has 30 seconds left.
|
|t:|1757735234
|switch|p2b: Farigiraf|Farigiraf, L50, M|100/100
|move|p1b: Excadrill|Protect|p1b: Excadrill
|-singleturn|p1b: Excadrill|Protect
|move|p2a: Annihilape|Protect|p2a: Annihilape
|-singleturn|p2a: Annihilape|Protect
|move|p1a: Tyranitar|Knock Off|p2a: Annihilape
|-activate|p2a: Annihilape|move: Protect
|
|-weather|Sandstorm|[upkeep]
|-damage|p2a: Annihilape|58/100|[from] Sandstorm
|upkeep
|turn|4
|
|t:|1757735252
|switch|p2b: Incineroar|Incineroar, L50, F, tera:Ghost|41/100
|-ability|p2b: Incineroar|Intimidate|boost
|-unboost|p1a: Tyranitar|atk|1
|-unboost|p1b: Excadrill|atk|1
|move|p1b: Excadrill|Iron Head|p2b: Incineroar
|-damage|p2b: Incineroar|15/100
|move|p2a: Annihilape|Bulk Up|p2a: Annihilape
|-boost|p2a: Annihilape|atk|1
|-boost|p2a: Annihilape|def|1
|move|p1a: Tyranitar|Knock Off|p2b: Incineroar
|-supereffective|p2b: Incineroar
|-damage|p2b: Incineroar|0 fnt
|-enditem|p2b: Incineroar|Assault Vest|[from] move: Knock Off|[of] p1a: Tyranitar
|faint|p2b: Incineroar
|
|-weather|Sandstorm|[upkeep]
|-damage|p2a: Annihilape|52/100|[from] Sandstorm
|upkeep
|
|t:|1757735272
|switch|p2b: Gholdengo|Gholdengo, L50|100/100
|turn|5
|
|t:|1757735288
|switch|p1b: Indeedee|Indeedee-F, L50, F|100/100
|move|p2b: Gholdengo|Protect|p2b: Gholdengo
|-singleturn|p2b: Gholdengo|Protect
|move|p2a: Annihilape|Drain Punch|p1b: Indeedee
|-damage|p1b: Indeedee|59/100
|-heal|p2a: Annihilape|70/100|[from] drain|[of] p1b: Indeedee
|move|p1a: Tyranitar|Knock Off|p2a: Annihilape
|-damage|p2a: Annihilape|45/100
|-enditem|p2a: Annihilape|Sitrus Berry|[from] move: Knock Off|[of] p1a: Tyranitar
|
|-weather|none
|-fieldend|move: Psychic Terrain
|upkeep
|turn|6
|
|t:|1757735311
|move|p1a: Tyranitar|Protect|p1a: Tyranitar
|-singleturn|p1a: Tyranitar|Protect
|move|p2a: Annihilape|Drain Punch|p1a: Tyranitar
|-activate|p1a: Tyranitar|move: Protect
|move|p2b: Gholdengo|Nasty Plot|p2b: Gholdengo
|-boost|p2b: Gholdengo|spa|2
|move|p1b: Indeedee|Psychic|p2a: Annihilape
|-supereffective|p2a: Annihilape
|-damage|p2a: Annihilape|0 fnt
|faint|p2a: Annihilape
|
|upkeep
|
|t:|1757735318
|switch|p2a: Farigiraf|Farigiraf, L50, M|100/100
|turn|7
|
|t:|1757735335
|switch|p1a: Excadrill|Excadrill, L50, M|100/100
|move|p1b: Indeedee|Follow Me|p1b: Indeedee
|-singleturn|p1b: Indeedee|move: Follow Me
|move|p2b: Gholdengo|Make It Rain|p1b: Indeedee|[spread] p1a,p1b
|-resisted|p1a: Excadrill
|-damage|p1a: Excadrill|28/100
|-damage|p1b: Indeedee|0 fnt
|-unboost|p2b: Gholdengo|spa|1
|faint|p1b: Indeedee
|move|p2a: Farigiraf|Imprison|p2a: Farigiraf
|-start|p2a: Farigiraf|move: Imprison
|
|upkeep
|
|t:|1757735346
|switch|p1b: Tyranitar|Tyranitar, L50, F|83/100
|-weather|Sandstorm|[from] ability: Sand Stream|[of] p1b: Tyranitar
|turn|8
|
|t:|1757735370
|move|p2b: Gholdengo|Protect|p2b: Gholdengo
|-singleturn|p2b: Gholdengo|Protect
|move|p1a: Excadrill|Drill Run|p2b: Gholdengo
|-activate|p2b: Gholdengo|move: Protect
|move|p1b: Tyranitar|Knock Off|p2a: Farigiraf
|-supereffective|p2a: Farigiraf
|-damage|p2a: Farigiraf|2/100
|-enditem|p2a: Farigiraf|Safety Goggles|[from] move: Knock Off|[of] p1b: Tyranitar
|move|p2a: Farigiraf|Psychic|p1a: Excadrill
|-resisted|p1a: Excadrill
|-damage|p1a: Excadrill|4/100
|
|-weather|Sandstorm|[upkeep]
|-damage|p2a: Farigiraf|0 fnt|[from] Sandstorm
|faint|p2a: Farigiraf
|upkeep
|turn|9
|
|t:|1757735387
|move|p1a: Excadrill|Drill Run|p2b: Gholdengo
|-supereffective|p2b: Gholdengo
|-damage|p2b: Gholdengo|10/100
|move|p2b: Gholdengo|Make It Rain|p1b: Tyranitar|[spread] p1a,p1b
|-resisted|p1a: Excadrill
|-supereffective|p1b: Tyranitar
|-damage|p1a: Excadrill|0 fnt
|-damage|p1b: Tyranitar|1/100
|-unboost|p2b: Gholdengo|spa|1
|faint|p1a: Excadrill
|move|p1b: Tyranitar|Knock Off|p2b: Gholdengo
|-supereffective|p2b: Gholdengo
|-damage|p2b: Gholdengo|0 fnt
|-enditem|p2b: Gholdengo|Leftovers|[from] move: Knock Off|[of] p1b: Tyranitar
|faint|p2b: Gholdengo
|
|win|stanhoff
|l|☆bajjidjdj
|player|p2|
||bajjidjdj is ready for game 2.
|inactive|stanhoff has 30 seconds to confirm battle start!
||stanhoff is ready for game 2.
|uhtml|next|Next: Game 2 of 3
