|j|☆DrManbeast
|j|☆FALL3N_DWN
|html|DrManbeastFALL3N_DWN    
|uhtml|bestof|Game 2 of a best-of-3
|t:|1757114734
|gametype|doubles
|player|p1|DrManbeast|scientist-gen4dp|1131
|player|p2|FALL3N_DWN|carmine-festival|1153
|gen|9
|tier|[Gen 9] VGC 2025 Reg H (Bo3)
|rated|
|rule|Species Clause: Limit one of each Pokémon
|rule|Item Clause: Limit 1 of each item
|clearpoke
|poke|p1|Dragonite, L50, F|
|poke|p1|Gholdengo, L50|
|poke|p1|Ursaluna, L50, M|
|poke|p1|Annihilape, L50, F|
|poke|p1|Porygon2, L50|
|poke|p1|Incineroar, L50, F|
|poke|p2|Electabuzz, L50, M|
|poke|p2|Kingambit, L50, F|
|poke|p2|Volcarona, L50, M|
|poke|p2|Dragonite, L50, F|
|poke|p2|Sneasler, L50, F|
|poke|p2|Rillaboom, L50, F|
|teampreview|4
|showteam|p1|Dragonite||LoadedDice|InnerFocus|ScaleShot,Tailwind,Haze,Protect|||F|||50|,,,,,Steel]Gholdengo||MetalCoat|GoodasGold|MakeItRain,ShadowBall,NastyPlot,Protect||||||50|,,,,,Water]Ursaluna||FlameOrb|Guts|Facade,HeadlongRush,Earthquake,Protect|||M|||50|,,,,,Ghost]Annihilape||FocusSash|Defiant|CloseCombat,RageFist,Coaching,Taunt|||F|||50|,,,,,Stellar]Porygon2||Eviolite|Download|IceBeam,TeraBlast,Recover,TrickRoom||||||50|,,,,,Fighting]Incineroar||SafetyGoggles|Intimidate|FakeOut,KnockOff,PartingShot,WillOWisp|||F|||50|,,,,,Water
|showteam|p2|Electabuzz||Eviolite|VitalSpirit|FollowMe,Thunderbolt,Taunt,Protect|||M|||50|,,,,,Ghost]Kingambit||BlackGlasses|Defiant|KowtowCleave,SuckerPunch,SwordsDance,Protect|||F|||50|,,,,,Dark]Volcarona||Leftovers|FlameBody|HeatWave,TeraBlast,QuiverDance,Protect|||M|||50|,,,,,Fairy]Dragonite||LoadedDice|Multiscale|ScaleShot,ExtremeSpeed,Haze,Protect|||F|||50|,,,,,Fairy]Sneasler||FocusSash|Unburden|DireClaw,CloseCombat,Coaching,FakeOut|||F|||50|,,,,,Stellar]Rillaboom||AssaultVest|GrassySurge|FakeOut,WoodHammer,GrassyGlide,HighHorsepower|||F|||50|,,,,,Fire
|inactive|Battle timer is ON: inactive players will automatically lose when time's up. (requested by DrManbeast)
|inactive|FALL3N_DWN has 60 seconds left.
|inactive|DrManbeast has 60 seconds left.
|inactive|FALL3N_DWN has 30 seconds left.
|
|t:|1757114801
|teamsize|p1|4
|teamsize|p2|4
|start
|switch|p1a: Annihilape|Annihilape, L50, F|100/100
|switch|p1b: Dragonite|Dragonite, L50, F|100/100
|switch|p2a: Kingambit|Kingambit, L50, F|100/100
|switch|p2b: Electabuzz|Electabuzz, L50, M|100/100
|turn|1
|
|t:|1757114826
|switch|p2a: Volcarona|Volcarona, L50, M|100/100
|move|p1a: Annihilape|Close Combat|p2a: Volcarona
|-resisted|p2a: Volcarona
|-crit|p2a: Volcarona
|-damage|p2a: Volcarona|56/100
|-unboost|p1a: Annihilape|def|1
|-unboost|p1a: Annihilape|spd|1
|-status|p1a: Annihilape|brn|[from] ability: Flame Body|[of] p2a: Volcarona
|move|p2b: Electabuzz|Taunt|p1a: Annihilape
|-start|p1a: Annihilape|move: Taunt
|move|p1b: Dragonite|Scale Shot|p2b: Electabuzz
|-damage|p2b: Electabuzz|89/100
|-damage|p2b: Electabuzz|80/100
|-damage|p2b: Electabuzz|71/100
|-damage|p2b: Electabuzz|60/100
|-hitcount|p2b: Electabuzz|4
|-unboost|p1b: Dragonite|def|1
|-boost|p1b: Dragonite|spe|1
|
|-heal|p2a: Volcarona|62/100|[from] item: Leftovers
|-damage|p1a: Annihilape|94/100 brn|[from] brn
|upkeep
|turn|2
|inactive|FALL3N_DWN has 30 seconds left.
|inactive|DrManbeast has 30 seconds left.
|inactive|FALL3N_DWN has 20 seconds left.
|inactive|FALL3N_DWN has 15 seconds left.
|inactive|DrManbeast has 20 seconds left.
|
|t:|1757114873
|switch|p1a: Porygon2|Porygon2, L50|100/100
|-ability|p1a: Porygon2|Download|boost
|-boost|p1a: Porygon2|atk|1
|-terastallize|p2a: Volcarona|Fairy
|move|p1b: Dragonite|Scale Shot|p2b: Electabuzz|[miss]
|-miss|p1b: Dragonite|p2b: Electabuzz
|move|p2a: Volcarona|Quiver Dance|p2a: Volcarona
|-boost|p2a: Volcarona|spa|1
|-boost|p2a: Volcarona|spd|1
|-boost|p2a: Volcarona|spe|1
|move|p2b: Electabuzz|Thunderbolt|p1b: Dragonite
|-damage|p1b: Dragonite|72/100
|-status|p1b: Dragonite|par
|
|-heal|p2a: Volcarona|69/100|[from] item: Leftovers
|upkeep
|turn|3
|inactive|FALL3N_DWN has 30 seconds left.
|inactive|FALL3N_DWN has 20 seconds left.
|inactive|FALL3N_DWN has 15 seconds left.
|
|t:|1757114916
|move|p2a: Volcarona|Tera Blast|p1b: Dragonite|[anim] Tera Blast Fairy
|-supereffective|p1b: Dragonite
|-crit|p1b: Dragonite
|-damage|p1b: Dragonite|0 fnt
|faint|p1b: Dragonite
|move|p2b: Electabuzz|Taunt|p1a: Porygon2
|-start|p1a: Porygon2|move: Taunt
|move|p1a: Porygon2|Tera Blast|p2b: Electabuzz
|-damage|p2b: Electabuzz|34/100
|
|-heal|p2a: Volcarona|75/100|[from] item: Leftovers
|upkeep
|
|t:|1757114922
|switch|p1b: Annihilape|Annihilape, L50, F|94/100 brn
|turn|4
|
|t:|1757114940
|move|p2b: Electabuzz|Follow Me|p2b: Electabuzz
|-singleturn|p2b: Electabuzz|move: Follow Me
|move|p2a: Volcarona|Tera Blast|p1b: Annihilape|[anim] Tera Blast Fairy
|-supereffective|p1b: Annihilape
|-damage|p1b: Annihilape|0 fnt
|faint|p1b: Annihilape
|move|p1a: Porygon2|Tera Blast|p2b: Electabuzz
|-damage|p2b: Electabuzz|7/100
|
|-heal|p2a: Volcarona|81/100|[from] item: Leftovers
|upkeep
|
|t:|1757114944
|switch|p1b: Ursaluna|Ursaluna, L50, M|100/100
|turn|5
|inactive|FALL3N_DWN has 30 seconds left.
|inactive|FALL3N_DWN has 20 seconds left.
|
|t:|1757114979
|move|p2b: Electabuzz|Protect|p2b: Electabuzz
|-singleturn|p2b: Electabuzz|Protect
|move|p1b: Ursaluna|Protect|p1b: Ursaluna
|-singleturn|p1b: Ursaluna|Protect
|move|p2a: Volcarona|Heat Wave|p1b: Ursaluna|[spread] p1a
|-activate|p1b: Ursaluna|move: Protect
|-damage|p1a: Porygon2|72/100
|move|p1a: Porygon2|Tera Blast|p2a: Volcarona
|-damage|p2a: Volcarona|60/100
|
|-heal|p2a: Volcarona|67/100|[from] item: Leftovers
|-end|p1a: Porygon2|move: Taunt
|-status|p1b: Ursaluna|brn|[from] item: Flame Orb
|upkeep
|turn|6
|
|t:|1757115004
|move|p2a: Volcarona|Protect|p2a: Volcarona
|-singleturn|p2a: Volcarona|Protect
|move|p2b: Electabuzz|Taunt|p1a: Porygon2
|-start|p1a: Porygon2|move: Taunt
|move|p1a: Porygon2|Ice Beam|p2b: Electabuzz
|-damage|p2b: Electabuzz|0 fnt
|faint|p2b: Electabuzz
|move|p1b: Ursaluna|Facade|p2a: Volcarona
|-activate|p2a: Volcarona|move: Protect
|
|-heal|p2a: Volcarona|73/100|[from] item: Leftovers
|-damage|p1b: Ursaluna|95/100 brn|[from] brn
|upkeep
|
|t:|1757115015
|switch|p2b: Rillaboom|Rillaboom, L50, F|100/100
|-fieldstart|move: Grassy Terrain|[from] ability: Grassy Surge|[of] p2b: Rillaboom
|turn|7
|inactive|DrManbeast has 30 seconds left.
|inactive|FALL3N_DWN has 30 seconds left.
|
|t:|1757115045
|-terastallize|p1b: Ursaluna|Ghost
|move|p2a: Volcarona|Tera Blast|p1b: Ursaluna|[anim] Tera Blast Fairy
|-damage|p1b: Ursaluna|44/100 brn
|move|p2b: Rillaboom|Wood Hammer|p1b: Ursaluna
|-crit|p1b: Ursaluna
|-damage|p1b: Ursaluna|0 fnt
|faint|p1b: Ursaluna
|-damage|p2b: Rillaboom|84/100|[from] Recoil
|move|p1a: Porygon2|Ice Beam|p2b: Rillaboom
|-supereffective|p2b: Rillaboom
|-damage|p2b: Rillaboom|46/100
|-status|p2b: Rillaboom|frz
|
|-heal|p2a: Volcarona|79/100|[from] Grassy Terrain
|-heal|p2a: Volcarona|85/100|[from] item: Leftovers
|-heal|p2b: Rillaboom|52/100 frz|[from] Grassy Terrain
|-heal|p1a: Porygon2|77/100|[from] Grassy Terrain
|upkeep
|turn|8
|-message|DrManbeast forfeited.
|
|win|FALL3N_DWN
|l|☆DrManbeast
|player|p1|
||DrManbeast is ready for game 3.
|inactive|FALL3N_DWN has 30 seconds to confirm battle start!
|inactive|FALL3N_DWN has 20 seconds to confirm battle start!
||FALL3N_DWN is ready for game 3.
|uhtml|next|Next: Game 3 of 3
