|j|☆elpibevgc
|j|☆bruh.mov
|html|elpibevgcbruh.mov    
|uhtml|bestof|Game 1 of a best-of-3
|t:|1785450576
|gametype|doubles
|player|p1|elpibevgc|lucas|1000
|player|p2|bruh.mov|ghetsis|1043
|gen|9
|tier|[Gen 9 Champions] VGC 2026 Reg M-B (Bo3)
|rated|
|rule|Species Clause: Limit one of each Pokémon
|rule|Item Clause: Limit 1 of each item
|clearpoke
|poke|p1|Gholdengo, L50|
|poke|p1|Milotic, L50, F|
|poke|p1|Tsareena, L50, F, shiny|
|poke|p1|Garchomp, L50, F|
|poke|p1|Talonflame, L50, F, shiny|
|poke|p1|Raichu, L50, M|
|poke|p2|Lucario, L50, M|
|poke|p2|Hydreigon, L50, M|
|poke|p2|Swampert, L50, M|
|poke|p2|Pelipper, L50, M, shiny|
|poke|p2|Sylveon, L50, M, shiny|
|poke|p2|Sinistcha, L50, shiny|
|teampreview|4
|showteam|p1|Gholdengo||ChoiceScarf|GoodasGold|MakeItRain,PowerGem,ShadowBall,Trick|Timid|||||50|]Milotic||Leftovers|Competitive|Recover,IcyWind,Scald,Haze|Calm||F|||50|]Tsareena||WideLens|QueenlyMajesty|Protect,TripleAxel,PowerWhip,Taunt|Adamant||F|||50|]Garchomp||LifeOrb|RoughSkin|DragonClaw,RockSlide,StompingTantrum,Protect|Adamant||F|||50|]Talonflame||FocusSash|GaleWings|Tailwind,DualWingbeat,Overheat,Protect|Hasty||F|||50|]Raichu||RaichuniteY|LightningRod|FakeOut,Protect,ZapCannon,FocusBlast|Timid||M|||50|
|showteam|p2|Lucario||Lucarionite|InnerFocus|BulletPunch,CloseCombat,SteelBeam,AuraSphere|Hasty||M|||50|]Hydreigon||ChoiceScarf|Levitate|Snarl,DarkPulse,DracoMeteor,Uturn|Timid||M|||50|]Swampert||Swampertite|Torrent|WaveCrash,IcePunch,RockSlide,Earthquake|Jolly||M|||50|]Pelipper||FocusSash|Drizzle|Uturn,WeatherBall,Hurricane,Protect|Modest||M|||50|]Sylveon||FairyFeather|Pixilate|HyperBeam,HyperVoice,QuickAttack,WeatherBall|Quiet||M|||50|]Sinistcha||SitrusBerry|Hospitality|LifeDew,MatchaGotcha,RagePowder,TrickRoom|Bold|||||50|
|inactive|Battle timer is ON: inactive players will automatically lose when time's up. (requested by bruh.mov)
|inactive|elpibevgc has 60 seconds left.
|
|t:|1785450630
|teamsize|p1|4
|teamsize|p2|4
|start
|switch|p1a: Tsareena|Tsareena, L50, F, shiny|100/100
|switch|p1b: Raichu|Raichu, L50, M|100/100
|switch|p2a: Swampert|Swampert, L50, M|100/100
|switch|p2b: Pelipper|Pelipper, L50, M, shiny|100/100
|-weather|RainDance|[from] ability: Drizzle|[of] p2b: Pelipper
|turn|1
|inactive|elpibevgc has 30 seconds left.
|inactive|bruh.mov has 30 seconds left.
|inactive|elpibevgc has 20 seconds left.
|inactive|elpibevgc has 15 seconds left.
|
|t:|1785450672
|switch|p2a: Sinistcha|Sinistcha, L50, shiny|100/100
|detailschange|p1b: Raichu|Raichu-Mega-Y, L50, M
|-mega|p1b: Raichu|Raichu|Raichunite Y
|move|p1b: Raichu|Fake Out|p2b: Pelipper
|-damage|p2b: Pelipper|89/100
|move|p1a: Tsareena|Power Whip|p2a: Sinistcha
|-resisted|p2a: Sinistcha|1
|-damage|p2a: Sinistcha|75/100
|cant|p2b: Pelipper|flinch
|
|-weather|RainDance|[upkeep]
|upkeep
|turn|2
|
|t:|1785450692
|move|p1b: Raichu|Zap Cannon|p2a: Sinistcha
|-resisted|p2a: Sinistcha|1
|-damage|p2a: Sinistcha|33/100
|-status|p2a: Sinistcha|par
|-enditem|p2a: Sinistcha|Sitrus Berry|[eat]
|-heal|p2a: Sinistcha|58/100 par|[from] item: Sitrus Berry
|move|p1a: Tsareena|Triple Axel|p2a: Sinistcha
|-supereffective|p2a: Sinistcha|1
|-damage|p2a: Sinistcha|45/100 par
|-supereffective|p2a: Sinistcha|1
|-damage|p2a: Sinistcha|16/100 par
|-supereffective|p2a: Sinistcha|1
|-damage|p2a: Sinistcha|0 fnt
|faint|p2a: Sinistcha
|-hitcount|p2: Sinistcha|3
|move|p2b: Pelipper|Hurricane|p1a: Tsareena
|-supereffective|p1a: Tsareena|1
|-damage|p1a: Tsareena|0 fnt
|faint|p1a: Tsareena
|
|-weather|RainDance|[upkeep]
|upkeep
|inactive|elpibevgc has 30 seconds left.
|
|t:|1785450724
|switch|p1a: Milotic|Milotic, L50, F|100/100
|switch|p2a: Swampert|Swampert, L50, M|100/100
|turn|3
|inactive|elpibevgc has 30 seconds left.
|inactive|bruh.mov has 30 seconds left.
|inactive|elpibevgc has 20 seconds left.
|
|t:|1785450762
|switch|p1b: Talonflame|Talonflame, L50, F, shiny|100/100
|detailschange|p2a: Swampert|Swampert-Mega, L50, M
|-mega|p2a: Swampert|Swampert|Swampertite
|move|p2a: Swampert|Earthquake|p1a: Milotic|[spread] p1a
|-immune|p2b: Pelipper
|-immune|p1b: Talonflame
|-crit|p1a: Milotic
|-damage|p1a: Milotic|34/100
|move|p2b: Pelipper|U-turn|p1a: Milotic
|-damage|p1a: Milotic|26/100
|
|t:|1785450775
|switch|p2b: Hydreigon|Hydreigon, L50, M|100/100|[from] U-turn
|move|p1a: Milotic|Icy Wind|p2b: Hydreigon|[spread] p2a
|-miss|p1a: Milotic|p2b: Hydreigon
|-damage|p2a: Swampert|90/100
|-unboost|p2a: Swampert|spe|1
|
|-weather|RainDance|[upkeep]
|-heal|p1a: Milotic|32/100|[from] item: Leftovers
|upkeep
|turn|4
|
|t:|1785450799
|move|p1b: Talonflame|Tailwind|p1b: Talonflame
|-sidestart|p1: elpibevgc|move: Tailwind
|move|p2b: Hydreigon|Snarl|p1a: Milotic|[spread] p1a,p1b
|-damage|p1a: Milotic|18/100
|-damage|p1b: Talonflame|66/100
|-unboost|p1a: Milotic|spa|1
|-ability|p1a: Milotic|Competitive|boost
|-boost|p1a: Milotic|spa|2
|-unboost|p1b: Talonflame|spa|1
|move|p1a: Milotic|Icy Wind|p2b: Hydreigon|[spread] p2a,p2b
|-supereffective|p2b: Hydreigon|1
|-damage|p2a: Swampert|78/100
|-damage|p2b: Hydreigon|68/100
|-unboost|p2a: Swampert|spe|1
|-unboost|p2b: Hydreigon|spe|1
|move|p2a: Swampert|Rock Slide|p1a: Milotic|[spread] p1a,p1b
|-supereffective|p1b: Talonflame|2
|-damage|p1a: Milotic|0 fnt
|-damage|p1b: Talonflame|0 fnt
|faint|p1a: Milotic
|faint|p1b: Talonflame
|
|-weather|RainDance|[upkeep]
|upkeep
|inactive|elpibevgc has 30 seconds left.
|
|t:|1785450825
|switch|p1b: Raichu|Raichu-Mega-Y, L50, M|100/100
|turn|5
|
|t:|1785450837
|switch|p2a: Pelipper|Pelipper, L50, M, shiny|89/100
|move|p1b: Raichu|Focus Blast|p2a: Pelipper
|-resisted|p2a: Pelipper|1
|-damage|p2a: Pelipper|54/100
|move|p2b: Hydreigon|Snarl|p1b: Raichu
|-damage|p1b: Raichu|65/100
|-unboost|p1b: Raichu|spa|1
|
|-weather|none
|upkeep
|turn|6
|
|t:|1785450855
|switch|p2a: Swampert|Swampert-Mega, L50, M|78/100
|move|p1b: Raichu|Focus Blast|p2b: Hydreigon
|-supereffective|p2b: Hydreigon|1
|-damage|p2b: Hydreigon|2/100
|move|p2b: Hydreigon|Snarl|p1b: Raichu
|-damage|p1b: Raichu|33/100
|-unboost|p1b: Raichu|spa|1
|
|upkeep
|turn|7
|
|t:|1785450868
|switch|p2a: Pelipper|Pelipper, L50, M, shiny|54/100
|-weather|RainDance|[from] ability: Drizzle|[of] p2a: Pelipper
|move|p1b: Raichu|Focus Blast|p2a: Pelipper
|-resisted|p2a: Pelipper|1
|-damage|p2a: Pelipper|37/100
|move|p2b: Hydreigon|Snarl|p1b: Raichu
|-damage|p1b: Raichu|0 fnt
|faint|p1b: Raichu
|
|win|bruh.mov
||bruh.mov is ready for game 2.
|inactive|elpibevgc has 30 seconds to confirm battle start!
