|j|☆Bruthathechosen
|j|☆hamlessmel
|html|Bruthathechosenhamlessmel    
|uhtml|bestof|Game 1 of a best-of-3
|t:|1757189247
|gametype|doubles
|player|p1|Bruthathechosen|lady-gen4|1146
|player|p2|hamlessmel|dawn-gen4pt|1109
|gen|9
|tier|[Gen 9] VGC 2025 Reg H (Bo3)
|rated|
|rule|Species Clause: Limit one of each Pokémon
|rule|Item Clause: Limit 1 of each item
|clearpoke
|poke|p1|Kingambit, L50, M|
|poke|p1|Rillaboom, L50, M|
|poke|p1|Hydreigon, L50, F|
|poke|p1|Sneasler, L50, M|
|poke|p1|Electabuzz, L50, F|
|poke|p1|Volcarona, L50, F|
|poke|p2|Rillaboom, L50, F|
|poke|p2|Incineroar, L50, F|
|poke|p2|Dragonite, L50, F|
|poke|p2|Gholdengo, L50|
|poke|p2|Ninetales-Alola, L50, M|
|poke|p2|Basculegion, L50, M|
|teampreview|4
|showteam|p1|Kingambit||BlackGlasses|Defiant|SuckerPunch,KowtowCleave,SwordsDance,Protect|||M|||50|,,,,,Dark]Rillaboom||AssaultVest|GrassySurge|FakeOut,GrassyGlide,HighHorsepower,Uturn|||M|||50|,,,,,Water]Hydreigon||ChoiceSpecs|Levitate|DarkPulse,DracoMeteor,Snarl,Uturn|||F|||50|,,,,,Ghost]Sneasler||GrassySeed|Unburden|FakeOut,CloseCombat,DireClaw,Protect|||M|||50|,,,,,Stellar]Electabuzz||Eviolite|VitalSpirit|Taunt,Thunderbolt,FollowMe,Protect|||F|||50|,,,,,Dragon]Volcarona||CovertCloak|FlameBody|QuiverDance,HeatWave,TeraBlast,Protect|||F|||50|,,,,,Fairy
|showteam|p2|Rillaboom||AssaultVest|GrassySurge|FakeOut,WoodHammer,Uturn,GrassyGlide|||F|||50|,,,,,Water]Incineroar||SafetyGoggles|Intimidate|FakeOut,PartingShot,FlareBlitz,KnockOff|||F|||50|,,,,,Ghost]Dragonite||LoadedDice|Multiscale|Protect,Tailwind,ScaleShot,StompingTantrum|||F|||50|,,,,,Steel]Gholdengo||LifeOrb|GoodasGold|NastyPlot,Protect,ShadowBall,MakeItRain||||||50|,,,,,Dragon]Ninetales-Alola||LightClay|SnowWarning|Blizzard,FreezeDry,Protect,AuroraVeil|||M|||50|,,,,,Ice]Basculegion||ChoiceScarf|Adaptability|WaveCrash,LastRespects,FlipTurn,AquaJet|||M|||50|,,,,,Water
|
|t:|1757189282
|teamsize|p1|4
|teamsize|p2|4
|start
|switch|p1a: Sneasler|Sneasler, L50, M|100/100
|switch|p1b: Kingambit|Kingambit, L50, M|100/100
|switch|p2a: Dragonite|Dragonite, L50, F|100/100
|switch|p2b: Basculegion|Basculegion, L50, M|100/100
|turn|1
|
|t:|1757189308
|-terastallize|p2b: Basculegion|Water
|move|p2a: Dragonite|Protect|p2a: Dragonite
|-singleturn|p2a: Dragonite|Protect
|move|p1a: Sneasler|Fake Out|p2a: Dragonite
|-activate|p2a: Dragonite|move: Protect
|move|p2b: Basculegion|Flip Turn|p1b: Kingambit
|-damage|p1b: Kingambit|65/100
|
|t:|1757189316
|switch|p2b: Ninetales|Ninetales-Alola, L50, M, shiny|100/100|[from] Flip Turn
|-weather|Snowscape|[from] ability: Snow Warning|[of] p2b: Ninetales
|move|p1b: Kingambit|Swords Dance|p1b: Kingambit
|-boost|p1b: Kingambit|atk|2
|
|-weather|Snowscape|[upkeep]
|upkeep
|turn|2
|
|t:|1757189338
|switch|p1a: Volcarona|Volcarona, L50, F|100/100
|-terastallize|p1b: Kingambit|Dark
|move|p2b: Ninetales|Aurora Veil|p2b: Ninetales
|-sidestart|p2: hamlessmel|move: Aurora Veil
|move|p2a: Dragonite|Stomping Tantrum|p1b: Kingambit
|-damage|p1b: Kingambit|41/100
|move|p1b: Kingambit|Kowtow Cleave|p2a: Dragonite
|-damage|p2a: Dragonite|48/100
|
|-weather|Snowscape|[upkeep]
|upkeep
|turn|3
|
|t:|1757189363
|move|p1b: Kingambit|Sucker Punch|p2a: Dragonite
|-damage|p2a: Dragonite|0 fnt
|faint|p2a: Dragonite
|move|p2b: Ninetales|Blizzard|p1b: Kingambit|[spread] p1a,p1b
|-resisted|p1a: Volcarona
|-damage|p1a: Volcarona|85/100
|-damage|p1b: Kingambit|7/100
|move|p1a: Volcarona|Quiver Dance|p1a: Volcarona
|-boost|p1a: Volcarona|spa|1
|-boost|p1a: Volcarona|spd|1
|-boost|p1a: Volcarona|spe|1
|
|-weather|Snowscape|[upkeep]
|upkeep
|
|t:|1757189373
|switch|p2a: Basculegion|Basculegion, L50, M, tera:Water|100/100
|turn|4
|
|t:|1757189384
|move|p2b: Ninetales|Protect|p2b: Ninetales
|-singleturn|p2b: Ninetales|Protect
|move|p2a: Basculegion|Aqua Jet|p1b: Kingambit
|-damage|p1b: Kingambit|0 fnt
|faint|p1b: Kingambit
|move|p1a: Volcarona|Heat Wave|p2b: Ninetales|[spread] p2a
|-activate|p2b: Ninetales|move: Protect
|-resisted|p2a: Basculegion
|-damage|p2a: Basculegion|84/100
|
|-weather|Snowscape|[upkeep]
|upkeep
|
|t:|1757189393
|switch|p1b: Rillaboom|Rillaboom, L50, M|100/100
|-fieldstart|move: Grassy Terrain|[from] ability: Grassy Surge|[of] p1b: Rillaboom
|turn|5
|
|t:|1757189402
|move|p1a: Volcarona|Protect|p1a: Volcarona
|-singleturn|p1a: Volcarona|Protect
|move|p2a: Basculegion|Aqua Jet|p1a: Volcarona
|-activate|p1a: Volcarona|move: Protect
|move|p1b: Rillaboom|Grassy Glide|p2a: Basculegion
|-supereffective|p2a: Basculegion
|-damage|p2a: Basculegion|16/100
|move|p2b: Ninetales|Blizzard|p1a: Volcarona|[spread] p1b
|-activate|p1a: Volcarona|move: Protect
|-supereffective|p1b: Rillaboom
|-damage|p1b: Rillaboom|59/100
|
|-weather|none
|-heal|p1a: Volcarona|92/100|[from] Grassy Terrain
|-heal|p2a: Basculegion|22/100|[from] Grassy Terrain
|-heal|p1b: Rillaboom|65/100|[from] Grassy Terrain
|upkeep
|turn|6
|
|t:|1757189422
|switch|p2a: Rillaboom|Rillaboom, L50, F|100/100
|move|p2b: Ninetales|Protect|p2b: Ninetales
|-singleturn|p2b: Ninetales|Protect
|move|p1b: Rillaboom|Grassy Glide|p2b: Ninetales
|-activate|p2b: Ninetales|move: Protect
|move|p1a: Volcarona|Heat Wave|p2b: Ninetales|[spread] 
|-activate|p2b: Ninetales|move: Protect
|-miss|p1a: Volcarona|p2a: Rillaboom
|
|-heal|p1a: Volcarona|98/100|[from] Grassy Terrain
|-heal|p1b: Rillaboom|71/100|[from] Grassy Terrain
|upkeep
|turn|7
|
|t:|1757189438
|move|p1a: Volcarona|Protect|p1a: Volcarona
|-singleturn|p1a: Volcarona|Protect
|move|p2a: Rillaboom|Fake Out|p1a: Volcarona
|-activate|p1a: Volcarona|move: Protect
|move|p2b: Ninetales|Freeze-Dry|p1b: Rillaboom
|-supereffective|p1b: Rillaboom
|-damage|p1b: Rillaboom|29/100
|move|p1b: Rillaboom|U-turn|p2a: Rillaboom
|-supereffective|p2a: Rillaboom
|-damage|p2a: Rillaboom|67/100
|
|t:|1757189447
|switch|p1b: Sneasler|Sneasler, L50, M|100/100|[from] U-turn
|-enditem|p1b: Sneasler|Grassy Seed
|-boost|p1b: Sneasler|def|1|[from] item: Grassy Seed
|
|-heal|p1a: Volcarona|100/100|[from] Grassy Terrain
|-heal|p2a: Rillaboom|73/100|[from] Grassy Terrain
|upkeep
|turn|8
|
|t:|1757189472
|move|p1b: Sneasler|Dire Claw|p2a: Rillaboom
|-supereffective|p2a: Rillaboom
|-damage|p2a: Rillaboom|12/100
|move|p1a: Volcarona|Heat Wave|p2a: Rillaboom|[spread] p2a,p2b
|-supereffective|p2a: Rillaboom
|-supereffective|p2b: Ninetales
|-damage|p2a: Rillaboom|0 fnt
|-damage|p2b: Ninetales|23/100
|faint|p2a: Rillaboom
|move|p2b: Ninetales|Freeze-Dry|p1b: Sneasler
|-crit|p1b: Sneasler
|-damage|p1b: Sneasler|54/100
|-status|p1b: Sneasler|frz
|
|-heal|p1b: Sneasler|59/100 frz|[from] Grassy Terrain
|-heal|p2b: Ninetales|29/100|[from] Grassy Terrain
|upkeep
|
|t:|1757189485
|switch|p2a: Basculegion|Basculegion, L50, M, tera:Water|22/100
|turn|9
|
|t:|1757189502
|move|p1a: Volcarona|Protect|p1a: Volcarona
|-singleturn|p1a: Volcarona|Protect
|cant|p1b: Sneasler|frz
|move|p2a: Basculegion|Last Respects|p1a: Volcarona
|-activate|p1a: Volcarona|move: Protect
|move|p2b: Ninetales|Freeze-Dry|p1a: Volcarona
|-activate|p1a: Volcarona|move: Protect
|
|-heal|p1b: Sneasler|65/100 frz|[from] Grassy Terrain
|-heal|p2a: Basculegion|28/100|[from] Grassy Terrain
|-heal|p2b: Ninetales|35/100|[from] Grassy Terrain
|-sideend|p2: hamlessmel|move: Aurora Veil
|-fieldend|move: Grassy Terrain
|upkeep
|turn|10
|
|t:|1757189518
|move|p2b: Ninetales|Protect|p2b: Ninetales
|-singleturn|p2b: Ninetales|Protect
|-curestatus|p1b: Sneasler|frz|[msg]
|move|p1b: Sneasler|Close Combat|p2a: Basculegion
|-damage|p2a: Basculegion|0 fnt
|-unboost|p1b: Sneasler|def|1
|-unboost|p1b: Sneasler|spd|1
|faint|p2a: Basculegion
|move|p1a: Volcarona|Heat Wave|p2b: Ninetales
|-activate|p2b: Ninetales|move: Protect
|
|upkeep
|turn|11
|-message|hamlessmel forfeited.
|
|win|Bruthathechosen
|l|☆hamlessmel
|player|p2|
||hamlessmel is ready for game 2.
||Bruthathechosen is ready for game 2.
|uhtml|next|Next: Game 2 of 3
