|j|☆wowiekazowee
|j|☆KingV1337
|html|wowiekazoweeKingV1337    
|uhtml|bestof|Game 2 of a best-of-3
|t:|1757187731
|gametype|doubles
|player|p1|wowiekazowee|idol|1130
|player|p2|KingV1337|cynthia-gen4|1217
|gen|9
|tier|[Gen 9] VGC 2025 Reg H (Bo3)
|rated|
|rule|Species Clause: Limit one of each Pokémon
|rule|Item Clause: Limit 1 of each item
|clearpoke
|poke|p1|Incineroar, L50, F|
|poke|p1|Rillaboom, L50, M|
|poke|p1|Sneasler, L50, F|
|poke|p1|Gholdengo, L50|
|poke|p1|Ninetales-Alola, L50, F|
|poke|p1|Electabuzz, L50, F|
|poke|p2|Tyranitar, L50, F|
|poke|p2|Garchomp, L50, M|
|poke|p2|Gholdengo, L50|
|poke|p2|Primarina, L50, M|
|poke|p2|Talonflame, L50, F|
|poke|p2|Sneasler, L50, F|
|teampreview|4
|showteam|p1|Incineroar||SafetyGoggles|Intimidate|FakeOut,FlareBlitz,KnockOff,PartingShot|||F|||50|,,,,,Water]Rillaboom||AssaultVest|GrassySurge|WoodHammer,GrassyGlide,FakeOut,Uturn|||M|||50|,,,,,Fire]Sneasler||GrassySeed|Unburden|CloseCombat,DireClaw,FakeOut,Protect|||F|||50|,,,,,Dark]Gholdengo||LifeOrb|GoodasGold|MakeItRain,ShadowBall,NastyPlot,Protect||||||50|,,,,,Dragon]Ninetales-Alola||LightClay|SnowWarning|Moonblast,AuroraVeil,Blizzard,Protect|||F|||50|,,,,,Fire]Electabuzz||Eviolite|Static|Electroweb,VoltSwitch,FollowMe,Protect|||F|||50|,,,,,Grass
|showteam|p2|Tyranitar||AssaultVest|SandStream|KnockOff,StoneEdge,TeraBlast,LowKick|||F|||50|,,,,,Flying]Garchomp||ClearAmulet|SandVeil|StompingTantrum,DragonClaw,SwordsDance,Protect|||M|||50|,,,,,Ground]Gholdengo||LifeOrb|GoodasGold|MakeItRain,ShadowBall,NastyPlot,Protect||||||50|,,,,,Water]Primarina||Leftovers|LiquidVoice|HyperVoice,Moonblast,Haze,Protect|||M|||50|,,,,,Poison]Talonflame||SafetyGoggles|GaleWings|DualWingbeat,Tailwind,Taunt,WillOWisp|||F|||50|,,,,,Ghost]Sneasler||WhiteHerb|Unburden|FakeOut,CloseCombat,DireClaw,Coaching|||F|||50|,,,,,Dark
|inactive|Battle timer is ON: inactive players will automatically lose when time's up. (requested by KingV1337)
|inactive|wowiekazowee has 60 seconds left.
|
|t:|1757187772
|teamsize|p1|4
|teamsize|p2|4
|start
|switch|p1a: Bornanors|Rillaboom, L50, M|100/100
|switch|p1b: Ashleigh|Sneasler, L50, F|100/100
|switch|p2a: Talonflame|Talonflame, L50, F|100/100
|switch|p2b: Sneasler|Sneasler, L50, F|100/100
|-fieldstart|move: Grassy Terrain|[from] ability: Grassy Surge|[of] p1a: Bornanors
|-enditem|p1b: Ashleigh|Grassy Seed
|-boost|p1b: Ashleigh|def|1|[from] item: Grassy Seed
|turn|1
|
|t:|1757187797
|move|p1b: Ashleigh|Fake Out|p2b: Sneasler
|-damage|p2b: Sneasler|75/100
|cant|p2b: Sneasler|flinch
|move|p1a: Bornanors|Fake Out|p2a: Talonflame
|-damage|p2a: Talonflame|80/100
|cant|p2a: Talonflame|flinch
|
|-heal|p2b: Sneasler|81/100|[from] Grassy Terrain
|upkeep
|turn|2
|
|t:|1757187820
|switch|p1a: Ninetales|Ninetales-Alola, L50, F|100/100
|-weather|Snowscape|[from] ability: Snow Warning|[of] p1a: Ninetales
|move|p1b: Ashleigh|Dire Claw|p2a: Talonflame
|-damage|p2a: Talonflame|19/100
|move|p2a: Talonflame|Dual Wingbeat|p1b: Ashleigh
|-supereffective|p1b: Ashleigh
|-damage|p1b: Ashleigh|66/100
|-supereffective|p1b: Ashleigh
|-damage|p1b: Ashleigh|34/100
|-hitcount|p1b: Ashleigh|2
|move|p2b: Sneasler|Dire Claw|p1a: Ninetales
|-supereffective|p1a: Ninetales
|-damage|p1a: Ninetales|26/100
|
|-weather|Snowscape|[upkeep]
|-heal|p1b: Ashleigh|40/100|[from] Grassy Terrain
|-heal|p2b: Sneasler|87/100|[from] Grassy Terrain
|-heal|p1a: Ninetales|32/100|[from] Grassy Terrain
|upkeep
|turn|3
|
|t:|1757187840
|switch|p2b: Tyranitar|Tyranitar, L50, F|100/100
|-weather|Sandstorm|[from] ability: Sand Stream|[of] p2b: Tyranitar
|move|p1b: Ashleigh|Dire Claw|p2a: Talonflame
|-damage|p2a: Talonflame|0 fnt
|faint|p2a: Talonflame
|move|p1a: Ninetales|Moonblast|p2b: Tyranitar
|-supereffective|p2b: Tyranitar
|-damage|p2b: Tyranitar|76/100
|
|-weather|Sandstorm|[upkeep]
|-damage|p1b: Ashleigh|34/100|[from] Sandstorm
|-damage|p1a: Ninetales|26/100|[from] Sandstorm
|-heal|p1b: Ashleigh|40/100|[from] Grassy Terrain
|-heal|p1a: Ninetales|32/100|[from] Grassy Terrain
|-heal|p2b: Tyranitar|82/100|[from] Grassy Terrain
|upkeep
|
|t:|1757187844
|switch|p2a: Sneasler|Sneasler, L50, F|87/100
|turn|4
|inactive|wowiekazowee has 30 seconds left.
|
|t:|1757187871
|switch|p1a: Sale|Gholdengo, L50|100/100
|move|p2a: Sneasler|Fake Out|p1b: Ashleigh
|-damage|p1b: Ashleigh|24/100
|cant|p1b: Ashleigh|flinch
|move|p2b: Tyranitar|Stone Edge|p1a: Sale
|-resisted|p1a: Sale
|-damage|p1a: Sale|76/100
|
|-weather|Sandstorm|[upkeep]
|-damage|p1b: Ashleigh|18/100|[from] Sandstorm
|-damage|p2a: Sneasler|81/100|[from] Sandstorm
|-heal|p1b: Ashleigh|24/100|[from] Grassy Terrain
|-heal|p2a: Sneasler|87/100|[from] Grassy Terrain
|-heal|p1a: Sale|82/100|[from] Grassy Terrain
|-heal|p2b: Tyranitar|88/100|[from] Grassy Terrain
|upkeep
|turn|5
|
|t:|1757187885
|switch|p2b: Garchomp|Garchomp, L50, M|100/100
|move|p1b: Ashleigh|Protect|p1b: Ashleigh
|-singleturn|p1b: Ashleigh|Protect
|move|p2a: Sneasler|Close Combat|p1b: Ashleigh
|-activate|p1b: Ashleigh|move: Protect
|move|p1a: Sale|Make It Rain|p2a: Sneasler|[spread] p2a,p2b
|-damage|p2a: Sneasler|6/100
|-damage|p2b: Garchomp|45/100
|-unboost|p1a: Sale|spa|1
|-damage|p1a: Sale|72/100|[from] item: Life Orb
|
|-weather|Sandstorm|[upkeep]
|-damage|p1b: Ashleigh|18/100|[from] Sandstorm
|-damage|p2a: Sneasler|0 fnt|[from] Sandstorm
|faint|p2a: Sneasler
|-heal|p1b: Ashleigh|24/100|[from] Grassy Terrain
|-heal|p2b: Garchomp|51/100|[from] Grassy Terrain
|-heal|p1a: Sale|78/100|[from] Grassy Terrain
|-fieldend|move: Grassy Terrain
|upkeep
|
|t:|1757187892
|switch|p2a: Tyranitar|Tyranitar, L50, F|88/100
|turn|6
|
|t:|1757187906
|-terastallize|p2a: Tyranitar|Flying
|move|p1b: Ashleigh|Close Combat|p2b: Garchomp|[miss]
|-miss|p1b: Ashleigh|p2b: Garchomp
|move|p2b: Garchomp|Stomping Tantrum|p1a: Sale
|-supereffective|p1a: Sale
|-damage|p1a: Sale|6/100
|move|p1a: Sale|Make It Rain|p2a: Tyranitar|[spread] p2a,p2b
|-damage|p2a: Tyranitar|65/100
|-damage|p2b: Garchomp|9/100
|-unboost|p1a: Sale|spa|1
|-damage|p1a: Sale|0 fnt|[from] item: Life Orb
|faint|p1a: Sale
|move|p2a: Tyranitar|Tera Blast|p1b: Ashleigh|[anim] Tera Blast Flying
|-supereffective|p1b: Ashleigh
|-damage|p1b: Ashleigh|0 fnt
|faint|p1b: Ashleigh
|
|-weather|Sandstorm|[upkeep]
|-damage|p2a: Tyranitar|59/100|[from] Sandstorm
|upkeep
|
|t:|1757187925
|switch|p1b: Ninetales|Ninetales-Alola, L50, F|32/100
|switch|p1a: Bornanors|Rillaboom, L50, M|100/100
|-weather|Snowscape|[from] ability: Snow Warning|[of] p1b: Ninetales
|-fieldstart|move: Grassy Terrain|[from] ability: Grassy Surge|[of] p1a: Bornanors
|turn|7
|
|t:|1757187937
|move|p1a: Bornanors|Fake Out|p2a: Tyranitar
|-damage|p2a: Tyranitar|49/100
|move|p1b: Ninetales|Blizzard|p2a: Tyranitar|[spread] p2a,p2b
|-supereffective|p2a: Tyranitar
|-supereffective|p2b: Garchomp
|-damage|p2a: Tyranitar|17/100
|-damage|p2b: Garchomp|0 fnt
|faint|p2b: Garchomp
|cant|p2a: Tyranitar|flinch
|
|-weather|Snowscape|[upkeep]
|-heal|p1b: Ninetales|38/100|[from] Grassy Terrain
|upkeep
|turn|8
|
|t:|1757187949
|move|p1a: Bornanors|Grassy Glide|p2a: Tyranitar
|-resisted|p2a: Tyranitar
|-damage|p2a: Tyranitar|5/100
|move|p1b: Ninetales|Blizzard|p2a: Tyranitar
|-supereffective|p2a: Tyranitar
|-damage|p2a: Tyranitar|0 fnt
|faint|p2a: Tyranitar
|
|win|wowiekazowee
