|j|☆comrade31281
|j|☆bungest2
|html|comrade31281bungest2    
|uhtml|bestof|Game 1 of a best-of-3
|t:|1757653787
|gametype|doubles
|player|p1|comrade31281|266|
|player|p2|bungest2|fisherman-gen4|
|gen|9
|tier|[Gen 9] VGC 2025 Reg H (Bo3)
|rule|Species Clause: Limit one of each Pokémon
|rule|Item Clause: Limit 1 of each item
|clearpoke
|poke|p1|Tsareena, L50, F|
|poke|p1|Quaquaval, L50, F|
|poke|p1|Incineroar, L50, F|
|poke|p1|Archaludon, L50, F|
|poke|p1|Slowking, L50, F|
|poke|p1|Forretress, L50, F|
|poke|p2|Tsareena, L50, F|
|poke|p2|Quaquaval, L50, M|
|poke|p2|Incineroar, L50, F|
|poke|p2|Archaludon, L50, M|
|poke|p2|Slowking, L50, F|
|poke|p2|Forretress, L50, M|
|teampreview|4
|showteam|p1|Tsareena||LoadedDice|QueenlyMajesty|BulletSeed,SolarBlade,HelpingHand,Protect|||F|||50|,,,,,Water]Quaquaval||LifeOrb|Moxie|AquaStep,Detect,IceSpinner,CloseCombat|||F|||50|,,,,,Steel]Incineroar||CovertCloak|Intimidate|KnockOff,PartingShot,FlareBlitz,FakeOut|||F|||50|,,,,,Grass]Archaludon||AssaultVest|Stamina|SolarBeam,ElectroShot,FlashCannon,DracoMeteor|||F|||50|,,,,,Grass]Slowking||LightClay|Regenerator|Reflect,LightScreen,Psychic,TrickRoom|||F|||50|,,,,,Grass]Forretress||MentalHerb|Sturdy|SunnyDay,RainDance,PainSplit,HelpingHand|||F|||50|,,,,,Dark
|showteam|p2|Tsareena||LoadedDice|QueenlyMajesty|SolarBlade,BulletSeed,HelpingHand,Protect|||F|||50|,,,,,Water]Quaquaval||LifeOrb|Moxie|AquaStep,CloseCombat,IceSpinner,Detect|||M|||50|,,,,,Steel]Incineroar||CovertCloak|Intimidate|KnockOff,PartingShot,FlareBlitz,FakeOut|||F|||50|,,,,,Grass]Archaludon||AssaultVest|Stamina|SolarBeam,ElectroShot,FlashCannon,DracoMeteor|||M|||50|,,,,,Grass]Slowking||LightClay|Regenerator|Reflect,LightScreen,Psychic,TrickRoom|||F|||50|,,,,,Dark]Forretress||MentalHerb|Sturdy|SunnyDay,RainDance,PainSplit,HelpingHand|||M|||50|,,,,,Dark
|inactive|Battle timer is ON: inactive players will automatically lose when time's up. (requested by comrade31281)
|j| Frosty Nuggz
|inactive|comrade31281 has 60 seconds left.
|
|t:|1757653823
|teamsize|p1|4
|teamsize|p2|4
|start
|switch|p1a: Slowking|Slowking, L50, F|100/100
|switch|p1b: Incineroar|Incineroar, L50, F|100/100
|switch|p2a: Quaquaval|Quaquaval, L50, M|100/100
|switch|p2b: Incineroar|Incineroar, L50, F|100/100
|-ability|p2b: Incineroar|Intimidate|boost
|-unboost|p1a: Slowking|atk|1
|-unboost|p1b: Incineroar|atk|1
|-ability|p1b: Incineroar|Intimidate|boost
|-unboost|p2a: Quaquaval|atk|1
|-unboost|p2b: Incineroar|atk|1
|turn|1
|l| Frosty Nuggz
|
|t:|1757653843
|-terastallize|p1a: Slowking|Grass
|move|p1b: Incineroar|Fake Out|p2a: Quaquaval
|-damage|p2a: Quaquaval|92/100
|move|p2b: Incineroar|Fake Out|p1a: Slowking
|-damage|p1a: Slowking|95/100
|cant|p2a: Quaquaval|flinch
|cant|p1a: Slowking|flinch
|
|upkeep
|turn|2
|inactive|bungest2 has 30 seconds left.
|
|t:|1757653874
|move|p2a: Quaquaval|Aqua Step|p1b: Incineroar
|-supereffective|p1b: Incineroar
|-damage|p1b: Incineroar|38/100
|-boost|p2a: Quaquaval|spe|1
|-damage|p2a: Quaquaval|82/100|[from] item: Life Orb
|move|p2b: Incineroar|Parting Shot|p1a: Slowking
|-unboost|p1a: Slowking|atk|1
|-unboost|p1a: Slowking|spa|1
|
|t:|1757653883
|switch|p2b: Forretress|Forretress, L50, M|100/100|[from] Parting Shot
|move|p1b: Incineroar|Parting Shot|p2a: Quaquaval
|-unboost|p2a: Quaquaval|atk|1
|-unboost|p2a: Quaquaval|spa|1
|
|t:|1757653894
|switch|p1b: Archaludon|Archaludon, L50, F|100/100|[from] Parting Shot
|move|p1a: Slowking|Reflect|p1a: Slowking
|-sidestart|p1: comrade31281|Reflect
|
|upkeep
|turn|3
|
|t:|1757653919
|switch|p2a: Archaludon|Archaludon, L50, M, shiny|100/100
|move|p1b: Archaludon|Electro Shot||[still]
|-prepare|p1b: Archaludon|Electro Shot
|-boost|p1b: Archaludon|spa|1
|move|p2b: Forretress|Pain Split|p1b: Archaludon
|-sethp|p1b: Archaludon|89/100|[from] move: Pain Split|[silent]
|-sethp|p2b: Forretress|100/100|[from] move: Pain Split
|move|p1a: Slowking|Trick Room|p1a: Slowking
|-fieldstart|move: Trick Room|[of] p1a: Slowking
|
|upkeep
|turn|4
|inactive|bungest2 has 30 seconds left.
|inactive|bungest2 has 20 seconds left.
|
|t:|1757653958
|switch|p2b: Incineroar|Incineroar, L50, F|100/100
|-ability|p2b: Incineroar|Intimidate|boost
|-unboost|p1a: Slowking|atk|1
|-unboost|p1b: Archaludon|atk|1
|move|p1a: Slowking|Light Screen|p1a: Slowking
|-sidestart|p1: comrade31281|move: Light Screen
|move|p1b: Archaludon|Electro Shot|p2a: Archaludon|[from] lockedmove
|-resisted|p2a: Archaludon
|-damage|p2a: Archaludon|75/100
|-ability|p2a: Archaludon|Stamina|boost
|-boost|p2a: Archaludon|def|1
|move|p2a: Archaludon|Draco Meteor|p1b: Archaludon
|-damage|p1b: Archaludon|56/100
|-unboost|p2a: Archaludon|spa|2
|-ability|p1b: Archaludon|Stamina|boost
|-boost|p1b: Archaludon|def|1
|
|upkeep
|turn|5
|inactive|comrade31281 has 30 seconds left.
|inactive|bungest2 has 30 seconds left.
|inactive|bungest2 has 20 seconds left.
|inactive|bungest2 has 15 seconds left.
|
|t:|1757654000
|switch|p1a: Incineroar|Incineroar, L50, F|38/100
|-ability|p1a: Incineroar|Intimidate|boost
|-unboost|p2a: Archaludon|atk|1
|-unboost|p2b: Incineroar|atk|1
|switch|p2a: Forretress|Forretress, L50, M|100/100
|move|p2b: Incineroar|Knock Off|p1b: Archaludon
|-damage|p1b: Archaludon|46/100
|-ability|p1b: Archaludon|Stamina|boost
|-boost|p1b: Archaludon|def|1
|-enditem|p1b: Archaludon|Assault Vest|[from] move: Knock Off|[of] p2b: Incineroar
|move|p1b: Archaludon|Draco Meteor|p2a: Forretress
|-resisted|p2a: Forretress
|-damage|p2a: Forretress|40/100
|-unboost|p1b: Archaludon|spa|2
|
|upkeep
|turn|6
|inactive|comrade31281 has 30 seconds left.
|inactive|bungest2 has 30 seconds left.
|inactive|comrade31281 has 20 seconds left.
|inactive|bungest2 has 20 seconds left.
|inactive|bungest2 has 15 seconds left.
|
|t:|1757654041
|switch|p1b: Slowking|Slowking, L50, F, tera:Grass|100/100
|-terastallize|p2a: Forretress|Dark
|move|p1a: Incineroar|Fake Out|p2a: Forretress
|-damage|p2a: Forretress|30/100
|cant|p2a: Forretress|flinch
|move|p2b: Incineroar|Knock Off|p1a: Incineroar
|-resisted|p1a: Incineroar
|-damage|p1a: Incineroar|29/100
|-enditem|p1a: Incineroar|Covert Cloak|[from] move: Knock Off|[of] p2b: Incineroar
|
|upkeep
|turn|7
|inactive|bungest2 has 30 seconds left.
|
|t:|1757654068
|switch|p1b: Quaquaval|Quaquaval, L50, F|100/100
|move|p2a: Forretress|Pain Split|p1b: Quaquaval
|-sethp|p1b: Quaquaval|63/100|[from] move: Pain Split|[silent]
|-sethp|p2a: Forretress|73/100|[from] move: Pain Split
|move|p2b: Incineroar|Flare Blitz|p1b: Quaquaval
|-resisted|p1b: Quaquaval
|-damage|p1b: Quaquaval|51/100
|-damage|p2b: Incineroar|97/100|[from] Recoil
|move|p1a: Incineroar|Flare Blitz|p2a: Forretress
|-damage|p2a: Forretress|30/100
|-damage|p1a: Incineroar|18/100|[from] Recoil
|
|-fieldend|move: Trick Room
|upkeep
|turn|8
|inactive|comrade31281 has 30 seconds left.
|
|t:|1757654097
|move|p1b: Quaquaval|Close Combat|p2a: Forretress
|-supereffective|p2a: Forretress
|-damage|p2a: Forretress|0 fnt
|-unboost|p1b: Quaquaval|def|1
|-unboost|p1b: Quaquaval|spd|1
|faint|p2a: Forretress
|-ability|p1b: Quaquaval|Moxie|boost
|-boost|p1b: Quaquaval|atk|1
|-damage|p1b: Quaquaval|42/100|[from] item: Life Orb
|move|p1a: Incineroar|Parting Shot|p2b: Incineroar
|-unboost|p2b: Incineroar|atk|1
|-unboost|p2b: Incineroar|spa|1
|
|t:|1757654110
|switch|p1a: Archaludon|Archaludon, L50, F|46/100|[from] Parting Shot
|move|p2b: Incineroar|Parting Shot|p1b: Quaquaval
|-unboost|p1b: Quaquaval|atk|1
|-unboost|p1b: Quaquaval|spa|1
|
|t:|1757654116
|switch|p2b: Quaquaval|Quaquaval, L50, M|82/100|[from] Parting Shot
|
|upkeep
|
|t:|1757654120
|switch|p2a: Archaludon|Archaludon, L50, M, shiny|75/100
|turn|9
|
|t:|1757654136
|switch|p2a: Incineroar|Incineroar, L50, F|97/100
|-ability|p2a: Incineroar|Intimidate|boost
|-unboost|p1a: Archaludon|atk|1
|-unboost|p1b: Quaquaval|atk|1
|move|p1b: Quaquaval|Close Combat|p2a: Incineroar
|-supereffective|p2a: Incineroar
|-damage|p2a: Incineroar|0 fnt
|-unboost|p1b: Quaquaval|def|1
|-unboost|p1b: Quaquaval|spd|1
|faint|p2a: Incineroar
|-ability|p1b: Quaquaval|Moxie|boost
|-boost|p1b: Quaquaval|atk|1
|-damage|p1b: Quaquaval|32/100|[from] item: Life Orb
|move|p2b: Quaquaval|Close Combat|p1a: Archaludon
|-supereffective|p1a: Archaludon
|-damage|p1a: Archaludon|0 fnt
|-unboost|p2b: Quaquaval|def|1
|-unboost|p2b: Quaquaval|spd|1
|faint|p1a: Archaludon
|-ability|p2b: Quaquaval|Moxie|boost
|-boost|p2b: Quaquaval|atk|1
|-damage|p2b: Quaquaval|72/100|[from] item: Life Orb
|
|-sideend|p1: comrade31281|Reflect
|upkeep
|
|t:|1757654157
|switch|p1a: Incineroar|Incineroar, L50, F|18/100
|switch|p2a: Archaludon|Archaludon, L50, M, shiny|75/100
|-ability|p1a: Incineroar|Intimidate|boost
|-unboost|p2a: Archaludon|atk|1
|-unboost|p2b: Quaquaval|atk|1
|turn|10
|
|t:|1757654176
|move|p1a: Incineroar|Fake Out|p2b: Quaquaval
|-damage|p2b: Quaquaval|54/100
|move|p1b: Quaquaval|Close Combat|p2a: Archaludon
|-supereffective|p2a: Archaludon
|-damage|p2a: Archaludon|0 fnt
|-unboost|p1b: Quaquaval|def|1
|-unboost|p1b: Quaquaval|spd|1
|faint|p2a: Archaludon
|-ability|p1b: Quaquaval|Moxie|boost
|-boost|p1b: Quaquaval|atk|1
|-damage|p1b: Quaquaval|22/100|[from] item: Life Orb
|cant|p2b: Quaquaval|flinch
|
|upkeep
|turn|11
|
|t:|1757654195
|move|p1b: Quaquaval|Aqua Step|p2b: Quaquaval
|-resisted|p2b: Quaquaval
|-damage|p2b: Quaquaval|0 fnt
|-boost|p1b: Quaquaval|spe|1
|faint|p2b: Quaquaval
|-damage|p1b: Quaquaval|12/100|[from] item: Life Orb
|
|win|comrade31281
||comrade31281 is ready for game 2.
|inactive|bungest2 has 30 seconds to confirm battle start!
||bungest2 is ready for game 2.
|uhtml|next|Next: Game 2 of 3
