|j|☆palle synchro
|j|☆axcoquette
|html|palle synchroaxcoquette    
|uhtml|bestof|Game 3 of a best-of-3
|t:|1783458687
|gametype|doubles
|player|p1|palle synchro|volkner|1332
|player|p2|axcoquette|maid|1205
|gen|9
|tier|[Gen 9 Champions] VGC 2026 Reg M-B (Bo3)
|rated|
|rule|Species Clause: Limit one of each Pokémon
|rule|Item Clause: Limit 1 of each item
|clearpoke
|poke|p1|Swampert, L50, F|
|poke|p1|Pelipper, L50, F|
|poke|p1|Archaludon, L50, F, shiny|
|poke|p1|Maushold-Four, L50|
|poke|p1|Venusaur, L50, M|
|poke|p1|Charizard, L50, F, shiny|
|poke|p2|Delphox, L50, F|
|poke|p2|Sneasler, L50, M|
|poke|p2|Sinistcha, L50|
|poke|p2|Incineroar, L50, F|
|poke|p2|Kingambit, L50, F|
|poke|p2|Floette-Eternal, L50, F|
|teampreview|4
|showteam|p1|Swampert||Swampertite|Torrent|WaveCrash,HighHorsepower,IcePunch,Protect|Adamant||F|||50|]Pelipper||SitrusBerry|Drizzle|WeatherBall,Hurricane,WideGuard,Tailwind|Modest||F|||50|]Archaludon||Leftovers|Stamina|DragonPulse,FlashCannon,ElectroShot,Protect|Modest||F|||50|]Maushold-Four||FocusSash|FriendGuard|SuperFang,FollowMe,RainDance,Protect|Timid|||||50|]Venusaur||LifeOrb|Chlorophyll|EnergyBall,SludgeBomb,EarthPower,Protect|Modest||M|||50|]Charizard||CharizarditeY|Blaze|WeatherBall,HeatWave,Hurricane,Protect|Modest||F|||50|
|showteam|p2|Delphox||Delphoxite|Blaze|Protect,NastyPlot,HeatWave,Psychic|Timid||F|||50|]Sneasler||FocusSash|Unburden|Protect,FakeOut,DireClaw,CloseCombat|Jolly||M|||50|]Sinistcha||KasibBerry|Hospitality|Protect,RagePowder,MatchaGotcha,LifeDew|Bold|||||50|]Incineroar||SitrusBerry|Intimidate|FakeOut,FlareBlitz,HelpingHand,PartingShot|Careful||F|||50|]Kingambit||BlackGlasses|Defiant|KowtowCleave,SwordsDance,SuckerPunch,Protect|Adamant||F|||50|]Floette-Eternal||Floettite|FlowerVeil|Moonblast,DazzlingGleam,CalmMind,Protect|Modest||F|||50|
|inactive|Battle timer is ON: inactive players will automatically lose when time's up. (requested by axcoquette)
|inactive|axcoquette has 60 seconds left.
|
|t:|1783458722
|teamsize|p1|4
|teamsize|p2|4
|start
|switch|p1a: Venusaur|Venusaur, L50, M|100/100
|switch|p1b: Charizard|Charizard, L50, F, shiny|100/100
|switch|p2a: Delphox|Delphox, L50, F|100/100
|switch|p2b: Incineroar|Incineroar, L50, F|100/100
|-ability|p2b: Incineroar|Intimidate|boost
|-unboost|p1a: Venusaur|atk|1
|-unboost|p1b: Charizard|atk|1
|turn|1
|
|t:|1783458741
|detailschange|p2a: Delphox|Delphox-Mega, L50, F
|-mega|p2a: Delphox|Delphox|Delphoxite
|detailschange|p1b: Charizard|Charizard-Mega-Y, L50, F, shiny
|-mega|p1b: Charizard|Charizard|Charizardite Y
|-weather|SunnyDay|[from] ability: Drought|[of] p1b: Charizard
|move|p2b: Incineroar|Fake Out|p1b: Charizard
|-damage|p1b: Charizard|88/100
|move|p1a: Venusaur|Sludge Bomb|p2a: Delphox
|-damage|p2a: Delphox|49/100
|-status|p2a: Delphox|psn
|-damage|p1a: Venusaur|90/100|[from] item: Life Orb
|move|p2a: Delphox|Nasty Plot|p2a: Delphox
|-boost|p2a: Delphox|spa|2
|cant|p1b: Charizard|flinch
|
|-weather|SunnyDay|[upkeep]
|-damage|p2a: Delphox|36/100 psn|[from] psn
|upkeep
|turn|2
|j| mega-luc
|inactive|axcoquette has 30 seconds left.
|
|t:|1783458766
|move|p2a: Delphox|Protect|p2a: Delphox
|-singleturn|p2a: Delphox|Protect
|move|p1a: Venusaur|Earth Power|p2b: Incineroar
|-supereffective|p2b: Incineroar|1
|-damage|p2b: Incineroar|43/100
|-unboost|p2b: Incineroar|spd|1
|-enditem|p2b: Incineroar|Sitrus Berry|[eat]
|-heal|p2b: Incineroar|68/100|[from] item: Sitrus Berry
|-damage|p1a: Venusaur|81/100|[from] item: Life Orb
|move|p1b: Charizard|Heat Wave|p2b: Incineroar|[spread] p2b
|-activate|p2a: Delphox|move: Protect
|-resisted|p2b: Incineroar|1
|-damage|p2b: Incineroar|28/100
|move|p2b: Incineroar|Parting Shot|p1b: Charizard
|-unboost|p1b: Charizard|atk|1
|-unboost|p1b: Charizard|spa|1
|
|t:|1783458781
|switch|p2b: Sinistcha|Sinistcha, L50|100/100|[from] Parting Shot
|-heal|p2a: Delphox|61/100 psn|[from] ability: Hospitality|[of] p2b: Sinistcha
|
|-weather|SunnyDay|[upkeep]
|-damage|p2a: Delphox|49/100 psn|[from] psn
|upkeep
|turn|3
|
|t:|1783458794
|switch|p2b: Incineroar|Incineroar, L50, F|28/100
|-ability|p2b: Incineroar|Intimidate|boost
|-unboost|p1a: Venusaur|atk|1
|-unboost|p1b: Charizard|atk|1
|move|p1a: Venusaur|Sludge Bomb|p2a: Delphox
|-damage|p2a: Delphox|4/100 psn
|-damage|p1a: Venusaur|71/100|[from] item: Life Orb
|move|p2a: Delphox|Heat Wave|p1a: Venusaur|[spread] p1b
|-miss|p2a: Delphox|p1a: Venusaur
|-resisted|p1b: Charizard|1
|-damage|p1b: Charizard|38/100
|move|p1b: Charizard|Heat Wave|p2b: Incineroar|[spread] p2a,p2b
|-resisted|p2a: Delphox|1
|-resisted|p2b: Incineroar|1
|-damage|p2a: Delphox|0 fnt
|-damage|p2b: Incineroar|10/100
|faint|p2a: Delphox
|
|-weather|SunnyDay|[upkeep]
|upkeep
|
|t:|1783458817
|switch|p2a: Sinistcha|Sinistcha, L50|100/100
|-heal|p2b: Incineroar|35/100|[from] ability: Hospitality|[of] p2a: Sinistcha
|turn|4
|
|t:|1783458829
|move|p2a: Sinistcha|Protect|p2a: Sinistcha
|-singleturn|p2a: Sinistcha|Protect
|move|p1a: Venusaur|Earth Power|p2b: Incineroar
|-supereffective|p2b: Incineroar|1
|-crit|p2b: Incineroar
|-damage|p2b: Incineroar|0 fnt
|faint|p2b: Incineroar
|-damage|p1a: Venusaur|62/100|[from] item: Life Orb
|move|p1b: Charizard|Weather Ball|p2a: Sinistcha
|-activate|p2a: Sinistcha|move: Protect
|
|-weather|SunnyDay|[upkeep]
|upkeep
|
|t:|1783458839
|switch|p2b: Sneasler|Sneasler, L50, M|100/100
|turn|5
|
|t:|1783458850
|move|p2b: Sneasler|Fake Out|p1b: Charizard
|-damage|p1b: Charizard|22/100
|move|p1a: Venusaur|Earth Power|p2b: Sneasler
|-supereffective|p2b: Sneasler|1
|-enditem|p2b: Sneasler|Focus Sash
|-damage|p2b: Sneasler|1/100
|-damage|p1a: Venusaur|52/100|[from] item: Life Orb
|cant|p1b: Charizard|flinch
|move|p2a: Sinistcha|Matcha Gotcha|p1b: Charizard|[spread] p1a,p1b
|-resisted|p1a: Venusaur|2
|-resisted|p1b: Charizard|2
|-damage|p1a: Venusaur|45/100
|-damage|p1b: Charizard|17/100
|
|-weather|none
|upkeep
|turn|6
|inactive|palle synchro has 30 seconds left.
|
|t:|1783458883
|switch|p1b: Pelipper|Pelipper, L50, F|100/100
|-weather|RainDance|[from] ability: Drizzle|[of] p1b: Pelipper
|move|p1a: Venusaur|Protect|p1a: Venusaur
|-singleturn|p1a: Venusaur|Protect
|move|p2a: Sinistcha|Rage Powder|p2a: Sinistcha
|-singleturn|p2a: Sinistcha|move: Rage Powder
|move|p2b: Sneasler|Close Combat|p1a: Venusaur
|-activate|p1a: Venusaur|move: Protect
|
|-weather|RainDance|[upkeep]
|upkeep
|turn|7
|inactive|axcoquette has 30 seconds left.
|inactive|axcoquette has 20 seconds left.
|
|t:|1783458922
|switch|p1b: Charizard|Charizard-Mega-Y, L50, F, shiny|17/100
|-weather|SunnyDay|[from] ability: Drought|[of] p1b: Charizard
|move|p2a: Sinistcha|Protect|p2a: Sinistcha
|-singleturn|p2a: Sinistcha|Protect
|move|p2b: Sneasler|Close Combat|p1a: Venusaur
|-resisted|p1a: Venusaur|1
|-damage|p1a: Venusaur|3/100
|-unboost|p2b: Sneasler|def|1
|-unboost|p2b: Sneasler|spd|1
|move|p1a: Venusaur|Earth Power|p2b: Sneasler
|-supereffective|p2b: Sneasler|1
|-damage|p2b: Sneasler|0 fnt
|faint|p2b: Sneasler
|-damage|p1a: Venusaur|0 fnt|[from] item: Life Orb
|faint|p1a: Venusaur
|
|-weather|SunnyDay|[upkeep]
|upkeep
|
|t:|1783458944
|switch|p1a: Pelipper|Pelipper, L50, F|100/100
|-weather|RainDance|[from] ability: Drizzle|[of] p1a: Pelipper
|turn|8
|
|t:|1783458950
|move|p1b: Charizard|Hurricane|p2a: Sinistcha
|-supereffective|p2a: Sinistcha|1
|-damage|p2a: Sinistcha|0 fnt
|faint|p2a: Sinistcha
|
|win|palle synchro
|raw|palle synchro's rating: 1332 → 1345(+13 for winning)
|raw|axcoquette's rating: 1205 → 1189(-16 for losing)
