|j|☆freudianbreath
|j|☆nimodoxd
|html|freudianbreathnimodoxd    
|uhtml|bestof|Game 2 of a best-of-3
|t:|1786079542
|gametype|doubles
|player|p1|freudianbreath|101|1049
|player|p2|nimodoxd|silver|1085
|gen|9
|tier|[Gen 9 Champions] VGC 2026 Reg M-B (Bo3)
|rated|
|rule|Species Clause: Limit one of each Pokémon
|rule|Item Clause: Limit 1 of each item
|clearpoke
|poke|p1|Gholdengo, L50|
|poke|p1|Whimsicott, L50, M|
|poke|p1|Politoed, L50, F|
|poke|p1|Archaludon, L50, F|
|poke|p1|Dragonite, L50, M|
|poke|p1|Snorlax, L50, M|
|poke|p2|Staraptor, L50, M|
|poke|p2|Sneasler, L50, M|
|poke|p2|Whimsicott, L50, F|
|poke|p2|Froslass, L50, F|
|poke|p2|Garchomp, L50, M|
|poke|p2|Toxicroak, L50, M, shiny|
|teampreview|4
|showteam|p1|Gholdengo||LifeOrb|GoodasGold|NastyPlot,MakeItRain,Protect,ShadowBall|Timid|||||50|]Whimsicott||FocusSash|Prankster|Moonblast,Encore,Tailwind,Protect|Bold||M|||50|]Politoed||SitrusBerry|Drizzle|Whirlpool,Protect,EarthPower,WeatherBall|Modest||F|||50|]Archaludon||Leftovers|Stamina|ElectroShot,Protect,DracoMeteor,FlashCannon|Modest||F|||50|]Dragonite||Dragoninite|Multiscale|Roost,Hurricane,Protect,BodyPress|Calm||M|||50|]Snorlax||ChopleBerry|ThickFat|ZenHeadbutt,Facade,Earthquake,Crunch|Adamant||M|||50|
|showteam|p2|Staraptor||Staraptite|Intimidate|CloseCombat,Roost,BraveBird,Uturn|Adamant||M|||50|]Sneasler||LifeOrb|PoisonTouch|FakeOut,DireClaw,NightSlash,Taunt|Jolly||M|||50|]Whimsicott||SitrusBerry|Prankster|Tailwind,Charm,Protect,PoisonPowder|Bold||F|||50|]Froslass||Froslassite|SnowCloak|Psychic,Blizzard,ShadowBall,Protect|Timid||F|||50|]Garchomp||ChoiceScarf|RoughSkin|Earthquake,DragonClaw,PoisonJab,RockSlide|Jolly||M|||50|]Toxicroak||FocusSash|PoisonTouch|FakeOut,KnockOff,SuckerPunch,BulletPunch|Jolly||M|||50|
|inactive|Battle timer is ON: inactive players will automatically lose when time's up. (requested by nimodoxd)
|inactive|freudianbreath has 60 seconds left.
|
|t:|1786079616
|teamsize|p1|4
|teamsize|p2|4
|start
|switch|p1a: Gholdengo|Gholdengo, L50|100/100
|switch|p1b: Dragonite|Dragonite, L50, M|100/100
|switch|p2a: Staraptor|Staraptor, L50, M|100/100
|switch|p2b: Whimsicott|Whimsicott, L50, F|100/100
|-ability|p2a: Staraptor|Intimidate|boost
|-unboost|p1a: Gholdengo|atk|1
|-unboost|p1b: Dragonite|atk|1
|turn|1
|inactive|freudianbreath has 30 seconds left.
|inactive|freudianbreath has 20 seconds left.
|inactive|freudianbreath has 15 seconds left.
|
|t:|1786079665
|move|p1b: Dragonite|Protect|p1b: Dragonite
|-singleturn|p1b: Dragonite|Protect
|move|p2b: Whimsicott|Poison Powder|p1b: Dragonite
|-activate|p1b: Dragonite|move: Protect
|move|p1a: Gholdengo|Nasty Plot|p1a: Gholdengo
|-boost|p1a: Gholdengo|spa|2
|move|p2a: Staraptor|U-turn|p1a: Gholdengo
|-resisted|p1a: Gholdengo|2
|-damage|p1a: Gholdengo|92/100
|
|t:|1786079675
|switch|p2a: Garchomp|Garchomp, L50, M|100/100|[from] U-turn
|
|upkeep
|turn|2
|inactive|freudianbreath has 30 seconds left.
|inactive|freudianbreath has 20 seconds left.
|inactive|freudianbreath has 15 seconds left.
|inactive|freudianbreath has 10 seconds left.
|inactive|freudianbreath has 5 seconds left.
|
|t:|1786079727
|switch|p1b: Archaludon|Archaludon, L50, F|100/100
|move|p1a: Gholdengo|Protect|p1a: Gholdengo
|-singleturn|p1a: Gholdengo|Protect
|move|p2b: Whimsicott|Poison Powder|p1b: Archaludon
|-immune|p1b: Archaludon
|move|p2a: Garchomp|Earthquake|p1a: Gholdengo|[spread] p2b,p1b
|-activate|p1a: Gholdengo|move: Protect
|-resisted|p2b: Whimsicott|1
|-supereffective|p1b: Archaludon|1
|-damage|p2b: Whimsicott|83/100
|-damage|p1b: Archaludon|35/100
|-ability|p1b: Archaludon|Stamina|boost
|-boost|p1b: Archaludon|def|1
|
|-heal|p1b: Archaludon|41/100|[from] item: Leftovers
|upkeep
|turn|3
|inactive|freudianbreath has 30 seconds left.
|inactive|freudianbreath has 20 seconds left.
|inactive|freudianbreath has 15 seconds left.
|inactive|freudianbreath has 10 seconds left.
|inactive|freudianbreath has 5 seconds left.
|
|t:|1786079780
|switch|p2b: Staraptor|Staraptor, L50, M|100/100
|-ability|p2b: Staraptor|Intimidate|boost
|-unboost|p1a: Gholdengo|atk|1
|-unboost|p1b: Archaludon|atk|1
|move|p1b: Archaludon|Protect|p1b: Archaludon
|-singleturn|p1b: Archaludon|Protect
|move|p2a: Garchomp|Earthquake|p1b: Archaludon|[spread] p1a
|-activate|p1b: Archaludon|move: Protect
|-immune|p2b: Staraptor
|-supereffective|p1a: Gholdengo|1
|-damage|p1a: Gholdengo|8/100
|move|p1a: Gholdengo|Make It Rain|p2a: Garchomp|[spread] p2a,p2b
|-damage|p2a: Garchomp|0 fnt
|-damage|p2b: Staraptor|0 fnt
|-unboost|p1a: Gholdengo|spa|2
|faint|p2a: Garchomp
|faint|p2b: Staraptor
|-damage|p1a: Gholdengo|0 fnt|[from] item: Life Orb
|faint|p1a: Gholdengo
|
|-heal|p1b: Archaludon|47/100|[from] item: Leftovers
|upkeep
|
|t:|1786079803
|switch|p2a: Whimsicott|Whimsicott, L50, F|83/100
|switch|p1a: Dragonite|Dragonite, L50, M|100/100
|switch|p2b: Toxicroak|Toxicroak, L50, M, shiny|100/100
|turn|4
|inactive|freudianbreath has 30 seconds left.
|
|t:|1786079831
|switch|p1a: Politoed|Politoed, L50, F|100/100
|-weather|RainDance|[from] ability: Drizzle|[of] p1a: Politoed
|move|p2b: Toxicroak|Fake Out|p1b: Archaludon
|-resisted|p1b: Archaludon|1
|-damage|p1b: Archaludon|43/100
|-ability|p1b: Archaludon|Stamina|boost
|-boost|p1b: Archaludon|def|1
|move|p2a: Whimsicott|Charm|p1a: Politoed
|-unboost|p1a: Politoed|atk|2
|cant|p1b: Archaludon|flinch
|
|-weather|RainDance|[upkeep]
|-heal|p1b: Archaludon|49/100|[from] item: Leftovers
|upkeep
|turn|5
|inactive|freudianbreath has 30 seconds left.
|inactive|freudianbreath has 20 seconds left.
|
|t:|1786079867
|move|p1b: Archaludon|Protect|p1b: Archaludon
|-singleturn|p1b: Archaludon|Protect
|move|p2a: Whimsicott|Tailwind|p2a: Whimsicott
|-sidestart|p2: nimodoxd|move: Tailwind
|move|p2b: Toxicroak|Knock Off|p1b: Archaludon
|-activate|p1b: Archaludon|move: Protect
|move|p1a: Politoed|Whirlpool|p2b: Toxicroak
|-damage|p2b: Toxicroak|60/100
|-activate|p2b: Toxicroak|move: Whirlpool|[of] p1a: Politoed
|
|-weather|RainDance|[upkeep]
|-heal|p1b: Archaludon|55/100|[from] item: Leftovers
|-damage|p2b: Toxicroak|48/100|[from] move: Whirlpool|[partiallytrapped]
|upkeep
|turn|6
|inactive|freudianbreath has 30 seconds left.
|inactive|freudianbreath has 20 seconds left.
|inactiveoff|Battle timer is now OFF.
|
|t:|1786079916
|move|p2b: Toxicroak|Sucker Punch|p1b: Archaludon
|-damage|p1b: Archaludon|45/100
|-ability|p1b: Archaludon|Stamina|boost
|-boost|p1b: Archaludon|def|1
|move|p2a: Whimsicott|Poison Powder|p1a: Politoed|[miss]
|-miss|p2a: Whimsicott|p1a: Politoed
|move|p1b: Archaludon|Flash Cannon|p2a: Whimsicott
|-supereffective|p2a: Whimsicott|1
|-damage|p2a: Whimsicott|0 fnt
|faint|p2a: Whimsicott
|move|p1a: Politoed|Weather Ball|p2b: Toxicroak
|-damage|p2b: Toxicroak|0 fnt
|faint|p2b: Toxicroak
|
|win|freudianbreath
|raw|freudianbreath's rating: 1049 → 1083(+34 for winning)
|raw|nimodoxd's rating: 1064 → 1044(-20 for losing)
