|j|☆ElravinoZ
|j|☆larp saw
|html|ElravinoZlarp saw    
|uhtml|bestof|Game 3 of a best-of-3
|t:|1785356636
|gametype|doubles
|player|p1|ElravinoZ|266|1014
|player|p2|larp saw|266|1000
|gen|9
|tier|[Gen 9 Champions] VGC 2026 Reg M-B (Bo3)
|rated|
|rule|Species Clause: Limit one of each Pokémon
|rule|Item Clause: Limit 1 of each item
|clearpoke
|poke|p1|Gourgeist-Small, L50, F|
|poke|p1|Whimsicott, L50, F|
|poke|p1|Absol, L50, F|
|poke|p1|Froslass, L50, F|
|poke|p1|Maushold-Four, L50|
|poke|p1|Aerodactyl, L50, F|
|poke|p2|Heracross, L50, M, shiny|
|poke|p2|Meowscarada, L50, F|
|poke|p2|Farigiraf, L50, M|
|poke|p2|Grimmsnarl, L50, M|
|poke|p2|Mawile, L50, F|
|poke|p2|Blaziken, L50, M|
|teampreview|4
|showteam|p1|Gourgeist-Small||ChoiceScarf|Frisk|Trick,TrickorTreat,Explosion,Curse|Careful||F|||50|]Whimsicott||FocusSash|Prankster|Tailwind,WorrySeed,Encore,Moonblast|Bold||F|||50|]Absol||Absolite|Justified|ThroatChop,Protect,PsychoCut,Superpower|Jolly||F|||50|]Froslass||Froslassite|SnowCloak|ShadowBall,Blizzard,Protect,FrostBreath|Timid||F|||50|]Maushold-Four||SitrusBerry|FriendGuard|FollowMe,BeatUp,HelpingHand,SuperFang|Jolly|||||50|]Aerodactyl||WideLens|Unnerve|RockSlide,DualWingbeat,SteelWing,Protect|Jolly||F|||50|
|showteam|p2|Heracross||Heracronite|Moxie|SwordsDance,Megahorn,CloseCombat,Protect|Brave||M|||50|]Meowscarada||FocusSash|Protean|TripleAxel,FlowerTrick,Protect,FoulPlay|Adamant||F|||50|]Farigiraf||ColburBerry|ArmorTail|TrickRoom,BatonPass,Protect,DazzlingGleam|Relaxed||M|||50|]Grimmsnarl||LightClay|Prankster|Reflect,LightScreen,FakeOut,PartingShot|Relaxed||M|||50|]Mawile||Mawilite|Intimidate|PlayRough,SwordsDance,Protect,IronHead|Brave||F|||50|]Blaziken||MentalHerb|SpeedBoost|Protect,SwordsDance,CloseCombat,FlareBlitz|Serious||M|||50|
|
|t:|1785356657
|teamsize|p1|4
|teamsize|p2|4
|start
|switch|p1a: Maushold|Maushold-Four, L50|100/100
|switch|p1b: Aerodactyl|Aerodactyl, L50, F|100/100
|switch|p2a: Grimmsnarl|Grimmsnarl, L50, M|100/100
|switch|p2b: Meowscarada|Meowscarada, L50, F|100/100
|-ability|p1b: Aerodactyl|Unnerve
|turn|1
|
|t:|1785356675
|switch|p1b: Absol|Absol, L50, F|100/100
|move|p2a: Grimmsnarl|Fake Out|p1a: Maushold
|-damage|p1a: Maushold|84/100
|cant|p1a: Maushold|flinch
|move|p2b: Meowscarada|Triple Axel|p1b: Absol
|-start|p2b: Meowscarada|typechange|Ice|[from] ability: Protean
|-damage|p1b: Absol|85/100
|-damage|p1b: Absol|58/100
|-damage|p1b: Absol|12/100
|-hitcount|p1b: Absol|3
|
|upkeep
|turn|2
|
|t:|1785356703
|move|p1b: Absol|Protect|p1b: Absol
|-singleturn|p1b: Absol|Protect
|move|p2a: Grimmsnarl|Reflect|p2a: Grimmsnarl
|-sidestart|p2: larp saw|Reflect
|move|p1a: Maushold|Super Fang|p2b: Meowscarada
|-damage|p2b: Meowscarada|50/100g
|move|p2b: Meowscarada|Flower Trick|p1b: Absol
|-activate|p1b: Absol|move: Protect
|
|upkeep
|turn|3
|
|t:|1785356730
|switch|p1b: Froslass|Froslass, L50, F|100/100
|move|p2b: Meowscarada|Protect|p2b: Meowscarada
|-singleturn|p2b: Meowscarada|Protect
|move|p2a: Grimmsnarl|Parting Shot|p1a: Maushold
|-unboost|p1a: Maushold|atk|1
|-unboost|p1a: Maushold|spa|1
|
|t:|1785356738
|switch|p2a: Farigiraf|Farigiraf, L50, M|100/100|[from] Parting Shot
|move|p1a: Maushold|Super Fang|p2a: Farigiraf|[miss]
|-miss|p1a: Maushold|p2a: Farigiraf
|
|upkeep
|turn|4
|
|t:|1785356763
|detailschange|p1b: Froslass|Froslass-Mega, L50, F
|-mega|p1b: Froslass|Froslass|Froslassite
|-weather|Snowscape|[from] ability: Snow Warning|[of] p1b: Froslass
|move|p1a: Maushold|Follow Me|p1a: Maushold
|-singleturn|p1a: Maushold|move: Follow Me
|move|p1b: Froslass|Frost Breath|p2a: Farigiraf
|-crit|p2a: Farigiraf
|-damage|p2a: Farigiraf|44/100
|move|p2b: Meowscarada|Foul Play|p1a: Maushold
|-damage|p1a: Maushold|68/100
|move|p2a: Farigiraf|Trick Room|p2a: Farigiraf
|-fieldstart|move: Trick Room|[of] p2a: Farigiraf
|
|-weather|Snowscape|[upkeep]
|upkeep
|turn|5
|
|t:|1785356779
|switch|p2b: Mawile|Mawile, L50, F|100/100
|-ability|p2b: Mawile|Intimidate|boost
|-unboost|p1a: Maushold|atk|1
|-unboost|p1b: Froslass|atk|1
|move|p2a: Farigiraf|Protect|p2a: Farigiraf
|-singleturn|p2a: Farigiraf|Protect
|move|p1a: Maushold|Follow Me|p1a: Maushold
|-singleturn|p1a: Maushold|move: Follow Me
|move|p1b: Froslass|Frost Breath|p2a: Farigiraf
|-activate|p2a: Farigiraf|move: Protect
|
|-weather|Snowscape|[upkeep]
|upkeep
|turn|6
|
|t:|1785356796
|detailschange|p2b: Mawile|Mawile-Mega, L50, F
|-mega|p2b: Mawile|Mawile|Mawilite
|move|p1a: Maushold|Follow Me|p1a: Maushold
|-singleturn|p1a: Maushold|move: Follow Me
|move|p2b: Mawile|Iron Head|p1a: Maushold
|-damage|p1a: Maushold|0 fnt
|faint|p1a: Maushold
|move|p2a: Farigiraf|Dazzling Gleam|p1b: Froslass
|-damage|p1b: Froslass|68/100
|move|p1b: Froslass|Frost Breath|p2a: Farigiraf|[miss]
|-miss|p1b: Froslass|p2a: Farigiraf
|
|-weather|Snowscape|[upkeep]
|upkeep
|
|t:|1785356808
|switch|p1a: Aerodactyl|Aerodactyl, L50, F|100/100
|-ability|p1a: Aerodactyl|Unnerve
|turn|7
|
|t:|1785356822
|move|p1b: Froslass|Protect|p1b: Froslass
|-singleturn|p1b: Froslass|Protect
|move|p2b: Mawile|Iron Head|p1b: Froslass
|-activate|p1b: Froslass|move: Protect
|move|p2a: Farigiraf|Dazzling Gleam|p1a: Aerodactyl|[spread] p1a
|-activate|p1b: Froslass|move: Protect
|-damage|p1a: Aerodactyl|71/100
|move|p1a: Aerodactyl|Dual Wingbeat|p2a: Farigiraf
|-damage|p2a: Farigiraf|33/100
|-damage|p2a: Farigiraf|24/100
|-hitcount|p2a: Farigiraf|2
|
|-weather|Snowscape|[upkeep]
|upkeep
|turn|8
|
|t:|1785356848
|switch|p1b: Absol|Absol, L50, F|12/100
|move|p2b: Mawile|Iron Head|p1b: Absol
|-damage|p1b: Absol|0 fnt
|faint|p1b: Absol
|move|p2a: Farigiraf|Dazzling Gleam|p1a: Aerodactyl
|-damage|p1a: Aerodactyl|33/100
|move|p1a: Aerodactyl|Dual Wingbeat|p2a: Farigiraf
|-damage|p2a: Farigiraf|13/100
|-damage|p2a: Farigiraf|2/100
|-hitcount|p2a: Farigiraf|2
|
|-weather|none
|-fieldend|move: Trick Room
|upkeep
|
|t:|1785356862
|switch|p1b: Froslass|Froslass-Mega, L50, F|68/100
|-weather|Snowscape|[from] ability: Snow Warning|[of] p1b: Froslass
|turn|9
|
|t:|1785356873
|move|p2a: Farigiraf|Protect|p2a: Farigiraf
|-singleturn|p2a: Farigiraf|Protect
|move|p1a: Aerodactyl|Rock Slide|p2a: Farigiraf|[spread] p2b
|-activate|p2a: Farigiraf|move: Protect
|-resisted|p2b: Mawile|1
|-damage|p2b: Mawile|92/100
|move|p1b: Froslass|Shadow Ball|p2b: Mawile
|-crit|p2b: Mawile
|-damage|p2b: Mawile|0 fnt
|faint|p2b: Mawile
|
|-weather|Snowscape|[upkeep]
|-sideend|p2: larp saw|Reflect
|upkeep
|
|t:|1785356885
|switch|p2b: Grimmsnarl|Grimmsnarl, L50, M|100/100
|turn|10
|
|t:|1785356901
|move|p2b: Grimmsnarl|Light Screen|p2b: Grimmsnarl
|-sidestart|p2: larp saw|move: Light Screen
|move|p1a: Aerodactyl|Rock Slide|p2a: Farigiraf|[spread] p2a,p2b
|-damage|p2a: Farigiraf|0 fnt
|-damage|p2b: Grimmsnarl|80/100
|faint|p2a: Farigiraf
|move|p1b: Froslass|Blizzard|p2b: Grimmsnarl
|-damage|p2b: Grimmsnarl|35/100
|
|-weather|Snowscape|[upkeep]
|upkeep
|
|t:|1785356908
|switch|p2a: Meowscarada|Meowscarada, L50, F|50/100g
|turn|11
|
|t:|1785356930
|move|p2b: Grimmsnarl|Parting Shot|p1b: Froslass
|-unboost|p1b: Froslass|atk|1
|-unboost|p1b: Froslass|spa|1
|move|p1a: Aerodactyl|Dual Wingbeat|p2a: Meowscarada
|-supereffective|p2a: Meowscarada|1
|-damage|p2a: Meowscarada|0 fnt
|faint|p2a: Meowscarada
|-hitcount|p2: Meowscarada|1
|move|p1b: Froslass|Blizzard|p2b: Grimmsnarl
|-damage|p2b: Grimmsnarl|4/100
|
|-weather|Snowscape|[upkeep]
|upkeep
|turn|12
|
|t:|1785356949
|move|p2b: Grimmsnarl|Parting Shot|p1a: Aerodactyl
|-unboost|p1a: Aerodactyl|atk|1
|-unboost|p1a: Aerodactyl|spa|1
|move|p1a: Aerodactyl|Steel Wing|p2b: Grimmsnarl
|-supereffective|p2b: Grimmsnarl|1
|-damage|p2b: Grimmsnarl|0 fnt
|faint|p2b: Grimmsnarl
|
|win|ElravinoZ
|raw|ElravinoZ's rating: 1014 → 1050(+36 for winning)
|raw|larp saw's rating: 1000 → 1000(+0 for losing)
|l|☆larp saw
|player|p2|
