|j|☆mattf315
|j|☆Tears tears
|html|mattf315Tears tears    
|uhtml|bestof|Game 3 of a best-of-3
|t:|1756250758
|gametype|doubles
|player|p1|mattf315|2|1042
|player|p2|Tears tears|steven|1067
|gen|9
|tier|[Gen 9] VGC 2025 Reg H (Bo3)
|rated|
|rule|Species Clause: Limit one of each Pokémon
|rule|Item Clause: Limit 1 of each item
|clearpoke
|poke|p1|Gallade, L50, M|
|poke|p1|Amoonguss, L50, F|
|poke|p1|Indeedee-F, L50, F|
|poke|p1|Incineroar, L50, M|
|poke|p1|Ursaluna, L50, M|
|poke|p1|Sylveon, L50, M|
|poke|p2|Whimsicott, L50, M|
|poke|p2|Gholdengo, L50|
|poke|p2|Incineroar, L50, F|
|poke|p2|Gastrodon, L50, M|
|poke|p2|Sneasler, L50, F|
|poke|p2|Porygon2, L50|
|teampreview|4
|showteam|p1|Gallade||ScopeLens|Sharpness|PsychoCut,SacredSword,NightSlash,TrickRoom|||M|||50|,,,,,Dark]Amoonguss||RockyHelmet|Regenerator|PollenPuff,RagePowder,Spore,ClearSmog|||F|||50|,,,,,Water]Indeedee-F||PsychicSeed|PsychicSurge|Psychic,FollowMe,HelpingHand,TrickRoom|||F|||50|,,,,,Fairy]Incineroar||SafetyGoggles|Intimidate|FakeOut,FlareBlitz,KnockOff,PartingShot|||M|||50|,,,,,Ghost]Ursaluna||FlameOrb|Guts|Facade,HeadlongRush,BrickBreak,Protect|||M|||50|,,,,,Normal]Sylveon||ThroatSpray|Pixilate|HyperVoice,TeraBlast,CalmMind,Protect|||M|||50|,,,,,Water
|showteam|p2|Whimsicott||FocusSash|Prankster|Tailwind,Encore,FakeTears,Moonblast|||M|||50|,,,,,Dragon]Gholdengo||LifeOrb|GoodasGold|MakeItRain,Protect,ShadowBall,NastyPlot||||||50|,,,,,Water]Incineroar||SafetyGoggles|Intimidate|KnockOff,PartingShot,FakeOut,FlareBlitz|||F|||50|,,,,,Ghost]Gastrodon||SitrusBerry|StormDrain|MuddyWater,Protect,EarthPower,Recover|||M|||50|,,,,,Fire]Sneasler||WhiteHerb|Unburden|DireClaw,CloseCombat,Acrobatics,SwordsDance|||F|||50|,,,,,Flying]Porygon2||Eviolite|Analytic|Recover,FoulPlay,IceBeam,Protect||||||50|,,,,,Ghost
|
|t:|1756250832
|teamsize|p1|4
|teamsize|p2|4
|start
|switch|p1a: Indeedee|Indeedee-F, L50, F|100/100
|switch|p1b: Ursaluna|Ursaluna, L50, M|100/100
|switch|p2a: Sneasler|Sneasler, L50, F|100/100
|switch|p2b: Incineroar|Incineroar, L50, F|100/100
|-fieldstart|move: Psychic Terrain|[from] ability: Psychic Surge|[of] p1a: Indeedee
|-enditem|p1a: Indeedee|Psychic Seed
|-boost|p1a: Indeedee|spd|1|[from] item: Psychic Seed
|-ability|p2b: Incineroar|Intimidate|boost
|-unboost|p1a: Indeedee|atk|1
|-unboost|p1b: Ursaluna|atk|1
|turn|1
|inactive|Battle timer is ON: inactive players will automatically lose when time's up. (requested by Tears tears)
|
|t:|1756250847
|move|p1b: Ursaluna|Protect|p1b: Ursaluna
|-singleturn|p1b: Ursaluna|Protect
|move|p2a: Sneasler|Close Combat|p1a: Indeedee
|-damage|p1a: Indeedee|42/100
|-unboost|p2a: Sneasler|def|1
|-unboost|p2a: Sneasler|spd|1
|-enditem|p2a: Sneasler|White Herb
|-clearnegativeboost|p2a: Sneasler|[silent]
|move|p2b: Incineroar|Knock Off|p1a: Indeedee
|-supereffective|p1a: Indeedee
|-damage|p1a: Indeedee|0 fnt
|faint|p1a: Indeedee
|
|-status|p1b: Ursaluna|brn|[from] item: Flame Orb
|upkeep
|
|t:|1756250860
|switch|p1a: Incineroar|Incineroar, L50, M|100/100
|-ability|p1a: Incineroar|Intimidate|boost
|-unboost|p2a: Sneasler|atk|1
|-unboost|p2b: Incineroar|atk|1
|turn|2
|inactive|mattf315 has 30 seconds left.
|
|t:|1756250894
|switch|p2a: Porygon2|Porygon2, L50|100/100
|-terastallize|p1b: Ursaluna|Normal
|move|p2b: Incineroar|Parting Shot|p1b: Ursaluna
|-unboost|p1b: Ursaluna|atk|1
|-unboost|p1b: Ursaluna|spa|1
|
|t:|1756250902
|switch|p2b: Gholdengo|Gholdengo, L50|100/100|[from] Parting Shot
|move|p1a: Incineroar|Flare Blitz|p2a: Porygon2
|-damage|p2a: Porygon2|74/100
|-damage|p1a: Incineroar|92/100|[from] Recoil
|move|p1b: Ursaluna|Facade|p2a: Porygon2
|-damage|p2a: Porygon2|31/100
|
|-damage|p1b: Ursaluna|95/100 brn|[from] brn
|upkeep
|turn|3
|
|t:|1756250923
|switch|p1b: Gallade|Gallade, L50, M|100/100
|move|p2b: Gholdengo|Make It Rain|p1b: Gallade|[spread] p1a,p1b
|-resisted|p1a: Incineroar
|-damage|p1a: Incineroar|61/100
|-damage|p1b: Gallade|48/100
|-unboost|p2b: Gholdengo|spa|1
|-damage|p2b: Gholdengo|91/100|[from] item: Life Orb
|move|p2a: Porygon2|Foul Play|p1b: Gallade
|-damage|p1b: Gallade|0 fnt
|faint|p1b: Gallade
|move|p1a: Incineroar|Knock Off|p2b: Gholdengo
|-supereffective|p2b: Gholdengo
|-damage|p2b: Gholdengo|0 fnt
|-enditem|p2b: Gholdengo|Life Orb|[from] move: Knock Off|[of] p1a: Incineroar
|faint|p2b: Gholdengo
|
|upkeep
|
|t:|1756250946
|switch|p2b: Incineroar|Incineroar, L50, F|100/100
|switch|p1b: Ursaluna|Ursaluna, L50, M, tera:Normal|95/100 brn
|-ability|p2b: Incineroar|Intimidate|boost
|-unboost|p1a: Incineroar|atk|1
|-unboost|p1b: Ursaluna|atk|1
|turn|4
|
|t:|1756250959
|move|p2a: Porygon2|Protect|p2a: Porygon2
|-singleturn|p2a: Porygon2|Protect
|move|p1b: Ursaluna|Protect|p1b: Ursaluna
|-singleturn|p1b: Ursaluna|Protect
|move|p2b: Incineroar|Parting Shot|p1b: Ursaluna
|-activate|p1b: Ursaluna|move: Protect
|move|p1a: Incineroar|Knock Off|p2a: Porygon2
|-activate|p2a: Porygon2|move: Protect
|
|-damage|p1b: Ursaluna|89/100 brn|[from] brn
|upkeep
|turn|5
|inactive|mattf315 has 30 seconds left.
|
|t:|1756250987
|move|p2a: Porygon2|Foul Play|p1b: Ursaluna
|-damage|p1b: Ursaluna|71/100 brn
|move|p2b: Incineroar|Flare Blitz|p1b: Ursaluna
|-damage|p1b: Ursaluna|36/100 brn
|-damage|p2b: Incineroar|87/100|[from] Recoil
|move|p1a: Incineroar|Knock Off|p2a: Porygon2
|-damage|p2a: Porygon2|18/100
|-enditem|p2a: Porygon2|Eviolite|[from] move: Knock Off|[of] p1a: Incineroar
|move|p1b: Ursaluna|Headlong Rush|p2b: Incineroar
|-supereffective|p2b: Incineroar
|-damage|p2b: Incineroar|0 fnt
|-unboost|p1b: Ursaluna|def|1
|-unboost|p1b: Ursaluna|spd|1
|faint|p2b: Incineroar
|
|-damage|p1b: Ursaluna|30/100 brn|[from] brn
|-fieldend|move: Psychic Terrain
|upkeep
|
|t:|1756250997
|switch|p2b: Sneasler|Sneasler, L50, F|100/100
|turn|6
|inactive|mattf315 has 30 seconds left.
|inactive|mattf315 has 20 seconds left.
|inactive|mattf315 has 15 seconds left.
|inactive|mattf315 has 10 seconds left.
|
|t:|1756251047
|move|p1b: Ursaluna|Protect|p1b: Ursaluna
|-singleturn|p1b: Ursaluna|Protect
|move|p2b: Sneasler|Close Combat|p1a: Incineroar
|-supereffective|p1a: Incineroar
|-damage|p1a: Incineroar|0 fnt
|-unboost|p2b: Sneasler|def|1
|-unboost|p2b: Sneasler|spd|1
|faint|p1a: Incineroar
|move|p2a: Porygon2|Foul Play|p1b: Ursaluna
|-activate|p1b: Ursaluna|move: Protect
|
|-damage|p1b: Ursaluna|24/100 brn|[from] brn
|upkeep
|turn|7
|inactive|mattf315 has 30 seconds left.
|
|t:|1756251075
|move|p2b: Sneasler|Close Combat|p1b: Ursaluna
|-supereffective|p1b: Ursaluna
|-damage|p1b: Ursaluna|0 fnt
|-unboost|p2b: Sneasler|def|1
|-unboost|p2b: Sneasler|spd|1
|faint|p1b: Ursaluna
|
|win|Tears tears
|raw|mattf315's rating: 1042 → 1027(-15 for losing)
|raw|Tears tears's rating: 1067 → 1095(+28 for winning)
|c|☆mattf315|gg
|c|☆Tears tears|gg
|l|☆Tears tears
|player|p2|
