|j|☆RegionalModeSlow
|j|☆ivanthesaxophonist
|html|RegionalModeSlowivanthesaxophonist    
|uhtml|bestof|Game 2 of a best-of-3
|t:|1756353009
|gametype|doubles
|player|p1|RegionalModeSlow|birdkeeper-gen4dp|1164
|player|p2|ivanthesaxophonist|acetrainer-gen4dp|1076
|gen|9
|tier|[Gen 9] VGC 2025 Reg H (Bo3)
|rated|
|rule|Species Clause: Limit one of each Pokémon
|rule|Item Clause: Limit 1 of each item
|clearpoke
|poke|p1|Noivern, L50, M|
|poke|p1|Weezing-Galar, L50, M|
|poke|p1|Gholdengo, L50|
|poke|p1|Garchomp, L50, M|
|poke|p1|Annihilape, L50, M|
|poke|p1|Magmar, L50, M|
|poke|p2|Incineroar, L50, F|
|poke|p2|Rillaboom, L50, M|
|poke|p2|Milotic, L50, M|
|poke|p2|Gholdengo, L50|
|poke|p2|Grimmsnarl, L50, M|
|poke|p2|Dragonite, L50, M|
|teampreview|4
|showteam|p1|Noivern||CovertCloak|Telepathy|AirSlash,SuperFang,Tailwind,Taunt|||M|||50|,,,,,Steel]Weezing-Galar||ChoiceSpecs|NeutralizingGas|DazzlingGleam,SludgeBomb,StrangeSteam,Flamethrower|||M|||50|,,,,,Flying]Gholdengo||MetalCoat|GoodasGold|MakeItRain,ShadowBall,NastyPlot,Protect||||||50|,,,,,Flying]Garchomp||LifeOrb|RoughSkin|DragonClaw,Earthquake,StompingTantrum,Protect|||M|||50|,,,,,Ground]Annihilape||AssaultVest|Defiant|CloseCombat,ShadowClaw,FinalGambit,Uturn|||M|||50|,,,,,Stellar]Magmar||Eviolite|VitalSpirit|HeatWave,WillOWisp,FollowMe,Protect|||M|||50|,,,,,Ghost
|showteam|p2|Incineroar||SafetyGoggles|Intimidate|FlareBlitz,KnockOff,FakeOut,PartingShot|||F|||50|,,,,,Ghost]Rillaboom||AssaultVest|GrassySurge|FakeOut,GrassyGlide,WoodHammer,HighHorsepower|||M|||50|,,,,,Water]Milotic||Leftovers|Competitive|Scald,IcyWind,AlluringVoice,Protect|||M|||50|,,,,,Grass]Gholdengo||LifeOrb|GoodasGold|ShadowBall,MakeItRain,NastyPlot,Protect||||||50|,,,,,Water]Grimmsnarl||LightClay|Prankster|SpiritBreak,ThroatChop,LightScreen,Reflect|||M|||50|,,,,,Ghost]Dragonite||LoadedDice|Multiscale|ExtremeSpeed,ScaleShot,Tailwind,Protect|||M|||50|,,,,,Steel
|inactive|Battle timer is ON: inactive players will automatically lose when time's up. (requested by ivanthesaxophonist)
|
|t:|1756353041
|teamsize|p1|4
|teamsize|p2|4
|start
|switch|p1a: Magmar|Magmar, L50, M|100/100
|switch|p1b: Steely Dan|Gholdengo, L50, shiny|100/100
|switch|p2a: Gholdengo|Gholdengo, L50|100/100
|switch|p2b: Milotic|Milotic, L50, M|100/100
|turn|1
|
|t:|1756353054
|switch|p1b: Ozzy|Noivern, L50, M|100/100
|switch|p1a: Väinämöinen|Annihilape, L50, M, shiny|100/100
|move|p2a: Gholdengo|Protect|p2a: Gholdengo
|-singleturn|p2a: Gholdengo|Protect
|move|p2b: Milotic|Icy Wind|p1a: Väinämöinen|[spread] p1a,p1b
|-supereffective|p1b: Ozzy
|-damage|p1a: Väinämöinen|95/100
|-damage|p1b: Ozzy|53/100
|-unboost|p1a: Väinämöinen|spe|1
|-ability|p1a: Väinämöinen|Defiant|boost
|-boost|p1a: Väinämöinen|atk|2
|
|upkeep
|turn|2
|
|t:|1756353086
|switch|p2a: Grimmsnarl|Grimmsnarl, L50, M|100/100
|-terastallize|p1a: Väinämöinen|Stellar
|move|p1b: Ozzy|Tailwind|p1b: Ozzy
|-sidestart|p1: RegionalModeSlow|move: Tailwind
|move|p1a: Väinämöinen|Shadow Claw|p2a: Grimmsnarl
|-resisted|p2a: Grimmsnarl
|-damage|p2a: Grimmsnarl|47/100
|move|p2b: Milotic|Alluring Voice|p1a: Väinämöinen
|-supereffective|p1a: Väinämöinen
|-damage|p1a: Väinämöinen|70/100
|
|upkeep
|turn|3
|
|t:|1756353103
|move|p2a: Grimmsnarl|Reflect|p2a: Grimmsnarl
|-sidestart|p2: ivanthesaxophonist|Reflect
|move|p1b: Ozzy|Taunt|p2a: Grimmsnarl
|-start|p2a: Grimmsnarl|move: Taunt
|move|p1a: Väinämöinen|Close Combat|p2b: Milotic
|-damage|p2b: Milotic|19/100
|-unboost|p1a: Väinämöinen|def|1
|-unboost|p1a: Väinämöinen|spd|1
|move|p2b: Milotic|Scald|p1a: Väinämöinen
|-damage|p1a: Väinämöinen|43/100
|
|-heal|p2b: Milotic|25/100|[from] item: Leftovers
|upkeep
|turn|4
|
|t:|1756353124
|move|p1b: Ozzy|Air Slash|p2b: Milotic
|-damage|p2b: Milotic|6/100
|move|p1a: Väinämöinen|Close Combat|p2a: Grimmsnarl
|-damage|p2a: Grimmsnarl|0 fnt
|-unboost|p1a: Väinämöinen|def|1
|-unboost|p1a: Väinämöinen|spd|1
|faint|p2a: Grimmsnarl
|cant|p2b: Milotic|flinch
|
|-heal|p2b: Milotic|12/100|[from] item: Leftovers
|upkeep
|
|t:|1756353134
|switch|p2a: Rillaboom|Rillaboom, L50, M|100/100
|-fieldstart|move: Grassy Terrain|[from] ability: Grassy Surge|[of] p2a: Rillaboom
|turn|5
|
|t:|1756353141
|switch|p1a: Magmar|Magmar, L50, M|100/100
|move|p2a: Rillaboom|Grassy Glide|p1a: Magmar
|-resisted|p1a: Magmar
|-damage|p1a: Magmar|86/100
|move|p1b: Ozzy|Air Slash|p2b: Milotic
|-damage|p2b: Milotic|0 fnt
|faint|p2b: Milotic
|
|-heal|p1a: Magmar|92/100|[from] Grassy Terrain
|-sideend|p1: RegionalModeSlow|move: Tailwind
|upkeep
|
|t:|1756353152
|switch|p2b: Gholdengo|Gholdengo, L50|100/100
|turn|6
|
|t:|1756353168
|-terastallize|p2b: Gholdengo|Water
|move|p1b: Ozzy|Super Fang|p2a: Rillaboom|[miss]
|-miss|p1b: Ozzy|p2a: Rillaboom
|move|p2a: Rillaboom|High Horsepower|p1a: Magmar
|-supereffective|p1a: Magmar
|-damage|p1a: Magmar|44/100
|move|p2b: Gholdengo|Shadow Ball|p1b: Ozzy
|-damage|p1b: Ozzy|0 fnt
|faint|p1b: Ozzy
|-damage|p2b: Gholdengo|91/100|[from] item: Life Orb
|move|p1a: Magmar|Heat Wave|p2a: Rillaboom|[spread] p2a,p2b
|-supereffective|p2a: Rillaboom
|-resisted|p2b: Gholdengo
|-damage|p2a: Rillaboom|58/100
|-damage|p2b: Gholdengo|76/100
|-status|p2a: Rillaboom|brn
|
|-heal|p2a: Rillaboom|64/100 brn|[from] Grassy Terrain
|-heal|p2b: Gholdengo|82/100|[from] Grassy Terrain
|-heal|p1a: Magmar|50/100|[from] Grassy Terrain
|-damage|p2a: Rillaboom|58/100 brn|[from] brn
|upkeep
|
|t:|1756353175
|switch|p1b: Steely Dan|Gholdengo, L50, shiny|100/100
|turn|7
|
|t:|1756353193
|move|p1a: Magmar|Follow Me|p1a: Magmar
|-singleturn|p1a: Magmar|move: Follow Me
|move|p2a: Rillaboom|High Horsepower|p1a: Magmar
|-supereffective|p1a: Magmar
|-damage|p1a: Magmar|27/100
|move|p2b: Gholdengo|Shadow Ball|p1a: Magmar
|-damage|p1a: Magmar|0 fnt
|faint|p1a: Magmar
|-damage|p2b: Gholdengo|72/100|[from] item: Life Orb
|move|p1b: Steely Dan|Nasty Plot|p1b: Steely Dan
|-boost|p1b: Steely Dan|spa|2
|
|-heal|p2a: Rillaboom|64/100 brn|[from] Grassy Terrain
|-heal|p2b: Gholdengo|78/100|[from] Grassy Terrain
|-damage|p2a: Rillaboom|58/100 brn|[from] brn
|upkeep
|
|t:|1756353201
|switch|p1a: Väinämöinen|Annihilape, L50, M, shiny, tera:Stellar|43/100
|turn|8
|
|t:|1756353212
|move|p1a: Väinämöinen|Close Combat|p2a: Rillaboom
|-damage|p2a: Rillaboom|15/100 brn
|-unboost|p1a: Väinämöinen|def|1
|-unboost|p1a: Väinämöinen|spd|1
|move|p2a: Rillaboom|High Horsepower|p1b: Steely Dan
|-supereffective|p1b: Steely Dan
|-damage|p1b: Steely Dan|67/100
|move|p2b: Gholdengo|Shadow Ball|p1b: Steely Dan
|-supereffective|p1b: Steely Dan
|-damage|p1b: Steely Dan|0 fnt
|faint|p1b: Steely Dan
|-damage|p2b: Gholdengo|68/100|[from] item: Life Orb
|
|-heal|p1a: Väinämöinen|49/100|[from] Grassy Terrain
|-heal|p2a: Rillaboom|20/100 brn|[from] Grassy Terrain
|-heal|p2b: Gholdengo|75/100|[from] Grassy Terrain
|-damage|p2a: Rillaboom|15/100 brn|[from] brn
|upkeep
|turn|9
|
|t:|1756353236
|move|p1a: Väinämöinen|Close Combat|p2b: Gholdengo
|-damage|p2b: Gholdengo|30/100
|-unboost|p1a: Väinämöinen|def|1
|-unboost|p1a: Väinämöinen|spd|1
|move|p2a: Rillaboom|Wood Hammer|p1a: Väinämöinen
|-damage|p1a: Väinämöinen|0 fnt
|faint|p1a: Väinämöinen
|-damage|p2a: Rillaboom|0 fnt|[from] Recoil
|faint|p2a: Rillaboom
|
|win|ivanthesaxophonist
||RegionalModeSlow is ready for game 3.
|inactive|ivanthesaxophonist has 30 seconds to confirm battle start!
||ivanthesaxophonist is ready for game 3.
|uhtml|next|Next: Game 3 of 3
|l|☆ivanthesaxophonist
|player|p2|
