|j|☆KKameleon8
|j|☆Vicentefc2
|html|KKameleon8Vicentefc2    
|uhtml|bestof|Game 1 of a best-of-3
|t:|1757772177
|gametype|doubles
|player|p1|KKameleon8|gambler|1197
|player|p2|Vicentefc2|hilbert|1335
|gen|9
|tier|[Gen 9] VGC 2025 Reg H (Bo3)
|rated|
|rule|Species Clause: Limit one of each Pokémon
|rule|Item Clause: Limit 1 of each item
|clearpoke
|poke|p1|Rillaboom, L50, F|
|poke|p1|Annihilape, L50, F|
|poke|p1|Ninetales-Alola, L50, M|
|poke|p1|Incineroar, L50, F|
|poke|p1|Gholdengo, L50|
|poke|p1|Kilowattrel, L50, M|
|poke|p2|Rillaboom, L50, M|
|poke|p2|Annihilape, L50, M|
|poke|p2|Politoed, L50, M|
|poke|p2|Murkrow, L50, M|
|poke|p2|Archaludon, L50, M|
|poke|p2|Maushold, L50|
|teampreview|4
|showteam|p1|Rillaboom||AssaultVest|GrassySurge|FakeOut,GrassyGlide,WoodHammer,HighHorsepower|||F|||50|,,,,,Fire]Annihilape||SafetyGoggles|Defiant|RageFist,DrainPunch,BulkUp,Protect|||F|||50|,,,,,Fire]Ninetales-Alola||LoadedDice|SnowWarning|AuroraVeil,IcyWind,IcicleSpear,Protect|||M|||50|,,,,,Ghost]Incineroar||SitrusBerry|Intimidate|FakeOut,KnockOff,Taunt,PartingShot|||F|||50|,,,,,Ghost]Gholdengo||ChoiceSpecs|GoodasGold|MakeItRain,ShadowBall,PowerGem,Trick||||||50|,,,,,Steel]Kilowattrel||FocusSash|Competitive|Tailwind,AirSlash,Thunderbolt,Endeavor|||M|||50|,,,,,Ghost
|showteam|p2|Rillaboom||AssaultVest|GrassySurge|WoodHammer,GrassyGlide,Uturn,FakeOut|||M|||50|,,,,,Fire]Annihilape||SafetyGoggles|Defiant|DrainPunch,RageFist,BulkUp,Protect|||M|||50|,,,,,Fire]Politoed||LifeOrb|Drizzle|WeatherBall,IceBeam,RainDance,Protect|||M|||50|,,,,,Steel]Murkrow||Eviolite|Prankster|FoulPlay,Taunt,Haze,Tailwind|||M|||50|,,,,,Steel]Archaludon||PowerHerb|Sturdy|ElectroShot,DracoMeteor,FlashCannon,Protect|||M|||50|,,,,,Electric]Maushold||WideLens|Technician|PopulationBomb,FollowMe,BeatUp,Protect||||||50|,,,,,Ghost
|inactive|Battle timer is ON: inactive players will automatically lose when time's up. (requested by Vicentefc2)
|inactive|Vicentefc2 has 60 seconds left.
|inactive|Vicentefc2 has 30 seconds left.
|
|t:|1757772259
|teamsize|p1|4
|teamsize|p2|4
|start
|switch|p1a: Gholdengo|Gholdengo, L50|100/100
|switch|p1b: Kilowattrel|Kilowattrel, L50, M|100/100
|switch|p2a: megadramon|Archaludon, L50, M|100/100
|switch|p2b: rocky|Annihilape, L50, M|100/100
|turn|1
|inactive|KKameleon8 has 30 seconds left.
|
|t:|1757772284
|-terastallize|p2a: megadramon|Electric
|move|p2b: rocky|Protect|p2b: rocky
|-singleturn|p2b: rocky|Protect
|move|p1b: Kilowattrel|Tailwind|p1b: Kilowattrel
|-sidestart|p1: KKameleon8|move: Tailwind
|move|p1a: Gholdengo|Shadow Ball|p2b: rocky
|-activate|p2b: rocky|move: Protect
|move|p2a: megadramon|Electro Shot||[still]
|-prepare|p2a: megadramon|Electro Shot
|-boost|p2a: megadramon|spa|1
|-enditem|p2a: megadramon|Power Herb
|-anim|p2a: megadramon|Electro Shot|p1a: Gholdengo
|-damage|p1a: Gholdengo|0 fnt
|faint|p1a: Gholdengo
|
|upkeep
|
|t:|1757772293
|switch|p1a: Rillaboom|Rillaboom, L50, F|100/100
|-fieldstart|move: Grassy Terrain|[from] ability: Grassy Surge|[of] p1a: Rillaboom
|turn|2
|
|t:|1757772309
|move|p1b: Kilowattrel|Air Slash|p2b: rocky
|-supereffective|p2b: rocky
|-damage|p2b: rocky|37/100
|move|p1a: Rillaboom|High Horsepower|p2a: megadramon
|-supereffective|p2a: megadramon
|-damage|p2a: megadramon|41/100
|move|p2a: megadramon|Electro Shot||[still]
|-prepare|p2a: megadramon|Electro Shot
|-boost|p2a: megadramon|spa|1
|move|p2b: rocky|Rage Fist|p1b: Kilowattrel
|-damage|p1b: Kilowattrel|14/100
|
|-heal|p2a: megadramon|47/100|[from] Grassy Terrain
|-heal|p2b: rocky|43/100|[from] Grassy Terrain
|upkeep
|turn|3
|
|t:|1757772329
|switch|p2b: gamabunta|Politoed, L50, M, shiny|100/100
|-weather|RainDance|[from] ability: Drizzle|[of] p2b: gamabunta
|move|p1b: Kilowattrel|Air Slash|p2b: gamabunta
|-damage|p2b: gamabunta|70/100
|move|p1a: Rillaboom|High Horsepower|p2a: megadramon
|-supereffective|p2a: megadramon
|-damage|p2a: megadramon|0 fnt
|faint|p2a: megadramon
|
|-weather|RainDance|[upkeep]
|-heal|p2b: gamabunta|76/100|[from] Grassy Terrain
|upkeep
|
|t:|1757772339
|switch|p2a: donkey kong|Rillaboom, L50, M|100/100
|turn|4
|
|t:|1757772354
|switch|p1b: Ninetales|Ninetales-Alola, L50, M|100/100
|-weather|Snowscape|[from] ability: Snow Warning|[of] p1b: Ninetales
|move|p2b: gamabunta|Protect|p2b: gamabunta
|-singleturn|p2b: gamabunta|Protect
|move|p2a: donkey kong|Grassy Glide|p1b: Ninetales
|-damage|p1b: Ninetales|57/100
|move|p1a: Rillaboom|Wood Hammer|p2b: gamabunta
|-activate|p2b: gamabunta|move: Protect
|
|-weather|Snowscape|[upkeep]
|-heal|p1b: Ninetales|63/100|[from] Grassy Terrain
|-heal|p2b: gamabunta|82/100|[from] Grassy Terrain
|-sideend|p1: KKameleon8|move: Tailwind
|upkeep
|turn|5
|
|t:|1757772372
|move|p1b: Ninetales|Icicle Spear|p2a: donkey kong
|-supereffective|p2a: donkey kong
|-damage|p2a: donkey kong|84/100
|-supereffective|p2a: donkey kong
|-damage|p2a: donkey kong|68/100
|-supereffective|p2a: donkey kong
|-damage|p2a: donkey kong|53/100
|-supereffective|p2a: donkey kong
|-damage|p2a: donkey kong|38/100
|-hitcount|p2a: donkey kong|4
|move|p1a: Rillaboom|Wood Hammer|p2b: gamabunta
|-supereffective|p2b: gamabunta
|-damage|p2b: gamabunta|0 fnt
|faint|p2b: gamabunta
|-damage|p1a: Rillaboom|74/100|[from] Recoil
|move|p2a: donkey kong|Wood Hammer|p1b: Ninetales
|-damage|p1b: Ninetales|0 fnt
|faint|p1b: Ninetales
|-damage|p2a: donkey kong|20/100|[from] Recoil
|
|-weather|Snowscape|[upkeep]
|-heal|p1a: Rillaboom|80/100|[from] Grassy Terrain
|-heal|p2a: donkey kong|26/100|[from] Grassy Terrain
|upkeep
|
|t:|1757772382
|switch|p1b: Kilowattrel|Kilowattrel, L50, M|14/100
|switch|p2b: rocky|Annihilape, L50, M|43/100
|turn|6
|
|t:|1757772393
|move|p1a: Rillaboom|Grassy Glide|p2a: donkey kong
|-resisted|p2a: donkey kong
|-damage|p2a: donkey kong|7/100
|move|p2a: donkey kong|Grassy Glide|p1b: Kilowattrel
|-resisted|p1b: Kilowattrel
|-damage|p1b: Kilowattrel|0 fnt
|faint|p1b: Kilowattrel
|move|p2b: rocky|Drain Punch|p1a: Rillaboom
|-damage|p1a: Rillaboom|46/100
|-heal|p2b: rocky|60/100|[from] drain|[of] p1a: Rillaboom
|
|-weather|Snowscape|[upkeep]
|-heal|p2b: rocky|66/100|[from] Grassy Terrain
|-heal|p1a: Rillaboom|52/100|[from] Grassy Terrain
|-heal|p2a: donkey kong|13/100|[from] Grassy Terrain
|-fieldend|move: Grassy Terrain
|upkeep
|turn|7
|
|t:|1757772411
|move|p2b: rocky|Drain Punch|p1a: Rillaboom
|-damage|p1a: Rillaboom|22/100
|-heal|p2b: rocky|81/100|[from] drain|[of] p1a: Rillaboom
|move|p1a: Rillaboom|Wood Hammer|p2b: rocky
|-damage|p2b: rocky|18/100
|-damage|p1a: Rillaboom|0 fnt|[from] Recoil
|faint|p1a: Rillaboom
|
|win|Vicentefc2
||KKameleon8 is ready for game 2.
||Vicentefc2 is ready for game 2.
|uhtml|next|Next: Game 2 of 3
|l|☆KKameleon8
|player|p1|
|l|☆Vicentefc2
|player|p2|
