|j|☆toobadforalt
|j|☆stanhoff
|html|toobadforaltstanhoff    
|uhtml|bestof|Game 1 of a best-of-3
|t:|1757787969
|gametype|doubles
|player|p1|toobadforalt|2|1231
|player|p2|stanhoff|falkner|1128
|gen|9
|tier|[Gen 9] VGC 2025 Reg H (Bo3)
|rated|
|rule|Species Clause: Limit one of each Pokémon
|rule|Item Clause: Limit 1 of each item
|clearpoke
|poke|p1|Dragapult, L50, M|
|poke|p1|Magmar, L50, F|
|poke|p1|Rillaboom, L50, F|
|poke|p1|Kingambit, L50, M|
|poke|p1|Sneasler, L50, F|
|poke|p1|Milotic, L50, M|
|poke|p2|Hatterene, L50, F|
|poke|p2|Indeedee-F, L50, F|
|poke|p2|Sneasler, L50, F|
|poke|p2|Excadrill, L50, F|
|poke|p2|Tyranitar, L50, F|
|poke|p2|Amoonguss, L50, F|
|teampreview|4
|showteam|p1|Dragapult||ChoiceBand|ClearBody|DragonDarts,Uturn,PhantomForce,TeraBlast|||M|||50|,,,,,Ghost]Magmar||Eviolite|VitalSpirit|FollowMe,Overheat,Taunt,WillOWisp|||F|||50|,,,,,Ghost]Rillaboom||AssaultVest|GrassySurge|FakeOut,WoodHammer,GrassyGlide,HighHorsepower|||F|||50|,,,,,Fire]Kingambit||SafetyGoggles|Defiant|SwordsDance,KowtowCleave,SuckerPunch,Protect|||M|||50|,,,,,Flying]Sneasler||FocusSash|Unburden|FakeOut,DireClaw,CloseCombat,Protect|||F|||50|,,,,,Stellar]Milotic||Leftovers|Competitive|Scald,IcyWind,Haze,Protect|||M|||50|,,,,,Grass
|showteam|p2|Hatterene||LifeOrb|MagicBounce|Protect,TrickRoom,ExpandingForce,DazzlingGleam|||F|||50|,,,,,Psychic]Indeedee-F||SafetyGoggles|PsychicSurge|FollowMe,HelpingHand,Psychic,TrickRoom|||F|||50|,,,,,Fairy]Sneasler||PsychicSeed|Unburden|DireClaw,CloseCombat,ThroatChop,Protect|||F|||50|,,,,,Dark]Excadrill||FocusSash|SandRush|Earthquake,IronHead,HighHorsepower,Protect|||F|||50|,,,,,Ground]Tyranitar||AirBalloon|SandStream|RockSlide,LowKick,KnockOff,Protect|||F|||50|,,,,,Flying]Amoonguss||RockyHelmet|Regenerator|Spore,RagePowder,SludgeBomb,ClearSmog|||F|||50|,,,,,Water
|inactive|Battle timer is ON: inactive players will automatically lose when time's up. (requested by stanhoff)
|inactive|stanhoff has 60 seconds left.
|
|t:|1757788013
|teamsize|p1|4
|teamsize|p2|4
|start
|switch|p1a: Dragapult|Dragapult, L50, M|100/100
|switch|p1b: Milotic|Milotic, L50, M|100/100
|switch|p2a: Excadrill|Excadrill, L50, F|100/100
|switch|p2b: Indeedee|Indeedee-F, L50, F|100/100
|-fieldstart|move: Psychic Terrain|[from] ability: Psychic Surge|[of] p2b: Indeedee
|turn|1
|inactive|stanhoff has 30 seconds left.
|
|t:|1757788046
|-terastallize|p2b: Indeedee|Fairy
|move|p2b: Indeedee|Follow Me|p2b: Indeedee
|-singleturn|p2b: Indeedee|move: Follow Me
|move|p1a: Dragapult|U-turn|p2b: Indeedee
|-resisted|p2b: Indeedee
|-damage|p2b: Indeedee|83/100
|
|t:|1757788051
|switch|p1a: Rillaboom|Rillaboom, L50, F|100/100|[from] U-turn
|-fieldstart|move: Grassy Terrain|[from] ability: Grassy Surge|[of] p1a: Rillaboom
|move|p2a: Excadrill|Iron Head|p1a: Rillaboom
|-damage|p1a: Rillaboom|57/100
|move|p1b: Milotic|Scald|p2b: Indeedee
|-damage|p2b: Indeedee|54/100
|-status|p2b: Indeedee|brn
|
|-heal|p1a: Rillaboom|63/100|[from] Grassy Terrain
|-heal|p2b: Indeedee|60/100 brn|[from] Grassy Terrain
|-damage|p2b: Indeedee|54/100 brn|[from] brn
|upkeep
|turn|2
|inactive|toobadforalt has 30 seconds left.
|
|t:|1757788081
|switch|p1a: Kingambit|Kingambit, L50, M|100/100
|switch|p2b: Amoonguss|Amoonguss, L50, F|100/100
|move|p2a: Excadrill|Protect|p2a: Excadrill
|-singleturn|p2a: Excadrill|Protect
|move|p1b: Milotic|Scald|p2b: Amoonguss
|-resisted|p2b: Amoonguss
|-damage|p2b: Amoonguss|87/100
|
|-heal|p2b: Amoonguss|93/100|[from] Grassy Terrain
|upkeep
|turn|3
|inactive|toobadforalt has 30 seconds left.
|inactive|stanhoff has 30 seconds left.
|inactive|toobadforalt has 20 seconds left.
|
|t:|1757788122
|switch|p2b: Tyranitar|Tyranitar, L50, F|100/100
|-weather|Sandstorm|[from] ability: Sand Stream|[of] p2b: Tyranitar
|-item|p2b: Tyranitar|Air Balloon
|-terastallize|p1a: Kingambit|Flying
|move|p2a: Excadrill|Earthquake|p1b: Milotic|[spread] p1b
|-immune|p2b: Tyranitar
|-immune|p1a: Kingambit
|-damage|p1b: Milotic|82/100
|move|p1b: Milotic|Icy Wind|p2b: Tyranitar|[spread] p2a,p2b
|-damage|p2a: Excadrill|86/100
|-damage|p2b: Tyranitar|94/100
|-unboost|p2a: Excadrill|spe|1
|-unboost|p2b: Tyranitar|spe|1
|-enditem|p2b: Tyranitar|Air Balloon
|move|p1a: Kingambit|Swords Dance|p1a: Kingambit
|-boost|p1a: Kingambit|atk|2
|
|-weather|Sandstorm|[upkeep]
|-damage|p1b: Milotic|76/100|[from] Sandstorm
|-heal|p2a: Excadrill|92/100|[from] Grassy Terrain
|-heal|p1b: Milotic|82/100|[from] Grassy Terrain
|-heal|p1b: Milotic|88/100|[from] item: Leftovers
|-heal|p2b: Tyranitar|99/100|[from] Grassy Terrain
|upkeep
|turn|4
|inactive|toobadforalt has 30 seconds left.
|inactive|stanhoff has 30 seconds left.
|inactive|stanhoff has 20 seconds left.
|inactive|stanhoff has 15 seconds left.
|inactive|stanhoff has 10 seconds left.
|
|t:|1757788172
|switch|p2a: Indeedee|Indeedee-F, L50, F, tera:Fairy|54/100 brn
|-fieldstart|move: Psychic Terrain|[from] ability: Psychic Surge|[of] p2a: Indeedee
|move|p1a: Kingambit|Protect|p1a: Kingambit
|-singleturn|p1a: Kingambit|Protect
|move|p1b: Milotic|Scald|p2a: Indeedee
|-damage|p2a: Indeedee|26/100 brn
|move|p2b: Tyranitar|Rock Slide|p1b: Milotic|[spread] 
|-activate|p1a: Kingambit|move: Protect
|-miss|p2b: Tyranitar|p1b: Milotic
|
|-weather|Sandstorm|[upkeep]
|-damage|p1b: Milotic|82/100|[from] Sandstorm
|-heal|p1b: Milotic|88/100|[from] item: Leftovers
|-damage|p2a: Indeedee|20/100 brn|[from] brn
|upkeep
|turn|5
|inactive|toobadforalt has 30 seconds left.
|
|t:|1757788199
|switch|p1a: Rillaboom|Rillaboom, L50, F|63/100
|-fieldstart|move: Grassy Terrain|[from] ability: Grassy Surge|[of] p1a: Rillaboom
|move|p2a: Indeedee|Follow Me|p2a: Indeedee
|-singleturn|p2a: Indeedee|move: Follow Me
|move|p1b: Milotic|Scald|p2a: Indeedee
|-damage|p2a: Indeedee|0 fnt
|faint|p2a: Indeedee
|move|p2b: Tyranitar|Rock Slide|p1a: Rillaboom|[spread] p1a,p1b
|-damage|p1a: Rillaboom|31/100
|-damage|p1b: Milotic|64/100
|
|-weather|Sandstorm|[upkeep]
|-damage|p1a: Rillaboom|25/100|[from] Sandstorm
|-damage|p1b: Milotic|58/100|[from] Sandstorm
|-heal|p1a: Rillaboom|31/100|[from] Grassy Terrain
|-heal|p1b: Milotic|64/100|[from] Grassy Terrain
|-heal|p1b: Milotic|70/100|[from] item: Leftovers
|-heal|p2b: Tyranitar|100/100|[from] Grassy Terrain
|upkeep
|
|t:|1757788216
|switch|p2a: Amoonguss|Amoonguss, L50, F|100/100
|turn|6
|
|t:|1757788236
|move|p2b: Tyranitar|Protect|p2b: Tyranitar
|-singleturn|p2b: Tyranitar|Protect
|move|p1a: Rillaboom|Fake Out|p2a: Amoonguss
|-damage|p2a: Amoonguss|89/100
|-damage|p1a: Rillaboom|15/100|[from] item: Rocky Helmet|[of] p2a: Amoonguss
|move|p1b: Milotic|Icy Wind|p2a: Amoonguss|[spread] 
|-activate|p2b: Tyranitar|move: Protect
|-miss|p1b: Milotic|p2a: Amoonguss
|cant|p2a: Amoonguss|flinch
|
|-weather|Sandstorm|[upkeep]
|-damage|p1a: Rillaboom|8/100|[from] Sandstorm
|-damage|p1b: Milotic|64/100|[from] Sandstorm
|-damage|p2a: Amoonguss|83/100|[from] Sandstorm
|-heal|p1a: Rillaboom|15/100|[from] Grassy Terrain
|-heal|p1b: Milotic|70/100|[from] Grassy Terrain
|-heal|p1b: Milotic|76/100|[from] item: Leftovers
|-heal|p2a: Amoonguss|89/100|[from] Grassy Terrain
|upkeep
|turn|7
|
|t:|1757788251
|switch|p1b: Kingambit|Kingambit, L50, M, tera:Flying|100/100
|move|p2b: Tyranitar|Protect||[still]
|-fail|p2b: Tyranitar
|move|p1a: Rillaboom|Wood Hammer|p2b: Tyranitar
|-supereffective|p2b: Tyranitar
|-damage|p2b: Tyranitar|0 fnt
|faint|p2b: Tyranitar
|-damage|p1a: Rillaboom|0 fnt|[from] Recoil
|faint|p1a: Rillaboom
|move|p2a: Amoonguss|Spore|p1b: Kingambit
|-activate|p1b: Kingambit|item: Safety Goggles|Spore
|
|-weather|none
|-heal|p2a: Amoonguss|95/100|[from] Grassy Terrain
|upkeep
|
|t:|1757788261
|switch|p1a: Dragapult|Dragapult, L50, M|100/100
|switch|p2b: Excadrill|Excadrill, L50, F|92/100
|turn|8
|inactive|stanhoff has 30 seconds left.
|
|t:|1757788288
|move|p2b: Excadrill|Protect|p2b: Excadrill
|-singleturn|p2b: Excadrill|Protect
|move|p1a: Dragapult|Phantom Force||[still]
|-prepare|p1a: Dragapult|Phantom Force
|move|p1b: Kingambit|Swords Dance|p1b: Kingambit
|-boost|p1b: Kingambit|atk|2
|move|p2a: Amoonguss|Spore|p1a: Dragapult|[miss]
|-miss|p2a: Amoonguss|p1a: Dragapult
|
|-heal|p2b: Excadrill|98/100|[from] Grassy Terrain
|-heal|p2a: Amoonguss|100/100|[from] Grassy Terrain
|upkeep
|turn|9
|
|t:|1757788301
|move|p2b: Excadrill|Protect||[still]
|-fail|p2b: Excadrill
|move|p1a: Dragapult|Phantom Force|p2b: Excadrill|[from] lockedmove
|-damage|p2b: Excadrill|0 fnt
|faint|p2b: Excadrill
|move|p1b: Kingambit|Kowtow Cleave|p2a: Amoonguss
|-damage|p2a: Amoonguss|23/100
|-damage|p1b: Kingambit|84/100|[from] item: Rocky Helmet|[of] p2a: Amoonguss
|move|p2a: Amoonguss|Sludge Bomb|p1b: Kingambit
|-damage|p1b: Kingambit|59/100
|
|-heal|p2a: Amoonguss|29/100|[from] Grassy Terrain
|-fieldend|move: Grassy Terrain
|upkeep
|turn|10
|
|t:|1757788314
|move|p1a: Dragapult|Phantom Force||[still]
|-prepare|p1a: Dragapult|Phantom Force
|move|p1b: Kingambit|Kowtow Cleave|p2a: Amoonguss
|-damage|p2a: Amoonguss|0 fnt
|-damage|p1b: Kingambit|43/100|[from] item: Rocky Helmet|[of] p2a: Amoonguss
|faint|p2a: Amoonguss
|
|win|toobadforalt
||stanhoff is ready for game 2.
||toobadforalt is ready for game 2.
|uhtml|next|Next: Game 2 of 3
