|j|☆roll.sys
|j|☆phuc_lamvgc
|html|roll.sysphuc_lamvgc    
|uhtml|bestof|Game 1 of a best-of-3
|t:|1783391216
|gametype|doubles
|player|p1|roll.sys|102|1046
|player|p2|phuc_lamvgc|miku-ghost|1165
|gen|9
|tier|[Gen 9 Champions] VGC 2026 Reg M-B (Bo3)
|rated|
|rule|Species Clause: Limit one of each Pokémon
|rule|Item Clause: Limit 1 of each item
|clearpoke
|poke|p1|Corviknight, L50, M|
|poke|p1|Excadrill, L50, F|
|poke|p1|Houndstone, L50, M|
|poke|p1|Hydreigon, L50, M|
|poke|p1|Scovillain, L50, M|
|poke|p1|Tyranitar, L50, M|
|poke|p2|Pyroar, L50, M, shiny|
|poke|p2|Floette-Eternal, L50, F, shiny|
|poke|p2|Farigiraf, L50, M, shiny|
|poke|p2|Incineroar, L50, M, shiny|
|poke|p2|Torkoal, L50, M, shiny|
|poke|p2|Vileplume, L50, M, shiny|
|teampreview|4
|showteam|p1|Corviknight||Leftovers|MirrorArmor|BraveBird,Tailwind,Roost,IronHead|Adamant||M|||50|]Excadrill||FocusSash|SandRush|IronHead,Protect,RockSlide,Earthquake|Adamant||F|||50|]Houndstone||SitrusBerry|SandRush|LastRespects,WillOWisp,Protect,BodyPress|Adamant||M|||50|]Hydreigon||ChoiceScarf|Levitate|DracoMeteor,DarkPulse,Snarl,EarthPower|Timid||M|||50|]Scovillain||Scovillainite|Moody|RagePowder,Protect,Overheat,GigaDrain|Adamant||M|||50|]Tyranitar||Tyranitarite|SandStream|RockSlide,Protect,KnockOff,LowKick|Adamant||M|||50|
|showteam|p2|Pyroar||Pyroarite|Unnerve|Overheat,SolarBeam,HeatWave,Protect|Timid||M|||50|]Floette-Eternal||Floettite|FlowerVeil|Moonblast,DrainingKiss,CalmMind,Protect|Modest||F|||50|]Farigiraf||SitrusBerry|ArmorTail|HelpingHand,TrickRoom,Psychic,Thunderbolt|Relaxed||M|||50|]Incineroar||WhiteHerb|Intimidate|FakeOut,FlareBlitz,DarkestLariat,CloseCombat|Brave||M|||50|]Torkoal||Charcoal|Drought|WeatherBall,Eruption,HelpingHand,Protect|Quiet||M|||50|]Vileplume||FocusSash|Chlorophyll|SolarBeam,SleepPowder,SludgeBomb,AfterYou|Timid||M|||50|
|inactive|Battle timer is ON: inactive players will automatically lose when time's up. (requested by roll.sys)
|inactive|roll.sys has 60 seconds left.
|
|t:|1783391251
|teamsize|p1|4
|teamsize|p2|4
|start
|switch|p1a: Tyranitar|Tyranitar, L50, M|100/100
|switch|p1b: Excadrill|Excadrill, L50, F|100/100
|switch|p2a: Farigiraf|Farigiraf, L50, M, shiny|100/100
|switch|p2b: Incineroar|Incineroar, L50, M, shiny|100/100
|-weather|Sandstorm|[from] ability: Sand Stream|[of] p1a: Tyranitar
|-ability|p2b: Incineroar|Intimidate|boost
|-unboost|p1a: Tyranitar|atk|1
|-unboost|p1b: Excadrill|atk|1
|turn|1
|
|t:|1783391262
|switch|p1a: Corviknight|Corviknight, L50, M|100/100
|move|p1b: Excadrill|Protect|p1b: Excadrill
|-singleturn|p1b: Excadrill|Protect
|move|p2b: Incineroar|Close Combat|p1a: Corviknight
|-damage|p1a: Corviknight|57/100
|-unboost|p2b: Incineroar|def|1
|-unboost|p2b: Incineroar|spd|1
|-enditem|p2b: Incineroar|White Herb
|-clearnegativeboost|p2b: Incineroar|[silent]
|move|p2a: Farigiraf|Trick Room|p2a: Farigiraf
|-fieldstart|move: Trick Room|[of] p2a: Farigiraf
|
|-weather|Sandstorm|[upkeep]
|-damage|p2b: Incineroar|94/100|[from] Sandstorm
|-damage|p2a: Farigiraf|93/100|[from] Sandstorm
|-heal|p1a: Corviknight|63/100|[from] item: Leftovers
|upkeep
|turn|2
|inactive|phuc_lamvgc has 30 seconds left.
|inactive|roll.sys has 30 seconds left.
|inactive|roll.sys has 20 seconds left.
|inactive|roll.sys has 15 seconds left.
|
|t:|1783391312
|switch|p2a: Torkoal|Torkoal, L50, M, shiny|100/100
|-weather|SunnyDay|[from] ability: Drought|[of] p2a: Torkoal
|switch|p1b: Houndstone|Houndstone, L50, M|100/100
|move|p2b: Incineroar|Flare Blitz|p1b: Houndstone
|-damage|p1b: Houndstone|0 fnt
|faint|p1b: Houndstone
|-damage|p2b: Incineroar|69/100|[from] Recoil
|move|p1a: Corviknight|Iron Head|p2b: Incineroar
|-resisted|p2b: Incineroar|1
|-crit|p2b: Incineroar
|-damage|p2b: Incineroar|46/100
|
|-weather|SunnyDay|[upkeep]
|-heal|p1a: Corviknight|69/100|[from] item: Leftovers
|upkeep
|
|t:|1783391320
|switch|p1b: Tyranitar|Tyranitar, L50, M|100/100
|-weather|Sandstorm|[from] ability: Sand Stream|[of] p1b: Tyranitar
|turn|3
|inactive|roll.sys has 30 seconds left.
|
|t:|1783391347
|switch|p2a: Farigiraf|Farigiraf, L50, M, shiny|93/100
|move|p1b: Tyranitar|Protect|p1b: Tyranitar
|-singleturn|p1b: Tyranitar|Protect
|move|p2b: Incineroar|Close Combat|p1b: Tyranitar
|-activate|p1b: Tyranitar|move: Protect
|move|p1a: Corviknight|Brave Bird|p2b: Incineroar
|-damage|p2b: Incineroar|0 fnt
|faint|p2b: Incineroar
|-damage|p1a: Corviknight|51/100|[from] Recoil
|
|-weather|Sandstorm|[upkeep]
|-damage|p2a: Farigiraf|87/100|[from] Sandstorm
|-heal|p1a: Corviknight|57/100|[from] item: Leftovers
|upkeep
|
|t:|1783391354
|switch|p2b: Torkoal|Torkoal, L50, M, shiny|100/100
|-weather|SunnyDay|[from] ability: Drought|[of] p2b: Torkoal
|turn|4
|
|t:|1783391379
|detailschange|p1b: Tyranitar|Tyranitar-Mega, L50, M
|-mega|p1b: Tyranitar|Tyranitar|Tyranitarite
|-weather|Sandstorm|[from] ability: Sand Stream|[of] p1b: Tyranitar
|move|p2b: Torkoal|Helping Hand|p2a: Farigiraf
|-singleturn|p2a: Farigiraf|Helping Hand|[of] p2b: Torkoal
|move|p2a: Farigiraf|Thunderbolt|p1a: Corviknight
|-supereffective|p1a: Corviknight|1
|-damage|p1a: Corviknight|0 fnt
|faint|p1a: Corviknight
|move|p1b: Tyranitar|Rock Slide|p2b: Torkoal|[spread] p2a,p2b
|-supereffective|p2b: Torkoal|1
|-damage|p2a: Farigiraf|56/100
|-damage|p2b: Torkoal|38/100
|
|-weather|Sandstorm|[upkeep]
|-damage|p2b: Torkoal|32/100|[from] Sandstorm
|-damage|p2a: Farigiraf|50/100g|[from] Sandstorm
|upkeep
|
|t:|1783391386
|switch|p1a: Excadrill|Excadrill, L50, F|100/100
|turn|5
|
|t:|1783391398
|switch|p2b: Floette|Floette-Eternal, L50, F, shiny|100/100
|move|p1b: Tyranitar|Protect|p1b: Tyranitar
|-singleturn|p1b: Tyranitar|Protect
|move|p1a: Excadrill|Protect|p1a: Excadrill
|-singleturn|p1a: Excadrill|Protect
|move|p2a: Farigiraf|Psychic|p1a: Excadrill
|-activate|p1a: Excadrill|move: Protect
|
|-weather|Sandstorm|[upkeep]
|-damage|p2a: Farigiraf|44/100|[from] Sandstorm
|-damage|p2b: Floette|93/100|[from] Sandstorm
|-enditem|p2a: Farigiraf|Sitrus Berry|[eat]
|-heal|p2a: Farigiraf|69/100|[from] item: Sitrus Berry
|-fieldend|move: Trick Room
|upkeep
|turn|6
|
|t:|1783391410
|switch|p2a: Torkoal|Torkoal, L50, M, shiny|32/100
|-weather|SunnyDay|[from] ability: Drought|[of] p2a: Torkoal
|detailschange|p2b: Floette|Floette-Mega, L50, F, shiny
|-mega|p2b: Floette|Floette|Floettite
|-ability|p2b: Floette|Fairy Aura
|move|p2b: Floette|Moonblast|p1b: Tyranitar
|-supereffective|p1b: Tyranitar|1
|-damage|p1b: Tyranitar|0 fnt
|faint|p1b: Tyranitar
|move|p1a: Excadrill|Iron Head|p2b: Floette
|-supereffective|p2b: Floette|1
|-damage|p2b: Floette|0 fnt
|faint|p2b: Floette
|
|-weather|SunnyDay|[upkeep]
|upkeep
|
|t:|1783391421
|switch|p2b: Farigiraf|Farigiraf, L50, M, shiny|69/100
|turn|7
|
|t:|1783391434
|move|p2a: Torkoal|Protect|p2a: Torkoal
|-singleturn|p2a: Torkoal|Protect
|move|p1a: Excadrill|Earthquake|p2a: Torkoal|[spread] p2b
|-activate|p2a: Torkoal|move: Protect
|-damage|p2b: Farigiraf|36/100
|move|p2b: Farigiraf|Trick Room|p2b: Farigiraf
|-fieldstart|move: Trick Room|[of] p2b: Farigiraf
|
|-weather|SunnyDay|[upkeep]
|upkeep
|turn|8
|
|t:|1783391453
|move|p2a: Torkoal|Weather Ball|p1a: Excadrill
|-supereffective|p1a: Excadrill|1
|-enditem|p1a: Excadrill|Focus Sash
|-damage|p1a: Excadrill|1/100
|move|p2b: Farigiraf|Psychic|p1a: Excadrill
|-resisted|p1a: Excadrill|1
|-damage|p1a: Excadrill|0 fnt
|faint|p1a: Excadrill
|
|win|phuc_lamvgc
|l|☆roll.sys
|player|p1|
||roll.sys is ready for game 2.
||phuc_lamvgc is ready for game 2.
|uhtml|next|Next: Game 2 of 3
