|j|☆haxomotile04
|j|☆Oolapje123
|html|haxomotile04Oolapje123    
|uhtml|bestof|Game 1 of a best-of-3
|t:|1782314124
|gametype|doubles
|player|p1|haxomotile04|266|1048
|player|p2|Oolapje123|170|1009
|gen|9
|tier|[Gen 9 Champions] VGC 2026 Reg M-B (Bo3)
|rated|
|rule|Species Clause: Limit one of each Pokémon
|rule|Item Clause: Limit 1 of each item
|clearpoke
|poke|p1|Kommo-o, L50, M, shiny|
|poke|p1|Maushold, L50|
|poke|p1|Ninetales-Alola, L50, F, shiny|
|poke|p1|Incineroar, L50, M, shiny|
|poke|p1|Whimsicott, L50, M|
|poke|p1|Metagross, L50, shiny|
|poke|p2|Staraptor, L50, F|
|poke|p2|Gholdengo, L50|
|poke|p2|Grimmsnarl, L50, M|
|poke|p2|Samurott-Hisui, L50, M|
|poke|p2|Sneasler, L50, M|
|poke|p2|Talonflame, L50, M|
|teampreview|4
|showteam|p1|Kommo-o||DragonFang|Soundproof|ClangorousSoul,ClangingScales,Protect,IronHead|Timid||M|||50|]Maushold||Leftovers|FriendGuard|FollowMe,Protect,ThunderWave,SuperFang|Timid|||||50|]Ninetales-Alola||LightClay|SnowWarning|IcyWind,AuroraVeil,Protect,Disable|Timid||F|||50|]Incineroar||SitrusBerry|Intimidate|PartingShot,WillOWisp,FakeOut,Protect|Careful||M|||50|]Whimsicott||FocusSash|Prankster|Moonblast,Protect,Tailwind,Encore|Timid||M|||50|]Metagross||Metagrossite|ClearBody|BulletPunch,PsychicFangs,Earthquake,Explosion|Jolly|||||50|
|showteam|p2|Staraptor||Staraptite|Intimidate|CloseCombat,BraveBird,Protect,Roost|Jolly||F|||50|]Gholdengo||LifeOrb|GoodasGold|FlashCannon,MakeItRain,Protect,ShadowBall|Modest|||||50|]Grimmsnarl||LightClay|Prankster|FoulPlay,LightScreen,Reflect,PartingShot|Calm||M|||50|]Samurott-Hisui||ChoiceScarf|Sharpness|NightSlash,RazorShell,SacredSword,FlipTurn|Serious||M|||50|]Sneasler||WhiteHerb|Unburden|FakeOut,DireClaw,CloseCombat,Protect|Adamant||M|||50|]Talonflame||FocusSash|GaleWings|Tailwind,BraveBird,FlareBlitz,Protect|Jolly||M|||50|
|
|t:|1782314169
|teamsize|p1|4
|teamsize|p2|4
|start
|switch|p1a: Bang|Metagross, L50, shiny|100/100
|switch|p1b: deadmau5|Maushold, L50|100/100
|switch|p2a: Sneasler|Sneasler, L50, M|100/100
|switch|p2b: Talonflame|Talonflame, L50, M|100/100
|turn|1
|
|t:|1782314186
|detailschange|p1a: Bang|Metagross-Mega, L50, shiny
|-mega|p1a: Bang|Metagross|Metagrossite
|move|p1b: deadmau5|Protect|p1b: deadmau5
|-singleturn|p1b: deadmau5|Protect
|move|p2b: Talonflame|Tailwind|p2b: Talonflame
|-sidestart|p2: Oolapje123|move: Tailwind
|move|p2a: Sneasler|Close Combat|p1a: Bang
|-damage|p1a: Bang|58/100
|-unboost|p2a: Sneasler|def|1
|-unboost|p2a: Sneasler|spd|1
|-enditem|p2a: Sneasler|White Herb
|-clearnegativeboost|p2a: Sneasler|[silent]
|move|p1a: Bang|Explosion|p2a: Sneasler|[spread] p2a,p2b
|-activate|p1b: deadmau5|move: Protect
|-damage|p2a: Sneasler|0 fnt
|-damage|p2b: Talonflame|1/100
|faint|p1a: Bang
|faint|p2a: Sneasler
|
|upkeep
|
|t:|1782314206
|switch|p1a: KommoGranger|Kommo-o, L50, M, shiny|100/100
|switch|p2a: Staraptor|Staraptor, L50, F|100/100
|-ability|p2a: Staraptor|Intimidate|boost
|-unboost|p1a: KommoGranger|atk|1
|-unboost|p1b: deadmau5|atk|1
|turn|2
|
|t:|1782314220
|detailschange|p2a: Staraptor|Staraptor-Mega, L50, F
|-mega|p2a: Staraptor|Staraptor|Staraptite
|move|p1a: KommoGranger|Protect|p1a: KommoGranger
|-singleturn|p1a: KommoGranger|Protect
|move|p2b: Talonflame|Flare Blitz|p1a: KommoGranger
|-activate|p1a: KommoGranger|move: Protect
|move|p2a: Staraptor|Close Combat|p1b: deadmau5
|-supereffective|p1b: deadmau5|1
|-damage|p1b: deadmau5|0 fnt
|-boost|p2a: Staraptor|def|1
|-boost|p2a: Staraptor|spd|1
|faint|p1b: deadmau5
|
|upkeep
|
|t:|1782314232
|switch|p1b: Incineroar|Incineroar, L50, M, shiny|100/100
|-ability|p1b: Incineroar|Intimidate|boost
|-boost|p2a: Staraptor|atk|1
|-unboost|p2b: Talonflame|atk|1
|turn|3
|
|t:|1782314254
|move|p2b: Talonflame|Protect|p2b: Talonflame
|-singleturn|p2b: Talonflame|Protect
|move|p2a: Staraptor|Protect|p2a: Staraptor
|-singleturn|p2a: Staraptor|Protect
|move|p1b: Incineroar|Fake Out|p2a: Staraptor
|-activate|p2a: Staraptor|move: Protect
|move|p1a: KommoGranger|Clangorous Soul|p1a: KommoGranger
|-boost|p1a: KommoGranger|atk|1
|-boost|p1a: KommoGranger|def|1
|-boost|p1a: KommoGranger|spa|1
|-boost|p1a: KommoGranger|spd|1
|-boost|p1a: KommoGranger|spe|1
|-damage|p1a: KommoGranger|67/100
|
|upkeep
|turn|4
|
|t:|1782314284
|move|p1a: KommoGranger|Protect|p1a: KommoGranger
|-singleturn|p1a: KommoGranger|Protect
|move|p2b: Talonflame|Flare Blitz|p1a: KommoGranger
|-activate|p1a: KommoGranger|move: Protect
|move|p2a: Staraptor|Close Combat|p1a: KommoGranger
|-activate|p1a: KommoGranger|move: Protect
|move|p1b: Incineroar|Will-O-Wisp|p2a: Staraptor
|-status|p2a: Staraptor|brn
|
|-damage|p2a: Staraptor|93/100 brn|[from] brn
|-sideend|p2: Oolapje123|move: Tailwind
|upkeep
|turn|5
|
|t:|1782314323
|move|p2a: Staraptor|Protect|p2a: Staraptor
|-singleturn|p2a: Staraptor|Protect
|move|p1b: Incineroar|Protect|p1b: Incineroar
|-singleturn|p1b: Incineroar|Protect
|move|p1a: KommoGranger|Clanging Scales|p2a: Staraptor|[spread] p2b
|-activate|p2a: Staraptor|move: Protect
|-damage|p2b: Talonflame|0 fnt
|faint|p2b: Talonflame
|-unboost|p1a: KommoGranger|def|1
|
|-damage|p2a: Staraptor|87/100 brn|[from] brn
|upkeep
|
|t:|1782314336
|switch|p2b: Samurott|Samurott-Hisui, L50, M|100/100
|turn|6
|
|t:|1782314347
|move|p1a: KommoGranger|Clanging Scales|p2a: Staraptor|[spread] p2a,p2b
|-damage|p2a: Staraptor|38/100 brn
|-damage|p2b: Samurott|0 fnt
|faint|p2b: Samurott
|-unboost|p1a: KommoGranger|def|1
|move|p2a: Staraptor|Close Combat|p1b: Incineroar
|-supereffective|p1b: Incineroar|1
|-damage|p1b: Incineroar|2/100
|-boost|p2a: Staraptor|def|1
|-boost|p2a: Staraptor|spd|1
|-enditem|p1b: Incineroar|Sitrus Berry|[eat]
|-heal|p1b: Incineroar|27/100|[from] item: Sitrus Berry
|move|p1b: Incineroar|Parting Shot|p2a: Staraptor
|-boost|p2a: Staraptor|atk|1
|-boost|p2a: Staraptor|spa|1
|
|-damage|p2a: Staraptor|32/100 brn|[from] brn
|upkeep
|turn|7
|-message|Oolapje123 forfeited.
|
|win|haxomotile04
||Oolapje123 is ready for game 2.
|inactive|haxomotile04 has 30 seconds to confirm battle start!
|inactive|haxomotile04 has 20 seconds to confirm battle start!
