|j|☆JoshSketch
|j|☆ZXMaverickHunter
|html|JoshSketchZXMaverickHunter    
|uhtml|bestof|Game 1 of a best-of-3
|t:|1756569247
|gametype|doubles
|player|p1|JoshSketch|101|1052
|player|p2|ZXMaverickHunter|flint|1121
|gen|9
|tier|[Gen 9] VGC 2025 Reg H (Bo3)
|rated|
|rule|Species Clause: Limit one of each Pokémon
|rule|Item Clause: Limit 1 of each item
|clearpoke
|poke|p1|Gholdengo, L50|
|poke|p1|Archaludon, L50, M|
|poke|p1|Pelipper, L50, M|
|poke|p1|Annihilape, L50, M|
|poke|p1|Maushold, L50|
|poke|p1|Basculegion, L50, M|
|poke|p2|Rillaboom, L50, F|
|poke|p2|Dragonite, L50, F|
|poke|p2|Sneasler, L50, F|
|poke|p2|Ninetales-Alola, L50, M|
|poke|p2|Kingambit, L50, M|
|poke|p2|Magmar, L50, M|
|teampreview|4
|showteam|p1|Gholdengo||LifeOrb|GoodasGold|Protect,NastyPlot,MakeItRain,ShadowBall||||||50|,,,,,Water]Archaludon||AssaultVest|Stamina|BodyPress,ElectroShot,FlashCannon,DracoMeteor|||M|||50|,,,,,Fighting]Pelipper||FocusSash|Drizzle|Tailwind,Hurricane,WeatherBall,Protect|||M|||50|,,,,,Grass]Annihilape||SafetyGoggles|Defiant|RageFist,BulkUp,CloseCombat,Protect|||M|||50|,,,,,Fairy]Maushold||WideLens|FriendGuard|BeatUp,FollowMe,Protect,Taunt||||||50|,,,,,Normal]Basculegion||ChoiceBand|SwiftSwim|WaveCrash,AquaJet,LastRespects,FlipTurn|||M|||50|,,,,,Grass
|showteam|p2|Rillaboom||AssaultVest|GrassySurge|WoodHammer,GrassyGlide,HighHorsepower,FakeOut|||F|||50|,,,,,Fire]Dragonite||LoadedDice|Multiscale|Protect,ScaleShot,LowKick,Haze|||F|||50|,,,,,Fairy]Sneasler||WhiteHerb|Unburden|Protect,DireClaw,CloseCombat,Coaching|||F|||50|,,,,,Ghost]Ninetales-Alola||ChoiceSpecs|SnowWarning|Blizzard,IcyWind,Moonblast,FreezeDry|||M|||50|,,,,,Ghost]Kingambit||SafetyGoggles|Defiant|Protect,KowtowCleave,SuckerPunch,SwordsDance|||M|||50|,,,,,Dark]Magmar||Eviolite|VitalSpirit|Protect,FollowMe,Overheat,WillOWisp|||M|||50|,,,,,Dragon
|inactive|Battle timer is ON: inactive players will automatically lose when time's up. (requested by JoshSketch)
|
|t:|1756569333
|teamsize|p1|4
|teamsize|p2|4
|start
|switch|p1a: Pelipper|Pelipper, L50, M|100/100
|switch|p1b: Basculegion|Basculegion, L50, M, shiny|100/100
|switch|p2a: Noah's BFF|Sneasler, L50, F, shiny|100/100
|switch|p2b: 90% = 50%|Dragonite, L50, F, shiny|100/100
|-weather|RainDance|[from] ability: Drizzle|[of] p1a: Pelipper
|turn|1
|inactive|JoshSketch has 30 seconds left.
|inactive|ZXMaverickHunter has 30 seconds left.
|
|t:|1756569368
|move|p2a: Noah's BFF|Protect|p2a: Noah's BFF
|-singleturn|p2a: Noah's BFF|Protect
|move|p1a: Pelipper|Protect|p1a: Pelipper
|-singleturn|p1a: Pelipper|Protect
|move|p1b: Basculegion|Flip Turn|p2b: 90% = 50%
|-resisted|p2b: 90% = 50%
|-damage|p2b: 90% = 50%|83/100
|
|t:|1756569376
|switch|p1b: Archaludon|Archaludon, L50, M|100/100|[from] Flip Turn
|move|p2b: 90% = 50%|Scale Shot|p1a: Pelipper
|-activate|p1a: Pelipper|move: Protect
|
|-weather|RainDance|[upkeep]
|upkeep
|turn|2
|inactive|ZXMaverickHunter has 30 seconds left.
|inactive|ZXMaverickHunter has 20 seconds left.
|inactive|ZXMaverickHunter has 15 seconds left.
|
|t:|1756569420
|move|p2a: Noah's BFF|Close Combat|p1b: Archaludon
|-supereffective|p1b: Archaludon
|-damage|p1b: Archaludon|9/100
|-unboost|p2a: Noah's BFF|def|1
|-unboost|p2a: Noah's BFF|spd|1
|-ability|p1b: Archaludon|Stamina|boost
|-boost|p1b: Archaludon|def|1
|-enditem|p2a: Noah's BFF|White Herb
|-clearnegativeboost|p2a: Noah's BFF|[silent]
|move|p2b: 90% = 50%|Scale Shot|p1a: Pelipper
|-damage|p1a: Pelipper|81/100
|-damage|p1a: Pelipper|62/100
|-damage|p1a: Pelipper|42/100
|-damage|p1a: Pelipper|22/100
|-hitcount|p1a: Pelipper|4
|-unboost|p2b: 90% = 50%|def|1
|-boost|p2b: 90% = 50%|spe|1
|move|p1a: Pelipper|Tailwind|p1a: Pelipper
|-sidestart|p1: JoshSketch|move: Tailwind
|move|p1b: Archaludon|Draco Meteor|p2b: 90% = 50%
|-supereffective|p2b: 90% = 50%
|-damage|p2b: 90% = 50%|0 fnt
|-unboost|p1b: Archaludon|spa|2
|faint|p2b: 90% = 50%
|
|-weather|RainDance|[upkeep]
|upkeep
|inactive|ZXMaverickHunter has 30 seconds left.
|
|t:|1756569454
|switch|p2b: Kingambling|Kingambit, L50, M, shiny|100/100
|turn|3
|inactive|ZXMaverickHunter has 30 seconds left.
|inactive|ZXMaverickHunter has 20 seconds left.
|inactive|ZXMaverickHunter has 15 seconds left.
|inactive|ZXMaverickHunter has 10 seconds left.
|inactive|ZXMaverickHunter has 5 seconds left.
|
|t:|1756569505
|-terastallize|p2a: Noah's BFF|Ghost
|move|p2b: Kingambling|Sucker Punch|p1b: Archaludon
|-damage|p1b: Archaludon|0 fnt
|faint|p1b: Archaludon
|move|p2a: Noah's BFF|Dire Claw|p1a: Pelipper
|-damage|p1a: Pelipper|0 fnt
|faint|p1a: Pelipper
|
|-weather|RainDance|[upkeep]
|upkeep
|
|t:|1756569514
|switch|p1a: Annihilape|Annihilape, L50, M|100/100
|switch|p1b: Basculegion|Basculegion, L50, M, shiny|100/100
|turn|4
|inactive|JoshSketch has 30 seconds left.
|
|t:|1756569541
|move|p2a: Noah's BFF|Protect|p2a: Noah's BFF
|-singleturn|p2a: Noah's BFF|Protect
|move|p2b: Kingambling|Protect|p2b: Kingambling
|-singleturn|p2b: Kingambling|Protect
|move|p1b: Basculegion|Wave Crash|p2b: Kingambling
|-activate|p2b: Kingambling|move: Protect
|move|p1a: Annihilape|Bulk Up|p1a: Annihilape
|-boost|p1a: Annihilape|atk|1
|-boost|p1a: Annihilape|def|1
|
|-weather|RainDance|[upkeep]
|upkeep
|turn|5
|inactive|JoshSketch has 30 seconds left.
|inactive|ZXMaverickHunter has 30 seconds left.
|inactive|ZXMaverickHunter has 20 seconds left.
|
|t:|1756569580
|switch|p2a: Hi peli|Ninetales-Alola, L50, M, shiny|100/100
|-weather|Snowscape|[from] ability: Snow Warning|[of] p2a: Hi peli
|-terastallize|p1a: Annihilape|Fairy
|move|p2b: Kingambling|Sucker Punch|p1b: Basculegion
|-supereffective|p1b: Basculegion
|-damage|p1b: Basculegion|6/100
|move|p1a: Annihilape|Close Combat|p2b: Kingambling
|-supereffective|p2b: Kingambling
|-damage|p2b: Kingambling|0 fnt
|-unboost|p1a: Annihilape|def|1
|-unboost|p1a: Annihilape|spd|1
|faint|p2b: Kingambling
|move|p1b: Basculegion|Wave Crash|p2a: Hi peli
|-damage|p2a: Hi peli|3/100
|-damage|p1b: Basculegion|0 fnt|[from] Recoil
|faint|p1b: Basculegion
|
|-weather|Snowscape|[upkeep]
|-sideend|p1: JoshSketch|move: Tailwind
|upkeep
|
|t:|1756569598
|switch|p2b: Noah's BFF|Sneasler, L50, F, shiny, tera:Ghost|100/100
|turn|6
|
|t:|1756569620
|move|p1a: Annihilape|Protect|p1a: Annihilape
|-singleturn|p1a: Annihilape|Protect
|move|p2b: Noah's BFF|Dire Claw|p1a: Annihilape
|-activate|p1a: Annihilape|move: Protect
|move|p2a: Hi peli|Moonblast|p1a: Annihilape
|-activate|p1a: Annihilape|move: Protect
|
|-weather|Snowscape|[upkeep]
|upkeep
|turn|7
|
|t:|1756569626
|move|p2b: Noah's BFF|Dire Claw|p1a: Annihilape
|-supereffective|p1a: Annihilape
|-damage|p1a: Annihilape|18/100
|-status|p1a: Annihilape|par
|move|p2a: Hi peli|Moonblast|p1a: Annihilape
|-damage|p1a: Annihilape|0 fnt
|faint|p1a: Annihilape
|
|win|ZXMaverickHunter
||JoshSketch is ready for game 2.
|inactive|ZXMaverickHunter has 30 seconds to confirm battle start!
|inactive|ZXMaverickHunter has 20 seconds to confirm battle start!
||ZXMaverickHunter is ready for game 2.
|uhtml|next|Next: Game 2 of 3
|l|☆JoshSketch
|player|p1|
