|j|☆tanobaum
|j|☆borntodillydally
|html|tanobaumborntodillydally    
|uhtml|bestof|Game 1 of a best-of-3
|t:|1783247801
|gametype|doubles
|player|p1|tanobaum|juan-gen3|
|player|p2|borntodillydally|n|
|gen|9
|tier|[Gen 9 Champions] VGC 2026 Reg M-B (Bo3)
|rule|Species Clause: Limit one of each Pokémon
|rule|Item Clause: Limit 1 of each item
|clearpoke
|poke|p1|Whimsicott, L50, M|
|poke|p1|Sylveon, L50, F|
|poke|p1|Basculegion, L50, M|
|poke|p1|Kingambit, L50, M|
|poke|p1|Charizard, L50, F|
|poke|p1|Garchomp, L50, F|
|poke|p2|Delphox, L50, M|
|poke|p2|Incineroar, L50, M|
|poke|p2|Sneasler, L50, F|
|poke|p2|Sinistcha, L50|
|poke|p2|Floette-Eternal, L50, F|
|poke|p2|Kingambit, L50, F|
|teampreview|4
|showteam|p1|Whimsicott||FocusSash|Prankster|Moonblast,Tailwind,Encore,Protect|Timid||M|||50|]Sylveon||FairyFeather|Pixilate|HyperVoice,QuickAttack,Detect,HyperBeam|Modest||F|||50|]Basculegion||LifeOrb|Adaptability|WaveCrash,LastRespects,AquaJet,Protect|Adamant||M|||50|]Kingambit||ChopleBerry|Defiant|KowtowCleave,IronHead,SuckerPunch,LowKick|Adamant||M|||50|]Charizard||CharizarditeY|Blaze|HeatWave,WeatherBall,SolarBeam,Protect|Modest||F|||50|]Garchomp||RoseliBerry|RoughSkin|Earthquake,RockSlide,DragonClaw,PoisonJab|Adamant||F|||50|
|showteam|p2|Delphox||Delphoxite|Blaze|HeatWave,Psyshock,NastyPlot,Protect|Timid||M|||50|]Incineroar||SitrusBerry|Intimidate|FakeOut,FlareBlitz,ThroatChop,PartingShot|Impish||M|||50|]Sneasler||FocusSash|PoisonTouch|FakeOut,CloseCombat,PoisonJab,QuickGuard|Jolly||F|||50|]Sinistcha||OccaBerry|Hospitality|MatchaGotcha,TrickRoom,RagePowder,Protect|Bold|||||50|]Floette-Eternal||Floettite|FlowerVeil|Protect,CalmMind,DazzlingGleam,Moonblast|Modest||F|||50|]Kingambit||BlackGlasses|Defiant|KowtowCleave,SwordsDance,SuckerPunch,Protect|Adamant||F|||50|
|inactive|Battle timer is ON: inactive players will automatically lose when time's up. (requested by tanobaum)
|inactive|tanobaum has 60 seconds left.
|inactive|borntodillydally has 60 seconds left.
|inactive|tanobaum has 30 seconds left.
|inactive|borntodillydally has 30 seconds left.
|inactive|tanobaum has 20 seconds left.
|inactive|borntodillydally has 20 seconds left.
|inactive|tanobaum has 15 seconds left.
|inactive|tanobaum has 10 seconds left.
|
|t:|1783247883
|teamsize|p1|4
|teamsize|p2|4
|start
|switch|p1a: Basculegion|Basculegion, L50, M|100/100
|switch|p1b: Charizard|Charizard, L50, F|100/100
|switch|p2a: Incineroar|Incineroar, L50, M|100/100
|switch|p2b: Delphox|Delphox, L50, M|100/100
|-ability|p2a: Incineroar|Intimidate|boost
|-unboost|p1a: Basculegion|atk|1
|-unboost|p1b: Charizard|atk|1
|turn|1
|inactive|tanobaum has 30 seconds left.
|inactive|borntodillydally has 30 seconds left.
|inactive|borntodillydally has 20 seconds left.
|
|t:|1783247921
|switch|p1b: Whimsicott|Whimsicott, L50, M|100/100
|switch|p1a: Garchomp|Garchomp, L50, F|100/100
|move|p2b: Delphox|Protect|p2b: Delphox
|-singleturn|p2b: Delphox|Protect
|move|p2a: Incineroar|Parting Shot|p1a: Garchomp
|-unboost|p1a: Garchomp|atk|1
|-unboost|p1a: Garchomp|spa|1
|
|t:|1783247936
|switch|p2a: Sinistcha|Sinistcha, L50|100/100|[from] Parting Shot
|
|upkeep
|turn|2
|inactive|borntodillydally has 30 seconds left.
|
|t:|1783247963
|switch|p1a: Charizard|Charizard, L50, F|100/100
|switch|p2a: Incineroar|Incineroar, L50, M|100/100
|-ability|p2a: Incineroar|Intimidate|boost
|-unboost|p1a: Charizard|atk|1
|-unboost|p1b: Whimsicott|atk|1
|detailschange|p2b: Delphox|Delphox-Mega, L50, M
|-mega|p2b: Delphox|Delphox|Delphoxite
|move|p1b: Whimsicott|Encore|p2b: Delphox
|-start|p2b: Delphox|Encore
|move|p2b: Delphox|Protect||[still]
|-fail|p2b: Delphox
|
|upkeep
|turn|3
|inactive|tanobaum has 30 seconds left.
|inactive|borntodillydally has 30 seconds left.
|inactive|tanobaum has 20 seconds left.
|inactive|tanobaum has 15 seconds left.
|
|t:|1783248004
|switch|p1b: Basculegion|Basculegion, L50, M|100/100
|detailschange|p1a: Charizard|Charizard-Mega-Y, L50, F
|-mega|p1a: Charizard|Charizard|Charizardite Y
|-weather|SunnyDay|[from] ability: Drought|[of] p1a: Charizard
|move|p2b: Delphox|Protect|p2b: Delphox
|-singleturn|p2b: Delphox|Protect
|move|p1a: Charizard|Heat Wave|p2a: Incineroar|[spread] 
|-activate|p2b: Delphox|move: Protect
|-miss|p1a: Charizard|p2a: Incineroar
|move|p2a: Incineroar|Flare Blitz|p1b: Basculegion
|-resisted|p1b: Basculegion|1
|-damage|p1b: Basculegion|60/100
|-damage|p2a: Incineroar|87/100|[from] Recoil
|
|-weather|SunnyDay|[upkeep]
|upkeep
|turn|4
|inactive|tanobaum has 30 seconds left.
|inactive|borntodillydally has 30 seconds left.
|inactive|tanobaum has 20 seconds left.
|inactive|tanobaum has 15 seconds left.
|
|t:|1783248047
|switch|p2b: Sinistcha|Sinistcha, L50|100/100
|-heal|p2a: Incineroar|100/100|[from] ability: Hospitality|[of] p2b: Sinistcha
|move|p1b: Basculegion|Protect|p1b: Basculegion
|-singleturn|p1b: Basculegion|Protect
|move|p1a: Charizard|Heat Wave|p2b: Sinistcha|[spread] p2a,p2b
|-resisted|p2a: Incineroar|1
|-supereffective|p2b: Sinistcha|1
|-enditem|p2b: Sinistcha|Occa Berry|[eat]
|-enditem|p2b: Sinistcha|Occa Berry|[weaken]
|-damage|p2a: Incineroar|72/100
|-damage|p2b: Sinistcha|43/100
|move|p2a: Incineroar|Flare Blitz|p1a: Charizard
|-resisted|p1a: Charizard|1
|-damage|p1a: Charizard|68/100
|-damage|p2a: Incineroar|62/100|[from] Recoil
|
|-weather|SunnyDay|[upkeep]
|upkeep
|turn|5
|inactive|tanobaum has 30 seconds left.
|inactive|borntodillydally has 30 seconds left.
|
|t:|1783248078
|switch|p2b: Delphox|Delphox-Mega, L50, M|100/100
|move|p1a: Charizard|Weather Ball|p2b: Delphox
|-resisted|p2b: Delphox|1
|-crit|p2b: Delphox
|-damage|p2b: Delphox|42/100
|move|p1b: Basculegion|Wave Crash|p2a: Incineroar
|-supereffective|p2a: Incineroar|1
|-damage|p2a: Incineroar|0 fnt
|faint|p2a: Incineroar
|-damage|p1b: Basculegion|38/100|[from] Recoil
|-damage|p1b: Basculegion|29/100|[from] item: Life Orb
|
|-weather|SunnyDay|[upkeep]
|upkeep
|
|t:|1783248091
|switch|p2a: Sinistcha|Sinistcha, L50|43/100
|-heal|p2b: Delphox|66/100|[from] ability: Hospitality|[of] p2a: Sinistcha
|turn|6
|inactive|borntodillydally has 30 seconds left.
|inactive|borntodillydally has 20 seconds left.
|inactive|borntodillydally has 15 seconds left.
|
|t:|1783248133
|switch|p1b: Whimsicott|Whimsicott, L50, M|100/100
|move|p2a: Sinistcha|Protect|p2a: Sinistcha
|-singleturn|p2a: Sinistcha|Protect
|move|p2b: Delphox|Psyshock|p1a: Charizard
|-damage|p1a: Charizard|28/100
|move|p1a: Charizard|Heat Wave|p2b: Delphox|[spread] p2b
|-activate|p2a: Sinistcha|move: Protect
|-resisted|p2b: Delphox|1
|-damage|p2b: Delphox|40/100
|
|-weather|SunnyDay|[upkeep]
|upkeep
|turn|7
|
|t:|1783248158
|move|p1b: Whimsicott|Tailwind|p1b: Whimsicott
|-sidestart|p1: tanobaum|move: Tailwind
|move|p1a: Charizard|Heat Wave|p2a: Sinistcha|[spread] p2a,p2b
|-supereffective|p2a: Sinistcha|1
|-resisted|p2b: Delphox|1
|-damage|p2a: Sinistcha|0 fnt
|-damage|p2b: Delphox|12/100
|faint|p2a: Sinistcha
|move|p2b: Delphox|Heat Wave|p1a: Charizard|[spread] p1a,p1b
|-resisted|p1a: Charizard|1
|-supereffective|p1b: Whimsicott|1
|-damage|p1a: Charizard|6/100
|-enditem|p1b: Whimsicott|Focus Sash
|-damage|p1b: Whimsicott|1/100
|
|-weather|none
|upkeep
|
|t:|1783248171
|switch|p2a: Kingambit|Kingambit, L50, F|100/100
|turn|8
|inactive|borntodillydally has 30 seconds left.
|
|t:|1783248203
|move|p2a: Kingambit|Sucker Punch|p1b: Whimsicott
|-resisted|p1b: Whimsicott|1
|-damage|p1b: Whimsicott|0 fnt
|faint|p1b: Whimsicott
|move|p1a: Charizard|Heat Wave|p2a: Kingambit|[spread] p2a,p2b
|-supereffective|p2a: Kingambit|1
|-resisted|p2b: Delphox|1
|-damage|p2a: Kingambit|15/100
|-damage|p2b: Delphox|0 fnt
|faint|p2b: Delphox
|
|upkeep
|-message|borntodillydally forfeited.
|
|win|tanobaum
||tanobaum is ready for game 2.
||borntodillydally is ready for game 2.
|uhtml|next|Next: Game 2 of 3
|l|☆borntodillydally
|player|p2|
