|j|☆Avjack1
|j|☆viatles
|html|Avjack1viatles    
|uhtml|bestof|Game 2 of a best-of-3
|t:|1757796724
|gametype|doubles
|player|p1|Avjack1|169|1000
|player|p2|viatles|hiker|1108
|gen|9
|tier|[Gen 9] VGC 2025 Reg H (Bo3)
|rated|
|rule|Species Clause: Limit one of each Pokémon
|rule|Item Clause: Limit 1 of each item
|clearpoke
|poke|p1|Ludicolo, L50, F|
|poke|p1|Archaludon, L50, F|
|poke|p1|Politoed, L50, F|
|poke|p1|Incineroar, L50, F|
|poke|p1|Whimsicott, L50, M|
|poke|p1|Annihilape, L50, M|
|poke|p2|Scizor, L50, M|
|poke|p2|Talonflame, L50, F|
|poke|p2|Rillaboom, L50, F|
|poke|p2|Garchomp, L50, F|
|poke|p2|Kilowattrel, L50, F|
|poke|p2|Garganacl, L50, M|
|teampreview|4
|showteam|p1|Ludicolo||LoadedDice|SwiftSwim|FakeOut,Encore,BulletSeed,Surf|||F|||50|,,,,,Steel]Archaludon||AssaultVest|Stamina|ElectroShot,BodyPress,DragonPulse,FlashCannon|||F|||50|,,,,,Bug]Politoed||ChoiceSpecs|Drizzle|IceBeam,EarthPower,WeatherBall,Surf|||F|||50|,,,,,Grass]Incineroar||SafetyGoggles|Intimidate|FakeOut,Uturn,KnockOff,Taunt|||F|||50|,,,,,Ghost]Whimsicott||CovertCloak|Prankster|Tailwind,LightScreen,BeatUp,Moonblast|||M|||50|,,,,,Steel]Annihilape||SitrusBerry|Defiant|Protect,FinalGambit,CloseCombat,RageFist|||M|||50|,,,,,Water
|showteam|p2|Scizor||LifeOrb|Technician|BulletPunch,BugBite,DualWingbeat,Protect|||M|||50|,,,,,Fire]Talonflame||CovertCloak|GaleWings|DualWingbeat,Tailwind,Taunt,FlareBlitz|||F|||50|,,,,,Flying]Rillaboom||AssaultVest|GrassySurge|FakeOut,GrassyGlide,Uturn,WoodHammer|||F|||50|,,,,,Fairy]Garchomp||ClearAmulet|RoughSkin|IronHead,Earthquake,DragonClaw,Protect|||F|||50|,,,,,Steel]Kilowattrel||FocusSash|Competitive|Discharge,AirSlash,Tailwind,Protect|||F|||50|,,,,,Ghost]Garganacl||Leftovers|PurifyingSalt|SaltCure,Recover,Protect,RockSlide|||M|||50|,,,,,Grass
|inactive|Battle timer is ON: inactive players will automatically lose when time's up. (requested by Avjack1)
|inactive|viatles has 60 seconds left.
|
|t:|1757796757
|teamsize|p1|4
|teamsize|p2|4
|start
|switch|p1a: Whimsicott|Whimsicott, L50, M|100/100
|switch|p1b: Annihilape|Annihilape, L50, M|100/100
|switch|p2a: Rillaboom|Rillaboom, L50, F|100/100
|switch|p2b: Garganacl|Garganacl, L50, M|100/100
|-fieldstart|move: Grassy Terrain|[from] ability: Grassy Surge|[of] p2a: Rillaboom
|turn|1
|
|t:|1757796784
|move|p2b: Garganacl|Protect|p2b: Garganacl
|-singleturn|p2b: Garganacl|Protect
|move|p2a: Rillaboom|Fake Out|p1a: Whimsicott
|-damage|p1a: Whimsicott|82/100
|move|p1a: Whimsicott|Beat Up|p1b: Annihilape
|-damage|p1b: Annihilape|98/100
|-damage|p1b: Annihilape|96/100
|-damage|p1b: Annihilape|94/100
|-damage|p1b: Annihilape|91/100
|-hitcount|p1b: Annihilape|4
|move|p1b: Annihilape|Rage Fist|p2b: Garganacl
|-activate|p2b: Garganacl|move: Protect
|
|-heal|p1a: Whimsicott|88/100|[from] Grassy Terrain
|-heal|p1b: Annihilape|97/100|[from] Grassy Terrain
|upkeep
|turn|2
|
|t:|1757796808
|move|p1a: Whimsicott|Tailwind|p1a: Whimsicott
|-sidestart|p1: Avjack1|move: Tailwind
|move|p1b: Annihilape|Rage Fist|p2b: Garganacl
|-damage|p2b: Garganacl|57/100
|move|p2a: Rillaboom|U-turn|p1a: Whimsicott
|-damage|p1a: Whimsicott|54/100
|
|t:|1757796816
|switch|p2a: Talonflame|Talonflame, L50, F|100/100|[from] U-turn
|move|p2b: Garganacl|Salt Cure|p1b: Annihilape
|-resisted|p1b: Annihilape
|-damage|p1b: Annihilape|91/100
|-start|p1b: Annihilape|Salt Cure
|
|-heal|p1a: Whimsicott|60/100|[from] Grassy Terrain
|-heal|p1b: Annihilape|97/100|[from] Grassy Terrain
|-heal|p2b: Garganacl|62/100|[from] Grassy Terrain
|-heal|p2b: Garganacl|68/100|[from] item: Leftovers
|-damage|p1b: Annihilape|85/100|[from] Salt Cure
|upkeep
|turn|3
|inactive|Avjack1 has 30 seconds left.
|inactive|Avjack1 has 20 seconds left.
|
|t:|1757796852
|switch|p1a: Politoed|Politoed, L50, F, shiny|100/100
|-weather|RainDance|[from] ability: Drizzle|[of] p1a: Politoed
|-terastallize|p1b: Annihilape|Water
|move|p2a: Talonflame|Dual Wingbeat|p1b: Annihilape
|-damage|p1b: Annihilape|70/100
|-damage|p1b: Annihilape|53/100
|-hitcount|p1b: Annihilape|2
|move|p1b: Annihilape|Rage Fist|p2a: Talonflame
|-damage|p2a: Talonflame|0 fnt
|faint|p2a: Talonflame
|move|p2b: Garganacl|Recover|p2b: Garganacl
|-heal|p2b: Garganacl|100/100
|
|-weather|RainDance|[upkeep]
|-heal|p1b: Annihilape|59/100|[from] Grassy Terrain
|-damage|p1b: Annihilape|34/100|[from] Salt Cure
|upkeep
|-enditem|p1b: Annihilape|Sitrus Berry|[eat]
|-heal|p1b: Annihilape|59/100|[from] item: Sitrus Berry
|
|t:|1757796874
|switch|p2a: Rillaboom|Rillaboom, L50, F|100/100
|turn|4
|
|t:|1757796885
|switch|p1b: Archaludon|Archaludon, L50, F, shiny|100/100
|switch|p1a: Whimsicott|Whimsicott, L50, M|60/100
|-terastallize|p2b: Garganacl|Grass
|move|p2a: Rillaboom|Fake Out|p1b: Archaludon
|-resisted|p1b: Archaludon
|-damage|p1b: Archaludon|96/100
|-ability|p1b: Archaludon|Stamina|boost
|-boost|p1b: Archaludon|def|1
|move|p2b: Garganacl|Salt Cure|p1a: Whimsicott
|-damage|p1a: Whimsicott|42/100
|
|-weather|RainDance|[upkeep]
|-heal|p1a: Whimsicott|48/100|[from] Grassy Terrain
|-heal|p1b: Archaludon|100/100|[from] Grassy Terrain
|upkeep
|turn|5
|inactive|Avjack1 has 30 seconds left.
|
|t:|1757796911
|move|p1a: Whimsicott|Beat Up|p1b: Archaludon
|-crit|p1b: Archaludon
|-damage|p1b: Archaludon|98/100
|-ability|p1b: Archaludon|Stamina|boost
|-boost|p1b: Archaludon|def|1
|-damage|p1b: Archaludon|97/100
|-ability|p1b: Archaludon|Stamina|boost
|-boost|p1b: Archaludon|def|1
|-damage|p1b: Archaludon|96/100
|-ability|p1b: Archaludon|Stamina|boost
|-boost|p1b: Archaludon|def|1
|-damage|p1b: Archaludon|95/100
|-ability|p1b: Archaludon|Stamina|boost
|-boost|p1b: Archaludon|def|1
|-hitcount|p1b: Archaludon|4
|move|p1b: Archaludon|Body Press|p2a: Rillaboom
|-damage|p2a: Rillaboom|26/100
|move|p2a: Rillaboom|U-turn|p1a: Whimsicott
|-damage|p1a: Whimsicott|18/100
|
|t:|1757796927
|switch|p2a: Scizor|Scizor, L50, M|100/100|[from] U-turn
|move|p2b: Garganacl|Salt Cure|p1b: Archaludon
|-resisted|p1b: Archaludon
|-damage|p1b: Archaludon|93/100
|-start|p1b: Archaludon|Salt Cure
|-ability|p1b: Archaludon|Stamina|boost
|-boost|p1b: Archaludon|def|1
|
|-weather|RainDance|[upkeep]
|-heal|p1a: Whimsicott|23/100|[from] Grassy Terrain
|-heal|p1b: Archaludon|99/100|[from] Grassy Terrain
|-damage|p1b: Archaludon|75/100|[from] Salt Cure
|-sideend|p1: Avjack1|move: Tailwind
|-fieldend|move: Grassy Terrain
|upkeep
|turn|6
|
|t:|1757796948
|move|p1a: Whimsicott|Tailwind|p1a: Whimsicott
|-sidestart|p1: Avjack1|move: Tailwind
|move|p1b: Archaludon|Body Press|p2a: Scizor
|-damage|p2a: Scizor|3/100
|move|p2a: Scizor|Bug Bite|p1a: Whimsicott
|-damage|p1a: Whimsicott|0 fnt
|faint|p1a: Whimsicott
|-damage|p2a: Scizor|0 fnt|[from] item: Life Orb
|faint|p2a: Scizor
|move|p2b: Garganacl|Rock Slide|p1b: Archaludon
|-resisted|p1b: Archaludon
|-damage|p1b: Archaludon|73/100
|
|-weather|RainDance|[upkeep]
|-damage|p1b: Archaludon|48/100|[from] Salt Cure
|upkeep
|
|t:|1757796965
|switch|p1a: Annihilape|Annihilape, L50, M, tera:Water|59/100
|switch|p2a: Rillaboom|Rillaboom, L50, F|26/100
|-fieldstart|move: Grassy Terrain|[from] ability: Grassy Surge|[of] p2a: Rillaboom
|turn|7
|
|t:|1757796982
|move|p1a: Annihilape|Protect|p1a: Annihilape
|-singleturn|p1a: Annihilape|Protect
|move|p2b: Garganacl|Protect|p2b: Garganacl
|-singleturn|p2b: Garganacl|Protect
|move|p2a: Rillaboom|Fake Out|p1b: Archaludon
|-resisted|p1b: Archaludon
|-damage|p1b: Archaludon|47/100
|cant|p1b: Archaludon|flinch
|
|-weather|none
|-heal|p1a: Annihilape|65/100|[from] Grassy Terrain
|-heal|p1b: Archaludon|53/100|[from] Grassy Terrain
|-heal|p2a: Rillaboom|32/100|[from] Grassy Terrain
|-damage|p1b: Archaludon|28/100|[from] Salt Cure
|upkeep
|turn|8
|
|t:|1757797000
|move|p2a: Rillaboom|Grassy Glide|p1a: Annihilape
|-supereffective|p1a: Annihilape
|-damage|p1a: Annihilape|0 fnt
|faint|p1a: Annihilape
|move|p1b: Archaludon|Body Press|p2b: Garganacl
|-damage|p2b: Garganacl|28/100
|move|p2b: Garganacl|Rock Slide|p1b: Archaludon
|-resisted|p1b: Archaludon
|-damage|p1b: Archaludon|25/100
|
|-heal|p1b: Archaludon|31/100|[from] Grassy Terrain
|-heal|p2a: Rillaboom|38/100|[from] Grassy Terrain
|-heal|p2b: Garganacl|33/100|[from] Grassy Terrain
|-heal|p2b: Garganacl|39/100|[from] item: Leftovers
|-damage|p1b: Archaludon|7/100|[from] Salt Cure
|upkeep
|
|t:|1757797016
|switch|p1a: Politoed|Politoed, L50, F, shiny|100/100
|-weather|RainDance|[from] ability: Drizzle|[of] p1a: Politoed
|turn|9
|
|t:|1757797029
|move|p2b: Garganacl|Protect|p2b: Garganacl
|-singleturn|p2b: Garganacl|Protect
|move|p2a: Rillaboom|Grassy Glide|p1a: Politoed
|-supereffective|p1a: Politoed
|-damage|p1a: Politoed|20/100
|move|p1b: Archaludon|Body Press|p2a: Rillaboom
|-damage|p2a: Rillaboom|0 fnt
|faint|p2a: Rillaboom
|move|p1a: Politoed|Ice Beam|p2b: Garganacl
|-activate|p2b: Garganacl|move: Protect
|
|-weather|RainDance|[upkeep]
|-heal|p1b: Archaludon|13/100|[from] Grassy Terrain
|-heal|p1a: Politoed|26/100|[from] Grassy Terrain
|-heal|p2b: Garganacl|45/100|[from] Grassy Terrain
|-heal|p2b: Garganacl|51/100|[from] item: Leftovers
|-damage|p1b: Archaludon|0 fnt|[from] Salt Cure
|faint|p1b: Archaludon
|-sideend|p1: Avjack1|move: Tailwind
|upkeep
|turn|10
|
|t:|1757797050
|move|p1a: Politoed|Ice Beam|p2b: Garganacl
|-supereffective|p2b: Garganacl
|-damage|p2b: Garganacl|0 fnt
|faint|p2b: Garganacl
|
|win|Avjack1
|raw|Avjack1's rating: 1000 → 1052(+52 for winning)
|raw|viatles's rating: 1108 → 1075(-33 for losing)
|c|☆viatles|gg
|c|☆Avjack1|Gg
|c|☆Avjack1|closer 2nd game
|c|☆viatles|i gambled on recovery
|c|☆viatles|i knew it was a roll
|c|☆viatles|wp
|c|☆Avjack1|The speed?
|c|☆viatles|on who?
|c|☆Avjack1|or the damage from ice beam?
|c|☆viatles|ice ebam
|c|☆viatles|*beam
|c|☆Avjack1|really? Not sure it was a roll
|c|☆Avjack1|252+ specs ice beam
|c|☆viatles|max spdf with bump from terrain and leftovers
|c|☆Avjack1|Ah maybe
|c|☆viatles|ah yeah then wasnt roll lol
|c|☆viatles|252 is roll with nature no chance
|c|☆Avjack1|gg regardless, think I outsped next turn anyway
|c|☆Avjack1|fair
|c|☆Avjack1|gg
|l|☆Avjack1
|player|p1|
|c|☆viatles|salt cure + prtect was game  i think but yeah ggs wp
