|j|☆elmono11
|j|‽daniiivgc
|html|elmono11daniiivgc    
|uhtml|bestof|Game 3 of a best-of-3
|t:|1785702312
|gametype|doubles
|player|p1|elmono11|2|1403
|player|p2|daniiivgc|giovanni|1392
|gen|9
|tier|[Gen 9 Champions] VGC 2026 Reg M-B (Bo3)
|rated|
|rule|Species Clause: Limit one of each Pokémon
|rule|Item Clause: Limit 1 of each item
|clearpoke
|poke|p1|Kingambit, L50, F|
|poke|p1|Sneasler, L50, M|
|poke|p1|Froslass, L50, F|
|poke|p1|Lycanroc-Dusk, L50, M|
|poke|p1|Basculegion, L50, M|
|poke|p1|Scovillain, L50, M|
|poke|p2|Kangaskhan, L50, F|
|poke|p2|Farigiraf, L50, F|
|poke|p2|Camerupt, L50, M|
|poke|p2|Vivillon, L50, F|
|poke|p2|Abomasnow, L50, M|
|poke|p2|Kingambit, L50, F|
|teampreview|4
|showteam|p1|Kingambit||LifeOrb|Defiant|KowtowCleave,SuckerPunch,SwordsDance,Protect|Adamant||F|||50|]Sneasler||WhiteHerb|Unburden|FakeOut,CloseCombat,DireClaw,Protect|Adamant||M|||50|]Froslass||Froslassite|SnowCloak|Blizzard,ShadowBall,Thunderbolt,Protect|Modest||F|||50|]Lycanroc-Dusk||FocusSash|ToughClaws|CloseCombat,RockSlide,Accelerock,Protect|Adamant||M|||50|]Basculegion||MysticWater|Adaptability|LastRespects,AquaJet,WaveCrash,Protect|Adamant||M|||50|]Scovillain||Scovillainite|Moody|Overheat,GigaDrain,RagePowder,Protect|Bold||M|||50|
|showteam|p2|Kangaskhan||SilkScarf|Scrappy|FakeOut,DoubleEdge,LowKick,SuckerPunch|Brave||F|||50|]Farigiraf||SitrusBerry|ArmorTail|TwinBeam,Thunderbolt,TrickRoom,Protect|Bold||F|||50|]Camerupt||Cameruptite|SolidRock|HeatWave,EarthPower,AncientPower,Protect|Quiet||M|||50|]Vivillon||FocusSash|CompoundEyes|Hurricane,SleepPowder,RagePowder,Protect|Timid||F|||50|]Abomasnow||LifeOrb|SnowWarning|Blizzard,GrassKnot,IceShard,WeatherBall|Quiet||M|||50|]Kingambit||ChopleBerry|Defiant|KowtowCleave,SuckerPunch,IronHead,SwordsDance|Brave||F|||50|
|inactive|Battle timer is ON: inactive players will automatically lose when time's up. (requested by elmono11)
|inactive|elmono11 has 60 seconds left.
|
|t:|1785702370
|teamsize|p1|4
|teamsize|p2|4
|start
|switch|p1a: Froslass|Froslass, L50, F|100/100
|switch|p1b: Lycanroc|Lycanroc-Dusk, L50, M|100/100
|switch|p2a: Farigiraf|Farigiraf, L50, F|100/100
|switch|p2b: Kangaskhan|Kangaskhan, L50, F|100/100
|turn|1
|
|t:|1785702388
|detailschange|p1a: Froslass|Froslass-Mega, L50, F
|-mega|p1a: Froslass|Froslass|Froslassite
|-weather|Snowscape|[from] ability: Snow Warning|[of] p1a: Froslass
|move|p2b: Kangaskhan|Fake Out|p1b: Lycanroc
|-resisted|p1b: Lycanroc|1
|-damage|p1b: Lycanroc|82/100
|move|p1a: Froslass|Blizzard|p2b: Kangaskhan|[spread] p2a,p2b
|-damage|p2a: Farigiraf|61/100
|-damage|p2b: Kangaskhan|56/100
|cant|p1b: Lycanroc|flinch
|move|p2a: Farigiraf|Trick Room|p2a: Farigiraf
|-fieldstart|move: Trick Room|[of] p2a: Farigiraf
|
|-weather|Snowscape|[upkeep]
|upkeep
|turn|2
|inactive|daniiivgc has 30 seconds left.
|inactive|daniiivgc has 20 seconds left.
|
|t:|1785702424
|switch|p2a: Kingambit|Kingambit, L50, F|100/100
|switch|p1b: Basculegion|Basculegion, L50, M|100/100
|move|p2b: Kangaskhan|Double-Edge|p1b: Basculegion
|-damage|p1b: Basculegion|41/100
|-damage|p2b: Kangaskhan|37/100|[from] Recoil
|move|p1a: Froslass|Blizzard|p2a: Kingambit|[spread] p2a,p2b
|-resisted|p2a: Kingambit|1
|-damage|p2a: Kingambit|81/100
|-damage|p2b: Kangaskhan|0 fnt
|faint|p2b: Kangaskhan
|
|-weather|Snowscape|[upkeep]
|upkeep
|
|t:|1785702436
|switch|p2b: Camerupt|Camerupt, L50, M|100/100
|turn|3
|
|t:|1785702456
|switch|p1b: Lycanroc|Lycanroc-Dusk, L50, M|82/100
|detailschange|p2b: Camerupt|Camerupt-Mega, L50, M
|-mega|p2b: Camerupt|Camerupt|Cameruptite
|move|p1a: Froslass|Protect|p1a: Froslass
|-singleturn|p1a: Froslass|Protect
|move|p2a: Kingambit|Sucker Punch||[still]
|-fail|p2a: Kingambit
|move|p2b: Camerupt|Heat Wave|p1a: Froslass|[spread] p1b
|-activate|p1a: Froslass|move: Protect
|-resisted|p1b: Lycanroc|1
|-damage|p1b: Lycanroc|39/100
|
|-weather|Snowscape|[upkeep]
|upkeep
|turn|4
|inactive|elmono11 has 30 seconds left.
|inactive|elmono11 has 20 seconds left.
|inactive|elmono11 has 15 seconds left.
|inactive|elmono11 has 10 seconds left.
|inactive|elmono11 has 5 seconds left.
|
|t:|1785702509
|switch|p1a: Basculegion|Basculegion, L50, M|41/100
|move|p1b: Lycanroc|Accelerock|p2b: Camerupt
|-damage|p2b: Camerupt|74/100
|move|p2b: Camerupt|Heat Wave|p1b: Lycanroc|[spread] p1a
|-miss|p2b: Camerupt|p1b: Lycanroc
|-resisted|p1a: Basculegion|1
|-damage|p1a: Basculegion|12/100
|move|p2a: Kingambit|Kowtow Cleave|p1a: Basculegion
|-supereffective|p1a: Basculegion|1
|-damage|p1a: Basculegion|0 fnt
|faint|p1a: Basculegion
|
|-weather|Snowscape|[upkeep]
|upkeep
|
|t:|1785702531
|switch|p1a: Kingambit|Kingambit, L50, F|100/100
|turn|5
|inactive|daniiivgc has 30 seconds left.
|
|t:|1785702557
|move|p1a: Kingambit|Sucker Punch|p2b: Camerupt
|-damage|p2b: Camerupt|29/100
|-damage|p1a: Kingambit|90/100|[from] item: Life Orb
|move|p1b: Lycanroc|Accelerock|p2b: Camerupt
|-damage|p2b: Camerupt|3/100
|move|p2b: Camerupt|Heat Wave|p1b: Lycanroc|[spread] p1a,p1b
|-supereffective|p1a: Kingambit|1
|-resisted|p1b: Lycanroc|1
|-damage|p1a: Kingambit|0 fnt
|-damage|p1b: Lycanroc|0 fnt
|faint|p1a: Kingambit
|faint|p1b: Lycanroc
|move|p2a: Kingambit|Swords Dance|p2a: Kingambit
|-boost|p2a: Kingambit|atk|2
|
|-weather|none
|-fieldend|move: Trick Room
|upkeep
|-message|elmono11 forfeited.
|
|win|daniiivgc
|raw|elmono11's rating: 1403 → 1382(-21 for losing)
|raw|daniiivgc's rating: 1392 → 1413(+21 for winning)
