|j|☆namboyVGC
|j|☆luscapvp
|html|namboyVGCluscapvp    
|uhtml|bestof|Game 1 of a best-of-3
|t:|1785957357
|gametype|doubles
|player|p1|namboyVGC|pokemonranger-gen4|1294
|player|p2|luscapvp|169|1181
|gen|9
|tier|[Gen 9 Champions] VGC 2026 Reg M-B (Bo3)
|rated|
|rule|Species Clause: Limit one of each Pokémon
|rule|Item Clause: Limit 1 of each item
|clearpoke
|poke|p1|Tyranitar, L50, F|
|poke|p1|Excadrill, L50, M|
|poke|p1|Milotic, L50, F|
|poke|p1|Sinistcha, L50|
|poke|p1|Staraptor, L50, F|
|poke|p1|Gholdengo, L50|
|poke|p2|Froslass, L50, F|
|poke|p2|Sneasler, L50, F|
|poke|p2|Lycanroc-Dusk, L50, M|
|poke|p2|Kingambit, L50, F|
|poke|p2|Basculegion, L50, M|
|poke|p2|Scovillain, L50, F|
|teampreview|4
|showteam|p1|Tyranitar||Tyranitarite|SandStream|KnockOff,RockSlide,LowKick,Protect|Jolly||F|||50|]Excadrill||FocusSash|SandRush|HighHorsepower,IronHead,RockSlide,Protect|Jolly||M|||50|]Milotic||SitrusBerry|Competitive|Scald,IceBeam,IcyWind,Protect|Calm||F|||50|]Sinistcha||ColburBerry|Hospitality|MatchaGotcha,ShadowBall,Protect,RagePowder|Bold|||||50|]Staraptor||Staraptite|Intimidate|CloseCombat,BraveBird,Tailwind,Protect|Jolly||F|||50|]Gholdengo||LifeOrb|GoodasGold|MakeItRain,ShadowBall,NastyPlot,Protect|Modest|||||50|
|showteam|p2|Froslass||Froslassite|SnowCloak|Blizzard,ShadowBall,AuroraVeil,Protect|Timid||F|||50|]Sneasler||WhiteHerb|Unburden|CloseCombat,GunkShot,FakeOut,Protect|Adamant||F|||50|]Lycanroc-Dusk||FocusSash|ToughClaws|RockSlide,CloseCombat,Accelerock,Protect|Adamant||M|||50|]Kingambit||BlackGlasses|Defiant|KowtowCleave,SuckerPunch,SwordsDance,Protect|Adamant||F|||50|]Basculegion||ChoiceScarf|Adaptability|WaveCrash,LastRespects,AquaJet,FlipTurn|Jolly||M|||50|]Scovillain||Scovillainite|Moody|Overheat,GigaDrain,RagePowder,Protect|Bold||F|||50|
|inactive|Battle timer is ON: inactive players will automatically lose when time's up. (requested by namboyVGC)
|inactive|namboyVGC has 60 seconds left.
|
|t:|1785957413
|teamsize|p1|4
|teamsize|p2|4
|start
|switch|p1a: Staraptor|Staraptor, L50, F|100/100
|switch|p1b: Gholdengo|Gholdengo, L50|100/100
|switch|p2a: Froslass|Froslass, L50, F|100/100
|switch|p2b: Sneasler|Sneasler, L50, F|100/100
|-ability|p1a: Staraptor|Intimidate|boost
|-unboost|p2a: Froslass|atk|1
|-unboost|p2b: Sneasler|atk|1
|-enditem|p2b: Sneasler|White Herb
|-clearnegativeboost|p2b: Sneasler|[silent]
|turn|1
|
|t:|1785957433
|move|p2b: Sneasler|Protect|p2b: Sneasler
|-singleturn|p2b: Sneasler|Protect
|move|p2a: Froslass|Protect|p2a: Froslass
|-singleturn|p2a: Froslass|Protect
|move|p1a: Staraptor|Protect|p1a: Staraptor
|-singleturn|p1a: Staraptor|Protect
|move|p1b: Gholdengo|Make It Rain|p2b: Sneasler|[spread] 
|-activate|p2a: Froslass|move: Protect
|-activate|p2b: Sneasler|move: Protect
|
|upkeep
|turn|2
|inactive|namboyVGC has 30 seconds left.
|
|t:|1785957459
|switch|p1a: Milotic|Milotic, L50, F|100/100
|detailschange|p2a: Froslass|Froslass-Mega, L50, F
|-mega|p2a: Froslass|Froslass|Froslassite
|-weather|Snowscape|[from] ability: Snow Warning|[of] p2a: Froslass
|move|p2b: Sneasler|Close Combat|p1a: Milotic
|-damage|p1a: Milotic|41/100
|-unboost|p2b: Sneasler|def|1
|-unboost|p2b: Sneasler|spd|1
|-enditem|p1a: Milotic|Sitrus Berry|[eat]
|-heal|p1a: Milotic|65/100|[from] item: Sitrus Berry
|move|p2a: Froslass|Blizzard|p1b: Gholdengo|[spread] p1a,p1b
|-resisted|p1a: Milotic|1
|-resisted|p1b: Gholdengo|1
|-damage|p1a: Milotic|52/100
|-damage|p1b: Gholdengo|80/100
|move|p1b: Gholdengo|Make It Rain|p2a: Froslass|[spread] p2a,p2b
|-supereffective|p2a: Froslass|1
|-damage|p2a: Froslass|0 fnt
|-damage|p2b: Sneasler|6/100
|-unboost|p1b: Gholdengo|spa|2
|faint|p2a: Froslass
|-damage|p1b: Gholdengo|70/100|[from] item: Life Orb
|
|-weather|Snowscape|[upkeep]
|upkeep
|
|t:|1785957467
|switch|p2a: Basculegion|Basculegion, L50, M|100/100
|turn|3
|inactive|namboyVGC has 30 seconds left.
|
|t:|1785957498
|switch|p1b: Staraptor|Staraptor, L50, F|100/100
|-ability|p1b: Staraptor|Intimidate|boost
|-unboost|p2a: Basculegion|atk|1
|-unboost|p2b: Sneasler|atk|1
|move|p1a: Milotic|Protect|p1a: Milotic
|-singleturn|p1a: Milotic|Protect
|move|p2b: Sneasler|Gunk Shot|p1a: Milotic
|-activate|p1a: Milotic|move: Protect
|move|p2a: Basculegion|Last Respects|p1b: Staraptor
|-immune|p1b: Staraptor
|
|-weather|Snowscape|[upkeep]
|upkeep
|turn|4
|inactive|namboyVGC has 30 seconds left.
|
|t:|1785957524
|move|p2b: Sneasler|Gunk Shot|p1b: Staraptor
|-damage|p1b: Staraptor|47/100
|move|p2a: Basculegion|Last Respects|p1a: Milotic
|-damage|p1a: Milotic|16/100
|move|p1b: Staraptor|Tailwind|p1b: Staraptor
|-sidestart|p1: namboyVGC|move: Tailwind
|move|p1a: Milotic|Icy Wind|p2b: Sneasler|[spread] p2a,p2b
|-resisted|p2a: Basculegion|1
|-damage|p2a: Basculegion|93/100
|-damage|p2b: Sneasler|0 fnt
|-unboost|p2a: Basculegion|spe|1
|faint|p2b: Sneasler
|
|-weather|Snowscape|[upkeep]
|upkeep
|
|t:|1785957529
|switch|p2b: Lycanroc|Lycanroc-Dusk, L50, M|100/100
|turn|5
|
|t:|1785957550
|switch|p1b: Tyranitar|Tyranitar, L50, F|100/100
|-weather|Sandstorm|[from] ability: Sand Stream|[of] p1b: Tyranitar
|move|p2b: Lycanroc|Accelerock|p1b: Tyranitar
|-damage|p1b: Tyranitar|77/100
|move|p1a: Milotic|Scald|p2b: Lycanroc
|-supereffective|p2b: Lycanroc|1
|-damage|p2b: Lycanroc|36/100
|-status|p2b: Lycanroc|brn
|move|p2a: Basculegion|Last Respects|p1a: Milotic
|-damage|p1a: Milotic|0 fnt
|faint|p1a: Milotic
|
|-weather|Sandstorm|[upkeep]
|-damage|p2a: Basculegion|87/100|[from] Sandstorm
|-damage|p2b: Lycanroc|30/100 brn|[from] brn
|upkeep
|-message|luscapvp forfeited.
|
|win|namboyVGC
