|j|☆SHyperdestroyerVGC
|j|☆Pokemonkey25
|html|SHyperdestroyerVGCPokemonkey25    
|uhtml|bestof|Game 3 of a best-of-3
|t:|1785048618
|gametype|doubles
|player|p1|SHyperdestroyerVGC|lady|1187
|player|p2|Pokemonkey25|swimmerf|1112
|gen|9
|tier|[Gen 9 Champions] VGC 2026 Reg M-B (Bo3)
|rated|
|rule|Species Clause: Limit one of each Pokémon
|rule|Item Clause: Limit 1 of each item
|clearpoke
|poke|p1|Froslass, L50, F|
|poke|p1|Kingambit, L50, F|
|poke|p1|Sneasler, L50, M|
|poke|p1|Talonflame, L50, F|
|poke|p1|Garchomp, L50, M|
|poke|p1|Sinistcha, L50|
|poke|p2|Sinistcha, L50|
|poke|p2|Pelipper, L50, F|
|poke|p2|Grimmsnarl, L50, M|
|poke|p2|Maushold-Four, L50|
|poke|p2|Lucario, L50, M, shiny|
|poke|p2|Blastoise, L50, M|
|teampreview|4
|showteam|p1|Froslass||Froslassite|SnowCloak|Blizzard,AuroraVeil,ShadowBall,Protect|Timid||F|||50|]Kingambit||BlackGlasses|Defiant|KowtowCleave,SuckerPunch,LowKick,Protect|Adamant||F|||50|]Sneasler||WhiteHerb|Unburden|FakeOut,CloseCombat,DireClaw,Protect|Adamant||M|||50|]Talonflame||FocusSash|GaleWings|DualWingbeat,FlareBlitz,Tailwind,Protect|Jolly||F|||50|]Garchomp||LifeOrb|RoughSkin|DragonClaw,Earthquake,RockSlide,Protect|Jolly||M|||50|]Sinistcha||CobaBerry|Hospitality|MatchaGotcha,TrickRoom,RagePowder,Protect|Calm|||||50|
|showteam|p2|Sinistcha||BrightPowder|Hospitality|RagePowder,MatchaGotcha,LifeDew,ShadowBall|Calm|||||50|]Pelipper||LifeOrb|Drizzle|WideGuard,MuddyWater,Hurricane,Tailwind|Modest||F|||50|]Grimmsnarl||LightClay|Prankster|LightScreen,Reflect,Taunt,PartingShot|Careful||M|||50|]Maushold-Four||ChopleBerry|FriendGuard|FollowMe,BeatUp,SuperFang,Protect|Impish|||||50|]Lucario||Lucarionite|Justified|ExtremeSpeed,Detect,DrainPunch,MeteorMash|Careful||M|||50|]Blastoise||Blastoisinite|RainDish|ShellSmash,DarkPulse,WaterSpout,Protect|Modest||M|||50|
|inactive|Battle timer is ON: inactive players will automatically lose when time's up. (requested by Pokemonkey25)
|j| imsavusnic
|l| imsavusnic
|
|t:|1785048652
|teamsize|p1|4
|teamsize|p2|4
|start
|switch|p1a: Talonflame|Talonflame, L50, F|100/100
|switch|p1b: Garchomp|Garchomp, L50, M|100/100
|switch|p2a: Family Hug|Maushold-Four, L50|100/100
|switch|p2b: imp or tint|Grimmsnarl, L50, M|100/100
|turn|1
|
|t:|1785048673
|switch|p1a: Sneasler|Sneasler, L50, M|100/100
|move|p2a: Family Hug|Protect|p2a: Family Hug
|-singleturn|p2a: Family Hug|Protect
|move|p2b: imp or tint|Reflect|p2b: imp or tint
|-sidestart|p2: Pokemonkey25|Reflect
|move|p1b: Garchomp|Dragon Claw|p2a: Family Hug
|-activate|p2a: Family Hug|move: Protect
|
|upkeep
|turn|2
|inactive|Pokemonkey25 has 30 seconds left.
|
|t:|1785048703
|switch|p2a: mine|Pelipper, L50, F|100/100
|-weather|RainDance|[from] ability: Drizzle|[of] p2a: mine
|move|p2b: imp or tint|Parting Shot|p1b: Garchomp
|-unboost|p1b: Garchomp|atk|1
|-unboost|p1b: Garchomp|spa|1
|
|t:|1785048713
|switch|p2b: Family Hug|Maushold-Four, L50|100/100|[from] Parting Shot
|move|p1a: Sneasler|Dire Claw|p2b: Family Hug
|-damage|p2b: Family Hug|67/100
|move|p1b: Garchomp|Rock Slide|p2a: mine|[spread] p2a,p2b
|-supereffective|p2a: mine|1
|-damage|p2a: mine|82/100
|-damage|p2b: Family Hug|56/100
|-damage|p1b: Garchomp|90/100|[from] item: Life Orb
|
|-weather|RainDance|[upkeep]
|upkeep
|turn|3
|
|t:|1785048736
|switch|p1b: Sinistcha|Sinistcha, L50|100/100
|move|p1a: Sneasler|Protect|p1a: Sneasler
|-singleturn|p1a: Sneasler|Protect
|move|p2b: Family Hug|Protect|p2b: Family Hug
|-singleturn|p2b: Family Hug|Protect
|move|p2a: mine|Muddy Water|p1b: Sinistcha|[spread] p1b
|-activate|p1a: Sneasler|move: Protect
|-resisted|p1b: Sinistcha|1
|-damage|p1b: Sinistcha|77/100
|-unboost|p1b: Sinistcha|accuracy|1
|-damage|p2a: mine|73/100|[from] item: Life Orb
|
|-weather|RainDance|[upkeep]
|upkeep
|turn|4
|
|t:|1785048757
|switch|p2b: imp or tint|Grimmsnarl, L50, M|100/100
|move|p1a: Sneasler|Dire Claw|p2a: mine
|-damage|p2a: mine|40/100
|move|p2a: mine|Hurricane|p1b: Sinistcha
|-supereffective|p1b: Sinistcha|1
|-enditem|p1b: Sinistcha|Coba Berry|[eat]
|-enditem|p1b: Sinistcha|Coba Berry|[weaken]
|-damage|p1b: Sinistcha|28/100
|-damage|p2a: mine|31/100|[from] item: Life Orb
|move|p1b: Sinistcha|Matcha Gotcha|p2b: imp or tint|[spread] p2a
|-miss|p1b: Sinistcha|p2b: imp or tint
|-damage|p2a: mine|1/100
|-heal|p1b: Sinistcha|42/100|[from] drain|[of] p2a: mine
|
|-weather|RainDance|[upkeep]
|upkeep
|turn|5
|inactive|SHyperdestroyerVGC has 30 seconds left.
|inactive|Pokemonkey25 has 30 seconds left.
|inactive|SHyperdestroyerVGC has 20 seconds left.
|inactive|Pokemonkey25 has 20 seconds left.
|
|t:|1785048795
|move|p1b: Sinistcha|Rage Powder|p1b: Sinistcha
|-singleturn|p1b: Sinistcha|move: Rage Powder
|move|p2b: imp or tint|Parting Shot|p1b: Sinistcha
|-unboost|p1b: Sinistcha|atk|1
|-unboost|p1b: Sinistcha|spa|1
|
|t:|1785048801
|switch|p2b: Family Hug|Maushold-Four, L50|56/100|[from] Parting Shot
|move|p1a: Sneasler|Dire Claw|p2b: Family Hug
|-damage|p2b: Family Hug|24/100
|move|p2a: mine|Tailwind|p2a: mine
|-sidestart|p2: Pokemonkey25|move: Tailwind
|
|-weather|RainDance|[upkeep]
|upkeep
|turn|6
|
|t:|1785048823
|switch|p2a: Zero Fox|Lucario, L50, M, shiny|100/100
|move|p1b: Sinistcha|Rage Powder|p1b: Sinistcha
|-singleturn|p1b: Sinistcha|move: Rage Powder
|move|p2b: Family Hug|Beat Up|p1b: Sinistcha
|-supereffective|p1b: Sinistcha|1
|-damage|p1b: Sinistcha|37/100
|-supereffective|p1b: Sinistcha|1
|-damage|p1b: Sinistcha|32/100
|-supereffective|p1b: Sinistcha|1
|-damage|p1b: Sinistcha|28/100
|-supereffective|p1b: Sinistcha|1
|-damage|p1b: Sinistcha|21/100
|-hitcount|p1b: Sinistcha|4
|move|p1a: Sneasler|Close Combat|p2b: Family Hug
|-supereffective|p2b: Family Hug|1
|-enditem|p2b: Family Hug|Chople Berry|[eat]
|-enditem|p2b: Family Hug|Chople Berry|[weaken]
|-damage|p2b: Family Hug|0 fnt
|-unboost|p1a: Sneasler|def|1
|-unboost|p1a: Sneasler|spd|1
|faint|p2b: Family Hug
|-enditem|p1a: Sneasler|White Herb
|-clearnegativeboost|p1a: Sneasler|[silent]
|
|-weather|none
|upkeep
|
|t:|1785048842
|switch|p2b: mine|Pelipper, L50, F|1/100
|-weather|RainDance|[from] ability: Drizzle|[of] p2b: mine
|turn|7
|
|t:|1785048855
|detailschange|p2a: Zero Fox|Lucario-Mega, L50, M, shiny
|-mega|p2a: Zero Fox|Lucario|Lucarionite
|move|p2a: Zero Fox|Extreme Speed|p1a: Sneasler
|-damage|p1a: Sneasler|61/100
|move|p1b: Sinistcha|Rage Powder|p1b: Sinistcha
|-singleturn|p1b: Sinistcha|move: Rage Powder
|move|p1a: Sneasler|Dire Claw|p2b: mine
|-damage|p2b: mine|0 fnt
|faint|p2b: mine
|
|-weather|RainDance|[upkeep]
|upkeep
|
|t:|1785048869
|switch|p2b: imp or tint|Grimmsnarl, L50, M|100/100
|turn|8
|
|t:|1785048897
|switch|p1b: Garchomp|Garchomp, L50, M|90/100
|move|p2b: imp or tint|Parting Shot|p1a: Sneasler
|-unboost|p1a: Sneasler|atk|1
|-unboost|p1a: Sneasler|spa|1
|move|p1a: Sneasler|Dire Claw|p2b: imp or tint
|-supereffective|p2b: imp or tint|1
|-damage|p2b: imp or tint|61/100
|-status|p2b: imp or tint|par
|move|p2a: Zero Fox|Meteor Mash|p1a: Sneasler
|-damage|p1a: Sneasler|0 fnt
|faint|p1a: Sneasler
|
|-weather|RainDance|[upkeep]
|-sideend|p2: Pokemonkey25|Reflect
|-sideend|p2: Pokemonkey25|move: Tailwind
|upkeep
|
|t:|1785048913
|switch|p1a: Talonflame|Talonflame, L50, F|100/100
|turn|9
|
|t:|1785048931
|move|p2a: Zero Fox|Detect|p2a: Zero Fox
|-singleturn|p2a: Zero Fox|Protect
|move|p1a: Talonflame|Tailwind|p1a: Talonflame
|-sidestart|p1: SHyperdestroyerVGC|move: Tailwind
|move|p2b: imp or tint|Reflect|p2b: imp or tint
|-sidestart|p2: Pokemonkey25|Reflect
|move|p1b: Garchomp|Earthquake|p2b: imp or tint|[spread] p2b
|-activate|p2a: Zero Fox|move: Protect
|-immune|p1a: Talonflame
|-damage|p2b: imp or tint|32/100 par
|-damage|p1b: Garchomp|80/100|[from] item: Life Orb
|
|-weather|RainDance|[upkeep]
|upkeep
|turn|10
|
|t:|1785048950
|move|p1a: Talonflame|Dual Wingbeat|p2a: Zero Fox
|-damage|p2a: Zero Fox|88/100
|-damage|p2a: Zero Fox|75/100
|-hitcount|p2a: Zero Fox|2
|move|p2b: imp or tint|Parting Shot|p1b: Garchomp
|-unboost|p1b: Garchomp|atk|1
|-unboost|p1b: Garchomp|spa|1
|move|p1b: Garchomp|Earthquake|p2b: imp or tint|[spread] p2a,p2b
|-immune|p1a: Talonflame
|-supereffective|p2a: Zero Fox|1
|-damage|p2a: Zero Fox|23/100
|-damage|p2b: imp or tint|11/100 par
|-damage|p1b: Garchomp|71/100|[from] item: Life Orb
|move|p2a: Zero Fox|Drain Punch|p1b: Garchomp
|-damage|p1b: Garchomp|26/100
|-heal|p2a: Zero Fox|52/100|[from] drain|[of] p1b: Garchomp
|-damage|p2a: Zero Fox|40/100|[from] ability: Rough Skin|[of] p1b: Garchomp
|
|-weather|RainDance|[upkeep]
|upkeep
|turn|11
|
|t:|1785048975
|move|p1b: Garchomp|Protect|p1b: Garchomp
|-singleturn|p1b: Garchomp|Protect
|move|p2a: Zero Fox|Detect|p2a: Zero Fox
|-singleturn|p2a: Zero Fox|Protect
|move|p1a: Talonflame|Dual Wingbeat|p2b: imp or tint
|-damage|p2b: imp or tint|2/100 par
|-damage|p2b: imp or tint|0 fnt
|faint|p2b: imp or tint
|-hitcount|p2: imp or tint|2
|
|-weather|none
|upkeep
|turn|12
|
|t:|1785048990
|switch|p1b: Sinistcha|Sinistcha, L50|21/100
|move|p2a: Zero Fox|Extreme Speed|p1b: Sinistcha
|-immune|p1b: Sinistcha
|move|p1a: Talonflame|Flare Blitz|p2a: Zero Fox
|-supereffective|p2a: Zero Fox|1
|-damage|p2a: Zero Fox|0 fnt
|faint|p2a: Zero Fox
|-damage|p1a: Talonflame|86/100|[from] Recoil
|
|win|SHyperdestroyerVGC
|raw|SHyperdestroyerVGC's rating: 1187 → 1207(+20 for winning)
|raw|Pokemonkey25's rating: 1112 → 1092(-20 for losing)
|l|☆Pokemonkey25
|player|p2|
