|j|☆wingblade33
|j|☆buggy es el rey
|html|wingblade33buggy es el rey    
|uhtml|bestof|Game 2 of a best-of-3
|t:|1782314790
|gametype|doubles
|player|p1|wingblade33|169|1040
|player|p2|buggy es el rey|gambler|1110
|gen|9
|tier|[Gen 9 Champions] VGC 2026 Reg M-B (Bo3)
|rated|
|rule|Species Clause: Limit one of each Pokémon
|rule|Item Clause: Limit 1 of each item
|clearpoke
|poke|p1|Staraptor, L50, M|
|poke|p1|Whimsicott, L50, M|
|poke|p1|Garchomp, L50, M|
|poke|p1|Charizard, L50, F|
|poke|p1|Gholdengo, L50|
|poke|p1|Basculegion, L50, M|
|poke|p2|Staraptor, L50, F|
|poke|p2|Grimmsnarl, L50, M|
|poke|p2|Sinistcha, L50|
|poke|p2|Gholdengo, L50|
|poke|p2|Aerodactyl, L50, F|
|poke|p2|Toxapex, L50, M|
|teampreview|4
|showteam|p1|Staraptor||Staraptite|Intimidate|BraveBird,CloseCombat,Protect,Roost|Jolly||M|||50|]Whimsicott||FocusSash|Prankster|Moonblast,Tailwind,Charm,Encore|Timid||M|||50|]Garchomp||LifeOrb|RoughSkin|Protect,Earthquake,DragonClaw,RockSlide|Jolly||M|||50|]Charizard||CharizarditeY|Blaze|HeatWave,WeatherBall,SolarBeam,Protect|Modest||F|||50|]Gholdengo||Leftovers|GoodasGold|MakeItRain,ShadowBall,NastyPlot,Protect|Modest|||||50|]Basculegion||MysticWater|Adaptability|WaveCrash,AquaJet,LastRespects,Protect|Adamant||M|||50|
|showteam|p2|Staraptor||Staraptite|Intimidate|CloseCombat,Roost,Protect,BraveBird|Adamant||F|||50|]Grimmsnarl||LightClay|Prankster|LightScreen,Reflect,PartingShot,PlayRough|Careful||M|||50|]Sinistcha||SitrusBerry|Hospitality|LifeDew,MatchaGotcha,RagePowder,TrickRoom|Bold|||||50|]Gholdengo||LifeOrb|GoodasGold|ShadowBall,MakeItRain,Thunderbolt,Protect|Timid|||||50|]Aerodactyl||Aerodactylite|Pressure|Tailwind,DualWingbeat,RockSlide,IceFang|Jolly||F|||50|]Toxapex||Leftovers|Regenerator|BanefulBunker,Infestation,Toxic,Recover|Sassy||M|||50|
|inactive|Battle timer is ON: inactive players will automatically lose when time's up. (requested by wingblade33)
|
|t:|1782314820
|teamsize|p1|4
|teamsize|p2|4
|start
|switch|p1a: Gholdengo|Gholdengo, L50|100/100
|switch|p1b: Whimsicott|Whimsicott, L50, M|100/100
|switch|p2a: Grimmsnarl|Grimmsnarl, L50, M|100/100
|switch|p2b: Aerodactyl|Aerodactyl, L50, F|100/100
|-ability|p2b: Aerodactyl|Pressure
|turn|1
|
|t:|1782314831
|move|p1b: Whimsicott|Tailwind|p1b: Whimsicott
|-sidestart|p1: wingblade33|move: Tailwind
|move|p2a: Grimmsnarl|Light Screen|p2a: Grimmsnarl
|-sidestart|p2: buggy es el rey|move: Light Screen
|move|p1a: Gholdengo|Nasty Plot|p1a: Gholdengo
|-boost|p1a: Gholdengo|spa|2
|move|p2b: Aerodactyl|Tailwind|p2b: Aerodactyl
|-sidestart|p2: buggy es el rey|move: Tailwind
|
|upkeep
|turn|2
|inactive|wingblade33 has 30 seconds left.
|inactive|buggy es el rey has 30 seconds left.
|inactive|wingblade33 has 20 seconds left.
|inactive|wingblade33 has 15 seconds left.
|inactive|buggy es el rey has 20 seconds left.
|
|t:|1782314873
|move|p1b: Whimsicott|Encore|p2b: Aerodactyl
|-start|p2b: Aerodactyl|Encore
|move|p2a: Grimmsnarl|Parting Shot|p1b: Whimsicott
|-unboost|p1b: Whimsicott|atk|1
|-unboost|p1b: Whimsicott|spa|1
|
|t:|1782314878
|switch|p2a: Gholdengo|Gholdengo, L50|100/100|[from] Parting Shot
|move|p2b: Aerodactyl|Tailwind||[still]
|-fail|p2b: Aerodactyl
|move|p1a: Gholdengo|Shadow Ball|p2b: Aerodactyl
|-damage|p2b: Aerodactyl|20/100y
|
|upkeep
|turn|3
|inactive|wingblade33 has 30 seconds left.
|
|t:|1782314909
|switch|p2b: Staraptor|Staraptor, L50, F|100/100
|-ability|p2b: Staraptor|Intimidate|boost
|-unboost|p1a: Gholdengo|atk|1
|-unboost|p1b: Whimsicott|atk|1
|switch|p1b: Charizard|Charizard, L50, F|100/100
|move|p1a: Gholdengo|Protect|p1a: Gholdengo
|-singleturn|p1a: Gholdengo|Protect
|move|p2a: Gholdengo|Shadow Ball|p1a: Gholdengo
|-activate|p1a: Gholdengo|move: Protect
|
|upkeep
|turn|4
|inactive|wingblade33 has 30 seconds left.
|inactive|wingblade33 has 20 seconds left.
|
|t:|1782314944
|switch|p2a: Grimmsnarl|Grimmsnarl, L50, M|100/100
|switch|p1a: Whimsicott|Whimsicott, L50, M|100/100
|detailschange|p1b: Charizard|Charizard-Mega-Y, L50, F
|-mega|p1b: Charizard|Charizard|Charizardite Y
|-weather|SunnyDay|[from] ability: Drought|[of] p1b: Charizard
|move|p2b: Staraptor|Protect|p2b: Staraptor
|-singleturn|p2b: Staraptor|Protect
|move|p1b: Charizard|Weather Ball|p2a: Grimmsnarl
|-damage|p2a: Grimmsnarl|44/100
|
|-weather|SunnyDay|[upkeep]
|-sideend|p2: buggy es el rey|move: Tailwind
|-sideend|p1: wingblade33|move: Tailwind
|upkeep
|turn|5
|inactive|wingblade33 has 30 seconds left.
|inactive|buggy es el rey has 30 seconds left.
|inactive|buggy es el rey has 20 seconds left.
|
|t:|1782314980
|switch|p1b: Gholdengo|Gholdengo, L50|100/100
|detailschange|p2b: Staraptor|Staraptor-Mega, L50, F
|-mega|p2b: Staraptor|Staraptor|Staraptite
|move|p1a: Whimsicott|Encore|p2b: Staraptor
|-start|p2b: Staraptor|Encore
|move|p2b: Staraptor|Protect||[still]
|-fail|p2b: Staraptor
|move|p2a: Grimmsnarl|Parting Shot|p2b: Staraptor
|-boost|p2b: Staraptor|atk|1
|-boost|p2b: Staraptor|spa|1
|
|t:|1782315004
|switch|p2a: Gholdengo|Gholdengo, L50|100/100|[from] Parting Shot
|
|-weather|SunnyDay|[upkeep]
|upkeep
|turn|6
|inactive|wingblade33 has 30 seconds left.
|
|t:|1782315034
|move|p2b: Staraptor|Protect|p2b: Staraptor
|-singleturn|p2b: Staraptor|Protect
|move|p2a: Gholdengo|Protect|p2a: Gholdengo
|-singleturn|p2a: Gholdengo|Protect
|move|p1b: Gholdengo|Protect|p1b: Gholdengo
|-singleturn|p1b: Gholdengo|Protect
|move|p1a: Whimsicott|Tailwind|p1a: Whimsicott
|-sidestart|p1: wingblade33|move: Tailwind
|
|-weather|SunnyDay|[upkeep]
|upkeep
|turn|7
|inactive|wingblade33 has 30 seconds left.
|inactive|wingblade33 has 20 seconds left.
|inactive|wingblade33 has 15 seconds left.
|inactive|wingblade33 has 10 seconds left.
|
|t:|1782315079
|switch|p1a: Basculegion|Basculegion, L50, M|100/100
|switch|p1b: Charizard|Charizard-Mega-Y, L50, F|100/100
|switch|p2a: Grimmsnarl|Grimmsnarl, L50, M|44/100
|move|p2b: Staraptor|Protect||[still]
|-fail|p2b: Staraptor
|
|-weather|SunnyDay|[upkeep]
|-end|p2b: Staraptor|Encore
|upkeep
|turn|8
|inactive|wingblade33 has 30 seconds left.
|inactive|buggy es el rey has 30 seconds left.
|inactive|buggy es el rey has 20 seconds left.
|inactive|buggy es el rey has 15 seconds left.
|inactive|buggy es el rey has 10 seconds left.
|inactive|buggy es el rey has 5 seconds left.
|
|t:|1782315133
|move|p2a: Grimmsnarl|Parting Shot|p1b: Charizard
|-unboost|p1b: Charizard|atk|1
|-unboost|p1b: Charizard|spa|1
|
|t:|1782315142
|switch|p2a: Aerodactyl|Aerodactyl, L50, F|20/100y|[from] Parting Shot
|-ability|p2a: Aerodactyl|Pressure
|move|p1b: Charizard|Heat Wave|p2b: Staraptor|[spread] p2b
|-miss|p1b: Charizard|p2a: Aerodactyl
|-damage|p2b: Staraptor|63/100
|move|p1a: Basculegion|Wave Crash|p2b: Staraptor
|-damage|p2b: Staraptor|3/100
|-damage|p1a: Basculegion|83/100|[from] Recoil
|move|p2b: Staraptor|Close Combat|p1b: Charizard
|-resisted|p1b: Charizard|1
|-crit|p1b: Charizard
|-damage|p1b: Charizard|0 fnt
|-boost|p2b: Staraptor|def|1
|-boost|p2b: Staraptor|spd|1
|faint|p1b: Charizard
|
|-weather|none
|-sideend|p2: buggy es el rey|move: Light Screen
|upkeep
|
|t:|1782315166
|switch|p1b: Whimsicott|Whimsicott, L50, M|100/100
|turn|9
|inactive|buggy es el rey has 30 seconds left.
|inactive|buggy es el rey has 20 seconds left.
|inactive|buggy es el rey has 15 seconds left.
|inactive|buggy es el rey has 10 seconds left.
|inactive|buggy es el rey has 5 seconds left.
|
|t:|1782315221
|move|p1b: Whimsicott|Moonblast|p2b: Staraptor
|-supereffective|p2b: Staraptor|1
|-damage|p2b: Staraptor|0 fnt
|faint|p2b: Staraptor
|move|p1a: Basculegion|Last Respects|p2a: Aerodactyl
|-damage|p2a: Aerodactyl|0 fnt
|faint|p2a: Aerodactyl
|
|-sideend|p1: wingblade33|move: Tailwind
|upkeep
|
|t:|1782315234
|switch|p2a: Grimmsnarl|Grimmsnarl, L50, M|44/100
|switch|p2b: Gholdengo|Gholdengo, L50|100/100
|turn|10
|
|t:|1782315249
|move|p1b: Whimsicott|Tailwind|p1b: Whimsicott
|-sidestart|p1: wingblade33|move: Tailwind
|move|p2a: Grimmsnarl|Light Screen|p2a: Grimmsnarl
|-sidestart|p2: buggy es el rey|move: Light Screen
|move|p1a: Basculegion|Last Respects|p2b: Gholdengo
|-supereffective|p2b: Gholdengo|1
|-damage|p2b: Gholdengo|0 fnt
|faint|p2b: Gholdengo
|
|upkeep
|turn|11
|-message|buggy es el rey forfeited.
|
|win|wingblade33
|raw|wingblade33's rating: 1040 → 1081(+41 for winning)
|raw|buggy es el rey's rating: 1110 → 1080(-30 for losing)
|l|☆buggy es el rey
|player|p2|
