|j|☆ToastTopping
|j|☆lonewolf047
|html|ToastToppinglonewolf047    
|uhtml|bestof|Game 2 of a best-of-3
|t:|1784869409
|gametype|doubles
|player|p1|ToastTopping|hilbert-wonderlauncher|1177
|player|p2|lonewolf047|giovanni|1063
|gen|9
|tier|[Gen 9 Champions] VGC 2026 Reg M-B (Bo3)
|rated|
|rule|Species Clause: Limit one of each Pokémon
|rule|Item Clause: Limit 1 of each item
|clearpoke
|poke|p1|Delphox, L50, M|
|poke|p1|Sinistcha, L50|
|poke|p1|Aerodactyl, L50, F|
|poke|p1|Kingambit, L50, M|
|poke|p1|Sneasler, L50, M|
|poke|p1|Raichu, L50, M|
|poke|p2|Feraligatr, L50, F|
|poke|p2|Scrafty, L50, F|
|poke|p2|Pelipper, L50, F|
|poke|p2|Gholdengo, L50|
|poke|p2|Sinistcha-Masterpiece, L50|
|poke|p2|Archaludon, L50, M|
|teampreview|4
|showteam|p1|Delphox||Delphoxite|Blaze|HeatWave,Psychic,NastyPlot,Protect|Timid||M|||50|]Sinistcha||SitrusBerry|Hospitality|MatchaGotcha,LifeDew,TrickRoom,RagePowder|Calm|||||50|]Aerodactyl||FocusSash|Unnerve|RockSlide,DualWingbeat,Tailwind,WideGuard|Jolly||F|||50|]Kingambit||ChopleBerry|Defiant|KowtowCleave,SuckerPunch,IronHead,Protect|Adamant||M|||50|]Sneasler||WhiteHerb|Unburden|CloseCombat,DireClaw,FakeOut,Protect|Adamant||M|||50|]Raichu||RaichuniteY|LightningRod|ZapCannon,FocusBlast,FakeOut,Protect|Hasty||M|||50|
|showteam|p2|Feraligatr||Feraligite|Torrent|DoubleEdge,Liquidation,SwordsDance,Protect|Adamant||F|||50|]Scrafty||Scraftinite|Intimidate|FakeOut,CloseCombat,Crunch,Protect|Adamant||F|||50|]Pelipper||FocusSash|Drizzle|Tailwind,MuddyWater,Hurricane,Protect|Bold||F|||50|]Gholdengo||MetalCoat|GoodasGold|MakeItRain,ShadowBall,NastyPlot,Protect|Timid|||||50|]Sinistcha-Masterpiece||Leftovers|Hospitality|LifeDew,MatchaGotcha,ShadowBall,Protect|Bold|||||50|]Archaludon||ExpertBelt|Stamina|ElectroShot,FlashCannon,DragonPulse,Protect|Timid||M|||50|
|inactive|Battle timer is ON: inactive players will automatically lose when time's up. (requested by ToastTopping)
|
|t:|1784869440
|teamsize|p1|4
|teamsize|p2|4
|start
|switch|p1a: Aerodactyl|Aerodactyl, L50, F|100/100
|switch|p1b: Raichu|Raichu, L50, M|100/100
|switch|p2a: Feraligatr|Feraligatr, L50, F|100/100
|switch|p2b: Pelipper|Pelipper, L50, F|100/100
|-ability|p1a: Aerodactyl|Unnerve
|-weather|RainDance|[from] ability: Drizzle|[of] p2b: Pelipper
|turn|1
|
|t:|1784869448
|detailschange|p1b: Raichu|Raichu-Mega-Y, L50, M
|-mega|p1b: Raichu|Raichu|Raichunite Y
|detailschange|p2a: Feraligatr|Feraligatr-Mega, L50, F
|-mega|p2a: Feraligatr|Feraligatr|Feraligite
|move|p2b: Pelipper|Protect|p2b: Pelipper
|-singleturn|p2b: Pelipper|Protect
|move|p1b: Raichu|Zap Cannon|p2a: Feraligatr
|-damage|p2a: Feraligatr|35/100
|-status|p2a: Feraligatr|par
|move|p1a: Aerodactyl|Rock Slide|p2b: Pelipper|[spread] p2a
|-activate|p2b: Pelipper|move: Protect
|-damage|p2a: Feraligatr|17/100 par
|move|p2a: Feraligatr|Swords Dance|p2a: Feraligatr
|-boost|p2a: Feraligatr|atk|2
|
|-weather|RainDance|[upkeep]
|upkeep
|turn|2
|
|t:|1784869466
|move|p2a: Feraligatr|Protect|p2a: Feraligatr
|-singleturn|p2a: Feraligatr|Protect
|move|p1a: Aerodactyl|Rock Slide|p2a: Feraligatr|[spread] 
|-activate|p2a: Feraligatr|move: Protect
|-miss|p1a: Aerodactyl|p2b: Pelipper
|move|p1b: Raichu|Zap Cannon|p2b: Pelipper
|-supereffective|p2b: Pelipper|2
|-enditem|p2b: Pelipper|Focus Sash
|-damage|p2b: Pelipper|1/100
|-status|p2b: Pelipper|par
|cant|p2b: Pelipper|par
|
|-weather|RainDance|[upkeep]
|upkeep
|turn|3
|
|t:|1784869487
|move|p1b: Raichu|Zap Cannon|p2a: Feraligatr
|-damage|p2a: Feraligatr|0 fnt
|faint|p2a: Feraligatr
|move|p1a: Aerodactyl|Rock Slide|p2b: Pelipper
|-supereffective|p2b: Pelipper|1
|-damage|p2b: Pelipper|0 fnt
|faint|p2b: Pelipper
|
|-weather|RainDance|[upkeep]
|upkeep
|
|t:|1784869490
|switch|p2a: Sinistcha|Sinistcha-Masterpiece, L50|100/100
|switch|p2b: Archaludon|Archaludon, L50, M|100/100
|turn|4
|
|t:|1784869499
|move|p1a: Aerodactyl|Rock Slide|p2b: Archaludon|[spread] p2a
|-miss|p1a: Aerodactyl|p2b: Archaludon
|-damage|p2a: Sinistcha|81/100
|move|p1b: Raichu|Focus Blast|p2b: Archaludon
|-supereffective|p2b: Archaludon|1
|-damage|p2b: Archaludon|0 fnt
|faint|p2b: Archaludon
|move|p2a: Sinistcha|Matcha Gotcha|p1b: Raichu|[spread] p1a,p1b
|-damage|p1a: Aerodactyl|63/100
|-heal|p2a: Sinistcha|97/100|[from] drain|[of] p1a: Aerodactyl
|-damage|p1b: Raichu|59/100
|-heal|p2a: Sinistcha|100/100|[from] drain|[of] p1b: Raichu
|-status|p1b: Raichu|brn
|
|-weather|RainDance|[upkeep]
|-damage|p1b: Raichu|53/100 brn|[from] brn
|upkeep
|turn|5
|
|t:|1784869514
|move|p1a: Aerodactyl|Dual Wingbeat|p2a: Sinistcha
|-supereffective|p2a: Sinistcha|1
|-damage|p2a: Sinistcha|73/100
|-supereffective|p2a: Sinistcha|1
|-damage|p2a: Sinistcha|46/100
|-hitcount|p2a: Sinistcha|2
|move|p1b: Raichu|Zap Cannon|p2a: Sinistcha
|-resisted|p2a: Sinistcha|1
|-damage|p2a: Sinistcha|1/100
|-status|p2a: Sinistcha|par
|move|p2a: Sinistcha|Matcha Gotcha|p1a: Aerodactyl|[spread] p1a,p1b
|-damage|p1a: Aerodactyl|29/100
|-heal|p2a: Sinistcha|15/100 par|[from] drain|[of] p1a: Aerodactyl
|-damage|p1b: Raichu|12/100 brn
|-heal|p2a: Sinistcha|31/100 par|[from] drain|[of] p1b: Raichu
|
|-weather|none
|-heal|p2a: Sinistcha|37/100 par|[from] item: Leftovers
|-damage|p1b: Raichu|6/100 brn|[from] brn
|upkeep
|turn|6
|
|t:|1784869531
|move|p1a: Aerodactyl|Dual Wingbeat|p2a: Sinistcha
|-supereffective|p2a: Sinistcha|1
|-damage|p2a: Sinistcha|12/100 par
|-supereffective|p2a: Sinistcha|1
|-damage|p2a: Sinistcha|0 fnt
|faint|p2a: Sinistcha
|-hitcount|p2: Sinistcha|2
|
|win|ToastTopping
|raw|ToastTopping's rating: 1177 → 1194(+17 for winning)
|raw|lonewolf047's rating: 1063 → 1050(-13 for losing)
|l|☆lonewolf047
|player|p2|
