|j|☆Jakz
|j|☆Quill86
|html|JakzQuill86    
|uhtml|bestof|Game 1 of a best-of-3
|t:|1756783500
|gametype|doubles
|player|p1|Jakz|skier|1167
|player|p2|Quill86|lucas|1278
|gen|9
|tier|[Gen 9] VGC 2025 Reg H (Bo3)
|rated|
|rule|Species Clause: Limit one of each Pokémon
|rule|Item Clause: Limit 1 of each item
|clearpoke
|poke|p1|Porygon2, L50|
|poke|p1|Talonflame, L50, M|
|poke|p1|Incineroar, L50, F|
|poke|p1|Ursaluna-Bloodmoon, L50, M|
|poke|p1|Amoonguss, L50, M|
|poke|p1|Gholdengo, L50|
|poke|p2|Indeedee-F, L50, F|
|poke|p2|Gallade, L50, M|
|poke|p2|Torkoal, L50, M|
|poke|p2|Ursaluna, L50, M|
|poke|p2|Hatterene, L50, F|
|poke|p2|Smeargle, L50, M|
|teampreview|4
|showteam|p1|Porygon2||Eviolite|Download|TeraBlast,IceBeam,TrickRoom,Recover||||||50|,,,,,Fighting]Talonflame||CovertCloak|GaleWings|Tailwind,BraveBird,Taunt,SunnyDay|||M|||50|,,,,,Grass]Incineroar||SitrusBerry|Intimidate|FlareBlitz,KnockOff,PartingShot,FakeOut|||F|||50|,,,,,Grass]Ursaluna-Bloodmoon||AssaultVest|MindsEye|BloodMoon,HyperVoice,EarthPower,Snarl|||M|||50|,,,,,Ghost]Amoonguss||RockyHelmet|Regenerator|PollenPuff,Spore,RagePowder,Protect|||M|||50|,,,,,Fire]Gholdengo||MetalCoat|GoodasGold|MakeItRain,ShadowBall,NastyPlot,Protect||||||50|,,,,,Dragon
|showteam|p2|Indeedee-F||PsychicSeed|PsychicSurge|FollowMe,TrickRoom,HelpingHand,DazzlingGleam|||F|||50|,,,,,Fairy]Gallade||ClearAmulet|Sharpness|SacredSword,WideGuard,TrickRoom,PsychoCut|||M|||50|,,,,,Grass]Torkoal||ChoiceSpecs|Drought|Eruption,WeatherBall,EarthPower,HeatWave|||M|||50|,,,,,Fire]Ursaluna||FlameOrb|Guts|Protect,HeadlongRush,Facade,Earthquake|||M|||50|,,,,,Ghost]Hatterene||LifeOrb|MagicBounce|DazzlingGleam,ExpandingForce,MysticalFire,TrickRoom|||F|||50|,,,,,Fire]Smeargle||FocusSash|Moody|FakeOut,Spore,Instruct,FollowMe|||M|||50|,,,,,Ghost
|inactive|Battle timer is ON: inactive players will automatically lose when time's up. (requested by Quill86)
|
|t:|1756783541
|teamsize|p1|4
|teamsize|p2|4
|start
|switch|p1a: Talonflame|Talonflame, L50, M, shiny|100/100
|switch|p1b: Amoonguss|Amoonguss, L50, M, shiny|100/100
|switch|p2a: Smeargle|Smeargle, L50, M|100/100
|switch|p2b: Hatterene|Hatterene, L50, F|100/100
|turn|1
|inactive|Quill86 has 30 seconds left.
|
|t:|1756783575
|switch|p1a: Ursaluna|Ursaluna-Bloodmoon, L50, M|100/100
|switch|p2a: Indeedee|Indeedee-F, L50, F|100/100
|-fieldstart|move: Psychic Terrain|[from] ability: Psychic Surge|[of] p2a: Indeedee
|-enditem|p2a: Indeedee|Psychic Seed
|-boost|p2a: Indeedee|spd|1|[from] item: Psychic Seed
|move|p1b: Amoonguss|Spore|p2a: Indeedee
|-status|p2a: Indeedee|slp|[from] move: Spore
|move|p2b: Hatterene|Expanding Force|p1a: Ursaluna|[spread] p1a,p1b
|-supereffective|p1b: Amoonguss
|-damage|p1a: Ursaluna|33/100
|-damage|p1b: Amoonguss|0 fnt
|faint|p1b: Amoonguss
|-damage|p2b: Hatterene|91/100|[from] item: Life Orb
|
|upkeep
|
|t:|1756783590
|switch|p1b: Gholdengo|Gholdengo, L50, shiny|100/100
|turn|2
|
|t:|1756783599
|-terastallize|p2b: Hatterene|Fire
|move|p1b: Gholdengo|Make It Rain|p2b: Hatterene|[spread] p2a,p2b
|-resisted|p2b: Hatterene
|-damage|p2a: Indeedee|63/100 slp
|-damage|p2b: Hatterene|57/100
|-unboost|p1b: Gholdengo|spa|1
|move|p1a: Ursaluna|Earth Power|p2b: Hatterene
|-supereffective|p2b: Hatterene
|-damage|p2b: Hatterene|0 fnt
|faint|p2b: Hatterene
|cant|p2a: Indeedee|slp
|
|upkeep
|
|t:|1756783609
|switch|p2b: Smeargle|Smeargle, L50, M|100/100
|turn|3
|
|t:|1756783625
|move|p2b: Smeargle|Spore|p1a: Ursaluna
|-status|p1a: Ursaluna|slp|[from] move: Spore
|move|p1b: Gholdengo|Nasty Plot|p1b: Gholdengo
|-boost|p1b: Gholdengo|spa|2
|cant|p1a: Ursaluna|slp
|-curestatus|p2a: Indeedee|slp|[msg]
|move|p2a: Indeedee|Trick Room|p2a: Indeedee
|-fieldstart|move: Trick Room|[of] p2a: Indeedee
|
|-ability|p2b: Smeargle|Moody|boost
|-boost|p2b: Smeargle|def|2
|-unboost|p2b: Smeargle|atk|1
|upkeep
|turn|4
|
|t:|1756783648
|switch|p2a: Gallade|Gallade, L50, M|100/100
|move|p2b: Smeargle|Follow Me|p2b: Smeargle
|-singleturn|p2b: Smeargle|move: Follow Me
|cant|p1a: Ursaluna|slp
|move|p1b: Gholdengo|Shadow Ball|p2b: Smeargle
|-immune|p2b: Smeargle
|
|-ability|p2b: Smeargle|Moody|boost
|-boost|p2b: Smeargle|atk|2
|-unboost|p2b: Smeargle|spd|1
|upkeep
|turn|5
|inactive|Jakz has 30 seconds left.
|inactive|Jakz has 20 seconds left.
|inactive|Jakz has 15 seconds left.
|
|t:|1756783689
|-terastallize|p1a: Ursaluna|Ghost
|-curestatus|p1a: Ursaluna|slp|[msg]
|move|p1a: Ursaluna|Blood Moon|p2a: Gallade
|-damage|p2a: Gallade|22/100
|move|p2a: Gallade|Psycho Cut|p1b: Gholdengo
|-resisted|p1b: Gholdengo
|-damage|p1b: Gholdengo|66/100
|move|p1b: Gholdengo|Make It Rain|p2b: Smeargle|[spread] p2a,p2b
|-damage|p2a: Gallade|0 fnt
|-enditem|p2b: Smeargle|Focus Sash
|-damage|p2b: Smeargle|1/100
|-unboost|p1b: Gholdengo|spa|1
|faint|p2a: Gallade
|move|p2b: Smeargle|Instruct|p2: Gallade|[notarget]
|-fail|p2b: Smeargle
|
|-fieldend|move: Psychic Terrain
|-ability|p2b: Smeargle|Moody|boost
|-boost|p2b: Smeargle|atk|2
|-unboost|p2b: Smeargle|spa|1
|upkeep
|
|t:|1756783702
|switch|p2a: Indeedee|Indeedee-F, L50, F|63/100
|-fieldstart|move: Psychic Terrain|[from] ability: Psychic Surge|[of] p2a: Indeedee
|turn|6
|-message|Quill86 forfeited.
|
|win|Jakz
||Quill86 is ready for game 2.
||Jakz is ready for game 2.
|uhtml|next|Next: Game 2 of 3
