|j|☆Ossi1590
|j|☆SomeKidJon
|html|Ossi1590SomeKidJon    
|uhtml|bestof|Game 2 of a best-of-3
|t:|1783425233
|gametype|doubles
|player|p1|Ossi1590|colress|1344
|player|p2|SomeKidJon|scientistf|1291
|gen|9
|tier|[Gen 9 Champions] VGC 2026 Reg M-B (Bo3)
|rated|
|rule|Species Clause: Limit one of each Pokémon
|rule|Item Clause: Limit 1 of each item
|clearpoke
|poke|p1|Raichu, L50, F|
|poke|p1|Mawile, L50, F|
|poke|p1|Sinistcha, L50|
|poke|p1|Ceruledge, L50, M|
|poke|p1|Milotic, L50, F|
|poke|p1|Incineroar, L50, F|
|poke|p2|Camerupt, L50, F|
|poke|p2|Farigiraf, L50, M|
|poke|p2|Primarina, L50, F|
|poke|p2|Hatterene, L50, F|
|poke|p2|Lopunny, L50, M|
|poke|p2|Staraptor, L50, M|
|teampreview|4
|showteam|p1|Raichu||RaichuniteY|LightningRod|ZapCannon,FocusBlast,FakeOut,Protect|Timid||F|||50|]Mawile||Mawilite|HyperCutter|PlayRough,SuckerPunch,SwordsDance,Protect|Adamant||F|||50|]Sinistcha||KasibBerry|Hospitality|MatchaGotcha,LifeDew,RagePowder,Protect|Relaxed|||||50|]Ceruledge||ColburBerry|FlashFire|BitterBlade,ShadowSneak,BulkUp,Protect|Adamant||M|||50|]Milotic||Leftovers|Competitive|MuddyWater,Coil,Hypnosis,Protect|Calm||F|||50|]Incineroar||SitrusBerry|Intimidate|FlareBlitz,ThroatChop,FakeOut,PartingShot|Impish||F|||50|
|showteam|p2|Camerupt||Cameruptite|SolidRock|AncientPower,HeatWave,EarthPower,Protect|Quiet||F|||50|]Farigiraf||SitrusBerry|ArmorTail|Protect,HelpingHand,DazzlingGleam,TrickRoom|Bold||M|||50|]Primarina||Leftovers|LiquidVoice|HyperVoice,Protect,Moonblast,CalmMind|Modest||F|||50|]Hatterene||FocusSash|MagicBounce|Psychic,Protect,DazzlingGleam,TrickRoom|Quiet||F|||50|]Lopunny||Lopunnite|Klutz|FakeOut,CloseCombat,AfterYou,TripleAxel|Jolly||M|||50|]Staraptor||ChoiceScarf|Intimidate|FinalGambit,DoubleEdge,BraveBird,Uturn|Adamant||M|||50|
|
|t:|1783425258
|teamsize|p1|4
|teamsize|p2|4
|start
|switch|p1a: Incineroar|Incineroar, L50, F|100/100
|switch|p1b: Milotic|Milotic, L50, F|100/100
|switch|p2a: Lopunny|Lopunny, L50, M|100/100
|switch|p2b: Primarina|Primarina, L50, F|100/100
|-ability|p1a: Incineroar|Intimidate|boost
|-unboost|p2a: Lopunny|atk|1
|-unboost|p2b: Primarina|atk|1
|turn|1
|
|t:|1783425273
|detailschange|p2a: Lopunny|Lopunny-Mega, L50, M
|-mega|p2a: Lopunny|Lopunny|Lopunnite
|move|p1b: Milotic|Protect|p1b: Milotic
|-singleturn|p1b: Milotic|Protect
|move|p2a: Lopunny|Fake Out|p1b: Milotic
|-activate|p1b: Milotic|move: Protect
|move|p1a: Incineroar|Parting Shot|p2b: Primarina
|-unboost|p2b: Primarina|atk|1
|-unboost|p2b: Primarina|spa|1
|
|t:|1783425290
|switch|p1a: Raichu|Raichu, L50, F|100/100|[from] Parting Shot
|move|p2b: Primarina|Calm Mind|p2b: Primarina
|-boost|p2b: Primarina|spa|1
|-boost|p2b: Primarina|spd|1
|
|upkeep
|turn|2
|
|t:|1783425300
|detailschange|p1a: Raichu|Raichu-Mega-Y, L50, F
|-mega|p1a: Raichu|Raichu|Raichunite Y
|move|p2b: Primarina|Protect|p2b: Primarina
|-singleturn|p2b: Primarina|Protect
|move|p2a: Lopunny|Triple Axel|p1a: Raichu
|-damage|p1a: Raichu|92/100
|-damage|p1a: Raichu|78/100
|-damage|p1a: Raichu|56/100
|-hitcount|p1a: Raichu|3
|move|p1a: Raichu|Focus Blast|p2a: Lopunny
|-supereffective|p2a: Lopunny|1
|-damage|p2a: Lopunny|0 fnt
|faint|p2a: Lopunny
|move|p1b: Milotic|Coil|p1b: Milotic
|-boost|p1b: Milotic|atk|1
|-boost|p1b: Milotic|def|1
|-boost|p1b: Milotic|accuracy|1
|
|upkeep
|
|t:|1783425314
|switch|p2a: Staraptor|Staraptor, L50, M|100/100
|-ability|p2a: Staraptor|Intimidate|boost
|-unboost|p1a: Raichu|atk|1
|-unboost|p1b: Milotic|atk|1
|-ability|p1b: Milotic|Competitive|boost
|-boost|p1b: Milotic|spa|2
|turn|3
|
|t:|1783425323
|switch|p1a: Sinistcha|Sinistcha, L50|100/100
|move|p1b: Milotic|Protect|p1b: Milotic
|-singleturn|p1b: Milotic|Protect
|move|p2a: Staraptor|Double-Edge|p1a: Sinistcha
|-immune|p1a: Sinistcha
|move|p2b: Primarina|Calm Mind|p2b: Primarina
|-boost|p2b: Primarina|spa|1
|-boost|p2b: Primarina|spd|1
|
|upkeep
|turn|4
|
|t:|1783425339
|switch|p2a: Hatterene|Hatterene, L50, F|100/100
|move|p1a: Sinistcha|Rage Powder|p1a: Sinistcha
|-singleturn|p1a: Sinistcha|move: Rage Powder
|move|p1b: Milotic|Hypnosis|p2b: Primarina
|-status|p2b: Primarina|slp|[from] move: Hypnosis
|cant|p2b: Primarina|slp
|
|upkeep
|turn|5
|
|t:|1783425348
|move|p1b: Milotic|Hypnosis|p2a: Hatterene
|move|p2a: Hatterene|Hypnosis|p1b: Milotic|[from] ability: Magic Bounce
|-status|p1b: Milotic|slp|[from] move: Hypnosis
|move|p1a: Sinistcha|Matcha Gotcha|p2b: Primarina|[spread] p2a,p2b
|-supereffective|p2b: Primarina|1
|-damage|p2a: Hatterene|73/100
|-damage|p2b: Primarina|79/100 slp
|cant|p2b: Primarina|slp
|move|p2a: Hatterene|Trick Room|p2a: Hatterene
|-fieldstart|move: Trick Room|[of] p2a: Hatterene
|
|-heal|p2b: Primarina|85/100 slp|[from] item: Leftovers
|upkeep
|turn|6
|c|☆Ossi1590|misclick
|
|t:|1783425365
|move|p2a: Hatterene|Dazzling Gleam|p1b: Milotic|[spread] p1a,p1b
|-damage|p1a: Sinistcha|69/100
|-damage|p1b: Milotic|75/100 slp
|-curestatus|p2b: Primarina|slp|[msg]
|move|p2b: Primarina|Moonblast|p1a: Sinistcha
|-damage|p1a: Sinistcha|4/100
|move|p1a: Sinistcha|Matcha Gotcha|p2b: Primarina|[spread] p2a,p2b
|-supereffective|p2b: Primarina|1
|-damage|p2a: Hatterene|49/100
|-heal|p1a: Sinistcha|15/100|[from] drain|[of] p2a: Hatterene
|-damage|p2b: Primarina|66/100
|-heal|p1a: Sinistcha|25/100|[from] drain|[of] p2b: Primarina
|-status|p2a: Hatterene|brn
|cant|p1b: Milotic|slp
|
|-heal|p2b: Primarina|72/100|[from] item: Leftovers
|-heal|p1b: Milotic|81/100 slp|[from] item: Leftovers
|-damage|p2a: Hatterene|43/100 brn|[from] brn
|upkeep
|turn|7
|
|t:|1783425379
|switch|p1a: Incineroar|Incineroar, L50, F|100/100
|-ability|p1a: Incineroar|Intimidate|boost
|-unboost|p2a: Hatterene|atk|1
|-unboost|p2b: Primarina|atk|1
|cant|p1b: Milotic|slp
|move|p2a: Hatterene|Dazzling Gleam|p1a: Incineroar|[spread] p1a,p1b
|-crit|p1a: Incineroar
|-damage|p1a: Incineroar|50/100g
|-damage|p1b: Milotic|57/100 slp
|move|p2b: Primarina|Hyper Voice|p1b: Milotic|[spread] p1a,p1b
|-supereffective|p1a: Incineroar|1
|-resisted|p1b: Milotic|1
|-damage|p1a: Incineroar|0 fnt
|-damage|p1b: Milotic|42/100 slp
|faint|p1a: Incineroar
|
|-heal|p2b: Primarina|78/100|[from] item: Leftovers
|-heal|p1b: Milotic|48/100 slp|[from] item: Leftovers
|-damage|p2a: Hatterene|37/100 brn|[from] brn
|upkeep
|
|t:|1783425387
|switch|p1a: Sinistcha|Sinistcha, L50|25/100
|-heal|p1b: Milotic|73/100 slp|[from] ability: Hospitality|[of] p1a: Sinistcha
|turn|8
|
|t:|1783425396
|move|p2a: Hatterene|Psychic|p1a: Sinistcha
|-damage|p1a: Sinistcha|0 fnt
|faint|p1a: Sinistcha
|move|p2b: Primarina|Moonblast|p1b: Milotic
|-damage|p1b: Milotic|25/100 slp
|-unboost|p1b: Milotic|spa|1
|-ability|p1b: Milotic|Competitive|boost
|-boost|p1b: Milotic|spa|2
|-curestatus|p1b: Milotic|slp|[msg]
|move|p1b: Milotic|Muddy Water|p2b: Primarina|[spread] p2a,p2b
|-resisted|p2b: Primarina|1
|-damage|p2a: Hatterene|0 fnt
|-damage|p2b: Primarina|66/100
|faint|p2a: Hatterene
|
|-heal|p2b: Primarina|72/100|[from] item: Leftovers
|-heal|p1b: Milotic|31/100|[from] item: Leftovers
|upkeep
|
|t:|1783425411
|switch|p2a: Staraptor|Staraptor, L50, M|100/100
|switch|p1a: Raichu|Raichu-Mega-Y, L50, F|56/100
|-ability|p2a: Staraptor|Intimidate|boost
|-unboost|p1a: Raichu|atk|1
|-unboost|p1b: Milotic|atk|1
|-ability|p1b: Milotic|Competitive|boost
|-boost|p1b: Milotic|spa|2
|turn|9
|
|t:|1783425419
|move|p1b: Milotic|Protect|p1b: Milotic
|-singleturn|p1b: Milotic|Protect
|move|p1a: Raichu|Protect|p1a: Raichu
|-singleturn|p1a: Raichu|Protect
|move|p2b: Primarina|Moonblast|p1b: Milotic
|-activate|p1b: Milotic|move: Protect
|move|p2a: Staraptor|Brave Bird|p1b: Milotic
|-activate|p1b: Milotic|move: Protect
|
|-heal|p2b: Primarina|78/100|[from] item: Leftovers
|-heal|p1b: Milotic|37/100|[from] item: Leftovers
|-fieldend|move: Trick Room
|upkeep
|turn|10
|
|t:|1783425434
|move|p2a: Staraptor|Brave Bird|p1b: Milotic
|-damage|p1b: Milotic|8/100
|-damage|p2a: Staraptor|90/100|[from] Recoil
|move|p1a: Raichu|Zap Cannon|p2a: Staraptor
|-supereffective|p2a: Staraptor|1
|-damage|p2a: Staraptor|0 fnt
|faint|p2a: Staraptor
|move|p1b: Milotic|Hypnosis|p2b: Primarina
|-status|p2b: Primarina|slp|[from] move: Hypnosis
|cant|p2b: Primarina|slp
|
|-heal|p1b: Milotic|14/100|[from] item: Leftovers
|-heal|p2b: Primarina|84/100 slp|[from] item: Leftovers
|upkeep
|turn|11
|-message|SomeKidJon forfeited.
|
|win|Ossi1590
|raw|Ossi1590's rating: 1344 → 1361(+17 for winning)
|raw|SomeKidJon's rating: 1291 → 1270(-21 for losing)
|l|☆SomeKidJon
|player|p2|
|c|☆Ossi1590|Staraptor is stupid
