|j|☆palle synchro
|j|☆greenwolf0808
|html|palle synchrogreenwolf0808    
|uhtml|bestof|Game 1 of a best-of-3
|t:|1783375093
|gametype|doubles
|player|p1|palle synchro|volkner|1192
|player|p2|greenwolf0808|skier|1179
|gen|9
|tier|[Gen 9 Champions] VGC 2026 Reg M-B (Bo3)
|rated|
|rule|Species Clause: Limit one of each Pokémon
|rule|Item Clause: Limit 1 of each item
|clearpoke
|poke|p1|Swampert, L50, F|
|poke|p1|Pelipper, L50, M|
|poke|p1|Archaludon, L50, F|
|poke|p1|Venusaur, L50, M|
|poke|p1|Maushold-Four, L50|
|poke|p1|Gholdengo, L50|
|poke|p2|Pelipper, L50, F|
|poke|p2|Archaludon, L50, M|
|poke|p2|Swampert, L50, F|
|poke|p2|Sinistcha, L50|
|poke|p2|Metagross, L50|
|poke|p2|Grimmsnarl, L50, M|
|teampreview|4
|showteam|p1|Swampert||Swampertite|Torrent|WaveCrash,HighHorsepower,IcePunch,Protect|Adamant||F|||50|]Pelipper||SitrusBerry|Drizzle|WeatherBall,Hurricane,Tailwind,WideGuard|Modest||M|||50|]Archaludon||Leftovers|Stamina|ElectroShot,DragonPulse,FlashCannon,Protect|Calm||F|||50|]Venusaur||Venusaurite|Chlorophyll|GigaDrain,EarthPower,SludgeBomb,Protect|Modest||M|||50|]Maushold-Four||FocusSash|FriendGuard|FollowMe,SuperFang,RainDance,Protect|Timid|||||50|]Gholdengo||LifeOrb|GoodasGold|MakeItRain,ShadowBall,NastyPlot,Protect|Modest|||||50|
|showteam|p2|Pelipper||SitrusBerry|Drizzle|Hurricane,Tailwind,WideGuard,WeatherBall|Timid||F|||50|]Archaludon||Leftovers|Stamina|ElectroShot,FlashCannon,Protect,DragonPulse|Modest||M|||50|]Swampert||Swampertite|Damp|IcePunch,WaveCrash,Protect,HighHorsepower|Adamant||F|||50|]Sinistcha||CobaBerry|Hospitality|TrickRoom,Protect,MatchaGotcha,RagePowder|Relaxed|||||50|]Metagross||Metagrossite|ClearBody|IronHead,PsychicFangs,BodyPress,Protect|Jolly|||||50|]Grimmsnarl||LightClay|Prankster|PartingShot,FoulPlay,LightScreen,Reflect|Calm||M|||50|
|inactive|Battle timer is ON: inactive players will automatically lose when time's up. (requested by palle synchro)
|
|t:|1783375124
|teamsize|p1|4
|teamsize|p2|4
|start
|switch|p1a: Venusaur|Venusaur, L50, M|100/100
|switch|p1b: Maushold|Maushold-Four, L50|100/100
|switch|p2a: Grimmsnarl|Grimmsnarl, L50, M|100/100
|switch|p2b: Archaludon|Archaludon, L50, M|100/100
|turn|1
|
|t:|1783375146
|switch|p1b: Gold&go|Gholdengo, L50|100/100
|detailschange|p1a: Venusaur|Venusaur-Mega, L50, M
|-mega|p1a: Venusaur|Venusaur|Venusaurite
|move|p2b: Archaludon|Protect|p2b: Archaludon
|-singleturn|p2b: Archaludon|Protect
|move|p2a: Grimmsnarl|Light Screen|p2a: Grimmsnarl
|-sidestart|p2: greenwolf0808|move: Light Screen
|move|p1a: Venusaur|Earth Power|p2b: Archaludon
|-activate|p2b: Archaludon|move: Protect
|
|upkeep
|turn|2
|
|t:|1783375170
|move|p1a: Venusaur|Protect|p1a: Venusaur
|-singleturn|p1a: Venusaur|Protect
|move|p1b: Gold&go|Nasty Plot|p1b: Gold&go
|-boost|p1b: Gold&go|spa|2
|move|p2b: Archaludon|Dragon Pulse|p1a: Venusaur
|-activate|p1a: Venusaur|move: Protect
|move|p2a: Grimmsnarl|Foul Play|p1b: Gold&go
|-supereffective|p1b: Gold&go|1
|-damage|p1b: Gold&go|62/100
|
|upkeep
|turn|3
|inactive|greenwolf0808 has 30 seconds left.
|
|t:|1783375197
|move|p2a: Grimmsnarl|Parting Shot|p1a: Venusaur
|-unboost|p1a: Venusaur|atk|1
|-unboost|p1a: Venusaur|spa|1
|
|t:|1783375202
|switch|p2a: Metagross|Metagross, L50|100/100|[from] Parting Shot
|move|p1b: Gold&go|Shadow Ball|p2b: Archaludon
|-damage|p2b: Archaludon|33/100
|-ability|p2b: Archaludon|Stamina|boost
|-boost|p2b: Archaludon|def|1
|-damage|p1b: Gold&go|52/100|[from] item: Life Orb
|move|p1a: Venusaur|Earth Power|p2b: Archaludon
|-supereffective|p2b: Archaludon|1
|-damage|p2b: Archaludon|6/100
|-ability|p2b: Archaludon|Stamina|boost
|-boost|p2b: Archaludon|def|1
|move|p2b: Archaludon|Dragon Pulse|p1b: Gold&go
|-resisted|p1b: Gold&go|1
|-damage|p1b: Gold&go|33/100
|
|-heal|p2b: Archaludon|12/100|[from] item: Leftovers
|upkeep
|turn|4
|inactive|greenwolf0808 has 30 seconds left.
|inactive|palle synchro has 30 seconds left.
|
|t:|1783375236
|switch|p1a: Maushold|Maushold-Four, L50|100/100
|switch|p2b: Grimmsnarl|Grimmsnarl, L50, M|100/100
|detailschange|p2a: Metagross|Metagross-Mega, L50
|-mega|p2a: Metagross|Metagross|Metagrossite
|move|p2a: Metagross|Iron Head|p1b: Gold&go
|-resisted|p1b: Gold&go|1
|-damage|p1b: Gold&go|12/100
|move|p1b: Gold&go|Shadow Ball|p2b: Grimmsnarl
|-resisted|p2b: Grimmsnarl|1
|-damage|p2b: Grimmsnarl|65/100
|-damage|p1b: Gold&go|3/100|[from] item: Life Orb
|
|upkeep
|turn|5
|
|t:|1783375260
|move|p2a: Metagross|Protect|p2a: Metagross
|-singleturn|p2a: Metagross|Protect
|move|p1a: Maushold|Follow Me|p1a: Maushold
|-singleturn|p1a: Maushold|move: Follow Me
|move|p1b: Gold&go|Make It Rain|p2b: Grimmsnarl|[spread] p2b
|-activate|p2a: Metagross|move: Protect
|-supereffective|p2b: Grimmsnarl|1
|-damage|p2b: Grimmsnarl|0 fnt
|-unboost|p1b: Gold&go|spa|2
|faint|p2b: Grimmsnarl
|-damage|p1b: Gold&go|0 fnt|[from] item: Life Orb
|faint|p1b: Gold&go
|
|upkeep
|
|t:|1783375273
|switch|p1b: Archaludon|Archaludon, L50, F|100/100
|switch|p2b: Sinistcha|Sinistcha, L50|100/100
|turn|6
|
|t:|1783375292
|move|p1a: Maushold|Rain Dance|p1a: Maushold
|-weather|RainDance
|move|p2a: Metagross|Body Press|p1a: Maushold
|-supereffective|p1a: Maushold|1
|-damage|p1a: Maushold|9/100
|move|p1b: Archaludon|Electro Shot||[still]
|-prepare|p1b: Archaludon|Electro Shot
|-boost|p1b: Archaludon|spa|1
|-anim|p1b: Archaludon|Electro Shot|p2a: Metagross
|-damage|p2a: Metagross|62/100
|move|p2b: Sinistcha|Matcha Gotcha|p1b: Archaludon|[spread] p1a,p1b
|-resisted|p1b: Archaludon|2
|-damage|p1a: Maushold|0 fnt
|-damage|p1b: Archaludon|96/100
|-ability|p1b: Archaludon|Stamina|boost
|-boost|p1b: Archaludon|def|1
|faint|p1a: Maushold
|
|-weather|RainDance|[upkeep]
|-heal|p1b: Archaludon|100/100|[from] item: Leftovers
|upkeep
|
|t:|1783375298
|switch|p1a: Venusaur|Venusaur-Mega, L50, M|100/100
|turn|7
|
|t:|1783375319
|move|p2b: Sinistcha|Rage Powder|p2b: Sinistcha
|-singleturn|p2b: Sinistcha|move: Rage Powder
|move|p2a: Metagross|Psychic Fangs|p1a: Venusaur
|-supereffective|p1a: Venusaur|1
|-damage|p1a: Venusaur|2/100
|move|p1a: Venusaur|Earth Power|p2a: Metagross
|-supereffective|p2a: Metagross|1
|-crit|p2a: Metagross
|-damage|p2a: Metagross|0 fnt
|faint|p2a: Metagross
|move|p1b: Archaludon|Dragon Pulse|p2b: Sinistcha
|-damage|p2b: Sinistcha|65/100
|
|-weather|RainDance|[upkeep]
|upkeep
|
|t:|1783375325
|switch|p2a: Archaludon|Archaludon, L50, M|12/100
|turn|8
|-message|greenwolf0808 forfeited.
|
|win|palle synchro
