|j|☆EgoJJ
|j|☆Doodle OP
|html|EgoJJDoodle OP    
|uhtml|bestof|Game 3 of a best-of-3
|t:|1756835369
|gametype|doubles
|player|p1|EgoJJ|brock|1075
|player|p2|Doodle OP|ingo|1000
|gen|9
|tier|[Gen 9] VGC 2025 Reg H (Bo3)
|rated|
|rule|Species Clause: Limit one of each Pokémon
|rule|Item Clause: Limit 1 of each item
|clearpoke
|poke|p1|Glimmora, L50, F|
|poke|p1|Tatsugiri, L50, M|
|poke|p1|Dondozo, L50, M|
|poke|p1|Rillaboom, L50, F|
|poke|p1|Volcarona, L50, M|
|poke|p1|Sneasler, L50, M|
|poke|p2|Whimsicott, L50, F|
|poke|p2|Ursaluna-Bloodmoon, L50, M|
|poke|p2|Kingambit, L50, F|
|poke|p2|Garchomp, L50, F|
|poke|p2|Sneasler, L50, M|
|poke|p2|Gholdengo, L50|
|teampreview|4
|showteam|p1|Glimmora||PowerHerb|ToxicDebris|MeteorBeam,SludgeBomb,EarthPower,SpikyShield|||F|||50|,,,,,Grass]Tatsugiri||FocusSash|Commander|DracoMeteor,MuddyWater,Taunt,Protect|||M|||50|,,,,,Stellar]Dondozo||CovertCloak|Unaware|WaveCrash,OrderUp,HeavySlam,Protect|||M|||50|,,,,,Steel]Rillaboom||AssaultVest|GrassySurge|FakeOut,GrassyGlide,WoodHammer,HighHorsepower|||F|||50|,,,,,Fire]Volcarona||SitrusBerry|FlameBody|FieryDance,TeraBlast,WillOWisp,Tailwind|||M|||50|,,,,,Fairy]Sneasler||GrassySeed|Unburden|DireClaw,CloseCombat,Coaching,Protect|||M|||50|,,,,,Stellar
|showteam|p2|Whimsicott||CovertCloak|Prankster|DazzlingGleam,Tailwind,FakeTears,Taunt|||F|||50|,,,,,Dark]Ursaluna-Bloodmoon||SilkScarf|MindsEye|BloodMoon,HyperVoice,EarthPower,Protect|||M|||50|,,,,,Normal]Kingambit||AssaultVest|Defiant|LowKick,KowtowCleave,SuckerPunch,IronHead|||F|||50|,,,,,Ghost]Garchomp||LifeOrb|RoughSkin|DragonClaw,Earthquake,StompingTantrum,Protect|||F|||50|,,,,,Ground]Sneasler||FocusSash|PoisonTouch|Coaching,CloseCombat,DireClaw,FakeOut|||M|||50|,,,,,Ghost]Gholdengo||ChoiceSpecs|GoodasGold|MakeItRain,ShadowBall,Thunderbolt,Trick||||||50|,,,,,Steel
|inactive|Battle timer is ON: inactive players will automatically lose when time's up. (requested by EgoJJ)
|inactive|EgoJJ has 60 seconds left.
|inactive|Doodle OP has 60 seconds left.
|
|t:|1756835423
|teamsize|p1|4
|teamsize|p2|4
|start
|switch|p1a: Glimmora|Glimmora, L50, F|100/100
|switch|p1b: Volcarona|Volcarona, L50, M|100/100
|switch|p2a: Whimsicott|Whimsicott, L50, F, shiny|100/100
|switch|p2b: Gholdengo|Gholdengo, L50|100/100
|turn|1
|inactive|EgoJJ has 30 seconds left.
|inactive|Doodle OP has 30 seconds left.
|inactive|EgoJJ has 20 seconds left.
|
|t:|1756835460
|-terastallize|p1a: Glimmora|Grass
|move|p2a: Whimsicott|Taunt|p1b: Volcarona
|-start|p1b: Volcarona|move: Taunt
|cant|p1b: Volcarona|move: Taunt|Tailwind
|move|p1a: Glimmora|Sludge Bomb|p2a: Whimsicott
|-supereffective|p2a: Whimsicott
|-damage|p2a: Whimsicott|0 fnt
|faint|p2a: Whimsicott
|move|p2b: Gholdengo|Make It Rain|p1b: Volcarona|[spread] p1a,p1b
|-resisted|p1b: Volcarona
|-damage|p1a: Glimmora|0 fnt
|-damage|p1b: Volcarona|67/100
|-unboost|p2b: Gholdengo|spa|1
|faint|p1a: Glimmora
|
|upkeep
|inactive|EgoJJ has 30 seconds left.
|
|t:|1756835490
|switch|p1a: Dondozo|Dondozo, L50, M|100/100
|switch|p2a: Ursaluna|Ursaluna-Bloodmoon, L50, M|100/100
|turn|2
|inactive|EgoJJ has 30 seconds left.
|inactive|EgoJJ has 20 seconds left.
|
|t:|1756835528
|switch|p1b: Tatsugiri|Tatsugiri, L50, M|100/100
|-activate|p1b: Tatsugiri|ability: Commander|[of] p1a: Dondozo
|-boost|p1a: Dondozo|atk|2
|-boost|p1a: Dondozo|spa|2
|-boost|p1a: Dondozo|spe|2
|-boost|p1a: Dondozo|def|2
|-boost|p1a: Dondozo|spd|2
|switch|p2b: Sneasler|Sneasler, L50, M|100/100
|-terastallize|p2a: Ursaluna|Normal
|move|p1a: Dondozo|Order Up|p2b: Sneasler
|-damage|p2b: Sneasler|20/100
|-boost|p1a: Dondozo|atk|1
|move|p2a: Ursaluna|Hyper Voice|p1b: Tatsugiri|[spread] p1a
|-miss|p2a: Ursaluna|p1b: Tatsugiri
|-damage|p1a: Dondozo|73/100
|
|upkeep
|turn|3
|
|t:|1756835552
|move|p1a: Dondozo|Protect|p1a: Dondozo
|-singleturn|p1a: Dondozo|Protect
|move|p2b: Sneasler|Dire Claw|p1a: Dondozo
|-activate|p1a: Dondozo|move: Protect
|move|p2a: Ursaluna|Blood Moon|p1a: Dondozo
|-activate|p1a: Dondozo|move: Protect
|
|upkeep
|turn|4
|inactive|EgoJJ has 30 seconds left.
|inactive|EgoJJ has 20 seconds left.
|inactive|EgoJJ has 15 seconds left.
|inactive|EgoJJ has 10 seconds left.
|
|t:|1756835598
|move|p1a: Dondozo|Wave Crash|p2a: Ursaluna
|-damage|p2a: Ursaluna|6/100
|-damage|p1a: Dondozo|46/100|[from] Recoil
|move|p2b: Sneasler|Dire Claw|p1a: Dondozo
|-damage|p1a: Dondozo|29/100
|move|p2a: Ursaluna|Hyper Voice|p1b: Tatsugiri|[spread] p1a
|-miss|p2a: Ursaluna|p1b: Tatsugiri
|-crit|p1a: Dondozo
|-damage|p1a: Dondozo|0 fnt
|faint|p1a: Dondozo
|
|upkeep
|
|t:|1756835603
|switch|p1a: Volcarona|Volcarona, L50, M|67/100
|turn|5
|inactive|EgoJJ has 30 seconds left.
|inactive|Doodle OP has 30 seconds left.
|inactive|Doodle OP has 20 seconds left.
|inactive|Doodle OP has 15 seconds left.
|
|t:|1756835643
|switch|p2a: Gholdengo|Gholdengo, L50|100/100
|move|p2b: Sneasler|Dire Claw|p1a: Volcarona
|-damage|p1a: Volcarona|14/100
|-status|p2b: Sneasler|brn|[from] ability: Flame Body|[of] p1a: Volcarona
|-enditem|p1a: Volcarona|Sitrus Berry|[eat]
|-heal|p1a: Volcarona|39/100|[from] item: Sitrus Berry
|move|p1a: Volcarona|Fiery Dance|p2b: Sneasler
|-damage|p2b: Sneasler|0 fnt
|faint|p2b: Sneasler
|move|p1b: Tatsugiri|Muddy Water|p2a: Gholdengo
|-damage|p2a: Gholdengo|46/100
|-unboost|p2a: Gholdengo|accuracy|1
|
|upkeep
|
|t:|1756835654
|switch|p2b: Ursaluna|Ursaluna-Bloodmoon, L50, M, tera:Normal|6/100
|turn|6
|
|t:|1756835673
|move|p1a: Volcarona|Fiery Dance|p2a: Gholdengo
|-supereffective|p2a: Gholdengo
|-damage|p2a: Gholdengo|0 fnt
|faint|p2a: Gholdengo
|move|p1b: Tatsugiri|Draco Meteor|p2b: Ursaluna
|-damage|p2b: Ursaluna|0 fnt
|-unboost|p1b: Tatsugiri|spa|2
|faint|p2b: Ursaluna
|
|win|EgoJJ
|raw|EgoJJ's rating: 1075 → 1098(+23 for winning)
|raw|Doodle OP's rating: 1000 → 1000(+0 for losing)
|l|☆Doodle OP
|player|p2|
