|j|☆smalltownkirlia
|j|☆SirLuce
|html|smalltownkirliaSirLuce    
|uhtml|bestof|Game 2 of a best-of-3
|t:|1757690850
|gametype|doubles
|player|p1|smalltownkirlia|whitney|1149
|player|p2|SirLuce|veteran|1046
|gen|9
|tier|[Gen 9] VGC 2025 Reg H (Bo3)
|rated|
|rule|Species Clause: Limit one of each Pokémon
|rule|Item Clause: Limit 1 of each item
|clearpoke
|poke|p1|Dragonite, L50, M|
|poke|p1|Ursaluna-Bloodmoon, L50, M|
|poke|p1|Gholdengo, L50|
|poke|p1|Maushold-Four, L50|
|poke|p1|Annihilape, L50, M|
|poke|p1|Rillaboom, L50, F|
|poke|p2|Dragapult, L50, M|
|poke|p2|Electabuzz, L50, F|
|poke|p2|Kingambit, L50, M|
|poke|p2|Rillaboom, L50, M|
|poke|p2|Primarina, L50, F|
|poke|p2|Sneasler, L50, F|
|teampreview|4
|showteam|p1|Dragonite||LoadedDice|Multiscale|ScaleShot,Tailwind,Haze,Protect|||M|||50|,,,,,Fairy]Ursaluna-Bloodmoon||AssaultVest|MindsEye|BloodMoon,EarthPower,HyperVoice,VacuumWave|||M|||50|,,,,,Water]Gholdengo||LifeOrb|GoodasGold|MakeItRain,ShadowBall,NastyPlot,Protect||||||50|,,,,,Dragon]Maushold-Four||FocusSash|FriendGuard|Taunt,FollowMe,BeatUp,Protect||||||50|,,,,,Ghost]Annihilape||SitrusBerry|Defiant|RageFist,DrainPunch,BulkUp,Protect|||M|||50|,,,,,Fire]Rillaboom||MiracleSeed|GrassySurge|WoodHammer,GrassyGlide,HighHorsepower,FakeOut|||F|||50|,,,,,Fire
|showteam|p2|Dragapult||ChoiceBand|ClearBody|TeraBlast,DragonDarts,Uturn,PhantomForce|||M|||50|,,,,,Ghost]Electabuzz||Eviolite|VitalSpirit|Electroweb,Protect,FollowMe,HelpingHand|||F|||50|,,,,,Dragon]Kingambit||BlackGlasses|Defiant|KowtowCleave,SwordsDance,SuckerPunch,Protect|||M|||50|,,,,,Dark]Rillaboom||AssaultVest|GrassySurge|FakeOut,Uturn,GrassyGlide,WoodHammer|||M|||50|,,,,,Fire]Primarina||LifeOrb|LiquidVoice|HyperVoice,Moonblast,Haze,Protect|||F|||50|,,,,,Poison]Sneasler||FocusSash|PoisonTouch|FakeOut,CloseCombat,DireClaw,Protect|||F|||50|,,,,,Stellar
|inactive|Battle timer is ON: inactive players will automatically lose when time's up. (requested by smalltownkirlia)
|inactive|smalltownkirlia has 60 seconds left.
|
|t:|1757690894
|teamsize|p1|4
|teamsize|p2|4
|start
|switch|p1a: Ursaluna|Ursaluna-Bloodmoon, L50, M|100/100
|switch|p1b: Maushold|Maushold-Four, L50|100/100
|switch|p2a: Sneasler|Sneasler, L50, F|100/100
|switch|p2b: Electabuzz|Electabuzz, L50, F|100/100
|turn|1
|
|t:|1757690902
|-terastallize|p1b: Maushold|Ghost
|move|p1b: Maushold|Follow Me|p1b: Maushold
|-singleturn|p1b: Maushold|move: Follow Me
|move|p2b: Electabuzz|Follow Me|p2b: Electabuzz
|-singleturn|p2b: Electabuzz|move: Follow Me
|move|p2a: Sneasler|Dire Claw|p1b: Maushold
|-resisted|p1b: Maushold
|-damage|p1b: Maushold|77/100
|move|p1a: Ursaluna|Earth Power|p2b: Electabuzz
|-supereffective|p2b: Electabuzz
|-damage|p2b: Electabuzz|22/100
|
|upkeep
|turn|2
|
|t:|1757690919
|move|p1b: Maushold|Follow Me|p1b: Maushold
|-singleturn|p1b: Maushold|move: Follow Me
|move|p2b: Electabuzz|Follow Me|p2b: Electabuzz
|-singleturn|p2b: Electabuzz|move: Follow Me
|move|p2a: Sneasler|Dire Claw|p1b: Maushold
|-resisted|p1b: Maushold
|-crit|p1b: Maushold
|-damage|p1b: Maushold|41/100
|-status|p1b: Maushold|psn
|move|p1a: Ursaluna|Hyper Voice|p2b: Electabuzz|[spread] p2a,p2b
|-damage|p2a: Sneasler|46/100
|-damage|p2b: Electabuzz|0 fnt
|faint|p2b: Electabuzz
|
|-damage|p1b: Maushold|28/100 psn|[from] psn
|upkeep
|
|t:|1757690929
|switch|p2b: Rillaboom|Rillaboom, L50, M|100/100
|-fieldstart|move: Grassy Terrain|[from] ability: Grassy Surge|[of] p2b: Rillaboom
|turn|3
|
|t:|1757690940
|switch|p1b: Annihilape|Annihilape, L50, M|100/100
|move|p2b: Rillaboom|Grassy Glide|p1a: Ursaluna
|-supereffective|p1a: Ursaluna
|-crit|p1a: Ursaluna
|-damage|p1a: Ursaluna|18/100
|move|p2a: Sneasler|Close Combat|p1a: Ursaluna
|-supereffective|p1a: Ursaluna
|-damage|p1a: Ursaluna|0 fnt
|-unboost|p2a: Sneasler|def|1
|-unboost|p2a: Sneasler|spd|1
|faint|p1a: Ursaluna
|
|-heal|p2a: Sneasler|51/100|[from] Grassy Terrain
|upkeep
|
|t:|1757690947
|switch|p1a: Dragonite|Dragonite, L50, M|100/100
|turn|4
|
|t:|1757690969
|move|p2a: Sneasler|Dire Claw|p1b: Annihilape
|-resisted|p1b: Annihilape
|-damage|p1b: Annihilape|77/100
|-status|p1b: Annihilape|par
|move|p1a: Dragonite|Scale Shot|p2a: Sneasler|[miss]
|-miss|p1a: Dragonite|p2a: Sneasler
|move|p2b: Rillaboom|U-turn|p1a: Dragonite
|-resisted|p1a: Dragonite
|-damage|p1a: Dragonite|95/100
|
|t:|1757690977
|switch|p2b: Primarina|Primarina, L50, F|100/100|[from] U-turn
|move|p1b: Annihilape|Bulk Up|p1b: Annihilape
|-boost|p1b: Annihilape|atk|1
|-boost|p1b: Annihilape|def|1
|
|-heal|p2a: Sneasler|57/100|[from] Grassy Terrain
|-heal|p1b: Annihilape|84/100 par|[from] Grassy Terrain
|upkeep
|turn|5
|
|t:|1757690999
|move|p2a: Sneasler|Dire Claw|p1a: Dragonite
|-damage|p1a: Dragonite|49/100
|move|p1a: Dragonite|Scale Shot|p2a: Sneasler
|-damage|p2a: Sneasler|22/100
|-crit|p2a: Sneasler
|-damage|p2a: Sneasler|0 fnt
|faint|p2a: Sneasler
|-hitcount|p2: Sneasler|2
|-unboost|p1a: Dragonite|def|1
|-boost|p1a: Dragonite|spe|1
|move|p2b: Primarina|Haze|p2b: Primarina
|-clearallboost
|cant|p1b: Annihilape|par
|
|-heal|p1b: Annihilape|90/100 par|[from] Grassy Terrain
|upkeep
|
|t:|1757691005
|switch|p2a: Rillaboom|Rillaboom, L50, M|100/100
|turn|6
|
|t:|1757691015
|move|p1a: Dragonite|Protect|p1a: Dragonite
|-singleturn|p1a: Dragonite|Protect
|cant|p1b: Annihilape|par
|move|p2a: Rillaboom|Fake Out|p1a: Dragonite
|-activate|p1a: Dragonite|move: Protect
|move|p2b: Primarina|Moonblast|p1b: Annihilape
|-supereffective|p1b: Annihilape
|-damage|p1b: Annihilape|0 fnt
|faint|p1b: Annihilape
|-damage|p2b: Primarina|91/100|[from] item: Life Orb
|
|-heal|p2b: Primarina|97/100|[from] Grassy Terrain
|upkeep
|
|t:|1757691021
|switch|p1b: Maushold|Maushold-Four, L50, tera:Ghost|28/100 psn
|turn|7
|-message|smalltownkirlia forfeited.
|
|win|SirLuce
