|j|☆Parid08
|j|☆wolfeglick'sson
|html|Parid08wolfeglick'sson    
|uhtml|bestof|Game 3 of a best-of-3
|t:|1786018059
|gametype|doubles
|player|p1|Parid08|lucas|1137
|player|p2|wolfeglick'sson|2|1174
|gen|9
|tier|[Gen 9 Champions] VGC 2026 Reg M-B (Bo3)
|rated|
|rule|Species Clause: Limit one of each Pokémon
|rule|Item Clause: Limit 1 of each item
|clearpoke
|poke|p1|Charizard, L50, M|
|poke|p1|Floette-Eternal, L50, F|
|poke|p1|Whimsicott, L50, F|
|poke|p1|Kingambit, L50, F|
|poke|p1|Basculegion, L50, M|
|poke|p1|Garchomp, L50, F|
|poke|p2|Ceruledge, L50, F|
|poke|p2|Rotom-Wash, L50|
|poke|p2|Staraptor, L50, M|
|poke|p2|Whimsicott, L50, M|
|poke|p2|Dragalge, L50, M|
|poke|p2|Kingambit, L50, F|
|teampreview|4
|showteam|p1|Charizard||CharizarditeY|Blaze|HeatWave,WeatherBall,AncientPower,Protect|Modest||M|||50|]Floette-Eternal||Floettite|FlowerVeil|Moonblast,DazzlingGleam,LightofRuin,Protect|Timid||F|||50|]Whimsicott||FocusSash|Prankster|Moonblast,Tailwind,Encore,Protect|Timid||F|||50|]Kingambit||OccaBerry|Defiant|KowtowCleave,SuckerPunch,IronHead,Protect|Adamant||F|||50|]Basculegion||LifeOrb|Adaptability|WaveCrash,LastRespects,AquaJet,Protect|Adamant||M|||50|]Garchomp||RoseliBerry|RoughSkin|DragonClaw,Earthquake,RockSlide,PoisonJab|Jolly||F|||50|
|showteam|p2|Ceruledge||LifeOrb|FlashFire|BitterBlade,Poltergeist,ShadowSneak,Protect|Jolly||F|||50|]Rotom-Wash||Leftovers|Levitate|HydroPump,Thunderbolt,WillOWisp,Protect|Calm|||||50|]Staraptor||Staraptite|Intimidate|CloseCombat,BraveBird,Roost,Protect|Careful||M|||50|]Whimsicott||FocusSash|Prankster|Tailwind,Charm,Encore,Moonblast|Timid||M|||50|]Dragalge||Dragalgite|PoisonPoint|DragonPulse,SludgeBomb,Toxic,Protect|Calm||M|||50|]Kingambit||BlackGlasses|Defiant|IronHead,SuckerPunch,LowKick,Protect|Adamant||F|||50|
|inactive|Battle timer is ON: inactive players will automatically lose when time's up. (requested by wolfeglick'sson)
|inactive|Parid08 has 60 seconds left.
|
|t:|1786018110
|teamsize|p1|4
|teamsize|p2|4
|start
|switch|p1a: Whimsicott|Whimsicott, L50, F|100/100
|switch|p1b: Basculegion|Basculegion, L50, M|100/100
|switch|p2a: Staraptor|Staraptor, L50, M|100/100
|switch|p2b: Kingambit|Kingambit, L50, F|100/100
|-ability|p2a: Staraptor|Intimidate|boost
|-unboost|p1a: Whimsicott|atk|1
|-unboost|p1b: Basculegion|atk|1
|turn|1
|inactive|Parid08 has 30 seconds left.
|
|t:|1786018144
|switch|p1b: Floette|Floette-Eternal, L50, F|100/100
|detailschange|p2a: Staraptor|Staraptor-Mega, L50, M
|-mega|p2a: Staraptor|Staraptor|Staraptite
|move|p1a: Whimsicott|Tailwind|p1a: Whimsicott
|-sidestart|p1: Parid08|move: Tailwind
|move|p2a: Staraptor|Close Combat|p1a: Whimsicott
|-resisted|p1a: Whimsicott|1
|-damage|p1a: Whimsicott|62/100
|-boost|p2a: Staraptor|def|1
|-boost|p2a: Staraptor|spd|1
|move|p2b: Kingambit|Iron Head|p1a: Whimsicott
|-supereffective|p1a: Whimsicott|1
|-damage|p1a: Whimsicott|0 fnt
|faint|p1a: Whimsicott
|
|upkeep
|
|t:|1786018160
|switch|p1a: Basculegion|Basculegion, L50, M|100/100
|turn|2
|inactive|Parid08 has 30 seconds left.
|
|t:|1786018193
|switch|p1a: Kingambit|Kingambit, L50, F|100/100
|detailschange|p1b: Floette|Floette-Mega, L50, F
|-mega|p1b: Floette|Floette|Floettite
|-ability|p1b: Floette|Fairy Aura
|move|p2b: Kingambit|Sucker Punch||[still]
|-fail|p2b: Kingambit
|move|p1b: Floette|Light of Ruin|p2a: Staraptor
|-supereffective|p2a: Staraptor|1
|-damage|p2a: Staraptor|0 fnt
|faint|p2a: Staraptor
|-damage|p1b: Floette|46/100|[from] Recoil
|
|upkeep
|inactive|wolfeglick'sson has 30 seconds left.
|
|t:|1786018225
|switch|p2a: Whimsicott|Whimsicott, L50, M|100/100
|turn|3
|
|t:|1786018252
|move|p2a: Whimsicott|Tailwind|p2a: Whimsicott
|-sidestart|p2: wolfeglick'sson|move: Tailwind
|move|p1b: Floette|Light of Ruin|p2b: Kingambit
|-damage|p2b: Kingambit|0 fnt
|faint|p2b: Kingambit
|-damage|p1b: Floette|0 fnt|[from] Recoil
|faint|p1b: Floette
|move|p1a: Kingambit|Iron Head|p2a: Whimsicott
|-supereffective|p2a: Whimsicott|1
|-enditem|p2a: Whimsicott|Focus Sash
|-damage|p2a: Whimsicott|1/100
|
|upkeep
|
|t:|1786018263
|switch|p1b: Basculegion|Basculegion, L50, M|100/100
|switch|p2b: Rotom|Rotom-Wash, L50|100/100
|turn|4
|inactive|wolfeglick'sson has 30 seconds left.
|
|t:|1786018292
|move|p2a: Whimsicott|Charm|p1b: Basculegion
|-unboost|p1b: Basculegion|atk|2
|move|p1a: Kingambit|Sucker Punch||[still]
|-fail|p1a: Kingambit
|move|p1b: Basculegion|Last Respects|p2b: Rotom
|-damage|p2b: Rotom|20/100y
|-damage|p1b: Basculegion|90/100|[from] item: Life Orb
|move|p2b: Rotom|Will-O-Wisp|p1a: Kingambit
|-status|p1a: Kingambit|brn
|
|-heal|p2b: Rotom|26/100|[from] item: Leftovers
|-damage|p1a: Kingambit|94/100 brn|[from] brn
|-sideend|p1: Parid08|move: Tailwind
|upkeep
|turn|5
|inactive|wolfeglick'sson has 30 seconds left.
|
|t:|1786018317
|move|p2a: Whimsicott|Charm|p1b: Basculegion
|-unboost|p1b: Basculegion|atk|2
|move|p1b: Basculegion|Aqua Jet|p2a: Whimsicott
|-resisted|p2a: Whimsicott|1
|-damage|p2a: Whimsicott|0 fnt
|faint|p2a: Whimsicott
|-damage|p1b: Basculegion|80/100|[from] item: Life Orb
|move|p2b: Rotom|Hydro Pump|p1a: Kingambit
|-damage|p1a: Kingambit|50/100g brn
|move|p1a: Kingambit|Kowtow Cleave|p2b: Rotom
|-damage|p2b: Rotom|1/100
|
|-heal|p2b: Rotom|7/100|[from] item: Leftovers
|-damage|p1a: Kingambit|44/100 brn|[from] brn
|upkeep
|turn|6
|
|t:|1786018338
|move|p2b: Rotom|Protect|p2b: Rotom
|-singleturn|p2b: Rotom|Protect
|move|p1b: Basculegion|Aqua Jet|p2b: Rotom
|-activate|p2b: Rotom|move: Protect
|move|p1a: Kingambit|Kowtow Cleave|p2b: Rotom
|-activate|p2b: Rotom|move: Protect
|
|-heal|p2b: Rotom|13/100|[from] item: Leftovers
|-damage|p1a: Kingambit|39/100 brn|[from] brn
|-sideend|p2: wolfeglick'sson|move: Tailwind
|upkeep
|turn|7
|
|t:|1786018353
|move|p1b: Basculegion|Wave Crash|p2b: Rotom
|-resisted|p2b: Rotom|1
|-damage|p2b: Rotom|0 fnt
|faint|p2b: Rotom
|-damage|p1b: Basculegion|77/100|[from] Recoil
|-damage|p1b: Basculegion|67/100|[from] item: Life Orb
|
|win|Parid08
|raw|Parid08's rating: 1137 → 1165(+28 for winning)
|raw|wolfeglick'sson's rating: 1174 → 1146(-28 for losing)
|l|☆wolfeglick'sson
|player|p2|
