|j|☆thecrazur
|j|☆vilan333
|html|thecrazurvilan333    
|uhtml|bestof|Game 3 of a best-of-3
|t:|1784835969
|gametype|doubles
|player|p1|thecrazur|102|1239
|player|p2|vilan333|marshal|1282
|gen|9
|tier|[Gen 9 Champions] VGC 2026 Reg M-B (Bo3)
|rated|
|rule|Species Clause: Limit one of each Pokémon
|rule|Item Clause: Limit 1 of each item
|clearpoke
|poke|p1|Blaziken, L50, M|
|poke|p1|Ninetales-Alola, L50, F|
|poke|p1|Sinistcha, L50|
|poke|p1|Aerodactyl, L50, M|
|poke|p1|Kingambit, L50, F|
|poke|p1|Basculegion, L50, M|
|poke|p2|Charizard, L50, F|
|poke|p2|Aerodactyl, L50, M|
|poke|p2|Garchomp, L50, F|
|poke|p2|Sylveon, L50, F|
|poke|p2|Farigiraf, L50, M|
|poke|p2|Incineroar, L50, F|
|teampreview|4
|showteam|p1|Blaziken||Blazikenite|SpeedBoost|AuraSphere,HeatWave,ScorchingSands,Detect|Modest||M|||50|]Ninetales-Alola||LifeOrb|SnowWarning|Blizzard,FreezeDry,Moonblast,Protect|Timid||F|||50|]Sinistcha||ColburBerry|Hospitality|MatchaGotcha,Protect,TrickRoom,RagePowder|Bold|||||50|]Aerodactyl||Aerodactylite|Unnerve|RockSlide,DualWingbeat,Protect,Tailwind|Jolly||M|||50|]Kingambit||FocusSash|Defiant|SuckerPunch,IronHead,LowKick,KowtowCleave|Adamant||F|||50|]Basculegion||ChoiceScarf|Adaptability|LastRespects,WaveCrash,AquaJet,FlipTurn|Jolly||M|||50|
|showteam|p2|Charizard||CharizarditeY|Blaze|Protect,HeatWave,WeatherBall,SolarBeam|Modest||F|||50|]Aerodactyl||FocusSash|RockHead|Protect,WideGuard,Tailwind,RockSlide|Jolly||M|||50|]Garchomp||LifeOrb|RoughSkin|DragonClaw,Protect,RockSlide,Earthquake|Jolly||F|||50|]Sylveon||FairyFeather|Pixilate|HyperBeam,Detect,HyperVoice,QuickAttack|Modest||F|||50|]Farigiraf||SitrusBerry|ArmorTail|Psyshock,Thunderbolt,TrickRoom,Protect|Bold||M|||50|]Incineroar||Charcoal|Intimidate|PartingShot,FakeOut,FlareBlitz,ThroatChop|Impish||F|||50|
|inactive|Battle timer is ON: inactive players will automatically lose when time's up. (requested by thecrazur)
|inactive|vilan333 has 60 seconds left.
|
|t:|1784836041
|teamsize|p1|4
|teamsize|p2|4
|start
|switch|p1a: Basculegion|Basculegion, L50, M|100/100
|switch|p1b: Sinistcha|Sinistcha, L50|100/100
|switch|p2a: Aerodactyl|Aerodactyl, L50, M|100/100
|switch|p2b: Charizard|Charizard, L50, F|100/100
|turn|1
|inactive|thecrazur has 30 seconds left.
|inactive|vilan333 has 30 seconds left.
|inactive|thecrazur has 20 seconds left.
|inactive|thecrazur has 15 seconds left.
|inactive|thecrazur has 10 seconds left.
|
|t:|1784836088
|detailschange|p2b: Charizard|Charizard-Mega-Y, L50, F
|-mega|p2b: Charizard|Charizard|Charizardite Y
|-weather|SunnyDay|[from] ability: Drought|[of] p2b: Charizard
|move|p1b: Sinistcha|Rage Powder|p1b: Sinistcha
|-singleturn|p1b: Sinistcha|move: Rage Powder
|move|p1a: Basculegion|Wave Crash|p2b: Charizard
|-supereffective|p2b: Charizard|1
|-crit|p2b: Charizard
|-damage|p2b: Charizard|0 fnt
|faint|p2b: Charizard
|-damage|p1a: Basculegion|70/100|[from] Recoil
|move|p2a: Aerodactyl|Tailwind|p2a: Aerodactyl
|-sidestart|p2: vilan333|move: Tailwind
|
|-weather|SunnyDay|[upkeep]
|upkeep
|
|t:|1784836103
|switch|p2b: Sylveon|Sylveon, L50, F|100/100
|turn|2
|inactive|thecrazur has 30 seconds left.
|
|t:|1784836133
|move|p2a: Aerodactyl|Rock Slide|p1a: Basculegion|[spread] p1a,p1b
|-damage|p1a: Basculegion|38/100
|-damage|p1b: Sinistcha|79/100
|cant|p1a: Basculegion|flinch
|move|p2b: Sylveon|Hyper Voice|p1b: Sinistcha|[spread] p1a,p1b
|-damage|p1a: Basculegion|0 fnt
|-damage|p1b: Sinistcha|32/100
|faint|p1a: Basculegion
|move|p1b: Sinistcha|Matcha Gotcha|p2a: Aerodactyl|[spread] p2a,p2b
|-damage|p2a: Aerodactyl|64/100
|-heal|p1b: Sinistcha|48/100|[from] drain|[of] p2a: Aerodactyl
|-damage|p2b: Sylveon|81/100
|-heal|p1b: Sinistcha|57/100|[from] drain|[of] p2b: Sylveon
|
|-weather|SunnyDay|[upkeep]
|upkeep
|
|t:|1784836150
|switch|p1a: Kingambit|Kingambit, L50, F|100/100
|turn|3
|
|t:|1784836164
|move|p1b: Sinistcha|Protect|p1b: Sinistcha
|-singleturn|p1b: Sinistcha|Protect
|move|p2a: Aerodactyl|Rock Slide|p1b: Sinistcha|[spread] p1a
|-activate|p1b: Sinistcha|move: Protect
|-resisted|p1a: Kingambit|1
|-damage|p1a: Kingambit|89/100
|move|p2b: Sylveon|Hyper Voice|p1b: Sinistcha|[spread] p1a
|-activate|p1b: Sinistcha|move: Protect
|-damage|p1a: Kingambit|36/100
|move|p1a: Kingambit|Iron Head|p2b: Sylveon
|-supereffective|p2b: Sylveon|1
|-damage|p2b: Sylveon|0 fnt
|faint|p2b: Sylveon
|
|-weather|SunnyDay|[upkeep]
|upkeep
|
|t:|1784836181
|switch|p2b: Garchomp|Garchomp, L50, F|100/100
|turn|4
|
|t:|1784836199
|move|p1a: Kingambit|Sucker Punch|p2b: Garchomp
|-damage|p2b: Garchomp|59/100
|-damage|p1a: Kingambit|24/100|[from] ability: Rough Skin|[of] p2b: Garchomp
|move|p2a: Aerodactyl|Rock Slide|p1a: Kingambit|[spread] p1a,p1b
|-resisted|p1a: Kingambit|1
|-damage|p1a: Kingambit|13/100
|-damage|p1b: Sinistcha|38/100
|move|p2b: Garchomp|Earthquake|p1a: Kingambit|[spread] p1a,p1b
|-immune|p2a: Aerodactyl
|-supereffective|p1a: Kingambit|1
|-resisted|p1b: Sinistcha|1
|-damage|p1a: Kingambit|0 fnt
|-damage|p1b: Sinistcha|21/100
|faint|p1a: Kingambit
|-damage|p2b: Garchomp|50/100g|[from] item: Life Orb
|move|p1b: Sinistcha|Matcha Gotcha|p2a: Aerodactyl|[spread] p2a,p2b
|-damage|p2a: Aerodactyl|26/100
|-heal|p1b: Sinistcha|38/100|[from] drain|[of] p2a: Aerodactyl
|-damage|p2b: Garchomp|22/100
|-heal|p1b: Sinistcha|53/100|[from] drain|[of] p2b: Garchomp
|-status|p2b: Garchomp|brn
|
|-weather|SunnyDay|[upkeep]
|-damage|p2b: Garchomp|16/100 brn|[from] brn
|-sideend|p2: vilan333|move: Tailwind
|upkeep
|
|t:|1784836222
|switch|p1a: Aerodactyl|Aerodactyl, L50, M|100/100
|-ability|p1a: Aerodactyl|Unnerve
|turn|5
|
|t:|1784836236
|detailschange|p1a: Aerodactyl|Aerodactyl-Mega, L50, M
|-mega|p1a: Aerodactyl|Aerodactyl|Aerodactylite
|move|p2a: Aerodactyl|Wide Guard|p2a: Aerodactyl
|-singleturn|p2a: Aerodactyl|Wide Guard
|move|p1a: Aerodactyl|Rock Slide|p2a: Aerodactyl|[spread] 
|-activate|p2a: Aerodactyl|move: Wide Guard
|-activate|p2b: Garchomp|move: Wide Guard
|move|p2b: Garchomp|Rock Slide|p1b: Sinistcha|[spread] p1a,p1b
|-supereffective|p1a: Aerodactyl|1
|-damage|p1a: Aerodactyl|66/100
|-damage|p1b: Sinistcha|44/100
|-damage|p2b: Garchomp|7/100 brn|[from] item: Life Orb
|cant|p1b: Sinistcha|flinch
|
|-weather|none
|-damage|p2b: Garchomp|1/100 brn|[from] brn
|upkeep
|turn|6
|-message|vilan333 forfeited.
|
|win|thecrazur
|raw|thecrazur's rating: 1239 → 1267(+28 for winning)
|raw|vilan333's rating: 1282 → 1254(-28 for losing)
|l|☆vilan333
|player|p2|
|j|☆vilan333
|player|p2|vilan333|marshal|
|l|☆thecrazur
|player|p1|
