|j|☆TrainerPoMa
|j|☆lettitripppp
|html|TrainerPoMalettitripppp    
|uhtml|bestof|Game 1 of a best-of-3
|t:|1783117868
|gametype|doubles
|player|p1|TrainerPoMa|unknown|1082
|player|p2|lettitripppp|lucas|1171
|gen|9
|tier|[Gen 9 Champions] VGC 2026 Reg M-B (Bo3)
|rated|
|rule|Species Clause: Limit one of each Pokémon
|rule|Item Clause: Limit 1 of each item
|clearpoke
|poke|p1|Maushold, L50|
|poke|p1|Sableye, L50, F, shiny|
|poke|p1|Gengar, L50, M, shiny|
|poke|p1|Kingambit, L50, F|
|poke|p1|Hydreigon, L50, F|
|poke|p1|Sneasler, L50, M|
|poke|p2|Charizard, L50, F|
|poke|p2|Floette-Eternal, L50, F|
|poke|p2|Basculegion, L50, M, shiny|
|poke|p2|Garchomp, L50, F|
|poke|p2|Whimsicott, L50, M, shiny|
|poke|p2|Kingambit, L50, M|
|teampreview|4
|showteam|p1|Maushold||KingsRock|Technician|PopulationBomb,BulletSeed,Taunt,Protect|Jolly|||||50|]Sableye||LightClay|Prankster|LightScreen,SkillSwap,Gravity,Encore|Bold||F|||50|]Gengar||Gengarite|CursedBody|Hypnosis,ShadowBall,Thunderbolt,Protect|Timid||M|||50|]Kingambit||BlackGlasses|Defiant|SuckerPunch,KowtowCleave,IronHead,Protect|Adamant||F|||50|]Hydreigon||FocusSash|Levitate|DracoMeteor,Flamethrower,Tailwind,NastyPlot|Timid||F|||50|]Sneasler||WhiteHerb|Unburden|DireClaw,CloseCombat,FakeOut,Protect|Adamant||M|||50|
|showteam|p2|Charizard||CharizarditeY|Blaze|WeatherBall,SolarBeam,HeatWave,Protect|Modest||F|||50|]Floette-Eternal||Floettite|FlowerVeil|DazzlingGleam,LightofRuin,Moonblast,Protect|Timid||F|||50|]Basculegion||MysticWater|Adaptability|LastRespects,WaveCrash,AquaJet,Protect|Adamant||M|||50|]Garchomp||LifeOrb|RoughSkin|DragonClaw,Earthquake,RockSlide,Protect|Jolly||F|||50|]Whimsicott||FocusSash|Prankster|Moonblast,Tailwind,Encore,Protect|Timid||M|||50|]Kingambit||OccaBerry|Defiant|KowtowCleave,SuckerPunch,IronHead,LowKick|Adamant||M|||50|
|inactive|Battle timer is ON: inactive players will automatically lose when time's up. (requested by lettitripppp)
|inactive|TrainerPoMa also wants the timer to be on.
|inactive|lettitripppp has 60 seconds left.
|
|t:|1783117913
|teamsize|p1|4
|teamsize|p2|4
|start
|switch|p1a: Sableye|Sableye, L50, F, shiny|100/100
|switch|p1b: Gengar|Gengar, L50, M, shiny|100/100
|switch|p2a: LETS GO GO|Whimsicott, L50, M, shiny|100/100
|switch|p2b: RUINOUS LIGHT|Floette-Eternal, L50, F|100/100
|turn|1
|
|t:|1783117926
|detailschange|p1b: Gengar|Gengar-Mega, L50, M, shiny
|-mega|p1b: Gengar|Gengar|Gengarite
|move|p1b: Gengar|Protect|p1b: Gengar
|-singleturn|p1b: Gengar|Protect
|move|p2b: RUINOUS LIGHT|Protect|p2b: RUINOUS LIGHT
|-singleturn|p2b: RUINOUS LIGHT|Protect
|move|p2a: LETS GO GO|Tailwind|p2a: LETS GO GO
|-sidestart|p2: lettitripppp|move: Tailwind
|move|p1a: Sableye|Gravity|p1a: Sableye
|-fieldstart|move: Gravity
|
|upkeep
|turn|2
|
|t:|1783117937
|detailschange|p2b: RUINOUS LIGHT|Floette-Mega, L50, F
|-mega|p2b: RUINOUS LIGHT|Floette|Floettite
|-ability|p2b: RUINOUS LIGHT|Fairy Aura
|move|p2a: LETS GO GO|Encore|p1b: Gengar
|-start|p1b: Gengar|Encore
|move|p1b: Gengar|Protect||[still]
|-fail|p1b: Gengar
|move|p1a: Sableye|Skill Swap|p1b: Gengar
|-activate|p1a: Sableye|Skill Swap|||[of] p1b: Gengar
|move|p2b: RUINOUS LIGHT|Dazzling Gleam|p1a: Sableye|[spread] p1a,p1b
|-supereffective|p1a: Sableye|1
|-resisted|p1b: Gengar|1
|-damage|p1a: Sableye|0 fnt
|-damage|p1b: Gengar|66/100
|faint|p1a: Sableye
|
|upkeep
|
|t:|1783117951
|switch|p1a: Sneasler|Sneasler, L50, M|100/100
|turn|3
|
|t:|1783117966
|switch|p1b: Hydreigon|Hydreigon, L50, F|100/100
|move|p2b: RUINOUS LIGHT|Protect|p2b: RUINOUS LIGHT
|-singleturn|p2b: RUINOUS LIGHT|Protect
|move|p1a: Sneasler|Fake Out|p2a: LETS GO GO
|-damage|p2a: LETS GO GO|77/100
|cant|p2a: LETS GO GO|flinch
|
|upkeep
|turn|4
|
|t:|1783117988
|switch|p1b: Gengar|Gengar-Mega, L50, M, shiny|66/100
|move|p2a: LETS GO GO|Moonblast|p1a: Sneasler
|-damage|p1a: Sneasler|48/100
|move|p2b: RUINOUS LIGHT|Dazzling Gleam|p1b: Gengar|[spread] p1a,p1b
|-resisted|p1b: Gengar|1
|-damage|p1a: Sneasler|0 fnt
|-damage|p1b: Gengar|33/100
|faint|p1a: Sneasler
|
|-sideend|p2: lettitripppp|move: Tailwind
|upkeep
|
|t:|1783117997
|switch|p1a: Hydreigon|Hydreigon, L50, F|100/100
|turn|5
|
|t:|1783118005
|move|p2a: LETS GO GO|Tailwind|p2a: LETS GO GO
|-sidestart|p2: lettitripppp|move: Tailwind
|move|p2b: RUINOUS LIGHT|Dazzling Gleam|p1a: Hydreigon|[spread] p1a,p1b
|-supereffective|p1a: Hydreigon|2
|-resisted|p1b: Gengar|1
|-enditem|p1a: Hydreigon|Focus Sash
|-damage|p1a: Hydreigon|1/100
|-damage|p1b: Gengar|1/100
|move|p1b: Gengar|Hypnosis|p2b: RUINOUS LIGHT
|-status|p2b: RUINOUS LIGHT|slp|[from] move: Hypnosis
|move|p1a: Hydreigon|Flamethrower|p2a: LETS GO GO
|-supereffective|p2a: LETS GO GO|1
|-damage|p2a: LETS GO GO|0 fnt
|faint|p2a: LETS GO GO
|
|-fieldend|move: Gravity
|upkeep
|
|t:|1783118015
|switch|p2a: GHOSTWAVE|Basculegion, L50, M, shiny|100/100
|turn|6
|
|t:|1783118029
|move|p2a: GHOSTWAVE|Aqua Jet|p1a: Hydreigon
|-resisted|p1a: Hydreigon|1
|-damage|p1a: Hydreigon|0 fnt
|faint|p1a: Hydreigon
|cant|p2b: RUINOUS LIGHT|slp
|move|p1b: Gengar|Shadow Ball|p2a: GHOSTWAVE
|-supereffective|p2a: GHOSTWAVE|1
|-damage|p2a: GHOSTWAVE|0 fnt
|faint|p2a: GHOSTWAVE
|
|upkeep
|
|t:|1783118037
|switch|p2a: CRUSH SHARK|Garchomp, L50, F|100/100
|turn|7
|
|t:|1783118046
|cant|p2b: RUINOUS LIGHT|slp
|move|p2a: CRUSH SHARK|Dragon Claw|p1b: Gengar
|-damage|p1b: Gengar|0 fnt
|faint|p1b: Gengar
|-damage|p2a: CRUSH SHARK|90/100|[from] item: Life Orb
|
|win|lettitripppp
||TrainerPoMa is ready for game 2.
