|j|☆EdRedRyan
|j|☆znivs
|html|EdRedRyanznivs    
|uhtml|bestof|Game 1 of a best-of-3
|t:|1784626126
|gametype|doubles
|player|p1|EdRedRyan|gambler|1058
|player|p2|znivs|169|1188
|gen|9
|tier|[Gen 9 Champions] VGC 2026 Reg M-B (Bo3)
|rated|
|rule|Species Clause: Limit one of each Pokémon
|rule|Item Clause: Limit 1 of each item
|clearpoke
|poke|p1|Whimsicott, L50, F|
|poke|p1|Raichu, L50, M|
|poke|p1|Archaludon, L50, M|
|poke|p1|Pelipper, L50, F|
|poke|p1|Bellibolt, L50, F|
|poke|p1|Musharna, L50, M|
|poke|p2|Venusaur, L50, F|
|poke|p2|Charizard, L50, F|
|poke|p2|Grimmsnarl, L50, M|
|poke|p2|Archaludon, L50, M|
|poke|p2|Basculegion, L50, M|
|poke|p2|Pelipper, L50, F|
|teampreview|4
|showteam|p1|Whimsicott||FocusSash|Prankster|TrickRoom,Tailwind,Moonblast,Endeavor|Relaxed||F|||50|]Raichu||RaichuniteX|LightningRod|RainDance,FakeOut,VoltSwitch,Protect|Jolly||M|||50|]Archaludon||Leftovers|Stamina|FlashCannon,ElectroShot,DragonPulse,Protect|Modest||M|||50|]Pelipper||SitrusBerry|Drizzle|Hurricane,Tailwind,Soak,WideGuard|Modest||F|||50|]Bellibolt||Magnet|Electromorphosis|ParabolicCharge,Discharge,Protect,Soak|Modest||F|||50|]Musharna||MentalHerb|Telepathy|TrickRoom,EnergyBall,HelpingHand,HealingWish|Sassy||M|||50|
|showteam|p2|Venusaur||FocusSash|Chlorophyll|SludgeBomb,EarthPower,Protect,SleepPowder|Modest||F|||50|]Charizard||CharizarditeY|SolarPower|Protect,HeatWave,SolarBeam,WeatherBall|Modest||F|||50|]Grimmsnarl||LightClay|Prankster|SpiritBreak,Reflect,LightScreen,PartingShot|Sassy||M|||50|]Archaludon||Leftovers|Stamina|ElectroShot,Protect,FlashCannon,DragonPulse|Calm||M|||50|]Basculegion||ChoiceScarf|Adaptability|WaveCrash,LastRespects,AquaJet,FlipTurn|Jolly||M|||50|]Pelipper||SitrusBerry|Drizzle|WeatherBall,Hurricane,Tailwind,WideGuard|Modest||F|||50|
|
|t:|1784626175
|teamsize|p1|4
|teamsize|p2|4
|start
|switch|p1a: Whimsicott|Whimsicott, L50, F|100/100
|switch|p1b: Raichu|Raichu, L50, M|100/100
|switch|p2a: Grimmsnarl|Grimmsnarl, L50, M|100/100
|switch|p2b: Archaludon|Archaludon, L50, M|100/100
|turn|1
|
|t:|1784626215
|detailschange|p1b: Raichu|Raichu-Mega-X, L50, M
|-mega|p1b: Raichu|Raichu|Raichunite X
|-fieldstart|move: Electric Terrain|[from] ability: Electric Surge|[of] p1b: Raichu
|move|p1b: Raichu|Volt Switch|p2a: Grimmsnarl
|-damage|p2a: Grimmsnarl|77/100
|
|t:|1784626228
|switch|p1b: Bellibolt|Bellibolt, L50, F|100/100|[from] Volt Switch
|move|p2b: Archaludon|Flash Cannon|p1a: Whimsicott
|-supereffective|p1a: Whimsicott|1
|-damage|p1a: Whimsicott|1/100
|move|p2a: Grimmsnarl|Spirit Break|p1a: Whimsicott
|-damage|p1a: Whimsicott|0 fnt
|faint|p1a: Whimsicott
|
|upkeep
|
|t:|1784626240
|switch|p1a: Musharna|Musharna, L50, M|100/100
|turn|2
|
|t:|1784626259
|move|p2a: Grimmsnarl|Light Screen|p2a: Grimmsnarl
|-sidestart|p2: znivs|move: Light Screen
|move|p2b: Archaludon|Dragon Pulse|p1b: Bellibolt
|-damage|p1b: Bellibolt|67/100
|-start|p1b: Bellibolt|Charge|Dragon Pulse|[from] ability: Electromorphosis
|move|p1b: Bellibolt|Soak|p2b: Archaludon
|-start|p2b: Archaludon|typechange|Water
|move|p1a: Musharna|Trick Room|p1a: Musharna
|-fieldstart|move: Trick Room|[of] p1a: Musharna
|
|upkeep
|turn|3
|
|t:|1784626274
|move|p1a: Musharna|Helping Hand|p1b: Bellibolt
|-singleturn|p1b: Bellibolt|Helping Hand|[of] p1a: Musharna
|move|p2b: Archaludon|Protect|p2b: Archaludon
|-singleturn|p2b: Archaludon|Protect
|move|p1b: Bellibolt|Parabolic Charge|p2a: Grimmsnarl|[spread] p2a
|-activate|p2b: Archaludon|move: Protect
|-activate|p1a: Musharna|ability: Telepathy
|-damage|p2a: Grimmsnarl|9/100
|-heal|p1b: Bellibolt|99/100|[from] drain|[of] p2a: Grimmsnarl
|-end|p1b: Bellibolt|Charge|[silent]
|move|p2a: Grimmsnarl|Spirit Break|p1b: Bellibolt
|-crit|p1b: Bellibolt
|-damage|p1b: Bellibolt|54/100
|-unboost|p1b: Bellibolt|spa|1
|-start|p1b: Bellibolt|Charge|Spirit Break|[from] ability: Electromorphosis
|
|upkeep
|turn|4
|
|t:|1784626301
|switch|p2b: Venusaur|Venusaur, L50, F|100/100
|move|p1a: Musharna|Helping Hand|p1b: Bellibolt
|-singleturn|p1b: Bellibolt|Helping Hand|[of] p1a: Musharna
|move|p2a: Grimmsnarl|Parting Shot|p1b: Bellibolt
|-unboost|p1b: Bellibolt|atk|1
|-unboost|p1b: Bellibolt|spa|1
|
|t:|1784626308
|switch|p2a: Archaludon|Archaludon, L50, M|100/100|[from] Parting Shot
|move|p1b: Bellibolt|Parabolic Charge|p2a: Archaludon|[spread] p2a,p2b
|-activate|p1a: Musharna|ability: Telepathy
|-resisted|p2a: Archaludon|1
|-resisted|p2b: Venusaur|1
|-damage|p2a: Archaludon|83/100
|-heal|p1b: Bellibolt|61/100|[from] drain|[of] p2a: Archaludon
|-damage|p2b: Venusaur|77/100
|-heal|p1b: Bellibolt|70/100|[from] drain|[of] p2b: Venusaur
|-ability|p2a: Archaludon|Stamina|boost
|-boost|p2a: Archaludon|def|1
|-end|p1b: Bellibolt|Charge|[silent]
|
|-heal|p2a: Archaludon|89/100|[from] item: Leftovers
|upkeep
|turn|5
|
|t:|1784626351
|move|p1a: Musharna|Energy Ball|p2b: Venusaur
|-resisted|p2b: Venusaur|2
|-damage|p2b: Venusaur|73/100
|move|p1b: Bellibolt|Soak|p2a: Archaludon
|-start|p2a: Archaludon|typechange|Water
|move|p2a: Archaludon|Dragon Pulse|p1b: Bellibolt
|-damage|p1b: Bellibolt|46/100
|-start|p1b: Bellibolt|Charge|Dragon Pulse|[from] ability: Electromorphosis
|move|p2b: Venusaur|Earth Power|p1b: Bellibolt
|-supereffective|p1b: Bellibolt|1
|-crit|p1b: Bellibolt
|-damage|p1b: Bellibolt|0 fnt
|faint|p1b: Bellibolt
|
|-heal|p2a: Archaludon|95/100|[from] item: Leftovers
|-fieldend|move: Electric Terrain
|upkeep
|-message|EdRedRyan forfeited.
|
|win|znivs
|l|☆EdRedRyan
|player|p1|
|raw|EdRedRyan's rating: 1058 → 1046(-12 for losing)
|raw|znivs's rating: 1188 → 1204(+16 for winning)
