|j|☆liamj vgc!
|j|☆eevee1ynn
|html|liamj vgc!eevee1ynn    
|uhtml|bestof|Game 1 of a best-of-3
|t:|1783537771
|gametype|doubles
|player|p1|liamj vgc!|leon-tower|
|player|p2|eevee1ynn|serena-masters3|
|gen|9
|tier|[Gen 9 Champions] VGC 2026 Reg M-B (Bo3)
|rule|Species Clause: Limit one of each Pokémon
|rule|Item Clause: Limit 1 of each item
|clearpoke
|poke|p1|Gengar, L50, F, shiny|
|poke|p1|Incineroar, L50, M, shiny|
|poke|p1|Sinistcha, L50|
|poke|p1|Politoed, L50, F|
|poke|p1|Staraptor, L50, M|
|poke|p1|Archaludon, L50, F, shiny|
|poke|p2|Scrafty, L50, F, shiny|
|poke|p2|Ceruledge, L50, M|
|poke|p2|Ninetales-Alola, L50, M|
|poke|p2|Sinistcha, L50|
|poke|p2|Dragonite, L50, M|
|poke|p2|Raichu, L50, M|
|teampreview|4
|showteam|p1|Gengar||Gengarite|CursedBody|ShadowBall,PerishSong,Disable,Protect|Timid||F|||50|]Incineroar||PasshoBerry|Intimidate|Protect,FakeOut,ThroatChop,PartingShot|Impish||M|||50|]Sinistcha||ColburBerry|Hospitality|GigaDrain,RagePowder,StrengthSap,Protect|Calm|||||50|]Politoed||SitrusBerry|Drizzle|WeatherBall,PerishSong,Encore,Protect|Bold||F|||50|]Staraptor||Staraptite|Intimidate|CloseCombat,BraveBird,Roost,Protect|Jolly||M|||50|]Archaludon||Magnet|Stalwart|FlashCannon,ElectroShot,DragonPulse,Protect|Modest||F|||50|
|showteam|p2|Scrafty||Scraftinite|Intimidate|Detect,DrainPunch,KnockOff,FakeOut|Adamant||F|||50|]Ceruledge||ColburBerry|FlashFire|Protect,BitterBlade,ShadowSneak,BulkUp|Adamant||M|||50|]Ninetales-Alola||NeverMeltIce|SnowWarning|Protect,FreezeDry,IcyWind,AuroraVeil|Timid||M|||50|]Sinistcha||FocusSash|Hospitality|Protect,MatchaGotcha,Hex,RagePowder|Modest|||||50|]Dragonite||LifeOrb|InnerFocus|Protect,DragonClaw,RockSlide,ExtremeSpeed|Adamant||M|||50|]Raichu||RaichuniteY|LightningRod|Protect,ZapCannon,FocusBlast,FakeOut|Timid||M|||50|
|c|☆eevee1ynn|glhf
|
|t:|1783537805
|teamsize|p1|4
|teamsize|p2|4
|start
|switch|p1a: Incineroar|Incineroar, L50, M, shiny|100/100
|switch|p1b: Archaludon|Archaludon, L50, F, shiny|100/100
|switch|p2a: Dragonite|Dragonite, L50, M|100/100
|switch|p2b: Raichu|Raichu, L50, M|100/100
|-ability|p1a: Incineroar|Intimidate|boost
|-fail|p2a: Dragonite|unboost|Attack|[from] ability: Inner Focus|[of] p2a: Dragonite
|-unboost|p2b: Raichu|atk|1
|turn|1
|
|t:|1783537837
|move|p2b: Raichu|Fake Out|p1b: Archaludon
|-resisted|p1b: Archaludon|1
|-damage|p1b: Archaludon|97/100
|move|p1a: Incineroar|Fake Out|p2b: Raichu
|-damage|p2b: Raichu|80/100
|move|p2a: Dragonite|Rock Slide|p1a: Incineroar|[spread] p1a
|-miss|p2a: Dragonite|p1b: Archaludon
|-supereffective|p1a: Incineroar|1
|-damage|p1a: Incineroar|50/100g
|-damage|p2a: Dragonite|90/100|[from] item: Life Orb
|cant|p1b: Archaludon|flinch
|
|upkeep
|turn|2
|
|t:|1783537859
|switch|p1a: Politoed|Politoed, L50, F|100/100
|-weather|RainDance|[from] ability: Drizzle|[of] p1a: Politoed
|detailschange|p2b: Raichu|Raichu-Mega-Y, L50, M
|-mega|p2b: Raichu|Raichu|Raichunite Y
|move|p2b: Raichu|Focus Blast|p1b: Archaludon
|-supereffective|p1b: Archaludon|1
|-damage|p1b: Archaludon|0 fnt
|faint|p1b: Archaludon
|move|p2a: Dragonite|Dragon Claw|p1a: Politoed
|-damage|p1a: Politoed|51/100
|-damage|p2a: Dragonite|81/100|[from] item: Life Orb
|
|-weather|RainDance|[upkeep]
|upkeep
|
|t:|1783537881
|switch|p1b: Gengar|Gengar, L50, F, shiny|100/100
|turn|3
|
|t:|1783537899
|switch|p2a: Sinistcha|Sinistcha, L50|100/100
|-heal|p2b: Raichu|100/100|[from] ability: Hospitality|[of] p2a: Sinistcha
|switch|p1a: Incineroar|Incineroar, L50, M, shiny|50/100g
|-ability|p1a: Incineroar|Intimidate|boost
|-unboost|p2a: Sinistcha|atk|1
|-unboost|p2b: Raichu|atk|1
|detailschange|p1b: Gengar|Gengar-Mega, L50, F, shiny
|-mega|p1b: Gengar|Gengar|Gengarite
|move|p2b: Raichu|Zap Cannon|p1a: Incineroar
|-damage|p1a: Incineroar|0 fnt
|faint|p1a: Incineroar
|move|p1b: Gengar|Perish Song|p1b: Gengar
|-start|p1b: Gengar|perish3|[silent]
|-start|p2a: Sinistcha|perish3|[silent]
|-start|p2b: Raichu|perish3|[silent]
|-fieldactivate|move: Perish Song
|
|-weather|RainDance|[upkeep]
|-start|p2b: Raichu|perish3
|-start|p1b: Gengar|perish3
|-start|p2a: Sinistcha|perish3
|upkeep
|
|t:|1783537919
|switch|p1a: Politoed|Politoed, L50, F|51/100
|turn|4
|
|t:|1783537928
|move|p1a: Politoed|Protect|p1a: Politoed
|-singleturn|p1a: Politoed|Protect
|move|p2b: Raichu|Zap Cannon|p1a: Politoed
|-activate|p1a: Politoed|move: Protect
|move|p1b: Gengar|Shadow Ball|p2a: Sinistcha
|-supereffective|p2a: Sinistcha|1
|-enditem|p2a: Sinistcha|Focus Sash
|-damage|p2a: Sinistcha|1/100
|move|p2a: Sinistcha|Matcha Gotcha|p1b: Gengar|[spread] p1b
|-activate|p1a: Politoed|move: Protect
|-resisted|p1b: Gengar|1
|-damage|p1b: Gengar|83/100
|-heal|p2a: Sinistcha|9/100|[from] drain|[of] p1b: Gengar
|
|-weather|RainDance|[upkeep]
|-start|p2b: Raichu|perish2
|-start|p1b: Gengar|perish2
|-start|p2a: Sinistcha|perish2
|upkeep
|turn|5
|
|t:|1783537952
|switch|p2a: Ninetales|Ninetales-Alola, L50, M|100/100
|-weather|Snowscape|[from] ability: Snow Warning|[of] p2a: Ninetales
|move|p2b: Raichu|Zap Cannon|p1a: Politoed
|-supereffective|p1a: Politoed|1
|-damage|p1a: Politoed|0 fnt
|faint|p1a: Politoed
|move|p1b: Gengar|Disable|p2b: Raichu
|-start|p2b: Raichu|Disable|Zap Cannon
|
|-weather|Snowscape|[upkeep]
|-start|p2b: Raichu|perish1
|-start|p1b: Gengar|perish1
|upkeep
|turn|6
|
|t:|1783537960
|move|p2b: Raichu|Protect|p2b: Raichu
|-singleturn|p2b: Raichu|Protect
|move|p1b: Gengar|Shadow Ball|p2a: Ninetales
|-damage|p2a: Ninetales|48/100
|move|p2a: Ninetales|Icy Wind|p1b: Gengar
|-damage|p1b: Gengar|52/100
|-unboost|p1b: Gengar|spe|1
|
|-weather|Snowscape|[upkeep]
|-start|p2b: Raichu|perish0
|-start|p1b: Gengar|perish0
|faint|p2b: Raichu
|faint|p1b: Gengar
|
|win|eevee1ynn
