|j|☆KieramX
|j|☆Drzuloaga
|html|KieramXDrzuloaga    
|uhtml|bestof|Game 3 of a best-of-3
|t:|1784650341
|gametype|doubles
|player|p1|KieramX|n|1138
|player|p2|Drzuloaga|265|1031
|gen|9
|tier|[Gen 9 Champions] VGC 2026 Reg M-B (Bo3)
|rated|
|rule|Species Clause: Limit one of each Pokémon
|rule|Item Clause: Limit 1 of each item
|clearpoke
|poke|p1|Charizard, L50, F, shiny|
|poke|p1|Garchomp, L50, F, shiny|
|poke|p1|Incineroar, L50, M, shiny|
|poke|p1|Venusaur, L50, F, shiny|
|poke|p1|Toxapex, L50, F, shiny|
|poke|p1|Sylveon, L50, F, shiny|
|poke|p2|Gengar, L50, M|
|poke|p2|Tinkaton, L50, F, shiny|
|poke|p2|Incineroar, L50, M|
|poke|p2|Kingambit, L50, M, shiny|
|poke|p2|Altaria, L50, F|
|poke|p2|Annihilape, L50, M|
|teampreview|4
|showteam|p1|Charizard||CharizarditeY|SolarPower|WeatherBall,HeatWave,AncientPower,Protect|Modest||F|||50|]Garchomp||ChoiceScarf|RoughSkin|RockSlide,DragonClaw,Earthquake,StompingTantrum|Adamant||F|||50|]Incineroar||SitrusBerry|Intimidate|FlareBlitz,FakeOut,DarkestLariat,PartingShot|Impish||M|||50|]Venusaur||LifeOrb|Chlorophyll|SludgeBomb,LeafStorm,EarthPower,Protect|Modest||F|||50|]Toxapex||Leftovers|Regenerator|Infestation,Toxic,WideGuard,BanefulBunker|Bold||F|||50|]Sylveon||FairyFeather|Pixilate|HyperVoice,QuickAttack,Yawn,Detect|Modest||F|||50|
|showteam|p2|Gengar||Gengarite|CursedBody|Protect,PerishSong,ShadowBall,Disable|Timid||M|||50|]Tinkaton||ShucaBerry|MoldBreaker|Protect,FakeOut,Encore,GigatonHammer|Jolly||F|||50|]Incineroar||PasshoBerry|Intimidate|Protect,FakeOut,PartingShot,ThroatChop|Relaxed||M|||50|]Kingambit||BlackGlasses|Defiant|Protect,SuckerPunch,SwordsDance,KowtowCleave|Adamant||M|||50|]Altaria||Leftovers|CloudNine|Protect,PerishSong,WillOWisp,FireSpin|Bold||F|||50|]Annihilape||ChoiceScarf|Defiant|Uturn,CloseCombat,IcePunch,PhantomForce|Adamant||M|||50|
|inactive|Battle timer is ON: inactive players will automatically lose when time's up. (requested by KieramX)
|
|t:|1784650376
|teamsize|p1|4
|teamsize|p2|4
|start
|switch|p1a: Charizard|Charizard, L50, F, shiny|100/100
|switch|p1b: Garchomp|Garchomp, L50, F, shiny|100/100
|switch|p2a: Altaria|Altaria, L50, F|100/100
|switch|p2b: Gengar|Gengar, L50, M|100/100
|-ability|p2a: Altaria|Cloud Nine
|turn|1
|inactive|KieramX has 30 seconds left.
|
|t:|1784650404
|detailschange|p2b: Gengar|Gengar-Mega, L50, M
|-mega|p2b: Gengar|Gengar|Gengarite
|detailschange|p1a: Charizard|Charizard-Mega-Y, L50, F, shiny
|-mega|p1a: Charizard|Charizard|Charizardite Y
|-weather|SunnyDay|[from] ability: Drought|[of] p1a: Charizard
|move|p2b: Gengar|Protect|p2b: Gengar
|-singleturn|p2b: Gengar|Protect
|move|p1b: Garchomp|Rock Slide|p2b: Gengar|[spread] p2a
|-activate|p2b: Gengar|move: Protect
|-supereffective|p2a: Altaria|1
|-damage|p2a: Altaria|68/100
|move|p1a: Charizard|Ancient Power|p2a: Altaria
|-supereffective|p2a: Altaria|1
|-damage|p2a: Altaria|27/100
|-boost|p1a: Charizard|atk|1
|-boost|p1a: Charizard|def|1
|-boost|p1a: Charizard|spa|1
|-boost|p1a: Charizard|spd|1
|-boost|p1a: Charizard|spe|1
|cant|p2a: Altaria|flinch
|
|-weather|SunnyDay|[upkeep]
|-heal|p2a: Altaria|33/100|[from] item: Leftovers
|upkeep
|turn|2
|inactive|KieramX has 30 seconds left.
|inactive|Drzuloaga has 30 seconds left.
|
|t:|1784650436
|switch|p2b: Incineroar|Incineroar, L50, M|100/100
|-ability|p2b: Incineroar|Intimidate|boost
|-unboost|p1a: Charizard|atk|1
|-unboost|p1b: Garchomp|atk|1
|move|p1b: Garchomp|Rock Slide|p2b: Incineroar|[spread] p2b
|-miss|p1b: Garchomp|p2a: Altaria
|-supereffective|p2b: Incineroar|1
|-damage|p2b: Incineroar|81/100
|move|p1a: Charizard|Ancient Power|p2b: Incineroar
|-supereffective|p2b: Incineroar|1
|-damage|p2b: Incineroar|14/100
|move|p2a: Altaria|Will-O-Wisp|p1b: Garchomp
|-status|p1b: Garchomp|brn
|
|-weather|SunnyDay|[upkeep]
|-heal|p2a: Altaria|39/100|[from] item: Leftovers
|-damage|p1b: Garchomp|93/100 brn|[from] brn
|upkeep
|turn|3
|inactive|Drzuloaga has 30 seconds left.
|inactive|Drzuloaga has 20 seconds left.
|
|t:|1784650472
|move|p2b: Incineroar|Fake Out|p1a: Charizard
|-crit|p1a: Charizard
|-damage|p1a: Charizard|83/100
|move|p1b: Garchomp|Rock Slide|p2b: Incineroar|[spread] p2a,p2b
|-supereffective|p2a: Altaria|1
|-supereffective|p2b: Incineroar|1
|-damage|p2a: Altaria|28/100
|-damage|p2b: Incineroar|4/100
|cant|p1a: Charizard|flinch
|move|p2a: Altaria|Perish Song|p2a: Altaria
|-start|p1a: Charizard|perish3|[silent]
|-start|p1b: Garchomp|perish3|[silent]
|-start|p2a: Altaria|perish3|[silent]
|-start|p2b: Incineroar|perish3|[silent]
|-fieldactivate|move: Perish Song
|
|-weather|SunnyDay|[upkeep]
|-heal|p2a: Altaria|34/100|[from] item: Leftovers
|-damage|p1b: Garchomp|87/100 brn|[from] brn
|-start|p1b: Garchomp|perish3
|-start|p1a: Charizard|perish3
|-start|p2a: Altaria|perish3
|-start|p2b: Incineroar|perish3
|upkeep
|turn|4
|inactive|KieramX has 30 seconds left.
|inactive|Drzuloaga has 30 seconds left.
|
|t:|1784650507
|switch|p1b: Incineroar|Incineroar, L50, M, shiny|100/100
|-ability|p1b: Incineroar|Intimidate|boost
|-unboost|p2a: Altaria|atk|1
|-unboost|p2b: Incineroar|atk|1
|move|p1a: Charizard|Ancient Power|p2a: Altaria
|-supereffective|p2a: Altaria|1
|-damage|p2a: Altaria|0 fnt
|faint|p2a: Altaria
|move|p2b: Incineroar|Parting Shot|p1a: Charizard
|-unboost|p1a: Charizard|atk|1
|-unboost|p1a: Charizard|spa|1
|
|t:|1784650516
|switch|p2b: Gengar|Gengar-Mega, L50, M|100/100|[from] Parting Shot
|
|-weather|SunnyDay|[upkeep]
|-start|p1a: Charizard|perish2
|upkeep
|
|t:|1784650531
|switch|p2a: Incineroar|Incineroar, L50, M|4/100
|-ability|p2a: Incineroar|Intimidate|boost
|-unboost|p1a: Charizard|atk|1
|-unboost|p1b: Incineroar|atk|1
|turn|5
|inactive|Drzuloaga has 30 seconds left.
|
|t:|1784650560
|move|p2b: Gengar|Protect|p2b: Gengar
|-singleturn|p2b: Gengar|Protect
|move|p2a: Incineroar|Fake Out|p1b: Incineroar
|-damage|p1b: Incineroar|92/100
|move|p1a: Charizard|Ancient Power|p2b: Gengar
|-activate|p2b: Gengar|move: Protect
|cant|p1b: Incineroar|flinch
|
|-weather|none
|-start|p1a: Charizard|perish1
|upkeep
|turn|6
|inactive|Drzuloaga has 30 seconds left.
|inactive|Drzuloaga has 20 seconds left.
|inactive|Drzuloaga has 15 seconds left.
|inactive|Drzuloaga has 10 seconds left.
|inactive|Drzuloaga has 5 seconds left.
|
|t:|1784650611
|switch|p2b: Tinkaton|Tinkaton, L50, F, shiny|100/100
|-ability|p2b: Tinkaton|Mold Breaker
|move|p1a: Charizard|Heat Wave|p2a: Incineroar|[spread] p2a,p2b
|-resisted|p2a: Incineroar|1
|-supereffective|p2b: Tinkaton|1
|-damage|p2a: Incineroar|0 fnt
|-damage|p2b: Tinkaton|23/100
|faint|p2a: Incineroar
|move|p1b: Incineroar|Darkest Lariat|p2b: Tinkaton
|-resisted|p2b: Tinkaton|1
|-damage|p2b: Tinkaton|10/100
|
|-start|p1a: Charizard|perish0
|upkeep
|faint|p1a: Charizard
|c|☆Drzuloaga|Gg
|
|t:|1784650625
|switch|p1a: Garchomp|Garchomp, L50, F, shiny|87/100 brn
|switch|p2a: Gengar|Gengar-Mega, L50, M|100/100
|turn|7
|c|☆KieramX|jugaste muy bien
|inactive|KieramX has 30 seconds left.
|inactive|Drzuloaga has 30 seconds left.
|
|t:|1784650659
|move|p2b: Tinkaton|Fake Out|p1a: Garchomp
|-damage|p1a: Garchomp|80/100 brn
|-damage|p2b: Tinkaton|0 fnt|[from] ability: Rough Skin|[of] p1a: Garchomp
|faint|p2b: Tinkaton
|cant|p1a: Garchomp|flinch
|move|p2a: Gengar|Perish Song|p2a: Gengar
|-start|p1a: Garchomp|perish3|[silent]
|-start|p1b: Incineroar|perish3|[silent]
|-start|p2a: Gengar|perish3|[silent]
|-fieldactivate|move: Perish Song
|move|p1b: Incineroar|Darkest Lariat|p2a: Gengar
|-supereffective|p2a: Gengar|1
|-damage|p2a: Gengar|52/100
|
|-damage|p1a: Garchomp|74/100 brn|[from] brn
|-start|p1a: Garchomp|perish3
|-start|p2a: Gengar|perish3
|-start|p1b: Incineroar|perish3
|upkeep
|turn|8
|
|t:|1784650680
|move|p1a: Garchomp|Stomping Tantrum|p2a: Gengar
|-supereffective|p2a: Gengar|1
|-damage|p2a: Gengar|0 fnt
|faint|p2a: Gengar
|
|win|KieramX
|raw|KieramX's rating: 1138 → 1156(+18 for winning)
|raw|Drzuloaga's rating: 1031 → 1021(-10 for losing)
|c|☆KieramX|gg
|l|☆KieramX
|player|p1|
|j|☆KieramX
|player|p1|KieramX|n|
|l|☆Drzuloaga
|player|p2|
