|j|☆Soratami
|j|☆LittleKid2011
|html|SoratamiLittleKid2011    
|uhtml|bestof|Game 1 of a best-of-3
|t:|1757913484
|gametype|doubles
|player|p1|Soratami|ethan|1234
|player|p2|LittleKid2011|170|1199
|gen|9
|tier|[Gen 9] VGC 2025 Reg H (Bo3)
|rated|
|rule|Species Clause: Limit one of each Pokémon
|rule|Item Clause: Limit 1 of each item
|clearpoke
|poke|p1|Pelipper, L50, F|
|poke|p1|Blastoise, L50, M|
|poke|p1|Dragonite, L50, M|
|poke|p1|Archaludon, L50, M|
|poke|p1|Electabuzz, L50, F|
|poke|p1|Rillaboom, L50, M|
|poke|p2|Amoonguss, L50, M|
|poke|p2|Hatterene, L50, F|
|poke|p2|Torkoal, L50, F|
|poke|p2|Ursaluna-Bloodmoon, L50, M|
|poke|p2|Indeedee-F, L50, F|
|poke|p2|Rillaboom, L50, M|
|teampreview|4
|showteam|p1|Pelipper||FocusSash|Drizzle|Hurricane,Tailwind,WeatherBall,WideGuard|||F|||50|,,,,,Steel]Blastoise||MysticWater|RainDish|HydroPump,ShellSmash,WaterSpout,Protect|||M|||50|,,,,,Water]Dragonite||LoadedDice|Multiscale|ExtremeSpeed,Haze,ScaleShot,Protect|||M|||50|,,,,,Fairy]Archaludon||AssaultVest|Stamina|BodyPress,ElectroShot,DracoMeteor,FlashCannon|||M|||50|,,,,,Grass]Electabuzz||Eviolite|VitalSpirit|FollowMe,ThunderWave,Thunderbolt,Protect|||F|||50|,,,,,Ghost]Rillaboom||MiracleSeed|GrassySurge|FakeOut,GrassyGlide,WoodHammer,HighHorsepower|||M|||50|,,,,,Fire
|showteam|p2|Amoonguss||SitrusBerry|Regenerator|Spore,RagePowder,PollenPuff,ClearSmog|||M|||50|,,,,,Water]Hatterene||LifeOrb|MagicBounce|ExpandingForce,TrickRoom,DazzlingGleam,Protect|||F|||50|,,,,,Fire]Torkoal||Charcoal|Drought|Eruption,Protect,EarthPower,Overheat|||F|||50|,,,,,Fire]Ursaluna-Bloodmoon|||MindsEye|BloodMoon,HyperVoice,EarthPower,FocusBlast|||M|||50|,,,,,Water]Indeedee-F||SafetyGoggles|PsychicSurge|Psychic,HelpingHand,FollowMe,DazzlingGleam|||F|||50|,,,,,Water]Rillaboom||AssaultVest|GrassySurge|FakeOut,GrassyGlide,WoodHammer,HighHorsepower|||M|||50|,,,,,Fire
|inactive|Battle timer is ON: inactive players will automatically lose when time's up. (requested by LittleKid2011)
|inactive|Soratami also wants the timer to be on.
|inactive|LittleKid2011 has 60 seconds left.
|c|☆Soratami|Your Ursaluna has no item
|inactive|LittleKid2011 has 30 seconds left.
|
|t:|1757913546
|teamsize|p1|4
|teamsize|p2|4
|start
|switch|p1a: Electabuzz|Electabuzz, L50, F|100/100
|switch|p1b: Blastoise|Blastoise, L50, M|100/100
|switch|p2a: Hatterene|Hatterene, L50, F|100/100
|switch|p2b: Rillaboom|Rillaboom, L50, M|100/100
|-fieldstart|move: Grassy Terrain|[from] ability: Grassy Surge|[of] p2b: Rillaboom
|turn|1
|inactive|Soratami has 30 seconds left.
|
|t:|1757913576
|move|p1b: Blastoise|Protect|p1b: Blastoise
|-singleturn|p1b: Blastoise|Protect
|move|p2b: Rillaboom|Fake Out|p1b: Blastoise
|-activate|p1b: Blastoise|move: Protect
|move|p1a: Electabuzz|Thunderbolt|p2a: Hatterene
|-damage|p2a: Hatterene|65/100
|move|p2a: Hatterene|Trick Room|p2a: Hatterene
|-fieldstart|move: Trick Room|[of] p2a: Hatterene
|
|-heal|p2a: Hatterene|71/100|[from] Grassy Terrain
|upkeep
|turn|2
|inactive|Soratami has 30 seconds left.
|
|t:|1757913610
|switch|p1a: Rillaboom|Rillaboom, L50, M|100/100
|move|p2a: Hatterene|Dazzling Gleam|p1a: Rillaboom|[spread] p1a,p1b
|-damage|p1a: Rillaboom|47/100
|-damage|p1b: Blastoise|54/100
|-damage|p2a: Hatterene|61/100|[from] item: Life Orb
|move|p2b: Rillaboom|Wood Hammer|p1b: Blastoise
|-supereffective|p1b: Blastoise
|-damage|p1b: Blastoise|0 fnt
|faint|p1b: Blastoise
|-damage|p2b: Rillaboom|85/100|[from] Recoil
|
|-heal|p2a: Hatterene|67/100|[from] Grassy Terrain
|-heal|p2b: Rillaboom|91/100|[from] Grassy Terrain
|-heal|p1a: Rillaboom|53/100|[from] Grassy Terrain
|upkeep
|
|t:|1757913624
|switch|p1b: Electabuzz|Electabuzz, L50, F|100/100
|turn|3
|
|t:|1757913634
|switch|p2a: Ursaluna|Ursaluna-Bloodmoon, L50, M|100/100
|move|p1b: Electabuzz|Follow Me|p1b: Electabuzz
|-singleturn|p1b: Electabuzz|move: Follow Me
|move|p2b: Rillaboom|High Horsepower|p1b: Electabuzz
|-supereffective|p1b: Electabuzz
|-damage|p1b: Electabuzz|46/100
|move|p1a: Rillaboom|Wood Hammer|p2a: Ursaluna
|-supereffective|p2a: Ursaluna
|-damage|p2a: Ursaluna|0 fnt
|faint|p2a: Ursaluna
|-damage|p1a: Rillaboom|17/100|[from] Recoil
|
|-heal|p2b: Rillaboom|97/100|[from] Grassy Terrain
|-heal|p1a: Rillaboom|23/100|[from] Grassy Terrain
|-heal|p1b: Electabuzz|52/100|[from] Grassy Terrain
|upkeep
|
|t:|1757913641
|switch|p2a: Torkoal|Torkoal, L50, F|100/100
|-weather|SunnyDay|[from] ability: Drought|[of] p2a: Torkoal
|turn|4
|
|t:|1757913654
|switch|p2b: Hatterene|Hatterene, L50, F|67/100
|switch|p1a: Pelipper|Pelipper, L50, F|100/100
|-weather|RainDance|[from] ability: Drizzle|[of] p1a: Pelipper
|-terastallize|p2a: Torkoal|Fire
|move|p2a: Torkoal|Eruption|p1b: Electabuzz|[spread] p1a,p1b
|-resisted|p1a: Pelipper
|-damage|p1a: Pelipper|65/100
|-damage|p1b: Electabuzz|24/100
|move|p1b: Electabuzz|Thunderbolt|p2a: Torkoal
|-damage|p2a: Torkoal|56/100
|-status|p2a: Torkoal|par
|
|-weather|RainDance|[upkeep]
|-heal|p2a: Torkoal|63/100 par|[from] Grassy Terrain
|-heal|p2b: Hatterene|73/100|[from] Grassy Terrain
|-heal|p1b: Electabuzz|30/100|[from] Grassy Terrain
|upkeep
|turn|5
|inactive|Soratami has 30 seconds left.
|
|t:|1757913681
|switch|p2a: Rillaboom|Rillaboom, L50, M|97/100
|move|p1a: Pelipper|Wide Guard|p1a: Pelipper
|-singleturn|p1a: Pelipper|Wide Guard
|move|p2b: Hatterene|Dazzling Gleam|p1a: Pelipper|[spread] 
|-activate|p1a: Pelipper|move: Wide Guard
|-activate|p1b: Electabuzz|move: Wide Guard
|move|p1b: Electabuzz|Thunderbolt|p2b: Hatterene
|-damage|p2b: Hatterene|34/100
|
|-weather|RainDance|[upkeep]
|-heal|p2b: Hatterene|40/100|[from] Grassy Terrain
|-heal|p2a: Rillaboom|100/100|[from] Grassy Terrain
|-heal|p1b: Electabuzz|35/100|[from] Grassy Terrain
|-fieldend|move: Trick Room
|-fieldend|move: Grassy Terrain
|upkeep
|turn|6
|inactive|LittleKid2011 has 30 seconds left.
|
|t:|1757913707
|move|p2a: Rillaboom|Fake Out|p1a: Pelipper
|-damage|p1a: Pelipper|46/100
|cant|p1a: Pelipper|flinch
|move|p1b: Electabuzz|Thunderbolt|p2b: Hatterene
|-damage|p2b: Hatterene|5/100
|move|p2b: Hatterene|Dazzling Gleam|p1a: Pelipper|[spread] p1a,p1b
|-damage|p1a: Pelipper|0 fnt
|-damage|p1b: Electabuzz|3/100
|faint|p1a: Pelipper
|-damage|p2b: Hatterene|0 fnt|[from] item: Life Orb
|faint|p2b: Hatterene
|
|-weather|RainDance|[upkeep]
|upkeep
|
|t:|1757913720
|switch|p1a: Rillaboom|Rillaboom, L50, M|23/100
|switch|p2b: Torkoal|Torkoal, L50, F, tera:Fire|63/100 par
|-fieldstart|move: Grassy Terrain|[from] ability: Grassy Surge|[of] p1a: Rillaboom
|-weather|SunnyDay|[from] ability: Drought|[of] p2b: Torkoal
|turn|7
|
|t:|1757913737
|cant|p2b: Torkoal|par
|move|p1a: Rillaboom|Fake Out|p2a: Rillaboom
|-damage|p2a: Rillaboom|85/100
|move|p1b: Electabuzz|Thunderbolt|p2b: Torkoal
|-damage|p2b: Torkoal|21/100 par
|cant|p2a: Rillaboom|flinch
|
|-weather|SunnyDay|[upkeep]
|-heal|p1b: Electabuzz|9/100|[from] Grassy Terrain
|-heal|p1a: Rillaboom|29/100|[from] Grassy Terrain
|-heal|p2a: Rillaboom|91/100|[from] Grassy Terrain
|-heal|p2b: Torkoal|28/100 par|[from] Grassy Terrain
|upkeep
|turn|8
|
|t:|1757913760
|move|p1b: Electabuzz|Thunder Wave|p2a: Rillaboom
|-status|p2a: Rillaboom|par
|move|p1a: Rillaboom|High Horsepower|p2b: Torkoal
|-supereffective|p2b: Torkoal
|-damage|p2b: Torkoal|0 fnt
|faint|p2b: Torkoal
|move|p2a: Rillaboom|Wood Hammer|p1a: Rillaboom
|-resisted|p1a: Rillaboom
|-damage|p1a: Rillaboom|0 fnt
|faint|p1a: Rillaboom
|-damage|p2a: Rillaboom|82/100 par|[from] Recoil
|
|-weather|SunnyDay|[upkeep]
|-heal|p1b: Electabuzz|14/100|[from] Grassy Terrain
|-heal|p2a: Rillaboom|88/100 par|[from] Grassy Terrain
|upkeep
|turn|9
|
|t:|1757913779
|move|p1b: Electabuzz|Thunderbolt|p2a: Rillaboom
|-resisted|p2a: Rillaboom
|-damage|p2a: Rillaboom|78/100 par
|cant|p2a: Rillaboom|par
|
|-weather|SunnyDay|[upkeep]
|-heal|p1b: Electabuzz|20/100|[from] Grassy Terrain
|-heal|p2a: Rillaboom|83/100 par|[from] Grassy Terrain
|upkeep
|turn|10
|
|t:|1757913787
|move|p1b: Electabuzz|Protect|p1b: Electabuzz
|-singleturn|p1b: Electabuzz|Protect
|move|p2a: Rillaboom|High Horsepower|p1b: Electabuzz
|-activate|p1b: Electabuzz|move: Protect
|
|-weather|SunnyDay|[upkeep]
|-heal|p1b: Electabuzz|26/100|[from] Grassy Terrain
|-heal|p2a: Rillaboom|89/100 par|[from] Grassy Terrain
|upkeep
|turn|11
|
|t:|1757913796
|-terastallize|p1b: Electabuzz|Ghost
|move|p1b: Electabuzz|Thunderbolt|p2a: Rillaboom
|-resisted|p2a: Rillaboom
|-damage|p2a: Rillaboom|79/100 par
|move|p2a: Rillaboom|High Horsepower|p1b: Electabuzz
|-damage|p1b: Electabuzz|0 fnt
|faint|p1b: Electabuzz
|
|win|LittleKid2011
||Soratami is ready for game 2.
|inactive|LittleKid2011 has 30 seconds to confirm battle start!
||LittleKid2011 is ready for game 2.
|uhtml|next|Next: Game 2 of 3
