|j|☆pbroderick14
|j|☆GrovyleSSJ
|html|pbroderick14GrovyleSSJ    
|uhtml|bestof|Game 1 of a best-of-3
|t:|1782499284
|gametype|doubles
|player|p1|pbroderick14|169|1286
|player|p2|GrovyleSSJ|266|1241
|gen|9
|tier|[Gen 9 Champions] VGC 2026 Reg M-B (Bo3)
|rated|
|rule|Species Clause: Limit one of each Pokémon
|rule|Item Clause: Limit 1 of each item
|clearpoke
|poke|p1|Swampert, L50, F|
|poke|p1|Pelipper, L50, F|
|poke|p1|Archaludon, L50, F|
|poke|p1|Sableye, L50, F|
|poke|p1|Basculegion, L50, M|
|poke|p1|Venusaur, L50, F|
|poke|p2|Gengar, L50, F|
|poke|p2|Incineroar, L50, M|
|poke|p2|Ninetales-Alola, L50, M|
|poke|p2|Dragonite, L50, M|
|poke|p2|Snorlax, L50, M|
|poke|p2|Scrafty, L50, F|
|teampreview|4
|showteam|p1|Swampert||Swampertite|Damp|Protect,WaveCrash,HighHorsepower,FlipTurn|Adamant||F|||50|]Pelipper||FocusSash|Drizzle|Protect,Tailwind,Hurricane,WeatherBall|Modest||F|||50|]Archaludon||Leftovers|Stamina|Protect,ElectroShot,DragonPulse,FlashCannon|Bold||F|||50|]Sableye||RoseliBerry|Prankster|RainDance,Reflect,LightScreen,WillOWisp|Careful||F|||50|]Basculegion||ChoiceScarf|Adaptability|FlipTurn,WaveCrash,AquaJet,LastRespects|Jolly||M|||50|]Venusaur||Venusaurite|Chlorophyll|Protect,SludgeBomb,EarthPower,GigaDrain|Bold||F|||50|
|showteam|p2|Gengar||Gengarite|CursedBody|Protect,PerishSong,SludgeBomb,ShadowBall|Timid||F|||50|]Incineroar||PasshoBerry|Intimidate|FakeOut,PartingShot,FlareBlitz,Protect|Sassy||M|||50|]Ninetales-Alola||FocusSash|SnowWarning|Protect,Encore,Disable,Blizzard|Timid||M|||50|]Dragonite||DragonFang|Multiscale|Protect,LowKick,ExtremeSpeed,DragonClaw|Adamant||M|||50|]Snorlax||Leftovers|ThickFat|Protect,Yawn,Encore,Fissure|Relaxed||M|||50|]Scrafty||Scraftinite|Intimidate|FakeOut,Detect,KnockOff,CloseCombat|Adamant||F|||50|
|inactive|Battle timer is ON: inactive players will automatically lose when time's up. (requested by GrovyleSSJ)
|inactive|GrovyleSSJ has 60 seconds left.
|
|t:|1782499326
|teamsize|p1|4
|teamsize|p2|4
|start
|switch|p1a: Sableye|Sableye, L50, F|100/100
|switch|p1b: Swampert|Swampert, L50, F|100/100
|switch|p2a: Gengar|Gengar, L50, F|100/100
|switch|p2b: Incineroar|Incineroar, L50, M|100/100
|-ability|p2b: Incineroar|Intimidate|boost
|-unboost|p1a: Sableye|atk|1
|-unboost|p1b: Swampert|atk|1
|turn|1
|inactive|pbroderick14 has 30 seconds left.
|inactive|GrovyleSSJ has 30 seconds left.
|inactive|pbroderick14 has 20 seconds left.
|inactive|pbroderick14 has 15 seconds left.
|inactive|pbroderick14 has 10 seconds left.
|
|t:|1782499372
|detailschange|p2a: Gengar|Gengar-Mega, L50, F
|-mega|p2a: Gengar|Gengar|Gengarite
|detailschange|p1b: Swampert|Swampert-Mega, L50, F
|-mega|p1b: Swampert|Swampert|Swampertite
|move|p2b: Incineroar|Fake Out|p1b: Swampert
|-damage|p1b: Swampert|90/100
|move|p1a: Sableye|Light Screen|p1a: Sableye
|-sidestart|p1: pbroderick14|move: Light Screen
|move|p2a: Gengar|Shadow Ball|p1a: Sableye
|-damage|p1a: Sableye|64/100
|cant|p1b: Swampert|flinch
|
|upkeep
|turn|2
|inactive|pbroderick14 has 30 seconds left.
|inactive|pbroderick14 has 20 seconds left.
|
|t:|1782499407
|switch|p2a: Snorlax|Snorlax, L50, M|100/100
|move|p1a: Sableye|Reflect|p1a: Sableye
|-sidestart|p1: pbroderick14|Reflect
|move|p1b: Swampert|Flip Turn|p2b: Incineroar
|-supereffective|p2b: Incineroar|1
|-enditem|p2b: Incineroar|Passho Berry|[eat]
|-enditem|p2b: Incineroar|Passho Berry|[weaken]
|-damage|p2b: Incineroar|81/100
|
|t:|1782499420
|switch|p1b: Basculegion|Basculegion, L50, M|100/100|[from] Flip Turn
|move|p2b: Incineroar|Parting Shot|p1b: Basculegion
|-unboost|p1b: Basculegion|atk|1
|-unboost|p1b: Basculegion|spa|1
|
|t:|1782499428
|switch|p2b: Gengar|Gengar-Mega, L50, F|100/100|[from] Parting Shot
|
|upkeep
|turn|3
|
|t:|1782499444
|move|p2b: Gengar|Protect|p2b: Gengar
|-singleturn|p2b: Gengar|Protect
|move|p1a: Sableye|Will-O-Wisp|p2a: Snorlax
|-status|p2a: Snorlax|brn
|move|p1b: Basculegion|Flip Turn|p2b: Gengar
|-activate|p2b: Gengar|move: Protect
|move|p2a: Snorlax|Yawn|p1b: Basculegion
|-start|p1b: Basculegion|move: Yawn|[of] p2a: Snorlax
|
|-damage|p2a: Snorlax|94/100 brn|[from] brn
|upkeep
|turn|4
|inactive|GrovyleSSJ has 30 seconds left.
|inactive|GrovyleSSJ has 20 seconds left.
|
|t:|1782499480
|move|p1a: Sableye|Will-O-Wisp|p2b: Gengar
|-status|p2b: Gengar|brn
|move|p1b: Basculegion|Flip Turn|p2b: Gengar
|-damage|p2b: Gengar|76/100 brn
|
|t:|1782499486
|switch|p1b: Swampert|Swampert-Mega, L50, F|90/100|[from] Flip Turn
|move|p2b: Gengar|Shadow Ball|p1b: Swampert
|-damage|p1b: Swampert|63/100
|move|p2a: Snorlax|Yawn|p1b: Swampert
|-start|p1b: Swampert|move: Yawn|[of] p2a: Snorlax
|
|-heal|p2a: Snorlax|100/100 brn|[from] item: Leftovers
|-damage|p2b: Gengar|70/100 brn|[from] brn
|-damage|p2a: Snorlax|94/100 brn|[from] brn
|upkeep
|turn|5
|
|t:|1782499504
|switch|p2a: Incineroar|Incineroar, L50, M|81/100
|-ability|p2a: Incineroar|Intimidate|boost
|-unboost|p1a: Sableye|atk|1
|-unboost|p1b: Swampert|atk|1
|move|p1a: Sableye|Rain Dance|p1a: Sableye
|-weather|RainDance
|move|p1b: Swampert|Flip Turn|p2a: Incineroar
|-supereffective|p2a: Incineroar|1
|-damage|p2a: Incineroar|25/100
|
|t:|1782499512
|switch|p1b: Archaludon|Archaludon, L50, F|100/100|[from] Flip Turn
|move|p2b: Gengar|Shadow Ball|p1b: Archaludon
|-damage|p1b: Archaludon|66/100
|-ability|p1b: Archaludon|Stamina|boost
|-boost|p1b: Archaludon|def|1
|
|-weather|RainDance|[upkeep]
|-heal|p1b: Archaludon|72/100|[from] item: Leftovers
|-damage|p2b: Gengar|64/100 brn|[from] brn
|-sideend|p1: pbroderick14|move: Light Screen
|upkeep
|turn|6
|
|t:|1782499527
|move|p2a: Incineroar|Fake Out|p1b: Archaludon
|-resisted|p1b: Archaludon|1
|-damage|p1b: Archaludon|71/100
|-ability|p1b: Archaludon|Stamina|boost
|-boost|p1b: Archaludon|def|1
|move|p1a: Sableye|Light Screen|p1a: Sableye
|-sidestart|p1: pbroderick14|move: Light Screen
|move|p2b: Gengar|Perish Song|p2b: Gengar
|-start|p1a: Sableye|perish3|[silent]
|-start|p1b: Archaludon|perish3|[silent]
|-start|p2a: Incineroar|perish3|[silent]
|-start|p2b: Gengar|perish3|[silent]
|-fieldactivate|move: Perish Song
|cant|p1b: Archaludon|flinch
|
|-weather|RainDance|[upkeep]
|-heal|p1b: Archaludon|77/100|[from] item: Leftovers
|-damage|p2b: Gengar|58/100 brn|[from] brn
|-start|p2b: Gengar|perish3
|-start|p1b: Archaludon|perish3
|-start|p2a: Incineroar|perish3
|-start|p1a: Sableye|perish3
|-sideend|p1: pbroderick14|Reflect
|upkeep
|turn|7
|
|t:|1782499548
|switch|p2a: Ninetales|Ninetales-Alola, L50, M|100/100
|-weather|Snowscape|[from] ability: Snow Warning|[of] p2a: Ninetales
|switch|p1a: Swampert|Swampert-Mega, L50, F|63/100
|move|p2b: Gengar|Shadow Ball|p1a: Swampert
|-damage|p1a: Swampert|36/100
|move|p1b: Archaludon|Electro Shot||[still]
|-prepare|p1b: Archaludon|Electro Shot
|-boost|p1b: Archaludon|spa|1
|
|-weather|Snowscape|[upkeep]
|-heal|p1b: Archaludon|83/100|[from] item: Leftovers
|-damage|p2b: Gengar|52/100 brn|[from] brn
|-start|p2b: Gengar|perish2
|-start|p1b: Archaludon|perish2
|upkeep
|turn|8
|
|t:|1782499570
|move|p2a: Ninetales|Protect|p2a: Ninetales
|-singleturn|p2a: Ninetales|Protect
|move|p2b: Gengar|Protect|p2b: Gengar
|-singleturn|p2b: Gengar|Protect
|move|p1a: Swampert|Flip Turn|p2a: Ninetales
|-activate|p2a: Ninetales|move: Protect
|move|p1b: Archaludon|Electro Shot|p2b: Gengar|[from] lockedmove
|-activate|p2b: Gengar|move: Protect
|
|-weather|Snowscape|[upkeep]
|-heal|p1b: Archaludon|89/100|[from] item: Leftovers
|-damage|p2b: Gengar|46/100 brn|[from] brn
|-start|p2b: Gengar|perish1
|-start|p1b: Archaludon|perish1
|upkeep
|turn|9
|inactive|GrovyleSSJ has 30 seconds left.
|inactive|GrovyleSSJ has 20 seconds left.
|inactive|GrovyleSSJ has 15 seconds left.
|inactive|GrovyleSSJ has 10 seconds left.
|inactive|GrovyleSSJ has 5 seconds left.
|
|t:|1782499624
|switch|p2b: Snorlax|Snorlax, L50, M|94/100 brn
|move|p1a: Swampert|Protect|p1a: Swampert
|-singleturn|p1a: Swampert|Protect
|move|p2a: Ninetales|Disable|p1a: Swampert
|-activate|p1a: Swampert|move: Protect
|move|p1b: Archaludon|Flash Cannon|p2a: Ninetales
|-supereffective|p2a: Ninetales|2
|-enditem|p2a: Ninetales|Focus Sash
|-damage|p2a: Ninetales|1/100
|
|-weather|Snowscape|[upkeep]
|-heal|p1b: Archaludon|95/100|[from] item: Leftovers
|-heal|p2b: Snorlax|100/100 brn|[from] item: Leftovers
|-damage|p2b: Snorlax|94/100 brn|[from] brn
|-start|p1b: Archaludon|perish0
|faint|p1b: Archaludon
|upkeep
|inactive|pbroderick14 has 30 seconds left.
|
|t:|1782499653
|switch|p1b: Sableye|Sableye, L50, F|64/100
|turn|10
|
|t:|1782499675
|move|p2a: Ninetales|Protect|p2a: Ninetales
|-singleturn|p2a: Ninetales|Protect
|move|p1b: Sableye|Rain Dance|p1b: Sableye
|-weather|RainDance
|move|p1a: Swampert|Flip Turn|p2a: Ninetales
|-activate|p2a: Ninetales|move: Protect
|move|p2b: Snorlax|Yawn|p1a: Swampert
|-start|p1a: Swampert|move: Yawn|[of] p2b: Snorlax
|
|-weather|RainDance|[upkeep]
|-heal|p2b: Snorlax|100/100 brn|[from] item: Leftovers
|-damage|p2b: Snorlax|94/100 brn|[from] brn
|-sideend|p1: pbroderick14|move: Light Screen
|upkeep
|turn|11
|inactive|GrovyleSSJ has 30 seconds left.
|
|t:|1782499701
|switch|p2a: Incineroar|Incineroar, L50, M|25/100
|-ability|p2a: Incineroar|Intimidate|boost
|-unboost|p1a: Swampert|atk|1
|-unboost|p1b: Sableye|atk|1
|move|p1b: Sableye|Light Screen|p1b: Sableye
|-sidestart|p1: pbroderick14|move: Light Screen
|move|p1a: Swampert|Flip Turn|p2a: Incineroar
|-supereffective|p2a: Incineroar|1
|-damage|p2a: Incineroar|0 fnt
|faint|p2a: Incineroar
|
|t:|1782499708
|switch|p1a: Basculegion|Basculegion, L50, M|100/100|[from] Flip Turn
|move|p2b: Snorlax|Fissure|p1a: Basculegion|[miss]
|-miss|p2b: Snorlax|p1a: Basculegion
|
|-weather|RainDance|[upkeep]
|-heal|p2b: Snorlax|100/100 brn|[from] item: Leftovers
|-damage|p2b: Snorlax|94/100 brn|[from] brn
|upkeep
|
|t:|1782499719
|switch|p2a: Gengar|Gengar-Mega, L50, F|46/100 brn
|turn|12
|
|t:|1782499747
|move|p2a: Gengar|Protect|p2a: Gengar
|-singleturn|p2a: Gengar|Protect
|move|p1b: Sableye|Rain Dance||[still]
|-fail|p1b: Sableye
|move|p1a: Basculegion|Wave Crash|p2b: Snorlax
|-damage|p2b: Snorlax|25/100 brn
|-damage|p1a: Basculegion|68/100|[from] Recoil
|move|p2b: Snorlax|Encore|p1b: Sableye
|-start|p1b: Sableye|Encore
|
|-weather|RainDance|[upkeep]
|-heal|p2b: Snorlax|31/100 brn|[from] item: Leftovers
|-damage|p2a: Gengar|40/100 brn|[from] brn
|-damage|p2b: Snorlax|25/100 brn|[from] brn
|upkeep
|turn|13
|
|t:|1782499770
|move|p2a: Gengar|Protect||[still]
|-fail|p2a: Gengar
|move|p1b: Sableye|Rain Dance||[still]
|-fail|p1b: Sableye
|move|p1a: Basculegion|Wave Crash|p2a: Gengar
|-damage|p2a: Gengar|0 fnt
|faint|p2a: Gengar
|-damage|p1a: Basculegion|57/100|[from] Recoil
|move|p2b: Snorlax|Fissure|p1a: Basculegion|[miss]
|-miss|p2b: Snorlax|p1a: Basculegion
|
|-weather|RainDance|[upkeep]
|-heal|p2b: Snorlax|31/100 brn|[from] item: Leftovers
|-damage|p2b: Snorlax|25/100 brn|[from] brn
|upkeep
|
|t:|1782499780
|switch|p2a: Ninetales|Ninetales-Alola, L50, M|1/100
|-weather|Snowscape|[from] ability: Snow Warning|[of] p2a: Ninetales
|turn|14
|
|t:|1782499787
|move|p2a: Ninetales|Protect|p2a: Ninetales
|-singleturn|p2a: Ninetales|Protect
|move|p1b: Sableye|Rain Dance|p1b: Sableye
|-weather|RainDance
|move|p1a: Basculegion|Wave Crash|p2a: Ninetales
|-activate|p2a: Ninetales|move: Protect
|move|p2b: Snorlax|Fissure|p1a: Basculegion|[miss]
|-miss|p2b: Snorlax|p1a: Basculegion
|
|-weather|RainDance|[upkeep]
|-heal|p2b: Snorlax|31/100 brn|[from] item: Leftovers
|-damage|p2b: Snorlax|25/100 brn|[from] brn
|upkeep
|turn|15
|inactive|pbroderick14 has 30 seconds left.
|
|t:|1782499822
|move|p2b: Snorlax|Protect|p2b: Snorlax
|-singleturn|p2b: Snorlax|Protect
|move|p1b: Sableye|Rain Dance||[still]
|-fail|p1b: Sableye
|move|p1a: Basculegion|Wave Crash|p2a: Ninetales
|-damage|p2a: Ninetales|0 fnt
|faint|p2a: Ninetales
|-damage|p1a: Basculegion|56/100|[from] Recoil
|
|-weather|RainDance|[upkeep]
|-heal|p2b: Snorlax|31/100 brn|[from] item: Leftovers
|-damage|p2b: Snorlax|25/100 brn|[from] brn
|-end|p1b: Sableye|Encore
|-sideend|p1: pbroderick14|move: Light Screen
|upkeep
|turn|16
|-message|GrovyleSSJ forfeited.
|
|win|pbroderick14
||GrovyleSSJ is ready for game 2.
||pbroderick14 is ready for game 2.
|uhtml|next|Next: Game 2 of 3
