|j|☆othunder21
|j|☆pink spoon
|html|othunder21pink spoon    
|uhtml|bestof|Game 2 of a best-of-3
|t:|1784740330
|gametype|doubles
|player|p1|othunder21|nate|
|player|p2|pink spoon|parasollady|
|gen|9
|tier|[Gen 9 Champions] VGC 2026 Reg M-B (Bo3)
|rule|Species Clause: Limit one of each Pokémon
|rule|Item Clause: Limit 1 of each item
|clearpoke
|poke|p1|Charizard, L50, M|
|poke|p1|Sylveon, L50, F|
|poke|p1|Farigiraf, L50, M|
|poke|p1|Aerodactyl, L50, M|
|poke|p1|Kingambit, L50, F|
|poke|p1|Garchomp, L50, M|
|poke|p2|Pinsir, L50, M|
|poke|p2|Garchomp, L50, M|
|poke|p2|Talonflame, L50, F|
|poke|p2|Kingambit, L50, M|
|poke|p2|Incineroar, L50, F|
|poke|p2|Raichu, L50, F|
|teampreview|4
|showteam|p1|Charizard||CharizarditeY|SolarPower|Protect,WeatherBall,SolarBeam,HeatWave|Modest||M|||50|]Sylveon||FairyFeather|Pixilate|Detect,HyperVoice,QuickAttack,HyperBeam|Modest||F|||50|]Farigiraf||SitrusBerry|ArmorTail|Thunderbolt,TwinBeam,Roar,TrickRoom|Bold||M|||50|]Aerodactyl||Aerodactylite|Unnerve|RockSlide,DualWingbeat,IceFang,Tailwind|Jolly||M|||50|]Kingambit||FocusSash|Defiant|KowtowCleave,SuckerPunch,IronHead,LowKick|Adamant||F|||50|]Garchomp||LifeOrb|RoughSkin|Earthquake,StompingTantrum,DragonClaw,Protect|Jolly||M|||50|
|showteam|p2|Pinsir||Pinsirite|HyperCutter|BodySlam,Feint,SwordsDance,Protect|Adamant||M|||50|]Garchomp||LifeOrb|RoughSkin|Earthquake,DragonClaw,StompingTantrum,Protect|Jolly||M|||50|]Talonflame||SharpBeak|GaleWings|BraveBird,FlareBlitz,Tailwind,Protect|Jolly||F|||50|]Kingambit||BlackGlasses|Defiant|KowtowCleave,SuckerPunch,SwordsDance,Protect|Adamant||M|||50|]Incineroar||SitrusBerry|Intimidate|FlareBlitz,ThroatChop,FakeOut,PartingShot|Careful||F|||50|]Raichu||RaichuniteY|LightningRod|ZapCannon,FocusBlast,FakeOut,Protect|Timid||F|||50|
|inactive|Battle timer is ON: inactive players will automatically lose when time's up. (requested by othunder21)
|
|t:|1784740361
|teamsize|p1|4
|teamsize|p2|4
|start
|switch|p1a: Aerodactyl|Aerodactyl, L50, M|100/100
|switch|p1b: Garchomp|Garchomp, L50, M|100/100
|switch|p2a: Garchomp|Garchomp, L50, M|100/100
|switch|p2b: Talonflame|Talonflame, L50, F|100/100
|-ability|p1a: Aerodactyl|Unnerve
|turn|1
|
|t:|1784740386
|detailschange|p1a: Aerodactyl|Aerodactyl-Mega, L50, M
|-mega|p1a: Aerodactyl|Aerodactyl|Aerodactylite
|move|p2b: Talonflame|Protect|p2b: Talonflame
|-singleturn|p2b: Talonflame|Protect
|move|p1b: Garchomp|Protect|p1b: Garchomp
|-singleturn|p1b: Garchomp|Protect
|move|p1a: Aerodactyl|Tailwind|p1a: Aerodactyl
|-sidestart|p1: othunder21|move: Tailwind
|move|p2a: Garchomp|Dragon Claw|p1a: Aerodactyl
|-damage|p1a: Aerodactyl|36/100
|-damage|p2a: Garchomp|90/100|[from] item: Life Orb
|
|upkeep
|turn|2
|inactive|pink spoon has 30 seconds left.
|
|t:|1784740414
|switch|p2b: Incineroar|Incineroar, L50, F|100/100
|-ability|p2b: Incineroar|Intimidate|boost
|-unboost|p1a: Aerodactyl|atk|1
|-unboost|p1b: Garchomp|atk|1
|move|p2a: Garchomp|Protect|p2a: Garchomp
|-singleturn|p2a: Garchomp|Protect
|move|p1a: Aerodactyl|Rock Slide|p2a: Garchomp|[spread] p2b
|-activate|p2a: Garchomp|move: Protect
|-supereffective|p2b: Incineroar|1
|-damage|p2b: Incineroar|69/100
|move|p1b: Garchomp|Dragon Claw|p2a: Garchomp
|-activate|p2a: Garchomp|move: Protect
|
|upkeep
|turn|3
|
|t:|1784740432
|switch|p1a: Farigiraf|Farigiraf, L50, M|100/100
|move|p2b: Incineroar|Fake Out||[still]
|cant|p1a: Farigiraf|ability: Armor Tail|Fake Out|[of] p2b: Incineroar
|move|p1b: Garchomp|Dragon Claw|p2a: Garchomp
|-supereffective|p2a: Garchomp|1
|-damage|p2a: Garchomp|17/100
|-damage|p1b: Garchomp|87/100|[from] ability: Rough Skin|[of] p2a: Garchomp
|-damage|p1b: Garchomp|77/100|[from] item: Life Orb
|move|p2a: Garchomp|Dragon Claw|p1a: Farigiraf
|-damage|p1a: Farigiraf|59/100
|-damage|p2a: Garchomp|7/100|[from] item: Life Orb
|
|upkeep
|turn|4
|
|t:|1784740450
|switch|p1a: Aerodactyl|Aerodactyl-Mega, L50, M|36/100
|move|p2a: Garchomp|Protect|p2a: Garchomp
|-singleturn|p2a: Garchomp|Protect
|move|p1b: Garchomp|Earthquake|p2b: Incineroar|[spread] p2b
|-activate|p2a: Garchomp|move: Protect
|-immune|p1a: Aerodactyl
|-supereffective|p2b: Incineroar|1
|-crit|p2b: Incineroar
|-damage|p2b: Incineroar|0 fnt
|faint|p2b: Incineroar
|-damage|p1b: Garchomp|68/100|[from] item: Life Orb
|
|-sideend|p1: othunder21|move: Tailwind
|upkeep
|
|t:|1784740459
|switch|p2b: Talonflame|Talonflame, L50, F|100/100
|turn|5
|
|t:|1784740466
|switch|p1a: Sylveon|Sylveon, L50, F|100/100
|move|p2b: Talonflame|Tailwind|p2b: Talonflame
|-sidestart|p2: pink spoon|move: Tailwind
|move|p2a: Garchomp|Dragon Claw|p1a: Sylveon
|-immune|p1a: Sylveon
|move|p1b: Garchomp|Dragon Claw|p2a: Garchomp
|-supereffective|p2a: Garchomp|1
|-damage|p2a: Garchomp|0 fnt
|-damage|p1b: Garchomp|55/100|[from] ability: Rough Skin|[of] p2a: Garchomp
|faint|p2a: Garchomp
|-damage|p1b: Garchomp|45/100|[from] item: Life Orb
|
|upkeep
|
|t:|1784740468
|switch|p2a: Pinsir|Pinsir, L50, M|100/100
|turn|6
|
|t:|1784740480
|switch|p1b: Farigiraf|Farigiraf, L50, M|59/100
|detailschange|p2a: Pinsir|Pinsir-Mega, L50, M
|-mega|p2a: Pinsir|Pinsir|Pinsirite
|move|p2b: Talonflame|Brave Bird||[still]
|cant|p1b: Farigiraf|ability: Armor Tail|Brave Bird|[of] p2b: Talonflame
|move|p2a: Pinsir|Body Slam|p1a: Sylveon
|-damage|p1a: Sylveon|30/100
|move|p1a: Sylveon|Hyper Beam|p2a: Pinsir
|-damage|p2a: Pinsir|0 fnt
|-mustrecharge|p1a: Sylveon
|faint|p2a: Pinsir
|
|upkeep
|turn|7
|-message|pink spoon forfeited.
|
|win|othunder21
|l|☆pink spoon
|player|p2|
