|j|☆dondozo ftw
|j|☆Oldenewguy
|html|dondozo ftwOldenewguy    
|uhtml|bestof|Game 3 of a best-of-3
|t:|1756693533
|gametype|doubles
|player|p1|dondozo ftw|veteranf|1171
|player|p2|Oldenewguy|plasmagrunt|1169
|gen|9
|tier|[Gen 9] VGC 2025 Reg H (Bo3)
|rated|
|rule|Species Clause: Limit one of each Pokémon
|rule|Item Clause: Limit 1 of each item
|clearpoke
|poke|p1|Dondozo, L50, M|
|poke|p1|Tatsugiri, L50, M|
|poke|p1|Talonflame, L50, F|
|poke|p1|Indeedee, L50, M|
|poke|p1|Sneasler, L50, F|
|poke|p1|Ursaluna-Bloodmoon, L50, M|
|poke|p2|Hatterene, L50, F|
|poke|p2|Indeedee-F, L50, F|
|poke|p2|Amoonguss, L50, M|
|poke|p2|Sneasler, L50, F|
|poke|p2|Ursaluna-Bloodmoon, L50, M|
|poke|p2|Volcarona, L50, M|
|teampreview|4
|showteam|p1|Dondozo||Leftovers|Unaware|WaveCrash,Earthquake,Protect,BodyPress|||M|||50|,,,,,Grass]Tatsugiri||ChoiceScarf|Commander|MuddyWater,IcyWind,DracoMeteor,DragonPulse|||M|||50|,,,,,Water]Talonflame||CovertCloak|GaleWings|BraveBird,FlareBlitz,Tailwind,WillOWisp|||F|||50|,,,,,Ghost]Indeedee||FocusSash|PsychicSurge|ExpandingForce,Protect,HelpingHand,TrickRoom|||M|||50|,,,,,Psychic]Sneasler||PsychicSeed|Unburden|DireClaw,CloseCombat,ThroatChop,Protect|||F|||50|,,,,,Dark]Ursaluna-Bloodmoon||LifeOrb|MindsEye|BloodMoon,HyperVoice,EarthPower,Protect|||M|||50|,,,,,Normal
|showteam|p2|Hatterene||LifeOrb|MagicBounce|TrickRoom,DazzlingGleam,Protect,ExpandingForce|||F|||50|,,,,,Steel]Indeedee-F||RockyHelmet|PsychicSurge|TrickRoom,Psychic,HelpingHand,FollowMe|||F|||50|,,,,,Fairy]Amoonguss||SitrusBerry|Regenerator|Spore,RagePowder,Protect,PollenPuff|||M|||50|,,,,,Water]Sneasler||PsychicSeed|Unburden|DireClaw,Protect,CloseCombat,ThroatChop|||F|||50|,,,,,Dark]Ursaluna-Bloodmoon||ThroatSpray|MindsEye|BloodMoon,HyperVoice,EarthPower,Protect|||M|||50|,,,,,Poison]Volcarona||Leftovers|FlameBody|QuiverDance,FieryDance,GigaDrain,Protect|||M|||50|,,,,,Water
|inactive|Battle timer is ON: inactive players will automatically lose when time's up. (requested by dondozo ftw)
|
|t:|1756693558
|teamsize|p1|4
|teamsize|p2|4
|start
|switch|p1a: Indeedee|Indeedee, L50, M|100/100
|switch|p1b: Ursaluna|Ursaluna-Bloodmoon, L50, M|100/100
|switch|p2a: Sneasler|Sneasler, L50, F, shiny|100/100
|switch|p2b: Hat Guy|Hatterene, L50, F, shiny|100/100
|-fieldstart|move: Psychic Terrain|[from] ability: Psychic Surge|[of] p1a: Indeedee
|-enditem|p2a: Sneasler|Psychic Seed
|-boost|p2a: Sneasler|spd|1|[from] item: Psychic Seed
|turn|1
|
|t:|1756693575
|-terastallize|p2a: Sneasler|Dark
|move|p1a: Indeedee|Protect|p1a: Indeedee
|-singleturn|p1a: Indeedee|Protect
|move|p1b: Ursaluna|Protect|p1b: Ursaluna
|-singleturn|p1b: Ursaluna|Protect
|move|p2a: Sneasler|Close Combat|p1b: Ursaluna
|-activate|p1b: Ursaluna|move: Protect
|move|p2b: Hat Guy|Dazzling Gleam|p1a: Indeedee|[spread] 
|-activate|p1a: Indeedee|move: Protect
|-activate|p1b: Ursaluna|move: Protect
|
|upkeep
|turn|2
|
|t:|1756693592
|move|p2a: Sneasler|Close Combat|p1b: Ursaluna
|-supereffective|p1b: Ursaluna
|-damage|p1b: Ursaluna|2/100
|-unboost|p2a: Sneasler|def|1
|-unboost|p2a: Sneasler|spd|1
|move|p1a: Indeedee|Expanding Force|p2b: Hat Guy|[spread] p2b
|-immune|p2a: Sneasler
|-resisted|p2b: Hat Guy
|-damage|p2b: Hat Guy|75/100
|move|p1b: Ursaluna|Blood Moon|p2a: Sneasler
|-damage|p2a: Sneasler|0 fnt
|faint|p2a: Sneasler
|-damage|p1b: Ursaluna|0 fnt|[from] item: Life Orb
|faint|p1b: Ursaluna
|move|p2b: Hat Guy|Dazzling Gleam|p1a: Indeedee
|-damage|p1a: Indeedee|14/100
|-damage|p2b: Hat Guy|65/100|[from] item: Life Orb
|
|upkeep
|
|t:|1756693613
|switch|p2a: Broken Guy|Indeedee-F, L50, F, shiny|100/100
|switch|p1b: Dondozo|Dondozo, L50, M, shiny|100/100
|turn|3
|
|t:|1756693623
|switch|p1a: Tatsugiri|Tatsugiri, L50, M|100/100
|-activate|p1a: Tatsugiri|ability: Commander|[of] p1b: Dondozo
|-boost|p1b: Dondozo|atk|2
|-boost|p1b: Dondozo|spa|2
|-boost|p1b: Dondozo|spe|2
|-boost|p1b: Dondozo|def|2
|-boost|p1b: Dondozo|spd|2
|move|p2a: Broken Guy|Follow Me|p2a: Broken Guy
|-singleturn|p2a: Broken Guy|move: Follow Me
|move|p1b: Dondozo|Earthquake|p2b: Hat Guy|[spread] p2a,p2b
|-miss|p1b: Dondozo|p1a: Tatsugiri
|-damage|p2a: Broken Guy|66/100
|-damage|p2b: Hat Guy|27/100
|move|p2b: Hat Guy|Trick Room|p2b: Hat Guy
|-fieldstart|move: Trick Room|[of] p2b: Hat Guy
|
|upkeep
|turn|4
|
|t:|1756693643
|move|p2b: Hat Guy|Protect|p2b: Hat Guy
|-singleturn|p2b: Hat Guy|Protect
|move|p1b: Dondozo|Protect|p1b: Dondozo
|-singleturn|p1b: Dondozo|Protect
|move|p2a: Broken Guy|Psychic|p1b: Dondozo
|-activate|p1b: Dondozo|move: Protect
|
|upkeep
|turn|5
|
|t:|1756693655
|move|p2b: Hat Guy|Expanding Force|p1b: Dondozo|[spread] p1b
|-miss|p2b: Hat Guy|p1a: Tatsugiri
|-damage|p1b: Dondozo|64/100
|-damage|p2b: Hat Guy|17/100|[from] item: Life Orb
|move|p2a: Broken Guy|Psychic|p1b: Dondozo
|-damage|p1b: Dondozo|49/100
|move|p1b: Dondozo|Earthquake|p2b: Hat Guy|[spread] p2a,p2b
|-miss|p1b: Dondozo|p1a: Tatsugiri
|-damage|p2a: Broken Guy|33/100
|-damage|p2b: Hat Guy|0 fnt
|faint|p2b: Hat Guy
|
|-heal|p1b: Dondozo|55/100|[from] item: Leftovers
|-fieldend|move: Psychic Terrain
|upkeep
|
|t:|1756693671
|switch|p2b: Ursaluna|Ursaluna-Bloodmoon, L50, M|100/100
|turn|6
|
|t:|1756693678
|move|p1b: Dondozo|Protect|p1b: Dondozo
|-singleturn|p1b: Dondozo|Protect
|move|p2b: Ursaluna|Blood Moon|p1b: Dondozo
|-activate|p1b: Dondozo|move: Protect
|move|p2a: Broken Guy|Psychic|p1b: Dondozo
|-activate|p1b: Dondozo|move: Protect
|
|-heal|p1b: Dondozo|61/100|[from] item: Leftovers
|upkeep
|turn|7
|c|☆dondozo ftw|like
|
|t:|1756693695
|move|p2a: Broken Guy|Helping Hand|p2b: Ursaluna
|-singleturn|p2b: Ursaluna|Helping Hand|[of] p2a: Broken Guy
|move|p2b: Ursaluna|Hyper Voice|p1b: Dondozo|[spread] p1b
|-miss|p2b: Ursaluna|p1a: Tatsugiri
|-damage|p1b: Dondozo|38/100
|-enditem|p2b: Ursaluna|Throat Spray
|-boost|p2b: Ursaluna|spa|1|[from] item: Throat Spray
|move|p1b: Dondozo|Earthquake|p2a: Broken Guy|[spread] p2a,p2b
|-miss|p1b: Dondozo|p1a: Tatsugiri
|-damage|p2a: Broken Guy|0 fnt
|-damage|p2b: Ursaluna|76/100
|faint|p2a: Broken Guy
|
|-heal|p1b: Dondozo|44/100|[from] item: Leftovers
|-fieldend|move: Trick Room
|upkeep
|turn|8
|
|t:|1756693716
|move|p1b: Dondozo|Wave Crash|p2b: Ursaluna
|-supereffective|p2b: Ursaluna
|-damage|p2b: Ursaluna|0 fnt
|faint|p2b: Ursaluna
|-damage|p1b: Dondozo|20/100|[from] Recoil
|
|win|dondozo ftw
|raw|dondozo ftw's rating: 1171 → 1196(+25 for winning)
|raw|Oldenewguy's rating: 1169 → 1144(-25 for losing)
|l|☆Oldenewguy
|player|p2|
