|j|☆spongebob601
|j|☆goldenchimchar
|html|spongebob601goldenchimchar    
|uhtml|bestof|Game 3 of a best-of-3
|t:|1756340100
|gametype|doubles
|player|p1|spongebob601|169|1069
|player|p2|goldenchimchar|hilbert|1093
|gen|9
|tier|[Gen 9] VGC 2025 Reg H (Bo3)
|rated|
|rule|Species Clause: Limit one of each Pokémon
|rule|Item Clause: Limit 1 of each item
|clearpoke
|poke|p1|Porygon2, L50|
|poke|p1|Ursaluna-Bloodmoon, L50, M|
|poke|p1|Dragonite, L50, F|
|poke|p1|Grimmsnarl, L50, M|
|poke|p1|Incineroar, L50, M|
|poke|p1|Milotic, L50, F|
|poke|p2|Basculegion, L50, M|
|poke|p2|Rillaboom, L50, M|
|poke|p2|Dragonite, L50, M|
|poke|p2|Kingambit, L50, F|
|poke|p2|Volcarona, L50, M|
|poke|p2|Sneasler, L50, F|
|teampreview|4
|showteam|p1|Porygon2||Eviolite|Download|TeraBlast,TrickRoom,Recover,IceBeam||||||50|,,,,,Flying]Ursaluna-Bloodmoon||Leftovers|MindsEye|CalmMind,Protect,HyperVoice,EarthPower|||M|||50|,,,,,Ghost]Dragonite||LoadedDice|Multiscale|Tailwind,Encore,ScaleShot,ExtremeSpeed|||F|||50|,,,,,Normal]Grimmsnarl||LightClay|Prankster|SpiritBreak,LightScreen,Reflect,ThunderWave|||M|||50|,,,,,Ghost]Incineroar||SafetyGoggles|Intimidate|KnockOff,Taunt,FakeOut,PartingShot|||M|||50|,,,,,Fairy]Milotic||SitrusBerry|Competitive|Recover,MuddyWater,Scald,Haze|||F|||50|,,,,,Grass
|showteam|p2|Basculegion||ChoiceScarf|Adaptability|LastRespects,WaveCrash,FlipTurn,TeraBlast|||M|||50|,,,,,Grass]Rillaboom||AssaultVest|GrassySurge|GrassyGlide,FakeOut,WoodHammer,Uturn|||M|||50|,,,,,Fire]Dragonite||LoadedDice|Multiscale|ScaleShot,Protect,Haze,ExtremeSpeed|||M|||50|,,,,,Fairy]Kingambit||BlackGlasses|Defiant|SuckerPunch,KowtowCleave,Protect,SwordsDance|||F|||50|,,,,,Ghost]Volcarona||CovertCloak|FlameBody|HeatWave,StruggleBug,RagePowder,Tailwind|||M|||50|,,,,,Fairy]Sneasler||GrassySeed|Unburden|CloseCombat,DireClaw,Protect,ThroatChop|||F|||50|,,,,,Dark
|inactive|Battle timer is ON: inactive players will automatically lose when time's up. (requested by spongebob601)
|inactive|spongebob601 has 60 seconds left.
|
|t:|1756340137
|teamsize|p1|4
|teamsize|p2|4
|start
|switch|p1a: Dragonite|Dragonite, L50, F|100/100
|switch|p1b: Incineroar|Incineroar, L50, M|100/100
|switch|p2a: Kingambit|Kingambit, L50, F|100/100
|switch|p2b: Volcarona|Volcarona, L50, M|100/100
|-ability|p1b: Incineroar|Intimidate|boost
|-unboost|p2a: Kingambit|atk|1
|-ability|p2a: Kingambit|Defiant|boost
|-boost|p2a: Kingambit|atk|2
|-unboost|p2b: Volcarona|atk|1
|turn|1
|inactive|spongebob601 has 30 seconds left.
|
|t:|1756340168
|move|p2a: Kingambit|Protect|p2a: Kingambit
|-singleturn|p2a: Kingambit|Protect
|move|p1b: Incineroar|Fake Out|p2b: Volcarona
|-damage|p2b: Volcarona|89/100
|move|p2b: Volcarona|Tailwind|p2b: Volcarona
|-sidestart|p2: goldenchimchar|move: Tailwind
|move|p1a: Dragonite|Tailwind|p1a: Dragonite
|-sidestart|p1: spongebob601|move: Tailwind
|
|upkeep
|turn|2
|inactive|spongebob601 has 30 seconds left.
|
|t:|1756340195
|move|p2b: Volcarona|Heat Wave|p1a: Dragonite|[spread] p1b
|-miss|p2b: Volcarona|p1a: Dragonite
|-resisted|p1b: Incineroar
|-damage|p1b: Incineroar|86/100
|move|p1a: Dragonite|Encore|p2a: Kingambit
|-start|p2a: Kingambit|Encore
|move|p1b: Incineroar|Parting Shot|p2b: Volcarona
|-unboost|p2b: Volcarona|atk|1
|-unboost|p2b: Volcarona|spa|1
|
|t:|1756340208
|switch|p1b: Milotic|Milotic, L50, F|100/100|[from] Parting Shot
|move|p2a: Kingambit|Protect||[still]
|-fail|p2a: Kingambit
|
|upkeep
|turn|3
|
|t:|1756340224
|switch|p2a: Rillaboom|Rillaboom, L50, M|100/100
|-fieldstart|move: Grassy Terrain|[from] ability: Grassy Surge|[of] p2a: Rillaboom
|move|p2b: Volcarona|Heat Wave|p1b: Milotic|[spread] p1a,p1b
|-resisted|p1a: Dragonite
|-resisted|p1b: Milotic
|-damage|p1a: Dragonite|95/100
|-damage|p1b: Milotic|92/100
|move|p1a: Dragonite|Scale Shot|p2b: Volcarona
|-damage|p2b: Volcarona|73/100
|-damage|p2b: Volcarona|55/100
|-damage|p2b: Volcarona|39/100
|-damage|p2b: Volcarona|23/100
|-hitcount|p2b: Volcarona|4
|-unboost|p1a: Dragonite|def|1
|-boost|p1a: Dragonite|spe|1
|move|p1b: Milotic|Muddy Water|p2a: Rillaboom|[spread] p2a,p2b
|-resisted|p2a: Rillaboom
|-supereffective|p2b: Volcarona
|-damage|p2a: Rillaboom|91/100
|-damage|p2b: Volcarona|0 fnt
|faint|p2b: Volcarona
|
|-heal|p2a: Rillaboom|97/100|[from] Grassy Terrain
|-heal|p1b: Milotic|98/100|[from] Grassy Terrain
|upkeep
|
|t:|1756340236
|switch|p2b: Sneasler|Sneasler, L50, F|100/100
|-enditem|p2b: Sneasler|Grassy Seed
|-boost|p2b: Sneasler|def|1|[from] item: Grassy Seed
|turn|4
|inactive|spongebob601 has 30 seconds left.
|inactive|goldenchimchar has 30 seconds left.
|inactive|spongebob601 has 20 seconds left.
|inactive|spongebob601 has 15 seconds left.
|
|t:|1756340280
|switch|p2a: Kingambit|Kingambit, L50, F|100/100
|-terastallize|p1b: Milotic|Grass
|move|p1a: Dragonite|Extreme Speed|p2b: Sneasler
|-damage|p2b: Sneasler|66/100
|move|p2b: Sneasler|Dire Claw|p1a: Dragonite
|-damage|p1a: Dragonite|31/100
|-status|p1a: Dragonite|slp
|move|p1b: Milotic|Scald|p2b: Sneasler
|-damage|p2b: Sneasler|22/100
|-status|p2b: Sneasler|brn
|
|-heal|p2b: Sneasler|27/100 brn|[from] Grassy Terrain
|-heal|p1b: Milotic|100/100|[from] Grassy Terrain
|-damage|p2b: Sneasler|22/100 brn|[from] brn
|-sideend|p1: spongebob601|move: Tailwind
|-sideend|p2: goldenchimchar|move: Tailwind
|upkeep
|turn|5
|inactive|spongebob601 has 30 seconds left.
|
|t:|1756340311
|cant|p1a: Dragonite|slp
|move|p2b: Sneasler|Dire Claw|p1b: Milotic
|-supereffective|p1b: Milotic
|-damage|p1b: Milotic|63/100
|move|p1b: Milotic|Muddy Water|p2b: Sneasler|[spread] p2a,p2b
|-crit|p2a: Kingambit
|-damage|p2a: Kingambit|56/100
|-damage|p2b: Sneasler|0 fnt
|faint|p2b: Sneasler
|move|p2a: Kingambit|Kowtow Cleave|p1a: Dragonite
|-damage|p1a: Dragonite|0 fnt
|faint|p1a: Dragonite
|
|-heal|p1b: Milotic|69/100|[from] Grassy Terrain
|-heal|p2a: Kingambit|61/100|[from] Grassy Terrain
|upkeep
|
|t:|1756340326
|switch|p2b: Rillaboom|Rillaboom, L50, M|97/100
|switch|p1a: Ursaluna|Ursaluna-Bloodmoon, L50, M|100/100
|turn|6
|inactive|spongebob601 has 30 seconds left.
|
|t:|1756340356
|move|p2b: Rillaboom|Wood Hammer|p1a: Ursaluna
|-supereffective|p1a: Ursaluna
|-damage|p1a: Ursaluna|0 fnt
|faint|p1a: Ursaluna
|-damage|p2b: Rillaboom|62/100|[from] Recoil
|move|p1b: Milotic|Scald|p2a: Kingambit
|-damage|p2a: Kingambit|28/100
|move|p2a: Kingambit|Kowtow Cleave|p1b: Milotic
|-damage|p1b: Milotic|15/100
|-enditem|p1b: Milotic|Sitrus Berry|[eat]
|-heal|p1b: Milotic|40/100|[from] item: Sitrus Berry
|
|-heal|p2b: Rillaboom|68/100|[from] Grassy Terrain
|-heal|p1b: Milotic|46/100|[from] Grassy Terrain
|-heal|p2a: Kingambit|33/100|[from] Grassy Terrain
|upkeep
|
|t:|1756340373
|switch|p1a: Incineroar|Incineroar, L50, M|86/100
|-ability|p1a: Incineroar|Intimidate|boost
|-unboost|p2a: Kingambit|atk|1
|-ability|p2a: Kingambit|Defiant|boost
|-boost|p2a: Kingambit|atk|2
|-unboost|p2b: Rillaboom|atk|1
|turn|7
|inactive|spongebob601 has 30 seconds left.
|inactive|goldenchimchar has 30 seconds left.
|inactive|spongebob601 has 20 seconds left.
|
|t:|1756340409
|move|p2a: Kingambit|Protect|p2a: Kingambit
|-singleturn|p2a: Kingambit|Protect
|move|p1a: Incineroar|Fake Out|p2a: Kingambit
|-activate|p2a: Kingambit|move: Protect
|move|p2b: Rillaboom|U-turn|p1b: Milotic
|-supereffective|p1b: Milotic
|-damage|p1b: Milotic|17/100
|move|p1b: Milotic|Recover|p1b: Milotic
|-heal|p1b: Milotic|67/100
|
|-heal|p2b: Rillaboom|73/100|[from] Grassy Terrain
|-heal|p1b: Milotic|73/100|[from] Grassy Terrain
|-heal|p1a: Incineroar|92/100|[from] Grassy Terrain
|-heal|p2a: Kingambit|39/100|[from] Grassy Terrain
|-fieldend|move: Grassy Terrain
|upkeep
|turn|8
|inactive|spongebob601 has 30 seconds left.
|
|t:|1756340437
|move|p2a: Kingambit|Sucker Punch|p1b: Milotic
|-damage|p1b: Milotic|11/100
|move|p2b: Rillaboom|U-turn|p1b: Milotic
|-supereffective|p1b: Milotic
|-damage|p1b: Milotic|0 fnt
|faint|p1b: Milotic
|move|p1a: Incineroar|Knock Off|p2a: Kingambit
|-resisted|p2a: Kingambit
|-damage|p2a: Kingambit|26/100
|-enditem|p2a: Kingambit|Black Glasses|[from] move: Knock Off|[of] p1a: Incineroar
|
|upkeep
|turn|9
|-message|spongebob601 forfeited.
|raw|spongebob601's rating: 1069 → 1050(-19 for losing)
|raw|goldenchimchar's rating: 1093 → 1117(+24 for winning)
|
|win|goldenchimchar
|c|☆goldenchimchar|gg
