|j|☆KodeBeast0526
|j|☆ennuismile
|html|KodeBeast0526ennuismile    
|uhtml|bestof|Game 3 of a best-of-3
|t:|1784233811
|gametype|doubles
|player|p1|KodeBeast0526|hiker|1170
|player|p2|ennuismile|cheryl|1278
|gen|9
|tier|[Gen 9 Champions] VGC 2026 Reg M-B (Bo3)
|rated|
|rule|Species Clause: Limit one of each Pokémon
|rule|Item Clause: Limit 1 of each item
|clearpoke
|poke|p1|Aerodactyl, L50, M|
|poke|p1|Kingambit, L50, M|
|poke|p1|Sylveon, L50, M|
|poke|p1|Garchomp, L50, M|
|poke|p1|Charizard, L50, M|
|poke|p1|Incineroar, L50, M|
|poke|p2|Charizard, L50, M|
|poke|p2|Pelipper, L50, M|
|poke|p2|Archaludon, L50, F|
|poke|p2|Grimmsnarl, L50, M, shiny|
|poke|p2|Basculegion, L50, M|
|poke|p2|Venusaur, L50, F|
|teampreview|4
|showteam|p1|Aerodactyl||Aerodactylite|Unnerve|RockSlide,IceFang,Tailwind,WideGuard|Jolly||M|||50|]Kingambit||FocusSash|Defiant|KowtowCleave,SuckerPunch,IronHead,Protect|Adamant||M|||50|]Sylveon||FairyFeather|Pixilate|Detect,HyperVoice,HyperBeam,QuickAttack|Modest||M|||50|]Garchomp||LifeOrb|RoughSkin|Earthquake,DragonClaw,StompingTantrum,Protect|Jolly||M|||50|]Charizard||CharizarditeY|Blaze|Protect,HeatWave,SolarBeam,WeatherBall|Modest||M|||50|]Incineroar||SitrusBerry|Intimidate|DarkestLariat,FlareBlitz,FakeOut,PartingShot|Impish||M|||50|
|showteam|p2|Charizard||CharizarditeY|Blaze|WeatherBall,HeatWave,Protect,SolarBeam|Modest||M|||50|]Pelipper||SitrusBerry|Drizzle|WeatherBall,Tailwind,Hurricane,WideGuard|Modest||M|||50|]Archaludon||Leftovers|Stamina|Protect,ElectroShot,FlashCannon,DragonPulse|Bold||F|||50|]Grimmsnarl||LightClay|Prankster|PartingShot,SpiritBreak,LightScreen,Reflect|Careful||M|||50|]Basculegion||ChoiceScarf|Adaptability|AquaJet,FlipTurn,WaveCrash,LastRespects|Adamant||M|||50|]Venusaur||FocusSash|Chlorophyll|EarthPower,SludgeBomb,Protect,SleepPowder|Modest||F|||50|
|inactive|Battle timer is ON: inactive players will automatically lose when time's up. (requested by ennuismile)
|
|t:|1784233839
|teamsize|p1|4
|teamsize|p2|4
|start
|switch|p1a: Incineroar|Incineroar, L50, M|100/100
|switch|p1b: Kingambit|Kingambit, L50, M|100/100
|switch|p2a: Charizard|Charizard, L50, M|100/100
|switch|p2b: Grimmsnarl|Grimmsnarl, L50, M, shiny|100/100
|-ability|p1a: Incineroar|Intimidate|boost
|-unboost|p2a: Charizard|atk|1
|-unboost|p2b: Grimmsnarl|atk|1
|turn|1
|
|t:|1784233858
|detailschange|p2a: Charizard|Charizard-Mega-Y, L50, M
|-mega|p2a: Charizard|Charizard|Charizardite Y
|-weather|SunnyDay|[from] ability: Drought|[of] p2a: Charizard
|move|p1a: Incineroar|Fake Out|p2a: Charizard
|-damage|p2a: Charizard|90/100
|move|p2b: Grimmsnarl|Reflect|p2b: Grimmsnarl
|-sidestart|p2: ennuismile|Reflect
|cant|p2a: Charizard|flinch
|move|p1b: Kingambit|Iron Head|p2b: Grimmsnarl
|-supereffective|p2b: Grimmsnarl|1
|-damage|p2b: Grimmsnarl|36/100
|
|-weather|SunnyDay|[upkeep]
|upkeep
|turn|2
|
|t:|1784233876
|move|p1b: Kingambit|Sucker Punch|p2a: Charizard
|-damage|p2a: Charizard|62/100
|move|p2b: Grimmsnarl|Light Screen|p2b: Grimmsnarl
|-sidestart|p2: ennuismile|move: Light Screen
|move|p2a: Charizard|Heat Wave|p1b: Kingambit|[spread] p1a,p1b
|-resisted|p1a: Incineroar|1
|-supereffective|p1b: Kingambit|1
|-damage|p1a: Incineroar|73/100
|-enditem|p1b: Kingambit|Focus Sash
|-damage|p1b: Kingambit|1/100
|move|p1a: Incineroar|Flare Blitz|p2a: Charizard
|-resisted|p2a: Charizard|1
|-damage|p2a: Charizard|38/100
|-damage|p1a: Incineroar|66/100|[from] Recoil
|
|-weather|SunnyDay|[upkeep]
|upkeep
|turn|3
|
|t:|1784233896
|move|p2a: Charizard|Protect|p2a: Charizard
|-singleturn|p2a: Charizard|Protect
|move|p1b: Kingambit|Protect|p1b: Kingambit
|-singleturn|p1b: Kingambit|Protect
|move|p2b: Grimmsnarl|Spirit Break|p1b: Kingambit
|-activate|p1b: Kingambit|move: Protect
|move|p1a: Incineroar|Flare Blitz|p2b: Grimmsnarl
|-damage|p2b: Grimmsnarl|0 fnt
|faint|p2b: Grimmsnarl
|-damage|p1a: Incineroar|54/100|[from] Recoil
|
|-weather|SunnyDay|[upkeep]
|upkeep
|
|t:|1784233901
|switch|p2b: Venusaur|Venusaur, L50, F|100/100
|turn|4
|
|t:|1784233912
|move|p1b: Kingambit|Sucker Punch|p2a: Charizard
|-damage|p2a: Charizard|12/100
|move|p2b: Venusaur|Earth Power|p1a: Incineroar
|-supereffective|p1a: Incineroar|1
|-damage|p1a: Incineroar|0 fnt
|faint|p1a: Incineroar
|move|p2a: Charizard|Heat Wave|p1b: Kingambit
|-supereffective|p1b: Kingambit|1
|-damage|p1b: Kingambit|0 fnt
|faint|p1b: Kingambit
|
|-weather|SunnyDay|[upkeep]
|upkeep
|
|t:|1784233920
|switch|p1b: Garchomp|Garchomp, L50, M|100/100
|switch|p1a: Aerodactyl|Aerodactyl, L50, M|100/100
|-ability|p1a: Aerodactyl|Unnerve
|turn|5
|
|t:|1784233929
|detailschange|p1a: Aerodactyl|Aerodactyl-Mega, L50, M
|-mega|p1a: Aerodactyl|Aerodactyl|Aerodactylite
|move|p2a: Charizard|Protect|p2a: Charizard
|-singleturn|p2a: Charizard|Protect
|move|p2b: Venusaur|Sleep Powder|p1a: Aerodactyl
|-status|p1a: Aerodactyl|slp|[from] move: Sleep Powder
|cant|p1a: Aerodactyl|slp
|move|p1b: Garchomp|Stomping Tantrum|p2b: Venusaur
|-damage|p2b: Venusaur|50/100g
|-damage|p1b: Garchomp|90/100|[from] item: Life Orb
|
|-weather|none
|upkeep
|turn|6
|
|t:|1784233946
|switch|p2a: Pelipper|Pelipper, L50, M|100/100
|-weather|RainDance|[from] ability: Drizzle|[of] p2a: Pelipper
|cant|p1a: Aerodactyl|slp
|move|p1b: Garchomp|Dragon Claw|p2a: Pelipper
|-damage|p2a: Pelipper|67/100
|-damage|p1b: Garchomp|80/100|[from] item: Life Orb
|move|p2b: Venusaur|Sleep Powder|p1b: Garchomp|[miss]
|-miss|p2b: Venusaur|p1b: Garchomp
|
|-weather|RainDance|[upkeep]
|upkeep
|turn|7
|
|t:|1784233961
|move|p2b: Venusaur|Protect|p2b: Venusaur
|-singleturn|p2b: Venusaur|Protect
|-curestatus|p1a: Aerodactyl|slp|[msg]
|move|p1a: Aerodactyl|Rock Slide|p2a: Pelipper|[spread] p2a
|-activate|p2b: Venusaur|move: Protect
|-supereffective|p2a: Pelipper|1
|-damage|p2a: Pelipper|32/100
|-enditem|p2a: Pelipper|Sitrus Berry|[eat]
|-heal|p2a: Pelipper|57/100|[from] item: Sitrus Berry
|move|p1b: Garchomp|Stomping Tantrum|p2b: Venusaur
|-activate|p2b: Venusaur|move: Protect
|cant|p2a: Pelipper|flinch
|
|-weather|RainDance|[upkeep]
|upkeep
|turn|8
|
|t:|1784233981
|switch|p2a: Charizard|Charizard-Mega-Y, L50, M|12/100
|-weather|SunnyDay|[from] ability: Drought|[of] p2a: Charizard
|move|p2b: Venusaur|Sleep Powder|p1a: Aerodactyl
|-status|p1a: Aerodactyl|slp|[from] move: Sleep Powder
|cant|p1a: Aerodactyl|slp
|move|p1b: Garchomp|Dragon Claw|p2a: Charizard
|-damage|p2a: Charizard|0 fnt
|faint|p2a: Charizard
|-damage|p1b: Garchomp|70/100|[from] item: Life Orb
|
|-weather|SunnyDay|[upkeep]
|-sideend|p2: ennuismile|Reflect
|upkeep
|
|t:|1784233990
|switch|p2a: Pelipper|Pelipper, L50, M|57/100
|-weather|RainDance|[from] ability: Drizzle|[of] p2a: Pelipper
|turn|9
|
|t:|1784233999
|-curestatus|p1a: Aerodactyl|slp|[msg]
|move|p1a: Aerodactyl|Ice Fang|p2b: Venusaur|[miss]
|-miss|p1a: Aerodactyl|p2b: Venusaur
|move|p1b: Garchomp|Dragon Claw|p2a: Pelipper
|-damage|p2a: Pelipper|1/100
|-damage|p1b: Garchomp|60/100|[from] item: Life Orb
|move|p2b: Venusaur|Sleep Powder|p1b: Garchomp
|-status|p1b: Garchomp|slp|[from] move: Sleep Powder
|move|p2a: Pelipper|Weather Ball|p1a: Aerodactyl
|-supereffective|p1a: Aerodactyl|1
|-damage|p1a: Aerodactyl|0 fnt
|faint|p1a: Aerodactyl
|
|-weather|RainDance|[upkeep]
|-sideend|p2: ennuismile|move: Light Screen
|upkeep
|turn|10
|
|t:|1784234015
|cant|p1b: Garchomp|slp
|move|p2b: Venusaur|Earth Power|p1b: Garchomp
|-damage|p1b: Garchomp|25/100 slp
|move|p2a: Pelipper|Weather Ball|p1b: Garchomp
|-damage|p1b: Garchomp|0 fnt
|faint|p1b: Garchomp
|
|win|ennuismile
|raw|KodeBeast0526's rating: 1170 → 1153(-17 for losing)
|raw|ennuismile's rating: 1278 → 1295(+17 for winning)
|l|☆ennuismile
|player|p2|
|c|☆KodeBeast0526|Jesus you got so lucky man
