|j|☆lettitripppp
|j|☆KatKraydel
|html|lettitrippppKatKraydel    
|uhtml|bestof|Game 1 of a best-of-3
|t:|1785014167
|gametype|doubles
|player|p1|lettitripppp|lucas|1187
|player|p2|KatKraydel|lebanne|1358
|gen|9
|tier|[Gen 9 Champions] VGC 2026 Reg M-B (Bo3)
|rated|
|rule|Species Clause: Limit one of each Pokémon
|rule|Item Clause: Limit 1 of each item
|clearpoke
|poke|p1|Aerodactyl, L50, F|
|poke|p1|Charizard, L50, F|
|poke|p1|Farigiraf, L50, F|
|poke|p1|Garchomp, L50, F|
|poke|p1|Sylveon, L50, F|
|poke|p1|Kingambit, L50, F|
|poke|p2|Garchomp, L50, F|
|poke|p2|Whimsicott, L50, M|
|poke|p2|Kingambit, L50, M|
|poke|p2|Hawlucha, L50, M|
|poke|p2|Ceruledge, L50, F|
|poke|p2|Ninetales-Alola, L50, M|
|teampreview|4
|showteam|p1|Aerodactyl||Aerodactylite|Unnerve|DualWingbeat,RockSlide,Tailwind,IceFang|Jolly||F|||50|]Charizard||CharizarditeY|Blaze|WeatherBall,SolarBeam,HeatWave,Protect|Modest||F|||50|]Farigiraf||SitrusBerry|ArmorTail|Thunderbolt,TrickRoom,TwinBeam,Roar|Calm||F|||50|]Garchomp||LifeOrb|RoughSkin|StompingTantrum,DragonClaw,Earthquake,Protect|Jolly||F|||50|]Sylveon||FairyFeather|Pixilate|QuickAttack,HyperBeam,HyperVoice,Detect|Modest||F|||50|]Kingambit||FocusSash|Defiant|KowtowCleave,SuckerPunch,IronHead,LowKick|Adamant||F|||50|
|showteam|p2|Garchomp||LifeOrb|RoughSkin|StompingTantrum,DragonClaw,RockSlide,Protect|Jolly||F|||50|]Whimsicott||FocusSash|Prankster|Moonblast,Tailwind,LightScreen,Protect|Timid||M|||50|]Kingambit||BlackGlasses|Defiant|KowtowCleave,SuckerPunch,IronHead,Protect|Adamant||M|||50|]Hawlucha||Hawluchanite|MoldBreaker|CloseCombat,BraveBird,StoneEdge,Protect|Adamant||M|||50|]Ceruledge||ColburBerry|FlashFire|BitterBlade,ShadowSneak,BulkUp,Protect|Adamant||F|||50|]Ninetales-Alola||NeverMeltIce|SnowWarning|Blizzard,FreezeDry,Encore,Protect|Timid||M|||50|
|inactive|Battle timer is ON: inactive players will automatically lose when time's up. (requested by lettitripppp)
|inactive|lettitripppp has 60 seconds left.
|inactive|KatKraydel has 60 seconds left.
|
|t:|1785014208
|teamsize|p1|4
|teamsize|p2|4
|start
|switch|p1a: GENERAL BLADUS|Kingambit, L50, F|100/100
|switch|p1b: MAGICAL NECK|Farigiraf, L50, F|100/100
|switch|p2a: Hawlucha|Hawlucha, L50, M|100/100
|switch|p2b: Ninetales|Ninetales-Alola, L50, M|100/100
|-ability|p2a: Hawlucha|Mold Breaker
|-weather|Snowscape|[from] ability: Snow Warning|[of] p2b: Ninetales
|turn|1
|
|t:|1785014221
|detailschange|p2a: Hawlucha|Hawlucha-Mega, L50, M
|-mega|p2a: Hawlucha|Hawlucha|Hawluchanite
|move|p2b: Ninetales|Blizzard|p1a: GENERAL BLADUS|[spread] p1a,p1b
|-resisted|p1a: GENERAL BLADUS|1
|-damage|p1a: GENERAL BLADUS|80/100
|-damage|p1b: MAGICAL NECK|73/100
|move|p2a: Hawlucha|Close Combat|p1a: GENERAL BLADUS
|-supereffective|p1a: GENERAL BLADUS|2
|-damage|p1a: GENERAL BLADUS|0 fnt
|-unboost|p2a: Hawlucha|def|1
|-unboost|p2a: Hawlucha|spd|1
|faint|p1a: GENERAL BLADUS
|move|p1b: MAGICAL NECK|Trick Room|p1b: MAGICAL NECK
|-fieldstart|move: Trick Room|[of] p1b: MAGICAL NECK
|
|-weather|Snowscape|[upkeep]
|upkeep
|
|t:|1785014230
|switch|p1a: PIKU BEAM|Sylveon, L50, F|100/100
|turn|2
|
|t:|1785014236
|switch|p2a: Ceruledge|Ceruledge, L50, F|100/100
|move|p1b: MAGICAL NECK|Twin Beam|p2b: Ninetales
|-damage|p2b: Ninetales|83/100
|-crit|p2b: Ninetales
|-damage|p2b: Ninetales|59/100
|-hitcount|p2b: Ninetales|2
|move|p1a: PIKU BEAM|Hyper Voice|p2a: Ceruledge|[spread] p2a,p2b
|-resisted|p2a: Ceruledge|1
|-damage|p2a: Ceruledge|75/100
|-damage|p2b: Ninetales|4/100
|move|p2b: Ninetales|Blizzard|p1a: PIKU BEAM|[spread] p1a,p1b
|-damage|p1a: PIKU BEAM|73/100
|-damage|p1b: MAGICAL NECK|47/100
|-status|p1b: MAGICAL NECK|frz
|-enditem|p1b: MAGICAL NECK|Sitrus Berry|[eat]
|-heal|p1b: MAGICAL NECK|72/100 frz|[from] item: Sitrus Berry
|
|-weather|Snowscape|[upkeep]
|upkeep
|turn|3
|
|t:|1785014256
|switch|p2b: Kingambit|Kingambit, L50, M|100/100
|cant|p1b: MAGICAL NECK|frz
|move|p1a: PIKU BEAM|Hyper Voice|p2a: Ceruledge|[spread] p2a,p2b
|-resisted|p2a: Ceruledge|1
|-damage|p2a: Ceruledge|52/100
|-damage|p2b: Kingambit|50/100g
|move|p2a: Ceruledge|Bulk Up|p2a: Ceruledge
|-boost|p2a: Ceruledge|atk|1
|-boost|p2a: Ceruledge|def|1
|
|-weather|Snowscape|[upkeep]
|upkeep
|turn|4
|
|t:|1785014272
|move|p2b: Kingambit|Kowtow Cleave|p1b: MAGICAL NECK
|-supereffective|p1b: MAGICAL NECK|1
|-damage|p1b: MAGICAL NECK|0 fnt
|faint|p1b: MAGICAL NECK
|move|p1a: PIKU BEAM|Hyper Beam|p2a: Ceruledge
|-resisted|p2a: Ceruledge|1
|-damage|p2a: Ceruledge|0 fnt
|-mustrecharge|p1a: PIKU BEAM
|faint|p2a: Ceruledge
|
|-weather|Snowscape|[upkeep]
|upkeep
|
|t:|1785014285
|switch|p1b: AGNI|Charizard, L50, F|100/100
|switch|p2a: Ninetales|Ninetales-Alola, L50, M|4/100
|turn|5
|
|t:|1785014294
|detailschange|p1b: AGNI|Charizard-Mega-Y, L50, F
|-mega|p1b: AGNI|Charizard|Charizardite Y
|-weather|SunnyDay|[from] ability: Drought|[of] p1b: AGNI
|move|p2b: Kingambit|Iron Head|p1a: PIKU BEAM
|-supereffective|p1a: PIKU BEAM|1
|-damage|p1a: PIKU BEAM|0 fnt
|faint|p1a: PIKU BEAM
|move|p1b: AGNI|Heat Wave|p2b: Kingambit|[spread] p2a,p2b
|-supereffective|p2a: Ninetales|1
|-supereffective|p2b: Kingambit|1
|-damage|p2a: Ninetales|0 fnt
|-damage|p2b: Kingambit|0 fnt
|faint|p2a: Ninetales
|faint|p2b: Kingambit
|
|-weather|SunnyDay|[upkeep]
|-fieldend|move: Trick Room
|upkeep
|
|t:|1785014297
|switch|p2b: Hawlucha|Hawlucha-Mega, L50, M|100/100
|turn|6
|
|t:|1785014302
|move|p2b: Hawlucha|Stone Edge|p1b: AGNI
|-supereffective|p1b: AGNI|2
|-damage|p1b: AGNI|0 fnt
|faint|p1b: AGNI
|
|win|KatKraydel
