|j|☆MetMattone
|j|☆pressinblades
|html|MetMattonepressinblades    
|uhtml|bestof|Game 1 of a best-of-3
|t:|1783454709
|gametype|doubles
|player|p1|MetMattone|iono|1138
|player|p2|pressinblades|steven|1138
|gen|9
|tier|[Gen 9 Champions] VGC 2026 Reg M-B (Bo3)
|rated|
|rule|Species Clause: Limit one of each Pokémon
|rule|Item Clause: Limit 1 of each item
|clearpoke
|poke|p1|Whimsicott, L50, F|
|poke|p1|Floette-Eternal, L50, F|
|poke|p1|Charizard, L50, F|
|poke|p1|Garchomp, L50, F|
|poke|p1|Basculegion, L50, M|
|poke|p1|Kingambit, L50, F|
|poke|p2|Whimsicott, L50, F, shiny|
|poke|p2|Maushold, L50|
|poke|p2|Gardevoir, L50, F, shiny|
|poke|p2|Mamoswine, L50, F|
|poke|p2|Incineroar, L50, F, shiny|
|poke|p2|Rotom-Wash, L50|
|teampreview|4
|showteam|p1|Whimsicott||FocusSash|Prankster|Moonblast,Encore,Tailwind,Protect|Timid||F|||50|]Floette-Eternal||Floettite|FlowerVeil|Moonblast,DazzlingGleam,LightofRuin,Protect|Timid||F|||50|]Charizard||CharizarditeY|Blaze|WeatherBall,Protect,HeatWave,SolarBeam|Modest||F|||50|]Garchomp||LifeOrb|SandVeil|RockSlide,DragonClaw,Earthquake,Protect|Jolly||F|||50|]Basculegion||MysticWater|Adaptability|AquaJet,Protect,WaveCrash,LastRespects|Adamant||M|||50|]Kingambit||BlackGlasses|Defiant|SuckerPunch,KowtowCleave,LowKick,IronHead|Adamant||F|||50|
|showteam|p2|Whimsicott||OccaBerry|Prankster|Tailwind,Moonblast,Encore,LightScreen|Timid||F|||50|]Maushold||FocusSash|FriendGuard|Protect,FollowMe,SuperFang,Taunt|Bold|||||50|]Gardevoir||Gardevoirite|Trace|Protect,TrickRoom,HyperVoice,Psyshock|Modest||F|||50|]Mamoswine||ExpertBelt|Oblivious|Protect,IcicleSpear,RockSlide,HighHorsepower|Adamant||F|||50|]Incineroar||SitrusBerry|Intimidate|FakeOut,ThroatChop,PartingShot,FlareBlitz|Careful||F|||50|]Rotom-Wash||Leftovers|Levitate|Protect,Thunderbolt,HydroPump,WillOWisp|Modest|||||50|
|inactive|Battle timer is ON: inactive players will automatically lose when time's up. (requested by MetMattone)
|inactive|pressinblades has 60 seconds left.
|
|t:|1783454786
|teamsize|p1|4
|teamsize|p2|4
|start
|switch|p1a: Whimsicott|Whimsicott, L50, F|100/100
|switch|p1b: Charizard|Charizard, L50, F|100/100
|switch|p2a: Incineroar|Incineroar, L50, F, shiny|100/100
|switch|p2b: Gardevoir|Gardevoir, L50, F, shiny|100/100
|-ability|p2b: Gardevoir|Blaze|Trace|[from] ability: Trace|[of] p1b: Charizard
|-ability|p2a: Incineroar|Intimidate|boost
|-unboost|p1a: Whimsicott|atk|1
|-unboost|p1b: Charizard|atk|1
|turn|1
|inactive|pressinblades has 30 seconds left.
|inactive|pressinblades has 20 seconds left.
|inactive|pressinblades has 15 seconds left.
|
|t:|1783454828
|detailschange|p1b: Charizard|Charizard-Mega-Y, L50, F
|-mega|p1b: Charizard|Charizard|Charizardite Y
|-weather|SunnyDay|[from] ability: Drought|[of] p1b: Charizard
|detailschange|p2b: Gardevoir|Gardevoir-Mega, L50, F, shiny
|-mega|p2b: Gardevoir|Gardevoir|Gardevoirite
|move|p1a: Whimsicott|Protect|p1a: Whimsicott
|-singleturn|p1a: Whimsicott|Protect
|move|p2a: Incineroar|Fake Out|p1b: Charizard
|-crit|p1b: Charizard
|-damage|p1b: Charizard|85/100
|cant|p1b: Charizard|flinch
|move|p2b: Gardevoir|Trick Room|p2b: Gardevoir
|-fieldstart|move: Trick Room|[of] p2b: Gardevoir
|
|-weather|SunnyDay|[upkeep]
|upkeep
|turn|2
|
|t:|1783454852
|switch|p2b: Rotom|Rotom-Wash, L50|100/100
|move|p1a: Whimsicott|Encore||[still]
|-fail|p1a: Whimsicott
|move|p2a: Incineroar|Parting Shot|p1b: Charizard
|-unboost|p1b: Charizard|atk|1
|-unboost|p1b: Charizard|spa|1
|inactive|pressinblades has 30 seconds left.
|inactive|pressinblades has 20 seconds left.
|
|t:|1783454890
|switch|p2a: Mamoswine|Mamoswine, L50, F|100/100|[from] Parting Shot
|move|p1b: Charizard|Weather Ball|p2b: Rotom
|-resisted|p2b: Rotom|1
|-damage|p2b: Rotom|70/100
|
|-weather|SunnyDay|[upkeep]
|-heal|p2b: Rotom|76/100|[from] item: Leftovers
|upkeep
|turn|3
|
|t:|1783454909
|switch|p1b: Kingambit|Kingambit, L50, F|100/100
|move|p1a: Whimsicott|Protect|p1a: Whimsicott
|-singleturn|p1a: Whimsicott|Protect
|move|p2b: Rotom|Thunderbolt|p1b: Kingambit
|-damage|p1b: Kingambit|53/100
|-status|p1b: Kingambit|par
|move|p2a: Mamoswine|Icicle Spear|p1a: Whimsicott
|-activate|p1a: Whimsicott|move: Protect
|
|-weather|SunnyDay|[upkeep]
|-heal|p2b: Rotom|82/100|[from] item: Leftovers
|upkeep
|turn|4
|inactive|MetMattone has 30 seconds left.
|inactive|pressinblades has 30 seconds left.
|inactive|MetMattone has 20 seconds left.
|inactive|pressinblades has 20 seconds left.
|inactive|pressinblades has 15 seconds left.
|inactive|pressinblades has 10 seconds left.
|
|t:|1783454956
|switch|p1a: Charizard|Charizard-Mega-Y, L50, F|85/100
|move|p1b: Kingambit|Kowtow Cleave|p2b: Rotom
|-damage|p2b: Rotom|14/100
|move|p2b: Rotom|Thunderbolt|p1a: Charizard
|-supereffective|p1a: Charizard|1
|-damage|p1a: Charizard|12/100
|move|p2a: Mamoswine|High Horsepower|p1b: Kingambit
|-supereffective|p1b: Kingambit|1
|-damage|p1b: Kingambit|0 fnt
|faint|p1b: Kingambit
|
|-weather|SunnyDay|[upkeep]
|-heal|p2b: Rotom|20/100y|[from] item: Leftovers
|upkeep
|
|t:|1783454974
|switch|p1b: Basculegion|Basculegion, L50, M|100/100
|turn|5
|inactive|pressinblades has 30 seconds left.
|
|t:|1783455002
|switch|p2b: Incineroar|Incineroar, L50, F, shiny|100/100
|-ability|p2b: Incineroar|Intimidate|boost
|-unboost|p1a: Charizard|atk|1
|-unboost|p1b: Basculegion|atk|1
|switch|p1a: Whimsicott|Whimsicott, L50, F|100/100
|move|p1b: Basculegion|Protect|p1b: Basculegion
|-singleturn|p1b: Basculegion|Protect
|move|p2a: Mamoswine|Rock Slide|p1b: Basculegion|[spread] p1a
|-activate|p1b: Basculegion|move: Protect
|-damage|p1a: Whimsicott|69/100
|
|-weather|none
|-fieldend|move: Trick Room
|upkeep
|turn|6
|inactive|MetMattone has 30 seconds left.
|
|t:|1783455029
|switch|p2b: Rotom|Rotom-Wash, L50|20/100y
|move|p1a: Whimsicott|Moonblast|p2a: Mamoswine
|-damage|p2a: Mamoswine|46/100
|move|p2a: Mamoswine|Icicle Spear|p1a: Whimsicott
|-supereffective|p1a: Whimsicott|1
|-damage|p1a: Whimsicott|21/100
|-supereffective|p1a: Whimsicott|1
|-damage|p1a: Whimsicott|0 fnt
|faint|p1a: Whimsicott
|-hitcount|p1: Whimsicott|2
|move|p1b: Basculegion|Wave Crash|p2b: Rotom
|-resisted|p2b: Rotom|1
|-damage|p2b: Rotom|0 fnt
|faint|p2b: Rotom
|-damage|p1b: Basculegion|95/100|[from] Recoil
|
|upkeep
|inactive|pressinblades has 30 seconds left.
|-message|MetMattone forfeited.
|
|win|pressinblades
|l|☆MetMattone
|player|p1|
||MetMattone is ready for game 2.
||pressinblades is ready for game 2.
|uhtml|next|Next: Game 2 of 3
