|j|☆Yumgar
|j|☆brevity
|html|Yumgarbrevity    
|uhtml|bestof|Game 2 of a best-of-3
|t:|1783826858
|gametype|doubles
|player|p1|Yumgar|cynthia-gen4|
|player|p2|brevity|ghetsis|
|gen|9
|tier|[Gen 9 Champions] VGC 2026 Reg M-B (Bo3)
|rule|Species Clause: Limit one of each Pokémon
|rule|Item Clause: Limit 1 of each item
|clearpoke
|poke|p1|Charizard, L50, F|
|poke|p1|Venusaur, L50, M|
|poke|p1|Sneasler, L50, F|
|poke|p1|Espathra, L50, M|
|poke|p1|Goodra-Hisui, L50, M|
|poke|p1|Primarina, L50, F|
|poke|p2|Kingambit, L50, M|
|poke|p2|Incineroar, L50, F|
|poke|p2|Sinistcha, L50|
|poke|p2|Vileplume, L50, M|
|poke|p2|Farigiraf, L50, F|
|poke|p2|Torkoal, L50, F|
|teampreview|4
|showteam|p1|Charizard||CharizarditeY|Blaze|HeatWave,BlastBurn,ScorchingSands,Protect|Modest||F|||50|]Venusaur||LifeOrb|Chlorophyll|Roar,SludgeBomb,EarthPower,Protect|Modest||M|||50|]Sneasler||WhiteHerb|PoisonTouch|CloseCombat,DireClaw,FakeOut,Protect|Adamant||F|||50|]Espathra||SitrusBerry|SpeedBoost|BatonPass,LuminaCrash,CalmMind,Protect|Timid||M|||50|]Goodra-Hisui||Leftovers|SapSipper|BodyPress,DracoMeteor,Shelter,Protect|Calm||M|||50|]Primarina||MysticWater|LiquidVoice|HyperVoice,DazzlingGleam,Encore,Protect|Modest||F|||50|
|showteam|p2|Kingambit||BlackGlasses|Defiant|SuckerPunch,KowtowCleave,IronHead,Protect|Adamant||M|||50|]Incineroar||ChopleBerry|Intimidate|FakeOut,PartingShot,FlareBlitz,ThroatChop|Adamant||F|||50|]Sinistcha||SitrusBerry|Hospitality|RagePowder,MatchaGotcha,Protect,TrickRoom|Bold|||||50|]Vileplume||WideLens|Chlorophyll|SleepPowder,AfterYou,SludgeBomb,Protect|Timid||M|||50|]Farigiraf||Leftovers|ArmorTail|TrickRoom,Psychic,HelpingHand,Thunderbolt|Quiet||F|||50|]Torkoal||Charcoal|Drought|Eruption,Protect,WeatherBall,HeatWave|Modest||F|||50|
|j| Crimson's Mudkip
|j| RedUpsidedown
|
|t:|1783826896
|teamsize|p1|4
|teamsize|p2|4
|start
|switch|p1a: Charizard|Charizard, L50, F|100/100
|switch|p1b: Venusaur|Venusaur, L50, M|100/100
|switch|p2a: Vileplume|Vileplume, L50, M|100/100
|switch|p2b: Torkoal|Torkoal, L50, F|100/100
|-weather|SunnyDay|[from] ability: Drought|[of] p2b: Torkoal
|turn|1
|c| Crimson's Mudkip|timer
|inactive|Battle timer is ON: inactive players will automatically lose when time's up. (requested by brevity)
|
|t:|1783826952
|detailschange|p1a: Charizard|Charizard-Mega-Y, L50, F
|-mega|p1a: Charizard|Charizard|Charizardite Y
|move|p2b: Torkoal|Protect|p2b: Torkoal
|-singleturn|p2b: Torkoal|Protect
|move|p2a: Vileplume|Sleep Powder|p1a: Charizard|[miss]
|-miss|p2a: Vileplume|p1a: Charizard
|move|p1b: Venusaur|Earth Power|p2b: Torkoal
|-activate|p2b: Torkoal|move: Protect
|move|p1a: Charizard|Heat Wave|p2a: Vileplume|[spread] p2a
|-activate|p2b: Torkoal|move: Protect
|-supereffective|p2a: Vileplume|1
|-damage|p2a: Vileplume|0 fnt
|faint|p2a: Vileplume
|
|-weather|SunnyDay|[upkeep]
|upkeep
|
|t:|1783826966
|switch|p2a: Farigiraf|Farigiraf, L50, F|100/100
|turn|2
|
|t:|1783826976
|move|p1b: Venusaur|Earth Power|p2b: Torkoal
|-supereffective|p2b: Torkoal|1
|-damage|p2b: Torkoal|2/100
|-damage|p1b: Venusaur|90/100|[from] item: Life Orb
|move|p1a: Charizard|Heat Wave|p2a: Farigiraf|[spread] p2a,p2b
|-resisted|p2b: Torkoal|1
|-damage|p2a: Farigiraf|32/100
|-damage|p2b: Torkoal|0 fnt
|faint|p2b: Torkoal
|move|p2a: Farigiraf|Thunderbolt|p1a: Charizard
|-supereffective|p1a: Charizard|1
|-damage|p1a: Charizard|41/100
|
|-weather|SunnyDay|[upkeep]
|-heal|p2a: Farigiraf|38/100|[from] item: Leftovers
|upkeep
|
|t:|1783826989
|switch|p2b: Kingambit|Kingambit, L50, M|100/100
|turn|3
|
|t:|1783827004
|move|p1a: Charizard|Protect|p1a: Charizard
|-singleturn|p1a: Charizard|Protect
|move|p2b: Kingambit|Sucker Punch||[still]
|-fail|p2b: Kingambit
|move|p1b: Venusaur|Sludge Bomb|p2a: Farigiraf
|-damage|p2a: Farigiraf|0 fnt
|faint|p2a: Farigiraf
|-damage|p1b: Venusaur|80/100|[from] item: Life Orb
|
|-weather|SunnyDay|[upkeep]
|upkeep
|turn|4
|
|t:|1783827020
|switch|p1b: Sneasler|Sneasler, L50, F|100/100
|switch|p1a: Snebby|Goodra-Hisui, L50, M|100/100
|move|p2b: Kingambit|Iron Head|p1a: Snebby
|-resisted|p1a: Snebby|1
|-damage|p1a: Snebby|78/100
|
|-weather|SunnyDay|[upkeep]
|-heal|p1a: Snebby|83/100|[from] item: Leftovers
|upkeep
|turn|5
|
|t:|1783827034
|move|p2b: Kingambit|Sucker Punch|p1b: Sneasler
|-resisted|p1b: Sneasler|1
|-damage|p1b: Sneasler|66/100
|move|p1b: Sneasler|Close Combat|p2b: Kingambit
|-supereffective|p2b: Kingambit|2
|-damage|p2b: Kingambit|0 fnt
|-unboost|p1b: Sneasler|def|1
|-unboost|p1b: Sneasler|spd|1
|faint|p2b: Kingambit
|
|win|Yumgar
|l| RedUpsidedown
