|j|☆vamioli
|j|☆new mental
|html|vamiolinew mental    
|uhtml|bestof|Game 1 of a best-of-3
|t:|1783329384
|gametype|doubles
|player|p1|vamioli|101|1337
|player|p2|new mental|volkner|1376
|gen|9
|tier|[Gen 9 Champions] VGC 2026 Reg M-B (Bo3)
|rated|
|rule|Species Clause: Limit one of each Pokémon
|rule|Item Clause: Limit 1 of each item
|clearpoke
|poke|p1|Aerodactyl, L50, F|
|poke|p1|Gengar, L50, M|
|poke|p1|Kingambit, L50, F|
|poke|p1|Rotom-Wash, L50|
|poke|p1|Incineroar, L50, F|
|poke|p1|Kommo-o, L50, M|
|poke|p2|Aerodactyl, L50, M|
|poke|p2|Garchomp, L50, M|
|poke|p2|Kingambit, L50, M|
|poke|p2|Charizard, L50, F|
|poke|p2|Sylveon, L50, M|
|poke|p2|Farigiraf, L50, F|
|teampreview|4
|showteam|p1|Aerodactyl||Aerodactylite|RockHead|DualWingbeat,RockSlide,Tailwind,Protect|Jolly||F|||50|]Gengar||Gengarite|CursedBody|PerishSong,SludgeBomb,Disable,Protect|Bold||M|||50|]Kingambit||BlackGlasses|Defiant|SuckerPunch,KowtowCleave,Protect,IronHead|Adamant||F|||50|]Rotom-Wash||ChoiceScarf|Levitate|HydroPump,VoltSwitch,WillOWisp,Trick|Timid|||||50|]Incineroar||ChopleBerry|Intimidate|FakeOut,DarkestLariat,Protect,PartingShot|Relaxed||F|||50|]Kommo-o||Leftovers|Soundproof|ClangorousSoul,AuraSphere,ClangingScales,Protect|Modest||M|||50|
|showteam|p2|Aerodactyl||Aerodactylite|Unnerve|IceFang,RockSlide,Tailwind,DualWingbeat|Jolly||M|||50|]Garchomp||LifeOrb|RoughSkin|DragonClaw,StompingTantrum,Earthquake,Protect|Jolly||M|||50|]Kingambit||FocusSash|Defiant|SuckerPunch,KowtowCleave,IronHead,LowKick|Adamant||M|||50|]Charizard||CharizarditeY|SolarPower|Protect,HeatWave,SolarBeam,WeatherBall|Timid||F|||50|]Sylveon||FairyFeather|Pixilate|Protect,HyperVoice,HyperBeam,QuickAttack|Modest||M|||50|]Farigiraf||SitrusBerry|ArmorTail|TrickRoom,Thunderbolt,Psychic,Roar|Bold||F|||50|
|inactive|Battle timer is ON: inactive players will automatically lose when time's up. (requested by new mental)
|inactive|vamioli has 60 seconds left.
|
|t:|1783329442
|teamsize|p1|4
|teamsize|p2|4
|start
|switch|p1a: Kommo-o|Kommo-o, L50, M|100/100
|switch|p1b: Gengar|Gengar, L50, M|100/100
|switch|p2a: Charizard|Charizard, L50, F|100/100
|switch|p2b: Kingambit|Kingambit, L50, M|100/100
|turn|1
|
|t:|1783329462
|switch|p2b: Sylveon|Sylveon, L50, M|100/100
|detailschange|p1b: Gengar|Gengar-Mega, L50, M
|-mega|p1b: Gengar|Gengar|Gengarite
|detailschange|p2a: Charizard|Charizard-Mega-Y, L50, F
|-mega|p2a: Charizard|Charizard|Charizardite Y
|-weather|SunnyDay|[from] ability: Drought|[of] p2a: Charizard
|move|p1b: Gengar|Protect|p1b: Gengar
|-singleturn|p1b: Gengar|Protect
|move|p2a: Charizard|Weather Ball|p1b: Gengar
|-activate|p1b: Gengar|move: Protect
|move|p1a: Kommo-o|Clangorous Soul|p1a: Kommo-o
|-boost|p1a: Kommo-o|atk|1
|-boost|p1a: Kommo-o|def|1
|-boost|p1a: Kommo-o|spa|1
|-boost|p1a: Kommo-o|spd|1
|-boost|p1a: Kommo-o|spe|1
|-damage|p1a: Kommo-o|67/100
|
|-weather|SunnyDay|[upkeep]
|-heal|p1a: Kommo-o|73/100|[from] item: Leftovers
|upkeep
|turn|2
|inactive|vamioli has 30 seconds left.
|
|t:|1783329492
|move|p1a: Kommo-o|Protect|p1a: Kommo-o
|-singleturn|p1a: Kommo-o|Protect
|move|p1b: Gengar|Perish Song|p1b: Gengar
|-immune|p1a: Kommo-o|[from] ability: Soundproof
|-start|p1b: Gengar|perish3|[silent]
|-start|p2a: Charizard|perish3|[silent]
|-start|p2b: Sylveon|perish3|[silent]
|-fieldactivate|move: Perish Song
|move|p2a: Charizard|Weather Ball|p1b: Gengar
|-damage|p1b: Gengar|5/100
|move|p2b: Sylveon|Hyper Beam|p1a: Kommo-o
|-activate|p1a: Kommo-o|move: Protect
|
|-weather|SunnyDay|[upkeep]
|-heal|p1a: Kommo-o|79/100|[from] item: Leftovers
|-start|p1b: Gengar|perish3
|-start|p2a: Charizard|perish3
|-start|p2b: Sylveon|perish3
|upkeep
|turn|3
|inactive|vamioli has 30 seconds left.
|inactive|vamioli has 20 seconds left.
|inactive|vamioli has 15 seconds left.
|
|t:|1783329535
|switch|p1a: Kingambit|Kingambit, L50, F|100/100
|move|p1b: Gengar|Disable|p2a: Charizard
|-start|p2a: Charizard|Disable|Weather Ball
|cant|p2a: Charizard|Disable|Weather Ball
|move|p2b: Sylveon|Hyper Beam|p1a: Kingambit
|-damage|p1a: Kingambit|0 fnt
|-mustrecharge|p2b: Sylveon
|faint|p1a: Kingambit
|
|-weather|SunnyDay|[upkeep]
|-start|p1b: Gengar|perish2
|-start|p2a: Charizard|perish2
|-start|p2b: Sylveon|perish2
|upkeep
|inactive|vamioli has 30 seconds left.
|
|t:|1783329564
|switch|p1a: Rotom|Rotom-Wash, L50|100/100
|turn|4
|
|t:|1783329572
|move|p1b: Gengar|Protect|p1b: Gengar
|-singleturn|p1b: Gengar|Protect
|move|p1a: Rotom|Volt Switch|p2b: Sylveon
|-damage|p2b: Sylveon|79/100
|
|t:|1783329577
|switch|p1a: Kommo-o|Kommo-o, L50, M|79/100|[from] Volt Switch
|move|p2a: Charizard|Solar Beam||[still]
|-prepare|p2a: Charizard|Solar Beam
|-anim|p2a: Charizard|Solar Beam|p1a: Kommo-o
|-resisted|p1a: Kommo-o|1
|-damage|p1a: Kommo-o|60/100
|cant|p2b: Sylveon|recharge
|
|-weather|SunnyDay|[upkeep]
|-heal|p1a: Kommo-o|66/100|[from] item: Leftovers
|-start|p1b: Gengar|perish1
|-start|p2a: Charizard|perish1
|-start|p2b: Sylveon|perish1
|upkeep
|turn|5
|
|t:|1783329598
|switch|p1b: Rotom|Rotom-Wash, L50|100/100
|move|p1a: Kommo-o|Protect|p1a: Kommo-o
|-singleturn|p1a: Kommo-o|Protect
|move|p2a: Charizard|Solar Beam||[still]
|-prepare|p2a: Charizard|Solar Beam
|-anim|p2a: Charizard|Solar Beam|p1b: Rotom
|-supereffective|p1b: Rotom|1
|-damage|p1b: Rotom|15/100
|move|p2b: Sylveon|Hyper Voice|p1b: Rotom|[spread] p1b
|-activate|p1a: Kommo-o|move: Protect
|-damage|p1b: Rotom|0 fnt
|faint|p1b: Rotom
|
|-weather|none
|-heal|p1a: Kommo-o|72/100|[from] item: Leftovers
|-start|p2a: Charizard|perish0
|-start|p2b: Sylveon|perish0
|faint|p2a: Charizard
|faint|p2b: Sylveon
|upkeep
|
|t:|1783329611
|switch|p1b: Gengar|Gengar-Mega, L50, M|5/100
|switch|p2a: Farigiraf|Farigiraf, L50, F|100/100
|switch|p2b: Kingambit|Kingambit, L50, M|100/100
|turn|6
|
|t:|1783329629
|move|p1b: Gengar|Protect|p1b: Gengar
|-singleturn|p1b: Gengar|Protect
|move|p1a: Kommo-o|Aura Sphere|p2b: Kingambit
|-supereffective|p2b: Kingambit|2
|-enditem|p2b: Kingambit|Focus Sash
|-damage|p2b: Kingambit|1/100
|move|p2b: Kingambit|Kowtow Cleave|p1b: Gengar
|-activate|p1b: Gengar|move: Protect
|move|p2a: Farigiraf|Psychic|p1a: Kommo-o
|-supereffective|p1a: Kommo-o|1
|-damage|p1a: Kommo-o|6/100
|
|-heal|p1a: Kommo-o|12/100|[from] item: Leftovers
|upkeep
|turn|7
|inactive|vamioli has 30 seconds left.
|inactive|vamioli has 20 seconds left.
|inactive|vamioli has 15 seconds left.
|inactive|vamioli has 10 seconds left.
|
|t:|1783329676
|move|p1b: Gengar|Protect||[still]
|-fail|p1b: Gengar
|move|p2b: Kingambit|Sucker Punch|p1a: Kommo-o
|-resisted|p1a: Kommo-o|1
|-damage|p1a: Kommo-o|0 fnt
|faint|p1a: Kommo-o
|move|p2a: Farigiraf|Psychic|p1b: Gengar
|-supereffective|p1b: Gengar|1
|-damage|p1b: Gengar|0 fnt
|faint|p1b: Gengar
|
|win|new mental
||vamioli is ready for game 2.
|inactive|new mental has 30 seconds to confirm battle start!
||new mental is ready for game 2.
|uhtml|next|Next: Game 2 of 3
|l|☆vamioli
|player|p1|
