|j|☆playboiiiii carti
|j|☆ShinigamiJeiku
|html|playboiiiii cartiShinigamiJeiku    
|uhtml|bestof|Game 2 of a best-of-3
|t:|1757196421
|gametype|doubles
|player|p1|playboiiiii carti|mela|1070
|player|p2|ShinigamiJeiku|bruno|1183
|gen|9
|tier|[Gen 9] VGC 2025 Reg H (Bo3)
|rated|
|rule|Species Clause: Limit one of each Pokémon
|rule|Item Clause: Limit 1 of each item
|clearpoke
|poke|p1|Araquanid, L50, M|
|poke|p1|Weezing, L50, M|
|poke|p1|Rillaboom, L50, F|
|poke|p1|Politoed, L50, F|
|poke|p1|Electabuzz, L50, F|
|poke|p1|Sneasler, L50, M|
|poke|p2|Serperior, L50, F|
|poke|p2|Typhlosion-Hisui, L50, M|
|poke|p2|Torkoal, L50, M|
|poke|p2|Tyranitar, L50, M|
|poke|p2|Garchomp, L50, M|
|poke|p2|Grimmsnarl, L50, M|
|teampreview|4
|showteam|p1|Araquanid||AbilityShield|WaterBubble|Liquidation,WideGuard,Lunge,Protect|||M|||50|,,,,,Steel]Weezing||SitrusBerry|NeutralizingGas|WillOWisp,Taunt,SludgeBomb,Protect|||M|||50|,,,,,Grass]Rillaboom||MiracleSeed|GrassySurge|FakeOut,GrassyGlide,WoodHammer,Protect|||F|||50|,,,,,Fire]Politoed||CovertCloak|Drizzle|HelpingHand,Protect,HydroPump,PerishSong|||F|||50|,,,,,Ghost]Electabuzz||Eviolite|VitalSpirit|FollowMe,Protect,Taunt,VoltSwitch|||F|||50|,,,,,Dark]Sneasler||FocusSash|Unburden|CloseCombat,DireClaw,FakeOut,Protect|||M|||50|,,,,,Stellar
|showteam|p2|Serperior||CovertCloak|Contrary|Glare,Taunt,LeafStorm,Protect|||F|||50|,,,,,Fire]Typhlosion-Hisui||ChoiceScarf|Blaze|Eruption,Flamethrower,Overheat,ShadowBall|||M|||50|,,,,,Fire]Torkoal||SitrusBerry|Drought|Protect,BurningJealousy,BodyPress,Overheat|||M|||50|,,,,,Fighting]Tyranitar||AssaultVest|SandStream|RockSlide,LowKick,KnockOff,TeraBlast|||M|||50|,,,,,Flying]Garchomp||BrightPowder|SandVeil|SwordsDance,StompingTantrum,RockSlide,Protect|||M|||50|,,,,,Grass]Grimmsnarl||LightClay|Prankster|SpiritBreak,SuckerPunch,LightScreen,Reflect|||M|||50|,,,,,Ghost
|inactive|Battle timer is ON: inactive players will automatically lose when time's up. (requested by playboiiiii carti)
|j| doriawesome
|inactive|ShinigamiJeiku has 60 seconds left.
|inactive|playboiiiii carti has 60 seconds left.
|
|t:|1757196477
|teamsize|p1|4
|teamsize|p2|4
|start
|switch|p1a: Araquanid|Araquanid, L50, M|100/100
|switch|p1b: Politoed|Politoed, L50, F|100/100
|switch|p2a: Grimmsnarl|Grimmsnarl, L50, M|100/100
|switch|p2b: Garchomp|Garchomp, L50, M|100/100
|-weather|RainDance|[from] ability: Drizzle|[of] p1b: Politoed
|turn|1
|inactive|ShinigamiJeiku has 30 seconds left.
|
|t:|1757196503
|switch|p1b: Weezing|Weezing, L50, M|100/100
|-ability|p1b: Weezing|Neutralizing Gas
|-block|p1a: Araquanid|item: Ability Shield
|-terastallize|p2b: Garchomp|Grass
|move|p2b: Garchomp|Swords Dance|p2b: Garchomp
|-boost|p2b: Garchomp|atk|2
|move|p2a: Grimmsnarl|Reflect|p2a: Grimmsnarl
|-sidestart|p2: ShinigamiJeiku|Reflect
|move|p1a: Araquanid|Liquidation|p2b: Garchomp
|-resisted|p2b: Garchomp
|-damage|p2b: Garchomp|81/100
|
|-weather|RainDance|[upkeep]
|upkeep
|turn|2
|inactive|playboiiiii carti has 30 seconds left.
|inactive|ShinigamiJeiku has 30 seconds left.
|inactive|ShinigamiJeiku has 20 seconds left.
|inactive|ShinigamiJeiku has 15 seconds left.
|inactive|ShinigamiJeiku has 10 seconds left.
|
|t:|1757196554
|switch|p1a: Rillaboom|Rillaboom, L50, F|100/100
|-terastallize|p1b: Weezing|Grass
|move|p2b: Garchomp|Stomping Tantrum|p1b: Weezing
|-resisted|p1b: Weezing
|-damage|p1b: Weezing|69/100
|move|p1b: Weezing|Will-O-Wisp|p2b: Garchomp
|-status|p2b: Garchomp|brn
|move|p2a: Grimmsnarl|Spirit Break|p1a: Rillaboom
|-damage|p1a: Rillaboom|74/100
|-unboost|p1a: Rillaboom|spa|1
|
|-weather|RainDance|[upkeep]
|-damage|p2b: Garchomp|75/100 brn|[from] brn
|upkeep
|turn|3
|inactive|playboiiiii carti has 30 seconds left.
|
|t:|1757196588
|move|p1a: Rillaboom|Fake Out|p2a: Grimmsnarl
|-damage|p2a: Grimmsnarl|90/100
|move|p2b: Garchomp|Rock Slide|p1b: Weezing|[spread] p1a,p1b
|-damage|p1a: Rillaboom|57/100
|-damage|p1b: Weezing|53/100
|cant|p2a: Grimmsnarl|flinch
|move|p1b: Weezing|Sludge Bomb|p2b: Garchomp
|-supereffective|p2b: Garchomp
|-damage|p2b: Garchomp|27/100 brn
|
|-weather|RainDance|[upkeep]
|-damage|p2b: Garchomp|21/100 brn|[from] brn
|upkeep
|turn|4
|inactive|ShinigamiJeiku has 30 seconds left.
|
|t:|1757196616
|move|p1b: Weezing|Protect|p1b: Weezing
|-singleturn|p1b: Weezing|Protect
|move|p2b: Garchomp|Rock Slide|p1a: Rillaboom|[spread] p1a
|-activate|p1b: Weezing|move: Protect
|-damage|p1a: Rillaboom|39/100
|cant|p1a: Rillaboom|flinch
|move|p2a: Grimmsnarl|Spirit Break|p1b: Weezing
|-activate|p1b: Weezing|move: Protect
|
|-weather|RainDance|[upkeep]
|-damage|p2b: Garchomp|15/100 brn|[from] brn
|upkeep
|turn|5
|
|t:|1757196638
|-end|p1b: Weezing|ability: Neutralizing Gas
|-fieldstart|move: Grassy Terrain|[from] ability: Grassy Surge|[of] p1a: Rillaboom
|switch|p1b: Politoed|Politoed, L50, F|100/100
|move|p1a: Rillaboom|Grassy Glide|p2b: Garchomp
|-resisted|p2b: Garchomp
|-crit|p2b: Garchomp
|-damage|p2b: Garchomp|0 fnt
|faint|p2b: Garchomp
|move|p2a: Grimmsnarl|Spirit Break|p1a: Rillaboom
|-damage|p1a: Rillaboom|11/100
|-unboost|p1a: Rillaboom|spa|1
|
|-weather|none
|-heal|p1a: Rillaboom|17/100|[from] Grassy Terrain
|-heal|p2a: Grimmsnarl|96/100|[from] Grassy Terrain
|upkeep
|
|t:|1757196658
|switch|p2b: Serperior|Serperior, L50, F|100/100
|turn|6
|
|t:|1757196668
|switch|p1b: Weezing|Weezing, L50, M, tera:Grass|53/100
|-ability|p1b: Weezing|Neutralizing Gas
|move|p2b: Serperior|Leaf Storm|p1b: Weezing
|-resisted|p1b: Weezing
|-crit|p1b: Weezing
|-damage|p1b: Weezing|16/100
|-unboost|p2b: Serperior|spa|2
|-enditem|p1b: Weezing|Sitrus Berry|[eat]
|-heal|p1b: Weezing|41/100|[from] item: Sitrus Berry
|move|p1a: Rillaboom|Wood Hammer|p2a: Grimmsnarl
|-damage|p2a: Grimmsnarl|31/100
|-damage|p1a: Rillaboom|0 fnt|[from] Recoil
|faint|p1a: Rillaboom
|move|p2a: Grimmsnarl|Spirit Break|p1b: Weezing
|-damage|p1b: Weezing|16/100
|-unboost|p1b: Weezing|spa|1
|
|-heal|p1b: Weezing|22/100|[from] Grassy Terrain
|-heal|p2a: Grimmsnarl|37/100|[from] Grassy Terrain
|upkeep
|
|t:|1757196685
|switch|p1a: Politoed|Politoed, L50, F|100/100
|turn|7
|inactive|ShinigamiJeiku has 30 seconds left.
|inactive|playboiiiii carti has 30 seconds left.
|
|t:|1757196721
|move|p1b: Weezing|Protect|p1b: Weezing
|-singleturn|p1b: Weezing|Protect
|move|p2b: Serperior|Taunt|p1a: Politoed
|-start|p1a: Politoed|move: Taunt
|move|p1a: Politoed|Hydro Pump|p2a: Grimmsnarl
|-damage|p2a: Grimmsnarl|0 fnt
|faint|p2a: Grimmsnarl
|
|-heal|p1b: Weezing|28/100|[from] Grassy Terrain
|upkeep
|
|t:|1757196729
|switch|p2a: Tyranitar|Tyranitar, L50, M|100/100
|turn|8
|
|t:|1757196753
|move|p2b: Serperior|Leaf Storm|p1a: Politoed
|-supereffective|p1a: Politoed
|-damage|p1a: Politoed|52/100
|-unboost|p2b: Serperior|spa|2
|move|p1a: Politoed|Hydro Pump|p2a: Tyranitar|[miss]
|-miss|p1a: Politoed|p2a: Tyranitar
|move|p2a: Tyranitar|Knock Off|p1b: Weezing
|-damage|p1b: Weezing|3/100
|move|p1b: Weezing|Will-O-Wisp|p2a: Tyranitar
|-status|p2a: Tyranitar|brn
|
|-heal|p1a: Politoed|58/100|[from] Grassy Terrain
|-heal|p1b: Weezing|9/100|[from] Grassy Terrain
|-damage|p2a: Tyranitar|95/100 brn|[from] brn
|-sideend|p2: ShinigamiJeiku|Reflect
|upkeep
|turn|9
|inactive|ShinigamiJeiku has 30 seconds left.
|
|t:|1757196784
|switch|p1a: Araquanid|Araquanid, L50, M|100/100
|move|p2b: Serperior|Leaf Storm|p1a: Araquanid
|-damage|p1a: Araquanid|86/100
|-unboost|p2b: Serperior|spa|2
|move|p2a: Tyranitar|Rock Slide|p1a: Araquanid|[spread] p1b
|-miss|p2a: Tyranitar|p1a: Araquanid
|-damage|p1b: Weezing|0 fnt
|faint|p1b: Weezing
|-end|p1b: Weezing|ability: Neutralizing Gas
|-weather|Sandstorm|[from] ability: Sand Stream|[of] p2a: Tyranitar
|
|-weather|Sandstorm|[upkeep]
|-damage|p2b: Serperior|94/100|[from] Sandstorm
|-damage|p1a: Araquanid|80/100|[from] Sandstorm
|-heal|p2b: Serperior|100/100|[from] Grassy Terrain
|-heal|p2a: Tyranitar|100/100 brn|[from] Grassy Terrain
|-heal|p1a: Araquanid|86/100|[from] Grassy Terrain
|-damage|p2a: Tyranitar|95/100 brn|[from] brn
|-fieldend|move: Grassy Terrain
|upkeep
|c| doriawesome|fr
|
|t:|1757196796
|switch|p1b: Politoed|Politoed, L50, F|58/100
|-weather|RainDance|[from] ability: Drizzle|[of] p1b: Politoed
|turn|10
|
|t:|1757196814
|move|p2b: Serperior|Leaf Storm|p1b: Politoed
|-supereffective|p1b: Politoed
|-damage|p1b: Politoed|40/100
|-boost|p2b: Serperior|spa|2
|move|p1b: Politoed|Perish Song|p1b: Politoed
|-start|p1a: Araquanid|perish3|[silent]
|-start|p1b: Politoed|perish3|[silent]
|-start|p2a: Tyranitar|perish3|[silent]
|-start|p2b: Serperior|perish3|[silent]
|-fieldactivate|move: Perish Song
|move|p2a: Tyranitar|Rock Slide|p1a: Araquanid|[spread] p1a
|-miss|p2a: Tyranitar|p1b: Politoed
|-supereffective|p1a: Araquanid
|-damage|p1a: Araquanid|64/100
|move|p1a: Araquanid|Liquidation|p2a: Tyranitar
|-supereffective|p2a: Tyranitar
|-damage|p2a: Tyranitar|0 fnt
|faint|p2a: Tyranitar
|
|-weather|RainDance|[upkeep]
|-start|p2b: Serperior|perish3
|-start|p1b: Politoed|perish3
|-start|p1a: Araquanid|perish3
|upkeep
|turn|11
|
|t:|1757196826
|move|p1b: Politoed|Protect|p1b: Politoed
|-singleturn|p1b: Politoed|Protect
|move|p1a: Araquanid|Protect|p1a: Araquanid
|-singleturn|p1a: Araquanid|Protect
|move|p2b: Serperior|Leaf Storm|p1b: Politoed
|-activate|p1b: Politoed|move: Protect
|
|-weather|RainDance|[upkeep]
|-start|p2b: Serperior|perish2
|-start|p1b: Politoed|perish2
|-start|p1a: Araquanid|perish2
|upkeep
|turn|12
|-message|ShinigamiJeiku forfeited.
|
|win|playboiiiii carti
|raw|playboiiiii carti's rating: 1070 → 1109(+39 for winning)
|raw|ShinigamiJeiku's rating: 1183 → 1150(-33 for losing)
|l|☆ShinigamiJeiku
|player|p2|
|l| doriawesome
