|j|☆Caaammm0410
|j|☆TheLeoj
|html|Caaammm0410TheLeoj    
|uhtml|bestof|Game 1 of a best-of-3
|t:|1784785598
|gametype|doubles
|player|p1|Caaammm0410|cynthia-gen4|1160
|player|p2|TheLeoj|101|1157
|gen|9
|tier|[Gen 9 Champions] VGC 2026 Reg M-B (Bo3)
|rated|
|rule|Species Clause: Limit one of each Pokémon
|rule|Item Clause: Limit 1 of each item
|clearpoke
|poke|p1|Pelipper, L50, M|
|poke|p1|Archaludon, L50, M|
|poke|p1|Swampert, L50, F|
|poke|p1|Volcarona, L50, F|
|poke|p1|Staraptor, L50, F|
|poke|p1|Incineroar, L50, M|
|poke|p2|Charizard, L50, M, shiny|
|poke|p2|Grimmsnarl, L50, M, shiny|
|poke|p2|Pelipper, L50, M, shiny|
|poke|p2|Archaludon, L50, F, shiny|
|poke|p2|Basculegion, L50, M, shiny|
|poke|p2|Venusaur, L50, F, shiny|
|teampreview|4
|showteam|p1|Pelipper||FocusSash|Drizzle|WeatherBall,Tailwind,Hurricane,Uturn|Modest||M|||50|]Archaludon||SitrusBerry|Stamina|ElectroShot,DragonPulse,FlashCannon,Protect|Timid||M|||50|]Swampert||Swampertite|Torrent|Earthquake,FlipTurn,WaveCrash,Protect|Careful||F|||50|]Volcarona||PasshoBerry|FlameBody|RagePowder,StruggleBug,FieryDance,Protect|Timid||F|||50|]Staraptor||Staraptite|Intimidate|CloseCombat,Roost,BraveBird,Protect|Adamant||F|||50|]Incineroar||ExpertBelt|Intimidate|FlareBlitz,PartingShot,FakeOut,DarkestLariat|Adamant||M|||50|
|showteam|p2|Charizard||CharizarditeY|Blaze|Protect,HeatWave,WeatherBall,SolarBeam|Modest||M|||50|]Grimmsnarl||LightClay|Prankster|SpiritBreak,Reflect,LightScreen,PartingShot|Sassy||M|||50|]Pelipper||SitrusBerry|Drizzle|Hurricane,WeatherBall,Tailwind,WideGuard|Modest||M|||50|]Archaludon||Leftovers|Stamina|Protect,ElectroShot,DragonPulse,FlashCannon|Calm||F|||50|]Basculegion||ChoiceScarf|Adaptability|FlipTurn,WaveCrash,AquaJet,LastRespects|Jolly||M|||50|]Venusaur||FocusSash|Chlorophyll|Protect,SleepPowder,SludgeBomb,EarthPower|Modest||F|||50|
|inactive|Battle timer is ON: inactive players will automatically lose when time's up. (requested by TheLeoj)
|c|☆Caaammm0410|Ooo cool two modes
|inactive|Caaammm0410 has 60 seconds left.
|inactive|Caaammm0410 has 30 seconds left.
|
|t:|1784785665
|teamsize|p1|4
|teamsize|p2|4
|start
|switch|p1a: Incineroar|Incineroar, L50, M|100/100
|switch|p1b: Staraptor|Staraptor, L50, F|100/100
|switch|p2a: Grimmsnarl|Grimmsnarl, L50, M, shiny|100/100
|switch|p2b: Archaludon|Archaludon, L50, F, shiny|100/100
|-ability|p1b: Staraptor|Intimidate|boost
|-unboost|p2a: Grimmsnarl|atk|1
|-unboost|p2b: Archaludon|atk|1
|-ability|p1a: Incineroar|Intimidate|boost
|-unboost|p2a: Grimmsnarl|atk|1
|-unboost|p2b: Archaludon|atk|1
|turn|1
|c|☆TheLeoj|Thx
|inactive|Caaammm0410 has 30 seconds left.
|inactive|Caaammm0410 has 20 seconds left.
|inactive|Caaammm0410 has 15 seconds left.
|
|t:|1784785710
|detailschange|p1b: Staraptor|Staraptor-Mega, L50, F
|-mega|p1b: Staraptor|Staraptor|Staraptite
|move|p2b: Archaludon|Protect|p2b: Archaludon
|-singleturn|p2b: Archaludon|Protect
|move|p1a: Incineroar|Fake Out|p2b: Archaludon
|-activate|p2b: Archaludon|move: Protect
|move|p2a: Grimmsnarl|Reflect|p2a: Grimmsnarl
|-sidestart|p2: TheLeoj|Reflect
|move|p1b: Staraptor|Close Combat|p2b: Archaludon
|-activate|p2b: Archaludon|move: Protect
|
|upkeep
|turn|2
|
|t:|1784785724
|move|p2a: Grimmsnarl|Parting Shot|p1a: Incineroar
|-hint|Since gen 7, Dark is immune to Prankster moves.
|-immune|p1a: Incineroar
|move|p1b: Staraptor|Close Combat|p2b: Archaludon
|-supereffective|p2b: Archaludon|1
|-damage|p2b: Archaludon|31/100
|-boost|p1b: Staraptor|def|1
|-boost|p1b: Staraptor|spd|1
|-ability|p2b: Archaludon|Stamina|boost
|-boost|p2b: Archaludon|def|1
|move|p2b: Archaludon|Electro Shot||[still]
|-prepare|p2b: Archaludon|Electro Shot
|-boost|p2b: Archaludon|spa|1
|move|p1a: Incineroar|Parting Shot|p2b: Archaludon
|-unboost|p2b: Archaludon|atk|1
|-unboost|p2b: Archaludon|spa|1
|
|t:|1784785745
|switch|p1a: Swampert|Swampert, L50, F|100/100|[from] Parting Shot
|
|-heal|p2b: Archaludon|37/100|[from] item: Leftovers
|upkeep
|turn|3
|
|t:|1784785761
|switch|p1a: Incineroar|Incineroar, L50, M|100/100
|-ability|p1a: Incineroar|Intimidate|boost
|-unboost|p2a: Grimmsnarl|atk|1
|-unboost|p2b: Archaludon|atk|1
|move|p1b: Staraptor|Close Combat|p2b: Archaludon
|-supereffective|p2b: Archaludon|1
|-damage|p2b: Archaludon|0 fnt
|-boost|p1b: Staraptor|def|1
|-boost|p1b: Staraptor|spd|1
|faint|p2b: Archaludon
|move|p2a: Grimmsnarl|Spirit Break|p1b: Staraptor
|-supereffective|p1b: Staraptor|1
|-damage|p1b: Staraptor|87/100
|-boost|p1b: Staraptor|spa|1
|
|upkeep
|
|t:|1784785770
|switch|p2b: Charizard|Charizard, L50, M, shiny|100/100
|turn|4
|
|t:|1784785782
|detailschange|p2b: Charizard|Charizard-Mega-Y, L50, M, shiny
|-mega|p2b: Charizard|Charizard|Charizardite Y
|-weather|SunnyDay|[from] ability: Drought|[of] p2b: Charizard
|move|p2b: Charizard|Protect|p2b: Charizard
|-singleturn|p2b: Charizard|Protect
|move|p1a: Incineroar|Fake Out|p2b: Charizard
|-activate|p2b: Charizard|move: Protect
|move|p2a: Grimmsnarl|Parting Shot|p1b: Staraptor
|-boost|p1b: Staraptor|atk|1
|-boost|p1b: Staraptor|spa|1
|
|t:|1784785784
|switch|p2a: Venusaur|Venusaur, L50, F, shiny|100/100|[from] Parting Shot
|move|p1b: Staraptor|Close Combat|p2a: Venusaur
|-resisted|p2a: Venusaur|1
|-damage|p2a: Venusaur|53/100
|-boost|p1b: Staraptor|def|1
|-boost|p1b: Staraptor|spd|1
|
|-weather|SunnyDay|[upkeep]
|upkeep
|turn|5
|
|t:|1784785809
|switch|p1a: Pelipper|Pelipper, L50, M|100/100
|-weather|RainDance|[from] ability: Drizzle|[of] p1a: Pelipper
|move|p2a: Venusaur|Sleep Powder|p1b: Staraptor
|-status|p1b: Staraptor|slp|[from] move: Sleep Powder
|cant|p1b: Staraptor|slp
|move|p2b: Charizard|Heat Wave|p1b: Staraptor|[spread] p1a,p1b
|-resisted|p1a: Pelipper|1
|-damage|p1a: Pelipper|86/100
|-damage|p1b: Staraptor|79/100 slp
|
|-weather|RainDance|[upkeep]
|upkeep
|turn|6
|
|t:|1784785827
|switch|p2b: Grimmsnarl|Grimmsnarl, L50, M, shiny|100/100
|move|p2a: Venusaur|Sludge Bomb|p1b: Staraptor
|-damage|p1b: Staraptor|63/100 slp
|-curestatus|p1b: Staraptor|slp|[msg]
|move|p1b: Staraptor|Brave Bird|p2b: Grimmsnarl
|-damage|p2b: Grimmsnarl|24/100
|-damage|p1b: Staraptor|37/100|[from] Recoil
|move|p1a: Pelipper|Tailwind|p1a: Pelipper
|-sidestart|p1: Caaammm0410|move: Tailwind
|
|-weather|RainDance|[upkeep]
|upkeep
|turn|7
|
|t:|1784785849
|switch|p2b: Charizard|Charizard-Mega-Y, L50, M, shiny|100/100
|-weather|SunnyDay|[from] ability: Drought|[of] p2b: Charizard
|move|p2a: Venusaur|Sleep Powder|p1b: Staraptor|[miss]
|-miss|p2a: Venusaur|p1b: Staraptor
|move|p1b: Staraptor|Roost|p1b: Staraptor
|-heal|p1b: Staraptor|87/100
|-singleturn|p1b: Staraptor|move: Roost
|move|p1a: Pelipper|U-turn|p2b: Charizard
|-resisted|p2b: Charizard|2
|-damage|p2b: Charizard|98/100
|
|t:|1784785863
|switch|p1a: Incineroar|Incineroar, L50, M|100/100|[from] U-turn
|-ability|p1a: Incineroar|Intimidate|boost
|-unboost|p2a: Venusaur|atk|1
|-unboost|p2b: Charizard|atk|1
|
|-weather|SunnyDay|[upkeep]
|upkeep
|turn|8
|
|t:|1784785873
|move|p2a: Venusaur|Protect|p2a: Venusaur
|-singleturn|p2a: Venusaur|Protect
|move|p2b: Charizard|Protect|p2b: Charizard
|-singleturn|p2b: Charizard|Protect
|move|p1a: Incineroar|Fake Out|p2a: Venusaur
|-activate|p2a: Venusaur|move: Protect
|move|p1b: Staraptor|Brave Bird|p2b: Charizard
|-activate|p2b: Charizard|move: Protect
|
|-weather|SunnyDay|[upkeep]
|-sideend|p2: TheLeoj|Reflect
|upkeep
|turn|9
|
|t:|1784785889
|switch|p1a: Pelipper|Pelipper, L50, M|86/100
|-weather|RainDance|[from] ability: Drizzle|[of] p1a: Pelipper
|switch|p2b: Grimmsnarl|Grimmsnarl, L50, M, shiny|24/100
|move|p1b: Staraptor|Protect|p1b: Staraptor
|-singleturn|p1b: Staraptor|Protect
|move|p2a: Venusaur|Sleep Powder|p1b: Staraptor
|-activate|p1b: Staraptor|move: Protect
|
|-weather|RainDance|[upkeep]
|-sideend|p1: Caaammm0410|move: Tailwind
|upkeep
|turn|10
|
|t:|1784785909
|switch|p2b: Charizard|Charizard-Mega-Y, L50, M, shiny|98/100
|-weather|SunnyDay|[from] ability: Drought|[of] p2b: Charizard
|move|p2a: Venusaur|Sleep Powder|p1b: Staraptor|[miss]
|-miss|p2a: Venusaur|p1b: Staraptor
|move|p1b: Staraptor|Brave Bird|p2b: Charizard
|-damage|p2b: Charizard|0 fnt
|faint|p2b: Charizard
|-damage|p1b: Staraptor|56/100|[from] Recoil
|move|p1a: Pelipper|U-turn|p2a: Venusaur
|-damage|p2a: Venusaur|42/100
|-message|TheLeoj forfeited.
|
|win|Caaammm0410
