|j|☆PerishingSongVGC
|j|☆SirLuce
|html|PerishingSongVGCSirLuce    
|uhtml|bestof|Game 1 of a best-of-3
|t:|1757104998
|gametype|doubles
|player|p1|PerishingSongVGC|265|1069
|player|p2|SirLuce|veteran|1014
|gen|9
|tier|[Gen 9] VGC 2025 Reg H (Bo3)
|rated|
|rule|Species Clause: Limit one of each Pokémon
|rule|Item Clause: Limit 1 of each item
|clearpoke
|poke|p1|Gothitelle, L50, F|
|poke|p1|Politoed, L50, F|
|poke|p1|Rillaboom, L50, M|
|poke|p1|Incineroar, L50, M|
|poke|p1|Flamigo, L50, M|
|poke|p1|Archaludon, L50, M|
|poke|p2|Gholdengo, L50|
|poke|p2|Amoonguss, L50, F|
|poke|p2|Pelipper, L50, F|
|poke|p2|Incineroar, L50, M|
|poke|p2|Archaludon, L50, F|
|poke|p2|Basculegion, L50, M|
|teampreview|4
|showteam|p1|Gothitelle||SitrusBerry|ShadowTag|Psychic,Hypnosis,FakeOut,Protect|||F|||50|,,,,,Dragon]Politoed||MentalHerb|Drizzle|MuddyWater,Haze,PerishSong,Protect|||F|||50|,,,,,Grass]Rillaboom||CovertCloak|GrassySurge|WoodHammer,GrassyGlide,Uturn,FakeOut|||M|||50|,,,,,Fire]Incineroar||SafetyGoggles|Intimidate|FakeOut,PartingShot,KnockOff,FlareBlitz|||M|||50|,,,,,Ghost]Flamigo||LifeOrb|Scrappy|CloseCombat,BraveBird,ThroatChop,Protect|||M|||50|,,,,,Steel]Archaludon||AssaultVest|Stamina|ElectroShot,DracoMeteor,BodyPress,FlashCannon|||M|||50|,,,,,Electric
|showteam|p2|Gholdengo||LifeOrb|GoodasGold|MakeItRain,ShadowBall,NastyPlot,Protect||||||50|,,,,,Water]Amoonguss||SitrusBerry|Regenerator|PollenPuff,Spore,RagePowder,Protect|||F|||50|,,,,,Water]Pelipper||FocusSash|Drizzle|WeatherBall,Hurricane,Tailwind,Protect|||F|||50|,,,,,Ground]Incineroar||RockyHelmet|Intimidate|Taunt,KnockOff,PartingShot,FakeOut|||M|||50|,,,,,Ghost]Archaludon||AssaultVest|Stamina|DragonPulse,FlashCannon,ElectroShot,BodyPress|||F|||50|,,,,,Bug]Basculegion||ChoiceBand|SwiftSwim|WaveCrash,LastRespects,FlipTurn,AquaJet|||M|||50|,,,,,Water
|j| subhamcheee
|
|t:|1757105039
|teamsize|p1|4
|teamsize|p2|4
|start
|switch|p1a: Politoed|Politoed, L50, F|100/100
|switch|p1b: Gothitelle|Gothitelle, L50, F|100/100
|switch|p2a: Amoonguss|Amoonguss, L50, F, shiny|100/100
|switch|p2b: Gholdengo|Gholdengo, L50|100/100
|-weather|RainDance|[from] ability: Drizzle|[of] p1a: Politoed
|turn|1
|
|t:|1757105070
|move|p2a: Amoonguss|Protect|p2a: Amoonguss
|-singleturn|p2a: Amoonguss|Protect
|move|p2b: Gholdengo|Nasty Plot|p2b: Gholdengo
|-boost|p2b: Gholdengo|spa|2
|move|p1a: Politoed|Muddy Water|p2b: Gholdengo|[spread] p2b
|-activate|p2a: Amoonguss|move: Protect
|-damage|p2b: Gholdengo|65/100
|move|p1b: Gothitelle|Hypnosis|p2a: Amoonguss
|-activate|p2a: Amoonguss|move: Protect
|
|-weather|RainDance|[upkeep]
|upkeep
|turn|2
|
|t:|1757105092
|move|p2b: Gholdengo|Make It Rain|p1b: Gothitelle|[spread] p1a,p1b
|-resisted|p1a: Politoed
|-damage|p1a: Politoed|48/100
|-damage|p1b: Gothitelle|7/100
|-unboost|p2b: Gholdengo|spa|1
|-enditem|p1b: Gothitelle|Sitrus Berry|[eat]
|-heal|p1b: Gothitelle|32/100|[from] item: Sitrus Berry
|-damage|p2b: Gholdengo|56/100|[from] item: Life Orb
|move|p1a: Politoed|Muddy Water|p2a: Amoonguss|[spread] p2a,p2b
|-resisted|p2a: Amoonguss
|-damage|p2a: Amoonguss|88/100
|-damage|p2b: Gholdengo|21/100
|-unboost|p2b: Gholdengo|accuracy|1
|move|p1b: Gothitelle|Psychic|p2b: Gholdengo
|-resisted|p2b: Gholdengo
|-damage|p2b: Gholdengo|5/100
|move|p2a: Amoonguss|Pollen Puff|p2b: Gholdengo
|-heal|p2b: Gholdengo|55/100
|
|-weather|RainDance|[upkeep]
|upkeep
|turn|3
|
|t:|1757105125
|move|p2b: Gholdengo|Nasty Plot|p2b: Gholdengo
|-boost|p2b: Gholdengo|spa|2
|move|p1a: Politoed|Perish Song|p1a: Politoed
|-start|p1a: Politoed|perish3|[silent]
|-start|p1b: Gothitelle|perish3|[silent]
|-start|p2a: Amoonguss|perish3|[silent]
|-immune|p2b: Gholdengo|[from] ability: Good as Gold
|-fieldactivate|move: Perish Song
|move|p1b: Gothitelle|Psychic|p2a: Amoonguss
|-supereffective|p2a: Amoonguss
|-damage|p2a: Amoonguss|38/100
|-enditem|p2a: Amoonguss|Sitrus Berry|[eat]
|-heal|p2a: Amoonguss|63/100|[from] item: Sitrus Berry
|move|p2a: Amoonguss|Pollen Puff|p2b: Gholdengo
|-heal|p2b: Gholdengo|100/100
|
|-weather|RainDance|[upkeep]
|-start|p1a: Politoed|perish3
|-start|p1b: Gothitelle|perish3
|-start|p2a: Amoonguss|perish3
|upkeep
|turn|4
|l| subhamcheee
|
|t:|1757105151
|switch|p1b: Flamigo|Flamigo, L50, M|100/100
|move|p2b: Gholdengo|Shadow Ball|p1b: Flamigo
|-damage|p1b: Flamigo|0 fnt
|faint|p1b: Flamigo
|-damage|p2b: Gholdengo|91/100|[from] item: Life Orb
|move|p1a: Politoed|Muddy Water|p2b: Gholdengo|[spread] p2a,p2b
|-resisted|p2a: Amoonguss
|-damage|p2a: Amoonguss|49/100
|-damage|p2b: Gholdengo|52/100
|move|p2a: Amoonguss|Spore|p1a: Politoed
|-status|p1a: Politoed|slp|[from] move: Spore
|
|-weather|RainDance|[upkeep]
|-start|p1a: Politoed|perish2
|-start|p2a: Amoonguss|perish2
|upkeep
|
|t:|1757105159
|switch|p1b: Archaludon|Archaludon, L50, M|100/100
|turn|5
|
|t:|1757105173
|switch|p1a: Gothitelle|Gothitelle, L50, F|32/100
|move|p2a: Amoonguss|Rage Powder|p2a: Amoonguss
|-singleturn|p2a: Amoonguss|move: Rage Powder
|move|p1b: Archaludon|Electro Shot||[still]
|-prepare|p1b: Archaludon|Electro Shot
|-boost|p1b: Archaludon|spa|1
|-anim|p1b: Archaludon|Electro Shot|p2a: Amoonguss
|-resisted|p2a: Amoonguss
|-damage|p2a: Amoonguss|20/100
|move|p2b: Gholdengo|Make It Rain|p1a: Gothitelle|[spread] p1b
|-miss|p2b: Gholdengo|p1a: Gothitelle
|-resisted|p1b: Archaludon
|-damage|p1b: Archaludon|19/100
|-unboost|p2b: Gholdengo|spa|1
|-ability|p1b: Archaludon|Stamina|boost
|-boost|p1b: Archaludon|def|1
|-damage|p2b: Gholdengo|43/100|[from] item: Life Orb
|
|-weather|none
|-start|p2a: Amoonguss|perish1
|upkeep
|turn|6
|
|t:|1757105195
|switch|p1a: Politoed|Politoed, L50, F|48/100 slp
|-weather|RainDance|[from] ability: Drizzle|[of] p1a: Politoed
|move|p2a: Amoonguss|Rage Powder|p2a: Amoonguss
|-singleturn|p2a: Amoonguss|move: Rage Powder
|move|p1b: Archaludon|Electro Shot||[still]
|-prepare|p1b: Archaludon|Electro Shot
|-boost|p1b: Archaludon|spa|1
|-anim|p1b: Archaludon|Electro Shot|p2a: Amoonguss
|-resisted|p2a: Amoonguss
|-damage|p2a: Amoonguss|0 fnt
|faint|p2a: Amoonguss
|move|p2b: Gholdengo|Make It Rain|p1b: Archaludon|[spread] p1a,p1b
|-resisted|p1a: Politoed
|-resisted|p1b: Archaludon
|-damage|p1a: Politoed|0 fnt
|-damage|p1b: Archaludon|0 fnt
|-unboost|p2b: Gholdengo|spa|1
|faint|p1a: Politoed
|faint|p1b: Archaludon
|-damage|p2b: Gholdengo|33/100|[from] item: Life Orb
|
|-weather|RainDance|[upkeep]
|upkeep
|-message|PerishingSongVGC forfeited.
|
|win|SirLuce
|l|☆PerishingSongVGC
|player|p1|
|raw|PerishingSongVGC's rating: 1069 → 1045(-24 for losing)
|raw|SirLuce's rating: 1014 → 1058(+44 for winning)
|l|☆SirLuce
|player|p2|
|j|☆SirLuce
|player|p2|SirLuce|veteran|
|l|☆SirLuce
|player|p2|
