|j|☆P!nkbearz07
|j|☆colemarcusvgc
|html|P!nkbearz07colemarcusvgc    
|uhtml|bestof|Game 1 of a best-of-3
|t:|1757654125
|gametype|doubles
|player|p1|P!nkbearz07|marlon|1080
|player|p2|colemarcusvgc|n|1103
|gen|9
|tier|[Gen 9] VGC 2025 Reg H (Bo3)
|rated|
|rule|Species Clause: Limit one of each Pokémon
|rule|Item Clause: Limit 1 of each item
|clearpoke
|poke|p1|Whimsicott, L50, M|
|poke|p1|Lurantis, L50, F|
|poke|p1|Tsareena, L50, F|
|poke|p1|Sunflora, L50, M|
|poke|p1|Rillaboom, L50, F|
|poke|p1|Appletun, L50, F|
|poke|p2|Indeedee-F, L50, F|
|poke|p2|Hatterene, L50, F|
|poke|p2|Gallade, L50, M|
|poke|p2|Ursaluna, L50, M|
|poke|p2|Torkoal, L50, F|
|poke|p2|Zoroark-Hisui, L50, F|
|teampreview|4
|showteam|p1|Whimsicott||FocusSash|Prankster|Moonblast,Tailwind,FakeTears,Tickle|||M|||50|,,,,,Ghost]Lurantis||CovertCloak|Contrary|TeraBlast,Superpower,GrassyGlide,Protect|||F|||50|,,,,,Fire]Tsareena||GrassySeed|QueenlyMajesty|Acrobatics,HighJumpKick,SeedBomb,Protect|||F|||50|,,,,,Flying]Sunflora||LifeOrb|SolarPower|EnergyBall,EarthPower,DazzlingGleam,Protect|||M|||50|,,,,,Stellar]Rillaboom||AssaultVest|GrassySurge|FakeOut,GrassyGlide,WoodHammer,Uturn|||F|||50|,,,,,Water]Appletun||Leftovers|ThickFat|LightScreen,Reflect,LeechSeed,BodyPress|||F|||50|,,,,,Water
|showteam|p2|Indeedee-F||PsychicSeed|PsychicSurge|TrickRoom,FollowMe,HelpingHand,DazzlingGleam|||F|||50|,,,,,Fire]Hatterene||TwistedSpoon|MagicBounce|ExpandingForce,TrickRoom,DazzlingGleam,Protect|||F|||50|,,,,,Water]Gallade||ClearAmulet|Sharpness|SacredSword,PsychoCut,TrickRoom,WideGuard|||M|||50|,,,,,Grass]Ursaluna||FlameOrb|Guts|HeadlongRush,Facade,Earthquake,Protect|||M|||50|,,,,,Ghost]Torkoal||ChoiceSpecs|Drought|Eruption,HeatWave,WeatherBall,EarthPower|||F|||50|,,,,,Fire]Zoroark-Hisui||FocusSash|Illusion|HyperVoice,BitterMalice,Snarl,Taunt|||F|||50|,,,,,Stellar
|inactive|Battle timer is ON: inactive players will automatically lose when time's up. (requested by P!nkbearz07)
|c|☆P!nkbearz07|glhf
|c|☆colemarcusvgc|glhf :D
|inactive|colemarcusvgc has 60 seconds left.
|
|t:|1757654180
|teamsize|p1|4
|teamsize|p2|4
|start
|switch|p1a: Lurantis|Lurantis, L50, F, shiny|100/100
|switch|p1b: Whimsicott|Whimsicott, L50, M, shiny|100/100
|switch|p2a: Indeedee|Indeedee-F, L50, F|100/100
|switch|p2b: Hatterene|Hatterene, L50, F|100/100
|-fieldstart|move: Psychic Terrain|[from] ability: Psychic Surge|[of] p2a: Indeedee
|-enditem|p2a: Indeedee|Psychic Seed
|-boost|p2a: Indeedee|spd|1|[from] item: Psychic Seed
|turn|1
|inactive|P!nkbearz07 has 30 seconds left.
|inactive|colemarcusvgc has 30 seconds left.
|inactive|P!nkbearz07 has 20 seconds left.
|inactive|colemarcusvgc has 20 seconds left.
|
|t:|1757654218
|move|p1b: Whimsicott|Fake Tears|p1a: Lurantis
|-boost|p1a: Lurantis|spd|2
|move|p2b: Hatterene|Bitter Malice|p1a: Lurantis
|-damage|p1a: Lurantis|78/100
|move|p1a: Lurantis|Superpower|p2a: Indeedee
|-damage|p2a: Indeedee|63/100
|-boost|p1a: Lurantis|atk|1
|-boost|p1a: Lurantis|def|1
|move|p2a: Indeedee|Trick Room|p2a: Indeedee
|-fieldstart|move: Trick Room|[of] p2a: Indeedee
|
|upkeep
|turn|2
|
|t:|1757654242
|switch|p2b: Torkoal|Torkoal, L50, F|100/100
|-weather|SunnyDay|[from] ability: Drought|[of] p2b: Torkoal
|move|p2a: Indeedee|Follow Me|p2a: Indeedee
|-singleturn|p2a: Indeedee|move: Follow Me
|move|p1b: Whimsicott|Fake Tears|p2a: Indeedee
|-activate|p2a: Indeedee|move: Psychic Terrain
|move|p1a: Lurantis|Superpower|p2a: Indeedee
|-damage|p2a: Indeedee|9/100
|-boost|p1a: Lurantis|atk|1
|-boost|p1a: Lurantis|def|1
|
|-weather|SunnyDay|[upkeep]
|upkeep
|turn|3
|
|t:|1757654265
|-terastallize|p2b: Torkoal|Fire
|-terastallize|p1a: Lurantis|Fire
|move|p2a: Indeedee|Helping Hand|p2b: Torkoal
|-singleturn|p2b: Torkoal|Helping Hand|[of] p2a: Indeedee
|move|p2b: Torkoal|Earth Power|p1a: Lurantis
|-supereffective|p1a: Lurantis
|-damage|p1a: Lurantis|10/100
|move|p1a: Lurantis|Superpower|p2a: Indeedee
|-damage|p2a: Indeedee|0 fnt
|-boost|p1a: Lurantis|atk|1
|-boost|p1a: Lurantis|def|1
|faint|p2a: Indeedee
|move|p1b: Whimsicott|Moonblast|p2b: Torkoal
|-resisted|p2b: Torkoal
|-damage|p2b: Torkoal|77/100
|
|-weather|SunnyDay|[upkeep]
|upkeep
|
|t:|1757654281
|switch|p2a: Hatterene|Hatterene, L50, F|100/100
|turn|4
|
|t:|1757654298
|switch|p2b: Torkoal|Torkoal, L50, F|100/100
|switch|p1a: Rillaboom|Rillaboom, L50, F, shiny|100/100
|-fieldstart|move: Grassy Terrain|[from] ability: Grassy Surge|[of] p1a: Rillaboom
|move|p1b: Whimsicott|Tickle|p2b: Torkoal
|-unboost|p2b: Torkoal|atk|1
|-unboost|p2b: Torkoal|def|1
|move|p2a: Hatterene|Expanding Force|p1b: Whimsicott
|-damage|p1b: Whimsicott|6/100
|
|-weather|SunnyDay|[upkeep]
|-heal|p1b: Whimsicott|12/100|[from] Grassy Terrain
|upkeep
|turn|5
|
|t:|1757654315
|move|p1a: Rillaboom|Grassy Glide|p2b: Torkoal
|-enditem|p2b: Torkoal|Focus Sash
|-damage|p2b: Torkoal|1/100
|replace|p2b: Zoroark|Zoroark-Hisui, L50, F
|-end|p2b: Zoroark|Illusion
|move|p1b: Whimsicott|Tickle|p2a: Hatterene
|move|p2a: Hatterene|Tickle|p1b: Whimsicott|[from] ability: Magic Bounce
|-unboost|p1b: Whimsicott|atk|1
|-unboost|p1b: Whimsicott|def|1
|move|p2a: Hatterene|Dazzling Gleam|p1b: Whimsicott|[spread] p1a,p1b
|-damage|p1a: Rillaboom|78/100
|-damage|p1b: Whimsicott|0 fnt
|faint|p1b: Whimsicott
|move|p2b: Zoroark|Snarl|p1a: Rillaboom
|-damage|p1a: Rillaboom|66/100
|-unboost|p1a: Rillaboom|spa|1
|
|-weather|SunnyDay|[upkeep]
|-heal|p1a: Rillaboom|72/100|[from] Grassy Terrain
|-heal|p2b: Zoroark|7/100|[from] Grassy Terrain
|-fieldend|move: Trick Room
|upkeep
|
|t:|1757654333
|switch|p1b: Lurantis|Lurantis, L50, F, shiny, tera:Fire|10/100
|turn|6
|
|t:|1757654346
|move|p1a: Rillaboom|Grassy Glide|p2b: Zoroark
|-damage|p2b: Zoroark|0 fnt
|faint|p2b: Zoroark
|move|p1b: Lurantis|Tera Blast|p2a: Hatterene|[anim] Tera Blast Fire
|-crit|p2a: Hatterene
|-damage|p2a: Hatterene|11/100
|move|p2a: Hatterene|Trick Room|p2a: Hatterene
|-fieldstart|move: Trick Room|[of] p2a: Hatterene
|
|-weather|none
|-heal|p2a: Hatterene|17/100|[from] Grassy Terrain
|-heal|p1b: Lurantis|17/100|[from] Grassy Terrain
|-heal|p1a: Rillaboom|78/100|[from] Grassy Terrain
|upkeep
|
|t:|1757654356
|switch|p2b: Torkoal|Torkoal, L50, F, tera:Fire|77/100
|-weather|SunnyDay|[from] ability: Drought|[of] p2b: Torkoal
|turn|7
|
|t:|1757654367
|move|p1b: Lurantis|Protect|p1b: Lurantis
|-singleturn|p1b: Lurantis|Protect
|move|p1a: Rillaboom|Grassy Glide|p2b: Torkoal
|-resisted|p2b: Torkoal
|-damage|p2b: Torkoal|63/100
|move|p2b: Torkoal|Heat Wave|p1a: Rillaboom|[spread] p1a
|-activate|p1b: Lurantis|move: Protect
|-supereffective|p1a: Rillaboom
|-damage|p1a: Rillaboom|0 fnt
|faint|p1a: Rillaboom
|move|p2a: Hatterene|Dazzling Gleam|p1b: Lurantis
|-activate|p1b: Lurantis|move: Protect
|
|-weather|SunnyDay|[upkeep]
|-heal|p2b: Torkoal|69/100|[from] Grassy Terrain
|-heal|p2a: Hatterene|23/100|[from] Grassy Terrain
|-heal|p1b: Lurantis|23/100|[from] Grassy Terrain
|upkeep
|
|t:|1757654376
|switch|p1a: Tsareena|Tsareena, L50, F, shiny|100/100
|-enditem|p1a: Tsareena|Grassy Seed
|-boost|p1a: Tsareena|def|1|[from] item: Grassy Seed
|turn|8
|
|t:|1757654387
|move|p1b: Lurantis|Grassy Glide|p2a: Hatterene
|-damage|p2a: Hatterene|0 fnt
|faint|p2a: Hatterene
|move|p2b: Torkoal|Heat Wave|p1b: Lurantis|[spread] p1a
|-miss|p2b: Torkoal|p1b: Lurantis
|-supereffective|p1a: Tsareena
|-damage|p1a: Tsareena|0 fnt
|faint|p1a: Tsareena
|
|-weather|SunnyDay|[upkeep]
|-heal|p2b: Torkoal|76/100|[from] Grassy Terrain
|-heal|p1b: Lurantis|29/100|[from] Grassy Terrain
|-fieldend|move: Grassy Terrain
|upkeep
|turn|9
|
|t:|1757654398
|move|p1b: Lurantis|Protect|p1b: Lurantis
|-singleturn|p1b: Lurantis|Protect
|move|p2b: Torkoal|Heat Wave|p1b: Lurantis
|-activate|p1b: Lurantis|move: Protect
|
|-weather|SunnyDay|[upkeep]
|upkeep
|turn|10
|
|t:|1757654408
|move|p2b: Torkoal|Heat Wave|p1b: Lurantis
|-resisted|p1b: Lurantis
|-damage|p1b: Lurantis|0 fnt
|faint|p1b: Lurantis
|
|win|colemarcusvgc
