|j|☆NightshadeAI
|j|☆FillmooreTJ
|html|NightshadeAIFillmooreTJ    
|uhtml|bestof|Game 2 of a best-of-3
|t:|1783217423
|gametype|doubles
|player|p1|NightshadeAI|acetrainer|1068
|player|p2|FillmooreTJ|clair|1114
|gen|9
|tier|[Gen 9 Champions] VGC 2026 Reg M-B (Bo3)
|rated|
|rule|Species Clause: Limit one of each Pokémon
|rule|Item Clause: Limit 1 of each item
|clearpoke
|poke|p1|Whimsicott, L50, M|
|poke|p1|Charizard, L50, M|
|poke|p1|Basculegion, L50, M|
|poke|p1|Garchomp, L50, F|
|poke|p1|Floette-Eternal, L50, F|
|poke|p1|Kingambit, L50, M|
|poke|p2|Eelektross, L50, F|
|poke|p2|Garchomp, L50, F|
|poke|p2|Whimsicott, L50, M|
|poke|p2|Incineroar, L50, M|
|poke|p2|Gholdengo, L50|
|poke|p2|Decidueye-Hisui, L50, M|
|teampreview|4
|showteam|p1|Whimsicott||FocusSash|Prankster|Moonblast,Tailwind,Encore,Protect|Timid||M|||50|]Charizard||CharizarditeY|Blaze|WeatherBall,SolarBeam,HeatWave,Protect|Modest||M|||50|]Basculegion||MysticWater|Adaptability|LastRespects,WaveCrash,AquaJet,Protect|Adamant||M|||50|]Garchomp||LifeOrb|RoughSkin|DragonClaw,Earthquake,RockSlide,Protect|Adamant||F|||50|]Floette-Eternal||Floettite|FlowerVeil|DazzlingGleam,LightofRuin,Moonblast,Protect|Modest||F|||50|]Kingambit||ChopleBerry|Defiant|KowtowCleave,SuckerPunch,IronHead,LowKick|Adamant||M|||50|
|showteam|p2|Eelektross||Eelektrossite|Levitate|Discharge,Thunderbolt,Protect,GrassKnot|Modest||F|||50|]Garchomp||LifeOrb|RoughSkin|Earthquake,RockSlide,Protect,DracoMeteor|Adamant||F|||50|]Whimsicott||FocusSash|Prankster|Tailwind,HelpingHand,Taunt,Moonblast|Timid||M|||50|]Incineroar||Leftovers|Intimidate|FakeOut,PartingShot,FlareBlitz,DarkestLariat|Adamant||M|||50|]Gholdengo||SitrusBerry|GoodasGold|SteelBeam,MakeItRain,ShadowBall,Protect|Modest|||||50|]Decidueye-Hisui||YacheBerry|Scrappy|UpperHand,TripleArrows,LeafBlade,Protect|Adamant||M|||50|
|inactive|Battle timer is ON: inactive players will automatically lose when time's up. (requested by NightshadeAI)
|inactive|FillmooreTJ has 60 seconds left.
|inactive|FillmooreTJ has 30 seconds left.
|inactive|FillmooreTJ has 20 seconds left.
|inactive|FillmooreTJ has 15 seconds left.
|
|t:|1783217501
|teamsize|p1|4
|teamsize|p2|4
|start
|switch|p1a: Whimsicott|Whimsicott, L50, M|100/100
|switch|p1b: Charizard|Charizard, L50, M|100/100
|switch|p2a: Garchomp|Garchomp, L50, F|100/100
|switch|p2b: Whimsicott|Whimsicott, L50, M|100/100
|turn|1
|
|t:|1783217516
|detailschange|p1b: Charizard|Charizard-Mega-Y, L50, M
|-mega|p1b: Charizard|Charizard|Charizardite Y
|-weather|SunnyDay|[from] ability: Drought|[of] p1b: Charizard
|move|p2b: Whimsicott|Tailwind|p2b: Whimsicott
|-sidestart|p2: FillmooreTJ|move: Tailwind
|move|p1a: Whimsicott|Tailwind|p1a: Whimsicott
|-sidestart|p1: NightshadeAI|move: Tailwind
|move|p2a: Garchomp|Rock Slide|p1a: Whimsicott|[spread] p1a,p1b
|-supereffective|p1b: Charizard|2
|-damage|p1a: Whimsicott|65/100
|-damage|p1b: Charizard|0 fnt
|faint|p1b: Charizard
|-damage|p2a: Garchomp|90/100|[from] item: Life Orb
|
|-weather|SunnyDay|[upkeep]
|upkeep
|
|t:|1783217516
|switch|p1b: Garchomp|Garchomp, L50, F|100/100
|turn|2
|inactive|FillmooreTJ has 30 seconds left.
|inactive|FillmooreTJ has 20 seconds left.
|inactive|FillmooreTJ has 15 seconds left.
|
|t:|1783217558
|move|p1a: Whimsicott|Protect|p1a: Whimsicott
|-singleturn|p1a: Whimsicott|Protect
|move|p2a: Garchomp|Protect|p2a: Garchomp
|-singleturn|p2a: Garchomp|Protect
|move|p2b: Whimsicott|Moonblast|p1a: Whimsicott
|-activate|p1a: Whimsicott|move: Protect
|move|p1b: Garchomp|Earthquake|p2b: Whimsicott|[spread] p2b
|-activate|p1a: Whimsicott|move: Protect
|-activate|p2a: Garchomp|move: Protect
|-resisted|p2b: Whimsicott|1
|-crit|p2b: Whimsicott
|-damage|p2b: Whimsicott|40/100
|-damage|p1b: Garchomp|90/100|[from] item: Life Orb
|
|-weather|SunnyDay|[upkeep]
|upkeep
|turn|3
|
|t:|1783217582
|move|p2b: Whimsicott|Moonblast|p1a: Whimsicott
|-damage|p1a: Whimsicott|16/100
|move|p1a: Whimsicott|Moonblast|p2a: Garchomp
|-supereffective|p2a: Garchomp|1
|-damage|p2a: Garchomp|28/100
|move|p2a: Garchomp|Draco Meteor|p1b: Garchomp
|-supereffective|p1b: Garchomp|1
|-damage|p1b: Garchomp|0 fnt
|-unboost|p2a: Garchomp|spa|2
|faint|p1b: Garchomp
|-damage|p2a: Garchomp|18/100|[from] item: Life Orb
|
|-weather|SunnyDay|[upkeep]
|upkeep
|
|t:|1783217582
|switch|p1b: Basculegion|Basculegion, L50, M|100/100
|turn|4
|inactive|FillmooreTJ has 30 seconds left.
|inactive|FillmooreTJ has 20 seconds left.
|
|t:|1783217621
|move|p1a: Whimsicott|Protect|p1a: Whimsicott
|-singleturn|p1a: Whimsicott|Protect
|move|p2a: Garchomp|Protect|p2a: Garchomp
|-singleturn|p2a: Garchomp|Protect
|move|p1b: Basculegion|Protect|p1b: Basculegion
|-singleturn|p1b: Basculegion|Protect
|move|p2b: Whimsicott|Moonblast|p1b: Basculegion
|-activate|p1b: Basculegion|move: Protect
|
|-weather|SunnyDay|[upkeep]
|-sideend|p1: NightshadeAI|move: Tailwind
|-sideend|p2: FillmooreTJ|move: Tailwind
|upkeep
|turn|5
|
|t:|1783217642
|move|p2b: Whimsicott|Tailwind|p2b: Whimsicott
|-sidestart|p2: FillmooreTJ|move: Tailwind
|move|p1a: Whimsicott|Tailwind|p1a: Whimsicott
|-sidestart|p1: NightshadeAI|move: Tailwind
|move|p2a: Garchomp|Rock Slide|p1b: Basculegion|[spread] p1b
|-miss|p2a: Garchomp|p1a: Whimsicott
|-damage|p1b: Basculegion|65/100
|-damage|p2a: Garchomp|8/100|[from] item: Life Orb
|move|p1b: Basculegion|Last Respects|p2b: Whimsicott
|-crit|p2b: Whimsicott
|-damage|p2b: Whimsicott|0 fnt
|faint|p2b: Whimsicott
|
|-weather|none
|upkeep
|
|t:|1783217655
|switch|p2b: Eelektross|Eelektross, L50, F|100/100
|turn|6
|
|t:|1783217663
|detailschange|p2b: Eelektross|Eelektross-Mega, L50, F
|-mega|p2b: Eelektross|Eelektross|Eelektrossite
|move|p1a: Whimsicott|Moonblast|p2a: Garchomp
|-supereffective|p2a: Garchomp|1
|-damage|p2a: Garchomp|0 fnt
|faint|p2a: Garchomp
|move|p2b: Eelektross|Discharge|p1a: Whimsicott|[spread] p1a,p1b
|-resisted|p1a: Whimsicott|1
|-supereffective|p1b: Basculegion|1
|-damage|p1a: Whimsicott|0 fnt
|-damage|p1b: Basculegion|0 fnt
|faint|p1a: Whimsicott
|faint|p1b: Basculegion
|
|win|FillmooreTJ
|raw|NightshadeAI's rating: 1068 → 1050(-18 for losing)
|raw|FillmooreTJ's rating: 1114 → 1136(+22 for winning)
