|j|☆Trinton07
|j|☆robinrambles
|html|Trinton07robinrambles    
|uhtml|bestof|Game 2 of a best-of-3
|t:|1784577142
|gametype|doubles
|player|p1|Trinton07|2|1168
|player|p2|robinrambles|dawn-gen4pt|1146
|gen|9
|tier|[Gen 9 Champions] VGC 2026 Reg M-B (Bo3)
|rated|
|rule|Species Clause: Limit one of each Pokémon
|rule|Item Clause: Limit 1 of each item
|clearpoke
|poke|p1|Grimmsnarl, L50, M|
|poke|p1|Basculegion, L50, M|
|poke|p1|Charizard, L50, F|
|poke|p1|Pelipper, L50, F|
|poke|p1|Venusaur, L50, M|
|poke|p1|Archaludon, L50, F|
|poke|p2|Staraptor, L50, M|
|poke|p2|Whimsicott, L50, F|
|poke|p2|Incineroar, L50, M|
|poke|p2|Sableye, L50, F|
|poke|p2|Excadrill, L50, F|
|poke|p2|Rotom-Wash, L50|
|teampreview|4
|showteam|p1|Grimmsnarl||LightClay|Prankster|SpiritBreak,PartingShot,Reflect,LightScreen|Sassy||M|||50|]Basculegion||ChoiceScarf|Adaptability|LastRespects,WaveCrash,AquaJet,FlipTurn|Jolly||M|||50|]Charizard||CharizarditeY|Blaze|Protect,HeatWave,WeatherBall,SolarBeam|Modest||F|||50|]Pelipper||SitrusBerry|Drizzle|Hurricane,WeatherBall,Tailwind,WideGuard|Modest||F|||50|]Venusaur||FocusSash|Chlorophyll|SludgeBomb,SleepPowder,EarthPower,Protect|Modest||M|||50|]Archaludon||Leftovers|Stamina|ElectroShot,DragonPulse,FlashCannon,Protect|Calm||F|||50|
|showteam|p2|Staraptor||Staraptite|Intimidate|Roost,Protect,CloseCombat,BraveBird|Adamant||M|||50|]Whimsicott||FocusSash|Prankster|Encore,Moonblast,Tailwind,Charm|Bold||F|||50|]Incineroar||WhiteHerb|Intimidate|FakeOut,DarkestLariat,FlareBlitz,PartingShot|Adamant||M|||50|]Sableye||SitrusBerry|Prankster|FakeOut,Taunt,Disable,FoulPlay|Impish||F|||50|]Excadrill||Excadrite|MoldBreaker|HighHorsepower,Protect,IronHead,SwordsDance|Jolly||F|||50|]Rotom-Wash||ChoiceScarf|Levitate|Trick,VoltSwitch,HydroPump,WillOWisp|Modest|||||50|
|
|t:|1784577174
|teamsize|p1|4
|teamsize|p2|4
|start
|switch|p1a: Pelipper|Pelipper, L50, F|100/100
|switch|p1b: Archaludon|Archaludon, L50, F|100/100
|switch|p2a: Sableye|Sableye, L50, F|100/100
|switch|p2b: Rotom|Rotom-Wash, L50|100/100
|-weather|RainDance|[from] ability: Drizzle|[of] p1a: Pelipper
|turn|1
|
|t:|1784577220
|move|p2a: Sableye|Fake Out|p1b: Archaludon
|-resisted|p1b: Archaludon|1
|-damage|p1b: Archaludon|97/100
|-ability|p1b: Archaludon|Stamina|boost
|-boost|p1b: Archaludon|def|1
|move|p2b: Rotom|Volt Switch|p1a: Pelipper
|-supereffective|p1a: Pelipper|2
|-damage|p1a: Pelipper|0 fnt
|faint|p1a: Pelipper
|
|t:|1784577233
|switch|p2b: Staraptor|Staraptor, L50, M|100/100|[from] Volt Switch
|-ability|p2b: Staraptor|Intimidate|boost
|-unboost|p1b: Archaludon|atk|1
|cant|p1b: Archaludon|flinch
|
|-weather|RainDance|[upkeep]
|-heal|p1b: Archaludon|100/100|[from] item: Leftovers
|upkeep
|
|t:|1784577245
|switch|p1a: Venusaur|Venusaur, L50, M|100/100
|turn|2
|
|t:|1784577257
|move|p2b: Staraptor|Protect|p2b: Staraptor
|-singleturn|p2b: Staraptor|Protect
|move|p2a: Sableye|Taunt|p1a: Venusaur
|-start|p1a: Venusaur|move: Taunt
|move|p1a: Venusaur|Earth Power|p2a: Sableye
|-damage|p2a: Sableye|62/100
|move|p1b: Archaludon|Electro Shot||[still]
|-prepare|p1b: Archaludon|Electro Shot
|-boost|p1b: Archaludon|spa|1
|-anim|p1b: Archaludon|Electro Shot|p2b: Staraptor
|-activate|p2b: Staraptor|move: Protect
|
|-weather|RainDance|[upkeep]
|upkeep
|turn|3
|
|t:|1784577273
|detailschange|p2b: Staraptor|Staraptor-Mega, L50, M
|-mega|p2b: Staraptor|Staraptor|Staraptite
|move|p2a: Sableye|Disable|p1b: Archaludon
|-start|p1b: Archaludon|Disable|Electro Shot
|move|p2b: Staraptor|Close Combat|p1b: Archaludon
|-supereffective|p1b: Archaludon|1
|-damage|p1b: Archaludon|32/100
|-boost|p2b: Staraptor|def|1
|-boost|p2b: Staraptor|spd|1
|-ability|p1b: Archaludon|Stamina|boost
|-boost|p1b: Archaludon|def|1
|move|p1a: Venusaur|Earth Power|p2a: Sableye
|-damage|p2a: Sableye|25/100
|-enditem|p2a: Sableye|Sitrus Berry|[eat]
|-heal|p2a: Sableye|50/100g|[from] item: Sitrus Berry
|cant|p1b: Archaludon|Disable|Electro Shot
|
|-weather|RainDance|[upkeep]
|-heal|p1b: Archaludon|39/100|[from] item: Leftovers
|upkeep
|turn|4
|
|t:|1784577311
|switch|p2a: Rotom|Rotom-Wash, L50|100/100
|move|p1b: Archaludon|Protect|p1b: Archaludon
|-singleturn|p1b: Archaludon|Protect
|move|p2b: Staraptor|Brave Bird|p1a: Venusaur
|-supereffective|p1a: Venusaur|1
|-enditem|p1a: Venusaur|Focus Sash
|-damage|p1a: Venusaur|1/100
|-damage|p2b: Staraptor|72/100|[from] Recoil
|move|p1a: Venusaur|Sludge Bomb|p2b: Staraptor
|-damage|p2b: Staraptor|42/100
|
|-weather|RainDance|[upkeep]
|-heal|p1b: Archaludon|45/100|[from] item: Leftovers
|-end|p1a: Venusaur|move: Taunt
|upkeep
|turn|5
|
|t:|1784577334
|switch|p1b: Charizard|Charizard, L50, F|100/100
|move|p1a: Venusaur|Protect|p1a: Venusaur
|-singleturn|p1a: Venusaur|Protect
|move|p2a: Rotom|Volt Switch|p1a: Venusaur
|-activate|p1a: Venusaur|move: Protect
|move|p2b: Staraptor|Roost|p2b: Staraptor
|-heal|p2b: Staraptor|92/100
|-singleturn|p2b: Staraptor|move: Roost
|
|-weather|none
|upkeep
|turn|6
|
|t:|1784577362
|switch|p2a: Incineroar|Incineroar, L50, M|100/100
|-ability|p2a: Incineroar|Intimidate|boost
|-unboost|p1a: Venusaur|atk|1
|-unboost|p1b: Charizard|atk|1
|detailschange|p1b: Charizard|Charizard-Mega-Y, L50, F
|-mega|p1b: Charizard|Charizard|Charizardite Y
|-weather|SunnyDay|[from] ability: Drought|[of] p1b: Charizard
|move|p1a: Venusaur|Sludge Bomb|p2a: Incineroar
|-damage|p2a: Incineroar|55/100
|move|p2b: Staraptor|Close Combat|p1a: Venusaur
|-resisted|p1a: Venusaur|1
|-damage|p1a: Venusaur|0 fnt
|-boost|p2b: Staraptor|def|1
|-boost|p2b: Staraptor|spd|1
|faint|p1a: Venusaur
|move|p1b: Charizard|Weather Ball|p2b: Staraptor
|-damage|p2b: Staraptor|51/100
|
|-weather|SunnyDay|[upkeep]
|upkeep
|
|t:|1784577380
|switch|p1a: Archaludon|Archaludon, L50, F|45/100
|turn|7
|
|t:|1784577394
|move|p2a: Incineroar|Fake Out|p1b: Charizard
|-damage|p1b: Charizard|86/100
|move|p2b: Staraptor|Close Combat|p1a: Archaludon
|-supereffective|p1a: Archaludon|1
|-damage|p1a: Archaludon|0 fnt
|-boost|p2b: Staraptor|def|1
|-boost|p2b: Staraptor|spd|1
|faint|p1a: Archaludon
|cant|p1b: Charizard|flinch
|
|-weather|SunnyDay|[upkeep]
|upkeep
|turn|8
|
|t:|1784577406
|move|p2b: Staraptor|Protect|p2b: Staraptor
|-singleturn|p2b: Staraptor|Protect
|move|p1b: Charizard|Weather Ball|p2b: Staraptor
|-activate|p2b: Staraptor|move: Protect
|move|p2a: Incineroar|Parting Shot|p1b: Charizard
|-unboost|p1b: Charizard|atk|1
|-unboost|p1b: Charizard|spa|1
|
|t:|1784577414
|switch|p2a: Sableye|Sableye, L50, F|50/100g|[from] Parting Shot
|
|-weather|SunnyDay|[upkeep]
|upkeep
|turn|9
|
|t:|1784577425
|move|p2a: Sableye|Fake Out|p1b: Charizard
|-damage|p1b: Charizard|78/100
|move|p2b: Staraptor|Brave Bird|p1b: Charizard
|-damage|p1b: Charizard|7/100
|-damage|p2b: Staraptor|28/100|[from] Recoil
|cant|p1b: Charizard|flinch
|
|-weather|SunnyDay|[upkeep]
|upkeep
|turn|10
|
|t:|1784577444
|move|p2b: Staraptor|Roost|p2b: Staraptor
|-heal|p2b: Staraptor|78/100
|-singleturn|p2b: Staraptor|move: Roost
|move|p1b: Charizard|Heat Wave|p2b: Staraptor|[spread] p2a
|-miss|p1b: Charizard|p2b: Staraptor
|-damage|p2a: Sableye|0 fnt
|faint|p2a: Sableye
|
|-weather|none
|upkeep
|
|t:|1784577453
|switch|p2a: Incineroar|Incineroar, L50, M|55/100
|-ability|p2a: Incineroar|Intimidate|boost
|-unboost|p1b: Charizard|atk|1
|turn|11
|
|t:|1784577459
|move|p1b: Charizard|Protect|p1b: Charizard
|-singleturn|p1b: Charizard|Protect
|move|p2a: Incineroar|Fake Out|p1b: Charizard
|-activate|p1b: Charizard|move: Protect
|move|p2b: Staraptor|Brave Bird|p1b: Charizard
|-activate|p1b: Charizard|move: Protect
|
|upkeep
|turn|12
|
|t:|1784577473
|move|p2b: Staraptor|Brave Bird|p1b: Charizard
|-damage|p1b: Charizard|0 fnt
|faint|p1b: Charizard
|-damage|p2b: Staraptor|76/100|[from] Recoil
|
|win|robinrambles
||robinrambles is ready for game 3.
||Trinton07 is ready for game 3.
|uhtml|next|Next: Game 3 of 3
