|j|☆trepanbad
|j|☆IngeVGC
|html|trepanbadIngeVGC    
|uhtml|bestof|Game 3 of a best-of-3
|t:|1756416986
|gametype|doubles
|player|p1|trepanbad|hilbert|1362
|player|p2|IngeVGC|fisherman-gen4|1447
|gen|9
|tier|[Gen 9] VGC 2025 Reg H (Bo3)
|rated|
|rule|Species Clause: Limit one of each Pokémon
|rule|Item Clause: Limit 1 of each item
|clearpoke
|poke|p1|Incineroar, L50, M|
|poke|p1|Ursaluna-Bloodmoon, L50, M|
|poke|p1|Sneasler, L50, F|
|poke|p1|Amoonguss, L50, M|
|poke|p1|Dragonite, L50, F|
|poke|p1|Gholdengo, L50|
|poke|p2|Kingambit, L50, F|
|poke|p2|Rillaboom, L50, M|
|poke|p2|Electabuzz, L50, M|
|poke|p2|Volcarona, L50, F|
|poke|p2|Sneasler, L50, F|
|poke|p2|Dragonite, L50, F|
|teampreview|4
|showteam|p1|Incineroar||SafetyGoggles|Intimidate|FakeOut,PartingShot,FlareBlitz,KnockOff|||M|||50|,,,,,Ghost]Ursaluna-Bloodmoon||AssaultVest|MindsEye|BloodMoon,EarthPower,HyperVoice,VacuumWave|||M|||50|,,,,,Water]Sneasler||FocusSash|Unburden|CloseCombat,DireClaw,Protect,FakeOut|||F|||50|,,,,,Stellar]Amoonguss||SitrusBerry|Regenerator|Protect,Spore,PollenPuff,RagePowder|||M|||50|,,,,,Psychic]Dragonite||LoadedDice|Multiscale|Protect,ScaleShot,Haze,Tailwind|||F|||50|,,,,,Fairy]Gholdengo||LifeOrb|GoodasGold|Protect,NastyPlot,MakeItRain,ShadowBall||||||50|,,,,,Water
|showteam|p2|Kingambit||BlackGlasses|Defiant|Protect,KowtowCleave,SuckerPunch,SwordsDance|||F|||50|,,,,,Dark]Rillaboom||AssaultVest|GrassySurge|WoodHammer,GrassyGlide,HighHorsepower,FakeOut|||M|||50|,,,,,Fire]Electabuzz||Eviolite|VitalSpirit|Protect,Thunderbolt,HelpingHand,FollowMe|||M|||50|,,,,,Ghost]Volcarona||CovertCloak|FlameBody|Protect,HeatWave,TeraBlast,QuiverDance|||F|||50|,,,,,Fairy]Sneasler||FocusSash|Unburden|CloseCombat,DireClaw,Coaching,FakeOut|||F|||50|,,,,,Stellar]Dragonite||LoadedDice|Multiscale|ScaleShot,Haze,ExtremeSpeed,Protect|||F|||50|,,,,,Fairy
|inactive|Battle timer is ON: inactive players will automatically lose when time's up. (requested by trepanbad)
|c|☆trepanbad|gg
|c|☆IngeVGC|Gg
|inactive|trepanbad has 60 seconds left.
|inactive|IngeVGC has 60 seconds left.
|
|t:|1756417033
|teamsize|p1|4
|teamsize|p2|4
|start
|switch|p1a: Dragonite|Dragonite, L50, F|100/100
|switch|p1b: Sneasler|Sneasler, L50, F|100/100
|switch|p2a: Nobunaga|Kingambit, L50, F, shiny|100/100
|switch|p2b: Snarf|Electabuzz, L50, M|100/100
|turn|1
|
|t:|1756417048
|-terastallize|p1a: Dragonite|Fairy
|move|p2a: Nobunaga|Protect|p2a: Nobunaga
|-singleturn|p2a: Nobunaga|Protect
|move|p1b: Sneasler|Fake Out|p2a: Nobunaga
|-activate|p2a: Nobunaga|move: Protect
|move|p2b: Snarf|Thunderbolt|p1a: Dragonite
|-damage|p1a: Dragonite|84/100
|move|p1a: Dragonite|Scale Shot|p2b: Snarf
|-damage|p2b: Snarf|89/100
|-damage|p2b: Snarf|76/100
|-damage|p2b: Snarf|65/100
|-damage|p2b: Snarf|54/100
|-damage|p2b: Snarf|43/100
|-hitcount|p2b: Snarf|5
|-unboost|p1a: Dragonite|def|1
|-boost|p1a: Dragonite|spe|1
|
|upkeep
|turn|2
|
|t:|1756417070
|-terastallize|p2a: Nobunaga|Dark
|move|p2b: Snarf|Helping Hand|p2a: Nobunaga
|-singleturn|p2a: Nobunaga|Helping Hand|[of] p2b: Snarf
|move|p1a: Dragonite|Scale Shot|p2b: Snarf
|-damage|p2b: Snarf|31/100
|-damage|p2b: Snarf|20/100
|-damage|p2b: Snarf|9/100
|-damage|p2b: Snarf|0 fnt
|faint|p2b: Snarf
|-hitcount|p2: Snarf|4
|-unboost|p1a: Dragonite|def|1
|-boost|p1a: Dragonite|spe|1
|move|p1b: Sneasler|Close Combat|p2a: Nobunaga
|-supereffective|p2a: Nobunaga
|-damage|p2a: Nobunaga|0 fnt
|-unboost|p1b: Sneasler|def|1
|-unboost|p1b: Sneasler|spd|1
|faint|p2a: Nobunaga
|
|upkeep
|
|t:|1756417082
|switch|p2b: Cassie|Dragonite, L50, F|100/100
|switch|p2a: Vanessa|Sneasler, L50, F|100/100
|turn|3
|
|t:|1756417103
|switch|p1b: Amoonguss|Amoonguss, L50, M|100/100
|move|p1a: Dragonite|Protect|p1a: Dragonite
|-singleturn|p1a: Dragonite|Protect
|move|p2a: Vanessa|Fake Out|p1a: Dragonite
|-activate|p1a: Dragonite|move: Protect
|move|p2b: Cassie|Haze|p2b: Cassie
|-clearallboost
|
|upkeep
|turn|4
|
|t:|1756417115
|move|p1b: Amoonguss|Rage Powder|p1b: Amoonguss
|-singleturn|p1b: Amoonguss|move: Rage Powder
|move|p2a: Vanessa|Coaching|p2b: Cassie
|-boost|p2b: Cassie|atk|1
|-boost|p2b: Cassie|def|1
|move|p2b: Cassie|Scale Shot|p1b: Amoonguss
|-damage|p1b: Amoonguss|78/100
|-damage|p1b: Amoonguss|56/100
|-damage|p1b: Amoonguss|33/100
|-enditem|p1b: Amoonguss|Sitrus Berry|[eat]
|-heal|p1b: Amoonguss|58/100|[from] item: Sitrus Berry
|-crit|p1b: Amoonguss
|-damage|p1b: Amoonguss|27/100
|-hitcount|p1b: Amoonguss|4
|-unboost|p2b: Cassie|def|1
|-boost|p2b: Cassie|spe|1
|move|p1a: Dragonite|Scale Shot|p2a: Vanessa
|-damage|p2a: Vanessa|77/100
|-damage|p2a: Vanessa|54/100
|-damage|p2a: Vanessa|27/100
|-damage|p2a: Vanessa|1/100
|-hitcount|p2a: Vanessa|4
|-unboost|p1a: Dragonite|def|1
|-boost|p1a: Dragonite|spe|1
|
|upkeep
|turn|5
|inactive|trepanbad has 30 seconds left.
|inactive|IngeVGC has 30 seconds left.
|inactive|IngeVGC has 20 seconds left.
|inactive|IngeVGC has 15 seconds left.
|inactive|IngeVGC has 10 seconds left.
|
|t:|1756417160
|move|p2b: Cassie|Extreme Speed|p1a: Dragonite
|-damage|p1a: Dragonite|0 fnt
|faint|p1a: Dragonite
|move|p1b: Amoonguss|Rage Powder|p1b: Amoonguss
|-singleturn|p1b: Amoonguss|move: Rage Powder
|move|p2a: Vanessa|Dire Claw|p1b: Amoonguss
|-damage|p1b: Amoonguss|0 fnt
|faint|p1b: Amoonguss
|
|upkeep
|
|t:|1756417166
|switch|p1a: Ursaluna|Ursaluna-Bloodmoon, L50, M|100/100
|switch|p1b: Sneasler|Sneasler, L50, F|100/100
|turn|6
|
|t:|1756417186
|move|p1b: Sneasler|Fake Out|p2b: Cassie
|-damage|p2b: Cassie|92/100
|move|p1a: Ursaluna|Vacuum Wave|p2a: Vanessa
|-resisted|p2a: Vanessa
|-damage|p2a: Vanessa|0 fnt
|faint|p2a: Vanessa
|cant|p2b: Cassie|flinch
|
|upkeep
|turn|7
|
|t:|1756417200
|move|p2b: Cassie|Protect|p2b: Cassie
|-singleturn|p2b: Cassie|Protect
|move|p1b: Sneasler|Dire Claw|p2b: Cassie
|-activate|p2b: Cassie|move: Protect
|move|p1a: Ursaluna|Blood Moon|p2b: Cassie
|-activate|p2b: Cassie|move: Protect
|
|upkeep
|turn|8
|c|☆trepanbad|GG
|
|t:|1756417212
|move|p2b: Cassie|Scale Shot|p1b: Sneasler
|-damage|p1b: Sneasler|64/100
|-damage|p1b: Sneasler|30/100
|-damage|p1b: Sneasler|0 fnt
|faint|p1b: Sneasler
|-hitcount|p1: Sneasler|3
|-unboost|p2b: Cassie|def|1
|-boost|p2b: Cassie|spe|1
|move|p1a: Ursaluna|Hyper Voice|p2b: Cassie
|-damage|p2b: Cassie|42/100
|
|upkeep
|turn|9
|
|t:|1756417225
|move|p2b: Cassie|Scale Shot|p1a: Ursaluna
|-damage|p1a: Ursaluna|83/100
|-damage|p1a: Ursaluna|66/100
|-damage|p1a: Ursaluna|50/100
|-damage|p1a: Ursaluna|33/100
|-damage|p1a: Ursaluna|17/100
|-hitcount|p1a: Ursaluna|5
|-unboost|p2b: Cassie|def|1
|-boost|p2b: Cassie|spe|1
|move|p1a: Ursaluna|Blood Moon|p2b: Cassie
|-damage|p2b: Cassie|0 fnt
|faint|p2b: Cassie
|
|win|trepanbad
|raw|trepanbad's rating: 1362 → 1387(+25 for winning)
|raw|IngeVGC's rating: 1447 → 1422(-25 for losing)
|c|☆IngeVGC|Ggs!
|c|☆trepanbad|Great games dude!
|l|☆trepanbad
|player|p1|
|c|☆IngeVGC|Actually they were
|l|☆IngeVGC
|player|p2|
|j|☆IngeVGC
|player|p2|IngeVGC|fisherman-gen4|
