|j|☆lyk0
|j|☆palle synchro
|html|lyk0palle synchro    
|uhtml|bestof|Game 1 of a best-of-3
|t:|1785767288
|gametype|doubles
|player|p1|lyk0|ghetsis|1266
|player|p2|palle synchro|ethan|1390
|gen|9
|tier|[Gen 9 Champions] VGC 2026 Reg M-B (Bo3)
|rated|
|rule|Species Clause: Limit one of each Pokémon
|rule|Item Clause: Limit 1 of each item
|clearpoke
|poke|p1|Staraptor, L50, F|
|poke|p1|Delphox, L50, M|
|poke|p1|Whimsicott, L50, F|
|poke|p1|Kingambit, L50, F|
|poke|p1|Garchomp, L50, F|
|poke|p1|Milotic, L50, M, shiny|
|poke|p2|Staraptor, L50, M, shiny|
|poke|p2|Garchomp, L50, M|
|poke|p2|Whimsicott, L50, M, shiny|
|poke|p2|Delphox, L50, M, shiny|
|poke|p2|Glimmora, L50, M, shiny|
|poke|p2|Kingambit, L50, M|
|teampreview|4
|showteam|p1|Staraptor||Staraptite|Intimidate|BraveBird,CloseCombat,Roost,Protect|Jolly||F|||50|]Delphox||Delphoxite|Blaze|HeatWave,Psychic,Substitute,Protect|Timid||M|||50|]Whimsicott||OccaBerry|Prankster|Moonblast,Tailwind,Charm,LightScreen|Timid||F|||50|]Kingambit||ChopleBerry|Defiant|LowKick,KowtowCleave,IronHead,SuckerPunch|Adamant||F|||50|]Garchomp||LifeOrb|RoughSkin|DragonClaw,Earthquake,RockSlide,Protect|Jolly||F|||50|]Milotic||Leftovers|Competitive|Recover,Scald,IcyWind,Protect|Bold||M|||50|
|showteam|p2|Staraptor||Staraptite|Intimidate|Protect,Roost,CloseCombat,BraveBird|Jolly||M|||50|]Garchomp||LifeOrb|RoughSkin|Protect,RockSlide,Earthquake,DragonClaw|Jolly||M|||50|]Whimsicott||OccaBerry|Prankster|Moonblast,Tailwind,Charm,LightScreen|Timid||M|||50|]Delphox||Delphoxite|Magician|Protect,Psychic,HeatWave,Substitute|Timid||M|||50|]Glimmora||FocusSash|ToxicDebris|SpikyShield,SludgeBomb,EarthPower,PowerGem|Timid||M|||50|]Kingambit||ChopleBerry|Defiant|SuckerPunch,LowKick,IronHead,KowtowCleave|Adamant||M|||50|
|inactive|Battle timer is ON: inactive players will automatically lose when time's up. (requested by palle synchro)
|inactive|lyk0 has 60 seconds left.
|inactive|palle synchro has 60 seconds left.
|inactive|lyk0 has 30 seconds left.
|
|t:|1785767353
|teamsize|p1|4
|teamsize|p2|4
|start
|switch|p1a: Whimsicott|Whimsicott, L50, F|100/100
|switch|p1b: Milotic|Milotic, L50, M, shiny|100/100
|switch|p2a: Staraptor|Staraptor, L50, M, shiny|100/100
|switch|p2b: Garchomp|Garchomp, L50, M|100/100
|-ability|p2a: Staraptor|Intimidate|boost
|-unboost|p1a: Whimsicott|atk|1
|-unboost|p1b: Milotic|atk|1
|-ability|p1b: Milotic|Competitive|boost
|-boost|p1b: Milotic|spa|2
|turn|1
|inactive|lyk0 has 30 seconds left.
|
|t:|1785767381
|switch|p2b: Whimsicott|Whimsicott, L50, M, shiny|100/100
|detailschange|p2a: Staraptor|Staraptor-Mega, L50, M, shiny
|-mega|p2a: Staraptor|Staraptor|Staraptite
|move|p1a: Whimsicott|Tailwind|p1a: Whimsicott
|-sidestart|p1: lyk0|move: Tailwind
|move|p1b: Milotic|Scald|p2a: Staraptor
|-damage|p2a: Staraptor|40/100
|move|p2a: Staraptor|Close Combat|p1b: Milotic
|-damage|p1b: Milotic|58/100
|-boost|p2a: Staraptor|def|1
|-boost|p2a: Staraptor|spd|1
|
|-heal|p1b: Milotic|64/100|[from] item: Leftovers
|upkeep
|turn|2
|inactive|palle synchro has 30 seconds left.
|inactive|lyk0 has 30 seconds left.
|inactive|palle synchro has 20 seconds left.
|inactive|lyk0 has 20 seconds left.
|
|t:|1785767423
|move|p2b: Whimsicott|Tailwind|p2b: Whimsicott
|-sidestart|p2: palle synchro|move: Tailwind
|move|p2a: Staraptor|Brave Bird|p1a: Whimsicott
|-supereffective|p1a: Whimsicott|1
|-damage|p1a: Whimsicott|0 fnt
|faint|p1a: Whimsicott
|-damage|p2a: Staraptor|12/100|[from] Recoil
|move|p1b: Milotic|Icy Wind|p2a: Staraptor|[spread] p2a,p2b
|-supereffective|p2a: Staraptor|1
|-supereffective|p2b: Whimsicott|1
|-damage|p2a: Staraptor|0 fnt
|-damage|p2b: Whimsicott|45/100
|-unboost|p2b: Whimsicott|spe|1
|faint|p2a: Staraptor
|
|-heal|p1b: Milotic|70/100|[from] item: Leftovers
|upkeep
|
|t:|1785767438
|switch|p2a: Glimmora|Glimmora, L50, M, shiny|100/100
|switch|p1a: Delphox|Delphox, L50, M|100/100
|turn|3
|inactive|lyk0 has 30 seconds left.
|
|t:|1785767465
|detailschange|p1a: Delphox|Delphox-Mega, L50, M
|-mega|p1a: Delphox|Delphox|Delphoxite
|move|p2a: Glimmora|Spiky Shield|p2a: Glimmora
|-singleturn|p2a: Glimmora|move: Protect
|move|p2b: Whimsicott|Light Screen|p2b: Whimsicott
|-sidestart|p2: palle synchro|move: Light Screen
|move|p1a: Delphox|Heat Wave|p2b: Whimsicott|[spread] p2b
|-activate|p2a: Glimmora|move: Protect
|-supereffective|p2b: Whimsicott|1
|-crit|p2b: Whimsicott
|-enditem|p2b: Whimsicott|Occa Berry|[eat]
|-enditem|p2b: Whimsicott|Occa Berry|[weaken]
|-damage|p2b: Whimsicott|0 fnt
|faint|p2b: Whimsicott
|move|p1b: Milotic|Scald|p2a: Glimmora
|-activate|p2a: Glimmora|move: Protect
|
|-heal|p1b: Milotic|76/100|[from] item: Leftovers
|upkeep
|
|t:|1785767479
|switch|p2b: Garchomp|Garchomp, L50, M|100/100
|turn|4
|
|t:|1785767495
|move|p1a: Delphox|Psychic|p2a: Glimmora
|-supereffective|p2a: Glimmora|1
|-enditem|p2a: Glimmora|Focus Sash
|-damage|p2a: Glimmora|1/100
|move|p2b: Garchomp|Rock Slide|p1b: Milotic|[spread] p1a,p1b
|-supereffective|p1a: Delphox|1
|-damage|p1a: Delphox|17/100
|-damage|p1b: Milotic|58/100
|-damage|p2b: Garchomp|90/100|[from] item: Life Orb
|move|p2a: Glimmora|Sludge Bomb|p1b: Milotic
|-crit|p1b: Milotic
|-damage|p1b: Milotic|7/100
|move|p1b: Milotic|Icy Wind|p2a: Glimmora|[spread] p2a,p2b
|-supereffective|p2b: Garchomp|2
|-damage|p2a: Glimmora|0 fnt
|-damage|p2b: Garchomp|33/100
|-unboost|p2b: Garchomp|spe|1
|faint|p2a: Glimmora
|
|-heal|p1b: Milotic|13/100|[from] item: Leftovers
|-sideend|p1: lyk0|move: Tailwind
|upkeep
|turn|5
|-message|palle synchro forfeited.
|
|win|lyk0
