|j|☆NightshadeAI
|j|☆znivs
|html|NightshadeAIznivs    
|uhtml|bestof|Game 2 of a best-of-3
|t:|1783493521
|gametype|doubles
|player|p1|NightshadeAI|265|1085
|player|p2|znivs|265|1076
|gen|9
|tier|[Gen 9 Champions] VGC 2026 Reg M-B (Bo3)
|rated|
|rule|Species Clause: Limit one of each Pokémon
|rule|Item Clause: Limit 1 of each item
|clearpoke
|poke|p1|Whimsicott, L50, F|
|poke|p1|Charizard, L50, F|
|poke|p1|Basculegion, L50, M|
|poke|p1|Garchomp, L50, M|
|poke|p1|Floette-Eternal, L50, F|
|poke|p1|Kingambit, L50, M|
|poke|p2|Meganium, L50, M|
|poke|p2|Aerodactyl, L50, M|
|poke|p2|Sableye, L50, M|
|poke|p2|Samurott-Hisui, L50, F|
|poke|p2|Aegislash, L50, M|
|poke|p2|Archaludon, L50, F|
|teampreview|4
|showteam|p1|Whimsicott||FocusSash|Prankster|Moonblast,Tailwind,Encore,Protect|Timid||F|||50|]Charizard||CharizarditeY|Blaze|WeatherBall,SolarBeam,HeatWave,Protect|Modest||F|||50|]Basculegion||MysticWater|Adaptability|LastRespects,WaveCrash,AquaJet,Protect|Adamant||M|||50|]Garchomp||LifeOrb|RoughSkin|DragonClaw,Earthquake,RockSlide,Protect|Adamant||M|||50|]Floette-Eternal||Floettite|FlowerVeil|DazzlingGleam,LightofRuin,Moonblast,Protect|Modest||F|||50|]Kingambit||ChopleBerry|Defiant|KowtowCleave,SuckerPunch,IronHead,LowKick|Adamant||M|||50|
|showteam|p2|Meganium||Meganiumite|LeafGuard|SolarBeam,DazzlingGleam,EarthPower,Protect|Calm||M|||50|]Aerodactyl||Aerodactylite|Unnerve|RockSlide,Protect,Tailwind,DualWingbeat|Jolly||M|||50|]Sableye||LightClay|Prankster|LightScreen,Reflect,RainDance,Encore|Bold||M|||50|]Samurott-Hisui||FocusSash|Sharpness|CeaselessEdge,AquaJet,RazorShell,Protect|Adamant||F|||50|]Aegislash||LifeOrb|StanceChange|SacredSword,ShadowSneak,KingsShield,IronHead|Adamant||M|||50|]Archaludon||Leftovers|Stamina|ElectroShot,Protect,DragonPulse,AuraSphere|Calm||F|||50|
|inactive|Battle timer is ON: inactive players will automatically lose when time's up. (requested by NightshadeAI)
|inactive|znivs has 60 seconds left.
|
|t:|1783493555
|teamsize|p1|4
|teamsize|p2|4
|start
|switch|p1a: Whimsicott|Whimsicott, L50, F|100/100
|switch|p1b: Charizard|Charizard, L50, F|100/100
|switch|p2a: Sableye|Sableye, L50, M|100/100
|switch|p2b: Aerodactyl|Aerodactyl, L50, M|100/100
|-ability|p2b: Aerodactyl|Unnerve
|turn|1
|
|t:|1783493566
|detailschange|p2b: Aerodactyl|Aerodactyl-Mega, L50, M
|-mega|p2b: Aerodactyl|Aerodactyl|Aerodactylite
|detailschange|p1b: Charizard|Charizard-Mega-Y, L50, F
|-mega|p1b: Charizard|Charizard|Charizardite Y
|-weather|SunnyDay|[from] ability: Drought|[of] p1b: Charizard
|move|p1a: Whimsicott|Tailwind|p1a: Whimsicott
|-sidestart|p1: NightshadeAI|move: Tailwind
|move|p2a: Sableye|Light Screen|p2a: Sableye
|-sidestart|p2: znivs|move: Light Screen
|move|p1b: Charizard|Heat Wave|p2a: Sableye|[spread] p2a,p2b
|-resisted|p2b: Aerodactyl|1
|-damage|p2a: Sableye|38/100
|-damage|p2b: Aerodactyl|74/100
|move|p2b: Aerodactyl|Rock Slide|p1b: Charizard|[spread] p1b
|-miss|p2b: Aerodactyl|p1a: Whimsicott
|-supereffective|p1b: Charizard|2
|-damage|p1b: Charizard|0 fnt
|faint|p1b: Charizard
|
|-weather|SunnyDay|[upkeep]
|upkeep
|
|t:|1783493566
|switch|p1b: Garchomp|Garchomp, L50, M|100/100
|turn|2
|
|t:|1783493587
|move|p2b: Aerodactyl|Protect|p2b: Aerodactyl
|-singleturn|p2b: Aerodactyl|Protect
|move|p2a: Sableye|Encore|p1a: Whimsicott
|-start|p1a: Whimsicott|Encore
|move|p1a: Whimsicott|Tailwind||[still]
|-fail|p1a: Whimsicott
|move|p1b: Garchomp|Rock Slide|p2b: Aerodactyl|[spread] p2a
|-activate|p2b: Aerodactyl|move: Protect
|-damage|p2a: Sableye|7/100
|-damage|p1b: Garchomp|90/100|[from] item: Life Orb
|
|-weather|SunnyDay|[upkeep]
|upkeep
|turn|3
|
|t:|1783493598
|switch|p1a: Basculegion|Basculegion, L50, M|100/100
|move|p2a: Sableye|Reflect|p2a: Sableye
|-sidestart|p2: znivs|Reflect
|move|p1b: Garchomp|Earthquake|p2a: Sableye|[spread] p1a,p2a
|-immune|p2b: Aerodactyl
|-damage|p1a: Basculegion|33/100
|-damage|p2a: Sableye|0 fnt
|faint|p2a: Sableye
|-damage|p1b: Garchomp|80/100|[from] item: Life Orb
|move|p2b: Aerodactyl|Dual Wingbeat|p1a: Basculegion|[miss]
|-miss|p2b: Aerodactyl|p1a: Basculegion
|
|-weather|SunnyDay|[upkeep]
|upkeep
|
|t:|1783493608
|switch|p2a: Samurott|Samurott-Hisui, L50, F|100/100
|turn|4
|inactive|znivs has 30 seconds left.
|
|t:|1783493634
|move|p2b: Aerodactyl|Protect|p2b: Aerodactyl
|-singleturn|p2b: Aerodactyl|Protect
|move|p1b: Garchomp|Rock Slide|p2b: Aerodactyl|[spread] p2a
|-activate|p2b: Aerodactyl|move: Protect
|-damage|p2a: Samurott|76/100
|-damage|p1b: Garchomp|71/100|[from] item: Life Orb
|move|p1a: Basculegion|Wave Crash|p2b: Aerodactyl
|-activate|p2b: Aerodactyl|move: Protect
|cant|p2a: Samurott|flinch
|
|-weather|SunnyDay|[upkeep]
|-sideend|p1: NightshadeAI|move: Tailwind
|upkeep
|turn|5
|
|t:|1783493649
|move|p2b: Aerodactyl|Rock Slide|p1b: Garchomp|[spread] p1a,p1b
|-resisted|p1b: Garchomp|1
|-damage|p1a: Basculegion|0 fnt
|-damage|p1b: Garchomp|55/100
|faint|p1a: Basculegion
|cant|p1b: Garchomp|flinch
|move|p2a: Samurott|Ceaseless Edge|p1b: Garchomp
|-damage|p1b: Garchomp|5/100
|-damage|p2a: Samurott|64/100|[from] ability: Rough Skin|[of] p1b: Garchomp
|-sidestart|p1: NightshadeAI|Spikes
|
|-weather|none
|upkeep
|
|t:|1783493649
|switch|p1a: Whimsicott|Whimsicott, L50, F|100/100
|-damage|p1a: Whimsicott|88/100|[from] Spikes
|turn|6
|
|t:|1783493667
|move|p1a: Whimsicott|Protect|p1a: Whimsicott
|-singleturn|p1a: Whimsicott|Protect
|move|p2a: Samurott|Aqua Jet|p1b: Garchomp
|-damage|p1b: Garchomp|0 fnt
|-damage|p2a: Samurott|52/100|[from] ability: Rough Skin|[of] p1b: Garchomp
|faint|p1b: Garchomp
|move|p2b: Aerodactyl|Dual Wingbeat|p1a: Whimsicott
|-activate|p1a: Whimsicott|move: Protect
|
|upkeep
|turn|7
|c|☆znivs|gg
|
|t:|1783493678
|move|p2b: Aerodactyl|Dual Wingbeat|p1a: Whimsicott
|-supereffective|p1a: Whimsicott|1
|-damage|p1a: Whimsicott|12/100
|-supereffective|p1a: Whimsicott|1
|-damage|p1a: Whimsicott|0 fnt
|faint|p1a: Whimsicott
|-hitcount|p1: Whimsicott|2
|
|win|znivs
|raw|NightshadeAI's rating: 1085 → 1062(-23 for losing)
|raw|znivs's rating: 1076 → 1105(+29 for winning)
|l|☆NightshadeAI
|player|p1|
