|j|☆GIRLHELL1998
|j|☆real glados
|html|GIRLHELL1998real glados    
|uhtml|bestof|Game 1 of a best-of-3
|t:|1756242920
|gametype|doubles
|player|p1|GIRLHELL1998|roxie|1058
|player|p2|real glados|169|1000
|gen|9
|tier|[Gen 9] VGC 2025 Reg H (Bo3)
|rated|
|rule|Species Clause: Limit one of each Pokémon
|rule|Item Clause: Limit 1 of each item
|clearpoke
|poke|p1|Ursaluna, L50, M|
|poke|p1|Kilowattrel, L50, F|
|poke|p1|Gholdengo, L50|
|poke|p1|Incineroar, L50, F|
|poke|p1|Amoonguss, L50, F|
|poke|p1|Porygon2, L50|
|poke|p2|Politoed, L50, F|
|poke|p2|Basculegion, L50, M|
|poke|p2|Archaludon, L50, F|
|poke|p2|Whimsicott, L50, M|
|poke|p2|Flamigo, L50, M|
|poke|p2|Rillaboom, L50, F|
|teampreview|4
|showteam|p1|Ursaluna||FlameOrb|Guts|Facade,HeadlongRush,Earthquake,Protect|||M|||50|,,,,,Fairy]Kilowattrel||FocusSash|Competitive|Thunderbolt,AirSlash,Tailwind,Protect|||F|||50|,,,,,Ghost]Gholdengo||LifeOrb|GoodasGold|MakeItRain,ShadowBall,NastyPlot,Protect||||||50|,,,,,Flying]Incineroar||AssaultVest|Intimidate|KnockOff,FlareBlitz,Uturn,FakeOut|||F|||50|,,,,,Grass]Amoonguss||SitrusBerry|Regenerator|Spore,RagePowder,SludgeBomb,Protect|||F|||50|,,,,,Water]Porygon2||Eviolite|Download|TeraBlast,IceBeam,Recover,TrickRoom||||||50|,,,,,Fighting
|showteam|p2|Politoed||ChoiceSpecs|Drizzle|EarthPower,WeatherBall,IceBeam,MuddyWater|||F|||50|,,,,,Grass]Basculegion||LifeOrb|SwiftSwim|AquaJet,WaveCrash,LastRespects,Protect|||M|||50|,,,,,Water]Archaludon||AssaultVest|Stamina|BodyPress,DracoMeteor,FlashCannon,ElectroShot|||F|||50|,,,,,Grass]Whimsicott||CovertCloak|Prankster|BeatUp,Tailwind,Encore,Moonblast|||M|||50|,,,,,Ghost]Flamigo||FocusSash|Scrappy|CloseCombat,DualWingbeat,Detect,WideGuard|||M|||50|,,,,,Steel]Rillaboom||GrassySeed|GrassySurge|FakeOut,GrassyGlide,WoodHammer,HighHorsepower|||F|||50|,,,,,Fire
|c|☆real glados|glhf
|inactive|Battle timer is ON: inactive players will automatically lose when time's up. (requested by GIRLHELL1998)
|inactive|GIRLHELL1998 has 60 seconds left.
|inactive|real glados has 60 seconds left.
|
|t:|1756242978
|teamsize|p1|4
|teamsize|p2|4
|start
|switch|p1a: Pumpy the Grumpy|Incineroar, L50, F, shiny|100/100
|switch|p1b: 뽀록나|Amoonguss, L50, F, shiny|100/100
|switch|p2a: Politoed|Politoed, L50, F, shiny|100/100
|switch|p2b: Whimsicott|Whimsicott, L50, M|100/100
|-weather|RainDance|[from] ability: Drizzle|[of] p2a: Politoed
|-ability|p1a: Pumpy the Grumpy|Intimidate|boost
|-unboost|p2a: Politoed|atk|1
|-unboost|p2b: Whimsicott|atk|1
|turn|1
|inactive|real glados has 30 seconds left.
|
|t:|1756243010
|-terastallize|p2a: Politoed|Grass
|move|p1a: Pumpy the Grumpy|Fake Out|p2a: Politoed
|-damage|p2a: Politoed|85/100
|move|p2b: Whimsicott|Tailwind|p2b: Whimsicott
|-sidestart|p2: real glados|move: Tailwind
|cant|p2a: Politoed|flinch
|move|p1b: 뽀록나|Sludge Bomb|p2b: Whimsicott
|-supereffective|p2b: Whimsicott
|-damage|p2b: Whimsicott|0 fnt
|faint|p2b: Whimsicott
|
|-weather|RainDance|[upkeep]
|upkeep
|
|t:|1756243017
|switch|p2b: Flamigo|Flamigo, L50, M|100/100
|turn|2
|
|t:|1756243042
|switch|p1a: Mr Worldwide|Gholdengo, L50|100/100
|move|p2b: Flamigo|Dual Wingbeat|p1b: 뽀록나
|-supereffective|p1b: 뽀록나
|-damage|p1b: 뽀록나|65/100
|-supereffective|p1b: 뽀록나
|-damage|p1b: 뽀록나|31/100
|-enditem|p1b: 뽀록나|Sitrus Berry|[eat]
|-heal|p1b: 뽀록나|56/100|[from] item: Sitrus Berry
|-hitcount|p1b: 뽀록나|2
|move|p2a: Politoed|Weather Ball|p1a: Mr Worldwide
|-damage|p1a: Mr Worldwide|19/100
|move|p1b: 뽀록나|Sludge Bomb|p2a: Politoed
|-supereffective|p2a: Politoed
|-damage|p2a: Politoed|41/100
|
|-weather|RainDance|[upkeep]
|upkeep
|turn|3
|
|t:|1756243063
|switch|p1a: Pumpy the Grumpy|Incineroar, L50, F, shiny|100/100
|-ability|p1a: Pumpy the Grumpy|Intimidate|boost
|-unboost|p2a: Politoed|atk|1
|-fail|p2b: Flamigo|unboost|Attack|[from] ability: Scrappy|[of] p2b: Flamigo
|move|p1b: 뽀록나|Protect|p1b: 뽀록나
|-singleturn|p1b: 뽀록나|Protect
|move|p2b: Flamigo|Dual Wingbeat|p1b: 뽀록나
|-activate|p1b: 뽀록나|move: Protect
|move|p2a: Politoed|Weather Ball|p1a: Pumpy the Grumpy
|-supereffective|p1a: Pumpy the Grumpy
|-damage|p1a: Pumpy the Grumpy|2/100
|
|-weather|RainDance|[upkeep]
|upkeep
|turn|4
|inactive|GIRLHELL1998 has 30 seconds left.
|
|t:|1756243088
|move|p2b: Flamigo|Detect|p2b: Flamigo
|-singleturn|p2b: Flamigo|Protect
|move|p1a: Pumpy the Grumpy|Fake Out|p2b: Flamigo
|-activate|p2b: Flamigo|move: Protect
|move|p2a: Politoed|Weather Ball|p1a: Pumpy the Grumpy
|-supereffective|p1a: Pumpy the Grumpy
|-crit|p1a: Pumpy the Grumpy
|-damage|p1a: Pumpy the Grumpy|0 fnt
|faint|p1a: Pumpy the Grumpy
|move|p1b: 뽀록나|Sludge Bomb|p2a: Politoed
|-supereffective|p2a: Politoed
|-damage|p2a: Politoed|0 fnt
|faint|p2a: Politoed
|
|-weather|RainDance|[upkeep]
|-sideend|p2: real glados|move: Tailwind
|upkeep
|
|t:|1756243113
|switch|p2a: Archaludon|Archaludon, L50, F|100/100
|switch|p1a: Dinko|Ursaluna, L50, M|100/100
|turn|5
|inactive|real glados has 30 seconds left.
|
|t:|1756243140
|switch|p1b: Mr Worldwide|Gholdengo, L50|19/100
|move|p1a: Dinko|Protect|p1a: Dinko
|-singleturn|p1a: Dinko|Protect
|move|p2b: Flamigo|Dual Wingbeat|p1b: Mr Worldwide|[miss]
|-miss|p2b: Flamigo|p1b: Mr Worldwide
|move|p2a: Archaludon|Electro Shot||[still]
|-prepare|p2a: Archaludon|Electro Shot
|-boost|p2a: Archaludon|spa|1
|-anim|p2a: Archaludon|Electro Shot|p1b: Mr Worldwide
|-damage|p1b: Mr Worldwide|0 fnt
|faint|p1b: Mr Worldwide
|
|-weather|none
|-status|p1a: Dinko|brn|[from] item: Flame Orb
|upkeep
|
|t:|1756243151
|switch|p1b: 뽀록나|Amoonguss, L50, F, shiny|89/100
|turn|6
|inactive|real glados has 30 seconds left.
|
|t:|1756243181
|-terastallize|p1b: 뽀록나|Water
|move|p1b: 뽀록나|Rage Powder|p1b: 뽀록나
|-singleturn|p1b: 뽀록나|move: Rage Powder
|move|p2b: Flamigo|Close Combat|p1b: 뽀록나
|-crit|p1b: 뽀록나
|-damage|p1b: 뽀록나|12/100
|-unboost|p2b: Flamigo|def|1
|-unboost|p2b: Flamigo|spd|1
|move|p2a: Archaludon|Draco Meteor|p1b: 뽀록나|[miss]
|-miss|p2a: Archaludon|p1b: 뽀록나
|move|p1a: Dinko|Headlong Rush|p2a: Archaludon
|-supereffective|p2a: Archaludon
|-damage|p2a: Archaludon|0 fnt
|-unboost|p1a: Dinko|def|1
|-unboost|p1a: Dinko|spd|1
|faint|p2a: Archaludon
|
|-damage|p1a: Dinko|95/100 brn|[from] brn
|upkeep
|turn|7
|inactive|GIRLHELL1998 has 30 seconds left.
|
|t:|1756243211
|move|p1b: 뽀록나|Protect|p1b: 뽀록나
|-singleturn|p1b: 뽀록나|Protect
|move|p2b: Flamigo|Close Combat|p1a: Dinko
|-supereffective|p1a: Dinko
|-damage|p1a: Dinko|0 fnt
|-unboost|p2b: Flamigo|def|1
|-unboost|p2b: Flamigo|spd|1
|faint|p1a: Dinko
|
|upkeep
|turn|8
|-message|GIRLHELL1998 forfeited.
|
|win|real glados
|l|☆GIRLHELL1998
|player|p1|
|j|☆GIRLHELL1998
|player|p1|GIRLHELL1998|roxie|
