|j|☆mario16172005
|j|☆tailmyroom
|html|mario16172005tailmyroom    
|uhtml|bestof|Game 1 of a best-of-3
|t:|1756205197
|gametype|doubles
|player|p1|mario16172005|workerice|1119
|player|p2|tailmyroom|scientist-gen4dp|1252
|gen|9
|tier|[Gen 9] VGC 2025 Reg H (Bo3)
|rated|
|rule|Species Clause: Limit one of each Pokémon
|rule|Item Clause: Limit 1 of each item
|clearpoke
|poke|p1|Excadrill, L50, F|
|poke|p1|Tyranitar, L50, M|
|poke|p1|Dragonite, L50, F|
|poke|p1|Magmar, L50, M|
|poke|p1|Indeedee-F, L50, F|
|poke|p1|Gholdengo, L50|
|poke|p2|Gholdengo, L50|
|poke|p2|Sneasler, L50, M|
|poke|p2|Rillaboom, L50, M|
|poke|p2|Dragonite, L50, M|
|poke|p2|Ninetales-Alola, L50, M|
|poke|p2|Arcanine-Hisui, L50, M|
|teampreview|4
|showteam|p1|Excadrill||FocusSash|SandRush|Earthquake,HighHorsepower,IronHead,Protect|||F|||50|,,,,,Stellar]Tyranitar||AssaultVest|SandStream|KnockOff,RockSlide,LowKick,TeraBlast|||M|||50|,,,,,Flying]Dragonite||LoadedDice|Multiscale|ScaleShot,Tailwind,Haze,Protect|||F|||50|,,,,,Fairy]Magmar||Eviolite|VitalSpirit|Overheat,Taunt,FollowMe,Protect|||M|||50|,,,,,Flying]Indeedee-F||PsychicSeed|PsychicSurge|Psychic,Imprison,TrickRoom,Protect|||F|||50|,,,,,Psychic]Gholdengo||LifeOrb|GoodasGold|MakeItRain,ShadowBall,NastyPlot,Protect||||||50|,,,,,Water
|showteam|p2|Gholdengo||GrassySeed|GoodasGold|NastyPlot,MakeItRain,ShadowBall,Protect||||||50|,,,,,Water]Sneasler||WhiteHerb|Unburden|CloseCombat,DireClaw,Coaching,Protect|||M|||50|,,,,,Ghost]Rillaboom||AssaultVest|GrassySurge|FakeOut,GrassyGlide,DrumBeating,HighHorsepower|||M|||50|,,,,,Fire]Dragonite||LoadedDice|Multiscale|ScaleShot,StompingTantrum,Tailwind,Protect|||M|||50|,,,,,Ground]Ninetales-Alola||FocusSash|SnowWarning|Blizzard,IcyWind,Encore,AuroraVeil|||M|||50|,,,,,Ghost]Arcanine-Hisui||ClearAmulet|Intimidate|RockSlide,FlareBlitz,ExtremeSpeed,Protect|||M|||50|,,,,,Water
|inactive|Battle timer is ON: inactive players will automatically lose when time's up. (requested by tailmyroom)
|
|t:|1756205275
|teamsize|p1|4
|teamsize|p2|4
|start
|switch|p1a: Dragonite|Dragonite, L50, F|100/100
|switch|p1b: Gholdengo|Gholdengo, L50|100/100
|switch|p2a: Sneasler|Sneasler, L50, M|100/100
|switch|p2b: Dragonite|Dragonite, L50, M|100/100
|turn|1
|inactive|tailmyroom has 30 seconds left.
|
|t:|1756205303
|move|p1a: Dragonite|Protect|p1a: Dragonite
|-singleturn|p1a: Dragonite|Protect
|move|p2a: Sneasler|Coaching|p2b: Dragonite
|-boost|p2b: Dragonite|atk|1
|-boost|p2b: Dragonite|def|1
|move|p1b: Gholdengo|Nasty Plot|p1b: Gholdengo
|-boost|p1b: Gholdengo|spa|2
|move|p2b: Dragonite|Scale Shot|p1a: Dragonite
|-activate|p1a: Dragonite|move: Protect
|
|upkeep
|turn|2
|inactive|tailmyroom has 30 seconds left.
|
|t:|1756205329
|-terastallize|p1a: Dragonite|Fairy
|-terastallize|p2b: Dragonite|Ground
|move|p2a: Sneasler|Coaching|p2b: Dragonite
|-boost|p2b: Dragonite|atk|1
|-boost|p2b: Dragonite|def|1
|move|p1b: Gholdengo|Make It Rain|p2a: Sneasler|[spread] p2a,p2b
|-damage|p2a: Sneasler|0 fnt
|-damage|p2b: Dragonite|42/100
|-unboost|p1b: Gholdengo|spa|1
|faint|p2a: Sneasler
|-damage|p1b: Gholdengo|91/100|[from] item: Life Orb
|move|p1a: Dragonite|Scale Shot|p2b: Dragonite
|-damage|p2b: Dragonite|34/100
|-damage|p2b: Dragonite|27/100
|-damage|p2b: Dragonite|19/100
|-damage|p2b: Dragonite|11/100
|-damage|p2b: Dragonite|3/100
|-hitcount|p2b: Dragonite|5
|-unboost|p1a: Dragonite|def|1
|-boost|p1a: Dragonite|spe|1
|move|p2b: Dragonite|Stomping Tantrum|p1b: Gholdengo
|-supereffective|p1b: Gholdengo
|-damage|p1b: Gholdengo|0 fnt
|faint|p1b: Gholdengo
|
|upkeep
|inactive|mario16172005 has 30 seconds left.
|inactive|tailmyroom has 30 seconds left.
|inactive|mario16172005 has 20 seconds left.
|inactive|mario16172005 has 15 seconds left.
|
|t:|1756205371
|switch|p2a: Rillaboom|Rillaboom, L50, M|100/100
|switch|p1b: Tyranitar|Tyranitar, L50, M, shiny|100/100
|-fieldstart|move: Grassy Terrain|[from] ability: Grassy Surge|[of] p2a: Rillaboom
|-weather|Sandstorm|[from] ability: Sand Stream|[of] p1b: Tyranitar
|turn|3
|inactive|mario16172005 has 30 seconds left.
|inactive|mario16172005 has 20 seconds left.
|
|t:|1756205406
|move|p2a: Rillaboom|Fake Out|p1a: Dragonite
|-damage|p1a: Dragonite|91/100
|cant|p1a: Dragonite|flinch
|move|p2b: Dragonite|Stomping Tantrum|p1b: Tyranitar
|-supereffective|p1b: Tyranitar
|-damage|p1b: Tyranitar|0 fnt
|faint|p1b: Tyranitar
|
|-weather|Sandstorm|[upkeep]
|-damage|p1a: Dragonite|85/100|[from] Sandstorm
|-damage|p2a: Rillaboom|95/100|[from] Sandstorm
|-heal|p1a: Dragonite|91/100|[from] Grassy Terrain
|-heal|p2a: Rillaboom|100/100|[from] Grassy Terrain
|-heal|p2b: Dragonite|9/100|[from] Grassy Terrain
|upkeep
|
|t:|1756205413
|switch|p1b: Magmar|Magmar, L50, M, shiny|100/100
|turn|4
|inactive|tailmyroom has 30 seconds left.
|
|t:|1756205445
|move|p1a: Dragonite|Scale Shot|p2b: Dragonite
|-damage|p2b: Dragonite|2/100
|-damage|p2b: Dragonite|0 fnt
|faint|p2b: Dragonite
|-hitcount|p2: Dragonite|2
|-unboost|p1a: Dragonite|def|1
|-boost|p1a: Dragonite|spe|1
|move|p2a: Rillaboom|High Horsepower|p1b: Magmar
|-supereffective|p1b: Magmar
|-damage|p1b: Magmar|53/100
|move|p1b: Magmar|Overheat|p2a: Rillaboom
|-supereffective|p2a: Rillaboom
|-damage|p2a: Rillaboom|14/100
|-unboost|p1b: Magmar|spa|2
|
|-weather|Sandstorm|[upkeep]
|-damage|p1a: Dragonite|85/100|[from] Sandstorm
|-damage|p2a: Rillaboom|8/100|[from] Sandstorm
|-damage|p1b: Magmar|47/100|[from] Sandstorm
|-heal|p1a: Dragonite|91/100|[from] Grassy Terrain
|-heal|p2a: Rillaboom|14/100|[from] Grassy Terrain
|-heal|p1b: Magmar|53/100|[from] Grassy Terrain
|upkeep
|
|t:|1756205449
|switch|p2b: Ninetales|Ninetales-Alola, L50, M|100/100
|-weather|Snowscape|[from] ability: Snow Warning|[of] p2b: Ninetales
|turn|5
|inactive|tailmyroom has 30 seconds left.
|inactive|tailmyroom has 20 seconds left.
|
|t:|1756205484
|move|p1a: Dragonite|Scale Shot|p2a: Rillaboom
|-crit|p2a: Rillaboom
|-damage|p2a: Rillaboom|0 fnt
|faint|p2a: Rillaboom
|-hitcount|p2: Rillaboom|1
|-unboost|p1a: Dragonite|def|1
|-boost|p1a: Dragonite|spe|1
|move|p2b: Ninetales|Blizzard|p1a: Dragonite|[spread] p1a,p1b
|-resisted|p1b: Magmar
|-damage|p1a: Dragonite|60/100
|-damage|p1b: Magmar|42/100
|-status|p1a: Dragonite|frz
|move|p1b: Magmar|Overheat|p2b: Ninetales
|-supereffective|p2b: Ninetales
|-damage|p2b: Ninetales|39/100
|-unboost|p1b: Magmar|spa|2
|
|-weather|Snowscape|[upkeep]
|-heal|p1a: Dragonite|66/100 frz|[from] Grassy Terrain
|-heal|p2b: Ninetales|45/100|[from] Grassy Terrain
|-heal|p1b: Magmar|48/100|[from] Grassy Terrain
|upkeep
|turn|6
|
|t:|1756205501
|cant|p1a: Dragonite|frz
|move|p2b: Ninetales|Blizzard|p1a: Dragonite|[spread] p1a,p1b
|-resisted|p1b: Magmar
|-damage|p1a: Dragonite|35/100 frz
|-damage|p1b: Magmar|37/100
|move|p1b: Magmar|Overheat|p2b: Ninetales
|-supereffective|p2b: Ninetales
|-damage|p2b: Ninetales|7/100
|-unboost|p1b: Magmar|spa|2
|
|-weather|Snowscape|[upkeep]
|-heal|p1a: Dragonite|41/100 frz|[from] Grassy Terrain
|-heal|p2b: Ninetales|13/100|[from] Grassy Terrain
|-heal|p1b: Magmar|42/100|[from] Grassy Terrain
|upkeep
|turn|7
|
|t:|1756205510
|cant|p1a: Dragonite|frz
|move|p2b: Ninetales|Blizzard|p1b: Magmar|[spread] p1a,p1b
|-resisted|p1b: Magmar
|-damage|p1a: Dragonite|6/100 frz
|-damage|p1b: Magmar|30/100
|move|p1b: Magmar|Overheat|p2b: Ninetales
|-supereffective|p2b: Ninetales
|-damage|p2b: Ninetales|0 fnt
|faint|p2b: Ninetales
|
|win|mario16172005
||tailmyroom is ready for game 2.
||mario16172005 is ready for game 2.
|uhtml|next|Next: Game 2 of 3
