|j|☆EnigmaEUW
|j|‽ColustrioVGC
|html|EnigmaEUWColustrioVGC    
|uhtml|bestof|Game 1 of a best-of-3
|t:|1757806317
|gametype|doubles
|player|p1|EnigmaEUW|ingo|
|player|p2|ColustrioVGC|170|
|gen|9
|tier|[Gen 9] VGC 2025 Reg H (Bo3)
|rule|Species Clause: Limit one of each Pokémon
|rule|Item Clause: Limit 1 of each item
|clearpoke
|poke|p1|Pelipper, L50, M|
|poke|p1|Archaludon, L50, M|
|poke|p1|Incineroar, L50, F|
|poke|p1|Hydreigon, L50, M|
|poke|p1|Ursaluna, L50, F|
|poke|p1|Amoonguss, L50, M|
|poke|p2|Dragonite, L50, F|
|poke|p2|Primarina, L50, M|
|poke|p2|Porygon2, L50|
|poke|p2|Ursaluna, L50, M|
|poke|p2|Incineroar, L50, M|
|poke|p2|Yanmega, L50, F|
|teampreview|4
|showteam|p1|Pelipper||CovertCloak|Drizzle|WeatherBall,Hurricane,Tailwind,Protect|||M|||50|,,,,,Grass]Archaludon||AssaultVest|Stamina|ElectroShot,BodyPress,DracoMeteor,FlashCannon|||M|||50|,,,,,Bug]Incineroar||RockyHelmet|Intimidate|FlareBlitz,KnockOff,FakeOut,PartingShot|||F|||50|,,,,,Grass]Hydreigon||SafetyGoggles|Levitate|Snarl,DracoMeteor,Tailwind,Protect|||M|||50|,,,,,Fire]Ursaluna||FlameOrb|Guts|Facade,Earthquake,HeadlongRush,Protect|||F|||50|,,,,,Ghost]Amoonguss||SitrusBerry|Regenerator|Spore,RagePowder,PollenPuff,Protect|||M|||50|,,,,,Water
|showteam|p2|Dragonite||LoadedDice|Multiscale|ScaleShot,IceSpinner,Protect,Haze|||F|||50|,,,,,Fairy]Primarina||ThroatSpray|Torrent|HyperVoice,Moonblast,Protect,ShadowBall|||M|||50|,,,,,Poison]Porygon2||Eviolite|Download|TeraBlast,IceBeam,Recover,TrickRoom||||||50|,,,,,Flying]Ursaluna||FlameOrb|Guts|HeadlongRush,Protect,Facade,Earthquake|||M|||50|,,,,,Ghost]Incineroar||SafetyGoggles|Intimidate|FakeOut,KnockOff,PartingShot,FlareBlitz|||M|||50|,,,,,Ghost]Yanmega||FocusSash|SpeedBoost|BugBuzz,AirSlash,Detect,Tailwind|||F|||50|,,,,,Ghost
|inactive|Battle timer is ON: inactive players will automatically lose when time's up. (requested by EnigmaEUW)
|c|☆EnigmaEUW|glhf
|inactive|EnigmaEUW has 60 seconds left.
|inactive|ColustrioVGC has 60 seconds left.
|inactive|ColustrioVGC has 30 seconds left.
|
|t:|1757806377
|teamsize|p1|4
|teamsize|p2|4
|start
|switch|p1a: Incineroar|Incineroar, L50, F|100/100
|switch|p1b: Amoonguss|Amoonguss, L50, M|100/100
|switch|p2a: Yanmega|Yanmega, L50, F, shiny|100/100
|switch|p2b: Primarina|Primarina, L50, M|100/100
|-ability|p1a: Incineroar|Intimidate|boost
|-unboost|p2a: Yanmega|atk|1
|-unboost|p2b: Primarina|atk|1
|turn|1
|inactive|EnigmaEUW has 30 seconds left.
|
|t:|1757806410
|switch|p2b: Incineroar|Incineroar, L50, M|100/100
|-ability|p2b: Incineroar|Intimidate|boost
|-unboost|p1a: Incineroar|atk|1
|-unboost|p1b: Amoonguss|atk|1
|move|p2a: Yanmega|Detect|p2a: Yanmega
|-singleturn|p2a: Yanmega|Protect
|move|p1a: Incineroar|Fake Out|p2b: Incineroar
|-damage|p2b: Incineroar|95/100
|move|p1b: Amoonguss|Spore|p2a: Yanmega
|-activate|p2a: Yanmega|move: Protect
|
|-ability|p2a: Yanmega|Speed Boost|boost
|-boost|p2a: Yanmega|spe|1
|upkeep
|turn|2
|inactive|ColustrioVGC has 30 seconds left.
|
|t:|1757806437
|move|p1b: Amoonguss|Protect|p1b: Amoonguss
|-singleturn|p1b: Amoonguss|Protect
|move|p2a: Yanmega|Air Slash|p1b: Amoonguss
|-activate|p1b: Amoonguss|move: Protect
|move|p1a: Incineroar|Knock Off|p2a: Yanmega
|-damage|p2a: Yanmega|67/100
|-enditem|p2a: Yanmega|Focus Sash|[from] move: Knock Off|[of] p1a: Incineroar
|move|p2b: Incineroar|Flare Blitz|p1b: Amoonguss
|-activate|p1b: Amoonguss|move: Protect
|
|-ability|p2a: Yanmega|Speed Boost|boost
|-boost|p2a: Yanmega|spe|1
|upkeep
|turn|3
|inactive|EnigmaEUW has 30 seconds left.
|inactive|ColustrioVGC has 30 seconds left.
|inactive|EnigmaEUW has 20 seconds left.
|inactive|EnigmaEUW has 15 seconds left.
|
|t:|1757806478
|switch|p1b: Hydreigon|Hydreigon, L50, M|100/100
|move|p2a: Yanmega|Bug Buzz|p1b: Hydreigon
|-supereffective|p1b: Hydreigon
|-damage|p1b: Hydreigon|6/100
|move|p1a: Incineroar|Flare Blitz|p2a: Yanmega
|-supereffective|p2a: Yanmega
|-damage|p2a: Yanmega|0 fnt
|faint|p2a: Yanmega
|-damage|p1a: Incineroar|83/100|[from] Recoil
|move|p2b: Incineroar|Parting Shot|p1a: Incineroar
|-unboost|p1a: Incineroar|atk|1
|-unboost|p1a: Incineroar|spa|1
|
|t:|1757806491
|switch|p2b: Dragonite|Dragonite, L50, F|100/100|[from] Parting Shot
|
|upkeep
|
|t:|1757806494
|switch|p2a: Incineroar|Incineroar, L50, M|95/100
|-ability|p2a: Incineroar|Intimidate|boost
|-unboost|p1a: Incineroar|atk|1
|-unboost|p1b: Hydreigon|atk|1
|turn|4
|
|t:|1757806517
|move|p1b: Hydreigon|Protect|p1b: Hydreigon
|-singleturn|p1b: Hydreigon|Protect
|move|p2b: Dragonite|Protect|p2b: Dragonite
|-singleturn|p2b: Dragonite|Protect
|move|p2a: Incineroar|Fake Out|p1b: Hydreigon
|-activate|p1b: Hydreigon|move: Protect
|move|p1a: Incineroar|Parting Shot|p2b: Dragonite
|-activate|p2b: Dragonite|move: Protect
|
|upkeep
|turn|5
|
|t:|1757806538
|-terastallize|p2b: Dragonite|Fairy
|move|p1b: Hydreigon|Snarl|p2a: Incineroar|[spread] p2a,p2b
|-resisted|p2a: Incineroar
|-resisted|p2b: Dragonite
|-damage|p2a: Incineroar|86/100
|-damage|p2b: Dragonite|96/100
|-unboost|p2a: Incineroar|spa|1
|-unboost|p2b: Dragonite|spa|1
|move|p2b: Dragonite|Ice Spinner|p1b: Hydreigon
|-supereffective|p1b: Hydreigon
|-damage|p1b: Hydreigon|0 fnt
|faint|p1b: Hydreigon
|move|p1a: Incineroar|Parting Shot|p2b: Dragonite
|-unboost|p2b: Dragonite|atk|1
|-unboost|p2b: Dragonite|spa|1
|
|t:|1757806551
|switch|p1a: Ursaluna|Ursaluna, L50, F|100/100|[from] Parting Shot
|move|p2a: Incineroar|Parting Shot|p1a: Ursaluna
|-unboost|p1a: Ursaluna|atk|1
|-unboost|p1a: Ursaluna|spa|1
|
|t:|1757806556
|switch|p2a: Primarina|Primarina, L50, M|100/100|[from] Parting Shot
|
|-status|p1a: Ursaluna|brn|[from] item: Flame Orb
|upkeep
|
|t:|1757806571
|switch|p1b: Amoonguss|Amoonguss, L50, M|100/100
|turn|6
|
|t:|1757806584
|switch|p2b: Incineroar|Incineroar, L50, M|86/100
|-ability|p2b: Incineroar|Intimidate|boost
|-unboost|p1a: Ursaluna|atk|1
|-unboost|p1b: Amoonguss|atk|1
|switch|p1a: Incineroar|Incineroar, L50, F|83/100
|-ability|p1a: Incineroar|Intimidate|boost
|-unboost|p2a: Primarina|atk|1
|-unboost|p2b: Incineroar|atk|1
|-terastallize|p1b: Amoonguss|Water
|move|p2a: Primarina|Hyper Voice|p1b: Amoonguss|[spread] p1a,p1b
|-damage|p1a: Incineroar|68/100
|-damage|p1b: Amoonguss|81/100
|-enditem|p2a: Primarina|Throat Spray
|-boost|p2a: Primarina|spa|1|[from] item: Throat Spray
|move|p1b: Amoonguss|Spore|p2b: Incineroar
|-activate|p2b: Incineroar|item: Safety Goggles|Spore
|
|upkeep
|turn|7
|
|t:|1757806605
|move|p2a: Primarina|Protect|p2a: Primarina
|-singleturn|p2a: Primarina|Protect
|move|p1a: Incineroar|Fake Out|p2b: Incineroar
|-damage|p2b: Incineroar|77/100
|cant|p2b: Incineroar|flinch
|move|p1b: Amoonguss|Spore|p2a: Primarina
|-activate|p2a: Primarina|move: Protect
|
|upkeep
|turn|8
|
|t:|1757806621
|move|p1b: Amoonguss|Protect|p1b: Amoonguss
|-singleturn|p1b: Amoonguss|Protect
|move|p1a: Incineroar|Parting Shot|p2a: Primarina
|-unboost|p2a: Primarina|atk|1
|-unboost|p2a: Primarina|spa|1
|
|t:|1757806626
|switch|p1a: Ursaluna|Ursaluna, L50, F|100/100 brn|[from] Parting Shot
|move|p2b: Incineroar|Knock Off|p1b: Amoonguss
|-activate|p1b: Amoonguss|move: Protect
|move|p2a: Primarina|Hyper Voice|p1a: Ursaluna|[spread] p1a
|-activate|p1b: Amoonguss|move: Protect
|-damage|p1a: Ursaluna|80/100 brn
|
|-damage|p1a: Ursaluna|74/100 brn|[from] brn
|upkeep
|turn|9
|inactive|ColustrioVGC has 30 seconds left.
|
|t:|1757806651
|move|p2a: Primarina|Protect|p2a: Primarina
|-singleturn|p2a: Primarina|Protect
|move|p1a: Ursaluna|Facade|p2b: Incineroar
|-damage|p2b: Incineroar|0 fnt
|faint|p2b: Incineroar
|move|p1b: Amoonguss|Spore|p2a: Primarina
|-activate|p2a: Primarina|move: Protect
|
|-damage|p1a: Ursaluna|68/100 brn|[from] brn
|upkeep
|
|t:|1757806662
|switch|p2b: Dragonite|Dragonite, L50, F, tera:Fairy|96/100
|turn|10
|
|t:|1757806670
|move|p1a: Ursaluna|Protect|p1a: Ursaluna
|-singleturn|p1a: Ursaluna|Protect
|move|p2b: Dragonite|Scale Shot|p1b: Amoonguss
|-damage|p1b: Amoonguss|70/100
|-damage|p1b: Amoonguss|59/100
|-damage|p1b: Amoonguss|47/100
|-enditem|p1b: Amoonguss|Sitrus Berry|[eat]
|-heal|p1b: Amoonguss|72/100|[from] item: Sitrus Berry
|-damage|p1b: Amoonguss|60/100
|-damage|p1b: Amoonguss|49/100
|-hitcount|p1b: Amoonguss|5
|-unboost|p2b: Dragonite|def|1
|-boost|p2b: Dragonite|spe|1
|move|p2a: Primarina|Hyper Voice|p1b: Amoonguss|[spread] p1b
|-activate|p1a: Ursaluna|move: Protect
|-damage|p1b: Amoonguss|30/100
|move|p1b: Amoonguss|Spore|p2b: Dragonite
|-status|p2b: Dragonite|slp|[from] move: Spore
|
|-damage|p1a: Ursaluna|62/100 brn|[from] brn
|upkeep
|turn|11
|inactive|ColustrioVGC has 30 seconds left.
|
|t:|1757806698
|switch|p1b: Incineroar|Incineroar, L50, F|68/100
|-ability|p1b: Incineroar|Intimidate|boost
|-unboost|p2a: Primarina|atk|1
|-unboost|p2b: Dragonite|atk|1
|cant|p2b: Dragonite|slp
|move|p1a: Ursaluna|Facade|p2a: Primarina
|-damage|p2a: Primarina|0 fnt
|faint|p2a: Primarina
|
|-damage|p1a: Ursaluna|55/100 brn|[from] brn
|upkeep
|turn|12
|
|t:|1757806713
|move|p1b: Incineroar|Fake Out|p2b: Dragonite
|-damage|p2b: Dragonite|82/100 slp
|cant|p2b: Dragonite|slp
|move|p1a: Ursaluna|Facade|p2b: Dragonite
|-damage|p2b: Dragonite|0 fnt
|faint|p2b: Dragonite
|
|win|EnigmaEUW
||EnigmaEUW is ready for game 2.
||ColustrioVGC is ready for game 2.
|uhtml|next|Next: Game 2 of 3
|j| ethnol1816
|l|‽ColustrioVGC
|player|p2|
|l| ethnol1816
