|j|☆kememe
|j|☆bigpapalopa
|html|kememebigpapalopa    
|uhtml|bestof|Game 2 of a best-of-3
|t:|1785074786
|gametype|doubles
|player|p1|kememe|crasherwake|1050
|player|p2|bigpapalopa|alder|1095
|gen|9
|tier|[Gen 9 Champions] VGC 2026 Reg M-B (Bo3)
|rated|
|rule|Species Clause: Limit one of each Pokémon
|rule|Item Clause: Limit 1 of each item
|clearpoke
|poke|p1|Delphox, L50, M|
|poke|p1|Sylveon, L50, M|
|poke|p1|Vanilluxe, L50, M|
|poke|p1|Incineroar, L50, M|
|poke|p1|Farigiraf, L50, M|
|poke|p1|Garchomp, L50, F|
|poke|p2|Aerodactyl, L50, F|
|poke|p2|Incineroar, L50, M|
|poke|p2|Sneasler, L50, F|
|poke|p2|Aegislash, L50, F|
|poke|p2|Delphox, L50, F|
|poke|p2|Garchomp, L50, M|
|teampreview|4
|showteam|p1|Delphox||Delphoxite|Magician|HeatWave,Psychic,NastyPlot,Protect|Modest||M|||50|]Sylveon||FairyFeather|Pixilate|HyperVoice,Protect,HyperBeam,MysticalFire|Modest||M|||50|]Vanilluxe||FocusSash|SnowWarning|AuroraVeil,Blizzard,Protect,FreezeDry|Timid||M|||50|]Incineroar||ChopleBerry|Intimidate|FlareBlitz,PartingShot,FakeOut,ThroatChop|Adamant||M|||50|]Farigiraf||Leftovers|ArmorTail|Psychic,Protect,TrickRoom,ThunderWave|Modest||M|||50|]Garchomp||LifeOrb|RoughSkin|RockSlide,Protect,Earthquake,DragonClaw|Jolly||F|||50|
|showteam|p2|Aerodactyl||FocusSash|Unnerve|DualWingbeat,Taunt,RockSlide,Tailwind|Jolly||F|||50|]Incineroar||SitrusBerry|Intimidate|FakeOut,Protect,WillOWisp,PartingShot|Impish||M|||50|]Sneasler||ExpertBelt|PoisonTouch|DireClaw,CloseCombat,RockSlide,Uturn|Jolly||F|||50|]Aegislash||Leftovers|StanceChange|KingsShield,IronHead,ShadowSneak,SwordsDance|Adamant||F|||50|]Delphox||Delphoxite|Blaze|Psychic,HeatWave,ScorchingSands,DazzlingGleam|Timid||F|||50|]Garchomp||ChoiceScarf|RoughSkin|Earthquake,DragonClaw,IronHead,PoisonJab|Adamant||M|||50|
|
|t:|1785074803
|teamsize|p1|4
|teamsize|p2|4
|start
|switch|p1a: Farigiraf|Farigiraf, L50, M|100/100
|switch|p1b: Garchomp|Garchomp, L50, F|100/100
|switch|p2a: Sneasler|Sneasler, L50, F|100/100
|switch|p2b: Incineroar|Incineroar, L50, M|100/100
|-ability|p2b: Incineroar|Intimidate|boost
|-unboost|p1a: Farigiraf|atk|1
|-unboost|p1b: Garchomp|atk|1
|turn|1
|
|t:|1785074832
|switch|p1a: Incineroar|Incineroar, L50, M|100/100
|-ability|p1a: Incineroar|Intimidate|boost
|-unboost|p2a: Sneasler|atk|1
|-unboost|p2b: Incineroar|atk|1
|move|p2b: Incineroar|Protect|p2b: Incineroar
|-singleturn|p2b: Incineroar|Protect
|move|p2a: Sneasler|U-turn|p1a: Incineroar
|-damage|p1a: Incineroar|84/100
|
|t:|1785074842
|switch|p2a: Garchomp|Garchomp, L50, M|100/100|[from] U-turn
|move|p1b: Garchomp|Rock Slide|p2b: Incineroar|[spread] p2a
|-activate|p2b: Incineroar|move: Protect
|-resisted|p2a: Garchomp|1
|-damage|p2a: Garchomp|92/100
|-damage|p1b: Garchomp|90/100|[from] item: Life Orb
|
|upkeep
|turn|2
|
|t:|1785074860
|move|p2a: Garchomp|Dragon Claw|p1b: Garchomp
|-supereffective|p1b: Garchomp|1
|-damage|p1b: Garchomp|0 fnt
|-damage|p2a: Garchomp|80/100|[from] ability: Rough Skin|[of] p1b: Garchomp
|faint|p1b: Garchomp
|move|p2b: Incineroar|Parting Shot|p1a: Incineroar
|-unboost|p1a: Incineroar|atk|1
|-unboost|p1a: Incineroar|spa|1
|
|t:|1785074868
|switch|p2b: Sneasler|Sneasler, L50, F|100/100|[from] Parting Shot
|move|p1a: Incineroar|Parting Shot|p2a: Garchomp
|-unboost|p2a: Garchomp|atk|1
|-unboost|p2a: Garchomp|spa|1
|
|t:|1785074875
|switch|p1a: Delphox|Delphox, L50, M|100/100|[from] Parting Shot
|
|upkeep
|
|t:|1785074878
|switch|p1b: Farigiraf|Farigiraf, L50, M|100/100
|turn|3
|
|t:|1785074890
|switch|p2a: Incineroar|Incineroar, L50, M|100/100
|-ability|p2a: Incineroar|Intimidate|boost
|-unboost|p1a: Delphox|atk|1
|-unboost|p1b: Farigiraf|atk|1
|detailschange|p1a: Delphox|Delphox-Mega, L50, M
|-mega|p1a: Delphox|Delphox|Delphoxite
|move|p2b: Sneasler|Rock Slide|p1b: Farigiraf|[spread] 
|-miss|p2b: Sneasler|p1a: Delphox
|-miss|p2b: Sneasler|p1b: Farigiraf
|move|p1a: Delphox|Psychic|p2a: Incineroar
|-immune|p2a: Incineroar
|move|p1b: Farigiraf|Psychic|p2b: Sneasler
|-supereffective|p2b: Sneasler|2
|-damage|p2b: Sneasler|0 fnt
|faint|p2b: Sneasler
|
|upkeep
|
|t:|1785074905
|switch|p2b: Garchomp|Garchomp, L50, M|80/100
|turn|4
|
|t:|1785074931
|switch|p1a: Incineroar|Incineroar, L50, M|84/100
|-ability|p1a: Incineroar|Intimidate|boost
|-unboost|p2a: Incineroar|atk|1
|-unboost|p2b: Garchomp|atk|1
|move|p2b: Garchomp|Dragon Claw|p1a: Incineroar
|-damage|p1a: Incineroar|57/100
|move|p2a: Incineroar|Parting Shot|p1a: Incineroar
|-unboost|p1a: Incineroar|atk|1
|-unboost|p1a: Incineroar|spa|1
|
|t:|1785074942
|switch|p2a: Delphox|Delphox, L50, F|100/100|[from] Parting Shot
|move|p1b: Farigiraf|Psychic|p2b: Garchomp
|-damage|p2b: Garchomp|26/100
|
|upkeep
|turn|5
|
|t:|1785074966
|detailschange|p2a: Delphox|Delphox-Mega, L50, F
|-mega|p2a: Delphox|Delphox|Delphoxite
|move|p2b: Garchomp|Dragon Claw|p1b: Farigiraf
|-damage|p1b: Farigiraf|68/100
|move|p2a: Delphox|Heat Wave|p1b: Farigiraf|[spread] p1b
|-miss|p2a: Delphox|p1a: Incineroar
|-damage|p1b: Farigiraf|26/100
|move|p1a: Incineroar|Throat Chop|p2a: Delphox
|-supereffective|p2a: Delphox|1
|-damage|p2a: Delphox|31/100
|-start|p2a: Delphox|Throat Chop|[silent]
|move|p1b: Farigiraf|Psychic|p2b: Garchomp
|-damage|p2b: Garchomp|0 fnt
|faint|p2b: Garchomp
|
|-heal|p1b: Farigiraf|32/100|[from] item: Leftovers
|upkeep
|
|t:|1785074980
|switch|p2b: Incineroar|Incineroar, L50, M|100/100
|-ability|p2b: Incineroar|Intimidate|boost
|-unboost|p1a: Incineroar|atk|1
|-unboost|p1b: Farigiraf|atk|1
|turn|6
|
|t:|1785075002
|switch|p1a: Delphox|Delphox-Mega, L50, M|100/100
|move|p1b: Farigiraf|Protect|p1b: Farigiraf
|-singleturn|p1b: Farigiraf|Protect
|move|p2b: Incineroar|Protect|p2b: Incineroar
|-singleturn|p2b: Incineroar|Protect
|move|p2a: Delphox|Dazzling Gleam|p1a: Delphox|[spread] p1a
|-activate|p1b: Farigiraf|move: Protect
|-resisted|p1a: Delphox|1
|-damage|p1a: Delphox|87/100
|
|-heal|p1b: Farigiraf|38/100|[from] item: Leftovers
|-end|p2a: Delphox|Throat Chop|[silent]
|upkeep
|turn|7
|j| tedidn
|
|t:|1785075024
|switch|p1b: Incineroar|Incineroar, L50, M|57/100
|-ability|p1b: Incineroar|Intimidate|boost
|-unboost|p2a: Delphox|atk|1
|-unboost|p2b: Incineroar|atk|1
|move|p2a: Delphox|Heat Wave|p1b: Incineroar|[spread] p1a,p1b
|-resisted|p1a: Delphox|1
|-resisted|p1b: Incineroar|1
|-damage|p1a: Delphox|68/100
|-damage|p1b: Incineroar|37/100
|move|p1a: Delphox|Nasty Plot|p1a: Delphox
|-boost|p1a: Delphox|spa|2
|move|p2b: Incineroar|Parting Shot|p1a: Delphox
|-unboost|p1a: Delphox|atk|1
|-unboost|p1a: Delphox|spa|1
|
|upkeep
|turn|8
|l|☆kememe
|player|p1|
|j|☆kememe
|player|p1|kememe|crasherwake|
|-message|bigpapalopa forfeited.
|raw|kememe's rating: 1050 → 1087(+37 for winning)
|raw|bigpapalopa's rating: 1095 → 1068(-27 for losing)
|
|win|kememe
