|j|☆antimatterj
|j|☆GreatBallEnjoyer
|html|antimatterjGreatBallEnjoyer    
|uhtml|bestof|Game 2 of a best-of-3
|t:|1783299089
|gametype|doubles
|player|p1|antimatterj|1|
|player|p2|GreatBallEnjoyer|harlequin|
|gen|9
|tier|[Gen 9 Champions] VGC 2026 Reg M-B (Bo3)
|rule|Species Clause: Limit one of each Pokémon
|rule|Item Clause: Limit 1 of each item
|clearpoke
|poke|p1|Basculegion, L50, M, shiny|
|poke|p1|Alakazam, L50, M, shiny|
|poke|p1|Aerodactyl, L50, F, shiny|
|poke|p1|Meowstic, L50, M, shiny|
|poke|p1|Kangaskhan, L50, F, shiny|
|poke|p1|Incineroar, L50, F, shiny|
|poke|p2|Banette, L50, M, shiny|
|poke|p2|Talonflame, L50, M, shiny|
|poke|p2|Garchomp, L50, F|
|poke|p2|Primarina, L50, M|
|poke|p2|Sceptile, L50, M, shiny|
|poke|p2|Grimmsnarl, L50, M, shiny|
|teampreview|4
|showteam|p1|Basculegion||ChoiceScarf|Adaptability|LastRespects,FlipTurn,WaveCrash,Outrage|Adamant||M|||50|]Alakazam||Alakazite|InnerFocus|NastyPlot,ExpandingForce,FocusBlast,Protect|Modest||M|||50|]Aerodactyl||FocusSash|RockHead|RockSlide,PsychicFangs,Tailwind,Taunt|Naughty||F|||50|]Meowstic||Meowsticite|Prankster|FakeOut,PsychicTerrain,ExpandingForce,ThunderWave|Modest||M|||50|]Kangaskhan||SilkScarf|Scrappy|FakeOut,LastResort|Adamant||F|||50|]Incineroar||SitrusBerry|Intimidate|FakeOut,BrickBreak,IronHead,PartingShot|Adamant||F|||50|
|showteam|p2|Banette||Banettite|Frisk|Poltergeist,ThroatChop,Taunt,ThunderWave|Jolly||M|||50|]Talonflame||SharpBeak|GaleWings|BraveBird,FlareBlitz,Tailwind,Protect|Adamant||M|||50|]Garchomp||LifeOrb|RoughSkin|DragonClaw,RockSlide,BrickBreak,Protect|Jolly||F|||50|]Primarina||MysticWater|LiquidVoice|HyperVoice,IceBeam,Moonblast,Protect|Timid||M|||50|]Sceptile||MentalHerb|Unburden|LeafStorm,FocusBlast,DragonPulse,Protect|Modest||M|||50|]Grimmsnarl||ExpertBelt|Prankster|PlayRough,BrickBreak,ThunderPunch,BulkUp|Jolly||M|||50|
|
|t:|1783299114
|teamsize|p1|4
|teamsize|p2|4
|start
|switch|p1a: Aerodactyl|Aerodactyl, L50, F, shiny|100/100
|switch|p1b: Incineroar|Incineroar, L50, F, shiny|100/100
|switch|p2a: Talonflame|Talonflame, L50, M, shiny|100/100
|switch|p2b: Grimmsnarl|Grimmsnarl, L50, M, shiny|100/100
|-ability|p1b: Incineroar|Intimidate|boost
|-unboost|p2a: Talonflame|atk|1
|-unboost|p2b: Grimmsnarl|atk|1
|turn|1
|
|t:|1783299143
|move|p1b: Incineroar|Fake Out|p2a: Talonflame
|-damage|p2a: Talonflame|76/100
|move|p2b: Grimmsnarl|Bulk Up|p2b: Grimmsnarl
|-boost|p2b: Grimmsnarl|atk|1
|-boost|p2b: Grimmsnarl|def|1
|move|p1a: Aerodactyl|Tailwind|p1a: Aerodactyl
|-sidestart|p1: antimatterj|move: Tailwind
|cant|p2a: Talonflame|flinch
|
|upkeep
|turn|2
|
|t:|1783299186
|switch|p2a: Primarina|Primarina, L50, M|100/100
|move|p1a: Aerodactyl|Rock Slide|p2b: Grimmsnarl|[spread] 
|-miss|p1a: Aerodactyl|p2a: Primarina
|-miss|p1a: Aerodactyl|p2b: Grimmsnarl
|move|p1b: Incineroar|Parting Shot|p2b: Grimmsnarl
|-unboost|p2b: Grimmsnarl|atk|1
|-unboost|p2b: Grimmsnarl|spa|1
|
|t:|1783299196
|switch|p1b: Kangaskhan|Kangaskhan, L50, F, shiny|100/100|[from] Parting Shot
|move|p2b: Grimmsnarl|Play Rough|p1b: Kangaskhan|[miss]
|-miss|p2b: Grimmsnarl|p1b: Kangaskhan
|
|upkeep
|turn|3
|
|t:|1783299215
|move|p2a: Primarina|Protect|p2a: Primarina
|-singleturn|p2a: Primarina|Protect
|move|p1b: Kangaskhan|Fake Out|p2a: Primarina
|-activate|p2a: Primarina|move: Protect
|move|p2b: Grimmsnarl|Bulk Up|p2b: Grimmsnarl
|-boost|p2b: Grimmsnarl|atk|1
|-boost|p2b: Grimmsnarl|def|1
|move|p1a: Aerodactyl|Rock Slide|p2b: Grimmsnarl|[spread] p2b
|-activate|p2a: Primarina|move: Protect
|-damage|p2b: Grimmsnarl|78/100
|
|upkeep
|turn|4
|
|t:|1783299236
|switch|p1a: Incineroar|Incineroar, L50, F, shiny|100/100
|-ability|p1a: Incineroar|Intimidate|boost
|-unboost|p2a: Primarina|atk|1
|-unboost|p2b: Grimmsnarl|atk|1
|move|p1b: Kangaskhan|Last Resort|p2a: Primarina
|-damage|p2a: Primarina|19/100
|move|p2a: Primarina|Hyper Voice|p1b: Kangaskhan|[spread] p1a,p1b
|-supereffective|p1a: Incineroar|1
|-damage|p1a: Incineroar|36/100
|-damage|p1b: Kangaskhan|68/100
|-enditem|p1a: Incineroar|Sitrus Berry|[eat]
|-heal|p1a: Incineroar|61/100|[from] item: Sitrus Berry
|move|p2b: Grimmsnarl|Brick Break|p1b: Kangaskhan
|-supereffective|p1b: Kangaskhan|1
|-damage|p1b: Kangaskhan|27/100
|
|-sideend|p1: antimatterj|move: Tailwind
|upkeep
|turn|5
|
|t:|1783299256
|move|p2a: Primarina|Protect|p2a: Primarina
|-singleturn|p2a: Primarina|Protect
|move|p1a: Incineroar|Fake Out|p2b: Grimmsnarl
|-damage|p2b: Grimmsnarl|68/100
|cant|p2b: Grimmsnarl|flinch
|move|p1b: Kangaskhan|Last Resort|p2b: Grimmsnarl
|-damage|p2b: Grimmsnarl|6/100
|
|upkeep
|turn|6
|
|t:|1783299289
|move|p2b: Grimmsnarl|Play Rough|p1a: Incineroar
|-crit|p1a: Incineroar
|-damage|p1a: Incineroar|1/100
|move|p2a: Primarina|Hyper Voice|p1a: Incineroar|[spread] p1a,p1b
|-supereffective|p1a: Incineroar|1
|-damage|p1a: Incineroar|0 fnt
|-damage|p1b: Kangaskhan|0 fnt
|faint|p1a: Incineroar
|faint|p1b: Kangaskhan
|
|upkeep
|
|t:|1783299298
|switch|p1b: Basculegion|Basculegion, L50, M, shiny|100/100
|switch|p1a: Aerodactyl|Aerodactyl, L50, F, shiny|100/100
|turn|7
|
|t:|1783299321
|move|p1b: Basculegion|Last Respects|p2a: Primarina
|-damage|p2a: Primarina|0 fnt
|faint|p2a: Primarina
|move|p1a: Aerodactyl|Rock Slide|p2b: Grimmsnarl
|-damage|p2b: Grimmsnarl|0 fnt
|faint|p2b: Grimmsnarl
|
|upkeep
|
|t:|1783299329
|switch|p2b: Talonflame|Talonflame, L50, M, shiny|76/100
|switch|p2a: Banette|Banette, L50, M, shiny|100/100
|-item|p1a: Aerodactyl|Focus Sash|[from] ability: Frisk|[of] p2a: Banette
|-item|p1b: Basculegion|Choice Scarf|[from] ability: Frisk|[of] p2a: Banette
|turn|8
|
|t:|1783299339
|detailschange|p2a: Banette|Banette-Mega, L50, M, shiny
|-mega|p2a: Banette|Banette|Banettite
|move|p2a: Banette|Taunt|p1a: Aerodactyl
|-start|p1a: Aerodactyl|move: Taunt
|move|p1b: Basculegion|Last Respects|p2a: Banette
|-supereffective|p2a: Banette|1
|-damage|p2a: Banette|0 fnt
|faint|p2a: Banette
|move|p1a: Aerodactyl|Rock Slide|p2b: Talonflame|[miss]
|-miss|p1a: Aerodactyl|p2b: Talonflame
|move|p2b: Talonflame|Tailwind|p2b: Talonflame
|-sidestart|p2: GreatBallEnjoyer|move: Tailwind
|
|upkeep
|turn|9
|
|t:|1783299356
|move|p2b: Talonflame|Brave Bird|p1b: Basculegion
|-damage|p1b: Basculegion|26/100
|-damage|p2b: Talonflame|45/100|[from] Recoil
|move|p1b: Basculegion|Last Respects|p2b: Talonflame
|-damage|p2b: Talonflame|0 fnt
|faint|p2b: Talonflame
|
|win|antimatterj
