|j|☆Crystneel
|j|☆alfre22
|html|Crystneelalfre22    
|uhtml|bestof|Game 2 of a best-of-3
|t:|1757159766
|gametype|doubles
|player|p1|Crystneel|ethan|1179
|player|p2|alfre22|benga|1110
|gen|9
|tier|[Gen 9] VGC 2025 Reg H (Bo3)
|rated|
|rule|Species Clause: Limit one of each Pokémon
|rule|Item Clause: Limit 1 of each item
|clearpoke
|poke|p1|Volcarona, L50, M|
|poke|p1|Electabuzz, L50, M|
|poke|p1|Sneasler, L50, F|
|poke|p1|Rillaboom, L50, F|
|poke|p1|Dragonite, L50, F|
|poke|p1|Ursaluna-Bloodmoon, L50, M|
|poke|p2|Sneasler, L50, M|
|poke|p2|Dragapult, L50, M|
|poke|p2|Primarina, L50, M|
|poke|p2|Kingambit, L50, F|
|poke|p2|Magmar, L50, M|
|poke|p2|Rillaboom, L50, M|
|teampreview|4
|showteam|p1|Volcarona||Leftovers|FlameBody|FieryDance,QuiverDance,GigaDrain,Protect|||M|||50|,,,,,Water]Electabuzz||Eviolite|Static|FollowMe,Electroweb,VoltSwitch,Taunt|||M|||50|,,,,,Fairy]Sneasler||GrassySeed|Unburden|DireClaw,CloseCombat,ThroatChop,Protect|||F|||50|,,,,,Dark]Rillaboom||AssaultVest|GrassySurge|FakeOut,GrassyGlide,WoodHammer,Uturn|||F|||50|,,,,,Fire]Dragonite||LoadedDice|Multiscale|ExtremeSpeed,ScaleShot,IceSpinner,LowKick|||F|||50|,,,,,Normal]Ursaluna-Bloodmoon||ThroatSpray|MindsEye|BloodMoon,HyperVoice,EarthPower,Protect|||M|||50|,,,,,Poison
|showteam|p2|Sneasler||FocusSash|PoisonTouch|CloseCombat,DireClaw,FakeOut,Protect|||M|||50|,,,,,Stellar]Dragapult||ChoiceBand|ClearBody|DragonDarts,TeraBlast,PhantomForce,Uturn|||M|||50|,,,,,Ghost]Primarina||SitrusBerry|LiquidVoice|HyperVoice,Moonblast,Haze,Protect|||M|||50|,,,,,Poison]Kingambit||BlackGlasses|Defiant|KowtowCleave,SuckerPunch,SwordsDance,Protect|||F|||50|,,,,,Ghost]Magmar||Eviolite|VitalSpirit|Overheat,WillOWisp,FollowMe,Protect|||M|||50|,,,,,Ghost]Rillaboom||AssaultVest|GrassySurge|WoodHammer,GrassyGlide,HighHorsepower,FakeOut|||M|||50|,,,,,Fire
|inactive|Battle timer is ON: inactive players will automatically lose when time's up. (requested by alfre22)
|inactive|alfre22 has 60 seconds left.
|inactive|alfre22 has 30 seconds left.
|inactive|alfre22 has 20 seconds left.
|inactive|alfre22 has 15 seconds left.
|inactive|alfre22 has 10 seconds left.
|
|t:|1757159847
|teamsize|p1|4
|teamsize|p2|4
|start
|switch|p1a: Dragonite|Dragonite, L50, F|100/100
|switch|p1b: Electabuzz|Electabuzz, L50, M|100/100
|switch|p2a: Sneasler|Sneasler, L50, M|100/100
|switch|p2b: Dragapult|Dragapult, L50, M|100/100
|turn|1
|inactive|Crystneel has 30 seconds left.
|
|t:|1757159879
|move|p2a: Sneasler|Fake Out|p1b: Electabuzz
|-damage|p1b: Electabuzz|87/100
|-status|p1b: Electabuzz|psn|[from] ability: Poison Touch|[of] p2a: Sneasler
|cant|p1b: Electabuzz|flinch
|move|p2b: Dragapult|Dragon Darts|p1a: Dragonite
|-supereffective|p1a: Dragonite
|-damage|p1a: Dragonite|55/100
|-anim|p2b: Dragapult|Dragon Darts|p1b: Electabuzz
|-damage|p1b: Electabuzz|53/100 psn
|move|p1a: Dragonite|Scale Shot|p2b: Dragapult|[miss]
|-miss|p1a: Dragonite|p2b: Dragapult
|
|-damage|p1b: Electabuzz|41/100 psn|[from] psn
|upkeep
|turn|2
|inactive|Crystneel has 30 seconds left.
|inactive|alfre22 has 30 seconds left.
|inactive|alfre22 has 20 seconds left.
|inactive|alfre22 has 15 seconds left.
|
|t:|1757159920
|move|p1b: Electabuzz|Follow Me|p1b: Electabuzz
|-singleturn|p1b: Electabuzz|move: Follow Me
|move|p2b: Dragapult|Dragon Darts|p1b: Electabuzz
|-crit|p1b: Electabuzz
|-damage|p1b: Electabuzz|0 fnt
|faint|p1b: Electabuzz
|move|p2a: Sneasler|Dire Claw|p1a: Dragonite
|-damage|p1a: Dragonite|5/100
|-status|p1a: Dragonite|psn|[from] ability: Poison Touch|[of] p2a: Sneasler
|move|p1a: Dragonite|Scale Shot|p2b: Dragapult
|-supereffective|p2b: Dragapult
|-damage|p2b: Dragapult|63/100
|-supereffective|p2b: Dragapult
|-damage|p2b: Dragapult|22/100
|-supereffective|p2b: Dragapult
|-damage|p2b: Dragapult|0 fnt
|faint|p2b: Dragapult
|-hitcount|p2: Dragapult|3
|-unboost|p1a: Dragonite|def|1
|-boost|p1a: Dragonite|spe|1
|
|-damage|p1a: Dragonite|0 fnt|[from] psn
|faint|p1a: Dragonite
|upkeep
|
|t:|1757159941
|switch|p2b: Magmar|Magmar, L50, M|100/100
|switch|p1a: Ursaluna|Ursaluna-Bloodmoon, L50, M|100/100
|switch|p1b: Rillaboom|Rillaboom, L50, F|100/100
|-fieldstart|move: Grassy Terrain|[from] ability: Grassy Surge|[of] p1b: Rillaboom
|turn|3
|
|t:|1757159957
|switch|p2a: Kingambit|Kingambit, L50, F|100/100
|move|p2b: Magmar|Protect|p2b: Magmar
|-singleturn|p2b: Magmar|Protect
|move|p1b: Rillaboom|Fake Out|p2a: Kingambit
|-resisted|p2a: Kingambit
|-damage|p2a: Kingambit|94/100
|move|p1a: Ursaluna|Hyper Voice|p2b: Magmar|[spread] p2a
|-activate|p2b: Magmar|move: Protect
|-resisted|p2a: Kingambit
|-damage|p2a: Kingambit|76/100
|-enditem|p1a: Ursaluna|Throat Spray
|-boost|p1a: Ursaluna|spa|1|[from] item: Throat Spray
|
|-heal|p2a: Kingambit|82/100|[from] Grassy Terrain
|upkeep
|turn|4
|inactive|Crystneel has 30 seconds left.
|
|t:|1757159984
|-terastallize|p2b: Magmar|Ghost
|-terastallize|p1b: Rillaboom|Fire
|move|p2b: Magmar|Follow Me|p2b: Magmar
|-singleturn|p2b: Magmar|move: Follow Me
|move|p1b: Rillaboom|Wood Hammer|p2b: Magmar
|-damage|p2b: Magmar|23/100
|-damage|p1b: Rillaboom|79/100|[from] Recoil
|move|p2a: Kingambit|Swords Dance|p2a: Kingambit
|-boost|p2a: Kingambit|atk|2
|move|p1a: Ursaluna|Blood Moon|p2b: Magmar
|-damage|p2b: Magmar|0 fnt
|faint|p2b: Magmar
|
|-heal|p1b: Rillaboom|85/100|[from] Grassy Terrain
|-heal|p2a: Kingambit|88/100|[from] Grassy Terrain
|upkeep
|
|t:|1757159999
|switch|p2b: Sneasler|Sneasler, L50, M|100/100
|turn|5
|
|t:|1757160013
|move|p1a: Ursaluna|Protect|p1a: Ursaluna
|-singleturn|p1a: Ursaluna|Protect
|move|p2b: Sneasler|Fake Out|p1a: Ursaluna
|-activate|p1a: Ursaluna|move: Protect
|move|p1b: Rillaboom|Wood Hammer|p2b: Sneasler
|-resisted|p2b: Sneasler
|-damage|p2b: Sneasler|19/100
|-damage|p1b: Rillaboom|64/100|[from] Recoil
|move|p2a: Kingambit|Swords Dance|p2a: Kingambit
|-boost|p2a: Kingambit|atk|2
|
|-heal|p2b: Sneasler|25/100|[from] Grassy Terrain
|-heal|p1b: Rillaboom|70/100|[from] Grassy Terrain
|-heal|p2a: Kingambit|94/100|[from] Grassy Terrain
|upkeep
|turn|6
|inactive|alfre22 has 30 seconds left.
|
|t:|1757160044
|move|p2b: Sneasler|Protect|p2b: Sneasler
|-singleturn|p2b: Sneasler|Protect
|move|p1b: Rillaboom|Grassy Glide|p2b: Sneasler
|-activate|p2b: Sneasler|move: Protect
|move|p2a: Kingambit|Kowtow Cleave|p1b: Rillaboom
|-damage|p1b: Rillaboom|0 fnt
|faint|p1b: Rillaboom
|move|p1a: Ursaluna|Earth Power|p2a: Kingambit
|-supereffective|p2a: Kingambit
|-damage|p2a: Kingambit|0 fnt
|faint|p2a: Kingambit
|
|-heal|p2b: Sneasler|31/100|[from] Grassy Terrain
|upkeep
|turn|7
|
|t:|1757160066
|move|p2b: Sneasler|Close Combat|p1a: Ursaluna
|-supereffective|p1a: Ursaluna
|-damage|p1a: Ursaluna|19/100
|-unboost|p2b: Sneasler|def|1
|-unboost|p2b: Sneasler|spd|1
|move|p1a: Ursaluna|Earth Power|p2b: Sneasler
|-supereffective|p2b: Sneasler
|-damage|p2b: Sneasler|0 fnt
|faint|p2b: Sneasler
|
|win|Crystneel
|raw|Crystneel's rating: 1179 → 1199(+20 for winning)
|raw|alfre22's rating: 1110 → 1090(-20 for losing)
