|j|☆Scheederderechte
|j|☆Keeper08
|html|ScheederderechteKeeper08    
|uhtml|bestof|Game 2 of a best-of-3
|t:|1757859362
|gametype|doubles
|player|p1|Scheederderechte|2|1151
|player|p2|Keeper08|lance|1125
|gen|9
|tier|[Gen 9] VGC 2025 Reg H (Bo3)
|rated|
|rule|Species Clause: Limit one of each Pokémon
|rule|Item Clause: Limit 1 of each item
|clearpoke
|poke|p1|Sylveon, L50, M|
|poke|p1|Incineroar, L50, F|
|poke|p1|Sneasler, L50, F|
|poke|p1|Rillaboom, L50, F|
|poke|p1|Dragonite, L50, M|
|poke|p1|Gholdengo, L50|
|poke|p2|Hydreigon, L50, F|
|poke|p2|Rillaboom, L50, M|
|poke|p2|Volcarona, L50, M|
|poke|p2|Klefki, L50, F|
|poke|p2|Archaludon, L50, F|
|poke|p2|Empoleon, L50, F|
|teampreview|4
|showteam|p1|Sylveon||Leftovers|Pixilate|HyperVoice,CalmMind,TeraBlast,Protect|||M|||50|,,,,,Fire]Incineroar||SafetyGoggles|Intimidate|FakeOut,FlareBlitz,KnockOff,PartingShot|||F|||50|,,,,,Ghost]Sneasler||GrassySeed|Unburden|CloseCombat,DireClaw,ThroatChop,Protect|||F|||50|,,,,,Dark]Rillaboom||AssaultVest|GrassySurge|FakeOut,GrassyGlide,Uturn,HighHorsepower|||F|||50|,,,,,Fire]Dragonite||LoadedDice|InnerFocus|Protect,ScaleShot,Tailwind,Haze|||M|||50|,,,,,Fairy]Gholdengo||LifeOrb|GoodasGold|MakeItRain,ShadowBall,NastyPlot,Protect||||||50|,,,,,Water
|showteam|p2|Hydreigon||CovertCloak|Levitate|DracoMeteor,Snarl,Tailwind,DarkPulse|||F|||50|,,,,,Poison]Rillaboom||AssaultVest|GrassySurge|FakeOut,WoodHammer,GrassyGlide,HighHorsepower|||M|||50|,,,,,Ground]Volcarona||SitrusBerry|FlameBody|HeatWave,BugBuzz,QuiverDance,Protect|||M|||50|,,,,,Water]Klefki||LightClay|Prankster|Reflect,LightScreen,DazzlingGleam,ThunderWave|||F|||50|,,,,,Water]Archaludon||Leftovers|Stamina|DracoMeteor,FlashCannon,ElectroShot,BodyPress|||F|||50|,,,,,Fairy]Empoleon||WideLens|Competitive|HydroPump,FlashCannon,IceBeam,IcyWind|||F|||50|,,,,,Flying
|inactive|Battle timer is ON: inactive players will automatically lose when time's up. (requested by Keeper08)
|
|t:|1757859395
|teamsize|p1|4
|teamsize|p2|4
|start
|switch|p1a: Dragonite|Dragonite, L50, M|100/100
|switch|p1b: Rillaboom|Rillaboom, L50, F|100/100
|switch|p2a: Archaludon|Archaludon, L50, F, shiny|100/100
|switch|p2b: Empoleon|Empoleon, L50, F|100/100
|-fieldstart|move: Grassy Terrain|[from] ability: Grassy Surge|[of] p1b: Rillaboom
|turn|1
|inactive|Scheederderechte has 30 seconds left.
|inactive|Keeper08 has 30 seconds left.
|inactive|Scheederderechte has 20 seconds left.
|
|t:|1757859431
|switch|p2b: Klefki|Klefki, L50, F|100/100
|-terastallize|p2a: Archaludon|Fairy
|-terastallize|p1a: Dragonite|Fairy
|move|p1b: Rillaboom|Fake Out|p2b: Klefki
|-resisted|p2b: Klefki
|-damage|p2b: Klefki|94/100
|move|p2a: Archaludon|Flash Cannon|p1a: Dragonite
|-supereffective|p1a: Dragonite
|-damage|p1a: Dragonite|24/100
|move|p1a: Dragonite|Tailwind|p1a: Dragonite
|-sidestart|p1: Scheederderechte|move: Tailwind
|
|-heal|p1a: Dragonite|30/100|[from] Grassy Terrain
|-heal|p2b: Klefki|99/100|[from] Grassy Terrain
|upkeep
|turn|2
|
|t:|1757859454
|move|p1a: Dragonite|Protect|p1a: Dragonite
|-singleturn|p1a: Dragonite|Protect
|move|p2b: Klefki|Reflect|p2b: Klefki
|-sidestart|p2: Keeper08|Reflect
|move|p1b: Rillaboom|High Horsepower|p2b: Klefki
|-supereffective|p2b: Klefki
|-damage|p2b: Klefki|57/100
|move|p2a: Archaludon|Flash Cannon|p1a: Dragonite
|-activate|p1a: Dragonite|move: Protect
|
|-heal|p1a: Dragonite|36/100|[from] Grassy Terrain
|-heal|p2b: Klefki|63/100|[from] Grassy Terrain
|upkeep
|turn|3
|
|t:|1757859466
|switch|p1a: Sneasler|Sneasler, L50, F|100/100
|-enditem|p1a: Sneasler|Grassy Seed
|-boost|p1a: Sneasler|def|1|[from] item: Grassy Seed
|move|p2b: Klefki|Thunder Wave|p1b: Rillaboom|[miss]
|-miss|p2b: Klefki|p1b: Rillaboom
|move|p1b: Rillaboom|U-turn|p2b: Klefki
|-resisted|p2b: Klefki
|-crit|p2b: Klefki
|-damage|p2b: Klefki|54/100
|
|t:|1757859481
|switch|p1b: Dragonite|Dragonite, L50, M, tera:Fairy|36/100|[from] U-turn
|move|p2a: Archaludon|Flash Cannon|p1a: Sneasler
|-damage|p1a: Sneasler|48/100
|
|-heal|p1a: Sneasler|53/100|[from] Grassy Terrain
|-heal|p1b: Dragonite|41/100|[from] Grassy Terrain
|-heal|p2b: Klefki|59/100|[from] Grassy Terrain
|upkeep
|turn|4
|inactive|Keeper08 has 30 seconds left.
|inactive|Scheederderechte has 30 seconds left.
|inactive|Keeper08 has 20 seconds left.
|
|t:|1757859520
|switch|p1b: Rillaboom|Rillaboom, L50, F|100/100
|switch|p2a: Empoleon|Empoleon, L50, F|100/100
|move|p2b: Klefki|Thunder Wave|p1a: Sneasler|[miss]
|-miss|p2b: Klefki|p1a: Sneasler
|move|p1a: Sneasler|Dire Claw|p2a: Empoleon
|-immune|p2a: Empoleon
|
|-heal|p1a: Sneasler|59/100|[from] Grassy Terrain
|-heal|p2b: Klefki|65/100|[from] Grassy Terrain
|-sideend|p1: Scheederderechte|move: Tailwind
|upkeep
|turn|5
|inactive|Scheederderechte has 30 seconds left.
|
|t:|1757859545
|switch|p1b: Dragonite|Dragonite, L50, M, tera:Fairy|41/100
|switch|p2a: Archaludon|Archaludon, L50, F, shiny, tera:Fairy|100/100
|move|p2b: Klefki|Thunder Wave|p1a: Sneasler
|-status|p1a: Sneasler|par
|move|p1a: Sneasler|Close Combat|p2a: Archaludon
|-resisted|p2a: Archaludon
|-damage|p2a: Archaludon|82/100
|-unboost|p1a: Sneasler|def|1
|-unboost|p1a: Sneasler|spd|1
|-ability|p2a: Archaludon|Stamina|boost
|-boost|p2a: Archaludon|def|1
|
|-heal|p1a: Sneasler|65/100 par|[from] Grassy Terrain
|-heal|p2a: Archaludon|89/100|[from] Grassy Terrain
|-heal|p2a: Archaludon|95/100|[from] item: Leftovers
|-heal|p1b: Dragonite|47/100|[from] Grassy Terrain
|-heal|p2b: Klefki|71/100|[from] Grassy Terrain
|-fieldend|move: Grassy Terrain
|upkeep
|turn|6
|
|t:|1757859565
|move|p1a: Sneasler|Close Combat|p2a: Archaludon
|-resisted|p2a: Archaludon
|-damage|p2a: Archaludon|83/100
|-unboost|p1a: Sneasler|def|1
|-unboost|p1a: Sneasler|spd|1
|-ability|p2a: Archaludon|Stamina|boost
|-boost|p2a: Archaludon|def|1
|move|p2a: Archaludon|Flash Cannon|p1a: Sneasler
|-damage|p1a: Sneasler|0 fnt
|faint|p1a: Sneasler
|move|p1b: Dragonite|Tailwind|p1b: Dragonite
|-sidestart|p1: Scheederderechte|move: Tailwind
|move|p2b: Klefki|Dazzling Gleam|p1b: Dragonite
|-damage|p1b: Dragonite|22/100
|
|-heal|p2a: Archaludon|90/100|[from] item: Leftovers
|upkeep
|
|t:|1757859571
|switch|p1a: Sylveon|Sylveon, L50, M|100/100
|turn|7
|
|t:|1757859583
|move|p1b: Dragonite|Protect|p1b: Dragonite
|-singleturn|p1b: Dragonite|Protect
|move|p2b: Klefki|Light Screen|p2b: Klefki
|-sidestart|p2: Keeper08|move: Light Screen
|move|p1a: Sylveon|Calm Mind|p1a: Sylveon
|-boost|p1a: Sylveon|spa|1
|-boost|p1a: Sylveon|spd|1
|move|p2a: Archaludon|Flash Cannon|p1a: Sylveon
|-supereffective|p1a: Sylveon
|-damage|p1a: Sylveon|59/100
|
|-heal|p1a: Sylveon|66/100|[from] item: Leftovers
|-heal|p2a: Archaludon|96/100|[from] item: Leftovers
|upkeep
|turn|8
|
|t:|1757859595
|switch|p1b: Rillaboom|Rillaboom, L50, F|100/100
|-fieldstart|move: Grassy Terrain|[from] ability: Grassy Surge|[of] p1b: Rillaboom
|switch|p2b: Empoleon|Empoleon, L50, F|100/100
|move|p1a: Sylveon|Calm Mind|p1a: Sylveon
|-boost|p1a: Sylveon|spa|1
|-boost|p1a: Sylveon|spd|1
|move|p2a: Archaludon|Flash Cannon|p1a: Sylveon
|-supereffective|p1a: Sylveon
|-damage|p1a: Sylveon|32/100
|-unboost|p1a: Sylveon|spd|1
|
|-heal|p1a: Sylveon|38/100|[from] Grassy Terrain
|-heal|p1a: Sylveon|44/100|[from] item: Leftovers
|-heal|p2a: Archaludon|100/100|[from] Grassy Terrain
|upkeep
|turn|9
|
|t:|1757859615
|move|p1b: Rillaboom|Fake Out|p2a: Archaludon
|-damage|p2a: Archaludon|97/100
|-ability|p2a: Archaludon|Stamina|boost
|-boost|p2a: Archaludon|def|1
|move|p1a: Sylveon|Calm Mind|p1a: Sylveon
|-boost|p1a: Sylveon|spa|1
|-boost|p1a: Sylveon|spd|1
|cant|p2a: Archaludon|flinch
|move|p2b: Empoleon|Flash Cannon|p1a: Sylveon
|-supereffective|p1a: Sylveon
|-damage|p1a: Sylveon|16/100
|
|-heal|p1a: Sylveon|23/100|[from] Grassy Terrain
|-heal|p1a: Sylveon|29/100|[from] item: Leftovers
|-heal|p2a: Archaludon|100/100|[from] Grassy Terrain
|-sideend|p2: Keeper08|Reflect
|-sideend|p1: Scheederderechte|move: Tailwind
|upkeep
|turn|10
|
|t:|1757859633
|move|p1a: Sylveon|Protect|p1a: Sylveon
|-singleturn|p1a: Sylveon|Protect
|move|p2a: Archaludon|Flash Cannon|p1a: Sylveon
|-activate|p1a: Sylveon|move: Protect
|move|p1b: Rillaboom|High Horsepower|p2b: Empoleon
|-supereffective|p2b: Empoleon
|-damage|p2b: Empoleon|35/100
|move|p2b: Empoleon|Flash Cannon|p1a: Sylveon
|-activate|p1a: Sylveon|move: Protect
|
|-heal|p2b: Empoleon|40/100|[from] Grassy Terrain
|-heal|p1a: Sylveon|35/100|[from] Grassy Terrain
|-heal|p1a: Sylveon|41/100|[from] item: Leftovers
|upkeep
|turn|11
|inactive|Scheederderechte has 30 seconds left.
|
|t:|1757859667
|move|p2a: Archaludon|Flash Cannon|p1a: Sylveon
|-supereffective|p1a: Sylveon
|-damage|p1a: Sylveon|10/100
|move|p1b: Rillaboom|High Horsepower|p2b: Empoleon
|-supereffective|p2b: Empoleon
|-damage|p2b: Empoleon|0 fnt
|faint|p2b: Empoleon
|move|p1a: Sylveon|Calm Mind|p1a: Sylveon
|-boost|p1a: Sylveon|spa|1
|-boost|p1a: Sylveon|spd|1
|
|-heal|p1a: Sylveon|16/100|[from] Grassy Terrain
|-heal|p1a: Sylveon|23/100|[from] item: Leftovers
|upkeep
|
|t:|1757859679
|switch|p2b: Klefki|Klefki, L50, F|71/100
|turn|12
|
|t:|1757859689
|switch|p1b: Dragonite|Dragonite, L50, M, tera:Fairy|22/100
|move|p1a: Sylveon|Protect|p1a: Sylveon
|-singleturn|p1a: Sylveon|Protect
|move|p2b: Klefki|Reflect|p2b: Klefki
|-sidestart|p2: Keeper08|Reflect
|move|p2a: Archaludon|Flash Cannon|p1a: Sylveon
|-activate|p1a: Sylveon|move: Protect
|
|-heal|p1b: Dragonite|28/100|[from] Grassy Terrain
|-heal|p2b: Klefki|77/100|[from] Grassy Terrain
|-heal|p1a: Sylveon|29/100|[from] Grassy Terrain
|-heal|p1a: Sylveon|35/100|[from] item: Leftovers
|-fieldend|move: Grassy Terrain
|upkeep
|turn|13
|inactive|Scheederderechte has 30 seconds left.
|
|t:|1757859720
|switch|p1b: Rillaboom|Rillaboom, L50, F|100/100
|-fieldstart|move: Grassy Terrain|[from] ability: Grassy Surge|[of] p1b: Rillaboom
|move|p2b: Klefki|Thunder Wave|p1a: Sylveon
|-status|p1a: Sylveon|par
|move|p2a: Archaludon|Flash Cannon|p1a: Sylveon
|-supereffective|p1a: Sylveon
|-damage|p1a: Sylveon|9/100 par
|cant|p1a: Sylveon|par
|
|-heal|p2b: Klefki|83/100|[from] Grassy Terrain
|-heal|p1a: Sylveon|15/100 par|[from] Grassy Terrain
|-heal|p1a: Sylveon|22/100 par|[from] item: Leftovers
|upkeep
|turn|14
|inactive|Scheederderechte has 30 seconds left.
|inactive|Keeper08 has 30 seconds left.
|
|t:|1757859754
|move|p1b: Rillaboom|Fake Out|p2a: Archaludon
|-damage|p2a: Archaludon|97/100
|-ability|p2a: Archaludon|Stamina|boost
|-boost|p2a: Archaludon|def|1
|move|p2b: Klefki|Thunder Wave|p1b: Rillaboom
|-status|p1b: Rillaboom|par
|cant|p2a: Archaludon|flinch
|move|p1a: Sylveon|Calm Mind|p1a: Sylveon
|-boost|p1a: Sylveon|spa|1
|-boost|p1a: Sylveon|spd|1
|
|-heal|p2a: Archaludon|100/100|[from] Grassy Terrain
|-heal|p2b: Klefki|88/100|[from] Grassy Terrain
|-heal|p1a: Sylveon|28/100 par|[from] Grassy Terrain
|-heal|p1a: Sylveon|34/100 par|[from] item: Leftovers
|-sideend|p2: Keeper08|move: Light Screen
|upkeep
|turn|15
|
|t:|1757859773
|cant|p1a: Sylveon|par
|move|p2b: Klefki|Light Screen|p2b: Klefki
|-sidestart|p2: Keeper08|move: Light Screen
|move|p2a: Archaludon|Flash Cannon|p1a: Sylveon
|-supereffective|p1a: Sylveon
|-damage|p1a: Sylveon|12/100 par
|move|p1b: Rillaboom|High Horsepower|p2b: Klefki
|-supereffective|p2b: Klefki
|-damage|p2b: Klefki|47/100
|
|-heal|p2b: Klefki|52/100|[from] Grassy Terrain
|-heal|p1a: Sylveon|18/100 par|[from] Grassy Terrain
|-heal|p1a: Sylveon|25/100 par|[from] item: Leftovers
|upkeep
|turn|16
|
|t:|1757859793
|cant|p1a: Sylveon|par
|move|p2a: Archaludon|Flash Cannon|p1a: Sylveon
|-supereffective|p1a: Sylveon
|-damage|p1a: Sylveon|2/100 par
|move|p2b: Klefki|Dazzling Gleam|p1b: Rillaboom|[spread] p1a,p1b
|-damage|p1a: Sylveon|0 fnt
|-damage|p1b: Rillaboom|87/100 par
|faint|p1a: Sylveon
|move|p1b: Rillaboom|High Horsepower|p2b: Klefki
|-supereffective|p2b: Klefki
|-damage|p2b: Klefki|9/100
|
|-heal|p2b: Klefki|15/100|[from] Grassy Terrain
|-heal|p1b: Rillaboom|93/100 par|[from] Grassy Terrain
|upkeep
|
|t:|1757859801
|switch|p1a: Dragonite|Dragonite, L50, M, tera:Fairy|28/100
|turn|17
|
|t:|1757859812
|move|p2b: Klefki|Thunder Wave|p1a: Dragonite
|-status|p1a: Dragonite|par
|move|p2a: Archaludon|Body Press|p1b: Rillaboom
|-damage|p1b: Rillaboom|22/100 par
|move|p1b: Rillaboom|High Horsepower|p2b: Klefki
|-supereffective|p2b: Klefki
|-damage|p2b: Klefki|0 fnt
|faint|p2b: Klefki
|move|p1a: Dragonite|Tailwind|p1a: Dragonite
|-sidestart|p1: Scheederderechte|move: Tailwind
|
|-heal|p1b: Rillaboom|29/100 par|[from] Grassy Terrain
|-heal|p1a: Dragonite|33/100 par|[from] Grassy Terrain
|-fieldend|move: Grassy Terrain
|upkeep
|
|t:|1757859819
|switch|p2b: Volcarona|Volcarona, L50, M, shiny|100/100
|turn|18
|
|t:|1757859827
|move|p2b: Volcarona|Bug Buzz|p1a: Dragonite
|-resisted|p1a: Dragonite
|-damage|p1a: Dragonite|11/100 par
|move|p2a: Archaludon|Body Press|p1b: Rillaboom
|-damage|p1b: Rillaboom|0 fnt
|faint|p1b: Rillaboom
|move|p1a: Dragonite|Haze|p1a: Dragonite
|-clearallboost
|
|upkeep
|turn|19
|
|t:|1757859834
|move|p2b: Volcarona|Heat Wave|p1a: Dragonite
|-damage|p1a: Dragonite|0 fnt
|faint|p1a: Dragonite
|
|win|Keeper08
||Keeper08 is ready for game 3.
|l|☆Scheederderechte
|player|p1|
|inactive|Scheederderechte has 30 seconds to confirm battle start!
|inactive|Scheederderechte has 20 seconds to confirm battle start!
|inactive|Scheederderechte has 10 seconds to confirm battle start!
|l|☆Keeper08
|player|p2|
|uhtml|next|Next: Game 3 of 3
