|j|☆AngelLRG18
|j|☆chefbenboyrd
|html|AngelLRG18chefbenboyrd    
|uhtml|bestof|Game 2 of a best-of-3
|t:|1757702161
|gametype|doubles
|player|p1|AngelLRG18|169|1130
|player|p2|chefbenboyrd|brawly|1203
|gen|9
|tier|[Gen 9] VGC 2025 Reg H (Bo3)
|rated|
|rule|Species Clause: Limit one of each Pokémon
|rule|Item Clause: Limit 1 of each item
|clearpoke
|poke|p1|Gholdengo, L50|
|poke|p1|Incineroar, L50, F|
|poke|p1|Sneasler, L50, M|
|poke|p1|Ursaluna-Bloodmoon, L50, M|
|poke|p1|Dragonite, L50, M|
|poke|p1|Amoonguss, L50, M|
|poke|p2|Whimsicott, L50, M|
|poke|p2|Indeedee, L50, M|
|poke|p2|Ursaluna-Bloodmoon, L50, M|
|poke|p2|Incineroar, L50, M|
|poke|p2|Sneasler, L50, M|
|poke|p2|Garchomp, L50, F|
|teampreview|4
|showteam|p1|Gholdengo||LifeOrb|GoodasGold|Protect,MakeItRain,NastyPlot,ShadowBall||||||50|,,,,,Water]Incineroar||SafetyGoggles|Intimidate|FakeOut,FlareBlitz,KnockOff,PartingShot|||F|||50|,,,,,Ghost]Sneasler||FocusSash|Unburden|DireClaw,CloseCombat,ThroatChop,Protect|||M|||50|,,,,,Stellar]Ursaluna-Bloodmoon||AssaultVest|MindsEye|BloodMoon,EarthPower,VacuumWave,HyperVoice|||M|||50|,,,,,Water]Dragonite||LoadedDice|Multiscale|ScaleShot,Tailwind,Haze,Protect|||M|||50|,,,,,Fairy]Amoonguss||SitrusBerry|Regenerator|Spore,Protect,PollenPuff,RagePowder|||M|||50|,,,,,Psychic
|showteam|p2|Whimsicott||CovertCloak|Prankster|SunnyDay,Encore,Tailwind,Moonblast|||M|||50|,,,,,Ghost]Indeedee||FocusSash|PsychicSurge|ExpandingForce,TrickRoom,HelpingHand,Protect|||M|||50|,,,,,Psychic]Ursaluna-Bloodmoon||LifeOrb|MindsEye|BloodMoon,HyperVoice,EarthPower,Protect|||M|||50|,,,,,Normal]Incineroar||SafetyGoggles|Intimidate|FlareBlitz,KnockOff,PartingShot,FakeOut|||M|||50|,,,,,Ghost]Sneasler||PsychicSeed|Unburden|DireClaw,CloseCombat,ThroatChop,Protect|||M|||50|,,,,,Dark]Garchomp||ClearAmulet|RoughSkin|StompingTantrum,Earthquake,Protect,DragonClaw|||F|||50|,,,,,Steel
|inactive|Battle timer is ON: inactive players will automatically lose when time's up. (requested by chefbenboyrd)
|
|t:|1757702192
|teamsize|p1|4
|teamsize|p2|4
|start
|switch|p1a: Incineroar|Incineroar, L50, F|100/100
|switch|p1b: Dragonite|Dragonite, L50, M|100/100
|switch|p2a: Whimsicott|Whimsicott, L50, M|100/100
|switch|p2b: Ursaluna|Ursaluna-Bloodmoon, L50, M|100/100
|-ability|p1a: Incineroar|Intimidate|boost
|-unboost|p2a: Whimsicott|atk|1
|-unboost|p2b: Ursaluna|atk|1
|turn|1
|inactive|AngelLRG18 has 30 seconds left.
|
|t:|1757702222
|-terastallize|p2a: Whimsicott|Ghost
|-terastallize|p1a: Incineroar|Ghost
|move|p2b: Ursaluna|Protect|p2b: Ursaluna
|-singleturn|p2b: Ursaluna|Protect
|move|p2a: Whimsicott|Moonblast|p1b: Dragonite
|-supereffective|p1b: Dragonite
|-damage|p1b: Dragonite|65/100
|move|p1b: Dragonite|Tailwind|p1b: Dragonite
|-sidestart|p1: AngelLRG18|move: Tailwind
|move|p1a: Incineroar|Flare Blitz|p2a: Whimsicott
|-damage|p2a: Whimsicott|17/100
|-damage|p1a: Incineroar|82/100|[from] Recoil
|
|upkeep
|turn|2
|inactive|AngelLRG18 has 30 seconds left.
|inactive|AngelLRG18 has 20 seconds left.
|
|t:|1757702261
|move|p1b: Dragonite|Protect|p1b: Dragonite
|-singleturn|p1b: Dragonite|Protect
|move|p2a: Whimsicott|Tailwind|p2a: Whimsicott
|-sidestart|p2: chefbenboyrd|move: Tailwind
|move|p2b: Ursaluna|Blood Moon|p1a: Incineroar
|-crit|p1a: Incineroar
|-damage|p1a: Incineroar|0 fnt
|faint|p1a: Incineroar
|-damage|p2b: Ursaluna|91/100|[from] item: Life Orb
|
|upkeep
|
|t:|1757702275
|switch|p1a: Sneasler|Sneasler, L50, M|100/100
|turn|3
|
|t:|1757702296
|move|p1a: Sneasler|Dire Claw|p2a: Whimsicott
|-resisted|p2a: Whimsicott
|-damage|p2a: Whimsicott|0 fnt
|faint|p2a: Whimsicott
|move|p1b: Dragonite|Scale Shot|p2b: Ursaluna
|-damage|p2b: Ursaluna|78/100
|-damage|p2b: Ursaluna|67/100
|-damage|p2b: Ursaluna|56/100
|-damage|p2b: Ursaluna|44/100
|-hitcount|p2b: Ursaluna|4
|-unboost|p1b: Dragonite|def|1
|-boost|p1b: Dragonite|spe|1
|move|p2b: Ursaluna|Hyper Voice|p1a: Sneasler|[spread] p1a,p1b
|-damage|p1a: Sneasler|34/100
|-damage|p1b: Dragonite|6/100
|-damage|p2b: Ursaluna|35/100|[from] item: Life Orb
|
|upkeep
|
|t:|1757702319
|switch|p2a: Indeedee|Indeedee, L50, M|100/100
|-fieldstart|move: Psychic Terrain|[from] ability: Psychic Surge|[of] p2a: Indeedee
|turn|4
|inactive|AngelLRG18 has 30 seconds left.
|
|t:|1757702348
|move|p2b: Ursaluna|Protect|p2b: Ursaluna
|-singleturn|p2b: Ursaluna|Protect
|move|p1b: Dragonite|Scale Shot|p2a: Indeedee
|-damage|p2a: Indeedee|67/100
|-damage|p2a: Indeedee|38/100
|-damage|p2a: Indeedee|6/100
|-damage|p2a: Indeedee|0 fnt
|faint|p2a: Indeedee
|-hitcount|p2: Indeedee|4
|-unboost|p1b: Dragonite|def|1
|-boost|p1b: Dragonite|spe|1
|move|p1a: Sneasler|Close Combat|p2b: Ursaluna
|-activate|p2b: Ursaluna|move: Protect
|
|-sideend|p1: AngelLRG18|move: Tailwind
|upkeep
|
|t:|1757702352
|switch|p2a: Sneasler|Sneasler, L50, M|100/100
|-enditem|p2a: Sneasler|Psychic Seed
|-boost|p2a: Sneasler|spd|1|[from] item: Psychic Seed
|turn|5
|
|t:|1757702373
|move|p1a: Sneasler|Protect|p1a: Sneasler
|-singleturn|p1a: Sneasler|Protect
|move|p2a: Sneasler|Dire Claw|p1a: Sneasler
|-activate|p1a: Sneasler|move: Protect
|move|p1b: Dragonite|Tailwind|p1b: Dragonite
|-sidestart|p1: AngelLRG18|move: Tailwind
|move|p2b: Ursaluna|Hyper Voice|p1a: Sneasler|[spread] p1b
|-activate|p1a: Sneasler|move: Protect
|-damage|p1b: Dragonite|0 fnt
|faint|p1b: Dragonite
|-damage|p2b: Ursaluna|25/100|[from] item: Life Orb
|
|-sideend|p2: chefbenboyrd|move: Tailwind
|upkeep
|
|t:|1757702388
|switch|p1b: Gholdengo|Gholdengo, L50|100/100
|turn|6
|inactive|AngelLRG18 has 30 seconds left.
|
|t:|1757702422
|move|p2b: Ursaluna|Protect|p2b: Ursaluna
|-singleturn|p2b: Ursaluna|Protect
|move|p1a: Sneasler|Close Combat|p2a: Sneasler
|-resisted|p2a: Sneasler
|-damage|p2a: Sneasler|42/100
|-unboost|p1a: Sneasler|def|1
|-unboost|p1a: Sneasler|spd|1
|move|p2a: Sneasler|Dire Claw|p1a: Sneasler
|-resisted|p1a: Sneasler
|-damage|p1a: Sneasler|0 fnt
|faint|p1a: Sneasler
|move|p1b: Gholdengo|Make It Rain|p2b: Ursaluna|[spread] p2a
|-activate|p2b: Ursaluna|move: Protect
|-damage|p2a: Sneasler|0 fnt
|-unboost|p1b: Gholdengo|spa|1
|faint|p2a: Sneasler
|-damage|p1b: Gholdengo|91/100|[from] item: Life Orb
|
|upkeep
|turn|7
|
|t:|1757702446
|move|p1b: Gholdengo|Make It Rain|p2b: Ursaluna
|-damage|p2b: Ursaluna|0 fnt
|-unboost|p1b: Gholdengo|spa|1
|faint|p2b: Ursaluna
|-damage|p1b: Gholdengo|81/100|[from] item: Life Orb
|
|win|AngelLRG18
|raw|AngelLRG18's rating: 1130 → 1160(+30 for winning)
|raw|chefbenboyrd's rating: 1203 → 1173(-30 for losing)
