|j|☆YumiToma
|j|☆Rorox641
|html|YumiTomaRorox641    
|uhtml|bestof|Game 3 of a best-of-3
|t:|1754860543
|gametype|doubles
|player|p1|YumiToma|lance|1223
|player|p2|Rorox641|ghetsis-gen5bw|1175
|gen|9
|tier|[Gen 9] VGC 2025 Reg H (Bo3)
|rated|
|rule|Species Clause: Limit one of each Pokémon
|rule|Item Clause: Limit 1 of each item
|clearpoke
|poke|p1|Dragapult, L50, M|
|poke|p1|Sneasler, L50, M|
|poke|p1|Magmar, L50, M|
|poke|p1|Primarina, L50, M|
|poke|p1|Rillaboom, L50, M|
|poke|p1|Kingambit, L50, F|
|poke|p2|Sneasler, L50, M|
|poke|p2|Dragapult, L50, F|
|poke|p2|Primarina, L50, F|
|poke|p2|Rillaboom, L50, M|
|poke|p2|Kingambit, L50, M|
|poke|p2|Magmar, L50, M|
|teampreview|4
|showteam|p1|Dragapult||ChoiceBand|ClearBody|DragonDarts,PhantomForce,Outrage,Uturn|||M|||50|,,,,,Dragon]Sneasler||FocusSash|PoisonTouch|CloseCombat,DireClaw,FakeOut,Protect|||M|||50|,,,,,Ghost]Magmar||Eviolite|VitalSpirit|Overheat,WillOWisp,FollowMe,Protect|||M|||50|,,,,,Dragon]Primarina||SitrusBerry|LiquidVoice|HyperVoice,Moonblast,Haze,Protect|||M|||50|,,,,,Poison]Rillaboom||AssaultVest|GrassySurge|WoodHammer,GrassyGlide,FakeOut,Uturn|||M|||50|,,,,,Fire]Kingambit||BlackGlasses|Defiant|KowtowCleave,SuckerPunch,SwordsDance,Protect|||F|||50|,,,,,Dark
|showteam|p2|Sneasler||FocusSash|PoisonTouch|CloseCombat,DireClaw,FakeOut,Protect|||M|||50|,,,,,Stellar]Dragapult||ChoiceBand|ClearBody|DragonDarts,TeraBlast,PhantomForce,Uturn|||F|||50|,,,,,Ghost]Primarina||SitrusBerry|LiquidVoice|HyperVoice,Moonblast,Haze,Protect|||F|||50|,,,,,Water]Rillaboom||AssaultVest|GrassySurge|WoodHammer,GrassyGlide,HighHorsepower,FakeOut|||M|||50|,,,,,Fire]Kingambit||BlackGlasses|Defiant|KowtowCleave,SuckerPunch,SwordsDance,Protect|||M|||50|,,,,,Ghost]Magmar||Eviolite|VitalSpirit|Overheat,WillOWisp,FollowMe,Protect|||M|||50|,,,,,Ghost
|inactive|Battle timer is ON: inactive players will automatically lose when time's up. (requested by YumiToma)
|inactive|Rorox641 also wants the timer to be on.
|
|t:|1754860570
|teamsize|p1|4
|teamsize|p2|4
|start
|switch|p1a: Magmar|Magmar, L50, M, shiny|100/100
|switch|p1b: Dragapult|Dragapult, L50, M, shiny|100/100
|switch|p2a: Sneasler|Sneasler, L50, M|100/100
|switch|p2b: Magmar|Magmar, L50, M|100/100
|turn|1
|
|t:|1754860585
|-terastallize|p1b: Dragapult|Dragon
|move|p2a: Sneasler|Fake Out|p1a: Magmar
|-damage|p1a: Magmar|89/100
|move|p1b: Dragapult|Outrage|p2a: Sneasler
|-enditem|p2a: Sneasler|Focus Sash
|-damage|p2a: Sneasler|1/100
|move|p2b: Magmar|Will-O-Wisp|p1b: Dragapult
|-status|p1b: Dragapult|brn
|cant|p1a: Magmar|flinch
|
|-damage|p1b: Dragapult|94/100 brn|[from] brn
|upkeep
|turn|2
|
|t:|1754860607
|switch|p1a: Sneasler|Sneasler, L50, M, shiny|100/100
|move|p2b: Magmar|Follow Me|p2b: Magmar
|-singleturn|p2b: Magmar|move: Follow Me
|move|p1b: Dragapult|Outrage|p2b: Magmar|[from] lockedmove
|-damage|p2b: Magmar|47/100
|-start|p1b: Dragapult|confusion|[fatigue]
|move|p2a: Sneasler|Close Combat|p1b: Dragapult
|-damage|p1b: Dragapult|7/100 brn
|-unboost|p2a: Sneasler|def|1
|-unboost|p2a: Sneasler|spd|1
|
|-damage|p1b: Dragapult|0 fnt|[from] brn
|faint|p1b: Dragapult
|upkeep
|
|t:|1754860624
|switch|p1b: Kingambit|Kingambit, L50, F, shiny|100/100
|turn|3
|
|t:|1754860631
|move|p1b: Kingambit|Protect|p1b: Kingambit
|-singleturn|p1b: Kingambit|Protect
|move|p2b: Magmar|Follow Me|p2b: Magmar
|-singleturn|p2b: Magmar|move: Follow Me
|move|p1a: Sneasler|Close Combat|p2b: Magmar
|-damage|p2b: Magmar|0 fnt
|-unboost|p1a: Sneasler|def|1
|-unboost|p1a: Sneasler|spd|1
|faint|p2b: Magmar
|move|p2a: Sneasler|Close Combat|p1b: Kingambit
|-activate|p1b: Kingambit|move: Protect
|
|upkeep
|
|t:|1754860644
|switch|p2b: Kingambit|Kingambit, L50, M|100/100
|turn|4
|inactive|YumiToma has 30 seconds left.
|
|t:|1754860674
|switch|p2a: Dragapult|Dragapult, L50, F|100/100
|switch|p1b: Magmar|Magmar, L50, M, shiny|89/100
|-terastallize|p2b: Kingambit|Ghost
|move|p2b: Kingambit|Sucker Punch|p1a: Sneasler
|-resisted|p1a: Sneasler
|-damage|p1a: Sneasler|33/100
|move|p1a: Sneasler|Dire Claw|p2a: Dragapult
|-resisted|p2a: Dragapult
|-damage|p2a: Dragapult|69/100
|-status|p2a: Dragapult|slp
|
|upkeep
|turn|5
|inactive|Rorox641 has 30 seconds left.
|
|t:|1754860702
|cant|p2a: Dragapult|slp
|move|p1a: Sneasler|Dire Claw|p2a: Dragapult
|-resisted|p2a: Dragapult
|-damage|p2a: Dragapult|42/100 slp
|move|p1b: Magmar|Will-O-Wisp|p2b: Kingambit
|-status|p2b: Kingambit|brn
|move|p2b: Kingambit|Kowtow Cleave|p1a: Sneasler
|-resisted|p1a: Sneasler
|-damage|p1a: Sneasler|0 fnt
|faint|p1a: Sneasler
|
|-damage|p2b: Kingambit|94/100 brn|[from] brn
|upkeep
|
|t:|1754860709
|switch|p1a: Kingambit|Kingambit, L50, F, shiny|100/100
|turn|6
|
|t:|1754860718
|move|p1a: Kingambit|Sucker Punch|p2a: Dragapult
|-supereffective|p2a: Dragapult
|-damage|p2a: Dragapult|0 fnt
|faint|p2a: Dragapult
|move|p1b: Magmar|Overheat|p2b: Kingambit
|-damage|p2b: Kingambit|56/100 brn
|-unboost|p1b: Magmar|spa|2
|move|p2b: Kingambit|Swords Dance|p2b: Kingambit
|-boost|p2b: Kingambit|atk|2
|
|-damage|p2b: Kingambit|50/100 brn|[from] brn
|upkeep
|
|t:|1754860722
|switch|p2a: Sneasler|Sneasler, L50, M|1/100
|turn|7
|
|t:|1754860745
|move|p1a: Kingambit|Protect|p1a: Kingambit
|-singleturn|p1a: Kingambit|Protect
|move|p2a: Sneasler|Fake Out|p1a: Kingambit
|-activate|p1a: Kingambit|move: Protect
|move|p1b: Magmar|Overheat|p2a: Sneasler
|-damage|p2a: Sneasler|0 fnt
|-unboost|p1b: Magmar|spa|2
|faint|p2a: Sneasler
|move|p2b: Kingambit|Kowtow Cleave|p1b: Magmar
|-damage|p1b: Magmar|37/100
|
|-damage|p2b: Kingambit|44/100 brn|[from] brn
|upkeep
|turn|8
|
|t:|1754860756
|move|p1b: Magmar|Follow Me|p1b: Magmar
|-singleturn|p1b: Magmar|move: Follow Me
|move|p2b: Kingambit|Sucker Punch||[still]
|-fail|p2b: Kingambit
|move|p1a: Kingambit|Kowtow Cleave|p2b: Kingambit
|-supereffective|p2b: Kingambit
|-damage|p2b: Kingambit|0 fnt
|faint|p2b: Kingambit
|
|win|YumiToma
|raw|YumiToma's rating: 1223 → 1245(+22 for winning)
|raw|Rorox641's rating: 1175 → 1153(-22 for losing)
|c|☆YumiToma|gg
|c|☆Rorox641|gg
|l|☆Rorox641
|player|p2|
