|j|☆Twin_kai
|j|☆felmaze
|html|Twin_kaifelmaze    
|uhtml|bestof|Game 3 of a best-of-3
|t:|1757829268
|gametype|doubles
|player|p1|Twin_kai|169|1003
|player|p2|felmaze|clerk-boss|1000
|gen|9
|tier|[Gen 9] VGC 2025 Reg H (Bo3)
|rated|
|rule|Species Clause: Limit one of each Pokémon
|rule|Item Clause: Limit 1 of each item
|clearpoke
|poke|p1|Pelipper, L50, F|
|poke|p1|Archaludon, L50, F|
|poke|p1|Forretress, L50, F|
|poke|p1|Ursaluna-Bloodmoon, L50, M|
|poke|p1|Sinistcha, L50|
|poke|p1|Sylveon, L50, M|
|poke|p2|Mamoswine, L50, M|
|poke|p2|Annihilape, L50, F|
|poke|p2|Kilowattrel, L50, M|
|poke|p2|Primarina, L50, M|
|poke|p2|Incineroar, L50, F|
|poke|p2|Amoonguss, L50, M|
|teampreview|4
|showteam|p1|Pelipper||FocusSash|Drizzle|Tailwind,WeatherBall,Hurricane,Protect|||F|||50|,,,,,Ghost]Archaludon||AssaultVest|Stamina|ElectroShot,BodyPress,FlashCannon,DragonPulse|||F|||50|,,,,,Grass]Forretress||RockyHelmet|Overcoat|Lunge,StealthRock,HelpingHand,Protect|||F|||50|,,,,,Fire]Ursaluna-Bloodmoon||LifeOrb|MindsEye|BloodMoon,HyperVoice,Protect,EarthPower|||M|||50|,,,,,Normal]Sinistcha||SitrusBerry|Hospitality|RagePowder,MatchaGotcha,TrickRoom,Protect||||||50|,,,,,Water]Sylveon||ThroatSpray|Pixilate|HyperBeam,HyperVoice,DrainingKiss,Detect|||M|||50|,,,,,Fire
|showteam|p2|Mamoswine||FocusSash|Oblivious|HighHorsepower,Protect,Earthquake,IcicleCrash|||M|||50|,,,,,Ghost]Annihilape||Leftovers|Defiant|RageFist,Protect,DrainPunch,BulkUp|||F|||50|,,,,,Fire]Kilowattrel||CovertCloak|WindPower|AirSlash,Tailwind,Protect,Discharge|||M|||50|,,,,,Electric]Primarina||ThroatSpray|LiquidVoice|HyperVoice,Moonblast,Haze,Protect|||M|||50|,,,,,Grass]Incineroar||SafetyGoggles|Intimidate|FakeOut,KnockOff,PartingShot,FlareBlitz|||F|||50|,,,,,Ghost]Amoonguss||SitrusBerry|Regenerator|Spore,RagePowder,SludgeBomb,Protect|||M|||50|,,,,,Water
|inactive|Battle timer is ON: inactive players will automatically lose when time's up. (requested by Twin_kai)
|inactive|Twin_kai has 60 seconds left.
|
|t:|1757829325
|teamsize|p1|4
|teamsize|p2|4
|start
|switch|p1a: Archaludon|Archaludon, L50, F|100/100
|switch|p1b: Sylveon|Sylveon, L50, M|100/100
|switch|p2a: Annihilape|Annihilape, L50, F|100/100
|switch|p2b: Amoonguss|Amoonguss, L50, M|100/100
|turn|1
|inactive|Twin_kai has 30 seconds left.
|inactive|Twin_kai has 20 seconds left.
|inactive|Twin_kai has 15 seconds left.
|
|t:|1757829368
|-terastallize|p2a: Annihilape|Fire
|-terastallize|p1a: Archaludon|Grass
|move|p2b: Amoonguss|Rage Powder|p2b: Amoonguss
|-singleturn|p2b: Amoonguss|move: Rage Powder
|move|p2a: Annihilape|Bulk Up|p2a: Annihilape
|-boost|p2a: Annihilape|atk|1
|-boost|p2a: Annihilape|def|1
|move|p1a: Archaludon|Dragon Pulse|p2b: Amoonguss
|-damage|p2b: Amoonguss|67/100
|move|p1b: Sylveon|Draining Kiss|p2b: Amoonguss
|-resisted|p2b: Amoonguss
|-damage|p2b: Amoonguss|56/100
|
|upkeep
|turn|2
|inactive|Twin_kai has 30 seconds left.
|inactive|felmaze has 30 seconds left.
|inactive|Twin_kai has 20 seconds left.
|inactive|Twin_kai has 15 seconds left.
|inactive|Twin_kai has 10 seconds left.
|
|t:|1757829415
|switch|p1b: Pelipper|Pelipper, L50, F|100/100
|-weather|RainDance|[from] ability: Drizzle|[of] p1b: Pelipper
|move|p2a: Annihilape|Drain Punch|p1a: Archaludon
|-damage|p1a: Archaludon|72/100
|-ability|p1a: Archaludon|Stamina|boost
|-boost|p1a: Archaludon|def|1
|move|p1a: Archaludon|Electro Shot||[still]
|-prepare|p1a: Archaludon|Electro Shot
|-boost|p1a: Archaludon|spa|1
|-anim|p1a: Archaludon|Electro Shot|p2a: Annihilape
|-damage|p2a: Annihilape|51/100
|move|p2b: Amoonguss|Spore|p1b: Pelipper
|-status|p1b: Pelipper|slp|[from] move: Spore
|
|-weather|RainDance|[upkeep]
|-heal|p2a: Annihilape|57/100|[from] item: Leftovers
|upkeep
|turn|3
|inactive|Twin_kai has 30 seconds left.
|inactive|Twin_kai has 20 seconds left.
|inactive|Twin_kai has 15 seconds left.
|
|t:|1757829457
|move|p2a: Annihilape|Rage Fist|p1a: Archaludon
|-damage|p1a: Archaludon|48/100
|-ability|p1a: Archaludon|Stamina|boost
|-boost|p1a: Archaludon|def|1
|cant|p1b: Pelipper|slp
|move|p1a: Archaludon|Body Press|p2a: Annihilape
|-damage|p2a: Annihilape|18/100
|move|p2b: Amoonguss|Spore|p2a: Annihilape
|-status|p2a: Annihilape|slp|[from] move: Spore
|
|-weather|RainDance|[upkeep]
|-heal|p2a: Annihilape|24/100 slp|[from] item: Leftovers
|upkeep
|turn|4
|inactive|Twin_kai has 30 seconds left.
|inactive|Twin_kai has 20 seconds left.
|
|t:|1757829496
|switch|p2a: Mamoswine|Mamoswine, L50, M|100/100
|move|p2b: Amoonguss|Rage Powder|p2b: Amoonguss
|-singleturn|p2b: Amoonguss|move: Rage Powder
|-curestatus|p1b: Pelipper|slp|[msg]
|move|p1b: Pelipper|Tailwind|p1b: Pelipper
|-sidestart|p1: Twin_kai|move: Tailwind
|move|p1a: Archaludon|Electro Shot||[still]
|-prepare|p1a: Archaludon|Electro Shot
|-boost|p1a: Archaludon|spa|1
|-anim|p1a: Archaludon|Electro Shot|p2a: Mamoswine
|-immune|p2a: Mamoswine
|
|-weather|RainDance|[upkeep]
|upkeep
|turn|5
|inactive|Twin_kai has 30 seconds left.
|inactive|Twin_kai has 20 seconds left.
|inactive|Twin_kai has 15 seconds left.
|
|t:|1757829537
|move|p2b: Amoonguss|Rage Powder|p2b: Amoonguss
|-singleturn|p2b: Amoonguss|move: Rage Powder
|move|p1b: Pelipper|Weather Ball|p2b: Amoonguss
|-resisted|p2b: Amoonguss
|-damage|p2b: Amoonguss|25/100
|-enditem|p2b: Amoonguss|Sitrus Berry|[eat]
|-heal|p2b: Amoonguss|50/100|[from] item: Sitrus Berry
|move|p1a: Archaludon|Dragon Pulse|p2b: Amoonguss
|-damage|p2b: Amoonguss|0 fnt
|faint|p2b: Amoonguss
|move|p2a: Mamoswine|Icicle Crash|p1a: Archaludon
|-supereffective|p1a: Archaludon
|-damage|p1a: Archaludon|18/100
|-ability|p1a: Archaludon|Stamina|boost
|-boost|p1a: Archaludon|def|1
|
|-weather|RainDance|[upkeep]
|upkeep
|
|t:|1757829554
|switch|p2b: Incineroar|Incineroar, L50, F|100/100
|-ability|p2b: Incineroar|Intimidate|boost
|-unboost|p1a: Archaludon|atk|1
|-unboost|p1b: Pelipper|atk|1
|turn|6
|
|t:|1757829575
|move|p2b: Incineroar|Fake Out|p1b: Pelipper
|-damage|p1b: Pelipper|87/100
|cant|p1b: Pelipper|flinch
|move|p1a: Archaludon|Body Press|p2a: Mamoswine
|-supereffective|p2a: Mamoswine
|-crit|p2a: Mamoswine
|-enditem|p2a: Mamoswine|Focus Sash
|-damage|p2a: Mamoswine|1/100
|move|p2a: Mamoswine|Icicle Crash|p1a: Archaludon
|-supereffective|p1a: Archaludon
|-damage|p1a: Archaludon|0 fnt
|faint|p1a: Archaludon
|
|-weather|none
|upkeep
|
|t:|1757829598
|switch|p1a: Sylveon|Sylveon, L50, M|100/100
|turn|7
|
|t:|1757829610
|move|p2a: Mamoswine|Protect|p2a: Mamoswine
|-singleturn|p2a: Mamoswine|Protect
|move|p1b: Pelipper|Hurricane|p2b: Incineroar
|-damage|p2b: Incineroar|66/100
|move|p1a: Sylveon|Hyper Voice|p2b: Incineroar|[spread] p2b
|-activate|p2a: Mamoswine|move: Protect
|-damage|p2b: Incineroar|39/100
|-enditem|p1a: Sylveon|Throat Spray
|-boost|p1a: Sylveon|spa|1|[from] item: Throat Spray
|move|p2b: Incineroar|Knock Off|p1a: Sylveon
|-resisted|p1a: Sylveon
|-damage|p1a: Sylveon|85/100
|
|-sideend|p1: Twin_kai|move: Tailwind
|upkeep
|turn|8
|inactive|felmaze has 30 seconds left.
|
|t:|1757829639
|move|p1a: Sylveon|Detect|p1a: Sylveon
|-singleturn|p1a: Sylveon|Protect
|move|p2a: Mamoswine|Icicle Crash|p1a: Sylveon
|-activate|p1a: Sylveon|move: Protect
|move|p1b: Pelipper|Tailwind|p1b: Pelipper
|-sidestart|p1: Twin_kai|move: Tailwind
|move|p2b: Incineroar|Knock Off|p1b: Pelipper
|-damage|p1b: Pelipper|39/100
|-enditem|p1b: Pelipper|Focus Sash|[from] move: Knock Off|[of] p2b: Incineroar
|
|upkeep
|turn|9
|inactive|Twin_kai has 30 seconds left.
|c|☆felmaze|gg
|inactive|Twin_kai has 20 seconds left.
|
|t:|1757829676
|switch|p1b: Sinistcha|Sinistcha, L50|100/100
|-heal|p1a: Sylveon|100/100|[from] ability: Hospitality|[of] p1b: Sinistcha
|move|p2a: Mamoswine|Icicle Crash|p1b: Sinistcha
|-supereffective|p1b: Sinistcha
|-damage|p1b: Sinistcha|23/100
|-enditem|p1b: Sinistcha|Sitrus Berry|[eat]
|-heal|p1b: Sinistcha|48/100|[from] item: Sitrus Berry
|move|p1a: Sylveon|Hyper Voice|p2a: Mamoswine|[spread] p2a,p2b
|-damage|p2a: Mamoswine|0 fnt
|-damage|p2b: Incineroar|0 fnt
|faint|p2a: Mamoswine
|faint|p2b: Incineroar
|
|upkeep
|
|t:|1757829691
|switch|p2a: Annihilape|Annihilape, L50, F, tera:Fire|24/100 slp
|turn|10
|c|☆Twin_kai|how did your annihilape fall asleep
|c|☆felmaze|I messed up
|inactive|Twin_kai has 30 seconds left.
|inactive|Twin_kai has 20 seconds left.
|
|t:|1757829728
|switch|p1b: Pelipper|Pelipper, L50, F|39/100
|-weather|RainDance|[from] ability: Drizzle|[of] p1b: Pelipper
|cant|p2a: Annihilape|slp
|move|p1a: Sylveon|Hyper Beam|p2a: Annihilape
|-resisted|p2a: Annihilape
|-damage|p2a: Annihilape|0 fnt
|-mustrecharge|p1a: Sylveon
|faint|p2a: Annihilape
|
|win|Twin_kai
|raw|Twin_kai's rating: 1003 → 1042(+39 for winning)
|raw|felmaze's rating: 1000 → 1000(+0 for losing)
|c|☆felmaze|forgot i switched moves and ment to pollen puff him
|c|☆felmaze|acsendtly spored him
|c|☆Twin_kai|oh damn
|c|☆felmaze|gg though you playes really well
|c|☆Twin_kai|thank you gg
