|j|☆Zady11
|j|☆marcosdeltasena31
|html|Zady11marcosdeltasena31    
|uhtml|bestof|Game 1 of a best-of-3
|t:|1757023294
|gametype|doubles
|player|p1|Zady11|guitarist|1308
|player|p2|marcosdeltasena31|hilbert|1324
|gen|9
|tier|[Gen 9] VGC 2025 Reg H (Bo3)
|rated|
|rule|Species Clause: Limit one of each Pokémon
|rule|Item Clause: Limit 1 of each item
|clearpoke
|poke|p1|Whimsicott, L50, M|
|poke|p1|Typhlosion-Hisui, L50, F|
|poke|p1|Basculegion, L50, M|
|poke|p1|Ursaluna-Bloodmoon, L50, M|
|poke|p1|Farigiraf, L50, M|
|poke|p1|Maushold-Four, L50|
|poke|p2|Dragonite, L50, F|
|poke|p2|Sneasler, L50, F|
|poke|p2|Volcarona, L50, F|
|poke|p2|Rillaboom, L50, M|
|poke|p2|Kingambit, L50, F|
|poke|p2|Electabuzz, L50, F|
|teampreview|4
|showteam|p1|Whimsicott||CovertCloak|Prankster|Moonblast,SunnyDay,Encore,Tailwind|||M|||50|,,,,,Water]Typhlosion-Hisui||ChoiceSpecs|Blaze|Eruption,HeatWave,ShadowBall,Overheat|||F|||50|,,,,,Fire]Basculegion||ChoiceScarf|Adaptability|WaveCrash,LastRespects,AquaJet,FlipTurn|||M|||50|,,,,,Water]Ursaluna-Bloodmoon||LifeOrb|MindsEye|BloodMoon,HyperVoice,EarthPower,Protect|||M|||50|,,,,,Normal]Farigiraf||ThroatSpray|ArmorTail|HyperVoice,HelpingHand,Psychic,TrickRoom|||M|||50|,,,,,Fire]Maushold-Four||WideLens|Technician|PopulationBomb,Taunt,FollowMe,Protect||||||50|,,,,,Ghost
|showteam|p2|Dragonite||LoadedDice|Multiscale|ScaleShot,ExtremeSpeed,Haze,Protect|||F|||50|,,,,,Fairy]Sneasler||FocusSash|PoisonTouch|DireClaw,CloseCombat,FakeOut,Coaching|||F|||50|,,,,,Ghost]Volcarona||CovertCloak|FlameBody|HeatWave,TeraBlast,QuiverDance,Protect|||F|||50|,,,,,Fairy]Rillaboom||AssaultVest|GrassySurge|WoodHammer,FakeOut,GrassyGlide,HighHorsepower|||M|||50|,,,,,Fire]Kingambit||BlackGlasses|Defiant|KowtowCleave,SwordsDance,SuckerPunch,Protect|||F|||50|,,,,,Dark]Electabuzz||Eviolite|VitalSpirit|Thunderbolt,FollowMe,Taunt,Protect|||F|||50|,,,,,Ghost
|inactive|Battle timer is ON: inactive players will automatically lose when time's up. (requested by Zady11)
|
|t:|1757023331
|teamsize|p1|4
|teamsize|p2|4
|start
|switch|p1a: Sr Rubio|Whimsicott, L50, M|100/100
|switch|p1b: Sr Marrón|Ursaluna-Bloodmoon, L50, M|100/100
|switch|p2a: Dragonite|Dragonite, L50, F|100/100
|switch|p2b: Electabuzz|Electabuzz, L50, F|100/100
|turn|1
|inactive|Zady11 has 30 seconds left.
|inactive|Zady11 has 20 seconds left.
|inactive|Zady11 has 15 seconds left.
|inactive|Zady11 has 10 seconds left.
|
|t:|1757023379
|move|p2b: Electabuzz|Protect|p2b: Electabuzz
|-singleturn|p2b: Electabuzz|Protect
|move|p1b: Sr Marrón|Protect|p1b: Sr Marrón
|-singleturn|p1b: Sr Marrón|Protect
|move|p1a: Sr Rubio|Tailwind|p1a: Sr Rubio
|-sidestart|p1: Zady11|move: Tailwind
|move|p2a: Dragonite|Scale Shot|p1b: Sr Marrón
|-activate|p1b: Sr Marrón|move: Protect
|
|upkeep
|turn|2
|
|t:|1757023403
|move|p2b: Electabuzz|Follow Me|p2b: Electabuzz
|-singleturn|p2b: Electabuzz|move: Follow Me
|move|p1a: Sr Rubio|Moonblast|p2b: Electabuzz
|-damage|p2b: Electabuzz|81/100
|move|p1b: Sr Marrón|Hyper Voice|p2b: Electabuzz|[spread] p2a,p2b
|-damage|p2a: Dragonite|71/100
|-damage|p2b: Electabuzz|37/100
|-damage|p1b: Sr Marrón|91/100|[from] item: Life Orb
|move|p2a: Dragonite|Scale Shot|p1b: Sr Marrón
|-damage|p1b: Sr Marrón|78/100
|-damage|p1b: Sr Marrón|67/100
|-damage|p1b: Sr Marrón|54/100
|-crit|p1b: Sr Marrón
|-damage|p1b: Sr Marrón|36/100
|-damage|p1b: Sr Marrón|24/100
|-hitcount|p1b: Sr Marrón|5
|-unboost|p2a: Dragonite|def|1
|-boost|p2a: Dragonite|spe|1
|
|upkeep
|turn|3
|inactive|Zady11 has 30 seconds left.
|inactive|Zady11 has 20 seconds left.
|
|t:|1757023439
|move|p1b: Sr Marrón|Protect|p1b: Sr Marrón
|-singleturn|p1b: Sr Marrón|Protect
|move|p2a: Dragonite|Protect|p2a: Dragonite
|-singleturn|p2a: Dragonite|Protect
|move|p2b: Electabuzz|Protect|p2b: Electabuzz
|-singleturn|p2b: Electabuzz|Protect
|move|p1a: Sr Rubio|Moonblast|p2a: Dragonite
|-activate|p2a: Dragonite|move: Protect
|
|upkeep
|turn|4
|
|t:|1757023460
|move|p2a: Dragonite|Extreme Speed|p1b: Sr Marrón
|-damage|p1b: Sr Marrón|0 fnt
|faint|p1b: Sr Marrón
|move|p2b: Electabuzz|Follow Me|p2b: Electabuzz
|-singleturn|p2b: Electabuzz|move: Follow Me
|move|p1a: Sr Rubio|Encore|p2b: Electabuzz
|-start|p2b: Electabuzz|Encore
|
|-sideend|p1: Zady11|move: Tailwind
|upkeep
|
|t:|1757023483
|switch|p1b: Sr Rosa|Typhlosion-Hisui, L50, F|100/100
|turn|5
|
|t:|1757023491
|-terastallize|p1b: Sr Rosa|Fire
|move|p2b: Electabuzz|Follow Me|p2b: Electabuzz
|-singleturn|p2b: Electabuzz|move: Follow Me
|move|p1a: Sr Rubio|Tailwind|p1a: Sr Rubio
|-sidestart|p1: Zady11|move: Tailwind
|move|p1b: Sr Rosa|Eruption|p2a: Dragonite|[spread] p2a,p2b
|-resisted|p2a: Dragonite
|-damage|p2a: Dragonite|15/100
|-damage|p2b: Electabuzz|0 fnt
|faint|p2b: Electabuzz
|move|p2a: Dragonite|Scale Shot|p1b: Sr Rosa
|-damage|p1b: Sr Rosa|78/100
|-damage|p1b: Sr Rosa|57/100
|-damage|p1b: Sr Rosa|33/100
|-damage|p1b: Sr Rosa|11/100
|-hitcount|p1b: Sr Rosa|4
|-unboost|p2a: Dragonite|def|1
|-boost|p2a: Dragonite|spe|1
|
|upkeep
|
|t:|1757023513
|switch|p2b: Sneasler|Sneasler, L50, F|100/100
|turn|6
|
|t:|1757023521
|switch|p1b: Sr Naranja|Farigiraf, L50, M, shiny|100/100
|move|p2a: Dragonite|Extreme Speed||[still]
|cant|p1b: Sr Naranja|ability: Armor Tail|Extreme Speed|[of] p2a: Dragonite
|move|p1a: Sr Rubio|Moonblast|p2b: Sneasler
|-damage|p2b: Sneasler|63/100
|move|p2b: Sneasler|Dire Claw|p1b: Sr Naranja
|-damage|p1b: Sr Naranja|64/100
|-status|p1b: Sr Naranja|psn
|
|-damage|p1b: Sr Naranja|51/100 psn|[from] psn
|upkeep
|turn|7
|inactive|Zady11 has 30 seconds left.
|
|t:|1757023547
|switch|p2b: Kingambit|Kingambit, L50, F|100/100
|move|p2a: Dragonite|Protect|p2a: Dragonite
|-singleturn|p2a: Dragonite|Protect
|move|p1a: Sr Rubio|Sunny Day|p1a: Sr Rubio
|-weather|SunnyDay
|move|p1b: Sr Naranja|Hyper Voice|p2a: Dragonite|[spread] p2b
|-activate|p2a: Dragonite|move: Protect
|-resisted|p2b: Kingambit
|-damage|p2b: Kingambit|87/100
|-enditem|p1b: Sr Naranja|Throat Spray
|-boost|p1b: Sr Naranja|spa|1|[from] item: Throat Spray
|
|-weather|SunnyDay|[upkeep]
|-damage|p1b: Sr Naranja|39/100 psn|[from] psn
|upkeep
|turn|8
|inactive|Zady11 has 30 seconds left.
|
|t:|1757023574
|move|p1b: Sr Naranja|Helping Hand|p1a: Sr Rubio
|-singleturn|p1a: Sr Rubio|Helping Hand|[of] p1b: Sr Naranja
|move|p1a: Sr Rubio|Moonblast|p2b: Kingambit
|-damage|p2b: Kingambit|49/100
|move|p2a: Dragonite|Scale Shot|p1b: Sr Naranja
|-crit|p1b: Sr Naranja
|-damage|p1b: Sr Naranja|18/100 psn
|-damage|p1b: Sr Naranja|6/100 psn
|-damage|p1b: Sr Naranja|0 fnt
|faint|p1b: Sr Naranja
|-hitcount|p1: Sr Naranja|3
|-unboost|p2a: Dragonite|def|1
|-boost|p2a: Dragonite|spe|1
|move|p2b: Kingambit|Kowtow Cleave|p1a: Sr Rubio
|-resisted|p1a: Sr Rubio
|-damage|p1a: Sr Rubio|72/100
|
|-weather|SunnyDay|[upkeep]
|-sideend|p1: Zady11|move: Tailwind
|upkeep
|
|t:|1757023591
|switch|p1b: Sr Rosa|Typhlosion-Hisui, L50, F, tera:Fire|11/100
|turn|9
|
|t:|1757023597
|move|p2a: Dragonite|Extreme Speed|p1a: Sr Rubio
|-damage|p1a: Sr Rubio|39/100
|move|p2b: Kingambit|Sucker Punch|p1b: Sr Rosa
|-damage|p1b: Sr Rosa|0 fnt
|faint|p1b: Sr Rosa
|move|p1a: Sr Rubio|Moonblast|p2b: Kingambit
|-crit|p2b: Kingambit
|-damage|p2b: Kingambit|10/100
|
|-weather|SunnyDay|[upkeep]
|upkeep
|turn|10
|-message|Zady11 forfeited.
|
|win|marcosdeltasena31
||Zady11 is ready for game 2.
