|j|‽vgcgeegee
|j|☆harpdog
|html|vgcgeegeeharpdog    
|uhtml|bestof|Game 1 of a best-of-3
|t:|1757649788
|gametype|doubles
|player|p1|vgcgeegee|iris-gen5bw2|1087
|player|p2|harpdog|266|1045
|gen|9
|tier|[Gen 9] VGC 2025 Reg H (Bo3)
|rated|
|rule|Species Clause: Limit one of each Pokémon
|rule|Item Clause: Limit 1 of each item
|clearpoke
|poke|p1|Dragonite, L50, F|
|poke|p1|Annihilape, L50, F|
|poke|p1|Gholdengo, L50|
|poke|p1|Rillaboom, L50, F|
|poke|p1|Electabuzz, L50, M|
|poke|p1|Incineroar, L50, M|
|poke|p2|Bronzong, L50|
|poke|p2|Ursaluna, L50, F|
|poke|p2|Incineroar, L50, F|
|poke|p2|Indeedee-F, L50, F|
|poke|p2|Farigiraf, L50, F|
|poke|p2|Whimsicott, L50, F|
|teampreview|4
|showteam|p1|Dragonite||LoadedDice|Multiscale|Protect,ScaleShot,ExtremeSpeed,Haze|||F|||50|,,,,,Fairy]Annihilape||FocusSash|Defiant|RageFist,CloseCombat,Coaching,Taunt|||F|||50|,,,,,Stellar]Gholdengo||SitrusBerry|GoodasGold|Protect,MakeItRain,ShadowBall,NastyPlot||||||50|,,,,,Water]Rillaboom||AssaultVest|GrassySurge|FakeOut,WoodHammer,GrassyGlide,HighHorsepower|||F|||50|,,,,,Fire]Electabuzz||Eviolite|VitalSpirit|Protect,Thunderbolt,Electroweb,FollowMe|||M|||50|,,,,,Dragon]Incineroar||MirrorHerb|Intimidate|FakeOut,FlareBlitz,KnockOff,PartingShot|||M|||50|,,,,,Ghost
|showteam|p2|Bronzong||SitrusBerry|Levitate|TrickRoom,BodyPress,GyroBall,Protect||||||50|,,,,,Water]Ursaluna||FlameOrb|Guts|Earthquake,Facade,HeadlongRush,Protect|||F|||50|,,,,,Ghost]Incineroar||AssaultVest|Intimidate|FakeOut,Uturn,FlareBlitz,KnockOff|||F|||50|,,,,,Grass]Indeedee-F||SafetyGoggles|PsychicSurge|Psychic,HelpingHand,FollowMe,TrickRoom|||F|||50|,,,,,Water]Farigiraf||ThroatSpray|ArmorTail|HyperVoice,ExpandingForce,GrassKnot,Protect|||F|||50|,,,,,Water]Whimsicott||FocusSash|Prankster|Encore,Endeavor,Moonblast,Tailwind|||F|||50|,,,,,Ghost
|
|t:|1757649833
|teamsize|p1|4
|teamsize|p2|4
|start
|switch|p1a: Annihilape|Annihilape, L50, F|100/100
|switch|p1b: Gholdengo|Gholdengo, L50|100/100
|switch|p2a: Farigiraf|Farigiraf, L50, F|100/100
|switch|p2b: Whimsicott|Whimsicott, L50, F|100/100
|turn|1
|
|t:|1757649864
|move|p2b: Whimsicott|Tailwind|p2b: Whimsicott
|-sidestart|p2: harpdog|move: Tailwind
|move|p2a: Farigiraf|Expanding Force|p1a: Annihilape
|-supereffective|p1a: Annihilape
|-damage|p1a: Annihilape|19/100
|move|p1a: Annihilape|Taunt|p2b: Whimsicott
|-start|p2b: Whimsicott|move: Taunt
|move|p1b: Gholdengo|Nasty Plot|p1b: Gholdengo
|-boost|p1b: Gholdengo|spa|2
|
|upkeep
|turn|2
|
|t:|1757649897
|switch|p2a: Indeedee|Indeedee-F, L50, F|100/100
|-fieldstart|move: Psychic Terrain|[from] ability: Psychic Surge|[of] p2a: Indeedee
|switch|p1a: Incineroar|Incineroar, L50, M|100/100
|-ability|p1a: Incineroar|Intimidate|boost
|-unboost|p2a: Indeedee|atk|1
|-unboost|p2b: Whimsicott|atk|1
|move|p2b: Whimsicott|Moonblast|p1a: Incineroar
|-damage|p1a: Incineroar|71/100
|move|p1b: Gholdengo|Nasty Plot|p1b: Gholdengo
|-boost|p1b: Gholdengo|spa|2
|
|upkeep
|turn|3
|
|t:|1757649920
|move|p2a: Indeedee|Follow Me|p2a: Indeedee
|-singleturn|p2a: Indeedee|move: Follow Me
|move|p2b: Whimsicott|Moonblast|p1a: Incineroar
|-damage|p1a: Incineroar|38/100
|-unboost|p1a: Incineroar|spa|1
|move|p1b: Gholdengo|Make It Rain|p2a: Indeedee|[spread] p2a,p2b
|-supereffective|p2b: Whimsicott
|-damage|p2a: Indeedee|16/100
|-enditem|p2b: Whimsicott|Focus Sash
|-damage|p2b: Whimsicott|1/100
|-unboost|p1b: Gholdengo|spa|1
|move|p1a: Incineroar|Knock Off|p2a: Indeedee
|-supereffective|p2a: Indeedee
|-damage|p2a: Indeedee|0 fnt
|-enditem|p2a: Indeedee|Safety Goggles|[from] move: Knock Off|[of] p1a: Incineroar
|faint|p2a: Indeedee
|
|upkeep
|
|t:|1757649930
|switch|p2a: Ursaluna|Ursaluna, L50, F|100/100
|turn|4
|
|t:|1757649942
|switch|p1a: Rillaboom|Rillaboom, L50, F|100/100
|-fieldstart|move: Grassy Terrain|[from] ability: Grassy Surge|[of] p1a: Rillaboom
|-terastallize|p1b: Gholdengo|Water
|move|p2b: Whimsicott|Endeavor|p1b: Gholdengo
|-damage|p1b: Gholdengo|1/100
|-enditem|p1b: Gholdengo|Sitrus Berry|[eat]
|-heal|p1b: Gholdengo|26/100|[from] item: Sitrus Berry
|move|p1b: Gholdengo|Make It Rain|p2b: Whimsicott|[spread] p2a,p2b
|-supereffective|p2b: Whimsicott
|-damage|p2a: Ursaluna|3/100
|-damage|p2b: Whimsicott|0 fnt
|-unboost|p1b: Gholdengo|spa|1
|faint|p2b: Whimsicott
|move|p2a: Ursaluna|Earthquake|p1b: Gholdengo|[spread] p1a,p1b
|-resisted|p1a: Rillaboom
|-crit|p1a: Rillaboom
|-damage|p1a: Rillaboom|84/100
|-damage|p1b: Gholdengo|2/100
|
|-heal|p1b: Gholdengo|8/100|[from] Grassy Terrain
|-heal|p2a: Ursaluna|9/100|[from] Grassy Terrain
|-heal|p1a: Rillaboom|90/100|[from] Grassy Terrain
|-sideend|p2: harpdog|move: Tailwind
|-status|p2a: Ursaluna|brn|[from] item: Flame Orb
|upkeep
|
|t:|1757649958
|switch|p2b: Farigiraf|Farigiraf, L50, F|100/100
|turn|5
|
|t:|1757649966
|-terastallize|p2b: Farigiraf|Water
|move|p1b: Gholdengo|Make It Rain|p2a: Ursaluna|[spread] p2a,p2b
|-resisted|p2b: Farigiraf
|-crit|p2b: Farigiraf
|-damage|p2a: Ursaluna|0 fnt
|-damage|p2b: Farigiraf|38/100
|-unboost|p1b: Gholdengo|spa|1
|faint|p2a: Ursaluna
|move|p1a: Rillaboom|Wood Hammer|p2b: Farigiraf
|-supereffective|p2b: Farigiraf
|-damage|p2b: Farigiraf|0 fnt
|faint|p2b: Farigiraf
|-damage|p1a: Rillaboom|76/100|[from] Recoil
|
|win|vgcgeegee
||harpdog is ready for game 2.
|l|☆harpdog
|player|p2|
|inactive|vgcgeegee has 30 seconds to confirm battle start!
||vgcgeegee is ready for game 2.
|uhtml|next|Next: Game 2 of 3
|l|‽vgcgeegee
|player|p1|
