|j|☆Unga unga vgc
|j|☆PixelJaguar
|html|Unga unga vgcPixelJaguar    
|uhtml|bestof|Game 2 of a best-of-3
|t:|1785963302
|gametype|doubles
|player|p1|Unga unga vgc|youngster-gen4dp|1209
|player|p2|PixelJaguar|1|1115
|gen|9
|tier|[Gen 9 Champions] VGC 2026 Reg M-B (Bo3)
|rated|
|rule|Species Clause: Limit one of each Pokémon
|rule|Item Clause: Limit 1 of each item
|clearpoke
|poke|p1|Delphox, L50, F|
|poke|p1|Blastoise, L50, F|
|poke|p1|Sneasler, L50, M|
|poke|p1|Kingambit, L50, M|
|poke|p1|Incineroar, L50, M|
|poke|p1|Sinistcha, L50|
|poke|p2|Whimsicott, L50, M|
|poke|p2|Staraptor, L50, M|
|poke|p2|Garchomp, L50, F|
|poke|p2|Ceruledge, L50, M|
|poke|p2|Metagross, L50|
|poke|p2|Farigiraf, L50, M|
|teampreview|4
|showteam|p1|Delphox||Delphoxite|Blaze|HeatWave,Psychic,NastyPlot,Protect|Timid||F|||50|]Blastoise||Blastoisinite|Torrent|WaterSpout,DarkPulse,ShellSmash,Protect|Modest||F|||50|]Sneasler||FocusSash|PoisonTouch|FakeOut,PoisonJab,CloseCombat,QuickGuard|Jolly||M|||50|]Kingambit||LifeOrb|Defiant|KowtowCleave,SuckerPunch,SwordsDance,Protect|Adamant||M|||50|]Incineroar||SitrusBerry|Intimidate|FakeOut,FlareBlitz,HelpingHand,PartingShot|Impish||M|||50|]Sinistcha||ColburBerry|Hospitality|MatchaGotcha,RagePowder,TrickRoom,Protect|Relaxed|||||50|
|showteam|p2|Whimsicott||FocusSash|Prankster|Encore,Tailwind,Moonblast,Charm|Timid||M|||50|]Staraptor||Staraptite|Intimidate|Protect,CloseCombat,BraveBird,Roost|Jolly||M|||50|]Garchomp||LifeOrb|RoughSkin|Protect,RockSlide,Earthquake,DragonClaw|Jolly||F|||50|]Ceruledge||ColburBerry|FlashFire|Protect,BitterBlade,BulkUp,ShadowSneak|Adamant||M|||50|]Metagross||Metagrossite|ClearBody|Protect,StompingTantrum,IronHead,PsychicFangs|Adamant|||||50|]Farigiraf||SitrusBerry|ArmorTail|HelpingHand,TrickRoom,Psychic,Thunderbolt|Calm||M|||50|
|
|t:|1785963327
|teamsize|p1|4
|teamsize|p2|4
|start
|switch|p1a: Blastoise|Blastoise, L50, F|100/100
|switch|p1b: Sneasler|Sneasler, L50, M|100/100
|switch|p2a: Staraptor|Staraptor, L50, M|100/100
|switch|p2b: Whimsicott|Whimsicott, L50, M|100/100
|-ability|p2a: Staraptor|Intimidate|boost
|-unboost|p1a: Blastoise|atk|1
|-unboost|p1b: Sneasler|atk|1
|turn|1
|
|t:|1785963352
|detailschange|p2a: Staraptor|Staraptor-Mega, L50, M
|-mega|p2a: Staraptor|Staraptor|Staraptite
|detailschange|p1a: Blastoise|Blastoise-Mega, L50, F
|-mega|p1a: Blastoise|Blastoise|Blastoisinite
|move|p2a: Staraptor|Protect|p2a: Staraptor
|-singleturn|p2a: Staraptor|Protect
|move|p1b: Sneasler|Fake Out|p2b: Whimsicott
|-damage|p2b: Whimsicott|84/100
|cant|p2b: Whimsicott|flinch
|move|p1a: Blastoise|Water Spout|p2a: Staraptor|[spread] p2b
|-activate|p2a: Staraptor|move: Protect
|-resisted|p2b: Whimsicott|1
|-damage|p2b: Whimsicott|34/100
|
|upkeep
|turn|2
|
|t:|1785963374
|move|p2b: Whimsicott|Encore|p1b: Sneasler
|-start|p1b: Sneasler|Encore
|move|p1b: Sneasler|Fake Out||[still]
|-hint|Fake Out only works on your first turn out.
|-fail|p1b: Sneasler
|move|p2a: Staraptor|Close Combat|p1b: Sneasler
|-resisted|p1b: Sneasler|1
|-damage|p1b: Sneasler|44/100
|-boost|p2a: Staraptor|def|1
|-boost|p2a: Staraptor|spd|1
|move|p1a: Blastoise|Water Spout|p2a: Staraptor|[spread] p2a,p2b
|-resisted|p2b: Whimsicott|1
|-damage|p2a: Staraptor|46/100
|-damage|p2b: Whimsicott|0 fnt
|faint|p2b: Whimsicott
|
|upkeep
|
|t:|1785963389
|switch|p2b: Garchomp|Garchomp, L50, F|100/100
|turn|3
|
|t:|1785963403
|switch|p1b: Sinistcha|Sinistcha, L50|100/100
|move|p1a: Blastoise|Protect|p1a: Blastoise
|-singleturn|p1a: Blastoise|Protect
|move|p2a: Staraptor|Roost|p2a: Staraptor
|-heal|p2a: Staraptor|96/100
|-singleturn|p2a: Staraptor|move: Roost
|move|p2b: Garchomp|Earthquake|p1a: Blastoise|[spread] p2a,p1b
|-activate|p1a: Blastoise|move: Protect
|-crit|p2a: Staraptor
|-resisted|p1b: Sinistcha|1
|-damage|p2a: Staraptor|11/100
|-damage|p1b: Sinistcha|82/100
|-damage|p2b: Garchomp|90/100|[from] item: Life Orb
|
|upkeep
|turn|4
|
|t:|1785963420
|move|p2a: Staraptor|Protect|p2a: Staraptor
|-singleturn|p2a: Staraptor|Protect
|move|p1b: Sinistcha|Rage Powder|p1b: Sinistcha
|-singleturn|p1b: Sinistcha|move: Rage Powder
|move|p2b: Garchomp|Earthquake|p1a: Blastoise|[spread] p1a,p1b
|-activate|p2a: Staraptor|move: Protect
|-resisted|p1b: Sinistcha|1
|-damage|p1a: Blastoise|54/100
|-damage|p1b: Sinistcha|62/100
|-damage|p2b: Garchomp|80/100|[from] item: Life Orb
|move|p1a: Blastoise|Shell Smash|p1a: Blastoise
|-unboost|p1a: Blastoise|def|1
|-unboost|p1a: Blastoise|spd|1
|-boost|p1a: Blastoise|atk|2
|-boost|p1a: Blastoise|spa|2
|-boost|p1a: Blastoise|spe|2
|
|upkeep
|turn|5
|
|t:|1785963437
|move|p1a: Blastoise|Water Spout|p2a: Staraptor|[spread] p2a,p2b
|-damage|p2a: Staraptor|0 fnt
|-damage|p2b: Garchomp|2/100
|faint|p2a: Staraptor
|move|p2b: Garchomp|Rock Slide|p1b: Sinistcha|[spread] p1a,p1b
|-damage|p1a: Blastoise|21/100
|-damage|p1b: Sinistcha|45/100
|-damage|p2b: Garchomp|0 fnt|[from] item: Life Orb
|faint|p2b: Garchomp
|move|p1b: Sinistcha|Matcha Gotcha|p2: Staraptor|[notarget]
|-fail|p1b: Sinistcha
|
|upkeep
|
|t:|1785963450
|switch|p2a: Ceruledge|Ceruledge, L50, M|100/100
|turn|6
|
|t:|1785963456
|move|p1b: Sinistcha|Rage Powder|p1b: Sinistcha
|-singleturn|p1b: Sinistcha|move: Rage Powder
|move|p2a: Ceruledge|Shadow Sneak|p1b: Sinistcha
|-supereffective|p1b: Sinistcha|1
|-damage|p1b: Sinistcha|14/100
|move|p1a: Blastoise|Dark Pulse|p2a: Ceruledge
|-supereffective|p2a: Ceruledge|1
|-enditem|p2a: Ceruledge|Colbur Berry|[eat]
|-enditem|p2a: Ceruledge|Colbur Berry|[weaken]
|-damage|p2a: Ceruledge|6/100
|
|upkeep
|turn|7
|
|t:|1785963467
|move|p1b: Sinistcha|Rage Powder|p1b: Sinistcha
|-singleturn|p1b: Sinistcha|move: Rage Powder
|move|p2a: Ceruledge|Shadow Sneak|p1b: Sinistcha
|-supereffective|p1b: Sinistcha|1
|-damage|p1b: Sinistcha|0 fnt
|faint|p1b: Sinistcha
|move|p1a: Blastoise|Dark Pulse|p2a: Ceruledge
|-supereffective|p2a: Ceruledge|1
|-damage|p2a: Ceruledge|0 fnt
|faint|p2a: Ceruledge
|
|win|Unga unga vgc
|raw|Unga unga vgc's rating: 1209 → 1227(+18 for winning)
|raw|PixelJaguar's rating: 1115 → 1097(-18 for losing)
|l|☆Unga unga vgc
|player|p1|
