|j|☆notoriousczr
|j|☆4prongedutsenil
|html|notoriousczr4prongedutsenil    
|uhtml|bestof|Game 1 of a best-of-3
|t:|1785448239
|gametype|doubles
|player|p1|notoriousczr|clown|
|player|p2|4prongedutsenil|dawn|
|gen|9
|tier|[Gen 9 Champions] VGC 2026 Reg M-B (Bo3)
|rule|Species Clause: Limit one of each Pokémon
|rule|Item Clause: Limit 1 of each item
|clearpoke
|poke|p1|Drampa, L50, M|
|poke|p1|Diggersby, L50, M|
|poke|p1|Zoroark-Hisui, L50, M|
|poke|p1|Kangaskhan, L50, F|
|poke|p1|Staraptor, L50, M|
|poke|p1|Farigiraf, L50, M|
|poke|p2|Sneasler, L50, M|
|poke|p2|Lucario, L50, M|
|poke|p2|Scrafty, L50, F|
|poke|p2|Quaquaval, L50, M|
|poke|p2|Blaziken, L50, F|
|poke|p2|Falinks, L50|
|teampreview|4
|showteam|p1|Drampa||SitrusBerry|Berserk|DragonPulse,HyperVoice,HeatWave,Protect|Modest||M|||50|]Diggersby||SilkScarf|HugePower|BodySlam,HighHorsepower,QuickAttack,Protect|Adamant||M|||50|]Zoroark-Hisui||LifeOrb|Illusion|BitterMalice,Snarl,HyperVoice,Protect|Timid||M|||50|]Kangaskhan||Kangaskhanite|Scrappy|FakeOut,HammerArm,DoubleEdge,SuckerPunch|Adamant||F|||50|]Staraptor||FocusSash|Intimidate|DualWingbeat,CloseCombat,Tailwind,Protect|Jolly||M|||50|]Farigiraf||ColburBerry|ArmorTail|TrickRoom,Protect,HyperVoice,Psychic|Quiet||M|||50|
|showteam|p2|Sneasler||WhiteHerb|Unburden|CloseCombat,DireClaw,ThroatChop,Protect|Adamant||M|||50|]Lucario||Lucarionite|Steadfast|AuraSphere,FlashCannon,VacuumWave,Detect|Timid||M|||50|]Scrafty||SitrusBerry|Intimidate|FakeOut,KnockOff,Detect,DrainPunch|Careful||F|||50|]Quaquaval||FocusSash|Moxie|CloseCombat,Protect,AquaStep,WaveCrash|Jolly||M|||50|]Blaziken||Charcoal|SpeedBoost|Coaching,Detect,HeatWave,AuraSphere|Modest||F|||50|]Falinks||Falinksite|Defiant|NoRetreat,Protect,CloseCombat,RockSlide|Jolly|||||50|
|
|t:|1785448282
|teamsize|p1|4
|teamsize|p2|4
|start
|switch|p1a: MonoFlying|Staraptor, L50, M|100/100
|switch|p1b: MonoPsychic|Farigiraf, L50, M|100/100
|switch|p2a: Quaquaval|Quaquaval, L50, M|100/100
|switch|p2b: Blaziken|Blaziken, L50, F|100/100
|-ability|p1a: MonoFlying|Intimidate|boost
|-unboost|p2a: Quaquaval|atk|1
|-unboost|p2b: Blaziken|atk|1
|turn|1
|
|t:|1785448318
|switch|p2a: Scrafty|Scrafty, L50, F|100/100
|-ability|p2a: Scrafty|Intimidate|boost
|-unboost|p1a: MonoFlying|atk|1
|-unboost|p1b: MonoPsychic|atk|1
|move|p2b: Blaziken|Detect|p2b: Blaziken
|-singleturn|p2b: Blaziken|Protect
|move|p1b: MonoPsychic|Hyper Voice|p2a: Scrafty|[spread] p2a
|-activate|p2b: Blaziken|move: Protect
|-damage|p2a: Scrafty|69/100
|-damage|p1b: MonoPsychic|90/100|[from] item: Life Orb
|move|p1a: MonoFlying|Tailwind|p1a: MonoFlying
|-sidestart|p1: notoriousczr|move: Tailwind
|
|-ability|p2b: Blaziken|Speed Boost|boost
|-boost|p2b: Blaziken|spe|1
|upkeep
|turn|2
|
|t:|1785448354
|move|p1b: MonoPsychic|Hyper Voice|p2b: Blaziken|[spread] p2a,p2b
|-damage|p2a: Scrafty|41/100
|-damage|p2b: Blaziken|31/100
|-enditem|p2a: Scrafty|Sitrus Berry|[eat]
|-heal|p2a: Scrafty|66/100|[from] item: Sitrus Berry
|-damage|p1b: MonoPsychic|80/100|[from] item: Life Orb
|move|p1a: MonoFlying|Dual Wingbeat|p2b: Blaziken
|-supereffective|p2b: Blaziken|1
|-damage|p2b: Blaziken|0 fnt
|faint|p2b: Blaziken
|-hitcount|p2: Blaziken|1
|move|p2a: Scrafty|Knock Off|p1b: MonoPsychic
|-supereffective|p1b: MonoPsychic|1
|-damage|p1b: MonoPsychic|0 fnt
|replace|p1b: MonoGhost|Zoroark-Hisui, L50, M
|-end|p1b: MonoGhost|Illusion
|-enditem|p1b: MonoGhost|Life Orb|[from] move: Knock Off|[of] p2a: Scrafty
|faint|p1b: MonoGhost
|
|upkeep
|
|t:|1785448364
|switch|p1b: MonoNormal(genius)|Kangaskhan, L50, F|100/100
|switch|p2b: Lucario|Lucario, L50, M|100/100
|turn|3
|
|t:|1785448397
|detailschange|p1b: MonoNormal(genius)|Kangaskhan-Mega, L50, F
|-mega|p1b: MonoNormal(genius)|Kangaskhan|Kangaskhanite
|move|p2b: Lucario|Detect|p2b: Lucario
|-singleturn|p2b: Lucario|Protect
|move|p2a: Scrafty|Detect|p2a: Scrafty
|-singleturn|p2a: Scrafty|Protect
|move|p1a: MonoFlying|Close Combat|p2b: Lucario
|-activate|p2b: Lucario|move: Protect
|move|p1b: MonoNormal(genius)|Double-Edge|p2b: Lucario
|-activate|p2b: Lucario|move: Protect
|
|upkeep
|turn|4
|
|t:|1785448441
|detailschange|p2b: Lucario|Lucario-Mega, L50, M
|-mega|p2b: Lucario|Lucario|Lucarionite
|move|p1a: MonoFlying|Close Combat|p2b: Lucario
|-supereffective|p2b: Lucario|1
|-damage|p2b: Lucario|30/100
|-unboost|p1a: MonoFlying|def|1
|-unboost|p1a: MonoFlying|spd|1
|move|p1b: MonoNormal(genius)|Double-Edge|p2b: Lucario
|-resisted|p2b: Lucario|1
|-damage|p2b: Lucario|0 fnt
|faint|p2b: Lucario
|-damage|p1b: MonoNormal(genius)|92/100|[from] Recoil
|move|p2a: Scrafty|Drain Punch|p1a: MonoFlying
|-damage|p1a: MonoFlying|43/100
|-heal|p2a: Scrafty|93/100|[from] drain|[of] p1a: MonoFlying
|
|-sideend|p1: notoriousczr|move: Tailwind
|upkeep
|
|t:|1785448451
|switch|p2b: Quaquaval|Quaquaval, L50, M|100/100
|turn|5
|
|t:|1785448458
|move|p1a: MonoFlying|Tailwind|p1a: MonoFlying
|-sidestart|p1: notoriousczr|move: Tailwind
|move|p1b: MonoNormal(genius)|Double-Edge|p2b: Quaquaval
|-damage|p2b: Quaquaval|9/100
|-damage|p2b: Quaquaval|0 fnt
|faint|p2b: Quaquaval
|-hitcount|p2: Quaquaval|2
|-damage|p1b: MonoNormal(genius)|67/100|[from] Recoil
|move|p2a: Scrafty|Drain Punch|p1b: MonoNormal(genius)
|-supereffective|p1b: MonoNormal(genius)|1
|-damage|p1b: MonoNormal(genius)|30/100
|-heal|p2a: Scrafty|100/100|[from] drain|[of] p1b: MonoNormal(genius)
|
|upkeep
|turn|6
|
|t:|1785448472
|move|p1a: MonoFlying|Dual Wingbeat|p2a: Scrafty
|-supereffective|p2a: Scrafty|1
|-damage|p2a: Scrafty|75/100
|-supereffective|p2a: Scrafty|1
|-damage|p2a: Scrafty|50/100y
|-hitcount|p2a: Scrafty|2
|move|p1b: MonoNormal(genius)|Hammer Arm|p2a: Scrafty
|-supereffective|p2a: Scrafty|1
|-damage|p2a: Scrafty|0 fnt
|-unboost|p1b: MonoNormal(genius)|spe|1
|faint|p2a: Scrafty
|
|win|notoriousczr
||4prongedutsenil is ready for game 2.
||notoriousczr is ready for game 2.
|uhtml|next|Next: Game 2 of 3
|l|☆4prongedutsenil
|player|p2|
|l|☆notoriousczr
|player|p1|
|j|☆notoriousczr
|player|p1|notoriousczr|clown|
