|j|☆RegiSIXSEVEN
|j|☆ChimcharBot
|html|RegiSIXSEVENChimcharBot    
|uhtml|bestof|Game 2 of a best-of-3
|t:|1783157955
|gametype|doubles
|player|p1|RegiSIXSEVEN|steven|1172
|player|p2|ChimcharBot|koga|1085
|gen|9
|tier|[Gen 9 Champions] VGC 2026 Reg M-B (Bo3)
|rated|
|rule|Species Clause: Limit one of each Pokémon
|rule|Item Clause: Limit 1 of each item
|clearpoke
|poke|p1|Gengar, L50, F, shiny|
|poke|p1|Swampert, L50, F, shiny|
|poke|p1|Incineroar, L50, F, shiny|
|poke|p1|Politoed, L50, M, shiny|
|poke|p1|Archaludon, L50, F, shiny|
|poke|p1|Vivillon-Elegant, L50, M, shiny|
|poke|p2|Mawile, L50, M|
|poke|p2|Annihilape, L50, M|
|poke|p2|Ninetales-Alola, L50, M|
|poke|p2|Farigiraf, L50, M|
|poke|p2|Dragonite, L50, F|
|poke|p2|Garchomp, L50, F|
|teampreview|4
|showteam|p1|Gengar||Gengarite|CursedBody|ShadowBall,SludgeBomb,PerishSong,Protect|Timid||F|||50|]Swampert||Swampertite|Damp|WaveCrash,Earthquake,IcePunch,Protect|Adamant||F|||50|]Incineroar||PasshoBerry|Intimidate|FakeOut,ThroatChop,PartingShot,Protect|Sassy||F|||50|]Politoed||SitrusBerry|Drizzle|WeatherBall,Encore,PerishSong,Protect|Calm||M|||50|]Archaludon||Leftovers|Stamina|DragonPulse,FlashCannon,ElectroShot,Protect|Bold||F|||50|]Vivillon-Elegant||FocusSash|CompoundEyes|Hurricane,SleepPowder,RagePowder,Protect|Timid||M|||50|
|showteam|p2|Mawile||Mawilite|HyperCutter|Protect,IronHead,SuckerPunch,PlayRough|Adamant||M|||50|]Annihilape||FocusSash|Defiant|CloseCombat,Coaching,PoisonJab,RageFist|Jolly||M|||50|]Ninetales-Alola||ChoiceScarf|SnowWarning|Blizzard,Moonblast,FreezeDry,IcyWind|Modest||M|||50|]Farigiraf||SitrusBerry|ArmorTail|Protect,Psychic,HelpingHand,TrickRoom|Bold||M|||50|]Dragonite||DragonFang|Multiscale|Protect,DragonClaw,LowKick,ExtremeSpeed|Adamant||F|||50|]Garchomp||LifeOrb|RoughSkin|Protect,DragonClaw,RockSlide,Earthquake|Jolly||F|||50|
|inactive|Battle timer is ON: inactive players will automatically lose when time's up. (requested by RegiSIXSEVEN)
|
|t:|1783157982
|teamsize|p1|4
|teamsize|p2|4
|start
|switch|p1a: Swampert|Swampert, L50, F, shiny|100/100
|switch|p1b: Politoed|Politoed, L50, M, shiny|100/100
|switch|p2a: Dragonite|Dragonite, L50, F|100/100
|switch|p2b: Annihilape|Annihilape, L50, M|100/100
|-weather|RainDance|[from] ability: Drizzle|[of] p1b: Politoed
|turn|1
|inactive|RegiSIXSEVEN has 30 seconds left.
|inactive|ChimcharBot has 30 seconds left.
|
|t:|1783158014
|detailschange|p1a: Swampert|Swampert-Mega, L50, F, shiny
|-mega|p1a: Swampert|Swampert|Swampertite
|move|p2a: Dragonite|Protect|p2a: Dragonite
|-singleturn|p2a: Dragonite|Protect
|move|p1a: Swampert|Ice Punch|p2a: Dragonite
|-activate|p2a: Dragonite|move: Protect
|move|p2b: Annihilape|Coaching|p2a: Dragonite
|-boost|p2a: Dragonite|atk|1
|-boost|p2a: Dragonite|def|1
|move|p1b: Politoed|Weather Ball|p2b: Annihilape
|-damage|p2b: Annihilape|52/100
|
|-weather|RainDance|[upkeep]
|upkeep
|turn|2
|
|t:|1783158032
|switch|p1b: Incineroar|Incineroar, L50, F, shiny|100/100
|-ability|p1b: Incineroar|Intimidate|boost
|-unboost|p2a: Dragonite|atk|1
|-unboost|p2b: Annihilape|atk|1
|-ability|p2b: Annihilape|Defiant|boost
|-boost|p2b: Annihilape|atk|2
|move|p1a: Swampert|Ice Punch|p2a: Dragonite
|-supereffective|p2a: Dragonite|2
|-crit|p2a: Dragonite
|-damage|p2a: Dragonite|0 fnt
|faint|p2a: Dragonite
|move|p2b: Annihilape|Poison Jab|p1b: Incineroar
|-damage|p1b: Incineroar|66/100
|-status|p1b: Incineroar|psn
|
|-weather|RainDance|[upkeep]
|-damage|p1b: Incineroar|54/100 psn|[from] psn
|upkeep
|inactive|ChimcharBot has 30 seconds left.
|
|t:|1783158059
|switch|p2a: Ninetales|Ninetales-Alola, L50, M|100/100
|-weather|Snowscape|[from] ability: Snow Warning|[of] p2a: Ninetales
|turn|3
|
|t:|1783158078
|switch|p2a: Mawile|Mawile, L50, M|100/100
|move|p1b: Incineroar|Fake Out|p2a: Mawile
|-resisted|p2a: Mawile|1
|-damage|p2a: Mawile|92/100
|move|p2b: Annihilape|Rage Fist|p1a: Swampert
|-crit|p1a: Swampert
|-damage|p1a: Swampert|0 fnt
|faint|p1a: Swampert
|
|-weather|Snowscape|[upkeep]
|-damage|p1b: Incineroar|41/100 psn|[from] psn
|upkeep
|
|t:|1783158086
|switch|p1a: Archaludon|Archaludon, L50, F, shiny|100/100
|turn|4
|
|t:|1783158105
|switch|p1b: Politoed|Politoed, L50, M, shiny|100/100
|-weather|RainDance|[from] ability: Drizzle|[of] p1b: Politoed
|detailschange|p2a: Mawile|Mawile-Mega, L50, M
|-mega|p2a: Mawile|Mawile|Mawilite
|move|p2b: Annihilape|Close Combat|p1a: Archaludon
|-supereffective|p1a: Archaludon|1
|-damage|p1a: Archaludon|0 fnt
|-unboost|p2b: Annihilape|def|1
|-unboost|p2b: Annihilape|spd|1
|faint|p1a: Archaludon
|move|p2a: Mawile|Play Rough|p1b: Politoed
|-damage|p1b: Politoed|16/100
|-enditem|p1b: Politoed|Sitrus Berry|[eat]
|-heal|p1b: Politoed|41/100|[from] item: Sitrus Berry
|
|-weather|RainDance|[upkeep]
|upkeep
|
|t:|1783158113
|switch|p1a: Incineroar|Incineroar, L50, F, shiny|41/100 psn
|-ability|p1a: Incineroar|Intimidate|boost
|-unboost|p2a: Mawile|atk|1
|-unboost|p2b: Annihilape|atk|1
|-ability|p2b: Annihilape|Defiant|boost
|-boost|p2b: Annihilape|atk|2
|turn|5
|-message|RegiSIXSEVEN forfeited.
|
|win|ChimcharBot
