|j|☆dont make me walk
|j|☆Wooperdooperpooper
|html|dont make me walkWooperdooperpooper    
|uhtml|bestof|Game 2 of a best-of-3
|t:|1755016313
|gametype|doubles
|player|p1|dont make me walk|red-masters3|1270
|player|p2|Wooperdooperpooper|1|1317
|gen|9
|tier|[Gen 9] VGC 2025 Reg H (Bo3)
|rated|
|rule|Species Clause: Limit one of each Pokémon
|rule|Item Clause: Limit 1 of each item
|clearpoke
|poke|p1|Murkrow, L50, M|
|poke|p1|Indeedee-F, L50, F|
|poke|p1|Ursaluna-Bloodmoon, L50, M|
|poke|p1|Armarouge, L50, F|
|poke|p1|Gholdengo, L50|
|poke|p1|Annihilape, L50, F|
|poke|p2|Charizard, L50, F|
|poke|p2|Indeedee-F, L50, F|
|poke|p2|Ursaluna, L50, M|
|poke|p2|Torkoal, L50, M|
|poke|p2|Gallade, L50, M|
|poke|p2|Hatterene, L50, F|
|teampreview|4
|showteam|p1|Murkrow||Eviolite|Prankster|Tailwind,FoulPlay,Haze,SunnyDay|||M|||50|,,,,,Ghost]Indeedee-F||RockyHelmet|PsychicSurge|FollowMe,TrickRoom,HelpingHand,Psychic|||F|||50|,,,,,Fairy]Ursaluna-Bloodmoon||LifeOrb|MindsEye|Protect,EarthPower,HyperVoice,BloodMoon|||M|||50|,,,,,Normal]Armarouge||PowerHerb|FlashFire|TrickRoom,MeteorBeam,HeatWave,ExpandingForce|||F|||50|,,,,,Grass]Gholdengo||ChoiceSpecs|GoodasGold|MakeItRain,ShadowBall,Thunderbolt,Trick||||||50|,,,,,Steel]Annihilape||SafetyGoggles|Defiant|Protect,BulkUp,RageFist,DrainPunch|||F|||50|,,,,,Fire
|showteam|p2|Charizard||ChoiceScarf|SolarPower|HeatWave,Overheat,WeatherBall,ScorchingSands|||F|||50|,,,,,Fire]Indeedee-F||SafetyGoggles|PsychicSurge|DazzlingGleam,FollowMe,TrickRoom,HelpingHand|||F|||50|,,,,,Water]Ursaluna||FlameOrb|Guts|HeadlongRush,Facade,RockSlide,Protect|||M|||50|,,,,,Dragon]Torkoal||Charcoal|Drought|Eruption,Overheat,HelpingHand,Protect|||M|||50|,,,,,Fire]Gallade||ClearAmulet|Sharpness|SacredSword,PsychoCut,TrickRoom,WideGuard|||M|||50|,,,,,Grass]Hatterene||LifeOrb|MagicBounce|ExpandingForce,DazzlingGleam,TrickRoom,Protect|||F|||50|,,,,,Water
|inactive|Battle timer is ON: inactive players will automatically lose when time's up. (requested by dont make me walk)
|
|t:|1755016331
|teamsize|p1|4
|teamsize|p2|4
|start
|switch|p1a: Indeedee|Indeedee-F, L50, F|100/100
|switch|p1b: Armarouge|Armarouge, L50, F, shiny|100/100
|switch|p2a: Gallade|Gallade, L50, M|100/100
|switch|p2b: Indeedee|Indeedee-F, L50, F|100/100
|-fieldstart|move: Psychic Terrain|[from] ability: Psychic Surge|[of] p1a: Indeedee
|turn|1
|
|t:|1755016342
|move|p2b: Indeedee|Helping Hand|p2a: Gallade
|-singleturn|p2a: Gallade|Helping Hand|[of] p2b: Indeedee
|move|p1b: Armarouge|Meteor Beam||[still]
|-prepare|p1b: Armarouge|Meteor Beam
|-boost|p1b: Armarouge|spa|1
|-enditem|p1b: Armarouge|Power Herb
|-anim|p1b: Armarouge|Meteor Beam|p2b: Indeedee
|-damage|p2b: Indeedee|37/100
|move|p2a: Gallade|Sacred Sword|p1a: Indeedee
|-damage|p1a: Indeedee|0 fnt
|-damage|p2a: Gallade|84/100|[from] item: Rocky Helmet|[of] p1a: Indeedee
|faint|p1a: Indeedee
|
|upkeep
|
|t:|1755016349
|switch|p1a: Murkrow|Murkrow, L50, M, shiny|100/100
|turn|2
|
|t:|1755016364
|move|p2a: Gallade|Wide Guard|p2a: Gallade
|-singleturn|p2a: Gallade|Wide Guard
|move|p1a: Murkrow|Foul Play|p2a: Gallade
|-damage|p2a: Gallade|2/100
|move|p1b: Armarouge|Expanding Force|p2a: Gallade|[spread] 
|-activate|p2a: Gallade|move: Wide Guard
|-activate|p2b: Indeedee|move: Wide Guard
|move|p2b: Indeedee|Trick Room|p2b: Indeedee
|-fieldstart|move: Trick Room|[of] p2b: Indeedee
|
|upkeep
|turn|3
|
|t:|1755016373
|move|p2a: Gallade|Sacred Sword|p1a: Murkrow
|-damage|p1a: Murkrow|29/100
|move|p1a: Murkrow|Foul Play|p2b: Indeedee
|-supereffective|p2b: Indeedee
|-damage|p2b: Indeedee|3/100
|move|p2b: Indeedee|Trick Room|p2b: Indeedee
|-fieldend|move: Trick Room
|move|p1b: Armarouge|Trick Room|p1b: Armarouge
|-fieldstart|move: Trick Room|[of] p1b: Armarouge
|
|upkeep
|turn|4
|inactive|dont make me walk has 30 seconds left.
|inactive|dont make me walk has 20 seconds left.
|
|t:|1755016409
|move|p2a: Gallade|Psycho Cut|p1b: Armarouge
|-resisted|p1b: Armarouge
|-damage|p1b: Armarouge|63/100
|move|p2b: Indeedee|Dazzling Gleam|p1b: Armarouge|[spread] p1a,p1b
|-supereffective|p1a: Murkrow
|-resisted|p1b: Armarouge
|-damage|p1a: Murkrow|2/100
|-damage|p1b: Armarouge|56/100
|move|p1a: Murkrow|Foul Play|p2a: Gallade
|-damage|p2a: Gallade|0 fnt
|faint|p2a: Gallade
|move|p1b: Armarouge|Trick Room|p1b: Armarouge
|-fieldend|move: Trick Room
|
|upkeep
|
|t:|1755016415
|switch|p2a: Hatterene|Hatterene, L50, F|100/100
|turn|5
|
|t:|1755016438
|-terastallize|p2a: Hatterene|Water
|move|p2b: Indeedee|Follow Me|p2b: Indeedee
|-singleturn|p2b: Indeedee|move: Follow Me
|move|p1a: Murkrow|Foul Play|p2b: Indeedee
|-supereffective|p2b: Indeedee
|-damage|p2b: Indeedee|0 fnt
|faint|p2b: Indeedee
|move|p1b: Armarouge|Trick Room|p1b: Armarouge
|-fieldstart|move: Trick Room|[of] p1b: Armarouge
|move|p2a: Hatterene|Trick Room|p2a: Hatterene
|-fieldend|move: Trick Room
|
|-fieldend|move: Psychic Terrain
|upkeep
|
|t:|1755016444
|switch|p2b: Ursaluna|Ursaluna, L50, M|100/100
|turn|6
|
|t:|1755016457
|move|p2b: Ursaluna|Protect|p2b: Ursaluna
|-singleturn|p2b: Ursaluna|Protect
|move|p1a: Murkrow|Foul Play|p2a: Hatterene
|-crit|p2a: Hatterene
|-damage|p2a: Hatterene|56/100
|move|p1b: Armarouge|Expanding Force|p2a: Hatterene
|-damage|p2a: Hatterene|0 fnt
|faint|p2a: Hatterene
|
|-status|p2b: Ursaluna|brn|[from] item: Flame Orb
|upkeep
|turn|7
|-message|Wooperdooperpooper forfeited.
|
|win|dont make me walk
|raw|dont make me walk's rating: 1270 → 1298(+28 for winning)
|raw|Wooperdooperpooper's rating: 1317 → 1294(-23 for losing)
|l|☆Wooperdooperpooper
|player|p2|
