|j|☆Cristante terabug
|j|☆Fedemitra9
|html|Cristante terabugFedemitra9    
|uhtml|bestof|Game 2 of a best-of-3
|t:|1756466475
|gametype|doubles
|player|p1|Cristante terabug|kieran-champion|1271
|player|p2|Fedemitra9|hiker-gen4|1204
|gen|9
|tier|[Gen 9] VGC 2025 Reg H (Bo3)
|rated|
|rule|Species Clause: Limit one of each Pokémon
|rule|Item Clause: Limit 1 of each item
|clearpoke
|poke|p1|Incineroar, L50, F|
|poke|p1|Pelipper, L50, M|
|poke|p1|Archaludon, L50, M|
|poke|p1|Dragonite, L50, M|
|poke|p1|Sinistcha, L50|
|poke|p1|Ursaluna, L50, F|
|poke|p2|Garchomp, L50, M|
|poke|p2|Jumpluff, L50, M|
|poke|p2|Torkoal, L50, M|
|poke|p2|Dragonite, L50, M|
|poke|p2|Kingambit, L50, M|
|poke|p2|Typhlosion-Hisui, L50, M|
|teampreview|4
|showteam|p1|Incineroar||SafetyGoggles|Intimidate|FakeOut,PartingShot,KnockOff,FlareBlitz|||F|||50|,,,,,Flying]Pelipper||FocusSash|Drizzle|Hurricane,MuddyWater,Tailwind,Protect|||M|||50|,,,,,Ghost]Archaludon||AssaultVest|Stamina|ElectroShot,Snarl,FlashCannon,BodyPress|||M|||50|,,,,,Bug]Dragonite||LoadedDice|Multiscale|ScaleShot,Tailwind,Haze,Protect|||M|||50|,,,,,Fairy]Sinistcha||SitrusBerry|Hospitality|MatchaGotcha,RagePowder,LifeDew,TrickRoom||||||50|,,,,,Dark]Ursaluna||FlameOrb|Guts|Earthquake,Facade,HeadlongRush,Protect|||F|||50|,,,,,Ghost
|showteam|p2|Garchomp||LifeOrb|RoughSkin|DragonClaw,StompingTantrum,Earthquake,Protect|||M|||50|,,,,,Fire]Jumpluff||CovertCloak|Chlorophyll|LeafStorm,SleepPowder,Encore,Tailwind|||M|||50|,,,,,Poison]Torkoal||EjectPack|Drought|Overheat,BurningJealousy,HelpingHand,Protect|||M|||50|,,,,,Flying]Dragonite||LoadedDice|Multiscale|ExtremeSpeed,ScaleShot,IceSpinner,Protect|||M|||50|,,,,,Fairy]Kingambit||AssaultVest|Defiant|Assurance,SuckerPunch,IronHead,LowKick|||M|||50|,,,,,Flying]Typhlosion-Hisui||ChoiceSpecs|Blaze|Eruption,ShadowBall,HeatWave,Overheat|||M|||50|,,,,,Fire
|inactive|Battle timer is ON: inactive players will automatically lose when time's up. (requested by Fedemitra9)
|
|t:|1756466501
|teamsize|p1|4
|teamsize|p2|4
|start
|switch|p1a: Dragonite|Dragonite, L50, M|100/100
|switch|p1b: Ursaluna|Ursaluna, L50, F|100/100
|switch|p2a: Jumpluff|Jumpluff, L50, M, shiny|100/100
|switch|p2b: Torkoal|Torkoal, L50, M, shiny|100/100
|-weather|SunnyDay|[from] ability: Drought|[of] p2b: Torkoal
|turn|1
|inactive|Fedemitra9 has 30 seconds left.
|
|t:|1756466529
|-terastallize|p2b: Torkoal|Flying
|move|p1a: Dragonite|Protect|p1a: Dragonite
|-singleturn|p1a: Dragonite|Protect
|move|p1b: Ursaluna|Protect|p1b: Ursaluna
|-singleturn|p1b: Ursaluna|Protect
|move|p2a: Jumpluff|Sleep Powder|p1a: Dragonite
|-activate|p1a: Dragonite|move: Protect
|move|p2b: Torkoal|Overheat|p1b: Ursaluna
|-activate|p1b: Ursaluna|move: Protect
|
|-weather|SunnyDay|[upkeep]
|-status|p1b: Ursaluna|brn|[from] item: Flame Orb
|upkeep
|turn|2
|
|t:|1756466549
|switch|p1a: Incineroar|Incineroar, L50, F|100/100
|-ability|p1a: Incineroar|Intimidate|boost
|-unboost|p2a: Jumpluff|atk|1
|-unboost|p2b: Torkoal|atk|1
|-enditem|p2b: Torkoal|Eject Pack
|
|t:|1756466554
|switch|p2b: Typhlosion|Typhlosion-Hisui, L50, M, shiny|100/100
|move|p2a: Jumpluff|Tailwind|p2a: Jumpluff
|-sidestart|p2: Fedemitra9|move: Tailwind
|move|p1b: Ursaluna|Facade|p2b: Typhlosion
|-immune|p2b: Typhlosion
|
|-weather|SunnyDay|[upkeep]
|-damage|p1b: Ursaluna|94/100 brn|[from] brn
|upkeep
|turn|3
|inactive|Fedemitra9 has 30 seconds left.
|inactive|Fedemitra9 has 20 seconds left.
|inactive|Fedemitra9 has 15 seconds left.
|inactive|Fedemitra9 has 10 seconds left.
|inactive|Fedemitra9 has 5 seconds left.
|
|t:|1756466605
|switch|p2a: Garchomp|Garchomp, L50, M, shiny|100/100
|switch|p1a: Pelipper|Pelipper, L50, M, shiny|100/100
|-weather|RainDance|[from] ability: Drizzle|[of] p1a: Pelipper
|move|p2b: Typhlosion|Eruption|p1b: Ursaluna|[spread] p1a,p1b
|-resisted|p1a: Pelipper
|-damage|p1a: Pelipper|67/100
|-damage|p1b: Ursaluna|56/100 brn
|move|p1b: Ursaluna|Earthquake|p2a: Garchomp|[spread] p2a,p2b
|-immune|p1a: Pelipper
|-supereffective|p2b: Typhlosion
|-damage|p2a: Garchomp|32/100
|-damage|p2b: Typhlosion|0 fnt
|faint|p2b: Typhlosion
|
|-weather|RainDance|[upkeep]
|-damage|p1b: Ursaluna|50/100 brn|[from] brn
|upkeep
|
|t:|1756466622
|switch|p2b: Jumpluff|Jumpluff, L50, M, shiny|100/100
|turn|4
|
|t:|1756466642
|switch|p1a: Incineroar|Incineroar, L50, F|100/100
|-ability|p1a: Incineroar|Intimidate|boost
|-unboost|p2a: Garchomp|atk|1
|-unboost|p2b: Jumpluff|atk|1
|move|p1b: Ursaluna|Protect|p1b: Ursaluna
|-singleturn|p1b: Ursaluna|Protect
|move|p2b: Jumpluff|Leaf Storm|p1b: Ursaluna
|-activate|p1b: Ursaluna|move: Protect
|move|p2a: Garchomp|Dragon Claw|p1a: Incineroar
|-damage|p1a: Incineroar|69/100
|-damage|p2a: Garchomp|22/100|[from] item: Life Orb
|
|-weather|RainDance|[upkeep]
|-damage|p1b: Ursaluna|44/100 brn|[from] brn
|upkeep
|turn|5
|inactive|Cristante terabug has 30 seconds left.
|inactive|Fedemitra9 has 30 seconds left.
|inactive|Cristante terabug has 20 seconds left.
|inactive|Cristante terabug has 15 seconds left.
|
|t:|1756466682
|-terastallize|p1b: Ursaluna|Ghost
|move|p1a: Incineroar|Fake Out|p2a: Garchomp
|-damage|p2a: Garchomp|10/100
|-damage|p1a: Incineroar|57/100|[from] ability: Rough Skin|[of] p2a: Garchomp
|move|p2b: Jumpluff|Encore|p1b: Ursaluna
|-start|p1b: Ursaluna|Encore
|cant|p2a: Garchomp|flinch
|move|p1b: Ursaluna|Protect||[still]
|-fail|p1b: Ursaluna
|
|-weather|RainDance|[upkeep]
|-damage|p1b: Ursaluna|37/100 brn|[from] brn
|-sideend|p2: Fedemitra9|move: Tailwind
|upkeep
|turn|6
|
|t:|1756466705
|move|p1b: Ursaluna|Protect|p1b: Ursaluna
|-singleturn|p1b: Ursaluna|Protect
|move|p2b: Jumpluff|Encore|p1a: Incineroar
|-start|p1a: Incineroar|Encore
|move|p2a: Garchomp|Dragon Claw|p1b: Ursaluna
|-activate|p1b: Ursaluna|move: Protect
|move|p1a: Incineroar|Fake Out||[still]
|-hint|Fake Out only works on your first turn out.
|-fail|p1a: Incineroar
|
|-weather|RainDance|[upkeep]
|-damage|p1b: Ursaluna|31/100 brn|[from] brn
|upkeep
|turn|7
|
|t:|1756466721
|switch|p1a: Pelipper|Pelipper, L50, M, shiny|67/100
|move|p1b: Ursaluna|Protect|p1b: Ursaluna
|-singleturn|p1b: Ursaluna|Protect
|move|p2b: Jumpluff|Sleep Powder|p1a: Pelipper
|-status|p1a: Pelipper|slp|[from] move: Sleep Powder
|move|p2a: Garchomp|Dragon Claw|p1b: Ursaluna
|-activate|p1b: Ursaluna|move: Protect
|
|-weather|none
|-damage|p1b: Ursaluna|25/100 brn|[from] brn
|-end|p1b: Ursaluna|Encore
|upkeep
|turn|8
|
|t:|1756466737
|switch|p1b: Incineroar|Incineroar, L50, F|57/100
|-ability|p1b: Incineroar|Intimidate|boost
|-unboost|p2a: Garchomp|atk|1
|-unboost|p2b: Jumpluff|atk|1
|move|p2b: Jumpluff|Encore||[still]
|-fail|p2b: Jumpluff
|move|p2a: Garchomp|Dragon Claw|p1a: Pelipper
|-damage|p1a: Pelipper|32/100 slp
|-damage|p2a: Garchomp|0 fnt|[from] item: Life Orb
|faint|p2a: Garchomp
|cant|p1a: Pelipper|slp
|
|upkeep
|
|t:|1756466750
|switch|p2a: Torkoal|Torkoal, L50, M, shiny, tera:Flying|100/100
|-weather|SunnyDay|[from] ability: Drought|[of] p2a: Torkoal
|turn|9
|
|t:|1756466763
|switch|p1a: Ursaluna|Ursaluna, L50, F, tera:Ghost|25/100 brn
|move|p1b: Incineroar|Fake Out|p2a: Torkoal
|-damage|p2a: Torkoal|91/100
|move|p2b: Jumpluff|Leaf Storm|p1b: Incineroar
|-resisted|p1b: Incineroar
|-damage|p1b: Incineroar|45/100
|-unboost|p2b: Jumpluff|spa|2
|cant|p2a: Torkoal|flinch
|
|-weather|SunnyDay|[upkeep]
|-damage|p1a: Ursaluna|19/100 brn|[from] brn
|upkeep
|turn|10
|
|t:|1756466776
|switch|p1b: Pelipper|Pelipper, L50, M, shiny|32/100 slp
|-weather|RainDance|[from] ability: Drizzle|[of] p1b: Pelipper
|move|p2b: Jumpluff|Tailwind|p2b: Jumpluff
|-sidestart|p2: Fedemitra9|move: Tailwind
|move|p2a: Torkoal|Overheat|p1b: Pelipper
|-resisted|p1b: Pelipper
|-damage|p1b: Pelipper|12/100 slp
|-unboost|p2a: Torkoal|spa|2
|move|p1a: Ursaluna|Facade|p2a: Torkoal
|-damage|p2a: Torkoal|0 fnt
|faint|p2a: Torkoal
|
|-weather|RainDance|[upkeep]
|-damage|p1a: Ursaluna|13/100 brn|[from] brn
|upkeep
|turn|11
|-message|Fedemitra9 forfeited.
|
|win|Cristante terabug
