|j|☆phoenix burner
|j|☆KodeBeast0526
|html|phoenix burnerKodeBeast0526    
|uhtml|bestof|Game 3 of a best-of-3
|t:|1785902523
|gametype|doubles
|player|p1|phoenix burner|170|1252
|player|p2|KodeBeast0526|wattson|1275
|gen|9
|tier|[Gen 9 Champions] VGC 2026 Reg M-B (Bo3)
|rated|
|rule|Species Clause: Limit one of each Pokémon
|rule|Item Clause: Limit 1 of each item
|clearpoke
|poke|p1|Camerupt, L50, M, shiny|
|poke|p1|Kingambit, L50, M, shiny|
|poke|p1|Basculegion, L50, M, shiny|
|poke|p1|Kangaskhan, L50, F, shiny|
|poke|p1|Glimmora, L50, M, shiny|
|poke|p1|Farigiraf, L50, F, shiny|
|poke|p2|Basculegion, L50, M|
|poke|p2|Garchomp, L50, F|
|poke|p2|Scizor, L50, F|
|poke|p2|Tyranitar, L50, F|
|poke|p2|Sneasler, L50, F|
|poke|p2|Corviknight, L50, F|
|teampreview|4
|showteam|p1|Camerupt||Cameruptite|SolidRock|HeatWave,EarthPower,Protect,AncientPower|Quiet||M|||50|]Kingambit||BlackGlasses|Defiant|KowtowCleave,IronHead,Protect,SuckerPunch|Adamant||M|||50|]Basculegion||MysticWater|Adaptability|WaveCrash,LastRespects,Protect,AquaJet|Adamant||M|||50|]Kangaskhan||LifeOrb|Scrappy|DoubleEdge,LowKick,IcePunch,FakeOut|Adamant||F|||50|]Glimmora||FocusSash|ToxicDebris|PowerGem,SludgeBomb,SpikyShield,EarthPower|Modest||M|||50|]Farigiraf||SitrusBerry|ArmorTail|Psychic,Thunderbolt,TrickRoom,HelpingHand|Bold||F|||50|
|showteam|p2|Basculegion||SitrusBerry|Adaptability|WaveCrash,LastRespects,AquaJet,Protect|Jolly||M|||50|]Garchomp||Garchompite|RoughSkin|EarthPower,DracoMeteor,PowerGem,Protect|Modest||F|||50|]Scizor||LifeOrb|Technician|BulletPunch,BugBite,SwordsDance,Protect|Adamant||F|||50|]Tyranitar||ChoiceScarf|SandStream|RockSlide,KnockOff,IcePunch,Superpower|Jolly||F|||50|]Sneasler||FocusSash|PoisonTouch|PoisonJab,CloseCombat,FakeOut,Protect|Jolly||F|||50|]Corviknight||Leftovers|MirrorArmor|IronHead,BraveBird,Tailwind,Protect|Impish||F|||50|
|inactive|Battle timer is ON: inactive players will automatically lose when time's up. (requested by phoenix burner)
|inactive|KodeBeast0526 has 60 seconds left.
|
|t:|1785902580
|teamsize|p1|4
|teamsize|p2|4
|start
|switch|p1a: Kangaskhan|Kangaskhan, L50, F, shiny|100/100
|switch|p1b: Farigiraf|Farigiraf, L50, F, shiny|100/100
|switch|p2a: Tyranitar|Tyranitar, L50, F|100/100
|switch|p2b: Scizor|Scizor, L50, F|100/100
|-weather|Sandstorm|[from] ability: Sand Stream|[of] p2a: Tyranitar
|turn|1
|
|t:|1785902602
|switch|p1b: Camerupt|Camerupt, L50, M, shiny|100/100
|move|p1a: Kangaskhan|Fake Out|p2a: Tyranitar
|-resisted|p2a: Tyranitar|1
|-damage|p2a: Tyranitar|89/100
|-damage|p1a: Kangaskhan|90/100|[from] item: Life Orb
|cant|p2a: Tyranitar|flinch
|move|p2b: Scizor|Bug Bite|p1b: Camerupt
|-resisted|p1b: Camerupt|1
|-damage|p1b: Camerupt|57/100
|-damage|p2b: Scizor|90/100|[from] item: Life Orb
|
|-weather|Sandstorm|[upkeep]
|-damage|p1a: Kangaskhan|84/100|[from] Sandstorm
|upkeep
|turn|2
|
|t:|1785902626
|detailschange|p1b: Camerupt|Camerupt-Mega, L50, M, shiny
|-mega|p1b: Camerupt|Camerupt|Cameruptite
|move|p2a: Tyranitar|Rock Slide|p1a: Kangaskhan|[spread] p1a,p1b
|-crit|p1a: Kangaskhan
|-damage|p1a: Kangaskhan|34/100
|-damage|p1b: Camerupt|28/100
|move|p1a: Kangaskhan|Low Kick|p2a: Tyranitar
|-supereffective|p2a: Tyranitar|2
|-damage|p2a: Tyranitar|0 fnt
|faint|p2a: Tyranitar
|-damage|p1a: Kangaskhan|25/100|[from] item: Life Orb
|move|p2b: Scizor|Bug Bite|p1a: Kangaskhan
|-damage|p1a: Kangaskhan|0 fnt
|faint|p1a: Kangaskhan
|-damage|p2b: Scizor|80/100|[from] item: Life Orb
|move|p1b: Camerupt|Heat Wave|p2b: Scizor
|-supereffective|p2b: Scizor|2
|-damage|p2b: Scizor|0 fnt
|faint|p2b: Scizor
|
|-weather|Sandstorm|[upkeep]
|upkeep
|
|t:|1785902647
|switch|p2a: Sneasler|Sneasler, L50, F|100/100
|switch|p1a: Farigiraf|Farigiraf, L50, F, shiny|100/100
|switch|p2b: Garchomp|Garchomp, L50, F|100/100
|turn|3
|
|t:|1785902662
|detailschange|p2b: Garchomp|Garchomp-Mega, L50, F
|-mega|p2b: Garchomp|Garchomp|Garchompite
|move|p2a: Sneasler|Close Combat|p1a: Farigiraf
|-damage|p1a: Farigiraf|50/100g
|-unboost|p2a: Sneasler|def|1
|-unboost|p2a: Sneasler|spd|1
|move|p2b: Garchomp|Earth Power|p1a: Farigiraf
|-damage|p1a: Farigiraf|0 fnt
|faint|p1a: Farigiraf
|move|p1b: Camerupt|Earth Power|p2b: Garchomp
|-damage|p2b: Garchomp|35/100
|
|-weather|Sandstorm|[upkeep]
|-damage|p2a: Sneasler|94/100|[from] Sandstorm
|upkeep
|
|t:|1785902674
|switch|p1a: Basculegion|Basculegion, L50, M, shiny|100/100
|turn|4
|
|t:|1785902698
|move|p1a: Basculegion|Aqua Jet|p2b: Garchomp
|-damage|p2b: Garchomp|8/100
|move|p2a: Sneasler|Poison Jab|p1a: Basculegion
|-resisted|p1a: Basculegion|1
|-damage|p1a: Basculegion|78/100
|-status|p1a: Basculegion|psn
|move|p2b: Garchomp|Earth Power|p1a: Basculegion
|-damage|p1a: Basculegion|8/100 psn
|move|p1b: Camerupt|Earth Power|p2a: Sneasler
|-supereffective|p2a: Sneasler|1
|-damage|p2a: Sneasler|0 fnt
|faint|p2a: Sneasler
|
|-weather|Sandstorm|[upkeep]
|-damage|p1a: Basculegion|2/100 psn|[from] Sandstorm
|-damage|p1a: Basculegion|0 fnt|[from] psn
|faint|p1a: Basculegion
|upkeep
|turn|5
|
|t:|1785902719
|move|p2b: Garchomp|Earth Power|p1b: Camerupt
|-supereffective|p1b: Camerupt|1
|-damage|p1b: Camerupt|0 fnt
|faint|p1b: Camerupt
|
|win|KodeBeast0526
|raw|phoenix burner's rating: 1252 → 1229(-23 for losing)
|raw|KodeBeast0526's rating: 1275 → 1298(+23 for winning)
