|j|â˜†dambro222
|j|â˜†LemonLimeScizor
|html|dambro222LemonLimeScizor    
|uhtml|bestof|Game 3 of a best-of-3
|t:|1757064686
|gametype|doubles
|player|p1|dambro222|ethan|1217
|player|p2|LemonLimeScizor|drayden|1083
|gen|9
|tier|[Gen 9] VGC 2025 Reg H (Bo3)
|rated|
|rule|Species Clause: Limit one of each PokÃ©mon
|rule|Item Clause: Limit 1 of each item
|clearpoke
|poke|p1|Dragonite, L50, M|
|poke|p1|Volcarona, L50, F|
|poke|p1|Sneasler, L50, M|
|poke|p1|Rillaboom, L50, M|
|poke|p1|Electabuzz, L50, M|
|poke|p1|Kingambit, L50, M|
|poke|p2|Scizor, L50, M|
|poke|p2|Torkoal, L50, M|
|poke|p2|Farigiraf, L50, F|
|poke|p2|Ursaluna, L50, F|
|poke|p2|Venusaur, L50, M|
|poke|p2|Charizard, L50, M|
|teampreview|4
|showteam|p1|Dragonite||LoadedDice|Multiscale|ScaleShot,ExtremeSpeed,Haze,Protect|||M|||50|,,,,,Fairy]Volcarona||CovertCloak|FlameBody|HeatWave,TeraBlast,QuiverDance,Protect|||F|||50|,,,,,Fairy]Sneasler||FocusSash|Unburden|CloseCombat,DireClaw,RockSlide,Protect|||M|||50|,,,,,Stellar]Rillaboom||AssaultVest|GrassySurge|WoodHammer,GrassyGlide,HighHorsepower,FakeOut|||M|||50|,,,,,Water]Electabuzz||Eviolite|VitalSpirit|Electroweb,FollowMe,Taunt,Protect|||M|||50|,,,,,Ghost]Kingambit||BlackGlasses|Defiant|KowtowCleave,SuckerPunch,SwordsDance,Protect|||M|||50|,,,,,Dark
|showteam|p2|Scizor||FocusSash|Technician|BulletPunch,Protect,CloseCombat,Uturn|||M|||50|,,,,,Fire]Torkoal||EjectPack|Drought|ClearSmog,HelpingHand,WeatherBall,EarthPower|||M|||50|,,,,,Flying]Farigiraf||MentalHerb|ArmorTail|TrickRoom,HyperVoice,Protect,Psychic|||F|||50|,,,,,Grass]Ursaluna||FlameOrb|Guts|Facade,HeadlongRush,Protect,Earthquake|||F|||50|,,,,,Ghost]Venusaur||WideLens|Chlorophyll|Protect,SleepPowder,SludgeBomb,EnergyBall|||M|||50|,,,,,Water]Charizard||ChoiceSpecs|SolarPower|HeatWave,WeatherBall,DragonPulse,Overheat|||M|||50|,,,,,Dragon
|inactive|Battle timer is ON: inactive players will automatically lose when time's up. (requested by dambro222)
|
|t:|1757064717
|teamsize|p1|4
|teamsize|p2|4
|start
|switch|p1a: Sneasler|Sneasler, L50, M|100/100
|switch|p1b: Dragonite|Dragonite, L50, M|100/100
|switch|p2a: Venusaur|Venusaur, L50, M|100/100
|switch|p2b: Farigiraf|Farigiraf, L50, F|100/100
|turn|1
|
|t:|1757064733
|move|p2a: Venusaur|Protect|p2a: Venusaur
|-singleturn|p2a: Venusaur|Protect
|move|p1a: Sneasler|Dire Claw|p2a: Venusaur
|-activate|p2a: Venusaur|move: Protect
|move|p1b: Dragonite|Scale Shot|p2a: Venusaur
|-activate|p2a: Venusaur|move: Protect
|move|p2b: Farigiraf|Trick Room|p2b: Farigiraf
|-fieldstart|move: Trick Room|[of] p2b: Farigiraf
|
|upkeep
|turn|2
|
|t:|1757064749
|switch|p2b: Ursaluna|Ursaluna, L50, F|100/100
|move|p2a: Venusaur|Sleep Powder|p1a: Sneasler
|-status|p1a: Sneasler|slp|[from] move: Sleep Powder
|move|p1b: Dragonite|Scale Shot|p2a: Venusaur
|-damage|p2a: Venusaur|84/100
|-damage|p2a: Venusaur|69/100
|-damage|p2a: Venusaur|55/100
|-damage|p2a: Venusaur|40/100
|-damage|p2a: Venusaur|24/100
|-hitcount|p2a: Venusaur|5
|-unboost|p1b: Dragonite|def|1
|-boost|p1b: Dragonite|spe|1
|cant|p1a: Sneasler|slp
|
|-status|p2b: Ursaluna|brn|[from] item: Flame Orb
|upkeep
|turn|3
|inactive|dambro222 has 30 seconds left.
|
|t:|1757064788
|switch|p1a: Rillaboom|Rillaboom, L50, M|100/100
|-fieldstart|move: Grassy Terrain|[from] ability: Grassy Surge|[of] p1a: Rillaboom
|move|p1b: Dragonite|Extreme Speed|p2a: Venusaur
|-damage|p2a: Venusaur|0 fnt
|faint|p2a: Venusaur
|move|p2b: Ursaluna|Earthquake|p1b: Dragonite|[spread] p1a
|-immune|p1b: Dragonite
|-resisted|p1a: Rillaboom
|-damage|p1a: Rillaboom|85/100
|
|-heal|p1a: Rillaboom|91/100|[from] Grassy Terrain
|-damage|p2b: Ursaluna|95/100 brn|[from] brn
|upkeep
|
|t:|1757064801
|switch|p2a: Torkoal|Torkoal, L50, M|100/100
|-weather|SunnyDay|[from] ability: Drought|[of] p2a: Torkoal
|turn|4
|inactive|dambro222 has 30 seconds left.
|
|t:|1757064831
|-terastallize|p2a: Torkoal|Flying
|move|p1a: Rillaboom|Fake Out|p2a: Torkoal
|-damage|p2a: Torkoal|89/100
|cant|p2a: Torkoal|flinch
|move|p2b: Ursaluna|Facade|p1b: Dragonite
|-damage|p1b: Dragonite|0 fnt
|faint|p1b: Dragonite
|
|-weather|SunnyDay|[upkeep]
|-heal|p2b: Ursaluna|100/100 brn|[from] Grassy Terrain
|-heal|p1a: Rillaboom|97/100|[from] Grassy Terrain
|-damage|p2b: Ursaluna|95/100 brn|[from] brn
|upkeep
|inactive|dambro222 has 30 seconds left.
|
|t:|1757064857
|switch|p1b: Volcarona|Volcarona, L50, F|100/100
|turn|5
|
|t:|1757064872
|-terastallize|p1a: Rillaboom|Water
|move|p1b: Volcarona|Protect|p1b: Volcarona
|-singleturn|p1b: Volcarona|Protect
|move|p1a: Rillaboom|Grassy Glide|p2b: Ursaluna
|-supereffective|p2b: Ursaluna
|-damage|p2b: Ursaluna|34/100 brn
|move|p2a: Torkoal|Weather Ball|p1a: Rillaboom
|-resisted|p1a: Rillaboom
|-damage|p1a: Rillaboom|71/100
|move|p2b: Ursaluna|Earthquake|p1b: Volcarona|[spread] p1a
|-activate|p1b: Volcarona|move: Protect
|-immune|p2a: Torkoal
|-damage|p1a: Rillaboom|39/100
|
|-weather|SunnyDay|[upkeep]
|-heal|p2b: Ursaluna|40/100 brn|[from] Grassy Terrain
|-heal|p1a: Rillaboom|45/100|[from] Grassy Terrain
|-damage|p2b: Ursaluna|34/100 brn|[from] brn
|-fieldend|move: Trick Room
|upkeep
|turn|6
|inactive|dambro222 has 30 seconds left.
|inactive|LemonLimeScizor has 30 seconds left.
|
|t:|1757064904
|switch|p2b: Farigiraf|Farigiraf, L50, F|100/100
|move|p1a: Rillaboom|Grassy Glide||[still]
|cant|p2b: Farigiraf|ability: Armor Tail|Grassy Glide|[of] p1a: Rillaboom
|move|p1b: Volcarona|Heat Wave|p2a: Torkoal|[spread] p2a,p2b
|-damage|p2a: Torkoal|21/100
|-damage|p2b: Farigiraf|52/100
|move|p2a: Torkoal|Earth Power|p1b: Volcarona
|-damage|p1b: Volcarona|76/100
|
|-weather|SunnyDay|[upkeep]
|-heal|p1b: Volcarona|82/100|[from] Grassy Terrain
|-heal|p1a: Rillaboom|52/100|[from] Grassy Terrain
|-heal|p2b: Farigiraf|58/100|[from] Grassy Terrain
|upkeep
|turn|7
|
|t:|1757064923
|move|p1b: Volcarona|Heat Wave|p2b: Farigiraf|[spread] p2a,p2b
|-damage|p2a: Torkoal|0 fnt
|-damage|p2b: Farigiraf|6/100
|-status|p2b: Farigiraf|brn
|faint|p2a: Torkoal
|move|p1a: Rillaboom|Wood Hammer|p2b: Farigiraf
|-damage|p2b: Farigiraf|0 fnt
|faint|p2b: Farigiraf
|-damage|p1a: Rillaboom|49/100|[from] Recoil
|
|-weather|SunnyDay|[upkeep]
|-heal|p1b: Volcarona|89/100|[from] Grassy Terrain
|-heal|p1a: Rillaboom|56/100|[from] Grassy Terrain
|-fieldend|move: Grassy Terrain
|upkeep
|
|t:|1757064935
|switch|p2b: Ursaluna|Ursaluna, L50, F|34/100 brn
|turn|8
|c|â˜†LemonLimeScizor|gg
|
|t:|1757064947
|switch|p1a: Sneasler|Sneasler, L50, M|100/100 slp
|move|p1b: Volcarona|Protect|p1b: Volcarona
|-singleturn|p1b: Volcarona|Protect
|move|p2b: Ursaluna|Headlong Rush|p1b: Volcarona
|-activate|p1b: Volcarona|move: Protect
|
|-weather|none
|-damage|p2b: Ursaluna|28/100 brn|[from] brn
|upkeep
|turn|9
|
|t:|1757064956
|cant|p1a: Sneasler|slp
|move|p1b: Volcarona|Tera Blast|p2b: Ursaluna
|-damage|p2b: Ursaluna|4/100 brn
|move|p2b: Ursaluna|Earthquake|p1b: Volcarona|[spread] p1a,p1b
|-supereffective|p1a: Sneasler
|-enditem|p1a: Sneasler|Focus Sash
|-damage|p1a: Sneasler|1/100 slp
|-damage|p1b: Volcarona|0 fnt
|faint|p1b: Volcarona
|
|-damage|p2b: Ursaluna|0 fnt|[from] brn
|faint|p2b: Ursaluna
|
|win|dambro222
|raw|dambro222's rating: 1217 → 1233(+16 for winning)
|raw|LemonLimeScizor's rating: 1083 → 1069(-14 for losing)
|c|â˜†dambro222|gg
|l|â˜†LemonLimeScizor
|player|p2|
