|j|☆myshirtisdirty
|j|☆Julio Potencia
|html|myshirtisdirtyJulio Potencia    
|uhtml|bestof|Game 2 of a best-of-3
|t:|1756524073
|gametype|doubles
|player|p1|myshirtisdirty|2|1111
|player|p2|Julio Potencia|biker-gen4|1053
|gen|9
|tier|[Gen 9] VGC 2025 Reg H (Bo3)
|rated|
|rule|Species Clause: Limit one of each Pokémon
|rule|Item Clause: Limit 1 of each item
|clearpoke
|poke|p1|Tyranitar, L50, F|
|poke|p1|Excadrill, L50, F|
|poke|p1|Sinistcha, L50|
|poke|p1|Dragonite, L50, M|
|poke|p1|Primarina, L50, F|
|poke|p1|Volcarona, L50, M|
|poke|p2|Torkoal, L50, M|
|poke|p2|Jumpluff, L50, F|
|poke|p2|Charizard, L50, F|
|poke|p2|Porygon2, L50|
|poke|p2|Ursaluna, L50, M|
|poke|p2|Incineroar, L50, F|
|teampreview|4
|showteam|p1|Tyranitar||AssaultVest|SandStream|RockSlide,KnockOff,TeraBlast,LowKick|||F|||50|,,,,,Flying]Excadrill||ClearAmulet|SandRush|Earthquake,IronHead,HighHorsepower,Protect|||F|||50|,,,,,Ghost]Sinistcha||RockyHelmet|Hospitality|MatchaGotcha,LifeDew,TrickRoom,RagePowder||||||50|,,,,,Dark]Dragonite||ChoiceBand|InnerFocus|Outrage,ExtremeSpeed,IceSpinner,AerialAce|||M|||50|,,,,,Normal]Primarina||ThroatSpray|LiquidVoice|Moonblast,HyperVoice,Haze,Protect|||F|||50|,,,,,Grass]Volcarona||Leftovers|FlameBody|FieryDance,GigaDrain,QuiverDance,Protect|||M|||50|,,,,,Dragon
|showteam|p2|Torkoal||EjectPack|Drought|Overheat,Eruption,HelpingHand,Protect|||M|||50|,,,,,Fire]Jumpluff||CovertCloak|Chlorophyll|RagePowder,SunnyDay,Tailwind,SleepPowder|||F|||50|,,,,,Fire]Charizard||ChoiceSpecs|SolarPower|HeatWave,Overheat,WeatherBall,DragonPulse|||F|||50|,,,,,Ghost]Porygon2||Eviolite|Download|TeraBlast,IceBeam,TrickRoom,Recover||||||50|,,,,,Fighting]Ursaluna||FlameOrb|Guts|HeadlongRush,Facade,Earthquake,Protect|||M|||50|,,,,,Ghost]Incineroar||SitrusBerry|Intimidate|FakeOut,KnockOff,FlareBlitz,PartingShot|||F|||50|,,,,,Ghost
|c|☆myshirtisdirty|oh shit lol
|
|t:|1756524105
|teamsize|p1|4
|teamsize|p2|4
|start
|switch|p1a: Dragonite|Dragonite, L50, M|100/100
|switch|p1b: Volcarona|Volcarona, L50, M|100/100
|switch|p2a: Porygon2|Porygon2, L50|100/100
|switch|p2b: Jumpluff|Jumpluff, L50, F|100/100
|-ability|p2a: Porygon2|Download|boost
|-boost|p2a: Porygon2|atk|1
|turn|1
|
|t:|1756524139
|move|p2b: Jumpluff|Sleep Powder|p1b: Volcarona|[miss]
|-miss|p2b: Jumpluff|p1b: Volcarona
|move|p1b: Volcarona|Quiver Dance|p1b: Volcarona
|-boost|p1b: Volcarona|spa|1
|-boost|p1b: Volcarona|spd|1
|-boost|p1b: Volcarona|spe|1
|move|p1a: Dragonite|Aerial Ace|p2b: Jumpluff
|-supereffective|p2b: Jumpluff
|-damage|p2b: Jumpluff|0 fnt
|faint|p2b: Jumpluff
|move|p2a: Porygon2|Ice Beam|p1a: Dragonite
|-supereffective|p1a: Dragonite
|-damage|p1a: Dragonite|0 fnt
|faint|p1a: Dragonite
|
|upkeep
|
|t:|1756524160
|switch|p2b: Torkoal|Torkoal, L50, M|100/100
|switch|p1a: Tyranitar|Tyranitar, L50, F|100/100
|-weather|Sandstorm|[from] ability: Sand Stream|[of] p1a: Tyranitar
|-weather|SunnyDay|[from] ability: Drought|[of] p2b: Torkoal
|turn|2
|
|t:|1756524172
|switch|p1a: Primarina|Primarina, L50, F|100/100
|move|p2b: Torkoal|Protect|p2b: Torkoal
|-singleturn|p2b: Torkoal|Protect
|move|p1b: Volcarona|Fiery Dance|p2a: Porygon2
|-damage|p2a: Porygon2|46/100
|move|p2a: Porygon2|Trick Room|p2a: Porygon2
|-fieldstart|move: Trick Room|[of] p2a: Porygon2
|
|-weather|SunnyDay|[upkeep]
|upkeep
|turn|3
|
|t:|1756524202
|switch|p1a: Tyranitar|Tyranitar, L50, F|100/100
|-weather|Sandstorm|[from] ability: Sand Stream|[of] p1a: Tyranitar
|-terastallize|p1b: Volcarona|Dragon
|move|p2b: Torkoal|Eruption|p1b: Volcarona|[spread] p1a,p1b
|-resisted|p1a: Tyranitar
|-resisted|p1b: Volcarona
|-damage|p1a: Tyranitar|91/100
|-damage|p1b: Volcarona|86/100
|move|p2a: Porygon2|Tera Blast|p1a: Tyranitar
|-resisted|p1a: Tyranitar
|-damage|p1a: Tyranitar|84/100
|move|p1b: Volcarona|Fiery Dance|p2a: Porygon2
|-damage|p2a: Porygon2|7/100
|
|-weather|Sandstorm|[upkeep]
|-damage|p2b: Torkoal|94/100|[from] Sandstorm
|-damage|p2a: Porygon2|0 fnt|[from] Sandstorm
|-damage|p1b: Volcarona|80/100|[from] Sandstorm
|faint|p2a: Porygon2
|-heal|p1b: Volcarona|86/100|[from] item: Leftovers
|upkeep
|
|t:|1756524216
|switch|p2a: Ursaluna|Ursaluna, L50, M|100/100
|turn|4
|
|t:|1756524236
|move|p2b: Torkoal|Helping Hand|p2a: Ursaluna
|-singleturn|p2a: Ursaluna|Helping Hand|[of] p2b: Torkoal
|move|p2a: Ursaluna|Earthquake|p1a: Tyranitar|[spread] p2b,p1a,p1b
|-supereffective|p2b: Torkoal
|-supereffective|p1a: Tyranitar
|-damage|p2b: Torkoal|0 fnt
|-damage|p1a: Tyranitar|0 fnt
|-damage|p1b: Volcarona|5/100
|faint|p2b: Torkoal
|faint|p1a: Tyranitar
|move|p1b: Volcarona|Giga Drain|p2a: Ursaluna
|-supereffective|p2a: Ursaluna
|-damage|p2a: Ursaluna|27/100
|-heal|p1b: Volcarona|47/100|[from] drain|[of] p2a: Ursaluna
|
|-weather|Sandstorm|[upkeep]
|-damage|p1b: Volcarona|41/100|[from] Sandstorm
|-heal|p1b: Volcarona|47/100|[from] item: Leftovers
|-status|p2a: Ursaluna|brn|[from] item: Flame Orb
|upkeep
|
|t:|1756524255
|switch|p1a: Primarina|Primarina, L50, F|100/100
|turn|5
|
|t:|1756524267
|move|p1a: Primarina|Protect|p1a: Primarina
|-singleturn|p1a: Primarina|Protect
|move|p1b: Volcarona|Protect|p1b: Volcarona
|-singleturn|p1b: Volcarona|Protect
|move|p2a: Ursaluna|Earthquake|p1a: Primarina|[spread] 
|-activate|p1a: Primarina|move: Protect
|-activate|p1b: Volcarona|move: Protect
|
|-weather|Sandstorm|[upkeep]
|-damage|p1a: Primarina|95/100|[from] Sandstorm
|-damage|p1b: Volcarona|41/100|[from] Sandstorm
|-heal|p1b: Volcarona|47/100|[from] item: Leftovers
|-damage|p2a: Ursaluna|21/100 brn|[from] brn
|upkeep
|turn|6
|
|t:|1756524278
|move|p1b: Volcarona|Protect||[still]
|-fail|p1b: Volcarona
|move|p2a: Ursaluna|Earthquake|p1b: Volcarona|[spread] p1a,p1b
|-damage|p1a: Primarina|18/100
|-damage|p1b: Volcarona|0 fnt
|faint|p1b: Volcarona
|move|p1a: Primarina|Hyper Voice|p2a: Ursaluna
|-supereffective|p2a: Ursaluna
|-damage|p2a: Ursaluna|0 fnt
|faint|p2a: Ursaluna
|-enditem|p1a: Primarina|Throat Spray
|
|win|myshirtisdirty
|raw|myshirtisdirty's rating: 1111 → 1132(+21 for winning)
|raw|Julio Potencia's rating: 1053 → 1038(-15 for losing)
