|j|☆Pumpkinman
|j|☆yeet58
|html|Pumpkinmanyeet58    
|uhtml|bestof|Game 1 of a best-of-3
|t:|1757192029
|gametype|doubles
|player|p1|Pumpkinman|cyclist-gen4|1142
|player|p2|yeet58|iris-gen5bw2|1222
|gen|9
|tier|[Gen 9] VGC 2025 Reg H (Bo3)
|rated|
|rule|Species Clause: Limit one of each Pokémon
|rule|Item Clause: Limit 1 of each item
|clearpoke
|poke|p1|Charizard, L50, F|
|poke|p1|Torkoal, L50, F|
|poke|p1|Porygon2, L50|
|poke|p1|Incineroar, L50, M|
|poke|p1|Jumpluff, L50, F|
|poke|p1|Ursaluna, L50, M|
|poke|p2|Kommo-o, L50, M|
|poke|p2|Sneasler, L50, M|
|poke|p2|Rillaboom, L50, F|
|poke|p2|Kingambit, L50, M|
|poke|p2|Ursaluna-Bloodmoon, L50, M|
|poke|p2|Sableye, L50, F|
|teampreview|4
|showteam|p1|Charizard||ChoiceSpecs|SolarPower|HeatWave,Overheat,WeatherBall,AirSlash|||F|||50|,,,,,Ghost]Torkoal||EjectPack|Drought|Eruption,Overheat,HelpingHand,Protect|||F|||50|,,,,,Fire]Porygon2||Eviolite|Download|TeraBlast,IceBeam,Recover,TrickRoom||||||50|,,,,,Fighting]Incineroar||SitrusBerry|Intimidate|FlareBlitz,KnockOff,FakeOut,PartingShot|||M|||50|,,,,,Ghost]Jumpluff||CovertCloak|Chlorophyll|SleepPowder,SunnyDay,RagePowder,Tailwind|||F|||50|,,,,,Water]Ursaluna||FlameOrb|Guts|HeadlongRush,Facade,Earthquake,Protect|||M|||50|,,,,,Ghost
|showteam|p2|Kommo-o||SitrusBerry|Overcoat|Coaching,BreakingSwipe,Protect,BodyPress|||M|||50|,,,,,Steel]Sneasler||GrassySeed|Unburden|CloseCombat,DireClaw,Protect,ThroatChop|||M|||50|,,,,,Stellar]Rillaboom||AssaultVest|GrassySurge|Uturn,WoodHammer,FakeOut,GrassyGlide|||F|||50|,,,,,Fire]Kingambit||BlackGlasses|Defiant|SuckerPunch,KowtowCleave,SwordsDance,Protect|||M|||50|,,,,,Dark]Ursaluna-Bloodmoon||LifeOrb|MindsEye|BloodMoon,HyperVoice,EarthPower,Protect|||M|||50|,,,,,Normal]Sableye||SafetyGoggles|Prankster|Taunt,Quash,FoulPlay,WillOWisp|||F|||50|,,,,,Dragon
|inactive|Battle timer is ON: inactive players will automatically lose when time's up. (requested by yeet58)
|inactive|Pumpkinman also wants the timer to be on.
|inactive|Pumpkinman has 60 seconds left.
|inactive|Pumpkinman has 30 seconds left.
|inactive|Pumpkinman has 20 seconds left.
|inactive|Pumpkinman has 15 seconds left.
|inactive|Pumpkinman has 10 seconds left.
|
|t:|1757192114
|teamsize|p1|4
|teamsize|p2|4
|start
|switch|p1a: Jumpluff|Jumpluff, L50, F|100/100
|switch|p1b: Ursaluna|Ursaluna, L50, M|100/100
|switch|p2a: Sableye|Sableye, L50, F|100/100
|switch|p2b: Ursaluna|Ursaluna-Bloodmoon, L50, M|100/100
|turn|1
|inactive|Pumpkinman has 30 seconds left.
|inactive|Pumpkinman has 20 seconds left.
|inactive|Pumpkinman has 15 seconds left.
|
|t:|1757192157
|switch|p1a: Incineroar|Incineroar, L50, M|100/100
|-ability|p1a: Incineroar|Intimidate|boost
|-unboost|p2a: Sableye|atk|1
|-unboost|p2b: Ursaluna|atk|1
|-terastallize|p2b: Ursaluna|Normal
|move|p2a: Sableye|Taunt|p1a: Incineroar
|-hint|Since gen 7, Dark is immune to Prankster moves.
|-immune|p1a: Incineroar
|move|p1b: Ursaluna|Earthquake|p2b: Ursaluna|[spread] p1a,p2a,p2b
|-supereffective|p1a: Incineroar
|-damage|p1a: Incineroar|13/100
|-damage|p2a: Sableye|39/100
|-damage|p2b: Ursaluna|70/100
|-enditem|p1a: Incineroar|Sitrus Berry|[eat]
|-heal|p1a: Incineroar|38/100|[from] item: Sitrus Berry
|move|p2b: Ursaluna|Blood Moon|p1b: Ursaluna
|-damage|p1b: Ursaluna|0 fnt
|faint|p1b: Ursaluna
|-damage|p2b: Ursaluna|60/100|[from] item: Life Orb
|
|upkeep
|
|t:|1757192176
|switch|p1b: Charizard|Charizard, L50, F|100/100
|turn|2
|
|t:|1757192202
|move|p1a: Incineroar|Fake Out|p2b: Ursaluna
|-damage|p2b: Ursaluna|51/100
|move|p2a: Sableye|Quash|p1b: Charizard
|-activate|p1b: Charizard|move: Quash
|cant|p2b: Ursaluna|flinch
|move|p1b: Charizard|Heat Wave|p2b: Ursaluna|[spread] p2a,p2b
|-damage|p2a: Sableye|0 fnt
|-damage|p2b: Ursaluna|0 fnt
|faint|p2a: Sableye
|faint|p2b: Ursaluna
|
|upkeep
|
|t:|1757192205
|switch|p2b: Kommo-o|Kommo-o, L50, M|100/100
|switch|p2a: Sneasler|Sneasler, L50, M|100/100
|turn|3
|inactive|Pumpkinman has 30 seconds left.
|inactive|Pumpkinman has 20 seconds left.
|inactive|Pumpkinman has 15 seconds left.
|inactive|Pumpkinman has 10 seconds left.
|inactive|Pumpkinman has 5 seconds left.
|
|t:|1757192257
|-terastallize|p1b: Charizard|Ghost
|move|p2a: Sneasler|Protect|p2a: Sneasler
|-singleturn|p2a: Sneasler|Protect
|move|p1b: Charizard|Heat Wave|p2b: Kommo-o|[spread] p2b
|-activate|p2a: Sneasler|move: Protect
|-resisted|p2b: Kommo-o
|-damage|p2b: Kommo-o|76/100
|move|p1a: Incineroar|Parting Shot|p2a: Sneasler
|-activate|p2a: Sneasler|move: Protect
|move|p2b: Kommo-o|Coaching|p2a: Sneasler
|-boost|p2a: Sneasler|atk|1
|-boost|p2a: Sneasler|def|1
|
|upkeep
|turn|4
|inactive|Pumpkinman has 30 seconds left.
|
|t:|1757192283
|move|p2a: Sneasler|Throat Chop|p1b: Charizard
|-supereffective|p1b: Charizard
|-damage|p1b: Charizard|0 fnt
|faint|p1b: Charizard
|move|p1a: Incineroar|Parting Shot|p2a: Sneasler
|-unboost|p2a: Sneasler|atk|1
|-unboost|p2a: Sneasler|spa|1
|
|t:|1757192288
|switch|p1a: Jumpluff|Jumpluff, L50, F|100/100|[from] Parting Shot
|move|p2b: Kommo-o|Body Press|p1a: Jumpluff
|-resisted|p1a: Jumpluff
|-damage|p1a: Jumpluff|75/100
|
|upkeep
|
|t:|1757192290
|switch|p1b: Incineroar|Incineroar, L50, M|38/100
|-ability|p1b: Incineroar|Intimidate|boost
|-unboost|p2a: Sneasler|atk|1
|-unboost|p2b: Kommo-o|atk|1
|turn|5
|inactive|Pumpkinman has 30 seconds left.
|inactive|Pumpkinman has 20 seconds left.
|
|t:|1757192328
|move|p2a: Sneasler|Protect|p2a: Sneasler
|-singleturn|p2a: Sneasler|Protect
|move|p1b: Incineroar|Fake Out|p2b: Kommo-o
|-damage|p2b: Kommo-o|70/100
|move|p1a: Jumpluff|Sleep Powder|p2a: Sneasler
|-activate|p2a: Sneasler|move: Protect
|cant|p2b: Kommo-o|flinch
|
|upkeep
|turn|6
|inactive|Pumpkinman has 30 seconds left.
|inactive|Pumpkinman has 20 seconds left.
|
|t:|1757192364
|move|p1a: Jumpluff|Sleep Powder|p2a: Sneasler
|-status|p2a: Sneasler|slp|[from] move: Sleep Powder
|cant|p2a: Sneasler|slp
|move|p1b: Incineroar|Flare Blitz|p2a: Sneasler
|-damage|p2a: Sneasler|35/100 slp
|-damage|p1b: Incineroar|21/100|[from] Recoil
|move|p2b: Kommo-o|Body Press|p1b: Incineroar
|-supereffective|p1b: Incineroar
|-damage|p1b: Incineroar|0 fnt
|faint|p1b: Incineroar
|
|upkeep
|turn|7
|-message|Pumpkinman forfeited.
|
|win|yeet58
||yeet58 is ready for game 2.
||Pumpkinman is ready for game 2.
|uhtml|next|Next: Game 2 of 3
|l|☆yeet58
|player|p2|
