|j|☆shminki
|j|☆Kdbc73
|html|shminkiKdbc73    
|uhtml|bestof|Game 3 of a best-of-3
|t:|1755823803
|gametype|doubles
|player|p1|shminki|ethan|1180
|player|p2|Kdbc73|sage|1196
|gen|9
|tier|[Gen 9] VGC 2025 Reg H (Bo3)
|rated|
|rule|Species Clause: Limit one of each Pokémon
|rule|Item Clause: Limit 1 of each item
|clearpoke
|poke|p1|Basculegion, L50, M|
|poke|p1|Ninetales-Alola, L50, M|
|poke|p1|Farigiraf, L50, F|
|poke|p1|Ursaluna, L50, F|
|poke|p1|Amoonguss, L50, F|
|poke|p1|Talonflame, L50, F|
|poke|p2|Sneasler, L50, F|
|poke|p2|Indeedee, L50, M|
|poke|p2|Ursaluna-Bloodmoon, L50, M|
|poke|p2|Electabuzz, L50, M|
|poke|p2|Incineroar, L50, F|
|poke|p2|Talonflame, L50, M|
|teampreview|4
|showteam|p1|Basculegion||ChoiceScarf|Adaptability|WaveCrash,LastRespects,FlipTurn,AquaJet|||M|||50|,,,,,Grass]Ninetales-Alola||FocusSash|SnowWarning|Blizzard,IcyWind,AuroraVeil,Protect|||M|||50|,,,,,Fire]Farigiraf||ThroatSpray|ArmorTail|Psychic,HyperVoice,TrickRoom,Protect|||F|||50|,,,,,Normal]Ursaluna||FlameOrb|Guts|HeadlongRush,Facade,Earthquake,Protect|||F|||50|,,,,,Ghost]Amoonguss||SitrusBerry|Regenerator|PollenPuff,Spore,RagePowder,Protect|||F|||50|,,,,,Dark]Talonflame||CovertCloak|GaleWings|FlareBlitz,BraveBird,Tailwind,WillOWisp|||F|||50|,,,,,Dark
|showteam|p2|Sneasler||PsychicSeed|Unburden|CloseCombat,DireClaw,ThroatChop,Protect|||F|||50|,,,,,Dark]Indeedee||FocusSash|PsychicSurge|ExpandingForce,TrickRoom,HelpingHand,Protect|||M|||50|,,,,,Psychic]Ursaluna-Bloodmoon||LifeOrb|MindsEye|BloodMoon,HyperVoice,EarthPower,Protect|||M|||50|,,,,,Normal]Electabuzz||Eviolite|VitalSpirit|Electroweb,FollowMe,Taunt,Protect|||M|||50|,,,,,Dragon]Incineroar||SafetyGoggles|Intimidate|FlareBlitz,KnockOff,PartingShot,FakeOut|||F|||50|,,,,,Ghost]Talonflame||CovertCloak|GaleWings|FlareBlitz,DualWingbeat,WillOWisp,Tailwind|||M|||50|,,,,,Fairy
|inactive|Battle timer is ON: inactive players will automatically lose when time's up. (requested by shminki)
|inactive|shminki has 60 seconds left.
|inactive|Kdbc73 has 60 seconds left.
|
|t:|1755823859
|teamsize|p1|4
|teamsize|p2|4
|start
|switch|p1a: Talonflame|Talonflame, L50, F|100/100
|switch|p1b: Ninetales|Ninetales-Alola, L50, M|100/100
|switch|p2a: Ursaluna|Ursaluna-Bloodmoon, L50, M|100/100
|switch|p2b: Electabuzz|Electabuzz, L50, M|100/100
|-weather|Snowscape|[from] ability: Snow Warning|[of] p1b: Ninetales
|turn|1
|inactive|Kdbc73 has 30 seconds left.
|
|t:|1755823889
|move|p2a: Ursaluna|Protect|p2a: Ursaluna
|-singleturn|p2a: Ursaluna|Protect
|move|p1a: Talonflame|Tailwind|p1a: Talonflame
|-sidestart|p1: shminki|move: Tailwind
|move|p1b: Ninetales|Aurora Veil|p1b: Ninetales
|-sidestart|p1: shminki|move: Aurora Veil
|move|p2b: Electabuzz|Electroweb|p1a: Talonflame|[spread] p1a,p1b
|-supereffective|p1a: Talonflame
|-damage|p1a: Talonflame|71/100
|-damage|p1b: Ninetales|90/100
|-unboost|p1b: Ninetales|spe|1
|
|-weather|Snowscape|[upkeep]
|upkeep
|turn|2
|inactive|Kdbc73 has 30 seconds left.
|
|t:|1755823918
|-terastallize|p2a: Ursaluna|Normal
|move|p1a: Talonflame|Flare Blitz|p2a: Ursaluna
|-damage|p2a: Ursaluna|65/100
|-damage|p1a: Talonflame|57/100|[from] Recoil
|move|p1b: Ninetales|Blizzard|p2a: Ursaluna|[spread] p2a,p2b
|-damage|p2a: Ursaluna|25/100
|-damage|p2b: Electabuzz|76/100
|move|p2b: Electabuzz|Electroweb|p1b: Ninetales|[spread] p1a,p1b
|-supereffective|p1a: Talonflame
|-damage|p1a: Talonflame|28/100
|-damage|p1b: Ninetales|78/100
|-unboost|p1b: Ninetales|spe|1
|move|p2a: Ursaluna|Hyper Voice|p1b: Ninetales|[spread] p1a,p1b
|-damage|p1a: Talonflame|0 fnt
|-damage|p1b: Ninetales|27/100
|faint|p1a: Talonflame
|-damage|p2a: Ursaluna|15/100|[from] item: Life Orb
|
|-weather|Snowscape|[upkeep]
|upkeep
|
|t:|1755823930
|switch|p1a: Ursaluna|Ursaluna, L50, F|100/100
|turn|3
|
|t:|1755823948
|move|p1b: Ninetales|Protect|p1b: Ninetales
|-singleturn|p1b: Ninetales|Protect
|move|p2a: Ursaluna|Protect|p2a: Ursaluna
|-singleturn|p2a: Ursaluna|Protect
|move|p1a: Ursaluna|Earthquake|p2a: Ursaluna|[spread] p2b
|-activate|p1b: Ninetales|move: Protect
|-activate|p2a: Ursaluna|move: Protect
|-supereffective|p2b: Electabuzz
|-damage|p2b: Electabuzz|0 fnt
|faint|p2b: Electabuzz
|
|-weather|Snowscape|[upkeep]
|-status|p1a: Ursaluna|brn|[from] item: Flame Orb
|upkeep
|
|t:|1755823962
|switch|p2b: Sneasler|Sneasler, L50, F|100/100
|turn|4
|inactive|Kdbc73 has 30 seconds left.
|
|t:|1755823991
|switch|p2a: Indeedee|Indeedee, L50, M|100/100
|-fieldstart|move: Psychic Terrain|[from] ability: Psychic Surge|[of] p2a: Indeedee
|-enditem|p2b: Sneasler|Psychic Seed
|-boost|p2b: Sneasler|spd|1|[from] item: Psychic Seed
|move|p2b: Sneasler|Protect|p2b: Sneasler
|-singleturn|p2b: Sneasler|Protect
|move|p1a: Ursaluna|Facade|p2b: Sneasler
|-activate|p2b: Sneasler|move: Protect
|move|p1b: Ninetales|Blizzard|p2a: Indeedee|[spread] p2a
|-activate|p2b: Sneasler|move: Protect
|-damage|p2a: Indeedee|59/100
|
|-weather|Snowscape|[upkeep]
|-damage|p1a: Ursaluna|95/100 brn|[from] brn
|-sideend|p1: shminki|move: Tailwind
|upkeep
|turn|5
|inactive|shminki has 30 seconds left.
|inactive|Kdbc73 has 30 seconds left.
|
|t:|1755824023
|switch|p1b: Basculegion|Basculegion, L50, M|100/100
|-terastallize|p1a: Ursaluna|Ghost
|move|p2b: Sneasler|Throat Chop|p1a: Ursaluna
|-supereffective|p1a: Ursaluna
|-damage|p1a: Ursaluna|66/100 brn
|-start|p1a: Ursaluna|Throat Chop|[silent]
|move|p2a: Indeedee|Expanding Force|p1b: Basculegion|[spread] p1a,p1b
|-damage|p1a: Ursaluna|33/100 brn
|-damage|p1b: Basculegion|59/100
|move|p1a: Ursaluna|Facade|p2b: Sneasler
|-damage|p2b: Sneasler|0 fnt
|faint|p2b: Sneasler
|
|-weather|none
|-damage|p1a: Ursaluna|27/100 brn|[from] brn
|-sideend|p1: shminki|move: Aurora Veil
|upkeep
|
|t:|1755824036
|switch|p2b: Ursaluna|Ursaluna-Bloodmoon, L50, M, tera:Normal|15/100
|turn|6
|
|t:|1755824057
|move|p2b: Ursaluna|Protect|p2b: Ursaluna
|-singleturn|p2b: Ursaluna|Protect
|move|p1b: Basculegion|Flip Turn|p2b: Ursaluna
|-activate|p2b: Ursaluna|move: Protect
|move|p2a: Indeedee|Expanding Force|p1b: Basculegion|[spread] p1a,p1b
|-damage|p1a: Ursaluna|0 fnt
|-damage|p1b: Basculegion|3/100
|faint|p1a: Ursaluna
|
|upkeep
|
|t:|1755824061
|switch|p1a: Ninetales|Ninetales-Alola, L50, M|27/100
|-weather|Snowscape|[from] ability: Snow Warning|[of] p1a: Ninetales
|turn|7
|
|t:|1755824077
|move|p1b: Basculegion|Flip Turn|p2a: Indeedee
|-damage|p2a: Indeedee|0 fnt
|faint|p2a: Indeedee
|move|p1a: Ninetales|Blizzard|p2b: Ursaluna
|-damage|p2b: Ursaluna|0 fnt
|faint|p2b: Ursaluna
|
|win|shminki
|raw|shminki's rating: 1180 → 1206(+26 for winning)
|raw|Kdbc73's rating: 1196 → 1170(-26 for losing)
