|j|☆randomguy1114s
|j|☆Baeza1314
|html|randomguy1114sBaeza1314    
|uhtml|bestof|Game 1 of a best-of-3
|t:|1756843948
|gametype|doubles
|player|p1|randomguy1114s|lillie-masters|1186
|player|p2|Baeza1314|2|1110
|gen|9
|tier|[Gen 9] VGC 2025 Reg H (Bo3)
|rated|
|rule|Species Clause: Limit one of each Pokémon
|rule|Item Clause: Limit 1 of each item
|clearpoke
|poke|p1|Garchomp, L50, F|
|poke|p1|Kingambit, L50, M|
|poke|p1|Sneasler, L50, M|
|poke|p1|Talonflame, L50, M|
|poke|p1|Primarina, L50, M|
|poke|p1|Sinistcha, L50|
|poke|p2|Incineroar, L50, M|
|poke|p2|Amoonguss, L50, M|
|poke|p2|Ursaluna-Bloodmoon, L50, M|
|poke|p2|Gholdengo, L50|
|poke|p2|Sneasler, L50, M|
|poke|p2|Dragonite, L50, M|
|teampreview|4
|showteam|p1|Garchomp||LifeOrb|RoughSkin|Earthquake,DragonClaw,StompingTantrum,Protect|||F|||50|,,,,,Steel]Kingambit||SafetyGoggles|Defiant|SuckerPunch,SwordsDance,KowtowCleave,Protect|||M|||50|,,,,,Dark]Sneasler||FocusSash|Unburden|CloseCombat,DireClaw,FakeOut,Protect|||M|||50|,,,,,Stellar]Talonflame||ClearAmulet|GaleWings|DualWingbeat,Tailwind,Uturn,Protect|||M|||50|,,,,,Ghost]Primarina||ThroatSpray|LiquidVoice|Haze,HyperVoice,Moonblast,Protect|||M|||50|,,,,,Poison]Sinistcha||MentalHerb|Hospitality|RagePowder,TrickRoom,MatchaGotcha,Protect||||||50|,,,,,Water
|showteam|p2|Incineroar||SafetyGoggles|Intimidate|FlareBlitz,KnockOff,PartingShot,FakeOut|||M|||50|,,,,,Ghost]Amoonguss||SitrusBerry|Regenerator|Spore,RagePowder,PollenPuff,Protect|||M|||50|,,,,,Psychic]Ursaluna-Bloodmoon||AssaultVest|MindsEye|HyperVoice,BloodMoon,EarthPower,VacuumWave|||M|||50|,,,,,Water]Gholdengo||LifeOrb|GoodasGold|MakeItRain,ShadowBall,NastyPlot,Protect||||||50|,,,,,Water]Sneasler||FocusSash|Unburden|CloseCombat,DireClaw,ThroatChop,Protect|||M|||50|,,,,,Stellar]Dragonite||LoadedDice|Multiscale|ScaleShot,Tailwind,Haze,Protect|||M|||50|,,,,,Fairy
|inactive|Battle timer is ON: inactive players will automatically lose when time's up. (requested by Baeza1314)
|inactive|randomguy1114s has 60 seconds left.
|inactive|Baeza1314 has 60 seconds left.
|inactive|Baeza1314 has 30 seconds left.
|
|t:|1756844044
|teamsize|p1|4
|teamsize|p2|4
|start
|switch|p1a: Kingambit|Kingambit, L50, M, shiny|100/100
|switch|p1b: Sneasler|Sneasler, L50, M, shiny|100/100
|switch|p2a: Incineroar|Incineroar, L50, M|100/100
|switch|p2b: Sneasler|Sneasler, L50, M|100/100
|-ability|p2a: Incineroar|Intimidate|boost
|-unboost|p1a: Kingambit|atk|1
|-ability|p1a: Kingambit|Defiant|boost
|-boost|p1a: Kingambit|atk|2
|-unboost|p1b: Sneasler|atk|1
|turn|1
|inactive|Baeza1314 has 30 seconds left.
|inactive|Baeza1314 has 20 seconds left.
|
|t:|1756844084
|switch|p2a: Amoonguss|Amoonguss, L50, M|100/100
|move|p1a: Kingambit|Protect|p1a: Kingambit
|-singleturn|p1a: Kingambit|Protect
|move|p2b: Sneasler|Close Combat|p1a: Kingambit
|-activate|p1a: Kingambit|move: Protect
|move|p1b: Sneasler|Dire Claw|p2b: Sneasler
|-resisted|p2b: Sneasler
|-damage|p2b: Sneasler|75/100
|
|upkeep
|turn|2
|
|t:|1756844106
|switch|p1a: Sinistcha|Sinistcha, L50, shiny|100/100
|move|p2b: Sneasler|Protect|p2b: Sneasler
|-singleturn|p2b: Sneasler|Protect
|move|p1b: Sneasler|Dire Claw|p2a: Amoonguss
|-damage|p2a: Amoonguss|77/100
|-status|p2a: Amoonguss|par
|move|p2a: Amoonguss|Spore|p1b: Sneasler
|-status|p1b: Sneasler|slp|[from] move: Spore
|
|upkeep
|turn|3
|inactive|randomguy1114s has 30 seconds left.
|
|t:|1756844136
|cant|p1b: Sneasler|slp
|move|p2b: Sneasler|Dire Claw|p1a: Sinistcha
|-damage|p1a: Sinistcha|60/100
|-status|p1a: Sinistcha|par
|move|p1a: Sinistcha|Matcha Gotcha|p2b: Sneasler|[spread] p2a,p2b
|-resisted|p2a: Amoonguss
|-resisted|p2b: Sneasler
|-damage|p2a: Amoonguss|72/100 par
|-heal|p1a: Sinistcha|64/100 par|[from] drain|[of] p2a: Amoonguss
|-damage|p2b: Sneasler|58/100
|-heal|p1a: Sinistcha|72/100 par|[from] drain|[of] p2b: Sneasler
|move|p2a: Amoonguss|Pollen Puff|p1b: Sneasler
|-resisted|p1b: Sneasler
|-damage|p1b: Sneasler|95/100 slp
|
|upkeep
|turn|4
|inactive|randomguy1114s has 30 seconds left.
|
|t:|1756844162
|-terastallize|p2b: Sneasler|Stellar
|move|p1a: Sinistcha|Protect|p1a: Sinistcha
|-singleturn|p1a: Sinistcha|Protect
|move|p2b: Sneasler|Throat Chop|p1a: Sinistcha
|-activate|p1a: Sinistcha|move: Protect
|cant|p1b: Sneasler|slp
|move|p2a: Amoonguss|Pollen Puff|p2b: Sneasler
|-heal|p2b: Sneasler|100/100
|
|upkeep
|turn|5
|inactive|randomguy1114s has 30 seconds left.
|inactive|Baeza1314 has 30 seconds left.
|
|t:|1756844192
|switch|p1b: Primarina|Primarina, L50, M, shiny|100/100
|switch|p2a: Dragonite|Dragonite, L50, M|100/100
|move|p2b: Sneasler|Throat Chop|p1a: Sinistcha
|-supereffective|p1a: Sinistcha
|-damage|p1a: Sinistcha|13/100 par
|-start|p1a: Sinistcha|Throat Chop|[silent]
|move|p1a: Sinistcha|Matcha Gotcha|p2b: Sneasler|[spread] p2a,p2b
|-resisted|p2a: Dragonite
|-resisted|p2b: Sneasler
|-damage|p2a: Dragonite|97/100
|-heal|p1a: Sinistcha|15/100 par|[from] drain|[of] p2a: Dragonite
|-damage|p2b: Sneasler|83/100
|-heal|p1a: Sinistcha|23/100 par|[from] drain|[of] p2b: Sneasler
|
|upkeep
|turn|6
|inactive|randomguy1114s has 30 seconds left.
|inactive|Baeza1314 has 30 seconds left.
|inactive|Baeza1314 has 20 seconds left.
|inactive|Baeza1314 has 15 seconds left.
|inactive|Baeza1314 has 10 seconds left.
|inactive|randomguy1114s has 20 seconds left.
|
|t:|1756844248
|switch|p1a: Kingambit|Kingambit, L50, M, shiny|100/100
|-terastallize|p1b: Primarina|Poison
|move|p2b: Sneasler|Dire Claw|p1b: Primarina
|-resisted|p1b: Primarina
|-damage|p1b: Primarina|65/100
|-status|p1b: Primarina|par
|move|p2a: Dragonite|Scale Shot|p1a: Kingambit
|-resisted|p1a: Kingambit
|-damage|p1a: Kingambit|95/100
|-resisted|p1a: Kingambit
|-crit|p1a: Kingambit
|-damage|p1a: Kingambit|86/100
|-resisted|p1a: Kingambit
|-damage|p1a: Kingambit|81/100
|-resisted|p1a: Kingambit
|-damage|p1a: Kingambit|75/100
|-hitcount|p1a: Kingambit|4
|-unboost|p2a: Dragonite|def|1
|-boost|p2a: Dragonite|spe|1
|move|p1b: Primarina|Hyper Voice|p2a: Dragonite|[spread] p2a,p2b
|-resisted|p2a: Dragonite
|-crit|p2b: Sneasler
|-damage|p2a: Dragonite|79/100
|-damage|p2b: Sneasler|17/100
|-enditem|p1b: Primarina|Throat Spray
|-boost|p1b: Primarina|spa|1|[from] item: Throat Spray
|
|upkeep
|turn|7
|inactive|Baeza1314 has 30 seconds left.
|
|t:|1756844276
|switch|p2a: Amoonguss|Amoonguss, L50, M|100/100 par
|move|p2b: Sneasler|Protect|p2b: Sneasler
|-singleturn|p2b: Sneasler|Protect
|move|p1a: Kingambit|Sucker Punch||[still]
|-fail|p1a: Kingambit
|cant|p1b: Primarina|par
|
|upkeep
|turn|8
|
|t:|1756844299
|switch|p1a: Sinistcha|Sinistcha, L50, shiny|23/100 par
|-heal|p1b: Primarina|90/100 par|[from] ability: Hospitality|[of] p1a: Sinistcha
|move|p2b: Sneasler|Close Combat|p1a: Sinistcha
|-immune|p1a: Sinistcha
|move|p1b: Primarina|Hyper Voice|p2b: Sneasler|[spread] p2a,p2b
|-resisted|p2a: Amoonguss
|-damage|p2a: Amoonguss|79/100 par
|-damage|p2b: Sneasler|0 fnt
|faint|p2b: Sneasler
|cant|p2a: Amoonguss|par
|
|upkeep
|
|t:|1756844311
|switch|p2b: Incineroar|Incineroar, L50, M|100/100
|-ability|p2b: Incineroar|Intimidate|boost
|-unboost|p1a: Sinistcha|atk|1
|-unboost|p1b: Primarina|atk|1
|turn|9
|
|t:|1756844335
|switch|p1a: Sneasler|Sneasler, L50, M, shiny|95/100 slp
|move|p1b: Primarina|Protect|p1b: Primarina
|-singleturn|p1b: Primarina|Protect
|move|p2b: Incineroar|Flare Blitz|p1b: Primarina
|-activate|p1b: Primarina|move: Protect
|move|p2a: Amoonguss|Pollen Puff|p1b: Primarina
|-activate|p1b: Primarina|move: Protect
|
|upkeep
|turn|10
|inactive|randomguy1114s has 30 seconds left.
|inactive|Baeza1314 has 30 seconds left.
|
|t:|1756844374
|-curestatus|p1a: Sneasler|slp|[msg]
|move|p1a: Sneasler|Fake Out|p2a: Amoonguss
|-damage|p2a: Amoonguss|66/100 par
|move|p2b: Incineroar|Flare Blitz|p1b: Primarina
|-damage|p1b: Primarina|34/100 par
|-damage|p2b: Incineroar|84/100|[from] Recoil
|move|p1b: Primarina|Hyper Voice|p2a: Amoonguss|[spread] p2a,p2b
|-resisted|p2a: Amoonguss
|-supereffective|p2b: Incineroar
|-damage|p2a: Amoonguss|45/100 par
|-damage|p2b: Incineroar|0 fnt
|-enditem|p2a: Amoonguss|Sitrus Berry|[eat]
|-heal|p2a: Amoonguss|70/100 par|[from] item: Sitrus Berry
|faint|p2b: Incineroar
|cant|p2a: Amoonguss|flinch
|
|upkeep
|
|t:|1756844388
|switch|p2b: Dragonite|Dragonite, L50, M|79/100
|turn|11
|
|t:|1756844403
|switch|p1a: Sinistcha|Sinistcha, L50, shiny|23/100 par
|-heal|p1b: Primarina|59/100 par|[from] ability: Hospitality|[of] p1a: Sinistcha
|cant|p2a: Amoonguss|par
|move|p2b: Dragonite|Scale Shot|p1a: Sinistcha
|-damage|p1a: Sinistcha|10/100 par
|-damage|p1a: Sinistcha|0 fnt
|faint|p1a: Sinistcha
|-hitcount|p1: Sinistcha|2
|-unboost|p2b: Dragonite|def|1
|-boost|p2b: Dragonite|spe|1
|move|p1b: Primarina|Moonblast|p2b: Dragonite
|-supereffective|p2b: Dragonite
|-damage|p2b: Dragonite|0 fnt
|faint|p2b: Dragonite
|
|upkeep
|
|t:|1756844417
|switch|p1a: Kingambit|Kingambit, L50, M, shiny|75/100
|turn|12
|-message|Baeza1314 forfeited.
|
|win|randomguy1114s
|l|☆Baeza1314
|player|p2|
