|j|☆KodeBeast0526
|j|☆voizzz
|html|KodeBeast0526voizzz    
|uhtml|bestof|Game 1 of a best-of-3
|t:|1783543840
|gametype|doubles
|player|p1|KodeBeast0526|sailor|1072
|player|p2|voizzz|170|1102
|gen|9
|tier|[Gen 9 Champions] VGC 2026 Reg M-B (Bo3)
|rated|
|rule|Species Clause: Limit one of each Pokémon
|rule|Item Clause: Limit 1 of each item
|clearpoke
|poke|p1|Gengar, L50, M, shiny|
|poke|p1|Swampert, L50, F, shiny|
|poke|p1|Incineroar, L50, M, shiny|
|poke|p1|Politoed, L50, F, shiny|
|poke|p1|Archaludon, L50, F|
|poke|p1|Vivillon-Ocean, L50, M|
|poke|p2|Charizard, L50, M, shiny|
|poke|p2|Garchomp, L50, M, shiny|
|poke|p2|Venusaur, L50, M, shiny|
|poke|p2|Incineroar, L50, M, shiny|
|poke|p2|Sylveon, L50, M, shiny|
|poke|p2|Metagross, L50, shiny|
|teampreview|4
|showteam|p1|Gengar||Gengarite|CursedBody|ShadowBall,PerishSong,SludgeBomb,Protect|Timid||M|||50|]Swampert||Swampertite|Torrent|WaveCrash,Earthquake,IcePunch,Protect|Adamant||F|||50|]Incineroar||PasshoBerry|Intimidate|ThroatChop,PartingShot,FakeOut,Protect|Sassy||M|||50|]Politoed||SitrusBerry|Drizzle|WeatherBall,PerishSong,Encore,Protect|Calm||F|||50|]Archaludon||Leftovers|Stamina|DragonPulse,FlashCannon,ElectroShot,Protect|Bold||F|||50|]Vivillon-Ocean||FocusSash|CompoundEyes|Hurricane,SleepPowder,RagePowder,Protect|Timid||M|||50|
|showteam|p2|Charizard||CharizarditeY|SolarPower|Protect,WeatherBall,HeatWave,HelpingHand|Bold||M|||50|]Garchomp||ChoiceScarf|RoughSkin|Earthquake,DragonClaw,RockSlide,IronHead|Adamant||M|||50|]Venusaur||LifeOrb|Chlorophyll|Protect,SludgeBomb,EarthPower,SolarBeam|Modest||M|||50|]Incineroar||SitrusBerry|Intimidate|FakeOut,DarkestLariat,FlareBlitz,PartingShot|Careful||M|||50|]Sylveon||FairyFeather|Pixilate|HyperVoice,QuickAttack,Yawn,Detect|Modest||M|||50|]Metagross||Metagrossite|ClearBody|BodyPress,PsychicFangs,BulletPunch,Protect|Adamant|||||50|
|inactive|Battle timer is ON: inactive players will automatically lose when time's up. (requested by KodeBeast0526)
|inactive|voizzz has 60 seconds left.
|
|t:|1783543921
|teamsize|p1|4
|teamsize|p2|4
|start
|switch|p1a: Archaludon|Archaludon, L50, F|100/100
|switch|p1b: Politoed|Politoed, L50, F, shiny|100/100
|switch|p2a: morcillard|Charizard, L50, M, shiny|100/100
|switch|p2b: Incineroar|Incineroar, L50, M, shiny|100/100
|-weather|RainDance|[from] ability: Drizzle|[of] p1b: Politoed
|-ability|p2b: Incineroar|Intimidate|boost
|-unboost|p1a: Archaludon|atk|1
|-unboost|p1b: Politoed|atk|1
|turn|1
|inactive|KodeBeast0526 has 30 seconds left.
|inactive|voizzz has 30 seconds left.
|inactive|KodeBeast0526 has 20 seconds left.
|
|t:|1783543963
|switch|p1b: Vivillon|Vivillon-Ocean, L50, M|100/100
|detailschange|p2a: morcillard|Charizard-Mega-Y, L50, M, shiny
|-mega|p2a: morcillard|Charizard|Charizardite Y
|-weather|SunnyDay|[from] ability: Drought|[of] p2a: morcillard
|move|p2a: morcillard|Heat Wave|p1a: Archaludon|[spread] p1a,p1b
|-supereffective|p1b: Vivillon|1
|-damage|p1a: Archaludon|37/100
|-enditem|p1b: Vivillon|Focus Sash
|-damage|p1b: Vivillon|1/100
|-ability|p1a: Archaludon|Stamina|boost
|-boost|p1a: Archaludon|def|1
|move|p1a: Archaludon|Electro Shot||[still]
|-prepare|p1a: Archaludon|Electro Shot
|-boost|p1a: Archaludon|spa|1
|move|p2b: Incineroar|Parting Shot|p1a: Archaludon
|-unboost|p1a: Archaludon|atk|1
|-unboost|p1a: Archaludon|spa|1
|
|t:|1783543981
|switch|p2b: Venusaur|Venusaur, L50, M, shiny|100/100|[from] Parting Shot
|
|-weather|SunnyDay|[upkeep]
|-heal|p1a: Archaludon|43/100|[from] item: Leftovers
|upkeep
|turn|2
|
|t:|1783543998
|switch|p1b: Politoed|Politoed, L50, F, shiny|100/100
|-weather|RainDance|[from] ability: Drizzle|[of] p1b: Politoed
|move|p2a: morcillard|Heat Wave|p1a: Archaludon|[spread] p1a,p1b
|-resisted|p1b: Politoed|1
|-damage|p1a: Archaludon|24/100
|-damage|p1b: Politoed|92/100
|-ability|p1a: Archaludon|Stamina|boost
|-boost|p1a: Archaludon|def|1
|move|p2b: Venusaur|Earth Power|p1a: Archaludon
|-supereffective|p1a: Archaludon|1
|-damage|p1a: Archaludon|0 fnt
|faint|p1a: Archaludon
|-damage|p2b: Venusaur|90/100|[from] item: Life Orb
|
|-weather|RainDance|[upkeep]
|upkeep
|
|t:|1783544014
|switch|p1a: Vivillon|Vivillon-Ocean, L50, M|1/100
|turn|3
|
|t:|1783544036
|switch|p2a: Incineroar|Incineroar, L50, M, shiny|100/100
|-ability|p2a: Incineroar|Intimidate|boost
|-unboost|p1a: Vivillon|atk|1
|-unboost|p1b: Politoed|atk|1
|move|p1a: Vivillon|Hurricane|p2b: Venusaur
|-supereffective|p2b: Venusaur|1
|-damage|p2b: Venusaur|0 fnt
|faint|p2b: Venusaur
|move|p1b: Politoed|Weather Ball|p2a: Incineroar
|-supereffective|p2a: Incineroar|1
|-damage|p2a: Incineroar|24/100
|-enditem|p2a: Incineroar|Sitrus Berry|[eat]
|-heal|p2a: Incineroar|49/100|[from] item: Sitrus Berry
|
|-weather|RainDance|[upkeep]
|upkeep
|
|t:|1783544045
|switch|p2b: morcillard|Charizard-Mega-Y, L50, M, shiny|100/100
|-weather|SunnyDay|[from] ability: Drought|[of] p2b: morcillard
|turn|4
|
|t:|1783544064
|switch|p2a: Garchomp|Garchomp, L50, M, shiny|100/100
|move|p1a: Vivillon|Protect|p1a: Vivillon
|-singleturn|p1a: Vivillon|Protect
|move|p1b: Politoed|Protect|p1b: Politoed
|-singleturn|p1b: Politoed|Protect
|move|p2b: morcillard|Heat Wave|p1a: Vivillon|[spread] 
|-activate|p1a: Vivillon|move: Protect
|-activate|p1b: Politoed|move: Protect
|
|-weather|SunnyDay|[upkeep]
|upkeep
|turn|5
|
|t:|1783544076
|switch|p1b: Swampert|Swampert, L50, F, shiny|100/100
|move|p1a: Vivillon|Rage Powder|p1a: Vivillon
|-singleturn|p1a: Vivillon|move: Rage Powder
|move|p2a: Garchomp|Earthquake|p1a: Vivillon|[spread] p1b
|-immune|p2b: morcillard
|-immune|p1a: Vivillon
|-damage|p1b: Swampert|55/100
|move|p2b: morcillard|Heat Wave|p1a: Vivillon|[spread] p1b
|-miss|p2b: morcillard|p1a: Vivillon
|-resisted|p1b: Swampert|1
|-damage|p1b: Swampert|25/100
|
|-weather|SunnyDay|[upkeep]
|upkeep
|turn|6
|
|t:|1783544096
|switch|p2a: Incineroar|Incineroar, L50, M, shiny|49/100
|-ability|p2a: Incineroar|Intimidate|boost
|-unboost|p1a: Vivillon|atk|1
|-unboost|p1b: Swampert|atk|1
|switch|p1b: Politoed|Politoed, L50, F, shiny|92/100
|-weather|RainDance|[from] ability: Drizzle|[of] p1b: Politoed
|move|p2b: morcillard|Protect|p2b: morcillard
|-singleturn|p2b: morcillard|Protect
|move|p1a: Vivillon|Sleep Powder|p2a: Incineroar|[miss]
|-miss|p1a: Vivillon|p2a: Incineroar
|
|-weather|RainDance|[upkeep]
|upkeep
|turn|7
|
|t:|1783544119
|switch|p1a: Swampert|Swampert, L50, F, shiny|25/100
|switch|p2b: Garchomp|Garchomp, L50, M, shiny|100/100
|move|p2a: Incineroar|Fake Out|p1a: Swampert
|-damage|p1a: Swampert|14/100
|move|p1b: Politoed|Weather Ball|p2a: Incineroar
|-supereffective|p2a: Incineroar|1
|-damage|p2a: Incineroar|0 fnt
|faint|p2a: Incineroar
|
|-weather|RainDance|[upkeep]
|upkeep
|
|t:|1783544129
|switch|p2a: morcillard|Charizard-Mega-Y, L50, M, shiny|100/100
|-weather|SunnyDay|[from] ability: Drought|[of] p2a: morcillard
|turn|8
|
|t:|1783544142
|switch|p1b: Vivillon|Vivillon-Ocean, L50, M|1/100
|move|p1a: Swampert|Protect|p1a: Swampert
|-singleturn|p1a: Swampert|Protect
|move|p2b: Garchomp|Earthquake|p1a: Swampert|[spread] 
|-activate|p1a: Swampert|move: Protect
|-immune|p2a: morcillard
|-immune|p1b: Vivillon
|move|p2a: morcillard|Heat Wave|p1a: Swampert|[spread] p1b
|-activate|p1a: Swampert|move: Protect
|-supereffective|p1b: Vivillon|1
|-damage|p1b: Vivillon|0 fnt
|faint|p1b: Vivillon
|
|-weather|SunnyDay|[upkeep]
|upkeep
|
|t:|1783544152
|switch|p1b: Politoed|Politoed, L50, F, shiny|92/100
|-weather|RainDance|[from] ability: Drizzle|[of] p1b: Politoed
|turn|9
|
|t:|1783544159
|detailschange|p1a: Swampert|Swampert-Mega, L50, F, shiny
|-mega|p1a: Swampert|Swampert|Swampertite
|move|p2a: morcillard|Protect|p2a: morcillard
|-singleturn|p2a: morcillard|Protect
|move|p1a: Swampert|Ice Punch|p2b: Garchomp
|-supereffective|p2b: Garchomp|2
|-damage|p2b: Garchomp|0 fnt
|-damage|p1a: Swampert|1/100|[from] ability: Rough Skin|[of] p2b: Garchomp
|faint|p2b: Garchomp
|move|p1b: Politoed|Weather Ball|p2a: morcillard
|-activate|p2a: morcillard|move: Protect
|
|-weather|RainDance|[upkeep]
|upkeep
|turn|10
|
|t:|1783544177
|move|p1a: Swampert|Wave Crash|p2a: morcillard
|-supereffective|p2a: morcillard|1
|-damage|p2a: morcillard|0 fnt
|faint|p2a: morcillard
|-damage|p1a: Swampert|0 fnt|[from] Recoil
|faint|p1a: Swampert
|
|win|KodeBeast0526
||voizzz is ready for game 2.
