|j|☆CanjicaVGC
|j|☆catnip enthusiast
|html|CanjicaVGCcatnip enthusiast    
|uhtml|bestof|Game 3 of a best-of-3
|t:|1755285933
|gametype|doubles
|player|p1|CanjicaVGC|sailor|1250
|player|p2|catnip enthusiast|bianca|1240
|gen|9
|tier|[Gen 9] VGC 2025 Reg H (Bo3)
|rated|
|rule|Species Clause: Limit one of each Pokémon
|rule|Item Clause: Limit 1 of each item
|clearpoke
|poke|p1|Sneasler, L50, M|
|poke|p1|Maushold-Four, L50|
|poke|p1|Archaludon, L50, F|
|poke|p1|Amoonguss, L50, F|
|poke|p1|Pelipper, L50, M|
|poke|p1|Basculegion, L50, M|
|poke|p2|Ursaluna, L50, M|
|poke|p2|Gholdengo, L50|
|poke|p2|Incineroar, L50, F|
|poke|p2|Porygon2, L50|
|poke|p2|Dragonite, L50, F|
|poke|p2|Amoonguss, L50, M|
|teampreview|4
|showteam|p1|Sneasler||FocusSash|PoisonTouch|DireClaw,CloseCombat,ThroatChop,Protect|||M|||50|,,,,,Dark]Maushold-Four||WideLens|Technician|PopulationBomb,Bite,FollowMe,Protect||||||50|,,,,,Ghost]Archaludon||AssaultVest|Stamina|DragonPulse,BodyPress,ElectroShot,FlashCannon|||F|||50|,,,,,Grass]Amoonguss||SitrusBerry|Regenerator|Spore,RagePowder,ClearSmog,Protect|||F|||50|,,,,,Water]Pelipper||CovertCloak|Drizzle|MuddyWater,Hurricane,Protect,WideGuard|||M|||50|,,,,,Grass]Basculegion||MysticWater|SwiftSwim|FlipTurn,WaveCrash,AquaJet,LastRespects|||M|||50|,,,,,Water
|showteam|p2|Ursaluna||FlameOrb|Guts|Facade,HeadlongRush,Protect,Earthquake|||M|||50|,,,,,Fairy]Gholdengo||MetalCoat|GoodasGold|MakeItRain,ShadowBall,NastyPlot,Protect||||||50|,,,,,Water]Incineroar||AssaultVest|Intimidate|FakeOut,FlareBlitz,KnockOff,Uturn|||F|||50|,,,,,Ghost]Porygon2||Eviolite|Download|TeraBlast,IceBeam,TrickRoom,Recover||||||50|,,,,,Fighting]Dragonite||LoadedDice|Multiscale|ScaleShot,Haze,Tailwind,Protect|||F|||50|,,,,,Fairy]Amoonguss||SitrusBerry|Regenerator|Spore,RagePowder,PollenPuff,Protect|||M|||50|,,,,,Dark
|
|t:|1755285994
|teamsize|p1|4
|teamsize|p2|4
|start
|switch|p1a: Maushold|Maushold-Four, L50|100/100
|switch|p1b: Archaludon|Archaludon, L50, F|100/100
|switch|p2a: Pat Surtain II|Porygon2, L50|100/100
|switch|p2b: Peach Cobbler|Ursaluna, L50, M, shiny|100/100
|-ability|p2a: Pat Surtain II|Download|boost
|-boost|p2a: Pat Surtain II|spa|1
|turn|1
|
|t:|1755286025
|switch|p2a: The Mac|Gholdengo, L50|100/100
|move|p1a: Maushold|Population Bomb|p1b: Archaludon
|-resisted|p1b: Archaludon
|-damage|p1b: Archaludon|97/100
|-ability|p1b: Archaludon|Stamina|boost
|-boost|p1b: Archaludon|def|1
|-resisted|p1b: Archaludon
|-damage|p1b: Archaludon|94/100
|-ability|p1b: Archaludon|Stamina|boost
|-boost|p1b: Archaludon|def|1
|-resisted|p1b: Archaludon
|-damage|p1b: Archaludon|93/100
|-ability|p1b: Archaludon|Stamina|boost
|-boost|p1b: Archaludon|def|1
|-resisted|p1b: Archaludon
|-damage|p1b: Archaludon|91/100
|-ability|p1b: Archaludon|Stamina|boost
|-boost|p1b: Archaludon|def|1
|-resisted|p1b: Archaludon
|-damage|p1b: Archaludon|90/100
|-ability|p1b: Archaludon|Stamina|boost
|-boost|p1b: Archaludon|def|1
|-resisted|p1b: Archaludon
|-crit|p1b: Archaludon
|-damage|p1b: Archaludon|84/100
|-ability|p1b: Archaludon|Stamina|boost
|-boost|p1b: Archaludon|def|1
|-resisted|p1b: Archaludon
|-crit|p1b: Archaludon
|-damage|p1b: Archaludon|79/100
|-resisted|p1b: Archaludon
|-damage|p1b: Archaludon|78/100
|-resisted|p1b: Archaludon
|-damage|p1b: Archaludon|77/100
|-resisted|p1b: Archaludon
|-damage|p1b: Archaludon|76/100
|-hitcount|p1b: Archaludon|10
|move|p1b: Archaludon|Body Press|p2a: The Mac
|-immune|p2a: The Mac
|move|p2b: Peach Cobbler|Headlong Rush|p1b: Archaludon
|-supereffective|p1b: Archaludon
|-damage|p1b: Archaludon|51/100
|-unboost|p2b: Peach Cobbler|def|1
|-unboost|p2b: Peach Cobbler|spd|1
|
|-status|p2b: Peach Cobbler|brn|[from] item: Flame Orb
|upkeep
|turn|2
|
|t:|1755286045
|move|p2b: Peach Cobbler|Protect|p2b: Peach Cobbler
|-singleturn|p2b: Peach Cobbler|Protect
|move|p1a: Maushold|Follow Me|p1a: Maushold
|-singleturn|p1a: Maushold|move: Follow Me
|move|p2a: The Mac|Nasty Plot|p2a: The Mac
|-boost|p2a: The Mac|spa|2
|move|p1b: Archaludon|Body Press|p2b: Peach Cobbler
|-activate|p2b: Peach Cobbler|move: Protect
|
|-damage|p2b: Peach Cobbler|94/100 brn|[from] brn
|upkeep
|turn|3
|
|t:|1755286073
|switch|p2b: Pat Surtain II|Porygon2, L50|100/100
|-ability|p2b: Pat Surtain II|Download|boost
|-boost|p2b: Pat Surtain II|spa|1
|move|p1a: Maushold|Population Bomb|p2b: Pat Surtain II|[miss]
|-miss|p1a: Maushold|p2b: Pat Surtain II
|move|p2a: The Mac|Make It Rain|p1a: Maushold|[spread] p1a,p1b
|-crit|p1a: Maushold
|-resisted|p1b: Archaludon
|-damage|p1a: Maushold|0 fnt
|-damage|p1b: Archaludon|6/100
|-unboost|p2a: The Mac|spa|1
|faint|p1a: Maushold
|move|p1b: Archaludon|Dragon Pulse|p2a: The Mac
|-resisted|p2a: The Mac
|-damage|p2a: The Mac|80/100
|
|upkeep
|
|t:|1755286078
|switch|p1a: Basculegion|Basculegion, L50, M|100/100
|turn|4
|
|t:|1755286108
|-terastallize|p1a: Basculegion|Water
|move|p2a: The Mac|Shadow Ball|p1a: Basculegion
|-damage|p1a: Basculegion|33/100
|-unboost|p1a: Basculegion|spd|1
|move|p1a: Basculegion|Wave Crash|p2a: The Mac
|-damage|p2a: The Mac|0 fnt
|faint|p2a: The Mac
|-damage|p1a: Basculegion|11/100|[from] Recoil
|move|p1b: Archaludon|Body Press|p2b: Pat Surtain II
|-supereffective|p2b: Pat Surtain II
|-damage|p2b: Pat Surtain II|0 fnt
|faint|p2b: Pat Surtain II
|
|upkeep
|
|t:|1755286116
|switch|p2a: Peach Cobbler|Ursaluna, L50, M, shiny|94/100 brn
|switch|p2b: Yams|Dragonite, L50, F|100/100
|turn|5
|
|t:|1755286134
|switch|p1b: Pelipper|Pelipper, L50, M|100/100
|-weather|RainDance|[from] ability: Drizzle|[of] p1b: Pelipper
|-terastallize|p2a: Peach Cobbler|Fairy
|move|p1a: Basculegion|Flip Turn|p2b: Yams
|-resisted|p2b: Yams
|-damage|p2b: Yams|79/100
|
|t:|1755286142
|switch|p1a: Archaludon|Archaludon, L50, F|6/100|[from] Flip Turn
|move|p2b: Yams|Tailwind|p2b: Yams
|-sidestart|p2: catnip enthusiast|move: Tailwind
|move|p2a: Peach Cobbler|Earthquake|p1a: Archaludon|[spread] p1a
|-immune|p2b: Yams
|-immune|p1b: Pelipper
|-supereffective|p1a: Archaludon
|-damage|p1a: Archaludon|0 fnt
|faint|p1a: Archaludon
|
|-weather|RainDance|[upkeep]
|-damage|p2a: Peach Cobbler|88/100 brn|[from] brn
|upkeep
|
|t:|1755286145
|switch|p1a: Basculegion|Basculegion, L50, M, tera:Water|11/100
|turn|6
|
|t:|1755286166
|move|p2b: Yams|Scale Shot|p1a: Basculegion|[miss]
|-miss|p2b: Yams|p1a: Basculegion
|move|p1a: Basculegion|Last Respects|p2b: Yams
|-damage|p2b: Yams|0 fnt
|faint|p2b: Yams
|move|p2a: Peach Cobbler|Facade|p1a: Basculegion
|-damage|p1a: Basculegion|0 fnt
|faint|p1a: Basculegion
|move|p1b: Pelipper|Muddy Water|p2a: Peach Cobbler
|-damage|p2a: Peach Cobbler|48/100 brn
|
|-weather|RainDance|[upkeep]
|-damage|p2a: Peach Cobbler|42/100 brn|[from] brn
|upkeep
|turn|7
|
|t:|1755286180
|move|p1b: Pelipper|Protect|p1b: Pelipper
|-singleturn|p1b: Pelipper|Protect
|move|p2a: Peach Cobbler|Facade|p1b: Pelipper
|-activate|p1b: Pelipper|move: Protect
|
|-weather|RainDance|[upkeep]
|-damage|p2a: Peach Cobbler|35/100 brn|[from] brn
|upkeep
|turn|8
|
|t:|1755286184
|move|p1b: Pelipper|Protect||[still]
|-fail|p1b: Pelipper
|move|p2a: Peach Cobbler|Facade|p1b: Pelipper
|-damage|p1b: Pelipper|0 fnt
|faint|p1b: Pelipper
|
|win|catnip enthusiast
|raw|CanjicaVGC's rating: 1250 → 1224(-26 for losing)
|raw|catnip enthusiast's rating: 1240 → 1266(+26 for winning)
|c|☆CanjicaVGC|ggs
|c|☆catnip enthusiast|gg
|c|☆catnip enthusiast|almost lost that lmao
|c|☆CanjicaVGC|yeah nice game
|c|☆catnip enthusiast|u2u2
|c|☆catnip enthusiast|wp
|l|☆CanjicaVGC
|player|p1|
|l|☆catnip enthusiast
|player|p2|
|j|☆catnip enthusiast
|player|p2|catnip enthusiast|bianca|
