|j|☆MonkeysJoe
|j|☆Luke693VGC
|html|MonkeysJoeLuke693VGC    
|uhtml|bestof|Game 1 of a best-of-3
|t:|1756647288
|gametype|doubles
|player|p1|MonkeysJoe|265|1201
|player|p2|Luke693VGC|cyclist-gen4|1130
|gen|9
|tier|[Gen 9] VGC 2025 Reg H (Bo3)
|rated|
|rule|Species Clause: Limit one of each Pokémon
|rule|Item Clause: Limit 1 of each item
|clearpoke
|poke|p1|Ursaluna, L50, F|
|poke|p1|Jumpluff, L50, M|
|poke|p1|Charizard, L50, F|
|poke|p1|Torkoal, L50, M|
|poke|p1|Exeggutor, L50, M|
|poke|p1|Indeedee-F, L50, F|
|poke|p2|Pelipper, L50, M|
|poke|p2|Archaludon, L50, M|
|poke|p2|Sinistcha, L50|
|poke|p2|Ursaluna, L50, M|
|poke|p2|Dragonite, L50, M|
|poke|p2|Incineroar, L50, F|
|teampreview|4
|showteam|p1|Ursaluna||FlameOrb|Guts|HeadlongRush,Facade,Earthquake,Protect|||F|||50|,,,,,Ghost]Jumpluff||CovertCloak|Chlorophyll|SleepPowder,SunnyDay,Tailwind,RagePowder|||M|||50|,,,,,Dark]Charizard||ChoiceSpecs|SolarPower|AirSlash,HeatWave,Overheat,WeatherBall|||F|||50|,,,,,Fire]Torkoal||EjectPack|Drought|ClearSmog,Eruption,Overheat,Protect|||M|||50|,,,,,Fire]Exeggutor||LifeOrb|Chlorophyll|ExpandingForce,TeraBlast,TrickRoom,Protect|||M|||50|,,,,,Fighting]Indeedee-F||SafetyGoggles|PsychicSurge|HelpingHand,FollowMe,TrickRoom,Psychic|||F|||50|,,,,,Water
|showteam|p2|Pelipper||FocusSash|Drizzle|MuddyWater,Hurricane,WideGuard,Tailwind|||M|||50|,,,,,Ghost]Archaludon||AssaultVest|Stamina|FlashCannon,BodyPress,ElectroShot,Snarl|||M|||50|,,,,,Fighting]Sinistcha||SitrusBerry|Hospitality|MatchaGotcha,LifeDew,RagePowder,TrickRoom||||||50|,,,,,Dark]Ursaluna||FlameOrb|Guts|Protect,Facade,HeadlongRush,Earthquake|||M|||50|,,,,,Ghost]Dragonite||LoadedDice|Multiscale|Protect,ScaleShot,Haze,Tailwind|||M|||50|,,,,,Fairy]Incineroar||SafetyGoggles|Intimidate|FlareBlitz,KnockOff,FakeOut,PartingShot|||F|||50|,,,,,Ghost
|inactive|Battle timer is ON: inactive players will automatically lose when time's up. (requested by Luke693VGC)
|
|t:|1756647305
|teamsize|p1|4
|teamsize|p2|4
|start
|switch|p1a: Torkoal|Torkoal, L50, M|100/100
|switch|p1b: Exeggutor|Exeggutor, L50, M, shiny|100/100
|switch|p2a: Archaludon|Archaludon, L50, M|100/100
|switch|p2b: Pelipper|Pelipper, L50, M|100/100
|-weather|RainDance|[from] ability: Drizzle|[of] p2b: Pelipper
|-weather|SunnyDay|[from] ability: Drought|[of] p1a: Torkoal
|turn|1
|inactive|Luke693VGC has 30 seconds left.
|inactive|Luke693VGC has 20 seconds left.
|inactive|Luke693VGC has 15 seconds left.
|inactive|Luke693VGC has 10 seconds left.
|
|t:|1756647352
|move|p1b: Exeggutor|Protect|p1b: Exeggutor
|-singleturn|p1b: Exeggutor|Protect
|move|p2b: Pelipper|Muddy Water|p1b: Exeggutor|[spread] p1a
|-activate|p1b: Exeggutor|move: Protect
|-supereffective|p1a: Torkoal
|-damage|p1a: Torkoal|56/100
|move|p2a: Archaludon|Snarl|p1a: Torkoal|[spread] p1a
|-activate|p1b: Exeggutor|move: Protect
|-damage|p1a: Torkoal|42/100
|-unboost|p1a: Torkoal|spa|1
|-enditem|p1a: Torkoal|Eject Pack
|
|t:|1756647365
|switch|p1a: Indeedee|Indeedee-F, L50, F|100/100
|-fieldstart|move: Psychic Terrain|[from] ability: Psychic Surge|[of] p1a: Indeedee
|
|-weather|SunnyDay|[upkeep]
|upkeep
|turn|2
|inactive|Luke693VGC has 30 seconds left.
|inactive|Luke693VGC has 20 seconds left.
|
|t:|1756647404
|-terastallize|p1b: Exeggutor|Fighting
|move|p1a: Indeedee|Helping Hand|p1b: Exeggutor
|-singleturn|p1b: Exeggutor|Helping Hand|[of] p1a: Indeedee
|move|p1b: Exeggutor|Tera Blast|p2a: Archaludon|[anim] Tera Blast Fighting
|-supereffective|p2a: Archaludon
|-damage|p2a: Archaludon|0 fnt
|faint|p2a: Archaludon
|-damage|p1b: Exeggutor|91/100|[from] item: Life Orb
|move|p2b: Pelipper|Tailwind|p2b: Pelipper
|-sidestart|p2: Luke693VGC|move: Tailwind
|
|-weather|SunnyDay|[upkeep]
|upkeep
|
|t:|1756647415
|switch|p2a: Ursaluna|Ursaluna, L50, M|100/100
|turn|3
|inactive|MonkeysJoe has 30 seconds left.
|inactive|Luke693VGC has 30 seconds left.
|
|t:|1756647445
|move|p2a: Ursaluna|Protect|p2a: Ursaluna
|-singleturn|p2a: Ursaluna|Protect
|move|p2b: Pelipper|Hurricane|p1b: Exeggutor|[miss]
|-miss|p2b: Pelipper|p1b: Exeggutor
|move|p1b: Exeggutor|Expanding Force|p2b: Pelipper|[spread] p2b
|-activate|p2a: Ursaluna|move: Protect
|-enditem|p2b: Pelipper|Focus Sash
|-damage|p2b: Pelipper|1/100
|-damage|p1b: Exeggutor|81/100|[from] item: Life Orb
|move|p1a: Indeedee|Trick Room|p1a: Indeedee
|-fieldstart|move: Trick Room|[of] p1a: Indeedee
|
|-weather|SunnyDay|[upkeep]
|-status|p2a: Ursaluna|brn|[from] item: Flame Orb
|upkeep
|turn|4
|inactive|MonkeysJoe has 30 seconds left.
|inactive|Luke693VGC has 30 seconds left.
|inactive|MonkeysJoe has 20 seconds left.
|inactive|MonkeysJoe has 15 seconds left.
|inactive|MonkeysJoe has 10 seconds left.
|inactive|MonkeysJoe has 5 seconds left.
|
|t:|1756647500
|switch|p2b: Incineroar|Incineroar, L50, F|100/100
|-ability|p2b: Incineroar|Intimidate|boost
|-unboost|p1a: Indeedee|atk|1
|-unboost|p1b: Exeggutor|atk|1
|move|p1a: Indeedee|Helping Hand|p1b: Exeggutor
|-singleturn|p1b: Exeggutor|Helping Hand|[of] p1a: Indeedee
|move|p2a: Ursaluna|Facade|p1b: Exeggutor
|-damage|p1b: Exeggutor|0 fnt
|faint|p1b: Exeggutor
|
|-weather|SunnyDay|[upkeep]
|-damage|p2a: Ursaluna|95/100 brn|[from] brn
|upkeep
|
|t:|1756647514
|switch|p1b: Ursaluna|Ursaluna, L50, F|100/100
|turn|5
|inactive|Luke693VGC has 30 seconds left.
|
|t:|1756647544
|-terastallize|p2a: Ursaluna|Ghost
|move|p1a: Indeedee|Follow Me|p1a: Indeedee
|-singleturn|p1a: Indeedee|move: Follow Me
|move|p1b: Ursaluna|Headlong Rush|p2b: Incineroar
|-supereffective|p2b: Incineroar
|-damage|p2b: Incineroar|0 fnt
|-unboost|p1b: Ursaluna|def|1
|-unboost|p1b: Ursaluna|spd|1
|faint|p2b: Incineroar
|move|p2a: Ursaluna|Facade|p1a: Indeedee
|-crit|p1a: Indeedee
|-damage|p1a: Indeedee|0 fnt
|faint|p1a: Indeedee
|
|-weather|none
|-damage|p2a: Ursaluna|89/100 brn|[from] brn
|-sideend|p2: Luke693VGC|move: Tailwind
|-fieldend|move: Psychic Terrain
|-status|p1b: Ursaluna|brn|[from] item: Flame Orb
|upkeep
|
|t:|1756647562
|switch|p2b: Pelipper|Pelipper, L50, M|1/100
|switch|p1a: Torkoal|Torkoal, L50, M|42/100
|-weather|SunnyDay|[from] ability: Drought|[of] p1a: Torkoal
|-weather|RainDance|[from] ability: Drizzle|[of] p2b: Pelipper
|turn|6
|
|t:|1756647585
|move|p1a: Torkoal|Clear Smog|p2b: Pelipper
|-damage|p2b: Pelipper|0 fnt
|-clearboost|p2b: Pelipper
|faint|p2b: Pelipper
|move|p1b: Ursaluna|Headlong Rush|p2a: Ursaluna
|-damage|p2a: Ursaluna|12/100 brn
|-unboost|p1b: Ursaluna|def|1
|-unboost|p1b: Ursaluna|spd|1
|move|p2a: Ursaluna|Facade|p1b: Ursaluna
|-damage|p1b: Ursaluna|0 fnt
|faint|p1b: Ursaluna
|
|-weather|RainDance|[upkeep]
|-damage|p2a: Ursaluna|6/100 brn|[from] brn
|upkeep
|turn|7
|
|t:|1756647609
|move|p1a: Torkoal|Protect|p1a: Torkoal
|-singleturn|p1a: Torkoal|Protect
|move|p2a: Ursaluna|Facade|p1a: Torkoal
|-activate|p1a: Torkoal|move: Protect
|
|-weather|RainDance|[upkeep]
|-damage|p2a: Ursaluna|0 fnt|[from] brn
|faint|p2a: Ursaluna
|
|win|MonkeysJoe
