|j|☆R1ply
|j|☆BeauLavorre
|html|R1plyBeauLavorre    
|uhtml|bestof|Game 1 of a best-of-3
|t:|1756926989
|gametype|doubles
|player|p1|R1ply|acetrainer-gen4dp|
|player|p2|BeauLavorre|rocketgruntf|
|gen|9
|tier|[Gen 9] VGC 2025 Reg H (Bo3)
|rule|Species Clause: Limit one of each Pokémon
|rule|Item Clause: Limit 1 of each item
|clearpoke
|poke|p1|Gholdengo, L50|
|poke|p1|Sneasler, L50, M|
|poke|p1|Rillaboom, L50, F|
|poke|p1|Dragonite, L50, F|
|poke|p1|Ninetales-Alola, L50, M|
|poke|p1|Arcanine-Hisui, L50, M|
|poke|p2|Basculegion, L50, M|
|poke|p2|Politoed, L50, F|
|poke|p2|Gothitelle, L50, M|
|poke|p2|Sinistcha-Masterpiece, L50|
|poke|p2|Incineroar, L50, F|
|poke|p2|Gyarados, L50, F|
|teampreview|4
|showteam|p1|Gholdengo||GrassySeed|GoodasGold|NastyPlot,MakeItRain,ShadowBall,Protect||||||50|,,,,,Water]Sneasler||WhiteHerb|Unburden|CloseCombat,DireClaw,Coaching,Protect|||M|||50|,,,,,Ghost]Rillaboom||AssaultVest|GrassySurge|FakeOut,GrassyGlide,DrumBeating,HighHorsepower|||F|||50|,,,,,Fire]Dragonite||LoadedDice|Multiscale|ScaleShot,StompingTantrum,Tailwind,Protect|||F|||50|,,,,,Ground]Ninetales-Alola||FocusSash|SnowWarning|Blizzard,IcyWind,Encore,AuroraVeil|||M|||50|,,,,,Ghost]Arcanine-Hisui||ClearAmulet|Intimidate|RockSlide,FlareBlitz,ExtremeSpeed,Protect|||M|||50|,,,,,Water
|showteam|p2|Basculegion||MysticWater|SwiftSwim|WaveCrash,AquaJet,FlipTurn,LastRespects|||M|||50|,,,,,Water]Politoed||Leftovers|Drizzle|Protect,PerishSong,Encore,WeatherBall|||F|||50|,,,,,Steel]Gothitelle||SitrusBerry|ShadowTag|FakeOut,Protect,TrickRoom,Psychic|||M|||50|,,,,,Water]Sinistcha-Masterpiece||RockyHelmet|Hospitality|LifeDew,Protect,RagePowder,MatchaGotcha||||||50|,,,,,Water]Incineroar||SafetyGoggles|Intimidate|FakeOut,FlareBlitz,KnockOff,PartingShot|||F|||50|,,,,,Water]Gyarados||ClearAmulet|Intimidate|Waterfall,Protect,DragonDance,LashOut|||F|||50|,,,,,Ground
|inactive|Battle timer is ON: inactive players will automatically lose when time's up. (requested by R1ply)
|c|☆R1ply|glhf
|c|☆BeauLavorre|u2
|inactive|R1ply has 60 seconds left.
|inactive|BeauLavorre has 60 seconds left.
|inactive|R1ply has 30 seconds left.
|inactive|R1ply has 20 seconds left.
|inactive|R1ply has 15 seconds left.
|inactive|R1ply has 10 seconds left.
|
|t:|1756927070
|teamsize|p1|4
|teamsize|p2|4
|start
|switch|p1a: Rillaboom|Rillaboom, L50, F|100/100
|switch|p1b: Gholdengo|Gholdengo, L50|100/100
|switch|p2a: Politoed|Politoed, L50, F|100/100
|switch|p2b: Basculegion|Basculegion, L50, M|100/100
|-fieldstart|move: Grassy Terrain|[from] ability: Grassy Surge|[of] p1a: Rillaboom
|-enditem|p1b: Gholdengo|Grassy Seed
|-boost|p1b: Gholdengo|def|1|[from] item: Grassy Seed
|-weather|RainDance|[from] ability: Drizzle|[of] p2a: Politoed
|turn|1
|
|t:|1756927094
|switch|p2a: Incineroar|Incineroar, L50, F|100/100
|-ability|p2a: Incineroar|Intimidate|boost
|-unboost|p1a: Rillaboom|atk|1
|-unboost|p1b: Gholdengo|atk|1
|move|p1b: Gholdengo|Protect|p1b: Gholdengo
|-singleturn|p1b: Gholdengo|Protect
|move|p1a: Rillaboom|Grassy Glide|p2b: Basculegion
|-supereffective|p2b: Basculegion
|-damage|p2b: Basculegion|33/100
|move|p2b: Basculegion|Wave Crash|p1b: Gholdengo
|-activate|p1b: Gholdengo|move: Protect
|
|-weather|RainDance|[upkeep]
|-heal|p2b: Basculegion|39/100|[from] Grassy Terrain
|upkeep
|turn|2
|inactive|R1ply has 30 seconds left.
|
|t:|1756927126
|-terastallize|p1b: Gholdengo|Water
|move|p2a: Incineroar|Fake Out|p1a: Rillaboom
|-damage|p1a: Rillaboom|90/100
|cant|p1a: Rillaboom|flinch
|move|p2b: Basculegion|Wave Crash|p1b: Gholdengo
|-resisted|p1b: Gholdengo
|-damage|p1b: Gholdengo|64/100
|-damage|p2b: Basculegion|28/100|[from] Recoil
|move|p1b: Gholdengo|Nasty Plot|p1b: Gholdengo
|-boost|p1b: Gholdengo|spa|2
|
|-weather|RainDance|[upkeep]
|-heal|p2b: Basculegion|34/100|[from] Grassy Terrain
|-heal|p1b: Gholdengo|70/100|[from] Grassy Terrain
|-heal|p1a: Rillaboom|96/100|[from] Grassy Terrain
|upkeep
|turn|3
|inactive|BeauLavorre has 30 seconds left.
|
|t:|1756927156
|switch|p2b: Gothitelle|Gothitelle, L50, M|100/100
|move|p1b: Gholdengo|Protect|p1b: Gholdengo
|-singleturn|p1b: Gholdengo|Protect
|move|p1a: Rillaboom|Drum Beating|p2b: Gothitelle
|-damage|p2b: Gothitelle|70/100
|-unboost|p2b: Gothitelle|spe|1
|move|p2a: Incineroar|Parting Shot|p1b: Gholdengo
|-activate|p1b: Gholdengo|move: Protect
|
|-weather|RainDance|[upkeep]
|-heal|p1b: Gholdengo|76/100|[from] Grassy Terrain
|-heal|p1a: Rillaboom|100/100|[from] Grassy Terrain
|-heal|p2b: Gothitelle|76/100|[from] Grassy Terrain
|upkeep
|turn|4
|inactive|R1ply has 30 seconds left.
|
|t:|1756927184
|move|p1a: Rillaboom|Grassy Glide|p2b: Gothitelle
|-damage|p2b: Gothitelle|54/100
|move|p1b: Gholdengo|Shadow Ball|p2b: Gothitelle
|-supereffective|p2b: Gothitelle
|-crit|p2b: Gothitelle
|-damage|p2b: Gothitelle|0 fnt
|faint|p2b: Gothitelle
|move|p2a: Incineroar|Parting Shot|p1b: Gholdengo
|-immune|p1b: Gholdengo|[from] ability: Good as Gold
|
|-weather|RainDance|[upkeep]
|-heal|p1b: Gholdengo|82/100|[from] Grassy Terrain
|upkeep
|
|t:|1756927201
|switch|p2b: Basculegion|Basculegion, L50, M|34/100
|turn|5
|
|t:|1756927223
|switch|p2a: Politoed|Politoed, L50, F|100/100
|move|p1b: Gholdengo|Protect|p1b: Gholdengo
|-singleturn|p1b: Gholdengo|Protect
|move|p2b: Basculegion|Last Respects|p1b: Gholdengo
|-activate|p1b: Gholdengo|move: Protect
|move|p1a: Rillaboom|Drum Beating|p2b: Basculegion
|-supereffective|p2b: Basculegion
|-damage|p2b: Basculegion|0 fnt
|faint|p2b: Basculegion
|
|-weather|none
|-heal|p1b: Gholdengo|89/100|[from] Grassy Terrain
|-fieldend|move: Grassy Terrain
|upkeep
|
|t:|1756927235
|switch|p2b: Incineroar|Incineroar, L50, F|100/100
|-ability|p2b: Incineroar|Intimidate|boost
|-unboost|p1a: Rillaboom|atk|1
|-unboost|p1b: Gholdengo|atk|1
|turn|6
|
|t:|1756927260
|switch|p1a: Ninetales|Ninetales-Alola, L50, M|100/100
|-weather|Snowscape|[from] ability: Snow Warning|[of] p1a: Ninetales
|move|p1b: Gholdengo|Make It Rain|p2b: Incineroar|[spread] p2a,p2b
|-resisted|p2a: Politoed
|-resisted|p2b: Incineroar
|-damage|p2a: Politoed|63/100
|-damage|p2b: Incineroar|54/100
|-unboost|p1b: Gholdengo|spa|1
|move|p2a: Politoed|Perish Song|p2a: Politoed
|-start|p1a: Ninetales|perish3|[silent]
|-immune|p1b: Gholdengo|[from] ability: Good as Gold
|-start|p2a: Politoed|perish3|[silent]
|-start|p2b: Incineroar|perish3|[silent]
|-fieldactivate|move: Perish Song
|move|p2b: Incineroar|Knock Off|p1a: Ninetales
|-resisted|p1a: Ninetales
|-damage|p1a: Ninetales|84/100
|-enditem|p1a: Ninetales|Focus Sash|[from] move: Knock Off|[of] p2b: Incineroar
|
|-weather|Snowscape|[upkeep]
|-heal|p2a: Politoed|69/100|[from] item: Leftovers
|-start|p1a: Ninetales|perish3
|-start|p2a: Politoed|perish3
|-start|p2b: Incineroar|perish3
|upkeep
|turn|7
|-message|BeauLavorre forfeited.
|
|win|R1ply
|l|☆BeauLavorre
|player|p2|
||BeauLavorre is ready for game 2.
|inactive|R1ply has 30 seconds to confirm battle start!
||R1ply is ready for game 2.
|uhtml|next|Next: Game 2 of 3
