|j|☆beeetch
|j|☆Il Mule
|html|beeetchIl Mule    
|uhtml|bestof|Game 2 of a best-of-3
|t:|1755520855
|gametype|doubles
|player|p1|beeetch|beauty-gen4dp|1308
|player|p2|Il Mule|salvatore|1240
|gen|9
|tier|[Gen 9] VGC 2025 Reg H (Bo3)
|rated|
|rule|Species Clause: Limit one of each Pokémon
|rule|Item Clause: Limit 1 of each item
|clearpoke
|poke|p1|Toedscruel, L50, F|
|poke|p1|Weezing-Galar, L50, F|
|poke|p1|Corviknight, L50, M|
|poke|p1|Pawmot, L50, M|
|poke|p1|Garchomp, L50, M|
|poke|p1|Typhlosion-Hisui, L50, M|
|poke|p2|Corviknight, L50, M|
|poke|p2|Garchomp, L50, M|
|poke|p2|Tyranitar, L50, M|
|poke|p2|Gholdengo, L50|
|poke|p2|Sneasler, L50, M|
|poke|p2|Incineroar, L50, M|
|teampreview|4
|showteam|p1|Toedscruel||CovertCloak|MyceliumMight|Spore,EarthPower,AcidSpray,RagePowder|||F|||50|,,,,,Water]Weezing-Galar||ChoiceSpecs|NeutralizingGas|DazzlingGleam,SludgeBomb,StrangeSteam,Flamethrower|||F|||50|,,,,,Fire]Corviknight||SitrusBerry|MirrorArmor|Protect,Tailwind,Roost,BraveBird|||M|||50|,,,,,Dragon]Pawmot||FocusSash|NaturalCure|Protect,CloseCombat,DoubleShock,FakeOut|||M|||50|,,,,,Electric]Garchomp||LifeOrb|RoughSkin|Protect,Earthquake,DragonClaw,StompingTantrum|||M|||50|,,,,,Ground]Typhlosion-Hisui||ChoiceScarf|Blaze|Eruption,SleepTalk,HeatWave,ShadowBall|||M|||50|,,,,,Fire
|showteam|p2|Corviknight||CovertCloak|MirrorArmor|BraveBird,Taunt,Roost,Tailwind|||M|||50|,,,,,Fire]Garchomp||ClearAmulet|RoughSkin|Earthquake,DragonClaw,StompingTantrum,Protect|||M|||50|,,,,,Ground]Tyranitar||AssaultVest|SandStream|RockSlide,KnockOff,TeraBlast,LowKick|||M|||50|,,,,,Flying]Gholdengo||LifeOrb|GoodasGold|MakeItRain,ShadowBall,NastyPlot,Protect||||||50|,,,,,Water]Sneasler||WhiteHerb|Unburden|DireClaw,CloseCombat,Coaching,Protect|||M|||50|,,,,,Ghost]Incineroar||SitrusBerry|Intimidate|FlareBlitz,WillOWisp,PartingShot,FakeOut|||M|||50|,,,,,Grass
|inactive|Battle timer is ON: inactive players will automatically lose when time's up. (requested by Il Mule)
|
|t:|1755520877
|teamsize|p1|4
|teamsize|p2|4
|start
|switch|p1a: Weezing|Weezing-Galar, L50, F|100/100
|switch|p1b: Toedscruel|Toedscruel, L50, F|100/100
|switch|p2a: Garchomp|Garchomp, L50, M|100/100
|switch|p2b: Incineroar|Incineroar, L50, M|100/100
|-ability|p1a: Weezing|Neutralizing Gas
|turn|1
|inactive|Il Mule has 30 seconds left.
|inactive|Il Mule has 20 seconds left.
|
|t:|1755520913
|switch|p2a: Gholdengo|Gholdengo, L50|100/100
|-terastallize|p2b: Incineroar|Grass
|move|p1b: Toedscruel|Spore|p2a: Gholdengo
|-status|p2a: Gholdengo|slp|[from] move: Spore
|move|p1a: Weezing|Dazzling Gleam|p2b: Incineroar|[spread] p2a,p2b
|-resisted|p2a: Gholdengo
|-damage|p2a: Gholdengo|80/100 slp
|-damage|p2b: Incineroar|70/100
|move|p2b: Incineroar|Parting Shot|p1a: Weezing
|-unboost|p1a: Weezing|atk|1
|-unboost|p1a: Weezing|spa|1
|
|t:|1755520925
|switch|p2b: Corviknight|Corviknight, L50, M, shiny|100/100|[from] Parting Shot
|
|upkeep
|turn|2
|
|t:|1755520946
|-end|p1a: Weezing|ability: Neutralizing Gas
|switch|p1a: Garchomp|Garchomp, L50, M|100/100
|move|p1b: Toedscruel|Spore|p2b: Corviknight
|-status|p2b: Corviknight|slp|[from] move: Spore
|cant|p2a: Gholdengo|slp
|cant|p2b: Corviknight|slp
|
|upkeep
|turn|3
|
|t:|1755520958
|switch|p2a: Incineroar|Incineroar, L50, M, tera:Grass|70/100
|-ability|p2a: Incineroar|Intimidate|boost
|-unboost|p1a: Garchomp|atk|1
|-unboost|p1b: Toedscruel|atk|1
|move|p1a: Garchomp|Dragon Claw|p2a: Incineroar
|-damage|p2a: Incineroar|37/100
|-enditem|p2a: Incineroar|Sitrus Berry|[eat]
|-heal|p2a: Incineroar|62/100|[from] item: Sitrus Berry
|-damage|p1a: Garchomp|91/100|[from] item: Life Orb
|move|p1b: Toedscruel|Earth Power|p2a: Incineroar
|-resisted|p2a: Incineroar
|-damage|p2a: Incineroar|52/100
|-curestatus|p2b: Corviknight|slp|[msg]
|move|p2b: Corviknight|Taunt|p1b: Toedscruel
|-start|p1b: Toedscruel|move: Taunt
|
|upkeep
|turn|4
|inactive|beeetch has 30 seconds left.
|inactive|beeetch has 20 seconds left.
|
|t:|1755520998
|switch|p1a: Corviknight|Corviknight, L50, M|100/100
|move|p1b: Toedscruel|Acid Spray|p2a: Incineroar
|-supereffective|p2a: Incineroar
|-damage|p2a: Incineroar|39/100
|-unboost|p2a: Incineroar|spd|2
|move|p2b: Corviknight|Tailwind|p2b: Corviknight
|-sidestart|p2: Il Mule|move: Tailwind
|move|p2a: Incineroar|Will-O-Wisp|p1a: Corviknight
|-status|p1a: Corviknight|brn
|
|-damage|p1a: Corviknight|95/100 brn|[from] brn
|upkeep
|turn|5
|inactive|Il Mule has 30 seconds left.
|inactive|beeetch has 30 seconds left.
|
|t:|1755521028
|move|p2b: Corviknight|Brave Bird|p1b: Toedscruel
|-supereffective|p1b: Toedscruel
|-crit|p1b: Toedscruel
|-damage|p1b: Toedscruel|0 fnt
|faint|p1b: Toedscruel
|-damage|p2b: Corviknight|72/100|[from] Recoil
|move|p2a: Incineroar|Parting Shot|p1a: Corviknight
|-ability|p1a: Corviknight|Mirror Armor
|-unboost|p2a: Incineroar|atk|1
|-ability|p1a: Corviknight|Mirror Armor
|-unboost|p2a: Incineroar|spa|1
|
|t:|1755521040
|switch|p2a: Gholdengo|Gholdengo, L50|80/100 slp|[from] Parting Shot
|move|p1a: Corviknight|Brave Bird|p2a: Gholdengo
|-resisted|p2a: Gholdengo
|-damage|p2a: Gholdengo|69/100 slp
|-damage|p1a: Corviknight|91/100 brn|[from] Recoil
|
|-damage|p1a: Corviknight|85/100 brn|[from] brn
|upkeep
|
|t:|1755521047
|switch|p1b: Weezing|Weezing-Galar, L50, F|100/100
|-ability|p1b: Weezing|Neutralizing Gas
|turn|6
|
|t:|1755521070
|-terastallize|p1b: Weezing|Fire
|-curestatus|p2a: Gholdengo|slp|[msg]
|move|p2a: Gholdengo|Nasty Plot|p2a: Gholdengo
|-boost|p2a: Gholdengo|spa|2
|move|p2b: Corviknight|Taunt|p1a: Corviknight
|-start|p1a: Corviknight|move: Taunt
|move|p1a: Corviknight|Brave Bird|p2b: Corviknight
|-resisted|p2b: Corviknight
|-crit|p2b: Corviknight
|-damage|p2b: Corviknight|58/100
|-damage|p1a: Corviknight|81/100 brn|[from] Recoil
|move|p1b: Weezing|Dazzling Gleam|p2a: Gholdengo|[spread] p2a,p2b
|-resisted|p2a: Gholdengo
|-crit|p2a: Gholdengo
|-resisted|p2b: Corviknight
|-damage|p2a: Gholdengo|37/100
|-damage|p2b: Corviknight|40/100
|
|-damage|p1a: Corviknight|75/100 brn|[from] brn
|upkeep
|turn|7
|
|t:|1755521092
|move|p2a: Gholdengo|Shadow Ball|p1b: Weezing
|-damage|p1b: Weezing|0 fnt
|faint|p1b: Weezing
|-end|p1b: Weezing|ability: Neutralizing Gas
|-damage|p2a: Gholdengo|28/100|[from] item: Life Orb
|move|p2b: Corviknight|Roost|p2b: Corviknight
|-heal|p2b: Corviknight|90/100
|-singleturn|p2b: Corviknight|move: Roost
|move|p1a: Corviknight|Brave Bird|p2a: Gholdengo
|-resisted|p2a: Gholdengo
|-damage|p2a: Gholdengo|17/100
|-damage|p1a: Corviknight|72/100 brn|[from] Recoil
|
|-damage|p1a: Corviknight|66/100 brn|[from] brn
|-sideend|p2: Il Mule|move: Tailwind
|upkeep
|
|t:|1755521098
|switch|p1b: Garchomp|Garchomp, L50, M|91/100
|turn|8
|
|t:|1755521106
|move|p2a: Gholdengo|Protect|p2a: Gholdengo
|-singleturn|p2a: Gholdengo|Protect
|move|p1b: Garchomp|Earthquake|p2b: Corviknight|[spread] 
|-activate|p2a: Gholdengo|move: Protect
|-immune|p1a: Corviknight
|-immune|p2b: Corviknight
|move|p2b: Corviknight|Tailwind|p2b: Corviknight
|-sidestart|p2: Il Mule|move: Tailwind
|move|p1a: Corviknight|Brave Bird|p2b: Corviknight
|-resisted|p2b: Corviknight
|-damage|p2b: Corviknight|81/100
|-damage|p1a: Corviknight|63/100 brn|[from] Recoil
|
|-damage|p1a: Corviknight|58/100 brn|[from] brn
|-end|p1a: Corviknight|move: Taunt
|upkeep
|turn|9
|j| spicy rider
|
|t:|1755521123
|move|p1b: Garchomp|Protect|p1b: Garchomp
|-singleturn|p1b: Garchomp|Protect
|move|p2a: Gholdengo|Make It Rain|p1b: Garchomp|[spread] p1a
|-activate|p1b: Garchomp|move: Protect
|-resisted|p1a: Corviknight
|-damage|p1a: Corviknight|10/100 brn
|-unboost|p2a: Gholdengo|spa|1
|-enditem|p1a: Corviknight|Sitrus Berry|[eat]
|-heal|p1a: Corviknight|35/100 brn|[from] item: Sitrus Berry
|-damage|p2a: Gholdengo|8/100|[from] item: Life Orb
|move|p2b: Corviknight|Taunt|p1a: Corviknight
|-start|p1a: Corviknight|move: Taunt
|cant|p1a: Corviknight|move: Taunt|Tailwind
|
|-damage|p1a: Corviknight|29/100 brn|[from] brn
|upkeep
|turn|10
|
|t:|1755521142
|move|p2a: Gholdengo|Make It Rain|p1a: Corviknight|[spread] p1a,p1b
|-resisted|p1a: Corviknight
|-damage|p1a: Corviknight|0 fnt
|-damage|p1b: Garchomp|0 fnt
|-unboost|p2a: Gholdengo|spa|1
|faint|p1a: Corviknight
|faint|p1b: Garchomp
|-damage|p2a: Gholdengo|0 fnt|[from] item: Life Orb
|faint|p2a: Gholdengo
|
|win|Il Mule
|raw|beeetch's rating: 1308 → 1284(-24 for losing)
|raw|Il Mule's rating: 1240 → 1270(+30 for winning)
|l|☆Il Mule
|player|p2|
