|j|☆kris778
|j|☆mudkipc4
|html|kris778mudkipc4    
|uhtml|bestof|Game 2 of a best-of-3
|t:|1756180258
|gametype|doubles
|player|p1|kris778|nate|1088
|player|p2|mudkipc4|norman|1221
|gen|9
|tier|[Gen 9] VGC 2025 Reg H (Bo3)
|rated|
|rule|Species Clause: Limit one of each Pokémon
|rule|Item Clause: Limit 1 of each item
|clearpoke
|poke|p1|Maushold, L50|
|poke|p1|Annihilape, L50, M|
|poke|p1|Incineroar, L50, F|
|poke|p1|Pelipper, L50, F|
|poke|p1|Archaludon, L50, F|
|poke|p1|Basculegion, L50, M|
|poke|p2|Incineroar, L50, M|
|poke|p2|Garchomp, L50, M|
|poke|p2|Talonflame, L50, F|
|poke|p2|Tyranitar, L50, F|
|poke|p2|Gothitelle, L50, F|
|poke|p2|Gholdengo, L50|
|teampreview|4
|showteam|p1|Maushold||SafetyGoggles|FriendGuard|FollowMe,Taunt,BeatUp,Protect||||||50|,,,,,Ghost]Annihilape||Leftovers|Defiant|RageFist,DrainPunch,BulkUp,Protect|||M|||50|,,,,,Water]Incineroar||SitrusBerry|Intimidate|KnockOff,WillOWisp,PartingShot,FakeOut|||F|||50|,,,,,Grass]Pelipper||FocusSash|Drizzle|WeatherBall,Hurricane,WideGuard,Protect|||F|||50|,,,,,Stellar]Archaludon||AssaultVest|Stamina|ElectroShot,DracoMeteor,BodyPress,FlashCannon|||F|||50|,,,,,Grass]Basculegion||ChoiceBand|SwiftSwim|LastRespects,WaveCrash,AquaJet,FlipTurn|||M|||50|,,,,,Water
|showteam|p2|Incineroar||RockyHelmet|Intimidate|FakeOut,KnockOff,FlareBlitz,PartingShot|||M|||50|,,,,,Grass]Garchomp||ClearAmulet|SandVeil|SwordsDance,Protect,Earthquake,DragonClaw|||M|||50|,,,,,Ground]Talonflame||SafetyGoggles|GaleWings|Tailwind,BraveBird,WillOWisp,QuickGuard|||F|||50|,,,,,Ghost]Tyranitar||AssaultVest|SandStream|RockSlide,KnockOff,LowKick,TeraBlast|||F|||50|,,,,,Flying]Gothitelle||SitrusBerry|ShadowTag|FakeOut,Psychic,Taunt,Protect|||F|||50|,,,,,Grass]Gholdengo||Leftovers|GoodasGold|NastyPlot,MakeItRain,ShadowBall,Protect||||||50|,,,,,Steel
|inactive|Battle timer is ON: inactive players will automatically lose when time's up. (requested by mudkipc4)
|j| teamthief420
|
|t:|1756180271
|teamsize|p1|4
|teamsize|p2|4
|start
|switch|p1a: Maushold|Maushold, L50|100/100
|switch|p1b: Annihilape|Annihilape, L50, M|100/100
|switch|p2a: Garchomp|Garchomp, L50, M|100/100
|switch|p2b: Talonflame|Talonflame, L50, F|100/100
|turn|1
|
|t:|1756180295
|-terastallize|p2a: Garchomp|Ground
|-terastallize|p1b: Annihilape|Water
|move|p1a: Maushold|Protect|p1a: Maushold
|-singleturn|p1a: Maushold|Protect
|move|p2b: Talonflame|Will-O-Wisp|p1b: Annihilape
|-status|p1b: Annihilape|brn
|move|p2a: Garchomp|Earthquake|p1b: Annihilape|[spread] p1b
|-activate|p1a: Maushold|move: Protect
|-immune|p2b: Talonflame
|-damage|p1b: Annihilape|61/100 brn
|move|p1b: Annihilape|Bulk Up|p1b: Annihilape
|-boost|p1b: Annihilape|atk|1
|-boost|p1b: Annihilape|def|1
|
|-heal|p1b: Annihilape|67/100 brn|[from] item: Leftovers
|-damage|p1b: Annihilape|61/100 brn|[from] brn
|upkeep
|turn|2
|inactive|kris778 has 30 seconds left.
|
|t:|1756180323
|switch|p1a: Pelipper|Pelipper, L50, F|100/100
|-weather|RainDance|[from] ability: Drizzle|[of] p1a: Pelipper
|move|p2a: Garchomp|Protect|p2a: Garchomp
|-singleturn|p2a: Garchomp|Protect
|move|p1b: Annihilape|Protect|p1b: Annihilape
|-singleturn|p1b: Annihilape|Protect
|move|p2b: Talonflame|Tailwind|p2b: Talonflame
|-sidestart|p2: mudkipc4|move: Tailwind
|
|-weather|RainDance|[upkeep]
|-heal|p1b: Annihilape|67/100 brn|[from] item: Leftovers
|-damage|p1b: Annihilape|61/100 brn|[from] brn
|upkeep
|turn|3
|
|t:|1756180347
|switch|p2b: Tyranitar|Tyranitar, L50, F, shiny|100/100
|-weather|Sandstorm|[from] ability: Sand Stream|[of] p2b: Tyranitar
|move|p2a: Garchomp|Dragon Claw|p1b: Annihilape
|-damage|p1b: Annihilape|32/100 brn
|move|p1b: Annihilape|Bulk Up|p1b: Annihilape
|-boost|p1b: Annihilape|atk|1
|-boost|p1b: Annihilape|def|1
|move|p1a: Pelipper|Weather Ball|p2a: Garchomp
|-resisted|p2a: Garchomp
|-damage|p2a: Garchomp|87/100
|
|-weather|Sandstorm|[upkeep]
|-damage|p1b: Annihilape|26/100 brn|[from] Sandstorm
|-damage|p1a: Pelipper|95/100|[from] Sandstorm
|-heal|p1b: Annihilape|32/100 brn|[from] item: Leftovers
|-damage|p1b: Annihilape|26/100 brn|[from] brn
|upkeep
|turn|4
|inactive|kris778 has 30 seconds left.
|
|t:|1756180376
|switch|p1a: Incineroar|Incineroar, L50, F|100/100
|-ability|p1a: Incineroar|Intimidate|boost
|-fail|p2a: Garchomp|unboost|[from] item: Clear Amulet|[of] p2a: Garchomp
|-unboost|p2b: Tyranitar|atk|1
|move|p1b: Annihilape|Protect|p1b: Annihilape
|-singleturn|p1b: Annihilape|Protect
|move|p2a: Garchomp|Dragon Claw|p1a: Incineroar
|-damage|p1a: Incineroar|60/100
|move|p2b: Tyranitar|Knock Off|p1b: Annihilape
|-activate|p1b: Annihilape|move: Protect
|
|-weather|Sandstorm|[upkeep]
|-damage|p1b: Annihilape|20/100 brn|[from] Sandstorm
|-damage|p1a: Incineroar|54/100|[from] Sandstorm
|-heal|p1b: Annihilape|26/100 brn|[from] item: Leftovers
|-damage|p1b: Annihilape|20/100 brn|[from] brn
|upkeep
|turn|5
|inactive|kris778 has 30 seconds left.
|
|t:|1756180402
|switch|p2b: Gholdengo|Gholdengo, L50|100/100
|move|p2a: Garchomp|Protect|p2a: Garchomp
|-singleturn|p2a: Garchomp|Protect
|move|p1a: Incineroar|Fake Out|p2a: Garchomp
|-activate|p2a: Garchomp|move: Protect
|move|p1b: Annihilape|Drain Punch|p2b: Gholdengo
|-immune|p2b: Gholdengo
|
|-weather|Sandstorm|[upkeep]
|-damage|p1b: Annihilape|13/100 brn|[from] Sandstorm
|-damage|p1a: Incineroar|49/100|[from] Sandstorm
|-enditem|p1a: Incineroar|Sitrus Berry|[eat]
|-heal|p1a: Incineroar|73/100|[from] item: Sitrus Berry
|-heal|p1b: Annihilape|20/100 brn|[from] item: Leftovers
|-damage|p1b: Annihilape|13/100 brn|[from] brn
|-sideend|p2: mudkipc4|move: Tailwind
|upkeep
|turn|6
|
|t:|1756180422
|switch|p2b: Talonflame|Talonflame, L50, F|100/100
|move|p2a: Garchomp|Earthquake|p1b: Annihilape|[spread] p1a,p1b
|-immune|p2b: Talonflame
|-supereffective|p1a: Incineroar
|-damage|p1a: Incineroar|0 fnt
|-damage|p1b: Annihilape|0 fnt
|faint|p1a: Incineroar
|faint|p1b: Annihilape
|
|-weather|Sandstorm|[upkeep]
|upkeep
|-message|kris778 forfeited.
|
|win|mudkipc4
|l|☆kris778
|player|p1|
||mudkipc4 is ready for game 3.
||kris778 is ready for game 3.
|uhtml|next|Next: Game 3 of 3
|l| teamthief420
