|j|☆ToastedArt
|j|☆n00s
|html|ToastedArtn00s    
|uhtml|bestof|Game 2 of a best-of-3
|t:|1784414445
|gametype|doubles
|player|p1|ToastedArt|iris|1144
|player|p2|n00s|2|1045
|gen|9
|tier|[Gen 9 Champions] VGC 2026 Reg M-B (Bo3)
|rated|
|rule|Species Clause: Limit one of each Pokémon
|rule|Item Clause: Limit 1 of each item
|clearpoke
|poke|p1|Falinks, L50, shiny|
|poke|p1|Gholdengo, L50|
|poke|p1|Hydreigon, L50, M, shiny|
|poke|p1|Sneasler, L50, M|
|poke|p1|Talonflame, L50, M, shiny|
|poke|p1|Kingambit, L50, F|
|poke|p2|Gengar, L50, F|
|poke|p2|Sinistcha, L50|
|poke|p2|Archaludon, L50, F|
|poke|p2|Politoed, L50, M|
|poke|p2|Incineroar, L50, F|
|poke|p2|Froslass, L50, F|
|teampreview|4
|showteam|p1|Falinks||Falinksite|Defiant|NoRetreat,BulkUp,CloseCombat,Protect|Careful|||||50|]Gholdengo||SpellTag|GoodasGold|MakeItRain,ShadowBall,NastyPlot,Protect|Modest|||||50|]Hydreigon||LifeOrb|Levitate|DracoMeteor,Snarl,EarthPower,DarkPulse|Modest||M|||50|]Sneasler||FocusSash|PoisonTouch|CloseCombat,PoisonJab,Coaching,FakeOut|Jolly||M|||50|]Talonflame||SharpBeak|GaleWings|BraveBird,Tailwind,Uturn,QuickGuard|Adamant||M|||50|]Kingambit||BlackGlasses|Defiant|KowtowCleave,SuckerPunch,SwordsDance,Protect|Adamant||F|||50|
|showteam|p2|Gengar||Gengarite|CursedBody|ShadowBall,SludgeBomb,PerishSong,Protect|Modest||F|||50|]Sinistcha||ColburBerry|Hospitality|MatchaGotcha,TrickRoom,RagePowder,Protect|Calm|||||50|]Archaludon||Leftovers|Stamina|ElectroShot,DragonPulse,FlashCannon,Protect|Modest||F|||50|]Politoed||SitrusBerry|Drizzle|WeatherBall,Hypnosis,PerishSong,Protect|Calm||M|||50|]Incineroar||ChopleBerry|Intimidate|FlareBlitz,FakeOut,PartingShot,Protect|Sassy||F|||50|]Froslass||Froslassite|CursedBody|Blizzard,AuroraVeil,RainDance,Protect|Timid||F|||50|
|inactive|Battle timer is ON: inactive players will automatically lose when time's up. (requested by ToastedArt)
|
|t:|1784414455
|teamsize|p1|4
|teamsize|p2|4
|start
|switch|p1a: Sneasler|Sneasler, L50, M|100/100
|switch|p1b: Kingambit|Kingambit, L50, F|100/100
|switch|p2a: Politoed|Politoed, L50, M|100/100
|switch|p2b: Archaludon|Archaludon, L50, F|100/100
|-weather|RainDance|[from] ability: Drizzle|[of] p2a: Politoed
|turn|1
|inactive|n00s has 30 seconds left.
|inactive|n00s has 20 seconds left.
|
|t:|1784414493
|move|p1a: Sneasler|Fake Out|p2a: Politoed
|-damage|p2a: Politoed|86/100
|-status|p2a: Politoed|psn|[from] ability: Poison Touch|[of] p1a: Sneasler
|move|p2b: Archaludon|Dragon Pulse|p1a: Sneasler
|-damage|p1a: Sneasler|46/100
|cant|p2a: Politoed|flinch
|move|p1b: Kingambit|Swords Dance|p1b: Kingambit
|-boost|p1b: Kingambit|atk|2
|
|-weather|RainDance|[upkeep]
|-damage|p2a: Politoed|74/100 psn|[from] psn
|upkeep
|turn|2
|
|t:|1784414511
|move|p2b: Archaludon|Protect|p2b: Archaludon
|-singleturn|p2b: Archaludon|Protect
|move|p1b: Kingambit|Protect|p1b: Kingambit
|-singleturn|p1b: Kingambit|Protect
|move|p1a: Sneasler|Coaching|p1b: Kingambit
|-boost|p1b: Kingambit|atk|1
|-boost|p1b: Kingambit|def|1
|move|p2a: Politoed|Hypnosis|p1b: Kingambit
|-activate|p1b: Kingambit|move: Protect
|
|-weather|RainDance|[upkeep]
|-damage|p2a: Politoed|62/100 psn|[from] psn
|upkeep
|turn|3
|
|t:|1784414532
|switch|p1a: Talonflame|Talonflame, L50, M, shiny|100/100
|move|p1b: Kingambit|Protect|p1b: Kingambit
|-singleturn|p1b: Kingambit|Protect
|move|p2b: Archaludon|Electro Shot||[still]
|-prepare|p2b: Archaludon|Electro Shot
|-boost|p2b: Archaludon|spa|1
|-anim|p2b: Archaludon|Electro Shot|p1b: Kingambit
|-activate|p1b: Kingambit|move: Protect
|move|p2a: Politoed|Weather Ball|p1a: Talonflame
|-supereffective|p1a: Talonflame|1
|-damage|p1a: Talonflame|0 fnt
|faint|p1a: Talonflame
|
|-weather|RainDance|[upkeep]
|-damage|p2a: Politoed|50/100y psn|[from] psn
|upkeep
|-enditem|p2a: Politoed|Sitrus Berry|[eat]
|-heal|p2a: Politoed|75/100 psn|[from] item: Sitrus Berry
|
|t:|1784414542
|switch|p1a: Sneasler|Sneasler, L50, M|46/100
|turn|4
|
|t:|1784414555
|move|p1a: Sneasler|Fake Out|p2a: Politoed
|-damage|p2a: Politoed|61/100 psn
|move|p2b: Archaludon|Electro Shot||[still]
|-prepare|p2b: Archaludon|Electro Shot
|-boost|p2b: Archaludon|spa|1
|-anim|p2b: Archaludon|Electro Shot|p1b: Kingambit
|-damage|p1b: Kingambit|22/100
|cant|p2a: Politoed|flinch
|move|p1b: Kingambit|Kowtow Cleave|p2b: Archaludon
|-damage|p2b: Archaludon|0 fnt
|faint|p2b: Archaludon
|
|-weather|RainDance|[upkeep]
|-damage|p2a: Politoed|48/100 psn|[from] psn
|upkeep
|
|t:|1784414565
|switch|p2b: Sinistcha|Sinistcha, L50|100/100
|-heal|p2a: Politoed|73/100 psn|[from] ability: Hospitality|[of] p2b: Sinistcha
|turn|5
|
|t:|1784414573
|switch|p1a: Gholdengo|Gholdengo, L50|100/100
|move|p2b: Sinistcha|Protect|p2b: Sinistcha
|-singleturn|p2b: Sinistcha|Protect
|move|p1b: Kingambit|Protect|p1b: Kingambit
|-singleturn|p1b: Kingambit|Protect
|move|p2a: Politoed|Weather Ball|p1a: Gholdengo
|-damage|p1a: Gholdengo|44/100
|
|-weather|none
|-damage|p2a: Politoed|61/100 psn|[from] psn
|upkeep
|turn|6
|
|t:|1784414584
|move|p2b: Sinistcha|Rage Powder|p2b: Sinistcha
|-singleturn|p2b: Sinistcha|move: Rage Powder
|move|p1a: Gholdengo|Shadow Ball|p2b: Sinistcha
|-supereffective|p2b: Sinistcha|1
|-damage|p2b: Sinistcha|0 fnt
|faint|p2b: Sinistcha
|move|p2a: Politoed|Hypnosis|p1b: Kingambit|[miss]
|-miss|p2a: Politoed|p1b: Kingambit
|move|p1b: Kingambit|Kowtow Cleave|p2a: Politoed
|-damage|p2a: Politoed|0 fnt
|faint|p2a: Politoed
|
|upkeep
|
|t:|1784414591
|switch|p2b: Gengar|Gengar, L50, F|100/100
|turn|7
|
|t:|1784414597
|detailschange|p2b: Gengar|Gengar-Mega, L50, F
|-mega|p2b: Gengar|Gengar|Gengarite
|move|p1b: Kingambit|Sucker Punch|p2b: Gengar
|-supereffective|p2b: Gengar|1
|-damage|p2b: Gengar|0 fnt
|faint|p2b: Gengar
|
|win|ToastedArt
