|j|☆jaymoo
|j|☆papitwig
|html|jaymoopapitwig    
|uhtml|bestof|Game 1 of a best-of-3
|t:|1785288484
|gametype|doubles
|player|p1|jaymoo|schoolkid-gen4|
|player|p2|papitwig|101|
|gen|9
|tier|[Gen 9 Champions] VGC 2026 Reg M-B (Bo3)
|rule|Species Clause: Limit one of each Pokémon
|rule|Item Clause: Limit 1 of each item
|clearpoke
|poke|p1|Kangaskhan, L50, F|
|poke|p1|Sneasler, L50, F|
|poke|p1|Rotom-Wash, L50|
|poke|p1|Vanilluxe, L50, M|
|poke|p1|Gyarados, L50, F|
|poke|p1|Aegislash, L50, F|
|poke|p2|Swampert, L50, F|
|poke|p2|Raichu, L50, F|
|poke|p2|Pelipper, L50, M|
|poke|p2|Grimmsnarl, L50, M|
|poke|p2|Mimikyu, L50, F|
|poke|p2|Corviknight, L50, F|
|teampreview|4
|showteam|p1|Kangaskhan||Kangaskhanite|EarlyBird|FakeOut,BodySlam,SuckerPunch,BrickBreak|Jolly||F|||50|]Sneasler||FocusSash|Unburden|FakeOut,DireClaw,Trailblaze,Coaching|Adamant||F|||50|]Rotom-Wash||SitrusBerry|Levitate|HydroPump,WillOWisp,Thunder,PainSplit|Bold|||||50|]Vanilluxe||ChoiceScarf|SnowWarning|Blizzard,FreezeDry,IceShard,IcyWind|Hasty||M|||50|]Gyarados||Gyaradosite|Intimidate|Waterfall,Crunch,Taunt,DragonDance|Jolly||F|||50|]Aegislash||Leftovers|StanceChange|Poltergeist,IronHead,KingsShield,WideGuard|Bold||F|||50|
|showteam|p2|Swampert||Swampertite|Torrent|Earthquake,WaveCrash,Protect,IcePunch|Adamant||F|||50|]Raichu||RaichuniteY|LightningRod|FocusBlast,Protect,FakeOut,ZapCannon|Timid||F|||50|]Pelipper||Leftovers|Drizzle|Tailwind,Hurricane,WideGuard,WeatherBall|Timid||M|||50|]Grimmsnarl||FocusSash|Prankster|FakeOut,SuckerPunch,PartingShot,SpiritBreak|Impish||M|||50|]Mimikyu||SitrusBerry|Disguise|SwordsDance,Protect,PlayRough,ShadowSneak|Adamant||F|||50|]Corviknight||WhiteHerb|MirrorArmor|BodyPress,IronDefense,Roost,Protect|Impish||F|||50|
|
|t:|1785288623
|teamsize|p1|4
|teamsize|p2|4
|start
|switch|p1a: Kangaskhan|Kangaskhan, L50, F|100/100
|switch|p1b: Sneasler|Sneasler, L50, F|100/100
|switch|p2a: Raichu|Raichu, L50, F|100/100
|switch|p2b: Grimmsnarl|Grimmsnarl, L50, M|100/100
|turn|1
|
|t:|1785288685
|detailschange|p1a: Kangaskhan|Kangaskhan-Mega, L50, F
|-mega|p1a: Kangaskhan|Kangaskhan|Kangaskhanite
|move|p1b: Sneasler|Fake Out|p2b: Grimmsnarl
|-damage|p2b: Grimmsnarl|78/100
|move|p1a: Kangaskhan|Fake Out|p2a: Raichu
|-damage|p2a: Raichu|61/100
|-damage|p2a: Raichu|52/100
|-hitcount|p2a: Raichu|2
|cant|p2a: Raichu|flinch
|cant|p2b: Grimmsnarl|flinch
|
|upkeep
|turn|2
|j| LChallenger
|
|t:|1785288739
|move|p2a: Raichu|Protect|p2a: Raichu
|-singleturn|p2a: Raichu|Protect
|move|p2b: Grimmsnarl|Parting Shot|p1a: Kangaskhan
|-unboost|p1a: Kangaskhan|atk|1
|-unboost|p1a: Kangaskhan|spa|1
|
|t:|1785288754
|switch|p2b: Corviknight|Corviknight, L50, F|100/100|[from] Parting Shot
|move|p1b: Sneasler|Dire Claw|p2b: Corviknight
|-immune|p2b: Corviknight
|move|p1a: Kangaskhan|Body Slam|p2b: Corviknight
|-resisted|p2b: Corviknight|1
|-damage|p2b: Corviknight|89/100
|-resisted|p2b: Corviknight|1
|-damage|p2b: Corviknight|86/100
|-status|p2b: Corviknight|par
|-hitcount|p2b: Corviknight|2
|
|upkeep
|turn|3
|
|t:|1785288784
|detailschange|p2a: Raichu|Raichu-Mega-Y, L50, F
|-mega|p2a: Raichu|Raichu|Raichunite Y
|move|p1b: Sneasler|Coaching|p1a: Kangaskhan
|-boost|p1a: Kangaskhan|atk|1
|-boost|p1a: Kangaskhan|def|1
|move|p2a: Raichu|Zap Cannon|p1a: Kangaskhan
|-damage|p1a: Kangaskhan|47/100
|-status|p1a: Kangaskhan|par
|move|p1a: Kangaskhan|Body Slam|p2a: Raichu
|-damage|p2a: Raichu|0 fnt
|faint|p2a: Raichu
|move|p2b: Corviknight|Iron Defense|p2b: Corviknight
|-boost|p2b: Corviknight|def|2
|
|upkeep
|j| leisurecapekermit
|
|t:|1785288802
|switch|p2a: Mimikyu|Mimikyu, L50, F|100/100
|turn|4
|l| LChallenger
|
|t:|1785288867
|switch|p1a: Vanilluxe|Vanilluxe, L50, M|100/100
|-weather|Snowscape|[from] ability: Snow Warning|[of] p1a: Vanilluxe
|move|p2a: Mimikyu|Protect|p2a: Mimikyu
|-singleturn|p2a: Mimikyu|Protect
|move|p1b: Sneasler|Dire Claw|p2a: Mimikyu
|-activate|p2a: Mimikyu|move: Protect
|move|p2b: Corviknight|Iron Defense|p2b: Corviknight
|-boost|p2b: Corviknight|def|2
|
|-weather|Snowscape|[upkeep]
|upkeep
|turn|5
|
|t:|1785288894
|move|p1a: Vanilluxe|Blizzard|p2a: Mimikyu|[spread] p2a,p2b
|-activate|p2a: Mimikyu|ability: Disguise
|-damage|p2a: Mimikyu|100/100
|-damage|p2b: Corviknight|41/100 par
|detailschange|p2a: Mimikyu|Mimikyu-Busted, L50, F
|-damage|p2a: Mimikyu|87/100|[from] pokemon: Mimikyu-Busted
|move|p1b: Sneasler|Dire Claw|p2a: Mimikyu
|-damage|p2a: Mimikyu|17/100
|-enditem|p2a: Mimikyu|Sitrus Berry|[eat]
|-heal|p2a: Mimikyu|42/100|[from] item: Sitrus Berry
|move|p2a: Mimikyu|Play Rough|p1b: Sneasler
|-damage|p1b: Sneasler|51/100
|move|p2b: Corviknight|Body Press|p1a: Vanilluxe
|-supereffective|p1a: Vanilluxe|1
|-damage|p1a: Vanilluxe|0 fnt
|faint|p1a: Vanilluxe
|
|-weather|Snowscape|[upkeep]
|upkeep
|
|t:|1785288922
|switch|p1a: Kangaskhan|Kangaskhan-Mega, L50, F|47/100 par
|turn|6
|
|t:|1785288928
|move|p2a: Mimikyu|Protect|p2a: Mimikyu
|-singleturn|p2a: Mimikyu|Protect
|cant|p1a: Kangaskhan|par
|move|p1b: Sneasler|Dire Claw|p2a: Mimikyu
|-activate|p2a: Mimikyu|move: Protect
|move|p2b: Corviknight|Roost|p2b: Corviknight
|-heal|p2b: Corviknight|91/100 par
|-singleturn|p2b: Corviknight|move: Roost
|
|-weather|Snowscape|[upkeep]
|upkeep
|turn|7
|
|t:|1785288955
|switch|p1a: Aegislash|Aegislash, L50, F|100/100
|move|p1b: Sneasler|Dire Claw|p2a: Mimikyu
|-damage|p2a: Mimikyu|0 fnt
|faint|p2a: Mimikyu
|move|p2b: Corviknight|Body Press|p1a: Aegislash
|-immune|p1a: Aegislash
|
|-weather|Snowscape|[upkeep]
|upkeep
|
|t:|1785288967
|switch|p2a: Grimmsnarl|Grimmsnarl, L50, M|78/100
|turn|8
|
|t:|1785288978
|move|p2a: Grimmsnarl|Fake Out|p1a: Aegislash
|-immune|p1a: Aegislash
|move|p1b: Sneasler|Coaching|p1a: Aegislash
|-boost|p1a: Aegislash|atk|1
|-boost|p1a: Aegislash|def|1
|-formechange|p1a: Aegislash|Aegislash-Blade|
|move|p1a: Aegislash|Iron Head|p2a: Grimmsnarl
|-supereffective|p2a: Grimmsnarl|1
|-damage|p2a: Grimmsnarl|0 fnt
|faint|p2a: Grimmsnarl
|move|p2b: Corviknight|Body Press|p1b: Sneasler
|-resisted|p1b: Sneasler|1
|-damage|p1b: Sneasler|0 fnt
|faint|p1b: Sneasler
|
|-weather|none
|upkeep
|
|t:|1785288991
|switch|p1b: Kangaskhan|Kangaskhan-Mega, L50, F|47/100 par
|turn|9
|
|t:|1785289016
|move|p1b: Kangaskhan|Fake Out|p2b: Corviknight
|-resisted|p2b: Corviknight|1
|-damage|p2b: Corviknight|89/100 par
|-resisted|p2b: Corviknight|1
|-damage|p2b: Corviknight|88/100 par
|-hitcount|p2b: Corviknight|2
|move|p1a: Aegislash|Poltergeist|p2b: Corviknight|[miss]
|-miss|p1a: Aegislash|p2b: Corviknight
|cant|p2b: Corviknight|flinch
|
|upkeep
|turn|10
|
|t:|1785289047
|move|p1a: Aegislash|Iron Head|p2b: Corviknight
|-resisted|p2b: Corviknight|1
|-damage|p2b: Corviknight|80/100 par
|move|p1b: Kangaskhan|Brick Break|p2b: Corviknight
|-damage|p2b: Corviknight|73/100 par
|-damage|p2b: Corviknight|72/100 par
|-hitcount|p2b: Corviknight|2
|move|p2b: Corviknight|Body Press|p1b: Kangaskhan
|-supereffective|p1b: Kangaskhan|1
|-damage|p1b: Kangaskhan|0 fnt
|faint|p1b: Kangaskhan
|
|upkeep
|turn|11
|
|t:|1785289065
|-formechange|p1a: Aegislash|Aegislash|
|move|p1a: Aegislash|King's Shield|p1a: Aegislash
|-singleturn|p1a: Aegislash|Protect
|move|p2b: Corviknight|Roost|p2b: Corviknight
|-heal|p2b: Corviknight|100/100 par
|-singleturn|p2b: Corviknight|move: Roost
|
|upkeep
|turn|12
|
|t:|1785289075
|move|p1a: Aegislash|Wide Guard|p1a: Aegislash
|-singleturn|p1a: Aegislash|Wide Guard
|cant|p2b: Corviknight|par
|
|upkeep
|turn|13
|
|t:|1785289081
|-formechange|p1a: Aegislash|Aegislash-Blade|
|move|p1a: Aegislash|Poltergeist|p2b: Corviknight
|-activate|p2b: Corviknight|move: Poltergeist|White Herb
|-damage|p2b: Corviknight|78/100 par
|move|p2b: Corviknight|Body Press|p1a: Aegislash
|-immune|p1a: Aegislash
|
|upkeep
|turn|14
|
|t:|1785289094
|move|p1a: Aegislash|Iron Head|p2b: Corviknight
|-resisted|p2b: Corviknight|1
|-damage|p2b: Corviknight|69/100 par
|cant|p2b: Corviknight|flinch
|
|upkeep
|turn|15
|
|t:|1785289100
|move|p1a: Aegislash|Iron Head|p2b: Corviknight
|-resisted|p2b: Corviknight|1
|-damage|p2b: Corviknight|63/100 par
|cant|p2b: Corviknight|flinch
|
|upkeep
|turn|16
|
|t:|1785289108
|move|p1a: Aegislash|Iron Head|p2b: Corviknight
|-resisted|p2b: Corviknight|1
|-damage|p2b: Corviknight|54/100 par
|move|p2b: Corviknight|Body Press|p1a: Aegislash
|-immune|p1a: Aegislash
|
|upkeep
|turn|17
|
|t:|1785289124
|move|p1a: Aegislash|Wide Guard|p1a: Aegislash
|-singleturn|p1a: Aegislash|Wide Guard
|move|p2b: Corviknight|Body Press|p1a: Aegislash
|-immune|p1a: Aegislash
|
|upkeep
|turn|18
|
|t:|1785289134
|move|p1a: Aegislash|Wide Guard|p1a: Aegislash
|-singleturn|p1a: Aegislash|Wide Guard
|move|p2b: Corviknight|Body Press|p1a: Aegislash
|-immune|p1a: Aegislash
|
|upkeep
|turn|19
|
|t:|1785289145
|move|p1a: Aegislash|Wide Guard|p1a: Aegislash
|-singleturn|p1a: Aegislash|Wide Guard
|move|p2b: Corviknight|Body Press|p1a: Aegislash
|-immune|p1a: Aegislash
|
|upkeep
|turn|20
|
|t:|1785289157
|-formechange|p1a: Aegislash|Aegislash|
|move|p1a: Aegislash|King's Shield||[still]
|-fail|p1a: Aegislash
|cant|p2b: Corviknight|par
|
|upkeep
|turn|21
|
|t:|1785289171
|-formechange|p1a: Aegislash|Aegislash-Blade|
|move|p1a: Aegislash|Poltergeist|p2b: Corviknight
|-activate|p2b: Corviknight|move: Poltergeist|White Herb
|-damage|p2b: Corviknight|35/100 par
|cant|p2b: Corviknight|par
|
|upkeep
|turn|22
|
|t:|1785289181
|move|p1a: Aegislash|Poltergeist|p2b: Corviknight
|-activate|p2b: Corviknight|move: Poltergeist|White Herb
|-damage|p2b: Corviknight|12/100 par
|cant|p2b: Corviknight|par
|
|upkeep
|turn|23
|
|t:|1785289188
|move|p1a: Aegislash|Poltergeist|p2b: Corviknight
|-activate|p2b: Corviknight|move: Poltergeist|White Herb
|-damage|p2b: Corviknight|0 fnt
|faint|p2b: Corviknight
|
|win|jaymoo
||jaymoo is ready for game 2.
|inactive|papitwig has 30 seconds to confirm battle start!
|inactive|papitwig has 20 seconds to confirm battle start!
|inactive|papitwig has 10 seconds to confirm battle start!
|uhtml|next|Next: Game 2 of 3
|j| LChallenger
|l| LChallenger
|j| LChallenger
|l|☆papitwig
|player|p2|
|l| LChallenger
