|j|☆Schroombert
|j|☆Bread248
|html|SchroombertBread248    
|uhtml|bestof|Game 2 of a best-of-3
|t:|1756493242
|gametype|doubles
|player|p1|Schroombert|rancher|1335
|player|p2|Bread248|266|1325
|gen|9
|tier|[Gen 9] VGC 2025 Reg H (Bo3)
|rated|
|rule|Species Clause: Limit one of each Pokémon
|rule|Item Clause: Limit 1 of each item
|clearpoke
|poke|p1|Whimsicott, L50, M|
|poke|p1|Garchomp, L50, M|
|poke|p1|Gholdengo, L50|
|poke|p1|Incineroar, L50, M|
|poke|p1|Annihilape, L50, F|
|poke|p1|Dragonite, L50, F|
|poke|p2|Gholdengo, L50|
|poke|p2|Sneasler, L50, F|
|poke|p2|Incineroar, L50, F|
|poke|p2|Amoonguss, L50, F|
|poke|p2|Dragonite, L50, M|
|poke|p2|Ursaluna-Bloodmoon, L50, M|
|teampreview|4
|showteam|p1|Whimsicott||FocusSash|Prankster|Moonblast,Tailwind,Encore,Protect|||M|||50|,,,,,Ghost]Garchomp||LifeOrb|RoughSkin|Earthquake,DragonClaw,StompingTantrum,Protect|||M|||50|,,,,,Steel]Gholdengo||ChoiceSpecs|GoodasGold|MakeItRain,ShadowBall,Trick,Protect||||||50|,,,,,Steel]Incineroar||AssaultVest|Intimidate|FakeOut,FlareBlitz,KnockOff,Uturn|||M|||50|,,,,,Grass]Annihilape||PowerHerb|Defiant|CloseCombat,PhantomForce,Coaching,Protect|||F|||50|,,,,,Stellar]Dragonite||LoadedDice|Multiscale|ScaleShot,Tailwind,Haze,Protect|||F|||50|,,,,,Fairy
|showteam|p2|Gholdengo||LifeOrb|GoodasGold|MakeItRain,ShadowBall,NastyPlot,Protect||||||50|,,,,,Steel]Sneasler||FocusSash|PoisonTouch|FakeOut,CloseCombat,DireClaw,Protect|||F|||50|,,,,,Stellar]Incineroar||SafetyGoggles|Intimidate|FakeOut,FlareBlitz,KnockOff,PartingShot|||F|||50|,,,,,Ghost]Amoonguss||SitrusBerry|Regenerator|Spore,RagePowder,SludgeBomb,Protect|||F|||50|,,,,,Psychic]Dragonite||LoadedDice|Multiscale|ScaleShot,Haze,Tailwind,Protect|||M|||50|,,,,,Fairy]Ursaluna-Bloodmoon||AssaultVest|MindsEye|HyperVoice,BloodMoon,EarthPower,VacuumWave|||M|||50|,,,,,Water
|inactive|Battle timer is ON: inactive players will automatically lose when time's up. (requested by Schroombert)
|inactive|Bread248 also wants the timer to be on.
|inactive|Schroombert has 60 seconds left.
|inactive|Bread248 has 60 seconds left.
|
|t:|1756493289
|teamsize|p1|4
|teamsize|p2|4
|start
|switch|p1a: Gholdengo|Gholdengo, L50|100/100
|switch|p1b: Incineroar|Incineroar, L50, M, shiny|100/100
|switch|p2a: Amoonguss|Amoonguss, L50, F|100/100
|switch|p2b: Ursaluna|Ursaluna-Bloodmoon, L50, M|100/100
|-ability|p1b: Incineroar|Intimidate|boost
|-unboost|p2a: Amoonguss|atk|1
|-unboost|p2b: Ursaluna|atk|1
|turn|1
|
|t:|1756493310
|switch|p2a: Incineroar|Incineroar, L50, F, shiny|100/100
|-ability|p2a: Incineroar|Intimidate|boost
|-unboost|p1a: Gholdengo|atk|1
|-unboost|p1b: Incineroar|atk|1
|-terastallize|p1b: Incineroar|Grass
|-terastallize|p2b: Ursaluna|Water
|move|p1b: Incineroar|Fake Out|p2b: Ursaluna
|-damage|p2b: Ursaluna|93/100
|move|p1a: Gholdengo|Make It Rain|p2b: Ursaluna|[spread] p2a,p2b
|-resisted|p2a: Incineroar
|-resisted|p2b: Ursaluna
|-damage|p2a: Incineroar|80/100
|-damage|p2b: Ursaluna|68/100
|-unboost|p1a: Gholdengo|spa|1
|cant|p2b: Ursaluna|flinch
|
|upkeep
|turn|2
|inactive|Bread248 has 30 seconds left.
|
|t:|1756493344
|switch|p1a: Annihilape|Annihilape, L50, F, shiny|100/100
|move|p1b: Incineroar|Knock Off|p2b: Ursaluna
|-damage|p2b: Ursaluna|44/100
|-enditem|p2b: Ursaluna|Assault Vest|[from] move: Knock Off|[of] p1b: Incineroar
|move|p2b: Ursaluna|Blood Moon|p1a: Annihilape
|-damage|p1a: Annihilape|14/100
|move|p2a: Incineroar|Flare Blitz|p1a: Annihilape
|-damage|p1a: Annihilape|0 fnt
|faint|p1a: Annihilape
|-damage|p2a: Incineroar|76/100|[from] Recoil
|
|upkeep
|inactive|Schroombert has 30 seconds left.
|
|t:|1756493369
|switch|p1a: Garchomp|Garchomp, L50, M, shiny|100/100
|turn|3
|inactive|Bread248 has 30 seconds left.
|
|t:|1756493402
|switch|p2a: Amoonguss|Amoonguss, L50, F|100/100
|move|p1a: Garchomp|Earthquake|p2b: Ursaluna|[spread] p1b,p2a,p2b
|-resisted|p1b: Incineroar
|-damage|p1b: Incineroar|76/100
|-damage|p2a: Amoonguss|63/100
|-damage|p2b: Ursaluna|7/100
|-damage|p1a: Garchomp|91/100|[from] item: Life Orb
|move|p1b: Incineroar|U-turn|p2a: Amoonguss
|-damage|p2a: Amoonguss|50/100
|-enditem|p2a: Amoonguss|Sitrus Berry|[eat]
|-heal|p2a: Amoonguss|75/100|[from] item: Sitrus Berry
|
|t:|1756493407
|switch|p1b: Gholdengo|Gholdengo, L50|100/100|[from] U-turn
|move|p2b: Ursaluna|Hyper Voice|p1a: Garchomp|[spread] p1a,p1b
|-resisted|p1b: Gholdengo
|-damage|p1a: Garchomp|51/100
|-damage|p1b: Gholdengo|79/100
|
|upkeep
|turn|4
|
|t:|1756493422
|switch|p1a: Incineroar|Incineroar, L50, M, shiny, tera:Grass|76/100
|-ability|p1a: Incineroar|Intimidate|boost
|-unboost|p2a: Amoonguss|atk|1
|-unboost|p2b: Ursaluna|atk|1
|move|p2a: Amoonguss|Protect|p2a: Amoonguss
|-singleturn|p2a: Amoonguss|Protect
|move|p2b: Ursaluna|Vacuum Wave|p1b: Gholdengo
|-supereffective|p1b: Gholdengo
|-damage|p1b: Gholdengo|47/100
|move|p1b: Gholdengo|Make It Rain|p2b: Ursaluna|[spread] p2b
|-activate|p2a: Amoonguss|move: Protect
|-resisted|p2b: Ursaluna
|-damage|p2b: Ursaluna|0 fnt
|-unboost|p1b: Gholdengo|spa|1
|faint|p2b: Ursaluna
|
|upkeep
|
|t:|1756493427
|switch|p2b: Gholdengo|Gholdengo, L50|100/100
|turn|5
|
|t:|1756493447
|switch|p2a: Incineroar|Incineroar, L50, F, shiny|76/100
|-ability|p2a: Incineroar|Intimidate|boost
|-unboost|p1a: Incineroar|atk|1
|-unboost|p1b: Gholdengo|atk|1
|move|p2b: Gholdengo|Protect|p2b: Gholdengo
|-singleturn|p2b: Gholdengo|Protect
|move|p1b: Gholdengo|Make It Rain|p2b: Gholdengo|[spread] p2a
|-activate|p2b: Gholdengo|move: Protect
|-resisted|p2a: Incineroar
|-damage|p2a: Incineroar|62/100
|-unboost|p1b: Gholdengo|spa|1
|move|p1a: Incineroar|Flare Blitz|p2b: Gholdengo
|-activate|p2b: Gholdengo|move: Protect
|
|upkeep
|turn|6
|
|t:|1756493472
|move|p2a: Incineroar|Fake Out|p1a: Incineroar
|-damage|p1a: Incineroar|64/100
|move|p2b: Gholdengo|Make It Rain|p1b: Gholdengo|[spread] p1a,p1b
|-resisted|p1b: Gholdengo
|-damage|p1a: Incineroar|23/100
|-damage|p1b: Gholdengo|16/100
|-unboost|p2b: Gholdengo|spa|1
|-damage|p2b: Gholdengo|91/100|[from] item: Life Orb
|move|p1b: Gholdengo|Make It Rain|p2b: Gholdengo|[spread] p2a,p2b
|-resisted|p2a: Incineroar
|-resisted|p2b: Gholdengo
|-damage|p2a: Incineroar|50/100
|-damage|p2b: Gholdengo|72/100
|-unboost|p1b: Gholdengo|spa|1
|cant|p1a: Incineroar|flinch
|
|upkeep
|turn|7
|inactive|Schroombert has 30 seconds left.
|
|t:|1756493498
|switch|p1b: Garchomp|Garchomp, L50, M, shiny|51/100
|move|p2b: Gholdengo|Shadow Ball|p1a: Incineroar
|-damage|p1a: Incineroar|0 fnt
|faint|p1a: Incineroar
|-damage|p2b: Gholdengo|62/100|[from] item: Life Orb
|move|p2a: Incineroar|Knock Off|p1b: Garchomp
|-damage|p1b: Garchomp|15/100
|-damage|p2a: Incineroar|37/100|[from] ability: Rough Skin|[of] p1b: Garchomp
|-enditem|p1b: Garchomp|Life Orb|[from] move: Knock Off|[of] p2a: Incineroar
|
|upkeep
|
|t:|1756493503
|switch|p1a: Gholdengo|Gholdengo, L50|16/100
|turn|8
|
|t:|1756493514
|switch|p2a: Amoonguss|Amoonguss, L50, F|100/100
|move|p2b: Gholdengo|Protect|p2b: Gholdengo
|-singleturn|p2b: Gholdengo|Protect
|move|p1b: Garchomp|Stomping Tantrum|p2a: Amoonguss
|-damage|p2a: Amoonguss|67/100
|move|p1a: Gholdengo|Shadow Ball|p2b: Gholdengo
|-activate|p2b: Gholdengo|move: Protect
|
|upkeep
|turn|9
|inactive|Schroombert has 30 seconds left.
|
|t:|1756493545
|move|p2a: Amoonguss|Rage Powder|p2a: Amoonguss
|-singleturn|p2a: Amoonguss|move: Rage Powder
|move|p1b: Garchomp|Earthquake|p2a: Amoonguss|[spread] p1a,p2a,p2b
|-supereffective|p1a: Gholdengo
|-supereffective|p2b: Gholdengo
|-damage|p1a: Gholdengo|0 fnt
|-damage|p2a: Amoonguss|36/100
|-damage|p2b: Gholdengo|0 fnt
|faint|p1a: Gholdengo
|faint|p2b: Gholdengo
|
|upkeep
|
|t:|1756493549
|switch|p2b: Incineroar|Incineroar, L50, F, shiny|37/100
|-ability|p2b: Incineroar|Intimidate|boost
|-unboost|p1b: Garchomp|atk|1
|turn|10
|
|t:|1756493556
|move|p1b: Garchomp|Protect|p1b: Garchomp
|-singleturn|p1b: Garchomp|Protect
|move|p2b: Incineroar|Fake Out|p1b: Garchomp
|-activate|p1b: Garchomp|move: Protect
|move|p2a: Amoonguss|Spore|p1b: Garchomp
|-activate|p1b: Garchomp|move: Protect
|
|upkeep
|turn|11
|
|t:|1756493562
|move|p1b: Garchomp|Earthquake|p2a: Amoonguss|[spread] p2a,p2b
|-supereffective|p2b: Incineroar
|-damage|p2a: Amoonguss|15/100
|-damage|p2b: Incineroar|0 fnt
|faint|p2b: Incineroar
|move|p2a: Amoonguss|Spore|p1b: Garchomp
|-status|p1b: Garchomp|slp|[from] move: Spore
|
|upkeep
|turn|12
|
|t:|1756493567
|cant|p1b: Garchomp|slp
|move|p2a: Amoonguss|Sludge Bomb|p1b: Garchomp
|-resisted|p1b: Garchomp
|-damage|p1b: Garchomp|0 fnt
|faint|p1b: Garchomp
|
|win|Bread248
|raw|Schroombert's rating: 1335 → 1314(-21 for losing)
|raw|Bread248's rating: 1325 → 1346(+21 for winning)
|l|☆Schroombert
|player|p1|
