|j|☆vamioli
|j|☆Anitasalad
|html|vamioliAnitasalad    
|uhtml|bestof|Game 2 of a best-of-3
|t:|1785419942
|gametype|doubles
|player|p1|vamioli|102|
|player|p2|Anitasalad|265|
|gen|9
|tier|[Gen 9 Champions] VGC 2026 Reg M-B (Bo3)
|rule|Species Clause: Limit one of each Pokémon
|rule|Item Clause: Limit 1 of each item
|clearpoke
|poke|p1|Primarina, L50, F|
|poke|p1|Rotom-Wash, L50|
|poke|p1|Whimsicott, L50, M|
|poke|p1|Incineroar, L50, F|
|poke|p1|Floette-Eternal, L50, F|
|poke|p1|Sinistcha, L50|
|poke|p2|Dragonite, L50, F|
|poke|p2|Basculegion, L50, M|
|poke|p2|Scizor, L50, F|
|poke|p2|Archaludon, L50, F|
|poke|p2|Pelipper, L50, F|
|poke|p2|Incineroar, L50, M|
|teampreview|4
|showteam|p1|Primarina||LifeOrb|LiquidVoice|HyperVoice,Moonblast,HydroCannon,Protect|Modest||F|||50|]Rotom-Wash||ChoiceScarf|Levitate|VoltSwitch,HydroPump,Trick,WillOWisp|Timid|||||50|]Whimsicott||FocusSash|Prankster|Tailwind,Encore,Moonblast,Protect|Timid||M|||50|]Incineroar||ChopleBerry|Intimidate|FakeOut,ThroatChop,FlareBlitz,PartingShot|Careful||F|||50|]Floette-Eternal||Floettite|FlowerVeil|CalmMind,DrainingKiss,Moonblast,Protect|Modest||F|||50|]Sinistcha||SitrusBerry|Hospitality|RagePowder,TrickRoom,MatchaGotcha,LifeDew|Bold|||||50|
|showteam|p2|Dragonite||Dragoninite|InnerFocus|DragonPulse,Flamethrower,Tailwind,Protect|Timid||F|||50|]Basculegion||ChoiceScarf|Adaptability|WaveCrash,LastRespects,AquaJet,FlipTurn|Jolly||M|||50|]Scizor||Scizorite|Technician|BulletPunch,CloseCombat,SwordsDance,Protect|Adamant||F|||50|]Archaludon||ChopleBerry|Stamina|ElectroShot,DragonPulse,AuraSphere,Protect|Timid||F|||50|]Pelipper||FocusSash|Drizzle|Hurricane,WeatherBall,Tailwind,Protect|Bold||F|||50|]Incineroar||SitrusBerry|Intimidate|FakeOut,FlareBlitz,ThroatChop,PartingShot|Adamant||M|||50|
|inactive|Battle timer is ON: inactive players will automatically lose when time's up. (requested by Anitasalad)
|j| ncs12345
|c| ncs12345|oh wait it's Open team sheet lmao
|
|t:|1785419970
|teamsize|p1|4
|teamsize|p2|4
|start
|switch|p1a: Floette|Floette-Eternal, L50, F|100/100
|switch|p1b: Incineroar|Incineroar, L50, F|100/100
|switch|p2a: Scizor|Scizor, L50, F|100/100
|switch|p2b: Pelipper|Pelipper, L50, F|100/100
|-ability|p1b: Incineroar|Intimidate|boost
|-unboost|p2a: Scizor|atk|1
|-unboost|p2b: Pelipper|atk|1
|-weather|RainDance|[from] ability: Drizzle|[of] p2b: Pelipper
|turn|1
|c|☆Anitasalad|ye
|c|☆vamioli|well well well.
|inactive|vamioli has 30 seconds left.
|inactive|Anitasalad has 30 seconds left.
|c| ncs12345|Incineroar in Rain shurely this means it dies :clueless:
|inactive|vamioli has 20 seconds left.
|inactive|vamioli has 15 seconds left.
|
|t:|1785420010
|detailschange|p1a: Floette|Floette-Mega, L50, F
|-mega|p1a: Floette|Floette|Floettite
|-ability|p1a: Floette|Fairy Aura
|detailschange|p2a: Scizor|Scizor-Mega, L50, F
|-mega|p2a: Scizor|Scizor|Scizorite
|move|p1b: Incineroar|Fake Out|p2a: Scizor
|-resisted|p2a: Scizor|1
|-damage|p2a: Scizor|95/100
|move|p1a: Floette|Moonblast|p2b: Pelipper
|-enditem|p2b: Pelipper|Focus Sash
|-damage|p2b: Pelipper|1/100
|cant|p2a: Scizor|flinch
|move|p2b: Pelipper|Tailwind|p2b: Pelipper
|-sidestart|p2: Anitasalad|move: Tailwind
|
|-weather|RainDance|[upkeep]
|upkeep
|turn|2
|c|☆vamioli|i may have sold turn 1
|c| ncs12345|damn the Pelipper risked Frame 1 death
|
|t:|1785420033
|switch|p2b: Incineroar|Incineroar, L50, M|100/100
|-ability|p2b: Incineroar|Intimidate|boost
|-unboost|p1a: Floette|atk|1
|-unboost|p1b: Incineroar|atk|1
|switch|p1b: Whimsicott|Whimsicott, L50, M|100/100
|move|p1a: Floette|Protect|p1a: Floette
|-singleturn|p1a: Floette|Protect
|move|p2a: Scizor|Swords Dance|p2a: Scizor
|-boost|p2a: Scizor|atk|2
|
|-weather|RainDance|[upkeep]
|upkeep
|turn|3
|c| ncs12345|ainoway
|c| ncs12345|free SD
|c| ncs12345|against two Fairies
|
|t:|1785420054
|switch|p1a: Incineroar|Incineroar, L50, F|100/100
|-ability|p1a: Incineroar|Intimidate|boost
|-unboost|p2a: Scizor|atk|1
|-unboost|p2b: Incineroar|atk|1
|move|p2b: Incineroar|Fake Out|p1b: Whimsicott
|-damage|p1b: Whimsicott|88/100
|move|p2a: Scizor|Bullet Punch|p1a: Incineroar
|-resisted|p1a: Incineroar|1
|-damage|p1a: Incineroar|85/100
|cant|p1b: Whimsicott|flinch
|
|-weather|RainDance|[upkeep]
|upkeep
|turn|4
|
|t:|1785420071
|switch|p2a: Pelipper|Pelipper, L50, F|1/100
|move|p1b: Whimsicott|Encore||[still]
|-fail|p1b: Whimsicott
|move|p2b: Incineroar|Parting Shot|p1a: Incineroar
|-unboost|p1a: Incineroar|atk|1
|-unboost|p1a: Incineroar|spa|1
|
|t:|1785420078
|switch|p2b: Dragonite|Dragonite, L50, F|100/100|[from] Parting Shot
|move|p1a: Incineroar|Flare Blitz|p2a: Pelipper
|-resisted|p2a: Pelipper|1
|-damage|p2a: Pelipper|0 fnt
|faint|p2a: Pelipper
|-damage|p1a: Incineroar|84/100|[from] Recoil
|
|-weather|RainDance|[upkeep]
|-sideend|p2: Anitasalad|move: Tailwind
|upkeep
|
|t:|1785420083
|switch|p2a: Scizor|Scizor-Mega, L50, F|95/100
|turn|5
|c| ncs12345|first time I've seen Flare Blitz kill a Pelipper in Rain
|c|☆vamioli|i wonder if flare blitz will even do 30% to scizor under these conditions.
|inactive|vamioli has 30 seconds left.
|
|t:|1785420110
|move|p1b: Whimsicott|Protect|p1b: Whimsicott
|-singleturn|p1b: Whimsicott|Protect
|move|p2b: Dragonite|Tailwind|p2b: Dragonite
|-sidestart|p2: Anitasalad|move: Tailwind
|move|p2a: Scizor|Swords Dance|p2a: Scizor
|-boost|p2a: Scizor|atk|2
|move|p1a: Incineroar|Flare Blitz|p2a: Scizor
|-supereffective|p2a: Scizor|2
|-damage|p2a: Scizor|52/100
|-damage|p1a: Incineroar|72/100|[from] Recoil
|
|-weather|none
|upkeep
|turn|6
|c| ncs12345|well next one kills :clueless:
|c|☆vamioli|true!!!
|inactive|vamioli has 30 seconds left.
|c|☆vamioli|check out this awesome move
|
|t:|1785420138
|move|p1b: Whimsicott|Encore|p2a: Scizor
|-start|p2a: Scizor|Encore
|move|p2b: Dragonite|Dragon Pulse|p1a: Incineroar
|-damage|p1a: Incineroar|43/100
|move|p2a: Scizor|Swords Dance|p2a: Scizor
|-boost|p2a: Scizor|atk|2
|move|p1a: Incineroar|Flare Blitz|p2a: Scizor
|-supereffective|p2a: Scizor|2
|-damage|p2a: Scizor|0 fnt
|faint|p2a: Scizor
|-damage|p1a: Incineroar|28/100|[from] Recoil
|
|upkeep
|
|t:|1785420147
|switch|p2a: Incineroar|Incineroar, L50, M|100/100
|-ability|p2a: Incineroar|Intimidate|boost
|-unboost|p1a: Incineroar|atk|1
|-unboost|p1b: Whimsicott|atk|1
|turn|7
|c| ncs12345|why did Anita even SD in front of a Whimsicott
|c|☆Anitasalad|I WAS GONNA BULLET PUNCHH
|c|☆Anitasalad|its joverrr
|c|☆vamioli|I KNOW YOU WERE.
|c| ncs12345|+1 prio vs +1 prio lol
|-message|Anitasalad forfeited.
|
|win|vamioli
|l|☆Anitasalad
|player|p2|
|c|☆vamioli|ggwp posting this on KQM
|c| ncs12345|KEKW
