|j|☆HOPE AND DESIRE
|j|☆Moitamo
|html|HOPE AND DESIREMoitamo    
|uhtml|bestof|Game 1 of a best-of-3
|t:|1784812171
|gametype|doubles
|player|p1|HOPE AND DESIRE|gambler|1202
|player|p2|Moitamo|101|1282
|gen|9
|tier|[Gen 9 Champions] VGC 2026 Reg M-B (Bo3)
|rated|
|rule|Species Clause: Limit one of each Pokémon
|rule|Item Clause: Limit 1 of each item
|clearpoke
|poke|p1|Charizard, L50, F|
|poke|p1|Whimsicott, L50, F|
|poke|p1|Garchomp, L50, M|
|poke|p1|Basculegion, L50, M|
|poke|p1|Glimmora, L50, F|
|poke|p1|Kingambit, L50, F|
|poke|p2|Metagross, L50|
|poke|p2|Incineroar, L50, F|
|poke|p2|Sinistcha, L50|
|poke|p2|Politoed, L50, F|
|poke|p2|Dragonite, L50, F|
|poke|p2|Sylveon, L50, F|
|teampreview|4
|showteam|p1|Charizard||CharizarditeY|Blaze|WeatherBall,HeatWave,SolarBeam,Protect|Modest||F|||50|]Whimsicott||FairyFeather|Prankster|Moonblast,TrickRoom,Encore,Tailwind|Bold||F|||50|]Garchomp||SitrusBerry|RoughSkin|DragonClaw,Earthquake,RockSlide,Protect|Adamant||M|||50|]Basculegion||MysticWater|Adaptability|WaveCrash,AquaJet,LastRespects,Protect|Adamant||M|||50|]Glimmora||FocusSash|ToxicDebris|PowerGem,SludgeBomb,SpikyShield,EarthPower|Modest||F|||50|]Kingambit||ChopleBerry|Defiant|KowtowCleave,SuckerPunch,IronHead,LowKick|Adamant||F|||50|
|showteam|p2|Metagross||Metagrossite|ClearBody|IronHead,BulletPunch,PsychicFangs,Protect|Jolly|||||50|]Incineroar||ExpertBelt|Intimidate|CloseCombat,FakeOut,DarkestLariat,PartingShot|Adamant||F|||50|]Sinistcha||KasibBerry|Hospitality|MatchaGotcha,TrickRoom,RagePowder,Protect|Modest|||||50|]Politoed||LifeOrb|Drizzle|WeatherBall,IceBeam,Protect,PerishSong|Modest||F|||50|]Dragonite||Dragoninite|Multiscale|Hurricane,ExtremeSpeed,Tailwind,Protect|Docile||F|||50|]Sylveon||FairyFeather|Pixilate|HyperVoice,Yawn,Detect,Moonblast|Quiet||F|||50|
|inactive|Battle timer is ON: inactive players will automatically lose when time's up. (requested by Moitamo)
|inactive|Moitamo has 60 seconds left.
|
|t:|1784812205
|teamsize|p1|4
|teamsize|p2|4
|start
|switch|p1a: Golden Mushroom|Whimsicott, L50, F|100/100
|switch|p1b: Poison Blooper|Glimmora, L50, F|100/100
|switch|p2a: Incineroar|Incineroar, L50, F|100/100
|switch|p2b: Politoed|Politoed, L50, F|100/100
|-weather|RainDance|[from] ability: Drizzle|[of] p2b: Politoed
|-ability|p2a: Incineroar|Intimidate|boost
|-unboost|p1a: Golden Mushroom|atk|1
|-unboost|p1b: Poison Blooper|atk|1
|turn|1
|inactive|HOPE AND DESIRE has 30 seconds left.
|
|t:|1784812232
|move|p1b: Poison Blooper|Spiky Shield|p1b: Poison Blooper
|-singleturn|p1b: Poison Blooper|move: Protect
|move|p2a: Incineroar|Fake Out|p1a: Golden Mushroom
|-damage|p1a: Golden Mushroom|88/100
|cant|p1a: Golden Mushroom|flinch
|move|p2b: Politoed|Ice Beam|p1a: Golden Mushroom
|-supereffective|p1a: Golden Mushroom|1
|-damage|p1a: Golden Mushroom|13/100
|-damage|p2b: Politoed|90/100|[from] item: Life Orb
|
|-weather|RainDance|[upkeep]
|upkeep
|turn|2
|
|t:|1784812251
|move|p1a: Golden Mushroom|Tailwind|p1a: Golden Mushroom
|-sidestart|p1: HOPE AND DESIRE|move: Tailwind
|move|p1b: Poison Blooper|Sludge Bomb|p2a: Incineroar
|-damage|p2a: Incineroar|47/100
|-status|p2a: Incineroar|psn
|move|p2b: Politoed|Ice Beam|p1b: Poison Blooper
|-damage|p1b: Poison Blooper|54/100
|-damage|p2b: Politoed|80/100|[from] item: Life Orb
|move|p2a: Incineroar|Close Combat|p1b: Poison Blooper
|-damage|p1b: Poison Blooper|12/100
|-unboost|p2a: Incineroar|def|1
|-unboost|p2a: Incineroar|spd|1
|-activate|p1b: Poison Blooper|ability: Toxic Debris
|-sidestart|p2: Moitamo|move: Toxic Spikes
|
|-weather|RainDance|[upkeep]
|-damage|p2a: Incineroar|34/100 psn|[from] psn
|upkeep
|turn|3
|inactive|HOPE AND DESIRE has 30 seconds left.
|
|t:|1784812277
|switch|p2b: Dragonite|Dragonite, L50, F|100/100
|move|p1b: Poison Blooper|Power Gem|p2b: Dragonite
|-supereffective|p2b: Dragonite|1
|-damage|p2b: Dragonite|59/100
|move|p1a: Golden Mushroom|Moonblast|p2a: Incineroar
|-damage|p2a: Incineroar|0 fnt
|faint|p2a: Incineroar
|
|-weather|RainDance|[upkeep]
|upkeep
|
|t:|1784812292
|switch|p2a: Sylveon|Sylveon, L50, F|100/100
|-status|p2a: Sylveon|psn
|turn|4
|
|t:|1784812299
|move|p2b: Dragonite|Extreme Speed|p1b: Poison Blooper
|-resisted|p1b: Poison Blooper|1
|-damage|p1b: Poison Blooper|0 fnt
|-activate|p1b: Poison Blooper|ability: Toxic Debris
|-sidestart|p2: Moitamo|move: Toxic Spikes
|faint|p1b: Poison Blooper
|move|p1a: Golden Mushroom|Moonblast|p2b: Dragonite
|-supereffective|p2b: Dragonite|1
|-damage|p2b: Dragonite|5/100
|move|p2a: Sylveon|Hyper Voice|p1a: Golden Mushroom
|-crit|p1a: Golden Mushroom
|-damage|p1a: Golden Mushroom|0 fnt
|faint|p1a: Golden Mushroom
|
|-weather|RainDance|[upkeep]
|-damage|p2a: Sylveon|87/100 psn|[from] psn
|upkeep
|
|t:|1784812312
|switch|p1b: Bascullet Bill|Basculegion, L50, M|100/100
|switch|p1a: SuperStar|Charizard, L50, F|100/100
|turn|5
|
|t:|1784812321
|move|p1a: SuperStar|Protect|p1a: SuperStar
|-singleturn|p1a: SuperStar|Protect
|move|p2b: Dragonite|Protect|p2b: Dragonite
|-singleturn|p2b: Dragonite|Protect
|move|p1b: Bascullet Bill|Wave Crash|p2a: Sylveon
|-damage|p2a: Sylveon|0 fnt
|faint|p2a: Sylveon
|-damage|p1b: Bascullet Bill|70/100|[from] Recoil
|
|-weather|none
|-sideend|p1: HOPE AND DESIRE|move: Tailwind
|upkeep
|
|t:|1784812325
|switch|p2a: Politoed|Politoed, L50, F|80/100
|-status|p2a: Politoed|tox
|-weather|RainDance|[from] ability: Drizzle|[of] p2a: Politoed
|turn|6
|
|t:|1784812339
|detailschange|p1a: SuperStar|Charizard-Mega-Y, L50, F
|-mega|p1a: SuperStar|Charizard|Charizardite Y
|-weather|SunnyDay|[from] ability: Drought|[of] p1a: SuperStar
|detailschange|p2b: Dragonite|Dragonite-Mega, L50, F
|-mega|p2b: Dragonite|Dragonite|Dragoninite
|move|p1b: Bascullet Bill|Aqua Jet|p2b: Dragonite
|-resisted|p2b: Dragonite|1
|-damage|p2b: Dragonite|0 fnt
|faint|p2b: Dragonite
|move|p1a: SuperStar|Solar Beam||[still]
|-prepare|p1a: SuperStar|Solar Beam
|-anim|p1a: SuperStar|Solar Beam|p2a: Politoed
|-supereffective|p2a: Politoed|1
|-damage|p2a: Politoed|0 fnt
|faint|p2a: Politoed
|
|win|HOPE AND DESIRE
||Moitamo is ready for game 2.
|inactive|HOPE AND DESIRE has 30 seconds to confirm battle start!
