|j|☆ev_evan
|j|☆Awammy
|html|ev_evanAwammy    
|uhtml|bestof|Game 3 of a best-of-3
|t:|1757777658
|gametype|doubles
|player|p1|ev_evan|170|
|player|p2|Awammy|colress|
|gen|9
|tier|[Gen 9] VGC 2025 Reg H (Bo3)
|rule|Species Clause: Limit one of each Pokémon
|rule|Item Clause: Limit 1 of each item
|clearpoke
|poke|p1|Baxcalibur, L50, F|
|poke|p1|Talonflame, L50, F|
|poke|p1|Gholdengo, L50|
|poke|p1|Rillaboom, L50, M|
|poke|p1|Ursaluna-Bloodmoon, L50, M|
|poke|p1|Malamar, L50, M|
|poke|p2|Rillaboom, L50, F|
|poke|p2|Kingambit, L50, F|
|poke|p2|Pelipper, L50, F|
|poke|p2|Archaludon, L50, F|
|poke|p2|Basculegion, L50, M|
|poke|p2|Amoonguss, L50, M|
|teampreview|4
|showteam|p1|Baxcalibur||LoadedDice|ThermalExchange|IceShard,IcicleSpear,ScaleShot,Protect|||F|||50|,,,,,Water]Talonflame||CovertCloak|GaleWings|Tailwind,Taunt,DualWingbeat,Ember|||F|||50|,,,,,Dark]Gholdengo||WeaknessPolicy|GoodasGold|MakeItRain,PowerGem,ShadowBall,Protect||||||50|,,,,,Dragon]Rillaboom||AssaultVest|GrassySurge|FakeOut,Uturn,WoodHammer,HighHorsepower|||M|||50|,,,,,Fire]Ursaluna-Bloodmoon||LifeOrb|MindsEye|Protect,HyperVoice,BloodMoon,EarthPower|||M|||50|,,,,,Normal]Malamar||SitrusBerry|Contrary|TopsyTurvy,Superpower,KnockOff,TrickRoom|||M|||50|,,,,,Water
|showteam|p2|Rillaboom||LoadedDice|GrassySurge|FakeOut,GrassyGlide,BulletSeed,Taunt|||F|||50|,,,,,Fire]Kingambit||SafetyGoggles|Defiant|KowtowCleave,SuckerPunch,SwordsDance,Protect|||F|||50|,,,,,Dark]Pelipper||FocusSash|Drizzle|Hurricane,WeatherBall,Tailwind,Protect|||F|||50|,,,,,Ground]Archaludon||AssaultVest|Stamina|ElectroShot,DragonPulse,FlashCannon,BodyPress|||F|||50|,,,,,Fairy]Basculegion||LifeOrb|SwiftSwim|WaveCrash,AquaJet,Protect,LastRespects|||M|||50|,,,,,Water]Amoonguss||SitrusBerry|Regenerator|Protect,Spore,RagePowder,PollenPuff|||M|||50|,,,,,Water
|inactive|Battle timer is ON: inactive players will automatically lose when time's up. (requested by ev_evan)
|inactive|Awammy also wants the timer to be on.
|inactive|ev_evan has 60 seconds left.
|inactive|Awammy has 60 seconds left.
|inactive|Awammy has 30 seconds left.
|
|t:|1757777719
|teamsize|p1|4
|teamsize|p2|4
|start
|switch|p1a: Hanami|Rillaboom, L50, M|100/100
|switch|p1b: AnkleBreaker9000|Malamar, L50, M|100/100
|switch|p2a: Archaludon|Archaludon, L50, F, shiny|100/100
|switch|p2b: Amoonguss|Amoonguss, L50, M, shiny|100/100
|-fieldstart|move: Grassy Terrain|[from] ability: Grassy Surge|[of] p1a: Hanami
|turn|1
|inactive|ev_evan has 30 seconds left.
|inactive|Awammy has 30 seconds left.
|inactive|ev_evan has 20 seconds left.
|inactive|Awammy has 20 seconds left.
|inactive|ev_evan has 15 seconds left.
|inactive|Awammy has 15 seconds left.
|
|t:|1757777763
|move|p2b: Amoonguss|Rage Powder|p2b: Amoonguss
|-singleturn|p2b: Amoonguss|move: Rage Powder
|move|p1a: Hanami|High Horsepower|p2b: Amoonguss
|-damage|p2b: Amoonguss|77/100
|move|p2a: Archaludon|Dragon Pulse|p1b: AnkleBreaker9000
|-damage|p1b: AnkleBreaker9000|52/100
|move|p1b: AnkleBreaker9000|Knock Off|p2b: Amoonguss
|-damage|p2b: Amoonguss|51/100
|-enditem|p2b: Amoonguss|Sitrus Berry|[from] move: Knock Off|[of] p1b: AnkleBreaker9000
|
|-heal|p1b: AnkleBreaker9000|59/100|[from] Grassy Terrain
|-heal|p2b: Amoonguss|57/100|[from] Grassy Terrain
|upkeep
|turn|2
|
|t:|1757777780
|switch|p2b: Pelipper|Pelipper, L50, F, shiny|100/100
|-weather|RainDance|[from] ability: Drizzle|[of] p2b: Pelipper
|move|p1a: Hanami|U-turn|p2b: Pelipper
|-resisted|p2b: Pelipper
|-damage|p2b: Pelipper|84/100
|
|t:|1757777786
|switch|p1a: Lobotomy Kaisen|Ursaluna-Bloodmoon, L50, M|100/100|[from] U-turn
|move|p2a: Archaludon|Electro Shot||[still]
|-prepare|p2a: Archaludon|Electro Shot
|-boost|p2a: Archaludon|spa|1
|-anim|p2a: Archaludon|Electro Shot|p1b: AnkleBreaker9000
|-damage|p1b: AnkleBreaker9000|0 fnt
|faint|p1b: AnkleBreaker9000
|
|-weather|RainDance|[upkeep]
|upkeep
|
|t:|1757777788
|switch|p1b: Hanami|Rillaboom, L50, M|100/100
|turn|3
|inactive|Awammy has 30 seconds left.
|inactive|Awammy has 20 seconds left.
|inactive|Awammy has 15 seconds left.
|inactive|Awammy has 10 seconds left.
|inactive|Awammy has 5 seconds left.
|
|t:|1757777841
|move|p1b: Hanami|Wood Hammer|p2b: Pelipper
|-damage|p2b: Pelipper|0 fnt
|faint|p2b: Pelipper
|-damage|p1b: Hanami|79/100|[from] Recoil
|move|p2a: Archaludon|Dragon Pulse|p1a: Lobotomy Kaisen
|-damage|p1a: Lobotomy Kaisen|31/100
|move|p1a: Lobotomy Kaisen|Earth Power|p2a: Archaludon
|-supereffective|p2a: Archaludon
|-damage|p2a: Archaludon|0 fnt
|faint|p2a: Archaludon
|-damage|p1a: Lobotomy Kaisen|21/100|[from] item: Life Orb
|
|-weather|RainDance|[upkeep]
|-heal|p1b: Hanami|84/100|[from] Grassy Terrain
|-heal|p1a: Lobotomy Kaisen|27/100|[from] Grassy Terrain
|upkeep
|
|t:|1757777851
|switch|p2b: Kingambit|Kingambit, L50, F, shiny|100/100
|switch|p2a: Amoonguss|Amoonguss, L50, M, shiny|90/100
|turn|4
|
|t:|1757777873
|move|p2b: Kingambit|Protect|p2b: Kingambit
|-singleturn|p2b: Kingambit|Protect
|move|p1b: Hanami|High Horsepower|p2b: Kingambit
|-activate|p2b: Kingambit|move: Protect
|move|p1a: Lobotomy Kaisen|Hyper Voice|p2b: Kingambit|[spread] p2a
|-activate|p2b: Kingambit|move: Protect
|-damage|p2a: Amoonguss|49/100
|-damage|p1a: Lobotomy Kaisen|17/100|[from] item: Life Orb
|move|p2a: Amoonguss|Spore|p1a: Lobotomy Kaisen
|-status|p1a: Lobotomy Kaisen|slp|[from] move: Spore
|
|-weather|RainDance|[upkeep]
|-heal|p1b: Hanami|90/100|[from] Grassy Terrain
|-heal|p1a: Lobotomy Kaisen|23/100 slp|[from] Grassy Terrain
|-heal|p2a: Amoonguss|55/100|[from] Grassy Terrain
|upkeep
|turn|5
|
|t:|1757777898
|-terastallize|p2b: Kingambit|Dark
|move|p1b: Hanami|High Horsepower|p2b: Kingambit
|-damage|p2b: Kingambit|78/100
|move|p2b: Kingambit|Swords Dance|p2b: Kingambit
|-boost|p2b: Kingambit|atk|2
|cant|p1a: Lobotomy Kaisen|slp
|move|p2a: Amoonguss|Pollen Puff|p2b: Kingambit
|-heal|p2b: Kingambit|100/100
|
|-weather|RainDance|[upkeep]
|-heal|p1b: Hanami|96/100|[from] Grassy Terrain
|-heal|p1a: Lobotomy Kaisen|29/100 slp|[from] Grassy Terrain
|-heal|p2a: Amoonguss|60/100|[from] Grassy Terrain
|-fieldend|move: Grassy Terrain
|upkeep
|turn|6
|inactive|Awammy has 30 seconds left.
|
|t:|1757777924
|move|p1b: Hanami|U-turn|p2b: Kingambit
|-supereffective|p2b: Kingambit
|-damage|p2b: Kingambit|63/100
|
|t:|1757777927
|switch|p1b: You're poor|Gholdengo, L50|100/100|[from] U-turn
|move|p2b: Kingambit|Kowtow Cleave|p1a: Lobotomy Kaisen
|-damage|p1a: Lobotomy Kaisen|0 fnt
|faint|p1a: Lobotomy Kaisen
|move|p2a: Amoonguss|Spore|p1b: You're poor
|-immune|p1b: You're poor|[from] ability: Good as Gold
|
|-weather|none
|upkeep
|
|t:|1757777932
|switch|p1a: Hanami|Rillaboom, L50, M|96/100
|-fieldstart|move: Grassy Terrain|[from] ability: Grassy Surge|[of] p1a: Hanami
|turn|7
|
|t:|1757777949
|-terastallize|p1b: You're poor|Dragon
|move|p2b: Kingambit|Protect|p2b: Kingambit
|-singleturn|p2b: Kingambit|Protect
|move|p2a: Amoonguss|Protect|p2a: Amoonguss
|-singleturn|p2a: Amoonguss|Protect
|move|p1a: Hanami|Fake Out|p2b: Kingambit
|-activate|p2b: Kingambit|move: Protect
|move|p1b: You're poor|Shadow Ball|p2a: Amoonguss
|-activate|p2a: Amoonguss|move: Protect
|
|-heal|p1a: Hanami|100/100|[from] Grassy Terrain
|-heal|p2b: Kingambit|68/100|[from] Grassy Terrain
|-heal|p2a: Amoonguss|66/100|[from] Grassy Terrain
|upkeep
|turn|8
|inactive|ev_evan has 30 seconds left.
|
|t:|1757777978
|move|p2b: Kingambit|Sucker Punch|p1b: You're poor
|-damage|p1b: You're poor|0 fnt
|faint|p1b: You're poor
|move|p1a: Hanami|U-turn|p2b: Kingambit
|-supereffective|p2b: Kingambit
|-damage|p2b: Kingambit|34/100
|move|p2a: Amoonguss|Pollen Puff|p2b: Kingambit
|-heal|p2b: Kingambit|84/100
|
|-heal|p2b: Kingambit|89/100|[from] Grassy Terrain
|-heal|p2a: Amoonguss|72/100|[from] Grassy Terrain
|upkeep
|turn|9
|c|☆ev_evan|Damn
|c|☆ev_evan|GG
|c|☆Awammy|malamar is so scary wtf
|inactive|Awammy has 30 seconds left.
|c|☆Awammy|ggs
|
|t:|1757778011
|move|p1a: Hanami|U-turn|p2b: Kingambit
|-supereffective|p2b: Kingambit
|-damage|p2b: Kingambit|53/100
|move|p2b: Kingambit|Kowtow Cleave|p1a: Hanami
|-damage|p1a: Hanami|0 fnt
|faint|p1a: Hanami
|
|win|Awammy
