|j|☆testdigi
|j|☆Magicalarcher57
|html|testdigiMagicalarcher57    
|uhtml|bestof|Game 1 of a best-of-3
|t:|1782474808
|gametype|doubles
|player|p1|testdigi|1|1070
|player|p2|Magicalarcher57|diantha|1116
|gen|9
|tier|[Gen 9 Champions] VGC 2026 Reg M-B (Bo3)
|rated|
|rule|Species Clause: Limit one of each Pokémon
|rule|Item Clause: Limit 1 of each item
|clearpoke
|poke|p1|Hydreigon, L50, F|
|poke|p1|Garchomp, L50, F|
|poke|p1|Metagross, L50, shiny|
|poke|p1|Grimmsnarl, L50, M, shiny|
|poke|p1|Charizard, L50, F, shiny|
|poke|p1|Toxapex, L50, F, shiny|
|poke|p2|Raichu, L50, F, shiny|
|poke|p2|Garchomp, L50, M, shiny|
|poke|p2|Whimsicott, L50, M, shiny|
|poke|p2|Kingambit, L50, F, shiny|
|poke|p2|Basculegion, L50, M, shiny|
|poke|p2|Charizard, L50, M, shiny|
|teampreview|4
|showteam|p1|Hydreigon||ChoiceScarf|Levitate|HeatWave,DarkPulse,DracoMeteor,Snarl|Modest||F|||50|]Garchomp||SitrusBerry|RoughSkin|Protect,RockSlide,DragonClaw,Earthquake|Adamant||F|||50|]Metagross||Metagrossite|ClearBody|Protect,HammerArm,BulletPunch,IronHead|Serious|||||50|]Grimmsnarl||RoseliBerry|Prankster|FakeOut,LightScreen,Reflect,PartingShot|Sassy||M|||50|]Charizard||CharizarditeY|Blaze|Protect,HeatWave,SolarBeam,WeatherBall|Timid||F|||50|]Toxapex||Leftovers|Regenerator|Infestation,Toxic,BanefulBunker,WideGuard|Bold||F|||50|
|showteam|p2|Raichu||RaichuniteY|LightningRod|FakeOut,FocusBlast,ZapCannon,Protect|Timid||F|||50|]Garchomp||LifeOrb|RoughSkin|DragonClaw,Earthquake,StompingTantrum,Protect|Jolly||M|||50|]Whimsicott||FocusSash|Prankster|Moonblast,Tailwind,SunnyDay,Encore|Timid||M|||50|]Kingambit||BlackGlasses|Defiant|SuckerPunch,KowtowCleave,IronHead,Protect|Adamant||F|||50|]Basculegion||ChoiceScarf|Adaptability|LastRespects,WaveCrash,FlipTurn,AquaJet|Jolly||M|||50|]Charizard||CharizarditeY|Blaze|WeatherBall,SolarBeam,HeatWave,Protect|Modest||M|||50|
|inactive|Battle timer is ON: inactive players will automatically lose when time's up. (requested by Magicalarcher57)
|inactive|testdigi has 60 seconds left.
|inactive|testdigi has 30 seconds left.
|inactive|testdigi has 20 seconds left.
|
|t:|1782474883
|teamsize|p1|4
|teamsize|p2|4
|start
|switch|p1a: Grimmsnarl|Grimmsnarl, L50, M, shiny|100/100
|switch|p1b: Garchomp|Garchomp, L50, F|100/100
|switch|p2a: Circe|Whimsicott, L50, M, shiny|100/100
|switch|p2b: Hermes|Raichu, L50, F, shiny|100/100
|turn|1
|
|t:|1782474902
|detailschange|p2b: Hermes|Raichu-Mega-Y, L50, F, shiny
|-mega|p2b: Hermes|Raichu|Raichunite Y
|move|p2b: Hermes|Fake Out|p1a: Grimmsnarl
|-damage|p1a: Grimmsnarl|92/100
|cant|p1a: Grimmsnarl|flinch
|move|p2a: Circe|Moonblast|p1b: Garchomp
|-supereffective|p1b: Garchomp|1
|-damage|p1b: Garchomp|34/100
|-enditem|p1b: Garchomp|Sitrus Berry|[eat]
|-heal|p1b: Garchomp|59/100|[from] item: Sitrus Berry
|move|p1b: Garchomp|Dragon Claw|p2b: Hermes
|-damage|p2b: Hermes|40/100
|
|upkeep
|turn|2
|inactive|testdigi has 30 seconds left.
|
|t:|1782474927
|move|p1b: Garchomp|Protect|p1b: Garchomp
|-singleturn|p1b: Garchomp|Protect
|move|p1a: Grimmsnarl|Light Screen|p1a: Grimmsnarl
|-sidestart|p1: testdigi|move: Light Screen
|move|p2b: Hermes|Zap Cannon|p1a: Grimmsnarl
|-damage|p1a: Grimmsnarl|50/100g
|-status|p1a: Grimmsnarl|par
|move|p2a: Circe|Moonblast|p1b: Garchomp
|-activate|p1b: Garchomp|move: Protect
|
|upkeep
|turn|3
|
|t:|1782474951
|move|p1a: Grimmsnarl|Parting Shot|p2b: Hermes
|-unboost|p2b: Hermes|atk|1
|-unboost|p2b: Hermes|spa|1
|
|t:|1782474959
|switch|p1a: Toxapex|Toxapex, L50, F, shiny|100/100|[from] Parting Shot
|move|p2b: Hermes|Zap Cannon|p1a: Toxapex
|-supereffective|p1a: Toxapex|1
|-damage|p1a: Toxapex|54/100
|-status|p1a: Toxapex|par
|move|p2a: Circe|Moonblast|p1b: Garchomp
|-supereffective|p1b: Garchomp|1
|-damage|p1b: Garchomp|14/100
|move|p1b: Garchomp|Dragon Claw|p2b: Hermes
|-damage|p2b: Hermes|0 fnt
|faint|p2b: Hermes
|
|-heal|p1a: Toxapex|59/100 par|[from] item: Leftovers
|upkeep
|
|t:|1782474980
|switch|p2b: Athena|Garchomp, L50, M, shiny|100/100
|turn|4
|
|t:|1782474993
|switch|p1b: Grimmsnarl|Grimmsnarl, L50, M, shiny|50/100g par
|move|p1a: Toxapex|Baneful Bunker|p1a: Toxapex
|-singleturn|p1a: Toxapex|move: Protect
|move|p2a: Circe|Moonblast|p1b: Grimmsnarl
|-supereffective|p1b: Grimmsnarl|1
|-enditem|p1b: Grimmsnarl|Roseli Berry|[eat]
|-enditem|p1b: Grimmsnarl|Roseli Berry|[weaken]
|-damage|p1b: Grimmsnarl|28/100 par
|move|p2b: Athena|Stomping Tantrum|p1a: Toxapex
|-activate|p1a: Toxapex|move: Protect
|-status|p2b: Athena|psn
|
|-heal|p1a: Toxapex|65/100 par|[from] item: Leftovers
|-damage|p2b: Athena|87/100 psn|[from] psn
|upkeep
|turn|5
|inactive|Magicalarcher57 has 30 seconds left.
|inactive|Magicalarcher57 has 20 seconds left.
|inactive|Magicalarcher57 has 15 seconds left.
|inactive|Magicalarcher57 has 10 seconds left.
|
|t:|1782475038
|move|p2b: Athena|Protect|p2b: Athena
|-singleturn|p2b: Athena|Protect
|move|p1b: Grimmsnarl|Fake Out|p2a: Circe
|-damage|p2a: Circe|83/100
|cant|p2a: Circe|flinch
|move|p1a: Toxapex|Infestation|p2a: Circe
|-damage|p2a: Circe|78/100
|-activate|p2a: Circe|move: Infestation|[of] p1a: Toxapex
|
|-heal|p1a: Toxapex|71/100 par|[from] item: Leftovers
|-damage|p2b: Athena|75/100 psn|[from] psn
|-damage|p2a: Circe|66/100|[from] move: Infestation|[partiallytrapped]
|upkeep
|turn|6
|
|t:|1782475055
|move|p1a: Toxapex|Baneful Bunker|p1a: Toxapex
|-singleturn|p1a: Toxapex|move: Protect
|move|p2a: Circe|Encore|p1a: Toxapex
|-activate|p1a: Toxapex|move: Protect
|move|p1b: Grimmsnarl|Reflect|p1b: Grimmsnarl
|-sidestart|p1: testdigi|Reflect
|move|p2b: Athena|Earthquake|p1b: Grimmsnarl|[spread] p2a,p1b
|-activate|p1a: Toxapex|move: Protect
|-resisted|p2a: Circe|1
|-damage|p2a: Circe|31/100
|-damage|p1b: Grimmsnarl|0 fnt
|faint|p1b: Grimmsnarl
|-damage|p2b: Athena|65/100 psn|[from] item: Life Orb
|
|-heal|p1a: Toxapex|77/100 par|[from] item: Leftovers
|-damage|p2b: Athena|52/100 psn|[from] psn
|-damage|p2a: Circe|19/100|[from] move: Infestation|[partiallytrapped]
|-sideend|p1: testdigi|move: Light Screen
|upkeep
|
|t:|1782475062
|switch|p1b: Charizard|Charizard, L50, F, shiny|100/100
|turn|7
|
|t:|1782475074
|-heal|p1a: Toxapex|100/100 par|[from] ability: Regenerator|[silent]
|switch|p1a: Garchomp|Garchomp, L50, F|14/100
|detailschange|p1b: Charizard|Charizard-Mega-Y, L50, F, shiny
|-mega|p1b: Charizard|Charizard|Charizardite Y
|-weather|SunnyDay|[from] ability: Drought|[of] p1b: Charizard
|move|p2a: Circe|Tailwind|p2a: Circe
|-sidestart|p2: Magicalarcher57|move: Tailwind
|move|p2b: Athena|Dragon Claw|p1b: Charizard
|-damage|p1b: Charizard|58/100
|-damage|p2b: Athena|43/100 psn|[from] item: Life Orb
|move|p1b: Charizard|Weather Ball|p2b: Athena
|-resisted|p2b: Athena|1
|-damage|p2b: Athena|0 fnt
|faint|p2b: Athena
|
|-weather|SunnyDay|[upkeep]
|-end|p2a: Circe|Infestation|[partiallytrapped]|[silent]
|upkeep
|
|t:|1782475077
|switch|p2b: Basculegion|Basculegion, L50, M, shiny|100/100
|turn|8
|
|t:|1782475091
|switch|p1b: Toxapex|Toxapex, L50, F, shiny|100/100 par
|move|p1a: Garchomp|Protect|p1a: Garchomp
|-singleturn|p1a: Garchomp|Protect
|move|p2b: Basculegion|Last Respects|p1b: Toxapex
|-damage|p1b: Toxapex|56/100 par
|move|p2a: Circe|Moonblast|p1a: Garchomp
|-activate|p1a: Garchomp|move: Protect
|
|-weather|SunnyDay|[upkeep]
|-heal|p1b: Toxapex|62/100 par|[from] item: Leftovers
|upkeep
|turn|9
|
|t:|1782475110
|move|p2a: Circe|Encore|p1a: Garchomp
|-start|p1a: Garchomp|Encore
|move|p1a: Garchomp|Protect||[still]
|-fail|p1a: Garchomp
|move|p2b: Basculegion|Last Respects|p1b: Toxapex
|-damage|p1b: Toxapex|22/100 par
|move|p1b: Toxapex|Toxic|p2b: Basculegion
|-status|p2b: Basculegion|tox
|
|-weather|SunnyDay|[upkeep]
|-heal|p1b: Toxapex|28/100 par|[from] item: Leftovers
|-damage|p2b: Basculegion|93/100 tox|[from] psn
|upkeep
|turn|10
|
|t:|1782475121
|-heal|p1b: Toxapex|61/100 par|[from] ability: Regenerator|[silent]
|switch|p1b: Charizard|Charizard-Mega-Y, L50, F, shiny|58/100
|move|p1a: Garchomp|Protect|p1a: Garchomp
|-singleturn|p1a: Garchomp|Protect
|move|p2b: Basculegion|Last Respects|p1b: Charizard
|-damage|p1b: Charizard|0 fnt
|faint|p1b: Charizard
|move|p2a: Circe|Moonblast|p1a: Garchomp
|-activate|p1a: Garchomp|move: Protect
|
|-weather|SunnyDay|[upkeep]
|-damage|p2b: Basculegion|81/100 tox|[from] psn
|-sideend|p1: testdigi|Reflect
|-sideend|p2: Magicalarcher57|move: Tailwind
|upkeep
|
|t:|1782475123
|switch|p1b: Toxapex|Toxapex, L50, F, shiny|61/100 par
|turn|11
|
|t:|1782475130
|move|p1a: Garchomp|Protect|p1a: Garchomp
|-singleturn|p1a: Garchomp|Protect
|move|p2b: Basculegion|Last Respects|p1b: Toxapex
|-damage|p1b: Toxapex|0 fnt
|faint|p1b: Toxapex
|move|p2a: Circe|Moonblast|p1a: Garchomp
|-activate|p1a: Garchomp|move: Protect
|
|-weather|none
|-damage|p2b: Basculegion|63/100 tox|[from] psn
|-end|p1a: Garchomp|Encore
|upkeep
|turn|12
|-message|testdigi forfeited.
|
|win|Magicalarcher57
