|j|☆Balannik
|j|☆Gitaxis99
|html|BalannikGitaxis99    
|uhtml|bestof|Game 3 of a best-of-3
|t:|1783719680
|gametype|doubles
|player|p1|Balannik|clair|
|player|p2|Gitaxis99|170|
|gen|9
|tier|[Gen 9 Champions] VGC 2026 Reg M-B (Bo3)
|rule|Species Clause: Limit one of each Pokémon
|rule|Item Clause: Limit 1 of each item
|clearpoke
|poke|p1|Floette-Eternal, L50, F|
|poke|p1|Orthworm, L50, M|
|poke|p1|Sinistcha-Masterpiece, L50|
|poke|p1|Abomasnow, L50, M|
|poke|p1|Annihilape, L50, M|
|poke|p1|Delphox, L50, F, shiny|
|poke|p2|Houndstone, L50, F|
|poke|p2|Eelektross, L50, F|
|poke|p2|Tyranitar, L50, M|
|poke|p2|Excadrill, L50, F|
|poke|p2|Sableye, L50, M|
|poke|p2|Milotic, L50, M|
|teampreview|4
|showteam|p1|Floette-Eternal||Floettite|FlowerVeil|Protect,CalmMind,DazzlingGleam,DrainingKiss|Modest||F|||50|]Orthworm||SitrusBerry|EarthEater|BodyPress,IronDefense,ShedTail,HeavySlam|Careful||M|||50|]Sinistcha-Masterpiece||KasibBerry|Hospitality|MatchaGotcha,Protect,RagePowder,LifeDew|Bold|||||50|]Abomasnow||LightClay|SnowWarning|AuroraVeil,Blizzard,Protect,EnergyBall|Calm||M|||50|]Annihilape||Leftovers|Defiant|RageFist,BulkUp,DrainPunch,Protect|Adamant||M|||50|]Delphox||Delphoxite|Blaze|NastyPlot,Protect,HeatWave,Psyshock|Timid||F|||50|
|showteam|p2|Houndstone||ChoiceScarf|SandRush|Poltergeist,ShadowSneak,Trick,Disable|Adamant||F|||50|]Eelektross||Eelektrossite|Levitate|FlashCannon,Flamethrower,Thunderbolt,Protect|Modest||F|||50|]Tyranitar||Tyranitarite|SandStream|RockSlide,KnockOff,LowKick,Protect|Careful||M|||50|]Excadrill||FocusSash|SandRush|RockSlide,IronHead,Earthquake,Protect|Serious||F|||50|]Sableye||LightClay|Prankster|WillOWisp,LightScreen,Encore,Disable|Calm||M|||50|]Milotic||Leftovers|Competitive|IceBeam,Scald,LifeDew,Protect|Calm||M|||50|
|j| FrozenPhoenix71
|
|t:|1783719717
|teamsize|p1|4
|teamsize|p2|4
|start
|switch|p1a: Floette|Floette-Eternal, L50, F|100/100
|switch|p1b: Orthworm|Orthworm, L50, M|100/100
|switch|p2a: Sableye|Sableye, L50, M|100/100
|switch|p2b: Milotic|Milotic, L50, M|100/100
|turn|1
|
|t:|1783719741
|detailschange|p1a: Floette|Floette-Mega, L50, F
|-mega|p1a: Floette|Floette|Floettite
|-ability|p1a: Floette|Fairy Aura
|move|p2a: Sableye|Light Screen|p2a: Sableye
|-sidestart|p2: Gitaxis99|move: Light Screen
|move|p1a: Floette|Dazzling Gleam|p2b: Milotic|[spread] p2a,p2b
|-supereffective|p2a: Sableye|1
|-damage|p2a: Sableye|25/100
|-damage|p2b: Milotic|79/100
|move|p2b: Milotic|Scald|p1a: Floette
|-damage|p1a: Floette|77/100
|-status|p1a: Floette|brn
|move|p1b: Orthworm|Iron Defense|p1b: Orthworm
|-boost|p1b: Orthworm|def|2
|
|-heal|p2b: Milotic|85/100|[from] item: Leftovers
|-damage|p1a: Floette|72/100 brn|[from] brn
|upkeep
|turn|2
|
|t:|1783719764
|move|p2a: Sableye|Disable|p1a: Floette
|-start|p1a: Floette|Disable|Dazzling Gleam
|cant|p1a: Floette|Disable|Dazzling Gleam
|move|p2b: Milotic|Life Dew|p2b: Milotic|[spread] p2a,p2b
|-heal|p2a: Sableye|50/100g
|-heal|p2b: Milotic|100/100
|move|p1b: Orthworm|Body Press|p2b: Milotic
|-damage|p2b: Milotic|48/100
|
|-heal|p2b: Milotic|54/100|[from] item: Leftovers
|-damage|p1a: Floette|66/100 brn|[from] brn
|upkeep
|turn|3
|
|t:|1783719784
|move|p2a: Sableye|Encore|p1a: Floette
|-start|p1a: Floette|Encore
|cant|p1a: Floette|Disable|Dazzling Gleam
|move|p2b: Milotic|Scald|p1b: Orthworm
|-damage|p1b: Orthworm|67/100
|-status|p1b: Orthworm|brn
|move|p1b: Orthworm|Iron Defense|p1b: Orthworm
|-boost|p1b: Orthworm|def|2
|
|-heal|p2b: Milotic|60/100|[from] item: Leftovers
|-damage|p1a: Floette|60/100 brn|[from] brn
|-damage|p1b: Orthworm|61/100 brn|[from] brn
|upkeep
|turn|4
|
|t:|1783719815
|switch|p1a: Sinistcha|Sinistcha-Masterpiece, L50|100/100
|-heal|p1b: Orthworm|86/100 brn|[from] ability: Hospitality|[of] p1a: Sinistcha
|switch|p1b: Annihilape|Annihilape, L50, M|100/100
|move|p2a: Sableye|Encore||[still]
|-fail|p2a: Sableye
|move|p2b: Milotic|Scald|p1a: Sinistcha
|-resisted|p1a: Sinistcha|1
|-damage|p1a: Sinistcha|83/100
|-status|p1a: Sinistcha|brn
|
|-heal|p2b: Milotic|66/100|[from] item: Leftovers
|-damage|p1a: Sinistcha|77/100 brn|[from] brn
|upkeep
|turn|5
|
|t:|1783719846
|switch|p1b: Floette|Floette-Mega, L50, F|60/100 brn
|-ability|p1b: Floette|Fairy Aura
|move|p2a: Sableye|Will-O-Wisp|p1b: Floette
|-fail|p1b: Floette|brn
|move|p2b: Milotic|Ice Beam|p1a: Sinistcha
|-supereffective|p1a: Sinistcha|1
|-damage|p1a: Sinistcha|25/100 brn
|move|p1a: Sinistcha|Matcha Gotcha|p2b: Milotic|[spread] p2a,p2b
|-supereffective|p2b: Milotic|1
|-damage|p2a: Sableye|31/100
|-heal|p1a: Sinistcha|34/100 brn|[from] drain|[of] p2a: Sableye
|-damage|p2b: Milotic|48/100
|-heal|p1a: Sinistcha|44/100 brn|[from] drain|[of] p2b: Milotic
|-status|p2a: Sableye|brn
|-status|p2b: Milotic|brn
|
|-heal|p2b: Milotic|54/100 brn|[from] item: Leftovers
|-damage|p1b: Floette|54/100 brn|[from] brn
|-damage|p2b: Milotic|48/100 brn|[from] brn
|-damage|p1a: Sinistcha|38/100 brn|[from] brn
|-damage|p2a: Sableye|25/100 brn|[from] brn
|upkeep
|turn|6
|
|t:|1783719882
|switch|p1a: Orthworm|Orthworm, L50, M|86/100 brn
|move|p2b: Milotic|Protect|p2b: Milotic
|-singleturn|p2b: Milotic|Protect
|move|p2a: Sableye|Disable||[still]
|-fail|p2a: Sableye
|move|p1b: Floette|Dazzling Gleam|p2b: Milotic|[spread] p2a
|-activate|p2b: Milotic|move: Protect
|-supereffective|p2a: Sableye|1
|-damage|p2a: Sableye|0 fnt
|faint|p2a: Sableye
|
|-heal|p2b: Milotic|54/100 brn|[from] item: Leftovers
|-damage|p1b: Floette|49/100 brn|[from] brn
|-damage|p2b: Milotic|48/100 brn|[from] brn
|-damage|p1a: Orthworm|80/100 brn|[from] brn
|upkeep
|
|t:|1783719896
|switch|p2a: Excadrill|Excadrill, L50, F|100/100
|turn|7
|
|t:|1783719918
|switch|p2b: Tyranitar|Tyranitar, L50, M|100/100
|-weather|Sandstorm|[from] ability: Sand Stream|[of] p2b: Tyranitar
|move|p1b: Floette|Protect|p1b: Floette
|-singleturn|p1b: Floette|Protect
|move|p2a: Excadrill|Iron Head|p1b: Floette
|-activate|p1b: Floette|move: Protect
|move|p1a: Orthworm|Body Press|p2a: Excadrill
|-supereffective|p2a: Excadrill|1
|-damage|p2a: Excadrill|65/100
|
|-weather|Sandstorm|[upkeep]
|-damage|p1b: Floette|43/100 brn|[from] Sandstorm
|-damage|p1b: Floette|37/100 brn|[from] brn
|-damage|p1a: Orthworm|74/100 brn|[from] brn
|upkeep
|turn|8
|
|t:|1783719951
|switch|p1b: Sinistcha|Sinistcha-Masterpiece, L50|38/100 brn
|-heal|p1a: Orthworm|98/100 brn|[from] ability: Hospitality|[of] p1b: Sinistcha
|detailschange|p2b: Tyranitar|Tyranitar-Mega, L50, M
|-mega|p2b: Tyranitar|Tyranitar|Tyranitarite
|move|p2a: Excadrill|Iron Head|p1b: Sinistcha
|-damage|p1b: Sinistcha|6/100 brn
|move|p2b: Tyranitar|Low Kick|p1a: Orthworm
|-supereffective|p1a: Orthworm|1
|-crit|p1a: Orthworm
|-damage|p1a: Orthworm|0 fnt
|faint|p1a: Orthworm
|
|-weather|Sandstorm|[upkeep]
|-damage|p1b: Sinistcha|0 fnt|[from] Sandstorm
|faint|p1b: Sinistcha
|-sideend|p2: Gitaxis99|move: Light Screen
|upkeep
|
|t:|1783719969
|switch|p1b: Annihilape|Annihilape, L50, M|100/100
|switch|p1a: Floette|Floette-Mega, L50, F|37/100 brn
|-ability|p1a: Floette|Fairy Aura
|turn|9
|
|t:|1783719982
|move|p1a: Floette|Protect|p1a: Floette
|-singleturn|p1a: Floette|Protect
|move|p2b: Tyranitar|Protect|p2b: Tyranitar
|-singleturn|p2b: Tyranitar|Protect
|move|p2a: Excadrill|Earthquake|p1b: Annihilape|[spread] p1b
|-activate|p2b: Tyranitar|move: Protect
|-activate|p1a: Floette|move: Protect
|-damage|p1b: Annihilape|58/100
|move|p1b: Annihilape|Bulk Up|p1b: Annihilape
|-boost|p1b: Annihilape|atk|1
|-boost|p1b: Annihilape|def|1
|
|-weather|Sandstorm|[upkeep]
|-damage|p1a: Floette|32/100 brn|[from] Sandstorm
|-damage|p1b: Annihilape|52/100|[from] Sandstorm
|-heal|p1b: Annihilape|58/100|[from] item: Leftovers
|-damage|p1a: Floette|26/100 brn|[from] brn
|upkeep
|turn|10
|
|t:|1783720019
|move|p2a: Excadrill|Rock Slide|p1a: Floette|[spread] p1a,p1b
|-resisted|p1b: Annihilape|1
|-damage|p1a: Floette|1/100 brn
|-damage|p1b: Annihilape|51/100
|cant|p1a: Floette|flinch
|move|p1b: Annihilape|Drain Punch|p2b: Tyranitar
|-supereffective|p2b: Tyranitar|2
|-damage|p2b: Tyranitar|0 fnt
|-heal|p1b: Annihilape|95/100|[from] drain|[of] p2b: Tyranitar
|faint|p2b: Tyranitar
|
|-weather|Sandstorm|[upkeep]
|-damage|p1a: Floette|0 fnt|[from] Sandstorm
|-damage|p1b: Annihilape|89/100|[from] Sandstorm
|faint|p1a: Floette
|-heal|p1b: Annihilape|95/100|[from] item: Leftovers
|upkeep
|
|t:|1783720033
|switch|p2b: Milotic|Milotic, L50, M|48/100 brn
|turn|11
|
|t:|1783720046
|move|p2a: Excadrill|Iron Head|p1b: Annihilape
|-damage|p1b: Annihilape|67/100
|move|p1b: Annihilape|Drain Punch|p2a: Excadrill
|-supereffective|p2a: Excadrill|1
|-damage|p2a: Excadrill|0 fnt
|-heal|p1b: Annihilape|95/100|[from] drain|[of] p2a: Excadrill
|faint|p2a: Excadrill
|move|p2b: Milotic|Scald|p1b: Annihilape
|-damage|p1b: Annihilape|70/100
|-status|p1b: Annihilape|brn
|
|-weather|none
|-heal|p1b: Annihilape|76/100 brn|[from] item: Leftovers
|-heal|p2b: Milotic|54/100 brn|[from] item: Leftovers
|-damage|p1b: Annihilape|70/100 brn|[from] brn
|-damage|p2b: Milotic|48/100 brn|[from] brn
|upkeep
|turn|12
|
|t:|1783720064
|move|p2b: Milotic|Protect|p2b: Milotic
|-singleturn|p2b: Milotic|Protect
|move|p1b: Annihilape|Rage Fist|p2b: Milotic
|-activate|p2b: Milotic|move: Protect
|
|-heal|p1b: Annihilape|76/100 brn|[from] item: Leftovers
|-heal|p2b: Milotic|54/100 brn|[from] item: Leftovers
|-damage|p1b: Annihilape|70/100 brn|[from] brn
|-damage|p2b: Milotic|48/100 brn|[from] brn
|upkeep
|turn|13
|
|t:|1783720076
|move|p1b: Annihilape|Rage Fist|p2b: Milotic
|-damage|p2b: Milotic|0 fnt
|faint|p2b: Milotic
|
|win|Balannik
