|j|☆Zacharykeith
|j|☆ilhanwinner
|html|Zacharykeithilhanwinner    
|uhtml|bestof|Game 1 of a best-of-3
|t:|1757081890
|gametype|doubles
|player|p1|Zacharykeith|fisherman-gen4|1130
|player|p2|ilhanwinner|2|1107
|gen|9
|tier|[Gen 9] VGC 2025 Reg H (Bo3)
|rated|
|rule|Species Clause: Limit one of each Pokémon
|rule|Item Clause: Limit 1 of each item
|clearpoke
|poke|p1|Ursaluna, L50, M|
|poke|p1|Porygon2, L50|
|poke|p1|Incineroar, L50, F|
|poke|p1|Amoonguss, L50, M|
|poke|p1|Gholdengo, L50|
|poke|p1|Tyranitar, L50, M|
|poke|p2|Politoed, L50, F|
|poke|p2|Gothitelle, L50, F|
|poke|p2|Incineroar, L50, M|
|poke|p2|Amoonguss, L50, M|
|poke|p2|Kingdra, L50, M|
|poke|p2|Archaludon, L50, F|
|teampreview|4
|showteam|p1|Ursaluna||FlameOrb|Guts|Facade,HeadlongRush,Earthquake,Protect|||M|||50|,,,,,Ghost]Porygon2||Eviolite|Download|TeraBlast,IceBeam,TrickRoom,Recover||||||50|,,,,,Fighting]Incineroar||SafetyGoggles|Intimidate|FakeOut,PartingShot,KnockOff,FlareBlitz|||F|||50|,,,,,Ghost]Amoonguss||SitrusBerry|Regenerator|Spore,RagePowder,ClearSmog,Protect|||M|||50|,,,,,Water]Gholdengo||LifeOrb|GoodasGold|MakeItRain,ShadowBall,NastyPlot,Protect||||||50|,,,,,Water]Tyranitar||AssaultVest|SandStream|RockSlide,KnockOff,TeraBlast,LowKick|||M|||50|,,,,,Flying
|showteam|p2|Politoed||Leftovers|Drizzle|Protect,WeatherBall,PerishSong,Encore|||F|||50|,,,,,Grass]Gothitelle||SitrusBerry|ShadowTag|Protect,Psychic,FakeOut,TrickRoom|||F|||50|,,,,,Dark]Incineroar||SafetyGoggles|Intimidate|Protect,KnockOff,FakeOut,PartingShot|||M|||50|,,,,,Ghost]Amoonguss||EjectButton|Regenerator|Protect,RagePowder,PollenPuff,Spore|||M|||50|,,,,,Fairy]Kingdra||LifeOrb|SwiftSwim|Protect,WeatherBall,DracoMeteor,MuddyWater|||M|||50|,,,,,Stellar]Archaludon||PowerHerb|Sturdy|Protect,ElectroShot,DragonPulse,FlashCannon|||F|||50|,,,,,Electric
|inactive|Battle timer is ON: inactive players will automatically lose when time's up. (requested by ilhanwinner)
|inactive|Zacharykeith has 60 seconds left.
|inactive|ilhanwinner has 60 seconds left.
|
|t:|1757081947
|teamsize|p1|4
|teamsize|p2|4
|start
|switch|p1a: Big dino|Tyranitar, L50, M|100/100
|switch|p1b: Fire Kitty|Incineroar, L50, F|100/100
|switch|p2a: Kingdra|Kingdra, L50, M|100/100
|switch|p2b: Archaludon|Archaludon, L50, F|100/100
|-ability|p1b: Fire Kitty|Intimidate|boost
|-unboost|p2a: Kingdra|atk|1
|-unboost|p2b: Archaludon|atk|1
|-weather|Sandstorm|[from] ability: Sand Stream|[of] p1a: Big dino
|turn|1
|
|t:|1757081966
|switch|p1a: Sussy Mushroom|Amoonguss, L50, M|100/100
|move|p2b: Archaludon|Protect|p2b: Archaludon
|-singleturn|p2b: Archaludon|Protect
|move|p2a: Kingdra|Protect|p2a: Kingdra
|-singleturn|p2a: Kingdra|Protect
|move|p1b: Fire Kitty|Parting Shot|p2b: Archaludon
|-activate|p2b: Archaludon|move: Protect
|
|-weather|Sandstorm|[upkeep]
|-damage|p2a: Kingdra|95/100|[from] Sandstorm
|-damage|p1a: Sussy Mushroom|95/100|[from] Sandstorm
|upkeep
|turn|2
|inactive|Zacharykeith has 30 seconds left.
|inactive|Zacharykeith has 20 seconds left.
|inactive|ilhanwinner has 30 seconds left.
|inactive|Zacharykeith has 15 seconds left.
|inactive|Zacharykeith has 10 seconds left.
|
|t:|1757082012
|move|p2b: Archaludon|Dragon Pulse|p1a: Sussy Mushroom
|-damage|p1a: Sussy Mushroom|59/100
|move|p2a: Kingdra|Muddy Water|p1b: Fire Kitty|[spread] p1a,p1b
|-resisted|p1a: Sussy Mushroom
|-supereffective|p1b: Fire Kitty
|-damage|p1a: Sussy Mushroom|42/100
|-damage|p1b: Fire Kitty|20/100
|-unboost|p1a: Sussy Mushroom|accuracy|1
|-enditem|p1a: Sussy Mushroom|Sitrus Berry|[eat]
|-heal|p1a: Sussy Mushroom|67/100|[from] item: Sitrus Berry
|-damage|p2a: Kingdra|85/100|[from] item: Life Orb
|move|p1b: Fire Kitty|Parting Shot|p2a: Kingdra
|-unboost|p2a: Kingdra|atk|1
|-unboost|p2a: Kingdra|spa|1
|
|t:|1757082025
|switch|p1b: String Cheese|Gholdengo, L50|100/100|[from] Parting Shot
|move|p1a: Sussy Mushroom|Spore|p2b: Archaludon
|-status|p2b: Archaludon|slp|[from] move: Spore
|
|-weather|Sandstorm|[upkeep]
|-damage|p2a: Kingdra|79/100|[from] Sandstorm
|-damage|p1a: Sussy Mushroom|61/100|[from] Sandstorm
|upkeep
|turn|3
|
|t:|1757082047
|switch|p2a: Amoonguss|Amoonguss, L50, M|100/100
|-terastallize|p2b: Archaludon|Electric
|move|p1a: Sussy Mushroom|Rage Powder|p1a: Sussy Mushroom
|-singleturn|p1a: Sussy Mushroom|move: Rage Powder
|cant|p2b: Archaludon|slp
|move|p1b: String Cheese|Nasty Plot|p1b: String Cheese
|-boost|p1b: String Cheese|spa|2
|
|-weather|Sandstorm|[upkeep]
|-damage|p2b: Archaludon|94/100 slp|[from] Sandstorm
|-damage|p1a: Sussy Mushroom|55/100|[from] Sandstorm
|-damage|p2a: Amoonguss|95/100|[from] Sandstorm
|upkeep
|turn|4
|inactive|Zacharykeith has 30 seconds left.
|
|t:|1757082077
|move|p1a: Sussy Mushroom|Rage Powder|p1a: Sussy Mushroom
|-singleturn|p1a: Sussy Mushroom|move: Rage Powder
|move|p2a: Amoonguss|Rage Powder|p2a: Amoonguss
|-singleturn|p2a: Amoonguss|move: Rage Powder
|cant|p2b: Archaludon|slp
|move|p1b: String Cheese|Make It Rain|p2a: Amoonguss|[spread] p2a,p2b
|-resisted|p2b: Archaludon
|-damage|p2a: Amoonguss|0 fnt
|-damage|p2b: Archaludon|0 fnt
|-unboost|p1b: String Cheese|spa|1
|faint|p2a: Amoonguss
|faint|p2b: Archaludon
|-damage|p1b: String Cheese|91/100|[from] item: Life Orb
|
|-weather|Sandstorm|[upkeep]
|-damage|p1a: Sussy Mushroom|50/100|[from] Sandstorm
|upkeep
|
|t:|1757082084
|switch|p2b: Kingdra|Kingdra, L50, M|79/100
|switch|p2a: Politoed|Politoed, L50, F|100/100
|-weather|RainDance|[from] ability: Drizzle|[of] p2a: Politoed
|turn|5
|
|t:|1757082105
|move|p2b: Kingdra|Muddy Water|p1a: Sussy Mushroom|[spread] p1a,p1b
|-resisted|p1a: Sussy Mushroom
|-crit|p1a: Sussy Mushroom
|-damage|p1a: Sussy Mushroom|10/100
|-damage|p1b: String Cheese|26/100
|-damage|p2b: Kingdra|69/100|[from] item: Life Orb
|move|p1b: String Cheese|Make It Rain|p2b: Kingdra|[spread] p2a,p2b
|-resisted|p2a: Politoed
|-resisted|p2b: Kingdra
|-damage|p2a: Politoed|65/100
|-damage|p2b: Kingdra|5/100
|-unboost|p1b: String Cheese|spa|1
|-damage|p1b: String Cheese|16/100|[from] item: Life Orb
|move|p2a: Politoed|Encore|p1a: Sussy Mushroom
|-start|p1a: Sussy Mushroom|Encore
|move|p1a: Sussy Mushroom|Rage Powder|p1a: Sussy Mushroom
|-singleturn|p1a: Sussy Mushroom|move: Rage Powder
|
|-weather|RainDance|[upkeep]
|-heal|p2a: Politoed|72/100|[from] item: Leftovers
|upkeep
|turn|6
|inactive|Zacharykeith has 30 seconds left.
|inactive|Zacharykeith has 20 seconds left.
|inactive|Zacharykeith has 15 seconds left.
|
|t:|1757082150
|switch|p1b: Fire Kitty|Incineroar, L50, F|20/100
|-ability|p1b: Fire Kitty|Intimidate|boost
|-unboost|p2a: Politoed|atk|1
|-unboost|p2b: Kingdra|atk|1
|move|p2b: Kingdra|Protect|p2b: Kingdra
|-singleturn|p2b: Kingdra|Protect
|move|p1a: Sussy Mushroom|Rage Powder|p1a: Sussy Mushroom
|-singleturn|p1a: Sussy Mushroom|move: Rage Powder
|move|p2a: Politoed|Weather Ball|p1a: Sussy Mushroom
|-resisted|p1a: Sussy Mushroom
|-damage|p1a: Sussy Mushroom|0 fnt
|faint|p1a: Sussy Mushroom
|
|-weather|RainDance|[upkeep]
|-heal|p2a: Politoed|78/100|[from] item: Leftovers
|upkeep
|
|t:|1757082160
|switch|p1a: Big dino|Tyranitar, L50, M|100/100
|-weather|Sandstorm|[from] ability: Sand Stream|[of] p1a: Big dino
|turn|7
|
|t:|1757082169
|-terastallize|p1a: Big dino|Flying
|move|p2a: Politoed|Protect|p2a: Politoed
|-singleturn|p2a: Politoed|Protect
|move|p2b: Kingdra|Muddy Water|p1a: Big dino|[spread] p1a,p1b
|-supereffective|p1b: Fire Kitty
|-damage|p1a: Big dino|76/100
|-damage|p1b: Fire Kitty|0 fnt
|faint|p1b: Fire Kitty
|-damage|p2b: Kingdra|0 fnt|[from] item: Life Orb
|faint|p2b: Kingdra
|move|p1a: Big dino|Rock Slide|p2a: Politoed
|-activate|p2a: Politoed|move: Protect
|
|-weather|Sandstorm|[upkeep]
|-damage|p2a: Politoed|72/100|[from] Sandstorm
|-damage|p1a: Big dino|70/100|[from] Sandstorm
|-heal|p2a: Politoed|78/100|[from] item: Leftovers
|upkeep
|inactive|Zacharykeith has 30 seconds left.
|
|t:|1757082196
|switch|p1b: String Cheese|Gholdengo, L50|16/100
|turn|8
|
|t:|1757082202
|move|p1b: String Cheese|Shadow Ball|p2a: Politoed
|-damage|p2a: Politoed|33/100
|-damage|p1b: String Cheese|7/100|[from] item: Life Orb
|move|p2a: Politoed|Weather Ball|p1a: Big dino
|-supereffective|p1a: Big dino
|-damage|p1a: Big dino|46/100
|move|p1a: Big dino|Knock Off|p2a: Politoed
|-damage|p2a: Politoed|0 fnt
|-enditem|p2a: Politoed|Leftovers|[from] move: Knock Off|[of] p1a: Big dino
|faint|p2a: Politoed
|
|win|Zacharykeith
