|j|☆MauryOF
|j|☆wittraid
|html|MauryOFwittraid    
|uhtml|bestof|Game 2 of a best-of-3
|t:|1757233667
|gametype|doubles
|player|p1|MauryOF|clerk|1212
|player|p2|wittraid|2|1327
|gen|9
|tier|[Gen 9] VGC 2025 Reg H (Bo3)
|rated|
|rule|Species Clause: Limit one of each Pokémon
|rule|Item Clause: Limit 1 of each item
|clearpoke
|poke|p1|Gastrodon-East, L50, F|
|poke|p1|Annihilape, L50, F|
|poke|p1|Torkoal, L50, F|
|poke|p1|Indeedee-F, L50, F|
|poke|p1|Exeggutor, L50, F|
|poke|p1|Typhlosion-Hisui, L50, F|
|poke|p2|Pelipper, L50, F|
|poke|p2|Archaludon, L50, F|
|poke|p2|Basculegion, L50, M|
|poke|p2|Incineroar, L50, F|
|poke|p2|Sinistcha-Masterpiece, L50|
|poke|p2|Ursaluna-Bloodmoon, L50, M|
|teampreview|4
|showteam|p1|Gastrodon-East||Leftovers|StormDrain|Recover,Protect,EarthPower,IceBeam|||F|||50|,,,,,Grass]Annihilape||ChoiceScarf|Defiant|FinalGambit,Uturn,ShadowClaw,CloseCombat|||F|||50|,,,,,Fighting]Torkoal||EjectPack|Drought|Overheat,Protect,Eruption,HelpingHand|||F|||50|,,,,,Fire]Indeedee-F||SafetyGoggles|PsychicSurge|FollowMe,HelpingHand,Psychic,TrickRoom|||F|||50|,,,,,Fairy]Exeggutor||LifeOrb|Chlorophyll|ExpandingForce,TrickRoom,GigaDrain,Protect|||F|||50|,,,,,Psychic]Typhlosion-Hisui||Charcoal|Blaze|Eruption,HeatWave,ShadowBall,Protect|||F|||50|,,,,,Fire
|showteam|p2|Pelipper||FocusSash|Drizzle|Tailwind,WideGuard,Hurricane,Protect|||F|||50|,,,,,Ghost]Archaludon||AssaultVest|Stamina|ElectroShot,DragonPulse,BodyPress,Snarl|||F|||50|,,,,,Grass]Basculegion||ChoiceBand|SwiftSwim|WaveCrash,LastRespects,AquaJet,FlipTurn|||M|||50|,,,,,Grass]Incineroar||SafetyGoggles|Intimidate|FakeOut,KnockOff,Taunt,PartingShot|||F|||50|,,,,,Ghost]Sinistcha-Masterpiece||SitrusBerry|Hospitality|RagePowder,MatchaGotcha,TrickRoom,LifeDew||||||50|,,,,,Fairy]Ursaluna-Bloodmoon||LifeOrb|MindsEye|BloodMoon,EarthPower,HyperVoice,Protect|||M|||50|,,,,,Bug
|inactive|Battle timer is ON: inactive players will automatically lose when time's up. (requested by wittraid)
|inactive|MauryOF has 60 seconds left.
|
|t:|1757233723
|teamsize|p1|4
|teamsize|p2|4
|start
|switch|p1a: Indeedee|Indeedee-F, L50, F|100/100
|switch|p1b: Exeggutor|Exeggutor, L50, F|100/100
|switch|p2a: Pelipper|Pelipper, L50, F|100/100
|switch|p2b: Archaludon|Archaludon, L50, F|100/100
|-fieldstart|move: Psychic Terrain|[from] ability: Psychic Surge|[of] p1a: Indeedee
|-weather|RainDance|[from] ability: Drizzle|[of] p2a: Pelipper
|turn|1
|inactive|wittraid has 30 seconds left.
|
|t:|1757233755
|move|p1a: Indeedee|Follow Me|p1a: Indeedee
|-singleturn|p1a: Indeedee|move: Follow Me
|move|p2b: Archaludon|Electro Shot||[still]
|-prepare|p2b: Archaludon|Electro Shot
|-boost|p2b: Archaludon|spa|1
|-anim|p2b: Archaludon|Electro Shot|p1a: Indeedee
|-damage|p1a: Indeedee|54/100
|move|p1b: Exeggutor|Giga Drain|p2a: Pelipper
|-damage|p2a: Pelipper|27/100
|-damage|p1b: Exeggutor|91/100|[from] item: Life Orb
|move|p2a: Pelipper|Hurricane|p1a: Indeedee
|-damage|p1a: Indeedee|11/100
|
|-weather|RainDance|[upkeep]
|upkeep
|turn|2
|
|t:|1757233779
|-terastallize|p1b: Exeggutor|Psychic
|move|p2a: Pelipper|Protect|p2a: Pelipper
|-singleturn|p2a: Pelipper|Protect
|move|p1a: Indeedee|Follow Me|p1a: Indeedee
|-singleturn|p1a: Indeedee|move: Follow Me
|move|p2b: Archaludon|Snarl|p1b: Exeggutor|[spread] p1a,p1b
|-supereffective|p1a: Indeedee
|-supereffective|p1b: Exeggutor
|-damage|p1a: Indeedee|0 fnt
|-damage|p1b: Exeggutor|43/100
|-unboost|p1b: Exeggutor|spa|1
|faint|p1a: Indeedee
|move|p1b: Exeggutor|Expanding Force|p2b: Archaludon|[spread] p2b
|-activate|p2a: Pelipper|move: Protect
|-resisted|p2b: Archaludon
|-damage|p2b: Archaludon|77/100
|-ability|p2b: Archaludon|Stamina|boost
|-boost|p2b: Archaludon|def|1
|-damage|p1b: Exeggutor|33/100|[from] item: Life Orb
|
|-weather|RainDance|[upkeep]
|upkeep
|
|t:|1757233800
|switch|p1a: Annihilape|Annihilape, L50, F|100/100
|turn|3
|
|t:|1757233823
|switch|p2b: Sinistcha|Sinistcha-Masterpiece, L50|100/100
|-heal|p2a: Pelipper|52/100|[from] ability: Hospitality|[of] p2b: Sinistcha
|switch|p1b: Gastrodon|Gastrodon-East, L50, F|100/100
|move|p2a: Pelipper|Wide Guard|p2a: Pelipper
|-singleturn|p2a: Pelipper|Wide Guard
|move|p1a: Annihilape|Shadow Claw|p2a: Pelipper
|-damage|p2a: Pelipper|23/100
|
|-weather|RainDance|[upkeep]
|upkeep
|turn|4
|inactive|MauryOF has 30 seconds left.
|
|t:|1757233851
|switch|p2a: Archaludon|Archaludon, L50, F|77/100
|move|p1a: Annihilape|Shadow Claw|p2b: Sinistcha
|-supereffective|p2b: Sinistcha
|-crit|p2b: Sinistcha
|-damage|p2b: Sinistcha|29/100
|-enditem|p2b: Sinistcha|Sitrus Berry|[eat]
|-heal|p2b: Sinistcha|53/100|[from] item: Sitrus Berry
|move|p2b: Sinistcha|Matcha Gotcha|p1a: Annihilape|[spread] p1a,p1b
|-supereffective|p1b: Gastrodon
|-damage|p1a: Annihilape|77/100
|-heal|p2b: Sinistcha|68/100|[from] drain|[of] p1a: Annihilape
|-damage|p1b: Gastrodon|21/100
|-heal|p2b: Sinistcha|100/100|[from] drain|[of] p1b: Gastrodon
|move|p1b: Gastrodon|Ice Beam|p2b: Sinistcha
|-supereffective|p2b: Sinistcha
|-damage|p2b: Sinistcha|60/100
|
|-weather|RainDance|[upkeep]
|-heal|p1b: Gastrodon|27/100|[from] item: Leftovers
|upkeep
|turn|5
|inactive|MauryOF has 30 seconds left.
|inactive|wittraid has 30 seconds left.
|inactive|wittraid has 20 seconds left.
|
|t:|1757233886
|move|p1a: Annihilape|Shadow Claw|p2b: Sinistcha
|-supereffective|p2b: Sinistcha
|-damage|p2b: Sinistcha|12/100
|move|p2a: Archaludon|Electro Shot||[still]
|-prepare|p2a: Archaludon|Electro Shot
|-boost|p2a: Archaludon|spa|1
|-anim|p2a: Archaludon|Electro Shot|p1a: Annihilape
|-damage|p1a: Annihilape|24/100
|move|p2b: Sinistcha|Matcha Gotcha|p1a: Annihilape|[spread] 
|-miss|p2b: Sinistcha|p1a: Annihilape
|-miss|p2b: Sinistcha|p1b: Gastrodon
|move|p1b: Gastrodon|Recover|p1b: Gastrodon
|-heal|p1b: Gastrodon|77/100
|
|-weather|none
|-heal|p1b: Gastrodon|83/100|[from] item: Leftovers
|-fieldend|move: Psychic Terrain
|upkeep
|turn|6
|-message|MauryOF forfeited.
|
|win|wittraid
|l|☆MauryOF
|player|p1|
|inactive|MauryOF has 30 seconds to confirm battle start!
|inactive|wittraid has 30 seconds to confirm battle start!
||MauryOF is ready for game 3.
||wittraid is ready for game 3.
|uhtml|next|Next: Game 3 of 3
