|j|☆phoenix burner
|j|☆mocha gob
|html|phoenix burnermocha gob    
|uhtml|bestof|Game 2 of a best-of-3
|t:|1785026644
|gametype|doubles
|player|p1|phoenix burner|101|1121
|player|p2|mocha gob|hiker|1214
|gen|9
|tier|[Gen 9 Champions] VGC 2026 Reg M-B (Bo3)
|rated|
|rule|Species Clause: Limit one of each Pokémon
|rule|Item Clause: Limit 1 of each item
|clearpoke
|poke|p1|Camerupt, L50, M, shiny|
|poke|p1|Kingambit, L50, M, shiny|
|poke|p1|Basculegion, L50, M, shiny|
|poke|p1|Kangaskhan, L50, F, shiny|
|poke|p1|Glimmora, L50, M, shiny|
|poke|p1|Farigiraf, L50, F, shiny|
|poke|p2|Glimmora, L50, F|
|poke|p2|Staraptor, L50, F|
|poke|p2|Whimsicott, L50, M|
|poke|p2|Weavile, L50, M|
|poke|p2|Incineroar, L50, F|
|poke|p2|Skeledirge, L50, M|
|teampreview|4
|showteam|p1|Camerupt||Cameruptite|SolidRock|HeatWave,EarthPower,Protect,AncientPower|Quiet||M|||50|]Kingambit||BlackGlasses|Defiant|KowtowCleave,IronHead,Protect,SuckerPunch|Adamant||M|||50|]Basculegion||MysticWater|Adaptability|WaveCrash,LastRespects,Protect,AquaJet|Adamant||M|||50|]Kangaskhan||LifeOrb|Scrappy|DoubleEdge,LowKick,IcePunch,FakeOut|Adamant||F|||50|]Glimmora||FocusSash|ToxicDebris|PowerGem,SludgeBomb,SpikyShield,EarthPower|Modest||M|||50|]Farigiraf||SitrusBerry|ArmorTail|Psychic,HyperVoice,TrickRoom,HelpingHand|Bold||F|||50|
|showteam|p2|Glimmora||Glimmoranite|ToxicDebris|PowerGem,EarthPower,SludgeBomb,SpikyShield|Modest||F|||50|]Staraptor||Staraptite|Intimidate|CloseCombat,BraveBird,Roost,Protect|Adamant||F|||50|]Whimsicott||MentalHerb|Prankster|Tailwind,SunnyDay,Moonblast,Charm|Bold||M|||50|]Weavile||FocusSash|Pressure|FakeOut,IceSpinner,KnockOff,IceShard|Jolly||M|||50|]Incineroar||SitrusBerry|Intimidate|FakeOut,FlareBlitz,DarkestLariat,PartingShot|Adamant||F|||50|]Skeledirge||Leftovers|Unaware|TorchSong,HeatWave,ShadowBall,Protect|Serious||M|||50|
|inactive|Battle timer is ON: inactive players will automatically lose when time's up. (requested by mocha gob)
|inactive|phoenix burner has 60 seconds left.
|
|t:|1785026677
|teamsize|p1|4
|teamsize|p2|4
|start
|switch|p1a: Glimmora|Glimmora, L50, M, shiny|100/100
|switch|p1b: Farigiraf|Farigiraf, L50, F, shiny|100/100
|switch|p2a: Incineroar|Incineroar, L50, F|100/100
|switch|p2b: Staraptor|Staraptor, L50, F|100/100
|-ability|p2b: Staraptor|Intimidate|boost
|-unboost|p1a: Glimmora|atk|1
|-unboost|p1b: Farigiraf|atk|1
|-ability|p2a: Incineroar|Intimidate|boost
|-unboost|p1a: Glimmora|atk|1
|-unboost|p1b: Farigiraf|atk|1
|turn|1
|
|t:|1785026695
|detailschange|p2b: Staraptor|Staraptor-Mega, L50, F
|-mega|p2b: Staraptor|Staraptor|Staraptite
|move|p2b: Staraptor|Close Combat|p1a: Glimmora
|-damage|p1a: Glimmora|13/100
|-boost|p2b: Staraptor|def|1
|-boost|p2b: Staraptor|spd|1
|-activate|p1a: Glimmora|ability: Toxic Debris
|-sidestart|p2: mocha gob|move: Toxic Spikes
|move|p1a: Glimmora|Power Gem|p2a: Incineroar
|-supereffective|p2a: Incineroar|1
|-damage|p2a: Incineroar|19/100
|-enditem|p2a: Incineroar|Sitrus Berry|[eat]
|-heal|p2a: Incineroar|44/100|[from] item: Sitrus Berry
|move|p2a: Incineroar|Darkest Lariat|p1b: Farigiraf
|-supereffective|p1b: Farigiraf|1
|-damage|p1b: Farigiraf|26/100
|-enditem|p1b: Farigiraf|Sitrus Berry|[eat]
|-heal|p1b: Farigiraf|51/100|[from] item: Sitrus Berry
|move|p1b: Farigiraf|Trick Room|p1b: Farigiraf
|-fieldstart|move: Trick Room|[of] p1b: Farigiraf
|
|upkeep
|turn|2
|inactive|mocha gob has 30 seconds left.
|
|t:|1785026722
|move|p1b: Farigiraf|Psychic|p2b: Staraptor
|-supereffective|p2b: Staraptor|1
|-damage|p2b: Staraptor|54/100
|move|p2a: Incineroar|Parting Shot|p2b: Staraptor
|-boost|p2b: Staraptor|atk|1
|-boost|p2b: Staraptor|spa|1
|
|t:|1785026729
|switch|p2a: Weavile|Weavile, L50, M|100/100|[from] Parting Shot
|-status|p2a: Weavile|psn
|-ability|p2a: Weavile|Pressure
|move|p1a: Glimmora|Power Gem|p2a: Weavile
|-supereffective|p2a: Weavile|1
|-enditem|p2a: Weavile|Focus Sash
|-damage|p2a: Weavile|1/100 psn
|move|p2b: Staraptor|Close Combat|p1b: Farigiraf
|-damage|p1b: Farigiraf|0 fnt
|-boost|p2b: Staraptor|def|1
|-boost|p2b: Staraptor|spd|1
|faint|p1b: Farigiraf
|
|-damage|p2a: Weavile|0 fnt|[from] psn
|faint|p2a: Weavile
|upkeep
|
|t:|1785026749
|switch|p1b: Camerupt|Camerupt, L50, M, shiny|100/100
|switch|p2a: Incineroar|Incineroar, L50, F|44/100
|-status|p2a: Incineroar|psn
|-ability|p2a: Incineroar|Intimidate|boost
|-unboost|p1a: Glimmora|atk|1
|-unboost|p1b: Camerupt|atk|1
|turn|3
|
|t:|1785026769
|switch|p1b: Basculegion|Basculegion, L50, M, shiny|100/100
|move|p2a: Incineroar|Fake Out|p1b: Basculegion
|-immune|p1b: Basculegion
|move|p1a: Glimmora|Sludge Bomb|p2b: Staraptor
|-damage|p2b: Staraptor|26/100
|move|p2b: Staraptor|Close Combat|p1b: Basculegion
|-immune|p1b: Basculegion
|
|-damage|p2a: Incineroar|32/100 psn|[from] psn
|upkeep
|turn|4
|
|t:|1785026784
|move|p1b: Basculegion|Aqua Jet|p2a: Incineroar
|-supereffective|p2a: Incineroar|1
|-damage|p2a: Incineroar|0 fnt
|faint|p2a: Incineroar
|move|p1a: Glimmora|Sludge Bomb|p2b: Staraptor
|-damage|p2b: Staraptor|1/100
|-status|p2b: Staraptor|psn
|move|p2b: Staraptor|Roost|p2b: Staraptor
|-heal|p2b: Staraptor|51/100 psn
|-singleturn|p2b: Staraptor|move: Roost
|
|-damage|p2b: Staraptor|39/100 psn|[from] psn
|upkeep
|
|t:|1785026794
|switch|p2a: Whimsicott|Whimsicott, L50, M|100/100
|-status|p2a: Whimsicott|psn
|turn|5
|
|t:|1785026807
|switch|p1b: Camerupt|Camerupt, L50, M, shiny|100/100
|move|p2a: Whimsicott|Charm|p1b: Camerupt
|-unboost|p1b: Camerupt|atk|2
|move|p1a: Glimmora|Sludge Bomb|p2a: Whimsicott
|-supereffective|p2a: Whimsicott|2
|-damage|p2a: Whimsicott|0 fnt
|faint|p2a: Whimsicott
|move|p2b: Staraptor|Close Combat|p1a: Glimmora
|-damage|p1a: Glimmora|0 fnt
|-boost|p2b: Staraptor|def|1
|-boost|p2b: Staraptor|spd|1
|-activate|p1a: Glimmora|ability: Toxic Debris
|-sidestart|p2: mocha gob|move: Toxic Spikes
|faint|p1a: Glimmora
|
|-damage|p2b: Staraptor|27/100 psn|[from] psn
|-fieldend|move: Trick Room
|upkeep
|
|t:|1785026822
|switch|p1a: Basculegion|Basculegion, L50, M, shiny|100/100
|turn|6
|
|t:|1785026830
|detailschange|p1b: Camerupt|Camerupt-Mega, L50, M, shiny
|-mega|p1b: Camerupt|Camerupt|Cameruptite
|move|p2b: Staraptor|Close Combat|p1b: Camerupt
|-damage|p1b: Camerupt|1/100
|-boost|p2b: Staraptor|def|1
|-boost|p2b: Staraptor|spd|1
|move|p1a: Basculegion|Wave Crash|p2b: Staraptor
|-damage|p2b: Staraptor|0 fnt
|faint|p2b: Staraptor
|-damage|p1a: Basculegion|91/100|[from] Recoil
|
|win|phoenix burner
|raw|phoenix burner's rating: 1121 → 1153(+32 for winning)
|raw|mocha gob's rating: 1214 → 1182(-32 for losing)
|l|☆mocha gob
|player|p2|
