|j|☆ethical sga
|j|☆Ian the blue fish
|html|ethical sgaIan the blue fish    
|uhtml|bestof|Game 2 of a best-of-3
|t:|1783438607
|gametype|doubles
|player|p1|ethical sga|lass-gen4dp|1189
|player|p2|Ian the blue fish|janitor|1277
|gen|9
|tier|[Gen 9 Champions] VGC 2026 Reg M-B (Bo3)
|rated|
|rule|Species Clause: Limit one of each Pokémon
|rule|Item Clause: Limit 1 of each item
|clearpoke
|poke|p1|Scrafty, L50, M, shiny|
|poke|p1|Ceruledge, L50, M|
|poke|p1|Ninetales-Alola, L50, M|
|poke|p1|Sinistcha, L50|
|poke|p1|Garchomp, L50, M|
|poke|p1|Raichu, L50, F|
|poke|p2|Charizard, L50, M|
|poke|p2|Farigiraf, L50, F|
|poke|p2|Sylveon, L50, F|
|poke|p2|Venusaur, L50, F|
|poke|p2|Hydreigon, L50, M|
|poke|p2|Incineroar, L50, M|
|teampreview|4
|showteam|p1|Scrafty||Scraftinite|Intimidate|Detect,DrainPunch,KnockOff,FakeOut|Adamant||M|||50|]Ceruledge||ColburBerry|FlashFire|Protect,BitterBlade,ShadowSneak,BulkUp|Adamant||M|||50|]Ninetales-Alola||NeverMeltIce|SnowWarning|Protect,FreezeDry,IcyWind,AuroraVeil|Timid||M|||50|]Sinistcha||FocusSash|Hospitality|Protect,MatchaGotcha,Hex,RagePowder|Modest|||||50|]Garchomp||LifeOrb|RoughSkin|Protect,DragonClaw,StompingTantrum,RockTomb|Jolly||M|||50|]Raichu||RaichuniteY|LightningRod|Protect,ZapCannon,FocusBlast,FakeOut|Timid||F|||50|
|showteam|p2|Charizard||CharizarditeY|SolarPower|AncientPower,HeatWave,WeatherBall,Protect|Modest||M|||50|]Farigiraf||ColburBerry|ArmorTail|Thunderbolt,TwinBeam,TrickRoom,HelpingHand|Relaxed||F|||50|]Sylveon||FairyFeather|Pixilate|HyperBeam,HyperVoice,QuickAttack,Detect|Modest||F|||50|]Venusaur||FocusSash|Chlorophyll|SleepPowder,LeafStorm,SludgeBomb,Protect|Modest||F|||50|]Hydreigon||ChoiceScarf|Levitate|EarthPower,DarkPulse,DracoMeteor,Snarl|Modest||M|||50|]Incineroar||SitrusBerry|Intimidate|FakeOut,FlareBlitz,DarkestLariat,PartingShot|Careful||M|||50|
|
|t:|1783438631
|teamsize|p1|4
|teamsize|p2|4
|start
|switch|p1a: Garchomp|Garchomp, L50, M|100/100
|switch|p1b: Raichu|Raichu, L50, F|100/100
|switch|p2a: Hydreigon|Hydreigon, L50, M|100/100
|switch|p2b: Charizardz|Charizard, L50, M|100/100
|turn|1
|
|t:|1783438654
|switch|p2a: Incineroar|Incineroar, L50, M|100/100
|-ability|p2a: Incineroar|Intimidate|boost
|-unboost|p1a: Garchomp|atk|1
|-unboost|p1b: Raichu|atk|1
|detailschange|p1b: Raichu|Raichu-Mega-Y, L50, F
|-mega|p1b: Raichu|Raichu|Raichunite Y
|detailschange|p2b: Charizardz|Charizard-Mega-Y, L50, M
|-mega|p2b: Charizardz|Charizard|Charizardite Y
|-weather|SunnyDay|[from] ability: Drought|[of] p2b: Charizardz
|move|p1b: Raichu|Fake Out|p2a: Incineroar
|-damage|p2a: Incineroar|94/100
|move|p1a: Garchomp|Rock Tomb|p2b: Charizardz
|-supereffective|p2b: Charizardz|2
|-damage|p2b: Charizardz|10/100
|-unboost|p2b: Charizardz|spe|1
|-damage|p1a: Garchomp|90/100|[from] item: Life Orb
|move|p2b: Charizardz|Heat Wave|p1b: Raichu|[spread] p1a,p1b
|-resisted|p1a: Garchomp|1
|-damage|p1a: Garchomp|54/100
|-damage|p1b: Raichu|12/100
|
|-weather|SunnyDay|[upkeep]
|upkeep
|turn|2
|
|t:|1783438694
|move|p1b: Raichu|Protect|p1b: Raichu
|-singleturn|p1b: Raichu|Protect
|move|p2a: Incineroar|Fake Out|p1b: Raichu
|-activate|p1b: Raichu|move: Protect
|move|p1a: Garchomp|Dragon Claw|p2b: Charizardz
|-damage|p2b: Charizardz|0 fnt
|faint|p2b: Charizardz
|-damage|p1a: Garchomp|44/100|[from] item: Life Orb
|
|-weather|SunnyDay|[upkeep]
|upkeep
|
|t:|1783438704
|switch|p2b: Sylveon|Sylveon, L50, F|100/100
|turn|3
|
|t:|1783438723
|switch|p1a: Ninetales|Ninetales-Alola, L50, M|100/100
|-weather|Snowscape|[from] ability: Snow Warning|[of] p1a: Ninetales
|switch|p2a: Hydreigon|Hydreigon, L50, M|100/100
|move|p2b: Sylveon|Quick Attack|p1b: Raichu
|-damage|p1b: Raichu|0 fnt
|faint|p1b: Raichu
|
|-weather|Snowscape|[upkeep]
|upkeep
|
|t:|1783438734
|switch|p1b: Garchomp|Garchomp, L50, M|44/100
|turn|4
|
|t:|1783438744
|switch|p2a: Incineroar|Incineroar, L50, M|94/100
|-ability|p2a: Incineroar|Intimidate|boost
|-unboost|p1a: Ninetales|atk|1
|-unboost|p1b: Garchomp|atk|1
|move|p1b: Garchomp|Protect|p1b: Garchomp
|-singleturn|p1b: Garchomp|Protect
|move|p1a: Ninetales|Icy Wind|p2a: Incineroar|[spread] p2a,p2b
|-resisted|p2a: Incineroar|1
|-damage|p2a: Incineroar|87/100
|-damage|p2b: Sylveon|85/100
|-unboost|p2a: Incineroar|spe|1
|-unboost|p2b: Sylveon|spe|1
|move|p2b: Sylveon|Hyper Voice|p1a: Ninetales|[spread] p1a
|-activate|p1b: Garchomp|move: Protect
|-damage|p1a: Ninetales|42/100
|
|-weather|Snowscape|[upkeep]
|upkeep
|turn|5
|
|t:|1783438767
|switch|p1b: Sinistcha|Sinistcha, L50|100/100
|-heal|p1a: Ninetales|66/100|[from] ability: Hospitality|[of] p1b: Sinistcha
|move|p2a: Incineroar|Fake Out|p1a: Ninetales
|-crit|p1a: Ninetales
|-damage|p1a: Ninetales|52/100
|cant|p1a: Ninetales|flinch
|move|p2b: Sylveon|Hyper Voice|p1a: Ninetales|[spread] p1a,p1b
|-crit|p1a: Ninetales
|-damage|p1a: Ninetales|0 fnt
|-damage|p1b: Sinistcha|38/100
|faint|p1a: Ninetales
|
|-weather|Snowscape|[upkeep]
|upkeep
|
|t:|1783438773
|switch|p1a: Garchomp|Garchomp, L50, M|44/100
|turn|6
|
|t:|1783438792
|move|p1a: Garchomp|Stomping Tantrum|p2b: Sylveon
|-damage|p2b: Sylveon|25/100
|-damage|p1a: Garchomp|35/100|[from] item: Life Orb
|move|p1b: Sinistcha|Matcha Gotcha|p2a: Incineroar|[spread] p2a,p2b
|-resisted|p2a: Incineroar|1
|-damage|p2a: Incineroar|74/100
|-heal|p1b: Sinistcha|47/100|[from] drain|[of] p2a: Incineroar
|-damage|p2b: Sylveon|0 fnt
|-heal|p1b: Sinistcha|63/100|[from] drain|[of] p2b: Sylveon
|faint|p2b: Sylveon
|move|p2a: Incineroar|Flare Blitz|p1b: Sinistcha
|-supereffective|p1b: Sinistcha|1
|-damage|p1b: Sinistcha|0 fnt
|faint|p1b: Sinistcha
|-damage|p2a: Incineroar|58/100|[from] Recoil
|
|-weather|Snowscape|[upkeep]
|upkeep
|
|t:|1783438806
|switch|p2b: Hydreigon|Hydreigon, L50, M|100/100
|turn|7
|
|t:|1783438820
|move|p2b: Hydreigon|Dark Pulse|p1a: Garchomp
|-damage|p1a: Garchomp|0 fnt
|faint|p1a: Garchomp
|
|win|Ian the blue fish
|raw|ethical sga's rating: 1189 → 1170(-19 for losing)
|raw|Ian the blue fish's rating: 1277 → 1296(+19 for winning)
