|j|☆stanhoff
|j|☆TG511
|html|stanhoffTG511    
|uhtml|bestof|Game 2 of a best-of-3
|t:|1757790077
|gametype|doubles
|player|p1|stanhoff|falkner|1149
|player|p2|TG511|volkner|1126
|gen|9
|tier|[Gen 9] VGC 2025 Reg H (Bo3)
|rated|
|rule|Species Clause: Limit one of each Pokémon
|rule|Item Clause: Limit 1 of each item
|clearpoke
|poke|p1|Hatterene, L50, F|
|poke|p1|Indeedee-F, L50, F|
|poke|p1|Sneasler, L50, M|
|poke|p1|Excadrill, L50, M|
|poke|p1|Tyranitar, L50, M|
|poke|p1|Amoonguss, L50, F|
|poke|p2|Dondozo, L50, M|
|poke|p2|Tatsugiri, L50, F|
|poke|p2|Indeedee, L50, M|
|poke|p2|Garchomp, L50, F|
|poke|p2|Gholdengo, L50|
|poke|p2|Murkrow, L50, M|
|teampreview|4
|showteam|p1|Hatterene||LifeOrb|MagicBounce|Protect,TrickRoom,ExpandingForce,DazzlingGleam|||F|||50|,,,,,Psychic]Indeedee-F||SafetyGoggles|PsychicSurge|FollowMe,HelpingHand,Psychic,TrickRoom|||F|||50|,,,,,Fairy]Sneasler||PsychicSeed|Unburden|DireClaw,CloseCombat,ThroatChop,Protect|||M|||50|,,,,,Dark]Excadrill||FocusSash|SandRush|Earthquake,IronHead,HighHorsepower,Protect|||M|||50|,,,,,Ground]Tyranitar||AirBalloon|SandStream|RockSlide,LowKick,KnockOff,Protect|||M|||50|,,,,,Flying]Amoonguss||RockyHelmet|Regenerator|Spore,RagePowder,SludgeBomb,ClearSmog|||F|||50|,,,,,Water
|showteam|p2|Dondozo||Leftovers|Unaware|OrderUp,Earthquake,WaveCrash,Protect|||M|||50|,,,,,Grass]Tatsugiri||FocusSash|Commander|DracoMeteor,MuddyWater,IcyWind,Protect|||F|||50|,,,,,Stellar]Indeedee||ChoiceScarf|PsychicSurge|ExpandingForce,Trick,AfterYou,HyperVoice|||M|||50|,,,,,Psychic]Garchomp||LifeOrb|RoughSkin|Earthquake,StompingTantrum,DragonClaw,Protect|||F|||50|,,,,,Ground]Gholdengo||ChoiceSpecs|GoodasGold|MakeItRain,ShadowBall,SteelBeam,Thunderbolt||||||50|,,,,,Steel]Murkrow||Eviolite|Prankster|FoulPlay,Tailwind,Quash,Haze|||M|||50|,,,,,Ghost
|inactive|Battle timer is ON: inactive players will automatically lose when time's up. (requested by stanhoff)
|
|t:|1757790091
|teamsize|p1|4
|teamsize|p2|4
|start
|switch|p1a: Hatterene|Hatterene, L50, F|100/100
|switch|p1b: Indeedee|Indeedee-F, L50, F|100/100
|switch|p2a: Garchomp|Garchomp, L50, F|100/100
|switch|p2b: Murkrow|Murkrow, L50, M|100/100
|-fieldstart|move: Psychic Terrain|[from] ability: Psychic Surge|[of] p1b: Indeedee
|turn|1
|
|t:|1757790113
|-terastallize|p2a: Garchomp|Ground
|move|p1b: Indeedee|Follow Me|p1b: Indeedee
|-singleturn|p1b: Indeedee|move: Follow Me
|move|p2a: Garchomp|Earthquake|p1b: Indeedee|[spread] p1a,p1b
|-immune|p2b: Murkrow
|-damage|p1a: Hatterene|19/100
|-damage|p1b: Indeedee|42/100
|-damage|p2a: Garchomp|91/100|[from] item: Life Orb
|move|p2b: Murkrow|Foul Play|p1b: Indeedee
|-supereffective|p1b: Indeedee
|-damage|p1b: Indeedee|11/100
|move|p1a: Hatterene|Trick Room|p1a: Hatterene
|-fieldstart|move: Trick Room|[of] p1a: Hatterene
|
|upkeep
|turn|2
|inactive|stanhoff has 30 seconds left.
|
|t:|1757790145
|-terastallize|p1a: Hatterene|Psychic
|move|p2a: Garchomp|Protect|p2a: Garchomp
|-singleturn|p2a: Garchomp|Protect
|move|p1b: Indeedee|Follow Me|p1b: Indeedee
|-singleturn|p1b: Indeedee|move: Follow Me
|move|p1a: Hatterene|Expanding Force|p2a: Garchomp|[spread] 
|-activate|p2a: Garchomp|move: Protect
|-immune|p2b: Murkrow
|move|p2b: Murkrow|Foul Play|p1b: Indeedee
|-supereffective|p1b: Indeedee
|-damage|p1b: Indeedee|0 fnt
|faint|p1b: Indeedee
|
|upkeep
|
|t:|1757790150
|switch|p1b: Amoonguss|Amoonguss, L50, F|100/100
|turn|3
|inactive|TG511 has 30 seconds left.
|inactive|TG511 has 20 seconds left.
|
|t:|1757790186
|move|p2a: Garchomp|Protect|p2a: Garchomp
|-singleturn|p2a: Garchomp|Protect
|move|p1a: Hatterene|Expanding Force|p2b: Murkrow|[spread] 
|-activate|p2a: Garchomp|move: Protect
|-immune|p2b: Murkrow
|move|p1b: Amoonguss|Spore|p2b: Murkrow
|-status|p2b: Murkrow|slp|[from] move: Spore
|cant|p2b: Murkrow|slp
|
|upkeep
|turn|4
|
|t:|1757790196
|switch|p2b: Dondozo|Dondozo, L50, M|100/100
|switch|p2a: Tatsugiri|Tatsugiri, L50, F, shiny|100/100
|-activate|p2a: Tatsugiri|ability: Commander|[of] p2b: Dondozo
|-boost|p2b: Dondozo|atk|2
|-boost|p2b: Dondozo|spa|2
|-boost|p2b: Dondozo|spe|2
|-boost|p2b: Dondozo|def|2
|-boost|p2b: Dondozo|spd|2
|move|p1a: Hatterene|Expanding Force|p2a: Tatsugiri|[spread] p2b
|-miss|p1a: Hatterene|p2a: Tatsugiri
|-damage|p2b: Dondozo|46/100
|-damage|p1a: Hatterene|10/100|[from] item: Life Orb
|move|p1b: Amoonguss|Sludge Bomb|p2b: Dondozo
|-damage|p2b: Dondozo|33/100
|-status|p2b: Dondozo|psn
|
|-heal|p2b: Dondozo|39/100 psn|[from] item: Leftovers
|-damage|p2b: Dondozo|27/100 psn|[from] psn
|upkeep
|turn|5
|
|t:|1757790218
|switch|p1a: Sneasler|Sneasler, L50, M|100/100
|-enditem|p1a: Sneasler|Psychic Seed
|-boost|p1a: Sneasler|spd|1|[from] item: Psychic Seed
|move|p2b: Dondozo|Protect|p2b: Dondozo
|-singleturn|p2b: Dondozo|Protect
|move|p1b: Amoonguss|Spore|p2b: Dondozo
|-activate|p2b: Dondozo|move: Protect
|
|-heal|p2b: Dondozo|33/100 psn|[from] item: Leftovers
|-damage|p2b: Dondozo|21/100 psn|[from] psn
|-fieldend|move: Trick Room
|-fieldend|move: Psychic Terrain
|upkeep
|turn|6
|
|t:|1757790228
|move|p1a: Sneasler|Dire Claw|p2b: Dondozo
|-damage|p2b: Dondozo|7/100 psn
|move|p2b: Dondozo|Earthquake|p1b: Amoonguss|[spread] p1a,p1b
|-miss|p2b: Dondozo|p2a: Tatsugiri
|-supereffective|p1a: Sneasler
|-damage|p1a: Sneasler|0 fnt
|-damage|p1b: Amoonguss|68/100
|faint|p1a: Sneasler
|move|p1b: Amoonguss|Spore||[still]
|-fail|p1b: Amoonguss
|
|-heal|p2b: Dondozo|14/100 psn|[from] item: Leftovers
|-damage|p2b: Dondozo|1/100 psn|[from] psn
|upkeep
|
|t:|1757790234
|switch|p1a: Hatterene|Hatterene, L50, F, tera:Psychic|10/100
|turn|7
|
|t:|1757790244
|move|p1a: Hatterene|Protect|p1a: Hatterene
|-singleturn|p1a: Hatterene|Protect
|move|p2b: Dondozo|Earthquake|p1b: Amoonguss|[spread] p1b
|-miss|p2b: Dondozo|p2a: Tatsugiri
|-activate|p1a: Hatterene|move: Protect
|-damage|p1b: Amoonguss|34/100
|move|p1b: Amoonguss|Sludge Bomb|p2b: Dondozo
|-damage|p2b: Dondozo|0 fnt
|faint|p2b: Dondozo
|
|upkeep
|
|t:|1757790249
|switch|p2b: Garchomp|Garchomp, L50, F, tera:Ground|91/100
|turn|8
|
|t:|1757790256
|move|p2b: Garchomp|Earthquake|p1b: Amoonguss|[spread] p2a,p1a,p1b
|-crit|p1a: Hatterene
|-enditem|p2a: Tatsugiri|Focus Sash
|-damage|p2a: Tatsugiri|1/100
|-damage|p1a: Hatterene|0 fnt
|-damage|p1b: Amoonguss|0 fnt
|faint|p1a: Hatterene
|faint|p1b: Amoonguss
|-damage|p2b: Garchomp|81/100|[from] item: Life Orb
|
|win|TG511
|raw|stanhoff's rating: 1149 → 1122(-27 for losing)
|raw|TG511's rating: 1126 → 1153(+27 for winning)
|l|☆TG511
|player|p2|
