|j|☆taka89
|j|☆DanDoesSpeed
|html|taka89DanDoesSpeed    
|uhtml|bestof|Game 1 of a best-of-3
|t:|1756894523
|gametype|doubles
|player|p1|taka89|clerk-boss|1158
|player|p2|DanDoesSpeed|lucas|1188
|gen|9
|tier|[Gen 9] VGC 2025 Reg H (Bo3)
|rated|
|rule|Species Clause: Limit one of each Pokémon
|rule|Item Clause: Limit 1 of each item
|clearpoke
|poke|p1|Flamigo, L50, M|
|poke|p1|Porygon2, L50|
|poke|p1|Ursaluna, L50, M|
|poke|p1|Archaludon, L50, M|
|poke|p1|Tyranitar, L50, F|
|poke|p1|Incineroar, L50, F|
|poke|p2|Gholdengo, L50|
|poke|p2|Incineroar, L50, M|
|poke|p2|Ninetales-Alola, L50, M|
|poke|p2|Dragonite, L50, F|
|poke|p2|Amoonguss, L50, F|
|poke|p2|Ursaluna-Bloodmoon, L50, M|
|teampreview|4
|showteam|p1|Flamigo||ChoiceScarf|Scrappy|BraveBird,DualWingbeat,CloseCombat,Uturn|||M|||50|,,,,,Ghost]Porygon2||Eviolite|Download|Thunderbolt,TeraBlast,TrickRoom,Protect||||||50|,,,,,Flying]Ursaluna||FlameOrb|Guts|Facade,Earthquake,HeadlongRush,Protect|||M|||50|,,,,,Ghost]Archaludon||AssaultVest|Stamina|ElectroShot,DarkPulse,BodyPress,DracoMeteor|||M|||50|,,,,,Grass]Tyranitar||FocusSash|SandStream|RockSlide,LowKick,KnockOff,Protect|||F|||50|,,,,,Flying]Incineroar||PasshoBerry|Intimidate|KnockOff,FlareBlitz,FakeOut,PartingShot|||F|||50|,,,,,Ghost
|showteam|p2|Gholdengo||LifeOrb|GoodasGold|MakeItRain,Protect,NastyPlot,ShadowBall||||||50|,,,,,Water]Incineroar||SafetyGoggles|Intimidate|FlareBlitz,FakeOut,KnockOff,PartingShot|||M|||50|,,,,,Ghost]Ninetales-Alola||LightClay|SnowWarning|Blizzard,Protect,Moonblast,AuroraVeil|||M|||50|,,,,,Water]Dragonite||LoadedDice|Multiscale|ScaleShot,Protect,Haze,Tailwind|||F|||50|,,,,,Fairy]Amoonguss||SitrusBerry|Regenerator|SludgeBomb,Protect,Spore,RagePowder|||F|||50|,,,,,Water]Ursaluna-Bloodmoon||AssaultVest|MindsEye|HyperVoice,BloodMoon,TeraBlast,EarthPower|||M|||50|,,,,,Flying
|inactive|Battle timer is ON: inactive players will automatically lose when time's up. (requested by DanDoesSpeed)
|inactive|taka89 also wants the timer to be on.
|inactive|taka89 has 60 seconds left.
|
|t:|1756894569
|teamsize|p1|4
|teamsize|p2|4
|start
|switch|p1a: Winglade|Flamigo, L50, M|100/100
|switch|p1b: swatchling|Porygon2, L50|100/100
|switch|p2a: Dragonite|Dragonite, L50, F|100/100
|switch|p2b: Amoonguss|Amoonguss, L50, F|100/100
|-ability|p1b: swatchling|Download|boost
|-boost|p1b: swatchling|atk|1
|turn|1
|inactive|taka89 has 30 seconds left.
|inactive|taka89 has 20 seconds left.
|
|t:|1756894604
|-terastallize|p2b: Amoonguss|Water
|move|p1b: swatchling|Protect|p1b: swatchling
|-singleturn|p1b: swatchling|Protect
|move|p1a: Winglade|U-turn|p2a: Dragonite
|-resisted|p2a: Dragonite
|-damage|p2a: Dragonite|95/100
|
|t:|1756894611
|switch|p1a: werewerewire|Archaludon, L50, M|100/100|[from] U-turn
|move|p2a: Dragonite|Scale Shot|p1a: werewerewire
|-damage|p1a: werewerewire|91/100
|-ability|p1a: werewerewire|Stamina|boost
|-boost|p1a: werewerewire|def|1
|-damage|p1a: werewerewire|86/100
|-ability|p1a: werewerewire|Stamina|boost
|-boost|p1a: werewerewire|def|1
|-crit|p1a: werewerewire
|-damage|p1a: werewerewire|72/100
|-ability|p1a: werewerewire|Stamina|boost
|-boost|p1a: werewerewire|def|1
|-damage|p1a: werewerewire|67/100
|-ability|p1a: werewerewire|Stamina|boost
|-boost|p1a: werewerewire|def|1
|-hitcount|p1a: werewerewire|4
|-unboost|p2a: Dragonite|def|1
|-boost|p2a: Dragonite|spe|1
|move|p2b: Amoonguss|Spore|p1b: swatchling
|-activate|p1b: swatchling|move: Protect
|
|upkeep
|turn|2
|inactive|taka89 has 30 seconds left.
|inactive|taka89 has 20 seconds left.
|inactive|taka89 has 15 seconds left.
|inactive|taka89 has 10 seconds left.
|
|t:|1756894659
|-terastallize|p1a: werewerewire|Grass
|move|p2a: Dragonite|Haze|p2a: Dragonite
|-clearallboost
|move|p1a: werewerewire|Draco Meteor|p2a: Dragonite
|-supereffective|p2a: Dragonite
|-damage|p2a: Dragonite|0 fnt
|-unboost|p1a: werewerewire|spa|2
|faint|p2a: Dragonite
|move|p1b: swatchling|Thunderbolt|p2b: Amoonguss
|-supereffective|p2b: Amoonguss
|-damage|p2b: Amoonguss|65/100
|move|p2b: Amoonguss|Spore|p1b: swatchling
|-status|p1b: swatchling|slp|[from] move: Spore
|
|upkeep
|
|t:|1756894675
|switch|p2a: Ninetales|Ninetales-Alola, L50, M|100/100
|-weather|Snowscape|[from] ability: Snow Warning|[of] p2a: Ninetales
|turn|3
|
|t:|1756894696
|switch|p1a: zapper|Tyranitar, L50, F, shiny|100/100
|-weather|Sandstorm|[from] ability: Sand Stream|[of] p1a: zapper
|move|p2a: Ninetales|Aurora Veil||[still]
|-fail|p2a: Ninetales
|cant|p1b: swatchling|slp
|move|p2b: Amoonguss|Sludge Bomb|p1a: zapper
|-resisted|p1a: zapper
|-damage|p1a: zapper|93/100
|-status|p1a: zapper|psn
|
|-weather|Sandstorm|[upkeep]
|-damage|p2a: Ninetales|95/100|[from] Sandstorm
|-damage|p1b: swatchling|95/100 slp|[from] Sandstorm
|-damage|p2b: Amoonguss|59/100|[from] Sandstorm
|-damage|p1a: zapper|81/100 psn|[from] psn
|upkeep
|turn|4
|
|t:|1756894720
|switch|p2b: Ursaluna|Ursaluna-Bloodmoon, L50, M|100/100
|move|p2a: Ninetales|Moonblast|p1a: zapper
|-supereffective|p1a: zapper
|-damage|p1a: zapper|46/100 psn
|move|p1a: zapper|Rock Slide|p2a: Ninetales|[spread] p2a,p2b
|-supereffective|p2a: Ninetales
|-resisted|p2b: Ursaluna
|-damage|p2a: Ninetales|8/100
|-damage|p2b: Ursaluna|89/100
|-curestatus|p1b: swatchling|slp|[msg]
|move|p1b: swatchling|Thunderbolt|p2b: Ursaluna
|-immune|p2b: Ursaluna
|
|-weather|Sandstorm|[upkeep]
|-damage|p2a: Ninetales|2/100|[from] Sandstorm
|-damage|p1b: swatchling|89/100|[from] Sandstorm
|-damage|p1a: zapper|34/100 psn|[from] psn
|upkeep
|turn|5
|inactive|taka89 has 30 seconds left.
|
|t:|1756894754
|switch|p2a: Amoonguss|Amoonguss, L50, F, tera:Water|92/100
|move|p1a: zapper|Protect|p1a: zapper
|-singleturn|p1a: zapper|Protect
|move|p2b: Ursaluna|Earth Power|p1a: zapper
|-activate|p1a: zapper|move: Protect
|move|p1b: swatchling|Thunderbolt|p2a: Amoonguss
|-supereffective|p2a: Amoonguss
|-damage|p2a: Amoonguss|60/100
|
|-weather|Sandstorm|[upkeep]
|-damage|p1b: swatchling|83/100|[from] Sandstorm
|-damage|p2a: Amoonguss|54/100|[from] Sandstorm
|-damage|p1a: zapper|22/100 psn|[from] psn
|upkeep
|turn|6
|inactive|taka89 has 30 seconds left.
|
|t:|1756894782
|switch|p1a: Winglade|Flamigo, L50, M|100/100
|switch|p1b: werewerewire|Archaludon, L50, M, tera:Grass|67/100
|move|p2b: Ursaluna|Blood Moon|p1a: Winglade
|-damage|p1a: Winglade|0 fnt
|faint|p1a: Winglade
|move|p2a: Amoonguss|Spore|p1b: werewerewire
|-immune|p1b: werewerewire
|
|-weather|Sandstorm|[upkeep]
|-damage|p1b: werewerewire|61/100|[from] Sandstorm
|-damage|p2a: Amoonguss|48/100|[from] Sandstorm
|-enditem|p2a: Amoonguss|Sitrus Berry|[eat]
|-heal|p2a: Amoonguss|73/100|[from] item: Sitrus Berry
|upkeep
|
|t:|1756894804
|switch|p1a: swatchling|Porygon2, L50|83/100
|-ability|p1a: swatchling|Download|boost
|-boost|p1a: swatchling|spa|1
|turn|7
|
|t:|1756894817
|move|p1b: werewerewire|Body Press|p2b: Ursaluna
|-supereffective|p2b: Ursaluna
|-damage|p2b: Ursaluna|46/100
|move|p2b: Ursaluna|Hyper Voice|p1a: swatchling|[spread] p1a,p1b
|-damage|p1a: swatchling|63/100
|-damage|p1b: werewerewire|35/100
|-ability|p1b: werewerewire|Stamina|boost
|-boost|p1b: werewerewire|def|1
|move|p1a: swatchling|Thunderbolt|p2a: Amoonguss
|-supereffective|p2a: Amoonguss
|-damage|p2a: Amoonguss|22/100
|move|p2a: Amoonguss|Spore|p1a: swatchling
|-status|p1a: swatchling|slp|[from] move: Spore
|
|-weather|none
|upkeep
|turn|8
|
|t:|1756894838
|move|p2a: Amoonguss|Rage Powder|p2a: Amoonguss
|-singleturn|p2a: Amoonguss|move: Rage Powder
|move|p1b: werewerewire|Body Press|p2b: Ursaluna
|-supereffective|p2b: Ursaluna
|-damage|p2b: Ursaluna|0 fnt
|faint|p2b: Ursaluna
|cant|p1a: swatchling|slp
|
|upkeep
|
|t:|1756894845
|switch|p2b: Ninetales|Ninetales-Alola, L50, M|2/100
|-weather|Snowscape|[from] ability: Snow Warning|[of] p2b: Ninetales
|turn|9
|inactive|taka89 has 30 seconds left.
|
|t:|1756894875
|switch|p1a: zapper|Tyranitar, L50, F, shiny|22/100 psn
|-weather|Sandstorm|[from] ability: Sand Stream|[of] p1a: zapper
|move|p2b: Ninetales|Blizzard|p1a: zapper|[spread] 
|-miss|p2b: Ninetales|p1a: zapper
|-miss|p2b: Ninetales|p1b: werewerewire
|move|p1b: werewerewire|Body Press|p2a: Amoonguss
|-crit|p2a: Amoonguss
|-damage|p2a: Amoonguss|0 fnt
|faint|p2a: Amoonguss
|
|-weather|Sandstorm|[upkeep]
|-damage|p2b: Ninetales|0 fnt|[from] Sandstorm
|-damage|p1b: werewerewire|29/100|[from] Sandstorm
|faint|p2b: Ninetales
|
|win|taka89
||DanDoesSpeed is ready for game 2.
|inactive|taka89 has 30 seconds to confirm battle start!
|inactive|taka89 has 20 seconds to confirm battle start!
