|j|☆randomguy1114s
|j|☆Basebornrobot
|html|randomguy1114sBasebornrobot    
|uhtml|bestof|Game 1 of a best-of-3
|t:|1756785642
|gametype|doubles
|player|p1|randomguy1114s|lillie-masters|1139
|player|p2|Basebornrobot|2|1000
|gen|9
|tier|[Gen 9] VGC 2025 Reg H (Bo3)
|rated|
|rule|Species Clause: Limit one of each Pokémon
|rule|Item Clause: Limit 1 of each item
|clearpoke
|poke|p1|Gholdengo, L50|
|poke|p1|Incineroar, L50, M|
|poke|p1|Sinistcha, L50|
|poke|p1|Sneasler, L50, M|
|poke|p1|Rillaboom, L50, M|
|poke|p1|Dragonite, L50, F|
|poke|p2|Kingambit, L50, F|
|poke|p2|Hydrapple, L50, F|
|poke|p2|Toedscruel, L50, F|
|poke|p2|Glimmora, L50, F|
|poke|p2|Grafaiai, L50, M|
|poke|p2|Houndstone, L50, F|
|teampreview|4
|showteam|p1|Gholdengo||LifeOrb|GoodasGold|NastyPlot,MakeItRain,ShadowBall,Protect||||||50|,,,,,Dragon]Incineroar||SafetyGoggles|Intimidate|FakeOut,KnockOff,Taunt,PartingShot|||M|||50|,,,,,Ghost]Sinistcha||MentalHerb|Hospitality|RagePowder,TrickRoom,MatchaGotcha,Protect||||||50|,,,,,Water]Sneasler||GrassySeed|Unburden|CloseCombat,DireClaw,ThroatChop,Protect|||M|||50|,,,,,Dark]Rillaboom||AssaultVest|GrassySurge|FakeOut,WoodHammer,GrassyGlide,Uturn|||M|||50|,,,,,Fire]Dragonite||LoadedDice|Multiscale|ScaleShot,StompingTantrum,Tailwind,Protect|||F|||50|,,,,,Ground
|showteam|p2|Kingambit||WeaknessPolicy|Defiant|SuckerPunch,SwordsDance,Protect,IronHead|||F|||50|,,,,,Ghost]Hydrapple||AssaultVest|Regenerator|FickleBeam,GigaDrain,TeraBlast,EarthPower|||F|||50|,,,,,Steel]Toedscruel||FocusSash|MyceliumMight|TrickRoom,MirrorCoat,Spore,EarthPower|||F|||50|,,,,,Water]Glimmora||PowerHerb|ToxicDebris|EarthPower,SludgeWave,MeteorBeam,SpikyShield|||F|||50|,,,,,Grass]Grafaiai||SafetyGoggles|Prankster|Protect,GunkShot,PartingShot,Encore|||M|||50|,,,,,Ghost]Houndstone||Leftovers|Fluffy|BodyPress,ShadowSneak,LastRespects,WillOWisp|||F|||50|,,,,,Fighting
|j| We_Are_Toasted
|l| We_Are_Toasted
|
|t:|1756785723
|teamsize|p1|4
|teamsize|p2|4
|start
|switch|p1a: cheese man|Gholdengo, L50, shiny|100/100
|switch|p1b: monke|Rillaboom, L50, M, shiny|100/100
|switch|p2a: Toedscruel|Toedscruel, L50, F|100/100
|switch|p2b: Glimmora|Glimmora, L50, F|100/100
|-fieldstart|move: Grassy Terrain|[from] ability: Grassy Surge|[of] p1b: monke
|turn|1
|
|t:|1756785739
|move|p2b: Glimmora|Spiky Shield|p2b: Glimmora
|-singleturn|p2b: Glimmora|move: Protect
|move|p1b: monke|Fake Out|p2a: Toedscruel
|-damage|p2a: Toedscruel|81/100
|move|p1a: cheese man|Nasty Plot|p1a: cheese man
|-boost|p1a: cheese man|spa|2
|cant|p2a: Toedscruel|flinch
|
|-heal|p2a: Toedscruel|87/100|[from] Grassy Terrain
|upkeep
|turn|2
|
|t:|1756785760
|switch|p1b: Sinistcha|Sinistcha, L50, shiny|100/100
|move|p2b: Glimmora|Meteor Beam||[still]
|-prepare|p2b: Glimmora|Meteor Beam
|-boost|p2b: Glimmora|spa|1
|-enditem|p2b: Glimmora|Power Herb
|-anim|p2b: Glimmora|Meteor Beam|p1b: Sinistcha
|-damage|p1b: Sinistcha|9/100
|move|p1a: cheese man|Nasty Plot|p1a: cheese man
|-boost|p1a: cheese man|spa|2
|move|p2a: Toedscruel|Mirror Coat||[still]
|-fail|p2a: Toedscruel
|
|-heal|p2a: Toedscruel|93/100|[from] Grassy Terrain
|-heal|p1b: Sinistcha|15/100|[from] Grassy Terrain
|upkeep
|turn|3
|
|t:|1756785783
|switch|p2a: Kingambit|Kingambit, L50, F|100/100
|move|p2b: Glimmora|Spiky Shield|p2b: Glimmora
|-singleturn|p2b: Glimmora|move: Protect
|move|p1b: Sinistcha|Rage Powder|p1b: Sinistcha
|-singleturn|p1b: Sinistcha|move: Rage Powder
|move|p1a: cheese man|Make It Rain|p2b: Glimmora|[spread] p2a
|-activate|p2b: Glimmora|move: Protect
|-resisted|p2a: Kingambit
|-damage|p2a: Kingambit|1/100
|-unboost|p1a: cheese man|spa|1
|-damage|p1a: cheese man|91/100|[from] item: Life Orb
|
|-heal|p1a: cheese man|97/100|[from] Grassy Terrain
|-heal|p1b: Sinistcha|20/100|[from] Grassy Terrain
|-heal|p2a: Kingambit|7/100|[from] Grassy Terrain
|upkeep
|turn|4
|
|t:|1756785807
|move|p1b: Sinistcha|Rage Powder|p1b: Sinistcha
|-singleturn|p1b: Sinistcha|move: Rage Powder
|move|p2b: Glimmora|Earth Power|p1b: Sinistcha
|-resisted|p1b: Sinistcha
|-damage|p1b: Sinistcha|0 fnt
|faint|p1b: Sinistcha
|move|p1a: cheese man|Make It Rain|p2b: Glimmora|[spread] p2a,p2b
|-resisted|p2a: Kingambit
|-supereffective|p2b: Glimmora
|-crit|p2b: Glimmora
|-damage|p2a: Kingambit|0 fnt
|-damage|p2b: Glimmora|0 fnt
|-unboost|p1a: cheese man|spa|1
|faint|p2a: Kingambit
|faint|p2b: Glimmora
|-damage|p1a: cheese man|87/100|[from] item: Life Orb
|
|-heal|p1a: cheese man|93/100|[from] Grassy Terrain
|upkeep
|
|t:|1756785825
|switch|p2b: Houndstone|Houndstone, L50, F|100/100
|switch|p1b: menacetosociety|Sneasler, L50, M, shiny|100/100
|switch|p2a: Toedscruel|Toedscruel, L50, F|93/100
|-enditem|p1b: menacetosociety|Grassy Seed
|-boost|p1b: menacetosociety|def|1|[from] item: Grassy Seed
|turn|5
|
|t:|1756785848
|move|p1b: menacetosociety|Dire Claw|p2a: Toedscruel
|-damage|p2a: Toedscruel|38/100
|move|p1a: cheese man|Make It Rain|p2a: Toedscruel|[spread] p2a,p2b
|-damage|p2a: Toedscruel|0 fnt
|-damage|p2b: Houndstone|0 fnt
|-unboost|p1a: cheese man|spa|1
|faint|p2a: Toedscruel
|faint|p2b: Houndstone
|-damage|p1a: cheese man|83/100|[from] item: Life Orb
|
|win|randomguy1114s
