|j|☆zrofs
|j|☆Seteshy
|html|zrofsSeteshy    
|uhtml|bestof|Game 1 of a best-of-3
|t:|1785355357
|gametype|doubles
|player|p1|zrofs|170|1102
|player|p2|Seteshy|266|1000
|gen|9
|tier|[Gen 9 Champions] VGC 2026 Reg M-B (Bo3)
|rated|
|rule|Species Clause: Limit one of each Pokémon
|rule|Item Clause: Limit 1 of each item
|clearpoke
|poke|p1|Annihilape, L50, F|
|poke|p1|Maushold, L50|
|poke|p1|Delphox, L50, F|
|poke|p1|Sinistcha, L50|
|poke|p1|Ninetales-Alola, L50, M|
|poke|p1|Basculegion, L50, M|
|poke|p2|Tyranitar, L50, F|
|poke|p2|Glimmora, L50, M|
|poke|p2|Garganacl, L50, F|
|poke|p2|Kleavor, L50, F|
|poke|p2|Arcanine-Hisui, L50, M|
|poke|p2|Aerodactyl, L50, M|
|teampreview|4
|showteam|p1|Annihilape||Leftovers|Defiant|RageFist,DrainPunch,Protect,BulkUp|Adamant||F|||50|]Maushold||FocusSash|FriendGuard|Protect,Taunt,FollowMe,BeatUp|Timid|||||50|]Delphox||Delphoxite|Blaze|HeatWave,Protect,Psychic,NastyPlot|Timid||F|||50|]Sinistcha||ColburBerry|Hospitality|TrickRoom,LifeDew,MatchaGotcha,RagePowder|Bold|||||50|]Ninetales-Alola||LightClay|SnowWarning|Blizzard,FreezeDry,Protect,AuroraVeil|Timid||M|||50|]Basculegion||ChoiceScarf|Adaptability|WaveCrash,LastRespects,FlipTurn,AquaJet|Adamant||M|||50|
|showteam|p2|Tyranitar||ChoiceScarf|SandStream|RockSlide,KnockOff,IcePunch,LowKick|Adamant||F|||50|]Glimmora||Glimmoranite|ToxicDebris|PowerGem,SpikyShield,EarthPower,MortalSpin|Modest||M|||50|]Garganacl||Leftovers|PurifyingSalt|SaltCure,BodyPress,IronDefense,Recover|Careful||F|||50|]Kleavor||LifeOrb|Sharpness|StoneAxe,XScissor,Uturn,CloseCombat|Adamant||F|||50|]Arcanine-Hisui||FocusSash|RockHead|FlareBlitz,HeadSmash,WildCharge,ExtremeSpeed|Adamant||M|||50|]Aerodactyl||Aerodactylite|Unnerve|RockSlide,Tailwind,DualWingbeat,Protect|Jolly||M|||50|
|inactive|Battle timer is ON: inactive players will automatically lose when time's up. (requested by zrofs)
|
|t:|1785355420
|teamsize|p1|4
|teamsize|p2|4
|start
|switch|p1a: Ninetales|Ninetales-Alola, L50, M|100/100
|switch|p1b: Basculegion|Basculegion, L50, M|100/100
|switch|p2a: Garganacl|Garganacl, L50, F|100/100
|switch|p2b: Tyranitar|Tyranitar, L50, F|100/100
|-weather|Snowscape|[from] ability: Snow Warning|[of] p1a: Ninetales
|-weather|Sandstorm|[from] ability: Sand Stream|[of] p2b: Tyranitar
|turn|1
|
|t:|1785355441
|switch|p1a: Sinistcha|Sinistcha, L50|100/100
|switch|p2b: Glimmora|Glimmora, L50, M|100/100
|move|p1b: Basculegion|Flip Turn|p2b: Glimmora
|-supereffective|p2b: Glimmora|1
|-damage|p2b: Glimmora|0 fnt
|-activate|p2b: Glimmora|ability: Toxic Debris
|-sidestart|p1: zrofs|move: Toxic Spikes
|faint|p2b: Glimmora
|
|t:|1785355456
|switch|p1b: Ninetales|Ninetales-Alola, L50, M|100/100|[from] Flip Turn
|-status|p1b: Ninetales|psn
|-weather|Snowscape|[from] ability: Snow Warning|[of] p1b: Ninetales
|move|p2a: Garganacl|Salt Cure|p1b: Ninetales
|-supereffective|p1b: Ninetales|1
|-damage|p1b: Ninetales|71/100 psn
|-start|p1b: Ninetales|Salt Cure
|
|-weather|Snowscape|[upkeep]
|-damage|p1b: Ninetales|59/100 psn|[from] psn
|-damage|p1b: Ninetales|53/100 psn|[from] Salt Cure
|upkeep
|
|t:|1785355467
|switch|p2b: Tyranitar|Tyranitar, L50, F|100/100
|-weather|Sandstorm|[from] ability: Sand Stream|[of] p2b: Tyranitar
|turn|2
|
|t:|1785355479
|switch|p2b: Kleavor|Kleavor, L50, F|100/100
|move|p1b: Ninetales|Blizzard|p2a: Garganacl|[spread] p2b
|-miss|p1b: Ninetales|p2a: Garganacl
|-damage|p2b: Kleavor|69/100
|-status|p2b: Kleavor|frz
|move|p1a: Sinistcha|Matcha Gotcha|p2a: Garganacl|[spread] p2a,p2b
|-supereffective|p2a: Garganacl|1
|-damage|p2a: Garganacl|76/100
|-damage|p2b: Kleavor|42/100 frz
|-curestatus|p2b: Kleavor|frz|[msg]
|move|p2a: Garganacl|Iron Defense|p2a: Garganacl
|-boost|p2a: Garganacl|def|2
|
|-weather|Sandstorm|[upkeep]
|-damage|p1b: Ninetales|47/100 psn|[from] Sandstorm
|-damage|p1a: Sinistcha|93/100|[from] Sandstorm
|-heal|p2a: Garganacl|82/100|[from] item: Leftovers
|-damage|p1b: Ninetales|35/100 psn|[from] psn
|-damage|p1b: Ninetales|29/100 psn|[from] Salt Cure
|upkeep
|turn|3
|inactive|zrofs has 30 seconds left.
|inactive|Seteshy has 30 seconds left.
|
|t:|1785355508
|move|p1b: Ninetales|Blizzard|p2b: Kleavor|[spread] p2b
|-miss|p1b: Ninetales|p2a: Garganacl
|-damage|p2b: Kleavor|12/100
|-status|p2b: Kleavor|frz
|cant|p2b: Kleavor|frz
|move|p1a: Sinistcha|Matcha Gotcha|p2a: Garganacl|[spread] p2a,p2b
|-supereffective|p2a: Garganacl|1
|-damage|p2a: Garganacl|61/100
|-heal|p1a: Sinistcha|100/100|[from] drain|[of] p2a: Garganacl
|-damage|p2b: Kleavor|0 fnt
|faint|p2b: Kleavor
|move|p2a: Garganacl|Salt Cure|p1a: Sinistcha
|-damage|p1a: Sinistcha|88/100
|-start|p1a: Sinistcha|Salt Cure
|
|-weather|Sandstorm|[upkeep]
|-damage|p1b: Ninetales|23/100 psn|[from] Sandstorm
|-damage|p1a: Sinistcha|82/100|[from] Sandstorm
|-heal|p2a: Garganacl|67/100|[from] item: Leftovers
|-damage|p1b: Ninetales|11/100 psn|[from] psn
|-damage|p1b: Ninetales|5/100 psn|[from] Salt Cure
|-damage|p1a: Sinistcha|75/100|[from] Salt Cure
|upkeep
|c|☆Seteshy|ok
|
|t:|1785355529
|switch|p2b: Tyranitar|Tyranitar, L50, F|100/100
|turn|4
|
|t:|1785355536
|switch|p1b: Delphox|Delphox, L50, F|100/100
|-status|p1b: Delphox|psn
|move|p2b: Tyranitar|Rock Slide|p1b: Delphox|[spread] p1b
|-miss|p2b: Tyranitar|p1a: Sinistcha
|-supereffective|p1b: Delphox|1
|-crit|p1b: Delphox
|-damage|p1b: Delphox|0 fnt
|faint|p1b: Delphox
|move|p1a: Sinistcha|Matcha Gotcha|p2a: Garganacl|[spread] p2a,p2b
|-supereffective|p2a: Garganacl|1
|-supereffective|p2b: Tyranitar|1
|-damage|p2a: Garganacl|46/100
|-heal|p1a: Sinistcha|87/100|[from] drain|[of] p2a: Garganacl
|-damage|p2b: Tyranitar|70/100
|-heal|p1a: Sinistcha|100/100|[from] drain|[of] p2b: Tyranitar
|move|p2a: Garganacl|Iron Defense|p2a: Garganacl
|-boost|p2a: Garganacl|def|2
|
|-weather|Sandstorm|[upkeep]
|-damage|p1a: Sinistcha|93/100|[from] Sandstorm
|-heal|p2a: Garganacl|52/100|[from] item: Leftovers
|-damage|p1a: Sinistcha|87/100|[from] Salt Cure
|upkeep
|
|t:|1785355558
|switch|p1b: Ninetales|Ninetales-Alola, L50, M|5/100 psn
|-weather|Snowscape|[from] ability: Snow Warning|[of] p1b: Ninetales
|turn|5
|
|t:|1785355565
|move|p1b: Ninetales|Blizzard|p2b: Tyranitar|[spread] p2a,p2b
|-damage|p2a: Garganacl|33/100
|-damage|p2b: Tyranitar|44/100
|move|p2b: Tyranitar|Rock Slide|p1a: Sinistcha|[spread] p1a,p1b
|-supereffective|p1b: Ninetales|1
|-damage|p1a: Sinistcha|64/100
|-damage|p1b: Ninetales|0 fnt
|faint|p1b: Ninetales
|move|p1a: Sinistcha|Matcha Gotcha|p2b: Tyranitar|[spread] p2a
|-miss|p1a: Sinistcha|p2b: Tyranitar
|-supereffective|p2a: Garganacl|1
|-damage|p2a: Garganacl|0 fnt
|-heal|p1a: Sinistcha|83/100|[from] drain|[of] p2a: Garganacl
|faint|p2a: Garganacl
|
|-weather|Snowscape|[upkeep]
|-damage|p1a: Sinistcha|77/100|[from] Salt Cure
|upkeep
|
|t:|1785355580
|switch|p1b: Basculegion|Basculegion, L50, M|100/100
|-status|p1b: Basculegion|psn
|turn|6
|
|t:|1785355587
|move|p1b: Basculegion|Wave Crash|p2b: Tyranitar
|-supereffective|p2b: Tyranitar|1
|-damage|p2b: Tyranitar|0 fnt
|faint|p2b: Tyranitar
|-damage|p1b: Basculegion|84/100 psn|[from] Recoil
|
|win|zrofs
|l|☆zrofs
|player|p1|
||zrofs is ready for game 2.
|inactive|Seteshy has 30 seconds to confirm battle start!
||Seteshy is ready for game 2.
|uhtml|next|Next: Game 2 of 3
