|j|☆sturmkitten69
|j|☆saiban004
|html|sturmkitten69saiban004    
|uhtml|bestof|Game 1 of a best-of-3
|t:|1785909060
|gametype|doubles
|player|p1|sturmkitten69|fisherman-gen4|1218
|player|p2|saiban004|giovanni|1126
|gen|9
|tier|[Gen 9 Champions] VGC 2026 Reg M-B (Bo3)
|rated|
|rule|Species Clause: Limit one of each Pokémon
|rule|Item Clause: Limit 1 of each item
|clearpoke
|poke|p1|Talonflame, L50, M|
|poke|p1|Chesnaught, L50, M, shiny|
|poke|p1|Incineroar, L50, M, shiny|
|poke|p1|Blastoise, L50, M|
|poke|p1|Sylveon, L50, M|
|poke|p1|Gengar, L50, F|
|poke|p2|Gengar, L50, F, shiny|
|poke|p2|Gallade, L50, M, shiny|
|poke|p2|Aegislash, L50, M, shiny|
|poke|p2|Sneasler, L50, F|
|poke|p2|Tyranitar, L50, F|
|poke|p2|Excadrill, L50, F|
|teampreview|4
|showteam|p1|Talonflame||LifeOrb|GaleWings|BraveBird,Overheat,Tailwind,Protect|Naive||M|||50|]Chesnaught||Leftovers|Bulletproof|WideGuard,BodyPress,WoodHammer,SpikyShield|Impish||M|||50|]Incineroar||PasshoBerry|Intimidate|FakeOut,PartingShot,ThroatChop,FlareBlitz|Impish||M|||50|]Blastoise||Blastoisinite|Torrent|AuraSphere,Protect,DarkPulse,WaterSpout|Modest||M|||50|]Sylveon||FairyFeather|Pixilate|HyperVoice,HyperBeam,Protect,QuickAttack|Modest||M|||50|]Gengar||Gengarite|CursedBody|ShadowBall,PerishSong,Disable,Protect|Timid||F|||50|
|showteam|p2|Gengar||Gengarite|CursedBody|PerishSong,Protect,ShadowBall,SludgeBomb|Timid||F|||50|]Gallade||ChoiceScarf|Sharpness|LeafBlade,NightSlash,PsychoCut,SacredSword|Jolly||M|||50|]Aegislash||Leftovers|StanceChange|WideGuard,KingsShield,IronHead,Poltergeist|Impish||M|||50|]Sneasler||WhiteHerb|Unburden|CloseCombat,DireClaw,FakeOut,Coaching|Jolly||F|||50|]Tyranitar||Tyranitarite|SandStream|DragonDance,Crunch,RockSlide,Protect|Adamant||F|||50|]Excadrill||FocusSash|SandRush|IronHead,RockSlide,HighHorsepower,Protect|Adamant||F|||50|
|inactive|Battle timer is ON: inactive players will automatically lose when time's up. (requested by saiban004)
|inactive|sturmkitten69 has 60 seconds left.
|
|t:|1785909127
|teamsize|p1|4
|teamsize|p2|4
|start
|switch|p1a: Incineroar|Incineroar, L50, M, shiny|100/100
|switch|p1b: Talonflame|Talonflame, L50, M|100/100
|switch|p2a: Gengar|Gengar, L50, F, shiny|100/100
|switch|p2b: Aegislash|Aegislash, L50, M, shiny|100/100
|-ability|p1a: Incineroar|Intimidate|boost
|-unboost|p2a: Gengar|atk|1
|-unboost|p2b: Aegislash|atk|1
|turn|1
|inactive|sturmkitten69 has 30 seconds left.
|
|t:|1785909154
|detailschange|p2a: Gengar|Gengar-Mega, L50, F, shiny
|-mega|p2a: Gengar|Gengar|Gengarite
|move|p1b: Talonflame|Tailwind|p1b: Talonflame
|-sidestart|p1: sturmkitten69|move: Tailwind
|move|p2a: Gengar|Sludge Bomb|p1b: Talonflame
|-damage|p1b: Talonflame|1/100
|move|p1a: Incineroar|Throat Chop|p2a: Gengar
|-supereffective|p2a: Gengar|1
|-damage|p2a: Gengar|18/100
|-start|p2a: Gengar|Throat Chop|[silent]
|-formechange|p2b: Aegislash|Aegislash-Blade|
|move|p2b: Aegislash|Poltergeist|p1b: Talonflame
|-activate|p1b: Talonflame|move: Poltergeist|Life Orb
|-damage|p1b: Talonflame|0 fnt
|faint|p1b: Talonflame
|
|upkeep
|
|t:|1785909168
|switch|p1b: Blastoise|Blastoise, L50, M|100/100
|turn|2
|
|t:|1785909186
|detailschange|p1b: Blastoise|Blastoise-Mega, L50, M
|-mega|p1b: Blastoise|Blastoise|Blastoisinite
|move|p2a: Gengar|Protect|p2a: Gengar
|-singleturn|p2a: Gengar|Protect
|-formechange|p2b: Aegislash|Aegislash|
|move|p2b: Aegislash|King's Shield|p2b: Aegislash
|-singleturn|p2b: Aegislash|Protect
|move|p1b: Blastoise|Water Spout|p2b: Aegislash|[spread] 
|-activate|p2a: Gengar|move: Protect
|-activate|p2b: Aegislash|move: Protect
|move|p1a: Incineroar|Flare Blitz|p2b: Aegislash
|-activate|p2b: Aegislash|move: Protect
|-unboost|p1a: Incineroar|atk|1
|
|-end|p2a: Gengar|Throat Chop|[silent]
|upkeep
|turn|3
|inactive|sturmkitten69 has 30 seconds left.
|
|t:|1785909214
|move|p2b: Aegislash|Wide Guard|p2b: Aegislash
|-singleturn|p2b: Aegislash|Wide Guard
|move|p1b: Blastoise|Water Spout|p2a: Gengar|[spread] 
|-activate|p2a: Gengar|move: Wide Guard
|-activate|p2b: Aegislash|move: Wide Guard
|move|p2a: Gengar|Perish Song|p2a: Gengar
|-start|p1a: Incineroar|perish3|[silent]
|-start|p1b: Blastoise|perish3|[silent]
|-start|p2a: Gengar|perish3|[silent]
|-start|p2b: Aegislash|perish3|[silent]
|-fieldactivate|move: Perish Song
|move|p1a: Incineroar|Flare Blitz|p2b: Aegislash
|-supereffective|p2b: Aegislash|1
|-damage|p2b: Aegislash|53/100
|-damage|p1a: Incineroar|88/100|[from] Recoil
|
|-heal|p2b: Aegislash|59/100|[from] item: Leftovers
|-start|p2a: Gengar|perish3
|-start|p1b: Blastoise|perish3
|-start|p1a: Incineroar|perish3
|-start|p2b: Aegislash|perish3
|upkeep
|turn|4
|inactive|sturmkitten69 has 30 seconds left.
|
|t:|1785909242
|move|p2b: Aegislash|King's Shield||[still]
|-fail|p2b: Aegislash
|move|p2a: Gengar|Sludge Bomb|p1b: Blastoise
|-damage|p1b: Blastoise|57/100
|move|p1b: Blastoise|Dark Pulse|p2b: Aegislash
|-supereffective|p2b: Aegislash|1
|-damage|p2b: Aegislash|0 fnt
|faint|p2b: Aegislash
|move|p1a: Incineroar|Throat Chop|p2a: Gengar
|-supereffective|p2a: Gengar|1
|-damage|p2a: Gengar|0 fnt
|faint|p2a: Gengar
|
|-start|p1b: Blastoise|perish2
|-start|p1a: Incineroar|perish2
|-sideend|p1: sturmkitten69|move: Tailwind
|upkeep
|
|t:|1785909253
|switch|p2a: Gallade|Gallade, L50, M, shiny|100/100
|switch|p2b: Sneasler|Sneasler, L50, F|100/100
|turn|5
|
|t:|1785909270
|move|p2a: Gallade|Sacred Sword|p1a: Incineroar
|-supereffective|p1a: Incineroar|1
|-damage|p1a: Incineroar|0 fnt
|faint|p1a: Incineroar
|move|p2b: Sneasler|Coaching|p2a: Gallade
|-boost|p2a: Gallade|atk|1
|-boost|p2a: Gallade|def|1
|move|p1b: Blastoise|Water Spout|p2b: Sneasler|[spread] p2a,p2b
|-crit|p2a: Gallade
|-damage|p2a: Gallade|41/100
|-damage|p2b: Sneasler|56/100
|
|-start|p1b: Blastoise|perish1
|upkeep
|
|t:|1785909282
|switch|p1a: Sylveon|Sylveon, L50, M|100/100
|turn|6
|
|t:|1785909289
|move|p2a: Gallade|Sacred Sword|p1b: Blastoise
|-damage|p1b: Blastoise|0 fnt
|faint|p1b: Blastoise
|move|p2b: Sneasler|Dire Claw|p1a: Sylveon
|-supereffective|p1a: Sylveon|1
|-damage|p1a: Sylveon|23/100
|move|p1a: Sylveon|Hyper Voice|p2b: Sneasler|[spread] p2a,p2b
|-supereffective|p2a: Gallade|1
|-crit|p2a: Gallade
|-damage|p2a: Gallade|0 fnt
|-damage|p2b: Sneasler|3/100
|faint|p2a: Gallade
|
|upkeep
|turn|7
|
|t:|1785909301
|move|p1a: Sylveon|Quick Attack|p2b: Sneasler
|-damage|p2b: Sneasler|0 fnt
|faint|p2b: Sneasler
|
|win|sturmkitten69
||saiban004 is ready for game 2.
||sturmkitten69 is ready for game 2.
|uhtml|next|Next: Game 2 of 3
|l|☆saiban004
|player|p2|
