|j|☆jonathan53332
|j|☆Linkmasterjr
|html|jonathan53332Linkmasterjr    
|uhtml|bestof|Game 1 of a best-of-3
|t:|1782244577
|gametype|doubles
|player|p1|jonathan53332|102|
|player|p2|Linkmasterjr|170|
|gen|9
|tier|[Gen 9 Champions] VGC 2026 Reg M-B (Bo3)
|rule|Species Clause: Limit one of each Pokémon
|rule|Item Clause: Limit 1 of each item
|clearpoke
|poke|p1|Primarina, L50, F|
|poke|p1|Sinistcha-Masterpiece, L50, shiny|
|poke|p1|Pelipper, L50, M|
|poke|p1|Meganium, L50, F, shiny|
|poke|p1|Excadrill, L50, F|
|poke|p1|Gholdengo, L50|
|poke|p2|Raichu, L50, M|
|poke|p2|Grimmsnarl, L50, M|
|poke|p2|Incineroar, L50, F|
|poke|p2|Garchomp, L50, M|
|poke|p2|Dragonite, L50, F|
|poke|p2|Whimsicott, L50, F|
|teampreview|4
|showteam|p1|Primarina||Leftovers|LiquidVoice|HyperVoice,Blizzard,EnergyBall,ShadowBall|Modest||F|||50|]Sinistcha-Masterpiece||SitrusBerry|Hospitality|MatchaGotcha,StrengthSap,ShadowBall,Scald|Modest|||||50|]Pelipper||FocusSash|Drizzle|Hurricane,WideGuard,IcyWind,Tailwind|Modest||M|||50|]Meganium||Meganiumite|LeafGuard|WeatherBall,SolarBeam,DazzlingGleam,Synthesis|Timid||F|||50|]Excadrill||Excadrite|MoldBreaker|Earthquake,IronHead,BrickBreak,Protect|Jolly||F|||50|]Gholdengo||Metronome|GoodasGold|ShadowBall,Recover,MakeItRain,DazzlingGleam|Modest|||||50|
|showteam|p2|Raichu||RaichuniteY|LightningRod|ZapCannon,FocusBlast,Protect,Discharge|Serious||M|||50|]Grimmsnarl||LightClay|Prankster|PartingShot,Reflect,LightScreen,SpiritBreak|Serious||M|||50|]Incineroar||SitrusBerry|Intimidate|PartingShot,FlareBlitz,WillOWisp,FakeOut|Serious||F|||50|]Garchomp||QuickClaw|RoughSkin|Earthquake,DragonClaw,IronHead,Protect|Serious||M|||50|]Dragonite||KingsRock|InnerFocus|IceBeam,StompingTantrum,ExtremeSpeed,HeatWave|Serious||F|||50|]Whimsicott||FocusBand|Prankster|Tailwind,DazzlingGleam,Encore,Hurricane|Serious||F|||50|
|
|t:|1782244617
|teamsize|p1|4
|teamsize|p2|4
|start
|switch|p1a: Pelipper|Pelipper, L50, M|100/100
|switch|p1b: Excadrill|Excadrill, L50, F|100/100
|switch|p2a: Whimsicott|Whimsicott, L50, F|100/100
|switch|p2b: Dragonite|Dragonite, L50, F|100/100
|-ability|p1b: Excadrill|Mold Breaker
|-weather|RainDance|[from] ability: Drizzle|[of] p1a: Pelipper
|turn|1
|
|t:|1782244637
|move|p1b: Excadrill|Protect|p1b: Excadrill
|-singleturn|p1b: Excadrill|Protect
|move|p2a: Whimsicott|Hurricane|p1b: Excadrill
|-activate|p1b: Excadrill|move: Protect
|move|p2b: Dragonite|Stomping Tantrum|p1b: Excadrill
|-activate|p1b: Excadrill|move: Protect
|move|p1a: Pelipper|Icy Wind|p2b: Dragonite|[spread] p2a,p2b
|-supereffective|p2a: Whimsicott|1
|-supereffective|p2b: Dragonite|2
|-damage|p2a: Whimsicott|60/100
|-damage|p2b: Dragonite|45/100
|-unboost|p2a: Whimsicott|spe|1
|-unboost|p2b: Dragonite|spe|1
|
|-weather|RainDance|[upkeep]
|upkeep
|turn|2
|
|t:|1782244662
|move|p1b: Excadrill|Iron Head|p2a: Whimsicott
|-supereffective|p2a: Whimsicott|1
|-damage|p2a: Whimsicott|0 fnt
|faint|p2a: Whimsicott
|move|p1a: Pelipper|Icy Wind|p2b: Dragonite
|-supereffective|p2b: Dragonite|2
|-damage|p2b: Dragonite|0 fnt
|faint|p2b: Dragonite
|
|-weather|RainDance|[upkeep]
|upkeep
|
|t:|1782244670
|switch|p2a: Raichu|Raichu, L50, M|100/100
|switch|p2b: Incineroar|Incineroar, L50, F|100/100
|-ability|p2b: Incineroar|Intimidate|boost
|-unboost|p1a: Pelipper|atk|1
|-unboost|p1b: Excadrill|atk|1
|turn|3
|
|t:|1782244699
|detailschange|p2a: Raichu|Raichu-Mega-Y, L50, M
|-mega|p2a: Raichu|Raichu|Raichunite Y
|move|p1b: Excadrill|Protect|p1b: Excadrill
|-singleturn|p1b: Excadrill|Protect
|move|p2b: Incineroar|Fake Out|p1b: Excadrill
|-activate|p1b: Excadrill|move: Protect
|move|p2a: Raichu|Zap Cannon|p1a: Pelipper
|-supereffective|p1a: Pelipper|2
|-enditem|p1a: Pelipper|Focus Sash
|-damage|p1a: Pelipper|1/100
|-status|p1a: Pelipper|par
|move|p1a: Pelipper|Tailwind|p1a: Pelipper
|-sidestart|p1: jonathan53332|move: Tailwind
|
|-weather|RainDance|[upkeep]
|upkeep
|turn|4
|
|t:|1782244716
|detailschange|p1b: Excadrill|Excadrill-Mega, L50, F
|-mega|p1b: Excadrill|Excadrill|Excadrite
|move|p1b: Excadrill|Earthquake|p2b: Incineroar|[spread] p2a,p2b
|-immune|p1a: Pelipper
|-supereffective|p2a: Raichu|1
|-supereffective|p2b: Incineroar|1
|-damage|p2a: Raichu|0 fnt
|-damage|p2b: Incineroar|43/100
|-enditem|p2b: Incineroar|Sitrus Berry|[eat]
|-heal|p2b: Incineroar|68/100|[from] item: Sitrus Berry
|faint|p2a: Raichu
|move|p1a: Pelipper|Icy Wind|p2b: Incineroar
|-resisted|p2b: Incineroar|1
|-damage|p2b: Incineroar|60/100
|-unboost|p2b: Incineroar|spe|1
|move|p2b: Incineroar|Flare Blitz|p1b: Excadrill
|-supereffective|p1b: Excadrill|1
|-damage|p1b: Excadrill|47/100
|-damage|p2b: Incineroar|44/100|[from] Recoil
|
|-weather|RainDance|[upkeep]
|upkeep
|turn|5
|
|t:|1782244726
|move|p1b: Excadrill|Earthquake|p2b: Incineroar|[spread] p2b
|-immune|p1a: Pelipper
|-supereffective|p2b: Incineroar|1
|-damage|p2b: Incineroar|0 fnt
|faint|p2b: Incineroar
|
|win|jonathan53332
