|j|☆pockey_or_pk
|j|☆krispycloud
|html|pockey_or_pkkrispycloud    
|uhtml|bestof|Game 1 of a best-of-3
|t:|1756683211
|gametype|doubles
|player|p1|pockey_or_pk|roxie|1055
|player|p2|krispycloud|flint|1000
|gen|9
|tier|[Gen 9] VGC 2025 Reg H (Bo3)
|rated|
|rule|Species Clause: Limit one of each Pokémon
|rule|Item Clause: Limit 1 of each item
|clearpoke
|poke|p1|Armarouge, L50, M|
|poke|p1|Indeedee-F, L50, F|
|poke|p1|Clawitzer, L50, M|
|poke|p1|Grimmsnarl, L50, M|
|poke|p1|Incineroar, L50, F|
|poke|p1|Amoonguss, L50, M|
|poke|p2|Amoonguss, L50, M|
|poke|p2|Sneasler, L50, M|
|poke|p2|Gholdengo, L50|
|poke|p2|Incineroar, L50, M|
|poke|p2|Ursaluna-Bloodmoon, L50, M|
|poke|p2|Dragonite, L50, M|
|teampreview|4
|showteam|p1|Armarouge||LifeOrb|FlashFire|ArmorCannon,WideGuard,ExpandingForce,TrickRoom|||M|||50|,,,,,Ghost]Indeedee-F||Leftovers|PsychicSurge|FollowMe,Protect,HealPulse,AlluringVoice|||F|||50|,,,,,Fairy]Clawitzer||ChoiceSpecs|MegaLauncher|DragonPulse,WaterPulse,AuraSphere,DarkPulse|||M|||50|,,,,,Dragon]Grimmsnarl||LightClay|Prankster|LightScreen,Reflect,SpiritBreak,PartingShot|||M|||50|,,,,,Ghost]Incineroar||SafetyGoggles|Intimidate|FakeOut,FlareBlitz,KnockOff,PartingShot|||F|||50|,,,,,Bug]Amoonguss||RockyHelmet|Regenerator|RagePowder,Spore,SludgeBomb,Protect|||M|||50|,,,,,Water
|showteam|p2|Amoonguss||SitrusBerry|Regenerator|RagePowder,Spore,PollenPuff,Protect|||M|||50|,,,,,Psychic]Sneasler||FocusSash|Unburden|Protect,DireClaw,CloseCombat,ThroatChop|||M|||50|,,,,,Stellar]Gholdengo||LifeOrb|GoodasGold|Protect,MakeItRain,ShadowBall,NastyPlot||||||50|,,,,,Water]Incineroar||SafetyGoggles|Intimidate|KnockOff,PartingShot,FlareBlitz,FakeOut|||M|||50|,,,,,Ghost]Ursaluna-Bloodmoon||AssaultVest|MindsEye|BloodMoon,EarthPower,VacuumWave,HyperVoice|||M|||50|,,,,,Water]Dragonite||LoadedDice|Multiscale|ScaleShot,Tailwind,Haze,Protect|||M|||50|,,,,,Fairy
|inactive|Battle timer is ON: inactive players will automatically lose when time's up. (requested by pockey_or_pk)
|inactive|krispycloud has 60 seconds left.
|
|t:|1756683269
|teamsize|p1|4
|teamsize|p2|4
|start
|switch|p1a: Indeedee|Indeedee-F, L50, F|100/100
|switch|p1b: Armarouge|Armarouge, L50, M|100/100
|switch|p2a: Gholdengo|Gholdengo, L50|100/100
|switch|p2b: Incineroar|Incineroar, L50, M|100/100
|-ability|p2b: Incineroar|Intimidate|boost
|-unboost|p1a: Indeedee|atk|1
|-unboost|p1b: Armarouge|atk|1
|-fieldstart|move: Psychic Terrain|[from] ability: Psychic Surge|[of] p1a: Indeedee
|turn|1
|inactive|krispycloud has 30 seconds left.
|
|t:|1756683301
|-terastallize|p2a: Gholdengo|Water
|move|p1a: Indeedee|Follow Me|p1a: Indeedee
|-singleturn|p1a: Indeedee|move: Follow Me
|move|p2a: Gholdengo|Make It Rain|p1a: Indeedee|[spread] p1a,p1b
|-resisted|p1b: Armarouge
|-damage|p1a: Indeedee|63/100
|-damage|p1b: Armarouge|70/100
|-unboost|p2a: Gholdengo|spa|1
|-damage|p2a: Gholdengo|91/100|[from] item: Life Orb
|move|p2b: Incineroar|Knock Off|p1a: Indeedee
|-supereffective|p1a: Indeedee
|-damage|p1a: Indeedee|0 fnt
|-enditem|p1a: Indeedee|Leftovers|[from] move: Knock Off|[of] p2b: Incineroar
|faint|p1a: Indeedee
|move|p1b: Armarouge|Trick Room|p1b: Armarouge
|-fieldstart|move: Trick Room|[of] p1b: Armarouge
|
|upkeep
|
|t:|1756683313
|switch|p1a: Clawitzer|Clawitzer, L50, M|100/100
|turn|2
|
|t:|1756683327
|move|p2a: Gholdengo|Protect|p2a: Gholdengo
|-singleturn|p2a: Gholdengo|Protect
|move|p1a: Clawitzer|Water Pulse|p2b: Incineroar
|-supereffective|p2b: Incineroar
|-damage|p2b: Incineroar|0 fnt
|faint|p2b: Incineroar
|move|p1b: Armarouge|Expanding Force|p2a: Gholdengo
|-activate|p2a: Gholdengo|move: Protect
|
|upkeep
|
|t:|1756683333
|switch|p2b: Amoonguss|Amoonguss, L50, M|100/100
|turn|3
|
|t:|1756683339
|move|p2b: Amoonguss|Spore|p1b: Armarouge
|-status|p1b: Armarouge|slp|[from] move: Spore
|move|p1a: Clawitzer|Water Pulse|p2a: Gholdengo
|-resisted|p2a: Gholdengo
|-damage|p2a: Gholdengo|51/100
|cant|p1b: Armarouge|slp
|move|p2a: Gholdengo|Nasty Plot|p2a: Gholdengo
|-boost|p2a: Gholdengo|spa|2
|
|upkeep
|turn|4
|inactive|krispycloud has 30 seconds left.
|
|t:|1756683367
|move|p2b: Amoonguss|Pollen Puff|p2a: Gholdengo
|-heal|p2a: Gholdengo|100/100
|move|p1a: Clawitzer|Water Pulse|p2a: Gholdengo
|-resisted|p2a: Gholdengo
|-damage|p2a: Gholdengo|64/100
|-start|p2a: Gholdengo|confusion
|cant|p1b: Armarouge|slp
|-activate|p2a: Gholdengo|confusion
|move|p2a: Gholdengo|Shadow Ball|p1b: Armarouge
|-supereffective|p1b: Armarouge
|-damage|p1b: Armarouge|0 fnt
|faint|p1b: Armarouge
|-damage|p2a: Gholdengo|54/100|[from] item: Life Orb
|
|upkeep
|
|t:|1756683378
|switch|p1b: Grimmsnarl|Grimmsnarl, L50, M|100/100
|turn|5
|
|t:|1756683394
|switch|p2a: Ursaluna|Ursaluna-Bloodmoon, L50, M|100/100
|move|p1b: Grimmsnarl|Light Screen|p1b: Grimmsnarl
|-sidestart|p1: pockey_or_pk|move: Light Screen
|move|p2b: Amoonguss|Spore|p1a: Clawitzer
|-status|p1a: Clawitzer|slp|[from] move: Spore
|cant|p1a: Clawitzer|slp
|
|-fieldend|move: Trick Room
|-fieldend|move: Psychic Terrain
|upkeep
|turn|6
|
|t:|1756683414
|move|p2b: Amoonguss|Rage Powder|p2b: Amoonguss
|-singleturn|p2b: Amoonguss|move: Rage Powder
|move|p2a: Ursaluna|Blood Moon|p1a: Clawitzer
|-damage|p1a: Clawitzer|41/100 slp
|move|p1b: Grimmsnarl|Spirit Break|p2b: Amoonguss
|-resisted|p2b: Amoonguss
|-damage|p2b: Amoonguss|88/100
|-unboost|p2b: Amoonguss|spa|1
|cant|p1a: Clawitzer|slp
|
|upkeep
|turn|7
|
|t:|1756683428
|move|p2b: Amoonguss|Rage Powder|p2b: Amoonguss
|-singleturn|p2b: Amoonguss|move: Rage Powder
|move|p1b: Grimmsnarl|Parting Shot|p2b: Amoonguss
|-unboost|p2b: Amoonguss|atk|1
|-unboost|p2b: Amoonguss|spa|1
|move|p2a: Ursaluna|Hyper Voice|p1b: Grimmsnarl|[spread] p1a,p1b
|-damage|p1a: Clawitzer|16/100 slp
|-damage|p1b: Grimmsnarl|80/100
|cant|p1a: Clawitzer|slp
|
|upkeep
|turn|8
|-message|pockey_or_pk forfeited.
|
|win|krispycloud
|l|☆pockey_or_pk
|player|p1|
||pockey_or_pk is ready for game 2.
||krispycloud is ready for game 2.
|uhtml|next|Next: Game 2 of 3
