|j|☆Moon7777
|j|☆PuniHina
|html|Moon7777PuniHina    
|uhtml|bestof|Game 2 of a best-of-3
|t:|1755239544
|gametype|doubles
|player|p1|Moon7777|265|1310
|player|p2|PuniHina|lacey|1347
|gen|9
|tier|[Gen 9] VGC 2025 Reg H (Bo3)
|rated|
|rule|Species Clause: Limit one of each Pokémon
|rule|Item Clause: Limit 1 of each item
|clearpoke
|poke|p1|Gholdengo, L50|
|poke|p1|Whimsicott, L50, M|
|poke|p1|Garchomp, L50, M|
|poke|p1|Rotom-Wash, L50|
|poke|p1|Annihilape, L50, F|
|poke|p1|Spiritomb, L50, F|
|poke|p2|Kingambit, L50, M|
|poke|p2|Volcarona, L50, M|
|poke|p2|Sneasler, L50, F|
|poke|p2|Rillaboom, L50, M|
|poke|p2|Electabuzz, L50, F|
|poke|p2|Dragonite, L50, F|
|teampreview|4
|showteam|p1|Gholdengo||ChoiceSpecs|GoodasGold|MakeItRain,ShadowBall,Thunderbolt,Trick||||||50|,,,,,Steel]Whimsicott||FocusSash|Prankster|Moonblast,Tailwind,Encore,BeatUp|||M|||50|,,,,,Ghost]Garchomp||LifeOrb|RoughSkin|Protect,StompingTantrum,Earthquake,DragonClaw|||M|||50|,,,,,Steel]Rotom-Wash||SafetyGoggles|Levitate|Protect,Thunderbolt,HydroPump,VoltSwitch||||||50|,,,,,Ghost]Annihilape||AssaultVest|Defiant|FinalGambit,CloseCombat,RageFist,Uturn|||F|||50|,,,,,Grass]Spiritomb||SitrusBerry|Infiltrator|DarkPulse,Snarl,TrickRoom,WillOWisp|||F|||50|,,,,,Water
|showteam|p2|Kingambit||BlackGlasses|Defiant|KowtowCleave,SuckerPunch,Protect,SwordsDance|||M|||50|,,,,,Dark]Volcarona||CovertCloak|FlameBody|GigaDrain,HeatWave,WillOWisp,QuiverDance|||M|||50|,,,,,Fairy]Sneasler||FocusSash|Unburden|DireClaw,CloseCombat,Taunt,Coaching|||F|||50|,,,,,Ghost]Rillaboom||AssaultVest|GrassySurge|WoodHammer,GrassyGlide,FakeOut,HighHorsepower|||M|||50|,,,,,Fire]Electabuzz||Eviolite|VitalSpirit|Electroweb,HelpingHand,Protect,FollowMe|||F|||50|,,,,,Grass]Dragonite||LoadedDice|Multiscale|ScaleShot,StompingTantrum,Protect,Haze|||F|||50|,,,,,Ground
|
|t:|1755239579
|teamsize|p1|4
|teamsize|p2|4
|start
|switch|p1a: Whimsicott|Whimsicott, L50, M|100/100
|switch|p1b: Annihilape|Annihilape, L50, F|100/100
|switch|p2a: Kingambit|Kingambit, L50, M|100/100
|switch|p2b: ❤︎Leah❤︎|Sneasler, L50, F|100/100
|turn|1
|
|t:|1755239621
|-terastallize|p1a: Whimsicott|Ghost
|move|p2a: Kingambit|Protect|p2a: Kingambit
|-singleturn|p2a: Kingambit|Protect
|move|p1a: Whimsicott|Tailwind|p1a: Whimsicott
|-sidestart|p1: Moon7777|move: Tailwind
|move|p1b: Annihilape|Close Combat|p2a: Kingambit
|-activate|p2a: Kingambit|move: Protect
|move|p2b: ❤︎Leah❤︎|Coaching|p2a: Kingambit
|-boost|p2a: Kingambit|atk|1
|-boost|p2a: Kingambit|def|1
|
|upkeep
|turn|2
|
|t:|1755239651
|-terastallize|p2a: Kingambit|Dark
|move|p2a: Kingambit|Sucker Punch|p1b: Annihilape
|-damage|p1b: Annihilape|11/100
|move|p1a: Whimsicott|Moonblast|p2a: Kingambit
|-supereffective|p2a: Kingambit
|-damage|p2a: Kingambit|36/100
|move|p1b: Annihilape|Close Combat|p2a: Kingambit
|-supereffective|p2a: Kingambit
|-damage|p2a: Kingambit|0 fnt
|-unboost|p1b: Annihilape|def|1
|-unboost|p1b: Annihilape|spd|1
|faint|p2a: Kingambit
|move|p2b: ❤︎Leah❤︎|Dire Claw|p1a: Whimsicott
|-resisted|p1a: Whimsicott
|-damage|p1a: Whimsicott|70/100
|-status|p1a: Whimsicott|slp
|
|upkeep
|
|t:|1755239667
|switch|p2a: Rillaboom|Rillaboom, L50, M|100/100
|-fieldstart|move: Grassy Terrain|[from] ability: Grassy Surge|[of] p2a: Rillaboom
|turn|3
|
|t:|1755239684
|switch|p1b: Gholdengo|Gholdengo, L50|100/100
|move|p2a: Rillaboom|Grassy Glide|p1b: Gholdengo
|-resisted|p1b: Gholdengo
|-damage|p1b: Gholdengo|78/100
|cant|p1a: Whimsicott|slp
|move|p2b: ❤︎Leah❤︎|Coaching|p2a: Rillaboom
|-boost|p2a: Rillaboom|atk|1
|-boost|p2a: Rillaboom|def|1
|
|-heal|p1a: Whimsicott|75/100 slp|[from] Grassy Terrain
|-heal|p1b: Gholdengo|84/100|[from] Grassy Terrain
|upkeep
|turn|4
|
|t:|1755239712
|cant|p1a: Whimsicott|slp
|move|p1b: Gholdengo|Make It Rain|p2a: Rillaboom|[spread] p2a,p2b
|-damage|p2a: Rillaboom|45/100
|-enditem|p2b: ❤︎Leah❤︎|Focus Sash
|-damage|p2b: ❤︎Leah❤︎|1/100
|-unboost|p1b: Gholdengo|spa|1
|move|p2b: ❤︎Leah❤︎|Taunt|p1a: Whimsicott
|-start|p1a: Whimsicott|move: Taunt
|move|p2a: Rillaboom|High Horsepower|p1b: Gholdengo
|-supereffective|p1b: Gholdengo
|-damage|p1b: Gholdengo|0 fnt
|faint|p1b: Gholdengo
|
|-heal|p2b: ❤︎Leah❤︎|7/100|[from] Grassy Terrain
|-heal|p1a: Whimsicott|81/100 slp|[from] Grassy Terrain
|-heal|p2a: Rillaboom|51/100|[from] Grassy Terrain
|-sideend|p1: Moon7777|move: Tailwind
|upkeep
|
|t:|1755239721
|switch|p1b: Garchomp|Garchomp, L50, M|100/100
|turn|5
|
|t:|1755239735
|move|p1b: Garchomp|Protect|p1b: Garchomp
|-singleturn|p1b: Garchomp|Protect
|move|p2b: ❤︎Leah❤︎|Coaching|p2a: Rillaboom
|-boost|p2a: Rillaboom|atk|1
|-boost|p2a: Rillaboom|def|1
|cant|p1a: Whimsicott|slp
|move|p2a: Rillaboom|Wood Hammer|p1b: Garchomp
|-activate|p1b: Garchomp|move: Protect
|
|-heal|p2b: ❤︎Leah❤︎|13/100|[from] Grassy Terrain
|-heal|p1a: Whimsicott|87/100 slp|[from] Grassy Terrain
|-heal|p2a: Rillaboom|57/100|[from] Grassy Terrain
|upkeep
|turn|6
|
|t:|1755239748
|move|p2b: ❤︎Leah❤︎|Coaching|p2a: Rillaboom
|-boost|p2a: Rillaboom|atk|1
|-boost|p2a: Rillaboom|def|1
|-curestatus|p1a: Whimsicott|slp|[msg]
|move|p1a: Whimsicott|Moonblast|p2b: ❤︎Leah❤︎
|-damage|p2b: ❤︎Leah❤︎|0 fnt
|faint|p2b: ❤︎Leah❤︎
|move|p1b: Garchomp|Dragon Claw|p2a: Rillaboom
|-damage|p2a: Rillaboom|36/100
|-damage|p1b: Garchomp|91/100|[from] item: Life Orb
|move|p2a: Rillaboom|Wood Hammer|p1b: Garchomp
|-damage|p1b: Garchomp|0 fnt
|-damage|p2a: Rillaboom|24/100|[from] ability: Rough Skin|[of] p1b: Garchomp
|faint|p1b: Garchomp
|-damage|p2a: Rillaboom|0 fnt|[from] Recoil
|faint|p2a: Rillaboom
|
|-heal|p1a: Whimsicott|93/100|[from] Grassy Terrain
|upkeep
|
|t:|1755239764
|switch|p1b: Annihilape|Annihilape, L50, F|11/100
|switch|p2a: Volcarona|Volcarona, L50, M|100/100
|turn|7
|
|t:|1755239788
|move|p1a: Whimsicott|Beat Up|p1b: Annihilape
|-damage|p1b: Annihilape|9/100
|-damage|p1b: Annihilape|6/100
|-hitcount|p1b: Annihilape|2
|move|p2a: Volcarona|Giga Drain|p1b: Annihilape
|-damage|p1b: Annihilape|0 fnt
|faint|p1b: Annihilape
|
|-heal|p1a: Whimsicott|99/100|[from] Grassy Terrain
|-end|p1a: Whimsicott|move: Taunt
|-fieldend|move: Grassy Terrain
|upkeep
|turn|8
|
|t:|1755239799
|move|p1a: Whimsicott|Encore|p2a: Volcarona
|-start|p2a: Volcarona|Encore
|move|p2a: Volcarona|Giga Drain|p1a: Whimsicott
|-damage|p1a: Whimsicott|63/100
|
|upkeep
|turn|9
|
|t:|1755239804
|move|p1a: Whimsicott|Moonblast|p2a: Volcarona
|-resisted|p2a: Volcarona
|-damage|p2a: Volcarona|85/100
|move|p2a: Volcarona|Giga Drain|p1a: Whimsicott
|-damage|p1a: Whimsicott|28/100
|-heal|p2a: Volcarona|98/100|[from] drain|[of] p1a: Whimsicott
|
|upkeep
|turn|10
|-message|Moon7777 forfeited.
|
|win|PuniHina
|raw|Moon7777's rating: 1310 → 1292(-18 for losing)
|raw|PuniHina's rating: 1347 → 1365(+18 for winning)
|l|☆Moon7777
|player|p1|
