|j|☆psychic system
|j|☆sorecruiser
|html|psychic systemsorecruiser    
|uhtml|bestof|Game 1 of a best-of-3
|t:|1757018225
|gametype|doubles
|player|p1|psychic system|lucas|1104
|player|p2|sorecruiser|furisodegirl-black|1086
|gen|9
|tier|[Gen 9] VGC 2025 Reg H (Bo3)
|rated|
|rule|Species Clause: Limit one of each Pokémon
|rule|Item Clause: Limit 1 of each item
|clearpoke
|poke|p1|Rillaboom, L50, M|
|poke|p1|Florges, L50, F|
|poke|p1|Amoonguss, L50, F|
|poke|p1|Kingambit, L50, F|
|poke|p1|Incineroar, L50, M|
|poke|p1|Pelipper, L50, F|
|poke|p2|Gholdengo, L50|
|poke|p2|Whimsicott, L50, F|
|poke|p2|Sneasler, L50, M|
|poke|p2|Basculegion, L50, M|
|poke|p2|Hydreigon, L50, F|
|poke|p2|Magmar, L50, F|
|teampreview|4
|showteam|p1|Rillaboom||AssaultVest|GrassySurge|FakeOut,GrassyGlide,DrumBeating,Uturn|||M|||50|,,,,,Fire]Florges||Leftovers|FlowerVeil|Moonblast,DazzlingGleam,CalmMind,Protect|||F|||50|,,,,,Grass]Amoonguss||SitrusBerry|Regenerator|ClearSmog,Spore,PollenPuff,RagePowder|||F|||50|,,,,,Water]Kingambit||BlackGlasses|Defiant|Protect,KowtowCleave,SuckerPunch,SwordsDance|||F|||50|,,,,,Ghost]Incineroar||SafetyGoggles|Intimidate|FakeOut,KnockOff,FlareBlitz,PartingShot|||M|||50|,,,,,Ghost]Pelipper||ChoiceScarf|Drizzle|MuddyWater,Hurricane,IcyWind,WeatherBall|||F|||50|,,,,,Water
|showteam|p2|Gholdengo||MetalCoat|GoodasGold|MakeItRain,ShadowBall,NastyPlot,Protect||||||50|,,,,,Steel]Whimsicott||CovertCloak|Prankster|Tailwind,Encore,FakeTears,Moonblast|||F|||50|,,,,,Dark]Sneasler||FocusSash|PoisonTouch|Protect,CloseCombat,DireClaw,ThroatChop|||M|||50|,,,,,Dark]Basculegion||ChoiceScarf|Adaptability|LastRespects,WaveCrash,AquaJet,FlipTurn|||M|||50|,,,,,Ghost]Hydreigon||ChoiceSpecs|Levitate|DarkPulse,DracoMeteor,Snarl,HeatWave|||F|||50|,,,,,Fire]Magmar||Eviolite|VitalSpirit|Protect,FollowMe,HeatWave,Taunt|||F|||50|,,,,,Water
|inactive|Battle timer is ON: inactive players will automatically lose when time's up. (requested by psychic system)
|
|t:|1757018292
|teamsize|p1|4
|teamsize|p2|4
|start
|switch|p1a: Florges|Florges, L50, F|100/100
|switch|p1b: Incineroar|Incineroar, L50, M|100/100
|switch|p2a: Whimsicott|Whimsicott, L50, F|100/100
|switch|p2b: Hydreigon|Hydreigon, L50, F|100/100
|-ability|p1b: Incineroar|Intimidate|boost
|-unboost|p2a: Whimsicott|atk|1
|-unboost|p2b: Hydreigon|atk|1
|turn|1
|inactive|sorecruiser has 30 seconds left.
|
|t:|1757018321
|switch|p2b: Basculegion|Basculegion, L50, M|100/100
|move|p2a: Whimsicott|Fake Tears|p1a: Florges
|-unboost|p1a: Florges|spd|2
|move|p1a: Florges|Dazzling Gleam|p2b: Basculegion|[spread] p2a,p2b
|-damage|p2a: Whimsicott|69/100
|-damage|p2b: Basculegion|71/100
|move|p1b: Incineroar|Flare Blitz|p2a: Whimsicott
|-supereffective|p2a: Whimsicott
|-damage|p2a: Whimsicott|0 fnt
|faint|p2a: Whimsicott
|-damage|p1b: Incineroar|82/100|[from] Recoil
|
|upkeep
|
|t:|1757018330
|switch|p2a: Hydreigon|Hydreigon, L50, F|100/100
|turn|2
|
|t:|1757018345
|switch|p1b: Rillaboom|Rillaboom, L50, M|100/100
|-fieldstart|move: Grassy Terrain|[from] ability: Grassy Surge|[of] p1b: Rillaboom
|-terastallize|p2a: Hydreigon|Fire
|move|p1a: Florges|Protect|p1a: Florges
|-singleturn|p1a: Florges|Protect
|move|p2b: Basculegion|Flip Turn|p1b: Rillaboom
|-resisted|p1b: Rillaboom
|-crit|p1b: Rillaboom
|-damage|p1b: Rillaboom|71/100
|
|t:|1757018355
|switch|p2b: Magmar|Magmar, L50, F|100/100|[from] Flip Turn
|move|p2a: Hydreigon|Heat Wave|p1a: Florges|[spread] p1b
|-activate|p1a: Florges|move: Protect
|-supereffective|p1b: Rillaboom
|-damage|p1b: Rillaboom|0 fnt
|faint|p1b: Rillaboom
|
|upkeep
|
|t:|1757018365
|switch|p1b: Incineroar|Incineroar, L50, M|82/100
|-ability|p1b: Incineroar|Intimidate|boost
|-unboost|p2a: Hydreigon|atk|1
|-unboost|p2b: Magmar|atk|1
|turn|3
|inactive|psychic system has 30 seconds left.
|inactive|psychic system has 20 seconds left.
|inactive|psychic system has 15 seconds left.
|inactive|psychic system has 10 seconds left.
|
|t:|1757018420
|switch|p1a: Kingambit|Kingambit, L50, F|100/100
|move|p1b: Incineroar|Fake Out|p2a: Hydreigon
|-damage|p2a: Hydreigon|86/100
|cant|p2a: Hydreigon|flinch
|move|p2b: Magmar|Heat Wave|p1b: Incineroar|[spread] p1a,p1b
|-supereffective|p1a: Kingambit
|-resisted|p1b: Incineroar
|-damage|p1a: Kingambit|56/100
|-damage|p1b: Incineroar|71/100
|
|-heal|p1b: Incineroar|77/100|[from] Grassy Terrain
|-heal|p1a: Kingambit|62/100|[from] Grassy Terrain
|upkeep
|turn|4
|
|t:|1757018440
|move|p1a: Kingambit|Protect|p1a: Kingambit
|-singleturn|p1a: Kingambit|Protect
|move|p2b: Magmar|Follow Me|p2b: Magmar
|-singleturn|p2b: Magmar|move: Follow Me
|move|p2a: Hydreigon|Heat Wave|p1a: Kingambit|[spread] 
|-activate|p1a: Kingambit|move: Protect
|-miss|p2a: Hydreigon|p1b: Incineroar
|move|p1b: Incineroar|Knock Off|p2b: Magmar
|-damage|p2b: Magmar|71/100
|-enditem|p2b: Magmar|Eviolite|[from] move: Knock Off|[of] p1b: Incineroar
|
|-heal|p2b: Magmar|77/100|[from] Grassy Terrain
|-heal|p1b: Incineroar|83/100|[from] Grassy Terrain
|-heal|p1a: Kingambit|68/100|[from] Grassy Terrain
|upkeep
|turn|5
|
|t:|1757018460
|switch|p1a: Florges|Florges, L50, F|100/100
|move|p2b: Magmar|Follow Me|p2b: Magmar
|-singleturn|p2b: Magmar|move: Follow Me
|move|p2a: Hydreigon|Heat Wave|p1a: Florges|[spread] p1a,p1b
|-resisted|p1b: Incineroar
|-damage|p1a: Florges|61/100
|-damage|p1b: Incineroar|56/100
|move|p1b: Incineroar|Parting Shot|p2b: Magmar
|-unboost|p2b: Magmar|atk|1
|-unboost|p2b: Magmar|spa|1
|
|t:|1757018471
|switch|p1b: Kingambit|Kingambit, L50, F|68/100|[from] Parting Shot
|
|-heal|p2b: Magmar|82/100|[from] Grassy Terrain
|-heal|p1a: Florges|67/100|[from] Grassy Terrain
|-heal|p1a: Florges|73/100|[from] item: Leftovers
|-heal|p1b: Kingambit|73/100|[from] Grassy Terrain
|upkeep
|turn|6
|
|t:|1757018485
|switch|p2a: Basculegion|Basculegion, L50, M|71/100
|move|p1a: Florges|Protect|p1a: Florges
|-singleturn|p1a: Florges|Protect
|move|p1b: Kingambit|Protect|p1b: Kingambit
|-singleturn|p1b: Kingambit|Protect
|move|p2b: Magmar|Taunt|p1b: Kingambit
|-activate|p1b: Kingambit|move: Protect
|
|-heal|p2a: Basculegion|78/100|[from] Grassy Terrain
|-heal|p2b: Magmar|88/100|[from] Grassy Terrain
|-heal|p1a: Florges|79/100|[from] Grassy Terrain
|-heal|p1a: Florges|86/100|[from] item: Leftovers
|-heal|p1b: Kingambit|79/100|[from] Grassy Terrain
|-fieldend|move: Grassy Terrain
|upkeep
|turn|7
|
|t:|1757018507
|switch|p1a: Incineroar|Incineroar, L50, M|56/100
|-ability|p1a: Incineroar|Intimidate|boost
|-unboost|p2a: Basculegion|atk|1
|-unboost|p2b: Magmar|atk|1
|move|p2b: Magmar|Follow Me|p2b: Magmar
|-singleturn|p2b: Magmar|move: Follow Me
|move|p1b: Kingambit|Sucker Punch||[still]
|-fail|p1b: Kingambit
|move|p2a: Basculegion|Wave Crash|p1a: Incineroar
|-supereffective|p1a: Incineroar
|-damage|p1a: Incineroar|0 fnt
|faint|p1a: Incineroar
|-damage|p2a: Basculegion|59/100|[from] Recoil
|
|upkeep
|
|t:|1757018516
|switch|p1a: Florges|Florges, L50, F|86/100
|turn|8
|
|t:|1757018528
|switch|p2a: Hydreigon|Hydreigon, L50, F, tera:Fire|86/100
|move|p2b: Magmar|Taunt|p1a: Florges
|-start|p1a: Florges|move: Taunt
|cant|p1a: Florges|move: Taunt|Calm Mind
|move|p1b: Kingambit|Kowtow Cleave|p2a: Hydreigon
|-damage|p2a: Hydreigon|11/100
|
|-heal|p1a: Florges|92/100|[from] item: Leftovers
|upkeep
|turn|9
|
|t:|1757018550
|move|p1b: Kingambit|Protect|p1b: Kingambit
|-singleturn|p1b: Kingambit|Protect
|move|p2b: Magmar|Follow Me|p2b: Magmar
|-singleturn|p2b: Magmar|move: Follow Me
|move|p2a: Hydreigon|Heat Wave|p1b: Kingambit|[spread] p1a
|-activate|p1b: Kingambit|move: Protect
|-damage|p1a: Florges|52/100
|move|p1a: Florges|Dazzling Gleam|p2b: Magmar|[spread] p2a,p2b
|-resisted|p2a: Hydreigon
|-resisted|p2b: Magmar
|-damage|p2a: Hydreigon|0 fnt
|-damage|p2b: Magmar|75/100
|faint|p2a: Hydreigon
|
|-heal|p1a: Florges|58/100|[from] item: Leftovers
|upkeep
|
|t:|1757018558
|switch|p2a: Basculegion|Basculegion, L50, M|59/100
|turn|10
|
|t:|1757018574
|move|p2b: Magmar|Follow Me|p2b: Magmar
|-singleturn|p2b: Magmar|move: Follow Me
|move|p2a: Basculegion|Wave Crash|p1b: Kingambit
|-damage|p1b: Kingambit|23/100
|-damage|p2a: Basculegion|39/100|[from] Recoil
|move|p1a: Florges|Moonblast|p2b: Magmar
|-resisted|p2b: Magmar
|-damage|p2b: Magmar|54/100
|-unboost|p2b: Magmar|spa|1
|move|p1b: Kingambit|Kowtow Cleave|p2b: Magmar
|-damage|p2b: Magmar|0 fnt
|faint|p2b: Magmar
|
|-heal|p1a: Florges|65/100|[from] item: Leftovers
|-end|p1a: Florges|move: Taunt
|upkeep
|turn|11
|c|☆sorecruiser|gg
|c|☆psychic system|gg
|
|t:|1757018592
|move|p1b: Kingambit|Sucker Punch|p2a: Basculegion
|-supereffective|p2a: Basculegion
|-damage|p2a: Basculegion|0 fnt
|faint|p2a: Basculegion
|
|win|psychic system
