|j|☆x-3 demon
|j|☆Twiz94
|html|x-3 demonTwiz94    
|uhtml|bestof|Game 3 of a best-of-3
|t:|1756773765
|gametype|doubles
|player|p1|x-3 demon|boarder-gen2|1193
|player|p2|Twiz94|169|1193
|gen|9
|tier|[Gen 9] VGC 2025 Reg H (Bo3)
|rated|
|rule|Species Clause: Limit one of each Pokémon
|rule|Item Clause: Limit 1 of each item
|clearpoke
|poke|p1|Dragonite, L50, F|
|poke|p1|Sinistcha, L50|
|poke|p1|Ursaluna, L50, F|
|poke|p1|Gholdengo, L50|
|poke|p1|Incineroar, L50, F|
|poke|p1|Ninetales-Alola, L50, F|
|poke|p2|Typhlosion-Hisui, L50, M|
|poke|p2|Garchomp, L50, M|
|poke|p2|Indeedee, L50, M|
|poke|p2|Torkoal, L50, F|
|poke|p2|Sneasler, L50, M|
|poke|p2|Jumpluff, L50, F|
|teampreview|4
|showteam|p1|Dragonite||LoadedDice|Multiscale|ScaleShot,Haze,Tailwind,Protect|||F|||50|,,,,,Fairy]Sinistcha||SitrusBerry|Hospitality|MatchaGotcha,LifeDew,RagePowder,TrickRoom||||||50|,,,,,Water]Ursaluna||FlameOrb|Guts|HeadlongRush,Earthquake,Facade,Protect|||F|||50|,,,,,Ghost]Gholdengo||LifeOrb|GoodasGold|MakeItRain,ShadowBall,NastyPlot,Protect||||||50|,,,,,Water]Incineroar||AssaultVest|Intimidate|FlareBlitz,KnockOff,FakeOut,Uturn|||F|||50|,,,,,Grass]Ninetales-Alola||FocusSash|SnowWarning|IcyWind,FreezeDry,Encore,AuroraVeil|||F|||50|,,,,,Ghost
|showteam|p2|Typhlosion-Hisui||ChoiceScarf|Blaze|Eruption,HeatWave,Overheat,ShadowBall|||M|||50|,,,,,Fire]Garchomp||LifeOrb|RoughSkin|Protect,ScaleShot,StompingTantrum,Earthquake|||M|||50|,,,,,Fairy]Indeedee||FocusSash|PsychicSurge|Protect,TeraBlast,ExpandingForce,TrickRoom|||M|||50|,,,,,Fighting]Torkoal||EjectPack|Drought|Protect,HelpingHand,Overheat,Eruption|||F|||50|,,,,,Fire]Sneasler||AirBalloon|Unburden|FakeOut,DireClaw,CloseCombat,Coaching|||M|||50|,,,,,Stellar]Jumpluff||CovertCloak|Chlorophyll|SleepPowder,Tailwind,RagePowder,Encore|||F|||50|,,,,,Water
|inactive|Battle timer is ON: inactive players will automatically lose when time's up. (requested by Twiz94)
|inactive|x-3 demon has 60 seconds left.
|inactive|Twiz94 has 60 seconds left.
|
|t:|1756773821
|teamsize|p1|4
|teamsize|p2|4
|start
|switch|p1a: Incineroar|Incineroar, L50, F|100/100
|switch|p1b: Dragonite|Dragonite, L50, F|100/100
|switch|p2a: Jumpluff|Jumpluff, L50, F, shiny|100/100
|switch|p2b: Sneasler|Sneasler, L50, M, shiny|100/100
|-item|p2b: Sneasler|Air Balloon
|-ability|p1a: Incineroar|Intimidate|boost
|-unboost|p2a: Jumpluff|atk|1
|-unboost|p2b: Sneasler|atk|1
|turn|1
|inactive|x-3 demon has 30 seconds left.
|
|t:|1756773850
|-terastallize|p1a: Incineroar|Grass
|move|p1b: Dragonite|Protect|p1b: Dragonite
|-singleturn|p1b: Dragonite|Protect
|move|p2b: Sneasler|Fake Out|p1a: Incineroar
|-damage|p1a: Incineroar|92/100
|move|p2a: Jumpluff|Sleep Powder|p1b: Dragonite
|-activate|p1b: Dragonite|move: Protect
|cant|p1a: Incineroar|flinch
|
|upkeep
|turn|2
|inactive|x-3 demon has 30 seconds left.
|inactive|Twiz94 has 30 seconds left.
|inactive|Twiz94 has 20 seconds left.
|
|t:|1756773887
|-terastallize|p2a: Jumpluff|Water
|move|p2b: Sneasler|Dire Claw|p1a: Incineroar
|-supereffective|p1a: Incineroar
|-damage|p1a: Incineroar|43/100
|move|p2a: Jumpluff|Encore|p1b: Dragonite
|-start|p1b: Dragonite|Encore
|move|p1b: Dragonite|Protect||[still]
|-fail|p1b: Dragonite
|move|p1a: Incineroar|Flare Blitz|p2a: Jumpluff
|-resisted|p2a: Jumpluff
|-damage|p2a: Jumpluff|67/100
|-damage|p1a: Incineroar|34/100|[from] Recoil
|
|upkeep
|turn|3
|inactive|x-3 demon has 30 seconds left.
|inactive|Twiz94 has 30 seconds left.
|inactive|x-3 demon has 20 seconds left.
|inactive|Twiz94 has 20 seconds left.
|
|t:|1756773922
|switch|p1a: Ursaluna|Ursaluna, L50, F, shiny|100/100
|move|p1b: Dragonite|Protect|p1b: Dragonite
|-singleturn|p1b: Dragonite|Protect
|move|p2b: Sneasler|Dire Claw|p1a: Ursaluna
|-resisted|p1a: Ursaluna
|-damage|p1a: Ursaluna|89/100
|-status|p1a: Ursaluna|slp
|move|p2a: Jumpluff|Tailwind|p2a: Jumpluff
|-sidestart|p2: Twiz94|move: Tailwind
|
|upkeep
|turn|4
|c|☆Twiz94|ggs
|inactive|x-3 demon has 30 seconds left.
|inactive|x-3 demon has 20 seconds left.
|
|t:|1756773958
|switch|p2a: Garchomp|Garchomp, L50, M, shiny|100/100
|switch|p1b: Incineroar|Incineroar, L50, F, tera:Grass|34/100
|-ability|p1b: Incineroar|Intimidate|boost
|-unboost|p2a: Garchomp|atk|1
|-unboost|p2b: Sneasler|atk|1
|move|p2b: Sneasler|Coaching|p2a: Garchomp
|-boost|p2a: Garchomp|atk|1
|-boost|p2a: Garchomp|def|1
|cant|p1a: Ursaluna|slp
|
|upkeep
|turn|5
|inactive|x-3 demon has 30 seconds left.
|inactive|Twiz94 has 30 seconds left.
|inactive|Twiz94 has 20 seconds left.
|inactive|x-3 demon has 20 seconds left.
|inactive|Twiz94 has 15 seconds left.
|inactive|Twiz94 has 10 seconds left.
|
|t:|1756774006
|move|p1b: Incineroar|Fake Out|p2b: Sneasler
|-damage|p2b: Sneasler|79/100
|-enditem|p2b: Sneasler|Air Balloon
|cant|p2b: Sneasler|flinch
|move|p2a: Garchomp|Scale Shot|p1b: Incineroar
|-damage|p1b: Incineroar|16/100
|-damage|p1b: Incineroar|0 fnt
|faint|p1b: Incineroar
|-hitcount|p1: Incineroar|2
|-unboost|p2a: Garchomp|def|1
|-boost|p2a: Garchomp|spe|1
|-damage|p2a: Garchomp|91/100|[from] item: Life Orb
|-curestatus|p1a: Ursaluna|slp|[msg]
|move|p1a: Ursaluna|Headlong Rush|p2b: Sneasler
|-supereffective|p2b: Sneasler
|-damage|p2b: Sneasler|0 fnt
|-unboost|p1a: Ursaluna|def|1
|-unboost|p1a: Ursaluna|spd|1
|faint|p2b: Sneasler
|
|-status|p1a: Ursaluna|brn|[from] item: Flame Orb
|upkeep
|inactive|x-3 demon has 30 seconds left.
|inactive|Twiz94 has 30 seconds left.
|
|t:|1756774036
|switch|p2b: Indeedee|Indeedee, L50, M, shiny|100/100
|switch|p1b: Ninetales|Ninetales-Alola, L50, F|100/100
|-fieldstart|move: Psychic Terrain|[from] ability: Psychic Surge|[of] p2b: Indeedee
|-weather|Snowscape|[from] ability: Snow Warning|[of] p1b: Ninetales
|turn|6
|inactive|x-3 demon has 30 seconds left.
|inactive|Twiz94 has 30 seconds left.
|inactive|x-3 demon has 20 seconds left.
|inactive|x-3 demon has 15 seconds left.
|inactive|x-3 demon has 10 seconds left.
|
|t:|1756774086
|switch|p1b: Dragonite|Dragonite, L50, F|100/100
|move|p2a: Garchomp|Protect|p2a: Garchomp
|-singleturn|p2a: Garchomp|Protect
|move|p1a: Ursaluna|Protect|p1a: Ursaluna
|-singleturn|p1a: Ursaluna|Protect
|move|p2b: Indeedee|Expanding Force|p1a: Ursaluna|[spread] p1b
|-activate|p1a: Ursaluna|move: Protect
|-crit|p1b: Dragonite
|-damage|p1b: Dragonite|58/100
|
|-weather|Snowscape|[upkeep]
|-damage|p1a: Ursaluna|83/100 brn|[from] brn
|-sideend|p2: Twiz94|move: Tailwind
|upkeep
|turn|7
|inactive|x-3 demon has 30 seconds left.
|inactive|Twiz94 has 30 seconds left.
|inactive|x-3 demon has 20 seconds left.
|inactive|Twiz94 has 20 seconds left.
|inactive|x-3 demon has 15 seconds left.
|inactive|Twiz94 has 15 seconds left.
|inactive|x-3 demon has 10 seconds left.
|
|t:|1756774132
|move|p2a: Garchomp|Earthquake|p1b: Dragonite|[spread] p2b,p1a
|-immune|p1b: Dragonite
|-enditem|p2b: Indeedee|Focus Sash
|-damage|p2b: Indeedee|1/100
|-damage|p1a: Ursaluna|15/100 brn
|-damage|p2a: Garchomp|81/100|[from] item: Life Orb
|move|p2b: Indeedee|Expanding Force|p1a: Ursaluna|[spread] p1a,p1b
|-crit|p1a: Ursaluna
|-damage|p1a: Ursaluna|0 fnt
|-damage|p1b: Dragonite|0 fnt
|faint|p1a: Ursaluna
|faint|p1b: Dragonite
|
|-weather|Snowscape|[upkeep]
|upkeep
|
|t:|1756774144
|switch|p1a: Ninetales|Ninetales-Alola, L50, F|100/100
|turn|8
|inactive|Twiz94 has 30 seconds left.
|inactive|Twiz94 has 20 seconds left.
|inactive|Twiz94 has 15 seconds left.
|
|t:|1756774185
|move|p2b: Indeedee|Protect|p2b: Indeedee
|-singleturn|p2b: Indeedee|Protect
|move|p2a: Garchomp|Stomping Tantrum|p1a: Ninetales
|-damage|p1a: Ninetales|42/100
|-damage|p2a: Garchomp|71/100|[from] item: Life Orb
|move|p1a: Ninetales|Icy Wind|p2b: Indeedee|[spread] p2a
|-activate|p2b: Indeedee|move: Protect
|-supereffective|p2a: Garchomp
|-damage|p2a: Garchomp|8/100
|-unboost|p2a: Garchomp|spe|1
|
|-weather|Snowscape|[upkeep]
|upkeep
|turn|9
|inactive|Twiz94 has 30 seconds left.
|
|t:|1756774220
|move|p2a: Garchomp|Protect|p2a: Garchomp
|-singleturn|p2a: Garchomp|Protect
|move|p1a: Ninetales|Icy Wind|p2b: Indeedee|[spread] p2b
|-activate|p2a: Garchomp|move: Protect
|-damage|p2b: Indeedee|0 fnt
|faint|p2b: Indeedee
|
|-weather|Snowscape|[upkeep]
|upkeep
|
|t:|1756774228
|switch|p2b: Jumpluff|Jumpluff, L50, F, shiny, tera:Water|67/100
|turn|10
|
|t:|1756774252
|move|p1a: Ninetales|Freeze-Dry|p2a: Garchomp
|-supereffective|p2a: Garchomp
|-damage|p2a: Garchomp|0 fnt
|faint|p2a: Garchomp
|move|p2b: Jumpluff|Tailwind|p2b: Jumpluff
|-sidestart|p2: Twiz94|move: Tailwind
|
|-weather|none
|-fieldend|move: Psychic Terrain
|upkeep
|turn|11
|-message|Twiz94 forfeited.
|
|win|x-3 demon
|raw|x-3 demon's rating: 1193 → 1218(+25 for winning)
|raw|Twiz94's rating: 1193 → 1168(-25 for losing)
|l|☆Twiz94
|player|p2|
|c|☆x-3 demon|gg
