|j|☆Nasch1312
|j|☆Theredapple
|html|Nasch1312Theredapple    
|uhtml|bestof|Game 2 of a best-of-3
|t:|1783144182
|gametype|doubles
|player|p1|Nasch1312|hilbert|1232
|player|p2|Theredapple|170|1138
|gen|9
|tier|[Gen 9 Champions] VGC 2026 Reg M-B (Bo3)
|rated|
|rule|Species Clause: Limit one of each Pokémon
|rule|Item Clause: Limit 1 of each item
|clearpoke
|poke|p1|Dragonite, L50, M|
|poke|p1|Pelipper, L50, F|
|poke|p1|Basculegion, L50, M|
|poke|p1|Archaludon, L50, F|
|poke|p1|Sinistcha, L50|
|poke|p1|Gholdengo, L50, shiny|
|poke|p2|Tyranitar, L50, F|
|poke|p2|Scrafty, L50, M|
|poke|p2|Talonflame, L50, M|
|poke|p2|Mawile, L50, M|
|poke|p2|Glimmora, L50, F|
|poke|p2|Sinistcha, L50|
|teampreview|4
|showteam|p1|Dragonite||Dragoninite|InnerFocus|DragonPulse,Thunderbolt,Hurricane,Protect|Modest||M|||50|]Pelipper||SitrusBerry|Drizzle|Hurricane,WeatherBall,Tailwind,WideGuard|Modest||F|||50|]Basculegion||LifeOrb|SwiftSwim|WaveCrash,LastRespects,AquaJet,Protect|Adamant||M|||50|]Archaludon||Leftovers|Stamina|ElectroShot,DragonPulse,FlashCannon,Protect|Modest||F|||50|]Sinistcha||KasibBerry|Hospitality|RagePowder,MatchaGotcha,TrickRoom,LifeDew|Bold|||||50|]Gholdengo||ChoiceScarf|GoodasGold|MakeItRain,ShadowBall,PowerGem,Trick|Modest|||||50|
|showteam|p2|Tyranitar||FocusSash|SandStream|Protect,RockSlide,DragonDance,KnockOff|Jolly||F|||50|]Scrafty||Scraftinite|Intimidate|Protect,FakeOut,ThroatChop,DrainPunch|Brave||M|||50|]Talonflame||SharpBeak|GaleWings|FlareBlitz,Taunt,Tailwind,DualWingbeat|Jolly||M|||50|]Mawile||Mawilite|Intimidate|PlayRough,Protect,IronHead,SuckerPunch|Adamant||M|||50|]Glimmora||LifeOrb|ToxicDebris|SludgeBomb,EarthPower,PowerGem,SpikyShield|Modest||F|||50|]Sinistcha||SitrusBerry|Hospitality|TrickRoom,MatchaGotcha,ShadowBall,RagePowder|Modest|||||50|
|inactive|Battle timer is ON: inactive players will automatically lose when time's up. (requested by Theredapple)
|inactive|Nasch1312 has 60 seconds left.
|
|t:|1783144231
|teamsize|p1|4
|teamsize|p2|4
|start
|switch|p1a: Archaly|Archaludon, L50, F|100/100
|switch|p1b: Pely|Pelipper, L50, F|100/100
|switch|p2a: Glimmora|Glimmora, L50, F|100/100
|switch|p2b: Sinistcha|Sinistcha, L50|100/100
|-weather|RainDance|[from] ability: Drizzle|[of] p1b: Pely
|turn|1
|inactive|Theredapple has 30 seconds left.
|
|t:|1783144261
|switch|p2a: Tyranitar|Tyranitar, L50, F|100/100
|-weather|Sandstorm|[from] ability: Sand Stream|[of] p2a: Tyranitar
|move|p1a: Archaly|Flash Cannon|p2a: Tyranitar
|-supereffective|p2a: Tyranitar|1
|-damage|p2a: Tyranitar|42/100
|move|p2b: Sinistcha|Shadow Ball|p1a: Archaly
|-damage|p1a: Archaly|57/100
|-unboost|p1a: Archaly|spd|1
|-ability|p1a: Archaly|Stamina|boost
|-boost|p1a: Archaly|def|1
|move|p1b: Pely|Tailwind|p1b: Pely
|-sidestart|p1: Nasch1312|move: Tailwind
|
|-weather|Sandstorm|[upkeep]
|-damage|p1b: Pely|93/100|[from] Sandstorm
|-damage|p2b: Sinistcha|93/100|[from] Sandstorm
|-heal|p1a: Archaly|64/100|[from] item: Leftovers
|upkeep
|turn|2
|
|t:|1783144283
|move|p2a: Tyranitar|Protect|p2a: Tyranitar
|-singleturn|p2a: Tyranitar|Protect
|move|p1a: Archaly|Flash Cannon|p2a: Tyranitar
|-activate|p2a: Tyranitar|move: Protect
|move|p1b: Pely|Hurricane|p2b: Sinistcha
|-supereffective|p2b: Sinistcha|1
|-damage|p2b: Sinistcha|0 fnt
|faint|p2b: Sinistcha
|
|-weather|Sandstorm|[upkeep]
|-damage|p1b: Pely|87/100|[from] Sandstorm
|-heal|p1a: Archaly|70/100|[from] item: Leftovers
|upkeep
|
|t:|1783144303
|switch|p2b: Scrafty|Scrafty, L50, M|100/100
|-ability|p2b: Scrafty|Intimidate|boost
|-unboost|p1a: Archaly|atk|1
|-unboost|p1b: Pely|atk|1
|turn|3
|inactive|Nasch1312 has 30 seconds left.
|
|t:|1783144329
|switch|p2a: Glimmora|Glimmora, L50, F|100/100
|move|p2b: Scrafty|Fake Out|p1a: Archaly
|-resisted|p1a: Archaly|1
|-damage|p1a: Archaly|67/100
|-ability|p1a: Archaly|Stamina|boost
|-boost|p1a: Archaly|def|1
|cant|p1a: Archaly|flinch
|move|p1b: Pely|Hurricane|p2b: Scrafty
|-supereffective|p2b: Scrafty|1
|-damage|p2b: Scrafty|26/100
|
|-weather|Sandstorm|[upkeep]
|-damage|p1b: Pely|81/100|[from] Sandstorm
|-damage|p2b: Scrafty|20/100y|[from] Sandstorm
|-heal|p1a: Archaly|73/100|[from] item: Leftovers
|upkeep
|turn|4
|
|t:|1783144350
|move|p1a: Archaly|Protect|p1a: Archaly
|-singleturn|p1a: Archaly|Protect
|move|p2a: Glimmora|Spiky Shield|p2a: Glimmora
|-singleturn|p2a: Glimmora|move: Protect
|move|p2b: Scrafty|Protect|p2b: Scrafty
|-singleturn|p2b: Scrafty|Protect
|move|p1b: Pely|Hurricane|p2b: Scrafty
|-activate|p2b: Scrafty|move: Protect
|
|-weather|Sandstorm|[upkeep]
|-damage|p1b: Pely|75/100|[from] Sandstorm
|-damage|p2b: Scrafty|15/100|[from] Sandstorm
|-heal|p1a: Archaly|80/100|[from] item: Leftovers
|-sideend|p1: Nasch1312|move: Tailwind
|upkeep
|turn|5
|inactive|Nasch1312 has 30 seconds left.
|inactive|Nasch1312 has 20 seconds left.
|
|t:|1783144388
|switch|p1a: Gholdey|Gholdengo, L50, shiny|100/100
|switch|p2b: Tyranitar|Tyranitar, L50, F|42/100
|move|p2a: Glimmora|Earth Power|p1a: Gholdey
|-supereffective|p1a: Gholdey|1
|-damage|p1a: Gholdey|0 fnt
|faint|p1a: Gholdey
|-damage|p2a: Glimmora|90/100|[from] item: Life Orb
|move|p1b: Pely|Tailwind|p1b: Pely
|-sidestart|p1: Nasch1312|move: Tailwind
|
|-weather|none
|upkeep
|
|t:|1783144401
|switch|p1a: Archaly|Archaludon, L50, F|80/100
|turn|6
|
|t:|1783144422
|switch|p1b: Basculey|Basculegion, L50, M|100/100
|move|p2b: Tyranitar|Protect|p2b: Tyranitar
|-singleturn|p2b: Tyranitar|Protect
|move|p1a: Archaly|Flash Cannon|p2b: Tyranitar
|-activate|p2b: Tyranitar|move: Protect
|move|p2a: Glimmora|Power Gem|p1b: Basculey
|-damage|p1b: Basculey|32/100
|-damage|p2a: Glimmora|80/100|[from] item: Life Orb
|
|-heal|p1a: Archaly|86/100|[from] item: Leftovers
|upkeep
|turn|7
|
|t:|1783144441
|switch|p2a: Scrafty|Scrafty, L50, M|15/100
|-ability|p2a: Scrafty|Intimidate|boost
|-unboost|p1a: Archaly|atk|1
|-unboost|p1b: Basculey|atk|1
|move|p1b: Basculey|Aqua Jet|p2a: Scrafty
|-damage|p2a: Scrafty|0 fnt
|faint|p2a: Scrafty
|-damage|p1b: Basculey|22/100|[from] item: Life Orb
|move|p1a: Archaly|Flash Cannon|p2b: Tyranitar
|-supereffective|p2b: Tyranitar|1
|-damage|p2b: Tyranitar|0 fnt
|faint|p2b: Tyranitar
|
|-heal|p1a: Archaly|92/100|[from] item: Leftovers
|upkeep
|-message|Theredapple forfeited.
|raw|Nasch1312's rating: 1232 → 1250(+18 for winning)
|raw|Theredapple's rating: 1138 → 1120(-18 for losing)
|
|win|Nasch1312
|l|☆Theredapple
|player|p2|
|c|☆Nasch1312|gg
