|j|☆Fernav09
|j|☆ClefableBot
|html|Fernav09ClefableBot    
|uhtml|bestof|Game 3 of a best-of-3
|t:|1782596258
|gametype|doubles
|player|p1|Fernav09|102|1163
|player|p2|ClefableBot|koga|1228
|gen|9
|tier|[Gen 9 Champions] VGC 2026 Reg M-B (Bo3)
|rated|
|rule|Species Clause: Limit one of each Pokémon
|rule|Item Clause: Limit 1 of each item
|clearpoke
|poke|p1|Raichu, L50, M|
|poke|p1|Dragonite, L50, F|
|poke|p1|Banette, L50, F, shiny|
|poke|p1|Scizor, L50, M|
|poke|p1|Milotic, L50, F|
|poke|p1|Gallade, L50, M, shiny|
|poke|p2|Floette-Eternal, L50, F|
|poke|p2|Aerodactyl, L50, F|
|poke|p2|Garchomp, L50, F|
|poke|p2|Incineroar, L50, F|
|poke|p2|Sinistcha-Masterpiece, L50|
|poke|p2|Maushold-Four, L50|
|teampreview|4
|showteam|p1|Raichu||FocusSash|LightningRod|FakeOut,Nuzzle,Thunderbolt,Protect|Timid||M|||50|]Dragonite||Dragoninite|InnerFocus|Tailwind,DragonPulse,AirSlash,Roost|Modest||F|||50|]Banette||Banettite|Insomnia|WillOWisp,Poltergeist,PainSplit,TrickRoom|Careful||F|||50|]Scizor||MetalCoat|Technician|BulletPunch,BugBite,SwordsDance,Protect|Adamant||M|||50|]Milotic||Leftovers|Competitive|FlipTurn,Scald,IceBeam,Recover|Bold||F|||50|]Gallade||KasibBerry|Sharpness|LeafBlade,PsychoCut,SacredSword,WideGuard|Adamant||M|||50|
|showteam|p2|Floette-Eternal||Floettite|FlowerVeil|Protect,DrainingKiss,Moonblast,CalmMind|Bold||F|||50|]Aerodactyl||Aerodactylite|Unnerve|Protect,Tailwind,DualWingbeat,RockSlide|Jolly||F|||50|]Garchomp||SitrusBerry|RoughSkin|Protect,DragonClaw,StompingTantrum,RockSlide|Adamant||F|||50|]Incineroar||PasshoBerry|Intimidate|FlareBlitz,PartingShot,ThroatChop,FakeOut|Impish||F|||50|]Sinistcha-Masterpiece||KasibBerry|Hospitality|Protect,RagePowder,MatchaGotcha,LifeDew|Bold|||||50|]Maushold-Four||FocusSash|FriendGuard|Protect,FollowMe,SuperFang,Feint|Timid|||||50|
|inactive|Battle timer is ON: inactive players will automatically lose when time's up. (requested by ClefableBot)
|
|t:|1782596279
|teamsize|p1|4
|teamsize|p2|4
|start
|switch|p1a: Banette|Banette, L50, F, shiny|100/100
|switch|p1b: Milotic|Milotic, L50, F|100/100
|switch|p2a: Floette|Floette-Eternal, L50, F|100/100
|switch|p2b: Maushold|Maushold-Four, L50|100/100
|turn|1
|
|t:|1782596298
|detailschange|p2a: Floette|Floette-Mega, L50, F
|-mega|p2a: Floette|Floette|Floettite
|-ability|p2a: Floette|Fairy Aura
|detailschange|p1a: Banette|Banette-Mega, L50, F, shiny
|-mega|p1a: Banette|Banette|Banettite
|move|p2b: Maushold|Super Fang|p1b: Milotic|[miss]
|-miss|p2b: Maushold|p1b: Milotic
|move|p2a: Floette|Calm Mind|p2a: Floette
|-boost|p2a: Floette|spa|1
|-boost|p2a: Floette|spd|1
|move|p1b: Milotic|Flip Turn|p2b: Maushold
|-damage|p2b: Maushold|83/100
|
|t:|1782596309
|switch|p1b: Scizor|Scizor, L50, M|100/100|[from] Flip Turn
|move|p1a: Banette|Trick Room|p1a: Banette
|-fieldstart|move: Trick Room|[of] p1a: Banette
|
|upkeep
|turn|2
|inactive|Fernav09 has 30 seconds left.
|inactive|Fernav09 has 20 seconds left.
|
|t:|1782596349
|switch|p2b: Incineroar|Incineroar, L50, F|100/100
|-ability|p2b: Incineroar|Intimidate|boost
|-unboost|p1a: Banette|atk|1
|-unboost|p1b: Scizor|atk|1
|move|p1a: Banette|Pain Split|p2a: Floette
|-sethp|p2a: Floette|98/100|[from] move: Pain Split|[silent]
|-sethp|p1a: Banette|100/100|[from] move: Pain Split
|move|p1b: Scizor|Swords Dance|p1b: Scizor
|-boost|p1b: Scizor|atk|2
|move|p2a: Floette|Moonblast|p1a: Banette
|-damage|p1a: Banette|14/100
|
|upkeep
|turn|3
|inactive|Fernav09 has 30 seconds left.
|
|t:|1782596378
|switch|p1a: Gallade|Gallade, L50, M, shiny|100/100
|move|p1b: Scizor|Protect|p1b: Scizor
|-singleturn|p1b: Scizor|Protect
|move|p2b: Incineroar|Fake Out|p1b: Scizor
|-activate|p1b: Scizor|move: Protect
|move|p2a: Floette|Moonblast|p1a: Gallade
|-supereffective|p1a: Gallade|1
|-damage|p1a: Gallade|0 fnt
|faint|p1a: Gallade
|
|upkeep
|
|t:|1782596386
|switch|p1a: Milotic|Milotic, L50, F|100/100
|turn|4
|inactive|ClefableBot has 30 seconds left.
|inactive|ClefableBot has 20 seconds left.
|inactive|ClefableBot has 15 seconds left.
|
|t:|1782596434
|move|p2a: Floette|Protect|p2a: Floette
|-singleturn|p2a: Floette|Protect
|move|p1b: Scizor|Bullet Punch|p2a: Floette
|-activate|p2a: Floette|move: Protect
|move|p2b: Incineroar|Parting Shot|p1b: Scizor
|-unboost|p1b: Scizor|atk|1
|-unboost|p1b: Scizor|spa|1
|
|t:|1782596450
|switch|p2b: Sinistcha|Sinistcha-Masterpiece, L50|100/100|[from] Parting Shot
|-heal|p2a: Floette|100/100|[from] ability: Hospitality|[of] p2b: Sinistcha
|move|p1a: Milotic|Scald|p2b: Sinistcha
|-resisted|p2b: Sinistcha|1
|-damage|p2b: Sinistcha|87/100
|
|upkeep
|turn|5
|inactive|Fernav09 has 30 seconds left.
|
|t:|1782596493
|switch|p2b: Incineroar|Incineroar, L50, F|100/100
|-ability|p2b: Incineroar|Intimidate|boost
|-unboost|p1a: Milotic|atk|1
|-ability|p1a: Milotic|Competitive|boost
|-boost|p1a: Milotic|spa|2
|-unboost|p1b: Scizor|atk|1
|move|p1b: Scizor|Swords Dance|p1b: Scizor
|-boost|p1b: Scizor|atk|2
|move|p1a: Milotic|Ice Beam|p2b: Incineroar
|-resisted|p2b: Incineroar|1
|-damage|p2b: Incineroar|83/100
|move|p2a: Floette|Moonblast|p1a: Milotic
|-damage|p1a: Milotic|30/100
|
|-heal|p1a: Milotic|36/100|[from] item: Leftovers
|-fieldend|move: Trick Room
|upkeep
|turn|6
|
|t:|1782596514
|move|p1b: Scizor|Protect|p1b: Scizor
|-singleturn|p1b: Scizor|Protect
|move|p2b: Incineroar|Fake Out|p1b: Scizor
|-activate|p1b: Scizor|move: Protect
|move|p2a: Floette|Moonblast|p1a: Milotic
|-damage|p1a: Milotic|0 fnt
|faint|p1a: Milotic
|
|upkeep
|
|t:|1782596520
|switch|p1a: Banette|Banette-Mega, L50, F, shiny|14/100
|turn|7
|
|t:|1782596535
|move|p1a: Banette|Pain Split|p2b: Incineroar
|-hint|Since gen 7, Dark is immune to Prankster moves.
|-immune|p2b: Incineroar
|move|p1b: Scizor|Bullet Punch|p2a: Floette
|-supereffective|p2a: Floette|1
|-damage|p2a: Floette|0 fnt
|faint|p2a: Floette
|move|p2b: Incineroar|Flare Blitz|p1b: Scizor
|-supereffective|p1b: Scizor|2
|-damage|p1b: Scizor|0 fnt
|faint|p1b: Scizor
|-damage|p2b: Incineroar|54/100|[from] Recoil
|
|upkeep
|
|t:|1782596542
|switch|p2a: Sinistcha|Sinistcha-Masterpiece, L50|87/100
|-heal|p2b: Incineroar|79/100|[from] ability: Hospitality|[of] p2a: Sinistcha
|turn|8
|
|t:|1782596546
|move|p1a: Banette|Poltergeist|p2a: Sinistcha
|-activate|p2a: Sinistcha|move: Poltergeist|Kasib Berry
|-supereffective|p2a: Sinistcha|1
|-enditem|p2a: Sinistcha|Kasib Berry|[eat]
|-enditem|p2a: Sinistcha|Kasib Berry|[weaken]
|-damage|p2a: Sinistcha|36/100
|move|p2b: Incineroar|Flare Blitz|p1a: Banette
|-damage|p1a: Banette|0 fnt
|faint|p1a: Banette
|-damage|p2b: Incineroar|75/100|[from] Recoil
|
|win|ClefableBot
|raw|Fernav09's rating: 1163 → 1143(-20 for losing)
|raw|ClefableBot's rating: 1228 → 1248(+20 for winning)
|l|☆Fernav09
|player|p1|
