|j|☆dejavu1337
|j|☆Green-Dogi Ranger
|html|dejavu1337Green-Dogi Ranger    
|uhtml|bestof|Game 3 of a best-of-3
|t:|1757731655
|gametype|doubles
|player|p1|dejavu1337|2|1094
|player|p2|Green-Dogi Ranger|linebacker|1000
|gen|9
|tier|[Gen 9] VGC 2025 Reg H (Bo3)
|rated|
|rule|Species Clause: Limit one of each Pokémon
|rule|Item Clause: Limit 1 of each item
|clearpoke
|poke|p1|Dondozo, L50, F|
|poke|p1|Tatsugiri, L50, F|
|poke|p1|Gholdengo, L50|
|poke|p1|Dragonite, L50, M|
|poke|p1|Ninetales-Alola, L50, F|
|poke|p1|Kingambit, L50, F|
|poke|p2|Malamar, L50, M|
|poke|p2|Torkoal, L50, F|
|poke|p2|Delphox, L50, F|
|poke|p2|Indeedee-F, L50, F|
|poke|p2|Sneasler, L50, F|
|poke|p2|Ursaluna, L50, M|
|teampreview|4
|showteam|p1|Dondozo||Leftovers|Unaware|Protect,WaveCrash,Earthquake,OrderUp|||F|||50|,,,,,Steel]Tatsugiri||ChoiceScarf|Commander|MuddyWater,DracoMeteor,IcyWind,HydroPump|||F|||50|,,,,,Steel]Gholdengo||ChoiceSpecs|GoodasGold|MakeItRain,ShadowBall,PowerGem,Trick||||||50|,,,,,Steel]Dragonite||LoadedDice|Multiscale|ScaleShot,Protect,ExtremeSpeed,StompingTantrum|||M|||50|,,,,,Fairy]Ninetales-Alola||FocusSash|SnowWarning|Blizzard,Moonblast,FreezeDry,Protect|||F|||50|,,,,,Ghost]Kingambit||AssaultVest|Defiant|SuckerPunch,KowtowCleave,LowKick,IronHead|||F|||50|,,,,,Dark
|showteam|p2|Malamar||ChoiceScarf|Contrary|KnockOff,PsychoCut,Superpower,Switcheroo|||M|||50|,,,,,Fighting]Torkoal||EjectPack|Drought|Protect,Eruption,Overheat,HelpingHand|||F|||50|,,,,,Flying]Delphox||LifeOrb|Blaze|Flamethrower,ExpandingForce,DazzlingGleam,Protect|||F|||50|,,,,,Fairy]Indeedee-F||SafetyGoggles|PsychicSurge|FollowMe,Psychic,HelpingHand,TrickRoom|||F|||50|,,,,,Fairy]Sneasler||PsychicSeed|Unburden|Protect,CloseCombat,DireClaw,ThroatChop|||F|||50|,,,,,Dark]Ursaluna||FlameOrb|Guts|Protect,HeadlongRush,Earthquake,Facade|||M|||50|,,,,,Ghost
|inactive|Battle timer is ON: inactive players will automatically lose when time's up. (requested by dejavu1337)
|inactive|dejavu1337 has 60 seconds left.
|
|t:|1757731705
|teamsize|p1|4
|teamsize|p2|4
|start
|switch|p1a: Gholdengo|Gholdengo, L50|100/100
|switch|p1b: Dondozo|Dondozo, L50, F, shiny|100/100
|switch|p2a: Indeedee|Indeedee-F, L50, F|100/100
|switch|p2b: Sneasler|Sneasler, L50, F|100/100
|-fieldstart|move: Psychic Terrain|[from] ability: Psychic Surge|[of] p2a: Indeedee
|-enditem|p2b: Sneasler|Psychic Seed
|-boost|p2b: Sneasler|spd|1|[from] item: Psychic Seed
|turn|1
|inactive|dejavu1337 has 30 seconds left.
|inactive|Green-Dogi Ranger has 30 seconds left.
|inactive|dejavu1337 has 20 seconds left.
|inactive|dejavu1337 has 15 seconds left.
|inactive|dejavu1337 has 10 seconds left.
|
|t:|1757731751
|switch|p1a: Tatsugiri|Tatsugiri, L50, F, shiny|100/100
|-activate|p1a: Tatsugiri|ability: Commander|[of] p1b: Dondozo
|-boost|p1b: Dondozo|atk|2
|-boost|p1b: Dondozo|spa|2
|-boost|p1b: Dondozo|spe|2
|-boost|p1b: Dondozo|def|2
|-boost|p1b: Dondozo|spd|2
|move|p2b: Sneasler|Throat Chop|p1a: Tatsugiri|[miss]
|-miss|p2b: Sneasler|p1a: Tatsugiri
|move|p1b: Dondozo|Earthquake|p2a: Indeedee|[spread] p2a,p2b
|-miss|p1b: Dondozo|p1a: Tatsugiri
|-supereffective|p2b: Sneasler
|-damage|p2a: Indeedee|56/100
|-damage|p2b: Sneasler|0 fnt
|faint|p2b: Sneasler
|move|p2a: Indeedee|Trick Room|p2a: Indeedee
|-fieldstart|move: Trick Room|[of] p2a: Indeedee
|
|upkeep
|
|t:|1757731765
|switch|p2b: Ursaluna|Ursaluna, L50, M|100/100
|turn|2
|
|t:|1757731785
|move|p2b: Ursaluna|Protect|p2b: Ursaluna
|-singleturn|p2b: Ursaluna|Protect
|move|p2a: Indeedee|Psychic|p1b: Dondozo
|-damage|p1b: Dondozo|78/100
|move|p1b: Dondozo|Earthquake|p2a: Indeedee|[spread] p2a
|-miss|p1b: Dondozo|p1a: Tatsugiri
|-activate|p2b: Ursaluna|move: Protect
|-damage|p2a: Indeedee|12/100
|
|-heal|p1b: Dondozo|84/100|[from] item: Leftovers
|-status|p2b: Ursaluna|brn|[from] item: Flame Orb
|upkeep
|turn|3
|
|t:|1757731803
|move|p2a: Indeedee|Helping Hand|p2b: Ursaluna
|-singleturn|p2b: Ursaluna|Helping Hand|[of] p2a: Indeedee
|move|p1b: Dondozo|Protect|p1b: Dondozo
|-singleturn|p1b: Dondozo|Protect
|move|p2b: Ursaluna|Facade|p1b: Dondozo
|-activate|p1b: Dondozo|move: Protect
|
|-heal|p1b: Dondozo|90/100|[from] item: Leftovers
|-damage|p2b: Ursaluna|94/100 brn|[from] brn
|upkeep
|turn|4
|
|t:|1757731823
|move|p2a: Indeedee|Helping Hand|p2b: Ursaluna
|-singleturn|p2b: Ursaluna|Helping Hand|[of] p2a: Indeedee
|move|p2b: Ursaluna|Facade|p1b: Dondozo
|-damage|p1b: Dondozo|20/100
|move|p1b: Dondozo|Earthquake|p2b: Ursaluna|[spread] p2a,p2b
|-miss|p1b: Dondozo|p1a: Tatsugiri
|-damage|p2a: Indeedee|0 fnt
|-damage|p2b: Ursaluna|57/100 brn
|faint|p2a: Indeedee
|
|-heal|p1b: Dondozo|27/100|[from] item: Leftovers
|-damage|p2b: Ursaluna|51/100 brn|[from] brn
|upkeep
|
|t:|1757731838
|switch|p2a: Delphox|Delphox, L50, F|100/100
|turn|5
|
|t:|1757731853
|-terastallize|p2a: Delphox|Fairy
|move|p1b: Dondozo|Protect|p1b: Dondozo
|-singleturn|p1b: Dondozo|Protect
|move|p2b: Ursaluna|Facade|p1b: Dondozo
|-activate|p1b: Dondozo|move: Protect
|move|p2a: Delphox|Expanding Force|p1a: Tatsugiri|[spread] 
|-miss|p2a: Delphox|p1a: Tatsugiri
|-activate|p1b: Dondozo|move: Protect
|
|-heal|p1b: Dondozo|33/100|[from] item: Leftovers
|-damage|p2b: Ursaluna|45/100 brn|[from] brn
|-fieldend|move: Trick Room
|-fieldend|move: Psychic Terrain
|upkeep
|turn|6
|inactive|dejavu1337 has 30 seconds left.
|
|t:|1757731879
|move|p1b: Dondozo|Earthquake|p2a: Delphox|[spread] p2a,p2b
|-miss|p1b: Dondozo|p1a: Tatsugiri
|-damage|p2a: Delphox|27/100
|-damage|p2b: Ursaluna|10/100 brn
|move|p2a: Delphox|Expanding Force|p1b: Dondozo
|-damage|p1b: Dondozo|4/100
|-damage|p2a: Delphox|17/100|[from] item: Life Orb
|move|p2b: Ursaluna|Facade|p1b: Dondozo
|-damage|p1b: Dondozo|0 fnt
|faint|p1b: Dondozo
|
|-damage|p2b: Ursaluna|4/100 brn|[from] brn
|upkeep
|
|t:|1757731899
|switch|p1b: Gholdengo|Gholdengo, L50|100/100
|turn|7
|inactive|dejavu1337 has 30 seconds left.
|
|t:|1757731925
|switch|p1b: Kingambit|Kingambit, L50, F|100/100
|move|p1a: Tatsugiri|Icy Wind|p2a: Delphox|[spread] p2a,p2b
|-supereffective|p2b: Ursaluna
|-damage|p2a: Delphox|0 fnt
|-damage|p2b: Ursaluna|0 fnt
|faint|p2a: Delphox
|faint|p2b: Ursaluna
|
|win|dejavu1337
|raw|dejavu1337's rating: 1094 → 1113(+19 for winning)
|raw|Green-Dogi Ranger's rating: 1000 → 1000(+0 for losing)
|l|☆dejavu1337
|player|p1|
