|j|☆FreezyPop439
|j|☆KushEffectx
|html|FreezyPop439KushEffectx    
|uhtml|bestof|Game 1 of a best-of-3
|t:|1782227762
|gametype|doubles
|player|p1|FreezyPop439|collector|1135
|player|p2|KushEffectx|102|1045
|gen|9
|tier|[Gen 9 Champions] VGC 2026 Reg M-B (Bo3)
|rated|
|rule|Species Clause: Limit one of each Pokémon
|rule|Item Clause: Limit 1 of each item
|clearpoke
|poke|p1|Garchomp, L50, F|
|poke|p1|Staraptor, L50, F|
|poke|p1|Grimmsnarl, L50, M|
|poke|p1|Gholdengo, L50|
|poke|p1|Maushold-Four, L50|
|poke|p1|Volcarona, L50, F|
|poke|p2|Annihilape, L50, M|
|poke|p2|Maushold-Four, L50|
|poke|p2|Sinistcha-Masterpiece, L50|
|poke|p2|Whimsicott, L50, F, shiny|
|poke|p2|Grimmsnarl, L50, M, shiny|
|poke|p2|Floette-Eternal, L50, F|
|teampreview|4
|showteam|p1|Garchomp||LifeOrb|RoughSkin|Earthquake,DragonClaw,RockSlide,Protect|Jolly||F|||50|]Staraptor||Staraptite|Intimidate|BraveBird,CloseCombat,Roost,Protect|Jolly||F|||50|]Grimmsnarl||LightClay|Prankster|SpiritBreak,LightScreen,Reflect,PartingShot|Careful||M|||50|]Gholdengo||MetalCoat|GoodasGold|MakeItRain,ShadowBall,NastyPlot,Protect|Modest|||||50|]Maushold-Four||FocusSash|FriendGuard|FollowMe,Charm,SuperFang,Protect|Jolly|||||50|]Volcarona||ChartiBerry|FlameBody|HeatWave,StruggleBug,RagePowder,Tailwind|Timid||F|||50|
|showteam|p2|Annihilape||Leftovers|Defiant|RageFist,DrainPunch,BulkUp,Protect|Adamant||M|||50|]Maushold-Four||FocusSash|FriendGuard|FollowMe,SuperFang,BeatUp,Protect|Jolly|||||50|]Sinistcha-Masterpiece||KasibBerry|Hospitality|MatchaGotcha,RagePowder,LifeDew,TrickRoom|Calm|||||50|]Whimsicott||FairyFeather|Prankster|Tailwind,Moonblast,BeatUp,Protect|Calm||F|||50|]Grimmsnarl||LightClay|Prankster|LightScreen,Reflect,PartingShot,SpiritBreak|Impish||M|||50|]Floette-Eternal||Floettite|FlowerVeil|Moonblast,DazzlingGleam,Protect,LightofRuin|Modest||F|||50|
|
|t:|1782227813
|teamsize|p1|4
|teamsize|p2|4
|start
|switch|p1a: Volcarona|Volcarona, L50, F|100/100
|switch|p1b: Gholdengo|Gholdengo, L50|100/100
|switch|p2a: Annihilape|Annihilape, L50, M|100/100
|switch|p2b: Maushold|Maushold-Four, L50|100/100
|turn|1
|
|t:|1782227836
|move|p1a: Volcarona|Rage Powder|p1a: Volcarona
|-singleturn|p1a: Volcarona|move: Rage Powder
|move|p2b: Maushold|Beat Up|p1a: Volcarona
|-damage|p1a: Volcarona|96/100
|-crit|p1a: Volcarona
|-damage|p1a: Volcarona|91/100
|-crit|p1a: Volcarona
|-damage|p1a: Volcarona|86/100
|-damage|p1a: Volcarona|84/100
|-hitcount|p1a: Volcarona|4
|move|p1b: Gholdengo|Nasty Plot|p1b: Gholdengo
|-boost|p1b: Gholdengo|spa|2
|move|p2a: Annihilape|Rage Fist|p1a: Volcarona
|-damage|p1a: Volcarona|50/100g
|-status|p2a: Annihilape|brn|[from] ability: Flame Body|[of] p1a: Volcarona
|
|-damage|p2a: Annihilape|94/100 brn|[from] brn
|upkeep
|turn|2
|
|t:|1782227876
|move|p2b: Maushold|Follow Me|p2b: Maushold
|-singleturn|p2b: Maushold|move: Follow Me
|move|p1a: Volcarona|Tailwind|p1a: Volcarona
|-sidestart|p1: FreezyPop439|move: Tailwind
|move|p1b: Gholdengo|Shadow Ball|p2b: Maushold
|-immune|p2b: Maushold
|move|p2a: Annihilape|Bulk Up|p2a: Annihilape
|-boost|p2a: Annihilape|atk|1
|-boost|p2a: Annihilape|def|1
|
|-heal|p2a: Annihilape|100/100 brn|[from] item: Leftovers
|-damage|p2a: Annihilape|94/100 brn|[from] brn
|upkeep
|turn|3
|
|t:|1782227903
|move|p1b: Gholdengo|Protect|p1b: Gholdengo
|-singleturn|p1b: Gholdengo|Protect
|move|p2b: Maushold|Follow Me|p2b: Maushold
|-singleturn|p2b: Maushold|move: Follow Me
|move|p1a: Volcarona|Heat Wave|p2b: Maushold|[spread] p2a,p2b
|-damage|p2a: Annihilape|74/100 brn
|-damage|p2b: Maushold|61/100
|move|p2a: Annihilape|Drain Punch|p1a: Volcarona
|-resisted|p1a: Volcarona|1
|-damage|p1a: Volcarona|33/100
|-heal|p2a: Annihilape|81/100 brn|[from] drain|[of] p1a: Volcarona
|
|-heal|p2a: Annihilape|87/100 brn|[from] item: Leftovers
|-damage|p2a: Annihilape|81/100 brn|[from] brn
|upkeep
|turn|4
|
|t:|1782227921
|move|p2b: Maushold|Follow Me|p2b: Maushold
|-singleturn|p2b: Maushold|move: Follow Me
|move|p1a: Volcarona|Heat Wave|p2b: Maushold|[spread] p2a,p2b
|-damage|p2a: Annihilape|60/100 brn
|-damage|p2b: Maushold|24/100
|move|p1b: Gholdengo|Make It Rain|p2b: Maushold|[spread] p2a,p2b
|-damage|p2a: Annihilape|0 fnt
|-damage|p2b: Maushold|0 fnt
|-unboost|p1b: Gholdengo|spa|2
|faint|p2a: Annihilape
|faint|p2b: Maushold
|
|upkeep
|
|t:|1782227932
|switch|p2b: Sinistcha|Sinistcha-Masterpiece, L50|100/100
|switch|p2a: Floette|Floette-Eternal, L50, F|100/100
|turn|5
|
|t:|1782227954
|detailschange|p2a: Floette|Floette-Mega, L50, F
|-mega|p2a: Floette|Floette|Floettite
|-ability|p2a: Floette|Fairy Aura
|move|p1a: Volcarona|Struggle Bug|p2b: Sinistcha|[spread] p2a,p2b
|-resisted|p2a: Floette|1
|-damage|p2a: Floette|92/100
|-damage|p2b: Sinistcha|84/100
|-unboost|p2a: Floette|spa|1
|-unboost|p2b: Sinistcha|spa|1
|move|p1b: Gholdengo|Nasty Plot|p1b: Gholdengo
|-boost|p1b: Gholdengo|spa|2
|move|p2a: Floette|Dazzling Gleam|p1b: Gholdengo|[spread] p1a,p1b
|-resisted|p1a: Volcarona|1
|-resisted|p1b: Gholdengo|1
|-damage|p1a: Volcarona|16/100
|-damage|p1b: Gholdengo|82/100
|move|p2b: Sinistcha|Matcha Gotcha|p1a: Volcarona|[spread] p1a,p1b
|-resisted|p1a: Volcarona|2
|-resisted|p1b: Gholdengo|1
|-damage|p1a: Volcarona|12/100
|-heal|p2b: Sinistcha|86/100|[from] drain|[of] p1a: Volcarona
|-damage|p1b: Gholdengo|75/100
|-heal|p2b: Sinistcha|90/100|[from] drain|[of] p1b: Gholdengo
|
|-sideend|p1: FreezyPop439|move: Tailwind
|upkeep
|turn|6
|
|t:|1782227991
|move|p2b: Sinistcha|Rage Powder|p2b: Sinistcha
|-singleturn|p2b: Sinistcha|move: Rage Powder
|move|p1a: Volcarona|Tailwind|p1a: Volcarona
|-sidestart|p1: FreezyPop439|move: Tailwind
|move|p1b: Gholdengo|Make It Rain|p2b: Sinistcha|[spread] p2a,p2b
|-supereffective|p2a: Floette|1
|-damage|p2a: Floette|0 fnt
|-damage|p2b: Sinistcha|0 fnt
|-unboost|p1b: Gholdengo|spa|2
|faint|p2a: Floette
|faint|p2b: Sinistcha
|
|win|FreezyPop439
