|j|☆WarlogFV
|j|☆starlight74
|html|WarlogFVstarlight74    
|uhtml|bestof|Game 2 of a best-of-3
|t:|1784051331
|gametype|doubles
|player|p1|WarlogFV|erika|1331
|player|p2|starlight74|anabel-gen7|1314
|gen|9
|tier|[Gen 9 Champions] VGC 2026 Reg M-B (Bo3)
|rated|
|rule|Species Clause: Limit one of each Pokémon
|rule|Item Clause: Limit 1 of each item
|clearpoke
|poke|p1|Swampert, L50, F|
|poke|p1|Pelipper, L50, F|
|poke|p1|Archaludon, L50, F|
|poke|p1|Grimmsnarl, L50, M|
|poke|p1|Metagross, L50|
|poke|p1|Sneasler, L50, F|
|poke|p2|Charizard, L50, F, shiny|
|poke|p2|Garchomp, L50, M|
|poke|p2|Sylveon, L50, F, shiny|
|poke|p2|Incineroar, L50, M|
|poke|p2|Aerodactyl, L50, F|
|poke|p2|Kingambit, L50, M|
|teampreview|4
|showteam|p1|Swampert||Swampertite|Torrent|WaveCrash,Earthquake,IcePunch,Protect|Adamant||F|||50|]Pelipper||SitrusBerry|Drizzle|WeatherBall,Hurricane,Tailwind,WideGuard|Bold||F|||50|]Archaludon||Leftovers|Stamina|ElectroShot,DragonPulse,FlashCannon,Protect|Modest||F|||50|]Grimmsnarl||LightClay|Prankster|LightScreen,Reflect,FoulPlay,PartingShot|Careful||M|||50|]Metagross||Metagrossite|ClearBody|MeteorMash,PsychicFangs,StompingTantrum,Protect|Adamant|||||50|]Sneasler||FocusSash|Unburden|FakeOut,CloseCombat,Coaching,DireClaw|Naive||F|||50|
|showteam|p2|Charizard||CharizarditeY|Blaze|HeatWave,WeatherBall,SolarBeam,Protect|Modest||F|||50|]Garchomp||LifeOrb|RoughSkin|Earthquake,DragonClaw,StompingTantrum,Protect|Jolly||M|||50|]Sylveon||FairyFeather|Pixilate|HyperVoice,QuickAttack,HyperBeam,Detect|Modest||F|||50|]Incineroar||SitrusBerry|Intimidate|FlareBlitz,ThroatChop,PartingShot,FakeOut|Impish||M|||50|]Aerodactyl||FocusSash|Unnerve|RockSlide,DualWingbeat,Tailwind,WideGuard|Jolly||F|||50|]Kingambit||BlackGlasses|Defiant|KowtowCleave,SuckerPunch,IronHead,Protect|Adamant||M|||50|
|inactive|Battle timer is ON: inactive players will automatically lose when time's up. (requested by starlight74)
|
|t:|1784051343
|teamsize|p1|4
|teamsize|p2|4
|start
|switch|p1a: Dark Horse|Metagross, L50|100/100
|switch|p1b: Teenage Dream|Sneasler, L50, F|100/100
|switch|p2a: Aerodactyl|Aerodactyl, L50, F|100/100
|switch|p2b: Charizard|Charizard, L50, F, shiny|100/100
|-ability|p2a: Aerodactyl|Unnerve
|turn|1
|
|t:|1784051357
|detailschange|p2b: Charizard|Charizard-Mega-Y, L50, F, shiny
|-mega|p2b: Charizard|Charizard|Charizardite Y
|-weather|SunnyDay|[from] ability: Drought|[of] p2b: Charizard
|move|p1b: Teenage Dream|Fake Out|p2b: Charizard
|-damage|p2b: Charizard|83/100
|move|p2a: Aerodactyl|Dual Wingbeat|p1b: Teenage Dream|[miss]
|-miss|p2a: Aerodactyl|p1b: Teenage Dream
|cant|p2b: Charizard|flinch
|move|p1a: Dark Horse|Meteor Mash|p2a: Aerodactyl
|-supereffective|p2a: Aerodactyl|1
|-enditem|p2a: Aerodactyl|Focus Sash
|-damage|p2a: Aerodactyl|1/100
|
|-weather|SunnyDay|[upkeep]
|upkeep
|turn|2
|
|t:|1784051377
|switch|p1b: T.G.I.F.|Archaludon, L50, F|100/100
|switch|p2b: Garchomp|Garchomp, L50, M|100/100
|switch|p1a: Lifetimes|Pelipper, L50, F|100/100
|-weather|RainDance|[from] ability: Drizzle|[of] p1a: Lifetimes
|move|p2a: Aerodactyl|Dual Wingbeat|p1b: T.G.I.F.
|-resisted|p1b: T.G.I.F.|1
|-damage|p1b: T.G.I.F.|93/100
|-ability|p1b: T.G.I.F.|Stamina|boost
|-boost|p1b: T.G.I.F.|def|1
|-resisted|p1b: T.G.I.F.|1
|-damage|p1b: T.G.I.F.|88/100
|-ability|p1b: T.G.I.F.|Stamina|boost
|-boost|p1b: T.G.I.F.|def|1
|-hitcount|p1b: T.G.I.F.|2
|
|-weather|RainDance|[upkeep]
|-heal|p1b: T.G.I.F.|94/100|[from] item: Leftovers
|upkeep
|turn|3
|
|t:|1784051391
|switch|p2a: Charizard|Charizard-Mega-Y, L50, F, shiny|83/100
|-weather|SunnyDay|[from] ability: Drought|[of] p2a: Charizard
|move|p2b: Garchomp|Earthquake|p1b: T.G.I.F.|[spread] p1b
|-immune|p2a: Charizard
|-immune|p1a: Lifetimes
|-supereffective|p1b: T.G.I.F.|1
|-damage|p1b: T.G.I.F.|57/100
|-ability|p1b: T.G.I.F.|Stamina|boost
|-boost|p1b: T.G.I.F.|def|1
|-damage|p2b: Garchomp|90/100|[from] item: Life Orb
|move|p1b: T.G.I.F.|Dragon Pulse|p2b: Garchomp
|-supereffective|p2b: Garchomp|1
|-damage|p2b: Garchomp|3/100
|move|p1a: Lifetimes|Tailwind|p1a: Lifetimes
|-sidestart|p1: WarlogFV|move: Tailwind
|
|-weather|SunnyDay|[upkeep]
|-heal|p1b: T.G.I.F.|63/100|[from] item: Leftovers
|upkeep
|turn|4
|
|t:|1784051414
|move|p2b: Garchomp|Protect|p2b: Garchomp
|-singleturn|p2b: Garchomp|Protect
|move|p1b: T.G.I.F.|Dragon Pulse|p2a: Charizard
|-damage|p2a: Charizard|46/100
|move|p1a: Lifetimes|Weather Ball|p2b: Garchomp
|-activate|p2b: Garchomp|move: Protect
|move|p2a: Charizard|Heat Wave|p1a: Lifetimes|[spread] p1a,p1b
|-resisted|p1a: Lifetimes|1
|-damage|p1a: Lifetimes|65/100
|-damage|p1b: T.G.I.F.|2/100
|-ability|p1b: T.G.I.F.|Stamina|boost
|-boost|p1b: T.G.I.F.|def|1
|
|-weather|SunnyDay|[upkeep]
|-heal|p1b: T.G.I.F.|8/100|[from] item: Leftovers
|upkeep
|turn|5
|
|t:|1784051435
|switch|p1a: Teenage Dream|Sneasler, L50, F|100/100
|switch|p2b: Sylveon|Sylveon, L50, F, shiny|100/100
|move|p2a: Charizard|Protect|p2a: Charizard
|-singleturn|p2a: Charizard|Protect
|move|p1b: T.G.I.F.|Dragon Pulse|p2a: Charizard
|-activate|p2a: Charizard|move: Protect
|
|-weather|SunnyDay|[upkeep]
|-heal|p1b: T.G.I.F.|14/100|[from] item: Leftovers
|upkeep
|turn|6
|
|t:|1784051460
|switch|p2a: Garchomp|Garchomp, L50, M|3/100
|move|p2b: Sylveon|Detect|p2b: Sylveon
|-singleturn|p2b: Sylveon|Protect
|move|p1a: Teenage Dream|Dire Claw|p2a: Garchomp
|-resisted|p2a: Garchomp|1
|-damage|p2a: Garchomp|0 fnt
|-damage|p1a: Teenage Dream|87/100|[from] ability: Rough Skin|[of] p2a: Garchomp
|faint|p2a: Garchomp
|move|p1b: T.G.I.F.|Dragon Pulse|p2b: Sylveon
|-activate|p2b: Sylveon|move: Protect
|
|-weather|SunnyDay|[upkeep]
|-heal|p1b: T.G.I.F.|20/100y|[from] item: Leftovers
|-sideend|p1: WarlogFV|move: Tailwind
|upkeep
|
|t:|1784051467
|switch|p2a: Aerodactyl|Aerodactyl, L50, F|1/100
|-ability|p2a: Aerodactyl|Unnerve
|turn|7
|
|t:|1784051478
|switch|p1b: Dark Horse|Metagross, L50|100/100
|move|p2a: Aerodactyl|Dual Wingbeat|p1a: Teenage Dream
|-supereffective|p1a: Teenage Dream|1
|-damage|p1a: Teenage Dream|25/100
|-supereffective|p1a: Teenage Dream|1
|-damage|p1a: Teenage Dream|0 fnt
|faint|p1a: Teenage Dream
|-hitcount|p1: Teenage Dream|2
|move|p2b: Sylveon|Hyper Voice|p1b: Dark Horse
|-resisted|p1b: Dark Horse|1
|-damage|p1b: Dark Horse|64/100
|
|-weather|none
|upkeep
|
|t:|1784051485
|switch|p1a: Lifetimes|Pelipper, L50, F|65/100
|-weather|RainDance|[from] ability: Drizzle|[of] p1a: Lifetimes
|turn|8
|
|t:|1784051498
|detailschange|p1b: Dark Horse|Metagross-Mega, L50
|-mega|p1b: Dark Horse|Metagross|Metagrossite
|move|p1a: Lifetimes|Wide Guard|p1a: Lifetimes
|-singleturn|p1a: Lifetimes|Wide Guard
|move|p2a: Aerodactyl|Tailwind|p2a: Aerodactyl
|-sidestart|p2: starlight74|move: Tailwind
|move|p2b: Sylveon|Hyper Beam|p1a: Lifetimes
|-damage|p1a: Lifetimes|0 fnt
|-mustrecharge|p2b: Sylveon
|faint|p1a: Lifetimes
|move|p1b: Dark Horse|Meteor Mash|p2b: Sylveon
|-supereffective|p2b: Sylveon|1
|-crit|p2b: Sylveon
|-damage|p2b: Sylveon|0 fnt
|faint|p2b: Sylveon
|
|-weather|RainDance|[upkeep]
|upkeep
|
|t:|1784051508
|switch|p2b: Charizard|Charizard-Mega-Y, L50, F, shiny|46/100
|switch|p1a: T.G.I.F.|Archaludon, L50, F|20/100y
|-weather|SunnyDay|[from] ability: Drought|[of] p2b: Charizard
|turn|9
|
|t:|1784051515
|move|p2a: Aerodactyl|Rock Slide|p1a: T.G.I.F.|[spread] p1b
|-miss|p2a: Aerodactyl|p1a: T.G.I.F.
|-resisted|p1b: Dark Horse|1
|-damage|p1b: Dark Horse|56/100
|move|p2b: Charizard|Heat Wave|p1a: T.G.I.F.|[spread] p1a,p1b
|-supereffective|p1b: Dark Horse|1
|-damage|p1a: T.G.I.F.|0 fnt
|-damage|p1b: Dark Horse|0 fnt
|faint|p1a: T.G.I.F.
|faint|p1b: Dark Horse
|
|win|starlight74
