|j|☆sunnysleepy
|j|☆JuanGuerrero09
|html|sunnysleepyJuanGuerrero09    
|uhtml|bestof|Game 2 of a best-of-3
|t:|1756830682
|gametype|doubles
|player|p1|sunnysleepy|169|1000
|player|p2|JuanGuerrero09|102|1059
|gen|9
|tier|[Gen 9] VGC 2025 Reg H (Bo3)
|rated|
|rule|Species Clause: Limit one of each Pokémon
|rule|Item Clause: Limit 1 of each item
|clearpoke
|poke|p1|Sableye, L50, M|
|poke|p1|Slowking-Galar, L50, M|
|poke|p1|Ursaluna, L50, F|
|poke|p1|Amoonguss, L50, M|
|poke|p1|Porygon2, L50|
|poke|p1|Incineroar, L50, F|
|poke|p2|Indeedee, L50, M|
|poke|p2|Tyranitar, L50, F|
|poke|p2|Sneasler, L50, F|
|poke|p2|Incineroar, L50, M|
|poke|p2|Excadrill, L50, F|
|poke|p2|Rillaboom, L50, F|
|teampreview|4
|showteam|p1|Sableye||MentalHerb|Prankster|Disable,FakeOut,Encore,FoulPlay|||M|||50|,,,,,Grass]Slowking-Galar||BlackSludge|Regenerator|TrickRoom,SludgeBomb,Protect,Psychic|||M|||50|,,,,,Poison]Ursaluna||FlameOrb|Guts|HeadlongRush,Protect,Facade,Earthquake|||F|||50|,,,,,Ghost]Amoonguss||RockyHelmet|Regenerator|Spore,RagePowder,SludgeBomb,PollenPuff|||M|||50|,,,,,Water]Porygon2||Eviolite|Download|TeraBlast,Protect,TrickRoom,IceBeam||||||50|,,,,,Stellar]Incineroar||SafetyGoggles|Intimidate|FakeOut,PartingShot,FlareBlitz,KnockOff|||F|||50|,,,,,Water
|showteam|p2|Indeedee||ChoiceScarf|PsychicSurge|ExpandingForce,DazzlingGleam,Trick,TeraBlast|||M|||50|,,,,,Ice]Tyranitar||AssaultVest|SandStream|KnockOff,RockSlide,LowKick,TeraBlast|||F|||50|,,,,,Flying]Sneasler||PsychicSeed|Unburden|Protect,CloseCombat,ThroatChop,DireClaw|||F|||50|,,,,,Flying]Incineroar||SafetyGoggles|Intimidate|FakeOut,KnockOff,FlareBlitz,PartingShot|||M|||50|,,,,,Bug]Excadrill||FocusBand|SandRush|HighHorsepower,IronHead,Earthquake,Protect|||F|||50|,,,,,Ground]Rillaboom||MiracleSeed|GrassySurge|FakeOut,WoodHammer,GrassyGlide,Uturn|||F|||50|,,,,,Fire
|
|t:|1756830708
|teamsize|p1|4
|teamsize|p2|4
|start
|switch|p1a: Porygon2|Porygon2, L50|100/100
|switch|p1b: Incineroar|Incineroar, L50, F|100/100
|switch|p2a: Indeedee|Indeedee, L50, M|100/100
|switch|p2b: Excadrill|Excadrill, L50, F|100/100
|-fieldstart|move: Psychic Terrain|[from] ability: Psychic Surge|[of] p2a: Indeedee
|-ability|p1a: Porygon2|Download|boost
|-boost|p1a: Porygon2|atk|1
|-ability|p1b: Incineroar|Intimidate|boost
|-unboost|p2a: Indeedee|atk|1
|-unboost|p2b: Excadrill|atk|1
|turn|1
|inactive|Battle timer is ON: inactive players will automatically lose when time's up. (requested by sunnysleepy)
|
|t:|1756830726
|move|p2a: Indeedee|Expanding Force|p1b: Incineroar|[spread] p1a
|-immune|p1b: Incineroar
|-damage|p1a: Porygon2|77/100
|move|p2b: Excadrill|High Horsepower|p1b: Incineroar
|-supereffective|p1b: Incineroar
|-damage|p1b: Incineroar|31/100
|move|p1b: Incineroar|Parting Shot|p2b: Excadrill
|-unboost|p2b: Excadrill|atk|1
|-unboost|p2b: Excadrill|spa|1
|
|t:|1756830737
|switch|p1b: Ursaluna|Ursaluna, L50, F|100/100|[from] Parting Shot
|move|p1a: Porygon2|Trick Room|p1a: Porygon2
|-fieldstart|move: Trick Room|[of] p1a: Porygon2
|
|-status|p1b: Ursaluna|brn|[from] item: Flame Orb
|upkeep
|turn|2
|
|t:|1756830753
|switch|p2b: Incineroar|Incineroar, L50, M|100/100
|-ability|p2b: Incineroar|Intimidate|boost
|-unboost|p1a: Porygon2|atk|1
|-unboost|p1b: Ursaluna|atk|1
|switch|p2a: Samba|Rillaboom, L50, F, shiny|100/100
|-fieldstart|move: Grassy Terrain|[from] ability: Grassy Surge|[of] p2a: Samba
|move|p1b: Ursaluna|Facade|p2a: Samba
|-damage|p2a: Samba|24/100
|move|p1a: Porygon2|Ice Beam|p2b: Incineroar
|-resisted|p2b: Incineroar
|-damage|p2b: Incineroar|91/100
|
|-heal|p1a: Porygon2|83/100|[from] Grassy Terrain
|-heal|p2b: Incineroar|97/100|[from] Grassy Terrain
|-heal|p2a: Samba|29/100|[from] Grassy Terrain
|-damage|p1b: Ursaluna|95/100 brn|[from] brn
|upkeep
|turn|3
|inactive|JuanGuerrero09 has 30 seconds left.
|
|t:|1756830785
|switch|p1b: Incineroar|Incineroar, L50, F|31/100
|-ability|p1b: Incineroar|Intimidate|boost
|-unboost|p2a: Samba|atk|1
|-unboost|p2b: Incineroar|atk|1
|switch|p1a: Sableye|Sableye, L50, M|100/100
|move|p2a: Samba|Fake Out|p1a: Sableye
|-immune|p1a: Sableye
|move|p2b: Incineroar|Knock Off|p1a: Sableye
|-damage|p1a: Sableye|73/100
|-enditem|p1a: Sableye|Mental Herb|[from] move: Knock Off|[of] p2b: Incineroar
|
|-heal|p1b: Incineroar|37/100|[from] Grassy Terrain
|-heal|p1a: Sableye|79/100|[from] Grassy Terrain
|-heal|p2b: Incineroar|100/100|[from] Grassy Terrain
|-heal|p2a: Samba|35/100|[from] Grassy Terrain
|upkeep
|turn|4
|inactive|JuanGuerrero09 has 30 seconds left.
|
|t:|1756830815
|move|p1a: Sableye|Encore|p2a: Samba
|-start|p2a: Samba|Encore
|move|p1b: Incineroar|Parting Shot|p2b: Incineroar
|-unboost|p2b: Incineroar|atk|1
|-unboost|p2b: Incineroar|spa|1
|
|t:|1756830821
|switch|p1b: Ursaluna|Ursaluna, L50, F|95/100 brn|[from] Parting Shot
|move|p2b: Incineroar|Flare Blitz|p1a: Sableye
|-damage|p1a: Sableye|54/100
|-damage|p2b: Incineroar|94/100|[from] Recoil
|move|p2a: Samba|Fake Out||[still]
|-hint|Fake Out only works on your first turn out.
|-fail|p2a: Samba
|
|-heal|p1b: Ursaluna|100/100 brn|[from] Grassy Terrain
|-heal|p1a: Sableye|60/100|[from] Grassy Terrain
|-heal|p2b: Incineroar|99/100|[from] Grassy Terrain
|-heal|p2a: Samba|41/100|[from] Grassy Terrain
|-damage|p1b: Ursaluna|95/100 brn|[from] brn
|upkeep
|turn|5
|
|t:|1756830841
|switch|p2a: Indeedee|Indeedee, L50, M|100/100
|-fieldstart|move: Psychic Terrain|[from] ability: Psychic Surge|[of] p2a: Indeedee
|move|p1b: Ursaluna|Facade|p2b: Incineroar
|-damage|p2b: Incineroar|2/100
|move|p1a: Sableye|Foul Play|p2a: Indeedee
|-supereffective|p2a: Indeedee
|-crit|p2a: Indeedee
|-damage|p2a: Indeedee|0 fnt
|faint|p2a: Indeedee
|move|p2b: Incineroar|Parting Shot|p1b: Ursaluna
|-unboost|p1b: Ursaluna|atk|1
|-unboost|p1b: Ursaluna|spa|1
|
|t:|1756830855
|switch|p2b: Samba|Rillaboom, L50, F, shiny|41/100|[from] Parting Shot
|-fieldstart|move: Grassy Terrain|[from] ability: Grassy Surge|[of] p2b: Samba
|
|-heal|p1b: Ursaluna|100/100 brn|[from] Grassy Terrain
|-heal|p1a: Sableye|65/100|[from] Grassy Terrain
|-heal|p2b: Samba|47/100|[from] Grassy Terrain
|-damage|p1b: Ursaluna|95/100 brn|[from] brn
|-fieldend|move: Trick Room
|upkeep
|
|t:|1756830868
|switch|p2a: Incineroar|Incineroar, L50, M|2/100
|-ability|p2a: Incineroar|Intimidate|boost
|-unboost|p1a: Sableye|atk|1
|-unboost|p1b: Ursaluna|atk|1
|turn|6
|
|t:|1756830881
|switch|p1b: Incineroar|Incineroar, L50, F|37/100
|-ability|p1b: Incineroar|Intimidate|boost
|-unboost|p2a: Incineroar|atk|1
|-unboost|p2b: Samba|atk|1
|move|p2b: Samba|Wood Hammer|p1a: Sableye
|-damage|p1a: Sableye|0 fnt
|faint|p1a: Sableye
|-damage|p2b: Samba|30/100|[from] Recoil
|move|p2a: Incineroar|Knock Off|p1b: Incineroar
|-resisted|p1b: Incineroar
|-damage|p1b: Incineroar|25/100
|-enditem|p1b: Incineroar|Safety Goggles|[from] move: Knock Off|[of] p2a: Incineroar
|
|-heal|p2b: Samba|36/100|[from] Grassy Terrain
|-heal|p2a: Incineroar|8/100|[from] Grassy Terrain
|-heal|p1b: Incineroar|31/100|[from] Grassy Terrain
|upkeep
|
|t:|1756830893
|switch|p1a: Porygon2|Porygon2, L50|83/100
|-ability|p1a: Porygon2|Download|boost
|-boost|p1a: Porygon2|spa|1
|turn|7
|
|t:|1756830911
|move|p1b: Incineroar|Fake Out|p2b: Samba
|-damage|p2b: Samba|22/100
|cant|p2b: Samba|flinch
|move|p2a: Incineroar|Knock Off|p1a: Porygon2
|-damage|p1a: Porygon2|64/100
|-enditem|p1a: Porygon2|Eviolite|[from] move: Knock Off|[of] p2a: Incineroar
|move|p1a: Porygon2|Trick Room|p1a: Porygon2
|-fieldstart|move: Trick Room|[of] p1a: Porygon2
|
|-heal|p1b: Incineroar|37/100|[from] Grassy Terrain
|-heal|p1a: Porygon2|70/100|[from] Grassy Terrain
|-heal|p2a: Incineroar|14/100|[from] Grassy Terrain
|-heal|p2b: Samba|28/100|[from] Grassy Terrain
|upkeep
|turn|8
|inactive|JuanGuerrero09 has 30 seconds left.
|
|t:|1756830938
|move|p1a: Porygon2|Ice Beam|p2b: Samba
|-supereffective|p2b: Samba
|-damage|p2b: Samba|0 fnt
|faint|p2b: Samba
|move|p1b: Incineroar|Flare Blitz|p2a: Incineroar
|-resisted|p2a: Incineroar
|-damage|p2a: Incineroar|0 fnt
|faint|p2a: Incineroar
|-damage|p1b: Incineroar|33/100|[from] Recoil
|
|-heal|p1b: Incineroar|39/100|[from] Grassy Terrain
|-heal|p1a: Porygon2|75/100|[from] Grassy Terrain
|upkeep
|-message|JuanGuerrero09 forfeited.
|raw|sunnysleepy's rating: 1000 → 1047(+47 for winning)
|raw|JuanGuerrero09's rating: 1059 → 1037(-22 for losing)
|
|win|sunnysleepy
