|j|☆Silverfang538
|j|☆fewfdas
|html|Silverfang538fewfdas    
|uhtml|bestof|Game 1 of a best-of-3
|t:|1783116531
|gametype|doubles
|player|p1|Silverfang538|265|1070
|player|p2|fewfdas|265|1080
|gen|9
|tier|[Gen 9 Champions] VGC 2026 Reg M-B (Bo3)
|rated|
|rule|Species Clause: Limit one of each Pokémon
|rule|Item Clause: Limit 1 of each item
|clearpoke
|poke|p1|Charizard, L50, F|
|poke|p1|Venusaur, L50, F|
|poke|p1|Sneasler, L50, F|
|poke|p1|Kingambit, L50, M|
|poke|p1|Sylveon, L50, F|
|poke|p1|Sinistcha, L50|
|poke|p2|Sneasler, L50, F, shiny|
|poke|p2|Clefable, L50, M|
|poke|p2|Delphox, L50, F|
|poke|p2|Pelipper, L50, F|
|poke|p2|Sableye, L50, F, shiny|
|poke|p2|Azumarill, L50, F, shiny|
|teampreview|4
|showteam|p1|Charizard||CharizarditeY|SolarPower|HeatWave,SolarBeam,WeatherBall,Protect|Modest||F|||50|]Venusaur||MiracleSeed|Chlorophyll|GigaDrain,SludgeBomb,EarthPower,Protect|Calm||F|||50|]Sneasler||WhiteHerb|Unburden|DireClaw,CloseCombat,FakeOut,Protect|Jolly||F|||50|]Kingambit||ChopleBerry|Defiant|KowtowCleave,SuckerPunch,IronHead,Protect|Adamant||M|||50|]Sylveon||FairyFeather|Pixilate|HyperVoice,HyperBeam,QuickAttack,Detect|Modest||F|||50|]Sinistcha||Leftovers|Hospitality|MatchaGotcha,RagePowder,LifeDew,TrickRoom|Bold|||||50|
|showteam|p2|Sneasler||WhiteHerb|PoisonTouch|FakeOut,DireClaw,CloseCombat,RockSlide|Jolly||F|||50|]Clefable||Clefablite|Unaware|LifeDew,DazzlingGleam,FollowMe,Thunderbolt|Calm||M|||50|]Delphox||Delphoxite|Blaze|HeatWave,NastyPlot,Psychic,Protect|Timid||F|||50|]Pelipper||FocusSash|Drizzle|WideGuard,Tailwind,WeatherBall,Hurricane|Modest||F|||50|]Sableye||RoseliBerry|Prankster|Quash,Encore,Disable,FoulPlay|Calm||F|||50|]Azumarill||SitrusBerry|HugePower|AquaJet,Protect,PlayRough,BellyDrum|Adamant||F|||50|
|inactive|Battle timer is ON: inactive players will automatically lose when time's up. (requested by fewfdas)
|
|t:|1783116585
|teamsize|p1|4
|teamsize|p2|4
|start
|switch|p1a: Sinistcha|Sinistcha, L50|100/100
|switch|p1b: Sylveon|Sylveon, L50, F|100/100
|switch|p2a: Azumarill|Azumarill, L50, F, shiny|100/100
|switch|p2b: Sneasler|Sneasler, L50, F, shiny|100/100
|turn|1
|
|t:|1783116598
|switch|p2b: Sableye|Sableye, L50, F, shiny|100/100
|move|p1a: Sinistcha|Rage Powder|p1a: Sinistcha
|-singleturn|p1a: Sinistcha|move: Rage Powder
|move|p1b: Sylveon|Hyper Voice|p2b: Sableye|[spread] p2a,p2b
|-supereffective|p2b: Sableye|1
|-enditem|p2b: Sableye|Roseli Berry|[eat]
|-enditem|p2b: Sableye|Roseli Berry|[weaken]
|-damage|p2a: Azumarill|48/100
|-damage|p2b: Sableye|51/100
|-enditem|p2a: Azumarill|Sitrus Berry|[eat]
|-heal|p2a: Azumarill|73/100|[from] item: Sitrus Berry
|move|p2a: Azumarill|Belly Drum|p2a: Azumarill
|-damage|p2a: Azumarill|23/100
|-setboost|p2a: Azumarill|atk|6|[from] move: Belly Drum
|
|upkeep
|turn|2
|
|t:|1783116616
|move|p2a: Azumarill|Protect|p2a: Azumarill
|-singleturn|p2a: Azumarill|Protect
|move|p1a: Sinistcha|Rage Powder|p1a: Sinistcha
|-singleturn|p1a: Sinistcha|move: Rage Powder
|move|p2b: Sableye|Disable|p1a: Sinistcha
|-start|p1a: Sinistcha|Disable|Rage Powder
|move|p1b: Sylveon|Hyper Voice|p2a: Azumarill|[spread] p2b
|-activate|p2a: Azumarill|move: Protect
|-supereffective|p2b: Sableye|1
|-damage|p2b: Sableye|0 fnt
|faint|p2b: Sableye
|
|upkeep
|
|t:|1783116625
|switch|p2b: Sneasler|Sneasler, L50, F, shiny|100/100
|turn|3
|
|t:|1783116647
|switch|p2b: Pelipper|Pelipper, L50, F|100/100
|-weather|RainDance|[from] ability: Drizzle|[of] p2b: Pelipper
|move|p1b: Sylveon|Detect|p1b: Sylveon
|-singleturn|p1b: Sylveon|Protect
|move|p2a: Azumarill|Aqua Jet|p1b: Sylveon
|-activate|p1b: Sylveon|move: Protect
|move|p1a: Sinistcha|Trick Room|p1a: Sinistcha
|-fieldstart|move: Trick Room|[of] p1a: Sinistcha
|
|-weather|RainDance|[upkeep]
|upkeep
|turn|4
|
|t:|1783116667
|move|p2b: Pelipper|Wide Guard|p2b: Pelipper
|-singleturn|p2b: Pelipper|Wide Guard
|move|p2a: Azumarill|Play Rough|p1a: Sinistcha
|-damage|p1a: Sinistcha|0 fnt
|faint|p1a: Sinistcha
|move|p1b: Sylveon|Hyper Voice|p2a: Azumarill|[spread] 
|-activate|p2a: Azumarill|move: Wide Guard
|-activate|p2b: Pelipper|move: Wide Guard
|
|-weather|RainDance|[upkeep]
|upkeep
|
|t:|1783116670
|switch|p1a: Charizard|Charizard, L50, F|100/100
|turn|5
|inactive|fewfdas has 30 seconds left.
|
|t:|1783116696
|switch|p2b: Sneasler|Sneasler, L50, F, shiny|100/100
|detailschange|p1a: Charizard|Charizard-Mega-Y, L50, F
|-mega|p1a: Charizard|Charizard|Charizardite Y
|-weather|SunnyDay|[from] ability: Drought|[of] p1a: Charizard
|move|p1a: Charizard|Protect|p1a: Charizard
|-singleturn|p1a: Charizard|Protect
|move|p2a: Azumarill|Aqua Jet|p1b: Sylveon
|-damage|p1b: Sylveon|47/100
|move|p1b: Sylveon|Hyper Voice|p2a: Azumarill|[spread] p2a,p2b
|-damage|p2a: Azumarill|0 fnt
|-damage|p2b: Sneasler|36/100
|faint|p2a: Azumarill
|
|-weather|SunnyDay|[upkeep]
|upkeep
|
|t:|1783116709
|switch|p2a: Pelipper|Pelipper, L50, F|100/100
|-weather|RainDance|[from] ability: Drizzle|[of] p2a: Pelipper
|turn|6
|
|t:|1783116722
|switch|p1a: Venusaur|Venusaur, L50, F|100/100
|move|p1b: Sylveon|Detect|p1b: Sylveon
|-singleturn|p1b: Sylveon|Protect
|move|p2b: Sneasler|Fake Out|p1b: Sylveon
|-activate|p1b: Sylveon|move: Protect
|move|p2a: Pelipper|Weather Ball|p1a: Venusaur
|-resisted|p1a: Venusaur|1
|-damage|p1a: Venusaur|72/100
|
|-weather|RainDance|[upkeep]
|upkeep
|turn|7
|
|t:|1783116743
|move|p2a: Pelipper|Wide Guard|p2a: Pelipper
|-singleturn|p2a: Pelipper|Wide Guard
|move|p1b: Sylveon|Quick Attack|p2a: Pelipper
|-crit|p2a: Pelipper
|-damage|p2a: Pelipper|77/100
|move|p1a: Venusaur|Earth Power|p2b: Sneasler
|-supereffective|p2b: Sneasler|1
|-damage|p2b: Sneasler|0 fnt
|faint|p2b: Sneasler
|
|-weather|RainDance|[upkeep]
|-fieldend|move: Trick Room
|upkeep
|turn|8
|
|t:|1783116759
|switch|p1b: Charizard|Charizard-Mega-Y, L50, F|100/100
|-weather|SunnyDay|[from] ability: Drought|[of] p1b: Charizard
|move|p1a: Venusaur|Protect|p1a: Venusaur
|-singleturn|p1a: Venusaur|Protect
|move|p2a: Pelipper|Weather Ball|p1a: Venusaur
|-activate|p1a: Venusaur|move: Protect
|
|-weather|SunnyDay|[upkeep]
|upkeep
|turn|9
|-message|fewfdas forfeited.
|
|win|Silverfang538
|l|☆fewfdas
|player|p2|
||fewfdas is ready for game 2.
