|j|☆Zane1571
|j|☆electrictopi
|html|Zane1571electrictopi    
|uhtml|bestof|Game 3 of a best-of-3
|t:|1757834374
|gametype|doubles
|player|p1|Zane1571|red|1094
|player|p2|electrictopi|n|1161
|gen|9
|tier|[Gen 9] VGC 2025 Reg H (Bo3)
|rated|
|rule|Species Clause: Limit one of each Pokémon
|rule|Item Clause: Limit 1 of each item
|clearpoke
|poke|p1|Pelipper, L50, M|
|poke|p1|Archaludon, L50, F|
|poke|p1|Sneasler, L50, F|
|poke|p1|Basculegion, L50, M|
|poke|p1|Kingambit, L50, M|
|poke|p1|Amoonguss, L50, F|
|poke|p2|Talonflame, L50, F|
|poke|p2|Sneasler, L50, M|
|poke|p2|Indeedee, L50, M|
|poke|p2|Ursaluna-Bloodmoon, L50, M|
|poke|p2|Sinistcha-Masterpiece, L50|
|poke|p2|Samurott-Hisui, L50, F|
|teampreview|4
|showteam|p1|Pelipper||CovertCloak|Drizzle|Tailwind,WeatherBall,Hurricane,WideGuard|||M|||50|,,,,,Ground]Archaludon||AssaultVest|Stalwart|ElectroShot,Snarl,FlashCannon,DragonPulse|||F|||50|,,,,,Electric]Sneasler||FocusSash|Unburden|CloseCombat,DireClaw,ThroatChop,FakeOut|||F|||50|,,,,,Dark]Basculegion||ChoiceBand|SwiftSwim|WaveCrash,LastRespects,AquaJet,FlipTurn|||M|||50|,,,,,Ghost]Kingambit||BlackGlasses|Defiant|Protect,KowtowCleave,SuckerPunch,LowKick|||M|||50|,,,,,Dark]Amoonguss||RockyHelmet|Regenerator|Spore,RagePowder,SludgeBomb,Protect|||F|||50|,,,,,Dark
|showteam|p2|Talonflame||CovertCloak|GaleWings|FlareBlitz,DualWingbeat,Tailwind,WillOWisp|||F|||50|,,,,,Fairy]Sneasler||PsychicSeed|Unburden|Protect,ThroatChop,DireClaw,CloseCombat|||M|||50|,,,,,Dark]Indeedee||ChoiceScarf|PsychicSurge|ExpandingForce,DazzlingGleam,TrickRoom,Encore|||M|||50|,,,,,Psychic]Ursaluna-Bloodmoon||FocusSash|MindsEye|Protect,EarthPower,BloodMoon,HyperVoice|||M|||50|,,,,,Normal]Sinistcha-Masterpiece||SitrusBerry|Hospitality|RagePowder,MatchaGotcha,LifeDew,TrickRoom||||||50|,,,,,Water]Samurott-Hisui||LifeOrb|Sharpness|AquaCutter,SacredSword,ThroatChop,Protect|||F|||50|,,,,,Water
|inactive|Battle timer is ON: inactive players will automatically lose when time's up. (requested by Zane1571)
|inactive|Zane1571 has 60 seconds left.
|
|t:|1757834410
|teamsize|p1|4
|teamsize|p2|4
|start
|switch|p1a: Pelipper|Pelipper, L50, M, shiny|100/100
|switch|p1b: Basculegion|Basculegion, L50, M, shiny|100/100
|switch|p2a: Indeedee|Indeedee, L50, M, shiny|100/100
|switch|p2b: Sneasler|Sneasler, L50, M|100/100
|-fieldstart|move: Psychic Terrain|[from] ability: Psychic Surge|[of] p2a: Indeedee
|-enditem|p2b: Sneasler|Psychic Seed
|-boost|p2b: Sneasler|spd|1|[from] item: Psychic Seed
|-weather|RainDance|[from] ability: Drizzle|[of] p1a: Pelipper
|turn|1
|
|t:|1757834431
|switch|p1b: Amoonguss|Amoonguss, L50, F|100/100
|-terastallize|p2b: Sneasler|Dark
|move|p1a: Pelipper|Wide Guard|p1a: Pelipper
|-singleturn|p1a: Pelipper|Wide Guard
|move|p2b: Sneasler|Throat Chop|p1b: Amoonguss
|-damage|p1b: Amoonguss|69/100
|-start|p1b: Amoonguss|Throat Chop|[silent]
|-damage|p2b: Sneasler|84/100|[from] item: Rocky Helmet|[of] p1b: Amoonguss
|move|p2a: Indeedee|Expanding Force|p1a: Pelipper|[spread] 
|-activate|p1a: Pelipper|move: Wide Guard
|-activate|p1b: Amoonguss|move: Wide Guard
|
|-weather|RainDance|[upkeep]
|upkeep
|turn|2
|
|t:|1757834455
|switch|p2b: Sinistcha|Sinistcha-Masterpiece, L50|100/100
|move|p1a: Pelipper|Wide Guard|p1a: Pelipper
|-singleturn|p1a: Pelipper|Wide Guard
|move|p2a: Indeedee|Expanding Force|p1b: Amoonguss|[spread] 
|-activate|p1a: Pelipper|move: Wide Guard
|-activate|p1b: Amoonguss|move: Wide Guard
|move|p1b: Amoonguss|Spore|p2a: Indeedee
|-status|p2a: Indeedee|slp|[from] move: Spore
|
|-weather|RainDance|[upkeep]
|-end|p1b: Amoonguss|Throat Chop|[silent]
|upkeep
|turn|3
|
|t:|1757834477
|switch|p1b: Kingambit|Kingambit, L50, M|100/100
|move|p1a: Pelipper|Wide Guard|p1a: Pelipper
|-singleturn|p1a: Pelipper|Wide Guard
|cant|p2a: Indeedee|slp
|move|p2b: Sinistcha|Matcha Gotcha|p1a: Pelipper|[spread] 
|-activate|p1a: Pelipper|move: Wide Guard
|-activate|p1b: Kingambit|move: Wide Guard
|
|-weather|RainDance|[upkeep]
|upkeep
|turn|4
|
|t:|1757834485
|switch|p2a: Sneasler|Sneasler, L50, M, tera:Dark|84/100
|move|p1a: Pelipper|Wide Guard|p1a: Pelipper
|-singleturn|p1a: Pelipper|Wide Guard
|move|p2b: Sinistcha|Matcha Gotcha|p1b: Kingambit|[spread] 
|-activate|p1a: Pelipper|move: Wide Guard
|-activate|p1b: Kingambit|move: Wide Guard
|move|p1b: Kingambit|Kowtow Cleave|p2a: Sneasler
|-resisted|p2a: Sneasler
|-damage|p2a: Sneasler|32/100
|
|-weather|RainDance|[upkeep]
|upkeep
|turn|5
|inactive|Zane1571 has 30 seconds left.
|
|t:|1757834511
|switch|p1b: Basculegion|Basculegion, L50, M, shiny|100/100
|move|p2a: Sneasler|Protect|p2a: Sneasler
|-singleturn|p2a: Sneasler|Protect
|move|p1a: Pelipper|Hurricane|p2a: Sneasler
|-activate|p2a: Sneasler|move: Protect
|move|p2b: Sinistcha|Life Dew||[still]|[spread] p2a,p2b
|-heal|p2a: Sneasler|57/100
|-fail|p2b: Sinistcha|heal
|
|-weather|none
|-fieldend|move: Psychic Terrain
|upkeep
|turn|6
|
|t:|1757834532
|move|p2b: Sinistcha|Rage Powder|p2b: Sinistcha
|-singleturn|p2b: Sinistcha|move: Rage Powder
|move|p1b: Basculegion|Aqua Jet|p2b: Sinistcha
|-resisted|p2b: Sinistcha
|-damage|p2b: Sinistcha|88/100
|move|p2a: Sneasler|Throat Chop|p1a: Pelipper
|-damage|p1a: Pelipper|49/100
|move|p1a: Pelipper|Tailwind|p1a: Pelipper
|-sidestart|p1: Zane1571|move: Tailwind
|
|upkeep
|turn|7
|inactive|Zane1571 has 30 seconds left.
|inactive|electrictopi has 30 seconds left.
|
|t:|1757834561
|switch|p1b: Amoonguss|Amoonguss, L50, F|100/100
|switch|p2b: Indeedee|Indeedee, L50, M, shiny|100/100 slp
|-fieldstart|move: Psychic Terrain|[from] ability: Psychic Surge|[of] p2b: Indeedee
|move|p1a: Pelipper|Hurricane|p2b: Indeedee
|-damage|p2b: Indeedee|40/100 slp
|move|p2a: Sneasler|Throat Chop|p1a: Pelipper
|-damage|p1a: Pelipper|1/100
|
|upkeep
|turn|8
|inactive|Zane1571 has 30 seconds left.
|inactive|electrictopi has 30 seconds left.
|inactive|Zane1571 has 20 seconds left.
|
|t:|1757834598
|-terastallize|p1b: Amoonguss|Dark
|move|p2a: Sneasler|Protect|p2a: Sneasler
|-singleturn|p2a: Sneasler|Protect
|move|p1b: Amoonguss|Rage Powder|p1b: Amoonguss
|-singleturn|p1b: Amoonguss|move: Rage Powder
|move|p1a: Pelipper|Hurricane|p2a: Sneasler
|-activate|p2a: Sneasler|move: Protect
|cant|p2b: Indeedee|slp
|
|upkeep
|turn|9
|
|t:|1757834614
|move|p1a: Pelipper|Hurricane|p2a: Sneasler
|-damage|p2a: Sneasler|0 fnt
|faint|p2a: Sneasler
|-curestatus|p2b: Indeedee|slp|[msg]
|move|p2b: Indeedee|Dazzling Gleam|p1b: Amoonguss|[spread] p1a,p1b
|-supereffective|p1b: Amoonguss
|-damage|p1a: Pelipper|0 fnt
|-damage|p1b: Amoonguss|67/100
|faint|p1a: Pelipper
|move|p1b: Amoonguss|Sludge Bomb|p2b: Indeedee
|-damage|p2b: Indeedee|0 fnt
|faint|p2b: Indeedee
|
|-sideend|p1: Zane1571|move: Tailwind
|upkeep
|
|t:|1757834637
|switch|p2a: Ursaluna|Ursaluna-Bloodmoon, L50, M|100/100
|switch|p2b: Sinistcha|Sinistcha-Masterpiece, L50|88/100
|switch|p1a: Kingambit|Kingambit, L50, M|100/100
|turn|10
|inactive|electrictopi has 30 seconds left.
|
|t:|1757834667
|move|p2a: Ursaluna|Blood Moon|p1b: Amoonguss
|-damage|p1b: Amoonguss|0 fnt
|faint|p1b: Amoonguss
|move|p2b: Sinistcha|Matcha Gotcha|p1a: Kingambit
|-resisted|p1a: Kingambit
|-damage|p1a: Kingambit|84/100
|-heal|p2b: Sinistcha|98/100|[from] drain|[of] p1a: Kingambit
|move|p1a: Kingambit|Kowtow Cleave|p2b: Sinistcha
|-supereffective|p2b: Sinistcha
|-damage|p2b: Sinistcha|0 fnt
|faint|p2b: Sinistcha
|
|upkeep
|
|t:|1757834685
|switch|p1b: Basculegion|Basculegion, L50, M, shiny|100/100
|turn|11
|
|t:|1757834692
|move|p1b: Basculegion|Wave Crash|p2a: Ursaluna
|-supereffective|p2a: Ursaluna
|-enditem|p2a: Ursaluna|Focus Sash
|-damage|p2a: Ursaluna|1/100
|-damage|p1b: Basculegion|68/100|[from] Recoil
|move|p2a: Ursaluna|Earth Power|p1a: Kingambit
|-supereffective|p1a: Kingambit
|-crit|p1a: Kingambit
|-damage|p1a: Kingambit|0 fnt
|faint|p1a: Kingambit
|
|-fieldend|move: Psychic Terrain
|upkeep
|turn|12
|
|t:|1757834704
|move|p1b: Basculegion|Wave Crash|p2a: Ursaluna
|-supereffective|p2a: Ursaluna
|-damage|p2a: Ursaluna|0 fnt
|faint|p2a: Ursaluna
|-damage|p1b: Basculegion|68/100|[from] Recoil
|
|win|Zane1571
|raw|Zane1571's rating: 1094 → 1125(+31 for winning)
|raw|electrictopi's rating: 1161 → 1131(-30 for losing)
|l|☆Zane1571
|player|p1|
|l|☆electrictopi
|player|p2|
