|j|ŌśåOgercooked
|j|Ōśåsoap858
|html|Ogercookedsoap858    
|uhtml|bestof|Game 3 of a best-of-3
|t:|1755971404
|gametype|doubles
|player|p1|Ogercooked|riley|1393
|player|p2|soap858|101|1471
|gen|9
|tier|[Gen 9] VGC 2025 Reg H (Bo3)
|rated|
|rule|Species Clause: Limit one of each Pok├®mon
|rule|Item Clause: Limit 1 of each item
|clearpoke
|poke|p1|Weavile, L50, F|
|poke|p1|Annihilape, L50, F|
|poke|p1|Pelipper, L50, F|
|poke|p1|Archaludon, L50, F|
|poke|p1|Basculegion, L50, M|
|poke|p1|Rillaboom, L50, M|
|poke|p2|Armarouge, L50, F|
|poke|p2|Indeedee-F, L50, F|
|poke|p2|Torkoal, L50, M|
|poke|p2|Kingambit, L50, M|
|poke|p2|Dragapult, L50, M|
|poke|p2|Gallade, L50, M|
|teampreview|4
|showteam|p1|Weavile||FocusSash|Pickpocket|TripleAxel,KnockOff,BeatUp,FakeOut|||F|||50|,,,,,Ghost]Annihilape||SafetyGoggles|Defiant|DrainPunch,RageFist,BulkUp,Protect|||F|||50|,,,,,Fire]Pelipper||CovertCloak|Drizzle|Hurricane,WeatherBall,WideGuard,Protect|||F|||50|,,,,,Grass]Archaludon||AssaultVest|Stamina|DragonPulse,ElectroShot,Snarl,BodyPress|||F|||50|,,,,,Fighting]Basculegion||ChoiceBand|SwiftSwim|WaveCrash,LastRespects,AquaJet,FlipTurn|||M|||50|,,,,,Water]Rillaboom||MiracleSeed|GrassySurge|WoodHammer,Uturn,GrassyGlide,FakeOut|||M|||50|,,,,,Grass
|showteam|p2|Armarouge||LifeOrb|FlashFire|Protect,ExpandingForce,ArmorCannon,TrickRoom|||F|||50|,,,,,Grass]Indeedee-F||SitrusBerry|PsychicSurge|DazzlingGleam,FollowMe,HelpingHand,TrickRoom|||F|||50|,,,,,Fairy]Torkoal||Charcoal|Drought|Protect,Eruption,WeatherBall,EarthPower|||M|||50|,,,,,Fire]Kingambit||AssaultVest|Defiant|KowtowCleave,IronHead,LowKick,SuckerPunch|||M|||50|,,,,,Dark]Dragapult||ChoiceBand|ClearBody|DragonDarts,PhantomForce,Uturn,SuckerPunch|||M|||50|,,,,,Dragon]Gallade||ClearAmulet|Sharpness|Protect,SacredSword,PsychoCut,TrickRoom|||M|||50|,,,,,Steel
|inactive|Battle timer is ON: inactive players will automatically lose when time's up. (requested by soap858)
|
|t:|1755971418
|teamsize|p1|4
|teamsize|p2|4
|start
|switch|p1a: Archaludon|Archaludon, L50, F|100/100
|switch|p1b: Weavile|Weavile, L50, F|100/100
|switch|p2a: Armarouge|Armarouge, L50, F|100/100
|switch|p2b: Indeedee|Indeedee-F, L50, F|100/100
|-fieldstart|move: Psychic Terrain|[from] ability: Psychic Surge|[of] p2b: Indeedee
|turn|1
|inactive|Ogercooked has 30 seconds left.
|inactive|soap858 has 30 seconds left.
|
|t:|1755971451
|switch|p2b: Kingambit|Kingambit, L50, M|100/100
|-terastallize|p2a: Armarouge|Grass
|move|p1b: Weavile|Knock Off|p2b: Kingambit
|-resisted|p2b: Kingambit
|-damage|p2b: Kingambit|84/100
|-enditem|p2b: Kingambit|Assault Vest|[from] move: Knock Off|[of] p1b: Weavile
|move|p1a: Archaludon|Snarl|p2a: Armarouge|[spread] p2b
|-miss|p1a: Archaludon|p2a: Armarouge
|-resisted|p2b: Kingambit
|-damage|p2b: Kingambit|77/100
|-unboost|p2b: Kingambit|spa|1
|-ability|p2b: Kingambit|Defiant|boost
|-boost|p2b: Kingambit|atk|2
|move|p2a: Armarouge|Trick Room|p2a: Armarouge
|-fieldstart|move: Trick Room|[of] p2a: Armarouge
|
|upkeep
|turn|2
|c|ŌśåOgercooked|xd
|inactive|Ogercooked has 30 seconds left.
|inactive|soap858 has 30 seconds left.
|inactive|soap858 has 20 seconds left.
|
|t:|1755971491
|move|p2b: Kingambit|Low Kick|p1a: Archaludon
|-supereffective|p1a: Archaludon
|-damage|p1a: Archaludon|14/100
|-ability|p1a: Archaludon|Stamina|boost
|-boost|p1a: Archaludon|def|1
|move|p2a: Armarouge|Expanding Force|p1b: Weavile|[spread] p1a
|-immune|p1b: Weavile
|-resisted|p1a: Archaludon
|-crit|p1a: Archaludon
|-damage|p1a: Archaludon|0 fnt
|faint|p1a: Archaludon
|-damage|p2a: Armarouge|91/100|[from] item: Life Orb
|move|p1b: Weavile|Triple Axel|p2a: Armarouge
|-supereffective|p2a: Armarouge
|-damage|p2a: Armarouge|72/100
|-supereffective|p2a: Armarouge
|-damage|p2a: Armarouge|33/100
|-supereffective|p2a: Armarouge
|-damage|p2a: Armarouge|0 fnt
|faint|p2a: Armarouge
|-hitcount|p2: Armarouge|3
|
|upkeep
|
|t:|1755971507
|switch|p2a: Indeedee|Indeedee-F, L50, F|100/100
|switch|p1a: Pelipper|Pelipper, L50, F|100/100
|-weather|RainDance|[from] ability: Drizzle|[of] p1a: Pelipper
|turn|3
|
|t:|1755971526
|move|p1a: Pelipper|Wide Guard|p1a: Pelipper
|-singleturn|p1a: Pelipper|Wide Guard
|move|p2b: Kingambit|Iron Head|p1b: Weavile
|-supereffective|p1b: Weavile
|-enditem|p1b: Weavile|Focus Sash
|-damage|p1b: Weavile|1/100
|move|p2a: Indeedee|Dazzling Gleam|p1b: Weavile|[spread] 
|-activate|p1a: Pelipper|move: Wide Guard
|-activate|p1b: Weavile|move: Wide Guard
|move|p1b: Weavile|Knock Off|p2a: Indeedee
|-supereffective|p2a: Indeedee
|-damage|p2a: Indeedee|11/100
|-enditem|p2a: Indeedee|Sitrus Berry|[from] move: Knock Off|[of] p1b: Weavile
|
|-weather|RainDance|[upkeep]
|upkeep
|turn|4
|inactive|Ogercooked has 30 seconds left.
|inactive|Ogercooked has 20 seconds left.
|
|t:|1755971562
|switch|p1b: Basculegion|Basculegion, L50, M|100/100
|move|p2a: Indeedee|Helping Hand|p2b: Kingambit
|-singleturn|p2b: Kingambit|Helping Hand|[of] p2a: Indeedee
|move|p1a: Pelipper|Protect|p1a: Pelipper
|-singleturn|p1a: Pelipper|Protect
|move|p2b: Kingambit|Kowtow Cleave|p1a: Pelipper
|-activate|p1a: Pelipper|move: Protect
|
|-weather|RainDance|[upkeep]
|upkeep
|turn|5
|inactive|soap858 has 30 seconds left.
|inactive|Ogercooked has 30 seconds left.
|inactive|soap858 has 20 seconds left.
|inactive|soap858 has 15 seconds left.
|inactive|soap858 has 10 seconds left.
|inactive|soap858 has 5 seconds left.
|
|t:|1755971612
|switch|p1a: Weavile|Weavile, L50, F|1/100
|move|p2a: Indeedee|Helping Hand|p2b: Kingambit
|-singleturn|p2b: Kingambit|Helping Hand|[of] p2a: Indeedee
|move|p2b: Kingambit|Kowtow Cleave|p1b: Basculegion
|-supereffective|p1b: Basculegion
|-damage|p1b: Basculegion|0 fnt
|faint|p1b: Basculegion
|
|-weather|RainDance|[upkeep]
|-fieldend|move: Trick Room
|-fieldend|move: Psychic Terrain
|upkeep
|c|ŌśåOgercooked|why
|c|Ōśåsoap858|why what? the taget?
|inactive|Ogercooked has 30 seconds left.
|c|ŌśåOgercooked|if you do that why would you ever hand
|
|t:|1755971645
|switch|p1b: Pelipper|Pelipper, L50, F|100/100
|turn|6
|c|Ōśåsoap858|you haven't terad yet right?
|c|Ōśåsoap858|don't know the bulk
|inactive|soap858 has 30 seconds left.
|inactive|soap858 has 20 seconds left.
|inactive|soap858 has 15 seconds left.
|
|t:|1755971687
|move|p1a: Weavile|Fake Out|p2b: Kingambit
|-resisted|p2b: Kingambit
|-damage|p2b: Kingambit|72/100
|move|p2a: Indeedee|Follow Me|p2a: Indeedee
|-singleturn|p2a: Indeedee|move: Follow Me
|cant|p2b: Kingambit|flinch
|move|p1b: Pelipper|Weather Ball|p2a: Indeedee
|-damage|p2a: Indeedee|0 fnt
|faint|p2a: Indeedee
|
|-weather|RainDance|[upkeep]
|upkeep
|
|t:|1755971692
|switch|p2a: Torkoal|Torkoal, L50, M|100/100
|-weather|SunnyDay|[from] ability: Drought|[of] p2a: Torkoal
|turn|7
|
|t:|1755971713
|move|p2b: Kingambit|Sucker Punch|p1b: Pelipper
|-damage|p1b: Pelipper|31/100
|move|p1a: Weavile|Knock Off|p2a: Torkoal
|-damage|p2a: Torkoal|62/100
|-enditem|p2a: Torkoal|Charcoal|[from] move: Knock Off|[of] p1a: Weavile
|move|p1b: Pelipper|Weather Ball|p2b: Kingambit
|-supereffective|p2b: Kingambit
|-damage|p2b: Kingambit|0 fnt
|faint|p2b: Kingambit
|move|p2a: Torkoal|Eruption|p1a: Weavile|[spread] p1a,p1b
|-supereffective|p1a: Weavile
|-resisted|p1b: Pelipper
|-damage|p1a: Weavile|0 fnt
|-damage|p1b: Pelipper|0 fnt
|faint|p1a: Weavile
|faint|p1b: Pelipper
|
|win|soap858
|raw|Ogercooked's rating: 1393 → 1377(-16 for losing)
|raw|soap858's rating: 1471 → 1487(+16 for winning)
|c|Ōśåsoap858|gg
