|j|☆Gyaradostyranitar
|j|☆beeetch
|html|Gyaradostyranitarbeeetch    
|uhtml|bestof|Game 3 of a best-of-3
|t:|1755087183
|gametype|doubles
|player|p1|Gyaradostyranitar|adaman|1278
|player|p2|beeetch|beauty-gen4dp|1288
|gen|9
|tier|[Gen 9] VGC 2025 Reg H (Bo3)
|rated|
|rule|Species Clause: Limit one of each Pokémon
|rule|Item Clause: Limit 1 of each item
|clearpoke
|poke|p1|Mandibuzz, L50, F|
|poke|p1|Volcarona, L50, F|
|poke|p1|Kommo-o, L50, M|
|poke|p1|Tyranitar, L50, F|
|poke|p1|Sinistcha, L50|
|poke|p1|Primarina, L50, M|
|poke|p2|Toedscruel, L50, M|
|poke|p2|Weezing-Galar, L50, F|
|poke|p2|Corviknight, L50, M|
|poke|p2|Pawmot, L50, M|
|poke|p2|Garchomp, L50, M|
|poke|p2|Typhlosion-Hisui, L50, M|
|teampreview|4
|showteam|p1|Mandibuzz||RockyHelmet|Overcoat|FoulPlay,Taunt,Roost,Tailwind|||F|||50|,,,,,Steel]Volcarona||SafetyGoggles|FlameBody|HeatWave,GigaDrain,QuiverDance,Protect|||F|||50|,,,,,Grass]Kommo-o||Leftovers|Overcoat|IronHead,BodyPress,IronDefense,Protect|||M|||50|,,,,,Steel]Tyranitar||AssaultVest|SandStream|RockSlide,KnockOff,LowKick,TeraBlast|||F|||50|,,,,,Flying]Sinistcha||SitrusBerry|Hospitality|MatchaGotcha,TrickRoom,LifeDew,RagePowder||||||50|,,,,,Dark]Primarina||ThroatSpray|LiquidVoice|HyperVoice,Moonblast,Haze,Protect|||M|||50|,,,,,Poison
|showteam|p2|Toedscruel||CovertCloak|MyceliumMight|Spore,EarthPower,AcidSpray,RagePowder|||M|||50|,,,,,Water]Weezing-Galar||ChoiceSpecs|NeutralizingGas|DazzlingGleam,SludgeBomb,StrangeSteam,Flamethrower|||F|||50|,,,,,Fire]Corviknight||SitrusBerry|MirrorArmor|Protect,Tailwind,Roost,BraveBird|||M|||50|,,,,,Dragon]Pawmot||FocusSash|NaturalCure|Protect,CloseCombat,DoubleShock,FakeOut|||M|||50|,,,,,Electric]Garchomp||LifeOrb|RoughSkin|Protect,Earthquake,DragonClaw,StompingTantrum|||M|||50|,,,,,Ground]Typhlosion-Hisui||ChoiceScarf|Blaze|Eruption,SleepTalk,HeatWave,ShadowBall|||M|||50|,,,,,Fire
|inactive|Battle timer is ON: inactive players will automatically lose when time's up. (requested by Gyaradostyranitar)
|
|t:|1755087212
|teamsize|p1|4
|teamsize|p2|4
|start
|switch|p1a: Primarina|Primarina, L50, M|100/100
|switch|p1b: Mandibuzz|Mandibuzz, L50, F|100/100
|switch|p2a: Weezing|Weezing-Galar, L50, F|100/100
|switch|p2b: Corviknight|Corviknight, L50, M|100/100
|-ability|p2a: Weezing|Neutralizing Gas
|turn|1
|inactive|Gyaradostyranitar has 30 seconds left.
|
|t:|1755087238
|move|p1a: Primarina|Protect|p1a: Primarina
|-singleturn|p1a: Primarina|Protect
|move|p1b: Mandibuzz|Tailwind|p1b: Mandibuzz
|-sidestart|p1: Gyaradostyranitar|move: Tailwind
|move|p2b: Corviknight|Brave Bird|p1b: Mandibuzz
|-damage|p1b: Mandibuzz|70/100
|-damage|p2b: Corviknight|84/100|[from] item: Rocky Helmet|[of] p1b: Mandibuzz
|-damage|p2b: Corviknight|73/100|[from] Recoil
|move|p2a: Weezing|Dazzling Gleam|p1a: Primarina|[spread] p1b
|-activate|p1a: Primarina|move: Protect
|-supereffective|p1b: Mandibuzz
|-damage|p1b: Mandibuzz|25/100
|
|upkeep
|turn|2
|
|t:|1755087253
|switch|p1b: Volcarona|Volcarona, L50, F|100/100
|move|p2b: Corviknight|Protect|p2b: Corviknight
|-singleturn|p2b: Corviknight|Protect
|move|p1a: Primarina|Hyper Voice|p2a: Weezing|[spread] p2a
|-activate|p2b: Corviknight|move: Protect
|-damage|p2a: Weezing|69/100
|-enditem|p1a: Primarina|Throat Spray
|-boost|p1a: Primarina|spa|1|[from] item: Throat Spray
|move|p2a: Weezing|Dazzling Gleam|p1a: Primarina|[spread] p1a,p1b
|-resisted|p1b: Volcarona
|-crit|p1b: Volcarona
|-damage|p1a: Primarina|69/100
|-damage|p1b: Volcarona|74/100
|
|upkeep
|turn|3
|
|t:|1755087270
|move|p1b: Volcarona|Heat Wave|p2b: Corviknight|[spread] 
|-miss|p1b: Volcarona|p2a: Weezing
|-miss|p1b: Volcarona|p2b: Corviknight
|move|p1a: Primarina|Hyper Voice|p2a: Weezing|[spread] p2a,p2b
|-resisted|p2b: Corviknight
|-damage|p2a: Weezing|26/100
|-damage|p2b: Corviknight|59/100
|move|p2b: Corviknight|Brave Bird|p1b: Volcarona
|-supereffective|p1b: Volcarona
|-damage|p1b: Volcarona|0 fnt
|faint|p1b: Volcarona
|-damage|p2b: Corviknight|38/100|[from] Recoil
|-enditem|p2b: Corviknight|Sitrus Berry|[eat]
|-heal|p2b: Corviknight|62/100|[from] item: Sitrus Berry
|move|p2a: Weezing|Dazzling Gleam|p1a: Primarina
|-damage|p1a: Primarina|29/100
|
|upkeep
|
|t:|1755087277
|switch|p1b: Kommo-o|Kommo-o, L50, M|100/100
|turn|4
|
|t:|1755087295
|move|p1b: Kommo-o|Iron Defense|p1b: Kommo-o
|-boost|p1b: Kommo-o|def|2
|move|p1a: Primarina|Hyper Voice|p2a: Weezing|[spread] p2a,p2b
|-resisted|p2b: Corviknight
|-crit|p2b: Corviknight
|-damage|p2a: Weezing|0 fnt
|-damage|p2b: Corviknight|40/100
|faint|p2a: Weezing
|-end|p2a: Weezing|ability: Neutralizing Gas
|move|p2b: Corviknight|Tailwind|p2b: Corviknight
|-sidestart|p2: beeetch|move: Tailwind
|
|-sideend|p1: Gyaradostyranitar|move: Tailwind
|upkeep
|
|t:|1755087306
|switch|p2a: Garchomp|Garchomp, L50, M|100/100
|turn|5
|inactive|Gyaradostyranitar has 30 seconds left.
|
|t:|1755087333
|-terastallize|p2a: Garchomp|Ground
|-terastallize|p1b: Kommo-o|Steel
|move|p1a: Primarina|Protect|p1a: Primarina
|-singleturn|p1a: Primarina|Protect
|move|p2a: Garchomp|Earthquake|p1a: Primarina|[spread] p1b
|-activate|p1a: Primarina|move: Protect
|-immune|p2b: Corviknight
|-supereffective|p1b: Kommo-o
|-damage|p1b: Kommo-o|58/100
|-damage|p2a: Garchomp|91/100|[from] item: Life Orb
|move|p2b: Corviknight|Brave Bird|p1b: Kommo-o
|-resisted|p1b: Kommo-o
|-damage|p1b: Kommo-o|50/100
|-damage|p2b: Corviknight|38/100|[from] Recoil
|move|p1b: Kommo-o|Body Press|p2a: Garchomp
|-damage|p2a: Garchomp|10/100
|-damage|p1b: Kommo-o|38/100|[from] ability: Rough Skin|[of] p2a: Garchomp
|
|-heal|p1b: Kommo-o|44/100|[from] item: Leftovers
|upkeep
|turn|6
|inactive|beeetch has 30 seconds left.
|
|t:|1755087360
|move|p1a: Primarina|Protect||[still]
|-fail|p1a: Primarina
|move|p2a: Garchomp|Earthquake|p1a: Primarina|[spread] p1a,p1b
|-immune|p2b: Corviknight
|-supereffective|p1b: Kommo-o
|-damage|p1a: Primarina|0 fnt
|-damage|p1b: Kommo-o|2/100
|faint|p1a: Primarina
|-damage|p2a: Garchomp|0 fnt|[from] item: Life Orb
|faint|p2a: Garchomp
|move|p2b: Corviknight|Brave Bird|p1b: Kommo-o
|-resisted|p1b: Kommo-o
|-damage|p1b: Kommo-o|0 fnt
|faint|p1b: Kommo-o
|-damage|p2b: Corviknight|38/100|[from] Recoil
|
|upkeep
|
|t:|1755087371
|switch|p2a: Typhlosion|Typhlosion-Hisui, L50, M|100/100
|switch|p1b: Mandibuzz|Mandibuzz, L50, F|25/100
|turn|7
|-message|Gyaradostyranitar forfeited.
|
|win|beeetch
|raw|Gyaradostyranitar's rating: 1278 → 1254(-24 for losing)
|raw|beeetch's rating: 1288 → 1312(+24 for winning)
|l|☆Gyaradostyranitar
|player|p1|
