|j|☆freudianbreath
|j|☆guillelona
|html|freudianbreathguillelona    
|uhtml|bestof|Game 2 of a best-of-3
|t:|1785628852
|gametype|doubles
|player|p1|freudianbreath|102|1042
|player|p2|guillelona|1|1244
|gen|9
|tier|[Gen 9 Champions] VGC 2026 Reg M-B (Bo3)
|rated|
|rule|Species Clause: Limit one of each Pokémon
|rule|Item Clause: Limit 1 of each item
|clearpoke
|poke|p1|Banette, L50, M|
|poke|p1|Farigiraf, L50, M|
|poke|p1|Kingambit, L50, F|
|poke|p1|Primarina, L50, F|
|poke|p1|Camerupt, L50, F|
|poke|p1|Appletun, L50, M|
|poke|p2|Charizard, L50, M|
|poke|p2|Glimmora, L50, M|
|poke|p2|Whimsicott, L50, F|
|poke|p2|Ninetales-Alola, L50, F|
|poke|p2|Kingambit, L50, M|
|poke|p2|Kommo-o, L50, M|
|teampreview|4
|showteam|p1|Banette||Banettite|CursedBody|Encore,SkillSwap,DestinyBond,Poltergeist|Careful||M|||50|]Farigiraf||ColburBerry|ArmorTail|HelpingHand,TrickRoom,Psychic,Thunderbolt|Relaxed||M|||50|]Kingambit||BlackGlasses|Defiant|KowtowCleave,IronHead,SuckerPunch,Protect|Adamant||F|||50|]Primarina||LifeOrb|LiquidVoice|HyperVoice,CalmMind,DazzlingGleam,Protect|Modest||F|||50|]Camerupt||Cameruptite|SolidRock|Protect,Eruption,HeatWave,EarthPower|Quiet||F|||50|]Appletun||SitrusBerry|ThickFat|Protect,LeechSeed,Recycle,DracoMeteor|Calm||M|||50|
|showteam|p2|Charizard||CharizarditeY|Blaze|HeatWave,WeatherBall,SolarBeam,Protect|Modest||M|||50|]Glimmora||Glimmoranite|ToxicDebris|SludgeBomb,PowerGem,EarthPower,SpikyShield|Modest||M|||50|]Whimsicott||FocusSash|Prankster|Moonblast,Tailwind,Encore,Protect|Timid||F|||50|]Ninetales-Alola||NeverMeltIce|SnowWarning|Blizzard,FreezeDry,Disable,Protect|Timid||F|||50|]Kingambit||BlackGlasses|Defiant|KowtowCleave,SuckerPunch,IronHead,Protect|Adamant||M|||50|]Kommo-o||LifeOrb|Overcoat|ClangingScales,AuraSphere,VacuumWave,Protect|Modest||M|||50|
|inactive|Battle timer is ON: inactive players will automatically lose when time's up. (requested by guillelona)
|inactive|freudianbreath has 60 seconds left.
|inactive|freudianbreath has 30 seconds left.
|inactive|freudianbreath has 20 seconds left.
|inactive|freudianbreath has 15 seconds left.
|inactive|freudianbreath has 10 seconds left.
|inactive|freudianbreath has 5 seconds left.
|
|t:|1785628977
|teamsize|p1|4
|teamsize|p2|4
|start
|switch|p1a: Appletun|Appletun, L50, M|100/100
|switch|p1b: Banette|Banette, L50, M|100/100
|switch|p2a: Charizard|Charizard, L50, M|100/100
|switch|p2b: Kingambit|Kingambit, L50, M|100/100
|turn|1
|inactive|freudianbreath has 30 seconds left.
|inactive|guillelona has 30 seconds left.
|inactive|freudianbreath has 20 seconds left.
|inactive|freudianbreath has 15 seconds left.
|inactive|freudianbreath has 10 seconds left.
|inactive|freudianbreath has 5 seconds left.
|
|t:|1785629029
|detailschange|p2a: Charizard|Charizard-Mega-Y, L50, M
|-mega|p2a: Charizard|Charizard|Charizardite Y
|-weather|SunnyDay|[from] ability: Drought|[of] p2a: Charizard
|detailschange|p1b: Banette|Banette-Mega, L50, M
|-mega|p1b: Banette|Banette|Banettite
|move|p1b: Banette|Destiny Bond|p1b: Banette
|-singlemove|p1b: Banette|Destiny Bond
|move|p2a: Charizard|Heat Wave|p1a: Appletun|[spread] p1a,p1b
|-crit|p1b: Banette
|-damage|p1a: Appletun|77/100
|-damage|p1b: Banette|16/100
|move|p2b: Kingambit|Kowtow Cleave|p1a: Appletun
|-damage|p1a: Appletun|17/100
|-enditem|p1a: Appletun|Sitrus Berry|[eat]
|-heal|p1a: Appletun|42/100|[from] item: Sitrus Berry
|move|p1a: Appletun|Leech Seed|p2b: Kingambit
|-start|p2b: Kingambit|move: Leech Seed
|
|-weather|SunnyDay|[upkeep]
|-damage|p2b: Kingambit|87/100|[from] Leech Seed|[of] p1a: Appletun
|-heal|p1a: Appletun|52/100|[silent]
|upkeep
|turn|2
|inactive|freudianbreath has 30 seconds left.
|inactive|freudianbreath has 20 seconds left.
|inactive|guillelona has 30 seconds left.
|
|t:|1785629067
|switch|p1b: Primarina|Primarina, L50, F|100/100
|move|p1a: Appletun|Protect|p1a: Appletun
|-singleturn|p1a: Appletun|Protect
|move|p2a: Charizard|Heat Wave|p1a: Appletun|[spread] p1b
|-activate|p1a: Appletun|move: Protect
|-resisted|p1b: Primarina|1
|-damage|p1b: Primarina|74/100
|move|p2b: Kingambit|Kowtow Cleave|p1a: Appletun
|-activate|p1a: Appletun|move: Protect
|
|-weather|SunnyDay|[upkeep]
|-damage|p2b: Kingambit|75/100|[from] Leech Seed|[of] p1a: Appletun
|-heal|p1a: Appletun|63/100|[silent]
|upkeep
|turn|3
|inactive|freudianbreath has 30 seconds left.
|inactive|freudianbreath has 20 seconds left.
|inactive|freudianbreath has 15 seconds left.
|
|t:|1785629112
|switch|p2a: Ninetales|Ninetales-Alola, L50, F|100/100
|-weather|Snowscape|[from] ability: Snow Warning|[of] p2a: Ninetales
|move|p2b: Kingambit|Iron Head|p1b: Primarina
|-damage|p1b: Primarina|14/100
|move|p1b: Primarina|Hyper Voice|p2a: Ninetales|[spread] p2a,p2b
|-damage|p2a: Ninetales|44/100
|-damage|p2b: Kingambit|18/100
|-damage|p1b: Primarina|5/100|[from] item: Life Orb
|move|p1a: Appletun|Leech Seed|p2a: Ninetales
|-start|p2a: Ninetales|move: Leech Seed
|
|-weather|Snowscape|[upkeep]
|-damage|p2a: Ninetales|32/100|[from] Leech Seed|[of] p1a: Appletun
|-heal|p1a: Appletun|71/100|[silent]
|-damage|p2b: Kingambit|6/100|[from] Leech Seed|[of] p1a: Appletun
|-heal|p1a: Appletun|81/100|[silent]
|upkeep
|turn|4
|inactive|freudianbreath has 30 seconds left.
|inactive|freudianbreath has 20 seconds left.
|inactive|guillelona has 30 seconds left.
|
|t:|1785629151
|switch|p2a: Kommo-o|Kommo-o, L50, M|100/100
|move|p1a: Appletun|Protect|p1a: Appletun
|-singleturn|p1a: Appletun|Protect
|move|p2b: Kingambit|Sucker Punch|p1b: Primarina
|-resisted|p1b: Primarina|1
|-damage|p1b: Primarina|0 fnt
|faint|p1b: Primarina
|
|-weather|Snowscape|[upkeep]
|-damage|p2b: Kingambit|0 fnt|[from] Leech Seed|[of] p1a: Appletun
|-heal|p1a: Appletun|87/100|[silent]
|faint|p2b: Kingambit
|upkeep
|inactive|freudianbreath has 30 seconds left.
|inactive|freudianbreath has 20 seconds left.
|inactive|freudianbreath has 15 seconds left.
|inactive|freudianbreath has 10 seconds left.
|inactive|freudianbreath has 5 seconds left.
|
|t:|1785629202
|switch|p2b: Ninetales|Ninetales-Alola, L50, F|32/100
|switch|p1b: Banette|Banette-Mega, L50, M|16/100
|turn|5
|inactive|freudianbreath has 30 seconds left.
|
|t:|1785629235
|switch|p1b: Kingambit|Kingambit, L50, F|100/100
|move|p2b: Ninetales|Freeze-Dry|p1a: Appletun
|-supereffective|p1a: Appletun|2
|-damage|p1a: Appletun|46/100
|move|p2a: Kommo-o|Clanging Scales|p1b: Kingambit|[spread] p1a,p1b
|-supereffective|p1a: Appletun|1
|-resisted|p1b: Kingambit|1
|-damage|p1a: Appletun|0 fnt
|-damage|p1b: Kingambit|74/100
|faint|p1a: Appletun
|-unboost|p2a: Kommo-o|def|1
|-damage|p2a: Kommo-o|90/100|[from] item: Life Orb
|
|-weather|Snowscape|[upkeep]
|upkeep
|
|t:|1785629248
|switch|p1a: Banette|Banette-Mega, L50, M|16/100
|turn|6
|inactive|freudianbreath has 30 seconds left.
|inactive|freudianbreath has 20 seconds left.
|inactive|freudianbreath has 15 seconds left.
|inactive|freudianbreath has 10 seconds left.
|inactive|freudianbreath has 5 seconds left.
|
|t:|1785629301
|move|p1a: Banette|Destiny Bond|p1a: Banette
|-singlemove|p1a: Banette|Destiny Bond
|move|p1b: Kingambit|Sucker Punch|p2b: Ninetales
|-resisted|p2b: Ninetales|1
|-damage|p2b: Ninetales|10/100
|move|p2b: Ninetales|Freeze-Dry|p1a: Banette
|-damage|p1a: Banette|0 fnt
|faint|p1a: Banette
|-activate|p1a: Banette|move: Destiny Bond
|faint|p2b: Ninetales
|move|p2a: Kommo-o|Aura Sphere|p1b: Kingambit
|-supereffective|p1b: Kingambit|2
|-damage|p1b: Kingambit|0 fnt
|faint|p1b: Kingambit
|-damage|p2a: Kommo-o|80/100|[from] item: Life Orb
|
|win|guillelona
|raw|freudianbreath's rating: 1042 → 1034(-8 for losing)
|raw|guillelona's rating: 1244 → 1256(+12 for winning)
|c|☆freudianbreath|Ggs
