|j|☆sandy ghost 5
|j|☆NillyTheKid
|html|sandy ghost 5NillyTheKid    
|uhtml|bestof|Game 1 of a best-of-3
|t:|1757802588
|gametype|doubles
|player|p1|sandy ghost 5|baker|
|player|p2|NillyTheKid|hiker-gen4|
|gen|9
|tier|[Gen 9] VGC 2025 Reg H (Bo3)
|rule|Species Clause: Limit one of each Pokémon
|rule|Item Clause: Limit 1 of each item
|clearpoke
|poke|p1|Tyranitar, L50, M|
|poke|p1|Blaziken, L50, M|
|poke|p1|Excadrill, L50, M|
|poke|p1|Salamence, L50, M|
|poke|p1|Annihilape, L50, F|
|poke|p1|Sinistcha, L50|
|poke|p2|Ursaluna, L50, F|
|poke|p2|Amoonguss, L50, M|
|poke|p2|Porygon2, L50|
|poke|p2|Incineroar, L50, M|
|poke|p2|Gholdengo, L50|
|poke|p2|Tyranitar, L50, F|
|teampreview|4
|showteam|p1|Tyranitar||ClearAmulet|SandStream|RockSlide,KnockOff,Protect,DragonDance|||M|||50|,,,,,Grass]Blaziken||CovertCloak|SpeedBoost|AuraSphere,HeatWave,Coaching,WillOWisp|||M|||50|,,,,,Dragon]Excadrill||AssaultVest|SandRush|RockSlide,HighHorsepower,IronHead,Earthquake|||M|||50|,,,,,Ghost]Salamence||LifeOrb|Intimidate|AirSlash,Tailwind,DracoMeteor,Protect|||M|||50|,,,,,Ghost]Annihilape||ChoiceScarf|Defiant|FinalGambit,Uturn,CloseCombat,ShadowClaw|||F|||50|,,,,,Grass]Sinistcha||SitrusBerry|Hospitality|RagePowder,ShadowBall,MatchaGotcha,Protect||||||50|,,,,,Dark
|showteam|p2|Ursaluna||FlameOrb|Guts|HeadlongRush,Facade,Substitute,Protect|||F|||50|,,,,,Ghost]Amoonguss||SitrusBerry|Regenerator|Spore,ClearSmog,RagePowder,PollenPuff|||M|||50|,,,,,Psychic]Porygon2||Eviolite|Download|TeraBlast,IceBeam,TrickRoom,Recover||||||50|,,,,,Fighting]Incineroar||SafetyGoggles|Intimidate|FlareBlitz,KnockOff,PartingShot,FakeOut|||M|||50|,,,,,Grass]Gholdengo||Leftovers|GoodasGold|MakeItRain,ShadowBall,NastyPlot,Protect||||||50|,,,,,Water]Tyranitar||AssaultVest|SandStream|RockSlide,KnockOff,LowKick,TeraBlast|||F|||50|,,,,,Flying
|c|☆sandy ghost 5|so this is g2
|c|☆NillyTheKid|yeah
|
|t:|1757802640
|teamsize|p1|4
|teamsize|p2|4
|start
|switch|p1a: Annihilape|Annihilape, L50, F|100/100
|switch|p1b: Tyranitar|Tyranitar, L50, M|100/100
|switch|p2a: Ursaluna|Ursaluna, L50, F|100/100
|switch|p2b: Porygon2|Porygon2, L50|100/100
|-weather|Sandstorm|[from] ability: Sand Stream|[of] p1b: Tyranitar
|-ability|p2b: Porygon2|Download|boost
|-boost|p2b: Porygon2|atk|1
|turn|1
|
|t:|1757802662
|switch|p2b: Amoonguss|Amoonguss, L50, M|100/100
|-terastallize|p1b: Tyranitar|Grass
|move|p1a: Annihilape|Final Gambit|p2b: Amoonguss
|-damage|p2b: Amoonguss|1/100
|-enditem|p2b: Amoonguss|Sitrus Berry|[eat]
|-heal|p2b: Amoonguss|26/100|[from] item: Sitrus Berry
|faint|p1a: Annihilape
|move|p1b: Tyranitar|Knock Off|p2b: Amoonguss
|-damage|p2b: Amoonguss|0 fnt
|faint|p2b: Amoonguss
|move|p2a: Ursaluna|Substitute|p2a: Ursaluna
|-start|p2a: Ursaluna|Substitute
|-damage|p2a: Ursaluna|76/100
|
|-weather|Sandstorm|[upkeep]
|-damage|p1b: Tyranitar|94/100|[from] Sandstorm
|-status|p2a: Ursaluna|brn|[from] item: Flame Orb
|upkeep
|
|t:|1757802678
|switch|p1a: Sinistcha|Sinistcha, L50|100/100
|switch|p2b: Porygon2|Porygon2, L50|100/100
|-ability|p2b: Porygon2|Download|boost
|-boost|p2b: Porygon2|spa|1
|-heal|p1b: Tyranitar|100/100|[from] ability: Hospitality|[of] p1a: Sinistcha
|turn|2
|
|t:|1757802716
|move|p1b: Tyranitar|Knock Off|p2b: Porygon2
|-damage|p2b: Porygon2|68/100
|-enditem|p2b: Porygon2|Eviolite|[from] move: Knock Off|[of] p1b: Tyranitar
|move|p1a: Sinistcha|Matcha Gotcha|p2b: Porygon2|[spread] 
|-miss|p1a: Sinistcha|p2a: Ursaluna
|-miss|p1a: Sinistcha|p2b: Porygon2
|move|p2a: Ursaluna|Facade|p1b: Tyranitar
|-damage|p1b: Tyranitar|0 fnt
|faint|p1b: Tyranitar
|move|p2b: Porygon2|Trick Room|p2b: Porygon2
|-fieldstart|move: Trick Room|[of] p2b: Porygon2
|
|-weather|Sandstorm|[upkeep]
|-damage|p2b: Porygon2|61/100|[from] Sandstorm
|-damage|p1a: Sinistcha|94/100|[from] Sandstorm
|-damage|p2a: Ursaluna|70/100 brn|[from] brn
|upkeep
|
|t:|1757802733
|switch|p1b: Salamence|Salamence, L50, M|100/100
|-ability|p1b: Salamence|Intimidate|boost
|-immune|p2a: Ursaluna
|-unboost|p2b: Porygon2|atk|1
|turn|3
|
|t:|1757802757
|move|p1b: Salamence|Protect|p1b: Salamence
|-singleturn|p1b: Salamence|Protect
|move|p2a: Ursaluna|Facade|p1b: Salamence
|-activate|p1b: Salamence|move: Protect
|move|p2b: Porygon2|Ice Beam|p1a: Sinistcha
|-supereffective|p1a: Sinistcha
|-damage|p1a: Sinistcha|22/100
|-enditem|p1a: Sinistcha|Sitrus Berry|[eat]
|-heal|p1a: Sinistcha|47/100|[from] item: Sitrus Berry
|move|p1a: Sinistcha|Matcha Gotcha|p2b: Porygon2|[spread] p2a,p2b
|-supereffective|p2a: Ursaluna
|-end|p2a: Ursaluna|Substitute
|-heal|p1a: Sinistcha|64/100|[from] drain|[of] p2a: Ursaluna
|-damage|p2b: Porygon2|33/100
|-heal|p1a: Sinistcha|79/100|[from] drain|[of] p2b: Porygon2
|-status|p2b: Porygon2|brn
|
|-weather|Sandstorm|[upkeep]
|-damage|p2b: Porygon2|27/100 brn|[from] Sandstorm
|-damage|p1a: Sinistcha|73/100|[from] Sandstorm
|-damage|p1b: Salamence|95/100|[from] Sandstorm
|-damage|p2a: Ursaluna|64/100 brn|[from] brn
|-damage|p2b: Porygon2|21/100 brn|[from] brn
|upkeep
|turn|4
|
|t:|1757802795
|move|p2a: Ursaluna|Headlong Rush|p1a: Sinistcha
|-resisted|p1a: Sinistcha
|-damage|p1a: Sinistcha|20/100
|-unboost|p2a: Ursaluna|def|1
|-unboost|p2a: Ursaluna|spd|1
|move|p2b: Porygon2|Ice Beam|p1a: Sinistcha
|-supereffective|p1a: Sinistcha
|-damage|p1a: Sinistcha|0 fnt
|faint|p1a: Sinistcha
|move|p1b: Salamence|Air Slash|p2b: Porygon2
|-damage|p2b: Porygon2|0 fnt
|faint|p2b: Porygon2
|-damage|p1b: Salamence|85/100|[from] item: Life Orb
|
|-weather|Sandstorm|[upkeep]
|-damage|p1b: Salamence|79/100|[from] Sandstorm
|-damage|p2a: Ursaluna|58/100 brn|[from] brn
|upkeep
|
|t:|1757802805
|switch|p2b: Tyranitar|Tyranitar, L50, F|100/100
|turn|5
|
|t:|1757802812
|move|p1b: Salamence|Protect|p1b: Salamence
|-singleturn|p1b: Salamence|Protect
|move|p2a: Ursaluna|Facade|p1b: Salamence
|-activate|p1b: Salamence|move: Protect
|move|p2b: Tyranitar|Rock Slide|p1b: Salamence
|-activate|p1b: Salamence|move: Protect
|
|-weather|none
|-damage|p2a: Ursaluna|52/100 brn|[from] brn
|upkeep
|turn|6
|
|t:|1757802827
|move|p2a: Ursaluna|Facade|p1b: Salamence
|-damage|p1b: Salamence|0 fnt
|faint|p1b: Salamence
|
|win|NillyTheKid
|inactive|sandy ghost 5 has 30 seconds to confirm battle start!
|inactive|NillyTheKid has 30 seconds to confirm battle start!
||sandy ghost 5 is ready for game 2.
|c|☆NillyTheKid|grabbing replay just in case
||NillyTheKid is ready for game 2.
|uhtml|next|Next: Game 2 of 3
