|j|☆lucasmalt
|j|☆jjayy09
|html|lucasmaltjjayy09    
|uhtml|bestof|Game 1 of a best-of-3
|t:|1785375151
|gametype|doubles
|player|p1|lucasmalt|170|1343
|player|p2|jjayy09|265|1231
|gen|9
|tier|[Gen 9 Champions] VGC 2026 Reg M-B (Bo3)
|rated|
|rule|Species Clause: Limit one of each Pokémon
|rule|Item Clause: Limit 1 of each item
|clearpoke
|poke|p1|Tyranitar, L50, F, shiny|
|poke|p1|Excadrill, L50, F, shiny|
|poke|p1|Gholdengo, L50|
|poke|p1|Sinistcha, L50, shiny|
|poke|p1|Milotic, L50, M, shiny|
|poke|p1|Staraptor, L50, F, shiny|
|poke|p2|Floette-Eternal, L50, F|
|poke|p2|Garchomp, L50, F|
|poke|p2|Sneasler, L50, F|
|poke|p2|Sinistcha, L50|
|poke|p2|Espathra, L50, M|
|poke|p2|Grimmsnarl, L50, M|
|teampreview|4
|showteam|p1|Tyranitar||Tyranitarite|SandStream|RockSlide,KnockOff,LowKick,Protect|Adamant||F|||50|]Excadrill||FocusSash|SandRush|IronHead,HighHorsepower,RockSlide,Protect|Adamant||F|||50|]Gholdengo||LifeOrb|GoodasGold|ShadowBall,MakeItRain,NastyPlot,Protect|Modest|||||50|]Sinistcha||ColburBerry|Hospitality|MatchaGotcha,RagePowder,TrickRoom,Protect|Bold|||||50|]Milotic||SitrusBerry|Competitive|Scald,IceBeam,Recover,Protect|Modest||M|||50|]Staraptor||Staraptite|Intimidate|BraveBird,CloseCombat,Tailwind,Protect|Jolly||F|||50|
|showteam|p2|Floette-Eternal||Floettite|FlowerVeil|DazzlingGleam,Moonblast,DrainingKiss,Protect|Modest||F|||50|]Garchomp||Garchompite|SandVeil|EarthPower,PowerGem,DracoMeteor,Protect|Modest||F|||50|]Sneasler||FocusSash|PoisonTouch|DireClaw,CloseCombat,FakeOut,QuickGuard|Jolly||F|||50|]Sinistcha||KasibBerry|Hospitality|MatchaGotcha,RagePowder,LifeDew,Protect|Bold|||||50|]Espathra||SitrusBerry|SpeedBoost|LuminaCrash,BatonPass,CalmMind,Protect|Timid||M|||50|]Grimmsnarl||LightClay|Prankster|SpiritBreak,LightScreen,Reflect,PartingShot|Careful||M|||50|
|inactive|Battle timer is ON: inactive players will automatically lose when time's up. (requested by lucasmalt)
|
|t:|1785375207
|teamsize|p1|4
|teamsize|p2|4
|start
|switch|p1a: Excadrill|Excadrill, L50, F, shiny|100/100
|switch|p1b: Gholdengo|Gholdengo, L50|100/100
|switch|p2a: Garchomp|Garchomp, L50, F|100/100
|switch|p2b: Grimmsnarl|Grimmsnarl, L50, M|100/100
|turn|1
|inactive|lucasmalt has 30 seconds left.
|
|t:|1785375232
|switch|p1b: Milotic|Milotic, L50, M, shiny|100/100
|detailschange|p2a: Garchomp|Garchomp-Mega, L50, F
|-mega|p2a: Garchomp|Garchomp|Garchompite
|move|p2b: Grimmsnarl|Light Screen|p2b: Grimmsnarl
|-sidestart|p2: jjayy09|move: Light Screen
|move|p1a: Excadrill|Iron Head|p2b: Grimmsnarl
|-supereffective|p2b: Grimmsnarl|1
|-damage|p2b: Grimmsnarl|7/100
|move|p2a: Garchomp|Earth Power|p1b: Milotic
|-damage|p1b: Milotic|64/100
|
|upkeep
|turn|2
|inactive|lucasmalt has 30 seconds left.
|inactive|jjayy09 has 30 seconds left.
|
|t:|1785375260
|move|p2b: Grimmsnarl|Reflect|p2b: Grimmsnarl
|-sidestart|p2: jjayy09|Reflect
|move|p1a: Excadrill|Rock Slide|p2a: Garchomp|[spread] p2a,p2b
|-resisted|p2a: Garchomp|1
|-damage|p2a: Garchomp|94/100
|-damage|p2b: Grimmsnarl|0 fnt
|faint|p2b: Grimmsnarl
|move|p2a: Garchomp|Earth Power|p1a: Excadrill
|-supereffective|p1a: Excadrill|1
|-enditem|p1a: Excadrill|Focus Sash
|-damage|p1a: Excadrill|1/100
|move|p1b: Milotic|Ice Beam|p2a: Garchomp
|-supereffective|p2a: Garchomp|2
|-damage|p2a: Garchomp|34/100
|-status|p2a: Garchomp|frz
|
|upkeep
|
|t:|1785375277
|switch|p2b: Sinistcha|Sinistcha, L50|100/100
|-heal|p2a: Garchomp|59/100 frz|[from] ability: Hospitality|[of] p2b: Sinistcha
|turn|3
|
|t:|1785375291
|switch|p2a: Sneasler|Sneasler, L50, F|100/100
|move|p1a: Excadrill|Iron Head|p2b: Sinistcha
|-damage|p2b: Sinistcha|71/100
|move|p1b: Milotic|Ice Beam|p2a: Sneasler
|-damage|p2a: Sneasler|78/100
|move|p2b: Sinistcha|Matcha Gotcha|p1b: Milotic|[spread] p1a,p1b
|-supereffective|p1b: Milotic|1
|-damage|p1a: Excadrill|0 fnt
|-heal|p2b: Sinistcha|72/100|[from] drain|[of] p1a: Excadrill
|-damage|p1b: Milotic|27/100
|-heal|p2b: Sinistcha|93/100|[from] drain|[of] p1b: Milotic
|-enditem|p1b: Milotic|Sitrus Berry|[eat]
|-heal|p1b: Milotic|52/100|[from] item: Sitrus Berry
|faint|p1a: Excadrill
|
|upkeep
|
|t:|1785375305
|switch|p1a: Gholdengo|Gholdengo, L50|100/100
|turn|4
|
|t:|1785375318
|move|p1b: Milotic|Protect|p1b: Milotic
|-singleturn|p1b: Milotic|Protect
|move|p2a: Sneasler|Dire Claw|p1b: Milotic
|-activate|p1b: Milotic|move: Protect
|move|p1a: Gholdengo|Nasty Plot|p1a: Gholdengo
|-boost|p1a: Gholdengo|spa|2
|move|p2b: Sinistcha|Matcha Gotcha|p1b: Milotic|[spread] 
|-activate|p1b: Milotic|move: Protect
|-miss|p2b: Sinistcha|p1a: Gholdengo
|
|upkeep
|turn|5
|
|t:|1785375327
|move|p2a: Sneasler|Close Combat|p1b: Milotic
|-damage|p1b: Milotic|0 fnt
|-unboost|p2a: Sneasler|def|1
|-unboost|p2a: Sneasler|spd|1
|faint|p1b: Milotic
|move|p1a: Gholdengo|Shadow Ball|p2b: Sinistcha
|-supereffective|p2b: Sinistcha|1
|-enditem|p2b: Sinistcha|Kasib Berry|[eat]
|-enditem|p2b: Sinistcha|Kasib Berry|[weaken]
|-damage|p2b: Sinistcha|25/100
|-damage|p1a: Gholdengo|90/100|[from] item: Life Orb
|move|p2b: Sinistcha|Matcha Gotcha|p1a: Gholdengo|[miss]
|-miss|p2b: Sinistcha|p1a: Gholdengo
|
|upkeep
|
|t:|1785375338
|switch|p1b: Tyranitar|Tyranitar, L50, F, shiny|100/100
|-weather|Sandstorm|[from] ability: Sand Stream|[of] p1b: Tyranitar
|turn|6
|
|t:|1785375347
|move|p1b: Tyranitar|Protect|p1b: Tyranitar
|-singleturn|p1b: Tyranitar|Protect
|move|p2b: Sinistcha|Protect|p2b: Sinistcha
|-singleturn|p2b: Sinistcha|Protect
|move|p2a: Sneasler|Close Combat|p1b: Tyranitar
|-activate|p1b: Tyranitar|move: Protect
|move|p1a: Gholdengo|Make It Rain|p2b: Sinistcha|[spread] p2a
|-activate|p2b: Sinistcha|move: Protect
|-damage|p2a: Sneasler|0 fnt
|-unboost|p1a: Gholdengo|spa|2
|faint|p2a: Sneasler
|-damage|p1a: Gholdengo|81/100|[from] item: Life Orb
|
|-weather|Sandstorm|[upkeep]
|-damage|p2b: Sinistcha|19/100|[from] Sandstorm
|upkeep
|
|t:|1785375350
|switch|p2a: Garchomp|Garchomp-Mega, L50, F|59/100 frz
|turn|7
|
|t:|1785375360
|detailschange|p1b: Tyranitar|Tyranitar-Mega, L50, F, shiny
|-mega|p1b: Tyranitar|Tyranitar|Tyranitarite
|cant|p2a: Garchomp|frz
|move|p1a: Gholdengo|Make It Rain|p2b: Sinistcha|[spread] p2a,p2b
|-damage|p2a: Garchomp|23/100 frz
|-damage|p2b: Sinistcha|0 fnt
|-unboost|p1a: Gholdengo|spa|2
|faint|p2b: Sinistcha
|-damage|p1a: Gholdengo|71/100|[from] item: Life Orb
|move|p1b: Tyranitar|Low Kick|p2a: Garchomp
|-damage|p2a: Garchomp|6/100 frz
|
|-weather|Sandstorm|[upkeep]
|upkeep
|turn|8
|
|t:|1785375381
|move|p1a: Gholdengo|Shadow Ball|p2a: Garchomp
|-damage|p2a: Garchomp|0 fnt
|faint|p2a: Garchomp
|-damage|p1a: Gholdengo|62/100|[from] item: Life Orb
|
|win|lucasmalt
