|j|☆Passevgc
|j|☆monsoonisbest
|html|Passevgcmonsoonisbest    
|uhtml|bestof|Game 2 of a best-of-3
|t:|1783983398
|gametype|doubles
|player|p1|Passevgc|169|1236
|player|p2|monsoonisbest|102|1205
|gen|9
|tier|[Gen 9 Champions] VGC 2026 Reg M-B (Bo3)
|rated|
|rule|Species Clause: Limit one of each Pokémon
|rule|Item Clause: Limit 1 of each item
|clearpoke
|poke|p1|Charizard, L50, M|
|poke|p1|Venusaur, L50, F|
|poke|p1|Grimmsnarl, L50, M|
|poke|p1|Archaludon, L50, F|
|poke|p1|Pelipper, L50, M|
|poke|p1|Basculegion, L50, M|
|poke|p2|Gengar, L50, M|
|poke|p2|Incineroar, L50, F|
|poke|p2|Politoed, L50, M, shiny|
|poke|p2|Archaludon, L50, M|
|poke|p2|Vivillon, L50, M|
|poke|p2|Swampert, L50, F|
|teampreview|4
|showteam|p1|Charizard||CharizarditeY|Blaze|HeatWave,WeatherBall,Hurricane,Protect|Modest||M|||50|]Venusaur||Venusaurite|Chlorophyll|GigaDrain,SludgeBomb,EarthPower,SleepPowder|Modest||F|||50|]Grimmsnarl||LightClay|Prankster|SpiritBreak,PartingShot,Reflect,LightScreen|Careful||M|||50|]Archaludon||Leftovers|Stamina|ElectroShot,DragonPulse,FlashCannon,Protect|Modest||F|||50|]Pelipper||SitrusBerry|Drizzle|WeatherBall,Hurricane,Tailwind,Protect|Modest||M|||50|]Basculegion||ChoiceScarf|Adaptability|WaveCrash,FlipTurn,AquaJet,LastRespects|Jolly||M|||50|
|showteam|p2|Gengar||Gengarite|CursedBody|ShadowBall,SludgeBomb,PerishSong,Protect|Timid||M|||50|]Incineroar||PasshoBerry|Intimidate|PartingShot,DarkestLariat,Protect,FakeOut|Sassy||F|||50|]Politoed||SitrusBerry|Drizzle|WeatherBall,PerishSong,Encore,Protect|Calm||M|||50|]Archaludon||Leftovers|Stamina|DragonPulse,FlashCannon,ElectroShot,Protect|Bold||M|||50|]Vivillon||FocusSash|CompoundEyes|Hurricane,SleepPowder,RagePowder,Protect|Timid||M|||50|]Swampert||Swampertite|Torrent|WaveCrash,IcePunch,Earthquake,Protect|Adamant||F|||50|
|inactive|Battle timer is ON: inactive players will automatically lose when time's up. (requested by Passevgc)
|
|t:|1783983424
|teamsize|p1|4
|teamsize|p2|4
|start
|switch|p1a: Venusaur|Venusaur, L50, F|100/100
|switch|p1b: Grimmsnarl|Grimmsnarl, L50, M|100/100
|switch|p2a: Vivillon|Vivillon, L50, M|100/100
|switch|p2b: Politoed|Politoed, L50, M, shiny|100/100
|-weather|RainDance|[from] ability: Drizzle|[of] p2b: Politoed
|turn|1
|
|t:|1783983440
|detailschange|p1a: Venusaur|Venusaur-Mega, L50, F
|-mega|p1a: Venusaur|Venusaur|Venusaurite
|move|p1b: Grimmsnarl|Light Screen|p1b: Grimmsnarl
|-sidestart|p1: Passevgc|move: Light Screen
|move|p2a: Vivillon|Hurricane|p1a: Venusaur
|-supereffective|p1a: Venusaur|1
|-damage|p1a: Venusaur|52/100
|move|p1a: Venusaur|Giga Drain|p2b: Politoed
|-supereffective|p2b: Politoed|1
|-damage|p2b: Politoed|36/100
|-heal|p1a: Venusaur|87/100|[from] drain|[of] p2b: Politoed
|-enditem|p2b: Politoed|Sitrus Berry|[eat]
|-heal|p2b: Politoed|60/100|[from] item: Sitrus Berry
|move|p2b: Politoed|Encore|p1b: Grimmsnarl
|-start|p1b: Grimmsnarl|Encore
|
|-weather|RainDance|[upkeep]
|upkeep
|turn|2
|inactive|Passevgc has 30 seconds left.
|
|t:|1783983466
|switch|p2b: Incineroar|Incineroar, L50, F|100/100
|-ability|p2b: Incineroar|Intimidate|boost
|-unboost|p1a: Venusaur|atk|1
|-unboost|p1b: Grimmsnarl|atk|1
|switch|p1b: Archaludon|Archaludon, L50, F|100/100
|move|p2a: Vivillon|Hurricane|p1a: Venusaur
|-supereffective|p1a: Venusaur|1
|-damage|p1a: Venusaur|31/100
|-start|p1a: Venusaur|confusion
|-activate|p1a: Venusaur|confusion
|move|p1a: Venusaur|Sludge Bomb|p2a: Vivillon
|-damage|p2a: Vivillon|10/100
|
|-weather|RainDance|[upkeep]
|upkeep
|turn|3
|
|t:|1783983488
|switch|p1a: Grimmsnarl|Grimmsnarl, L50, M|100/100
|move|p2b: Incineroar|Fake Out|p1b: Archaludon
|-resisted|p1b: Archaludon|1
|-damage|p1b: Archaludon|95/100
|-ability|p1b: Archaludon|Stamina|boost
|-boost|p1b: Archaludon|def|1
|move|p2a: Vivillon|Hurricane|p1a: Grimmsnarl
|-damage|p1a: Grimmsnarl|72/100
|-start|p1a: Grimmsnarl|confusion
|cant|p1b: Archaludon|flinch
|
|-weather|RainDance|[upkeep]
|-heal|p1b: Archaludon|100/100|[from] item: Leftovers
|upkeep
|turn|4
|
|t:|1783983504
|switch|p2a: Gengar|Gengar, L50, M|100/100
|-activate|p1a: Grimmsnarl|confusion
|move|p1a: Grimmsnarl|Reflect|p1a: Grimmsnarl
|-sidestart|p1: Passevgc|Reflect
|move|p1b: Archaludon|Electro Shot||[still]
|-prepare|p1b: Archaludon|Electro Shot
|-boost|p1b: Archaludon|spa|1
|-anim|p1b: Archaludon|Electro Shot|p2a: Gengar
|-damage|p2a: Gengar|13/100
|move|p2b: Incineroar|Parting Shot|p1b: Archaludon
|-unboost|p1b: Archaludon|atk|1
|-unboost|p1b: Archaludon|spa|1
|
|t:|1783983510
|switch|p2b: Vivillon|Vivillon, L50, M|10/100|[from] Parting Shot
|
|-weather|RainDance|[upkeep]
|upkeep
|turn|5
|
|t:|1783983524
|detailschange|p2a: Gengar|Gengar-Mega, L50, M
|-mega|p2a: Gengar|Gengar|Gengarite
|move|p2b: Vivillon|Rage Powder|p2b: Vivillon
|-singleturn|p2b: Vivillon|move: Rage Powder
|move|p2a: Gengar|Perish Song|p2a: Gengar
|-start|p1a: Grimmsnarl|perish3|[silent]
|-start|p1b: Archaludon|perish3|[silent]
|-start|p2a: Gengar|perish3|[silent]
|-start|p2b: Vivillon|perish3|[silent]
|-fieldactivate|move: Perish Song
|move|p1b: Archaludon|Electro Shot||[still]
|-prepare|p1b: Archaludon|Electro Shot
|-boost|p1b: Archaludon|spa|1
|-anim|p1b: Archaludon|Electro Shot|p2b: Vivillon
|-supereffective|p2b: Vivillon|1
|-damage|p2b: Vivillon|0 fnt
|faint|p2b: Vivillon
|-end|p1a: Grimmsnarl|confusion
|move|p1a: Grimmsnarl|Spirit Break|p2a: Gengar
|-resisted|p2a: Gengar|1
|-damage|p2a: Gengar|0 fnt
|faint|p2a: Gengar
|
|-weather|none
|-start|p1b: Archaludon|perish3
|-start|p1a: Grimmsnarl|perish3
|upkeep
|-message|monsoonisbest forfeited.
|
|win|Passevgc
|raw|Passevgc's rating: 1236 → 1259(+23 for winning)
|raw|monsoonisbest's rating: 1205 → 1182(-23 for losing)
