|j|☆kojay
|j|☆Tzavellas
|html|kojayTzavellas    
|uhtml|bestof|Game 3 of a best-of-3
|t:|1756824867
|gametype|doubles
|player|p1|kojay|kamado-armor|1080
|player|p2|Tzavellas|169|1033
|gen|9
|tier|[Gen 9] VGC 2025 Reg H (Bo3)
|rated|
|rule|Species Clause: Limit one of each Pokémon
|rule|Item Clause: Limit 1 of each item
|clearpoke
|poke|p1|Garchomp, L50, M|
|poke|p1|Sneasler, L50, M|
|poke|p1|Incineroar, L50, M|
|poke|p1|Dragonite, L50, F|
|poke|p1|Gholdengo, L50|
|poke|p1|Vivillon, L50, M|
|poke|p2|Tyranitar, L50, M|
|poke|p2|Garchomp, L50, F|
|poke|p2|Arcanine-Hisui, L50, F|
|poke|p2|Excadrill, L50, M|
|poke|p2|Orthworm, L50, M|
|poke|p2|Corviknight, L50, F|
|teampreview|4
|showteam|p1|Garchomp||LifeOrb|RoughSkin|Earthquake,DragonClaw,StompingTantrum,Protect|||M|||50|,,,,,Ground]Sneasler||WhiteHerb|Unburden|Coaching,Protect,DireClaw,CloseCombat|||M|||50|,,,,,Ghost]Incineroar||SafetyGoggles|Intimidate|FakeOut,FlareBlitz,KnockOff,PartingShot|||M|||50|,,,,,Ghost]Dragonite||LoadedDice|InnerFocus|TeraBlast,ScaleShot,Tailwind,Protect|||F|||50|,,,,,Flying]Gholdengo||ChoiceScarf|GoodasGold|MakeItRain,ShadowBall,Trick,Thunderbolt||||||50|,,,,,Steel]Vivillon||FocusSash|CompoundEyes|Hurricane,SleepPowder,RagePowder,Protect|||M|||50|,,,,,Ghost
|showteam|p2|Tyranitar||AssaultVest|SandStream|KnockOff,RockSlide,TeraBlast,LowKick|||M|||50|,,,,,Flying]Garchomp||FocusSash|SandVeil|Earthquake,RockSlide,SwordsDance,DragonClaw|||F|||50|,,,,,Dragon]Arcanine-Hisui||ChoiceBand|Intimidate|FlareBlitz,RockSlide,ExtremeSpeed,CloseCombat|||F|||50|,,,,,Water]Excadrill||LifeOrb|SandRush|Earthquake,RockSlide,Protect,IronHead|||M|||50|,,,,,Stellar]Orthworm||SitrusBerry|EarthEater|BodyPress,IronDefense,ShedTail,HeavySlam|||M|||50|,,,,,Fairy]Corviknight||Leftovers|MirrorArmor|BodyPress,IronDefense,Tailwind,TeraBlast|||F|||50|,,,,,Stellar
|inactive|Battle timer is ON: inactive players will automatically lose when time's up. (requested by Tzavellas)
|inactive|kojay has 60 seconds left.
|
|t:|1756824907
|teamsize|p1|4
|teamsize|p2|4
|start
|switch|p1a: Dalinar|Incineroar, L50, M, shiny|100/100
|switch|p1b: Sneasler|Sneasler, L50, M|100/100
|switch|p2a: Tyranitar|Tyranitar, L50, M|100/100
|switch|p2b: Garchomp|Garchomp, L50, F|100/100
|-ability|p1a: Dalinar|Intimidate|boost
|-unboost|p2a: Tyranitar|atk|1
|-unboost|p2b: Garchomp|atk|1
|-weather|Sandstorm|[from] ability: Sand Stream|[of] p2a: Tyranitar
|turn|1
|
|t:|1756824932
|-terastallize|p2a: Tyranitar|Flying
|move|p1b: Sneasler|Protect|p1b: Sneasler
|-singleturn|p1b: Sneasler|Protect
|move|p1a: Dalinar|Fake Out|p2b: Garchomp|[miss]
|-miss|p1a: Dalinar|p2b: Garchomp
|move|p2b: Garchomp|Swords Dance|p2b: Garchomp
|-boost|p2b: Garchomp|atk|2
|move|p2a: Tyranitar|Tera Blast|p1b: Sneasler|[anim] Tera Blast Flying
|-activate|p1b: Sneasler|move: Protect
|
|-weather|Sandstorm|[upkeep]
|-damage|p1b: Sneasler|95/100|[from] Sandstorm
|-damage|p2a: Tyranitar|95/100|[from] Sandstorm
|upkeep
|turn|2
|inactive|kojay has 30 seconds left.
|
|t:|1756824961
|-terastallize|p1a: Dalinar|Ghost
|move|p1b: Sneasler|Close Combat|p2b: Garchomp
|-crit|p2b: Garchomp
|-enditem|p2b: Garchomp|Focus Sash
|-damage|p2b: Garchomp|1/100
|-unboost|p1b: Sneasler|def|1
|-unboost|p1b: Sneasler|spd|1
|-enditem|p1b: Sneasler|White Herb
|-clearnegativeboost|p1b: Sneasler|[silent]
|move|p2b: Garchomp|Earthquake|p1a: Dalinar|[spread] p1a,p1b
|-immune|p2a: Tyranitar
|-supereffective|p1b: Sneasler
|-damage|p1a: Dalinar|46/100
|-damage|p1b: Sneasler|0 fnt
|faint|p1b: Sneasler
|move|p1a: Dalinar|Knock Off|p2b: Garchomp
|-damage|p2b: Garchomp|0 fnt
|faint|p2b: Garchomp
|move|p2a: Tyranitar|Tera Blast|p1a: Dalinar|[anim] Tera Blast Flying
|-damage|p1a: Dalinar|17/100
|
|-weather|Sandstorm|[upkeep]
|-damage|p2a: Tyranitar|89/100|[from] Sandstorm
|upkeep
|inactive|kojay has 30 seconds left.
|inactive|Tzavellas has 30 seconds left.
|inactive|Tzavellas has 20 seconds left.
|
|t:|1756824998
|switch|p1b: Kaladin|Garchomp, L50, M, shiny|100/100
|switch|p2b: Arcanine|Arcanine-Hisui, L50, F|100/100
|-ability|p2b: Arcanine|Intimidate|boost
|-unboost|p1a: Dalinar|atk|1
|-unboost|p1b: Kaladin|atk|1
|turn|3
|inactive|kojay has 30 seconds left.
|
|t:|1756825028
|move|p2b: Arcanine|Extreme Speed|p1b: Kaladin
|-damage|p1b: Kaladin|61/100
|-damage|p2b: Arcanine|88/100|[from] ability: Rough Skin|[of] p1b: Kaladin
|move|p1b: Kaladin|Stomping Tantrum|p2b: Arcanine
|-supereffective|p2b: Arcanine
|-damage|p2b: Arcanine|0 fnt
|faint|p2b: Arcanine
|-damage|p1b: Kaladin|51/100|[from] item: Life Orb
|move|p1a: Dalinar|Knock Off|p2a: Tyranitar
|-damage|p2a: Tyranitar|62/100
|-enditem|p2a: Tyranitar|Assault Vest|[from] move: Knock Off|[of] p1a: Dalinar
|move|p2a: Tyranitar|Knock Off|p1a: Dalinar
|-supereffective|p1a: Dalinar
|-damage|p1a: Dalinar|0 fnt
|-enditem|p1a: Dalinar|Safety Goggles|[from] move: Knock Off|[of] p2a: Tyranitar
|faint|p1a: Dalinar
|
|-weather|Sandstorm|[upkeep]
|-damage|p2a: Tyranitar|56/100|[from] Sandstorm
|upkeep
|
|t:|1756825043
|switch|p2b: Excadrill|Excadrill, L50, M|100/100
|switch|p1a: Gholdengo|Gholdengo, L50|100/100
|turn|4
|inactive|kojay has 30 seconds left.
|inactive|kojay has 20 seconds left.
|
|t:|1756825082
|move|p2b: Excadrill|Iron Head|p1b: Kaladin
|-damage|p1b: Kaladin|0 fnt
|-damage|p2b: Excadrill|88/100|[from] ability: Rough Skin|[of] p1b: Kaladin
|faint|p1b: Kaladin
|-damage|p2b: Excadrill|79/100|[from] item: Life Orb
|move|p1a: Gholdengo|Thunderbolt|p2a: Tyranitar
|-supereffective|p2a: Tyranitar
|-damage|p2a: Tyranitar|0 fnt
|faint|p2a: Tyranitar
|
|-weather|Sandstorm|[upkeep]
|upkeep
|turn|5
|-message|kojay forfeited.
|
|win|Tzavellas
|raw|kojay's rating: 1080 → 1055(-25 for losing)
|raw|Tzavellas's rating: 1033 → 1073(+40 for winning)
