|j|☆lordgaming
|j|☆LelloCartello
|html|lordgamingLelloCartello    
|uhtml|bestof|Game 1 of a best-of-3
|t:|1782546794
|gametype|doubles
|player|p1|lordgaming|102|1157
|player|p2|LelloCartello|zinnia|1062
|gen|9
|tier|[Gen 9 Champions] VGC 2026 Reg M-B (Bo3)
|rated|
|rule|Species Clause: Limit one of each Pokémon
|rule|Item Clause: Limit 1 of each item
|clearpoke
|poke|p1|Floette-Eternal, L50, F|
|poke|p1|Charizard, L50, M|
|poke|p1|Whimsicott, L50, M|
|poke|p1|Garchomp, L50, M|
|poke|p1|Basculegion, L50, M|
|poke|p1|Kingambit, L50, F|
|poke|p2|Raichu, L50, M|
|poke|p2|Incineroar, L50, M|
|poke|p2|Sinistcha, L50|
|poke|p2|Milotic, L50, F|
|poke|p2|Ceruledge, L50, F|
|poke|p2|Floette-Eternal, L50, F|
|teampreview|4
|showteam|p1|Floette-Eternal||Floettite|FlowerVeil|Moonblast,DazzlingGleam,LightofRuin,Protect|Modest||F|||50|]Charizard||CharizarditeY|Blaze|HeatWave,WeatherBall,SolarBeam,Protect|Modest||M|||50|]Whimsicott||FocusSash|Prankster|Moonblast,Encore,Tailwind,Protect|Timid||M|||50|]Garchomp||LifeOrb|RoughSkin|DragonClaw,StompingTantrum,PoisonJab,RockSlide|Jolly||M|||50|]Basculegion||MysticWater|Adaptability|WaveCrash,LastRespects,AquaJet,Protect|Adamant||M|||50|]Kingambit||OccaBerry|Defiant|KowtowCleave,IronHead,SuckerPunch,Protect|Adamant||F|||50|
|showteam|p2|Raichu||RaichuniteY|LightningRod|FakeOut,ZapCannon,FocusBlast,Protect|Timid||M|||50|]Incineroar||SitrusBerry|Intimidate|FakeOut,FlareBlitz,ThroatChop,PartingShot|Impish||M|||50|]Sinistcha||KasibBerry|Hospitality|MatchaGotcha,LifeDew,RagePowder,Protect|Relaxed|||||50|]Milotic||Leftovers|Competitive|MuddyWater,Coil,Hypnosis,Protect|Calm||F|||50|]Ceruledge||ColburBerry|FlashFire|Protect,BitterBlade,ShadowSneak,BulkUp|Adamant||F|||50|]Floette-Eternal||Floettite|FlowerVeil|DazzlingGleam,DrainingKiss,CalmMind,Protect|Timid||F|||50|
|inactive|Battle timer is ON: inactive players will automatically lose when time's up. (requested by LelloCartello)
|inactive|LelloCartello has 60 seconds left.
|
|t:|1782546828
|teamsize|p1|4
|teamsize|p2|4
|start
|switch|p1a: Whimsicott|Whimsicott, L50, M|100/100
|switch|p1b: Floette|Floette-Eternal, L50, F|100/100
|switch|p2a: Ceruledge|Ceruledge, L50, F|100/100
|switch|p2b: Incineroar|Incineroar, L50, M|100/100
|-ability|p2b: Incineroar|Intimidate|boost
|-block|p1a: Whimsicott|ability: Flower Veil|[of] p1b: Floette
|-unboost|p1b: Floette|atk|1
|turn|1
|inactive|lordgaming has 30 seconds left.
|
|t:|1782546856
|switch|p2b: Raichu|Raichu, L50, M|100/100
|detailschange|p1b: Floette|Floette-Mega, L50, F
|-mega|p1b: Floette|Floette|Floettite
|-ability|p1b: Floette|Fairy Aura
|move|p1a: Whimsicott|Tailwind|p1a: Whimsicott
|-sidestart|p1: lordgaming|move: Tailwind
|move|p1b: Floette|Dazzling Gleam|p2b: Raichu|[spread] p2a,p2b
|-resisted|p2a: Ceruledge|1
|-damage|p2a: Ceruledge|77/100
|-damage|p2b: Raichu|32/100
|move|p2a: Ceruledge|Bitter Blade|p1a: Whimsicott
|-supereffective|p1a: Whimsicott|1
|-enditem|p1a: Whimsicott|Focus Sash
|-damage|p1a: Whimsicott|1/100
|-heal|p2a: Ceruledge|100/100|[from] drain|[of] p1a: Whimsicott
|
|upkeep
|turn|2
|inactive|LelloCartello has 30 seconds left.
|
|t:|1782546884
|switch|p2b: Incineroar|Incineroar, L50, M|100/100
|-ability|p2b: Incineroar|Intimidate|boost
|-unboost|p1a: Whimsicott|atk|1
|-unboost|p1b: Floette|atk|1
|move|p1a: Whimsicott|Protect|p1a: Whimsicott
|-singleturn|p1a: Whimsicott|Protect
|move|p1b: Floette|Dazzling Gleam|p2a: Ceruledge|[spread] p2a,p2b
|-resisted|p2a: Ceruledge|1
|-crit|p2a: Ceruledge
|-damage|p2a: Ceruledge|64/100
|-damage|p2b: Incineroar|58/100
|move|p2a: Ceruledge|Bulk Up|p2a: Ceruledge
|-boost|p2a: Ceruledge|atk|1
|-boost|p2a: Ceruledge|def|1
|
|upkeep
|turn|3
|
|t:|1782546905
|switch|p1a: Garchomp|Garchomp, L50, M|100/100
|move|p2b: Incineroar|Fake Out|p1a: Garchomp
|-damage|p1a: Garchomp|89/100
|-damage|p2b: Incineroar|46/100|[from] ability: Rough Skin|[of] p1a: Garchomp
|-enditem|p2b: Incineroar|Sitrus Berry|[eat]
|-heal|p2b: Incineroar|70/100|[from] item: Sitrus Berry
|move|p1b: Floette|Dazzling Gleam|p2a: Ceruledge|[spread] p2a,p2b
|-resisted|p2a: Ceruledge|1
|-damage|p2a: Ceruledge|41/100
|-damage|p2b: Incineroar|27/100
|move|p2a: Ceruledge|Bitter Blade|p1b: Floette
|-damage|p1b: Floette|15/100
|-heal|p2a: Ceruledge|77/100|[from] drain|[of] p1b: Floette
|
|upkeep
|turn|4
|inactive|LelloCartello has 30 seconds left.
|inactive|LelloCartello has 20 seconds left.
|inactive|LelloCartello has 15 seconds left.
|inactive|LelloCartello has 10 seconds left.
|inactive|LelloCartello has 5 seconds left.
|
|t:|1782546957
|switch|p2b: Sinistcha|Sinistcha, L50|100/100
|-heal|p2a: Ceruledge|100/100|[from] ability: Hospitality|[of] p2b: Sinistcha
|move|p2a: Ceruledge|Shadow Sneak|p1b: Floette
|-damage|p1b: Floette|0 fnt
|faint|p1b: Floette
|move|p1a: Garchomp|Stomping Tantrum|p2a: Ceruledge
|-supereffective|p2a: Ceruledge|1
|-damage|p2a: Ceruledge|20/100y
|-damage|p1a: Garchomp|79/100|[from] item: Life Orb
|
|-sideend|p1: lordgaming|move: Tailwind
|upkeep
|l|☆lordgaming
|inactive|lordgaming disconnected and has a minute to reconnect!
|player|p1|
|j|☆lordgaming
|inactive|lordgaming reconnected and has 40 seconds left.
|player|p1|lordgaming|102|
|inactive|lordgaming has 30 seconds left.
|
|t:|1782546986
|switch|p1b: Basculegion|Basculegion, L50, M|100/100
|turn|5
|inactive|lordgaming has 30 seconds left.
|
|t:|1782547016
|move|p2a: Ceruledge|Shadow Sneak|p1b: Basculegion
|-supereffective|p1b: Basculegion|1
|-damage|p1b: Basculegion|26/100
|move|p1a: Garchomp|Stomping Tantrum|p2a: Ceruledge
|-supereffective|p2a: Ceruledge|1
|-damage|p2a: Ceruledge|0 fnt
|faint|p2a: Ceruledge
|-damage|p1a: Garchomp|69/100|[from] item: Life Orb
|move|p1b: Basculegion|Last Respects|p2b: Sinistcha
|-supereffective|p2b: Sinistcha|1
|-enditem|p2b: Sinistcha|Kasib Berry|[eat]
|-enditem|p2b: Sinistcha|Kasib Berry|[weaken]
|-damage|p2b: Sinistcha|44/100
|move|p2b: Sinistcha|Matcha Gotcha|p1b: Basculegion|[spread] p1a,p1b
|-supereffective|p1b: Basculegion|1
|-damage|p1a: Garchomp|44/100
|-heal|p2b: Sinistcha|57/100|[from] drain|[of] p1a: Garchomp
|-damage|p1b: Basculegion|0 fnt
|-heal|p2b: Sinistcha|73/100|[from] drain|[of] p1b: Basculegion
|faint|p1b: Basculegion
|
|upkeep
|
|t:|1782547039
|switch|p1b: Whimsicott|Whimsicott, L50, M|1/100
|switch|p2a: Incineroar|Incineroar, L50, M|27/100
|-ability|p2a: Incineroar|Intimidate|boost
|-unboost|p1a: Garchomp|atk|1
|-unboost|p1b: Whimsicott|atk|1
|turn|6
|
|t:|1782547048
|move|p2a: Incineroar|Fake Out|p1a: Garchomp
|-damage|p1a: Garchomp|34/100
|-damage|p2a: Incineroar|15/100|[from] ability: Rough Skin|[of] p1a: Garchomp
|move|p1b: Whimsicott|Moonblast|p2b: Sinistcha
|-damage|p2b: Sinistcha|41/100
|cant|p1a: Garchomp|flinch
|move|p2b: Sinistcha|Matcha Gotcha|p1b: Whimsicott|[spread] p1a,p1b
|-resisted|p1b: Whimsicott|1
|-damage|p1a: Garchomp|7/100
|-heal|p2b: Sinistcha|55/100|[from] drain|[of] p1a: Garchomp
|-damage|p1b: Whimsicott|0 fnt
|-heal|p2b: Sinistcha|56/100|[from] drain|[of] p1b: Whimsicott
|faint|p1b: Whimsicott
|
|upkeep
|turn|7
|
|t:|1782547072
|move|p1a: Garchomp|Rock Slide|p2b: Sinistcha|[spread] p2a,p2b
|-supereffective|p2a: Incineroar|1
|-damage|p2a: Incineroar|0 fnt
|-damage|p2b: Sinistcha|42/100
|faint|p2a: Incineroar
|-damage|p1a: Garchomp|0 fnt|[from] item: Life Orb
|faint|p1a: Garchomp
|
|win|LelloCartello
|l|☆LelloCartello
|player|p2|
||LelloCartello is ready for game 2.
|l|☆lordgaming
|player|p1|
||lordgaming is ready for game 2.
|uhtml|next|Next: Game 2 of 3
|j|☆LelloCartello
|player|p2|LelloCartello|zinnia|
