|j|☆JAIQI7
|j|☆Nachorg14
|html|JAIQI7Nachorg14    
|uhtml|bestof|Game 1 of a best-of-3
|t:|1785515034
|gametype|doubles
|player|p1|JAIQI7|lady|1236
|player|p2|Nachorg14|101|1263
|gen|9
|tier|[Gen 9 Champions] VGC 2026 Reg M-B (Bo3)
|rated|
|rule|Species Clause: Limit one of each Pokémon
|rule|Item Clause: Limit 1 of each item
|clearpoke
|poke|p1|Floette-Eternal, L50, F|
|poke|p1|Sneasler, L50, F|
|poke|p1|Sinistcha, L50|
|poke|p1|Incineroar, L50, M|
|poke|p1|Milotic, L50, M|
|poke|p1|Delphox, L50, F|
|poke|p2|Whimsicott, L50, F|
|poke|p2|Sylveon, L50, M|
|poke|p2|Kingambit, L50, M|
|poke|p2|Charizard, L50, M|
|poke|p2|Basculegion, L50, M|
|poke|p2|Garchomp, L50, F|
|teampreview|4
|showteam|p1|Floette-Eternal||Floettite|FlowerVeil|Protect,Moonblast,DazzlingGleam,CalmMind|Modest||F|||50|]Sneasler||FocusSash|Unburden|DireClaw,FakeOut,CloseCombat,QuickGuard|Jolly||F|||50|]Sinistcha||KasibBerry|Hospitality|MatchaGotcha,Protect,RagePowder,LifeDew|Bold|||||50|]Incineroar||SitrusBerry|Intimidate|FlareBlitz,FakeOut,DarkestLariat,PartingShot|Careful||M|||50|]Milotic||Leftovers|Competitive|MuddyWater,Hypnosis,Coil,Protect|Calm||M|||50|]Delphox||Delphoxite|Blaze|HeatWave,Protect,Psychic,NastyPlot|Timid||F|||50|
|showteam|p2|Whimsicott||FocusSash|Prankster|Protect,Encore,Tailwind,Moonblast|Timid||F|||50|]Sylveon||FairyFeather|Pixilate|HyperBeam,HyperVoice,Detect,QuickAttack|Modest||M|||50|]Kingambit||ChopleBerry|Defiant|KowtowCleave,SuckerPunch,IronHead,LowKick|Adamant||M|||50|]Charizard||CharizarditeY|Blaze|WeatherBall,HeatWave,Protect,SolarBeam|Modest||M|||50|]Basculegion||MysticWater|Adaptability|LastRespects,AquaJet,Protect,WaveCrash|Adamant||M|||50|]Garchomp||LifeOrb|RoughSkin|Protect,Earthquake,DragonClaw,RockSlide|Jolly||F|||50|
|inactive|Battle timer is ON: inactive players will automatically lose when time's up. (requested by Nachorg14)
|
|t:|1785515065
|teamsize|p1|4
|teamsize|p2|4
|start
|switch|p1a: Incineroar|Incineroar, L50, M|100/100
|switch|p1b: Floette|Floette-Eternal, L50, F|100/100
|switch|p2a: Sra.Fidelia|Whimsicott, L50, F|100/100
|switch|p2b: El Bicho|Kingambit, L50, M|100/100
|-ability|p1a: Incineroar|Intimidate|boost
|-unboost|p2a: Sra.Fidelia|atk|1
|-unboost|p2b: El Bicho|atk|1
|-ability|p2b: El Bicho|Defiant|boost
|-boost|p2b: El Bicho|atk|2
|turn|1
|
|t:|1785515080
|detailschange|p1b: Floette|Floette-Mega, L50, F
|-mega|p1b: Floette|Floette|Floettite
|-ability|p1b: Floette|Fairy Aura
|move|p1a: Incineroar|Fake Out|p2b: El Bicho
|-resisted|p2b: El Bicho|1
|-damage|p2b: El Bicho|96/100
|move|p2a: Sra.Fidelia|Tailwind|p2a: Sra.Fidelia
|-sidestart|p2: Nachorg14|move: Tailwind
|move|p1b: Floette|Dazzling Gleam|p2b: El Bicho|[spread] p2a,p2b
|-damage|p2a: Sra.Fidelia|28/100
|-damage|p2b: El Bicho|57/100
|cant|p2b: El Bicho|flinch
|
|upkeep
|turn|2
|
|t:|1785515100
|switch|p1b: Milotic|Milotic, L50, M|100/100
|move|p2a: Sra.Fidelia|Protect|p2a: Sra.Fidelia
|-singleturn|p2a: Sra.Fidelia|Protect
|move|p2b: El Bicho|Iron Head|p1b: Milotic
|-resisted|p1b: Milotic|1
|-damage|p1b: Milotic|72/100
|move|p1a: Incineroar|Flare Blitz|p2b: El Bicho
|-supereffective|p2b: El Bicho|1
|-damage|p2b: El Bicho|0 fnt
|faint|p2b: El Bicho
|-damage|p1a: Incineroar|80/100|[from] Recoil
|
|-heal|p1b: Milotic|78/100|[from] item: Leftovers
|upkeep
|
|t:|1785515113
|switch|p2b: Pidaña|Basculegion, L50, M|100/100
|turn|3
|
|t:|1785515135
|switch|p1a: Sneasler|Sneasler, L50, F|100/100
|move|p2a: Sra.Fidelia|Moonblast|p1b: Milotic
|-damage|p1b: Milotic|55/100
|move|p2b: Pidaña|Wave Crash|p1a: Sneasler
|-enditem|p1a: Sneasler|Focus Sash
|-damage|p1a: Sneasler|1/100
|-damage|p2b: Pidaña|73/100|[from] Recoil
|move|p1b: Milotic|Hypnosis|p2b: Pidaña|[miss]
|-miss|p1b: Milotic|p2b: Pidaña
|
|-heal|p1b: Milotic|61/100|[from] item: Leftovers
|upkeep
|turn|4
|inactive|JAIQI7 has 30 seconds left.
|inactive|JAIQI7 has 20 seconds left.
|
|t:|1785515173
|move|p2a: Sra.Fidelia|Protect|p2a: Sra.Fidelia
|-singleturn|p2a: Sra.Fidelia|Protect
|move|p1a: Sneasler|Quick Guard|p1a: Sneasler
|-singleturn|p1a: Sneasler|Quick Guard
|move|p2b: Pidaña|Aqua Jet|p1a: Sneasler
|-activate|p1a: Sneasler|move: Quick Guard
|move|p1b: Milotic|Hypnosis|p2b: Pidaña
|-status|p2b: Pidaña|slp|[from] move: Hypnosis
|
|-heal|p1b: Milotic|67/100|[from] item: Leftovers
|-sideend|p2: Nachorg14|move: Tailwind
|upkeep
|turn|5
|
|t:|1785515188
|move|p2a: Sra.Fidelia|Tailwind|p2a: Sra.Fidelia
|-sidestart|p2: Nachorg14|move: Tailwind
|cant|p2b: Pidaña|slp
|move|p1a: Sneasler|Dire Claw|p2a: Sra.Fidelia
|-supereffective|p2a: Sra.Fidelia|2
|-damage|p2a: Sra.Fidelia|0 fnt
|faint|p2a: Sra.Fidelia
|move|p1b: Milotic|Coil|p1b: Milotic
|-boost|p1b: Milotic|atk|1
|-boost|p1b: Milotic|def|1
|-boost|p1b: Milotic|accuracy|1
|
|-heal|p1b: Milotic|73/100|[from] item: Leftovers
|upkeep
|
|t:|1785515199
|switch|p2a: Cheeto|Charizard, L50, M|100/100
|turn|6
|
|t:|1785515211
|detailschange|p2a: Cheeto|Charizard-Mega-Y, L50, M
|-mega|p2a: Cheeto|Charizard|Charizardite Y
|-weather|SunnyDay|[from] ability: Drought|[of] p2a: Cheeto
|move|p1a: Sneasler|Dire Claw|p2a: Cheeto
|-damage|p2a: Cheeto|56/100
|-status|p2a: Cheeto|par
|-curestatus|p2b: Pidaña|slp|[msg]
|move|p2b: Pidaña|Last Respects|p1b: Milotic
|-crit|p1b: Milotic
|-damage|p1b: Milotic|0 fnt
|faint|p1b: Milotic
|move|p2a: Cheeto|Heat Wave|p1a: Sneasler
|-damage|p1a: Sneasler|0 fnt
|faint|p1a: Sneasler
|
|-weather|SunnyDay|[upkeep]
|upkeep
|
|t:|1785515223
|switch|p1a: Incineroar|Incineroar, L50, M|80/100
|switch|p1b: Floette|Floette-Mega, L50, F|100/100
|-ability|p1b: Floette|Fairy Aura
|-ability|p1a: Incineroar|Intimidate|boost
|-unboost|p2a: Cheeto|atk|1
|-unboost|p2b: Pidaña|atk|1
|turn|7
|
|t:|1785515237
|move|p2b: Pidaña|Last Respects|p1b: Floette
|-damage|p1b: Floette|29/100
|move|p1b: Floette|Dazzling Gleam|p2b: Pidaña|[spread] p2a,p2b
|-resisted|p2a: Cheeto|1
|-damage|p2a: Cheeto|37/100 par
|-damage|p2b: Pidaña|24/100
|move|p2a: Cheeto|Weather Ball|p1b: Floette
|-damage|p1b: Floette|0 fnt
|faint|p1b: Floette
|move|p1a: Incineroar|Darkest Lariat|p2b: Pidaña
|-supereffective|p2b: Pidaña|1
|-damage|p2b: Pidaña|0 fnt
|faint|p2b: Pidaña
|
|-weather|SunnyDay|[upkeep]
|upkeep
|turn|8
|
|t:|1785515252
|move|p2a: Cheeto|Weather Ball|p1a: Incineroar
|-resisted|p1a: Incineroar|1
|-damage|p1a: Incineroar|48/100
|-enditem|p1a: Incineroar|Sitrus Berry|[eat]
|-heal|p1a: Incineroar|72/100|[from] item: Sitrus Berry
|move|p1a: Incineroar|Darkest Lariat|p2a: Cheeto
|-damage|p2a: Cheeto|6/100 par
|
|-weather|SunnyDay|[upkeep]
|-sideend|p2: Nachorg14|move: Tailwind
|upkeep
|turn|9
|
|t:|1785515263
|move|p1a: Incineroar|Darkest Lariat|p2a: Cheeto
|-damage|p2a: Cheeto|0 fnt
|faint|p2a: Cheeto
|
|win|JAIQI7
|l|☆Nachorg14
|player|p2|
||Nachorg14 is ready for game 2.
||JAIQI7 is ready for game 2.
|uhtml|next|Next: Game 2 of 3
