|j|☆hide on whimsicott
|j|☆LuckGalicia
|html|hide on whimsicottLuckGalicia    
|uhtml|bestof|Game 2 of a best-of-3
|t:|1782662117
|gametype|doubles
|player|p1|hide on whimsicott|artist-gen4|1040
|player|p2|LuckGalicia|aaron|1159
|gen|9
|tier|[Gen 9 Champions] VGC 2026 Reg M-B (Bo3)
|rated|
|rule|Species Clause: Limit one of each Pokémon
|rule|Item Clause: Limit 1 of each item
|clearpoke
|poke|p1|Gardevoir, L50, F|
|poke|p1|Basculegion, L50, M|
|poke|p1|Pelipper, L50, M|
|poke|p1|Archaludon, L50, M|
|poke|p1|Maushold-Four, L50|
|poke|p1|Swampert, L50, F|
|poke|p2|Staraptor, L50, M, shiny|
|poke|p2|Liepard, L50, F|
|poke|p2|Sinistcha, L50|
|poke|p2|Sableye, L50, F|
|poke|p2|Grimmsnarl, L50, M|
|poke|p2|Scizor, L50, F|
|teampreview|4
|showteam|p1|Gardevoir||Gardevoirite|Trace|Psyshock,HyperVoice,Protect,TrickRoom|Modest||F|||50|]Basculegion||ChoiceScarf|Adaptability|LastRespects,WaveCrash,PsychicFangs,FlipTurn|Adamant||M|||50|]Pelipper||SitrusBerry|Drizzle|Hurricane,Tailwind,WeatherBall,RainDance|Bold||M|||50|]Archaludon||Leftovers|Stamina|ElectroShot,DragonPulse,FlashCannon,Protect|Modest||M|||50|]Maushold-Four||FocusSash|FriendGuard|Feint,SuperFang,Protect,FollowMe|Jolly|||||50|]Swampert||Swampertite|Torrent|IcePunch,HighHorsepower,WaveCrash,Protect|Adamant||F|||50|
|showteam|p2|Staraptor||Staraptite|Intimidate|CloseCombat,DualWingbeat,Roost,Protect|Adamant||M|||50|]Liepard||FocusSash|Prankster|FakeOut,ThunderWave,Charm,FakeTears|Careful||F|||50|]Sinistcha||Leftovers|Hospitality|MatchaGotcha,StrengthSap,RagePowder,Hex|Bold|||||50|]Sableye||MentalHerb|Prankster|Disable,Encore,SunnyDay,WillOWisp|Impish||F|||50|]Grimmsnarl||LightClay|Prankster|LightScreen,Reflect,ScaryFace,FakeTears|Careful||M|||50|]Scizor||KingsRock|Technician|BulletPunch,KnockOff,Uturn,Protect|Adamant||F|||50|
|inactive|Battle timer is ON: inactive players will automatically lose when time's up. (requested by LuckGalicia)
|inactive|hide on whimsicott also wants the timer to be on.
|
|t:|1782662137
|teamsize|p1|4
|teamsize|p2|4
|start
|switch|p1a: Gardevoir|Gardevoir, L50, F|100/100
|switch|p1b: Maushold|Maushold-Four, L50|100/100
|switch|p2a: Staraptor|Staraptor, L50, M, shiny|100/100
|switch|p2b: Scizor|Scizor, L50, F|100/100
|-ability|p2a: Staraptor|Intimidate|boost
|-unboost|p1a: Gardevoir|atk|1
|-unboost|p1b: Maushold|atk|1
|-ability|p1a: Gardevoir|Technician|Trace|[from] ability: Trace|[of] p2b: Scizor
|turn|1
|inactive|hide on whimsicott has 30 seconds left.
|inactive|LuckGalicia has 30 seconds left.
|
|t:|1782662166
|detailschange|p2a: Staraptor|Staraptor-Mega, L50, M, shiny
|-mega|p2a: Staraptor|Staraptor|Staraptite
|detailschange|p1a: Gardevoir|Gardevoir-Mega, L50, F
|-mega|p1a: Gardevoir|Gardevoir|Gardevoirite
|move|p2a: Staraptor|Protect|p2a: Staraptor
|-singleturn|p2a: Staraptor|Protect
|move|p1b: Maushold|Feint|p2a: Staraptor
|-activate|p2a: Staraptor|move: Feint
|-damage|p2a: Staraptor|93/100
|move|p2b: Scizor|Bullet Punch|p1a: Gardevoir
|-supereffective|p1a: Gardevoir|1
|-damage|p1a: Gardevoir|20/100y
|cant|p1a: Gardevoir|flinch
|
|upkeep
|turn|2
|
|t:|1782662190
|switch|p2a: Eyeliner|Liepard, L50, F|100/100
|move|p1b: Maushold|Follow Me|p1b: Maushold
|-singleturn|p1b: Maushold|move: Follow Me
|move|p1a: Gardevoir|Hyper Voice|p2b: Scizor|[spread] p2a,p2b
|-supereffective|p2a: Eyeliner|1
|-resisted|p2b: Scizor|1
|-enditem|p2a: Eyeliner|Focus Sash
|-damage|p2a: Eyeliner|1/100
|-damage|p2b: Scizor|64/100
|move|p2b: Scizor|U-turn|p1b: Maushold
|-damage|p1b: Maushold|40/100
|
|t:|1782662197
|switch|p2b: Staraptor|Staraptor-Mega, L50, M, shiny|93/100|[from] U-turn
|
|upkeep
|turn|3
|
|t:|1782662205
|move|p1b: Maushold|Protect|p1b: Maushold
|-singleturn|p1b: Maushold|Protect
|move|p1a: Gardevoir|Protect|p1a: Gardevoir
|-singleturn|p1a: Gardevoir|Protect
|move|p2a: Eyeliner|Fake Out|p1b: Maushold
|-activate|p1b: Maushold|move: Protect
|move|p2b: Staraptor|Close Combat|p1a: Gardevoir
|-activate|p1a: Gardevoir|move: Protect
|
|upkeep
|turn|4
|
|t:|1782662223
|move|p2b: Staraptor|Protect|p2b: Staraptor
|-singleturn|p2b: Staraptor|Protect
|move|p1b: Maushold|Feint|p2a: Eyeliner
|-damage|p2a: Eyeliner|0 fnt
|faint|p2a: Eyeliner
|move|p1a: Gardevoir|Hyper Voice|p2b: Staraptor
|-activate|p2b: Staraptor|move: Protect
|
|upkeep
|
|t:|1782662230
|switch|p2a: Scizor|Scizor, L50, F|64/100
|turn|5
|
|t:|1782662237
|switch|p1a: Basculegion|Basculegion, L50, M|100/100
|switch|p2b: Sableye|Sableye, L50, F|100/100
|move|p1b: Maushold|Protect|p1b: Maushold
|-singleturn|p1b: Maushold|Protect
|move|p2a: Scizor|Bullet Punch|p1a: Basculegion
|-resisted|p1a: Basculegion|1
|-damage|p1a: Basculegion|86/100
|
|upkeep
|turn|6
|
|t:|1782662262
|move|p1b: Maushold|Follow Me|p1b: Maushold
|-singleturn|p1b: Maushold|move: Follow Me
|move|p2b: Sableye|Encore|p1b: Maushold
|-start|p1b: Maushold|Encore
|move|p1a: Basculegion|Wave Crash|p2b: Sableye
|-damage|p2b: Sableye|8/100
|-damage|p1a: Basculegion|67/100|[from] Recoil
|move|p2a: Scizor|Knock Off|p1b: Maushold
|-damage|p1b: Maushold|0 fnt
|-enditem|p1b: Maushold|Focus Sash|[from] move: Knock Off|[of] p2a: Scizor
|faint|p1b: Maushold
|
|upkeep
|
|t:|1782662269
|switch|p1b: Pelipper|Pelipper, L50, M|100/100
|-weather|RainDance|[from] ability: Drizzle|[of] p1b: Pelipper
|turn|7
|
|t:|1782662290
|switch|p1a: Gardevoir|Gardevoir-Mega, L50, F|20/100y
|move|p2b: Sableye|Sunny Day|p2b: Sableye
|-weather|SunnyDay
|move|p1b: Pelipper|Weather Ball|p2b: Sableye
|-damage|p2b: Sableye|0 fnt
|faint|p2b: Sableye
|move|p2a: Scizor|Knock Off|p1a: Gardevoir
|-damage|p1a: Gardevoir|0 fnt
|faint|p1a: Gardevoir
|
|-weather|SunnyDay|[upkeep]
|upkeep
|
|t:|1782662296
|switch|p1a: Basculegion|Basculegion, L50, M|67/100
|switch|p2b: Staraptor|Staraptor-Mega, L50, M, shiny|93/100
|turn|8
|
|t:|1782662308
|move|p1a: Basculegion|Last Respects|p2b: Staraptor
|-damage|p2b: Staraptor|13/100
|move|p2b: Staraptor|Close Combat|p1b: Pelipper
|-resisted|p1b: Pelipper|1
|-damage|p1b: Pelipper|72/100
|-boost|p2b: Staraptor|def|1
|-boost|p2b: Staraptor|spd|1
|move|p1b: Pelipper|Weather Ball|p2a: Scizor
|-supereffective|p2a: Scizor|2
|-damage|p2a: Scizor|0 fnt
|faint|p2a: Scizor
|
|-weather|SunnyDay|[upkeep]
|upkeep
|turn|9
|c|☆LuckGalicia|Gg
|-message|LuckGalicia forfeited.
|raw|hide on whimsicott's rating: 1040 → 1085(+45 for winning)
|raw|LuckGalicia's rating: 1159 → 1126(-33 for losing)
|
|win|hide on whimsicott
