|j|â˜†robby w
|j|â˜†ImClarenceClaymore
|html|robby wImClarenceClaymore    
|uhtml|bestof|Game 2 of a best-of-3
|t:|1756746973
|gametype|doubles
|player|p1|robby w|pokefan-gen4|1220
|player|p2|ImClarenceClaymore|pokemaniac|1202
|gen|9
|tier|[Gen 9] VGC 2025 Reg H (Bo3)
|rated|
|rule|Species Clause: Limit one of each PokÃ©mon
|rule|Item Clause: Limit 1 of each item
|clearpoke
|poke|p1|Dondozo, L50, F|
|poke|p1|Tatsugiri, L50, F|
|poke|p1|Sneasler, L50, M|
|poke|p1|Whimsicott, L50, F|
|poke|p1|Indeedee, L50, M|
|poke|p1|Hydreigon, L50, F|
|poke|p2|Torkoal, L50, M|
|poke|p2|Hatterene, L50, F|
|poke|p2|Indeedee-F, L50, F|
|poke|p2|Ursaluna-Bloodmoon, L50, M|
|poke|p2|Porygon2, L50|
|poke|p2|Incineroar, L50, F|
|teampreview|4
|showteam|p1|Dondozo||Leftovers|Unaware|Protect,WaveCrash,Earthquake,OrderUp|||F|||50|,,,,,Grass]Tatsugiri||ChoiceScarf|Commander|DragonPulse,IcyWind,DracoMeteor,MuddyWater|||F|||50|,,,,,Stellar]Sneasler||PsychicSeed|Unburden|DireClaw,CloseCombat,Protect,ThroatChop|||M|||50|,,,,,Dark]Whimsicott||CovertCloak|Prankster|Tailwind,Moonblast,Taunt,HelpingHand|||F|||50|,,,,,Dark]Indeedee||FocusSash|PsychicSurge|ExpandingForce,TrickRoom,DazzlingGleam,Protect|||M|||50|,,,,,Fairy]Hydreigon||LifeOrb|Levitate|DracoMeteor,Snarl,HeatWave,Protect|||F|||50|,,,,,Steel
|showteam|p2|Torkoal||Charcoal|Drought|Protect,Eruption,Flamethrower,ClearSmog|||M|||50|,,,,,Fire]Hatterene||LifeOrb|MagicBounce|Protect,ExpandingForce,DazzlingGleam,TrickRoom|||F|||50|,,,,,Psychic]Indeedee-F||FocusSash|PsychicSurge|FollowMe,TrickRoom,HelpingHand,Psychic|||F|||50|,,,,,Psychic]Ursaluna-Bloodmoon||AssaultVest|MindsEye|HyperVoice,EarthPower,BloodMoon,Moonblast|||M|||50|,,,,,Ghost]Porygon2||Eviolite|Download|TeraBlast,IceBeam,TrickRoom,Recover||||||50|,,,,,Fighting]Incineroar||SitrusBerry|Intimidate|FlareBlitz,KnockOff,FakeOut,PartingShot|||F|||50|,,,,,Bug
|inactive|Battle timer is ON: inactive players will automatically lose when time's up. (requested by robby w)
|
|t:|1756747010
|teamsize|p1|4
|teamsize|p2|4
|start
|switch|p1a: Whimsicott|Whimsicott, L50, F|100/100
|switch|p1b: Hydreigon|Hydreigon, L50, F|100/100
|switch|p2a: Indeedee|Indeedee-F, L50, F|100/100
|switch|p2b: Hatterene|Hatterene, L50, F|100/100
|-fieldstart|move: Psychic Terrain|[from] ability: Psychic Surge|[of] p2a: Indeedee
|turn|1
|inactive|robby w has 30 seconds left.
|
|t:|1756747037
|move|p1a: Whimsicott|Helping Hand|p1b: Hydreigon
|-singleturn|p1b: Hydreigon|Helping Hand|[of] p1a: Whimsicott
|move|p2a: Indeedee|Follow Me|p2a: Indeedee
|-singleturn|p2a: Indeedee|move: Follow Me
|move|p1b: Hydreigon|Snarl|p2b: Hatterene|[spread] p2a,p2b
|-supereffective|p2a: Indeedee
|-damage|p2a: Indeedee|8/100
|-damage|p2b: Hatterene|58/100
|-unboost|p2a: Indeedee|spa|1
|-unboost|p2b: Hatterene|spa|1
|-damage|p1b: Hydreigon|91/100|[from] item: Life Orb
|move|p2b: Hatterene|Trick Room|p2b: Hatterene
|-fieldstart|move: Trick Room|[of] p2b: Hatterene
|
|upkeep
|turn|2
|inactive|robby w has 30 seconds left.
|inactive|ImClarenceClaymore has 30 seconds left.
|
|t:|1756747069
|-terastallize|p1b: Hydreigon|Steel
|move|p1a: Whimsicott|Helping Hand|p1b: Hydreigon
|-singleturn|p1b: Hydreigon|Helping Hand|[of] p1a: Whimsicott
|move|p2b: Hatterene|Expanding Force|p1b: Hydreigon|[spread] p1a,p1b
|-resisted|p1b: Hydreigon
|-damage|p1a: Whimsicott|11/100
|-damage|p1b: Hydreigon|54/100
|-damage|p2b: Hatterene|48/100|[from] item: Life Orb
|move|p2a: Indeedee|Psychic|p1a: Whimsicott
|-damage|p1a: Whimsicott|0 fnt
|faint|p1a: Whimsicott
|move|p1b: Hydreigon|Snarl|p2a: Indeedee|[spread] p2a,p2b
|-supereffective|p2a: Indeedee
|-damage|p2a: Indeedee|0 fnt
|-damage|p2b: Hatterene|5/100
|-unboost|p2b: Hatterene|spa|1
|faint|p2a: Indeedee
|-damage|p1b: Hydreigon|45/100|[from] item: Life Orb
|
|upkeep
|inactive|ImClarenceClaymore has 30 seconds left.
|
|t:|1756747100
|switch|p2a: Ursaluna|Ursaluna-Bloodmoon, L50, M|100/100
|switch|p1a: Dondozo|Dondozo, L50, F, shiny|100/100
|turn|3
|inactive|ImClarenceClaymore has 30 seconds left.
|inactive|ImClarenceClaymore has 20 seconds left.
|inactive|ImClarenceClaymore has 15 seconds left.
|
|t:|1756747145
|switch|p1b: Tatsugiri|Tatsugiri, L50, F|100/100
|-activate|p1b: Tatsugiri|ability: Commander|[of] p1a: Dondozo
|-boost|p1a: Dondozo|atk|2
|-boost|p1a: Dondozo|spa|2
|-boost|p1a: Dondozo|spe|2
|-boost|p1a: Dondozo|def|2
|-boost|p1a: Dondozo|spd|2
|-terastallize|p2a: Ursaluna|Ghost
|move|p2b: Hatterene|Expanding Force|p1b: Tatsugiri|[spread] p1a
|-miss|p2b: Hatterene|p1b: Tatsugiri
|-damage|p1a: Dondozo|49/100
|-damage|p2b: Hatterene|0 fnt|[from] item: Life Orb
|faint|p2b: Hatterene
|move|p2a: Ursaluna|Hyper Voice|p1b: Tatsugiri|[spread] p1a
|-miss|p2a: Ursaluna|p1b: Tatsugiri
|-damage|p1a: Dondozo|26/100
|move|p1a: Dondozo|Earthquake|p2a: Ursaluna|[spread] p2a
|-miss|p1a: Dondozo|p1b: Tatsugiri
|-damage|p2a: Ursaluna|69/100
|
|-heal|p1a: Dondozo|32/100|[from] item: Leftovers
|upkeep
|inactive|ImClarenceClaymore has 30 seconds left.
|
|t:|1756747170
|switch|p2b: Torkoal|Torkoal, L50, M|100/100
|-weather|SunnyDay|[from] ability: Drought|[of] p2b: Torkoal
|turn|4
|
|t:|1756747187
|move|p1a: Dondozo|Protect|p1a: Dondozo
|-singleturn|p1a: Dondozo|Protect
|move|p2b: Torkoal|Clear Smog|p1a: Dondozo
|-activate|p1a: Dondozo|move: Protect
|move|p2a: Ursaluna|Hyper Voice|p1a: Dondozo|[spread] 
|-miss|p2a: Ursaluna|p1b: Tatsugiri
|-activate|p1a: Dondozo|move: Protect
|
|-weather|SunnyDay|[upkeep]
|-heal|p1a: Dondozo|38/100|[from] item: Leftovers
|upkeep
|turn|5
|
|t:|1756747231
|move|p1a: Dondozo|Protect||[still]
|-fail|p1a: Dondozo
|move|p2b: Torkoal|Clear Smog|p1a: Dondozo
|-damage|p1a: Dondozo|30/100
|-clearboost|p1a: Dondozo
|move|p2a: Ursaluna|Hyper Voice|p1b: Tatsugiri|[spread] p1a
|-miss|p2a: Ursaluna|p1b: Tatsugiri
|-damage|p1a: Dondozo|0 fnt
|faint|p1a: Dondozo
|
|-weather|SunnyDay|[upkeep]
|-fieldend|move: Trick Room
|-fieldend|move: Psychic Terrain
|upkeep
|
|t:|1756747244
|switch|p1a: Hydreigon|Hydreigon, L50, F, tera:Steel|45/100
|turn|6
|
|t:|1756747265
|move|p1b: Tatsugiri|Muddy Water|p2a: Ursaluna|[spread] 
|-miss|p1b: Tatsugiri|p2a: Ursaluna
|-miss|p1b: Tatsugiri|p2b: Torkoal
|move|p1a: Hydreigon|Draco Meteor|p2b: Torkoal|[miss]
|-miss|p1a: Hydreigon|p2b: Torkoal
|move|p2a: Ursaluna|Blood Moon|p1b: Tatsugiri
|-damage|p1b: Tatsugiri|0 fnt
|faint|p1b: Tatsugiri
|move|p2b: Torkoal|Flamethrower|p1a: Hydreigon
|-supereffective|p1a: Hydreigon
|-damage|p1a: Hydreigon|0 fnt
|faint|p1a: Hydreigon
|
|win|ImClarenceClaymore
|raw|robby w's rating: 1220 → 1194(-26 for losing)
|raw|ImClarenceClaymore's rating: 1202 → 1228(+26 for winning)
|c|â˜†robby w|All three missed
|c|â˜†robby w|welp
|l|â˜†robby w
|player|p1|
|c|â˜†ImClarenceClaymore|Thats awful ðŸ˜–
