|j|☆upchicken
|j|☆PTP_VGC
|html|upchickenPTP_VGC    
|uhtml|bestof|Game 2 of a best-of-3
|t:|1754772691
|gametype|doubles
|player|p1|upchicken|az|1251
|player|p2|PTP_VGC|birdkeeper|1335
|gen|9
|tier|[Gen 9] VGC 2025 Reg H (Bo3)
|rated|
|rule|Species Clause: Limit one of each Pokémon
|rule|Item Clause: Limit 1 of each item
|clearpoke
|poke|p1|Grimmsnarl, L50, M|
|poke|p1|Annihilape, L50, M|
|poke|p1|Maushold, L50|
|poke|p1|Pelipper, L50, M|
|poke|p1|Archaludon, L50, M|
|poke|p1|Sinistcha, L50|
|poke|p2|Arcanine-Hisui, L50, F|
|poke|p2|Weezing, L50, F|
|poke|p2|Porygon2, L50|
|poke|p2|Weavile, L50, F|
|poke|p2|Pawmot, L50, M|
|poke|p2|Toedscruel, L50, F|
|teampreview|4
|showteam|p1|Grimmsnarl||LightClay|Prankster|Reflect,LightScreen,ThunderWave,SpiritBreak|||M|||50|,,,,,Steel]Annihilape||SpellTag|Defiant|BulkUp,Protect,DrainPunch,RageFist|||M|||50|,,,,,Fire]Maushold||SafetyGoggles|FriendGuard|BeatUp,Taunt,FollowMe,Protect||||||50|,,,,,Ghost]Pelipper||LifeOrb|Drizzle|Hurricane,WeatherBall,Tailwind,Protect|||M|||50|,,,,,Stellar]Archaludon||AssaultVest|Stamina|ElectroShot,DracoMeteor,Snarl,BodyPress|||M|||50|,,,,,Grass]Sinistcha||SitrusBerry|Hospitality|LifeDew,RagePowder,TrickRoom,MatchaGotcha||||||50|,,,,,Water
|showteam|p2|Arcanine-Hisui||AbilityShield|Intimidate|FlareBlitz,RockSlide,ExtremeSpeed,Protect|||F|||50|,,,,,Ghost]Weezing||SitrusBerry|NeutralizingGas|SludgeBomb,WillOWisp,Taunt,Protect|||F|||50|,,,,,Grass]Porygon2||Eviolite|Download|TeraBlast,IceBeam,Recover,TrickRoom||||||50|,,,,,Water]Weavile||WideLens|Pressure|KnockOff,TripleAxel,FakeOut,Protect|||F|||50|,,,,,Stellar]Pawmot||FocusSash|NaturalCure|DoubleShock,CloseCombat,RevivalBlessing,Protect|||M|||50|,,,,,Stellar]Toedscruel||LifeOrb|MyceliumMight|EarthPower,EnergyBall,Spore,RagePowder|||F|||50|,,,,,Water
|inactive|Battle timer is ON: inactive players will automatically lose when time's up. (requested by PTP_VGC)
|
|t:|1754772716
|teamsize|p1|4
|teamsize|p2|4
|start
|switch|p1a: Annihilape|Annihilape, L50, M|100/100
|switch|p1b: Grimmsnarl|Grimmsnarl, L50, M|100/100
|switch|p2a: Speedwalker|Weavile, L50, F|100/100
|switch|p2b: gbombsz|Toedscruel, L50, F|100/100
|-ability|p2a: Speedwalker|Pressure
|turn|1
|inactive|PTP_VGC has 30 seconds left.
|
|t:|1754772750
|switch|p2a: Adr. & Adr.|Weezing, L50, F|100/100
|-ability|p2a: Adr. & Adr.|Neutralizing Gas
|move|p1a: Annihilape|Drain Punch|p2a: Adr. & Adr.
|-resisted|p2a: Adr. & Adr.
|-damage|p2a: Adr. & Adr.|87/100
|move|p1b: Grimmsnarl|Reflect|p1b: Grimmsnarl
|-sidestart|p1: upchicken|Reflect
|move|p2b: gbombsz|Spore|p1a: Annihilape
|-status|p1a: Annihilape|slp|[from] move: Spore
|
|upkeep
|turn|2
|inactive|upchicken has 30 seconds left.
|
|t:|1754772776
|switch|p1b: Maushold|Maushold, L50|100/100
|move|p2b: gbombsz|Earth Power|p1b: Maushold
|-damage|p1b: Maushold|40/100
|-damage|p2b: gbombsz|91/100|[from] item: Life Orb
|cant|p1a: Annihilape|slp
|move|p2a: Adr. & Adr.|Sludge Bomb|p1b: Maushold
|-damage|p1b: Maushold|4/100
|
|upkeep
|turn|3
|inactive|upchicken has 30 seconds left.
|inactive|PTP_VGC has 30 seconds left.
|
|t:|1754772810
|switch|p2b: Speedwalker|Weavile, L50, F|100/100
|move|p1b: Maushold|Beat Up|p1a: Annihilape
|-damage|p1a: Annihilape|99/100 slp
|-damage|p1a: Annihilape|97/100 slp
|-damage|p1a: Annihilape|95/100 slp
|-hitcount|p1a: Annihilape|3
|cant|p1a: Annihilape|slp
|move|p2a: Adr. & Adr.|Sludge Bomb|p1b: Maushold
|-damage|p1b: Maushold|0 fnt
|faint|p1b: Maushold
|
|upkeep
|
|t:|1754772825
|switch|p1b: Grimmsnarl|Grimmsnarl, L50, M|100/100
|turn|4
|
|t:|1754772847
|move|p2b: Speedwalker|Triple Axel|p1b: Grimmsnarl
|-damage|p1b: Grimmsnarl|93/100
|-damage|p1b: Grimmsnarl|77/100
|-damage|p1b: Grimmsnarl|54/100
|-hitcount|p1b: Grimmsnarl|3
|cant|p1a: Annihilape|slp
|move|p2a: Adr. & Adr.|Taunt|p1b: Grimmsnarl
|-start|p1b: Grimmsnarl|move: Taunt
|move|p1b: Grimmsnarl|Spirit Break|p2b: Speedwalker
|-supereffective|p2b: Speedwalker
|-damage|p2b: Speedwalker|0 fnt
|faint|p2b: Speedwalker
|
|upkeep
|
|t:|1754772862
|switch|p2b: gbombsz|Toedscruel, L50, F|91/100
|turn|5
|inactive|PTP_VGC has 30 seconds left.
|inactive|PTP_VGC has 20 seconds left.
|inactive|PTP_VGC has 15 seconds left.
|inactive|PTP_VGC has 10 seconds left.
|
|t:|1754772908
|move|p2b: gbombsz|Earth Power|p1a: Annihilape
|-crit|p1a: Annihilape
|-damage|p1a: Annihilape|14/100 slp
|-unboost|p1a: Annihilape|spd|1
|-damage|p2b: gbombsz|81/100|[from] item: Life Orb
|-curestatus|p1a: Annihilape|slp|[msg]
|move|p1a: Annihilape|Rage Fist|p2b: gbombsz
|-damage|p2b: gbombsz|0 fnt
|faint|p2b: gbombsz
|move|p2a: Adr. & Adr.|Sludge Bomb|p1b: Grimmsnarl
|-supereffective|p1b: Grimmsnarl
|-damage|p1b: Grimmsnarl|5/100
|move|p1b: Grimmsnarl|Spirit Break|p2a: Adr. & Adr.
|-resisted|p2a: Adr. & Adr.
|-damage|p2a: Adr. & Adr.|74/100
|-unboost|p2a: Adr. & Adr.|spa|1
|
|upkeep
|
|t:|1754772911
|switch|p2b: Back Pocket|Pawmot, L50, M|100/100
|turn|6
|inactive|upchicken has 30 seconds left.
|
|t:|1754772943
|switch|p1a: Sinistcha|Sinistcha, L50|100/100
|-terastallize|p2b: Back Pocket|Stellar
|move|p2b: Back Pocket|Double Shock|p1a: Sinistcha
|-resisted|p1a: Sinistcha
|-damage|p1a: Sinistcha|76/100
|-start|p2b: Back Pocket|typechange|Electric/Fighting|[from] move: Double Shock
|move|p2a: Adr. & Adr.|Taunt||[still]
|-fail|p2a: Adr. & Adr.
|move|p1b: Grimmsnarl|Spirit Break|p2b: Back Pocket
|-supereffective|p2b: Back Pocket
|-enditem|p2b: Back Pocket|Focus Sash
|-damage|p2b: Back Pocket|1/100
|-unboost|p2b: Back Pocket|spa|1
|
|-end|p1b: Grimmsnarl|move: Taunt
|upkeep
|turn|7
|inactive|upchicken has 30 seconds left.
|inactive|upchicken has 20 seconds left.
|inactive|upchicken has 15 seconds left.
|inactive|upchicken has 10 seconds left.
|inactive|upchicken has 5 seconds left.
|
|t:|1754772998
|move|p2b: Back Pocket|Revival Blessing|p2b: Back Pocket
|
|t:|1754773001
|-heal|p2: Speedwalker|50/100|[from] move: Revival Blessing
|move|p1a: Sinistcha|Life Dew|p1a: Sinistcha|[spread] p1a,p1b
|-heal|p1a: Sinistcha|100/100
|-heal|p1b: Grimmsnarl|31/100
|move|p2a: Adr. & Adr.|Taunt|p1a: Sinistcha
|-start|p1a: Sinistcha|move: Taunt
|move|p1b: Grimmsnarl|Reflect||[still]
|-fail|p1b: Grimmsnarl
|
|upkeep
|turn|8
|inactive|upchicken has 30 seconds left.
|
|t:|1754773033
|move|p2b: Back Pocket|Double Shock|p1b: Grimmsnarl
|-damage|p1b: Grimmsnarl|0 fnt
|-start|p2b: Back Pocket|typechange|Electric/Fighting|[from] move: Double Shock
|faint|p1b: Grimmsnarl
|move|p1a: Sinistcha|Matcha Gotcha|p2a: Adr. & Adr.|[spread] p2b
|-miss|p1a: Sinistcha|p2a: Adr. & Adr.
|-damage|p2b: Back Pocket|0 fnt
|faint|p2b: Back Pocket
|move|p2a: Adr. & Adr.|Sludge Bomb|p1a: Sinistcha
|-damage|p1a: Sinistcha|85/100
|-status|p1a: Sinistcha|psn
|
|-damage|p1a: Sinistcha|72/100 psn|[from] psn
|-sideend|p1: upchicken|Reflect
|upkeep
|
|t:|1754773036
|switch|p2b: Speedwalker|Weavile, L50, F|50/100
|switch|p1b: Annihilape|Annihilape, L50, M|14/100
|turn|9
|
|t:|1754773046
|move|p1b: Annihilape|Protect|p1b: Annihilape
|-singleturn|p1b: Annihilape|Protect
|move|p2b: Speedwalker|Knock Off|p1b: Annihilape
|-activate|p1b: Annihilape|move: Protect
|move|p1a: Sinistcha|Matcha Gotcha|p2b: Speedwalker|[spread] p2a
|-miss|p1a: Sinistcha|p2b: Speedwalker
|-resisted|p2a: Adr. & Adr.
|-damage|p2a: Adr. & Adr.|61/100
|-heal|p1a: Sinistcha|79/100 psn|[from] drain|[of] p2a: Adr. & Adr.
|move|p2a: Adr. & Adr.|Sludge Bomb|p1a: Sinistcha
|-damage|p1a: Sinistcha|62/100 psn
|
|-damage|p1a: Sinistcha|50/100 psn|[from] psn
|upkeep
|-enditem|p1a: Sinistcha|Sitrus Berry|[eat]
|-heal|p1a: Sinistcha|75/100 psn|[from] item: Sitrus Berry
|turn|10
|
|t:|1754773068
|move|p1b: Annihilape|Protect||[still]
|-fail|p1b: Annihilape
|move|p2b: Speedwalker|Knock Off|p1b: Annihilape
|-damage|p1b: Annihilape|0 fnt
|-enditem|p1b: Annihilape|Spell Tag|[from] move: Knock Off|[of] p2b: Speedwalker
|faint|p1b: Annihilape
|move|p1a: Sinistcha|Matcha Gotcha|p2b: Speedwalker|[spread] p2a,p2b
|-resisted|p2a: Adr. & Adr.
|-damage|p2a: Adr. & Adr.|49/100
|-heal|p1a: Sinistcha|81/100 psn|[from] drain|[of] p2a: Adr. & Adr.
|-damage|p2b: Speedwalker|13/100
|-heal|p1a: Sinistcha|97/100 psn|[from] drain|[of] p2b: Speedwalker
|-enditem|p2a: Adr. & Adr.|Sitrus Berry|[eat]
|-heal|p2a: Adr. & Adr.|74/100|[from] item: Sitrus Berry
|move|p2a: Adr. & Adr.|Sludge Bomb|p1a: Sinistcha
|-damage|p1a: Sinistcha|81/100 psn
|
|-damage|p1a: Sinistcha|68/100 psn|[from] psn
|-end|p1a: Sinistcha|move: Taunt
|upkeep
|turn|11
|
|t:|1754773082
|-terastallize|p1a: Sinistcha|Water
|move|p2b: Speedwalker|Knock Off|p1a: Sinistcha
|-damage|p1a: Sinistcha|38/100 psn
|move|p1a: Sinistcha|Matcha Gotcha|p2a: Adr. & Adr.|[spread] p2a,p2b
|-resisted|p2a: Adr. & Adr.
|-damage|p2a: Adr. & Adr.|62/100
|-heal|p1a: Sinistcha|44/100 psn|[from] drain|[of] p2a: Adr. & Adr.
|-damage|p2b: Speedwalker|0 fnt
|-heal|p1a: Sinistcha|49/100 psn|[from] drain|[of] p2b: Speedwalker
|faint|p2b: Speedwalker
|move|p2a: Adr. & Adr.|Sludge Bomb|p1a: Sinistcha
|-damage|p1a: Sinistcha|33/100 psn
|
|-damage|p1a: Sinistcha|21/100 psn|[from] psn
|upkeep
|turn|12
|
|t:|1754773094
|move|p1a: Sinistcha|Matcha Gotcha|p2a: Adr. & Adr.|[miss]
|-miss|p1a: Sinistcha|p2a: Adr. & Adr.
|move|p2a: Adr. & Adr.|Taunt|p1a: Sinistcha
|-start|p1a: Sinistcha|move: Taunt
|
|-damage|p1a: Sinistcha|8/100 psn|[from] psn
|upkeep
|turn|13
|
|t:|1754773098
|move|p2a: Adr. & Adr.|Protect|p2a: Adr. & Adr.
|-singleturn|p2a: Adr. & Adr.|Protect
|move|p1a: Sinistcha|Matcha Gotcha|p2a: Adr. & Adr.
|-activate|p2a: Adr. & Adr.|move: Protect
|
|-damage|p1a: Sinistcha|0 fnt|[from] psn
|faint|p1a: Sinistcha
|
|win|PTP_VGC
|raw|upchicken's rating: 1251 → 1232(-19 for losing)
|raw|PTP_VGC's rating: 1335 → 1350(+15 for winning)
|l|☆PTP_VGC
|player|p2|
|l|☆upchicken
|player|p1|
|j|☆PTP_VGC
|player|p2|PTP_VGC|birdkeeper|
