|j|‽Malgooee
|j|☆delpivgc
|html|Malgooeedelpivgc    
|uhtml|bestof|Game 3 of a best-of-3
|t:|1757670544
|gametype|doubles
|player|p1|Malgooee|2|1050
|player|p2|delpivgc|hilbert-wonderlauncher|1031
|gen|9
|tier|[Gen 9] VGC 2025 Reg H (Bo3)
|rated|
|rule|Species Clause: Limit one of each Pokémon
|rule|Item Clause: Limit 1 of each item
|clearpoke
|poke|p1|Gothitelle, L50, M|
|poke|p1|Archaludon, L50, M|
|poke|p1|Amoonguss, L50, F|
|poke|p1|Politoed, L50, M|
|poke|p1|Sneasler, L50, F|
|poke|p1|Indeedee, L50, M|
|poke|p2|Gholdengo, L50|
|poke|p2|Sneasler, L50, M|
|poke|p2|Rillaboom, L50, M|
|poke|p2|Dragonite, L50, F|
|poke|p2|Ninetales-Alola, L50, F|
|poke|p2|Arcanine-Hisui, L50, F|
|teampreview|4
|showteam|p1|Gothitelle||Leftovers|ShadowTag|TrickRoom,FakeOut,Protect,Taunt|||M|||50|,,,,,Grass]Archaludon||AssaultVest|Stamina|BodyPress,DracoMeteor,ElectroShot,FlashCannon|||M|||50|,,,,,Electric]Amoonguss||RockyHelmet|Regenerator|Spore,Protect,RagePowder,PollenPuff|||F|||50|,,,,,Dark]Politoed||SitrusBerry|Drizzle|PerishSong,Protect,Encore,WeatherBall|||M|||50|,,,,,Grass]Sneasler||PsychicSeed|Unburden|Protect,DireClaw,CloseCombat,SwordsDance|||F|||50|,,,,,Fighting]Indeedee||ChoiceSpecs|PsychicSurge|ExpandingForce,DazzlingGleam,Psyshock,DrainingKiss|||M|||50|,,,,,Psychic
|showteam|p2|Gholdengo||GrassySeed|GoodasGold|NastyPlot,MakeItRain,ShadowBall,Protect||||||50|,,,,,Water]Sneasler||WhiteHerb|Unburden|CloseCombat,DireClaw,Coaching,Protect|||M|||50|,,,,,Ghost]Rillaboom||AssaultVest|GrassySurge|FakeOut,GrassyGlide,DrumBeating,HighHorsepower|||M|||50|,,,,,Fire]Dragonite||LoadedDice|Multiscale|ScaleShot,StompingTantrum,Tailwind,Protect|||F|||50|,,,,,Ground]Ninetales-Alola||FocusSash|SnowWarning|Blizzard,IcyWind,Encore,AuroraVeil|||F|||50|,,,,,Ghost]Arcanine-Hisui||ClearAmulet|Intimidate|RockSlide,FlareBlitz,ExtremeSpeed,Protect|||F|||50|,,,,,Water
|inactive|Battle timer is ON: inactive players will automatically lose when time's up. (requested by Malgooee)
|inactive|Malgooee has 60 seconds left.
|
|t:|1757670575
|teamsize|p1|4
|teamsize|p2|4
|start
|switch|p1a: Gothitelle|Gothitelle, L50, M|100/100
|switch|p1b: Politoed|Politoed, L50, M|100/100
|switch|p2a: Gholdengo|Gholdengo, L50|100/100
|switch|p2b: Rillaboom|Rillaboom, L50, M|100/100
|-fieldstart|move: Grassy Terrain|[from] ability: Grassy Surge|[of] p2b: Rillaboom
|-enditem|p2a: Gholdengo|Grassy Seed
|-boost|p2a: Gholdengo|def|1|[from] item: Grassy Seed
|-weather|RainDance|[from] ability: Drizzle|[of] p1b: Politoed
|turn|1
|inactive|Malgooee has 30 seconds left.
|inactive|delpivgc has 30 seconds left.
|inactive|Malgooee has 20 seconds left.
|inactive|delpivgc has 20 seconds left.
|inactive|Malgooee has 15 seconds left.
|inactive|delpivgc has 15 seconds left.
|inactive|delpivgc has 10 seconds left.
|
|t:|1757670623
|switch|p1a: Indeedee|Indeedee, L50, M|100/100
|-fieldstart|move: Psychic Terrain|[from] ability: Psychic Surge|[of] p1a: Indeedee
|move|p2b: Rillaboom|Drum Beating|p1a: Indeedee
|-damage|p1a: Indeedee|16/100
|-unboost|p1a: Indeedee|spe|1
|move|p2a: Gholdengo|Shadow Ball|p1a: Indeedee
|-immune|p1a: Indeedee
|move|p1b: Politoed|Weather Ball|p2a: Gholdengo
|-damage|p2a: Gholdengo|48/100
|
|-weather|RainDance|[upkeep]
|upkeep
|turn|2
|inactive|Malgooee has 30 seconds left.
|inactive|delpivgc has 30 seconds left.
|
|t:|1757670656
|switch|p1a: Gothitelle|Gothitelle, L50, M|100/100
|move|p2a: Gholdengo|Protect|p2a: Gholdengo
|-singleturn|p2a: Gholdengo|Protect
|move|p2b: Rillaboom|High Horsepower|p1a: Gothitelle
|-damage|p1a: Gothitelle|77/100
|move|p1b: Politoed|Weather Ball|p2a: Gholdengo
|-activate|p2a: Gholdengo|move: Protect
|
|-weather|RainDance|[upkeep]
|-heal|p1a: Gothitelle|83/100|[from] item: Leftovers
|upkeep
|turn|3
|inactive|Malgooee has 30 seconds left.
|inactive|delpivgc has 30 seconds left.
|
|t:|1757670686
|-terastallize|p2a: Gholdengo|Water
|-terastallize|p1b: Politoed|Grass
|move|p2b: Rillaboom|Drum Beating|p1a: Gothitelle
|-damage|p1a: Gothitelle|49/100
|-unboost|p1a: Gothitelle|spe|1
|move|p2a: Gholdengo|Make It Rain|p1b: Politoed|[spread] p1a,p1b
|-damage|p1a: Gothitelle|12/100
|-damage|p1b: Politoed|66/100
|-unboost|p2a: Gholdengo|spa|1
|move|p1b: Politoed|Weather Ball|p2a: Gholdengo
|-resisted|p2a: Gholdengo
|-damage|p2a: Gholdengo|26/100
|move|p1a: Gothitelle|Trick Room|p1a: Gothitelle
|-fieldstart|move: Trick Room|[of] p1a: Gothitelle
|
|-weather|RainDance|[upkeep]
|-heal|p1a: Gothitelle|18/100|[from] item: Leftovers
|upkeep
|turn|4
|inactive|delpivgc has 30 seconds left.
|inactive|delpivgc has 20 seconds left.
|
|t:|1757670721
|switch|p1b: Archaludon|Archaludon, L50, M|100/100
|move|p1a: Gothitelle|Protect|p1a: Gothitelle
|-singleturn|p1a: Gothitelle|Protect
|move|p2a: Gholdengo|Protect|p2a: Gholdengo
|-singleturn|p2a: Gholdengo|Protect
|move|p2b: Rillaboom|High Horsepower|p1a: Gothitelle
|-activate|p1a: Gothitelle|move: Protect
|
|-weather|RainDance|[upkeep]
|-heal|p1a: Gothitelle|24/100|[from] item: Leftovers
|upkeep
|turn|5
|
|t:|1757670746
|switch|p1a: Politoed|Politoed, L50, M, tera:Grass|66/100
|move|p1b: Archaludon|Electro Shot||[still]
|-prepare|p1b: Archaludon|Electro Shot
|-boost|p1b: Archaludon|spa|1
|-anim|p1b: Archaludon|Electro Shot|p2a: Gholdengo
|-supereffective|p2a: Gholdengo
|-damage|p2a: Gholdengo|0 fnt
|faint|p2a: Gholdengo
|move|p2b: Rillaboom|High Horsepower|p1a: Politoed
|-resisted|p1a: Politoed
|-damage|p1a: Politoed|53/100
|
|-weather|none
|-fieldend|move: Psychic Terrain
|upkeep
|
|t:|1757670766
|switch|p2a: Sneasler|Sneasler, L50, M|100/100
|turn|6
|inactive|Malgooee has 30 seconds left.
|
|t:|1757670800
|switch|p1b: Gothitelle|Gothitelle, L50, M|24/100
|switch|p2b: Ninetales|Ninetales-Alola, L50, F|100/100
|-weather|Snowscape|[from] ability: Snow Warning|[of] p2b: Ninetales
|move|p2a: Sneasler|Protect|p2a: Sneasler
|-singleturn|p2a: Sneasler|Protect
|move|p1a: Politoed|Perish Song|p1a: Politoed
|-start|p1a: Politoed|perish3|[silent]
|-start|p1b: Gothitelle|perish3|[silent]
|-start|p2a: Sneasler|perish3|[silent]
|-start|p2b: Ninetales|perish3|[silent]
|-fieldactivate|move: Perish Song
|
|-weather|Snowscape|[upkeep]
|-heal|p1b: Gothitelle|30/100|[from] item: Leftovers
|-start|p1b: Gothitelle|perish3
|-start|p1a: Politoed|perish3
|-start|p2a: Sneasler|perish3
|-start|p2b: Ninetales|perish3
|upkeep
|turn|7
|inactive|Malgooee has 30 seconds left.
|inactive|delpivgc has 30 seconds left.
|inactive|delpivgc has 20 seconds left.
|inactive|delpivgc has 15 seconds left.
|inactive|Malgooee has 20 seconds left.
|
|t:|1757670845
|move|p1b: Gothitelle|Fake Out|p2a: Sneasler
|-damage|p2a: Sneasler|93/100
|move|p1a: Politoed|Encore|p2a: Sneasler
|-start|p2a: Sneasler|Encore
|cant|p2a: Sneasler|flinch
|move|p2b: Ninetales|Aurora Veil|p2b: Ninetales
|-sidestart|p2: delpivgc|move: Aurora Veil
|
|-weather|Snowscape|[upkeep]
|-heal|p1b: Gothitelle|37/100|[from] item: Leftovers
|-start|p1b: Gothitelle|perish2
|-start|p1a: Politoed|perish2
|-start|p2a: Sneasler|perish2
|-start|p2b: Ninetales|perish2
|-fieldend|move: Trick Room
|upkeep
|turn|8
|inactive|Malgooee has 30 seconds left.
|inactive|delpivgc has 30 seconds left.
|
|t:|1757670878
|switch|p1a: Archaludon|Archaludon, L50, M|100/100
|move|p2a: Sneasler|Protect|p2a: Sneasler
|-singleturn|p2a: Sneasler|Protect
|move|p1b: Gothitelle|Protect|p1b: Gothitelle
|-singleturn|p1b: Gothitelle|Protect
|move|p2b: Ninetales|Blizzard|p1b: Gothitelle|[spread] p1a
|-activate|p1b: Gothitelle|move: Protect
|-damage|p1a: Archaludon|79/100
|-ability|p1a: Archaludon|Stamina|boost
|-boost|p1a: Archaludon|def|1
|
|-weather|Snowscape|[upkeep]
|-heal|p1b: Gothitelle|43/100|[from] item: Leftovers
|-start|p2b: Ninetales|perish1
|-start|p2a: Sneasler|perish1
|-start|p1b: Gothitelle|perish1
|upkeep
|turn|9
|inactive|Malgooee has 30 seconds left.
|inactive|delpivgc has 30 seconds left.
|-message|delpivgc forfeited.
|
|win|Malgooee
|raw|Malgooee's rating: 1050 → 1081(+31 for winning)
|raw|delpivgc's rating: 1031 → 1017(-14 for losing)
|l|☆delpivgc
|player|p2|
|j|☆delpivgc
|player|p2|delpivgc|hilbert-wonderlauncher|
|l|‽Malgooee
|player|p1|
