|j|☆jwithers93
|j|☆HenriqueZVGC
|html|jwithers93HenriqueZVGC    
|uhtml|bestof|Game 3 of a best-of-3
|t:|1784743929
|gametype|doubles
|player|p1|jwithers93|marshal|1269
|player|p2|HenriqueZVGC|steven|1169
|gen|9
|tier|[Gen 9 Champions] VGC 2026 Reg M-B (Bo3)
|rated|
|rule|Species Clause: Limit one of each Pokémon
|rule|Item Clause: Limit 1 of each item
|clearpoke
|poke|p1|Scovillain, L50, M|
|poke|p1|Rotom-Wash, L50|
|poke|p1|Whimsicott, L50, F|
|poke|p1|Floette-Eternal, L50, F|
|poke|p1|Garchomp, L50, M|
|poke|p1|Kingambit, L50, M|
|poke|p2|Tyranitar, L50, F|
|poke|p2|Excadrill, L50, M|
|poke|p2|Milotic, L50, F|
|poke|p2|Sinistcha, L50|
|poke|p2|Staraptor, L50, M|
|poke|p2|Gholdengo, L50|
|teampreview|4
|showteam|p1|Scovillain||Scovillainite|Chlorophyll|Overheat,LeechSeed,RagePowder,Protect|Bold||M|||50|]Rotom-Wash||ChoiceScarf|Levitate|Electroweb,VoltSwitch,Thunderbolt,HydroPump|Timid|||||50|]Whimsicott||FocusSash|Prankster|Tailwind,Encore,Protect,EnergyBall|Timid||F|||50|]Floette-Eternal||Floettite|FlowerVeil|DazzlingGleam,Moonblast,LightofRuin,Protect|Modest||F|||50|]Garchomp||LifeOrb|RoughSkin|Earthquake,RockSlide,DragonClaw,Protect|Jolly||M|||50|]Kingambit||ChopleBerry|Defiant|SuckerPunch,KowtowCleave,IronHead,Protect|Adamant||M|||50|
|showteam|p2|Tyranitar||Tyranitarite|SandStream|KnockOff,RockSlide,HighHorsepower,Protect|Jolly||F|||50|]Excadrill||FocusSash|SandRush|HighHorsepower,IronHead,RockSlide,Protect|Adamant||M|||50|]Milotic||SitrusBerry|Competitive|Scald,IcyWind,Haze,Protect|Calm||F|||50|]Sinistcha||ColburBerry|Hospitality|MatchaGotcha,ShadowBall,Protect,RagePowder|Bold|||||50|]Staraptor||Staraptite|Intimidate|CloseCombat,BraveBird,Tailwind,Protect|Jolly||M|||50|]Gholdengo||LifeOrb|GoodasGold|MakeItRain,ShadowBall,NastyPlot,Protect|Modest|||||50|
|inactive|Battle timer is ON: inactive players will automatically lose when time's up. (requested by HenriqueZVGC)
|inactive|HenriqueZVGC has 60 seconds left.
|
|t:|1784743980
|teamsize|p1|4
|teamsize|p2|4
|start
|switch|p1a: Scovillain|Scovillain, L50, M|100/100
|switch|p1b: Rotom|Rotom-Wash, L50|100/100
|switch|p2a: Staraptor|Staraptor, L50, M|100/100
|switch|p2b: Sinistcha|Sinistcha, L50|100/100
|-ability|p2a: Staraptor|Intimidate|boost
|-unboost|p1a: Scovillain|atk|1
|-unboost|p1b: Rotom|atk|1
|turn|1
|inactive|jwithers93 has 30 seconds left.
|inactive|HenriqueZVGC has 30 seconds left.
|inactive|HenriqueZVGC has 20 seconds left.
|
|t:|1784744016
|detailschange|p1a: Scovillain|Scovillain-Mega, L50, M
|-mega|p1a: Scovillain|Scovillain|Scovillainite
|move|p2b: Sinistcha|Rage Powder|p2b: Sinistcha
|-singleturn|p2b: Sinistcha|move: Rage Powder
|move|p1b: Rotom|Electroweb|p2b: Sinistcha|[spread] p2a,p2b
|-supereffective|p2a: Staraptor|1
|-resisted|p2b: Sinistcha|1
|-damage|p2a: Staraptor|51/100
|-damage|p2b: Sinistcha|89/100
|-unboost|p2a: Staraptor|spe|1
|-unboost|p2b: Sinistcha|spe|1
|move|p2a: Staraptor|Tailwind|p2a: Staraptor
|-sidestart|p2: HenriqueZVGC|move: Tailwind
|move|p1a: Scovillain|Overheat|p2b: Sinistcha
|-supereffective|p2b: Sinistcha|1
|-damage|p2b: Sinistcha|0 fnt
|-unboost|p1a: Scovillain|spa|2
|faint|p2b: Sinistcha
|
|upkeep
|
|t:|1784744033
|switch|p2b: Tyranitar|Tyranitar, L50, F|100/100
|-weather|Sandstorm|[from] ability: Sand Stream|[of] p2b: Tyranitar
|turn|2
|inactive|jwithers93 has 30 seconds left.
|
|t:|1784744070
|switch|p1b: Garchomp|Garchomp, L50, M|100/100
|detailschange|p2b: Tyranitar|Tyranitar-Mega, L50, F
|-mega|p2b: Tyranitar|Tyranitar|Tyranitarite
|move|p1a: Scovillain|Protect|p1a: Scovillain
|-singleturn|p1a: Scovillain|Protect
|move|p2b: Tyranitar|Rock Slide|p1a: Scovillain|[spread] p1b
|-activate|p1a: Scovillain|move: Protect
|-resisted|p1b: Garchomp|1
|-damage|p1b: Garchomp|83/100
|move|p2a: Staraptor|Close Combat|p1b: Garchomp
|-damage|p1b: Garchomp|50/100g
|-unboost|p2a: Staraptor|def|1
|-unboost|p2a: Staraptor|spd|1
|-damage|p2a: Staraptor|39/100|[from] ability: Rough Skin|[of] p1b: Garchomp
|
|-weather|Sandstorm|[upkeep]
|-damage|p2a: Staraptor|33/100|[from] Sandstorm
|-damage|p1a: Scovillain|94/100|[from] Sandstorm
|upkeep
|turn|3
|inactive|HenriqueZVGC has 30 seconds left.
|
|t:|1784744096
|switch|p1a: Rotom|Rotom-Wash, L50|100/100
|move|p2b: Tyranitar|Rock Slide|p1a: Rotom|[spread] p1a
|-miss|p2b: Tyranitar|p1b: Garchomp
|-damage|p1a: Rotom|55/100
|move|p2a: Staraptor|Brave Bird|p1a: Rotom
|-resisted|p1a: Rotom|1
|-damage|p1a: Rotom|23/100
|-damage|p2a: Staraptor|26/100|[from] Recoil
|move|p1b: Garchomp|Earthquake|p2b: Tyranitar|[spread] p2b
|-immune|p1a: Rotom|[from] ability: Levitate
|-immune|p2a: Staraptor
|-supereffective|p2b: Tyranitar|1
|-damage|p2b: Tyranitar|30/100
|-damage|p1b: Garchomp|40/100|[from] item: Life Orb
|
|-weather|Sandstorm|[upkeep]
|-damage|p1a: Rotom|18/100|[from] Sandstorm
|-damage|p2a: Staraptor|20/100y|[from] Sandstorm
|upkeep
|turn|4
|inactive|jwithers93 has 30 seconds left.
|inactive|HenriqueZVGC has 30 seconds left.
|
|t:|1784744122
|move|p2b: Tyranitar|Protect|p2b: Tyranitar
|-singleturn|p2b: Tyranitar|Protect
|move|p1a: Rotom|Electroweb|p2a: Staraptor|[spread] p2a
|-activate|p2b: Tyranitar|move: Protect
|-supereffective|p2a: Staraptor|1
|-damage|p2a: Staraptor|0 fnt
|faint|p2a: Staraptor
|move|p1b: Garchomp|Earthquake|p2b: Tyranitar|[spread] 
|-activate|p2b: Tyranitar|move: Protect
|-immune|p1a: Rotom|[from] ability: Levitate
|
|-weather|Sandstorm|[upkeep]
|-damage|p1a: Rotom|12/100|[from] Sandstorm
|-sideend|p2: HenriqueZVGC|move: Tailwind
|upkeep
|
|t:|1784744135
|switch|p2a: Gholdengo|Gholdengo, L50|100/100
|turn|5
|
|t:|1784744150
|move|p2a: Gholdengo|Protect|p2a: Gholdengo
|-singleturn|p2a: Gholdengo|Protect
|move|p1a: Rotom|Electroweb|p2b: Tyranitar|[spread] p2b
|-activate|p2a: Gholdengo|move: Protect
|-crit|p2b: Tyranitar
|-damage|p2b: Tyranitar|14/100
|-unboost|p2b: Tyranitar|spe|1
|move|p1b: Garchomp|Earthquake|p2a: Gholdengo|[spread] p2b
|-activate|p2a: Gholdengo|move: Protect
|-immune|p1a: Rotom|[from] ability: Levitate
|-supereffective|p2b: Tyranitar|1
|-damage|p2b: Tyranitar|0 fnt
|faint|p2b: Tyranitar
|-damage|p1b: Garchomp|30/100|[from] item: Life Orb
|
|-weather|Sandstorm|[upkeep]
|-damage|p1a: Rotom|7/100|[from] Sandstorm
|upkeep
|turn|6
|
|t:|1784744173
|move|p1a: Rotom|Electroweb|p2a: Gholdengo
|-damage|p2a: Gholdengo|76/100
|-unboost|p2a: Gholdengo|spe|1
|move|p1b: Garchomp|Earthquake|p2a: Gholdengo|[spread] p2a
|-immune|p1a: Rotom|[from] ability: Levitate
|-supereffective|p2a: Gholdengo|1
|-damage|p2a: Gholdengo|0 fnt
|faint|p2a: Gholdengo
|-damage|p1b: Garchomp|21/100|[from] item: Life Orb
|
|win|jwithers93
|raw|jwithers93's rating: 1269 → 1287(+18 for winning)
|raw|HenriqueZVGC's rating: 1169 → 1151(-18 for losing)
