|j|☆bobovile
|j|☆minasdevilcrobats
|html|bobovileminasdevilcrobats    
|uhtml|bestof|Game 2 of a best-of-3
|t:|1756496536
|gametype|doubles
|player|p1|bobovile|ruinmaniac|1181
|player|p2|minasdevilcrobats|darach-caitlin|1151
|gen|9
|tier|[Gen 9] VGC 2025 Reg H (Bo3)
|rated|
|rule|Species Clause: Limit one of each Pokémon
|rule|Item Clause: Limit 1 of each item
|clearpoke
|poke|p1|Tyranitar, L50, M|
|poke|p1|Excadrill, L50, M|
|poke|p1|Gastrodon-East, L50, F|
|poke|p1|Talonflame, L50, F|
|poke|p1|Gallade, L50, M|
|poke|p1|Tsareena, L50, F|
|poke|p2|Indeedee, L50, M|
|poke|p2|Sneasler, L50, F|
|poke|p2|Ursaluna-Bloodmoon, L50, M|
|poke|p2|Pelipper, L50, F|
|poke|p2|Archaludon, L50, M|
|poke|p2|Basculegion, L50, M|
|teampreview|4
|showteam|p1|Tyranitar||AssaultVest|SandStream|TeraBlast,RockSlide,KnockOff,LowKick|||M|||50|,,,,,Flying]Excadrill||LifeOrb|SandRush|Protect,HighHorsepower,IronHead,Earthquake|||M|||50|,,,,,Flying]Gastrodon-East||SitrusBerry|StormDrain|ClearSmog,Protect,MuddyWater,EarthPower|||F|||50|,,,,,Fire]Talonflame||SafetyGoggles|GaleWings|Tailwind,Taunt,FlareBlitz,DualWingbeat|||F|||50|,,,,,Ghost]Gallade||ClearAmulet|Sharpness|Protect,SacredSword,PsychoCut,TrickRoom|||M|||50|,,,,,Steel]Tsareena||WideLens|QueenlyMajesty|Protect,Taunt,PowerWhip,TripleAxel|||F|||50|,,,,,Fire
|showteam|p2|Indeedee||ChoiceScarf|PsychicSurge|ExpandingForce,DazzlingGleam,Trick,Protect|||M|||50|,,,,,Psychic]Sneasler||PsychicSeed|Unburden|CloseCombat,DireClaw,ThroatChop,Protect|||F|||50|,,,,,Dark]Ursaluna-Bloodmoon||LifeOrb|MindsEye|BloodMoon,HyperVoice,EarthPower,Protect|||M|||50|,,,,,Normal]Pelipper||FocusSash|Drizzle|Hurricane,WeatherBall,Tailwind,Protect|||F|||50|,,,,,Ghost]Archaludon||AssaultVest|Stamina|ElectroShot,BodyPress,Snarl,DragonPulse|||M|||50|,,,,,Grass]Basculegion||ChoiceBand|SwiftSwim|WaveCrash,LastRespects,FlipTurn,AquaJet|||M|||50|,,,,,Ghost
|inactive|Battle timer is ON: inactive players will automatically lose when time's up. (requested by minasdevilcrobats)
|
|t:|1756496571
|teamsize|p1|4
|teamsize|p2|4
|start
|switch|p1a: Talonflame|Talonflame, L50, F|100/100
|switch|p1b: Excadrill|Excadrill, L50, M|100/100
|switch|p2a: Ursaluna|Ursaluna-Bloodmoon, L50, M|100/100
|switch|p2b: Archaludon|Archaludon, L50, M|100/100
|turn|1
|inactive|bobovile has 30 seconds left.
|inactive|bobovile has 20 seconds left.
|
|t:|1756496611
|-terastallize|p2b: Archaludon|Grass
|move|p1a: Talonflame|Flare Blitz|p2b: Archaludon
|-supereffective|p2b: Archaludon
|-damage|p2b: Archaludon|24/100
|-ability|p2b: Archaludon|Stamina|boost
|-boost|p2b: Archaludon|def|1
|-damage|p1a: Talonflame|68/100|[from] Recoil
|move|p1b: Excadrill|Iron Head|p2b: Archaludon
|-damage|p2b: Archaludon|0 fnt
|faint|p2b: Archaludon
|-damage|p1b: Excadrill|91/100|[from] item: Life Orb
|move|p2a: Ursaluna|Blood Moon|p1a: Talonflame
|-damage|p1a: Talonflame|0 fnt
|faint|p1a: Talonflame
|-damage|p2a: Ursaluna|91/100|[from] item: Life Orb
|
|upkeep
|inactive|bobovile has 30 seconds left.
|
|t:|1756496641
|switch|p1a: Tyranitar|Tyranitar, L50, M|100/100
|switch|p2b: Pelipper|Pelipper, L50, F|100/100
|-weather|RainDance|[from] ability: Drizzle|[of] p2b: Pelipper
|-weather|Sandstorm|[from] ability: Sand Stream|[of] p1a: Tyranitar
|turn|2
|inactive|bobovile has 30 seconds left.
|inactive|bobovile has 20 seconds left.
|inactive|bobovile has 15 seconds left.
|
|t:|1756496682
|move|p2b: Pelipper|Protect|p2b: Pelipper
|-singleturn|p2b: Pelipper|Protect
|move|p1b: Excadrill|High Horsepower|p2a: Ursaluna
|-damage|p2a: Ursaluna|32/100
|-damage|p1b: Excadrill|81/100|[from] item: Life Orb
|move|p2a: Ursaluna|Earth Power|p1b: Excadrill
|-supereffective|p1b: Excadrill
|-damage|p1b: Excadrill|0 fnt
|faint|p1b: Excadrill
|-damage|p2a: Ursaluna|23/100|[from] item: Life Orb
|move|p1a: Tyranitar|Rock Slide|p2b: Pelipper|[spread] p2a
|-activate|p2b: Pelipper|move: Protect
|-resisted|p2a: Ursaluna
|-damage|p2a: Ursaluna|9/100
|
|-weather|Sandstorm|[upkeep]
|-damage|p2b: Pelipper|95/100|[from] Sandstorm
|upkeep
|
|t:|1756496699
|switch|p1b: Gastrodon|Gastrodon-East, L50, F|100/100
|turn|3
|
|t:|1756496708
|switch|p2b: Basculegion|Basculegion, L50, M|100/100
|-terastallize|p1a: Tyranitar|Flying
|move|p2a: Ursaluna|Protect|p2a: Ursaluna
|-singleturn|p2a: Ursaluna|Protect
|move|p1a: Tyranitar|Rock Slide|p2a: Ursaluna|[spread] p2b
|-activate|p2a: Ursaluna|move: Protect
|-damage|p2b: Basculegion|63/100
|move|p1b: Gastrodon|Muddy Water|p2b: Basculegion|[spread] p2b
|-activate|p2a: Ursaluna|move: Protect
|-resisted|p2b: Basculegion
|-damage|p2b: Basculegion|48/100
|
|-weather|Sandstorm|[upkeep]
|-damage|p2b: Basculegion|42/100|[from] Sandstorm
|-damage|p1a: Tyranitar|95/100|[from] Sandstorm
|upkeep
|turn|4
|inactive|bobovile has 30 seconds left.
|
|t:|1756496740
|switch|p2a: Pelipper|Pelipper, L50, F|95/100
|-weather|RainDance|[from] ability: Drizzle|[of] p2a: Pelipper
|move|p2b: Basculegion|Last Respects|p1a: Tyranitar
|-damage|p1a: Tyranitar|31/100
|move|p1a: Tyranitar|Rock Slide|p2a: Pelipper|[spread] p2a,p2b
|-supereffective|p2a: Pelipper
|-damage|p2a: Pelipper|15/100
|-damage|p2b: Basculegion|2/100
|move|p1b: Gastrodon|Muddy Water|p2b: Basculegion|[spread] p2a
|-miss|p1b: Gastrodon|p2b: Basculegion
|-resisted|p2a: Pelipper
|-damage|p2a: Pelipper|0 fnt
|faint|p2a: Pelipper
|
|-weather|RainDance|[upkeep]
|upkeep
|
|t:|1756496754
|switch|p2a: Ursaluna|Ursaluna-Bloodmoon, L50, M|9/100
|turn|5
|
|t:|1756496761
|move|p2b: Basculegion|Last Respects|p1a: Tyranitar
|-damage|p1a: Tyranitar|0 fnt
|faint|p1a: Tyranitar
|move|p2a: Ursaluna|Blood Moon|p1b: Gastrodon
|-damage|p1b: Gastrodon|0 fnt
|faint|p1b: Gastrodon
|-damage|p2a: Ursaluna|0 fnt|[from] item: Life Orb
|faint|p2a: Ursaluna
|
|win|minasdevilcrobats
||minasdevilcrobats is ready for game 3.
|inactive|bobovile has 30 seconds to confirm battle start!
||bobovile is ready for game 3.
|uhtml|next|Next: Game 3 of 3
