|j|☆RaikuDraco
|j|☆efwefwefwefweifier
|html|RaikuDracoefwefwefwefweifier    
|uhtml|bestof|Game 2 of a best-of-3
|t:|1756883839
|gametype|doubles
|player|p1|RaikuDraco|drake-gen3|1149
|player|p2|efwefwefwefweifier|juan|1225
|gen|9
|tier|[Gen 9] VGC 2025 Reg H (Bo3)
|rated|
|rule|Species Clause: Limit one of each Pokémon
|rule|Item Clause: Limit 1 of each item
|clearpoke
|poke|p1|Archaludon, L50, F|
|poke|p1|Sinistcha-Masterpiece, L50|
|poke|p1|Dragonite, L50, M|
|poke|p1|Pelipper, L50, F|
|poke|p1|Ursaluna, L50, M|
|poke|p1|Gholdengo, L50|
|poke|p2|Gholdengo, L50|
|poke|p2|Rillaboom, L50, M|
|poke|p2|Ursaluna-Bloodmoon, L50, M|
|poke|p2|Annihilape, L50, M|
|poke|p2|Ninetales-Alola, L50, M|
|poke|p2|Talonflame, L50, F|
|teampreview|4
|showteam|p1|Archaludon||AssaultVest|Stamina|BodyPress,Snarl,ElectroShot,FlashCannon|||F|||50|,,,,,Fighting]Sinistcha-Masterpiece||SitrusBerry|Hospitality|MatchaGotcha,RagePowder,TrickRoom,LifeDew||||||50|,,,,,Dark]Dragonite||LoadedDice|Multiscale|ScaleShot,Protect,Tailwind,Haze|||M|||50|,,,,,Steel]Pelipper||FocusSash|Drizzle|WeatherBall,Hurricane,Tailwind,Protect|||F|||50|,,,,,Ground]Ursaluna||FlameOrb|Guts|Facade,HeadlongRush,Earthquake,Protect|||M|||50|,,,,,Ghost]Gholdengo||ChoiceScarf|GoodasGold|MakeItRain,TeraBlast,ShadowBall,Trick||||||50|,,,,,Water
|showteam|p2|Gholdengo||LifeOrb|GoodasGold|MakeItRain,ShadowBall,NastyPlot,Protect||||||50|,,,,,Dragon]Rillaboom||MiracleSeed|GrassySurge|WoodHammer,GrassyGlide,Uturn,FakeOut|||M|||50|,,,,,Fire]Ursaluna-Bloodmoon||AssaultVest|MindsEye|BloodMoon,HyperVoice,EarthPower,VacuumWave|||M|||50|,,,,,Normal]Annihilape||SafetyGoggles|Defiant|DrainPunch,RageFist,BulkUp,Protect|||M|||50|,,,,,Fire]Ninetales-Alola||LightClay|SnowWarning|Blizzard,IcicleSpear,Moonblast,AuroraVeil|||M|||50|,,,,,Water]Talonflame||CovertCloak|GaleWings|BraveBird,Tailwind,WillOWisp,Taunt|||F|||50|,,,,,Dark
|inactive|Battle timer is ON: inactive players will automatically lose when time's up. (requested by efwefwefwefweifier)
|inactive|RaikuDraco has 60 seconds left.
|inactive|RaikuDraco has 30 seconds left.
|
|t:|1756883904
|teamsize|p1|4
|teamsize|p2|4
|start
|switch|p1a: Archaludon|Archaludon, L50, F|100/100
|switch|p1b: Pelipper|Pelipper, L50, F|100/100
|switch|p2a: Ursaluna|Ursaluna-Bloodmoon, L50, M|100/100
|switch|p2b: Talonflame|Talonflame, L50, F|100/100
|-weather|RainDance|[from] ability: Drizzle|[of] p1b: Pelipper
|turn|1
|inactive|RaikuDraco has 30 seconds left.
|
|t:|1756883932
|-terastallize|p1a: Archaludon|Fighting
|move|p2b: Talonflame|Taunt|p1b: Pelipper
|-start|p1b: Pelipper|move: Taunt
|move|p1b: Pelipper|Weather Ball|p2b: Talonflame
|-supereffective|p2b: Talonflame
|-damage|p2b: Talonflame|0 fnt
|faint|p2b: Talonflame
|move|p1a: Archaludon|Body Press|p2a: Ursaluna
|-supereffective|p2a: Ursaluna
|-damage|p2a: Ursaluna|43/100
|move|p2a: Ursaluna|Earth Power|p1a: Archaludon
|-damage|p1a: Archaludon|65/100
|-ability|p1a: Archaludon|Stamina|boost
|-boost|p1a: Archaludon|def|1
|
|-weather|RainDance|[upkeep]
|upkeep
|
|t:|1756883954
|switch|p2b: Gholdengo|Gholdengo, L50|100/100
|turn|2
|inactive|efwefwefwefweifier has 30 seconds left.
|
|t:|1756883982
|move|p2a: Ursaluna|Vacuum Wave|p1a: Archaludon
|-damage|p1a: Archaludon|55/100
|-ability|p1a: Archaludon|Stamina|boost
|-boost|p1a: Archaludon|def|1
|move|p2b: Gholdengo|Make It Rain|p1b: Pelipper|[spread] p1a,p1b
|-resisted|p1b: Pelipper
|-damage|p1a: Archaludon|15/100
|-damage|p1b: Pelipper|43/100
|-unboost|p2b: Gholdengo|spa|1
|-ability|p1a: Archaludon|Stamina|boost
|-boost|p1a: Archaludon|def|1
|-damage|p2b: Gholdengo|91/100|[from] item: Life Orb
|move|p1b: Pelipper|Weather Ball|p2a: Ursaluna
|-supereffective|p2a: Ursaluna
|-damage|p2a: Ursaluna|0 fnt
|faint|p2a: Ursaluna
|move|p1a: Archaludon|Snarl|p2b: Gholdengo
|-supereffective|p2b: Gholdengo
|-damage|p2b: Gholdengo|56/100
|-unboost|p2b: Gholdengo|spa|1
|
|-weather|RainDance|[upkeep]
|upkeep
|
|t:|1756884000
|switch|p2a: Annihilape|Annihilape, L50, M|100/100
|turn|3
|
|t:|1756884025
|switch|p1b: Sinistcha|Sinistcha-Masterpiece, L50|100/100
|-heal|p1a: Archaludon|40/100|[from] ability: Hospitality|[of] p1b: Sinistcha
|move|p2a: Annihilape|Protect|p2a: Annihilape
|-singleturn|p2a: Annihilape|Protect
|move|p2b: Gholdengo|Make It Rain|p1a: Archaludon|[spread] p1a,p1b
|-damage|p1a: Archaludon|20/100
|-damage|p1b: Sinistcha|74/100
|-unboost|p2b: Gholdengo|spa|1
|-ability|p1a: Archaludon|Stamina|boost
|-boost|p1a: Archaludon|def|1
|-damage|p2b: Gholdengo|47/100|[from] item: Life Orb
|move|p1a: Archaludon|Electro Shot||[still]
|-prepare|p1a: Archaludon|Electro Shot
|-boost|p1a: Archaludon|spa|1
|-anim|p1a: Archaludon|Electro Shot|p2b: Gholdengo
|-damage|p2b: Gholdengo|0 fnt
|faint|p2b: Gholdengo
|
|-weather|RainDance|[upkeep]
|upkeep
|turn|4
|inactive|RaikuDraco has 30 seconds left.
|inactive|efwefwefwefweifier has 30 seconds left.
|
|t:|1756884059
|move|p2a: Annihilape|Drain Punch|p1a: Archaludon
|-damage|p1a: Archaludon|12/100
|-ability|p1a: Archaludon|Stamina|boost
|-boost|p1a: Archaludon|def|1
|move|p1a: Archaludon|Electro Shot||[still]
|-prepare|p1a: Archaludon|Electro Shot
|-boost|p1a: Archaludon|spa|1
|-anim|p1a: Archaludon|Electro Shot|p2a: Annihilape
|-damage|p2a: Annihilape|39/100
|move|p1b: Sinistcha|Life Dew|p1b: Sinistcha|[spread] p1a,p1b
|-heal|p1a: Archaludon|37/100
|-heal|p1b: Sinistcha|99/100
|
|-weather|RainDance|[upkeep]
|upkeep
|turn|5
|-message|efwefwefwefweifier forfeited.
|
|win|RaikuDraco
|l|☆efwefwefwefweifier
|player|p2|
||efwefwefwefweifier is ready for game 3.
||RaikuDraco is ready for game 3.
|uhtml|next|Next: Game 3 of 3
|l|☆RaikuDraco
|player|p1|
|j|☆RaikuDraco
|player|p1|RaikuDraco|drake-gen3|
