|j|☆RillaZardCJM
|j|☆HumanPlaysVGC
|html|RillaZardCJMHumanPlaysVGC    
|uhtml|bestof|Game 1 of a best-of-3
|t:|1756557160
|gametype|doubles
|player|p1|RillaZardCJM|byron|
|player|p2|HumanPlaysVGC|n-masters3|
|gen|9
|tier|[Gen 9] VGC 2025 Reg H (Bo3)
|rule|Species Clause: Limit one of each Pokémon
|rule|Item Clause: Limit 1 of each item
|clearpoke
|poke|p1|Hydrapple, L50, M|
|poke|p1|Malamar, L50, F|
|poke|p1|Incineroar, L50, F|
|poke|p1|Whimsicott, L50, F|
|poke|p1|Dragonite, L50, F|
|poke|p1|Metagross, L50|
|poke|p2|Weezing-Galar, L50, M|
|poke|p2|Toedscruel, L50, F|
|poke|p2|Corviknight, L50, F|
|poke|p2|Incineroar, L50, M|
|poke|p2|Garchomp, L50, M|
|poke|p2|Indeedee, L50, M|
|teampreview|4
|showteam|p1|Hydrapple||LifeOrb|SupersweetSyrup|DracoMeteor,LeafStorm,FickleBeam,Protect|||M|||50|,,,,,Stellar]Malamar||CovertCloak|Contrary|SkillSwap,TrickRoom,PsychoCut,Hypnosis|||F|||50|,,,,,Poison]Incineroar||SafetyGoggles|Intimidate|FakeOut,KnockOff,FlareBlitz,PartingShot|||F|||50|,,,,,Ghost]Whimsicott||FocusSash|Prankster|Taunt,Tailwind,Moonblast,FakeTears|||F|||50|,,,,,Ghost]Dragonite||AssaultVest|InnerFocus|IceSpinner,ExtremeSpeed,Outrage,LowKick|||F|||50|,,,,,Normal]Metagross||ChoiceBand|ClearBody|HammerArm,PsychicFangs,BulletPunch,HeavySlam||||||50|,,,,,Steel
|showteam|p2|Weezing-Galar||SitrusBerry|NeutralizingGas|DazzlingGleam,SludgeBomb,Protect,Taunt|||M|||50|,,,,,Grass]Toedscruel||CovertCloak|MyceliumMight|Spore,RagePowder,EarthPower,AcidSpray|||F|||50|,,,,,Water]Corviknight||RockyHelmet|MirrorArmor|Tailwind,BraveBird,Protect,Roost|||F|||50|,,,,,Dragon]Incineroar||AbilityShield|Intimidate|FakeOut,KnockOff,PartingShot,Taunt|||M|||50|,,,,,Ghost]Garchomp||LifeOrb|RoughSkin|DragonClaw,Earthquake,Protect,StompingTantrum|||M|||50|,,,,,Ground]Indeedee||FocusSash|PsychicSurge|ExpandingForce,DazzlingGleam,Protect,TrickRoom|||M|||50|,,,,,Psychic
|
|t:|1756557196
|teamsize|p1|4
|teamsize|p2|4
|start
|switch|p1a: Incineroar|Incineroar, L50, F|100/100
|switch|p1b: Malamar|Malamar, L50, F|100/100
|switch|p2a: Weezing|Weezing-Galar, L50, M|100/100
|switch|p2b: Toedscruel|Toedscruel, L50, F|100/100
|-ability|p2a: Weezing|Neutralizing Gas
|turn|1
|
|t:|1756557225
|switch|p1b: Hydrapple|Hydrapple, L50, M, shiny|100/100
|move|p2b: Toedscruel|Spore|p1b: Hydrapple
|-immune|p1b: Hydrapple
|move|p2a: Weezing|Dazzling Gleam|p1a: Incineroar|[spread] p1a,p1b
|-crit|p1a: Incineroar
|-supereffective|p1b: Hydrapple
|-damage|p1a: Incineroar|72/100
|-damage|p1b: Hydrapple|64/100
|move|p1a: Incineroar|Flare Blitz|p2b: Toedscruel
|-supereffective|p2b: Toedscruel
|-damage|p2b: Toedscruel|0 fnt
|faint|p2b: Toedscruel
|-damage|p1a: Incineroar|40/100|[from] Recoil
|
|upkeep
|
|t:|1756557293
|switch|p2b: Garchomp|Garchomp, L50, M|100/100
|turn|2
|
|t:|1756557302
|-terastallize|p2b: Garchomp|Ground
|move|p1b: Hydrapple|Protect|p1b: Hydrapple
|-singleturn|p1b: Hydrapple|Protect
|move|p2b: Garchomp|Stomping Tantrum|p1a: Incineroar
|-supereffective|p1a: Incineroar
|-damage|p1a: Incineroar|0 fnt
|faint|p1a: Incineroar
|-damage|p2b: Garchomp|91/100|[from] item: Life Orb
|move|p2a: Weezing|Sludge Bomb|p1b: Hydrapple
|-activate|p1b: Hydrapple|move: Protect
|
|upkeep
|
|t:|1756557316
|switch|p1a: Metagross|Metagross, L50, shiny|100/100
|turn|3
|
|t:|1756557385
|switch|p1b: Malamar|Malamar, L50, F|100/100
|-terastallize|p1a: Metagross|Steel
|move|p2a: Weezing|Protect|p2a: Weezing
|-singleturn|p2a: Weezing|Protect
|move|p1a: Metagross|Bullet Punch|p2b: Garchomp
|-damage|p2b: Garchomp|43/100
|move|p2b: Garchomp|Earthquake|p1b: Malamar|[spread] p1a,p1b
|-activate|p2a: Weezing|move: Protect
|-supereffective|p1a: Metagross
|-damage|p1a: Metagross|0 fnt
|-damage|p1b: Malamar|27/100
|faint|p1a: Metagross
|-damage|p2b: Garchomp|34/100|[from] item: Life Orb
|
|upkeep
|
|t:|1756557400
|switch|p1a: Hydrapple|Hydrapple, L50, M, shiny|64/100
|turn|4
|
|t:|1756557410
|move|p1a: Hydrapple|Protect|p1a: Hydrapple
|-singleturn|p1a: Hydrapple|Protect
|move|p2b: Garchomp|Stomping Tantrum|p1b: Malamar
|-crit|p1b: Malamar
|-damage|p1b: Malamar|0 fnt
|faint|p1b: Malamar
|-damage|p2b: Garchomp|24/100|[from] item: Life Orb
|move|p2a: Weezing|Sludge Bomb|p1a: Hydrapple
|-activate|p1a: Hydrapple|move: Protect
|
|upkeep
|turn|5
|
|t:|1756557425
|move|p2b: Garchomp|Dragon Claw|p1a: Hydrapple
|-supereffective|p1a: Hydrapple
|-crit|p1a: Hydrapple
|-damage|p1a: Hydrapple|0 fnt
|faint|p1a: Hydrapple
|-damage|p2b: Garchomp|15/100|[from] item: Life Orb
|
|win|HumanPlaysVGC
||RillaZardCJM is ready for game 2.
|inactive|HumanPlaysVGC has 30 seconds to confirm battle start!
||HumanPlaysVGC is ready for game 2.
|uhtml|next|Next: Game 2 of 3
