|j|☆lettitripppp
|j|☆blizzardspamming
|html|lettitrippppblizzardspamming    
|uhtml|bestof|Game 1 of a best-of-3
|t:|1783368649
|gametype|doubles
|player|p1|lettitripppp|lucas|1290
|player|p2|blizzardspamming|clair|1275
|gen|9
|tier|[Gen 9 Champions] VGC 2026 Reg M-B (Bo3)
|rated|
|rule|Species Clause: Limit one of each Pokémon
|rule|Item Clause: Limit 1 of each item
|clearpoke
|poke|p1|Charizard, L50, F|
|poke|p1|Basculegion, L50, M|
|poke|p1|Whimsicott, L50, M, shiny|
|poke|p1|Garchomp, L50, F, shiny|
|poke|p1|Floette-Eternal, L50, F|
|poke|p1|Kingambit, L50, M, shiny|
|poke|p2|Gengar, L50, F|
|poke|p2|Ninetales-Alola, L50, M|
|poke|p2|Incineroar, L50, M|
|poke|p2|Gholdengo, L50|
|poke|p2|Sneasler, L50, F|
|poke|p2|Hydreigon, L50, M|
|teampreview|4
|showteam|p1|Charizard||CharizarditeY|Blaze|WeatherBall,SolarBeam,HeatWave,Protect|Modest||F|||50|]Basculegion||MysticWater|Adaptability|LastRespects,WaveCrash,AquaJet,Protect|Adamant||M|||50|]Whimsicott||FocusSash|Prankster|Moonblast,Tailwind,Encore,Protect|Timid||M|||50|]Garchomp||LifeOrb|RoughSkin|DragonClaw,Earthquake,RockSlide,Protect|Jolly||F|||50|]Floette-Eternal||Floettite|FlowerVeil|DazzlingGleam,LightofRuin,Moonblast,Protect|Modest||F|||50|]Kingambit||ChopleBerry|Defiant|KowtowCleave,SuckerPunch,IronHead,LowKick|Adamant||M|||50|
|showteam|p2|Gengar||Gengarite|CursedBody|ShadowBall,SludgeBomb,Disable,Protect|Modest||F|||50|]Ninetales-Alola||NeverMeltIce|SnowWarning|Blizzard,FreezeDry,Encore,Protect|Timid||M|||50|]Incineroar||SitrusBerry|Intimidate|FakeOut,FlareBlitz,DarkestLariat,PartingShot|Sassy||M|||50|]Gholdengo||Leftovers|GoodasGold|MakeItRain,ShadowBall,NastyPlot,Protect|Modest|||||50|]Sneasler||FocusSash|PoisonTouch|FakeOut,CloseCombat,DireClaw,Protect|Jolly||F|||50|]Hydreigon||LifeOrb|Levitate|DracoMeteor,DarkPulse,EarthPower,Protect|Modest||M|||50|
|inactive|Battle timer is ON: inactive players will automatically lose when time's up. (requested by lettitripppp)
|inactive|lettitripppp has 60 seconds left.
|inactive|blizzardspamming has 60 seconds left.
|
|t:|1783368690
|teamsize|p1|4
|teamsize|p2|4
|start
|switch|p1a: AGNI|Charizard, L50, F|100/100
|switch|p1b: LETS GO GO|Whimsicott, L50, M, shiny|100/100
|switch|p2a: Sneasler|Sneasler, L50, F|100/100
|switch|p2b: Gengar|Gengar, L50, F|100/100
|turn|1
|
|t:|1783368708
|detailschange|p2b: Gengar|Gengar-Mega, L50, F
|-mega|p2b: Gengar|Gengar|Gengarite
|move|p1b: LETS GO GO|Protect|p1b: LETS GO GO
|-singleturn|p1b: LETS GO GO|Protect
|move|p1a: AGNI|Protect|p1a: AGNI
|-singleturn|p1a: AGNI|Protect
|move|p2a: Sneasler|Fake Out|p1b: LETS GO GO
|-activate|p1b: LETS GO GO|move: Protect
|move|p2b: Gengar|Sludge Bomb|p1a: AGNI
|-activate|p1a: AGNI|move: Protect
|
|upkeep
|turn|2
|inactive|blizzardspamming has 30 seconds left.
|
|t:|1783368735
|switch|p2a: Incineroar|Incineroar, L50, M|100/100
|-ability|p2a: Incineroar|Intimidate|boost
|-unboost|p1a: AGNI|atk|1
|-unboost|p1b: LETS GO GO|atk|1
|detailschange|p1a: AGNI|Charizard-Mega-Y, L50, F
|-mega|p1a: AGNI|Charizard|Charizardite Y
|-weather|SunnyDay|[from] ability: Drought|[of] p1a: AGNI
|move|p2b: Gengar|Protect|p2b: Gengar
|-singleturn|p2b: Gengar|Protect
|move|p1b: LETS GO GO|Tailwind|p1b: LETS GO GO
|-sidestart|p1: lettitripppp|move: Tailwind
|move|p1a: AGNI|Heat Wave|p2b: Gengar|[spread] p2a
|-activate|p2b: Gengar|move: Protect
|-resisted|p2a: Incineroar|1
|-damage|p2a: Incineroar|76/100
|
|-weather|SunnyDay|[upkeep]
|upkeep
|turn|3
|
|t:|1783368758
|switch|p2b: Ninetales|Ninetales-Alola, L50, M|100/100
|-weather|Snowscape|[from] ability: Snow Warning|[of] p2b: Ninetales
|move|p2a: Incineroar|Fake Out|p1a: AGNI
|-damage|p1a: AGNI|88/100
|move|p1b: LETS GO GO|Encore||[still]
|-fail|p1b: LETS GO GO
|cant|p1a: AGNI|flinch
|
|-weather|Snowscape|[upkeep]
|upkeep
|turn|4
|
|t:|1783368779
|move|p1b: LETS GO GO|Moonblast|p2b: Ninetales
|-damage|p2b: Ninetales|70/100
|move|p1a: AGNI|Heat Wave|p2b: Ninetales|[spread] p2a,p2b
|-resisted|p2a: Incineroar|1
|-supereffective|p2b: Ninetales|1
|-damage|p2a: Incineroar|59/100
|-damage|p2b: Ninetales|0 fnt
|faint|p2b: Ninetales
|move|p2a: Incineroar|Flare Blitz|p1b: LETS GO GO
|-supereffective|p1b: LETS GO GO|1
|-enditem|p1b: LETS GO GO|Focus Sash
|-damage|p1b: LETS GO GO|1/100
|-damage|p2a: Incineroar|36/100|[from] Recoil
|-enditem|p2a: Incineroar|Sitrus Berry|[eat]
|-heal|p2a: Incineroar|61/100|[from] item: Sitrus Berry
|
|-weather|Snowscape|[upkeep]
|upkeep
|
|t:|1783368786
|switch|p2b: Gengar|Gengar-Mega, L50, F|100/100
|turn|5
|
|t:|1783368798
|move|p1b: LETS GO GO|Protect|p1b: LETS GO GO
|-singleturn|p1b: LETS GO GO|Protect
|move|p1a: AGNI|Heat Wave|p2b: Gengar|[spread] p2a,p2b
|-resisted|p2a: Incineroar|1
|-crit|p2a: Incineroar
|-damage|p2a: Incineroar|38/100
|-damage|p2b: Gengar|55/100
|move|p2b: Gengar|Sludge Bomb|p1b: LETS GO GO
|-activate|p1b: LETS GO GO|move: Protect
|move|p2a: Incineroar|Parting Shot|p1a: AGNI
|-unboost|p1a: AGNI|atk|1
|-unboost|p1a: AGNI|spa|1
|
|t:|1783368808
|switch|p2a: Sneasler|Sneasler, L50, F|100/100|[from] Parting Shot
|
|-weather|Snowscape|[upkeep]
|-sideend|p1: lettitripppp|move: Tailwind
|upkeep
|turn|6
|
|t:|1783368829
|move|p2a: Sneasler|Fake Out|p1b: LETS GO GO
|-damage|p1b: LETS GO GO|0 fnt
|faint|p1b: LETS GO GO
|move|p2b: Gengar|Disable|p1a: AGNI
|-start|p1a: AGNI|Disable|Heat Wave
|cant|p1a: AGNI|Disable|Heat Wave
|
|-weather|Snowscape|[upkeep]
|upkeep
|
|t:|1783368835
|switch|p1b: CRUSH SHARK|Garchomp, L50, F, shiny|100/100
|turn|7
|
|t:|1783368849
|move|p2a: Sneasler|Close Combat|p1b: CRUSH SHARK
|-damage|p1b: CRUSH SHARK|40/100
|-unboost|p2a: Sneasler|def|1
|-unboost|p2a: Sneasler|spd|1
|-damage|p2a: Sneasler|87/100|[from] ability: Rough Skin|[of] p1b: CRUSH SHARK
|move|p2b: Gengar|Shadow Ball|p1b: CRUSH SHARK
|-damage|p1b: CRUSH SHARK|0 fnt
|faint|p1b: CRUSH SHARK
|move|p1a: AGNI|Weather Ball|p2b: Gengar
|-damage|p2b: Gengar|23/100
|
|-weather|none
|upkeep
|
|t:|1783368860
|switch|p1b: GENERAL BLADUS|Kingambit, L50, M, shiny|100/100
|turn|8
|inactive|blizzardspamming has 30 seconds left.
|
|t:|1783368892
|move|p2b: Gengar|Protect|p2b: Gengar
|-singleturn|p2b: Gengar|Protect
|move|p1b: GENERAL BLADUS|Sucker Punch|p2a: Sneasler
|-resisted|p2a: Sneasler|1
|-damage|p2a: Sneasler|40/100
|move|p2a: Sneasler|Dire Claw|p1a: AGNI
|-damage|p1a: AGNI|42/100
|move|p1a: AGNI|Weather Ball|p2a: Sneasler
|-damage|p2a: Sneasler|12/100
|
|upkeep
|turn|9
|
|t:|1783368910
|move|p2a: Sneasler|Protect|p2a: Sneasler
|-singleturn|p2a: Sneasler|Protect
|move|p2b: Gengar|Disable|p1b: GENERAL BLADUS
|-start|p1b: GENERAL BLADUS|Disable|Sucker Punch
|move|p1a: AGNI|Weather Ball|p2a: Sneasler
|-activate|p2a: Sneasler|move: Protect
|move|p1b: GENERAL BLADUS|Iron Head|p2b: Gengar
|-damage|p2b: Gengar|0 fnt
|faint|p2b: Gengar
|
|-end|p1a: AGNI|Disable
|upkeep
|
|t:|1783368922
|switch|p2b: Incineroar|Incineroar, L50, M|38/100
|-ability|p2b: Incineroar|Intimidate|boost
|-unboost|p1a: AGNI|atk|1
|-unboost|p1b: GENERAL BLADUS|atk|1
|-ability|p1b: GENERAL BLADUS|Defiant|boost
|-boost|p1b: GENERAL BLADUS|atk|2
|turn|10
|
|t:|1783368935
|move|p2b: Incineroar|Fake Out|p1b: GENERAL BLADUS
|-resisted|p1b: GENERAL BLADUS|1
|-damage|p1b: GENERAL BLADUS|96/100
|move|p2a: Sneasler|Dire Claw|p1a: AGNI
|-damage|p1a: AGNI|0 fnt
|faint|p1a: AGNI
|cant|p1b: GENERAL BLADUS|flinch
|
|upkeep
|turn|11
|
|t:|1783368945
|move|p2a: Sneasler|Close Combat|p1b: GENERAL BLADUS
|-supereffective|p1b: GENERAL BLADUS|2
|-enditem|p1b: GENERAL BLADUS|Chople Berry|[eat]
|-enditem|p1b: GENERAL BLADUS|Chople Berry|[weaken]
|-damage|p1b: GENERAL BLADUS|6/100
|-unboost|p2a: Sneasler|def|1
|-unboost|p2a: Sneasler|spd|1
|move|p2b: Incineroar|Flare Blitz|p1b: GENERAL BLADUS
|-supereffective|p1b: GENERAL BLADUS|1
|-damage|p1b: GENERAL BLADUS|0 fnt
|faint|p1b: GENERAL BLADUS
|-damage|p2b: Incineroar|36/100|[from] Recoil
|
|win|blizzardspamming
||blizzardspamming is ready for game 2.
||lettitripppp is ready for game 2.
|uhtml|next|Next: Game 2 of 3
|l|☆lettitripppp
|player|p1|
