|j|☆Ederzuri
|j|☆mudkipc4
|html|Ederzurimudkipc4    
|uhtml|bestof|Game 2 of a best-of-3
|t:|1783185911
|gametype|doubles
|player|p1|Ederzuri|bugsy|1203
|player|p2|mudkipc4|pokemaniac|1150
|gen|9
|tier|[Gen 9 Champions] VGC 2026 Reg M-B (Bo3)
|rated|
|rule|Species Clause: Limit one of each Pokémon
|rule|Item Clause: Limit 1 of each item
|clearpoke
|poke|p1|Grimmsnarl, L50, M, shiny|
|poke|p1|Pelipper, L50, F, shiny|
|poke|p1|Archaludon, L50, F|
|poke|p1|Swampert, L50, F, shiny|
|poke|p1|Metagross, L50|
|poke|p1|Sneasler, L50, M|
|poke|p2|Mawile, L50, M|
|poke|p2|Farigiraf, L50, M|
|poke|p2|Torkoal, L50, F|
|poke|p2|Gengar, L50, F|
|poke|p2|Grimmsnarl, L50, M|
|poke|p2|Hydreigon, L50, F|
|teampreview|4
|showteam|p1|Grimmsnarl||LightClay|Prankster|PartingShot,Reflect,LightScreen,SpiritBreak|Careful||M|||50|]Pelipper||SitrusBerry|Drizzle|Hurricane,Tailwind,WeatherBall,WideGuard|Modest||F|||50|]Archaludon||Leftovers|Stamina|ElectroShot,Protect,DragonPulse,FlashCannon|Modest||F|||50|]Swampert||Swampertite|Torrent|WaveCrash,Protect,Earthquake,IcePunch|Adamant||F|||50|]Metagross||Metagrossite|ClearBody|BodyPress,PsychicFangs,IronHead,Protect|Adamant|||||50|]Sneasler||FocusSash|PoisonTouch|FakeOut,CloseCombat,Coaching,DireClaw|Jolly||M|||50|
|showteam|p2|Mawile||Mawilite|Intimidate|PlayRough,IronHead,SuckerPunch,Protect|Brave||M|||50|]Farigiraf||SitrusBerry|ArmorTail|TrickRoom,Psychic,Protect,Imprison|Bold||M|||50|]Torkoal||Charcoal|Drought|Yawn,WeatherBall,Eruption,Protect|Quiet||F|||50|]Gengar||Gengarite|CursedBody|SludgeBomb,ShadowBall,Protect,WillOWisp|Timid||F|||50|]Grimmsnarl||LightClay|Prankster|FakeOut,PartingShot,Reflect,SpiritBreak|Impish||M|||50|]Hydreigon||ChoiceScarf|Levitate|DarkPulse,DracoMeteor,EarthPower,Snarl|Modest||F|||50|
|inactive|Battle timer is ON: inactive players will automatically lose when time's up. (requested by Ederzuri)
|inactive|Ederzuri has 60 seconds left.
|
|t:|1783185957
|teamsize|p1|4
|teamsize|p2|4
|start
|switch|p1a: Rage Baiter|Grimmsnarl, L50, M, shiny|100/100
|switch|p1b: Zoé ♡|Swampert, L50, F, shiny|100/100
|switch|p2a: ProtecYaNecK|Farigiraf, L50, M|100/100
|switch|p2b: Purple Rain|Gengar, L50, F|100/100
|turn|1
|
|t:|1783185978
|detailschange|p2b: Purple Rain|Gengar-Mega, L50, F
|-mega|p2b: Purple Rain|Gengar|Gengarite
|move|p2b: Purple Rain|Protect|p2b: Purple Rain
|-singleturn|p2b: Purple Rain|Protect
|move|p1b: Zoé ♡|Protect|p1b: Zoé ♡
|-singleturn|p1b: Zoé ♡|Protect
|move|p1a: Rage Baiter|Light Screen|p1a: Rage Baiter
|-sidestart|p1: Ederzuri|move: Light Screen
|move|p2a: ProtecYaNecK|Psychic|p1b: Zoé ♡
|-activate|p1b: Zoé ♡|move: Protect
|
|upkeep
|turn|2
|inactive|Ederzuri has 30 seconds left.
|
|t:|1783186006
|detailschange|p1b: Zoé ♡|Swampert-Mega, L50, F, shiny
|-mega|p1b: Zoé ♡|Swampert|Swampertite
|move|p2b: Purple Rain|Will-O-Wisp|p1b: Zoé ♡
|-status|p1b: Zoé ♡|brn
|move|p1b: Zoé ♡|Wave Crash|p2b: Purple Rain
|-damage|p2b: Purple Rain|58/100
|-damage|p1b: Zoé ♡|86/100 brn|[from] Recoil
|move|p2a: ProtecYaNecK|Imprison|p2a: ProtecYaNecK
|-start|p2a: ProtecYaNecK|move: Imprison
|move|p1a: Rage Baiter|Spirit Break|p2b: Purple Rain
|-resisted|p2b: Purple Rain|1
|-damage|p2b: Purple Rain|40/100
|-unboost|p2b: Purple Rain|spa|1
|
|-damage|p1b: Zoé ♡|80/100 brn|[from] brn
|upkeep
|turn|3
|
|t:|1783186026
|move|p2b: Purple Rain|Protect|p2b: Purple Rain
|-singleturn|p2b: Purple Rain|Protect
|move|p1b: Zoé ♡|Wave Crash|p2b: Purple Rain
|-activate|p2b: Purple Rain|move: Protect
|move|p2a: ProtecYaNecK|Psychic|p1b: Zoé ♡
|-damage|p1b: Zoé ♡|57/100 brn
|move|p1a: Rage Baiter|Spirit Break|p2a: ProtecYaNecK
|-damage|p2a: ProtecYaNecK|77/100
|-unboost|p2a: ProtecYaNecK|spa|1
|
|-damage|p1b: Zoé ♡|51/100 brn|[from] brn
|upkeep
|turn|4
|
|t:|1783186046
|move|p2b: Purple Rain|Will-O-Wisp|p1a: Rage Baiter
|-status|p1a: Rage Baiter|brn
|move|p1b: Zoé ♡|Wave Crash|p2b: Purple Rain
|-damage|p2b: Purple Rain|0 fnt
|faint|p2b: Purple Rain
|-damage|p1b: Zoé ♡|39/100 brn|[from] Recoil
|move|p2a: ProtecYaNecK|Psychic|p1b: Zoé ♡
|-damage|p1b: Zoé ♡|23/100 brn
|move|p1a: Rage Baiter|Spirit Break|p2a: ProtecYaNecK
|-damage|p2a: ProtecYaNecK|64/100
|-unboost|p2a: ProtecYaNecK|spa|1
|
|-damage|p1b: Zoé ♡|17/100 brn|[from] brn
|-damage|p1a: Rage Baiter|94/100 brn|[from] brn
|upkeep
|
|t:|1783186058
|switch|p2b: Slow it Down|Grimmsnarl, L50, M|100/100
|turn|5
|
|t:|1783186080
|move|p2b: Slow it Down|Fake Out|p1a: Rage Baiter
|-damage|p1a: Rage Baiter|80/100 brn
|move|p1b: Zoé ♡|Wave Crash|p2a: ProtecYaNecK
|-damage|p2a: ProtecYaNecK|35/100
|-enditem|p2a: ProtecYaNecK|Sitrus Berry|[eat]
|-heal|p2a: ProtecYaNecK|60/100|[from] item: Sitrus Berry
|-damage|p1b: Zoé ♡|6/100 brn|[from] Recoil
|cant|p1a: Rage Baiter|flinch
|move|p2a: ProtecYaNecK|Trick Room|p2a: ProtecYaNecK
|-fieldstart|move: Trick Room|[of] p2a: ProtecYaNecK
|
|-damage|p1a: Rage Baiter|74/100 brn|[from] brn
|-damage|p1b: Zoé ♡|0 fnt|[from] brn
|faint|p1b: Zoé ♡
|upkeep
|
|t:|1783186089
|switch|p1b: Mahoraga|Archaludon, L50, F|100/100
|turn|6
|
|t:|1783186097
|move|p2a: ProtecYaNecK|Protect|p2a: ProtecYaNecK
|-singleturn|p2a: ProtecYaNecK|Protect
|move|p2b: Slow it Down|Spirit Break|p1a: Rage Baiter
|-supereffective|p1a: Rage Baiter|1
|-damage|p1a: Rage Baiter|0 fnt
|faint|p1a: Rage Baiter
|move|p1b: Mahoraga|Flash Cannon|p2b: Slow it Down
|-supereffective|p2b: Slow it Down|1
|-damage|p2b: Slow it Down|9/100
|-unboost|p2b: Slow it Down|spd|1
|
|upkeep
|
|t:|1783186105
|switch|p1a: GET OUT!!|Pelipper, L50, F, shiny|100/100
|-weather|RainDance|[from] ability: Drizzle|[of] p1a: GET OUT!!
|turn|7
|inactive|Ederzuri has 30 seconds left.
|inactive|Ederzuri has 20 seconds left.
|
|t:|1783186141
|switch|p2a: Paint It|Hydreigon, L50, F|100/100
|move|p2b: Slow it Down|Parting Shot|p1b: Mahoraga
|-unboost|p1b: Mahoraga|atk|1
|-unboost|p1b: Mahoraga|spa|1
|
|t:|1783186146
|switch|p2b: ProtecYaNecK|Farigiraf, L50, M|60/100|[from] Parting Shot
|move|p1a: GET OUT!!|Tailwind|p1a: GET OUT!!
|-sidestart|p1: Ederzuri|move: Tailwind
|move|p1b: Mahoraga|Dragon Pulse|p2a: Paint It
|-supereffective|p2a: Paint It|1
|-crit|p2a: Paint It
|-damage|p2a: Paint It|0 fnt
|faint|p2a: Paint It
|
|-weather|RainDance|[upkeep]
|upkeep
|
|t:|1783186156
|switch|p2a: Slow it Down|Grimmsnarl, L50, M|9/100
|turn|8
|
|t:|1783186161
|move|p2a: Slow it Down|Spirit Break|p1a: GET OUT!!
|-damage|p1a: GET OUT!!|67/100
|-unboost|p1a: GET OUT!!|spa|1
|move|p2b: ProtecYaNecK|Psychic|p1a: GET OUT!!
|-damage|p1a: GET OUT!!|35/100
|-unboost|p1a: GET OUT!!|spd|1
|-enditem|p1a: GET OUT!!|Sitrus Berry|[eat]
|-heal|p1a: GET OUT!!|60/100|[from] item: Sitrus Berry
|move|p1a: GET OUT!!|Weather Ball|p2a: Slow it Down
|-damage|p2a: Slow it Down|0 fnt
|faint|p2a: Slow it Down
|move|p1b: Mahoraga|Electro Shot||[still]
|-prepare|p1b: Mahoraga|Electro Shot
|-boost|p1b: Mahoraga|spa|1
|-anim|p1b: Mahoraga|Electro Shot|p2b: ProtecYaNecK
|-damage|p2b: ProtecYaNecK|16/100
|
|-weather|RainDance|[upkeep]
|-sideend|p1: Ederzuri|move: Light Screen
|upkeep
|turn|9
|-message|mudkipc4 forfeited.
|
|win|Ederzuri
|raw|Ederzuri's rating: 1203 → 1224(+21 for winning)
|raw|mudkipc4's rating: 1150 → 1129(-21 for losing)
