|j|☆soccerdude26
|j|☆moicito
|html|soccerdude26moicito    
|uhtml|bestof|Game 1 of a best-of-3
|t:|1756779917
|gametype|doubles
|player|p1|soccerdude26|volkner|1202
|player|p2|moicito|caitlin|1177
|gen|9
|tier|[Gen 9] VGC 2025 Reg H (Bo3)
|rated|
|rule|Species Clause: Limit one of each Pokémon
|rule|Item Clause: Limit 1 of each item
|clearpoke
|poke|p1|Scrafty, L50, M|
|poke|p1|Farigiraf, L50, F|
|poke|p1|Rillaboom, L50, F|
|poke|p1|Ninetales-Alola, L50, F|
|poke|p1|Dragonite, L50, F|
|poke|p1|Ursaluna, L50, F|
|poke|p2|Incineroar, L50, M|
|poke|p2|Rillaboom, L50, F|
|poke|p2|Ursaluna-Bloodmoon, L50, M|
|poke|p2|Sneasler, L50, M|
|poke|p2|Dragonite, L50, M|
|poke|p2|Gholdengo, L50|
|teampreview|4
|showteam|p1|Scrafty||AssaultVest|Intimidate|FakeOut,KnockOff,CloseCombat,PoisonJab|||M|||50|,,,,,Water]Farigiraf||GrassySeed|ArmorTail|Psychic,HyperVoice,TrickRoom,Protect|||F|||50|,,,,,Fairy]Rillaboom||MiracleSeed|GrassySurge|FakeOut,WoodHammer,GrassyGlide,Uturn|||F|||50|,,,,,Fire]Ninetales-Alola||FocusSash|SnowWarning|Blizzard,Moonblast,Encore,AuroraVeil|||F|||50|,,,,,Ghost]Dragonite||LoadedDice|Multiscale|ScaleShot,Tailwind,Haze,Protect|||F|||50|,,,,,Steel]Ursaluna||FlameOrb|Guts|Facade,Earthquake,HeadlongRush,Protect|||F|||50|,,,,,Ghost
|showteam|p2|Incineroar||SafetyGoggles|Intimidate|FlareBlitz,KnockOff,FakeOut,PartingShot|||M|||50|,,,,,Ghost]Rillaboom||AssaultVest|GrassySurge|WoodHammer,GrassyGlide,HighHorsepower,FakeOut|||F|||50|,,,,,Fire]Ursaluna-Bloodmoon||Leftovers|MindsEye|BloodMoon,HyperVoice,EarthPower,Protect|||M|||50|,,,,,Electric]Sneasler||FocusSash|PoisonTouch|CloseCombat,DireClaw,Coaching,FakeOut|||M|||50|,,,,,Stellar]Dragonite||LoadedDice|Multiscale|ScaleShot,Haze,ExtremeSpeed,Protect|||M|||50|,,,,,Fairy]Gholdengo||LifeOrb|GoodasGold|NastyPlot,MakeItRain,ShadowBall,Protect||||||50|,,,,,Water
|inactive|Battle timer is ON: inactive players will automatically lose when time's up. (requested by soccerdude26)
|inactive|moicito has 60 seconds left.
|
|t:|1756779989
|teamsize|p1|4
|teamsize|p2|4
|start
|switch|p1a: Farigiraf|Farigiraf, L50, F|100/100
|switch|p1b: Rillaboom|Rillaboom, L50, F|100/100
|switch|p2a: Gatito|Incineroar, L50, M|100/100
|switch|p2b: Dragoncito|Dragonite, L50, M|100/100
|-ability|p2a: Gatito|Intimidate|boost
|-unboost|p1a: Farigiraf|atk|1
|-unboost|p1b: Rillaboom|atk|1
|-fieldstart|move: Grassy Terrain|[from] ability: Grassy Surge|[of] p1b: Rillaboom
|-enditem|p1a: Farigiraf|Grassy Seed
|-boost|p1a: Farigiraf|def|1|[from] item: Grassy Seed
|turn|1
|
|t:|1756780010
|move|p2b: Dragoncito|Protect|p2b: Dragoncito
|-singleturn|p2b: Dragoncito|Protect
|move|p2a: Gatito|Knock Off|p1a: Farigiraf
|-supereffective|p1a: Farigiraf
|-damage|p1a: Farigiraf|62/100
|move|p1b: Rillaboom|U-turn|p2b: Dragoncito
|-activate|p2b: Dragoncito|move: Protect
|move|p1a: Farigiraf|Trick Room|p1a: Farigiraf
|-fieldstart|move: Trick Room|[of] p1a: Farigiraf
|
|-heal|p1a: Farigiraf|68/100|[from] Grassy Terrain
|upkeep
|turn|2
|
|t:|1756780033
|move|p1a: Farigiraf|Psychic|p2b: Dragoncito
|-damage|p2b: Dragoncito|79/100
|-unboost|p2b: Dragoncito|spd|1
|move|p1b: Rillaboom|Wood Hammer|p2b: Dragoncito
|-resisted|p2b: Dragoncito
|-damage|p2b: Dragoncito|61/100
|-damage|p1b: Rillaboom|96/100|[from] Recoil
|move|p2a: Gatito|Parting Shot|p1b: Rillaboom
|-unboost|p1b: Rillaboom|atk|1
|-unboost|p1b: Rillaboom|spa|1
|
|t:|1756780049
|switch|p2a: Monederito|Gholdengo, L50|100/100|[from] Parting Shot
|move|p2b: Dragoncito|Scale Shot|p1b: Rillaboom
|-damage|p1b: Rillaboom|81/100
|-crit|p1b: Rillaboom
|-damage|p1b: Rillaboom|59/100
|-damage|p1b: Rillaboom|45/100
|-damage|p1b: Rillaboom|30/100
|-damage|p1b: Rillaboom|16/100
|-hitcount|p1b: Rillaboom|5
|-unboost|p2b: Dragoncito|def|1
|-boost|p2b: Dragoncito|spe|1
|
|-heal|p1a: Farigiraf|75/100|[from] Grassy Terrain
|-heal|p1b: Rillaboom|22/100|[from] Grassy Terrain
|upkeep
|turn|3
|inactive|moicito has 30 seconds left.
|inactive|moicito has 20 seconds left.
|
|t:|1756780088
|switch|p1b: Ursaluna|Ursaluna, L50, F|100/100
|move|p1a: Farigiraf|Psychic|p2b: Dragoncito
|-damage|p2b: Dragoncito|0 fnt
|faint|p2b: Dragoncito
|move|p2a: Monederito|Make It Rain|p1b: Ursaluna|[spread] p1a,p1b
|-damage|p1a: Farigiraf|22/100
|-damage|p1b: Ursaluna|51/100
|-unboost|p2a: Monederito|spa|1
|-damage|p2a: Monederito|91/100|[from] item: Life Orb
|
|-heal|p1b: Ursaluna|57/100|[from] Grassy Terrain
|-heal|p1a: Farigiraf|28/100|[from] Grassy Terrain
|-heal|p2a: Monederito|97/100|[from] Grassy Terrain
|-status|p1b: Ursaluna|brn|[from] item: Flame Orb
|upkeep
|inactive|moicito has 30 seconds left.
|
|t:|1756780119
|switch|p2b: Gatito|Incineroar, L50, M|100/100
|-ability|p2b: Gatito|Intimidate|boost
|-unboost|p1a: Farigiraf|atk|1
|-unboost|p1b: Ursaluna|atk|1
|turn|4
|inactive|moicito has 30 seconds left.
|
|t:|1756780155
|-terastallize|p2a: Monederito|Water
|move|p1b: Ursaluna|Headlong Rush|p2b: Gatito
|-supereffective|p2b: Gatito
|-crit|p2b: Gatito
|-damage|p2b: Gatito|0 fnt
|-unboost|p1b: Ursaluna|def|1
|-unboost|p1b: Ursaluna|spd|1
|faint|p2b: Gatito
|move|p1a: Farigiraf|Psychic|p2a: Monederito
|-damage|p2a: Monederito|52/100
|move|p2a: Monederito|Nasty Plot|p2a: Monederito
|-boost|p2a: Monederito|spa|2
|
|-heal|p1b: Ursaluna|63/100 brn|[from] Grassy Terrain
|-heal|p1a: Farigiraf|34/100|[from] Grassy Terrain
|-heal|p2a: Monederito|58/100|[from] Grassy Terrain
|-damage|p1b: Ursaluna|57/100 brn|[from] brn
|upkeep
|
|t:|1756780173
|switch|p2b: Pelito|Sneasler, L50, M|100/100
|turn|5
|
|t:|1756780190
|move|p2a: Monederito|Protect|p2a: Monederito
|-singleturn|p2a: Monederito|Protect
|move|p1b: Ursaluna|Headlong Rush|p2b: Pelito
|-supereffective|p2b: Pelito
|-enditem|p2b: Pelito|Focus Sash
|-damage|p2b: Pelito|1/100
|-unboost|p1b: Ursaluna|def|1
|-unboost|p1b: Ursaluna|spd|1
|move|p1a: Farigiraf|Hyper Voice|p2a: Monederito|[spread] p2b
|-activate|p2a: Monederito|move: Protect
|-damage|p2b: Pelito|0 fnt
|faint|p2b: Pelito
|
|-heal|p1b: Ursaluna|63/100 brn|[from] Grassy Terrain
|-heal|p1a: Farigiraf|41/100|[from] Grassy Terrain
|-heal|p2a: Monederito|64/100|[from] Grassy Terrain
|-damage|p1b: Ursaluna|57/100 brn|[from] brn
|-fieldend|move: Trick Room
|-fieldend|move: Grassy Terrain
|upkeep
|turn|6
|
|t:|1756780212
|move|p2a: Monederito|Make It Rain|p1b: Ursaluna|[spread] p1a,p1b
|-damage|p1a: Farigiraf|0 fnt
|-damage|p1b: Ursaluna|0 fnt
|-unboost|p2a: Monederito|spa|1
|faint|p1a: Farigiraf
|faint|p1b: Ursaluna
|-damage|p2a: Monederito|54/100|[from] item: Life Orb
|
|upkeep
|
|t:|1756780229
|switch|p1a: Scrafty|Scrafty, L50, M|100/100
|switch|p1b: Rillaboom|Rillaboom, L50, F|22/100
|-fieldstart|move: Grassy Terrain|[from] ability: Grassy Surge|[of] p1b: Rillaboom
|-ability|p1a: Scrafty|Intimidate|boost
|-unboost|p2a: Monederito|atk|1
|turn|7
|
|t:|1756780240
|-terastallize|p1a: Scrafty|Water
|move|p2a: Monederito|Protect|p2a: Monederito
|-singleturn|p2a: Monederito|Protect
|move|p1a: Scrafty|Fake Out|p2a: Monederito
|-activate|p2a: Monederito|move: Protect
|move|p1b: Rillaboom|Wood Hammer|p2a: Monederito
|-activate|p2a: Monederito|move: Protect
|
|-heal|p2a: Monederito|60/100|[from] Grassy Terrain
|-heal|p1b: Rillaboom|28/100|[from] Grassy Terrain
|upkeep
|turn|8
|
|t:|1756780256
|move|p1b: Rillaboom|Grassy Glide|p2a: Monederito
|-supereffective|p2a: Monederito
|-damage|p2a: Monederito|0 fnt
|faint|p2a: Monederito
|
|win|soccerdude26
||soccerdude26 is ready for game 2.
|l|☆soccerdude26
|player|p1|
||moicito is ready for game 2.
|uhtml|next|Next: Game 2 of 3
