|j|☆bdger
|j|☆alexander1111
|html|bdgeralexander1111    
|uhtml|bestof|Game 3 of a best-of-3
|t:|1784265553
|gametype|doubles
|player|p1|bdger|backpackerf|1313
|player|p2|alexander1111|preschooler|1363
|gen|9
|tier|[Gen 9 Champions] VGC 2026 Reg M-B (Bo3)
|rated|
|rule|Species Clause: Limit one of each Pokémon
|rule|Item Clause: Limit 1 of each item
|clearpoke
|poke|p1|Dragonite, L50, F|
|poke|p1|Incineroar, L50, F|
|poke|p1|Araquanid, L50, M|
|poke|p1|Mawile, L50, F|
|poke|p1|Basculegion, L50, M|
|poke|p1|Farigiraf, L50, M|
|poke|p2|Milotic, L50, F|
|poke|p2|Maushold-Four, L50|
|poke|p2|Charizard, L50, M, shiny|
|poke|p2|Whimsicott, L50, M, shiny|
|poke|p2|Kingambit, L50, M|
|poke|p2|Garchomp, L50, M|
|teampreview|4
|showteam|p1|Dragonite||Dragoninite|Multiscale|Thunderbolt,DracoMeteor,AirSlash,Tailwind|Modest||F|||50|]Incineroar||WhiteHerb|Intimidate|FakeOut,DarkestLariat,FlareBlitz,CloseCombat|Adamant||F|||50|]Araquanid||MysticWater|WaterBubble|Protect,HydroPump,WideGuard,Infestation|Quiet||M|||50|]Mawile||Mawilite|HyperCutter|PlayRough,RockSlide,SuckerPunch,Protect|Brave||F|||50|]Basculegion||FocusSash|Adaptability|Liquidation,Protect,LastRespects,AquaJet|Adamant||M|||50|]Farigiraf||ColburBerry|ArmorTail|HelpingHand,Protect,Psychic,TrickRoom|Relaxed||M|||50|
|showteam|p2|Milotic||SitrusBerry|Competitive|Scald,IceBeam,HelpingHand,Protect|Modest||F|||50|]Maushold-Four||WideLens|Technician|PopulationBomb,FollowMe,Protect,SunnyDay|Jolly|||||50|]Charizard||CharizarditeY|Blaze|SolarBeam,HeatWave,WeatherBall,Protect|Timid||M|||50|]Whimsicott||FocusSash|Prankster|Tailwind,Moonblast,Protect,Encore|Timid||M|||50|]Kingambit||ChopleBerry|Defiant|KowtowCleave,SuckerPunch,IronHead,LowKick|Adamant||M|||50|]Garchomp||LifeOrb|RoughSkin|RockSlide,Earthquake,DragonClaw,Protect|Jolly||M|||50|
|
|t:|1784265586
|teamsize|p1|4
|teamsize|p2|4
|start
|switch|p1a: Dragonite|Dragonite, L50, F|100/100
|switch|p1b: Araquanid|Araquanid, L50, M|100/100
|switch|p2a: Maushold|Maushold-Four, L50|100/100
|switch|p2b: Milotic|Milotic, L50, F|100/100
|turn|1
|
|t:|1784265603
|switch|p1a: Basculegion|Basculegion, L50, M|100/100
|move|p2b: Milotic|Helping Hand|p2a: Maushold
|-singleturn|p2a: Maushold|Helping Hand|[of] p2b: Milotic
|move|p2a: Maushold|Population Bomb|p1a: Basculegion
|-immune|p1a: Basculegion
|move|p1b: Araquanid|Hydro Pump|p2a: Maushold|[miss]
|-miss|p1b: Araquanid|p2a: Maushold
|
|upkeep
|turn|2
|
|t:|1784265613
|move|p1b: Araquanid|Protect|p1b: Araquanid
|-singleturn|p1b: Araquanid|Protect
|move|p2a: Maushold|Population Bomb|p1b: Araquanid
|-activate|p1b: Araquanid|move: Protect
|move|p1a: Basculegion|Liquidation|p2a: Maushold
|-damage|p2a: Maushold|13/100
|move|p2b: Milotic|Scald|p1a: Basculegion
|-resisted|p1a: Basculegion|1
|-damage|p1a: Basculegion|81/100
|
|upkeep
|turn|3
|
|t:|1784265628
|switch|p2a: Kingambit|Kingambit, L50, M|100/100
|move|p1a: Basculegion|Aqua Jet|p2a: Kingambit
|-damage|p2a: Kingambit|78/100
|move|p2b: Milotic|Scald|p1a: Basculegion
|-resisted|p1a: Basculegion|1
|-damage|p1a: Basculegion|62/100
|move|p1b: Araquanid|Infestation|p2b: Milotic
|-damage|p2b: Milotic|95/100
|-activate|p2b: Milotic|move: Infestation|[of] p1b: Araquanid
|
|-damage|p2b: Milotic|83/100|[from] move: Infestation|[partiallytrapped]
|upkeep
|turn|4
|
|t:|1784265648
|move|p1b: Araquanid|Protect|p1b: Araquanid
|-singleturn|p1b: Araquanid|Protect
|move|p1a: Basculegion|Liquidation|p2a: Kingambit
|-damage|p2a: Kingambit|34/100
|move|p2b: Milotic|Ice Beam|p1a: Basculegion
|-resisted|p1a: Basculegion|1
|-damage|p1a: Basculegion|47/100
|move|p2a: Kingambit|Kowtow Cleave|p1a: Basculegion
|-supereffective|p1a: Basculegion|1
|-damage|p1a: Basculegion|0 fnt
|faint|p1a: Basculegion
|
|-damage|p2b: Milotic|70/100|[from] move: Infestation|[partiallytrapped]
|upkeep
|
|t:|1784265651
|switch|p1a: Dragonite|Dragonite, L50, F|100/100
|turn|5
|
|t:|1784265678
|detailschange|p1a: Dragonite|Dragonite-Mega, L50, F
|-mega|p1a: Dragonite|Dragonite|Dragoninite
|move|p2a: Kingambit|Sucker Punch|p1b: Araquanid
|-damage|p1b: Araquanid|52/100
|move|p1a: Dragonite|Thunderbolt|p2b: Milotic
|-supereffective|p2b: Milotic|1
|-damage|p2b: Milotic|19/100
|-enditem|p2b: Milotic|Sitrus Berry|[eat]
|-heal|p2b: Milotic|44/100|[from] item: Sitrus Berry
|move|p2b: Milotic|Ice Beam|p1a: Dragonite
|-supereffective|p1a: Dragonite|2
|-damage|p1a: Dragonite|60/100
|move|p1b: Araquanid|Hydro Pump|p2a: Kingambit
|-damage|p2a: Kingambit|0 fnt
|faint|p2a: Kingambit
|
|-damage|p2b: Milotic|31/100|[from] move: Infestation|[partiallytrapped]
|upkeep
|
|t:|1784265700
|switch|p2a: Maushold|Maushold-Four, L50|13/100
|turn|6
|
|t:|1784265708
|switch|p1a: Farigiraf|Farigiraf, L50, M|100/100
|move|p2a: Maushold|Population Bomb|p1a: Farigiraf
|-damage|p1a: Farigiraf|90/100
|-damage|p1a: Farigiraf|82/100
|-damage|p1a: Farigiraf|73/100
|-damage|p1a: Farigiraf|63/100
|-damage|p1a: Farigiraf|54/100
|-damage|p1a: Farigiraf|46/100
|-damage|p1a: Farigiraf|37/100
|-damage|p1a: Farigiraf|28/100
|-damage|p1a: Farigiraf|20/100y
|-damage|p1a: Farigiraf|12/100
|-hitcount|p1a: Farigiraf|10
|move|p2b: Milotic|Scald|p1a: Farigiraf
|-damage|p1a: Farigiraf|0 fnt
|faint|p1a: Farigiraf
|move|p1b: Araquanid|Hydro Pump|p2a: Maushold
|-damage|p2a: Maushold|0 fnt
|faint|p2a: Maushold
|
|-damage|p2b: Milotic|19/100|[from] move: Infestation|[partiallytrapped]
|upkeep
|
|t:|1784265730
|switch|p2a: Charizard|Charizard, L50, M, shiny|100/100
|switch|p1a: Dragonite|Dragonite-Mega, L50, F|60/100
|turn|7
|
|t:|1784265760
|detailschange|p2a: Charizard|Charizard-Mega-Y, L50, M, shiny
|-mega|p2a: Charizard|Charizard|Charizardite Y
|-weather|SunnyDay|[from] ability: Drought|[of] p2a: Charizard
|move|p2b: Milotic|Protect|p2b: Milotic
|-singleturn|p2b: Milotic|Protect
|move|p2a: Charizard|Weather Ball|p1a: Dragonite
|-resisted|p1a: Dragonite|1
|-damage|p1a: Dragonite|24/100
|move|p1a: Dragonite|Tailwind|p1a: Dragonite
|-sidestart|p1: bdger|move: Tailwind
|move|p1b: Araquanid|Hydro Pump|p2b: Milotic
|-activate|p2b: Milotic|move: Protect
|
|-weather|SunnyDay|[upkeep]
|-end|p2b: Milotic|Infestation|[partiallytrapped]
|upkeep
|turn|8
|
|t:|1784265783
|move|p2b: Milotic|Helping Hand|p2a: Charizard
|-singleturn|p2a: Charizard|Helping Hand|[of] p2b: Milotic
|move|p1a: Dragonite|Thunderbolt|p2b: Milotic
|-supereffective|p2b: Milotic|1
|-damage|p2b: Milotic|0 fnt
|faint|p2b: Milotic
|move|p2a: Charizard|Heat Wave|p1a: Dragonite|[spread] p1a,p1b
|-resisted|p1a: Dragonite|1
|-damage|p1a: Dragonite|0 fnt
|-damage|p1b: Araquanid|13/100
|faint|p1a: Dragonite
|move|p1b: Araquanid|Hydro Pump|p2a: Charizard
|-supereffective|p2a: Charizard|1
|-damage|p2a: Charizard|21/100
|
|-weather|SunnyDay|[upkeep]
|upkeep
|turn|9
|
|t:|1784265797
|move|p2a: Charizard|Solar Beam||[still]
|-prepare|p2a: Charizard|Solar Beam
|-anim|p2a: Charizard|Solar Beam|p1b: Araquanid
|-damage|p1b: Araquanid|0 fnt
|faint|p1b: Araquanid
|
|win|alexander1111
|raw|bdger's rating: 1313 → 1296(-17 for losing)
|raw|alexander1111's rating: 1363 → 1380(+17 for winning)
|l|☆bdger
|player|p1|
