|j|☆asefito
|j|☆irondingus
|html|asefitoirondingus    
|uhtml|bestof|Game 2 of a best-of-3
|t:|1783459379
|gametype|doubles
|player|p1|asefito|winona|1181
|player|p2|irondingus|lady-gen4|1409
|gen|9
|tier|[Gen 9 Champions] VGC 2026 Reg M-B (Bo3)
|rated|
|rule|Species Clause: Limit one of each Pokémon
|rule|Item Clause: Limit 1 of each item
|clearpoke
|poke|p1|Incineroar, L50, F|
|poke|p1|Basculegion, L50, M|
|poke|p1|Tinkaton, L50, F|
|poke|p1|Floette-Eternal, L50, F|
|poke|p1|Kingambit, L50, M|
|poke|p1|Sneasler, L50, F|
|poke|p2|Floette-Eternal, L50, F|
|poke|p2|Sneasler, L50, F|
|poke|p2|Incineroar, L50, F|
|poke|p2|Delphox, L50, M|
|poke|p2|Kingambit, L50, M, shiny|
|poke|p2|Sinistcha, L50, shiny|
|teampreview|4
|showteam|p1|Incineroar||SitrusBerry|Intimidate|FlareBlitz,DarkestLariat,PartingShot,FakeOut|Careful||F|||50|]Basculegion||ChoiceScarf|Adaptability|WaveCrash,LastRespects,FlipTurn,AquaJet|Jolly||M|||50|]Tinkaton||Leftovers|MoldBreaker|GigatonHammer,PlayRough,BrickBreak,FakeOut|Adamant||F|||50|]Floette-Eternal||Floettite|FlowerVeil|Moonblast,DazzlingGleam,CalmMind,Protect|Modest||F|||50|]Kingambit||LifeOrb|Defiant|KowtowCleave,SuckerPunch,SwordsDance,Protect|Adamant||M|||50|]Sneasler||FocusSash|PoisonTouch|CloseCombat,DireClaw,Feint,FakeOut|Jolly||F|||50|
|showteam|p2|Floette-Eternal||Floettite|FlowerVeil|DazzlingGleam,DrainingKiss,CalmMind,Protect|Bold||F|||50|]Sneasler||FocusSash|PoisonTouch|CloseCombat,PoisonJab,FakeOut,QuickGuard|Jolly||F|||50|]Incineroar||SitrusBerry|Intimidate|FlareBlitz,DarkestLariat,FakeOut,PartingShot|Careful||F|||50|]Delphox||Delphoxite|Blaze|NastyPlot,Psyshock,HeatWave,Protect|Timid||M|||50|]Kingambit||BlackGlasses|Defiant|KowtowCleave,SwordsDance,SuckerPunch,Protect|Adamant||M|||50|]Sinistcha||KasibBerry|Hospitality|MatchaGotcha,TrickRoom,RagePowder,Protect|Bold|||||50|
|inactive|Battle timer is ON: inactive players will automatically lose when time's up. (requested by asefito)
|
|t:|1783459405
|teamsize|p1|4
|teamsize|p2|4
|start
|switch|p1a: Basculegion|Basculegion, L50, M|100/100
|switch|p1b: Incineroar|Incineroar, L50, F|100/100
|switch|p2a: Sneasler|Sneasler, L50, F|100/100
|switch|p2b: Kingambit|Kingambit, L50, M, shiny|100/100
|-ability|p1b: Incineroar|Intimidate|boost
|-unboost|p2a: Sneasler|atk|1
|-unboost|p2b: Kingambit|atk|1
|-ability|p2b: Kingambit|Defiant|boost
|-boost|p2b: Kingambit|atk|2
|turn|1
|
|t:|1783459420
|switch|p1a: Sneasler|Sneasler, L50, F|100/100
|move|p2a: Sneasler|Fake Out|p1b: Incineroar
|-damage|p1b: Incineroar|91/100
|-status|p1b: Incineroar|psn|[from] ability: Poison Touch|[of] p2a: Sneasler
|cant|p1b: Incineroar|flinch
|move|p2b: Kingambit|Kowtow Cleave|p1b: Incineroar
|-resisted|p1b: Incineroar|1
|-damage|p1b: Incineroar|52/100 psn
|
|-damage|p1b: Incineroar|40/100 psn|[from] psn
|upkeep
|-enditem|p1b: Incineroar|Sitrus Berry|[eat]
|-heal|p1b: Incineroar|64/100 psn|[from] item: Sitrus Berry
|turn|2
|
|t:|1783459435
|switch|p2a: Incineroar|Incineroar, L50, F|100/100
|-ability|p2a: Incineroar|Intimidate|boost
|-unboost|p1a: Sneasler|atk|1
|-unboost|p1b: Incineroar|atk|1
|move|p2b: Kingambit|Protect|p2b: Kingambit
|-singleturn|p2b: Kingambit|Protect
|move|p1a: Sneasler|Close Combat|p2b: Kingambit
|-activate|p2b: Kingambit|move: Protect
|move|p1b: Incineroar|Flare Blitz|p2a: Incineroar
|-resisted|p2a: Incineroar|1
|-damage|p2a: Incineroar|87/100
|-damage|p1b: Incineroar|60/100 psn|[from] Recoil
|
|-damage|p1b: Incineroar|48/100 psn|[from] psn
|upkeep
|turn|3
|
|t:|1783459446
|switch|p1a: Basculegion|Basculegion, L50, M|100/100
|move|p2a: Incineroar|Fake Out|p1a: Basculegion
|-immune|p1a: Basculegion
|move|p1b: Incineroar|Flare Blitz|p2b: Kingambit
|-supereffective|p2b: Kingambit|1
|-damage|p2b: Kingambit|49/100
|-damage|p1b: Incineroar|31/100 psn|[from] Recoil
|move|p2b: Kingambit|Kowtow Cleave|p1a: Basculegion
|-supereffective|p1a: Basculegion|1
|-crit|p1a: Basculegion
|-damage|p1a: Basculegion|0 fnt
|faint|p1a: Basculegion
|
|-damage|p1b: Incineroar|19/100 psn|[from] psn
|upkeep
|
|t:|1783459456
|switch|p1a: Sneasler|Sneasler, L50, F|100/100
|turn|4
|
|t:|1783459463
|switch|p2a: Sneasler|Sneasler, L50, F|100/100
|move|p2b: Kingambit|Sucker Punch|p1b: Incineroar
|-resisted|p1b: Incineroar|1
|-damage|p1b: Incineroar|0 fnt
|faint|p1b: Incineroar
|move|p1a: Sneasler|Close Combat|p2a: Sneasler
|-resisted|p2a: Sneasler|1
|-damage|p2a: Sneasler|47/100
|-unboost|p1a: Sneasler|def|1
|-unboost|p1a: Sneasler|spd|1
|
|upkeep
|
|t:|1783459471
|switch|p1b: Floette|Floette-Eternal, L50, F|100/100
|turn|5
|
|t:|1783459482
|detailschange|p1b: Floette|Floette-Mega, L50, F
|-mega|p1b: Floette|Floette|Floettite
|-ability|p1b: Floette|Fairy Aura
|move|p2b: Kingambit|Sucker Punch|p1a: Sneasler
|-resisted|p1a: Sneasler|1
|-damage|p1a: Sneasler|1/100
|move|p2a: Sneasler|Poison Jab|p1b: Floette
|-supereffective|p1b: Floette|1
|-damage|p1b: Floette|15/100
|move|p1a: Sneasler|Close Combat|p2b: Kingambit
|-supereffective|p2b: Kingambit|2
|-damage|p2b: Kingambit|0 fnt
|-unboost|p1a: Sneasler|def|1
|-unboost|p1a: Sneasler|spd|1
|faint|p2b: Kingambit
|move|p1b: Floette|Moonblast|p2a: Sneasler
|-damage|p2a: Sneasler|0 fnt
|faint|p2a: Sneasler
|
|upkeep
|
|t:|1783459492
|switch|p2a: Incineroar|Incineroar, L50, F|87/100
|switch|p2b: Floette|Floette-Eternal, L50, F|100/100
|-ability|p2a: Incineroar|Intimidate|boost
|-unboost|p1a: Sneasler|atk|1
|-unboost|p1b: Floette|atk|1
|turn|6
|
|t:|1783459508
|detailschange|p2b: Floette|Floette-Mega, L50, F
|-mega|p2b: Floette|Floette|Floettite
|-ability|p2b: Floette|Fairy Aura
|move|p2a: Incineroar|Fake Out|p1a: Sneasler
|-damage|p1a: Sneasler|0 fnt
|faint|p1a: Sneasler
|move|p2b: Floette|Dazzling Gleam|p1b: Floette
|-damage|p1b: Floette|0 fnt
|faint|p1b: Floette
|
|win|irondingus
|raw|asefito's rating: 1181 → 1170(-11 for losing)
|raw|irondingus's rating: 1409 → 1417(+8 for winning)
