|j|☆MarkPanCP
|j|☆Phiro45
|html|MarkPanCPPhiro45    
|uhtml|bestof|Game 1 of a best-of-3
|t:|1786158748
|gametype|doubles
|player|p1|MarkPanCP|cynthia|
|player|p2|Phiro45|iris-gen5bw2|
|gen|9
|tier|[Gen 9 Champions] VGC 2026 Reg M-B (Bo3)
|rule|Species Clause: Limit one of each Pokémon
|rule|Item Clause: Limit 1 of each item
|clearpoke
|poke|p1|Charizard, L50, M|
|poke|p1|Venusaur, L50, M|
|poke|p1|Sinistcha, L50|
|poke|p1|Incineroar, L50, F|
|poke|p1|Floette-Eternal, L50, F|
|poke|p1|Garchomp, L50, F|
|poke|p2|Garchomp, L50, F|
|poke|p2|Charizard, L50, M|
|poke|p2|Kingambit, L50, F|
|poke|p2|Basculegion, L50, M|
|poke|p2|Whimsicott, L50, F|
|poke|p2|Farigiraf, L50, F|
|teampreview|4
|showteam|p1|Charizard||CharizarditeY|Blaze|HeatWave,Protect,SolarBeam,WeatherBall|Modest||M|||50|]Venusaur||FocusSash|Chlorophyll|SludgeBomb,LeafStorm,Protect,SleepPowder|Timid||M|||50|]Sinistcha||ColburBerry|Hospitality|TrickRoom,Protect,MatchaGotcha,RagePowder|Relaxed|||||50|]Incineroar||SitrusBerry|Intimidate|FlareBlitz,FakeOut,ThroatChop,PartingShot|Careful||F|||50|]Floette-Eternal||Floettite|FlowerVeil|Moonblast,CalmMind,DazzlingGleam,Protect|Timid||F|||50|]Garchomp||ChoiceScarf|RoughSkin|Earthquake,RockSlide,DragonClaw,StompingTantrum|Adamant||F|||50|
|showteam|p2|Garchomp||LifeOrb|RoughSkin|RockSlide,DragonClaw,StompingTantrum,Protect|Rash||F|||50|]Charizard||CharizarditeY|Blaze|HeatWave,SolarBeam,WeatherBall,Protect|Timid||M|||50|]Kingambit||ChopleBerry|Defiant|KowtowCleave,IronHead,SuckerPunch,LowKick|Adamant||F|||50|]Basculegion||ChoiceScarf|Adaptability|LastRespects,WaveCrash,FlipTurn,AquaJet|Jolly||M|||50|]Whimsicott||FocusSash|Prankster|Tailwind,Moonblast,Encore,Protect|Bold||F|||50|]Farigiraf||SitrusBerry|ArmorTail|Psychic,Thunderbolt,TrickRoom,HelpingHand|Quiet||F|||50|
|j| OrCapp
|j| plata_0007
|
|t:|1786158798
|teamsize|p1|4
|teamsize|p2|4
|start
|switch|p1a: Violador|Charizard, L50, M|100/100
|switch|p1b: Mikecrak|Floette-Eternal, L50, F|100/100
|switch|p2a: VictiniShiny|Charizard, L50, M|100/100
|switch|p2b: DiosDel69|Kingambit, L50, F|100/100
|turn|1
|
|t:|1786158829
|move|p2a: VictiniShiny|Protect|p2a: VictiniShiny
|-singleturn|p2a: VictiniShiny|Protect
|move|p1b: Mikecrak|Protect|p1b: Mikecrak
|-singleturn|p1b: Mikecrak|Protect
|move|p1a: Violador|Heat Wave|p2a: VictiniShiny|[spread] p2b
|-activate|p2a: VictiniShiny|move: Protect
|-supereffective|p2b: DiosDel69|1
|-damage|p2b: DiosDel69|42/100
|move|p2b: DiosDel69|Iron Head|p1b: Mikecrak
|-activate|p1b: Mikecrak|move: Protect
|
|upkeep
|turn|2
|
|t:|1786158866
|detailschange|p2a: VictiniShiny|Charizard-Mega-Y, L50, M
|-mega|p2a: VictiniShiny|Charizard|Charizardite Y
|-weather|SunnyDay|[from] ability: Drought|[of] p2a: VictiniShiny
|move|p2a: VictiniShiny|Weather Ball|p1b: Mikecrak
|-damage|p1b: Mikecrak|7/100
|move|p1b: Mikecrak|Calm Mind|p1b: Mikecrak
|-boost|p1b: Mikecrak|spa|1
|-boost|p1b: Mikecrak|spd|1
|move|p1a: Violador|Solar Beam||[still]
|-prepare|p1a: Violador|Solar Beam
|-anim|p1a: Violador|Solar Beam|p2b: DiosDel69
|-resisted|p2b: DiosDel69|1
|-damage|p2b: DiosDel69|26/100
|move|p2b: DiosDel69|Iron Head|p1b: Mikecrak
|-supereffective|p1b: Mikecrak|1
|-damage|p1b: Mikecrak|0 fnt
|faint|p1b: Mikecrak
|
|-weather|SunnyDay|[upkeep]
|upkeep
|j| GoyoTraineador
|
|t:|1786158883
|switch|p1b: Pitudo|Garchomp, L50, F|100/100
|turn|3
|
|t:|1786158916
|move|p1b: Pitudo|Earthquake|p2b: DiosDel69|[spread] p2b
|-immune|p1a: Violador
|-immune|p2a: VictiniShiny
|-supereffective|p2b: DiosDel69|1
|-damage|p2b: DiosDel69|0 fnt
|faint|p2b: DiosDel69
|move|p2a: VictiniShiny|Solar Beam||[still]
|-prepare|p2a: VictiniShiny|Solar Beam
|-anim|p2a: VictiniShiny|Solar Beam|p1b: Pitudo
|-damage|p1b: Pitudo|46/100
|move|p1a: Violador|Heat Wave|p2a: VictiniShiny
|-resisted|p2a: VictiniShiny|1
|-damage|p2a: VictiniShiny|71/100
|
|-weather|SunnyDay|[upkeep]
|upkeep
|
|t:|1786158929
|switch|p2b: Protect4Eva|Whimsicott, L50, F|100/100
|turn|4
|
|t:|1786158957
|switch|p1b: Incinegoat|Incineroar, L50, F|100/100
|-ability|p1b: Incinegoat|Intimidate|boost
|-unboost|p2a: VictiniShiny|atk|1
|-unboost|p2b: Protect4Eva|atk|1
|move|p2b: Protect4Eva|Protect|p2b: Protect4Eva
|-singleturn|p2b: Protect4Eva|Protect
|move|p2a: VictiniShiny|Solar Beam||[still]
|-prepare|p2a: VictiniShiny|Solar Beam
|-anim|p2a: VictiniShiny|Solar Beam|p1b: Incinegoat
|-resisted|p1b: Incinegoat|1
|-damage|p1b: Incinegoat|75/100
|move|p1a: Violador|Solar Beam||[still]
|-prepare|p1a: Violador|Solar Beam
|-anim|p1a: Violador|Solar Beam|p2a: VictiniShiny
|-resisted|p2a: VictiniShiny|2
|-damage|p2a: VictiniShiny|62/100
|
|-weather|SunnyDay|[upkeep]
|upkeep
|turn|5
|
|t:|1786158989
|move|p1b: Incinegoat|Fake Out|p2a: VictiniShiny
|-damage|p2a: VictiniShiny|46/100
|cant|p2a: VictiniShiny|flinch
|move|p2b: Protect4Eva|Moonblast|p1b: Incinegoat
|-damage|p1b: Incinegoat|48/100
|-enditem|p1b: Incinegoat|Sitrus Berry|[eat]
|-heal|p1b: Incinegoat|72/100|[from] item: Sitrus Berry
|move|p1a: Violador|Heat Wave|p2b: Protect4Eva|[spread] p2a,p2b
|-resisted|p2a: VictiniShiny|1
|-supereffective|p2b: Protect4Eva|1
|-damage|p2a: VictiniShiny|23/100
|-enditem|p2b: Protect4Eva|Focus Sash
|-damage|p2b: Protect4Eva|1/100
|
|-weather|SunnyDay|[upkeep]
|upkeep
|turn|6
|
|t:|1786159020
|detailschange|p1a: Violador|Charizard-Mega-Y, L50, M
|-mega|p1a: Violador|Charizard|Charizardite Y
|move|p2b: Protect4Eva|Protect|p2b: Protect4Eva
|-singleturn|p2b: Protect4Eva|Protect
|move|p2a: VictiniShiny|Heat Wave|p1a: Violador|[spread] p1a,p1b
|-resisted|p1a: Violador|1
|-resisted|p1b: Incinegoat|1
|-damage|p1a: Violador|64/100
|-damage|p1b: Incinegoat|40/100
|move|p1a: Violador|Heat Wave|p2b: Protect4Eva|[spread] p2a
|-activate|p2b: Protect4Eva|move: Protect
|-resisted|p2a: VictiniShiny|1
|-damage|p2a: VictiniShiny|0 fnt
|faint|p2a: VictiniShiny
|move|p1b: Incinegoat|Throat Chop|p2b: Protect4Eva
|-activate|p2b: Protect4Eva|move: Protect
|
|-weather|none
|upkeep
|
|t:|1786159034
|switch|p2a: Bananini|Garchomp, L50, F|100/100
|turn|7
|
|t:|1786159049
|move|p2b: Protect4Eva|Protect|p2b: Protect4Eva
|-singleturn|p2b: Protect4Eva|Protect
|move|p2a: Bananini|Stomping Tantrum|p1b: Incinegoat
|-supereffective|p1b: Incinegoat|1
|-damage|p1b: Incinegoat|0 fnt
|faint|p1b: Incinegoat
|-damage|p2a: Bananini|90/100|[from] item: Life Orb
|move|p1a: Violador|Weather Ball|p2b: Protect4Eva
|-activate|p2b: Protect4Eva|move: Protect
|
|upkeep
|
|t:|1786159061
|switch|p1b: Pitudo|Garchomp, L50, F|46/100
|turn|8
|
|t:|1786159081
|move|p1b: Pitudo|Rock Slide|p2a: Bananini|[spread] p2a,p2b
|-resisted|p2a: Bananini|1
|-damage|p2a: Bananini|81/100
|-damage|p2b: Protect4Eva|0 fnt
|faint|p2b: Protect4Eva
|cant|p2a: Bananini|flinch
|move|p1a: Violador|Heat Wave|p2a: Bananini
|-resisted|p2a: Bananini|1
|-crit|p2a: Bananini
|-damage|p2a: Bananini|28/100
|
|upkeep
|turn|9
|
|t:|1786159096
|move|p1b: Pitudo|Rock Slide|p2a: Bananini
|-resisted|p2a: Bananini|1
|-damage|p2a: Bananini|16/100
|move|p2a: Bananini|Rock Slide|p1a: Violador|[spread] p1a,p1b
|-supereffective|p1a: Violador|2
|-resisted|p1b: Pitudo|1
|-damage|p1a: Violador|0 fnt
|-damage|p1b: Pitudo|33/100
|faint|p1a: Violador
|-damage|p2a: Bananini|7/100|[from] item: Life Orb
|
|upkeep
|turn|10
|
|t:|1786159108
|move|p1b: Pitudo|Rock Slide|p2a: Bananini
|-resisted|p2a: Bananini|1
|-damage|p2a: Bananini|0 fnt
|faint|p2a: Bananini
|
|win|MarkPanCP
