|j|☆loop2008auraaura
|j|☆new mental
|html|loop2008auraauranew mental    
|uhtml|bestof|Game 1 of a best-of-3
|t:|1784282522
|gametype|doubles
|player|p1|loop2008auraaura|red|1054
|player|p2|new mental|volkner|1179
|gen|9
|tier|[Gen 9 Champions] VGC 2026 Reg M-B (Bo3)
|rated|
|rule|Species Clause: Limit one of each Pokémon
|rule|Item Clause: Limit 1 of each item
|clearpoke
|poke|p1|Audino, L50, M|
|poke|p1|Overqwil, L50, M|
|poke|p1|Ninetales-Alola, L50, M|
|poke|p1|Klefki, L50, M|
|poke|p1|Meowscarada, L50, M, shiny|
|poke|p1|Incineroar, L50, M|
|poke|p2|Charizard, L50, F|
|poke|p2|Kingambit, L50, M|
|poke|p2|Sylveon, L50, F|
|poke|p2|Garchomp, L50, F|
|poke|p2|Aerodactyl, L50, F|
|poke|p2|Farigiraf, L50, M|
|teampreview|4
|showteam|p1|Audino||Audinite|Healer|TrickRoom,SimpleBeam,Yawn,Protect|Relaxed||M|||50|]Overqwil||FocusSash|Intimidate|Protect,Minimize,Stockpile,Taunt|Relaxed||M|||50|]Ninetales-Alola||LightClay|SnowWarning|PsychUp,AuroraVeil,Blizzard,Protect|Timid||M|||50|]Klefki||Leftovers|Prankster|PsychUp,TrickRoom,DrainingKiss,Substitute|Relaxed||M|||50|]Meowscarada||LifeOrb|Protean|TripleAxel,PsychUp,LowKick,FlowerTrick|Jolly||M|||50|]Incineroar||SitrusBerry|Intimidate|FakeOut,PartingShot,FlareBlitz,DarkestLariat|Careful||M|||50|
|showteam|p2|Charizard||CharizarditeY|SolarPower|Protect,HeatWave,SolarBeam,WeatherBall|Modest||F|||50|]Kingambit||FocusSash|Defiant|IronHead,SuckerPunch,KowtowCleave,LowKick|Adamant||M|||50|]Sylveon||FairyFeather|Pixilate|Detect,HyperVoice,HyperBeam,QuickAttack|Modest||F|||50|]Garchomp||LifeOrb|RoughSkin|Protect,DragonClaw,Earthquake,RockSlide|Jolly||F|||50|]Aerodactyl||Aerodactylite|Unnerve|IceFang,RockSlide,Tailwind,DualWingbeat|Jolly||F|||50|]Farigiraf||SitrusBerry|ArmorTail|TrickRoom,Psychic,Thunderbolt,Roar|Bold||M|||50|
|inactive|Battle timer is ON: inactive players will automatically lose when time's up. (requested by new mental)
|
|t:|1784282557
|teamsize|p1|4
|teamsize|p2|4
|start
|switch|p1a: Audino|Audino, L50, M|100/100
|switch|p1b: Overqwil|Overqwil, L50, M|100/100
|switch|p2a: Aerodactyl|Aerodactyl, L50, F|100/100
|switch|p2b: Sylveon|Sylveon, L50, F|100/100
|-ability|p2a: Aerodactyl|Unnerve
|-ability|p1b: Overqwil|Intimidate|boost
|-unboost|p2a: Aerodactyl|atk|1
|-unboost|p2b: Sylveon|atk|1
|turn|1
|
|t:|1784282579
|detailschange|p2a: Aerodactyl|Aerodactyl-Mega, L50, F
|-mega|p2a: Aerodactyl|Aerodactyl|Aerodactylite
|detailschange|p1a: Audino|Audino-Mega, L50, M
|-mega|p1a: Audino|Audino|Audinite
|move|p1b: Overqwil|Protect|p1b: Overqwil
|-singleturn|p1b: Overqwil|Protect
|move|p2a: Aerodactyl|Tailwind|p2a: Aerodactyl
|-sidestart|p2: new mental|move: Tailwind
|move|p2b: Sylveon|Hyper Voice|p1a: Audino|[spread] p1a
|-activate|p1b: Overqwil|move: Protect
|-damage|p1a: Audino|69/100
|move|p1a: Audino|Trick Room|p1a: Audino
|-fieldstart|move: Trick Room|[of] p1a: Audino
|
|upkeep
|turn|2
|
|t:|1784282600
|switch|p2a: Kingambit|Kingambit, L50, M|100/100
|move|p1a: Audino|Simple Beam|p1b: Overqwil
|-ability|p1b: Overqwil|Simple|Intimidate|[from] move: Simple Beam
|move|p1b: Overqwil|Minimize|p1b: Overqwil
|-boost|p1b: Overqwil|evasion|4
|move|p2b: Sylveon|Hyper Voice|p1a: Audino|[spread] p1a
|-miss|p2b: Sylveon|p1b: Overqwil
|-damage|p1a: Audino|36/100
|
|upkeep
|turn|3
|
|t:|1784282624
|move|p1a: Audino|Protect|p1a: Audino
|-singleturn|p1a: Audino|Protect
|move|p1b: Overqwil|Minimize|p1b: Overqwil
|-boost|p1b: Overqwil|evasion|2
|move|p2b: Sylveon|Hyper Voice|p1b: Overqwil|[spread] 
|-activate|p1a: Audino|move: Protect
|-miss|p2b: Sylveon|p1b: Overqwil
|move|p2a: Kingambit|Iron Head|p1b: Overqwil|[miss]
|-miss|p2a: Kingambit|p1b: Overqwil
|
|upkeep
|turn|4
|
|t:|1784282641
|move|p1a: Audino|Yawn|p2b: Sylveon
|-start|p2b: Sylveon|move: Yawn|[of] p1a: Audino
|move|p1b: Overqwil|Stockpile|p1b: Overqwil
|-start|p1b: Overqwil|stockpile1
|-boost|p1b: Overqwil|def|2
|-boost|p1b: Overqwil|spd|2
|move|p2b: Sylveon|Hyper Voice|p1a: Audino|[spread] p1a,p1b
|-damage|p1a: Audino|6/100
|-damage|p1b: Overqwil|71/100
|move|p2a: Kingambit|Iron Head|p1b: Overqwil|[miss]
|-miss|p2a: Kingambit|p1b: Overqwil
|
|-sideend|p2: new mental|move: Tailwind
|upkeep
|turn|5
|
|t:|1784282663
|switch|p2b: Farigiraf|Farigiraf, L50, M|100/100
|move|p1a: Audino|Yawn|p2a: Kingambit
|-start|p2a: Kingambit|move: Yawn|[of] p1a: Audino
|move|p1b: Overqwil|Stockpile|p1b: Overqwil
|-start|p1b: Overqwil|stockpile2
|-boost|p1b: Overqwil|def|2
|-boost|p1b: Overqwil|spd|2
|move|p2a: Kingambit|Iron Head|p1b: Overqwil|[miss]
|-miss|p2a: Kingambit|p1b: Overqwil
|
|-fieldend|move: Trick Room
|upkeep
|turn|6
|
|t:|1784282682
|switch|p2a: Sylveon|Sylveon, L50, F|100/100
|move|p1b: Overqwil|Protect|p1b: Overqwil
|-singleturn|p1b: Overqwil|Protect
|move|p2b: Farigiraf|Roar|p1b: Overqwil
|drag|p1b: Ninetales|Ninetales-Alola, L50, M|100/100
|-weather|Snowscape|[from] ability: Snow Warning|[of] p1b: Ninetales
|move|p1a: Audino|Trick Room|p1a: Audino
|-fieldstart|move: Trick Room|[of] p1a: Audino
|
|-weather|Snowscape|[upkeep]
|upkeep
|turn|7
|inactive|loop2008auraaura has 30 seconds left.
|inactive|loop2008auraaura has 20 seconds left.
|inactive|loop2008auraaura has 15 seconds left.
|-message|loop2008auraaura forfeited.
|
|win|new mental
