|j|☆greatox17!
|j|☆trypy
|html|greatox17!trypy    
|uhtml|bestof|Game 2 of a best-of-3
|t:|1783474615
|gametype|doubles
|player|p1|greatox17!|2|
|player|p2|trypy|1|
|gen|9
|tier|[Gen 9 Champions] VGC 2026 Reg M-B (Bo3)
|rule|Species Clause: Limit one of each Pokémon
|rule|Item Clause: Limit 1 of each item
|clearpoke
|poke|p1|Kangaskhan, L50, F|
|poke|p1|Sableye, L50, F|
|poke|p1|Swampert, L50, F|
|poke|p1|Lucario, L50, M|
|poke|p1|Tsareena, L50, F|
|poke|p1|Politoed, L50, M|
|poke|p2|Incineroar, L50, M, shiny|
|poke|p2|Hatterene, L50, F, shiny|
|poke|p2|Snorlax, L50, M, shiny|
|poke|p2|Slowbro, L50, M, shiny|
|poke|p2|Camerupt, L50, M, shiny|
|poke|p2|Floette-Eternal, L50, F, shiny|
|teampreview|4
|showteam|p1|Kangaskhan||SilkScarf|InnerFocus|FakeOut,LastResort|Adamant||F|||50|]Sableye||FocusSash|Prankster|RainDance,Encore,Reflect,LightScreen|Bold||F|||50|]Swampert||Swampertite|Torrent|WaveCrash,HighHorsepower,IcePunch,Protect|Adamant||F|||50|]Lucario||ChoiceScarf|InnerFocus|MeteorMash,CloseCombat,IcePunch,RockSlide|Adamant||M|||50|]Tsareena||LifeOrb|QueenlyMajesty|TripleAxel,LowKick,TropKick,Protect|Adamant||F|||50|]Politoed||SitrusBerry|Drizzle|WeatherBall,IcyWind,MuddyWater,Protect|Modest||M|||50|
|showteam|p2|Incineroar||LumBerry|Intimidate|PartingShot,FlareBlitz,Protect,FakeOut|Adamant||M|||50|]Hatterene||FocusSash|MagicBounce|TrickRoom,DazzlingGleam,Psychic,Protect|Quiet||F|||50|]Snorlax||ChopleBerry|ThickFat|BodySlam,SeedBomb,HeavySlam,Protect|Brave||M|||50|]Slowbro||Leftovers|Regenerator|Protect,HelpingHand,TrickRoom,GrassKnot|Sassy||M|||50|]Camerupt||Charcoal|SolidRock|EarthPower,Protect,Eruption,Yawn|Quiet||M|||50|]Floette-Eternal||Floettite|FlowerVeil|DrainingKiss,LightofRuin,Protect,DazzlingGleam|Quiet||F|||50|
|j| sinduhquil
|j| thefozguy
|
|t:|1783474687
|teamsize|p1|4
|teamsize|p2|4
|start
|switch|p1a: Swampert|Swampert, L50, F|100/100
|switch|p1b: Sableye|Sableye, L50, F|100/100
|switch|p2a: Slowbro|Slowbro, L50, M, shiny|100/100
|switch|p2b: Hatterene|Hatterene, L50, F, shiny|100/100
|turn|1
|
|t:|1783474726
|switch|p1a: Lucario|Lucario, L50, M|100/100
|move|p1b: Sableye|Light Screen|p1b: Sableye
|-sidestart|p1: greatox17!|move: Light Screen
|move|p2a: Slowbro|Grass Knot|p1a: Lucario
|-resisted|p1a: Lucario|1
|-crit|p1a: Lucario
|-damage|p1a: Lucario|78/100
|move|p2b: Hatterene|Trick Room|p2b: Hatterene
|-fieldstart|move: Trick Room|[of] p2b: Hatterene
|
|upkeep
|turn|2
|
|t:|1783474754
|move|p2b: Hatterene|Protect|p2b: Hatterene
|-singleturn|p2b: Hatterene|Protect
|move|p2a: Slowbro|Protect|p2a: Slowbro
|-singleturn|p2a: Slowbro|Protect
|move|p1b: Sableye|Reflect|p1b: Sableye
|-sidestart|p1: greatox17!|Reflect
|move|p1a: Lucario|Meteor Mash|p2b: Hatterene
|-activate|p2b: Hatterene|move: Protect
|
|upkeep
|turn|3
|
|t:|1783474769
|move|p2a: Slowbro|Helping Hand|p2b: Hatterene
|-singleturn|p2b: Hatterene|Helping Hand|[of] p2a: Slowbro
|move|p1b: Sableye|Encore|p2a: Slowbro
|-start|p2a: Slowbro|Encore
|move|p2b: Hatterene|Dazzling Gleam|p1b: Sableye|[spread] p1a,p1b
|-supereffective|p1b: Sableye|1
|-damage|p1a: Lucario|28/100
|-damage|p1b: Sableye|12/100
|move|p1a: Lucario|Meteor Mash|p2b: Hatterene
|-supereffective|p2b: Hatterene|1
|-damage|p2b: Hatterene|1/100
|-boost|p1a: Lucario|atk|1
|
|upkeep
|turn|4
|
|t:|1783474789
|move|p2a: Slowbro|Helping Hand|p2b: Hatterene
|-singleturn|p2b: Hatterene|Helping Hand|[of] p2a: Slowbro
|move|p1b: Sableye|Rain Dance|p1b: Sableye
|-weather|RainDance
|move|p2b: Hatterene|Dazzling Gleam|p1b: Sableye|[spread] p1a,p1b
|-supereffective|p1b: Sableye|1
|-damage|p1a: Lucario|0 fnt
|-damage|p1b: Sableye|0 fnt
|faint|p1a: Lucario
|faint|p1b: Sableye
|
|-weather|RainDance|[upkeep]
|upkeep
|
|t:|1783474799
|switch|p1b: Kangaskhan|Kangaskhan, L50, F|100/100
|switch|p1a: Swampert|Swampert, L50, F|100/100
|turn|5
|
|t:|1783474856
|switch|p2a: TurboCat|Incineroar, L50, M, shiny|100/100
|-ability|p2a: TurboCat|Intimidate|boost
|-unboost|p1a: Swampert|atk|1
|-fail|p1b: Kangaskhan|unboost|Attack|[from] ability: Inner Focus|[of] p1b: Kangaskhan
|detailschange|p1a: Swampert|Swampert-Mega, L50, F
|-mega|p1a: Swampert|Swampert|Swampertite
|move|p2b: Hatterene|Protect|p2b: Hatterene
|-singleturn|p2b: Hatterene|Protect
|move|p1b: Kangaskhan|Fake Out|p2b: Hatterene
|-activate|p2b: Hatterene|move: Protect
|move|p1a: Swampert|High Horsepower|p2a: TurboCat
|-supereffective|p2a: TurboCat|1
|-damage|p2a: TurboCat|16/100
|
|-weather|RainDance|[upkeep]
|-sideend|p1: greatox17!|move: Light Screen
|-fieldend|move: Trick Room
|upkeep
|turn|6
|
|t:|1783474879
|switch|p2b: Slowbro|Slowbro, L50, M, shiny|100/100
|move|p1a: Swampert|Protect|p1a: Swampert
|-singleturn|p1a: Swampert|Protect
|move|p2a: TurboCat|Fake Out|p1a: Swampert
|-activate|p1a: Swampert|move: Protect
|move|p1b: Kangaskhan|Last Resort|p2b: Slowbro
|-damage|p2b: Slowbro|33/100
|
|-weather|RainDance|[upkeep]
|-heal|p2b: Slowbro|39/100|[from] item: Leftovers
|-sideend|p1: greatox17!|Reflect
|upkeep
|turn|7
|
|t:|1783474906
|move|p2b: Slowbro|Protect|p2b: Slowbro
|-singleturn|p2b: Slowbro|Protect
|move|p1a: Swampert|High Horsepower|p2a: TurboCat
|-supereffective|p2a: TurboCat|1
|-damage|p2a: TurboCat|0 fnt
|faint|p2a: TurboCat
|move|p1b: Kangaskhan|Last Resort|p2b: Slowbro
|-activate|p2b: Slowbro|move: Protect
|
|-weather|RainDance|[upkeep]
|-heal|p2b: Slowbro|45/100|[from] item: Leftovers
|upkeep
|
|t:|1783474916
|switch|p2a: Hatterene|Hatterene, L50, F, shiny|1/100
|turn|8
|
|t:|1783474934
|-heal|p2b: Slowbro|78/100|[from] ability: Regenerator|[silent]
|switch|p2b: Flower Girl|Floette-Eternal, L50, F, shiny|100/100
|move|p1a: Swampert|High Horsepower|p2a: Hatterene
|-damage|p2a: Hatterene|0 fnt
|faint|p2a: Hatterene
|move|p1b: Kangaskhan|Last Resort|p2b: Flower Girl
|-damage|p2b: Flower Girl|0 fnt
|faint|p2b: Flower Girl
|
|-weather|none
|upkeep
|
|t:|1783474958
|switch|p2b: Slowbro|Slowbro, L50, M, shiny|78/100
|turn|9
|
|t:|1783474964
|move|p1b: Kangaskhan|Last Resort|p2b: Slowbro
|-damage|p2b: Slowbro|18/100
|move|p1a: Swampert|High Horsepower|p2b: Slowbro
|-damage|p2b: Slowbro|0 fnt
|faint|p2b: Slowbro
|
|win|greatox17!
|c|☆greatox17!|I did it!!
