|j|☆greater basilisk
|j|☆lolgz
|html|greater basilisklolgz    
|uhtml|bestof|Game 2 of a best-of-3
|t:|1782455771
|gametype|doubles
|player|p1|greater basilisk|bianca|1154
|player|p2|lolgz|dawn|1241
|gen|9
|tier|[Gen 9 Champions] VGC 2026 Reg M-B (Bo3)
|rated|
|rule|Species Clause: Limit one of each Pokémon
|rule|Item Clause: Limit 1 of each item
|clearpoke
|poke|p1|Charizard, L50, F|
|poke|p1|Basculegion, L50, M|
|poke|p1|Metagross, L50|
|poke|p1|Whimsicott, L50, M|
|poke|p1|Garchomp, L50, M|
|poke|p1|Incineroar, L50, F|
|poke|p2|Mawile, L50, M|
|poke|p2|Sneasler, L50, F|
|poke|p2|Farigiraf, L50, F|
|poke|p2|Drampa, L50, F|
|poke|p2|Vileplume, L50, F|
|poke|p2|Torkoal, L50, M|
|teampreview|4
|showteam|p1|Charizard||CharizarditeY|SolarPower|Protect,HeatWave,SolarBeam,WeatherBall|Timid||F|||50|]Basculegion||MysticWater|Adaptability|Protect,AquaJet,LastRespects,WaveCrash|Adamant||M|||50|]Metagross||Metagrossite|ClearBody|Protect,IronHead,Earthquake,PsychicFangs|Jolly|||||50|]Whimsicott||FocusSash|Prankster|Protect,Tailwind,Encore,Moonblast|Timid||M|||50|]Garchomp||LifeOrb|RoughSkin|Protect,RockSlide,Earthquake,DragonClaw|Jolly||M|||50|]Incineroar||SitrusBerry|Intimidate|FakeOut,PartingShot,FlareBlitz,DarkestLariat|Impish||F|||50|
|showteam|p2|Mawile||Mawilite|HyperCutter|PlayRough,SuckerPunch,SwordsDance,Protect|Serious||M|||50|]Sneasler||IronBall|PoisonTouch|FakeOut,DireClaw,CloseCombat,RockTomb|Brave||F|||50|]Farigiraf||SitrusBerry|ArmorTail|TrickRoom,Thunderbolt,Psychic,HelpingHand|Relaxed||F|||50|]Drampa||Drampanite|Berserk|DragonPulse,EarthPower,EnergyBall,Protect|Timid||F|||50|]Vileplume||FocusSash|Chlorophyll|SleepPowder,SludgeBomb,EnergyBall,AfterYou|Timid||F|||50|]Torkoal||Charcoal|Drought|Eruption,WeatherBall,EarthPower,Protect|Quiet||M|||50|
|inactive|Battle timer is ON: inactive players will automatically lose when time's up. (requested by greater basilisk)
|inactive|lolgz also wants the timer to be on.
|inactive|greater basilisk has 60 seconds left.
|
|t:|1782455807
|teamsize|p1|4
|teamsize|p2|4
|start
|switch|p1a: Garchomp|Garchomp, L50, M|100/100
|switch|p1b: Basculegion|Basculegion, L50, M|100/100
|switch|p2a: Farigiraf|Farigiraf, L50, F|100/100
|switch|p2b: Sneasler|Sneasler, L50, F|100/100
|turn|1
|
|t:|1782455827
|move|p2b: Sneasler|Fake Out|p1a: Garchomp
|-damage|p1a: Garchomp|84/100
|-damage|p2b: Sneasler|87/100|[from] ability: Rough Skin|[of] p1a: Garchomp
|-status|p1a: Garchomp|psn|[from] ability: Poison Touch|[of] p2b: Sneasler
|cant|p1a: Garchomp|flinch
|move|p1b: Basculegion|Wave Crash|p2a: Farigiraf
|-damage|p2a: Farigiraf|29/100
|-enditem|p2a: Farigiraf|Sitrus Berry|[eat]
|-heal|p2a: Farigiraf|54/100|[from] item: Sitrus Berry
|-damage|p1b: Basculegion|73/100|[from] Recoil
|move|p2a: Farigiraf|Trick Room|p2a: Farigiraf
|-fieldstart|move: Trick Room|[of] p2a: Farigiraf
|
|-damage|p1a: Garchomp|71/100 psn|[from] psn
|upkeep
|turn|2
|
|t:|1782455845
|move|p1a: Garchomp|Protect|p1a: Garchomp
|-singleturn|p1a: Garchomp|Protect
|move|p2b: Sneasler|Close Combat|p1a: Garchomp
|-activate|p1a: Garchomp|move: Protect
|move|p2a: Farigiraf|Thunderbolt|p1b: Basculegion
|-supereffective|p1b: Basculegion|1
|-damage|p1b: Basculegion|21/100
|move|p1b: Basculegion|Wave Crash|p2a: Farigiraf
|-damage|p2a: Farigiraf|0 fnt
|faint|p2a: Farigiraf
|-damage|p1b: Basculegion|1/100|[from] Recoil
|
|-damage|p1a: Garchomp|59/100 psn|[from] psn
|upkeep
|
|t:|1782455852
|switch|p2a: Drampa|Drampa, L50, F|100/100
|turn|3
|
|t:|1782455860
|switch|p1a: Incineroar|Incineroar, L50, F|100/100
|-ability|p1a: Incineroar|Intimidate|boost
|-unboost|p2a: Drampa|atk|1
|-unboost|p2b: Sneasler|atk|1
|detailschange|p2a: Drampa|Drampa-Mega, L50, F
|-mega|p2a: Drampa|Drampa|Drampanite
|move|p1b: Basculegion|Aqua Jet|p2b: Sneasler
|-damage|p2b: Sneasler|41/100
|move|p2a: Drampa|Dragon Pulse|p1a: Incineroar
|-damage|p1a: Incineroar|56/100
|move|p2b: Sneasler|Dire Claw|p1b: Basculegion
|-resisted|p1b: Basculegion|1
|-damage|p1b: Basculegion|0 fnt
|faint|p1b: Basculegion
|
|upkeep
|
|t:|1782455868
|switch|p1b: Garchomp|Garchomp, L50, M|59/100 psn
|turn|4
|
|t:|1782455876
|move|p2a: Drampa|Protect|p2a: Drampa
|-singleturn|p2a: Drampa|Protect
|move|p1a: Incineroar|Fake Out|p2a: Drampa
|-activate|p2a: Drampa|move: Protect
|move|p2b: Sneasler|Close Combat|p1a: Incineroar
|-supereffective|p1a: Incineroar|1
|-damage|p1a: Incineroar|0 fnt
|-unboost|p2b: Sneasler|def|1
|-unboost|p2b: Sneasler|spd|1
|faint|p1a: Incineroar
|move|p1b: Garchomp|Dragon Claw|p2b: Sneasler
|-damage|p2b: Sneasler|0 fnt
|faint|p2b: Sneasler
|-damage|p1b: Garchomp|50/100g psn|[from] item: Life Orb
|
|-damage|p1b: Garchomp|38/100 psn|[from] psn
|upkeep
|
|t:|1782455883
|switch|p1a: Charizard|Charizard, L50, F|100/100
|switch|p2b: Torkoal|Torkoal, L50, M|100/100
|-weather|SunnyDay|[from] ability: Drought|[of] p2b: Torkoal
|turn|5
|
|t:|1782455887
|move|p1a: Charizard|Protect|p1a: Charizard
|-singleturn|p1a: Charizard|Protect
|move|p1b: Garchomp|Protect|p1b: Garchomp
|-singleturn|p1b: Garchomp|Protect
|move|p2b: Torkoal|Eruption|p1a: Charizard|[spread] 
|-activate|p1a: Charizard|move: Protect
|-activate|p1b: Garchomp|move: Protect
|move|p2a: Drampa|Dragon Pulse|p1a: Charizard
|-activate|p1a: Charizard|move: Protect
|
|-weather|SunnyDay|[upkeep]
|-damage|p1a: Charizard|87/100|[from] ability: Solar Power|[of] p1a: Charizard
|-damage|p1b: Garchomp|25/100 psn|[from] psn
|-fieldend|move: Trick Room
|upkeep
|turn|6
|
|t:|1782455898
|detailschange|p1a: Charizard|Charizard-Mega-Y, L50, F
|-mega|p1a: Charizard|Charizard|Charizardite Y
|move|p2a: Drampa|Protect|p2a: Drampa
|-singleturn|p2a: Drampa|Protect
|move|p1b: Garchomp|Earthquake|p2a: Drampa|[spread] p2b
|-activate|p2a: Drampa|move: Protect
|-immune|p1a: Charizard
|-supereffective|p2b: Torkoal|1
|-damage|p2b: Torkoal|23/100
|-damage|p1b: Garchomp|16/100 psn|[from] item: Life Orb
|move|p1a: Charizard|Weather Ball|p2a: Drampa
|-activate|p2a: Drampa|move: Protect
|move|p2b: Torkoal|Weather Ball|p1b: Garchomp
|-resisted|p1b: Garchomp|1
|-damage|p1b: Garchomp|0 fnt
|faint|p1b: Garchomp
|
|-weather|SunnyDay|[upkeep]
|upkeep
|turn|7
|
|t:|1782455905
|move|p1a: Charizard|Heat Wave|p2b: Torkoal|[spread] p2a,p2b
|-resisted|p2a: Drampa|1
|-resisted|p2b: Torkoal|1
|-damage|p2a: Drampa|74/100
|-damage|p2b: Torkoal|0 fnt
|faint|p2b: Torkoal
|move|p2a: Drampa|Dragon Pulse|p1a: Charizard
|-damage|p1a: Charizard|35/100
|
|-weather|SunnyDay|[upkeep]
|upkeep
|turn|8
|
|t:|1782455912
|move|p1a: Charizard|Weather Ball|p2a: Drampa
|-resisted|p2a: Drampa|1
|-damage|p2a: Drampa|35/100
|-ability|p2a: Drampa|Berserk|boost
|-boost|p2a: Drampa|spa|1
|move|p2a: Drampa|Dragon Pulse|p1a: Charizard
|-damage|p1a: Charizard|0 fnt
|faint|p1a: Charizard
|
|win|lolgz
|raw|greater basilisk's rating: 1154 → 1135(-19 for losing)
|raw|lolgz's rating: 1241 → 1260(+19 for winning)
