|j|☆Trieshjan
|j|☆hikkoritikkori
|html|Trieshjanhikkoritikkori    
|uhtml|bestof|Game 1 of a best-of-3
|t:|1757861342
|gametype|doubles
|player|p1|Trieshjan|169|1034
|player|p2|hikkoritikkori|101|1035
|gen|9
|tier|[Gen 9] VGC 2025 Reg H (Bo3)
|rated|
|rule|Species Clause: Limit one of each Pokémon
|rule|Item Clause: Limit 1 of each item
|clearpoke
|poke|p1|Poltchageist, L50|
|poke|p1|Politoed, L50, M|
|poke|p1|Basculegion, L50, M|
|poke|p1|Morpeko, L50, M|
|poke|p1|Whimsicott, L50, F|
|poke|p1|Gholdengo, L50|
|poke|p2|Porygon2, L50|
|poke|p2|Sneasler, L50, F|
|poke|p2|Gholdengo, L50|
|poke|p2|Amoonguss, L50, F|
|poke|p2|Garchomp, L50, M|
|poke|p2|Incineroar, L50, M|
|teampreview|4
|showteam|p1|Poltchageist||Eviolite|Hospitality|RagePowder,LifeDew,Scald,ShadowBall||||||50|,,,,,Fire]Politoed||SitrusBerry|Drizzle|IcyWind,HelpingHand,Protect,MuddyWater|||M|||50|,,,,,Grass]Basculegion||LifeOrb|SwiftSwim|LastRespects,WaveCrash,FlipTurn,Protect|||M|||50|,,,,,Grass]Morpeko||FocusSash|HungerSwitch|AuraWheel,KnockOff,PartingShot,Protect|||M|||50|,,,,,Flying]Whimsicott||CovertCloak|Prankster|Tailwind,Moonblast,Encore,CottonSpore|||F|||50|,,,,,Dark]Gholdengo||ChoiceSpecs|GoodasGold|DazzlingGleam,MakeItRain,ShadowBall,Thunderbolt||||||50|,,,,,Fairy
|showteam|p2|Porygon2||Eviolite|Download|TeraBlast,IceBeam,Recover,TrickRoom||||||50|,,,,,Ground]Sneasler||FocusSash|PoisonTouch|CloseCombat,DireClaw,Coaching,Protect|||F|||50|,,,,,Flying]Gholdengo||LifeOrb|GoodasGold|MakeItRain,ShadowBall,NastyPlot,Protect||||||50|,,,,,Water]Amoonguss||SitrusBerry|Regenerator|PollenPuff,Spore,RagePowder,Protect|||F|||50|,,,,,Fairy]Garchomp||ClearAmulet|RoughSkin|Earthquake,StompingTantrum,DragonClaw,Protect|||M|||50|,,,,,Fire]Incineroar||SafetyGoggles|Intimidate|FlareBlitz,KnockOff,FakeOut,PartingShot|||M|||50|,,,,,Ghost
|inactive|Battle timer is ON: inactive players will automatically lose when time's up. (requested by Trieshjan)
|inactive|hikkoritikkori has 60 seconds left.
|
|t:|1757861394
|teamsize|p1|4
|teamsize|p2|4
|start
|switch|p1a: Politoed|Politoed, L50, M, shiny|100/100
|switch|p1b: Morpeko|Morpeko, L50, M|100/100
|switch|p2a: Gholdengo|Gholdengo, L50|100/100
|switch|p2b: Amoonguss|Amoonguss, L50, F, shiny|100/100
|-weather|RainDance|[from] ability: Drizzle|[of] p1a: Politoed
|turn|1
|inactive|hikkoritikkori has 30 seconds left.
|
|t:|1757861425
|switch|p2a: Incineroar|Incineroar, L50, M, shiny|100/100
|-ability|p2a: Incineroar|Intimidate|boost
|-unboost|p1a: Politoed|atk|1
|-unboost|p1b: Morpeko|atk|1
|move|p1b: Morpeko|Aura Wheel|p2a: Incineroar
|-damage|p2a: Incineroar|75/100
|-boost|p1b: Morpeko|spe|1
|move|p1a: Politoed|Muddy Water|p2b: Amoonguss|[spread] 
|-miss|p1a: Politoed|p2a: Incineroar
|-miss|p1a: Politoed|p2b: Amoonguss
|move|p2b: Amoonguss|Spore|p1b: Morpeko
|-status|p1b: Morpeko|slp|[from] move: Spore
|
|-weather|RainDance|[upkeep]
|-formechange|p1b: Morpeko|Morpeko-Hangry||[from] ability: Hunger Switch
|upkeep
|turn|2
|inactive|hikkoritikkori has 30 seconds left.
|
|t:|1757861456
|cant|p1b: Morpeko|slp
|move|p1a: Politoed|Muddy Water|p2b: Amoonguss|[spread] p2a,p2b
|-supereffective|p2a: Incineroar
|-resisted|p2b: Amoonguss
|-crit|p2b: Amoonguss
|-damage|p2a: Incineroar|24/100
|-damage|p2b: Amoonguss|81/100
|-unboost|p2a: Incineroar|accuracy|1
|-unboost|p2b: Amoonguss|accuracy|1
|move|p2a: Incineroar|Knock Off|p1a: Politoed
|-damage|p1a: Politoed|60/100
|-enditem|p1a: Politoed|Sitrus Berry|[from] move: Knock Off|[of] p2a: Incineroar
|move|p2b: Amoonguss|Pollen Puff|p2a: Incineroar
|-heal|p2a: Incineroar|74/100
|
|-weather|RainDance|[upkeep]
|-formechange|p1b: Morpeko|Morpeko||[from] ability: Hunger Switch
|upkeep
|turn|3
|inactive|Trieshjan has 30 seconds left.
|
|t:|1757861481
|-curestatus|p1b: Morpeko|slp|[msg]
|move|p1b: Morpeko|Knock Off|p2b: Amoonguss
|-damage|p2b: Amoonguss|57/100
|-enditem|p2b: Amoonguss|Sitrus Berry|[from] move: Knock Off|[of] p1b: Morpeko
|move|p1a: Politoed|Muddy Water|p2a: Incineroar|[spread] p2a,p2b
|-supereffective|p2a: Incineroar
|-resisted|p2b: Amoonguss
|-damage|p2a: Incineroar|21/100
|-damage|p2b: Amoonguss|43/100
|-unboost|p2a: Incineroar|accuracy|1
|move|p2a: Incineroar|Parting Shot|p1b: Morpeko|[miss]
|-miss|p2a: Incineroar|p1b: Morpeko
|move|p2b: Amoonguss|Spore|p1a: Politoed
|-status|p1a: Politoed|slp|[from] move: Spore
|
|-weather|RainDance|[upkeep]
|-formechange|p1b: Morpeko|Morpeko-Hangry||[from] ability: Hunger Switch
|upkeep
|turn|4
|inactive|Trieshjan has 30 seconds left.
|inactive|hikkoritikkori has 30 seconds left.
|
|t:|1757861508
|move|p2b: Amoonguss|Rage Powder|p2b: Amoonguss
|-singleturn|p2b: Amoonguss|move: Rage Powder
|move|p1b: Morpeko|Aura Wheel|p2b: Amoonguss
|-damage|p2b: Amoonguss|17/100
|-boost|p1b: Morpeko|spe|1
|cant|p1a: Politoed|slp
|move|p2a: Incineroar|Parting Shot|p1b: Morpeko
|-unboost|p1b: Morpeko|atk|1
|-unboost|p1b: Morpeko|spa|1
|
|t:|1757861519
|switch|p2a: Sneasler|Sneasler, L50, F|100/100|[from] Parting Shot
|
|-weather|RainDance|[upkeep]
|-formechange|p1b: Morpeko|Morpeko||[from] ability: Hunger Switch
|upkeep
|turn|5
|
|t:|1757861539
|switch|p2b: Incineroar|Incineroar, L50, M, shiny|21/100
|-ability|p2b: Incineroar|Intimidate|boost
|-unboost|p1a: Politoed|atk|1
|-unboost|p1b: Morpeko|atk|1
|move|p1b: Morpeko|Parting Shot|p2a: Sneasler
|-unboost|p2a: Sneasler|atk|1
|-unboost|p2a: Sneasler|spa|1
|
|t:|1757861551
|switch|p1b: Gholdengo|Gholdengo, L50|100/100|[from] Parting Shot
|move|p2a: Sneasler|Close Combat|p1b: Gholdengo
|-immune|p1b: Gholdengo
|cant|p1a: Politoed|slp
|
|-weather|none
|upkeep
|turn|6
|
|t:|1757861569
|switch|p1a: Morpeko|Morpeko, L50, M|100/100
|move|p2a: Sneasler|Close Combat|p1a: Morpeko
|-supereffective|p1a: Morpeko
|-enditem|p1a: Morpeko|Focus Sash
|-damage|p1a: Morpeko|1/100
|-unboost|p2a: Sneasler|def|1
|-unboost|p2a: Sneasler|spd|1
|-status|p1a: Morpeko|psn|[from] ability: Poison Touch|[of] p2a: Sneasler
|move|p1b: Gholdengo|Dazzling Gleam|p2a: Sneasler|[spread] p2a,p2b
|-damage|p2a: Sneasler|27/100
|-damage|p2b: Incineroar|0 fnt
|faint|p2b: Incineroar
|
|-damage|p1a: Morpeko|0 fnt|[from] psn
|faint|p1a: Morpeko
|upkeep
|
|t:|1757861585
|switch|p1a: Politoed|Politoed, L50, M, shiny|60/100 slp
|switch|p2b: Gholdengo|Gholdengo, L50|100/100
|-weather|RainDance|[from] ability: Drizzle|[of] p1a: Politoed
|turn|7
|inactive|hikkoritikkori has 30 seconds left.
|
|t:|1757861612
|switch|p2a: Amoonguss|Amoonguss, L50, F, shiny|50/100
|cant|p1a: Politoed|slp
|move|p1b: Gholdengo|Dazzling Gleam|p2a: Amoonguss|[spread] p2a,p2b
|-resisted|p2a: Amoonguss
|-resisted|p2b: Gholdengo
|-damage|p2a: Amoonguss|36/100
|-damage|p2b: Gholdengo|83/100
|move|p2b: Gholdengo|Shadow Ball|p1b: Gholdengo
|-supereffective|p1b: Gholdengo
|-damage|p1b: Gholdengo|0 fnt
|faint|p1b: Gholdengo
|-damage|p2b: Gholdengo|73/100|[from] item: Life Orb
|
|-weather|RainDance|[upkeep]
|upkeep
|
|t:|1757861624
|switch|p1b: Basculegion|Basculegion, L50, M|100/100
|turn|8
|inactive|hikkoritikkori has 30 seconds left.
|
|t:|1757861655
|-terastallize|p2b: Gholdengo|Water
|move|p2a: Amoonguss|Rage Powder|p2a: Amoonguss
|-singleturn|p2a: Amoonguss|move: Rage Powder
|move|p1b: Basculegion|Last Respects|p2a: Amoonguss
|-damage|p2a: Amoonguss|0 fnt
|faint|p2a: Amoonguss
|-damage|p1b: Basculegion|91/100|[from] item: Life Orb
|move|p2b: Gholdengo|Shadow Ball|p1b: Basculegion
|-supereffective|p1b: Basculegion
|-damage|p1b: Basculegion|0 fnt
|faint|p1b: Basculegion
|-damage|p2b: Gholdengo|63/100|[from] item: Life Orb
|-curestatus|p1a: Politoed|slp|[msg]
|move|p1a: Politoed|Muddy Water|p2b: Gholdengo
|-resisted|p2b: Gholdengo
|-damage|p2b: Gholdengo|41/100
|
|-weather|RainDance|[upkeep]
|upkeep
|
|t:|1757861660
|switch|p2a: Sneasler|Sneasler, L50, F|27/100
|turn|9
|
|t:|1757861672
|move|p2a: Sneasler|Close Combat|p1a: Politoed
|-damage|p1a: Politoed|2/100
|-unboost|p2a: Sneasler|def|1
|-unboost|p2a: Sneasler|spd|1
|move|p2b: Gholdengo|Shadow Ball|p1a: Politoed
|-damage|p1a: Politoed|0 fnt
|faint|p1a: Politoed
|-damage|p2b: Gholdengo|32/100|[from] item: Life Orb
|
|win|hikkoritikkori
|l|☆Trieshjan
|player|p1|
|raw|Trieshjan's rating: 1034 → 1019(-15 for losing)
|raw|hikkoritikkori's rating: 1035 → 1070(+35 for winning)
|l|☆hikkoritikkori
|player|p2|
