|j|☆fili53
|j|☆dracojackson
|html|fili53dracojackson    
|uhtml|bestof|Game 3 of a best-of-3
|t:|1754245413
|gametype|doubles
|player|p1|fili53|cress|1215
|player|p2|dracojackson|veteranf|1268
|gen|9
|tier|[Gen 9] VGC 2025 Reg H (Bo3)
|rated|
|rule|Species Clause: Limit one of each Pokémon
|rule|Item Clause: Limit 1 of each item
|clearpoke
|poke|p1|Politoed, L50, F|
|poke|p1|Gothitelle, L50, M|
|poke|p1|Kingdra, L50, F|
|poke|p1|Archaludon, L50, F|
|poke|p1|Amoonguss, L50, M|
|poke|p1|Incineroar, L50, F|
|poke|p2|Kommo-o, L50, F|
|poke|p2|Rillaboom, L50, F|
|poke|p2|Clefairy, L50, F|
|poke|p2|Ninetales-Alola, L50, F|
|poke|p2|Kingambit, L50, M|
|poke|p2|Sneasler, L50, M|
|teampreview|4
|showteam|p1|Politoed||Leftovers|Drizzle|WeatherBall,Encore,PerishSong,Protect|||F|||50|,,,,,Grass]Gothitelle||SitrusBerry|ShadowTag|Psychic,FakeOut,TrickRoom,Protect|||M|||50|,,,,,Dark]Kingdra||LifeOrb|SwiftSwim|WeatherBall,MuddyWater,DracoMeteor,Protect|||F|||50|,,,,,Stellar]Archaludon||PowerHerb|Sturdy|ElectroShot,DragonPulse,FlashCannon,Protect|||F|||50|,,,,,Electric]Amoonguss||EjectButton|Regenerator|Spore,RagePowder,PollenPuff,Protect|||M|||50|,,,,,Fairy]Incineroar||SafetyGoggles|Intimidate|FakeOut,PartingShot,KnockOff,Protect|||F|||50|,,,,,Ghost
|showteam|p2|Kommo-o||ThroatSpray|Overcoat|ClangorousSoul,ClangingScales,Flamethrower,Protect|||F|||50|,,,,,Fire]Rillaboom||AssaultVest|GrassySurge|FakeOut,WoodHammer,GrassyGlide,Uturn|||F|||50|,,,,,Fire]Clefairy||Eviolite|FriendGuard|FollowMe,HelpingHand,Protect,LifeDew|||F|||50|,,,,,Grass]Ninetales-Alola||FocusSash|SnowWarning|Blizzard,IcyWind,Moonblast,AuroraVeil|||F|||50|,,,,,Ghost]Kingambit||BlackGlasses|Defiant|KowtowCleave,SuckerPunch,IronHead,Protect|||M|||50|,,,,,Ghost]Sneasler||GrassySeed|Unburden|FakeOut,CloseCombat,DireClaw,Coaching|||M|||50|,,,,,Stellar
|inactive|Battle timer is ON: inactive players will automatically lose when time's up. (requested by dracojackson)
|
|t:|1754245440
|teamsize|p1|4
|teamsize|p2|4
|start
|switch|p1a: Politoed|Politoed, L50, F|100/100
|switch|p1b: Kingdra|Kingdra, L50, F|100/100
|switch|p2a: AJ|Rillaboom, L50, F, shiny|100/100
|switch|p2b: Blake|Kommo-o, L50, F, shiny|100/100
|-fieldstart|move: Grassy Terrain|[from] ability: Grassy Surge|[of] p2a: AJ
|-weather|RainDance|[from] ability: Drizzle|[of] p1a: Politoed
|turn|1
|
|t:|1754245456
|move|p2a: AJ|Fake Out|p1b: Kingdra
|-damage|p1b: Kingdra|83/100
|cant|p1b: Kingdra|flinch
|move|p2b: Blake|Clangorous Soul|p2b: Blake
|-boost|p2b: Blake|atk|1
|-boost|p2b: Blake|def|1
|-boost|p2b: Blake|spa|1
|-boost|p2b: Blake|spd|1
|-boost|p2b: Blake|spe|1
|-damage|p2b: Blake|68/100
|-enditem|p2b: Blake|Throat Spray
|-boost|p2b: Blake|spa|1|[from] item: Throat Spray
|move|p1a: Politoed|Encore|p2b: Blake
|-start|p2b: Blake|Encore
|
|-weather|RainDance|[upkeep]
|-heal|p1b: Kingdra|89/100|[from] Grassy Terrain
|-heal|p2b: Blake|74/100|[from] Grassy Terrain
|upkeep
|turn|2
|
|t:|1754245477
|switch|p2b: Ninetales|Ninetales-Alola, L50, F, shiny|100/100
|-weather|Snowscape|[from] ability: Snow Warning|[of] p2b: Ninetales
|-terastallize|p1b: Kingdra|Stellar
|move|p1b: Kingdra|Draco Meteor|p2a: AJ
|-damage|p2a: AJ|19/100
|-unboost|p1b: Kingdra|spa|2
|-damage|p1b: Kingdra|79/100|[from] item: Life Orb
|move|p2a: AJ|Wood Hammer|p1b: Kingdra
|-damage|p1b: Kingdra|0 fnt
|faint|p1b: Kingdra
|-damage|p2a: AJ|0 fnt|[from] Recoil
|faint|p2a: AJ
|move|p1a: Politoed|Weather Ball|p2b: Ninetales
|-resisted|p2b: Ninetales
|-crit|p2b: Ninetales
|-damage|p2b: Ninetales|81/100
|
|-weather|Snowscape|[upkeep]
|-heal|p2b: Ninetales|87/100|[from] Grassy Terrain
|upkeep
|
|t:|1754245491
|switch|p1b: Archaludon|Archaludon, L50, F|100/100
|switch|p2a: Blake|Kommo-o, L50, F, shiny|74/100
|turn|3
|inactive|fili53 has 30 seconds left.
|
|t:|1754245522
|move|p2b: Ninetales|Moonblast|p1a: Politoed
|-damage|p1a: Politoed|66/100
|-unboost|p1a: Politoed|spa|1
|move|p1b: Archaludon|Flash Cannon|p2b: Ninetales
|-supereffective|p2b: Ninetales
|-damage|p2b: Ninetales|0 fnt
|faint|p2b: Ninetales
|move|p2a: Blake|Clanging Scales|p1a: Politoed|[spread] p1a,p1b
|-damage|p1a: Politoed|35/100
|-damage|p1b: Archaludon|46/100
|-unboost|p2a: Blake|def|1
|move|p1a: Politoed|Encore|p2a: Blake
|-start|p2a: Blake|Encore
|
|-weather|Snowscape|[upkeep]
|-heal|p1b: Archaludon|52/100|[from] Grassy Terrain
|-heal|p2a: Blake|80/100|[from] Grassy Terrain
|-heal|p1a: Politoed|41/100|[from] Grassy Terrain
|-heal|p1a: Politoed|47/100|[from] item: Leftovers
|upkeep
|
|t:|1754245526
|switch|p2b: Seam|Clefairy, L50, F, shiny|100/100
|turn|4
|
|t:|1754245542
|switch|p1a: Incineroar|Incineroar, L50, F|100/100
|-ability|p1a: Incineroar|Intimidate|boost
|-unboost|p2a: Blake|atk|1
|-unboost|p2b: Seam|atk|1
|move|p2b: Seam|Helping Hand|p2a: Blake
|-singleturn|p2a: Blake|Helping Hand|[of] p2b: Seam
|move|p1b: Archaludon|Protect|p1b: Archaludon
|-singleturn|p1b: Archaludon|Protect
|move|p2a: Blake|Clanging Scales|p1a: Incineroar|[spread] p1a
|-activate|p1b: Archaludon|move: Protect
|-damage|p1a: Incineroar|63/100
|-unboost|p2a: Blake|def|1
|
|-weather|Snowscape|[upkeep]
|-heal|p1b: Archaludon|58/100|[from] Grassy Terrain
|-heal|p2a: Blake|86/100|[from] Grassy Terrain
|-heal|p1a: Incineroar|69/100|[from] Grassy Terrain
|upkeep
|turn|5
|
|t:|1754245559
|-terastallize|p2a: Blake|Fire
|move|p1a: Incineroar|Fake Out|p2b: Seam
|-damage|p2b: Seam|92/100
|move|p2a: Blake|Clanging Scales|p1b: Archaludon|[spread] p1a,p1b
|-damage|p1a: Incineroar|45/100
|-damage|p1b: Archaludon|4/100
|-unboost|p2a: Blake|def|1
|move|p1b: Archaludon|Dragon Pulse|p2a: Blake
|-damage|p2a: Blake|50/100
|cant|p2b: Seam|flinch
|
|-weather|Snowscape|[upkeep]
|-heal|p2a: Blake|56/100|[from] Grassy Terrain
|-heal|p1b: Archaludon|10/100|[from] Grassy Terrain
|-heal|p1a: Incineroar|51/100|[from] Grassy Terrain
|-heal|p2b: Seam|98/100|[from] Grassy Terrain
|-fieldend|move: Grassy Terrain
|upkeep
|turn|6
|inactive|fili53 has 30 seconds left.
|
|t:|1754245586
|move|p2b: Seam|Follow Me|p2b: Seam
|-singleturn|p2b: Seam|move: Follow Me
|move|p2a: Blake|Clanging Scales|p1a: Incineroar|[spread] p1a,p1b
|-damage|p1a: Incineroar|26/100
|-damage|p1b: Archaludon|0 fnt
|faint|p1b: Archaludon
|-unboost|p2a: Blake|def|1
|move|p1a: Incineroar|Knock Off|p2b: Seam
|-resisted|p2b: Seam
|-damage|p2b: Seam|82/100
|-enditem|p2b: Seam|Eviolite|[from] move: Knock Off|[of] p1a: Incineroar
|
|-weather|none
|-end|p2a: Blake|Encore
|upkeep
|
|t:|1754245589
|switch|p1b: Politoed|Politoed, L50, F|47/100
|-weather|RainDance|[from] ability: Drizzle|[of] p1b: Politoed
|turn|7
|inactive|dracojackson has 30 seconds left.
|
|t:|1754245620
|move|p1a: Incineroar|Protect|p1a: Incineroar
|-singleturn|p1a: Incineroar|Protect
|move|p2b: Seam|Follow Me|p2b: Seam
|-singleturn|p2b: Seam|move: Follow Me
|move|p2a: Blake|Clangorous Soul|p2a: Blake
|-boost|p2a: Blake|atk|1
|-boost|p2a: Blake|def|1
|-boost|p2a: Blake|spa|1
|-boost|p2a: Blake|spd|1
|-boost|p2a: Blake|spe|1
|-damage|p2a: Blake|23/100
|move|p1b: Politoed|Perish Song|p1b: Politoed
|-start|p1a: Incineroar|perish3|[silent]
|-start|p1b: Politoed|perish3|[silent]
|-start|p2a: Blake|perish3|[silent]
|-start|p2b: Seam|perish3|[silent]
|-fieldactivate|move: Perish Song
|
|-weather|RainDance|[upkeep]
|-heal|p1b: Politoed|53/100|[from] item: Leftovers
|-start|p2a: Blake|perish3
|-start|p1b: Politoed|perish3
|-start|p1a: Incineroar|perish3
|-start|p2b: Seam|perish3
|upkeep
|turn|8
|inactive|fili53 has 30 seconds left.
|
|t:|1754245645
|move|p2b: Seam|Helping Hand|p2a: Blake
|-singleturn|p2a: Blake|Helping Hand|[of] p2b: Seam
|move|p2a: Blake|Clanging Scales|p1b: Politoed|[spread] p1a,p1b
|-damage|p1a: Incineroar|0 fnt
|-damage|p1b: Politoed|0 fnt
|faint|p1a: Incineroar
|faint|p1b: Politoed
|
|win|dracojackson
|raw|fili53's rating: 1215 → 1194(-21 for losing)
|raw|dracojackson's rating: 1268 → 1289(+21 for winning)
|l|☆fili53
|player|p1|
