|j|☆poke J.D.GC
|j|☆lux raymundi
|html|poke J.D.GClux raymundi    
|uhtml|bestof|Game 3 of a best-of-3
|t:|1783103757
|gametype|doubles
|player|p1|poke J.D.GC|fisherman-gen4|1030
|player|p2|lux raymundi|2|1134
|gen|9
|tier|[Gen 9 Champions] VGC 2026 Reg M-B (Bo3)
|rated|
|rule|Species Clause: Limit one of each Pokémon
|rule|Item Clause: Limit 1 of each item
|clearpoke
|poke|p1|Dragonite, L50, F, shiny|
|poke|p1|Kingambit, L50, F, shiny|
|poke|p1|Ditto, L50, shiny|
|poke|p1|Sneasler, L50, M, shiny|
|poke|p1|Maushold-Four, L50, shiny|
|poke|p1|Sinistcha-Masterpiece, L50, shiny|
|poke|p2|Mawile, L50, F|
|poke|p2|Farigiraf, L50, F|
|poke|p2|Delphox, L50, F|
|poke|p2|Incineroar, L50, F|
|poke|p2|Sinistcha, L50|
|poke|p2|Garchomp, L50, F|
|teampreview|4
|showteam|p1|Dragonite||Dragoninite|InnerFocus|ExtremeSpeed,DragonPulse,LightScreen,Protect|Quiet||F|||50|]Kingambit||BlackGlasses|SupremeOverlord|KowtowCleave,SuckerPunch,Protect,Guillotine|Adamant||F|||50|]Ditto||QuickClaw|Imposter|Transform|Timid|||||50|]Sneasler||WhiteHerb|Unburden|FakeOut,DireClaw,CloseCombat,Protect|Jolly||M|||50|]Maushold-Four||SilkScarf|Technician|PopulationBomb,TidyUp,BatonPass,FollowMe|Jolly|||||50|]Sinistcha-Masterpiece||Leftovers|Heatproof|CalmMind,MatchaGotcha,RagePowder,Poltergeist|Modest|||||50|
|showteam|p2|Mawile||Mawilite|HyperCutter|SwordsDance,PlayRough,IronHead,Protect|Brave||F|||50|]Farigiraf||SitrusBerry|ArmorTail|Protect,TwinBeam,TrickRoom,Thunderbolt|Bold||F|||50|]Delphox||Delphoxite|Blaze|NastyPlot,HeatWave,Psychic,Protect|Timid||F|||50|]Incineroar||PasshoBerry|Intimidate|FakeOut,ThroatChop,FlareBlitz,PartingShot|Adamant||F|||50|]Sinistcha||ColburBerry|Hospitality|MatchaGotcha,TrickRoom,RagePowder,Protect|Relaxed|||||50|]Garchomp||LifeOrb|RoughSkin|DragonClaw,Earthquake,RockSlide,Protect|Jolly||F|||50|
|inactive|Battle timer is ON: inactive players will automatically lose when time's up. (requested by poke J.D.GC)
|
|t:|1783103774
|teamsize|p1|4
|teamsize|p2|4
|start
|switch|p1a: Maushold|Maushold-Four, L50, shiny|100/100
|switch|p1b: Dragonite|Dragonite, L50, F, shiny|100/100
|switch|p2a: Garchomp|Garchomp, L50, F|100/100
|switch|p2b: Delphox|Delphox, L50, F|100/100
|turn|1
|
|t:|1783103793
|switch|p2b: Incineroar|Incineroar, L50, F|100/100
|-ability|p2b: Incineroar|Intimidate|boost
|-unboost|p1a: Maushold|atk|1
|-fail|p1b: Dragonite|unboost|Attack|[from] ability: Inner Focus|[of] p1b: Dragonite
|detailschange|p1b: Dragonite|Dragonite-Mega, L50, F, shiny
|-mega|p1b: Dragonite|Dragonite|Dragoninite
|move|p1a: Maushold|Population Bomb|p2b: Incineroar|[miss]
|-miss|p1a: Maushold|p2b: Incineroar
|move|p2a: Garchomp|Dragon Claw|p1b: Dragonite
|-supereffective|p1b: Dragonite|1
|-damage|p1b: Dragonite|57/100
|-damage|p2a: Garchomp|90/100|[from] item: Life Orb
|move|p1b: Dragonite|Dragon Pulse|p2a: Garchomp
|-supereffective|p2a: Garchomp|1
|-damage|p2a: Garchomp|0 fnt
|faint|p2a: Garchomp
|
|upkeep
|
|t:|1783103808
|switch|p2a: Delphox|Delphox, L50, F|100/100
|turn|2
|
|t:|1783103829
|switch|p1a: Ditto|Ditto, L50, shiny|100/100
|-transform|p1a: Ditto|p2b: Incineroar|[from] ability: Imposter
|-ability|p1a: Ditto|Intimidate|boost
|-unboost|p2a: Delphox|atk|1
|-unboost|p2b: Incineroar|atk|1
|detailschange|p2a: Delphox|Delphox-Mega, L50, F
|-mega|p2a: Delphox|Delphox|Delphoxite
|move|p2a: Delphox|Heat Wave|p1a: Ditto|[spread] p1a,p1b
|-resisted|p1a: Ditto|1
|-resisted|p1b: Dragonite|1
|-damage|p1a: Ditto|70/100
|-damage|p1b: Dragonite|40/100
|move|p1b: Dragonite|Light Screen|p1b: Dragonite
|-sidestart|p1: poke J.D.GC|move: Light Screen
|move|p2b: Incineroar|Parting Shot|p1b: Dragonite
|-unboost|p1b: Dragonite|atk|1
|-unboost|p1b: Dragonite|spa|1
|
|t:|1783103843
|switch|p2b: Farigiraf|Farigiraf, L50, F|100/100|[from] Parting Shot
|
|upkeep
|turn|3
|inactive|poke J.D.GC has 30 seconds left.
|
|t:|1783103873
|switch|p1b: Maushold|Maushold-Four, L50, shiny|100/100
|switch|p2b: Incineroar|Incineroar, L50, F|100/100
|-ability|p2b: Incineroar|Intimidate|boost
|-unboost|p1a: Ditto|atk|1
|-unboost|p1b: Maushold|atk|1
|move|p2a: Delphox|Nasty Plot|p2a: Delphox
|-boost|p2a: Delphox|spa|2
|move|p1a: Ditto|Parting Shot|p2a: Delphox
|-unboost|p2a: Delphox|atk|1
|-unboost|p2a: Delphox|spa|1
|
|t:|1783103891
|switch|p1a: Dragonite|Dragonite-Mega, L50, F, shiny|40/100|[from] Parting Shot
|
|upkeep
|turn|4
|
|t:|1783103909
|switch|p1b: Ditto|Ditto, L50, shiny|70/100
|-transform|p1b: Ditto|p2a: Delphox|[from] ability: Imposter
|move|p2a: Delphox|Protect|p2a: Delphox
|-singleturn|p2a: Delphox|Protect
|move|p1a: Dragonite|Protect|p1a: Dragonite
|-singleturn|p1a: Dragonite|Protect
|move|p2b: Incineroar|Throat Chop|p1b: Ditto
|-supereffective|p1b: Ditto|1
|-damage|p1b: Ditto|0 fnt
|faint|p1b: Ditto
|
|upkeep
|
|t:|1783103928
|switch|p1b: Maushold|Maushold-Four, L50, shiny|100/100
|turn|5
|
|t:|1783103935
|switch|p2a: Farigiraf|Farigiraf, L50, F|100/100
|move|p1b: Maushold|Population Bomb|p2a: Farigiraf
|-damage|p2a: Farigiraf|89/100
|-damage|p2a: Farigiraf|78/100
|-damage|p2a: Farigiraf|67/100
|-damage|p2a: Farigiraf|56/100
|-damage|p2a: Farigiraf|44/100
|-enditem|p2a: Farigiraf|Sitrus Berry|[eat]
|-heal|p2a: Farigiraf|69/100|[from] item: Sitrus Berry
|-damage|p2a: Farigiraf|59/100
|-damage|p2a: Farigiraf|48/100
|-damage|p2a: Farigiraf|37/100
|-damage|p2a: Farigiraf|26/100
|-damage|p2a: Farigiraf|14/100
|-hitcount|p2a: Farigiraf|10
|move|p1a: Dragonite|Dragon Pulse|p2b: Incineroar
|-damage|p2b: Incineroar|47/100
|move|p2b: Incineroar|Parting Shot|p1b: Maushold
|-unboost|p1b: Maushold|atk|1
|-unboost|p1b: Maushold|spa|1
|
|t:|1783103941
|switch|p2b: Delphox|Delphox-Mega, L50, F|100/100|[from] Parting Shot
|
|upkeep
|turn|6
|inactive|poke J.D.GC has 30 seconds left.
|inactive|poke J.D.GC has 20 seconds left.
|
|t:|1783103977
|switch|p2a: Incineroar|Incineroar, L50, F|47/100
|-ability|p2a: Incineroar|Intimidate|boost
|-unboost|p1a: Dragonite|atk|1
|-unboost|p1b: Maushold|atk|1
|move|p2b: Delphox|Nasty Plot|p2b: Delphox
|-boost|p2b: Delphox|spa|2
|move|p1b: Maushold|Population Bomb|p2b: Delphox
|-damage|p2b: Delphox|89/100
|-damage|p2b: Delphox|78/100
|-damage|p2b: Delphox|68/100
|-damage|p2b: Delphox|58/100
|-damage|p2b: Delphox|48/100
|-damage|p2b: Delphox|37/100
|-damage|p2b: Delphox|26/100
|-damage|p2b: Delphox|15/100
|-damage|p2b: Delphox|5/100
|-damage|p2b: Delphox|0 fnt
|faint|p2b: Delphox
|-hitcount|p2: Delphox|10
|move|p1a: Dragonite|Dragon Pulse|p2a: Incineroar
|-damage|p2a: Incineroar|0 fnt
|faint|p2a: Incineroar
|
|-sideend|p1: poke J.D.GC|move: Light Screen
|upkeep
|-message|lux raymundi forfeited.
|
|win|poke J.D.GC
|raw|poke J.D.GC's rating: 1030 → 1076(+46 for winning)
|raw|lux raymundi's rating: 1134 → 1102(-32 for losing)
