|j|☆PittsburghSkylines
|j|☆xXBMillsXx7
|html|PittsburghSkylinesxXBMillsXx7    
|uhtml|bestof|Game 1 of a best-of-3
|t:|1757822888
|gametype|doubles
|player|p1|PittsburghSkylines|blue|1263
|player|p2|xXBMillsXx7|gambler|1132
|gen|9
|tier|[Gen 9] VGC 2025 Reg H (Bo3)
|rated|
|rule|Species Clause: Limit one of each Pokémon
|rule|Item Clause: Limit 1 of each item
|clearpoke
|poke|p1|Sneasler, L50, F|
|poke|p1|Whimsicott, L50, M|
|poke|p1|Gholdengo, L50|
|poke|p1|Hydreigon, L50, F|
|poke|p1|Garchomp, L50, M|
|poke|p1|Incineroar, L50, F|
|poke|p2|Gothitelle, L50, M|
|poke|p2|Primarina, L50, M|
|poke|p2|Ursaluna-Bloodmoon, L50, M|
|poke|p2|Gholdengo, L50|
|poke|p2|Talonflame, L50, F|
|poke|p2|Rillaboom, L50, F|
|teampreview|4
|showteam|p1|Sneasler||WhiteHerb|Unburden|CloseCombat,DireClaw,FakeOut,Protect|||F|||50|,,,,,Stellar]Whimsicott||FocusSash|Prankster|Moonblast,FakeTears,Tailwind,Protect|||M|||50|,,,,,Ghost]Gholdengo||ChoiceSpecs|GoodasGold|MakeItRain,ShadowBall,PowerGem,Trick||||||50|,,,,,Steel]Hydreigon||SitrusBerry|Levitate|DracoMeteor,DarkPulse,Snarl,Protect|||F|||50|,,,,,Ghost]Garchomp||LifeOrb|RoughSkin|Earthquake,StompingTantrum,RockSlide,Protect|||M|||50|,,,,,Ground]Incineroar||AssaultVest|Intimidate|FlareBlitz,KnockOff,Uturn,FakeOut|||F|||50|,,,,,Grass
|showteam|p2|Gothitelle||SitrusBerry|ShadowTag|PsychicNoise,Protect,TrickRoom,FakeOut|||M|||50|,,,,,Water]Primarina||ThroatSpray|LiquidVoice|HyperVoice,Moonblast,Protect,PerishSong|||M|||50|,,,,,Dragon]Ursaluna-Bloodmoon||LifeOrb|MindsEye|HyperVoice,EarthPower,BloodMoon,Protect|||M|||50|,,,,,Normal]Gholdengo||ChoiceSpecs|GoodasGold|MakeItRain,ShadowBall,Thunderbolt,PowerGem||||||50|,,,,,Steel]Talonflame||CovertCloak|GaleWings|DualWingbeat,FlareBlitz,Tailwind,Taunt|||F|||50|,,,,,Stellar]Rillaboom||AssaultVest|GrassySurge|GrassyGlide,WoodHammer,FakeOut,HighHorsepower|||F|||50|,,,,,Fire
|inactive|Battle timer is ON: inactive players will automatically lose when time's up. (requested by xXBMillsXx7)
|inactive|xXBMillsXx7 has 60 seconds left.
|
|t:|1757822920
|teamsize|p1|4
|teamsize|p2|4
|start
|switch|p1a: Whimsicott|Whimsicott, L50, M|100/100
|switch|p1b: Garchomp|Garchomp, L50, M|100/100
|switch|p2a: Primarina|Primarina, L50, M|100/100
|switch|p2b: Talonflame|Talonflame, L50, F|100/100
|turn|1
|
|t:|1757822942
|switch|p2b: Ursaluna|Ursaluna-Bloodmoon, L50, M|100/100
|switch|p1a: Gholdengo|Gholdengo, L50|100/100
|move|p1b: Garchomp|Rock Slide|p2b: Ursaluna|[spread] p2b
|-miss|p1b: Garchomp|p2a: Primarina
|-resisted|p2b: Ursaluna
|-damage|p2b: Ursaluna|91/100
|-damage|p1b: Garchomp|91/100|[from] item: Life Orb
|move|p2a: Primarina|Hyper Voice|p1b: Garchomp|[spread] p1a,p1b
|-damage|p1a: Gholdengo|56/100
|-damage|p1b: Garchomp|52/100
|-enditem|p2a: Primarina|Throat Spray
|-boost|p2a: Primarina|spa|1|[from] item: Throat Spray
|
|upkeep
|turn|2
|inactive|PittsburghSkylines has 30 seconds left.
|inactive|PittsburghSkylines has 20 seconds left.
|inactive|PittsburghSkylines has 15 seconds left.
|
|t:|1757822984
|switch|p1b: Whimsicott|Whimsicott, L50, M|100/100
|-terastallize|p1a: Gholdengo|Steel
|move|p1a: Gholdengo|Make It Rain|p2a: Primarina|[spread] p2a,p2b
|-damage|p2a: Primarina|8/100
|-damage|p2b: Ursaluna|0 fnt
|-unboost|p1a: Gholdengo|spa|1
|faint|p2b: Ursaluna
|move|p2a: Primarina|Moonblast|p1b: Whimsicott
|-enditem|p1b: Whimsicott|Focus Sash
|-damage|p1b: Whimsicott|1/100
|
|upkeep
|
|t:|1757822997
|switch|p2b: Talonflame|Talonflame, L50, F|100/100
|turn|3
|
|t:|1757823017
|switch|p1b: Garchomp|Garchomp, L50, M|52/100
|switch|p1a: Sneasler|Sneasler, L50, F|100/100
|move|p2a: Primarina|Protect|p2a: Primarina
|-singleturn|p2a: Primarina|Protect
|move|p2b: Talonflame|Dual Wingbeat|p1b: Garchomp
|-damage|p1b: Garchomp|36/100
|-damage|p2b: Talonflame|88/100|[from] ability: Rough Skin|[of] p1b: Garchomp
|-damage|p1b: Garchomp|21/100
|-damage|p2b: Talonflame|76/100|[from] ability: Rough Skin|[of] p1b: Garchomp
|-hitcount|p1b: Garchomp|2
|
|upkeep
|turn|4
|inactive|xXBMillsXx7 has 30 seconds left.
|
|t:|1757823043
|move|p2a: Primarina|Protect|p2a: Primarina
|-singleturn|p2a: Primarina|Protect
|move|p1a: Sneasler|Fake Out|p2a: Primarina
|-activate|p2a: Primarina|move: Protect
|move|p2b: Talonflame|Tailwind|p2b: Talonflame
|-sidestart|p2: xXBMillsXx7|move: Tailwind
|move|p1b: Garchomp|Rock Slide|p2b: Talonflame|[spread] p2b
|-activate|p2a: Primarina|move: Protect
|-supereffective|p2b: Talonflame
|-damage|p2b: Talonflame|0 fnt
|faint|p2b: Talonflame
|-damage|p1b: Garchomp|11/100|[from] item: Life Orb
|
|upkeep
|
|t:|1757823050
|switch|p2b: Rillaboom|Rillaboom, L50, F|100/100
|-fieldstart|move: Grassy Terrain|[from] ability: Grassy Surge|[of] p2b: Rillaboom
|turn|5
|
|t:|1757823073
|move|p1a: Sneasler|Protect|p1a: Sneasler
|-singleturn|p1a: Sneasler|Protect
|move|p1b: Garchomp|Protect|p1b: Garchomp
|-singleturn|p1b: Garchomp|Protect
|move|p2b: Rillaboom|High Horsepower|p1a: Sneasler
|-activate|p1a: Sneasler|move: Protect
|move|p2a: Primarina|Hyper Voice|p1a: Sneasler|[spread] 
|-activate|p1a: Sneasler|move: Protect
|-activate|p1b: Garchomp|move: Protect
|
|-heal|p2a: Primarina|14/100|[from] Grassy Terrain
|-heal|p1b: Garchomp|17/100|[from] Grassy Terrain
|upkeep
|turn|6
|
|t:|1757823089
|move|p2b: Rillaboom|High Horsepower|p1a: Sneasler
|-supereffective|p1a: Sneasler
|-damage|p1a: Sneasler|0 fnt
|faint|p1a: Sneasler
|move|p2a: Primarina|Hyper Voice|p1b: Garchomp
|-damage|p1b: Garchomp|0 fnt
|faint|p1b: Garchomp
|
|-heal|p2a: Primarina|20/100|[from] Grassy Terrain
|upkeep
|
|t:|1757823096
|switch|p1a: Whimsicott|Whimsicott, L50, M|1/100
|switch|p1b: Gholdengo|Gholdengo, L50, tera:Steel|56/100
|turn|7
|
|t:|1757823104
|move|p2b: Rillaboom|Grassy Glide|p1a: Whimsicott
|-resisted|p1a: Whimsicott
|-damage|p1a: Whimsicott|0 fnt
|faint|p1a: Whimsicott
|move|p2a: Primarina|Hyper Voice|p1b: Gholdengo
|-damage|p1b: Gholdengo|0 fnt
|faint|p1b: Gholdengo
|
|win|xXBMillsXx7
||xXBMillsXx7 is ready for game 2.
||PittsburghSkylines is ready for game 2.
|uhtml|next|Next: Game 2 of 3
|l|☆xXBMillsXx7
|player|p2|
|l|☆PittsburghSkylines
|player|p1|
