|j|☆vervejl
|j|☆ben's last ride
|html|vervejlben's last ride    
|uhtml|bestof|Game 1 of a best-of-3
|t:|1785467963
|gametype|doubles
|player|p1|vervejl|lucas|1231
|player|p2|ben's last ride|1|1081
|gen|9
|tier|[Gen 9 Champions] VGC 2026 Reg M-B (Bo3)
|rated|
|rule|Species Clause: Limit one of each Pokémon
|rule|Item Clause: Limit 1 of each item
|clearpoke
|poke|p1|Charizard, L50, M|
|poke|p1|Archaludon, L50, F|
|poke|p1|Venusaur, L50, M|
|poke|p1|Basculegion, L50, M|
|poke|p1|Pelipper, L50, F|
|poke|p1|Swampert, L50, F|
|poke|p2|Incineroar, L50, M|
|poke|p2|Floette-Eternal, L50, F|
|poke|p2|Garchomp, L50, M|
|poke|p2|Charizard, L50, M|
|poke|p2|Venusaur, L50, F|
|poke|p2|Farigiraf, L50, M|
|teampreview|4
|showteam|p1|Charizard||CharizarditeY|Blaze|Protect,HeatWave,SolarBeam,WeatherBall|Modest||M|||50|]Archaludon||Leftovers|Stamina|ElectroShot,Protect,FlashCannon,DragonPulse|Modest||F|||50|]Venusaur||WideLens|Chlorophyll|Protect,SleepPowder,LeafStorm,SludgeBomb|Timid||M|||50|]Basculegion||ChoiceScarf|Adaptability|AquaJet,FlipTurn,WaveCrash,LastRespects|Jolly||M|||50|]Pelipper||FocusSash|Drizzle|Protect,Tailwind,WeatherBall,Hurricane|Timid||F|||50|]Swampert||Swampertite|Torrent|Protect,IcePunch,WaveCrash,Earthquake|Adamant||F|||50|
|showteam|p2|Incineroar||SitrusBerry|Intimidate|FlareBlitz,FakeOut,PartingShot,ThroatChop|Impish||M|||50|]Floette-Eternal||Floettite|FlowerVeil|DrainingKiss,Moonblast,CalmMind,Protect|Modest||F|||50|]Garchomp||ChoiceScarf|RoughSkin|Earthquake,StompingTantrum,DragonClaw,RockSlide|Adamant||M|||50|]Charizard||CharizarditeY|Blaze|HeatWave,WeatherBall,AncientPower,Protect|Modest||M|||50|]Venusaur||LifeOrb|Chlorophyll|SludgeBomb,LeafStorm,EarthPower,Protect|Modest||F|||50|]Farigiraf||WiseGlasses|ArmorTail|Psychic,HyperVoice,TrickRoom,Protect|Modest||M|||50|
|inactive|Battle timer is ON: inactive players will automatically lose when time's up. (requested by vervejl)
|inactive|vervejl has 60 seconds left.
|inactive|ben's last ride has 60 seconds left.
|
|t:|1785467995
|teamsize|p1|4
|teamsize|p2|4
|start
|switch|p1a: Archaludon|Archaludon, L50, F|100/100
|switch|p1b: Basculegion|Basculegion, L50, M|100/100
|switch|p2a: Floette|Floette-Eternal, L50, F|100/100
|switch|p2b: Incineroar|Incineroar, L50, M|100/100
|-ability|p2b: Incineroar|Intimidate|boost
|-unboost|p1a: Archaludon|atk|1
|-unboost|p1b: Basculegion|atk|1
|turn|1
|
|t:|1785468016
|detailschange|p2a: Floette|Floette-Mega, L50, F
|-mega|p2a: Floette|Floette|Floettite
|-ability|p2a: Floette|Fairy Aura
|move|p2b: Incineroar|Fake Out|p1a: Archaludon
|-resisted|p1a: Archaludon|1
|-damage|p1a: Archaludon|96/100
|-ability|p1a: Archaludon|Stamina|boost
|-boost|p1a: Archaludon|def|1
|move|p1b: Basculegion|Flip Turn|p2b: Incineroar
|-supereffective|p2b: Incineroar|1
|-damage|p2b: Incineroar|58/100
|
|t:|1785468025
|switch|p1b: Pelipper|Pelipper, L50, F|100/100|[from] Flip Turn
|-weather|RainDance|[from] ability: Drizzle|[of] p1b: Pelipper
|move|p2a: Floette|Calm Mind|p2a: Floette
|-boost|p2a: Floette|spa|1
|-boost|p2a: Floette|spd|1
|cant|p1a: Archaludon|flinch
|
|-weather|RainDance|[upkeep]
|-heal|p1a: Archaludon|100/100|[from] item: Leftovers
|upkeep
|turn|2
|
|t:|1785468041
|move|p2a: Floette|Moonblast|p1a: Archaludon
|-damage|p1a: Archaludon|0 fnt
|faint|p1a: Archaludon
|move|p1b: Pelipper|Tailwind|p1b: Pelipper
|-sidestart|p1: vervejl|move: Tailwind
|move|p2b: Incineroar|Parting Shot|p1b: Pelipper
|-unboost|p1b: Pelipper|atk|1
|-unboost|p1b: Pelipper|spa|1
|
|t:|1785468049
|switch|p2b: Venusaur|Venusaur, L50, F|100/100|[from] Parting Shot
|
|-weather|RainDance|[upkeep]
|upkeep
|
|t:|1785468057
|switch|p1a: Swampert|Swampert, L50, F|100/100
|turn|3
|
|t:|1785468063
|switch|p2b: Incineroar|Incineroar, L50, M|58/100
|-ability|p2b: Incineroar|Intimidate|boost
|-unboost|p1a: Swampert|atk|1
|-unboost|p1b: Pelipper|atk|1
|detailschange|p1a: Swampert|Swampert-Mega, L50, F
|-mega|p1a: Swampert|Swampert|Swampertite
|move|p2a: Floette|Protect|p2a: Floette
|-singleturn|p2a: Floette|Protect
|move|p1a: Swampert|Earthquake|p2a: Floette|[spread] p2b
|-activate|p2a: Floette|move: Protect
|-immune|p1b: Pelipper
|-supereffective|p2b: Incineroar|1
|-damage|p2b: Incineroar|12/100
|-enditem|p2b: Incineroar|Sitrus Berry|[eat]
|-heal|p2b: Incineroar|37/100|[from] item: Sitrus Berry
|move|p1b: Pelipper|Hurricane|p2b: Incineroar
|-damage|p2b: Incineroar|5/100
|
|-weather|RainDance|[upkeep]
|upkeep
|turn|4
|
|t:|1785468080
|move|p1a: Swampert|Protect|p1a: Swampert
|-singleturn|p1a: Swampert|Protect
|move|p1b: Pelipper|Protect|p1b: Pelipper
|-singleturn|p1b: Pelipper|Protect
|move|p2b: Incineroar|Fake Out|p1a: Swampert
|-activate|p1a: Swampert|move: Protect
|move|p2a: Floette|Moonblast|p1b: Pelipper
|-activate|p1b: Pelipper|move: Protect
|
|-weather|RainDance|[upkeep]
|upkeep
|turn|5
|
|t:|1785468101
|switch|p1a: Basculegion|Basculegion, L50, M|100/100
|switch|p2b: Garchomp|Garchomp, L50, M|100/100
|move|p2a: Floette|Protect|p2a: Floette
|-singleturn|p2a: Floette|Protect
|move|p1b: Pelipper|Hurricane|p2b: Garchomp
|-damage|p2b: Garchomp|69/100
|
|-weather|none
|-sideend|p1: vervejl|move: Tailwind
|upkeep
|turn|6
|inactive|vervejl has 30 seconds left.
|
|t:|1785468127
|switch|p1b: Swampert|Swampert-Mega, L50, F|100/100
|move|p2b: Garchomp|Rock Slide|p1b: Swampert|[spread] p1a,p1b
|-resisted|p1b: Swampert|1
|-damage|p1a: Basculegion|72/100
|-damage|p1b: Swampert|91/100
|cant|p1a: Basculegion|flinch
|move|p2a: Floette|Draining Kiss|p1b: Swampert
|-damage|p1b: Swampert|42/100
|
|upkeep
|turn|7
|
|t:|1785468148
|switch|p2b: Incineroar|Incineroar, L50, M|5/100
|-ability|p2b: Incineroar|Intimidate|boost
|-unboost|p1a: Basculegion|atk|1
|-unboost|p1b: Swampert|atk|1
|switch|p1a: Pelipper|Pelipper, L50, F|100/100
|-weather|RainDance|[from] ability: Drizzle|[of] p1a: Pelipper
|move|p2a: Floette|Protect|p2a: Floette
|-singleturn|p2a: Floette|Protect
|move|p1b: Swampert|Ice Punch|p2b: Incineroar
|-resisted|p2b: Incineroar|1
|-damage|p2b: Incineroar|0 fnt
|faint|p2b: Incineroar
|
|-weather|RainDance|[upkeep]
|upkeep
|inactive|ben's last ride has 30 seconds left.
|
|t:|1785468175
|switch|p2b: Garchomp|Garchomp, L50, M|69/100
|turn|8
|
|t:|1785468188
|move|p1b: Swampert|Ice Punch|p2b: Garchomp
|-supereffective|p2b: Garchomp|2
|-damage|p2b: Garchomp|0 fnt
|-damage|p1b: Swampert|30/100|[from] ability: Rough Skin|[of] p2b: Garchomp
|faint|p2b: Garchomp
|move|p2a: Floette|Moonblast|p1a: Pelipper
|-enditem|p1a: Pelipper|Focus Sash
|-damage|p1a: Pelipper|1/100
|move|p1a: Pelipper|Tailwind|p1a: Pelipper
|-sidestart|p1: vervejl|move: Tailwind
|
|-weather|RainDance|[upkeep]
|upkeep
|
|t:|1785468191
|switch|p2b: Venusaur|Venusaur, L50, F|100/100
|turn|9
|
|t:|1785468205
|move|p2b: Venusaur|Protect|p2b: Venusaur
|-singleturn|p2b: Venusaur|Protect
|move|p1b: Swampert|Earthquake|p2b: Venusaur|[spread] p2a
|-activate|p2b: Venusaur|move: Protect
|-immune|p1a: Pelipper
|-damage|p2a: Floette|69/100
|move|p1a: Pelipper|Hurricane|p2b: Venusaur
|-activate|p2b: Venusaur|move: Protect
|move|p2a: Floette|Draining Kiss|p1b: Swampert
|-damage|p1b: Swampert|0 fnt
|-heal|p2a: Floette|94/100|[from] drain|[of] p1b: Swampert
|faint|p1b: Swampert
|
|-weather|RainDance|[upkeep]
|upkeep
|
|t:|1785468219
|switch|p1b: Basculegion|Basculegion, L50, M|72/100
|turn|10
|
|t:|1785468232
|move|p2a: Floette|Protect|p2a: Floette
|-singleturn|p2a: Floette|Protect
|move|p1b: Basculegion|Last Respects|p2a: Floette
|-activate|p2a: Floette|move: Protect
|move|p1a: Pelipper|Hurricane|p2b: Venusaur
|-supereffective|p2b: Venusaur|1
|-damage|p2b: Venusaur|0 fnt
|faint|p2b: Venusaur
|
|-weather|RainDance|[upkeep]
|upkeep
|turn|11
|-message|ben's last ride forfeited.
|
|win|vervejl
