|j|☆prof.Jirofales
|j|☆Notaplaceofhonor
|html|prof.JirofalesNotaplaceofhonor    
|uhtml|bestof|Game 3 of a best-of-3
|t:|1756266568
|gametype|doubles
|player|p1|prof.Jirofales|169|1165
|player|p2|Notaplaceofhonor|juan-gen3|1197
|gen|9
|tier|[Gen 9] VGC 2025 Reg H (Bo3)
|rated|
|rule|Species Clause: Limit one of each Pokémon
|rule|Item Clause: Limit 1 of each item
|clearpoke
|poke|p1|Rillaboom, L50, M|
|poke|p1|Sneasler, L50, F|
|poke|p1|Basculegion, L50, M|
|poke|p1|Volcarona, L50, F|
|poke|p1|Dragonite, L50, F|
|poke|p1|Incineroar, L50, M|
|poke|p2|Ursaluna, L50, F|
|poke|p2|Incineroar, L50, M|
|poke|p2|Porygon2, L50|
|poke|p2|Jumpluff, L50, F|
|poke|p2|Gholdengo, L50|
|poke|p2|Sneasler, L50, M|
|teampreview|4
|showteam|p1|Rillaboom||AssaultVest|GrassySurge|FakeOut,GrassyGlide,WoodHammer,HighHorsepower|||M|||50|,,,,,Fire]Sneasler||FocusSash|Unburden|FakeOut,DireClaw,CloseCombat,Coaching|||F|||50|,,,,,Ghost]Basculegion||ChoiceScarf|Adaptability|FlipTurn,WaveCrash,LastRespects,TeraBlast|||M|||50|,,,,,Flying]Volcarona||CovertCloak|FlameBody|HeatWave,TeraBlast,QuiverDance,Protect|||F|||50|,,,,,Fairy]Dragonite||LoadedDice|Multiscale|ScaleShot,Tailwind,Haze,Protect|||F|||50|,,,,,Steel]Incineroar||SafetyGoggles|Intimidate|FakeOut,FlareBlitz,KnockOff,PartingShot|||M|||50|,,,,,Ghost
|showteam|p2|Ursaluna||FlameOrb|Guts|Protect,Facade,Earthquake,HeadlongRush|||F|||50|,,,,,Ghost]Incineroar||SafetyGoggles|Intimidate|FlareBlitz,FakeOut,KnockOff,PartingShot|||M|||50|,,,,,Ghost]Porygon2||Eviolite|Download|Recover,TeraBlast,IceBeam,TrickRoom||||||50|,,,,,Fighting]Jumpluff||CovertCloak|Chlorophyll|SleepPowder,Tailwind,PollenPuff,RagePowder|||F|||50|,,,,,Water]Gholdengo||LifeOrb|GoodasGold|Protect,NastyPlot,MakeItRain,ShadowBall||||||50|,,,,,Steel]Sneasler||FocusSash|Unburden|Protect,CloseCombat,DireClaw,ThroatChop|||M|||50|,,,,,Stellar
|
|t:|1756266593
|teamsize|p1|4
|teamsize|p2|4
|start
|switch|p1a: Basculegion|Basculegion, L50, M|100/100
|switch|p1b: Incineroar|Incineroar, L50, M|100/100
|switch|p2a: Jumpluff|Jumpluff, L50, F|100/100
|switch|p2b: Incineroar|Incineroar, L50, M|100/100
|-ability|p2b: Incineroar|Intimidate|boost
|-unboost|p1a: Basculegion|atk|1
|-unboost|p1b: Incineroar|atk|1
|-ability|p1b: Incineroar|Intimidate|boost
|-unboost|p2a: Jumpluff|atk|1
|-unboost|p2b: Incineroar|atk|1
|turn|1
|j| PhanpythePirate
|
|t:|1756266613
|move|p1a: Basculegion|Flip Turn|p2b: Incineroar
|-supereffective|p2b: Incineroar
|-damage|p2b: Incineroar|65/100
|
|t:|1756266617
|switch|p1a: Rillaboom|Rillaboom, L50, M|100/100|[from] Flip Turn
|-fieldstart|move: Grassy Terrain|[from] ability: Grassy Surge|[of] p1a: Rillaboom
|move|p2a: Jumpluff|Tailwind|p2a: Jumpluff
|-sidestart|p2: Notaplaceofhonor|move: Tailwind
|move|p2b: Incineroar|Parting Shot|p1a: Rillaboom
|-unboost|p1a: Rillaboom|atk|1
|-unboost|p1a: Rillaboom|spa|1
|
|t:|1756266626
|switch|p2b: Ursaluna|Ursaluna, L50, F|100/100|[from] Parting Shot
|move|p1b: Incineroar|Knock Off|p2b: Ursaluna
|-crit|p2b: Ursaluna
|-damage|p2b: Ursaluna|53/100
|-enditem|p2b: Ursaluna|Flame Orb|[from] move: Knock Off|[of] p1b: Incineroar
|
|-heal|p2b: Ursaluna|58/100|[from] Grassy Terrain
|upkeep
|turn|2
|
|t:|1756266655
|switch|p1a: Basculegion|Basculegion, L50, M|100/100
|-terastallize|p1b: Incineroar|Ghost
|move|p2a: Jumpluff|Pollen Puff|p1a: Basculegion
|-resisted|p1a: Basculegion
|-damage|p1a: Basculegion|93/100
|move|p2b: Ursaluna|Headlong Rush|p1b: Incineroar
|-crit|p1b: Incineroar
|-damage|p1b: Incineroar|4/100
|-unboost|p2b: Ursaluna|def|1
|-unboost|p2b: Ursaluna|spd|1
|move|p1b: Incineroar|Parting Shot|p2b: Ursaluna
|-unboost|p2b: Ursaluna|atk|1
|-unboost|p2b: Ursaluna|spa|1
|
|t:|1756266673
|switch|p1b: Rillaboom|Rillaboom, L50, M|100/100|[from] Parting Shot
|
|-heal|p1a: Basculegion|99/100|[from] Grassy Terrain
|-heal|p2b: Ursaluna|64/100|[from] Grassy Terrain
|upkeep
|turn|3
|
|t:|1756266686
|switch|p1a: Incineroar|Incineroar, L50, M, tera:Ghost|4/100
|-ability|p1a: Incineroar|Intimidate|boost
|-unboost|p2a: Jumpluff|atk|1
|-unboost|p2b: Ursaluna|atk|1
|move|p2a: Jumpluff|Sleep Powder|p1a: Incineroar
|-activate|p1a: Incineroar|item: Safety Goggles|Sleep Powder
|move|p2b: Ursaluna|Facade|p1b: Rillaboom
|-damage|p1b: Rillaboom|76/100
|move|p1b: Rillaboom|High Horsepower|p2b: Ursaluna
|-damage|p2b: Ursaluna|22/100
|
|-heal|p2b: Ursaluna|28/100|[from] Grassy Terrain
|-heal|p1b: Rillaboom|82/100|[from] Grassy Terrain
|-heal|p1a: Incineroar|10/100|[from] Grassy Terrain
|upkeep
|turn|4
|
|t:|1756266714
|switch|p2b: Incineroar|Incineroar, L50, M|65/100
|-ability|p2b: Incineroar|Intimidate|boost
|-unboost|p1a: Incineroar|atk|1
|-unboost|p1b: Rillaboom|atk|1
|move|p1b: Rillaboom|Grassy Glide|p2b: Incineroar
|-resisted|p2b: Incineroar
|-damage|p2b: Incineroar|54/100
|move|p2a: Jumpluff|Pollen Puff|p2b: Incineroar
|-heal|p2b: Incineroar|100/100
|move|p1a: Incineroar|Knock Off|p2a: Jumpluff
|-damage|p2a: Jumpluff|66/100
|-enditem|p2a: Jumpluff|Covert Cloak|[from] move: Knock Off|[of] p1a: Incineroar
|
|-heal|p1b: Rillaboom|89/100|[from] Grassy Terrain
|-heal|p1a: Incineroar|16/100|[from] Grassy Terrain
|-sideend|p2: Notaplaceofhonor|move: Tailwind
|upkeep
|turn|5
|
|t:|1756266748
|switch|p1a: Sneasler|Sneasler, L50, F|100/100
|move|p2a: Jumpluff|Tailwind|p2a: Jumpluff
|-sidestart|p2: Notaplaceofhonor|move: Tailwind
|move|p2b: Incineroar|Knock Off|p1b: Rillaboom
|-damage|p1b: Rillaboom|50/100
|-enditem|p1b: Rillaboom|Assault Vest|[from] move: Knock Off|[of] p2b: Incineroar
|move|p1b: Rillaboom|High Horsepower|p2b: Incineroar
|-supereffective|p2b: Incineroar
|-damage|p2b: Incineroar|68/100
|
|-heal|p2b: Incineroar|74/100|[from] Grassy Terrain
|-heal|p1b: Rillaboom|57/100|[from] Grassy Terrain
|-fieldend|move: Grassy Terrain
|upkeep
|turn|6
|
|t:|1756266766
|switch|p1a: Incineroar|Incineroar, L50, M, tera:Ghost|16/100
|-ability|p1a: Incineroar|Intimidate|boost
|-unboost|p2a: Jumpluff|atk|1
|-unboost|p2b: Incineroar|atk|1
|switch|p1b: Basculegion|Basculegion, L50, M|99/100
|move|p2a: Jumpluff|Sleep Powder|p1a: Incineroar
|-activate|p1a: Incineroar|item: Safety Goggles|Sleep Powder
|move|p2b: Incineroar|Flare Blitz|p1b: Basculegion
|-resisted|p1b: Basculegion
|-damage|p1b: Basculegion|80/100
|-damage|p2b: Incineroar|67/100|[from] Recoil
|
|upkeep
|turn|7
|
|t:|1756266793
|switch|p2b: Ursaluna|Ursaluna, L50, F|28/100
|move|p1a: Incineroar|Fake Out|p2a: Jumpluff
|-damage|p2a: Jumpluff|50/100
|cant|p2a: Jumpluff|flinch
|move|p1b: Basculegion|Flip Turn|p2b: Ursaluna
|-supereffective|p2b: Ursaluna
|-damage|p2b: Ursaluna|0 fnt
|faint|p2b: Ursaluna
|
|t:|1756266804
|switch|p1b: Rillaboom|Rillaboom, L50, M|57/100|[from] Flip Turn
|-fieldstart|move: Grassy Terrain|[from] ability: Grassy Surge|[of] p1b: Rillaboom
|
|-heal|p1b: Rillaboom|63/100|[from] Grassy Terrain
|-heal|p1a: Incineroar|22/100|[from] Grassy Terrain
|upkeep
|
|t:|1756266813
|switch|p2b: Sneasler|Sneasler, L50, M|100/100
|turn|8
|
|t:|1756266837
|move|p1b: Rillaboom|Fake Out|p2b: Sneasler
|-damage|p2b: Sneasler|74/100
|cant|p2b: Sneasler|flinch
|move|p2a: Jumpluff|Sleep Powder|p1a: Incineroar
|-activate|p1a: Incineroar|item: Safety Goggles|Sleep Powder
|move|p1a: Incineroar|Parting Shot|p2a: Jumpluff
|-unboost|p2a: Jumpluff|atk|1
|-unboost|p2a: Jumpluff|spa|1
|
|t:|1756266852
|switch|p1a: Sneasler|Sneasler, L50, F|100/100|[from] Parting Shot
|
|-heal|p2b: Sneasler|79/100|[from] Grassy Terrain
|-heal|p1b: Rillaboom|69/100|[from] Grassy Terrain
|-sideend|p2: Notaplaceofhonor|move: Tailwind
|upkeep
|turn|9
|
|t:|1756266870
|move|p1a: Sneasler|Dire Claw|p2a: Jumpluff
|-supereffective|p2a: Jumpluff
|-damage|p2a: Jumpluff|0 fnt
|faint|p2a: Jumpluff
|move|p2b: Sneasler|Dire Claw|p1b: Rillaboom
|-supereffective|p1b: Rillaboom
|-damage|p1b: Rillaboom|0 fnt
|faint|p1b: Rillaboom
|
|-heal|p2b: Sneasler|85/100|[from] Grassy Terrain
|upkeep
|
|t:|1756266882
|switch|p2a: Incineroar|Incineroar, L50, M|67/100
|switch|p1b: Basculegion|Basculegion, L50, M|80/100
|-ability|p2a: Incineroar|Intimidate|boost
|-unboost|p1a: Sneasler|atk|1
|-unboost|p1b: Basculegion|atk|1
|turn|10
|
|t:|1756266892
|switch|p1a: Incineroar|Incineroar, L50, M, tera:Ghost|22/100
|-ability|p1a: Incineroar|Intimidate|boost
|-unboost|p2a: Incineroar|atk|1
|-unboost|p2b: Sneasler|atk|1
|-terastallize|p2a: Incineroar|Ghost
|move|p2b: Sneasler|Protect|p2b: Sneasler
|-singleturn|p2b: Sneasler|Protect
|move|p1b: Basculegion|Flip Turn|p2a: Incineroar
|-damage|p2a: Incineroar|50/100
|
|t:|1756266903
|switch|p1b: Sneasler|Sneasler, L50, F|100/100|[from] Flip Turn
|move|p2a: Incineroar|Knock Off|p1b: Sneasler
|-resisted|p1b: Sneasler
|-damage|p1b: Sneasler|79/100
|-enditem|p1b: Sneasler|Focus Sash|[from] move: Knock Off|[of] p2a: Incineroar
|
|-heal|p1b: Sneasler|85/100|[from] Grassy Terrain
|-heal|p2b: Sneasler|91/100|[from] Grassy Terrain
|-heal|p2a: Incineroar|56/100|[from] Grassy Terrain
|-heal|p1a: Incineroar|28/100|[from] Grassy Terrain
|upkeep
|turn|11
|
|t:|1756266920
|move|p1a: Incineroar|Fake Out|p2b: Sneasler
|-damage|p2b: Sneasler|70/100
|move|p1b: Sneasler|Dire Claw|p2b: Sneasler
|-resisted|p2b: Sneasler
|-damage|p2b: Sneasler|33/100
|-status|p2b: Sneasler|par
|cant|p2b: Sneasler|flinch
|move|p2a: Incineroar|Knock Off|p1a: Incineroar
|-supereffective|p1a: Incineroar
|-damage|p1a: Incineroar|0 fnt
|-enditem|p1a: Incineroar|Safety Goggles|[from] move: Knock Off|[of] p2a: Incineroar
|faint|p1a: Incineroar
|
|-heal|p1b: Sneasler|91/100|[from] Grassy Terrain
|-heal|p2b: Sneasler|38/100 par|[from] Grassy Terrain
|-heal|p2a: Incineroar|62/100|[from] Grassy Terrain
|-fieldend|move: Grassy Terrain
|upkeep
|
|t:|1756266937
|switch|p1a: Basculegion|Basculegion, L50, M|80/100
|turn|12
|
|t:|1756266945
|move|p1b: Sneasler|Dire Claw|p2b: Sneasler
|-resisted|p2b: Sneasler
|-damage|p2b: Sneasler|0 fnt
|faint|p2b: Sneasler
|move|p1a: Basculegion|Last Respects|p2a: Incineroar
|-supereffective|p2a: Incineroar
|-damage|p2a: Incineroar|0 fnt
|faint|p2a: Incineroar
|
|win|prof.Jirofales
|raw|prof.Jirofales's rating: 1165 → 1192(+27 for winning)
|raw|Notaplaceofhonor's rating: 1197 → 1170(-27 for losing)
