|j|☆char_labs
|j|☆Gligar64
|html|char_labsGligar64    
|uhtml|bestof|Game 2 of a best-of-3
|t:|1757819280
|gametype|doubles
|player|p1|char_labs|clerkf|1134
|player|p2|Gligar64|red|1200
|gen|9
|tier|[Gen 9] VGC 2025 Reg H (Bo3)
|rated|
|rule|Species Clause: Limit one of each Pokémon
|rule|Item Clause: Limit 1 of each item
|clearpoke
|poke|p1|Dragonite, L50, F|
|poke|p1|Vivillon, L50, M|
|poke|p1|Ursaluna, L50, F|
|poke|p1|Gholdengo, L50|
|poke|p1|Incineroar, L50, F|
|poke|p1|Primarina, L50, M|
|poke|p2|Kommo-o, L50, M|
|poke|p2|Sneasler, L50, F|
|poke|p2|Electabuzz, L50, F|
|poke|p2|Sinistcha, L50|
|poke|p2|Maushold-Four, L50|
|poke|p2|Annihilape, L50, F|
|teampreview|4
|showteam|p1|Dragonite||LoadedDice|Multiscale|ScaleShot,Protect,Haze,LowKick|||F|||50|,,,,,Fairy]Vivillon||FocusSash|CompoundEyes|Tailwind,Protect,Hurricane,SleepPowder|||M|||50|,,,,,Ghost]Ursaluna||FlameOrb|Guts|Protect,Facade,Earthquake,HeadlongRush|||F|||50|,,,,,Ghost]Gholdengo||Leftovers|GoodasGold|MakeItRain,ShadowBall,NastyPlot,Protect||||||50|,,,,,Water]Incineroar||SafetyGoggles|Intimidate|FakeOut,PartingShot,KnockOff,FlareBlitz|||F|||50|,,,,,Dragon]Primarina||SitrusBerry|LiquidVoice|Protect,DazzlingGleam,Moonblast,HyperVoice|||M|||50|,,,,,Steel
|showteam|p2|Kommo-o||ThroatSpray|Soundproof|ClangingScales,Flamethrower,ClangorousSoul,Protect|||M|||50|,,,,,Fairy]Sneasler||FocusSash|Unburden|FakeOut,DireClaw,CloseCombat,Protect|||F|||50|,,,,,Stellar]Electabuzz||Eviolite|VitalSpirit|Electroweb,Protect,FollowMe,HelpingHand|||F|||50|,,,,,Grass]Sinistcha||SitrusBerry|Hospitality|TrickRoom,RagePowder,MatchaGotcha,LifeDew||||||50|,,,,,Dark]Maushold-Four||SafetyGoggles|FriendGuard|BeatUp,Taunt,FollowMe,Protect||||||50|,,,,,Ghost]Annihilape||Leftovers|Defiant|RageFist,DrainPunch,BulkUp,Protect|||F|||50|,,,,,Fire
|inactive|Battle timer is ON: inactive players will automatically lose when time's up. (requested by char_labs)
|
|t:|1757819302
|teamsize|p1|4
|teamsize|p2|4
|start
|switch|p1a: Vivillon|Vivillon, L50, M|100/100
|switch|p1b: Dragonite|Dragonite, L50, F|100/100
|switch|p2a: Maushold|Maushold-Four, L50|100/100
|switch|p2b: Annihilape|Annihilape, L50, F|100/100
|turn|1
|
|t:|1757819319
|move|p2b: Annihilape|Protect|p2b: Annihilape
|-singleturn|p2b: Annihilape|Protect
|move|p2a: Maushold|Taunt|p1a: Vivillon
|-start|p1a: Vivillon|move: Taunt
|cant|p1a: Vivillon|move: Taunt|Tailwind
|move|p1b: Dragonite|Scale Shot|p2a: Maushold
|-damage|p2a: Maushold|80/100
|-crit|p2a: Maushold
|-damage|p2a: Maushold|49/100
|-damage|p2a: Maushold|30/100
|-damage|p2a: Maushold|10/100
|-hitcount|p2a: Maushold|4
|-unboost|p1b: Dragonite|def|1
|-boost|p1b: Dragonite|spe|1
|
|upkeep
|turn|2
|
|t:|1757819335
|move|p2a: Maushold|Protect|p2a: Maushold
|-singleturn|p2a: Maushold|Protect
|move|p1b: Dragonite|Scale Shot|p2b: Annihilape
|-crit|p2b: Annihilape
|-damage|p2b: Annihilape|83/100
|-damage|p2b: Annihilape|72/100
|-damage|p2b: Annihilape|62/100
|-damage|p2b: Annihilape|51/100
|-damage|p2b: Annihilape|41/100
|-hitcount|p2b: Annihilape|5
|-unboost|p1b: Dragonite|def|1
|-boost|p1b: Dragonite|spe|1
|move|p1a: Vivillon|Hurricane|p2b: Annihilape
|-supereffective|p2b: Annihilape
|-damage|p2b: Annihilape|0 fnt
|faint|p2b: Annihilape
|
|upkeep
|
|t:|1757819341
|switch|p2b: Kommo-o|Kommo-o, L50, M|100/100
|turn|3
|
|t:|1757819352
|-terastallize|p2b: Kommo-o|Fairy
|move|p2a: Maushold|Follow Me|p2a: Maushold
|-singleturn|p2a: Maushold|move: Follow Me
|move|p1b: Dragonite|Scale Shot|p2a: Maushold
|-damage|p2a: Maushold|0 fnt
|faint|p2a: Maushold
|-hitcount|p2: Maushold|1
|-unboost|p1b: Dragonite|def|1
|-boost|p1b: Dragonite|spe|1
|move|p1a: Vivillon|Hurricane|p2b: Kommo-o
|-damage|p2b: Kommo-o|59/100
|move|p2b: Kommo-o|Clangorous Soul|p2b: Kommo-o
|-boost|p2b: Kommo-o|atk|1
|-boost|p2b: Kommo-o|def|1
|-boost|p2b: Kommo-o|spa|1
|-boost|p2b: Kommo-o|spd|1
|-boost|p2b: Kommo-o|spe|1
|-damage|p2b: Kommo-o|27/100
|-enditem|p2b: Kommo-o|Throat Spray
|-boost|p2b: Kommo-o|spa|1|[from] item: Throat Spray
|
|-end|p1a: Vivillon|move: Taunt
|upkeep
|
|t:|1757819357
|switch|p2a: Sinistcha|Sinistcha, L50|100/100
|-heal|p2b: Kommo-o|51/100|[from] ability: Hospitality|[of] p2a: Sinistcha
|turn|4
|inactive|char_labs has 30 seconds left.
|
|t:|1757819388
|move|p1b: Dragonite|Scale Shot|p2a: Sinistcha
|-damage|p2a: Sinistcha|88/100
|-damage|p2a: Sinistcha|75/100
|-damage|p2a: Sinistcha|61/100
|-damage|p2a: Sinistcha|49/100
|-enditem|p2a: Sinistcha|Sitrus Berry|[eat]
|-heal|p2a: Sinistcha|74/100|[from] item: Sitrus Berry
|-hitcount|p2a: Sinistcha|4
|-unboost|p1b: Dragonite|def|1
|-boost|p1b: Dragonite|spe|1
|move|p2b: Kommo-o|Flamethrower|p1a: Vivillon
|-supereffective|p1a: Vivillon
|-enditem|p1a: Vivillon|Focus Sash
|-damage|p1a: Vivillon|1/100
|move|p1a: Vivillon|Hurricane|p2a: Sinistcha
|-supereffective|p2a: Sinistcha
|-damage|p2a: Sinistcha|0 fnt
|faint|p2a: Sinistcha
|
|upkeep
|turn|5
|-message|Gligar64 forfeited.
|raw|char_labs's rating: 1134 → 1164(+30 for winning)
|raw|Gligar64's rating: 1200 → 1170(-30 for losing)
|
|win|char_labs
|l|☆Gligar64
|player|p2|
