|j|☆testasdada
|j|☆LeDGeNDaRY95
|html|testasdadaLeDGeNDaRY95    
|uhtml|bestof|Game 1 of a best-of-3
|t:|1757042407
|gametype|doubles
|player|p1|testasdada|dawn-gen4pt|1028
|player|p2|LeDGeNDaRY95|lucas|1104
|gen|9
|tier|[Gen 9] VGC 2025 Reg H (Bo3)
|rated|
|rule|Species Clause: Limit one of each Pokémon
|rule|Item Clause: Limit 1 of each item
|clearpoke
|poke|p1|Tyranitar, L50, M|
|poke|p1|Excadrill, L50, F|
|poke|p1|Gholdengo, L50|
|poke|p1|Amoonguss, L50, M|
|poke|p1|Electabuzz, L50, M|
|poke|p1|Volcarona, L50, F|
|poke|p2|Mamoswine, L50, M|
|poke|p2|Talonflame, L50, M|
|poke|p2|Archaludon, L50, F|
|poke|p2|Conkeldurr, L50, M|
|poke|p2|Dragapult, L50, M|
|poke|p2|Sinistcha, L50|
|teampreview|4
|showteam|p1|Tyranitar||AssaultVest|SandStream|RockSlide,KnockOff,LowKick,TeraBlast|||M|||50|,,,,,Flying]Excadrill||FocusSash|SandRush|Protect,IronHead,HighHorsepower,Earthquake|||F|||50|,,,,,Ground]Gholdengo||MetalCoat|GoodasGold|MakeItRain,ShadowBall,Protect,NastyPlot||||||50|,,,,,Water]Amoonguss||MentalHerb|Regenerator|Spore,RagePowder,PollenPuff,Protect|||M|||50|,,,,,Water]Electabuzz||Eviolite|VitalSpirit|FollowMe,Protect,Taunt,Electroweb|||M|||50|,,,,,Ghost]Volcarona||RockyHelmet|FlameBody|RagePowder,FieryDance,StruggleBug,Protect|||F|||50|,,,,,Grass
|showteam|p2|Mamoswine||LoadedDice|ThickFat|Protect,HighHorsepower,IcicleSpear,Haze|||M|||50|,,,,,Bug]Talonflame||CovertCloak|GaleWings|Protect,Tailwind,BraveBird,FlareBlitz|||M|||50|,,,,,Fire]Archaludon||AssaultVest|Stamina|DragonPulse,Thunderbolt,FlashCannon,BodyPress|||F|||50|,,,,,Grass]Conkeldurr||FlameOrb|Guts|Protect,CloseCombat,MachPunch,ThunderPunch|||M|||50|,,,,,Dark]Dragapult||ChoiceBand|ClearBody|DragonDarts,SuckerPunch,TeraBlast,Uturn|||M|||50|,,,,,Ghost]Sinistcha||SitrusBerry|Hospitality|TrickRoom,MatchaGotcha,LifeDew,RagePowder||||||50|,,,,,Fire
|inactive|Battle timer is ON: inactive players will automatically lose when time's up. (requested by LeDGeNDaRY95)
|inactive|testasdada also wants the timer to be on.
|inactive|testasdada has 60 seconds left.
|inactive|LeDGeNDaRY95 has 60 seconds left.
|
|t:|1757042453
|teamsize|p1|4
|teamsize|p2|4
|start
|switch|p1a: Tyranitar|Tyranitar, L50, M|100/100
|switch|p1b: Excadrill|Excadrill, L50, F|100/100
|switch|p2a: Talonflame|Talonflame, L50, M, shiny|100/100
|switch|p2b: Dragapult|Dragapult, L50, M|100/100
|-weather|Sandstorm|[from] ability: Sand Stream|[of] p1a: Tyranitar
|turn|1
|
|t:|1757042473
|move|p2a: Talonflame|Tailwind|p2a: Talonflame
|-sidestart|p2: LeDGeNDaRY95|move: Tailwind
|move|p2b: Dragapult|U-turn|p1b: Excadrill
|-resisted|p1b: Excadrill
|-damage|p1b: Excadrill|76/100
|
|t:|1757042478
|switch|p2b: Archaludon|Archaludon, L50, F, shiny|100/100|[from] U-turn
|move|p1b: Excadrill|High Horsepower|p2b: Archaludon
|-supereffective|p2b: Archaludon
|-damage|p2b: Archaludon|22/100
|-ability|p2b: Archaludon|Stamina|boost
|-boost|p2b: Archaludon|def|1
|move|p1a: Tyranitar|Rock Slide|p2b: Archaludon|[spread] p2a,p2b
|-supereffective|p2a: Talonflame
|-resisted|p2b: Archaludon
|-damage|p2a: Talonflame|0 fnt
|-damage|p2b: Archaludon|15/100
|-ability|p2b: Archaludon|Stamina|boost
|-boost|p2b: Archaludon|def|1
|faint|p2a: Talonflame
|
|-weather|Sandstorm|[upkeep]
|upkeep
|inactive|LeDGeNDaRY95 has 30 seconds left.
|
|t:|1757042508
|switch|p2a: Mamoswine|Mamoswine, L50, M|100/100
|turn|2
|inactive|LeDGeNDaRY95 has 30 seconds left.
|inactive|LeDGeNDaRY95 has 20 seconds left.
|inactive|LeDGeNDaRY95 has 15 seconds left.
|
|t:|1757042550
|-terastallize|p2b: Archaludon|Grass
|move|p1b: Excadrill|Iron Head|p2a: Mamoswine
|-supereffective|p2a: Mamoswine
|-damage|p2a: Mamoswine|2/100
|move|p2a: Mamoswine|Icicle Spear|p1b: Excadrill
|-damage|p1b: Excadrill|59/100
|-damage|p1b: Excadrill|39/100
|-damage|p1b: Excadrill|23/100
|-damage|p1b: Excadrill|6/100
|-damage|p1b: Excadrill|0 fnt
|faint|p1b: Excadrill
|-hitcount|p1: Excadrill|5
|move|p2b: Archaludon|Body Press|p1a: Tyranitar
|-supereffective|p1a: Tyranitar
|-damage|p1a: Tyranitar|0 fnt
|faint|p1a: Tyranitar
|
|-weather|Sandstorm|[upkeep]
|-damage|p2b: Archaludon|9/100|[from] Sandstorm
|upkeep
|
|t:|1757042558
|switch|p1b: Amoonguss|Amoonguss, L50, M|100/100
|switch|p1a: Gholdengo|Gholdengo, L50|100/100
|turn|3
|inactive|LeDGeNDaRY95 has 30 seconds left.
|
|t:|1757042590
|move|p1b: Amoonguss|Protect|p1b: Amoonguss
|-singleturn|p1b: Amoonguss|Protect
|move|p2a: Mamoswine|Icicle Spear|p1b: Amoonguss
|-activate|p1b: Amoonguss|move: Protect
|move|p2b: Archaludon|Dragon Pulse|p1b: Amoonguss
|-activate|p1b: Amoonguss|move: Protect
|move|p1a: Gholdengo|Make It Rain|p2b: Archaludon|[spread] p2a,p2b
|-supereffective|p2a: Mamoswine
|-damage|p2a: Mamoswine|0 fnt
|-damage|p2b: Archaludon|0 fnt
|-unboost|p1a: Gholdengo|spa|1
|faint|p2a: Mamoswine
|faint|p2b: Archaludon
|
|-weather|Sandstorm|[upkeep]
|-damage|p1b: Amoonguss|95/100|[from] Sandstorm
|upkeep
|
|t:|1757042595
|switch|p2b: Dragapult|Dragapult, L50, M|100/100
|turn|4
|
|t:|1757042608
|move|p2b: Dragapult|Dragon Darts|p1a: Gholdengo
|-resisted|p1a: Gholdengo
|-damage|p1a: Gholdengo|83/100
|-anim|p2b: Dragapult|Dragon Darts|p1b: Amoonguss
|-damage|p1b: Amoonguss|65/100
|move|p1a: Gholdengo|Shadow Ball|p2b: Dragapult
|-supereffective|p2b: Dragapult
|-damage|p2b: Dragapult|20/100
|move|p1b: Amoonguss|Spore|p2b: Dragapult
|-status|p2b: Dragapult|slp|[from] move: Spore
|
|-weather|Sandstorm|[upkeep]
|-damage|p2b: Dragapult|14/100 slp|[from] Sandstorm
|-damage|p1b: Amoonguss|60/100|[from] Sandstorm
|-sideend|p2: LeDGeNDaRY95|move: Tailwind
|upkeep
|turn|5
|
|t:|1757042614
|cant|p2b: Dragapult|slp
|move|p1a: Gholdengo|Shadow Ball|p2b: Dragapult
|-supereffective|p2b: Dragapult
|-damage|p2b: Dragapult|0 fnt
|faint|p2b: Dragapult
|
|win|testasdada
||testasdada is ready for game 2.
||LeDGeNDaRY95 is ready for game 2.
|uhtml|next|Next: Game 2 of 3
