|j|☆zainagainhere
|j|☆yath111
|html|zainagainhereyath111    
|uhtml|bestof|Game 2 of a best-of-3
|t:|1782314798
|gametype|doubles
|player|p1|zainagainhere|schoolkidf|1000
|player|p2|yath111|2|1040
|gen|9
|tier|[Gen 9 Champions] VGC 2026 Reg M-B (Bo3)
|rated|
|rule|Species Clause: Limit one of each Pokémon
|rule|Item Clause: Limit 1 of each item
|clearpoke
|poke|p1|Staraptor, L50, F|
|poke|p1|Whimsicott, L50, F|
|poke|p1|Garchomp, L50, M|
|poke|p1|Grimmsnarl, L50, M|
|poke|p1|Milotic, L50, M|
|poke|p1|Sinistcha, L50|
|poke|p2|Corviknight, L50, F|
|poke|p2|Charizard, L50, F|
|poke|p2|Farigiraf, L50, F|
|poke|p2|Incineroar, L50, F|
|poke|p2|Sinistcha, L50|
|poke|p2|Dragalge, L50, F|
|teampreview|4
|showteam|p1|Staraptor||Staraptite|Intimidate|CloseCombat,BraveBird,Protect,Roost|Jolly||F|||50|]Whimsicott||FocusSash|Prankster|Tickle,Tailwind,Moonblast,Protect|Timid||F|||50|]Garchomp||LifeOrb|RoughSkin|Earthquake,RockSlide,StompingTantrum,Protect|Jolly||M|||50|]Grimmsnarl||LightClay|Prankster|FakeOut,SpiritBreak,Reflect,LightScreen|Careful||M|||50|]Milotic||SitrusBerry|Competitive|Scald,IcyWind,Recover,Protect|Bold||M|||50|]Sinistcha||Leftovers|Hospitality|MatchaGotcha,LifeDew,RagePowder,TrickRoom|Bold|||||50|
|showteam|p2|Corviknight||WacanBerry|MirrorArmor|Roost,BodyPress,Tailwind,Protect|Bold||F|||50|]Charizard||CharizarditeY|SolarPower|HeatWave,AncientPower,SolarBeam,Protect|Timid||F|||50|]Farigiraf||ColburBerry|ArmorTail|TrickRoom,Psychic,HelpingHand,Protect|Sassy||F|||50|]Incineroar||ChopleBerry|Intimidate|FakeOut,PartingShot,DarkestLariat,Protect|Careful||F|||50|]Sinistcha||Leftovers|Hospitality|TrickRoom,MatchaGotcha,LifeDew,RagePowder|Relaxed|||||50|]Dragalge||Dragalgite|Adaptability|SludgeWave,DracoMeteor,Venoshock,Protect|Quiet||F|||50|
|inactive|Battle timer is ON: inactive players will automatically lose when time's up. (requested by yath111)
|
|t:|1782314815
|teamsize|p1|4
|teamsize|p2|4
|start
|switch|p1a: Grimmsnarl|Grimmsnarl, L50, M|100/100
|switch|p1b: Milotic|Milotic, L50, M|100/100
|switch|p2a: Corviknight|Corviknight, L50, F|100/100
|switch|p2b: Charizard|Charizard, L50, F|100/100
|turn|1
|
|t:|1782314832
|detailschange|p2b: Charizard|Charizard-Mega-Y, L50, F
|-mega|p2b: Charizard|Charizard|Charizardite Y
|-weather|SunnyDay|[from] ability: Drought|[of] p2b: Charizard
|move|p1a: Grimmsnarl|Fake Out|p2b: Charizard
|-damage|p2b: Charizard|84/100
|cant|p2b: Charizard|flinch
|move|p1b: Milotic|Icy Wind|p2b: Charizard|[spread] p2a,p2b
|-damage|p2a: Corviknight|90/100
|-damage|p2b: Charizard|76/100
|-ability|p2a: Corviknight|Mirror Armor
|-unboost|p1b: Milotic|spe|1
|-ability|p1b: Milotic|Competitive|boost
|-boost|p1b: Milotic|spa|2
|-unboost|p2b: Charizard|spe|1
|move|p2a: Corviknight|Tailwind|p2a: Corviknight
|-sidestart|p2: yath111|move: Tailwind
|
|-weather|SunnyDay|[upkeep]
|upkeep
|turn|2
|
|t:|1782314857
|switch|p2a: Sinistcha|Sinistcha, L50|100/100
|-heal|p2b: Charizard|100/100|[from] ability: Hospitality|[of] p2a: Sinistcha
|move|p1a: Grimmsnarl|Light Screen|p1a: Grimmsnarl
|-sidestart|p1: zainagainhere|move: Light Screen
|move|p2b: Charizard|Solar Beam||[still]
|-prepare|p2b: Charizard|Solar Beam
|-anim|p2b: Charizard|Solar Beam|p1b: Milotic
|-supereffective|p1b: Milotic|1
|-damage|p1b: Milotic|54/100
|move|p1b: Milotic|Icy Wind|p2a: Sinistcha|[spread] p2a,p2b
|-supereffective|p2a: Sinistcha|1
|-damage|p2a: Sinistcha|55/100
|-damage|p2b: Charizard|81/100
|-unboost|p2a: Sinistcha|spe|1
|-unboost|p2b: Charizard|spe|1
|
|-weather|SunnyDay|[upkeep]
|-heal|p2a: Sinistcha|61/100|[from] item: Leftovers
|upkeep
|turn|3
|inactive|zainagainhere has 30 seconds left.
|
|t:|1782314882
|move|p1a: Grimmsnarl|Reflect|p1a: Grimmsnarl
|-sidestart|p1: zainagainhere|Reflect
|move|p2b: Charizard|Solar Beam||[still]
|-prepare|p2b: Charizard|Solar Beam
|-anim|p2b: Charizard|Solar Beam|p1b: Milotic
|-supereffective|p1b: Milotic|1
|-damage|p1b: Milotic|11/100
|-enditem|p1b: Milotic|Sitrus Berry|[eat]
|-heal|p1b: Milotic|36/100|[from] item: Sitrus Berry
|move|p2a: Sinistcha|Matcha Gotcha|p1a: Grimmsnarl|[spread] p1a,p1b
|-crit|p1a: Grimmsnarl
|-supereffective|p1b: Milotic|1
|-damage|p1a: Grimmsnarl|62/100
|-heal|p2a: Sinistcha|82/100|[from] drain|[of] p1a: Grimmsnarl
|-damage|p1b: Milotic|12/100
|-heal|p2a: Sinistcha|96/100|[from] drain|[of] p1b: Milotic
|-status|p1b: Milotic|brn
|move|p1b: Milotic|Icy Wind|p2b: Charizard|[spread] p2a,p2b
|-supereffective|p2a: Sinistcha|1
|-damage|p2a: Sinistcha|44/100
|-damage|p2b: Charizard|63/100
|-unboost|p2a: Sinistcha|spe|1
|-unboost|p2b: Charizard|spe|1
|
|-weather|SunnyDay|[upkeep]
|-heal|p2a: Sinistcha|51/100|[from] item: Leftovers
|-damage|p1b: Milotic|6/100 brn|[from] brn
|upkeep
|turn|4
|inactive|zainagainhere has 30 seconds left.
|inactive|yath111 has 30 seconds left.
|
|t:|1782314912
|switch|p2a: Corviknight|Corviknight, L50, F|90/100
|move|p2b: Charizard|Protect|p2b: Charizard
|-singleturn|p2b: Charizard|Protect
|move|p1a: Grimmsnarl|Spirit Break|p2a: Corviknight
|-resisted|p2a: Corviknight|1
|-damage|p2a: Corviknight|81/100
|-ability|p2a: Corviknight|Mirror Armor
|-unboost|p1a: Grimmsnarl|spa|1
|move|p1b: Milotic|Recover|p1b: Milotic
|-heal|p1b: Milotic|56/100 brn
|
|-weather|SunnyDay|[upkeep]
|-damage|p1b: Milotic|50/100g brn|[from] brn
|-sideend|p2: yath111|move: Tailwind
|upkeep
|turn|5
|inactive|zainagainhere has 30 seconds left.
|inactive|yath111 has 30 seconds left.
|
|t:|1782314945
|switch|p2b: Sinistcha|Sinistcha, L50|51/100
|-heal|p2a: Corviknight|100/100|[from] ability: Hospitality|[of] p2b: Sinistcha
|move|p1b: Milotic|Protect|p1b: Milotic
|-singleturn|p1b: Milotic|Protect
|move|p2a: Corviknight|Body Press|p1b: Milotic
|-activate|p1b: Milotic|move: Protect
|move|p1a: Grimmsnarl|Spirit Break|p2a: Corviknight
|-resisted|p2a: Corviknight|1
|-damage|p2a: Corviknight|91/100
|-ability|p2a: Corviknight|Mirror Armor
|-unboost|p1a: Grimmsnarl|spa|1
|
|-weather|none
|-heal|p2b: Sinistcha|57/100|[from] item: Leftovers
|-damage|p1b: Milotic|44/100 brn|[from] brn
|upkeep
|turn|6
|inactive|yath111 has 30 seconds left.
|
|t:|1782314973
|move|p2a: Corviknight|Tailwind|p2a: Corviknight
|-sidestart|p2: yath111|move: Tailwind
|move|p1a: Grimmsnarl|Spirit Break|p2b: Sinistcha
|-damage|p2b: Sinistcha|37/100
|-unboost|p2b: Sinistcha|spa|1
|move|p1b: Milotic|Icy Wind|p2a: Corviknight|[spread] p2a,p2b
|-supereffective|p2b: Sinistcha|1
|-damage|p2a: Corviknight|72/100
|-damage|p2b: Sinistcha|0 fnt
|-ability|p2a: Corviknight|Mirror Armor
|-unboost|p1b: Milotic|spe|1
|-ability|p1b: Milotic|Competitive|boost
|-boost|p1b: Milotic|spa|2
|faint|p2b: Sinistcha
|
|-damage|p1b: Milotic|38/100 brn|[from] brn
|upkeep
|
|t:|1782314991
|switch|p2b: Charizard|Charizard-Mega-Y, L50, F|63/100
|-weather|SunnyDay|[from] ability: Drought|[of] p2b: Charizard
|turn|7
|
|t:|1782315005
|move|p1b: Milotic|Protect|p1b: Milotic
|-singleturn|p1b: Milotic|Protect
|move|p2b: Charizard|Heat Wave|p1b: Milotic|[spread] p1a
|-activate|p1b: Milotic|move: Protect
|-damage|p1a: Grimmsnarl|20/100y
|move|p2a: Corviknight|Body Press|p1b: Milotic
|-activate|p1b: Milotic|move: Protect
|move|p1a: Grimmsnarl|Spirit Break|p2b: Charizard
|-resisted|p2b: Charizard|1
|-damage|p2b: Charizard|41/100
|-unboost|p2b: Charizard|spa|1
|
|-weather|SunnyDay|[upkeep]
|-damage|p1b: Milotic|32/100 brn|[from] brn
|upkeep
|turn|8
|
|t:|1782315026
|switch|p1b: Staraptor|Staraptor, L50, F|100/100
|-ability|p1b: Staraptor|Intimidate|boost
|-ability|p2a: Corviknight|Mirror Armor
|-unboost|p1b: Staraptor|atk|1
|-unboost|p2b: Charizard|atk|1
|move|p2b: Charizard|Heat Wave|p1a: Grimmsnarl|[spread] 
|-miss|p2b: Charizard|p1a: Grimmsnarl
|-miss|p2b: Charizard|p1b: Staraptor
|move|p2a: Corviknight|Body Press|p1b: Staraptor
|-damage|p1b: Staraptor|71/100
|move|p1a: Grimmsnarl|Spirit Break|p2b: Charizard
|-resisted|p2b: Charizard|1
|-damage|p2b: Charizard|20/100y
|-unboost|p2b: Charizard|spa|1
|
|-weather|SunnyDay|[upkeep]
|upkeep
|turn|9
|inactive|zainagainhere has 30 seconds left.
|
|t:|1782315053
|switch|p2b: Incineroar|Incineroar, L50, F|100/100
|-ability|p2b: Incineroar|Intimidate|boost
|-unboost|p1a: Grimmsnarl|atk|1
|-unboost|p1b: Staraptor|atk|1
|detailschange|p1b: Staraptor|Staraptor-Mega, L50, F
|-mega|p1b: Staraptor|Staraptor|Staraptite
|move|p1b: Staraptor|Close Combat|p2a: Corviknight
|-damage|p2a: Corviknight|53/100
|-boost|p1b: Staraptor|def|1
|-boost|p1b: Staraptor|spd|1
|move|p2a: Corviknight|Body Press|p1a: Grimmsnarl
|-damage|p1a: Grimmsnarl|3/100
|move|p1a: Grimmsnarl|Spirit Break|p2b: Incineroar
|-damage|p2b: Incineroar|82/100
|-unboost|p2b: Incineroar|spa|1
|
|-weather|SunnyDay|[upkeep]
|-sideend|p1: zainagainhere|move: Light Screen
|-sideend|p2: yath111|move: Tailwind
|upkeep
|turn|10
|inactive|zainagainhere has 30 seconds left.
|inactive|yath111 has 30 seconds left.
|inactive|yath111 has 20 seconds left.
|inactive|yath111 has 15 seconds left.
|
|t:|1782315100
|move|p2b: Incineroar|Protect|p2b: Incineroar
|-singleturn|p2b: Incineroar|Protect
|move|p1a: Grimmsnarl|Light Screen|p1a: Grimmsnarl
|-sidestart|p1: zainagainhere|move: Light Screen
|move|p1b: Staraptor|Close Combat|p2b: Incineroar
|-activate|p2b: Incineroar|move: Protect
|move|p2a: Corviknight|Body Press|p1a: Grimmsnarl
|-damage|p1a: Grimmsnarl|0 fnt
|faint|p1a: Grimmsnarl
|
|-weather|SunnyDay|[upkeep]
|-sideend|p1: zainagainhere|Reflect
|upkeep
|
|t:|1782315104
|switch|p1a: Whimsicott|Whimsicott, L50, F|100/100
|turn|11
|
|t:|1782315122
|move|p1a: Whimsicott|Tickle|p1b: Staraptor
|-boost|p1b: Staraptor|atk|1
|-boost|p1b: Staraptor|def|1
|move|p1b: Staraptor|Close Combat|p2b: Incineroar
|-supereffective|p2b: Incineroar|1
|-enditem|p2b: Incineroar|Chople Berry|[eat]
|-enditem|p2b: Incineroar|Chople Berry|[weaken]
|-damage|p2b: Incineroar|43/100
|-boost|p1b: Staraptor|def|1
|-boost|p1b: Staraptor|spd|1
|move|p2a: Corviknight|Body Press|p1b: Staraptor
|-resisted|p1b: Staraptor|1
|-damage|p1b: Staraptor|65/100
|move|p2b: Incineroar|Darkest Lariat|p1b: Staraptor
|-resisted|p1b: Staraptor|1
|-damage|p1b: Staraptor|45/100
|
|-weather|none
|upkeep
|turn|12
|inactive|yath111 has 30 seconds left.
|
|t:|1782315148
|move|p1a: Whimsicott|Tickle|p1b: Staraptor
|-boost|p1b: Staraptor|atk|1
|-boost|p1b: Staraptor|def|1
|move|p1b: Staraptor|Close Combat|p2b: Incineroar
|-supereffective|p2b: Incineroar|1
|-damage|p2b: Incineroar|0 fnt
|-boost|p1b: Staraptor|def|1
|-boost|p1b: Staraptor|spd|1
|faint|p2b: Incineroar
|move|p2a: Corviknight|Tailwind|p2a: Corviknight
|-sidestart|p2: yath111|move: Tailwind
|
|upkeep
|
|t:|1782315159
|switch|p2b: Charizard|Charizard-Mega-Y, L50, F|20/100y
|-weather|SunnyDay|[from] ability: Drought|[of] p2b: Charizard
|turn|13
|
|t:|1782315170
|move|p1a: Whimsicott|Protect|p1a: Whimsicott
|-singleturn|p1a: Whimsicott|Protect
|move|p2b: Charizard|Heat Wave|p1a: Whimsicott|[spread] p1b
|-activate|p1a: Whimsicott|move: Protect
|-damage|p1b: Staraptor|25/100
|move|p1b: Staraptor|Roost|p1b: Staraptor
|-heal|p1b: Staraptor|75/100
|-singleturn|p1b: Staraptor|move: Roost
|move|p2a: Corviknight|Body Press|p1b: Staraptor
|-damage|p1b: Staraptor|66/100
|
|-weather|SunnyDay|[upkeep]
|upkeep
|turn|14
|inactive|zainagainhere has 30 seconds left.
|
|t:|1782315200
|switch|p1a: Milotic|Milotic, L50, M|32/100 brn
|move|p2b: Charizard|Heat Wave|p1a: Milotic|[spread] p1a,p1b
|-resisted|p1a: Milotic|1
|-damage|p1a: Milotic|17/100 brn
|-damage|p1b: Staraptor|46/100
|move|p1b: Staraptor|Close Combat|p2b: Charizard
|-resisted|p2b: Charizard|1
|-damage|p2b: Charizard|0 fnt
|-boost|p1b: Staraptor|def|1
|-boost|p1b: Staraptor|spd|1
|faint|p2b: Charizard
|move|p2a: Corviknight|Roost|p2a: Corviknight
|-heal|p2a: Corviknight|100/100
|-singleturn|p2a: Corviknight|move: Roost
|
|-weather|SunnyDay|[upkeep]
|-damage|p1a: Milotic|11/100 brn|[from] brn
|upkeep
|turn|15
|-message|yath111 forfeited.
|raw|zainagainhere's rating: 1000 → 1045(+45 for winning)
|raw|yath111's rating: 1040 → 1022(-18 for losing)
|
|win|zainagainhere
|l|☆yath111
|player|p2|
