|j|☆boltaway
|j|☆Sumima100
|html|boltawaySumima100    
|uhtml|bestof|Game 1 of a best-of-3
|t:|1756606143
|gametype|doubles
|player|p1|boltaway|roxanne|1000
|player|p2|Sumima100|steven|1000
|gen|9
|tier|[Gen 9] VGC 2025 Reg H (Bo3)
|rated|
|rule|Species Clause: Limit one of each Pokémon
|rule|Item Clause: Limit 1 of each item
|clearpoke
|poke|p1|Jumpluff, L50, M|
|poke|p1|Torkoal, L50, F|
|poke|p1|Gothitelle, L50, F|
|poke|p1|Ursaluna-Bloodmoon, L50, M|
|poke|p1|Farigiraf, L50, M|
|poke|p1|Charizard, L50, F|
|poke|p2|Duraludon, L50, F|
|poke|p2|Cetitan, L50, M|
|poke|p2|Tyranitar, L50, F|
|poke|p2|Rillaboom, L50, F|
|poke|p2|Klefki, L50, F|
|poke|p2|Incineroar, L50, F|
|teampreview|4
|showteam|p1|Jumpluff||CovertCloak|Chlorophyll|SleepPowder,Tailwind,PollenPuff,Protect|||M|||50|,,,,,Dark]Torkoal||Charcoal|Drought|Yawn,LavaPlume,Protect,Eruption|||F|||50|,,,,,Fire]Gothitelle||SitrusBerry|ShadowTag|Protect,HealPulse,TrickRoom,Psychic|||F|||50|,,,,,Psychic]Ursaluna-Bloodmoon||Leftovers|MindsEye|BloodMoon,CalmMind,HyperVoice,Protect|||M|||50|,,,,,Normal]Farigiraf||ThroatSpray|ArmorTail|TrickRoom,AllySwitch,PsychicNoise,FoulPlay|||M|||50|,,,,,Dark]Charizard||ChoiceSpecs|SolarPower|WeatherBall,HeatWave,Overheat,AirSlash|||F|||50|,,,,,Fire
|showteam|p2|Duraludon||Eviolite|Stalwart|BodyPress,FlashCannon,Snarl,Protect|||F|||50|,,,,,Rock]Cetitan||AssaultVest|SheerForce|TeraBlast,BodyPress,IceSpinner,PlayRough|||M|||50|,,,,,Rock]Tyranitar||ClearAmulet|SandStream|TeraBlast,KnockOff,RockSlide,Protect|||F|||50|,,,,,Flying]Rillaboom||SitrusBerry|GrassySurge|FakeOut,DrumBeating,Protect,Uturn|||F|||50|,,,,,Fire]Klefki||CovertCloak|Prankster|Sandstorm,ThunderWave,TrickRoom,Imprison|||F|||50|,,,,,Water]Incineroar||SafetyGoggles|Intimidate|KnockOff,Taunt,WillOWisp,PartingShot|||F|||50|,,,,,Ghost
|inactive|Battle timer is ON: inactive players will automatically lose when time's up. (requested by boltaway)
|inactive|Sumima100 has 60 seconds left.
|
|t:|1756606179
|teamsize|p1|4
|teamsize|p2|4
|start
|switch|p1a: Charizard|Charizard, L50, F|100/100
|switch|p1b: Torkoal|Torkoal, L50, F|100/100
|switch|p2a: Tyranitar|Tyranitar, L50, F|100/100
|switch|p2b: Klefki|Klefki, L50, F|100/100
|-weather|Sandstorm|[from] ability: Sand Stream|[of] p2a: Tyranitar
|-weather|SunnyDay|[from] ability: Drought|[of] p1b: Torkoal
|turn|1
|inactive|boltaway has 30 seconds left.
|
|t:|1756606211
|switch|p1a: Ursaluna|Ursaluna-Bloodmoon, L50, M|100/100
|move|p2b: Klefki|Sandstorm|p2b: Klefki
|-weather|Sandstorm
|move|p2a: Tyranitar|Rock Slide|p1b: Torkoal|[spread] p1b
|-miss|p2a: Tyranitar|p1a: Ursaluna
|-supereffective|p1b: Torkoal
|-damage|p1b: Torkoal|65/100
|move|p1b: Torkoal|Yawn|p2a: Tyranitar
|-start|p2a: Tyranitar|move: Yawn|[of] p1b: Torkoal
|
|-weather|Sandstorm|[upkeep]
|-damage|p1b: Torkoal|59/100|[from] Sandstorm
|upkeep
|turn|2
|inactive|boltaway has 30 seconds left.
|
|t:|1756606238
|switch|p2a: Incineroar|Incineroar, L50, F|100/100
|-ability|p2a: Incineroar|Intimidate|boost
|-unboost|p1a: Ursaluna|atk|1
|-unboost|p1b: Torkoal|atk|1
|switch|p2b: Duraludon|Duraludon, L50, F, shiny|100/100
|switch|p1b: Jumpluff|Jumpluff, L50, M|100/100
|move|p1a: Ursaluna|Calm Mind|p1a: Ursaluna
|-boost|p1a: Ursaluna|spa|1
|-boost|p1a: Ursaluna|spd|1
|
|-weather|Sandstorm|[upkeep]
|-damage|p1b: Jumpluff|94/100|[from] Sandstorm
|upkeep
|turn|3
|inactive|Sumima100 has 30 seconds left.
|
|t:|1756606266
|move|p1a: Ursaluna|Protect|p1a: Ursaluna
|-singleturn|p1a: Ursaluna|Protect
|move|p1b: Jumpluff|Tailwind|p1b: Jumpluff
|-sidestart|p1: boltaway|move: Tailwind
|move|p2b: Duraludon|Snarl|p1b: Jumpluff|[spread] p1b
|-activate|p1a: Ursaluna|move: Protect
|-damage|p1b: Jumpluff|82/100
|move|p2a: Incineroar|Taunt|p1b: Jumpluff
|-start|p1b: Jumpluff|move: Taunt
|
|-weather|Sandstorm|[upkeep]
|-damage|p1b: Jumpluff|76/100|[from] Sandstorm
|upkeep
|turn|4
|
|t:|1756606289
|switch|p1b: Torkoal|Torkoal, L50, F|59/100
|-weather|SunnyDay|[from] ability: Drought|[of] p1b: Torkoal
|move|p1a: Ursaluna|Blood Moon|p2a: Incineroar
|-damage|p2a: Incineroar|2/100
|move|p2b: Duraludon|Snarl|p1b: Torkoal|[spread] p1a,p1b
|-damage|p1a: Ursaluna|92/100
|-damage|p1b: Torkoal|45/100
|-unboost|p1a: Ursaluna|spa|1
|-unboost|p1b: Torkoal|spa|1
|move|p2a: Incineroar|Parting Shot|p1a: Ursaluna
|-unboost|p1a: Ursaluna|atk|1
|-unboost|p1a: Ursaluna|spa|1
|
|t:|1756606304
|switch|p2a: Tyranitar|Tyranitar, L50, F|100/100|[from] Parting Shot
|-weather|Sandstorm|[from] ability: Sand Stream|[of] p2a: Tyranitar
|
|-weather|Sandstorm|[upkeep]
|-damage|p1b: Torkoal|38/100|[from] Sandstorm
|-heal|p1a: Ursaluna|98/100|[from] item: Leftovers
|upkeep
|turn|5
|
|t:|1756606326
|switch|p1b: Jumpluff|Jumpluff, L50, M|76/100
|move|p1a: Ursaluna|Calm Mind|p1a: Ursaluna
|-boost|p1a: Ursaluna|spa|1
|-boost|p1a: Ursaluna|spd|1
|move|p2b: Duraludon|Snarl|p1a: Ursaluna|[spread] p1a,p1b
|-damage|p1a: Ursaluna|91/100
|-damage|p1b: Jumpluff|65/100
|-unboost|p1a: Ursaluna|spa|1
|move|p2a: Tyranitar|Rock Slide|p1b: Jumpluff|[spread] p1a,p1b
|-resisted|p1a: Ursaluna
|-supereffective|p1b: Jumpluff
|-damage|p1a: Ursaluna|80/100
|-damage|p1b: Jumpluff|0 fnt
|faint|p1b: Jumpluff
|
|-weather|Sandstorm|[upkeep]
|-heal|p1a: Ursaluna|86/100|[from] item: Leftovers
|upkeep
|
|t:|1756606329
|switch|p1b: Torkoal|Torkoal, L50, F|38/100
|-weather|SunnyDay|[from] ability: Drought|[of] p1b: Torkoal
|turn|6
|inactive|Sumima100 has 30 seconds left.
|
|t:|1756606356
|move|p2a: Tyranitar|Protect|p2a: Tyranitar
|-singleturn|p2a: Tyranitar|Protect
|move|p1b: Torkoal|Protect|p1b: Torkoal
|-singleturn|p1b: Torkoal|Protect
|move|p1a: Ursaluna|Hyper Voice|p2b: Duraludon|[spread] p2b
|-activate|p2a: Tyranitar|move: Protect
|-resisted|p2b: Duraludon
|-damage|p2b: Duraludon|90/100
|move|p2b: Duraludon|Snarl|p1a: Ursaluna|[spread] p1a
|-activate|p1b: Torkoal|move: Protect
|-damage|p1a: Ursaluna|80/100
|-unboost|p1a: Ursaluna|spa|1
|
|-weather|SunnyDay|[upkeep]
|-heal|p1a: Ursaluna|85/100|[from] item: Leftovers
|-sideend|p1: boltaway|move: Tailwind
|upkeep
|turn|7
|
|t:|1756606378
|switch|p1a: Charizard|Charizard, L50, F|100/100
|move|p2b: Duraludon|Snarl|p1b: Torkoal|[spread] p1a,p1b
|-damage|p1a: Charizard|86/100
|-damage|p1b: Torkoal|23/100
|-unboost|p1a: Charizard|spa|1
|-unboost|p1b: Torkoal|spa|1
|move|p2a: Tyranitar|Rock Slide|p1b: Torkoal|[spread] p1a,p1b
|-supereffective|p1a: Charizard
|-supereffective|p1b: Torkoal
|-damage|p1a: Charizard|0 fnt
|-damage|p1b: Torkoal|0 fnt
|faint|p1a: Charizard
|faint|p1b: Torkoal
|
|-weather|SunnyDay|[upkeep]
|upkeep
|-message|boltaway forfeited.
|raw|boltaway's rating: 1000 → 1000(+0 for losing)
|raw|Sumima100's rating: 1000 → 1040(+40 for winning)
|
|win|Sumima100
|l|☆boltaway
|player|p1|
