|j|☆kdan_7
|j|☆nocturnallynoct
|html|kdan_7nocturnallynoct    
|uhtml|bestof|Game 1 of a best-of-3
|t:|1756226187
|gametype|doubles
|player|p1|kdan_7|shauntal|1167
|player|p2|nocturnallynoct|1|1112
|gen|9
|tier|[Gen 9] VGC 2025 Reg H (Bo3)
|rated|
|rule|Species Clause: Limit one of each Pokémon
|rule|Item Clause: Limit 1 of each item
|clearpoke
|poke|p1|Amoonguss, L50, F|
|poke|p1|Sneasler, L50, F|
|poke|p1|Gholdengo, L50|
|poke|p1|Incineroar, L50, M|
|poke|p1|Ursaluna-Bloodmoon, L50, M|
|poke|p1|Dragonite, L50, M|
|poke|p2|Sneasler, L50, F|
|poke|p2|Indeedee, L50, M|
|poke|p2|Tyranitar, L50, F|
|poke|p2|Ursaluna-Bloodmoon, L50, M|
|poke|p2|Electabuzz, L50, M|
|poke|p2|Talonflame, L50, M|
|teampreview|4
|showteam|p1|Amoonguss||SitrusBerry|Regenerator|RagePowder,Spore,PollenPuff,Protect|||F|||50|,,,,,Psychic]Sneasler||FocusSash|Unburden|Protect,DireClaw,CloseCombat,ThroatChop|||F|||50|,,,,,Stellar]Gholdengo||LifeOrb|GoodasGold|Protect,MakeItRain,ShadowBall,NastyPlot||||||50|,,,,,Water]Incineroar||SafetyGoggles|Intimidate|KnockOff,PartingShot,FlareBlitz,FakeOut|||M|||50|,,,,,Ghost]Ursaluna-Bloodmoon||AssaultVest|MindsEye|BloodMoon,EarthPower,VacuumWave,HyperVoice|||M|||50|,,,,,Water]Dragonite||LoadedDice|Multiscale|ScaleShot,Tailwind,Haze,Protect|||M|||50|,,,,,Fairy
|showteam|p2|Sneasler||PsychicSeed|Unburden|DireClaw,CloseCombat,ThroatChop,Protect|||F|||50|,,,,,Dark]Indeedee||FocusSash|PsychicSurge|ExpandingForce,TeraBlast,Protect,TrickRoom|||M|||50|,,,,,Fighting]Tyranitar||AssaultVest|SandStream|RockSlide,KnockOff,LowKick,TeraBlast|||F|||50|,,,,,Flying]Ursaluna-Bloodmoon||LifeOrb|MindsEye|BloodMoon,HyperVoice,EarthPower,Protect|||M|||50|,,,,,Normal]Electabuzz||Eviolite|VitalSpirit|Electroweb,FollowMe,Taunt,Protect|||M|||50|,,,,,Dragon]Talonflame||CovertCloak|GaleWings|DualWingbeat,FlareBlitz,Tailwind,WillOWisp|||M|||50|,,,,,Fairy
|inactive|Battle timer is ON: inactive players will automatically lose when time's up. (requested by nocturnallynoct)
|inactive|nocturnallynoct has 60 seconds left.
|
|t:|1756226240
|teamsize|p1|4
|teamsize|p2|4
|start
|switch|p1a: 8|Sneasler, L50, F|100/100
|switch|p1b: Luffy|Incineroar, L50, M|100/100
|switch|p2a: Indeedee|Indeedee, L50, M|100/100
|switch|p2b: Talonflame|Talonflame, L50, M|100/100
|-fieldstart|move: Psychic Terrain|[from] ability: Psychic Surge|[of] p2a: Indeedee
|-ability|p1b: Luffy|Intimidate|boost
|-unboost|p2a: Indeedee|atk|1
|-unboost|p2b: Talonflame|atk|1
|turn|1
|inactive|kdan_7 has 30 seconds left.
|inactive|nocturnallynoct has 30 seconds left.
|
|t:|1756226274
|move|p2a: Indeedee|Protect|p2a: Indeedee
|-singleturn|p2a: Indeedee|Protect
|move|p2b: Talonflame|Tailwind|p2b: Talonflame
|-sidestart|p2: nocturnallynoct|move: Tailwind
|move|p1a: 8|Dire Claw|p2a: Indeedee
|-activate|p2a: Indeedee|move: Protect
|move|p1b: Luffy|Knock Off|p2b: Talonflame
|-damage|p2b: Talonflame|44/100
|-enditem|p2b: Talonflame|Covert Cloak|[from] move: Knock Off|[of] p1b: Luffy
|
|upkeep
|turn|2
|inactive|kdan_7 has 30 seconds left.
|inactive|nocturnallynoct has 30 seconds left.
|
|t:|1756226303
|move|p1a: 8|Protect|p1a: 8
|-singleturn|p1a: 8|Protect
|move|p2b: Talonflame|Flare Blitz|p1a: 8
|-activate|p1a: 8|move: Protect
|move|p2a: Indeedee|Expanding Force|p1a: 8|[spread] 
|-activate|p1a: 8|move: Protect
|-immune|p1b: Luffy
|move|p1b: Luffy|Knock Off|p2b: Talonflame
|-damage|p2b: Talonflame|6/100
|
|upkeep
|turn|3
|inactive|kdan_7 has 30 seconds left.
|inactive|nocturnallynoct has 30 seconds left.
|
|t:|1756226338
|switch|p2b: Tyranitar|Tyranitar, L50, F|100/100
|-weather|Sandstorm|[from] ability: Sand Stream|[of] p2b: Tyranitar
|switch|p1a: Golden Wind|Dragonite, L50, M|100/100
|-terastallize|p2a: Indeedee|Fighting
|move|p2a: Indeedee|Tera Blast|p1b: Luffy|[anim] Tera Blast Fighting
|-supereffective|p1b: Luffy
|-damage|p1b: Luffy|31/100
|move|p1b: Luffy|Knock Off|p2b: Tyranitar
|-resisted|p2b: Tyranitar
|-damage|p2b: Tyranitar|81/100
|-enditem|p2b: Tyranitar|Assault Vest|[from] move: Knock Off|[of] p1b: Luffy
|
|-weather|Sandstorm|[upkeep]
|-damage|p2a: Indeedee|95/100|[from] Sandstorm
|-damage|p1a: Golden Wind|94/100|[from] Sandstorm
|upkeep
|turn|4
|inactive|kdan_7 has 30 seconds left.
|inactive|nocturnallynoct has 30 seconds left.
|
|t:|1756226370
|move|p1a: Golden Wind|Protect|p1a: Golden Wind
|-singleturn|p1a: Golden Wind|Protect
|move|p2b: Tyranitar|Rock Slide|p1a: Golden Wind|[spread] p1b
|-activate|p1a: Golden Wind|move: Protect
|-supereffective|p1b: Luffy
|-damage|p1b: Luffy|0 fnt
|faint|p1b: Luffy
|move|p2a: Indeedee|Trick Room|p2a: Indeedee
|-fieldstart|move: Trick Room|[of] p2a: Indeedee
|
|-weather|Sandstorm|[upkeep]
|-damage|p1a: Golden Wind|88/100|[from] Sandstorm
|-damage|p2a: Indeedee|89/100|[from] Sandstorm
|-sideend|p2: nocturnallynoct|move: Tailwind
|upkeep
|
|t:|1756226381
|switch|p1b: Tony|Ursaluna-Bloodmoon, L50, M|100/100
|turn|5
|
|t:|1756226397
|switch|p2b: Talonflame|Talonflame, L50, M|6/100
|move|p1b: Tony|Earth Power|p2b: Talonflame
|-immune|p2b: Talonflame
|move|p1a: Golden Wind|Scale Shot|p2a: Indeedee
|-damage|p2a: Indeedee|60/100
|-damage|p2a: Indeedee|29/100
|-damage|p2a: Indeedee|0 fnt
|faint|p2a: Indeedee
|-hitcount|p2: Indeedee|3
|-unboost|p1a: Golden Wind|def|1
|-boost|p1a: Golden Wind|spe|1
|
|-weather|Sandstorm|[upkeep]
|-damage|p2b: Talonflame|0 fnt|[from] Sandstorm
|-damage|p1a: Golden Wind|82/100|[from] Sandstorm
|faint|p2b: Talonflame
|-fieldend|move: Psychic Terrain
|upkeep
|
|t:|1756226413
|switch|p2a: Tyranitar|Tyranitar, L50, F|81/100
|switch|p2b: Ursaluna|Ursaluna-Bloodmoon, L50, M|100/100
|turn|6
|inactive|nocturnallynoct has 30 seconds left.
|
|t:|1756226442
|-terastallize|p1b: Tony|Water
|move|p1a: Golden Wind|Protect|p1a: Golden Wind
|-singleturn|p1a: Golden Wind|Protect
|move|p1b: Tony|Earth Power|p2a: Tyranitar
|-supereffective|p2a: Tyranitar
|-crit|p2a: Tyranitar
|-damage|p2a: Tyranitar|0 fnt
|faint|p2a: Tyranitar
|move|p2b: Ursaluna|Blood Moon|p1b: Tony
|-damage|p1b: Tony|36/100
|-damage|p2b: Ursaluna|90/100|[from] item: Life Orb
|
|-weather|Sandstorm|[upkeep]
|-damage|p1b: Tony|30/100|[from] Sandstorm
|-damage|p1a: Golden Wind|76/100|[from] Sandstorm
|upkeep
|turn|7
|
|t:|1756226462
|move|p1b: Tony|Hyper Voice|p2b: Ursaluna
|-crit|p2b: Ursaluna
|-damage|p2b: Ursaluna|0 fnt
|faint|p2b: Ursaluna
|
|win|kdan_7
||nocturnallynoct is ready for game 2.
||kdan_7 is ready for game 2.
|uhtml|next|Next: Game 2 of 3
