|j|☆divyansh sharma
|j|☆hide on whimsicott
|html|divyansh sharmahide on whimsicott    
|uhtml|bestof|Game 1 of a best-of-3
|t:|1785680982
|gametype|doubles
|player|p1|divyansh sharma|cyrus|1108
|player|p2|hide on whimsicott|artist-gen4|1219
|gen|9
|tier|[Gen 9 Champions] VGC 2026 Reg M-B (Bo3)
|rated|
|rule|Species Clause: Limit one of each Pokémon
|rule|Item Clause: Limit 1 of each item
|clearpoke
|poke|p1|Metagross, L50|
|poke|p1|Milotic, L50, M|
|poke|p1|Sceptile, L50, M|
|poke|p1|Rotom-Wash, L50|
|poke|p1|Garchomp, L50, F|
|poke|p1|Clefable, L50, M|
|poke|p2|Blastoise, L50, M|
|poke|p2|Sinistcha, L50|
|poke|p2|Delphox, L50, M|
|poke|p2|Sneasler, L50, M|
|poke|p2|Incineroar, L50, F|
|poke|p2|Kingambit, L50, M|
|teampreview|4
|showteam|p1|Metagross||Metagrossite|ClearBody|PsychicFangs,IronHead,StompingTantrum,Protect|Jolly|||||50|]Milotic||SitrusBerry|Competitive|Scald,Haze,IcyWind,Protect|Bold||M|||50|]Sceptile||Sceptilite|Overgrow|GigaDrain,DragonPulse,EarthPower,Detect|Timid||M|||50|]Rotom-Wash||Leftovers|Levitate|HydroPump,Discharge,WillOWisp,Protect|Calm|||||50|]Garchomp||ChoiceScarf|RoughSkin|Earthquake,RockSlide,DragonClaw,PoisonJab|Adamant||F|||50|]Clefable||LifeOrb|MagicGuard|Moonblast,AirSlash,Protect,Flamethrower|Modest||M|||50|
|showteam|p2|Blastoise||Blastoisinite|RainDish|WaterSpout,DarkPulse,ShellSmash,Protect|Modest||M|||50|]Sinistcha||KasibBerry|Hospitality|MatchaGotcha,LifeDew,RagePowder,Protect|Relaxed|||||50|]Delphox||Delphoxite|Blaze|HeatWave,Psychic,NastyPlot,Protect|Timid||M|||50|]Sneasler||FocusSash|Unburden|CloseCombat,DireClaw,FakeOut,Protect|Jolly||M|||50|]Incineroar||SitrusBerry|Intimidate|FlareBlitz,FakeOut,HelpingHand,PartingShot|Impish||F|||50|]Kingambit||LifeOrb|Defiant|KowtowCleave,SuckerPunch,SwordsDance,Protect|Adamant||M|||50|
|inactive|Battle timer is ON: inactive players will automatically lose when time's up. (requested by hide on whimsicott)
|inactive|divyansh sharma also wants the timer to be on.
|inactive|divyansh sharma has 60 seconds left.
|inactive|hide on whimsicott has 60 seconds left.
|
|t:|1785681034
|teamsize|p1|4
|teamsize|p2|4
|start
|switch|p1a: Rotom|Rotom-Wash, L50|100/100
|switch|p1b: Garchomp|Garchomp, L50, F|100/100
|switch|p2a: Sinistcha|Sinistcha, L50|100/100
|switch|p2b: Delphox|Delphox, L50, M|100/100
|turn|1
|
|t:|1785681053
|detailschange|p2b: Delphox|Delphox-Mega, L50, M
|-mega|p2b: Delphox|Delphox|Delphoxite
|move|p2b: Delphox|Protect|p2b: Delphox
|-singleturn|p2b: Delphox|Protect
|move|p1b: Garchomp|Rock Slide|p2b: Delphox|[spread] p2a
|-activate|p2b: Delphox|move: Protect
|-damage|p2a: Sinistcha|83/100
|move|p1a: Rotom|Hydro Pump|p2b: Delphox
|-activate|p2b: Delphox|move: Protect
|move|p2a: Sinistcha|Matcha Gotcha|p1b: Garchomp|[spread] p1a,p1b
|-supereffective|p1a: Rotom|1
|-damage|p1a: Rotom|54/100
|-heal|p2a: Sinistcha|100/100|[from] drain|[of] p1a: Rotom
|-damage|p1b: Garchomp|74/100
|
|-heal|p1a: Rotom|59/100|[from] item: Leftovers
|upkeep
|turn|2
|
|t:|1785681070
|switch|p2b: Kingambit|Kingambit, L50, M|100/100
|move|p1b: Garchomp|Rock Slide|p2b: Kingambit|[spread] p2a,p2b
|-resisted|p2b: Kingambit|1
|-damage|p2a: Sinistcha|81/100
|-damage|p2b: Kingambit|92/100
|move|p1a: Rotom|Discharge|p2b: Kingambit|[spread] p2a,p2b
|-immune|p1b: Garchomp
|-resisted|p2a: Sinistcha|1
|-damage|p2a: Sinistcha|69/100
|-damage|p2b: Kingambit|69/100
|-status|p2a: Sinistcha|par
|cant|p2a: Sinistcha|flinch
|
|-heal|p1a: Rotom|65/100|[from] item: Leftovers
|upkeep
|turn|3
|inactive|divyansh sharma has 30 seconds left.
|
|t:|1785681097
|move|p2b: Kingambit|Sucker Punch|p1b: Garchomp
|-damage|p1b: Garchomp|18/100
|-damage|p2b: Kingambit|57/100|[from] ability: Rough Skin|[of] p1b: Garchomp
|-damage|p2b: Kingambit|47/100|[from] item: Life Orb
|move|p1b: Garchomp|Rock Slide|p2b: Kingambit|[spread] p2a,p2b
|-crit|p2a: Sinistcha
|-resisted|p2b: Kingambit|1
|-damage|p2a: Sinistcha|41/100 par
|-damage|p2b: Kingambit|39/100
|move|p1a: Rotom|Will-O-Wisp|p2b: Kingambit
|-status|p2b: Kingambit|brn
|move|p2a: Sinistcha|Matcha Gotcha|p1b: Garchomp|[spread] p1a,p1b
|-supereffective|p1a: Rotom|1
|-crit|p1a: Rotom
|-damage|p1a: Rotom|3/100
|-heal|p2a: Sinistcha|69/100 par|[from] drain|[of] p1a: Rotom
|-damage|p1b: Garchomp|0 fnt
|-heal|p2a: Sinistcha|78/100 par|[from] drain|[of] p1b: Garchomp
|faint|p1b: Garchomp
|
|-heal|p1a: Rotom|8/100|[from] item: Leftovers
|-damage|p2b: Kingambit|33/100 brn|[from] brn
|upkeep
|
|t:|1785681116
|switch|p1b: Sceptile|Sceptile, L50, M|100/100
|turn|4
|
|t:|1785681131
|detailschange|p1b: Sceptile|Sceptile-Mega, L50, M
|-mega|p1b: Sceptile|Sceptile|Sceptilite
|move|p2b: Kingambit|Sucker Punch|p1a: Rotom
|-damage|p1a: Rotom|0 fnt
|faint|p1a: Rotom
|-damage|p2b: Kingambit|23/100 brn|[from] item: Life Orb
|move|p1b: Sceptile|Dragon Pulse|p2a: Sinistcha
|-damage|p2a: Sinistcha|34/100 par
|move|p2a: Sinistcha|Matcha Gotcha|p1b: Sceptile
|-resisted|p1b: Sceptile|2
|-damage|p1b: Sceptile|88/100
|-heal|p2a: Sinistcha|39/100 par|[from] drain|[of] p1b: Sceptile
|
|-damage|p2b: Kingambit|17/100 brn|[from] brn
|upkeep
|
|t:|1785681138
|switch|p1a: Milotic|Milotic, L50, M|100/100
|turn|5
|
|t:|1785681157
|move|p2a: Sinistcha|Protect|p2a: Sinistcha
|-singleturn|p2a: Sinistcha|Protect
|move|p2b: Kingambit|Sucker Punch|p1a: Milotic
|-damage|p1a: Milotic|81/100
|-damage|p2b: Kingambit|8/100 brn|[from] item: Life Orb
|move|p1b: Sceptile|Earth Power|p2b: Kingambit
|-supereffective|p2b: Kingambit|1
|-damage|p2b: Kingambit|0 fnt
|faint|p2b: Kingambit
|move|p1a: Milotic|Icy Wind|p2a: Sinistcha
|-activate|p2a: Sinistcha|move: Protect
|
|upkeep
|
|t:|1785681160
|switch|p2b: Delphox|Delphox-Mega, L50, M|100/100
|turn|6
|inactive|divyansh sharma has 30 seconds left.
|
|t:|1785681193
|switch|p2a: Incineroar|Incineroar, L50, F|100/100
|-ability|p2a: Incineroar|Intimidate|boost
|-unboost|p1a: Milotic|atk|1
|-ability|p1a: Milotic|Competitive|boost
|-boost|p1a: Milotic|spa|2
|-unboost|p1b: Sceptile|atk|1
|move|p1b: Sceptile|Detect|p1b: Sceptile
|-singleturn|p1b: Sceptile|Protect
|move|p2b: Delphox|Protect|p2b: Delphox
|-singleturn|p2b: Delphox|Protect
|move|p1a: Milotic|Scald|p2b: Delphox
|-activate|p2b: Delphox|move: Protect
|
|upkeep
|turn|7
|
|t:|1785681206
|move|p2a: Incineroar|Fake Out|p1a: Milotic
|-damage|p1a: Milotic|72/100
|move|p1b: Sceptile|Earth Power|p2a: Incineroar
|-supereffective|p2a: Incineroar|1
|-damage|p2a: Incineroar|34/100
|-enditem|p2a: Incineroar|Sitrus Berry|[eat]
|-heal|p2a: Incineroar|59/100|[from] item: Sitrus Berry
|move|p2b: Delphox|Nasty Plot|p2b: Delphox
|-boost|p2b: Delphox|spa|2
|cant|p1a: Milotic|flinch
|
|upkeep
|turn|8
|
|t:|1785681219
|move|p2a: Incineroar|Helping Hand|p2b: Delphox
|-singleturn|p2b: Delphox|Helping Hand|[of] p2a: Incineroar
|move|p1b: Sceptile|Dragon Pulse|p2b: Delphox
|-damage|p2b: Delphox|54/100
|move|p2b: Delphox|Psychic|p1a: Milotic
|-damage|p1a: Milotic|0 fnt
|faint|p1a: Milotic
|
|upkeep
|turn|9
|
|t:|1785681229
|switch|p2a: Sinistcha|Sinistcha, L50|39/100 par
|-heal|p2b: Delphox|78/100|[from] ability: Hospitality|[of] p2a: Sinistcha
|move|p1b: Sceptile|Dragon Pulse|p2b: Delphox
|-damage|p2b: Delphox|40/100
|move|p2b: Delphox|Psychic|p1b: Sceptile
|-damage|p1b: Sceptile|0 fnt
|faint|p1b: Sceptile
|
|win|hide on whimsicott
