|j|☆INKevin
|j|☆tajinvgc
|html|INKevintajinvgc    
|uhtml|bestof|Game 2 of a best-of-3
|t:|1784598075
|gametype|doubles
|player|p1|INKevin|101|1143
|player|p2|tajinvgc|palmer|1166
|gen|9
|tier|[Gen 9 Champions] VGC 2026 Reg M-B (Bo3)
|rated|
|rule|Species Clause: Limit one of each Pokémon
|rule|Item Clause: Limit 1 of each item
|clearpoke
|poke|p1|Alakazam, L50, M, shiny|
|poke|p1|Meowstic, L50, M, shiny|
|poke|p1|Meowscarada, L50, M|
|poke|p1|Delphox, L50, F|
|poke|p1|Primarina, L50, F|
|poke|p1|Sneasler, L50, M|
|poke|p2|Aerodactyl, L50, M|
|poke|p2|Garchomp, L50, F|
|poke|p2|Kingambit, L50, M|
|poke|p2|Charizard, L50, M|
|poke|p2|Sylveon, L50, F|
|poke|p2|Farigiraf, L50, M|
|teampreview|4
|showteam|p1|Alakazam||Alakazite|InnerFocus|ExpandingForce,DazzlingGleam,ShadowBall,Protect|Timid||M|||50|]Meowstic||FocusSash|Prankster|FakeOut,PsychicTerrain,Reflect,LightScreen|Bold||M|||50|]Meowscarada||ChoiceScarf|Protean|FlowerTrick,KnockOff,TripleAxel,Uturn|Jolly||M|||50|]Delphox||Delphoxite|Blaze|Protect,HeatWave,NastyPlot,Psyshock|Timid||F|||50|]Primarina||Leftovers|LiquidVoice|HyperVoice,Protect,Moonblast,CalmMind|Modest||F|||50|]Sneasler||WhiteHerb|Unburden|CloseCombat,FakeOut,DireClaw,Protect|Jolly||M|||50|
|showteam|p2|Aerodactyl||Aerodactylite|RockHead|RockSlide,DualWingbeat,Tailwind,IceFang|Jolly||M|||50|]Garchomp||LifeOrb|RoughSkin|DragonClaw,Earthquake,Protect,StompingTantrum|Jolly||F|||50|]Kingambit||FocusSash|Defiant|SuckerPunch,KowtowCleave,IronHead,LowKick|Adamant||M|||50|]Charizard||CharizarditeY|Blaze|Protect,WeatherBall,HeatWave,SolarBeam|Modest||M|||50|]Sylveon||FairyFeather|Pixilate|Protect,HyperVoice,HyperBeam,QuickAttack|Modest||F|||50|]Farigiraf||SitrusBerry|ArmorTail|TrickRoom,Thunderbolt,Roar,Psychic|Bold||M|||50|
|inactive|Battle timer is ON: inactive players will automatically lose when time's up. (requested by INKevin)
|inactive|tajinvgc also wants the timer to be on.
|inactive|INKevin has 60 seconds left.
|inactive|tajinvgc has 60 seconds left.
|
|t:|1784598135
|teamsize|p1|4
|teamsize|p2|4
|start
|switch|p1a: Primarina|Primarina, L50, F|100/100
|switch|p1b: Sneasler|Sneasler, L50, M|100/100
|switch|p2a: Aerodactyl|Aerodactyl, L50, M|100/100
|switch|p2b: Kingambit|Kingambit, L50, M|100/100
|turn|1
|inactive|tajinvgc has 30 seconds left.
|
|t:|1784598161
|detailschange|p2a: Aerodactyl|Aerodactyl-Mega, L50, M
|-mega|p2a: Aerodactyl|Aerodactyl|Aerodactylite
|move|p1b: Sneasler|Fake Out|p2b: Kingambit
|-resisted|p2b: Kingambit|1
|-crit|p2b: Kingambit
|-damage|p2b: Kingambit|90/100
|move|p2a: Aerodactyl|Dual Wingbeat|p1b: Sneasler
|-supereffective|p1b: Sneasler|1
|-damage|p1b: Sneasler|23/100
|-supereffective|p1b: Sneasler|1
|-damage|p1b: Sneasler|0 fnt
|faint|p1b: Sneasler
|-hitcount|p1: Sneasler|2
|cant|p2b: Kingambit|flinch
|move|p1a: Primarina|Hyper Voice|p2b: Kingambit|[spread] p2a,p2b
|-supereffective|p2a: Aerodactyl|1
|-crit|p2a: Aerodactyl
|-damage|p2a: Aerodactyl|0 fnt
|-damage|p2b: Kingambit|51/100
|faint|p2a: Aerodactyl
|
|upkeep
|
|t:|1784598183
|switch|p2a: Sylveon|Sylveon, L50, F|100/100
|switch|p1b: Delphox|Delphox, L50, F|100/100
|turn|2
|
|t:|1784598207
|detailschange|p1b: Delphox|Delphox-Mega, L50, F
|-mega|p1b: Delphox|Delphox|Delphoxite
|move|p1b: Delphox|Nasty Plot|p1b: Delphox
|-boost|p1b: Delphox|spa|2
|move|p2b: Kingambit|Iron Head|p1a: Primarina
|-damage|p1a: Primarina|45/100
|move|p2a: Sylveon|Hyper Voice|p1a: Primarina|[spread] p1a,p1b
|-resisted|p1b: Delphox|1
|-damage|p1a: Primarina|6/100
|-damage|p1b: Delphox|77/100
|move|p1a: Primarina|Hyper Voice|p2b: Kingambit|[spread] p2a,p2b
|-damage|p2a: Sylveon|72/100
|-damage|p2b: Kingambit|15/100
|
|-heal|p1a: Primarina|12/100|[from] item: Leftovers
|upkeep
|turn|3
|inactive|INKevin has 30 seconds left.
|inactive|tajinvgc has 30 seconds left.
|
|t:|1784598242
|move|p1b: Delphox|Protect|p1b: Delphox
|-singleturn|p1b: Delphox|Protect
|move|p2b: Kingambit|Sucker Punch||[still]
|-fail|p2b: Kingambit
|move|p2a: Sylveon|Hyper Voice|p1b: Delphox|[spread] p1a
|-activate|p1b: Delphox|move: Protect
|-damage|p1a: Primarina|0 fnt
|faint|p1a: Primarina
|
|upkeep
|
|t:|1784598244
|switch|p1a: Meowscarada|Meowscarada, L50, M|100/100
|turn|4
|inactive|tajinvgc has 30 seconds left.
|
|t:|1784598271
|move|p1b: Delphox|Protect||[still]
|-fail|p1b: Delphox
|move|p2b: Kingambit|Sucker Punch||[still]
|-fail|p2b: Kingambit
|move|p1a: Meowscarada|Flower Trick|p2b: Kingambit
|-start|p1a: Meowscarada|typechange|Grass|[from] ability: Protean
|-resisted|p2b: Kingambit|1
|-crit|p2b: Kingambit
|-damage|p2b: Kingambit|0 fnt
|faint|p2b: Kingambit
|move|p2a: Sylveon|Hyper Voice|p1b: Delphox|[spread] p1a,p1b
|-resisted|p1b: Delphox|1
|-damage|p1a: Meowscarada|28/100
|-damage|p1b: Delphox|55/100
|
|upkeep
|
|t:|1784598284
|switch|p2b: Farigiraf|Farigiraf, L50, M|100/100
|turn|5
|
|t:|1784598296
|move|p2a: Sylveon|Protect|p2a: Sylveon
|-singleturn|p2a: Sylveon|Protect
|move|p1a: Meowscarada|Flower Trick|p2b: Farigiraf
|-crit|p2b: Farigiraf
|-damage|p2b: Farigiraf|60/100
|move|p1b: Delphox|Heat Wave|p2a: Sylveon|[spread] p2b
|-activate|p2a: Sylveon|move: Protect
|-damage|p2b: Farigiraf|0 fnt
|faint|p2b: Farigiraf
|
|upkeep
|turn|6
|
|t:|1784598307
|move|p1a: Meowscarada|Flower Trick|p2a: Sylveon
|-crit|p2a: Sylveon
|-damage|p2a: Sylveon|18/100
|move|p1b: Delphox|Heat Wave|p2a: Sylveon
|-damage|p2a: Sylveon|0 fnt
|faint|p2a: Sylveon
|
|win|INKevin
