|j|☆lolgz
|j|☆Pointee
|html|lolgzPointee    
|uhtml|bestof|Game 3 of a best-of-3
|t:|1782515937
|gametype|doubles
|player|p1|lolgz|dawn|1286
|player|p2|Pointee|265|1164
|gen|9
|tier|[Gen 9 Champions] VGC 2026 Reg M-B (Bo3)
|rated|
|rule|Species Clause: Limit one of each Pokémon
|rule|Item Clause: Limit 1 of each item
|clearpoke
|poke|p1|Torkoal, L50, M|
|poke|p1|Vileplume, L50, M|
|poke|p1|Farigiraf, L50, F|
|poke|p1|Scrafty, L50, F|
|poke|p1|Gallade, L50, M|
|poke|p1|Mawile, L50, M|
|poke|p2|Metagross, L50, shiny|
|poke|p2|Venusaur, L50, M|
|poke|p2|Incineroar, L50, M|
|poke|p2|Ceruledge, L50, F|
|poke|p2|Ninetales-Alola, L50, M|
|poke|p2|Milotic, L50, M|
|teampreview|4
|showteam|p1|Torkoal||Charcoal|Drought|Eruption,WeatherBall,EarthPower,Protect|Quiet||M|||50|]Vileplume||FocusSash|Chlorophyll|EnergyBall,SludgeBomb,SleepPowder,AfterYou|Timid||M|||50|]Farigiraf||SitrusBerry|ArmorTail|TrickRoom,Thunderbolt,Psychic,HelpingHand|Relaxed||F|||50|]Scrafty||Scraftinite|Intimidate|FakeOut,CloseCombat,KnockOff,RockTomb|Brave||F|||50|]Gallade||IronBall|Sharpness|SacredSword,PsychoCut,WideGuard,TrickRoom|Brave||M|||50|]Mawile||Mawilite|HyperCutter|SuckerPunch,PlayRough,SwordsDance,Protect|Brave||M|||50|
|showteam|p2|Metagross||Metagrossite|ClearBody|PsychicFangs,IronHead,StompingTantrum,Protect|Jolly|||||50|]Venusaur||Venusaurite|Overgrow|GigaDrain,SludgeBomb,Protect,EarthPower|Bold||M|||50|]Incineroar||ChopleBerry|Intimidate|FakeOut,FlareBlitz,PartingShot,DarkestLariat|Adamant||M|||50|]Ceruledge||LifeOrb|FlashFire|BulkUp,BitterBlade,ShadowSneak,Protect|Adamant||F|||50|]Ninetales-Alola||LightClay|SnowWarning|Blizzard,AuroraVeil,Moonblast,Encore|Timid||M|||50|]Milotic||SitrusBerry|Competitive|Coil,Hypnosis,MuddyWater,Protect|Calm||M|||50|
|inactive|Battle timer is ON: inactive players will automatically lose when time's up. (requested by lolgz)
|c|☆Pointee|drought + sacred sword also not something my milo exactly appericates
|inactive|Pointee has 60 seconds left.
|inactive|Pointee has 30 seconds left.
|inactive|Pointee has 20 seconds left.
|inactive|Pointee has 15 seconds left.
|
|t:|1782516014
|teamsize|p1|4
|teamsize|p2|4
|start
|switch|p1a: Vileplume|Vileplume, L50, M|100/100
|switch|p1b: Torkoal|Torkoal, L50, M|100/100
|switch|p2a: Incineroar|Incineroar, L50, M|100/100
|switch|p2b: Milotic|Milotic, L50, M|100/100
|-ability|p2a: Incineroar|Intimidate|boost
|-unboost|p1a: Vileplume|atk|1
|-unboost|p1b: Torkoal|atk|1
|-weather|SunnyDay|[from] ability: Drought|[of] p1b: Torkoal
|turn|1
|inactive|Pointee has 30 seconds left.
|inactive|Pointee has 20 seconds left.
|
|t:|1782516056
|switch|p2b: Ceruledge|Ceruledge, L50, F|100/100
|switch|p1b: Farigiraf|Farigiraf, L50, F|100/100
|move|p2a: Incineroar|Fake Out||[still]
|cant|p1b: Farigiraf|ability: Armor Tail|Fake Out|[of] p2a: Incineroar
|move|p1a: Vileplume|Sleep Powder|p2a: Incineroar
|-status|p2a: Incineroar|slp|[from] move: Sleep Powder
|
|-weather|SunnyDay|[upkeep]
|upkeep
|turn|2
|
|t:|1782516080
|switch|p2b: Venusaur|Venusaur, L50, M|100/100
|move|p1a: Vileplume|Sleep Powder|p2b: Venusaur
|-immune|p2b: Venusaur
|cant|p2a: Incineroar|slp
|move|p1b: Farigiraf|Trick Room|p1b: Farigiraf
|-fieldstart|move: Trick Room|[of] p1b: Farigiraf
|
|-weather|SunnyDay|[upkeep]
|upkeep
|turn|3
|
|t:|1782516092
|switch|p1b: Gallade|Gallade, L50, M|100/100
|switch|p2b: Ceruledge|Ceruledge, L50, F|100/100
|switch|p1a: Torkoal|Torkoal, L50, M|100/100
|cant|p2a: Incineroar|slp
|
|-weather|SunnyDay|[upkeep]
|upkeep
|turn|4
|
|t:|1782516110
|move|p2b: Ceruledge|Protect|p2b: Ceruledge
|-singleturn|p2b: Ceruledge|Protect
|move|p1a: Torkoal|Earth Power|p2a: Incineroar
|-supereffective|p2a: Incineroar|1
|-damage|p2a: Incineroar|48/100 slp
|move|p1b: Gallade|Sacred Sword|p2a: Incineroar
|-supereffective|p2a: Incineroar|1
|-enditem|p2a: Incineroar|Chople Berry|[eat]
|-enditem|p2a: Incineroar|Chople Berry|[weaken]
|-damage|p2a: Incineroar|0 fnt
|faint|p2a: Incineroar
|
|-weather|SunnyDay|[upkeep]
|upkeep
|
|t:|1782516126
|switch|p2a: Milotic|Milotic, L50, M|100/100
|turn|5
|
|t:|1782516141
|move|p1a: Torkoal|Earth Power|p2b: Ceruledge
|-supereffective|p2b: Ceruledge|1
|-damage|p2b: Ceruledge|47/100
|move|p1b: Gallade|Psycho Cut|p2b: Ceruledge
|-damage|p2b: Ceruledge|0 fnt
|faint|p2b: Ceruledge
|move|p2a: Milotic|Coil|p2a: Milotic
|-boost|p2a: Milotic|atk|1
|-boost|p2a: Milotic|def|1
|-boost|p2a: Milotic|accuracy|1
|
|-weather|none
|upkeep
|
|t:|1782516146
|switch|p2b: Venusaur|Venusaur, L50, M|100/100
|turn|6
|
|t:|1782516167
|switch|p1a: Vileplume|Vileplume, L50, M|100/100
|move|p2b: Venusaur|Protect|p2b: Venusaur
|-singleturn|p2b: Venusaur|Protect
|move|p2a: Milotic|Protect|p2a: Milotic
|-singleturn|p2a: Milotic|Protect
|move|p1b: Gallade|Sacred Sword|p2a: Milotic
|-activate|p2a: Milotic|move: Protect
|
|-fieldend|move: Trick Room
|upkeep
|turn|7
|c|☆Pointee|its missing trust
|inactive|Pointee has 30 seconds left.
|
|t:|1782516198
|switch|p1b: Torkoal|Torkoal, L50, M|100/100
|-weather|SunnyDay|[from] ability: Drought|[of] p1b: Torkoal
|detailschange|p2b: Venusaur|Venusaur-Mega, L50, M
|-mega|p2b: Venusaur|Venusaur|Venusaurite
|move|p1a: Vileplume|Sleep Powder|p2a: Milotic
|-status|p2a: Milotic|slp|[from] move: Sleep Powder
|cant|p2a: Milotic|slp
|move|p2b: Venusaur|Earth Power|p1b: Torkoal
|-supereffective|p1b: Torkoal|1
|-damage|p1b: Torkoal|23/100
|
|-weather|SunnyDay|[upkeep]
|upkeep
|turn|8
|
|t:|1782516218
|move|p2b: Venusaur|Protect|p2b: Venusaur
|-singleturn|p2b: Venusaur|Protect
|move|p1a: Vileplume|Energy Ball|p2a: Milotic
|-supereffective|p2a: Milotic|1
|-damage|p2a: Milotic|55/100 slp
|-curestatus|p2a: Milotic|slp|[msg]
|move|p2a: Milotic|Hypnosis|p1a: Vileplume
|-status|p1a: Vileplume|slp|[from] move: Hypnosis
|move|p1b: Torkoal|Weather Ball|p2b: Venusaur
|-activate|p2b: Venusaur|move: Protect
|
|-weather|SunnyDay|[upkeep]
|upkeep
|turn|9
|c|☆lolgz|g\
|
|t:|1782516236
|cant|p1a: Vileplume|slp
|move|p2a: Milotic|Hypnosis|p1b: Torkoal
|-status|p1b: Torkoal|slp|[from] move: Hypnosis
|move|p2b: Venusaur|Sludge Bomb|p1a: Vileplume
|-damage|p1a: Vileplume|48/100 slp
|cant|p1b: Torkoal|slp
|
|-weather|SunnyDay|[upkeep]
|upkeep
|turn|10
|c|☆lolgz|g
|
|t:|1782516254
|move|p2b: Venusaur|Protect|p2b: Venusaur
|-singleturn|p2b: Venusaur|Protect
|-curestatus|p1a: Vileplume|slp|[msg]
|move|p1a: Vileplume|Sleep Powder|p2a: Milotic|[miss]
|-miss|p1a: Vileplume|p2a: Milotic
|move|p2a: Milotic|Muddy Water|p1a: Vileplume|[spread] p1a,p1b
|-resisted|p1a: Vileplume|1
|-supereffective|p1b: Torkoal|1
|-damage|p1a: Vileplume|41/100
|-damage|p1b: Torkoal|0 fnt
|faint|p1b: Torkoal
|
|-weather|SunnyDay|[upkeep]
|upkeep
|
|t:|1782516261
|switch|p1b: Gallade|Gallade, L50, M|100/100
|turn|11
|c|☆Pointee|oh you won regardless i threw
|inactive|Pointee has 30 seconds left.
|inactive|Pointee has 20 seconds left.
|inactive|Pointee has 15 seconds left.
|
|t:|1782516303
|move|p2b: Venusaur|Protect||[still]
|-fail|p2b: Venusaur
|move|p1a: Vileplume|Sleep Powder|p2a: Milotic|[miss]
|-miss|p1a: Vileplume|p2a: Milotic
|move|p2a: Milotic|Hypnosis|p1b: Gallade|[miss]
|-miss|p2a: Milotic|p1b: Gallade
|move|p1b: Gallade|Trick Room|p1b: Gallade
|-fieldstart|move: Trick Room|[of] p1b: Gallade
|
|-weather|none
|upkeep
|turn|12
|c|☆Pointee|i was expecting after you psycho cut
|inactive|Pointee has 30 seconds left.
|inactive|Pointee has 20 seconds left.
|inactive|Pointee has 15 seconds left.
|inactive|Pointee has 10 seconds left.
|
|t:|1782516350
|move|p2a: Milotic|Protect|p2a: Milotic
|-singleturn|p2a: Milotic|Protect
|move|p1b: Gallade|Sacred Sword|p2a: Milotic
|-activate|p2a: Milotic|move: Protect
|move|p2b: Venusaur|Sludge Bomb|p1a: Vileplume
|-damage|p1a: Vileplume|0 fnt
|faint|p1a: Vileplume
|
|upkeep
|
|t:|1782516353
|switch|p1a: Farigiraf|Farigiraf, L50, F|100/100
|turn|13
|inactive|lolgz has 30 seconds left.
|inactive|Pointee has 30 seconds left.
|inactive|lolgz has 20 seconds left.
|inactive|Pointee has 20 seconds left.
|inactive|lolgz has 15 seconds left.
|inactive|Pointee has 15 seconds left.
|inactive|Pointee has 10 seconds left.
|
|t:|1782516399
|move|p1a: Farigiraf|Helping Hand|p1b: Gallade
|-singleturn|p1b: Gallade|Helping Hand|[of] p1a: Farigiraf
|move|p1b: Gallade|Sacred Sword|p2a: Milotic
|-damage|p2a: Milotic|0 fnt
|faint|p2a: Milotic
|move|p2b: Venusaur|Sludge Bomb|p1b: Gallade
|-damage|p1b: Gallade|61/100
|
|upkeep
|turn|14
|c|☆Pointee|gg
|
|t:|1782516412
|move|p2b: Venusaur|Protect|p2b: Venusaur
|-singleturn|p2b: Venusaur|Protect
|move|p1b: Gallade|Psycho Cut|p2b: Venusaur
|-activate|p2b: Venusaur|move: Protect
|move|p1a: Farigiraf|Psychic|p2b: Venusaur
|-activate|p2b: Venusaur|move: Protect
|
|upkeep
|turn|15
|
|t:|1782516417
|move|p2b: Venusaur|Protect|p2b: Venusaur
|-singleturn|p2b: Venusaur|Protect
|move|p1b: Gallade|Psycho Cut|p2b: Venusaur
|-activate|p2b: Venusaur|move: Protect
|move|p1a: Farigiraf|Psychic|p2b: Venusaur
|-activate|p2b: Venusaur|move: Protect
|
|-fieldend|move: Trick Room
|upkeep
|turn|16
|
|t:|1782516420
|move|p2b: Venusaur|Sludge Bomb|p1b: Gallade
|-damage|p1b: Gallade|24/100
|move|p1b: Gallade|Psycho Cut|p2b: Venusaur
|-supereffective|p2b: Venusaur|1
|-damage|p2b: Venusaur|24/100
|move|p1a: Farigiraf|Trick Room|p1a: Farigiraf
|-fieldstart|move: Trick Room|[of] p1a: Farigiraf
|
|upkeep
|turn|17
|-message|Pointee forfeited.
|
|win|lolgz
|raw|lolgz's rating: 1286 → 1303(+17 for winning)
|raw|Pointee's rating: 1164 → 1147(-17 for losing)
