|j|☆Basura2U
|j|☆biggestbirdgaming
|html|Basura2Ubiggestbirdgaming    
|uhtml|bestof|Game 1 of a best-of-3
|t:|1757640692
|gametype|doubles
|player|p1|Basura2U|lucas|1085
|player|p2|biggestbirdgaming|1|1058
|gen|9
|tier|[Gen 9] VGC 2025 Reg H (Bo3)
|rated|
|rule|Species Clause: Limit one of each Pokémon
|rule|Item Clause: Limit 1 of each item
|clearpoke
|poke|p1|Talonflame, L50, M|
|poke|p1|Rotom-Wash, L50|
|poke|p1|Toxicroak, L50, F|
|poke|p1|Gholdengo, L50|
|poke|p1|Electabuzz, L50, F|
|poke|p1|Rillaboom, L50, M|
|poke|p2|Milotic, L50, M|
|poke|p2|Garchomp, L50, M|
|poke|p2|Talonflame, L50, M|
|poke|p2|Gholdengo, L50|
|poke|p2|Amoonguss, L50, M|
|poke|p2|Tyranitar, L50, M|
|teampreview|4
|showteam|p1|Talonflame|||GaleWings|Acrobatics,FlareBlitz,Tailwind,Protect|||M|||50|,,,,,Ghost]Rotom-Wash||SitrusBerry|Levitate|WillOWisp,Thunderbolt,HydroPump,Protect||||||50|,,,,,Dark]Toxicroak||AssaultVest|DrySkin|FakeOut,SuckerPunch,GunkShot,CloseCombat|||F|||50|,,,,,Poison]Gholdengo||MetalCoat|GoodasGold|MakeItRain,NastyPlot,ShadowBall,Protect||||||50|,,,,,Water]Electabuzz||Eviolite|VitalSpirit|FollowMe,Electroweb,Taunt,HelpingHand|||F|||50|,,,,,Dragon]Rillaboom||MiracleSeed|GrassySurge|GrassyGlide,Uturn,FakeOut,WoodHammer|||M|||50|,,,,,Fire
|showteam|p2|Milotic||SafetyGoggles|Competitive|Scald,IcyWind,Protect,Haze|||M|||50|,,,,,Dragon]Garchomp||LifeOrb|RoughSkin|StompingTantrum,Earthquake,DragonClaw,Protect|||M|||50|,,,,,Fairy]Talonflame||CovertCloak|GaleWings|BraveBird,Tailwind,WillOWisp,Protect|||M|||50|,,,,,Ghost]Gholdengo||MetalCoat|GoodasGold|Protect,NastyPlot,ShadowBall,MakeItRain||||||50|,,,,,Steel]Amoonguss||SitrusBerry|Regenerator|Spore,RagePowder,PollenPuff,Protect|||M|||50|,,,,,Water]Tyranitar||AssaultVest|SandStream|LowKick,RockSlide,TeraBlast,KnockOff|||M|||50|,,,,,Flying
|inactive|Battle timer is ON: inactive players will automatically lose when time's up. (requested by Basura2U)
|
|t:|1757640727
|teamsize|p1|4
|teamsize|p2|4
|start
|switch|p1a: Electabuzz|Electabuzz, L50, F|100/100
|switch|p1b: Gholdengo|Gholdengo, L50|100/100
|switch|p2a: Talonflame|Talonflame, L50, M|100/100
|switch|p2b: Garchomp|Garchomp, L50, M|100/100
|turn|1
|inactive|Basura2U has 30 seconds left.
|inactive|Basura2U has 20 seconds left.
|inactive|Basura2U has 15 seconds left.
|
|t:|1757640768
|switch|p1a: Rillaboom|Rillaboom, L50, M|100/100
|-fieldstart|move: Grassy Terrain|[from] ability: Grassy Surge|[of] p1a: Rillaboom
|-terastallize|p1b: Gholdengo|Water
|move|p2a: Talonflame|Tailwind|p2a: Talonflame
|-sidestart|p2: biggestbirdgaming|move: Tailwind
|move|p2b: Garchomp|Earthquake|p1b: Gholdengo|[spread] p1a,p1b
|-immune|p2a: Talonflame
|-resisted|p1a: Rillaboom
|-damage|p1a: Rillaboom|89/100
|-damage|p1b: Gholdengo|74/100
|-damage|p2b: Garchomp|91/100|[from] item: Life Orb
|move|p1b: Gholdengo|Nasty Plot|p1b: Gholdengo
|-boost|p1b: Gholdengo|spa|2
|
|-heal|p2b: Garchomp|97/100|[from] Grassy Terrain
|-heal|p1a: Rillaboom|95/100|[from] Grassy Terrain
|-heal|p1b: Gholdengo|80/100|[from] Grassy Terrain
|upkeep
|turn|2
|
|t:|1757640789
|move|p2a: Talonflame|Protect|p2a: Talonflame
|-singleturn|p2a: Talonflame|Protect
|move|p2b: Garchomp|Protect|p2b: Garchomp
|-singleturn|p2b: Garchomp|Protect
|move|p1a: Rillaboom|Fake Out|p2b: Garchomp
|-activate|p2b: Garchomp|move: Protect
|move|p1b: Gholdengo|Make It Rain|p2a: Talonflame|[spread] 
|-activate|p2a: Talonflame|move: Protect
|-activate|p2b: Garchomp|move: Protect
|
|-heal|p2b: Garchomp|100/100|[from] Grassy Terrain
|-heal|p1a: Rillaboom|100/100|[from] Grassy Terrain
|-heal|p1b: Gholdengo|86/100|[from] Grassy Terrain
|upkeep
|turn|3
|inactive|Basura2U has 30 seconds left.
|
|t:|1757640818
|switch|p1a: Rotom|Rotom-Wash, L50|100/100
|move|p2a: Talonflame|Brave Bird|p1a: Rotom
|-resisted|p1a: Rotom
|-damage|p1a: Rotom|74/100
|-damage|p2a: Talonflame|93/100|[from] Recoil
|move|p2b: Garchomp|Dragon Claw|p1b: Gholdengo
|-damage|p1b: Gholdengo|31/100
|-damage|p2b: Garchomp|91/100|[from] item: Life Orb
|move|p1b: Gholdengo|Make It Rain|p2b: Garchomp|[spread] p2a,p2b
|-resisted|p2a: Talonflame
|-damage|p2a: Talonflame|4/100
|-damage|p2b: Garchomp|0 fnt
|-unboost|p1b: Gholdengo|spa|1
|faint|p2b: Garchomp
|
|-heal|p1b: Gholdengo|37/100|[from] Grassy Terrain
|upkeep
|
|t:|1757640839
|switch|p2b: Gholdengo|Gholdengo, L50, shiny|100/100
|turn|4
|inactive|biggestbirdgaming has 30 seconds left.
|
|t:|1757640875
|move|p2a: Talonflame|Protect|p2a: Talonflame
|-singleturn|p2a: Talonflame|Protect
|move|p1b: Gholdengo|Protect|p1b: Gholdengo
|-singleturn|p1b: Gholdengo|Protect
|move|p2b: Gholdengo|Shadow Ball|p1b: Gholdengo
|-activate|p1b: Gholdengo|move: Protect
|move|p1a: Rotom|Hydro Pump|p2b: Gholdengo
|-damage|p2b: Gholdengo|54/100
|
|-heal|p2b: Gholdengo|60/100|[from] Grassy Terrain
|-heal|p1b: Gholdengo|43/100|[from] Grassy Terrain
|-sideend|p2: biggestbirdgaming|move: Tailwind
|upkeep
|turn|5
|inactive|Basura2U has 30 seconds left.
|inactive|biggestbirdgaming has 30 seconds left.
|
|t:|1757640908
|move|p2a: Talonflame|Tailwind|p2a: Talonflame
|-sidestart|p2: biggestbirdgaming|move: Tailwind
|move|p2b: Gholdengo|Nasty Plot|p2b: Gholdengo
|-boost|p2b: Gholdengo|spa|2
|move|p1a: Rotom|Hydro Pump|p2b: Gholdengo
|-damage|p2b: Gholdengo|18/100
|move|p1b: Gholdengo|Make It Rain|p2a: Talonflame|[spread] p2a,p2b
|-resisted|p2a: Talonflame
|-resisted|p2b: Gholdengo
|-damage|p2a: Talonflame|0 fnt
|-damage|p2b: Gholdengo|0 fnt
|-unboost|p1b: Gholdengo|spa|1
|faint|p2a: Talonflame
|faint|p2b: Gholdengo
|
|-heal|p1b: Gholdengo|49/100|[from] Grassy Terrain
|-fieldend|move: Grassy Terrain
|upkeep
|-message|biggestbirdgaming forfeited.
|raw|Basura2U's rating: 1085 → 1110(+25 for winning)
|raw|biggestbirdgaming's rating: 1058 → 1041(-17 for losing)
|
|win|Basura2U
|l|☆biggestbirdgaming
|player|p2|
|l|☆Basura2U
|player|p1|
