|j|☆Mojanf
|j|☆samki9
|html|Mojanfsamki9    
|uhtml|bestof|Game 3 of a best-of-3
|t:|1783355788
|gametype|doubles
|player|p1|Mojanf|170|1074
|player|p2|samki9|marshal|1079
|gen|9
|tier|[Gen 9 Champions] VGC 2026 Reg M-B (Bo3)
|rated|
|rule|Species Clause: Limit one of each Pokémon
|rule|Item Clause: Limit 1 of each item
|clearpoke
|poke|p1|Delphox, L50, F|
|poke|p1|Sneasler, L50, M|
|poke|p1|Kingambit, L50, F|
|poke|p1|Whimsicott, L50, M|
|poke|p1|Tsareena, L50, F|
|poke|p1|Basculegion, L50, M|
|poke|p2|Delphox, L50, F|
|poke|p2|Sceptile, L50, M|
|poke|p2|Garchomp, L50, F|
|poke|p2|Rotom-Wash, L50|
|poke|p2|Aerodactyl, L50, M|
|poke|p2|Sinistcha, L50|
|teampreview|4
|showteam|p1|Delphox||Delphoxite|Magician|HeatWave,Psychic,CalmMind,Protect|Timid||F|||50|]Sneasler||WhiteHerb|Unburden|FakeOut,DireClaw,CloseCombat,Protect|Adamant||M|||50|]Kingambit||LifeOrb|Defiant|KowtowCleave,SuckerPunch,IronHead,Protect|Adamant||F|||50|]Whimsicott||FocusSash|Prankster|Tailwind,Encore,Moonblast,Protect|Timid||M|||50|]Tsareena||SitrusBerry|QueenlyMajesty|TripleAxel,LowKick,TropKick,Protect|Adamant||F|||50|]Basculegion||ChoiceScarf|Adaptability|LastRespects,WaveCrash,FlipTurn,AquaJet|Jolly||M|||50|
|showteam|p2|Delphox||Delphoxite|Blaze|HeatWave,Psyshock,Encore,Protect|Timid||F|||50|]Sceptile||Sceptilite|Overgrow|EnergyBall,DragonPulse,EarthPower,Protect|Timid||M|||50|]Garchomp||LifeOrb|RoughSkin|Earthquake,RockSlide,DragonClaw,Protect|Adamant||F|||50|]Rotom-Wash||ChoiceScarf|Levitate|HydroPump,Discharge,Thunderbolt,WillOWisp|Timid|||||50|]Aerodactyl||FocusSash|Unnerve|RockSlide,DualWingbeat,Tailwind,Protect|Jolly||M|||50|]Sinistcha||SitrusBerry|Hospitality|MatchaGotcha,TrickRoom,Imprison,RagePowder|Sassy|||||50|
|inactive|Battle timer is ON: inactive players will automatically lose when time's up. (requested by Mojanf)
|inactive|Mojanf has 60 seconds left.
|
|t:|1783355824
|teamsize|p1|4
|teamsize|p2|4
|start
|switch|p1a: Basculegion|Basculegion, L50, M|100/100
|switch|p1b: Whimsicott|Whimsicott, L50, M|100/100
|switch|p2a: Rotom|Rotom-Wash, L50|100/100
|switch|p2b: Garchomp|Garchomp, L50, F|100/100
|turn|1
|inactive|Mojanf has 30 seconds left.
|
|t:|1783355854
|move|p1b: Whimsicott|Tailwind|p1b: Whimsicott
|-sidestart|p1: Mojanf|move: Tailwind
|move|p1a: Basculegion|Flip Turn|p2b: Garchomp
|-crit|p2b: Garchomp
|-damage|p2b: Garchomp|42/100
|-damage|p1a: Basculegion|87/100|[from] ability: Rough Skin|[of] p2b: Garchomp
|
|t:|1783355861
|switch|p1a: Kingambit|Kingambit, L50, F|100/100|[from] Flip Turn
|move|p2a: Rotom|Discharge|p1a: Kingambit|[spread] p1a,p1b
|-immune|p2b: Garchomp
|-resisted|p1b: Whimsicott|1
|-damage|p1a: Kingambit|73/100
|-damage|p1b: Whimsicott|79/100
|move|p2b: Garchomp|Earthquake|p1a: Kingambit|[spread] p1a,p1b
|-immune|p2a: Rotom|[from] ability: Levitate
|-supereffective|p1a: Kingambit|1
|-resisted|p1b: Whimsicott|1
|-damage|p1a: Kingambit|0 fnt
|-damage|p1b: Whimsicott|44/100
|faint|p1a: Kingambit
|-damage|p2b: Garchomp|32/100|[from] item: Life Orb
|
|upkeep
|
|t:|1783355882
|switch|p1a: Delphox|Delphox, L50, F|100/100
|turn|2
|
|t:|1783355887
|detailschange|p1a: Delphox|Delphox-Mega, L50, F
|-mega|p1a: Delphox|Delphox|Delphoxite
|move|p2b: Garchomp|Protect|p2b: Garchomp
|-singleturn|p2b: Garchomp|Protect
|move|p1a: Delphox|Calm Mind|p1a: Delphox
|-boost|p1a: Delphox|spa|1
|-boost|p1a: Delphox|spd|1
|move|p1b: Whimsicott|Moonblast|p2b: Garchomp
|-activate|p2b: Garchomp|move: Protect
|move|p2a: Rotom|Discharge|p1b: Whimsicott|[spread] p1a,p1b
|-activate|p2b: Garchomp|move: Protect
|-resisted|p1b: Whimsicott|1
|-damage|p1a: Delphox|82/100
|-damage|p1b: Whimsicott|23/100
|
|upkeep
|turn|3
|inactive|Mojanf has 30 seconds left.
|
|t:|1783355915
|switch|p2a: Delphox|Delphox, L50, F|100/100
|move|p1a: Delphox|Psychic|p2a: Delphox
|-resisted|p2a: Delphox|1
|-damage|p2a: Delphox|52/100
|move|p1b: Whimsicott|Moonblast|p2b: Garchomp
|-supereffective|p2b: Garchomp|1
|-damage|p2b: Garchomp|0 fnt
|faint|p2b: Garchomp
|
|upkeep
|
|t:|1783355928
|switch|p2b: Rotom|Rotom-Wash, L50|100/100
|turn|4
|
|t:|1783355941
|detailschange|p2a: Delphox|Delphox-Mega, L50, F
|-mega|p2a: Delphox|Delphox|Delphoxite
|move|p1b: Whimsicott|Protect|p1b: Whimsicott
|-singleturn|p1b: Whimsicott|Protect
|move|p1a: Delphox|Calm Mind|p1a: Delphox
|-boost|p1a: Delphox|spa|1
|-boost|p1a: Delphox|spd|1
|move|p2b: Rotom|Hydro Pump|p1a: Delphox
|-supereffective|p1a: Delphox|1
|-damage|p1a: Delphox|29/100
|move|p2a: Delphox|Heat Wave|p1a: Delphox|[spread] p1a
|-activate|p1b: Whimsicott|move: Protect
|-resisted|p1a: Delphox|1
|-damage|p1a: Delphox|21/100
|
|-sideend|p1: Mojanf|move: Tailwind
|upkeep
|turn|5
|inactive|Mojanf has 30 seconds left.
|
|t:|1783355970
|move|p2a: Delphox|Protect|p2a: Delphox
|-singleturn|p2a: Delphox|Protect
|move|p1b: Whimsicott|Tailwind|p1b: Whimsicott
|-sidestart|p1: Mojanf|move: Tailwind
|move|p1a: Delphox|Psychic|p2b: Rotom
|-damage|p2b: Rotom|0 fnt
|faint|p2b: Rotom
|
|upkeep
|
|t:|1783355976
|switch|p2b: Aerodactyl|Aerodactyl, L50, M|100/100
|-ability|p2b: Aerodactyl|Unnerve
|turn|6
|
|t:|1783355984
|move|p2b: Aerodactyl|Protect|p2b: Aerodactyl
|-singleturn|p2b: Aerodactyl|Protect
|move|p1b: Whimsicott|Encore|p2a: Delphox
|-start|p2a: Delphox|Encore
|move|p2a: Delphox|Protect|p2a: Delphox
|-singleturn|p2a: Delphox|Protect
|move|p1a: Delphox|Psychic|p2b: Aerodactyl
|-activate|p2b: Aerodactyl|move: Protect
|
|upkeep
|turn|7
|-message|samki9 forfeited.
|
|win|Mojanf
|raw|Mojanf's rating: 1074 → 1103(+29 for winning)
|raw|samki9's rating: 1079 → 1057(-22 for losing)
|l|☆samki9
|player|p2|
