|j|☆Indigochen
|j|☆magmastormvgc
|html|Indigochenmagmastormvgc    
|uhtml|bestof|Game 2 of a best-of-3
|t:|1757785460
|gametype|doubles
|player|p1|Indigochen|fantina|1040
|player|p2|magmastormvgc|turo-ai|1146
|gen|9
|tier|[Gen 9] VGC 2025 Reg H (Bo3)
|rated|
|rule|Species Clause: Limit one of each Pokémon
|rule|Item Clause: Limit 1 of each item
|clearpoke
|poke|p1|Indeedee-F, L50, F|
|poke|p1|Hatterene, L50, F|
|poke|p1|Gallade, L50, M|
|poke|p1|Ursaluna, L50, M|
|poke|p1|Lilligant-Hisui, L50, F|
|poke|p1|Torkoal, L50, M|
|poke|p2|Dragonite, L50, M|
|poke|p2|Gholdengo, L50|
|poke|p2|Ursaluna-Bloodmoon, L50, M|
|poke|p2|Annihilape, L50, M|
|poke|p2|Maushold-Four, L50|
|poke|p2|Rillaboom, L50, M|
|teampreview|4
|showteam|p1|Indeedee-F||PsychicSeed|PsychicSurge|TrickRoom,FollowMe,HelpingHand,DazzlingGleam|||F|||50|,,,,,Fire]Hatterene||LifeOrb|MagicBounce|ExpandingForce,TrickRoom,DazzlingGleam,Protect|||F|||50|,,,,,Psychic]Gallade||ClearAmulet|Sharpness|PsychoCut,TrickRoom,SacredSword,WideGuard|||M|||50|,,,,,Grass]Ursaluna||FlameOrb|Guts|HeadlongRush,Facade,SwordsDance,Protect|||M|||50|,,,,,Ghost]Lilligant-Hisui||FocusSash|Chlorophyll|SolarBlade,SleepPowder,CloseCombat,AfterYou|||F|||50|,,,,,Ghost]Torkoal||ChoiceSpecs|Drought|Eruption,HeatWave,WeatherBall,EarthPower|||M|||50|,,,,,Fire
|showteam|p2|Dragonite||LoadedDice|Multiscale|ScaleShot,Tailwind,Haze,Protect|||M|||50|,,,,,Fairy]Gholdengo||LifeOrb|GoodasGold|MakeItRain,ShadowBall,NastyPlot,Protect||||||50|,,,,,Water]Ursaluna-Bloodmoon||AssaultVest|MindsEye|BloodMoon,EarthPower,HyperVoice,VacuumWave|||M|||50|,,,,,Water]Annihilape||SitrusBerry|Defiant|DrainPunch,RageFist,BulkUp,Protect|||M|||50|,,,,,Fire]Maushold-Four||FocusSash|FriendGuard|SuperFang,BeatUp,FollowMe,Protect||||||50|,,,,,Ghost]Rillaboom||MiracleSeed|GrassySurge|WoodHammer,GrassyGlide,HighHorsepower,FakeOut|||M|||50|,,,,,Fire
|
|t:|1757785512
|teamsize|p1|4
|teamsize|p2|4
|start
|switch|p1a: Bad Ass bìtch|Lilligant-Hisui, L50, F, shiny|100/100
|switch|p1b: So sauer|Torkoal, L50, M, shiny|100/100
|switch|p2a: Ursaluna|Ursaluna-Bloodmoon, L50, M|100/100
|switch|p2b: Maushold|Maushold-Four, L50|100/100
|-weather|SunnyDay|[from] ability: Drought|[of] p1b: So sauer
|turn|1
|
|t:|1757785563
|move|p2b: Maushold|Follow Me|p2b: Maushold
|-singleturn|p2b: Maushold|move: Follow Me
|move|p1a: Bad Ass bìtch|After You||[still]
|-fail|p1a: Bad Ass bìtch
|move|p2a: Ursaluna|Earth Power|p1b: So sauer
|-supereffective|p1b: So sauer
|-damage|p1b: So sauer|0 fnt
|faint|p1b: So sauer
|
|-weather|SunnyDay|[upkeep]
|upkeep
|
|t:|1757785581
|switch|p1b: Roar|Ursaluna, L50, M, shiny|100/100
|turn|2
|
|t:|1757785608
|move|p2b: Maushold|Follow Me|p2b: Maushold
|-singleturn|p2b: Maushold|move: Follow Me
|move|p1a: Bad Ass bìtch|Close Combat|p2b: Maushold
|-supereffective|p2b: Maushold
|-enditem|p2b: Maushold|Focus Sash
|-damage|p2b: Maushold|1/100
|-unboost|p1a: Bad Ass bìtch|def|1
|-unboost|p1a: Bad Ass bìtch|spd|1
|move|p2a: Ursaluna|Blood Moon|p1a: Bad Ass bìtch
|-enditem|p1a: Bad Ass bìtch|Focus Sash
|-damage|p1a: Bad Ass bìtch|1/100
|move|p1b: Roar|Swords Dance|p1b: Roar
|-boost|p1b: Roar|atk|2
|
|-weather|SunnyDay|[upkeep]
|-status|p1b: Roar|brn|[from] item: Flame Orb
|upkeep
|turn|3
|
|t:|1757785632
|move|p2b: Maushold|Follow Me|p2b: Maushold
|-singleturn|p2b: Maushold|move: Follow Me
|move|p1a: Bad Ass bìtch|Solar Blade||[still]
|-prepare|p1a: Bad Ass bìtch|Solar Blade
|-anim|p1a: Bad Ass bìtch|Solar Blade|p2b: Maushold
|-damage|p2b: Maushold|0 fnt
|faint|p2b: Maushold
|move|p2a: Ursaluna|Hyper Voice|p1b: Roar|[spread] p1a,p1b
|-damage|p1a: Bad Ass bìtch|0 fnt
|-damage|p1b: Roar|65/100 brn
|faint|p1a: Bad Ass bìtch
|move|p1b: Roar|Facade|p2a: Ursaluna
|-damage|p2a: Ursaluna|0 fnt
|faint|p2a: Ursaluna
|
|-weather|SunnyDay|[upkeep]
|-damage|p1b: Roar|59/100 brn|[from] brn
|upkeep
|
|t:|1757785647
|switch|p2b: Rillaboom|Rillaboom, L50, M|100/100
|switch|p1a: Help me|Indeedee-F, L50, F, shiny|100/100
|switch|p2a: Gholdengo|Gholdengo, L50|100/100
|-fieldstart|move: Grassy Terrain|[from] ability: Grassy Surge|[of] p2b: Rillaboom
|-fieldstart|move: Psychic Terrain|[from] ability: Psychic Surge|[of] p1a: Help me
|-enditem|p1a: Help me|Psychic Seed
|-boost|p1a: Help me|spd|1|[from] item: Psychic Seed
|turn|4
|
|t:|1757785691
|-terastallize|p2a: Gholdengo|Water
|move|p1b: Roar|Protect|p1b: Roar
|-singleturn|p1b: Roar|Protect
|move|p2a: Gholdengo|Nasty Plot|p2a: Gholdengo
|-boost|p2a: Gholdengo|spa|2
|move|p2b: Rillaboom|Wood Hammer|p1a: Help me
|-damage|p1a: Help me|29/100
|-damage|p2b: Rillaboom|79/100|[from] Recoil
|move|p1a: Help me|Trick Room|p1a: Help me
|-fieldstart|move: Trick Room|[of] p1a: Help me
|
|-weather|SunnyDay|[upkeep]
|-damage|p1b: Roar|53/100 brn|[from] brn
|upkeep
|turn|5
|
|t:|1757785725
|move|p1b: Roar|Headlong Rush|p2a: Gholdengo
|-damage|p2a: Gholdengo|0 fnt
|-unboost|p1b: Roar|def|1
|-unboost|p1b: Roar|spd|1
|faint|p2a: Gholdengo
|move|p1a: Help me|Dazzling Gleam|p2b: Rillaboom
|-damage|p2b: Rillaboom|59/100
|move|p2b: Rillaboom|Wood Hammer|p1a: Help me
|-damage|p1a: Help me|0 fnt
|faint|p1a: Help me
|-damage|p2b: Rillaboom|50/100|[from] Recoil
|
|-weather|none
|-damage|p1b: Roar|47/100 brn|[from] brn
|upkeep
|turn|6
|
|t:|1757785740
|move|p1b: Roar|Facade|p2b: Rillaboom
|-damage|p2b: Rillaboom|0 fnt
|faint|p2b: Rillaboom
|
|win|Indigochen
|raw|Indigochen's rating: 1040 → 1084(+44 for winning)
|raw|magmastormvgc's rating: 1146 → 1114(-32 for losing)
|c|☆magmastormvgc|gg
|l|☆Indigochen
|player|p1|
