|j|☆chocokoala vgc
|j|☆67ToTheTop
|html|chocokoala vgc67ToTheTop    
|uhtml|bestof|Game 2 of a best-of-3
|t:|1784481554
|gametype|doubles
|player|p1|chocokoala vgc|benga|1259
|player|p2|67ToTheTop|serena|1321
|gen|9
|tier|[Gen 9 Champions] VGC 2026 Reg M-B (Bo3)
|rated|
|rule|Species Clause: Limit one of each Pokémon
|rule|Item Clause: Limit 1 of each item
|clearpoke
|poke|p1|Scovillain, L50, M|
|poke|p1|Primarina, L50, M|
|poke|p1|Aerodactyl, L50, F|
|poke|p1|Garchomp, L50, M|
|poke|p1|Gholdengo, L50|
|poke|p1|Grimmsnarl, L50, M|
|poke|p2|Kingambit, L50, M|
|poke|p2|Gardevoir, L50, F|
|poke|p2|Talonflame, L50, M|
|poke|p2|Maushold, L50|
|poke|p2|Basculegion, L50, M|
|poke|p2|Garchomp, L50, M|
|teampreview|4
|showteam|p1|Scovillain||Scovillainite|Moody|Flamethrower,GigaDrain,Protect,RagePowder|Bold||M|||50|]Primarina||Leftovers|LiquidVoice|HyperVoice,Moonblast,Protect,CalmMind|Modest||M|||50|]Aerodactyl||Aerodactylite|Unnerve|RockSlide,DualWingbeat,Protect,Tailwind|Jolly||F|||50|]Garchomp||SoftSand|RoughSkin|Earthquake,StompingTantrum,Protect,DragonClaw|Jolly||M|||50|]Gholdengo||LifeOrb|GoodasGold|MakeItRain,ShadowBall,Protect,NastyPlot|Modest|||||50|]Grimmsnarl||LightClay|Prankster|LightScreen,Reflect,PartingShot,SpiritBreak|Sassy||M|||50|
|showteam|p2|Kingambit||FocusSash|Defiant|KowtowCleave,IronHead,SuckerPunch,LowKick|Adamant||M|||50|]Gardevoir||Gardevoirite|Telepathy|HyperVoice,Psyshock,TrickRoom,Protect|Modest||F|||50|]Talonflame||LifeOrb|GaleWings|DualWingbeat,FlareBlitz,Tailwind,Protect|Jolly||M|||50|]Maushold||ChopleBerry|FriendGuard|Feint,SuperFang,FollowMe,Protect|Impish|||||50|]Basculegion||MysticWater|Adaptability|WaveCrash,LastRespects,AquaJet,Protect|Adamant||M|||50|]Garchomp||SitrusBerry|RoughSkin|Earthquake,StompingTantrum,RockTomb,Protect|Jolly||M|||50|
|inactive|Battle timer is ON: inactive players will automatically lose when time's up. (requested by chocokoala vgc)
|
|t:|1784481573
|teamsize|p1|4
|teamsize|p2|4
|start
|switch|p1a: Grimmsnarl|Grimmsnarl, L50, M|100/100
|switch|p1b: Primarina|Primarina, L50, M|100/100
|switch|p2a: Talonflame|Talonflame, L50, M|100/100
|switch|p2b: Basculegion|Basculegion, L50, M|100/100
|turn|1
|inactive|67ToTheTop has 30 seconds left.
|
|t:|1784481598
|switch|p2a: Gardevoir|Gardevoir, L50, F|100/100
|move|p1a: Grimmsnarl|Reflect|p1a: Grimmsnarl
|-sidestart|p1: chocokoala vgc|Reflect
|move|p2b: Basculegion|Wave Crash|p1b: Primarina
|-resisted|p1b: Primarina|1
|-damage|p1b: Primarina|59/100
|-damage|p2b: Basculegion|89/100|[from] Recoil
|move|p1b: Primarina|Calm Mind|p1b: Primarina
|-boost|p1b: Primarina|spa|1
|-boost|p1b: Primarina|spd|1
|
|-heal|p1b: Primarina|65/100|[from] item: Leftovers
|upkeep
|turn|2
|
|t:|1784481613
|detailschange|p2a: Gardevoir|Gardevoir-Mega, L50, F
|-mega|p2a: Gardevoir|Gardevoir|Gardevoirite
|move|p1b: Primarina|Protect|p1b: Primarina
|-singleturn|p1b: Primarina|Protect
|move|p1a: Grimmsnarl|Light Screen|p1a: Grimmsnarl
|-sidestart|p1: chocokoala vgc|move: Light Screen
|move|p2a: Gardevoir|Psyshock|p1b: Primarina
|-activate|p1b: Primarina|move: Protect
|move|p2b: Basculegion|Wave Crash|p1a: Grimmsnarl
|-crit|p1a: Grimmsnarl
|-damage|p1a: Grimmsnarl|0 fnt
|faint|p1a: Grimmsnarl
|-damage|p2b: Basculegion|56/100|[from] Recoil
|
|-heal|p1b: Primarina|71/100|[from] item: Leftovers
|upkeep
|
|t:|1784481627
|switch|p1a: Scovillain|Scovillain, L50, M|100/100
|turn|3
|
|t:|1784481639
|detailschange|p1a: Scovillain|Scovillain-Mega, L50, M
|-mega|p1a: Scovillain|Scovillain|Scovillainite
|move|p2a: Gardevoir|Psyshock|p1b: Primarina
|-damage|p1b: Primarina|33/100
|move|p2b: Basculegion|Wave Crash|p1a: Scovillain
|-damage|p1a: Scovillain|34/100
|-status|p2b: Basculegion|brn|[from] ability: Spicy Spray|[of] p1a: Scovillain
|-damage|p2b: Basculegion|37/100 brn|[from] Recoil
|move|p1a: Scovillain|Giga Drain|p2b: Basculegion
|-supereffective|p2b: Basculegion|1
|-damage|p2b: Basculegion|0 fnt
|-heal|p1a: Scovillain|56/100|[from] drain|[of] p2b: Basculegion
|faint|p2b: Basculegion
|move|p1b: Primarina|Moonblast|p2a: Gardevoir
|-damage|p2a: Gardevoir|40/100
|
|-heal|p1b: Primarina|39/100|[from] item: Leftovers
|upkeep
|
|t:|1784481654
|switch|p2b: Talonflame|Talonflame, L50, M|100/100
|turn|4
|
|t:|1784481668
|move|p2b: Talonflame|Protect|p2b: Talonflame
|-singleturn|p2b: Talonflame|Protect
|move|p2a: Gardevoir|Protect|p2a: Gardevoir
|-singleturn|p2a: Gardevoir|Protect
|move|p1a: Scovillain|Protect|p1a: Scovillain
|-singleturn|p1a: Scovillain|Protect
|move|p1b: Primarina|Protect||[still]
|-fail|p1b: Primarina
|
|-heal|p1b: Primarina|45/100|[from] item: Leftovers
|upkeep
|turn|5
|
|t:|1784481681
|move|p1a: Scovillain|Rage Powder|p1a: Scovillain
|-singleturn|p1a: Scovillain|move: Rage Powder
|move|p2b: Talonflame|Dual Wingbeat|p1a: Scovillain
|-supereffective|p1a: Scovillain|1
|-damage|p1a: Scovillain|29/100
|-immune|p2b: Talonflame
|-supereffective|p1a: Scovillain|1
|-damage|p1a: Scovillain|1/100
|-immune|p2b: Talonflame
|-hitcount|p1a: Scovillain|2
|-damage|p2b: Talonflame|90/100|[from] item: Life Orb
|move|p2a: Gardevoir|Hyper Voice|p1b: Primarina|[spread] p1a,p1b
|-resisted|p1a: Scovillain|1
|-crit|p1b: Primarina
|-damage|p1a: Scovillain|0 fnt
|-damage|p1b: Primarina|0 fnt
|-status|p2a: Gardevoir|brn|[from] ability: Spicy Spray|[of] p1a: Scovillain
|faint|p1a: Scovillain
|faint|p1b: Primarina
|
|-damage|p2a: Gardevoir|34/100 brn|[from] brn
|upkeep
|
|t:|1784481698
|switch|p1b: Gholdengo|Gholdengo, L50|100/100
|turn|6
|
|t:|1784481713
|move|p2b: Talonflame|Flare Blitz|p1b: Gholdengo
|-supereffective|p1b: Gholdengo|1
|-damage|p1b: Gholdengo|9/100
|-status|p1b: Gholdengo|brn
|-damage|p2b: Talonflame|58/100|[from] Recoil
|-damage|p2b: Talonflame|49/100|[from] item: Life Orb
|move|p1b: Gholdengo|Shadow Ball|p2b: Talonflame
|-damage|p2b: Talonflame|0 fnt
|faint|p2b: Talonflame
|-damage|p1b: Gholdengo|0 fnt|[from] item: Life Orb
|faint|p1b: Gholdengo
|
|win|67ToTheTop
