|j|☆lux raymundi
|j|‽Somekidjon
|html|lux raymundiSomekidjon    
|uhtml|bestof|Game 2 of a best-of-3
|t:|1784588189
|gametype|doubles
|player|p1|lux raymundi|101|1325
|player|p2|Somekidjon|scientistf|1227
|gen|9
|tier|[Gen 9 Champions] VGC 2026 Reg M-B (Bo3)
|rated|
|rule|Species Clause: Limit one of each Pokémon
|rule|Item Clause: Limit 1 of each item
|clearpoke
|poke|p1|Sneasler, L50, M|
|poke|p1|Blastoise, L50, M|
|poke|p1|Kingambit, L50, M|
|poke|p1|Incineroar, L50, M|
|poke|p1|Delphox, L50, F|
|poke|p1|Sinistcha, L50|
|poke|p2|Tyranitar, L50, M|
|poke|p2|Excadrill, L50, M|
|poke|p2|Corviknight, L50, M|
|poke|p2|Basculegion, L50, M|
|poke|p2|Wyrdeer, L50, F|
|poke|p2|Falinks, L50|
|teampreview|4
|showteam|p1|Sneasler||FocusSash|PoisonTouch|PoisonJab,CloseCombat,FakeOut,QuickGuard|Jolly||M|||50|]Blastoise||Blastoisinite|RainDish|DarkPulse,WaterSpout,ShellSmash,Protect|Modest||M|||50|]Kingambit||BlackGlasses|Defiant|KowtowCleave,SuckerPunch,SwordsDance,Protect|Adamant||M|||50|]Incineroar||SitrusBerry|Intimidate|FlareBlitz,ThroatChop,PartingShot,FakeOut|Careful||M|||50|]Delphox||Delphoxite|Blaze|HeatWave,NastyPlot,Psychic,Protect|Timid||F|||50|]Sinistcha||KasibBerry|Hospitality|MatchaGotcha,RagePowder,TrickRoom,Protect|Bold|||||50|
|showteam|p2|Tyranitar||Tyranitarite|SandStream|Protect,KnockOff,RockSlide,DragonDance|Adamant||M|||50|]Excadrill||LifeOrb|SandRush|IronHead,Protect,HighHorsepower,RockSlide|Adamant||M|||50|]Corviknight||Leftovers|MirrorArmor|BulkUp,Roost,BraveBird,BodyPress|Careful||M|||50|]Basculegion||ChoiceScarf|Adaptability|AquaJet,LastRespects,WaveCrash,FlipTurn|Adamant||M|||50|]Wyrdeer||SitrusBerry|Intimidate|SkillSwap,PsyshieldBash,Protect,HelpingHand|Careful||F|||50|]Falinks||Falinksite|Defiant|NoRetreat,RockSlide,CloseCombat,Protect|Adamant|||||50|
|
|t:|1784588204
|teamsize|p1|4
|teamsize|p2|4
|start
|switch|p1a: Sneasler|Sneasler, L50, M|100/100
|switch|p1b: Blastoise|Blastoise, L50, M|100/100
|switch|p2a: Tyranitar|Tyranitar, L50, M|100/100
|switch|p2b: Corviknight|Corviknight, L50, M|100/100
|-weather|Sandstorm|[from] ability: Sand Stream|[of] p2a: Tyranitar
|turn|1
|
|t:|1784588224
|detailschange|p1b: Blastoise|Blastoise-Mega, L50, M
|-mega|p1b: Blastoise|Blastoise|Blastoisinite
|move|p1a: Sneasler|Fake Out|p2b: Corviknight
|-resisted|p2b: Corviknight|1
|-damage|p2b: Corviknight|94/100
|move|p1b: Blastoise|Shell Smash|p1b: Blastoise
|-unboost|p1b: Blastoise|def|1
|-unboost|p1b: Blastoise|spd|1
|-boost|p1b: Blastoise|atk|2
|-boost|p1b: Blastoise|spa|2
|-boost|p1b: Blastoise|spe|2
|move|p2a: Tyranitar|Rock Slide|p1a: Sneasler|[spread] p1a,p1b
|-resisted|p1a: Sneasler|1
|-damage|p1a: Sneasler|72/100
|-damage|p1b: Blastoise|47/100
|cant|p2b: Corviknight|flinch
|
|-weather|Sandstorm|[upkeep]
|-damage|p1b: Blastoise|41/100|[from] Sandstorm
|-damage|p1a: Sneasler|66/100|[from] Sandstorm
|-heal|p2b: Corviknight|100/100|[from] item: Leftovers
|upkeep
|turn|2
|
|t:|1784588235
|switch|p2a: Basculegion|Basculegion, L50, M|100/100
|move|p1b: Blastoise|Protect|p1b: Blastoise
|-singleturn|p1b: Blastoise|Protect
|move|p1a: Sneasler|Close Combat|p2a: Basculegion
|-immune|p2a: Basculegion
|move|p2b: Corviknight|Brave Bird|p1b: Blastoise
|-activate|p1b: Blastoise|move: Protect
|
|-weather|Sandstorm|[upkeep]
|-damage|p1b: Blastoise|35/100|[from] Sandstorm
|-damage|p2a: Basculegion|93/100|[from] Sandstorm
|-damage|p1a: Sneasler|61/100|[from] Sandstorm
|upkeep
|turn|3
|
|t:|1784588245
|switch|p1a: Sinistcha|Sinistcha, L50|100/100
|-heal|p1b: Blastoise|60/100|[from] ability: Hospitality|[of] p1a: Sinistcha
|move|p1b: Blastoise|Dark Pulse|p2a: Basculegion
|-supereffective|p2a: Basculegion|1
|-damage|p2a: Basculegion|0 fnt
|faint|p2a: Basculegion
|move|p2b: Corviknight|Brave Bird|p1b: Blastoise
|-damage|p1b: Blastoise|1/100
|-damage|p2b: Corviknight|85/100|[from] Recoil
|
|-weather|Sandstorm|[upkeep]
|-damage|p1b: Blastoise|0 fnt|[from] Sandstorm
|-damage|p1a: Sinistcha|93/100|[from] Sandstorm
|faint|p1b: Blastoise
|-heal|p2b: Corviknight|91/100|[from] item: Leftovers
|upkeep
|
|t:|1784588259
|switch|p2a: Falinks|Falinks, L50|100/100
|switch|p1b: Incineroar|Incineroar, L50, M|100/100
|-ability|p1b: Incineroar|Intimidate|boost
|-unboost|p2a: Falinks|atk|1
|-ability|p2a: Falinks|Defiant|boost
|-boost|p2a: Falinks|atk|2
|-ability|p2b: Corviknight|Mirror Armor
|-unboost|p1b: Incineroar|atk|1
|turn|4
|
|t:|1784588271
|detailschange|p2a: Falinks|Falinks-Mega, L50
|-mega|p2a: Falinks|Falinks|Falinksite
|move|p1b: Incineroar|Fake Out|p2a: Falinks
|-damage|p2a: Falinks|92/100
|cant|p2a: Falinks|flinch
|move|p2b: Corviknight|Bulk Up|p2b: Corviknight
|-boost|p2b: Corviknight|atk|1
|-boost|p2b: Corviknight|def|1
|move|p1a: Sinistcha|Trick Room|p1a: Sinistcha
|-fieldstart|move: Trick Room|[of] p1a: Sinistcha
|
|-weather|Sandstorm|[upkeep]
|-damage|p1a: Sinistcha|87/100|[from] Sandstorm
|-damage|p1b: Incineroar|94/100|[from] Sandstorm
|-damage|p2a: Falinks|86/100|[from] Sandstorm
|-heal|p2b: Corviknight|97/100|[from] item: Leftovers
|upkeep
|turn|5
|
|t:|1784588288
|move|p2b: Corviknight|Brave Bird|p1a: Sinistcha
|-supereffective|p1a: Sinistcha|1
|-damage|p1a: Sinistcha|0 fnt
|faint|p1a: Sinistcha
|-damage|p2b: Corviknight|72/100|[from] Recoil
|move|p1b: Incineroar|Flare Blitz|p2b: Corviknight
|-supereffective|p2b: Corviknight|1
|-damage|p2b: Corviknight|39/100
|-damage|p1b: Incineroar|83/100|[from] Recoil
|move|p2a: Falinks|Close Combat|p1b: Incineroar
|-supereffective|p1b: Incineroar|1
|-crit|p1b: Incineroar
|-damage|p1b: Incineroar|0 fnt
|-unboost|p2a: Falinks|def|1
|-unboost|p2a: Falinks|spd|1
|faint|p1b: Incineroar
|
|-weather|none
|-heal|p2b: Corviknight|44/100|[from] item: Leftovers
|upkeep
|
|t:|1784588308
|switch|p1b: Sneasler|Sneasler, L50, M|61/100
|turn|6
|
|t:|1784588313
|move|p2b: Corviknight|Brave Bird|p1b: Sneasler
|-supereffective|p1b: Sneasler|1
|-damage|p1b: Sneasler|0 fnt
|faint|p1b: Sneasler
|-damage|p2b: Corviknight|29/100|[from] Recoil
|
|win|Somekidjon
|raw|lux raymundi's rating: 1325 → 1300(-25 for losing)
|raw|Somekidjon's rating: 1227 → 1259(+32 for winning)
