|j|☆masterhax3
|j|☆Descugi
|html|masterhax3Descugi    
|uhtml|bestof|Game 2 of a best-of-3
|t:|1756741950
|gametype|doubles
|player|p1|masterhax3|scientist-gen4dp|1065
|player|p2|Descugi|101|1077
|gen|9
|tier|[Gen 9] VGC 2025 Reg H (Bo3)
|rated|
|rule|Species Clause: Limit one of each Pokémon
|rule|Item Clause: Limit 1 of each item
|clearpoke
|poke|p1|Incineroar, L50, M|
|poke|p1|Porygon2, L50|
|poke|p1|Ursaluna, L50, F|
|poke|p1|Vivillon-Polar, L50, F|
|poke|p1|Gholdengo, L50|
|poke|p1|Sneasler, L50, M|
|poke|p2|Corviknight, L50, M|
|poke|p2|Garchomp, L50, M|
|poke|p2|Tyranitar, L50, M|
|poke|p2|Gholdengo, L50|
|poke|p2|Sneasler, L50, M|
|poke|p2|Incineroar, L50, M|
|teampreview|4
|showteam|p1|Incineroar||SafetyGoggles|Intimidate|FakeOut,FlareBlitz,KnockOff,PartingShot|||M|||50|,,,,,Ghost]Porygon2||Eviolite|Download|TeraBlast,IceBeam,TrickRoom,Recover||||||50|,,,,,Fighting]Ursaluna||FlameOrb|Guts|HeadlongRush,Facade,Earthquake,Protect|||F|||50|,,,,,Poison]Vivillon-Polar||FocusSash|CompoundEyes|Hurricane,SleepPowder,Tailwind,Protect|||F|||50|,,,,,Ghost]Gholdengo||LifeOrb|GoodasGold|MakeItRain,ShadowBall,NastyPlot,Protect||||||50|,,,,,Water]Sneasler||WhiteHerb|Unburden|CloseCombat,DireClaw,ThroatChop,Protect|||M|||50|,,,,,Dark
|showteam|p2|Corviknight||CovertCloak|MirrorArmor|BraveBird,Taunt,Roost,Tailwind|||M|||50|,,,,,Dragon]Garchomp||ClearAmulet|RoughSkin|Earthquake,DragonClaw,StompingTantrum,Protect|||M|||50|,,,,,Ground]Tyranitar||AssaultVest|SandStream|RockSlide,KnockOff,TeraBlast,LowKick|||M|||50|,,,,,Flying]Gholdengo||LifeOrb|GoodasGold|MakeItRain,ShadowBall,NastyPlot,Protect||||||50|,,,,,Water]Sneasler||WhiteHerb|Unburden|DireClaw,CloseCombat,Coaching,Protect|||M|||50|,,,,,Ghost]Incineroar||SitrusBerry|Intimidate|FlareBlitz,KnockOff,PartingShot,FakeOut|||M|||50|,,,,,Grass
|
|t:|1756741983
|teamsize|p1|4
|teamsize|p2|4
|start
|switch|p1a: Sneasler|Sneasler, L50, M|100/100
|switch|p1b: Vivillon|Vivillon-Polar, L50, F|100/100
|switch|p2a: Incineroar|Incineroar, L50, M|100/100
|switch|p2b: Gholdengo|Gholdengo, L50|100/100
|-ability|p2a: Incineroar|Intimidate|boost
|-unboost|p1a: Sneasler|atk|1
|-unboost|p1b: Vivillon|atk|1
|-enditem|p1a: Sneasler|White Herb
|-clearnegativeboost|p1a: Sneasler|[silent]
|turn|1
|
|t:|1756742002
|-terastallize|p2a: Incineroar|Grass
|move|p1a: Sneasler|Protect|p1a: Sneasler
|-singleturn|p1a: Sneasler|Protect
|move|p2b: Gholdengo|Protect|p2b: Gholdengo
|-singleturn|p2b: Gholdengo|Protect
|move|p1b: Vivillon|Sleep Powder|p2a: Incineroar
|-immune|p2a: Incineroar
|move|p2a: Incineroar|Parting Shot|p1a: Sneasler
|-activate|p1a: Sneasler|move: Protect
|
|upkeep
|turn|2
|
|t:|1756742016
|switch|p2b: Corviknight|Corviknight, L50, M|100/100
|-terastallize|p1a: Sneasler|Dark
|move|p1a: Sneasler|Throat Chop|p2b: Corviknight
|-damage|p2b: Corviknight|67/100
|move|p1b: Vivillon|Hurricane|p2a: Incineroar
|-supereffective|p2a: Incineroar
|-damage|p2a: Incineroar|17/100
|-enditem|p2a: Incineroar|Sitrus Berry|[eat]
|-heal|p2a: Incineroar|42/100|[from] item: Sitrus Berry
|move|p2a: Incineroar|Parting Shot|p1a: Sneasler
|-unboost|p1a: Sneasler|atk|1
|-unboost|p1a: Sneasler|spa|1
|
|t:|1756742031
|switch|p2a: Garchomp|Garchomp, L50, M|100/100|[from] Parting Shot
|
|upkeep
|turn|3
|
|t:|1756742042
|move|p2a: Garchomp|Protect|p2a: Garchomp
|-singleturn|p2a: Garchomp|Protect
|move|p1a: Sneasler|Close Combat|p2a: Garchomp
|-activate|p2a: Garchomp|move: Protect
|move|p1b: Vivillon|Sleep Powder|p2b: Corviknight
|-status|p2b: Corviknight|slp|[from] move: Sleep Powder
|cant|p2b: Corviknight|slp
|
|upkeep
|turn|4
|
|t:|1756742061
|switch|p2a: Gholdengo|Gholdengo, L50|100/100
|move|p1a: Sneasler|Close Combat|p2a: Gholdengo
|-immune|p2a: Gholdengo
|move|p1b: Vivillon|Tailwind|p1b: Vivillon
|-sidestart|p1: masterhax3|move: Tailwind
|-curestatus|p2b: Corviknight|slp|[msg]
|move|p2b: Corviknight|Taunt|p1b: Vivillon
|-start|p1b: Vivillon|move: Taunt
|
|upkeep
|turn|5
|
|t:|1756742076
|switch|p2a: Incineroar|Incineroar, L50, M, tera:Grass|42/100
|-ability|p2a: Incineroar|Intimidate|boost
|-unboost|p1a: Sneasler|atk|1
|-unboost|p1b: Vivillon|atk|1
|move|p1a: Sneasler|Close Combat|p2b: Corviknight
|-damage|p2b: Corviknight|43/100
|-unboost|p1a: Sneasler|def|1
|-unboost|p1a: Sneasler|spd|1
|move|p1b: Vivillon|Hurricane|p2b: Corviknight
|-resisted|p2b: Corviknight
|-damage|p2b: Corviknight|23/100
|move|p2b: Corviknight|Tailwind|p2b: Corviknight
|-sidestart|p2: Descugi|move: Tailwind
|
|upkeep
|turn|6
|
|t:|1756742107
|switch|p1b: Porygon2|Porygon2, L50|100/100
|-ability|p1b: Porygon2|Download|boost
|-boost|p1b: Porygon2|spa|1
|move|p2a: Incineroar|Fake Out|p1a: Sneasler
|-damage|p1a: Sneasler|71/100
|cant|p1a: Sneasler|flinch
|move|p2b: Corviknight|Brave Bird|p1b: Porygon2
|-damage|p1b: Porygon2|72/100
|-damage|p2b: Corviknight|14/100|[from] Recoil
|
|upkeep
|turn|7
|
|t:|1756742132
|switch|p2b: Gholdengo|Gholdengo, L50|100/100
|move|p1a: Sneasler|Close Combat|p2b: Gholdengo
|-immune|p2b: Gholdengo
|move|p1b: Porygon2|Ice Beam|p2a: Incineroar
|-supereffective|p2a: Incineroar
|-damage|p2a: Incineroar|0 fnt
|faint|p2a: Incineroar
|
|-sideend|p1: masterhax3|move: Tailwind
|upkeep
|j| T-Soro
|l| T-Soro
|
|t:|1756742143
|switch|p2a: Garchomp|Garchomp, L50, M|100/100
|turn|8
|
|t:|1756742158
|switch|p2b: Corviknight|Corviknight, L50, M|14/100
|move|p1a: Sneasler|Throat Chop|p2b: Corviknight
|-damage|p2b: Corviknight|0 fnt
|faint|p2b: Corviknight
|move|p2a: Garchomp|Earthquake|p1a: Sneasler|[spread] p1a,p1b
|-damage|p1a: Sneasler|0 fnt
|-damage|p1b: Porygon2|45/100
|faint|p1a: Sneasler
|move|p1b: Porygon2|Recover|p1b: Porygon2
|-heal|p1b: Porygon2|95/100
|
|-sideend|p2: Descugi|move: Tailwind
|upkeep
|
|t:|1756742176
|switch|p1a: Vivillon|Vivillon-Polar, L50, F|100/100
|switch|p2b: Gholdengo|Gholdengo, L50|100/100
|turn|9
|
|t:|1756742192
|switch|p1b: Gholdengo|Gholdengo, L50|100/100
|move|p2a: Garchomp|Dragon Claw|p1a: Vivillon
|-damage|p1a: Vivillon|23/100
|move|p1a: Vivillon|Tailwind|p1a: Vivillon
|-sidestart|p1: masterhax3|move: Tailwind
|move|p2b: Gholdengo|Make It Rain|p1b: Gholdengo|[spread] p1a,p1b
|-resisted|p1b: Gholdengo
|-damage|p1a: Vivillon|0 fnt
|-damage|p1b: Gholdengo|65/100
|-unboost|p2b: Gholdengo|spa|1
|faint|p1a: Vivillon
|-damage|p2b: Gholdengo|91/100|[from] item: Life Orb
|
|upkeep
|
|t:|1756742208
|switch|p1a: Porygon2|Porygon2, L50|95/100
|-ability|p1a: Porygon2|Download|boost
|-boost|p1a: Porygon2|spa|1
|turn|10
|
|t:|1756742216
|move|p1b: Gholdengo|Shadow Ball|p2b: Gholdengo
|-supereffective|p2b: Gholdengo
|-damage|p2b: Gholdengo|0 fnt
|faint|p2b: Gholdengo
|-damage|p1b: Gholdengo|55/100|[from] item: Life Orb
|move|p1a: Porygon2|Ice Beam|p2a: Garchomp
|-supereffective|p2a: Garchomp
|-damage|p2a: Garchomp|0 fnt
|faint|p2a: Garchomp
|
|win|masterhax3
|raw|masterhax3's rating: 1065 → 1096(+31 for winning)
|raw|Descugi's rating: 1077 → 1055(-22 for losing)
