|j|☆platanoso
|j|☆Schnignodakla
|html|platanosoSchnignodakla    
|uhtml|bestof|Game 2 of a best-of-3
|t:|1785869393
|gametype|doubles
|player|p1|platanoso|madame-gen4|1191
|player|p2|Schnignodakla|bugcatcher-gen4dp|1074
|gen|9
|tier|[Gen 9 Champions] VGC 2026 Reg M-B (Bo3)
|rated|
|rule|Species Clause: Limit one of each Pokémon
|rule|Item Clause: Limit 1 of each item
|clearpoke
|poke|p1|Floette-Eternal, L50, F|
|poke|p1|Sneasler, L50, F|
|poke|p1|Incineroar, L50, F|
|poke|p1|Sinistcha, L50|
|poke|p1|Delphox, L50, M|
|poke|p1|Garchomp, L50, F|
|poke|p2|Mawile, L50, M|
|poke|p2|Farigiraf, L50, M|
|poke|p2|Sceptile, L50, F|
|poke|p2|Rotom-Heat, L50|
|poke|p2|Kangaskhan, L50, F|
|poke|p2|Basculegion, L50, M|
|teampreview|4
|showteam|p1|Floette-Eternal||Floettite|FlowerVeil|DazzlingGleam,DrainingKiss,CalmMind,Protect|Modest||F|||50|]Sneasler||FocusSash|PoisonTouch|CloseCombat,PoisonJab,FakeOut,Protect|Jolly||F|||50|]Incineroar||SitrusBerry|Intimidate|FlareBlitz,DarkestLariat,PartingShot,FakeOut|Impish||F|||50|]Sinistcha||OccaBerry|Hospitality|MatchaGotcha,RagePowder,TrickRoom,Protect|Bold|||||50|]Delphox||Delphoxite|Blaze|HeatWave,Psychic,NastyPlot,Protect|Modest||M|||50|]Garchomp||ChoiceScarf|RoughSkin|DragonClaw,StompingTantrum,Earthquake,RockSlide|Adamant||F|||50|
|showteam|p2|Mawile||Mawilite|Intimidate|PlayRough,KnockOff,Protect,IronHead|Adamant||M|||50|]Farigiraf||SitrusBerry|ArmorTail|TrickRoom,HelpingHand,Thunderbolt,PsychicNoise|Calm||M|||50|]Sceptile||Sceptilite|Overgrow|EnergyBall,DragonPulse,EarthPower,Detect|Timid||F|||50|]Rotom-Heat||ChoiceScarf|Levitate|Discharge,ShadowBall,Electroweb,VoltSwitch|Timid|||||50|]Kangaskhan||SilkScarf|Scrappy|FakeOut,LastResort|Brave||F|||50|]Basculegion||LifeOrb|Adaptability|WaveCrash,AquaJet,LastRespects,FlipTurn|Brave||M|||50|
|
|t:|1785869434
|teamsize|p1|4
|teamsize|p2|4
|start
|switch|p1a: Incineroar|Incineroar, L50, F|100/100
|switch|p1b: Delphox|Delphox, L50, M|100/100
|switch|p2a: Sceptile|Sceptile, L50, F|100/100
|switch|p2b: Rotom|Rotom-Heat, L50|100/100
|-ability|p1a: Incineroar|Intimidate|boost
|-unboost|p2a: Sceptile|atk|1
|-unboost|p2b: Rotom|atk|1
|turn|1
|
|t:|1785869456
|switch|p2a: Farigiraf|Farigiraf, L50, M|100/100
|detailschange|p1b: Delphox|Delphox-Mega, L50, M
|-mega|p1b: Delphox|Delphox|Delphoxite
|move|p1a: Incineroar|Fake Out||[still]
|cant|p2a: Farigiraf|ability: Armor Tail|Fake Out|[of] p1a: Incineroar
|move|p2b: Rotom|Shadow Ball|p1b: Delphox
|-supereffective|p1b: Delphox|1
|-damage|p1b: Delphox|50/100g
|move|p1b: Delphox|Nasty Plot|p1b: Delphox
|-boost|p1b: Delphox|spa|2
|
|upkeep
|turn|2
|
|t:|1785869488
|move|p1b: Delphox|Protect|p1b: Delphox
|-singleturn|p1b: Delphox|Protect
|move|p2b: Rotom|Shadow Ball|p1b: Delphox
|-activate|p1b: Delphox|move: Protect
|move|p1a: Incineroar|Parting Shot|p2b: Rotom
|-unboost|p2b: Rotom|atk|1
|-unboost|p2b: Rotom|spa|1
|
|t:|1785869496
|switch|p1a: Sinistcha|Sinistcha, L50|100/100|[from] Parting Shot
|-heal|p1b: Delphox|75/100|[from] ability: Hospitality|[of] p1a: Sinistcha
|move|p2a: Farigiraf|Trick Room|p2a: Farigiraf
|-fieldstart|move: Trick Room|[of] p2a: Farigiraf
|
|upkeep
|turn|3
|
|t:|1785869511
|move|p2a: Farigiraf|Psychic Noise|p1a: Sinistcha
|-damage|p1a: Sinistcha|71/100
|-start|p1a: Sinistcha|move: Heal Block
|move|p1b: Delphox|Psychic|p2b: Rotom
|-damage|p2b: Rotom|0 fnt
|faint|p2b: Rotom
|move|p1a: Sinistcha|Trick Room|p1a: Sinistcha
|-fieldend|move: Trick Room
|
|upkeep
|
|t:|1785869521
|switch|p2b: Basculegion|Basculegion, L50, M|100/100
|turn|4
|
|t:|1785869538
|move|p1a: Sinistcha|Rage Powder|p1a: Sinistcha
|-singleturn|p1a: Sinistcha|move: Rage Powder
|move|p1b: Delphox|Psychic|p2b: Basculegion
|-damage|p2b: Basculegion|0 fnt
|faint|p2b: Basculegion
|move|p2a: Farigiraf|Trick Room|p2a: Farigiraf
|-fieldstart|move: Trick Room|[of] p2a: Farigiraf
|
|-end|p1a: Sinistcha|move: Heal Block
|upkeep
|
|t:|1785869546
|switch|p2b: Sceptile|Sceptile, L50, F|100/100
|turn|5
|
|t:|1785869577
|switch|p1a: Incineroar|Incineroar, L50, F|100/100
|-ability|p1a: Incineroar|Intimidate|boost
|-unboost|p2a: Farigiraf|atk|1
|-unboost|p2b: Sceptile|atk|1
|move|p2a: Farigiraf|Psychic Noise|p1a: Incineroar
|-immune|p1a: Incineroar
|move|p2b: Sceptile|Dragon Pulse|p1a: Incineroar
|-damage|p1a: Incineroar|78/100
|move|p1b: Delphox|Heat Wave|p2a: Farigiraf|[spread] p2a,p2b
|-supereffective|p2b: Sceptile|1
|-damage|p2a: Farigiraf|31/100
|-damage|p2b: Sceptile|0 fnt
|-status|p2a: Farigiraf|brn
|-enditem|p2a: Farigiraf|Sitrus Berry|[eat]
|-heal|p2a: Farigiraf|55/100 brn|[from] item: Sitrus Berry
|faint|p2b: Sceptile
|
|-damage|p2a: Farigiraf|49/100 brn|[from] brn
|upkeep
|turn|6
|c|☆Schnignodakla|Gg
|c|☆platanoso|GGs!
|-message|Schnignodakla forfeited.
|
|win|platanoso
