|j|☆ianne wildfyre
|j|☆WashYoButt
|html|ianne wildfyreWashYoButt    
|uhtml|bestof|Game 1 of a best-of-3
|t:|1757700364
|gametype|doubles
|player|p1|ianne wildfyre|ingo|1127
|player|p2|WashYoButt|ariana|1142
|gen|9
|tier|[Gen 9] VGC 2025 Reg H (Bo3)
|rated|
|rule|Species Clause: Limit one of each Pokémon
|rule|Item Clause: Limit 1 of each item
|clearpoke
|poke|p1|Reuniclus, L50, F|
|poke|p1|Tyranitar, L50, F|
|poke|p1|Indeedee-F, L50, F|
|poke|p1|Sneasler, L50, F|
|poke|p1|Primarina, L50, F|
|poke|p1|Ursaluna, L50, M|
|poke|p2|Gholdengo, L50|
|poke|p2|Basculegion, L50, M|
|poke|p2|Amoonguss, L50, M|
|poke|p2|Kommo-o, L50, F|
|poke|p2|Ninetales-Alola, L50, F|
|poke|p2|Incineroar, L50, M|
|teampreview|4
|showteam|p1|Reuniclus||LifeOrb|MagicGuard|ExpandingForce,FocusBlast,TrickRoom,Protect|||F|||50|,,,,,Water]Tyranitar||AssaultVest|SandStream|RockSlide,KnockOff,TeraBlast,LowKick|||F|||50|,,,,,Flying]Indeedee-F||SafetyGoggles|PsychicSurge|Psychic,FollowMe,HelpingHand,TrickRoom|||F|||50|,,,,,Fairy]Sneasler||PsychicSeed|Unburden|ThroatChop,CloseCombat,DireClaw,Protect|||F|||50|,,,,,Dark]Primarina||SitrusBerry|LiquidVoice|HyperVoice,Moonblast,Haze,Protect|||F|||50|,,,,,Water]Ursaluna||FlameOrb|Guts|Facade,Earthquake,HeadlongRush,Protect|||M|||50|,,,,,Ghost
|showteam|p2|Gholdengo||LifeOrb|GoodasGold|Protect,NastyPlot,ShadowBall,MakeItRain||||||50|,,,,,Water]Basculegion||ChoiceScarf|Adaptability|WaveCrash,LastRespects,AquaJet,FlipTurn|||M|||50|,,,,,Grass]Amoonguss||RockyHelmet|Regenerator|Spore,PollenPuff,RagePowder,ClearSmog|||M|||50|,,,,,Water]Kommo-o||Leftovers|Bulletproof|IronDefense,BodyPress,Flamethrower,Protect|||F|||50|,,,,,Fire]Ninetales-Alola||FocusSash|SnowWarning|Protect,Moonblast,Blizzard,Encore|||F|||50|,,,,,Ghost]Incineroar||SafetyGoggles|Intimidate|KnockOff,FlareBlitz,FakeOut,PartingShot|||M|||50|,,,,,Ghost
|
|t:|1757700408
|teamsize|p1|4
|teamsize|p2|4
|start
|switch|p1a: Indeedee|Indeedee-F, L50, F|100/100
|switch|p1b: Sneasler|Sneasler, L50, F, shiny|100/100
|switch|p2a: Incineroar|Incineroar, L50, M|100/100
|switch|p2b: Basculegion|Basculegion, L50, M|100/100
|-fieldstart|move: Psychic Terrain|[from] ability: Psychic Surge|[of] p1a: Indeedee
|-enditem|p1b: Sneasler|Psychic Seed
|-boost|p1b: Sneasler|spd|1|[from] item: Psychic Seed
|-ability|p2a: Incineroar|Intimidate|boost
|-unboost|p1a: Indeedee|atk|1
|-unboost|p1b: Sneasler|atk|1
|turn|1
|
|t:|1757700431
|move|p1b: Sneasler|Throat Chop|p2b: Basculegion
|-supereffective|p2b: Basculegion
|-damage|p2b: Basculegion|52/100
|-start|p2b: Basculegion|Throat Chop|[silent]
|move|p2b: Basculegion|Flip Turn|p1b: Sneasler
|-damage|p1b: Sneasler|30/100
|inactive|Battle timer is ON: inactive players will automatically lose when time's up. (requested by WashYoButt)
|
|t:|1757700440
|switch|p2b: Ninetales|Ninetales-Alola, L50, F|100/100|[from] Flip Turn
|-weather|Snowscape|[from] ability: Snow Warning|[of] p2b: Ninetales
|move|p2a: Incineroar|Knock Off|p1a: Indeedee
|-supereffective|p1a: Indeedee
|-damage|p1a: Indeedee|29/100
|-enditem|p1a: Indeedee|Safety Goggles|[from] move: Knock Off|[of] p2a: Incineroar
|move|p1a: Indeedee|Trick Room|p1a: Indeedee
|-fieldstart|move: Trick Room|[of] p1a: Indeedee
|
|-weather|Snowscape|[upkeep]
|upkeep
|turn|2
|
|t:|1757700465
|switch|p1b: Tyranitar|Tyranitar, L50, F, shiny|100/100
|-weather|Sandstorm|[from] ability: Sand Stream|[of] p1b: Tyranitar
|move|p1a: Indeedee|Follow Me|p1a: Indeedee
|-singleturn|p1a: Indeedee|move: Follow Me
|move|p2a: Incineroar|Knock Off|p1a: Indeedee
|-supereffective|p1a: Indeedee
|-damage|p1a: Indeedee|0 fnt
|faint|p1a: Indeedee
|move|p2b: Ninetales|Blizzard|p1b: Tyranitar
|-damage|p1b: Tyranitar|82/100
|
|-weather|Sandstorm|[upkeep]
|-damage|p2b: Ninetales|94/100|[from] Sandstorm
|upkeep
|
|t:|1757700474
|switch|p1a: Reuniclus|Reuniclus, L50, F|100/100
|turn|3
|
|t:|1757700490
|switch|p2b: Gholdengo|Gholdengo, L50|100/100
|move|p1a: Reuniclus|Expanding Force|p2b: Gholdengo|[spread] p2b
|-immune|p2a: Incineroar
|-resisted|p2b: Gholdengo
|-damage|p2b: Gholdengo|50/100
|move|p2a: Incineroar|Parting Shot|p1b: Tyranitar
|-unboost|p1b: Tyranitar|atk|1
|-unboost|p1b: Tyranitar|spa|1
|
|t:|1757700498
|switch|p2a: Ninetales|Ninetales-Alola, L50, F|94/100|[from] Parting Shot
|-weather|Snowscape|[from] ability: Snow Warning|[of] p2a: Ninetales
|move|p1b: Tyranitar|Rock Slide|p2a: Ninetales|[spread] p2a,p2b
|-supereffective|p2a: Ninetales
|-resisted|p2b: Gholdengo
|-damage|p2a: Ninetales|49/100
|-damage|p2b: Gholdengo|38/100
|
|-weather|Snowscape|[upkeep]
|upkeep
|turn|4
|
|t:|1757700517
|switch|p2a: Incineroar|Incineroar, L50, M|100/100
|-ability|p2a: Incineroar|Intimidate|boost
|-unboost|p1a: Reuniclus|atk|1
|-unboost|p1b: Tyranitar|atk|1
|move|p2b: Gholdengo|Protect|p2b: Gholdengo
|-singleturn|p2b: Gholdengo|Protect
|move|p1a: Reuniclus|Expanding Force|p2a: Incineroar|[spread] 
|-activate|p2b: Gholdengo|move: Protect
|-immune|p2a: Incineroar
|move|p1b: Tyranitar|Rock Slide|p2b: Gholdengo|[spread] p2a
|-activate|p2b: Gholdengo|move: Protect
|-supereffective|p2a: Incineroar
|-damage|p2a: Incineroar|74/100
|
|-weather|Snowscape|[upkeep]
|upkeep
|turn|5
|
|t:|1757700547
|switch|p1b: Sneasler|Sneasler, L50, F, shiny|30/100
|-terastallize|p1a: Reuniclus|Water
|move|p1a: Reuniclus|Expanding Force|p2a: Incineroar|[spread] p2b
|-immune|p2a: Incineroar
|-resisted|p2b: Gholdengo
|-damage|p2b: Gholdengo|0 fnt
|faint|p2b: Gholdengo
|move|p2a: Incineroar|Knock Off|p1a: Reuniclus
|-damage|p1a: Reuniclus|60/100
|-enditem|p1a: Reuniclus|Life Orb|[from] move: Knock Off|[of] p2a: Incineroar
|
|-weather|Snowscape|[upkeep]
|-fieldend|move: Trick Room
|-fieldend|move: Psychic Terrain
|upkeep
|
|t:|1757700562
|switch|p2b: Ninetales|Ninetales-Alola, L50, F|49/100
|turn|6
|inactive|ianne wildfyre has 30 seconds left.
|
|t:|1757700595
|switch|p1b: Tyranitar|Tyranitar, L50, F, shiny|82/100
|-weather|Sandstorm|[from] ability: Sand Stream|[of] p1b: Tyranitar
|move|p2b: Ninetales|Protect|p2b: Ninetales
|-singleturn|p2b: Ninetales|Protect
|move|p2a: Incineroar|Knock Off|p1b: Tyranitar
|-resisted|p1b: Tyranitar
|-damage|p1b: Tyranitar|65/100
|-enditem|p1b: Tyranitar|Assault Vest|[from] move: Knock Off|[of] p2a: Incineroar
|move|p1a: Reuniclus|Trick Room|p1a: Reuniclus
|-fieldstart|move: Trick Room|[of] p1a: Reuniclus
|
|-weather|Sandstorm|[upkeep]
|-damage|p2b: Ninetales|43/100|[from] Sandstorm
|upkeep
|turn|7
|
|t:|1757700615
|switch|p2b: Basculegion|Basculegion, L50, M|52/100
|move|p1a: Reuniclus|Focus Blast|p2a: Incineroar|[miss]
|-miss|p1a: Reuniclus|p2a: Incineroar
|move|p2a: Incineroar|Flare Blitz|p1a: Reuniclus
|-resisted|p1a: Reuniclus
|-damage|p1a: Reuniclus|35/100
|-damage|p2a: Incineroar|65/100|[from] Recoil
|move|p1b: Tyranitar|Rock Slide|p2b: Basculegion|[spread] p2a,p2b
|-supereffective|p2a: Incineroar
|-damage|p2a: Incineroar|14/100
|-damage|p2b: Basculegion|10/100
|
|-weather|Sandstorm|[upkeep]
|-damage|p2b: Basculegion|4/100|[from] Sandstorm
|upkeep
|turn|8
|
|t:|1757700630
|switch|p2b: Ninetales|Ninetales-Alola, L50, F|43/100
|-weather|Snowscape|[from] ability: Snow Warning|[of] p2b: Ninetales
|move|p1a: Reuniclus|Expanding Force|p2b: Ninetales
|-damage|p2b: Ninetales|0 fnt
|faint|p2b: Ninetales
|move|p2a: Incineroar|Knock Off|p1a: Reuniclus
|-damage|p1a: Reuniclus|9/100
|move|p1b: Tyranitar|Rock Slide|p2a: Incineroar
|-supereffective|p2a: Incineroar
|-damage|p2a: Incineroar|0 fnt
|faint|p2a: Incineroar
|
|-weather|Snowscape|[upkeep]
|upkeep
|
|t:|1757700639
|switch|p2a: Basculegion|Basculegion, L50, M|4/100
|turn|9
|
|t:|1757700649
|move|p2a: Basculegion|Aqua Jet|p1a: Reuniclus
|-resisted|p1a: Reuniclus
|-damage|p1a: Reuniclus|0 fnt
|faint|p1a: Reuniclus
|move|p1b: Tyranitar|Knock Off|p2a: Basculegion
|-supereffective|p2a: Basculegion
|-damage|p2a: Basculegion|0 fnt
|-enditem|p2a: Basculegion|Choice Scarf|[from] move: Knock Off|[of] p1b: Tyranitar
|faint|p2a: Basculegion
|
|win|ianne wildfyre
||WashYoButt is ready for game 2.
||ianne wildfyre is ready for game 2.
|uhtml|next|Next: Game 2 of 3
