|j|☆dugvgc
|j|☆bobak dotto
|html|dugvgcbobak dotto    
|uhtml|bestof|Game 3 of a best-of-3
|t:|1783693456
|gametype|doubles
|player|p1|dugvgc|koga|1286
|player|p2|bobak dotto|266|1175
|gen|9
|tier|[Gen 9 Champions] VGC 2026 Reg M-B (Bo3)
|rated|
|rule|Species Clause: Limit one of each Pokémon
|rule|Item Clause: Limit 1 of each item
|clearpoke
|poke|p1|Charizard, L50, M|
|poke|p1|Aerodactyl, L50, F|
|poke|p1|Sylveon, L50, F|
|poke|p1|Farigiraf, L50, F|
|poke|p1|Garchomp, L50, M|
|poke|p1|Kingambit, L50, F|
|poke|p2|Dragonite, L50, M|
|poke|p2|Gholdengo, L50|
|poke|p2|Pelipper, L50, F|
|poke|p2|Archaludon, L50, M|
|poke|p2|Lopunny, L50, F|
|poke|p2|Swampert, L50, F|
|teampreview|4
|showteam|p1|Charizard||CharizarditeY|Blaze|HeatWave,WeatherBall,SolarBeam,Protect|Modest||M|||50|]Aerodactyl||Aerodactylite|Unnerve|RockSlide,DualWingbeat,IceFang,Tailwind|Jolly||F|||50|]Sylveon||FairyFeather|Pixilate|HyperVoice,HyperBeam,QuickAttack,Detect|Modest||F|||50|]Farigiraf||SitrusBerry|ArmorTail|TwinBeam,Thunderbolt,TrickRoom,Protect|Relaxed||F|||50|]Garchomp||LifeOrb|RoughSkin|Earthquake,RockSlide,DragonClaw,Protect|Jolly||M|||50|]Kingambit||FocusSash|Defiant|IronHead,KowtowCleave,SuckerPunch,LowKick|Adamant||F|||50|
|showteam|p2|Dragonite||MentalHerb|Multiscale|Tailwind,ScaleShot,Haze,Protect|Jolly||M|||50|]Gholdengo||LifeOrb|GoodasGold|MakeItRain,ShadowBall,PowerGem,Protect|Modest|||||50|]Pelipper||FocusSash|Drizzle|WeatherBall,Hurricane,Tailwind,WideGuard|Timid||F|||50|]Archaludon||Leftovers|Stamina|ElectroShot,DragonPulse,FlashCannon,Protect|Calm||M|||50|]Lopunny||Lopunnite|CuteCharm|CloseCombat,TripleAxel,FakeOut,Encore|Jolly||F|||50|]Swampert||Swampertite|Torrent|WaveCrash,Earthquake,IcePunch,Protect|Jolly||F|||50|
|
|t:|1783693473
|teamsize|p1|4
|teamsize|p2|4
|start
|switch|p1a: Farigiraf|Farigiraf, L50, F|100/100
|switch|p1b: Sylveon|Sylveon, L50, F|100/100
|switch|p2a: Pelipper|Pelipper, L50, F|100/100
|switch|p2b: Archaludon|Archaludon, L50, M|100/100
|-weather|RainDance|[from] ability: Drizzle|[of] p2a: Pelipper
|turn|1
|inactive|Battle timer is ON: inactive players will automatically lose when time's up. (requested by bobak dotto)
|
|t:|1783693490
|move|p1b: Sylveon|Detect|p1b: Sylveon
|-singleturn|p1b: Sylveon|Protect
|move|p2b: Archaludon|Electro Shot||[still]
|-prepare|p2b: Archaludon|Electro Shot
|-boost|p2b: Archaludon|spa|1
|-anim|p2b: Archaludon|Electro Shot|p1b: Sylveon
|-activate|p1b: Sylveon|move: Protect
|move|p2a: Pelipper|Weather Ball|p1b: Sylveon
|-activate|p1b: Sylveon|move: Protect
|move|p1a: Farigiraf|Trick Room|p1a: Farigiraf
|-fieldstart|move: Trick Room|[of] p1a: Farigiraf
|
|-weather|RainDance|[upkeep]
|upkeep
|turn|2
|
|t:|1783693501
|switch|p2a: Swampert|Swampert, L50, F|100/100
|move|p2b: Archaludon|Protect|p2b: Archaludon
|-singleturn|p2b: Archaludon|Protect
|move|p1a: Farigiraf|Thunderbolt|p2a: Swampert
|-immune|p2a: Swampert
|move|p1b: Sylveon|Hyper Beam|p2b: Archaludon
|-activate|p2b: Archaludon|move: Protect
|
|-weather|RainDance|[upkeep]
|upkeep
|turn|3
|inactive|bobak dotto has 30 seconds left.
|
|t:|1783693526
|switch|p2b: Pelipper|Pelipper, L50, F|100/100
|detailschange|p2a: Swampert|Swampert-Mega, L50, F
|-mega|p2a: Swampert|Swampert|Swampertite
|move|p1a: Farigiraf|Twin Beam|p2a: Swampert
|-damage|p2a: Swampert|85/100
|-damage|p2a: Swampert|70/100
|-hitcount|p2a: Swampert|2
|move|p1b: Sylveon|Hyper Beam|p2a: Swampert
|-damage|p2a: Swampert|0 fnt
|-mustrecharge|p1b: Sylveon
|faint|p2a: Swampert
|
|-weather|RainDance|[upkeep]
|upkeep
|
|t:|1783693537
|switch|p2a: Archaludon|Archaludon, L50, M|100/100
|turn|4
|
|t:|1783693542
|move|p1a: Farigiraf|Thunderbolt|p2b: Pelipper
|-supereffective|p2b: Pelipper|2
|-enditem|p2b: Pelipper|Focus Sash
|-damage|p2b: Pelipper|1/100
|cant|p1b: Sylveon|recharge
|move|p2b: Pelipper|Weather Ball|p1b: Sylveon
|-damage|p1b: Sylveon|44/100
|move|p2a: Archaludon|Electro Shot||[still]
|-prepare|p2a: Archaludon|Electro Shot
|-boost|p2a: Archaludon|spa|1
|-anim|p2a: Archaludon|Electro Shot|p1b: Sylveon
|-damage|p1b: Sylveon|1/100
|
|-weather|RainDance|[upkeep]
|upkeep
|turn|5
|
|t:|1783693558
|switch|p2b: Lopunny|Lopunny, L50, F|100/100
|move|p2a: Archaludon|Protect|p2a: Archaludon
|-singleturn|p2a: Archaludon|Protect
|move|p1a: Farigiraf|Thunderbolt|p2b: Lopunny
|-damage|p2b: Lopunny|69/100
|move|p1b: Sylveon|Hyper Beam|p2a: Archaludon
|-activate|p2a: Archaludon|move: Protect
|
|-weather|none
|-fieldend|move: Trick Room
|upkeep
|turn|6
|
|t:|1783693581
|switch|p2b: Pelipper|Pelipper, L50, F|1/100
|-weather|RainDance|[from] ability: Drizzle|[of] p2b: Pelipper
|move|p2a: Archaludon|Electro Shot||[still]
|-prepare|p2a: Archaludon|Electro Shot
|-boost|p2a: Archaludon|spa|1
|-anim|p2a: Archaludon|Electro Shot|p1a: Farigiraf
|-crit|p1a: Farigiraf
|-damage|p1a: Farigiraf|0 fnt
|faint|p1a: Farigiraf
|move|p1b: Sylveon|Hyper Voice|p2b: Pelipper|[spread] p2a,p2b
|-damage|p2a: Archaludon|41/100
|-damage|p2b: Pelipper|0 fnt
|-ability|p2a: Archaludon|Stamina|boost
|-boost|p2a: Archaludon|def|1
|faint|p2b: Pelipper
|
|-weather|RainDance|[upkeep]
|-heal|p2a: Archaludon|46/100|[from] item: Leftovers
|upkeep
|
|t:|1783693594
|switch|p2b: Lopunny|Lopunny, L50, F|69/100
|switch|p1a: Charizard|Charizard, L50, M|100/100
|turn|7
|inactive|bobak dotto has 30 seconds left.
|
|t:|1783693620
|detailschange|p1a: Charizard|Charizard-Mega-Y, L50, M
|-mega|p1a: Charizard|Charizard|Charizardite Y
|-weather|SunnyDay|[from] ability: Drought|[of] p1a: Charizard
|move|p1a: Charizard|Protect|p1a: Charizard
|-singleturn|p1a: Charizard|Protect
|move|p1b: Sylveon|Detect|p1b: Sylveon
|-singleturn|p1b: Sylveon|Protect
|move|p2b: Lopunny|Fake Out|p1a: Charizard
|-activate|p1a: Charizard|move: Protect
|move|p2a: Archaludon|Dragon Pulse|p1a: Charizard
|-activate|p1a: Charizard|move: Protect
|
|-weather|SunnyDay|[upkeep]
|-heal|p2a: Archaludon|52/100|[from] item: Leftovers
|upkeep
|turn|8
|
|t:|1783693637
|move|p2b: Lopunny|Encore|p1a: Charizard
|-start|p1a: Charizard|Encore
|move|p1a: Charizard|Protect||[still]
|-fail|p1a: Charizard
|move|p2a: Archaludon|Flash Cannon|p1b: Sylveon
|-supereffective|p1b: Sylveon|1
|-damage|p1b: Sylveon|0 fnt
|faint|p1b: Sylveon
|
|-weather|SunnyDay|[upkeep]
|-heal|p2a: Archaludon|58/100|[from] item: Leftovers
|upkeep
|
|t:|1783693642
|switch|p1b: Kingambit|Kingambit, L50, F|100/100
|turn|9
|
|t:|1783693666
|move|p1a: Charizard|Protect|p1a: Charizard
|-singleturn|p1a: Charizard|Protect
|move|p1b: Kingambit|Sucker Punch|p2b: Lopunny
|-damage|p2b: Lopunny|6/100
|move|p2b: Lopunny|Close Combat|p1b: Kingambit
|-supereffective|p1b: Kingambit|2
|-enditem|p1b: Kingambit|Focus Sash
|-damage|p1b: Kingambit|1/100
|-unboost|p2b: Lopunny|def|1
|-unboost|p2b: Lopunny|spd|1
|move|p2a: Archaludon|Dragon Pulse|p1b: Kingambit
|-resisted|p1b: Kingambit|1
|-damage|p1b: Kingambit|0 fnt
|faint|p1b: Kingambit
|
|-weather|SunnyDay|[upkeep]
|-heal|p2a: Archaludon|64/100|[from] item: Leftovers
|upkeep
|turn|10
|
|t:|1783693678
|move|p1a: Charizard|Protect||[still]
|-fail|p1a: Charizard
|move|p2b: Lopunny|Close Combat|p1a: Charizard
|-resisted|p1a: Charizard|1
|-damage|p1a: Charizard|86/100
|-unboost|p2b: Lopunny|def|1
|-unboost|p2b: Lopunny|spd|1
|move|p2a: Archaludon|Dragon Pulse|p1a: Charizard
|-damage|p1a: Charizard|21/100
|
|-weather|SunnyDay|[upkeep]
|-heal|p2a: Archaludon|70/100|[from] item: Leftovers
|-end|p1a: Charizard|Encore
|upkeep
|turn|11
|
|t:|1783693692
|move|p2b: Lopunny|Encore|p1a: Charizard
|-start|p1a: Charizard|Encore
|move|p1a: Charizard|Protect|p1a: Charizard
|-singleturn|p1a: Charizard|Protect
|move|p2a: Archaludon|Dragon Pulse|p1a: Charizard
|-activate|p1a: Charizard|move: Protect
|
|-weather|none
|-heal|p2a: Archaludon|75/100|[from] item: Leftovers
|upkeep
|turn|12
|-message|dugvgc forfeited.
|
|win|bobak dotto
|raw|dugvgc's rating: 1286 → 1253(-33 for losing)
|raw|bobak dotto's rating: 1175 → 1208(+33 for winning)
|l|☆dugvgc
|player|p1|
