|j|☆magic 561
|j|☆littlepotato13
|html|magic 561littlepotato13    
|uhtml|bestof|Game 1 of a best-of-3
|t:|1757848877
|gametype|doubles
|player|p1|magic 561|101|1306
|player|p2|littlepotato13|101|1269
|gen|9
|tier|[Gen 9] VGC 2025 Reg H (Bo3)
|rated|
|rule|Species Clause: Limit one of each Pokémon
|rule|Item Clause: Limit 1 of each item
|clearpoke
|poke|p1|Hydreigon, L50, M|
|poke|p1|Metagross, L50|
|poke|p1|Ninetales-Alola, L50, F|
|poke|p1|Basculegion, L50, M|
|poke|p1|Kilowattrel, L50, M|
|poke|p1|Incineroar, L50, M|
|poke|p2|Archaludon, L50, M|
|poke|p2|Rillaboom, L50, F|
|poke|p2|Basculegion, L50, M|
|poke|p2|Sneasler, L50, F|
|poke|p2|Pelipper, L50, F|
|poke|p2|Electabuzz, L50, M|
|teampreview|4
|showteam|p1|Hydreigon||LifeOrb|Levitate|DarkPulse,DracoMeteor,EarthPower,Protect|||M|||50|,,,,,Poison]Metagross||AssaultVest|ClearBody|BulletPunch,HeavySlam,PsychicFangs,HammerArm||||||50|,,,,,Water]Ninetales-Alola||NeverMeltIce|SnowWarning|Moonblast,IcyWind,Blizzard,Protect|||F|||50|,,,,,Ice]Basculegion||ChoiceScarf|Adaptability|WaveCrash,LastRespects,AquaJet,FlipTurn|||M|||50|,,,,,Grass]Kilowattrel||FocusSash|Competitive|Thunderbolt,AirSlash,Tailwind,Protect|||M|||50|,,,,,Ghost]Incineroar||SafetyGoggles|Intimidate|KnockOff,FlareBlitz,PartingShot,FakeOut|||M|||50|,,,,,Ghost
|showteam|p2|Archaludon||AssaultVest|Stamina|ElectroShot,DracoMeteor,FlashCannon,BodyPress|||M|||50|,,,,,Bug]Rillaboom||MiracleSeed|GrassySurge|WoodHammer,GrassyGlide,FakeOut,HighHorsepower|||F|||50|,,,,,Fire]Basculegion||ChoiceBand|SwiftSwim|WaveCrash,LastRespects,FlipTurn,AquaJet|||M|||50|,,,,,Grass]Sneasler||WhiteHerb|Unburden|Protect,ThroatChop,DireClaw,CloseCombat|||F|||50|,,,,,Dark]Pelipper||FocusSash|Drizzle|WeatherBall,Hurricane,Tailwind,Protect|||F|||50|,,,,,Ghost]Electabuzz||Eviolite|VitalSpirit|Protect,Taunt,FollowMe,Thunderbolt|||M|||50|,,,,,Dragon
|inactive|Battle timer is ON: inactive players will automatically lose when time's up. (requested by littlepotato13)
|inactive|magic 561 also wants the timer to be on.
|inactive|magic 561 has 60 seconds left.
|
|t:|1757848914
|teamsize|p1|4
|teamsize|p2|4
|start
|switch|p1a: Kilowattrel|Kilowattrel, L50, M|100/100
|switch|p1b: Basculegion|Basculegion, L50, M|100/100
|switch|p2a: Archaludon|Archaludon, L50, M|100/100
|switch|p2b: Sneasler|Sneasler, L50, F|100/100
|turn|1
|inactive|littlepotato13 has 30 seconds left.
|
|t:|1757848944
|switch|p2b: Pelipper|Pelipper, L50, F|100/100
|-weather|RainDance|[from] ability: Drizzle|[of] p2b: Pelipper
|move|p1b: Basculegion|Flip Turn|p2b: Pelipper
|-resisted|p2b: Pelipper
|-damage|p2b: Pelipper|64/100
|
|t:|1757848948
|switch|p1b: Ninetales|Ninetales-Alola, L50, F|100/100|[from] Flip Turn
|-weather|Snowscape|[from] ability: Snow Warning|[of] p1b: Ninetales
|move|p1a: Kilowattrel|Air Slash|p2b: Pelipper
|-damage|p2b: Pelipper|11/100
|move|p2a: Archaludon|Electro Shot||[still]
|-prepare|p2a: Archaludon|Electro Shot
|-boost|p2a: Archaludon|spa|1
|
|-weather|Snowscape|[upkeep]
|upkeep
|turn|2
|inactive|magic 561 has 30 seconds left.
|
|t:|1757848980
|switch|p2b: Sneasler|Sneasler, L50, F|100/100
|move|p1a: Kilowattrel|Thunderbolt|p2b: Sneasler
|-damage|p2b: Sneasler|45/100
|move|p1b: Ninetales|Blizzard|p2b: Sneasler|[spread] p2a,p2b
|-damage|p2a: Archaludon|68/100
|-damage|p2b: Sneasler|0 fnt
|-ability|p2a: Archaludon|Stamina|boost
|-boost|p2a: Archaludon|def|1
|faint|p2b: Sneasler
|move|p2a: Archaludon|Electro Shot|p1b: Ninetales|[from] lockedmove
|-damage|p1b: Ninetales|16/100
|
|-weather|Snowscape|[upkeep]
|upkeep
|
|t:|1757848993
|switch|p2b: Basculegion|Basculegion, L50, M|100/100
|turn|3
|
|t:|1757849016
|-terastallize|p2b: Basculegion|Grass
|move|p1a: Kilowattrel|Protect|p1a: Kilowattrel
|-singleturn|p1a: Kilowattrel|Protect
|move|p1b: Ninetales|Protect|p1b: Ninetales
|-singleturn|p1b: Ninetales|Protect
|move|p2b: Basculegion|Aqua Jet|p1b: Ninetales
|-activate|p1b: Ninetales|move: Protect
|move|p2a: Archaludon|Flash Cannon|p1a: Kilowattrel
|-activate|p1a: Kilowattrel|move: Protect
|
|-weather|Snowscape|[upkeep]
|upkeep
|turn|4
|
|t:|1757849030
|switch|p1b: Adel|Hydreigon, L50, M|100/100
|switch|p2b: Pelipper|Pelipper, L50, F|11/100
|-weather|RainDance|[from] ability: Drizzle|[of] p2b: Pelipper
|move|p1a: Kilowattrel|Air Slash|p2b: Pelipper
|-damage|p2b: Pelipper|0 fnt
|faint|p2b: Pelipper
|move|p2a: Archaludon|Electro Shot||[still]
|-prepare|p2a: Archaludon|Electro Shot
|-boost|p2a: Archaludon|spa|1
|-anim|p2a: Archaludon|Electro Shot|p1b: Adel
|-resisted|p1b: Adel
|-damage|p1b: Adel|48/100
|
|-weather|RainDance|[upkeep]
|upkeep
|
|t:|1757849040
|switch|p2b: Basculegion|Basculegion, L50, M, tera:Grass|100/100
|turn|5
|
|t:|1757849058
|switch|p1a: Ninetales|Ninetales-Alola, L50, F|16/100
|-weather|Snowscape|[from] ability: Snow Warning|[of] p1a: Ninetales
|move|p1b: Adel|Earth Power|p2a: Archaludon
|-supereffective|p2a: Archaludon
|-damage|p2a: Archaludon|7/100
|-ability|p2a: Archaludon|Stamina|boost
|-boost|p2a: Archaludon|def|1
|-damage|p1b: Adel|39/100|[from] item: Life Orb
|move|p2b: Basculegion|Last Respects|p1a: Ninetales
|-damage|p1a: Ninetales|0 fnt
|faint|p1a: Ninetales
|move|p2a: Archaludon|Flash Cannon|p1b: Adel
|-damage|p1b: Adel|0 fnt
|faint|p1b: Adel
|
|-weather|Snowscape|[upkeep]
|upkeep
|
|t:|1757849065
|switch|p1a: Kilowattrel|Kilowattrel, L50, M|100/100
|switch|p1b: Basculegion|Basculegion, L50, M|100/100
|turn|6
|
|t:|1757849084
|move|p1b: Basculegion|Last Respects|p2b: Basculegion
|-damage|p2b: Basculegion|0 fnt
|faint|p2b: Basculegion
|move|p1a: Kilowattrel|Air Slash|p2a: Archaludon|[miss]
|-miss|p1a: Kilowattrel|p2a: Archaludon
|move|p2a: Archaludon|Draco Meteor|p1b: Basculegion
|-damage|p1b: Basculegion|0 fnt
|-unboost|p2a: Archaludon|spa|2
|faint|p1b: Basculegion
|
|-weather|Snowscape|[upkeep]
|upkeep
|turn|7
|
|t:|1757849092
|move|p1a: Kilowattrel|Thunderbolt|p2a: Archaludon
|-resisted|p2a: Archaludon
|-damage|p2a: Archaludon|0 fnt
|faint|p2a: Archaludon
|
|win|magic 561
||littlepotato13 is ready for game 2.
||magic 561 is ready for game 2.
|uhtml|next|Next: Game 2 of 3
|l|☆littlepotato13
|player|p2|
