|j|☆s!dd_1
|j|☆Ossi1590
|html|s!dd_1Ossi1590    
|uhtml|bestof|Game 2 of a best-of-3
|t:|1783430782
|gametype|doubles
|player|p1|s!dd_1|flannery-gen6|1245
|player|p2|Ossi1590|colress|1325
|gen|9
|tier|[Gen 9 Champions] VGC 2026 Reg M-B (Bo3)
|rated|
|rule|Species Clause: Limit one of each Pokémon
|rule|Item Clause: Limit 1 of each item
|clearpoke
|poke|p1|Blaziken, L50, M|
|poke|p1|Kingambit, L50, F|
|poke|p1|Incineroar, L50, F|
|poke|p1|Whimsicott, L50, F|
|poke|p1|Froslass, L50, F|
|poke|p1|Basculegion, L50, M|
|poke|p2|Raichu, L50, M|
|poke|p2|Mawile, L50, F|
|poke|p2|Sinistcha, L50|
|poke|p2|Ceruledge, L50, M|
|poke|p2|Milotic, L50, M|
|poke|p2|Incineroar, L50, M|
|teampreview|4
|showteam|p1|Blaziken||Blazikenite|SpeedBoost|FlareBlitz,CloseCombat,RockSlide,Detect|Jolly||M|||50|]Kingambit||BlackGlasses|Defiant|KowtowCleave,SuckerPunch,SwordsDance,Protect|Brave||F|||50|]Incineroar||PasshoBerry|Intimidate|FlareBlitz,Snarl,FakeOut,PartingShot|Impish||F|||50|]Whimsicott||LifeOrb|Prankster|Moonblast,EnergyBall,Tailwind,Protect|Timid||F|||50|]Froslass||Froslassite|CursedBody|Blizzard,ShadowBall,AuroraVeil,Protect|Timid||F|||50|]Basculegion||ChoiceScarf|Adaptability|WaveCrash,LastRespects,AquaJet,FlipTurn|Jolly||M|||50|
|showteam|p2|Raichu||RaichuniteY|LightningRod|ZapCannon,FocusBlast,FakeOut,Protect|Timid||M|||50|]Mawile||Mawilite|HyperCutter|PlayRough,SuckerPunch,SwordsDance,Protect|Adamant||F|||50|]Sinistcha||KasibBerry|Hospitality|MatchaGotcha,LifeDew,RagePowder,Protect|Relaxed|||||50|]Ceruledge||ColburBerry|FlashFire|BitterBlade,ShadowSneak,BulkUp,Protect|Adamant||M|||50|]Milotic||Leftovers|Competitive|MuddyWater,Coil,Hypnosis,Protect|Calm||M|||50|]Incineroar||SitrusBerry|Intimidate|FlareBlitz,ThroatChop,FakeOut,PartingShot|Impish||M|||50|
|inactive|Battle timer is ON: inactive players will automatically lose when time's up. (requested by s!dd_1)
|inactive|s!dd_1 has 60 seconds left.
|inactive|Ossi1590 has 60 seconds left.
|inactive|s!dd_1 has 30 seconds left.
|
|t:|1783430844
|teamsize|p1|4
|teamsize|p2|4
|start
|switch|p1a: Whimsicott|Whimsicott, L50, F|100/100
|switch|p1b: Basculegion|Basculegion, L50, M|100/100
|switch|p2a: Milotic|Milotic, L50, M|100/100
|switch|p2b: Raichu|Raichu, L50, M|100/100
|turn|1
|inactive|Ossi1590 has 30 seconds left.
|
|t:|1783430878
|detailschange|p2b: Raichu|Raichu-Mega-Y, L50, M
|-mega|p2b: Raichu|Raichu|Raichunite Y
|move|p2b: Raichu|Protect|p2b: Raichu
|-singleturn|p2b: Raichu|Protect
|move|p1b: Basculegion|Wave Crash|p2b: Raichu
|-activate|p2b: Raichu|move: Protect
|move|p1a: Whimsicott|Energy Ball|p2a: Milotic
|-supereffective|p2a: Milotic|1
|-damage|p2a: Milotic|42/100
|-damage|p1a: Whimsicott|90/100|[from] item: Life Orb
|move|p2a: Milotic|Coil|p2a: Milotic
|-boost|p2a: Milotic|atk|1
|-boost|p2a: Milotic|def|1
|-boost|p2a: Milotic|accuracy|1
|
|-heal|p2a: Milotic|48/100|[from] item: Leftovers
|upkeep
|turn|2
|
|t:|1783430888
|switch|p2b: Sinistcha|Sinistcha, L50|100/100
|-heal|p2a: Milotic|72/100|[from] ability: Hospitality|[of] p2b: Sinistcha
|move|p2a: Milotic|Protect|p2a: Milotic
|-singleturn|p2a: Milotic|Protect
|move|p1b: Basculegion|Wave Crash|p2b: Sinistcha
|-resisted|p2b: Sinistcha|1
|-damage|p2b: Sinistcha|69/100
|-damage|p1b: Basculegion|90/100|[from] Recoil
|move|p1a: Whimsicott|Energy Ball|p2a: Milotic
|-activate|p2a: Milotic|move: Protect
|
|-heal|p2a: Milotic|78/100|[from] item: Leftovers
|upkeep
|turn|3
|
|t:|1783430900
|switch|p1b: Gipsy|Blaziken, L50, M|100/100
|move|p1a: Whimsicott|Energy Ball|p2a: Milotic
|-supereffective|p2a: Milotic|1
|-damage|p2a: Milotic|24/100
|-damage|p1a: Whimsicott|81/100|[from] item: Life Orb
|move|p2a: Milotic|Hypnosis|p1a: Whimsicott
|-status|p1a: Whimsicott|slp|[from] move: Hypnosis
|move|p2b: Sinistcha|Matcha Gotcha|p1b: Gipsy|[spread] p1a,p1b
|-resisted|p1a: Whimsicott|1
|-resisted|p1b: Gipsy|1
|-damage|p1a: Whimsicott|61/100 slp
|-heal|p2b: Sinistcha|76/100|[from] drain|[of] p1a: Whimsicott
|-damage|p1b: Gipsy|80/100
|-heal|p2b: Sinistcha|85/100|[from] drain|[of] p1b: Gipsy
|
|-heal|p2a: Milotic|30/100|[from] item: Leftovers
|upkeep
|turn|4
|
|t:|1783430916
|switch|p2b: Incineroar|Incineroar, L50, M|100/100
|-ability|p2b: Incineroar|Intimidate|boost
|-unboost|p1a: Whimsicott|atk|1
|-unboost|p1b: Gipsy|atk|1
|detailschange|p1b: Gipsy|Blaziken-Mega, L50, M
|-mega|p1b: Gipsy|Blaziken|Blazikenite
|move|p2a: Milotic|Protect|p2a: Milotic
|-singleturn|p2a: Milotic|Protect
|cant|p1a: Whimsicott|slp
|move|p1b: Gipsy|Flare Blitz|p2b: Incineroar
|-resisted|p2b: Incineroar|1
|-damage|p2b: Incineroar|82/100
|-damage|p1b: Gipsy|73/100|[from] Recoil
|
|-heal|p2a: Milotic|36/100|[from] item: Leftovers
|-ability|p1b: Gipsy|Speed Boost|boost
|-boost|p1b: Gipsy|spe|1
|upkeep
|turn|5
|
|t:|1783430924
|switch|p1b: Basculegion|Basculegion, L50, M|90/100
|-curestatus|p1a: Whimsicott|slp|[msg]
|move|p1a: Whimsicott|Protect|p1a: Whimsicott
|-singleturn|p1a: Whimsicott|Protect
|move|p2a: Milotic|Coil|p2a: Milotic
|-boost|p2a: Milotic|atk|1
|-boost|p2a: Milotic|def|1
|-boost|p2a: Milotic|accuracy|1
|move|p2b: Incineroar|Parting Shot|p1b: Basculegion
|-unboost|p1b: Basculegion|atk|1
|-unboost|p1b: Basculegion|spa|1
|
|t:|1783430936
|switch|p2b: Sinistcha|Sinistcha, L50|85/100|[from] Parting Shot
|-heal|p2a: Milotic|61/100|[from] ability: Hospitality|[of] p2b: Sinistcha
|
|-heal|p2a: Milotic|67/100|[from] item: Leftovers
|upkeep
|turn|6
|
|t:|1783430952
|move|p1b: Basculegion|Flip Turn|p2a: Milotic
|-resisted|p2a: Milotic|1
|-damage|p2a: Milotic|61/100
|
|t:|1783430956
|switch|p1b: Gipsy|Blaziken-Mega, L50, M|73/100|[from] Flip Turn
|move|p1a: Whimsicott|Energy Ball|p2a: Milotic
|-supereffective|p2a: Milotic|1
|-damage|p2a: Milotic|10/100
|-unboost|p2a: Milotic|spd|1
|-ability|p2a: Milotic|Competitive|boost
|-boost|p2a: Milotic|spa|2
|-damage|p1a: Whimsicott|51/100|[from] item: Life Orb
|move|p2a: Milotic|Hypnosis|p1a: Whimsicott
|-status|p1a: Whimsicott|slp|[from] move: Hypnosis
|move|p2b: Sinistcha|Matcha Gotcha|p1a: Whimsicott|[spread] p1a,p1b
|-resisted|p1a: Whimsicott|1
|-resisted|p1b: Gipsy|1
|-damage|p1a: Whimsicott|30/100 slp
|-heal|p2b: Sinistcha|93/100|[from] drain|[of] p1a: Whimsicott
|-damage|p1b: Gipsy|55/100
|-heal|p2b: Sinistcha|100/100|[from] drain|[of] p1b: Gipsy
|
|-heal|p2a: Milotic|16/100|[from] item: Leftovers
|upkeep
|turn|7
|inactive|Ossi1590 has 30 seconds left.
|
|t:|1783430982
|move|p2a: Milotic|Protect|p2a: Milotic
|-singleturn|p2a: Milotic|Protect
|cant|p1a: Whimsicott|slp
|move|p1b: Gipsy|Flare Blitz|p2b: Sinistcha
|-supereffective|p2b: Sinistcha|1
|-damage|p2b: Sinistcha|0 fnt
|faint|p2b: Sinistcha
|-damage|p1b: Gipsy|17/100|[from] Recoil
|
|-heal|p2a: Milotic|22/100|[from] item: Leftovers
|-ability|p1b: Gipsy|Speed Boost|boost
|-boost|p1b: Gipsy|spe|1
|upkeep
|
|t:|1783430995
|switch|p2b: Incineroar|Incineroar, L50, M|82/100
|-ability|p2b: Incineroar|Intimidate|boost
|-unboost|p1a: Whimsicott|atk|1
|-unboost|p1b: Gipsy|atk|1
|turn|8
|
|t:|1783431015
|switch|p1b: Basculegion|Basculegion, L50, M|90/100
|-curestatus|p1a: Whimsicott|slp|[msg]
|move|p1a: Whimsicott|Energy Ball|p2a: Milotic
|-supereffective|p2a: Milotic|1
|-damage|p2a: Milotic|0 fnt
|faint|p2a: Milotic
|-damage|p1a: Whimsicott|21/100|[from] item: Life Orb
|move|p2b: Incineroar|Throat Chop|p1b: Basculegion
|-supereffective|p1b: Basculegion|1
|-damage|p1b: Basculegion|17/100
|-start|p1b: Basculegion|Throat Chop|[silent]
|
|upkeep
|
|t:|1783431031
|switch|p2a: Raichu|Raichu-Mega-Y, L50, M|100/100
|turn|9
|
|t:|1783431042
|move|p1a: Whimsicott|Tailwind|p1a: Whimsicott
|-sidestart|p1: s!dd_1|move: Tailwind
|move|p1b: Basculegion|Wave Crash|p2b: Incineroar
|-supereffective|p2b: Incineroar|1
|-damage|p2b: Incineroar|0 fnt
|faint|p2b: Incineroar
|-damage|p1b: Basculegion|0 fnt|[from] Recoil
|faint|p1b: Basculegion
|move|p2a: Raichu|Zap Cannon|p1a: Whimsicott
|-resisted|p1a: Whimsicott|1
|-damage|p1a: Whimsicott|0 fnt
|faint|p1a: Whimsicott
|
|upkeep
|
|t:|1783431045
|switch|p1a: Gipsy|Blaziken-Mega, L50, M|17/100
|switch|p1b: Matador|Incineroar, L50, F|100/100
|-ability|p1b: Matador|Intimidate|boost
|-unboost|p2a: Raichu|atk|1
|turn|10
|
|t:|1783431052
|move|p2a: Raichu|Protect|p2a: Raichu
|-singleturn|p2a: Raichu|Protect
|move|p1a: Gipsy|Close Combat|p2a: Raichu
|-activate|p2a: Raichu|move: Protect
|move|p1b: Matador|Flare Blitz|p2a: Raichu
|-activate|p2a: Raichu|move: Protect
|
|-ability|p1a: Gipsy|Speed Boost|boost
|-boost|p1a: Gipsy|spe|1
|upkeep
|turn|11
|
|t:|1783431059
|move|p1a: Gipsy|Close Combat|p2a: Raichu
|-damage|p2a: Raichu|0 fnt
|-unboost|p1a: Gipsy|def|1
|-unboost|p1a: Gipsy|spd|1
|faint|p2a: Raichu
|
|win|s!dd_1
||s!dd_1 is ready for game 3.
