|j|☆sparrow.d.ace
|j|☆Tlayer4002
|html|sparrow.d.aceTlayer4002    
|uhtml|bestof|Game 2 of a best-of-3
|t:|1755332576
|gametype|doubles
|player|p1|sparrow.d.ace|alec-anime|1164
|player|p2|Tlayer4002|2|1415
|gen|9
|tier|[Gen 9] VGC 2025 Reg H (Bo3)
|rated|
|rule|Species Clause: Limit one of each Pokémon
|rule|Item Clause: Limit 1 of each item
|clearpoke
|poke|p1|Basculegion, L50, M|
|poke|p1|Pelipper, L50, F|
|poke|p1|Archaludon, L50, F|
|poke|p1|Kingambit, L50, M|
|poke|p1|Sneasler, L50, M|
|poke|p1|Rillaboom, L50, F|
|poke|p2|Annihilape, L50, F|
|poke|p2|Indeedee, L50, M|
|poke|p2|Amoonguss, L50, M|
|poke|p2|Ninetales-Alola, L50, M|
|poke|p2|Volcarona, L50, F|
|poke|p2|Incineroar, L50, M|
|teampreview|4
|showteam|p1|Basculegion||ChoiceBand|SwiftSwim|WaveCrash,FlipTurn,LastRespects,AquaJet|||M|||50|,,,,,Water]Pelipper||CovertCloak|Drizzle|WeatherBall,Hurricane,Tailwind,Protect|||F|||50|,,,,,Stellar]Archaludon||AssaultVest|Stamina|ElectroShot,DragonPulse,FlashCannon,BodyPress|||F|||50|,,,,,Grass]Kingambit||BlackGlasses|Defiant|KowtowCleave,IronHead,SuckerPunch,Protect|||M|||50|,,,,,Dark]Sneasler||FocusSash|PoisonTouch|DireClaw,CloseCombat,ThroatChop,Protect|||M|||50|,,,,,Ghost]Rillaboom||MiracleSeed|GrassySurge|WoodHammer,GrassyGlide,Uturn,FakeOut|||F|||50|,,,,,Fire
|showteam|p2|Annihilape||PsychicSeed|VitalSpirit|DrainPunch,RageFist,BulkUp,Protect|||F|||50|,,,,,Water]Indeedee||ChoiceScarf|PsychicSurge|ExpandingForce,Trick,HyperVoice,TeraBlast|||M|||50|,,,,,Fighting]Amoonguss||SitrusBerry|Regenerator|PollenPuff,RagePowder,ClearSmog,Spore|||M|||50|,,,,,Water]Ninetales-Alola||LightClay|SnowWarning|Blizzard,AuroraVeil,Encore,Protect|||M|||50|,,,,,Steel]Volcarona||Leftovers|FlameBody|HeatWave,TeraBlast,QuiverDance,Protect|||F|||50|,,,,,Fairy]Incineroar||AssaultVest|Intimidate|FlareBlitz,KnockOff,Uturn,FakeOut|||M|||50|,,,,,Ghost
|
|t:|1755332592
|teamsize|p1|4
|teamsize|p2|4
|start
|switch|p1a: Archaludon|Archaludon, L50, F|100/100
|switch|p1b: Sneasler|Sneasler, L50, M|100/100
|switch|p2a: Annihilape|Annihilape, L50, F|100/100
|switch|p2b: Indeedee|Indeedee, L50, M|100/100
|-fieldstart|move: Psychic Terrain|[from] ability: Psychic Surge|[of] p2b: Indeedee
|-enditem|p2a: Annihilape|Psychic Seed
|-boost|p2a: Annihilape|spd|1|[from] item: Psychic Seed
|turn|1
|
|t:|1755332619
|switch|p1b: Pelipper|Pelipper, L50, F, shiny|100/100
|-weather|RainDance|[from] ability: Drizzle|[of] p1b: Pelipper
|-terastallize|p1a: Archaludon|Grass
|move|p2b: Indeedee|Expanding Force|p1b: Pelipper|[spread] p1a,p1b
|-damage|p1a: Archaludon|62/100
|-damage|p1b: Pelipper|9/100
|-ability|p1a: Archaludon|Stamina|boost
|-boost|p1a: Archaludon|def|1
|move|p2a: Annihilape|Bulk Up|p2a: Annihilape
|-boost|p2a: Annihilape|atk|1
|-boost|p2a: Annihilape|def|1
|move|p1a: Archaludon|Electro Shot||[still]
|-prepare|p1a: Archaludon|Electro Shot
|-boost|p1a: Archaludon|spa|1
|-anim|p1a: Archaludon|Electro Shot|p2b: Indeedee
|-damage|p2b: Indeedee|12/100
|
|-weather|RainDance|[upkeep]
|upkeep
|turn|2
|
|t:|1755332642
|switch|p2b: Ninetales|Ninetales-Alola, L50, M|100/100
|-weather|Snowscape|[from] ability: Snow Warning|[of] p2b: Ninetales
|switch|p1a: Rillaboom|Rillaboom, L50, F|100/100
|-fieldstart|move: Grassy Terrain|[from] ability: Grassy Surge|[of] p1a: Rillaboom
|move|p1b: Pelipper|Protect|p1b: Pelipper
|-singleturn|p1b: Pelipper|Protect
|move|p2a: Annihilape|Drain Punch|p1b: Pelipper
|-activate|p1b: Pelipper|move: Protect
|
|-weather|Snowscape|[upkeep]
|upkeep
|turn|3
|inactive|Battle timer is ON: inactive players will automatically lose when time's up. (requested by sparrow.d.ace)
|
|t:|1755332670
|switch|p1b: Archaludon|Archaludon, L50, F, tera:Grass|62/100
|move|p2b: Ninetales|Blizzard|p1a: Rillaboom|[spread] p1a,p1b
|-supereffective|p1a: Rillaboom
|-supereffective|p1b: Archaludon
|-damage|p1a: Rillaboom|41/100
|-damage|p1b: Archaludon|25/100
|-ability|p1b: Archaludon|Stamina|boost
|-boost|p1b: Archaludon|def|1
|move|p1a: Rillaboom|Wood Hammer|p2a: Annihilape
|-damage|p2a: Annihilape|44/100
|-damage|p1a: Rillaboom|21/100|[from] Recoil
|move|p2a: Annihilape|Drain Punch|p1b: Archaludon
|-damage|p1b: Archaludon|3/100
|-heal|p2a: Annihilape|54/100|[from] drain|[of] p1b: Archaludon
|-ability|p1b: Archaludon|Stamina|boost
|-boost|p1b: Archaludon|def|1
|
|-weather|Snowscape|[upkeep]
|-heal|p1a: Rillaboom|27/100|[from] Grassy Terrain
|-heal|p2a: Annihilape|60/100|[from] Grassy Terrain
|-heal|p1b: Archaludon|9/100|[from] Grassy Terrain
|upkeep
|turn|4
|
|t:|1755332692
|switch|p1a: Pelipper|Pelipper, L50, F, shiny|9/100
|-weather|RainDance|[from] ability: Drizzle|[of] p1a: Pelipper
|move|p2b: Ninetales|Blizzard|p1b: Archaludon|[spread] p1b
|-miss|p2b: Ninetales|p1a: Pelipper
|-supereffective|p1b: Archaludon
|-damage|p1b: Archaludon|0 fnt
|faint|p1b: Archaludon
|move|p2a: Annihilape|Drain Punch|p1a: Pelipper
|-resisted|p1a: Pelipper
|-damage|p1a: Pelipper|0 fnt
|-heal|p2a: Annihilape|63/100|[from] drain|[of] p1a: Pelipper
|faint|p1a: Pelipper
|
|-weather|RainDance|[upkeep]
|-heal|p2a: Annihilape|69/100|[from] Grassy Terrain
|upkeep
|
|t:|1755332701
|switch|p1a: Sneasler|Sneasler, L50, M|100/100
|switch|p1b: Rillaboom|Rillaboom, L50, F|27/100
|turn|5
|
|t:|1755332713
|switch|p2b: Amoonguss|Amoonguss, L50, M|100/100
|move|p2a: Annihilape|Protect|p2a: Annihilape
|-singleturn|p2a: Annihilape|Protect
|move|p1a: Sneasler|Dire Claw|p2a: Annihilape
|-activate|p2a: Annihilape|move: Protect
|move|p1b: Rillaboom|Wood Hammer|p2a: Annihilape
|-activate|p2a: Annihilape|move: Protect
|
|-weather|RainDance|[upkeep]
|-heal|p1b: Rillaboom|33/100|[from] Grassy Terrain
|-heal|p2a: Annihilape|75/100|[from] Grassy Terrain
|upkeep
|turn|6
|
|t:|1755332727
|move|p2b: Amoonguss|Rage Powder|p2b: Amoonguss
|-singleturn|p2b: Amoonguss|move: Rage Powder
|move|p1a: Sneasler|Dire Claw|p2b: Amoonguss
|-damage|p2b: Amoonguss|62/100
|move|p1b: Rillaboom|Wood Hammer|p2a: Annihilape
|-damage|p2a: Annihilape|18/100
|-damage|p1b: Rillaboom|13/100|[from] Recoil
|move|p2a: Annihilape|Drain Punch|p1b: Rillaboom
|-damage|p1b: Rillaboom|0 fnt
|-heal|p2a: Annihilape|24/100|[from] drain|[of] p1b: Rillaboom
|faint|p1b: Rillaboom
|
|-weather|RainDance|[upkeep]
|-heal|p2a: Annihilape|30/100|[from] Grassy Terrain
|-heal|p2b: Amoonguss|68/100|[from] Grassy Terrain
|-fieldend|move: Grassy Terrain
|upkeep
|turn|7
|
|t:|1755332744
|move|p2b: Amoonguss|Rage Powder|p2b: Amoonguss
|-singleturn|p2b: Amoonguss|move: Rage Powder
|move|p1a: Sneasler|Dire Claw|p2b: Amoonguss
|-damage|p2b: Amoonguss|27/100
|-status|p2b: Amoonguss|slp
|-enditem|p2b: Amoonguss|Sitrus Berry|[eat]
|-heal|p2b: Amoonguss|52/100 slp|[from] item: Sitrus Berry
|move|p2a: Annihilape|Drain Punch|p1a: Sneasler
|-resisted|p1a: Sneasler
|-damage|p1a: Sneasler|55/100
|-heal|p2a: Annihilape|46/100|[from] drain|[of] p1a: Sneasler
|
|-weather|RainDance|[upkeep]
|upkeep
|turn|8
|l|☆Tlayer4002
|inactive|Tlayer4002 disconnected and has a minute to reconnect!
|player|p2|
|inactive|Tlayer4002 has 30 seconds left.
|inactive|Tlayer4002 has 20 seconds left.
|inactive|Tlayer4002 has 15 seconds left.
|j| dh6u5s
|inactive|Tlayer4002 has 10 seconds left.
|l| dh6u5s
|inactive|Tlayer4002 has 5 seconds left.
|-message|Tlayer4002 lost due to inactivity.
|
|win|sparrow.d.ace
|raw|sparrow.d.ace's rating: 1164 → 1204(+40 for winning)
|raw|Tlayer4002's rating: 1415 → 1383(-32 for losing)
|j|☆Tlayer4002
|player|p2|Tlayer4002|2|
