|j|☆TYRGHASAD
|j|☆Misaple
|html|TYRGHASADMisaple    
|uhtml|bestof|Game 2 of a best-of-3
|t:|1785384075
|gametype|doubles
|player|p1|TYRGHASAD|2|
|player|p2|Misaple|pilot|
|gen|9
|tier|[Gen 9 Champions] VGC 2026 Reg M-B (Bo3)
|rule|Species Clause: Limit one of each Pokémon
|rule|Item Clause: Limit 1 of each item
|clearpoke
|poke|p1|Emboar, L50, M, shiny|
|poke|p1|Whimsicott, L50, M|
|poke|p1|Metagross, L50|
|poke|p1|Corviknight, L50, M|
|poke|p1|Primarina, L50, F|
|poke|p1|Tsareena, L50, F|
|poke|p2|Camerupt, L50, M|
|poke|p2|Mawile, L50, F|
|poke|p2|Farigiraf, L50, F|
|poke|p2|Mimikyu, L50, F|
|poke|p2|Araquanid, L50, F|
|poke|p2|Vileplume, L50, F|
|teampreview|4
|showteam|p1|Emboar||Emboarite|Blaze|FlareBlitz,Protect,CloseCombat,SuckerPunch|Adamant||M|||50|]Whimsicott||FocusSash|Prankster|Endeavor,DazzlingGleam,Protect,Tailwind|Timid||M|||50|]Metagross||Leftovers|ClearBody|BodyPress,Earthquake,PsychicFangs,BulletPunch|Relaxed|||||50|]Corviknight||SitrusBerry|Pressure|BraveBird,IronDefense,Uturn,Roost|Impish||M|||50|]Primarina||LifeOrb|Torrent|CalmMind,Surf,Moonblast,Substitute|Modest||F|||50|]Tsareena||LumBerry|QueenlyMajesty|PowerWhip,Protect,Uturn,DazzlingGleam|Jolly||F|||50|
|showteam|p2|Camerupt||Cameruptite|SolidRock|HeatWave,EarthPower,AncientPower,Protect|Quiet||M|||50|]Mawile||Mawilite|Intimidate|PlayRough,IronHead,SuckerPunch,Protect|Brave||F|||50|]Farigiraf||MentalHerb|ArmorTail|TrickRoom,HelpingHand,PsychicNoise,Protect|Sassy||F|||50|]Mimikyu||SpellTag|Disguise|TrickRoom,PlayRough,ShadowSneak,Taunt|Brave||F|||50|]Araquanid||MysticWater|WaterBubble|Liquidation,LeechLife,WideGuard,Protect|Brave||F|||50|]Vileplume||FocusSash|EffectSpore|SleepPowder,SludgeBomb,GigaDrain,Protect|Quiet||F|||50|
|
|t:|1785384108
|teamsize|p1|4
|teamsize|p2|4
|start
|switch|p1a: Whimsicott|Whimsicott, L50, M|100/100
|switch|p1b: Emboar|Emboar, L50, M, shiny|100/100
|switch|p2a: Mimikyu|Mimikyu, L50, F|100/100
|switch|p2b: Vileplume|Vileplume, L50, F|100/100
|turn|1
|
|t:|1785384150
|detailschange|p1b: Emboar|Emboar-Mega, L50, M, shiny
|-mega|p1b: Emboar|Emboar|Emboarite
|-ability|p1b: Emboar|Mold Breaker
|move|p1b: Emboar|Protect|p1b: Emboar
|-singleturn|p1b: Emboar|Protect
|move|p2b: Vileplume|Protect|p2b: Vileplume
|-singleturn|p2b: Vileplume|Protect
|move|p1a: Whimsicott|Tailwind|p1a: Whimsicott
|-sidestart|p1: TYRGHASAD|move: Tailwind
|move|p2a: Mimikyu|Trick Room|p2a: Mimikyu
|-fieldstart|move: Trick Room|[of] p2a: Mimikyu
|
|upkeep
|turn|2
|
|t:|1785384171
|move|p1b: Emboar|Sucker Punch|p2a: Mimikyu
|-damage|p2a: Mimikyu|64/100
|move|p2b: Vileplume|Sleep Powder|p1b: Emboar
|-status|p1b: Emboar|slp|[from] move: Sleep Powder
|move|p2a: Mimikyu|Play Rough|p1a: Whimsicott|[miss]
|-miss|p2a: Mimikyu|p1a: Whimsicott
|move|p1a: Whimsicott|Dazzling Gleam|p2a: Mimikyu|[spread] p2a,p2b
|-resisted|p2b: Vileplume|1
|-crit|p2b: Vileplume
|-activate|p2a: Mimikyu|ability: Disguise
|-damage|p2a: Mimikyu|64/100
|-damage|p2b: Vileplume|81/100
|detailschange|p2a: Mimikyu|Mimikyu-Busted, L50, F
|-damage|p2a: Mimikyu|52/100|[from] pokemon: Mimikyu-Busted
|
|upkeep
|turn|3
|
|t:|1785384209
|switch|p1a: Metagross|Metagross, L50|100/100
|move|p2a: Mimikyu|Shadow Sneak|p1a: Metagross
|-supereffective|p1a: Metagross|1
|-damage|p1a: Metagross|74/100
|move|p2b: Vileplume|Sludge Bomb|p1a: Metagross
|-immune|p1a: Metagross
|cant|p1b: Emboar|slp
|
|-heal|p1a: Metagross|80/100|[from] item: Leftovers
|upkeep
|turn|4
|
|t:|1785384248
|move|p1a: Metagross|Bullet Punch|p2a: Mimikyu
|-supereffective|p2a: Mimikyu|1
|-damage|p2a: Mimikyu|6/100
|move|p2b: Vileplume|Sludge Bomb|p1b: Emboar
|-damage|p1b: Emboar|62/100 slp
|move|p2a: Mimikyu|Play Rough|p1b: Emboar
|-damage|p1b: Emboar|20/100y slp
|cant|p1b: Emboar|slp
|
|-heal|p1a: Metagross|86/100|[from] item: Leftovers
|-sideend|p1: TYRGHASAD|move: Tailwind
|upkeep
|turn|5
|
|t:|1785384278
|switch|p2a: Camerupt|Camerupt, L50, M|100/100
|-curestatus|p1b: Emboar|slp|[msg]
|move|p1b: Emboar|Sucker Punch|p2b: Vileplume
|-damage|p2b: Vileplume|46/100
|-status|p1b: Emboar|psn|[from] ability: Effect Spore|[of] p2b: Vileplume
|move|p2b: Vileplume|Sludge Bomb|p1b: Emboar
|-damage|p1b: Emboar|0 fnt
|faint|p1b: Emboar
|move|p1a: Metagross|Earthquake|p2a: Camerupt|[spread] p2a,p2b
|-supereffective|p2a: Camerupt|1
|-damage|p2a: Camerupt|58/100
|-damage|p2b: Vileplume|19/100
|
|-heal|p1a: Metagross|91/100|[from] item: Leftovers
|-fieldend|move: Trick Room
|upkeep
|
|t:|1785384294
|switch|p1b: Primarina|Primarina, L50, F|100/100
|turn|6
|
|t:|1785384310
|detailschange|p2a: Camerupt|Camerupt-Mega, L50, M
|-mega|p2a: Camerupt|Camerupt|Cameruptite
|move|p2a: Camerupt|Protect|p2a: Camerupt
|-singleturn|p2a: Camerupt|Protect
|move|p1a: Metagross|Bullet Punch|p2b: Vileplume
|-damage|p2b: Vileplume|0 fnt
|faint|p2b: Vileplume
|move|p1b: Primarina|Calm Mind|p1b: Primarina
|-boost|p1b: Primarina|spa|1
|-boost|p1b: Primarina|spd|1
|
|-heal|p1a: Metagross|97/100|[from] item: Leftovers
|upkeep
|
|t:|1785384321
|switch|p2b: Mawile|Mawile, L50, F|100/100
|-ability|p2b: Mawile|Intimidate|boost
|-fail|p1a: Metagross|unboost|[from] ability: Clear Body|[of] p1a: Metagross
|-unboost|p1b: Primarina|atk|1
|turn|7
|
|t:|1785384350
|move|p2b: Mawile|Sucker Punch|p1a: Metagross
|-supereffective|p1a: Metagross|1
|-damage|p1a: Metagross|75/100
|move|p1a: Metagross|Earthquake|p2b: Mawile|[spread] p1b,p2a,p2b
|-supereffective|p2a: Camerupt|1
|-supereffective|p2b: Mawile|1
|-crit|p2b: Mawile
|-damage|p1b: Primarina|70/100
|-damage|p2a: Camerupt|10/100
|-damage|p2b: Mawile|7/100
|move|p1b: Primarina|Substitute|p1b: Primarina
|-start|p1b: Primarina|Substitute
|-damage|p1b: Primarina|45/100
|move|p2a: Camerupt|Earth Power|p1a: Metagross
|-supereffective|p1a: Metagross|1
|-damage|p1a: Metagross|0 fnt
|faint|p1a: Metagross
|
|upkeep
|
|t:|1785384362
|switch|p1a: Whimsicott|Whimsicott, L50, M|100/100
|turn|8
|
|t:|1785384378
|move|p1a: Whimsicott|Tailwind|p1a: Whimsicott
|-sidestart|p1: TYRGHASAD|move: Tailwind
|move|p2b: Mawile|Sucker Punch|p1b: Primarina
|-resisted|p1b: Primarina|1
|-crit|p1b: Primarina
|-activate|p1b: Primarina|move: Substitute|[damage]
|move|p1b: Primarina|Surf|p2b: Mawile|[spread] p1a,p2a,p2b
|-resisted|p1a: Whimsicott|1
|-supereffective|p2a: Camerupt|2
|-damage|p1a: Whimsicott|40/100
|-damage|p2a: Camerupt|0 fnt
|-damage|p2b: Mawile|0 fnt
|faint|p2a: Camerupt
|faint|p2b: Mawile
|-damage|p1b: Primarina|36/100|[from] item: Life Orb
|
|upkeep
|
|t:|1785384385
|switch|p2b: Mimikyu|Mimikyu-Busted, L50, F|6/100
|turn|9
|
|t:|1785384396
|move|p1a: Whimsicott|Dazzling Gleam|p2b: Mimikyu
|-damage|p2b: Mimikyu|0 fnt
|faint|p2b: Mimikyu
|
|win|TYRGHASAD
