|j|☆tryson69
|j|☆Chandeliere
|html|tryson69Chandeliere    
|uhtml|bestof|Game 2 of a best-of-3
|t:|1756685587
|gametype|doubles
|player|p1|tryson69|crasherwake|1223
|player|p2|Chandeliere|ethan|1198
|gen|9
|tier|[Gen 9] VGC 2025 Reg H (Bo3)
|rated|
|rule|Species Clause: Limit one of each Pokémon
|rule|Item Clause: Limit 1 of each item
|clearpoke
|poke|p1|Typhlosion-Hisui, L50, M|
|poke|p1|Rillaboom, L50, M|
|poke|p1|Primarina, L50, F|
|poke|p1|Archaludon, L50, F|
|poke|p1|Whimsicott, L50, M|
|poke|p1|Pelipper, L50, M|
|poke|p2|Ninetales-Alola, L50, F|
|poke|p2|Gholdengo, L50|
|poke|p2|Garchomp, L50, M|
|poke|p2|Incineroar, L50, F|
|poke|p2|Sneasler, L50, M|
|poke|p2|Corviknight, L50, M|
|teampreview|4
|showteam|p1|Typhlosion-Hisui||ChoiceScarf|Blaze|Eruption,HeatWave,Overheat,ShadowBall|||M|||50|,,,,,Fire]Rillaboom||AssaultVest|GrassySurge|WoodHammer,GrassyGlide,HighHorsepower,FakeOut|||M|||50|,,,,,Fire]Primarina||ThroatSpray|LiquidVoice|HyperVoice,Moonblast,Haze,Protect|||F|||50|,,,,,Poison]Archaludon||Leftovers|Stamina|ElectroShot,BodyPress,Protect,DracoMeteor|||F|||50|,,,,,Grass]Whimsicott||CovertCloak|Prankster|Tailwind,HelpingHand,Moonblast,SunnyDay|||M|||50|,,,,,Water]Pelipper||FocusSash|Drizzle|WeatherBall,Hurricane,WideGuard,Protect|||M|||50|,,,,,Ghost
|showteam|p2|Ninetales-Alola||LightClay|SnowWarning|AuroraVeil,Blizzard,FreezeDry,Protect|||F|||50|,,,,,Ghost]Gholdengo||LifeOrb|GoodasGold|MakeItRain,ShadowBall,NastyPlot,Protect||||||50|,,,,,Water]Garchomp||ClearAmulet|RoughSkin|Earthquake,StompingTantrum,DragonClaw,Protect|||M|||50|,,,,,Ground]Incineroar||SafetyGoggles|Intimidate|FakeOut,KnockOff,FlareBlitz,PartingShot|||F|||50|,,,,,Ghost]Sneasler||WhiteHerb|Unburden|Coaching,CloseCombat,DireClaw,Protect|||M|||50|,,,,,Ghost]Corviknight||SitrusBerry|MirrorArmor|BodyPress,BraveBird,Tailwind,Protect|||M|||50|,,,,,Fire
|
|t:|1756685607
|teamsize|p1|4
|teamsize|p2|4
|start
|switch|p1a: Primarina|Primarina, L50, F|100/100
|switch|p1b: Whimsicott|Whimsicott, L50, M|100/100
|switch|p2a: Incineroar|Incineroar, L50, F|100/100
|switch|p2b: Garchomp|Garchomp, L50, M|100/100
|-ability|p2a: Incineroar|Intimidate|boost
|-unboost|p1a: Primarina|atk|1
|-unboost|p1b: Whimsicott|atk|1
|turn|1
|
|t:|1756685628
|switch|p2b: Sneasler|Sneasler, L50, M|100/100
|move|p1a: Primarina|Protect|p1a: Primarina
|-singleturn|p1a: Primarina|Protect
|move|p2a: Incineroar|Fake Out|p1a: Primarina
|-activate|p1a: Primarina|move: Protect
|move|p1b: Whimsicott|Tailwind|p1b: Whimsicott
|-sidestart|p1: tryson69|move: Tailwind
|
|upkeep
|turn|2
|
|t:|1756685652
|-terastallize|p1a: Primarina|Poison
|-terastallize|p2a: Incineroar|Ghost
|move|p1b: Whimsicott|Helping Hand|p1a: Primarina
|-singleturn|p1a: Primarina|Helping Hand|[of] p1b: Whimsicott
|move|p1a: Primarina|Hyper Voice|p2b: Sneasler|[spread] p2a,p2b
|-damage|p2a: Incineroar|60/100
|-damage|p2b: Sneasler|31/100
|-enditem|p1a: Primarina|Throat Spray
|-boost|p1a: Primarina|spa|1|[from] item: Throat Spray
|move|p2b: Sneasler|Dire Claw|p1b: Whimsicott
|-supereffective|p1b: Whimsicott
|-damage|p1b: Whimsicott|0 fnt
|faint|p1b: Whimsicott
|move|p2a: Incineroar|Parting Shot|p1a: Primarina
|-unboost|p1a: Primarina|atk|1
|-unboost|p1a: Primarina|spa|1
|
|t:|1756685675
|switch|p2a: Garchomp|Garchomp, L50, M|100/100|[from] Parting Shot
|
|upkeep
|
|t:|1756685678
|switch|p1b: Pelipper|Pelipper, L50, M|100/100
|-weather|RainDance|[from] ability: Drizzle|[of] p1b: Pelipper
|turn|3
|
|t:|1756685694
|switch|p2a: Ninetales|Ninetales-Alola, L50, F|100/100
|-weather|Snowscape|[from] ability: Snow Warning|[of] p2a: Ninetales
|move|p2b: Sneasler|Protect|p2b: Sneasler
|-singleturn|p2b: Sneasler|Protect
|move|p1b: Pelipper|Hurricane|p2a: Ninetales
|-damage|p2a: Ninetales|45/100
|move|p1a: Primarina|Hyper Voice|p2b: Sneasler|[spread] p2a
|-activate|p2b: Sneasler|move: Protect
|-damage|p2a: Ninetales|14/100
|
|-weather|Snowscape|[upkeep]
|upkeep
|turn|4
|
|t:|1756685711
|switch|p1b: Archaludon|Archaludon, L50, F|100/100
|switch|p2b: Incineroar|Incineroar, L50, F, tera:Ghost|60/100
|-ability|p2b: Incineroar|Intimidate|boost
|-unboost|p1a: Primarina|atk|1
|-unboost|p1b: Archaludon|atk|1
|move|p2a: Ninetales|Protect|p2a: Ninetales
|-singleturn|p2a: Ninetales|Protect
|move|p1a: Primarina|Hyper Voice|p2a: Ninetales|[spread] p2b
|-activate|p2a: Ninetales|move: Protect
|-damage|p2b: Incineroar|33/100
|
|-weather|Snowscape|[upkeep]
|-sideend|p1: tryson69|move: Tailwind
|upkeep
|turn|5
|
|t:|1756685740
|switch|p2a: Garchomp|Garchomp, L50, M|100/100
|move|p1b: Archaludon|Protect|p1b: Archaludon
|-singleturn|p1b: Archaludon|Protect
|move|p1a: Primarina|Protect|p1a: Primarina
|-singleturn|p1a: Primarina|Protect
|move|p2b: Incineroar|Knock Off|p1a: Primarina
|-activate|p1a: Primarina|move: Protect
|
|-weather|Snowscape|[upkeep]
|upkeep
|turn|6
|
|t:|1756685765
|switch|p1a: Pelipper|Pelipper, L50, M|100/100
|-weather|RainDance|[from] ability: Drizzle|[of] p1a: Pelipper
|move|p2a: Garchomp|Stomping Tantrum|p1b: Archaludon
|-supereffective|p1b: Archaludon
|-damage|p1b: Archaludon|46/100
|-ability|p1b: Archaludon|Stamina|boost
|-boost|p1b: Archaludon|def|1
|move|p1b: Archaludon|Draco Meteor|p2a: Garchomp
|-supereffective|p2a: Garchomp
|-damage|p2a: Garchomp|0 fnt
|-unboost|p1b: Archaludon|spa|2
|faint|p2a: Garchomp
|move|p2b: Incineroar|Knock Off|p1a: Pelipper
|-damage|p1a: Pelipper|50/100
|-enditem|p1a: Pelipper|Focus Sash|[from] move: Knock Off|[of] p2b: Incineroar
|
|-weather|RainDance|[upkeep]
|-heal|p1b: Archaludon|52/100|[from] item: Leftovers
|upkeep
|
|t:|1756685784
|switch|p2a: Ninetales|Ninetales-Alola, L50, F|14/100
|-weather|Snowscape|[from] ability: Snow Warning|[of] p2a: Ninetales
|turn|7
|
|t:|1756685806
|move|p2a: Ninetales|Protect|p2a: Ninetales
|-singleturn|p2a: Ninetales|Protect
|move|p1a: Pelipper|Protect|p1a: Pelipper
|-singleturn|p1a: Pelipper|Protect
|move|p1b: Archaludon|Body Press|p2a: Ninetales
|-activate|p2a: Ninetales|move: Protect
|move|p2b: Incineroar|Parting Shot|p1b: Archaludon
|-unboost|p1b: Archaludon|atk|1
|-unboost|p1b: Archaludon|spa|1
|
|t:|1756685815
|switch|p2b: Sneasler|Sneasler, L50, M|31/100|[from] Parting Shot
|
|-weather|Snowscape|[upkeep]
|-heal|p1b: Archaludon|58/100|[from] item: Leftovers
|upkeep
|turn|8
|
|t:|1756685829
|move|p2a: Ninetales|Freeze-Dry|p1a: Pelipper
|-supereffective|p1a: Pelipper
|-damage|p1a: Pelipper|0 fnt
|faint|p1a: Pelipper
|move|p2b: Sneasler|Close Combat|p1b: Archaludon
|-supereffective|p1b: Archaludon
|-damage|p1b: Archaludon|0 fnt
|-unboost|p2b: Sneasler|def|1
|-unboost|p2b: Sneasler|spd|1
|faint|p1b: Archaludon
|-enditem|p2b: Sneasler|White Herb
|-clearnegativeboost|p2b: Sneasler|[silent]
|
|-weather|Snowscape|[upkeep]
|upkeep
|
|t:|1756685836
|switch|p1b: Primarina|Primarina, L50, F, tera:Poison|100/100
|turn|9
|
|t:|1756685863
|move|p2b: Sneasler|Protect|p2b: Sneasler
|-singleturn|p2b: Sneasler|Protect
|move|p2a: Ninetales|Blizzard|p1b: Primarina
|-damage|p1b: Primarina|72/100
|move|p1b: Primarina|Hyper Voice|p2a: Ninetales|[spread] p2a
|-activate|p2b: Sneasler|move: Protect
|-damage|p2a: Ninetales|0 fnt
|faint|p2a: Ninetales
|
|-weather|Snowscape|[upkeep]
|upkeep
|
|t:|1756685873
|switch|p2a: Incineroar|Incineroar, L50, F, tera:Ghost|33/100
|-ability|p2a: Incineroar|Intimidate|boost
|-unboost|p1b: Primarina|atk|1
|turn|10
|
|t:|1756685883
|move|p1b: Primarina|Protect|p1b: Primarina
|-singleturn|p1b: Primarina|Protect
|move|p2a: Incineroar|Fake Out|p1b: Primarina
|-activate|p1b: Primarina|move: Protect
|move|p2b: Sneasler|Coaching|p2a: Incineroar
|-boost|p2a: Incineroar|atk|1
|-boost|p2a: Incineroar|def|1
|
|-weather|Snowscape|[upkeep]
|upkeep
|turn|11
|
|t:|1756685900
|move|p2b: Sneasler|Coaching|p2a: Incineroar
|-boost|p2a: Incineroar|atk|1
|-boost|p2a: Incineroar|def|1
|move|p1b: Primarina|Hyper Voice|p2b: Sneasler|[spread] p2a,p2b
|-damage|p2a: Incineroar|5/100
|-damage|p2b: Sneasler|0 fnt
|faint|p2b: Sneasler
|move|p2a: Incineroar|Flare Blitz|p1b: Primarina
|-crit|p1b: Primarina
|-damage|p1b: Primarina|0 fnt
|faint|p1b: Primarina
|-damage|p2a: Incineroar|0 fnt|[from] Recoil
|faint|p2a: Incineroar
|
|win|Chandeliere
|raw|tryson69's rating: 1223 → 1196(-27 for losing)
|raw|Chandeliere's rating: 1198 → 1225(+27 for winning)
|l|☆tryson69
|player|p1|
|c|☆Chandeliere|gg
