|j|☆BambooCyclone
|j|☆PuffTheCutie
|html|BambooCyclonePuffTheCutie    
|uhtml|bestof|Game 2 of a best-of-3
|t:|1786158983
|gametype|doubles
|player|p1|BambooCyclone|170|
|player|p2|PuffTheCutie|roxie|
|gen|9
|tier|[Gen 9 Champions] VGC 2026 Reg M-B (Bo3)
|rule|Species Clause: Limit one of each Pokémon
|rule|Item Clause: Limit 1 of each item
|clearpoke
|poke|p1|Scrafty, L50, M|
|poke|p1|Emolga, L50, F|
|poke|p1|Swampert, L50, F|
|poke|p1|Metagross, L50|
|poke|p1|Rotom-Heat, L50|
|poke|p1|Appletun, L50, F|
|poke|p2|Tyranitar, L50, M|
|poke|p2|Excadrill, L50, F|
|poke|p2|Gholdengo, L50|
|poke|p2|Staraptor, L50, F|
|poke|p2|Milotic, L50, M|
|poke|p2|Chandelure, L50, M|
|teampreview|4
|showteam|p1|Scrafty||Scraftinite|Intimidate|FakeOut,BrickBreak,KnockOff,Protect|Adamant||M|||50|]Emolga||FocusSash|Static|Nuzzle,Taunt,Encore,Protect|Jolly||F|||50|]Swampert||Leftovers|Damp|Yawn,SandTomb,WideGuard,Protect|Careful||F|||50|]Metagross||LifeOrb|ClearBody|PsychicFangs,Earthquake,BulletPunch,Protect|Adamant|||||50|]Rotom-Heat||BrightPowder|Levitate|Discharge,Overheat,Protect,Thunderbolt|Timid|||||50|]Appletun||SitrusBerry|Gluttony|AppleAcid,DracoMeteor,GigaDrain,Protect|Modest||F|||50|
|showteam|p2|Tyranitar||Tyranitarite|SandStream|RockSlide,KnockOff,LowKick,Protect|Jolly||M|||50|]Excadrill||FocusSash|SandRush|IronHead,HighHorsepower,RockSlide,Protect|Adamant||F|||50|]Gholdengo||LifeOrb|GoodasGold|MakeItRain,ShadowBall,NastyPlot,Protect|Modest|||||50|]Staraptor||SharpBeak|Intimidate|CloseCombat,BraveBird,Tailwind,Protect|Jolly||F|||50|]Milotic||SitrusBerry|Competitive|Scald,IceBeam,Hypnosis,Protect|Modest||M|||50|]Chandelure||ColburBerry|FlashFire|HeatWave,ShadowBall,Taunt,Protect|Mild||M|||50|
|j| Potatomonstr
|j| Peppersalt1
|inactive|Battle timer is ON: inactive players will automatically lose when time's up. (requested by PuffTheCutie)
|j| falba
|j| tobyga
|
|t:|1786159001
|teamsize|p1|4
|teamsize|p2|4
|start
|switch|p1a: Scrafty|Scrafty, L50, M|100/100
|switch|p1b: Swampert|Swampert, L50, F|100/100
|switch|p2a: Tyranitar|Tyranitar, L50, M|100/100
|switch|p2b: Excadrill|Excadrill, L50, F|100/100
|-weather|Sandstorm|[from] ability: Sand Stream|[of] p2a: Tyranitar
|-ability|p1a: Scrafty|Intimidate|boost
|-unboost|p2a: Tyranitar|atk|1
|-unboost|p2b: Excadrill|atk|1
|turn|1
|inactive|PuffTheCutie has 30 seconds left.
|inactive|PuffTheCutie has 20 seconds left.
|inactive|PuffTheCutie has 15 seconds left.
|inactive|PuffTheCutie has 10 seconds left.
|inactive|PuffTheCutie has 5 seconds left.
|
|t:|1786159052
|switch|p2a: Staraptor|Staraptor, L50, F|100/100
|-ability|p2a: Staraptor|Intimidate|boost
|-unboost|p1a: Scrafty|atk|1
|-unboost|p1b: Swampert|atk|1
|detailschange|p1a: Scrafty|Scrafty-Mega, L50, M
|-mega|p1a: Scrafty|Scrafty|Scraftinite
|-ability|p1a: Scrafty|Intimidate|boost
|-unboost|p2a: Staraptor|atk|1
|-unboost|p2b: Excadrill|atk|1
|move|p1a: Scrafty|Fake Out|p2b: Excadrill
|-resisted|p2b: Excadrill|1
|-damage|p2b: Excadrill|93/100
|cant|p2b: Excadrill|flinch
|move|p1b: Swampert|Sand Tomb|p2a: Staraptor
|-immune|p2a: Staraptor
|
|-weather|Sandstorm|[upkeep]
|-damage|p2a: Staraptor|93/100|[from] Sandstorm
|-damage|p1a: Scrafty|94/100|[from] Sandstorm
|upkeep
|turn|2
|inactive|PuffTheCutie has 30 seconds left.
|
|t:|1786159083
|move|p1a: Scrafty|Protect|p1a: Scrafty
|-singleturn|p1a: Scrafty|Protect
|move|p2b: Excadrill|High Horsepower|p1a: Scrafty
|-activate|p1a: Scrafty|move: Protect
|move|p2a: Staraptor|Brave Bird|p1a: Scrafty
|-activate|p1a: Scrafty|move: Protect
|move|p1b: Swampert|Yawn|p2a: Staraptor
|-start|p2a: Staraptor|move: Yawn|[of] p1b: Swampert
|
|-weather|Sandstorm|[upkeep]
|-damage|p2a: Staraptor|87/100|[from] Sandstorm
|-damage|p1a: Scrafty|88/100|[from] Sandstorm
|upkeep
|turn|3
|j| tempestuwumeow
|
|t:|1786159100
|switch|p1a: Rotom|Rotom-Heat, L50|100/100
|move|p2b: Excadrill|High Horsepower|p1a: Rotom
|-immune|p1a: Rotom|[from] ability: Levitate
|move|p2a: Staraptor|Brave Bird|p1a: Rotom
|-resisted|p1a: Rotom|1
|-damage|p1a: Rotom|74/100
|-damage|p2a: Staraptor|81/100|[from] Recoil
|move|p1b: Swampert|Sand Tomb|p2a: Staraptor
|-immune|p2a: Staraptor
|
|-weather|Sandstorm|[upkeep]
|-damage|p2a: Staraptor|75/100|[from] Sandstorm
|-damage|p1a: Rotom|68/100|[from] Sandstorm
|-end|p2a: Staraptor|move: Yawn|[silent]
|-status|p2a: Staraptor|slp
|upkeep
|turn|4
|j| andorite2
|inactive|BambooCyclone has 30 seconds left.
|inactive|PuffTheCutie has 30 seconds left.
|inactive|PuffTheCutie has 20 seconds left.
|inactive|PuffTheCutie has 15 seconds left.
|
|t:|1786159143
|switch|p2a: Milotic|Milotic, L50, M|100/100
|move|p2b: Excadrill|Rock Slide|p1b: Swampert|[spread] p1b
|-miss|p2b: Excadrill|p1a: Rotom
|-resisted|p1b: Swampert|1
|-damage|p1b: Swampert|94/100
|move|p1a: Rotom|Overheat|p2b: Excadrill
|-supereffective|p2b: Excadrill|1
|-damage|p2b: Excadrill|0 fnt
|-unboost|p1a: Rotom|spa|2
|faint|p2b: Excadrill
|move|p1b: Swampert|Sand Tomb|p2a: Milotic
|-damage|p2a: Milotic|92/100
|-activate|p2a: Milotic|move: Sand Tomb|[of] p1b: Swampert
|
|-weather|Sandstorm|[upkeep]
|-damage|p1a: Rotom|62/100|[from] Sandstorm
|-damage|p2a: Milotic|86/100|[from] Sandstorm
|-heal|p1b: Swampert|100/100|[from] item: Leftovers
|-damage|p2a: Milotic|73/100|[from] move: Sand Tomb|[partiallytrapped]
|upkeep
|
|t:|1786159162
|switch|p2b: Tyranitar|Tyranitar, L50, M|100/100
|turn|5
|
|t:|1786159178
|move|p1a: Rotom|Protect|p1a: Rotom
|-singleturn|p1a: Rotom|Protect
|move|p2b: Tyranitar|Knock Off|p1b: Swampert
|-damage|p1b: Swampert|57/100
|-enditem|p1b: Swampert|Leftovers|[from] move: Knock Off|[of] p2b: Tyranitar
|move|p2a: Milotic|Scald|p1a: Rotom
|-activate|p1a: Rotom|move: Protect
|move|p1b: Swampert|Yawn|p2a: Milotic
|-start|p2a: Milotic|move: Yawn|[of] p1b: Swampert
|
|-weather|none
|-damage|p2a: Milotic|61/100|[from] move: Sand Tomb|[partiallytrapped]
|upkeep
|turn|6
|inactive|PuffTheCutie has 30 seconds left.
|
|t:|1786159205
|switch|p1a: Scrafty|Scrafty-Mega, L50, M|88/100
|-ability|p1a: Scrafty|Intimidate|boost
|-unboost|p2a: Milotic|atk|1
|-ability|p2a: Milotic|Competitive|boost
|-boost|p2a: Milotic|spa|2
|-unboost|p2b: Tyranitar|atk|1
|move|p2b: Tyranitar|Low Kick|p1a: Scrafty
|-supereffective|p1a: Scrafty|1
|-damage|p1a: Scrafty|65/100
|move|p2a: Milotic|Scald|p1a: Scrafty
|-damage|p1a: Scrafty|12/100
|move|p1b: Swampert|Sand Tomb|p2b: Tyranitar
|-supereffective|p2b: Tyranitar|1
|-damage|p2b: Tyranitar|83/100
|-activate|p2b: Tyranitar|move: Sand Tomb|[of] p1b: Swampert
|
|-damage|p2b: Tyranitar|70/100|[from] move: Sand Tomb|[partiallytrapped]
|-damage|p2a: Milotic|49/100|[from] move: Sand Tomb|[partiallytrapped]
|-end|p2a: Milotic|move: Yawn|[silent]
|-status|p2a: Milotic|slp
|upkeep
|-enditem|p2a: Milotic|Sitrus Berry|[eat]
|-heal|p2a: Milotic|73/100 slp|[from] item: Sitrus Berry
|turn|7
|inactive|PuffTheCutie has 30 seconds left.
|inactive|BambooCyclone has 30 seconds left.
|inactive|PuffTheCutie has 20 seconds left.
|inactive|BambooCyclone has 20 seconds left.
|inactive|BambooCyclone has 15 seconds left.
|
|t:|1786159252
|detailschange|p2b: Tyranitar|Tyranitar-Mega, L50, M
|-mega|p2b: Tyranitar|Tyranitar|Tyranitarite
|-weather|Sandstorm|[from] ability: Sand Stream|[of] p2b: Tyranitar
|move|p1a: Scrafty|Fake Out|p2b: Tyranitar
|-resisted|p2b: Tyranitar|1
|-damage|p2b: Tyranitar|65/100
|cant|p2b: Tyranitar|flinch
|cant|p2a: Milotic|slp
|move|p1b: Swampert|Yawn|p2b: Tyranitar
|-start|p2b: Tyranitar|move: Yawn|[of] p1b: Swampert
|
|-weather|Sandstorm|[upkeep]
|-damage|p2a: Milotic|67/100 slp|[from] Sandstorm
|-damage|p1a: Scrafty|6/100|[from] Sandstorm
|-damage|p2b: Tyranitar|52/100|[from] move: Sand Tomb|[partiallytrapped]
|-damage|p2a: Milotic|55/100 slp|[from] move: Sand Tomb|[partiallytrapped]
|upkeep
|turn|8
|inactive|BambooCyclone has 30 seconds left.
|inactive|PuffTheCutie has 30 seconds left.
|
|t:|1786159278
|switch|p1a: Rotom|Rotom-Heat, L50|62/100
|move|p1b: Swampert|Wide Guard|p1b: Swampert
|-singleturn|p1b: Swampert|Wide Guard
|move|p2b: Tyranitar|Rock Slide|p1b: Swampert|[spread] 
|-activate|p1a: Rotom|move: Wide Guard
|-activate|p1b: Swampert|move: Wide Guard
|cant|p2a: Milotic|slp
|
|-weather|Sandstorm|[upkeep]
|-damage|p1a: Rotom|57/100|[from] Sandstorm
|-damage|p2a: Milotic|49/100 slp|[from] Sandstorm
|-damage|p2b: Tyranitar|40/100|[from] move: Sand Tomb|[partiallytrapped]
|-end|p2a: Milotic|Sand Tomb|[partiallytrapped]
|-end|p2b: Tyranitar|move: Yawn|[silent]
|-status|p2b: Tyranitar|slp
|upkeep
|turn|9
|inactive|PuffTheCutie has 30 seconds left.
|inactive|PuffTheCutie has 20 seconds left.
|
|t:|1786159313
|move|p1a: Rotom|Discharge|p2a: Milotic|[spread] p2a,p2b
|-immune|p1b: Swampert
|-supereffective|p2a: Milotic|1
|-damage|p2a: Milotic|6/100 slp
|-damage|p2b: Tyranitar|24/100 slp
|cant|p2b: Tyranitar|slp
|-curestatus|p2a: Milotic|slp|[msg]
|move|p2a: Milotic|Scald|p1a: Rotom
|-supereffective|p1a: Rotom|1
|-crit|p1a: Rotom
|-damage|p1a: Rotom|0 fnt
|faint|p1a: Rotom
|move|p1b: Swampert|Sand Tomb|p2a: Milotic
|-damage|p2a: Milotic|0 fnt
|faint|p2a: Milotic
|
|-weather|Sandstorm|[upkeep]
|-damage|p2b: Tyranitar|12/100 slp|[from] move: Sand Tomb|[partiallytrapped]
|upkeep
|
|t:|1786159331
|switch|p1a: Scrafty|Scrafty-Mega, L50, M|6/100
|switch|p2a: Staraptor|Staraptor, L50, F|75/100 slp
|-ability|p2a: Staraptor|Intimidate|boost
|-unboost|p1a: Scrafty|atk|1
|-unboost|p1b: Swampert|atk|1
|-ability|p1a: Scrafty|Intimidate|boost
|-unboost|p2a: Staraptor|atk|1
|-unboost|p2b: Tyranitar|atk|1
|turn|10
|inactive|PuffTheCutie has 30 seconds left.
|inactive|PuffTheCutie has 20 seconds left.
|inactive|PuffTheCutie has 15 seconds left.
|
|t:|1786159371
|switch|p1b: Metagross|Metagross, L50|100/100
|cant|p2b: Tyranitar|slp
|move|p1a: Scrafty|Fake Out|p2b: Tyranitar
|-resisted|p2b: Tyranitar|1
|-damage|p2b: Tyranitar|8/100 slp
|cant|p2a: Staraptor|slp
|
|-weather|Sandstorm|[upkeep]
|-damage|p2a: Staraptor|69/100 slp|[from] Sandstorm
|-damage|p1a: Scrafty|1/100|[from] Sandstorm
|-end|p2b: Tyranitar|Sand Tomb|[partiallytrapped]|[silent]
|upkeep
|turn|11
|
|t:|1786159394
|cant|p2a: Staraptor|slp
|move|p1b: Metagross|Bullet Punch|p2b: Tyranitar
|-supereffective|p2b: Tyranitar|1
|-damage|p2b: Tyranitar|0 fnt
|faint|p2b: Tyranitar
|-damage|p1b: Metagross|90/100|[from] item: Life Orb
|move|p1a: Scrafty|Brick Break|p2a: Staraptor
|-damage|p2a: Staraptor|31/100 slp
|
|-weather|none
|upkeep
|turn|12
|
|t:|1786159409
|move|p1b: Metagross|Bullet Punch|p2a: Staraptor
|-damage|p2a: Staraptor|0 fnt
|faint|p2a: Staraptor
|-damage|p1b: Metagross|80/100|[from] item: Life Orb
|
|win|BambooCyclone
||PuffTheCutie is ready for game 3.
||BambooCyclone is ready for game 3.
|uhtml|next|Next: Game 3 of 3
