|j|☆catsharknado
|j|☆Axo of DOOM
|html|catsharknadoAxo of DOOM    
|uhtml|bestof|Game 2 of a best-of-3
|t:|1784931486
|gametype|doubles
|player|p1|catsharknado|170|1322
|player|p2|Axo of DOOM|crasherwake|1323
|gen|9
|tier|[Gen 9 Champions] VGC 2026 Reg M-B (Bo3)
|rated|
|rule|Species Clause: Limit one of each Pokémon
|rule|Item Clause: Limit 1 of each item
|clearpoke
|poke|p1|Milotic, L50, F|
|poke|p1|Floette-Eternal, L50, F|
|poke|p1|Raichu, L50, F|
|poke|p1|Ceruledge, L50, M|
|poke|p1|Sinistcha, L50|
|poke|p1|Incineroar, L50, F|
|poke|p2|Sinistcha, L50, shiny|
|poke|p2|Incineroar, L50, M|
|poke|p2|Milotic, L50, M, shiny|
|poke|p2|Raichu, L50, M|
|poke|p2|Floette-Eternal, L50, F|
|poke|p2|Ceruledge, L50, F, shiny|
|teampreview|4
|showteam|p1|Milotic||Leftovers|Competitive|Coil,Hypnosis,MuddyWater,Recover|Bold||F|||50|]Floette-Eternal||Floettite|FlowerVeil|CalmMind,DrainingKiss,DazzlingGleam,Protect|Timid||F|||50|]Raichu||RaichuniteY|LightningRod|FakeOut,ZapCannon,FocusBlast,Protect|Timid||F|||50|]Ceruledge||ColburBerry|FlashFire|Protect,BulkUp,BitterBlade,ShadowSneak|Adamant||M|||50|]Sinistcha||KasibBerry|Hospitality|MatchaGotcha,RagePowder,LifeDew,Protect|Relaxed|||||50|]Incineroar||SitrusBerry|Intimidate|FlareBlitz,ThroatChop,PartingShot,FakeOut|Impish||F|||50|
|showteam|p2|Sinistcha||KasibBerry|Hospitality|MatchaGotcha,LifeDew,RagePowder,Protect|Relaxed|||||50|]Incineroar||SitrusBerry|Intimidate|FlareBlitz,ThroatChop,FakeOut,PartingShot|Impish||M|||50|]Milotic||Leftovers|Competitive|MuddyWater,Coil,Hypnosis,Protect|Calm||M|||50|]Raichu||RaichuniteY|LightningRod|ZapCannon,FocusBlast,FakeOut,Protect|Timid||M|||50|]Floette-Eternal||Floettite|FlowerVeil|DazzlingGleam,DrainingKiss,CalmMind,Protect|Timid||F|||50|]Ceruledge||ColburBerry|FlashFire|BitterBlade,ShadowSneak,BulkUp,Protect|Adamant||F|||50|
|inactive|Battle timer is ON: inactive players will automatically lose when time's up. (requested by catsharknado)
|inactive|catsharknado has 60 seconds left.
|inactive|Axo of DOOM has 60 seconds left.
|
|t:|1784931534
|teamsize|p1|4
|teamsize|p2|4
|start
|switch|p1a: Raichu|Raichu, L50, F|100/100
|switch|p1b: Ceruledge|Ceruledge, L50, M|100/100
|switch|p2a: Ceruledge|Ceruledge, L50, F, shiny|100/100
|switch|p2b: Milotic|Milotic, L50, M, shiny|100/100
|turn|1
|inactive|Axo of DOOM has 30 seconds left.
|
|t:|1784931560
|switch|p2b: Raichu|Raichu, L50, M|100/100
|detailschange|p1a: Raichu|Raichu-Mega-Y, L50, F
|-mega|p1a: Raichu|Raichu|Raichunite Y
|move|p1a: Raichu|Zap Cannon|p2b: Raichu
|-activate|p2b: Raichu|ability: Lightning Rod
|-ability|p2b: Raichu|Lightning Rod|boost
|-boost|p2b: Raichu|spa|1
|move|p1b: Ceruledge|Bulk Up|p1b: Ceruledge
|-boost|p1b: Ceruledge|atk|1
|-boost|p1b: Ceruledge|def|1
|move|p2a: Ceruledge|Bulk Up|p2a: Ceruledge
|-boost|p2a: Ceruledge|atk|1
|-boost|p2a: Ceruledge|def|1
|
|upkeep
|turn|2
|inactive|Axo of DOOM has 30 seconds left.
|
|t:|1784931593
|move|p2b: Raichu|Fake Out|p1a: Raichu
|-damage|p1a: Raichu|87/100
|cant|p1a: Raichu|flinch
|move|p1b: Ceruledge|Bitter Blade|p2b: Raichu
|-damage|p2b: Raichu|0 fnt
|faint|p2b: Raichu
|move|p2a: Ceruledge|Bulk Up|p2a: Ceruledge
|-boost|p2a: Ceruledge|atk|1
|-boost|p2a: Ceruledge|def|1
|
|upkeep
|
|t:|1784931604
|switch|p2b: Sinistcha|Sinistcha, L50, shiny|100/100
|turn|3
|
|t:|1784931621
|move|p2b: Sinistcha|Protect|p2b: Sinistcha
|-singleturn|p2b: Sinistcha|Protect
|move|p1a: Raichu|Zap Cannon|p2a: Ceruledge
|-crit|p2a: Ceruledge
|-damage|p2a: Ceruledge|13/100
|-status|p2a: Ceruledge|par
|move|p1b: Ceruledge|Bitter Blade|p2b: Sinistcha
|-activate|p2b: Sinistcha|move: Protect
|move|p2a: Ceruledge|Bitter Blade|p1a: Raichu
|-damage|p1a: Raichu|0 fnt
|-heal|p2a: Ceruledge|53/100 par|[from] drain|[of] p1a: Raichu
|faint|p1a: Raichu
|
|upkeep
|
|t:|1784931630
|switch|p1a: Milotic|Milotic, L50, F|100/100
|turn|4
|inactive|Axo of DOOM has 30 seconds left.
|
|t:|1784931657
|switch|p2b: Milotic|Milotic, L50, M, shiny|100/100
|move|p1b: Ceruledge|Protect|p1b: Ceruledge
|-singleturn|p1b: Ceruledge|Protect
|move|p2a: Ceruledge|Shadow Sneak|p1b: Ceruledge
|-activate|p1b: Ceruledge|move: Protect
|move|p1a: Milotic|Muddy Water|p2b: Milotic|[spread] p2a,p2b
|-supereffective|p2a: Ceruledge|1
|-resisted|p2b: Milotic|1
|-damage|p2a: Ceruledge|10/100 par
|-damage|p2b: Milotic|92/100
|-unboost|p2b: Milotic|accuracy|1
|-ability|p2b: Milotic|Competitive|boost
|-boost|p2b: Milotic|spa|2
|
|-heal|p2b: Milotic|98/100|[from] item: Leftovers
|upkeep
|turn|5
|c|☆Axo of DOOM|heh
|inactive|catsharknado has 30 seconds left.
|inactive|Axo of DOOM has 30 seconds left.
|inactive|catsharknado has 20 seconds left.
|
|t:|1784931692
|switch|p1b: Sinistcha|Sinistcha, L50|100/100
|move|p2a: Ceruledge|Protect|p2a: Ceruledge
|-singleturn|p2a: Ceruledge|Protect
|move|p2b: Milotic|Coil|p2b: Milotic
|-boost|p2b: Milotic|atk|1
|-boost|p2b: Milotic|def|1
|-boost|p2b: Milotic|accuracy|1
|move|p1a: Milotic|Muddy Water|p2a: Ceruledge|[spread] p2b
|-activate|p2a: Ceruledge|move: Protect
|-resisted|p2b: Milotic|1
|-damage|p2b: Milotic|92/100
|
|-heal|p2b: Milotic|98/100|[from] item: Leftovers
|upkeep
|turn|6
|inactive|Axo of DOOM has 30 seconds left.
|
|t:|1784931717
|move|p1b: Sinistcha|Protect|p1b: Sinistcha
|-singleturn|p1b: Sinistcha|Protect
|move|p2a: Ceruledge|Shadow Sneak|p1b: Sinistcha
|-activate|p1b: Sinistcha|move: Protect
|move|p2b: Milotic|Hypnosis|p1a: Milotic
|-status|p1a: Milotic|slp|[from] move: Hypnosis
|cant|p1a: Milotic|slp
|
|-heal|p2b: Milotic|100/100|[from] item: Leftovers
|upkeep
|turn|7
|inactive|Axo of DOOM has 30 seconds left.
|inactive|Axo of DOOM has 20 seconds left.
|inactive|Axo of DOOM has 15 seconds left.
|
|t:|1784931758
|switch|p1b: Ceruledge|Ceruledge, L50, M|100/100
|move|p2a: Ceruledge|Protect|p2a: Ceruledge
|-singleturn|p2a: Ceruledge|Protect
|move|p2b: Milotic|Coil|p2b: Milotic
|-boost|p2b: Milotic|atk|1
|-boost|p2b: Milotic|def|1
|-boost|p2b: Milotic|accuracy|1
|cant|p1a: Milotic|slp
|
|upkeep
|turn|8
|inactive|Axo of DOOM has 30 seconds left.
|
|t:|1784931791
|switch|p2a: Sinistcha|Sinistcha, L50, shiny|100/100
|move|p1b: Ceruledge|Protect|p1b: Ceruledge
|-singleturn|p1b: Ceruledge|Protect
|move|p2b: Milotic|Muddy Water|p1a: Milotic|[spread] p1a
|-activate|p1b: Ceruledge|move: Protect
|-resisted|p1a: Milotic|1
|-damage|p1a: Milotic|83/100 slp
|-unboost|p1a: Milotic|accuracy|1
|-ability|p1a: Milotic|Competitive|boost
|-boost|p1a: Milotic|spa|2
|-curestatus|p1a: Milotic|slp|[msg]
|move|p1a: Milotic|Hypnosis|p2b: Milotic|[miss]
|-miss|p1a: Milotic|p2b: Milotic
|
|-heal|p1a: Milotic|89/100|[from] item: Leftovers
|upkeep
|turn|9
|c|☆Axo of DOOM|wheee
|c|☆catsharknado|oh yeah it's clown time
|inactive|catsharknado has 30 seconds left.
|
|t:|1784931817
|switch|p1b: Sinistcha|Sinistcha, L50|100/100
|-heal|p1a: Milotic|100/100|[from] ability: Hospitality|[of] p1b: Sinistcha
|move|p2b: Milotic|Hypnosis|p1b: Sinistcha
|-status|p1b: Sinistcha|slp|[from] move: Hypnosis
|move|p1a: Milotic|Coil|p1a: Milotic
|-boost|p1a: Milotic|atk|1
|-boost|p1a: Milotic|def|1
|-boost|p1a: Milotic|accuracy|1
|move|p2a: Sinistcha|Matcha Gotcha|p1b: Sinistcha|[spread] p1a,p1b
|-supereffective|p1a: Milotic|1
|-resisted|p1b: Sinistcha|1
|-damage|p1a: Milotic|64/100
|-damage|p1b: Sinistcha|89/100 slp
|
|-heal|p1a: Milotic|70/100|[from] item: Leftovers
|upkeep
|turn|10
|c|☆Axo of DOOM|getting  the drop on kingambit is so annoying
|inactive|Axo of DOOM has 30 seconds left.
|
|t:|1784931842
|switch|p2a: Ceruledge|Ceruledge, L50, F, shiny|10/100 par
|cant|p1b: Sinistcha|slp
|move|p2b: Milotic|Hypnosis|p1a: Milotic
|-status|p1a: Milotic|slp|[from] move: Hypnosis
|cant|p1a: Milotic|slp
|
|-heal|p1a: Milotic|76/100 slp|[from] item: Leftovers
|upkeep
|turn|11
|
|t:|1784931858
|move|p2a: Ceruledge|Shadow Sneak|p1b: Sinistcha
|-supereffective|p1b: Sinistcha|1
|-enditem|p1b: Sinistcha|Kasib Berry|[eat]
|-enditem|p1b: Sinistcha|Kasib Berry|[weaken]
|-damage|p1b: Sinistcha|70/100 slp
|move|p2b: Milotic|Muddy Water|p1a: Milotic|[spread] p1a,p1b
|-resisted|p1a: Milotic|1
|-resisted|p1b: Sinistcha|1
|-damage|p1a: Milotic|60/100 slp
|-damage|p1b: Sinistcha|48/100 slp
|cant|p1a: Milotic|slp
|cant|p1b: Sinistcha|slp
|
|-heal|p1a: Milotic|66/100 slp|[from] item: Leftovers
|upkeep
|turn|12
|
|t:|1784931877
|-curestatus|p1b: Sinistcha|slp|[msg]
|move|p1b: Sinistcha|Protect|p1b: Sinistcha
|-singleturn|p1b: Sinistcha|Protect
|move|p2a: Ceruledge|Shadow Sneak|p1b: Sinistcha
|-activate|p1b: Sinistcha|move: Protect
|move|p2b: Milotic|Muddy Water|p1a: Milotic|[spread] p1a
|-activate|p1b: Sinistcha|move: Protect
|-resisted|p1a: Milotic|1
|-damage|p1a: Milotic|49/100 slp
|-unboost|p1a: Milotic|accuracy|1
|-ability|p1a: Milotic|Competitive|boost
|-boost|p1a: Milotic|spa|2
|-curestatus|p1a: Milotic|slp|[msg]
|move|p1a: Milotic|Muddy Water|p2a: Ceruledge|[spread] p2a,p2b
|-supereffective|p2a: Ceruledge|1
|-resisted|p2b: Milotic|1
|-damage|p2a: Ceruledge|0 fnt
|-damage|p2b: Milotic|79/100
|faint|p2a: Ceruledge
|
|-heal|p2b: Milotic|85/100|[from] item: Leftovers
|-heal|p1a: Milotic|55/100|[from] item: Leftovers
|upkeep
|
|t:|1784931896
|switch|p2a: Sinistcha|Sinistcha, L50, shiny|100/100
|-heal|p2b: Milotic|100/100|[from] ability: Hospitality|[of] p2a: Sinistcha
|turn|13
|c|☆Axo of DOOM|cmon drop me again
|c|☆Axo of DOOM|i dare you
|
|t:|1784931917
|move|p1b: Sinistcha|Rage Powder|p1b: Sinistcha
|-singleturn|p1b: Sinistcha|move: Rage Powder
|move|p2b: Milotic|Hypnosis|p1b: Sinistcha|[miss]
|-miss|p2b: Milotic|p1b: Sinistcha
|move|p1a: Milotic|Recover|p1a: Milotic
|-heal|p1a: Milotic|100/100
|move|p2a: Sinistcha|Matcha Gotcha|p1b: Sinistcha|[spread] p1a,p1b
|-supereffective|p1a: Milotic|1
|-resisted|p1b: Sinistcha|1
|-damage|p1a: Milotic|64/100
|-damage|p1b: Sinistcha|37/100
|
|-heal|p1a: Milotic|70/100|[from] item: Leftovers
|upkeep
|turn|14
|
|t:|1784931936
|move|p1b: Sinistcha|Protect|p1b: Sinistcha
|-singleturn|p1b: Sinistcha|Protect
|move|p2b: Milotic|Hypnosis|p1a: Milotic
|-status|p1a: Milotic|slp|[from] move: Hypnosis
|cant|p1a: Milotic|slp
|move|p2a: Sinistcha|Matcha Gotcha|p1b: Sinistcha|[spread] p1a
|-activate|p1b: Sinistcha|move: Protect
|-supereffective|p1a: Milotic|1
|-damage|p1a: Milotic|37/100 slp
|
|-heal|p1a: Milotic|43/100 slp|[from] item: Leftovers
|upkeep
|turn|15
|
|t:|1784931947
|move|p2b: Milotic|Hypnosis|p1b: Sinistcha|[miss]
|-miss|p2b: Milotic|p1b: Sinistcha
|cant|p1a: Milotic|slp
|move|p1b: Sinistcha|Life Dew|p1b: Sinistcha|[spread] p1a,p1b
|-heal|p1a: Milotic|68/100 slp
|-heal|p1b: Sinistcha|62/100
|move|p2a: Sinistcha|Matcha Gotcha|p1a: Milotic|[spread] p1a,p1b
|-supereffective|p1a: Milotic|1
|-resisted|p1b: Sinistcha|1
|-damage|p1a: Milotic|35/100 slp
|-damage|p1b: Sinistcha|50/100g
|-status|p1b: Sinistcha|brn
|
|-heal|p1a: Milotic|41/100 slp|[from] item: Leftovers
|-damage|p1b: Sinistcha|44/100 brn|[from] brn
|upkeep
|turn|16
|c|☆Axo of DOOM|aaarrrrgh
|
|t:|1784931969
|move|p1b: Sinistcha|Protect|p1b: Sinistcha
|-singleturn|p1b: Sinistcha|Protect
|move|p2b: Milotic|Muddy Water|p1b: Sinistcha|[spread] p1a
|-activate|p1b: Sinistcha|move: Protect
|-resisted|p1a: Milotic|1
|-crit|p1a: Milotic
|-damage|p1a: Milotic|18/100 slp
|-curestatus|p1a: Milotic|slp|[msg]
|move|p1a: Milotic|Recover|p1a: Milotic
|-heal|p1a: Milotic|68/100
|move|p2a: Sinistcha|Matcha Gotcha|p1b: Sinistcha|[spread] 
|-activate|p1b: Sinistcha|move: Protect
|-miss|p2a: Sinistcha|p1a: Milotic
|
|-heal|p1a: Milotic|74/100|[from] item: Leftovers
|-damage|p1b: Sinistcha|38/100 brn|[from] brn
|upkeep
|turn|17
|c|☆catsharknado|god in bracket this is timer
|c|☆catsharknado|no doubt
|inactive|catsharknado has 30 seconds left.
|
|t:|1784931997
|move|p2b: Milotic|Muddy Water|p1b: Sinistcha|[spread] p1a,p1b
|-resisted|p1a: Milotic|1
|-resisted|p1b: Sinistcha|1
|-damage|p1a: Milotic|58/100
|-damage|p1b: Sinistcha|17/100 brn
|-unboost|p1a: Milotic|accuracy|1
|-ability|p1a: Milotic|Competitive|boost
|-boost|p1a: Milotic|spa|2
|move|p1a: Milotic|Muddy Water|p2a: Sinistcha|[spread] p2a,p2b
|-resisted|p2a: Sinistcha|1
|-resisted|p2b: Milotic|1
|-damage|p2a: Sinistcha|56/100
|-damage|p2b: Milotic|68/100
|-unboost|p2a: Sinistcha|accuracy|1
|move|p2a: Sinistcha|Matcha Gotcha|p1b: Sinistcha|[spread] p1b
|-miss|p2a: Sinistcha|p1a: Milotic
|-resisted|p1b: Sinistcha|1
|-damage|p1b: Sinistcha|6/100 brn
|-heal|p2a: Sinistcha|62/100|[from] drain|[of] p1b: Sinistcha
|move|p1b: Sinistcha|Life Dew|p1b: Sinistcha|[spread] p1a,p1b
|-heal|p1a: Milotic|83/100
|-heal|p1b: Sinistcha|31/100 brn
|
|-heal|p2b: Milotic|74/100|[from] item: Leftovers
|-heal|p1a: Milotic|89/100|[from] item: Leftovers
|-damage|p1b: Sinistcha|25/100 brn|[from] brn
|upkeep
|turn|18
|c|☆Axo of DOOM|+6
|inactive|Axo of DOOM has 30 seconds left.
|
|t:|1784932024
|move|p1b: Sinistcha|Rage Powder|p1b: Sinistcha
|-singleturn|p1b: Sinistcha|move: Rage Powder
|move|p2b: Milotic|Muddy Water|p1a: Milotic|[spread] p1a,p1b
|-resisted|p1a: Milotic|1
|-resisted|p1b: Sinistcha|1
|-damage|p1a: Milotic|72/100
|-damage|p1b: Sinistcha|3/100 brn
|move|p1a: Milotic|Muddy Water|p2b: Milotic|[spread] 
|-miss|p1a: Milotic|p2a: Sinistcha
|-miss|p1a: Milotic|p2b: Milotic
|move|p2a: Sinistcha|Matcha Gotcha|p1a: Milotic|[spread] p1a,p1b
|-supereffective|p1a: Milotic|1
|-resisted|p1b: Sinistcha|1
|-damage|p1a: Milotic|36/100
|-heal|p2a: Sinistcha|82/100|[from] drain|[of] p1a: Milotic
|-damage|p1b: Sinistcha|0 fnt
|-heal|p2a: Sinistcha|84/100|[from] drain|[of] p1b: Sinistcha
|faint|p1b: Sinistcha
|
|-heal|p2b: Milotic|80/100|[from] item: Leftovers
|-heal|p1a: Milotic|42/100|[from] item: Leftovers
|upkeep
|c|☆Axo of DOOM|wooohoooo
|
|t:|1784932034
|switch|p1b: Ceruledge|Ceruledge, L50, M|100/100
|turn|19
|inactive|Axo of DOOM has 30 seconds left this turn.
|inactive|Axo of DOOM has 20 seconds left.
|
|t:|1784932052
|move|p1b: Ceruledge|Protect|p1b: Ceruledge
|-singleturn|p1b: Ceruledge|Protect
|move|p2a: Sinistcha|Protect|p2a: Sinistcha
|-singleturn|p2a: Sinistcha|Protect
|move|p2b: Milotic|Hypnosis|p1a: Milotic
|-status|p1a: Milotic|slp|[from] move: Hypnosis
|cant|p1a: Milotic|slp
|
|-heal|p2b: Milotic|86/100|[from] item: Leftovers
|-heal|p1a: Milotic|48/100 slp|[from] item: Leftovers
|upkeep
|turn|20
|inactive|Axo of DOOM has 20 seconds left this turn.
|inactive|Axo of DOOM has 15 seconds left.
|inactive|Axo of DOOM has 10 seconds left.
|
|t:|1784932063
|move|p1b: Ceruledge|Bitter Blade|p2a: Sinistcha
|-supereffective|p2a: Sinistcha|1
|-damage|p2a: Sinistcha|0 fnt
|faint|p2a: Sinistcha
|move|p2b: Milotic|Hypnosis|p1b: Ceruledge
|-status|p1b: Ceruledge|slp|[from] move: Hypnosis
|-curestatus|p1a: Milotic|slp|[msg]
|move|p1a: Milotic|Recover|p1a: Milotic
|-heal|p1a: Milotic|98/100
|
|-heal|p2b: Milotic|92/100|[from] item: Leftovers
|-heal|p1a: Milotic|100/100|[from] item: Leftovers
|upkeep
|turn|21
|inactive|Axo of DOOM has 10 seconds left this turn.
|
|t:|1784932082
|cant|p1b: Ceruledge|slp
|move|p2b: Milotic|Muddy Water|p1a: Milotic|[spread] p1a,p1b
|-resisted|p1a: Milotic|1
|-supereffective|p1b: Ceruledge|1
|-damage|p1a: Milotic|85/100
|-damage|p1b: Ceruledge|0 fnt
|-unboost|p1a: Milotic|accuracy|1
|-boost|p1a: Milotic|spa|0
|faint|p1b: Ceruledge
|move|p1a: Milotic|Coil|p1a: Milotic
|-boost|p1a: Milotic|atk|1
|-boost|p1a: Milotic|def|1
|-boost|p1a: Milotic|accuracy|1
|
|-heal|p2b: Milotic|98/100|[from] item: Leftovers
|-heal|p1a: Milotic|91/100|[from] item: Leftovers
|upkeep
|turn|22
|inactive|Axo of DOOM has 10 seconds left this turn.
|c|☆Axo of DOOM|heh
|
|t:|1784932090
|move|p2b: Milotic|Muddy Water|p1a: Milotic
|-resisted|p1a: Milotic|1
|-damage|p1a: Milotic|69/100
|move|p1a: Milotic|Hypnosis|p2b: Milotic
|-status|p2b: Milotic|slp|[from] move: Hypnosis
|
|-heal|p2b: Milotic|100/100 slp|[from] item: Leftovers
|-heal|p1a: Milotic|75/100|[from] item: Leftovers
|upkeep
|turn|23
|inactive|Axo of DOOM has 10 seconds left this turn.
|c|☆catsharknado|deserved
|
|t:|1784932099
|cant|p2b: Milotic|slp
|move|p1a: Milotic|Coil|p1a: Milotic
|-boost|p1a: Milotic|atk|1
|-boost|p1a: Milotic|def|1
|-boost|p1a: Milotic|accuracy|1
|
|-heal|p1a: Milotic|81/100|[from] item: Leftovers
|upkeep
|turn|24
|inactive|Axo of DOOM has 10 seconds left this turn.
|
|t:|1784932103
|cant|p2b: Milotic|slp
|move|p1a: Milotic|Coil|p1a: Milotic
|-boost|p1a: Milotic|atk|1
|-boost|p1a: Milotic|def|1
|-boost|p1a: Milotic|accuracy|1
|
|-heal|p1a: Milotic|87/100|[from] item: Leftovers
|upkeep
|turn|25
|inactive|Axo of DOOM has 10 seconds left this turn.
|
|t:|1784932113
|-curestatus|p2b: Milotic|slp|[msg]
|move|p2b: Milotic|Hypnosis|p1a: Milotic
|-status|p1a: Milotic|slp|[from] move: Hypnosis
|cant|p1a: Milotic|slp
|
|-heal|p1a: Milotic|93/100 slp|[from] item: Leftovers
|upkeep
|turn|26
|inactive|Axo of DOOM has 10 seconds left this turn.
|
|t:|1784932116
|move|p2b: Milotic|Coil|p2b: Milotic
|-boost|p2b: Milotic|atk|1
|-boost|p2b: Milotic|def|1
|-boost|p2b: Milotic|accuracy|1
|cant|p1a: Milotic|slp
|
|-heal|p1a: Milotic|99/100 slp|[from] item: Leftovers
|upkeep
|turn|27
|inactive|Axo of DOOM has 10 seconds left this turn.
|
|t:|1784932123
|move|p2b: Milotic|Coil|p2b: Milotic
|-boost|p2b: Milotic|atk|1
|-boost|p2b: Milotic|def|1
|-boost|p2b: Milotic|accuracy|1
|-curestatus|p1a: Milotic|slp|[msg]
|move|p1a: Milotic|Coil|p1a: Milotic
|-boost|p1a: Milotic|atk|1
|-boost|p1a: Milotic|def|1
|-boost|p1a: Milotic|accuracy|1
|
|-heal|p1a: Milotic|100/100|[from] item: Leftovers
|upkeep
|turn|28
|inactive|Axo of DOOM has 10 seconds left this turn.
|
|t:|1784932127
|move|p2b: Milotic|Hypnosis|p1a: Milotic
|-status|p1a: Milotic|slp|[from] move: Hypnosis
|cant|p1a: Milotic|slp
|
|upkeep
|turn|29
|inactive|Axo of DOOM has 10 seconds left this turn.
|
|t:|1784932130
|move|p2b: Milotic|Coil|p2b: Milotic
|-boost|p2b: Milotic|atk|1
|-boost|p2b: Milotic|def|1
|-boost|p2b: Milotic|accuracy|1
|cant|p1a: Milotic|slp
|
|upkeep
|turn|30
|inactive|Axo of DOOM has 10 seconds left this turn.
|
|t:|1784932133
|move|p2b: Milotic|Coil|p2b: Milotic
|-boost|p2b: Milotic|atk|1
|-boost|p2b: Milotic|def|1
|-boost|p2b: Milotic|accuracy|1
|-curestatus|p1a: Milotic|slp|[msg]
|move|p1a: Milotic|Hypnosis|p2b: Milotic
|-status|p2b: Milotic|slp|[from] move: Hypnosis
|
|upkeep
|turn|31
|inactive|Axo of DOOM has 10 seconds left this turn.
|
|t:|1784932137
|cant|p2b: Milotic|slp
|move|p1a: Milotic|Muddy Water|p2b: Milotic
|-resisted|p2b: Milotic|1
|-damage|p2b: Milotic|62/100 slp
|
|-heal|p2b: Milotic|68/100 slp|[from] item: Leftovers
|upkeep
|turn|32
|inactive|Axo of DOOM has 10 seconds left this turn.
|
|t:|1784932141
|-curestatus|p2b: Milotic|slp|[msg]
|move|p2b: Milotic|Hypnosis|p1a: Milotic
|-status|p1a: Milotic|slp|[from] move: Hypnosis
|cant|p1a: Milotic|slp
|
|-heal|p2b: Milotic|74/100|[from] item: Leftovers
|upkeep
|turn|33
|inactive|Axo of DOOM has 10 seconds left this turn.
|
|t:|1784932145
|move|p2b: Milotic|Coil|p2b: Milotic
|-boost|p2b: Milotic|atk|0
|-boost|p2b: Milotic|def|0
|-boost|p2b: Milotic|accuracy|1
|cant|p1a: Milotic|slp
|
|-heal|p2b: Milotic|80/100|[from] item: Leftovers
|upkeep
|turn|34
|inactive|Axo of DOOM has 10 seconds left this turn.
|
|t:|1784932147
|move|p2b: Milotic|Protect|p2b: Milotic
|-singleturn|p2b: Milotic|Protect
|-curestatus|p1a: Milotic|slp|[msg]
|move|p1a: Milotic|Muddy Water|p2b: Milotic
|-activate|p2b: Milotic|move: Protect
|
|-heal|p2b: Milotic|86/100|[from] item: Leftovers
|upkeep
|turn|35
|inactive|Axo of DOOM has 10 seconds left this turn.
|
|t:|1784932150
|move|p2b: Milotic|Hypnosis|p1a: Milotic
|-status|p1a: Milotic|slp|[from] move: Hypnosis
|cant|p1a: Milotic|slp
|
|-heal|p2b: Milotic|92/100|[from] item: Leftovers
|upkeep
|turn|36
|inactive|Axo of DOOM has 10 seconds left this turn.
|
|t:|1784932157
|move|p2b: Milotic|Coil|p2b: Milotic
|-boost|p2b: Milotic|atk|0
|-boost|p2b: Milotic|def|0
|-boost|p2b: Milotic|accuracy|0
|-curestatus|p1a: Milotic|slp|[msg]
|move|p1a: Milotic|Recover||[still]
|-fail|p1a: Milotic|heal
|
|-heal|p2b: Milotic|98/100|[from] item: Leftovers
|upkeep
|turn|37
|inactive|Axo of DOOM has 10 seconds left this turn.
|inactive|catsharknado has 30 seconds left.
|
|t:|1784932163
|move|p2b: Milotic|Hypnosis|p1a: Milotic
|-status|p1a: Milotic|slp|[from] move: Hypnosis
|cant|p1a: Milotic|slp
|
|-heal|p2b: Milotic|100/100|[from] item: Leftovers
|upkeep
|turn|38
|inactive|catsharknado has 30 seconds left this turn.
|inactive|Axo of DOOM has 10 seconds left this turn.
|
|t:|1784932166
|move|p2b: Milotic|Muddy Water|p1a: Milotic
|-resisted|p1a: Milotic|1
|-damage|p1a: Milotic|77/100 slp
|-curestatus|p1a: Milotic|slp|[msg]
|move|p1a: Milotic|Coil|p1a: Milotic
|-boost|p1a: Milotic|atk|1
|-boost|p1a: Milotic|def|1
|-boost|p1a: Milotic|accuracy|1
|
|-heal|p1a: Milotic|83/100|[from] item: Leftovers
|upkeep
|turn|39
|inactive|catsharknado has 30 seconds left this turn.
|inactive|Axo of DOOM has 10 seconds left this turn.
|
|t:|1784932171
|move|p2b: Milotic|Protect|p2b: Milotic
|-singleturn|p2b: Milotic|Protect
|move|p1a: Milotic|Hypnosis|p2b: Milotic
|-activate|p2b: Milotic|move: Protect
|
|-heal|p1a: Milotic|89/100|[from] item: Leftovers
|upkeep
|turn|40
|inactive|catsharknado has 25 seconds left this turn.
|inactive|Axo of DOOM has 10 seconds left this turn.
|
|t:|1784932174
|move|p2b: Milotic|Coil|p2b: Milotic
|-boost|p2b: Milotic|atk|0
|-boost|p2b: Milotic|def|0
|-boost|p2b: Milotic|accuracy|0
|move|p1a: Milotic|Hypnosis|p2b: Milotic
|-status|p2b: Milotic|slp|[from] move: Hypnosis
|
|-heal|p1a: Milotic|95/100|[from] item: Leftovers
|upkeep
|turn|41
|inactive|catsharknado has 25 seconds left this turn.
|inactive|Axo of DOOM has 10 seconds left this turn.
|
|t:|1784932177
|cant|p2b: Milotic|slp
|move|p1a: Milotic|Muddy Water|p2b: Milotic
|-resisted|p2b: Milotic|1
|-damage|p2b: Milotic|58/100 slp
|
|-heal|p2b: Milotic|64/100 slp|[from] item: Leftovers
|-heal|p1a: Milotic|100/100|[from] item: Leftovers
|upkeep
|turn|42
|inactive|catsharknado has 25 seconds left this turn.
|inactive|Axo of DOOM has 10 seconds left this turn.
|
|t:|1784932179
|-curestatus|p2b: Milotic|slp|[msg]
|move|p2b: Milotic|Coil|p2b: Milotic
|-boost|p2b: Milotic|atk|0
|-boost|p2b: Milotic|def|0
|-boost|p2b: Milotic|accuracy|0
|move|p1a: Milotic|Muddy Water|p2b: Milotic
|-resisted|p2b: Milotic|1
|-damage|p2b: Milotic|27/100
|-unboost|p2b: Milotic|accuracy|1
|-ability|p2b: Milotic|Competitive|boost
|-boost|p2b: Milotic|spa|2
|
|-heal|p2b: Milotic|33/100|[from] item: Leftovers
|upkeep
|turn|43
|inactive|catsharknado has 25 seconds left this turn.
|inactive|Axo of DOOM has 10 seconds left this turn.
|inactive|catsharknado has 20 seconds left.
|
|t:|1784932186
|move|p2b: Milotic|Hypnosis|p1a: Milotic
|-status|p1a: Milotic|slp|[from] move: Hypnosis
|cant|p1a: Milotic|slp
|
|-heal|p2b: Milotic|39/100|[from] item: Leftovers
|upkeep
|turn|44
|inactive|catsharknado has 20 seconds left this turn.
|inactive|Axo of DOOM has 10 seconds left this turn.
|c|☆Axo of DOOM|ehehehe
|inactive|catsharknado has 15 seconds left.
|
|t:|1784932194
|move|p2b: Milotic|Protect|p2b: Milotic
|-singleturn|p2b: Milotic|Protect
|cant|p1a: Milotic|slp
|
|-heal|p2b: Milotic|45/100|[from] item: Leftovers
|upkeep
|turn|45
|inactive|catsharknado has 15 seconds left this turn.
|inactive|Axo of DOOM has 10 seconds left this turn.
|c|☆Axo of DOOM|cmon!
|
|t:|1784932198
|move|p2b: Milotic|Protect|p2b: Milotic
|-singleturn|p2b: Milotic|Protect
|-curestatus|p1a: Milotic|slp|[msg]
|move|p1a: Milotic|Hypnosis|p2b: Milotic
|-activate|p2b: Milotic|move: Protect
|
|-heal|p2b: Milotic|50/100g|[from] item: Leftovers
|upkeep
|turn|46
|inactive|catsharknado has 15 seconds left this turn.
|inactive|Axo of DOOM has 10 seconds left this turn.
|
|t:|1784932202
|move|p2b: Milotic|Hypnosis|p1a: Milotic
|-status|p1a: Milotic|slp|[from] move: Hypnosis
|cant|p1a: Milotic|slp
|
|-heal|p2b: Milotic|56/100|[from] item: Leftovers
|upkeep
|turn|47
|inactive|catsharknado has 15 seconds left this turn.
|inactive|Axo of DOOM has 10 seconds left this turn.
|
|t:|1784932205
|move|p2b: Milotic|Coil|p2b: Milotic
|-boost|p2b: Milotic|atk|0
|-boost|p2b: Milotic|def|0
|-boost|p2b: Milotic|accuracy|1
|cant|p1a: Milotic|slp
|
|-heal|p2b: Milotic|62/100|[from] item: Leftovers
|upkeep
|turn|48
|inactive|catsharknado has 15 seconds left this turn.
|inactive|Axo of DOOM has 10 seconds left this turn.
|
|t:|1784932210
|move|p2b: Milotic|Coil|p2b: Milotic
|-boost|p2b: Milotic|atk|0
|-boost|p2b: Milotic|def|0
|-boost|p2b: Milotic|accuracy|0
|-curestatus|p1a: Milotic|slp|[msg]
|move|p1a: Milotic|Hypnosis|p2b: Milotic
|-status|p2b: Milotic|slp|[from] move: Hypnosis
|
|-heal|p2b: Milotic|68/100 slp|[from] item: Leftovers
|upkeep
|turn|49
|inactive|catsharknado has 15 seconds left this turn.
|inactive|Axo of DOOM has 10 seconds left this turn.
|
|t:|1784932212
|cant|p2b: Milotic|slp
|move|p1a: Milotic|Muddy Water|p2b: Milotic
|-resisted|p2b: Milotic|1
|-damage|p2b: Milotic|27/100 slp
|
|-heal|p2b: Milotic|33/100 slp|[from] item: Leftovers
|upkeep
|turn|50
|inactive|catsharknado has 15 seconds left this turn.
|inactive|Axo of DOOM has 10 seconds left this turn.
|
|t:|1784932216
|cant|p2b: Milotic|slp
|move|p1a: Milotic|Muddy Water|p2b: Milotic
|-resisted|p2b: Milotic|1
|-damage|p2b: Milotic|0 fnt
|faint|p2b: Milotic
|
|win|catsharknado
