|j|☆stormyrat
|j|☆kheld
|html|stormyratkheld    
|uhtml|bestof|Game 3 of a best-of-3
|t:|1782186245
|gametype|doubles
|player|p1|stormyrat|265|1059
|player|p2|kheld|2|1224
|gen|9
|tier|[Gen 9 Champions] VGC 2026 Reg M-B (Bo3)
|rated|
|rule|Species Clause: Limit one of each Pokémon
|rule|Item Clause: Limit 1 of each item
|clearpoke
|poke|p1|Floette-Eternal, L50, F|
|poke|p1|Gholdengo, L50|
|poke|p1|Aerodactyl, L50, M|
|poke|p1|Incineroar, L50, F|
|poke|p1|Basculegion, L50, M|
|poke|p1|Rotom-Mow, L50|
|poke|p2|Maushold, L50|
|poke|p2|Pelipper, L50, F|
|poke|p2|Swampert, L50, M|
|poke|p2|Archaludon, L50, F|
|poke|p2|Meganium, L50, F|
|poke|p2|Farigiraf, L50, F|
|teampreview|4
|showteam|p1|Floette-Eternal||Floettite|FlowerVeil|Moonblast,LightofRuin,DazzlingGleam,Protect|Modest||F|||50|]Gholdengo||LifeOrb|GoodasGold|NastyPlot,ShadowBall,MakeItRain,Protect|Modest|||||50|]Aerodactyl||FocusSash|Unnerve|DualWingbeat,RockSlide,Tailwind,WideGuard|Jolly||M|||50|]Incineroar||SitrusBerry|Intimidate|FakeOut,PartingShot,DarkestLariat,FlareBlitz|Impish||F|||50|]Basculegion||MysticWater|Adaptability|Protect,WaveCrash,LastRespects,AquaJet|Jolly||M|||50|]Rotom-Mow||WideLens|Levitate|LeafStorm,Electroweb,VoltSwitch,Protect|Timid|||||50|
|showteam|p2|Maushold||WideLens|Technician|PopulationBomb,RainDance,FollowMe,Protect|Jolly|||||50|]Pelipper||FocusSash|Drizzle|Tailwind,Hurricane,Protect,WeatherBall|Modest||F|||50|]Swampert||Swampertite|Torrent|IcePunch,WaveCrash,Earthquake,Protect|Adamant||M|||50|]Archaludon||Leftovers|Stamina|ElectroShot,AuraSphere,FlashCannon,Protect|Modest||F|||50|]Meganium||Meganiumite|Overgrow|WeatherBall,DazzlingGleam,SolarBeam,Protect|Modest||F|||50|]Farigiraf||SitrusBerry|ArmorTail|TwinBeam,HelpingHand,TrickRoom,Thunderbolt|Bold||F|||50|
|inactive|Battle timer is ON: inactive players will automatically lose when time's up. (requested by stormyrat)
|inactive|stormyrat has 60 seconds left.
|
|t:|1782186291
|teamsize|p1|4
|teamsize|p2|4
|start
|switch|p1a: Rotom|Rotom-Mow, L50|100/100
|switch|p1b: Floette|Floette-Eternal, L50, F|100/100
|switch|p2a: Pelipper|Pelipper, L50, F|100/100
|switch|p2b: Farigiraf|Farigiraf, L50, F|100/100
|-weather|RainDance|[from] ability: Drizzle|[of] p2a: Pelipper
|turn|1
|
|t:|1782186300
|detailschange|p1b: Floette|Floette-Mega, L50, F
|-mega|p1b: Floette|Floette|Floettite
|-ability|p1b: Floette|Fairy Aura
|move|p2b: Farigiraf|Helping Hand|p2a: Pelipper
|-singleturn|p2a: Pelipper|Helping Hand|[of] p2b: Farigiraf
|move|p1a: Rotom|Electroweb|p2b: Farigiraf|[spread] p2a,p2b
|-supereffective|p2a: Pelipper|2
|-enditem|p2a: Pelipper|Focus Sash
|-damage|p2a: Pelipper|1/100
|-damage|p2b: Farigiraf|86/100
|-unboost|p2a: Pelipper|spe|1
|-unboost|p2b: Farigiraf|spe|1
|move|p1b: Floette|Dazzling Gleam|p2a: Pelipper|[spread] p2a,p2b
|-damage|p2a: Pelipper|0 fnt
|-damage|p2b: Farigiraf|45/100
|-enditem|p2b: Farigiraf|Sitrus Berry|[eat]
|-heal|p2b: Farigiraf|70/100|[from] item: Sitrus Berry
|faint|p2a: Pelipper
|
|-weather|RainDance|[upkeep]
|upkeep
|l|☆stormyrat
|inactive|stormyrat disconnected and has a minute to reconnect!
|player|p1|
|j|☆stormyrat
|inactive|stormyrat reconnected.
|player|p1|stormyrat|265|
|
|t:|1782186313
|switch|p2a: Archaludon|Archaludon, L50, F|100/100
|turn|2
|inactive|kheld has 30 seconds left.
|inactive|kheld has 20 seconds left.
|inactive|kheld has 15 seconds left.
|
|t:|1782186358
|move|p1b: Floette|Protect|p1b: Floette
|-singleturn|p1b: Floette|Protect
|move|p1a: Rotom|Electroweb|p2b: Farigiraf|[spread] p2a,p2b
|-resisted|p2a: Archaludon|1
|-damage|p2a: Archaludon|92/100
|-damage|p2b: Farigiraf|57/100
|-unboost|p2a: Archaludon|spe|1
|-unboost|p2b: Farigiraf|spe|1
|-ability|p2a: Archaludon|Stamina|boost
|-boost|p2a: Archaludon|def|1
|move|p2a: Archaludon|Electro Shot||[still]
|-prepare|p2a: Archaludon|Electro Shot
|-boost|p2a: Archaludon|spa|1
|-anim|p2a: Archaludon|Electro Shot|p1b: Floette
|-activate|p1b: Floette|move: Protect
|move|p2b: Farigiraf|Twin Beam|p1b: Floette
|-activate|p1b: Floette|move: Protect
|
|-weather|RainDance|[upkeep]
|-heal|p2a: Archaludon|98/100|[from] item: Leftovers
|upkeep
|turn|3
|inactive|stormyrat has 30 seconds left.
|inactive|stormyrat has 20 seconds left.
|
|t:|1782186395
|move|p2a: Archaludon|Protect|p2a: Archaludon
|-singleturn|p2a: Archaludon|Protect
|move|p1a: Rotom|Leaf Storm|p2a: Archaludon
|-activate|p2a: Archaludon|move: Protect
|move|p1b: Floette|Moonblast|p2a: Archaludon
|-activate|p2a: Archaludon|move: Protect
|move|p2b: Farigiraf|Trick Room|p2b: Farigiraf
|-fieldstart|move: Trick Room|[of] p2b: Farigiraf
|
|-weather|RainDance|[upkeep]
|-heal|p2a: Archaludon|100/100|[from] item: Leftovers
|upkeep
|turn|4
|
|t:|1782186410
|move|p1b: Floette|Protect|p1b: Floette
|-singleturn|p1b: Floette|Protect
|move|p2b: Farigiraf|Twin Beam|p1a: Rotom
|-damage|p1a: Rotom|82/100
|-damage|p1a: Rotom|64/100
|-hitcount|p1a: Rotom|2
|move|p2a: Archaludon|Electro Shot||[still]
|-prepare|p2a: Archaludon|Electro Shot
|-boost|p2a: Archaludon|spa|1
|-anim|p2a: Archaludon|Electro Shot|p1a: Rotom
|-resisted|p1a: Rotom|2
|-damage|p1a: Rotom|42/100
|move|p1a: Rotom|Electroweb|p2b: Farigiraf|[spread] p2a,p2b
|-resisted|p2a: Archaludon|1
|-damage|p2a: Archaludon|92/100
|-damage|p2b: Farigiraf|45/100
|-unboost|p2a: Archaludon|spe|1
|-unboost|p2b: Farigiraf|spe|1
|-ability|p2a: Archaludon|Stamina|boost
|-boost|p2a: Archaludon|def|1
|
|-weather|RainDance|[upkeep]
|-heal|p2a: Archaludon|98/100|[from] item: Leftovers
|upkeep
|turn|5
|inactive|stormyrat has 30 seconds left.
|inactive|kheld has 30 seconds left.
|
|t:|1782186443
|switch|p1b: Incineroar|Incineroar, L50, F|100/100
|-ability|p1b: Incineroar|Intimidate|boost
|-unboost|p2a: Archaludon|atk|1
|-unboost|p2b: Farigiraf|atk|1
|move|p2b: Farigiraf|Twin Beam|p1a: Rotom
|-damage|p1a: Rotom|24/100
|-damage|p1a: Rotom|6/100
|-hitcount|p1a: Rotom|2
|move|p2a: Archaludon|Flash Cannon|p1b: Incineroar
|-resisted|p1b: Incineroar|1
|-damage|p1b: Incineroar|68/100
|move|p1a: Rotom|Leaf Storm|p2b: Farigiraf
|-damage|p2b: Farigiraf|7/100
|-unboost|p1a: Rotom|spa|2
|
|-weather|none
|-heal|p2a: Archaludon|100/100|[from] item: Leftovers
|upkeep
|turn|6
|
|t:|1782186464
|move|p1a: Rotom|Protect|p1a: Rotom
|-singleturn|p1a: Rotom|Protect
|move|p2b: Farigiraf|Twin Beam|p1a: Rotom
|-activate|p1a: Rotom|move: Protect
|move|p2a: Archaludon|Aura Sphere|p1b: Incineroar
|-supereffective|p1b: Incineroar|1
|-damage|p1b: Incineroar|0 fnt
|faint|p1b: Incineroar
|
|upkeep
|
|t:|1782186474
|switch|p1b: Floette|Floette-Mega, L50, F|100/100
|-ability|p1b: Floette|Fairy Aura
|turn|7
|inactive|kheld has 30 seconds left.
|
|t:|1782186500
|move|p1b: Floette|Protect|p1b: Floette
|-singleturn|p1b: Floette|Protect
|move|p1a: Rotom|Protect||[still]
|-fail|p1a: Rotom
|move|p2b: Farigiraf|Twin Beam|p2a: Archaludon
|-resisted|p2a: Archaludon|1
|-crit|p2a: Archaludon
|-damage|p2a: Archaludon|87/100
|-ability|p2a: Archaludon|Stamina|boost
|-boost|p2a: Archaludon|def|1
|-resisted|p2a: Archaludon|1
|-damage|p2a: Archaludon|80/100
|-ability|p2a: Archaludon|Stamina|boost
|-boost|p2a: Archaludon|def|1
|-hitcount|p2a: Archaludon|2
|move|p2a: Archaludon|Flash Cannon|p1a: Rotom
|-resisted|p1a: Rotom|1
|-damage|p1a: Rotom|0 fnt
|faint|p1a: Rotom
|
|-heal|p2a: Archaludon|86/100|[from] item: Leftovers
|-fieldend|move: Trick Room
|upkeep
|
|t:|1782186514
|switch|p1a: Gholdengo|Gholdengo, L50|100/100
|turn|8
|
|t:|1782186527
|move|p2a: Archaludon|Protect|p2a: Archaludon
|-singleturn|p2a: Archaludon|Protect
|move|p1b: Floette|Dazzling Gleam|p2b: Farigiraf|[spread] p2b
|-activate|p2a: Archaludon|move: Protect
|-damage|p2b: Farigiraf|0 fnt
|faint|p2b: Farigiraf
|move|p1a: Gholdengo|Shadow Ball|p2a: Archaludon
|-activate|p2a: Archaludon|move: Protect
|
|-heal|p2a: Archaludon|92/100|[from] item: Leftovers
|upkeep
|
|t:|1782186536
|switch|p2b: Swampert|Swampert, L50, M|100/100
|turn|9
|inactive|kheld has 30 seconds left.
|
|t:|1782186566
|detailschange|p2b: Swampert|Swampert-Mega, L50, M
|-mega|p2b: Swampert|Swampert|Swampertite
|move|p1b: Floette|Dazzling Gleam|p2a: Archaludon|[spread] p2a,p2b
|-damage|p2a: Archaludon|40/100
|-damage|p2b: Swampert|48/100
|-ability|p2a: Archaludon|Stamina|boost
|-boost|p2a: Archaludon|def|1
|move|p2b: Swampert|Earthquake|p1a: Gholdengo|[spread] p2a,p1a,p1b
|-supereffective|p2a: Archaludon|1
|-crit|p2a: Archaludon
|-supereffective|p1a: Gholdengo|1
|-damage|p2a: Archaludon|0 fnt
|-damage|p1a: Gholdengo|6/100
|-damage|p1b: Floette|45/100
|faint|p2a: Archaludon
|move|p1a: Gholdengo|Shadow Ball|p2b: Swampert
|-damage|p2b: Swampert|0 fnt
|faint|p2b: Swampert
|-damage|p1a: Gholdengo|0 fnt|[from] item: Life Orb
|faint|p1a: Gholdengo
|
|win|stormyrat
|raw|stormyrat's rating: 1059 → 1104(+45 for winning)
|raw|kheld's rating: 1224 → 1188(-36 for losing)
