|j|☆PuniHina
|j|☆DibraldinhoVGC
|html|PuniHinaDibraldinhoVGC    
|uhtml|bestof|Game 3 of a best-of-3
|t:|1783392344
|gametype|doubles
|player|p1|PuniHina|lacey|1215
|player|p2|DibraldinhoVGC|1|1226
|gen|9
|tier|[Gen 9 Champions] VGC 2026 Reg M-B (Bo3)
|rated|
|rule|Species Clause: Limit one of each Pokémon
|rule|Item Clause: Limit 1 of each item
|clearpoke
|poke|p1|Meganium, L50, M, shiny|
|poke|p1|Altaria, L50, F|
|poke|p1|Incineroar, L50, M|
|poke|p1|Scizor, L50, F|
|poke|p1|Basculegion, L50, M|
|poke|p1|Garchomp, L50, M|
|poke|p2|Floette-Eternal, L50, F|
|poke|p2|Charizard, L50, M, shiny|
|poke|p2|Whimsicott, L50, M|
|poke|p2|Garchomp, L50, M|
|poke|p2|Basculegion, L50, M|
|poke|p2|Kingambit, L50, M|
|teampreview|4
|showteam|p1|Meganium||Meganiumite|LeafGuard|SolarBeam,DazzlingGleam,Protect,EarthPower|Modest||M|||50|]Altaria||RoseliBerry|CloudNine|BraveBird,Roost,Tailwind,WillOWisp|Impish||F|||50|]Incineroar||PasshoBerry|Intimidate|FakeOut,ThroatChop,FlareBlitz,PartingShot|Careful||M|||50|]Scizor||Scizorite|Technician|BulletPunch,BugBite,Protect,SwordsDance|Adamant||F|||50|]Basculegion||SitrusBerry|Adaptability|WaveCrash,LastRespects,AquaJet,Protect|Adamant||M|||50|]Garchomp||LifeOrb|RoughSkin|StompingTantrum,DragonClaw,RockSlide,Protect|Jolly||M|||50|
|showteam|p2|Floette-Eternal||Floettite|FlowerVeil|Moonblast,DazzlingGleam,LightofRuin,Protect|Modest||F|||50|]Charizard||CharizarditeY|Blaze|HeatWave,WeatherBall,SolarBeam,Protect|Modest||M|||50|]Whimsicott||FocusSash|Prankster|Moonblast,Encore,Tailwind,Protect|Timid||M|||50|]Garchomp||LifeOrb|RoughSkin|DragonClaw,Earthquake,RockSlide,Protect|Jolly||M|||50|]Basculegion||ChoiceScarf|Adaptability|WaveCrash,LastRespects,FlipTurn,AquaJet|Jolly||M|||50|]Kingambit||ChopleBerry|Defiant|KowtowCleave,IronHead,SuckerPunch,Protect|Adamant||M|||50|
|
|t:|1783392384
|teamsize|p1|4
|teamsize|p2|4
|start
|switch|p1a: Scizor|Scizor, L50, F|100/100
|switch|p1b: Incineroar|Incineroar, L50, M|100/100
|switch|p2a: Garchomp|Garchomp, L50, M|100/100
|switch|p2b: Charizard|Charizard, L50, M, shiny|100/100
|-ability|p1b: Incineroar|Intimidate|boost
|-unboost|p2a: Garchomp|atk|1
|-unboost|p2b: Charizard|atk|1
|turn|1
|inactive|Battle timer is ON: inactive players will automatically lose when time's up. (requested by DibraldinhoVGC)
|
|t:|1783392426
|detailschange|p2b: Charizard|Charizard-Mega-Y, L50, M, shiny
|-mega|p2b: Charizard|Charizard|Charizardite Y
|-weather|SunnyDay|[from] ability: Drought|[of] p2b: Charizard
|move|p1a: Scizor|Protect|p1a: Scizor
|-singleturn|p1a: Scizor|Protect
|move|p2a: Garchomp|Earthquake|p1a: Scizor|[spread] p1b
|-activate|p1a: Scizor|move: Protect
|-immune|p2b: Charizard
|-supereffective|p1b: Incineroar|1
|-damage|p1b: Incineroar|48/100
|-damage|p2a: Garchomp|90/100|[from] item: Life Orb
|move|p2b: Charizard|Heat Wave|p1b: Incineroar|[spread] p1b
|-activate|p1a: Scizor|move: Protect
|-resisted|p1b: Incineroar|1
|-damage|p1b: Incineroar|25/100
|move|p1b: Incineroar|Parting Shot|p2a: Garchomp
|-unboost|p2a: Garchomp|atk|1
|-unboost|p2a: Garchomp|spa|1
|
|t:|1783392444
|switch|p1b: Altaria|Altaria, L50, F|100/100|[from] Parting Shot
|-ability|p1b: Altaria|Cloud Nine
|
|-weather|SunnyDay|[upkeep]
|upkeep
|turn|2
|
|t:|1783392456
|switch|p2a: Whimsicott|Whimsicott, L50, M|100/100
|switch|p1a: Basculegion|Basculegion, L50, M|100/100
|move|p2b: Charizard|Heat Wave|p1a: Basculegion|[spread] p1a,p1b
|-resisted|p1a: Basculegion|1
|-resisted|p1b: Altaria|1
|-damage|p1a: Basculegion|79/100
|-damage|p1b: Altaria|79/100
|move|p1b: Altaria|Tailwind|p1b: Altaria
|-sidestart|p1: PuniHina|move: Tailwind
|
|-weather|SunnyDay|[upkeep]
|upkeep
|turn|3
|
|t:|1783392479
|switch|p2b: Garchomp|Garchomp, L50, M|90/100
|move|p1a: Basculegion|Aqua Jet|p2a: Whimsicott
|-resisted|p2a: Whimsicott|1
|-damage|p2a: Whimsicott|80/100
|move|p2a: Whimsicott|Encore|p1b: Altaria
|-start|p1b: Altaria|Encore
|move|p1b: Altaria|Tailwind||[still]
|-fail|p1b: Altaria
|
|-weather|SunnyDay|[upkeep]
|upkeep
|turn|4
|inactive|DibraldinhoVGC has 30 seconds left.
|
|t:|1783392505
|switch|p1b: Scizor|Scizor, L50, F|100/100
|switch|p1a: Incineroar|Incineroar, L50, M|25/100
|-ability|p1a: Incineroar|Intimidate|boost
|-unboost|p2a: Whimsicott|atk|1
|-unboost|p2b: Garchomp|atk|1
|move|p2a: Whimsicott|Moonblast|p1a: Incineroar
|-damage|p1a: Incineroar|1/100
|move|p2b: Garchomp|Earthquake|p1b: Scizor|[spread] p2a,p1a,p1b
|-resisted|p2a: Whimsicott|1
|-supereffective|p1a: Incineroar|1
|-damage|p2a: Whimsicott|56/100
|-damage|p1a: Incineroar|0 fnt
|-damage|p1b: Scizor|66/100
|faint|p1a: Incineroar
|-damage|p2b: Garchomp|80/100|[from] item: Life Orb
|
|-weather|SunnyDay|[upkeep]
|upkeep
|
|t:|1783392519
|switch|p1a: Basculegion|Basculegion, L50, M|79/100
|turn|5
|
|t:|1783392526
|detailschange|p1b: Scizor|Scizor-Mega, L50, F
|-mega|p1b: Scizor|Scizor|Scizorite
|move|p2a: Whimsicott|Protect|p2a: Whimsicott
|-singleturn|p2a: Whimsicott|Protect
|move|p2b: Garchomp|Protect|p2b: Garchomp
|-singleturn|p2b: Garchomp|Protect
|move|p1b: Scizor|Bullet Punch|p2a: Whimsicott
|-activate|p2a: Whimsicott|move: Protect
|move|p1a: Basculegion|Last Respects|p2b: Garchomp
|-activate|p2b: Garchomp|move: Protect
|
|-weather|none
|-sideend|p1: PuniHina|move: Tailwind
|upkeep
|turn|6
|inactive|DibraldinhoVGC has 30 seconds left.
|
|t:|1783392552
|move|p2a: Whimsicott|Tailwind|p2a: Whimsicott
|-sidestart|p2: DibraldinhoVGC|move: Tailwind
|move|p1b: Scizor|Bullet Punch|p2a: Whimsicott
|-supereffective|p2a: Whimsicott|1
|-damage|p2a: Whimsicott|0 fnt
|faint|p2a: Whimsicott
|move|p2b: Garchomp|Earthquake|p1b: Scizor|[spread] p1a,p1b
|-damage|p1a: Basculegion|51/100
|-damage|p1b: Scizor|43/100
|-damage|p2b: Garchomp|70/100|[from] item: Life Orb
|move|p1a: Basculegion|Last Respects|p2b: Garchomp
|-damage|p2b: Garchomp|11/100
|
|upkeep
|
|t:|1783392566
|switch|p2a: Charizard|Charizard-Mega-Y, L50, M, shiny|100/100
|-weather|SunnyDay|[from] ability: Drought|[of] p2a: Charizard
|turn|7
|
|t:|1783392588
|switch|p1b: Altaria|Altaria, L50, F|79/100
|-ability|p1b: Altaria|Cloud Nine
|move|p2b: Garchomp|Dragon Claw|p1b: Altaria
|-supereffective|p1b: Altaria|1
|-crit|p1b: Altaria
|-damage|p1b: Altaria|0 fnt
|faint|p1b: Altaria
|-damage|p2b: Garchomp|1/100|[from] item: Life Orb
|move|p2a: Charizard|Heat Wave|p1a: Basculegion
|-resisted|p1a: Basculegion|1
|-damage|p1a: Basculegion|8/100
|-enditem|p1a: Basculegion|Sitrus Berry|[eat]
|-heal|p1a: Basculegion|32/100|[from] item: Sitrus Berry
|move|p1a: Basculegion|Last Respects|p2a: Charizard
|-damage|p2a: Charizard|0 fnt
|faint|p2a: Charizard
|
|-weather|SunnyDay|[upkeep]
|upkeep
|
|t:|1783392608
|switch|p2a: Floette|Floette-Eternal, L50, F|100/100
|switch|p1b: Scizor|Scizor-Mega, L50, F|43/100
|turn|8
|
|t:|1783392624
|move|p2b: Garchomp|Protect|p2b: Garchomp
|-singleturn|p2b: Garchomp|Protect
|move|p1b: Scizor|Protect|p1b: Scizor
|-singleturn|p1b: Scizor|Protect
|move|p1a: Basculegion|Protect|p1a: Basculegion
|-singleturn|p1a: Basculegion|Protect
|move|p2a: Floette|Moonblast|p1a: Basculegion
|-activate|p1a: Basculegion|move: Protect
|
|-weather|SunnyDay|[upkeep]
|upkeep
|turn|9
|
|t:|1783392647
|move|p2b: Garchomp|Protect||[still]
|-fail|p2b: Garchomp
|move|p1b: Scizor|Bullet Punch|p2a: Floette
|-supereffective|p2a: Floette|1
|-damage|p2a: Floette|0 fnt
|faint|p2a: Floette
|move|p1a: Basculegion|Aqua Jet|p2b: Garchomp
|-damage|p2b: Garchomp|0 fnt
|-damage|p1a: Basculegion|20/100y|[from] ability: Rough Skin|[of] p2b: Garchomp
|faint|p2b: Garchomp
|
|win|PuniHina
|raw|PuniHina's rating: 1215 → 1241(+26 for winning)
|raw|DibraldinhoVGC's rating: 1226 → 1200(-26 for losing)
|l|☆DibraldinhoVGC
|player|p2|
