|j|☆DarkusVN
|j|‽yazz96
|html|DarkusVNyazz96    
|uhtml|bestof|Game 1 of a best-of-3
|t:|1783257953
|gametype|doubles
|player|p1|DarkusVN|266|1026
|player|p2|yazz96|265|1052
|gen|9
|tier|[Gen 9 Champions] VGC 2026 Reg M-B (Bo3)
|rated|
|rule|Species Clause: Limit one of each Pokémon
|rule|Item Clause: Limit 1 of each item
|clearpoke
|poke|p1|Kleavor, L50, M|
|poke|p1|Volcarona, L50, F|
|poke|p1|Vivillon, L50, F|
|poke|p1|Scizor, L50, M|
|poke|p1|Heracross, L50, F|
|poke|p1|Araquanid, L50, F|
|poke|p2|Farigiraf, L50, M|
|poke|p2|Meganium, L50, F|
|poke|p2|Incineroar, L50, F|
|poke|p2|Annihilape, L50, F|
|poke|p2|Pelipper, L50, F|
|poke|p2|Weavile, L50, F|
|teampreview|4
|showteam|p1|Kleavor||LifeOrb|Sharpness|StoneAxe,CloseCombat,Protect,XScissor|Jolly||M|||50|]Volcarona||SitrusBerry|FlameBody|HeatWave,Protect,Tailwind,BugBuzz|Bold||F|||50|]Vivillon||FocusSash|CompoundEyes|SleepPowder,Hurricane,PollenPuff,Protect|Timid||F|||50|]Scizor||Scizorite|Technician|BulletPunch,Protect,BugBite,DualWingbeat|Adamant||M|||50|]Heracross||Heracronite|Moxie|CloseCombat,RockBlast,PinMissile,Protect|Brave||F|||50|]Araquanid||Leftovers|WaterBubble|RainDance,Liquidation,WideGuard,LeechLife|Impish||F|||50|
|showteam|p2|Farigiraf||SitrusBerry|ArmorTail|Protect,TrickRoom,Psychic,Thunderbolt|Modest||M|||50|]Meganium||Meganiumite|Overgrow|WeatherBall,SolarBeam,DazzlingGleam,Protect|Modest||F|||50|]Incineroar||WhiteHerb|Intimidate|FakeOut,FlareBlitz,CloseCombat,DarkestLariat|Adamant||F|||50|]Annihilape||LifeOrb|Defiant|GunkShot,CloseCombat,Protect,RageFist|Jolly||F|||50|]Pelipper||Leftovers|Drizzle|WeatherBall,Hurricane,WideGuard,Protect|Modest||F|||50|]Weavile||FocusSash|Pickpocket|KnockOff,TripleAxel,IceShard,Taunt|Adamant||F|||50|
|inactive|Battle timer is ON: inactive players will automatically lose when time's up. (requested by DarkusVN)
|
|t:|1783258005
|teamsize|p1|4
|teamsize|p2|4
|start
|switch|p1a: Vivillon|Vivillon, L50, F|100/100
|switch|p1b: Kleavor|Kleavor, L50, M|100/100
|switch|p2a: Farigiraf|Farigiraf, L50, M|100/100
|switch|p2b: Incineroar|Incineroar, L50, F|100/100
|-ability|p2b: Incineroar|Intimidate|boost
|-unboost|p1a: Vivillon|atk|1
|-unboost|p1b: Kleavor|atk|1
|turn|1
|
|t:|1783258026
|move|p2b: Incineroar|Fake Out|p1a: Vivillon
|-damage|p1a: Vivillon|72/100
|cant|p1a: Vivillon|flinch
|move|p1b: Kleavor|Stone Axe|p2b: Incineroar
|-supereffective|p2b: Incineroar|1
|-damage|p2b: Incineroar|11/100
|-sidestart|p2: yazz96|move: Stealth Rock
|-damage|p1b: Kleavor|90/100|[from] item: Life Orb
|move|p2a: Farigiraf|Trick Room|p2a: Farigiraf
|-fieldstart|move: Trick Room|[of] p2a: Farigiraf
|
|upkeep
|turn|2
|inactive|yazz96 has 30 seconds left.
|inactive|yazz96 has 20 seconds left.
|
|t:|1783258063
|switch|p2b: Pelipper|Pelipper, L50, F|100/100
|-damage|p2b: Pelipper|75/100|[from] Stealth Rock
|-weather|RainDance|[from] ability: Drizzle|[of] p2b: Pelipper
|switch|p1a: Araquanid|Araquanid, L50, F|100/100
|move|p2a: Farigiraf|Psychic|p1a: Araquanid
|-damage|p1a: Araquanid|64/100
|move|p1b: Kleavor|X-Scissor|p2a: Farigiraf
|-supereffective|p2a: Farigiraf|1
|-damage|p2a: Farigiraf|0 fnt
|faint|p2a: Farigiraf
|-damage|p1b: Kleavor|80/100|[from] item: Life Orb
|
|-weather|RainDance|[upkeep]
|-heal|p1a: Araquanid|69/100|[from] item: Leftovers
|-heal|p2b: Pelipper|81/100|[from] item: Leftovers
|upkeep
|
|t:|1783258079
|switch|p2a: Meganium|Meganium, L50, F|100/100
|-damage|p2a: Meganium|87/100|[from] Stealth Rock
|turn|3
|
|t:|1783258088
|detailschange|p2a: Meganium|Meganium-Mega, L50, F
|-mega|p2a: Meganium|Meganium|Meganiumite
|move|p1b: Kleavor|Protect|p1b: Kleavor
|-singleturn|p1b: Kleavor|Protect
|move|p1a: Araquanid|Leech Life|p2a: Meganium
|-damage|p2a: Meganium|68/100
|-heal|p1a: Araquanid|80/100|[from] drain|[of] p2a: Meganium
|move|p2a: Meganium|Weather Ball|p1b: Kleavor
|-activate|p1b: Kleavor|move: Protect
|move|p2b: Pelipper|Hurricane|p1a: Araquanid
|-supereffective|p1a: Araquanid|1
|-damage|p1a: Araquanid|0 fnt
|faint|p1a: Araquanid
|
|-weather|RainDance|[upkeep]
|-heal|p2b: Pelipper|86/100|[from] item: Leftovers
|upkeep
|
|t:|1783258106
|switch|p1a: Vivillon|Vivillon, L50, F|72/100
|turn|4
|
|t:|1783258122
|move|p1a: Vivillon|Protect|p1a: Vivillon
|-singleturn|p1a: Vivillon|Protect
|move|p2a: Meganium|Weather Ball|p1a: Vivillon
|-activate|p1a: Vivillon|move: Protect
|move|p2b: Pelipper|Weather Ball|p1b: Kleavor
|-supereffective|p1b: Kleavor|1
|-damage|p1b: Kleavor|0 fnt
|faint|p1b: Kleavor
|
|-weather|RainDance|[upkeep]
|-heal|p2b: Pelipper|92/100|[from] item: Leftovers
|upkeep
|
|t:|1783258141
|switch|p1b: Scizor|Scizor, L50, M|100/100
|turn|5
|
|t:|1783258162
|switch|p2b: Incineroar|Incineroar, L50, F|11/100
|-damage|p2b: Incineroar|0 fnt|[from] Stealth Rock
|faint|p2b: Incineroar
|detailschange|p1b: Scizor|Scizor-Mega, L50, M
|-mega|p1b: Scizor|Scizor|Scizorite
|move|p1b: Scizor|Protect|p1b: Scizor
|-singleturn|p1b: Scizor|Protect
|move|p2a: Meganium|Weather Ball|p1b: Scizor
|-activate|p1b: Scizor|move: Protect
|move|p1a: Vivillon|Hurricane|p2a: Meganium
|-supereffective|p2a: Meganium|1
|-damage|p2a: Meganium|0 fnt
|faint|p2a: Meganium
|
|-weather|RainDance|[upkeep]
|-fieldend|move: Trick Room
|upkeep
|
|t:|1783258175
|switch|p2b: Pelipper|Pelipper, L50, F|92/100
|-damage|p2b: Pelipper|67/100|[from] Stealth Rock
|turn|6
|inactive|DarkusVN has 30 seconds left.
|
|t:|1783258203
|move|p1b: Scizor|Bullet Punch|p2b: Pelipper
|-resisted|p2b: Pelipper|1
|-damage|p2b: Pelipper|44/100
|move|p1a: Vivillon|Sleep Powder|p2b: Pelipper
|-status|p2b: Pelipper|slp|[from] move: Sleep Powder
|cant|p2b: Pelipper|slp
|
|-weather|none
|-heal|p2b: Pelipper|50/100g slp|[from] item: Leftovers
|upkeep
|turn|7
|inactive|DarkusVN has 30 seconds left.
|
|t:|1783258236
|move|p1b: Scizor|Bullet Punch|p2b: Pelipper
|-resisted|p2b: Pelipper|1
|-damage|p2b: Pelipper|27/100 slp
|move|p1a: Vivillon|Hurricane|p2b: Pelipper|[miss]
|-miss|p1a: Vivillon|p2b: Pelipper
|cant|p2b: Pelipper|slp
|
|-heal|p2b: Pelipper|32/100 slp|[from] item: Leftovers
|upkeep
|turn|8
|
|t:|1783258258
|move|p1a: Vivillon|Hurricane|p2b: Pelipper
|-damage|p2b: Pelipper|0 fnt
|faint|p2b: Pelipper
|
|win|DarkusVN
