|j|☆Brunito zambonin
|j|☆castoriceball
|html|Brunito zambonincastoriceball    
|uhtml|bestof|Game 3 of a best-of-3
|t:|1785637615
|gametype|doubles
|player|p1|Brunito zambonin|265|1239
|player|p2|castoriceball|miku-flying|1270
|gen|9
|tier|[Gen 9 Champions] VGC 2026 Reg M-B (Bo3)
|rated|
|rule|Species Clause: Limit one of each Pokémon
|rule|Item Clause: Limit 1 of each item
|clearpoke
|poke|p1|Charizard, L50, F|
|poke|p1|Whimsicott, L50, M|
|poke|p1|Garchomp, L50, M|
|poke|p1|Kingambit, L50, M|
|poke|p1|Sylveon, L50, F|
|poke|p1|Basculegion, L50, M|
|poke|p2|Espathra, L50, F|
|poke|p2|Sableye, L50, M|
|poke|p2|Sinistcha, L50|
|poke|p2|Floette-Eternal, L50, F|
|poke|p2|Archaludon, L50, M|
|poke|p2|Sneasler, L50, M|
|teampreview|4
|showteam|p1|Charizard||CharizarditeY|Blaze|Protect,SolarBeam,WeatherBall,HeatWave|Modest||F|||50|]Whimsicott||FocusSash|Prankster|Moonblast,Encore,Tailwind,Protect|Timid||M|||50|]Garchomp||LifeOrb|RoughSkin|Protect,RockSlide,DragonClaw,Earthquake|Adamant||M|||50|]Kingambit||ChopleBerry|Defiant|LowKick,SuckerPunch,IronHead,KowtowCleave|Adamant||M|||50|]Sylveon||FairyFeather|Pixilate|Protect,HyperVoice,HyperBeam,QuickAttack|Modest||F|||50|]Basculegion||MysticWater|Adaptability|Protect,WaveCrash,AquaJet,LastRespects|Adamant||M|||50|
|showteam|p2|Espathra||ColburBerry|SpeedBoost|CalmMind,BatonPass,LuminaCrash,Protect|Bold||F|||50|]Sableye||RoseliBerry|Prankster|FakeOut,LightScreen,Reflect,RainDance|Careful||M|||50|]Sinistcha||LifeOrb|Hospitality|RagePowder,MatchaGotcha,ShadowBall,Protect|Modest|||||50|]Floette-Eternal||Floettite|FlowerVeil|DazzlingGleam,DrainingKiss,LightofRuin,Protect|Modest||F|||50|]Archaludon||Leftovers|Stamina|FlashCannon,DragonPulse,ElectroShot,Protect|Modest||M|||50|]Sneasler||FocusSash|PoisonTouch|DireClaw,CloseCombat,FakeOut,QuickGuard|Adamant||M|||50|
|
|t:|1785637652
|teamsize|p1|4
|teamsize|p2|4
|start
|switch|p1a: Kingambit|Kingambit, L50, M|100/100
|switch|p1b: Sylveon|Sylveon, L50, F|100/100
|switch|p2a: gremlin|Sableye, L50, M|100/100
|switch|p2b: bridgecaludon|Archaludon, L50, M|100/100
|turn|1
|
|t:|1785637672
|move|p2a: gremlin|Rain Dance|p2a: gremlin
|-weather|RainDance
|move|p2b: bridgecaludon|Electro Shot||[still]
|-prepare|p2b: bridgecaludon|Electro Shot
|-boost|p2b: bridgecaludon|spa|1
|-anim|p2b: bridgecaludon|Electro Shot|p1a: Kingambit
|-damage|p1a: Kingambit|43/100
|move|p1b: Sylveon|Hyper Voice|p2b: bridgecaludon|[spread] p2a,p2b
|-supereffective|p2a: gremlin|1
|-enditem|p2a: gremlin|Roseli Berry|[eat]
|-enditem|p2a: gremlin|Roseli Berry|[weaken]
|-damage|p2a: gremlin|40/100
|-damage|p2b: bridgecaludon|40/100
|-ability|p2b: bridgecaludon|Stamina|boost
|-boost|p2b: bridgecaludon|def|1
|move|p1a: Kingambit|Low Kick|p2b: bridgecaludon
|-supereffective|p2b: bridgecaludon|1
|-damage|p2b: bridgecaludon|11/100
|-ability|p2b: bridgecaludon|Stamina|boost
|-boost|p2b: bridgecaludon|def|1
|
|-weather|RainDance|[upkeep]
|-heal|p2b: bridgecaludon|17/100|[from] item: Leftovers
|upkeep
|turn|2
|
|t:|1785637710
|move|p2b: bridgecaludon|Protect|p2b: bridgecaludon
|-singleturn|p2b: bridgecaludon|Protect
|move|p1b: Sylveon|Quick Attack|p2b: bridgecaludon
|-activate|p2b: bridgecaludon|move: Protect
|move|p2a: gremlin|Light Screen|p2a: gremlin
|-sidestart|p2: castoriceball|move: Light Screen
|move|p1a: Kingambit|Iron Head|p2a: gremlin
|-damage|p2a: gremlin|0 fnt
|faint|p2a: gremlin
|
|-weather|RainDance|[upkeep]
|-heal|p2b: bridgecaludon|23/100|[from] item: Leftovers
|upkeep
|
|t:|1785637718
|switch|p2a: Sneasler|Sneasler, L50, M|100/100
|turn|3
|
|t:|1785637756
|move|p2a: Sneasler|Fake Out|p1b: Sylveon
|-damage|p1b: Sylveon|83/100
|move|p2b: bridgecaludon|Electro Shot||[still]
|-prepare|p2b: bridgecaludon|Electro Shot
|-boost|p2b: bridgecaludon|spa|1
|-anim|p2b: bridgecaludon|Electro Shot|p1a: Kingambit
|-crit|p1a: Kingambit
|-damage|p1a: Kingambit|0 fnt
|faint|p1a: Kingambit
|cant|p1b: Sylveon|flinch
|
|-weather|RainDance|[upkeep]
|-heal|p2b: bridgecaludon|29/100|[from] item: Leftovers
|upkeep
|
|t:|1785637767
|switch|p1a: Charizard|Charizard, L50, F|100/100
|turn|4
|
|t:|1785637792
|detailschange|p1a: Charizard|Charizard-Mega-Y, L50, F
|-mega|p1a: Charizard|Charizard|Charizardite Y
|-weather|SunnyDay|[from] ability: Drought|[of] p1a: Charizard
|move|p2b: bridgecaludon|Protect|p2b: bridgecaludon
|-singleturn|p2b: bridgecaludon|Protect
|move|p2a: Sneasler|Dire Claw|p1a: Charizard
|-damage|p1a: Charizard|59/100
|-status|p1a: Charizard|psn|[from] ability: Poison Touch|[of] p2a: Sneasler
|move|p1a: Charizard|Heat Wave|p2a: Sneasler|[spread] p2a
|-activate|p2b: bridgecaludon|move: Protect
|-damage|p2a: Sneasler|43/100
|move|p1b: Sylveon|Hyper Voice|p2a: Sneasler|[spread] p2a
|-activate|p2b: bridgecaludon|move: Protect
|-damage|p2a: Sneasler|1/100
|
|-weather|SunnyDay|[upkeep]
|-heal|p2b: bridgecaludon|36/100|[from] item: Leftovers
|-damage|p1a: Charizard|46/100 psn|[from] psn
|upkeep
|turn|5
|
|t:|1785637823
|move|p2a: Sneasler|Quick Guard|p2a: Sneasler
|-singleturn|p2a: Sneasler|Quick Guard
|move|p1a: Charizard|Heat Wave|p2b: bridgecaludon|[spread] p2a,p2b
|-damage|p2a: Sneasler|0 fnt
|-damage|p2b: bridgecaludon|0 fnt
|faint|p2a: Sneasler
|faint|p2b: bridgecaludon
|move|p1b: Sylveon|Hyper Voice|p2: Sneasler|[notarget]
|-fail|p1b: Sylveon
|
|-weather|SunnyDay|[upkeep]
|-damage|p1a: Charizard|34/100 psn|[from] psn
|upkeep
|
|t:|1785637830
|switch|p2b: $70 flutter|Floette-Eternal, L50, F|100/100
|turn|6
|
|t:|1785637837
|detailschange|p2b: $70 flutter|Floette-Mega, L50, F
|-mega|p2b: $70 flutter|Floette|Floettite
|-ability|p2b: $70 flutter|Fairy Aura
|move|p1a: Charizard|Weather Ball|p2b: $70 flutter
|-damage|p2b: $70 flutter|62/100
|move|p2b: $70 flutter|Dazzling Gleam|p1a: Charizard|[spread] p1a,p1b
|-resisted|p1a: Charizard|1
|-crit|p1b: Sylveon
|-damage|p1a: Charizard|14/100 psn
|-damage|p1b: Sylveon|18/100
|move|p1b: Sylveon|Hyper Beam|p2b: $70 flutter
|-damage|p2b: $70 flutter|0 fnt
|-mustrecharge|p1b: Sylveon
|faint|p2b: $70 flutter
|
|win|Brunito zambonin
|raw|Brunito zambonin's rating: 1239 → 1266(+27 for winning)
|raw|castoriceball's rating: 1270 → 1243(-27 for losing)
