|j|☆mister.ludicolo
|j|☆spellbreakvgc
|html|mister.ludicolospellbreakvgc    
|uhtml|bestof|Game 1 of a best-of-3
|t:|1757938524
|gametype|doubles
|player|p1|mister.ludicolo|waiter-gen4dp|1042
|player|p2|spellbreakvgc|lance|1098
|gen|9
|tier|[Gen 9] VGC 2025 Reg H (Bo3)
|rated|
|rule|Species Clause: Limit one of each Pokémon
|rule|Item Clause: Limit 1 of each item
|clearpoke
|poke|p1|Pelipper, L50, M|
|poke|p1|Archaludon, L50, M|
|poke|p1|Sinistcha, L50|
|poke|p1|Maushold, L50|
|poke|p1|Ludicolo, L50, M|
|poke|p1|Kingambit, L50, M|
|poke|p2|Incineroar, L50, M|
|poke|p2|Tyranitar, L50, F|
|poke|p2|Porygon2, L50|
|poke|p2|Ursaluna, L50, M|
|poke|p2|Gholdengo, L50|
|poke|p2|Grimmsnarl, L50, M|
|teampreview|4
|showteam|p1|Pelipper||FocusSash|Drizzle|WeatherBall,Hurricane,Tailwind,Protect|||M|||50|,,,,,Ghost]Archaludon||AssaultVest|Stamina|FlashCannon,BodyPress,ElectroShot,DragonPulse|||M|||50|,,,,,Grass]Sinistcha||SitrusBerry|Hospitality|RagePowder,MatchaGotcha,TrickRoom,LifeDew||||||50|,,,,,Poison]Maushold||WideLens|Technician|Protect,RainDance,PopulationBomb,FollowMe||||||50|,,,,,Ghost]Ludicolo||LifeOrb|SwiftSwim|FakeOut,Encore,BulletSeed,WeatherBall|||M|||50|,,,,,Water]Kingambit||SafetyGoggles|Defiant|KowtowCleave,SuckerPunch,SwordsDance,Protect|||M|||50|,,,,,Dark
|showteam|p2|Incineroar||SitrusBerry|Intimidate|PartingShot,FakeOut,KnockOff,Snarl|||M|||50|,,,,,Water]Tyranitar||AssaultVest|SandStream|RockSlide,KnockOff,LowKick,Outrage|||F|||50|,,,,,Flying]Porygon2||Eviolite|Download|TrickRoom,Recover,IceBeam,TeraBlast||||||50|,,,,,Ghost]Ursaluna||FlameOrb|Guts|Earthquake,HeadlongRush,Facade,Protect|||M|||50|,,,,,Fairy]Gholdengo||Leftovers|GoodasGold|MakeItRain,ShadowBall,NastyPlot,Protect||||||50|,,,,,Dragon]Grimmsnarl||LightClay|Prankster|PartingShot,Reflect,LightScreen,SpiritBreak|||M|||50|,,,,,Ghost
|inactive|Battle timer is ON: inactive players will automatically lose when time's up. (requested by mister.ludicolo)
|inactive|mister.ludicolo has 60 seconds left.
|inactive|spellbreakvgc has 60 seconds left.
|
|t:|1757938560
|teamsize|p1|4
|teamsize|p2|4
|start
|switch|p1a: Maushold|Maushold, L50|100/100
|switch|p1b: Kingambit|Kingambit, L50, M|100/100
|switch|p2a: Grimmsnarl|Grimmsnarl, L50, M|100/100
|switch|p2b: Gholdengo|Gholdengo, L50|100/100
|turn|1
|
|t:|1757938579
|move|p2a: Grimmsnarl|Reflect|p2a: Grimmsnarl
|-sidestart|p2: spellbreakvgc|Reflect
|move|p1a: Maushold|Population Bomb|p2a: Grimmsnarl
|-damage|p2a: Grimmsnarl|93/100
|-damage|p2a: Grimmsnarl|85/100
|-damage|p2a: Grimmsnarl|78/100
|-damage|p2a: Grimmsnarl|70/100
|-damage|p2a: Grimmsnarl|63/100
|-damage|p2a: Grimmsnarl|55/100
|-damage|p2a: Grimmsnarl|48/100
|-damage|p2a: Grimmsnarl|41/100
|-damage|p2a: Grimmsnarl|34/100
|-damage|p2a: Grimmsnarl|26/100
|-hitcount|p2a: Grimmsnarl|10
|move|p2b: Gholdengo|Nasty Plot|p2b: Gholdengo
|-boost|p2b: Gholdengo|spa|2
|move|p1b: Kingambit|Swords Dance|p1b: Kingambit
|-boost|p1b: Kingambit|atk|2
|
|upkeep
|turn|2
|inactive|mister.ludicolo has 30 seconds left.
|inactive|spellbreakvgc has 30 seconds left.
|inactive|mister.ludicolo has 20 seconds left.
|inactive|spellbreakvgc has 20 seconds left.
|inactive|mister.ludicolo has 15 seconds left.
|inactive|spellbreakvgc has 15 seconds left.
|inactive|spellbreakvgc has 10 seconds left.
|
|t:|1757938626
|move|p2b: Gholdengo|Protect|p2b: Gholdengo
|-singleturn|p2b: Gholdengo|Protect
|move|p1b: Kingambit|Sucker Punch||[still]
|-fail|p1b: Kingambit
|move|p2a: Grimmsnarl|Light Screen|p2a: Grimmsnarl
|-sidestart|p2: spellbreakvgc|move: Light Screen
|move|p1a: Maushold|Population Bomb|p2a: Grimmsnarl
|-damage|p2a: Grimmsnarl|19/100
|-damage|p2a: Grimmsnarl|11/100
|-damage|p2a: Grimmsnarl|5/100
|-damage|p2a: Grimmsnarl|0 fnt
|faint|p2a: Grimmsnarl
|-hitcount|p2: Grimmsnarl|4
|
|upkeep
|inactive|spellbreakvgc has 30 seconds left.
|inactive|spellbreakvgc has 20 seconds left.
|
|t:|1757938666
|switch|p2a: Tyranitar|Tyranitar, L50, F|100/100
|-weather|Sandstorm|[from] ability: Sand Stream|[of] p2a: Tyranitar
|turn|3
|
|t:|1757938685
|switch|p1a: Pelipper|Pelipper, L50, M|100/100
|-weather|RainDance|[from] ability: Drizzle|[of] p1a: Pelipper
|-terastallize|p2b: Gholdengo|Dragon
|-terastallize|p1b: Kingambit|Dark
|move|p1b: Kingambit|Sucker Punch|p2b: Gholdengo
|-damage|p2b: Gholdengo|45/100
|move|p2b: Gholdengo|Make It Rain|p1b: Kingambit|[spread] p1a,p1b
|-resisted|p1a: Pelipper
|-damage|p1a: Pelipper|32/100
|-damage|p1b: Kingambit|17/100
|-unboost|p2b: Gholdengo|spa|1
|move|p2a: Tyranitar|Rock Slide|p1a: Pelipper|[spread] p1a,p1b
|-supereffective|p1a: Pelipper
|-crit|p1a: Pelipper
|-damage|p1a: Pelipper|0 fnt
|-damage|p1b: Kingambit|0 fnt
|faint|p1a: Pelipper
|faint|p1b: Kingambit
|
|-weather|RainDance|[upkeep]
|-heal|p2b: Gholdengo|51/100|[from] item: Leftovers
|upkeep
|
|t:|1757938705
|switch|p1a: Sinistcha|Sinistcha, L50|100/100
|switch|p1b: Maushold|Maushold, L50|100/100
|turn|4
|inactive|spellbreakvgc has 30 seconds left.
|inactive|spellbreakvgc has 20 seconds left.
|inactive|spellbreakvgc has 15 seconds left.
|inactive|spellbreakvgc has 10 seconds left.
|
|t:|1757938755
|switch|p2a: Incineroar|Incineroar, L50, M|100/100
|-ability|p2a: Incineroar|Intimidate|boost
|-unboost|p1a: Sinistcha|atk|1
|-unboost|p1b: Maushold|atk|1
|move|p2b: Gholdengo|Protect|p2b: Gholdengo
|-singleturn|p2b: Gholdengo|Protect
|move|p1b: Maushold|Population Bomb|p2b: Gholdengo
|-activate|p2b: Gholdengo|move: Protect
|move|p1a: Sinistcha|Matcha Gotcha|p2a: Incineroar|[spread] p2a
|-activate|p2b: Gholdengo|move: Protect
|-resisted|p2a: Incineroar
|-damage|p2a: Incineroar|95/100
|
|-weather|RainDance|[upkeep]
|-heal|p2b: Gholdengo|57/100|[from] item: Leftovers
|upkeep
|turn|5
|inactive|mister.ludicolo has 30 seconds left.
|inactive|spellbreakvgc has 30 seconds left.
|
|t:|1757938782
|move|p1b: Maushold|Protect|p1b: Maushold
|-singleturn|p1b: Maushold|Protect
|move|p1a: Sinistcha|Matcha Gotcha|p2b: Gholdengo|[spread] p2a,p2b
|-resisted|p2a: Incineroar
|-resisted|p2b: Gholdengo
|-damage|p2a: Incineroar|89/100
|-damage|p2b: Gholdengo|51/100
|-status|p2b: Gholdengo|brn
|move|p2b: Gholdengo|Shadow Ball|p1a: Sinistcha
|-supereffective|p1a: Sinistcha
|-damage|p1a: Sinistcha|8/100
|-enditem|p1a: Sinistcha|Sitrus Berry|[eat]
|-heal|p1a: Sinistcha|33/100|[from] item: Sitrus Berry
|move|p2a: Incineroar|Parting Shot|p1b: Maushold
|-activate|p1b: Maushold|move: Protect
|
|-weather|RainDance|[upkeep]
|-heal|p2b: Gholdengo|57/100 brn|[from] item: Leftovers
|-damage|p2b: Gholdengo|51/100 brn|[from] brn
|upkeep
|turn|6
|
|t:|1757938804
|move|p2b: Gholdengo|Protect|p2b: Gholdengo
|-singleturn|p2b: Gholdengo|Protect
|move|p1b: Maushold|Population Bomb|p2b: Gholdengo
|-activate|p2b: Gholdengo|move: Protect
|move|p1a: Sinistcha|Life Dew||[still]|[spread] p1a,p1b
|-heal|p1a: Sinistcha|58/100
|-fail|p1b: Maushold|heal
|move|p2a: Incineroar|Knock Off|p1b: Maushold
|-damage|p1b: Maushold|36/100
|-enditem|p1b: Maushold|Wide Lens|[from] move: Knock Off|[of] p2a: Incineroar
|
|-weather|RainDance|[upkeep]
|-heal|p2b: Gholdengo|57/100 brn|[from] item: Leftovers
|-damage|p2b: Gholdengo|51/100 brn|[from] brn
|upkeep
|turn|7
|
|t:|1757938821
|move|p1b: Maushold|Protect|p1b: Maushold
|-singleturn|p1b: Maushold|Protect
|move|p1a: Sinistcha|Life Dew|p1a: Sinistcha|[spread] p1a,p1b
|-heal|p1a: Sinistcha|84/100
|-heal|p1b: Maushold|62/100
|move|p2b: Gholdengo|Make It Rain|p1b: Maushold|[spread] p1a
|-activate|p1b: Maushold|move: Protect
|-damage|p1a: Sinistcha|33/100
|-unboost|p2b: Gholdengo|spa|1
|move|p2a: Incineroar|Knock Off|p1a: Sinistcha
|-supereffective|p1a: Sinistcha
|-damage|p1a: Sinistcha|0 fnt
|faint|p1a: Sinistcha
|
|-weather|none
|-heal|p2b: Gholdengo|57/100 brn|[from] item: Leftovers
|-damage|p2b: Gholdengo|51/100 brn|[from] brn
|upkeep
|turn|8
|
|t:|1757938839
|move|p2b: Gholdengo|Protect|p2b: Gholdengo
|-singleturn|p2b: Gholdengo|Protect
|move|p1b: Maushold|Population Bomb|p2b: Gholdengo
|-activate|p2b: Gholdengo|move: Protect
|move|p2a: Incineroar|Parting Shot|p1b: Maushold
|-unboost|p1b: Maushold|atk|1
|-unboost|p1b: Maushold|spa|1
|-message|mister.ludicolo forfeited.
|
|win|spellbreakvgc
|l|☆mister.ludicolo
|player|p1|
||mister.ludicolo is ready for game 2.
||spellbreakvgc is ready for game 2.
|uhtml|next|Next: Game 2 of 3
