|j|☆akucintaindonesia
|j|☆ovalboi
|html|akucintaindonesiaovalboi    
|uhtml|bestof|Game 1 of a best-of-3
|t:|1782710877
|gametype|doubles
|player|p1|akucintaindonesia|169|1024
|player|p2|ovalboi|acetrainer-gen4dp|1178
|gen|9
|tier|[Gen 9 Champions] VGC 2026 Reg M-B (Bo3)
|rated|
|rule|Species Clause: Limit one of each Pokémon
|rule|Item Clause: Limit 1 of each item
|clearpoke
|poke|p1|Scrafty, L50, F|
|poke|p1|Farigiraf, L50, M|
|poke|p1|Archaludon, L50, M|
|poke|p1|Annihilape, L50, F|
|poke|p1|Zoroark-Hisui, L50, M|
|poke|p1|Scolipede, L50, F|
|poke|p2|Dragonite, L50, F|
|poke|p2|Incineroar, L50, M|
|poke|p2|Toxapex, L50, F|
|poke|p2|Sinistcha, L50|
|poke|p2|Floette-Eternal, L50, F|
|poke|p2|Sneasler, L50, M|
|teampreview|4
|showteam|p1|Scrafty||Scraftinite|Intimidate|FakeOut,Protect,HighJumpKick,KnockOff|Careful||F|||50|]Farigiraf||SitrusBerry|ArmorTail|HelpingHand,Protect,Psychic,DazzlingGleam|Bold||M|||50|]Archaludon||DragonFang|Stamina|DracoMeteor,DragonPulse,FlashCannon,Protect|Calm||M|||50|]Annihilape||ChoiceScarf|Defiant|RageFist,DrainPunch,CloseCombat,GunkShot|Jolly||F|||50|]Zoroark-Hisui||FocusSash|Illusion|IcyWind,BitterMalice,Snarl,Protect|Timid||M|||50|]Scolipede||Scolipite|SpeedBoost|RockSlide,GunkShot,Toxic,Protect|Adamant||F|||50|
|showteam|p2|Dragonite||Dragoninite|Multiscale|DragonPulse,Thunderbolt,HeatWave,Protect|Timid||F|||50|]Incineroar||SitrusBerry|Intimidate|FlareBlitz,ThroatChop,FakeOut,PartingShot|Jolly||M|||50|]Toxapex||Leftovers|Regenerator|Toxic,Infestation,Recover,BanefulBunker|Calm||F|||50|]Sinistcha||KasibBerry|Hospitality|MatchaGotcha,RagePowder,TrickRoom,Protect|Calm|||||50|]Floette-Eternal||Floettite|FlowerVeil|Moonblast,DrainingKiss,CalmMind,Protect|Timid||F|||50|]Sneasler||FocusSash|PoisonTouch|CloseCombat,PoisonJab,FakeOut,ThroatChop|Jolly||M|||50|
|
|t:|1782710967
|teamsize|p1|4
|teamsize|p2|4
|start
|switch|p1a: Archaludon|Archaludon, L50, M|100/100
|switch|p1b: Annihilape|Annihilape, L50, F|100/100
|switch|p2a: Toxapex|Toxapex, L50, F|100/100
|switch|p2b: Incineroar|Incineroar, L50, M|100/100
|-ability|p2b: Incineroar|Intimidate|boost
|-unboost|p1a: Archaludon|atk|1
|-unboost|p1b: Annihilape|atk|1
|-ability|p1b: Annihilape|Defiant|boost
|-boost|p1b: Annihilape|atk|2
|turn|1
|
|t:|1782710995
|move|p2b: Incineroar|Fake Out|p1a: Archaludon
|-immune|p1a: Archaludon
|move|p1b: Annihilape|Close Combat|p2b: Incineroar
|-supereffective|p2b: Incineroar|1
|-damage|p2b: Incineroar|0 fnt
|-unboost|p1b: Annihilape|def|1
|-unboost|p1b: Annihilape|spd|1
|faint|p2b: Incineroar
|move|p1a: Archaludon|Bitter Malice|p2a: Toxapex
|-damage|p2a: Toxapex|72/100
|-unboost|p2a: Toxapex|atk|1
|move|p2a: Toxapex|Toxic|p1b: Annihilape
|-status|p1b: Annihilape|tox
|
|-heal|p2a: Toxapex|78/100|[from] item: Leftovers
|-damage|p1b: Annihilape|94/100 tox|[from] psn
|upkeep
|
|t:|1782711028
|switch|p2b: Floette|Floette-Eternal, L50, F|100/100
|turn|2
|
|t:|1782711060
|switch|p1b: Scolipede|Scolipede, L50, F|100/100
|detailschange|p2b: Floette|Floette-Mega, L50, F
|-mega|p2b: Floette|Floette|Floettite
|-ability|p2b: Floette|Fairy Aura
|move|p1a: Archaludon|Snarl|p2a: Toxapex|[spread] p2a,p2b
|-resisted|p2b: Floette|1
|-damage|p2a: Toxapex|68/100
|-damage|p2b: Floette|94/100
|-unboost|p2a: Toxapex|spa|1
|-unboost|p2b: Floette|spa|1
|move|p2b: Floette|Draining Kiss|p1b: Scolipede
|-resisted|p1b: Scolipede|1
|-damage|p1b: Scolipede|86/100
|-heal|p2b: Floette|100/100|[from] drain|[of] p1b: Scolipede
|move|p2a: Toxapex|Infestation|p1a: Archaludon
|-resisted|p1a: Archaludon|1
|-damage|p1a: Archaludon|98/100
|-activate|p1a: Archaludon|move: Infestation|[of] p2a: Toxapex
|replace|p1a: Zoroark|Zoroark-Hisui, L50, M
|-end|p1a: Zoroark|Illusion
|
|-heal|p2a: Toxapex|73/100|[from] item: Leftovers
|-damage|p1a: Zoroark|86/100|[from] move: Infestation|[partiallytrapped]
|upkeep
|turn|3
|
|t:|1782711095
|switch|p2b: Sneasler|Sneasler, L50, M|100/100
|move|p1a: Zoroark|Snarl|p2a: Toxapex|[spread] p2a,p2b
|-resisted|p2b: Sneasler|1
|-damage|p2a: Toxapex|64/100
|-damage|p2b: Sneasler|91/100
|-unboost|p2a: Toxapex|spa|1
|-unboost|p2b: Sneasler|spa|1
|move|p1b: Scolipede|Toxic|p2b: Sneasler
|-immune|p2b: Sneasler
|move|p2a: Toxapex|Toxic|p1a: Zoroark
|-status|p1a: Zoroark|tox
|
|-heal|p2a: Toxapex|70/100|[from] item: Leftovers
|-damage|p1a: Zoroark|80/100 tox|[from] psn
|-damage|p1a: Zoroark|68/100 tox|[from] move: Infestation|[partiallytrapped]
|-ability|p1b: Scolipede|Speed Boost|boost
|-boost|p1b: Scolipede|spe|1
|upkeep
|turn|4
|
|t:|1782711150
|move|p1b: Scolipede|Protect|p1b: Scolipede
|-singleturn|p1b: Scolipede|Protect
|move|p2b: Sneasler|Throat Chop|p1a: Zoroark
|-supereffective|p1a: Zoroark|1
|-crit|p1a: Zoroark
|-damage|p1a: Zoroark|0 fnt
|faint|p1a: Zoroark
|move|p2a: Toxapex|Infestation|p1b: Scolipede
|-activate|p1b: Scolipede|move: Protect
|
|-heal|p2a: Toxapex|75/100|[from] item: Leftovers
|-ability|p1b: Scolipede|Speed Boost|boost
|-boost|p1b: Scolipede|spe|1
|upkeep
|
|t:|1782711157
|switch|p1a: Annihilape|Annihilape, L50, F|94/100 tox
|turn|5
|
|t:|1782711201
|detailschange|p1b: Scolipede|Scolipede-Mega, L50, F
|-mega|p1b: Scolipede|Scolipede|Scolipite
|move|p2a: Toxapex|Baneful Bunker|p2a: Toxapex
|-singleturn|p2a: Toxapex|move: Protect
|move|p1a: Annihilape|Rage Fist|p2b: Sneasler
|-damage|p2b: Sneasler|52/100
|move|p2b: Sneasler|Throat Chop|p1b: Scolipede
|-damage|p1b: Scolipede|65/100
|-start|p1b: Scolipede|Throat Chop|[silent]
|move|p1b: Scolipede|Rock Slide|p2a: Toxapex|[spread] p2b
|-activate|p2a: Toxapex|move: Protect
|-resisted|p2b: Sneasler|1
|-damage|p2b: Sneasler|36/100
|
|-heal|p2a: Toxapex|81/100|[from] item: Leftovers
|-damage|p1a: Annihilape|88/100 tox|[from] psn
|upkeep
|turn|6
|
|t:|1782711235
|move|p1a: Annihilape|Rage Fist|p2b: Sneasler
|-damage|p2b: Sneasler|0 fnt
|faint|p2b: Sneasler
|move|p1b: Scolipede|Rock Slide|p2a: Toxapex
|-damage|p2a: Toxapex|64/100
|cant|p2a: Toxapex|flinch
|
|-heal|p2a: Toxapex|70/100|[from] item: Leftovers
|-damage|p1a: Annihilape|76/100 tox|[from] psn
|-end|p1b: Scolipede|Throat Chop|[silent]
|upkeep
|
|t:|1782711244
|switch|p2b: Floette|Floette-Mega, L50, F|100/100
|-ability|p2b: Floette|Fairy Aura
|turn|7
|
|t:|1782711251
|move|p2b: Floette|Protect|p2b: Floette
|-singleturn|p2b: Floette|Protect
|move|p1a: Annihilape|Rage Fist|p2b: Floette
|-activate|p2b: Floette|move: Protect
|move|p1b: Scolipede|Gunk Shot|p2b: Floette
|-activate|p2b: Floette|move: Protect
|move|p2a: Toxapex|Infestation|p1b: Scolipede
|-resisted|p1b: Scolipede|1
|-damage|p1b: Scolipede|64/100
|-activate|p1b: Scolipede|move: Infestation|[of] p2a: Toxapex
|
|-heal|p2a: Toxapex|75/100|[from] item: Leftovers
|-damage|p1a: Annihilape|58/100 tox|[from] psn
|-damage|p1b: Scolipede|52/100|[from] move: Infestation|[partiallytrapped]
|upkeep
|turn|8
|
|t:|1782711313
|move|p2b: Floette|Protect||[still]
|-fail|p2b: Floette
|move|p1a: Annihilape|Rage Fist|p2b: Floette
|-damage|p2b: Floette|68/100
|move|p1b: Scolipede|Toxic|p2b: Floette
|-status|p2b: Floette|tox
|move|p2a: Toxapex|Recover|p2a: Toxapex
|-heal|p2a: Toxapex|100/100
|
|-damage|p1a: Annihilape|34/100 tox|[from] psn
|-damage|p2b: Floette|62/100 tox|[from] psn
|-damage|p1b: Scolipede|40/100|[from] move: Infestation|[partiallytrapped]
|upkeep
|turn|9
|
|t:|1782711364
|move|p2a: Toxapex|Baneful Bunker|p2a: Toxapex
|-singleturn|p2a: Toxapex|move: Protect
|move|p1a: Annihilape|Rage Fist|p2a: Toxapex
|-activate|p2a: Toxapex|move: Protect
|move|p2b: Floette|Draining Kiss|p1a: Annihilape
|-supereffective|p1a: Annihilape|1
|-damage|p1a: Annihilape|0 fnt
|-heal|p2b: Floette|97/100 tox|[from] drain|[of] p1a: Annihilape
|faint|p1a: Annihilape
|move|p1b: Scolipede|Gunk Shot|p2b: Floette
|-supereffective|p2b: Floette|1
|-damage|p2b: Floette|0 fnt
|faint|p2b: Floette
|
|-damage|p1b: Scolipede|28/100|[from] move: Infestation|[partiallytrapped]
|upkeep
|
|t:|1782711377
|switch|p1a: Archaludon|Archaludon, L50, M|100/100
|turn|10
|
|t:|1782711397
|move|p1b: Scolipede|Rock Slide|p2a: Toxapex
|-damage|p2a: Toxapex|81/100
|move|p1a: Archaludon|Draco Meteor|p2a: Toxapex
|-damage|p2a: Toxapex|29/100
|-unboost|p1a: Archaludon|spa|2
|move|p2a: Toxapex|Infestation|p1a: Archaludon
|-resisted|p1a: Archaludon|1
|-damage|p1a: Archaludon|99/100
|-activate|p1a: Archaludon|move: Infestation|[of] p2a: Toxapex
|-ability|p1a: Archaludon|Stamina|boost
|-boost|p1a: Archaludon|def|1
|
|-heal|p2a: Toxapex|35/100|[from] item: Leftovers
|-damage|p1b: Scolipede|16/100|[from] move: Infestation|[partiallytrapped]
|-damage|p1a: Archaludon|87/100|[from] move: Infestation|[partiallytrapped]
|upkeep
|turn|11
|
|t:|1782711413
|move|p2a: Toxapex|Baneful Bunker|p2a: Toxapex
|-singleturn|p2a: Toxapex|move: Protect
|move|p1b: Scolipede|Gunk Shot|p2a: Toxapex
|-activate|p2a: Toxapex|move: Protect
|move|p1a: Archaludon|Draco Meteor|p2a: Toxapex
|-activate|p2a: Toxapex|move: Protect
|
|-heal|p2a: Toxapex|41/100|[from] item: Leftovers
|-end|p1b: Scolipede|Infestation|[partiallytrapped]
|-damage|p1a: Archaludon|75/100|[from] move: Infestation|[partiallytrapped]
|upkeep
|turn|12
|
|t:|1782711422
|move|p1b: Scolipede|Rock Slide|p2a: Toxapex
|-damage|p2a: Toxapex|23/100
|move|p1a: Archaludon|Draco Meteor|p2a: Toxapex
|-damage|p2a: Toxapex|0 fnt
|-unboost|p1a: Archaludon|spa|2
|faint|p2a: Toxapex
|
|win|akucintaindonesia
||akucintaindonesia is ready for game 2.
||ovalboi is ready for game 2.
|uhtml|next|Next: Game 2 of 3
|l|☆akucintaindonesia
|player|p1|
