|j|☆x-demon18
|j|☆gg4g3
|html|x-demon18gg4g3    
|uhtml|bestof|Game 2 of a best-of-3
|t:|1784568670
|gametype|doubles
|player|p1|x-demon18|lucas|1110
|player|p2|gg4g3|miku-ghost|1263
|gen|9
|tier|[Gen 9 Champions] VGC 2026 Reg M-B (Bo3)
|rated|
|rule|Species Clause: Limit one of each Pokémon
|rule|Item Clause: Limit 1 of each item
|clearpoke
|poke|p1|Incineroar, L50, F|
|poke|p1|Rotom-Wash, L50|
|poke|p1|Venusaur, L50, M|
|poke|p1|Corviknight, L50, F|
|poke|p1|Sylveon, L50, F|
|poke|p1|Garchomp, L50, M|
|poke|p2|Charizard, L50, F|
|poke|p2|Incineroar, L50, F|
|poke|p2|Aerodactyl, L50, M|
|poke|p2|Sylveon, L50, F|
|poke|p2|Garchomp, L50, F|
|poke|p2|Farigiraf, L50, F|
|teampreview|4
|showteam|p1|Incineroar||ExpertBelt|Intimidate|FakeOut,TemperFlare,ThroatChop,PartingShot|Adamant||F|||50|]Rotom-Wash||RindoBerry|Levitate|HydroPump,Electroweb,WillOWisp,VoltSwitch|Modest|||||50|]Venusaur||Venusaurite|Chlorophyll|GigaDrain,SludgeBomb,EarthPower,Protect|Modest||M|||50|]Corviknight||OccaBerry|MirrorArmor|Tailwind,DualWingbeat,IronHead,BodyPress|Adamant||F|||50|]Sylveon||FairyFeather|Pixilate|HyperVoice,QuickAttack,Yawn,Detect|Modest||F|||50|]Garchomp||LifeOrb|RoughSkin|RockSlide,DragonClaw,StompingTantrum,Protect|Jolly||M|||50|
|showteam|p2|Charizard||CharizarditeY|Blaze|HeatWave,SolarBeam,WeatherBall,Protect|Timid||F|||50|]Incineroar||ChopleBerry|Intimidate|FakeOut,PartingShot,FlareBlitz,ThroatChop|Careful||F|||50|]Aerodactyl||Aerodactylite|Unnerve|RockSlide,DualWingbeat,Tailwind,Protect|Jolly||M|||50|]Sylveon||FairyFeather|Pixilate|HyperVoice,HyperBeam,QuickAttack,Detect|Modest||F|||50|]Garchomp||LifeOrb|RoughSkin|Earthquake,DragonClaw,RockSlide,Protect|Jolly||F|||50|]Farigiraf||SitrusBerry|ArmorTail|Psychic,TrickRoom,HelpingHand,Protect|Sassy||F|||50|
|inactive|Battle timer is ON: inactive players will automatically lose when time's up. (requested by gg4g3)
|inactive|gg4g3 has 60 seconds left.
|
|t:|1784568707
|teamsize|p1|4
|teamsize|p2|4
|start
|switch|p1a: Wolverine|Incineroar, L50, F|100/100
|switch|p1b: HydroVolt|Rotom-Wash, L50|100/100
|switch|p2a: Aerodactyl|Aerodactyl, L50, M|100/100
|switch|p2b: Sylveon|Sylveon, L50, F|100/100
|-ability|p2a: Aerodactyl|Unnerve
|-ability|p1a: Wolverine|Intimidate|boost
|-unboost|p2a: Aerodactyl|atk|1
|-unboost|p2b: Sylveon|atk|1
|turn|1
|inactive|gg4g3 has 30 seconds left.
|
|t:|1784568743
|move|p2a: Aerodactyl|Protect|p2a: Aerodactyl
|-singleturn|p2a: Aerodactyl|Protect
|move|p1a: Wolverine|Fake Out|p2b: Sylveon
|-damage|p2b: Sylveon|85/100
|move|p1b: HydroVolt|Volt Switch|p2b: Sylveon
|-damage|p2b: Sylveon|62/100
|
|t:|1784568751
|switch|p1b: Frieren|Sylveon, L50, F|100/100|[from] Volt Switch
|cant|p2b: Sylveon|flinch
|
|upkeep
|turn|2
|inactive|x-demon18 has 30 seconds left.
|
|t:|1784568778
|switch|p1a: HydroVolt|Rotom-Wash, L50|100/100
|move|p2a: Aerodactyl|Rock Slide|p1b: Frieren|[spread] p1a,p1b
|-crit|p1b: Frieren
|-damage|p1a: HydroVolt|82/100
|-damage|p1b: Frieren|62/100
|move|p2b: Sylveon|Hyper Voice|p1a: HydroVolt|[spread] p1a,p1b
|-damage|p1a: HydroVolt|32/100
|-damage|p1b: Frieren|25/100
|move|p1b: Frieren|Hyper Voice|p2a: Aerodactyl|[spread] p2a,p2b
|-damage|p2a: Aerodactyl|43/100
|-damage|p2b: Sylveon|25/100
|
|upkeep
|turn|3
|
|t:|1784568794
|move|p1b: Frieren|Detect|p1b: Frieren
|-singleturn|p1b: Frieren|Protect
|move|p2a: Aerodactyl|Tailwind|p2a: Aerodactyl
|-sidestart|p2: gg4g3|move: Tailwind
|move|p2b: Sylveon|Hyper Voice|p1b: Frieren|[spread] p1a
|-activate|p1b: Frieren|move: Protect
|-damage|p1a: HydroVolt|0 fnt
|faint|p1a: HydroVolt
|
|upkeep
|
|t:|1784568806
|switch|p1a: Wolverine|Incineroar, L50, F|100/100
|-ability|p1a: Wolverine|Intimidate|boost
|-unboost|p2a: Aerodactyl|atk|1
|-unboost|p2b: Sylveon|atk|1
|turn|4
|
|t:|1784568817
|switch|p2a: Charizard|Charizard, L50, F|100/100
|move|p2b: Sylveon|Detect|p2b: Sylveon
|-singleturn|p2b: Sylveon|Protect
|move|p1a: Wolverine|Fake Out|p2a: Charizard
|-damage|p2a: Charizard|82/100
|move|p1b: Frieren|Hyper Voice|p2b: Sylveon|[spread] p2a
|-activate|p2b: Sylveon|move: Protect
|-resisted|p2a: Charizard|1
|-damage|p2a: Charizard|56/100
|
|upkeep
|turn|5
|
|t:|1784568836
|detailschange|p2a: Charizard|Charizard-Mega-Y, L50, F
|-mega|p2a: Charizard|Charizard|Charizardite Y
|-weather|SunnyDay|[from] ability: Drought|[of] p2a: Charizard
|move|p1b: Frieren|Detect|p1b: Frieren
|-singleturn|p1b: Frieren|Protect
|move|p2a: Charizard|Heat Wave|p1b: Frieren|[spread] p1a
|-activate|p1b: Frieren|move: Protect
|-resisted|p1a: Wolverine|1
|-damage|p1a: Wolverine|71/100
|move|p2b: Sylveon|Hyper Beam|p1a: Wolverine
|-damage|p1a: Wolverine|0 fnt
|-mustrecharge|p2b: Sylveon
|faint|p1a: Wolverine
|
|-weather|SunnyDay|[upkeep]
|upkeep
|
|t:|1784568851
|switch|p1a: Berserk|Garchomp, L50, M|100/100
|turn|6
|
|t:|1784568861
|move|p2a: Charizard|Heat Wave|p1a: Berserk|[spread] p1a
|-miss|p2a: Charizard|p1b: Frieren
|-resisted|p1a: Berserk|1
|-damage|p1a: Berserk|65/100
|cant|p2b: Sylveon|recharge
|move|p1a: Berserk|Rock Slide|p2b: Sylveon|[spread] p2a,p2b
|-supereffective|p2a: Charizard|2
|-damage|p2a: Charizard|0 fnt
|-damage|p2b: Sylveon|0 fnt
|faint|p2a: Charizard
|faint|p2b: Sylveon
|-damage|p1a: Berserk|55/100|[from] item: Life Orb
|move|p1b: Frieren|Yawn|p2: Charizard|[notarget]
|-fail|p1b: Frieren
|
|-weather|SunnyDay|[upkeep]
|-sideend|p2: gg4g3|move: Tailwind
|upkeep
|
|t:|1784568866
|switch|p2a: Aerodactyl|Aerodactyl, L50, M|43/100
|switch|p2b: Garchomp|Garchomp, L50, F|100/100
|-ability|p2a: Aerodactyl|Unnerve
|turn|7
|
|t:|1784568890
|move|p1a: Berserk|Protect|p1a: Berserk
|-singleturn|p1a: Berserk|Protect
|move|p2a: Aerodactyl|Tailwind|p2a: Aerodactyl
|-sidestart|p2: gg4g3|move: Tailwind
|move|p2b: Garchomp|Earthquake|p1b: Frieren|[spread] p1b
|-activate|p1a: Berserk|move: Protect
|-immune|p2a: Aerodactyl
|-damage|p1b: Frieren|0 fnt
|faint|p1b: Frieren
|-damage|p2b: Garchomp|90/100|[from] item: Life Orb
|
|-weather|SunnyDay|[upkeep]
|upkeep
|turn|8
|
|t:|1784568904
|move|p2a: Aerodactyl|Dual Wingbeat|p1a: Berserk
|-damage|p1a: Berserk|37/100
|-damage|p2a: Aerodactyl|31/100|[from] ability: Rough Skin|[of] p1a: Berserk
|-damage|p1a: Berserk|20/100y
|-damage|p2a: Aerodactyl|19/100|[from] ability: Rough Skin|[of] p1a: Berserk
|-hitcount|p1a: Berserk|2
|move|p2b: Garchomp|Dragon Claw|p1a: Berserk
|-supereffective|p1a: Berserk|1
|-damage|p1a: Berserk|0 fnt
|-damage|p2b: Garchomp|77/100|[from] ability: Rough Skin|[of] p1a: Berserk
|faint|p1a: Berserk
|-damage|p2b: Garchomp|68/100|[from] item: Life Orb
|
|win|gg4g3
||gg4g3 is ready for game 3.
|inactive|x-demon18 has 30 seconds to confirm battle start!
