|j|☆kengo19
|j|☆Sketchyseal3264
|html|kengo19Sketchyseal3264    
|uhtml|bestof|Game 1 of a best-of-3
|t:|1786070908
|gametype|doubles
|player|p1|kengo19|169|
|player|p2|Sketchyseal3264|169|
|gen|9
|tier|[Gen 9 Champions] VGC 2026 Reg M-B (Bo3)
|rule|Species Clause: Limit one of each Pokémon
|rule|Item Clause: Limit 1 of each item
|clearpoke
|poke|p1|Meowstic, L50, M|
|poke|p1|Basculegion, L50, M|
|poke|p1|Archaludon, L50, M|
|poke|p1|Swampert, L50, F|
|poke|p1|Rotom-Fan, L50|
|poke|p1|Meganium, L50, F|
|poke|p2|Dragonite, L50, F|
|poke|p2|Meowscarada, L50, F|
|poke|p2|Sneasler, L50, M|
|poke|p2|Gholdengo, L50|
|poke|p2|Diggersby, L50, M|
|poke|p2|Empoleon, L50, F|
|teampreview|4
|showteam|p1|Meowstic||LightClay|Prankster|Psychic,Reflect,LightScreen,RainDance|Bold||M|||50|]Basculegion||ChoiceScarf|Adaptability|AquaJet,WaveCrash,FlipTurn,LastRespects|Adamant||M|||50|]Archaludon||FocusSash|Stamina|ElectroShot,SteelBeam,DracoMeteor,Protect|Modest||M|||50|]Swampert||Swampertite|Torrent|WaveCrash,HighHorsepower,IcePunch,Protect|Adamant||F|||50|]Rotom-Fan||SitrusBerry|Levitate|AirSlash,Thunderbolt,WillOWisp,Protect|Serious|||||50|]Meganium||Meganiumite|Overgrow|SolarBeam,DazzlingGleam,WeatherBall,Protect|Modest||F|||50|
|showteam|p2|Dragonite||Dragoninite|Multiscale|Tailwind,Hurricane,DragonPulse,Protect|Modest||F|||50|]Meowscarada||ChoiceScarf|Protean|FlowerTrick,Uturn,BrickBreak,Trick|Adamant||F|||50|]Sneasler||FocusSash|Unburden|FakeOut,CloseCombat,DireClaw,Trailblaze|Adamant||M|||50|]Gholdengo||LifeOrb|GoodasGold|FocusBlast,ShadowBall,MakeItRain,Protect|Modest|||||50|]Diggersby||SoftSand|HugePower|HighHorsepower,Trailblaze,QuickAttack,BodySlam|Adamant||M|||50|]Empoleon||Leftovers|Competitive|AirSlash,FlashCannon,GrassKnot,Haze|Modest||F|||50|
|c|☆Sketchyseal3264|glhf
|c|☆kengo19|U2
|
|t:|1786070985
|teamsize|p1|4
|teamsize|p2|4
|start
|switch|p1a: Rotom|Rotom-Fan, L50|100/100
|switch|p1b: Basculegion|Basculegion, L50, M|100/100
|switch|p2a: Sneasler|Sneasler, L50, M|100/100
|switch|p2b: Dragonite|Dragonite, L50, F|100/100
|turn|1
|
|t:|1786071010
|detailschange|p2b: Dragonite|Dragonite-Mega, L50, F
|-mega|p2b: Dragonite|Dragonite|Dragoninite
|move|p1a: Rotom|Protect|p1a: Rotom
|-singleturn|p1a: Rotom|Protect
|move|p2a: Sneasler|Fake Out|p1a: Rotom
|-activate|p1a: Rotom|move: Protect
|move|p1b: Basculegion|Flip Turn|p2a: Sneasler
|-damage|p2a: Sneasler|28/100
|
|t:|1786071018
|switch|p1b: Meowstic|Meowstic, L50, M|100/100|[from] Flip Turn
|move|p2b: Dragonite|Tailwind|p2b: Dragonite
|-sidestart|p2: Sketchyseal3264|move: Tailwind
|
|upkeep
|turn|2
|
|t:|1786071049
|move|p1b: Meowstic|Light Screen|p1b: Meowstic
|-sidestart|p1: kengo19|move: Light Screen
|move|p2a: Sneasler|Dire Claw|p1a: Rotom
|-damage|p1a: Rotom|49/100
|-status|p1a: Rotom|slp
|-enditem|p1a: Rotom|Sitrus Berry|[eat]
|-heal|p1a: Rotom|74/100 slp|[from] item: Sitrus Berry
|move|p2b: Dragonite|Dragon Pulse|p1a: Rotom
|-damage|p1a: Rotom|34/100 slp
|cant|p1a: Rotom|slp
|
|upkeep
|turn|3
|
|t:|1786071072
|cant|p1a: Rotom|slp
|move|p1b: Meowstic|Reflect|p1b: Meowstic
|-sidestart|p1: kengo19|Reflect
|move|p2a: Sneasler|Dire Claw|p1a: Rotom
|-crit|p1a: Rotom
|-damage|p1a: Rotom|0 fnt
|-fail|p1a: Rotom
|faint|p1a: Rotom
|move|p2b: Dragonite|Hurricane|p1b: Meowstic|[miss]
|-miss|p2b: Dragonite|p1b: Meowstic
|
|upkeep
|
|t:|1786071086
|switch|p1a: Swampert|Swampert, L50, F|100/100
|turn|4
|
|t:|1786071105
|detailschange|p1a: Swampert|Swampert-Mega, L50, F
|-mega|p1a: Swampert|Swampert|Swampertite
|move|p1b: Meowstic|Rain Dance|p1b: Meowstic
|-weather|RainDance
|move|p2a: Sneasler|Trailblaze|p1a: Swampert
|-supereffective|p1a: Swampert|2
|-damage|p1a: Swampert|54/100
|-boost|p2a: Sneasler|spe|1
|move|p1a: Swampert|Ice Punch|p2b: Dragonite
|-supereffective|p2b: Dragonite|2
|-damage|p2b: Dragonite|44/100
|move|p2b: Dragonite|Hurricane|p1b: Meowstic
|-damage|p1b: Meowstic|57/100
|
|-weather|RainDance|[upkeep]
|-sideend|p2: Sketchyseal3264|move: Tailwind
|upkeep
|turn|5
|
|t:|1786071129
|move|p1a: Swampert|Protect|p1a: Swampert
|-singleturn|p1a: Swampert|Protect
|move|p2b: Dragonite|Protect|p2b: Dragonite
|-singleturn|p2b: Dragonite|Protect
|move|p2a: Sneasler|Close Combat|p1a: Swampert
|-activate|p1a: Swampert|move: Protect
|move|p1b: Meowstic|Psychic|p2a: Sneasler
|-supereffective|p2a: Sneasler|2
|-damage|p2a: Sneasler|0 fnt
|faint|p2a: Sneasler
|
|-weather|RainDance|[upkeep]
|upkeep
|
|t:|1786071133
|switch|p2a: Meowscarada|Meowscarada, L50, F|100/100
|turn|6
|
|t:|1786071181
|move|p2a: Meowscarada|U-turn|p1b: Meowstic
|-start|p2a: Meowscarada|typechange|Bug|[from] ability: Protean
|-supereffective|p1b: Meowstic|1
|-damage|p1b: Meowstic|12/100
|
|t:|1786071185
|switch|p2a: Gholdengo|Gholdengo, L50|100/100|[from] U-turn
|move|p1a: Swampert|Ice Punch|p2a: Gholdengo
|-resisted|p2a: Gholdengo|1
|-damage|p2a: Gholdengo|86/100
|move|p1b: Meowstic|Psychic|p2b: Dragonite
|-damage|p2b: Dragonite|26/100
|move|p2b: Dragonite|Hurricane|p1a: Swampert
|-damage|p1a: Swampert|12/100
|
|-weather|RainDance|[upkeep]
|upkeep
|turn|7
|
|t:|1786071205
|move|p2a: Gholdengo|Protect|p2a: Gholdengo
|-singleturn|p2a: Gholdengo|Protect
|move|p1a: Swampert|High Horsepower|p2a: Gholdengo
|-activate|p2a: Gholdengo|move: Protect
|move|p1b: Meowstic|Psychic|p2b: Dragonite
|-damage|p2b: Dragonite|6/100
|move|p2b: Dragonite|Dragon Pulse|p1a: Swampert
|-damage|p1a: Swampert|0 fnt
|faint|p1a: Swampert
|
|-weather|RainDance|[upkeep]
|upkeep
|
|t:|1786071216
|switch|p1a: Basculegion|Basculegion, L50, M|100/100
|turn|8
|
|t:|1786071227
|move|p1a: Basculegion|Last Respects|p2a: Gholdengo
|-supereffective|p2a: Gholdengo|1
|-damage|p2a: Gholdengo|0 fnt
|faint|p2a: Gholdengo
|move|p1b: Meowstic|Psychic|p2b: Dragonite
|-damage|p2b: Dragonite|0 fnt
|faint|p2b: Dragonite
|
|-weather|none
|upkeep
|
|t:|1786071231
|switch|p2b: Meowscarada|Meowscarada, L50, F|100/100
|turn|9
|
|t:|1786071251
|move|p1b: Meowstic|Rain Dance|p1b: Meowstic
|-weather|RainDance
|move|p2b: Meowscarada|Flower Trick|p1a: Basculegion
|-start|p2b: Meowscarada|typechange|Grass|[from] ability: Protean
|-supereffective|p1a: Basculegion|1
|-crit|p1a: Basculegion
|-damage|p1a: Basculegion|0 fnt
|faint|p1a: Basculegion
|
|-weather|RainDance|[upkeep]
|-sideend|p1: kengo19|move: Light Screen
|upkeep
|turn|10
|
|t:|1786071271
|move|p2b: Meowscarada|Flower Trick|p1b: Meowstic
|-crit|p1b: Meowstic
|-damage|p1b: Meowstic|0 fnt
|faint|p1b: Meowstic
|
|win|Sketchyseal3264
|c|☆Sketchyseal3264|gg wp g1
|c|☆kengo19|gg
|inactive|kengo19 has 30 seconds to confirm battle start!
|inactive|Sketchyseal3264 has 30 seconds to confirm battle start!
||Sketchyseal3264 is ready for game 2.
|inactive|kengo19 has 20 seconds to confirm battle start!
||kengo19 is ready for game 2.
|uhtml|next|Next: Game 2 of 3
