|j|☆Urkin' Pincurchin
|j|☆Farigi no Raf
|html|Urkin' PincurchinFarigi no Raf    
|uhtml|bestof|Game 3 of a best-of-3
|t:|1757037037
|gametype|doubles
|player|p1|Urkin' Pincurchin|fisherman-gen4|1425
|player|p2|Farigi no Raf|vince|1405
|gen|9
|tier|[Gen 9] VGC 2025 Reg H (Bo3)
|rated|
|rule|Species Clause: Limit one of each Pokémon
|rule|Item Clause: Limit 1 of each item
|clearpoke
|poke|p1|Ninetales-Alola, L50, F|
|poke|p1|Dragonite, L50, M|
|poke|p1|Volcarona, L50, F|
|poke|p1|Incineroar, L50, M|
|poke|p1|Rillaboom, L50, M|
|poke|p1|Basculegion, L50, M|
|poke|p2|Dragonite, L50, F|
|poke|p2|Gholdengo, L50|
|poke|p2|Sneasler, L50, F|
|poke|p2|Rillaboom, L50, M|
|poke|p2|Ursaluna-Bloodmoon, L50, M|
|poke|p2|Magmar, L50, F|
|teampreview|4
|showteam|p1|Ninetales-Alola||FocusSash|SnowWarning|Blizzard,IcyWind,AuroraVeil,Encore|||F|||50|,,,,,Ghost]Dragonite||LoadedDice|Multiscale|ScaleShot,Tailwind,Protect,Haze|||M|||50|,,,,,Fairy]Volcarona||Leftovers|FlameBody|HeatWave,TeraBlast,QuiverDance,Protect|||F|||50|,,,,,Fairy]Incineroar||SafetyGoggles|Intimidate|FlareBlitz,KnockOff,FakeOut,PartingShot|||M|||50|,,,,,Ghost]Rillaboom||AssaultVest|GrassySurge|WoodHammer,GrassyGlide,HighHorsepower,FakeOut|||M|||50|,,,,,Ghost]Basculegion||ChoiceScarf|SwiftSwim|WaveCrash,LastRespects,FlipTurn,AquaJet|||M|||50|,,,,,Water
|showteam|p2|Dragonite||LoadedDice|Multiscale|ScaleShot,Tailwind,ExtremeSpeed,Protect|||F|||50|,,,,,Fairy]Gholdengo||LifeOrb|GoodasGold|MakeItRain,ShadowBall,NastyPlot,Protect||||||50|,,,,,Water]Sneasler||FocusSash|PoisonTouch|CloseCombat,DireClaw,Coaching,FakeOut|||F|||50|,,,,,Ghost]Rillaboom||AssaultVest|GrassySurge|WoodHammer,FakeOut,GrassyGlide,HighHorsepower|||M|||50|,,,,,Fire]Ursaluna-Bloodmoon||SilkScarf|MindsEye|HyperVoice,EarthPower,BloodMoon,Protect|||M|||50|,,,,,Water]Magmar||Eviolite|VitalSpirit|FollowMe,BurningJealousy,ClearSmog,Protect|||F|||50|,,,,,Dragon
|inactive|Battle timer is ON: inactive players will automatically lose when time's up. (requested by Urkin' Pincurchin)
|
|t:|1757037065
|teamsize|p1|4
|teamsize|p2|4
|start
|switch|p1a: Dragonite|Dragonite, L50, M|100/100
|switch|p1b: Incineroar|Incineroar, L50, M|100/100
|switch|p2a: Ursaluna|Ursaluna-Bloodmoon, L50, M|100/100
|switch|p2b: Magmar|Magmar, L50, F|100/100
|-ability|p1b: Incineroar|Intimidate|boost
|-unboost|p2a: Ursaluna|atk|1
|-unboost|p2b: Magmar|atk|1
|turn|1
|
|t:|1757037079
|move|p1b: Incineroar|Fake Out|p2b: Magmar
|-damage|p2b: Magmar|93/100
|move|p1a: Dragonite|Scale Shot|p2a: Ursaluna
|-crit|p2a: Ursaluna
|-damage|p2a: Ursaluna|84/100
|-damage|p2a: Ursaluna|74/100
|-damage|p2a: Ursaluna|63/100
|-damage|p2a: Ursaluna|53/100
|-damage|p2a: Ursaluna|41/100
|-hitcount|p2a: Ursaluna|5
|-unboost|p1a: Dragonite|def|1
|-boost|p1a: Dragonite|spe|1
|cant|p2b: Magmar|flinch
|move|p2a: Ursaluna|Blood Moon|p1a: Dragonite
|-damage|p1a: Dragonite|50/100
|
|upkeep
|turn|2
|
|t:|1757037099
|move|p1a: Dragonite|Scale Shot|p2a: Ursaluna
|-damage|p2a: Ursaluna|31/100
|-damage|p2a: Ursaluna|21/100
|-damage|p2a: Ursaluna|11/100
|-damage|p2a: Ursaluna|0 fnt
|faint|p2a: Ursaluna
|-hitcount|p2: Ursaluna|4
|-unboost|p1a: Dragonite|def|1
|-boost|p1a: Dragonite|spe|1
|move|p2b: Magmar|Burning Jealousy|p1b: Incineroar|[spread] p1a,p1b
|-resisted|p1a: Dragonite
|-resisted|p1b: Incineroar
|-damage|p1a: Dragonite|41/100
|-damage|p1b: Incineroar|92/100
|-status|p1a: Dragonite|brn
|move|p1b: Incineroar|Knock Off|p2b: Magmar
|-damage|p2b: Magmar|66/100
|-enditem|p2b: Magmar|Eviolite|[from] move: Knock Off|[of] p1b: Incineroar
|
|-damage|p1a: Dragonite|35/100 brn|[from] brn
|upkeep
|
|t:|1757037118
|switch|p2a: Dragonite|Dragonite, L50, F|100/100
|turn|3
|
|t:|1757037125
|switch|p2b: Sneasler|Sneasler, L50, F|100/100
|move|p2a: Dragonite|Extreme Speed|p1a: Dragonite
|-damage|p1a: Dragonite|0 fnt
|faint|p1a: Dragonite
|move|p1b: Incineroar|Knock Off|p2a: Dragonite
|-damage|p2a: Dragonite|79/100
|-enditem|p2a: Dragonite|Loaded Dice|[from] move: Knock Off|[of] p1b: Incineroar
|
|upkeep
|
|t:|1757037133
|switch|p1a: Basculegion|Basculegion, L50, M|100/100
|turn|4
|
|t:|1757037146
|-terastallize|p1b: Incineroar|Ghost
|move|p1a: Basculegion|Last Respects|p2a: Dragonite
|-damage|p2a: Dragonite|22/100
|move|p2b: Sneasler|Coaching|p2a: Dragonite
|-boost|p2a: Dragonite|atk|1
|-boost|p2a: Dragonite|def|1
|move|p2a: Dragonite|Scale Shot|p1a: Basculegion
|-damage|p1a: Basculegion|72/100
|-damage|p1a: Basculegion|44/100
|-damage|p1a: Basculegion|13/100
|-hitcount|p1a: Basculegion|3
|-unboost|p2a: Dragonite|def|1
|-boost|p2a: Dragonite|spe|1
|move|p1b: Incineroar|Parting Shot|p2b: Sneasler
|-unboost|p2b: Sneasler|atk|1
|-unboost|p2b: Sneasler|spa|1
|
|t:|1757037151
|switch|p1b: Volcarona|Volcarona, L50, F|100/100|[from] Parting Shot
|
|upkeep
|turn|5
|
|t:|1757037171
|switch|p1a: Incineroar|Incineroar, L50, M, tera:Ghost|92/100
|-ability|p1a: Incineroar|Intimidate|boost
|-unboost|p2a: Dragonite|atk|1
|-unboost|p2b: Sneasler|atk|1
|move|p2a: Dragonite|Scale Shot|p1a: Incineroar
|-damage|p1a: Incineroar|78/100
|-crit|p1a: Incineroar
|-damage|p1a: Incineroar|60/100
|-damage|p1a: Incineroar|46/100
|-damage|p1a: Incineroar|34/100
|-hitcount|p1a: Incineroar|4
|-unboost|p2a: Dragonite|def|1
|-boost|p2a: Dragonite|spe|1
|move|p2b: Sneasler|Dire Claw|p1b: Volcarona
|-damage|p1b: Volcarona|77/100
|-status|p1b: Volcarona|psn
|move|p1b: Volcarona|Tera Blast|p2a: Dragonite
|-damage|p2a: Dragonite|0 fnt
|faint|p2a: Dragonite
|
|-heal|p1b: Volcarona|83/100 psn|[from] item: Leftovers
|-damage|p1b: Volcarona|71/100 psn|[from] psn
|upkeep
|
|t:|1757037175
|switch|p2a: Magmar|Magmar, L50, F|66/100
|turn|6
|
|t:|1757037188
|move|p1a: Incineroar|Fake Out|p2b: Sneasler
|-damage|p2b: Sneasler|82/100
|cant|p2b: Sneasler|flinch
|move|p1b: Volcarona|Heat Wave|p2b: Sneasler|[spread] p2a,p2b
|-resisted|p2a: Magmar
|-damage|p2a: Magmar|46/100
|-damage|p2b: Sneasler|36/100
|move|p2a: Magmar|Burning Jealousy|p1b: Volcarona|[spread] p1a,p1b
|-damage|p1a: Incineroar|16/100
|-damage|p1b: Volcarona|55/100 psn
|
|-heal|p1b: Volcarona|61/100 psn|[from] item: Leftovers
|-damage|p1b: Volcarona|49/100 psn|[from] psn
|upkeep
|turn|7
|inactive|Farigi no Raf has 30 seconds left.
|
|t:|1757037218
|move|p2b: Sneasler|Dire Claw|p1b: Volcarona
|-damage|p1b: Volcarona|25/100 psn
|-status|p2b: Sneasler|brn|[from] ability: Flame Body|[of] p1b: Volcarona
|move|p1b: Volcarona|Heat Wave|p2a: Magmar|[spread] p2a,p2b
|-resisted|p2a: Magmar
|-damage|p2a: Magmar|24/100
|-damage|p2b: Sneasler|0 fnt
|faint|p2b: Sneasler
|move|p2a: Magmar|Burning Jealousy|p1b: Volcarona|[spread] p1a,p1b
|-damage|p1a: Incineroar|0 fnt
|-damage|p1b: Volcarona|9/100 psn
|faint|p1a: Incineroar
|
|-heal|p1b: Volcarona|15/100 psn|[from] item: Leftovers
|-damage|p1b: Volcarona|3/100 psn|[from] psn
|upkeep
|
|t:|1757037224
|switch|p1a: Basculegion|Basculegion, L50, M|13/100
|turn|8
|
|t:|1757037227
|move|p1a: Basculegion|Last Respects|p2a: Magmar
|-damage|p2a: Magmar|0 fnt
|faint|p2a: Magmar
|
|win|Urkin' Pincurchin
|raw|Urkin' Pincurchin's rating: 1425 → 1444(+19 for winning)
|raw|Farigi no Raf's rating: 1405 → 1386(-19 for losing)
