|j|☆JapaneseBinbou
|j|☆Zbb123
|html|JapaneseBinbouZbb123    
|uhtml|bestof|Game 2 of a best-of-3
|t:|1756397203
|gametype|doubles
|player|p1|JapaneseBinbou|102|1115
|player|p2|Zbb123|ethan|1151
|gen|9
|tier|[Gen 9] VGC 2025 Reg H (Bo3)
|rated|
|rule|Species Clause: Limit one of each Pokémon
|rule|Item Clause: Limit 1 of each item
|clearpoke
|poke|p1|Dragonite, L50, M|
|poke|p1|Volcarona, L50, F|
|poke|p1|Sneasler, L50, M|
|poke|p1|Rillaboom, L50, M|
|poke|p1|Electabuzz, L50, M|
|poke|p1|Kingambit, L50, M|
|poke|p2|Sinistcha-Masterpiece, L50|
|poke|p2|Ursaluna, L50, M|
|poke|p2|Armarouge, L50, M|
|poke|p2|Indeedee-F, L50, F|
|poke|p2|Excadrill, L50, F|
|poke|p2|Tyranitar, L50, F|
|teampreview|4
|showteam|p1|Dragonite||LoadedDice|Multiscale|ScaleShot,ExtremeSpeed,Haze,Protect|||M|||50|,,,,,Fairy]Volcarona||CovertCloak|FlameBody|HeatWave,TeraBlast,QuiverDance,Protect|||F|||50|,,,,,Fairy]Sneasler||FocusSash|Unburden|CloseCombat,DireClaw,Coaching,Protect|||M|||50|,,,,,Stellar]Rillaboom||AssaultVest|GrassySurge|WoodHammer,GrassyGlide,HighHorsepower,FakeOut|||M|||50|,,,,,Water]Electabuzz||Eviolite|VitalSpirit|Thunderbolt,FollowMe,Taunt,Protect|||M|||50|,,,,,Ghost]Kingambit||BlackGlasses|Defiant|KowtowCleave,SuckerPunch,SwordsDance,Protect|||M|||50|,,,,,Dark
|showteam|p2|Sinistcha-Masterpiece||Leftovers|Hospitality|RagePowder,TrickRoom,MatchaGotcha,ShadowBall||||||50|,,,,,Dark]Ursaluna||FlameOrb|Guts|Facade,HeadlongRush,Earthquake,Protect|||M|||50|,,,,,Ghost]Armarouge||LifeOrb|FlashFire|ExpandingForce,ArmorCannon,TrickRoom,WeatherBall|||M|||50|,,,,,Grass]Indeedee-F||SafetyGoggles|PsychicSurge|DazzlingGleam,FollowMe,HelpingHand,TrickRoom|||F|||50|,,,,,Fairy]Excadrill||FocusSash|SandRush|HighHorsepower,IronHead,Earthquake,Protect|||F|||50|,,,,,Stellar]Tyranitar||AssaultVest|SandStream|RockSlide,KnockOff,LowKick,TeraBlast|||F|||50|,,,,,Flying
|inactive|Battle timer is ON: inactive players will automatically lose when time's up. (requested by Zbb123)
|inactive|JapaneseBinbou has 60 seconds left.
|
|t:|1756397251
|teamsize|p1|4
|teamsize|p2|4
|start
|switch|p1a: Volcarona|Volcarona, L50, F, shiny|100/100
|switch|p1b: Electabuzz|Electabuzz, L50, M, shiny|100/100
|switch|p2a: Excadrill|Excadrill, L50, F|100/100
|switch|p2b: Tyranitar|Tyranitar, L50, F|100/100
|-weather|Sandstorm|[from] ability: Sand Stream|[of] p2b: Tyranitar
|turn|1
|inactive|JapaneseBinbou has 30 seconds left.
|
|t:|1756397284
|switch|p2a: Indeedee|Indeedee-F, L50, F|100/100
|-fieldstart|move: Psychic Terrain|[from] ability: Psychic Surge|[of] p2a: Indeedee
|-terastallize|p1a: Volcarona|Fairy
|move|p1b: Electabuzz|Follow Me|p1b: Electabuzz
|-singleturn|p1b: Electabuzz|move: Follow Me
|move|p1a: Volcarona|Heat Wave|p2b: Tyranitar|[spread] p2a,p2b
|-resisted|p2b: Tyranitar
|-damage|p2a: Indeedee|65/100
|-damage|p2b: Tyranitar|93/100
|move|p2b: Tyranitar|Rock Slide|p1b: Electabuzz|[spread] p1a,p1b
|-damage|p1a: Volcarona|58/100
|-damage|p1b: Electabuzz|78/100
|
|-weather|Sandstorm|[upkeep]
|-damage|p1a: Volcarona|52/100|[from] Sandstorm
|-damage|p1b: Electabuzz|72/100|[from] Sandstorm
|upkeep
|turn|2
|
|t:|1756397304
|move|p2a: Indeedee|Helping Hand|p2b: Tyranitar
|-singleturn|p2b: Tyranitar|Helping Hand|[of] p2a: Indeedee
|move|p1a: Volcarona|Tera Blast|p2b: Tyranitar|[anim] Tera Blast Fairy
|-supereffective|p2b: Tyranitar
|-damage|p2b: Tyranitar|61/100
|move|p1b: Electabuzz|Thunderbolt|p2b: Tyranitar
|-damage|p2b: Tyranitar|48/100
|move|p2b: Tyranitar|Rock Slide|p1a: Volcarona|[spread] p1a,p1b
|-damage|p1a: Volcarona|0 fnt
|-damage|p1b: Electabuzz|34/100
|faint|p1a: Volcarona
|
|-weather|Sandstorm|[upkeep]
|-damage|p1b: Electabuzz|29/100|[from] Sandstorm
|upkeep
|
|t:|1756397307
|switch|p1a: Rillaboom|Rillaboom, L50, M, shiny|100/100
|-fieldstart|move: Grassy Terrain|[from] ability: Grassy Surge|[of] p1a: Rillaboom
|turn|3
|
|t:|1756397329
|-terastallize|p2b: Tyranitar|Flying
|move|p2a: Indeedee|Follow Me|p2a: Indeedee
|-singleturn|p2a: Indeedee|move: Follow Me
|move|p1b: Electabuzz|Taunt|p2a: Indeedee
|-start|p2a: Indeedee|move: Taunt
|move|p1a: Rillaboom|Wood Hammer|p2a: Indeedee
|-damage|p2a: Indeedee|0 fnt
|faint|p2a: Indeedee
|-damage|p1a: Rillaboom|82/100|[from] Recoil
|move|p2b: Tyranitar|Tera Blast|p1a: Rillaboom|[anim] Tera Blast Flying
|-supereffective|p1a: Rillaboom
|-damage|p1a: Rillaboom|0 fnt
|faint|p1a: Rillaboom
|
|-weather|Sandstorm|[upkeep]
|-damage|p1b: Electabuzz|23/100|[from] Sandstorm
|-damage|p2b: Tyranitar|43/100|[from] Sandstorm
|-heal|p1b: Electabuzz|29/100|[from] Grassy Terrain
|upkeep
|
|t:|1756397344
|switch|p1a: Kingambit|Kingambit, L50, M, shiny|100/100
|switch|p2a: Excadrill|Excadrill, L50, F|100/100
|turn|4
|inactive|JapaneseBinbou has 30 seconds left.
|inactive|Zbb123 has 30 seconds left.
|
|t:|1756397379
|switch|p2a: Sinistcha|Sinistcha-Masterpiece, L50|100/100
|-heal|p2b: Tyranitar|67/100|[from] ability: Hospitality|[of] p2a: Sinistcha
|move|p1b: Electabuzz|Follow Me|p1b: Electabuzz
|-singleturn|p1b: Electabuzz|move: Follow Me
|move|p1a: Kingambit|Sucker Punch|p2b: Tyranitar
|-damage|p2b: Tyranitar|30/100
|move|p2b: Tyranitar|Low Kick|p1b: Electabuzz
|-damage|p1b: Electabuzz|10/100
|
|-weather|Sandstorm|[upkeep]
|-damage|p1b: Electabuzz|5/100|[from] Sandstorm
|-damage|p2a: Sinistcha|94/100|[from] Sandstorm
|-damage|p2b: Tyranitar|25/100|[from] Sandstorm
|-heal|p1b: Electabuzz|10/100|[from] Grassy Terrain
|-heal|p2a: Sinistcha|100/100|[from] Grassy Terrain
|upkeep
|turn|5
|inactive|JapaneseBinbou has 30 seconds left.
|
|t:|1756397406
|move|p1b: Electabuzz|Follow Me|p1b: Electabuzz
|-singleturn|p1b: Electabuzz|move: Follow Me
|move|p2a: Sinistcha|Matcha Gotcha|p1a: Kingambit|[spread] p1a,p1b
|-resisted|p1a: Kingambit
|-crit|p1a: Kingambit
|-damage|p1a: Kingambit|78/100
|-damage|p1b: Electabuzz|0 fnt
|faint|p1b: Electabuzz
|move|p2b: Tyranitar|Low Kick|p1a: Kingambit
|-supereffective|p1a: Kingambit
|-damage|p1a: Kingambit|0 fnt
|faint|p1a: Kingambit
|
|win|Zbb123
|raw|JapaneseBinbou's rating: 1115 → 1093(-22 for losing)
|raw|Zbb123's rating: 1151 → 1173(+22 for winning)
|l|☆JapaneseBinbou
|player|p1|
|l|☆Zbb123
|player|p2|
|j|☆Zbb123
|player|p2|Zbb123|ethan|
