|j|☆Br1_lore
|j|☆BattleBlazikenVGC
|html|Br1_loreBattleBlazikenVGC    
|uhtml|bestof|Game 2 of a best-of-3
|t:|1783099583
|gametype|doubles
|player|p1|Br1_lore|2|1162
|player|p2|BattleBlazikenVGC|volkner|1218
|gen|9
|tier|[Gen 9 Champions] VGC 2026 Reg M-B (Bo3)
|rated|
|rule|Species Clause: Limit one of each Pokémon
|rule|Item Clause: Limit 1 of each item
|clearpoke
|poke|p1|Metagross, L50|
|poke|p1|Hydreigon, L50, M|
|poke|p1|Sneasler, L50, M|
|poke|p1|Aerodactyl, L50, F|
|poke|p1|Sylveon, L50, F|
|poke|p1|Basculegion, L50, M|
|poke|p2|Milotic, L50, F|
|poke|p2|Incineroar, L50, F|
|poke|p2|Sinistcha, L50, shiny|
|poke|p2|Blaziken, L50, M|
|poke|p2|Ninetales-Alola, L50, F|
|poke|p2|Raichu, L50, F|
|teampreview|4
|showteam|p1|Metagross||Metagrossite|ClearBody|IronHead,PsychicFangs,BodyPress,Protect|Jolly|||||50|]Hydreigon||ChoiceScarf|Levitate|DracoMeteor,EarthPower,HeatWave,DarkPulse|Timid||M|||50|]Sneasler||WhiteHerb|Unburden|CloseCombat,DireClaw,FakeOut,Protect|Adamant||M|||50|]Aerodactyl||Aerodactylite|Unnerve|RockSlide,DualWingbeat,Protect,Tailwind|Jolly||F|||50|]Sylveon||FairyFeather|Pixilate|HyperBeam,HyperVoice,QuickAttack,Detect|Modest||F|||50|]Basculegion||LifeOrb|Adaptability|AquaJet,LastRespects,Protect,WaveCrash|Jolly||M|||50|
|showteam|p2|Milotic||Leftovers|Competitive|MuddyWater,Coil,Recover,IcyWind|Modest||F|||50|]Incineroar||SitrusBerry|Intimidate|FakeOut,ThroatChop,FlareBlitz,PartingShot|Careful||F|||50|]Sinistcha||OccaBerry|Hospitality|MatchaGotcha,Protect,RagePowder,TrickRoom|Quiet|||||50|]Blaziken||Blazikenite|SpeedBoost|FlareBlitz,CloseCombat,RockSlide,Protect|Jolly||M|||50|]Ninetales-Alola||LightClay|SnowWarning|FreezeDry,Blizzard,AuroraVeil,Protect|Timid||F|||50|]Raichu||RaichuniteY|LightningRod|FakeOut,FocusBlast,ZapCannon,Protect|Timid||F|||50|
|
|t:|1783099607
|teamsize|p1|4
|teamsize|p2|4
|start
|switch|p1a: Metagross|Metagross, L50|100/100
|switch|p1b: Sylveon|Sylveon, L50, F|100/100
|switch|p2a: Milotic|Milotic, L50, F|100/100
|switch|p2b: Sinistcha|Sinistcha, L50, shiny|100/100
|turn|1
|
|t:|1783099635
|move|p1a: Metagross|Psychic Fangs|p2a: Milotic
|-damage|p2a: Milotic|49/100
|move|p2a: Milotic|Coil|p2a: Milotic
|-boost|p2a: Milotic|atk|1
|-boost|p2a: Milotic|def|1
|-boost|p2a: Milotic|accuracy|1
|move|p1b: Sylveon|Hyper Voice|p2b: Sinistcha|[spread] p2a,p2b
|-damage|p2a: Milotic|22/100
|-damage|p2b: Sinistcha|57/100
|move|p2b: Sinistcha|Matcha Gotcha|p1a: Metagross|[spread] p1a,p1b
|-resisted|p1a: Metagross|1
|-damage|p1a: Metagross|84/100
|-heal|p2b: Sinistcha|64/100|[from] drain|[of] p1a: Metagross
|-damage|p1b: Sylveon|80/100
|-heal|p2b: Sinistcha|74/100|[from] drain|[of] p1b: Sylveon
|
|-heal|p2a: Milotic|28/100|[from] item: Leftovers
|upkeep
|turn|2
|
|t:|1783099671
|detailschange|p1a: Metagross|Metagross-Mega, L50
|-mega|p1a: Metagross|Metagross|Metagrossite
|move|p2b: Sinistcha|Rage Powder|p2b: Sinistcha
|-singleturn|p2b: Sinistcha|move: Rage Powder
|move|p1a: Metagross|Psychic Fangs|p2b: Sinistcha
|-damage|p2b: Sinistcha|16/100
|move|p2a: Milotic|Recover|p2a: Milotic
|-heal|p2a: Milotic|78/100
|move|p1b: Sylveon|Hyper Voice|p2b: Sinistcha|[spread] p2a,p2b
|-damage|p2a: Milotic|51/100
|-damage|p2b: Sinistcha|0 fnt
|faint|p2b: Sinistcha
|
|-heal|p2a: Milotic|57/100|[from] item: Leftovers
|upkeep
|
|t:|1783099686
|switch|p2b: Raichu|Raichu, L50, F|100/100
|turn|3
|
|t:|1783099697
|detailschange|p2b: Raichu|Raichu-Mega-Y, L50, F
|-mega|p2b: Raichu|Raichu|Raichunite Y
|move|p1a: Metagross|Protect|p1a: Metagross
|-singleturn|p1a: Metagross|Protect
|move|p1b: Sylveon|Detect|p1b: Sylveon
|-singleturn|p1b: Sylveon|Protect
|move|p2b: Raichu|Fake Out|p1a: Metagross
|-activate|p1a: Metagross|move: Protect
|move|p2a: Milotic|Muddy Water|p1b: Sylveon|[spread] 
|-activate|p1a: Metagross|move: Protect
|-activate|p1b: Sylveon|move: Protect
|
|-heal|p2a: Milotic|63/100|[from] item: Leftovers
|upkeep
|turn|4
|
|t:|1783099714
|move|p2b: Raichu|Zap Cannon|p1a: Metagross
|-damage|p1a: Metagross|14/100
|-status|p1a: Metagross|par
|move|p2a: Milotic|Muddy Water|p1b: Sylveon|[spread] p1a,p1b
|-damage|p1a: Metagross|0 fnt
|-damage|p1b: Sylveon|61/100
|faint|p1a: Metagross
|move|p1b: Sylveon|Hyper Voice|p2a: Milotic|[spread] p2a,p2b
|-damage|p2a: Milotic|38/100
|-damage|p2b: Raichu|40/100
|
|-heal|p2a: Milotic|44/100|[from] item: Leftovers
|upkeep
|
|t:|1783099726
|switch|p1a: Aerodactyl|Aerodactyl, L50, F|100/100
|-ability|p1a: Aerodactyl|Unnerve
|turn|5
|
|t:|1783099736
|move|p1a: Aerodactyl|Rock Slide|p2a: Milotic|[spread] p2a,p2b
|-damage|p2a: Milotic|29/100
|-damage|p2b: Raichu|4/100
|move|p2b: Raichu|Zap Cannon|p1b: Sylveon
|-damage|p1b: Sylveon|12/100
|-status|p1b: Sylveon|par
|cant|p2a: Milotic|flinch
|move|p1b: Sylveon|Hyper Voice|p2b: Raichu|[spread] p2a,p2b
|-damage|p2a: Milotic|2/100
|-damage|p2b: Raichu|0 fnt
|faint|p2b: Raichu
|
|-heal|p2a: Milotic|8/100|[from] item: Leftovers
|upkeep
|
|t:|1783099743
|switch|p2b: Incineroar|Incineroar, L50, F|100/100
|-ability|p2b: Incineroar|Intimidate|boost
|-unboost|p1a: Aerodactyl|atk|1
|-unboost|p1b: Sylveon|atk|1
|turn|6
|
|t:|1783099770
|move|p2b: Incineroar|Fake Out|p1a: Aerodactyl
|-resisted|p1a: Aerodactyl|1
|-damage|p1a: Aerodactyl|92/100
|cant|p1a: Aerodactyl|flinch
|move|p2a: Milotic|Recover|p2a: Milotic
|-heal|p2a: Milotic|58/100
|move|p1b: Sylveon|Hyper Beam|p2b: Incineroar
|-damage|p2b: Incineroar|31/100
|-mustrecharge|p1b: Sylveon
|
|-heal|p2a: Milotic|64/100|[from] item: Leftovers
|upkeep
|turn|7
|
|t:|1783099788
|move|p1a: Aerodactyl|Tailwind|p1a: Aerodactyl
|-sidestart|p1: Br1_lore|move: Tailwind
|move|p2a: Milotic|Coil|p2a: Milotic
|-boost|p2a: Milotic|atk|1
|-boost|p2a: Milotic|def|1
|-boost|p2a: Milotic|accuracy|1
|cant|p1b: Sylveon|recharge
|move|p2b: Incineroar|Throat Chop|p1a: Aerodactyl
|-damage|p1a: Aerodactyl|44/100
|-start|p1a: Aerodactyl|Throat Chop|[silent]
|
|-heal|p2a: Milotic|70/100|[from] item: Leftovers
|upkeep
|turn|8
|
|t:|1783099804
|move|p1a: Aerodactyl|Rock Slide|p2b: Incineroar|[spread] p2a,p2b
|-supereffective|p2b: Incineroar|1
|-damage|p2a: Milotic|62/100
|-damage|p2b: Incineroar|6/100
|cant|p2a: Milotic|flinch
|move|p1b: Sylveon|Hyper Beam|p2a: Milotic
|-damage|p2a: Milotic|8/100
|-mustrecharge|p1b: Sylveon
|cant|p2b: Incineroar|flinch
|
|-heal|p2a: Milotic|14/100|[from] item: Leftovers
|-end|p1a: Aerodactyl|Throat Chop|[silent]
|upkeep
|turn|9
|
|t:|1783099815
|move|p1a: Aerodactyl|Rock Slide|p2b: Incineroar|[spread] p2a,p2b
|-supereffective|p2b: Incineroar|1
|-damage|p2a: Milotic|6/100
|-damage|p2b: Incineroar|0 fnt
|faint|p2b: Incineroar
|cant|p2a: Milotic|flinch
|cant|p1b: Sylveon|recharge
|
|-heal|p2a: Milotic|12/100|[from] item: Leftovers
|upkeep
|turn|10
|
|t:|1783099829
|move|p1b: Sylveon|Quick Attack|p2a: Milotic
|-damage|p2a: Milotic|7/100
|move|p1a: Aerodactyl|Dual Wingbeat|p2a: Milotic
|-damage|p2a: Milotic|1/100
|-damage|p2a: Milotic|0 fnt
|faint|p2a: Milotic
|-hitcount|p2: Milotic|2
|
|win|Br1_lore
||BattleBlazikenVGC is ready for game 3.
||Br1_lore is ready for game 3.
|uhtml|next|Next: Game 3 of 3
