|j|☆vrocehpalon
|j|☆Kardeas
|html|vrocehpalonKardeas    
|uhtml|bestof|Game 2 of a best-of-3
|t:|1783868935
|gametype|doubles
|player|p1|vrocehpalon|gambler|
|player|p2|Kardeas|clerkf|
|gen|9
|tier|[Gen 9 Champions] VGC 2026 Reg M-B (Bo3)
|rule|Species Clause: Limit one of each Pokémon
|rule|Item Clause: Limit 1 of each item
|clearpoke
|poke|p1|Charizard, L50, M|
|poke|p1|Garchomp, L50, M|
|poke|p1|Sylveon, L50, F|
|poke|p1|Aerodactyl, L50, F|
|poke|p1|Farigiraf, L50, F|
|poke|p1|Kingambit, L50, M|
|poke|p2|Swampert, L50, M|
|poke|p2|Sableye, L50, F|
|poke|p2|Pelipper, L50, M|
|poke|p2|Archaludon, L50, F|
|poke|p2|Venusaur, L50, F|
|poke|p2|Gholdengo, L50|
|teampreview|4
|showteam|p1|Charizard||CharizarditeY|Blaze|HeatWave,WeatherBall,SolarBeam,Protect|Modest||M|||50|]Garchomp||LifeOrb|RoughSkin|StompingTantrum,DragonClaw,RockSlide,Protect|Jolly||M|||50|]Sylveon||FairyFeather|Pixilate|HyperVoice,HyperBeam,QuickAttack,Detect|Modest||F|||50|]Aerodactyl||Aerodactylite|Unnerve|DualWingbeat,Tailwind,RockSlide,IceFang|Jolly||F|||50|]Farigiraf||SitrusBerry|ArmorTail|Psychic,Thunderbolt,Roar,TrickRoom|Bold||F|||50|]Kingambit||FocusSash|Defiant|KowtowCleave,SuckerPunch,IronHead,LowKick|Adamant||M|||50|
|showteam|p2|Swampert||Swampertite|Torrent|WaveCrash,HighHorsepower,IcePunch,Protect|Adamant||M|||50|]Sableye||RoseliBerry|Prankster|Encore,LightScreen,Reflect,RainDance|Sassy||F|||50|]Pelipper||SitrusBerry|Drizzle|Hurricane,WeatherBall,Tailwind,WideGuard|Modest||M|||50|]Archaludon||Leftovers|Stamina|DragonPulse,ElectroShot,FlashCannon,Protect|Calm||F|||50|]Venusaur||Venusaurite|Chlorophyll|SludgeBomb,GigaDrain,EarthPower,Protect|Modest||F|||50|]Gholdengo||LifeOrb|GoodasGold|MakeItRain,ShadowBall,NastyPlot,Protect|Modest|||||50|
|inactive|Battle timer is ON: inactive players will automatically lose when time's up. (requested by vrocehpalon)
|j| Skwovetboi
|j| 5-3 merchant
|j| thacrow
|j| triziateam
|
|t:|1783868955
|teamsize|p1|4
|teamsize|p2|4
|start
|switch|p1a: Kingambit|Kingambit, L50, M|100/100
|switch|p1b: Farigiraf|Farigiraf, L50, F|100/100
|switch|p2a: Top G|Sableye, L50, F|100/100
|switch|p2b: Chad|Swampert, L50, M|100/100
|turn|1
|j| othunder21
|
|t:|1783868973
|detailschange|p2b: Chad|Swampert-Mega, L50, M
|-mega|p2b: Chad|Swampert|Swampertite
|move|p2a: Top G|Reflect|p2a: Top G
|-sidestart|p2: Kardeas|Reflect
|move|p2b: Chad|High Horsepower|p1a: Kingambit
|-supereffective|p1a: Kingambit|1
|-enditem|p1a: Kingambit|Focus Sash
|-damage|p1a: Kingambit|1/100
|move|p1a: Kingambit|Kowtow Cleave|p2a: Top G
|-damage|p2a: Top G|54/100
|move|p1b: Farigiraf|Trick Room|p1b: Farigiraf
|-fieldstart|move: Trick Room|[of] p1b: Farigiraf
|
|upkeep
|turn|2
|j| LyssanTM
|
|t:|1783868996
|move|p2a: Top G|Light Screen|p2a: Top G
|-sidestart|p2: Kardeas|move: Light Screen
|move|p1b: Farigiraf|Thunderbolt|p2a: Top G
|-damage|p2a: Top G|36/100
|move|p1a: Kingambit|Kowtow Cleave|p2a: Top G
|-damage|p2a: Top G|0 fnt
|faint|p2a: Top G
|move|p2b: Chad|Wave Crash|p1a: Kingambit
|-damage|p1a: Kingambit|0 fnt
|faint|p1a: Kingambit
|-damage|p2b: Chad|99/100|[from] Recoil
|
|upkeep
|
|t:|1783869008
|switch|p2a: Peynado|Archaludon, L50, F|100/100
|switch|p1a: Sylveon|Sylveon, L50, F|100/100
|turn|3
|
|t:|1783869018
|switch|p2a: Ororo|Pelipper, L50, M|100/100
|-weather|RainDance|[from] ability: Drizzle|[of] p2a: Ororo
|move|p1b: Farigiraf|Psychic|p2b: Chad
|-damage|p2b: Chad|76/100
|move|p1a: Sylveon|Hyper Voice|p2b: Chad|[spread] p2a,p2b
|-damage|p2a: Ororo|62/100
|-damage|p2b: Chad|45/100
|move|p2b: Chad|Wave Crash|p1a: Sylveon
|-damage|p1a: Sylveon|0 fnt
|faint|p1a: Sylveon
|-damage|p2b: Chad|12/100|[from] Recoil
|
|-weather|RainDance|[upkeep]
|upkeep
|
|t:|1783869022
|switch|p1a: Charizard|Charizard, L50, M|100/100
|turn|4
|inactive|Kardeas has 30 seconds left.
|inactive|Kardeas has 20 seconds left.
|inactive|Kardeas has 15 seconds left.
|
|t:|1783869063
|switch|p2a: Peynado|Archaludon, L50, F|100/100
|detailschange|p1a: Charizard|Charizard-Mega-Y, L50, M
|-mega|p1a: Charizard|Charizard|Charizardite Y
|-weather|SunnyDay|[from] ability: Drought|[of] p1a: Charizard
|move|p2b: Chad|Protect|p2b: Chad
|-singleturn|p2b: Chad|Protect
|move|p1b: Farigiraf|Thunderbolt|p2a: Peynado
|-resisted|p2a: Peynado|1
|-damage|p2a: Peynado|92/100
|-ability|p2a: Peynado|Stamina|boost
|-boost|p2a: Peynado|def|1
|move|p1a: Charizard|Weather Ball|p2a: Peynado
|-damage|p2a: Peynado|33/100
|-ability|p2a: Peynado|Stamina|boost
|-boost|p2a: Peynado|def|1
|
|-weather|SunnyDay|[upkeep]
|-heal|p2a: Peynado|39/100|[from] item: Leftovers
|upkeep
|turn|5
|inactive|Kardeas has 30 seconds left.
|inactive|vrocehpalon has 30 seconds left.
|inactive|vrocehpalon has 20 seconds left.
|inactive|vrocehpalon has 15 seconds left.
|
|t:|1783869111
|switch|p2b: Ororo|Pelipper, L50, M|62/100
|-weather|RainDance|[from] ability: Drizzle|[of] p2b: Ororo
|move|p1b: Farigiraf|Thunderbolt|p2b: Ororo
|-supereffective|p2b: Ororo|2
|-damage|p2b: Ororo|0 fnt
|faint|p2b: Ororo
|move|p2a: Peynado|Electro Shot||[still]
|-prepare|p2a: Peynado|Electro Shot
|-boost|p2a: Peynado|spa|1
|-anim|p2a: Peynado|Electro Shot|p1a: Charizard
|-supereffective|p1a: Charizard|1
|-damage|p1a: Charizard|0 fnt
|faint|p1a: Charizard
|
|-weather|RainDance|[upkeep]
|-heal|p2a: Peynado|45/100|[from] item: Leftovers
|-sideend|p2: Kardeas|Reflect
|-fieldend|move: Trick Room
|upkeep
|j| RamlethalVGC
|
|t:|1783869126
|switch|p2b: Chad|Swampert-Mega, L50, M|12/100
|turn|6
|l| 5-3 merchant
|c|☆vrocehpalon|gg
|
|t:|1783869136
|move|p2b: Chad|Wave Crash|p1b: Farigiraf
|-damage|p1b: Farigiraf|12/100
|-enditem|p1b: Farigiraf|Sitrus Berry|[eat]
|-heal|p1b: Farigiraf|37/100|[from] item: Sitrus Berry
|-damage|p2b: Chad|0 fnt|[from] Recoil
|faint|p2b: Chad
|move|p2a: Peynado|Electro Shot||[still]
|-prepare|p2a: Peynado|Electro Shot
|-boost|p2a: Peynado|spa|1
|-anim|p2a: Peynado|Electro Shot|p1b: Farigiraf
|-damage|p1b: Farigiraf|0 fnt
|faint|p1b: Farigiraf
|
|win|Kardeas
|c|☆Kardeas|gg
