|j|☆srTerror
|j|☆jeanryupr
|html|srTerrorjeanryupr    
|uhtml|bestof|Game 2 of a best-of-3
|t:|1785862141
|gametype|doubles
|player|p1|srTerror|101|1127
|player|p2|jeanryupr|169|1193
|gen|9
|tier|[Gen 9 Champions] VGC 2026 Reg M-B (Bo3)
|rated|
|rule|Species Clause: Limit one of each Pokémon
|rule|Item Clause: Limit 1 of each item
|clearpoke
|poke|p1|Dragonite, L50, M|
|poke|p1|Milotic, L50, F|
|poke|p1|Sneasler, L50, F|
|poke|p1|Charizard, L50, F|
|poke|p1|Gholdengo, L50|
|poke|p1|Whimsicott, L50, F|
|poke|p2|Raichu, L50, M|
|poke|p2|Aerodactyl, L50, M|
|poke|p2|Floette-Eternal, L50, F|
|poke|p2|Kingambit, L50, F|
|poke|p2|Farigiraf, L50, M|
|poke|p2|Kommo-o, L50, F|
|teampreview|4
|showteam|p1|Dragonite||LifeOrb|InnerFocus|Protect,DragonClaw,ExtremeSpeed,LowKick|Adamant||M|||50|]Milotic||Leftovers|Competitive|Scald,IceBeam,Recover,Protect|Modest||F|||50|]Sneasler||WhiteHerb|Unburden|GunkShot,FakeOut,CloseCombat,Coaching|Adamant||F|||50|]Charizard||CharizarditeY|Blaze|Protect,HeatWave,WeatherBall,SolarBeam|Modest||F|||50|]Gholdengo||FocusSash|GoodasGold|Protect,ShadowBall,PowerGem,MakeItRain|Modest|||||50|]Whimsicott||FairyFeather|Prankster|Protect,Moonblast,Encore,Tailwind|Timid||F|||50|
|showteam|p2|Raichu||RaichuniteY|LightningRod|ZapCannon,FocusBlast,FakeOut,Protect|Timid||M|||50|]Aerodactyl||FocusSash|Unnerve|WideGuard,DualWingbeat,RockSlide,Tailwind|Jolly||M|||50|]Floette-Eternal||Floettite|FlowerVeil|Moonblast,DazzlingGleam,CalmMind,Protect|Timid||F|||50|]Kingambit||LifeOrb|Defiant|KowtowCleave,Protect,SuckerPunch,IronHead|Adamant||F|||50|]Farigiraf||SitrusBerry|ArmorTail|TrickRoom,HelpingHand,Thunderbolt,Psychic|Bold||M|||50|]Kommo-o||Leftovers|Soundproof|AuraSphere,ClangingScales,DragonPulse,Protect|Modest||F|||50|
|inactive|Battle timer is ON: inactive players will automatically lose when time's up. (requested by srTerror)
|
|t:|1785862173
|teamsize|p1|4
|teamsize|p2|4
|start
|switch|p1a: Sneasler|Sneasler, L50, F|100/100
|switch|p1b: Charizard|Charizard, L50, F|100/100
|switch|p2a: Raichu|Raichu, L50, M|100/100
|switch|p2b: Kingambit|Kingambit, L50, F|100/100
|turn|1
|inactive|srTerror has 30 seconds left.
|
|t:|1785862200
|switch|p2b: Farigiraf|Farigiraf, L50, M|100/100
|detailschange|p2a: Raichu|Raichu-Mega-Y, L50, M
|-mega|p2a: Raichu|Raichu|Raichunite Y
|detailschange|p1b: Charizard|Charizard-Mega-Y, L50, F
|-mega|p1b: Charizard|Charizard|Charizardite Y
|-weather|SunnyDay|[from] ability: Drought|[of] p1b: Charizard
|move|p1a: Sneasler|Fake Out||[still]
|cant|p2b: Farigiraf|ability: Armor Tail|Fake Out|[of] p1a: Sneasler
|move|p2a: Raichu|Zap Cannon|p1a: Sneasler
|-damage|p1a: Sneasler|21/100
|-status|p1a: Sneasler|par
|move|p1b: Charizard|Heat Wave|p2a: Raichu|[spread] p2a,p2b
|-damage|p2a: Raichu|20/100y
|-damage|p2b: Farigiraf|45/100
|-enditem|p2b: Farigiraf|Sitrus Berry|[eat]
|-heal|p2b: Farigiraf|70/100|[from] item: Sitrus Berry
|
|-weather|SunnyDay|[upkeep]
|upkeep
|turn|2
|inactive|srTerror has 30 seconds left.
|
|t:|1785862226
|switch|p1b: Whimsicott|Whimsicott, L50, F|100/100
|move|p2a: Raichu|Protect|p2a: Raichu
|-singleturn|p2a: Raichu|Protect
|move|p2b: Farigiraf|Psychic|p1a: Sneasler
|-supereffective|p1a: Sneasler|2
|-damage|p1a: Sneasler|0 fnt
|faint|p1a: Sneasler
|
|-weather|SunnyDay|[upkeep]
|upkeep
|
|t:|1785862232
|switch|p1a: Charizard|Charizard-Mega-Y, L50, F|100/100
|turn|3
|
|t:|1785862248
|move|p1a: Charizard|Protect|p1a: Charizard
|-singleturn|p1a: Charizard|Protect
|move|p2a: Raichu|Zap Cannon|p1b: Whimsicott
|-resisted|p1b: Whimsicott|1
|-damage|p1b: Whimsicott|46/100
|-status|p1b: Whimsicott|par
|move|p1b: Whimsicott|Moonblast|p2a: Raichu
|-damage|p2a: Raichu|0 fnt
|faint|p2a: Raichu
|move|p2b: Farigiraf|Trick Room|p2b: Farigiraf
|-fieldstart|move: Trick Room|[of] p2b: Farigiraf
|
|-weather|SunnyDay|[upkeep]
|upkeep
|
|t:|1785862253
|switch|p2a: Kingambit|Kingambit, L50, F|100/100
|turn|4
|
|t:|1785862268
|move|p2a: Kingambit|Kowtow Cleave|p1a: Charizard
|-damage|p1a: Charizard|45/100
|-damage|p2a: Kingambit|90/100|[from] item: Life Orb
|move|p2b: Farigiraf|Thunderbolt|p1a: Charizard
|-supereffective|p1a: Charizard|1
|-damage|p1a: Charizard|4/100
|move|p1b: Whimsicott|Moonblast|p2b: Farigiraf
|-damage|p2b: Farigiraf|31/100
|move|p1a: Charizard|Heat Wave|p2b: Farigiraf|[spread] p2a,p2b
|-supereffective|p2a: Kingambit|1
|-damage|p2a: Kingambit|0 fnt
|-damage|p2b: Farigiraf|0 fnt
|faint|p2a: Kingambit
|faint|p2b: Farigiraf
|
|-weather|SunnyDay|[upkeep]
|upkeep
|
|t:|1785862276
|switch|p2b: Aerodactyl|Aerodactyl, L50, M|100/100
|-ability|p2b: Aerodactyl|Unnerve
|turn|5
|
|t:|1785862284
|move|p1b: Whimsicott|Moonblast|p2b: Aerodactyl
|-damage|p2b: Aerodactyl|45/100
|move|p1a: Charizard|Heat Wave|p2b: Aerodactyl
|-resisted|p2b: Aerodactyl|1
|-damage|p2b: Aerodactyl|0 fnt
|faint|p2b: Aerodactyl
|
|win|srTerror
