|j|☆SalcranVGC
|j|☆Toquill
|html|SalcranVGCToquill    
|uhtml|bestof|Game 2 of a best-of-3
|t:|1783451646
|gametype|doubles
|player|p1|SalcranVGC|265|
|player|p2|Toquill|rika|
|gen|9
|tier|[Gen 9 Champions] VGC 2026 Reg M-B (Bo3)
|rule|Species Clause: Limit one of each Pokémon
|rule|Item Clause: Limit 1 of each item
|clearpoke
|poke|p1|Grimmsnarl, L50, M|
|poke|p1|Venusaur, L50, M|
|poke|p1|Garchomp, L50, F|
|poke|p1|Incineroar, L50, M|
|poke|p1|Gholdengo, L50|
|poke|p1|Hydreigon, L50, F|
|poke|p2|Floette-Eternal, L50, F, shiny|
|poke|p2|Ceruledge, L50, M|
|poke|p2|Garchomp, L50, F, shiny|
|poke|p2|Talonflame, L50, M, shiny|
|poke|p2|Metagross, L50|
|poke|p2|Ninetales-Alola, L50, F|
|teampreview|4
|showteam|p1|Grimmsnarl||LightClay|Prankster|SpiritBreak,Reflect,LightScreen,PartingShot|Careful||M|||50|]Venusaur||Venusaurite|Chlorophyll|SludgeBomb,GigaDrain,LeechSeed,Protect|Calm||M|||50|]Garchomp||LifeOrb|RoughSkin|DragonClaw,StompingTantrum,RockSlide,Protect|Jolly||F|||50|]Incineroar||SitrusBerry|Intimidate|FlareBlitz,ThroatChop,PartingShot,FakeOut|Impish||M|||50|]Gholdengo||SpellTag|GoodasGold|MakeItRain,ShadowBall,NastyPlot,Protect|Modest|||||50|]Hydreigon||FocusSash|Levitate|DracoMeteor,DarkPulse,EarthPower,Protect|Modest||F|||50|
|showteam|p2|Floette-Eternal||Floettite|FlowerVeil|Moonblast,DazzlingGleam,LightofRuin,Protect|Timid||F|||50|]Ceruledge||ColburBerry|FlashFire|BitterBlade,ShadowSneak,BulkUp,Protect|Adamant||M|||50|]Garchomp||LifeOrb|RoughSkin|Earthquake,DragonClaw,RockSlide,Protect|Jolly||F|||50|]Talonflame||SharpBeak|GaleWings|DualWingbeat,FlareBlitz,Tailwind,Protect|Jolly||M|||50|]Metagross||Metagrossite|ClearBody|IronHead,PsychicFangs,StompingTantrum,Protect|Jolly|||||50|]Ninetales-Alola||NeverMeltIce|SnowWarning|Blizzard,FreezeDry,Encore,Protect|Timid||F|||50|
|j| No1RalseiFan
|j| asmrticuno
|j| snuffdoll
|
|t:|1783451752
|teamsize|p1|4
|teamsize|p2|4
|start
|switch|p1a: Grimmsnarl|Grimmsnarl, L50, M|100/100
|switch|p1b: Gholdengo|Gholdengo, L50|100/100
|switch|p2a: Garchomp|Garchomp, L50, F, shiny|100/100
|switch|p2b: Metagross|Metagross, L50|100/100
|turn|1
|
|t:|1783451790
|move|p2b: Metagross|Protect|p2b: Metagross
|-singleturn|p2b: Metagross|Protect
|move|p1a: Grimmsnarl|Reflect|p1a: Grimmsnarl
|-sidestart|p1: SalcranVGC|Reflect
|move|p2a: Garchomp|Earthquake|p1a: Grimmsnarl|[spread] p1a,p1b
|-activate|p2b: Metagross|move: Protect
|-crit|p1a: Grimmsnarl
|-supereffective|p1b: Gholdengo|1
|-damage|p1a: Grimmsnarl|26/100
|-damage|p1b: Gholdengo|34/100
|-damage|p2a: Garchomp|90/100|[from] item: Life Orb
|move|p1b: Gholdengo|Shadow Ball|p2a: Garchomp
|-damage|p2a: Garchomp|37/100
|
|upkeep
|turn|2
|
|t:|1783451860
|switch|p2b: Ninetales|Ninetales-Alola, L50, F|100/100
|-weather|Snowscape|[from] ability: Snow Warning|[of] p2b: Ninetales
|move|p1b: Gholdengo|Protect|p1b: Gholdengo
|-singleturn|p1b: Gholdengo|Protect
|move|p1a: Grimmsnarl|Parting Shot|p2a: Garchomp
|-unboost|p2a: Garchomp|atk|1
|-unboost|p2a: Garchomp|spa|1
|
|t:|1783451868
|switch|p1a: Incineroar|Incineroar, L50, M|100/100|[from] Parting Shot
|-ability|p1a: Incineroar|Intimidate|boost
|-unboost|p2a: Garchomp|atk|1
|-unboost|p2b: Ninetales|atk|1
|move|p2a: Garchomp|Earthquake|p1a: Incineroar|[spread] p2b,p1a
|-activate|p1b: Gholdengo|move: Protect
|-supereffective|p1a: Incineroar|1
|-damage|p2b: Ninetales|76/100
|-damage|p1a: Incineroar|76/100
|-damage|p2a: Garchomp|28/100|[from] item: Life Orb
|
|-weather|Snowscape|[upkeep]
|upkeep
|turn|3
|
|t:|1783451905
|move|p2a: Garchomp|Protect|p2a: Garchomp
|-singleturn|p2a: Garchomp|Protect
|move|p1a: Incineroar|Fake Out|p2a: Garchomp
|-activate|p2a: Garchomp|move: Protect
|move|p2b: Ninetales|Blizzard|p1b: Gholdengo|[spread] p1a,p1b
|-resisted|p1a: Incineroar|1
|-resisted|p1b: Gholdengo|1
|-damage|p1a: Incineroar|58/100
|-damage|p1b: Gholdengo|15/100
|move|p1b: Gholdengo|Make It Rain|p2a: Garchomp|[spread] 
|-activate|p2a: Garchomp|move: Protect
|-miss|p1b: Gholdengo|p2b: Ninetales
|
|-weather|Snowscape|[upkeep]
|upkeep
|turn|4
|
|t:|1783451937
|move|p1b: Gholdengo|Protect|p1b: Gholdengo
|-singleturn|p1b: Gholdengo|Protect
|move|p2b: Ninetales|Blizzard|p1a: Incineroar|[spread] p1a
|-activate|p1b: Gholdengo|move: Protect
|-resisted|p1a: Incineroar|1
|-damage|p1a: Incineroar|43/100
|-enditem|p1a: Incineroar|Sitrus Berry|[eat]
|-heal|p1a: Incineroar|67/100|[from] item: Sitrus Berry
|move|p2a: Garchomp|Earthquake|p1a: Incineroar|[spread] p2b,p1a
|-activate|p1b: Gholdengo|move: Protect
|-supereffective|p1a: Incineroar|1
|-damage|p2b: Ninetales|49/100
|-damage|p1a: Incineroar|41/100
|-damage|p2a: Garchomp|18/100|[from] item: Life Orb
|move|p1a: Incineroar|Flare Blitz|p2b: Ninetales
|-supereffective|p2b: Ninetales|1
|-damage|p2b: Ninetales|0 fnt
|faint|p2b: Ninetales
|-damage|p1a: Incineroar|29/100|[from] Recoil
|
|-weather|Snowscape|[upkeep]
|upkeep
|
|t:|1783451955
|switch|p2b: Floette|Floette-Eternal, L50, F, shiny|100/100
|turn|5
|
|t:|1783451967
|switch|p2a: Metagross|Metagross, L50|100/100
|switch|p1b: Grimmsnarl|Grimmsnarl, L50, M|26/100
|detailschange|p2b: Floette|Floette-Mega, L50, F, shiny
|-mega|p2b: Floette|Floette|Floettite
|-ability|p2b: Floette|Fairy Aura
|move|p2b: Floette|Dazzling Gleam|p1b: Grimmsnarl|[spread] p1a,p1b
|-supereffective|p1b: Grimmsnarl|1
|-damage|p1a: Incineroar|0 fnt
|-damage|p1b: Grimmsnarl|0 fnt
|faint|p1a: Incineroar
|faint|p1b: Grimmsnarl
|
|-weather|Snowscape|[upkeep]
|upkeep
|
|t:|1783451976
|switch|p1a: Gholdengo|Gholdengo, L50|15/100
|switch|p1b: Garchomp|Garchomp, L50, F|100/100
|turn|6
|l| No1RalseiFan
|
|t:|1783452004
|move|p2b: Floette|Protect|p2b: Floette
|-singleturn|p2b: Floette|Protect
|move|p1b: Garchomp|Stomping Tantrum|p2b: Floette
|-activate|p2b: Floette|move: Protect
|move|p2a: Metagross|Psychic Fangs|p1b: Garchomp
|-sideend|p1: SalcranVGC|Reflect
|-damage|p1b: Garchomp|54/100
|-damage|p2a: Metagross|87/100|[from] ability: Rough Skin|[of] p1b: Garchomp
|move|p1a: Gholdengo|Make It Rain|p2a: Metagross|[spread] p2a
|-activate|p2b: Floette|move: Protect
|-resisted|p2a: Metagross|1
|-damage|p2a: Metagross|62/100
|-unboost|p1a: Gholdengo|spa|2
|
|-weather|none
|upkeep
|turn|7
|
|t:|1783452025
|move|p1b: Garchomp|Rock Slide|p2b: Floette|[spread] p2a
|-miss|p1b: Garchomp|p2b: Floette
|-resisted|p2a: Metagross|1
|-damage|p2a: Metagross|52/100
|-damage|p1b: Garchomp|44/100|[from] item: Life Orb
|move|p2b: Floette|Dazzling Gleam|p1b: Garchomp|[spread] p1a,p1b
|-resisted|p1a: Gholdengo|1
|-supereffective|p1b: Garchomp|1
|-damage|p1a: Gholdengo|0 fnt
|-damage|p1b: Garchomp|0 fnt
|faint|p1a: Gholdengo
|faint|p1b: Garchomp
|
|win|Toquill
|c|☆Toquill|ggs, sorry about the miss earlier :((
|c|☆SalcranVGC|why is my luck like this
|l| asmrticuno
|c|☆SalcranVGC|you do the replays, I'm gonna throw up
|l|☆SalcranVGC
|player|p1|
|j| starling01
