|j|☆Olive19907
|j|☆Er ciccio98
|html|Olive19907Er ciccio98    
|uhtml|bestof|Game 3 of a best-of-3
|t:|1757838739
|gametype|doubles
|player|p1|Olive19907|cynthia-gen4|1008
|player|p2|Er ciccio98|101|1037
|gen|9
|tier|[Gen 9] VGC 2025 Reg H (Bo3)
|rated|
|rule|Species Clause: Limit one of each Pokémon
|rule|Item Clause: Limit 1 of each item
|clearpoke
|poke|p1|Sylveon, L50, M|
|poke|p1|Amoonguss, L50, F|
|poke|p1|Gastrodon-East, L50, F|
|poke|p1|Garchomp, L50, F|
|poke|p1|Klefki, L50, M|
|poke|p1|Gligar, L50, F|
|poke|p2|Incineroar, L50, F|
|poke|p2|Torkoal, L50, M|
|poke|p2|Electabuzz, L50, F|
|poke|p2|Ursaluna-Bloodmoon, L50, M|
|poke|p2|Mimikyu, L50, M|
|poke|p2|Lilligant-Hisui, L50, F|
|teampreview|4
|showteam|p1|Sylveon||ThroatSpray|Pixilate|HyperVoice,TeraBlast,QuickAttack,Protect|||M|||50|,,,,,Fire]Amoonguss||WikiBerry|Regenerator|PollenPuff,Spore,WorrySeed,Protect|||F|||50|,,,,,Water]Gastrodon-East||Leftovers|StormDrain|EarthPower,IceBeam,Snowscape,Protect|||F|||50|,,,,,Fire]Garchomp||ClearAmulet|RoughSkin|Earthquake,RockSlide,SwordsDance,Protect|||F|||50|,,,,,Fire]Klefki||LightClay|Prankster|FoulPlay,TrickRoom,LightScreen,Reflect|||M|||50|,,,,,Dark]Gligar||Eviolite|HyperCutter|DualWingbeat,KnockOff,Feint,Taunt|||F|||50|,,,,,Water
|showteam|p2|Incineroar||AssaultVest|Intimidate|FakeOut,KnockOff,FlareBlitz,Uturn|||F|||50|,,,,,Bug]Torkoal||Charcoal|Drought|Eruption,Protect,Flamethrower,ClearSmog|||M|||50|,,,,,Fire]Electabuzz||Eviolite|Static|FollowMe,Electroweb,Taunt,HelpingHand|||F|||50|,,,,,Ghost]Ursaluna-Bloodmoon||LifeOrb|MindsEye|HyperVoice,BloodMoon,Protect,EarthPower|||M|||50|,,,,,Normal]Mimikyu||MentalHerb|Disguise|ShadowSneak,PlayRough,ShadowClaw,TrickRoom|||M|||50|,,,,,Steel]Lilligant-Hisui||FocusSash|Chlorophyll|AfterYou,CloseCombat,SleepPowder,LeafBlade|||F|||50|,,,,,Ghost
|inactive|Battle timer is ON: inactive players will automatically lose when time's up. (requested by Er ciccio98)
|
|t:|1757838766
|teamsize|p1|4
|teamsize|p2|4
|start
|switch|p1a: Garchomp|Garchomp, L50, F|100/100
|switch|p1b: Gligar|Gligar, L50, F|100/100
|switch|p2a: Torkoal|Torkoal, L50, M|100/100
|switch|p2b: Incineroar|Incineroar, L50, F|100/100
|-ability|p2b: Incineroar|Intimidate|boost
|-fail|p1a: Garchomp|unboost|[from] item: Clear Amulet|[of] p1a: Garchomp
|-fail|p1b: Gligar|unboost|Attack|[from] ability: Hyper Cutter|[of] p1b: Gligar
|-weather|SunnyDay|[from] ability: Drought|[of] p2a: Torkoal
|turn|1
|inactive|Olive19907 has 30 seconds left.
|
|t:|1757838793
|-terastallize|p2a: Torkoal|Fire
|move|p2b: Incineroar|Fake Out|p1a: Garchomp
|-damage|p1a: Garchomp|89/100
|-damage|p2b: Incineroar|88/100|[from] ability: Rough Skin|[of] p1a: Garchomp
|cant|p1a: Garchomp|flinch
|move|p1b: Gligar|Knock Off|p2a: Torkoal
|-damage|p2a: Torkoal|86/100
|-enditem|p2a: Torkoal|Charcoal|[from] move: Knock Off|[of] p1b: Gligar
|move|p2a: Torkoal|Eruption|p1a: Garchomp|[spread] p1a,p1b
|-resisted|p1a: Garchomp
|-damage|p1a: Garchomp|46/100
|-damage|p1b: Gligar|43/100
|
|-weather|SunnyDay|[upkeep]
|upkeep
|turn|2
|inactive|Olive19907 has 30 seconds left.
|
|t:|1757838821
|move|p2a: Torkoal|Protect|p2a: Torkoal
|-singleturn|p2a: Torkoal|Protect
|move|p1a: Garchomp|Earthquake|p2b: Incineroar|[spread] p2b
|-activate|p2a: Torkoal|move: Protect
|-immune|p1b: Gligar
|-supereffective|p2b: Incineroar
|-damage|p2b: Incineroar|25/100
|move|p1b: Gligar|Knock Off|p2b: Incineroar
|-resisted|p2b: Incineroar
|-damage|p2b: Incineroar|17/100
|-enditem|p2b: Incineroar|Assault Vest|[from] move: Knock Off|[of] p1b: Gligar
|move|p2b: Incineroar|U-turn|p1a: Garchomp
|-damage|p1a: Garchomp|25/100
|-damage|p2b: Incineroar|5/100|[from] ability: Rough Skin|[of] p1a: Garchomp
|
|t:|1757838835
|switch|p2b: Lilligant|Lilligant-Hisui, L50, F|100/100|[from] U-turn
|
|-weather|SunnyDay|[upkeep]
|upkeep
|turn|3
|
|t:|1757838858
|-terastallize|p1b: Gligar|Water
|move|p1a: Garchomp|Protect|p1a: Garchomp
|-singleturn|p1a: Garchomp|Protect
|move|p2b: Lilligant|After You|p2a: Torkoal
|-activate|p2a: Torkoal|move: After You
|move|p2a: Torkoal|Eruption|p1a: Garchomp|[spread] p1b
|-activate|p1a: Garchomp|move: Protect
|-resisted|p1b: Gligar
|-damage|p1b: Gligar|15/100
|move|p1b: Gligar|Dual Wingbeat|p2b: Lilligant
|-supereffective|p2b: Lilligant
|-damage|p2b: Lilligant|35/100
|-supereffective|p2b: Lilligant
|-damage|p2b: Lilligant|0 fnt
|faint|p2b: Lilligant
|-hitcount|p2: Lilligant|2
|
|-weather|SunnyDay|[upkeep]
|upkeep
|
|t:|1757838873
|switch|p2b: Incineroar|Incineroar, L50, F|5/100
|-ability|p2b: Incineroar|Intimidate|boost
|-fail|p1a: Garchomp|unboost|[from] item: Clear Amulet|[of] p1a: Garchomp
|-fail|p1b: Gligar|unboost|Attack|[from] ability: Hyper Cutter|[of] p1b: Gligar
|turn|4
|
|t:|1757838884
|move|p2b: Incineroar|Fake Out|p1a: Garchomp
|-damage|p1a: Garchomp|13/100
|-damage|p2b: Incineroar|0 fnt|[from] ability: Rough Skin|[of] p1a: Garchomp
|faint|p2b: Incineroar
|move|p1b: Gligar|Feint|p2a: Torkoal
|-damage|p2a: Torkoal|82/100
|cant|p1a: Garchomp|flinch
|move|p2a: Torkoal|Flamethrower|p1a: Garchomp
|-resisted|p1a: Garchomp
|-damage|p1a: Garchomp|0 fnt
|faint|p1a: Garchomp
|
|-weather|SunnyDay|[upkeep]
|upkeep
|
|t:|1757838899
|switch|p1a: Gastrodon|Gastrodon-East, L50, F|100/100
|switch|p2b: Ursaluna|Ursaluna-Bloodmoon, L50, M|100/100
|turn|5
|
|t:|1757838917
|move|p1b: Gligar|Feint|p2a: Torkoal
|-damage|p2a: Torkoal|77/100
|move|p2b: Ursaluna|Hyper Voice|p1a: Gastrodon|[spread] p1a,p1b
|-damage|p1a: Gastrodon|60/100
|-damage|p1b: Gligar|0 fnt
|faint|p1b: Gligar
|-damage|p2b: Ursaluna|91/100|[from] item: Life Orb
|move|p1a: Gastrodon|Earth Power|p2a: Torkoal
|-supereffective|p2a: Torkoal
|-damage|p2a: Torkoal|0 fnt
|faint|p2a: Torkoal
|
|-weather|none
|-heal|p1a: Gastrodon|66/100|[from] item: Leftovers
|upkeep
|
|t:|1757838932
|switch|p1b: Amoonguss|Amoonguss, L50, F|100/100
|turn|6
|
|t:|1757838939
|move|p2b: Ursaluna|Blood Moon|p1b: Amoonguss
|-damage|p1b: Amoonguss|21/100
|-enditem|p1b: Amoonguss|Wiki Berry|[eat]
|-heal|p1b: Amoonguss|54/100|[from] item: Wiki Berry
|-damage|p2b: Ursaluna|81/100|[from] item: Life Orb
|move|p1a: Gastrodon|Ice Beam|p2b: Ursaluna
|-supereffective|p2b: Ursaluna
|-damage|p2b: Ursaluna|33/100
|move|p1b: Amoonguss|Spore|p2b: Ursaluna
|-status|p2b: Ursaluna|slp|[from] move: Spore
|
|-heal|p1a: Gastrodon|72/100|[from] item: Leftovers
|upkeep
|turn|7
|inactive|Olive19907 has 30 seconds left.
|
|t:|1757838970
|cant|p2b: Ursaluna|slp
|move|p1a: Gastrodon|Ice Beam|p2b: Ursaluna
|-supereffective|p2b: Ursaluna
|-damage|p2b: Ursaluna|0 fnt
|faint|p2b: Ursaluna
|
|win|Olive19907
|raw|Olive19907's rating: 1008 → 1050(+42 for winning)
|raw|Er ciccio98's rating: 1037 → 1020(-17 for losing)
