|j|☆LeoFernando27
|j|☆Colonelpaco
|html|LeoFernando27Colonelpaco    
|uhtml|bestof|Game 3 of a best-of-3
|t:|1757625855
|gametype|doubles
|player|p1|LeoFernando27|2|1065
|player|p2|Colonelpaco|266|1000
|gen|9
|tier|[Gen 9] VGC 2025 Reg H (Bo3)
|rated|
|rule|Species Clause: Limit one of each Pokémon
|rule|Item Clause: Limit 1 of each item
|clearpoke
|poke|p1|Talonflame, L50, F|
|poke|p1|Typhlosion-Hisui, L50, F|
|poke|p1|Samurott-Hisui, L50, M|
|poke|p1|Garchomp, L50, M|
|poke|p1|Electabuzz, L50, M|
|poke|p1|Meowscarada, L50, M|
|poke|p2|Sneasler, L50, F|
|poke|p2|Dragapult, L50, M|
|poke|p2|Primarina, L50, F|
|poke|p2|Rillaboom, L50, F|
|poke|p2|Kingambit, L50, M|
|poke|p2|Magmar, L50, F|
|teampreview|4
|showteam|p1|Talonflame||CovertCloak|GaleWings|Tailwind,BraveBird,SunnyDay,QuickGuard|||F|||50|,,,,,Flying]Typhlosion-Hisui||ChoiceSpecs|Frisk|Eruption,HeatWave,Overheat,ShadowBall|||F|||50|,,,,,Fire]Samurott-Hisui||RazorClaw|Sharpness|AquaCutter,NightSlash,SacredSword,Protect|||M|||50|,,,,,Poison]Garchomp||LifeOrb|RoughSkin|Earthquake,DragonClaw,StompingTantrum,Protect|||M|||50|,,,,,Steel]Electabuzz||Eviolite|VitalSpirit|Thunderbolt,FollowMe,Taunt,Protect|||M|||50|,,,,,Fairy]Meowscarada||FocusSash|Overgrow|FlowerTrick,TripleAxel,KnockOff,Protect|||M|||50|,,,,,Grass
|showteam|p2|Sneasler||FocusSash|Unburden|CloseCombat,DireClaw,FakeOut,Protect|||F|||50|,,,,,Stellar]Dragapult||ChoiceBand|ClearBody|DragonDarts,TeraBlast,PhantomForce,Uturn|||M|||50|,,,,,Ghost]Primarina||SitrusBerry|LiquidVoice|HyperVoice,Moonblast,Haze,Protect|||F|||50|,,,,,Water]Rillaboom||AssaultVest|GrassySurge|WoodHammer,GrassyGlide,HighHorsepower,FakeOut|||F|||50|,,,,,Fire]Kingambit||BlackGlasses|Defiant|KowtowCleave,SuckerPunch,SwordsDance,Protect|||M|||50|,,,,,Ghost]Magmar||Eviolite|VitalSpirit|Overheat,WillOWisp,FollowMe,Protect|||F|||50|,,,,,Ghost
|inactive|Battle timer is ON: inactive players will automatically lose when time's up. (requested by Colonelpaco)
|inactive|Colonelpaco has 60 seconds left.
|
|t:|1757625888
|teamsize|p1|4
|teamsize|p2|4
|start
|switch|p1a: Talonflame|Talonflame, L50, F|100/100
|switch|p1b: Garchomp|Garchomp, L50, M|100/100
|switch|p2a: Primarina|Primarina, L50, F|100/100
|switch|p2b: Sneasler|Sneasler, L50, F|100/100
|turn|1
|inactive|LeoFernando27 has 30 seconds left.
|
|t:|1757625916
|move|p1b: Garchomp|Protect|p1b: Garchomp
|-singleturn|p1b: Garchomp|Protect
|move|p1a: Talonflame|Quick Guard|p1a: Talonflame
|-singleturn|p1a: Talonflame|Quick Guard
|move|p2b: Sneasler|Fake Out|p1b: Garchomp
|-activate|p1b: Garchomp|move: Quick Guard
|move|p2a: Primarina|Hyper Voice|p1a: Talonflame|[spread] p1a
|-activate|p1b: Garchomp|move: Protect
|-supereffective|p1a: Talonflame
|-damage|p1a: Talonflame|23/100
|
|upkeep
|turn|2
|
|t:|1757625941
|move|p2b: Sneasler|Protect|p2b: Sneasler
|-singleturn|p2b: Sneasler|Protect
|move|p1a: Talonflame|Tailwind|p1a: Talonflame
|-sidestart|p1: LeoFernando27|move: Tailwind
|move|p1b: Garchomp|Earthquake|p2a: Primarina|[spread] p2a
|-activate|p2b: Sneasler|move: Protect
|-immune|p1a: Talonflame
|-damage|p2a: Primarina|53/100
|-damage|p1b: Garchomp|91/100|[from] item: Life Orb
|move|p2a: Primarina|Hyper Voice|p1a: Talonflame|[spread] p1a,p1b
|-supereffective|p1a: Talonflame
|-damage|p1a: Talonflame|0 fnt
|-damage|p1b: Garchomp|56/100
|faint|p1a: Talonflame
|
|upkeep
|
|t:|1757625956
|switch|p1a: Meowscarada|Meowscarada, L50, M|100/100
|turn|3
|
|t:|1757625970
|move|p2a: Primarina|Protect|p2a: Primarina
|-singleturn|p2a: Primarina|Protect
|move|p1a: Meowscarada|Flower Trick|p2a: Primarina
|-activate|p2a: Primarina|move: Protect
|move|p1b: Garchomp|Stomping Tantrum|p2b: Sneasler
|-supereffective|p2b: Sneasler
|-enditem|p2b: Sneasler|Focus Sash
|-damage|p2b: Sneasler|1/100
|-damage|p1b: Garchomp|46/100|[from] item: Life Orb
|move|p2b: Sneasler|Dire Claw|p1a: Meowscarada
|-supereffective|p1a: Meowscarada
|-enditem|p1a: Meowscarada|Focus Sash
|-damage|p1a: Meowscarada|1/100
|-status|p1a: Meowscarada|par
|
|upkeep
|turn|4
|inactive|LeoFernando27 has 30 seconds left.
|inactive|LeoFernando27 has 20 seconds left.
|
|t:|1757626009
|switch|p2a: Magmar|Magmar, L50, F|100/100
|-terastallize|p1b: Garchomp|Steel
|move|p2b: Sneasler|Protect|p2b: Sneasler
|-singleturn|p2b: Sneasler|Protect
|move|p1b: Garchomp|Stomping Tantrum|p2a: Magmar
|-supereffective|p2a: Magmar
|-damage|p2a: Magmar|8/100
|-damage|p1b: Garchomp|37/100|[from] item: Life Orb
|move|p1a: Meowscarada|Flower Trick|p2a: Magmar
|-resisted|p2a: Magmar
|-crit|p2a: Magmar
|-damage|p2a: Magmar|0 fnt
|faint|p2a: Magmar
|
|upkeep
|
|t:|1757626023
|switch|p2a: Kingambit|Kingambit, L50, M|100/100
|turn|5
|
|t:|1757626040
|move|p2a: Kingambit|Sucker Punch|p1b: Garchomp
|-damage|p1b: Garchomp|0 fnt
|-damage|p2a: Kingambit|88/100|[from] ability: Rough Skin|[of] p1b: Garchomp
|faint|p1b: Garchomp
|move|p2b: Sneasler|Dire Claw|p1a: Meowscarada
|-supereffective|p1a: Meowscarada
|-damage|p1a: Meowscarada|0 fnt
|faint|p1a: Meowscarada
|
|-sideend|p1: LeoFernando27|move: Tailwind
|upkeep
|
|t:|1757626053
|switch|p1b: Samurott|Samurott-Hisui, L50, M|100/100
|turn|6
|
|t:|1757626072
|switch|p2b: Primarina|Primarina, L50, F|53/100
|move|p2a: Kingambit|Protect|p2a: Kingambit
|-singleturn|p2a: Kingambit|Protect
|move|p1b: Samurott|Aqua Cutter|p2a: Kingambit
|-activate|p2a: Kingambit|move: Protect
|
|upkeep
|turn|7
|
|t:|1757626093
|move|p2a: Kingambit|Sucker Punch|p1b: Samurott
|-resisted|p1b: Samurott
|-damage|p1b: Samurott|71/100
|move|p1b: Samurott|Night Slash|p2b: Primarina
|-resisted|p2b: Primarina
|-crit|p2b: Primarina
|-damage|p2b: Primarina|13/100
|-enditem|p2b: Primarina|Sitrus Berry|[eat]
|-heal|p2b: Primarina|38/100|[from] item: Sitrus Berry
|move|p2b: Primarina|Moonblast|p1b: Samurott
|-supereffective|p1b: Samurott
|-damage|p1b: Samurott|0 fnt
|faint|p1b: Samurott
|
|win|Colonelpaco
|raw|LeoFernando27's rating: 1065 → 1042(-23 for losing)
|raw|Colonelpaco's rating: 1000 → 1047(+47 for winning)
