|j|☆BUFF MIRA
|j|☆ShadowOfAMan
|html|BUFF MIRAShadowOfAMan    
|uhtml|bestof|Game 3 of a best-of-3
|t:|1756219335
|gametype|doubles
|player|p1|BUFF MIRA|benga|
|player|p2|ShadowOfAMan|elio-usum|
|gen|9
|tier|[Gen 9] VGC 2025 Reg H (Bo3)
|rule|Species Clause: Limit one of each Pokémon
|rule|Item Clause: Limit 1 of each item
|clearpoke
|poke|p1|Kingambit, L50, F|
|poke|p1|Basculegion, L50, M|
|poke|p1|Rillaboom, L50, F|
|poke|p1|Sneasler, L50, M|
|poke|p1|Ninetales-Alola, L50, M|
|poke|p1|Magmar, L50, F|
|poke|p2|Politoed, L50, M|
|poke|p2|Gothitelle, L50, M|
|poke|p2|Archaludon, L50, M|
|poke|p2|Incineroar, L50, M|
|poke|p2|Amoonguss, L50, F|
|poke|p2|Kingdra, L50, M|
|teampreview|4
|showteam|p1|Kingambit||BlackGlasses|Defiant|Protect,KowtowCleave,SuckerPunch,SwordsDance|||F|||50|,,,,,Fire]Basculegion||ChoiceScarf|Adaptability|WaveCrash,LastRespects,TeraBlast,FlipTurn|||M|||50|,,,,,Fighting]Rillaboom||AssaultVest|GrassySurge|WoodHammer,GrassyGlide,Uturn,FakeOut|||F|||50|,,,,,Ghost]Sneasler||FocusSash|Unburden|Protect,DireClaw,CloseCombat,FakeOut|||M|||50|,,,,,Stellar]Ninetales-Alola||NeverMeltIce|SnowWarning|Protect,Blizzard,FreezeDry,Encore|||M|||50|,,,,,Ghost]Magmar||Eviolite|VitalSpirit|Protect,HeatWave,Taunt,FollowMe|||F|||50|,,,,,Ghost
|showteam|p2|Politoed||Leftovers|Drizzle|WeatherBall,Encore,PerishSong,Protect|||M|||50|,,,,,Grass]Gothitelle||SitrusBerry|ShadowTag|FakeOut,Psychic,TrickRoom,Protect|||M|||50|,,,,,Water]Archaludon||PowerHerb|Sturdy|ElectroShot,DragonPulse,FlashCannon,Protect|||M|||50|,,,,,Electric]Incineroar||SafetyGoggles|Intimidate|FakeOut,PartingShot,KnockOff,Protect|||M|||50|,,,,,Ghost]Amoonguss||EjectButton|Regenerator|PollenPuff,Spore,RagePowder,Protect|||F|||50|,,,,,Fairy]Kingdra||LifeOrb|SwiftSwim|MuddyWater,WeatherBall,DracoMeteor,Protect|||M|||50|,,,,,Stellar
|inactive|Battle timer is ON: inactive players will automatically lose when time's up. (requested by BUFF MIRA)
|inactive|ShadowOfAMan has 60 seconds left.
|
|t:|1756219397
|teamsize|p1|4
|teamsize|p2|4
|start
|switch|p1a: Kingambit|Kingambit, L50, F|100/100
|switch|p1b: Rillaboom|Rillaboom, L50, F|100/100
|switch|p2a: Gothitelle|Gothitelle, L50, M|100/100
|switch|p2b: Archaludon|Archaludon, L50, M|100/100
|-fieldstart|move: Grassy Terrain|[from] ability: Grassy Surge|[of] p1b: Rillaboom
|turn|1
|
|t:|1756219416
|switch|p2b: Amoonguss|Amoonguss, L50, F|100/100
|move|p1b: Rillaboom|Fake Out|p2a: Gothitelle
|-damage|p2a: Gothitelle|88/100
|move|p1a: Kingambit|Swords Dance|p1a: Kingambit
|-boost|p1a: Kingambit|atk|2
|cant|p2a: Gothitelle|flinch
|
|-heal|p2a: Gothitelle|94/100|[from] Grassy Terrain
|upkeep
|turn|2
|inactive|ShadowOfAMan has 30 seconds left.
|
|t:|1756219451
|-terastallize|p2b: Amoonguss|Fairy
|move|p2b: Amoonguss|Rage Powder|p2b: Amoonguss
|-singleturn|p2b: Amoonguss|move: Rage Powder
|move|p1b: Rillaboom|U-turn|p2b: Amoonguss
|-resisted|p2b: Amoonguss
|-damage|p2b: Amoonguss|92/100
|-enditem|p2b: Amoonguss|Eject Button
|
|t:|1756219466
|switch|p2b: Archaludon|Archaludon, L50, M|100/100
|move|p1a: Kingambit|Kowtow Cleave|p2b: Archaludon
|-ability|p2b: Archaludon|Sturdy
|-damage|p2b: Archaludon|1/100
|move|p2a: Gothitelle|Trick Room|p2a: Gothitelle
|-fieldstart|move: Trick Room|[of] p2a: Gothitelle
|
|-heal|p2a: Gothitelle|99/100|[from] Grassy Terrain
|-heal|p2b: Archaludon|7/100|[from] Grassy Terrain
|upkeep
|turn|3
|
|t:|1756219486
|switch|p2a: Amoonguss|Amoonguss, L50, F, tera:Fairy|100/100
|move|p1a: Kingambit|Kowtow Cleave|p2a: Amoonguss
|-resisted|p2a: Amoonguss
|-damage|p2a: Amoonguss|55/100
|move|p1b: Rillaboom|Wood Hammer|p2a: Amoonguss
|-crit|p2a: Amoonguss
|-damage|p2a: Amoonguss|0 fnt
|faint|p2a: Amoonguss
|-damage|p1b: Rillaboom|82/100|[from] Recoil
|move|p2b: Archaludon|Electro Shot||[still]
|-prepare|p2b: Archaludon|Electro Shot
|-boost|p2b: Archaludon|spa|1
|-enditem|p2b: Archaludon|Power Herb
|-anim|p2b: Archaludon|Electro Shot|p1a: Kingambit
|-damage|p1a: Kingambit|39/100
|
|-heal|p1a: Kingambit|45/100|[from] Grassy Terrain
|-heal|p1b: Rillaboom|87/100|[from] Grassy Terrain
|-heal|p2b: Archaludon|13/100|[from] Grassy Terrain
|upkeep
|
|t:|1756219498
|switch|p2a: Politoed|Politoed, L50, M|100/100
|-weather|RainDance|[from] ability: Drizzle|[of] p2a: Politoed
|turn|4
|
|t:|1756219519
|move|p2a: Politoed|Protect|p2a: Politoed
|-singleturn|p2a: Politoed|Protect
|move|p1a: Kingambit|Sucker Punch|p2b: Archaludon
|-damage|p2b: Archaludon|0 fnt
|faint|p2b: Archaludon
|move|p1b: Rillaboom|Wood Hammer|p2a: Politoed
|-activate|p2a: Politoed|move: Protect
|
|-weather|RainDance|[upkeep]
|-heal|p1a: Kingambit|51/100|[from] Grassy Terrain
|-heal|p1b: Rillaboom|93/100|[from] Grassy Terrain
|upkeep
|
|t:|1756219521
|switch|p2b: Gothitelle|Gothitelle, L50, M|99/100
|turn|5
|
|t:|1756219528
|move|p2b: Gothitelle|Fake Out|p1a: Kingambit
|-resisted|p1a: Kingambit
|-damage|p1a: Kingambit|48/100
|cant|p1a: Kingambit|flinch
|move|p2a: Politoed|Perish Song|p2a: Politoed
|-start|p1a: Kingambit|perish3|[silent]
|-start|p1b: Rillaboom|perish3|[silent]
|-start|p2a: Politoed|perish3|[silent]
|-start|p2b: Gothitelle|perish3|[silent]
|-fieldactivate|move: Perish Song
|move|p1b: Rillaboom|Wood Hammer|p2a: Politoed
|-supereffective|p2a: Politoed
|-damage|p2a: Politoed|0 fnt
|faint|p2a: Politoed
|-damage|p1b: Rillaboom|62/100|[from] Recoil
|
|-weather|RainDance|[upkeep]
|-heal|p1a: Kingambit|54/100|[from] Grassy Terrain
|-heal|p2b: Gothitelle|100/100|[from] Grassy Terrain
|-heal|p1b: Rillaboom|68/100|[from] Grassy Terrain
|-start|p2b: Gothitelle|perish3
|-start|p1a: Kingambit|perish3
|-start|p1b: Rillaboom|perish3
|-fieldend|move: Grassy Terrain
|upkeep
|turn|6
|-message|ShadowOfAMan forfeited.
|
|win|BUFF MIRA
|c|☆BUFF MIRA|ggs
|c|☆ShadowOfAMan|Esta si que la he jugado horrible
|c|☆ShadowOfAMan|GGs
