|j|☆Imreesithink
|j|☆25th_mang
|html|Imreesithink25th_mang    
|uhtml|bestof|Game 1 of a best-of-3
|t:|1785911017
|gametype|doubles
|player|p1|Imreesithink|1|1283
|player|p2|25th_mang|ballguy|1250
|gen|9
|tier|[Gen 9 Champions] VGC 2026 Reg M-B (Bo3)
|rated|
|rule|Species Clause: Limit one of each Pokémon
|rule|Item Clause: Limit 1 of each item
|clearpoke
|poke|p1|Staraptor, L50, F, shiny|
|poke|p1|Raichu, L50, F, shiny|
|poke|p1|Sylveon, L50, F, shiny|
|poke|p1|Farigiraf, L50, F, shiny|
|poke|p1|Arcanine-Hisui, L50, M, shiny|
|poke|p1|Kingambit, L50, M, shiny|
|poke|p2|Staraptor, L50, M|
|poke|p2|Milotic, L50, F|
|poke|p2|Tyranitar, L50, M, shiny|
|poke|p2|Gholdengo, L50, shiny|
|poke|p2|Excadrill, L50, M|
|poke|p2|Sinistcha, L50|
|teampreview|4
|showteam|p1|Staraptor||Staraptite|Intimidate|Tailwind,Protect,CloseCombat,DualWingbeat|Jolly||F|||50|]Raichu||RaichuniteY|LightningRod|FakeOut,ZapCannon,FocusBlast,Protect|Timid||F|||50|]Sylveon||FairyFeather|Pixilate|Detect,HyperVoice,QuickAttack,HyperBeam|Modest||F|||50|]Farigiraf||SitrusBerry|ArmorTail|Psychic,TrickRoom,HelpingHand,Protect|Sassy||F|||50|]Arcanine-Hisui||FocusSash|RockHead|Protect,ExtremeSpeed,HeadSmash,FlareBlitz|Jolly||M|||50|]Kingambit||LifeOrb|Defiant|Protect,KowtowCleave,SwordsDance,SuckerPunch|Adamant||M|||50|
|showteam|p2|Staraptor||Staraptite|Intimidate|BraveBird,CloseCombat,Tailwind,Protect|Jolly||M|||50|]Milotic||SitrusBerry|Competitive|Scald,IceBeam,IcyWind,Recover|Modest||F|||50|]Tyranitar||Tyranitarite|SandStream|RockSlide,KnockOff,LowKick,Protect|Jolly||M|||50|]Gholdengo||LifeOrb|GoodasGold|ShadowBall,MakeItRain,NastyPlot,Protect|Modest|||||50|]Excadrill||FocusSash|SandRush|HighHorsepower,IronHead,RockSlide,Protect|Adamant||M|||50|]Sinistcha||ColburBerry|Hospitality|MatchaGotcha,RagePowder,TrickRoom,Protect|Bold|||||50|
|inactive|Battle timer is ON: inactive players will automatically lose when time's up. (requested by Imreesithink)
|inactive|25th_mang also wants the timer to be on.
|inactive|25th_mang has 60 seconds left.
|inactive|25th_mang has 30 seconds left.
|
|t:|1785911085
|teamsize|p1|4
|teamsize|p2|4
|start
|switch|p1a: Kingambit|Kingambit, L50, M, shiny|100/100
|switch|p1b: Raichu|Raichu, L50, F, shiny|100/100
|switch|p2a: Milotic|Milotic, L50, F|100/100
|switch|p2b: Excadrill|Excadrill, L50, M|100/100
|turn|1
|inactive|Imreesithink has 30 seconds left.
|inactive|Imreesithink has 20 seconds left.
|inactive|Imreesithink has 15 seconds left.
|inactive|Imreesithink has 10 seconds left.
|
|t:|1785911133
|switch|p2a: Tyranitar|Tyranitar, L50, M, shiny|100/100
|-weather|Sandstorm|[from] ability: Sand Stream|[of] p2a: Tyranitar
|move|p2b: Excadrill|Protect|p2b: Excadrill
|-singleturn|p2b: Excadrill|Protect
|move|p1b: Raichu|Fake Out|p2b: Excadrill
|-activate|p2b: Excadrill|move: Protect
|move|p1a: Kingambit|Swords Dance|p1a: Kingambit
|-boost|p1a: Kingambit|atk|2
|
|-weather|Sandstorm|[upkeep]
|-damage|p1b: Raichu|94/100|[from] Sandstorm
|upkeep
|turn|2
|
|t:|1785911156
|detailschange|p1b: Raichu|Raichu-Mega-Y, L50, F, shiny
|-mega|p1b: Raichu|Raichu|Raichunite Y
|detailschange|p2a: Tyranitar|Tyranitar-Mega, L50, M, shiny
|-mega|p2a: Tyranitar|Tyranitar|Tyranitarite
|move|p1a: Kingambit|Sucker Punch|p2b: Excadrill
|-enditem|p2b: Excadrill|Focus Sash
|-damage|p2b: Excadrill|1/100
|-damage|p1a: Kingambit|90/100|[from] item: Life Orb
|move|p2b: Excadrill|High Horsepower|p1b: Raichu
|-supereffective|p1b: Raichu|1
|-damage|p1b: Raichu|0 fnt
|faint|p1b: Raichu
|move|p2a: Tyranitar|Low Kick|p1a: Kingambit
|-supereffective|p1a: Kingambit|2
|-damage|p1a: Kingambit|0 fnt
|faint|p1a: Kingambit
|
|-weather|Sandstorm|[upkeep]
|upkeep
|
|t:|1785911170
|switch|p1b: Farigiraf|Farigiraf, L50, F, shiny|100/100
|switch|p1a: Staraptor|Staraptor, L50, F, shiny|100/100
|-ability|p1a: Staraptor|Intimidate|boost
|-unboost|p2a: Tyranitar|atk|1
|-unboost|p2b: Excadrill|atk|1
|turn|3
|inactive|25th_mang has 30 seconds left.
|
|t:|1785911197
|move|p2b: Excadrill|Iron Head|p1a: Staraptor
|-damage|p1a: Staraptor|58/100
|move|p1a: Staraptor|Close Combat|p2a: Tyranitar
|-supereffective|p2a: Tyranitar|2
|-damage|p2a: Tyranitar|0 fnt
|-unboost|p1a: Staraptor|def|1
|-unboost|p1a: Staraptor|spd|1
|faint|p2a: Tyranitar
|move|p1b: Farigiraf|Psychic|p2b: Excadrill
|-resisted|p2b: Excadrill|1
|-crit|p2b: Excadrill
|-damage|p2b: Excadrill|0 fnt
|faint|p2b: Excadrill
|
|-weather|Sandstorm|[upkeep]
|-damage|p1a: Staraptor|52/100|[from] Sandstorm
|-damage|p1b: Farigiraf|93/100|[from] Sandstorm
|upkeep
|
|t:|1785911208
|switch|p2b: Gholdengo|Gholdengo, L50, shiny|100/100
|switch|p2a: Milotic|Milotic, L50, F|100/100
|turn|4
|
|t:|1785911223
|move|p1a: Staraptor|Close Combat|p2a: Milotic
|-damage|p2a: Milotic|68/100
|-unboost|p1a: Staraptor|def|1
|-unboost|p1a: Staraptor|spd|1
|move|p2b: Gholdengo|Make It Rain|p1a: Staraptor|[spread] p1a,p1b
|-damage|p1a: Staraptor|0 fnt
|-damage|p1b: Farigiraf|51/100
|-unboost|p2b: Gholdengo|spa|2
|faint|p1a: Staraptor
|-damage|p2b: Gholdengo|90/100|[from] item: Life Orb
|move|p2a: Milotic|Ice Beam|p1b: Farigiraf
|-damage|p1b: Farigiraf|30/100
|-enditem|p1b: Farigiraf|Sitrus Berry|[eat]
|-heal|p1b: Farigiraf|55/100|[from] item: Sitrus Berry
|move|p1b: Farigiraf|Psychic|p2b: Gholdengo
|-resisted|p2b: Gholdengo|1
|-damage|p2b: Gholdengo|73/100
|
|-weather|Sandstorm|[upkeep]
|-damage|p2a: Milotic|62/100|[from] Sandstorm
|-damage|p1b: Farigiraf|49/100|[from] Sandstorm
|upkeep
|turn|5
|
|t:|1785911231
|move|p2b: Gholdengo|Make It Rain|p1b: Farigiraf
|-damage|p1b: Farigiraf|18/100
|-unboost|p2b: Gholdengo|spa|2
|-damage|p2b: Gholdengo|63/100|[from] item: Life Orb
|move|p2a: Milotic|Scald|p1b: Farigiraf
|-damage|p1b: Farigiraf|0 fnt
|faint|p1b: Farigiraf
|
|win|25th_mang
||Imreesithink is ready for game 2.
|inactive|25th_mang has 30 seconds to confirm battle start!
||25th_mang is ready for game 2.
|uhtml|next|Next: Game 2 of 3
|l|☆Imreesithink
|player|p1|
|l|☆25th_mang
|player|p2|
|j|☆25th_mang
|player|p2|25th_mang|ballguy|
