|j|☆RayGarraty47
|j|☆kurolax
|html|RayGarraty47kurolax    
|uhtml|bestof|Game 1 of a best-of-3
|t:|1756173921
|gametype|doubles
|player|p1|RayGarraty47|102|1190
|player|p2|kurolax|102|1125
|gen|9
|tier|[Gen 9] VGC 2025 Reg H (Bo3)
|rated|
|rule|Species Clause: Limit one of each Pokémon
|rule|Item Clause: Limit 1 of each item
|clearpoke
|poke|p1|Ursaluna, L50, M|
|poke|p1|Gholdengo, L50|
|poke|p1|Porygon2, L50|
|poke|p1|Amoonguss, L50, F|
|poke|p1|Incineroar, L50, M|
|poke|p1|Hydreigon, L50, M|
|poke|p2|Volcarona, L50, M|
|poke|p2|Tyranitar, L50, M|
|poke|p2|Dragapult, L50, M|
|poke|p2|Rillaboom, L50, F|
|poke|p2|Primarina, L50, M|
|poke|p2|Sneasler, L50, M|
|teampreview|4
|showteam|p1|Ursaluna||FlameOrb|Guts|Facade,Earthquake,HeadlongRush,Protect|||M|||50|,,,,,Ghost]Gholdengo||MetalCoat|GoodasGold|MakeItRain,ShadowBall,NastyPlot,Protect||||||50|,,,,,Water]Porygon2||Eviolite|Download|TeraBlast,IceBeam,TrickRoom,Recover||||||50|,,,,,Fighting]Amoonguss||CovertCloak|Regenerator|Spore,RagePowder,PollenPuff,Protect|||F|||50|,,,,,Psychic]Incineroar||SitrusBerry|Intimidate|FakeOut,FlareBlitz,KnockOff,PartingShot|||M|||50|,,,,,Grass]Hydreigon||SafetyGoggles|Levitate|DracoMeteor,Snarl,Tailwind,Protect|||M|||50|,,,,,Ghost
|showteam|p2|Volcarona||GrassySeed|FlameBody|QuiverDance,HeatWave,TeraBlast,BugBuzz|||M|||50|,,,,,Fairy]Tyranitar||AssaultVest|SandStream|RockSlide,KnockOff,TeraBlast,LowKick|||M|||50|,,,,,Flying]Dragapult||ChoiceScarf|ClearBody|DragonDarts,PhantomForce,SuckerPunch,Protect|||M|||50|,,,,,Dragon]Rillaboom||MiracleSeed|GrassySurge|WoodHammer,Uturn,GrassyGlide,FakeOut|||F|||50|,,,,,Grass]Primarina||SitrusBerry|LiquidVoice|HyperVoice,Moonblast,CalmMind,Protect|||M|||50|,,,,,Grass]Sneasler||WhiteHerb|Unburden|DireClaw,FakeOut,Protect,CloseCombat|||M|||50|,,,,,Psychic
|inactive|Battle timer is ON: inactive players will automatically lose when time's up. (requested by RayGarraty47)
|
|t:|1756173940
|teamsize|p1|4
|teamsize|p2|4
|start
|switch|p1a: Incineroar|Incineroar, L50, M, shiny|100/100
|switch|p1b: Porygon2|Porygon2, L50, shiny|100/100
|switch|p2a: Rillaboom|Rillaboom, L50, F|100/100
|switch|p2b: Sneasler|Sneasler, L50, M|100/100
|-fieldstart|move: Grassy Terrain|[from] ability: Grassy Surge|[of] p2a: Rillaboom
|-ability|p1a: Incineroar|Intimidate|boost
|-unboost|p2a: Rillaboom|atk|1
|-unboost|p2b: Sneasler|atk|1
|-ability|p1b: Porygon2|Download|boost
|-boost|p1b: Porygon2|atk|1
|-enditem|p2b: Sneasler|White Herb
|-clearnegativeboost|p2b: Sneasler|[silent]
|turn|1
|
|t:|1756173965
|switch|p1a: Gholdengo|Gholdengo, L50, shiny|100/100
|-terastallize|p1b: Porygon2|Fighting
|move|p2a: Rillaboom|Fake Out|p1a: Gholdengo
|-immune|p1a: Gholdengo
|move|p2b: Sneasler|Close Combat|p1a: Gholdengo
|-immune|p1a: Gholdengo
|move|p1b: Porygon2|Trick Room|p1b: Porygon2
|-fieldstart|move: Trick Room|[of] p1b: Porygon2
|
|upkeep
|turn|2
|inactive|RayGarraty47 has 30 seconds left.
|inactive|kurolax has 30 seconds left.
|
|t:|1756173996
|move|p2b: Sneasler|Protect|p2b: Sneasler
|-singleturn|p2b: Sneasler|Protect
|move|p1b: Porygon2|Ice Beam|p2b: Sneasler
|-activate|p2b: Sneasler|move: Protect
|move|p2a: Rillaboom|Wood Hammer|p1a: Gholdengo
|-resisted|p1a: Gholdengo
|-crit|p1a: Gholdengo
|-damage|p1a: Gholdengo|15/100
|-damage|p2a: Rillaboom|75/100|[from] Recoil
|move|p1a: Gholdengo|Make It Rain|p2b: Sneasler|[spread] p2a
|-activate|p2b: Sneasler|move: Protect
|-damage|p2a: Rillaboom|6/100
|-unboost|p1a: Gholdengo|spa|1
|
|-heal|p2a: Rillaboom|12/100|[from] Grassy Terrain
|-heal|p1a: Gholdengo|21/100|[from] Grassy Terrain
|upkeep
|turn|3
|
|t:|1756174022
|move|p2a: Rillaboom|Grassy Glide|p1a: Gholdengo
|-resisted|p1a: Gholdengo
|-damage|p1a: Gholdengo|4/100
|move|p1b: Porygon2|Ice Beam|p2a: Rillaboom
|-supereffective|p2a: Rillaboom
|-damage|p2a: Rillaboom|0 fnt
|faint|p2a: Rillaboom
|move|p1a: Gholdengo|Make It Rain|p2b: Sneasler
|-damage|p2b: Sneasler|39/100
|-unboost|p1a: Gholdengo|spa|1
|move|p2b: Sneasler|Close Combat|p1b: Porygon2
|-damage|p1b: Porygon2|53/100
|-unboost|p2b: Sneasler|def|1
|-unboost|p2b: Sneasler|spd|1
|
|-heal|p1b: Porygon2|59/100|[from] Grassy Terrain
|-heal|p1a: Gholdengo|11/100|[from] Grassy Terrain
|-heal|p2b: Sneasler|44/100|[from] Grassy Terrain
|upkeep
|
|t:|1756174038
|switch|p2a: Tyranitar|Tyranitar, L50, M|100/100
|-weather|Sandstorm|[from] ability: Sand Stream|[of] p2a: Tyranitar
|turn|4
|inactive|kurolax has 30 seconds left.
|inactive|kurolax has 20 seconds left.
|inactive|kurolax has 15 seconds left.
|
|t:|1756174081
|-terastallize|p2a: Tyranitar|Flying
|move|p1b: Porygon2|Ice Beam|p2a: Tyranitar
|-supereffective|p2a: Tyranitar
|-damage|p2a: Tyranitar|70/100
|move|p2a: Tyranitar|Rock Slide|p1b: Porygon2|[spread] p1a,p1b
|-resisted|p1a: Gholdengo
|-resisted|p1b: Porygon2
|-damage|p1a: Gholdengo|0 fnt
|-damage|p1b: Porygon2|50/100
|faint|p1a: Gholdengo
|move|p2b: Sneasler|Dire Claw|p1b: Porygon2
|-damage|p1b: Porygon2|22/100
|-status|p1b: Porygon2|slp
|
|-weather|Sandstorm|[upkeep]
|-damage|p1b: Porygon2|16/100 slp|[from] Sandstorm
|-damage|p2a: Tyranitar|64/100|[from] Sandstorm
|-damage|p2b: Sneasler|39/100|[from] Sandstorm
|-heal|p1b: Porygon2|22/100 slp|[from] Grassy Terrain
|-heal|p2b: Sneasler|44/100|[from] Grassy Terrain
|upkeep
|
|t:|1756174096
|switch|p1a: Incineroar|Incineroar, L50, M, shiny|100/100
|-ability|p1a: Incineroar|Intimidate|boost
|-unboost|p2a: Tyranitar|atk|1
|-unboost|p2b: Sneasler|atk|1
|turn|5
|inactive|kurolax has 30 seconds left.
|
|t:|1756174122
|switch|p1b: Ursaluna|Ursaluna, L50, M, shiny|100/100
|move|p2b: Sneasler|Protect|p2b: Sneasler
|-singleturn|p2b: Sneasler|Protect
|move|p2a: Tyranitar|Rock Slide|p1b: Ursaluna|[spread] p1a,p1b
|-supereffective|p1a: Incineroar
|-resisted|p1b: Ursaluna
|-damage|p1a: Incineroar|67/100
|-damage|p1b: Ursaluna|93/100
|move|p1a: Incineroar|Flare Blitz|p2b: Sneasler
|-activate|p2b: Sneasler|move: Protect
|
|-weather|Sandstorm|[upkeep]
|-damage|p2a: Tyranitar|58/100|[from] Sandstorm
|-damage|p1a: Incineroar|61/100|[from] Sandstorm
|-damage|p2b: Sneasler|39/100|[from] Sandstorm
|-heal|p1b: Ursaluna|99/100|[from] Grassy Terrain
|-heal|p1a: Incineroar|67/100|[from] Grassy Terrain
|-heal|p2b: Sneasler|44/100|[from] Grassy Terrain
|-fieldend|move: Trick Room
|-fieldend|move: Grassy Terrain
|-status|p1b: Ursaluna|brn|[from] item: Flame Orb
|upkeep
|turn|6
|inactive|RayGarraty47 has 30 seconds left.
|inactive|kurolax has 30 seconds left.
|
|t:|1756174155
|switch|p1a: Porygon2|Porygon2, L50, shiny, tera:Fighting|22/100 slp
|-ability|p1a: Porygon2|Download|boost
|-boost|p1a: Porygon2|atk|1
|move|p1b: Ursaluna|Protect|p1b: Ursaluna
|-singleturn|p1b: Ursaluna|Protect
|move|p2b: Sneasler|Close Combat|p1b: Ursaluna
|-activate|p1b: Ursaluna|move: Protect
|move|p2a: Tyranitar|Low Kick|p1b: Ursaluna
|-activate|p1b: Ursaluna|move: Protect
|
|-weather|Sandstorm|[upkeep]
|-damage|p2b: Sneasler|39/100|[from] Sandstorm
|-damage|p2a: Tyranitar|52/100|[from] Sandstorm
|-damage|p1a: Porygon2|16/100 slp|[from] Sandstorm
|-damage|p1b: Ursaluna|93/100 brn|[from] brn
|upkeep
|turn|7
|inactive|RayGarraty47 has 30 seconds left.
|inactive|kurolax has 30 seconds left.
|
|t:|1756174191
|switch|p2b: Primarina|Primarina, L50, M|100/100
|switch|p1b: Incineroar|Incineroar, L50, M, shiny|67/100
|-ability|p1b: Incineroar|Intimidate|boost
|-unboost|p2a: Tyranitar|atk|1
|-unboost|p2b: Primarina|atk|1
|move|p2a: Tyranitar|Rock Slide|p1b: Incineroar|[spread] p1a,p1b
|-resisted|p1a: Porygon2
|-supereffective|p1b: Incineroar
|-damage|p1a: Porygon2|12/100 slp
|-damage|p1b: Incineroar|40/100
|-enditem|p1b: Incineroar|Sitrus Berry|[eat]
|-heal|p1b: Incineroar|65/100|[from] item: Sitrus Berry
|cant|p1a: Porygon2|slp
|
|-weather|Sandstorm|[upkeep]
|-damage|p1b: Incineroar|59/100|[from] Sandstorm
|-damage|p2b: Primarina|95/100|[from] Sandstorm
|-damage|p2a: Tyranitar|46/100|[from] Sandstorm
|-damage|p1a: Porygon2|6/100 slp|[from] Sandstorm
|upkeep
|turn|8
|inactive|RayGarraty47 has 30 seconds left.
|
|t:|1756174217
|switch|p1a: Ursaluna|Ursaluna, L50, M, shiny|93/100 brn
|move|p1b: Incineroar|Fake Out|p2b: Primarina
|-damage|p2b: Primarina|82/100
|cant|p2b: Primarina|flinch
|move|p2a: Tyranitar|Rock Slide|p1b: Incineroar|[spread] p1a,p1b
|-resisted|p1a: Ursaluna
|-supereffective|p1b: Incineroar
|-damage|p1a: Ursaluna|87/100 brn
|-damage|p1b: Incineroar|29/100
|
|-weather|none
|-damage|p1a: Ursaluna|81/100 brn|[from] brn
|upkeep
|turn|9
|inactive|kurolax has 30 seconds left.
|inactive|RayGarraty47 has 30 seconds left.
|
|t:|1756174263
|move|p1a: Ursaluna|Protect|p1a: Ursaluna
|-singleturn|p1a: Ursaluna|Protect
|move|p1b: Incineroar|Parting Shot|p2a: Tyranitar
|-unboost|p2a: Tyranitar|atk|1
|-unboost|p2a: Tyranitar|spa|1
|
|t:|1756174268
|switch|p1b: Porygon2|Porygon2, L50, shiny, tera:Fighting|6/100 slp|[from] Parting Shot
|-ability|p1b: Porygon2|Download|boost
|-boost|p1b: Porygon2|atk|1
|move|p2b: Primarina|Hyper Voice|p1b: Porygon2|[spread] p1b
|-activate|p1a: Ursaluna|move: Protect
|-damage|p1b: Porygon2|0 fnt
|faint|p1b: Porygon2
|move|p2a: Tyranitar|Rock Slide|p1a: Ursaluna
|-activate|p1a: Ursaluna|move: Protect
|
|-damage|p1a: Ursaluna|76/100 brn|[from] brn
|upkeep
|
|t:|1756174273
|switch|p1b: Incineroar|Incineroar, L50, M, shiny|29/100
|-ability|p1b: Incineroar|Intimidate|boost
|-unboost|p2a: Tyranitar|atk|1
|-unboost|p2b: Primarina|atk|1
|turn|10
|
|t:|1756174288
|move|p1b: Incineroar|Flare Blitz|p2a: Tyranitar
|-damage|p2a: Tyranitar|7/100
|-damage|p1b: Incineroar|17/100|[from] Recoil
|move|p1a: Ursaluna|Facade|p2b: Primarina
|-damage|p2b: Primarina|0 fnt
|faint|p2b: Primarina
|move|p2a: Tyranitar|Rock Slide|p1b: Incineroar|[spread] p1a,p1b
|-resisted|p1a: Ursaluna
|-supereffective|p1b: Incineroar
|-damage|p1a: Ursaluna|72/100 brn
|-damage|p1b: Incineroar|0 fnt
|faint|p1b: Incineroar
|
|-damage|p1a: Ursaluna|66/100 brn|[from] brn
|upkeep
|
|t:|1756174301
|switch|p2b: Sneasler|Sneasler, L50, M|39/100
|turn|11
|
|t:|1756174308
|move|p2b: Sneasler|Close Combat|p1a: Ursaluna
|-supereffective|p1a: Ursaluna
|-damage|p1a: Ursaluna|0 fnt
|-unboost|p2b: Sneasler|def|1
|-unboost|p2b: Sneasler|spd|1
|faint|p1a: Ursaluna
|
|win|kurolax
