|j|☆MrTedno
|j|☆Bigboyblue3451
|html|MrTednoBigboyblue3451    
|uhtml|bestof|Game 1 of a best-of-3
|t:|1757109016
|gametype|doubles
|player|p1|MrTedno|barry|1247
|player|p2|Bigboyblue3451|170|1304
|gen|9
|tier|[Gen 9] VGC 2025 Reg H (Bo3)
|rated|
|rule|Species Clause: Limit one of each Pokémon
|rule|Item Clause: Limit 1 of each item
|clearpoke
|poke|p1|Ninetales-Alola, L50, M|
|poke|p1|Garchomp, L50, M|
|poke|p1|Flamigo, L50, M|
|poke|p1|Incineroar, L50, M|
|poke|p1|Gholdengo, L50|
|poke|p1|Amoonguss, L50, M|
|poke|p2|Pelipper, L50, F|
|poke|p2|Archaludon, L50, M|
|poke|p2|Basculegion, L50, M|
|poke|p2|Farigiraf, L50, M|
|poke|p2|Amoonguss, L50, M|
|poke|p2|Sneasler, L50, M|
|teampreview|4
|showteam|p1|Ninetales-Alola||LightClay|SnowWarning|Protect,Blizzard,FreezeDry,AuroraVeil|||M|||50|,,,,,Water]Garchomp||ClearAmulet|RoughSkin|Earthquake,DragonClaw,StompingTantrum,Protect|||M|||50|,,,,,Fire]Flamigo||CovertCloak|Scrappy|BraveBird,CloseCombat,Tailwind,Detect|||M|||50|,,,,,Stellar]Incineroar||SafetyGoggles|Intimidate|FakeOut,PartingShot,FlareBlitz,KnockOff|||M|||50|,,,,,Ghost]Gholdengo||LifeOrb|GoodasGold|ShadowBall,MakeItRain,NastyPlot,Protect||||||50|,,,,,Flying]Amoonguss||SitrusBerry|Regenerator|Spore,RagePowder,PollenPuff,ClearSmog|||M|||50|,,,,,Water
|showteam|p2|Pelipper||FocusSash|Drizzle|Hurricane,MuddyWater,Tailwind,Protect|||F|||50|,,,,,Fairy]Archaludon||AssaultVest|Stamina|ElectroShot,Snarl,DracoMeteor,BodyPress|||M|||50|,,,,,Bug]Basculegion||ChoiceBand|SwiftSwim|AquaJet,FlipTurn,WaveCrash,LastRespects|||M|||50|,,,,,Water]Farigiraf||SafetyGoggles|ArmorTail|Psychic,TeraBlast,TrickRoom,Protect|||M|||50|,,,,,Fighting]Amoonguss||CovertCloak|Regenerator|Spore,PollenPuff,RagePowder,ClearSmog|||M|||50|,,,,,Water]Sneasler||WhiteHerb|Unburden|CloseCombat,DireClaw,FakeOut,Protect|||M|||50|,,,,,Stellar
|c|☆MrTedno|glhf
|
|t:|1757109128
|teamsize|p1|4
|teamsize|p2|4
|start
|switch|p1a: Skipper|Gholdengo, L50|100/100
|switch|p1b: Julien|Incineroar, L50, M|100/100
|switch|p2a: Sneasler|Sneasler, L50, M|100/100
|switch|p2b: Basculegion|Basculegion, L50, M|100/100
|-ability|p1b: Julien|Intimidate|boost
|-unboost|p2a: Sneasler|atk|1
|-unboost|p2b: Basculegion|atk|1
|-enditem|p2a: Sneasler|White Herb
|-clearnegativeboost|p2a: Sneasler|[silent]
|turn|1
|
|t:|1757109158
|switch|p2b: Archaludon|Archaludon, L50, M|100/100
|switch|p1b: Gloria|Ninetales-Alola, L50, M|100/100
|-weather|Snowscape|[from] ability: Snow Warning|[of] p1b: Gloria
|move|p2a: Sneasler|Close Combat|p1b: Gloria
|-damage|p1b: Gloria|43/100
|-unboost|p2a: Sneasler|def|1
|-unboost|p2a: Sneasler|spd|1
|move|p1a: Skipper|Nasty Plot|p1a: Skipper
|-boost|p1a: Skipper|spa|2
|
|-weather|Snowscape|[upkeep]
|upkeep
|turn|2
|
|t:|1757109192
|switch|p1b: Julien|Incineroar, L50, M|100/100
|-ability|p1b: Julien|Intimidate|boost
|-unboost|p2a: Sneasler|atk|1
|-unboost|p2b: Archaludon|atk|1
|move|p2a: Sneasler|Dire Claw|p1b: Julien
|-crit|p1b: Julien
|-damage|p1b: Julien|36/100
|move|p1a: Skipper|Shadow Ball|p2b: Archaludon
|-damage|p2b: Archaludon|24/100
|-ability|p2b: Archaludon|Stamina|boost
|-boost|p2b: Archaludon|def|1
|-damage|p1a: Skipper|91/100|[from] item: Life Orb
|move|p2b: Archaludon|Snarl|p1a: Skipper|[spread] p1a,p1b
|-supereffective|p1a: Skipper
|-resisted|p1b: Julien
|-damage|p1a: Skipper|65/100
|-damage|p1b: Julien|31/100
|-unboost|p1a: Skipper|spa|1
|-unboost|p1b: Julien|spa|1
|
|-weather|Snowscape|[upkeep]
|upkeep
|turn|3
|
|t:|1757109213
|move|p2a: Sneasler|Protect|p2a: Sneasler
|-singleturn|p2a: Sneasler|Protect
|move|p1b: Julien|Fake Out|p2a: Sneasler
|-activate|p2a: Sneasler|move: Protect
|move|p1a: Skipper|Make It Rain|p2b: Archaludon|[spread] p2b
|-activate|p2a: Sneasler|move: Protect
|-resisted|p2b: Archaludon
|-damage|p2b: Archaludon|0 fnt
|-unboost|p1a: Skipper|spa|1
|faint|p2b: Archaludon
|-damage|p1a: Skipper|56/100|[from] item: Life Orb
|
|-weather|Snowscape|[upkeep]
|upkeep
|
|t:|1757109221
|switch|p2b: Basculegion|Basculegion, L50, M|100/100
|turn|4
|
|t:|1757109244
|switch|p2a: Pelipper|Pelipper, L50, F|100/100
|-weather|RainDance|[from] ability: Drizzle|[of] p2a: Pelipper
|move|p1a: Skipper|Protect|p1a: Skipper
|-singleturn|p1a: Skipper|Protect
|move|p2b: Basculegion|Flip Turn|p1b: Julien
|-supereffective|p1b: Julien
|-damage|p1b: Julien|0 fnt
|faint|p1b: Julien
|
|t:|1757109253
|switch|p2b: Sneasler|Sneasler, L50, M|100/100|[from] Flip Turn
|
|-weather|RainDance|[upkeep]
|upkeep
|
|t:|1757109275
|switch|p1b: Gloria|Ninetales-Alola, L50, M|43/100
|-weather|Snowscape|[from] ability: Snow Warning|[of] p1b: Gloria
|turn|5
|
|t:|1757109289
|move|p1b: Gloria|Protect|p1b: Gloria
|-singleturn|p1b: Gloria|Protect
|move|p2b: Sneasler|Dire Claw|p1b: Gloria
|-activate|p1b: Gloria|move: Protect
|move|p1a: Skipper|Make It Rain|p2a: Pelipper|[spread] p2a,p2b
|-resisted|p2a: Pelipper
|-damage|p2a: Pelipper|52/100
|-damage|p2b: Sneasler|17/100
|-unboost|p1a: Skipper|spa|1
|-damage|p1a: Skipper|46/100|[from] item: Life Orb
|move|p2a: Pelipper|Tailwind|p2a: Pelipper
|-sidestart|p2: Bigboyblue3451|move: Tailwind
|
|-weather|Snowscape|[upkeep]
|upkeep
|turn|6
|
|t:|1757109318
|switch|p2a: Basculegion|Basculegion, L50, M|100/100
|switch|p1b: Flamigo|Flamigo, L50, M|100/100
|move|p2b: Sneasler|Dire Claw|p1b: Flamigo
|-damage|p1b: Flamigo|45/100
|move|p1a: Skipper|Nasty Plot|p1a: Skipper
|-boost|p1a: Skipper|spa|2
|
|-weather|Snowscape|[upkeep]
|upkeep
|turn|7
|
|t:|1757109355
|move|p1a: Skipper|Protect|p1a: Skipper
|-singleturn|p1a: Skipper|Protect
|move|p2b: Sneasler|Dire Claw|p1b: Flamigo
|-damage|p1b: Flamigo|0 fnt
|faint|p1b: Flamigo
|move|p2a: Basculegion|Flip Turn|p1a: Skipper
|-activate|p1a: Skipper|move: Protect
|
|-weather|Snowscape|[upkeep]
|upkeep
|
|t:|1757109362
|switch|p1b: Gloria|Ninetales-Alola, L50, M|43/100
|turn|8
|
|t:|1757109375
|-terastallize|p1b: Gloria|Water
|move|p2b: Sneasler|Protect|p2b: Sneasler
|-singleturn|p2b: Sneasler|Protect
|move|p2a: Basculegion|Flip Turn|p1a: Skipper
|-damage|p1a: Skipper|1/100
|
|t:|1757109378
|switch|p2a: Pelipper|Pelipper, L50, F|52/100|[from] Flip Turn
|-weather|RainDance|[from] ability: Drizzle|[of] p2a: Pelipper
|move|p1b: Gloria|Freeze-Dry|p2a: Pelipper
|-supereffective|p2a: Pelipper
|-damage|p2a: Pelipper|0 fnt
|faint|p2a: Pelipper
|move|p1a: Skipper|Make It Rain|p2b: Sneasler
|-activate|p2b: Sneasler|move: Protect
|
|-weather|RainDance|[upkeep]
|-sideend|p2: Bigboyblue3451|move: Tailwind
|upkeep
|
|t:|1757109380
|switch|p2a: Basculegion|Basculegion, L50, M|100/100
|turn|9
|
|t:|1757109390
|-terastallize|p2b: Sneasler|Stellar
|move|p2a: Basculegion|Last Respects|p1a: Skipper
|-supereffective|p1a: Skipper
|-damage|p1a: Skipper|0 fnt
|faint|p1a: Skipper
|move|p2b: Sneasler|Close Combat|p1b: Gloria
|-damage|p1b: Gloria|0 fnt
|-unboost|p2b: Sneasler|def|1
|-unboost|p2b: Sneasler|spd|1
|faint|p1b: Gloria
|
|win|Bigboyblue3451
|inactive|MrTedno has 30 seconds to confirm battle start!
|inactive|Bigboyblue3451 has 30 seconds to confirm battle start!
||MrTedno is ready for game 2.
||Bigboyblue3451 is ready for game 2.
|uhtml|next|Next: Game 2 of 3
|l|☆MrTedno
|player|p1|
