|j|☆SelvesterTheYAK
|j|☆wester7
|html|SelvesterTheYAKwester7    
|uhtml|bestof|Game 1 of a best-of-3
|t:|1756867478
|gametype|doubles
|player|p1|SelvesterTheYAK|170|1104
|player|p2|wester7|2|1130
|gen|9
|tier|[Gen 9] VGC 2025 Reg H (Bo3)
|rated|
|rule|Species Clause: Limit one of each Pokémon
|rule|Item Clause: Limit 1 of each item
|clearpoke
|poke|p1|Tyranitar, L50, F|
|poke|p1|Arcanine-Hisui, L50, M|
|poke|p1|Kommo-o, L50, F|
|poke|p1|Gholdengo, L50|
|poke|p1|Rillaboom, L50, M|
|poke|p1|Electabuzz, L50, F|
|poke|p2|Gastrodon-East, L50, F|
|poke|p2|Magmar, L50, F|
|poke|p2|Salamence, L50, F|
|poke|p2|Hydreigon, L50, M|
|poke|p2|Metagross, L50|
|poke|p2|Flamigo, L50, F|
|teampreview|4
|showteam|p1|Tyranitar||AssaultVest|SandStream|RockSlide,KnockOff,TeraBlast,LowKick|||F|||50|,,,,,Flying]Arcanine-Hisui||SitrusBerry|Intimidate|RockSlide,FlareBlitz,WillOWisp,Howl|||M|||50|,,,,,Water]Kommo-o||Leftovers|Overcoat|IronDefense,BodyPress,Protect,DragonClaw|||F|||50|,,,,,Steel]Gholdengo||LifeOrb|GoodasGold|MakeItRain,ShadowBall,NastyPlot,Protect||||||50|,,,,,Steel]Rillaboom||MiracleSeed|GrassySurge|FakeOut,GrassyGlide,WoodHammer,Protect|||M|||50|,,,,,Grass]Electabuzz||Eviolite|VitalSpirit|Taunt,Protect,Electroweb,FollowMe|||F|||50|,,,,,Ghost
|showteam|p2|Gastrodon-East||Leftovers|StormDrain|EarthPower,IceBeam,Yawn,Protect|||F|||50|,,,,,Fairy]Magmar||Eviolite|VitalSpirit|FireSpin,FollowMe,Taunt,Protect|||F|||50|,,,,,Water]Salamence||RockyHelmet|Intimidate|AirSlash,DracoMeteor,Tailwind,Protect|||F|||50|,,,,,Steel]Hydreigon||ChoiceSpecs|Levitate|DracoMeteor,DarkPulse,TeraBlast,Surf|||M|||50|,,,,,Poison]Metagross||AssaultVest|ClearBody|HeavySlam,BulletPunch,PsychicFangs,Earthquake||||||50|,,,,,Water]Flamigo||EjectPack|Scrappy|BraveBird,CloseCombat,WideGuard,Detect|||F|||50|,,,,,Fire
|
|t:|1756867538
|teamsize|p1|4
|teamsize|p2|4
|start
|switch|p1a: Electabuzz|Electabuzz, L50, F|100/100
|switch|p1b: Gholdengo|Gholdengo, L50|100/100
|switch|p2a: Gastrodon|Gastrodon-East, L50, F|100/100
|switch|p2b: Hydreigon|Hydreigon, L50, M|100/100
|turn|1
|
|t:|1756867558
|move|p1a: Electabuzz|Follow Me|p1a: Electabuzz
|-singleturn|p1a: Electabuzz|move: Follow Me
|move|p2b: Hydreigon|Surf|p1b: Gholdengo|[spread] p1a,p1b
|-ability|p2a: Gastrodon|Storm Drain|boost
|-boost|p2a: Gastrodon|spa|1
|-damage|p1a: Electabuzz|67/100
|-damage|p1b: Gholdengo|58/100
|move|p1b: Gholdengo|Nasty Plot|p1b: Gholdengo
|-boost|p1b: Gholdengo|spa|2
|move|p2a: Gastrodon|Earth Power|p1a: Electabuzz
|-supereffective|p1a: Electabuzz
|-damage|p1a: Electabuzz|0 fnt
|faint|p1a: Electabuzz
|
|upkeep
|
|t:|1756867571
|switch|p1a: Rillaboom|Rillaboom, L50, M|100/100
|-fieldstart|move: Grassy Terrain|[from] ability: Grassy Surge|[of] p1a: Rillaboom
|turn|2
|
|t:|1756867597
|switch|p2b: Salamence|Salamence, L50, F|100/100
|-ability|p2b: Salamence|Intimidate|boost
|-unboost|p1a: Rillaboom|atk|1
|-unboost|p1b: Gholdengo|atk|1
|-terastallize|p1b: Gholdengo|Steel
|move|p2a: Gastrodon|Protect|p2a: Gastrodon
|-singleturn|p2a: Gastrodon|Protect
|move|p1a: Rillaboom|Grassy Glide|p2a: Gastrodon
|-activate|p2a: Gastrodon|move: Protect
|move|p1b: Gholdengo|Make It Rain|p2a: Gastrodon|[spread] p2b
|-activate|p2a: Gastrodon|move: Protect
|-damage|p2b: Salamence|0 fnt
|-unboost|p1b: Gholdengo|spa|1
|faint|p2b: Salamence
|-damage|p1b: Gholdengo|48/100|[from] item: Life Orb
|
|-heal|p1b: Gholdengo|54/100|[from] Grassy Terrain
|upkeep
|
|t:|1756867627
|switch|p2b: Hydreigon|Hydreigon, L50, M|100/100
|turn|3
|
|t:|1756867642
|switch|p2a: Metagross|Metagross, L50|100/100
|move|p1a: Rillaboom|Grassy Glide|p2a: Metagross
|-resisted|p2a: Metagross
|-damage|p2a: Metagross|89/100
|move|p2b: Hydreigon|Dark Pulse|p1b: Gholdengo
|-damage|p1b: Gholdengo|0 fnt
|faint|p1b: Gholdengo
|
|-heal|p2a: Metagross|95/100|[from] Grassy Terrain
|upkeep
|
|t:|1756867653
|switch|p1b: Tyranitar|Tyranitar, L50, F|100/100
|-weather|Sandstorm|[from] ability: Sand Stream|[of] p1b: Tyranitar
|turn|4
|
|t:|1756867686
|move|p2b: Hydreigon|Dark Pulse|p1a: Rillaboom
|-damage|p1a: Rillaboom|26/100
|move|p1a: Rillaboom|Wood Hammer|p2b: Hydreigon
|-resisted|p2b: Hydreigon
|-damage|p2b: Hydreigon|61/100
|-damage|p1a: Rillaboom|15/100|[from] Recoil
|move|p1b: Tyranitar|Knock Off|p2a: Metagross
|-supereffective|p2a: Metagross
|-damage|p2a: Metagross|0 fnt
|-enditem|p2a: Metagross|Assault Vest|[from] move: Knock Off|[of] p1b: Tyranitar
|faint|p2a: Metagross
|
|-weather|Sandstorm|[upkeep]
|-damage|p2b: Hydreigon|55/100|[from] Sandstorm
|-damage|p1a: Rillaboom|9/100|[from] Sandstorm
|-heal|p1a: Rillaboom|15/100|[from] Grassy Terrain
|upkeep
|
|t:|1756867699
|switch|p2a: Gastrodon|Gastrodon-East, L50, F|100/100
|turn|5
|
|t:|1756867714
|-terastallize|p2a: Gastrodon|Fairy
|move|p1a: Rillaboom|Protect|p1a: Rillaboom
|-singleturn|p1a: Rillaboom|Protect
|move|p2b: Hydreigon|Dark Pulse|p1a: Rillaboom
|-activate|p1a: Rillaboom|move: Protect
|move|p1b: Tyranitar|Knock Off|p2b: Hydreigon
|-resisted|p2b: Hydreigon
|-damage|p2b: Hydreigon|24/100
|-enditem|p2b: Hydreigon|Choice Specs|[from] move: Knock Off|[of] p1b: Tyranitar
|move|p2a: Gastrodon|Yawn|p1b: Tyranitar
|-start|p1b: Tyranitar|move: Yawn|[of] p2a: Gastrodon
|
|-weather|Sandstorm|[upkeep]
|-damage|p2b: Hydreigon|18/100|[from] Sandstorm
|-damage|p1a: Rillaboom|9/100|[from] Sandstorm
|-damage|p2a: Gastrodon|94/100|[from] Sandstorm
|-heal|p1a: Rillaboom|15/100|[from] Grassy Terrain
|-heal|p2a: Gastrodon|100/100|[from] Grassy Terrain
|upkeep
|turn|6
|
|t:|1756867744
|move|p1a: Rillaboom|Grassy Glide|p2b: Hydreigon
|-resisted|p2b: Hydreigon
|-damage|p2b: Hydreigon|0 fnt
|faint|p2b: Hydreigon
|move|p1b: Tyranitar|Rock Slide|p2a: Gastrodon
|-damage|p2a: Gastrodon|68/100
|cant|p2a: Gastrodon|flinch
|
|-weather|Sandstorm|[upkeep]
|-damage|p1a: Rillaboom|9/100|[from] Sandstorm
|-damage|p2a: Gastrodon|62/100|[from] Sandstorm
|-heal|p1a: Rillaboom|15/100|[from] Grassy Terrain
|-heal|p2a: Gastrodon|68/100|[from] Grassy Terrain
|-heal|p2a: Gastrodon|75/100|[from] item: Leftovers
|-end|p1b: Tyranitar|move: Yawn|[silent]
|-status|p1b: Tyranitar|slp
|-fieldend|move: Grassy Terrain
|upkeep
|turn|7
|
|t:|1756867763
|move|p1a: Rillaboom|Wood Hammer|p2a: Gastrodon
|-damage|p2a: Gastrodon|32/100
|-damage|p1a: Rillaboom|0 fnt|[from] Recoil
|faint|p1a: Rillaboom
|cant|p1b: Tyranitar|slp
|move|p2a: Gastrodon|Earth Power|p1b: Tyranitar
|-supereffective|p1b: Tyranitar
|-damage|p1b: Tyranitar|75/100 slp
|
|-weather|Sandstorm|[upkeep]
|-damage|p2a: Gastrodon|25/100|[from] Sandstorm
|-heal|p2a: Gastrodon|32/100|[from] item: Leftovers
|upkeep
|turn|8
|
|t:|1756867777
|cant|p1b: Tyranitar|slp
|move|p2a: Gastrodon|Earth Power|p1b: Tyranitar
|-supereffective|p1b: Tyranitar
|-damage|p1b: Tyranitar|50/100 slp
|
|-weather|none
|-heal|p2a: Gastrodon|38/100|[from] item: Leftovers
|upkeep
|turn|9
|
|t:|1756867787
|cant|p1b: Tyranitar|slp
|move|p2a: Gastrodon|Earth Power|p1b: Tyranitar
|-supereffective|p1b: Tyranitar
|-damage|p1b: Tyranitar|16/100 slp
|
|-heal|p2a: Gastrodon|44/100|[from] item: Leftovers
|upkeep
|turn|10
|
|t:|1756867797
|move|p2a: Gastrodon|Protect|p2a: Gastrodon
|-singleturn|p2a: Gastrodon|Protect
|-curestatus|p1b: Tyranitar|slp|[msg]
|move|p1b: Tyranitar|Knock Off|p2a: Gastrodon
|-activate|p2a: Gastrodon|move: Protect
|
|-heal|p2a: Gastrodon|50/100|[from] item: Leftovers
|upkeep
|turn|11
|
|t:|1756867805
|move|p1b: Tyranitar|Knock Off|p2a: Gastrodon
|-resisted|p2a: Gastrodon
|-damage|p2a: Gastrodon|27/100
|-enditem|p2a: Gastrodon|Leftovers|[from] move: Knock Off|[of] p1b: Tyranitar
|move|p2a: Gastrodon|Earth Power|p1b: Tyranitar
|-supereffective|p1b: Tyranitar
|-damage|p1b: Tyranitar|0 fnt
|faint|p1b: Tyranitar
|
|win|wester7
|c|☆SelvesterTheYAK|3 turn sleep
|c|☆SelvesterTheYAK|dang
|inactive|SelvesterTheYAK has 30 seconds to confirm battle start!
|inactive|wester7 has 30 seconds to confirm battle start!
||wester7 is ready for game 2.
|inactive|SelvesterTheYAK has 20 seconds to confirm battle start!
|inactive|SelvesterTheYAK has 10 seconds to confirm battle start!
|uhtml|next|Next: Game 2 of 3
