|j|вҳҶRamonTheKiller
|j|вҳҶRegionalModeSlow
|html|RamonTheKillerRegionalModeSlow    
|uhtml|bestof|Game 1 of a best-of-3
|t:|1756321923
|gametype|doubles
|player|p1|RamonTheKiller|palmer|1145
|player|p2|RegionalModeSlow|steven|1109
|gen|9
|tier|[Gen 9] VGC 2025 Reg H (Bo3)
|rated|
|rule|Species Clause: Limit one of each PokГ©mon
|rule|Item Clause: Limit 1 of each item
|clearpoke
|poke|p1|Incineroar, L50, M|
|poke|p1|Amoonguss, L50, F|
|poke|p1|Gholdengo, L50|
|poke|p1|Dragonite, L50, F|
|poke|p1|Sneasler, L50, M|
|poke|p1|Primarina, L50, F|
|poke|p2|Noivern, L50, M|
|poke|p2|Weezing-Galar, L50, M|
|poke|p2|Gholdengo, L50|
|poke|p2|Garchomp, L50, F|
|poke|p2|Annihilape, L50, M|
|poke|p2|Magmar, L50, M|
|teampreview|4
|showteam|p1|Incineroar||SafetyGoggles|Intimidate|KnockOff,FakeOut,PartingShot,FlareBlitz|||M|||50|,,,,,Ghost]Amoonguss||RockyHelmet|Regenerator|RagePowder,PollenPuff,Spore,Protect|||F|||50|,,,,,Fairy]Gholdengo||LifeOrb|GoodasGold|MakeItRain,ShadowBall,NastyPlot,Protect||||||50|,,,,,Water]Dragonite||LoadedDice|Multiscale|ScaleShot,Protect,Tailwind,Haze|||F|||50|,,,,,Fairy]Sneasler||FocusSash|Unburden|DireClaw,CloseCombat,Protect,ThroatChop|||M|||50|,,,,,Stellar]Primarina||AssaultVest|LiquidVoice|HyperVoice,Moonblast,IcyWind,TeraBlast|||F|||50|,,,,,Poison
|showteam|p2|Noivern||CovertCloak|Telepathy|AirSlash,SuperFang,Tailwind,Taunt|||M|||50|,,,,,Steel]Weezing-Galar||ChoiceSpecs|NeutralizingGas|DazzlingGleam,SludgeBomb,StrangeSteam,Flamethrower|||M|||50|,,,,,Flying]Gholdengo||MetalCoat|GoodasGold|MakeItRain,ShadowBall,NastyPlot,Protect||||||50|,,,,,Flying]Garchomp||LifeOrb|RoughSkin|DragonClaw,Earthquake,StompingTantrum,Protect|||F|||50|,,,,,Ground]Annihilape||AssaultVest|Defiant|CloseCombat,ShadowClaw,FinalGambit,Uturn|||M|||50|,,,,,Stellar]Magmar||Eviolite|VitalSpirit|HeatWave,WillOWisp,FollowMe,Protect|||M|||50|,,,,,Ghost
|inactive|Battle timer is ON: inactive players will automatically lose when time's up. (requested by RegionalModeSlow)
|
|t:|1756321947
|teamsize|p1|4
|teamsize|p2|4
|start
|switch|p1a: Dragonite|Dragonite, L50, F|100/100
|switch|p1b: Primarina|Primarina, L50, F|100/100
|switch|p2a: Ozzy|Noivern, L50, M|100/100
|switch|p2b: VГӨinГӨmГ¶inen|Annihilape, L50, M, shiny|100/100
|turn|1
|inactive|RamonTheKiller has 30 seconds left.
|inactive|RegionalModeSlow has 30 seconds left.
|
|t:|1756321975
|move|p2a: Ozzy|Tailwind|p2a: Ozzy
|-sidestart|p2: RegionalModeSlow|move: Tailwind
|move|p2b: VГӨinГӨmГ¶inen|Final Gambit|p1b: Primarina
|-damage|p1b: Primarina|0 fnt
|faint|p2b: VГӨinГӨmГ¶inen
|faint|p1b: Primarina
|move|p1a: Dragonite|Tailwind|p1a: Dragonite
|-sidestart|p1: RamonTheKiller|move: Tailwind
|
|upkeep
|
|t:|1756321985
|switch|p2b: Purpleрҹ’ңHaze|Weezing-Galar, L50, M|100/100
|switch|p1b: Incineroar|Incineroar, L50, M|100/100
|-ability|p2b: Purpleрҹ’ңHaze|Neutralizing Gas
|turn|2
|
|t:|1756321997
|move|p1b: Incineroar|Fake Out|p2b: Purpleрҹ’ңHaze
|-damage|p2b: Purpleрҹ’ңHaze|90/100
|move|p2a: Ozzy|Super Fang|p1a: Dragonite
|-damage|p1a: Dragonite|50/100
|move|p1a: Dragonite|Scale Shot|p2a: Ozzy
|-supereffective|p2a: Ozzy
|-damage|p2a: Ozzy|73/100
|-supereffective|p2a: Ozzy
|-damage|p2a: Ozzy|46/100
|-supereffective|p2a: Ozzy
|-damage|p2a: Ozzy|15/100
|-supereffective|p2a: Ozzy
|-damage|p2a: Ozzy|0 fnt
|faint|p2a: Ozzy
|-hitcount|p2: Ozzy|4
|-unboost|p1a: Dragonite|def|1
|-boost|p1a: Dragonite|spe|1
|cant|p2b: Purpleрҹ’ңHaze|flinch
|
|upkeep
|
|t:|1756322000
|switch|p2a: BlГҘhaj|Garchomp, L50, F|100/100
|turn|3
|
|t:|1756322025
|move|p1a: Dragonite|Protect|p1a: Dragonite
|-singleturn|p1a: Dragonite|Protect
|move|p2a: BlГҘhaj|Protect|p2a: BlГҘhaj
|-singleturn|p2a: BlГҘhaj|Protect
|move|p1b: Incineroar|Knock Off|p2b: Purpleрҹ’ңHaze
|-resisted|p2b: Purpleрҹ’ңHaze
|-damage|p2b: Purpleрҹ’ңHaze|71/100
|-enditem|p2b: Purpleрҹ’ңHaze|Choice Specs|[from] move: Knock Off|[of] p1b: Incineroar
|move|p2b: Purpleрҹ’ңHaze|Strange Steam|p1a: Dragonite
|-activate|p1a: Dragonite|move: Protect
|
|upkeep
|turn|4
|inactive|RamonTheKiller has 30 seconds left.
|inactive|RamonTheKiller has 20 seconds left.
|
|t:|1756322062
|switch|p1b: Gholdengo|Gholdengo, L50|100/100
|-terastallize|p1a: Dragonite|Fairy
|-terastallize|p2a: BlГҘhaj|Ground
|move|p1a: Dragonite|Scale Shot|p2a: BlГҘhaj
|-crit|p2a: BlГҘhaj
|-damage|p2a: BlГҘhaj|81/100
|-damage|p2a: BlГҘhaj|67/100
|-damage|p2a: BlГҘhaj|54/100
|-crit|p2a: BlГҘhaj
|-damage|p2a: BlГҘhaj|35/100
|-hitcount|p2a: BlГҘhaj|4
|-unboost|p1a: Dragonite|def|1
|-boost|p1a: Dragonite|spe|1
|move|p2a: BlГҘhaj|Stomping Tantrum|p1b: Gholdengo
|-supereffective|p1b: Gholdengo
|-damage|p1b: Gholdengo|0 fnt
|faint|p1b: Gholdengo
|-damage|p2a: BlГҘhaj|25/100|[from] item: Life Orb
|move|p2b: Purpleрҹ’ңHaze|Strange Steam|p1a: Dragonite
|-damage|p1a: Dragonite|10/100
|-start|p1a: Dragonite|confusion
|
|-sideend|p2: RegionalModeSlow|move: Tailwind
|-sideend|p1: RamonTheKiller|move: Tailwind
|upkeep
|inactive|RamonTheKiller has 30 seconds left.
|
|t:|1756322088
|switch|p1b: Incineroar|Incineroar, L50, M|100/100
|turn|5
|
|t:|1756322100
|move|p2a: BlГҘhaj|Protect|p2a: BlГҘhaj
|-singleturn|p2a: BlГҘhaj|Protect
|-activate|p1a: Dragonite|confusion
|-damage|p1a: Dragonite|0 fnt|[from] confusion
|faint|p1a: Dragonite
|move|p1b: Incineroar|Flare Blitz|p2b: Purpleрҹ’ңHaze
|-damage|p2b: Purpleрҹ’ңHaze|22/100
|-damage|p1b: Incineroar|88/100|[from] Recoil
|move|p2b: Purpleрҹ’ңHaze|Dazzling Gleam|p1b: Incineroar
|-damage|p1b: Incineroar|59/100
|
|upkeep
|turn|6
|inactive|RegionalModeSlow has 30 seconds left.
|
|t:|1756322127
|move|p2a: BlГҘhaj|Stomping Tantrum|p1b: Incineroar
|-supereffective|p1b: Incineroar
|-damage|p1b: Incineroar|0 fnt
|faint|p1b: Incineroar
|-damage|p2a: BlГҘhaj|15/100|[from] item: Life Orb
|
|win|RegionalModeSlow
||RegionalModeSlow is ready for game 2.
||RegionalModeSlow is ready for game 2.
