|j|☆MrPhoenixGC
|j|☆Emurdad
|html|MrPhoenixGCEmurdad    
|uhtml|bestof|Game 1 of a best-of-3
|t:|1783467743
|gametype|doubles
|player|p1|MrPhoenixGC|steven|1106
|player|p2|Emurdad|169|1086
|gen|9
|tier|[Gen 9 Champions] VGC 2026 Reg M-B (Bo3)
|rated|
|rule|Species Clause: Limit one of each Pokémon
|rule|Item Clause: Limit 1 of each item
|clearpoke
|poke|p1|Aerodactyl, L50, F|
|poke|p1|Garchomp, L50, M|
|poke|p1|Kingambit, L50, M|
|poke|p1|Charizard, L50, M|
|poke|p1|Sylveon, L50, F|
|poke|p1|Farigiraf, L50, F|
|poke|p2|Staraptor, L50, M|
|poke|p2|Whimsicott, L50, M|
|poke|p2|Sceptile, L50, M|
|poke|p2|Araquanid, L50, F|
|poke|p2|Gholdengo, L50|
|poke|p2|Primarina, L50, F|
|teampreview|4
|showteam|p1|Aerodactyl||Aerodactylite|Unnerve|IceFang,RockSlide,Tailwind,DualWingbeat|Jolly||F|||50|]Garchomp||LifeOrb|RoughSkin|DragonClaw,StompingTantrum,Earthquake,Protect|Jolly||M|||50|]Kingambit||FocusSash|Defiant|SuckerPunch,KowtowCleave,IronHead,LowKick|Adamant||M|||50|]Charizard||CharizarditeY|SolarPower|Protect,WeatherBall,HeatWave,SolarBeam|Modest||M|||50|]Sylveon||FairyFeather|Pixilate|Protect,HyperVoice,HyperBeam,QuickAttack|Modest||F|||50|]Farigiraf||SitrusBerry|ArmorTail|TrickRoom,Thunderbolt,Roar,Psychic|Bold||F|||50|
|showteam|p2|Staraptor||Staraptite|Intimidate|CloseCombat,BraveBird,Roost,Protect|Jolly||M|||50|]Whimsicott||FocusSash|Prankster|Tailwind,Moonblast,Charm,Protect|Calm||M|||50|]Sceptile||Sceptilite|Overgrow|EarthPower,EnergyBall,DragonPulse,Protect|Timid||M|||50|]Araquanid||SitrusBerry|WaterBubble|WideGuard,Liquidation,LeechLife,IceBeam|Sassy||F|||50|]Gholdengo||LifeOrb|GoodasGold|MakeItRain,NastyPlot,ShadowBall,Protect|Modest|||||50|]Primarina||RindoBerry|LiquidVoice|HyperVoice,Moonblast,Protect,IcyWind|Modest||F|||50|
|inactive|Battle timer is ON: inactive players will automatically lose when time's up. (requested by Emurdad)
|inactive|MrPhoenixGC has 60 seconds left.
|
|t:|1783467788
|teamsize|p1|4
|teamsize|p2|4
|start
|switch|p1a: Aerodactyl|Aerodactyl, L50, F|100/100
|switch|p1b: Kingambit|Kingambit, L50, M|100/100
|switch|p2a: Whimsicott|Whimsicott, L50, M|100/100
|switch|p2b: Staraptor|Staraptor, L50, M|100/100
|-ability|p1a: Aerodactyl|Unnerve
|-ability|p2b: Staraptor|Intimidate|boost
|-unboost|p1a: Aerodactyl|atk|1
|-unboost|p1b: Kingambit|atk|1
|-ability|p1b: Kingambit|Defiant|boost
|-boost|p1b: Kingambit|atk|2
|turn|1
|inactive|MrPhoenixGC has 30 seconds left.
|inactive|Emurdad has 30 seconds left.
|inactive|MrPhoenixGC has 20 seconds left.
|inactive|MrPhoenixGC has 15 seconds left.
|inactive|MrPhoenixGC has 10 seconds left.
|inactive|Emurdad has 20 seconds left.
|inactive|MrPhoenixGC has 5 seconds left.
|
|t:|1783467841
|detailschange|p1a: Aerodactyl|Aerodactyl-Mega, L50, F
|-mega|p1a: Aerodactyl|Aerodactyl|Aerodactylite
|detailschange|p2b: Staraptor|Staraptor-Mega, L50, M
|-mega|p2b: Staraptor|Staraptor|Staraptite
|move|p2a: Whimsicott|Tailwind|p2a: Whimsicott
|-sidestart|p2: Emurdad|move: Tailwind
|move|p2b: Staraptor|Close Combat|p1b: Kingambit
|-supereffective|p1b: Kingambit|2
|-crit|p1b: Kingambit
|-enditem|p1b: Kingambit|Focus Sash
|-damage|p1b: Kingambit|1/100
|-boost|p2b: Staraptor|def|1
|-boost|p2b: Staraptor|spd|1
|move|p1a: Aerodactyl|Ice Fang|p2a: Whimsicott
|-supereffective|p2a: Whimsicott|1
|-damage|p2a: Whimsicott|58/100
|move|p1b: Kingambit|Kowtow Cleave|p2b: Staraptor
|-resisted|p2b: Staraptor|1
|-damage|p2b: Staraptor|70/100
|
|upkeep
|turn|2
|inactive|MrPhoenixGC has 30 seconds left.
|
|t:|1783467868
|move|p1b: Kingambit|Sucker Punch|p2b: Staraptor
|-resisted|p2b: Staraptor|1
|-crit|p2b: Staraptor
|-damage|p2b: Staraptor|18/100
|move|p2b: Staraptor|Close Combat|p1a: Aerodactyl
|-damage|p1a: Aerodactyl|18/100
|-boost|p2b: Staraptor|def|1
|-boost|p2b: Staraptor|spd|1
|move|p2a: Whimsicott|Moonblast|p1b: Kingambit
|-damage|p1b: Kingambit|0 fnt
|faint|p1b: Kingambit
|move|p1a: Aerodactyl|Dual Wingbeat|p2b: Staraptor
|-supereffective|p2b: Staraptor|1
|-damage|p2b: Staraptor|0 fnt
|faint|p2b: Staraptor
|-hitcount|p2: Staraptor|1
|
|upkeep
|
|t:|1783467885
|switch|p2b: Primarina|Primarina, L50, F|100/100
|switch|p1b: Farigiraf|Farigiraf, L50, F|100/100
|turn|3
|inactive|Emurdad has 30 seconds left.
|
|t:|1783467914
|move|p2b: Primarina|Protect|p2b: Primarina
|-singleturn|p2b: Primarina|Protect
|move|p2a: Whimsicott|Moonblast|p1a: Aerodactyl
|-damage|p1a: Aerodactyl|0 fnt
|faint|p1a: Aerodactyl
|move|p1b: Farigiraf|Thunderbolt|p2b: Primarina
|-activate|p2b: Primarina|move: Protect
|
|upkeep
|
|t:|1783467922
|switch|p1a: Sylveon|Sylveon, L50, F|100/100
|turn|4
|
|t:|1783467942
|move|p2a: Whimsicott|Moonblast|p1a: Sylveon
|-damage|p1a: Sylveon|79/100
|-unboost|p1a: Sylveon|spa|1
|move|p2b: Primarina|Hyper Voice|p1a: Sylveon|[spread] p1a,p1b
|-damage|p1a: Sylveon|45/100
|-damage|p1b: Farigiraf|65/100
|move|p1a: Sylveon|Hyper Voice|p2b: Primarina|[spread] p2a,p2b
|-damage|p2a: Whimsicott|28/100
|-damage|p2b: Primarina|71/100
|move|p1b: Farigiraf|Thunderbolt|p2b: Primarina
|-supereffective|p2b: Primarina|1
|-damage|p2b: Primarina|30/100
|
|-sideend|p2: Emurdad|move: Tailwind
|upkeep
|turn|5
|inactive|Emurdad has 30 seconds left.
|inactive|Emurdad has 20 seconds left.
|
|t:|1783467978
|move|p1a: Sylveon|Protect|p1a: Sylveon
|-singleturn|p1a: Sylveon|Protect
|move|p2a: Whimsicott|Tailwind|p2a: Whimsicott
|-sidestart|p2: Emurdad|move: Tailwind
|move|p2b: Primarina|Moonblast|p1a: Sylveon
|-activate|p1a: Sylveon|move: Protect
|move|p1b: Farigiraf|Trick Room|p1b: Farigiraf
|-fieldstart|move: Trick Room|[of] p1b: Farigiraf
|
|upkeep
|turn|6
|
|t:|1783468003
|move|p2a: Whimsicott|Protect|p2a: Whimsicott
|-singleturn|p2a: Whimsicott|Protect
|move|p1b: Farigiraf|Thunderbolt|p2b: Primarina
|-supereffective|p2b: Primarina|1
|-damage|p2b: Primarina|0 fnt
|faint|p2b: Primarina
|move|p1a: Sylveon|Hyper Voice|p2a: Whimsicott
|-activate|p2a: Whimsicott|move: Protect
|
|upkeep
|
|t:|1783468014
|switch|p2b: Araquanid|Araquanid, L50, F|100/100
|turn|7
|
|t:|1783468032
|move|p1b: Farigiraf|Thunderbolt|p2b: Araquanid
|-supereffective|p2b: Araquanid|1
|-damage|p2b: Araquanid|70/100
|-status|p2b: Araquanid|par
|cant|p2b: Araquanid|par
|move|p1a: Sylveon|Hyper Voice|p2a: Whimsicott|[spread] p2a,p2b
|-damage|p2a: Whimsicott|0 fnt
|-damage|p2b: Araquanid|49/100 par
|-enditem|p2b: Araquanid|Sitrus Berry|[eat]
|-heal|p2b: Araquanid|74/100 par|[from] item: Sitrus Berry
|faint|p2a: Whimsicott
|
|upkeep
|turn|8
|
|t:|1783468050
|move|p1a: Sylveon|Protect|p1a: Sylveon
|-singleturn|p1a: Sylveon|Protect
|move|p2b: Araquanid|Leech Life|p1b: Farigiraf
|-supereffective|p1b: Farigiraf|1
|-damage|p1b: Farigiraf|34/100
|-heal|p2b: Araquanid|93/100 par|[from] drain|[of] p1b: Farigiraf
|-enditem|p1b: Farigiraf|Sitrus Berry|[eat]
|-heal|p1b: Farigiraf|59/100|[from] item: Sitrus Berry
|move|p1b: Farigiraf|Thunderbolt|p2b: Araquanid
|-supereffective|p2b: Araquanid|1
|-damage|p2b: Araquanid|66/100 par
|
|-sideend|p2: Emurdad|move: Tailwind
|upkeep
|turn|9
|
|t:|1783468073
|move|p2b: Araquanid|Liquidation|p1a: Sylveon
|-damage|p1a: Sylveon|0 fnt
|faint|p1a: Sylveon
|move|p1b: Farigiraf|Thunderbolt|p2b: Araquanid
|-supereffective|p2b: Araquanid|1
|-damage|p2b: Araquanid|36/100 par
|
|-fieldend|move: Trick Room
|upkeep
|turn|10
|
|t:|1783468085
|move|p1b: Farigiraf|Thunderbolt|p2b: Araquanid
|-supereffective|p2b: Araquanid|1
|-damage|p2b: Araquanid|9/100 par
|move|p2b: Araquanid|Leech Life|p1b: Farigiraf
|-supereffective|p1b: Farigiraf|1
|-damage|p1b: Farigiraf|26/100
|-heal|p2b: Araquanid|29/100 par|[from] drain|[of] p1b: Farigiraf
|
|upkeep
|turn|11
|
|t:|1783468094
|move|p1b: Farigiraf|Thunderbolt|p2b: Araquanid
|-supereffective|p2b: Araquanid|1
|-damage|p2b: Araquanid|2/100 par
|cant|p2b: Araquanid|par
|
|upkeep
|turn|12
|c|☆Emurdad|FUCK
|
|t:|1783468102
|move|p1b: Farigiraf|Thunderbolt|p2b: Araquanid
|-supereffective|p2b: Araquanid|1
|-damage|p2b: Araquanid|0 fnt
|faint|p2b: Araquanid
|
|win|MrPhoenixGC
||Emurdad is ready for game 2.
|inactive|MrPhoenixGC has 30 seconds to confirm battle start!
|inactive|MrPhoenixGC has 20 seconds to confirm battle start!
|l|☆Emurdad
|player|p2|
|inactive|MrPhoenixGC has 10 seconds to confirm battle start!
||MrPhoenixGC is ready for game 2.
|uhtml|next|Next: Game 2 of 3
