|j|☆Pumpkinman
|j|☆HgSimone
|html|PumpkinmanHgSimone    
|uhtml|bestof|Game 2 of a best-of-3
|t:|1756750952
|gametype|doubles
|player|p1|Pumpkinman|cyclist-gen4|1058
|player|p2|HgSimone|169|1000
|gen|9
|tier|[Gen 9] VGC 2025 Reg H (Bo3)
|rated|
|rule|Species Clause: Limit one of each Pokémon
|rule|Item Clause: Limit 1 of each item
|clearpoke
|poke|p1|Charizard, L50, M|
|poke|p1|Torkoal, L50, M|
|poke|p1|Porygon2, L50|
|poke|p1|Incineroar, L50, F|
|poke|p1|Jumpluff, L50, M|
|poke|p1|Ursaluna, L50, F|
|poke|p2|Serperior, L50, F|
|poke|p2|Incineroar, L50, M|
|poke|p2|Politoed, L50, M|
|poke|p2|Weezing-Galar, L50, F|
|poke|p2|Garchomp, L50, M|
|poke|p2|Flamigo, L50, M|
|teampreview|4
|showteam|p1|Charizard||ChoiceSpecs|SolarPower|HeatWave,Overheat,WeatherBall,AirSlash|||M|||50|,,,,,Ghost]Torkoal||EjectPack|Drought|Eruption,Overheat,HelpingHand,Protect|||M|||50|,,,,,Fire]Porygon2||Eviolite|Download|TeraBlast,IceBeam,Recover,TrickRoom||||||50|,,,,,Fighting]Incineroar||SitrusBerry|Intimidate|FlareBlitz,KnockOff,FakeOut,PartingShot|||F|||50|,,,,,Ghost]Jumpluff||CovertCloak|Chlorophyll|SleepPowder,SunnyDay,RagePowder,Tailwind|||M|||50|,,,,,Water]Ursaluna||FlameOrb|Guts|HeadlongRush,Facade,Earthquake,Protect|||F|||50|,,,,,Ghost
|showteam|p2|Serperior||WideLens|Contrary|Protect,Glare,TeraBlast,LeafStorm|||F|||50|,,,,,Ground]Incineroar||AssaultVest|Intimidate|FakeOut,KnockOff,FlareBlitz,Uturn|||M|||50|,,,,,Bug]Politoed||SitrusBerry|Drizzle|WeatherBall,IcyWind,Protect,Haze|||M|||50|,,,,,Dragon]Weezing-Galar||RockyHelmet|MistySurge|Protect,DazzlingGleam,Haze,Taunt|||F|||50|,,,,,Dark]Garchomp||LifeOrb|RoughSkin|StompingTantrum,Earthquake,RockSlide,Protect|||M|||50|,,,,,Ground]Flamigo||FocusSash|Scrappy|Protect,Tailwind,CloseCombat,DualWingbeat|||M|||50|,,,,,Fighting
|inactive|Battle timer is ON: inactive players will automatically lose when time's up. (requested by Pumpkinman)
|inactive|Pumpkinman has 60 seconds left.
|inactive|Pumpkinman has 30 seconds left.
|
|t:|1756751014
|teamsize|p1|4
|teamsize|p2|4
|start
|switch|p1a: Incineroar|Incineroar, L50, F|100/100
|switch|p1b: Jumpluff|Jumpluff, L50, M|100/100
|switch|p2a: Incineroar|Incineroar, L50, M|100/100
|switch|p2b: Weezing|Weezing-Galar, L50, F|100/100
|-ability|p1a: Incineroar|Intimidate|boost
|-unboost|p2a: Incineroar|atk|1
|-unboost|p2b: Weezing|atk|1
|-ability|p2a: Incineroar|Intimidate|boost
|-unboost|p1a: Incineroar|atk|1
|-unboost|p1b: Jumpluff|atk|1
|-fieldstart|move: Misty Terrain|[from] ability: Misty Surge|[of] p2b: Weezing
|turn|1
|inactive|Pumpkinman has 30 seconds left.
|inactive|HgSimone has 30 seconds left.
|inactive|Pumpkinman has 20 seconds left.
|inactive|HgSimone has 20 seconds left.
|inactive|Pumpkinman has 15 seconds left.
|
|t:|1756751058
|-terastallize|p1b: Jumpluff|Water
|move|p1a: Incineroar|Fake Out|p2b: Weezing
|-damage|p2b: Weezing|93/100
|-damage|p1a: Incineroar|84/100|[from] item: Rocky Helmet|[of] p2b: Weezing
|move|p1b: Jumpluff|Tailwind|p1b: Jumpluff
|-sidestart|p1: Pumpkinman|move: Tailwind
|move|p2a: Incineroar|Knock Off|p1b: Jumpluff
|-damage|p1b: Jumpluff|59/100
|-enditem|p1b: Jumpluff|Covert Cloak|[from] move: Knock Off|[of] p2a: Incineroar
|cant|p2b: Weezing|flinch
|
|upkeep
|turn|2
|inactive|Pumpkinman has 30 seconds left.
|inactive|HgSimone has 30 seconds left.
|inactive|Pumpkinman has 20 seconds left.
|inactive|Pumpkinman has 15 seconds left.
|inactive|Pumpkinman has 10 seconds left.
|
|t:|1756751108
|switch|p1b: Porygon2|Porygon2, L50|100/100
|-ability|p1b: Porygon2|Download|boost
|-boost|p1b: Porygon2|spa|1
|move|p1a: Incineroar|Parting Shot|p2a: Incineroar
|-unboost|p2a: Incineroar|atk|1
|-unboost|p2a: Incineroar|spa|1
|
|t:|1756751121
|switch|p1a: Jumpluff|Jumpluff, L50, M, tera:Water|59/100|[from] Parting Shot
|move|p2a: Incineroar|U-turn|p1b: Porygon2
|-damage|p1b: Porygon2|92/100
|
|t:|1756751138
|switch|p2a: Garchomp|Garchomp, L50, M|100/100|[from] U-turn
|move|p2b: Weezing|Taunt|p1b: Porygon2
|-start|p1b: Porygon2|move: Taunt
|
|upkeep
|turn|3
|inactive|Pumpkinman has 30 seconds left.
|
|t:|1756751168
|switch|p1a: Incineroar|Incineroar, L50, F|84/100
|-ability|p1a: Incineroar|Intimidate|boost
|-unboost|p2a: Garchomp|atk|1
|-unboost|p2b: Weezing|atk|1
|move|p2b: Weezing|Protect|p2b: Weezing
|-singleturn|p2b: Weezing|Protect
|move|p2a: Garchomp|Earthquake|p1b: Porygon2|[spread] p1a,p1b
|-activate|p2b: Weezing|move: Protect
|-supereffective|p1a: Incineroar
|-damage|p1a: Incineroar|21/100
|-damage|p1b: Porygon2|70/100
|-enditem|p1a: Incineroar|Sitrus Berry|[eat]
|-heal|p1a: Incineroar|46/100|[from] item: Sitrus Berry
|-damage|p2a: Garchomp|91/100|[from] item: Life Orb
|move|p1b: Porygon2|Ice Beam|p2a: Garchomp
|-supereffective|p2a: Garchomp
|-damage|p2a: Garchomp|0 fnt
|faint|p2a: Garchomp
|
|upkeep
|inactive|HgSimone has 30 seconds left.
|
|t:|1756751196
|switch|p2a: Incineroar|Incineroar, L50, M|100/100
|-ability|p2a: Incineroar|Intimidate|boost
|-unboost|p1a: Incineroar|atk|1
|-unboost|p1b: Porygon2|atk|1
|turn|4
|
|t:|1756751215
|switch|p2b: Politoed|Politoed, L50, M|100/100
|-weather|RainDance|[from] ability: Drizzle|[of] p2b: Politoed
|move|p1a: Incineroar|Fake Out|p2a: Incineroar
|-damage|p2a: Incineroar|93/100
|move|p1b: Porygon2|Ice Beam|p2b: Politoed
|-resisted|p2b: Politoed
|-damage|p2b: Politoed|80/100
|cant|p2a: Incineroar|flinch
|
|-weather|RainDance|[upkeep]
|-end|p1b: Porygon2|move: Taunt
|-sideend|p1: Pumpkinman|move: Tailwind
|upkeep
|turn|5
|inactive|Pumpkinman has 30 seconds left.
|inactive|Pumpkinman has 20 seconds left.
|inactive|Pumpkinman has 15 seconds left.
|inactive|Pumpkinman has 10 seconds left.
|
|t:|1756751262
|move|p1a: Incineroar|Parting Shot|p2b: Politoed
|-unboost|p2b: Politoed|atk|1
|-unboost|p2b: Politoed|spa|1
|
|t:|1756751266
|switch|p1a: Torkoal|Torkoal, L50, M|100/100|[from] Parting Shot
|-weather|SunnyDay|[from] ability: Drought|[of] p1a: Torkoal
|move|p2b: Politoed|Weather Ball|p1b: Porygon2
|-damage|p1b: Porygon2|50/100
|move|p2a: Incineroar|Knock Off|p1b: Porygon2
|-damage|p1b: Porygon2|19/100
|-enditem|p1b: Porygon2|Eviolite|[from] move: Knock Off|[of] p2a: Incineroar
|move|p1b: Porygon2|Trick Room|p1b: Porygon2
|-fieldstart|move: Trick Room|[of] p1b: Porygon2
|
|-weather|SunnyDay|[upkeep]
|-fieldend|Misty Terrain
|upkeep
|turn|6
|inactive|Pumpkinman has 30 seconds left.
|inactive|HgSimone has 30 seconds left.
|inactive|Pumpkinman has 20 seconds left.
|inactive|HgSimone has 20 seconds left.
|inactive|Pumpkinman has 15 seconds left.
|inactive|HgSimone has 15 seconds left.
|inactive|Pumpkinman has 10 seconds left.
|
|t:|1756751316
|move|p1a: Torkoal|Eruption|p2b: Politoed|[spread] p2a,p2b
|-resisted|p2a: Incineroar
|-resisted|p2b: Politoed
|-damage|p2a: Incineroar|71/100
|-damage|p2b: Politoed|47/100
|-enditem|p2b: Politoed|Sitrus Berry|[eat]
|-heal|p2b: Politoed|71/100|[from] item: Sitrus Berry
|move|p1b: Porygon2|Recover|p1b: Porygon2
|-heal|p1b: Porygon2|69/100
|move|p2a: Incineroar|Flare Blitz|p1b: Porygon2
|-damage|p1b: Porygon2|0 fnt
|faint|p1b: Porygon2
|-damage|p2a: Incineroar|50/100|[from] Recoil
|move|p2b: Politoed|Weather Ball|p1a: Torkoal
|-resisted|p1a: Torkoal
|-damage|p1a: Torkoal|82/100
|
|-weather|SunnyDay|[upkeep]
|upkeep
|
|t:|1756751333
|switch|p1b: Incineroar|Incineroar, L50, F|46/100
|-ability|p1b: Incineroar|Intimidate|boost
|-unboost|p2a: Incineroar|atk|1
|-unboost|p2b: Politoed|atk|1
|turn|7
|
|t:|1756751357
|switch|p2b: Weezing|Weezing-Galar, L50, F|93/100
|-fieldstart|move: Misty Terrain|[from] ability: Misty Surge|[of] p2b: Weezing
|move|p1a: Torkoal|Eruption|p2b: Weezing|[spread] p2a,p2b
|-resisted|p2a: Incineroar
|-damage|p2a: Incineroar|33/100
|-damage|p2b: Weezing|30/100
|move|p2a: Incineroar|U-turn|p1b: Incineroar
|-damage|p1b: Incineroar|32/100
|
|t:|1756751366
|switch|p2a: Politoed|Politoed, L50, M|71/100|[from] U-turn
|-weather|RainDance|[from] ability: Drizzle|[of] p2a: Politoed
|move|p1b: Incineroar|Flare Blitz|p2b: Weezing
|-damage|p2b: Weezing|6/100
|-damage|p1b: Incineroar|16/100|[from] item: Rocky Helmet|[of] p2b: Weezing
|-damage|p1b: Incineroar|9/100|[from] Recoil
|
|-weather|RainDance|[upkeep]
|upkeep
|turn|8
|inactive|Pumpkinman has 30 seconds left.
|inactive|HgSimone has 30 seconds left.
|inactive|Pumpkinman has 20 seconds left.
|inactive|Pumpkinman has 15 seconds left.
|
|t:|1756751410
|switch|p2b: Incineroar|Incineroar, L50, M|33/100
|-ability|p2b: Incineroar|Intimidate|boost
|-unboost|p1a: Torkoal|atk|1
|-unboost|p1b: Incineroar|atk|1
|-enditem|p1a: Torkoal|Eject Pack
|
|t:|1756751417
|switch|p1a: Jumpluff|Jumpluff, L50, M, tera:Water|59/100
|move|p2a: Politoed|Weather Ball|p1b: Incineroar
|-supereffective|p1b: Incineroar
|-crit|p1b: Incineroar
|-damage|p1b: Incineroar|0 fnt
|faint|p1b: Incineroar
|
|-weather|RainDance|[upkeep]
|upkeep
|
|t:|1756751421
|switch|p1b: Torkoal|Torkoal, L50, M|82/100
|-weather|SunnyDay|[from] ability: Drought|[of] p1b: Torkoal
|turn|9
|inactive|Pumpkinman has 30 seconds left.
|inactive|HgSimone has 30 seconds left.
|
|t:|1756751457
|switch|p2a: Weezing|Weezing-Galar, L50, F|6/100
|move|p2b: Incineroar|Fake Out|p1b: Torkoal
|-damage|p1b: Torkoal|73/100
|move|p1a: Jumpluff|Rage Powder|p1a: Jumpluff
|-singleturn|p1a: Jumpluff|move: Rage Powder
|cant|p1b: Torkoal|flinch
|
|-weather|SunnyDay|[upkeep]
|-fieldend|move: Trick Room
|upkeep
|turn|10
|inactive|Pumpkinman has 30 seconds left.
|
|t:|1756751486
|move|p1a: Jumpluff|Sunny Day||[still]
|-fail|p1a: Jumpluff
|move|p2b: Incineroar|U-turn|p1a: Jumpluff
|-crit|p1a: Jumpluff
|-damage|p1a: Jumpluff|20/100
|
|t:|1756751491
|switch|p2b: Politoed|Politoed, L50, M|71/100|[from] U-turn
|-weather|RainDance|[from] ability: Drizzle|[of] p2b: Politoed
|move|p2a: Weezing|Dazzling Gleam|p1a: Jumpluff|[spread] p1a,p1b
|-resisted|p1b: Torkoal
|-damage|p1a: Jumpluff|0 fnt
|-damage|p1b: Torkoal|60/100
|faint|p1a: Jumpluff
|move|p1b: Torkoal|Eruption|p2a: Weezing|[spread] p2a,p2b
|-crit|p2a: Weezing
|-resisted|p2b: Politoed
|-damage|p2a: Weezing|0 fnt
|-damage|p2b: Politoed|65/100
|faint|p2a: Weezing
|
|-weather|RainDance|[upkeep]
|upkeep
|-message|Pumpkinman forfeited.
|
|win|HgSimone
|raw|Pumpkinman's rating: 1058 → 1036(-22 for losing)
|raw|HgSimone's rating: 1000 → 1047(+47 for winning)
|l|☆HgSimone
|player|p2|
