|j|☆Crystneel
|j|☆Bobbo1
|html|CrystneelBobbo1    
|uhtml|bestof|Game 2 of a best-of-3
|t:|1757148440
|gametype|doubles
|player|p1|Crystneel|ethan|1127
|player|p2|Bobbo1|ghetsis|1143
|gen|9
|tier|[Gen 9] VGC 2025 Reg H (Bo3)
|rated|
|rule|Species Clause: Limit one of each Pokémon
|rule|Item Clause: Limit 1 of each item
|clearpoke
|poke|p1|Volcarona, L50, F|
|poke|p1|Electabuzz, L50, M|
|poke|p1|Sneasler, L50, F|
|poke|p1|Rillaboom, L50, M|
|poke|p1|Dragonite, L50, M|
|poke|p1|Ursaluna-Bloodmoon, L50, M|
|poke|p2|Palafin, L50, F|
|poke|p2|Incineroar, L50, F|
|poke|p2|Rillaboom, L50, F|
|poke|p2|Volcarona, L50, M|
|poke|p2|Ninetales-Alola, L50, M|
|poke|p2|Gholdengo, L50|
|teampreview|4
|showteam|p1|Volcarona||Leftovers|FlameBody|FieryDance,QuiverDance,GigaDrain,Protect|||F|||50|,,,,,Water]Electabuzz||Eviolite|Static|FollowMe,Electroweb,VoltSwitch,Taunt|||M|||50|,,,,,Fairy]Sneasler||GrassySeed|Unburden|DireClaw,CloseCombat,ThroatChop,Protect|||F|||50|,,,,,Dark]Rillaboom||AssaultVest|GrassySurge|FakeOut,GrassyGlide,WoodHammer,Uturn|||M|||50|,,,,,Fire]Dragonite||LoadedDice|Multiscale|ExtremeSpeed,ScaleShot,IceSpinner,LowKick|||M|||50|,,,,,Normal]Ursaluna-Bloodmoon||ThroatSpray|MindsEye|BloodMoon,HyperVoice,EarthPower,Protect|||M|||50|,,,,,Poison
|showteam|p2|Palafin||MysticWater|ZerotoHero|IcePunch,JetPunch,WaveCrash,Protect|||F|||50|,,,,,Water]Incineroar||SafetyGoggles|Intimidate|FakeOut,KnockOff,FlareBlitz,PartingShot|||F|||50|,,,,,Ghost]Rillaboom||AssaultVest|GrassySurge|FakeOut,GrassyGlide,WoodHammer,Uturn|||F|||50|,,,,,Fire]Volcarona||GrassySeed|FlameBody|QuiverDance,FieryDance,GigaDrain,Protect|||M|||50|,,,,,Grass]Ninetales-Alola||LightClay|SnowWarning|AuroraVeil,Blizzard,Moonblast,Protect|||M|||50|,,,,,Fire]Gholdengo||LifeOrb|GoodasGold|NastyPlot,MakeItRain,ShadowBall,Protect||||||50|,,,,,Water
|inactive|Battle timer is ON: inactive players will automatically lose when time's up. (requested by Crystneel)
|
|t:|1757148458
|teamsize|p1|4
|teamsize|p2|4
|start
|switch|p1a: Electabuzz|Electabuzz, L50, M|100/100
|switch|p1b: Sneasler|Sneasler, L50, F|100/100
|switch|p2a: Volcarona|Volcarona, L50, M|100/100
|switch|p2b: Incineroar|Incineroar, L50, F|100/100
|-ability|p2b: Incineroar|Intimidate|boost
|-unboost|p1a: Electabuzz|atk|1
|-unboost|p1b: Sneasler|atk|1
|turn|1
|
|t:|1757148475
|move|p2b: Incineroar|Fake Out|p1b: Sneasler
|-damage|p1b: Sneasler|79/100
|cant|p1b: Sneasler|flinch
|move|p2a: Volcarona|Quiver Dance|p2a: Volcarona
|-boost|p2a: Volcarona|spa|1
|-boost|p2a: Volcarona|spd|1
|-boost|p2a: Volcarona|spe|1
|move|p1a: Electabuzz|Taunt|p2a: Volcarona
|-start|p2a: Volcarona|move: Taunt
|
|upkeep
|turn|2
|
|t:|1757148496
|switch|p2b: Gholdengo|Gholdengo, L50|100/100
|move|p1a: Electabuzz|Follow Me|p1a: Electabuzz
|-singleturn|p1a: Electabuzz|move: Follow Me
|move|p2a: Volcarona|Fiery Dance|p1a: Electabuzz
|-damage|p1a: Electabuzz|66/100
|move|p1b: Sneasler|Close Combat|p2b: Gholdengo
|-immune|p2b: Gholdengo
|
|upkeep
|turn|3
|
|t:|1757148515
|switch|p1b: Volcarona|Volcarona, L50, F|100/100
|move|p2b: Gholdengo|Protect|p2b: Gholdengo
|-singleturn|p2b: Gholdengo|Protect
|move|p2a: Volcarona|Fiery Dance|p1b: Volcarona
|-damage|p1b: Volcarona|55/100
|-boost|p2a: Volcarona|spa|1
|move|p1a: Electabuzz|Electroweb|p2a: Volcarona|[spread] p2a
|-activate|p2b: Gholdengo|move: Protect
|-damage|p2a: Volcarona|93/100
|-unboost|p2a: Volcarona|spe|1
|
|-heal|p1b: Volcarona|61/100|[from] item: Leftovers
|upkeep
|turn|4
|
|t:|1757148531
|move|p1b: Volcarona|Protect|p1b: Volcarona
|-singleturn|p1b: Volcarona|Protect
|move|p2a: Volcarona|Fiery Dance|p1b: Volcarona
|-activate|p1b: Volcarona|move: Protect
|move|p1a: Electabuzz|Electroweb|p2b: Gholdengo|[spread] p2a,p2b
|-damage|p2a: Volcarona|84/100
|-damage|p2b: Gholdengo|86/100
|-unboost|p2a: Volcarona|spe|1
|-unboost|p2b: Gholdengo|spe|1
|move|p2b: Gholdengo|Shadow Ball|p1b: Volcarona
|-activate|p1b: Volcarona|move: Protect
|
|-heal|p1b: Volcarona|66/100|[from] item: Leftovers
|-end|p2a: Volcarona|move: Taunt
|upkeep
|turn|5
|
|t:|1757148548
|switch|p2b: Incineroar|Incineroar, L50, F|100/100
|-ability|p2b: Incineroar|Intimidate|boost
|-unboost|p1a: Electabuzz|atk|1
|-unboost|p1b: Volcarona|atk|1
|move|p1b: Volcarona|Quiver Dance|p1b: Volcarona
|-boost|p1b: Volcarona|spa|1
|-boost|p1b: Volcarona|spd|1
|-boost|p1b: Volcarona|spe|1
|move|p1a: Electabuzz|Taunt|p2a: Volcarona
|-start|p2a: Volcarona|move: Taunt
|move|p2a: Volcarona|Fiery Dance|p1a: Electabuzz
|-damage|p1a: Electabuzz|13/100
|-boost|p2a: Volcarona|spa|1
|
|-heal|p1b: Volcarona|72/100|[from] item: Leftovers
|upkeep
|turn|6
|
|t:|1757148567
|move|p2b: Incineroar|Fake Out|p1b: Volcarona
|-damage|p1b: Volcarona|55/100
|cant|p1b: Volcarona|flinch
|move|p1a: Electabuzz|Volt Switch|p2a: Volcarona
|-damage|p2a: Volcarona|70/100
|
|t:|1757148578
|switch|p1a: Rillaboom|Rillaboom, L50, M|100/100|[from] Volt Switch
|-fieldstart|move: Grassy Terrain|[from] ability: Grassy Surge|[of] p1a: Rillaboom
|-enditem|p2a: Volcarona|Grassy Seed
|-boost|p2a: Volcarona|def|1|[from] item: Grassy Seed
|move|p2a: Volcarona|Fiery Dance|p1a: Rillaboom
|-supereffective|p1a: Rillaboom
|-damage|p1a: Rillaboom|0 fnt
|-boost|p2a: Volcarona|spa|1
|faint|p1a: Rillaboom
|
|-heal|p1b: Volcarona|61/100|[from] Grassy Terrain
|-heal|p1b: Volcarona|67/100|[from] item: Leftovers
|-heal|p2a: Volcarona|76/100|[from] Grassy Terrain
|upkeep
|
|t:|1757148585
|switch|p1a: Electabuzz|Electabuzz, L50, M|13/100
|turn|7
|
|t:|1757148602
|move|p1b: Volcarona|Fiery Dance|p2a: Volcarona
|-damage|p2a: Volcarona|43/100
|move|p1a: Electabuzz|Electroweb|p2b: Incineroar|[spread] p2a,p2b
|-damage|p2a: Volcarona|35/100
|-damage|p2b: Incineroar|88/100
|-unboost|p2a: Volcarona|spe|1
|-unboost|p2b: Incineroar|spe|1
|move|p2a: Volcarona|Fiery Dance|p1a: Electabuzz
|-damage|p1a: Electabuzz|0 fnt
|faint|p1a: Electabuzz
|move|p2b: Incineroar|Knock Off|p1b: Volcarona
|-damage|p1b: Volcarona|14/100
|-enditem|p1b: Volcarona|Leftovers|[from] move: Knock Off|[of] p2b: Incineroar
|
|-heal|p1b: Volcarona|19/100|[from] Grassy Terrain
|-heal|p2a: Volcarona|41/100|[from] Grassy Terrain
|-heal|p2b: Incineroar|94/100|[from] Grassy Terrain
|-end|p2a: Volcarona|move: Taunt
|upkeep
|
|t:|1757148613
|switch|p1a: Sneasler|Sneasler, L50, F|79/100
|-enditem|p1a: Sneasler|Grassy Seed
|-boost|p1a: Sneasler|def|1|[from] item: Grassy Seed
|turn|8
|inactive|Crystneel has 30 seconds left.
|
|t:|1757148639
|-terastallize|p2b: Incineroar|Ghost
|move|p2a: Volcarona|Protect|p2a: Volcarona
|-singleturn|p2a: Volcarona|Protect
|move|p1a: Sneasler|Throat Chop|p2b: Incineroar
|-supereffective|p2b: Incineroar
|-damage|p2b: Incineroar|41/100
|-start|p2b: Incineroar|Throat Chop|[silent]
|move|p1b: Volcarona|Quiver Dance|p1b: Volcarona
|-boost|p1b: Volcarona|spa|1
|-boost|p1b: Volcarona|spd|1
|-boost|p1b: Volcarona|spe|1
|cant|p2b: Incineroar|move: Throat Chop
|
|-heal|p1a: Sneasler|84/100|[from] Grassy Terrain
|-heal|p1b: Volcarona|25/100|[from] Grassy Terrain
|-heal|p2a: Volcarona|47/100|[from] Grassy Terrain
|-heal|p2b: Incineroar|47/100|[from] Grassy Terrain
|upkeep
|turn|9
|inactive|Crystneel has 30 seconds left.
|inactive|Bobbo1 has 30 seconds left.
|inactive|Bobbo1 has 20 seconds left.
|
|t:|1757148674
|switch|p2b: Rillaboom|Rillaboom, L50, F|100/100
|move|p1a: Sneasler|Dire Claw|p2a: Volcarona
|-damage|p2a: Volcarona|15/100
|-status|p2a: Volcarona|par
|move|p1b: Volcarona|Fiery Dance|p2b: Rillaboom
|-supereffective|p2b: Rillaboom
|-damage|p2b: Rillaboom|11/100
|-boost|p1b: Volcarona|spa|1
|move|p2a: Volcarona|Giga Drain|p1a: Sneasler
|-resisted|p1a: Sneasler
|-damage|p1a: Sneasler|13/100
|-heal|p2a: Volcarona|43/100 par|[from] drain|[of] p1a: Sneasler
|
|-heal|p1a: Sneasler|19/100|[from] Grassy Terrain
|-heal|p1b: Volcarona|31/100|[from] Grassy Terrain
|-heal|p2b: Rillaboom|16/100|[from] Grassy Terrain
|-heal|p2a: Volcarona|49/100 par|[from] Grassy Terrain
|upkeep
|turn|10
|inactive|Crystneel has 30 seconds left.
|
|t:|1757148707
|move|p2b: Rillaboom|Fake Out|p1b: Volcarona
|-damage|p1b: Volcarona|14/100
|-status|p2b: Rillaboom|brn|[from] ability: Flame Body|[of] p1b: Volcarona
|move|p1a: Sneasler|Dire Claw|p2b: Rillaboom
|-supereffective|p2b: Rillaboom
|-damage|p2b: Rillaboom|0 fnt
|faint|p2b: Rillaboom
|cant|p1b: Volcarona|flinch
|move|p2a: Volcarona|Giga Drain|p1a: Sneasler
|-resisted|p1a: Sneasler
|-crit|p1a: Sneasler
|-damage|p1a: Sneasler|0 fnt
|-heal|p2a: Volcarona|57/100 par|[from] drain|[of] p1a: Sneasler
|faint|p1a: Sneasler
|
|-heal|p1b: Volcarona|20/100|[from] Grassy Terrain
|-heal|p2a: Volcarona|64/100 par|[from] Grassy Terrain
|-fieldend|move: Grassy Terrain
|upkeep
|
|t:|1757148723
|switch|p2b: Incineroar|Incineroar, L50, F, tera:Ghost|47/100
|-ability|p2b: Incineroar|Intimidate|boost
|-unboost|p1b: Volcarona|atk|1
|turn|11
|
|t:|1757148728
|move|p1b: Volcarona|Protect|p1b: Volcarona
|-singleturn|p1b: Volcarona|Protect
|move|p2b: Incineroar|Fake Out|p1b: Volcarona
|-activate|p1b: Volcarona|move: Protect
|move|p2a: Volcarona|Quiver Dance|p2a: Volcarona
|-boost|p2a: Volcarona|spa|1
|-boost|p2a: Volcarona|spd|1
|-boost|p2a: Volcarona|spe|1
|
|upkeep
|turn|12
|
|t:|1757148743
|move|p1b: Volcarona|Giga Drain|p2b: Incineroar
|-damage|p2b: Incineroar|0 fnt
|-heal|p1b: Volcarona|44/100|[from] drain|[of] p2b: Incineroar
|faint|p2b: Incineroar
|move|p2a: Volcarona|Fiery Dance|p1b: Volcarona
|-damage|p1b: Volcarona|0 fnt
|faint|p1b: Volcarona
|
|win|Bobbo1
|raw|Crystneel's rating: 1127 → 1103(-24 for losing)
|raw|Bobbo1's rating: 1143 → 1167(+24 for winning)
