|j|☆iceshard00
|j|☆heyitsleonn
|html|iceshard00heyitsleonn    
|uhtml|bestof|Game 1 of a best-of-3
|t:|1783630017
|gametype|doubles
|player|p1|iceshard00|lucas|1097
|player|p2|heyitsleonn|169|1101
|gen|9
|tier|[Gen 9 Champions] VGC 2026 Reg M-B (Bo3)
|rated|
|rule|Species Clause: Limit one of each Pokémon
|rule|Item Clause: Limit 1 of each item
|clearpoke
|poke|p1|Whimsicott, L50, F|
|poke|p1|Chesnaught, L50, F, shiny|
|poke|p1|Pelipper, L50, F|
|poke|p1|Mawile, L50, M|
|poke|p1|Glimmora, L50, F|
|poke|p1|Incineroar, L50, F|
|poke|p2|Aerodactyl, L50, F|
|poke|p2|Sylveon, L50, F|
|poke|p2|Incineroar, L50, M|
|poke|p2|Basculegion, L50, M|
|poke|p2|Kommo-o, L50, F|
|poke|p2|Venusaur, L50, F|
|teampreview|4
|showteam|p1|Whimsicott||FocusSash|Prankster|Moonblast,TrickRoom,GrassyTerrain,Encore|Bold||F|||50|]Chesnaught||Chesnaughtite|Bulletproof|GrassyGlide,DrainPunch,BellyDrum,SpikyShield|Sassy||F|||50|]Pelipper||LifeOrb|Drizzle|Hurricane,WeatherBall,Tailwind,WideGuard|Quiet||F|||50|]Mawile||Mawilite|HyperCutter|PlayRough,SuckerPunch,SwordsDance,Protect|Brave||M|||50|]Glimmora||ExpertBelt|ToxicDebris|PowerGem,EarthPower,SludgeBomb,SpikyShield|Modest||F|||50|]Incineroar||SitrusBerry|Intimidate|FakeOut,PartingShot,DarkestLariat,WillOWisp|Brave||F|||50|
|showteam|p2|Aerodactyl||Aerodactylite|Unnerve|RockSlide,Protect,DualWingbeat,Tailwind|Jolly||F|||50|]Sylveon||FairyFeather|Pixilate|HyperVoice,HyperBeam,QuickAttack,Protect|Modest||F|||50|]Incineroar||ChopleBerry|Intimidate|ThroatChop,FlareBlitz,PartingShot,FakeOut|Careful||M|||50|]Basculegion||FocusSash|Adaptability|LastRespects,Liquidation,Protect,AquaJet|Adamant||M|||50|]Kommo-o||Leftovers|Soundproof|Protect,ClangorousSoul,ClangingScales,AuraSphere|Timid||F|||50|]Venusaur||Venusaurite|Chlorophyll|Protect,EarthPower,SludgeBomb,GigaDrain|Modest||F|||50|
|inactive|Battle timer is ON: inactive players will automatically lose when time's up. (requested by heyitsleonn)
|inactive|iceshard00 has 60 seconds left.
|inactive|heyitsleonn has 60 seconds left.
|
|t:|1783630067
|teamsize|p1|4
|teamsize|p2|4
|start
|switch|p1a: Whimsicott|Whimsicott, L50, F|100/100
|switch|p1b: Glimmora|Glimmora, L50, F|100/100
|switch|p2a: Venusaur|Venusaur, L50, F|100/100
|switch|p2b: Incineroar|Incineroar, L50, M|100/100
|-ability|p2b: Incineroar|Intimidate|boost
|-unboost|p1a: Whimsicott|atk|1
|-unboost|p1b: Glimmora|atk|1
|turn|1
|inactive|iceshard00 has 30 seconds left.
|inactive|iceshard00 has 20 seconds left.
|inactive|iceshard00 has 15 seconds left.
|
|t:|1783630108
|detailschange|p2a: Venusaur|Venusaur-Mega, L50, F
|-mega|p2a: Venusaur|Venusaur|Venusaurite
|move|p1b: Glimmora|Spiky Shield|p1b: Glimmora
|-singleturn|p1b: Glimmora|move: Protect
|move|p2b: Incineroar|Fake Out|p1a: Whimsicott
|-damage|p1a: Whimsicott|88/100
|move|p2a: Venusaur|Sludge Bomb|p1a: Whimsicott
|-supereffective|p1a: Whimsicott|2
|-damage|p1a: Whimsicott|0 fnt
|faint|p1a: Whimsicott
|
|upkeep
|
|t:|1783630129
|switch|p1a: Pelipper|Pelipper, L50, F|100/100
|-weather|RainDance|[from] ability: Drizzle|[of] p1a: Pelipper
|turn|2
|
|t:|1783630147
|move|p2a: Venusaur|Earth Power|p1b: Glimmora
|-supereffective|p1b: Glimmora|2
|-damage|p1b: Glimmora|0 fnt
|faint|p1b: Glimmora
|move|p2b: Incineroar|Parting Shot|p1a: Pelipper
|-unboost|p1a: Pelipper|atk|1
|-unboost|p1a: Pelipper|spa|1
|
|t:|1783630154
|switch|p2b: Sylveon|Sylveon, L50, F|100/100|[from] Parting Shot
|move|p1a: Pelipper|Tailwind|p1a: Pelipper
|-sidestart|p1: iceshard00|move: Tailwind
|
|-weather|RainDance|[upkeep]
|upkeep
|
|t:|1783630159
|switch|p1b: Chesnaught|Chesnaught, L50, F, shiny|100/100
|turn|3
|
|t:|1783630183
|detailschange|p1b: Chesnaught|Chesnaught-Mega, L50, F, shiny
|-mega|p1b: Chesnaught|Chesnaught|Chesnaughtite
|move|p1a: Pelipper|Wide Guard|p1a: Pelipper
|-singleturn|p1a: Pelipper|Wide Guard
|move|p1b: Chesnaught|Belly Drum|p1b: Chesnaught
|-damage|p1b: Chesnaught|50/100g
|-setboost|p1b: Chesnaught|atk|6|[from] move: Belly Drum
|move|p2a: Venusaur|Sludge Bomb|p1a: Pelipper
|-damage|p1a: Pelipper|40/100
|move|p2b: Sylveon|Hyper Voice|p1a: Pelipper|[spread] 
|-activate|p1a: Pelipper|move: Wide Guard
|-activate|p1b: Chesnaught|move: Wide Guard
|
|-weather|RainDance|[upkeep]
|upkeep
|turn|4
|inactive|iceshard00 has 30 seconds left.
|
|t:|1783630216
|switch|p2a: Incineroar|Incineroar, L50, M|100/100
|-ability|p2a: Incineroar|Intimidate|boost
|-unboost|p1a: Pelipper|atk|1
|-unboost|p1b: Chesnaught|atk|1
|move|p1a: Pelipper|Hurricane|p2a: Incineroar
|-damage|p2a: Incineroar|66/100
|-damage|p1a: Pelipper|31/100|[from] item: Life Orb
|move|p1b: Chesnaught|Drain Punch|p2b: Sylveon
|-resisted|p2b: Sylveon|1
|-damage|p2b: Sylveon|12/100
|-heal|p1b: Chesnaught|90/100|[from] drain|[of] p2b: Sylveon
|move|p2b: Sylveon|Hyper Beam|p1b: Chesnaught|[miss]
|-miss|p2b: Sylveon|p1b: Chesnaught
|
|-weather|RainDance|[upkeep]
|upkeep
|turn|5
|
|t:|1783630237
|move|p1b: Chesnaught|Spiky Shield|p1b: Chesnaught
|-singleturn|p1b: Chesnaught|move: Protect
|move|p2a: Incineroar|Fake Out|p1a: Pelipper
|-damage|p1a: Pelipper|20/100y
|cant|p1a: Pelipper|flinch
|move|p2b: Sylveon|Hyper Voice|p1b: Chesnaught|[spread] p1a
|-activate|p1b: Chesnaught|move: Protect
|-damage|p1a: Pelipper|0 fnt
|faint|p1a: Pelipper
|
|-weather|RainDance|[upkeep]
|-sideend|p1: iceshard00|move: Tailwind
|upkeep
|turn|6
|
|t:|1783630261
|move|p2b: Sylveon|Hyper Beam|p1b: Chesnaught
|-supereffective|p1b: Chesnaught|1
|-damage|p1b: Chesnaught|0 fnt
|-mustrecharge|p2b: Sylveon
|faint|p1b: Chesnaught
|
|win|heyitsleonn
||heyitsleonn is ready for game 2.
||iceshard00 is ready for game 2.
|uhtml|next|Next: Game 2 of 3
|l|☆heyitsleonn
|player|p2|
