|j|☆adriel8888
|j|☆16 letters mimimi
|html|adriel888816 letters mimimi    
|uhtml|bestof|Game 2 of a best-of-3
|t:|1783017316
|gametype|doubles
|player|p1|adriel8888|steven|
|player|p2|16 letters mimimi|rika|
|gen|9
|tier|[Gen 9 Champions] VGC 2026 Reg M-B (Bo3)
|rule|Species Clause: Limit one of each Pokémon
|rule|Item Clause: Limit 1 of each item
|clearpoke
|poke|p1|Venusaur, L50, M|
|poke|p1|Archaludon, L50, M|
|poke|p1|Aerodactyl, L50, F|
|poke|p1|Charizard, L50, M|
|poke|p1|Incineroar, L50, F|
|poke|p1|Metagross, L50|
|poke|p2|Gholdengo, L50|
|poke|p2|Primarina, L50, M|
|poke|p2|Scovillain, L50, M|
|poke|p2|Meowstic, L50, M|
|poke|p2|Scrafty, L50, F|
|poke|p2|Archaludon, L50, F|
|teampreview|4
|showteam|p1|Venusaur||LifeOrb|Chlorophyll|SleepPowder,EnergyBall,SludgeBomb,Protect|Modest||M|||50|]Archaludon||Leftovers|Stamina|DracoMeteor,ElectroShot,FlashCannon,Protect|Calm||M|||50|]Aerodactyl||FocusSash|RockHead|Tailwind,RockSlide,Protect,DualWingbeat|Jolly||F|||50|]Charizard||CharizarditeY|Blaze|HeatWave,WeatherBall,Protect,SolarBeam|Timid||M|||50|]Incineroar||SitrusBerry|Intimidate|FakeOut,DarkestLariat,FlareBlitz,CloseCombat|Adamant||F|||50|]Metagross||Metagrossite|ClearBody|IronHead,PsychicFangs,BulletPunch,Earthquake|Jolly|||||50|
|showteam|p2|Gholdengo||MetalCoat|GoodasGold|Protect,MakeItRain,ShadowBall,NastyPlot|Modest|||||50|]Primarina||SitrusBerry|LiquidVoice|Protect,Moonblast,HyperVoice,CalmMind|Bold||M|||50|]Scovillain||Scovillainite|Moody|Protect,Overheat,GigaDrain,RagePowder|Bold||M|||50|]Meowstic||LightClay|Prankster|Reflect,LightScreen,Yawn,RainDance|Bold||M|||50|]Scrafty||Scraftinite|Intimidate|CloseCombat,KnockOff,Taunt,FakeOut|Impish||F|||50|]Archaludon||Leftovers|Stamina|Protect,DragonPulse,ElectroShot,AuraSphere|Calm||F|||50|
|inactive|Battle timer is ON: inactive players will automatically lose when time's up. (requested by 16 letters mimimi)
|
|t:|1783017333
|teamsize|p1|4
|teamsize|p2|4
|start
|switch|p1a: CORBUS|Archaludon, L50, M|100/100
|switch|p1b: ABRILE|Incineroar, L50, F|100/100
|switch|p2a: Meowstic|Meowstic, L50, M|100/100
|switch|p2b: Archaludon|Archaludon, L50, F|100/100
|-ability|p1b: ABRILE|Intimidate|boost
|-unboost|p2a: Meowstic|atk|1
|-unboost|p2b: Archaludon|atk|1
|turn|1
|
|t:|1783017356
|switch|p2a: Primarina|Primarina, L50, M|100/100
|move|p2b: Archaludon|Aura Sphere|p1b: ABRILE
|-supereffective|p1b: ABRILE|1
|-damage|p1b: ABRILE|52/100
|move|p1a: CORBUS|Electro Shot||[still]
|-prepare|p1a: CORBUS|Electro Shot
|-boost|p1a: CORBUS|spa|1
|move|p1b: ABRILE|Darkest Lariat|p2a: Primarina
|-resisted|p2a: Primarina|1
|-damage|p2a: Primarina|80/100
|
|upkeep
|turn|2
|
|t:|1783017372
|move|p2a: Primarina|Protect|p2a: Primarina
|-singleturn|p2a: Primarina|Protect
|move|p2b: Archaludon|Aura Sphere|p1a: CORBUS
|-supereffective|p1a: CORBUS|1
|-damage|p1a: CORBUS|51/100
|-ability|p1a: CORBUS|Stamina|boost
|-boost|p1a: CORBUS|def|1
|move|p1a: CORBUS|Electro Shot|p2a: Primarina|[from] lockedmove
|-activate|p2a: Primarina|move: Protect
|move|p1b: ABRILE|Close Combat|p2b: Archaludon
|-supereffective|p2b: Archaludon|1
|-damage|p2b: Archaludon|42/100
|-unboost|p1b: ABRILE|def|1
|-unboost|p1b: ABRILE|spd|1
|-ability|p2b: Archaludon|Stamina|boost
|-boost|p2b: Archaludon|def|1
|
|-heal|p2b: Archaludon|48/100|[from] item: Leftovers
|-heal|p1a: CORBUS|57/100|[from] item: Leftovers
|upkeep
|turn|3
|
|t:|1783017391
|move|p2b: Archaludon|Protect|p2b: Archaludon
|-singleturn|p2b: Archaludon|Protect
|move|p1a: CORBUS|Draco Meteor|p2b: Archaludon
|-activate|p2b: Archaludon|move: Protect
|move|p1b: ABRILE|Close Combat|p2b: Archaludon
|-activate|p2b: Archaludon|move: Protect
|move|p2a: Primarina|Calm Mind|p2a: Primarina
|-boost|p2a: Primarina|spa|1
|-boost|p2a: Primarina|spd|1
|
|-heal|p2b: Archaludon|54/100|[from] item: Leftovers
|-heal|p1a: CORBUS|63/100|[from] item: Leftovers
|upkeep
|turn|4
|
|t:|1783017412
|move|p2b: Archaludon|Aura Sphere|p1a: CORBUS
|-supereffective|p1a: CORBUS|1
|-damage|p1a: CORBUS|17/100
|-ability|p1a: CORBUS|Stamina|boost
|-boost|p1a: CORBUS|def|1
|move|p1a: CORBUS|Draco Meteor|p2b: Archaludon
|-crit|p2b: Archaludon
|-damage|p2b: Archaludon|0 fnt
|-unboost|p1a: CORBUS|spa|2
|faint|p2b: Archaludon
|move|p1b: ABRILE|Close Combat|p2a: Primarina
|-resisted|p2a: Primarina|1
|-damage|p2a: Primarina|62/100
|-unboost|p1b: ABRILE|def|1
|-unboost|p1b: ABRILE|spd|1
|move|p2a: Primarina|Hyper Voice|p1a: CORBUS|[spread] p1a,p1b
|-resisted|p1a: CORBUS|1
|-supereffective|p1b: ABRILE|1
|-damage|p1a: CORBUS|0 fnt
|-damage|p1b: ABRILE|0 fnt
|faint|p1a: CORBUS
|faint|p1b: ABRILE
|
|upkeep
|
|t:|1783017430
|switch|p2b: Meowstic|Meowstic, L50, M|100/100
|switch|p1a: FOXMER|Charizard, L50, M|100/100
|switch|p1b: ESTREO|Aerodactyl, L50, F|100/100
|turn|5
|
|t:|1783017445
|move|p1b: ESTREO|Protect|p1b: ESTREO
|-singleturn|p1b: ESTREO|Protect
|move|p1a: FOXMER|Protect|p1a: FOXMER
|-singleturn|p1a: FOXMER|Protect
|move|p2b: Meowstic|Rain Dance|p2b: Meowstic
|-weather|RainDance
|move|p2a: Primarina|Hyper Voice|p1a: FOXMER|[spread] 
|-activate|p1a: FOXMER|move: Protect
|-activate|p1b: ESTREO|move: Protect
|
|-weather|RainDance|[upkeep]
|upkeep
|turn|6
|
|t:|1783017456
|detailschange|p1a: FOXMER|Charizard-Mega-Y, L50, M
|-mega|p1a: FOXMER|Charizard|Charizardite Y
|-weather|SunnyDay|[from] ability: Drought|[of] p1a: FOXMER
|move|p2b: Meowstic|Rain Dance|p2b: Meowstic
|-weather|RainDance
|move|p1b: ESTREO|Rock Slide|p2b: Meowstic|[spread] p2a,p2b
|-crit|p2a: Primarina
|-damage|p2a: Primarina|29/100
|-damage|p2b: Meowstic|77/100
|-enditem|p2a: Primarina|Sitrus Berry|[eat]
|-heal|p2a: Primarina|54/100|[from] item: Sitrus Berry
|move|p1a: FOXMER|Solar Beam||[still]
|-prepare|p1a: FOXMER|Solar Beam
|move|p2a: Primarina|Hyper Voice|p1a: FOXMER|[spread] p1a,p1b
|-supereffective|p1a: FOXMER|1
|-supereffective|p1b: ESTREO|1
|-damage|p1a: FOXMER|0 fnt
|-enditem|p1b: ESTREO|Focus Sash
|-damage|p1b: ESTREO|1/100
|faint|p1a: FOXMER
|
|-weather|RainDance|[upkeep]
|upkeep
|turn|7
|
|t:|1783017474
|move|p2b: Meowstic|Yawn|p1b: ESTREO
|-start|p1b: ESTREO|move: Yawn|[of] p2b: Meowstic
|move|p1b: ESTREO|Rock Slide|p2a: Primarina|[spread] p2a
|-miss|p1b: ESTREO|p2b: Meowstic
|-crit|p2a: Primarina
|-damage|p2a: Primarina|20/100y
|move|p2a: Primarina|Hyper Voice|p1b: ESTREO
|-supereffective|p1b: ESTREO|1
|-damage|p1b: ESTREO|0 fnt
|faint|p1b: ESTREO
|
|win|16 letters mimimi
|c|☆16 letters mimimi|gg
|l|☆16 letters mimimi
|player|p2|
|l|☆adriel8888
|player|p1|
|j|☆16 letters mimimi
|player|p2|16 letters mimimi|rika|
