|j|☆Cozmoonshowdown
|j|☆zSasabinho
|html|CozmoonshowdownzSasabinho    
|uhtml|bestof|Game 2 of a best-of-3
|t:|1785277888
|gametype|doubles
|player|p1|Cozmoonshowdown|kieran-champion|1096
|player|p2|zSasabinho|nate|1040
|gen|9
|tier|[Gen 9 Champions] VGC 2026 Reg M-B (Bo3)
|rated|
|rule|Species Clause: Limit one of each Pokémon
|rule|Item Clause: Limit 1 of each item
|clearpoke
|poke|p1|Charizard, L50, F|
|poke|p1|Mawile, L50, F|
|poke|p1|Venusaur, L50, M, shiny|
|poke|p1|Farigiraf, L50, F, shiny|
|poke|p1|Torkoal, L50, M|
|poke|p1|Garchomp, L50, M, shiny|
|poke|p2|Blaziken, L50, F|
|poke|p2|Whimsicott, L50, F, shiny|
|poke|p2|Basculegion, L50, M|
|poke|p2|Venusaur, L50, M|
|poke|p2|Sylveon, L50, F|
|poke|p2|Kingambit, L50, M|
|teampreview|4
|showteam|p1|Charizard||CharizarditeY|Blaze|HeatWave,Protect,WeatherBall,SolarBeam|Modest||F|||50|]Mawile||Mawilite|HyperCutter|PlayRough,IronHead,Protect,BrickBreak|Brave||F|||50|]Venusaur||FocusSash|Chlorophyll|SleepPowder,EarthPower,GigaDrain,SludgeBomb|Modest||M|||50|]Farigiraf||ColburBerry|ArmorTail|Protect,TrickRoom,HyperVoice,Thunderbolt|Quiet||F|||50|]Torkoal||Charcoal|Drought|Protect,HelpingHand,HeatWave,BodyPress|Quiet||M|||50|]Garchomp||LifeOrb|RoughSkin|Protect,Earthquake,RockSlide,DragonClaw|Jolly||M|||50|
|showteam|p2|Blaziken||Blazikenite|SpeedBoost|CloseCombat,FlareBlitz,RockSlide,Detect|Adamant||F|||50|]Whimsicott||FocusSash|Prankster|Encore,Moonblast,Protect,Tailwind|Modest||F|||50|]Basculegion||MysticWater|Adaptability|WaveCrash,Protect,LastRespects,AquaJet|Adamant||M|||50|]Venusaur||Venusaurite|Overgrow|EarthPower,GigaDrain,SludgeBomb,Protect|Modest||M|||50|]Sylveon||FairyFeather|Pixilate|HyperVoice,Moonblast,Protect,QuickAttack|Modest||F|||50|]Kingambit||LifeOrb|Defiant|KowtowCleave,SuckerPunch,IronHead,Protect|Adamant||M|||50|
|inactive|Battle timer is ON: inactive players will automatically lose when time's up. (requested by Cozmoonshowdown)
|inactive|zSasabinho has 60 seconds left.
|
|t:|1785277919
|teamsize|p1|4
|teamsize|p2|4
|start
|switch|p1a: Garchomp|Garchomp, L50, M, shiny|100/100
|switch|p1b: Farigiraf|Farigiraf, L50, F, shiny|100/100
|switch|p2a: Blaziken|Blaziken, L50, F|100/100
|switch|p2b: Kingambit|Kingambit, L50, M|100/100
|turn|1
|inactive|zSasabinho has 30 seconds left.
|
|t:|1785277946
|switch|p2a: Whimsicott|Whimsicott, L50, F, shiny|100/100
|move|p1b: Farigiraf|Protect|p1b: Farigiraf
|-singleturn|p1b: Farigiraf|Protect
|move|p1a: Garchomp|Earthquake|p2b: Kingambit|[spread] p2a,p2b
|-activate|p1b: Farigiraf|move: Protect
|-resisted|p2a: Whimsicott|1
|-supereffective|p2b: Kingambit|1
|-damage|p2a: Whimsicott|59/100
|-damage|p2b: Kingambit|6/100
|-damage|p1a: Garchomp|90/100|[from] item: Life Orb
|move|p2b: Kingambit|Kowtow Cleave|p1b: Farigiraf
|-activate|p1b: Farigiraf|move: Protect
|
|upkeep
|turn|2
|inactive|Cozmoonshowdown has 30 seconds left.
|
|t:|1785277978
|move|p2b: Kingambit|Protect|p2b: Kingambit
|-singleturn|p2b: Kingambit|Protect
|move|p1a: Garchomp|Rock Slide|p2a: Whimsicott|[spread] p2a
|-activate|p2b: Kingambit|move: Protect
|-damage|p2a: Whimsicott|20/100y
|-damage|p1a: Garchomp|80/100|[from] item: Life Orb
|move|p2a: Whimsicott|Moonblast|p1a: Garchomp
|-supereffective|p1a: Garchomp|1
|-damage|p1a: Garchomp|0 fnt
|faint|p1a: Garchomp
|move|p1b: Farigiraf|Trick Room|p1b: Farigiraf
|-fieldstart|move: Trick Room|[of] p1b: Farigiraf
|
|upkeep
|
|t:|1785277986
|switch|p1a: Torkoal|Torkoal, L50, M|100/100
|-weather|SunnyDay|[from] ability: Drought|[of] p1a: Torkoal
|turn|3
|inactive|zSasabinho has 30 seconds left.
|inactive|zSasabinho has 20 seconds left.
|
|t:|1785278021
|move|p2a: Whimsicott|Protect|p2a: Whimsicott
|-singleturn|p2a: Whimsicott|Protect
|move|p1a: Torkoal|Heat Wave|p2b: Kingambit|[spread] p2b
|-activate|p2a: Whimsicott|move: Protect
|-supereffective|p2b: Kingambit|1
|-damage|p2b: Kingambit|0 fnt
|faint|p2b: Kingambit
|move|p1b: Farigiraf|Hyper Voice|p2a: Whimsicott
|-activate|p2a: Whimsicott|move: Protect
|
|-weather|SunnyDay|[upkeep]
|upkeep
|
|t:|1785278032
|switch|p2b: Basculegion|Basculegion, L50, M|100/100
|turn|4
|
|t:|1785278054
|move|p2a: Whimsicott|Protect||[still]
|-fail|p2a: Whimsicott
|move|p1a: Torkoal|Protect|p1a: Torkoal
|-singleturn|p1a: Torkoal|Protect
|move|p1b: Farigiraf|Thunderbolt|p2b: Basculegion
|-supereffective|p2b: Basculegion|1
|-damage|p2b: Basculegion|38/100
|move|p2b: Basculegion|Wave Crash|p1a: Torkoal
|-activate|p1a: Torkoal|move: Protect
|
|-weather|SunnyDay|[upkeep]
|upkeep
|turn|5
|
|t:|1785278067
|move|p1a: Torkoal|Helping Hand|p1b: Farigiraf
|-singleturn|p1b: Farigiraf|Helping Hand|[of] p1a: Torkoal
|move|p2a: Whimsicott|Protect|p2a: Whimsicott
|-singleturn|p2a: Whimsicott|Protect
|move|p2b: Basculegion|Protect|p2b: Basculegion
|-singleturn|p2b: Basculegion|Protect
|move|p1b: Farigiraf|Thunderbolt|p2b: Basculegion
|-activate|p2b: Basculegion|move: Protect
|
|-weather|SunnyDay|[upkeep]
|upkeep
|turn|6
|
|t:|1785278082
|switch|p2b: Blaziken|Blaziken, L50, F|100/100
|move|p2a: Whimsicott|Tailwind|p2a: Whimsicott
|-sidestart|p2: zSasabinho|move: Tailwind
|move|p1a: Torkoal|Heat Wave|p2b: Blaziken|[spread] p2a
|-miss|p1a: Torkoal|p2b: Blaziken
|-supereffective|p2a: Whimsicott|1
|-damage|p2a: Whimsicott|0 fnt
|faint|p2a: Whimsicott
|move|p1b: Farigiraf|Thunderbolt|p2b: Blaziken
|-damage|p2b: Blaziken|61/100
|
|-weather|SunnyDay|[upkeep]
|-fieldend|move: Trick Room
|upkeep
|
|t:|1785278093
|switch|p2a: Basculegion|Basculegion, L50, M|38/100
|turn|7
|
|t:|1785278113
|detailschange|p2b: Blaziken|Blaziken-Mega, L50, F
|-mega|p2b: Blaziken|Blaziken|Blazikenite
|move|p1a: Torkoal|Protect|p1a: Torkoal
|-singleturn|p1a: Torkoal|Protect
|move|p2b: Blaziken|Rock Slide|p1b: Farigiraf|[spread] 
|-activate|p1a: Torkoal|move: Protect
|-miss|p2b: Blaziken|p1b: Farigiraf
|move|p2a: Basculegion|Wave Crash|p1b: Farigiraf
|-damage|p1b: Farigiraf|53/100
|-damage|p2a: Basculegion|20/100y|[from] Recoil
|move|p1b: Farigiraf|Trick Room|p1b: Farigiraf
|-fieldstart|move: Trick Room|[of] p1b: Farigiraf
|
|-weather|none
|-ability|p2b: Blaziken|Speed Boost|boost
|-boost|p2b: Blaziken|spe|1
|upkeep
|turn|8
|-message|zSasabinho forfeited.
|
|win|Cozmoonshowdown
|raw|Cozmoonshowdown's rating: 1096 → 1118(+22 for winning)
|raw|zSasabinho's rating: 1040 → 1027(-13 for losing)
|l|☆zSasabinho
|player|p2|
