|j|☆thoming
|j|☆MugiwaraLux
|html|thomingMugiwaraLux    
|uhtml|bestof|Game 1 of a best-of-3
|t:|1785831704
|gametype|doubles
|player|p1|thoming|1|1322
|player|p2|MugiwaraLux|cynthia-masters4|1389
|gen|9
|tier|[Gen 9 Champions] VGC 2026 Reg M-B (Bo3)
|rated|
|rule|Species Clause: Limit one of each Pokémon
|rule|Item Clause: Limit 1 of each item
|clearpoke
|poke|p1|Glimmora, L50, M|
|poke|p1|Talonflame, L50, F|
|poke|p1|Ninetales-Alola, L50, F|
|poke|p1|Basculegion, L50, M|
|poke|p1|Kommo-o, L50, F|
|poke|p1|Kingambit, L50, M|
|poke|p2|Garchomp, L50, F|
|poke|p2|Venusaur, L50, M|
|poke|p2|Incineroar, L50, F|
|poke|p2|Charizard, L50, F|
|poke|p2|Toxapex, L50, F|
|poke|p2|Annihilape, L50, M|
|teampreview|4
|showteam|p1|Glimmora||Glimmoranite|ToxicDebris|SpikyShield,PowerGem,SludgeBomb,EarthPower|Modest||M|||50|]Talonflame||SharpBeak|GaleWings|BraveBird,WillOWisp,Tailwind,Protect|Jolly||F|||50|]Ninetales-Alola||NeverMeltIce|SnowWarning|Blizzard,FreezeDry,Encore,Protect|Timid||F|||50|]Basculegion||ChoiceScarf|Adaptability|WaveCrash,FlipTurn,LastRespects,AquaJet|Jolly||M|||50|]Kommo-o||LifeOrb|Soundproof|AuraSphere,ClangingScales,DracoMeteor,Protect|Modest||F|||50|]Kingambit||FocusSash|Defiant|LowKick,KowtowCleave,SuckerPunch,IronHead|Adamant||M|||50|
|showteam|p2|Garchomp||ChoiceScarf|RoughSkin|Earthquake,RockSlide,DragonClaw,StompingTantrum|Adamant||F|||50|]Venusaur||LifeOrb|Chlorophyll|SludgeBomb,LeafStorm,EarthPower,Protect|Modest||M|||50|]Incineroar||SitrusBerry|Intimidate|FakeOut,FlareBlitz,ThroatChop,PartingShot|Impish||F|||50|]Charizard||CharizarditeY|Blaze|HeatWave,WeatherBall,Protect,HelpingHand|Modest||F|||50|]Toxapex||Leftovers|Regenerator|Infestation,Toxic,WideGuard,BanefulBunker|Impish||F|||50|]Annihilape||FocusSash|Defiant|CloseCombat,PhantomForce,RockTomb,Protect|Jolly||M|||50|
|inactive|Battle timer is ON: inactive players will automatically lose when time's up. (requested by MugiwaraLux)
|inactive|thoming has 60 seconds left.
|inactive|MugiwaraLux has 60 seconds left.
|
|t:|1785831749
|teamsize|p1|4
|teamsize|p2|4
|start
|switch|p1a: Talonflame|Talonflame, L50, F|100/100
|switch|p1b: Ninetales|Ninetales-Alola, L50, F|100/100
|switch|p2a: Garchomp|Garchomp, L50, F|100/100
|switch|p2b: Incineroar|Incineroar, L50, F|100/100
|-weather|Snowscape|[from] ability: Snow Warning|[of] p1b: Ninetales
|-ability|p2b: Incineroar|Intimidate|boost
|-unboost|p1a: Talonflame|atk|1
|-unboost|p1b: Ninetales|atk|1
|turn|1
|
|t:|1785831766
|switch|p2a: Charizard|Charizard, L50, F|100/100
|switch|p1b: Basculegion|Basculegion, L50, M|100/100
|move|p2b: Incineroar|Fake Out|p1b: Basculegion
|-immune|p1b: Basculegion
|move|p1a: Talonflame|Will-O-Wisp|p2a: Charizard|[miss]
|-miss|p1a: Talonflame|p2a: Charizard
|
|-weather|Snowscape|[upkeep]
|upkeep
|turn|2
|
|t:|1785831793
|switch|p2b: Toxapex|Toxapex, L50, F|100/100
|detailschange|p2a: Charizard|Charizard-Mega-Y, L50, F
|-mega|p2a: Charizard|Charizard|Charizardite Y
|-weather|SunnyDay|[from] ability: Drought|[of] p2a: Charizard
|move|p1a: Talonflame|Tailwind|p1a: Talonflame
|-sidestart|p1: thoming|move: Tailwind
|move|p1b: Basculegion|Flip Turn|p2a: Charizard
|-supereffective|p2a: Charizard|1
|-damage|p2a: Charizard|57/100
|
|t:|1785831807
|switch|p1b: Ninetales|Ninetales-Alola, L50, F|100/100|[from] Flip Turn
|-weather|Snowscape|[from] ability: Snow Warning|[of] p1b: Ninetales
|move|p2a: Charizard|Heat Wave|p1b: Ninetales|[spread] p1a,p1b
|-resisted|p1a: Talonflame|1
|-supereffective|p1b: Ninetales|1
|-damage|p1a: Talonflame|74/100
|-damage|p1b: Ninetales|10/100
|
|-weather|Snowscape|[upkeep]
|upkeep
|turn|3
|
|t:|1785831822
|switch|p1b: Glimmora|Glimmora, L50, M|100/100
|switch|p2a: Incineroar|Incineroar, L50, F|100/100
|-ability|p2a: Incineroar|Intimidate|boost
|-unboost|p1a: Talonflame|atk|1
|-unboost|p1b: Glimmora|atk|1
|move|p2b: Toxapex|Baneful Bunker|p2b: Toxapex
|-singleturn|p2b: Toxapex|move: Protect
|move|p1a: Talonflame|Will-O-Wisp|p2b: Toxapex
|-activate|p2b: Toxapex|move: Protect
|
|-weather|Snowscape|[upkeep]
|upkeep
|turn|4
|
|t:|1785831845
|switch|p2b: Charizard|Charizard-Mega-Y, L50, F|57/100
|-weather|SunnyDay|[from] ability: Drought|[of] p2b: Charizard
|move|p1b: Glimmora|Spiky Shield|p1b: Glimmora
|-singleturn|p1b: Glimmora|move: Protect
|move|p2a: Incineroar|Fake Out|p1b: Glimmora
|-activate|p1b: Glimmora|move: Protect
|-damage|p2a: Incineroar|87/100|[from] Spiky Shield|[of] p1b: Glimmora
|move|p1a: Talonflame|Will-O-Wisp|p2b: Charizard|[miss]
|-miss|p1a: Talonflame|p2b: Charizard
|
|-weather|SunnyDay|[upkeep]
|upkeep
|turn|5
|
|t:|1785831860
|switch|p2a: Garchomp|Garchomp, L50, F|100/100
|detailschange|p1b: Glimmora|Glimmora-Mega, L50, M
|-mega|p1b: Glimmora|Glimmora|Glimmoranite
|move|p2b: Charizard|Protect|p2b: Charizard
|-singleturn|p2b: Charizard|Protect
|move|p1a: Talonflame|Brave Bird|p2b: Charizard
|-activate|p2b: Charizard|move: Protect
|move|p1b: Glimmora|Power Gem|p2a: Garchomp
|-resisted|p2a: Garchomp|1
|-damage|p2a: Garchomp|63/100
|
|-weather|SunnyDay|[upkeep]
|-sideend|p1: thoming|move: Tailwind
|upkeep
|turn|6
|
|t:|1785831881
|switch|p2b: Toxapex|Toxapex, L50, F|100/100
|move|p1a: Talonflame|Protect|p1a: Talonflame
|-singleturn|p1a: Talonflame|Protect
|move|p1b: Glimmora|Spiky Shield|p1b: Glimmora
|-singleturn|p1b: Glimmora|move: Protect
|move|p2a: Garchomp|Rock Slide|p1b: Glimmora|[spread] 
|-activate|p1a: Talonflame|move: Protect
|-activate|p1b: Glimmora|move: Protect
|
|-weather|SunnyDay|[upkeep]
|upkeep
|turn|7
|
|t:|1785831896
|switch|p1a: Basculegion|Basculegion, L50, M|100/100
|move|p2a: Garchomp|Rock Slide|p1a: Basculegion|[spread] p1a,p1b
|-damage|p1a: Basculegion|73/100
|-damage|p1b: Glimmora|79/100
|cant|p1b: Glimmora|flinch
|move|p2b: Toxapex|Infestation|p1b: Glimmora
|-resisted|p1b: Glimmora|1
|-damage|p1b: Glimmora|77/100
|-activate|p1b: Glimmora|move: Infestation|[of] p2b: Toxapex
|
|-weather|SunnyDay|[upkeep]
|-damage|p1b: Glimmora|66/100|[from] move: Infestation|[partiallytrapped]
|upkeep
|turn|8
|
|t:|1785831912
|move|p2a: Garchomp|Rock Slide|p1a: Basculegion|[spread] p1a,p1b
|-damage|p1a: Basculegion|49/100
|-damage|p1b: Glimmora|43/100
|move|p1a: Basculegion|Flip Turn|p2a: Garchomp
|-damage|p2a: Garchomp|46/100
|-damage|p1a: Basculegion|37/100|[from] ability: Rough Skin|[of] p2a: Garchomp
|
|t:|1785831922
|switch|p1a: Talonflame|Talonflame, L50, F|74/100|[from] Flip Turn
|cant|p1b: Glimmora|flinch
|move|p2b: Toxapex|Toxic|p1a: Talonflame
|-status|p1a: Talonflame|tox
|
|-weather|none
|-damage|p1a: Talonflame|68/100 tox|[from] psn
|-damage|p1b: Glimmora|31/100|[from] move: Infestation|[partiallytrapped]
|upkeep
|turn|9
|
|t:|1785831933
|move|p2a: Garchomp|Rock Slide|p1b: Glimmora|[spread] p1a,p1b
|-supereffective|p1a: Talonflame|2
|-damage|p1a: Talonflame|0 fnt
|-damage|p1b: Glimmora|8/100
|faint|p1a: Talonflame
|cant|p1b: Glimmora|flinch
|move|p2b: Toxapex|Infestation|p1b: Glimmora
|-resisted|p1b: Glimmora|1
|-crit|p1b: Glimmora
|-damage|p1b: Glimmora|6/100
|
|-damage|p1b: Glimmora|0 fnt|[from] move: Infestation|[partiallytrapped]
|faint|p1b: Glimmora
|upkeep
|
|t:|1785831939
|switch|p1a: Ninetales|Ninetales-Alola, L50, F|10/100
|switch|p1b: Basculegion|Basculegion, L50, M|37/100
|-weather|Snowscape|[from] ability: Snow Warning|[of] p1a: Ninetales
|turn|10
|c|☆MugiwaraLux|im sorry
|c|☆thoming|damn
|
|t:|1785831951
|switch|p2b: Charizard|Charizard-Mega-Y, L50, F|57/100
|-weather|SunnyDay|[from] ability: Drought|[of] p2b: Charizard
|move|p2a: Garchomp|Rock Slide|p1b: Basculegion|[spread] p1a,p1b
|-supereffective|p1a: Ninetales|1
|-damage|p1a: Ninetales|0 fnt
|-damage|p1b: Basculegion|13/100
|faint|p1a: Ninetales
|cant|p1b: Basculegion|flinch
|
|-weather|SunnyDay|[upkeep]
|upkeep
|turn|11
|c|☆thoming|haha
|
|t:|1785831966
|move|p1b: Basculegion|Aqua Jet|p2b: Charizard
|-supereffective|p2b: Charizard|1
|-damage|p2b: Charizard|32/100
|move|p2a: Garchomp|Rock Slide|p1b: Basculegion
|-damage|p1b: Basculegion|0 fnt
|faint|p1b: Basculegion
|
|win|MugiwaraLux
|c|☆MugiwaraLux|chomp wants it so ba
||MugiwaraLux is ready for game 2.
||thoming is ready for game 2.
|uhtml|next|Next: Game 2 of 3
