|j|☆lewibrad1098
|j|☆FireBoyJ
|html|lewibrad1098FireBoyJ    
|uhtml|bestof|Game 2 of a best-of-3
|t:|1784366532
|gametype|doubles
|player|p1|lewibrad1098|169|
|player|p2|FireBoyJ|2|
|gen|9
|tier|[Gen 9 Champions] VGC 2026 Reg M-B (Bo3)
|rule|Species Clause: Limit one of each Pokémon
|rule|Item Clause: Limit 1 of each item
|clearpoke
|poke|p1|Chesnaught, L50, F|
|poke|p1|Garganacl, L50, F|
|poke|p1|Trevenant, L50, F|
|poke|p1|Liepard, L50, F|
|poke|p1|Wyrdeer, L50, M|
|poke|p1|Malamar, L50, M|
|poke|p2|Manectric, L50, M|
|poke|p2|Liepard, L50, F|
|poke|p2|Floette-Eternal, L50, F|
|poke|p2|Serperior, L50, M|
|poke|p2|Tauros-Paldea-Aqua, L50, M|
|poke|p2|Gardevoir, L50, M|
|teampreview|4
|showteam|p1|Chesnaught||Chesnaughtite|Bulletproof|SpikyShield,DrainPunch,LeechSeed,BulkUp|Brave||F|||50|]Garganacl||Leftovers|PurifyingSalt|SaltCure,WideGuard,BodyPress,IronDefense|Sassy||F|||50|]Trevenant||SitrusBerry|Harvest|HornLeech,TrickRoom,Poltergeist,Protect|Brave||F|||50|]Liepard||FocusSash|Prankster|FakeOut,Taunt,Encore,Charm|Jolly||F|||50|]Wyrdeer||ColburBerry|Intimidate|TrickRoom,PsyshieldBash,Protect,Lunge|Relaxed||M|||50|]Malamar||RoseliBerry|Contrary|Superpower,Protect,KnockOff,PsychoCut|Brave||M|||50|
|showteam|p2|Manectric||Manectite|LightningRod|Thunderbolt,Snarl,VoltSwitch,Protect|Timid||M|||50|]Liepard||FocusSash|Prankster|KnockOff,FakeOut,Taunt,ThunderWave|Jolly||F|||50|]Floette-Eternal||Leftovers|FlowerVeil|Moonblast,DazzlingGleam,CalmMind,Protect|Modest||F|||50|]Serperior||LightClay|Contrary|LeafStorm,Glare,LightScreen,Reflect|Timid||M|||50|]Tauros-Paldea-Aqua||SitrusBerry|Intimidate|WaveCrash,CloseCombat,AquaJet,Protect|Adamant||M|||50|]Gardevoir||ChoiceScarf|Trace|Moonblast,Psyshock,IcyWind,DazzlingGleam|Modest||M|||50|
|inactive|Battle timer is ON: inactive players will automatically lose when time's up. (requested by lewibrad1098)
|inactive|FireBoyJ has 60 seconds left.
|
|t:|1784366594
|teamsize|p1|4
|teamsize|p2|4
|start
|switch|p1a: Mega Chesnaught|Chesnaught, L50, F|100/100
|switch|p1b: Malamar|Malamar, L50, M|100/100
|switch|p2a: Liepard|Liepard, L50, F|100/100
|switch|p2b: Tauros|Tauros-Paldea-Aqua, L50, M|100/100
|-ability|p2b: Tauros|Intimidate|boost
|-unboost|p1a: Mega Chesnaught|atk|1
|-boost|p1b: Malamar|atk|1
|turn|1
|inactive|FireBoyJ has 30 seconds left.
|
|t:|1784366624
|switch|p2b: Floette|Floette-Eternal, L50, F|100/100
|move|p2a: Liepard|Fake Out|p1b: Malamar
|-damage|p1b: Malamar|87/100
|cant|p1b: Malamar|flinch
|move|p1a: Mega Chesnaught|Drain Punch|p2a: Liepard
|-supereffective|p2a: Liepard|1
|-damage|p2a: Liepard|6/100
|
|upkeep
|turn|2
|inactive|FireBoyJ has 30 seconds left.
|
|t:|1784366659
|switch|p2a: Gardevoir|Gardevoir, L50, M|100/100
|-ability|p2a: Gardevoir|Bulletproof|Trace|[from] ability: Trace|[of] p1a: Mega Chesnaught
|move|p2b: Floette|Calm Mind|p2b: Floette
|-boost|p2b: Floette|spa|1
|-boost|p2b: Floette|spd|1
|move|p1b: Malamar|Psycho Cut|p2b: Floette
|-damage|p2b: Floette|56/100
|move|p1a: Mega Chesnaught|Leech Seed|p2b: Floette
|-start|p2b: Floette|move: Leech Seed
|
|-heal|p2b: Floette|62/100|[from] item: Leftovers
|-damage|p2b: Floette|50/100g|[from] Leech Seed|[of] p1a: Mega Chesnaught
|upkeep
|turn|3
|inactive|FireBoyJ has 30 seconds left.
|inactive|FireBoyJ has 20 seconds left.
|inactive|FireBoyJ has 15 seconds left.
|
|t:|1784366701
|switch|p1a: Garganacl|Garganacl, L50, F|100/100
|move|p2a: Gardevoir|Psyshock|p1a: Garganacl
|-crit|p1a: Garganacl
|-damage|p1a: Garganacl|53/100
|move|p2b: Floette|Dazzling Gleam|p1b: Malamar|[spread] p1a,p1b
|-supereffective|p1b: Malamar|1
|-enditem|p1b: Malamar|Roseli Berry|[eat]
|-enditem|p1b: Malamar|Roseli Berry|[weaken]
|-damage|p1a: Garganacl|8/100
|-damage|p1b: Malamar|32/100
|move|p1b: Malamar|Knock Off|p2b: Floette
|-resisted|p2b: Floette|1
|-crit|p2b: Floette
|-damage|p2b: Floette|6/100
|-enditem|p2b: Floette|Leftovers|[from] move: Knock Off|[of] p1b: Malamar
|
|-heal|p1a: Garganacl|13/100|[from] item: Leftovers
|-damage|p2b: Floette|0 fnt|[from] Leech Seed|[of] p1a: Garganacl
|-heal|p1a: Garganacl|20/100r|[silent]
|faint|p2b: Floette
|upkeep
|
|t:|1784366723
|switch|p2b: Tauros|Tauros-Paldea-Aqua, L50, M|100/100
|-ability|p2b: Tauros|Intimidate|boost
|-unboost|p1a: Garganacl|atk|1
|-boost|p1b: Malamar|atk|1
|turn|4
|
|t:|1784366740
|move|p1a: Garganacl|Wide Guard|p1a: Garganacl
|-singleturn|p1a: Garganacl|Wide Guard
|move|p2a: Gardevoir|Psyshock|p1a: Garganacl
|-crit|p1a: Garganacl
|-damage|p1a: Garganacl|0 fnt
|faint|p1a: Garganacl
|move|p2b: Tauros|Wave Crash|p1b: Malamar
|-damage|p1b: Malamar|0 fnt
|faint|p1b: Malamar
|-damage|p2b: Tauros|90/100|[from] Recoil
|
|upkeep
|
|t:|1784366745
|switch|p1b: Trevenant|Trevenant, L50, F|100/100
|switch|p1a: Mega Chesnaught|Chesnaught, L50, F|100/100
|turn|5
|inactive|FireBoyJ has 30 seconds left.
|
|t:|1784366773
|move|p1a: Mega Chesnaught|Spiky Shield|p1a: Mega Chesnaught
|-singleturn|p1a: Mega Chesnaught|move: Protect
|move|p2a: Gardevoir|Psyshock|p1b: Trevenant
|-damage|p1b: Trevenant|45/100
|-enditem|p1b: Trevenant|Sitrus Berry|[eat]
|-heal|p1b: Trevenant|70/100|[from] item: Sitrus Berry
|move|p2b: Tauros|Wave Crash|p1b: Trevenant
|-resisted|p1b: Trevenant|1
|-damage|p1b: Trevenant|30/100
|-damage|p2b: Tauros|79/100|[from] Recoil
|move|p1b: Trevenant|Trick Room|p1b: Trevenant
|-fieldstart|move: Trick Room|[of] p1b: Trevenant
|
|upkeep
|turn|6
|inactive|FireBoyJ has 30 seconds left.
|
|t:|1784366805
|switch|p2a: Liepard|Liepard, L50, F|6/100
|move|p1b: Trevenant|Poltergeist|p2a: Liepard
|-activate|p2a: Liepard|move: Poltergeist|Focus Sash
|-resisted|p2a: Liepard|1
|-damage|p2a: Liepard|0 fnt
|faint|p2a: Liepard
|move|p1a: Mega Chesnaught|Bulk Up|p1a: Mega Chesnaught
|-boost|p1a: Mega Chesnaught|atk|1
|-boost|p1a: Mega Chesnaught|def|1
|move|p2b: Tauros|Wave Crash|p1b: Trevenant
|-resisted|p1b: Trevenant|1
|-damage|p1b: Trevenant|0 fnt
|faint|p1b: Trevenant
|-damage|p2b: Tauros|70/100|[from] Recoil
|
|upkeep
|
|t:|1784366819
|switch|p2a: Gardevoir|Gardevoir, L50, M|100/100
|-ability|p2a: Gardevoir|Bulletproof|Trace|[from] ability: Trace|[of] p1a: Mega Chesnaught
|turn|7
|
|t:|1784366842
|move|p1a: Mega Chesnaught|Leech Seed|p2a: Gardevoir
|-start|p2a: Gardevoir|move: Leech Seed
|move|p2b: Tauros|Close Combat|p1a: Mega Chesnaught
|-damage|p1a: Mega Chesnaught|68/100
|-unboost|p2b: Tauros|def|1
|-unboost|p2b: Tauros|spd|1
|move|p2a: Gardevoir|Dazzling Gleam|p1a: Mega Chesnaught
|-supereffective|p1a: Mega Chesnaught|1
|-damage|p1a: Mega Chesnaught|0 fnt
|faint|p1a: Mega Chesnaught
|
|win|FireBoyJ
|c|☆FireBoyJ|gg
|c|☆lewibrad1098|Gg
|c|☆lewibrad1098|That gave me some ideas so thanks for that, you wanna run it again or was it 1 and done
|l|☆lewibrad1098
|player|p1|
|n|☆FireBoyJ|fireboyj
