|j|☆iceshard00
|j|☆megalohgockex
|html|iceshard00megalohgockex    
|uhtml|bestof|Game 1 of a best-of-3
|t:|1756648835
|gametype|doubles
|player|p1|iceshard00|lucas|1108
|player|p2|megalohgockex|1|1041
|gen|9
|tier|[Gen 9] VGC 2025 Reg H (Bo3)
|rated|
|rule|Species Clause: Limit one of each Pokémon
|rule|Item Clause: Limit 1 of each item
|clearpoke
|poke|p1|Ninetales-Alola, L50, F|
|poke|p1|Baxcalibur, L50, F|
|poke|p1|Empoleon, L50, F|
|poke|p1|Volcarona, L50, F|
|poke|p1|Talonflame, L50, M|
|poke|p1|Rillaboom, L50, M|
|poke|p2|Pelipper, L50, F|
|poke|p2|Basculegion, L50, M|
|poke|p2|Archaludon, L50, F|
|poke|p2|Amoonguss, L50, F|
|poke|p2|Incineroar, L50, F|
|poke|p2|Kingambit, L50, F|
|teampreview|4
|showteam|p1|Ninetales-Alola||LightClay|SnowWarning|Blizzard,IcyWind,AuroraVeil,HelpingHand|||F|||50|,,,,,Water]Baxcalibur||ClearAmulet|ThermalExchange|IcicleCrash,GlaiveRush,HighHorsepower,Protect|||F|||50|,,,,,Fire]Empoleon||Leftovers|Competitive|WaterPledge,FlashCannon,Haze,Protect|||F|||50|,,,,,Fairy]Volcarona||SitrusBerry|FlameBody|HeatWave,GigaDrain,QuiverDance,Protect|||F|||50|,,,,,Grass]Talonflame||CovertCloak|GaleWings|DualWingbeat,FlareBlitz,Tailwind,Taunt|||M|||50|,,,,,Stellar]Rillaboom||AssaultVest|GrassySurge|WoodHammer,GrassyGlide,FakeOut,HighHorsepower|||M|||50|,,,,,Fire
|showteam|p2|Pelipper||FocusSash|Drizzle|Hurricane,WeatherBall,Tailwind,Protect|||F|||50|,,,,,Stellar]Basculegion||ChoiceBand|SwiftSwim|WaveCrash,FlipTurn,AquaJet,LastRespects|||M|||50|,,,,,Water]Archaludon||AssaultVest|Stamina|ElectroShot,DracoMeteor,FlashCannon,BodyPress|||F|||50|,,,,,Grass]Amoonguss||SitrusBerry|Regenerator|Spore,RagePowder,PollenPuff,Protect|||F|||50|,,,,,Fairy]Incineroar||SafetyGoggles|Intimidate|FakeOut,KnockOff,FlareBlitz,PartingShot|||F|||50|,,,,,Ghost]Kingambit||BlackGlasses|Defiant|KowtowCleave,SuckerPunch,SwordsDance,Protect|||F|||50|,,,,,Dark
|inactive|Battle timer is ON: inactive players will automatically lose when time's up. (requested by megalohgockex)
|
|t:|1756648890
|teamsize|p1|4
|teamsize|p2|4
|start
|switch|p1a: Empoleon|Empoleon, L50, F, shiny|100/100
|switch|p1b: Rillaboom|Rillaboom, L50, M|100/100
|switch|p2a: Incineroar|Incineroar, L50, F, shiny|100/100
|switch|p2b: Kingambit|Kingambit, L50, F|100/100
|-fieldstart|move: Grassy Terrain|[from] ability: Grassy Surge|[of] p1b: Rillaboom
|-ability|p2a: Incineroar|Intimidate|boost
|-unboost|p1a: Empoleon|atk|1
|-ability|p1a: Empoleon|Competitive|boost
|-boost|p1a: Empoleon|spa|2
|-unboost|p1b: Rillaboom|atk|1
|turn|1
|inactive|iceshard00 has 30 seconds left.
|inactive|megalohgockex has 30 seconds left.
|inactive|iceshard00 has 20 seconds left.
|inactive|megalohgockex has 20 seconds left.
|inactive|megalohgockex has 15 seconds left.
|
|t:|1756648932
|move|p2b: Kingambit|Protect|p2b: Kingambit
|-singleturn|p2b: Kingambit|Protect
|move|p1b: Rillaboom|Fake Out|p2b: Kingambit
|-activate|p2b: Kingambit|move: Protect
|move|p2a: Incineroar|Fake Out|p1a: Empoleon
|-resisted|p1a: Empoleon
|-damage|p1a: Empoleon|96/100
|cant|p1a: Empoleon|flinch
|
|-heal|p1a: Empoleon|100/100|[from] Grassy Terrain
|upkeep
|turn|2
|
|t:|1756648952
|-terastallize|p2b: Kingambit|Dark
|move|p2b: Kingambit|Sucker Punch|p1a: Empoleon
|-damage|p1a: Empoleon|36/100
|move|p1b: Rillaboom|High Horsepower|p2b: Kingambit
|-damage|p2b: Kingambit|85/100
|move|p1a: Empoleon|Water Pledge|p2a: Incineroar
|-supereffective|p2a: Incineroar
|-damage|p2a: Incineroar|0 fnt
|faint|p2a: Incineroar
|
|-heal|p1a: Empoleon|41/100|[from] Grassy Terrain
|-heal|p1a: Empoleon|47/100|[from] item: Leftovers
|-heal|p2b: Kingambit|91/100|[from] Grassy Terrain
|upkeep
|
|t:|1756648959
|switch|p2a: Archaludon|Archaludon, L50, F, shiny|100/100
|turn|3
|inactive|iceshard00 has 30 seconds left.
|inactive|megalohgockex has 30 seconds left.
|inactive|iceshard00 has 20 seconds left.
|
|t:|1756648995
|move|p1a: Empoleon|Protect|p1a: Empoleon
|-singleturn|p1a: Empoleon|Protect
|move|p2a: Archaludon|Body Press|p1a: Empoleon
|-activate|p1a: Empoleon|move: Protect
|move|p1b: Rillaboom|High Horsepower|p2a: Archaludon
|-supereffective|p2a: Archaludon
|-damage|p2a: Archaludon|69/100
|-ability|p2a: Archaludon|Stamina|boost
|-boost|p2a: Archaludon|def|1
|move|p2b: Kingambit|Swords Dance|p2b: Kingambit
|-boost|p2b: Kingambit|atk|2
|
|-heal|p2a: Archaludon|75/100|[from] Grassy Terrain
|-heal|p1a: Empoleon|53/100|[from] Grassy Terrain
|-heal|p1a: Empoleon|59/100|[from] item: Leftovers
|-heal|p2b: Kingambit|97/100|[from] Grassy Terrain
|upkeep
|turn|4
|inactive|iceshard00 has 30 seconds left.
|inactive|iceshard00 has 20 seconds left.
|inactive|megalohgockex has 30 seconds left.
|inactive|iceshard00 has 15 seconds left.
|inactive|iceshard00 has 10 seconds left.
|inactive|iceshard00 has 5 seconds left.
|inactive|megalohgockex has 20 seconds left.
|
|t:|1756649053
|-terastallize|p1a: Empoleon|Fairy
|move|p2b: Kingambit|Protect|p2b: Kingambit
|-singleturn|p2b: Kingambit|Protect
|move|p2a: Archaludon|Electro Shot||[still]
|-prepare|p2a: Archaludon|Electro Shot
|-boost|p2a: Archaludon|spa|1
|move|p1b: Rillaboom|High Horsepower|p2a: Archaludon
|-supereffective|p2a: Archaludon
|-damage|p2a: Archaludon|55/100
|-ability|p2a: Archaludon|Stamina|boost
|-boost|p2a: Archaludon|def|1
|move|p1a: Empoleon|Water Pledge|p2b: Kingambit
|-activate|p2b: Kingambit|move: Protect
|
|-heal|p2a: Archaludon|61/100|[from] Grassy Terrain
|-heal|p1a: Empoleon|64/100|[from] Grassy Terrain
|-heal|p1a: Empoleon|70/100|[from] item: Leftovers
|-heal|p2b: Kingambit|100/100|[from] Grassy Terrain
|upkeep
|turn|5
|inactive|iceshard00 has 30 seconds left.
|
|t:|1756649082
|switch|p1b: Talonflame|Talonflame, L50, M|100/100
|move|p2b: Kingambit|Sucker Punch||[still]
|-fail|p2b: Kingambit
|move|p2a: Archaludon|Electro Shot|p1a: Empoleon|[from] lockedmove
|-damage|p1a: Empoleon|11/100
|move|p1a: Empoleon|Haze|p1a: Empoleon
|-clearallboost
|
|-heal|p2a: Archaludon|67/100|[from] Grassy Terrain
|-heal|p1a: Empoleon|17/100|[from] Grassy Terrain
|-heal|p1a: Empoleon|22/100|[from] item: Leftovers
|-fieldend|move: Grassy Terrain
|upkeep
|turn|6
|inactive|megalohgockex has 30 seconds left.
|
|t:|1756649111
|switch|p2b: Pelipper|Pelipper, L50, F|100/100
|-weather|RainDance|[from] ability: Drizzle|[of] p2b: Pelipper
|move|p1a: Empoleon|Protect|p1a: Empoleon
|-singleturn|p1a: Empoleon|Protect
|move|p1b: Talonflame|Flare Blitz|p2a: Archaludon
|-damage|p2a: Archaludon|51/100
|-ability|p2a: Archaludon|Stamina|boost
|-boost|p2a: Archaludon|def|1
|-damage|p1b: Talonflame|94/100|[from] Recoil
|move|p2a: Archaludon|Electro Shot||[still]
|-prepare|p2a: Archaludon|Electro Shot
|-boost|p2a: Archaludon|spa|1
|-anim|p2a: Archaludon|Electro Shot|p1b: Talonflame
|-supereffective|p1b: Talonflame
|-damage|p1b: Talonflame|0 fnt
|faint|p1b: Talonflame
|
|-weather|RainDance|[upkeep]
|-heal|p1a: Empoleon|28/100|[from] item: Leftovers
|upkeep
|
|t:|1756649129
|switch|p1b: Ninetales|Ninetales-Alola, L50, F|100/100
|-weather|Snowscape|[from] ability: Snow Warning|[of] p1b: Ninetales
|turn|7
|
|t:|1756649150
|switch|p2b: Kingambit|Kingambit, L50, F, tera:Dark|100/100
|switch|p1a: Rillaboom|Rillaboom, L50, M|100/100
|-fieldstart|move: Grassy Terrain|[from] ability: Grassy Surge|[of] p1a: Rillaboom
|move|p1b: Ninetales|Aurora Veil|p1b: Ninetales
|-sidestart|p1: iceshard00|move: Aurora Veil
|move|p2a: Archaludon|Flash Cannon|p1a: Rillaboom
|-damage|p1a: Rillaboom|75/100
|-unboost|p1a: Rillaboom|spd|1
|
|-weather|Snowscape|[upkeep]
|-heal|p2a: Archaludon|57/100|[from] Grassy Terrain
|-heal|p1a: Rillaboom|81/100|[from] Grassy Terrain
|upkeep
|turn|8
|inactive|iceshard00 has 30 seconds left.
|inactive|megalohgockex has 30 seconds left.
|inactive|megalohgockex has 20 seconds left.
|
|t:|1756649187
|move|p2b: Kingambit|Protect|p2b: Kingambit
|-singleturn|p2b: Kingambit|Protect
|move|p1a: Rillaboom|Fake Out|p2b: Kingambit
|-activate|p2b: Kingambit|move: Protect
|move|p1b: Ninetales|Blizzard|p2a: Archaludon|[spread] p2a
|-activate|p2b: Kingambit|move: Protect
|-damage|p2a: Archaludon|40/100
|-ability|p2a: Archaludon|Stamina|boost
|-boost|p2a: Archaludon|def|1
|move|p2a: Archaludon|Flash Cannon|p1b: Ninetales
|-supereffective|p1b: Ninetales
|-damage|p1b: Ninetales|0 fnt
|faint|p1b: Ninetales
|
|-weather|Snowscape|[upkeep]
|-heal|p2a: Archaludon|46/100|[from] Grassy Terrain
|-heal|p1a: Rillaboom|86/100|[from] Grassy Terrain
|upkeep
|
|t:|1756649201
|switch|p1b: Empoleon|Empoleon, L50, F, shiny, tera:Fairy|28/100
|turn|9
|
|t:|1756649212
|move|p1b: Empoleon|Protect|p1b: Empoleon
|-singleturn|p1b: Empoleon|Protect
|move|p2a: Archaludon|Flash Cannon|p1b: Empoleon
|-activate|p1b: Empoleon|move: Protect
|move|p1a: Rillaboom|High Horsepower|p2a: Archaludon
|-supereffective|p2a: Archaludon
|-damage|p2a: Archaludon|24/100
|-ability|p2a: Archaludon|Stamina|boost
|-boost|p2a: Archaludon|def|1
|move|p2b: Kingambit|Swords Dance|p2b: Kingambit
|-boost|p2b: Kingambit|atk|2
|
|-weather|Snowscape|[upkeep]
|-heal|p2a: Archaludon|30/100|[from] Grassy Terrain
|-heal|p1a: Rillaboom|92/100|[from] Grassy Terrain
|-heal|p1b: Empoleon|34/100|[from] Grassy Terrain
|-heal|p1b: Empoleon|40/100|[from] item: Leftovers
|upkeep
|turn|10
|inactive|iceshard00 has 30 seconds left.
|inactive|iceshard00 has 20 seconds left.
|
|t:|1756649247
|move|p1b: Empoleon|Protect||[still]
|-fail|p1b: Empoleon
|move|p2b: Kingambit|Sucker Punch|p1a: Rillaboom
|-damage|p1a: Rillaboom|9/100
|move|p2a: Archaludon|Flash Cannon|p1b: Empoleon
|-supereffective|p1b: Empoleon
|-damage|p1b: Empoleon|0 fnt
|faint|p1b: Empoleon
|move|p1a: Rillaboom|High Horsepower|p2a: Archaludon
|-supereffective|p2a: Archaludon
|-damage|p2a: Archaludon|9/100
|-ability|p2a: Archaludon|Stamina|boost
|-boost|p2a: Archaludon|def|1
|
|-weather|Snowscape|[upkeep]
|-heal|p2a: Archaludon|15/100|[from] Grassy Terrain
|-heal|p1a: Rillaboom|15/100|[from] Grassy Terrain
|upkeep
|turn|11
|
|t:|1756649262
|move|p1a: Rillaboom|Grassy Glide|p2a: Archaludon
|-resisted|p2a: Archaludon
|-damage|p2a: Archaludon|13/100
|-ability|p2a: Archaludon|Stamina|boost
|-boost|p2a: Archaludon|def|1
|move|p2a: Archaludon|Flash Cannon|p1a: Rillaboom
|-damage|p1a: Rillaboom|0 fnt
|faint|p1a: Rillaboom
|
|win|megalohgockex
||megalohgockex is ready for game 2.
|inactive|iceshard00 has 30 seconds to confirm battle start!
||iceshard00 is ready for game 2.
|uhtml|next|Next: Game 2 of 3
