|j|☆poison mouse
|j|☆caverna1
|html|poison mousecaverna1    
|uhtml|bestof|Game 3 of a best-of-3
|t:|1784731013
|gametype|doubles
|player|p1|poison mouse|tate|1139
|player|p2|caverna1|boarder|1146
|gen|9
|tier|[Gen 9 Champions] VGC 2026 Reg M-B (Bo3)
|rated|
|rule|Species Clause: Limit one of each Pokémon
|rule|Item Clause: Limit 1 of each item
|clearpoke
|poke|p1|Sneasler, L50, F|
|poke|p1|Kingambit, L50, F|
|poke|p1|Incineroar, L50, F|
|poke|p1|Floette-Eternal, L50, F|
|poke|p1|Sinistcha, L50|
|poke|p1|Delphox, L50, M, shiny|
|poke|p2|Sableye, L50, M|
|poke|p2|Charizard, L50, F|
|poke|p2|Venusaur, L50, M|
|poke|p2|Kleavor, L50, M, shiny|
|poke|p2|Gyarados, L50, F|
|poke|p2|Gallade, L50, M|
|teampreview|4
|showteam|p1|Sneasler||FocusSash|PoisonTouch|QuickGuard,FakeOut,CloseCombat,DireClaw|Jolly||F|||50|]Kingambit||BlackGlasses|Defiant|Protect,SwordsDance,SuckerPunch,KowtowCleave|Adamant||F|||50|]Incineroar||SitrusBerry|Intimidate|FakeOut,PartingShot,FlareBlitz,ThroatChop|Impish||F|||50|]Floette-Eternal||Floettite|FlowerVeil|Protect,CalmMind,Moonblast,DazzlingGleam|Modest||F|||50|]Sinistcha||OccaBerry|Hospitality|Protect,MatchaGotcha,TrickRoom,RagePowder|Bold|||||50|]Delphox||Delphoxite|Blaze|Protect,HeatWave,Psyshock,NastyPlot|Timid||M|||50|
|showteam|p2|Sableye||LightClay|Prankster|FoulPlay,SunnyDay,LightScreen,Reflect|Bold||M|||50|]Charizard||CharizarditeY|Blaze|Overheat,HeatWave,HelpingHand,Protect|Modest||F|||50|]Venusaur||LifeOrb|Chlorophyll|SolarBeam,SludgeBomb,EarthPower,Protect|Modest||M|||50|]Kleavor||ChoiceScarf|Sharpness|XScissor,StoneAxe,BrickBreak,Uturn|Adamant||M|||50|]Gyarados||Gyaradosite|Intimidate|Earthquake,Waterfall,LashOut,Protect|Jolly||F|||50|]Gallade||FocusSash|Sharpness|Protect,PsychoCut,SacredSword,LeafBlade|Adamant||M|||50|
|inactive|Battle timer is ON: inactive players will automatically lose when time's up. (requested by caverna1)
|
|t:|1784731038
|teamsize|p1|4
|teamsize|p2|4
|start
|switch|p1a: Floette|Floette-Eternal, L50, F|100/100
|switch|p1b: Incineroar|Incineroar, L50, F|100/100
|switch|p2a: Sableye|Sableye, L50, M|100/100
|switch|p2b: Gallade|Gallade, L50, M|100/100
|-ability|p1b: Incineroar|Intimidate|boost
|-unboost|p2a: Sableye|atk|1
|-unboost|p2b: Gallade|atk|1
|turn|1
|inactive|caverna1 has 30 seconds left.
|
|t:|1784731073
|detailschange|p1a: Floette|Floette-Mega, L50, F
|-mega|p1a: Floette|Floette|Floettite
|-ability|p1a: Floette|Fairy Aura
|move|p2b: Gallade|Protect|p2b: Gallade
|-singleturn|p2b: Gallade|Protect
|move|p1b: Incineroar|Fake Out|p2b: Gallade
|-activate|p2b: Gallade|move: Protect
|move|p2a: Sableye|Light Screen|p2a: Sableye
|-sidestart|p2: caverna1|move: Light Screen
|move|p1a: Floette|Calm Mind|p1a: Floette
|-boost|p1a: Floette|spa|1
|-boost|p1a: Floette|spd|1
|
|upkeep
|turn|2
|inactive|caverna1 has 30 seconds left.
|
|t:|1784731107
|switch|p1b: Sinistcha|Sinistcha, L50|100/100
|move|p1a: Floette|Protect|p1a: Floette
|-singleturn|p1a: Floette|Protect
|move|p2a: Sableye|Reflect|p2a: Sableye
|-sidestart|p2: caverna1|Reflect
|move|p2b: Gallade|Sacred Sword|p1b: Sinistcha
|-immune|p1b: Sinistcha
|
|upkeep
|turn|3
|inactive|caverna1 has 30 seconds left.
|
|t:|1784731135
|move|p1b: Sinistcha|Rage Powder|p1b: Sinistcha
|-singleturn|p1b: Sinistcha|move: Rage Powder
|move|p1a: Floette|Dazzling Gleam|p2b: Gallade|[spread] p2a,p2b
|-supereffective|p2a: Sableye|1
|-supereffective|p2b: Gallade|1
|-damage|p2a: Sableye|0 fnt
|-enditem|p2b: Gallade|Focus Sash
|-damage|p2b: Gallade|1/100
|faint|p2a: Sableye
|move|p2b: Gallade|Psycho Cut|p1b: Sinistcha
|-damage|p1b: Sinistcha|71/100
|
|upkeep
|inactive|caverna1 has 30 seconds left.
|
|t:|1784731168
|switch|p2a: Gyarados|Gyarados, L50, F|100/100
|-ability|p2a: Gyarados|Intimidate|boost
|-unboost|p1a: Floette|atk|1
|-unboost|p1b: Sinistcha|atk|1
|turn|4
|
|t:|1784731184
|detailschange|p2a: Gyarados|Gyarados-Mega, L50, F
|-mega|p2a: Gyarados|Gyarados|Gyaradosite
|-ability|p2a: Gyarados|Mold Breaker
|move|p2b: Gallade|Protect|p2b: Gallade
|-singleturn|p2b: Gallade|Protect
|move|p1b: Sinistcha|Rage Powder|p1b: Sinistcha
|-singleturn|p1b: Sinistcha|move: Rage Powder
|move|p1a: Floette|Dazzling Gleam|p2b: Gallade|[spread] p2a
|-activate|p2b: Gallade|move: Protect
|-supereffective|p2a: Gyarados|1
|-damage|p2a: Gyarados|24/100
|move|p2a: Gyarados|Earthquake|p1a: Floette|[spread] p1a,p1b
|-activate|p2b: Gallade|move: Protect
|-resisted|p1b: Sinistcha|1
|-damage|p1a: Floette|66/100
|-damage|p1b: Sinistcha|60/100
|
|upkeep
|turn|5
|inactive|caverna1 has 30 seconds left.
|inactive|caverna1 has 20 seconds left.
|
|t:|1784731223
|move|p2a: Gyarados|Protect|p2a: Gyarados
|-singleturn|p2a: Gyarados|Protect
|move|p1b: Sinistcha|Rage Powder|p1b: Sinistcha
|-singleturn|p1b: Sinistcha|move: Rage Powder
|move|p1a: Floette|Dazzling Gleam|p2b: Gallade|[spread] p2b
|-activate|p2a: Gyarados|move: Protect
|-supereffective|p2b: Gallade|1
|-damage|p2b: Gallade|0 fnt
|faint|p2b: Gallade
|
|upkeep
|
|t:|1784731233
|switch|p2b: Kleavor|Kleavor, L50, M, shiny|100/100
|turn|6
|inactive|caverna1 has 30 seconds left.
|
|t:|1784731262
|move|p1b: Sinistcha|Rage Powder|p1b: Sinistcha
|-singleturn|p1b: Sinistcha|move: Rage Powder
|move|p2b: Kleavor|Stone Axe|p1b: Sinistcha|[miss]
|-miss|p2b: Kleavor|p1b: Sinistcha
|move|p1a: Floette|Dazzling Gleam|p2a: Gyarados|[spread] p2a,p2b
|-supereffective|p2a: Gyarados|1
|-damage|p2a: Gyarados|0 fnt
|-damage|p2b: Kleavor|31/100
|faint|p2a: Gyarados
|
|upkeep
|turn|7
|
|t:|1784731273
|move|p1b: Sinistcha|Rage Powder|p1b: Sinistcha
|-singleturn|p1b: Sinistcha|move: Rage Powder
|move|p2b: Kleavor|Stone Axe|p1b: Sinistcha
|-damage|p1b: Sinistcha|17/100
|-sidestart|p1: poison mouse|move: Stealth Rock
|move|p1a: Floette|Moonblast|p2b: Kleavor
|-damage|p2b: Kleavor|0 fnt
|faint|p2b: Kleavor
|
|win|poison mouse
|raw|poison mouse's rating: 1139 → 1165(+26 for winning)
|raw|caverna1's rating: 1146 → 1120(-26 for losing)
|l|☆poison mouse
|player|p1|
