|j|☆Nonnyvibrant
|j|☆Umbreon DX
|html|NonnyvibrantUmbreon DX    
|uhtml|bestof|Game 2 of a best-of-3
|t:|1784892065
|gametype|doubles
|player|p1|Nonnyvibrant|1|1000
|player|p2|Umbreon DX|shadowtriad|1000
|gen|9
|tier|[Gen 9 Champions] VGC 2026 Reg M-B (Bo3)
|rated|
|rule|Species Clause: Limit one of each Pokémon
|rule|Item Clause: Limit 1 of each item
|clearpoke
|poke|p1|Froslass, L50, F|
|poke|p1|Blaziken, L50, F, shiny|
|poke|p1|Kingambit, L50, M, shiny|
|poke|p1|Garchomp, L50, M|
|poke|p1|Whimsicott, L50, F|
|poke|p1|Primarina, L50, F|
|poke|p2|Delphox, L50, F|
|poke|p2|Sinistcha, L50|
|poke|p2|Metagross, L50|
|poke|p2|Whimsicott, L50, F|
|poke|p2|Basculegion, L50, M|
|poke|p2|Raichu, L50, M|
|teampreview|4
|showteam|p1|Froslass||Froslassite|CursedBody|Blizzard,ShadowBall,AuroraVeil,Protect|Modest||F|||50|]Blaziken||Blazikenite|SpeedBoost|CloseCombat,FlareBlitz,RockSlide,Protect|Adamant||F|||50|]Kingambit||OccaBerry|Defiant|KowtowCleave,Protect,IronHead,SuckerPunch|Adamant||M|||50|]Garchomp||LifeOrb|RoughSkin|RockSlide,Earthquake,StompingTantrum,Protect|Adamant||M|||50|]Whimsicott||FairyFeather|Prankster|Protect,Tailwind,Encore,Moonblast|Bold||F|||50|]Primarina||SitrusBerry|LiquidVoice|HyperVoice,Moonblast,CalmMind,Protect|Modest||F|||50|
|showteam|p2|Delphox||Delphoxite|Magician|HeatWave,Psychic,Protect,NastyPlot|Timid||F|||50|]Sinistcha||SitrusBerry|Hospitality|RagePowder,StrengthSap,MatchaGotcha,TrickRoom|Bold|||||50|]Metagross||ChoiceScarf|ClearBody|IcePunch,Earthquake,RockSlide,IronHead|Adamant|||||50|]Whimsicott||FocusSash|Prankster|LightScreen,Tailwind,Protect,Moonblast|Timid||F|||50|]Basculegion||LifeOrb|Adaptability|LastRespects,WaveCrash,AquaJet,Protect|Adamant||M|||50|]Raichu||RaichuniteY|LightningRod|ZapCannon,FocusBlast,FakeOut,Protect|Modest||M|||50|
|inactive|Battle timer is ON: inactive players will automatically lose when time's up. (requested by Nonnyvibrant)
|
|t:|1784892099
|teamsize|p1|4
|teamsize|p2|4
|start
|switch|p1a: Blaziken|Blaziken, L50, F, shiny|100/100
|switch|p1b: Whimsicott|Whimsicott, L50, F|100/100
|switch|p2a: Basculegion|Basculegion, L50, M|100/100
|switch|p2b: Whimsicott|Whimsicott, L50, F|100/100
|turn|1
|inactive|Nonnyvibrant has 30 seconds left.
|inactive|Umbreon DX has 30 seconds left.
|
|t:|1784892131
|detailschange|p1a: Blaziken|Blaziken-Mega, L50, F, shiny
|-mega|p1a: Blaziken|Blaziken|Blazikenite
|move|p1a: Blaziken|Protect|p1a: Blaziken
|-singleturn|p1a: Blaziken|Protect
|move|p2b: Whimsicott|Tailwind|p2b: Whimsicott
|-sidestart|p2: Umbreon DX|move: Tailwind
|move|p1b: Whimsicott|Encore|p2b: Whimsicott
|-start|p2b: Whimsicott|Encore
|move|p2a: Basculegion|Wave Crash|p1b: Whimsicott
|-resisted|p1b: Whimsicott|1
|-damage|p1b: Whimsicott|50/100g
|-damage|p2a: Basculegion|86/100|[from] Recoil
|-damage|p2a: Basculegion|76/100|[from] item: Life Orb
|
|-ability|p1a: Blaziken|Speed Boost|boost
|-boost|p1a: Blaziken|spe|1
|upkeep
|turn|2
|inactive|Nonnyvibrant has 30 seconds left.
|inactive|Nonnyvibrant has 20 seconds left.
|
|t:|1784892169
|switch|p2b: Metagross|Metagross, L50|100/100
|switch|p1a: Kingambit|Kingambit, L50, M, shiny|100/100
|move|p2a: Basculegion|Wave Crash|p1a: Kingambit
|-damage|p1a: Kingambit|26/100
|-damage|p2a: Basculegion|52/100|[from] Recoil
|-damage|p2a: Basculegion|42/100|[from] item: Life Orb
|move|p1b: Whimsicott|Moonblast|p2a: Basculegion
|-damage|p2a: Basculegion|2/100
|-unboost|p2a: Basculegion|spa|1
|
|upkeep
|turn|3
|
|t:|1784892190
|switch|p2a: Whimsicott|Whimsicott, L50, F|100/100
|move|p1a: Kingambit|Protect|p1a: Kingambit
|-singleturn|p1a: Kingambit|Protect
|move|p1b: Whimsicott|Tailwind|p1b: Whimsicott
|-sidestart|p1: Nonnyvibrant|move: Tailwind
|move|p2b: Metagross|Iron Head|p1b: Whimsicott
|-supereffective|p1b: Whimsicott|1
|-damage|p1b: Whimsicott|0 fnt
|faint|p1b: Whimsicott
|
|upkeep
|
|t:|1784892201
|switch|p1b: Blaziken|Blaziken-Mega, L50, F, shiny|100/100
|turn|4
|inactive|Umbreon DX has 30 seconds left.
|
|t:|1784892228
|switch|p2b: Basculegion|Basculegion, L50, M|2/100
|move|p2a: Whimsicott|Protect|p2a: Whimsicott
|-singleturn|p2a: Whimsicott|Protect
|move|p1b: Blaziken|Protect|p1b: Blaziken
|-singleturn|p1b: Blaziken|Protect
|move|p1a: Kingambit|Protect||[still]
|-fail|p1a: Kingambit
|
|-sideend|p2: Umbreon DX|move: Tailwind
|-ability|p1b: Blaziken|Speed Boost|boost
|-boost|p1b: Blaziken|spe|1
|upkeep
|turn|5
|
|t:|1784892246
|move|p2a: Whimsicott|Tailwind|p2a: Whimsicott
|-sidestart|p2: Umbreon DX|move: Tailwind
|move|p2b: Basculegion|Aqua Jet|p1b: Blaziken
|-supereffective|p1b: Blaziken|1
|-damage|p1b: Blaziken|3/100
|-damage|p2b: Basculegion|0 fnt|[from] item: Life Orb
|faint|p2b: Basculegion
|move|p1a: Kingambit|Sucker Punch||[still]
|-fail|p1a: Kingambit
|move|p1b: Blaziken|Flare Blitz|p2a: Whimsicott
|-supereffective|p2a: Whimsicott|1
|-enditem|p2a: Whimsicott|Focus Sash
|-damage|p2a: Whimsicott|1/100
|-damage|p1b: Blaziken|0 fnt|[from] Recoil
|faint|p1b: Blaziken
|
|upkeep
|
|t:|1784892263
|switch|p1b: Garchomp|Garchomp, L50, M|100/100
|switch|p2b: Metagross|Metagross, L50|100/100
|turn|6
|
|t:|1784892278
|move|p1a: Kingambit|Sucker Punch|p2b: Metagross
|-supereffective|p2b: Metagross|1
|-damage|p2b: Metagross|22/100
|move|p2a: Whimsicott|Moonblast|p1b: Garchomp
|-supereffective|p1b: Garchomp|1
|-damage|p1b: Garchomp|32/100
|move|p2b: Metagross|Earthquake|p1b: Garchomp|[spread] p2a,p1a,p1b
|-resisted|p2a: Whimsicott|1
|-supereffective|p1a: Kingambit|1
|-damage|p2a: Whimsicott|0 fnt
|-damage|p1a: Kingambit|0 fnt
|-damage|p1b: Garchomp|6/100
|faint|p2a: Whimsicott
|faint|p1a: Kingambit
|move|p1b: Garchomp|Rock Slide|p2b: Metagross|[miss]
|-miss|p1b: Garchomp|p2b: Metagross
|
|-sideend|p1: Nonnyvibrant|move: Tailwind
|upkeep
|
|t:|1784892294
|switch|p2a: Raichu|Raichu, L50, M|100/100
|turn|7
|-message|Nonnyvibrant forfeited.
|
|win|Umbreon DX
