|j|☆elderen17
|j|☆master 792
|html|elderen17master 792    
|uhtml|bestof|Game 2 of a best-of-3
|t:|1756584654
|gametype|doubles
|player|p1|elderen17|pokemonbreeder-gen4|1118
|player|p2|master 792|red|1224
|gen|9
|tier|[Gen 9] VGC 2025 Reg H (Bo3)
|rated|
|rule|Species Clause: Limit one of each Pokémon
|rule|Item Clause: Limit 1 of each item
|clearpoke
|poke|p1|Dragonite, L50, M|
|poke|p1|Amoonguss, L50, M|
|poke|p1|Ursaluna-Bloodmoon, L50, M|
|poke|p1|Gholdengo, L50|
|poke|p1|Indeedee, L50, M|
|poke|p1|Sneasler, L50, M|
|poke|p2|Volcarona, L50, F|
|poke|p2|Kingambit, L50, M|
|poke|p2|Rillaboom, L50, M|
|poke|p2|Electabuzz, L50, M|
|poke|p2|Sneasler, L50, M|
|poke|p2|Dragonite, L50, F|
|teampreview|4
|showteam|p1|Dragonite||LoadedDice|InnerFocus|ScaleShot,Haze,Tailwind,Protect|||M|||50|,,,,,Fairy]Amoonguss||SitrusBerry|Regenerator|Spore,RagePowder,Protect,PollenPuff|||M|||50|,,,,,Water]Ursaluna-Bloodmoon||LifeOrb|MindsEye|HyperVoice,BloodMoon,EarthPower,Protect|||M|||50|,,,,,Normal]Gholdengo||Leftovers|GoodasGold|MakeItRain,ShadowBall,NastyPlot,Protect||||||50|,,,,,Water]Indeedee||FocusSash|PsychicSurge|TrickRoom,Imprison,ExpandingForce,TeraBlast|||M|||50|,,,,,Fighting]Sneasler||PsychicSeed|Unburden|DireClaw,CloseCombat,ThroatChop,Protect|||M|||50|,,,,,Dark
|showteam|p2|Volcarona||CovertCloak|FlameBody|Protect,HeatWave,TeraBlast,QuiverDance|||F|||50|,,,,,Fairy]Kingambit||BlackGlasses|Defiant|Protect,KowtowCleave,SuckerPunch,SwordsDance|||M|||50|,,,,,Dark]Rillaboom||AssaultVest|GrassySurge|WoodHammer,GrassyGlide,HighHorsepower,FakeOut|||M|||50|,,,,,Fire]Electabuzz||Eviolite|VitalSpirit|Protect,Thunderbolt,Taunt,FollowMe|||M|||50|,,,,,Ghost]Sneasler||FocusSash|Unburden|CloseCombat,DireClaw,Coaching,FakeOut|||M|||50|,,,,,Stellar]Dragonite||LoadedDice|Multiscale|ScaleShot,ExtremeSpeed,Haze,Protect|||F|||50|,,,,,Fairy
|inactive|Battle timer is ON: inactive players will automatically lose when time's up. (requested by elderen17)
|
|t:|1756584679
|teamsize|p1|4
|teamsize|p2|4
|start
|switch|p1a: Dragonite|Dragonite, L50, M|100/100
|switch|p1b: Sneasler|Sneasler, L50, M|100/100
|switch|p2a: Motrha|Volcarona, L50, F, shiny|100/100
|switch|p2b: Ozzi|Electabuzz, L50, M, shiny|100/100
|turn|1
|
|t:|1756584691
|switch|p1a: Indeedee|Indeedee, L50, M|100/100
|-fieldstart|move: Psychic Terrain|[from] ability: Psychic Surge|[of] p1a: Indeedee
|-enditem|p1b: Sneasler|Psychic Seed
|-boost|p1b: Sneasler|spd|1|[from] item: Psychic Seed
|-terastallize|p2b: Ozzi|Ghost
|move|p1b: Sneasler|Dire Claw|p2a: Motrha
|-damage|p2a: Motrha|45/100
|move|p2b: Ozzi|Taunt|p1a: Indeedee
|-start|p1a: Indeedee|move: Taunt
|move|p2a: Motrha|Quiver Dance|p2a: Motrha
|-boost|p2a: Motrha|spa|1
|-boost|p2a: Motrha|spd|1
|-boost|p2a: Motrha|spe|1
|
|upkeep
|turn|2
|
|t:|1756584715
|switch|p2b: Limonathor|Rillaboom, L50, M, shiny|100/100
|-fieldstart|move: Grassy Terrain|[from] ability: Grassy Surge|[of] p2b: Limonathor
|move|p2a: Motrha|Protect|p2a: Motrha
|-singleturn|p2a: Motrha|Protect
|move|p1b: Sneasler|Dire Claw|p2a: Motrha
|-activate|p2a: Motrha|move: Protect
|move|p1a: Indeedee|Expanding Force|p2b: Limonathor
|-damage|p2b: Limonathor|74/100
|
|-heal|p2a: Motrha|52/100|[from] Grassy Terrain
|-heal|p2b: Limonathor|80/100|[from] Grassy Terrain
|upkeep
|turn|3
|
|t:|1756584730
|switch|p1a: Dragonite|Dragonite, L50, M|100/100
|move|p1b: Sneasler|Protect|p1b: Sneasler
|-singleturn|p1b: Sneasler|Protect
|move|p2b: Limonathor|Grassy Glide|p1a: Dragonite
|-resisted|p1a: Dragonite
|-damage|p1a: Dragonite|90/100
|move|p2a: Motrha|Heat Wave|p1a: Dragonite|[spread] p1a
|-activate|p1b: Sneasler|move: Protect
|-resisted|p1a: Dragonite
|-damage|p1a: Dragonite|62/100
|
|-heal|p2a: Motrha|58/100|[from] Grassy Terrain
|-heal|p2b: Limonathor|86/100|[from] Grassy Terrain
|upkeep
|turn|4
|
|t:|1756584745
|move|p1b: Sneasler|Dire Claw|p2a: Motrha
|-damage|p2a: Motrha|3/100
|move|p2a: Motrha|Heat Wave|p1a: Dragonite|[spread] p1a,p1b
|-resisted|p1a: Dragonite
|-damage|p1a: Dragonite|35/100
|-damage|p1b: Sneasler|49/100
|move|p1a: Dragonite|Tailwind|p1a: Dragonite
|-sidestart|p1: elderen17|move: Tailwind
|move|p2b: Limonathor|High Horsepower|p1b: Sneasler
|-supereffective|p1b: Sneasler
|-damage|p1b: Sneasler|0 fnt
|faint|p1b: Sneasler
|
|-heal|p2a: Motrha|9/100|[from] Grassy Terrain
|-heal|p2b: Limonathor|91/100|[from] Grassy Terrain
|upkeep
|
|t:|1756584756
|switch|p1b: Indeedee|Indeedee, L50, M|100/100
|-fieldstart|move: Psychic Terrain|[from] ability: Psychic Surge|[of] p1b: Indeedee
|turn|5
|
|t:|1756584765
|switch|p2b: Ozzi|Electabuzz, L50, M, shiny, tera:Ghost|100/100
|move|p2a: Motrha|Protect|p2a: Motrha
|-singleturn|p2a: Motrha|Protect
|move|p1b: Indeedee|Expanding Force|p2a: Motrha|[spread] p2b
|-activate|p2a: Motrha|move: Protect
|-damage|p2b: Ozzi|61/100
|move|p1a: Dragonite|Scale Shot|p2b: Ozzi
|-damage|p2b: Ozzi|48/100
|-damage|p2b: Ozzi|36/100
|-damage|p2b: Ozzi|24/100
|-damage|p2b: Ozzi|11/100
|-crit|p2b: Ozzi
|-damage|p2b: Ozzi|0 fnt
|faint|p2b: Ozzi
|-hitcount|p2: Ozzi|5
|-unboost|p1a: Dragonite|def|1
|-boost|p1a: Dragonite|spe|1
|
|upkeep
|
|t:|1756584768
|switch|p2b: Limonathor|Rillaboom, L50, M, shiny|91/100
|-fieldstart|move: Grassy Terrain|[from] ability: Grassy Surge|[of] p2b: Limonathor
|turn|6
|inactive|elderen17 has 30 seconds left.
|
|t:|1756584798
|move|p2b: Limonathor|Fake Out|p1b: Indeedee
|-damage|p1b: Indeedee|70/100
|move|p1a: Dragonite|Scale Shot|p2b: Limonathor
|-damage|p2b: Limonathor|78/100
|-damage|p2b: Limonathor|63/100
|-crit|p2b: Limonathor
|-damage|p2b: Limonathor|41/100
|-damage|p2b: Limonathor|28/100
|-damage|p2b: Limonathor|13/100
|-hitcount|p2b: Limonathor|5
|-unboost|p1a: Dragonite|def|1
|-boost|p1a: Dragonite|spe|1
|cant|p1b: Indeedee|flinch
|move|p2a: Motrha|Heat Wave|p1b: Indeedee|[spread] p1a
|-miss|p2a: Motrha|p1b: Indeedee
|-resisted|p1a: Dragonite
|-damage|p1a: Dragonite|6/100
|
|-heal|p1b: Indeedee|76/100|[from] Grassy Terrain
|-heal|p2a: Motrha|16/100|[from] Grassy Terrain
|-heal|p2b: Limonathor|19/100|[from] Grassy Terrain
|upkeep
|turn|7
|
|t:|1756584822
|move|p1a: Dragonite|Protect|p1a: Dragonite
|-singleturn|p1a: Dragonite|Protect
|move|p2a: Motrha|Protect|p2a: Motrha
|-singleturn|p2a: Motrha|Protect
|move|p2b: Limonathor|Grassy Glide|p1a: Dragonite
|-activate|p1a: Dragonite|move: Protect
|move|p1b: Indeedee|Expanding Force|p2a: Motrha
|-activate|p2a: Motrha|move: Protect
|
|-heal|p1b: Indeedee|82/100|[from] Grassy Terrain
|-heal|p2a: Motrha|22/100|[from] Grassy Terrain
|-heal|p2b: Limonathor|25/100|[from] Grassy Terrain
|-sideend|p1: elderen17|move: Tailwind
|upkeep
|turn|8
|
|t:|1756584846
|move|p2b: Limonathor|Grassy Glide|p1a: Dragonite
|-resisted|p1a: Dragonite
|-damage|p1a: Dragonite|0 fnt
|faint|p1a: Dragonite
|move|p2a: Motrha|Heat Wave|p1b: Indeedee
|-damage|p1b: Indeedee|0 fnt
|faint|p1b: Indeedee
|
|-heal|p2a: Motrha|28/100|[from] Grassy Terrain
|-heal|p2b: Limonathor|30/100|[from] Grassy Terrain
|upkeep
|
|t:|1756584850
|switch|p1b: Ursaluna|Ursaluna-Bloodmoon, L50, M|100/100
|turn|9
|
|t:|1756584857
|-terastallize|p1b: Ursaluna|Normal
|move|p2b: Limonathor|Grassy Glide|p1b: Ursaluna
|-damage|p1b: Ursaluna|75/100
|move|p2a: Motrha|Heat Wave|p1b: Ursaluna
|-damage|p1b: Ursaluna|0 fnt
|faint|p1b: Ursaluna
|
|win|master 792
||elderen17 is ready for game 3.
||master 792 is ready for game 3.
|uhtml|next|Next: Game 3 of 3
|l|☆master 792
|player|p2|
