|j|☆palle synchro
|j|☆sadnessvgc
|html|palle synchrosadnessvgc    
|uhtml|bestof|Game 1 of a best-of-3
|t:|1784969172
|gametype|doubles
|player|p1|palle synchro|volkner|1401
|player|p2|sadnessvgc|lucas|1375
|gen|9
|tier|[Gen 9 Champions] VGC 2026 Reg M-B (Bo3)
|rated|
|rule|Species Clause: Limit one of each Pokémon
|rule|Item Clause: Limit 1 of each item
|clearpoke
|poke|p1|Pelipper, L50, F|
|poke|p1|Archaludon, L50, F|
|poke|p1|Venusaur, L50, F|
|poke|p1|Maushold, L50|
|poke|p1|Gholdengo, L50|
|poke|p1|Basculegion, L50, M|
|poke|p2|Floette-Eternal, L50, F|
|poke|p2|Sinistcha, L50, shiny|
|poke|p2|Sneasler, L50, F, shiny|
|poke|p2|Incineroar, L50, M, shiny|
|poke|p2|Garchomp, L50, F, shiny|
|poke|p2|Kingambit, L50, M, shiny|
|teampreview|4
|showteam|p1|Pelipper||SitrusBerry|Drizzle|WeatherBall,Hurricane,Tailwind,Protect|Modest||F|||50|]Archaludon||Leftovers|Stamina|ElectroShot,DragonPulse,FlashCannon,Protect|Modest||F|||50|]Venusaur||Venusaurite|Chlorophyll|GigaDrain,EarthPower,SludgeBomb,Protect|Modest||F|||50|]Maushold||FocusSash|FriendGuard|SuperFang,RainDance,FollowMe,Protect|Timid|||||50|]Gholdengo||LifeOrb|GoodasGold|MakeItRain,ShadowBall,NastyPlot,Protect|Timid|||||50|]Basculegion||ChoiceScarf|Adaptability|WaveCrash,LastRespects,FlipTurn,AquaJet|Jolly||M|||50|
|showteam|p2|Floette-Eternal||Floettite|FlowerVeil|DazzlingGleam,DrainingKiss,Protect,CalmMind|Timid||F|||50|]Sinistcha||SitrusBerry|Hospitality|MatchaGotcha,Protect,TrickRoom,RagePowder|Bold|||||50|]Sneasler||FocusSash|Unburden|DireClaw,FakeOut,CloseCombat,Coaching|Naive||F|||50|]Incineroar||Leftovers|Intimidate|FlareBlitz,FakeOut,PartingShot,HelpingHand|Sassy||M|||50|]Garchomp||Garchompite|RoughSkin|Earthquake,StompingTantrum,RockSlide,Protect|Adamant||F|||50|]Kingambit||ChopleBerry|Defiant|KowtowCleave,SuckerPunch,IronHead,Protect|Adamant||M|||50|
|inactive|Battle timer is ON: inactive players will automatically lose when time's up. (requested by sadnessvgc)
|inactive|palle synchro also wants the timer to be on.
|inactive|palle synchro has 60 seconds left.
|inactive|sadnessvgc has 60 seconds left.
|
|t:|1784969207
|teamsize|p1|4
|teamsize|p2|4
|start
|switch|p1a: Basculegion|Basculegion, L50, M|100/100
|switch|p1b: Pelipper|Pelipper, L50, F|100/100
|switch|p2a: Sneasler|Sneasler, L50, F, shiny|100/100
|switch|p2b: Garchomp|Garchomp, L50, F, shiny|100/100
|-weather|RainDance|[from] ability: Drizzle|[of] p1b: Pelipper
|turn|1
|
|t:|1784969220
|switch|p1b: Archaludon|Archaludon, L50, F|100/100
|detailschange|p2b: Garchomp|Garchomp-Mega, L50, F, shiny
|-mega|p2b: Garchomp|Garchomp|Garchompite
|move|p1a: Basculegion|Wave Crash|p2b: Garchomp
|-damage|p2b: Garchomp|12/100
|-damage|p1a: Basculegion|70/100|[from] Recoil
|move|p2a: Sneasler|Coaching|p2b: Garchomp
|-boost|p2b: Garchomp|atk|1
|-boost|p2b: Garchomp|def|1
|move|p2b: Garchomp|Rock Slide|p1a: Basculegion|[spread] p1b
|-miss|p2b: Garchomp|p1a: Basculegion
|-resisted|p1b: Archaludon|1
|-damage|p1b: Archaludon|85/100
|-ability|p1b: Archaludon|Stamina|boost
|-boost|p1b: Archaludon|def|1
|
|-weather|RainDance|[upkeep]
|-heal|p1b: Archaludon|91/100|[from] item: Leftovers
|upkeep
|turn|2
|
|t:|1784969237
|switch|p2a: Sinistcha|Sinistcha, L50, shiny|100/100
|-heal|p2b: Garchomp|36/100|[from] ability: Hospitality|[of] p2a: Sinistcha
|move|p2b: Garchomp|Protect|p2b: Garchomp
|-singleturn|p2b: Garchomp|Protect
|move|p1a: Basculegion|Wave Crash|p2b: Garchomp
|-activate|p2b: Garchomp|move: Protect
|move|p1b: Archaludon|Electro Shot||[still]
|-prepare|p1b: Archaludon|Electro Shot
|-boost|p1b: Archaludon|spa|1
|-anim|p1b: Archaludon|Electro Shot|p2a: Sinistcha
|-resisted|p2a: Sinistcha|1
|-damage|p2a: Sinistcha|67/100
|
|-weather|RainDance|[upkeep]
|-heal|p1b: Archaludon|97/100|[from] item: Leftovers
|upkeep
|turn|3
|
|t:|1784969259
|switch|p1a: Pelipper|Pelipper, L50, F|100/100
|move|p1b: Archaludon|Protect|p1b: Archaludon
|-singleturn|p1b: Archaludon|Protect
|move|p2a: Sinistcha|Rage Powder|p2a: Sinistcha
|-singleturn|p2a: Sinistcha|move: Rage Powder
|move|p2b: Garchomp|Stomping Tantrum|p1b: Archaludon
|-activate|p1b: Archaludon|move: Protect
|
|-weather|RainDance|[upkeep]
|-heal|p1b: Archaludon|100/100|[from] item: Leftovers
|upkeep
|turn|4
|
|t:|1784969274
|switch|p2a: Incineroar|Incineroar, L50, M, shiny|100/100
|-ability|p2a: Incineroar|Intimidate|boost
|-unboost|p1a: Pelipper|atk|1
|-unboost|p1b: Archaludon|atk|1
|move|p2b: Garchomp|Protect|p2b: Garchomp
|-singleturn|p2b: Garchomp|Protect
|move|p1b: Archaludon|Dragon Pulse|p2b: Garchomp
|-activate|p2b: Garchomp|move: Protect
|move|p1a: Pelipper|Hurricane|p2b: Garchomp
|-activate|p2b: Garchomp|move: Protect
|
|-weather|RainDance|[upkeep]
|upkeep
|turn|5
|inactive|sadnessvgc has 30 seconds left.
|
|t:|1784969308
|switch|p2a: Sinistcha|Sinistcha, L50, shiny|67/100
|-heal|p2b: Garchomp|61/100|[from] ability: Hospitality|[of] p2a: Sinistcha
|move|p2b: Garchomp|Earthquake|p1a: Pelipper|[spread] p2a,p1b
|-immune|p1a: Pelipper
|-resisted|p2a: Sinistcha|1
|-supereffective|p1b: Archaludon|1
|-damage|p2a: Sinistcha|38/100
|-damage|p1b: Archaludon|31/100
|-ability|p1b: Archaludon|Stamina|boost
|-boost|p1b: Archaludon|def|1
|-enditem|p2a: Sinistcha|Sitrus Berry|[eat]
|-heal|p2a: Sinistcha|63/100|[from] item: Sitrus Berry
|move|p1b: Archaludon|Dragon Pulse|p2b: Garchomp
|-supereffective|p2b: Garchomp|1
|-damage|p2b: Garchomp|0 fnt
|faint|p2b: Garchomp
|move|p1a: Pelipper|Tailwind|p1a: Pelipper
|-sidestart|p1: palle synchro|move: Tailwind
|
|-weather|none
|-heal|p1b: Archaludon|37/100|[from] item: Leftovers
|upkeep
|
|t:|1784969322
|switch|p2b: Sneasler|Sneasler, L50, F, shiny|100/100
|turn|6
|
|t:|1784969334
|switch|p1a: Gholdengo|Gholdengo, L50|100/100
|move|p1b: Archaludon|Protect|p1b: Archaludon
|-singleturn|p1b: Archaludon|Protect
|move|p2b: Sneasler|Close Combat|p1b: Archaludon
|-activate|p1b: Archaludon|move: Protect
|move|p2a: Sinistcha|Trick Room|p2a: Sinistcha
|-fieldstart|move: Trick Room|[of] p2a: Sinistcha
|
|-heal|p1b: Archaludon|43/100|[from] item: Leftovers
|upkeep
|turn|7
|
|t:|1784969351
|switch|p2a: Incineroar|Incineroar, L50, M, shiny|100/100
|-ability|p2a: Incineroar|Intimidate|boost
|-unboost|p1a: Gholdengo|atk|1
|-unboost|p1b: Archaludon|atk|1
|move|p2b: Sneasler|Close Combat|p1b: Archaludon
|-supereffective|p1b: Archaludon|1
|-damage|p1b: Archaludon|0 fnt
|-unboost|p2b: Sneasler|def|1
|-unboost|p2b: Sneasler|spd|1
|faint|p1b: Archaludon
|move|p1a: Gholdengo|Nasty Plot|p1a: Gholdengo
|-boost|p1a: Gholdengo|spa|2
|
|upkeep
|
|t:|1784969361
|switch|p1b: Pelipper|Pelipper, L50, F|100/100
|-weather|RainDance|[from] ability: Drizzle|[of] p1b: Pelipper
|turn|8
|
|t:|1784969371
|move|p1b: Pelipper|Protect|p1b: Pelipper
|-singleturn|p1b: Pelipper|Protect
|move|p1a: Gholdengo|Protect|p1a: Gholdengo
|-singleturn|p1a: Gholdengo|Protect
|move|p2a: Incineroar|Flare Blitz|p1a: Gholdengo
|-activate|p1a: Gholdengo|move: Protect
|move|p2b: Sneasler|Coaching|p2a: Incineroar
|-boost|p2a: Incineroar|atk|1
|-boost|p2a: Incineroar|def|1
|
|-weather|RainDance|[upkeep]
|-sideend|p1: palle synchro|move: Tailwind
|upkeep
|turn|9
|inactive|sadnessvgc has 30 seconds left.
|
|t:|1784969396
|move|p2a: Incineroar|Flare Blitz|p1a: Gholdengo
|-supereffective|p1a: Gholdengo|1
|-damage|p1a: Gholdengo|22/100
|-damage|p2a: Incineroar|77/100|[from] Recoil
|move|p1b: Pelipper|Weather Ball|p2a: Incineroar
|-supereffective|p2a: Incineroar|1
|-damage|p2a: Incineroar|0 fnt
|faint|p2a: Incineroar
|move|p1a: Gholdengo|Make It Rain|p2b: Sneasler
|-enditem|p2b: Sneasler|Focus Sash
|-damage|p2b: Sneasler|1/100
|-unboost|p1a: Gholdengo|spa|2
|-damage|p1a: Gholdengo|13/100|[from] item: Life Orb
|move|p2b: Sneasler|Dire Claw|p1b: Pelipper
|-damage|p1b: Pelipper|56/100
|
|-weather|RainDance|[upkeep]
|upkeep
|
|t:|1784969404
|switch|p2a: Sinistcha|Sinistcha, L50, shiny|63/100
|-heal|p2b: Sneasler|25/100|[from] ability: Hospitality|[of] p2a: Sinistcha
|turn|10
|
|t:|1784969410
|move|p1a: Gholdengo|Protect|p1a: Gholdengo
|-singleturn|p1a: Gholdengo|Protect
|move|p2a: Sinistcha|Matcha Gotcha|p1b: Pelipper|[spread] p1b
|-activate|p1a: Gholdengo|move: Protect
|-damage|p1b: Pelipper|25/100
|-heal|p2a: Sinistcha|78/100|[from] drain|[of] p1b: Pelipper
|-enditem|p1b: Pelipper|Sitrus Berry|[eat]
|-heal|p1b: Pelipper|50/100y|[from] item: Sitrus Berry
|move|p1b: Pelipper|Hurricane|p2b: Sneasler
|-supereffective|p2b: Sneasler|1
|-damage|p2b: Sneasler|0 fnt
|faint|p2b: Sneasler
|
|-weather|RainDance|[upkeep]
|-fieldend|move: Trick Room
|upkeep
|turn|11
|-message|sadnessvgc forfeited.
|
|win|palle synchro
