|j|☆PrawnCD
|j|☆home at last
|html|PrawnCDhome at last    
|uhtml|bestof|Game 1 of a best-of-3
|t:|1784074204
|gametype|doubles
|player|p1|PrawnCD|musician|
|player|p2|home at last|morty|
|gen|9
|tier|[Gen 9 Champions] VGC 2026 Reg M-B (Bo3)
|rule|Species Clause: Limit one of each Pokémon
|rule|Item Clause: Limit 1 of each item
|clearpoke
|poke|p1|Azumarill, L50, M, shiny|
|poke|p1|Froslass, L50, F|
|poke|p1|Meowscarada, L50, M, shiny|
|poke|p1|Incineroar, L50, F|
|poke|p1|Chandelure, L50, M, shiny|
|poke|p1|Beartic, L50, F|
|poke|p2|Gholdengo, L50|
|poke|p2|Serperior, L50, M|
|poke|p2|Tyranitar, L50, F|
|poke|p2|Staraptor, L50, F|
|poke|p2|Sableye, L50, F|
|poke|p2|Primarina, L50, M|
|teampreview|4
|showteam|p1|Azumarill||Leftovers|HugePower|PlayRough,Waterfall,BellyDrum,AquaJet|Adamant||M|||50|]Froslass||Froslassite|SnowCloak|Protect,Blizzard,AuroraVeil,ShadowBall|Timid||F|||50|]Meowscarada||MentalHerb|Protean|ToxicSpikes,FlowerTrick,KnockOff,PollenPuff|Hasty||M|||50|]Incineroar||SitrusBerry|Intimidate|FakeOut,PartingShot,Taunt,FlareBlitz|Adamant||F|||50|]Chandelure||Chandelurite|Infiltrator|HeatWave,ShadowBall,ClearSmog,Protect|Timid||M|||50|]Beartic||LifeOrb|SlushRush|IcicleCrash,CloseCombat,PlayRough,Protect|Adamant||F|||50|
|showteam|p2|Gholdengo||Leftovers|GoodasGold|MakeItRain,ShadowBall,Protect,FocusBlast|Modest|||||50|]Serperior||ChoiceScarf|Contrary|LeafStorm,DragonPulse,EnergyBall,Glare|Modest||M|||50|]Tyranitar||Tyranitarite|SandStream|RockSlide,DragonDance,Crunch,BrickBreak|Jolly||F|||50|]Staraptor||Staraptite|Intimidate|CloseCombat,BlazeKick,BraveBird,Protect|Jolly||F|||50|]Sableye||FocusSash|Prankster|Taunt,Quash,WillOWisp,LightScreen|Impish||F|||50|]Primarina||LifeOrb|LiquidVoice|CalmMind,EnergyBall,Moonblast,PsychicNoise|Bold||M|||50|
|j| frosteefromyt
|c|☆home at last|pls dont look at team sheet :/
|c| frosteefromyt|banned
|c| frosteefromyt|all of you
|
|t:|1784074301
|teamsize|p1|4
|teamsize|p2|4
|start
|switch|p1a: 1Billion Bees|Froslass, L50, F|100/100
|switch|p1b: Her|Incineroar, L50, F|100/100
|switch|p2a: BIG SHOT|Sableye, L50, F|100/100
|switch|p2b: Hammer of JUSTICE|Tyranitar, L50, F|100/100
|-weather|Sandstorm|[from] ability: Sand Stream|[of] p2b: Hammer of JUSTICE
|-ability|p1b: Her|Intimidate|boost
|-unboost|p2a: BIG SHOT|atk|1
|-unboost|p2b: Hammer of JUSTICE|atk|1
|turn|1
|c|☆PrawnCD|This is an outrage
|
|t:|1784074357
|detailschange|p1a: 1Billion Bees|Froslass-Mega, L50, F
|-mega|p1a: 1Billion Bees|Froslass|Froslassite
|-weather|Snowscape|[from] ability: Snow Warning|[of] p1a: 1Billion Bees
|detailschange|p2b: Hammer of JUSTICE|Tyranitar-Mega, L50, F
|-mega|p2b: Hammer of JUSTICE|Tyranitar|Tyranitarite
|-weather|Sandstorm|[from] ability: Sand Stream|[of] p2b: Hammer of JUSTICE
|move|p2a: BIG SHOT|Taunt|p1a: 1Billion Bees
|-start|p1a: 1Billion Bees|move: Taunt
|cant|p1a: 1Billion Bees|move: Taunt|Aurora Veil
|move|p2b: Hammer of JUSTICE|Crunch|p1a: 1Billion Bees
|-supereffective|p1a: 1Billion Bees|1
|-damage|p1a: 1Billion Bees|0 fnt
|faint|p1a: 1Billion Bees
|move|p1b: Her|Taunt|p2a: BIG SHOT
|-start|p2a: BIG SHOT|move: Taunt
|
|-weather|Sandstorm|[upkeep]
|-damage|p1b: Her|94/100|[from] Sandstorm
|-damage|p2a: BIG SHOT|94/100|[from] Sandstorm
|upkeep
|
|t:|1784074374
|switch|p1a: Theater Suckz|Meowscarada, L50, M, shiny|100/100
|turn|2
|j| grandpapafish
|
|t:|1784074416
|move|p1a: Theater Suckz|Flower Trick|p2b: Hammer of JUSTICE
|-start|p1a: Theater Suckz|typechange|Grass|[from] ability: Protean
|-supereffective|p2b: Hammer of JUSTICE|1
|-crit|p2b: Hammer of JUSTICE
|-damage|p2b: Hammer of JUSTICE|28/100
|move|p2b: Hammer of JUSTICE|Brick Break|p1a: Theater Suckz
|-damage|p1a: Theater Suckz|63/100
|move|p1b: Her|Parting Shot|p2b: Hammer of JUSTICE
|-unboost|p2b: Hammer of JUSTICE|atk|1
|-unboost|p2b: Hammer of JUSTICE|spa|1
|c|☆PrawnCD|absolutely brutal turn 1
|
|t:|1784074428
|switch|p1b: Ubearmensch|Beartic, L50, F|100/100|[from] Parting Shot
|-activate|p2a: BIG SHOT|move: Struggle
|move|p2a: BIG SHOT|Struggle|p1b: Ubearmensch
|-damage|p1b: Ubearmensch|93/100
|-damage|p2a: BIG SHOT|69/100|[from] recoil
|
|-weather|Sandstorm|[upkeep]
|-damage|p1a: Theater Suckz|57/100|[from] Sandstorm
|-damage|p1b: Ubearmensch|87/100|[from] Sandstorm
|-damage|p2a: BIG SHOT|63/100|[from] Sandstorm
|upkeep
|turn|3
|
|t:|1784074458
|switch|p2b: THE BLIND PROPHET|Serperior, L50, M|100/100
|switch|p2a: WORLD REVOLVING|Gholdengo, L50|100/100
|move|p1a: Theater Suckz|Pollen Puff|p2b: THE BLIND PROPHET
|-supereffective|p2b: THE BLIND PROPHET|1
|-damage|p2b: THE BLIND PROPHET|60/100
|move|p1b: Ubearmensch|Play Rough|p2a: WORLD REVOLVING|[miss]
|-miss|p1b: Ubearmensch|p2a: WORLD REVOLVING
|
|-weather|Sandstorm|[upkeep]
|-damage|p2b: THE BLIND PROPHET|54/100|[from] Sandstorm
|-damage|p1a: Theater Suckz|51/100|[from] Sandstorm
|-damage|p1b: Ubearmensch|81/100|[from] Sandstorm
|upkeep
|turn|4
|
|t:|1784074491
|move|p2b: THE BLIND PROPHET|Glare|p1b: Ubearmensch
|-status|p1b: Ubearmensch|par
|move|p1a: Theater Suckz|Knock Off|p2a: WORLD REVOLVING
|-supereffective|p2a: WORLD REVOLVING|1
|-damage|p2a: WORLD REVOLVING|39/100
|-enditem|p2a: WORLD REVOLVING|Leftovers|[from] move: Knock Off|[of] p1a: Theater Suckz
|move|p2a: WORLD REVOLVING|Focus Blast|p1a: Theater Suckz
|-damage|p1a: Theater Suckz|0 fnt
|faint|p1a: Theater Suckz
|move|p1b: Ubearmensch|Icicle Crash|p2b: THE BLIND PROPHET
|-supereffective|p2b: THE BLIND PROPHET|1
|-damage|p2b: THE BLIND PROPHET|0 fnt
|faint|p2b: THE BLIND PROPHET
|-damage|p1b: Ubearmensch|71/100 par|[from] item: Life Orb
|
|-weather|Sandstorm|[upkeep]
|-damage|p1b: Ubearmensch|65/100 par|[from] Sandstorm
|upkeep
|
|t:|1784074508
|switch|p1a: Her|Incineroar, L50, F|94/100
|switch|p2b: BIG SHOT|Sableye, L50, F|63/100
|-ability|p1a: Her|Intimidate|boost
|-unboost|p2a: WORLD REVOLVING|atk|1
|-unboost|p2b: BIG SHOT|atk|1
|turn|5
|
|t:|1784074579
|move|p1b: Ubearmensch|Protect|p1b: Ubearmensch
|-singleturn|p1b: Ubearmensch|Protect
|move|p2b: BIG SHOT|Taunt|p1b: Ubearmensch
|-activate|p1b: Ubearmensch|move: Protect
|move|p2a: WORLD REVOLVING|Focus Blast|p1b: Ubearmensch
|-activate|p1b: Ubearmensch|move: Protect
|move|p1a: Her|Flare Blitz|p2a: WORLD REVOLVING
|-supereffective|p2a: WORLD REVOLVING|1
|-crit|p2a: WORLD REVOLVING
|-damage|p2a: WORLD REVOLVING|0 fnt
|faint|p2a: WORLD REVOLVING
|-damage|p1a: Her|83/100|[from] Recoil
|
|-weather|none
|upkeep
|
|t:|1784074592
|switch|p2a: Hammer of JUSTICE|Tyranitar-Mega, L50, F|28/100
|-weather|Sandstorm|[from] ability: Sand Stream|[of] p2a: Hammer of JUSTICE
|turn|6
|
|t:|1784074635
|move|p2b: BIG SHOT|Taunt|p1b: Ubearmensch
|-start|p1b: Ubearmensch|move: Taunt
|move|p2a: Hammer of JUSTICE|Rock Slide|p1a: Her|[spread] p1b
|-miss|p2a: Hammer of JUSTICE|p1a: Her
|-supereffective|p1b: Ubearmensch|1
|-damage|p1b: Ubearmensch|0 fnt
|faint|p1b: Ubearmensch
|move|p1a: Her|Taunt|p2a: Hammer of JUSTICE
|-start|p2a: Hammer of JUSTICE|move: Taunt
|
|-weather|Sandstorm|[upkeep]
|-damage|p1a: Her|77/100|[from] Sandstorm
|-damage|p2b: BIG SHOT|57/100|[from] Sandstorm
|upkeep
|turn|7
|c|☆PrawnCD|that was supposed to be parting shot fml
|
|t:|1784074667
|move|p2b: BIG SHOT|Light Screen|p2b: BIG SHOT
|-sidestart|p2: home at last|move: Light Screen
|move|p2a: Hammer of JUSTICE|Rock Slide|p1a: Her
|-supereffective|p1a: Her|1
|-damage|p1a: Her|0 fnt
|faint|p1a: Her
|
|win|home at last
||PrawnCD is ready for game 2.
|inactive|home at last has 30 seconds to confirm battle start!
||home at last is ready for game 2.
|uhtml|next|Next: Game 2 of 3
|l|☆PrawnCD
|player|p1|
|l| frosteefromyt
|l| grandpapafish
