|j|☆Seabird17
|j|☆PRLT1 EdwinVGC
|html|Seabird17PRLT1 EdwinVGC    
|uhtml|bestof|Game 1 of a best-of-3
|t:|1782215420
|gametype|doubles
|player|p1|Seabird17|striker|1054
|player|p2|PRLT1 EdwinVGC|169|1000
|gen|9
|tier|[Gen 9 Champions] VGC 2026 Reg M-B (Bo3)
|rated|
|rule|Species Clause: Limit one of each Pokémon
|rule|Item Clause: Limit 1 of each item
|clearpoke
|poke|p1|Talonflame, L50, M|
|poke|p1|Rotom-Wash, L50|
|poke|p1|Ninetales-Alola, L50, M|
|poke|p1|Glimmora, L50, F|
|poke|p1|Kingambit, L50, F|
|poke|p1|Garchomp, L50, F|
|poke|p2|Raichu, L50, F, shiny|
|poke|p2|Venusaur, L50, M, shiny|
|poke|p2|Pelipper, L50, M, shiny|
|poke|p2|Archaludon, L50, F, shiny|
|poke|p2|Grimmsnarl, L50, M, shiny|
|poke|p2|Basculegion, L50, M, shiny|
|teampreview|4
|showteam|p1|Talonflame|||GaleWings|Acrobatics,Tailwind,FlareBlitz,Protect|Jolly||M|||50|]Rotom-Wash||Magnet|Levitate|Thunderbolt,HydroPump,WillOWisp,Protect|Modest|||||50|]Ninetales-Alola||LightClay|SnowWarning|Blizzard,FreezeDry,AuroraVeil,Protect|Timid||M|||50|]Glimmora||Glimmoranite|ToxicDebris|PowerGem,SludgeBomb,EarthPower,SpikyShield|Timid||F|||50|]Kingambit||ChopleBerry|Defiant|KowtowCleave,SuckerPunch,LowKick,Protect|Adamant||F|||50|]Garchomp||LumBerry|RoughSkin|DragonClaw,Earthquake,SwordsDance,Protect|Jolly||F|||50|
|showteam|p2|Raichu||RaichuniteX|LightningRod|FakeOut,RainDance,VoltSwitch,VoltTackle|Jolly||F|||50|]Venusaur||Venusaurite|Chlorophyll|SludgeBomb,EarthPower,GigaDrain,Protect|Modest||M|||50|]Pelipper||SitrusBerry|Drizzle|WeatherBall,Hurricane,Tailwind,WideGuard|Bold||M|||50|]Archaludon||Leftovers|Stamina|Protect,ElectroShot,DragonPulse,FlashCannon|Bold||F|||50|]Grimmsnarl||LightClay|Prankster|PartingShot,LightScreen,Reflect,SpiritBreak|Careful||M|||50|]Basculegion||ChoiceScarf|Adaptability|FlipTurn,WaveCrash,LastRespects,AquaJet|Jolly||M|||50|
|inactive|Battle timer is ON: inactive players will automatically lose when time's up. (requested by Seabird17)
|inactive|Seabird17 has 60 seconds left.
|inactive|PRLT1 EdwinVGC has 60 seconds left.
|
|t:|1782215477
|teamsize|p1|4
|teamsize|p2|4
|start
|switch|p1a: Talonflame|Talonflame, L50, M|100/100
|switch|p1b: Rotom|Rotom-Wash, L50|100/100
|switch|p2a: Grimmsnarl|Grimmsnarl, L50, M, shiny|100/100
|switch|p2b: Venusaur|Venusaur, L50, M, shiny|100/100
|turn|1
|inactive|PRLT1 EdwinVGC has 30 seconds left.
|inactive|PRLT1 EdwinVGC has 20 seconds left.
|inactive|PRLT1 EdwinVGC has 15 seconds left.
|inactive|PRLT1 EdwinVGC has 10 seconds left.
|inactive|PRLT1 EdwinVGC has 5 seconds left.
|
|t:|1782215529
|move|p1a: Talonflame|Tailwind|p1a: Talonflame
|-sidestart|p1: Seabird17|move: Tailwind
|move|p2a: Grimmsnarl|Reflect|p2a: Grimmsnarl
|-sidestart|p2: PRLT1 EdwinVGC|Reflect
|move|p1b: Rotom|Will-O-Wisp|p2b: Venusaur
|-status|p2b: Venusaur|brn
|move|p2b: Venusaur|Earth Power|p1a: Talonflame
|-immune|p1a: Talonflame
|
|-damage|p2b: Venusaur|94/100 brn|[from] brn
|upkeep
|turn|2
|inactive|Seabird17 has 30 seconds left.
|inactive|Seabird17 has 20 seconds left.
|inactive|Seabird17 has 15 seconds left.
|inactive|Seabird17 has 10 seconds left.
|inactive|Seabird17 has 5 seconds left.
|
|t:|1782215583
|detailschange|p2b: Venusaur|Venusaur-Mega, L50, M, shiny
|-mega|p2b: Venusaur|Venusaur|Venusaurite
|move|p1a: Talonflame|Protect|p1a: Talonflame
|-singleturn|p1a: Talonflame|Protect
|move|p2a: Grimmsnarl|Light Screen|p2a: Grimmsnarl
|-sidestart|p2: PRLT1 EdwinVGC|move: Light Screen
|move|p1b: Rotom|Will-O-Wisp|p2a: Grimmsnarl
|-status|p2a: Grimmsnarl|brn
|move|p2b: Venusaur|Giga Drain|p1b: Rotom
|-supereffective|p1b: Rotom|1
|-damage|p1b: Rotom|19/100
|-heal|p2b: Venusaur|100/100 brn|[from] drain|[of] p1b: Rotom
|
|-damage|p2b: Venusaur|94/100 brn|[from] brn
|-damage|p2a: Grimmsnarl|94/100 brn|[from] brn
|upkeep
|turn|3
|inactive|PRLT1 EdwinVGC has 30 seconds left.
|
|t:|1782215609
|switch|p1b: Ninetales|Ninetales-Alola, L50, M|100/100
|-weather|Snowscape|[from] ability: Snow Warning|[of] p1b: Ninetales
|move|p1a: Talonflame|Acrobatics|p2b: Venusaur
|-supereffective|p2b: Venusaur|1
|-damage|p2b: Venusaur|46/100 brn
|move|p2b: Venusaur|Giga Drain|p1b: Ninetales
|-damage|p1b: Ninetales|60/100
|-heal|p2b: Venusaur|63/100 brn|[from] drain|[of] p1b: Ninetales
|move|p2a: Grimmsnarl|Spirit Break|p1a: Talonflame
|-resisted|p1a: Talonflame|1
|-damage|p1a: Talonflame|88/100
|-unboost|p1a: Talonflame|spa|1
|
|-weather|Snowscape|[upkeep]
|-damage|p2b: Venusaur|57/100 brn|[from] brn
|-damage|p2a: Grimmsnarl|88/100 brn|[from] brn
|upkeep
|turn|4
|
|t:|1782215630
|move|p2b: Venusaur|Protect|p2b: Venusaur
|-singleturn|p2b: Venusaur|Protect
|move|p2a: Grimmsnarl|Parting Shot|p1b: Ninetales
|-unboost|p1b: Ninetales|atk|1
|-unboost|p1b: Ninetales|spa|1
|
|t:|1782215637
|switch|p2a: Pelipper|Pelipper, L50, M, shiny|100/100|[from] Parting Shot
|-weather|RainDance|[from] ability: Drizzle|[of] p2a: Pelipper
|move|p1a: Talonflame|Flare Blitz|p2b: Venusaur
|-activate|p2b: Venusaur|move: Protect
|move|p1b: Ninetales|Aurora Veil||[still]
|-fail|p1b: Ninetales
|
|-weather|RainDance|[upkeep]
|-damage|p2b: Venusaur|51/100 brn|[from] brn
|-sideend|p1: Seabird17|move: Tailwind
|upkeep
|turn|5
|
|t:|1782215657
|move|p1a: Talonflame|Acrobatics|p2b: Venusaur
|-supereffective|p2b: Venusaur|1
|-damage|p2b: Venusaur|6/100 brn
|move|p1b: Ninetales|Freeze-Dry|p2a: Pelipper
|-supereffective|p2a: Pelipper|2
|-damage|p2a: Pelipper|51/100
|move|p2b: Venusaur|Earth Power|p1b: Ninetales
|-damage|p1b: Ninetales|24/100
|move|p2a: Pelipper|Weather Ball|p1a: Talonflame
|-supereffective|p1a: Talonflame|1
|-damage|p1a: Talonflame|0 fnt
|faint|p1a: Talonflame
|
|-weather|RainDance|[upkeep]
|-damage|p2b: Venusaur|1/100 brn|[from] brn
|upkeep
|
|t:|1782215675
|switch|p1a: Rotom|Rotom-Wash, L50|19/100
|turn|6
|
|t:|1782215691
|switch|p2a: Grimmsnarl|Grimmsnarl, L50, M, shiny|88/100 brn
|move|p1b: Ninetales|Protect|p1b: Ninetales
|-singleturn|p1b: Ninetales|Protect
|move|p2b: Venusaur|Giga Drain|p1a: Rotom
|-supereffective|p1a: Rotom|1
|-damage|p1a: Rotom|0 fnt
|-heal|p2b: Venusaur|9/100 brn|[from] drain|[of] p1a: Rotom
|faint|p1a: Rotom
|
|-weather|RainDance|[upkeep]
|-damage|p2b: Venusaur|3/100 brn|[from] brn
|-damage|p2a: Grimmsnarl|82/100 brn|[from] brn
|upkeep
|
|t:|1782215712
|switch|p1a: Glimmora|Glimmora, L50, F|100/100
|turn|7
|
|t:|1782215725
|move|p1a: Glimmora|Spiky Shield|p1a: Glimmora
|-singleturn|p1a: Glimmora|move: Protect
|move|p2a: Grimmsnarl|Parting Shot|p1a: Glimmora
|-activate|p1a: Glimmora|move: Protect
|move|p1b: Ninetales|Freeze-Dry|p2b: Venusaur
|-supereffective|p2b: Venusaur|1
|-damage|p2b: Venusaur|0 fnt
|faint|p2b: Venusaur
|
|-weather|RainDance|[upkeep]
|-damage|p2a: Grimmsnarl|76/100 brn|[from] brn
|upkeep
|
|t:|1782215738
|switch|p2b: Archaludon|Archaludon, L50, F, shiny|100/100
|turn|8
|
|t:|1782215752
|detailschange|p1a: Glimmora|Glimmora-Mega, L50, F
|-mega|p1a: Glimmora|Glimmora|Glimmoranite
|move|p2a: Grimmsnarl|Parting Shot|p1a: Glimmora
|-unboost|p1a: Glimmora|atk|1
|-unboost|p1a: Glimmora|spa|1
|
|t:|1782215757
|switch|p2a: Pelipper|Pelipper, L50, M, shiny|51/100|[from] Parting Shot
|move|p1b: Ninetales|Freeze-Dry|p2b: Archaludon
|-damage|p2b: Archaludon|87/100
|-ability|p2b: Archaludon|Stamina|boost
|-boost|p2b: Archaludon|def|1
|move|p1a: Glimmora|Sludge Bomb|p2a: Pelipper
|-damage|p2a: Pelipper|17/100
|-enditem|p2a: Pelipper|Sitrus Berry|[eat]
|-heal|p2a: Pelipper|42/100|[from] item: Sitrus Berry
|move|p2b: Archaludon|Electro Shot||[still]
|-prepare|p2b: Archaludon|Electro Shot
|-boost|p2b: Archaludon|spa|1
|-anim|p2b: Archaludon|Electro Shot|p1b: Ninetales
|-damage|p1b: Ninetales|0 fnt
|faint|p1b: Ninetales
|
|-weather|none
|-heal|p2b: Archaludon|93/100|[from] item: Leftovers
|-sideend|p2: PRLT1 EdwinVGC|Reflect
|upkeep
|turn|9
|-message|Seabird17 forfeited.
|
|win|PRLT1 EdwinVGC
|l|☆Seabird17
|player|p1|
|raw|Seabird17's rating: 1054 → 1033(-21 for losing)
|raw|PRLT1 EdwinVGC's rating: 1000 → 1046(+46 for winning)
