|j|☆harpdog
|j|☆ToastedArt
|html|harpdogToastedArt    
|uhtml|bestof|Game 1 of a best-of-3
|t:|1785291742
|gametype|doubles
|player|p1|harpdog|170|1090
|player|p2|ToastedArt|iris|1134
|gen|9
|tier|[Gen 9 Champions] VGC 2026 Reg M-B (Bo3)
|rated|
|rule|Species Clause: Limit one of each Pokémon
|rule|Item Clause: Limit 1 of each item
|clearpoke
|poke|p1|Blastoise, L50, M|
|poke|p1|Lycanroc-Dusk, L50, M|
|poke|p1|Sylveon, L50, M|
|poke|p1|Sinistcha-Masterpiece, L50|
|poke|p1|Delphox, L50, F|
|poke|p1|Whimsicott, L50, M|
|poke|p2|Falinks, L50, shiny|
|poke|p2|Kingambit, L50, M|
|poke|p2|Sneasler, L50, F|
|poke|p2|Sinistcha, L50, shiny|
|poke|p2|Azumarill, L50, M|
|poke|p2|Ninetales-Alola, L50, M, shiny|
|teampreview|4
|showteam|p1|Blastoise||Blastoisinite|Torrent|MuddyWater,AuraSphere,DarkPulse,Protect|Modest||M|||50|]Lycanroc-Dusk||FocusSash|ToughClaws|Accelerock,RockSlide,CloseCombat,Protect|Jolly||M|||50|]Sylveon||FairyFeather|Pixilate|HyperVoice,QuickAttack,Yawn,Detect|Modest||M|||50|]Sinistcha-Masterpiece||ColburBerry|Hospitality|MatchaGotcha,TrickRoom,RagePowder,Protect|Sassy|||||50|]Delphox||Delphoxite|Blaze|HeatWave,Psychic,Encore,Protect|Modest||F|||50|]Whimsicott||OccaBerry|Prankster|EnergyBall,Moonblast,HelpingHand,Tailwind|Modest||M|||50|
|showteam|p2|Falinks||Falinksite|Defiant|NoRetreat,CloseCombat,RockSlide,Protect|Adamant|||||50|]Kingambit||BlackGlasses|Defiant|KowtowCleave,SuckerPunch,SwordsDance,Protect|Adamant||M|||50|]Sneasler||LifeOrb|PoisonTouch|PoisonJab,CloseCombat,FakeOut,Coaching|Adamant||F|||50|]Sinistcha||ColburBerry|Hospitality|MatchaGotcha,RagePowder,TrickRoom,Protect|Bold|||||50|]Azumarill||SitrusBerry|HugePower|BellyDrum,AquaJet,KnockOff,Protect|Adamant||M|||50|]Ninetales-Alola||ChoiceScarf|SnowWarning|Blizzard,FreezeDry,IcyWind,AuroraVeil|Modest||M|||50|
|inactive|Battle timer is ON: inactive players will automatically lose when time's up. (requested by ToastedArt)
|inactive|harpdog has 60 seconds left.
|inactive|ToastedArt has 60 seconds left.
|
|t:|1785291792
|teamsize|p1|4
|teamsize|p2|4
|start
|switch|p1a: Sylveon|Sylveon, L50, M|100/100
|switch|p1b: Delphox|Delphox, L50, F|100/100
|switch|p2a: Kingambit|Kingambit, L50, M|100/100
|switch|p2b: Sneasler|Sneasler, L50, F|100/100
|turn|1
|inactive|harpdog has 30 seconds left.
|inactive|harpdog has 20 seconds left.
|inactive|harpdog has 15 seconds left.
|inactive|harpdog has 10 seconds left.
|inactive|harpdog has 5 seconds left.
|
|t:|1785291846
|detailschange|p1b: Delphox|Delphox-Mega, L50, F
|-mega|p1b: Delphox|Delphox|Delphoxite
|move|p1b: Delphox|Protect|p1b: Delphox
|-singleturn|p1b: Delphox|Protect
|move|p1a: Sylveon|Detect|p1a: Sylveon
|-singleturn|p1a: Sylveon|Protect
|move|p2b: Sneasler|Fake Out|p1a: Sylveon
|-activate|p1a: Sylveon|move: Protect
|move|p2a: Kingambit|Sucker Punch||[still]
|-fail|p2a: Kingambit
|
|upkeep
|turn|2
|inactive|harpdog has 30 seconds left.
|inactive|ToastedArt has 30 seconds left.
|
|t:|1785291874
|switch|p1b: Lycanroc|Lycanroc-Dusk, L50, M|100/100
|move|p2b: Sneasler|Coaching|p2a: Kingambit
|-boost|p2a: Kingambit|atk|1
|-boost|p2a: Kingambit|def|1
|move|p1a: Sylveon|Hyper Voice|p2b: Sneasler|[spread] p2a,p2b
|-damage|p2a: Kingambit|53/100
|-damage|p2b: Sneasler|37/100
|move|p2a: Kingambit|Kowtow Cleave|p1b: Lycanroc
|-crit|p1b: Lycanroc
|-enditem|p1b: Lycanroc|Focus Sash
|-damage|p1b: Lycanroc|1/100
|
|upkeep
|turn|3
|inactive|harpdog has 30 seconds left.
|inactive|harpdog has 20 seconds left.
|inactive|harpdog has 15 seconds left.
|
|t:|1785291916
|switch|p1a: Sinistcha|Sinistcha-Masterpiece, L50|100/100
|-heal|p1b: Lycanroc|25/100|[from] ability: Hospitality|[of] p1a: Sinistcha
|move|p2a: Kingambit|Sucker Punch|p1b: Lycanroc
|-damage|p1b: Lycanroc|0 fnt
|faint|p1b: Lycanroc
|move|p2b: Sneasler|Poison Jab|p1a: Sinistcha
|-crit|p1a: Sinistcha
|-damage|p1a: Sinistcha|26/100
|-damage|p2b: Sneasler|27/100|[from] item: Life Orb
|
|upkeep
|
|t:|1785291927
|switch|p1b: Delphox|Delphox-Mega, L50, F|100/100
|turn|4
|inactive|ToastedArt has 30 seconds left.
|inactive|ToastedArt has 20 seconds left.
|
|t:|1785291965
|move|p2a: Kingambit|Protect|p2a: Kingambit
|-singleturn|p2a: Kingambit|Protect
|move|p1a: Sinistcha|Rage Powder|p1a: Sinistcha
|-singleturn|p1a: Sinistcha|move: Rage Powder
|move|p1b: Delphox|Heat Wave|p2a: Kingambit|[spread] p2b
|-activate|p2a: Kingambit|move: Protect
|-damage|p2b: Sneasler|0 fnt
|faint|p2b: Sneasler
|
|upkeep
|
|t:|1785291972
|switch|p2b: Azumarill|Azumarill, L50, M|100/100
|turn|5
|
|t:|1785291988
|move|p1a: Sinistcha|Rage Powder|p1a: Sinistcha
|-singleturn|p1a: Sinistcha|move: Rage Powder
|move|p2a: Kingambit|Sucker Punch||[still]
|-fail|p2a: Kingambit
|move|p1b: Delphox|Heat Wave|p2a: Kingambit|[spread] p2a,p2b
|-supereffective|p2a: Kingambit|1
|-resisted|p2b: Azumarill|1
|-crit|p2b: Azumarill
|-damage|p2a: Kingambit|0 fnt
|-damage|p2b: Azumarill|65/100
|faint|p2a: Kingambit
|move|p2b: Azumarill|Belly Drum|p2b: Azumarill
|-damage|p2b: Azumarill|15/100
|-setboost|p2b: Azumarill|atk|6|[from] move: Belly Drum
|-enditem|p2b: Azumarill|Sitrus Berry|[eat]
|-heal|p2b: Azumarill|39/100|[from] item: Sitrus Berry
|
|upkeep
|
|t:|1785292000
|switch|p2a: Pickle Cup|Sinistcha, L50, shiny|100/100
|-heal|p2b: Azumarill|64/100|[from] ability: Hospitality|[of] p2a: Pickle Cup
|turn|6
|
|t:|1785292016
|move|p2a: Pickle Cup|Rage Powder|p2a: Pickle Cup
|-singleturn|p2a: Pickle Cup|move: Rage Powder
|move|p2b: Azumarill|Aqua Jet|p1b: Delphox
|-supereffective|p1b: Delphox|1
|-damage|p1b: Delphox|0 fnt
|faint|p1b: Delphox
|move|p1a: Sinistcha|Matcha Gotcha|p2a: Pickle Cup|[spread] p2b
|-miss|p1a: Sinistcha|p2a: Pickle Cup
|-supereffective|p2b: Azumarill|1
|-crit|p2b: Azumarill
|-damage|p2b: Azumarill|0 fnt
|-heal|p1a: Sinistcha|64/100|[from] drain|[of] p2b: Azumarill
|faint|p2b: Azumarill
|
|upkeep
|
|t:|1785292028
|switch|p1b: Sylveon|Sylveon, L50, M|100/100
|turn|7
|
|t:|1785292035
|move|p2a: Pickle Cup|Matcha Gotcha|p1b: Sylveon|[spread] p1a,p1b
|-resisted|p1a: Sinistcha|1
|-damage|p1a: Sinistcha|53/100
|-damage|p1b: Sylveon|83/100
|-status|p1a: Sinistcha|brn
|move|p1b: Sylveon|Hyper Voice|p2a: Pickle Cup
|-damage|p2a: Pickle Cup|39/100
|move|p1a: Sinistcha|Matcha Gotcha|p2a: Pickle Cup
|-resisted|p2a: Pickle Cup|1
|-damage|p2a: Pickle Cup|23/100
|-heal|p1a: Sinistcha|61/100 brn|[from] drain|[of] p2a: Pickle Cup
|-status|p2a: Pickle Cup|brn
|
|-damage|p2a: Pickle Cup|17/100 brn|[from] brn
|-damage|p1a: Sinistcha|55/100 brn|[from] brn
|upkeep
|turn|8
|-message|ToastedArt forfeited.
|
|win|harpdog
