|j|☆Copilot BOT 2
|j|☆Chat GPT BOT 1
|html|Copilot BOT 2Chat GPT BOT 1    
|uhtml|bestof|Game 1 of a best-of-3
|t:|1782261339
|gametype|doubles
|player|p1|Copilot BOT 2|blackbelt|
|player|p2|Chat GPT BOT 1|2|
|gen|9
|tier|[Gen 9 Champions] VGC 2026 Reg M-B (Bo3)
|rule|Species Clause: Limit one of each Pokémon
|rule|Item Clause: Limit 1 of each item
|clearpoke
|poke|p1|Gholdengo, L50|
|poke|p1|Torkoal, L50, M|
|poke|p1|Venusaur, L50, M, shiny|
|poke|p1|Tyranitar, L50, F|
|poke|p1|Rotom-Wash, L50, shiny|
|poke|p1|Scrafty, L50, F|
|poke|p2|Gardevoir, L50, F, shiny|
|poke|p2|Incineroar, L50, M|
|poke|p2|Whimsicott, L50, M, shiny|
|poke|p2|Primarina, L50, F|
|poke|p2|Kingambit, L50, F, shiny|
|poke|p2|Garchomp, L50, F|
|teampreview|4
|showteam|p1|Gholdengo||WiseGlasses|GoodasGold|MakeItRain,ShadowBall,Thunderbolt,Protect|Modest|||||50|]Torkoal||Charcoal|Drought|Eruption,HeatWave,EarthPower,Protect|Quiet||M|||50|]Venusaur||Venusaurite|Chlorophyll|GigaDrain,SludgeBomb,SleepPowder,Protect|Bold||M|||50|]Tyranitar||SmoothRock|SandStream|RockSlide,Crunch,LowKick,IcePunch|Careful||F|||50|]Rotom-Wash||SitrusBerry|Levitate|HydroPump,Thunderbolt,WillOWisp,VoltSwitch|Modest|||||50|]Scrafty||Leftovers|Intimidate|FakeOut,DrainPunch,KnockOff,Protect|Impish||F|||50|
|showteam|p2|Gardevoir||Gardevoirite|Trace|HyperVoice,Psyshock,Protect,MysticalFire|Timid||F|||50|]Incineroar||SitrusBerry|Intimidate|FakeOut,FlareBlitz,Taunt,WillOWisp|Careful||M|||50|]Whimsicott||FocusSash|Prankster|Tailwind,Encore,Moonblast,Protect|Timid||M|||50|]Primarina||MysticWater|LiquidVoice|Moonblast,HydroPump,Protect,IceBeam|Modest||F|||50|]Kingambit||BlackGlasses|SupremeOverlord|KowtowCleave,IronHead,SuckerPunch,Protect|Adamant||F|||50|]Garchomp||YacheBerry|RoughSkin|Earthquake,DragonClaw,RockSlide,Protect|Jolly||F|||50|
|inactive|Battle timer is ON: inactive players will automatically lose when time's up. (requested by Copilot BOT 2)
|inactiveoff|Battle timer is now OFF.
|
|t:|1782261426
|teamsize|p1|4
|teamsize|p2|4
|start
|switch|p1a: Gholdengo|Gholdengo, L50|100/100
|switch|p1b: Scrafty|Scrafty, L50, F|100/100
|switch|p2a: Gardevoir|Gardevoir, L50, F, shiny|100/100
|switch|p2b: Whimsicott|Whimsicott, L50, M, shiny|100/100
|-ability|p2a: Gardevoir|Good as Gold|Trace|[from] ability: Trace|[of] p1a: Gholdengo
|-ability|p1b: Scrafty|Intimidate|boost
|-unboost|p2a: Gardevoir|atk|1
|-unboost|p2b: Whimsicott|atk|1
|turn|1
|
|t:|1782261512
|detailschange|p2a: Gardevoir|Gardevoir-Mega, L50, F, shiny
|-mega|p2a: Gardevoir|Gardevoir|Gardevoirite
|move|p1b: Scrafty|Fake Out|p2a: Gardevoir
|-damage|p2a: Gardevoir|84/100
|move|p2b: Whimsicott|Tailwind|p2b: Whimsicott
|-sidestart|p2: Chat GPT BOT 1|move: Tailwind
|cant|p2a: Gardevoir|flinch
|move|p1a: Gholdengo|Make It Rain|p2b: Whimsicott|[spread] p2a,p2b
|-supereffective|p2a: Gardevoir|1
|-supereffective|p2b: Whimsicott|1
|-damage|p2a: Gardevoir|0 fnt
|-enditem|p2b: Whimsicott|Focus Sash
|-damage|p2b: Whimsicott|1/100
|-unboost|p1a: Gholdengo|spa|2
|faint|p2a: Gardevoir
|
|upkeep
|
|t:|1782261554
|switch|p2a: Kingambit|Kingambit, L50, F, shiny|100/100
|-activate|p2a: Kingambit|ability: Supreme Overlord
|-start|p2a: Kingambit|fallen1|[silent]
|turn|2
|
|t:|1782261655
|switch|p1a: Rotom|Rotom-Wash, L50, shiny|100/100
|move|p2b: Whimsicott|Encore|p1b: Scrafty
|-hint|Since gen 7, Dark is immune to Prankster moves.
|-immune|p1b: Scrafty
|move|p2a: Kingambit|Kowtow Cleave|p1a: Rotom
|-damage|p1a: Rotom|31/100
|-enditem|p1a: Rotom|Sitrus Berry|[eat]
|-heal|p1a: Rotom|56/100|[from] item: Sitrus Berry
|move|p1b: Scrafty|Drain Punch|p2a: Kingambit
|-supereffective|p2a: Kingambit|2
|-damage|p2a: Kingambit|24/100
|
|upkeep
|turn|3
|j| carteradesola
|l| carteradesola
|
|t:|1782261818
|move|p2a: Kingambit|Sucker Punch|p1a: Rotom
|-damage|p1a: Rotom|1/100
|move|p2b: Whimsicott|Moonblast|p1b: Scrafty
|-supereffective|p1b: Scrafty|2
|-damage|p1b: Scrafty|0 fnt
|faint|p1b: Scrafty
|move|p1a: Rotom|Volt Switch|p2b: Whimsicott
|-resisted|p2b: Whimsicott|1
|-damage|p2b: Whimsicott|0 fnt
|faint|p2b: Whimsicott
|
|t:|1782261860
|switch|p1a: Venusaur|Venusaur, L50, M, shiny|100/100|[from] Volt Switch
|
|upkeep
|
|t:|1782261906
|switch|p2b: Primarina|Primarina, L50, F|100/100
|switch|p1b: Rotom|Rotom-Wash, L50, shiny|1/100
|turn|4
|
|t:|1782261982
|detailschange|p1a: Venusaur|Venusaur-Mega, L50, M, shiny
|-mega|p1a: Venusaur|Venusaur|Venusaurite
|move|p2b: Primarina|Moonblast|p1a: Venusaur
|-resisted|p1a: Venusaur|1
|-damage|p1a: Venusaur|77/100
|move|p2a: Kingambit|Iron Head|p1a: Venusaur
|-damage|p1a: Venusaur|45/100
|move|p1b: Rotom|Thunderbolt|p2a: Kingambit
|-damage|p2a: Kingambit|0 fnt
|faint|p2a: Kingambit
|-end|p2a: Kingambit|fallen1|[silent]
|cant|p1a: Venusaur|flinch
|
|-sideend|p2: Chat GPT BOT 1|move: Tailwind
|upkeep
|turn|5
|
|t:|1782262205
|move|p1b: Rotom|Volt Switch|p2b: Primarina
|-supereffective|p2b: Primarina|1
|-damage|p2b: Primarina|48/100
|
|t:|1782262208
|switch|p1b: Gholdengo|Gholdengo, L50|100/100|[from] Volt Switch
|move|p1a: Venusaur|Giga Drain|p2b: Primarina
|-supereffective|p2b: Primarina|1
|-damage|p2b: Primarina|0 fnt
|-heal|p1a: Venusaur|69/100|[from] drain|[of] p2b: Primarina
|faint|p2b: Primarina
|
|win|Copilot BOT 2
|inactive|Copilot BOT 2 has 30 seconds to confirm battle start!
|inactive|Chat GPT BOT 1 has 30 seconds to confirm battle start!
||Copilot BOT 2 is ready for game 2.
|inactive|Chat GPT BOT 1 has 20 seconds to confirm battle start!
||Chat GPT BOT 1 is ready for game 2.
|uhtml|next|Next: Game 2 of 3
