|j|☆palle synchro
|j|☆JJack_Olanturn
|html|palle synchroJJack_Olanturn    
|uhtml|bestof|Game 1 of a best-of-3
|t:|1784840864
|gametype|doubles
|player|p1|palle synchro|volkner|1356
|player|p2|JJack_Olanturn|benga|1289
|gen|9
|tier|[Gen 9 Champions] VGC 2026 Reg M-B (Bo3)
|rated|
|rule|Species Clause: Limit one of each Pokémon
|rule|Item Clause: Limit 1 of each item
|clearpoke
|poke|p1|Charizard, L50, F|
|poke|p1|Venusaur, L50, F|
|poke|p1|Dragonite, L50, M|
|poke|p1|Archaludon, L50, F|
|poke|p1|Pelipper, L50, M|
|poke|p1|Basculegion, L50, M|
|poke|p2|Tyranitar, L50, M, shiny|
|poke|p2|Hydreigon, L50, M|
|poke|p2|Excadrill, L50, M, shiny|
|poke|p2|Toxapex, L50, F|
|poke|p2|Gholdengo, L50|
|poke|p2|Staraptor, L50, M, shiny|
|teampreview|4
|showteam|p1|Charizard||CharizarditeY|Blaze|HeatWave,WeatherBall,SolarBeam,Protect|Modest||F|||50|]Venusaur||FocusSash|Chlorophyll|SludgeBomb,EarthPower,SleepPowder,Protect|Modest||F|||50|]Dragonite||Dragoninite|Multiscale|DragonPulse,Flamethrower,Tailwind,Protect|Modest||M|||50|]Archaludon||Leftovers|Stamina|ElectroShot,DragonPulse,FlashCannon,Protect|Modest||F|||50|]Pelipper||SitrusBerry|Drizzle|WeatherBall,Hurricane,Tailwind,Protect|Modest||M|||50|]Basculegion||ChoiceScarf|Adaptability|WaveCrash,LastRespects,FlipTurn,AquaJet|Jolly||M|||50|
|showteam|p2|Tyranitar||Tyranitarite|SandStream|RockSlide,KnockOff,StompingTantrum,Protect|Jolly||M|||50|]Hydreigon||ChoiceScarf|Levitate|DarkPulse,DracoMeteor,EarthPower,Snarl|Modest||M|||50|]Excadrill||FocusSash|SandRush|HighHorsepower,IronHead,RockSlide,Protect|Adamant||M|||50|]Toxapex||Leftovers|Regenerator|Toxic,Infestation,WideGuard,BanefulBunker|Relaxed||F|||50|]Gholdengo||LifeOrb|GoodasGold|MakeItRain,ShadowBall,NastyPlot,Protect|Modest|||||50|]Staraptor||Staraptite|Intimidate|CloseCombat,BraveBird,Tailwind,Protect|Jolly||M|||50|
|
|t:|1784840896
|teamsize|p1|4
|teamsize|p2|4
|start
|switch|p1a: Dragonite|Dragonite, L50, M|100/100
|switch|p1b: Basculegion|Basculegion, L50, M|100/100
|switch|p2a: The Bunker|Toxapex, L50, F|100/100
|switch|p2b: Sandman|Tyranitar, L50, M, shiny|100/100
|-weather|Sandstorm|[from] ability: Sand Stream|[of] p2b: Sandman
|turn|1
|inactive|Battle timer is ON: inactive players will automatically lose when time's up. (requested by JJack_Olanturn)
|inactive|palle synchro also wants the timer to be on.
|
|t:|1784840910
|switch|p1a: Archaludon|Archaludon, L50, F|100/100
|move|p2b: Sandman|Protect|p2b: Sandman
|-singleturn|p2b: Sandman|Protect
|move|p1b: Basculegion|Flip Turn|p2b: Sandman
|-activate|p2b: Sandman|move: Protect
|move|p2a: The Bunker|Toxic|p1a: Archaludon
|-immune|p1a: Archaludon
|
|-weather|Sandstorm|[upkeep]
|-damage|p1b: Basculegion|93/100|[from] Sandstorm
|-damage|p2a: The Bunker|93/100|[from] Sandstorm
|-heal|p2a: The Bunker|100/100|[from] item: Leftovers
|upkeep
|turn|2
|
|t:|1784840932
|switch|p2b: Terrify|Hydreigon, L50, M|100/100
|move|p2a: The Bunker|Baneful Bunker|p2a: The Bunker
|-singleturn|p2a: The Bunker|move: Protect
|move|p1b: Basculegion|Flip Turn|p2b: Terrify
|-resisted|p2b: Terrify|1
|-damage|p2b: Terrify|81/100
|
|t:|1784840939
|switch|p1b: Pelipper|Pelipper, L50, M|100/100|[from] Flip Turn
|-weather|RainDance|[from] ability: Drizzle|[of] p1b: Pelipper
|move|p1a: Archaludon|Electro Shot||[still]
|-prepare|p1a: Archaludon|Electro Shot
|-boost|p1a: Archaludon|spa|1
|-anim|p1a: Archaludon|Electro Shot|p2b: Terrify
|-resisted|p2b: Terrify|1
|-damage|p2b: Terrify|46/100
|
|-weather|RainDance|[upkeep]
|upkeep
|turn|3
|
|t:|1784840961
|switch|p1b: Basculegion|Basculegion, L50, M|93/100
|move|p2b: Terrify|Earth Power|p1a: Archaludon
|-supereffective|p1a: Archaludon|1
|-damage|p1a: Archaludon|29/100
|-ability|p1a: Archaludon|Stamina|boost
|-boost|p1a: Archaludon|def|1
|move|p1a: Archaludon|Flash Cannon|p2b: Terrify
|-damage|p2b: Terrify|0 fnt
|faint|p2b: Terrify
|move|p2a: The Bunker|Toxic|p1b: Basculegion
|-status|p1b: Basculegion|tox
|
|-weather|RainDance|[upkeep]
|-heal|p1a: Archaludon|35/100|[from] item: Leftovers
|-damage|p1b: Basculegion|87/100 tox|[from] psn
|upkeep
|
|t:|1784840975
|switch|p2b: Sandman|Tyranitar, L50, M, shiny|100/100
|-weather|Sandstorm|[from] ability: Sand Stream|[of] p2b: Sandman
|turn|4
|
|t:|1784840988
|move|p2b: Sandman|Protect|p2b: Sandman
|-singleturn|p2b: Sandman|Protect
|move|p1b: Basculegion|Flip Turn|p2b: Sandman
|-activate|p2b: Sandman|move: Protect
|move|p1a: Archaludon|Flash Cannon|p2b: Sandman
|-activate|p2b: Sandman|move: Protect
|move|p2a: The Bunker|Infestation|p1a: Archaludon
|-resisted|p1a: Archaludon|1
|-damage|p1a: Archaludon|33/100
|-activate|p1a: Archaludon|move: Infestation|[of] p2a: The Bunker
|-ability|p1a: Archaludon|Stamina|boost
|-boost|p1a: Archaludon|def|1
|
|-weather|Sandstorm|[upkeep]
|-damage|p1b: Basculegion|81/100 tox|[from] Sandstorm
|-damage|p2a: The Bunker|93/100|[from] Sandstorm
|-heal|p1a: Archaludon|40/100|[from] item: Leftovers
|-heal|p2a: The Bunker|100/100|[from] item: Leftovers
|-damage|p1b: Basculegion|69/100 tox|[from] psn
|-damage|p1a: Archaludon|27/100|[from] move: Infestation|[partiallytrapped]
|upkeep
|turn|5
|
|t:|1784841006
|switch|p2b: Oil?|Excadrill, L50, M, shiny|100/100
|move|p1b: Basculegion|Flip Turn|p2b: Oil?
|-supereffective|p2b: Oil?|1
|-enditem|p2b: Oil?|Focus Sash
|-damage|p2b: Oil?|1/100
|
|t:|1784841015
|switch|p1b: Pelipper|Pelipper, L50, M|100/100|[from] Flip Turn
|-weather|RainDance|[from] ability: Drizzle|[of] p1b: Pelipper
|move|p1a: Archaludon|Electro Shot||[still]
|-prepare|p1a: Archaludon|Electro Shot
|-boost|p1a: Archaludon|spa|1
|-anim|p1a: Archaludon|Electro Shot|p2b: Oil?
|-immune|p2b: Oil?
|move|p2a: The Bunker|Toxic|p1b: Pelipper
|-status|p1b: Pelipper|tox
|
|-weather|RainDance|[upkeep]
|-heal|p1a: Archaludon|33/100|[from] item: Leftovers
|-damage|p1b: Pelipper|93/100 tox|[from] psn
|-damage|p1a: Archaludon|21/100|[from] move: Infestation|[partiallytrapped]
|upkeep
|turn|6
|inactive|JJack_Olanturn has 30 seconds left.
|
|t:|1784841045
|move|p2b: Oil?|High Horsepower|p1a: Archaludon
|-supereffective|p1a: Archaludon|1
|-damage|p1a: Archaludon|0 fnt
|faint|p1a: Archaludon
|move|p1b: Pelipper|Weather Ball|p2b: Oil?
|-supereffective|p2b: Oil?|1
|-damage|p2b: Oil?|0 fnt
|faint|p2b: Oil?
|move|p2a: The Bunker|Infestation|p1b: Pelipper
|-resisted|p1b: Pelipper|1
|-damage|p1b: Pelipper|92/100 tox
|-activate|p1b: Pelipper|move: Infestation|[of] p2a: The Bunker
|
|-weather|RainDance|[upkeep]
|-damage|p1b: Pelipper|80/100 tox|[from] psn
|-damage|p1b: Pelipper|68/100 tox|[from] move: Infestation|[partiallytrapped]
|upkeep
|
|t:|1784841057
|switch|p2b: Sandman|Tyranitar, L50, M, shiny|100/100
|switch|p1a: Dragonite|Dragonite, L50, M|100/100
|-weather|Sandstorm|[from] ability: Sand Stream|[of] p2b: Sandman
|turn|7
|
|t:|1784841077
|detailschange|p1a: Dragonite|Dragonite-Mega, L50, M
|-mega|p1a: Dragonite|Dragonite|Dragoninite
|detailschange|p2b: Sandman|Tyranitar-Mega, L50, M, shiny
|-mega|p2b: Sandman|Tyranitar|Tyranitarite
|move|p1a: Dragonite|Dragon Pulse|p2a: The Bunker
|-damage|p2a: The Bunker|52/100
|move|p2b: Sandman|Rock Slide|p1b: Pelipper|[spread] p1a,p1b
|-supereffective|p1a: Dragonite|1
|-supereffective|p1b: Pelipper|1
|-damage|p1a: Dragonite|66/100
|-damage|p1b: Pelipper|1/100 tox
|-enditem|p1b: Pelipper|Sitrus Berry|[eat]
|-heal|p1b: Pelipper|26/100 tox|[from] item: Sitrus Berry
|cant|p1b: Pelipper|flinch
|move|p2a: The Bunker|Infestation|p1a: Dragonite
|-resisted|p1a: Dragonite|1
|-damage|p1a: Dragonite|64/100
|-activate|p1a: Dragonite|move: Infestation|[of] p2a: The Bunker
|
|-weather|Sandstorm|[upkeep]
|-damage|p1a: Dragonite|58/100|[from] Sandstorm
|-damage|p1b: Pelipper|20/100y tox|[from] Sandstorm
|-damage|p2a: The Bunker|45/100|[from] Sandstorm
|-heal|p2a: The Bunker|52/100|[from] item: Leftovers
|-damage|p1b: Pelipper|2/100 tox|[from] psn
|-damage|p1a: Dragonite|46/100|[from] move: Infestation|[partiallytrapped]
|-damage|p1b: Pelipper|0 fnt|[from] move: Infestation|[partiallytrapped]
|faint|p1b: Pelipper
|upkeep
|
|t:|1784841087
|switch|p1b: Basculegion|Basculegion, L50, M|69/100 tox
|turn|8
|inactive|palle synchro has 30 seconds left.
|inactive|JJack_Olanturn has 30 seconds left.
|
|t:|1784841116
|move|p2b: Sandman|Protect|p2b: Sandman
|-singleturn|p2b: Sandman|Protect
|move|p1b: Basculegion|Wave Crash|p2b: Sandman
|-activate|p2b: Sandman|move: Protect
|move|p1a: Dragonite|Dragon Pulse|p2a: The Bunker
|-damage|p2a: The Bunker|10/100
|move|p2a: The Bunker|Infestation|p1b: Basculegion
|-resisted|p1b: Basculegion|1
|-crit|p1b: Basculegion
|-damage|p1b: Basculegion|66/100 tox
|-activate|p1b: Basculegion|move: Infestation|[of] p2a: The Bunker
|
|-weather|Sandstorm|[upkeep]
|-damage|p1b: Basculegion|60/100 tox|[from] Sandstorm
|-damage|p1a: Dragonite|40/100|[from] Sandstorm
|-damage|p2a: The Bunker|4/100|[from] Sandstorm
|-heal|p2a: The Bunker|10/100|[from] item: Leftovers
|-damage|p1b: Basculegion|54/100 tox|[from] psn
|-damage|p1b: Basculegion|42/100 tox|[from] move: Infestation|[partiallytrapped]
|-damage|p1a: Dragonite|27/100|[from] move: Infestation|[partiallytrapped]
|upkeep
|turn|9
|
|t:|1784841137
|move|p2a: The Bunker|Baneful Bunker|p2a: The Bunker
|-singleturn|p2a: The Bunker|move: Protect
|move|p1b: Basculegion|Wave Crash|p2b: Sandman
|-supereffective|p2b: Sandman|1
|-damage|p2b: Sandman|6/100
|-damage|p1b: Basculegion|11/100 tox|[from] Recoil
|move|p1a: Dragonite|Dragon Pulse|p2b: Sandman
|-damage|p2b: Sandman|0 fnt
|faint|p2b: Sandman
|
|-weather|Sandstorm|[upkeep]
|-damage|p1b: Basculegion|5/100 tox|[from] Sandstorm
|-damage|p1a: Dragonite|22/100|[from] Sandstorm
|-damage|p2a: The Bunker|4/100|[from] Sandstorm
|-heal|p2a: The Bunker|10/100|[from] item: Leftovers
|-damage|p1b: Basculegion|0 fnt|[from] psn
|faint|p1b: Basculegion
|-damage|p1a: Dragonite|9/100|[from] move: Infestation|[partiallytrapped]
|upkeep
|turn|10
|
|t:|1784841153
|move|p2a: The Bunker|Baneful Bunker|p2a: The Bunker
|-singleturn|p2a: The Bunker|move: Protect
|move|p1a: Dragonite|Dragon Pulse|p2a: The Bunker
|-activate|p2a: The Bunker|move: Protect
|
|-weather|Sandstorm|[upkeep]
|-damage|p1a: Dragonite|3/100|[from] Sandstorm
|-damage|p2a: The Bunker|4/100|[from] Sandstorm
|-heal|p2a: The Bunker|10/100|[from] item: Leftovers
|-damage|p1a: Dragonite|0 fnt|[from] move: Infestation|[partiallytrapped]
|faint|p1a: Dragonite
|
|win|JJack_Olanturn
