|j|☆Nonnyvibrant
|j|☆nimbu12
|html|Nonnyvibrantnimbu12    
|uhtml|bestof|Game 3 of a best-of-3
|t:|1786017927
|gametype|doubles
|player|p1|Nonnyvibrant|101|1125
|player|p2|nimbu12|170|1058
|gen|9
|tier|[Gen 9 Champions] VGC 2026 Reg M-B (Bo3)
|rated|
|rule|Species Clause: Limit one of each Pokémon
|rule|Item Clause: Limit 1 of each item
|clearpoke
|poke|p1|Blaziken, L50, M, shiny|
|poke|p1|Kingambit, L50, F, shiny|
|poke|p1|Basculegion, L50, M, shiny|
|poke|p1|Sylveon, L50, M|
|poke|p1|Torkoal, L50, F|
|poke|p1|Aerodactyl, L50, M|
|poke|p2|Sinistcha, L50|
|poke|p2|Blastoise, L50, F|
|poke|p2|Sneasler, L50, M|
|poke|p2|Staraptor, L50, M|
|poke|p2|Pelipper, L50, M|
|poke|p2|Kingambit, L50, M|
|teampreview|4
|showteam|p1|Blaziken||Blazikenite|SpeedBoost|FlareBlitz,Protect,CloseCombat,RockSlide|Adamant||M|||50|]Kingambit||LifeOrb|Defiant|KowtowCleave,SuckerPunch,IronHead,Protect|Adamant||F|||50|]Basculegion||FocusSash|Adaptability|Liquidation,AquaJet,LastRespects,Protect|Adamant||M|||50|]Sylveon||FairyFeather|Pixilate|HyperVoice,HyperBeam,QuickAttack,Protect|Modest||M|||50|]Torkoal||Leftovers|Drought|BurningJealousy,WeatherBall,Yawn,Protect|Relaxed||F|||50|]Aerodactyl||Aerodactylite|RockHead|RockSlide,DualWingbeat,Tailwind,IceFang|Jolly||M|||50|
|showteam|p2|Sinistcha||ColburBerry|Hospitality|MatchaGotcha,RagePowder,Protect,PainSplit|Sassy|||||50|]Blastoise||Blastoisinite|Torrent|WaterSpout,DarkPulse,Protect,ShellSmash|Modest||F|||50|]Sneasler||WhiteHerb|Unburden|FakeOut,QuickGuard,DireClaw,CloseCombat|Jolly||M|||50|]Staraptor||ChoiceScarf|Reckless|FinalGambit,BraveBird,CloseCombat,DualWingbeat|Jolly||M|||50|]Pelipper||DampRock|Drizzle|Hurricane,Tailwind,WeatherBall,WideGuard|Modest||M|||50|]Kingambit||LifeOrb|Defiant|SuckerPunch,KowtowCleave,LowKick,Protect|Adamant||M|||50|
|
|t:|1786017973
|teamsize|p1|4
|teamsize|p2|4
|start
|switch|p1a: Basculegion|Basculegion, L50, M, shiny|100/100
|switch|p1b: Kingambit|Kingambit, L50, F, shiny|100/100
|switch|p2a: Staraptor|Staraptor, L50, M|100/100
|switch|p2b: Blastoise|Blastoise, L50, F|100/100
|turn|1
|inactive|Battle timer is ON: inactive players will automatically lose when time's up. (requested by Nonnyvibrant)
|inactive|Nonnyvibrant has 60 seconds left.
|
|t:|1786018010
|switch|p1b: Sylveon|Sylveon, L50, M|100/100
|detailschange|p2b: Blastoise|Blastoise-Mega, L50, F
|-mega|p2b: Blastoise|Blastoise|Blastoisinite
|move|p2a: Staraptor|Close Combat|p1b: Sylveon
|-resisted|p1b: Sylveon|1
|-damage|p1b: Sylveon|81/100
|-unboost|p2a: Staraptor|def|1
|-unboost|p2a: Staraptor|spd|1
|move|p1a: Basculegion|Last Respects|p2b: Blastoise
|-damage|p2b: Blastoise|65/100
|move|p2b: Blastoise|Dark Pulse|p1a: Basculegion
|-supereffective|p1a: Basculegion|1
|-enditem|p1a: Basculegion|Focus Sash
|-damage|p1a: Basculegion|1/100
|
|upkeep
|turn|2
|inactive|Nonnyvibrant has 30 seconds left.
|
|t:|1786018042
|switch|p2a: Sinistcha|Sinistcha, L50|100/100
|-heal|p2b: Blastoise|90/100|[from] ability: Hospitality|[of] p2a: Sinistcha
|move|p1a: Basculegion|Protect|p1a: Basculegion
|-singleturn|p1a: Basculegion|Protect
|move|p2b: Blastoise|Protect|p2b: Blastoise
|-singleturn|p2b: Blastoise|Protect
|move|p1b: Sylveon|Hyper Voice|p2b: Blastoise|[spread] p2a
|-activate|p2b: Blastoise|move: Protect
|-damage|p2a: Sinistcha|51/100
|
|upkeep
|turn|3
|inactive|Nonnyvibrant has 30 seconds left.
|
|t:|1786018076
|move|p2a: Sinistcha|Rage Powder|p2a: Sinistcha
|-singleturn|p2a: Sinistcha|move: Rage Powder
|move|p1a: Basculegion|Last Respects|p2a: Sinistcha
|-supereffective|p2a: Sinistcha|1
|-crit|p2a: Sinistcha
|-damage|p2a: Sinistcha|0 fnt
|faint|p2a: Sinistcha
|move|p2b: Blastoise|Water Spout|p1a: Basculegion|[spread] p1a,p1b
|-resisted|p1a: Basculegion|1
|-damage|p1a: Basculegion|0 fnt
|-damage|p1b: Sylveon|35/100
|faint|p1a: Basculegion
|move|p1b: Sylveon|Hyper Beam|p2b: Blastoise
|-damage|p2b: Blastoise|0 fnt
|-mustrecharge|p1b: Sylveon
|faint|p2b: Blastoise
|
|upkeep
|
|t:|1786018095
|switch|p1a: Blaziken|Blaziken, L50, M, shiny|100/100
|switch|p2b: Staraptor|Staraptor, L50, M|100/100
|switch|p2a: Kingambit|Kingambit, L50, M|100/100
|turn|4
|
|t:|1786018111
|detailschange|p1a: Blaziken|Blaziken-Mega, L50, M, shiny
|-mega|p1a: Blaziken|Blaziken|Blazikenite
|move|p1a: Blaziken|Protect|p1a: Blaziken
|-singleturn|p1a: Blaziken|Protect
|move|p2b: Staraptor|Brave Bird|p1a: Blaziken
|-activate|p1a: Blaziken|move: Protect
|cant|p1b: Sylveon|recharge
|move|p2a: Kingambit|Kowtow Cleave|p1b: Sylveon
|-resisted|p1b: Sylveon|1
|-damage|p1b: Sylveon|0 fnt
|faint|p1b: Sylveon
|-damage|p2a: Kingambit|90/100|[from] item: Life Orb
|
|-ability|p1a: Blaziken|Speed Boost|boost
|-boost|p1a: Blaziken|spe|1
|upkeep
|
|t:|1786018130
|switch|p1b: Kingambit|Kingambit, L50, F, shiny|100/100
|turn|5
|inactive|Nonnyvibrant has 30 seconds left.
|inactive|Nonnyvibrant has 20 seconds left.
|inactive|Nonnyvibrant has 15 seconds left.
|inactive|Nonnyvibrant has 10 seconds left.
|
|t:|1786018179
|move|p1b: Kingambit|Sucker Punch|p2b: Staraptor
|-damage|p2b: Staraptor|29/100
|-damage|p1b: Kingambit|90/100|[from] item: Life Orb
|move|p2b: Staraptor|Brave Bird|p1a: Blaziken
|-supereffective|p1a: Blaziken|1
|-damage|p1a: Blaziken|0 fnt
|faint|p1a: Blaziken
|-damage|p2b: Staraptor|2/100|[from] Recoil
|move|p2a: Kingambit|Low Kick|p1b: Kingambit
|-supereffective|p1b: Kingambit|2
|-damage|p1b: Kingambit|0 fnt
|faint|p1b: Kingambit
|-damage|p2a: Kingambit|80/100|[from] item: Life Orb
|
|win|nimbu12
|raw|Nonnyvibrant's rating: 1125 → 1095(-30 for losing)
|raw|nimbu12's rating: 1058 → 1095(+37 for winning)
|l|☆Nonnyvibrant
|player|p1|
|j|☆Nonnyvibrant
|player|p1|Nonnyvibrant|101|
