|j|☆spyjus
|j|☆lux raymundi
|html|spyjuslux raymundi    
|uhtml|bestof|Game 1 of a best-of-3
|t:|1783537483
|gametype|doubles
|player|p1|spyjus|265|1064
|player|p2|lux raymundi|101|1166
|gen|9
|tier|[Gen 9 Champions] VGC 2026 Reg M-B (Bo3)
|rated|
|rule|Species Clause: Limit one of each Pokémon
|rule|Item Clause: Limit 1 of each item
|clearpoke
|poke|p1|Blastoise, L50, F|
|poke|p1|Hatterene, L50, F|
|poke|p1|Oranguru, L50, F|
|poke|p1|Torkoal, L50, F|
|poke|p1|Archaludon, L50, F|
|poke|p1|Meganium, L50, F|
|poke|p2|Farigiraf, L50, F|
|poke|p2|Floette-Eternal, L50, F|
|poke|p2|Basculegion, L50, M|
|poke|p2|Sneasler, L50, M|
|poke|p2|Sinistcha, L50|
|poke|p2|Delphox, L50, M|
|teampreview|4
|showteam|p1|Blastoise||Blastoisinite|Torrent|WaterPulse,DragonPulse,DarkPulse,Protect|Modest||F|||50|]Hatterene||FocusSash|MagicBounce|TrickRoom,ExpandingForce,PsychicTerrain,MysticalFire|Quiet||F|||50|]Oranguru||SitrusBerry|InnerFocus|PsychicTerrain,ExpandingForce,ShadowBall,TrickRoom|Quiet||F|||50|]Torkoal||HeatRock|Drought|Eruption,HeatWave,Protect,EarthPower|Modest||F|||50|]Archaludon||Leftovers|Stamina|FlashCannon,DracoMeteor,DarkPulse,Protect|Serious||F|||50|]Meganium||Meganiumite|LeafGuard|SolarBeam,WeatherBall,Synthesis,Protect|Modest||F|||50|
|showteam|p2|Farigiraf||SitrusBerry|ArmorTail|TrickRoom,HelpingHand,Protect,TwinBeam|Bold||F|||50|]Floette-Eternal||Floettite|FlowerVeil|CalmMind,DazzlingGleam,Moonblast,Protect|Modest||F|||50|]Basculegion||FocusSash|Adaptability|AquaJet,Liquidation,LastRespects,Protect|Adamant||M|||50|]Sneasler||WhiteHerb|Unburden|FakeOut,CloseCombat,DireClaw,Protect|Jolly||M|||50|]Sinistcha||KasibBerry|Hospitality|MatchaGotcha,RagePowder,TrickRoom,LifeDew|Serious|||||50|]Delphox||Delphoxite|Blaze|NastyPlot,HeatWave,Psychic,Protect|Timid||M|||50|
|inactive|Battle timer is ON: inactive players will automatically lose when time's up. (requested by spyjus)
|inactive|lux raymundi has 60 seconds left.
|
|t:|1783537521
|teamsize|p1|4
|teamsize|p2|4
|start
|switch|p1a: Hatterene|Hatterene, L50, F|100/100
|switch|p1b: Oranguru|Oranguru, L50, F|100/100
|switch|p2a: Sneasler|Sneasler, L50, M|100/100
|switch|p2b: Floette|Floette-Eternal, L50, F|100/100
|turn|1
|
|t:|1783537542
|detailschange|p2b: Floette|Floette-Mega, L50, F
|-mega|p2b: Floette|Floette|Floettite
|-ability|p2b: Floette|Fairy Aura
|move|p2a: Sneasler|Close Combat|p1b: Oranguru
|-damage|p1b: Oranguru|35/100
|-unboost|p2a: Sneasler|def|1
|-unboost|p2a: Sneasler|spd|1
|-enditem|p1b: Oranguru|Sitrus Berry|[eat]
|-heal|p1b: Oranguru|60/100|[from] item: Sitrus Berry
|-enditem|p2a: Sneasler|White Herb
|-clearnegativeboost|p2a: Sneasler|[silent]
|move|p2b: Floette|Moonblast|p1b: Oranguru
|-damage|p1b: Oranguru|4/100
|move|p1a: Hatterene|Psychic Terrain|p1a: Hatterene
|-fieldstart|move: Psychic Terrain
|move|p1b: Oranguru|Trick Room|p1b: Oranguru
|-fieldstart|move: Trick Room|[of] p1b: Oranguru
|
|upkeep
|turn|2
|
|t:|1783537563
|move|p2a: Sneasler|Protect|p2a: Sneasler
|-singleturn|p2a: Sneasler|Protect
|move|p1a: Hatterene|Expanding Force|p2b: Floette|[spread] p2b
|-activate|p2a: Sneasler|move: Protect
|-damage|p2b: Floette|47/100
|move|p1b: Oranguru|Expanding Force|p2b: Floette|[spread] p2b
|-activate|p2a: Sneasler|move: Protect
|-damage|p2b: Floette|11/100
|move|p2b: Floette|Calm Mind|p2b: Floette
|-boost|p2b: Floette|spa|1
|-boost|p2b: Floette|spd|1
|
|upkeep
|turn|3
|
|t:|1783537579
|switch|p2a: Sinistcha|Sinistcha, L50|100/100
|-heal|p2b: Floette|36/100|[from] ability: Hospitality|[of] p2a: Sinistcha
|move|p2b: Floette|Protect|p2b: Floette
|-singleturn|p2b: Floette|Protect
|move|p1a: Hatterene|Expanding Force|p2b: Floette|[spread] p2a
|-activate|p2b: Floette|move: Protect
|-damage|p2a: Sinistcha|25/100
|move|p1b: Oranguru|Expanding Force|p2b: Floette|[spread] p2a
|-activate|p2b: Floette|move: Protect
|-damage|p2a: Sinistcha|0 fnt
|faint|p2a: Sinistcha
|
|upkeep
|
|t:|1783537592
|switch|p2a: Sneasler|Sneasler, L50, M|100/100
|turn|4
|
|t:|1783537598
|move|p2a: Sneasler|Fake Out|p1b: Oranguru
|-activate|p1b: Oranguru|move: Psychic Terrain
|move|p1a: Hatterene|Expanding Force|p2a: Sneasler|[spread] p2a,p2b
|-supereffective|p2a: Sneasler|2
|-damage|p2a: Sneasler|0 fnt
|-damage|p2b: Floette|3/100
|faint|p2a: Sneasler
|move|p1b: Oranguru|Expanding Force|p2b: Floette
|-damage|p2b: Floette|0 fnt
|faint|p2b: Floette
|
|upkeep
|
|t:|1783537617
|switch|p2b: Basculegion|Basculegion, L50, M|100/100
|turn|5
|
|t:|1783537632
|move|p2b: Basculegion|Protect|p2b: Basculegion
|-singleturn|p2b: Basculegion|Protect
|move|p1a: Hatterene|Expanding Force|p2b: Basculegion
|-activate|p2b: Basculegion|move: Protect
|move|p1b: Oranguru|Shadow Ball|p2b: Basculegion
|-activate|p2b: Basculegion|move: Protect
|
|-fieldend|move: Trick Room
|-fieldend|move: Psychic Terrain
|upkeep
|turn|6
|
|t:|1783537647
|switch|p1b: Meganium|Meganium, L50, F|100/100
|move|p2b: Basculegion|Liquidation|p1b: Meganium
|-resisted|p1b: Meganium|1
|-damage|p1b: Meganium|73/100
|move|p1a: Hatterene|Trick Room|p1a: Hatterene
|-fieldstart|move: Trick Room|[of] p1a: Hatterene
|
|upkeep
|turn|7
|
|t:|1783537658
|detailschange|p1b: Meganium|Meganium-Mega, L50, F
|-mega|p1b: Meganium|Meganium|Meganiumite
|move|p1a: Hatterene|Expanding Force|p2b: Basculegion
|-damage|p2b: Basculegion|47/100
|move|p1b: Meganium|Solar Beam||[still]
|-prepare|p1b: Meganium|Solar Beam
|-activate|p1b: Meganium|ability: Mega Sol
|-anim|p1b: Meganium|Solar Beam|p2b: Basculegion
|-supereffective|p2b: Basculegion|1
|-damage|p2b: Basculegion|0 fnt
|faint|p2b: Basculegion
|
|win|spyjus
