|j|☆eklyst
|j|☆FieryFIame
|html|eklystFieryFIame    
|uhtml|bestof|Game 2 of a best-of-3
|t:|1784908794
|gametype|doubles
|player|p1|eklyst|pokemaniac|1225
|player|p2|FieryFIame|1|1307
|gen|9
|tier|[Gen 9 Champions] VGC 2026 Reg M-B (Bo3)
|rated|
|rule|Species Clause: Limit one of each Pokémon
|rule|Item Clause: Limit 1 of each item
|clearpoke
|poke|p1|Metagross, L50|
|poke|p1|Floette-Eternal, L50, F|
|poke|p1|Garchomp, L50, F|
|poke|p1|Aerodactyl, L50, M|
|poke|p1|Sinistcha, L50|
|poke|p1|Incineroar, L50, F|
|poke|p2|Venusaur, L50, F|
|poke|p2|Charizard, L50, F|
|poke|p2|Garchomp, L50, F|
|poke|p2|Annihilape, L50, M|
|poke|p2|Incineroar, L50, M|
|poke|p2|Toxapex, L50, M|
|teampreview|4
|showteam|p1|Metagross||Metagrossite|ClearBody|PsychicFangs,IronHead,BulletPunch,Protect|Adamant|||||50|]Floette-Eternal||Floettite|FlowerVeil|DazzlingGleam,Moonblast,CalmMind,Protect|Modest||F|||50|]Garchomp||LifeOrb|RoughSkin|RockSlide,StompingTantrum,DragonClaw,Protect|Jolly||F|||50|]Aerodactyl||FocusSash|Unnerve|RockSlide,DualWingbeat,Tailwind,Protect|Jolly||M|||50|]Sinistcha||KasibBerry|Hospitality|MatchaGotcha,TrickRoom,RagePowder,Protect|Relaxed|||||50|]Incineroar||SitrusBerry|Intimidate|FakeOut,FlareBlitz,ThroatChop,PartingShot|Adamant||F|||50|
|showteam|p2|Venusaur||LifeOrb|Chlorophyll|SolarBeam,SludgeBomb,EarthPower,Protect|Modest||F|||50|]Charizard||CharizarditeY|Blaze|HeatWave,WeatherBall,HelpingHand,Protect|Modest||F|||50|]Garchomp||ChoiceScarf|RoughSkin|DragonClaw,Earthquake,RockSlide,StompingTantrum|Adamant||F|||50|]Annihilape||FocusSash|Defiant|CloseCombat,PhantomForce,RockTomb,Protect|Jolly||M|||50|]Incineroar||SitrusBerry|Intimidate|FakeOut,PartingShot,ThroatChop,FlareBlitz|Impish||M|||50|]Toxapex||Leftovers|Regenerator|Toxic,Infestation,BanefulBunker,WideGuard|Bold||M|||50|
|inactive|Battle timer is ON: inactive players will automatically lose when time's up. (requested by eklyst)
|
|t:|1784908807
|teamsize|p1|4
|teamsize|p2|4
|start
|switch|p1a: Aerodactyl|Aerodactyl, L50, M|100/100
|switch|p1b: Garchomp|Garchomp, L50, F|100/100
|switch|p2a: Charizard|Charizard, L50, F|100/100
|switch|p2b: Toxapex|Toxapex, L50, M|100/100
|-ability|p1a: Aerodactyl|Unnerve
|turn|1
|
|t:|1784908836
|switch|p2a: Incineroar|Incineroar, L50, M|100/100
|-ability|p2a: Incineroar|Intimidate|boost
|-unboost|p1a: Aerodactyl|atk|1
|-unboost|p1b: Garchomp|atk|1
|move|p1a: Aerodactyl|Tailwind|p1a: Aerodactyl
|-sidestart|p1: eklyst|move: Tailwind
|move|p1b: Garchomp|Dragon Claw|p2a: Incineroar
|-damage|p2a: Incineroar|70/100
|-damage|p1b: Garchomp|90/100|[from] item: Life Orb
|move|p2b: Toxapex|Toxic|p1b: Garchomp
|-status|p1b: Garchomp|tox
|
|-damage|p1b: Garchomp|84/100 tox|[from] psn
|upkeep
|turn|2
|
|t:|1784908851
|switch|p1b: Incineroar|Incineroar, L50, F|100/100
|-ability|p1b: Incineroar|Intimidate|boost
|-unboost|p2a: Incineroar|atk|1
|-unboost|p2b: Toxapex|atk|1
|move|p2a: Incineroar|Fake Out|p1b: Incineroar
|-damage|p1b: Incineroar|92/100
|move|p1a: Aerodactyl|Rock Slide|p2b: Toxapex|[spread] p2a,p2b
|-supereffective|p2a: Incineroar|1
|-damage|p2a: Incineroar|45/100
|-damage|p2b: Toxapex|89/100
|move|p2b: Toxapex|Infestation|p1a: Aerodactyl
|-resisted|p1a: Aerodactyl|1
|-damage|p1a: Aerodactyl|97/100
|-activate|p1a: Aerodactyl|move: Infestation|[of] p2b: Toxapex
|
|-heal|p2b: Toxapex|95/100|[from] item: Leftovers
|-damage|p1a: Aerodactyl|85/100|[from] move: Infestation|[partiallytrapped]
|upkeep
|turn|3
|
|t:|1784908871
|switch|p1b: Metagross|Metagross, L50|100/100
|switch|p2a: Charizard|Charizard, L50, F|100/100
|move|p2b: Toxapex|Wide Guard|p2b: Toxapex
|-singleturn|p2b: Toxapex|Wide Guard
|move|p1a: Aerodactyl|Rock Slide|p2b: Toxapex|[spread] 
|-activate|p2a: Charizard|move: Wide Guard
|-activate|p2b: Toxapex|move: Wide Guard
|
|-heal|p2b: Toxapex|100/100|[from] item: Leftovers
|-damage|p1a: Aerodactyl|73/100|[from] move: Infestation|[partiallytrapped]
|upkeep
|turn|4
|
|t:|1784908892
|switch|p1b: Incineroar|Incineroar, L50, F|92/100
|-ability|p1b: Incineroar|Intimidate|boost
|-unboost|p2a: Charizard|atk|1
|-unboost|p2b: Toxapex|atk|1
|switch|p2b: Incineroar|Incineroar, L50, M|45/100
|-ability|p2b: Incineroar|Intimidate|boost
|-unboost|p1a: Aerodactyl|atk|1
|-unboost|p1b: Incineroar|atk|1
|detailschange|p2a: Charizard|Charizard-Mega-Y, L50, F
|-mega|p2a: Charizard|Charizard|Charizardite Y
|-weather|SunnyDay|[from] ability: Drought|[of] p2a: Charizard
|move|p1a: Aerodactyl|Protect|p1a: Aerodactyl
|-singleturn|p1a: Aerodactyl|Protect
|move|p2a: Charizard|Heat Wave|p1b: Incineroar|[spread] p1b
|-activate|p1a: Aerodactyl|move: Protect
|-resisted|p1b: Incineroar|1
|-damage|p1b: Incineroar|66/100
|
|-weather|SunnyDay|[upkeep]
|-end|p1a: Aerodactyl|Infestation|[partiallytrapped]|[silent]
|-sideend|p1: eklyst|move: Tailwind
|upkeep
|turn|5
|inactive|FieryFIame has 30 seconds left.
|
|t:|1784908918
|switch|p2a: Toxapex|Toxapex, L50, M|100/100
|move|p1b: Incineroar|Fake Out|p2b: Incineroar
|-damage|p2b: Incineroar|39/100
|move|p1a: Aerodactyl|Tailwind|p1a: Aerodactyl
|-sidestart|p1: eklyst|move: Tailwind
|cant|p2b: Incineroar|flinch
|
|-weather|SunnyDay|[upkeep]
|upkeep
|turn|6
|
|t:|1784908939
|switch|p1a: Garchomp|Garchomp, L50, F|84/100 tox
|-enditem|p2b: Incineroar|Sitrus Berry|[eat]
|-heal|p2b: Incineroar|63/100|[from] item: Sitrus Berry
|move|p1b: Incineroar|Flare Blitz|p2b: Incineroar
|-resisted|p2b: Incineroar|1
|-damage|p2b: Incineroar|42/100
|-damage|p1b: Incineroar|59/100|[from] Recoil
|move|p2b: Incineroar|Parting Shot|p1b: Incineroar
|-unboost|p1b: Incineroar|atk|1
|-unboost|p1b: Incineroar|spa|1
|
|t:|1784908951
|switch|p2b: Venusaur|Venusaur, L50, F|100/100|[from] Parting Shot
|move|p2a: Toxapex|Infestation|p1b: Incineroar
|-damage|p1b: Incineroar|56/100
|-activate|p1b: Incineroar|move: Infestation|[of] p2a: Toxapex
|
|-weather|SunnyDay|[upkeep]
|-damage|p1a: Garchomp|78/100 tox|[from] psn
|-damage|p1b: Incineroar|44/100|[from] move: Infestation|[partiallytrapped]
|upkeep
|-enditem|p1b: Incineroar|Sitrus Berry|[eat]
|-heal|p1b: Incineroar|69/100|[from] item: Sitrus Berry
|turn|7
|
|t:|1784908964
|move|p2b: Venusaur|Protect|p2b: Venusaur
|-singleturn|p2b: Venusaur|Protect
|move|p1a: Garchomp|Stomping Tantrum|p2a: Toxapex
|-supereffective|p2a: Toxapex|1
|-damage|p2a: Toxapex|33/100
|-damage|p1a: Garchomp|68/100 tox|[from] item: Life Orb
|move|p1b: Incineroar|Flare Blitz|p2b: Venusaur
|-activate|p2b: Venusaur|move: Protect
|move|p2a: Toxapex|Infestation|p1a: Garchomp
|-damage|p1a: Garchomp|64/100 tox
|-activate|p1a: Garchomp|move: Infestation|[of] p2a: Toxapex
|-damage|p2a: Toxapex|21/100|[from] ability: Rough Skin|[of] p1a: Garchomp
|
|-weather|SunnyDay|[upkeep]
|-heal|p2a: Toxapex|27/100|[from] item: Leftovers
|-damage|p1a: Garchomp|52/100 tox|[from] psn
|-damage|p1a: Garchomp|40/100 tox|[from] move: Infestation|[partiallytrapped]
|-damage|p1b: Incineroar|56/100|[from] move: Infestation|[partiallytrapped]
|upkeep
|turn|8
|
|t:|1784908987
|move|p1a: Garchomp|Protect|p1a: Garchomp
|-singleturn|p1a: Garchomp|Protect
|move|p2a: Toxapex|Baneful Bunker|p2a: Toxapex
|-singleturn|p2a: Toxapex|move: Protect
|move|p2b: Venusaur|Earth Power|p1b: Incineroar
|-supereffective|p1b: Incineroar|1
|-damage|p1b: Incineroar|0 fnt
|faint|p1b: Incineroar
|-damage|p2b: Venusaur|90/100|[from] item: Life Orb
|
|-weather|none
|-heal|p2a: Toxapex|33/100|[from] item: Leftovers
|-damage|p1a: Garchomp|22/100 tox|[from] psn
|-damage|p1a: Garchomp|10/100 tox|[from] move: Infestation|[partiallytrapped]
|-sideend|p1: eklyst|move: Tailwind
|upkeep
|
|t:|1784908996
|switch|p1b: Aerodactyl|Aerodactyl, L50, M|73/100
|-ability|p1b: Aerodactyl|Unnerve
|turn|9
|
|t:|1784909007
|-heal|p2a: Toxapex|66/100|[from] ability: Regenerator|[silent]
|switch|p2a: Charizard|Charizard-Mega-Y, L50, F|100/100
|-weather|SunnyDay|[from] ability: Drought|[of] p2a: Charizard
|move|p2b: Venusaur|Solar Beam||[still]
|-prepare|p2b: Venusaur|Solar Beam
|-anim|p2b: Venusaur|Solar Beam|p1b: Aerodactyl
|-damage|p1b: Aerodactyl|0 fnt
|faint|p1b: Aerodactyl
|-damage|p2b: Venusaur|81/100|[from] item: Life Orb
|move|p1a: Garchomp|Stomping Tantrum|p2a: Charizard
|-immune|p2a: Charizard
|
|-weather|SunnyDay|[upkeep]
|-damage|p1a: Garchomp|0 fnt|[from] psn
|faint|p1a: Garchomp
|upkeep
|
|t:|1784909016
|switch|p1a: Metagross|Metagross, L50|100/100
|turn|10
|
|t:|1784909026
|detailschange|p1a: Metagross|Metagross-Mega, L50
|-mega|p1a: Metagross|Metagross|Metagrossite
|move|p2b: Venusaur|Earth Power|p1a: Metagross
|-supereffective|p1a: Metagross|1
|-damage|p1a: Metagross|28/100
|-damage|p2b: Venusaur|71/100|[from] item: Life Orb
|move|p1a: Metagross|Iron Head|p2a: Charizard
|-resisted|p2a: Charizard|1
|-damage|p2a: Charizard|67/100
|move|p2a: Charizard|Weather Ball|p1a: Metagross
|-supereffective|p1a: Metagross|1
|-damage|p1a: Metagross|0 fnt
|faint|p1a: Metagross
|
|win|FieryFIame
|raw|eklyst's rating: 1225 → 1206(-19 for losing)
|raw|FieryFIame's rating: 1307 → 1322(+15 for winning)
|l|☆FieryFIame
|player|p2|
