|j|☆DrakyPana
|j|☆DonVGC
|html|DrakyPanaDonVGC    
|uhtml|bestof|Game 2 of a best-of-3
|t:|1757646679
|gametype|doubles
|player|p1|DrakyPana|266|
|player|p2|DonVGC|265|
|gen|9
|tier|[Gen 9] VGC 2025 Reg H (Bo3)
|rule|Species Clause: Limit one of each Pokémon
|rule|Item Clause: Limit 1 of each item
|clearpoke
|poke|p1|Porygon2, L50|
|poke|p1|Incineroar, L50, F|
|poke|p1|Ursaluna, L50, M|
|poke|p1|Amoonguss, L50, F|
|poke|p1|Gholdengo, L50|
|poke|p1|Dragonite, L50, F|
|poke|p2|Clodsire, L50, M|
|poke|p2|Rillaboom, L50, F|
|poke|p2|Pelipper, L50, M|
|poke|p2|Archaludon, L50, M|
|poke|p2|Talonflame, L50, F|
|poke|p2|Kingdra, L50, F|
|teampreview|4
|showteam|p1|Porygon2||Eviolite|Download|TeraBlast,IceBeam,Recover,TrickRoom||||||50|,,,,,Fighting]Incineroar||SafetyGoggles|Intimidate|FlareBlitz,FakeOut,KnockOff,PartingShot|||F|||50|,,,,,Ghost]Ursaluna||FlameOrb|Guts|HeadlongRush,Facade,Earthquake,Protect|||M|||50|,,,,,Ghost]Amoonguss||SitrusBerry|Regenerator|PollenPuff,Spore,RagePowder,Protect|||F|||50|,,,,,Water]Gholdengo||LifeOrb|GoodasGold|MakeItRain,ShadowBall,NastyPlot,Protect||||||50|,,,,,Water]Dragonite||LoadedDice|Multiscale|ScaleShot,Haze,Tailwind,Protect|||F|||50|,,,,,Steel
|showteam|p2|Clodsire||FigyBerry|WaterAbsorb|Yawn,HighHorsepower,HelpingHand,Recover|||M|||50|,,,,,Grass]Rillaboom||AssaultVest|GrassySurge|FakeOut,HammerArm,GrassyGlide,WoodHammer|||F|||50|,,,,,Grass]Pelipper||FocusSash|Drizzle|Protect,Tailwind,Hurricane,WeatherBall|||M|||50|,,,,,Flying]Archaludon||PowerHerb|Stamina|AuraSphere,ElectroShot,FlashCannon,DracoMeteor|||M|||50|,,,,,Fighting]Talonflame||ChoiceBand|GaleWings|BraveBird,Uturn,FlareBlitz,Feint|||F|||50|,,,,,Flying]Kingdra||LifeOrb|SwiftSwim|MuddyWater,WeatherBall,Protect,DracoMeteor|||F|||50|,,,,,Water
|j| Cyan_Streamz
|j| Ragnix
|
|t:|1757646710
|teamsize|p1|4
|teamsize|p2|4
|start
|switch|p1a: Amoonguss|Amoonguss, L50, F|100/100
|switch|p1b: Gholdengo|Gholdengo, L50|100/100
|switch|p2a: Clodsire|Clodsire, L50, M|100/100
|switch|p2b: Archaludon|Archaludon, L50, M|100/100
|turn|1
|inactive|Battle timer is ON: inactive players will automatically lose when time's up. (requested by DrakyPana)
|
|t:|1757646767
|-terastallize|p2a: Clodsire|Grass
|move|p1b: Gholdengo|Protect|p1b: Gholdengo
|-singleturn|p1b: Gholdengo|Protect
|move|p2b: Archaludon|Electro Shot||[still]
|-prepare|p2b: Archaludon|Electro Shot
|-boost|p2b: Archaludon|spa|1
|-enditem|p2b: Archaludon|Power Herb
|-anim|p2b: Archaludon|Electro Shot|p1b: Gholdengo
|-activate|p1b: Gholdengo|move: Protect
|move|p1a: Amoonguss|Spore|p2b: Archaludon
|-status|p2b: Archaludon|slp|[from] move: Spore
|move|p2a: Clodsire|Yawn|p1a: Amoonguss
|-start|p1a: Amoonguss|move: Yawn|[of] p2a: Clodsire
|
|upkeep
|turn|2
|inactive|DrakyPana has 30 seconds left.
|inactive|DonVGC has 30 seconds left.
|inactive|DrakyPana has 20 seconds left.
|inactive|DonVGC has 20 seconds left.
|inactive|DrakyPana has 15 seconds left.
|
|t:|1757646808
|switch|p1a: Ursaluna|Ursaluna, L50, M|100/100
|move|p1b: Gholdengo|Nasty Plot|p1b: Gholdengo
|-boost|p1b: Gholdengo|spa|2
|cant|p2b: Archaludon|slp
|move|p2a: Clodsire|Yawn|p1a: Ursaluna
|-start|p1a: Ursaluna|move: Yawn|[of] p2a: Clodsire
|
|-status|p1a: Ursaluna|brn|[from] item: Flame Orb
|upkeep
|turn|3
|inactive|DonVGC has 30 seconds left.
|inactive|DrakyPana has 30 seconds left.
|inactive|DonVGC has 20 seconds left.
|inactive|DonVGC has 15 seconds left.
|inactive|DonVGC has 10 seconds left.
|
|t:|1757646853
|switch|p2a: Pelipper|Pelipper, L50, M|100/100
|-weather|RainDance|[from] ability: Drizzle|[of] p2a: Pelipper
|move|p1b: Gholdengo|Shadow Ball|p2a: Pelipper
|-enditem|p2a: Pelipper|Focus Sash
|-damage|p2a: Pelipper|1/100
|-damage|p1b: Gholdengo|91/100|[from] item: Life Orb
|-curestatus|p2b: Archaludon|slp|[msg]
|move|p2b: Archaludon|Electro Shot||[still]
|-prepare|p2b: Archaludon|Electro Shot
|-boost|p2b: Archaludon|spa|1
|-anim|p2b: Archaludon|Electro Shot|p1b: Gholdengo
|-damage|p1b: Gholdengo|0 fnt
|faint|p1b: Gholdengo
|move|p1a: Ursaluna|Headlong Rush|p2b: Archaludon
|-supereffective|p2b: Archaludon
|-damage|p2b: Archaludon|0 fnt
|-unboost|p1a: Ursaluna|def|1
|-unboost|p1a: Ursaluna|spd|1
|faint|p2b: Archaludon
|
|-weather|RainDance|[upkeep]
|-damage|p1a: Ursaluna|95/100 brn|[from] brn
|-end|p1a: Ursaluna|move: Yawn|[silent]
|upkeep
|inactive|DonVGC has 30 seconds left.
|
|t:|1757646879
|switch|p1b: Porygon2|Porygon2, L50|100/100
|switch|p2b: Rillaboom|Rillaboom, L50, F|100/100
|-fieldstart|move: Grassy Terrain|[from] ability: Grassy Surge|[of] p2b: Rillaboom
|-ability|p1b: Porygon2|Download|boost
|-boost|p1b: Porygon2|spa|1
|turn|4
|
|t:|1757646904
|-terastallize|p1a: Ursaluna|Ghost
|move|p2b: Rillaboom|Fake Out|p1b: Porygon2
|-damage|p1b: Porygon2|90/100
|move|p2a: Pelipper|Weather Ball|p1a: Ursaluna
|-damage|p1a: Ursaluna|2/100 brn
|move|p1a: Ursaluna|Facade|p2b: Rillaboom
|-damage|p2b: Rillaboom|0 fnt
|faint|p2b: Rillaboom
|cant|p1b: Porygon2|flinch
|
|-weather|RainDance|[upkeep]
|-heal|p1a: Ursaluna|8/100 brn|[from] Grassy Terrain
|-heal|p1b: Porygon2|96/100|[from] Grassy Terrain
|-damage|p1a: Ursaluna|2/100 brn|[from] brn
|upkeep
|
|t:|1757646918
|switch|p2b: Clodsire|Clodsire, L50, M, tera:Grass|100/100
|turn|5
|inactive|DonVGC has 30 seconds left.
|inactive|DonVGC has 20 seconds left.
|
|t:|1757646955
|move|p2a: Pelipper|Hurricane|p1a: Ursaluna
|-damage|p1a: Ursaluna|0 fnt
|faint|p1a: Ursaluna
|move|p1b: Porygon2|Ice Beam|p2a: Pelipper
|-damage|p2a: Pelipper|0 fnt
|faint|p2a: Pelipper
|move|p2b: Clodsire|Yawn|p1b: Porygon2
|-start|p1b: Porygon2|move: Yawn|[of] p2b: Clodsire
|
|-weather|RainDance|[upkeep]
|-heal|p1b: Porygon2|100/100|[from] Grassy Terrain
|upkeep
|
|t:|1757646961
|switch|p1a: Amoonguss|Amoonguss, L50, F|100/100
|turn|6
|
|t:|1757646976
|move|p1b: Porygon2|Ice Beam|p2b: Clodsire
|-supereffective|p2b: Clodsire
|-damage|p2b: Clodsire|52/100
|move|p1a: Amoonguss|Pollen Puff|p2b: Clodsire
|-supereffective|p2b: Clodsire
|-damage|p2b: Clodsire|30/100
|move|p2b: Clodsire|Recover|p2b: Clodsire
|-heal|p2b: Clodsire|80/100
|
|-weather|RainDance|[upkeep]
|-heal|p2b: Clodsire|86/100|[from] Grassy Terrain
|-end|p1b: Porygon2|move: Yawn|[silent]
|-status|p1b: Porygon2|slp
|upkeep
|turn|7
|inactive|DrakyPana has 30 seconds left.
|
|t:|1757647002
|cant|p1b: Porygon2|slp
|move|p1a: Amoonguss|Pollen Puff|p2b: Clodsire
|-supereffective|p2b: Clodsire
|-damage|p2b: Clodsire|65/100
|move|p2b: Clodsire|Yawn|p1a: Amoonguss
|-start|p1a: Amoonguss|move: Yawn|[of] p2b: Clodsire
|
|-weather|none
|-heal|p2b: Clodsire|71/100|[from] Grassy Terrain
|upkeep
|turn|8
|
|t:|1757647013
|-curestatus|p1b: Porygon2|slp|[msg]
|move|p1b: Porygon2|Ice Beam|p2b: Clodsire
|-supereffective|p2b: Clodsire
|-damage|p2b: Clodsire|23/100
|-enditem|p2b: Clodsire|Figy Berry|[eat]
|-heal|p2b: Clodsire|57/100|[from] item: Figy Berry
|move|p1a: Amoonguss|Pollen Puff|p2b: Clodsire
|-supereffective|p2b: Clodsire
|-damage|p2b: Clodsire|37/100
|move|p2b: Clodsire|High Horsepower|p1a: Amoonguss
|-damage|p1a: Amoonguss|78/100
|
|-heal|p1a: Amoonguss|84/100|[from] Grassy Terrain
|-heal|p2b: Clodsire|43/100|[from] Grassy Terrain
|-end|p1a: Amoonguss|move: Yawn|[silent]
|-status|p1a: Amoonguss|slp
|-fieldend|move: Grassy Terrain
|upkeep
|turn|9
|
|t:|1757647031
|move|p1b: Porygon2|Ice Beam|p2b: Clodsire
|-supereffective|p2b: Clodsire
|-damage|p2b: Clodsire|0 fnt
|faint|p2b: Clodsire
|
|win|DrakyPana
