|j|☆hungry hillo
|j|☆blfuller_4
|html|hungry hilloblfuller_4    
|uhtml|bestof|Game 2 of a best-of-3
|t:|1756316157
|gametype|doubles
|player|p1|hungry hillo|n|1095
|player|p2|blfuller_4|2|1192
|gen|9
|tier|[Gen 9] VGC 2025 Reg H (Bo3)
|rated|
|rule|Species Clause: Limit one of each Pokémon
|rule|Item Clause: Limit 1 of each item
|clearpoke
|poke|p1|Sneasler, L50, F|
|poke|p1|Clefable, L50, M|
|poke|p1|Gholdengo, L50|
|poke|p1|Magmar, L50, F|
|poke|p1|Dragapult, L50, M|
|poke|p1|Rillaboom, L50, M|
|poke|p2|Incineroar, L50, F|
|poke|p2|Rillaboom, L50, F|
|poke|p2|Dragonite, L50, M|
|poke|p2|Gholdengo, L50|
|poke|p2|Ursaluna-Bloodmoon, L50, M|
|poke|p2|Sneasler, L50, F|
|teampreview|4
|showteam|p1|Sneasler||FocusSash|Unburden|CloseCombat,DireClaw,Protect,ThroatChop|||F|||50|,,,,,Dark]Clefable||RockyHelmet|Unaware|Moonblast,IcyWind,FollowMe,Protect|||M|||50|,,,,,Steel]Gholdengo||LifeOrb|GoodasGold|MakeItRain,ShadowBall,NastyPlot,Protect||||||50|,,,,,Water]Magmar||Eviolite|VitalSpirit|Taunt,FollowMe,Protect,Overheat|||F|||50|,,,,,Ghost]Dragapult||ChoiceBand|ClearBody|PhantomForce,DragonDarts,SuckerPunch,Uturn|||M|||50|,,,,,Dragon]Rillaboom||AssaultVest|GrassySurge|WoodHammer,GrassyGlide,HighHorsepower,FakeOut|||M|||50|,,,,,Fire
|showteam|p2|Incineroar||SafetyGoggles|Intimidate|FlareBlitz,KnockOff,PartingShot,FakeOut|||F|||50|,,,,,Ghost]Rillaboom||AssaultVest|GrassySurge|FakeOut,GrassyGlide,WoodHammer,Uturn|||F|||50|,,,,,Fire]Dragonite||LoadedDice|Multiscale|ScaleShot,ExtremeSpeed,Tailwind,Protect|||M|||50|,,,,,Fairy]Gholdengo||Leftovers|GoodasGold|MakeItRain,ShadowBall,NastyPlot,Protect||||||50|,,,,,Water]Ursaluna-Bloodmoon||LifeOrb|MindsEye|HyperVoice,BloodMoon,EarthPower,Protect|||M|||50|,,,,,Normal]Sneasler||GrassySeed|Unburden|FakeOut,DireClaw,CloseCombat,Protect|||F|||50|,,,,,Dark
|
|t:|1756316169
|teamsize|p1|4
|teamsize|p2|4
|start
|switch|p1a: Devil|Clefable, L50, M, shiny|100/100
|switch|p1b: Mr krabe|Gholdengo, L50|100/100
|switch|p2a: Ursaluna|Ursaluna-Bloodmoon, L50, M|100/100
|switch|p2b: Sneasler|Sneasler, L50, F|100/100
|turn|1
|inactive|Battle timer is ON: inactive players will automatically lose when time's up. (requested by hungry hillo)
|
|t:|1756316190
|move|p1b: Mr krabe|Protect|p1b: Mr krabe
|-singleturn|p1b: Mr krabe|Protect
|move|p2b: Sneasler|Close Combat|p1a: Devil
|-resisted|p1a: Devil
|-damage|p1a: Devil|75/100
|-unboost|p2b: Sneasler|def|1
|-unboost|p2b: Sneasler|spd|1
|-damage|p2b: Sneasler|84/100|[from] item: Rocky Helmet|[of] p1a: Devil
|move|p1a: Devil|Icy Wind|p2b: Sneasler|[spread] p2b
|-miss|p1a: Devil|p2a: Ursaluna
|-damage|p2b: Sneasler|71/100
|-unboost|p2b: Sneasler|spe|1
|move|p2a: Ursaluna|Earth Power|p1b: Mr krabe
|-activate|p1b: Mr krabe|move: Protect
|
|upkeep
|turn|2
|
|t:|1756316215
|-terastallize|p1a: Devil|Steel
|-terastallize|p2a: Ursaluna|Normal
|move|p1a: Devil|Follow Me|p1a: Devil
|-singleturn|p1a: Devil|move: Follow Me
|move|p1b: Mr krabe|Nasty Plot|p1b: Mr krabe
|-boost|p1b: Mr krabe|spa|2
|move|p2b: Sneasler|Dire Claw|p1a: Devil
|-immune|p1a: Devil
|move|p2a: Ursaluna|Hyper Voice|p1a: Devil|[spread] p1a,p1b
|-resisted|p1a: Devil
|-resisted|p1b: Mr krabe
|-damage|p1a: Devil|47/100
|-damage|p1b: Mr krabe|66/100
|-damage|p2a: Ursaluna|91/100|[from] item: Life Orb
|
|upkeep
|turn|3
|inactive|blfuller_4 has 30 seconds left.
|
|t:|1756316241
|switch|p2b: Dragonite|Dragonite, L50, M|100/100
|move|p1a: Devil|Follow Me|p1a: Devil
|-singleturn|p1a: Devil|move: Follow Me
|move|p1b: Mr krabe|Make It Rain|p2a: Ursaluna|[spread] p2a,p2b
|-crit|p2a: Ursaluna
|-damage|p2a: Ursaluna|0 fnt
|-damage|p2b: Dragonite|52/100
|-unboost|p1b: Mr krabe|spa|1
|faint|p2a: Ursaluna
|-damage|p1b: Mr krabe|57/100|[from] item: Life Orb
|
|upkeep
|
|t:|1756316258
|switch|p2a: Sneasler|Sneasler, L50, F|71/100
|turn|4
|
|t:|1756316272
|move|p2b: Dragonite|Protect|p2b: Dragonite
|-singleturn|p2b: Dragonite|Protect
|move|p2a: Sneasler|Close Combat|p1a: Devil
|-supereffective|p1a: Devil
|-damage|p1a: Devil|0 fnt
|-unboost|p2a: Sneasler|def|1
|-unboost|p2a: Sneasler|spd|1
|-damage|p2a: Sneasler|54/100|[from] item: Rocky Helmet|[of] p1a: Devil
|faint|p1a: Devil
|move|p1b: Mr krabe|Make It Rain|p2a: Sneasler|[spread] p2a
|-activate|p2b: Dragonite|move: Protect
|-damage|p2a: Sneasler|0 fnt
|-unboost|p1b: Mr krabe|spa|1
|faint|p2a: Sneasler
|-damage|p1b: Mr krabe|47/100|[from] item: Life Orb
|
|upkeep
|
|t:|1756316283
|switch|p2a: Incineroar|Incineroar, L50, F|100/100
|switch|p1a: Wisper|Dragapult, L50, M|100/100
|-ability|p2a: Incineroar|Intimidate|boost
|-fail|p1a: Wisper|unboost|[from] ability: Clear Body|[of] p1a: Wisper
|-unboost|p1b: Mr krabe|atk|1
|turn|5
|
|t:|1756316298
|move|p2b: Dragonite|Protect||[still]
|-fail|p2b: Dragonite
|move|p1a: Wisper|Dragon Darts|p2a: Incineroar
|-damage|p2a: Incineroar|72/100
|-anim|p1a: Wisper|Dragon Darts|p2b: Dragonite
|-supereffective|p2b: Dragonite
|-damage|p2b: Dragonite|0 fnt
|faint|p2b: Dragonite
|move|p1b: Mr krabe|Make It Rain|p2a: Incineroar
|-resisted|p2a: Incineroar
|-damage|p2a: Incineroar|44/100
|-unboost|p1b: Mr krabe|spa|1
|-damage|p1b: Mr krabe|38/100|[from] item: Life Orb
|move|p2a: Incineroar|Knock Off|p1a: Wisper
|-supereffective|p1a: Wisper
|-damage|p1a: Wisper|0 fnt
|-enditem|p1a: Wisper|Choice Band|[from] move: Knock Off|[of] p2a: Incineroar
|faint|p1a: Wisper
|
|upkeep
|
|t:|1756316313
|switch|p1a: ƁºƁ|Sneasler, L50, F|100/100
|turn|6
|
|t:|1756316318
|move|p1a: ƁºƁ|Close Combat|p2a: Incineroar
|-supereffective|p2a: Incineroar
|-damage|p2a: Incineroar|0 fnt
|-unboost|p1a: ƁºƁ|def|1
|-unboost|p1a: ƁºƁ|spd|1
|faint|p2a: Incineroar
|
|win|hungry hillo
|raw|hungry hillo's rating: 1095 → 1128(+33 for winning)
|raw|blfuller_4's rating: 1192 → 1160(-32 for losing)
|l|☆blfuller_4
|player|p2|
|c|☆hungry hillo|Gg
