|j|☆Oreo_Stars
|j|☆TheParasectKing
|html|Oreo_StarsTheParasectKing    
|uhtml|bestof|Game 2 of a best-of-3
|t:|1755151407
|gametype|doubles
|player|p1|Oreo_Stars|169|1229
|player|p2|TheParasectKing|acetrainer-gen4dp|1247
|gen|9
|tier|[Gen 9] VGC 2025 Reg H (Bo3)
|rated|
|rule|Species Clause: Limit one of each Pokémon
|rule|Item Clause: Limit 1 of each item
|clearpoke
|poke|p1|Indeedee, L50, M|
|poke|p1|Sneasler, L50, F|
|poke|p1|Ursaluna-Bloodmoon, L50, M|
|poke|p1|Dragonite, L50, F|
|poke|p1|Incineroar, L50, M|
|poke|p1|Archaludon, L50, F|
|poke|p2|Excadrill, L50, M|
|poke|p2|Amoonguss, L50, F|
|poke|p2|Indeedee, L50, M|
|poke|p2|Corviknight, L50, M|
|poke|p2|Tyranitar, L50, F|
|poke|p2|Sneasler, L50, F|
|teampreview|4
|showteam|p1|Indeedee||FocusSash|PsychicSurge|ExpandingForce,ShadowBall,TrickRoom,Protect|||M|||50|,,,,,Stellar]Sneasler||PsychicSeed|Unburden|Protect,DireClaw,CloseCombat,ThroatChop|||F|||50|,,,,,Dark]Ursaluna-Bloodmoon||LifeOrb|MindsEye|Protect,BloodMoon,HyperVoice,EarthPower|||M|||50|,,,,,Normal]Dragonite||LoadedDice|Multiscale|Protect,Tailwind,ScaleShot,StompingTantrum|||F|||50|,,,,,Fairy]Incineroar||AssaultVest|Intimidate|FakeOut,FlareBlitz,KnockOff,Uturn|||M|||50|,,,,,Ghost]Archaludon||PowerHerb|Sturdy|ElectroShot,DracoMeteor,Snarl,Protect|||F|||50|,,,,,Electric
|showteam|p2|Excadrill||FocusSash|SandRush|HighHorsepower,IronHead,Earthquake,Protect|||M|||50|,,,,,Ground]Amoonguss||CovertCloak|Regenerator|Spore,RagePowder,PollenPuff,Protect|||F|||50|,,,,,Water]Indeedee||ChoiceScarf|PsychicSurge|ExpandingForce,TeraBlast,TrickRoom,Trick|||M|||50|,,,,,Psychic]Corviknight||SitrusBerry|MirrorArmor|BraveBird,Tailwind,BulkUp,Roost|||M|||50|,,,,,Water]Tyranitar||AssaultVest|SandStream|RockSlide,KnockOff,LowKick,TeraBlast|||F|||50|,,,,,Flying]Sneasler||PsychicSeed|Unburden|DireClaw,CloseCombat,ThroatChop,Protect|||F|||50|,,,,,Dark
|inactive|Battle timer is ON: inactive players will automatically lose when time's up. (requested by TheParasectKing)
|inactive|Oreo_Stars also wants the timer to be on.
|
|t:|1755151430
|teamsize|p1|4
|teamsize|p2|4
|start
|switch|p1a: Dragonite|Dragonite, L50, F|100/100
|switch|p1b: Incineroar|Incineroar, L50, M|100/100
|switch|p2a: Corviknight|Corviknight, L50, M|100/100
|switch|p2b: Tyranitar|Tyranitar, L50, F|100/100
|-weather|Sandstorm|[from] ability: Sand Stream|[of] p2b: Tyranitar
|-ability|p1b: Incineroar|Intimidate|boost
|-ability|p2a: Corviknight|Mirror Armor
|-unboost|p1b: Incineroar|atk|1
|-unboost|p2b: Tyranitar|atk|1
|turn|1
|
|t:|1755151455
|switch|p2b: Indeedee|Indeedee, L50, M|100/100
|-fieldstart|move: Psychic Terrain|[from] ability: Psychic Surge|[of] p2b: Indeedee
|move|p1a: Dragonite|Tailwind|p1a: Dragonite
|-sidestart|p1: Oreo_Stars|move: Tailwind
|move|p1b: Incineroar|Flare Blitz|p2a: Corviknight
|-supereffective|p2a: Corviknight
|-damage|p2a: Corviknight|45/100
|-enditem|p2a: Corviknight|Sitrus Berry|[eat]
|-heal|p2a: Corviknight|70/100|[from] item: Sitrus Berry
|-damage|p1b: Incineroar|82/100|[from] Recoil
|move|p2a: Corviknight|Tailwind|p2a: Corviknight
|-sidestart|p2: TheParasectKing|move: Tailwind
|
|-weather|Sandstorm|[upkeep]
|-damage|p2b: Indeedee|94/100|[from] Sandstorm
|-damage|p1a: Dragonite|94/100|[from] Sandstorm
|-damage|p1b: Incineroar|76/100|[from] Sandstorm
|upkeep
|turn|2
|inactive|TheParasectKing has 30 seconds left.
|
|t:|1755151481
|switch|p2b: Excadrill|Excadrill, L50, M|100/100
|-terastallize|p2a: Corviknight|Water
|move|p1a: Dragonite|Protect|p1a: Dragonite
|-singleturn|p1a: Dragonite|Protect
|move|p2a: Corviknight|Bulk Up|p2a: Corviknight
|-boost|p2a: Corviknight|atk|1
|-boost|p2a: Corviknight|def|1
|move|p1b: Incineroar|Knock Off|p2b: Excadrill
|-damage|p2b: Excadrill|67/100
|-enditem|p2b: Excadrill|Focus Sash|[from] move: Knock Off|[of] p1b: Incineroar
|
|-weather|Sandstorm|[upkeep]
|-damage|p1a: Dragonite|88/100|[from] Sandstorm
|-damage|p2a: Corviknight|64/100|[from] Sandstorm
|-damage|p1b: Incineroar|70/100|[from] Sandstorm
|upkeep
|turn|3
|
|t:|1755151503
|move|p2b: Excadrill|Iron Head|p1b: Incineroar
|-resisted|p1b: Incineroar
|-damage|p1b: Incineroar|55/100
|move|p1a: Dragonite|Scale Shot|p2b: Excadrill
|-resisted|p2b: Excadrill
|-damage|p2b: Excadrill|58/100
|-resisted|p2b: Excadrill
|-damage|p2b: Excadrill|49/100
|-resisted|p2b: Excadrill
|-crit|p2b: Excadrill
|-damage|p2b: Excadrill|37/100
|-resisted|p2b: Excadrill
|-damage|p2b: Excadrill|28/100
|-resisted|p2b: Excadrill
|-damage|p2b: Excadrill|20/100
|-hitcount|p2b: Excadrill|5
|-unboost|p1a: Dragonite|def|1
|-boost|p1a: Dragonite|spe|1
|move|p2a: Corviknight|Bulk Up|p2a: Corviknight
|-boost|p2a: Corviknight|atk|1
|-boost|p2a: Corviknight|def|1
|move|p1b: Incineroar|Flare Blitz|p2b: Excadrill
|-supereffective|p2b: Excadrill
|-damage|p2b: Excadrill|0 fnt
|faint|p2b: Excadrill
|-damage|p1b: Incineroar|50/100|[from] Recoil
|
|-weather|Sandstorm|[upkeep]
|-damage|p1a: Dragonite|82/100|[from] Sandstorm
|-damage|p2a: Corviknight|58/100|[from] Sandstorm
|-damage|p1b: Incineroar|44/100|[from] Sandstorm
|upkeep
|
|t:|1755151511
|switch|p2b: Tyranitar|Tyranitar, L50, F|100/100
|turn|4
|
|t:|1755151517
|move|p1a: Dragonite|Protect|p1a: Dragonite
|-singleturn|p1a: Dragonite|Protect
|move|p2a: Corviknight|Roost|p2a: Corviknight
|-heal|p2a: Corviknight|100/100
|move|p2b: Tyranitar|Rock Slide|p1b: Incineroar|[spread] p1b
|-activate|p1a: Dragonite|move: Protect
|-supereffective|p1b: Incineroar
|-damage|p1b: Incineroar|8/100
|cant|p1b: Incineroar|flinch
|
|-weather|Sandstorm|[upkeep]
|-damage|p1a: Dragonite|76/100|[from] Sandstorm
|-damage|p2a: Corviknight|95/100|[from] Sandstorm
|-damage|p1b: Incineroar|2/100|[from] Sandstorm
|-sideend|p1: Oreo_Stars|move: Tailwind
|-sideend|p2: TheParasectKing|move: Tailwind
|upkeep
|turn|5
|inactive|Oreo_Stars has 30 seconds left.
|
|t:|1755151544
|move|p1a: Dragonite|Tailwind|p1a: Dragonite
|-sidestart|p1: Oreo_Stars|move: Tailwind
|move|p1b: Incineroar|Knock Off|p2b: Tyranitar
|-resisted|p2b: Tyranitar
|-damage|p2b: Tyranitar|90/100
|-enditem|p2b: Tyranitar|Assault Vest|[from] move: Knock Off|[of] p1b: Incineroar
|move|p2a: Corviknight|Tailwind|p2a: Corviknight
|-sidestart|p2: TheParasectKing|move: Tailwind
|move|p2b: Tyranitar|Rock Slide|p1b: Incineroar|[spread] p1a,p1b
|-supereffective|p1a: Dragonite
|-supereffective|p1b: Incineroar
|-damage|p1a: Dragonite|3/100
|-damage|p1b: Incineroar|0 fnt
|faint|p1b: Incineroar
|
|-weather|none
|-fieldend|move: Psychic Terrain
|upkeep
|
|t:|1755151547
|switch|p1b: Indeedee|Indeedee, L50, M|100/100
|-fieldstart|move: Psychic Terrain|[from] ability: Psychic Surge|[of] p1b: Indeedee
|turn|6
|inactive|Oreo_Stars has 30 seconds left.
|inactive|TheParasectKing has 30 seconds left.
|inactive|TheParasectKing has 20 seconds left.
|inactive|Oreo_Stars has 20 seconds left.
|
|t:|1755151587
|move|p1a: Dragonite|Stomping Tantrum|p2b: Tyranitar
|-supereffective|p2b: Tyranitar
|-damage|p2b: Tyranitar|54/100
|move|p1b: Indeedee|Expanding Force|p2b: Tyranitar|[spread] p2a
|-immune|p2b: Tyranitar
|-damage|p2a: Corviknight|37/100
|move|p2a: Corviknight|Brave Bird|p1b: Indeedee
|-enditem|p1b: Indeedee|Focus Sash
|-damage|p1b: Indeedee|1/100
|-damage|p2a: Corviknight|16/100|[from] Recoil
|move|p2b: Tyranitar|Rock Slide|p1a: Dragonite|[spread] p1a,p1b
|-supereffective|p1a: Dragonite
|-damage|p1a: Dragonite|0 fnt
|-damage|p1b: Indeedee|0 fnt
|faint|p1a: Dragonite
|faint|p1b: Indeedee
|
|upkeep
|
|t:|1755151590
|switch|p1b: Sneasler|Sneasler, L50, F|100/100
|-enditem|p1b: Sneasler|Psychic Seed
|-boost|p1b: Sneasler|spd|1|[from] item: Psychic Seed
|turn|7
|
|t:|1755151611
|move|p1b: Sneasler|Dire Claw|p2a: Corviknight
|-damage|p2a: Corviknight|0 fnt
|faint|p2a: Corviknight
|move|p2b: Tyranitar|Tera Blast|p1b: Sneasler
|-damage|p1b: Sneasler|85/100
|
|upkeep
|
|t:|1755151614
|switch|p2a: Indeedee|Indeedee, L50, M|94/100
|turn|8
|
|t:|1755151623
|move|p1b: Sneasler|Throat Chop|p2a: Indeedee
|-supereffective|p2a: Indeedee
|-damage|p2a: Indeedee|0 fnt
|faint|p2a: Indeedee
|move|p2b: Tyranitar|Tera Blast|p1b: Sneasler
|-damage|p1b: Sneasler|70/100
|
|-sideend|p1: Oreo_Stars|move: Tailwind
|-sideend|p2: TheParasectKing|move: Tailwind
|upkeep
|turn|9
|
|t:|1755151630
|move|p1b: Sneasler|Close Combat|p2b: Tyranitar
|-supereffective|p2b: Tyranitar
|-damage|p2b: Tyranitar|0 fnt
|-unboost|p1b: Sneasler|def|1
|-unboost|p1b: Sneasler|spd|1
|faint|p2b: Tyranitar
|
|win|Oreo_Stars
|raw|Oreo_Stars's rating: 1229 → 1255(+26 for winning)
|raw|TheParasectKing's rating: 1247 → 1221(-26 for losing)
|c|☆Oreo_Stars|Ggwp
|l|☆TheParasectKing
|player|p2|
|j|☆TheParasectKing
|player|p2|TheParasectKing|acetrainer-gen4dp|
|j| Sparklucario
|l| Sparklucario
|j| Sparklucario
|l| Sparklucario
|l|☆Oreo_Stars
|player|p1|
|j|☆Oreo_Stars
|player|p1|Oreo_Stars|169|
