|j|☆ming0mang0
|j|☆Luke693VGC
|html|ming0mang0Luke693VGC    
|uhtml|bestof|Game 2 of a best-of-3
|t:|1756233522
|gametype|doubles
|player|p1|ming0mang0|harlequin|1102
|player|p2|Luke693VGC|cyclist-gen4|1005
|gen|9
|tier|[Gen 9] VGC 2025 Reg H (Bo3)
|rated|
|rule|Species Clause: Limit one of each Pokémon
|rule|Item Clause: Limit 1 of each item
|clearpoke
|poke|p1|Pelipper, L50, M|
|poke|p1|Archaludon, L50, F|
|poke|p1|Basculegion, L50, M|
|poke|p1|Toxicroak, L50, F|
|poke|p1|Incineroar, L50, F|
|poke|p1|Amoonguss, L50, M|
|poke|p2|Pelipper, L50, M|
|poke|p2|Archaludon, L50, F|
|poke|p2|Sinistcha, L50|
|poke|p2|Ursaluna, L50, M|
|poke|p2|Dragonite, L50, F|
|poke|p2|Incineroar, L50, F|
|teampreview|4
|showteam|p1|Pelipper||FocusSash|Drizzle|WeatherBall,Hurricane,Tailwind,Protect|||M|||50|,,,,,Ghost]Archaludon||AssaultVest|Stamina|ElectroShot,BodyPress,DracoMeteor,FlashCannon|||F|||50|,,,,,Grass]Basculegion||ChoiceBand|SwiftSwim|WaveCrash,FlipTurn,LastRespects,AquaJet|||M|||50|,,,,,Water]Toxicroak||ClearAmulet|DrySkin|GunkShot,CloseCombat,SuckerPunch,FakeOut|||F|||50|,,,,,Dark]Incineroar||SafetyGoggles|Intimidate|FakeOut,KnockOff,Taunt,PartingShot|||F|||50|,,,,,Ghost]Amoonguss||SitrusBerry|Regenerator|PollenPuff,Spore,RagePowder,ClearSmog|||M|||50|,,,,,Water
|showteam|p2|Pelipper||FocusSash|Drizzle|MuddyWater,Hurricane,WideGuard,Tailwind|||M|||50|,,,,,Ghost]Archaludon||AssaultVest|Stamina|FlashCannon,BodyPress,ElectroShot,Snarl|||F|||50|,,,,,Fighting]Sinistcha||SitrusBerry|Hospitality|MatchaGotcha,LifeDew,RagePowder,TrickRoom||||||50|,,,,,Dark]Ursaluna||FlameOrb|Guts|Protect,Facade,HeadlongRush,Earthquake|||M|||50|,,,,,Ghost]Dragonite||LoadedDice|Multiscale|Protect,ScaleShot,Haze,Tailwind|||F|||50|,,,,,Fairy]Incineroar||SafetyGoggles|Intimidate|FlareBlitz,KnockOff,FakeOut,PartingShot|||F|||50|,,,,,Ghost
|inactive|Battle timer is ON: inactive players will automatically lose when time's up. (requested by Luke693VGC)
|inactive|ming0mang0 has 60 seconds left.
|inactive|ming0mang0 has 30 seconds left.
|
|t:|1756233607
|teamsize|p1|4
|teamsize|p2|4
|start
|switch|p1a: Pelipper|Pelipper, L50, M|100/100
|switch|p1b: Toxicroak|Toxicroak, L50, F|100/100
|switch|p2a: Dragonite|Dragonite, L50, F|100/100
|switch|p2b: Incineroar|Incineroar, L50, F|100/100
|-weather|RainDance|[from] ability: Drizzle|[of] p1a: Pelipper
|-ability|p2b: Incineroar|Intimidate|boost
|-unboost|p1a: Pelipper|atk|1
|-fail|p1b: Toxicroak|unboost|[from] item: Clear Amulet|[of] p1b: Toxicroak
|turn|1
|inactive|ming0mang0 has 30 seconds left.
|inactive|ming0mang0 has 20 seconds left.
|inactive|ming0mang0 has 15 seconds left.
|inactive|ming0mang0 has 10 seconds left.
|
|t:|1756233657
|move|p1a: Pelipper|Protect|p1a: Pelipper
|-singleturn|p1a: Pelipper|Protect
|move|p2b: Incineroar|Fake Out|p1a: Pelipper
|-activate|p1a: Pelipper|move: Protect
|move|p1b: Toxicroak|Close Combat|p2b: Incineroar
|-supereffective|p2b: Incineroar
|-damage|p2b: Incineroar|0 fnt
|-unboost|p1b: Toxicroak|def|1
|-unboost|p1b: Toxicroak|spd|1
|faint|p2b: Incineroar
|move|p2a: Dragonite|Tailwind|p2a: Dragonite
|-sidestart|p2: Luke693VGC|move: Tailwind
|
|-weather|RainDance|[upkeep]
|upkeep
|
|t:|1756233668
|switch|p2b: Ursaluna|Ursaluna, L50, M|100/100
|turn|2
|inactive|ming0mang0 has 30 seconds left.
|inactive|Luke693VGC has 30 seconds left.
|inactive|ming0mang0 has 20 seconds left.
|inactive|ming0mang0 has 15 seconds left.
|inactive|ming0mang0 has 10 seconds left.
|inactive|ming0mang0 has 5 seconds left.
|
|t:|1756233718
|-terastallize|p2b: Ursaluna|Ghost
|move|p2a: Dragonite|Scale Shot|p1a: Pelipper
|-damage|p1a: Pelipper|79/100
|-damage|p1a: Pelipper|57/100
|-damage|p1a: Pelipper|37/100
|-damage|p1a: Pelipper|17/100
|-damage|p1a: Pelipper|0 fnt
|faint|p1a: Pelipper
|-hitcount|p1: Pelipper|5
|-unboost|p2a: Dragonite|def|1
|-boost|p2a: Dragonite|spe|1
|move|p2b: Ursaluna|Headlong Rush|p1b: Toxicroak
|-supereffective|p1b: Toxicroak
|-damage|p1b: Toxicroak|0 fnt
|-unboost|p2b: Ursaluna|def|1
|-unboost|p2b: Ursaluna|spd|1
|faint|p1b: Toxicroak
|
|-weather|RainDance|[upkeep]
|-status|p2b: Ursaluna|brn|[from] item: Flame Orb
|upkeep
|
|t:|1756233738
|switch|p1b: Archaludon|Archaludon, L50, F|100/100
|switch|p1a: Basculegion|Basculegion, L50, M|100/100
|turn|3
|inactive|ming0mang0 has 30 seconds left.
|inactive|Luke693VGC has 30 seconds left.
|inactive|ming0mang0 has 20 seconds left.
|inactive|ming0mang0 has 15 seconds left.
|inactive|ming0mang0 has 10 seconds left.
|inactive|ming0mang0 has 5 seconds left.
|
|t:|1756233791
|-terastallize|p1b: Archaludon|Grass
|move|p2b: Ursaluna|Protect|p2b: Ursaluna
|-singleturn|p2b: Ursaluna|Protect
|move|p2a: Dragonite|Scale Shot|p1a: Basculegion
|-damage|p1a: Basculegion|82/100
|-damage|p1a: Basculegion|63/100
|-damage|p1a: Basculegion|44/100
|-damage|p1a: Basculegion|25/100
|-damage|p1a: Basculegion|8/100
|-hitcount|p1a: Basculegion|5
|-unboost|p2a: Dragonite|def|1
|-boost|p2a: Dragonite|spe|1
|move|p1a: Basculegion|Last Respects|p2b: Ursaluna
|-activate|p2b: Ursaluna|move: Protect
|move|p1b: Archaludon|Draco Meteor|p2a: Dragonite
|-supereffective|p2a: Dragonite
|-damage|p2a: Dragonite|37/100
|-unboost|p1b: Archaludon|spa|2
|
|-weather|RainDance|[upkeep]
|-damage|p2b: Ursaluna|95/100 brn|[from] brn
|upkeep
|turn|4
|inactive|ming0mang0 has 30 seconds left.
|inactive|Luke693VGC has 30 seconds left.
|inactive|ming0mang0 has 20 seconds left.
|inactive|ming0mang0 has 15 seconds left.
|
|t:|1756233833
|switch|p2b: Sinistcha|Sinistcha, L50|100/100
|-heal|p2a: Dragonite|62/100|[from] ability: Hospitality|[of] p2b: Sinistcha
|move|p2a: Dragonite|Scale Shot|p1a: Basculegion|[miss]
|-miss|p2a: Dragonite|p1a: Basculegion
|move|p1a: Basculegion|Last Respects|p2b: Sinistcha
|-supereffective|p2b: Sinistcha
|-damage|p2b: Sinistcha|0 fnt
|faint|p2b: Sinistcha
|move|p1b: Archaludon|Draco Meteor|p2a: Dragonite|[miss]
|-miss|p1b: Archaludon|p2a: Dragonite
|
|-weather|RainDance|[upkeep]
|-sideend|p2: Luke693VGC|move: Tailwind
|upkeep
|
|t:|1756233848
|switch|p2b: Ursaluna|Ursaluna, L50, M, tera:Ghost|95/100 brn
|turn|5
|
|t:|1756233861
|move|p2b: Ursaluna|Protect|p2b: Ursaluna
|-singleturn|p2b: Ursaluna|Protect
|move|p2a: Dragonite|Scale Shot|p1a: Basculegion
|-damage|p1a: Basculegion|0 fnt
|faint|p1a: Basculegion
|-hitcount|p1: Basculegion|1
|-unboost|p2a: Dragonite|def|1
|-boost|p2a: Dragonite|spe|1
|move|p1b: Archaludon|Electro Shot||[still]
|-prepare|p1b: Archaludon|Electro Shot
|-boost|p1b: Archaludon|spa|1
|-anim|p1b: Archaludon|Electro Shot|p2b: Ursaluna
|-activate|p2b: Ursaluna|move: Protect
|
|-weather|none
|-damage|p2b: Ursaluna|89/100 brn|[from] brn
|upkeep
|turn|6
|-message|ming0mang0 forfeited.
|
|win|Luke693VGC
