|j|☆robbie0301
|j|☆Miggle SoCal
|html|robbie0301Miggle SoCal    
|uhtml|bestof|Game 3 of a best-of-3
|t:|1785449456
|gametype|doubles
|player|p1|robbie0301|iono|
|player|p2|Miggle SoCal|lucas|
|gen|9
|tier|[Gen 9 Champions] VGC 2026 Reg M-B (Bo3)
|rule|Species Clause: Limit one of each Pokémon
|rule|Item Clause: Limit 1 of each item
|clearpoke
|poke|p1|Garchomp, L50, M|
|poke|p1|Tyranitar, L50, F|
|poke|p1|Corviknight, L50, M|
|poke|p1|Milotic, L50, M|
|poke|p1|Sinistcha, L50|
|poke|p1|Ceruledge, L50, M|
|poke|p2|Tyranitar, L50, F|
|poke|p2|Excadrill, L50, F|
|poke|p2|Milotic, L50, M|
|poke|p2|Sinistcha, L50|
|poke|p2|Staraptor, L50, F|
|poke|p2|Gholdengo, L50|
|teampreview|4
|showteam|p1|Garchomp||Garchompite|RoughSkin|EarthPower,DracoMeteor,PowerGem,Protect|Modest||M|||50|]Tyranitar||ChoiceScarf|SandStream|KnockOff,RockSlide,IcePunch,LowKick|Jolly||F|||50|]Corviknight||LifeOrb|MirrorArmor|BraveBird,IronHead,Tailwind,Protect|Jolly||M|||50|]Milotic||SitrusBerry|Competitive|Scald,IcyWind,Haze,Protect|Bold||M|||50|]Sinistcha||KasibBerry|Hospitality|MatchaGotcha,RagePowder,TrickRoom,Protect|Bold|||||50|]Ceruledge||ColburBerry|FlashFire|BitterBlade,ShadowSneak,BulkUp,Protect|Adamant||M|||50|
|showteam|p2|Tyranitar||Tyranitarite|SandStream|KnockOff,RockSlide,HighHorsepower,Protect|Jolly||F|||50|]Excadrill||FocusSash|SandRush|Earthquake,IronHead,RockSlide,Protect|Adamant||F|||50|]Milotic||SitrusBerry|Competitive|Scald,IcyWind,Haze,Protect|Calm||M|||50|]Sinistcha||ColburBerry|Hospitality|MatchaGotcha,ShadowBall,Protect,RagePowder|Bold|||||50|]Staraptor||Staraptite|Intimidate|CloseCombat,BraveBird,Tailwind,Protect|Jolly||F|||50|]Gholdengo||LifeOrb|GoodasGold|MakeItRain,ShadowBall,NastyPlot,Protect|Modest|||||50|
|j| Fardeen X
|j| EmperorGambit
|j| pecheador24
|j| Kuronohwei
|
|t:|1785449517
|teamsize|p1|4
|teamsize|p2|4
|start
|switch|p1a: Corviknight|Corviknight, L50, M|100/100
|switch|p1b: Garchomp|Garchomp, L50, M|100/100
|switch|p2a: Milotic|Milotic, L50, M|100/100
|switch|p2b: Staraptor|Staraptor, L50, F|100/100
|-ability|p2b: Staraptor|Intimidate|boost
|-ability|p1a: Corviknight|Mirror Armor
|-unboost|p2b: Staraptor|atk|1
|-unboost|p1b: Garchomp|atk|1
|turn|1
|
|t:|1785449555
|switch|p1b: Sinistcha|Sinistcha, L50|100/100
|detailschange|p2b: Staraptor|Staraptor-Mega, L50, F
|-mega|p2b: Staraptor|Staraptor|Staraptite
|move|p2b: Staraptor|Close Combat|p1a: Corviknight
|-damage|p1a: Corviknight|61/100
|-boost|p2b: Staraptor|def|1
|-boost|p2b: Staraptor|spd|1
|move|p1a: Corviknight|Tailwind|p1a: Corviknight
|-sidestart|p1: robbie0301|move: Tailwind
|move|p2a: Milotic|Icy Wind|p1b: Sinistcha|[spread] p1a,p1b
|-supereffective|p1b: Sinistcha|1
|-damage|p1a: Corviknight|50/100g
|-damage|p1b: Sinistcha|79/100
|-ability|p1a: Corviknight|Mirror Armor
|-unboost|p2a: Milotic|spe|1
|-ability|p2a: Milotic|Competitive|boost
|-boost|p2a: Milotic|spa|2
|-unboost|p1b: Sinistcha|spe|1
|
|upkeep
|turn|2
|
|t:|1785449575
|move|p1a: Corviknight|Protect|p1a: Corviknight
|-singleturn|p1a: Corviknight|Protect
|move|p2b: Staraptor|Brave Bird|p1b: Sinistcha
|-supereffective|p1b: Sinistcha|1
|-damage|p1b: Sinistcha|13/100
|-damage|p2b: Staraptor|79/100|[from] Recoil
|move|p1b: Sinistcha|Matcha Gotcha|p2a: Milotic|[spread] p2b
|-miss|p1b: Sinistcha|p2a: Milotic
|-resisted|p2b: Staraptor|1
|-damage|p2b: Staraptor|72/100
|-heal|p1b: Sinistcha|17/100|[from] drain|[of] p2b: Staraptor
|move|p2a: Milotic|Scald|p1a: Corviknight
|-activate|p1a: Corviknight|move: Protect
|
|upkeep
|turn|3
|
|t:|1785449592
|move|p2b: Staraptor|Protect|p2b: Staraptor
|-singleturn|p2b: Staraptor|Protect
|move|p1a: Corviknight|Brave Bird|p2b: Staraptor
|-activate|p2b: Staraptor|move: Protect
|move|p1b: Sinistcha|Matcha Gotcha|p2b: Staraptor|[spread] p2a
|-activate|p2b: Staraptor|move: Protect
|-supereffective|p2a: Milotic|1
|-damage|p2a: Milotic|67/100
|-heal|p1b: Sinistcha|34/100|[from] drain|[of] p2a: Milotic
|move|p2a: Milotic|Icy Wind|p1a: Corviknight|[spread] p1a,p1b
|-supereffective|p1b: Sinistcha|1
|-damage|p1a: Corviknight|29/100
|-damage|p1b: Sinistcha|0 fnt
|-ability|p1a: Corviknight|Mirror Armor
|-unboost|p2a: Milotic|spe|1
|-ability|p2a: Milotic|Competitive|boost
|-boost|p2a: Milotic|spa|2
|faint|p1b: Sinistcha
|
|upkeep
|
|t:|1785449599
|switch|p1b: Tyranitar|Tyranitar, L50, F|100/100
|-weather|Sandstorm|[from] ability: Sand Stream|[of] p1b: Tyranitar
|turn|4
|j| celaerity
|
|t:|1785449631
|move|p1b: Tyranitar|Rock Slide|p2a: Milotic|[spread] p2a,p2b
|-damage|p2a: Milotic|38/100
|-damage|p2b: Staraptor|52/100
|-enditem|p2a: Milotic|Sitrus Berry|[eat]
|-heal|p2a: Milotic|63/100|[from] item: Sitrus Berry
|move|p1a: Corviknight|Brave Bird|p2b: Staraptor
|-supereffective|p2b: Staraptor|1
|-damage|p2b: Staraptor|0 fnt
|faint|p2b: Staraptor
|-damage|p1a: Corviknight|11/100|[from] Recoil
|-damage|p1a: Corviknight|1/100|[from] item: Life Orb
|move|p2a: Milotic|Scald|p1b: Tyranitar
|-supereffective|p1b: Tyranitar|1
|-damage|p1b: Tyranitar|0 fnt
|faint|p1b: Tyranitar
|
|-weather|Sandstorm|[upkeep]
|-damage|p2a: Milotic|57/100|[from] Sandstorm
|-sideend|p1: robbie0301|move: Tailwind
|upkeep
|
|t:|1785449646
|switch|p2b: Sinistcha|Sinistcha, L50|100/100
|switch|p1b: Garchomp|Garchomp, L50, M|100/100
|-heal|p2a: Milotic|82/100|[from] ability: Hospitality|[of] p2b: Sinistcha
|turn|5
|
|t:|1785449657
|move|p1b: Garchomp|Protect|p1b: Garchomp
|-singleturn|p1b: Garchomp|Protect
|move|p2b: Sinistcha|Rage Powder|p2b: Sinistcha
|-singleturn|p2b: Sinistcha|move: Rage Powder
|move|p1a: Corviknight|Brave Bird|p2b: Sinistcha
|-supereffective|p2b: Sinistcha|1
|-damage|p2b: Sinistcha|1/100
|-damage|p1a: Corviknight|0 fnt|[from] Recoil
|faint|p1a: Corviknight
|move|p2a: Milotic|Icy Wind|p1b: Garchomp
|-activate|p1b: Garchomp|move: Protect
|
|-weather|Sandstorm|[upkeep]
|-damage|p2b: Sinistcha|0 fnt|[from] Sandstorm
|-damage|p2a: Milotic|76/100|[from] Sandstorm
|faint|p2b: Sinistcha
|upkeep
|
|t:|1785449660
|switch|p2b: Gholdengo|Gholdengo, L50|100/100
|turn|6
|
|t:|1785449667
|detailschange|p1b: Garchomp|Garchomp-Mega, L50, M
|-mega|p1b: Garchomp|Garchomp|Garchompite
|move|p2b: Gholdengo|Protect|p2b: Gholdengo
|-singleturn|p2b: Gholdengo|Protect
|move|p1b: Garchomp|Draco Meteor|p2a: Milotic
|-damage|p2a: Milotic|31/100
|-unboost|p1b: Garchomp|spa|2
|move|p2a: Milotic|Icy Wind|p1b: Garchomp
|-supereffective|p1b: Garchomp|2
|-damage|p1b: Garchomp|0 fnt
|faint|p1b: Garchomp
|
|win|Miggle SoCal
|c|☆robbie0301|ggs
|c|☆Miggle SoCal|gg wp
|l| celaerity
|l| EmperorGambit
|l| Kuronohwei
|l| pecheador24
|j| pecheador24
|l|☆robbie0301
|player|p1|
|l| pecheador24
