|j|☆mattmoosegoose
|j|☆Van (Dream)
|html|mattmoosegooseVan (Dream)    
|uhtml|bestof|Game 1 of a best-of-3
|t:|1783276722
|gametype|doubles
|player|p1|mattmoosegoose|ghetsis-gen5bw|
|player|p2|Van (Dream)|li|
|gen|9
|tier|[Gen 9 Champions] VGC 2026 Reg M-B (Bo3)
|rule|Species Clause: Limit one of each Pokémon
|rule|Item Clause: Limit 1 of each item
|clearpoke
|poke|p1|Tyranitar, L50, M|
|poke|p1|Metagross, L50, shiny|
|poke|p1|Staraptor, L50, M|
|poke|p1|Simisage, L50, F|
|poke|p1|Overqwil, L50, M, shiny|
|poke|p1|Farigiraf, L50, M|
|poke|p2|Politoed, L50, M|
|poke|p2|Swampert, L50, F|
|poke|p2|Archaludon, L50, M|
|poke|p2|Gholdengo, L50|
|poke|p2|Annihilape, L50, M|
|poke|p2|Scrafty, L50, M|
|teampreview|4
|showteam|p1|Tyranitar||Tyranitarite|SandStream|Earthquake,Protect,Superpower,FireFang|Brave||M|||50|]Metagross||Metagrossite|ClearBody|Earthquake,MeteorMash,Protect,BulletPunch|Jolly|||||50|]Staraptor||Staraptite|Intimidate|CloseCombat,Tailwind,BraveBird,Protect|Jolly||M|||50|]Simisage||FocusSash|Gluttony|LeafStorm,FakeOut,RockSlide,Protect|Hasty||F|||50|]Overqwil||LifeOrb|SwiftSwim|Crunch,SludgeWave,IceBeam,Liquidation|Naughty||M|||50|]Farigiraf||LightClay|ArmorTail|TrickRoom,Psychic,LightScreen,ThunderWave|Sassy||M|||50|
|showteam|p2|Politoed||SitrusBerry|Drizzle|WeatherBall,IcyWind,HelpingHand,Protect|Calm||M|||50|]Swampert||Swampertite|Torrent|Waterfall,HighHorsepower,IcePunch,Protect|Adamant||F|||50|]Archaludon||ShucaBerry|Stamina|ElectroShot,FlashCannon,DracoMeteor,Protect|Modest||M|||50|]Gholdengo||LifeOrb|GoodasGold|MakeItRain,ShadowBall,PowerGem,Protect|Modest|||||50|]Annihilape||ChoiceScarf|Defiant|CloseCombat,RageFist,Uturn,IcePunch|Jolly||M|||50|]Scrafty||LumBerry|Intimidate|FakeOut,DrainPunch,KnockOff,Taunt|Adamant||M|||50|
|
|t:|1783276840
|teamsize|p1|4
|teamsize|p2|4
|start
|switch|p1a: fuck ur rain|Tyranitar, L50, M|100/100
|switch|p1b: Lets Larp|Simisage, L50, F|100/100
|switch|p2a: Politoed|Politoed, L50, M|100/100
|switch|p2b: Archaludon|Archaludon, L50, M|100/100
|-weather|RainDance|[from] ability: Drizzle|[of] p2a: Politoed
|-weather|Sandstorm|[from] ability: Sand Stream|[of] p1a: fuck ur rain
|turn|1
|
|t:|1783276927
|detailschange|p1a: fuck ur rain|Tyranitar-Mega, L50, M
|-mega|p1a: fuck ur rain|Tyranitar|Tyranitarite
|move|p2a: Politoed|Protect|p2a: Politoed
|-singleturn|p2a: Politoed|Protect
|move|p1b: Lets Larp|Fake Out|p2b: Archaludon
|-resisted|p2b: Archaludon|1
|-damage|p2b: Archaludon|95/100
|-ability|p2b: Archaludon|Stamina|boost
|-boost|p2b: Archaludon|def|1
|cant|p2b: Archaludon|flinch
|move|p1a: fuck ur rain|Earthquake|p2b: Archaludon|[spread] p1b,p2b
|-activate|p2a: Politoed|move: Protect
|-resisted|p1b: Lets Larp|1
|-supereffective|p2b: Archaludon|1
|-enditem|p2b: Archaludon|Shuca Berry|[eat]
|-enditem|p2b: Archaludon|Shuca Berry|[weaken]
|-damage|p1b: Lets Larp|67/100
|-damage|p2b: Archaludon|77/100
|-ability|p2b: Archaludon|Stamina|boost
|-boost|p2b: Archaludon|def|1
|
|-weather|Sandstorm|[upkeep]
|-damage|p1b: Lets Larp|61/100|[from] Sandstorm
|-damage|p2a: Politoed|93/100|[from] Sandstorm
|upkeep
|turn|2
|
|t:|1783276990
|switch|p1b: off my team|Farigiraf, L50, M|100/100
|move|p2b: Archaludon|Draco Meteor|p1b: off my team
|-damage|p1b: off my team|49/100
|-unboost|p2b: Archaludon|spa|2
|move|p2a: Politoed|Icy Wind|p1a: fuck ur rain|[spread] p1a,p1b
|-damage|p1a: fuck ur rain|95/100
|-damage|p1b: off my team|42/100
|-unboost|p1a: fuck ur rain|spe|1
|-unboost|p1b: off my team|spe|1
|move|p1a: fuck ur rain|Superpower|p2b: Archaludon
|-supereffective|p2b: Archaludon|1
|-damage|p2b: Archaludon|37/100
|-unboost|p1a: fuck ur rain|atk|1
|-unboost|p1a: fuck ur rain|def|1
|-ability|p2b: Archaludon|Stamina|boost
|-boost|p2b: Archaludon|def|1
|
|-weather|Sandstorm|[upkeep]
|-damage|p2a: Politoed|87/100|[from] Sandstorm
|-damage|p1b: off my team|36/100|[from] Sandstorm
|upkeep
|turn|3
|
|t:|1783277067
|move|p2a: Politoed|Helping Hand|p2b: Archaludon
|-singleturn|p2b: Archaludon|Helping Hand|[of] p2a: Politoed
|move|p2b: Archaludon|Flash Cannon|p1b: off my team
|-damage|p1b: off my team|11/100
|move|p1a: fuck ur rain|Superpower|p2b: Archaludon
|-supereffective|p2b: Archaludon|1
|-damage|p2b: Archaludon|14/100
|-unboost|p1a: fuck ur rain|atk|1
|-unboost|p1a: fuck ur rain|def|1
|-ability|p2b: Archaludon|Stamina|boost
|-boost|p2b: Archaludon|def|1
|move|p1b: off my team|Trick Room|p1b: off my team
|-fieldstart|move: Trick Room|[of] p1b: off my team
|
|-weather|Sandstorm|[upkeep]
|-damage|p1b: off my team|4/100|[from] Sandstorm
|-damage|p2a: Politoed|81/100|[from] Sandstorm
|upkeep
|turn|4
|
|t:|1783277128
|switch|p1b: Staraptor|Staraptor, L50, M|100/100
|-ability|p1b: Staraptor|Intimidate|boost
|-unboost|p2a: Politoed|atk|1
|-unboost|p2b: Archaludon|atk|1
|move|p2b: Archaludon|Protect|p2b: Archaludon
|-singleturn|p2b: Archaludon|Protect
|move|p1a: fuck ur rain|Earthquake|p2b: Archaludon|[spread] p2a
|-activate|p2b: Archaludon|move: Protect
|-immune|p1b: Staraptor
|-damage|p2a: Politoed|68/100
|move|p2a: Politoed|Weather Ball|p1b: Staraptor
|-supereffective|p1b: Staraptor|1
|-damage|p1b: Staraptor|36/100
|
|-weather|Sandstorm|[upkeep]
|-damage|p2a: Politoed|62/100|[from] Sandstorm
|-damage|p1b: Staraptor|30/100|[from] Sandstorm
|upkeep
|turn|5
|
|t:|1783277192
|move|p1b: Staraptor|Protect|p1b: Staraptor
|-singleturn|p1b: Staraptor|Protect
|move|p1a: fuck ur rain|Earthquake|p2a: Politoed|[spread] p2a,p2b
|-activate|p1b: Staraptor|move: Protect
|-supereffective|p2b: Archaludon|1
|-damage|p2a: Politoed|48/100
|-damage|p2b: Archaludon|5/100
|-ability|p2b: Archaludon|Stamina|boost
|-boost|p2b: Archaludon|def|1
|-enditem|p2a: Politoed|Sitrus Berry|[eat]
|-heal|p2a: Politoed|73/100|[from] item: Sitrus Berry
|move|p2a: Politoed|Weather Ball|p1b: Staraptor
|-activate|p1b: Staraptor|move: Protect
|move|p2b: Archaludon|Flash Cannon|p1b: Staraptor
|-activate|p1b: Staraptor|move: Protect
|
|-weather|none
|upkeep
|turn|6
|
|t:|1783277218
|move|p2b: Archaludon|Protect|p2b: Archaludon
|-singleturn|p2b: Archaludon|Protect
|move|p1b: Staraptor|Protect|p1b: Staraptor
|-singleturn|p1b: Staraptor|Protect
|move|p1a: fuck ur rain|Earthquake|p2a: Politoed|[spread] p2a
|-activate|p1b: Staraptor|move: Protect
|-activate|p2b: Archaludon|move: Protect
|-damage|p2a: Politoed|57/100
|move|p2a: Politoed|Weather Ball|p1b: Staraptor
|-activate|p1b: Staraptor|move: Protect
|
|upkeep
|turn|7
|
|t:|1783277233
|move|p2b: Archaludon|Protect||[still]
|-fail|p2b: Archaludon
|move|p1b: Staraptor|Protect|p1b: Staraptor
|-singleturn|p1b: Staraptor|Protect
|move|p1a: fuck ur rain|Earthquake|p2a: Politoed|[spread] p2a,p2b
|-activate|p1b: Staraptor|move: Protect
|-supereffective|p2b: Archaludon|1
|-damage|p2a: Politoed|44/100
|-damage|p2b: Archaludon|0 fnt
|faint|p2b: Archaludon
|move|p2a: Politoed|Weather Ball|p1b: Staraptor
|-activate|p1b: Staraptor|move: Protect
|
|-fieldend|move: Trick Room
|upkeep
|
|t:|1783277370
|switch|p2b: Annihilape|Annihilape, L50, M|100/100
|turn|8
|
|t:|1783277436
|switch|p1a: Lets Larp|Simisage, L50, F|61/100
|move|p2a: Politoed|Protect|p2a: Politoed
|-singleturn|p2a: Politoed|Protect
|move|p2b: Annihilape|Close Combat|p1a: Lets Larp
|-damage|p1a: Lets Larp|0 fnt
|-unboost|p2b: Annihilape|def|1
|-unboost|p2b: Annihilape|spd|1
|faint|p1a: Lets Larp
|move|p1b: Staraptor|Brave Bird|p2b: Annihilape
|-supereffective|p2b: Annihilape|1
|-damage|p2b: Annihilape|0 fnt
|faint|p2b: Annihilape
|-damage|p1b: Staraptor|0 fnt|[from] Recoil
|faint|p1b: Staraptor
|
|upkeep
|
|t:|1783277454
|switch|p1a: fuck ur rain|Tyranitar-Mega, L50, M|95/100
|switch|p1b: off my team|Farigiraf, L50, M|4/100
|switch|p2b: Swampert|Swampert, L50, F|100/100
|-weather|Sandstorm|[from] ability: Sand Stream|[of] p1a: fuck ur rain
|turn|9
|
|t:|1783277492
|detailschange|p2b: Swampert|Swampert-Mega, L50, F
|-mega|p2b: Swampert|Swampert|Swampertite
|move|p2b: Swampert|Waterfall|p1a: fuck ur rain
|-supereffective|p1a: fuck ur rain|1
|-damage|p1a: fuck ur rain|39/100
|move|p2a: Politoed|Icy Wind|p1b: off my team|[spread] p1a,p1b
|-damage|p1a: fuck ur rain|35/100
|-damage|p1b: off my team|0 fnt
|-unboost|p1a: fuck ur rain|spe|1
|faint|p1b: off my team
|move|p1a: fuck ur rain|Earthquake|p2a: Politoed|[spread] p2a,p2b
|-damage|p2a: Politoed|16/100
|-damage|p2b: Swampert|68/100
|
|-weather|Sandstorm|[upkeep]
|-damage|p2a: Politoed|10/100|[from] Sandstorm
|upkeep
|turn|10
|
|t:|1783277512
|move|p2b: Swampert|Waterfall|p1a: fuck ur rain
|-supereffective|p1a: fuck ur rain|1
|-damage|p1a: fuck ur rain|0 fnt
|faint|p1a: fuck ur rain
|
|win|Van (Dream)
||mattmoosegoose is ready for game 2.
||Van (Dream) is ready for game 2.
|uhtml|next|Next: Game 2 of 3
|l|☆Van (Dream)
|player|p2|
