|j|☆castoriceball
|j|☆Merisan
|html|castoriceballMerisan    
|uhtml|bestof|Game 1 of a best-of-3
|t:|1782424570
|gametype|doubles
|player|p1|castoriceball|miku-flying|
|player|p2|Merisan|kieran|
|gen|9
|tier|[Gen 9 Champions] VGC 2026 Reg M-B (Bo3)
|rule|Species Clause: Limit one of each Pokémon
|rule|Item Clause: Limit 1 of each item
|clearpoke
|poke|p1|Whimsicott, L50, F, shiny|
|poke|p1|Floette-Eternal, L50, F|
|poke|p1|Charizard, L50, M, shiny|
|poke|p1|Basculegion, L50, M, shiny|
|poke|p1|Kingambit, L50, M, shiny|
|poke|p1|Garchomp, L50, M|
|poke|p2|Froslass, L50, F|
|poke|p2|Dragonite, L50, M|
|poke|p2|Toxapex, L50, M|
|poke|p2|Incineroar, L50, M|
|poke|p2|Whimsicott, L50, M|
|poke|p2|Gholdengo, L50|
|teampreview|4
|showteam|p1|Whimsicott||FocusSash|Prankster|Tailwind,Moonblast,Encore,Protect|Timid||F|||50|]Floette-Eternal||Floettite|FlowerVeil|Moonblast,DazzlingGleam,LightofRuin,Protect|Modest||F|||50|]Charizard||CharizarditeY|SolarPower|HeatWave,SolarBeam,WeatherBall,Protect|Modest||M|||50|]Basculegion||MysticWater|Adaptability|WaveCrash,LastRespects,AquaJet,FlipTurn|Adamant||M|||50|]Kingambit||BlackGlasses|Defiant|KowtowCleave,SuckerPunch,IronHead,Protect|Adamant||M|||50|]Garchomp||LifeOrb|RoughSkin|DragonClaw,Earthquake,RockSlide,Protect|Adamant||M|||50|
|showteam|p2|Froslass||Froslassite|CursedBody|Blizzard,ShadowBall,AuroraVeil,Protect|Modest||F|||50|]Dragonite||Dragoninite|Multiscale|Thunderbolt,DragonPulse,Flamethrower,Protect|Timid||M|||50|]Toxapex||Leftovers|Regenerator|BanefulBunker,Infestation,WideGuard,Toxic|Bold||M|||50|]Incineroar||SitrusBerry|Intimidate|FakeOut,FlareBlitz,ThroatChop,PartingShot|Adamant||M|||50|]Whimsicott||FairyFeather|Prankster|Moonblast,Tailwind,Encore,Protect|Bold||M|||50|]Gholdengo||LifeOrb|GoodasGold|MakeItRain,ShadowBall,NastyPlot,Protect|Timid|||||50|
|
|t:|1782424599
|teamsize|p1|4
|teamsize|p2|4
|start
|switch|p1a: Charred Zard|Charizard, L50, M, shiny|100/100
|switch|p1b: jarchomp|Garchomp, L50, M|100/100
|switch|p2a: Gholdengo|Gholdengo, L50|100/100
|switch|p2b: Incineroar|Incineroar, L50, M|100/100
|-ability|p2b: Incineroar|Intimidate|boost
|-unboost|p1a: Charred Zard|atk|1
|-unboost|p1b: jarchomp|atk|1
|turn|1
|
|t:|1782424622
|switch|p2a: Toxapex|Toxapex, L50, M|100/100
|detailschange|p1a: Charred Zard|Charizard-Mega-Y, L50, M, shiny
|-mega|p1a: Charred Zard|Charizard|Charizardite Y
|-weather|SunnyDay|[from] ability: Drought|[of] p1a: Charred Zard
|move|p2b: Incineroar|Fake Out|p1b: jarchomp
|-damage|p1b: jarchomp|88/100
|-damage|p2b: Incineroar|87/100|[from] ability: Rough Skin|[of] p1b: jarchomp
|cant|p1b: jarchomp|flinch
|move|p1a: Charred Zard|Heat Wave|p2a: Toxapex|[spread] p2a,p2b
|-resisted|p2a: Toxapex|1
|-resisted|p2b: Incineroar|1
|-damage|p2a: Toxapex|72/100
|-damage|p2b: Incineroar|56/100
|
|-weather|SunnyDay|[upkeep]
|-heal|p2a: Toxapex|78/100|[from] item: Leftovers
|upkeep
|turn|2
|
|t:|1782424654
|move|p2a: Toxapex|Wide Guard|p2a: Toxapex
|-singleturn|p2a: Toxapex|Wide Guard
|move|p1b: jarchomp|Dragon Claw|p2b: Incineroar
|-damage|p2b: Incineroar|23/100
|-enditem|p2b: Incineroar|Sitrus Berry|[eat]
|-heal|p2b: Incineroar|48/100|[from] item: Sitrus Berry
|-damage|p1b: jarchomp|78/100|[from] item: Life Orb
|move|p1a: Charred Zard|Weather Ball|p2b: Incineroar
|-resisted|p2b: Incineroar|1
|-damage|p2b: Incineroar|7/100
|move|p2b: Incineroar|Parting Shot|p1b: jarchomp
|-unboost|p1b: jarchomp|atk|1
|-unboost|p1b: jarchomp|spa|1
|c|☆castoriceball|frickin sitrus
|
|t:|1782424668
|switch|p2b: Dragonite|Dragonite, L50, M|100/100|[from] Parting Shot
|
|-weather|SunnyDay|[upkeep]
|-heal|p2a: Toxapex|84/100|[from] item: Leftovers
|upkeep
|turn|3
|
|t:|1782424686
|switch|p1b: Cringegambit|Kingambit, L50, M, shiny|100/100
|detailschange|p2b: Dragonite|Dragonite-Mega, L50, M
|-mega|p2b: Dragonite|Dragonite|Dragoninite
|move|p2b: Dragonite|Thunderbolt|p1a: Charred Zard
|-supereffective|p1a: Charred Zard|1
|-damage|p1a: Charred Zard|42/100
|move|p1a: Charred Zard|Heat Wave|p2a: Toxapex|[spread] p2a,p2b
|-resisted|p2a: Toxapex|1
|-resisted|p2b: Dragonite|1
|-damage|p2a: Toxapex|59/100
|-damage|p2b: Dragonite|84/100
|move|p2a: Toxapex|Infestation|p1b: Cringegambit
|-damage|p1b: Cringegambit|97/100
|-activate|p1b: Cringegambit|move: Infestation|[of] p2a: Toxapex
|
|-weather|SunnyDay|[upkeep]
|-heal|p2a: Toxapex|64/100|[from] item: Leftovers
|-damage|p1b: Cringegambit|85/100|[from] move: Infestation|[partiallytrapped]
|upkeep
|turn|4
|j| NOT_A_PENGUIN81
|
|t:|1782424745
|move|p1b: Cringegambit|Protect|p1b: Cringegambit
|-singleturn|p1b: Cringegambit|Protect
|move|p2a: Toxapex|Baneful Bunker|p2a: Toxapex
|-singleturn|p2a: Toxapex|move: Protect
|move|p2b: Dragonite|Dragon Pulse|p1a: Charred Zard
|-damage|p1a: Charred Zard|1/100
|move|p1a: Charred Zard|Weather Ball|p2b: Dragonite
|-resisted|p2b: Dragonite|1
|-damage|p2b: Dragonite|44/100
|
|-weather|SunnyDay|[upkeep]
|-heal|p2a: Toxapex|70/100|[from] item: Leftovers
|-damage|p1b: Cringegambit|72/100|[from] move: Infestation|[partiallytrapped]
|upkeep
|turn|5
|c|☆Merisan|haha
|c|☆Merisan|thats a funny interaction
|
|t:|1782424765
|move|p2b: Dragonite|Protect|p2b: Dragonite
|-singleturn|p2b: Dragonite|Protect
|move|p1a: Charred Zard|Weather Ball|p2b: Dragonite
|-activate|p2b: Dragonite|move: Protect
|move|p1b: Cringegambit|Kowtow Cleave|p2b: Dragonite
|-activate|p2b: Dragonite|move: Protect
|move|p2a: Toxapex|Toxic|p1a: Charred Zard
|-status|p1a: Charred Zard|tox
|
|-weather|none
|-heal|p2a: Toxapex|76/100|[from] item: Leftovers
|-damage|p1a: Charred Zard|0 fnt|[from] psn
|faint|p1a: Charred Zard
|-damage|p1b: Cringegambit|60/100|[from] move: Infestation|[partiallytrapped]
|upkeep
|c|☆castoriceball|haha bulky zard
|
|t:|1782424784
|switch|p1a: jarchomp|Garchomp, L50, M|78/100
|turn|6
|
|t:|1782424797
|switch|p2b: Incineroar|Incineroar, L50, M|7/100
|-ability|p2b: Incineroar|Intimidate|boost
|-unboost|p1a: jarchomp|atk|1
|-unboost|p1b: Cringegambit|atk|1
|-ability|p1b: Cringegambit|Defiant|boost
|-boost|p1b: Cringegambit|atk|2
|move|p1a: jarchomp|Protect|p1a: jarchomp
|-singleturn|p1a: jarchomp|Protect
|move|p1b: Cringegambit|Kowtow Cleave|p2b: Incineroar
|-resisted|p2b: Incineroar|1
|-damage|p2b: Incineroar|0 fnt
|faint|p2b: Incineroar
|move|p2a: Toxapex|Toxic|p1a: jarchomp
|-activate|p1a: jarchomp|move: Protect
|
|-heal|p2a: Toxapex|82/100|[from] item: Leftovers
|-damage|p1b: Cringegambit|48/100|[from] move: Infestation|[partiallytrapped]
|upkeep
|
|t:|1782424806
|switch|p2b: Dragonite|Dragonite-Mega, L50, M|44/100
|turn|7
|c|☆castoriceball|how long does this damn infestation last
|c|☆Merisan|forever i think
|c|☆Merisan|i dont actually know
|c|☆castoriceball|fuck my life
|
|t:|1782424837
|move|p2b: Dragonite|Protect|p2b: Dragonite
|-singleturn|p2b: Dragonite|Protect
|move|p2a: Toxapex|Wide Guard|p2a: Toxapex
|-singleturn|p2a: Toxapex|Wide Guard
|move|p1a: jarchomp|Dragon Claw|p2a: Toxapex
|-damage|p2a: Toxapex|52/100
|-damage|p1a: jarchomp|68/100|[from] item: Life Orb
|move|p1b: Cringegambit|Kowtow Cleave|p2a: Toxapex
|-damage|p2a: Toxapex|0 fnt
|faint|p2a: Toxapex
|
|-end|p1b: Cringegambit|Infestation|[partiallytrapped]|[silent]
|upkeep
|c|☆castoriceball|haha get read
|
|t:|1782424848
|switch|p2a: Gholdengo|Gholdengo, L50|100/100
|turn|8
|c|☆Merisan|lost
|-message|Merisan forfeited.
|
|win|castoriceball
|l|☆Merisan
|player|p2|
||Merisan is ready for game 2.
