|j|☆Cobrite
|j|☆chawieeee
|html|Cobritechawieeee    
|uhtml|bestof|Game 2 of a best-of-3
|t:|1757912309
|gametype|doubles
|player|p1|Cobrite|102|1190
|player|p2|chawieeee|169|1153
|gen|9
|tier|[Gen 9] VGC 2025 Reg H (Bo3)
|rated|
|rule|Species Clause: Limit one of each Pokémon
|rule|Item Clause: Limit 1 of each item
|clearpoke
|poke|p1|Archaludon, L50, M|
|poke|p1|Basculegion, L50, M|
|poke|p1|Pelipper, L50, F|
|poke|p1|Amoonguss, L50, F|
|poke|p1|Incineroar, L50, M|
|poke|p1|Maushold, L50|
|poke|p2|Tinkaton, L50, F|
|poke|p2|Ursaluna-Bloodmoon, L50, M|
|poke|p2|Incineroar, L50, F|
|poke|p2|Politoed, L50, F|
|poke|p2|Beartic, L50, F|
|poke|p2|Kilowattrel, L50, M|
|teampreview|4
|showteam|p1|Archaludon||AssaultVest|Stamina|ElectroShot,DragonPulse,FlashCannon,BodyPress|||M|||50|,,,,,Grass]Basculegion||MysticWater|SwiftSwim|Protect,WaveCrash,AquaJet,LastRespects|||M|||50|,,,,,Water]Pelipper||FocusSash|Drizzle|Hurricane,WeatherBall,Tailwind,Protect|||F|||50|,,,,,Ghost]Amoonguss||SitrusBerry|Regenerator|Spore,RagePowder,PollenPuff,ClearSmog|||F|||50|,,,,,Water]Incineroar||SafetyGoggles|Intimidate|FakeOut,FlareBlitz,KnockOff,PartingShot|||M|||50|,,,,,Ghost]Maushold||WideLens|Technician|PopulationBomb,FollowMe,Taunt,Protect||||||50|,,,,,Grass
|showteam|p2|Tinkaton||WideLens|MoldBreaker|FakeOut,ThunderWave,Encore,PlayRough|||F|||50|,,,,,Grass]Ursaluna-Bloodmoon||LifeOrb|MindsEye|BloodMoon,EarthPower,HyperVoice,Protect|||M|||50|,,,,,Ghost]Incineroar||SafetyGoggles|Intimidate|FakeOut,Uturn,KnockOff,Taunt|||F|||50|,,,,,Grass]Politoed||AssaultVest|Drizzle|MuddyWater,WeatherBall,IcyWind,IceBeam|||F|||50|,,,,,Grass]Beartic||LoadedDice|SwiftSwim|IcicleSpear,CloseCombat,Liquidation,Protect|||F|||50|,,,,,Water]Kilowattrel||FocusSash|Competitive|Tailwind,VoltSwitch,Hurricane,Protect|||M|||50|,,,,,Ghost
|inactive|Battle timer is ON: inactive players will automatically lose when time's up. (requested by chawieeee)
|inactive|Cobrite has 60 seconds left.
|inactive|Cobrite has 30 seconds left.
|
|t:|1757912377
|teamsize|p1|4
|teamsize|p2|4
|start
|switch|p1a: Incineroar|Incineroar, L50, M|100/100
|switch|p1b: Basculegion|Basculegion, L50, M|100/100
|switch|p2a: Tinkaton|Tinkaton, L50, F|100/100
|switch|p2b: Kilowattrel|Kilowattrel, L50, M|100/100
|-ability|p2a: Tinkaton|Mold Breaker
|-ability|p1a: Incineroar|Intimidate|boost
|-unboost|p2a: Tinkaton|atk|1
|-unboost|p2b: Kilowattrel|atk|1
|-ability|p2b: Kilowattrel|Competitive|boost
|-boost|p2b: Kilowattrel|spa|2
|turn|1
|inactive|chawieeee has 30 seconds left.
|inactive|Cobrite has 30 seconds left.
|inactive|chawieeee has 20 seconds left.
|inactive|Cobrite has 20 seconds left.
|inactive|chawieeee has 15 seconds left.
|inactive|Cobrite has 15 seconds left.
|
|t:|1757912426
|switch|p1a: Pelipper|Pelipper, L50, F|100/100
|-weather|RainDance|[from] ability: Drizzle|[of] p1a: Pelipper
|-terastallize|p2a: Tinkaton|Grass
|move|p2b: Kilowattrel|Protect|p2b: Kilowattrel
|-singleturn|p2b: Kilowattrel|Protect
|move|p1b: Basculegion|Wave Crash|p2b: Kilowattrel
|-activate|p2b: Kilowattrel|move: Protect
|move|p2a: Tinkaton|Thunder Wave|p1b: Basculegion
|-status|p1b: Basculegion|par
|
|-weather|RainDance|[upkeep]
|upkeep
|turn|2
|inactive|chawieeee has 30 seconds left.
|
|t:|1757912453
|cant|p1b: Basculegion|par
|move|p2b: Kilowattrel|Volt Switch|p1a: Pelipper
|-supereffective|p1a: Pelipper
|-enditem|p1a: Pelipper|Focus Sash
|-damage|p1a: Pelipper|1/100
|
|t:|1757912459
|switch|p2b: Incineroar|Incineroar, L50, F|100/100|[from] Volt Switch
|-ability|p2b: Incineroar|Intimidate|boost
|-unboost|p1a: Pelipper|atk|1
|-unboost|p1b: Basculegion|atk|1
|move|p2a: Tinkaton|Play Rough|p1a: Pelipper
|-damage|p1a: Pelipper|0 fnt
|faint|p1a: Pelipper
|
|-weather|RainDance|[upkeep]
|upkeep
|
|t:|1757912483
|switch|p1a: Incineroar|Incineroar, L50, M|100/100
|-ability|p1a: Incineroar|Intimidate|boost
|-unboost|p2a: Tinkaton|atk|1
|-unboost|p2b: Incineroar|atk|1
|turn|3
|inactive|Cobrite has 30 seconds left.
|inactive|chawieeee has 30 seconds left.
|
|t:|1757912512
|switch|p2b: Kilowattrel|Kilowattrel, L50, M|100/100
|-terastallize|p1b: Basculegion|Water
|move|p1a: Incineroar|Fake Out|p2a: Tinkaton
|-damage|p2a: Tinkaton|86/100
|cant|p2a: Tinkaton|flinch
|move|p1b: Basculegion|Wave Crash|p2b: Kilowattrel
|-enditem|p2b: Kilowattrel|Focus Sash
|-damage|p2b: Kilowattrel|1/100
|-damage|p1b: Basculegion|76/100 par|[from] Recoil
|
|-weather|RainDance|[upkeep]
|upkeep
|turn|4
|inactive|chawieeee has 30 seconds left.
|
|t:|1757912541
|move|p2b: Kilowattrel|Protect|p2b: Kilowattrel
|-singleturn|p2b: Kilowattrel|Protect
|move|p1b: Basculegion|Aqua Jet|p2b: Kilowattrel
|-activate|p2b: Kilowattrel|move: Protect
|move|p2a: Tinkaton|Encore|p1a: Incineroar
|-start|p1a: Incineroar|Encore
|move|p1a: Incineroar|Fake Out||[still]
|-hint|Fake Out only works on your first turn out.
|-fail|p1a: Incineroar
|
|-weather|RainDance|[upkeep]
|upkeep
|turn|5
|inactive|Cobrite has 30 seconds left.
|
|t:|1757912568
|switch|p1a: Amoonguss|Amoonguss, L50, F|100/100
|cant|p1b: Basculegion|par
|move|p2b: Kilowattrel|Volt Switch|p1b: Basculegion
|-supereffective|p1b: Basculegion
|-damage|p1b: Basculegion|0 fnt
|faint|p1b: Basculegion
|
|t:|1757912579
|switch|p2b: Incineroar|Incineroar, L50, F|100/100|[from] Volt Switch
|-ability|p2b: Incineroar|Intimidate|boost
|-unboost|p1a: Amoonguss|atk|1
|move|p2a: Tinkaton|Thunder Wave|p1a: Amoonguss
|-status|p1a: Amoonguss|par
|
|-weather|none
|upkeep
|
|t:|1757912583
|switch|p1b: Incineroar|Incineroar, L50, M|100/100
|-ability|p1b: Incineroar|Intimidate|boost
|-unboost|p2a: Tinkaton|atk|1
|-unboost|p2b: Incineroar|atk|1
|turn|6
|
|t:|1757912605
|move|p2a: Tinkaton|Thunder Wave|p1b: Incineroar
|-status|p1b: Incineroar|par
|move|p2b: Incineroar|Taunt|p1a: Amoonguss
|-start|p1a: Amoonguss|move: Taunt
|move|p1b: Incineroar|Knock Off|p2b: Incineroar
|-resisted|p2b: Incineroar
|-damage|p2b: Incineroar|82/100
|-enditem|p2b: Incineroar|Safety Goggles|[from] move: Knock Off|[of] p1b: Incineroar
|move|p1a: Amoonguss|Pollen Puff|p1b: Incineroar
|
|upkeep
|turn|7
|
|t:|1757912625
|switch|p2a: Ursaluna|Ursaluna-Bloodmoon, L50, M|100/100
|move|p2b: Incineroar|Knock Off|p1a: Amoonguss
|-damage|p1a: Amoonguss|80/100 par
|-enditem|p1a: Amoonguss|Sitrus Berry|[from] move: Knock Off|[of] p2b: Incineroar
|move|p1b: Incineroar|Flare Blitz|p2a: Ursaluna
|-damage|p2a: Ursaluna|58/100
|-damage|p1b: Incineroar|85/100 par|[from] Recoil
|move|p1a: Amoonguss|Pollen Puff|p2a: Ursaluna
|-damage|p2a: Ursaluna|36/100
|
|upkeep
|turn|8
|
|t:|1757912650
|move|p2a: Ursaluna|Earth Power|p1b: Incineroar
|-supereffective|p1b: Incineroar
|-damage|p1b: Incineroar|0 fnt
|faint|p1b: Incineroar
|-damage|p2a: Ursaluna|26/100|[from] item: Life Orb
|move|p2b: Incineroar|Knock Off|p1a: Amoonguss
|-damage|p1a: Amoonguss|64/100 par
|move|p1a: Amoonguss|Pollen Puff|p2b: Incineroar
|-damage|p2b: Incineroar|66/100
|
|-end|p1a: Amoonguss|move: Taunt
|upkeep
|turn|9
|
|t:|1757912659
|move|p2a: Ursaluna|Blood Moon|p1a: Amoonguss
|-damage|p1a: Amoonguss|0 fnt
|faint|p1a: Amoonguss
|-damage|p2a: Ursaluna|16/100|[from] item: Life Orb
|
|win|chawieeee
||chawieeee is ready for game 3.
||Cobrite is ready for game 3.
|uhtml|next|Next: Game 3 of 3
