|j|☆selmir suljkanovic
|j|☆ilikecsr
|html|selmir suljkanovicilikecsr    
|uhtml|bestof|Game 1 of a best-of-3
|t:|1783959150
|gametype|doubles
|player|p1|selmir suljkanovic|ballguy|1155
|player|p2|ilikecsr|n|1329
|gen|9
|tier|[Gen 9 Champions] VGC 2026 Reg M-B (Bo3)
|rated|
|rule|Species Clause: Limit one of each Pokémon
|rule|Item Clause: Limit 1 of each item
|clearpoke
|poke|p1|Sinistcha-Masterpiece, L50|
|poke|p1|Kingambit, L50, M|
|poke|p1|Sneasler, L50, M|
|poke|p1|Blastoise, L50, M|
|poke|p1|Delphox, L50, M|
|poke|p1|Incineroar, L50, F|
|poke|p2|Swampert, L50, M|
|poke|p2|Archaludon, L50, F|
|poke|p2|Sableye, L50, F|
|poke|p2|Sinistcha-Masterpiece, L50|
|poke|p2|Pelipper, L50, F|
|poke|p2|Sylveon, L50, M|
|teampreview|4
|showteam|p1|Sinistcha-Masterpiece||OccaBerry|Hospitality|MatchaGotcha,RagePowder,TrickRoom,Protect|Bold|||||50|]Kingambit||LifeOrb|Defiant|KowtowCleave,SuckerPunch,SwordsDance,Protect|Adamant||M|||50|]Sneasler||FocusSash|PoisonTouch|FakeOut,CloseCombat,DireClaw,QuickGuard|Jolly||M|||50|]Blastoise||Blastoisinite|RainDish|WaterSpout,DarkPulse,ShellSmash,Protect|Modest||M|||50|]Delphox||Delphoxite|Blaze|HeatWave,Psyshock,NastyPlot,Protect|Timid||M|||50|]Incineroar||SitrusBerry|Intimidate|PartingShot,FlareBlitz,ThroatChop,FakeOut|Careful||F|||50|
|showteam|p2|Swampert||Swampertite|Torrent|WaveCrash,Earthquake,IcePunch,Protect|Adamant||M|||50|]Archaludon||Leftovers|Stamina|ElectroShot,DragonPulse,FlashCannon,Protect|Modest||F|||50|]Sableye||LightClay|Prankster|Reflect,LightScreen,RainDance,Encore|Sassy||F|||50|]Sinistcha-Masterpiece||ColburBerry|Hospitality|MatchaGotcha,RagePowder,TrickRoom,Protect|Sassy|||||50|]Pelipper||FocusSash|Drizzle|WeatherBall,Hurricane,Tailwind,Protect|Modest||F|||50|]Sylveon||FairyFeather|Pixilate|HyperVoice,HyperBeam,QuickAttack,Protect|Modest||M|||50|
|inactive|Battle timer is ON: inactive players will automatically lose when time's up. (requested by selmir suljkanovic)
|
|t:|1783959186
|teamsize|p1|4
|teamsize|p2|4
|start
|switch|p1a: Blastoise|Blastoise, L50, M|100/100
|switch|p1b: Incineroar|Incineroar, L50, F|100/100
|switch|p2a: Katappa|Pelipper, L50, F|100/100
|switch|p2b: Maithan Steel|Archaludon, L50, F|100/100
|-weather|RainDance|[from] ability: Drizzle|[of] p2a: Katappa
|-ability|p1b: Incineroar|Intimidate|boost
|-unboost|p2a: Katappa|atk|1
|-unboost|p2b: Maithan Steel|atk|1
|turn|1
|inactive|selmir suljkanovic has 30 seconds left.
|
|t:|1783959212
|detailschange|p1a: Blastoise|Blastoise-Mega, L50, M
|-mega|p1a: Blastoise|Blastoise|Blastoisinite
|move|p1b: Incineroar|Fake Out|p2b: Maithan Steel
|-resisted|p2b: Maithan Steel|1
|-damage|p2b: Maithan Steel|95/100
|-ability|p2b: Maithan Steel|Stamina|boost
|-boost|p2b: Maithan Steel|def|1
|move|p1a: Blastoise|Water Spout|p2b: Maithan Steel|[spread] p2a,p2b
|-resisted|p2a: Katappa|1
|-resisted|p2b: Maithan Steel|1
|-damage|p2a: Katappa|12/100
|-damage|p2b: Maithan Steel|50/100g
|-ability|p2b: Maithan Steel|Stamina|boost
|-boost|p2b: Maithan Steel|def|1
|move|p2a: Katappa|Hurricane|p1a: Blastoise
|-damage|p1a: Blastoise|51/100
|cant|p2b: Maithan Steel|flinch
|
|-weather|RainDance|[upkeep]
|-heal|p2b: Maithan Steel|56/100|[from] item: Leftovers
|upkeep
|turn|2
|inactive|selmir suljkanovic has 30 seconds left.
|
|t:|1783959240
|move|p1a: Blastoise|Water Spout|p2b: Maithan Steel|[spread] p2a,p2b
|-resisted|p2a: Katappa|1
|-resisted|p2b: Maithan Steel|1
|-damage|p2a: Katappa|0 fnt
|-damage|p2b: Maithan Steel|31/100
|-ability|p2b: Maithan Steel|Stamina|boost
|-boost|p2b: Maithan Steel|def|1
|faint|p2a: Katappa
|move|p1b: Incineroar|Parting Shot|p2b: Maithan Steel
|-unboost|p2b: Maithan Steel|atk|1
|-unboost|p2b: Maithan Steel|spa|1
|
|t:|1783959248
|switch|p1b: Sinistcha|Sinistcha-Masterpiece, L50|100/100|[from] Parting Shot
|-heal|p1a: Blastoise|76/100|[from] ability: Hospitality|[of] p1b: Sinistcha
|move|p2b: Maithan Steel|Electro Shot||[still]
|-prepare|p2b: Maithan Steel|Electro Shot
|-boost|p2b: Maithan Steel|spa|1
|-anim|p2b: Maithan Steel|Electro Shot|p1a: Blastoise
|-supereffective|p1a: Blastoise|1
|-damage|p1a: Blastoise|0 fnt
|faint|p1a: Blastoise
|
|-weather|RainDance|[upkeep]
|-heal|p2b: Maithan Steel|38/100|[from] item: Leftovers
|upkeep
|
|t:|1783959256
|switch|p1a: Kingambit|Kingambit, L50, M|100/100
|switch|p2a: Sylveon|Sylveon, L50, M|100/100
|turn|3
|
|t:|1783959269
|move|p1b: Sinistcha|Rage Powder|p1b: Sinistcha
|-singleturn|p1b: Sinistcha|move: Rage Powder
|move|p2b: Maithan Steel|Electro Shot||[still]
|-prepare|p2b: Maithan Steel|Electro Shot
|-boost|p2b: Maithan Steel|spa|1
|-anim|p2b: Maithan Steel|Electro Shot|p1b: Sinistcha
|-resisted|p1b: Sinistcha|1
|-damage|p1b: Sinistcha|69/100
|move|p2a: Sylveon|Hyper Beam|p1b: Sinistcha
|-damage|p1b: Sinistcha|0 fnt
|-mustrecharge|p2a: Sylveon
|faint|p1b: Sinistcha
|move|p1a: Kingambit|Swords Dance|p1a: Kingambit
|-boost|p1a: Kingambit|atk|2
|
|-weather|RainDance|[upkeep]
|-heal|p2b: Maithan Steel|44/100|[from] item: Leftovers
|upkeep
|
|t:|1783959277
|switch|p1b: Incineroar|Incineroar, L50, F|100/100
|-ability|p1b: Incineroar|Intimidate|boost
|-unboost|p2a: Sylveon|atk|1
|-unboost|p2b: Maithan Steel|atk|1
|turn|4
|
|t:|1783959286
|move|p1b: Incineroar|Fake Out|p2b: Maithan Steel
|-resisted|p2b: Maithan Steel|1
|-damage|p2b: Maithan Steel|42/100
|-ability|p2b: Maithan Steel|Stamina|boost
|-boost|p2b: Maithan Steel|def|1
|cant|p2b: Maithan Steel|flinch
|cant|p2a: Sylveon|recharge
|move|p1a: Kingambit|Kowtow Cleave|p2a: Sylveon
|-resisted|p2a: Sylveon|1
|-damage|p2a: Sylveon|21/100
|-damage|p1a: Kingambit|90/100|[from] item: Life Orb
|
|-weather|RainDance|[upkeep]
|-heal|p2b: Maithan Steel|48/100|[from] item: Leftovers
|upkeep
|turn|5
|
|t:|1783959302
|move|p1b: Incineroar|Flare Blitz|p2a: Sylveon
|-damage|p2a: Sylveon|0 fnt
|faint|p2a: Sylveon
|-damage|p1b: Incineroar|93/100|[from] Recoil
|move|p2b: Maithan Steel|Electro Shot||[still]
|-prepare|p2b: Maithan Steel|Electro Shot
|-boost|p2b: Maithan Steel|spa|1
|-anim|p2b: Maithan Steel|Electro Shot|p1a: Kingambit
|-damage|p1a: Kingambit|10/100
|move|p1a: Kingambit|Swords Dance|p1a: Kingambit
|-boost|p1a: Kingambit|atk|2
|
|-weather|none
|-heal|p2b: Maithan Steel|54/100|[from] item: Leftovers
|upkeep
|
|t:|1783959313
|switch|p2a: Bahubali|Swampert, L50, M|100/100
|turn|6
|inactive|selmir suljkanovic has 30 seconds left.
|
|t:|1783959338
|detailschange|p2a: Bahubali|Swampert-Mega, L50, M
|-mega|p2a: Bahubali|Swampert|Swampertite
|move|p1a: Kingambit|Sucker Punch|p2b: Maithan Steel
|-damage|p2b: Maithan Steel|12/100
|-ability|p2b: Maithan Steel|Stamina|boost
|-boost|p2b: Maithan Steel|def|1
|-damage|p1a: Kingambit|1/100|[from] item: Life Orb
|move|p2a: Bahubali|Wave Crash|p1b: Incineroar
|-supereffective|p1b: Incineroar|1
|-damage|p1b: Incineroar|0 fnt
|faint|p1b: Incineroar
|-damage|p2a: Bahubali|65/100|[from] Recoil
|move|p2b: Maithan Steel|Dragon Pulse|p1a: Kingambit
|-resisted|p1a: Kingambit|1
|-damage|p1a: Kingambit|0 fnt
|faint|p1a: Kingambit
|
|win|ilikecsr
||selmir suljkanovic is ready for game 2.
|inactive|ilikecsr has 30 seconds to confirm battle start!
||ilikecsr is ready for game 2.
|uhtml|next|Next: Game 2 of 3
