|j|☆ShadowV97
|j|☆Alfaceb
|html|ShadowV97Alfaceb    
|uhtml|bestof|Game 1 of a best-of-3
|t:|1782594340
|gametype|doubles
|player|p1|ShadowV97|101|1050
|player|p2|Alfaceb|pokefan|1095
|gen|9
|tier|[Gen 9 Champions] VGC 2026 Reg M-B (Bo3)
|rated|
|rule|Species Clause: Limit one of each Pokémon
|rule|Item Clause: Limit 1 of each item
|clearpoke
|poke|p1|Dragalge, L50, F|
|poke|p1|Glaceon, L50, M|
|poke|p1|Falinks, L50|
|poke|p1|Sinistcha, L50|
|poke|p1|Vanilluxe, L50, M|
|poke|p1|Araquanid, L50, M|
|poke|p2|Charizard, L50, M|
|poke|p2|Aerodactyl, L50, F, shiny|
|poke|p2|Venusaur, L50, F|
|poke|p2|Clefable, L50, F|
|poke|p2|Blastoise, L50, M|
|poke|p2|Kangaskhan, L50, F|
|teampreview|4
|showteam|p1|Dragalge||Dragalgite|Adaptability|DracoMeteor,SludgeBomb,Scald,Thunderbolt|Modest||F|||50|]Glaceon||LifeOrb|SnowCloak|Blizzard,FreezeDry,IceBeam,Protect|Quiet||M|||50|]Falinks||Falinksite|Defiant|NoRetreat,HighHorsepower,Protect,BodyPress|Bold|||||50|]Sinistcha||Leftovers|Hospitality|PsychUp,MatchaGotcha,ShadowBall,Protect|Bold|||||50|]Vanilluxe||IcyRock|SnowWarning|AuroraVeil,LightScreen,Blizzard,AllySwitch|Calm||M|||50|]Araquanid||SitrusBerry|WaterBubble|Liquidation,LeechLife,Protect,WideGuard|Careful||M|||50|
|showteam|p2|Charizard||CharizarditeY|SolarPower|HeatWave,WeatherBall,Protect,SolarBeam|Modest||M|||50|]Aerodactyl||FocusSash|Unnerve|DualWingbeat,RockSlide,Protect,Tailwind|Jolly||F|||50|]Venusaur||LifeOrb|Chlorophyll|SleepPowder,SludgeBomb,EnergyBall,Protect|Modest||F|||50|]Clefable||FairyFeather|Unaware|FollowMe,Moonblast,LifeDew,HelpingHand|Modest||F|||50|]Blastoise||Blastoisinite|Torrent|ShellSmash,WaterSpout,AuraSphere,Protect|Modest||M|||50|]Kangaskhan||SilkScarf|Scrappy|FakeOut,LastResort|Adamant||F|||50|
|inactive|Battle timer is ON: inactive players will automatically lose when time's up. (requested by ShadowV97)
|l|☆Alfaceb
|inactive|Alfaceb disconnected and has a minute to reconnect!
|player|p2|
|j|☆Alfaceb
|inactive|Alfaceb reconnected and has 55 seconds left.
|player|p2|Alfaceb|pokefan|
|l|☆Alfaceb
|inactive|Alfaceb disconnected and has a minute to reconnect!
|player|p2|
|inactive|Alfaceb has 30 seconds left.
|j|☆Alfaceb
|inactive|Alfaceb reconnected and has 30 seconds left.
|player|p2|Alfaceb|pokefan|
|
|t:|1782594406
|teamsize|p1|4
|teamsize|p2|4
|start
|switch|p1a: Falinks|Falinks, L50|100/100
|switch|p1b: Sinistcha|Sinistcha, L50|100/100
|switch|p2a: Charizard|Charizard, L50, M|100/100
|switch|p2b: Aerodactyl|Aerodactyl, L50, F, shiny|100/100
|-ability|p2b: Aerodactyl|Unnerve
|turn|1
|l|☆Alfaceb
|inactive|Alfaceb disconnected and has a minute to reconnect!
|player|p2|
|j|☆Alfaceb
|inactive|Alfaceb reconnected and has 35 seconds left.
|player|p2|Alfaceb|pokefan|
|inactive|Alfaceb has 30 seconds left.
|
|t:|1782594433
|detailschange|p2a: Charizard|Charizard-Mega-Y, L50, M
|-mega|p2a: Charizard|Charizard|Charizardite Y
|-weather|SunnyDay|[from] ability: Drought|[of] p2a: Charizard
|move|p1a: Falinks|Protect|p1a: Falinks
|-singleturn|p1a: Falinks|Protect
|move|p1b: Sinistcha|Protect|p1b: Sinistcha
|-singleturn|p1b: Sinistcha|Protect
|move|p2b: Aerodactyl|Dual Wingbeat|p1a: Falinks
|-activate|p1a: Falinks|move: Protect
|move|p2a: Charizard|Weather Ball|p1b: Sinistcha
|-activate|p1b: Sinistcha|move: Protect
|
|-weather|SunnyDay|[upkeep]
|upkeep
|turn|2
|l|☆Alfaceb
|inactive|Alfaceb disconnected and has a minute to reconnect!
|player|p2|
|j|☆Alfaceb
|inactive|Alfaceb reconnected and has 35 seconds left.
|player|p2|Alfaceb|pokefan|
|inactive|ShadowV97 has 30 seconds left.
|inactive|Alfaceb has 30 seconds left.
|inactive|ShadowV97 has 20 seconds left.
|
|t:|1782594470
|switch|p1b: Vanilluxe|Vanilluxe, L50, M|100/100
|-weather|Snowscape|[from] ability: Snow Warning|[of] p1b: Vanilluxe
|detailschange|p1a: Falinks|Falinks-Mega, L50
|-mega|p1a: Falinks|Falinks|Falinksite
|move|p2b: Aerodactyl|Rock Slide|p1b: Vanilluxe|[spread] p1b
|-miss|p2b: Aerodactyl|p1a: Falinks
|-supereffective|p1b: Vanilluxe|1
|-damage|p1b: Vanilluxe|59/100
|move|p2a: Charizard|Heat Wave|p1a: Falinks|[spread] p1a,p1b
|-supereffective|p1b: Vanilluxe|1
|-damage|p1a: Falinks|35/100
|-damage|p1b: Vanilluxe|0 fnt
|faint|p1b: Vanilluxe
|move|p1a: Falinks|No Retreat|p1a: Falinks
|-boost|p1a: Falinks|atk|1
|-boost|p1a: Falinks|def|1
|-boost|p1a: Falinks|spa|1
|-boost|p1a: Falinks|spd|1
|-boost|p1a: Falinks|spe|1
|-start|p1a: Falinks|move: No Retreat
|
|-weather|Snowscape|[upkeep]
|upkeep
|
|t:|1782594484
|switch|p1b: Sinistcha|Sinistcha, L50|100/100
|-heal|p1a: Falinks|60/100|[from] ability: Hospitality|[of] p1b: Sinistcha
|turn|3
|
|t:|1782594511
|move|p2a: Charizard|Protect|p2a: Charizard
|-singleturn|p2a: Charizard|Protect
|move|p2b: Aerodactyl|Tailwind|p2b: Aerodactyl
|-sidestart|p2: Alfaceb|move: Tailwind
|move|p1a: Falinks|Body Press|p2b: Aerodactyl
|-enditem|p2b: Aerodactyl|Focus Sash
|-damage|p2b: Aerodactyl|1/100
|move|p1b: Sinistcha|Psych Up|p1a: Falinks
|-copyboost|p1b: Sinistcha|p1a: Falinks|[from] move: Psych Up
|
|-weather|Snowscape|[upkeep]
|upkeep
|turn|4
|
|t:|1782594532
|move|p2b: Aerodactyl|Dual Wingbeat|p1a: Falinks
|-supereffective|p1a: Falinks|1
|-damage|p1a: Falinks|41/100
|-supereffective|p1a: Falinks|1
|-damage|p1a: Falinks|26/100
|-hitcount|p1a: Falinks|2
|move|p2a: Charizard|Heat Wave|p1a: Falinks|[spread] p1a,p1b
|-supereffective|p1b: Sinistcha|1
|-damage|p1a: Falinks|0 fnt
|-damage|p1b: Sinistcha|24/100
|-status|p1b: Sinistcha|brn
|faint|p1a: Falinks
|move|p1b: Sinistcha|Matcha Gotcha|p2b: Aerodactyl|[spread] p2a,p2b
|-resisted|p2a: Charizard|2
|-damage|p2a: Charizard|92/100
|-heal|p1b: Sinistcha|28/100 brn|[from] drain|[of] p2a: Charizard
|-damage|p2b: Aerodactyl|0 fnt
|-heal|p1b: Sinistcha|29/100 brn|[from] drain|[of] p2b: Aerodactyl
|faint|p2b: Aerodactyl
|
|-weather|Snowscape|[upkeep]
|-heal|p1b: Sinistcha|35/100 brn|[from] item: Leftovers
|-damage|p1b: Sinistcha|29/100 brn|[from] brn
|upkeep
|l|☆Alfaceb
|inactive|Alfaceb disconnected and has a minute to reconnect!
|player|p2|
|j|☆Alfaceb
|inactive|Alfaceb reconnected and has 35 seconds left.
|player|p2|Alfaceb|pokefan|
|inactive|Alfaceb has 30 seconds left.
|
|t:|1782594560
|switch|p2b: Clefable|Clefable, L50, F|100/100
|switch|p1a: Glaceon|Glaceon, L50, M|100/100
|turn|5
|
|t:|1782594577
|move|p2b: Clefable|Helping Hand|p2a: Charizard
|-singleturn|p2a: Charizard|Helping Hand|[of] p2b: Clefable
|move|p1b: Sinistcha|Protect|p1b: Sinistcha
|-singleturn|p1b: Sinistcha|Protect
|move|p2a: Charizard|Heat Wave|p1a: Glaceon|[spread] p1a
|-activate|p1b: Sinistcha|move: Protect
|-supereffective|p1a: Glaceon|1
|-damage|p1a: Glaceon|0 fnt
|faint|p1a: Glaceon
|
|-weather|Snowscape|[upkeep]
|-heal|p1b: Sinistcha|35/100 brn|[from] item: Leftovers
|-damage|p1b: Sinistcha|29/100 brn|[from] brn
|upkeep
|turn|6
|l|☆Alfaceb
|inactive|Alfaceb disconnected and has a minute to reconnect!
|player|p2|
|j|☆Alfaceb
|inactive|Alfaceb reconnected and has 35 seconds left.
|player|p2|Alfaceb|pokefan|
|
|t:|1782594602
|move|p2b: Clefable|Helping Hand|p2a: Charizard
|-singleturn|p2a: Charizard|Helping Hand|[of] p2b: Clefable
|move|p2a: Charizard|Weather Ball|p1b: Sinistcha
|-supereffective|p1b: Sinistcha|1
|-damage|p1b: Sinistcha|0 fnt
|faint|p1b: Sinistcha
|
|win|Alfaceb
||ShadowV97 is ready for game 2.
