|j|☆freudianbreath
|j|☆Milesymiles
|html|freudianbreathMilesymiles    
|uhtml|bestof|Game 2 of a best-of-3
|t:|1785101379
|gametype|doubles
|player|p1|freudianbreath|101|1087
|player|p2|Milesymiles|veteran|1191
|gen|9
|tier|[Gen 9 Champions] VGC 2026 Reg M-B (Bo3)
|rated|
|rule|Species Clause: Limit one of each Pokémon
|rule|Item Clause: Limit 1 of each item
|clearpoke
|poke|p1|Raichu, L50, M|
|poke|p1|Basculegion, L50, M|
|poke|p1|Charizard, L50, M|
|poke|p1|Whimsicott, L50, F|
|poke|p1|Kingambit, L50, M|
|poke|p1|Ninetales-Alola, L50, F|
|poke|p2|Chandelure, L50, F|
|poke|p2|Staraptor, L50, M|
|poke|p2|Vanilluxe, L50, F, shiny|
|poke|p2|Grimmsnarl, L50, M|
|poke|p2|Excadrill, L50, F|
|poke|p2|Rotom-Wash, L50, shiny|
|teampreview|4
|showteam|p1|Raichu||RaichuniteX|LightningRod|FakeOut,Protect,VoltTackle,Trailblaze|Jolly||M|||50|]Basculegion||ChoiceScarf|Adaptability|WaveCrash,LastRespects,AquaJet,IcyWind|Adamant||M|||50|]Charizard||CharizarditeY|Blaze|HeatWave,WeatherBall,AncientPower,Protect|Timid||M|||50|]Whimsicott||SitrusBerry|Prankster|Moonblast,Encore,Tailwind,Protect|Bold||F|||50|]Kingambit||OccaBerry|Defiant|KowtowCleave,SwordsDance,SuckerPunch,Protect|Adamant||M|||50|]Ninetales-Alola||LifeOrb|SnowWarning|Blizzard,FreezeDry,Encore,Protect|Timid||F|||50|
|showteam|p2|Chandelure||FocusSash|FlashFire|HeatWave,ShadowBall,TrickRoom,Protect|Modest||F|||50|]Staraptor||Staraptite|Intimidate|Tailwind,Roost,CloseCombat,BraveBird|Adamant||M|||50|]Vanilluxe||LightClay|SnowWarning|FreezeDry,Blizzard,AuroraVeil,Protect|Calm||F|||50|]Grimmsnarl||RoseliBerry|Prankster|FakeOut,PartingShot,SpiritBreak,LightScreen|Adamant||M|||50|]Excadrill||Excadrite|MoldBreaker|Earthquake,IronHead,Protect,RockSlide|Jolly||F|||50|]Rotom-Wash||Magnet|Levitate|Thunderbolt,Electroweb,WillOWisp,HydroPump|Modest|||||50|
|inactive|Battle timer is ON: inactive players will automatically lose when time's up. (requested by Milesymiles)
|inactive|freudianbreath has 60 seconds left.
|inactive|freudianbreath has 30 seconds left.
|inactive|freudianbreath has 20 seconds left.
|inactive|freudianbreath has 15 seconds left.
|inactive|freudianbreath has 10 seconds left.
|
|t:|1785101501
|teamsize|p1|4
|teamsize|p2|4
|start
|switch|p1a: Whimsicott|Whimsicott, L50, F|100/100
|switch|p1b: Basculegion|Basculegion, L50, M|100/100
|switch|p2a: Excadrill|Excadrill, L50, F|100/100
|switch|p2b: Rotom|Rotom-Wash, L50, shiny|100/100
|-ability|p2a: Excadrill|Mold Breaker
|turn|1
|inactive|freudianbreath has 30 seconds left.
|inactive|Milesymiles has 30 seconds left.
|inactive|freudianbreath has 20 seconds left.
|inactive|freudianbreath has 15 seconds left.
|inactive|Milesymiles has 20 seconds left.
|inactive|freudianbreath has 10 seconds left.
|inactive|freudianbreath has 5 seconds left.
|
|t:|1785101555
|switch|p2a: Vanilluxe|Vanilluxe, L50, F, shiny|100/100
|-weather|Snowscape|[from] ability: Snow Warning|[of] p2a: Vanilluxe
|move|p1a: Whimsicott|Tailwind|p1a: Whimsicott
|-sidestart|p1: freudianbreath|move: Tailwind
|move|p1b: Basculegion|Wave Crash|p2a: Vanilluxe
|-damage|p2a: Vanilluxe|38/100
|-damage|p1b: Basculegion|81/100|[from] Recoil
|move|p2b: Rotom|Will-O-Wisp|p1b: Basculegion
|-status|p1b: Basculegion|brn
|
|-weather|Snowscape|[upkeep]
|-damage|p1b: Basculegion|75/100 brn|[from] brn
|upkeep
|turn|2
|inactive|freudianbreath has 30 seconds left.
|inactive|freudianbreath has 20 seconds left.
|inactive|freudianbreath has 15 seconds left.
|inactive|Milesymiles has 30 seconds left.
|inactive|freudianbreath has 10 seconds left.
|inactive|freudianbreath has 5 seconds left.
|inactive|Milesymiles has 20 seconds left.
|
|t:|1785101606
|switch|p2b: Staraptor|Staraptor, L50, M|100/100
|-ability|p2b: Staraptor|Intimidate|boost
|-unboost|p1a: Whimsicott|atk|1
|-unboost|p1b: Basculegion|atk|1
|move|p1a: Whimsicott|Encore||[still]
|-fail|p1a: Whimsicott
|move|p1b: Basculegion|Wave Crash|p2a: Vanilluxe
|-damage|p2a: Vanilluxe|14/100
|-damage|p1b: Basculegion|68/100 brn|[from] Recoil
|move|p2a: Vanilluxe|Aurora Veil|p2a: Vanilluxe
|-sidestart|p2: Milesymiles|move: Aurora Veil
|
|-weather|Snowscape|[upkeep]
|-damage|p1b: Basculegion|62/100 brn|[from] brn
|upkeep
|turn|3
|
|t:|1785101629
|switch|p2a: Rotom|Rotom-Wash, L50, shiny|100/100
|detailschange|p2b: Staraptor|Staraptor-Mega, L50, M
|-mega|p2b: Staraptor|Staraptor|Staraptite
|move|p1b: Basculegion|Wave Crash|p2a: Rotom
|-resisted|p2a: Rotom|1
|-damage|p2a: Rotom|89/100
|-damage|p1b: Basculegion|58/100 brn|[from] Recoil
|move|p1a: Whimsicott|Moonblast|p2b: Staraptor
|-supereffective|p2b: Staraptor|1
|-damage|p2b: Staraptor|68/100
|move|p2b: Staraptor|Close Combat|p1a: Whimsicott
|-resisted|p1a: Whimsicott|1
|-damage|p1a: Whimsicott|65/100
|-boost|p2b: Staraptor|def|1
|-boost|p2b: Staraptor|spd|1
|
|-weather|Snowscape|[upkeep]
|-damage|p1b: Basculegion|52/100 brn|[from] brn
|upkeep
|turn|4
|inactive|freudianbreath has 30 seconds left.
|inactive|freudianbreath has 20 seconds left.
|inactive|Milesymiles has 30 seconds left.
|inactive|freudianbreath has 15 seconds left.
|inactive|freudianbreath has 10 seconds left.
|inactive|freudianbreath has 5 seconds left.
|
|t:|1785101683
|switch|p1b: Raichu|Raichu, L50, M|100/100
|move|p1a: Whimsicott|Moonblast|p2b: Staraptor
|-supereffective|p2b: Staraptor|1
|-crit|p2b: Staraptor
|-damage|p2b: Staraptor|0 fnt
|faint|p2b: Staraptor
|move|p2a: Rotom|Thunderbolt|p1b: Raichu
|-ability|p1b: Raichu|Lightning Rod|boost
|-boost|p1b: Raichu|spa|1
|
|-weather|Snowscape|[upkeep]
|-sideend|p1: freudianbreath|move: Tailwind
|upkeep
|
|t:|1785101695
|switch|p2b: Excadrill|Excadrill, L50, F|100/100
|-ability|p2b: Excadrill|Mold Breaker
|turn|5
|
|t:|1785101714
|move|p1b: Raichu|Protect|p1b: Raichu
|-singleturn|p1b: Raichu|Protect
|move|p1a: Whimsicott|Tailwind|p1a: Whimsicott
|-sidestart|p1: freudianbreath|move: Tailwind
|move|p2b: Excadrill|Earthquake|p1a: Whimsicott|[spread] p2a,p1a
|-activate|p1b: Raichu|move: Protect
|-supereffective|p2a: Rotom|1
|-resisted|p1a: Whimsicott|1
|-damage|p2a: Rotom|33/100
|-damage|p1a: Whimsicott|46/100
|-enditem|p1a: Whimsicott|Sitrus Berry|[eat]
|-heal|p1a: Whimsicott|70/100|[from] item: Sitrus Berry
|move|p2a: Rotom|Electroweb|p1a: Whimsicott|[spread] p1a
|-activate|p1b: Raichu|move: Protect
|-resisted|p1a: Whimsicott|1
|-damage|p1a: Whimsicott|56/100
|-unboost|p1a: Whimsicott|spe|1
|
|-weather|none
|upkeep
|turn|6
|inactive|freudianbreath has 30 seconds left.
|inactive|freudianbreath has 20 seconds left.
|inactive|freudianbreath has 15 seconds left.
|inactive|freudianbreath has 10 seconds left.
|inactive|freudianbreath has 5 seconds left.
|
|t:|1785101767
|switch|p1b: Basculegion|Basculegion, L50, M|52/100 brn
|switch|p2a: Vanilluxe|Vanilluxe, L50, F, shiny|14/100
|-weather|Snowscape|[from] ability: Snow Warning|[of] p2a: Vanilluxe
|move|p1a: Whimsicott|Encore|p2b: Excadrill
|-start|p2b: Excadrill|Encore
|move|p2b: Excadrill|Earthquake|p1a: Whimsicott|[spread] p2a,p1a,p1b
|-resisted|p1a: Whimsicott|1
|-damage|p2a: Vanilluxe|0 fnt
|-damage|p1a: Whimsicott|35/100
|-damage|p1b: Basculegion|2/100 brn
|faint|p2a: Vanilluxe
|
|-weather|Snowscape|[upkeep]
|-damage|p1b: Basculegion|0 fnt|[from] brn
|faint|p1b: Basculegion
|upkeep
|inactive|freudianbreath has 30 seconds left.
|
|t:|1785101799
|switch|p1b: Ninetales|Ninetales-Alola, L50, F|100/100
|switch|p2a: Rotom|Rotom-Wash, L50, shiny|33/100
|turn|7
|inactive|freudianbreath has 30 seconds left.
|inactive|freudianbreath has 20 seconds left.
|
|t:|1785101835
|move|p1a: Whimsicott|Protect|p1a: Whimsicott
|-singleturn|p1a: Whimsicott|Protect
|move|p1b: Ninetales|Freeze-Dry|p2b: Excadrill
|-damage|p2b: Excadrill|66/100
|-damage|p1b: Ninetales|90/100|[from] item: Life Orb
|move|p2b: Excadrill|Earthquake|p1b: Ninetales|[spread] p2a,p1b
|-activate|p1a: Whimsicott|move: Protect
|-supereffective|p2a: Rotom|1
|-damage|p2a: Rotom|0 fnt
|-damage|p1b: Ninetales|50/100g
|faint|p2a: Rotom
|
|-weather|Snowscape|[upkeep]
|upkeep
|turn|8
|inactive|freudianbreath has 30 seconds left.
|inactive|freudianbreath has 20 seconds left.
|inactive|freudianbreath has 15 seconds left.
|inactive|freudianbreath has 10 seconds left.
|
|t:|1785101880
|move|p1b: Ninetales|Protect|p1b: Ninetales
|-singleturn|p1b: Ninetales|Protect
|move|p1a: Whimsicott|Moonblast|p2b: Excadrill
|-resisted|p2b: Excadrill|1
|-damage|p2b: Excadrill|54/100
|move|p2b: Excadrill|Earthquake|p1b: Ninetales|[spread] p1a
|-activate|p1b: Ninetales|move: Protect
|-resisted|p1a: Whimsicott|1
|-damage|p1a: Whimsicott|15/100
|
|-weather|Snowscape|[upkeep]
|-end|p2b: Excadrill|Encore
|-sideend|p1: freudianbreath|move: Tailwind
|upkeep
|turn|9
|
|t:|1785101900
|move|p1a: Whimsicott|Encore|p2b: Excadrill
|-start|p2b: Excadrill|Encore
|move|p1b: Ninetales|Blizzard|p2b: Excadrill
|-damage|p2b: Excadrill|3/100
|-damage|p1b: Ninetales|40/100|[from] item: Life Orb
|move|p2b: Excadrill|Earthquake|p1a: Whimsicott|[spread] p1a,p1b
|-resisted|p1a: Whimsicott|1
|-damage|p1a: Whimsicott|0 fnt
|-damage|p1b: Ninetales|4/100
|faint|p1a: Whimsicott
|
|-weather|Snowscape|[upkeep]
|-sideend|p2: Milesymiles|move: Aurora Veil
|upkeep
|
|t:|1785101908
|switch|p1a: Raichu|Raichu, L50, M|100/100
|turn|10
|
|t:|1785101917
|move|p1a: Raichu|Fake Out|p2b: Excadrill
|-resisted|p2b: Excadrill|1
|-damage|p2b: Excadrill|0 fnt
|faint|p2b: Excadrill
|
|win|freudianbreath
||freudianbreath is ready for game 3.
||Milesymiles is ready for game 3.
|uhtml|next|Next: Game 3 of 3
