|j|☆namboyVGC
|j|☆leonsunp
|html|namboyVGCleonsunp    
|uhtml|bestof|Game 1 of a best-of-3
|t:|1756151942
|gametype|doubles
|player|p1|namboyVGC|pokemonranger-gen4|1267
|player|p2|leonsunp|colress|1193
|gen|9
|tier|[Gen 9] VGC 2025 Reg H (Bo3)
|rated|
|rule|Species Clause: Limit one of each Pokémon
|rule|Item Clause: Limit 1 of each item
|clearpoke
|poke|p1|Sneasler, L50, M|
|poke|p1|Indeedee, L50, M|
|poke|p1|Annihilape, L50, M|
|poke|p1|Tyranitar, L50, M|
|poke|p1|Excadrill, L50, F|
|poke|p1|Hydreigon, L50, M|
|poke|p2|Sneasler, L50, M|
|poke|p2|Rillaboom, L50, M|
|poke|p2|Kingambit, L50, M|
|poke|p2|Kilowattrel, L50, F|
|poke|p2|Salamence, L50, F|
|poke|p2|Volcarona, L50, M|
|teampreview|4
|showteam|p1|Sneasler||PsychicSeed|Unburden|CloseCombat,DireClaw,ThroatChop,Protect|||M|||50|,,,,,Dark]Indeedee||ChoiceScarf|PsychicSurge|ExpandingForce,TeraBlast,Trick,DazzlingGleam|||M|||50|,,,,,Fire]Annihilape||SafetyGoggles|Defiant|CloseCombat,RageFist,Taunt,FinalGambit|||M|||50|,,,,,Psychic]Tyranitar||AssaultVest|SandStream|RockSlide,KnockOff,TeraBlast,LowKick|||M|||50|,,,,,Flying]Excadrill||FocusSash|SandRush|HighHorsepower,Earthquake,IronHead,Protect|||F|||50|,,,,,Stellar]Hydreigon||CovertCloak|Levitate|Snarl,DracoMeteor,Tailwind,Roar|||M|||50|,,,,,Poison
|showteam|p2|Sneasler||WhiteHerb|Unburden|CloseCombat,DireClaw,ThroatChop,Protect|||M|||50|,,,,,Stellar]Rillaboom||AssaultVest|GrassySurge|WoodHammer,GrassyGlide,HighHorsepower,FakeOut|||M|||50|,,,,,Water]Kingambit||BlackGlasses|Defiant|KowtowCleave,SuckerPunch,SwordsDance,Protect|||M|||50|,,,,,Dark]Kilowattrel||FocusSash|Competitive|Thunderbolt,AirSlash,Electroweb,Protect|||F|||50|,,,,,Electric]Salamence||SafetyGoggles|Intimidate|DualWingbeat,IronHead,Tailwind,Protect|||F|||50|,,,,,Steel]Volcarona||SitrusBerry|FlameBody|HeatWave,TeraBlast,QuiverDance,Protect|||M|||50|,,,,,Fairy
|inactive|Battle timer is ON: inactive players will automatically lose when time's up. (requested by namboyVGC)
|inactive|leonsunp has 60 seconds left.
|inactive|leonsunp has 30 seconds left.
|inactive|leonsunp has 20 seconds left.
|
|t:|1756152016
|teamsize|p1|4
|teamsize|p2|4
|start
|switch|p1a: Sneasler|Sneasler, L50, M|100/100
|switch|p1b: Tyranitar|Tyranitar, L50, M|100/100
|switch|p2a: Rillaboom|Rillaboom, L50, M|100/100
|switch|p2b: Sneasler|Sneasler, L50, M|100/100
|-fieldstart|move: Grassy Terrain|[from] ability: Grassy Surge|[of] p2a: Rillaboom
|-weather|Sandstorm|[from] ability: Sand Stream|[of] p1b: Tyranitar
|turn|1
|inactive|leonsunp has 30 seconds left.
|inactive|leonsunp has 20 seconds left.
|inactive|leonsunp has 15 seconds left.
|
|t:|1756152058
|switch|p1b: Indeedee|Indeedee, L50, M|100/100
|-fieldstart|move: Psychic Terrain|[from] ability: Psychic Surge|[of] p1b: Indeedee
|-enditem|p1a: Sneasler|Psychic Seed
|-boost|p1a: Sneasler|spd|1|[from] item: Psychic Seed
|move|p1a: Sneasler|Dire Claw|p2a: Rillaboom
|-supereffective|p2a: Rillaboom
|-damage|p2a: Rillaboom|13/100
|move|p2b: Sneasler|Dire Claw|p1b: Indeedee
|-damage|p1b: Indeedee|12/100
|move|p2a: Rillaboom|Wood Hammer|p1b: Indeedee
|-damage|p1b: Indeedee|0 fnt
|faint|p1b: Indeedee
|-damage|p2a: Rillaboom|10/100|[from] Recoil
|
|-weather|Sandstorm|[upkeep]
|-damage|p1a: Sneasler|95/100|[from] Sandstorm
|-damage|p2b: Sneasler|95/100|[from] Sandstorm
|-damage|p2a: Rillaboom|4/100|[from] Sandstorm
|upkeep
|
|t:|1756152078
|switch|p1b: Excadrill|Excadrill, L50, F|100/100
|turn|2
|
|t:|1756152093
|switch|p2a: Salamence|Salamence, L50, F|100/100
|-ability|p2a: Salamence|Intimidate|boost
|-unboost|p1a: Sneasler|atk|1
|-unboost|p1b: Excadrill|atk|1
|move|p2b: Sneasler|Protect|p2b: Sneasler
|-singleturn|p2b: Sneasler|Protect
|move|p1a: Sneasler|Close Combat|p2a: Salamence
|-resisted|p2a: Salamence
|-damage|p2a: Salamence|76/100
|-unboost|p1a: Sneasler|def|1
|-unboost|p1a: Sneasler|spd|1
|move|p1b: Excadrill|High Horsepower|p2b: Sneasler
|-activate|p2b: Sneasler|move: Protect
|
|-weather|Sandstorm|[upkeep]
|-damage|p1a: Sneasler|89/100|[from] Sandstorm
|-damage|p2b: Sneasler|89/100|[from] Sandstorm
|upkeep
|turn|3
|inactive|leonsunp has 30 seconds left.
|
|t:|1756152126
|switch|p2b: Rillaboom|Rillaboom, L50, M|4/100
|-fieldstart|move: Grassy Terrain|[from] ability: Grassy Surge|[of] p2b: Rillaboom
|move|p1a: Sneasler|Dire Claw|p2a: Salamence
|-damage|p2a: Salamence|44/100
|move|p1b: Excadrill|High Horsepower|p2b: Rillaboom
|-resisted|p2b: Rillaboom
|-damage|p2b: Rillaboom|0 fnt
|faint|p2b: Rillaboom
|move|p2a: Salamence|Dual Wingbeat|p1a: Sneasler
|-supereffective|p1a: Sneasler
|-damage|p1a: Sneasler|0 fnt
|faint|p1a: Sneasler
|-hitcount|p1: Sneasler|1
|
|-weather|Sandstorm|[upkeep]
|upkeep
|
|t:|1756152145
|switch|p1a: Tyranitar|Tyranitar, L50, M|100/100
|switch|p2b: Kingambit|Kingambit, L50, M|100/100
|turn|4
|inactive|leonsunp has 30 seconds left.
|
|t:|1756152171
|-terastallize|p1a: Tyranitar|Flying
|-terastallize|p2b: Kingambit|Dark
|move|p2b: Kingambit|Sucker Punch|p1b: Excadrill
|-enditem|p1b: Excadrill|Focus Sash
|-damage|p1b: Excadrill|1/100
|move|p1b: Excadrill|Iron Head|p2a: Salamence
|-damage|p2a: Salamence|9/100
|cant|p2a: Salamence|flinch
|move|p1a: Tyranitar|Rock Slide|p2b: Kingambit|[spread] p2a,p2b
|-supereffective|p2a: Salamence
|-damage|p2a: Salamence|0 fnt
|-damage|p2b: Kingambit|77/100
|faint|p2a: Salamence
|
|-weather|Sandstorm|[upkeep]
|-damage|p1a: Tyranitar|95/100|[from] Sandstorm
|-damage|p2b: Kingambit|72/100|[from] Sandstorm
|-heal|p1b: Excadrill|7/100|[from] Grassy Terrain
|-heal|p2b: Kingambit|77/100|[from] Grassy Terrain
|upkeep
|
|t:|1756152188
|switch|p2a: Sneasler|Sneasler, L50, M|89/100
|turn|5
|
|t:|1756152199
|move|p1b: Excadrill|Protect|p1b: Excadrill
|-singleturn|p1b: Excadrill|Protect
|move|p2a: Sneasler|Protect|p2a: Sneasler
|-singleturn|p2a: Sneasler|Protect
|move|p2b: Kingambit|Sucker Punch|p1a: Tyranitar
|-damage|p1a: Tyranitar|38/100
|move|p1a: Tyranitar|Tera Blast|p2a: Sneasler|[anim] Tera Blast Flying
|-activate|p2a: Sneasler|move: Protect
|
|-weather|none
|-heal|p1b: Excadrill|13/100|[from] Grassy Terrain
|-heal|p2a: Sneasler|95/100|[from] Grassy Terrain
|-heal|p2b: Kingambit|83/100|[from] Grassy Terrain
|upkeep
|turn|6
|-message|namboyVGC forfeited.
|
|win|leonsunp
|l|☆namboyVGC
|player|p1|
||namboyVGC is ready for game 2.
||leonsunp is ready for game 2.
|uhtml|next|Next: Game 2 of 3
|j|☆namboyVGC
|player|p1|namboyVGC|pokemonranger-gen4|
