|j|☆Gurrasnurra5
|j|☆Gamma_90
|html|Gurrasnurra5Gamma_90    
|uhtml|bestof|Game 2 of a best-of-3
|t:|1756666985
|gametype|doubles
|player|p1|Gurrasnurra5|wattson|1165
|player|p2|Gamma_90|1|1111
|gen|9
|tier|[Gen 9] VGC 2025 Reg H (Bo3)
|rated|
|rule|Species Clause: Limit one of each Pokémon
|rule|Item Clause: Limit 1 of each item
|clearpoke
|poke|p1|Kingambit, L50, M|
|poke|p1|Electabuzz, L50, F|
|poke|p1|Incineroar, L50, F|
|poke|p1|Basculegion, L50, M|
|poke|p1|Dragonite, L50, M|
|poke|p1|Sneasler, L50, M|
|poke|p2|Meowscarada, L50, F|
|poke|p2|Volcarona, L50, F|
|poke|p2|Primarina, L50, F|
|poke|p2|Gholdengo, L50|
|poke|p2|Ursaluna, L50, F|
|poke|p2|Porygon2, L50|
|teampreview|4
|showteam|p1|Kingambit||SafetyGoggles|Defiant|KowtowCleave,SuckerPunch,SwordsDance,Protect|||M|||50|,,,,,Dark]Electabuzz||Eviolite|VitalSpirit|FollowMe,Electroweb,Taunt,Protect|||F|||50|,,,,,Ghost]Incineroar||SitrusBerry|Intimidate|FakeOut,FlareBlitz,KnockOff,PartingShot|||F|||50|,,,,,Grass]Basculegion||ChoiceScarf|Adaptability|WaveCrash,TeraBlast,LastRespects,FlipTurn|||M|||50|,,,,,Fighting]Dragonite||LoadedDice|Multiscale|ScaleShot,ExtremeSpeed,Haze,Protect|||M|||50|,,,,,Fairy]Sneasler||FocusSash|PoisonTouch|FakeOut,CloseCombat,DireClaw,Protect|||M|||50|,,,,,Ghost
|showteam|p2|Meowscarada||ChoiceBand|Protean|FlowerTrick,KnockOff,LowKick,Uturn|||F|||50|,,,,,Ghost]Volcarona||SitrusBerry|FlameBody|Overheat,Tailwind,RagePowder,Protect|||F|||50|,,,,,Dragon]Primarina||LifeOrb|LiquidVoice|HyperVoice,Moonblast,Haze,Protect|||F|||50|,,,,,Grass]Gholdengo||MetalCoat|GoodasGold|MakeItRain,ShadowBall,NastyPlot,Protect||||||50|,,,,,Water]Ursaluna||FlameOrb|Guts|Facade,HeadlongRush,Earthquake,Protect|||F|||50|,,,,,Ghost]Porygon2||Eviolite|Download|TeraBlast,TrickRoom,Recover,IceBeam||||||50|,,,,,Fighting
|inactive|Battle timer is ON: inactive players will automatically lose when time's up. (requested by Gamma_90)
|inactive|Gurrasnurra5 has 60 seconds left.
|
|t:|1756667021
|teamsize|p1|4
|teamsize|p2|4
|start
|switch|p1a: Electabuzz|Electabuzz, L50, F|100/100
|switch|p1b: Sneasler|Sneasler, L50, M|100/100
|switch|p2a: Meowscarada|Meowscarada, L50, F|100/100
|switch|p2b: Porygon2|Porygon2, L50|100/100
|-ability|p2b: Porygon2|Download|boost
|-boost|p2b: Porygon2|atk|1
|turn|1
|inactive|Gamma_90 has 30 seconds left.
|inactive|Gamma_90 has 20 seconds left.
|inactive|Gamma_90 has 15 seconds left.
|inactive|Gamma_90 has 10 seconds left.
|
|t:|1756667069
|switch|p2b: Volcarona|Volcarona, L50, F|100/100
|-terastallize|p2a: Meowscarada|Ghost
|move|p2a: Meowscarada|Knock Off|p1b: Sneasler
|-resisted|p1b: Sneasler
|-damage|p1b: Sneasler|38/100
|-enditem|p1b: Sneasler|Focus Sash|[from] move: Knock Off|[of] p2a: Meowscarada
|move|p1b: Sneasler|Dire Claw|p2a: Meowscarada
|-resisted|p2a: Meowscarada
|-damage|p2a: Meowscarada|68/100
|-status|p2a: Meowscarada|par
|move|p1a: Electabuzz|Taunt|p2b: Volcarona
|-start|p2b: Volcarona|move: Taunt
|
|upkeep
|turn|2
|inactive|Gamma_90 has 30 seconds left.
|
|t:|1756667101
|switch|p2a: Ursaluna|Ursaluna, L50, F|100/100
|move|p1b: Sneasler|Dire Claw|p2b: Volcarona
|-damage|p2b: Volcarona|61/100
|move|p1a: Electabuzz|Electroweb|p2b: Volcarona|[spread] p2b
|-immune|p2a: Ursaluna
|-damage|p2b: Volcarona|48/100
|-unboost|p2b: Volcarona|spe|1
|-enditem|p2b: Volcarona|Sitrus Berry|[eat]
|-heal|p2b: Volcarona|73/100|[from] item: Sitrus Berry
|move|p2b: Volcarona|Overheat|p1b: Sneasler|[miss]
|-miss|p2b: Volcarona|p1b: Sneasler
|
|-status|p2a: Ursaluna|brn|[from] item: Flame Orb
|upkeep
|turn|3
|inactive|Gamma_90 has 30 seconds left.
|inactive|Gamma_90 has 20 seconds left.
|inactive|Gamma_90 has 15 seconds left.
|inactive|Gamma_90 has 10 seconds left.
|inactive|Gamma_90 has 5 seconds left.
|
|t:|1756667151
|switch|p1b: Incineroar|Incineroar, L50, F|100/100
|-ability|p1b: Incineroar|Intimidate|boost
|-unboost|p2a: Ursaluna|atk|1
|-unboost|p2b: Volcarona|atk|1
|switch|p2a: Meowscarada|Meowscarada, L50, F, tera:Ghost|68/100 par
|move|p1a: Electabuzz|Protect|p1a: Electabuzz
|-singleturn|p1a: Electabuzz|Protect
|move|p2b: Volcarona|Overheat|p1b: Incineroar
|-resisted|p1b: Incineroar
|-crit|p1b: Incineroar
|-damage|p1b: Incineroar|59/100
|-unboost|p2b: Volcarona|spa|2
|
|-end|p2b: Volcarona|move: Taunt
|upkeep
|turn|4
|
|t:|1756667171
|move|p2b: Volcarona|Rage Powder|p2b: Volcarona
|-singleturn|p2b: Volcarona|move: Rage Powder
|move|p1a: Electabuzz|Electroweb|p2a: Meowscarada|[spread] p2a,p2b
|-damage|p2a: Meowscarada|43/100 par
|-damage|p2b: Volcarona|62/100
|-unboost|p2a: Meowscarada|spe|1
|-unboost|p2b: Volcarona|spe|1
|move|p1b: Incineroar|Flare Blitz|p2b: Volcarona
|-damage|p2b: Volcarona|20/100
|-damage|p1b: Incineroar|46/100|[from] Recoil
|-enditem|p1b: Incineroar|Sitrus Berry|[eat]
|-heal|p1b: Incineroar|70/100|[from] item: Sitrus Berry
|move|p2a: Meowscarada|Low Kick|p1b: Incineroar
|-supereffective|p1b: Incineroar
|-damage|p1b: Incineroar|20/100
|
|upkeep
|turn|5
|inactive|Gamma_90 has 30 seconds left.
|
|t:|1756667201
|switch|p2a: Porygon2|Porygon2, L50|100/100
|-ability|p2a: Porygon2|Download|boost
|-boost|p2a: Porygon2|spa|1
|move|p2b: Volcarona|Protect|p2b: Volcarona
|-singleturn|p2b: Volcarona|Protect
|move|p1a: Electabuzz|Electroweb|p2a: Porygon2|[spread] p2a
|-activate|p2b: Volcarona|move: Protect
|-damage|p2a: Porygon2|91/100
|-unboost|p2a: Porygon2|spe|1
|move|p1b: Incineroar|Knock Off|p2a: Porygon2
|-damage|p2a: Porygon2|68/100
|-enditem|p2a: Porygon2|Eviolite|[from] move: Knock Off|[of] p1b: Incineroar
|
|upkeep
|turn|6
|
|t:|1756667210
|move|p2b: Volcarona|Rage Powder|p2b: Volcarona
|-singleturn|p2b: Volcarona|move: Rage Powder
|move|p1a: Electabuzz|Electroweb|p2b: Volcarona|[spread] p2a,p2b
|-damage|p2a: Porygon2|55/100
|-damage|p2b: Volcarona|9/100
|-unboost|p2a: Porygon2|spe|1
|-unboost|p2b: Volcarona|spe|1
|move|p1b: Incineroar|Knock Off|p2b: Volcarona
|-damage|p2b: Volcarona|0 fnt
|faint|p2b: Volcarona
|move|p2a: Porygon2|Trick Room|p2a: Porygon2
|-fieldstart|move: Trick Room|[of] p2a: Porygon2
|
|upkeep
|
|t:|1756667221
|switch|p2b: Ursaluna|Ursaluna, L50, F|100/100 brn
|turn|7
|inactive|Gurrasnurra5 has 30 seconds left.
|inactive|Gurrasnurra5 has 20 seconds left.
|inactive|Gurrasnurra5 has 15 seconds left.
|
|t:|1756667266
|switch|p1b: Sneasler|Sneasler, L50, M|38/100
|move|p1a: Electabuzz|Protect|p1a: Electabuzz
|-singleturn|p1a: Electabuzz|Protect
|move|p2a: Porygon2|Recover|p2a: Porygon2
|-heal|p2a: Porygon2|100/100
|move|p2b: Ursaluna|Earthquake|p1b: Sneasler|[spread] p2a,p1b
|-activate|p1a: Electabuzz|move: Protect
|-supereffective|p1b: Sneasler
|-damage|p2a: Porygon2|42/100
|-damage|p1b: Sneasler|0 fnt
|faint|p1b: Sneasler
|
|-damage|p2b: Ursaluna|95/100 brn|[from] brn
|upkeep
|
|t:|1756667267
|switch|p1b: Incineroar|Incineroar, L50, F|20/100
|-ability|p1b: Incineroar|Intimidate|boost
|-unboost|p2a: Porygon2|atk|1
|-unboost|p2b: Ursaluna|atk|1
|turn|8
|inactive|Gamma_90 has 30 seconds left.
|inactive|Gamma_90 has 20 seconds left.
|
|t:|1756667306
|move|p1b: Incineroar|Fake Out|p2b: Ursaluna
|-damage|p2b: Ursaluna|87/100 brn
|move|p2a: Porygon2|Recover|p2a: Porygon2
|-heal|p2a: Porygon2|92/100
|cant|p2b: Ursaluna|flinch
|move|p1a: Electabuzz|Electroweb|p2b: Ursaluna|[spread] p2a
|-immune|p2b: Ursaluna
|-damage|p2a: Porygon2|79/100
|-unboost|p2a: Porygon2|spe|1
|
|-damage|p2b: Ursaluna|81/100 brn|[from] brn
|upkeep
|turn|9
|
|t:|1756667331
|-terastallize|p1a: Electabuzz|Ghost
|move|p2a: Porygon2|Ice Beam|p1a: Electabuzz
|-damage|p1a: Electabuzz|68/100
|move|p2b: Ursaluna|Earthquake|p1b: Incineroar|[spread] p2a,p1a,p1b
|-supereffective|p1b: Incineroar
|-damage|p2a: Porygon2|42/100
|-damage|p1a: Electabuzz|27/100
|-damage|p1b: Incineroar|0 fnt
|faint|p1b: Incineroar
|move|p1a: Electabuzz|Electroweb|p2a: Porygon2|[spread] p2a
|-immune|p2b: Ursaluna
|-damage|p2a: Porygon2|29/100
|-unboost|p2a: Porygon2|spe|1
|
|-damage|p2b: Ursaluna|75/100 brn|[from] brn
|upkeep
|
|t:|1756667338
|switch|p1b: Kingambit|Kingambit, L50, M|100/100
|turn|10
|
|t:|1756667352
|move|p1b: Kingambit|Protect|p1b: Kingambit
|-singleturn|p1b: Kingambit|Protect
|move|p1a: Electabuzz|Protect|p1a: Electabuzz
|-singleturn|p1a: Electabuzz|Protect
|move|p2a: Porygon2|Recover|p2a: Porygon2
|-heal|p2a: Porygon2|79/100
|move|p2b: Ursaluna|Earthquake|p1b: Kingambit|[spread] p2a
|-activate|p1a: Electabuzz|move: Protect
|-activate|p1b: Kingambit|move: Protect
|-damage|p2a: Porygon2|39/100
|
|-damage|p2b: Ursaluna|69/100 brn|[from] brn
|-fieldend|move: Trick Room
|upkeep
|turn|11
|
|t:|1756667373
|move|p1a: Electabuzz|Taunt|p2a: Porygon2
|-start|p2a: Porygon2|move: Taunt
|move|p1b: Kingambit|Kowtow Cleave|p2b: Ursaluna
|-damage|p2b: Ursaluna|30/100 brn
|move|p2b: Ursaluna|Earthquake|p1b: Kingambit|[spread] p2a,p1a,p1b
|-supereffective|p1b: Kingambit
|-damage|p2a: Porygon2|0 fnt
|-damage|p1a: Electabuzz|0 fnt
|-damage|p1b: Kingambit|29/100
|faint|p2a: Porygon2
|faint|p1a: Electabuzz
|
|-damage|p2b: Ursaluna|25/100 brn|[from] brn
|upkeep
|
|t:|1756667382
|switch|p2a: Meowscarada|Meowscarada, L50, F, tera:Ghost|43/100 par
|turn|12
|
|t:|1756667396
|move|p1b: Kingambit|Protect|p1b: Kingambit
|-singleturn|p1b: Kingambit|Protect
|move|p2a: Meowscarada|Low Kick|p1b: Kingambit
|-activate|p1b: Kingambit|move: Protect
|move|p2b: Ursaluna|Facade|p1b: Kingambit
|-activate|p1b: Kingambit|move: Protect
|
|-damage|p2b: Ursaluna|19/100 brn|[from] brn
|upkeep
|turn|13
|
|t:|1756667400
|move|p2a: Meowscarada|Low Kick|p1b: Kingambit
|-supereffective|p1b: Kingambit
|-damage|p1b: Kingambit|0 fnt
|faint|p1b: Kingambit
|
|win|Gamma_90
||Gurrasnurra5 is ready for game 3.
||Gamma_90 is ready for game 3.
|uhtml|next|Next: Game 3 of 3
|l|☆Gurrasnurra5
|player|p1|
