|j|☆DrakyPana
|j|☆Edinson Burgos
|html|DrakyPanaEdinson Burgos    
|uhtml|bestof|Game 2 of a best-of-3
|t:|1757643133
|gametype|doubles
|player|p1|DrakyPana|266|
|player|p2|Edinson Burgos|cynthia|
|gen|9
|tier|[Gen 9] VGC 2025 Reg H (Bo3)
|rule|Species Clause: Limit one of each Pokémon
|rule|Item Clause: Limit 1 of each item
|clearpoke
|poke|p1|Porygon2, L50|
|poke|p1|Incineroar, L50, F|
|poke|p1|Ursaluna, L50, F|
|poke|p1|Amoonguss, L50, F|
|poke|p1|Gholdengo, L50|
|poke|p1|Dragonite, L50, F|
|poke|p2|Dragonite, L50, M|
|poke|p2|Volcarona, L50, F|
|poke|p2|Sneasler, L50, M|
|poke|p2|Rillaboom, L50, M|
|poke|p2|Electabuzz, L50, M|
|poke|p2|Kingambit, L50, M|
|teampreview|4
|showteam|p1|Porygon2||Eviolite|Download|TeraBlast,IceBeam,Recover,TrickRoom||||||50|,,,,,Fighting]Incineroar||SafetyGoggles|Intimidate|FlareBlitz,FakeOut,KnockOff,PartingShot|||F|||50|,,,,,Ghost]Ursaluna||FlameOrb|Guts|HeadlongRush,Facade,Earthquake,Protect|||F|||50|,,,,,Ghost]Amoonguss||SitrusBerry|Regenerator|PollenPuff,Spore,RagePowder,Protect|||F|||50|,,,,,Water]Gholdengo||LifeOrb|GoodasGold|MakeItRain,ShadowBall,NastyPlot,Protect||||||50|,,,,,Water]Dragonite||LoadedDice|Multiscale|ScaleShot,Haze,Tailwind,Protect|||F|||50|,,,,,Steel
|showteam|p2|Dragonite||LoadedDice|Multiscale|ScaleShot,ExtremeSpeed,Haze,Protect|||M|||50|,,,,,Fairy]Volcarona||CovertCloak|FlameBody|HeatWave,TeraBlast,QuiverDance,Protect|||F|||50|,,,,,Fairy]Sneasler||FocusSash|Unburden|CloseCombat,DireClaw,Coaching,Protect|||M|||50|,,,,,Stellar]Rillaboom||AssaultVest|GrassySurge|WoodHammer,GrassyGlide,HighHorsepower,FakeOut|||M|||50|,,,,,Water]Electabuzz||Eviolite|VitalSpirit|Thunderbolt,FollowMe,Taunt,Protect|||M|||50|,,,,,Ghost]Kingambit||BlackGlasses|Defiant|KowtowCleave,SuckerPunch,SwordsDance,Protect|||M|||50|,,,,,Dark
|
|t:|1757643164
|teamsize|p1|4
|teamsize|p2|4
|start
|switch|p1a: Dragonite|Dragonite, L50, F|100/100
|switch|p1b: Amoonguss|Amoonguss, L50, F|100/100
|switch|p2a: Pelé|Dragonite, L50, M|100/100
|switch|p2b: Cristiano Ronaldo|Rillaboom, L50, M|100/100
|-fieldstart|move: Grassy Terrain|[from] ability: Grassy Surge|[of] p2b: Cristiano Ronaldo
|turn|1
|
|t:|1757643178
|move|p1a: Dragonite|Protect|p1a: Dragonite
|-singleturn|p1a: Dragonite|Protect
|move|p2b: Cristiano Ronaldo|Fake Out|p1b: Amoonguss
|-damage|p1b: Amoonguss|89/100
|move|p2a: Pelé|Scale Shot|p1a: Dragonite
|-activate|p1a: Dragonite|move: Protect
|cant|p1b: Amoonguss|flinch
|
|-heal|p1b: Amoonguss|95/100|[from] Grassy Terrain
|upkeep
|turn|2
|
|t:|1757643204
|switch|p2b: Ronaldo Nazario|Sneasler, L50, M|100/100
|move|p2a: Pelé|Protect|p2a: Pelé
|-singleturn|p2a: Pelé|Protect
|move|p1a: Dragonite|Tailwind|p1a: Dragonite
|-sidestart|p1: DrakyPana|move: Tailwind
|move|p1b: Amoonguss|Spore|p2a: Pelé
|-activate|p2a: Pelé|move: Protect
|
|-heal|p1b: Amoonguss|100/100|[from] Grassy Terrain
|upkeep
|turn|3
|
|t:|1757643233
|switch|p1b: Porygon2|Porygon2, L50|100/100
|-ability|p1b: Porygon2|Download|boost
|-boost|p1b: Porygon2|atk|1
|move|p2b: Ronaldo Nazario|Protect|p2b: Ronaldo Nazario
|-singleturn|p2b: Ronaldo Nazario|Protect
|move|p2a: Pelé|Protect||[still]
|-fail|p2a: Pelé
|move|p1a: Dragonite|Scale Shot|p2b: Ronaldo Nazario
|-activate|p2b: Ronaldo Nazario|move: Protect
|
|upkeep
|turn|4
|
|t:|1757643252
|move|p1a: Dragonite|Scale Shot|p2b: Ronaldo Nazario
|-damage|p2b: Ronaldo Nazario|74/100
|-damage|p2b: Ronaldo Nazario|48/100
|-damage|p2b: Ronaldo Nazario|24/100
|-damage|p2b: Ronaldo Nazario|0 fnt
|faint|p2b: Ronaldo Nazario
|-hitcount|p2: Ronaldo Nazario|4
|-unboost|p1a: Dragonite|def|1
|-boost|p1a: Dragonite|spe|1
|move|p1b: Porygon2|Ice Beam|p2a: Pelé
|-supereffective|p2a: Pelé
|-damage|p2a: Pelé|38/100
|move|p2a: Pelé|Scale Shot|p1a: Dragonite
|-supereffective|p1a: Dragonite
|-damage|p1a: Dragonite|75/100
|-supereffective|p1a: Dragonite
|-damage|p1a: Dragonite|28/100
|-supereffective|p1a: Dragonite
|-damage|p1a: Dragonite|0 fnt
|faint|p1a: Dragonite
|-hitcount|p1: Dragonite|3
|-unboost|p2a: Pelé|def|1
|-boost|p2a: Pelé|spe|1
|
|upkeep
|
|t:|1757643275
|switch|p2b: Enzo Franchescoli|Volcarona, L50, F|100/100
|switch|p1a: Amoonguss|Amoonguss, L50, F|100/100
|turn|5
|
|t:|1757643297
|move|p2a: Pelé|Protect|p2a: Pelé
|-singleturn|p2a: Pelé|Protect
|move|p1b: Porygon2|Ice Beam|p2a: Pelé
|-activate|p2a: Pelé|move: Protect
|move|p2b: Enzo Franchescoli|Heat Wave|p1b: Porygon2|[spread] p1a
|-miss|p2b: Enzo Franchescoli|p1b: Porygon2
|-supereffective|p1a: Amoonguss
|-damage|p1a: Amoonguss|40/100
|-enditem|p1a: Amoonguss|Sitrus Berry|[eat]
|-heal|p1a: Amoonguss|65/100|[from] item: Sitrus Berry
|move|p1a: Amoonguss|Spore|p2b: Enzo Franchescoli
|-status|p2b: Enzo Franchescoli|slp|[from] move: Spore
|
|-heal|p1a: Amoonguss|71/100|[from] Grassy Terrain
|-sideend|p1: DrakyPana|move: Tailwind
|-fieldend|move: Grassy Terrain
|upkeep
|turn|6
|
|t:|1757643323
|move|p1a: Amoonguss|Protect|p1a: Amoonguss
|-singleturn|p1a: Amoonguss|Protect
|move|p2a: Pelé|Extreme Speed|p1a: Amoonguss
|-activate|p1a: Amoonguss|move: Protect
|cant|p2b: Enzo Franchescoli|slp
|move|p1b: Porygon2|Ice Beam|p2a: Pelé
|-supereffective|p2a: Pelé
|-damage|p2a: Pelé|0 fnt
|faint|p2a: Pelé
|
|upkeep
|
|t:|1757643334
|switch|p2a: Cristiano Ronaldo|Rillaboom, L50, M|100/100
|-fieldstart|move: Grassy Terrain|[from] ability: Grassy Surge|[of] p2a: Cristiano Ronaldo
|turn|7
|
|t:|1757643348
|switch|p1a: Ursaluna|Ursaluna, L50, F|100/100
|move|p2a: Cristiano Ronaldo|Fake Out|p1a: Ursaluna
|-damage|p1a: Ursaluna|90/100
|cant|p2b: Enzo Franchescoli|slp
|move|p1b: Porygon2|Trick Room|p1b: Porygon2
|-fieldstart|move: Trick Room|[of] p1b: Porygon2
|
|-heal|p1a: Ursaluna|96/100|[from] Grassy Terrain
|-status|p1a: Ursaluna|brn|[from] item: Flame Orb
|upkeep
|turn|8
|
|t:|1757643369
|-terastallize|p1a: Ursaluna|Ghost
|cant|p2b: Enzo Franchescoli|slp
|move|p1b: Porygon2|Tera Blast|p2b: Enzo Franchescoli
|-damage|p2b: Enzo Franchescoli|68/100 slp
|move|p1a: Ursaluna|Facade|p2a: Cristiano Ronaldo
|-damage|p2a: Cristiano Ronaldo|0 fnt
|faint|p2a: Cristiano Ronaldo
|
|-heal|p1a: Ursaluna|100/100 brn|[from] Grassy Terrain
|-heal|p2b: Enzo Franchescoli|74/100 slp|[from] Grassy Terrain
|-damage|p1a: Ursaluna|95/100 brn|[from] brn
|upkeep
|turn|9
|c|☆DrakyPana|GG
|
|t:|1757643382
|move|p1b: Porygon2|Tera Blast|p2b: Enzo Franchescoli
|-damage|p2b: Enzo Franchescoli|38/100 slp
|move|p1a: Ursaluna|Facade|p2b: Enzo Franchescoli
|-damage|p2b: Enzo Franchescoli|0 fnt
|faint|p2b: Enzo Franchescoli
|
|win|DrakyPana
