|j|☆br2_ gg
|j|☆TapedCrusader
|html|br2_ ggTapedCrusader    
|uhtml|bestof|Game 1 of a best-of-3
|t:|1757905339
|gametype|doubles
|player|p1|br2_ gg|hilbert-wonderlauncher|1000
|player|p2|TapedCrusader|blue|1062
|gen|9
|tier|[Gen 9] VGC 2025 Reg H (Bo3)
|rated|
|rule|Species Clause: Limit one of each Pokémon
|rule|Item Clause: Limit 1 of each item
|clearpoke
|poke|p1|Incineroar, L50, F|
|poke|p1|Amoonguss, L50, F|
|poke|p1|Ursaluna-Bloodmoon, L50, M|
|poke|p1|Sneasler, L50, M|
|poke|p1|Gholdengo, L50|
|poke|p1|Dragonite, L50, F|
|poke|p2|Dragapult, L50, M|
|poke|p2|Sneasler, L50, F|
|poke|p2|Dondozo, L50, M|
|poke|p2|Rillaboom, L50, M|
|poke|p2|Volcarona, L50, F|
|poke|p2|Annihilape, L50, M|
|teampreview|4
|showteam|p1|Incineroar||SafetyGoggles|Intimidate|FlareBlitz,KnockOff,PartingShot,FakeOut|||F|||50|,,,,,Ghost]Amoonguss||SitrusBerry|Regenerator|Spore,RagePowder,PollenPuff,Protect|||F|||50|,,,,,Psychic]Ursaluna-Bloodmoon||AssaultVest|MindsEye|HyperVoice,BloodMoon,EarthPower,VacuumWave|||M|||50|,,,,,Water]Sneasler||FocusSash|Unburden|CloseCombat,DireClaw,ThroatChop,Protect|||M|||50|,,,,,Stellar]Gholdengo||LifeOrb|GoodasGold|MakeItRain,ShadowBall,NastyPlot,Protect||||||50|,,,,,Water]Dragonite||LoadedDice|Multiscale|ScaleShot,Tailwind,Haze,Protect|||F|||50|,,,,,Fairy
|showteam|p2|Dragapult||ChoiceBand|ClearBody|DragonDarts,PhantomForce,Uturn,SuckerPunch|||M|||50|,,,,,Dragon]Sneasler||FocusSash|Unburden|DireClaw,CloseCombat,FakeOut,Coaching|||F|||50|,,,,,Ghost]Dondozo||Leftovers|Unaware|WaveCrash,Fissure,Yawn,Protect|||M|||50|,,,,,Electric]Rillaboom||AssaultVest|GrassySurge|FakeOut,GrassyGlide,WoodHammer,HighHorsepower|||M|||50|,,,,,Fire]Volcarona||CovertCloak|FlameBody|HeatWave,TeraBlast,QuiverDance,RagePowder|||F|||50|,,,,,Fairy]Annihilape||SafetyGoggles|Defiant|RageFist,DrainPunch,BulkUp,Protect|||M|||50|,,,,,Flying
|inactive|Battle timer is ON: inactive players will automatically lose when time's up. (requested by br2_ gg)
|inactive|br2_ gg has 60 seconds left.
|
|t:|1757905409
|teamsize|p1|4
|teamsize|p2|4
|start
|switch|p1a: Dragonite|Dragonite, L50, F|100/100
|switch|p1b: Sneasler|Sneasler, L50, M|100/100
|switch|p2a: Sneasler|Sneasler, L50, F|100/100
|switch|p2b: Annihilape|Annihilape, L50, M|100/100
|turn|1
|
|t:|1757905434
|-terastallize|p2a: Sneasler|Ghost
|move|p1b: Sneasler|Dire Claw|p2b: Annihilape
|-resisted|p2b: Annihilape
|-damage|p2b: Annihilape|77/100
|-status|p2b: Annihilape|psn
|move|p2a: Sneasler|Coaching|p2b: Annihilape
|-boost|p2b: Annihilape|atk|1
|-boost|p2b: Annihilape|def|1
|move|p2b: Annihilape|Bulk Up|p2b: Annihilape
|-boost|p2b: Annihilape|atk|1
|-boost|p2b: Annihilape|def|1
|move|p1a: Dragonite|Tailwind|p1a: Dragonite
|-sidestart|p1: br2_ gg|move: Tailwind
|
|-damage|p2b: Annihilape|65/100 psn|[from] psn
|upkeep
|turn|2
|inactive|br2_ gg has 30 seconds left.
|inactive|br2_ gg has 20 seconds left.
|inactive|br2_ gg has 15 seconds left.
|inactive|br2_ gg has 10 seconds left.
|
|t:|1757905481
|move|p1b: Sneasler|Dire Claw|p2b: Annihilape
|-resisted|p2b: Annihilape
|-damage|p2b: Annihilape|55/100 psn
|move|p1a: Dragonite|Haze|p1a: Dragonite
|-clearallboost
|move|p2a: Sneasler|Coaching|p2b: Annihilape
|-boost|p2b: Annihilape|atk|1
|-boost|p2b: Annihilape|def|1
|move|p2b: Annihilape|Drain Punch|p1b: Sneasler
|-resisted|p1b: Sneasler
|-damage|p1b: Sneasler|60/100
|-heal|p2b: Annihilape|70/100 psn|[from] drain|[of] p1b: Sneasler
|
|-damage|p2b: Annihilape|58/100 psn|[from] psn
|upkeep
|turn|3
|
|t:|1757905506
|move|p1b: Sneasler|Dire Claw|p2a: Sneasler
|-resisted|p2a: Sneasler
|-damage|p2a: Sneasler|67/100
|move|p1a: Dragonite|Haze|p1a: Dragonite
|-clearallboost
|move|p2a: Sneasler|Dire Claw|p1a: Dragonite
|-damage|p1a: Dragonite|76/100
|move|p2b: Annihilape|Rage Fist|p1a: Dragonite
|-damage|p1a: Dragonite|13/100
|
|-damage|p2b: Annihilape|45/100 psn|[from] psn
|upkeep
|turn|4
|
|t:|1757905528
|move|p1b: Sneasler|Throat Chop|p2a: Sneasler
|-supereffective|p2a: Sneasler
|-damage|p2a: Sneasler|0 fnt
|faint|p2a: Sneasler
|move|p1a: Dragonite|Scale Shot|p2b: Annihilape
|-damage|p2b: Annihilape|29/100 psn
|-damage|p2b: Annihilape|13/100 psn
|-damage|p2b: Annihilape|0 fnt
|faint|p2b: Annihilape
|-hitcount|p2: Annihilape|3
|-unboost|p1a: Dragonite|def|1
|-boost|p1a: Dragonite|spe|1
|
|-sideend|p1: br2_ gg|move: Tailwind
|upkeep
|
|t:|1757905540
|switch|p2a: Volcarona|Volcarona, L50, F|100/100
|switch|p2b: Rillaboom|Rillaboom, L50, M|100/100
|-fieldstart|move: Grassy Terrain|[from] ability: Grassy Surge|[of] p2b: Rillaboom
|turn|5
|inactive|br2_ gg has 30 seconds left.
|inactive|br2_ gg has 20 seconds left.
|inactive|br2_ gg has 15 seconds left.
|
|t:|1757905581
|move|p1a: Dragonite|Protect|p1a: Dragonite
|-singleturn|p1a: Dragonite|Protect
|move|p2b: Rillaboom|Fake Out|p1b: Sneasler
|-damage|p1b: Sneasler|36/100
|cant|p1b: Sneasler|flinch
|move|p2a: Volcarona|Quiver Dance|p2a: Volcarona
|-boost|p2a: Volcarona|spa|1
|-boost|p2a: Volcarona|spd|1
|-boost|p2a: Volcarona|spe|1
|
|-heal|p1b: Sneasler|42/100|[from] Grassy Terrain
|upkeep
|turn|6
|inactive|TapedCrusader has 30 seconds left.
|
|t:|1757905606
|move|p2b: Rillaboom|Grassy Glide|p1a: Dragonite
|-resisted|p1a: Dragonite
|-damage|p1a: Dragonite|0 fnt
|faint|p1a: Dragonite
|move|p2a: Volcarona|Heat Wave|p1b: Sneasler
|-damage|p1b: Sneasler|0 fnt
|faint|p1b: Sneasler
|
|upkeep
|
|t:|1757905615
|switch|p1b: Amoonguss|Amoonguss, L50, F|100/100
|switch|p1a: Ursaluna|Ursaluna-Bloodmoon, L50, M|100/100
|turn|7
|inactive|br2_ gg has 30 seconds left.
|
|t:|1757905640
|-terastallize|p1b: Amoonguss|Psychic
|move|p2a: Volcarona|Heat Wave|p1b: Amoonguss|[spread] p1b
|-miss|p2a: Volcarona|p1a: Ursaluna
|-damage|p1b: Amoonguss|60/100
|move|p2b: Rillaboom|Wood Hammer|p1a: Ursaluna
|-supereffective|p1a: Ursaluna
|-damage|p1a: Ursaluna|0 fnt
|faint|p1a: Ursaluna
|-damage|p2b: Rillaboom|66/100|[from] Recoil
|move|p1b: Amoonguss|Spore|p2a: Volcarona
|-status|p2a: Volcarona|slp|[from] move: Spore
|
|-heal|p2b: Rillaboom|72/100|[from] Grassy Terrain
|-heal|p1b: Amoonguss|65/100|[from] Grassy Terrain
|upkeep
|turn|8
|-message|br2_ gg forfeited.
|
|win|TapedCrusader
|l|☆br2_ gg
|player|p1|
||br2_ gg is ready for game 2.
||TapedCrusader is ready for game 2.
|uhtml|next|Next: Game 2 of 3
