|j|☆fidelillo
|j|☆PokeLucho
|html|fidelilloPokeLucho    
|uhtml|bestof|Game 1 of a best-of-3
|t:|1756442410
|gametype|doubles
|player|p1|fidelillo|silver|1066
|player|p2|PokeLucho|102|1096
|gen|9
|tier|[Gen 9] VGC 2025 Reg H (Bo3)
|rated|
|rule|Species Clause: Limit one of each Pokémon
|rule|Item Clause: Limit 1 of each item
|clearpoke
|poke|p1|Torkoal, L50, M|
|poke|p1|Indeedee-F, L50, F|
|poke|p1|Hatterene, L50, F|
|poke|p1|Ursaluna, L50, F|
|poke|p1|Gallade, L50, M|
|poke|p1|Annihilape, L50, M|
|poke|p2|Electabuzz, L50, M|
|poke|p2|Kingambit, L50, F|
|poke|p2|Rillaboom, L50, F|
|poke|p2|Sneasler, L50, F|
|poke|p2|Volcarona, L50, F|
|poke|p2|Dragonite, L50, F|
|teampreview|4
|showteam|p1|Torkoal||ChoiceSpecs|Drought|Eruption,WeatherBall,EarthPower,HeatWave|||M|||50|,,,,,Fire]Indeedee-F||PsychicSeed|PsychicSurge|TrickRoom,HelpingHand,FollowMe,Psychic|||F|||50|,,,,,Grass]Hatterene||LifeOrb|MagicBounce|DazzlingGleam,ExpandingForce,Psyshock,TrickRoom|||F|||50|,,,,,Water]Ursaluna||FlameOrb|Guts|Facade,Earthquake,HeadlongRush,Protect|||F|||50|,,,,,Ghost]Gallade||ClearAmulet|Sharpness|TrickRoom,SacredSword,PsychoCut,WideGuard|||M|||50|,,,,,Fire]Annihilape||ChoiceScarf|Defiant|FinalGambit,CloseCombat,ShadowClaw,Uturn|||M|||50|,,,,,Stellar
|showteam|p2|Electabuzz||Eviolite|VitalSpirit|Thunderbolt,Taunt,FollowMe,Protect|||M|||50|,,,,,Ghost]Kingambit||BlackGlasses|Defiant|KowtowCleave,SuckerPunch,SwordsDance,Protect|||F|||50|,,,,,Dark]Rillaboom||AssaultVest|GrassySurge|FakeOut,HighHorsepower,WoodHammer,GrassyGlide|||F|||50|,,,,,Fire]Sneasler||FocusSash|PoisonTouch|DireClaw,CloseCombat,FakeOut,Coaching|||F|||50|,,,,,Stellar]Volcarona||Leftovers|FlameBody|HeatWave,TeraBlast,QuiverDance,Protect|||F|||50|,,,,,Fairy]Dragonite||LoadedDice|Multiscale|ExtremeSpeed,ScaleShot,Protect,Haze|||F|||50|,,,,,Steel
|inactive|Battle timer is ON: inactive players will automatically lose when time's up. (requested by fidelillo)
|inactive|fidelillo has 60 seconds left.
|inactive|PokeLucho has 60 seconds left.
|
|t:|1756442465
|teamsize|p1|4
|teamsize|p2|4
|start
|switch|p1a: Annihilape|Annihilape, L50, M|100/100
|switch|p1b: Hatterene|Hatterene, L50, F|100/100
|switch|p2a: Sneasler|Sneasler, L50, F|100/100
|switch|p2b: Volcarona|Volcarona, L50, F|100/100
|turn|1
|inactive|PokeLucho has 30 seconds left.
|inactive|PokeLucho has 20 seconds left.
|inactive|PokeLucho has 15 seconds left.
|inactive|PokeLucho has 10 seconds left.
|
|t:|1756442513
|-terastallize|p1b: Hatterene|Water
|move|p1a: Annihilape|Final Gambit|p2a: Sneasler
|-enditem|p2a: Sneasler|Focus Sash
|-damage|p2a: Sneasler|1/100
|faint|p1a: Annihilape
|move|p2a: Sneasler|Dire Claw|p1b: Hatterene
|-damage|p1b: Hatterene|50/100
|move|p2b: Volcarona|Quiver Dance|p2b: Volcarona
|-boost|p2b: Volcarona|spa|1
|-boost|p2b: Volcarona|spd|1
|-boost|p2b: Volcarona|spe|1
|move|p1b: Hatterene|Trick Room|p1b: Hatterene
|-fieldstart|move: Trick Room|[of] p1b: Hatterene
|
|upkeep
|
|t:|1756442525
|switch|p1a: Torkoal|Torkoal, L50, M|100/100
|-weather|SunnyDay|[from] ability: Drought|[of] p1a: Torkoal
|turn|2
|inactive|PokeLucho has 30 seconds left.
|
|t:|1756442553
|move|p2b: Volcarona|Protect|p2b: Volcarona
|-singleturn|p2b: Volcarona|Protect
|move|p1a: Torkoal|Eruption|p2a: Sneasler|[spread] p2a
|-activate|p2b: Volcarona|move: Protect
|-damage|p2a: Sneasler|0 fnt
|faint|p2a: Sneasler
|move|p1b: Hatterene|Psyshock|p2b: Volcarona
|-activate|p2b: Volcarona|move: Protect
|
|-weather|SunnyDay|[upkeep]
|upkeep
|
|t:|1756442563
|switch|p2a: Kingambit|Kingambit, L50, F|100/100
|turn|3
|inactive|PokeLucho has 30 seconds left.
|inactive|PokeLucho has 20 seconds left.
|
|t:|1756442602
|switch|p1b: Indeedee|Indeedee-F, L50, F|100/100
|-fieldstart|move: Psychic Terrain|[from] ability: Psychic Surge|[of] p1b: Indeedee
|-enditem|p1b: Indeedee|Psychic Seed
|-boost|p1b: Indeedee|spd|1|[from] item: Psychic Seed
|move|p1a: Torkoal|Eruption|p2a: Kingambit|[spread] p2a,p2b
|-supereffective|p2a: Kingambit
|-crit|p2a: Kingambit
|-damage|p2a: Kingambit|0 fnt
|-damage|p2b: Volcarona|39/100
|faint|p2a: Kingambit
|move|p2b: Volcarona|Heat Wave|p1a: Torkoal|[spread] p1a,p1b
|-resisted|p1a: Torkoal
|-damage|p1a: Torkoal|49/100
|-damage|p1b: Indeedee|48/100
|
|-weather|SunnyDay|[upkeep]
|-heal|p2b: Volcarona|45/100|[from] item: Leftovers
|upkeep
|
|t:|1756442614
|switch|p2a: Rillaboom|Rillaboom, L50, F|100/100
|-fieldstart|move: Grassy Terrain|[from] ability: Grassy Surge|[of] p2a: Rillaboom
|turn|4
|
|t:|1756442633
|-terastallize|p2a: Rillaboom|Fire
|move|p1a: Torkoal|Eruption|p2b: Volcarona|[spread] p2a,p2b
|-resisted|p2a: Rillaboom
|-damage|p2a: Rillaboom|83/100
|-damage|p2b: Volcarona|17/100
|move|p1b: Indeedee|Psychic|p2b: Volcarona
|-damage|p2b: Volcarona|0 fnt
|faint|p2b: Volcarona
|move|p2a: Rillaboom|High Horsepower|p1a: Torkoal
|-supereffective|p1a: Torkoal
|-damage|p1a: Torkoal|3/100
|
|-weather|SunnyDay|[upkeep]
|-heal|p1a: Torkoal|9/100|[from] Grassy Terrain
|-heal|p1b: Indeedee|54/100|[from] Grassy Terrain
|-heal|p2a: Rillaboom|88/100|[from] Grassy Terrain
|upkeep
|turn|5
|
|t:|1756442653
|move|p2a: Rillaboom|Grassy Glide|p1a: Torkoal
|-resisted|p1a: Torkoal
|-damage|p1a: Torkoal|0 fnt
|faint|p1a: Torkoal
|move|p1b: Indeedee|Psychic|p2a: Rillaboom
|-damage|p2a: Rillaboom|65/100
|
|-weather|SunnyDay|[upkeep]
|-heal|p1b: Indeedee|60/100|[from] Grassy Terrain
|-heal|p2a: Rillaboom|71/100|[from] Grassy Terrain
|-fieldend|move: Trick Room
|upkeep
|
|t:|1756442656
|switch|p1a: Hatterene|Hatterene, L50, F, tera:Water|50/100
|turn|6
|
|t:|1756442674
|move|p1b: Indeedee|Follow Me|p1b: Indeedee
|-singleturn|p1b: Indeedee|move: Follow Me
|move|p2a: Rillaboom|Grassy Glide|p1b: Indeedee
|-damage|p1b: Indeedee|23/100
|move|p1a: Hatterene|Psyshock|p2a: Rillaboom
|-damage|p2a: Rillaboom|10/100
|-damage|p1a: Hatterene|40/100|[from] item: Life Orb
|
|-weather|none
|-heal|p2a: Rillaboom|16/100|[from] Grassy Terrain
|-heal|p1b: Indeedee|29/100|[from] Grassy Terrain
|-heal|p1a: Hatterene|46/100|[from] Grassy Terrain
|upkeep
|turn|7
|
|t:|1756442686
|move|p1b: Indeedee|Follow Me|p1b: Indeedee
|-singleturn|p1b: Indeedee|move: Follow Me
|move|p2a: Rillaboom|Grassy Glide|p1b: Indeedee
|-damage|p1b: Indeedee|0 fnt
|faint|p1b: Indeedee
|move|p1a: Hatterene|Psyshock|p2a: Rillaboom
|-damage|p2a: Rillaboom|0 fnt
|faint|p2a: Rillaboom
|-damage|p1a: Hatterene|36/100|[from] item: Life Orb
|
|win|fidelillo
||PokeLucho is ready for game 2.
||fidelillo is ready for game 2.
|uhtml|next|Next: Game 2 of 3
