|j|☆caterpillar_bobby
|j|☆zadom456
|html|caterpillar_bobbyzadom456    
|uhtml|bestof|Game 1 of a best-of-3
|t:|1783861193
|gametype|doubles
|player|p1|caterpillar_bobby|shadowtriad|1000
|player|p2|zadom456|101|1131
|gen|9
|tier|[Gen 9 Champions] VGC 2026 Reg M-B (Bo3)
|rated|
|rule|Species Clause: Limit one of each Pokémon
|rule|Item Clause: Limit 1 of each item
|clearpoke
|poke|p1|Swampert, L50, F|
|poke|p1|Pelipper, L50, M|
|poke|p1|Sceptile, L50, F|
|poke|p1|Clefable, L50, F|
|poke|p1|Archaludon, L50, M|
|poke|p1|Palafin, L50, M|
|poke|p2|Alakazam, L50, F|
|poke|p2|Basculegion, L50, M|
|poke|p2|Meowstic, L50, M|
|poke|p2|Incineroar, L50, M|
|poke|p2|Tyranitar, L50, M|
|poke|p2|Sinistcha, L50|
|teampreview|4
|showteam|p1|Swampert||Swampertite|Damp|WaveCrash,IcePunch,Earthquake,Protect|Jolly||F|||50|]Pelipper||DampRock|Drizzle|Tailwind,Hurricane,WideGuard,Protect|Quiet||M|||50|]Sceptile||Sceptilite|Unburden|GigaDrain,GrassKnot,FocusBlast,Protect|Timid||F|||50|]Clefable||Leftovers|Unaware|Endure,HelpingHand,Wish,Protect|Careful||F|||50|]Archaludon|||Stamina|ElectroShot,DragonPulse,FlashCannon,MeteorBeam|Timid||M|||50|]Palafin||LifeOrb|ZerotoHero|FlipTurn,DrainingKiss,CloseCombat,Protect|Jolly||M|||50|
|showteam|p2|Alakazam||Alakazite|MagicGuard|Protect,ExpandingForce,ShadowBall,FocusBlast|Modest||F|||50|]Basculegion||MysticWater|Adaptability|WaveCrash,Protect,LastRespects,AquaJet|Adamant||M|||50|]Meowstic||MentalHerb|Prankster|PsychicTerrain,AlluringVoice,HelpingHand,Protect|Calm||M|||50|]Incineroar||SitrusBerry|Intimidate|FakeOut,PartingShot,FlareBlitz,WillOWisp|Adamant||M|||50|]Tyranitar||Tyranitarite|SandStream|Protect,RockSlide,KnockOff,ThunderPunch|Brave||M|||50|]Sinistcha||OccaBerry|Hospitality|RagePowder,TrickRoom,MatchaGotcha,LifeDew|Serious|||||50|
|
|t:|1783861238
|teamsize|p1|4
|teamsize|p2|4
|start
|switch|p1a: Sceptile|Sceptile, L50, F|100/100
|switch|p1b: Pelipper|Pelipper, L50, M|100/100
|switch|p2a: Tyranitar|Tyranitar, L50, M|100/100
|switch|p2b: Sinistcha|Sinistcha, L50|100/100
|-weather|RainDance|[from] ability: Drizzle|[of] p1b: Pelipper
|-weather|Sandstorm|[from] ability: Sand Stream|[of] p2a: Tyranitar
|turn|1
|inactive|Battle timer is ON: inactive players will automatically lose when time's up. (requested by zadom456)
|
|t:|1783861261
|detailschange|p1a: Sceptile|Sceptile-Mega, L50, F
|-mega|p1a: Sceptile|Sceptile|Sceptilite
|move|p2a: Tyranitar|Protect|p2a: Tyranitar
|-singleturn|p2a: Tyranitar|Protect
|move|p1b: Pelipper|Wide Guard|p1b: Pelipper
|-singleturn|p1b: Pelipper|Wide Guard
|move|p1a: Sceptile|Grass Knot|p2a: Tyranitar
|-activate|p2a: Tyranitar|move: Protect
|move|p2b: Sinistcha|Trick Room|p2b: Sinistcha
|-fieldstart|move: Trick Room|[of] p2b: Sinistcha
|
|-weather|Sandstorm|[upkeep]
|-damage|p1b: Pelipper|94/100|[from] Sandstorm
|-damage|p2b: Sinistcha|93/100|[from] Sandstorm
|-damage|p1a: Sceptile|93/100|[from] Sandstorm
|upkeep
|turn|2
|inactive|zadom456 has 30 seconds left.
|inactive|zadom456 has 20 seconds left.
|
|t:|1783861299
|switch|p2a: Incineroar|Incineroar, L50, M|100/100
|-ability|p2a: Incineroar|Intimidate|boost
|-unboost|p1a: Sceptile|atk|1
|-unboost|p1b: Pelipper|atk|1
|move|p1b: Pelipper|Wide Guard|p1b: Pelipper
|-singleturn|p1b: Pelipper|Wide Guard
|move|p2b: Sinistcha|Matcha Gotcha|p1b: Pelipper|[spread] 
|-activate|p1a: Sceptile|move: Wide Guard
|-activate|p1b: Pelipper|move: Wide Guard
|move|p1a: Sceptile|Grass Knot|p2a: Incineroar
|-resisted|p2a: Incineroar|1
|-crit|p2a: Incineroar
|-damage|p2a: Incineroar|65/100
|
|-weather|Sandstorm|[upkeep]
|-damage|p1b: Pelipper|88/100|[from] Sandstorm
|-damage|p2a: Incineroar|59/100|[from] Sandstorm
|-damage|p2b: Sinistcha|87/100|[from] Sandstorm
|-damage|p1a: Sceptile|87/100|[from] Sandstorm
|upkeep
|turn|3
|
|t:|1783861323
|switch|p2b: Tyranitar|Tyranitar, L50, M|100/100
|move|p1b: Pelipper|Wide Guard|p1b: Pelipper
|-singleturn|p1b: Pelipper|Wide Guard
|move|p2a: Incineroar|Flare Blitz|p1a: Sceptile
|-damage|p1a: Sceptile|0 fnt
|faint|p1a: Sceptile
|-damage|p2a: Incineroar|38/100|[from] Recoil
|-enditem|p2a: Incineroar|Sitrus Berry|[eat]
|-heal|p2a: Incineroar|63/100|[from] item: Sitrus Berry
|
|-weather|Sandstorm|[upkeep]
|-damage|p1b: Pelipper|82/100|[from] Sandstorm
|-damage|p2a: Incineroar|57/100|[from] Sandstorm
|upkeep
|
|t:|1783861346
|switch|p1a: Swampert|Swampert, L50, F|100/100
|turn|4
|inactive|zadom456 has 30 seconds left.
|
|t:|1783861371
|switch|p1b: Archaludon|Archaludon, L50, M|100/100
|detailschange|p2b: Tyranitar|Tyranitar-Mega, L50, M
|-mega|p2b: Tyranitar|Tyranitar|Tyranitarite
|move|p2a: Incineroar|Will-O-Wisp|p1a: Swampert
|-status|p1a: Swampert|brn
|move|p2b: Tyranitar|Thunder Punch|p1b: Archaludon
|-resisted|p1b: Archaludon|1
|-damage|p1b: Archaludon|85/100
|-ability|p1b: Archaludon|Stamina|boost
|-boost|p1b: Archaludon|def|1
|move|p1a: Swampert|Earthquake|p2a: Incineroar|[spread] p1b,p2a,p2b
|-supereffective|p1b: Archaludon|1
|-supereffective|p2a: Incineroar|1
|-supereffective|p2b: Tyranitar|1
|-damage|p1b: Archaludon|64/100
|-damage|p2a: Incineroar|26/100
|-damage|p2b: Tyranitar|80/100
|-ability|p1b: Archaludon|Stamina|boost
|-boost|p1b: Archaludon|def|1
|
|-weather|Sandstorm|[upkeep]
|-damage|p2a: Incineroar|20/100r|[from] Sandstorm
|-damage|p1a: Swampert|94/100 brn|[from] brn
|upkeep
|turn|5
|inactive|caterpillar_bobby has 30 seconds left.
|inactive|zadom456 has 30 seconds left.
|inactive|caterpillar_bobby has 20 seconds left.
|inactive|zadom456 has 20 seconds left.
|inactive|caterpillar_bobby has 15 seconds left.
|inactive|zadom456 has 15 seconds left.
|inactive|zadom456 has 10 seconds left.
|
|t:|1783861420
|move|p2a: Incineroar|Parting Shot|p1b: Archaludon
|-unboost|p1b: Archaludon|atk|1
|-unboost|p1b: Archaludon|spa|1
|
|t:|1783861425
|switch|p2a: Sinistcha|Sinistcha, L50|87/100|[from] Parting Shot
|-heal|p2b: Tyranitar|100/100|[from] ability: Hospitality|[of] p2a: Sinistcha
|move|p2b: Tyranitar|Knock Off|p1b: Archaludon
|-damage|p1b: Archaludon|43/100
|-ability|p1b: Archaludon|Stamina|boost
|-boost|p1b: Archaludon|def|1
|move|p1a: Swampert|Wave Crash|p2b: Tyranitar
|-supereffective|p2b: Tyranitar|1
|-damage|p2b: Tyranitar|64/100
|-damage|p1a: Swampert|80/100 brn|[from] Recoil
|move|p1b: Archaludon|Dragon Pulse|p2a: Sinistcha
|-damage|p2a: Sinistcha|58/100
|
|-weather|none
|-damage|p1a: Swampert|74/100 brn|[from] brn
|-fieldend|move: Trick Room
|upkeep
|turn|6
|inactive|caterpillar_bobby has 30 seconds left.
|inactive|zadom456 has 30 seconds left.
|
|t:|1783861456
|switch|p1a: Pelipper|Pelipper, L50, M|82/100
|-weather|RainDance|[from] ability: Drizzle|[of] p1a: Pelipper
|switch|p2b: Incineroar|Incineroar, L50, M|20/100r
|-ability|p2b: Incineroar|Intimidate|boost
|-unboost|p1a: Pelipper|atk|1
|-unboost|p1b: Archaludon|atk|1
|move|p1b: Archaludon|Electro Shot||[still]
|-prepare|p1b: Archaludon|Electro Shot
|-boost|p1b: Archaludon|spa|1
|-anim|p1b: Archaludon|Electro Shot|p2b: Incineroar
|-damage|p2b: Incineroar|0 fnt
|faint|p2b: Incineroar
|move|p2a: Sinistcha|Matcha Gotcha|p1b: Archaludon|[spread] p1a,p1b
|-resisted|p1b: Archaludon|2
|-damage|p1a: Pelipper|35/100
|-heal|p2a: Sinistcha|76/100|[from] drain|[of] p1a: Pelipper
|-damage|p1b: Archaludon|33/100
|-heal|p2a: Sinistcha|82/100|[from] drain|[of] p1b: Archaludon
|-ability|p1b: Archaludon|Stamina|boost
|-boost|p1b: Archaludon|def|1
|
|-weather|RainDance|[upkeep]
|upkeep
|
|t:|1783861477
|switch|p2b: Basculegion|Basculegion, L50, M|100/100
|turn|7
|
|t:|1783861489
|move|p1b: Archaludon|Electro Shot||[still]
|-prepare|p1b: Archaludon|Electro Shot
|-boost|p1b: Archaludon|spa|1
|-anim|p1b: Archaludon|Electro Shot|p2b: Basculegion
|-supereffective|p2b: Basculegion|1
|-damage|p2b: Basculegion|0 fnt
|faint|p2b: Basculegion
|move|p2a: Sinistcha|Matcha Gotcha|p1b: Archaludon|[spread] p1a,p1b
|-resisted|p1b: Archaludon|2
|-damage|p1a: Pelipper|0 fnt
|-heal|p2a: Sinistcha|96/100|[from] drain|[of] p1a: Pelipper
|-damage|p1b: Archaludon|24/100
|-heal|p2a: Sinistcha|100/100|[from] drain|[of] p1b: Archaludon
|-ability|p1b: Archaludon|Stamina|boost
|-boost|p1b: Archaludon|def|1
|faint|p1a: Pelipper
|
|-weather|RainDance|[upkeep]
|upkeep
|
|t:|1783861508
|switch|p2b: Tyranitar|Tyranitar-Mega, L50, M|64/100
|switch|p1a: Swampert|Swampert, L50, F|74/100 brn
|-weather|Sandstorm|[from] ability: Sand Stream|[of] p2b: Tyranitar
|turn|8
|
|t:|1783861522
|move|p2b: Tyranitar|Protect|p2b: Tyranitar
|-singleturn|p2b: Tyranitar|Protect
|move|p1b: Archaludon|Meteor Beam||[still]
|-prepare|p1b: Archaludon|Meteor Beam
|-boost|p1b: Archaludon|spa|1
|move|p1a: Swampert|Ice Punch|p2a: Sinistcha
|-supereffective|p2a: Sinistcha|1
|-damage|p2a: Sinistcha|78/100
|-status|p2a: Sinistcha|frz
|cant|p2a: Sinistcha|frz
|
|-weather|Sandstorm|[upkeep]
|-damage|p2a: Sinistcha|71/100 frz|[from] Sandstorm
|-damage|p1a: Swampert|69/100 brn|[from] brn
|upkeep
|turn|9
|
|t:|1783861544
|move|p1b: Archaludon|Meteor Beam|p2b: Tyranitar|[from] lockedmove
|-damage|p2b: Tyranitar|20/100y
|move|p1a: Swampert|Ice Punch|p2a: Sinistcha
|-supereffective|p2a: Sinistcha|1
|-damage|p2a: Sinistcha|50/100g frz
|-curestatus|p2a: Sinistcha|frz|[from] move: Matcha Gotcha
|move|p2a: Sinistcha|Matcha Gotcha|p1b: Archaludon|[spread] p1a,p1b
|-supereffective|p1a: Swampert|2
|-crit|p1a: Swampert
|-resisted|p1b: Archaludon|2
|-damage|p1a: Swampert|0 fnt
|-heal|p2a: Sinistcha|84/100|[from] drain|[of] p1a: Swampert
|-damage|p1b: Archaludon|15/100
|-heal|p2a: Sinistcha|89/100|[from] drain|[of] p1b: Archaludon
|-ability|p1b: Archaludon|Stamina|boost
|-boost|p1b: Archaludon|def|1
|faint|p1a: Swampert
|move|p2b: Tyranitar|Rock Slide|p1b: Archaludon
|-resisted|p1b: Archaludon|1
|-damage|p1b: Archaludon|8/100
|
|-weather|Sandstorm|[upkeep]
|-damage|p2a: Sinistcha|83/100|[from] Sandstorm
|upkeep
|turn|10
|inactive|caterpillar_bobby has 30 seconds left.
|inactive|zadom456 has 30 seconds left.
|
|t:|1783861578
|move|p2b: Tyranitar|Protect|p2b: Tyranitar
|-singleturn|p2b: Tyranitar|Protect
|move|p1b: Archaludon|Meteor Beam||[still]
|-prepare|p1b: Archaludon|Meteor Beam
|-boost|p1b: Archaludon|spa|1
|move|p2a: Sinistcha|Trick Room|p2a: Sinistcha
|-fieldstart|move: Trick Room|[of] p2a: Sinistcha
|
|-weather|Sandstorm|[upkeep]
|-damage|p2a: Sinistcha|76/100|[from] Sandstorm
|upkeep
|turn|11
|
|t:|1783861591
|move|p2b: Tyranitar|Knock Off|p1b: Archaludon
|-crit|p1b: Archaludon
|-damage|p1b: Archaludon|0 fnt
|faint|p1b: Archaludon
|
|win|zadom456
||zadom456 is ready for game 2.
|inactive|caterpillar_bobby has 30 seconds to confirm battle start!
|raw|caterpillar_bobby's rating: 1000 → 1000(+0 for losing)
|raw|zadom456's rating: 1131 → 1147(+16 for winning)
|l|☆caterpillar_bobby
|player|p1|
