|j|☆starlight74
|j|☆Squ1dge_
|html|starlight74Squ1dge_    
|uhtml|bestof|Game 2 of a best-of-3
|t:|1784180692
|gametype|doubles
|player|p1|starlight74|anabel-gen7|1474
|player|p2|Squ1dge_|266|1383
|gen|9
|tier|[Gen 9 Champions] VGC 2026 Reg M-B (Bo3)
|rated|
|rule|Species Clause: Limit one of each Pokémon
|rule|Item Clause: Limit 1 of each item
|clearpoke
|poke|p1|Metagross, L50, shiny|
|poke|p1|Sneasler, L50, F|
|poke|p1|Incineroar, L50, F|
|poke|p1|Kingambit, L50, M|
|poke|p1|Lycanroc-Dusk, L50, M|
|poke|p1|Floette-Eternal, L50, F|
|poke|p2|Aerodactyl, L50, F|
|poke|p2|Kingambit, L50, M|
|poke|p2|Sylveon, L50, F|
|poke|p2|Garchomp, L50, F|
|poke|p2|Charizard, L50, M|
|poke|p2|Incineroar, L50, F|
|teampreview|4
|showteam|p1|Metagross||Metagrossite|ClearBody|PsychicFangs,BulletPunch,Substitute,Protect|Jolly|||||50|]Sneasler||WhiteHerb|Unburden|CloseCombat,DireClaw,FakeOut,Protect|Jolly||F|||50|]Incineroar||SitrusBerry|Intimidate|FlareBlitz,PartingShot,HelpingHand,FakeOut|Impish||F|||50|]Kingambit||BlackGlasses|Defiant|KowtowCleave,SwordsDance,SuckerPunch,Protect|Adamant||M|||50|]Lycanroc-Dusk||FocusSash|ToughClaws|Accelerock,CloseCombat,RockSlide,Protect|Jolly||M|||50|]Floette-Eternal||Floettite|FlowerVeil|DazzlingGleam,DrainingKiss,CalmMind,Protect|Timid||F|||50|
|showteam|p2|Aerodactyl||Aerodactylite|Unnerve|RockSlide,IceFang,Tailwind,WideGuard|Jolly||F|||50|]Kingambit||FocusSash|Defiant|KowtowCleave,SuckerPunch,IronHead,Protect|Adamant||M|||50|]Sylveon||FairyFeather|Pixilate|Detect,HyperVoice,HyperBeam,QuickAttack|Modest||F|||50|]Garchomp||LifeOrb|RoughSkin|Earthquake,DragonClaw,StompingTantrum,Protect|Jolly||F|||50|]Charizard||CharizarditeY|Blaze|Protect,HeatWave,SolarBeam,WeatherBall|Modest||M|||50|]Incineroar||SitrusBerry|Intimidate|DarkestLariat,FlareBlitz,FakeOut,PartingShot|Impish||F|||50|
|inactive|Battle timer is ON: inactive players will automatically lose when time's up. (requested by starlight74)
|
|t:|1784180716
|teamsize|p1|4
|teamsize|p2|4
|start
|switch|p1a: Metagross|Metagross, L50, shiny|100/100
|switch|p1b: Sneasler|Sneasler, L50, F|100/100
|switch|p2a: Charizard|Charizard, L50, M|100/100
|switch|p2b: Incineroar|Incineroar, L50, F|100/100
|-ability|p2b: Incineroar|Intimidate|boost
|-fail|p1a: Metagross|unboost|[from] ability: Clear Body|[of] p1a: Metagross
|-unboost|p1b: Sneasler|atk|1
|-enditem|p1b: Sneasler|White Herb
|-clearnegativeboost|p1b: Sneasler|[silent]
|turn|1
|
|t:|1784180739
|switch|p2a: Garchomp|Garchomp, L50, F|100/100
|move|p1a: Metagross|Protect|p1a: Metagross
|-singleturn|p1a: Metagross|Protect
|move|p2b: Incineroar|Fake Out|p1a: Metagross
|-activate|p1a: Metagross|move: Protect
|move|p1b: Sneasler|Dire Claw|p2a: Garchomp
|-resisted|p2a: Garchomp|1
|-damage|p2a: Garchomp|80/100
|-damage|p1b: Sneasler|87/100|[from] ability: Rough Skin|[of] p2a: Garchomp
|
|upkeep
|turn|2
|
|t:|1784180760
|detailschange|p1a: Metagross|Metagross-Mega, L50, shiny
|-mega|p1a: Metagross|Metagross|Metagrossite
|move|p2a: Garchomp|Protect|p2a: Garchomp
|-singleturn|p2a: Garchomp|Protect
|move|p1b: Sneasler|Close Combat|p2a: Garchomp
|-activate|p2a: Garchomp|move: Protect
|move|p1a: Metagross|Psychic Fangs|p2a: Garchomp
|-activate|p2a: Garchomp|move: Protect
|move|p2b: Incineroar|Parting Shot|p1b: Sneasler
|-unboost|p1b: Sneasler|atk|1
|-unboost|p1b: Sneasler|spa|1
|
|t:|1784180773
|switch|p2b: Charizard|Charizard, L50, M|100/100|[from] Parting Shot
|
|upkeep
|turn|3
|
|t:|1784180779
|switch|p2a: Incineroar|Incineroar, L50, F|100/100
|-ability|p2a: Incineroar|Intimidate|boost
|-unboost|p1a: Metagross|atk|1
|-unboost|p1b: Sneasler|atk|1
|detailschange|p2b: Charizard|Charizard-Mega-Y, L50, M
|-mega|p2b: Charizard|Charizard|Charizardite Y
|-weather|SunnyDay|[from] ability: Drought|[of] p2b: Charizard
|move|p1a: Metagross|Protect|p1a: Metagross
|-singleturn|p1a: Metagross|Protect
|move|p1b: Sneasler|Close Combat|p2a: Incineroar
|-supereffective|p2a: Incineroar|1
|-damage|p2a: Incineroar|58/100
|-unboost|p1b: Sneasler|def|1
|-unboost|p1b: Sneasler|spd|1
|move|p2b: Charizard|Heat Wave|p1b: Sneasler|[spread] p1b
|-activate|p1a: Metagross|move: Protect
|-damage|p1b: Sneasler|0 fnt
|faint|p1b: Sneasler
|
|-weather|SunnyDay|[upkeep]
|upkeep
|
|t:|1784180782
|switch|p1b: Incineroar|Incineroar, L50, F|100/100
|-ability|p1b: Incineroar|Intimidate|boost
|-unboost|p2a: Incineroar|atk|1
|-unboost|p2b: Charizard|atk|1
|turn|4
|inactive|Squ1dge_ has 30 seconds left.
|inactive|Squ1dge_ has 20 seconds left.
|
|t:|1784180818
|switch|p1b: Lycanroc|Lycanroc-Dusk, L50, M|100/100
|move|p2a: Incineroar|Fake Out|p1b: Lycanroc
|-resisted|p1b: Lycanroc|1
|-crit|p1b: Lycanroc
|-damage|p1b: Lycanroc|87/100
|move|p1a: Metagross|Substitute|p1a: Metagross
|-start|p1a: Metagross|Substitute
|-damage|p1a: Metagross|75/100
|move|p2b: Charizard|Weather Ball|p1a: Metagross
|-supereffective|p1a: Metagross|1
|-end|p1a: Metagross|Substitute
|
|-weather|SunnyDay|[upkeep]
|upkeep
|turn|5
|
|t:|1784180841
|switch|p2b: Kingambit|Kingambit, L50, M|100/100
|move|p1b: Lycanroc|Rock Slide|p2a: Incineroar|[spread] p2a,p2b
|-supereffective|p2a: Incineroar|1
|-resisted|p2b: Kingambit|1
|-damage|p2a: Incineroar|21/100
|-damage|p2b: Kingambit|88/100
|-enditem|p2a: Incineroar|Sitrus Berry|[eat]
|-heal|p2a: Incineroar|46/100|[from] item: Sitrus Berry
|move|p1a: Metagross|Substitute|p1a: Metagross
|-start|p1a: Metagross|Substitute
|-damage|p1a: Metagross|50/100g
|cant|p2a: Incineroar|flinch
|
|-weather|SunnyDay|[upkeep]
|upkeep
|turn|6
|
|t:|1784180862
|move|p1a: Metagross|Protect|p1a: Metagross
|-singleturn|p1a: Metagross|Protect
|move|p2b: Kingambit|Sucker Punch|p1b: Lycanroc
|-damage|p1b: Lycanroc|23/100
|move|p1b: Lycanroc|Close Combat|p2b: Kingambit
|-supereffective|p2b: Kingambit|2
|-damage|p2b: Kingambit|0 fnt
|-unboost|p1b: Lycanroc|def|1
|-unboost|p1b: Lycanroc|spd|1
|faint|p2b: Kingambit
|move|p2a: Incineroar|Parting Shot|p1a: Metagross
|-activate|p1a: Metagross|move: Protect
|
|-weather|SunnyDay|[upkeep]
|upkeep
|
|t:|1784180870
|switch|p2b: Garchomp|Garchomp, L50, F|80/100
|turn|7
|
|t:|1784180891
|switch|p1b: Incineroar|Incineroar, L50, F|100/100
|-ability|p1b: Incineroar|Intimidate|boost
|-unboost|p2a: Incineroar|atk|1
|-unboost|p2b: Garchomp|atk|1
|move|p1a: Metagross|Psychic Fangs|p2b: Garchomp
|-damage|p2b: Garchomp|42/100
|-damage|p1a: Metagross|38/100|[from] ability: Rough Skin|[of] p2b: Garchomp
|move|p2b: Garchomp|Stomping Tantrum|p1b: Incineroar
|-supereffective|p1b: Incineroar|1
|-damage|p1b: Incineroar|56/100
|-damage|p2b: Garchomp|32/100|[from] item: Life Orb
|move|p2a: Incineroar|Parting Shot|p1a: Metagross
|-unboost|p1a: Metagross|atk|1
|-unboost|p1a: Metagross|spa|1
|
|t:|1784180907
|switch|p2a: Charizard|Charizard-Mega-Y, L50, M|100/100|[from] Parting Shot
|
|-weather|none
|upkeep
|turn|8
|
|t:|1784180920
|move|p1a: Metagross|Protect|p1a: Metagross
|-singleturn|p1a: Metagross|Protect
|move|p2b: Garchomp|Earthquake|p1b: Incineroar|[spread] p1b
|-activate|p1a: Metagross|move: Protect
|-immune|p2a: Charizard
|-supereffective|p1b: Incineroar|1
|-damage|p1b: Incineroar|8/100
|-enditem|p1b: Incineroar|Sitrus Berry|[eat]
|-heal|p1b: Incineroar|33/100|[from] item: Sitrus Berry
|-damage|p2b: Garchomp|22/100|[from] item: Life Orb
|move|p2a: Charizard|Heat Wave|p1a: Metagross|[spread] p1b
|-activate|p1a: Metagross|move: Protect
|-resisted|p1b: Incineroar|1
|-damage|p1b: Incineroar|15/100
|move|p1b: Incineroar|Parting Shot|p2b: Garchomp
|-unboost|p2b: Garchomp|atk|1
|-unboost|p2b: Garchomp|spa|1
|
|t:|1784180933
|switch|p1b: Lycanroc|Lycanroc-Dusk, L50, M|23/100|[from] Parting Shot
|
|upkeep
|turn|9
|inactive|Squ1dge_ has 30 seconds left.
|
|t:|1784180962
|switch|p2b: Incineroar|Incineroar, L50, F|46/100
|-ability|p2b: Incineroar|Intimidate|boost
|-immune|p1a: Metagross
|-unboost|p1b: Lycanroc|atk|1
|move|p1a: Metagross|Bullet Punch|p2b: Incineroar
|-resisted|p2b: Incineroar|1
|-damage|p2b: Incineroar|42/100
|move|p1b: Lycanroc|Rock Slide|p2a: Charizard|[spread] p2a,p2b
|-supereffective|p2a: Charizard|2
|-supereffective|p2b: Incineroar|1
|-damage|p2a: Charizard|18/100
|-damage|p2b: Incineroar|15/100
|cant|p2a: Charizard|flinch
|
|upkeep
|turn|10
|inactive|Squ1dge_ has 30 seconds left.
|
|t:|1784180988
|switch|p2b: Garchomp|Garchomp, L50, F|22/100
|move|p1b: Lycanroc|Protect|p1b: Lycanroc
|-singleturn|p1b: Lycanroc|Protect
|move|p1a: Metagross|Psychic Fangs|p2a: Charizard
|-damage|p2a: Charizard|0 fnt
|faint|p2a: Charizard
|
|upkeep
|
|t:|1784180997
|switch|p2a: Incineroar|Incineroar, L50, F|15/100
|-ability|p2a: Incineroar|Intimidate|boost
|-immune|p1a: Metagross
|-unboost|p1b: Lycanroc|atk|1
|turn|11
|
|t:|1784181009
|switch|p1b: Incineroar|Incineroar, L50, F|15/100
|-ability|p1b: Incineroar|Intimidate|boost
|-unboost|p2a: Incineroar|atk|1
|-unboost|p2b: Garchomp|atk|1
|move|p2a: Incineroar|Fake Out|p1b: Incineroar
|-damage|p1b: Incineroar|10/100
|move|p1a: Metagross|Psychic Fangs|p2b: Garchomp
|-damage|p2b: Garchomp|0 fnt
|-damage|p1a: Metagross|25/100|[from] ability: Rough Skin|[of] p2b: Garchomp
|faint|p2b: Garchomp
|
|upkeep
|turn|12
|-message|Squ1dge_ forfeited.
|
|win|starlight74
|raw|starlight74's rating: 1474 → 1489(+15 for winning)
|raw|Squ1dge_'s rating: 1383 → 1368(-15 for losing)
