|j|☆dambro222
|j|☆kimmy k
|html|dambro222kimmy k    
|uhtml|bestof|Game 2 of a best-of-3
|t:|1756326966
|gametype|doubles
|player|p1|dambro222|101|1133
|player|p2|kimmy k|preschooler|1209
|gen|9
|tier|[Gen 9] VGC 2025 Reg H (Bo3)
|rated|
|rule|Species Clause: Limit one of each Pokémon
|rule|Item Clause: Limit 1 of each item
|clearpoke
|poke|p1|Dragonite, L50, M|
|poke|p1|Volcarona, L50, F|
|poke|p1|Sneasler, L50, M|
|poke|p1|Rillaboom, L50, M|
|poke|p1|Electabuzz, L50, M|
|poke|p1|Kingambit, L50, M|
|poke|p2|Politoed, L50, M|
|poke|p2|Gothitelle, L50, M|
|poke|p2|Incineroar, L50, F|
|poke|p2|Amoonguss, L50, F|
|poke|p2|Kingdra, L50, F|
|poke|p2|Archaludon, L50, F|
|teampreview|4
|showteam|p1|Dragonite||LoadedDice|Multiscale|ScaleShot,ExtremeSpeed,Haze,Protect|||M|||50|,,,,,Fairy]Volcarona||CovertCloak|FlameBody|HeatWave,TeraBlast,QuiverDance,Protect|||F|||50|,,,,,Fairy]Sneasler||FocusSash|Unburden|CloseCombat,DireClaw,RockSlide,Protect|||M|||50|,,,,,Stellar]Rillaboom||AssaultVest|GrassySurge|WoodHammer,GrassyGlide,HighHorsepower,FakeOut|||M|||50|,,,,,Water]Electabuzz||Eviolite|VitalSpirit|Electroweb,FollowMe,Taunt,Protect|||M|||50|,,,,,Ghost]Kingambit||BlackGlasses|Defiant|KowtowCleave,SuckerPunch,SwordsDance,Protect|||M|||50|,,,,,Dark
|showteam|p2|Politoed||Leftovers|Drizzle|Protect,WeatherBall,PerishSong,Encore|||M|||50|,,,,,Grass]Gothitelle||SitrusBerry|ShadowTag|Protect,Psychic,FakeOut,TrickRoom|||M|||50|,,,,,Dark]Incineroar||SafetyGoggles|Intimidate|Protect,KnockOff,FakeOut,PartingShot|||F|||50|,,,,,Ghost]Amoonguss||EjectButton|Regenerator|Protect,RagePowder,PollenPuff,Spore|||F|||50|,,,,,Fairy]Kingdra||LifeOrb|SwiftSwim|Protect,WeatherBall,DracoMeteor,MuddyWater|||F|||50|,,,,,Stellar]Archaludon||PowerHerb|Sturdy|Protect,ElectroShot,DragonPulse,FlashCannon|||F|||50|,,,,,Electric
|inactive|Battle timer is ON: inactive players will automatically lose when time's up. (requested by kimmy k)
|inactive|dambro222 also wants the timer to be on.
|
|t:|1756326980
|teamsize|p1|4
|teamsize|p2|4
|start
|switch|p1a: Kingambit|Kingambit, L50, M, shiny|100/100
|switch|p1b: Rillaboom|Rillaboom, L50, M|100/100
|switch|p2a: Kingdra|Kingdra, L50, F|100/100
|switch|p2b: Archaludon|Archaludon, L50, F|100/100
|-fieldstart|move: Grassy Terrain|[from] ability: Grassy Surge|[of] p1b: Rillaboom
|turn|1
|inactive|dambro222 has 30 seconds left.
|
|t:|1756327014
|-terastallize|p1a: Kingambit|Dark
|move|p2b: Archaludon|Protect|p2b: Archaludon
|-singleturn|p2b: Archaludon|Protect
|move|p2a: Kingdra|Protect|p2a: Kingdra
|-singleturn|p2a: Kingdra|Protect
|move|p1b: Rillaboom|Fake Out|p2a: Kingdra
|-activate|p2a: Kingdra|move: Protect
|move|p1a: Kingambit|Kowtow Cleave|p2b: Archaludon
|-activate|p2b: Archaludon|move: Protect
|
|upkeep
|turn|2
|
|t:|1756327030
|-terastallize|p2b: Archaludon|Electric
|move|p1a: Kingambit|Protect|p1a: Kingambit
|-singleturn|p1a: Kingambit|Protect
|move|p2b: Archaludon|Electro Shot||[still]
|-prepare|p2b: Archaludon|Electro Shot
|-boost|p2b: Archaludon|spa|1
|-enditem|p2b: Archaludon|Power Herb
|-anim|p2b: Archaludon|Electro Shot|p1a: Kingambit
|-activate|p1a: Kingambit|move: Protect
|move|p2a: Kingdra|Muddy Water|p1b: Rillaboom|[spread] p1b
|-activate|p1a: Kingambit|move: Protect
|-resisted|p1b: Rillaboom
|-damage|p1b: Rillaboom|84/100
|-damage|p2a: Kingdra|91/100|[from] item: Life Orb
|move|p1b: Rillaboom|High Horsepower|p2b: Archaludon
|-supereffective|p2b: Archaludon
|-damage|p2b: Archaludon|39/100
|
|-heal|p2b: Archaludon|45/100|[from] Grassy Terrain
|-heal|p2a: Kingdra|97/100|[from] Grassy Terrain
|-heal|p1b: Rillaboom|91/100|[from] Grassy Terrain
|upkeep
|turn|3
|inactive|dambro222 has 30 seconds left.
|
|t:|1756327064
|switch|p2b: Politoed|Politoed, L50, M|100/100
|-weather|RainDance|[from] ability: Drizzle|[of] p2b: Politoed
|move|p1a: Kingambit|Sucker Punch||[still]
|-fail|p1a: Kingambit
|move|p2a: Kingdra|Weather Ball|p1a: Kingambit
|-damage|p1a: Kingambit|17/100
|-damage|p2a: Kingdra|87/100|[from] item: Life Orb
|move|p1b: Rillaboom|Wood Hammer|p2a: Kingdra
|-damage|p2a: Kingdra|0 fnt
|faint|p2a: Kingdra
|-damage|p1b: Rillaboom|68/100|[from] Recoil
|
|-weather|RainDance|[upkeep]
|-heal|p1b: Rillaboom|74/100|[from] Grassy Terrain
|-heal|p1a: Kingambit|23/100|[from] Grassy Terrain
|upkeep
|
|t:|1756327080
|switch|p2a: Incineroar|Incineroar, L50, F|100/100
|-ability|p2a: Incineroar|Intimidate|boost
|-unboost|p1a: Kingambit|atk|1
|-ability|p1a: Kingambit|Defiant|boost
|-boost|p1a: Kingambit|atk|2
|-unboost|p1b: Rillaboom|atk|1
|turn|4
|
|t:|1756327096
|move|p2a: Incineroar|Fake Out|p1b: Rillaboom
|-damage|p1b: Rillaboom|62/100
|cant|p1b: Rillaboom|flinch
|move|p2b: Politoed|Weather Ball|p1a: Kingambit
|-damage|p1a: Kingambit|0 fnt
|faint|p1a: Kingambit
|
|-weather|RainDance|[upkeep]
|-heal|p1b: Rillaboom|69/100|[from] Grassy Terrain
|upkeep
|
|t:|1756327107
|switch|p1a: Sneasler|Sneasler, L50, M|100/100
|turn|5
|
|t:|1756327119
|move|p2b: Politoed|Protect|p2b: Politoed
|-singleturn|p2b: Politoed|Protect
|move|p2a: Incineroar|Protect|p2a: Incineroar
|-singleturn|p2a: Incineroar|Protect
|move|p1a: Sneasler|Close Combat|p2a: Incineroar
|-activate|p2a: Incineroar|move: Protect
|move|p1b: Rillaboom|Wood Hammer|p2b: Politoed
|-activate|p2b: Politoed|move: Protect
|
|-weather|RainDance|[upkeep]
|-heal|p1b: Rillaboom|75/100|[from] Grassy Terrain
|-fieldend|move: Grassy Terrain
|upkeep
|turn|6
|
|t:|1756327142
|switch|p2a: Archaludon|Archaludon, L50, F, tera:Electric|45/100
|move|p1a: Sneasler|Close Combat|p2a: Archaludon
|-damage|p2a: Archaludon|0 fnt
|-unboost|p1a: Sneasler|def|1
|-unboost|p1a: Sneasler|spd|1
|faint|p2a: Archaludon
|move|p1b: Rillaboom|Wood Hammer|p2b: Politoed
|-supereffective|p2b: Politoed
|-damage|p2b: Politoed|8/100
|-damage|p1b: Rillaboom|44/100|[from] Recoil
|move|p2b: Politoed|Perish Song|p2b: Politoed
|-start|p1a: Sneasler|perish3|[silent]
|-start|p1b: Rillaboom|perish3|[silent]
|-start|p2b: Politoed|perish3|[silent]
|-fieldactivate|move: Perish Song
|
|-weather|RainDance|[upkeep]
|-heal|p2b: Politoed|14/100|[from] item: Leftovers
|-start|p1a: Sneasler|perish3
|-start|p1b: Rillaboom|perish3
|-start|p2b: Politoed|perish3
|upkeep
|
|t:|1756327155
|switch|p2a: Incineroar|Incineroar, L50, F|100/100
|-ability|p2a: Incineroar|Intimidate|boost
|-unboost|p1a: Sneasler|atk|1
|-unboost|p1b: Rillaboom|atk|1
|turn|7
|
|t:|1756327166
|switch|p1b: Electabuzz|Electabuzz, L50, M|100/100
|move|p1a: Sneasler|Protect|p1a: Sneasler
|-singleturn|p1a: Sneasler|Protect
|move|p2a: Incineroar|Fake Out|p1b: Electabuzz
|-damage|p1b: Electabuzz|92/100
|move|p2b: Politoed|Weather Ball|p1a: Sneasler
|-activate|p1a: Sneasler|move: Protect
|
|-weather|none
|-heal|p2b: Politoed|20/100|[from] item: Leftovers
|-start|p1a: Sneasler|perish2
|-start|p2b: Politoed|perish2
|upkeep
|turn|8
|-message|kimmy k forfeited.
|
|win|dambro222
|raw|dambro222's rating: 1133 → 1163(+30 for winning)
|raw|kimmy k's rating: 1209 → 1179(-30 for losing)
