|j|☆spongebob601
|j|☆PSH01
|html|spongebob601PSH01    
|uhtml|bestof|Game 1 of a best-of-3
|t:|1757918917
|gametype|doubles
|player|p1|spongebob601|2|1113
|player|p2|PSH01|101|1047
|gen|9
|tier|[Gen 9] VGC 2025 Reg H (Bo3)
|rated|
|rule|Species Clause: Limit one of each Pokémon
|rule|Item Clause: Limit 1 of each item
|clearpoke
|poke|p1|Incineroar, L50, F|
|poke|p1|Sneasler, L50, M|
|poke|p1|Ursaluna-Bloodmoon, L50, M|
|poke|p1|Gholdengo, L50|
|poke|p1|Ninetales-Alola, L50, F|
|poke|p1|Rillaboom, L50, M|
|poke|p2|Goodra-Hisui, L50, F|
|poke|p2|Garchomp, L50, M|
|poke|p2|Dragonite, L50, M|
|poke|p2|Gyarados, L50, M|
|poke|p2|Exeggutor-Alola, L50, F|
|poke|p2|Hydreigon, L50, F|
|teampreview|4
|showteam|p1|Incineroar||SitrusBerry|Intimidate|FakeOut,PartingShot,KnockOff,FlareBlitz|||F|||50|,,,,,Grass]Sneasler||GrassySeed|Unburden|CloseCombat,Protect,SwordsDance,Acrobatics|||M|||50|,,,,,Flying]Ursaluna-Bloodmoon||Leftovers|MindsEye|Protect,Yawn,BloodMoon,EarthPower|||M|||50|,,,,,Electric]Gholdengo||LifeOrb|GoodasGold|MakeItRain,ShadowBall,NastyPlot,Protect||||||50|,,,,,Water]Ninetales-Alola||LightClay|SnowWarning|Blizzard,AuroraVeil,Disable,Encore|||F|||50|,,,,,Ghost]Rillaboom||AssaultVest|GrassySurge|FakeOut,GrassyGlide,DrumBeating,Uturn|||M|||50|,,,,,Fire
|showteam|p2|Goodra-Hisui||Leftovers|Gooey|BodyPress,AcidArmor,LifeDew,Protect|||F|||50|,,,,,Flying]Garchomp||LifeOrb|RoughSkin|Earthquake,DragonClaw,RockSlide,BrickBreak|||M|||50|,,,,,Steel]Dragonite||CovertCloak|Multiscale|LowKick,Haze,Tailwind,ScaleShot|||M|||50|,,,,,Fairy]Gyarados||EjectButton|Intimidate|Taunt,IronHead,ThunderWave,Waterfall|||M|||50|,,,,,Ground]Exeggutor-Alola||SitrusBerry|Harvest|SleepPowder,TrickRoom,EnergyBall,Protect|||F|||50|,,,,,Fire]Hydreigon||ChoiceSpecs|Levitate|HyperVoice,DarkPulse,DracoMeteor,HeatWave|||F|||50|,,,,,Normal
|inactive|Battle timer is ON: inactive players will automatically lose when time's up. (requested by spongebob601)
|inactive|spongebob601 has 60 seconds left.
|
|t:|1757918966
|teamsize|p1|4
|teamsize|p2|4
|start
|switch|p1a: Ninetales|Ninetales-Alola, L50, F|100/100
|switch|p1b: Gholdengo|Gholdengo, L50|100/100
|switch|p2a: Gyarados|Gyarados, L50, M|100/100
|switch|p2b: Goodra|Goodra-Hisui, L50, F|100/100
|-weather|Snowscape|[from] ability: Snow Warning|[of] p1a: Ninetales
|-ability|p2a: Gyarados|Intimidate|boost
|-unboost|p1a: Ninetales|atk|1
|-unboost|p1b: Gholdengo|atk|1
|turn|1
|inactive|spongebob601 has 30 seconds left.
|inactive|PSH01 has 30 seconds left.
|
|t:|1757918992
|move|p1a: Ninetales|Aurora Veil|p1a: Ninetales
|-sidestart|p1: spongebob601|move: Aurora Veil
|move|p2a: Gyarados|Thunder Wave|p1a: Ninetales
|-status|p1a: Ninetales|par
|move|p1b: Gholdengo|Nasty Plot|p1b: Gholdengo
|-boost|p1b: Gholdengo|spa|2
|move|p2b: Goodra|Acid Armor|p2b: Goodra
|-boost|p2b: Goodra|def|2
|
|-weather|Snowscape|[upkeep]
|upkeep
|turn|2
|inactive|spongebob601 has 30 seconds left.
|
|t:|1757919025
|move|p2b: Goodra|Protect|p2b: Goodra
|-singleturn|p2b: Goodra|Protect
|move|p2a: Gyarados|Taunt|p1a: Ninetales
|-start|p1a: Ninetales|move: Taunt
|move|p1b: Gholdengo|Nasty Plot|p1b: Gholdengo
|-boost|p1b: Gholdengo|spa|2
|move|p1a: Ninetales|Blizzard|p2b: Goodra|[spread] p2a
|-activate|p2b: Goodra|move: Protect
|-damage|p2a: Gyarados|84/100
|-status|p2a: Gyarados|frz
|-enditem|p2a: Gyarados|Eject Button
|
|t:|1757919040
|switch|p2a: Hydreigon|Hydreigon, L50, F|100/100
|
|-weather|Snowscape|[upkeep]
|upkeep
|turn|3
|inactive|spongebob601 has 30 seconds left.
|
|t:|1757919067
|switch|p2a: Gyarados|Gyarados, L50, M|84/100 frz
|-ability|p2a: Gyarados|Intimidate|boost
|-unboost|p1a: Ninetales|atk|1
|-unboost|p1b: Gholdengo|atk|1
|-terastallize|p1b: Gholdengo|Water
|move|p1b: Gholdengo|Nasty Plot|p1b: Gholdengo
|-boost|p1b: Gholdengo|spa|2
|move|p1a: Ninetales|Blizzard|p2a: Gyarados|[spread] p2a,p2b
|-damage|p2a: Gyarados|67/100 frz
|-damage|p2b: Goodra|84/100
|move|p2b: Goodra|Acid Armor|p2b: Goodra
|-boost|p2b: Goodra|def|2
|
|-weather|Snowscape|[upkeep]
|-heal|p2b: Goodra|90/100|[from] item: Leftovers
|upkeep
|turn|4
|
|t:|1757919090
|move|p2b: Goodra|Protect|p2b: Goodra
|-singleturn|p2b: Goodra|Protect
|cant|p2a: Gyarados|frz
|move|p1b: Gholdengo|Shadow Ball|p2b: Goodra
|-activate|p2b: Goodra|move: Protect
|move|p1a: Ninetales|Blizzard|p2b: Goodra|[spread] p2a
|-activate|p2b: Goodra|move: Protect
|-damage|p2a: Gyarados|49/100 frz
|
|-weather|Snowscape|[upkeep]
|-heal|p2b: Goodra|96/100|[from] item: Leftovers
|-end|p1a: Ninetales|move: Taunt
|upkeep
|turn|5
|
|t:|1757919109
|-curestatus|p2a: Gyarados|frz|[msg]
|move|p2a: Gyarados|Iron Head|p1a: Ninetales
|-supereffective|p1a: Ninetales
|-damage|p1a: Ninetales|49/100 par
|move|p1b: Gholdengo|Shadow Ball|p2b: Goodra
|-damage|p2b: Goodra|0 fnt
|faint|p2b: Goodra
|-damage|p1b: Gholdengo|91/100|[from] item: Life Orb
|cant|p1a: Ninetales|flinch
|
|-weather|none
|upkeep
|
|t:|1757919122
|switch|p2b: Hydreigon|Hydreigon, L50, F|100/100
|turn|6
|
|t:|1757919136
|move|p2b: Hydreigon|Hyper Voice|p1a: Ninetales|[spread] p1a,p1b
|-damage|p1a: Ninetales|25/100 par
|-damage|p1b: Gholdengo|71/100
|move|p2a: Gyarados|Iron Head|p1a: Ninetales
|-supereffective|p1a: Ninetales
|-damage|p1a: Ninetales|0 fnt
|faint|p1a: Ninetales
|move|p1b: Gholdengo|Make It Rain|p2a: Gyarados|[spread] p2a,p2b
|-resisted|p2a: Gyarados
|-damage|p2a: Gyarados|0 fnt
|-damage|p2b: Hydreigon|0 fnt
|-unboost|p1b: Gholdengo|spa|1
|faint|p2a: Gyarados
|faint|p2b: Hydreigon
|-damage|p1b: Gholdengo|61/100|[from] item: Life Orb
|
|upkeep
|
|t:|1757919153
|switch|p1a: Rillaboom|Rillaboom, L50, M|100/100
|switch|p2a: Garchomp|Garchomp, L50, M|100/100
|-fieldstart|move: Grassy Terrain|[from] ability: Grassy Surge|[of] p1a: Rillaboom
|turn|7
|-message|PSH01 forfeited.
|
|win|spongebob601
|l|☆PSH01
|player|p2|
||PSH01 is ready for game 2.
||spongebob601 is ready for game 2.
|uhtml|next|Next: Game 2 of 3
