|j|☆robby w
|j|☆PkSbm
|html|robby wPkSbm    
|uhtml|bestof|Game 1 of a best-of-3
|t:|1756574753
|gametype|doubles
|player|p1|robby w|pokekid|1251
|player|p2|PkSbm|102|1219
|gen|9
|tier|[Gen 9] VGC 2025 Reg H (Bo3)
|rated|
|rule|Species Clause: Limit one of each Pokémon
|rule|Item Clause: Limit 1 of each item
|clearpoke
|poke|p1|Dondozo, L50, M|
|poke|p1|Tatsugiri, L50, F|
|poke|p1|Sneasler, L50, F|
|poke|p1|Indeedee, L50, M|
|poke|p1|Annihilape, L50, M|
|poke|p1|Gholdengo, L50|
|poke|p2|Gholdengo, L50|
|poke|p2|Dragonite, L50, M|
|poke|p2|Porygon2, L50|
|poke|p2|Ursaluna-Bloodmoon, L50, M|
|poke|p2|Primarina, L50, M|
|poke|p2|Incineroar, L50, M|
|teampreview|4
|showteam|p1|Dondozo||Leftovers|Unaware|Protect,WaveCrash,Earthquake,OrderUp|||M|||50|,,,,,Grass]Tatsugiri||ChoiceScarf|Commander|DragonPulse,IcyWind,DracoMeteor,MuddyWater|||F|||50|,,,,,Stellar]Sneasler||PsychicSeed|Unburden|DireClaw,CloseCombat,Protect,ThroatChop|||F|||50|,,,,,Dark]Indeedee||FocusSash|PsychicSurge|DazzlingGleam,HelpingHand,ExpandingForce,Protect|||M|||50|,,,,,Fairy]Annihilape||SafetyGoggles|Defiant|CloseCombat,RageFist,Protect,Taunt|||M|||50|,,,,,Fighting]Gholdengo||LifeOrb|GoodasGold|MakeItRain,Protect,NastyPlot,ShadowBall||||||50|,,,,,Fire
|showteam|p2|Gholdengo||LifeOrb|GoodasGold|ShadowBall,MakeItRain,Reflect,LightScreen||||||50|,,,,,Steel]Dragonite||LoadedDice|Multiscale|Tailwind,ScaleShot,ExtremeSpeed,Haze|||M|||50|,,,,,Fairy]Porygon2||Eviolite|Download|Recover,IceBeam,TrickRoom,TeraBlast||||||50|,,,,,Fighting]Ursaluna-Bloodmoon||AssaultVest|MindsEye|VacuumWave,EarthPower,HyperVoice,BloodMoon|||M|||50|,,,,,Ghost]Primarina||SitrusBerry|LiquidVoice|HyperVoice,Haze,Moonblast,Protect|||M|||50|,,,,,Steel]Incineroar||SafetyGoggles|Intimidate|FakeOut,KnockOff,PartingShot,FlareBlitz|||M|||50|,,,,,Ghost
|inactive|Battle timer is ON: inactive players will automatically lose when time's up. (requested by robby w)
|
|t:|1756574803
|teamsize|p1|4
|teamsize|p2|4
|start
|switch|p1a: Annihilape|Annihilape, L50, M|100/100
|switch|p1b: Sneasler|Sneasler, L50, F|100/100
|switch|p2a: Dragonite|Dragonite, L50, M|100/100
|switch|p2b: Ursaluna|Ursaluna-Bloodmoon, L50, M|100/100
|turn|1
|inactive|robby w has 30 seconds left.
|inactive|PkSbm has 30 seconds left.
|inactive|PkSbm has 20 seconds left.
|inactive|PkSbm has 15 seconds left.
|inactive|PkSbm has 10 seconds left.
|inactive|PkSbm has 5 seconds left.
|
|t:|1756574854
|switch|p1a: Indeedee|Indeedee, L50, M|100/100
|-fieldstart|move: Psychic Terrain|[from] ability: Psychic Surge|[of] p1a: Indeedee
|-enditem|p1b: Sneasler|Psychic Seed
|-boost|p1b: Sneasler|spd|1|[from] item: Psychic Seed
|-terastallize|p2b: Ursaluna|Ghost
|move|p1b: Sneasler|Close Combat|p2b: Ursaluna
|-immune|p2b: Ursaluna
|move|p2a: Dragonite|Tailwind|p2a: Dragonite
|-sidestart|p2: PkSbm|move: Tailwind
|move|p2b: Ursaluna|Blood Moon|p1a: Indeedee
|-enditem|p1a: Indeedee|Focus Sash
|-damage|p1a: Indeedee|1/100
|
|upkeep
|turn|2
|inactive|robby w has 30 seconds left.
|
|t:|1756574886
|-terastallize|p1a: Indeedee|Fairy
|move|p1b: Sneasler|Throat Chop|p2b: Ursaluna
|-supereffective|p2b: Ursaluna
|-damage|p2b: Ursaluna|55/100
|-start|p2b: Ursaluna|Throat Chop|[silent]
|move|p2a: Dragonite|Scale Shot|p1b: Sneasler
|-damage|p1b: Sneasler|75/100
|-damage|p1b: Sneasler|53/100
|-damage|p1b: Sneasler|31/100
|-damage|p1b: Sneasler|6/100
|-damage|p1b: Sneasler|0 fnt
|faint|p1b: Sneasler
|-hitcount|p1: Sneasler|5
|-unboost|p2a: Dragonite|def|1
|-boost|p2a: Dragonite|spe|1
|move|p1a: Indeedee|Dazzling Gleam|p2b: Ursaluna|[spread] p2a,p2b
|-supereffective|p2a: Dragonite
|-damage|p2a: Dragonite|75/100
|-damage|p2b: Ursaluna|34/100
|cant|p2b: Ursaluna|move: Throat Chop
|
|upkeep
|inactive|robby w has 30 seconds left.
|
|t:|1756574917
|switch|p1b: Annihilape|Annihilape, L50, M|100/100
|turn|3
|
|t:|1756574940
|move|p2a: Dragonite|Haze|p2a: Dragonite
|-clearallboost
|move|p1a: Indeedee|Dazzling Gleam|p2a: Dragonite|[spread] p2a,p2b
|-supereffective|p2a: Dragonite
|-damage|p2a: Dragonite|17/100
|-damage|p2b: Ursaluna|14/100
|move|p2b: Ursaluna|Earth Power|p1a: Indeedee
|-damage|p1a: Indeedee|0 fnt
|faint|p1a: Indeedee
|move|p1b: Annihilape|Rage Fist|p2b: Ursaluna
|-supereffective|p2b: Ursaluna
|-damage|p2b: Ursaluna|0 fnt
|faint|p2b: Ursaluna
|
|upkeep
|
|t:|1756574962
|switch|p1a: Gholdengo|Gholdengo, L50|100/100
|switch|p2b: Primarina|Primarina, L50, M|100/100
|turn|4
|inactive|robby w has 30 seconds left.
|
|t:|1756574993
|move|p2a: Dragonite|Scale Shot|p1a: Gholdengo|[miss]
|-miss|p2a: Dragonite|p1a: Gholdengo
|move|p2b: Primarina|Moonblast|p1b: Annihilape
|-supereffective|p1b: Annihilape
|-damage|p1b: Annihilape|0 fnt
|faint|p1b: Annihilape
|move|p1a: Gholdengo|Make It Rain|p2a: Dragonite|[spread] p2a,p2b
|-damage|p2a: Dragonite|0 fnt
|-damage|p2b: Primarina|49/100
|-unboost|p1a: Gholdengo|spa|1
|-enditem|p2b: Primarina|Sitrus Berry|[eat]
|-heal|p2b: Primarina|74/100|[from] item: Sitrus Berry
|faint|p2a: Dragonite
|-damage|p1a: Gholdengo|91/100|[from] item: Life Orb
|
|-sideend|p2: PkSbm|move: Tailwind
|upkeep
|inactive|PkSbm has 30 seconds left.
|inactive|PkSbm has 20 seconds left.
|inactive|PkSbm has 15 seconds left.
|
|t:|1756575035
|switch|p2a: Porygon2|Porygon2, L50|100/100
|-ability|p2a: Porygon2|Download|boost
|-boost|p2a: Porygon2|spa|1
|turn|5
|
|t:|1756575042
|move|p1a: Gholdengo|Nasty Plot|p1a: Gholdengo
|-boost|p1a: Gholdengo|spa|2
|move|p2b: Primarina|Hyper Voice|p1a: Gholdengo
|-damage|p1a: Gholdengo|30/100
|move|p2a: Porygon2|Ice Beam|p1a: Gholdengo
|-resisted|p1a: Gholdengo
|-damage|p1a: Gholdengo|7/100
|
|-fieldend|move: Psychic Terrain
|upkeep
|turn|6
|inactive|PkSbm has 30 seconds left.
|
|t:|1756575071
|move|p1a: Gholdengo|Make It Rain|p2b: Primarina|[spread] p2a,p2b
|-crit|p2a: Porygon2
|-damage|p2a: Porygon2|21/100
|-damage|p2b: Primarina|0 fnt
|-unboost|p1a: Gholdengo|spa|1
|faint|p2b: Primarina
|-damage|p1a: Gholdengo|0 fnt|[from] item: Life Orb
|faint|p1a: Gholdengo
|
|win|PkSbm
||PkSbm is ready for game 2.
||robby w is ready for game 2.
|uhtml|next|Next: Game 2 of 3
|l|☆PkSbm
|player|p2|
