|j|☆Scoseb
|j|☆rZelot
|html|ScosebrZelot    
|uhtml|bestof|Game 2 of a best-of-3
|t:|1783519820
|gametype|doubles
|player|p1|Scoseb|brycenman|1171
|player|p2|rZelot|gardenia|1101
|gen|9
|tier|[Gen 9 Champions] VGC 2026 Reg M-B (Bo3)
|rated|
|rule|Species Clause: Limit one of each Pokémon
|rule|Item Clause: Limit 1 of each item
|clearpoke
|poke|p1|Staraptor, L50, F|
|poke|p1|Zoroark-Hisui, L50, F|
|poke|p1|Gholdengo, L50|
|poke|p1|Whimsicott, L50, M|
|poke|p1|Incineroar, L50, F|
|poke|p1|Drampa, L50, F|
|poke|p2|Scrafty, L50, F, shiny|
|poke|p2|Toxapex, L50, M, shiny|
|poke|p2|Rotom-Heat, L50, shiny|
|poke|p2|Sinistcha, L50|
|poke|p2|Ninetales-Alola, L50, F, shiny|
|poke|p2|Hydreigon, L50, M|
|teampreview|4
|showteam|p1|Staraptor||Staraptite|Reckless|CloseCombat,Protect,BraveBird,Roost|Jolly||F|||50|]Zoroark-Hisui||FocusSash|Illusion|BitterMalice,IcyWind,Taunt,FakeTears|Timid||F|||50|]Gholdengo||LifeOrb|GoodasGold|MakeItRain,ShadowBall,Protect,PowerGem|Modest|||||50|]Whimsicott||FairyFeather|Prankster|Tailwind,Moonblast,Charm,Protect|Timid||M|||50|]Incineroar||SitrusBerry|Intimidate|FakeOut,PartingShot,FlareBlitz,DarkestLariat|Careful||F|||50|]Drampa||Drampanite|CloudNine|HyperVoice,DragonPulse,Protect,CalmMind|Timid||F|||50|
|showteam|p2|Scrafty||Scraftinite|Intimidate|FakeOut,KnockOff,DrainPunch,SwordsDance|Adamant||F|||50|]Toxapex||SitrusBerry|Regenerator|Stockpile,Infestation,Toxic,Recover|Bold||M|||50|]Rotom-Heat||Leftovers|Levitate|VoltSwitch,Overheat,Thunderbolt,WillOWisp|Calm|||||50|]Sinistcha||CobaBerry|Hospitality|MatchaGotcha,TrickRoom,RagePowder,Protect|Sassy|||||50|]Ninetales-Alola||FocusSash|SnowWarning|FreezeDry,Blizzard,AuroraVeil,Protect|Timid||F|||50|]Hydreigon||ChoiceScarf|Levitate|DarkPulse,Snarl,DracoMeteor,EarthPower|Timid||M|||50|
|inactive|Battle timer is ON: inactive players will automatically lose when time's up. (requested by rZelot)
|inactive|Scoseb also wants the timer to be on.
|
|t:|1783519847
|teamsize|p1|4
|teamsize|p2|4
|start
|switch|p1a: Whimsicott|Whimsicott, L50, M|100/100
|switch|p1b: Gholdengo|Gholdengo, L50|100/100
|switch|p2a: Hydreigon|Hydreigon, L50, M|100/100
|switch|p2b: Ninetales|Ninetales-Alola, L50, F, shiny|100/100
|-weather|Snowscape|[from] ability: Snow Warning|[of] p2b: Ninetales
|turn|1
|
|t:|1783519867
|move|p1b: Gholdengo|Protect|p1b: Gholdengo
|-singleturn|p1b: Gholdengo|Protect
|move|p2a: Hydreigon|Dark Pulse|p1b: Gholdengo
|-activate|p1b: Gholdengo|move: Protect
|move|p1a: Whimsicott|Moonblast|p2a: Hydreigon
|-supereffective|p2a: Hydreigon|2
|-damage|p2a: Hydreigon|0 fnt
|faint|p2a: Hydreigon
|move|p2b: Ninetales|Aurora Veil|p2b: Ninetales
|-sidestart|p2: rZelot|move: Aurora Veil
|
|-weather|Snowscape|[upkeep]
|upkeep
|
|t:|1783519880
|switch|p2a: Scrafty|Scrafty, L50, F, shiny|100/100
|-ability|p2a: Scrafty|Intimidate|boost
|-unboost|p1a: Whimsicott|atk|1
|-unboost|p1b: Gholdengo|atk|1
|turn|2
|
|t:|1783519899
|detailschange|p2a: Scrafty|Scrafty-Mega, L50, F, shiny
|-mega|p2a: Scrafty|Scrafty|Scraftinite
|-ability|p2a: Scrafty|Intimidate|boost
|-unboost|p1a: Whimsicott|atk|1
|-unboost|p1b: Gholdengo|atk|1
|move|p1a: Whimsicott|Protect|p1a: Whimsicott
|-singleturn|p1a: Whimsicott|Protect
|move|p2a: Scrafty|Fake Out|p1a: Whimsicott
|-activate|p1a: Whimsicott|move: Protect
|move|p2b: Ninetales|Blizzard|p1b: Gholdengo|[spread] p1b
|-activate|p1a: Whimsicott|move: Protect
|-resisted|p1b: Gholdengo|1
|-damage|p1b: Gholdengo|81/100
|move|p1b: Gholdengo|Power Gem|p2b: Ninetales
|-supereffective|p2b: Ninetales|1
|-damage|p2b: Ninetales|38/100
|-damage|p1b: Gholdengo|71/100|[from] item: Life Orb
|
|-weather|Snowscape|[upkeep]
|upkeep
|turn|3
|inactive|Scoseb has 30 seconds left.
|
|t:|1783519927
|move|p1a: Whimsicott|Moonblast|p2b: Ninetales
|-damage|p2b: Ninetales|3/100
|move|p2b: Ninetales|Blizzard|p1b: Gholdengo|[spread] p1a,p1b
|-supereffective|p1a: Whimsicott|1
|-resisted|p1b: Gholdengo|1
|-damage|p1a: Whimsicott|2/100
|-damage|p1b: Gholdengo|53/100
|move|p1b: Gholdengo|Make It Rain|p2a: Scrafty|[spread] p2a,p2b
|-supereffective|p2b: Ninetales|2
|-damage|p2a: Scrafty|64/100
|-damage|p2b: Ninetales|0 fnt
|-unboost|p1b: Gholdengo|spa|2
|faint|p2b: Ninetales
|-damage|p1b: Gholdengo|43/100|[from] item: Life Orb
|move|p2a: Scrafty|Knock Off|p1b: Gholdengo
|-supereffective|p1b: Gholdengo|1
|-damage|p1b: Gholdengo|0 fnt
|-enditem|p1b: Gholdengo|Life Orb|[from] move: Knock Off|[of] p2a: Scrafty
|faint|p1b: Gholdengo
|
|-weather|Snowscape|[upkeep]
|upkeep
|
|t:|1783519950
|switch|p2b: Toxapex|Toxapex, L50, M, shiny|100/100
|switch|p1b: Drampa|Drampa, L50, F|100/100
|-ability|p1b: Drampa|Cloud Nine
|turn|4
|
|t:|1783519975
|detailschange|p1b: Drampa|Drampa-Mega, L50, F
|-mega|p1b: Drampa|Drampa|Drampanite
|move|p1a: Whimsicott|Moonblast|p2a: Scrafty
|-supereffective|p2a: Scrafty|2
|-damage|p2a: Scrafty|0 fnt
|faint|p2a: Scrafty
|move|p1b: Drampa|Calm Mind|p1b: Drampa
|-boost|p1b: Drampa|spa|1
|-boost|p1b: Drampa|spd|1
|move|p2b: Toxapex|Infestation|p1a: Whimsicott
|-damage|p1a: Whimsicott|0 fnt
|faint|p1a: Whimsicott
|
|-weather|Snowscape|[upkeep]
|upkeep
|
|t:|1783519985
|switch|p1a: Drampa|Drampa-Mega, L50, F|100/100
|turn|5
|
|t:|1783519992
|move|p1a: Drampa|Fake Tears|p2b: Toxapex
|-unboost|p2b: Toxapex|spd|2
|move|p1b: Drampa|Hyper Voice|p2b: Toxapex
|-damage|p2b: Toxapex|15/100
|-enditem|p2b: Toxapex|Sitrus Berry|[eat]
|-heal|p2b: Toxapex|40/100|[from] item: Sitrus Berry
|move|p2b: Toxapex|Toxic|p1b: Drampa
|-status|p1b: Drampa|tox
|
|-weather|none
|-damage|p1b: Drampa|94/100 tox|[from] psn
|-sideend|p2: rZelot|move: Aurora Veil
|upkeep
|turn|6
|-message|rZelot forfeited.
|
|win|Scoseb
|l|☆rZelot
|player|p2|
||Scoseb is ready for game 3.
||rZelot is ready for game 3.
|uhtml|next|Next: Game 3 of 3
