|j|â˜†MiCasa3112
|j|â˜†Frafri
|html|MiCasa3112Frafri    
|uhtml|bestof|Game 1 of a best-of-3
|t:|1784916561
|gametype|doubles
|player|p1|MiCasa3112|lucas|
|player|p2|Frafri|170|
|gen|9
|tier|[Gen 9 Champions] VGC 2026 Reg M-B (Bo3)
|rule|Species Clause: Limit one of each PokÃ©mon
|rule|Item Clause: Limit 1 of each item
|clearpoke
|poke|p1|Archaludon, L50, M|
|poke|p1|Sableye, L50, M|
|poke|p1|Incineroar, L50, M|
|poke|p1|Basculegion-F, L50, F|
|poke|p1|Floette-Eternal, L50, F|
|poke|p1|Sinistcha, L50|
|poke|p2|Gyarados, L50, M|
|poke|p2|Gholdengo, L50|
|poke|p2|Raichu, L50, M|
|poke|p2|Sneasler, L50, F|
|poke|p2|Sinistcha, L50|
|poke|p2|Pelipper, L50, M|
|teampreview|4
|showteam|p1|Archaludon||Leftovers|Stamina|ElectroShot,FlashCannon,DragonPulse,Protect|Modest||M|||50|]Sableye||RoseliBerry|Prankster|WillOWisp,LightScreen,Quash,RainDance|Impish||M|||50|]Incineroar||ChopleBerry|Intimidate|FakeOut,FlareBlitz,CloseCombat,PartingShot|Adamant||M|||50|]Basculegion-F||FocusSash|SwiftSwim|MuddyWater,AquaJet,ShadowBall,IcyWind|Modest||F|||50|]Floette-Eternal||Floettite|FlowerVeil|DazzlingGleam,DrainingKiss,CalmMind,Protect|Modest||F|||50|]Sinistcha||ColburBerry|Hospitality|MatchaGotcha,RagePowder,TrickRoom,LifeDew|Bold|||||50|
|showteam|p2|Gyarados||Gyaradosite|Intimidate|DragonDance,Waterfall,Crunch,Protect|Adamant||M|||50|]Gholdengo||Leftovers|GoodasGold|ShadowBall,MakeItRain,NastyPlot,Protect|Modest|||||50|]Raichu||RaichuniteY|LightningRod|FakeOut,Protect,ZapCannon,FocusBlast|Timid||M|||50|]Sneasler||FocusSash|Unburden|FakeOut,DireClaw,CloseCombat,Coaching|Jolly||F|||50|]Sinistcha||ColburBerry|Hospitality|MatchaGotcha,LifeDew,RagePowder,TrickRoom|Sassy|||||50|]Pelipper||SitrusBerry|Drizzle|Hurricane,WeatherBall,WideGuard,Tailwind|Modest||M|||50|
|c|â˜†Frafri|gl hf
|
|t:|1784916640
|teamsize|p1|4
|teamsize|p2|4
|start
|switch|p1a: Basculegion|Basculegion-F, L50, F|100/100
|switch|p1b: Sableye|Sableye, L50, M|100/100
|switch|p2a: Gholdengo|Gholdengo, L50|100/100
|switch|p2b: Sinistcha|Sinistcha, L50|100/100
|turn|1
|
|t:|1784916705
|move|p2a: Gholdengo|Protect|p2a: Gholdengo
|-singleturn|p2a: Gholdengo|Protect
|move|p1b: Sableye|Will-O-Wisp|p1a: Basculegion
|-status|p1a: Basculegion|brn
|move|p1a: Basculegion|Muddy Water|p2a: Gholdengo|[spread] p2b
|-activate|p2a: Gholdengo|move: Protect
|-resisted|p2b: Sinistcha|1
|-damage|p2b: Sinistcha|86/100
|move|p2b: Sinistcha|Matcha Gotcha|p1b: Sableye|[spread] p1a
|-miss|p2b: Sinistcha|p1b: Sableye
|-supereffective|p1a: Basculegion|1
|-damage|p1a: Basculegion|44/100 brn
|-heal|p2b: Sinistcha|100/100|[from] drain|[of] p1a: Basculegion
|
|-damage|p1a: Basculegion|38/100 brn|[from] brn
|upkeep
|turn|2
|l|â˜†MiCasa3112
|player|p1|
|c|â˜†Frafri|ehm tutto ok?
|j|â˜†MiCasa3112
|player|p1|MiCasa3112|lucas|
|
|t:|1784916922
|move|p2b: Sinistcha|Rage Powder|p2b: Sinistcha
|-singleturn|p2b: Sinistcha|move: Rage Powder
|move|p1b: Sableye|Rain Dance|p1b: Sableye
|-weather|RainDance
|move|p1a: Basculegion|Muddy Water|p2a: Gholdengo|[spread] p2a,p2b
|-resisted|p2b: Sinistcha|1
|-damage|p2a: Gholdengo|53/100
|-damage|p2b: Sinistcha|79/100
|-unboost|p2a: Gholdengo|accuracy|1
|-unboost|p2b: Sinistcha|accuracy|1
|move|p2a: Gholdengo|Shadow Ball|p1a: Basculegion
|-supereffective|p1a: Basculegion|1
|-damage|p1a: Basculegion|0 fnt
|faint|p1a: Basculegion
|
|-weather|RainDance|[upkeep]
|-heal|p2a: Gholdengo|59/100|[from] item: Leftovers
|upkeep
|
|t:|1784916933
|switch|p1a: Archaludon|Archaludon, L50, M|100/100
|turn|3
|
|t:|1784916962
|switch|p2a: Raichu|Raichu, L50, M|100/100
|move|p1b: Sableye|Light Screen|p1b: Sableye
|-sidestart|p1: MiCasa3112|move: Light Screen
|move|p1a: Archaludon|Electro Shot||[still]
|-prepare|p1a: Archaludon|Electro Shot
|-boost|p1a: Archaludon|spa|1
|-anim|p1a: Archaludon|Electro Shot|p2a: Raichu
|-ability|p2a: Raichu|Lightning Rod|boost
|-boost|p2a: Raichu|spa|1
|move|p2b: Sinistcha|Life Dew||[still]|[spread] p2a,p2b
|-fail|p2a: Raichu|heal
|-heal|p2b: Sinistcha|100/100
|
|-weather|RainDance|[upkeep]
|upkeep
|turn|4
|
|t:|1784916993
|switch|p1b: Sinistcha|Sinistcha, L50|100/100
|detailschange|p2a: Raichu|Raichu-Mega-Y, L50, M
|-mega|p2a: Raichu|Raichu|Raichunite Y
|move|p1a: Archaludon|Protect|p1a: Archaludon
|-singleturn|p1a: Archaludon|Protect
|move|p2b: Sinistcha|Rage Powder|p2b: Sinistcha
|-singleturn|p2b: Sinistcha|move: Rage Powder
|move|p2a: Raichu|Zap Cannon|p1b: Sinistcha
|-resisted|p1b: Sinistcha|1
|-damage|p1b: Sinistcha|71/100
|-status|p1b: Sinistcha|par
|
|-weather|RainDance|[upkeep]
|upkeep
|turn|5
|
|t:|1784917028
|switch|p2b: Gholdengo|Gholdengo, L50|59/100
|move|p2a: Raichu|Protect|p2a: Raichu
|-singleturn|p2a: Raichu|Protect
|move|p1b: Sinistcha|Rage Powder|p1b: Sinistcha
|-singleturn|p1b: Sinistcha|move: Rage Powder
|move|p1a: Archaludon|Electro Shot||[still]
|-prepare|p1a: Archaludon|Electro Shot
|-boost|p1a: Archaludon|spa|1
|-anim|p1a: Archaludon|Electro Shot|p2b: Gholdengo
|-damage|p2b: Gholdengo|0 fnt
|faint|p2b: Gholdengo
|
|-weather|RainDance|[upkeep]
|upkeep
|
|t:|1784917044
|switch|p2b: Sneasler|Sneasler, L50, F|100/100
|turn|6
|
|t:|1784917058
|move|p1a: Archaludon|Protect|p1a: Archaludon
|-singleturn|p1a: Archaludon|Protect
|move|p2a: Raichu|Zap Cannon|p1b: Sinistcha
|-resisted|p1b: Sinistcha|1
|-damage|p1b: Sinistcha|41/100 par
|move|p2b: Sneasler|Dire Claw|p1b: Sinistcha
|-damage|p1b: Sinistcha|6/100 par
|move|p1b: Sinistcha|Matcha Gotcha|p2b: Sneasler|[spread] p2a,p2b
|-resisted|p2b: Sneasler|1
|-damage|p2a: Raichu|69/100
|-heal|p1b: Sinistcha|20/100y par|[from] drain|[of] p2a: Raichu
|-damage|p2b: Sneasler|83/100
|-heal|p1b: Sinistcha|28/100 par|[from] drain|[of] p2b: Sneasler
|
|-weather|none
|upkeep
|turn|7
|
|t:|1784917094
|switch|p1b: Sableye|Sableye, L50, M|100/100
|move|p2a: Raichu|Protect|p2a: Raichu
|-singleturn|p2a: Raichu|Protect
|move|p2b: Sneasler|Dire Claw|p1b: Sableye
|-resisted|p1b: Sableye|1
|-damage|p1b: Sableye|75/100
|move|p1a: Archaludon|Dragon Pulse|p2b: Sneasler
|-damage|p2b: Sneasler|0 fnt
|faint|p2b: Sneasler
|
|-sideend|p1: MiCasa3112|move: Light Screen
|upkeep
|
|t:|1784917102
|switch|p2b: Sinistcha|Sinistcha, L50|100/100
|-heal|p2a: Raichu|93/100|[from] ability: Hospitality|[of] p2b: Sinistcha
|turn|8
|
|t:|1784917125
|move|p1b: Sableye|Light Screen|p1b: Sableye
|-sidestart|p1: MiCasa3112|move: Light Screen
|move|p2a: Raichu|Zap Cannon|p1b: Sableye
|-damage|p1b: Sableye|0 fnt
|faint|p1b: Sableye
|move|p1a: Archaludon|Dragon Pulse|p2a: Raichu
|-damage|p2a: Raichu|0 fnt
|faint|p2a: Raichu
|move|p2b: Sinistcha|Matcha Gotcha|p1a: Archaludon
|-resisted|p1a: Archaludon|2
|-damage|p1a: Archaludon|94/100
|-ability|p1a: Archaludon|Stamina|boost
|-boost|p1a: Archaludon|def|1
|
|-heal|p1a: Archaludon|100/100|[from] item: Leftovers
|upkeep
|
|t:|1784917133
|switch|p1b: Sinistcha|Sinistcha, L50|28/100 par
|turn|9
|-message|Frafri forfeited.
|
|win|MiCasa3112
||MiCasa3112 is ready for game 2.
||Frafri is ready for game 2.
|uhtml|next|Next: Game 2 of 3
