|j|☆sbhaga34
|j|☆alexander1111
|html|sbhaga34alexander1111    
|uhtml|bestof|Game 1 of a best-of-3
|t:|1784229511
|gametype|doubles
|player|p1|sbhaga34|hugh|1293
|player|p2|alexander1111|preschooler|1368
|gen|9
|tier|[Gen 9 Champions] VGC 2026 Reg M-B (Bo3)
|rated|
|rule|Species Clause: Limit one of each Pokémon
|rule|Item Clause: Limit 1 of each item
|clearpoke
|poke|p1|Excadrill, L50, F|
|poke|p1|Tyranitar, L50, M|
|poke|p1|Corviknight, L50, M|
|poke|p1|Rotom-Wash, L50|
|poke|p1|Chandelure, L50, F|
|poke|p1|Clefable, L50, F|
|poke|p2|Milotic, L50, M|
|poke|p2|Maushold-Four, L50|
|poke|p2|Charizard, L50, M, shiny|
|poke|p2|Whimsicott, L50, M, shiny|
|poke|p2|Kingambit, L50, M|
|poke|p2|Garchomp, L50, F|
|teampreview|4
|showteam|p1|Excadrill||FocusSash|SandRush|Earthquake,IronHead,SwordsDance,Protect|Adamant||F|||50|]Tyranitar||Tyranitarite|SandStream|RockSlide,KnockOff,LowKick,Protect|Adamant||M|||50|]Corviknight||SharpBeak|MirrorArmor|BraveBird,Tailwind,BulkUp,Roost|Careful||M|||50|]Rotom-Wash||ChoiceScarf|Levitate|VoltSwitch,Thunderbolt,Electroweb,HydroPump|Timid|||||50|]Chandelure||ShucaBerry|FlashFire|HeatWave,ShadowBall,TrickRoom,Protect|Modest||F|||50|]Clefable||Clefablite|MagicGuard|FollowMe,Moonblast,HealPulse,Protect|Modest||F|||50|
|showteam|p2|Milotic||SitrusBerry|Competitive|Scald,IceBeam,HelpingHand,Protect|Modest||M|||50|]Maushold-Four||WideLens|Technician|PopulationBomb,FollowMe,Protect,SunnyDay|Jolly|||||50|]Charizard||CharizarditeY|Blaze|SolarBeam,HeatWave,WeatherBall,Protect|Timid||M|||50|]Whimsicott||FocusSash|Prankster|Tailwind,Moonblast,Protect,Encore|Timid||M|||50|]Kingambit||ChopleBerry|Defiant|KowtowCleave,SuckerPunch,IronHead,LowKick|Adamant||M|||50|]Garchomp||LifeOrb|RoughSkin|RockSlide,Earthquake,DragonClaw,Protect|Jolly||F|||50|
|inactive|Battle timer is ON: inactive players will automatically lose when time's up. (requested by sbhaga34)
|
|t:|1784229566
|teamsize|p1|4
|teamsize|p2|4
|start
|switch|p1a: Clefable|Clefable, L50, F|100/100
|switch|p1b: Chandelure|Chandelure, L50, F|100/100
|switch|p2a: Garchomp|Garchomp, L50, F|100/100
|switch|p2b: Whimsicott|Whimsicott, L50, M, shiny|100/100
|turn|1
|inactive|alexander1111 has 30 seconds left.
|inactive|sbhaga34 has 30 seconds left.
|inactive|alexander1111 has 20 seconds left.
|inactive|sbhaga34 has 20 seconds left.
|inactive|alexander1111 has 15 seconds left.
|inactive|sbhaga34 has 15 seconds left.
|
|t:|1784229616
|move|p2b: Whimsicott|Protect|p2b: Whimsicott
|-singleturn|p2b: Whimsicott|Protect
|move|p2a: Garchomp|Earthquake|p1a: Clefable|[spread] p1a,p1b
|-activate|p2b: Whimsicott|move: Protect
|-supereffective|p1b: Chandelure|1
|-enditem|p1b: Chandelure|Shuca Berry|[eat]
|-enditem|p1b: Chandelure|Shuca Berry|[weaken]
|-damage|p1a: Clefable|50/100g
|-damage|p1b: Chandelure|48/100
|-damage|p2a: Garchomp|90/100|[from] item: Life Orb
|move|p1a: Clefable|Moonblast|p2a: Garchomp
|-supereffective|p2a: Garchomp|1
|-damage|p2a: Garchomp|7/100
|move|p1b: Chandelure|Trick Room|p1b: Chandelure
|-fieldstart|move: Trick Room|[of] p1b: Chandelure
|
|upkeep
|turn|2
|inactive|sbhaga34 has 30 seconds left.
|inactive|alexander1111 has 30 seconds left.
|inactive|sbhaga34 has 20 seconds left.
|inactive|alexander1111 has 20 seconds left.
|inactive|sbhaga34 has 15 seconds left.
|
|t:|1784229656
|move|p2a: Garchomp|Protect|p2a: Garchomp
|-singleturn|p2a: Garchomp|Protect
|move|p2b: Whimsicott|Encore|p1b: Chandelure
|-start|p1b: Chandelure|Encore
|move|p1a: Clefable|Heal Pulse|p1b: Chandelure
|-heal|p1b: Chandelure|98/100
|move|p1b: Chandelure|Trick Room|p1b: Chandelure
|-fieldend|move: Trick Room
|
|upkeep
|turn|3
|inactive|alexander1111 has 30 seconds left.
|inactive|alexander1111 has 20 seconds left.
|inactive|alexander1111 has 15 seconds left.
|
|t:|1784229699
|switch|p1b: Rotom|Rotom-Wash, L50|100/100
|detailschange|p1a: Clefable|Clefable-Mega, L50, F
|-mega|p1a: Clefable|Clefable|Clefablite
|move|p2b: Whimsicott|Moonblast|p1a: Clefable
|-damage|p1a: Clefable|22/100
|move|p2a: Garchomp|Earthquake|p1b: Rotom|[spread] p2b
|-immune|p1a: Clefable
|-immune|p1b: Rotom|[from] ability: Levitate
|-resisted|p2b: Whimsicott|1
|-damage|p2b: Whimsicott|62/100
|-damage|p2a: Garchomp|0 fnt|[from] item: Life Orb
|faint|p2a: Garchomp
|move|p1a: Clefable|Moonblast|p2b: Whimsicott
|-damage|p2b: Whimsicott|0 fnt
|faint|p2b: Whimsicott
|
|upkeep
|inactive|alexander1111 has 30 seconds left.
|
|t:|1784229729
|switch|p2b: Charizard|Charizard, L50, M, shiny|100/100
|switch|p2a: Kingambit|Kingambit, L50, M|100/100
|turn|4
|inactive|sbhaga34 has 30 seconds left.
|inactive|alexander1111 has 30 seconds left.
|
|t:|1784229761
|move|p2b: Charizard|Protect|p2b: Charizard
|-singleturn|p2b: Charizard|Protect
|move|p1b: Rotom|Thunderbolt|p2a: Kingambit
|-damage|p2a: Kingambit|67/100
|move|p1a: Clefable|Moonblast|p2a: Kingambit
|-damage|p2a: Kingambit|16/100
|move|p2a: Kingambit|Kowtow Cleave|p1b: Rotom
|-damage|p1b: Rotom|45/100
|
|upkeep
|turn|5
|inactive|alexander1111 has 30 seconds left.
|
|t:|1784229790
|detailschange|p2b: Charizard|Charizard-Mega-Y, L50, M, shiny
|-mega|p2b: Charizard|Charizard|Charizardite Y
|-weather|SunnyDay|[from] ability: Drought|[of] p2b: Charizard
|move|p1a: Clefable|Follow Me|p1a: Clefable
|-singleturn|p1a: Clefable|move: Follow Me
|move|p2a: Kingambit|Sucker Punch||[still]
|-fail|p2a: Kingambit
|move|p1b: Rotom|Thunderbolt|p2a: Kingambit
|-damage|p2a: Kingambit|0 fnt
|faint|p2a: Kingambit
|move|p2b: Charizard|Heat Wave|p1b: Rotom|[spread] p1a,p1b
|-crit|p1a: Clefable
|-resisted|p1b: Rotom|1
|-damage|p1a: Clefable|0 fnt
|-damage|p1b: Rotom|10/100
|faint|p1a: Clefable
|
|-weather|SunnyDay|[upkeep]
|upkeep
|
|t:|1784229804
|switch|p1a: Chandelure|Chandelure, L50, F|98/100
|turn|6
|-message|alexander1111 forfeited.
|
|win|sbhaga34
