|j|☆526yamuko
|j|☆Djuseppe
|html|526yamukoDjuseppe    
|uhtml|bestof|Game 2 of a best-of-3
|t:|1757027770
|gametype|doubles
|player|p1|526yamuko|dawn|1000
|player|p2|Djuseppe|morty|1079
|gen|9
|tier|[Gen 9] VGC 2025 Reg H (Bo3)
|rated|
|rule|Species Clause: Limit one of each Pokémon
|rule|Item Clause: Limit 1 of each item
|clearpoke
|poke|p1|Pelipper, L50, F|
|poke|p1|Archaludon, L50, M|
|poke|p1|Amoonguss, L50, F|
|poke|p1|Basculegion, L50, M|
|poke|p1|Rillaboom, L50, F|
|poke|p1|Scizor, L50, F|
|poke|p2|Gholdengo, L50|
|poke|p2|Ninetales-Alola, L50, M|
|poke|p2|Incineroar, L50, F|
|poke|p2|Rillaboom, L50, F|
|poke|p2|Ursaluna-Bloodmoon, L50, M|
|poke|p2|Talonflame, L50, F|
|teampreview|4
|showteam|p1|Pelipper||SitrusBerry|Drizzle|Tailwind,Hurricane,WeatherBall,Protect|||F|||50|,,,,,Steel]Archaludon||PowerHerb|Stamina|ElectroShot,DracoMeteor,Protect,FlashCannon|||M|||50|,,,,,Fairy]Amoonguss||RockyHelmet|Regenerator|RagePowder,PollenPuff,Protect,Spore|||F|||50|,,,,,Steel]Basculegion||ChoiceBand|SwiftSwim|AquaJet,FlipTurn,LastRespects,Liquidation|||M|||50|,,,,,Water]Rillaboom||AssaultVest|GrassySurge|FakeOut,Uturn,GrassyGlide,WoodHammer|||F|||50|,,,,,Grass]Scizor||LifeOrb|Technician|Tailwind,BulletPunch,DualWingbeat,Uturn|||F|||50|,,,,,Fire
|showteam|p2|Gholdengo||GrassySeed|GoodasGold|MakeItRain,ShadowBall,NastyPlot,Protect||||||50|,,,,,Water]Ninetales-Alola||LightClay|SnowWarning|AuroraVeil,FreezeDry,IcyWind,Encore|||M|||50|,,,,,Fire]Incineroar||AssaultVest|Intimidate|FakeOut,Uturn,KnockOff,Snarl|||F|||50|,,,,,Bug]Rillaboom||MiracleSeed|GrassySurge|WoodHammer,GrassyGlide,Uturn,FakeOut|||F|||50|,,,,,Fire]Ursaluna-Bloodmoon||LifeOrb|MindsEye|BloodMoon,HyperVoice,EarthPower,Protect|||M|||50|,,,,,Normal]Talonflame||CovertCloak|GaleWings|DualWingbeat,FlareBlitz,Tailwind,WillOWisp|||F|||50|,,,,,Stellar
|inactive|Battle timer is ON: inactive players will automatically lose when time's up. (requested by Djuseppe)
|inactive|526yamuko has 60 seconds left.
|inactive|Djuseppe has 60 seconds left.
|
|t:|1757027821
|teamsize|p1|4
|teamsize|p2|4
|start
|switch|p1a: Scizor|Scizor, L50, F|100/100
|switch|p1b: Amoonguss|Amoonguss, L50, F|100/100
|switch|p2a: Rillaboom|Rillaboom, L50, F|100/100
|switch|p2b: Gholdengo|Gholdengo, L50|100/100
|-fieldstart|move: Grassy Terrain|[from] ability: Grassy Surge|[of] p2a: Rillaboom
|-enditem|p2b: Gholdengo|Grassy Seed
|-boost|p2b: Gholdengo|def|1|[from] item: Grassy Seed
|turn|1
|
|t:|1757027840
|move|p2a: Rillaboom|Fake Out|p1a: Scizor
|-resisted|p1a: Scizor
|-damage|p1a: Scizor|93/100
|move|p1b: Amoonguss|Rage Powder|p1b: Amoonguss
|-singleturn|p1b: Amoonguss|move: Rage Powder
|move|p2b: Gholdengo|Nasty Plot|p2b: Gholdengo
|-boost|p2b: Gholdengo|spa|2
|cant|p1a: Scizor|flinch
|
|-heal|p1a: Scizor|99/100|[from] Grassy Terrain
|upkeep
|turn|2
|inactive|Djuseppe has 30 seconds left.
|inactive|Djuseppe has 20 seconds left.
|
|t:|1757027878
|move|p2a: Rillaboom|U-turn|p1a: Scizor
|-resisted|p1a: Scizor
|-damage|p1a: Scizor|87/100
|
|t:|1757027882
|switch|p2a: Ursaluna|Ursaluna-Bloodmoon, L50, M|100/100|[from] U-turn
|move|p2b: Gholdengo|Make It Rain|p1a: Scizor|[spread] p1a,p1b
|-resisted|p1a: Scizor
|-damage|p1a: Scizor|25/100
|-damage|p1b: Amoonguss|34/100
|-unboost|p2b: Gholdengo|spa|1
|move|p1a: Scizor|Dual Wingbeat|p2a: Ursaluna
|-damage|p2a: Ursaluna|77/100
|-damage|p2a: Ursaluna|52/100
|-hitcount|p2a: Ursaluna|2
|-damage|p1a: Scizor|15/100|[from] item: Life Orb
|move|p1b: Amoonguss|Spore|p2b: Gholdengo
|-immune|p2b: Gholdengo|[from] ability: Good as Gold
|
|-heal|p2a: Ursaluna|58/100|[from] Grassy Terrain
|-heal|p1a: Scizor|21/100|[from] Grassy Terrain
|-heal|p1b: Amoonguss|40/100|[from] Grassy Terrain
|upkeep
|turn|3
|inactive|526yamuko has 30 seconds left.
|
|t:|1757027910
|move|p2a: Ursaluna|Protect|p2a: Ursaluna
|-singleturn|p2a: Ursaluna|Protect
|move|p1b: Amoonguss|Protect|p1b: Amoonguss
|-singleturn|p1b: Amoonguss|Protect
|move|p2b: Gholdengo|Shadow Ball|p1a: Scizor
|-damage|p1a: Scizor|0 fnt
|faint|p1a: Scizor
|
|-heal|p2a: Ursaluna|64/100|[from] Grassy Terrain
|-heal|p1b: Amoonguss|46/100|[from] Grassy Terrain
|upkeep
|
|t:|1757027914
|switch|p1a: Archaludon|Archaludon, L50, M|100/100
|turn|4
|inactive|Djuseppe has 30 seconds left.
|inactive|Djuseppe has 20 seconds left.
|inactive|Djuseppe has 15 seconds left.
|inactive|Djuseppe has 10 seconds left.
|
|t:|1757027962
|switch|p2a: Ninetales|Ninetales-Alola, L50, M|100/100
|-weather|Snowscape|[from] ability: Snow Warning|[of] p2a: Ninetales
|move|p1b: Amoonguss|Rage Powder|p1b: Amoonguss
|-singleturn|p1b: Amoonguss|move: Rage Powder
|move|p1a: Archaludon|Draco Meteor|p2a: Ninetales
|-immune|p2a: Ninetales
|move|p2b: Gholdengo|Shadow Ball|p1b: Amoonguss
|-damage|p1b: Amoonguss|0 fnt
|faint|p1b: Amoonguss
|
|-weather|Snowscape|[upkeep]
|upkeep
|
|t:|1757027970
|switch|p1b: Rillaboom|Rillaboom, L50, F|100/100
|turn|5
|inactive|526yamuko has 30 seconds left.
|inactive|Djuseppe has 30 seconds left.
|
|t:|1757028004
|switch|p2a: Rillaboom|Rillaboom, L50, F|100/100
|move|p1b: Rillaboom|Fake Out|p2a: Rillaboom
|-damage|p2a: Rillaboom|85/100
|move|p1a: Archaludon|Electro Shot||[still]
|-prepare|p1a: Archaludon|Electro Shot
|-boost|p1a: Archaludon|spa|1
|-enditem|p1a: Archaludon|Power Herb
|-anim|p1a: Archaludon|Electro Shot|p2b: Gholdengo
|-damage|p2b: Gholdengo|24/100
|move|p2b: Gholdengo|Make It Rain|p1a: Archaludon|[spread] p1a,p1b
|-resisted|p1a: Archaludon
|-damage|p1a: Archaludon|42/100
|-damage|p1b: Rillaboom|33/100
|-unboost|p2b: Gholdengo|spa|1
|-ability|p1a: Archaludon|Stamina|boost
|-boost|p1a: Archaludon|def|1
|
|-weather|Snowscape|[upkeep]
|-heal|p1b: Rillaboom|39/100|[from] Grassy Terrain
|-heal|p1a: Archaludon|48/100|[from] Grassy Terrain
|-heal|p2a: Rillaboom|92/100|[from] Grassy Terrain
|-heal|p2b: Gholdengo|31/100|[from] Grassy Terrain
|-fieldend|move: Grassy Terrain
|upkeep
|turn|6
|inactive|526yamuko has 30 seconds left.
|
|t:|1757028030
|move|p1a: Archaludon|Protect|p1a: Archaludon
|-singleturn|p1a: Archaludon|Protect
|move|p2b: Gholdengo|Protect|p2b: Gholdengo
|-singleturn|p2b: Gholdengo|Protect
|move|p1b: Rillaboom|U-turn|p2a: Rillaboom
|-supereffective|p2a: Rillaboom
|-damage|p2a: Rillaboom|42/100
|move|p2a: Rillaboom|U-turn|p1b: Rillaboom
|-supereffective|p1b: Rillaboom
|-damage|p1b: Rillaboom|0 fnt
|faint|p1b: Rillaboom
|
|t:|1757028043
|switch|p2a: Ninetales|Ninetales-Alola, L50, M|100/100|[from] U-turn
|
|-weather|Snowscape|[upkeep]
|upkeep
|turn|7
|
|t:|1757028057
|move|p2a: Ninetales|Encore|p1a: Archaludon
|-start|p1a: Archaludon|Encore
|move|p1a: Archaludon|Protect||[still]
|-fail|p1a: Archaludon
|move|p2b: Gholdengo|Shadow Ball|p1a: Archaludon
|-damage|p1a: Archaludon|0 fnt
|faint|p1a: Archaludon
|
|win|Djuseppe
|raw|526yamuko's rating: 1000 → 1000(+0 for losing)
|raw|Djuseppe's rating: 1079 → 1101(+22 for winning)
|l|☆526yamuko
|player|p1|
