|j|☆mr no sauce
|j|☆Sizzle2466
|html|mr no sauceSizzle2466    
|uhtml|bestof|Game 2 of a best-of-3
|t:|1757905015
|gametype|doubles
|player|p1|mr no sauce|courtney|1218
|player|p2|Sizzle2466|170|1109
|gen|9
|tier|[Gen 9] VGC 2025 Reg H (Bo3)
|rated|
|rule|Species Clause: Limit one of each Pokémon
|rule|Item Clause: Limit 1 of each item
|clearpoke
|poke|p1|Archaludon, L50, F|
|poke|p1|Pelipper, L50, F|
|poke|p1|Ursaluna, L50, M|
|poke|p1|Sinistcha, L50|
|poke|p1|Dragonite, L50, F|
|poke|p1|Annihilape, L50, M|
|poke|p2|Galvantula, L50, M|
|poke|p2|Incineroar, L50, F|
|poke|p2|Amoonguss, L50, F|
|poke|p2|Gholdengo, L50|
|poke|p2|Palafin, L50, F|
|poke|p2|Flamigo, L50, M|
|teampreview|4
|showteam|p1|Archaludon||AssaultVest|Stamina|ElectroShot,FlashCannon,BodyPress,Snarl|||F|||50|,,,,,Fighting]Pelipper||FocusSash|Drizzle|Hurricane,WeatherBall,Tailwind,Protect|||F|||50|,,,,,Ghost]Ursaluna||FlameOrb|Guts|HeadlongRush,Facade,Earthquake,Protect|||M|||50|,,,,,Ghost]Sinistcha||MentalHerb|Hospitality|MatchaGotcha,TrickRoom,RagePowder,LifeDew||||||50|,,,,,Steel]Dragonite||LoadedDice|Multiscale|ScaleShot,Tailwind,Haze,Protect|||F|||50|,,,,,Steel]Annihilape||SafetyGoggles|Defiant|CloseCombat,RageFist,Coaching,FinalGambit|||M|||50|,,,,,Fire
|showteam|p2|Galvantula||AssaultVest|CompoundEyes|Electroweb,BugBuzz,Thunderbolt,VoltSwitch|||M|||50|,,,,,Electric]Incineroar||SafetyGoggles|Intimidate|FakeOut,FlareBlitz,KnockOff,PartingShot|||F|||50|,,,,,Ghost]Amoonguss||CovertCloak|Regenerator|Spore,RagePowder,SludgeBomb,PollenPuff|||F|||50|,,,,,Ghost]Gholdengo||SitrusBerry|GoodasGold|NastyPlot,MakeItRain,ShadowBall,Protect||||||50|,,,,,Dragon]Palafin||MysticWater|ZerotoHero|JetPunch,WaveCrash,Protect,FlipTurn|||F|||50|,,,,,Water]Flamigo||LifeOrb|Scrappy|BraveBird,CloseCombat,Detect,Tailwind|||M|||50|,,,,,Stellar
|
|t:|1757905032
|teamsize|p1|4
|teamsize|p2|4
|start
|switch|p1a: Dragonite|Dragonite, L50, F|100/100
|switch|p1b: Annihilape|Annihilape, L50, M|100/100
|switch|p2a: Palafin|Palafin, L50, F|100/100
|switch|p2b: Gholdengo|Gholdengo, L50|100/100
|turn|1
|
|t:|1757905053
|switch|p1b: Archaludon|Archaludon, L50, F|100/100
|move|p2a: Palafin|Flip Turn|p1a: Dragonite
|-resisted|p1a: Dragonite
|-damage|p1a: Dragonite|93/100
|
|t:|1757905058
|detailschange|p2a: Palafin|Palafin-Hero, L50, F
|switch|p2a: Amoonguss|Amoonguss, L50, F|100/100|[from] Flip Turn
|move|p1a: Dragonite|Tailwind|p1a: Dragonite
|-sidestart|p1: mr no sauce|move: Tailwind
|move|p2b: Gholdengo|Nasty Plot|p2b: Gholdengo
|-boost|p2b: Gholdengo|spa|2
|
|upkeep
|turn|2
|
|t:|1757905110
|move|p1a: Dragonite|Scale Shot|p2a: Amoonguss
|-damage|p2a: Amoonguss|85/100
|-damage|p2a: Amoonguss|70/100
|-damage|p2a: Amoonguss|55/100
|-damage|p2a: Amoonguss|41/100
|-hitcount|p2a: Amoonguss|4
|-unboost|p1a: Dragonite|def|1
|-boost|p1a: Dragonite|spe|1
|move|p1b: Archaludon|Snarl|p2b: Gholdengo|[spread] p2a,p2b
|-supereffective|p2b: Gholdengo
|-damage|p2a: Amoonguss|28/100
|-damage|p2b: Gholdengo|74/100
|-unboost|p2b: Gholdengo|spa|1
|move|p2b: Gholdengo|Shadow Ball|p1a: Dragonite
|-crit|p1a: Dragonite
|-damage|p1a: Dragonite|0 fnt
|faint|p1a: Dragonite
|move|p2a: Amoonguss|Spore|p1b: Archaludon
|-status|p1b: Archaludon|slp|[from] move: Spore
|
|upkeep
|
|t:|1757905126
|switch|p1a: Annihilape|Annihilape, L50, M|100/100
|turn|3
|
|t:|1757905176
|-terastallize|p1a: Annihilape|Fire
|move|p1a: Annihilape|Rage Fist|p2b: Gholdengo
|-supereffective|p2b: Gholdengo
|-damage|p2b: Gholdengo|40/100
|-enditem|p2b: Gholdengo|Sitrus Berry|[eat]
|-heal|p2b: Gholdengo|64/100|[from] item: Sitrus Berry
|cant|p1b: Archaludon|slp
|move|p2b: Gholdengo|Shadow Ball|p1a: Annihilape
|-damage|p1a: Annihilape|41/100
|move|p2a: Amoonguss|Pollen Puff|p2b: Gholdengo
|-heal|p2b: Gholdengo|100/100
|
|upkeep
|turn|4
|
|t:|1757905202
|move|p2a: Amoonguss|Rage Powder|p2a: Amoonguss
|-singleturn|p2a: Amoonguss|move: Rage Powder
|move|p1a: Annihilape|Rage Fist|p2a: Amoonguss
|-damage|p2a: Amoonguss|0 fnt
|faint|p2a: Amoonguss
|-curestatus|p1b: Archaludon|slp|[msg]
|move|p1b: Archaludon|Snarl|p2b: Gholdengo
|-supereffective|p2b: Gholdengo
|-damage|p2b: Gholdengo|66/100
|-unboost|p2b: Gholdengo|spa|1
|move|p2b: Gholdengo|Shadow Ball|p1b: Archaludon
|-damage|p1b: Archaludon|72/100
|-ability|p1b: Archaludon|Stamina|boost
|-boost|p1b: Archaludon|def|1
|
|-sideend|p1: mr no sauce|move: Tailwind
|upkeep
|
|t:|1757905217
|switch|p2a: Palafin|Palafin-Hero, L50, F|100/100
|-activate|p2a: Palafin|ability: Zero to Hero
|turn|5
|
|t:|1757905232
|switch|p1a: Sinistcha|Sinistcha, L50|100/100
|-heal|p1b: Archaludon|96/100|[from] ability: Hospitality|[of] p1a: Sinistcha
|-terastallize|p2b: Gholdengo|Dragon
|move|p2a: Palafin|Flip Turn|p1a: Sinistcha
|-resisted|p1a: Sinistcha
|-damage|p1a: Sinistcha|81/100
|
|t:|1757905239
|switch|p2a: Incineroar|Incineroar, L50, F|100/100|[from] Flip Turn
|-ability|p2a: Incineroar|Intimidate|boost
|-unboost|p1a: Sinistcha|atk|1
|-unboost|p1b: Archaludon|atk|1
|move|p2b: Gholdengo|Nasty Plot|p2b: Gholdengo
|-boost|p2b: Gholdengo|spa|2
|move|p1b: Archaludon|Snarl|p2b: Gholdengo|[spread] p2a,p2b
|-resisted|p2a: Incineroar
|-damage|p2a: Incineroar|94/100
|-damage|p2b: Gholdengo|53/100
|-unboost|p2a: Incineroar|spa|1
|-unboost|p2b: Gholdengo|spa|1
|
|upkeep
|turn|6
|
|t:|1757905320
|move|p2b: Gholdengo|Shadow Ball|p1a: Sinistcha
|-supereffective|p1a: Sinistcha
|-damage|p1a: Sinistcha|0 fnt
|faint|p1a: Sinistcha
|move|p1b: Archaludon|Body Press|p2b: Gholdengo
|-damage|p2b: Gholdengo|23/100
|move|p2a: Incineroar|Knock Off|p1b: Archaludon
|-damage|p1b: Archaludon|77/100
|-ability|p1b: Archaludon|Stamina|boost
|-boost|p1b: Archaludon|def|1
|-enditem|p1b: Archaludon|Assault Vest|[from] move: Knock Off|[of] p2a: Incineroar
|
|upkeep
|
|t:|1757905328
|switch|p1a: Annihilape|Annihilape, L50, M, tera:Fire|41/100
|turn|7
|
|t:|1757905344
|move|p2b: Gholdengo|Protect|p2b: Gholdengo
|-singleturn|p2b: Gholdengo|Protect
|move|p1a: Annihilape|Rage Fist|p2b: Gholdengo
|-activate|p2b: Gholdengo|move: Protect
|move|p1b: Archaludon|Body Press|p2a: Incineroar
|-supereffective|p2a: Incineroar
|-damage|p2a: Incineroar|17/100
|move|p2a: Incineroar|Parting Shot|p1b: Archaludon
|-unboost|p1b: Archaludon|atk|1
|-unboost|p1b: Archaludon|spa|1
|
|t:|1757905355
|switch|p2a: Palafin|Palafin-Hero, L50, F|100/100|[from] Parting Shot
|
|upkeep
|turn|8
|
|t:|1757905379
|move|p1a: Annihilape|Rage Fist|p2b: Gholdengo
|-damage|p2b: Gholdengo|0 fnt
|faint|p2b: Gholdengo
|move|p2a: Palafin|Wave Crash|p1b: Archaludon
|-resisted|p1b: Archaludon
|-damage|p1b: Archaludon|60/100
|-ability|p1b: Archaludon|Stamina|boost
|-boost|p1b: Archaludon|def|1
|-damage|p2a: Palafin|95/100|[from] Recoil
|move|p1b: Archaludon|Body Press|p2a: Palafin
|-damage|p2a: Palafin|38/100
|
|upkeep
|
|t:|1757905391
|switch|p2b: Incineroar|Incineroar, L50, F|17/100
|-ability|p2b: Incineroar|Intimidate|boost
|-unboost|p1a: Annihilape|atk|1
|-ability|p1a: Annihilape|Defiant|boost
|-boost|p1a: Annihilape|atk|2
|-unboost|p1b: Archaludon|atk|1
|turn|9
|c|☆Sizzle2466|im so greedy god damn
|
|t:|1757905417
|move|p2b: Incineroar|Fake Out|p1b: Archaludon
|-resisted|p1b: Archaludon
|-damage|p1b: Archaludon|58/100
|-ability|p1b: Archaludon|Stamina|boost
|-boost|p1b: Archaludon|def|1
|move|p2a: Palafin|Jet Punch|p1a: Annihilape
|-supereffective|p1a: Annihilape
|-damage|p1a: Annihilape|0 fnt
|faint|p1a: Annihilape
|cant|p1b: Archaludon|flinch
|
|upkeep
|turn|10
|
|t:|1757905439
|move|p2a: Palafin|Wave Crash|p1b: Archaludon
|-resisted|p1b: Archaludon
|-damage|p1b: Archaludon|48/100
|-ability|p1b: Archaludon|Stamina|boost
|-boost|p1b: Archaludon|def|1
|-damage|p2a: Palafin|34/100|[from] Recoil
|move|p1b: Archaludon|Body Press|p2b: Incineroar
|-supereffective|p2b: Incineroar
|-damage|p2b: Incineroar|0 fnt
|faint|p2b: Incineroar
|
|upkeep
|turn|11
|
|t:|1757905450
|move|p2a: Palafin|Wave Crash|p1b: Archaludon
|-resisted|p1b: Archaludon
|-damage|p1b: Archaludon|39/100
|-ability|p1b: Archaludon|Stamina|boost
|-boost|p1b: Archaludon|def|1
|-damage|p2a: Palafin|31/100|[from] Recoil
|move|p1b: Archaludon|Body Press|p2a: Palafin
|-damage|p2a: Palafin|0 fnt
|faint|p2a: Palafin
|
|win|mr no sauce
|raw|mr no sauce's rating: 1218 → 1235(+17 for winning)
|raw|Sizzle2466's rating: 1109 → 1092(-17 for losing)
|l|☆mr no sauce
|player|p1|
