|j|☆birooooo
|j|☆monsoonisbest
|html|birooooomonsoonisbest    
|uhtml|bestof|Game 2 of a best-of-3
|t:|1784463026
|gametype|doubles
|player|p1|birooooo|102|1275
|player|p2|monsoonisbest|101|1249
|gen|9
|tier|[Gen 9 Champions] VGC 2026 Reg M-B (Bo3)
|rated|
|rule|Species Clause: Limit one of each Pokémon
|rule|Item Clause: Limit 1 of each item
|clearpoke
|poke|p1|Mr. Rime, L50, M|
|poke|p1|Raichu, L50, M|
|poke|p1|Floette-Eternal, L50, F|
|poke|p1|Incineroar, L50, M|
|poke|p1|Ceruledge, L50, M|
|poke|p1|Sinistcha, L50|
|poke|p2|Gengar, L50, M|
|poke|p2|Swampert, L50, M|
|poke|p2|Incineroar, L50, M|
|poke|p2|Politoed, L50, M|
|poke|p2|Archaludon, L50, F|
|poke|p2|Vivillon-Monsoon, L50, F|
|teampreview|4
|showteam|p1|Mr. Rime||FocusSash|ScreenCleaner|FreezeDry,Protect,SheerCold,RolePlay|Timid||M|||50|]Raichu||RaichuniteY|LightningRod|FakeOut,ZapCannon,FocusBlast,Protect|Timid||M|||50|]Floette-Eternal||Floettite|FlowerVeil|Moonblast,DazzlingGleam,CalmMind,Protect|Timid||F|||50|]Incineroar||SitrusBerry|Intimidate|FakeOut,ThroatChop,FlareBlitz,PartingShot|Impish||M|||50|]Ceruledge||ColburBerry|FlashFire|BitterBlade,ShadowSneak,Protect,BulkUp|Adamant||M|||50|]Sinistcha||KasibBerry|Hospitality|MatchaGotcha,Protect,LifeDew,RagePowder|Bold|||||50|
|showteam|p2|Gengar||Gengarite|CursedBody|ShadowBall,PerishSong,SludgeBomb,Protect|Timid||M|||50|]Swampert||Swampertite|Damp|WaveCrash,Earthquake,IcePunch,Protect|Adamant||M|||50|]Incineroar||PasshoBerry|Intimidate|ThroatChop,PartingShot,FakeOut,Protect|Sassy||M|||50|]Politoed||SitrusBerry|Drizzle|WeatherBall,PerishSong,Encore,Protect|Calm||M|||50|]Archaludon||Leftovers|Stamina|DragonPulse,FlashCannon,ElectroShot,Protect|Bold||F|||50|]Vivillon-Monsoon||FocusSash|CompoundEyes|Hurricane,SleepPowder,RagePowder,Protect|Timid||F|||50|
|inactive|Battle timer is ON: inactive players will automatically lose when time's up. (requested by birooooo)
|
|t:|1784463038
|teamsize|p1|4
|teamsize|p2|4
|start
|switch|p1a: Raichu|Raichu, L50, M|100/100
|switch|p1b: Mr. Rime|Mr. Rime, L50, M|100/100
|switch|p2a: Incineroar|Incineroar, L50, M|100/100
|switch|p2b: Gengar|Gengar, L50, M|100/100
|-ability|p2a: Incineroar|Intimidate|boost
|-unboost|p1a: Raichu|atk|1
|-unboost|p1b: Mr. Rime|atk|1
|turn|1
|
|t:|1784463047
|detailschange|p1a: Raichu|Raichu-Mega-Y, L50, M
|-mega|p1a: Raichu|Raichu|Raichunite Y
|detailschange|p2b: Gengar|Gengar-Mega, L50, M
|-mega|p2b: Gengar|Gengar|Gengarite
|move|p1a: Raichu|Fake Out|p2a: Incineroar
|-damage|p2a: Incineroar|94/100
|cant|p2a: Incineroar|flinch
|move|p2b: Gengar|Perish Song|p2b: Gengar
|-start|p1a: Raichu|perish3|[silent]
|-start|p1b: Mr. Rime|perish3|[silent]
|-start|p2a: Incineroar|perish3|[silent]
|-start|p2b: Gengar|perish3|[silent]
|-fieldactivate|move: Perish Song
|move|p1b: Mr. Rime|Role Play|p1a: Raichu
|-ability|p1b: Mr. Rime|No Guard|Screen Cleaner|[from] move: Role Play|[of] p1a: Raichu
|
|-start|p1a: Raichu|perish3
|-start|p2b: Gengar|perish3
|-start|p1b: Mr. Rime|perish3
|-start|p2a: Incineroar|perish3
|upkeep
|turn|2
|
|t:|1784463061
|move|p2b: Gengar|Protect|p2b: Gengar
|-singleturn|p2b: Gengar|Protect
|move|p2a: Incineroar|Protect|p2a: Incineroar
|-singleturn|p2a: Incineroar|Protect
|move|p1a: Raichu|Zap Cannon|p2b: Gengar
|-activate|p2b: Gengar|move: Protect
|move|p1b: Mr. Rime|Sheer Cold|p2a: Incineroar
|-activate|p2a: Incineroar|move: Protect
|
|-start|p1a: Raichu|perish2
|-start|p2b: Gengar|perish2
|-start|p1b: Mr. Rime|perish2
|-start|p2a: Incineroar|perish2
|upkeep
|turn|3
|
|t:|1784463087
|switch|p2b: Swampert|Swampert, L50, M|100/100
|move|p1a: Raichu|Zap Cannon|p2a: Incineroar
|-damage|p2a: Incineroar|51/100
|-status|p2a: Incineroar|par
|move|p1b: Mr. Rime|Sheer Cold|p2b: Swampert
|-damage|p2b: Swampert|0 fnt
|faint|p2b: Swampert
|-ohko
|move|p2a: Incineroar|Parting Shot|p2: Swampert|[notarget]
|-fail|p2a: Incineroar
|
|-start|p1a: Raichu|perish1
|-start|p1b: Mr. Rime|perish1
|-start|p2a: Incineroar|perish1
|upkeep
|
|t:|1784463096
|switch|p2b: Gengar|Gengar-Mega, L50, M|100/100
|turn|4
|
|t:|1784463105
|switch|p2a: Vivillon|Vivillon-Monsoon, L50, F|100/100
|move|p2b: Gengar|Protect|p2b: Gengar
|-singleturn|p2b: Gengar|Protect
|move|p1a: Raichu|Zap Cannon|p2b: Gengar
|-activate|p2b: Gengar|move: Protect
|move|p1b: Mr. Rime|Sheer Cold|p2a: Vivillon
|-enditem|p2a: Vivillon|Focus Sash
|-damage|p2a: Vivillon|1/100
|
|-start|p1a: Raichu|perish0
|-start|p1b: Mr. Rime|perish0
|faint|p1a: Raichu
|faint|p1b: Mr. Rime
|upkeep
|
|t:|1784463109
|switch|p1a: Sinistcha|Sinistcha, L50|100/100
|switch|p1b: Incineroar|Incineroar, L50, M|100/100
|-ability|p1b: Incineroar|Intimidate|boost
|-unboost|p2a: Vivillon|atk|1
|-unboost|p2b: Gengar|atk|1
|turn|5
|inactive|birooooo has 30 seconds left.
|
|t:|1784463136
|switch|p2b: Incineroar|Incineroar, L50, M|51/100 par
|-ability|p2b: Incineroar|Intimidate|boost
|-unboost|p1a: Sinistcha|atk|1
|-unboost|p1b: Incineroar|atk|1
|move|p2a: Vivillon|Protect|p2a: Vivillon
|-singleturn|p2a: Vivillon|Protect
|move|p1a: Sinistcha|Matcha Gotcha|p2b: Incineroar|[spread] 
|-activate|p2a: Vivillon|move: Protect
|-miss|p1a: Sinistcha|p2b: Incineroar
|move|p1b: Incineroar|Throat Chop|p2b: Incineroar
|-resisted|p2b: Incineroar|1
|-damage|p2b: Incineroar|41/100 par
|-start|p2b: Incineroar|Throat Chop|[silent]
|
|upkeep
|turn|6
|inactive|birooooo has 30 seconds left.
|
|t:|1784463163
|move|p1a: Sinistcha|Rage Powder|p1a: Sinistcha
|-singleturn|p1a: Sinistcha|move: Rage Powder
|move|p2a: Vivillon|Hurricane|p1a: Sinistcha
|-supereffective|p1a: Sinistcha|1
|-damage|p1a: Sinistcha|8/100
|-start|p1a: Sinistcha|confusion
|move|p1b: Incineroar|Throat Chop|p2a: Vivillon
|-damage|p2a: Vivillon|0 fnt
|faint|p2a: Vivillon
|move|p2b: Incineroar|Throat Chop|p1a: Sinistcha
|-supereffective|p1a: Sinistcha|1
|-damage|p1a: Sinistcha|0 fnt
|faint|p1a: Sinistcha
|
|-end|p2b: Incineroar|Throat Chop|[silent]
|upkeep
|
|t:|1784463173
|switch|p2a: Gengar|Gengar-Mega, L50, M|100/100
|turn|7
|
|t:|1784463176
|move|p2a: Gengar|Protect|p2a: Gengar
|-singleturn|p2a: Gengar|Protect
|move|p1b: Incineroar|Throat Chop|p2a: Gengar
|-activate|p2a: Gengar|move: Protect
|move|p2b: Incineroar|Parting Shot|p1b: Incineroar
|-unboost|p1b: Incineroar|atk|1
|-unboost|p1b: Incineroar|spa|1
|
|upkeep
|turn|8
|
|t:|1784463188
|move|p2a: Gengar|Sludge Bomb|p1b: Incineroar
|-damage|p1b: Incineroar|59/100
|move|p1b: Incineroar|Flare Blitz|p2b: Incineroar
|-resisted|p2b: Incineroar|1
|-damage|p2b: Incineroar|32/100 par
|-damage|p1b: Incineroar|56/100|[from] Recoil
|cant|p2b: Incineroar|par
|
|upkeep
|turn|9
|-message|birooooo forfeited.
|
|win|monsoonisbest
|raw|birooooo's rating: 1275 → 1248(-27 for losing)
|raw|monsoonisbest's rating: 1249 → 1276(+27 for winning)
