|j|‽sudoz
|j|☆PTP_VGC
|html|sudozPTP_VGC    
|uhtml|bestof|Game 1 of a best-of-3
|t:|1756237934
|gametype|doubles
|player|p1|sudoz|iris-gen5bw2|1342
|player|p2|PTP_VGC|102|1290
|gen|9
|tier|[Gen 9] VGC 2025 Reg H (Bo3)
|rated|
|rule|Species Clause: Limit one of each Pokémon
|rule|Item Clause: Limit 1 of each item
|clearpoke
|poke|p1|Incineroar, L50, F|
|poke|p1|Gholdengo, L50|
|poke|p1|Amoonguss, L50, F|
|poke|p1|Hydreigon, L50, M|
|poke|p1|Porygon2, L50|
|poke|p1|Ursaluna, L50, M|
|poke|p2|Incineroar, L50, F|
|poke|p2|Weezing, L50, M|
|poke|p2|Porygon2, L50|
|poke|p2|Annihilape, L50, F|
|poke|p2|Pawmot, L50, F|
|poke|p2|Toedscruel, L50, F|
|teampreview|4
|showteam|p1|Incineroar||SitrusBerry|Intimidate|FakeOut,KnockOff,FlareBlitz,PartingShot|||F|||50|,,,,,Ghost]Gholdengo||MetalCoat|GoodasGold|Protect,NastyPlot,MakeItRain,ShadowBall||||||50|,,,,,Water]Amoonguss||RockyHelmet|Regenerator|Protect,Spore,RagePowder,PollenPuff|||F|||50|,,,,,Fairy]Hydreigon||SafetyGoggles|Levitate|Protect,DracoMeteor,Snarl,Tailwind|||M|||50|,,,,,Ghost]Porygon2||Eviolite|Download|Recover,IceBeam,TeraBlast,TrickRoom||||||50|,,,,,Fighting]Ursaluna||FlameOrb|Guts|Protect,Earthquake,Facade,HeadlongRush|||M|||50|,,,,,Ghost
|showteam|p2|Incineroar||AbilityShield|Intimidate|FlareBlitz,KnockOff,PartingShot,FakeOut|||F|||50|,,,,,Ghost]Weezing||SitrusBerry|NeutralizingGas|SludgeBomb,WillOWisp,Taunt,Protect|||M|||50|,,,,,Grass]Porygon2||Eviolite|Download|TeraBlast,IceBeam,Recover,TrickRoom||||||50|,,,,,Water]Annihilape||Leftovers|Defiant|DrainPunch,RageFist,BulkUp,Protect|||F|||50|,,,,,Water]Pawmot||FocusSash|NaturalCure|DoubleShock,CloseCombat,RevivalBlessing,Protect|||F|||50|,,,,,Stellar]Toedscruel||LifeOrb|MyceliumMight|EarthPower,EnergyBall,Spore,RagePowder|||F|||50|,,,,,Water
|inactive|Battle timer is ON: inactive players will automatically lose when time's up. (requested by PTP_VGC)
|inactive|sudoz has 60 seconds left.
|inactive|PTP_VGC has 60 seconds left.
|
|t:|1756237995
|teamsize|p1|4
|teamsize|p2|4
|start
|switch|p1a: Hydreigon|Hydreigon, L50, M|100/100
|switch|p1b: Porygon2|Porygon2, L50|100/100
|switch|p2a: Annihilape|Annihilape, L50, F|100/100
|switch|p2b: Adr. & Adr.|Weezing, L50, M|100/100
|-ability|p2b: Adr. & Adr.|Neutralizing Gas
|turn|1
|inactive|sudoz has 30 seconds left.
|
|t:|1756238023
|move|p1a: Hydreigon|Draco Meteor|p2b: Adr. & Adr.
|-damage|p2b: Adr. & Adr.|37/100
|-unboost|p1a: Hydreigon|spa|2
|-enditem|p2b: Adr. & Adr.|Sitrus Berry|[eat]
|-heal|p2b: Adr. & Adr.|62/100|[from] item: Sitrus Berry
|move|p2a: Annihilape|Bulk Up|p2a: Annihilape
|-boost|p2a: Annihilape|atk|1
|-boost|p2a: Annihilape|def|1
|move|p2b: Adr. & Adr.|Taunt|p1b: Porygon2
|-start|p1b: Porygon2|move: Taunt
|move|p1b: Porygon2|Tera Blast|p2b: Adr. & Adr.
|-damage|p2b: Adr. & Adr.|27/100
|
|upkeep
|turn|2
|
|t:|1756238043
|switch|p1a: Amoonguss|Amoonguss, L50, F|100/100
|move|p2b: Adr. & Adr.|Protect|p2b: Adr. & Adr.
|-singleturn|p2b: Adr. & Adr.|Protect
|move|p2a: Annihilape|Drain Punch|p1a: Amoonguss
|-resisted|p1a: Amoonguss
|-damage|p1a: Amoonguss|78/100
|-damage|p2a: Annihilape|84/100|[from] item: Rocky Helmet|[of] p1a: Amoonguss
|move|p1b: Porygon2|Tera Blast|p2b: Adr. & Adr.
|-activate|p2b: Adr. & Adr.|move: Protect
|
|-heal|p2a: Annihilape|90/100|[from] item: Leftovers
|upkeep
|turn|3
|
|t:|1756238057
|move|p2a: Annihilape|Drain Punch|p1b: Porygon2
|-supereffective|p1b: Porygon2
|-damage|p1b: Porygon2|29/100
|-heal|p2a: Annihilape|100/100|[from] drain|[of] p1b: Porygon2
|move|p2b: Adr. & Adr.|Taunt|p1a: Amoonguss
|-start|p1a: Amoonguss|move: Taunt
|move|p1b: Porygon2|Tera Blast|p2b: Adr. & Adr.
|-damage|p2b: Adr. & Adr.|0 fnt
|faint|p2b: Adr. & Adr.
|-end|p2b: Adr. & Adr.|ability: Neutralizing Gas
|-ability|p1b: Porygon2|Download|boost
|-boost|p1b: Porygon2|spa|1
|cant|p1a: Amoonguss|move: Taunt|Spore
|
|-end|p1b: Porygon2|move: Taunt
|upkeep
|
|t:|1756238069
|switch|p2b: gbombsz|Toedscruel, L50, F|100/100
|turn|4
|inactive|sudoz has 30 seconds left.
|
|t:|1756238102
|-terastallize|p1b: Porygon2|Fighting
|move|p2b: gbombsz|Earth Power|p1b: Porygon2
|-damage|p1b: Porygon2|0 fnt
|faint|p1b: Porygon2
|-damage|p2b: gbombsz|91/100|[from] item: Life Orb
|move|p2a: Annihilape|Drain Punch|p1a: Amoonguss
|-resisted|p1a: Amoonguss
|-damage|p1a: Amoonguss|55/100
|-damage|p2a: Annihilape|84/100|[from] item: Rocky Helmet|[of] p1a: Amoonguss
|move|p1a: Amoonguss|Pollen Puff|p2b: gbombsz
|-supereffective|p2b: gbombsz
|-damage|p2b: gbombsz|51/100
|
|-heal|p2a: Annihilape|90/100|[from] item: Leftovers
|upkeep
|
|t:|1756238119
|switch|p1b: Hydreigon|Hydreigon, L50, M|100/100
|turn|5
|
|t:|1756238141
|switch|p2b: Incineroar|Incineroar, L50, F|100/100
|-ability|p2b: Incineroar|Intimidate|boost
|-unboost|p1a: Amoonguss|atk|1
|-unboost|p1b: Hydreigon|atk|1
|move|p1b: Hydreigon|Draco Meteor|p2a: Annihilape
|-damage|p2a: Annihilape|38/100
|-unboost|p1b: Hydreigon|spa|2
|move|p2a: Annihilape|Drain Punch|p1b: Hydreigon
|-supereffective|p1b: Hydreigon
|-damage|p1b: Hydreigon|0 fnt
|-heal|p2a: Annihilape|82/100|[from] drain|[of] p1b: Hydreigon
|faint|p1b: Hydreigon
|move|p1a: Amoonguss|Pollen Puff|p2b: Incineroar
|-damage|p2b: Incineroar|87/100
|
|-heal|p2a: Annihilape|88/100|[from] item: Leftovers
|-end|p1a: Amoonguss|move: Taunt
|upkeep
|-message|sudoz forfeited.
|
|win|PTP_VGC
||sudoz is ready for game 2.
||PTP_VGC is ready for game 2.
|uhtml|next|Next: Game 2 of 3
