|j|☆mahmf2
|j|☆ZACKSNAIDER
|html|mahmf2ZACKSNAIDER    
|uhtml|bestof|Game 3 of a best-of-3
|t:|1782690040
|gametype|doubles
|player|p1|mahmf2|266|1103
|player|p2|ZACKSNAIDER|266|1130
|gen|9
|tier|[Gen 9 Champions] VGC 2026 Reg M-B (Bo3)
|rated|
|rule|Species Clause: Limit one of each Pokémon
|rule|Item Clause: Limit 1 of each item
|clearpoke
|poke|p1|Staraptor, L50, M|
|poke|p1|Hydreigon, L50, F|
|poke|p1|Whimsicott, L50, F|
|poke|p1|Archaludon, L50, M|
|poke|p1|Milotic, L50, F|
|poke|p1|Incineroar, L50, F|
|poke|p2|Sneasler, L50, F|
|poke|p2|Farigiraf, L50, M|
|poke|p2|Tyranitar, L50, M|
|poke|p2|Houndstone, L50, F|
|poke|p2|Volcarona, L50, F|
|poke|p2|Maushold-Four, L50|
|teampreview|4
|showteam|p1|Staraptor||Staraptite|Intimidate|CloseCombat,BraveBird,Protect,Roost|Adamant||M|||50|]Hydreigon||LifeOrb|Levitate|DarkPulse,DracoMeteor,Protect,FlashCannon|Modest||F|||50|]Whimsicott||FocusSash|Prankster|Tailwind,Tickle,Protect,Moonblast|Modest||F|||50|]Archaludon||Leftovers|Stamina|DracoMeteor,ElectroShot,Protect,FlashCannon|Modest||M|||50|]Milotic||SitrusBerry|Competitive|RainDance,Scald,LifeDew,Haze|Bold||F|||50|]Incineroar||MentalHerb|Intimidate|PartingShot,FlareBlitz,ThroatChop,FakeOut|Adamant||F|||50|
|showteam|p2|Sneasler||FocusSash|PoisonTouch|CloseCombat,DireClaw,Protect,FakeOut|Jolly||F|||50|]Farigiraf||SitrusBerry|ArmorTail|Psychic,Imprison,TrickRoom,Protect|Modest||M|||50|]Tyranitar||Tyranitarite|SandStream|RockSlide,KnockOff,Protect,DragonDance|Jolly||M|||50|]Houndstone||SpellTag|SandRush|LastRespects,ShadowSneak,BodyPress,StompingTantrum|Adamant||F|||50|]Volcarona||ExpertBelt|FlameBody|HeatWave,GigaDrain,QuiverDance,Protect|Modest||F|||50|]Maushold-Four||WideLens|FriendGuard|FollowMe,HelpingHand,PopulationBomb,Taunt|Jolly|||||50|
|
|t:|1782690061
|teamsize|p1|4
|teamsize|p2|4
|start
|switch|p1a: Staraptor|Staraptor, L50, M|100/100
|switch|p1b: Whimsicott|Whimsicott, L50, F|100/100
|switch|p2a: Maushold|Maushold-Four, L50|100/100
|switch|p2b: Volcarona|Volcarona, L50, F|100/100
|-ability|p1a: Staraptor|Intimidate|boost
|-unboost|p2a: Maushold|atk|1
|-unboost|p2b: Volcarona|atk|1
|turn|1
|
|t:|1782690085
|detailschange|p1a: Staraptor|Staraptor-Mega, L50, M
|-mega|p1a: Staraptor|Staraptor|Staraptite
|move|p2a: Maushold|Follow Me|p2a: Maushold
|-singleturn|p2a: Maushold|move: Follow Me
|move|p1b: Whimsicott|Tailwind|p1b: Whimsicott
|-sidestart|p1: mahmf2|move: Tailwind
|move|p1a: Staraptor|Close Combat|p2a: Maushold
|-supereffective|p2a: Maushold|1
|-damage|p2a: Maushold|0 fnt
|-boost|p1a: Staraptor|def|1
|-boost|p1a: Staraptor|spd|1
|faint|p2a: Maushold
|move|p2b: Volcarona|Heat Wave|p1a: Staraptor|[spread] p1a,p1b
|-supereffective|p1b: Whimsicott|1
|-damage|p1a: Staraptor|70/100
|-enditem|p1b: Whimsicott|Focus Sash
|-damage|p1b: Whimsicott|1/100
|
|upkeep
|
|t:|1782690101
|switch|p2a: Sneasler|Sneasler, L50, F|100/100
|turn|2
|
|t:|1782690109
|switch|p1b: Hydreigon|Hydreigon, L50, F|100/100
|move|p2a: Sneasler|Fake Out|p1a: Staraptor
|-damage|p1a: Staraptor|60/100
|cant|p1a: Staraptor|flinch
|move|p2b: Volcarona|Heat Wave|p1a: Staraptor|[spread] p1a,p1b
|-resisted|p1b: Hydreigon|1
|-damage|p1a: Staraptor|29/100
|-damage|p1b: Hydreigon|78/100
|
|upkeep
|turn|3
|
|t:|1782690128
|move|p1b: Hydreigon|Draco Meteor|p2b: Volcarona
|-damage|p2b: Volcarona|2/100
|-unboost|p1b: Hydreigon|spa|2
|-damage|p1b: Hydreigon|68/100|[from] item: Life Orb
|move|p1a: Staraptor|Close Combat|p2a: Sneasler
|-resisted|p2a: Sneasler|1
|-damage|p2a: Sneasler|40/100
|-boost|p1a: Staraptor|def|1
|-boost|p1a: Staraptor|spd|1
|move|p2a: Sneasler|Close Combat|p1b: Hydreigon
|-supereffective|p1b: Hydreigon|1
|-crit|p1b: Hydreigon
|-damage|p1b: Hydreigon|0 fnt
|-unboost|p2a: Sneasler|def|1
|-unboost|p2a: Sneasler|spd|1
|faint|p1b: Hydreigon
|move|p2b: Volcarona|Heat Wave|p1a: Staraptor
|-damage|p1a: Staraptor|0 fnt
|faint|p1a: Staraptor
|
|upkeep
|
|t:|1782690150
|switch|p1b: Milotic|Milotic, L50, F|100/100
|switch|p1a: Whimsicott|Whimsicott, L50, F|1/100
|turn|4
|
|t:|1782690173
|move|p1a: Whimsicott|Protect|p1a: Whimsicott
|-singleturn|p1a: Whimsicott|Protect
|move|p2a: Sneasler|Protect|p2a: Sneasler
|-singleturn|p2a: Sneasler|Protect
|move|p2b: Volcarona|Protect|p2b: Volcarona
|-singleturn|p2b: Volcarona|Protect
|move|p1b: Milotic|Rain Dance|p1b: Milotic
|-weather|RainDance
|
|-weather|RainDance|[upkeep]
|-sideend|p1: mahmf2|move: Tailwind
|upkeep
|turn|5
|
|t:|1782690191
|move|p1a: Whimsicott|Tailwind|p1a: Whimsicott
|-sidestart|p1: mahmf2|move: Tailwind
|move|p1b: Milotic|Scald|p2b: Volcarona
|-supereffective|p2b: Volcarona|1
|-damage|p2b: Volcarona|0 fnt
|faint|p2b: Volcarona
|move|p2a: Sneasler|Dire Claw|p1a: Whimsicott
|-supereffective|p1a: Whimsicott|2
|-damage|p1a: Whimsicott|0 fnt
|faint|p1a: Whimsicott
|
|-weather|RainDance|[upkeep]
|upkeep
|
|t:|1782690202
|switch|p2b: Farigiraf|Farigiraf, L50, M|100/100
|turn|6
|
|t:|1782690211
|move|p2a: Sneasler|Protect|p2a: Sneasler
|-singleturn|p2a: Sneasler|Protect
|move|p1b: Milotic|Scald|p2a: Sneasler
|-activate|p2a: Sneasler|move: Protect
|move|p2b: Farigiraf|Trick Room|p2b: Farigiraf
|-fieldstart|move: Trick Room|[of] p2b: Farigiraf
|
|-weather|RainDance|[upkeep]
|upkeep
|turn|7
|
|t:|1782690224
|move|p2b: Farigiraf|Psychic|p1b: Milotic
|-damage|p1b: Milotic|70/100
|move|p2a: Sneasler|Dire Claw|p1b: Milotic
|-damage|p1b: Milotic|35/100
|-enditem|p1b: Milotic|Sitrus Berry|[eat]
|-heal|p1b: Milotic|60/100|[from] item: Sitrus Berry
|move|p1b: Milotic|Scald|p2a: Sneasler
|-damage|p2a: Sneasler|0 fnt
|faint|p2a: Sneasler
|
|-weather|RainDance|[upkeep]
|upkeep
|turn|8
|
|t:|1782690246
|move|p2b: Farigiraf|Protect|p2b: Farigiraf
|-singleturn|p2b: Farigiraf|Protect
|move|p1b: Milotic|Life Dew|p1b: Milotic
|-heal|p1b: Milotic|85/100
|
|-weather|none
|-sideend|p1: mahmf2|move: Tailwind
|upkeep
|turn|9
|
|t:|1782690259
|move|p2b: Farigiraf|Psychic|p1b: Milotic
|-damage|p1b: Milotic|56/100
|move|p1b: Milotic|Scald|p2b: Farigiraf
|-damage|p2b: Farigiraf|72/100
|
|upkeep
|turn|10
|
|t:|1782690270
|move|p2b: Farigiraf|Psychic|p1b: Milotic
|-damage|p1b: Milotic|27/100
|move|p1b: Milotic|Life Dew|p1b: Milotic
|-heal|p1b: Milotic|52/100
|
|-fieldend|move: Trick Room
|upkeep
|turn|11
|
|t:|1782690290
|move|p1b: Milotic|Life Dew|p1b: Milotic
|-heal|p1b: Milotic|77/100
|move|p2b: Farigiraf|Trick Room|p2b: Farigiraf
|-fieldstart|move: Trick Room|[of] p2b: Farigiraf
|
|upkeep
|turn|12
|
|t:|1782690301
|move|p2b: Farigiraf|Psychic|p1b: Milotic
|-damage|p1b: Milotic|49/100
|move|p1b: Milotic|Scald|p2b: Farigiraf
|-crit|p2b: Farigiraf
|-damage|p2b: Farigiraf|32/100
|-enditem|p2b: Farigiraf|Sitrus Berry|[eat]
|-heal|p2b: Farigiraf|57/100|[from] item: Sitrus Berry
|
|upkeep
|turn|13
|
|t:|1782690312
|move|p2b: Farigiraf|Psychic|p1b: Milotic
|-damage|p1b: Milotic|22/100
|move|p1b: Milotic|Life Dew|p1b: Milotic
|-heal|p1b: Milotic|47/100
|
|upkeep
|turn|14
|
|t:|1782690321
|move|p2b: Farigiraf|Psychic|p1b: Milotic
|-damage|p1b: Milotic|18/100
|move|p1b: Milotic|Life Dew|p1b: Milotic
|-heal|p1b: Milotic|43/100
|
|upkeep
|turn|15
|
|t:|1782690331
|move|p2b: Farigiraf|Psychic|p1b: Milotic
|-damage|p1b: Milotic|17/100
|move|p1b: Milotic|Scald|p2b: Farigiraf
|-damage|p2b: Farigiraf|27/100
|
|-fieldend|move: Trick Room
|upkeep
|turn|16
|
|t:|1782690342
|move|p1b: Milotic|Scald|p2b: Farigiraf
|-damage|p2b: Farigiraf|0 fnt
|faint|p2b: Farigiraf
|
|win|mahmf2
|raw|mahmf2's rating: 1103 → 1130(+27 for winning)
|raw|ZACKSNAIDER's rating: 1130 → 1103(-27 for losing)
|c|☆ZACKSNAIDER|gg
|c|☆mahmf2|Gg
