|j|☆Yusuf3000
|j|☆KingK0opa
|html|Yusuf3000KingK0opa    
|uhtml|bestof|Game 3 of a best-of-3
|t:|1784746649
|gametype|doubles
|player|p1|Yusuf3000|waiter-gen4|
|player|p2|KingK0opa|bugsy|
|gen|9
|tier|[Gen 9 Champions] VGC 2026 Reg M-B (Bo3)
|rule|Species Clause: Limit one of each Pokémon
|rule|Item Clause: Limit 1 of each item
|clearpoke
|poke|p1|Blaziken, L50, F|
|poke|p1|Kingambit, L50, F|
|poke|p1|Basculegion, L50, M|
|poke|p1|Venusaur, L50, M|
|poke|p1|Lycanroc-Dusk, L50, F|
|poke|p1|Ninetales-Alola, L50, M|
|poke|p2|Chimecho, L50, F|
|poke|p2|Mudsdale, L50, F|
|poke|p2|Farigiraf, L50, M|
|poke|p2|Vivillon, L50, M|
|poke|p2|Vanilluxe, L50, M|
|poke|p2|Scrafty, L50, M|
|teampreview|4
|showteam|p1|Blaziken||Blazikenite|SpeedBoost|FlareBlitz,CloseCombat,Protect,RockSlide|Adamant||F|||50|]Kingambit||LifeOrb|Defiant|KowtowCleave,Protect,IronHead,SuckerPunch|Adamant||F|||50|]Basculegion||ChoiceScarf|Adaptability|WaveCrash,FlipTurn,LastRespects,AquaJet|Jolly||M|||50|]Venusaur||Venusaurite|Chlorophyll|SleepPowder,LeafStorm,SludgeBomb,Protect|Modest||M|||50|]Lycanroc-Dusk||FocusSash|ToughClaws|RockSlide,Accelerock,CloseCombat,Protect|Jolly||F|||50|]Ninetales-Alola||NeverMeltIce|SnowWarning|FreezeDry,Blizzard,Protect,Encore|Timid||M|||50|
|showteam|p2|Chimecho||Chimechite|Levitate|Psychic,FlashCannon,CalmMind,TrickRoom|Quiet||F|||50|]Mudsdale||LifeOrb|InnerFocus|Earthquake,HighHorsepower,RockSlide,HeavySlam|Brave||F|||50|]Farigiraf||SitrusBerry|ArmorTail|PsychicNoise,Thunderbolt,TrickRoom,Protect|Relaxed||M|||50|]Vivillon||FocusSash|CompoundEyes|Hurricane,SleepPowder,RagePowder,Protect|Timid||M|||50|]Vanilluxe||NeverMeltIce|SnowWarning|Blizzard,FreezeDry,IceShard,Protect|Quiet||M|||50|]Scrafty||Scraftinite|Intimidate|FakeOut,CloseCombat,Crunch,IronHead|Brave||M|||50|
|inactive|Battle timer is ON: inactive players will automatically lose when time's up. (requested by KingK0opa)
|inactive|KingK0opa has 60 seconds left.
|
|t:|1784746700
|teamsize|p1|4
|teamsize|p2|4
|start
|switch|p1a: Basculegion|Basculegion, L50, M|100/100
|switch|p1b: Kingambit|Kingambit, L50, F|100/100
|switch|p2a: Farigiraf|Farigiraf, L50, M|100/100
|switch|p2b: Scrafty|Scrafty, L50, M|100/100
|-ability|p2b: Scrafty|Intimidate|boost
|-unboost|p1a: Basculegion|atk|1
|-unboost|p1b: Kingambit|atk|1
|-ability|p1b: Kingambit|Defiant|boost
|-boost|p1b: Kingambit|atk|2
|turn|1
|
|t:|1784746710
|move|p2b: Scrafty|Fake Out|p1b: Kingambit
|-resisted|p1b: Kingambit|1
|-damage|p1b: Kingambit|94/100
|move|p1a: Basculegion|Flip Turn|p2b: Scrafty
|-damage|p2b: Scrafty|75/100
|
|t:|1784746717
|switch|p1a: Venusaur|Venusaur, L50, M|100/100|[from] Flip Turn
|cant|p1b: Kingambit|flinch
|move|p2a: Farigiraf|Trick Room|p2a: Farigiraf
|-fieldstart|move: Trick Room|[of] p2a: Farigiraf
|
|upkeep
|turn|2
|
|t:|1784746740
|detailschange|p1a: Venusaur|Venusaur-Mega, L50, M
|-mega|p1a: Venusaur|Venusaur|Venusaurite
|move|p1b: Kingambit|Protect|p1b: Kingambit
|-singleturn|p1b: Kingambit|Protect
|move|p1a: Venusaur|Protect|p1a: Venusaur
|-singleturn|p1a: Venusaur|Protect
|move|p2b: Scrafty|Crunch|p1a: Venusaur
|-activate|p1a: Venusaur|move: Protect
|move|p2a: Farigiraf|Psychic Noise|p1a: Venusaur
|-activate|p1a: Venusaur|move: Protect
|
|upkeep
|turn|3
|
|t:|1784746765
|switch|p1a: Lycanroc|Lycanroc-Dusk, L50, F|100/100
|move|p2b: Scrafty|Close Combat|p1b: Kingambit
|-supereffective|p1b: Kingambit|2
|-damage|p1b: Kingambit|0 fnt
|-unboost|p2b: Scrafty|def|1
|-unboost|p2b: Scrafty|spd|1
|faint|p1b: Kingambit
|move|p2a: Farigiraf|Psychic Noise|p1a: Lycanroc
|-damage|p1a: Lycanroc|55/100
|-start|p1a: Lycanroc|move: Heal Block
|
|upkeep
|
|t:|1784746772
|switch|p1b: Venusaur|Venusaur-Mega, L50, M|100/100
|turn|4
|
|t:|1784746784
|switch|p2b: Mudsdale|Mudsdale, L50, F|100/100
|move|p1a: Lycanroc|Protect|p1a: Lycanroc
|-singleturn|p1a: Lycanroc|Protect
|move|p2a: Farigiraf|Psychic Noise|p1b: Venusaur
|-supereffective|p1b: Venusaur|1
|-damage|p1b: Venusaur|55/100
|-start|p1b: Venusaur|move: Heal Block
|move|p1b: Venusaur|Sleep Powder|p2a: Farigiraf
|-status|p2a: Farigiraf|slp|[from] move: Sleep Powder
|
|-end|p1a: Lycanroc|move: Heal Block
|upkeep
|turn|5
|
|t:|1784746801
|switch|p2a: Chimecho|Chimecho, L50, F|100/100
|switch|p1a: Basculegion|Basculegion, L50, M|100/100
|move|p2b: Mudsdale|Earthquake|p1a: Basculegion|[spread] p1a,p1b
|-immune|p2a: Chimecho|[from] ability: Levitate
|-crit|p1a: Basculegion
|-damage|p1a: Basculegion|0 fnt
|-damage|p1b: Venusaur|11/100
|faint|p1a: Basculegion
|-damage|p2b: Mudsdale|90/100|[from] item: Life Orb
|move|p1b: Venusaur|Leaf Storm|p2b: Mudsdale|[miss]
|-miss|p1b: Venusaur|p2b: Mudsdale
|
|-end|p1b: Venusaur|move: Heal Block
|-fieldend|move: Trick Room
|upkeep
|-message|Yusuf3000 forfeited.
|
|win|KingK0opa
|l|☆Yusuf3000
|player|p1|
|c|☆KingK0opa|unfort rng
