|j|☆PixelJaguar
|j|☆caevz027
|html|PixelJaguarcaevz027    
|uhtml|bestof|Game 2 of a best-of-3
|t:|1785962323
|gametype|doubles
|player|p1|PixelJaguar|1|1121
|player|p2|caevz027|1|1120
|gen|9
|tier|[Gen 9 Champions] VGC 2026 Reg M-B (Bo3)
|rated|
|rule|Species Clause: Limit one of each Pokémon
|rule|Item Clause: Limit 1 of each item
|clearpoke
|poke|p1|Whimsicott, L50, M|
|poke|p1|Staraptor, L50, M|
|poke|p1|Garchomp, L50, M|
|poke|p1|Ceruledge, L50, M|
|poke|p1|Metagross, L50|
|poke|p1|Farigiraf, L50, F|
|poke|p2|Charizard, L50, M|
|poke|p2|Whimsicott, L50, F|
|poke|p2|Farigiraf, L50, F|
|poke|p2|Sneasler, L50, F|
|poke|p2|Kingambit, L50, M|
|poke|p2|Garchomp, L50, M|
|teampreview|4
|showteam|p1|Whimsicott||FocusSash|Prankster|Encore,Tailwind,Moonblast,Charm|Timid||M|||50|]Staraptor||Staraptite|Intimidate|Protect,CloseCombat,BraveBird,Roost|Jolly||M|||50|]Garchomp||LifeOrb|RoughSkin|Protect,RockSlide,Earthquake,DragonClaw|Jolly||M|||50|]Ceruledge||ColburBerry|FlashFire|Protect,BitterBlade,BulkUp,ShadowSneak|Adamant||M|||50|]Metagross||Metagrossite|ClearBody|Protect,StompingTantrum,IronHead,PsychicFangs|Adamant|||||50|]Farigiraf||SitrusBerry|ArmorTail|HelpingHand,TrickRoom,Psychic,Thunderbolt|Calm||F|||50|
|showteam|p2|Charizard||CharizarditeY|SolarPower|HeatWave,Protect,WeatherBall,SolarBeam|Modest||M|||50|]Whimsicott||FocusSash|Prankster|Encore,Moonblast,Tailwind,SunnyDay|Timid||F|||50|]Farigiraf||SitrusBerry|ArmorTail|Thunderbolt,Psychic,TrickRoom,HelpingHand|Modest||F|||50|]Sneasler||WhiteHerb|Unburden|FakeOut,DireClaw,CloseCombat,Protect|Adamant||F|||50|]Kingambit||ChopleBerry|Defiant|KowtowCleave,LowKick,SuckerPunch,IronHead|Adamant||M|||50|]Garchomp||LifeOrb|RoughSkin|RockSlide,Earthquake,DragonClaw,Protect|Jolly||M|||50|
|inactive|Battle timer is ON: inactive players will automatically lose when time's up. (requested by caevz027)
|
|t:|1785962357
|teamsize|p1|4
|teamsize|p2|4
|start
|switch|p1a: Farigiraf|Farigiraf, L50, F|100/100
|switch|p1b: Staraptor|Staraptor, L50, M|100/100
|switch|p2a: Farigiraf|Farigiraf, L50, F|100/100
|switch|p2b: Charizard|Charizard, L50, M|100/100
|-ability|p1b: Staraptor|Intimidate|boost
|-unboost|p2a: Farigiraf|atk|1
|-unboost|p2b: Charizard|atk|1
|turn|1
|inactive|PixelJaguar has 30 seconds left.
|inactive|caevz027 has 30 seconds left.
|inactive|caevz027 has 20 seconds left.
|
|t:|1785962392
|switch|p1b: Ceruledge|Ceruledge, L50, M|100/100
|detailschange|p2b: Charizard|Charizard-Mega-Y, L50, M
|-mega|p2b: Charizard|Charizard|Charizardite Y
|-weather|SunnyDay|[from] ability: Drought|[of] p2b: Charizard
|move|p2b: Charizard|Weather Ball|p1a: Farigiraf
|-damage|p1a: Farigiraf|30/100
|-enditem|p1a: Farigiraf|Sitrus Berry|[eat]
|-heal|p1a: Farigiraf|55/100|[from] item: Sitrus Berry
|move|p1a: Farigiraf|Thunderbolt|p2b: Charizard
|-supereffective|p2b: Charizard|1
|-damage|p2b: Charizard|63/100
|move|p2a: Farigiraf|Psychic|p1b: Ceruledge
|-damage|p1b: Ceruledge|61/100
|
|-weather|SunnyDay|[upkeep]
|upkeep
|turn|2
|inactive|PixelJaguar has 30 seconds left.
|
|t:|1785962423
|move|p2b: Charizard|Weather Ball|p1a: Farigiraf
|-damage|p1a: Farigiraf|0 fnt
|faint|p1a: Farigiraf
|move|p1b: Ceruledge|Bitter Blade|p2b: Charizard
|-resisted|p2b: Charizard|1
|-damage|p2b: Charizard|18/100
|-heal|p1b: Ceruledge|89/100|[from] drain|[of] p2b: Charizard
|move|p2a: Farigiraf|Psychic|p1b: Ceruledge
|-damage|p1b: Ceruledge|53/100
|
|-weather|SunnyDay|[upkeep]
|upkeep
|
|t:|1785962437
|switch|p1a: Garchomp|Garchomp, L50, M|100/100
|turn|3
|
|t:|1785962444
|switch|p2b: Kingambit|Kingambit, L50, M|100/100
|move|p1a: Garchomp|Rock Slide|p2a: Farigiraf|[spread] p2a,p2b
|-resisted|p2b: Kingambit|1
|-damage|p2a: Farigiraf|75/100
|-damage|p2b: Kingambit|91/100
|-damage|p1a: Garchomp|90/100|[from] item: Life Orb
|move|p1b: Ceruledge|Bitter Blade|p2b: Kingambit
|-supereffective|p2b: Kingambit|1
|-damage|p2b: Kingambit|0 fnt
|-heal|p1b: Ceruledge|100/100|[from] drain|[of] p2b: Kingambit
|faint|p2b: Kingambit
|move|p2a: Farigiraf|Trick Room|p2a: Farigiraf
|-fieldstart|move: Trick Room|[of] p2a: Farigiraf
|
|-weather|SunnyDay|[upkeep]
|upkeep
|
|t:|1785962457
|switch|p2b: Garchomp|Garchomp, L50, M|100/100
|turn|4
|
|t:|1785962474
|move|p2a: Farigiraf|Psychic|p1b: Ceruledge
|-damage|p1b: Ceruledge|58/100
|move|p1b: Ceruledge|Bitter Blade|p2a: Farigiraf
|-damage|p2a: Farigiraf|7/100
|-heal|p1b: Ceruledge|100/100|[from] drain|[of] p2a: Farigiraf
|-enditem|p2a: Farigiraf|Sitrus Berry|[eat]
|-heal|p2a: Farigiraf|32/100|[from] item: Sitrus Berry
|move|p2b: Garchomp|Dragon Claw|p1a: Garchomp
|-supereffective|p1a: Garchomp|1
|-damage|p1a: Garchomp|0 fnt
|-damage|p2b: Garchomp|87/100|[from] ability: Rough Skin|[of] p1a: Garchomp
|faint|p1a: Garchomp
|-damage|p2b: Garchomp|77/100|[from] item: Life Orb
|
|-weather|SunnyDay|[upkeep]
|upkeep
|
|t:|1785962489
|switch|p1a: Staraptor|Staraptor, L50, M|100/100
|-ability|p1a: Staraptor|Intimidate|boost
|-unboost|p2a: Farigiraf|atk|1
|-unboost|p2b: Garchomp|atk|1
|turn|5
|
|t:|1785962500
|detailschange|p1a: Staraptor|Staraptor-Mega, L50, M
|-mega|p1a: Staraptor|Staraptor|Staraptite
|move|p2a: Farigiraf|Helping Hand|p2b: Garchomp
|-singleturn|p2b: Garchomp|Helping Hand|[of] p2a: Farigiraf
|move|p1a: Staraptor|Protect|p1a: Staraptor
|-singleturn|p1a: Staraptor|Protect
|move|p1b: Ceruledge|Bitter Blade|p2a: Farigiraf
|-damage|p2a: Farigiraf|0 fnt
|faint|p2a: Farigiraf
|move|p2b: Garchomp|Rock Slide|p1b: Ceruledge|[spread] p1b
|-activate|p1a: Staraptor|move: Protect
|-supereffective|p1b: Ceruledge|1
|-damage|p1b: Ceruledge|27/100
|-damage|p2b: Garchomp|68/100|[from] item: Life Orb
|
|-weather|none
|upkeep
|
|t:|1785962515
|switch|p2a: Charizard|Charizard-Mega-Y, L50, M|18/100
|-weather|SunnyDay|[from] ability: Drought|[of] p2a: Charizard
|turn|6
|
|t:|1785962533
|move|p2a: Charizard|Protect|p2a: Charizard
|-singleturn|p2a: Charizard|Protect
|move|p1b: Ceruledge|Bitter Blade|p2a: Charizard
|-activate|p2a: Charizard|move: Protect
|move|p2b: Garchomp|Rock Slide|p1a: Staraptor|[spread] p1a,p1b
|-supereffective|p1b: Ceruledge|1
|-damage|p1a: Staraptor|80/100
|-damage|p1b: Ceruledge|0 fnt
|faint|p1b: Ceruledge
|-damage|p2b: Garchomp|58/100|[from] item: Life Orb
|move|p1a: Staraptor|Close Combat|p2b: Garchomp
|-damage|p2b: Garchomp|0 fnt
|-boost|p1a: Staraptor|def|1
|-boost|p1a: Staraptor|spd|1
|-damage|p1a: Staraptor|68/100|[from] ability: Rough Skin|[of] p2b: Garchomp
|faint|p2b: Garchomp
|
|-weather|SunnyDay|[upkeep]
|upkeep
|turn|7
|
|t:|1785962551
|move|p2a: Charizard|Weather Ball|p1a: Staraptor
|-damage|p1a: Staraptor|0 fnt
|faint|p1a: Staraptor
|
|win|caevz027
