|j|☆Lyon Grey
|j|☆stewiie25
|html|Lyon Greystewiie25    
|uhtml|bestof|Game 3 of a best-of-3
|t:|1757927231
|gametype|doubles
|player|p1|Lyon Grey|170|1049
|player|p2|stewiie25|169|1081
|gen|9
|tier|[Gen 9] VGC 2025 Reg H (Bo3)
|rated|
|rule|Species Clause: Limit one of each Pokémon
|rule|Item Clause: Limit 1 of each item
|clearpoke
|poke|p1|Kingambit, L50, F|
|poke|p1|Dragonite, L50, F|
|poke|p1|Rillaboom, L50, M|
|poke|p1|Pelipper, L50, M|
|poke|p1|Archaludon, L50, M|
|poke|p1|Ursaluna-Bloodmoon, L50, M|
|poke|p2|Meowscarada, L50, M|
|poke|p2|Baxcalibur, L50, F|
|poke|p2|Gholdengo, L50|
|poke|p2|Garganacl, L50, F|
|poke|p2|Tauros-Paldea-Aqua, L50, M|
|poke|p2|Mimikyu, L50, M|
|teampreview|4
|showteam|p1|Kingambit||BlackGlasses|SupremeOverlord|Protect,SwordsDance,KowtowCleave,SuckerPunch|||F|||50|,,,,,Ghost]Dragonite||ClearAmulet|Multiscale|DragonClaw,ExtremeSpeed,DragonDance,Tailwind|||F|||50|,,,,,Normal]Rillaboom||MiracleSeed|GrassySurge|WoodHammer,GrassyGlide,HighHorsepower,FakeOut|||M|||50|,,,,,Fire]Pelipper||FocusSash|Drizzle|Hurricane,WeatherBall,Tailwind,Soak|||M|||50|,,,,,Ghost]Archaludon||PowerHerb|Stamina|Protect,DracoMeteor,ElectroShot,FlashCannon|||M|||50|,,,,,Flying]Ursaluna-Bloodmoon||AssaultVest|MindsEye|HyperVoice,BloodMoon,EarthPower,VacuumWave|||M|||50|,,,,,Normal
|showteam|p2|Meowscarada||FocusSash|Overgrow|Protect,FlowerTrick,SuckerPunch,KnockOff|||M|||50|,,,,,Grass]Baxcalibur||LoadedDice|ThermalExchange|Protect,IcicleSpear,IceShard,GlaiveRush|||F|||50|,,,,,Water]Gholdengo||ChoiceSpecs|GoodasGold|MakeItRain,FocusBlast,PowerGem,ShadowBall||||||50|,,,,,Steel]Garganacl||Leftovers|PurifyingSalt|Protect,WideGuard,SaltCure,Recover|||F|||50|,,,,,Poison]Tauros-Paldea-Aqua||SitrusBerry|Intimidate|Protect,AquaJet,WaveCrash,CloseCombat|||M|||50|,,,,,Fighting]Mimikyu||LifeOrb|Disguise|Protect,ShadowClaw,ShadowSneak,PlayRough|||M|||50|,,,,,Ghost
|inactive|Battle timer is ON: inactive players will automatically lose when time's up. (requested by Lyon Grey)
|inactive|Lyon Grey has 60 seconds left.
|inactive|stewiie25 has 60 seconds left.
|
|t:|1757927291
|teamsize|p1|4
|teamsize|p2|4
|start
|switch|p1a: King Rook|Rillaboom, L50, M|100/100
|switch|p1b: Ursaluna|Ursaluna-Bloodmoon, L50, M|100/100
|switch|p2a: Mimikyu|Mimikyu, L50, M|100/100
|switch|p2b: Tauros|Tauros-Paldea-Aqua, L50, M|100/100
|-ability|p2b: Tauros|Intimidate|boost
|-unboost|p1a: King Rook|atk|1
|-unboost|p1b: Ursaluna|atk|1
|-fieldstart|move: Grassy Terrain|[from] ability: Grassy Surge|[of] p1a: King Rook
|turn|1
|inactive|Lyon Grey has 30 seconds left.
|
|t:|1757927328
|switch|p2b: Baxcalibur|Baxcalibur, L50, F|100/100
|move|p1a: King Rook|Fake Out|p2b: Baxcalibur
|-damage|p2b: Baxcalibur|93/100
|move|p2a: Mimikyu|Shadow Claw|p1b: Ursaluna
|-immune|p1b: Ursaluna
|move|p1b: Ursaluna|Hyper Voice|p2a: Mimikyu|[spread] p2a,p2b
|-activate|p2a: Mimikyu|ability: Disguise
|-damage|p2a: Mimikyu|100/100
|-damage|p2b: Baxcalibur|64/100
|detailschange|p2a: Mimikyu|Mimikyu-Busted, L50, M
|-damage|p2a: Mimikyu|88/100|[from] pokemon: Mimikyu-Busted
|
|-heal|p2a: Mimikyu|94/100|[from] Grassy Terrain
|-heal|p2b: Baxcalibur|70/100|[from] Grassy Terrain
|upkeep
|turn|2
|inactive|Lyon Grey has 30 seconds left.
|inactive|Lyon Grey has 20 seconds left.
|inactive|Lyon Grey has 15 seconds left.
|inactive|Lyon Grey has 10 seconds left.
|inactive|Lyon Grey has 5 seconds left.
|
|t:|1757927379
|switch|p1a: Archie|Archaludon, L50, M, shiny|100/100
|-terastallize|p1b: Ursaluna|Normal
|move|p2a: Mimikyu|Play Rough|p1b: Ursaluna
|-damage|p1b: Ursaluna|66/100
|-damage|p2a: Mimikyu|84/100|[from] item: Life Orb
|move|p2b: Baxcalibur|Glaive Rush|p1b: Ursaluna
|-damage|p1b: Ursaluna|20/100
|-singlemove|p2b: Baxcalibur|Glaive Rush|[silent]
|move|p1b: Ursaluna|Blood Moon|p2b: Baxcalibur
|-damage|p2b: Baxcalibur|0 fnt
|faint|p2b: Baxcalibur
|
|-heal|p2a: Mimikyu|90/100|[from] Grassy Terrain
|-heal|p1b: Ursaluna|27/100|[from] Grassy Terrain
|upkeep
|
|t:|1757927396
|switch|p2b: Tauros|Tauros-Paldea-Aqua, L50, M|100/100
|-ability|p2b: Tauros|Intimidate|boost
|-unboost|p1a: Archie|atk|1
|-unboost|p1b: Ursaluna|atk|1
|turn|3
|inactive|Lyon Grey has 30 seconds left.
|inactive|Lyon Grey has 20 seconds left.
|
|t:|1757927432
|move|p1b: Ursaluna|Vacuum Wave|p2b: Tauros
|-damage|p2b: Tauros|82/100
|move|p2a: Mimikyu|Play Rough|p1b: Ursaluna
|-damage|p1b: Ursaluna|0 fnt
|faint|p1b: Ursaluna
|-damage|p2a: Mimikyu|80/100|[from] item: Life Orb
|move|p2b: Tauros|Close Combat|p1a: Archie
|-supereffective|p1a: Archie
|-damage|p1a: Archie|26/100
|-unboost|p2b: Tauros|def|1
|-unboost|p2b: Tauros|spd|1
|-ability|p1a: Archie|Stamina|boost
|-boost|p1a: Archie|def|1
|move|p1a: Archie|Electro Shot||[still]
|-prepare|p1a: Archie|Electro Shot
|-boost|p1a: Archie|spa|1
|-enditem|p1a: Archie|Power Herb
|-anim|p1a: Archie|Electro Shot|p2b: Tauros
|-supereffective|p2b: Tauros
|-damage|p2b: Tauros|0 fnt
|faint|p2b: Tauros
|
|-heal|p2a: Mimikyu|86/100|[from] Grassy Terrain
|-heal|p1a: Archie|32/100|[from] Grassy Terrain
|upkeep
|inactive|Lyon Grey has 30 seconds left.
|
|t:|1757927462
|switch|p2b: Gholdengo|Gholdengo, L50|100/100
|switch|p1b: King Rook|Rillaboom, L50, M|100/100
|turn|4
|inactive|Lyon Grey has 30 seconds left.
|
|t:|1757927492
|move|p1a: Archie|Protect|p1a: Archie
|-singleturn|p1a: Archie|Protect
|move|p2a: Mimikyu|Play Rough|p1b: King Rook
|-damage|p1b: King Rook|53/100
|-damage|p2a: Mimikyu|76/100|[from] item: Life Orb
|move|p2b: Gholdengo|Make It Rain|p1b: King Rook|[spread] p1b
|-activate|p1a: Archie|move: Protect
|-damage|p1b: King Rook|0 fnt
|-unboost|p2b: Gholdengo|spa|1
|faint|p1b: King Rook
|
|-heal|p2a: Mimikyu|81/100|[from] Grassy Terrain
|-heal|p1a: Archie|38/100|[from] Grassy Terrain
|upkeep
|
|t:|1757927507
|switch|p1b: Pelipper|Pelipper, L50, M, shiny|100/100
|-weather|RainDance|[from] ability: Drizzle|[of] p1b: Pelipper
|turn|5
|
|t:|1757927530
|-terastallize|p2b: Gholdengo|Steel
|move|p2a: Mimikyu|Play Rough|p1b: Pelipper
|-damage|p1b: Pelipper|43/100
|-damage|p2a: Mimikyu|71/100|[from] item: Life Orb
|move|p2b: Gholdengo|Make It Rain|p1a: Archie|[spread] p1a,p1b
|-resisted|p1a: Archie
|-resisted|p1b: Pelipper
|-damage|p1a: Archie|5/100
|-damage|p1b: Pelipper|0 fnt
|-unboost|p2b: Gholdengo|spa|1
|-ability|p1a: Archie|Stamina|boost
|-boost|p1a: Archie|def|1
|faint|p1b: Pelipper
|move|p1a: Archie|Electro Shot||[still]
|-prepare|p1a: Archie|Electro Shot
|-boost|p1a: Archie|spa|1
|-anim|p1a: Archie|Electro Shot|p2b: Gholdengo
|-damage|p2b: Gholdengo|19/100
|
|-weather|RainDance|[upkeep]
|-heal|p2a: Mimikyu|77/100|[from] Grassy Terrain
|-heal|p2b: Gholdengo|25/100|[from] Grassy Terrain
|-heal|p1a: Archie|12/100|[from] Grassy Terrain
|-fieldend|move: Grassy Terrain
|upkeep
|turn|6
|
|t:|1757927552
|move|p1a: Archie|Protect|p1a: Archie
|-singleturn|p1a: Archie|Protect
|move|p2a: Mimikyu|Shadow Claw|p1a: Archie
|-activate|p1a: Archie|move: Protect
|move|p2b: Gholdengo|Make It Rain|p1a: Archie
|-activate|p1a: Archie|move: Protect
|
|-weather|RainDance|[upkeep]
|upkeep
|turn|7
|
|t:|1757927569
|move|p2a: Mimikyu|Shadow Claw|p1a: Archie
|-damage|p1a: Archie|0 fnt
|faint|p1a: Archie
|-damage|p2a: Mimikyu|67/100|[from] item: Life Orb
|
|win|stewiie25
|raw|Lyon Grey's rating: 1049 → 1033(-16 for losing)
|raw|stewiie25's rating: 1081 → 1106(+25 for winning)
|l|☆Lyon Grey
|player|p1|
|l|☆stewiie25
|player|p2|
