|j|☆SomeKidJon
|j|☆ferpshowdown
|html|SomeKidJonferpshowdown    
|uhtml|bestof|Game 2 of a best-of-3
|t:|1783184193
|gametype|doubles
|player|p1|SomeKidJon|scientistf|1251
|player|p2|ferpshowdown|lucas|1278
|gen|9
|tier|[Gen 9 Champions] VGC 2026 Reg M-B (Bo3)
|rated|
|rule|Species Clause: Limit one of each Pokémon
|rule|Item Clause: Limit 1 of each item
|clearpoke
|poke|p1|Camerupt, L50, M|
|poke|p1|Farigiraf, L50, F|
|poke|p1|Primarina, L50, M|
|poke|p1|Hatterene, L50, F|
|poke|p1|Lopunny, L50, F|
|poke|p1|Corviknight, L50, M|
|poke|p2|Charizard, L50, M|
|poke|p2|Garchomp, L50, M|
|poke|p2|Aerodactyl, L50, M|
|poke|p2|Farigiraf, L50, F|
|poke|p2|Kingambit, L50, M|
|poke|p2|Sylveon, L50, M|
|teampreview|4
|showteam|p1|Camerupt||Cameruptite|SolidRock|AncientPower,HeatWave,EarthPower,Protect|Quiet||M|||50|]Farigiraf||SitrusBerry|ArmorTail|Protect,HelpingHand,TrickRoom,DazzlingGleam|Bold||F|||50|]Primarina||Leftovers|LiquidVoice|HyperVoice,Protect,Moonblast,CalmMind|Modest||M|||50|]Hatterene||LifeOrb|MagicBounce|Psychic,Protect,DazzlingGleam,TrickRoom|Quiet||F|||50|]Lopunny||Lopunnite|Limber|FakeOut,CloseCombat,AfterYou,Uturn|Jolly||F|||50|]Corviknight||OccaBerry|MirrorArmor|BulkUp,IronHead,BraveBird,Roost|Careful||M|||50|
|showteam|p2|Charizard||CharizarditeY|Blaze|HeatWave,WeatherBall,SolarBeam,Protect|Modest||M|||50|]Garchomp||LifeOrb|RoughSkin|DragonClaw,Earthquake,RockSlide,Protect|Jolly||M|||50|]Aerodactyl||Aerodactylite|RockHead|RockSlide,DualWingbeat,IceFang,Tailwind|Jolly||M|||50|]Farigiraf||SitrusBerry|ArmorTail|Psychic,Thunderbolt,SunnyDay,TrickRoom|Bold||F|||50|]Kingambit||FocusSash|Defiant|KowtowCleave,IronHead,SuckerPunch,LowKick|Adamant||M|||50|]Sylveon||FairyFeather|Pixilate|HyperVoice,HyperBeam,QuickAttack,Protect|Modest||M|||50|
|
|t:|1783184244
|teamsize|p1|4
|teamsize|p2|4
|start
|switch|p1a: Lopunny|Lopunny, L50, F|100/100
|switch|p1b: Hatterene|Hatterene, L50, F|100/100
|switch|p2a: Aerodactyl|Aerodactyl, L50, M|100/100
|switch|p2b: Garchomp|Garchomp, L50, M|100/100
|turn|1
|
|t:|1783184270
|switch|p2b: Kingambit|Kingambit, L50, M|100/100
|detailschange|p2a: Aerodactyl|Aerodactyl-Mega, L50, M
|-mega|p2a: Aerodactyl|Aerodactyl|Aerodactylite
|detailschange|p1a: Lopunny|Lopunny-Mega, L50, F
|-mega|p1a: Lopunny|Lopunny|Lopunnite
|move|p1a: Lopunny|Fake Out|p2a: Aerodactyl
|-resisted|p2a: Aerodactyl|1
|-damage|p2a: Aerodactyl|87/100
|cant|p2a: Aerodactyl|flinch
|move|p1b: Hatterene|Dazzling Gleam|p2b: Kingambit|[spread] p2a,p2b
|-damage|p2a: Aerodactyl|40/100
|-damage|p2b: Kingambit|46/100
|-damage|p1b: Hatterene|90/100|[from] item: Life Orb
|
|upkeep
|turn|2
|
|t:|1783184286
|switch|p1a: Primarina|Primarina, L50, M|100/100
|move|p1b: Hatterene|Protect|p1b: Hatterene
|-singleturn|p1b: Hatterene|Protect
|move|p2a: Aerodactyl|Dual Wingbeat|p1a: Primarina
|-damage|p1a: Primarina|73/100
|-damage|p1a: Primarina|48/100
|-hitcount|p1a: Primarina|2
|move|p2b: Kingambit|Iron Head|p1b: Hatterene
|-activate|p1b: Hatterene|move: Protect
|
|-heal|p1a: Primarina|54/100|[from] item: Leftovers
|upkeep
|turn|3
|
|t:|1783184306
|switch|p1b: Camerupt|Camerupt, L50, M|100/100
|move|p2a: Aerodactyl|Dual Wingbeat|p1a: Primarina|[miss]
|-miss|p2a: Aerodactyl|p1a: Primarina
|move|p2b: Kingambit|Iron Head|p1b: Camerupt
|-resisted|p1b: Camerupt|1
|-damage|p1b: Camerupt|69/100
|move|p1a: Primarina|Hyper Voice|p2b: Kingambit|[spread] p2a,p2b
|-supereffective|p2a: Aerodactyl|1
|-damage|p2a: Aerodactyl|0 fnt
|-damage|p2b: Kingambit|9/100
|faint|p2a: Aerodactyl
|
|-heal|p1a: Primarina|59/100|[from] item: Leftovers
|upkeep
|
|t:|1783184339
|switch|p2a: Farigiraf|Farigiraf, L50, F|100/100
|turn|4
|
|t:|1783184361
|move|p2b: Kingambit|Sucker Punch|p1b: Camerupt
|-damage|p1b: Camerupt|15/100
|move|p2a: Farigiraf|Thunderbolt|p1a: Primarina
|-supereffective|p1a: Primarina|1
|-damage|p1a: Primarina|25/100
|move|p1a: Primarina|Hyper Voice|p2b: Kingambit|[spread] p2a,p2b
|-damage|p2a: Farigiraf|68/100
|-damage|p2b: Kingambit|0 fnt
|faint|p2b: Kingambit
|move|p1b: Camerupt|Earth Power|p2a: Farigiraf
|-damage|p2a: Farigiraf|23/100
|-enditem|p2a: Farigiraf|Sitrus Berry|[eat]
|-heal|p2a: Farigiraf|48/100|[from] item: Sitrus Berry
|
|-heal|p1a: Primarina|31/100|[from] item: Leftovers
|upkeep
|
|t:|1783184375
|switch|p2b: Garchomp|Garchomp, L50, M|100/100
|turn|5
|
|t:|1783184390
|move|p1a: Primarina|Protect|p1a: Primarina
|-singleturn|p1a: Primarina|Protect
|move|p2b: Garchomp|Rock Slide|p1a: Primarina|[spread] p1b
|-activate|p1a: Primarina|move: Protect
|-damage|p1b: Camerupt|0 fnt
|faint|p1b: Camerupt
|-damage|p2b: Garchomp|90/100|[from] item: Life Orb
|move|p2a: Farigiraf|Thunderbolt|p1a: Primarina
|-activate|p1a: Primarina|move: Protect
|
|-heal|p1a: Primarina|37/100|[from] item: Leftovers
|upkeep
|
|t:|1783184393
|switch|p1b: Lopunny|Lopunny-Mega, L50, F|100/100
|turn|6
|
|t:|1783184412
|move|p2b: Garchomp|Protect|p2b: Garchomp
|-singleturn|p2b: Garchomp|Protect
|move|p1b: Lopunny|Close Combat|p2a: Farigiraf
|-damage|p2a: Farigiraf|4/100
|-unboost|p1b: Lopunny|def|1
|-unboost|p1b: Lopunny|spd|1
|move|p1a: Primarina|Moonblast|p2b: Garchomp
|-activate|p2b: Garchomp|move: Protect
|move|p2a: Farigiraf|Thunderbolt|p1a: Primarina
|-supereffective|p1a: Primarina|1
|-damage|p1a: Primarina|4/100
|
|-heal|p1a: Primarina|10/100|[from] item: Leftovers
|upkeep
|turn|7
|
|t:|1783184431
|move|p1b: Lopunny|U-turn|p2a: Farigiraf
|-supereffective|p2a: Farigiraf|1
|-damage|p2a: Farigiraf|0 fnt
|faint|p2a: Farigiraf
|
|t:|1783184433
|switch|p1b: Hatterene|Hatterene, L50, F|90/100|[from] U-turn
|move|p2b: Garchomp|Earthquake|p1a: Primarina|[spread] p1a,p1b
|-damage|p1a: Primarina|0 fnt
|-damage|p1b: Hatterene|34/100
|faint|p1a: Primarina
|-damage|p2b: Garchomp|80/100|[from] item: Life Orb
|
|upkeep
|
|t:|1783184435
|switch|p1a: Lopunny|Lopunny-Mega, L50, F|100/100
|turn|8
|
|t:|1783184446
|move|p1a: Lopunny|Fake Out|p2b: Garchomp
|-crit|p2b: Garchomp
|-damage|p2b: Garchomp|48/100
|-damage|p1a: Lopunny|88/100|[from] ability: Rough Skin|[of] p2b: Garchomp
|cant|p2b: Garchomp|flinch
|move|p1b: Hatterene|Trick Room|p1b: Hatterene
|-fieldstart|move: Trick Room|[of] p1b: Hatterene
|
|upkeep
|turn|9
|
|t:|1783184454
|move|p1b: Hatterene|Dazzling Gleam|p2b: Garchomp
|-supereffective|p2b: Garchomp|1
|-damage|p2b: Garchomp|0 fnt
|faint|p2b: Garchomp
|-damage|p1b: Hatterene|25/100|[from] item: Life Orb
|
|win|SomeKidJon
||SomeKidJon is ready for game 3.
||ferpshowdown is ready for game 3.
|uhtml|next|Next: Game 3 of 3
