|j|☆andiom123
|j|☆spicy mcchikin
|html|andiom123spicy mcchikin    
|uhtml|bestof|Game 1 of a best-of-3
|t:|1784767502
|gametype|doubles
|player|p1|andiom123|red|1112
|player|p2|spicy mcchikin|palmer|1107
|gen|9
|tier|[Gen 9 Champions] VGC 2026 Reg M-B (Bo3)
|rated|
|rule|Species Clause: Limit one of each Pokémon
|rule|Item Clause: Limit 1 of each item
|clearpoke
|poke|p1|Incineroar, L50, M|
|poke|p1|Farigiraf, L50, F|
|poke|p1|Sylveon, L50, M|
|poke|p1|Torkoal, L50, M|
|poke|p1|Kangaskhan, L50, F|
|poke|p1|Mudsdale, L50, M|
|poke|p2|Charizard, L50, F|
|poke|p2|Garchomp, L50, F|
|poke|p2|Incineroar, L50, M|
|poke|p2|Venusaur, L50, M|
|poke|p2|Toxapex, L50, F|
|poke|p2|Annihilape, L50, F|
|teampreview|4
|showteam|p1|Incineroar||MuscleBand|Intimidate|ThroatChop,FlareBlitz,FakeOut,PartingShot|Brave||M|||50|]Farigiraf||SitrusBerry|ArmorTail|FoulPlay,PsychicNoise,TrickRoom,HelpingHand|Relaxed||F|||50|]Sylveon||FairyFeather|Pixilate|HyperVoice,HyperBeam,Yawn,Detect|Modest||M|||50|]Torkoal||Charcoal|Drought|Eruption,EarthPower,Flamethrower,Protect|Quiet||M|||50|]Kangaskhan||Kangaskhanite|Scrappy|DoubleEdge,FakeOut,IcePunch,HammerArm|Brave||F|||50|]Mudsdale||LifeOrb|InnerFocus|HighHorsepower,Earthquake,RockSlide,HeavySlam|Brave||M|||50|
|showteam|p2|Charizard||CharizarditeY|SolarPower|WeatherBall,HeatWave,HelpingHand,Protect|Modest||F|||50|]Garchomp||ChoiceScarf|RoughSkin|RockSlide,DragonClaw,Earthquake,StompingTantrum|Adamant||F|||50|]Incineroar||SitrusBerry|Intimidate|FlareBlitz,FakeOut,ThroatChop,PartingShot|Impish||M|||50|]Venusaur||LifeOrb|Chlorophyll|SludgeBomb,SolarBeam,EarthPower,Protect|Modest||M|||50|]Toxapex||Leftovers|Regenerator|Infestation,Toxic,WideGuard,BanefulBunker|Bold||F|||50|]Annihilape||FocusSash|Defiant|PhantomForce,CloseCombat,Protect,RockTomb|Jolly||F|||50|
|inactive|Battle timer is ON: inactive players will automatically lose when time's up. (requested by spicy mcchikin)
|inactive|spicy mcchikin has 60 seconds left.
|inactive|spicy mcchikin has 30 seconds left.
|
|t:|1784767568
|teamsize|p1|4
|teamsize|p2|4
|start
|switch|p1a: Farigiraf|Farigiraf, L50, F|100/100
|switch|p1b: Kangaskhan|Kangaskhan, L50, F|100/100
|switch|p2a: Charizard|Charizard, L50, F|100/100
|switch|p2b: Garchomp|Garchomp, L50, F|100/100
|turn|1
|
|t:|1784767590
|detailschange|p2a: Charizard|Charizard-Mega-Y, L50, F
|-mega|p2a: Charizard|Charizard|Charizardite Y
|-weather|SunnyDay|[from] ability: Drought|[of] p2a: Charizard
|detailschange|p1b: Kangaskhan|Kangaskhan-Mega, L50, F
|-mega|p1b: Kangaskhan|Kangaskhan|Kangaskhanite
|move|p2a: Charizard|Helping Hand|p2b: Garchomp
|-singleturn|p2b: Garchomp|Helping Hand|[of] p2a: Charizard
|move|p1b: Kangaskhan|Fake Out|p2a: Charizard
|-damage|p2a: Charizard|78/100
|-damage|p2a: Charizard|73/100
|-hitcount|p2a: Charizard|2
|move|p2b: Garchomp|Earthquake|p1b: Kangaskhan|[spread] p1a,p1b
|-immune|p2a: Charizard
|-damage|p1a: Farigiraf|54/100
|-damage|p1b: Kangaskhan|44/100
|move|p1a: Farigiraf|Trick Room|p1a: Farigiraf
|-fieldstart|move: Trick Room|[of] p1a: Farigiraf
|
|-weather|SunnyDay|[upkeep]
|upkeep
|turn|2
|inactive|spicy mcchikin has 30 seconds left.
|
|t:|1784767619
|switch|p2b: Incineroar|Incineroar, L50, M|100/100
|-ability|p2b: Incineroar|Intimidate|boost
|-unboost|p1a: Farigiraf|atk|1
|-unboost|p1b: Kangaskhan|atk|1
|move|p1a: Farigiraf|Psychic Noise|p2a: Charizard
|-damage|p2a: Charizard|49/100
|-start|p2a: Charizard|move: Heal Block
|move|p1b: Kangaskhan|Ice Punch|p2b: Incineroar
|-resisted|p2b: Incineroar|1
|-damage|p2b: Incineroar|92/100
|-resisted|p2b: Incineroar|1
|-damage|p2b: Incineroar|91/100
|-hitcount|p2b: Incineroar|2
|move|p2a: Charizard|Weather Ball|p1a: Farigiraf
|-damage|p1a: Farigiraf|0 fnt
|faint|p1a: Farigiraf
|
|-weather|SunnyDay|[upkeep]
|upkeep
|
|t:|1784767636
|switch|p1a: Mudsdale|Mudsdale, L50, M|100/100
|turn|3
|inactive|spicy mcchikin has 30 seconds left.
|
|t:|1784767662
|switch|p2a: Toxapex|Toxapex, L50, F|100/100
|move|p2b: Incineroar|Fake Out|p1b: Kangaskhan
|-damage|p1b: Kangaskhan|35/100
|move|p1a: Mudsdale|Rock Slide|p2b: Incineroar|[spread] p2a,p2b
|-supereffective|p2b: Incineroar|1
|-damage|p2a: Toxapex|83/100
|-damage|p2b: Incineroar|53/100
|-damage|p1a: Mudsdale|90/100|[from] item: Life Orb
|cant|p1b: Kangaskhan|flinch
|
|-weather|SunnyDay|[upkeep]
|-heal|p2a: Toxapex|89/100|[from] item: Leftovers
|upkeep
|turn|4
|
|t:|1784767683
|switch|p1b: Sylveon|Sylveon, L50, M|100/100
|move|p2a: Toxapex|Baneful Bunker|p2a: Toxapex
|-singleturn|p2a: Toxapex|move: Protect
|move|p1a: Mudsdale|Earthquake|p2b: Incineroar|[spread] p1b,p2b
|-activate|p2a: Toxapex|move: Protect
|-supereffective|p2b: Incineroar|1
|-damage|p1b: Sylveon|47/100
|-damage|p2b: Incineroar|0 fnt
|faint|p2b: Incineroar
|-damage|p1a: Mudsdale|80/100|[from] item: Life Orb
|
|-weather|SunnyDay|[upkeep]
|-heal|p2a: Toxapex|94/100|[from] item: Leftovers
|upkeep
|
|t:|1784767700
|switch|p2b: Charizard|Charizard-Mega-Y, L50, F|49/100
|turn|5
|inactive|spicy mcchikin has 30 seconds left.
|
|t:|1784767726
|move|p1b: Sylveon|Detect|p1b: Sylveon
|-singleturn|p1b: Sylveon|Protect
|move|p2b: Charizard|Protect|p2b: Charizard
|-singleturn|p2b: Charizard|Protect
|move|p1a: Mudsdale|Rock Slide|p2b: Charizard|[spread] p2a
|-activate|p2b: Charizard|move: Protect
|-damage|p2a: Toxapex|77/100
|-damage|p1a: Mudsdale|71/100|[from] item: Life Orb
|move|p2a: Toxapex|Toxic|p1a: Mudsdale
|-status|p1a: Mudsdale|tox
|
|-weather|none
|-heal|p2a: Toxapex|83/100|[from] item: Leftovers
|-damage|p1a: Mudsdale|65/100 tox|[from] psn
|-fieldend|move: Trick Room
|upkeep
|turn|6
|inactive|spicy mcchikin has 30 seconds left.
|inactive|spicy mcchikin has 20 seconds left.
|inactive|spicy mcchikin has 15 seconds left.
|inactive|spicy mcchikin has 10 seconds left.
|
|t:|1784767774
|move|p1b: Sylveon|Detect||[still]
|-fail|p1b: Sylveon
|move|p2b: Charizard|Heat Wave|p1b: Sylveon|[spread] p1a,p1b
|-damage|p1a: Mudsdale|28/100 tox
|-damage|p1b: Sylveon|15/100
|move|p2a: Toxapex|Infestation|p1a: Mudsdale
|-crit|p1a: Mudsdale
|-damage|p1a: Mudsdale|23/100 tox
|-activate|p1a: Mudsdale|move: Infestation|[of] p2a: Toxapex
|move|p1a: Mudsdale|Rock Slide|p2b: Charizard|[spread] p2a,p2b
|-supereffective|p2b: Charizard|2
|-damage|p2a: Toxapex|66/100
|-damage|p2b: Charizard|0 fnt
|faint|p2b: Charizard
|-damage|p1a: Mudsdale|14/100 tox|[from] item: Life Orb
|
|-heal|p2a: Toxapex|71/100|[from] item: Leftovers
|-damage|p1a: Mudsdale|2/100 tox|[from] psn
|-damage|p1a: Mudsdale|0 fnt|[from] move: Infestation|[partiallytrapped]
|faint|p1a: Mudsdale
|upkeep
|
|t:|1784767793
|switch|p2b: Garchomp|Garchomp, L50, F|100/100
|switch|p1a: Kangaskhan|Kangaskhan-Mega, L50, F|35/100
|turn|7
|
|t:|1784767813
|move|p1a: Kangaskhan|Fake Out|p2b: Garchomp
|-damage|p2b: Garchomp|76/100
|-damage|p1a: Kangaskhan|23/100|[from] ability: Rough Skin|[of] p2b: Garchomp
|-damage|p2b: Garchomp|71/100
|-damage|p1a: Kangaskhan|10/100|[from] ability: Rough Skin|[of] p2b: Garchomp
|-hitcount|p2b: Garchomp|2
|cant|p2b: Garchomp|flinch
|move|p1b: Sylveon|Hyper Beam|p2b: Garchomp
|-supereffective|p2b: Garchomp|1
|-damage|p2b: Garchomp|0 fnt
|-mustrecharge|p1b: Sylveon
|faint|p2b: Garchomp
|move|p2a: Toxapex|Infestation|p1b: Sylveon
|-resisted|p1b: Sylveon|1
|-damage|p1b: Sylveon|14/100
|-activate|p1b: Sylveon|move: Infestation|[of] p2a: Toxapex
|
|-heal|p2a: Toxapex|77/100|[from] item: Leftovers
|-damage|p1b: Sylveon|2/100|[from] move: Infestation|[partiallytrapped]
|upkeep
|turn|8
|
|t:|1784767835
|move|p2a: Toxapex|Baneful Bunker|p2a: Toxapex
|-singleturn|p2a: Toxapex|move: Protect
|move|p1a: Kangaskhan|Double-Edge|p2a: Toxapex
|-activate|p2a: Toxapex|move: Protect
|-status|p1a: Kangaskhan|psn
|cant|p1b: Sylveon|recharge
|
|-heal|p2a: Toxapex|83/100|[from] item: Leftovers
|-damage|p1a: Kangaskhan|0 fnt|[from] psn
|faint|p1a: Kangaskhan
|-damage|p1b: Sylveon|0 fnt|[from] move: Infestation|[partiallytrapped]
|faint|p1b: Sylveon
|
|win|spicy mcchikin
|inactive|andiom123 has 30 seconds to confirm battle start!
|inactive|spicy mcchikin has 30 seconds to confirm battle start!
||andiom123 is ready for game 2.
|inactive|spicy mcchikin has 20 seconds to confirm battle start!
||spicy mcchikin is ready for game 2.
|uhtml|next|Next: Game 2 of 3
|l|☆andiom123
|player|p1|
