|j|☆exessvgc
|j|☆Realfrytki
|html|exessvgcRealfrytki    
|uhtml|bestof|Game 1 of a best-of-3
|t:|1784746157
|gametype|doubles
|player|p1|exessvgc|266|
|player|p2|Realfrytki|veteranf|
|gen|9
|tier|[Gen 9 Champions] VGC 2026 Reg M-B (Bo3)
|rule|Species Clause: Limit one of each Pokémon
|rule|Item Clause: Limit 1 of each item
|clearpoke
|poke|p1|Farigiraf, L50, F|
|poke|p1|Aerodactyl, L50, M|
|poke|p1|Sylveon, L50, M|
|poke|p1|Kingambit, L50, M|
|poke|p1|Garchomp, L50, M|
|poke|p1|Charizard, L50, F|
|poke|p2|Archaludon, L50, F|
|poke|p2|Pelipper, L50, M|
|poke|p2|Grimmsnarl, L50, M|
|poke|p2|Swampert, L50, M|
|poke|p2|Charizard, L50, F|
|poke|p2|Venusaur, L50, M|
|teampreview|4
|showteam|p1|Farigiraf||SitrusBerry|ArmorTail|TrickRoom,TwinBeam,HelpingHand,Thunderbolt|Bold||F|||50|]Aerodactyl||Aerodactylite|Unnerve|RockSlide,Protect,Tailwind,Taunt|Jolly||M|||50|]Sylveon||FairyFeather|Pixilate|HyperVoice,HyperBeam,Protect,ShadowBall|Modest||M|||50|]Kingambit||FocusSash|Defiant|IronHead,SuckerPunch,LowKick,Protect|Adamant||M|||50|]Garchomp||LifeOrb|RoughSkin|DragonClaw,Earthquake,StompingTantrum,Protect|Adamant||M|||50|]Charizard||CharizarditeY|Blaze|WeatherBall,HeatWave,SolarBeam,Protect|Modest||F|||50|
|showteam|p2|Archaludon||Leftovers|Stamina|DragonPulse,FlashCannon,ElectroShot,Protect|Modest||F|||50|]Pelipper||LifeOrb|Drizzle|Hurricane,WeatherBall,Protect,Tailwind|Modest||M|||50|]Grimmsnarl||LightClay|Prankster|SpiritBreak,PartingShot,LightScreen,Reflect|Sassy||M|||50|]Swampert||Swampertite|Torrent|WaveCrash,Earthquake,IcePunch,Protect|Adamant||M|||50|]Charizard||CharizarditeY|Blaze|HeatWave,SolarBeam,WeatherBall,Protect|Modest||F|||50|]Venusaur||FocusSash|Chlorophyll|EnergyBall,SludgeBomb,SleepPowder,Protect|Timid||M|||50|
|c|☆Realfrytki|glhf
|
|t:|1784746209
|teamsize|p1|4
|teamsize|p2|4
|start
|switch|p1a: Charizard|Charizard, L50, F|100/100
|switch|p1b: Garchomp|Garchomp, L50, M|100/100
|switch|p2a: Swampert|Swampert, L50, M|100/100
|switch|p2b: Grimmsnarl|Grimmsnarl, L50, M|100/100
|turn|1
|
|t:|1784746257
|switch|p1b: LA GIRAFFA|Farigiraf, L50, F|100/100
|move|p2a: Swampert|Protect|p2a: Swampert
|-singleturn|p2a: Swampert|Protect
|move|p2b: Grimmsnarl|Light Screen|p2b: Grimmsnarl
|-sidestart|p2: Realfrytki|move: Light Screen
|move|p1a: Charizard|Heat Wave|p2b: Grimmsnarl|[spread] p2b
|-activate|p2a: Swampert|move: Protect
|-damage|p2b: Grimmsnarl|81/100
|
|upkeep
|turn|2
|
|t:|1784746311
|switch|p1a: Kingambit|Kingambit, L50, M|100/100
|switch|p2a: Archaludon|Archaludon, L50, F|100/100
|move|p1b: LA GIRAFFA|Thunderbolt|p2b: Grimmsnarl
|-damage|p2b: Grimmsnarl|67/100
|move|p2b: Grimmsnarl|Spirit Break|p1b: LA GIRAFFA
|-damage|p1b: LA GIRAFFA|75/100
|-unboost|p1b: LA GIRAFFA|spa|1
|
|upkeep
|turn|3
|
|t:|1784746357
|move|p1b: LA GIRAFFA|Helping Hand|p1a: Kingambit
|-singleturn|p1a: Kingambit|Helping Hand|[of] p1b: LA GIRAFFA
|move|p2b: Grimmsnarl|Reflect|p2b: Grimmsnarl
|-sidestart|p2: Realfrytki|Reflect
|move|p2a: Archaludon|Electro Shot||[still]
|-prepare|p2a: Archaludon|Electro Shot
|-boost|p2a: Archaludon|spa|1
|move|p1a: Kingambit|Iron Head|p2b: Grimmsnarl
|-supereffective|p2b: Grimmsnarl|1
|-damage|p2b: Grimmsnarl|0 fnt
|faint|p2b: Grimmsnarl
|
|upkeep
|
|t:|1784746368
|switch|p2b: Swampert|Swampert, L50, M|100/100
|turn|4
|
|t:|1784746428
|detailschange|p2b: Swampert|Swampert-Mega, L50, M
|-mega|p2b: Swampert|Swampert|Swampertite
|move|p1b: LA GIRAFFA|Helping Hand|p1a: Kingambit
|-singleturn|p1a: Kingambit|Helping Hand|[of] p1b: LA GIRAFFA
|move|p2a: Archaludon|Electro Shot|p1b: LA GIRAFFA|[from] lockedmove
|-damage|p1b: LA GIRAFFA|22/100
|-enditem|p1b: LA GIRAFFA|Sitrus Berry|[eat]
|-heal|p1b: LA GIRAFFA|47/100|[from] item: Sitrus Berry
|move|p2b: Swampert|Wave Crash|p1b: LA GIRAFFA
|-damage|p1b: LA GIRAFFA|0 fnt
|faint|p1b: LA GIRAFFA
|-damage|p2b: Swampert|81/100|[from] Recoil
|move|p1a: Kingambit|Low Kick|p2a: Archaludon
|-supereffective|p2a: Archaludon|1
|-damage|p2a: Archaludon|55/100
|-ability|p2a: Archaludon|Stamina|boost
|-boost|p2a: Archaludon|def|1
|
|-heal|p2a: Archaludon|61/100|[from] item: Leftovers
|upkeep
|
|t:|1784746461
|switch|p1b: Charizard|Charizard, L50, F|100/100
|turn|5
|
|t:|1784746471
|switch|p2b: Pelipper|Pelipper, L50, M|100/100
|-weather|RainDance|[from] ability: Drizzle|[of] p2b: Pelipper
|switch|p1a: Garchomp|Garchomp, L50, M|100/100
|move|p1b: Charizard|Protect|p1b: Charizard
|-singleturn|p1b: Charizard|Protect
|move|p2a: Archaludon|Dragon Pulse|p1a: Garchomp
|-supereffective|p1a: Garchomp|1
|-damage|p1a: Garchomp|0 fnt
|faint|p1a: Garchomp
|
|-weather|RainDance|[upkeep]
|-heal|p2a: Archaludon|67/100|[from] item: Leftovers
|upkeep
|
|t:|1784746481
|switch|p1a: Kingambit|Kingambit, L50, M|100/100
|turn|6
|
|t:|1784746531
|switch|p2b: Swampert|Swampert-Mega, L50, M|81/100
|detailschange|p1b: Charizard|Charizard-Mega-Y, L50, F
|-mega|p1b: Charizard|Charizard|Charizardite Y
|-weather|SunnyDay|[from] ability: Drought|[of] p1b: Charizard
|move|p2a: Archaludon|Protect|p2a: Archaludon
|-singleturn|p2a: Archaludon|Protect
|move|p1b: Charizard|Heat Wave|p2a: Archaludon|[spread] p2b
|-activate|p2a: Archaludon|move: Protect
|-resisted|p2b: Swampert|1
|-damage|p2b: Swampert|64/100
|move|p1a: Kingambit|Iron Head|p2b: Swampert
|-resisted|p2b: Swampert|1
|-damage|p2b: Swampert|51/100
|
|-weather|SunnyDay|[upkeep]
|-heal|p2a: Archaludon|73/100|[from] item: Leftovers
|upkeep
|turn|7
|-message|exessvgc forfeited.
|
|win|Realfrytki
|l|☆exessvgc
|player|p1|
||exessvgc is ready for game 2.
||Realfrytki is ready for game 2.
|uhtml|next|Next: Game 2 of 3
|l|☆Realfrytki
|player|p2|
|j|☆exessvgc
|player|p1|exessvgc|266|
