|j|☆fumomarlboro
|j|☆arrascaxeira
|html|fumomarlboroarrascaxeira    
|uhtml|bestof|Game 1 of a best-of-3
|t:|1756778576
|gametype|doubles
|player|p1|fumomarlboro|1|1242
|player|p2|arrascaxeira|101|1170
|gen|9
|tier|[Gen 9] VGC 2025 Reg H (Bo3)
|rated|
|rule|Species Clause: Limit one of each Pokémon
|rule|Item Clause: Limit 1 of each item
|clearpoke
|poke|p1|Rillaboom, L50, M|
|poke|p1|Basculegion, L50, M|
|poke|p1|Volcarona, L50, M|
|poke|p1|Tyranitar, L50, M|
|poke|p1|Dragonite, L50, M|
|poke|p1|Incineroar, L50, M|
|poke|p2|Gholdengo, L50|
|poke|p2|Rillaboom, L50, F|
|poke|p2|Tauros-Paldea-Aqua, L50, M|
|poke|p2|Dragonite, L50, M|
|poke|p2|Clefable, L50, M|
|poke|p2|Incineroar, L50, F|
|teampreview|4
|showteam|p1|Rillaboom||MiracleSeed|GrassySurge|WoodHammer,GrassyGlide,HighHorsepower,FakeOut|||M|||50|,,,,,Fire]Basculegion||ChoiceScarf|Adaptability|WaveCrash,LastRespects,FlipTurn,TeraBlast|||M|||50|,,,,,Grass]Volcarona||Leftovers|FlameBody|HeatWave,TeraBlast,QuiverDance,Protect|||M|||50|,,,,,Fairy]Tyranitar||AssaultVest|SandStream|RockSlide,KnockOff,TeraBlast,LowKick|||M|||50|,,,,,Flying]Dragonite||LoadedDice|Multiscale|ExtremeSpeed,ScaleShot,Protect,Haze|||M|||50|,,,,,Fairy]Incineroar||SafetyGoggles|Intimidate|FakeOut,FlareBlitz,KnockOff,PartingShot|||M|||50|,,,,,Ghost
|showteam|p2|Gholdengo||GrassySeed|GoodasGold|NastyPlot,MakeItRain,ShadowBall,Protect||||||50|,,,,,Water]Rillaboom||AssaultVest|GrassySurge|FakeOut,GrassyGlide,HighHorsepower,WoodHammer|||F|||50|,,,,,Fire]Tauros-Paldea-Aqua||MirrorHerb|Intimidate|WaveCrash,CloseCombat,AquaJet,Protect|||M|||50|,,,,,Grass]Dragonite||LoadedDice|Multiscale|ScaleShot,Haze,StompingTantrum,Protect|||M|||50|,,,,,Fairy]Clefable||RockyHelmet|Unaware|Moonblast,FollowMe,IcyWind,Protect|||M|||50|,,,,,Electric]Incineroar||SafetyGoggles|Intimidate|FakeOut,PartingShot,KnockOff,FlareBlitz|||F|||50|,,,,,Bug
|inactive|Battle timer is ON: inactive players will automatically lose when time's up. (requested by fumomarlboro)
|inactive|arrascaxeira has 60 seconds left.
|
|t:|1756778642
|teamsize|p1|4
|teamsize|p2|4
|start
|switch|p1a: Dragonite|Dragonite, L50, M|100/100
|switch|p1b: Volcarona|Volcarona, L50, M|100/100
|switch|p2a: Tauros|Tauros-Paldea-Aqua, L50, M|100/100
|switch|p2b: Incineroar|Incineroar, L50, F|100/100
|-ability|p2a: Tauros|Intimidate|boost
|-unboost|p1a: Dragonite|atk|1
|-unboost|p1b: Volcarona|atk|1
|-ability|p2b: Incineroar|Intimidate|boost
|-unboost|p1a: Dragonite|atk|1
|-unboost|p1b: Volcarona|atk|1
|turn|1
|inactive|fumomarlboro has 30 seconds left.
|inactive|fumomarlboro has 20 seconds left.
|inactive|fumomarlboro has 15 seconds left.
|
|t:|1756778683
|switch|p1a: Rillaboom|Rillaboom, L50, M|100/100
|-fieldstart|move: Grassy Terrain|[from] ability: Grassy Surge|[of] p1a: Rillaboom
|-terastallize|p1b: Volcarona|Fairy
|move|p2b: Incineroar|Fake Out|p1a: Rillaboom
|-damage|p1a: Rillaboom|91/100
|move|p2a: Tauros|Wave Crash|p1b: Volcarona
|-crit|p1b: Volcarona
|-damage|p1b: Volcarona|14/100
|-damage|p2a: Tauros|69/100|[from] Recoil
|move|p1b: Volcarona|Quiver Dance|p1b: Volcarona
|-boost|p1b: Volcarona|spa|1
|-boost|p1b: Volcarona|spd|1
|-boost|p1b: Volcarona|spe|1
|-enditem|p2a: Tauros|Mirror Herb
|-boost|p2a: Tauros|spa|1|[from] item: Mirror Herb
|-boost|p2a: Tauros|spd|1|[from] item: Mirror Herb
|-boost|p2a: Tauros|spe|1|[from] item: Mirror Herb
|
|-heal|p2a: Tauros|75/100|[from] Grassy Terrain
|-heal|p1b: Volcarona|20/100|[from] Grassy Terrain
|-heal|p1b: Volcarona|26/100|[from] item: Leftovers
|-heal|p1a: Rillaboom|97/100|[from] Grassy Terrain
|upkeep
|turn|2
|
|t:|1756778708
|move|p1a: Rillaboom|Fake Out|p2a: Tauros
|-damage|p2a: Tauros|60/100
|cant|p2a: Tauros|flinch
|move|p1b: Volcarona|Quiver Dance|p1b: Volcarona
|-boost|p1b: Volcarona|spa|1
|-boost|p1b: Volcarona|spd|1
|-boost|p1b: Volcarona|spe|1
|move|p2b: Incineroar|Parting Shot|p1b: Volcarona
|-unboost|p1b: Volcarona|atk|1
|-unboost|p1b: Volcarona|spa|1
|
|t:|1756778713
|switch|p2b: Gholdengo|Gholdengo, L50|100/100|[from] Parting Shot
|-enditem|p2b: Gholdengo|Grassy Seed
|-boost|p2b: Gholdengo|def|1|[from] item: Grassy Seed
|
|-heal|p1b: Volcarona|32/100|[from] Grassy Terrain
|-heal|p1b: Volcarona|39/100|[from] item: Leftovers
|-heal|p2a: Tauros|66/100|[from] Grassy Terrain
|-heal|p1a: Rillaboom|100/100|[from] Grassy Terrain
|upkeep
|turn|3
|
|t:|1756778727
|move|p2a: Tauros|Aqua Jet|p1b: Volcarona
|-damage|p1b: Volcarona|18/100
|move|p1a: Rillaboom|Grassy Glide|p2b: Gholdengo
|-resisted|p2b: Gholdengo
|-damage|p2b: Gholdengo|87/100
|move|p1b: Volcarona|Heat Wave|p2b: Gholdengo|[spread] p2b
|-miss|p1b: Volcarona|p2a: Tauros
|-supereffective|p2b: Gholdengo
|-damage|p2b: Gholdengo|0 fnt
|faint|p2b: Gholdengo
|
|-heal|p1b: Volcarona|24/100|[from] Grassy Terrain
|-heal|p1b: Volcarona|30/100|[from] item: Leftovers
|-heal|p2a: Tauros|72/100|[from] Grassy Terrain
|upkeep
|
|t:|1756778741
|switch|p2b: Incineroar|Incineroar, L50, F|100/100
|-ability|p2b: Incineroar|Intimidate|boost
|-unboost|p1a: Rillaboom|atk|1
|-unboost|p1b: Volcarona|atk|1
|turn|4
|
|t:|1756778754
|switch|p1a: Basculegion|Basculegion, L50, M|100/100
|move|p1b: Volcarona|Protect|p1b: Volcarona
|-singleturn|p1b: Volcarona|Protect
|move|p2b: Incineroar|Fake Out|p1a: Basculegion
|-immune|p1a: Basculegion
|move|p2a: Tauros|Wave Crash|p1b: Volcarona
|-activate|p1b: Volcarona|move: Protect
|
|-heal|p1b: Volcarona|36/100|[from] Grassy Terrain
|-heal|p1b: Volcarona|43/100|[from] item: Leftovers
|-heal|p2a: Tauros|79/100|[from] Grassy Terrain
|upkeep
|turn|5
|
|t:|1756778773
|-terastallize|p2b: Incineroar|Bug
|move|p2a: Tauros|Protect|p2a: Tauros
|-singleturn|p2a: Tauros|Protect
|move|p1b: Volcarona|Tera Blast|p2a: Tauros|[anim] Tera Blast Fairy
|-activate|p2a: Tauros|move: Protect
|move|p1a: Basculegion|Flip Turn|p2b: Incineroar
|-damage|p2b: Incineroar|65/100
|
|t:|1756778781
|switch|p1a: Dragonite|Dragonite, L50, M|100/100|[from] Flip Turn
|move|p2b: Incineroar|Flare Blitz|p1b: Volcarona
|-damage|p1b: Volcarona|0 fnt
|faint|p1b: Volcarona
|-damage|p2b: Incineroar|53/100|[from] Recoil
|
|-heal|p2a: Tauros|85/100|[from] Grassy Terrain
|-heal|p2b: Incineroar|59/100|[from] Grassy Terrain
|-fieldend|move: Grassy Terrain
|upkeep
|
|t:|1756778786
|switch|p1b: Rillaboom|Rillaboom, L50, M|100/100
|-fieldstart|move: Grassy Terrain|[from] ability: Grassy Surge|[of] p1b: Rillaboom
|turn|6
|
|t:|1756778799
|switch|p2a: Rillaboom|Rillaboom, L50, F|100/100
|move|p1b: Rillaboom|Grassy Glide|p2a: Rillaboom
|-resisted|p2a: Rillaboom
|-damage|p2a: Rillaboom|77/100
|move|p1a: Dragonite|Scale Shot|p2b: Incineroar
|-damage|p2b: Incineroar|44/100
|-damage|p2b: Incineroar|32/100
|-damage|p2b: Incineroar|17/100
|-damage|p2b: Incineroar|4/100
|-hitcount|p2b: Incineroar|4
|-unboost|p1a: Dragonite|def|1
|-boost|p1a: Dragonite|spe|1
|move|p2b: Incineroar|Parting Shot|p1a: Dragonite
|-unboost|p1a: Dragonite|atk|1
|-unboost|p1a: Dragonite|spa|1
|
|t:|1756778805
|switch|p2b: Tauros|Tauros-Paldea-Aqua, L50, M|85/100|[from] Parting Shot
|-ability|p2b: Tauros|Intimidate|boost
|-unboost|p1a: Dragonite|atk|1
|-unboost|p1b: Rillaboom|atk|1
|
|-heal|p2b: Tauros|91/100|[from] Grassy Terrain
|-heal|p2a: Rillaboom|83/100|[from] Grassy Terrain
|upkeep
|turn|7
|
|t:|1756778828
|move|p1a: Dragonite|Protect|p1a: Dragonite
|-singleturn|p1a: Dragonite|Protect
|move|p2a: Rillaboom|Fake Out|p1b: Rillaboom
|-damage|p1b: Rillaboom|87/100
|move|p2b: Tauros|Close Combat|p1b: Rillaboom
|-damage|p1b: Rillaboom|37/100
|-unboost|p2b: Tauros|def|1
|-unboost|p2b: Tauros|spd|1
|cant|p1b: Rillaboom|flinch
|
|-heal|p2b: Tauros|97/100|[from] Grassy Terrain
|-heal|p2a: Rillaboom|89/100|[from] Grassy Terrain
|-heal|p1b: Rillaboom|43/100|[from] Grassy Terrain
|upkeep
|turn|8
|inactive|arrascaxeira has 30 seconds left.
|
|t:|1756778855
|switch|p2a: Incineroar|Incineroar, L50, F, tera:Bug|4/100
|-ability|p2a: Incineroar|Intimidate|boost
|-unboost|p1a: Dragonite|atk|1
|-unboost|p1b: Rillaboom|atk|1
|move|p1b: Rillaboom|Grassy Glide|p2b: Tauros
|-supereffective|p2b: Tauros
|-damage|p2b: Tauros|26/100
|move|p1a: Dragonite|Scale Shot|p2b: Tauros
|-crit|p2b: Tauros
|-damage|p2b: Tauros|0 fnt
|faint|p2b: Tauros
|-hitcount|p2: Tauros|1
|-unboost|p1a: Dragonite|def|1
|-boost|p1a: Dragonite|spe|1
|
|-heal|p2a: Incineroar|10/100|[from] Grassy Terrain
|-heal|p1b: Rillaboom|48/100|[from] Grassy Terrain
|upkeep
|
|t:|1756778865
|switch|p2b: Rillaboom|Rillaboom, L50, F|89/100
|turn|9
|
|t:|1756778872
|move|p1a: Dragonite|Protect|p1a: Dragonite
|-singleturn|p1a: Dragonite|Protect
|move|p2b: Rillaboom|Fake Out|p1a: Dragonite
|-activate|p1a: Dragonite|move: Protect
|move|p1b: Rillaboom|Grassy Glide|p2a: Incineroar
|-resisted|p2a: Incineroar
|-damage|p2a: Incineroar|0 fnt
|faint|p2a: Incineroar
|
|-heal|p2b: Rillaboom|95/100|[from] Grassy Terrain
|-heal|p1b: Rillaboom|54/100|[from] Grassy Terrain
|upkeep
|turn|10
|-message|arrascaxeira forfeited.
|
|win|fumomarlboro
||fumomarlboro is ready for game 2.
||arrascaxeira is ready for game 2.
|uhtml|next|Next: Game 2 of 3
|l|☆fumomarlboro
|player|p1|
|l|☆arrascaxeira
|player|p2|
|j|☆arrascaxeira
|player|p2|arrascaxeira|101|
