|j|☆pokefighter ABCZ
|j|☆gyu777777
|html|pokefighter ABCZgyu777777    
|uhtml|bestof|Game 2 of a best-of-3
|t:|1785457718
|gametype|doubles
|player|p1|pokefighter ABCZ|blue-gen1rbchampion|1109
|player|p2|gyu777777|102|1079
|gen|9
|tier|[Gen 9 Champions] VGC 2026 Reg M-B (Bo3)
|rated|
|rule|Species Clause: Limit one of each Pokémon
|rule|Item Clause: Limit 1 of each item
|clearpoke
|poke|p1|Staraptor, L50, F|
|poke|p1|Whimsicott, L50, F|
|poke|p1|Glimmora, L50, M|
|poke|p1|Garchomp, L50, F|
|poke|p1|Delphox, L50, M|
|poke|p1|Kingambit, L50, M|
|poke|p2|Scizor, L50, M|
|poke|p2|Pelipper, L50, M|
|poke|p2|Archaludon, L50, F|
|poke|p2|Sneasler, L50, M|
|poke|p2|Garchomp, L50, M|
|poke|p2|Grimmsnarl, L50, M|
|teampreview|4
|showteam|p1|Staraptor||Staraptite|Intimidate|CloseCombat,BraveBird,Protect,Roost|Jolly||F|||50|]Whimsicott||OccaBerry|Prankster|Moonblast,Charm,LightScreen,Tailwind|Timid||F|||50|]Glimmora||FocusSash|ToxicDebris|SludgeBomb,PowerGem,SpikyShield,EarthPower|Timid||M|||50|]Garchomp||LifeOrb|RoughSkin|RockSlide,Earthquake,Protect,DragonClaw|Jolly||F|||50|]Delphox||Delphoxite|Blaze|HeatWave,Psychic,Protect,Substitute|Modest||M|||50|]Kingambit||ChopleBerry|Defiant|KowtowCleave,IronHead,LowKick,SuckerPunch|Adamant||M|||50|
|showteam|p2|Scizor||Scizorite|Technician|BulletPunch,DualWingbeat,SwordsDance,Protect|Adamant||M|||50|]Pelipper||FocusSash|Drizzle|WeatherBall,WideGuard,Tailwind,Protect|Modest||M|||50|]Archaludon||Leftovers|Stamina|ElectroShot,FlashCannon,DracoMeteor,Protect|Modest||F|||50|]Sneasler||WhiteHerb|Unburden|DireClaw,CloseCombat,FakeOut,Protect|Adamant||M|||50|]Garchomp||ExpertBelt|RoughSkin|RockSlide,DragonClaw,Protect,EarthPower|Naive||M|||50|]Grimmsnarl||LightClay|Prankster|PartingShot,LightScreen,FakeOut,DrainingKiss|Sassy||M|||50|
|inactive|Battle timer is ON: inactive players will automatically lose when time's up. (requested by pokefighter ABCZ)
|j| Father Civil
|inactive|pokefighter ABCZ has 60 seconds left.
|inactive|gyu777777 has 60 seconds left.
|
|t:|1785457764
|teamsize|p1|4
|teamsize|p2|4
|start
|switch|p1a: Staraptor|Staraptor, L50, F|100/100
|switch|p1b: Whimsicott|Whimsicott, L50, F|100/100
|switch|p2a: Sneasler|Sneasler, L50, M|100/100
|switch|p2b: Scizor|Scizor, L50, M|100/100
|-ability|p1a: Staraptor|Intimidate|boost
|-unboost|p2a: Sneasler|atk|1
|-unboost|p2b: Scizor|atk|1
|-enditem|p2a: Sneasler|White Herb
|-clearnegativeboost|p2a: Sneasler|[silent]
|turn|1
|l| Father Civil
|inactive|pokefighter ABCZ has 30 seconds left.
|
|t:|1785457795
|detailschange|p2b: Scizor|Scizor-Mega, L50, M
|-mega|p2b: Scizor|Scizor|Scizorite
|move|p2a: Sneasler|Fake Out|p1a: Staraptor
|-damage|p1a: Staraptor|79/100
|move|p1b: Whimsicott|Charm|p2b: Scizor
|-unboost|p2b: Scizor|atk|2
|cant|p1a: Staraptor|flinch
|move|p2b: Scizor|Swords Dance|p2b: Scizor
|-boost|p2b: Scizor|atk|2
|
|upkeep
|turn|2
|inactive|gyu777777 has 30 seconds left.
|
|t:|1785457822
|move|p2b: Scizor|Protect|p2b: Scizor
|-singleturn|p2b: Scizor|Protect
|move|p1b: Whimsicott|Charm|p2b: Scizor
|-activate|p2b: Scizor|move: Protect
|move|p2a: Sneasler|Dire Claw|p1a: Staraptor
|-damage|p1a: Staraptor|19/100
|move|p1a: Staraptor|Brave Bird|p2a: Sneasler
|-supereffective|p2a: Sneasler|1
|-damage|p2a: Sneasler|0 fnt
|faint|p2a: Sneasler
|-damage|p1a: Staraptor|0 fnt|[from] Recoil
|faint|p1a: Staraptor
|
|upkeep
|
|t:|1785457837
|switch|p2a: Grimmsnarl|Grimmsnarl, L50, M|100/100
|switch|p1a: Delphox|Delphox, L50, M|100/100
|turn|3
|
|t:|1785457849
|detailschange|p1a: Delphox|Delphox-Mega, L50, M
|-mega|p1a: Delphox|Delphox|Delphoxite
|move|p2a: Grimmsnarl|Fake Out|p1a: Delphox
|-damage|p1a: Delphox|85/100
|move|p1b: Whimsicott|Moonblast|p2b: Scizor
|-resisted|p2b: Scizor|1
|-damage|p2b: Scizor|85/100
|cant|p1a: Delphox|flinch
|move|p2b: Scizor|Swords Dance|p2b: Scizor
|-boost|p2b: Scizor|atk|2
|
|upkeep
|turn|4
|inactive|gyu777777 has 30 seconds left.
|
|t:|1785457875
|switch|p2a: Pelipper|Pelipper, L50, M|100/100
|-weather|RainDance|[from] ability: Drizzle|[of] p2a: Pelipper
|move|p2b: Scizor|Protect|p2b: Scizor
|-singleturn|p2b: Scizor|Protect
|move|p1b: Whimsicott|Charm|p2b: Scizor
|-activate|p2b: Scizor|move: Protect
|move|p1a: Delphox|Heat Wave|p2a: Pelipper|[spread] p2a
|-activate|p2b: Scizor|move: Protect
|-resisted|p2a: Pelipper|1
|-damage|p2a: Pelipper|81/100
|-status|p2a: Pelipper|brn
|
|-weather|RainDance|[upkeep]
|-damage|p2a: Pelipper|75/100 brn|[from] brn
|upkeep
|turn|5
|inactive|pokefighter ABCZ has 30 seconds left.
|inactive|gyu777777 has 30 seconds left.
|inactive|pokefighter ABCZ has 20 seconds left.
|inactive|pokefighter ABCZ has 15 seconds left.
|inactive|pokefighter ABCZ has 10 seconds left.
|
|t:|1785457922
|move|p2a: Pelipper|Wide Guard|p2a: Pelipper
|-singleturn|p2a: Pelipper|Wide Guard
|move|p1b: Whimsicott|Charm|p2b: Scizor
|-unboost|p2b: Scizor|atk|2
|move|p1a: Delphox|Substitute|p1a: Delphox
|-start|p1a: Delphox|Substitute
|-damage|p1a: Delphox|61/100
|move|p2b: Scizor|Dual Wingbeat|p1a: Delphox
|-activate|p1a: Delphox|move: Substitute|[damage]
|-end|p1a: Delphox|Substitute
|-hitcount|p1a: Delphox|2
|
|-weather|RainDance|[upkeep]
|-damage|p2a: Pelipper|69/100 brn|[from] brn
|upkeep
|turn|6
|
|t:|1785457945
|move|p2b: Scizor|Protect|p2b: Scizor
|-singleturn|p2b: Scizor|Protect
|move|p1b: Whimsicott|Moonblast|p2a: Pelipper
|-damage|p2a: Pelipper|19/100 brn
|-unboost|p2a: Pelipper|spa|1
|move|p1a: Delphox|Substitute|p1a: Delphox
|-start|p1a: Delphox|Substitute
|-damage|p1a: Delphox|36/100
|move|p2a: Pelipper|Weather Ball|p1a: Delphox
|-supereffective|p1a: Delphox|1
|-end|p1a: Delphox|Substitute
|
|-weather|RainDance|[upkeep]
|-damage|p2a: Pelipper|13/100 brn|[from] brn
|upkeep
|turn|7
|inactive|pokefighter ABCZ has 30 seconds left.
|inactive|gyu777777 has 30 seconds left.
|
|t:|1785457977
|move|p2a: Pelipper|Wide Guard|p2a: Pelipper
|-singleturn|p2a: Pelipper|Wide Guard
|move|p1b: Whimsicott|Charm|p2b: Scizor
|-unboost|p2b: Scizor|atk|2
|move|p1a: Delphox|Psychic|p2a: Pelipper
|-damage|p2a: Pelipper|0 fnt
|faint|p2a: Pelipper
|move|p2b: Scizor|Dual Wingbeat|p1a: Delphox
|-damage|p1a: Delphox|25/100
|-damage|p1a: Delphox|13/100
|-hitcount|p1a: Delphox|2
|
|-weather|RainDance|[upkeep]
|upkeep
|
|t:|1785457993
|switch|p2a: Grimmsnarl|Grimmsnarl, L50, M|100/100
|turn|8
|
|t:|1785458000
|move|p1a: Delphox|Protect|p1a: Delphox
|-singleturn|p1a: Delphox|Protect
|move|p2a: Grimmsnarl|Fake Out|p1a: Delphox
|-activate|p1a: Delphox|move: Protect
|move|p1b: Whimsicott|Moonblast|p2a: Grimmsnarl
|-supereffective|p2a: Grimmsnarl|1
|-damage|p2a: Grimmsnarl|44/100
|move|p2b: Scizor|Swords Dance|p2b: Scizor
|-boost|p2b: Scizor|atk|2
|
|-weather|none
|upkeep
|turn|9
|
|t:|1785458018
|move|p1b: Whimsicott|Charm|p2b: Scizor
|-unboost|p2b: Scizor|atk|2
|move|p2b: Scizor|Bullet Punch|p1a: Delphox
|-resisted|p1a: Delphox|1
|-damage|p1a: Delphox|4/100
|move|p1a: Delphox|Heat Wave|p2b: Scizor|[spread] p2a,p2b
|-supereffective|p2b: Scizor|2
|-damage|p2a: Grimmsnarl|0 fnt
|-damage|p2b: Scizor|0 fnt
|faint|p2a: Grimmsnarl
|faint|p2b: Scizor
|
|win|pokefighter ABCZ
|raw|pokefighter ABCZ's rating: 1109 → 1132(+23 for winning)
|raw|gyu777777's rating: 1079 → 1059(-20 for losing)
