|j|☆Tlayer4002
|j|☆dialghite
|html|Tlayer4002dialghite    
|uhtml|bestof|Game 2 of a best-of-3
|t:|1754859212
|gametype|doubles
|player|p1|Tlayer4002|102|1298
|player|p2|dialghite|volkner|1437
|gen|9
|tier|[Gen 9] VGC 2025 Reg H (Bo3)
|rated|
|rule|Species Clause: Limit one of each Pokémon
|rule|Item Clause: Limit 1 of each item
|clearpoke
|poke|p1|Annihilape, L50, F|
|poke|p1|Indeedee, L50, M|
|poke|p1|Sinistcha, L50|
|poke|p1|Maushold, L50|
|poke|p1|Ninetales-Alola, L50, M|
|poke|p1|Kommo-o, L50, M|
|poke|p2|Whimsicott, L50, M|
|poke|p2|Dragonite, L50, F|
|poke|p2|Indeedee, L50, M|
|poke|p2|Sneasler, L50, M|
|poke|p2|Ursaluna-Bloodmoon, L50, M|
|poke|p2|Archaludon, L50, M|
|teampreview|4
|showteam|p1|Annihilape||PsychicSeed|Defiant|DrainPunch,RageFist,BulkUp,Protect|||F|||50|,,,,,Water]Indeedee||ChoiceScarf|PsychicSurge|ExpandingForce,Trick,HyperVoice,TeraBlast|||M|||50|,,,,,Psychic]Sinistcha||SitrusBerry|Hospitality|MatchaGotcha,LifeDew,RagePowder,Protect||||||50|,,,,,Dark]Maushold||SafetyGoggles|FriendGuard|BeatUp,FollowMe,SuperFang,Protect||||||50|,,,,,Ghost]Ninetales-Alola||LightClay|SnowWarning|Blizzard,AuroraVeil,Encore,Protect|||M|||50|,,,,,Steel]Kommo-o||ThroatSpray|Overcoat|ClangorousSoul,ClangingScales,Flamethrower,Protect|||M|||50|,,,,,Fire
|showteam|p2|Whimsicott||CovertCloak|Prankster|Moonblast,Taunt,Tailwind,FakeTears|||M|||50|,,,,,Water]Dragonite||LoadedDice|Multiscale|ScaleShot,StompingTantrum,Haze,Protect|||F|||50|,,,,,Steel]Indeedee||FocusSash|PsychicSurge|ExpandingForce,TeraBlast,Imprison,TrickRoom|||M|||50|,,,,,Psychic]Sneasler||PsychicSeed|Unburden|CloseCombat,DireClaw,ThroatChop,Protect|||M|||50|,,,,,Dark]Ursaluna-Bloodmoon||LifeOrb|MindsEye|HyperVoice,BloodMoon,EarthPower,Protect|||M|||50|,,,,,Normal]Archaludon||PowerHerb|Stalwart|ElectroShot,DragonPulse,Thunderbolt,Protect|||M|||50|,,,,,Electric
|inactive|Battle timer is ON: inactive players will automatically lose when time's up. (requested by dialghite)
|j| xam3rvgc
|
|t:|1754859223
|teamsize|p1|4
|teamsize|p2|4
|start
|switch|p1a: Indeedee|Indeedee, L50, M|100/100
|switch|p1b: Annihilape|Annihilape, L50, F|100/100
|switch|p2a: Whimsicott|Whimsicott, L50, M|100/100
|switch|p2b: Ursaluna|Ursaluna-Bloodmoon, L50, M|100/100
|-fieldstart|move: Psychic Terrain|[from] ability: Psychic Surge|[of] p1a: Indeedee
|-enditem|p1b: Annihilape|Psychic Seed
|-boost|p1b: Annihilape|spd|1|[from] item: Psychic Seed
|turn|1
|
|t:|1754859235
|move|p2b: Ursaluna|Protect|p2b: Ursaluna
|-singleturn|p2b: Ursaluna|Protect
|move|p2a: Whimsicott|Tailwind|p2a: Whimsicott
|-sidestart|p2: dialghite|move: Tailwind
|move|p1a: Indeedee|Expanding Force|p2b: Ursaluna|[spread] p2a
|-activate|p2b: Ursaluna|move: Protect
|-damage|p2a: Whimsicott|26/100
|move|p1b: Annihilape|Drain Punch|p2b: Ursaluna
|-activate|p2b: Ursaluna|move: Protect
|
|upkeep
|turn|2
|
|t:|1754859249
|switch|p1a: Maushold|Maushold, L50|100/100
|-terastallize|p2b: Ursaluna|Normal
|-terastallize|p1b: Annihilape|Water
|move|p2a: Whimsicott|Moonblast|p1a: Maushold
|-damage|p1a: Maushold|72/100
|-unboost|p1a: Maushold|spa|1
|move|p2b: Ursaluna|Hyper Voice|p1b: Annihilape|[spread] p1a,p1b
|-damage|p1a: Maushold|0 fnt
|-damage|p1b: Annihilape|74/100
|faint|p1a: Maushold
|-damage|p2b: Ursaluna|91/100|[from] item: Life Orb
|move|p1b: Annihilape|Drain Punch|p2b: Ursaluna
|-supereffective|p2b: Ursaluna
|-damage|p2b: Ursaluna|37/100
|-heal|p1b: Annihilape|97/100|[from] drain|[of] p2b: Ursaluna
|
|upkeep
|
|t:|1754859267
|switch|p1a: Indeedee|Indeedee, L50, M|100/100
|turn|3
|
|t:|1754859274
|move|p2b: Ursaluna|Protect|p2b: Ursaluna
|-singleturn|p2b: Ursaluna|Protect
|move|p2a: Whimsicott|Moonblast|p1a: Indeedee
|-damage|p1a: Indeedee|63/100
|-unboost|p1a: Indeedee|spa|1
|move|p1a: Indeedee|Expanding Force|p2b: Ursaluna|[spread] p2a
|-activate|p2b: Ursaluna|move: Protect
|-damage|p2a: Whimsicott|0 fnt
|faint|p2a: Whimsicott
|move|p1b: Annihilape|Drain Punch|p2b: Ursaluna
|-activate|p2b: Ursaluna|move: Protect
|
|upkeep
|
|t:|1754859282
|switch|p2a: Sneasler|Sneasler, L50, M|100/100
|-enditem|p2a: Sneasler|Psychic Seed
|-boost|p2a: Sneasler|spd|1|[from] item: Psychic Seed
|turn|4
|
|t:|1754859294
|move|p2a: Sneasler|Throat Chop|p1a: Indeedee
|-supereffective|p1a: Indeedee
|-damage|p1a: Indeedee|0 fnt
|faint|p1a: Indeedee
|move|p2b: Ursaluna|Blood Moon|p1b: Annihilape
|-damage|p1b: Annihilape|22/100
|-damage|p2b: Ursaluna|27/100|[from] item: Life Orb
|move|p1b: Annihilape|Bulk Up|p1b: Annihilape
|-boost|p1b: Annihilape|atk|1
|-boost|p1b: Annihilape|def|1
|
|-sideend|p2: dialghite|move: Tailwind
|upkeep
|
|t:|1754859306
|switch|p1a: Sinistcha|Sinistcha, L50|100/100
|-heal|p1b: Annihilape|47/100|[from] ability: Hospitality|[of] p1a: Sinistcha
|turn|5
|inactive|Tlayer4002 has 30 seconds left.
|
|t:|1754859337
|move|p2a: Sneasler|Dire Claw|p1b: Annihilape
|-damage|p1b: Annihilape|21/100
|-status|p1b: Annihilape|psn
|move|p1b: Annihilape|Drain Punch|p2b: Ursaluna
|-supereffective|p2b: Ursaluna
|-damage|p2b: Ursaluna|0 fnt
|-heal|p1b: Annihilape|33/100 psn|[from] drain|[of] p2b: Ursaluna
|faint|p2b: Ursaluna
|move|p1a: Sinistcha|Life Dew||[still]|[spread] p1a,p1b
|-fail|p1a: Sinistcha|heal
|-heal|p1b: Annihilape|58/100 psn
|
|-damage|p1b: Annihilape|46/100 psn|[from] psn
|-fieldend|move: Psychic Terrain
|upkeep
|
|t:|1754859345
|switch|p2b: Indeedee|Indeedee, L50, M|100/100
|-fieldstart|move: Psychic Terrain|[from] ability: Psychic Surge|[of] p2b: Indeedee
|turn|6
|
|t:|1754859357
|move|p1b: Annihilape|Protect|p1b: Annihilape
|-singleturn|p1b: Annihilape|Protect
|move|p2a: Sneasler|Dire Claw|p1b: Annihilape
|-activate|p1b: Annihilape|move: Protect
|move|p2b: Indeedee|Expanding Force|p1b: Annihilape|[spread] p1a
|-activate|p1b: Annihilape|move: Protect
|-damage|p1a: Sinistcha|48/100
|-enditem|p1a: Sinistcha|Sitrus Berry|[eat]
|-heal|p1a: Sinistcha|73/100|[from] item: Sitrus Berry
|move|p1a: Sinistcha|Matcha Gotcha|p2a: Sneasler|[spread] p2a,p2b
|-resisted|p2a: Sneasler
|-crit|p2a: Sneasler
|-damage|p2a: Sneasler|77/100
|-heal|p1a: Sinistcha|83/100|[from] drain|[of] p2a: Sneasler
|-damage|p2b: Indeedee|65/100
|-heal|p1a: Sinistcha|97/100|[from] drain|[of] p2b: Indeedee
|-status|p2b: Indeedee|brn
|
|-damage|p1b: Annihilape|33/100 psn|[from] psn
|-damage|p2b: Indeedee|59/100 brn|[from] brn
|upkeep
|turn|7
|inactive|Tlayer4002 has 30 seconds left.
|
|t:|1754859386
|move|p1a: Sinistcha|Rage Powder|p1a: Sinistcha
|-singleturn|p1a: Sinistcha|move: Rage Powder
|move|p2a: Sneasler|Throat Chop|p1a: Sinistcha
|-supereffective|p1a: Sinistcha
|-damage|p1a: Sinistcha|55/100
|-start|p1a: Sinistcha|Throat Chop|[silent]
|move|p2b: Indeedee|Expanding Force|p1a: Sinistcha|[spread] p1a,p1b
|-damage|p1a: Sinistcha|0 fnt
|-damage|p1b: Annihilape|3/100 psn
|faint|p1a: Sinistcha
|move|p1b: Annihilape|Drain Punch|p2b: Indeedee
|-damage|p2b: Indeedee|0 fnt
|-heal|p1b: Annihilape|21/100 psn|[from] drain|[of] p2b: Indeedee
|faint|p2b: Indeedee
|
|-damage|p1b: Annihilape|9/100 psn|[from] psn
|upkeep
|turn|8
|
|t:|1754859396
|move|p2a: Sneasler|Protect|p2a: Sneasler
|-singleturn|p2a: Sneasler|Protect
|move|p1b: Annihilape|Drain Punch|p2a: Sneasler
|-activate|p2a: Sneasler|move: Protect
|
|-damage|p1b: Annihilape|0 fnt|[from] psn
|faint|p1b: Annihilape
|
|win|dialghite
|raw|Tlayer4002's rating: 1298 → 1283(-15 for losing)
|raw|dialghite's rating: 1437 → 1449(+12 for winning)
