|j|☆WashYoButt
|j|☆nikolasnaiz
|html|WashYoButtnikolasnaiz    
|uhtml|bestof|Game 2 of a best-of-3
|t:|1757704992
|gametype|doubles
|player|p1|WashYoButt|ariana|1107
|player|p2|nikolasnaiz|266|1236
|gen|9
|tier|[Gen 9] VGC 2025 Reg H (Bo3)
|rated|
|rule|Species Clause: Limit one of each Pokémon
|rule|Item Clause: Limit 1 of each item
|clearpoke
|poke|p1|Gholdengo, L50|
|poke|p1|Basculegion, L50, M|
|poke|p1|Amoonguss, L50, F|
|poke|p1|Kommo-o, L50, M|
|poke|p1|Ninetales-Alola, L50, M|
|poke|p1|Incineroar, L50, M|
|poke|p2|Dragonite, L50, F|
|poke|p2|Ursaluna-Bloodmoon, L50, M|
|poke|p2|Annihilape, L50, M|
|poke|p2|Volcarona, L50, F|
|poke|p2|Rillaboom, L50, M|
|poke|p2|Incineroar, L50, M|
|teampreview|4
|showteam|p1|Gholdengo||LifeOrb|GoodasGold|Protect,NastyPlot,ShadowBall,MakeItRain||||||50|,,,,,Water]Basculegion||ChoiceScarf|Adaptability|WaveCrash,LastRespects,AquaJet,FlipTurn|||M|||50|,,,,,Grass]Amoonguss||RockyHelmet|Regenerator|Spore,PollenPuff,RagePowder,ClearSmog|||F|||50|,,,,,Water]Kommo-o||Leftovers|Overcoat|IronDefense,BodyPress,Flamethrower,Protect|||M|||50|,,,,,Fire]Ninetales-Alola||FocusSash|SnowWarning|Protect,Moonblast,Blizzard,FreezeDry|||M|||50|,,,,,Ghost]Incineroar||SafetyGoggles|Intimidate|KnockOff,FlareBlitz,FakeOut,PartingShot|||M|||50|,,,,,Ghost
|showteam|p2|Dragonite||LoadedDice|Multiscale|Protect,ScaleShot,Tailwind,Haze|||F|||50|,,,,,Steel]Ursaluna-Bloodmoon||FocusSash|MindsEye|Protect,BloodMoon,EarthPower,HyperVoice|||M|||50|,,,,,Normal]Annihilape||LumBerry|Defiant|Protect,RageFist,CloseCombat,Taunt|||M|||50|,,,,,Fire]Volcarona||CovertCloak|FlameBody|Protect,QuiverDance,HeatWave,TeraBlast|||F|||50|,,,,,Fairy]Rillaboom||AssaultVest|GrassySurge|FakeOut,WoodHammer,GrassyGlide,HighHorsepower|||M|||50|,,,,,Fire]Incineroar||SafetyGoggles|Intimidate|FakeOut,PartingShot,FlareBlitz,KnockOff|||M|||50|,,,,,Ghost
|inactive|Battle timer is ON: inactive players will automatically lose when time's up. (requested by WashYoButt)
|
|t:|1757705006
|teamsize|p1|4
|teamsize|p2|4
|start
|switch|p1a: Incineroar|Incineroar, L50, M|100/100
|switch|p1b: Gholdengo|Gholdengo, L50|100/100
|switch|p2a: Rillaboom|Rillaboom, L50, M|100/100
|switch|p2b: Volcarona|Volcarona, L50, F|100/100
|-fieldstart|move: Grassy Terrain|[from] ability: Grassy Surge|[of] p2a: Rillaboom
|-ability|p1a: Incineroar|Intimidate|boost
|-unboost|p2a: Rillaboom|atk|1
|-unboost|p2b: Volcarona|atk|1
|turn|1
|
|t:|1757705027
|move|p1b: Gholdengo|Protect|p1b: Gholdengo
|-singleturn|p1b: Gholdengo|Protect
|move|p2a: Rillaboom|Fake Out|p1a: Incineroar
|-damage|p1a: Incineroar|93/100
|move|p2b: Volcarona|Quiver Dance|p2b: Volcarona
|-boost|p2b: Volcarona|spa|1
|-boost|p2b: Volcarona|spd|1
|-boost|p2b: Volcarona|spe|1
|cant|p1a: Incineroar|flinch
|
|-heal|p1a: Incineroar|99/100|[from] Grassy Terrain
|upkeep
|turn|2
|
|t:|1757705038
|switch|p1b: Basculegion|Basculegion, L50, M|100/100
|move|p2a: Rillaboom|Grassy Glide|p1b: Basculegion
|-supereffective|p1b: Basculegion
|-crit|p1b: Basculegion
|-damage|p1b: Basculegion|0 fnt
|faint|p1b: Basculegion
|move|p2b: Volcarona|Heat Wave|p1a: Incineroar
|-resisted|p1a: Incineroar
|-damage|p1a: Incineroar|75/100
|move|p1a: Incineroar|Parting Shot|p2b: Volcarona
|-unboost|p2b: Volcarona|atk|1
|-unboost|p2b: Volcarona|spa|1
|
|t:|1757705047
|switch|p1a: Ninetales|Ninetales-Alola, L50, M|100/100|[from] Parting Shot
|-weather|Snowscape|[from] ability: Snow Warning|[of] p1a: Ninetales
|
|-weather|Snowscape|[upkeep]
|upkeep
|
|t:|1757705049
|switch|p1b: Incineroar|Incineroar, L50, M|75/100
|-ability|p1b: Incineroar|Intimidate|boost
|-unboost|p2a: Rillaboom|atk|1
|-unboost|p2b: Volcarona|atk|1
|turn|3
|inactive|nikolasnaiz has 30 seconds left.
|
|t:|1757705080
|switch|p2a: Annihilape|Annihilape, L50, M, shiny|100/100
|move|p2b: Volcarona|Heat Wave|p1a: Ninetales|[spread] p1a,p1b
|-supereffective|p1a: Ninetales
|-resisted|p1b: Incineroar
|-damage|p1a: Ninetales|28/100
|-damage|p1b: Incineroar|61/100
|move|p1a: Ninetales|Blizzard|p2a: Annihilape|[spread] p2a,p2b
|-resisted|p2b: Volcarona
|-damage|p2a: Annihilape|73/100
|-damage|p2b: Volcarona|90/100
|move|p1b: Incineroar|Flare Blitz|p2b: Volcarona
|-damage|p2b: Volcarona|39/100
|-damage|p1b: Incineroar|46/100|[from] Recoil
|
|-weather|Snowscape|[upkeep]
|-heal|p2b: Volcarona|45/100|[from] Grassy Terrain
|-heal|p1a: Ninetales|34/100|[from] Grassy Terrain
|-heal|p2a: Annihilape|80/100|[from] Grassy Terrain
|-heal|p1b: Incineroar|52/100|[from] Grassy Terrain
|upkeep
|turn|4
|
|t:|1757705099
|move|p2b: Volcarona|Heat Wave|p1b: Incineroar|[spread] p1a,p1b
|-supereffective|p1a: Ninetales
|-resisted|p1b: Incineroar
|-damage|p1a: Ninetales|0 fnt
|-damage|p1b: Incineroar|39/100
|faint|p1a: Ninetales
|move|p2a: Annihilape|Close Combat|p1b: Incineroar
|-supereffective|p1b: Incineroar
|-damage|p1b: Incineroar|0 fnt
|-unboost|p2a: Annihilape|def|1
|-unboost|p2a: Annihilape|spd|1
|faint|p1b: Incineroar
|
|-weather|Snowscape|[upkeep]
|-heal|p2b: Volcarona|52/100|[from] Grassy Terrain
|-heal|p2a: Annihilape|86/100|[from] Grassy Terrain
|upkeep
|
|t:|1757705103
|switch|p1a: Gholdengo|Gholdengo, L50|100/100
|turn|5
|
|t:|1757705110
|switch|p2a: Dragonite|Dragonite, L50, F|100/100
|-terastallize|p1a: Gholdengo|Water
|move|p2b: Volcarona|Heat Wave|p1a: Gholdengo
|-resisted|p1a: Gholdengo
|-damage|p1a: Gholdengo|75/100
|-status|p1a: Gholdengo|brn
|move|p1a: Gholdengo|Make It Rain|p2b: Volcarona|[spread] p2a,p2b
|-resisted|p2b: Volcarona
|-damage|p2a: Dragonite|63/100
|-damage|p2b: Volcarona|32/100
|-unboost|p1a: Gholdengo|spa|1
|-damage|p1a: Gholdengo|66/100 brn|[from] item: Life Orb
|
|-weather|Snowscape|[upkeep]
|-heal|p2b: Volcarona|38/100|[from] Grassy Terrain
|-heal|p1a: Gholdengo|72/100 brn|[from] Grassy Terrain
|-damage|p1a: Gholdengo|66/100 brn|[from] brn
|-fieldend|move: Grassy Terrain
|upkeep
|turn|6
|
|t:|1757705124
|move|p2b: Volcarona|Tera Blast|p1a: Gholdengo
|-damage|p1a: Gholdengo|38/100 brn
|move|p1a: Gholdengo|Nasty Plot|p1a: Gholdengo
|-boost|p1a: Gholdengo|spa|2
|move|p2a: Dragonite|Tailwind|p2a: Dragonite
|-sidestart|p2: nikolasnaiz|move: Tailwind
|
|-weather|none
|-damage|p1a: Gholdengo|32/100 brn|[from] brn
|upkeep
|turn|7
|-message|WashYoButt forfeited.
|
|win|nikolasnaiz
|raw|WashYoButt's rating: 1107 → 1091(-16 for losing)
|raw|nikolasnaiz's rating: 1236 → 1252(+16 for winning)
