|j|☆speedrunmgdelphie
|j|☆Olciax34
|html|speedrunmgdelphieOlciax34    
|uhtml|bestof|Game 1 of a best-of-3
|t:|1784123656
|gametype|doubles
|player|p1|speedrunmgdelphie|barry|1110
|player|p2|Olciax34|clair|1197
|gen|9
|tier|[Gen 9 Champions] VGC 2026 Reg M-B (Bo3)
|rated|
|rule|Species Clause: Limit one of each Pokémon
|rule|Item Clause: Limit 1 of each item
|clearpoke
|poke|p1|Floette-Eternal, L50, F|
|poke|p1|Farigiraf, L50, F|
|poke|p1|Whimsicott, L50, F|
|poke|p1|Sneasler, L50, M|
|poke|p1|Charizard, L50, M|
|poke|p1|Incineroar, L50, M|
|poke|p2|Ceruledge, L50, M|
|poke|p2|Milotic, L50, F|
|poke|p2|Sinistcha, L50|
|poke|p2|Raichu, L50, M|
|poke|p2|Incineroar, L50, M|
|poke|p2|Floette-Eternal, L50, F|
|teampreview|4
|showteam|p1|Floette-Eternal||Floettite|FlowerVeil|DrainingKiss,Moonblast,Protect,CalmMind|Modest||F|||50|]Farigiraf||SitrusBerry|ArmorTail|PsychicNoise,TrickRoom,HelpingHand,ThunderWave|Sassy||F|||50|]Whimsicott||FocusSash|Prankster|FakeTears,Tailwind,Encore,Moonblast|Modest||F|||50|]Sneasler||WhiteHerb|Unburden|FakeOut,CloseCombat,Protect,DireClaw|Jolly||M|||50|]Charizard||CharizarditeY|Blaze|HeatWave,Protect,WeatherBall,SolarBeam|Modest||M|||50|]Incineroar||ChopleBerry|Intimidate|FakeOut,FlareBlitz,PartingShot,WillOWisp|Careful||M|||50|
|showteam|p2|Ceruledge||ColburBerry|FlashFire|ShadowSneak,BitterBlade,BulkUp,Protect|Adamant||M|||50|]Milotic||Leftovers|Competitive|MuddyWater,Coil,Hypnosis,Protect|Calm||F|||50|]Sinistcha||KasibBerry|Hospitality|MatchaGotcha,LifeDew,RagePowder,StrengthSap|Calm|||||50|]Raichu||RaichuniteY|LightningRod|FakeOut,ZapCannon,FocusBlast,Protect|Timid||M|||50|]Incineroar||SitrusBerry|Intimidate|FakeOut,ThroatChop,FlareBlitz,PartingShot|Careful||M|||50|]Floette-Eternal||Floettite|FlowerVeil|CalmMind,DrainingKiss,Moonblast,Protect|Modest||F|||50|
|inactive|Battle timer is ON: inactive players will automatically lose when time's up. (requested by Olciax34)
|inactive|Olciax34 has 60 seconds left.
|
|t:|1784123717
|teamsize|p1|4
|teamsize|p2|4
|start
|switch|p1a: Floette|Floette-Eternal, L50, F|100/100
|switch|p1b: Sneasler|Sneasler, L50, M|100/100
|switch|p2a: Ceruledge|Ceruledge, L50, M|100/100
|switch|p2b: Incineroar|Incineroar, L50, M|100/100
|-ability|p2b: Incineroar|Intimidate|boost
|-unboost|p1a: Floette|atk|1
|-unboost|p1b: Sneasler|atk|1
|-enditem|p1b: Sneasler|White Herb
|-clearnegativeboost|p1b: Sneasler|[silent]
|turn|1
|
|t:|1784123735
|detailschange|p1a: Floette|Floette-Mega, L50, F
|-mega|p1a: Floette|Floette|Floettite
|-ability|p1a: Floette|Fairy Aura
|move|p1b: Sneasler|Fake Out|p2b: Incineroar
|-damage|p2b: Incineroar|86/100
|cant|p2b: Incineroar|flinch
|move|p1a: Floette|Calm Mind|p1a: Floette
|-boost|p1a: Floette|spa|1
|-boost|p1a: Floette|spd|1
|move|p2a: Ceruledge|Bulk Up|p2a: Ceruledge
|-boost|p2a: Ceruledge|atk|1
|-boost|p2a: Ceruledge|def|1
|
|upkeep
|turn|2
|
|t:|1784123752
|switch|p2b: Sinistcha|Sinistcha, L50|100/100
|move|p1b: Sneasler|Close Combat|p2b: Sinistcha
|-immune|p2b: Sinistcha
|move|p1a: Floette|Moonblast|p2a: Ceruledge
|-resisted|p2a: Ceruledge|1
|-damage|p2a: Ceruledge|43/100
|move|p2a: Ceruledge|Bitter Blade|p1a: Floette
|-damage|p1a: Floette|22/100
|-heal|p2a: Ceruledge|78/100|[from] drain|[of] p1a: Floette
|
|upkeep
|turn|3
|
|t:|1784123771
|switch|p1b: Farigiraf|Farigiraf, L50, F|100/100
|switch|p2b: Incineroar|Incineroar, L50, M|86/100
|-ability|p2b: Incineroar|Intimidate|boost
|-unboost|p1a: Floette|atk|1
|-unboost|p1b: Farigiraf|atk|1
|move|p2a: Ceruledge|Shadow Sneak||[still]
|cant|p1b: Farigiraf|ability: Armor Tail|Shadow Sneak|[of] p2a: Ceruledge
|move|p1a: Floette|Draining Kiss|p2b: Incineroar
|-damage|p2b: Incineroar|41/100
|-heal|p1a: Floette|65/100|[from] drain|[of] p2b: Incineroar
|-enditem|p2b: Incineroar|Sitrus Berry|[eat]
|-heal|p2b: Incineroar|66/100|[from] item: Sitrus Berry
|
|upkeep
|turn|4
|
|t:|1784123795
|move|p1a: Floette|Draining Kiss|p2b: Incineroar
|-damage|p2b: Incineroar|14/100
|-heal|p1a: Floette|100/100|[from] drain|[of] p2b: Incineroar
|move|p2a: Ceruledge|Bitter Blade|p1a: Floette
|-damage|p1a: Floette|11/100
|-heal|p2a: Ceruledge|100/100|[from] drain|[of] p1a: Floette
|move|p2b: Incineroar|Throat Chop|p1b: Farigiraf
|-supereffective|p1b: Farigiraf|1
|-damage|p1b: Farigiraf|33/100
|-start|p1b: Farigiraf|Throat Chop|[silent]
|-enditem|p1b: Farigiraf|Sitrus Berry|[eat]
|-heal|p1b: Farigiraf|58/100|[from] item: Sitrus Berry
|cant|p1b: Farigiraf|move: Throat Chop
|
|upkeep
|turn|5
|
|t:|1784123816
|switch|p1b: Sneasler|Sneasler, L50, M|100/100
|move|p1a: Floette|Protect|p1a: Floette
|-singleturn|p1a: Floette|Protect
|move|p2a: Ceruledge|Bitter Blade|p1a: Floette
|-activate|p1a: Floette|move: Protect
|move|p2b: Incineroar|Throat Chop|p1b: Sneasler
|-resisted|p1b: Sneasler|1
|-damage|p1b: Sneasler|75/100
|-start|p1b: Sneasler|Throat Chop|[silent]
|
|upkeep
|turn|6
|
|t:|1784123835
|switch|p1a: Farigiraf|Farigiraf, L50, F|58/100
|move|p1b: Sneasler|Dire Claw|p2a: Ceruledge
|-resisted|p2a: Ceruledge|1
|-damage|p2a: Ceruledge|83/100
|-status|p2a: Ceruledge|slp
|cant|p2a: Ceruledge|slp
|move|p2b: Incineroar|Flare Blitz|p1b: Sneasler
|-damage|p1b: Sneasler|0 fnt
|faint|p1b: Sneasler
|-damage|p2b: Incineroar|0 fnt|[from] Recoil
|faint|p2b: Incineroar
|
|upkeep
|
|t:|1784123853
|switch|p1b: Floette|Floette-Mega, L50, F|11/100
|switch|p2b: Raichu|Raichu, L50, M|100/100
|-ability|p1b: Floette|Fairy Aura
|turn|7
|
|t:|1784123866
|detailschange|p2b: Raichu|Raichu-Mega-Y, L50, M
|-mega|p2b: Raichu|Raichu|Raichunite Y
|move|p1b: Floette|Protect|p1b: Floette
|-singleturn|p1b: Floette|Protect
|move|p2b: Raichu|Zap Cannon|p1b: Floette
|-activate|p1b: Floette|move: Protect
|-curestatus|p2a: Ceruledge|slp|[msg]
|move|p2a: Ceruledge|Bitter Blade|p1a: Farigiraf
|-damage|p1a: Farigiraf|0 fnt
|-heal|p2a: Ceruledge|100/100|[from] drain|[of] p1a: Farigiraf
|faint|p1a: Farigiraf
|
|upkeep
|inactive|speedrunmgdelphie has 30 seconds left.
|inactive|speedrunmgdelphie has 20 seconds left.
|inactive|speedrunmgdelphie has 15 seconds left.
|inactive|speedrunmgdelphie has 10 seconds left.
|inactive|speedrunmgdelphie has 5 seconds left.
|
|t:|1784123921
|switch|p1a: Whimsicott|Whimsicott, L50, F|100/100
|turn|8
|inactive|speedrunmgdelphie has 30 seconds left.
|inactive|Olciax34 has 30 seconds left.
|inactive|speedrunmgdelphie has 20 seconds left.
|inactive|speedrunmgdelphie has 15 seconds left.
|inactive|speedrunmgdelphie has 10 seconds left.
|inactive|speedrunmgdelphie has 5 seconds left.
|
|t:|1784123976
|move|p1a: Whimsicott|Fake Tears|p2b: Raichu
|-unboost|p2b: Raichu|spd|2
|move|p2a: Ceruledge|Shadow Sneak|p1b: Floette
|-crit|p1b: Floette
|-damage|p1b: Floette|0 fnt
|faint|p1b: Floette
|move|p2b: Raichu|Zap Cannon|p1a: Whimsicott
|-resisted|p1a: Whimsicott|1
|-damage|p1a: Whimsicott|53/100
|-status|p1a: Whimsicott|par
|
|upkeep
|turn|9
|inactive|speedrunmgdelphie has 30 seconds left.
|inactive|speedrunmgdelphie has 20 seconds left.
|inactive|speedrunmgdelphie has 15 seconds left.
|inactive|speedrunmgdelphie has 10 seconds left.
|inactive|speedrunmgdelphie has 5 seconds left.
|
|t:|1784124031
|move|p2a: Ceruledge|Shadow Sneak|p1a: Whimsicott
|-damage|p1a: Whimsicott|13/100 par
|move|p1a: Whimsicott|Fake Tears|p2b: Raichu
|-unboost|p2b: Raichu|spd|2
|move|p2b: Raichu|Zap Cannon|p1a: Whimsicott
|-resisted|p1a: Whimsicott|1
|-damage|p1a: Whimsicott|0 fnt
|faint|p1a: Whimsicott
|
|win|Olciax34
