|j|☆Jojo_Z.ro1015
|j|☆goatdengo80
|html|Jojo_Z.ro1015goatdengo80    
|uhtml|bestof|Game 3 of a best-of-3
|t:|1785342898
|gametype|doubles
|player|p1|Jojo_Z.ro1015|riley|1086
|player|p2|goatdengo80|artist|1128
|gen|9
|tier|[Gen 9 Champions] VGC 2026 Reg M-B (Bo3)
|rated|
|rule|Species Clause: Limit one of each Pokémon
|rule|Item Clause: Limit 1 of each item
|clearpoke
|poke|p1|Sceptile, L50, M, shiny|
|poke|p1|Jolteon, L50, M|
|poke|p1|Staraptor, L50, M, shiny|
|poke|p1|Talonflame, L50, M, shiny|
|poke|p1|Sinistcha-Masterpiece, L50|
|poke|p1|Garchomp, L50, M, shiny|
|poke|p2|Floette-Eternal, L50, F|
|poke|p2|Incineroar, L50, M|
|poke|p2|Farigiraf, L50, F|
|poke|p2|Milotic, L50, M|
|poke|p2|Delphox, L50, M|
|poke|p2|Sneasler, L50, M|
|teampreview|4
|showteam|p1|Sceptile||Sceptilite|Unburden|DragonPulse,EnergyBall,Detect,EarthPower|Modest||M|||50|]Jolteon||ChoiceScarf|VoltAbsorb|Protect,Discharge,AlluringVoice,Thunderbolt|Timid||M|||50|]Staraptor||Staraptite|Intimidate|CloseCombat,BraveBird,Tailwind,Roost|Adamant||M|||50|]Talonflame|||GaleWings|Tailwind,Acrobatics,BlazeKick,Protect|Jolly||M|||50|]Sinistcha-Masterpiece||SitrusBerry|Hospitality|StrengthSap,MatchaGotcha,RagePowder,LifeDew|Bold|||||50|]Garchomp||YacheBerry|RoughSkin|DragonClaw,SwordsDance,FireFang,Earthquake|Jolly||M|||50|
|showteam|p2|Floette-Eternal||Floettite|FlowerVeil|DrainingKiss,DazzlingGleam,LightofRuin,Protect|Timid||F|||50|]Incineroar||ChopleBerry|Intimidate|FakeOut,ThroatChop,FlareBlitz,PartingShot|Impish||M|||50|]Farigiraf||SitrusBerry|ArmorTail|TwinBeam,Thunderbolt,Roar,TrickRoom|Quiet||F|||50|]Milotic||Leftovers|Competitive|MuddyWater,Hypnosis,Recover,Coil|Bold||M|||50|]Delphox||Delphoxite|Blaze|HeatWave,Psyshock,NastyPlot,Protect|Timid||M|||50|]Sneasler||WhiteHerb|Unburden|FakeOut,CloseCombat,DireClaw,ThroatChop|Jolly||M|||50|
|inactive|Battle timer is ON: inactive players will automatically lose when time's up. (requested by Jojo_Z.ro1015)
|
|t:|1785342915
|teamsize|p1|4
|teamsize|p2|4
|start
|switch|p1a: Sceptile|Sceptile, L50, M, shiny|100/100
|switch|p1b: Jolteon|Jolteon, L50, M|100/100
|switch|p2a: Floette|Floette-Eternal, L50, F|100/100
|switch|p2b: Incineroar|Incineroar, L50, M|100/100
|-ability|p2b: Incineroar|Intimidate|boost
|-unboost|p1a: Sceptile|atk|1
|-unboost|p1b: Jolteon|atk|1
|turn|1
|
|t:|1785342935
|detailschange|p1a: Sceptile|Sceptile-Mega, L50, M, shiny
|-mega|p1a: Sceptile|Sceptile|Sceptilite
|detailschange|p2a: Floette|Floette-Mega, L50, F
|-mega|p2a: Floette|Floette|Floettite
|-ability|p2a: Floette|Fairy Aura
|move|p1a: Sceptile|Detect|p1a: Sceptile
|-singleturn|p1a: Sceptile|Protect
|move|p2b: Incineroar|Fake Out|p1a: Sceptile
|-activate|p1a: Sceptile|move: Protect
|move|p1b: Jolteon|Discharge|p2b: Incineroar|[spread] p2a,p2b
|-activate|p1a: Sceptile|move: Protect
|-damage|p2a: Floette|76/100
|-damage|p2b: Incineroar|75/100
|-status|p2b: Incineroar|par
|move|p2a: Floette|Dazzling Gleam|p1b: Jolteon|[spread] p1b
|-activate|p1a: Sceptile|move: Protect
|-damage|p1b: Jolteon|42/100
|
|upkeep
|turn|2
|inactive|goatdengo80 has 30 seconds left.
|
|t:|1785342961
|move|p2a: Floette|Protect|p2a: Floette
|-singleturn|p2a: Floette|Protect
|move|p1b: Jolteon|Discharge|p2b: Incineroar|[spread] p2b
|-activate|p2a: Floette|move: Protect
|-ability|p1a: Sceptile|Lightning Rod|boost
|-boost|p1a: Sceptile|spa|1
|-damage|p2b: Incineroar|53/100 par
|move|p1a: Sceptile|Energy Ball|p2a: Floette
|-activate|p2a: Floette|move: Protect
|move|p2b: Incineroar|Flare Blitz|p1a: Sceptile
|-damage|p1a: Sceptile|32/100
|-damage|p2b: Incineroar|37/100 par|[from] Recoil
|
|upkeep
|turn|3
|inactive|goatdengo80 has 30 seconds left.
|
|t:|1785342992
|switch|p2a: Sneasler|Sneasler, L50, M|100/100
|move|p1b: Jolteon|Discharge|p2a: Sneasler|[spread] p2a,p2b
|-ability|p1a: Sceptile|Lightning Rod|boost
|-boost|p1a: Sceptile|spa|1
|-damage|p2a: Sneasler|63/100
|-damage|p2b: Incineroar|15/100 par
|move|p1a: Sceptile|Energy Ball|p2a: Sneasler
|-resisted|p2a: Sneasler|1
|-damage|p2a: Sneasler|0 fnt
|faint|p2a: Sneasler
|move|p2b: Incineroar|Flare Blitz|p1a: Sceptile
|-damage|p1a: Sceptile|0 fnt
|faint|p1a: Sceptile
|-damage|p2b: Incineroar|7/100 par|[from] Recoil
|
|upkeep
|
|t:|1785343007
|switch|p1a: Garchomp|Garchomp, L50, M, shiny|100/100
|switch|p2a: Floette|Floette-Mega, L50, F|76/100
|-ability|p2a: Floette|Fairy Aura
|turn|4
|
|t:|1785343020
|move|p1b: Jolteon|Discharge|p2a: Floette|[spread] p2a,p2b
|-immune|p1a: Garchomp
|-damage|p2a: Floette|51/100
|-damage|p2b: Incineroar|0 fnt
|faint|p2b: Incineroar
|move|p1a: Garchomp|Earthquake|p2a: Floette|[spread] p1b,p2a
|-supereffective|p1b: Jolteon|1
|-damage|p1b: Jolteon|0 fnt
|-damage|p2a: Floette|0 fnt
|faint|p1b: Jolteon
|faint|p2a: Floette
|
|upkeep
|
|t:|1785343030
|switch|p1b: Talonflame|Talonflame, L50, M, shiny|100/100
|switch|p2b: Milotic|Milotic, L50, M|100/100
|turn|5
|
|t:|1785343042
|move|p1b: Talonflame|Acrobatics|p2b: Milotic
|-crit|p2b: Milotic
|-damage|p2b: Milotic|45/100
|move|p1a: Garchomp|Earthquake|p2b: Milotic|[spread] p2b
|-immune|p1b: Talonflame
|-damage|p2b: Milotic|10/100
|move|p2b: Milotic|Coil|p2b: Milotic
|-boost|p2b: Milotic|atk|1
|-boost|p2b: Milotic|def|1
|-boost|p2b: Milotic|accuracy|1
|
|-heal|p2b: Milotic|17/100|[from] item: Leftovers
|upkeep
|turn|6
|
|t:|1785343056
|move|p1b: Talonflame|Acrobatics|p2b: Milotic
|-damage|p2b: Milotic|0 fnt
|faint|p2b: Milotic
|
|win|Jojo_Z.ro1015
|raw|Jojo_Z.ro1015's rating: 1086 → 1116(+30 for winning)
|raw|goatdengo80's rating: 1128 → 1100(-28 for losing)
|l|☆goatdengo80
|player|p2|
