|j|☆scawy monsta
|j|☆wait for swarley
|html|scawy monstawait for swarley    
|uhtml|bestof|Game 1 of a best-of-3
|t:|1784768147
|gametype|doubles
|player|p1|scawy monsta|roxie|1309
|player|p2|wait for swarley|volo|1269
|gen|9
|tier|[Gen 9 Champions] VGC 2026 Reg M-B (Bo3)
|rated|
|rule|Species Clause: Limit one of each Pokémon
|rule|Item Clause: Limit 1 of each item
|clearpoke
|poke|p1|Raichu, L50, M, shiny|
|poke|p1|Whimsicott, L50, F|
|poke|p1|Ninetales-Alola, L50, M|
|poke|p1|Annihilape, L50, M|
|poke|p1|Garchomp, L50, F|
|poke|p1|Scovillain, L50, F, shiny|
|poke|p2|Grimmsnarl, L50, M|
|poke|p2|Incineroar, L50, F|
|poke|p2|Maushold-Four, L50|
|poke|p2|Annihilape, L50, M|
|poke|p2|Floette-Eternal, L50, F|
|poke|p2|Raichu, L50, F|
|teampreview|4
|showteam|p1|Raichu||RaichuniteY|LightningRod|FocusBlast,ZapCannon,Protect,FakeOut|Timid||M|||50|]Whimsicott||FocusSash|Prankster|Encore,Tailwind,Moonblast,Protect|Timid||F|||50|]Ninetales-Alola||NeverMeltIce|SnowWarning|FreezeDry,Blizzard,AuroraVeil,Protect|Timid||M|||50|]Annihilape||RoseliBerry|Defiant|BulkUp,Protect,RageFist,DrainPunch|Adamant||M|||50|]Garchomp||LifeOrb|RoughSkin|RockSlide,StompingTantrum,DragonClaw,Protect|Jolly||F|||50|]Scovillain||Scovillainite|Moody|RagePowder,Protect,FireSpin,LeechSeed|Calm||F|||50|
|showteam|p2|Grimmsnarl||LightClay|Prankster|SpiritBreak,Reflect,LightScreen,PartingShot|Careful||M|||50|]Incineroar||SitrusBerry|Intimidate|FakeOut,FlareBlitz,ThroatChop,PartingShot|Careful||F|||50|]Maushold-Four||FocusSash|FriendGuard|FollowMe,SuperFang,Encore,Protect|Timid|||||50|]Annihilape||Leftovers|Defiant|RageFist,DrainPunch,BulkUp,Protect|Adamant||M|||50|]Floette-Eternal||Floettite|FlowerVeil|Moonblast,DrainingKiss,CalmMind,Protect|Modest||F|||50|]Raichu||RaichuniteY|LightningRod|ZapCannon,GrassKnot,FakeOut,Protect|Modest||F|||50|
|inactive|Battle timer is ON: inactive players will automatically lose when time's up. (requested by scawy monsta)
|inactive|scawy monsta has 60 seconds left.
|inactive|wait for swarley has 60 seconds left.
|inactive|scawy monsta has 30 seconds left.
|inactive|wait for swarley has 30 seconds left.
|
|t:|1784768211
|teamsize|p1|4
|teamsize|p2|4
|start
|switch|p1a: Annihilape|Annihilape, L50, M|100/100
|switch|p1b: Willian|Scovillain, L50, F, shiny|100/100
|switch|p2a: Incineroar|Incineroar, L50, F|100/100
|switch|p2b: Floette|Floette-Eternal, L50, F|100/100
|-ability|p2a: Incineroar|Intimidate|boost
|-unboost|p1a: Annihilape|atk|1
|-ability|p1a: Annihilape|Defiant|boost
|-boost|p1a: Annihilape|atk|2
|-unboost|p1b: Willian|atk|1
|turn|1
|
|t:|1784768229
|switch|p1b: Garchomp|Garchomp, L50, F|100/100
|detailschange|p2b: Floette|Floette-Mega, L50, F
|-mega|p2b: Floette|Floette|Floettite
|-ability|p2b: Floette|Fairy Aura
|move|p2a: Incineroar|Fake Out|p1b: Garchomp
|-damage|p1b: Garchomp|89/100
|-damage|p2a: Incineroar|87/100|[from] ability: Rough Skin|[of] p1b: Garchomp
|move|p2b: Floette|Moonblast|p1a: Annihilape
|-supereffective|p1a: Annihilape|1
|-enditem|p1a: Annihilape|Roseli Berry|[eat]
|-enditem|p1a: Annihilape|Roseli Berry|[weaken]
|-damage|p1a: Annihilape|40/100
|move|p1a: Annihilape|Bulk Up|p1a: Annihilape
|-boost|p1a: Annihilape|atk|1
|-boost|p1a: Annihilape|def|1
|
|upkeep
|turn|2
|inactive|wait for swarley has 30 seconds left.
|
|t:|1784768264
|switch|p2a: Grimmsnarl|Grimmsnarl, L50, M|100/100
|move|p1b: Garchomp|Stomping Tantrum|p2b: Floette
|-damage|p2b: Floette|43/100
|-damage|p1b: Garchomp|79/100|[from] item: Life Orb
|move|p2b: Floette|Moonblast|p1a: Annihilape
|-supereffective|p1a: Annihilape|1
|-damage|p1a: Annihilape|0 fnt
|faint|p1a: Annihilape
|
|upkeep
|
|t:|1784768269
|switch|p1a: Loki|Ninetales-Alola, L50, M|100/100
|-weather|Snowscape|[from] ability: Snow Warning|[of] p1a: Loki
|turn|3
|
|t:|1784768282
|switch|p1b: Willian|Scovillain, L50, F, shiny|100/100
|move|p2b: Floette|Protect|p2b: Floette
|-singleturn|p2b: Floette|Protect
|move|p2a: Grimmsnarl|Reflect|p2a: Grimmsnarl
|-sidestart|p2: wait for swarley|Reflect
|move|p1a: Loki|Blizzard|p2b: Floette|[spread] p2a
|-activate|p2b: Floette|move: Protect
|-damage|p2a: Grimmsnarl|65/100
|
|-weather|Snowscape|[upkeep]
|-ability|p1b: Willian|Moody|boost
|-boost|p1b: Willian|spe|2
|-unboost|p1b: Willian|atk|1
|upkeep
|turn|4
|inactive|wait for swarley has 30 seconds left.
|
|t:|1784768308
|move|p2a: Grimmsnarl|Light Screen|p2a: Grimmsnarl
|-sidestart|p2: wait for swarley|move: Light Screen
|move|p1b: Willian|Leech Seed|p2b: Floette
|-start|p2b: Floette|move: Leech Seed
|move|p1a: Loki|Aurora Veil|p1a: Loki
|-sidestart|p1: scawy monsta|move: Aurora Veil
|move|p2b: Floette|Moonblast|p1a: Loki
|-damage|p1a: Loki|42/100
|
|-weather|Snowscape|[upkeep]
|-damage|p2b: Floette|30/100|[from] Leech Seed|[of] p1b: Willian
|-ability|p1b: Willian|Moody|boost
|-boost|p1b: Willian|spa|2
|-unboost|p1b: Willian|def|1
|upkeep
|turn|5
|
|t:|1784768323
|move|p1b: Willian|Protect|p1b: Willian
|-singleturn|p1b: Willian|Protect
|move|p1a: Loki|Protect|p1a: Loki
|-singleturn|p1a: Loki|Protect
|move|p2a: Grimmsnarl|Parting Shot|p1b: Willian
|-activate|p1b: Willian|move: Protect
|move|p2b: Floette|Moonblast|p1a: Loki
|-activate|p1a: Loki|move: Protect
|
|-weather|Snowscape|[upkeep]
|-damage|p2b: Floette|18/100|[from] Leech Seed|[of] p1b: Willian
|-ability|p1b: Willian|Moody|boost
|-boost|p1b: Willian|spa|2
|-unboost|p1b: Willian|atk|1
|upkeep
|turn|6
|
|t:|1784768335
|detailschange|p1b: Willian|Scovillain-Mega, L50, F, shiny
|-mega|p1b: Willian|Scovillain|Scovillainite
|move|p2a: Grimmsnarl|Parting Shot|p1b: Willian
|-unboost|p1b: Willian|atk|1
|-unboost|p1b: Willian|spa|1
|
|t:|1784768342
|switch|p2a: Maushold|Maushold-Four, L50|100/100|[from] Parting Shot
|move|p1b: Willian|Fire Spin|p2a: Maushold
|-damage|p2a: Maushold|64/100
|-activate|p2a: Maushold|move: Fire Spin|[of] p1b: Willian
|move|p1a: Loki|Blizzard|p2a: Maushold|[spread] p2a,p2b
|-damage|p2a: Maushold|30/100
|-damage|p2b: Floette|1/100
|-status|p2b: Floette|frz
|cant|p2b: Floette|frz
|
|-weather|Snowscape|[upkeep]
|-damage|p2b: Floette|0 fnt|[from] Leech Seed|[of] p1b: Willian
|faint|p2b: Floette
|-damage|p2a: Maushold|18/100|[from] move: Fire Spin|[partiallytrapped]
|upkeep
|
|t:|1784768359
|switch|p2b: Incineroar|Incineroar, L50, F|87/100
|-ability|p2b: Incineroar|Intimidate|boost
|-unboost|p1a: Loki|atk|1
|-unboost|p1b: Willian|atk|1
|turn|7
|
|t:|1784768369
|move|p1b: Willian|Protect|p1b: Willian
|-singleturn|p1b: Willian|Protect
|move|p1a: Loki|Protect|p1a: Loki
|-singleturn|p1a: Loki|Protect
|move|p2a: Maushold|Super Fang|p1b: Willian
|-activate|p1b: Willian|move: Protect
|move|p2b: Incineroar|Flare Blitz|p1b: Willian
|-activate|p1b: Willian|move: Protect
|
|-weather|none
|-damage|p2a: Maushold|6/100|[from] move: Fire Spin|[partiallytrapped]
|upkeep
|turn|8
|
|t:|1784768381
|move|p1b: Willian|Leech Seed|p2b: Incineroar
|-start|p2b: Incineroar|move: Leech Seed
|move|p2a: Maushold|Super Fang|p1b: Willian
|-damage|p1b: Willian|50/100y
|-status|p2a: Maushold|brn|[from] ability: Spicy Spray|[of] p1b: Willian
|move|p1a: Loki|Freeze-Dry|p2a: Maushold
|-damage|p2a: Maushold|0 fnt
|faint|p2a: Maushold
|move|p2b: Incineroar|Flare Blitz|p1b: Willian
|-damage|p1b: Willian|1/100
|-immune|p2b: Incineroar
|-damage|p2b: Incineroar|72/100|[from] Recoil
|
|-damage|p2b: Incineroar|60/100|[from] Leech Seed|[of] p1b: Willian
|-heal|p1b: Willian|14/100|[silent]
|-sideend|p1: scawy monsta|move: Aurora Veil
|upkeep
|
|t:|1784768394
|switch|p2a: Grimmsnarl|Grimmsnarl, L50, M|65/100
|turn|9
|
|t:|1784768410
|move|p1b: Willian|Protect|p1b: Willian
|-singleturn|p1b: Willian|Protect
|move|p1a: Loki|Blizzard|p2a: Grimmsnarl|[spread] p2a,p2b
|-resisted|p2b: Incineroar|1
|-damage|p2a: Grimmsnarl|41/100
|-damage|p2b: Incineroar|48/100
|-enditem|p2b: Incineroar|Sitrus Berry|[eat]
|-heal|p2b: Incineroar|73/100|[from] item: Sitrus Berry
|move|p2b: Incineroar|Flare Blitz|p1a: Loki
|-supereffective|p1a: Loki|1
|-damage|p1a: Loki|0 fnt
|faint|p1a: Loki
|-damage|p2b: Incineroar|63/100|[from] Recoil
|move|p2a: Grimmsnarl|Spirit Break|p1b: Willian
|-activate|p1b: Willian|move: Protect
|
|-damage|p2b: Incineroar|50/100g|[from] Leech Seed|[of] p1b: Willian
|-heal|p1b: Willian|28/100|[silent]
|upkeep
|
|t:|1784768420
|switch|p1a: Garchomp|Garchomp, L50, F|79/100
|turn|10
|
|t:|1784768429
|move|p1b: Willian|Fire Spin|p2b: Incineroar
|-resisted|p2b: Incineroar|1
|-damage|p2b: Incineroar|40/100
|-activate|p2b: Incineroar|move: Fire Spin|[of] p1b: Willian
|move|p1a: Garchomp|Stomping Tantrum|p2b: Incineroar
|-supereffective|p2b: Incineroar|1
|-damage|p2b: Incineroar|0 fnt
|faint|p2b: Incineroar
|-damage|p1a: Garchomp|69/100|[from] item: Life Orb
|move|p2a: Grimmsnarl|Spirit Break|p1a: Garchomp
|-supereffective|p1a: Garchomp|1
|-damage|p1a: Garchomp|3/100
|-unboost|p1a: Garchomp|spa|1
|-damage|p2a: Grimmsnarl|29/100|[from] ability: Rough Skin|[of] p1a: Garchomp
|
|-sideend|p2: wait for swarley|Reflect
|upkeep
|turn|11
|
|t:|1784768447
|move|p1b: Willian|Fire Spin|p2a: Grimmsnarl|[miss]
|-miss|p1b: Willian|p2a: Grimmsnarl
|move|p1a: Garchomp|Stomping Tantrum|p2a: Grimmsnarl
|-damage|p2a: Grimmsnarl|0 fnt
|faint|p2a: Grimmsnarl
|-damage|p1a: Garchomp|0 fnt|[from] item: Life Orb
|faint|p1a: Garchomp
|
|win|scawy monsta
||scawy monsta is ready for game 2.
||wait for swarley is ready for game 2.
|uhtml|next|Next: Game 2 of 3
