|j|☆JuanGuerrero09
|j|☆Checkmath
|html|JuanGuerrero09Checkmath    
|uhtml|bestof|Game 1 of a best-of-3
|t:|1757078865
|gametype|doubles
|player|p1|JuanGuerrero09|169|1145
|player|p2|Checkmath|1|1107
|gen|9
|tier|[Gen 9] VGC 2025 Reg H (Bo3)
|rated|
|rule|Species Clause: Limit one of each Pokémon
|rule|Item Clause: Limit 1 of each item
|clearpoke
|poke|p1|Sneasler, L50, M|
|poke|p1|Indeedee, L50, M|
|poke|p1|Tyranitar, L50, M|
|poke|p1|Excadrill, L50, M|
|poke|p1|Gholdengo, L50|
|poke|p1|Incineroar, L50, M|
|poke|p2|Ninetales-Alola, L50, F|
|poke|p2|Sneasler, L50, M|
|poke|p2|Electabuzz, L50, M|
|poke|p2|Rillaboom, L50, M|
|poke|p2|Volcarona, L50, F|
|poke|p2|Dragapult, L50, F|
|teampreview|4
|showteam|p1|Sneasler||WhiteHerb|Unburden|CloseCombat,DireClaw,FakeOut,Protect|||M|||50|,,,,,Dark]Indeedee||ChoiceScarf|PsychicSurge|ExpandingForce,TeraBlast,Trick,Protect|||M|||50|,,,,,Fire]Tyranitar||AssaultVest|SandStream|RockSlide,KnockOff,TeraBlast,LowKick|||M|||50|,,,,,Flying]Excadrill||FocusSash|SandRush|HighHorsepower,Earthquake,IronHead,Protect|||M|||50|,,,,,Ground]Gholdengo||MetalCoat|GoodasGold|ShadowBall,Protect,MakeItRain,NastyPlot||||||50|,,,,,Water]Incineroar||SafetyGoggles|Intimidate|FakeOut,KnockOff,FlareBlitz,PartingShot|||M|||50|,,,,,Ghost
|showteam|p2|Ninetales-Alola||LightClay|SnowWarning|AuroraVeil,Blizzard,Protect,Moonblast|||F|||50|,,,,,Ice]Sneasler||FocusSash|Unburden|CloseCombat,DireClaw,FakeOut,Protect|||M|||50|,,,,,Ghost]Electabuzz||Eviolite|VitalSpirit|FollowMe,Protect,Taunt,Electroweb|||M|||50|,,,,,Dragon]Rillaboom||AssaultVest|GrassySurge|FakeOut,GrassyGlide,Uturn,WoodHammer|||M|||50|,,,,,Fire]Volcarona||Leftovers|FlameBody|FieryDance,GigaDrain,QuiverDance,Protect|||F|||50|,,,,,Grass]Dragapult||ChoiceBand|ClearBody|DragonDarts,Uturn,TeraBlast,SuckerPunch|||F|||50|,,,,,Ghost
|inactive|Battle timer is ON: inactive players will automatically lose when time's up. (requested by JuanGuerrero09)
|
|t:|1757078938
|teamsize|p1|4
|teamsize|p2|4
|start
|switch|p1a: Tyranitar|Tyranitar, L50, M|100/100
|switch|p1b: Sneasler|Sneasler, L50, M|100/100
|switch|p2a: Volcarona|Volcarona, L50, F|100/100
|switch|p2b: Sneasler|Sneasler, L50, M|100/100
|-weather|Sandstorm|[from] ability: Sand Stream|[of] p1a: Tyranitar
|turn|1
|inactive|JuanGuerrero09 has 30 seconds left.
|inactive|Checkmath has 30 seconds left.
|
|t:|1757078973
|switch|p1b: Incineroar|Incineroar, L50, M|100/100
|-ability|p1b: Incineroar|Intimidate|boost
|-unboost|p2a: Volcarona|atk|1
|-unboost|p2b: Sneasler|atk|1
|switch|p2a: Ninetales|Ninetales-Alola, L50, F|100/100
|-weather|Snowscape|[from] ability: Snow Warning|[of] p2a: Ninetales
|-terastallize|p1a: Tyranitar|Flying
|move|p2b: Sneasler|Fake Out|p1b: Incineroar
|-damage|p1b: Incineroar|92/100
|move|p1a: Tyranitar|Rock Slide|p2a: Ninetales|[spread] p2a,p2b
|-supereffective|p2a: Ninetales
|-resisted|p2b: Sneasler
|-damage|p2a: Ninetales|42/100
|-damage|p2b: Sneasler|75/100
|
|-weather|Snowscape|[upkeep]
|upkeep
|turn|2
|inactive|JuanGuerrero09 has 30 seconds left.
|inactive|Checkmath has 30 seconds left.
|inactive|JuanGuerrero09 has 20 seconds left.
|inactive|Checkmath has 20 seconds left.
|inactive|JuanGuerrero09 has 15 seconds left.
|inactive|Checkmath has 15 seconds left.
|inactive|JuanGuerrero09 has 10 seconds left.
|inactive|Checkmath has 10 seconds left.
|
|t:|1757079021
|switch|p2b: Electabuzz|Electabuzz, L50, M|100/100
|switch|p1a: Sneasler|Sneasler, L50, M|100/100
|move|p2a: Ninetales|Protect|p2a: Ninetales
|-singleturn|p2a: Ninetales|Protect
|move|p1b: Incineroar|Fake Out|p2b: Electabuzz
|-damage|p2b: Electabuzz|92/100
|
|-weather|Snowscape|[upkeep]
|upkeep
|turn|3
|inactive|Checkmath has 30 seconds left.
|
|t:|1757079054
|switch|p1b: Tyranitar|Tyranitar, L50, M, tera:Flying|100/100
|-weather|Sandstorm|[from] ability: Sand Stream|[of] p1b: Tyranitar
|move|p2b: Electabuzz|Follow Me|p2b: Electabuzz
|-singleturn|p2b: Electabuzz|move: Follow Me
|move|p1a: Sneasler|Close Combat|p2b: Electabuzz
|-damage|p2b: Electabuzz|41/100
|-unboost|p1a: Sneasler|def|1
|-unboost|p1a: Sneasler|spd|1
|-enditem|p1a: Sneasler|White Herb
|-clearnegativeboost|p1a: Sneasler|[silent]
|move|p2a: Ninetales|Aurora Veil||[still]
|-fail|p2a: Ninetales
|
|-weather|Sandstorm|[upkeep]
|-damage|p1a: Sneasler|95/100|[from] Sandstorm
|-damage|p2a: Ninetales|36/100|[from] Sandstorm
|-damage|p2b: Electabuzz|35/100|[from] Sandstorm
|-damage|p1b: Tyranitar|95/100|[from] Sandstorm
|upkeep
|turn|4
|
|t:|1757079078
|move|p2b: Electabuzz|Follow Me|p2b: Electabuzz
|-singleturn|p2b: Electabuzz|move: Follow Me
|move|p1a: Sneasler|Dire Claw|p2b: Electabuzz
|-damage|p2b: Electabuzz|0 fnt
|faint|p2b: Electabuzz
|move|p2a: Ninetales|Blizzard|p1a: Sneasler|[spread] p1a
|-miss|p2a: Ninetales|p1b: Tyranitar
|-damage|p1a: Sneasler|50/100
|move|p1b: Tyranitar|Rock Slide|p2a: Ninetales
|-supereffective|p2a: Ninetales
|-damage|p2a: Ninetales|0 fnt
|faint|p2a: Ninetales
|
|-weather|Sandstorm|[upkeep]
|-damage|p1a: Sneasler|44/100|[from] Sandstorm
|-damage|p1b: Tyranitar|89/100|[from] Sandstorm
|upkeep
|
|t:|1757079093
|switch|p2a: Sneasler|Sneasler, L50, M|75/100
|switch|p2b: Volcarona|Volcarona, L50, F|100/100
|turn|5
|inactive|JuanGuerrero09 has 30 seconds left.
|inactive|Checkmath has 30 seconds left.
|inactive|JuanGuerrero09 has 20 seconds left.
|inactive|JuanGuerrero09 has 15 seconds left.
|inactive|JuanGuerrero09 has 10 seconds left.
|
|t:|1757079139
|switch|p1a: Incineroar|Incineroar, L50, M|92/100
|-ability|p1a: Incineroar|Intimidate|boost
|-unboost|p2a: Sneasler|atk|1
|-unboost|p2b: Volcarona|atk|1
|switch|p1b: Excadrill|Excadrill, L50, M|100/100
|move|p2a: Sneasler|Fake Out|p1b: Excadrill
|-resisted|p1b: Excadrill
|-damage|p1b: Excadrill|93/100
|move|p2b: Volcarona|Quiver Dance|p2b: Volcarona
|-boost|p2b: Volcarona|spa|1
|-boost|p2b: Volcarona|spd|1
|-boost|p2b: Volcarona|spe|1
|
|-weather|Sandstorm|[upkeep]
|-damage|p2b: Volcarona|94/100|[from] Sandstorm
|-damage|p2a: Sneasler|69/100|[from] Sandstorm
|-heal|p2b: Volcarona|100/100|[from] item: Leftovers
|upkeep
|turn|6
|inactive|JuanGuerrero09 has 30 seconds left.
|inactive|Checkmath has 30 seconds left.
|
|t:|1757079174
|switch|p1a: Tyranitar|Tyranitar, L50, M, tera:Flying|89/100
|-terastallize|p2b: Volcarona|Grass
|move|p2a: Sneasler|Protect|p2a: Sneasler
|-singleturn|p2a: Sneasler|Protect
|move|p1b: Excadrill|Earthquake|p2b: Volcarona|[spread] p2b
|-activate|p2a: Sneasler|move: Protect
|-immune|p1a: Tyranitar
|-resisted|p2b: Volcarona
|-damage|p2b: Volcarona|77/100
|move|p2b: Volcarona|Quiver Dance|p2b: Volcarona
|-boost|p2b: Volcarona|spa|1
|-boost|p2b: Volcarona|spd|1
|-boost|p2b: Volcarona|spe|1
|
|-weather|Sandstorm|[upkeep]
|-damage|p2b: Volcarona|70/100|[from] Sandstorm
|-damage|p2a: Sneasler|64/100|[from] Sandstorm
|-damage|p1a: Tyranitar|83/100|[from] Sandstorm
|-heal|p2b: Volcarona|77/100|[from] item: Leftovers
|upkeep
|turn|7
|inactive|JuanGuerrero09 has 30 seconds left.
|inactive|Checkmath has 30 seconds left.
|
|t:|1757079204
|move|p1b: Excadrill|Earthquake|p2a: Sneasler|[spread] p2a,p2b
|-immune|p1a: Tyranitar
|-supereffective|p2a: Sneasler
|-resisted|p2b: Volcarona
|-damage|p2a: Sneasler|0 fnt
|-damage|p2b: Volcarona|51/100
|faint|p2a: Sneasler
|move|p2b: Volcarona|Giga Drain|p1b: Excadrill
|-damage|p1b: Excadrill|0 fnt
|-heal|p2b: Volcarona|96/100|[from] drain|[of] p1b: Excadrill
|faint|p1b: Excadrill
|move|p1a: Tyranitar|Tera Blast|p2b: Volcarona|[anim] Tera Blast Flying
|-supereffective|p2b: Volcarona
|-damage|p2b: Volcarona|0 fnt
|faint|p2b: Volcarona
|
|win|JuanGuerrero09
