|j|☆Tinman1025
|j|☆Lego Darth Malgus
|html|Tinman1025Lego Darth Malgus    
|uhtml|bestof|Game 1 of a best-of-3
|t:|1757018498
|gametype|doubles
|player|p1|Tinman1025|marlon|1201
|player|p2|Lego Darth Malgus|2|1308
|gen|9
|tier|[Gen 9] VGC 2025 Reg H (Bo3)
|rated|
|rule|Species Clause: Limit one of each Pokémon
|rule|Item Clause: Limit 1 of each item
|clearpoke
|poke|p1|Dondozo, L50, F|
|poke|p1|Tatsugiri, L50, M|
|poke|p1|Talonflame, L50, F|
|poke|p1|Gholdengo, L50|
|poke|p1|Dragonite, L50, F|
|poke|p1|Pawmot, L50, M|
|poke|p2|Kommo-o, L50, M|
|poke|p2|Tyranitar, L50, M|
|poke|p2|Excadrill, L50, F|
|poke|p2|Samurott-Hisui, L50, F|
|poke|p2|Rillaboom, L50, M|
|poke|p2|Volcarona, L50, M|
|teampreview|4
|showteam|p1|Dondozo||Leftovers|Unaware|Protect,WaveCrash,Earthquake,OrderUp|||F|||50|,,,,,Grass]Tatsugiri||ChoiceScarf|Commander|MuddyWater,DragonPulse,IcyWind,DracoMeteor|||M|||50|,,,,,Water]Talonflame||CovertCloak|GaleWings|Tailwind,BraveBird,FlareBlitz,WillOWisp|||F|||50|,,,,,Flying]Gholdengo||ChoiceSpecs|GoodasGold|MakeItRain,ShadowBall,Thunderbolt,Trick||||||50|,,,,,Steel]Dragonite||ChoiceBand|InnerFocus|ExtremeSpeed,Outrage,StompingTantrum,BrickBreak|||F|||50|,,,,,Normal]Pawmot||FocusSash|VoltAbsorb|CloseCombat,DoubleShock,FakeOut,RevivalBlessing|||M|||50|,,,,,Electric
|showteam|p2|Kommo-o||GrassySeed|Overcoat|BodyPress,IronDefense,Protect,DragonPulse|||M|||50|,,,,,Fairy]Tyranitar||ChoiceScarf|SandStream|RockSlide,KnockOff,TeraBlast,LowKick|||M|||50|,,,,,Flying]Excadrill||FocusSash|SandRush|HighHorsepower,IronHead,Bulldoze,Protect|||F|||50|,,,,,Ghost]Samurott-Hisui||AssaultVest|Sharpness|NightSlash,AquaCutter,SacredSword,SuckerPunch|||F|||50|,,,,,Ghost]Rillaboom||MiracleSeed|GrassySurge|FakeOut,DrumBeating,GrassyGlide,Taunt|||M|||50|,,,,,Water]Volcarona||SitrusBerry|FlameBody|QuiverDance,HeatWave,TeraBlast,Protect|||M|||50|,,,,,Fairy
|inactive|Battle timer is ON: inactive players will automatically lose when time's up. (requested by Lego Darth Malgus)
|inactive|Tinman1025 has 60 seconds left.
|
|t:|1757018543
|teamsize|p1|4
|teamsize|p2|4
|start
|switch|p1a: Pawmot|Pawmot, L50, M|100/100
|switch|p1b: Dondozo|Dondozo, L50, F|100/100
|switch|p2a: Tyranitar|Tyranitar, L50, M|100/100
|switch|p2b: Excadrill|Excadrill, L50, F, shiny|100/100
|-weather|Sandstorm|[from] ability: Sand Stream|[of] p2a: Tyranitar
|turn|1
|
|t:|1757018563
|-terastallize|p2a: Tyranitar|Flying
|move|p1a: Pawmot|Fake Out|p2a: Tyranitar
|-damage|p2a: Tyranitar|88/100
|move|p2b: Excadrill|Bulldoze|p1a: Pawmot|[spread] p1a,p1b
|-immune|p2a: Tyranitar
|-supereffective|p1a: Pawmot
|-damage|p1a: Pawmot|17/100
|-damage|p1b: Dondozo|84/100
|-unboost|p1a: Pawmot|spe|1
|-unboost|p1b: Dondozo|spe|1
|cant|p2a: Tyranitar|flinch
|move|p1b: Dondozo|Earthquake|p2b: Excadrill|[spread] p1a,p2b
|-immune|p2a: Tyranitar
|-supereffective|p1a: Pawmot
|-supereffective|p2b: Excadrill
|-damage|p1a: Pawmot|0 fnt
|-damage|p2b: Excadrill|33/100
|faint|p1a: Pawmot
|
|-weather|Sandstorm|[upkeep]
|-damage|p2a: Tyranitar|83/100|[from] Sandstorm
|-damage|p1b: Dondozo|78/100|[from] Sandstorm
|-heal|p1b: Dondozo|84/100|[from] item: Leftovers
|upkeep
|
|t:|1757018572
|switch|p1a: Dragonite|Dragonite, L50, F|100/100
|turn|2
|
|t:|1757018586
|switch|p1a: Tatsugiri|Tatsugiri, L50, M|100/100
|-activate|p1a: Tatsugiri|ability: Commander|[of] p1b: Dondozo
|-boost|p1b: Dondozo|atk|2
|-boost|p1b: Dondozo|spa|2
|-boost|p1b: Dondozo|spe|2
|-boost|p1b: Dondozo|def|2
|-boost|p1b: Dondozo|spd|2
|move|p2b: Excadrill|Iron Head|p1a: Tatsugiri|[miss]
|-miss|p2b: Excadrill|p1a: Tatsugiri
|move|p2a: Tyranitar|Rock Slide|p1b: Dondozo|[spread] p1b
|-miss|p2a: Tyranitar|p1a: Tatsugiri
|-damage|p1b: Dondozo|75/100
|move|p1b: Dondozo|Order Up|p2a: Tyranitar
|-damage|p2a: Tyranitar|32/100
|-boost|p1b: Dondozo|atk|1
|
|-weather|Sandstorm|[upkeep]
|-damage|p1a: Tatsugiri|94/100|[from] Sandstorm
|-damage|p2a: Tyranitar|27/100|[from] Sandstorm
|-damage|p1b: Dondozo|68/100|[from] Sandstorm
|-heal|p1b: Dondozo|75/100|[from] item: Leftovers
|upkeep
|turn|3
|
|t:|1757018607
|switch|p2a: Rillaboom|Rillaboom, L50, M, shiny|100/100
|-fieldstart|move: Grassy Terrain|[from] ability: Grassy Surge|[of] p2a: Rillaboom
|move|p1b: Dondozo|Protect|p1b: Dondozo
|-singleturn|p1b: Dondozo|Protect
|move|p2b: Excadrill|Iron Head|p1b: Dondozo
|-activate|p1b: Dondozo|move: Protect
|
|-weather|Sandstorm|[upkeep]
|-damage|p1a: Tatsugiri|88/100|[from] Sandstorm
|-damage|p2a: Rillaboom|95/100|[from] Sandstorm
|-damage|p1b: Dondozo|68/100|[from] Sandstorm
|-heal|p2b: Excadrill|39/100|[from] Grassy Terrain
|-heal|p1a: Tatsugiri|94/100|[from] Grassy Terrain
|-heal|p2a: Rillaboom|100/100|[from] Grassy Terrain
|-heal|p1b: Dondozo|75/100|[from] Grassy Terrain
|-heal|p1b: Dondozo|81/100|[from] item: Leftovers
|upkeep
|turn|4
|
|t:|1757018620
|-terastallize|p1b: Dondozo|Grass
|move|p2b: Excadrill|Iron Head|p1b: Dondozo
|-damage|p1b: Dondozo|65/100
|move|p2a: Rillaboom|Drum Beating|p1b: Dondozo
|-resisted|p1b: Dondozo
|-damage|p1b: Dondozo|53/100
|-unboost|p1b: Dondozo|spe|1
|cant|p1b: Dondozo|flinch
|
|-weather|Sandstorm|[upkeep]
|-damage|p1a: Tatsugiri|88/100|[from] Sandstorm
|-damage|p2a: Rillaboom|95/100|[from] Sandstorm
|-damage|p1b: Dondozo|47/100|[from] Sandstorm
|-heal|p2b: Excadrill|45/100|[from] Grassy Terrain
|-heal|p1a: Tatsugiri|94/100|[from] Grassy Terrain
|-heal|p2a: Rillaboom|100/100|[from] Grassy Terrain
|-heal|p1b: Dondozo|53/100|[from] Grassy Terrain
|-heal|p1b: Dondozo|59/100|[from] item: Leftovers
|upkeep
|turn|5
|
|t:|1757018629
|move|p1b: Dondozo|Protect|p1b: Dondozo
|-singleturn|p1b: Dondozo|Protect
|move|p2b: Excadrill|Iron Head|p1b: Dondozo
|-activate|p1b: Dondozo|move: Protect
|move|p2a: Rillaboom|Taunt|p1b: Dondozo
|-activate|p1b: Dondozo|move: Protect
|
|-weather|none
|-heal|p2b: Excadrill|51/100|[from] Grassy Terrain
|-heal|p1a: Tatsugiri|100/100|[from] Grassy Terrain
|-heal|p1b: Dondozo|65/100|[from] Grassy Terrain
|-heal|p1b: Dondozo|72/100|[from] item: Leftovers
|upkeep
|turn|6
|
|t:|1757018645
|move|p2b: Excadrill|Iron Head|p1b: Dondozo
|-damage|p1b: Dondozo|57/100
|move|p2a: Rillaboom|Taunt|p1b: Dondozo
|-start|p1b: Dondozo|move: Taunt
|cant|p1b: Dondozo|flinch
|
|-heal|p2b: Excadrill|57/100|[from] Grassy Terrain
|-heal|p1b: Dondozo|63/100|[from] Grassy Terrain
|-heal|p1b: Dondozo|69/100|[from] item: Leftovers
|upkeep
|turn|7
|
|t:|1757018653
|switch|p2a: Tyranitar|Tyranitar, L50, M, tera:Flying|27/100
|-weather|Sandstorm|[from] ability: Sand Stream|[of] p2a: Tyranitar
|move|p2b: Excadrill|Iron Head|p1b: Dondozo
|-damage|p1b: Dondozo|55/100
|move|p1b: Dondozo|Order Up|p2a: Tyranitar
|-damage|p2a: Tyranitar|0 fnt
|faint|p2a: Tyranitar
|-boost|p1b: Dondozo|atk|1
|
|-weather|Sandstorm|[upkeep]
|-damage|p1a: Tatsugiri|94/100|[from] Sandstorm
|-damage|p1b: Dondozo|48/100|[from] Sandstorm
|-heal|p2b: Excadrill|63/100|[from] Grassy Terrain
|-heal|p1a: Tatsugiri|100/100|[from] Grassy Terrain
|-heal|p1b: Dondozo|55/100|[from] Grassy Terrain
|-heal|p1b: Dondozo|61/100|[from] item: Leftovers
|-fieldend|move: Grassy Terrain
|upkeep
|
|t:|1757018655
|switch|p2a: Samurott|Samurott-Hisui, L50, F, shiny|100/100
|turn|8
|
|t:|1757018666
|move|p2b: Excadrill|Iron Head|p1b: Dondozo
|-crit|p1b: Dondozo
|-damage|p1b: Dondozo|18/100
|move|p2a: Samurott|Sacred Sword|p1b: Dondozo
|-damage|p1b: Dondozo|0 fnt
|faint|p1b: Dondozo
|
|-weather|Sandstorm|[upkeep]
|-damage|p1a: Tatsugiri|94/100|[from] Sandstorm
|-damage|p2a: Samurott|94/100|[from] Sandstorm
|upkeep
|
|t:|1757018671
|switch|p1b: Dragonite|Dragonite, L50, F|100/100
|turn|9
|
|t:|1757018685
|move|p1b: Dragonite|Extreme Speed|p2a: Samurott
|-damage|p2a: Samurott|32/100
|move|p2a: Samurott|Sucker Punch|p1a: Tatsugiri
|-damage|p1a: Tatsugiri|25/100
|move|p2b: Excadrill|High Horsepower|p1a: Tatsugiri
|-damage|p1a: Tatsugiri|0 fnt
|faint|p1a: Tatsugiri
|
|-weather|Sandstorm|[upkeep]
|-damage|p2a: Samurott|26/100|[from] Sandstorm
|-damage|p1b: Dragonite|94/100|[from] Sandstorm
|upkeep
|turn|10
|
|t:|1757018695
|move|p1b: Dragonite|Extreme Speed|p2a: Samurott
|-damage|p2a: Samurott|0 fnt
|faint|p2a: Samurott
|move|p2b: Excadrill|Iron Head|p1b: Dragonite
|-damage|p1b: Dragonite|52/100
|
|-weather|Sandstorm|[upkeep]
|-damage|p1b: Dragonite|45/100|[from] Sandstorm
|upkeep
|
|t:|1757018696
|switch|p2a: Rillaboom|Rillaboom, L50, M, shiny|100/100
|-fieldstart|move: Grassy Terrain|[from] ability: Grassy Surge|[of] p2a: Rillaboom
|turn|11
|
|t:|1757018704
|move|p1b: Dragonite|Extreme Speed|p2b: Excadrill
|-resisted|p2b: Excadrill
|-damage|p2b: Excadrill|26/100
|move|p2b: Excadrill|Iron Head|p1b: Dragonite
|-crit|p1b: Dragonite
|-damage|p1b: Dragonite|0 fnt
|faint|p1b: Dragonite
|
|win|Lego Darth Malgus
|l|☆Tinman1025
|player|p1|
||Lego Darth Malgus is ready for game 2.
||Tinman1025 is ready for game 2.
|uhtml|next|Next: Game 2 of 3
