|j|☆statonix
|j|☆jANMxRin
|html|statonixjANMxRin    
|uhtml|bestof|Game 3 of a best-of-3
|t:|1756297084
|gametype|doubles
|player|p1|statonix|266|1000
|player|p2|jANMxRin|acerola-masters|1008
|gen|9
|tier|[Gen 9] VGC 2025 Reg H (Bo3)
|rated|
|rule|Species Clause: Limit one of each Pokémon
|rule|Item Clause: Limit 1 of each item
|clearpoke
|poke|p1|Indeedee, L50, M|
|poke|p1|Sneasler, L50, F|
|poke|p1|Volcarona, L50, F|
|poke|p1|Annihilape, L50, F|
|poke|p1|Tyranitar, L50, F|
|poke|p1|Ursaluna-Bloodmoon, L50, M|
|poke|p2|Gardevoir, L50, F|
|poke|p2|Indeedee-F, L50, F|
|poke|p2|Ursaluna, L50, M|
|poke|p2|Magmar, L50, M|
|poke|p2|Dragapult, L50, M|
|poke|p2|Primarina, L50, F|
|teampreview|4
|showteam|p1|Indeedee||ChoiceScarf|PsychicSurge|Protect,Trick,TeraBlast,ExpandingForce|||M|||50|,,,,,Psychic]Sneasler||PsychicSeed|Unburden|Protect,ThroatChop,DireClaw,CloseCombat|||F|||50|,,,,,Dark]Volcarona||SitrusBerry|FlameBody|Tailwind,RagePowder,StruggleBug,Overheat|||F|||50|,,,,,Grass]Annihilape||SafetyGoggles|VitalSpirit|Taunt,RageFist,CloseCombat,FinalGambit|||F|||50|,,,,,Fairy]Tyranitar||AssaultVest|SandStream|RockSlide,TeraBlast,KnockOff,LowKick|||F|||50|,,,,,Flying]Ursaluna-Bloodmoon||LifeOrb|MindsEye|Protect,EarthPower,HyperVoice,BloodMoon|||M|||50|,,,,,Normal
|showteam|p2|Gardevoir||AssaultVest|Telepathy|ExpandingForce,DazzlingGleam,Moonblast,Thunderbolt|||F|||50|,,,,,Water]Indeedee-F||FocusSash|PsychicSurge|TrickRoom,HelpingHand,Psychic,Protect|||F|||50|,,,,,Dark]Ursaluna||FlameOrb|Guts|Earthquake,Facade,HeadlongRush,Protect|||M|||50|,,,,,Ghost]Magmar||Eviolite|VitalSpirit|FollowMe,Overheat,WillOWisp,Protect|||M|||50|,,,,,Fire]Dragapult||ChoiceBand|ClearBody|DragonDarts,Uturn,PhantomForce,SuckerPunch|||M|||50|,,,,,Dragon]Primarina||ThroatSpray|LiquidVoice|HyperVoice,Moonblast,Haze,Protect|||F|||50|,,,,,Poison
|inactive|Battle timer is ON: inactive players will automatically lose when time's up. (requested by statonix)
|inactive|statonix has 60 seconds left.
|
|t:|1756297134
|teamsize|p1|4
|teamsize|p2|4
|start
|switch|p1a: Tyranitar|Tyranitar, L50, F|100/100
|switch|p1b: Sneasler|Sneasler, L50, F|100/100
|switch|p2a: Dragapult|Dragapult, L50, M, shiny|100/100
|switch|p2b: Primarina|Primarina, L50, F|100/100
|-weather|Sandstorm|[from] ability: Sand Stream|[of] p1a: Tyranitar
|turn|1
|inactive|jANMxRin has 30 seconds left.
|inactive|jANMxRin has 20 seconds left.
|
|t:|1756297172
|switch|p1a: Indeedee|Indeedee, L50, M|100/100
|-fieldstart|move: Psychic Terrain|[from] ability: Psychic Surge|[of] p1a: Indeedee
|-enditem|p1b: Sneasler|Psychic Seed
|-boost|p1b: Sneasler|spd|1|[from] item: Psychic Seed
|-terastallize|p2b: Primarina|Poison
|move|p1b: Sneasler|Dire Claw|p2b: Primarina
|-resisted|p2b: Primarina
|-damage|p2b: Primarina|72/100
|-status|p2b: Primarina|slp
|move|p2a: Dragapult|U-turn|p1a: Indeedee
|-supereffective|p1a: Indeedee
|-damage|p1a: Indeedee|0 fnt
|faint|p1a: Indeedee
|c|☆jANMxRin|BRUUUUH
|inactive|jANMxRin has 30 seconds left.
|inactive|jANMxRin has 20 seconds left.
|
|t:|1756297207
|switch|p2a: Gardevoir|Gardevoir, L50, F, shiny|100/100|[from] U-turn
|cant|p2b: Primarina|slp
|
|-weather|Sandstorm|[upkeep]
|-damage|p1b: Sneasler|95/100|[from] Sandstorm
|-damage|p2b: Primarina|66/100 slp|[from] Sandstorm
|-damage|p2a: Gardevoir|95/100|[from] Sandstorm
|upkeep
|
|t:|1756297225
|switch|p1a: Tyranitar|Tyranitar, L50, F|100/100
|turn|2
|inactive|jANMxRin has 30 seconds left.
|inactive|jANMxRin has 20 seconds left.
|
|t:|1756297260
|move|p1b: Sneasler|Dire Claw|p2a: Gardevoir
|-supereffective|p2a: Gardevoir
|-damage|p2a: Gardevoir|0 fnt
|faint|p2a: Gardevoir
|cant|p2b: Primarina|slp
|move|p1a: Tyranitar|Knock Off|p2b: Primarina
|-damage|p2b: Primarina|0 fnt
|-enditem|p2b: Primarina|Throat Spray|[from] move: Knock Off|[of] p1a: Tyranitar
|faint|p2b: Primarina
|
|-weather|Sandstorm|[upkeep]
|-damage|p1b: Sneasler|89/100|[from] Sandstorm
|upkeep
|
|t:|1756297267
|switch|p2b: Dragapult|Dragapult, L50, M, shiny|100/100
|switch|p2a: Magmar|Magmar, L50, M|100/100
|turn|3
|inactive|statonix has 30 seconds left.
|inactive|statonix has 20 seconds left.
|inactive|statonix has 15 seconds left.
|inactive|statonix has 10 seconds left.
|inactive|statonix has 5 seconds left.
|
|t:|1756297318
|move|p1b: Sneasler|Protect|p1b: Sneasler
|-singleturn|p1b: Sneasler|Protect
|move|p2b: Dragapult|Phantom Force||[still]
|-prepare|p2b: Dragapult|Phantom Force
|move|p2a: Magmar|Will-O-Wisp|p1a: Tyranitar
|-status|p1a: Tyranitar|brn
|move|p1a: Tyranitar|Knock Off|p2b: Dragapult|[miss]
|-miss|p1a: Tyranitar|p2b: Dragapult
|
|-weather|Sandstorm|[upkeep]
|-damage|p1b: Sneasler|83/100|[from] Sandstorm
|-damage|p2b: Dragapult|94/100|[from] Sandstorm
|-damage|p2a: Magmar|95/100|[from] Sandstorm
|-damage|p1a: Tyranitar|95/100 brn|[from] brn
|upkeep
|turn|4
|inactive|statonix has 30 seconds left.
|inactive|statonix has 20 seconds left.
|inactive|statonix has 15 seconds left.
|inactive|statonix has 10 seconds left.
|
|t:|1756297364
|move|p1b: Sneasler|Dire Claw|p2a: Magmar
|-damage|p2a: Magmar|61/100
|-status|p2a: Magmar|par
|move|p2b: Dragapult|Phantom Force|p1b: Sneasler|[from] lockedmove
|-damage|p1b: Sneasler|0 fnt
|faint|p1b: Sneasler
|move|p1a: Tyranitar|Knock Off|p2a: Magmar
|-damage|p2a: Magmar|41/100 par
|-enditem|p2a: Magmar|Eviolite|[from] move: Knock Off|[of] p1a: Tyranitar
|move|p2a: Magmar|Will-O-Wisp|p1a: Tyranitar
|-fail|p1a: Tyranitar|brn
|
|-weather|Sandstorm|[upkeep]
|-damage|p2b: Dragapult|88/100|[from] Sandstorm
|-damage|p2a: Magmar|36/100 par|[from] Sandstorm
|-damage|p1a: Tyranitar|89/100 brn|[from] brn
|upkeep
|
|t:|1756297382
|switch|p1b: Annihilape|Annihilape, L50, F|100/100
|turn|5
|
|t:|1756297400
|move|p2a: Magmar|Protect|p2a: Magmar
|-singleturn|p2a: Magmar|Protect
|move|p2b: Dragapult|Phantom Force||[still]
|-prepare|p2b: Dragapult|Phantom Force
|move|p1b: Annihilape|Rage Fist|p2b: Dragapult|[miss]
|-miss|p1b: Annihilape|p2b: Dragapult
|move|p1a: Tyranitar|Rock Slide|p2b: Dragapult|[spread] 
|-miss|p1a: Tyranitar|p2b: Dragapult
|-activate|p2a: Magmar|move: Protect
|
|-weather|none
|-damage|p1a: Tyranitar|83/100 brn|[from] brn
|-fieldend|move: Psychic Terrain
|upkeep
|turn|6
|
|t:|1756297422
|-terastallize|p1b: Annihilape|Fairy
|move|p2a: Magmar|Follow Me|p2a: Magmar
|-singleturn|p2a: Magmar|move: Follow Me
|move|p2b: Dragapult|Phantom Force|p1b: Annihilape|[from] lockedmove
|-damage|p1b: Annihilape|34/100
|move|p1b: Annihilape|Rage Fist|p2a: Magmar
|-damage|p2a: Magmar|0 fnt
|faint|p2a: Magmar
|move|p1a: Tyranitar|Rock Slide|p2b: Dragapult
|-damage|p2b: Dragapult|61/100
|
|-damage|p1a: Tyranitar|77/100 brn|[from] brn
|upkeep
|turn|7
|
|t:|1756297446
|move|p2b: Dragapult|Phantom Force||[still]
|-prepare|p2b: Dragapult|Phantom Force
|move|p1b: Annihilape|Rage Fist|p2b: Dragapult|[miss]
|-miss|p1b: Annihilape|p2b: Dragapult
|move|p1a: Tyranitar|Knock Off|p2b: Dragapult|[miss]
|-miss|p1a: Tyranitar|p2b: Dragapult
|
|-damage|p1a: Tyranitar|72/100 brn|[from] brn
|upkeep
|turn|8
|
|t:|1756297461
|move|p2b: Dragapult|Phantom Force|p1b: Annihilape|[from] lockedmove
|-damage|p1b: Annihilape|0 fnt
|faint|p1b: Annihilape
|move|p1a: Tyranitar|Knock Off|p2b: Dragapult
|-supereffective|p2b: Dragapult
|-damage|p2b: Dragapult|0 fnt
|-enditem|p2b: Dragapult|Choice Band|[from] move: Knock Off|[of] p1a: Tyranitar
|faint|p2b: Dragapult
|
|win|statonix
|raw|statonix's rating: 1000 → 1041(+41 for winning)
|raw|jANMxRin's rating: 1008 → 1000(-8 for losing)
