|j|☆Devxp
|j|☆TKDCamo
|html|DevxpTKDCamo    
|uhtml|bestof|Game 2 of a best-of-3
|t:|1784425731
|gametype|doubles
|player|p1|Devxp|2|
|player|p2|TKDCamo|clemont|
|gen|9
|tier|[Gen 9 Champions] VGC 2026 Reg M-B (Bo3)
|rule|Species Clause: Limit one of each Pokémon
|rule|Item Clause: Limit 1 of each item
|clearpoke
|poke|p1|Staraptor, L50, M, shiny|
|poke|p1|Ninetales-Alola, L50, M, shiny|
|poke|p1|Meowscarada, L50, F, shiny|
|poke|p1|Raichu, L50, F, shiny|
|poke|p1|Greninja, L50, M|
|poke|p1|Lycanroc-Dusk, L50, F|
|poke|p2|Staraptor, L50, M|
|poke|p2|Metagross, L50, shiny|
|poke|p2|Slowking, L50, F|
|poke|p2|Arcanine-Hisui, L50, M|
|poke|p2|Aerodactyl, L50, M|
|poke|p2|Floette-Eternal, L50, F|
|teampreview|4
|showteam|p1|Staraptor||Staraptite|Intimidate|CloseCombat,FinalGambit,Protect,BlazeKick|Jolly||M|||50|]Ninetales-Alola||LightClay|SnowWarning|AuroraVeil,Blizzard,FreezeDry,Protect|Timid||M|||50|]Meowscarada||LifeOrb|Overgrow|FlowerTrick,TripleAxel,KnockOff,Protect|Jolly||F|||50|]Raichu||FocusSash|Static|FakeOut,GrassKnot,Nuzzle,VoltTackle|Jolly||F|||50|]Greninja||Greninjite|Protean|WaterShuriken,DarkPulse,IceBeam,Protect|Timid||M|||50|]Lycanroc-Dusk||HardStone|ToughClaws|RockSlide,Trailblaze,CloseCombat,Accelerock|Jolly||F|||50|
|showteam|p2|Staraptor||ChoiceScarf|Intimidate|FinalGambit,CloseCombat,Uturn,BraveBird|Adamant||M|||50|]Metagross||Metagrossite|ClearBody|PsychicFangs,BulletPunch,BodyPress,IronHead|Adamant|||||50|]Slowking||SitrusBerry|Oblivious|TrickRoom,Scald,ThunderWave,HelpingHand|Sassy||F|||50|]Arcanine-Hisui||WacanBerry|RockHead|FlareBlitz,RockSlide,ExtremeSpeed,Protect|Adamant||M|||50|]Aerodactyl||Aerodactylite|RockHead|WideGuard,RockSlide,Tailwind,DualWingbeat|Jolly||M|||50|]Floette-Eternal||Leftovers|Symbiosis|Moonblast,Protect,LightScreen,PollenPuff|Bold||F|||50|
|j| overlordjace
|
|t:|1784425766
|teamsize|p1|4
|teamsize|p2|4
|start
|switch|p1a: Greninja|Greninja, L50, M|100/100
|switch|p1b: Ninetales|Ninetales-Alola, L50, M, shiny|100/100
|switch|p2a: Megaless|Staraptor, L50, M|100/100
|switch|p2b: LongLiveFlower|Floette-Eternal, L50, F|100/100
|-ability|p2a: Megaless|Intimidate|boost
|-unboost|p1a: Greninja|atk|1
|-unboost|p1b: Ninetales|atk|1
|-weather|Snowscape|[from] ability: Snow Warning|[of] p1b: Ninetales
|turn|1
|
|t:|1784425798
|move|p2a: Megaless|Close Combat|p1b: Ninetales
|-damage|p1b: Ninetales|62/100
|-unboost|p2a: Megaless|def|1
|-unboost|p2a: Megaless|spd|1
|move|p1a: Greninja|Ice Beam|p2a: Megaless
|-start|p1a: Greninja|typechange|Ice|[from] ability: Protean
|-supereffective|p2a: Megaless|1
|-damage|p2a: Megaless|0 fnt
|faint|p2a: Megaless
|move|p1b: Ninetales|Aurora Veil|p1b: Ninetales
|-sidestart|p1: Devxp|move: Aurora Veil
|move|p2b: LongLiveFlower|Moonblast|p1a: Greninja
|-damage|p1a: Greninja|59/100
|
|-weather|Snowscape|[upkeep]
|upkeep
|
|t:|1784425811
|switch|p2a: XMarkstheSpot|Metagross, L50, shiny|100/100
|turn|2
|
|t:|1784425822
|detailschange|p2a: XMarkstheSpot|Metagross-Mega, L50, shiny
|-mega|p2a: XMarkstheSpot|Metagross|Metagrossite
|move|p1b: Ninetales|Protect|p1b: Ninetales
|-singleturn|p1b: Ninetales|Protect
|move|p1a: Greninja|Dark Pulse|p2a: XMarkstheSpot
|-supereffective|p2a: XMarkstheSpot|1
|-damage|p2a: XMarkstheSpot|55/100
|move|p2a: XMarkstheSpot|Psychic Fangs|p1a: Greninja
|-sideend|p1: Devxp|move: Aurora Veil
|-crit|p1a: Greninja
|-damage|p1a: Greninja|0 fnt
|faint|p1a: Greninja
|move|p2b: LongLiveFlower|Light Screen|p2b: LongLiveFlower
|-sidestart|p2: TKDCamo|move: Light Screen
|
|-weather|Snowscape|[upkeep]
|upkeep
|
|t:|1784425835
|switch|p1a: Staraptor|Staraptor, L50, M, shiny|100/100
|-ability|p1a: Staraptor|Intimidate|boost
|-unboost|p2a: XMarkstheSpot|atk|1
|-unboost|p2b: LongLiveFlower|atk|1
|turn|3
|
|t:|1784425846
|detailschange|p1a: Staraptor|Staraptor-Mega, L50, M, shiny
|-mega|p1a: Staraptor|Staraptor|Staraptite
|move|p2a: XMarkstheSpot|Bullet Punch|p1b: Ninetales
|-supereffective|p1b: Ninetales|2
|-damage|p1b: Ninetales|0 fnt
|faint|p1b: Ninetales
|move|p1a: Staraptor|Close Combat|p2a: XMarkstheSpot
|-damage|p2a: XMarkstheSpot|17/100
|-boost|p1a: Staraptor|def|1
|-boost|p1a: Staraptor|spd|1
|move|p2b: LongLiveFlower|Pollen Puff|p2a: XMarkstheSpot
|-heal|p2a: XMarkstheSpot|67/100
|
|-weather|Snowscape|[upkeep]
|upkeep
|
|t:|1784425853
|switch|p1b: Lycanroc|Lycanroc-Dusk, L50, F|100/100
|turn|4
|
|t:|1784425867
|move|p1a: Staraptor|Blaze Kick|p2a: XMarkstheSpot
|-supereffective|p2a: XMarkstheSpot|1
|-damage|p2a: XMarkstheSpot|34/100
|-status|p2a: XMarkstheSpot|brn
|move|p1b: Lycanroc|Rock Slide|p2b: LongLiveFlower|[spread] p2a,p2b
|-resisted|p2a: XMarkstheSpot|1
|-damage|p2a: XMarkstheSpot|24/100 brn
|-damage|p2b: LongLiveFlower|69/100
|move|p2a: XMarkstheSpot|Iron Head|p1b: Lycanroc
|-supereffective|p1b: Lycanroc|1
|-damage|p1b: Lycanroc|23/100
|move|p2b: LongLiveFlower|Moonblast|p1a: Staraptor
|-supereffective|p1a: Staraptor|1
|-damage|p1a: Staraptor|45/100
|
|-weather|Snowscape|[upkeep]
|-heal|p2b: LongLiveFlower|75/100|[from] item: Leftovers
|-damage|p2a: XMarkstheSpot|18/100 brn|[from] brn
|upkeep
|turn|5
|
|t:|1784425884
|move|p2a: XMarkstheSpot|Bullet Punch|p1b: Lycanroc
|-supereffective|p1b: Lycanroc|1
|-damage|p1b: Lycanroc|0 fnt
|faint|p1b: Lycanroc
|move|p1a: Staraptor|Close Combat|p2a: XMarkstheSpot
|-damage|p2a: XMarkstheSpot|0 fnt
|-boost|p1a: Staraptor|def|1
|-boost|p1a: Staraptor|spd|1
|faint|p2a: XMarkstheSpot
|move|p2b: LongLiveFlower|Moonblast|p1a: Staraptor
|-supereffective|p1a: Staraptor|1
|-damage|p1a: Staraptor|2/100
|-boost|p1a: Staraptor|spa|1
|
|-weather|none
|-heal|p2b: LongLiveFlower|81/100|[from] item: Leftovers
|upkeep
|
|t:|1784425888
|switch|p2a: Goodest Boy|Arcanine-Hisui, L50, M|100/100
|turn|6
|
|t:|1784425894
|move|p2a: Goodest Boy|Extreme Speed|p1a: Staraptor
|-damage|p1a: Staraptor|0 fnt
|faint|p1a: Staraptor
|
|win|TKDCamo
|c|☆TKDCamo|gg
