|j|☆Kaizer_Ifrit
|j|☆olciax34
|html|Kaizer_Ifritolciax34    
|uhtml|bestof|Game 2 of a best-of-3
|t:|1756813532
|gametype|doubles
|player|p1|Kaizer_Ifrit|caitlin|1142
|player|p2|olciax34|clair|1152
|gen|9
|tier|[Gen 9] VGC 2025 Reg H (Bo3)
|rated|
|rule|Species Clause: Limit one of each Pokémon
|rule|Item Clause: Limit 1 of each item
|clearpoke
|poke|p1|Charizard, L50, M|
|poke|p1|Torkoal, L50, M|
|poke|p1|Incineroar, L50, M|
|poke|p1|Porygon2, L50|
|poke|p1|Ursaluna, L50, M|
|poke|p1|Jumpluff, L50, F|
|poke|p2|Typhlosion-Hisui, L50, F|
|poke|p2|Whimsicott, L50, M|
|poke|p2|Ursaluna-Bloodmoon, L50, M|
|poke|p2|Annihilape, L50, M|
|poke|p2|Ninetales-Alola, L50, F|
|poke|p2|Incineroar, L50, M|
|teampreview|4
|showteam|p1|Charizard||ChoiceSpecs|SolarPower|HeatWave,Overheat,ScorchingSands,WeatherBall|||M|||50|,,,,,Ghost]Torkoal||EjectPack|Drought|Overheat,Eruption,HelpingHand,Protect|||M|||50|,,,,,Grass]Incineroar||SafetyGoggles|Intimidate|FlareBlitz,KnockOff,FakeOut,PartingShot|||M|||50|,,,,,Ghost]Porygon2||Eviolite|Download|TeraBlast,IceBeam,TrickRoom,Recover||||||50|,,,,,Fighting]Ursaluna||FlameOrb|Guts|HeadlongRush,Facade,Earthquake,Protect|||M|||50|,,,,,Ghost]Jumpluff||CovertCloak|Chlorophyll|SleepPowder,Tailwind,SunnyDay,RagePowder|||F|||50|,,,,,Dark
|showteam|p2|Typhlosion-Hisui||ChoiceSpecs|Blaze|HeatWave,Overheat,Eruption,ShadowBall|||F|||50|,,,,,Fire]Whimsicott||CovertCloak|Prankster|Tailwind,Moonblast,BeatUp,SunnyDay|||M|||50|,,,,,Water]Ursaluna-Bloodmoon||AssaultVest|MindsEye|BloodMoon,HyperVoice,EarthPower,VacuumWave|||M|||50|,,,,,Water]Annihilape||Leftovers|Defiant|DrainPunch,BulkUp,RageFist,Protect|||M|||50|,,,,,Fire]Ninetales-Alola||LightClay|SnowWarning|Blizzard,FreezeDry,Protect,AuroraVeil|||F|||50|,,,,,Ghost]Incineroar||SitrusBerry|Intimidate|KnockOff,FlareBlitz,PartingShot,FakeOut|||M|||50|,,,,,Ghost
|inactive|Battle timer is ON: inactive players will automatically lose when time's up. (requested by Kaizer_Ifrit)
|inactive|olciax34 has 60 seconds left.
|
|t:|1756813577
|teamsize|p1|4
|teamsize|p2|4
|start
|switch|p1a: Tutel|Torkoal, L50, M|100/100
|switch|p1b: Puyo|Jumpluff, L50, F|100/100
|switch|p2a: Typhlosion|Typhlosion-Hisui, L50, F|100/100
|switch|p2b: Ursaluna|Ursaluna-Bloodmoon, L50, M|100/100
|-weather|SunnyDay|[from] ability: Drought|[of] p1a: Tutel
|turn|1
|
|t:|1756813596
|switch|p2b: Incineroar|Incineroar, L50, M|100/100
|-ability|p2b: Incineroar|Intimidate|boost
|-unboost|p1a: Tutel|atk|1
|-unboost|p1b: Puyo|atk|1
|-enditem|p1a: Tutel|Eject Pack
|
|t:|1756813601
|switch|p1a: Rawr|Charizard, L50, M, shiny|100/100
|move|p1b: Puyo|Sleep Powder|p2a: Typhlosion
|-status|p2a: Typhlosion|slp|[from] move: Sleep Powder
|cant|p2a: Typhlosion|slp
|
|-weather|SunnyDay|[upkeep]
|-damage|p1a: Rawr|88/100|[from] ability: Solar Power|[of] p1a: Rawr
|upkeep
|turn|2
|
|t:|1756813621
|-terastallize|p1a: Rawr|Ghost
|move|p1b: Puyo|Sleep Powder|p2b: Incineroar
|-status|p2b: Incineroar|slp|[from] move: Sleep Powder
|move|p1a: Rawr|Heat Wave|p2a: Typhlosion|[spread] p2a,p2b
|-resisted|p2a: Typhlosion
|-crit|p2a: Typhlosion
|-resisted|p2b: Incineroar
|-damage|p2a: Typhlosion|0 fnt
|-damage|p2b: Incineroar|53/100 slp
|faint|p2a: Typhlosion
|cant|p2b: Incineroar|slp
|
|-weather|SunnyDay|[upkeep]
|-damage|p1a: Rawr|76/100|[from] ability: Solar Power|[of] p1a: Rawr
|upkeep
|
|t:|1756813639
|switch|p2a: Annihilape|Annihilape, L50, M|100/100
|turn|3
|
|t:|1756813654
|move|p2a: Annihilape|Protect|p2a: Annihilape
|-singleturn|p2a: Annihilape|Protect
|move|p1b: Puyo|Tailwind|p1b: Puyo
|-sidestart|p1: Kaizer_Ifrit|move: Tailwind
|move|p1a: Rawr|Heat Wave|p2a: Annihilape|[spread] p2b
|-activate|p2a: Annihilape|move: Protect
|-resisted|p2b: Incineroar
|-damage|p2b: Incineroar|6/100 slp
|-enditem|p2b: Incineroar|Sitrus Berry|[eat]
|-heal|p2b: Incineroar|31/100 slp|[from] item: Sitrus Berry
|cant|p2b: Incineroar|slp
|
|-weather|SunnyDay|[upkeep]
|-damage|p1a: Rawr|63/100|[from] ability: Solar Power|[of] p1a: Rawr
|upkeep
|turn|4
|
|t:|1756813679
|-terastallize|p2a: Annihilape|Fire
|move|p1b: Puyo|Rage Powder|p1b: Puyo
|-singleturn|p1b: Puyo|move: Rage Powder
|move|p1a: Rawr|Heat Wave|p2b: Incineroar|[spread] p2a,p2b
|-resisted|p2a: Annihilape
|-resisted|p2b: Incineroar
|-damage|p2a: Annihilape|55/100
|-damage|p2b: Incineroar|0 fnt
|faint|p2b: Incineroar
|move|p2a: Annihilape|Rage Fist|p1b: Puyo
|-damage|p1b: Puyo|54/100
|
|-weather|SunnyDay|[upkeep]
|-damage|p1a: Rawr|51/100|[from] ability: Solar Power|[of] p1a: Rawr
|-heal|p2a: Annihilape|61/100|[from] item: Leftovers
|upkeep
|
|t:|1756813695
|switch|p2b: Ursaluna|Ursaluna-Bloodmoon, L50, M|100/100
|turn|5
|
|t:|1756813704
|move|p2a: Annihilape|Protect|p2a: Annihilape
|-singleturn|p2a: Annihilape|Protect
|move|p1b: Puyo|Sleep Powder|p2b: Ursaluna
|-status|p2b: Ursaluna|slp|[from] move: Sleep Powder
|move|p1a: Rawr|Heat Wave|p2a: Annihilape|[spread] 
|-activate|p2a: Annihilape|move: Protect
|-miss|p1a: Rawr|p2b: Ursaluna
|cant|p2b: Ursaluna|slp
|
|-weather|none
|-heal|p2a: Annihilape|67/100|[from] item: Leftovers
|upkeep
|turn|6
|
|t:|1756813720
|move|p1b: Puyo|Sunny Day|p1b: Puyo
|-weather|SunnyDay
|move|p1a: Rawr|Heat Wave|p2b: Ursaluna|[spread] p2a,p2b
|-resisted|p2a: Annihilape
|-damage|p2a: Annihilape|19/100
|-damage|p2b: Ursaluna|22/100 slp
|move|p2a: Annihilape|Rage Fist|p1a: Rawr
|-supereffective|p1a: Rawr
|-damage|p1a: Rawr|0 fnt
|faint|p1a: Rawr
|-curestatus|p2b: Ursaluna|slp|[msg]
|move|p2b: Ursaluna|Hyper Voice|p1b: Puyo
|-damage|p1b: Puyo|1/100
|
|-weather|SunnyDay|[upkeep]
|-heal|p2a: Annihilape|25/100|[from] item: Leftovers
|-sideend|p1: Kaizer_Ifrit|move: Tailwind
|upkeep
|
|t:|1756813735
|switch|p1a: Armor King|Incineroar, L50, M|100/100
|-ability|p1a: Armor King|Intimidate|boost
|-unboost|p2a: Annihilape|atk|1
|-ability|p2a: Annihilape|Defiant|boost
|-boost|p2a: Annihilape|atk|2
|-unboost|p2b: Ursaluna|atk|1
|turn|7
|
|t:|1756813750
|move|p2b: Ursaluna|Vacuum Wave|p1b: Puyo
|-resisted|p1b: Puyo
|-damage|p1b: Puyo|0 fnt
|faint|p1b: Puyo
|move|p2a: Annihilape|Drain Punch|p1a: Armor King
|-supereffective|p1a: Armor King
|-damage|p1a: Armor King|14/100
|-heal|p2a: Annihilape|67/100|[from] drain|[of] p1a: Armor King
|move|p1a: Armor King|Flare Blitz|p2b: Ursaluna
|-damage|p2b: Ursaluna|0 fnt
|faint|p2b: Ursaluna
|-damage|p1a: Armor King|7/100|[from] Recoil
|
|-weather|SunnyDay|[upkeep]
|-heal|p2a: Annihilape|74/100|[from] item: Leftovers
|upkeep
|
|t:|1756813754
|switch|p1b: Tutel|Torkoal, L50, M|100/100
|turn|8
|
|t:|1756813774
|move|p2a: Annihilape|Protect|p2a: Annihilape
|-singleturn|p2a: Annihilape|Protect
|move|p1a: Armor King|Flare Blitz|p2a: Annihilape
|-activate|p2a: Annihilape|move: Protect
|move|p1b: Tutel|Eruption|p2a: Annihilape
|-activate|p2a: Annihilape|move: Protect
|
|-weather|SunnyDay|[upkeep]
|-heal|p2a: Annihilape|80/100|[from] item: Leftovers
|upkeep
|turn|9
|
|t:|1756813791
|move|p1b: Tutel|Protect|p1b: Tutel
|-singleturn|p1b: Tutel|Protect
|move|p2a: Annihilape|Rage Fist|p1b: Tutel
|-activate|p1b: Tutel|move: Protect
|move|p1a: Armor King|Knock Off|p2a: Annihilape
|-damage|p2a: Annihilape|33/100
|-enditem|p2a: Annihilape|Leftovers|[from] move: Knock Off|[of] p1a: Armor King
|
|-weather|SunnyDay|[upkeep]
|upkeep
|turn|10
|
|t:|1756813804
|move|p2a: Annihilape|Protect|p2a: Annihilape
|-singleturn|p2a: Annihilape|Protect
|move|p1a: Armor King|Flare Blitz|p2a: Annihilape
|-activate|p2a: Annihilape|move: Protect
|move|p1b: Tutel|Overheat|p2a: Annihilape
|-activate|p2a: Annihilape|move: Protect
|
|-weather|none
|upkeep
|turn|11
|
|t:|1756813815
|move|p2a: Annihilape|Drain Punch|p1b: Tutel
|-damage|p1b: Tutel|64/100
|-heal|p2a: Annihilape|49/100|[from] drain|[of] p1b: Tutel
|move|p1a: Armor King|Flare Blitz|p2a: Annihilape
|-resisted|p2a: Annihilape
|-damage|p2a: Annihilape|18/100
|-damage|p1a: Armor King|0 fnt|[from] Recoil
|faint|p1a: Armor King
|move|p1b: Tutel|Overheat|p2a: Annihilape
|-resisted|p2a: Annihilape
|-damage|p2a: Annihilape|0 fnt
|-unboost|p1b: Tutel|spa|2
|faint|p2a: Annihilape
|
|win|Kaizer_Ifrit
|raw|Kaizer_Ifrit's rating: 1142 → 1168(+26 for winning)
|raw|olciax34's rating: 1152 → 1126(-26 for losing)
|c|☆Kaizer_Ifrit|Ggs
|l|☆olciax34
|player|p2|
