|j|☆JayJayAG
|j|☆ToyDollRi
|html|JayJayAGToyDollRi    
|uhtml|bestof|Game 1 of a best-of-3
|t:|1756338915
|gametype|doubles
|player|p1|JayJayAG|paxton|1104
|player|p2|ToyDollRi|2|1151
|gen|9
|tier|[Gen 9] VGC 2025 Reg H (Bo3)
|rated|
|rule|Species Clause: Limit one of each Pokémon
|rule|Item Clause: Limit 1 of each item
|clearpoke
|poke|p1|Dragapult, L50, F|
|poke|p1|Arcanine-Hisui, L50, M|
|poke|p1|Rillaboom, L50, F|
|poke|p1|Primarina, L50, F|
|poke|p1|Electabuzz, L50, M|
|poke|p1|Sneasler, L50, M|
|poke|p2|Electabuzz, L50, M|
|poke|p2|Kingambit, L50, F|
|poke|p2|Rillaboom, L50, M|
|poke|p2|Sneasler, L50, F|
|poke|p2|Volcarona, L50, M|
|poke|p2|Dragonite, L50, M|
|teampreview|4
|showteam|p1|Dragapult||FocusSash|ClearBody|DragonDarts,WillOWisp,PhantomForce,Uturn|||F|||50|,,,,,Steel]Arcanine-Hisui||ClearAmulet|Intimidate|FlareBlitz,RockSlide,ExtremeSpeed,Protect|||M|||50|,,,,,Grass]Rillaboom||MiracleSeed|GrassySurge|FakeOut,HighHorsepower,WoodHammer,GrassyGlide|||F|||50|,,,,,Fire]Primarina||ThroatSpray|LiquidVoice|HyperVoice,Moonblast,Protect,Haze|||F|||50|,,,,,Poison]Electabuzz||Eviolite|Static|FollowMe,Electroweb,Taunt,VoltSwitch|||M|||50|,,,,,Grass]Sneasler||WhiteHerb|Unburden|CloseCombat,FakeOut,ThroatChop,DireClaw|||M|||50|,,,,,Dark
|showteam|p2|Electabuzz||Eviolite|VitalSpirit|Thunderbolt,Taunt,FollowMe,Protect|||M|||50|,,,,,Ghost]Kingambit||BlackGlasses|Defiant|KowtowCleave,SuckerPunch,SwordsDance,Protect|||F|||50|,,,,,Dark]Rillaboom||AssaultVest|GrassySurge|FakeOut,HighHorsepower,WoodHammer,GrassyGlide|||M|||50|,,,,,Fire]Sneasler||FocusSash|PoisonTouch|DireClaw,CloseCombat,FakeOut,Coaching|||F|||50|,,,,,Stellar]Volcarona||Leftovers|FlameBody|HeatWave,TeraBlast,QuiverDance,Protect|||M|||50|,,,,,Fairy]Dragonite||LoadedDice|Multiscale|ExtremeSpeed,ScaleShot,Protect,Haze|||M|||50|,,,,,Steel
|inactive|Battle timer is ON: inactive players will automatically lose when time's up. (requested by JayJayAG)
|
|t:|1756338967
|teamsize|p1|4
|teamsize|p2|4
|start
|switch|p1a: Artillery|Dragapult, L50, F, shiny|100/100
|switch|p1b: Mountaineer|Sneasler, L50, M, shiny|100/100
|switch|p2a: Dragonite|Dragonite, L50, M|100/100
|switch|p2b: Sneasler|Sneasler, L50, F|100/100
|turn|1
|
|t:|1756338989
|switch|p1b: Prometheus|Arcanine-Hisui, L50, M, shiny|100/100
|-ability|p1b: Prometheus|Intimidate|boost
|-unboost|p2a: Dragonite|atk|1
|-unboost|p2b: Sneasler|atk|1
|move|p2a: Dragonite|Protect|p2a: Dragonite
|-singleturn|p2a: Dragonite|Protect
|move|p1a: Artillery|Will-O-Wisp|p2a: Dragonite
|-activate|p2a: Dragonite|move: Protect
|move|p2b: Sneasler|Coaching|p2a: Dragonite
|-boost|p2a: Dragonite|atk|1
|-boost|p2a: Dragonite|def|1
|
|upkeep
|turn|2
|inactive|JayJayAG has 30 seconds left.
|inactive|ToyDollRi has 30 seconds left.
|
|t:|1756339021
|move|p1b: Prometheus|Protect|p1b: Prometheus
|-singleturn|p1b: Prometheus|Protect
|move|p1a: Artillery|Will-O-Wisp|p2a: Dragonite
|-status|p2a: Dragonite|brn
|move|p2b: Sneasler|Coaching|p2a: Dragonite
|-boost|p2a: Dragonite|atk|1
|-boost|p2a: Dragonite|def|1
|move|p2a: Dragonite|Scale Shot|p1a: Artillery
|-supereffective|p1a: Artillery
|-damage|p1a: Artillery|71/100
|-supereffective|p1a: Artillery
|-damage|p1a: Artillery|38/100
|-supereffective|p1a: Artillery
|-damage|p1a: Artillery|7/100
|-supereffective|p1a: Artillery
|-damage|p1a: Artillery|0 fnt
|faint|p1a: Artillery
|-hitcount|p1: Artillery|4
|-unboost|p2a: Dragonite|def|1
|-boost|p2a: Dragonite|spe|1
|
|-damage|p2a: Dragonite|94/100 brn|[from] brn
|upkeep
|
|t:|1756339043
|switch|p1a: Mountaineer|Sneasler, L50, M, shiny|100/100
|turn|3
|inactive|JayJayAG has 30 seconds left.
|
|t:|1756339071
|switch|p1b: Williams|Primarina, L50, F, shiny|100/100
|move|p2a: Dragonite|Protect|p2a: Dragonite
|-singleturn|p2a: Dragonite|Protect
|move|p1a: Mountaineer|Fake Out|p2a: Dragonite
|-activate|p2a: Dragonite|move: Protect
|move|p2b: Sneasler|Close Combat|p1b: Williams
|-resisted|p1b: Williams
|-damage|p1b: Williams|77/100
|-unboost|p2b: Sneasler|def|1
|-unboost|p2b: Sneasler|spd|1
|
|-damage|p2a: Dragonite|88/100 brn|[from] brn
|upkeep
|turn|4
|inactive|JayJayAG has 30 seconds left.
|
|t:|1756339104
|move|p2a: Dragonite|Scale Shot|p1a: Mountaineer
|-damage|p1a: Mountaineer|80/100
|-damage|p1a: Mountaineer|60/100
|-damage|p1a: Mountaineer|41/100
|-damage|p1a: Mountaineer|22/100
|-hitcount|p1a: Mountaineer|4
|-unboost|p2a: Dragonite|def|1
|-boost|p2a: Dragonite|spe|1
|move|p2b: Sneasler|Dire Claw|p1b: Williams
|-supereffective|p1b: Williams
|-damage|p1b: Williams|17/100
|move|p1a: Mountaineer|Close Combat|p2b: Sneasler
|-resisted|p2b: Sneasler
|-damage|p2b: Sneasler|13/100
|-unboost|p1a: Mountaineer|def|1
|-unboost|p1a: Mountaineer|spd|1
|-enditem|p1a: Mountaineer|White Herb
|-clearnegativeboost|p1a: Mountaineer|[silent]
|move|p1b: Williams|Haze|p1b: Williams
|-clearallboost
|
|-damage|p2a: Dragonite|82/100 brn|[from] brn
|upkeep
|turn|5
|inactive|JayJayAG has 30 seconds left.
|inactive|JayJayAG has 20 seconds left.
|
|t:|1756339141
|move|p2a: Dragonite|Extreme Speed|p1a: Mountaineer
|-damage|p1a: Mountaineer|0 fnt
|faint|p1a: Mountaineer
|move|p2b: Sneasler|Dire Claw|p1b: Williams
|-supereffective|p1b: Williams
|-damage|p1b: Williams|0 fnt
|faint|p1b: Williams
|
|-damage|p2a: Dragonite|76/100 brn|[from] brn
|upkeep
|
|t:|1756339153
|switch|p1b: Prometheus|Arcanine-Hisui, L50, M, shiny|100/100
|-ability|p1b: Prometheus|Intimidate|boost
|-unboost|p2a: Dragonite|atk|1
|-unboost|p2b: Sneasler|atk|1
|turn|6
|
|t:|1756339163
|switch|p2b: Electabuzz|Electabuzz, L50, M|100/100
|move|p1b: Prometheus|Extreme Speed|p2b: Electabuzz
|-damage|p2b: Electabuzz|81/100
|move|p2a: Dragonite|Scale Shot|p1b: Prometheus
|-damage|p1b: Prometheus|95/100
|-crit|p1b: Prometheus
|-damage|p1b: Prometheus|80/100
|-damage|p1b: Prometheus|75/100
|-damage|p1b: Prometheus|68/100
|-hitcount|p1b: Prometheus|4
|-unboost|p2a: Dragonite|def|1
|-boost|p2a: Dragonite|spe|1
|
|-damage|p2a: Dragonite|70/100 brn|[from] brn
|upkeep
|turn|7
|
|t:|1756339180
|move|p2b: Electabuzz|Protect|p2b: Electabuzz
|-singleturn|p2b: Electabuzz|Protect
|move|p2a: Dragonite|Scale Shot|p1b: Prometheus
|-damage|p1b: Prometheus|62/100
|-damage|p1b: Prometheus|56/100
|-damage|p1b: Prometheus|51/100
|-crit|p1b: Prometheus
|-damage|p1b: Prometheus|37/100
|-crit|p1b: Prometheus
|-damage|p1b: Prometheus|22/100
|-hitcount|p1b: Prometheus|5
|-unboost|p2a: Dragonite|def|1
|-boost|p2a: Dragonite|spe|1
|move|p1b: Prometheus|Rock Slide|p2b: Electabuzz|[spread] p2a
|-activate|p2b: Electabuzz|move: Protect
|-supereffective|p2a: Dragonite
|-damage|p2a: Dragonite|0 fnt
|faint|p2a: Dragonite
|
|upkeep
|
|t:|1756339185
|switch|p2a: Sneasler|Sneasler, L50, F|13/100
|turn|8
|
|t:|1756339203
|-terastallize|p2b: Electabuzz|Ghost
|move|p1b: Prometheus|Extreme Speed|p2a: Sneasler
|-damage|p2a: Sneasler|0 fnt
|faint|p2a: Sneasler
|move|p2b: Electabuzz|Follow Me|p2b: Electabuzz
|-singleturn|p2b: Electabuzz|move: Follow Me
|
|upkeep
|
|t:|1756339207
|switch|p2a: Volcarona|Volcarona, L50, M|100/100
|turn|9
|
|t:|1756339215
|move|p2a: Volcarona|Protect|p2a: Volcarona
|-singleturn|p2a: Volcarona|Protect
|move|p1b: Prometheus|Rock Slide|p2a: Volcarona|[spread] p2b
|-activate|p2a: Volcarona|move: Protect
|-damage|p2b: Electabuzz|60/100
|cant|p2b: Electabuzz|flinch
|
|upkeep
|turn|10
|c|☆JayJayAG|No shot I bring this back with just arcanine
|
|t:|1756339239
|-terastallize|p1b: Prometheus|Grass
|move|p1b: Prometheus|Rock Slide|p2b: Electabuzz|[spread] p2a,p2b
|-supereffective|p2a: Volcarona
|-damage|p2a: Volcarona|0 fnt
|-damage|p2b: Electabuzz|39/100
|faint|p2a: Volcarona
|cant|p2b: Electabuzz|flinch
|
|upkeep
|turn|11
|c|☆JayJayAG|Oh my god Arcanine might be my fav pokemon after this
|
|t:|1756339262
|move|p1b: Prometheus|Flare Blitz|p2b: Electabuzz
|-damage|p2b: Electabuzz|0 fnt
|faint|p2b: Electabuzz
|-damage|p1b: Prometheus|9/100|[from] Recoil
|
|win|JayJayAG
