|j|☆natsukivgc
|j|☆meikh_neiht
|html|natsukivgcmeikh_neiht    
|uhtml|bestof|Game 1 of a best-of-3
|t:|1785710231
|gametype|doubles
|player|p1|natsukivgc|265|1257
|player|p2|meikh_neiht|lucas|1269
|gen|9
|tier|[Gen 9 Champions] VGC 2026 Reg M-B (Bo3)
|rated|
|rule|Species Clause: Limit one of each Pokémon
|rule|Item Clause: Limit 1 of each item
|clearpoke
|poke|p1|Garchomp, L50, F|
|poke|p1|Charizard, L50, M|
|poke|p1|Kingambit, L50, M|
|poke|p1|Basculegion, L50, M|
|poke|p1|Whimsicott, L50, F|
|poke|p1|Floette-Eternal, L50, F|
|poke|p2|Staraptor, L50, M|
|poke|p2|Sinistcha, L50|
|poke|p2|Maushold, L50|
|poke|p2|Kingambit, L50, M|
|poke|p2|Sneasler, L50, M|
|poke|p2|Delphox, L50, F|
|teampreview|4
|showteam|p1|Garchomp||SitrusBerry|RoughSkin|RockSlide,DragonTail,StompingTantrum,PoisonJab|Adamant||F|||50|]Charizard||CharizarditeY|Blaze|HeatWave,SolarBeam,WeatherBall,Protect|Modest||M|||50|]Kingambit||LifeOrb|Defiant|KowtowCleave,IronHead,SuckerPunch,LowKick|Adamant||M|||50|]Basculegion||ChoiceScarf|Adaptability|LastRespects,WaveCrash,FlipTurn,AquaJet|Jolly||M|||50|]Whimsicott||FocusSash|Prankster|Tailwind,Moonblast,Encore,Protect|Timid||F|||50|]Floette-Eternal||Floettite|FlowerVeil|DazzlingGleam,Moonblast,LightofRuin,Protect|Modest||F|||50|
|showteam|p2|Staraptor||Staraptite|Intimidate|CloseCombat,BraveBird,Roost,Protect|Adamant||M|||50|]Sinistcha||SitrusBerry|Hospitality|RagePowder,MatchaGotcha,Protect,LifeDew|Calm|||||50|]Maushold||LumBerry|FriendGuard|Encore,Charm,FollowMe,Protect|Timid|||||50|]Kingambit||BlackGlasses|Defiant|KowtowCleave,SuckerPunch,SwordsDance,Protect|Adamant||M|||50|]Sneasler||WhiteHerb|Unburden|CloseCombat,DireClaw,FakeOut,Feint|Jolly||M|||50|]Delphox||Delphoxite|Blaze|HeatWave,Psyshock,NastyPlot,Protect|Timid||F|||50|
|
|t:|1785710269
|teamsize|p1|4
|teamsize|p2|4
|start
|switch|p1a: Whimsicott|Whimsicott, L50, F|100/100
|switch|p1b: Garchomp|Garchomp, L50, F|100/100
|switch|p2a: Leg of God|Delphox, L50, F|100/100
|switch|p2b: Blade of God|Kingambit, L50, M|100/100
|turn|1
|
|t:|1785710294
|switch|p2a: Thief of God|Sneasler, L50, M|100/100
|move|p1a: Whimsicott|Tailwind|p1a: Whimsicott
|-sidestart|p1: natsukivgc|move: Tailwind
|move|p1b: Garchomp|Rock Slide|p2b: Blade of God|[spread] p2a,p2b
|-resisted|p2a: Thief of God|1
|-resisted|p2b: Blade of God|1
|-damage|p2a: Thief of God|82/100
|-damage|p2b: Blade of God|92/100
|move|p2b: Blade of God|Swords Dance|p2b: Blade of God
|-boost|p2b: Blade of God|atk|2
|
|upkeep
|turn|2
|
|t:|1785710329
|move|p2a: Thief of God|Fake Out|p1b: Garchomp
|-damage|p1b: Garchomp|89/100
|-damage|p2a: Thief of God|70/100|[from] ability: Rough Skin|[of] p1b: Garchomp
|move|p1a: Whimsicott|Moonblast|p2a: Thief of God
|-damage|p2a: Thief of God|25/100
|cant|p1b: Garchomp|flinch
|move|p2b: Blade of God|Kowtow Cleave|p1b: Garchomp
|-damage|p1b: Garchomp|0 fnt
|-damage|p2b: Blade of God|80/100|[from] ability: Rough Skin|[of] p1b: Garchomp
|faint|p1b: Garchomp
|
|upkeep
|
|t:|1785710360
|switch|p1b: Floette|Floette-Eternal, L50, F|100/100
|turn|3
|
|t:|1785710403
|switch|p2a: Attendant of God|Maushold, L50|100/100
|detailschange|p1b: Floette|Floette-Mega, L50, F
|-mega|p1b: Floette|Floette|Floettite
|-ability|p1b: Floette|Fairy Aura
|move|p2b: Blade of God|Sucker Punch|p1b: Floette
|-resisted|p1b: Floette|1
|-damage|p1b: Floette|47/100
|move|p1a: Whimsicott|Moonblast|p2a: Attendant of God
|-damage|p2a: Attendant of God|35/100
|move|p1b: Floette|Light of Ruin|p2b: Blade of God
|-damage|p2b: Blade of God|6/100
|-damage|p1b: Floette|0 fnt|[from] Recoil
|faint|p1b: Floette
|
|upkeep
|
|t:|1785710418
|switch|p1b: Basculegion|Basculegion, L50, M|100/100
|turn|4
|
|t:|1785710466
|move|p2a: Attendant of God|Protect|p2a: Attendant of God
|-singleturn|p2a: Attendant of God|Protect
|move|p1b: Basculegion|Aqua Jet|p2b: Blade of God
|-damage|p2b: Blade of God|0 fnt
|faint|p2b: Blade of God
|move|p1a: Whimsicott|Moonblast|p2a: Attendant of God
|-activate|p2a: Attendant of God|move: Protect
|
|-sideend|p1: natsukivgc|move: Tailwind
|upkeep
|
|t:|1785710480
|switch|p2b: Thief of God|Sneasler, L50, M|25/100
|turn|5
|
|t:|1785710508
|move|p1a: Whimsicott|Protect|p1a: Whimsicott
|-singleturn|p1a: Whimsicott|Protect
|move|p2a: Attendant of God|Follow Me|p2a: Attendant of God
|-singleturn|p2a: Attendant of God|move: Follow Me
|move|p1b: Basculegion|Aqua Jet|p2a: Attendant of God
|-damage|p2a: Attendant of God|4/100
|move|p2b: Thief of God|Dire Claw|p1a: Whimsicott
|-activate|p1a: Whimsicott|move: Protect
|
|upkeep
|turn|6
|
|t:|1785710520
|move|p2a: Attendant of God|Follow Me|p2a: Attendant of God
|-singleturn|p2a: Attendant of God|move: Follow Me
|move|p1b: Basculegion|Aqua Jet|p2a: Attendant of God
|-damage|p2a: Attendant of God|0 fnt
|faint|p2a: Attendant of God
|move|p1a: Whimsicott|Encore|p2b: Thief of God
|-start|p2b: Thief of God|Encore
|move|p2b: Thief of God|Dire Claw|p1a: Whimsicott
|-supereffective|p1a: Whimsicott|2
|-enditem|p1a: Whimsicott|Focus Sash
|-damage|p1a: Whimsicott|1/100
|
|upkeep
|
|t:|1785710525
|switch|p2a: Leg of God|Delphox, L50, F|100/100
|turn|7
|
|t:|1785710559
|detailschange|p2a: Leg of God|Delphox-Mega, L50, F
|-mega|p2a: Leg of God|Delphox|Delphoxite
|move|p1b: Basculegion|Aqua Jet|p2a: Leg of God
|-supereffective|p2a: Leg of God|1
|-damage|p2a: Leg of God|32/100
|move|p2a: Leg of God|Heat Wave|p1a: Whimsicott|[spread] p1a,p1b
|-supereffective|p1a: Whimsicott|1
|-resisted|p1b: Basculegion|1
|-damage|p1a: Whimsicott|0 fnt
|-damage|p1b: Basculegion|78/100
|faint|p1a: Whimsicott
|move|p2b: Thief of God|Dire Claw|p1b: Basculegion
|-resisted|p1b: Basculegion|1
|-damage|p1b: Basculegion|55/100
|-status|p1b: Basculegion|par
|
|upkeep
|turn|8
|
|t:|1785710576
|move|p1b: Basculegion|Aqua Jet|p2a: Leg of God
|-supereffective|p2a: Leg of God|1
|-damage|p2a: Leg of God|0 fnt
|faint|p2a: Leg of God
|move|p2b: Thief of God|Dire Claw|p1b: Basculegion
|-resisted|p1b: Basculegion|1
|-damage|p1b: Basculegion|30/100 par
|-fail|p1b: Basculegion
|
|-end|p2b: Thief of God|Encore
|upkeep
|turn|9
|
|t:|1785710588
|move|p1b: Basculegion|Aqua Jet|p2b: Thief of God
|-damage|p2b: Thief of God|0 fnt
|faint|p2b: Thief of God
|
|win|natsukivgc
