|j|Ōśårobinmuister
|j|Ōśåmonoaware
|html|robinmuistermonoaware    
|uhtml|bestof|Game 1 of a best-of-3
|t:|1782644183
|gametype|doubles
|player|p1|robinmuister|blackbelt|
|player|p2|monoaware|102|
|gen|9
|tier|[Gen 9 Champions] VGC 2026 Reg M-B (Bo3)
|rule|Species Clause: Limit one of each Pok├®mon
|rule|Item Clause: Limit 1 of each item
|clearpoke
|poke|p1|Charizard, L50, F|
|poke|p1|Farigiraf, L50, F|
|poke|p1|Incineroar, L50, F|
|poke|p1|Mawile, L50, M|
|poke|p1|Garchomp, L50, F|
|poke|p1|Aerodactyl, L50, F|
|poke|p2|Grimmsnarl, L50, M|
|poke|p2|Swampert, L50, M|
|poke|p2|Pelipper, L50, M|
|poke|p2|Archaludon, L50, M|
|poke|p2|Sinistcha, L50|
|poke|p2|Metagross, L50|
|teampreview|4
|showteam|p1|Charizard||CharizarditeY|Blaze|HeatWave,WeatherBall,SolarBeam,Protect|Modest||F|||50|]Farigiraf||SitrusBerry|ArmorTail|Psychic,GrassKnot,Roar,TrickRoom|Sassy||F|||50|]Incineroar||Charcoal|Intimidate|FakeOut,FlareBlitz,DarkestLariat,PartingShot|Adamant||F|||50|]Mawile||Mawilite|Intimidate|PlayRough,IronHead,SuckerPunch,Protect|Adamant||M|||50|]Garchomp||LifeOrb|RoughSkin|Earthquake,DragonClaw,StompingTantrum,Protect|Adamant||F|||50|]Aerodactyl||FocusSash|Unnerve|RockSlide,Tailwind,WideGuard,Protect|Jolly||F|||50|
|showteam|p2|Grimmsnarl||LightClay|Prankster|FoulPlay,PartingShot,Reflect,LightScreen|Calm||M|||50|]Swampert||Swampertite|Damp|WaveCrash,Earthquake,IcePunch,Protect|Adamant||M|||50|]Pelipper||SitrusBerry|Drizzle|Hurricane,WeatherBall,Tailwind,WideGuard|Modest||M|||50|]Archaludon||Leftovers|Stamina|ElectroShot,DragonPulse,FlashCannon,Protect|Modest||M|||50|]Sinistcha||CobaBerry|Hospitality|MatchaGotcha,RagePowder,TrickRoom,Protect|Relaxed|||||50|]Metagross||Metagrossite|ClearBody|IronHead,PsychicFangs,BodyPress,Protect|Jolly|||||50|
|c|Ōśårobinmuister|ja kutzooi
|c|Ōśåmonoaware|hoi veel plezier
|c|Ōśårobinmuister|jij ook
|c|Ōśåmonoaware|is er iets mis?
|c|Ōśårobinmuister|kut matchup
|c|Ōśårobinmuister|maar ik ga mijn best doen
|c|Ōśåmonoaware|oh oke
|c|Ōśåmonoaware|ja ik ben niet heel goed, dus je maakt sowieso een goeie kans
|c|Ōśårobinmuister|vaak ben je dan juist minder voorspelbaar he
|
|t:|1782644280
|teamsize|p1|4
|teamsize|p2|4
|start
|switch|p1a: Charizard|Charizard, L50, F|100/100
|switch|p1b: Garchomp|Garchomp, L50, F|100/100
|switch|p2a: Grimmsnarl|Grimmsnarl, L50, M|100/100
|switch|p2b: Archaludon|Archaludon, L50, M|100/100
|turn|1
|
|t:|1782644309
|switch|p1b: Farigiraf|Farigiraf, L50, F|100/100
|detailschange|p1a: Charizard|Charizard-Mega-Y, L50, F
|-mega|p1a: Charizard|Charizard|Charizardite Y
|-weather|SunnyDay|[from] ability: Drought|[of] p1a: Charizard
|move|p2b: Archaludon|Protect|p2b: Archaludon
|-singleturn|p2b: Archaludon|Protect
|move|p2a: Grimmsnarl|Parting Shot||[still]
|cant|p1b: Farigiraf|ability: Armor Tail|Parting Shot|[of] p2a: Grimmsnarl
|move|p1a: Charizard|Weather Ball|p2b: Archaludon
|-activate|p2b: Archaludon|move: Protect
|
|-weather|SunnyDay|[upkeep]
|upkeep
|turn|2
|
|t:|1782644336
|switch|p1a: Garchomp|Garchomp, L50, F|100/100
|switch|p2a: Pelipper|Pelipper, L50, M|100/100
|-weather|RainDance|[from] ability: Drizzle|[of] p2a: Pelipper
|move|p2b: Archaludon|Electro Shot||[still]
|-prepare|p2b: Archaludon|Electro Shot
|-boost|p2b: Archaludon|spa|1
|-anim|p2b: Archaludon|Electro Shot|p1b: Farigiraf
|-damage|p1b: Farigiraf|54/100
|move|p1b: Farigiraf|Roar|p2b: Archaludon
|drag|p2b: Swampert|Swampert, L50, M|100/100
|
|-weather|RainDance|[upkeep]
|upkeep
|turn|3
|
|t:|1782644372
|switch|p1a: Charizard|Charizard-Mega-Y, L50, F|100/100
|-weather|SunnyDay|[from] ability: Drought|[of] p1a: Charizard
|switch|p2b: Grimmsnarl|Grimmsnarl, L50, M|100/100
|move|p2a: Pelipper|Wide Guard|p2a: Pelipper
|-singleturn|p2a: Pelipper|Wide Guard
|move|p1b: Farigiraf|Grass Knot|p2b: Grimmsnarl
|-crit|p2b: Grimmsnarl
|-damage|p2b: Grimmsnarl|71/100
|
|-weather|SunnyDay|[upkeep]
|upkeep
|turn|4
|
|t:|1782644399
|switch|p2a: Swampert|Swampert, L50, M|100/100
|move|p1a: Charizard|Weather Ball|p2a: Swampert
|-resisted|p2a: Swampert|1
|-damage|p2a: Swampert|53/100
|move|p2b: Grimmsnarl|Foul Play|p1b: Farigiraf
|-supereffective|p1b: Farigiraf|1
|-damage|p1b: Farigiraf|0 fnt
|faint|p1b: Farigiraf
|
|-weather|SunnyDay|[upkeep]
|upkeep
|
|t:|1782644409
|switch|p1b: Incineroar|Incineroar, L50, F|100/100
|-ability|p1b: Incineroar|Intimidate|boost
|-unboost|p2a: Swampert|atk|1
|-unboost|p2b: Grimmsnarl|atk|1
|turn|5
|
|t:|1782644447
|switch|p1a: Garchomp|Garchomp, L50, F|100/100
|switch|p2a: Pelipper|Pelipper, L50, M|100/100
|-weather|RainDance|[from] ability: Drizzle|[of] p2a: Pelipper
|switch|p2b: Archaludon|Archaludon, L50, M|100/100
|move|p1b: Incineroar|Parting Shot|p2a: Pelipper
|-unboost|p2a: Pelipper|atk|1
|-unboost|p2a: Pelipper|spa|1
|
|t:|1782644457
|switch|p1b: Charizard|Charizard-Mega-Y, L50, F|100/100|[from] Parting Shot
|-weather|SunnyDay|[from] ability: Drought|[of] p1b: Charizard
|
|-weather|SunnyDay|[upkeep]
|upkeep
|turn|6
|
|t:|1782644468
|switch|p2a: Grimmsnarl|Grimmsnarl, L50, M|71/100
|move|p2b: Archaludon|Protect|p2b: Archaludon
|-singleturn|p2b: Archaludon|Protect
|move|p1a: Garchomp|Dragon Claw|p2a: Grimmsnarl
|-immune|p2a: Grimmsnarl
|move|p1b: Charizard|Weather Ball|p2a: Grimmsnarl
|-damage|p2a: Grimmsnarl|0 fnt
|faint|p2a: Grimmsnarl
|
|-weather|SunnyDay|[upkeep]
|upkeep
|
|t:|1782644480
|switch|p2a: Pelipper|Pelipper, L50, M|100/100
|-weather|RainDance|[from] ability: Drizzle|[of] p2a: Pelipper
|turn|7
|
|t:|1782644514
|switch|p1a: Incineroar|Incineroar, L50, F|100/100
|-ability|p1a: Incineroar|Intimidate|boost
|-unboost|p2a: Pelipper|atk|1
|-unboost|p2b: Archaludon|atk|1
|switch|p2a: Swampert|Swampert, L50, M|53/100
|move|p1b: Charizard|Protect|p1b: Charizard
|-singleturn|p1b: Charizard|Protect
|move|p2b: Archaludon|Dragon Pulse|p1a: Incineroar
|-damage|p1a: Incineroar|63/100
|
|-weather|RainDance|[upkeep]
|upkeep
|turn|8
|
|t:|1782644535
|switch|p1b: Garchomp|Garchomp, L50, F|100/100
|detailschange|p2a: Swampert|Swampert-Mega, L50, M
|-mega|p2a: Swampert|Swampert|Swampertite
|move|p2a: Swampert|Protect|p2a: Swampert
|-singleturn|p2a: Swampert|Protect
|move|p1a: Incineroar|Fake Out|p2a: Swampert
|-activate|p2a: Swampert|move: Protect
|move|p2b: Archaludon|Electro Shot||[still]
|-prepare|p2b: Archaludon|Electro Shot
|-boost|p2b: Archaludon|spa|1
|-anim|p2b: Archaludon|Electro Shot|p1b: Garchomp
|-immune|p1b: Garchomp
|
|-weather|RainDance|[upkeep]
|upkeep
|turn|9
|
|t:|1782644581
|switch|p1a: Charizard|Charizard-Mega-Y, L50, F|100/100
|-weather|SunnyDay|[from] ability: Drought|[of] p1a: Charizard
|move|p1b: Garchomp|Dragon Claw|p2a: Swampert
|-damage|p2a: Swampert|2/100
|-damage|p1b: Garchomp|90/100|[from] item: Life Orb
|move|p2b: Archaludon|Dragon Pulse|p1a: Charizard
|-damage|p1a: Charizard|42/100
|move|p2a: Swampert|Ice Punch|p1b: Garchomp
|-supereffective|p1b: Garchomp|2
|-damage|p1b: Garchomp|0 fnt
|-damage|p2a: Swampert|0 fnt|[from] ability: Rough Skin|[of] p1b: Garchomp
|faint|p1b: Garchomp
|faint|p2a: Swampert
|
|-weather|SunnyDay|[upkeep]
|upkeep
|c|Ōśårobinmuister|neeeee
|c|Ōśårobinmuister|2%
|
|t:|1782644598
|switch|p1b: Incineroar|Incineroar, L50, F|63/100
|switch|p2a: Pelipper|Pelipper, L50, M|100/100
|-weather|RainDance|[from] ability: Drizzle|[of] p2a: Pelipper
|-ability|p1b: Incineroar|Intimidate|boost
|-unboost|p2a: Pelipper|atk|1
|-unboost|p2b: Archaludon|atk|1
|turn|10
|c|Ōśåmonoaware|lucky me
|c|Ōśårobinmuister|ja
|c|Ōśårobinmuister|low roll wss
|
|t:|1782644629
|move|p1b: Incineroar|Fake Out|p2a: Pelipper
|-damage|p2a: Pelipper|85/100
|move|p1a: Charizard|Heat Wave|p2b: Archaludon|[spread] p2a,p2b
|-resisted|p2a: Pelipper|1
|-damage|p2a: Pelipper|72/100
|-damage|p2b: Archaludon|78/100
|-ability|p2b: Archaludon|Stamina|boost
|-boost|p2b: Archaludon|def|1
|move|p2b: Archaludon|Electro Shot||[still]
|-prepare|p2b: Archaludon|Electro Shot
|-boost|p2b: Archaludon|spa|1
|-anim|p2b: Archaludon|Electro Shot|p1a: Charizard
|-supereffective|p1a: Charizard|1
|-damage|p1a: Charizard|0 fnt
|faint|p1a: Charizard
|cant|p2a: Pelipper|flinch
|
|-weather|RainDance|[upkeep]
|-heal|p2b: Archaludon|84/100|[from] item: Leftovers
|upkeep
|turn|11
|-message|robinmuister forfeited.
|
|win|monoaware
|l|Ōśårobinmuister
|player|p1|
||robinmuister is ready for game 2.
||monoaware is ready for game 2.
|uhtml|next|Next: Game 2 of 3
