|j|☆clavicularvgc
|j|☆SleepD2
|html|clavicularvgcSleepD2    
|uhtml|bestof|Game 2 of a best-of-3
|t:|1785779464
|gametype|doubles
|player|p1|clavicularvgc|266|1317
|player|p2|SleepD2|102|1393
|gen|9
|tier|[Gen 9 Champions] VGC 2026 Reg M-B (Bo3)
|rated|
|rule|Species Clause: Limit one of each Pokémon
|rule|Item Clause: Limit 1 of each item
|clearpoke
|poke|p1|Kommo-o, L50, M|
|poke|p1|Incineroar, L50, M|
|poke|p1|Tyranitar, L50, M|
|poke|p1|Gholdengo, L50|
|poke|p1|Scovillain, L50, M|
|poke|p1|Sinistcha, L50|
|poke|p2|Glimmora, L50, F|
|poke|p2|Whimsicott, L50, M|
|poke|p2|Weavile, L50, M|
|poke|p2|Basculegion, L50, M|
|poke|p2|Kommo-o, L50, M|
|poke|p2|Charizard, L50, F|
|teampreview|4
|showteam|p1|Kommo-o||Leftovers|Overcoat|ClangorousSoul,ClangingScales,Protect,AuraSphere|Modest||M|||50|]Incineroar||ShucaBerry|Intimidate|FakeOut,FlareBlitz,PartingShot,ThroatChop|Adamant||M|||50|]Tyranitar||Tyranitarite|SandStream|RockSlide,DragonDance,KnockOff,Protect|Adamant||M|||50|]Gholdengo||SitrusBerry|GoodasGold|NastyPlot,MakeItRain,ShadowBall,Protect|Modest|||||50|]Scovillain||Scovillainite|Chlorophyll|RagePowder,Overheat,GigaDrain,Protect|Modest||M|||50|]Sinistcha||KasibBerry|Hospitality|TrickRoom,LifeDew,RagePowder,MatchaGotcha|Relaxed|||||50|
|showteam|p2|Glimmora||Glimmoranite|ToxicDebris|EarthPower,SludgeBomb,PowerGem,SpikyShield|Modest||F|||50|]Whimsicott||OccaBerry|Prankster|Moonblast,Encore,Tailwind,Protect|Bold||M|||50|]Weavile||FocusSash|Pickpocket|IcicleCrash,KnockOff,Taunt,FakeOut|Adamant||M|||50|]Basculegion||SitrusBerry|Adaptability|LastRespects,WaveCrash,AquaJet,Protect|Adamant||M|||50|]Kommo-o||LifeOrb|Overcoat|ClangingScales,AuraSphere,VacuumWave,Protect|Modest||M|||50|]Charizard||CharizarditeY|Blaze|Protect,WeatherBall,HeatWave,SolarBeam|Modest||F|||50|
|inactive|Battle timer is ON: inactive players will automatically lose when time's up. (requested by SleepD2)
|
|t:|1785779486
|teamsize|p1|4
|teamsize|p2|4
|start
|switch|p1a: Gholdengo|Gholdengo, L50|100/100
|switch|p1b: Incineroar|Incineroar, L50, M|100/100
|switch|p2a: Kommo-o|Kommo-o, L50, M|100/100
|switch|p2b: Glimmora|Glimmora, L50, F|100/100
|-ability|p1b: Incineroar|Intimidate|boost
|-unboost|p2a: Kommo-o|atk|1
|-unboost|p2b: Glimmora|atk|1
|turn|1
|inactive|clavicularvgc has 30 seconds left.
|inactive|SleepD2 has 30 seconds left.
|inactive|clavicularvgc has 20 seconds left.
|
|t:|1785779522
|move|p1b: Incineroar|Fake Out|p2b: Glimmora
|-resisted|p2b: Glimmora|1
|-damage|p2b: Glimmora|91/100
|-activate|p2b: Glimmora|ability: Toxic Debris
|-sidestart|p1: clavicularvgc|move: Toxic Spikes
|move|p2a: Kommo-o|Aura Sphere|p1b: Incineroar
|-supereffective|p1b: Incineroar|1
|-damage|p1b: Incineroar|17/100
|-damage|p2a: Kommo-o|90/100|[from] item: Life Orb
|cant|p2b: Glimmora|flinch
|move|p1a: Gholdengo|Nasty Plot|p1a: Gholdengo
|-boost|p1a: Gholdengo|spa|2
|
|upkeep
|turn|2
|
|t:|1785779545
|detailschange|p2b: Glimmora|Glimmora-Mega, L50, F
|-mega|p2b: Glimmora|Glimmora|Glimmoranite
|move|p2b: Glimmora|Earth Power|p1a: Gholdengo
|-supereffective|p1a: Gholdengo|1
|-damage|p1a: Gholdengo|25/100
|-enditem|p1a: Gholdengo|Sitrus Berry|[eat]
|-heal|p1a: Gholdengo|50/100g|[from] item: Sitrus Berry
|move|p2a: Kommo-o|Clanging Scales|p1a: Gholdengo|[spread] p1a,p1b
|-resisted|p1a: Gholdengo|1
|-damage|p1a: Gholdengo|22/100
|-damage|p1b: Incineroar|0 fnt
|faint|p1b: Incineroar
|-unboost|p2a: Kommo-o|def|1
|-damage|p2a: Kommo-o|81/100|[from] item: Life Orb
|move|p1a: Gholdengo|Make It Rain|p2b: Glimmora|[spread] p2a,p2b
|-supereffective|p2b: Glimmora|1
|-damage|p2a: Kommo-o|0 fnt
|-damage|p2b: Glimmora|0 fnt
|-unboost|p1a: Gholdengo|spa|2
|faint|p2a: Kommo-o
|faint|p2b: Glimmora
|
|upkeep
|inactive|clavicularvgc has 30 seconds left.
|inactive|clavicularvgc has 20 seconds left.
|inactive|clavicularvgc has 15 seconds left.
|inactive|clavicularvgc has 10 seconds left.
|
|t:|1785779593
|switch|p2b: Whimsicott|Whimsicott, L50, M|100/100
|switch|p2a: Basculegion|Basculegion, L50, M|100/100
|switch|p1b: Scovillain|Scovillain, L50, M|100/100
|-status|p1b: Scovillain|psn
|turn|3
|
|t:|1785779613
|detailschange|p1b: Scovillain|Scovillain-Mega, L50, M
|-mega|p1b: Scovillain|Scovillain|Scovillainite
|move|p1b: Scovillain|Rage Powder|p1b: Scovillain
|-singleturn|p1b: Scovillain|move: Rage Powder
|move|p2b: Whimsicott|Tailwind|p2b: Whimsicott
|-sidestart|p2: SleepD2|move: Tailwind
|move|p2a: Basculegion|Last Respects|p1b: Scovillain
|-damage|p1b: Scovillain|0 fnt
|-status|p2a: Basculegion|brn|[from] ability: Spicy Spray|[of] p1b: Scovillain
|faint|p1b: Scovillain
|move|p1a: Gholdengo|Make It Rain|p2a: Basculegion|[spread] p2a,p2b
|-resisted|p2a: Basculegion|1
|-supereffective|p2b: Whimsicott|1
|-damage|p2a: Basculegion|72/100 brn
|-damage|p2b: Whimsicott|0 fnt
|-unboost|p1a: Gholdengo|spa|2
|faint|p2b: Whimsicott
|
|-damage|p2a: Basculegion|66/100 brn|[from] brn
|upkeep
|
|t:|1785779620
|switch|p1b: Kommo-o|Kommo-o, L50, M|100/100
|-status|p1b: Kommo-o|psn
|turn|4
|
|t:|1785779624
|move|p2a: Basculegion|Last Respects|p1b: Kommo-o
|-damage|p1b: Kommo-o|40/100 psn
|move|p1a: Gholdengo|Shadow Ball|p2a: Basculegion
|-supereffective|p2a: Basculegion|1
|-damage|p2a: Basculegion|14/100 brn
|-enditem|p2a: Basculegion|Sitrus Berry|[eat]
|-heal|p2a: Basculegion|39/100 brn|[from] item: Sitrus Berry
|move|p1b: Kommo-o|Clangorous Soul|p1b: Kommo-o
|-boost|p1b: Kommo-o|atk|1
|-boost|p1b: Kommo-o|def|1
|-boost|p1b: Kommo-o|spa|1
|-boost|p1b: Kommo-o|spd|1
|-boost|p1b: Kommo-o|spe|1
|-damage|p1b: Kommo-o|7/100 psn
|
|-heal|p1b: Kommo-o|13/100 psn|[from] item: Leftovers
|-damage|p1b: Kommo-o|1/100 psn|[from] psn
|-damage|p2a: Basculegion|33/100 brn|[from] brn
|upkeep
|turn|5
|
|t:|1785779637
|move|p2a: Basculegion|Protect|p2a: Basculegion
|-singleturn|p2a: Basculegion|Protect
|move|p1b: Kommo-o|Clanging Scales|p2a: Basculegion
|-activate|p2a: Basculegion|move: Protect
|move|p1a: Gholdengo|Shadow Ball|p2a: Basculegion
|-activate|p2a: Basculegion|move: Protect
|
|-heal|p1b: Kommo-o|7/100 psn|[from] item: Leftovers
|-damage|p1b: Kommo-o|0 fnt|[from] psn
|faint|p1b: Kommo-o
|-damage|p2a: Basculegion|27/100 brn|[from] brn
|upkeep
|turn|6
|
|t:|1785779642
|move|p1a: Gholdengo|Protect|p1a: Gholdengo
|-singleturn|p1a: Gholdengo|Protect
|move|p2a: Basculegion|Last Respects|p1a: Gholdengo
|-activate|p1a: Gholdengo|move: Protect
|
|-damage|p2a: Basculegion|21/100 brn|[from] brn
|-sideend|p2: SleepD2|move: Tailwind
|upkeep
|turn|7
|
|t:|1785779646
|move|p2a: Basculegion|Aqua Jet|p1a: Gholdengo
|-damage|p1a: Gholdengo|9/100
|move|p1a: Gholdengo|Shadow Ball|p2a: Basculegion
|-supereffective|p2a: Basculegion|1
|-damage|p2a: Basculegion|0 fnt
|faint|p2a: Basculegion
|
|win|clavicularvgc
||clavicularvgc is ready for game 3.
||SleepD2 is ready for game 3.
|uhtml|next|Next: Game 3 of 3
|l|☆SleepD2
|player|p2|
|j|☆SleepD2
|player|p2|SleepD2|102|
|l|☆SleepD2
|player|p2|
|j|☆SleepD2
|player|p2|SleepD2|102|
