|j|☆Semiau
|j|☆Manueljaa
|html|SemiauManueljaa    
|uhtml|bestof|Game 2 of a best-of-3
|t:|1757662240
|gametype|doubles
|player|p1|Semiau|policeman|1077
|player|p2|Manueljaa|policeman-gen4|1095
|gen|9
|tier|[Gen 9] VGC 2025 Reg H (Bo3)
|rated|
|rule|Species Clause: Limit one of each Pokémon
|rule|Item Clause: Limit 1 of each item
|clearpoke
|poke|p1|Toxtricity, L50, M|
|poke|p1|Magmar, L50, F|
|poke|p1|Kommo-o, L50, F|
|poke|p1|Ninetales-Alola, L50, M|
|poke|p1|Dondozo, L50, M|
|poke|p1|Tatsugiri, L50, M|
|poke|p2|Gholdengo, L50|
|poke|p2|Glimmora, L50, F|
|poke|p2|Talonflame, L50, M|
|poke|p2|Dragonite, L50, F|
|poke|p2|Dondozo, L50, M|
|poke|p2|Tatsugiri, L50, F|
|teampreview|4
|showteam|p1|Toxtricity||ChoiceSpecs|PunkRock|Boomburst,Overdrive,VoltSwitch,SludgeBomb|||M|||50|,,,,,Normal]Magmar||Eviolite|VitalSpirit|FollowMe,Flamethrower,Taunt,Protect|||F|||50|,,,,,Water]Kommo-o||ClearAmulet|Soundproof|IronHead,ClangorousSoul,Protect,DrainPunch|||F|||50|,,,,,Steel]Ninetales-Alola||LightClay|SnowWarning|Blizzard,AuroraVeil,Moonblast,Encore|||M|||50|,,,,,Fire]Dondozo||Leftovers|Unaware|Earthquake,Yawn,OrderUp,Protect|||M|||50|,,,,,Grass]Tatsugiri||ToxicOrb|Commander|MuddyWater,DracoMeteor,IcyWind,Protect|||M|||50|,,,,,Dragon
|showteam|p2|Gholdengo||ChoiceSpecs|GoodasGold|MakeItRain,ShadowBall,PowerGem,Thunderbolt||||||50|,,,,,Steel]Glimmora||PowerHerb|ToxicDebris|MeteorBeam,SludgeBomb,EarthPower,SpikyShield|||F|||50|,,,,,Grass]Talonflame||LifeOrb|GaleWings|BraveBird,FlareBlitz,Tailwind,WillOWisp|||M|||50|,,,,,Ghost]Dragonite||ChoiceBand|Multiscale|ExtremeSpeed,Outrage,AerialAce,Earthquake|||F|||50|,,,,,Normal]Dondozo||Leftovers|Unaware|WaveCrash,Earthquake,OrderUp,Protect|||M|||50|,,,,,Grass]Tatsugiri||FocusSash|Commander|DracoMeteor,MuddyWater,DragonPulse,Protect|||F|||50|,,,,,Stellar
|
|t:|1757662281
|teamsize|p1|4
|teamsize|p2|4
|start
|switch|p1a: Tatsugiri|Tatsugiri, L50, M|100/100
|switch|p1b: Ninetales|Ninetales-Alola, L50, M|100/100
|switch|p2a: Gholdengo|Gholdengo, L50|100/100
|switch|p2b: Glimmora|Glimmora, L50, F|100/100
|-weather|Snowscape|[from] ability: Snow Warning|[of] p1b: Ninetales
|turn|1
|
|t:|1757662324
|move|p1b: Ninetales|Aurora Veil|p1b: Ninetales
|-sidestart|p1: Semiau|move: Aurora Veil
|move|p2b: Glimmora|Meteor Beam||[still]
|-prepare|p2b: Glimmora|Meteor Beam
|-boost|p2b: Glimmora|spa|1
|-enditem|p2b: Glimmora|Power Herb
|-anim|p2b: Glimmora|Meteor Beam|p1b: Ninetales
|-supereffective|p1b: Ninetales
|-damage|p1b: Ninetales|0 fnt
|faint|p1b: Ninetales
|move|p2a: Gholdengo|Power Gem|p1a: Tatsugiri
|-damage|p1a: Tatsugiri|61/100
|move|p1a: Tatsugiri|Muddy Water|p2a: Gholdengo|[spread] p2a,p2b
|-supereffective|p2b: Glimmora
|-damage|p2a: Gholdengo|60/100
|-damage|p2b: Glimmora|9/100
|
|-weather|Snowscape|[upkeep]
|-status|p1a: Tatsugiri|tox|[from] item: Toxic Orb
|upkeep
|
|t:|1757662335
|switch|p1b: Dondozo|Dondozo, L50, M|100/100
|-activate|p1a: Tatsugiri|ability: Commander|[of] p1b: Dondozo
|-boost|p1b: Dondozo|atk|2
|-boost|p1b: Dondozo|spa|2
|-boost|p1b: Dondozo|spe|2
|-boost|p1b: Dondozo|def|2
|-boost|p1b: Dondozo|spd|2
|turn|2
|
|t:|1757662360
|switch|p2b: Tatsugiri|Tatsugiri, L50, F|100/100
|switch|p2a: Dondozo|Dondozo, L50, M|100/100
|-activate|p2b: Tatsugiri|ability: Commander|[of] p2a: Dondozo
|-boost|p2a: Dondozo|atk|2
|-boost|p2a: Dondozo|spa|2
|-boost|p2a: Dondozo|spe|2
|-boost|p2a: Dondozo|def|2
|-boost|p2a: Dondozo|spd|2
|move|p1b: Dondozo|Earthquake|p2b: Tatsugiri|[spread] p2a
|-miss|p1b: Dondozo|p1a: Tatsugiri
|-miss|p1b: Dondozo|p2b: Tatsugiri
|-damage|p2a: Dondozo|89/100
|
|-weather|Snowscape|[upkeep]
|-heal|p2a: Dondozo|95/100|[from] item: Leftovers
|-damage|p1a: Tatsugiri|55/100 tox|[from] psn
|upkeep
|turn|3
|
|t:|1757662419
|move|p2a: Dondozo|Order Up|p1b: Dondozo
|-damage|p1b: Dondozo|92/100
|-boost|p2a: Dondozo|atk|1
|move|p1b: Dondozo|Yawn|p2a: Dondozo
|-start|p2a: Dondozo|move: Yawn|[of] p1b: Dondozo
|
|-weather|Snowscape|[upkeep]
|-heal|p2a: Dondozo|100/100|[from] item: Leftovers
|-heal|p1b: Dondozo|98/100|[from] item: Leftovers
|-damage|p1a: Tatsugiri|42/100 tox|[from] psn
|upkeep
|turn|4
|
|t:|1757662438
|move|p2a: Dondozo|Order Up|p1b: Dondozo
|-damage|p1b: Dondozo|89/100
|-boost|p2a: Dondozo|atk|1
|move|p1b: Dondozo|Order Up|p2a: Dondozo
|-damage|p2a: Dondozo|86/100
|-boost|p1b: Dondozo|atk|1
|
|-weather|Snowscape|[upkeep]
|-heal|p2a: Dondozo|93/100|[from] item: Leftovers
|-heal|p1b: Dondozo|96/100|[from] item: Leftovers
|-damage|p1a: Tatsugiri|23/100 tox|[from] psn
|-end|p2a: Dondozo|move: Yawn|[silent]
|-status|p2a: Dondozo|slp
|upkeep
|turn|5
|
|t:|1757662468
|cant|p2a: Dondozo|slp
|move|p1b: Dondozo|Order Up|p2a: Dondozo
|-damage|p2a: Dondozo|78/100 slp
|-boost|p1b: Dondozo|atk|1
|
|-weather|none
|-heal|p2a: Dondozo|85/100 slp|[from] item: Leftovers
|-heal|p1b: Dondozo|100/100|[from] item: Leftovers
|-damage|p1a: Tatsugiri|0 fnt|[from] psn
|faint|p1a: Tatsugiri
|upkeep
|
|t:|1757662470
|switch|p1a: Toxtricity|Toxtricity, L50, M|100/100
|turn|6
|
|t:|1757662508
|-terastallize|p1a: Toxtricity|Normal
|cant|p2a: Dondozo|slp
|move|p1b: Dondozo|Order Up|p2a: Dondozo
|-damage|p2a: Dondozo|72/100 slp
|-boost|p1b: Dondozo|atk|1
|move|p1a: Toxtricity|Overdrive|p2a: Dondozo|[spread] p2a
|-miss|p1a: Toxtricity|p2b: Tatsugiri
|-supereffective|p2a: Dondozo
|-damage|p2a: Dondozo|8/100 slp
|
|-heal|p2a: Dondozo|15/100 slp|[from] item: Leftovers
|upkeep
|turn|7
|
|t:|1757662520
|-curestatus|p2a: Dondozo|slp|[msg]
|move|p2a: Dondozo|Earthquake|p1b: Dondozo|[spread] p1a,p1b
|-miss|p2a: Dondozo|p2b: Tatsugiri
|-damage|p1a: Toxtricity|41/100
|-damage|p1b: Dondozo|92/100
|move|p1b: Dondozo|Order Up|p2a: Dondozo
|-damage|p2a: Dondozo|2/100
|-boost|p1b: Dondozo|atk|1
|move|p1a: Toxtricity|Overdrive|p2a: Dondozo|[spread] p2a
|-miss|p1a: Toxtricity|p2b: Tatsugiri
|-supereffective|p2a: Dondozo
|-damage|p2a: Dondozo|0 fnt
|faint|p2a: Dondozo
|
|-heal|p1b: Dondozo|98/100|[from] item: Leftovers
|upkeep
|
|t:|1757662541
|switch|p2a: Gholdengo|Gholdengo, L50|60/100
|turn|8
|
|t:|1757662599
|move|p2a: Gholdengo|Thunderbolt|p1b: Dondozo
|-supereffective|p1b: Dondozo
|-damage|p1b: Dondozo|73/100
|move|p2b: Tatsugiri|Draco Meteor|p1a: Toxtricity
|-damage|p1a: Toxtricity|0 fnt
|-unboost|p2b: Tatsugiri|spa|2
|faint|p1a: Toxtricity
|move|p1b: Dondozo|Order Up|p2b: Tatsugiri
|-supereffective|p2b: Tatsugiri
|-enditem|p2b: Tatsugiri|Focus Sash
|-damage|p2b: Tatsugiri|1/100
|-boost|p1b: Dondozo|atk|0
|
|-heal|p1b: Dondozo|79/100|[from] item: Leftovers
|-sideend|p1: Semiau|move: Aurora Veil
|upkeep
|turn|9
|
|t:|1757662628
|move|p2b: Tatsugiri|Protect|p2b: Tatsugiri
|-singleturn|p2b: Tatsugiri|Protect
|move|p2a: Gholdengo|Thunderbolt|p1b: Dondozo
|-supereffective|p1b: Dondozo
|-damage|p1b: Dondozo|40/100
|move|p1b: Dondozo|Earthquake|p2b: Tatsugiri|[spread] p2a
|-activate|p2b: Tatsugiri|move: Protect
|-supereffective|p2a: Gholdengo
|-damage|p2a: Gholdengo|0 fnt
|faint|p2a: Gholdengo
|
|-heal|p1b: Dondozo|46/100|[from] item: Leftovers
|upkeep
|
|t:|1757662660
|switch|p2a: Glimmora|Glimmora, L50, F|9/100
|turn|10
|
|t:|1757662688
|-terastallize|p2a: Glimmora|Grass
|move|p2a: Glimmora|Sludge Bomb|p1b: Dondozo
|-damage|p1b: Dondozo|27/100
|move|p2b: Tatsugiri|Draco Meteor|p1b: Dondozo
|-damage|p1b: Dondozo|3/100
|-unboost|p2b: Tatsugiri|spa|2
|move|p1b: Dondozo|Earthquake|p2a: Glimmora|[spread] p2a,p2b
|-resisted|p2a: Glimmora
|-damage|p2a: Glimmora|0 fnt
|-damage|p2b: Tatsugiri|0 fnt
|-activate|p2a: Glimmora|ability: Toxic Debris
|-sidestart|p1: Semiau|move: Toxic Spikes
|faint|p2a: Glimmora
|faint|p2b: Tatsugiri
|
|win|Semiau
|l|☆Semiau
|player|p1|
||Semiau is ready for game 3.
|inactive|Manueljaa has 30 seconds to confirm battle start!
|inactive|Manueljaa has 20 seconds to confirm battle start!
||Manueljaa is ready for game 3.
|uhtml|next|Next: Game 3 of 3
|l|☆Manueljaa
|player|p2|
