|j|☆carmelotb
|j|☆imnotthatgoodvgc
|html|carmelotbimnotthatgoodvgc    
|uhtml|bestof|Game 1 of a best-of-3
|t:|1784815262
|gametype|doubles
|player|p1|carmelotb|pilot|1065
|player|p2|imnotthatgoodvgc|pokekid|1040
|gen|9
|tier|[Gen 9 Champions] VGC 2026 Reg M-B (Bo3)
|rated|
|rule|Species Clause: Limit one of each Pokémon
|rule|Item Clause: Limit 1 of each item
|clearpoke
|poke|p1|Tyranitar, L50, M|
|poke|p1|Excadrill, L50, M|
|poke|p1|Rotom-Heat, L50|
|poke|p1|Tauros-Paldea-Aqua, L50, M|
|poke|p1|Whimsicott, L50, M|
|poke|p1|Meganium, L50, F|
|poke|p2|Incineroar, L50, M|
|poke|p2|Charizard, L50, M|
|poke|p2|Garchomp, L50, M|
|poke|p2|Azumarill, L50, M|
|poke|p2|Sinistcha, L50|
|poke|p2|Goodra-Hisui, L50, M|
|teampreview|4
|showteam|p1|Tyranitar||Tyranitarite|SandStream|Crunch,DragonDance,RockSlide,Protect|Jolly||M|||50|]Excadrill||FocusSash|SandRush|RockSlide,Earthquake,IronHead,Protect|Adamant||M|||50|]Rotom-Heat||ChoiceScarf|Levitate|VoltSwitch,Thunderbolt,Overheat,Trick|Modest|||||50|]Tauros-Paldea-Aqua||WhiteHerb|Intimidate|AquaJet,WaveCrash,CloseCombat,Protect|Jolly||M|||50|]Whimsicott||LifeOrb|Prankster|EnergyBall,Moonblast,Tailwind,Protect|Timid||M|||50|]Meganium||Meganiumite|Overgrow|DazzlingGleam,SolarBeam,WeatherBall,Protect|Modest||F|||50|
|showteam|p2|Incineroar||Leftovers|Intimidate|PartingShot,FakeOut,FlareBlitz,ThroatChop|Careful||M|||50|]Charizard||CharizarditeY|Blaze|Protect,HeatWave,SolarBeam,WeatherBall|Modest||M|||50|]Garchomp||ScopeLens|RoughSkin|Protect,DragonClaw,RockSlide,Earthquake|Adamant||M|||50|]Azumarill||SitrusBerry|HugePower|Protect,AquaJet,BellyDrum,PlayRough|Adamant||M|||50|]Sinistcha||FocusSash|Hospitality|Protect,TrickRoom,MatchaGotcha,RagePowder|Calm|||||50|]Goodra-Hisui||ShellBell|SapSipper|Feint,Protect,DragonCheer,HeavySlam|Relaxed||M|||50|
|inactive|Battle timer is ON: inactive players will automatically lose when time's up. (requested by carmelotb)
|inactive|imnotthatgoodvgc has 60 seconds left.
|
|t:|1784815368
|teamsize|p1|4
|teamsize|p2|4
|start
|switch|p1a: Tauros|Tauros-Paldea-Aqua, L50, M|100/100
|switch|p1b: Rotom|Rotom-Heat, L50|100/100
|switch|p2a: Sinistcha|Sinistcha, L50|100/100
|switch|p2b: Azumarill|Azumarill, L50, M|100/100
|-ability|p1a: Tauros|Intimidate|boost
|-unboost|p2a: Sinistcha|atk|1
|-unboost|p2b: Azumarill|atk|1
|turn|1
|
|t:|1784815392
|switch|p1a: Tyranitar|Tyranitar, L50, M|100/100
|-weather|Sandstorm|[from] ability: Sand Stream|[of] p1a: Tyranitar
|move|p2a: Sinistcha|Rage Powder|p2a: Sinistcha
|-singleturn|p2a: Sinistcha|move: Rage Powder
|move|p1b: Rotom|Overheat|p2a: Sinistcha
|-supereffective|p2a: Sinistcha|1
|-enditem|p2a: Sinistcha|Focus Sash
|-damage|p2a: Sinistcha|1/100
|-unboost|p1b: Rotom|spa|2
|move|p2b: Azumarill|Belly Drum|p2b: Azumarill
|-damage|p2b: Azumarill|50/100y
|-setboost|p2b: Azumarill|atk|6|[from] move: Belly Drum
|-enditem|p2b: Azumarill|Sitrus Berry|[eat]
|-heal|p2b: Azumarill|74/100|[from] item: Sitrus Berry
|
|-weather|Sandstorm|[upkeep]
|-damage|p1b: Rotom|94/100|[from] Sandstorm
|-damage|p2a: Sinistcha|0 fnt|[from] Sandstorm
|-damage|p2b: Azumarill|68/100|[from] Sandstorm
|faint|p2a: Sinistcha
|upkeep
|inactive|imnotthatgoodvgc has 30 seconds left.
|
|t:|1784815420
|switch|p2a: Garchomp|Garchomp, L50, M|100/100
|turn|2
|inactive|imnotthatgoodvgc has 30 seconds left.
|inactive|imnotthatgoodvgc has 20 seconds left.
|
|t:|1784815460
|switch|p1b: Tauros|Tauros-Paldea-Aqua, L50, M|100/100
|-ability|p1b: Tauros|Intimidate|boost
|-unboost|p2a: Garchomp|atk|1
|-unboost|p2b: Azumarill|atk|1
|move|p1a: Tyranitar|Protect|p1a: Tyranitar
|-singleturn|p1a: Tyranitar|Protect
|move|p2b: Azumarill|Protect|p2b: Azumarill
|-singleturn|p2b: Azumarill|Protect
|move|p2a: Garchomp|Earthquake|p1b: Tauros|[spread] p1b
|-activate|p2b: Azumarill|move: Protect
|-activate|p1a: Tyranitar|move: Protect
|-damage|p1b: Tauros|66/100
|
|-weather|Sandstorm|[upkeep]
|-damage|p1b: Tauros|60/100|[from] Sandstorm
|-damage|p2b: Azumarill|63/100|[from] Sandstorm
|upkeep
|turn|3
|inactive|carmelotb has 30 seconds left.
|inactive|imnotthatgoodvgc has 30 seconds left.
|
|t:|1784815487
|switch|p1b: Excadrill|Excadrill, L50, M|100/100
|switch|p1a: Rotom|Rotom-Heat, L50|94/100
|move|p2b: Azumarill|Aqua Jet|p1a: Rotom
|-supereffective|p1a: Rotom|1
|-damage|p1a: Rotom|0 fnt
|faint|p1a: Rotom
|move|p2a: Garchomp|Dragon Claw|p1b: Excadrill
|-resisted|p1b: Excadrill|1
|-damage|p1b: Excadrill|75/100
|
|-weather|Sandstorm|[upkeep]
|-damage|p2b: Azumarill|57/100|[from] Sandstorm
|upkeep
|
|t:|1784815499
|switch|p1a: Tauros|Tauros-Paldea-Aqua, L50, M|60/100
|-ability|p1a: Tauros|Intimidate|boost
|-unboost|p2a: Garchomp|atk|1
|-unboost|p2b: Azumarill|atk|1
|turn|4
|inactive|imnotthatgoodvgc has 30 seconds left.
|
|t:|1784815532
|move|p1b: Excadrill|Protect|p1b: Excadrill
|-singleturn|p1b: Excadrill|Protect
|move|p2b: Azumarill|Protect|p2b: Azumarill
|-singleturn|p2b: Azumarill|Protect
|move|p1a: Tauros|Wave Crash|p2b: Azumarill
|-activate|p2b: Azumarill|move: Protect
|move|p2a: Garchomp|Earthquake|p1a: Tauros|[spread] p1a
|-activate|p2b: Azumarill|move: Protect
|-activate|p1b: Excadrill|move: Protect
|-damage|p1a: Tauros|35/100
|
|-weather|Sandstorm|[upkeep]
|-damage|p1a: Tauros|29/100|[from] Sandstorm
|-damage|p2b: Azumarill|51/100|[from] Sandstorm
|upkeep
|turn|5
|
|t:|1784815554
|move|p2b: Azumarill|Aqua Jet|p1b: Excadrill
|-supereffective|p1b: Excadrill|1
|-damage|p1b: Excadrill|0 fnt
|faint|p1b: Excadrill
|move|p1a: Tauros|Wave Crash|p2b: Azumarill
|-resisted|p2b: Azumarill|1
|-damage|p2b: Azumarill|19/100
|-damage|p1a: Tauros|15/100|[from] Recoil
|move|p2a: Garchomp|Dragon Claw|p1a: Tauros
|-damage|p1a: Tauros|0 fnt
|faint|p1a: Tauros
|
|-weather|none
|upkeep
|
|t:|1784815565
|switch|p1b: Tyranitar|Tyranitar, L50, M|100/100
|-weather|Sandstorm|[from] ability: Sand Stream|[of] p1b: Tyranitar
|turn|6
|
|t:|1784815579
|switch|p2a: Charizard|Charizard, L50, M|100/100
|detailschange|p1b: Tyranitar|Tyranitar-Mega, L50, M
|-mega|p1b: Tyranitar|Tyranitar|Tyranitarite
|move|p2b: Azumarill|Aqua Jet|p1b: Tyranitar
|-supereffective|p1b: Tyranitar|1
|-damage|p1b: Tyranitar|1/100
|move|p1b: Tyranitar|Rock Slide|p2a: Charizard|[spread] p2b
|-miss|p1b: Tyranitar|p2a: Charizard
|-damage|p2b: Azumarill|0 fnt
|faint|p2b: Azumarill
|
|-weather|Sandstorm|[upkeep]
|-damage|p2a: Charizard|94/100|[from] Sandstorm
|upkeep
|
|t:|1784815595
|switch|p2b: Garchomp|Garchomp, L50, M|100/100
|turn|7
|
|t:|1784815607
|detailschange|p2a: Charizard|Charizard-Mega-Y, L50, M
|-mega|p2a: Charizard|Charizard|Charizardite Y
|-weather|SunnyDay|[from] ability: Drought|[of] p2a: Charizard
|move|p2b: Garchomp|Earthquake|p1b: Tyranitar|[spread] p1b
|-immune|p2a: Charizard
|-supereffective|p1b: Tyranitar|1
|-damage|p1b: Tyranitar|0 fnt
|faint|p1b: Tyranitar
|
|win|imnotthatgoodvgc
|l|☆carmelotb
|player|p1|
||carmelotb is ready for game 2.
