|j|☆y-rocko
|j|☆momoechis
|html|y-rockomomoechis    
|uhtml|bestof|Game 1 of a best-of-3
|t:|1756596859
|gametype|doubles
|player|p1|y-rocko|2|1093
|player|p2|momoechis|iris|1062
|gen|9
|tier|[Gen 9] VGC 2025 Reg H (Bo3)
|rated|
|rule|Species Clause: Limit one of each Pokémon
|rule|Item Clause: Limit 1 of each item
|clearpoke
|poke|p1|Ribombee, L50, F|
|poke|p1|Stonjourner, L50, F|
|poke|p1|Whimsicott, L50, M|
|poke|p1|Typhlosion-Hisui, L50, M|
|poke|p1|Hydreigon, L50, M|
|poke|p1|Bronzong, L50|
|poke|p2|Ursaluna-Bloodmoon, L50, M|
|poke|p2|Dragonite, L50, M|
|poke|p2|Sneasler, L50, M|
|poke|p2|Electabuzz, L50, M|
|poke|p2|Primarina, L50, F|
|poke|p2|Rillaboom, L50, F|
|teampreview|4
|showteam|p1|Ribombee||ChoiceSpecs|ShieldDust|Moonblast,DazzlingGleam,Uturn,PollenPuff|||F|||50|,,,,,Fairy]Stonjourner||FocusSash|PowerSpot|WideGuard,RockSlide,HeatCrash,LowKick|||F|||50|,,,,,Fire]Whimsicott||CovertCloak|Prankster|Tailwind,FakeTears,SunnyDay,Moonblast|||M|||50|,,,,,Water]Typhlosion-Hisui||Charcoal|Frisk|Protect,Eruption,ShadowBall,Flamethrower|||M|||50|,,,,,Fire]Hydreigon||AssaultVest|Levitate|Snarl,DarkPulse,DracoMeteor,HeatWave|||M|||50|,,,,,Fire]Bronzong||SitrusBerry|Levitate|TrickRoom,IronDefense,BodyPress,Psychic||||||50|,,,,,Dragon
|showteam|p2|Ursaluna-Bloodmoon||LifeOrb|MindsEye|BloodMoon,HyperVoice,EarthPower,Protect|||M|||50|,,,,,Normal]Dragonite||LoadedDice|Multiscale|Tailwind,ScaleShot,Haze,Protect|||M|||50|,,,,,Fairy]Sneasler||GrassySeed|Unburden|CloseCombat,DireClaw,Acrobatics,Protect|||M|||50|,,,,,Flying]Electabuzz||Eviolite|Static|Thunderbolt,Taunt,FollowMe,Protect|||M|||50|,,,,,Ghost]Primarina||SitrusBerry|LiquidVoice|HyperVoice,Moonblast,Protect,Encore|||F|||50|,,,,,Poison]Rillaboom||AssaultVest|GrassySurge|FakeOut,HighHorsepower,GrassyGlide,WoodHammer|||F|||50|,,,,,Fire
|
|t:|1756596920
|teamsize|p1|4
|teamsize|p2|4
|start
|switch|p1a: Whimsicott|Whimsicott, L50, M|100/100
|switch|p1b: Typhlosion|Typhlosion-Hisui, L50, M|100/100
|switch|p2a: Sneasler|Sneasler, L50, M|100/100
|switch|p2b: Rillaboom|Rillaboom, L50, F|100/100
|-item|p2a: Sneasler|Grassy Seed|[from] ability: Frisk|[of] p1b: Typhlosion
|-item|p2b: Rillaboom|Assault Vest|[from] ability: Frisk|[of] p1b: Typhlosion
|-fieldstart|move: Grassy Terrain|[from] ability: Grassy Surge|[of] p2b: Rillaboom
|-enditem|p2a: Sneasler|Grassy Seed
|-boost|p2a: Sneasler|def|1|[from] item: Grassy Seed
|turn|1
|
|t:|1756596978
|move|p1a: Whimsicott|Tailwind|p1a: Whimsicott
|-sidestart|p1: y-rocko|move: Tailwind
|move|p2b: Rillaboom|Grassy Glide|p1b: Typhlosion
|-resisted|p1b: Typhlosion
|-damage|p1b: Typhlosion|72/100
|move|p2a: Sneasler|Dire Claw|p1b: Typhlosion
|-resisted|p1b: Typhlosion
|-damage|p1b: Typhlosion|36/100
|-status|p1b: Typhlosion|psn
|move|p1b: Typhlosion|Flamethrower|p2b: Rillaboom
|-supereffective|p2b: Rillaboom
|-damage|p2b: Rillaboom|24/100
|
|-heal|p1b: Typhlosion|42/100 psn|[from] Grassy Terrain
|-heal|p2b: Rillaboom|30/100|[from] Grassy Terrain
|-damage|p1b: Typhlosion|30/100 psn|[from] psn
|upkeep
|turn|2
|
|t:|1756597006
|move|p1a: Whimsicott|Sunny Day|p1a: Whimsicott
|-weather|SunnyDay
|move|p2b: Rillaboom|Grassy Glide|p1a: Whimsicott
|-resisted|p1a: Whimsicott
|-damage|p1a: Whimsicott|84/100
|move|p2a: Sneasler|Dire Claw|p1a: Whimsicott
|-supereffective|p1a: Whimsicott
|-damage|p1a: Whimsicott|0 fnt
|faint|p1a: Whimsicott
|move|p1b: Typhlosion|Flamethrower|p2a: Sneasler
|-damage|p2a: Sneasler|0 fnt
|faint|p2a: Sneasler
|
|-weather|SunnyDay|[upkeep]
|-heal|p1b: Typhlosion|36/100 psn|[from] Grassy Terrain
|-heal|p2b: Rillaboom|37/100|[from] Grassy Terrain
|-damage|p1b: Typhlosion|24/100 psn|[from] psn
|upkeep
|
|t:|1756597027
|switch|p2a: Electabuzz|Electabuzz, L50, M|100/100
|switch|p1a: Ribombee|Ribombee, L50, F|100/100
|turn|3
|
|t:|1756597056
|move|p2a: Electabuzz|Follow Me|p2a: Electabuzz
|-singleturn|p2a: Electabuzz|move: Follow Me
|move|p1a: Ribombee|Dazzling Gleam|p2b: Rillaboom|[spread] p2a,p2b
|-damage|p2a: Electabuzz|72/100
|-damage|p2b: Rillaboom|6/100
|move|p1b: Typhlosion|Flamethrower|p2a: Electabuzz
|-damage|p2a: Electabuzz|14/100
|move|p2b: Rillaboom|Wood Hammer|p1b: Typhlosion
|-resisted|p1b: Typhlosion
|-damage|p1b: Typhlosion|0 fnt
|faint|p1b: Typhlosion
|-damage|p2b: Rillaboom|0 fnt|[from] Recoil
|faint|p2b: Rillaboom
|
|-weather|SunnyDay|[upkeep]
|-heal|p2a: Electabuzz|20/100|[from] Grassy Terrain
|upkeep
|
|t:|1756597065
|switch|p1b: Bronzong|Bronzong, L50|100/100
|switch|p2b: Ursaluna|Ursaluna-Bloodmoon, L50, M|100/100
|turn|4
|
|t:|1756597085
|-terastallize|p1a: Ribombee|Fairy
|move|p2a: Electabuzz|Protect|p2a: Electabuzz
|-singleturn|p2a: Electabuzz|Protect
|move|p2b: Ursaluna|Protect|p2b: Ursaluna
|-singleturn|p2b: Ursaluna|Protect
|move|p1a: Ribombee|Dazzling Gleam|p2b: Ursaluna|[spread] 
|-activate|p2a: Electabuzz|move: Protect
|-activate|p2b: Ursaluna|move: Protect
|move|p1b: Bronzong|Body Press|p2b: Ursaluna
|-activate|p2b: Ursaluna|move: Protect
|
|-weather|SunnyDay|[upkeep]
|-heal|p2a: Electabuzz|26/100|[from] Grassy Terrain
|-sideend|p1: y-rocko|move: Tailwind
|upkeep
|turn|5
|
|t:|1756597107
|-terastallize|p2b: Ursaluna|Normal
|move|p1a: Ribombee|Dazzling Gleam|p2a: Electabuzz|[spread] p2a,p2b
|-damage|p2a: Electabuzz|0 fnt
|-damage|p2b: Ursaluna|28/100
|faint|p2a: Electabuzz
|move|p2b: Ursaluna|Earth Power|p1b: Bronzong
|-immune|p1b: Bronzong|[from] ability: Levitate
|move|p1b: Bronzong|Body Press|p2b: Ursaluna
|-supereffective|p2b: Ursaluna
|-damage|p2b: Ursaluna|0 fnt
|faint|p2b: Ursaluna
|
|win|y-rocko
||momoechis is ready for game 2.
|inactive|y-rocko has 30 seconds to confirm battle start!
||y-rocko is ready for game 2.
|uhtml|next|Next: Game 2 of 3
|l|☆y-rocko
|player|p1|
