|j|☆TMJS01
|j|☆lordtentacle69
|html|TMJS01lordtentacle69    
|uhtml|bestof|Game 2 of a best-of-3
|t:|1783750897
|gametype|doubles
|player|p1|TMJS01|unknown|1281
|player|p2|lordtentacle69|corbeau|1400
|gen|9
|tier|[Gen 9 Champions] VGC 2026 Reg M-B (Bo3)
|rated|
|rule|Species Clause: Limit one of each Pokémon
|rule|Item Clause: Limit 1 of each item
|clearpoke
|poke|p1|Sinistcha, L50|
|poke|p1|Incineroar, L50, F|
|poke|p1|Floette-Eternal, L50, F|
|poke|p1|Kingambit, L50, F|
|poke|p1|Camerupt, L50, F|
|poke|p1|Farigiraf, L50, F|
|poke|p2|Delphox, L50, F|
|poke|p2|Incineroar, L50, F|
|poke|p2|Maushold-Four, L50|
|poke|p2|Sinistcha, L50|
|poke|p2|Sneasler, L50, F|
|poke|p2|Blastoise, L50, F|
|teampreview|4
|showteam|p1|Sinistcha||ColburBerry|Hospitality|MatchaGotcha,RagePowder,TrickRoom,LifeDew|Relaxed|||||50|]Incineroar||PasshoBerry|Intimidate|ThroatChop,FlareBlitz,PartingShot,FakeOut|Adamant||F|||50|]Floette-Eternal||Floettite|FlowerVeil|Protect,CalmMind,Moonblast,DazzlingGleam|Modest||F|||50|]Kingambit||FocusSash|Defiant|SuckerPunch,IronHead,KowtowCleave,LowKick|Brave||F|||50|]Camerupt||Cameruptite|SolidRock|AncientPower,HeatWave,EarthPower,Protect|Quiet||F|||50|]Farigiraf||SitrusBerry|ArmorTail|Thunderbolt,TwinBeam,TrickRoom,HelpingHand|Relaxed||F|||50|
|showteam|p2|Delphox||Delphoxite|Blaze|HeatWave,Psychic,NastyPlot,Protect|Timid||F|||50|]Incineroar||SitrusBerry|Intimidate|FakeOut,PartingShot,FlareBlitz,ThroatChop|Impish||F|||50|]Maushold-Four||ChopleBerry|FriendGuard|Feint,HelpingHand,Protect,FollowMe|Impish|||||50|]Sinistcha||KasibBerry|Hospitality|Protect,MatchaGotcha,TrickRoom,RagePowder|Bold|||||50|]Sneasler||FocusSash|PoisonTouch|CloseCombat,PoisonJab,QuickGuard,FakeOut|Adamant||F|||50|]Blastoise||Blastoisinite|RainDish|Protect,WaterSpout,DarkPulse,ShellSmash|Modest||F|||50|
|inactive|Battle timer is ON: inactive players will automatically lose when time's up. (requested by TMJS01)
|inactive|TMJS01 has 60 seconds left.
|
|t:|1783750952
|teamsize|p1|4
|teamsize|p2|4
|start
|switch|p1a: Incineroar|Incineroar, L50, F|100/100
|switch|p1b: Sinistcha|Sinistcha, L50|100/100
|switch|p2a: Brent|Blastoise, L50, F|100/100
|switch|p2b: Sarahn's OC|Sneasler, L50, F|100/100
|-ability|p1a: Incineroar|Intimidate|boost
|-unboost|p2a: Brent|atk|1
|-unboost|p2b: Sarahn's OC|atk|1
|turn|1
|
|t:|1783750968
|detailschange|p2a: Brent|Blastoise-Mega, L50, F
|-mega|p2a: Brent|Blastoise|Blastoisinite
|move|p2b: Sarahn's OC|Quick Guard|p2b: Sarahn's OC
|-singleturn|p2b: Sarahn's OC|Quick Guard
|move|p2a: Brent|Dark Pulse|p1b: Sinistcha
|-supereffective|p1b: Sinistcha|1
|-enditem|p1b: Sinistcha|Colbur Berry|[eat]
|-enditem|p1b: Sinistcha|Colbur Berry|[weaken]
|-damage|p1b: Sinistcha|58/100
|move|p1a: Incineroar|Parting Shot|p2a: Brent
|-unboost|p2a: Brent|atk|1
|-unboost|p2a: Brent|spa|1
|inactive|TMJS01 has 30 seconds left.
|
|t:|1783750999
|switch|p1a: Camerupt|Camerupt, L50, F|100/100|[from] Parting Shot
|move|p1b: Sinistcha|Trick Room|p1b: Sinistcha
|-fieldstart|move: Trick Room|[of] p1b: Sinistcha
|
|upkeep
|turn|2
|
|t:|1783751018
|switch|p2b: Green Day|Sinistcha, L50|100/100
|detailschange|p1a: Camerupt|Camerupt-Mega, L50, F
|-mega|p1a: Camerupt|Camerupt|Cameruptite
|move|p2a: Brent|Protect|p2a: Brent
|-singleturn|p2a: Brent|Protect
|move|p1a: Camerupt|Heat Wave|p2a: Brent|[spread] 
|-activate|p2a: Brent|move: Protect
|-miss|p1a: Camerupt|p2b: Green Day
|move|p1b: Sinistcha|Matcha Gotcha|p2b: Green Day|[spread] p2b
|-activate|p2a: Brent|move: Protect
|-resisted|p2b: Green Day|1
|-crit|p2b: Green Day
|-damage|p2b: Green Day|81/100
|-heal|p1b: Sinistcha|67/100|[from] drain|[of] p2b: Green Day
|
|upkeep
|turn|3
|inactive|TMJS01 has 30 seconds left.
|inactive|lordtentacle69 has 30 seconds left.
|inactive|TMJS01 has 20 seconds left.
|inactive|TMJS01 has 15 seconds left.
|
|t:|1783751062
|move|p2b: Green Day|Protect|p2b: Green Day
|-singleturn|p2b: Green Day|Protect
|move|p1a: Camerupt|Heat Wave|p2b: Green Day|[spread] p2a
|-activate|p2b: Green Day|move: Protect
|-resisted|p2a: Brent|1
|-damage|p2a: Brent|73/100
|move|p1b: Sinistcha|Matcha Gotcha|p2a: Brent|[spread] p2a
|-activate|p2b: Green Day|move: Protect
|-supereffective|p2a: Brent|1
|-damage|p2a: Brent|26/100
|-heal|p1b: Sinistcha|87/100|[from] drain|[of] p2a: Brent
|move|p2a: Brent|Water Spout|p1a: Camerupt|[spread] p1a,p1b
|-supereffective|p1a: Camerupt|2
|-resisted|p1b: Sinistcha|1
|-damage|p1a: Camerupt|52/100
|-damage|p1b: Sinistcha|82/100
|
|upkeep
|turn|4
|
|t:|1783751079
|switch|p2b: Gochujang|Incineroar, L50, F|100/100
|-ability|p2b: Gochujang|Intimidate|boost
|-unboost|p1a: Camerupt|atk|1
|-unboost|p1b: Sinistcha|atk|1
|move|p2a: Brent|Protect|p2a: Brent
|-singleturn|p2a: Brent|Protect
|move|p1a: Camerupt|Earth Power|p2b: Gochujang
|-supereffective|p2b: Gochujang|1
|-damage|p2b: Gochujang|0 fnt
|faint|p2b: Gochujang
|move|p1b: Sinistcha|Matcha Gotcha|p2a: Brent
|-activate|p2a: Brent|move: Protect
|
|upkeep
|
|t:|1783751093
|switch|p2b: Green Day|Sinistcha, L50|81/100
|-heal|p2a: Brent|51/100|[from] ability: Hospitality|[of] p2b: Green Day
|turn|5
|
|t:|1783751103
|switch|p1a: Kingambit|Kingambit, L50, F|100/100
|switch|p2a: Sarahn's OC|Sneasler, L50, F|100/100
|move|p2b: Green Day|Protect|p2b: Green Day
|-singleturn|p2b: Green Day|Protect
|move|p1b: Sinistcha|Matcha Gotcha|p2b: Green Day|[spread] p2a
|-activate|p2b: Green Day|move: Protect
|-resisted|p2a: Sarahn's OC|1
|-damage|p2a: Sarahn's OC|82/100
|-heal|p1b: Sinistcha|90/100|[from] drain|[of] p2a: Sarahn's OC
|
|-fieldend|move: Trick Room
|upkeep
|turn|6
|inactive|lordtentacle69 has 30 seconds left.
|
|t:|1783751130
|move|p2a: Sarahn's OC|Close Combat|p1a: Kingambit
|-supereffective|p1a: Kingambit|2
|-enditem|p1a: Kingambit|Focus Sash
|-damage|p1a: Kingambit|1/100
|-unboost|p2a: Sarahn's OC|def|1
|-unboost|p2a: Sarahn's OC|spd|1
|move|p1a: Kingambit|Kowtow Cleave|p2b: Green Day
|-supereffective|p2b: Green Day|1
|-damage|p2b: Green Day|7/100
|move|p2b: Green Day|Trick Room|p2b: Green Day
|-fieldstart|move: Trick Room|[of] p2b: Green Day
|move|p1b: Sinistcha|Trick Room|p1b: Sinistcha
|-fieldend|move: Trick Room
|
|upkeep
|turn|7
|
|t:|1783751150
|move|p1a: Kingambit|Sucker Punch|p2b: Green Day
|-supereffective|p2b: Green Day|1
|-damage|p2b: Green Day|0 fnt
|faint|p2b: Green Day
|move|p2a: Sarahn's OC|Poison Jab|p1b: Sinistcha
|-damage|p1b: Sinistcha|52/100
|move|p1b: Sinistcha|Trick Room|p1b: Sinistcha
|-fieldstart|move: Trick Room|[of] p1b: Sinistcha
|
|upkeep
|-message|lordtentacle69 forfeited.
|
|win|TMJS01
|raw|TMJS01's rating: 1281 → 1314(+33 for winning)
|raw|lordtentacle69's rating: 1400 → 1373(-27 for losing)
