|j|☆Pietplezier7
|j|☆JNEST
|html|Pietplezier7JNEST    
|uhtml|bestof|Game 1 of a best-of-3
|t:|1756155350
|gametype|doubles
|player|p1|Pietplezier7|grimsley-gen7|1181
|player|p2|JNEST|veteran-gen4|1258
|gen|9
|tier|[Gen 9] VGC 2025 Reg H (Bo3)
|rated|
|rule|Species Clause: Limit one of each Pokémon
|rule|Item Clause: Limit 1 of each item
|clearpoke
|poke|p1|Dragonite, L50, M|
|poke|p1|Electabuzz, L50, M|
|poke|p1|Kingambit, L50, M|
|poke|p1|Rillaboom, L50, M|
|poke|p1|Sneasler, L50, F|
|poke|p1|Volcarona, L50, F|
|poke|p2|Weezing, L50, M|
|poke|p2|Indeedee, L50, M|
|poke|p2|Incineroar, L50, M|
|poke|p2|Annihilape, L50, F|
|poke|p2|Tyranitar, L50, M|
|poke|p2|Corviknight, L50, M|
|teampreview|4
|showteam|p1|Dragonite||LoadedDice|Multiscale|ScaleShot,LowKick,Protect,Haze|||M|||50|,,,,,Steel]Electabuzz||Eviolite|VitalSpirit|Thunderbolt,Taunt,Protect,FollowMe|||M|||50|,,,,,Fairy]Kingambit||SafetyGoggles|Defiant|KowtowCleave,SuckerPunch,Protect,TeraBlast|||M|||50|,,,,,Flying]Rillaboom||AssaultVest|GrassySurge|GrassyGlide,WoodHammer,FakeOut,HighHorsepower|||M|||50|,,,,,Fire]Sneasler||FocusSash|PoisonTouch|DireClaw,CloseCombat,FakeOut,Coaching|||F|||50|,,,,,Stellar]Volcarona||Leftovers|FlameBody|HeatWave,TeraBlast,Protect,QuiverDance|||F|||50|,,,,,Fairy
|showteam|p2|Weezing||SitrusBerry|NeutralizingGas|Protect,Taunt,WillOWisp,SludgeBomb|||M|||50|,,,,,Ghost]Indeedee||ChoiceScarf|PsychicSurge|ExpandingForce,TeraBlast,Trick,HyperVoice|||M|||50|,,,,,Fighting]Incineroar||AbilityShield|Intimidate|KnockOff,FlareBlitz,FakeOut,PartingShot|||M|||50|,,,,,Ghost]Annihilape||SafetyGoggles|Defiant|Taunt,RageFist,CloseCombat,FinalGambit|||F|||50|,,,,,Fairy]Tyranitar||AssaultVest|SandStream|RockSlide,KnockOff,TeraBlast,LowKick|||M|||50|,,,,,Flying]Corviknight||Leftovers|MirrorArmor|BraveBird,Tailwind,Roost,BulkUp|||M|||50|,,,,,Dragon
|inactive|Battle timer is ON: inactive players will automatically lose when time's up. (requested by JNEST)
|inactive|Pietplezier7 also wants the timer to be on.
|inactive|Pietplezier7 has 60 seconds left.
|inactive|JNEST has 60 seconds left.
|
|t:|1756155405
|teamsize|p1|4
|teamsize|p2|4
|start
|switch|p1a: Dragonite|Dragonite, L50, M|100/100
|switch|p1b: Rillaboom|Rillaboom, L50, M|100/100
|switch|p2a: Weezing|Weezing, L50, M|100/100
|switch|p2b: Incineroar|Incineroar, L50, M|100/100
|-ability|p2a: Weezing|Neutralizing Gas
|-block|p2b: Incineroar|item: Ability Shield
|-ability|p2b: Incineroar|Intimidate|boost
|-unboost|p1a: Dragonite|atk|1
|-unboost|p1b: Rillaboom|atk|1
|turn|1
|j| teamthief420
|inactive|Pietplezier7 has 30 seconds left.
|
|t:|1756155430
|switch|p1a: Volcarona|Volcarona, L50, F|100/100
|-terastallize|p2a: Weezing|Ghost
|move|p1b: Rillaboom|Fake Out|p2b: Incineroar
|-damage|p2b: Incineroar|92/100
|cant|p2b: Incineroar|flinch
|move|p2a: Weezing|Will-O-Wisp|p1a: Volcarona
|-immune|p1a: Volcarona
|
|upkeep
|turn|2
|
|t:|1756155452
|move|p1a: Volcarona|Quiver Dance|p1a: Volcarona
|-boost|p1a: Volcarona|spa|1
|-boost|p1a: Volcarona|spd|1
|-boost|p1a: Volcarona|spe|1
|move|p1b: Rillaboom|High Horsepower|p2b: Incineroar
|-supereffective|p2b: Incineroar
|-damage|p2b: Incineroar|48/100
|move|p2b: Incineroar|Flare Blitz|p1a: Volcarona
|-damage|p1a: Volcarona|37/100
|-damage|p2b: Incineroar|28/100|[from] Recoil
|move|p2a: Weezing|Sludge Bomb|p1a: Volcarona
|-damage|p1a: Volcarona|22/100
|-status|p1a: Volcarona|psn
|
|-heal|p1a: Volcarona|28/100 psn|[from] item: Leftovers
|-damage|p1a: Volcarona|16/100 psn|[from] psn
|upkeep
|turn|3
|inactive|Pietplezier7 has 30 seconds left.
|
|t:|1756155480
|switch|p2b: Tyranitar|Tyranitar, L50, M|100/100
|move|p2a: Weezing|Protect|p2a: Weezing
|-singleturn|p2a: Weezing|Protect
|move|p1a: Volcarona|Heat Wave|p2a: Weezing|[spread] p2b
|-activate|p2a: Weezing|move: Protect
|-resisted|p2b: Tyranitar
|-damage|p2b: Tyranitar|83/100
|move|p1b: Rillaboom|Wood Hammer|p2a: Weezing
|-activate|p2a: Weezing|move: Protect
|
|-heal|p1a: Volcarona|22/100 psn|[from] item: Leftovers
|-damage|p1a: Volcarona|9/100 psn|[from] psn
|upkeep
|turn|4
|
|t:|1756155495
|-end|p2a: Weezing|ability: Neutralizing Gas
|-fieldstart|move: Grassy Terrain|[from] ability: Grassy Surge|[of] p1b: Rillaboom
|-weather|Sandstorm|[from] ability: Sand Stream|[of] p2b: Tyranitar
|switch|p2a: Incineroar|Incineroar, L50, M|28/100
|-ability|p2a: Incineroar|Intimidate|boost
|-unboost|p1a: Volcarona|atk|1
|-unboost|p1b: Rillaboom|atk|1
|move|p1a: Volcarona|Heat Wave|p2b: Tyranitar|[spread] p2a,p2b
|-resisted|p2a: Incineroar
|-resisted|p2b: Tyranitar
|-damage|p2a: Incineroar|4/100
|-damage|p2b: Tyranitar|72/100
|move|p1b: Rillaboom|Wood Hammer|p2b: Tyranitar
|-supereffective|p2b: Tyranitar
|-damage|p2b: Tyranitar|8/100
|-damage|p1b: Rillaboom|81/100|[from] Recoil
|move|p2b: Tyranitar|Rock Slide|p1a: Volcarona|[spread] p1b
|-miss|p2b: Tyranitar|p1a: Volcarona
|-crit|p1b: Rillaboom
|-damage|p1b: Rillaboom|32/100
|
|-weather|Sandstorm|[upkeep]
|-damage|p1a: Volcarona|3/100 psn|[from] Sandstorm
|-damage|p1b: Rillaboom|26/100|[from] Sandstorm
|-damage|p2a: Incineroar|0 fnt|[from] Sandstorm
|faint|p2a: Incineroar
|-heal|p1a: Volcarona|9/100 psn|[from] Grassy Terrain
|-heal|p1a: Volcarona|16/100 psn|[from] item: Leftovers
|-heal|p1b: Rillaboom|32/100|[from] Grassy Terrain
|-heal|p2b: Tyranitar|14/100|[from] Grassy Terrain
|-damage|p1a: Volcarona|3/100 psn|[from] psn
|upkeep
|
|t:|1756155512
|switch|p2a: Corviknight|Corviknight, L50, M|100/100
|turn|5
|
|t:|1756155526
|switch|p1b: Electabuzz|Electabuzz, L50, M|100/100
|switch|p2a: Weezing|Weezing, L50, M, tera:Ghost|100/100
|-ability|p2a: Weezing|Neutralizing Gas
|move|p1a: Volcarona|Heat Wave|p2a: Weezing|[spread] p2a,p2b
|-resisted|p2b: Tyranitar
|-damage|p2a: Weezing|46/100
|-damage|p2b: Tyranitar|3/100
|-enditem|p2a: Weezing|Sitrus Berry|[eat]
|-heal|p2a: Weezing|71/100|[from] item: Sitrus Berry
|move|p2b: Tyranitar|Rock Slide|p1a: Volcarona|[spread] p1a,p1b
|-supereffective|p1a: Volcarona
|-crit|p1a: Volcarona
|-damage|p1a: Volcarona|0 fnt
|-damage|p1b: Electabuzz|69/100
|faint|p1a: Volcarona
|
|-weather|Sandstorm|[upkeep]
|-damage|p1b: Electabuzz|63/100|[from] Sandstorm
|-damage|p2a: Weezing|65/100|[from] Sandstorm
|-heal|p1b: Electabuzz|69/100|[from] Grassy Terrain
|-heal|p2b: Tyranitar|8/100|[from] Grassy Terrain
|-heal|p2a: Weezing|71/100|[from] Grassy Terrain
|upkeep
|l| teamthief420
|inactive|Pietplezier7 has 30 seconds left.
|inactive|Pietplezier7 has 20 seconds left.
|
|t:|1756155563
|switch|p1a: Dragonite|Dragonite, L50, M|100/100
|turn|6
|
|t:|1756155580
|-terastallize|p1a: Dragonite|Steel
|move|p1b: Electabuzz|Taunt|p2a: Weezing
|-start|p2a: Weezing|move: Taunt
|move|p1a: Dragonite|Low Kick|p2b: Tyranitar
|-supereffective|p2b: Tyranitar
|-crit|p2b: Tyranitar
|-damage|p2b: Tyranitar|0 fnt
|faint|p2b: Tyranitar
|cant|p2a: Weezing|move: Taunt|Taunt
|
|-weather|Sandstorm|[upkeep]
|-damage|p1b: Electabuzz|63/100|[from] Sandstorm
|-damage|p2a: Weezing|65/100|[from] Sandstorm
|-heal|p1b: Electabuzz|69/100|[from] Grassy Terrain
|-heal|p2a: Weezing|71/100|[from] Grassy Terrain
|upkeep
|
|t:|1756155585
|switch|p2b: Corviknight|Corviknight, L50, M|100/100
|turn|7
|
|t:|1756155610
|move|p1b: Electabuzz|Thunderbolt|p2b: Corviknight
|-supereffective|p2b: Corviknight
|-damage|p2b: Corviknight|44/100
|move|p1a: Dragonite|Low Kick|p2b: Corviknight
|-damage|p2b: Corviknight|19/100
|move|p2b: Corviknight|Tailwind|p2b: Corviknight
|-sidestart|p2: JNEST|move: Tailwind
|move|p2a: Weezing|Sludge Bomb|p1b: Electabuzz
|-damage|p1b: Electabuzz|46/100
|-status|p1b: Electabuzz|psn
|
|-weather|Sandstorm|[upkeep]
|-damage|p1b: Electabuzz|40/100 psn|[from] Sandstorm
|-damage|p2a: Weezing|65/100|[from] Sandstorm
|-heal|p2b: Corviknight|25/100|[from] item: Leftovers
|-heal|p1b: Electabuzz|46/100 psn|[from] Grassy Terrain
|-heal|p2a: Weezing|71/100|[from] Grassy Terrain
|-damage|p1b: Electabuzz|34/100 psn|[from] psn
|upkeep
|turn|8
|
|t:|1756155634
|move|p2b: Corviknight|Brave Bird|p1b: Electabuzz
|-resisted|p1b: Electabuzz
|-damage|p1b: Electabuzz|11/100 psn
|-damage|p2b: Corviknight|19/100|[from] Recoil
|move|p1b: Electabuzz|Thunderbolt|p2b: Corviknight
|-supereffective|p2b: Corviknight
|-damage|p2b: Corviknight|0 fnt
|faint|p2b: Corviknight
|move|p2a: Weezing|Sludge Bomb|p1b: Electabuzz
|-crit|p1b: Electabuzz
|-damage|p1b: Electabuzz|0 fnt
|faint|p1b: Electabuzz
|move|p1a: Dragonite|Low Kick|p2a: Weezing
|-immune|p2a: Weezing
|
|-weather|none
|-heal|p2a: Weezing|77/100|[from] Grassy Terrain
|-end|p2a: Weezing|move: Taunt
|-fieldend|move: Grassy Terrain
|upkeep
|-message|JNEST forfeited.
|
|win|Pietplezier7
