|j|☆luisecanonserna
|j|☆afkahaoai
|html|luisecanonsernaafkahaoai    
|uhtml|bestof|Game 3 of a best-of-3
|t:|1756502885
|gametype|doubles
|player|p1|luisecanonserna|266|1066
|player|p2|afkahaoai|1|1000
|gen|9
|tier|[Gen 9] VGC 2025 Reg H (Bo3)
|rated|
|rule|Species Clause: Limit one of each Pokémon
|rule|Item Clause: Limit 1 of each item
|clearpoke
|poke|p1|Gholdengo, L50|
|poke|p1|Incineroar, L50, M|
|poke|p1|Amoonguss, L50, F|
|poke|p1|Dragonite, L50, M|
|poke|p1|Tyranitar, L50, M|
|poke|p1|Garchomp, L50, F|
|poke|p2|Annihilape, L50, M|
|poke|p2|Ninetales-Alola, L50, F|
|poke|p2|Talonflame, L50, M|
|poke|p2|Garchomp, L50, M|
|poke|p2|Vivillon-Ocean, L50, F|
|poke|p2|Gholdengo, L50|
|teampreview|4
|showteam|p1|Gholdengo||LifeOrb|GoodasGold|MakeItRain,ShadowBall,NastyPlot,Protect||||||50|,,,,,Water]Incineroar||SafetyGoggles|Intimidate|FakeOut,KnockOff,PartingShot,FlareBlitz|||M|||50|,,,,,Ghost]Amoonguss||RockyHelmet|Regenerator|PollenPuff,RagePowder,Spore,Protect|||F|||50|,,,,,Dark]Dragonite||LoadedDice|Multiscale|ScaleShot,Tailwind,Haze,Protect|||M|||50|,,,,,Fairy]Tyranitar||AssaultVest|SandStream|RockSlide,LowKick,TeraBlast,Assurance|||M|||50|,,,,,Flying]Garchomp||ClearAmulet|RoughSkin|DragonClaw,Protect,StompingTantrum,Earthquake|||F|||50|,,,,,Fire
|showteam|p2|Annihilape||SafetyGoggles|Defiant|RageFist,DrainPunch,BulkUp,Protect|||M|||50|,,,,,Water]Ninetales-Alola||CovertCloak|SnowWarning|Blizzard,FreezeDry,AuroraVeil,Protect|||F|||50|,,,,,Ice]Talonflame||SharpBeak|GaleWings|DualWingbeat,Tailwind,WillOWisp,Protect|||M|||50|,,,,,Ghost]Garchomp||LifeOrb|RoughSkin|Earthquake,StompingTantrum,DragonClaw,Protect|||M|||50|,,,,,Steel]Vivillon-Ocean||FocusSash|CompoundEyes|SleepPowder,Hurricane,RagePowder,Protect|||F|||50|,,,,,Ghost]Gholdengo||IronPlate|GoodasGold|MakeItRain,ShadowBall,NastyPlot,Protect||||||50|,,,,,Steel
|inactive|Battle timer is ON: inactive players will automatically lose when time's up. (requested by afkahaoai)
|inactive|luisecanonserna has 60 seconds left.
|
|t:|1756502927
|teamsize|p1|4
|teamsize|p2|4
|start
|switch|p1a: Gholdengo|Gholdengo, L50|100/100
|switch|p1b: Incineroar|Incineroar, L50, M|100/100
|switch|p2a: Annihilape|Annihilape, L50, M, shiny|100/100
|switch|p2b: Talonflame|Talonflame, L50, M|100/100
|-ability|p1b: Incineroar|Intimidate|boost
|-unboost|p2a: Annihilape|atk|1
|-ability|p2a: Annihilape|Defiant|boost
|-boost|p2a: Annihilape|atk|2
|-unboost|p2b: Talonflame|atk|1
|turn|1
|inactive|luisecanonserna has 30 seconds left.
|inactive|afkahaoai has 30 seconds left.
|inactive|afkahaoai has 20 seconds left.
|
|t:|1756502966
|-terastallize|p1a: Gholdengo|Water
|-terastallize|p2a: Annihilape|Water
|move|p2b: Talonflame|Protect|p2b: Talonflame
|-singleturn|p2b: Talonflame|Protect
|move|p1b: Incineroar|Fake Out|p2b: Talonflame
|-activate|p2b: Talonflame|move: Protect
|move|p1a: Gholdengo|Nasty Plot|p1a: Gholdengo
|-boost|p1a: Gholdengo|spa|2
|move|p2a: Annihilape|Drain Punch|p1b: Incineroar
|-supereffective|p1b: Incineroar
|-damage|p1b: Incineroar|1/100
|
|upkeep
|turn|2
|inactive|luisecanonserna has 30 seconds left.
|inactive|afkahaoai has 30 seconds left.
|inactive|luisecanonserna has 20 seconds left.
|
|t:|1756503002
|switch|p1b: Garchomp|Garchomp, L50, F|100/100
|move|p2b: Talonflame|Dual Wingbeat|p1b: Garchomp
|-damage|p1b: Garchomp|87/100
|-damage|p2b: Talonflame|88/100|[from] ability: Rough Skin|[of] p1b: Garchomp
|-damage|p1b: Garchomp|73/100
|-damage|p2b: Talonflame|76/100|[from] ability: Rough Skin|[of] p1b: Garchomp
|-hitcount|p1b: Garchomp|2
|move|p1a: Gholdengo|Shadow Ball|p2a: Annihilape
|-damage|p2a: Annihilape|3/100
|-damage|p1a: Gholdengo|91/100|[from] item: Life Orb
|move|p2a: Annihilape|Drain Punch|p1a: Gholdengo
|-damage|p1a: Gholdengo|32/100
|-heal|p2a: Annihilape|26/100|[from] drain|[of] p1a: Gholdengo
|
|upkeep
|turn|3
|inactive|luisecanonserna has 30 seconds left.
|inactive|luisecanonserna has 20 seconds left.
|inactive|luisecanonserna has 15 seconds left.
|inactive|luisecanonserna has 10 seconds left.
|
|t:|1756503048
|move|p2a: Annihilape|Protect|p2a: Annihilape
|-singleturn|p2a: Annihilape|Protect
|move|p2b: Talonflame|Tailwind|p2b: Talonflame
|-sidestart|p2: afkahaoai|move: Tailwind
|move|p1b: Garchomp|Dragon Claw|p2a: Annihilape
|-activate|p2a: Annihilape|move: Protect
|move|p1a: Gholdengo|Make It Rain|p2a: Annihilape|[spread] p2b
|-activate|p2a: Annihilape|move: Protect
|-resisted|p2b: Talonflame
|-damage|p2b: Talonflame|0 fnt
|-unboost|p1a: Gholdengo|spa|1
|faint|p2b: Talonflame
|-damage|p1a: Gholdengo|23/100|[from] item: Life Orb
|
|upkeep
|
|t:|1756503059
|switch|p2b: Garchomp|Garchomp, L50, M|100/100
|turn|4
|
|t:|1756503080
|switch|p1a: Incineroar|Incineroar, L50, M|1/100
|-ability|p1a: Incineroar|Intimidate|boost
|-unboost|p2a: Annihilape|atk|1
|-ability|p2a: Annihilape|Defiant|boost
|-boost|p2a: Annihilape|atk|2
|-unboost|p2b: Garchomp|atk|1
|move|p2b: Garchomp|Dragon Claw|p1b: Garchomp
|-supereffective|p1b: Garchomp
|-damage|p1b: Garchomp|0 fnt
|-damage|p2b: Garchomp|88/100|[from] ability: Rough Skin|[of] p1b: Garchomp
|faint|p1b: Garchomp
|-damage|p2b: Garchomp|79/100|[from] item: Life Orb
|move|p2a: Annihilape|Drain Punch|p1a: Incineroar
|-supereffective|p1a: Incineroar
|-damage|p1a: Incineroar|0 fnt
|-heal|p2a: Annihilape|26/100|[from] drain|[of] p1a: Incineroar
|faint|p1a: Incineroar
|
|upkeep
|
|t:|1756503099
|switch|p1b: Gholdengo|Gholdengo, L50, tera:Water|23/100
|switch|p1a: Tyranitar|Tyranitar, L50, M|100/100
|-weather|Sandstorm|[from] ability: Sand Stream|[of] p1a: Tyranitar
|turn|5
|
|t:|1756503113
|move|p1b: Gholdengo|Protect|p1b: Gholdengo
|-singleturn|p1b: Gholdengo|Protect
|move|p2b: Garchomp|Dragon Claw|p1b: Gholdengo
|-activate|p1b: Gholdengo|move: Protect
|move|p2a: Annihilape|Drain Punch|p1a: Tyranitar
|-supereffective|p1a: Tyranitar
|-damage|p1a: Tyranitar|0 fnt
|-heal|p2a: Annihilape|71/100|[from] drain|[of] p1a: Tyranitar
|faint|p1a: Tyranitar
|
|-weather|Sandstorm|[upkeep]
|-damage|p1b: Gholdengo|17/100|[from] Sandstorm
|upkeep
|turn|6
|
|t:|1756503128
|move|p1b: Gholdengo|Protect|p1b: Gholdengo
|-singleturn|p1b: Gholdengo|Protect
|move|p2b: Garchomp|Dragon Claw|p1b: Gholdengo
|-activate|p1b: Gholdengo|move: Protect
|move|p2a: Annihilape|Drain Punch|p1b: Gholdengo
|-activate|p1b: Gholdengo|move: Protect
|
|-weather|Sandstorm|[upkeep]
|-damage|p1b: Gholdengo|11/100|[from] Sandstorm
|-sideend|p2: afkahaoai|move: Tailwind
|upkeep
|turn|7
|c|☆afkahaoai|gg
|
|t:|1756503139
|move|p2b: Garchomp|Dragon Claw|p1b: Gholdengo
|-damage|p1b: Gholdengo|0 fnt
|faint|p1b: Gholdengo
|-damage|p2b: Garchomp|69/100|[from] item: Life Orb
|
|win|afkahaoai
|raw|luisecanonserna's rating: 1066 → 1042(-24 for losing)
|raw|afkahaoai's rating: 1000 → 1048(+48 for winning)
|c|☆luisecanonserna|gg
