|j|☆Felixavi
|j|☆namboyVGC
|html|FelixavinamboyVGC    
|uhtml|bestof|Game 1 of a best-of-3
|t:|1756404062
|gametype|doubles
|player|p1|Felixavi|giovanni|
|player|p2|namboyVGC|pokemonranger-gen4|
|gen|9
|tier|[Gen 9] VGC 2025 Reg H (Bo3)
|rule|Species Clause: Limit one of each Pokémon
|rule|Item Clause: Limit 1 of each item
|clearpoke
|poke|p1|Kingambit, L50, F|
|poke|p1|Rillaboom, L50, F|
|poke|p1|Electabuzz, L50, M|
|poke|p1|Volcarona, L50, M|
|poke|p1|Sneasler, L50, M|
|poke|p1|Dragonite, L50, M|
|poke|p2|Sneasler, L50, F|
|poke|p2|Indeedee, L50, M|
|poke|p2|Annihilape, L50, F|
|poke|p2|Tyranitar, L50, M|
|poke|p2|Excadrill, L50, M|
|poke|p2|Hydreigon, L50, F|
|teampreview|4
|showteam|p1|Kingambit||BlackGlasses|Defiant|Protect,KowtowCleave,SuckerPunch,SwordsDance|||F|||50|,,,,,Dark]Rillaboom||AssaultVest|GrassySurge|WoodHammer,GrassyGlide,HighHorsepower,FakeOut|||F|||50|,,,,,Fire]Electabuzz||Eviolite|VitalSpirit|Protect,Thunderbolt,HelpingHand,FollowMe|||M|||50|,,,,,Ghost]Volcarona||CovertCloak|FlameBody|Protect,HeatWave,TeraBlast,QuiverDance|||M|||50|,,,,,Fairy]Sneasler||FocusSash|Unburden|CloseCombat,DireClaw,Coaching,FakeOut|||M|||50|,,,,,Stellar]Dragonite||LoadedDice|Multiscale|ScaleShot,Haze,ExtremeSpeed,Protect|||M|||50|,,,,,Fairy
|showteam|p2|Sneasler||PsychicSeed|Unburden|CloseCombat,DireClaw,ThroatChop,Protect|||F|||50|,,,,,Dark]Indeedee||ChoiceScarf|PsychicSurge|ExpandingForce,TeraBlast,Trick,DazzlingGleam|||M|||50|,,,,,Fire]Annihilape||SafetyGoggles|Defiant|CloseCombat,RageFist,Taunt,FinalGambit|||F|||50|,,,,,Water]Tyranitar||AssaultVest|SandStream|RockSlide,KnockOff,TeraBlast,LowKick|||M|||50|,,,,,Flying]Excadrill||FocusSash|SandRush|HighHorsepower,Earthquake,IronHead,Protect|||M|||50|,,,,,Stellar]Hydreigon||CovertCloak|Levitate|Snarl,DracoMeteor,Tailwind,Roar|||F|||50|,,,,,Ghost
|inactive|Battle timer is ON: inactive players will automatically lose when time's up. (requested by namboyVGC)
|c|☆namboyVGC|glhf!
|c|☆Felixavi|glhf
|inactive|Felixavi has 60 seconds left.
|inactive|namboyVGC has 60 seconds left.
|inactive|Felixavi has 30 seconds left.
|inactive|namboyVGC has 30 seconds left.
|inactive|Felixavi has 20 seconds left.
|inactive|Felixavi has 15 seconds left.
|inactive|Felixavi has 10 seconds left.
|
|t:|1756404142
|teamsize|p1|4
|teamsize|p2|4
|start
|switch|p1a: Dragonite|Dragonite, L50, M|100/100
|switch|p1b: Sneasler|Sneasler, L50, M|100/100
|switch|p2a: Sneasler|Sneasler, L50, F|100/100
|switch|p2b: Indeedee|Indeedee, L50, M|100/100
|-fieldstart|move: Psychic Terrain|[from] ability: Psychic Surge|[of] p2b: Indeedee
|-enditem|p2a: Sneasler|Psychic Seed
|-boost|p2a: Sneasler|spd|1|[from] item: Psychic Seed
|turn|1
|inactive|Felixavi has 30 seconds left.
|inactive|Felixavi has 20 seconds left.
|inactive|Felixavi has 15 seconds left.
|
|t:|1756404186
|switch|p1a: Rillaboom|Rillaboom, L50, F|100/100
|-fieldstart|move: Grassy Terrain|[from] ability: Grassy Surge|[of] p1a: Rillaboom
|move|p1b: Sneasler|Fake Out|p2a: Sneasler
|-damage|p2a: Sneasler|79/100
|cant|p2a: Sneasler|flinch
|move|p2b: Indeedee|Expanding Force|p1b: Sneasler
|-supereffective|p1b: Sneasler
|-enditem|p1b: Sneasler|Focus Sash
|-damage|p1b: Sneasler|1/100
|
|-heal|p1b: Sneasler|7/100|[from] Grassy Terrain
|-heal|p2a: Sneasler|85/100|[from] Grassy Terrain
|upkeep
|turn|2
|inactive|Felixavi has 30 seconds left.
|inactive|Felixavi has 20 seconds left.
|
|t:|1756404225
|switch|p2b: Tyranitar|Tyranitar, L50, M|100/100
|-weather|Sandstorm|[from] ability: Sand Stream|[of] p2b: Tyranitar
|move|p1a: Rillaboom|Grassy Glide|p2a: Sneasler
|-resisted|p2a: Sneasler
|-crit|p2a: Sneasler
|-damage|p2a: Sneasler|39/100
|move|p1b: Sneasler|Coaching|p1a: Rillaboom
|-boost|p1a: Rillaboom|atk|1
|-boost|p1a: Rillaboom|def|1
|move|p2a: Sneasler|Dire Claw|p1a: Rillaboom
|-supereffective|p1a: Rillaboom
|-damage|p1a: Rillaboom|44/100
|-status|p1a: Rillaboom|psn
|
|-weather|Sandstorm|[upkeep]
|-damage|p1b: Sneasler|1/100|[from] Sandstorm
|-damage|p2a: Sneasler|33/100|[from] Sandstorm
|-damage|p1a: Rillaboom|39/100 psn|[from] Sandstorm
|-heal|p1b: Sneasler|7/100|[from] Grassy Terrain
|-heal|p2a: Sneasler|39/100|[from] Grassy Terrain
|-heal|p1a: Rillaboom|44/100 psn|[from] Grassy Terrain
|-damage|p1a: Rillaboom|32/100 psn|[from] psn
|upkeep
|turn|3
|inactive|Felixavi has 30 seconds left.
|
|t:|1756404253
|-terastallize|p2b: Tyranitar|Flying
|move|p2a: Sneasler|Protect|p2a: Sneasler
|-singleturn|p2a: Sneasler|Protect
|move|p1a: Rillaboom|Grassy Glide|p2a: Sneasler
|-activate|p2a: Sneasler|move: Protect
|move|p1b: Sneasler|Dire Claw|p2b: Tyranitar
|-damage|p2b: Tyranitar|64/100
|move|p2b: Tyranitar|Rock Slide|p1b: Sneasler|[spread] p1a
|-miss|p2b: Tyranitar|p1b: Sneasler
|-damage|p1a: Rillaboom|13/100 psn
|
|-weather|Sandstorm|[upkeep]
|-damage|p1b: Sneasler|1/100|[from] Sandstorm
|-damage|p2a: Sneasler|33/100|[from] Sandstorm
|-damage|p1a: Rillaboom|7/100 psn|[from] Sandstorm
|-damage|p2b: Tyranitar|58/100|[from] Sandstorm
|-heal|p1b: Sneasler|7/100|[from] Grassy Terrain
|-heal|p2a: Sneasler|39/100|[from] Grassy Terrain
|-heal|p1a: Rillaboom|13/100 psn|[from] Grassy Terrain
|-damage|p1a: Rillaboom|1/100 psn|[from] psn
|upkeep
|turn|4
|inactive|Felixavi has 30 seconds left.
|inactive|namboyVGC has 30 seconds left.
|
|t:|1756404282
|switch|p2b: Indeedee|Indeedee, L50, M|100/100
|-fieldstart|move: Psychic Terrain|[from] ability: Psychic Surge|[of] p2b: Indeedee
|move|p1b: Sneasler|Dire Claw|p2b: Indeedee
|-damage|p2b: Indeedee|12/100
|move|p2a: Sneasler|Dire Claw|p1b: Sneasler
|-resisted|p1b: Sneasler
|-damage|p1b: Sneasler|0 fnt
|faint|p1b: Sneasler
|move|p1a: Rillaboom|Wood Hammer|p2a: Sneasler
|-resisted|p2a: Sneasler
|-damage|p2a: Sneasler|0 fnt
|faint|p2a: Sneasler
|-damage|p1a: Rillaboom|0 fnt|[from] Recoil
|faint|p1a: Rillaboom
|
|-weather|Sandstorm|[upkeep]
|-damage|p2b: Indeedee|6/100|[from] Sandstorm
|upkeep
|
|t:|1756404303
|switch|p1b: Dragonite|Dragonite, L50, M|100/100
|switch|p2a: Excadrill|Excadrill, L50, M|100/100
|switch|p1a: Volcarona|Volcarona, L50, M|100/100
|turn|5
|inactive|Felixavi has 30 seconds left.
|inactive|Felixavi has 20 seconds left.
|inactive|Felixavi has 15 seconds left.
|inactive|Felixavi has 10 seconds left.
|
|t:|1756404349
|move|p2a: Excadrill|Iron Head|p1b: Dragonite
|-damage|p1b: Dragonite|75/100
|move|p2b: Indeedee|Expanding Force|p1a: Volcarona|[spread] p1a,p1b
|-damage|p1a: Volcarona|47/100
|-damage|p1b: Dragonite|18/100
|move|p1a: Volcarona|Heat Wave|p2a: Excadrill|[spread] p2b
|-miss|p1a: Volcarona|p2a: Excadrill
|-damage|p2b: Indeedee|0 fnt
|faint|p2b: Indeedee
|move|p1b: Dragonite|Scale Shot|p2a: Excadrill
|-resisted|p2a: Excadrill
|-damage|p2a: Excadrill|89/100
|-resisted|p2a: Excadrill
|-damage|p2a: Excadrill|78/100
|-resisted|p2a: Excadrill
|-crit|p2a: Excadrill
|-damage|p2a: Excadrill|63/100
|-resisted|p2a: Excadrill
|-damage|p2a: Excadrill|52/100
|-hitcount|p2a: Excadrill|4
|-unboost|p1b: Dragonite|def|1
|-boost|p1b: Dragonite|spe|1
|
|-weather|Sandstorm|[upkeep]
|-damage|p1b: Dragonite|12/100|[from] Sandstorm
|-damage|p1a: Volcarona|41/100|[from] Sandstorm
|upkeep
|
|t:|1756404371
|switch|p2b: Tyranitar|Tyranitar, L50, M, tera:Flying|58/100
|turn|6
|inactive|Felixavi has 30 seconds left.
|
|t:|1756404399
|move|p1b: Dragonite|Protect|p1b: Dragonite
|-singleturn|p1b: Dragonite|Protect
|move|p2a: Excadrill|High Horsepower|p1a: Volcarona
|-damage|p1a: Volcarona|0 fnt
|faint|p1a: Volcarona
|move|p2b: Tyranitar|Rock Slide|p1b: Dragonite
|-activate|p1b: Dragonite|move: Protect
|
|-weather|none
|upkeep
|turn|7
|inactive|Felixavi has 30 seconds left.
|
|t:|1756404426
|move|p1b: Dragonite|Scale Shot|p2a: Excadrill
|-resisted|p2a: Excadrill
|-damage|p2a: Excadrill|41/100
|-resisted|p2a: Excadrill
|-damage|p2a: Excadrill|32/100
|-resisted|p2a: Excadrill
|-damage|p2a: Excadrill|21/100
|-resisted|p2a: Excadrill
|-damage|p2a: Excadrill|10/100
|-resisted|p2a: Excadrill
|-damage|p2a: Excadrill|0 fnt
|faint|p2a: Excadrill
|-hitcount|p2: Excadrill|5
|-unboost|p1b: Dragonite|def|1
|-boost|p1b: Dragonite|spe|1
|move|p2b: Tyranitar|Knock Off|p1b: Dragonite
|-damage|p1b: Dragonite|0 fnt
|-enditem|p1b: Dragonite|Loaded Dice|[from] move: Knock Off|[of] p2b: Tyranitar
|faint|p1b: Dragonite
|
|win|namboyVGC
||Felixavi is ready for game 2.
|inactive|namboyVGC has 30 seconds to confirm battle start!
||namboyVGC is ready for game 2.
|uhtml|next|Next: Game 2 of 3
