|j|☆plaidhaxx
|j|☆lucarmi
|html|plaidhaxxlucarmi    
|uhtml|bestof|Game 2 of a best-of-3
|t:|1756548253
|gametype|doubles
|player|p1|plaidhaxx|grimsley|1060
|player|p2|lucarmi|1|1122
|gen|9
|tier|[Gen 9] VGC 2025 Reg H (Bo3)
|rated|
|rule|Species Clause: Limit one of each Pokémon
|rule|Item Clause: Limit 1 of each item
|clearpoke
|poke|p1|Sneasler, L50, F|
|poke|p1|Dragapult, L50, M|
|poke|p1|Primarina, L50, M|
|poke|p1|Rillaboom, L50, M|
|poke|p1|Kingambit, L50, F|
|poke|p1|Magmar, L50, F|
|poke|p2|Charizard, L50, F|
|poke|p2|Jumpluff, L50, F|
|poke|p2|Torkoal, L50, M|
|poke|p2|Porygon2, L50|
|poke|p2|Ursaluna, L50, M|
|poke|p2|Incineroar, L50, M|
|teampreview|4
|showteam|p1|Sneasler||FocusSash|PoisonTouch|CloseCombat,DireClaw,FakeOut,Protect|||F|||50|,,,,,Stellar]Dragapult||ChoiceBand|ClearBody|DragonDarts,TeraBlast,PhantomForce,Uturn|||M|||50|,,,,,Ghost]Primarina||SitrusBerry|LiquidVoice|HyperVoice,Moonblast,Haze,Protect|||M|||50|,,,,,Water]Rillaboom||AssaultVest|GrassySurge|WoodHammer,GrassyGlide,HighHorsepower,FakeOut|||M|||50|,,,,,Fire]Kingambit||BlackGlasses|Defiant|KowtowCleave,SuckerPunch,SwordsDance,Protect|||F|||50|,,,,,Ghost]Magmar||Eviolite|VitalSpirit|Overheat,WillOWisp,FollowMe,Protect|||F|||50|,,,,,Ghost
|showteam|p2|Charizard||ChoiceSpecs|SolarPower|HeatWave,Overheat,WeatherBall,AirSlash|||F|||50|,,,,,Ghost]Jumpluff||CovertCloak|Chlorophyll|SleepPowder,RagePowder,Tailwind,SunnyDay|||F|||50|,,,,,Water]Torkoal||EjectPack|Drought|Eruption,Overheat,HelpingHand,Protect|||M|||50|,,,,,Fire]Porygon2||Eviolite|Download|TeraBlast,IceBeam,Recover,TrickRoom||||||50|,,,,,Fighting]Ursaluna||FlameOrb|Guts|Facade,HeadlongRush,Earthquake,Protect|||M|||50|,,,,,Ghost]Incineroar||SafetyGoggles|Intimidate|FakeOut,PartingShot,KnockOff,FlareBlitz|||M|||50|,,,,,Ghost
|inactive|Battle timer is ON: inactive players will automatically lose when time's up. (requested by lucarmi)
|
|t:|1756548270
|teamsize|p1|4
|teamsize|p2|4
|start
|switch|p1a: Magmar|Magmar, L50, F|100/100
|switch|p1b: Dragapult|Dragapult, L50, M|100/100
|switch|p2a: Jumpluff|Jumpluff, L50, F, shiny|100/100
|switch|p2b: Torkoal|Torkoal, L50, M|100/100
|-weather|SunnyDay|[from] ability: Drought|[of] p2b: Torkoal
|turn|1
|inactive|plaidhaxx has 30 seconds left.
|inactive|lucarmi has 30 seconds left.
|inactive|plaidhaxx has 20 seconds left.
|inactive|lucarmi has 20 seconds left.
|inactive|plaidhaxx has 15 seconds left.
|
|t:|1756548310
|move|p1a: Magmar|Follow Me|p1a: Magmar
|-singleturn|p1a: Magmar|move: Follow Me
|move|p2a: Jumpluff|Tailwind|p2a: Jumpluff
|-sidestart|p2: lucarmi|move: Tailwind
|move|p1b: Dragapult|Dragon Darts|p2b: Torkoal
|-damage|p2b: Torkoal|70/100
|-anim|p1b: Dragapult|Dragon Darts|p2a: Jumpluff
|-damage|p2a: Jumpluff|59/100
|move|p2b: Torkoal|Eruption|p1b: Dragapult|[spread] p1a,p1b
|-resisted|p1a: Magmar
|-resisted|p1b: Dragapult
|-damage|p1a: Magmar|78/100
|-damage|p1b: Dragapult|67/100
|
|-weather|SunnyDay|[upkeep]
|upkeep
|turn|2
|inactive|lucarmi has 30 seconds left.
|
|t:|1756548341
|move|p2a: Jumpluff|Rage Powder|p2a: Jumpluff
|-singleturn|p2a: Jumpluff|move: Rage Powder
|move|p1a: Magmar|Follow Me|p1a: Magmar
|-singleturn|p1a: Magmar|move: Follow Me
|move|p1b: Dragapult|Dragon Darts|p2a: Jumpluff
|-damage|p2a: Jumpluff|17/100
|-anim|p1b: Dragapult|Dragon Darts|p2a: Jumpluff
|-damage|p2a: Jumpluff|0 fnt
|faint|p2a: Jumpluff
|move|p2b: Torkoal|Eruption|p1b: Dragapult|[spread] p1a,p1b
|-resisted|p1a: Magmar
|-resisted|p1b: Dragapult
|-damage|p1a: Magmar|59/100
|-damage|p1b: Dragapult|34/100
|
|-weather|SunnyDay|[upkeep]
|upkeep
|
|t:|1756548353
|switch|p2a: Charizard|Charizard, L50, F|100/100
|turn|3
|
|t:|1756548368
|switch|p2b: Ursaluna|Ursaluna, L50, M|100/100
|move|p1a: Magmar|Follow Me|p1a: Magmar
|-singleturn|p1a: Magmar|move: Follow Me
|move|p2a: Charizard|Heat Wave|p1b: Dragapult|[spread] p1a
|-miss|p2a: Charizard|p1b: Dragapult
|-resisted|p1a: Magmar
|-damage|p1a: Magmar|27/100
|move|p1b: Dragapult|Dragon Darts|p2b: Ursaluna
|-damage|p2b: Ursaluna|75/100
|-anim|p1b: Dragapult|Dragon Darts|p2a: Charizard
|-damage|p2a: Charizard|61/100
|
|-weather|SunnyDay|[upkeep]
|-damage|p2a: Charizard|49/100|[from] ability: Solar Power|[of] p2a: Charizard
|-status|p2b: Ursaluna|brn|[from] item: Flame Orb
|upkeep
|turn|4
|inactive|plaidhaxx has 30 seconds left.
|
|t:|1756548394
|move|p1a: Magmar|Protect|p1a: Magmar
|-singleturn|p1a: Magmar|Protect
|move|p2a: Charizard|Heat Wave|p1b: Dragapult|[spread] p1b
|-activate|p1a: Magmar|move: Protect
|-resisted|p1b: Dragapult
|-damage|p1b: Dragapult|0 fnt
|faint|p1b: Dragapult
|move|p2b: Ursaluna|Facade|p1a: Magmar
|-activate|p1a: Magmar|move: Protect
|
|-weather|SunnyDay|[upkeep]
|-damage|p2a: Charizard|36/100|[from] ability: Solar Power|[of] p2a: Charizard
|-damage|p2b: Ursaluna|69/100 brn|[from] brn
|-sideend|p2: lucarmi|move: Tailwind
|upkeep
|
|t:|1756548412
|switch|p1b: Sneasler|Sneasler, L50, F|100/100
|turn|5
|
|t:|1756548431
|-terastallize|p2a: Charizard|Ghost
|move|p2b: Ursaluna|Protect|p2b: Ursaluna
|-singleturn|p2b: Ursaluna|Protect
|move|p1b: Sneasler|Dire Claw|p2a: Charizard
|-resisted|p2a: Charizard
|-damage|p2a: Charizard|13/100
|move|p2a: Charizard|Heat Wave|p1a: Magmar|[spread] p1a
|-miss|p2a: Charizard|p1b: Sneasler
|-resisted|p1a: Magmar
|-damage|p1a: Magmar|0 fnt
|faint|p1a: Magmar
|
|-weather|none
|-damage|p2b: Ursaluna|63/100 brn|[from] brn
|upkeep
|
|t:|1756548443
|switch|p1a: Kingambit|Kingambit, L50, F|100/100
|turn|6
|
|t:|1756548452
|switch|p2a: Torkoal|Torkoal, L50, M|70/100
|-weather|SunnyDay|[from] ability: Drought|[of] p2a: Torkoal
|move|p1a: Kingambit|Sucker Punch||[still]
|-fail|p1a: Kingambit
|move|p1b: Sneasler|Close Combat|p2b: Ursaluna
|-supereffective|p2b: Ursaluna
|-damage|p2b: Ursaluna|0 fnt
|-unboost|p1b: Sneasler|def|1
|-unboost|p1b: Sneasler|spd|1
|faint|p2b: Ursaluna
|
|-weather|SunnyDay|[upkeep]
|upkeep
|
|t:|1756548463
|switch|p2b: Charizard|Charizard, L50, F, tera:Ghost|13/100
|turn|7
|inactive|plaidhaxx has 30 seconds left.
|inactive|plaidhaxx has 20 seconds left.
|
|t:|1756548499
|-terastallize|p1a: Kingambit|Ghost
|move|p1a: Kingambit|Sucker Punch|p2b: Charizard
|-supereffective|p2b: Charizard
|-damage|p2b: Charizard|0 fnt
|faint|p2b: Charizard
|move|p1b: Sneasler|Dire Claw|p2a: Torkoal
|-crit|p2a: Torkoal
|-damage|p2a: Torkoal|24/100
|-status|p2a: Torkoal|slp
|cant|p2a: Torkoal|slp
|
|-weather|SunnyDay|[upkeep]
|upkeep
|turn|8
|-message|lucarmi forfeited.
|
|win|plaidhaxx
|raw|plaidhaxx's rating: 1060 → 1096(+36 for winning)
|raw|lucarmi's rating: 1122 → 1093(-29 for losing)
