|j|☆anthonynn
|j|☆Garden Monke
|html|anthonynnGarden Monke    
|uhtml|bestof|Game 1 of a best-of-3
|t:|1785101126
|gametype|doubles
|player|p1|anthonynn|266|1151
|player|p2|Garden Monke|giacomo|1162
|gen|9
|tier|[Gen 9 Champions] VGC 2026 Reg M-B (Bo3)
|rated|
|rule|Species Clause: Limit one of each Pokémon
|rule|Item Clause: Limit 1 of each item
|clearpoke
|poke|p1|Pelipper, L50, M|
|poke|p1|Sableye, L50, F|
|poke|p1|Swampert, L50, M|
|poke|p1|Archaludon, L50, F|
|poke|p1|Sinistcha-Masterpiece, L50|
|poke|p1|Overqwil, L50, F|
|poke|p2|Garchomp, L50, F|
|poke|p2|Venusaur, L50, F|
|poke|p2|Incineroar, L50, F|
|poke|p2|Charizard, L50, F|
|poke|p2|Toxapex, L50, M|
|poke|p2|Annihilape, L50, F|
|teampreview|4
|showteam|p1|Pelipper||SitrusBerry|Drizzle|Tailwind,WideGuard,Hurricane,WeatherBall|Bold||M|||50|]Sableye||MentalHerb|Prankster|RainDance,LightScreen,WillOWisp,Encore|Calm||F|||50|]Swampert||Swampertite|Torrent|WaveCrash,Earthquake,IcePunch,Protect|Adamant||M|||50|]Archaludon||Leftovers|Stamina|ElectroShot,FlashCannon,DragonPulse,Protect|Modest||F|||50|]Sinistcha-Masterpiece||CobaBerry|Hospitality|TrickRoom,MatchaGotcha,RagePowder,Protect|Calm|||||50|]Overqwil||LifeOrb|SwiftSwim|BarbBarrage,PoisonJab,ThroatChop,Protect|Adamant||F|||50|
|showteam|p2|Garchomp||ChoiceScarf|RoughSkin|Earthquake,RockSlide,DragonClaw,StompingTantrum|Adamant||F|||50|]Venusaur||LifeOrb|Chlorophyll|SludgeBomb,SolarBeam,EarthPower,Protect|Modest||F|||50|]Incineroar||SitrusBerry|Intimidate|FakeOut,FlareBlitz,ThroatChop,PartingShot|Impish||F|||50|]Charizard||CharizarditeY|Blaze|HeatWave,WeatherBall,Protect,HelpingHand|Modest||F|||50|]Toxapex||Leftovers|Regenerator|Infestation,Toxic,WideGuard,BanefulBunker|Impish||M|||50|]Annihilape||FocusSash|Defiant|CloseCombat,PhantomForce,RockTomb,Protect|Jolly||F|||50|
|inactive|Battle timer is ON: inactive players will automatically lose when time's up. (requested by Garden Monke)
|inactive|Garden Monke has 60 seconds left.
|
|t:|1785101168
|teamsize|p1|4
|teamsize|p2|4
|start
|switch|p1a: Sableye|Sableye, L50, F|100/100
|switch|p1b: Archaludon|Archaludon, L50, F|100/100
|switch|p2a: Garchomp|Garchomp, L50, F|100/100
|switch|p2b: Venusaur|Venusaur, L50, F|100/100
|turn|1
|
|t:|1785101182
|move|p1b: Archaludon|Protect|p1b: Archaludon
|-singleturn|p1b: Archaludon|Protect
|move|p1a: Sableye|Will-O-Wisp|p2a: Garchomp
|-status|p2a: Garchomp|brn
|move|p2a: Garchomp|Stomping Tantrum|p1b: Archaludon
|-activate|p1b: Archaludon|move: Protect
|move|p2b: Venusaur|Earth Power|p1b: Archaludon
|-activate|p1b: Archaludon|move: Protect
|
|-damage|p2a: Garchomp|93/100 brn|[from] brn
|upkeep
|turn|2
|
|t:|1785101198
|move|p1a: Sableye|Light Screen|p1a: Sableye
|-sidestart|p1: anthonynn|move: Light Screen
|move|p2a: Garchomp|Stomping Tantrum|p1b: Archaludon
|-supereffective|p1b: Archaludon|1
|-damage|p1b: Archaludon|72/100
|-ability|p1b: Archaludon|Stamina|boost
|-boost|p1b: Archaludon|def|1
|move|p2b: Venusaur|Earth Power|p1b: Archaludon
|-supereffective|p1b: Archaludon|1
|-damage|p1b: Archaludon|11/100
|-unboost|p1b: Archaludon|spd|1
|-ability|p1b: Archaludon|Stamina|boost
|-boost|p1b: Archaludon|def|1
|-damage|p2b: Venusaur|90/100|[from] item: Life Orb
|move|p1b: Archaludon|Dragon Pulse|p2b: Venusaur
|-damage|p2b: Venusaur|42/100
|
|-heal|p1b: Archaludon|17/100|[from] item: Leftovers
|-damage|p2a: Garchomp|87/100 brn|[from] brn
|upkeep
|turn|3
|inactive|anthonynn has 30 seconds left.
|inactive|Garden Monke has 30 seconds left.
|inactive|anthonynn has 20 seconds left.
|inactive|Garden Monke has 20 seconds left.
|inactive|Garden Monke has 15 seconds left.
|inactive|Garden Monke has 10 seconds left.
|inactive|Garden Monke has 5 seconds left.
|
|t:|1785101253
|move|p1b: Archaludon|Protect|p1b: Archaludon
|-singleturn|p1b: Archaludon|Protect
|move|p1a: Sableye|Will-O-Wisp|p2b: Venusaur|[miss]
|-miss|p1a: Sableye|p2b: Venusaur
|move|p2a: Garchomp|Stomping Tantrum|p1a: Sableye
|-damage|p1a: Sableye|75/100
|move|p2b: Venusaur|Sludge Bomb|p1a: Sableye
|-resisted|p1a: Sableye|1
|-damage|p1a: Sableye|53/100
|-damage|p2b: Venusaur|33/100|[from] item: Life Orb
|
|-heal|p1b: Archaludon|23/100|[from] item: Leftovers
|-damage|p2a: Garchomp|81/100 brn|[from] brn
|upkeep
|turn|4
|
|t:|1785101274
|switch|p2a: Incineroar|Incineroar, L50, F|100/100
|-ability|p2a: Incineroar|Intimidate|boost
|-unboost|p1a: Sableye|atk|1
|-unboost|p1b: Archaludon|atk|1
|move|p1a: Sableye|Encore|p2b: Venusaur
|-start|p2b: Venusaur|Encore
|move|p2b: Venusaur|Sludge Bomb|p1b: Archaludon
|-immune|p1b: Archaludon
|move|p1b: Archaludon|Dragon Pulse|p2b: Venusaur
|-damage|p2b: Venusaur|0 fnt
|faint|p2b: Venusaur
|
|-heal|p1b: Archaludon|29/100|[from] item: Leftovers
|upkeep
|
|t:|1785101284
|switch|p2b: Garchomp|Garchomp, L50, F|81/100 brn
|turn|5
|
|t:|1785101293
|move|p1b: Archaludon|Protect|p1b: Archaludon
|-singleturn|p1b: Archaludon|Protect
|move|p1a: Sableye|Rain Dance|p1a: Sableye
|-weather|RainDance
|move|p2b: Garchomp|Stomping Tantrum|p1a: Sableye
|-damage|p1a: Sableye|28/100
|move|p2a: Incineroar|Flare Blitz|p1a: Sableye
|-damage|p1a: Sableye|1/100
|-damage|p2a: Incineroar|93/100|[from] Recoil
|
|-weather|RainDance|[upkeep]
|-heal|p1b: Archaludon|35/100|[from] item: Leftovers
|-damage|p2b: Garchomp|75/100 brn|[from] brn
|upkeep
|turn|6
|
|t:|1785101310
|switch|p1a: Pelipper|Pelipper, L50, M|100/100
|move|p2b: Garchomp|Stomping Tantrum|p1a: Pelipper
|-immune|p1a: Pelipper
|move|p1b: Archaludon|Electro Shot||[still]
|-prepare|p1b: Archaludon|Electro Shot
|-boost|p1b: Archaludon|spa|1
|-anim|p1b: Archaludon|Electro Shot|p2a: Incineroar
|-crit|p2a: Incineroar
|-damage|p2a: Incineroar|8/100
|-enditem|p2a: Incineroar|Sitrus Berry|[eat]
|-heal|p2a: Incineroar|33/100|[from] item: Sitrus Berry
|move|p2a: Incineroar|Parting Shot|p1b: Archaludon
|-unboost|p1b: Archaludon|atk|1
|-unboost|p1b: Archaludon|spa|1
|
|t:|1785101315
|switch|p2a: Charizard|Charizard, L50, F|100/100|[from] Parting Shot
|
|-weather|RainDance|[upkeep]
|-heal|p1b: Archaludon|41/100|[from] item: Leftovers
|-damage|p2b: Garchomp|69/100 brn|[from] brn
|-sideend|p1: anthonynn|move: Light Screen
|upkeep
|turn|7
|
|t:|1785101334
|switch|p2b: Incineroar|Incineroar, L50, F|33/100
|-ability|p2b: Incineroar|Intimidate|boost
|-unboost|p1a: Pelipper|atk|1
|-unboost|p1b: Archaludon|atk|1
|detailschange|p2a: Charizard|Charizard-Mega-Y, L50, F
|-mega|p2a: Charizard|Charizard|Charizardite Y
|-weather|SunnyDay|[from] ability: Drought|[of] p2a: Charizard
|move|p1b: Archaludon|Protect|p1b: Archaludon
|-singleturn|p1b: Archaludon|Protect
|move|p2a: Charizard|Heat Wave|p1a: Pelipper|[spread] 
|-activate|p1b: Archaludon|move: Protect
|-miss|p2a: Charizard|p1a: Pelipper
|move|p1a: Pelipper|Tailwind|p1a: Pelipper
|-sidestart|p1: anthonynn|move: Tailwind
|
|-weather|SunnyDay|[upkeep]
|-heal|p1b: Archaludon|47/100|[from] item: Leftovers
|upkeep
|turn|8
|inactive|anthonynn has 30 seconds left.
|inactive|Garden Monke has 30 seconds left.
|inactive|Garden Monke has 20 seconds left.
|inactive|Garden Monke has 15 seconds left.
|inactive|anthonynn has 20 seconds left.
|inactive|Garden Monke has 10 seconds left.
|
|t:|1785101384
|switch|p1a: Sableye|Sableye, L50, F|1/100
|move|p1b: Archaludon|Dragon Pulse|p2b: Incineroar
|-damage|p2b: Incineroar|0 fnt
|faint|p2b: Incineroar
|move|p2a: Charizard|Heat Wave|p1a: Sableye|[spread] p1a,p1b
|-damage|p1a: Sableye|0 fnt
|-damage|p1b: Archaludon|0 fnt
|faint|p1a: Sableye
|faint|p1b: Archaludon
|
|-weather|SunnyDay|[upkeep]
|upkeep
|
|t:|1785101392
|switch|p1b: Swampert|Swampert, L50, M|100/100
|switch|p2b: Garchomp|Garchomp, L50, F|69/100 brn
|switch|p1a: Pelipper|Pelipper, L50, M|100/100
|-weather|RainDance|[from] ability: Drizzle|[of] p1a: Pelipper
|turn|9
|
|t:|1785101403
|detailschange|p1b: Swampert|Swampert-Mega, L50, M
|-mega|p1b: Swampert|Swampert|Swampertite
|move|p2a: Charizard|Helping Hand|p2b: Garchomp
|-singleturn|p2b: Garchomp|Helping Hand|[of] p2a: Charizard
|move|p1b: Swampert|Ice Punch|p2b: Garchomp
|-supereffective|p2b: Garchomp|2
|-damage|p2b: Garchomp|0 fnt
|-damage|p1b: Swampert|87/100|[from] ability: Rough Skin|[of] p2b: Garchomp
|faint|p2b: Garchomp
|move|p1a: Pelipper|Weather Ball|p2a: Charizard
|-supereffective|p2a: Charizard|1
|-damage|p2a: Charizard|0 fnt
|faint|p2a: Charizard
|
|win|anthonynn
|inactive|anthonynn has 30 seconds to confirm battle start!
|inactive|Garden Monke has 30 seconds to confirm battle start!
||anthonynn is ready for game 2.
||Garden Monke is ready for game 2.
|uhtml|next|Next: Game 2 of 3
