|j|☆John1240
|j|☆jackylechicken
|html|John1240jackylechicken    
|uhtml|bestof|Game 1 of a best-of-3
|t:|1782504294
|gametype|doubles
|player|p1|John1240|#stt5noadkokoroyal|
|player|p2|jackylechicken|pokefan|
|gen|9
|tier|[Gen 9 Champions] VGC 2026 Reg M-B (Bo3)
|rule|Species Clause: Limit one of each Pokémon
|rule|Item Clause: Limit 1 of each item
|clearpoke
|poke|p1|Pyroar, L50, M|
|poke|p1|Whimsicott, L50, M|
|poke|p1|Ninetales, L50, M|
|poke|p1|Farigiraf, L50, M|
|poke|p1|Basculegion, L50, M|
|poke|p1|Floette-Eternal, L50, F|
|poke|p2|Staraptor, L50, M|
|poke|p2|Gholdengo, L50|
|poke|p2|Kingambit, L50, F|
|poke|p2|Whimsicott, L50, F|
|poke|p2|Basculegion, L50, M|
|poke|p2|Blaziken, L50, F|
|teampreview|4
|showteam|p1|Pyroar||Pyroarite|Unnerve|HeatWave,SolarBeam,Overheat,Protect|Timid||M|||50|]Whimsicott||FocusSash|Prankster|Moonblast,Tailwind,SunnyDay,Protect|Timid||M|||50|]Ninetales||ChoiceScarf|Drought|Overheat,HeatWave,SolarBeam,FakeTears|Modest||M|||50|]Farigiraf||SitrusBerry|ArmorTail|Thunderbolt,TwinBeam,TrickRoom,HelpingHand|Bold||M|||50|]Basculegion||LifeOrb|Adaptability|WaveCrash,LastRespects,AquaJet,Protect|Adamant||M|||50|]Floette-Eternal||Floettite|FlowerVeil|Moonblast,DazzlingGleam,LightofRuin,Protect|Timid||F|||50|
|showteam|p2|Staraptor||Staraptite|Intimidate|CloseCombat,BraveBird,BlazeKick,Protect|Jolly||M|||50|]Gholdengo||LifeOrb|GoodasGold|MakeItRain,ShadowBall,NastyPlot,Protect|Modest|||||50|]Kingambit||BlackGlasses|Defiant|KowtowCleave,SuckerPunch,IronHead,Protect|Adamant||F|||50|]Whimsicott||FairyFeather|Prankster|Moonblast,Charm,Tailwind,Encore|Modest||F|||50|]Basculegion||ChoiceScarf|Adaptability|WaveCrash,AquaJet,FlipTurn,LastRespects|Jolly||M|||50|]Blaziken||Blazikenite|SpeedBoost|FlareBlitz,CloseCombat,Protect,RockSlide|Adamant||F|||50|
|j| MIss Leafia
|c|☆jackylechicken|hf
|j| Chibi-tick-chibi
|j| ju-loutre
|c|☆John1240|hf
|j| seriflor
|l| ju-loutre
|
|t:|1782504434
|teamsize|p1|4
|teamsize|p2|4
|start
|switch|p1a: Pyroar|Pyroar, L50, M|100/100
|switch|p1b: Whimsicott|Whimsicott, L50, M|100/100
|switch|p2a: Banarapace|Staraptor, L50, M|100/100
|switch|p2b: Prince Fluff|Whimsicott, L50, F|100/100
|-ability|p1a: Pyroar|Unnerve
|-ability|p2a: Banarapace|Intimidate|boost
|-unboost|p1a: Pyroar|atk|1
|-unboost|p1b: Whimsicott|atk|1
|turn|1
|j| Minissou RPPLF
|j| yuna sky pillar
|
|t:|1782504466
|switch|p1a: Ninetales|Ninetales, L50, M|100/100
|-weather|SunnyDay|[from] ability: Drought|[of] p1a: Ninetales
|detailschange|p2a: Banarapace|Staraptor-Mega, L50, M
|-mega|p2a: Banarapace|Staraptor|Staraptite
|move|p1b: Whimsicott|Tailwind|p1b: Whimsicott
|-sidestart|p1: John1240|move: Tailwind
|move|p2b: Prince Fluff|Tailwind|p2b: Prince Fluff
|-sidestart|p2: jackylechicken|move: Tailwind
|move|p2a: Banarapace|Close Combat|p1a: Ninetales
|-damage|p1a: Ninetales|1/100
|-boost|p2a: Banarapace|def|1
|-boost|p2a: Banarapace|spd|1
|
|-weather|SunnyDay|[upkeep]
|upkeep
|turn|2
|
|t:|1782504520
|switch|p1b: Basculegion|Basculegion, L50, M|100/100
|move|p2b: Prince Fluff|Encore||[still]
|-fail|p2b: Prince Fluff
|move|p1a: Ninetales|Overheat|p2a: Banarapace
|-damage|p2a: Banarapace|34/100
|-unboost|p1a: Ninetales|spa|2
|move|p2a: Banarapace|Close Combat|p1a: Ninetales
|-damage|p1a: Ninetales|0 fnt
|-boost|p2a: Banarapace|def|1
|-boost|p2a: Banarapace|spd|1
|faint|p1a: Ninetales
|
|-weather|SunnyDay|[upkeep]
|upkeep
|
|t:|1782504535
|switch|p1a: Pyroar|Pyroar, L50, M|100/100
|-ability|p1a: Pyroar|Unnerve
|turn|3
|l| Minissou RPPLF
|
|t:|1782504572
|detailschange|p1a: Pyroar|Pyroar-Mega, L50, M
|-mega|p1a: Pyroar|Pyroar|Pyroarite
|move|p2b: Prince Fluff|Charm|p1b: Basculegion
|-unboost|p1b: Basculegion|atk|2
|move|p1a: Pyroar|Heat Wave|p2b: Prince Fluff|[spread] p2a,p2b
|-supereffective|p2b: Prince Fluff|1
|-damage|p2a: Banarapace|0 fnt
|-damage|p2b: Prince Fluff|0 fnt
|faint|p2a: Banarapace
|faint|p2b: Prince Fluff
|move|p1b: Basculegion|Wave Crash|p2: Banarapace|[notarget]
|-fail|p1b: Basculegion
|
|-weather|SunnyDay|[upkeep]
|upkeep
|
|t:|1782504584
|switch|p2a: Sho-Gun|Kingambit, L50, F|100/100
|switch|p2b: Ficello|Gholdengo, L50|100/100
|turn|4
|
|t:|1782504623
|switch|p1b: Whimsicott|Whimsicott, L50, M|100/100
|move|p2b: Ficello|Protect|p2b: Ficello
|-singleturn|p2b: Ficello|Protect
|move|p2a: Sho-Gun|Sucker Punch||[still]
|-fail|p2a: Sho-Gun
|move|p1a: Pyroar|Heat Wave|p2b: Ficello|[spread] p2a
|-activate|p2b: Ficello|move: Protect
|-supereffective|p2a: Sho-Gun|1
|-damage|p2a: Sho-Gun|0 fnt
|faint|p2a: Sho-Gun
|
|-weather|SunnyDay|[upkeep]
|-sideend|p1: John1240|move: Tailwind
|-sideend|p2: jackylechicken|move: Tailwind
|upkeep
|turn|5
|
|t:|1782504641
|move|p1b: Whimsicott|Tailwind|p1b: Whimsicott
|-sidestart|p1: John1240|move: Tailwind
|move|p1a: Pyroar|Overheat|p2b: Ficello
|-supereffective|p2b: Ficello|1
|-damage|p2b: Ficello|0 fnt
|-unboost|p1a: Pyroar|spa|2
|faint|p2b: Ficello
|
|win|John1240
||jackylechicken is ready for game 2.
|inactive|John1240 has 30 seconds to confirm battle start!
||John1240 is ready for game 2.
|uhtml|next|Next: Game 2 of 3
|l| Chibi-tick-chibi
|j| Chibi-tick-chibi
|l| Chibi-tick-chibi
