|j|☆chknadobovgc
|j|☆TORVEX
|html|chknadobovgcTORVEX    
|uhtml|bestof|Game 2 of a best-of-3
|t:|1757809723
|gametype|doubles
|player|p1|chknadobovgc|cheren-gen5bw2|1200
|player|p2|TORVEX|acetrainer-gen4dp|1160
|gen|9
|tier|[Gen 9] VGC 2025 Reg H (Bo3)
|rated|
|rule|Species Clause: Limit one of each Pokémon
|rule|Item Clause: Limit 1 of each item
|clearpoke
|poke|p1|Dragonite, L50, F|
|poke|p1|Gholdengo, L50|
|poke|p1|Ursaluna-Bloodmoon, L50, M|
|poke|p1|Annihilape, L50, M|
|poke|p1|Maushold-Four, L50|
|poke|p1|Rillaboom, L50, M|
|poke|p2|Incineroar, L50, F|
|poke|p2|Sinistcha, L50|
|poke|p2|Garchomp, L50, M|
|poke|p2|Pelipper, L50, F|
|poke|p2|Palafin, L50, F|
|poke|p2|Archaludon, L50, M|
|teampreview|4
|showteam|p1|Dragonite||LoadedDice|Multiscale|ScaleShot,Tailwind,Haze,Protect|||F|||50|,,,,,Fairy]Gholdengo||LifeOrb|GoodasGold|MakeItRain,ShadowBall,NastyPlot,Protect||||||50|,,,,,Water]Ursaluna-Bloodmoon||AssaultVest|MindsEye|BloodMoon,EarthPower,HyperVoice,VacuumWave|||M|||50|,,,,,Water]Annihilape||SitrusBerry|Defiant|DrainPunch,RageFist,BulkUp,Protect|||M|||50|,,,,,Fire]Maushold-Four||FocusSash|FriendGuard|SuperFang,BeatUp,FollowMe,Protect||||||50|,,,,,Ghost]Rillaboom||MiracleSeed|GrassySurge|WoodHammer,GrassyGlide,HighHorsepower,FakeOut|||M|||50|,,,,,Fire
|showteam|p2|Incineroar||SafetyGoggles|Intimidate|FakeOut,WillOWisp,KnockOff,PartingShot|||F|||50|,,,,,Ghost]Sinistcha||BigRoot|Hospitality|Protect,RagePowder,MatchaGotcha,Hex||||||50|,,,,,Fire]Garchomp||LifeOrb|RoughSkin|Protect,DragonClaw,Earthquake,StompingTantrum|||M|||50|,,,,,Steel]Pelipper||FocusSash|Drizzle|Protect,Tailwind,WeatherBall,Hurricane|||F|||50|,,,,,Ghost]Palafin||MysticWater|ZerotoHero|Protect,WaveCrash,JetPunch,CloseCombat|||F|||50|,,,,,Water]Archaludon||AssaultVest|Stamina|DragonPulse,FlashCannon,ElectroShot,BodyPress|||M|||50|,,,,,Grass
|inactive|Battle timer is ON: inactive players will automatically lose when time's up. (requested by TORVEX)
|inactive|chknadobovgc has 60 seconds left.
|inactive|TORVEX has 60 seconds left.
|inactive|chknadobovgc has 30 seconds left.
|inactive|TORVEX has 30 seconds left.
|inactive|chknadobovgc has 20 seconds left.
|inactive|TORVEX has 20 seconds left.
|inactive|chknadobovgc has 15 seconds left.
|inactive|TORVEX has 15 seconds left.
|inactive|chknadobovgc has 10 seconds left.
|inactive|TORVEX has 10 seconds left.
|inactive|TORVEX has 5 seconds left.
|
|t:|1757809813
|teamsize|p1|4
|teamsize|p2|4
|start
|switch|p1a: Maushold|Maushold-Four, L50|100/100
|switch|p1b: Annihilape|Annihilape, L50, M, shiny|100/100
|switch|p2a: Sinistcha|Sinistcha, L50|100/100
|switch|p2b: Pelipper|Pelipper, L50, F|100/100
|-weather|RainDance|[from] ability: Drizzle|[of] p2b: Pelipper
|turn|1
|inactive|chknadobovgc has 30 seconds left.
|inactive|chknadobovgc has 20 seconds left.
|
|t:|1757809848
|move|p1a: Maushold|Follow Me|p1a: Maushold
|-singleturn|p1a: Maushold|move: Follow Me
|move|p2a: Sinistcha|Rage Powder|p2a: Sinistcha
|-singleturn|p2a: Sinistcha|move: Rage Powder
|move|p1b: Annihilape|Bulk Up|p1b: Annihilape
|-boost|p1b: Annihilape|atk|1
|-boost|p1b: Annihilape|def|1
|move|p2b: Pelipper|Tailwind|p2b: Pelipper
|-sidestart|p2: TORVEX|move: Tailwind
|
|-weather|RainDance|[upkeep]
|upkeep
|turn|2
|
|t:|1757809870
|move|p1a: Maushold|Protect|p1a: Maushold
|-singleturn|p1a: Maushold|Protect
|move|p1b: Annihilape|Protect|p1b: Annihilape
|-singleturn|p1b: Annihilape|Protect
|move|p2b: Pelipper|Hurricane|p1b: Annihilape
|-activate|p1b: Annihilape|move: Protect
|move|p2a: Sinistcha|Matcha Gotcha|p1a: Maushold|[spread] 
|-activate|p1a: Maushold|move: Protect
|-activate|p1b: Annihilape|move: Protect
|
|-weather|RainDance|[upkeep]
|upkeep
|turn|3
|inactive|chknadobovgc has 30 seconds left.
|inactive|chknadobovgc has 20 seconds left.
|
|t:|1757809906
|-terastallize|p1b: Annihilape|Fire
|move|p1a: Maushold|Follow Me|p1a: Maushold
|-singleturn|p1a: Maushold|move: Follow Me
|move|p2b: Pelipper|Hurricane|p1a: Maushold
|-damage|p1a: Maushold|42/100
|move|p2a: Sinistcha|Matcha Gotcha|p1a: Maushold|[spread] p1a,p1b
|-resisted|p1b: Annihilape
|-damage|p1a: Maushold|4/100
|-damage|p1b: Annihilape|90/100
|move|p1b: Annihilape|Rage Fist|p2b: Pelipper
|-damage|p2b: Pelipper|37/100
|
|-weather|RainDance|[upkeep]
|upkeep
|turn|4
|inactive|chknadobovgc has 30 seconds left.
|inactive|chknadobovgc has 20 seconds left.
|
|t:|1757809945
|switch|p1a: Gholdengo|Gholdengo, L50|100/100
|move|p2b: Pelipper|Protect|p2b: Pelipper
|-singleturn|p2b: Pelipper|Protect
|move|p1b: Annihilape|Protect|p1b: Annihilape
|-singleturn|p1b: Annihilape|Protect
|move|p2a: Sinistcha|Matcha Gotcha|p1b: Annihilape|[spread] p1a
|-activate|p1b: Annihilape|move: Protect
|-resisted|p1a: Gholdengo
|-damage|p1a: Gholdengo|85/100
|
|-weather|RainDance|[upkeep]
|-sideend|p2: TORVEX|move: Tailwind
|upkeep
|turn|5
|inactive|chknadobovgc has 30 seconds left.
|
|t:|1757809975
|move|p2a: Sinistcha|Protect|p2a: Sinistcha
|-singleturn|p2a: Sinistcha|Protect
|move|p1b: Annihilape|Rage Fist|p2a: Sinistcha
|-activate|p2a: Sinistcha|move: Protect
|move|p1a: Gholdengo|Make It Rain|p2b: Pelipper|[spread] p2b
|-activate|p2a: Sinistcha|move: Protect
|-resisted|p2b: Pelipper
|-damage|p2b: Pelipper|0 fnt
|-unboost|p1a: Gholdengo|spa|1
|faint|p2b: Pelipper
|-damage|p1a: Gholdengo|75/100|[from] item: Life Orb
|
|-weather|none
|upkeep
|
|t:|1757809984
|switch|p2b: Garchomp|Garchomp, L50, M, shiny|100/100
|turn|6
|
|t:|1757809992
|switch|p1a: Rillaboom|Rillaboom, L50, M|100/100
|-fieldstart|move: Grassy Terrain|[from] ability: Grassy Surge|[of] p1a: Rillaboom
|move|p1b: Annihilape|Protect|p1b: Annihilape
|-singleturn|p1b: Annihilape|Protect
|move|p2b: Garchomp|Stomping Tantrum|p1b: Annihilape
|-activate|p1b: Annihilape|move: Protect
|move|p2a: Sinistcha|Matcha Gotcha|p1b: Annihilape|[spread] 
|-activate|p1b: Annihilape|move: Protect
|-miss|p2a: Sinistcha|p1a: Rillaboom
|
|-heal|p1b: Annihilape|96/100|[from] Grassy Terrain
|upkeep
|turn|7
|inactive|chknadobovgc has 30 seconds left.
|inactive|chknadobovgc has 20 seconds left.
|inactive|chknadobovgc has 15 seconds left.
|inactive|chknadobovgc has 10 seconds left.
|inactive|chknadobovgc has 5 seconds left.
|
|t:|1757810042
|move|p2b: Garchomp|Protect|p2b: Garchomp
|-singleturn|p2b: Garchomp|Protect
|move|p2a: Sinistcha|Protect|p2a: Sinistcha
|-singleturn|p2a: Sinistcha|Protect
|move|p1a: Rillaboom|Fake Out|p2b: Garchomp
|-activate|p2b: Garchomp|move: Protect
|move|p1b: Annihilape|Rage Fist|p2a: Sinistcha
|-activate|p2a: Sinistcha|move: Protect
|
|-heal|p1b: Annihilape|100/100|[from] Grassy Terrain
|upkeep
|turn|8
|
|t:|1757810056
|move|p1b: Annihilape|Protect|p1b: Annihilape
|-singleturn|p1b: Annihilape|Protect
|move|p2b: Garchomp|Stomping Tantrum|p1b: Annihilape
|-activate|p1b: Annihilape|move: Protect
|move|p1a: Rillaboom|Wood Hammer|p2b: Garchomp
|-damage|p2b: Garchomp|2/100
|-damage|p1a: Rillaboom|88/100|[from] ability: Rough Skin|[of] p2b: Garchomp
|-damage|p1a: Rillaboom|58/100|[from] Recoil
|move|p2a: Sinistcha|Matcha Gotcha|p1a: Rillaboom|[spread] p1a
|-activate|p1b: Annihilape|move: Protect
|-resisted|p1a: Rillaboom
|-damage|p1a: Rillaboom|37/100
|
|-heal|p2b: Garchomp|8/100|[from] Grassy Terrain
|-heal|p1a: Rillaboom|43/100|[from] Grassy Terrain
|upkeep
|turn|9
|
|t:|1757810076
|switch|p2b: Archaludon|Archaludon, L50, M, shiny|100/100
|move|p1a: Rillaboom|Grassy Glide|p2b: Archaludon
|-resisted|p2b: Archaludon
|-damage|p2b: Archaludon|92/100
|-ability|p2b: Archaludon|Stamina|boost
|-boost|p2b: Archaludon|def|1
|move|p1b: Annihilape|Rage Fist|p2a: Sinistcha
|-supereffective|p2a: Sinistcha
|-damage|p2a: Sinistcha|0 fnt
|faint|p2a: Sinistcha
|
|-heal|p1a: Rillaboom|49/100|[from] Grassy Terrain
|-heal|p2b: Archaludon|97/100|[from] Grassy Terrain
|upkeep
|
|t:|1757810099
|switch|p2a: Garchomp|Garchomp, L50, M, shiny|8/100
|turn|10
|
|t:|1757810124
|switch|p1a: Maushold|Maushold-Four, L50|4/100
|-terastallize|p2b: Archaludon|Grass
|move|p1b: Annihilape|Rage Fist|p2b: Archaludon
|-damage|p2b: Archaludon|68/100
|-ability|p2b: Archaludon|Stamina|boost
|-boost|p2b: Archaludon|def|1
|move|p2a: Garchomp|Stomping Tantrum|p1b: Annihilape
|-supereffective|p1b: Annihilape
|-damage|p1b: Annihilape|44/100
|-enditem|p1b: Annihilape|Sitrus Berry|[eat]
|-heal|p1b: Annihilape|69/100|[from] item: Sitrus Berry
|-damage|p2a: Garchomp|0 fnt|[from] item: Life Orb
|faint|p2a: Garchomp
|move|p2b: Archaludon|Dragon Pulse|p1b: Annihilape
|-damage|p1b: Annihilape|37/100
|
|-heal|p1a: Maushold|11/100|[from] Grassy Terrain
|-heal|p1b: Annihilape|43/100|[from] Grassy Terrain
|-heal|p2b: Archaludon|74/100|[from] Grassy Terrain
|-fieldend|move: Grassy Terrain
|upkeep
|turn|11
|inactive|chknadobovgc has 30 seconds left.
|inactive|chknadobovgc has 20 seconds left.
|inactive|chknadobovgc has 15 seconds left.
|
|t:|1757810168
|move|p1a: Maushold|Beat Up|p1b: Annihilape
|-damage|p1b: Annihilape|41/100
|-damage|p1b: Annihilape|39/100
|-damage|p1b: Annihilape|38/100
|-damage|p1b: Annihilape|36/100
|-hitcount|p1b: Annihilape|4
|move|p1b: Annihilape|Rage Fist|p2b: Archaludon
|-damage|p2b: Archaludon|0 fnt
|faint|p2b: Archaludon
|
|win|chknadobovgc
|raw|chknadobovgc's rating: 1200 → 1222(+22 for winning)
|raw|TORVEX's rating: 1160 → 1138(-22 for losing)
|l|☆TORVEX
|player|p2|
