|j|☆medwar
|j|☆minccino fan
|html|medwarminccino fan    
|uhtml|bestof|Game 2 of a best-of-3
|t:|1757658796
|gametype|doubles
|player|p1|medwar|dawn|1194
|player|p2|minccino fan|miku-ghost|1301
|gen|9
|tier|[Gen 9] VGC 2025 Reg H (Bo3)
|rated|
|rule|Species Clause: Limit one of each Pokémon
|rule|Item Clause: Limit 1 of each item
|clearpoke
|poke|p1|Ninetales-Alola, L50, F|
|poke|p1|Annihilape, L50, F|
|poke|p1|Basculegion, L50, M|
|poke|p1|Dragonite, L50, M|
|poke|p1|Ursaluna-Bloodmoon, L50, M|
|poke|p1|Tsareena, L50, F|
|poke|p2|Charizard, L50, M|
|poke|p2|Torkoal, L50, F|
|poke|p2|Porygon2, L50|
|poke|p2|Incineroar, L50, M|
|poke|p2|Jumpluff, L50, M|
|poke|p2|Ursaluna, L50, M|
|teampreview|4
|showteam|p1|Ninetales-Alola||FocusSash|SnowWarning|FreezeDry,AuroraVeil,Protect,Blizzard|||F|||50|,,,,,Ghost]Annihilape||SafetyGoggles|Defiant|RageFist,DrainPunch,Protect,BulkUp|||F|||50|,,,,,Fire]Basculegion||ChoiceScarf|Adaptability|LastRespects,FlipTurn,AquaJet,WaveCrash|||M|||50|,,,,,Water]Dragonite||LoadedDice|Multiscale|Protect,Haze,Tailwind,ScaleShot|||M|||50|,,,,,Fairy]Ursaluna-Bloodmoon||AssaultVest|MindsEye|BloodMoon,Moonblast,HyperVoice,EarthPower|||M|||50|,,,,,Fairy]Tsareena||Leftovers|QueenlyMajesty|Protect,KnockOff,TropKick,Trailblaze|||F|||50|,,,,,Fire
|showteam|p2|Charizard||ChoiceSpecs|SolarPower|HeatWave,Overheat,WeatherBall,AirSlash|||M|||50|,,,,,Ghost]Torkoal||EjectPack|Drought|Eruption,Overheat,HelpingHand,Protect|||F|||50|,,,,,Fire]Porygon2||Eviolite|Download|TeraBlast,IceBeam,Recover,TrickRoom||||||50|,,,,,Fighting]Incineroar||SitrusBerry|Intimidate|FlareBlitz,KnockOff,FakeOut,PartingShot|||M|||50|,,,,,Ghost]Jumpluff||CovertCloak|Chlorophyll|SleepPowder,SunnyDay,RagePowder,Tailwind|||M|||50|,,,,,Water]Ursaluna||FlameOrb|Guts|HeadlongRush,Facade,Earthquake,Protect|||M|||50|,,,,,Ghost
|inactive|Battle timer is ON: inactive players will automatically lose when time's up. (requested by minccino fan)
|inactive|minccino fan has 60 seconds left.
|
|t:|1757658856
|teamsize|p1|4
|teamsize|p2|4
|start
|switch|p1a: Basculegion|Basculegion, L50, M|100/100
|switch|p1b: Dragonite|Dragonite, L50, M|100/100
|switch|p2a: Torkoal|Torkoal, L50, F|100/100
|switch|p2b: Jumpluff|Jumpluff, L50, M|100/100
|-weather|SunnyDay|[from] ability: Drought|[of] p2a: Torkoal
|turn|1
|inactive|minccino fan has 30 seconds left.
|inactive|minccino fan has 20 seconds left.
|
|t:|1757658896
|switch|p1b: Ninetales|Ninetales-Alola, L50, F|100/100
|-weather|Snowscape|[from] ability: Snow Warning|[of] p1b: Ninetales
|switch|p2a: Incineroar|Incineroar, L50, M|100/100
|-ability|p2a: Incineroar|Intimidate|boost
|-unboost|p1a: Basculegion|atk|1
|-unboost|p1b: Ninetales|atk|1
|move|p1a: Basculegion|Wave Crash|p2a: Incineroar
|-supereffective|p2a: Incineroar
|-damage|p2a: Incineroar|0 fnt
|faint|p2a: Incineroar
|-damage|p1a: Basculegion|68/100|[from] Recoil
|move|p2b: Jumpluff|Sleep Powder|p1b: Ninetales
|-status|p1b: Ninetales|slp|[from] move: Sleep Powder
|
|-weather|Snowscape|[upkeep]
|upkeep
|
|t:|1757658903
|switch|p2a: Torkoal|Torkoal, L50, F|100/100
|-weather|SunnyDay|[from] ability: Drought|[of] p2a: Torkoal
|turn|2
|
|t:|1757658924
|switch|p1b: Dragonite|Dragonite, L50, M|100/100
|move|p2b: Jumpluff|Sleep Powder|p1a: Basculegion
|-status|p1a: Basculegion|slp|[from] move: Sleep Powder
|cant|p1a: Basculegion|slp
|move|p2a: Torkoal|Eruption|p1a: Basculegion|[spread] p1a,p1b
|-resisted|p1a: Basculegion
|-resisted|p1b: Dragonite
|-damage|p1a: Basculegion|27/100 slp
|-damage|p1b: Dragonite|85/100
|
|-weather|SunnyDay|[upkeep]
|upkeep
|turn|3
|
|t:|1757658941
|move|p2b: Jumpluff|Sleep Powder|p1b: Dragonite|[miss]
|-miss|p2b: Jumpluff|p1b: Dragonite
|-curestatus|p1a: Basculegion|slp|[msg]
|move|p1a: Basculegion|Wave Crash|p2a: Torkoal
|-supereffective|p2a: Torkoal
|-damage|p2a: Torkoal|58/100
|-damage|p1a: Basculegion|15/100|[from] Recoil
|move|p1b: Dragonite|Scale Shot|p2a: Torkoal|[miss]
|-miss|p1b: Dragonite|p2a: Torkoal
|move|p2a: Torkoal|Eruption|p1a: Basculegion|[spread] p1a,p1b
|-resisted|p1a: Basculegion
|-resisted|p1b: Dragonite
|-damage|p1a: Basculegion|0 fnt
|-damage|p1b: Dragonite|67/100
|faint|p1a: Basculegion
|
|-weather|SunnyDay|[upkeep]
|upkeep
|
|t:|1757658957
|switch|p1a: Ninetales|Ninetales-Alola, L50, F|100/100 slp
|-weather|Snowscape|[from] ability: Snow Warning|[of] p1a: Ninetales
|turn|4
|
|t:|1757658969
|cant|p1a: Ninetales|slp
|move|p2b: Jumpluff|Sleep Powder|p1b: Dragonite
|-status|p1b: Dragonite|slp|[from] move: Sleep Powder
|cant|p1b: Dragonite|slp
|move|p2a: Torkoal|Overheat|p1a: Ninetales
|-supereffective|p1a: Ninetales
|-enditem|p1a: Ninetales|Focus Sash
|-damage|p1a: Ninetales|1/100 slp
|-unboost|p2a: Torkoal|spa|2
|-enditem|p2a: Torkoal|Eject Pack
|
|t:|1757658971
|switch|p2a: Ursaluna|Ursaluna, L50, M|100/100
|
|-weather|Snowscape|[upkeep]
|-status|p2a: Ursaluna|brn|[from] item: Flame Orb
|upkeep
|turn|5
|
|t:|1757658989
|-terastallize|p2a: Ursaluna|Ghost
|-curestatus|p1a: Ninetales|slp|[msg]
|move|p1a: Ninetales|Blizzard|p2a: Ursaluna|[spread] p2a,p2b
|-supereffective|p2b: Jumpluff
|-damage|p2a: Ursaluna|74/100 brn
|-damage|p2b: Jumpluff|0 fnt
|faint|p2b: Jumpluff
|cant|p1b: Dragonite|slp
|move|p2a: Ursaluna|Facade|p1b: Dragonite
|-damage|p1b: Dragonite|0 fnt
|faint|p1b: Dragonite
|
|-weather|Snowscape|[upkeep]
|-damage|p2a: Ursaluna|69/100 brn|[from] brn
|upkeep
|
|t:|1757659003
|switch|p2b: Torkoal|Torkoal, L50, F|58/100
|switch|p1b: Ursaluna|Ursaluna-Bloodmoon, L50, M|100/100
|-weather|SunnyDay|[from] ability: Drought|[of] p2b: Torkoal
|turn|6
|inactive|minccino fan has 30 seconds left.
|inactive|minccino fan has 20 seconds left.
|inactive|minccino fan has 15 seconds left.
|inactive|minccino fan has 10 seconds left.
|
|t:|1757659054
|move|p2a: Ursaluna|Protect|p2a: Ursaluna
|-singleturn|p2a: Ursaluna|Protect
|move|p1a: Ninetales|Freeze-Dry|p2a: Ursaluna
|-activate|p2a: Ursaluna|move: Protect
|move|p1b: Ursaluna|Earth Power|p2b: Torkoal
|-supereffective|p2b: Torkoal
|-damage|p2b: Torkoal|0 fnt
|faint|p2b: Torkoal
|
|-weather|SunnyDay|[upkeep]
|-damage|p2a: Ursaluna|63/100 brn|[from] brn
|upkeep
|turn|7
|
|t:|1757659071
|move|p1a: Ninetales|Freeze-Dry|p2a: Ursaluna
|-damage|p2a: Ursaluna|40/100 brn
|move|p2a: Ursaluna|Earthquake|p1b: Ursaluna|[spread] p1a,p1b
|-damage|p1a: Ninetales|0 fnt
|-damage|p1b: Ursaluna|52/100
|faint|p1a: Ninetales
|move|p1b: Ursaluna|Blood Moon|p2a: Ursaluna
|-damage|p2a: Ursaluna|0 fnt
|faint|p2a: Ursaluna
|
|win|medwar
|raw|medwar's rating: 1194 → 1226(+32 for winning)
|raw|minccino fan's rating: 1301 → 1275(-26 for losing)
