|j|☆PickledogVGC
|j|☆ApolloLou
|html|PickledogVGCApolloLou    
|uhtml|bestof|Game 1 of a best-of-3
|t:|1756413906
|gametype|doubles
|player|p1|PickledogVGC|roughneck|
|player|p2|ApolloLou|birch|
|gen|9
|tier|[Gen 9] VGC 2025 Reg H (Bo3)
|rule|Species Clause: Limit one of each Pokémon
|rule|Item Clause: Limit 1 of each item
|clearpoke
|poke|p1|Toedscruel, L50, F|
|poke|p1|Weezing-Galar, L50, M|
|poke|p1|Kingambit, L50, F|
|poke|p1|Sneasler, L50, F|
|poke|p1|Ursaluna-Bloodmoon, L50, M|
|poke|p1|Incineroar, L50, M|
|poke|p2|Sneasler, L50, F|
|poke|p2|Indeedee, L50, M|
|poke|p2|Annihilape, L50, F|
|poke|p2|Electabuzz, L50, F|
|poke|p2|Hypno, L50, M|
|poke|p2|Ursaluna, L50, F|
|teampreview|4
|showteam|p1|Toedscruel||CovertCloak|MyceliumMight|Spore,EarthPower,AcidSpray,RagePowder|||F|||50|,,,,,Water]Weezing-Galar||ChoiceSpecs|NeutralizingGas|DazzlingGleam,SludgeBomb,StrangeSteam,Flamethrower|||M|||50|,,,,,Ghost]Kingambit||SafetyGoggles|Defiant|KowtowCleave,SuckerPunch,Protect,SwordsDance|||F|||50|,,,,,Flying]Sneasler||FocusSash|Unburden|FakeOut,DireClaw,ThroatChop,CloseCombat|||F|||50|,,,,,Stellar]Ursaluna-Bloodmoon||LifeOrb|MindsEye|HyperVoice,EarthPower,BloodMoon,Protect|||M|||50|,,,,,Ghost]Incineroar||AbilityShield|Intimidate|KnockOff,PartingShot,FlareBlitz,FakeOut|||M|||50|,,,,,Ghost
|showteam|p2|Sneasler||PsychicSeed|Unburden|DireClaw,Protect,ThroatChop,CloseCombat|||F|||50|,,,,,Dark]Indeedee||FocusSash|PsychicSurge|ExpandingForce,TrickRoom,TeraBlast,Protect|||M|||50|,,,,,Ground]Annihilape||SitrusBerry|Defiant|RageFist,DrainPunch,BulkUp,Protect|||F|||50|,,,,,Steel]Electabuzz||Eviolite|VitalSpirit|FollowMe,Electroweb,Protect,Taunt|||F|||50|,,,,,Fairy]Hypno||RoomService|Insomnia|ExpandingForce,Haze,Hex,TrickRoom|||M|||50|,,,,,Ghost]Ursaluna||FlameOrb|Guts|Facade,HeadlongRush,Earthquake,Protect|||F|||50|,,,,,Normal
|inactive|Battle timer is ON: inactive players will automatically lose when time's up. (requested by PickledogVGC)
|inactive|PickledogVGC has 60 seconds left.
|inactive|ApolloLou has 60 seconds left.
|c|☆PickledogVGC|glhf
|inactive|ApolloLou has 30 seconds left.
|inactiveoff|Battle timer is now OFF.
|
|t:|1756413973
|teamsize|p1|4
|teamsize|p2|4
|start
|switch|p1a: Ben|Weezing-Galar, L50, M, shiny|100/100
|switch|p1b: Blakers|Toedscruel, L50, F, shiny|100/100
|switch|p2a: Indeedee|Indeedee, L50, M|100/100
|switch|p2b: Ursaluna|Ursaluna, L50, F|100/100
|-ability|p1a: Ben|Neutralizing Gas
|turn|1
|
|t:|1756414010
|move|p1b: Blakers|Spore|p2a: Indeedee
|-status|p2a: Indeedee|slp|[from] move: Spore
|cant|p2a: Indeedee|slp
|move|p1a: Ben|Dazzling Gleam|p2b: Ursaluna|[spread] p2a,p2b
|-damage|p2a: Indeedee|54/100 slp
|-damage|p2b: Ursaluna|68/100
|move|p2b: Ursaluna|Headlong Rush|p1a: Ben
|-supereffective|p1a: Ben
|-damage|p1a: Ben|0 fnt
|-unboost|p2b: Ursaluna|def|1
|-unboost|p2b: Ursaluna|spd|1
|faint|p1a: Ben
|-end|p1a: Ben|ability: Neutralizing Gas
|-fieldstart|move: Psychic Terrain|[from] ability: Psychic Surge|[of] p2a: Indeedee
|
|-status|p2b: Ursaluna|brn|[from] item: Flame Orb
|upkeep
|
|t:|1756414028
|switch|p1a: PinkPonyClub|Sneasler, L50, F|100/100
|turn|2
|
|t:|1756414045
|switch|p2b: Annihilape|Annihilape, L50, F|100/100
|move|p1a: PinkPonyClub|Throat Chop|p2a: Indeedee
|-supereffective|p2a: Indeedee
|-damage|p2a: Indeedee|0 fnt
|faint|p2a: Indeedee
|move|p1b: Blakers|Earth Power|p2b: Annihilape
|-damage|p2b: Annihilape|79/100
|
|upkeep
|
|t:|1756414055
|switch|p2a: Sneasler|Sneasler, L50, F|100/100
|-enditem|p2a: Sneasler|Psychic Seed
|-boost|p2a: Sneasler|spd|1|[from] item: Psychic Seed
|turn|3
|
|t:|1756414096
|move|p2a: Sneasler|Protect|p2a: Sneasler
|-singleturn|p2a: Sneasler|Protect
|move|p1a: PinkPonyClub|Dire Claw|p2b: Annihilape
|-resisted|p2b: Annihilape
|-damage|p2b: Annihilape|57/100
|move|p2b: Annihilape|Rage Fist|p1b: Blakers
|-damage|p1b: Blakers|0 fnt
|faint|p1b: Blakers
|
|upkeep
|
|t:|1756414105
|switch|p1b: Boston Rob|Kingambit, L50, F|100/100
|turn|4
|
|t:|1756414175
|move|p2a: Sneasler|Dire Claw|p1a: PinkPonyClub
|-resisted|p1a: PinkPonyClub
|-damage|p1a: PinkPonyClub|64/100
|move|p1a: PinkPonyClub|Dire Claw|p2a: Sneasler
|-resisted|p2a: Sneasler
|-damage|p2a: Sneasler|64/100
|move|p2b: Annihilape|Rage Fist|p1a: PinkPonyClub
|-damage|p1a: PinkPonyClub|0 fnt
|faint|p1a: PinkPonyClub
|move|p1b: Boston Rob|Kowtow Cleave|p2a: Sneasler
|-resisted|p2a: Sneasler
|-damage|p2a: Sneasler|24/100
|
|upkeep
|turn|5
|
|t:|1756414200
|move|p1b: Boston Rob|Protect|p1b: Boston Rob
|-singleturn|p1b: Boston Rob|Protect
|move|p2a: Sneasler|Close Combat|p1b: Boston Rob
|-activate|p1b: Boston Rob|move: Protect
|move|p2b: Annihilape|Rage Fist|p1b: Boston Rob
|-activate|p1b: Boston Rob|move: Protect
|
|-fieldend|move: Psychic Terrain
|upkeep
|turn|6
|
|t:|1756414214
|move|p1b: Boston Rob|Sucker Punch|p2a: Sneasler
|-resisted|p2a: Sneasler
|-damage|p2a: Sneasler|0 fnt
|faint|p2a: Sneasler
|move|p2b: Annihilape|Rage Fist|p1b: Boston Rob
|-resisted|p1b: Boston Rob
|-damage|p1b: Boston Rob|71/100
|
|upkeep
|
|t:|1756414222
|switch|p2a: Ursaluna|Ursaluna, L50, F|68/100 brn
|turn|7
|
|t:|1756414242
|-terastallize|p2a: Ursaluna|Normal
|move|p1b: Boston Rob|Protect|p1b: Boston Rob
|-singleturn|p1b: Boston Rob|Protect
|move|p2b: Annihilape|Rage Fist|p1b: Boston Rob
|-activate|p1b: Boston Rob|move: Protect
|move|p2a: Ursaluna|Facade|p1b: Boston Rob
|-activate|p1b: Boston Rob|move: Protect
|
|-damage|p2a: Ursaluna|62/100 brn|[from] brn
|upkeep
|turn|8
|
|t:|1756414270
|-terastallize|p1b: Boston Rob|Flying
|move|p2b: Annihilape|Drain Punch|p1b: Boston Rob
|-resisted|p1b: Boston Rob
|-damage|p1b: Boston Rob|57/100
|-heal|p2b: Annihilape|64/100|[from] drain|[of] p1b: Boston Rob
|move|p1b: Boston Rob|Kowtow Cleave|p2a: Ursaluna
|-damage|p2a: Ursaluna|29/100 brn
|move|p2a: Ursaluna|Facade|p1b: Boston Rob
|-damage|p1b: Boston Rob|0 fnt
|faint|p1b: Boston Rob
|
|win|ApolloLou
|inactive|PickledogVGC has 30 seconds to confirm battle start!
|inactive|ApolloLou has 30 seconds to confirm battle start!
||PickledogVGC is ready for game 2.
|inactive|ApolloLou has 20 seconds to confirm battle start!
||ApolloLou is ready for game 2.
|uhtml|next|Next: Game 2 of 3
|l|☆ApolloLou
|player|p2|
