|j|☆5-3maxxing
|j|☆viatles
|html|5-3maxxingviatles    
|uhtml|bestof|Game 1 of a best-of-3
|t:|1783562523
|gametype|doubles
|player|p1|5-3maxxing|266|1213
|player|p2|viatles|hiker|1085
|gen|9
|tier|[Gen 9 Champions] VGC 2026 Reg M-B (Bo3)
|rated|
|rule|Species Clause: Limit one of each Pokémon
|rule|Item Clause: Limit 1 of each item
|clearpoke
|poke|p1|Floette-Eternal, L50, F|
|poke|p1|Charizard, L50, M|
|poke|p1|Whimsicott, L50, F|
|poke|p1|Basculegion, L50, M|
|poke|p1|Garchomp, L50, F|
|poke|p1|Kingambit, L50, F|
|poke|p2|Beedrill, L50, F, shiny|
|poke|p2|Milotic, L50, M, shiny|
|poke|p2|Talonflame, L50, F, shiny|
|poke|p2|Farigiraf, L50, M|
|poke|p2|Decidueye-Hisui, L50, F|
|poke|p2|Sableye, L50, F|
|teampreview|4
|showteam|p1|Floette-Eternal||Floettite|FlowerVeil|Moonblast,DazzlingGleam,LightofRuin,Protect|Modest||F|||50|]Charizard||CharizarditeY|Blaze|HeatWave,SolarBeam,WeatherBall,Protect|Modest||M|||50|]Whimsicott||FocusSash|Prankster|Moonblast,Tailwind,Encore,Protect|Timid||F|||50|]Basculegion||LifeOrb|Adaptability|WaveCrash,LastRespects,AquaJet,Protect|Adamant||M|||50|]Garchomp||SitrusBerry|RoughSkin|Earthquake,DragonClaw,RockSlide,Protect|Jolly||F|||50|]Kingambit||ChopleBerry|Defiant|KowtowCleave,SuckerPunch,IronHead,LowKick|Adamant||F|||50|
|showteam|p2|Beedrill||Beedrillite|Swarm|Uturn,DrillRun,PoisonJab,Protect|Jolly||F|||50|]Milotic||Leftovers|Competitive|IcyWind,Scald,Protect,LifeDew|Bold||M|||50|]Talonflame||SharpBeak|GaleWings|DualWingbeat,Tailwind,Protect,WillOWisp|Jolly||F|||50|]Farigiraf||SitrusBerry|ArmorTail|TrickRoom,Thunderbolt,TwinBeam,HelpingHand|Bold||M|||50|]Decidueye-Hisui||ScopeLens|Scrappy|Protect,TripleArrows,LeafBlade,SuckerPunch|Adamant||F|||50|]Sableye||RoseliBerry|Prankster|FakeOut,FoulPlay,RainDance,Quash|Sassy||F|||50|
|c|☆viatles|gl hf
|inactive|Battle timer is ON: inactive players will automatically lose when time's up. (requested by viatles)
|c|☆5-3maxxing|glhf
|inactive|viatles has 60 seconds left.
|
|t:|1783562563
|teamsize|p1|4
|teamsize|p2|4
|start
|switch|p1a: Charizard|Charizard, L50, M|100/100
|switch|p1b: Garchomp|Garchomp, L50, F|100/100
|switch|p2a: Sableye|Sableye, L50, F|100/100
|switch|p2b: Malsumas|Beedrill, L50, F, shiny|100/100
|turn|1
|
|t:|1783562574
|switch|p1a: Basculegion|Basculegion, L50, M|100/100
|detailschange|p2b: Malsumas|Beedrill-Mega, L50, F, shiny
|-mega|p2b: Malsumas|Beedrill|Beedrillite
|move|p2a: Sableye|Fake Out|p1b: Garchomp
|-damage|p1b: Garchomp|92/100
|-damage|p2a: Sableye|87/100|[from] ability: Rough Skin|[of] p1b: Garchomp
|move|p2b: Malsumas|U-turn|p1a: Basculegion
|-resisted|p1a: Basculegion|1
|-damage|p1a: Basculegion|71/100
|
|t:|1783562585
|switch|p2b: Pentious|Milotic, L50, M, shiny|100/100|[from] U-turn
|cant|p1b: Garchomp|flinch
|
|upkeep
|turn|2
|
|t:|1783562595
|move|p1b: Garchomp|Dragon Claw|p2b: Pentious
|-damage|p2b: Pentious|68/100
|move|p1a: Basculegion|Wave Crash|p2a: Sableye
|-damage|p2a: Sableye|0 fnt
|faint|p2a: Sableye
|-damage|p1a: Basculegion|48/100|[from] Recoil
|-damage|p1a: Basculegion|38/100|[from] item: Life Orb
|move|p2b: Pentious|Icy Wind|p1b: Garchomp|[spread] p1a,p1b
|-resisted|p1a: Basculegion|1
|-supereffective|p1b: Garchomp|2
|-damage|p1a: Basculegion|31/100
|-damage|p1b: Garchomp|47/100
|-unboost|p1a: Basculegion|spe|1
|-unboost|p1b: Garchomp|spe|1
|-enditem|p1b: Garchomp|Sitrus Berry|[eat]
|-heal|p1b: Garchomp|72/100|[from] item: Sitrus Berry
|
|-heal|p2b: Pentious|74/100|[from] item: Leftovers
|upkeep
|
|t:|1783562612
|switch|p2a: Malsumas|Beedrill-Mega, L50, F, shiny|100/100
|turn|3
|
|t:|1783562625
|move|p2a: Malsumas|Protect|p2a: Malsumas
|-singleturn|p2a: Malsumas|Protect
|move|p1b: Garchomp|Dragon Claw|p2b: Pentious
|-damage|p2b: Pentious|41/100
|move|p2b: Pentious|Icy Wind|p1b: Garchomp|[spread] p1a,p1b
|-resisted|p1a: Basculegion|1
|-supereffective|p1b: Garchomp|2
|-damage|p1a: Basculegion|25/100
|-damage|p1b: Garchomp|32/100
|-unboost|p1a: Basculegion|spe|1
|-unboost|p1b: Garchomp|spe|1
|move|p1a: Basculegion|Wave Crash|p2b: Pentious
|-resisted|p2b: Pentious|1
|-damage|p2b: Pentious|0 fnt
|faint|p2b: Pentious
|-damage|p1a: Basculegion|12/100|[from] Recoil
|-damage|p1a: Basculegion|2/100|[from] item: Life Orb
|
|upkeep
|
|t:|1783562641
|switch|p2b: Scatter|Talonflame, L50, F, shiny|100/100
|turn|4
|
|t:|1783562647
|move|p2b: Scatter|Dual Wingbeat|p1a: Basculegion
|-crit|p1a: Basculegion
|-damage|p1a: Basculegion|0 fnt
|faint|p1a: Basculegion
|-hitcount|p1: Basculegion|1
|move|p2a: Malsumas|U-turn|p1b: Garchomp
|-damage|p1b: Garchomp|0 fnt
|-damage|p2a: Malsumas|88/100|[from] ability: Rough Skin|[of] p1b: Garchomp
|faint|p1b: Garchomp
|
|upkeep
|
|t:|1783562651
|switch|p1b: Charizard|Charizard, L50, M|100/100
|switch|p1a: Whimsicott|Whimsicott, L50, F|100/100
|turn|5
|
|t:|1783562661
|detailschange|p1b: Charizard|Charizard-Mega-Y, L50, M
|-mega|p1b: Charizard|Charizard|Charizardite Y
|-weather|SunnyDay|[from] ability: Drought|[of] p1b: Charizard
|move|p2a: Malsumas|Protect|p2a: Malsumas
|-singleturn|p2a: Malsumas|Protect
|move|p2b: Scatter|Dual Wingbeat|p1a: Whimsicott
|-supereffective|p1a: Whimsicott|1
|-damage|p1a: Whimsicott|43/100
|-supereffective|p1a: Whimsicott|1
|-damage|p1a: Whimsicott|0 fnt
|faint|p1a: Whimsicott
|-hitcount|p1: Whimsicott|2
|move|p1b: Charizard|Heat Wave|p2a: Malsumas|[spread] p2b
|-activate|p2a: Malsumas|move: Protect
|-resisted|p2b: Scatter|1
|-damage|p2b: Scatter|54/100
|
|-weather|SunnyDay|[upkeep]
|upkeep
|turn|6
|
|t:|1783562680
|move|p2a: Malsumas|Poison Jab|p1b: Charizard
|-damage|p1b: Charizard|38/100
|-status|p1b: Charizard|psn
|move|p2b: Scatter|Dual Wingbeat|p1b: Charizard|[miss]
|-miss|p2b: Scatter|p1b: Charizard
|move|p1b: Charizard|Heat Wave|p2b: Scatter|[spread] p2a,p2b
|-supereffective|p2a: Malsumas|1
|-resisted|p2b: Scatter|1
|-damage|p2a: Malsumas|0 fnt
|-damage|p2b: Scatter|6/100
|faint|p2a: Malsumas
|
|-weather|SunnyDay|[upkeep]
|-damage|p1b: Charizard|26/100 psn|[from] psn
|upkeep
|turn|7
|
|t:|1783562693
|move|p2b: Scatter|Protect|p2b: Scatter
|-singleturn|p2b: Scatter|Protect
|move|p1b: Charizard|Weather Ball|p2b: Scatter
|-activate|p2b: Scatter|move: Protect
|
|-weather|SunnyDay|[upkeep]
|-damage|p1b: Charizard|14/100 psn|[from] psn
|upkeep
|turn|8
|
|t:|1783562701
|move|p2b: Scatter|Dual Wingbeat|p1b: Charizard
|-damage|p1b: Charizard|0 fnt
|faint|p1b: Charizard
|-hitcount|p1: Charizard|1
|
|win|viatles
||5-3maxxing is ready for game 2.
