|j|☆FreemanGordon
|j|☆standardamerican
|html|FreemanGordonstandardamerican    
|uhtml|bestof|Game 1 of a best-of-3
|t:|1784814971
|gametype|doubles
|player|p1|FreemanGordon|169|1296
|player|p2|standardamerican|169|1217
|gen|9
|tier|[Gen 9 Champions] VGC 2026 Reg M-B (Bo3)
|rated|
|rule|Species Clause: Limit one of each Pokémon
|rule|Item Clause: Limit 1 of each item
|clearpoke
|poke|p1|Metagross, L50|
|poke|p1|Politoed, L50, F|
|poke|p1|Whimsicott, L50, M|
|poke|p1|Annihilape, L50, F|
|poke|p1|Garchomp, L50, M|
|poke|p1|Charizard, L50, F|
|poke|p2|Sinistcha, L50|
|poke|p2|Incineroar, L50, M|
|poke|p2|Milotic, L50, F|
|poke|p2|Raichu, L50, F|
|poke|p2|Gardevoir, L50, F|
|poke|p2|Ceruledge, L50, F|
|teampreview|4
|showteam|p1|Metagross||Metagrossite|ClearBody|IronHead,PsychicFangs,StompingTantrum,Protect|Jolly|||||50|]Politoed||MysticWater|Drizzle|WeatherBall,IceBeam,MuddyWater,Protect|Timid||F|||50|]Whimsicott||FocusSash|Prankster|Moonblast,Tailwind,Encore,Protect|Timid||M|||50|]Annihilape||Leftovers|Defiant|DrainPunch,BulkUp,RageFist,Protect|Jolly||F|||50|]Garchomp||LifeOrb|RoughSkin|DragonClaw,Earthquake,RockSlide,Protect|Jolly||M|||50|]Charizard||CharizarditeY|Blaze|HeatWave,SolarBeam,Protect,WeatherBall|Modest||F|||50|
|showteam|p2|Sinistcha||KasibBerry|Hospitality|MatchaGotcha,Imprison,RagePowder,Protect|Bold|||||50|]Incineroar||SitrusBerry|Intimidate|FlareBlitz,DarkestLariat,FakeOut,PartingShot|Careful||M|||50|]Milotic||Leftovers|Competitive|MuddyWater,Coil,Hypnosis,Protect|Calm||F|||50|]Raichu||RaichuniteY|LightningRod|ZapCannon,FocusBlast,FakeOut,Protect|Timid||F|||50|]Gardevoir||Gardevoirite|Trace|HyperVoice,Psyshock,TrickRoom,Protect|Modest||F|||50|]Ceruledge||ColburBerry|FlashFire|BitterBlade,ShadowSneak,BulkUp,Protect|Adamant||F|||50|
|inactive|Battle timer is ON: inactive players will automatically lose when time's up. (requested by FreemanGordon)
|inactive|standardamerican has 60 seconds left.
|inactive|standardamerican has 30 seconds left.
|
|t:|1784815057
|teamsize|p1|4
|teamsize|p2|4
|start
|switch|p1a: Metagross|Metagross, L50|100/100
|switch|p1b: Annihilape|Annihilape, L50, F|100/100
|switch|p2a: Raichu|Raichu, L50, F|100/100
|switch|p2b: Ceruledge|Ceruledge, L50, F|100/100
|turn|1
|inactive|FreemanGordon has 30 seconds left.
|inactive|FreemanGordon has 20 seconds left.
|
|t:|1784815093
|detailschange|p2a: Raichu|Raichu-Mega-Y, L50, F
|-mega|p2a: Raichu|Raichu|Raichunite Y
|detailschange|p1a: Metagross|Metagross-Mega, L50
|-mega|p1a: Metagross|Metagross|Metagrossite
|move|p2a: Raichu|Fake Out|p1a: Metagross
|-resisted|p1a: Metagross|1
|-damage|p1a: Metagross|96/100
|cant|p1a: Metagross|flinch
|move|p1b: Annihilape|Bulk Up|p1b: Annihilape
|-boost|p1b: Annihilape|atk|1
|-boost|p1b: Annihilape|def|1
|move|p2b: Ceruledge|Bulk Up|p2b: Ceruledge
|-boost|p2b: Ceruledge|atk|1
|-boost|p2b: Ceruledge|def|1
|
|upkeep
|turn|2
|
|t:|1784815113
|move|p2a: Raichu|Zap Cannon|p1a: Metagross
|-damage|p1a: Metagross|34/100
|-status|p1a: Metagross|par
|move|p1b: Annihilape|Bulk Up|p1b: Annihilape
|-boost|p1b: Annihilape|atk|1
|-boost|p1b: Annihilape|def|1
|move|p2b: Ceruledge|Bulk Up|p2b: Ceruledge
|-boost|p2b: Ceruledge|atk|1
|-boost|p2b: Ceruledge|def|1
|move|p1a: Metagross|Stomping Tantrum|p2a: Raichu
|-supereffective|p2a: Raichu|1
|-damage|p2a: Raichu|0 fnt
|faint|p2a: Raichu
|
|upkeep
|
|t:|1784815129
|switch|p2a: Sinistcha|Sinistcha, L50|100/100
|turn|3
|
|t:|1784815159
|switch|p1a: Politoed|Politoed, L50, F|100/100
|-weather|RainDance|[from] ability: Drizzle|[of] p1a: Politoed
|move|p1b: Annihilape|Rage Fist|p2b: Ceruledge
|-supereffective|p2b: Ceruledge|1
|-damage|p2b: Ceruledge|56/100
|move|p2b: Ceruledge|Bulk Up|p2b: Ceruledge
|-boost|p2b: Ceruledge|atk|1
|-boost|p2b: Ceruledge|def|1
|move|p2a: Sinistcha|Imprison|p2a: Sinistcha
|-start|p2a: Sinistcha|move: Imprison
|
|-weather|RainDance|[upkeep]
|upkeep
|turn|4
|inactive|FreemanGordon has 30 seconds left.
|
|t:|1784815185
|move|p2b: Ceruledge|Protect|p2b: Ceruledge
|-singleturn|p2b: Ceruledge|Protect
|move|p1b: Annihilape|Rage Fist|p2a: Sinistcha
|-supereffective|p2a: Sinistcha|1
|-enditem|p2a: Sinistcha|Kasib Berry|[eat]
|-enditem|p2a: Sinistcha|Kasib Berry|[weaken]
|-damage|p2a: Sinistcha|64/100
|move|p1a: Politoed|Muddy Water|p2b: Ceruledge|[spread] p2a
|-activate|p2b: Ceruledge|move: Protect
|-resisted|p2a: Sinistcha|1
|-damage|p2a: Sinistcha|40/100
|-unboost|p2a: Sinistcha|accuracy|1
|move|p2a: Sinistcha|Matcha Gotcha|p1b: Annihilape|[spread] p1a,p1b
|-supereffective|p1a: Politoed|1
|-damage|p1a: Politoed|52/100
|-heal|p2a: Sinistcha|62/100|[from] drain|[of] p1a: Politoed
|-damage|p1b: Annihilape|77/100
|-heal|p2a: Sinistcha|75/100|[from] drain|[of] p1b: Annihilape
|-status|p1a: Politoed|brn
|
|-weather|RainDance|[upkeep]
|-heal|p1b: Annihilape|84/100|[from] item: Leftovers
|-damage|p1a: Politoed|46/100 brn|[from] brn
|upkeep
|turn|5
|inactive|FreemanGordon has 30 seconds left.
|inactive|standardamerican has 30 seconds left.
|
|t:|1784815218
|move|p2a: Sinistcha|Rage Powder|p2a: Sinistcha
|-singleturn|p2a: Sinistcha|move: Rage Powder
|move|p2b: Ceruledge|Shadow Sneak|p1a: Politoed
|-damage|p1a: Politoed|0 fnt
|faint|p1a: Politoed
|move|p1b: Annihilape|Rage Fist|p2a: Sinistcha
|-supereffective|p2a: Sinistcha|1
|-damage|p2a: Sinistcha|0 fnt
|faint|p2a: Sinistcha
|
|-weather|RainDance|[upkeep]
|-heal|p1b: Annihilape|90/100|[from] item: Leftovers
|upkeep
|
|t:|1784815230
|switch|p1a: Garchomp|Garchomp, L50, M|100/100
|switch|p2a: Milotic|Milotic, L50, F|100/100
|turn|6
|
|t:|1784815252
|move|p2b: Ceruledge|Shadow Sneak|p1b: Annihilape
|-supereffective|p1b: Annihilape|1
|-damage|p1b: Annihilape|34/100
|move|p1a: Garchomp|Earthquake|p2a: Milotic|[spread] p1b,p2a,p2b
|-supereffective|p2b: Ceruledge|1
|-crit|p2b: Ceruledge
|-damage|p1b: Annihilape|7/100
|-damage|p2a: Milotic|54/100
|-damage|p2b: Ceruledge|0 fnt
|faint|p2b: Ceruledge
|-damage|p1a: Garchomp|90/100|[from] item: Life Orb
|move|p1b: Annihilape|Rage Fist|p2a: Milotic
|-damage|p2a: Milotic|0 fnt
|faint|p2a: Milotic
|
|win|FreemanGordon
|inactive|FreemanGordon has 30 seconds to confirm battle start!
|inactive|standardamerican has 30 seconds to confirm battle start!
||FreemanGordon is ready for game 2.
