|j|â˜†aqoursfan1
|j|â˜†FrostyDogMobile
|html|aqoursfan1FrostyDogMobile    
|uhtml|bestof|Game 2 of a best-of-3
|t:|1786002494
|gametype|doubles
|player|p1|aqoursfan1|anabel-gen7|1292
|player|p2|FrostyDogMobile|266|1211
|gen|9
|tier|[Gen 9 Champions] VGC 2026 Reg M-B (Bo3)
|rated|
|rule|Species Clause: Limit one of each PokÃ©mon
|rule|Item Clause: Limit 1 of each item
|clearpoke
|poke|p1|Raichu, L50, F|
|poke|p1|Kingambit, L50, F|
|poke|p1|Sylveon, L50, M, shiny|
|poke|p1|Whimsicott, L50, M|
|poke|p1|Basculegion, L50, M|
|poke|p1|Charizard, L50, F, shiny|
|poke|p2|Blaziken, L50, F|
|poke|p2|Kingambit, L50, F|
|poke|p2|Garchomp, L50, M|
|poke|p2|Sylveon, L50, F|
|poke|p2|Incineroar, L50, F|
|poke|p2|Whimsicott, L50, M|
|teampreview|4
|showteam|p1|Raichu||RaichuniteY|LightningRod|ZapCannon,FocusBlast,FakeOut,Protect|Timid||F|||50|]Kingambit||FocusSash|Defiant|KowtowCleave,SuckerPunch,IronHead,Protect|Adamant||F|||50|]Sylveon||FairyFeather|Pixilate|HyperVoice,HyperBeam,QuickAttack,Detect|Modest||M|||50|]Whimsicott||LifeOrb|Prankster|Moonblast,Encore,Tailwind,Protect|Timid||M|||50|]Basculegion||MysticWater|Adaptability|WaveCrash,LastRespects,AquaJet,Protect|Adamant||M|||50|]Charizard||CharizarditeY|Blaze|HeatWave,WeatherBall,SolarBeam,Protect|Modest||F|||50|
|showteam|p2|Blaziken||Blazikenite|SpeedBoost|CloseCombat,RockSlide,FlareBlitz,Protect|Adamant||F|||50|]Kingambit||LifeOrb|Defiant|IronHead,KowtowCleave,SuckerPunch,Protect|Adamant||F|||50|]Garchomp||RoseliBerry|RoughSkin|Earthquake,DragonClaw,RockSlide,PoisonJab|Adamant||M|||50|]Sylveon||FairyFeather|Pixilate|HyperBeam,HyperVoice,Protect,QuickAttack|Modest||F|||50|]Incineroar||SitrusBerry|Intimidate|FakeOut,PartingShot,HelpingHand,FlareBlitz|Adamant||F|||50|]Whimsicott||FocusSash|Prankster|Tailwind,Encore,Protect,Moonblast|Timid||M|||50|
|inactive|Battle timer is ON: inactive players will automatically lose when time's up. (requested by aqoursfan1)
|
|t:|1786002508
|teamsize|p1|4
|teamsize|p2|4
|start
|switch|p1a: Raichu|Raichu, L50, F|100/100
|switch|p1b: Basculegion|Basculegion, L50, M|100/100
|switch|p2a: Garchomp|Garchomp, L50, M|100/100
|switch|p2b: Whimsicott|Whimsicott, L50, M|100/100
|turn|1
|
|t:|1786002517
|detailschange|p1a: Raichu|Raichu-Mega-Y, L50, F
|-mega|p1a: Raichu|Raichu|Raichunite Y
|move|p1a: Raichu|Fake Out|p2a: Garchomp
|-damage|p2a: Garchomp|91/100
|-damage|p1a: Raichu|87/100|[from] ability: Rough Skin|[of] p2a: Garchomp
|move|p2b: Whimsicott|Tailwind|p2b: Whimsicott
|-sidestart|p2: FrostyDogMobile|move: Tailwind
|cant|p2a: Garchomp|flinch
|move|p1b: Basculegion|Wave Crash|p2a: Garchomp
|-damage|p2a: Garchomp|3/100
|-damage|p1b: Basculegion|87/100|[from] ability: Rough Skin|[of] p2a: Garchomp
|-damage|p1b: Basculegion|55/100|[from] Recoil
|
|upkeep
|turn|2
|inactive|FrostyDogMobile has 30 seconds left.
|
|t:|1786002543
|switch|p1a: Whimsicott|Whimsicott, L50, M|100/100
|move|p2b: Whimsicott|Encore||[still]
|-fail|p2b: Whimsicott
|move|p1b: Basculegion|Aqua Jet|p2a: Garchomp
|-damage|p2a: Garchomp|0 fnt
|-damage|p1b: Basculegion|43/100|[from] ability: Rough Skin|[of] p2a: Garchomp
|faint|p2a: Garchomp
|
|upkeep
|
|t:|1786002550
|switch|p2a: Kingambit|Kingambit, L50, F|100/100
|turn|3
|
|t:|1786002557
|move|p2b: Whimsicott|Encore|p1b: Basculegion
|-start|p1b: Basculegion|Encore
|move|p1a: Whimsicott|Tailwind|p1a: Whimsicott
|-sidestart|p1: aqoursfan1|move: Tailwind
|move|p1b: Basculegion|Aqua Jet|p2b: Whimsicott
|-resisted|p2b: Whimsicott|1
|-damage|p2b: Whimsicott|77/100
|move|p2a: Kingambit|Iron Head|p1a: Whimsicott
|-supereffective|p1a: Whimsicott|1
|-damage|p1a: Whimsicott|0 fnt
|faint|p1a: Whimsicott
|-damage|p2a: Kingambit|90/100|[from] item: Life Orb
|
|upkeep
|
|t:|1786002566
|switch|p1a: Raichu|Raichu-Mega-Y, L50, F|87/100
|turn|4
|
|t:|1786002580
|switch|p1b: Sylveon|Sylveon, L50, M, shiny|100/100
|move|p1a: Raichu|Protect|p1a: Raichu
|-singleturn|p1a: Raichu|Protect
|move|p2a: Kingambit|Sucker Punch||[still]
|-fail|p2a: Kingambit
|move|p2b: Whimsicott|Moonblast|p1a: Raichu
|-activate|p1a: Raichu|move: Protect
|
|-sideend|p2: FrostyDogMobile|move: Tailwind
|upkeep
|turn|5
|
|t:|1786002598
|switch|p1a: Basculegion|Basculegion, L50, M|43/100
|move|p2a: Kingambit|Protect|p2a: Kingambit
|-singleturn|p2a: Kingambit|Protect
|move|p2b: Whimsicott|Tailwind|p2b: Whimsicott
|-sidestart|p2: FrostyDogMobile|move: Tailwind
|move|p1b: Sylveon|Hyper Voice|p2b: Whimsicott|[spread] p2b
|-activate|p2a: Kingambit|move: Protect
|-damage|p2b: Whimsicott|0 fnt
|faint|p2b: Whimsicott
|
|upkeep
|
|t:|1786002607
|switch|p2b: Blaziken|Blaziken, L50, F|100/100
|turn|6
|
|t:|1786002616
|detailschange|p2b: Blaziken|Blaziken-Mega, L50, F
|-mega|p2b: Blaziken|Blaziken|Blazikenite
|move|p2b: Blaziken|Protect|p2b: Blaziken
|-singleturn|p2b: Blaziken|Protect
|move|p1a: Basculegion|Aqua Jet|p2b: Blaziken
|-activate|p2b: Blaziken|move: Protect
|move|p1b: Sylveon|Hyper Beam|p2a: Kingambit
|-damage|p2a: Kingambit|0 fnt
|-mustrecharge|p1b: Sylveon
|faint|p2a: Kingambit
|
|-sideend|p1: aqoursfan1|move: Tailwind
|-ability|p2b: Blaziken|Speed Boost|boost
|-boost|p2b: Blaziken|spe|1
|upkeep
|turn|7
|-message|FrostyDogMobile forfeited.
|
|win|aqoursfan1
|raw|aqoursfan1's rating: 1292 → 1311(+19 for winning)
|raw|FrostyDogMobile's rating: 1211 → 1192(-19 for losing)
