|j|☆nikolasnaiz
|j|☆ushitsune
|html|nikolasnaizushitsune    
|uhtml|bestof|Game 1 of a best-of-3
|t:|1757918898
|gametype|doubles
|player|p1|nikolasnaiz|larry|1356
|player|p2|ushitsune|steven|1219
|gen|9
|tier|[Gen 9] VGC 2025 Reg H (Bo3)
|rated|
|rule|Species Clause: Limit one of each Pokémon
|rule|Item Clause: Limit 1 of each item
|clearpoke
|poke|p1|Dragonite, L50, M|
|poke|p1|Ursaluna-Bloodmoon, L50, M|
|poke|p1|Annihilape, L50, M|
|poke|p1|Volcarona, L50, M|
|poke|p1|Rillaboom, L50, M|
|poke|p1|Incineroar, L50, M|
|poke|p2|Lanturn, L50, M|
|poke|p2|Farigiraf, L50, F|
|poke|p2|Arcanine, L50, F|
|poke|p2|Rillaboom, L50, F|
|poke|p2|Hydreigon, L50, F|
|poke|p2|Gallade, L50, M|
|teampreview|4
|showteam|p1|Dragonite||LoadedDice|Multiscale|Protect,ScaleShot,Tailwind,Haze|||M|||50|,,,,,Steel]Ursaluna-Bloodmoon||FocusSash|MindsEye|Protect,BloodMoon,EarthPower,HyperVoice|||M|||50|,,,,,Normal]Annihilape||LumBerry|Defiant|Protect,RageFist,CloseCombat,Taunt|||M|||50|,,,,,Fire]Volcarona||CovertCloak|FlameBody|Protect,QuiverDance,HeatWave,TeraBlast|||M|||50|,,,,,Fairy]Rillaboom||AssaultVest|GrassySurge|FakeOut,WoodHammer,GrassyGlide,HighHorsepower|||M|||50|,,,,,Fire]Incineroar||SafetyGoggles|Intimidate|FakeOut,PartingShot,FlareBlitz,KnockOff|||M|||50|,,,,,Ghost
|showteam|p2|Lanturn||AssaultVest|VoltAbsorb|Scald,Thunderbolt,IcyWind,VoltSwitch|||M|||50|,,,,,Grass]Farigiraf||SafetyGoggles|ArmorTail|HyperVoice,Psychic,Imprison,TrickRoom|||F|||50|,,,,,Fairy]Arcanine||SitrusBerry|Intimidate|WillOWisp,Flamethrower,Snarl,Protect|||F|||50|,,,,,Grass]Rillaboom||ClearAmulet|GrassySurge|FakeOut,GrassyGlide,KnockOff,Uturn|||F|||50|,,,,,Fire]Hydreigon||LifeOrb|Levitate|DragonPulse,Snarl,Protect,EarthPower|||F|||50|,,,,,Poison]Gallade||FocusSash|Sharpness|PsychoCut,SacredSword,Protect,ShadowSneak|||M|||50|,,,,,Fire
|inactive|Battle timer is ON: inactive players will automatically lose when time's up. (requested by nikolasnaiz)
|inactive|nikolasnaiz has 60 seconds left.
|inactive|ushitsune has 60 seconds left.
|inactive|ushitsune has 30 seconds left.
|
|t:|1757918964
|teamsize|p1|4
|teamsize|p2|4
|start
|switch|p1a: Dragonite|Dragonite, L50, M, shiny|100/100
|switch|p1b: Volcarona|Volcarona, L50, M|100/100
|switch|p2a: Hydreigon|Hydreigon, L50, F|100/100
|switch|p2b: Rillaboom|Rillaboom, L50, F|100/100
|-fieldstart|move: Grassy Terrain|[from] ability: Grassy Surge|[of] p2b: Rillaboom
|turn|1
|
|t:|1757918982
|switch|p2a: Arcanine|Arcanine, L50, F|100/100
|-ability|p2a: Arcanine|Intimidate|boost
|-unboost|p1a: Dragonite|atk|1
|-unboost|p1b: Volcarona|atk|1
|move|p1a: Dragonite|Protect|p1a: Dragonite
|-singleturn|p1a: Dragonite|Protect
|move|p2b: Rillaboom|Fake Out|p1a: Dragonite
|-activate|p1a: Dragonite|move: Protect
|move|p1b: Volcarona|Quiver Dance|p1b: Volcarona
|-boost|p1b: Volcarona|spa|1
|-boost|p1b: Volcarona|spd|1
|-boost|p1b: Volcarona|spe|1
|
|upkeep
|turn|2
|
|t:|1757919004
|-terastallize|p2b: Rillaboom|Fire
|move|p1b: Volcarona|Quiver Dance|p1b: Volcarona
|-boost|p1b: Volcarona|spa|1
|-boost|p1b: Volcarona|spd|1
|-boost|p1b: Volcarona|spe|1
|move|p2a: Arcanine|Will-O-Wisp|p1a: Dragonite|[miss]
|-miss|p2a: Arcanine|p1a: Dragonite
|move|p1a: Dragonite|Scale Shot|p2a: Arcanine
|-damage|p2a: Arcanine|88/100
|-damage|p2a: Arcanine|75/100
|-damage|p2a: Arcanine|63/100
|-damage|p2a: Arcanine|51/100
|-hitcount|p2a: Arcanine|4
|-unboost|p1a: Dragonite|def|1
|-boost|p1a: Dragonite|spe|1
|move|p2b: Rillaboom|Knock Off|p1b: Volcarona
|-damage|p1b: Volcarona|62/100
|-enditem|p1b: Volcarona|Covert Cloak|[from] move: Knock Off|[of] p2b: Rillaboom
|
|-heal|p1b: Volcarona|68/100|[from] Grassy Terrain
|-heal|p2a: Arcanine|56/100|[from] Grassy Terrain
|upkeep
|turn|3
|
|t:|1757919029
|move|p1b: Volcarona|Protect|p1b: Volcarona
|-singleturn|p1b: Volcarona|Protect
|move|p1a: Dragonite|Scale Shot|p2b: Rillaboom
|-damage|p2b: Rillaboom|90/100
|-damage|p2b: Rillaboom|79/100
|-damage|p2b: Rillaboom|69/100
|-damage|p2b: Rillaboom|59/100
|-damage|p2b: Rillaboom|49/100
|-hitcount|p2b: Rillaboom|5
|-unboost|p1a: Dragonite|def|1
|-boost|p1a: Dragonite|spe|1
|move|p2a: Arcanine|Snarl|p1b: Volcarona|[spread] p1a
|-activate|p1b: Volcarona|move: Protect
|-damage|p1a: Dragonite|95/100
|-unboost|p1a: Dragonite|spa|1
|move|p2b: Rillaboom|Knock Off|p1a: Dragonite
|-damage|p1a: Dragonite|17/100
|-enditem|p1a: Dragonite|Loaded Dice|[from] move: Knock Off|[of] p2b: Rillaboom
|
|-heal|p1b: Volcarona|75/100|[from] Grassy Terrain
|-heal|p2a: Arcanine|62/100|[from] Grassy Terrain
|-heal|p2b: Rillaboom|55/100|[from] Grassy Terrain
|upkeep
|turn|4
|inactive|ushitsune has 30 seconds left.
|
|t:|1757919059
|move|p1b: Volcarona|Heat Wave|p2b: Rillaboom|[spread] p2a,p2b
|-resisted|p2a: Arcanine
|-resisted|p2b: Rillaboom
|-crit|p2b: Rillaboom
|-damage|p2a: Arcanine|21/100
|-damage|p2b: Rillaboom|7/100
|-enditem|p2a: Arcanine|Sitrus Berry|[eat]
|-heal|p2a: Arcanine|46/100|[from] item: Sitrus Berry
|move|p1a: Dragonite|Tailwind|p1a: Dragonite
|-sidestart|p1: nikolasnaiz|move: Tailwind
|move|p2a: Arcanine|Snarl|p1b: Volcarona|[spread] p1a,p1b
|-damage|p1a: Dragonite|6/100
|-damage|p1b: Volcarona|69/100
|-unboost|p1a: Dragonite|spa|1
|-unboost|p1b: Volcarona|spa|1
|move|p2b: Rillaboom|U-turn|p1b: Volcarona
|-resisted|p1b: Volcarona
|-damage|p1b: Volcarona|55/100
|
|t:|1757919074
|switch|p2b: Lanturn|Lanturn, L50, M, shiny|100/100|[from] U-turn
|
|-heal|p1b: Volcarona|61/100|[from] Grassy Terrain
|-heal|p2a: Arcanine|51/100|[from] Grassy Terrain
|upkeep
|turn|5
|
|t:|1757919086
|-terastallize|p1b: Volcarona|Fairy
|move|p1b: Volcarona|Tera Blast|p2b: Lanturn|[anim] Tera Blast Fairy
|-damage|p2b: Lanturn|66/100
|move|p1a: Dragonite|Scale Shot|p2a: Arcanine|[miss]
|-miss|p1a: Dragonite|p2a: Arcanine
|move|p2a: Arcanine|Snarl|p1a: Dragonite|[spread] p1a,p1b
|-resisted|p1b: Volcarona
|-damage|p1a: Dragonite|0 fnt
|-damage|p1b: Volcarona|58/100
|-unboost|p1b: Volcarona|spa|1
|faint|p1a: Dragonite
|move|p2b: Lanturn|Icy Wind|p1b: Volcarona
|-damage|p1b: Volcarona|53/100
|-unboost|p1b: Volcarona|spe|1
|
|-heal|p1b: Volcarona|59/100|[from] Grassy Terrain
|-heal|p2a: Arcanine|57/100|[from] Grassy Terrain
|-heal|p2b: Lanturn|72/100|[from] Grassy Terrain
|-fieldend|move: Grassy Terrain
|upkeep
|
|t:|1757919098
|switch|p1a: Rillaboom|Rillaboom, L50, M|100/100
|-fieldstart|move: Grassy Terrain|[from] ability: Grassy Surge|[of] p1a: Rillaboom
|turn|6
|
|t:|1757919113
|switch|p2b: Rillaboom|Rillaboom, L50, F, tera:Fire|7/100
|move|p1a: Rillaboom|Fake Out|p2a: Arcanine
|-damage|p2a: Arcanine|39/100
|move|p1b: Volcarona|Quiver Dance|p1b: Volcarona
|-boost|p1b: Volcarona|spa|1
|-boost|p1b: Volcarona|spd|1
|-boost|p1b: Volcarona|spe|1
|cant|p2a: Arcanine|flinch
|
|-heal|p1b: Volcarona|66/100|[from] Grassy Terrain
|-heal|p2a: Arcanine|45/100|[from] Grassy Terrain
|-heal|p2b: Rillaboom|13/100|[from] Grassy Terrain
|upkeep
|turn|7
|
|t:|1757919128
|move|p2b: Rillaboom|Fake Out|p1a: Rillaboom
|-damage|p1a: Rillaboom|86/100
|move|p1b: Volcarona|Heat Wave|p2b: Rillaboom|[spread] p2a,p2b
|-resisted|p2a: Arcanine
|-resisted|p2b: Rillaboom
|-damage|p2a: Arcanine|14/100
|-damage|p2b: Rillaboom|0 fnt
|faint|p2b: Rillaboom
|cant|p1a: Rillaboom|flinch
|move|p2a: Arcanine|Snarl|p1b: Volcarona|[spread] p1a,p1b
|-resisted|p1b: Volcarona
|-damage|p1a: Rillaboom|78/100
|-damage|p1b: Volcarona|64/100
|-unboost|p1a: Rillaboom|spa|1
|-unboost|p1b: Volcarona|spa|1
|
|-heal|p1b: Volcarona|70/100|[from] Grassy Terrain
|-heal|p1a: Rillaboom|84/100|[from] Grassy Terrain
|-heal|p2a: Arcanine|19/100|[from] Grassy Terrain
|-sideend|p1: nikolasnaiz|move: Tailwind
|upkeep
|
|t:|1757919147
|switch|p2b: Hydreigon|Hydreigon, L50, F|100/100
|turn|8
|
|t:|1757919157
|move|p2b: Hydreigon|Protect|p2b: Hydreigon
|-singleturn|p2b: Hydreigon|Protect
|move|p1b: Volcarona|Tera Blast|p2b: Hydreigon|[anim] Tera Blast Fairy
|-activate|p2b: Hydreigon|move: Protect
|move|p2a: Arcanine|Flamethrower|p1a: Rillaboom
|-supereffective|p1a: Rillaboom
|-damage|p1a: Rillaboom|38/100
|move|p1a: Rillaboom|High Horsepower|p2a: Arcanine
|-supereffective|p2a: Arcanine
|-damage|p2a: Arcanine|0 fnt
|faint|p2a: Arcanine
|
|-heal|p1b: Volcarona|76/100|[from] Grassy Terrain
|-heal|p1a: Rillaboom|44/100|[from] Grassy Terrain
|upkeep
|-message|ushitsune forfeited.
|
|win|nikolasnaiz
|l|☆ushitsune
|player|p2|
||nikolasnaiz is ready for game 2.
||ushitsune is ready for game 2.
|uhtml|next|Next: Game 2 of 3
|l|☆nikolasnaiz
|player|p1|
