|j|☆thewanderer55
|j|☆ThierryVGC
|html|thewanderer55ThierryVGC    
|uhtml|bestof|Game 2 of a best-of-3
|t:|1756225914
|gametype|doubles
|player|p1|thewanderer55|flannery|1105
|player|p2|ThierryVGC|266|1116
|gen|9
|tier|[Gen 9] VGC 2025 Reg H (Bo3)
|rated|
|rule|Species Clause: Limit one of each Pokémon
|rule|Item Clause: Limit 1 of each item
|clearpoke
|poke|p1|Typhlosion-Hisui, L50, F|
|poke|p1|Ursaluna, L50, F|
|poke|p1|Whimsicott, L50, F|
|poke|p1|Farigiraf, L50, F|
|poke|p1|Incineroar, L50, F|
|poke|p1|Torkoal, L50, F|
|poke|p2|Ursaluna, L50, M|
|poke|p2|Porygon2, L50|
|poke|p2|Incineroar, L50, F|
|poke|p2|Amoonguss, L50, F|
|poke|p2|Sinistcha-Masterpiece, L50|
|poke|p2|Mienshao, L50, F|
|teampreview|4
|showteam|p1|Typhlosion-Hisui||ChoiceScarf|Blaze|Eruption,HeatWave,ShadowBall,FocusBlast|||F|||50|,,,,,Fire]Ursaluna||FlameOrb|Guts|Facade,HeadlongRush,Earthquake,Protect|||F|||50|,,,,,Ghost]Whimsicott||FocusSash|Prankster|Moonblast,Tailwind,Taunt,SunnyDay|||F|||50|,,,,,Ghost]Farigiraf||ThroatSpray|ArmorTail|HyperVoice,Psychic,TrickRoom,Protect|||F|||50|,,,,,Fairy]Incineroar||FigyBerry|Intimidate|FakeOut,PartingShot,KnockOff,FlareBlitz|||F|||50|,,,,,Grass]Torkoal||RockyHelmet|Drought|HeatWave,Yawn,EarthPower,Protect|||F|||50|,,,,,Fire
|showteam|p2|Ursaluna||FlameOrb|Guts|Facade,Earthquake,HeadlongRush,Protect|||M|||50|,,,,,Ghost]Porygon2||Eviolite|Download|TrickRoom,Recover,ShadowBall,TeraBlast||||||50|,,,,,Electric]Incineroar||SafetyGoggles|Intimidate|KnockOff,FlareBlitz,PartingShot,FakeOut|||F|||50|,,,,,Ghost]Amoonguss||CovertCloak|Regenerator|Spore,RagePowder,ClearSmog,PollenPuff|||F|||50|,,,,,Water]Sinistcha-Masterpiece||SitrusBerry|Hospitality|MatchaGotcha,LifeDew,RagePowder,TrickRoom||||||50|,,,,,Water]Mienshao||FocusSash|InnerFocus|WideGuard,CloseCombat,IceSpinner,KnockOff|||F|||50|,,,,,Stellar
|inactive|Battle timer is ON: inactive players will automatically lose when time's up. (requested by ThierryVGC)
|
|t:|1756225942
|teamsize|p1|4
|teamsize|p2|4
|start
|switch|p1a: Farigiraf|Farigiraf, L50, F, shiny|100/100
|switch|p1b: Whimsicott|Whimsicott, L50, F, shiny|100/100
|switch|p2a: Mienshao|Mienshao, L50, F|100/100
|switch|p2b: Amoonguss|Amoonguss, L50, F|100/100
|turn|1
|inactive|thewanderer55 has 30 seconds left.
|inactive|ThierryVGC has 30 seconds left.
|inactive|thewanderer55 has 20 seconds left.
|
|t:|1756225980
|switch|p2b: Incineroar|Incineroar, L50, F|100/100
|-ability|p2b: Incineroar|Intimidate|boost
|-unboost|p1a: Farigiraf|atk|1
|-unboost|p1b: Whimsicott|atk|1
|move|p1b: Whimsicott|Taunt|p2b: Incineroar
|-hint|Since gen 7, Dark is immune to Prankster moves.
|-immune|p2b: Incineroar
|move|p2a: Mienshao|Knock Off|p1a: Farigiraf
|-supereffective|p1a: Farigiraf
|-damage|p1a: Farigiraf|34/100
|-enditem|p1a: Farigiraf|Throat Spray|[from] move: Knock Off|[of] p2a: Mienshao
|move|p1a: Farigiraf|Hyper Voice|p2b: Incineroar|[spread] p2a,p2b
|-damage|p2a: Mienshao|49/100
|-damage|p2b: Incineroar|78/100
|
|upkeep
|turn|2
|inactive|thewanderer55 has 30 seconds left.
|inactive|ThierryVGC has 30 seconds left.
|
|t:|1756226011
|move|p1a: Farigiraf|Protect|p1a: Farigiraf
|-singleturn|p1a: Farigiraf|Protect
|move|p1b: Whimsicott|Moonblast|p2a: Mienshao
|-supereffective|p2a: Mienshao
|-damage|p2a: Mienshao|0 fnt
|faint|p2a: Mienshao
|move|p2b: Incineroar|Flare Blitz|p1a: Farigiraf
|-activate|p1a: Farigiraf|move: Protect
|
|upkeep
|
|t:|1756226018
|switch|p2a: Porygon2|Porygon2, L50|100/100
|-ability|p2a: Porygon2|Download|boost
|-boost|p2a: Porygon2|spa|1
|turn|3
|inactive|thewanderer55 has 30 seconds left.
|inactive|ThierryVGC has 30 seconds left.
|
|t:|1756226048
|switch|p2a: Amoonguss|Amoonguss, L50, F|100/100
|move|p1b: Whimsicott|Taunt|p2a: Amoonguss
|-start|p2a: Amoonguss|move: Taunt
|move|p2b: Incineroar|Flare Blitz|p1a: Farigiraf
|-damage|p1a: Farigiraf|0 fnt
|faint|p1a: Farigiraf
|-damage|p2b: Incineroar|66/100|[from] Recoil
|
|upkeep
|
|t:|1756226058
|switch|p1a: Typhlosion|Typhlosion-Hisui, L50, F, shiny|100/100
|turn|4
|inactive|ThierryVGC has 30 seconds left.
|
|t:|1756226084
|-terastallize|p2a: Amoonguss|Water
|move|p1a: Typhlosion|Focus Blast|p2b: Incineroar|[miss]
|-miss|p1a: Typhlosion|p2b: Incineroar
|move|p1b: Whimsicott|Moonblast|p2b: Incineroar
|-damage|p2b: Incineroar|41/100
|-unboost|p2b: Incineroar|spa|1
|move|p2b: Incineroar|Knock Off|p1a: Typhlosion
|-supereffective|p1a: Typhlosion
|-damage|p1a: Typhlosion|0 fnt
|-enditem|p1a: Typhlosion|Choice Scarf|[from] move: Knock Off|[of] p2b: Incineroar
|faint|p1a: Typhlosion
|move|p2a: Amoonguss|Clear Smog|p1b: Whimsicott
|-supereffective|p1b: Whimsicott
|-enditem|p1b: Whimsicott|Focus Sash
|-damage|p1b: Whimsicott|1/100
|-clearboost|p1b: Whimsicott
|
|upkeep
|
|t:|1756226101
|switch|p1a: Incineroar|Incineroar, L50, F|100/100
|-ability|p1a: Incineroar|Intimidate|boost
|-unboost|p2a: Amoonguss|atk|1
|-unboost|p2b: Incineroar|atk|1
|turn|5
|
|t:|1756226125
|switch|p2b: Porygon2|Porygon2, L50|100/100
|-ability|p2b: Porygon2|Download|boost
|-boost|p2b: Porygon2|spa|1
|move|p1a: Incineroar|Fake Out|p2a: Amoonguss
|-damage|p2a: Amoonguss|91/100
|move|p1b: Whimsicott|Tailwind|p1b: Whimsicott
|-sidestart|p1: thewanderer55|move: Tailwind
|move|p2a: Amoonguss|Clear Smog|p1b: Whimsicott
|-supereffective|p1b: Whimsicott
|-damage|p1b: Whimsicott|0 fnt
|-clearboost|p1b: Whimsicott
|faint|p1b: Whimsicott
|
|-end|p2a: Amoonguss|move: Taunt
|upkeep
|turn|6
|-message|thewanderer55 forfeited.
|
|win|ThierryVGC
||thewanderer55 is ready for game 3.
|inactive|ThierryVGC has 30 seconds to confirm battle start!
||ThierryVGC is ready for game 3.
|uhtml|next|Next: Game 3 of 3
