|j|☆awelaaa
|j|☆MarillRag1
|html|awelaaaMarillRag1    
|uhtml|bestof|Game 1 of a best-of-3
|t:|1786175185
|gametype|doubles
|player|p1|awelaaa|rancher|1171
|player|p2|MarillRag1|170|1387
|gen|9
|tier|[Gen 9 Champions] VGC 2026 Reg M-B (Bo3)
|rated|
|rule|Species Clause: Limit one of each Pokémon
|rule|Item Clause: Limit 1 of each item
|clearpoke
|poke|p1|Swampert, L50, F|
|poke|p1|Pelipper, L50, F, shiny|
|poke|p1|Raichu, L50, F|
|poke|p1|Archaludon, L50, M|
|poke|p1|Sableye, L50, F|
|poke|p1|Sinistcha, L50|
|poke|p2|Gengar, L50, M|
|poke|p2|Archaludon, L50, M|
|poke|p2|Politoed, L50, F|
|poke|p2|Swampert, L50, M|
|poke|p2|Vivillon-Fancy, L50, M|
|poke|p2|Incineroar, L50, F|
|teampreview|4
|showteam|p1|Swampert||Swampertite|Torrent|WaveCrash,HighHorsepower,IcePunch,Protect|Adamant||F|||50|]Pelipper||SitrusBerry|Drizzle|Tailwind,WeatherBall,Hurricane,WideGuard|Modest||F|||50|]Raichu||RaichuniteX|LightningRod|FakeOut,VoltTackle,Encore,VoltSwitch|Jolly||F|||50|]Archaludon||Leftovers|Stamina|DragonPulse,Protect,FlashCannon,ElectroShot|Bold||M|||50|]Sableye||LightClay|Prankster|LightScreen,Reflect,WillOWisp,RainDance|Calm||F|||50|]Sinistcha||KasibBerry|Hospitality|MatchaGotcha,StrengthSap,TrickRoom,RagePowder|Relaxed|||||50|
|showteam|p2|Gengar||Gengarite|CursedBody|ShadowBall,SludgeBomb,PerishSong,Protect|Modest||M|||50|]Archaludon||Leftovers|Stamina|ElectroShot,DragonPulse,FlashCannon,Protect|Bold||M|||50|]Politoed||SitrusBerry|Drizzle|WeatherBall,Hypnosis,PerishSong,Protect|Calm||F|||50|]Swampert||Swampertite|Torrent|WaveCrash,Earthquake,IcePunch,Protect|Adamant||M|||50|]Vivillon-Fancy||FocusSash|CompoundEyes|Hurricane,SleepPowder,RagePowder,Protect|Timid||M|||50|]Incineroar||ShucaBerry|Intimidate|ThroatChop,FakeOut,PartingShot,Protect|Impish||F|||50|
|inactive|Battle timer is ON: inactive players will automatically lose when time's up. (requested by awelaaa)
|inactive|MarillRag1 has 60 seconds left.
|
|t:|1786175247
|teamsize|p1|4
|teamsize|p2|4
|start
|switch|p1a: Raichu|Raichu, L50, F|100/100
|switch|p1b: Sableye|Sableye, L50, F|100/100
|switch|p2a: Incineroar|Incineroar, L50, F|100/100
|switch|p2b: Gengar|Gengar, L50, M|100/100
|-ability|p2a: Incineroar|Intimidate|boost
|-unboost|p1a: Raichu|atk|1
|-unboost|p1b: Sableye|atk|1
|turn|1
|
|t:|1786175268
|detailschange|p2b: Gengar|Gengar-Mega, L50, M
|-mega|p2b: Gengar|Gengar|Gengarite
|move|p1a: Raichu|Fake Out|p2a: Incineroar
|-damage|p2a: Incineroar|94/100
|cant|p2a: Incineroar|flinch
|move|p1b: Sableye|Light Screen|p1b: Sableye
|-sidestart|p1: awelaaa|move: Light Screen
|move|p2b: Gengar|Sludge Bomb|p1a: Raichu
|-damage|p1a: Raichu|46/100
|
|upkeep
|turn|2
|inactive|awelaaa has 30 seconds left.
|inactive|MarillRag1 has 30 seconds left.
|
|t:|1786175295
|detailschange|p1a: Raichu|Raichu-Mega-X, L50, F
|-mega|p1a: Raichu|Raichu|Raichunite X
|-fieldstart|move: Electric Terrain|[from] ability: Electric Surge|[of] p1a: Raichu
|move|p2b: Gengar|Protect|p2b: Gengar
|-singleturn|p2b: Gengar|Protect
|move|p1b: Sableye|Reflect|p1b: Sableye
|-sidestart|p1: awelaaa|Reflect
|move|p1a: Raichu|Volt Switch|p2b: Gengar
|-activate|p2b: Gengar|move: Protect
|move|p2a: Incineroar|Throat Chop|p1a: Raichu
|-damage|p1a: Raichu|18/100
|-start|p1a: Raichu|Throat Chop|[silent]
|
|upkeep
|turn|3
|
|t:|1786175315
|switch|p2b: Archaludon|Archaludon, L50, M|100/100
|move|p1b: Sableye|Will-O-Wisp|p2b: Archaludon
|-status|p2b: Archaludon|brn
|move|p1a: Raichu|Encore||[still]
|-fail|p1a: Raichu
|move|p2a: Incineroar|Parting Shot|p1a: Raichu
|-unboost|p1a: Raichu|atk|1
|-unboost|p1a: Raichu|spa|1
|
|t:|1786175331
|switch|p2a: Gengar|Gengar-Mega, L50, M|100/100|[from] Parting Shot
|
|-damage|p2b: Archaludon|93/100 brn|[from] brn
|-end|p1a: Raichu|Throat Chop|[silent]
|upkeep
|turn|4
|
|t:|1786175355
|move|p1b: Sableye|Will-O-Wisp|p2a: Gengar|[miss]
|-miss|p1b: Sableye|p2a: Gengar
|move|p1a: Raichu|Volt Tackle|p2b: Archaludon
|-resisted|p2b: Archaludon|1
|-damage|p2b: Archaludon|79/100 brn
|-ability|p2b: Archaludon|Stamina|boost
|-boost|p2b: Archaludon|def|1
|-damage|p1a: Raichu|11/100|[from] Recoil
|move|p2a: Gengar|Shadow Ball|p1b: Sableye
|-damage|p1b: Sableye|65/100
|move|p2b: Archaludon|Dragon Pulse|p1b: Sableye
|-damage|p1b: Sableye|38/100
|
|-heal|p2b: Archaludon|85/100 brn|[from] item: Leftovers
|-damage|p2b: Archaludon|79/100 brn|[from] brn
|upkeep
|turn|5
|inactive|MarillRag1 has 30 seconds left.
|
|t:|1786175389
|move|p1b: Sableye|Will-O-Wisp|p2a: Gengar
|-status|p2a: Gengar|brn
|move|p1a: Raichu|Volt Switch|p2a: Gengar
|-damage|p2a: Gengar|84/100 brn
|
|t:|1786175395
|switch|p1a: Archaludon|Archaludon, L50, M|100/100|[from] Volt Switch
|move|p2a: Gengar|Shadow Ball|p1b: Sableye
|-damage|p1b: Sableye|3/100
|move|p2b: Archaludon|Dragon Pulse|p1a: Archaludon
|-damage|p1a: Archaludon|77/100
|-ability|p1a: Archaludon|Stamina|boost
|-boost|p1a: Archaludon|def|1
|
|-heal|p2b: Archaludon|85/100 brn|[from] item: Leftovers
|-heal|p1a: Archaludon|83/100|[from] item: Leftovers
|-damage|p2a: Gengar|78/100 brn|[from] brn
|-damage|p2b: Archaludon|79/100 brn|[from] brn
|upkeep
|turn|6
|inactive|awelaaa has 30 seconds left.
|inactive|MarillRag1 has 30 seconds left.
|
|t:|1786175430
|switch|p2a: Incineroar|Incineroar, L50, F|94/100
|-ability|p2a: Incineroar|Intimidate|boost
|-unboost|p1a: Archaludon|atk|1
|-unboost|p1b: Sableye|atk|1
|move|p1b: Sableye|Rain Dance|p1b: Sableye
|-weather|RainDance
|move|p2b: Archaludon|Dragon Pulse|p1b: Sableye
|-damage|p1b: Sableye|0 fnt
|faint|p1b: Sableye
|move|p1a: Archaludon|Electro Shot||[still]
|-prepare|p1a: Archaludon|Electro Shot
|-boost|p1a: Archaludon|spa|1
|-anim|p1a: Archaludon|Electro Shot|p2a: Incineroar
|-damage|p2a: Incineroar|34/100
|
|-weather|RainDance|[upkeep]
|-heal|p2b: Archaludon|85/100 brn|[from] item: Leftovers
|-heal|p1a: Archaludon|89/100|[from] item: Leftovers
|-damage|p2b: Archaludon|79/100 brn|[from] brn
|-fieldend|move: Electric Terrain
|upkeep
|
|t:|1786175448
|switch|p1b: Sinistcha|Sinistcha, L50|100/100
|-heal|p1a: Archaludon|100/100|[from] ability: Hospitality|[of] p1b: Sinistcha
|turn|7
|
|t:|1786175468
|move|p1b: Sinistcha|Rage Powder|p1b: Sinistcha
|-singleturn|p1b: Sinistcha|move: Rage Powder
|move|p2b: Archaludon|Electro Shot||[still]
|-prepare|p2b: Archaludon|Electro Shot
|-boost|p2b: Archaludon|spa|1
|-anim|p2b: Archaludon|Electro Shot|p1b: Sinistcha
|-resisted|p1b: Sinistcha|1
|-damage|p1b: Sinistcha|82/100
|move|p1a: Archaludon|Dragon Pulse|p2b: Archaludon
|-damage|p2b: Archaludon|30/100 brn
|-ability|p2b: Archaludon|Stamina|boost
|-boost|p2b: Archaludon|def|1
|move|p2a: Incineroar|Parting Shot|p1b: Sinistcha
|-unboost|p1b: Sinistcha|atk|1
|-unboost|p1b: Sinistcha|spa|1
|
|t:|1786175493
|switch|p2a: Vivillon|Vivillon-Fancy, L50, M|100/100|[from] Parting Shot
|
|-weather|RainDance|[upkeep]
|-heal|p2b: Archaludon|36/100 brn|[from] item: Leftovers
|-damage|p2b: Archaludon|30/100 brn|[from] brn
|upkeep
|turn|8
|
|t:|1786175505
|switch|p1b: Raichu|Raichu-Mega-X, L50, F|11/100
|-fieldstart|move: Electric Terrain|[from] ability: Electric Surge|[of] p1b: Raichu
|move|p2a: Vivillon|Hurricane|p1b: Raichu
|-resisted|p1b: Raichu|1
|-damage|p1b: Raichu|0 fnt
|faint|p1b: Raichu
|move|p1a: Archaludon|Dragon Pulse|p2b: Archaludon
|-damage|p2b: Archaludon|0 fnt
|faint|p2b: Archaludon
|
|-weather|RainDance|[upkeep]
|-sideend|p1: awelaaa|move: Light Screen
|upkeep
|
|t:|1786175516
|switch|p1b: Sinistcha|Sinistcha, L50|82/100
|switch|p2b: Gengar|Gengar-Mega, L50, M|78/100 brn
|turn|9
|
|t:|1786175529
|move|p2a: Vivillon|Rage Powder|p2a: Vivillon
|-singleturn|p2a: Vivillon|move: Rage Powder
|move|p2b: Gengar|Perish Song|p2b: Gengar
|-start|p1a: Archaludon|perish3|[silent]
|-start|p1b: Sinistcha|perish3|[silent]
|-start|p2a: Vivillon|perish3|[silent]
|-start|p2b: Gengar|perish3|[silent]
|-fieldactivate|move: Perish Song
|move|p1a: Archaludon|Electro Shot||[still]
|-prepare|p1a: Archaludon|Electro Shot
|-boost|p1a: Archaludon|spa|1
|-anim|p1a: Archaludon|Electro Shot|p2a: Vivillon
|-supereffective|p2a: Vivillon|1
|-enditem|p2a: Vivillon|Focus Sash
|-damage|p2a: Vivillon|1/100
|move|p1b: Sinistcha|Trick Room|p1b: Sinistcha
|-fieldstart|move: Trick Room|[of] p1b: Sinistcha
|
|-weather|RainDance|[upkeep]
|-damage|p2b: Gengar|72/100 brn|[from] brn
|-start|p1b: Sinistcha|perish3
|-start|p1a: Archaludon|perish3
|-start|p2a: Vivillon|perish3
|-start|p2b: Gengar|perish3
|-sideend|p1: awelaaa|Reflect
|upkeep
|turn|10
|
|t:|1786175552
|move|p2a: Vivillon|Protect|p2a: Vivillon
|-singleturn|p2a: Vivillon|Protect
|move|p2b: Gengar|Protect|p2b: Gengar
|-singleturn|p2b: Gengar|Protect
|move|p1b: Sinistcha|Matcha Gotcha|p2b: Gengar|[spread] 
|-activate|p2a: Vivillon|move: Protect
|-activate|p2b: Gengar|move: Protect
|move|p1a: Archaludon|Dragon Pulse|p2b: Gengar
|-activate|p2b: Gengar|move: Protect
|
|-weather|none
|-damage|p2b: Gengar|66/100 brn|[from] brn
|-start|p1b: Sinistcha|perish2
|-start|p1a: Archaludon|perish2
|-start|p2a: Vivillon|perish2
|-start|p2b: Gengar|perish2
|upkeep
|turn|11
|
|t:|1786175571
|switch|p2b: Incineroar|Incineroar, L50, F|34/100
|-ability|p2b: Incineroar|Intimidate|boost
|-unboost|p1a: Archaludon|atk|1
|-unboost|p1b: Sinistcha|atk|1
|move|p2a: Vivillon|Protect|p2a: Vivillon
|-singleturn|p2a: Vivillon|Protect
|move|p1b: Sinistcha|Matcha Gotcha|p2b: Incineroar|[spread] p2b
|-activate|p2a: Vivillon|move: Protect
|-resisted|p2b: Incineroar|1
|-damage|p2b: Incineroar|25/100
|-heal|p1b: Sinistcha|87/100|[from] drain|[of] p2b: Incineroar
|move|p1a: Archaludon|Dragon Pulse|p2b: Incineroar
|-damage|p2b: Incineroar|0 fnt
|faint|p2b: Incineroar
|
|-start|p1b: Sinistcha|perish1
|-start|p1a: Archaludon|perish1
|-start|p2a: Vivillon|perish1
|upkeep
|
|t:|1786175573
|switch|p2b: Gengar|Gengar-Mega, L50, M|66/100 brn
|turn|12
|
|t:|1786175592
|move|p2a: Vivillon|Protect||[still]
|-fail|p2a: Vivillon
|move|p2b: Gengar|Protect|p2b: Gengar
|-singleturn|p2b: Gengar|Protect
|move|p1b: Sinistcha|Matcha Gotcha|p2a: Vivillon|[spread] p2a
|-activate|p2b: Gengar|move: Protect
|-resisted|p2a: Vivillon|2
|-damage|p2a: Vivillon|0 fnt
|-heal|p1b: Sinistcha|88/100|[from] drain|[of] p2a: Vivillon
|faint|p2a: Vivillon
|move|p1a: Archaludon|Dragon Pulse|p2b: Gengar
|-activate|p2b: Gengar|move: Protect
|
|-damage|p2b: Gengar|60/100 brn|[from] brn
|-start|p1b: Sinistcha|perish0
|-start|p1a: Archaludon|perish0
|faint|p1b: Sinistcha
|faint|p1a: Archaludon
|
|win|MarillRag1
||MarillRag1 is ready for game 2.
||awelaaa is ready for game 2.
|uhtml|next|Next: Game 2 of 3
