|j|☆Setaton
|j|☆drgnsalt
|html|Setatondrgnsalt    
|uhtml|bestof|Game 2 of a best-of-3
|t:|1757006761
|gametype|doubles
|player|p1|Setaton|volkner|1000
|player|p2|drgnsalt|265|1000
|gen|9
|tier|[Gen 9] VGC 2025 Reg H (Bo3)
|rated|
|rule|Species Clause: Limit one of each Pokémon
|rule|Item Clause: Limit 1 of each item
|clearpoke
|poke|p1|Sneasler, L50, F|
|poke|p1|Rillaboom, L50, F|
|poke|p1|Electabuzz, L50, F|
|poke|p1|Dragonite, L50, M|
|poke|p1|Volcarona, L50, F|
|poke|p1|Kingambit, L50, F|
|poke|p2|Torkoal, L50, F|
|poke|p2|Lilligant-Hisui, L50, F|
|poke|p2|Whimsicott, L50, M|
|poke|p2|Charizard, L50, M|
|poke|p2|Conkeldurr, L50, M|
|poke|p2|Arcanine-Hisui, L50, F|
|teampreview|4
|showteam|p1|Sneasler||FocusSash|PoisonTouch|CloseCombat,DireClaw,Coaching,FakeOut|||F|||50|,,,,,Ghost]Rillaboom||AssaultVest|GrassySurge|WoodHammer,GrassyGlide,HighHorsepower,FakeOut|||F|||50|,,,,,Fire]Electabuzz||Eviolite|VitalSpirit|Electroweb,Taunt,Protect,FollowMe|||F|||50|,,,,,Fairy]Dragonite||LoadedDice|Multiscale|ScaleShot,ExtremeSpeed,Haze,Tailwind|||M|||50|,,,,,Fairy]Volcarona||Leftovers|FlameBody|HeatWave,TeraBlast,QuiverDance,Protect|||F|||50|,,,,,Fairy]Kingambit||BlackGlasses|Defiant|KowtowCleave,SuckerPunch,SwordsDance,Protect|||F|||50|,,,,,Dark
|showteam|p2|Torkoal||ChoiceSpecs|Drought|Eruption,Yawn,EarthPower,Overheat|||F|||50|,,,,,Fire]Lilligant-Hisui||FocusSash|Chlorophyll|AfterYou,SleepPowder,CloseCombat,PetalBlizzard|||F|||50|,,,,,Fire]Whimsicott||CovertCloak|Prankster|Tailwind,Taunt,Encore,Moonblast|||M|||50|,,,,,Grass]Charizard||LifeOrb|SolarPower|HeatWave,Protect,SolarBeam,ScorchingSands|||M|||50|,,,,,Ground]Conkeldurr||AssaultVest|IronFist|HammerArm,KnockOff,FirePunch,Protect|||M|||50|,,,,,Fighting]Arcanine-Hisui||ChoiceBand|Intimidate|CloseCombat,RockSlide,FlareBlitz,RagingFury|||F|||50|,,,,,Fighting
|
|t:|1757006800
|teamsize|p1|4
|teamsize|p2|4
|start
|switch|p1a: Rillaboom|Rillaboom, L50, F|100/100
|switch|p1b: Sneasler|Sneasler, L50, F|100/100
|switch|p2a: Torkoal|Torkoal, L50, F|100/100
|switch|p2b: Lilligant|Lilligant-Hisui, L50, F, shiny|100/100
|-fieldstart|move: Grassy Terrain|[from] ability: Grassy Surge|[of] p1a: Rillaboom
|-weather|SunnyDay|[from] ability: Drought|[of] p2a: Torkoal
|turn|1
|inactive|Battle timer is ON: inactive players will automatically lose when time's up. (requested by Setaton)
|
|t:|1757006846
|move|p1b: Sneasler|Fake Out|p2a: Torkoal
|-damage|p2a: Torkoal|90/100
|move|p2b: Lilligant|Sleep Powder|p1b: Sneasler
|-status|p1b: Sneasler|slp|[from] move: Sleep Powder
|move|p1a: Rillaboom|High Horsepower|p2a: Torkoal
|-supereffective|p2a: Torkoal
|-damage|p2a: Torkoal|37/100
|cant|p2a: Torkoal|flinch
|
|-weather|SunnyDay|[upkeep]
|-heal|p2a: Torkoal|43/100|[from] Grassy Terrain
|upkeep
|turn|2
|
|t:|1757006867
|-terastallize|p1a: Rillaboom|Fire
|move|p2b: Lilligant|After You|p2a: Torkoal
|-activate|p2a: Torkoal|move: After You
|move|p2a: Torkoal|Eruption|p1b: Sneasler|[spread] p1a,p1b
|-resisted|p1a: Rillaboom
|-crit|p1a: Rillaboom
|-damage|p1a: Rillaboom|76/100
|-damage|p1b: Sneasler|38/100 slp
|cant|p1b: Sneasler|slp
|move|p1a: Rillaboom|High Horsepower|p2a: Torkoal
|-supereffective|p2a: Torkoal
|-damage|p2a: Torkoal|0 fnt
|faint|p2a: Torkoal
|
|-weather|SunnyDay|[upkeep]
|-heal|p1b: Sneasler|44/100 slp|[from] Grassy Terrain
|-heal|p1a: Rillaboom|82/100|[from] Grassy Terrain
|upkeep
|
|t:|1757006877
|switch|p2a: Charizard|Charizard, L50, M|100/100
|turn|3
|inactive|Setaton has 30 seconds left.
|
|t:|1757006905
|switch|p1a: Dragonite|Dragonite, L50, M|100/100
|move|p2b: Lilligant|Close Combat|p1a: Dragonite
|-resisted|p1a: Dragonite
|-damage|p1a: Dragonite|86/100
|-unboost|p2b: Lilligant|def|1
|-unboost|p2b: Lilligant|spd|1
|cant|p1b: Sneasler|slp
|move|p2a: Charizard|Heat Wave|p1a: Dragonite|[spread] p1a,p1b
|-resisted|p1a: Dragonite
|-damage|p1a: Dragonite|36/100
|-damage|p1b: Sneasler|0 fnt
|faint|p1b: Sneasler
|-damage|p2a: Charizard|91/100|[from] item: Life Orb
|
|-weather|SunnyDay|[upkeep]
|-damage|p2a: Charizard|78/100|[from] ability: Solar Power|[of] p2a: Charizard
|upkeep
|
|t:|1757006921
|switch|p1b: Rillaboom|Rillaboom, L50, F, tera:Fire|82/100
|turn|4
|inactive|Setaton has 30 seconds left.
|
|t:|1757006950
|switch|p2b: Conkeldurr|Conkeldurr, L50, M|100/100
|move|p2a: Charizard|Protect|p2a: Charizard
|-singleturn|p2a: Charizard|Protect
|move|p1a: Dragonite|Scale Shot|p2a: Charizard
|-activate|p2a: Charizard|move: Protect
|move|p1b: Rillaboom|Wood Hammer|p2a: Charizard
|-activate|p2a: Charizard|move: Protect
|
|-weather|SunnyDay|[upkeep]
|-damage|p2a: Charizard|66/100|[from] ability: Solar Power|[of] p2a: Charizard
|-heal|p1b: Rillaboom|88/100|[from] Grassy Terrain
|upkeep
|turn|5
|inactive|Setaton has 30 seconds left.
|inactive|drgnsalt has 30 seconds left.
|inactive|Setaton has 20 seconds left.
|inactive|Setaton has 15 seconds left.
|inactive|Setaton has 10 seconds left.
|inactive|Setaton has 5 seconds left.
|
|t:|1757007000
|move|p1a: Dragonite|Extreme Speed|p2a: Charizard
|-damage|p2a: Charizard|24/100
|move|p2a: Charizard|Heat Wave|p1a: Dragonite|[spread] p1a,p1b
|-resisted|p1a: Dragonite
|-resisted|p1b: Rillaboom
|-damage|p1a: Dragonite|0 fnt
|-damage|p1b: Rillaboom|53/100
|faint|p1a: Dragonite
|-damage|p2a: Charizard|14/100|[from] item: Life Orb
|move|p1b: Rillaboom|Wood Hammer|p2a: Charizard
|-resisted|p2a: Charizard
|-damage|p2a: Charizard|0 fnt
|faint|p2a: Charizard
|-damage|p1b: Rillaboom|49/100|[from] Recoil
|move|p2b: Conkeldurr|Hammer Arm|p1b: Rillaboom
|-damage|p1b: Rillaboom|0 fnt
|-unboost|p2b: Conkeldurr|spe|1
|faint|p1b: Rillaboom
|
|-weather|none
|-fieldend|move: Grassy Terrain
|upkeep
|
|t:|1757007020
|switch|p2a: Lilligant|Lilligant-Hisui, L50, F, shiny|100/100
|switch|p1a: Volcarona|Volcarona, L50, F|100/100
|turn|6
|
|t:|1757007034
|-terastallize|p2a: Lilligant|Fire
|move|p2a: Lilligant|After You|p2b: Conkeldurr
|-activate|p2b: Conkeldurr|move: After You
|move|p2b: Conkeldurr|Fire Punch|p1a: Volcarona
|-damage|p1a: Volcarona|62/100
|move|p1a: Volcarona|Heat Wave|p2b: Conkeldurr|[spread] p2a,p2b
|-resisted|p2a: Lilligant
|-damage|p2a: Lilligant|74/100
|-damage|p2b: Conkeldurr|72/100
|
|-heal|p1a: Volcarona|68/100|[from] item: Leftovers
|upkeep
|turn|7
|
|t:|1757007053
|move|p2a: Lilligant|After You|p2b: Conkeldurr
|-activate|p2b: Conkeldurr|move: After You
|move|p2b: Conkeldurr|Fire Punch|p1a: Volcarona
|-damage|p1a: Volcarona|26/100
|-status|p2b: Conkeldurr|brn|[from] ability: Flame Body|[of] p1a: Volcarona
|move|p1a: Volcarona|Heat Wave|p2a: Lilligant|[spread] p2b
|-miss|p1a: Volcarona|p2a: Lilligant
|-damage|p2b: Conkeldurr|45/100 brn
|
|-heal|p1a: Volcarona|32/100|[from] item: Leftovers
|-damage|p2b: Conkeldurr|39/100 brn|[from] brn
|upkeep
|turn|8
|
|t:|1757007068
|move|p1a: Volcarona|Protect|p1a: Volcarona
|-singleturn|p1a: Volcarona|Protect
|move|p2a: Lilligant|Close Combat|p1a: Volcarona
|-activate|p1a: Volcarona|move: Protect
|move|p2b: Conkeldurr|Knock Off|p1a: Volcarona
|-activate|p1a: Volcarona|move: Protect
|
|-heal|p1a: Volcarona|38/100|[from] item: Leftovers
|-damage|p2b: Conkeldurr|33/100 brn|[from] brn
|upkeep
|turn|9
|
|t:|1757007080
|move|p2a: Lilligant|After You|p2b: Conkeldurr
|-activate|p2b: Conkeldurr|move: After You
|move|p2b: Conkeldurr|Knock Off|p1a: Volcarona
|-damage|p1a: Volcarona|15/100
|-enditem|p1a: Volcarona|Leftovers|[from] move: Knock Off|[of] p2b: Conkeldurr
|move|p1a: Volcarona|Heat Wave|p2b: Conkeldurr|[spread] p2a,p2b
|-resisted|p2a: Lilligant
|-damage|p2a: Lilligant|47/100
|-damage|p2b: Conkeldurr|6/100 brn
|
|-damage|p2b: Conkeldurr|0 fnt|[from] brn
|faint|p2b: Conkeldurr
|upkeep
|turn|10
|
|t:|1757007096
|move|p1a: Volcarona|Protect|p1a: Volcarona
|-singleturn|p1a: Volcarona|Protect
|move|p2a: Lilligant|Close Combat|p1a: Volcarona
|-activate|p1a: Volcarona|move: Protect
|
|upkeep
|turn|11
|
|t:|1757007102
|move|p2a: Lilligant|Close Combat|p1a: Volcarona
|-resisted|p1a: Volcarona
|-crit|p1a: Volcarona
|-damage|p1a: Volcarona|0 fnt
|-unboost|p2a: Lilligant|def|1
|-unboost|p2a: Lilligant|spd|1
|faint|p1a: Volcarona
|
|win|drgnsalt
|raw|Setaton's rating: 1000 → 1000(+0 for losing)
|raw|drgnsalt's rating: 1000 → 1040(+40 for winning)
