|j|☆kris7443
|j|☆5GiftedCanariSubs
|html|kris74435GiftedCanariSubs    
|uhtml|bestof|Game 2 of a best-of-3
|t:|1784281135
|gametype|doubles
|player|p1|kris7443|teamrocket|1000
|player|p2|5GiftedCanariSubs|canari|1074
|gen|9
|tier|[Gen 9 Champions] VGC 2026 Reg M-B (Bo3)
|rated|
|rule|Species Clause: Limit one of each Pokémon
|rule|Item Clause: Limit 1 of each item
|clearpoke
|poke|p1|Sinistcha, L50|
|poke|p1|Whimsicott, L50, M|
|poke|p1|Raichu, L50, M|
|poke|p1|Gholdengo, L50|
|poke|p1|Eelektross, L50, M|
|poke|p1|Garchomp, L50, M|
|poke|p2|Tyranitar, L50, M|
|poke|p2|Staraptor, L50, F|
|poke|p2|Excadrill, L50, M|
|poke|p2|Milotic, L50, F|
|poke|p2|Sinistcha, L50|
|poke|p2|Gholdengo, L50|
|teampreview|4
|showteam|p1|Sinistcha||SitrusBerry|Hospitality|Imprison,TrickRoom,RagePowder,MatchaGotcha|Modest|||||50|]Whimsicott||FocusSash|Prankster|Encore,Tailwind,EnergyBall,Moonblast|Timid||M|||50|]Raichu||RaichuniteY|LightningRod|Protect,FocusBlast,VoltSwitch,ZapCannon|Timid||M|||50|]Gholdengo||ChoiceScarf|GoodasGold|MakeItRain,PowerGem,ShadowBall,FlashCannon|Timid|||||50|]Eelektross||Eelektrossite|Levitate|Discharge,Thunderbolt,DragonPulse,Flamethrower|Modest||M|||50|]Garchomp||LifeOrb|RoughSkin|Protect,Earthquake,DragonClaw,StompingTantrum|Jolly||M|||50|
|showteam|p2|Tyranitar||Tyranitarite|SandStream|RockSlide,KnockOff,HighHorsepower,Protect|Jolly||M|||50|]Staraptor||Staraptite|Intimidate|BraveBird,CloseCombat,Tailwind,Protect|Jolly||F|||50|]Excadrill||FocusSash|SandRush|RockSlide,HighHorsepower,IronHead,Protect|Jolly||M|||50|]Milotic||SitrusBerry|Competitive|Scald,IcyWind,Haze,Protect|Calm||F|||50|]Sinistcha||KasibBerry|Hospitality|MatchaGotcha,RagePowder,ShadowBall,Protect|Bold|||||50|]Gholdengo||LifeOrb|GoodasGold|MakeItRain,ShadowBall,NastyPlot,Protect|Modest|||||50|
|inactive|Battle timer is ON: inactive players will automatically lose when time's up. (requested by 5GiftedCanariSubs)
|inactive|kris7443 has 60 seconds left.
|
|t:|1784281279
|teamsize|p1|4
|teamsize|p2|4
|start
|switch|p1a: diva|Eelektross, L50, M|100/100
|switch|p1b: GOAT|Garchomp, L50, M|100/100
|switch|p2a: Excadrill|Excadrill, L50, M|100/100
|switch|p2b: Staraptor|Staraptor, L50, F|100/100
|-ability|p2b: Staraptor|Intimidate|boost
|-unboost|p1a: diva|atk|1
|-unboost|p1b: GOAT|atk|1
|turn|1
|inactive|kris7443 has 30 seconds left.
|inactive|5GiftedCanariSubs has 30 seconds left.
|
|t:|1784281310
|switch|p2a: Sinistcha|Sinistcha, L50|100/100
|detailschange|p1a: diva|Eelektross-Mega, L50, M
|-mega|p1a: diva|Eelektross|Eelektrossite
|move|p2b: Staraptor|Protect|p2b: Staraptor
|-singleturn|p2b: Staraptor|Protect
|move|p1b: GOAT|Dragon Claw|p2b: Staraptor
|-activate|p2b: Staraptor|move: Protect
|move|p1a: diva|Flamethrower|p2a: Sinistcha
|-supereffective|p2a: Sinistcha|1
|-damage|p2a: Sinistcha|44/100
|
|upkeep
|turn|2
|inactive|kris7443 has 30 seconds left.
|
|t:|1784281341
|switch|p1b: windy innit|Whimsicott, L50, M|100/100
|detailschange|p2b: Staraptor|Staraptor-Mega, L50, F
|-mega|p2b: Staraptor|Staraptor|Staraptite
|move|p2a: Sinistcha|Rage Powder|p2a: Sinistcha
|-singleturn|p2a: Sinistcha|move: Rage Powder
|move|p2b: Staraptor|Close Combat|p1a: diva
|-damage|p1a: diva|43/100
|-boost|p2b: Staraptor|def|1
|-boost|p2b: Staraptor|spd|1
|move|p1a: diva|Flamethrower|p2a: Sinistcha
|-supereffective|p2a: Sinistcha|1
|-damage|p2a: Sinistcha|0 fnt
|faint|p2a: Sinistcha
|-ability|p1a: diva|Eelevate|boost
|-boost|p1a: diva|spa|1
|
|upkeep
|
|t:|1784281358
|switch|p2a: Tyranitar|Tyranitar, L50, M|100/100
|-weather|Sandstorm|[from] ability: Sand Stream|[of] p2a: Tyranitar
|turn|3
|
|t:|1784281372
|move|p1b: windy innit|Tailwind|p1b: windy innit
|-sidestart|p1: kris7443|move: Tailwind
|move|p1a: diva|Thunderbolt|p2b: Staraptor
|-supereffective|p2b: Staraptor|1
|-damage|p2b: Staraptor|10/100
|move|p2b: Staraptor|Close Combat|p1a: diva
|-damage|p1a: diva|0 fnt
|-boost|p2b: Staraptor|def|1
|-boost|p2b: Staraptor|spd|1
|faint|p1a: diva
|move|p2a: Tyranitar|Knock Off|p1b: windy innit
|-resisted|p1b: windy innit|1
|-damage|p1b: windy innit|66/100
|-enditem|p1b: windy innit|Focus Sash|[from] move: Knock Off|[of] p2a: Tyranitar
|
|-weather|Sandstorm|[upkeep]
|-damage|p1b: windy innit|60/100|[from] Sandstorm
|-damage|p2b: Staraptor|4/100|[from] Sandstorm
|upkeep
|
|t:|1784281388
|switch|p1a: GOAT|Garchomp, L50, M|100/100
|turn|4
|
|t:|1784281405
|move|p1b: windy innit|Moonblast|p2b: Staraptor
|-supereffective|p2b: Staraptor|1
|-damage|p2b: Staraptor|0 fnt
|faint|p2b: Staraptor
|move|p1a: GOAT|Stomping Tantrum|p2a: Tyranitar
|-supereffective|p2a: Tyranitar|1
|-damage|p2a: Tyranitar|9/100
|-damage|p1a: GOAT|90/100|[from] item: Life Orb
|move|p2a: Tyranitar|Knock Off|p1a: GOAT
|-damage|p1a: GOAT|48/100
|-damage|p2a: Tyranitar|0 fnt|[from] ability: Rough Skin|[of] p1a: GOAT
|-enditem|p1a: GOAT|Life Orb|[from] move: Knock Off|[of] p2a: Tyranitar
|faint|p2a: Tyranitar
|
|-weather|Sandstorm|[upkeep]
|-damage|p1b: windy innit|54/100|[from] Sandstorm
|upkeep
|
|t:|1784281416
|switch|p2b: Excadrill|Excadrill, L50, M|100/100
|turn|5
|
|t:|1784281429
|move|p1b: windy innit|Energy Ball|p2b: Excadrill
|-damage|p2b: Excadrill|52/100
|move|p1a: GOAT|Stomping Tantrum|p2b: Excadrill
|-supereffective|p2b: Excadrill|1
|-damage|p2b: Excadrill|0 fnt
|faint|p2b: Excadrill
|
|win|kris7443
|raw|kris7443's rating: 1000 → 1048(+48 for winning)
|raw|5GiftedCanariSubs's rating: 1074 → 1048(-26 for losing)
