|j|‽Yuste3_
|j|☆bleepbopboop
|html|Yuste3_bleepbopboop    
|uhtml|bestof|Game 2 of a best-of-3
|t:|1756500084
|gametype|doubles
|player|p1|Yuste3_|lucas|1085
|player|p2|bleepbopboop|ethan|1000
|gen|9
|tier|[Gen 9] VGC 2025 Reg H (Bo3)
|rated|
|rule|Species Clause: Limit one of each Pokémon
|rule|Item Clause: Limit 1 of each item
|clearpoke
|poke|p1|Talonflame, L50, F|
|poke|p1|Sneasler, L50, F|
|poke|p1|Indeedee, L50, M|
|poke|p1|Archaludon, L50, F|
|poke|p1|Sinistcha, L50|
|poke|p1|Pelipper, L50, F|
|poke|p2|Kingambit, L50, M|
|poke|p2|Garchomp, L50, M|
|poke|p2|Dragonite, L50, M|
|poke|p2|Typhlosion-Hisui, L50, M|
|poke|p2|Jumpluff, L50, M|
|poke|p2|Torkoal, L50, M|
|teampreview|4
|showteam|p1|Talonflame||CovertCloak|GaleWings|BraveBird,WillOWisp,Tailwind,Taunt|||F|||50|,,,,,Ghost]Sneasler||PsychicSeed|Unburden|DireClaw,ThroatChop,CloseCombat,Protect|||F|||50|,,,,,Dark]Indeedee||ChoiceSpecs|PsychicSurge|ExpandingForce,DazzlingGleam,ShadowBall,TeraBlast|||M|||50|,,,,,Fighting]Archaludon||AssaultVest|Stamina|DracoMeteor,ElectroShot,Snarl,BodyPress|||F|||50|,,,,,Bug]Sinistcha||SitrusBerry|Hospitality|MatchaGotcha,RagePowder,LifeDew,Protect||||||50|,,,,,Water]Pelipper||FocusSash|Drizzle|Hurricane,MuddyWater,WideGuard,Protect|||F|||50|,,,,,Ghost
|showteam|p2|Kingambit||AssaultVest|Defiant|IronHead,SuckerPunch,Assurance,LowKick|||M|||50|,,,,,Flying]Garchomp||LifeOrb|RoughSkin|DragonClaw,StompingTantrum,Earthquake,Protect|||M|||50|,,,,,Fire]Dragonite||LoadedDice|Multiscale|ScaleShot,ExtremeSpeed,IceSpinner,Protect|||M|||50|,,,,,Fairy]Typhlosion-Hisui||ChoiceSpecs|Blaze|Eruption,HeatWave,ShadowBall,Overheat|||M|||50|,,,,,Fire]Jumpluff||CovertCloak|Chlorophyll|LeafStorm,SleepPowder,Encore,Tailwind|||M|||50|,,,,,Poison]Torkoal||EjectPack|Drought|Overheat,BurningJealousy,HelpingHand,Protect|||M|||50|,,,,,Flying
|inactive|Battle timer is ON: inactive players will automatically lose when time's up. (requested by Yuste3_)
|
|t:|1756500109
|teamsize|p1|4
|teamsize|p2|4
|start
|switch|p1a: Archaludon|Archaludon, L50, F|100/100
|switch|p1b: Talonflame|Talonflame, L50, F|100/100
|switch|p2a: Jumpluff|Jumpluff, L50, M, shiny|100/100
|switch|p2b: Torkoal|Torkoal, L50, M, shiny|100/100
|-weather|SunnyDay|[from] ability: Drought|[of] p2b: Torkoal
|turn|1
|inactive|bleepbopboop has 30 seconds left.
|
|t:|1756500138
|switch|p1b: Pelipper|Pelipper, L50, F|100/100
|-weather|RainDance|[from] ability: Drizzle|[of] p1b: Pelipper
|move|p2a: Jumpluff|Sleep Powder|p1a: Archaludon
|-status|p1a: Archaludon|slp|[from] move: Sleep Powder
|cant|p1a: Archaludon|slp
|move|p2b: Torkoal|Burning Jealousy|p1b: Pelipper|[spread] p1a,p1b
|-resisted|p1b: Pelipper
|-damage|p1a: Archaludon|94/100 slp
|-damage|p1b: Pelipper|93/100
|-ability|p1a: Archaludon|Stamina|boost
|-boost|p1a: Archaludon|def|1
|
|-weather|RainDance|[upkeep]
|upkeep
|turn|2
|inactive|bleepbopboop has 30 seconds left.
|
|t:|1756500167
|switch|p2b: Dragonite|Dragonite, L50, M, shiny|100/100
|move|p2a: Jumpluff|Tailwind|p2a: Jumpluff
|-sidestart|p2: bleepbopboop|move: Tailwind
|cant|p1a: Archaludon|slp
|move|p1b: Pelipper|Muddy Water|p2b: Dragonite|[spread] p2a,p2b
|-resisted|p2a: Jumpluff
|-resisted|p2b: Dragonite
|-damage|p2a: Jumpluff|75/100
|-damage|p2b: Dragonite|91/100
|
|-weather|RainDance|[upkeep]
|upkeep
|turn|3
|inactive|Yuste3_ has 30 seconds left.
|inactive|Yuste3_ has 20 seconds left.
|inactive|Yuste3_ has 15 seconds left.
|
|t:|1756500210
|switch|p1b: Talonflame|Talonflame, L50, F|100/100
|move|p2b: Dragonite|Extreme Speed|p1b: Talonflame
|-damage|p1b: Talonflame|58/100
|move|p2a: Jumpluff|Leaf Storm|p1b: Talonflame
|-resisted|p1b: Talonflame
|-damage|p1b: Talonflame|48/100
|-unboost|p2a: Jumpluff|spa|2
|cant|p1a: Archaludon|slp
|
|-weather|RainDance|[upkeep]
|upkeep
|turn|4
|
|t:|1756500233
|switch|p2b: Torkoal|Torkoal, L50, M, shiny|100/100
|-weather|SunnyDay|[from] ability: Drought|[of] p2b: Torkoal
|move|p2a: Jumpluff|Sleep Powder|p1b: Talonflame
|-status|p1b: Talonflame|slp|[from] move: Sleep Powder
|cant|p1b: Talonflame|slp
|-curestatus|p1a: Archaludon|slp|[msg]
|move|p1a: Archaludon|Electro Shot||[still]
|-prepare|p1a: Archaludon|Electro Shot
|-boost|p1a: Archaludon|spa|1
|
|-weather|SunnyDay|[upkeep]
|upkeep
|turn|5
|
|t:|1756500255
|switch|p1b: Pelipper|Pelipper, L50, F|93/100
|-weather|RainDance|[from] ability: Drizzle|[of] p1b: Pelipper
|move|p2a: Jumpluff|Sleep Powder|p1a: Archaludon
|-status|p1a: Archaludon|slp|[from] move: Sleep Powder
|cant|p1a: Archaludon|slp
|move|p2b: Torkoal|Burning Jealousy|p1a: Archaludon|[spread] p1a,p1b
|-resisted|p1b: Pelipper
|-damage|p1a: Archaludon|86/100 slp
|-damage|p1b: Pelipper|86/100
|-ability|p1a: Archaludon|Stamina|boost
|-boost|p1a: Archaludon|def|1
|
|-weather|RainDance|[upkeep]
|-sideend|p2: bleepbopboop|move: Tailwind
|upkeep
|turn|6
|
|t:|1756500276
|switch|p1b: Talonflame|Talonflame, L50, F|48/100 slp
|switch|p2b: Dragonite|Dragonite, L50, M, shiny|91/100
|move|p2a: Jumpluff|Sleep Powder|p1b: Talonflame|[miss]
|-miss|p2a: Jumpluff|p1b: Talonflame
|-curestatus|p1a: Archaludon|slp|[msg]
|move|p1a: Archaludon|Electro Shot||[still]
|-prepare|p1a: Archaludon|Electro Shot
|-boost|p1a: Archaludon|spa|1
|-anim|p1a: Archaludon|Electro Shot|p2a: Jumpluff
|-damage|p2a: Jumpluff|0 fnt
|faint|p2a: Jumpluff
|
|-weather|RainDance|[upkeep]
|upkeep
|
|t:|1756500300
|switch|p2a: Typhlosion|Typhlosion-Hisui, L50, M, shiny|100/100
|turn|7
|
|t:|1756500311
|switch|p2b: Torkoal|Torkoal, L50, M, shiny|100/100
|-weather|SunnyDay|[from] ability: Drought|[of] p2b: Torkoal
|-terastallize|p2a: Typhlosion|Fire
|-curestatus|p1b: Talonflame|slp|[msg]
|move|p1b: Talonflame|Will-O-Wisp|p2b: Torkoal|[miss]
|-miss|p1b: Talonflame|p2b: Torkoal
|move|p2a: Typhlosion|Eruption|p1a: Archaludon|[spread] p1a,p1b
|-resisted|p1b: Talonflame
|-damage|p1a: Archaludon|0 fnt
|-damage|p1b: Talonflame|0 fnt
|faint|p1a: Archaludon
|faint|p1b: Talonflame
|
|-weather|SunnyDay|[upkeep]
|upkeep
|
|t:|1756500322
|switch|p1b: Indeedee|Indeedee, L50, M|100/100
|switch|p1a: Pelipper|Pelipper, L50, F|86/100
|-fieldstart|move: Psychic Terrain|[from] ability: Psychic Surge|[of] p1b: Indeedee
|-weather|RainDance|[from] ability: Drizzle|[of] p1a: Pelipper
|turn|8
|
|t:|1756500335
|move|p2b: Torkoal|Helping Hand|p2a: Typhlosion
|-singleturn|p2a: Typhlosion|Helping Hand|[of] p2b: Torkoal
|move|p1a: Pelipper|Wide Guard|p1a: Pelipper
|-singleturn|p1a: Pelipper|Wide Guard
|move|p2a: Typhlosion|Eruption|p1a: Pelipper|[spread] 
|-activate|p1a: Pelipper|move: Wide Guard
|-activate|p1b: Indeedee|move: Wide Guard
|move|p1b: Indeedee|Expanding Force|p2a: Typhlosion|[spread] p2a,p2b
|-damage|p2a: Typhlosion|0 fnt
|-damage|p2b: Torkoal|0 fnt
|faint|p2a: Typhlosion
|faint|p2b: Torkoal
|
|-weather|RainDance|[upkeep]
|upkeep
|
|t:|1756500352
|switch|p2a: Dragonite|Dragonite, L50, M, shiny|91/100
|turn|9
|
|t:|1756500360
|move|p1b: Indeedee|Expanding Force|p2a: Dragonite
|-damage|p2a: Dragonite|0 fnt
|faint|p2a: Dragonite
|
|win|Yuste3_
||Yuste3_ is ready for game 3.
|l|‽Yuste3_
|player|p1|
