|j|☆PyreAeroVGC
|j|☆Jeffrey E TCG
|html|PyreAeroVGCJeffrey E TCG    
|uhtml|bestof|Game 3 of a best-of-3
|t:|1757130970
|gametype|doubles
|player|p1|PyreAeroVGC|170|1237
|player|p2|Jeffrey E TCG|caitlin|1201
|gen|9
|tier|[Gen 9] VGC 2025 Reg H (Bo3)
|rated|
|rule|Species Clause: Limit one of each Pokémon
|rule|Item Clause: Limit 1 of each item
|clearpoke
|poke|p1|Politoed, L50, F|
|poke|p1|Gothitelle, L50, M|
|poke|p1|Incineroar, L50, F|
|poke|p1|Amoonguss, L50, F|
|poke|p1|Kingdra, L50, M|
|poke|p1|Archaludon, L50, M|
|poke|p2|Rillaboom, L50, M|
|poke|p2|Ursaluna-Bloodmoon, L50, M|
|poke|p2|Basculegion, L50, M|
|poke|p2|Murkrow, L50, M|
|poke|p2|Pelipper, L50, M|
|poke|p2|Archaludon, L50, M|
|teampreview|4
|showteam|p1|Politoed||Leftovers|Drizzle|Protect,WeatherBall,PerishSong,Encore|||F|||50|,,,,,Grass]Gothitelle||SitrusBerry|ShadowTag|Protect,Psychic,FakeOut,TrickRoom|||M|||50|,,,,,Dark]Incineroar||SafetyGoggles|Intimidate|Protect,KnockOff,FakeOut,PartingShot|||F|||50|,,,,,Ghost]Amoonguss||EjectButton|Regenerator|Protect,RagePowder,PollenPuff,Spore|||F|||50|,,,,,Fairy]Kingdra||LifeOrb|SwiftSwim|Protect,WeatherBall,DracoMeteor,MuddyWater|||M|||50|,,,,,Stellar]Archaludon||PowerHerb|Sturdy|Protect,ElectroShot,DragonPulse,FlashCannon|||M|||50|,,,,,Electric
|showteam|p2|Rillaboom||MiracleSeed|GrassySurge|WoodHammer,GrassyGlide,Taunt,FakeOut|||M|||50|,,,,,Fire]Ursaluna-Bloodmoon||LifeOrb|MindsEye|BloodMoon,EarthPower,HyperVoice,Protect|||M|||50|,,,,,Normal]Basculegion||ChoiceBand|SwiftSwim|FlipTurn,WaveCrash,AquaJet,LastRespects|||M|||50|,,,,,Grass]Murkrow||Eviolite|Prankster|Tailwind,Haze,FoulPlay,RainDance|||M|||50|,,,,,Ghost]Pelipper||FocusSash|Drizzle|Hurricane,WeatherBall,Protect,WideGuard|||M|||50|,,,,,Stellar]Archaludon||AssaultVest|Stamina|BodyPress,ElectroShot,FlashCannon,DragonPulse|||M|||50|,,,,,Bug
|inactive|Battle timer is ON: inactive players will automatically lose when time's up. (requested by PyreAeroVGC)
|inactive|Jeffrey E TCG also wants the timer to be on.
|j| teamthief420
|inactive|PyreAeroVGC has 60 seconds left.
|
|t:|1757131017
|teamsize|p1|4
|teamsize|p2|4
|start
|switch|p1a: Kingdra|Kingdra, L50, M|100/100
|switch|p1b: Gothitelle|Gothitelle, L50, M|100/100
|switch|p2a: Kuma|Ursaluna-Bloodmoon, L50, M|100/100
|switch|p2b: Rocks|Murkrow, L50, M|100/100
|turn|1
|inactive|PyreAeroVGC has 30 seconds left.
|
|t:|1757131049
|switch|p1b: Politoed|Politoed, L50, F|100/100
|-weather|RainDance|[from] ability: Drizzle|[of] p1b: Politoed
|-terastallize|p1a: Kingdra|Stellar
|move|p2a: Kuma|Protect|p2a: Kuma
|-singleturn|p2a: Kuma|Protect
|move|p1a: Kingdra|Muddy Water|p2a: Kuma|[spread] p2b
|-activate|p2a: Kuma|move: Protect
|-damage|p2b: Rocks|13/100
|-damage|p1a: Kingdra|91/100|[from] item: Life Orb
|move|p2b: Rocks|Foul Play|p1a: Kingdra
|-damage|p1a: Kingdra|57/100
|
|-weather|RainDance|[upkeep]
|upkeep
|turn|2
|
|t:|1757131065
|-terastallize|p2a: Kuma|Normal
|move|p2b: Rocks|Tailwind|p2b: Rocks
|-sidestart|p2: Jeffrey E TCG|move: Tailwind
|move|p1a: Kingdra|Draco Meteor|p2a: Kuma
|-damage|p2a: Kuma|0 fnt
|-unboost|p1a: Kingdra|spa|2
|faint|p2a: Kuma
|-damage|p1a: Kingdra|47/100|[from] item: Life Orb
|move|p1b: Politoed|Weather Ball|p2b: Rocks
|-damage|p2b: Rocks|0 fnt
|faint|p2b: Rocks
|
|-weather|RainDance|[upkeep]
|upkeep
|
|t:|1757131068
|switch|p2a: Gendo|Archaludon, L50, M, shiny|100/100
|switch|p2b: DK|Rillaboom, L50, M|100/100
|-fieldstart|move: Grassy Terrain|[from] ability: Grassy Surge|[of] p2b: DK
|turn|3
|
|t:|1757131086
|switch|p1a: Incineroar|Incineroar, L50, F|100/100
|-ability|p1a: Incineroar|Intimidate|boost
|-unboost|p2a: Gendo|atk|1
|-unboost|p2b: DK|atk|1
|move|p1b: Politoed|Protect|p1b: Politoed
|-singleturn|p1b: Politoed|Protect
|move|p2b: DK|Wood Hammer|p1b: Politoed
|-activate|p1b: Politoed|move: Protect
|move|p2a: Gendo|Electro Shot||[still]
|-prepare|p2a: Gendo|Electro Shot
|-boost|p2a: Gendo|spa|1
|-anim|p2a: Gendo|Electro Shot|p1a: Incineroar
|-damage|p1a: Incineroar|54/100
|
|-weather|RainDance|[upkeep]
|-heal|p1a: Incineroar|60/100|[from] Grassy Terrain
|upkeep
|turn|4
|
|t:|1757131104
|switch|p1b: Gothitelle|Gothitelle, L50, M|100/100
|move|p2b: DK|Wood Hammer|p1b: Gothitelle
|-damage|p1b: Gothitelle|41/100
|-enditem|p1b: Gothitelle|Sitrus Berry|[eat]
|-heal|p1b: Gothitelle|66/100|[from] item: Sitrus Berry
|-damage|p2b: DK|84/100|[from] Recoil
|move|p2a: Gendo|Electro Shot||[still]
|-prepare|p2a: Gendo|Electro Shot
|-boost|p2a: Gendo|spa|1
|-anim|p2a: Gendo|Electro Shot|p1b: Gothitelle
|-damage|p1b: Gothitelle|6/100
|move|p1a: Incineroar|Parting Shot|p2b: DK
|-unboost|p2b: DK|atk|1
|-unboost|p2b: DK|spa|1
|
|t:|1757131122
|switch|p1a: Politoed|Politoed, L50, F|100/100|[from] Parting Shot
|
|-weather|RainDance|[upkeep]
|-heal|p2b: DK|89/100|[from] Grassy Terrain
|-heal|p1b: Gothitelle|12/100|[from] Grassy Terrain
|upkeep
|turn|5
|
|t:|1757131128
|move|p1b: Gothitelle|Fake Out|p2a: Gendo
|-resisted|p2a: Gendo
|-damage|p2a: Gendo|98/100
|-ability|p2a: Gendo|Stamina|boost
|-boost|p2a: Gendo|def|1
|move|p2b: DK|Taunt|p1a: Politoed
|-start|p1a: Politoed|move: Taunt
|cant|p2a: Gendo|flinch
|cant|p1a: Politoed|move: Taunt|Perish Song
|
|-weather|none
|-heal|p2b: DK|95/100|[from] Grassy Terrain
|-heal|p2a: Gendo|100/100|[from] Grassy Terrain
|-heal|p1b: Gothitelle|19/100|[from] Grassy Terrain
|-sideend|p2: Jeffrey E TCG|move: Tailwind
|upkeep
|turn|6
|
|t:|1757131145
|switch|p1a: Incineroar|Incineroar, L50, F|60/100
|-ability|p1a: Incineroar|Intimidate|boost
|-unboost|p2a: Gendo|atk|1
|-unboost|p2b: DK|atk|1
|move|p2b: DK|Wood Hammer|p1a: Incineroar
|-resisted|p1a: Incineroar
|-damage|p1a: Incineroar|44/100
|-damage|p2b: DK|90/100|[from] Recoil
|move|p2a: Gendo|Dragon Pulse|p1b: Gothitelle
|-damage|p1b: Gothitelle|0 fnt
|faint|p1b: Gothitelle
|
|-heal|p2b: DK|96/100|[from] Grassy Terrain
|-heal|p1a: Incineroar|50/100|[from] Grassy Terrain
|upkeep
|
|t:|1757131149
|switch|p1b: Kingdra|Kingdra, L50, M, tera:Stellar|47/100
|turn|7
|
|t:|1757131174
|move|p1b: Kingdra|Protect|p1b: Kingdra
|-singleturn|p1b: Kingdra|Protect
|move|p2b: DK|Wood Hammer|p1b: Kingdra
|-activate|p1b: Kingdra|move: Protect
|move|p2a: Gendo|Dragon Pulse|p1b: Kingdra
|-activate|p1b: Kingdra|move: Protect
|move|p1a: Incineroar|Knock Off|p2a: Gendo
|-damage|p2a: Gendo|82/100
|-ability|p2a: Gendo|Stamina|boost
|-boost|p2a: Gendo|def|1
|-enditem|p2a: Gendo|Assault Vest|[from] move: Knock Off|[of] p1a: Incineroar
|
|-heal|p1b: Kingdra|53/100|[from] Grassy Terrain
|-heal|p2b: DK|100/100|[from] Grassy Terrain
|-heal|p2a: Gendo|88/100|[from] Grassy Terrain
|-heal|p1a: Incineroar|56/100|[from] Grassy Terrain
|-fieldend|move: Grassy Terrain
|upkeep
|turn|8
|
|t:|1757131187
|switch|p1a: Politoed|Politoed, L50, F|100/100
|-weather|RainDance|[from] ability: Drizzle|[of] p1a: Politoed
|move|p1b: Kingdra|Draco Meteor|p2a: Gendo|[miss]
|-miss|p1b: Kingdra|p2a: Gendo
|move|p2b: DK|Wood Hammer|p1b: Kingdra
|-damage|p1b: Kingdra|16/100
|-damage|p2b: DK|92/100|[from] Recoil
|move|p2a: Gendo|Dragon Pulse|p1b: Kingdra
|-supereffective|p1b: Kingdra
|-damage|p1b: Kingdra|0 fnt
|faint|p1b: Kingdra
|
|-weather|RainDance|[upkeep]
|upkeep
|inactive|PyreAeroVGC has 30 seconds left.
|inactive|PyreAeroVGC has 20 seconds left.
|l|☆PyreAeroVGC
|inactive|PyreAeroVGC disconnected and has a minute to reconnect!
|player|p1|
|c|☆Jeffrey E TCG|ih8 clankers
|inactive|PyreAeroVGC has 15 seconds left.
|inactive|PyreAeroVGC has 10 seconds left.
|c| teamthief420|real
|inactive|PyreAeroVGC has 5 seconds left.
|-message|PyreAeroVGC lost due to inactivity.
|
|win|Jeffrey E TCG
|raw|PyreAeroVGC's rating: 1237 → 1209(-28 for losing)
|raw|Jeffrey E TCG's rating: 1201 → 1229(+28 for winning)
|c| teamthief420|man what a throw
|c|☆Jeffrey E TCG|yeah
|c| teamthief420|he had perish song guaranteed
|c| teamthief420|barring a crit ig
