|j|☆WASHINGTONGARGACHA
|j|☆KChiefs7
|html|WASHINGTONGARGACHAKChiefs7    
|uhtml|bestof|Game 2 of a best-of-3
|t:|1757789701
|gametype|doubles
|player|p1|WASHINGTONGARGACHA|266|1112
|player|p2|KChiefs7|swimmer-gen4|1143
|gen|9
|tier|[Gen 9] VGC 2025 Reg H (Bo3)
|rated|
|rule|Species Clause: Limit one of each Pokémon
|rule|Item Clause: Limit 1 of each item
|clearpoke
|poke|p1|Typhlosion-Hisui, L50, M|
|poke|p1|Whimsicott, L50, F|
|poke|p1|Dragapult, L50, M|
|poke|p1|Torkoal, L50, F|
|poke|p1|Lilligant-Hisui, L50, F|
|poke|p1|Electabuzz, L50, F|
|poke|p2|Ursaluna, L50, F|
|poke|p2|Gholdengo, L50|
|poke|p2|Amoonguss, L50, M|
|poke|p2|Porygon2, L50|
|poke|p2|Incineroar, L50, F|
|poke|p2|Flamigo, L50, M|
|teampreview|4
|showteam|p1|Typhlosion-Hisui||ChoiceSpecs|Blaze|HeatWave,Eruption,ShadowBall,FocusPunch|||M|||50|,,,,,Fire]Whimsicott||CovertCloak|Prankster|Tailwind,Moonblast,SunnyDay,Encore|||F|||50|,,,,,Water]Dragapult||ChoiceBand|ClearBody|Uturn,SuckerPunch,DragonDarts,PhantomForce|||M|||50|,,,,,Dragon]Torkoal||LifeOrb|Drought|HeatWave,Eruption,Protect,WeatherBall|||F|||50|,,,,,Fire]Lilligant-Hisui||FocusSash|Chlorophyll|CloseCombat,SleepPowder,AfterYou,LeafBlade|||F|||50|,,,,,Ghost]Electabuzz||Eviolite|VitalSpirit|FollowMe,Taunt,Electroweb,Protect|||F|||50|,,,,,Grass
|showteam|p2|Ursaluna||FlameOrb|Guts|Facade,Earthquake,Substitute,Protect|||F|||50|,,,,,Ghost]Gholdengo||LifeOrb|GoodasGold|MakeItRain,ShadowBall,NastyPlot,Protect||||||50|,,,,,Steel]Amoonguss||SitrusBerry|Regenerator|RagePowder,Spore,PollenPuff,Protect|||M|||50|,,,,,Fairy]Porygon2||Eviolite|Download|Thunderbolt,IceBeam,Recover,TrickRoom||||||50|,,,,,Flying]Incineroar||AssaultVest|Intimidate|FlareBlitz,KnockOff,FakeOut,Uturn|||F|||50|,,,,,Grass]Flamigo||FocusSash|Scrappy|CloseCombat,BraveBird,WideGuard,Detect|||M|||50|,,,,,Stellar
|inactive|Battle timer is ON: inactive players will automatically lose when time's up. (requested by KChiefs7)
|
|t:|1757789724
|teamsize|p1|4
|teamsize|p2|4
|start
|switch|p1a: Typhlosion|Typhlosion-Hisui, L50, M|100/100
|switch|p1b: Dragapult|Dragapult, L50, M|100/100
|switch|p2a: Flamigo|Flamigo, L50, M|100/100
|switch|p2b: Ursaluna|Ursaluna, L50, F|100/100
|turn|1
|
|t:|1757789734
|-terastallize|p1a: Typhlosion|Fire
|move|p2a: Flamigo|Detect|p2a: Flamigo
|-singleturn|p2a: Flamigo|Protect
|move|p2b: Ursaluna|Protect|p2b: Ursaluna
|-singleturn|p2b: Ursaluna|Protect
|move|p1b: Dragapult|Dragon Darts|p2a: Flamigo
|-activate|p2b: Ursaluna|move: Protect
|move|p1a: Typhlosion|Eruption|p2a: Flamigo|[spread] 
|-activate|p2a: Flamigo|move: Protect
|-activate|p2b: Ursaluna|move: Protect
|
|-status|p2b: Ursaluna|brn|[from] item: Flame Orb
|upkeep
|turn|2
|
|t:|1757789751
|switch|p1a: Torkoal|Torkoal, L50, F|100/100
|-weather|SunnyDay|[from] ability: Drought|[of] p1a: Torkoal
|move|p2a: Flamigo|Wide Guard|p2a: Flamigo
|-singleturn|p2a: Flamigo|Wide Guard
|move|p1b: Dragapult|Dragon Darts|p2a: Flamigo
|-damage|p2a: Flamigo|45/100
|-anim|p1b: Dragapult|Dragon Darts|p2b: Ursaluna
|-damage|p2b: Ursaluna|72/100 brn
|move|p2b: Ursaluna|Earthquake|p1a: Torkoal|[spread] p1a,p1b
|-activate|p2a: Flamigo|move: Wide Guard
|-supereffective|p1a: Torkoal
|-damage|p1a: Torkoal|0 fnt
|-damage|p1b: Dragapult|1/100
|faint|p1a: Torkoal
|
|-weather|SunnyDay|[upkeep]
|-damage|p2b: Ursaluna|66/100 brn|[from] brn
|upkeep
|
|t:|1757789766
|switch|p1a: Typhlosion|Typhlosion-Hisui, L50, M, tera:Fire|100/100
|turn|3
|inactive|WASHINGTONGARGACHA has 30 seconds left.
|
|t:|1757789792
|-terastallize|p2b: Ursaluna|Ghost
|move|p2a: Flamigo|Wide Guard|p2a: Flamigo
|-singleturn|p2a: Flamigo|Wide Guard
|move|p1b: Dragapult|Dragon Darts|p2a: Flamigo
|-damage|p2a: Flamigo|0 fnt
|-anim|p1b: Dragapult|Dragon Darts|p2b: Ursaluna
|-damage|p2b: Ursaluna|36/100 brn
|faint|p2a: Flamigo
|move|p1a: Typhlosion|Shadow Ball|p2b: Ursaluna
|-supereffective|p2b: Ursaluna
|-damage|p2b: Ursaluna|0 fnt
|faint|p2b: Ursaluna
|
|-weather|SunnyDay|[upkeep]
|upkeep
|
|t:|1757789815
|switch|p2a: Incineroar|Incineroar, L50, F, shiny|100/100
|switch|p2b: Porygon2|Porygon2, L50|100/100
|-ability|p2a: Incineroar|Intimidate|boost
|-unboost|p1a: Typhlosion|atk|1
|-fail|p1b: Dragapult|unboost|[from] ability: Clear Body|[of] p1b: Dragapult
|-ability|p2b: Porygon2|Download|boost
|-boost|p2b: Porygon2|atk|1
|turn|4
|
|t:|1757789832
|switch|p1a: Lilligant|Lilligant-Hisui, L50, F|100/100
|move|p1b: Dragapult|Dragon Darts|p2b: Porygon2
|-damage|p2b: Porygon2|75/100
|-anim|p1b: Dragapult|Dragon Darts|p2a: Incineroar
|-damage|p2a: Incineroar|63/100
|move|p2a: Incineroar|Knock Off|p1a: Lilligant
|-resisted|p1a: Lilligant
|-damage|p1a: Lilligant|65/100
|-enditem|p1a: Lilligant|Focus Sash|[from] move: Knock Off|[of] p2a: Incineroar
|move|p2b: Porygon2|Ice Beam|p1b: Dragapult
|-supereffective|p1b: Dragapult
|-damage|p1b: Dragapult|0 fnt
|faint|p1b: Dragapult
|
|-weather|SunnyDay|[upkeep]
|upkeep
|
|t:|1757789846
|switch|p1b: Typhlosion|Typhlosion-Hisui, L50, M, tera:Fire|100/100
|turn|5
|
|t:|1757789861
|move|p1a: Lilligant|Close Combat|p2b: Porygon2
|-supereffective|p2b: Porygon2
|-damage|p2b: Porygon2|0 fnt
|-unboost|p1a: Lilligant|def|1
|-unboost|p1a: Lilligant|spd|1
|faint|p2b: Porygon2
|move|p1b: Typhlosion|Eruption|p2a: Incineroar
|-resisted|p2a: Incineroar
|-damage|p2a: Incineroar|0 fnt
|faint|p2a: Incineroar
|
|win|WASHINGTONGARGACHA
||KChiefs7 is ready for game 3.
||WASHINGTONGARGACHA is ready for game 3.
|uhtml|next|Next: Game 3 of 3
