|j|☆panqueca25
|j|☆Tizio20
|html|panqueca25Tizio20    
|uhtml|bestof|Game 1 of a best-of-3
|t:|1757739992
|gametype|doubles
|player|p1|panqueca25|1|1277
|player|p2|Tizio20|hilda-wonderlauncher|1223
|gen|9
|tier|[Gen 9] VGC 2025 Reg H (Bo3)
|rated|
|rule|Species Clause: Limit one of each Pokémon
|rule|Item Clause: Limit 1 of each item
|clearpoke
|poke|p1|Gholdengo, L50|
|poke|p1|Incineroar, L50, F|
|poke|p1|Porygon2, L50|
|poke|p1|Ursaluna, L50, F|
|poke|p1|Clefable, L50, F|
|poke|p1|Primarina, L50, F|
|poke|p2|Excadrill, L50, F|
|poke|p2|Porygon2, L50|
|poke|p2|Ursaluna, L50, M|
|poke|p2|Tyranitar, L50, M|
|poke|p2|Sneasler, L50, M|
|poke|p2|Indeedee, L50, M|
|teampreview|4
|showteam|p1|Gholdengo||Leftovers|GoodasGold|MakeItRain,ShadowBall,NastyPlot,Protect||||||50|,,,,,Water]Incineroar||SafetyGoggles|Intimidate|FlareBlitz,KnockOff,PartingShot,FakeOut|||F|||50|,,,,,Ghost]Porygon2||Eviolite|Download|TeraBlast,IceBeam,TrickRoom,Recover||||||50|,,,,,Fighting]Ursaluna||FlameOrb|Guts|Facade,HeadlongRush,Earthquake,Protect|||F|||50|,,,,,Ghost]Clefable||RockyHelmet|Unaware|Moonblast,FollowMe,Encore,Protect|||F|||50|,,,,,Ghost]Primarina||SitrusBerry|LiquidVoice|HyperVoice,Moonblast,Haze,Protect|||F|||50|,,,,,Poison
|showteam|p2|Excadrill||FocusSash|SandRush|IronHead,HighHorsepower,SwordsDance,Protect|||F|||50|,,,,,Ghost]Porygon2||Eviolite|Download|IceBeam,TeraBlast,TrickRoom,Recover||||||50|,,,,,Electric]Ursaluna||FlameOrb|Guts|HeadlongRush,Earthquake,Facade,Protect|||M|||50|,,,,,Ghost]Tyranitar||AssaultVest|SandStream|TeraBlast,RockSlide,KnockOff,LowKick|||M|||50|,,,,,Flying]Sneasler||PsychicSeed|Unburden|CloseCombat,DireClaw,ThroatChop,Protect|||M|||50|,,,,,Dark]Indeedee||ChoiceScarf|PsychicSurge|ExpandingForce,Psychic,TeraBlast,Trick|||M|||50|,,,,,Psychic
|inactive|Battle timer is ON: inactive players will automatically lose when time's up. (requested by panqueca25)
|inactive|panqueca25 has 60 seconds left.
|
|t:|1757740032
|teamsize|p1|4
|teamsize|p2|4
|start
|switch|p1a: Incineroar|Incineroar, L50, F, shiny|100/100
|switch|p1b: Gholdengo|Gholdengo, L50|100/100
|switch|p2a: Excadrill|Excadrill, L50, F|100/100
|switch|p2b: Tyranitar|Tyranitar, L50, M|100/100
|-weather|Sandstorm|[from] ability: Sand Stream|[of] p2b: Tyranitar
|-ability|p1a: Incineroar|Intimidate|boost
|-unboost|p2a: Excadrill|atk|1
|-unboost|p2b: Tyranitar|atk|1
|turn|1
|
|t:|1757740052
|-terastallize|p1b: Gholdengo|Water
|move|p1a: Incineroar|Fake Out|p2b: Tyranitar
|-resisted|p2b: Tyranitar
|-damage|p2b: Tyranitar|96/100
|move|p2a: Excadrill|Swords Dance|p2a: Excadrill
|-boost|p2a: Excadrill|atk|2
|move|p1b: Gholdengo|Nasty Plot|p1b: Gholdengo
|-boost|p1b: Gholdengo|spa|2
|cant|p2b: Tyranitar|flinch
|
|-weather|Sandstorm|[upkeep]
|-damage|p1b: Gholdengo|94/100|[from] Sandstorm
|-heal|p1b: Gholdengo|100/100|[from] item: Leftovers
|upkeep
|turn|2
|inactive|Tizio20 has 30 seconds left.
|
|t:|1757740078
|switch|p1a: Porygon2|Porygon2, L50, shiny|100/100
|-ability|p1a: Porygon2|Download|boost
|-boost|p1a: Porygon2|spa|1
|-terastallize|p2b: Tyranitar|Flying
|move|p2a: Excadrill|High Horsepower|p1a: Porygon2
|-damage|p1a: Porygon2|56/100
|move|p1b: Gholdengo|Make It Rain|p2b: Tyranitar|[spread] p2a,p2b
|-resisted|p2a: Excadrill
|-damage|p2a: Excadrill|45/100
|-damage|p2b: Tyranitar|46/100
|-unboost|p1b: Gholdengo|spa|1
|move|p2b: Tyranitar|Knock Off|p1b: Gholdengo
|-damage|p1b: Gholdengo|69/100
|-enditem|p1b: Gholdengo|Leftovers|[from] move: Knock Off|[of] p2b: Tyranitar
|
|-weather|Sandstorm|[upkeep]
|-damage|p1b: Gholdengo|63/100|[from] Sandstorm
|-damage|p2b: Tyranitar|40/100|[from] Sandstorm
|-damage|p1a: Porygon2|50/100|[from] Sandstorm
|upkeep
|turn|3
|inactive|Tizio20 has 30 seconds left.
|
|t:|1757740105
|switch|p1a: Incineroar|Incineroar, L50, F, shiny|100/100
|-ability|p1a: Incineroar|Intimidate|boost
|-unboost|p2a: Excadrill|atk|1
|-unboost|p2b: Tyranitar|atk|1
|move|p2a: Excadrill|High Horsepower|p1a: Incineroar
|-supereffective|p1a: Incineroar
|-damage|p1a: Incineroar|11/100
|move|p1b: Gholdengo|Make It Rain|p2a: Excadrill|[spread] p2a,p2b
|-resisted|p2a: Excadrill
|-damage|p2a: Excadrill|0 fnt
|-damage|p2b: Tyranitar|0 fnt
|-unboost|p1b: Gholdengo|spa|1
|faint|p2a: Excadrill
|faint|p2b: Tyranitar
|
|-weather|Sandstorm|[upkeep]
|-damage|p1b: Gholdengo|57/100|[from] Sandstorm
|upkeep
|
|t:|1757740117
|switch|p2a: Ursaluna|Ursaluna, L50, M|100/100
|switch|p2b: Porygon2|Porygon2, L50|100/100
|-ability|p2b: Porygon2|Download|boost
|-boost|p2b: Porygon2|spa|1
|turn|4
|
|t:|1757740124
|switch|p1a: Porygon2|Porygon2, L50, shiny|50/100
|-ability|p1a: Porygon2|Download|boost
|-boost|p1a: Porygon2|spa|1
|move|p1b: Gholdengo|Nasty Plot|p1b: Gholdengo
|-boost|p1b: Gholdengo|spa|2
|move|p2a: Ursaluna|Headlong Rush|p1b: Gholdengo
|-damage|p1b: Gholdengo|0 fnt
|-unboost|p2a: Ursaluna|def|1
|-unboost|p2a: Ursaluna|spd|1
|faint|p1b: Gholdengo
|move|p2b: Porygon2|Trick Room|p2b: Porygon2
|-fieldstart|move: Trick Room|[of] p2b: Porygon2
|
|-weather|Sandstorm|[upkeep]
|-damage|p1a: Porygon2|44/100|[from] Sandstorm
|-damage|p2b: Porygon2|94/100|[from] Sandstorm
|-status|p2a: Ursaluna|brn|[from] item: Flame Orb
|upkeep
|
|t:|1757740131
|switch|p1b: Incineroar|Incineroar, L50, F, shiny|11/100
|-ability|p1b: Incineroar|Intimidate|boost
|-unboost|p2a: Ursaluna|atk|1
|-unboost|p2b: Porygon2|atk|1
|turn|5
|
|t:|1757740147
|move|p2a: Ursaluna|Protect|p2a: Ursaluna
|-singleturn|p2a: Ursaluna|Protect
|move|p1b: Incineroar|Fake Out|p2a: Ursaluna
|-activate|p2a: Ursaluna|move: Protect
|move|p1a: Porygon2|Recover|p1a: Porygon2
|-heal|p1a: Porygon2|94/100
|move|p2b: Porygon2|Tera Blast|p1a: Porygon2
|-damage|p1a: Porygon2|62/100
|
|-weather|none
|-damage|p2a: Ursaluna|95/100 brn|[from] brn
|upkeep
|turn|6
|
|t:|1757740161
|move|p1a: Porygon2|Ice Beam|p2a: Ursaluna
|-supereffective|p2a: Ursaluna
|-damage|p2a: Ursaluna|0 fnt
|faint|p2a: Ursaluna
|move|p1b: Incineroar|Knock Off|p2b: Porygon2
|-damage|p2b: Porygon2|66/100
|-enditem|p2b: Porygon2|Eviolite|[from] move: Knock Off|[of] p1b: Incineroar
|move|p2b: Porygon2|Tera Blast|p1b: Incineroar
|-damage|p1b: Incineroar|0 fnt
|faint|p1b: Incineroar
|
|upkeep
|
|t:|1757740164
|switch|p1b: Ursaluna|Ursaluna, L50, F|100/100
|turn|7
|
|t:|1757740173
|move|p1b: Ursaluna|Protect|p1b: Ursaluna
|-singleturn|p1b: Ursaluna|Protect
|move|p1a: Porygon2|Recover|p1a: Porygon2
|-heal|p1a: Porygon2|100/100
|move|p2b: Porygon2|Recover|p2b: Porygon2
|-heal|p2b: Porygon2|100/100
|
|-status|p1b: Ursaluna|brn|[from] item: Flame Orb
|upkeep
|turn|8
|
|t:|1757740179
|move|p1b: Ursaluna|Facade|p2b: Porygon2
|-damage|p2b: Porygon2|0 fnt
|faint|p2b: Porygon2
|
|win|panqueca25
||Tizio20 is ready for game 2.
||panqueca25 is ready for game 2.
|uhtml|next|Next: Game 2 of 3
|l|☆panqueca25
|player|p1|
