|j|☆failandimprove5
|j|☆helio list
|html|failandimprove5helio list    
|uhtml|bestof|Game 2 of a best-of-3
|t:|1784666328
|gametype|doubles
|player|p1|failandimprove5|265|1385
|player|p2|helio list|1|1442
|gen|9
|tier|[Gen 9 Champions] VGC 2026 Reg M-B (Bo3)
|rated|
|rule|Species Clause: Limit one of each Pokémon
|rule|Item Clause: Limit 1 of each item
|clearpoke
|poke|p1|Kingambit, L50, F|
|poke|p1|Sneasler, L50, F|
|poke|p1|Froslass, L50, F|
|poke|p1|Lycanroc-Dusk, L50, F|
|poke|p1|Basculegion, L50, M|
|poke|p1|Scovillain, L50, M|
|poke|p2|Garchomp, L50, M|
|poke|p2|Talonflame, L50, F|
|poke|p2|Floette-Eternal, L50, F|
|poke|p2|Basculegion, L50, M|
|poke|p2|Vivillon-Pokeball, L50, F|
|poke|p2|Kingambit, L50, M|
|teampreview|4
|showteam|p1|Kingambit||LifeOrb|Defiant|KowtowCleave,SuckerPunch,SwordsDance,Protect|Adamant||F|||50|]Sneasler||WhiteHerb|Unburden|FakeOut,CloseCombat,GunkShot,Protect|Adamant||F|||50|]Froslass||Froslassite|SnowCloak|Blizzard,AuroraVeil,ShadowBall,Protect|Timid||F|||50|]Lycanroc-Dusk||FocusSash|ToughClaws|CloseCombat,RockSlide,Accelerock,Protect|Adamant||F|||50|]Basculegion||SitrusBerry|Adaptability|LastRespects,AquaJet,WaveCrash,Protect|Adamant||M|||50|]Scovillain||Scovillainite|Moody|Overheat,GigaDrain,RagePowder,Protect|Bold||M|||50|
|showteam|p2|Garchomp||LifeOrb|RoughSkin|Earthquake,RockSlide,DragonClaw,Protect|Jolly||M|||50|]Talonflame||SharpBeak|GaleWings|DualWingbeat,FlareBlitz,Tailwind,Protect|Jolly||F|||50|]Floette-Eternal||Floettite|FlowerVeil|CalmMind,Protect,LightofRuin,DazzlingGleam|Modest||F|||50|]Basculegion||FocusSash|Adaptability|Liquidation,LastRespects,AquaJet,Protect|Adamant||M|||50|]Vivillon-Pokeball||ChoiceScarf|CompoundEyes|SleepPowder,Tailwind,RagePowder,Hurricane|Timid||F|||50|]Kingambit||OccaBerry|Defiant|SuckerPunch,KowtowCleave,IronHead,Protect|Adamant||M|||50|
|inactive|Battle timer is ON: inactive players will automatically lose when time's up. (requested by helio list)
|inactive|failandimprove5 has 60 seconds left.
|inactive|helio list has 60 seconds left.
|
|t:|1784666379
|teamsize|p1|4
|teamsize|p2|4
|start
|switch|p1a: Froslass|Froslass, L50, F|100/100
|switch|p1b: Kingambit|Kingambit, L50, F|100/100
|switch|p2a: Talonflame|Talonflame, L50, F|100/100
|switch|p2b: Floette|Floette-Eternal, L50, F|100/100
|turn|1
|inactive|failandimprove5 has 30 seconds left.
|
|t:|1784666407
|switch|p1b: Lycanroc|Lycanroc-Dusk, L50, F|100/100
|detailschange|p1a: Froslass|Froslass-Mega, L50, F
|-mega|p1a: Froslass|Froslass|Froslassite
|-weather|Snowscape|[from] ability: Snow Warning|[of] p1a: Froslass
|detailschange|p2b: Floette|Floette-Mega, L50, F
|-mega|p2b: Floette|Floette|Floettite
|-ability|p2b: Floette|Fairy Aura
|move|p2a: Talonflame|Flare Blitz|p1b: Lycanroc
|-resisted|p1b: Lycanroc|1
|-damage|p1b: Lycanroc|63/100
|-damage|p2a: Talonflame|88/100|[from] Recoil
|move|p1a: Froslass|Blizzard|p2b: Floette|[spread] p2a,p2b
|-damage|p2a: Talonflame|25/100
|-damage|p2b: Floette|65/100
|-status|p2a: Talonflame|frz
|move|p2b: Floette|Dazzling Gleam|p1a: Froslass|[spread] p1a,p1b
|-damage|p1a: Froslass|44/100
|-damage|p1b: Lycanroc|0 fnt
|faint|p1b: Lycanroc
|
|-weather|Snowscape|[upkeep]
|upkeep
|
|t:|1784666422
|switch|p1b: Kingambit|Kingambit, L50, F|100/100
|turn|2
|
|t:|1784666429
|move|p1b: Kingambit|Sucker Punch|p2a: Talonflame
|-crit|p2a: Talonflame
|-damage|p2a: Talonflame|0 fnt
|faint|p2a: Talonflame
|-damage|p1b: Kingambit|90/100|[from] item: Life Orb
|move|p1a: Froslass|Blizzard|p2b: Floette
|-damage|p2b: Floette|18/100
|move|p2b: Floette|Dazzling Gleam|p1a: Froslass|[spread] p1a,p1b
|-damage|p1a: Froslass|0 fnt
|-damage|p1b: Kingambit|37/100
|faint|p1a: Froslass
|
|-weather|Snowscape|[upkeep]
|upkeep
|
|t:|1784666435
|switch|p2a: Garchomp|Garchomp, L50, M|100/100
|switch|p1a: Basculegion|Basculegion, L50, M|100/100
|turn|3
|inactive|failandimprove5 has 30 seconds left.
|inactive|failandimprove5 has 20 seconds left.
|inactive|failandimprove5 has 15 seconds left.
|
|t:|1784666478
|move|p2b: Floette|Protect|p2b: Floette
|-singleturn|p2b: Floette|Protect
|move|p1b: Kingambit|Protect|p1b: Kingambit
|-singleturn|p1b: Kingambit|Protect
|move|p2a: Garchomp|Earthquake|p1b: Kingambit|[spread] p1a
|-activate|p2b: Floette|move: Protect
|-activate|p1b: Kingambit|move: Protect
|-damage|p1a: Basculegion|54/100
|-damage|p2a: Garchomp|90/100|[from] item: Life Orb
|move|p1a: Basculegion|Last Respects|p2a: Garchomp
|-damage|p2a: Garchomp|0 fnt
|faint|p2a: Garchomp
|
|-weather|Snowscape|[upkeep]
|upkeep
|
|t:|1784666483
|switch|p2a: Basculegion|Basculegion, L50, M|100/100
|turn|4
|inactive|failandimprove5 has 30 seconds left.
|
|t:|1784666514
|move|p1a: Basculegion|Aqua Jet|p2b: Floette
|-damage|p2b: Floette|0 fnt
|faint|p2b: Floette
|move|p1b: Kingambit|Sucker Punch|p2a: Basculegion
|-supereffective|p2a: Basculegion|1
|-enditem|p2a: Basculegion|Focus Sash
|-damage|p2a: Basculegion|1/100
|-damage|p1b: Kingambit|28/100|[from] item: Life Orb
|move|p2a: Basculegion|Last Respects|p1a: Basculegion
|-supereffective|p1a: Basculegion|1
|-damage|p1a: Basculegion|0 fnt
|faint|p1a: Basculegion
|
|-weather|Snowscape|[upkeep]
|upkeep
|turn|5
|
|t:|1784666526
|move|p2a: Basculegion|Protect|p2a: Basculegion
|-singleturn|p2a: Basculegion|Protect
|move|p1b: Kingambit|Kowtow Cleave|p2a: Basculegion
|-activate|p2a: Basculegion|move: Protect
|
|-weather|none
|upkeep
|turn|6
|inactive|failandimprove5 has 30 seconds left.
|
|t:|1784666554
|move|p2a: Basculegion|Liquidation|p1b: Kingambit
|-damage|p1b: Kingambit|0 fnt
|faint|p1b: Kingambit
|
|win|helio list
