|j|☆supaeTheGoat
|j|☆NiL312
|html|supaeTheGoatNiL312    
|uhtml|bestof|Game 2 of a best-of-3
|t:|1783815281
|gametype|doubles
|player|p1|supaeTheGoat|benga|
|player|p2|NiL312|102|
|gen|9
|tier|[Gen 9 Champions] VGC 2026 Reg M-B (Bo3)
|rule|Species Clause: Limit one of each Pokémon
|rule|Item Clause: Limit 1 of each item
|clearpoke
|poke|p1|Basculegion, L50, M, shiny|
|poke|p1|Tyranitar, L50, M, shiny|
|poke|p1|Tsareena, L50, F, shiny|
|poke|p1|Aegislash, L50, F, shiny|
|poke|p1|Volcarona, L50, M, shiny|
|poke|p1|Milotic, L50, M|
|poke|p2|Farigiraf, L50, F|
|poke|p2|Garchomp, L50, F|
|poke|p2|Blastoise, L50, F|
|poke|p2|Talonflame, L50, F|
|poke|p2|Armarouge, L50, M|
|poke|p2|Mawile, L50, M|
|teampreview|4
|showteam|p1|Basculegion||FocusSash|Adaptability|LastRespects,WaveCrash,AquaJet,Protect|Adamant||M|||50|]Tyranitar||Tyranitarite|SandStream|LowKick,RockSlide,KnockOff,Protect|Adamant||M|||50|]Tsareena||SitrusBerry|QueenlyMajesty|TropKick,Taunt,Protect,TripleAxel|Careful||F|||50|]Aegislash||SpellTag|StanceChange|Poltergeist,WideGuard,KingsShield,ShadowSneak|Impish||F|||50|]Volcarona||ShucaBerry|FlameBody|Overheat,RagePowder,Protect,BugBuzz|Modest||M|||50|]Milotic||Leftovers|Competitive|Coil,MuddyWater,Hypnosis,Protect|Calm||M|||50|
|showteam|p2|Farigiraf||WhiteHerb|ArmorTail|TrickRoom,HelpingHand,ShadowBall,Thunderbolt|Quiet||F|||50|]Garchomp||LifeOrb|RoughSkin|Earthquake,RockSlide,DragonClaw,Protect|Jolly||F|||50|]Blastoise||Blastoisinite|Torrent|WaterSpout,DarkPulse,AuraSphere,Protect|Quiet||F|||50|]Talonflame||FocusSash|GaleWings|Tailwind,DualWingbeat,FlareBlitz,Protect|Jolly||F|||50|]Armarouge||PasshoBerry|FlashFire|ArmorCannon,EnergyBall,WideGuard,Protect|Quiet||M|||50|]Mawile||Mawilite|Intimidate|SuckerPunch,RockSlide,IronHead,Protect|Brave||M|||50|
|inactive|Battle timer is ON: inactive players will automatically lose when time's up. (requested by supaeTheGoat)
|inactiveoff|Battle timer is now OFF.
|j| Backwards_Aerial
|
|t:|1783815329
|teamsize|p1|4
|teamsize|p2|4
|start
|switch|p1a: Milotic|Milotic, L50, M|100/100
|switch|p1b: Tsareena|Tsareena, L50, F, shiny|100/100
|switch|p2a: do geese see god|Farigiraf, L50, F|100/100
|switch|p2b: savetheturtles|Blastoise, L50, F|100/100
|turn|1
|
|t:|1783815399
|move|p2b: savetheturtles|Protect|p2b: savetheturtles
|-singleturn|p2b: savetheturtles|Protect
|move|p1a: Milotic|Coil|p1a: Milotic
|-boost|p1a: Milotic|atk|1
|-boost|p1a: Milotic|def|1
|-boost|p1a: Milotic|accuracy|1
|move|p1b: Tsareena|Taunt|p2a: do geese see god
|-start|p2a: do geese see god|move: Taunt
|cant|p2a: do geese see god|move: Taunt|Trick Room
|
|upkeep
|turn|2
|
|t:|1783815434
|switch|p2b: horhorhorhor|Armarouge, L50, M|100/100
|move|p1a: Milotic|Coil|p1a: Milotic
|-boost|p1a: Milotic|atk|1
|-boost|p1a: Milotic|def|1
|-boost|p1a: Milotic|accuracy|1
|move|p1b: Tsareena|Trop Kick|p2b: horhorhorhor
|-resisted|p2b: horhorhorhor|1
|-damage|p2b: horhorhorhor|82/100
|-unboost|p2b: horhorhorhor|atk|1
|move|p2a: do geese see god|Thunderbolt|p1a: Milotic
|-supereffective|p1a: Milotic|1
|-damage|p1a: Milotic|63/100
|
|-heal|p1a: Milotic|69/100|[from] item: Leftovers
|upkeep
|turn|3
|
|t:|1783815464
|switch|p1b: Tyranitar|Tyranitar, L50, M, shiny|100/100
|-weather|Sandstorm|[from] ability: Sand Stream|[of] p1b: Tyranitar
|move|p2b: horhorhorhor|Wide Guard|p2b: horhorhorhor
|-singleturn|p2b: horhorhorhor|Wide Guard
|move|p1a: Milotic|Muddy Water|p2a: do geese see god|[spread] 
|-activate|p2a: do geese see god|move: Wide Guard
|-activate|p2b: horhorhorhor|move: Wide Guard
|move|p2a: do geese see god|Thunderbolt|p1a: Milotic
|-supereffective|p1a: Milotic|1
|-damage|p1a: Milotic|32/100
|
|-weather|Sandstorm|[upkeep]
|-damage|p1a: Milotic|26/100|[from] Sandstorm
|-damage|p2b: horhorhorhor|76/100|[from] Sandstorm
|-damage|p2a: do geese see god|93/100|[from] Sandstorm
|-heal|p1a: Milotic|32/100|[from] item: Leftovers
|-end|p2a: do geese see god|move: Taunt
|upkeep
|turn|4
|
|t:|1783815504
|detailschange|p1b: Tyranitar|Tyranitar-Mega, L50, M, shiny
|-mega|p1b: Tyranitar|Tyranitar|Tyranitarite
|move|p2b: horhorhorhor|Wide Guard|p2b: horhorhorhor
|-singleturn|p2b: horhorhorhor|Wide Guard
|move|p1a: Milotic|Hypnosis|p2b: horhorhorhor
|-status|p2b: horhorhorhor|slp|[from] move: Hypnosis
|move|p1b: Tyranitar|Knock Off|p2a: do geese see god
|-supereffective|p2a: do geese see god|1
|-damage|p2a: do geese see god|0 fnt
|-enditem|p2a: do geese see god|White Herb|[from] move: Knock Off|[of] p1b: Tyranitar
|faint|p2a: do geese see god
|
|-weather|Sandstorm|[upkeep]
|-damage|p1a: Milotic|26/100|[from] Sandstorm
|-damage|p2b: horhorhorhor|70/100 slp|[from] Sandstorm
|-heal|p1a: Milotic|32/100|[from] item: Leftovers
|upkeep
|
|t:|1783815526
|switch|p2a: top lane|Garchomp, L50, F|100/100
|turn|5
|
|t:|1783815539
|move|p1b: Tyranitar|Protect|p1b: Tyranitar
|-singleturn|p1b: Tyranitar|Protect
|move|p2a: top lane|Dragon Claw|p1a: Milotic
|-damage|p1a: Milotic|4/100
|-damage|p2a: top lane|90/100|[from] item: Life Orb
|move|p1a: Milotic|Muddy Water|p2a: top lane|[spread] p2a,p2b
|-supereffective|p2b: horhorhorhor|1
|-enditem|p2b: horhorhorhor|Passho Berry|[eat]
|-enditem|p2b: horhorhorhor|Passho Berry|[weaken]
|-damage|p2a: top lane|65/100
|-damage|p2b: horhorhorhor|43/100 slp
|-unboost|p2b: horhorhorhor|accuracy|1
|cant|p2b: horhorhorhor|slp
|
|-weather|Sandstorm|[upkeep]
|-damage|p1a: Milotic|0 fnt|[from] Sandstorm
|-damage|p2b: horhorhorhor|37/100 slp|[from] Sandstorm
|faint|p1a: Milotic
|upkeep
|
|t:|1783815556
|switch|p1a: Volcarona|Volcarona, L50, M, shiny|100/100
|turn|6
|
|t:|1783815584
|switch|p1b: Tsareena|Tsareena, L50, F, shiny|100/100
|move|p2a: top lane|Rock Slide|p1b: Tsareena|[spread] p1a,p1b
|-supereffective|p1a: Volcarona|2
|-damage|p1a: Volcarona|0 fnt
|-damage|p1b: Tsareena|73/100
|faint|p1a: Volcarona
|-damage|p2a: top lane|56/100|[from] item: Life Orb
|-curestatus|p2b: horhorhorhor|slp|[msg]
|move|p2b: horhorhorhor|Energy Ball|p1b: Tsareena
|-resisted|p1b: Tsareena|1
|-damage|p1b: Tsareena|61/100
|
|-weather|Sandstorm|[upkeep]
|-damage|p1b: Tsareena|55/100|[from] Sandstorm
|-damage|p2b: horhorhorhor|31/100|[from] Sandstorm
|upkeep
|
|t:|1783815589
|switch|p1a: Tyranitar|Tyranitar-Mega, L50, M, shiny|100/100
|turn|7
|
|t:|1783815630
|switch|p2a: savetheturtles|Blastoise, L50, F|100/100
|move|p1b: Tsareena|Triple Axel|p2a: savetheturtles|[miss]
|-miss|p1b: Tsareena|p2a: savetheturtles
|move|p1a: Tyranitar|Knock Off|p2a: savetheturtles
|-crit|p2a: savetheturtles
|-damage|p2a: savetheturtles|34/100
|move|p2b: horhorhorhor|Armor Cannon|p1b: Tsareena
|-supereffective|p1b: Tsareena|1
|-damage|p1b: Tsareena|0 fnt
|-unboost|p2b: horhorhorhor|def|1
|-unboost|p2b: horhorhorhor|spd|1
|faint|p1b: Tsareena
|
|-weather|none
|upkeep
|turn|8
|
|t:|1783815675
|detailschange|p2a: savetheturtles|Blastoise-Mega, L50, F
|-mega|p2a: savetheturtles|Blastoise|Blastoisinite
|move|p2b: horhorhorhor|Wide Guard|p2b: horhorhorhor
|-singleturn|p2b: horhorhorhor|Wide Guard
|move|p1a: Tyranitar|Rock Slide|p2a: savetheturtles|[spread] 
|-activate|p2a: savetheturtles|move: Wide Guard
|-activate|p2b: horhorhorhor|move: Wide Guard
|move|p2a: savetheturtles|Aura Sphere|p1a: Tyranitar
|-supereffective|p1a: Tyranitar|2
|-damage|p1a: Tyranitar|0 fnt
|faint|p1a: Tyranitar
|
|win|NiL312
||supaeTheGoat is ready for game 3.
|inactive|NiL312 has 30 seconds to confirm battle start!
|l|☆supaeTheGoat
|player|p1|
||NiL312 is ready for game 3.
|uhtml|next|Next: Game 3 of 3
