|j|☆Joey Snowball
|j|☆PrinceFrerin
|html|Joey SnowballPrinceFrerin    
|uhtml|bestof|Game 1 of a best-of-3
|t:|1783788675
|gametype|doubles
|player|p1|Joey Snowball|266|
|player|p2|PrinceFrerin|266|
|gen|9
|tier|[Gen 9 Champions] VGC 2026 Reg M-B (Bo3)
|rule|Species Clause: Limit one of each Pokémon
|rule|Item Clause: Limit 1 of each item
|clearpoke
|poke|p1|Basculegion-F, L50, F|
|poke|p1|Sinistcha, L50|
|poke|p1|Wyrdeer, L50, F|
|poke|p1|Gyarados, L50, F|
|poke|p1|Blaziken, L50, F|
|poke|p1|Lycanroc-Dusk, L50, M|
|poke|p2|Sneasler, L50, M|
|poke|p2|Tauros-Paldea-Aqua, L50, M|
|poke|p2|Slowbro, L50, M|
|poke|p2|Gardevoir, L50, M|
|poke|p2|Metagross, L50|
|poke|p2|Kleavor, L50, F|
|teampreview|4
|showteam|p1|Basculegion-F||ChoiceScarf|Adaptability|ShadowBall,MuddyWater,Surf,Blizzard|Mild||F|||50|]Sinistcha||QuickClaw|Hospitality|MatchaGotcha,NastyPlot,TrickRoom,ShadowBall|Modest|||||50|]Wyrdeer||SilkScarf|Frisk|PsyshieldBash,GigaImpact,Thrash,ThroatChop|Adamant||F|||50|]Gyarados||Gyaradosite|Intimidate|Waterfall,StoneEdge,Protect,PowerWhip|Relaxed||F|||50|]Blaziken||Blazikenite|Blaze|CloseCombat,FlareBlitz,KnockOff,Protect|Adamant||F|||50|]Lycanroc-Dusk||FocusSash|ToughClaws|RockSlide,Protect,LastResort,SuckerPunch|Adamant||M|||50|
|showteam|p2|Sneasler||FocusSash|Unburden|RockSlide,RockTomb,FakeOut,DireClaw|Adamant||M|||50|]Tauros-Paldea-Aqua||LifeOrb|Intimidate|AquaJet,CloseCombat,HighHorsepower,RagingBull|Naughty||M|||50|]Slowbro||SitrusBerry|Regenerator|Scald,IceBeam,NastyPlot,FoulPlay|Modest||M|||50|]Gardevoir||Gardevoirite|Trace|HyperVoice,Protect,CalmMind,Psychic|Quiet||M|||50|]Metagross||Metagrossite|ClearBody|MeteorMash,Protect,ShadowClaw,ThunderPunch|Adamant|||||50|]Kleavor||ChoiceScarf|SheerForce|StoneAxe,NightSlash,BrickBreak,DoubleHit|Adamant||F|||50|
|j| prophetcassandra
|inactive|Battle timer is ON: inactive players will automatically lose when time's up. (requested by Joey Snowball)
|inactive|PrinceFrerin has 60 seconds left.
|
|t:|1783788789
|teamsize|p1|4
|teamsize|p2|4
|start
|switch|p1a: Good ol reliable|Basculegion-F, L50, F|100/100
|switch|p1b: matcha at home|Sinistcha, L50|100/100
|switch|p2a: Reecoome|Sneasler, L50, M|100/100
|switch|p2b: Captain Ginyu|Metagross, L50|100/100
|turn|1
|inactive|Joey Snowball has 30 seconds left.
|inactive|PrinceFrerin has 30 seconds left.
|inactive|PrinceFrerin has 20 seconds left.
|inactive|Joey Snowball has 20 seconds left.
|inactive|PrinceFrerin has 15 seconds left.
|inactive|PrinceFrerin has 10 seconds left.
|
|t:|1783788836
|move|p1a: Good ol reliable|Shadow Ball|p2a: Reecoome
|-damage|p2a: Reecoome|44/100
|-unboost|p2a: Reecoome|spd|1
|move|p2a: Reecoome|Rock Tomb|p1a: Good ol reliable
|-damage|p1a: Good ol reliable|69/100
|-unboost|p1a: Good ol reliable|spe|1
|move|p2b: Captain Ginyu|Thunder Punch|p1a: Good ol reliable
|-supereffective|p1a: Good ol reliable|1
|-damage|p1a: Good ol reliable|0 fnt
|faint|p1a: Good ol reliable
|move|p1b: matcha at home|Matcha Gotcha|p2b: Captain Ginyu|[spread] p2a,p2b
|-resisted|p2a: Reecoome|1
|-crit|p2a: Reecoome
|-resisted|p2b: Captain Ginyu|1
|-damage|p2a: Reecoome|0 fnt
|-damage|p2b: Captain Ginyu|81/100
|-status|p2b: Captain Ginyu|brn
|faint|p2a: Reecoome
|
|-damage|p2b: Captain Ginyu|75/100 brn|[from] brn
|upkeep
|inactive|Joey Snowball has 30 seconds left.
|inactive|PrinceFrerin has 30 seconds left.
|inactive|Joey Snowball has 20 seconds left.
|
|t:|1783788874
|switch|p2a: Frieza|Gardevoir, L50, M|100/100
|switch|p1a: Not in Uber|Blaziken, L50, F|100/100
|-ability|p2a: Frieza|Blaze|Trace|[from] ability: Trace|[of] p1a: Not in Uber
|turn|2
|inactive|Joey Snowball has 30 seconds left.
|inactive|PrinceFrerin has 30 seconds left.
|inactive|PrinceFrerin has 20 seconds left.
|inactive|PrinceFrerin has 15 seconds left.
|
|t:|1783788919
|detailschange|p1a: Not in Uber|Blaziken-Mega, L50, F
|-mega|p1a: Not in Uber|Blaziken|Blazikenite
|detailschange|p2a: Frieza|Gardevoir-Mega, L50, M
|-mega|p2a: Frieza|Gardevoir|Gardevoirite
|move|p1a: Not in Uber|Protect|p1a: Not in Uber
|-singleturn|p1a: Not in Uber|Protect
|move|p2a: Frieza|Hyper Voice|p1b: matcha at home|[spread] p1b
|-activate|p1a: Not in Uber|move: Protect
|-damage|p1b: matcha at home|39/100
|move|p1b: matcha at home|Shadow Ball|p2a: Frieza
|-supereffective|p2a: Frieza|1
|-damage|p2a: Frieza|30/100
|move|p2b: Captain Ginyu|Shadow Claw|p1b: matcha at home
|-supereffective|p1b: matcha at home|1
|-damage|p1b: matcha at home|8/100
|
|-damage|p2b: Captain Ginyu|69/100 brn|[from] brn
|-ability|p1a: Not in Uber|Speed Boost|boost
|-boost|p1a: Not in Uber|spe|1
|upkeep
|turn|3
|c|☆PrinceFrerin|...
|inactive|Joey Snowball has 30 seconds left.
|inactive|PrinceFrerin has 30 seconds left.
|c| prophetcassandra|thats mons
|inactive|Joey Snowball has 20 seconds left.
|inactive|Joey Snowball has 15 seconds left.
|inactive|Joey Snowball has 10 seconds left.
|inactive|Joey Snowball has 5 seconds left.
|
|t:|1783788970
|switch|p2a: Jeice|Tauros-Paldea-Aqua, L50, M|100/100
|-ability|p2a: Jeice|Intimidate|boost
|-unboost|p1a: Not in Uber|atk|1
|-unboost|p1b: matcha at home|atk|1
|switch|p1b: mega moxie|Gyarados, L50, F|100/100
|-ability|p1b: mega moxie|Intimidate|boost
|-unboost|p2a: Jeice|atk|1
|-fail|p2b: Captain Ginyu|unboost|[from] ability: Clear Body|[of] p2b: Captain Ginyu
|move|p1a: Not in Uber|Knock Off|p2a: Jeice
|-resisted|p2a: Jeice|1
|-damage|p2a: Jeice|87/100
|-enditem|p2a: Jeice|Life Orb|[from] move: Knock Off|[of] p1a: Not in Uber
|move|p2b: Captain Ginyu|Shadow Claw|p1b: mega moxie
|-damage|p1b: mega moxie|88/100
|
|-damage|p2b: Captain Ginyu|63/100 brn|[from] brn
|-ability|p1a: Not in Uber|Speed Boost|boost
|-boost|p1a: Not in Uber|spe|1
|upkeep
|turn|4
|inactive|Joey Snowball has 30 seconds left.
|inactive|PrinceFrerin has 30 seconds left.
|inactive|PrinceFrerin has 20 seconds left.
|inactive|PrinceFrerin has 15 seconds left.
|inactive|PrinceFrerin has 10 seconds left.
|inactive|Joey Snowball has 20 seconds left.
|inactive|PrinceFrerin has 5 seconds left.
|inactive|Joey Snowball has 15 seconds left.
|inactive|Joey Snowball has 10 seconds left.
|
|t:|1783789031
|move|p1a: Not in Uber|Protect|p1a: Not in Uber
|-singleturn|p1a: Not in Uber|Protect
|move|p2a: Jeice|Raging Bull|p1a: Not in Uber
|-activate|p1a: Not in Uber|move: Protect
|move|p2b: Captain Ginyu|Thunder Punch|p1b: mega moxie
|-supereffective|p1b: mega moxie|2
|-damage|p1b: mega moxie|40/100
|move|p1b: mega moxie|Power Whip|p2a: Jeice
|-supereffective|p2a: Jeice|1
|-damage|p2a: Jeice|3/100
|
|-damage|p2b: Captain Ginyu|58/100 brn|[from] brn
|-ability|p1a: Not in Uber|Speed Boost|boost
|-boost|p1a: Not in Uber|spe|1
|upkeep
|turn|5
|inactive|Joey Snowball has 30 seconds left.
|inactive|Joey Snowball has 20 seconds left.
|
|t:|1783789070
|move|p2a: Jeice|Aqua Jet|p1a: Not in Uber
|-supereffective|p1a: Not in Uber|1
|-damage|p1a: Not in Uber|60/100
|move|p1a: Not in Uber|Flare Blitz|p2b: Captain Ginyu
|-supereffective|p2b: Captain Ginyu|1
|-damage|p2b: Captain Ginyu|0 fnt
|faint|p2b: Captain Ginyu
|-damage|p1a: Not in Uber|40/100|[from] Recoil
|move|p1b: mega moxie|Waterfall|p2a: Jeice
|-resisted|p2a: Jeice|1
|-damage|p2a: Jeice|0 fnt
|faint|p2a: Jeice
|
|-ability|p1a: Not in Uber|Speed Boost|boost
|-boost|p1a: Not in Uber|spe|1
|upkeep
|
|t:|1783789083
|switch|p2b: Frieza|Gardevoir-Mega, L50, M|30/100
|turn|6
|
|t:|1783789095
|move|p1a: Not in Uber|Flare Blitz|p2b: Frieza
|-damage|p2b: Frieza|0 fnt
|faint|p2b: Frieza
|-damage|p1a: Not in Uber|29/100|[from] Recoil
|
|win|Joey Snowball
||PrinceFrerin is ready for game 2.
