|j|☆PJG4487
|j|☆Bananabread1398
|html|PJG4487Bananabread1398    
|uhtml|bestof|Game 1 of a best-of-3
|t:|1784155069
|gametype|doubles
|player|p1|PJG4487|1|
|player|p2|Bananabread1398|2|
|gen|9
|tier|[Gen 9 Champions] VGC 2026 Reg M-B (Bo3)
|rule|Species Clause: Limit one of each Pokémon
|rule|Item Clause: Limit 1 of each item
|clearpoke
|poke|p1|Floette-Eternal, L50, F|
|poke|p1|Espathra, L50, M|
|poke|p1|Sableye, L50, F|
|poke|p1|Tsareena, L50, F|
|poke|p1|Umbreon, L50, F|
|poke|p1|Heliolisk, L50, F|
|poke|p2|Raichu, L50, F|
|poke|p2|Whimsicott, L50, F|
|poke|p2|Basculegion, L50, M|
|poke|p2|Empoleon, L50, M|
|poke|p2|Lopunny, L50, F|
|poke|p2|Mudsdale, L50, F, shiny|
|teampreview|4
|showteam|p1|Floette-Eternal||Floettite|FlowerVeil|LightofRuin,DazzlingGleam,Protect,CalmMind|Modest||F|||50|]Espathra||FocusSash|SpeedBoost|LuminaCrash,BatonPass,CalmMind,Protect|Modest||M|||50|]Sableye||MentalHerb|Prankster|FakeOut,Disable,FoulPlay,Reflect|Relaxed||F|||50|]Tsareena||LifeOrb|QueenlyMajesty|PowerWhip,KnockOff,Protect,HighJumpKick|Adamant||F|||50|]Umbreon||Leftovers|InnerFocus|Protect,Toxic,Snarl,BabyDollEyes|Calm||F|||50|]Heliolisk||ChoiceScarf|DrySkin|ShedTail,HyperVoice,VoltSwitch,Thunderbolt|Modest||F|||50|
|showteam|p2|Raichu||RaichuniteY|Static|ZapCannon,Protect,FocusBlast,Encore|Timid||F|||50|]Whimsicott||FocusSash|Prankster|LightScreen,Encore,Protect,EnergyBall|Bold||F|||50|]Basculegion||ChoiceScarf|Adaptability|FlipTurn,WaveCrash,HeadSmash,LastRespects|Jolly||M|||50|]Empoleon||ShucaBerry|Competitive|FlashCannon,AquaJet,Haze,StealthRock|Sassy||M|||50|]Lopunny||Lopunnite|CuteCharm|FakeOut,CloseCombat,Protect,IcePunch|Jolly||F|||50|]Mudsdale||LifeOrb|InnerFocus|Earthquake,RockSlide,Roar,Protect|Adamant||F|||50|
|j| NewTrainaOnDaBlock
|
|t:|1784155239
|teamsize|p1|4
|teamsize|p2|4
|start
|switch|p1a: Sableye|Sableye, L50, F|100/100
|switch|p1b: Espathra|Espathra, L50, M|100/100
|switch|p2a: The Stud|Mudsdale, L50, F, shiny|100/100
|switch|p2b: Brosideon|Empoleon, L50, M|100/100
|turn|1
|
|t:|1784155270
|move|p1a: Sableye|Fake Out|p2b: Brosideon
|-resisted|p2b: Brosideon|1
|-damage|p2b: Brosideon|95/100
|move|p1b: Espathra|Calm Mind|p1b: Espathra
|-boost|p1b: Espathra|spa|1
|-boost|p1b: Espathra|spd|1
|cant|p2b: Brosideon|flinch
|move|p2a: The Stud|Roar|p1b: Espathra
|drag|p1b: Floette|Floette-Eternal, L50, F|100/100
|
|upkeep
|turn|2
|j| MasterSkillsalt
|c|☆PJG4487|THE ROAR
|
|t:|1784155361
|detailschange|p1b: Floette|Floette-Mega, L50, F
|-mega|p1b: Floette|Floette|Floettite
|-ability|p1b: Floette|Fairy Aura
|move|p1b: Floette|Dazzling Gleam|p2a: The Stud|[spread] p2a,p2b
|-resisted|p2b: Brosideon|1
|-damage|p2a: The Stud|53/100
|-damage|p2b: Brosideon|76/100
|move|p2b: Brosideon|Stealth Rock|p1a: Sableye
|-sidestart|p1: PJG4487|move: Stealth Rock
|move|p1a: Sableye|Foul Play|p2a: The Stud
|-damage|p2a: The Stud|6/100
|move|p2a: The Stud|Rock Slide|p1b: Floette|[spread] p1a,p1b
|-damage|p1a: Sableye|63/100
|-damage|p1b: Floette|69/100
|-damage|p2a: The Stud|0 fnt|[from] item: Life Orb
|faint|p2a: The Stud
|
|upkeep
|
|t:|1784155385
|switch|p2a: Rat|Raichu, L50, F|100/100
|turn|3
|
|t:|1784155448
|move|p1b: Floette|Protect|p1b: Floette
|-singleturn|p1b: Floette|Protect
|move|p2a: Rat|Zap Cannon|p1a: Sableye|[miss]
|-miss|p2a: Rat|p1a: Sableye
|move|p2b: Brosideon|Flash Cannon|p1b: Floette
|-activate|p1b: Floette|move: Protect
|move|p1a: Sableye|Foul Play|p2a: Rat
|-damage|p2a: Rat|40/100
|-status|p1a: Sableye|par|[from] ability: Static|[of] p2a: Rat
|
|upkeep
|turn|4
|
|t:|1784155490
|detailschange|p2a: Rat|Raichu-Mega-Y, L50, F
|-mega|p2a: Rat|Raichu|Raichunite Y
|move|p1a: Sableye|Disable|p2a: Rat
|-start|p2a: Rat|Disable|Zap Cannon
|cant|p2a: Rat|Disable|Zap Cannon
|move|p1b: Floette|Dazzling Gleam|p2b: Brosideon|[spread] p2a,p2b
|-resisted|p2b: Brosideon|1
|-crit|p2b: Brosideon
|-damage|p2a: Rat|0 fnt
|-damage|p2b: Brosideon|50/100g
|faint|p2a: Rat
|move|p2b: Brosideon|Flash Cannon|p1a: Sableye
|-damage|p1a: Sableye|29/100 par
|
|upkeep
|
|t:|1784155502
|switch|p2a: Fih|Basculegion, L50, M|100/100
|turn|5
|
|t:|1784155572
|move|p1b: Floette|Protect|p1b: Floette
|-singleturn|p1b: Floette|Protect
|cant|p1a: Sableye|par
|move|p2a: Fih|Last Respects|p1b: Floette
|-activate|p1b: Floette|move: Protect
|move|p2b: Brosideon|Flash Cannon|p1a: Sableye
|-damage|p1a: Sableye|0 fnt
|faint|p1a: Sableye
|
|upkeep
|
|t:|1784155587
|switch|p1a: Espathra|Espathra, L50, M|100/100
|-damage|p1a: Espathra|87/100|[from] Stealth Rock
|turn|6
|
|t:|1784155643
|move|p2a: Fih|Last Respects|p1b: Floette
|-damage|p1b: Floette|0 fnt
|faint|p1b: Floette
|move|p1a: Espathra|Lumina Crash|p2b: Brosideon
|-resisted|p2b: Brosideon|1
|-damage|p2b: Brosideon|38/100
|-unboost|p2b: Brosideon|spd|2
|-ability|p2b: Brosideon|Competitive|boost
|-boost|p2b: Brosideon|spa|2
|move|p2b: Brosideon|Flash Cannon|p1a: Espathra
|-damage|p1a: Espathra|0 fnt
|faint|p1a: Espathra
|
|upkeep
|c|☆PJG4487|I paid 0 attention to the ability
|
|t:|1784155675
|switch|p1b: Tsareena|Tsareena, L50, F|100/100
|-damage|p1b: Tsareena|87/100|[from] Stealth Rock
|turn|7
|
|t:|1784155708
|move|p1b: Tsareena|Protect|p1b: Tsareena
|-singleturn|p1b: Tsareena|Protect
|move|p2a: Fih|Last Respects|p1b: Tsareena
|-activate|p1b: Tsareena|move: Protect
|move|p2b: Brosideon|Flash Cannon|p1b: Tsareena
|-activate|p1b: Tsareena|move: Protect
|
|upkeep
|turn|8
|
|t:|1784155721
|move|p2a: Fih|Last Respects|p1b: Tsareena
|-damage|p1b: Tsareena|0 fnt
|faint|p1b: Tsareena
|
|win|Bananabread1398
