|j|☆HunterOnShowdown
|j|☆lukashz
|html|HunterOnShowdownlukashz    
|uhtml|bestof|Game 3 of a best-of-3
|t:|1784263265
|gametype|doubles
|player|p1|HunterOnShowdown|hilbert|1341
|player|p2|lukashz|elesa|1336
|gen|9
|tier|[Gen 9 Champions] VGC 2026 Reg M-B (Bo3)
|rated|
|rule|Species Clause: Limit one of each Pokémon
|rule|Item Clause: Limit 1 of each item
|clearpoke
|poke|p1|Charizard, L50, M|
|poke|p1|Garchomp, L50, F|
|poke|p1|Sylveon, L50, M|
|poke|p1|Kingambit, L50, F|
|poke|p1|Aerodactyl, L50, M|
|poke|p1|Incineroar, L50, M|
|poke|p2|Farigiraf, L50, M|
|poke|p2|Incineroar, L50, F|
|poke|p2|Camerupt, L50, M|
|poke|p2|Kingambit, L50, F|
|poke|p2|Vivillon-Fancy, L50, F|
|poke|p2|Abomasnow, L50, F|
|teampreview|4
|showteam|p1|Charizard||CharizarditeY|SolarPower|HeatWave,WeatherBall,SolarBeam,Protect|Modest||M|||50|]Garchomp||LifeOrb|RoughSkin|Earthquake,StompingTantrum,DragonClaw,Protect|Jolly||F|||50|]Sylveon||FairyFeather|Pixilate|Detect,HyperVoice,HyperBeam,QuickAttack|Modest||M|||50|]Kingambit||FocusSash|Defiant|IronHead,KowtowCleave,SuckerPunch,Protect|Adamant||F|||50|]Aerodactyl||Aerodactylite|Unnerve|RockSlide,WideGuard,IceFang,Tailwind|Jolly||M|||50|]Incineroar||SitrusBerry|Intimidate|FlareBlitz,PartingShot,ThroatChop,FakeOut|Impish||M|||50|
|showteam|p2|Farigiraf||SitrusBerry|ArmorTail|Protect,Psychic,HelpingHand,TrickRoom|Sassy||M|||50|]Incineroar||LifeOrb|Intimidate|FlareBlitz,DarkestLariat,FakeOut,PartingShot|Brave||F|||50|]Camerupt||Cameruptite|SolidRock|Protect,HeatWave,EarthPower,AncientPower|Quiet||M|||50|]Kingambit||BlackGlasses|Defiant|SwordsDance,KowtowCleave,IronHead,SuckerPunch|Brave||F|||50|]Vivillon-Fancy||FocusSash|CompoundEyes|SleepPowder,Hurricane,RagePowder,Protect|Timid||F|||50|]Abomasnow||Abomasite|SnowWarning|GrassKnot,Blizzard,IceShard,EarthPower|Quiet||F|||50|
|inactive|Battle timer is ON: inactive players will automatically lose when time's up. (requested by HunterOnShowdown)
|
|t:|1784263292
|teamsize|p1|4
|teamsize|p2|4
|start
|switch|p1a: Incineroar|Incineroar, L50, M|100/100
|switch|p1b: Catherine|Kingambit, L50, F|100/100
|switch|p2a: Vivillon|Vivillon-Fancy, L50, F|100/100
|switch|p2b: Camerupt|Camerupt, L50, M|100/100
|-ability|p1a: Incineroar|Intimidate|boost
|-unboost|p2a: Vivillon|atk|1
|-unboost|p2b: Camerupt|atk|1
|turn|1
|inactive|HunterOnShowdown has 30 seconds left.
|
|t:|1784263326
|move|p2a: Vivillon|Protect|p2a: Vivillon
|-singleturn|p2a: Vivillon|Protect
|move|p2b: Camerupt|Protect|p2b: Camerupt
|-singleturn|p2b: Camerupt|Protect
|move|p1a: Incineroar|Fake Out|p2b: Camerupt
|-activate|p2b: Camerupt|move: Protect
|move|p1b: Catherine|Kowtow Cleave|p2b: Camerupt
|-activate|p2b: Camerupt|move: Protect
|
|upkeep
|turn|2
|inactive|lukashz has 30 seconds left.
|
|t:|1784263354
|switch|p1a: Charizard|Charizard, L50, M|100/100
|detailschange|p2b: Camerupt|Camerupt-Mega, L50, M
|-mega|p2b: Camerupt|Camerupt|Cameruptite
|move|p2a: Vivillon|Sleep Powder|p1a: Charizard
|-status|p1a: Charizard|slp|[from] move: Sleep Powder
|move|p1b: Catherine|Kowtow Cleave|p2b: Camerupt
|-damage|p2b: Camerupt|49/100
|move|p2b: Camerupt|Heat Wave|p1a: Charizard|[spread] p1a,p1b
|-resisted|p1a: Charizard|1
|-supereffective|p1b: Catherine|1
|-damage|p1a: Charizard|66/100 slp
|-enditem|p1b: Catherine|Focus Sash
|-damage|p1b: Catherine|1/100
|
|upkeep
|turn|3
|
|t:|1784263374
|switch|p1a: Tyrannis|Garchomp, L50, F|100/100
|move|p1b: Catherine|Protect|p1b: Catherine
|-singleturn|p1b: Catherine|Protect
|move|p2a: Vivillon|Hurricane|p1b: Catherine
|-activate|p1b: Catherine|move: Protect
|move|p2b: Camerupt|Ancient Power|p1a: Tyrannis
|-resisted|p1a: Tyrannis|1
|-damage|p1a: Tyrannis|81/100
|
|upkeep
|turn|4
|inactive|lukashz has 30 seconds left.
|
|t:|1784263407
|switch|p2b: Incineroar|Incineroar, L50, F|100/100
|-ability|p2b: Incineroar|Intimidate|boost
|-unboost|p1a: Tyrannis|atk|1
|-unboost|p1b: Catherine|atk|1
|-ability|p1b: Catherine|Defiant|boost
|-boost|p1b: Catherine|atk|2
|move|p1a: Tyrannis|Dragon Claw|p2a: Vivillon
|-damage|p2a: Vivillon|25/100
|-damage|p1a: Tyrannis|71/100|[from] item: Life Orb
|move|p2a: Vivillon|Hurricane|p1b: Catherine
|-resisted|p1b: Catherine|1
|-damage|p1b: Catherine|0 fnt
|faint|p1b: Catherine
|
|upkeep
|
|t:|1784263412
|switch|p1b: Incineroar|Incineroar, L50, M|100/100
|-ability|p1b: Incineroar|Intimidate|boost
|-unboost|p2a: Vivillon|atk|1
|-unboost|p2b: Incineroar|atk|1
|turn|5
|inactive|lukashz has 30 seconds left.
|
|t:|1784263439
|switch|p1a: Charizard|Charizard, L50, M|66/100 slp
|move|p2a: Vivillon|Protect|p2a: Vivillon
|-singleturn|p2a: Vivillon|Protect
|move|p1b: Incineroar|Fake Out|p2a: Vivillon
|-activate|p2a: Vivillon|move: Protect
|move|p2b: Incineroar|Darkest Lariat|p1a: Charizard
|-crit|p1a: Charizard
|-damage|p1a: Charizard|0 fnt
|faint|p1a: Charizard
|-damage|p2b: Incineroar|90/100|[from] item: Life Orb
|
|upkeep
|
|t:|1784263458
|switch|p1a: Tyrannis|Garchomp, L50, F|71/100
|turn|6
|inactive|lukashz has 30 seconds left.
|inactive|lukashz has 20 seconds left.
|
|t:|1784263498
|move|p1a: Tyrannis|Stomping Tantrum|p2b: Incineroar
|-supereffective|p2b: Incineroar|1
|-damage|p2b: Incineroar|0 fnt
|faint|p2b: Incineroar
|-damage|p1a: Tyrannis|61/100|[from] item: Life Orb
|move|p2a: Vivillon|Sleep Powder|p1a: Tyrannis
|-status|p1a: Tyrannis|slp|[from] move: Sleep Powder
|move|p1b: Incineroar|Throat Chop|p2a: Vivillon
|-damage|p2a: Vivillon|0 fnt
|faint|p2a: Vivillon
|
|upkeep
|
|t:|1784263502
|switch|p2a: Camerupt|Camerupt-Mega, L50, M|49/100
|switch|p2b: Kingambit|Kingambit, L50, F|100/100
|turn|7
|
|t:|1784263516
|cant|p1a: Tyrannis|slp
|move|p1b: Incineroar|Flare Blitz|p2b: Kingambit
|-supereffective|p2b: Kingambit|1
|-damage|p2b: Kingambit|26/100
|-damage|p1b: Incineroar|75/100|[from] Recoil
|move|p2b: Kingambit|Kowtow Cleave|p1a: Tyrannis
|-damage|p1a: Tyrannis|0 fnt
|-damage|p2b: Kingambit|14/100|[from] ability: Rough Skin|[of] p1a: Tyrannis
|faint|p1a: Tyrannis
|move|p2a: Camerupt|Earth Power|p1b: Incineroar
|-supereffective|p1b: Incineroar|1
|-damage|p1b: Incineroar|0 fnt
|faint|p1b: Incineroar
|
|win|lukashz
|raw|HunterOnShowdown's rating: 1341 → 1321(-20 for losing)
|raw|lukashz's rating: 1336 → 1356(+20 for winning)
|l|☆HunterOnShowdown
|player|p1|
