|j|☆GriseousVGC
|j|☆Dabif
|html|GriseousVGCDabif    
|uhtml|bestof|Game 1 of a best-of-3
|t:|1756406996
|gametype|doubles
|player|p1|GriseousVGC|volo|1055
|player|p2|Dabif|265|1000
|gen|9
|tier|[Gen 9] VGC 2025 Reg H (Bo3)
|rated|
|rule|Species Clause: Limit one of each Pokémon
|rule|Item Clause: Limit 1 of each item
|clearpoke
|poke|p1|Hydrapple, L50, M|
|poke|p1|Porygon2, L50|
|poke|p1|Incineroar, L50, F|
|poke|p1|Kingambit, L50, F|
|poke|p1|Araquanid, L50, M|
|poke|p1|Sneasler, L50, F|
|poke|p2|Gholdengo, L50|
|poke|p2|Maushold-Four, L50|
|poke|p2|Rillaboom, L50, M|
|poke|p2|Dragonite, L50, M|
|poke|p2|Basculegion, L50, M|
|poke|p2|Annihilape, L50, M|
|teampreview|4
|showteam|p1|Hydrapple||AssaultVest|Regenerator|FickleBeam,EarthPower,LeafStorm,GigaDrain|||M|||50|,,,,,Steel]Porygon2||Eviolite|Download|TeraBlast,IceBeam,TrickRoom,Recover||||||50|,,,,,Ground]Incineroar||SafetyGoggles|Intimidate|FakeOut,FlareBlitz,KnockOff,PartingShot|||F|||50|,,,,,Ghost]Kingambit||BlackGlasses|Defiant|KowtowCleave,SuckerPunch,SwordsDance,Protect|||F|||50|,,,,,Flying]Araquanid||ClearAmulet|WaterBubble|Liquidation,LeechLife,WideGuard,Protect|||M|||50|,,,,,Grass]Sneasler||FocusSash|PoisonTouch|CloseCombat,DireClaw,FakeOut,Protect|||F|||50|,,,,,Stellar
|showteam|p2|Gholdengo||ChoiceSpecs|GoodasGold|MakeItRain,ShadowBall,PowerGem,Trick||||||50|,,,,,Steel]Maushold-Four||WideLens|FriendGuard|PopulationBomb,Feint,FollowMe,Protect||||||50|,,,,,Ghost]Rillaboom||AssaultVest|GrassySurge|GrassyGlide,WoodHammer,HighHorsepower,FakeOut|||M|||50|,,,,,Fire]Dragonite||LoadedDice|Multiscale|ScaleShot,Tailwind,Haze,Protect|||M|||50|,,,,,Steel]Basculegion||FocusSash|Adaptability|LastRespects,WaveCrash,AquaJet,Protect|||M|||50|,,,,,Ghost]Annihilape||SitrusBerry|Defiant|RageFist,CloseCombat,FinalGambit,Protect|||M|||50|,,,,,Water
|
|t:|1756407025
|teamsize|p1|4
|teamsize|p2|4
|start
|switch|p1a: Porygon2|Porygon2, L50, shiny|100/100
|switch|p1b: Kingambit|Kingambit, L50, F, shiny|100/100
|switch|p2a: Monke|Annihilape, L50, M|100/100
|switch|p2b: Ratatouille|Maushold-Four, L50|100/100
|-ability|p1a: Porygon2|Download|boost
|-boost|p1a: Porygon2|atk|1
|turn|1
|
|t:|1756407049
|-terastallize|p1b: Kingambit|Flying
|move|p2b: Ratatouille|Feint|p1b: Kingambit
|-damage|p1b: Kingambit|94/100
|move|p2a: Monke|Close Combat|p1b: Kingambit
|-resisted|p1b: Kingambit
|-damage|p1b: Kingambit|77/100
|-unboost|p2a: Monke|def|1
|-unboost|p2a: Monke|spd|1
|move|p1b: Kingambit|Swords Dance|p1b: Kingambit
|-boost|p1b: Kingambit|atk|2
|move|p1a: Porygon2|Trick Room|p1a: Porygon2
|-fieldstart|move: Trick Room|[of] p1a: Porygon2
|
|upkeep
|turn|2
|inactive|Battle timer is ON: inactive players will automatically lose when time's up. (requested by Dabif)
|
|t:|1756407088
|switch|p1a: Hydrapple|Hydrapple, L50, M, shiny|100/100
|move|p2b: Ratatouille|Follow Me|p2b: Ratatouille
|-singleturn|p2b: Ratatouille|move: Follow Me
|move|p1b: Kingambit|Swords Dance|p1b: Kingambit
|-boost|p1b: Kingambit|atk|2
|move|p2a: Monke|Close Combat|p1a: Hydrapple
|-crit|p1a: Hydrapple
|-damage|p1a: Hydrapple|46/100
|-unboost|p2a: Monke|def|1
|-unboost|p2a: Monke|spd|1
|
|upkeep
|turn|3
|inactive|Dabif has 30 seconds left.
|inactive|Dabif has 20 seconds left.
|
|t:|1756407124
|move|p2b: Ratatouille|Protect|p2b: Ratatouille
|-singleturn|p2b: Ratatouille|Protect
|move|p2a: Monke|Protect|p2a: Monke
|-singleturn|p2a: Monke|Protect
|move|p1a: Hydrapple|Giga Drain|p2a: Monke
|-activate|p2a: Monke|move: Protect
|move|p1b: Kingambit|Kowtow Cleave|p2b: Ratatouille
|-activate|p2b: Ratatouille|move: Protect
|
|upkeep
|turn|4
|
|t:|1756407139
|move|p2b: Ratatouille|Follow Me|p2b: Ratatouille
|-singleturn|p2b: Ratatouille|move: Follow Me
|move|p1a: Hydrapple|Giga Drain|p2b: Ratatouille
|-damage|p2b: Ratatouille|65/100
|-heal|p1a: Hydrapple|61/100|[from] drain|[of] p2b: Ratatouille
|move|p1b: Kingambit|Kowtow Cleave|p2b: Ratatouille
|-damage|p2b: Ratatouille|0 fnt
|faint|p2b: Ratatouille
|move|p2a: Monke|Final Gambit|p1b: Kingambit
|-damage|p1b: Kingambit|0 fnt
|faint|p2a: Monke
|faint|p1b: Kingambit
|
|upkeep
|
|t:|1756407153
|switch|p1b: Porygon2|Porygon2, L50, shiny|100/100
|switch|p2b: Winton|Rillaboom, L50, M|100/100
|switch|p2a: bart sinson|Gholdengo, L50|100/100
|-ability|p1b: Porygon2|Download|boost
|-boost|p1b: Porygon2|spa|1
|-fieldstart|move: Grassy Terrain|[from] ability: Grassy Surge|[of] p2b: Winton
|turn|5
|inactive|Dabif has 30 seconds left.
|
|t:|1756407183
|move|p2b: Winton|Fake Out|p1b: Porygon2
|-damage|p1b: Porygon2|93/100
|move|p1a: Hydrapple|Earth Power|p2a: bart sinson
|-supereffective|p2a: bart sinson
|-damage|p2a: bart sinson|33/100
|cant|p1b: Porygon2|flinch
|move|p2a: bart sinson|Trick|p1a: Hydrapple
|-activate|p2a: bart sinson|move: Trick|[of] p1a: Hydrapple
|-item|p1a: Hydrapple|Choice Specs|[from] move: Trick
|-item|p2a: bart sinson|Assault Vest|[from] move: Trick
|
|-heal|p1a: Hydrapple|67/100|[from] Grassy Terrain
|-heal|p1b: Porygon2|99/100|[from] Grassy Terrain
|-heal|p2a: bart sinson|39/100|[from] Grassy Terrain
|-fieldend|move: Trick Room
|upkeep
|turn|6
|
|t:|1756407206
|-terastallize|p2a: bart sinson|Steel
|move|p2a: bart sinson|Make It Rain|p1b: Porygon2|[spread] p1a,p1b
|-damage|p1a: Hydrapple|4/100
|-damage|p1b: Porygon2|55/100
|-unboost|p2a: bart sinson|spa|1
|move|p2b: Winton|Wood Hammer|p1b: Porygon2
|-damage|p1b: Porygon2|13/100
|-damage|p2b: Winton|87/100|[from] Recoil
|move|p1a: Hydrapple|Earth Power|p2a: bart sinson
|-supereffective|p2a: bart sinson
|-damage|p2a: bart sinson|0 fnt
|faint|p2a: bart sinson
|move|p1b: Porygon2|Trick Room|p1b: Porygon2
|-fieldstart|move: Trick Room|[of] p1b: Porygon2
|
|-heal|p1a: Hydrapple|10/100|[from] Grassy Terrain
|-heal|p1b: Porygon2|19/100|[from] Grassy Terrain
|-heal|p2b: Winton|93/100|[from] Grassy Terrain
|upkeep
|turn|7
|
|t:|1756407226
|switch|p1a: Sneasler|Sneasler, L50, F, shiny|100/100
|move|p2b: Winton|Grassy Glide|p1a: Sneasler
|-resisted|p1a: Sneasler
|-damage|p1a: Sneasler|69/100
|move|p1b: Porygon2|Ice Beam|p2b: Winton
|-supereffective|p2b: Winton
|-damage|p2b: Winton|43/100
|
|-heal|p1b: Porygon2|25/100|[from] Grassy Terrain
|-heal|p2b: Winton|49/100|[from] Grassy Terrain
|-heal|p1a: Sneasler|75/100|[from] Grassy Terrain
|upkeep
|turn|8
|
|t:|1756407239
|move|p1b: Porygon2|Recover|p1b: Porygon2
|-heal|p1b: Porygon2|75/100
|move|p2b: Winton|High Horsepower|p1a: Sneasler
|-supereffective|p1a: Sneasler
|-damage|p1a: Sneasler|0 fnt
|faint|p1a: Sneasler
|
|-heal|p1b: Porygon2|82/100|[from] Grassy Terrain
|-heal|p2b: Winton|55/100|[from] Grassy Terrain
|upkeep
|
|t:|1756407245
|switch|p1a: Hydrapple|Hydrapple, L50, M, shiny|43/100
|turn|9
|
|t:|1756407255
|move|p1a: Hydrapple|Fickle Beam|p2b: Winton
|-damage|p2b: Winton|20/100
|move|p1b: Porygon2|Ice Beam|p2b: Winton
|-supereffective|p2b: Winton
|-damage|p2b: Winton|0 fnt
|faint|p2b: Winton
|
|win|GriseousVGC
||Dabif is ready for game 2.
