|j|☆BiomboVGC
|j|☆akahyden
|html|BiomboVGCakahyden    
|uhtml|bestof|Game 3 of a best-of-3
|t:|1755619158
|gametype|doubles
|player|p1|BiomboVGC|will|1278
|player|p2|akahyden|169|1278
|gen|9
|tier|[Gen 9] VGC 2025 Reg H (Bo3)
|rated|
|rule|Species Clause: Limit one of each Pokémon
|rule|Item Clause: Limit 1 of each item
|clearpoke
|poke|p1|Maushold-Four, L50|
|poke|p1|Annihilape, L50, M|
|poke|p1|Rillaboom, L50, M|
|poke|p1|Arcanine-Hisui, L50, F|
|poke|p1|Talonflame, L50, M|
|poke|p1|Gallade, L50, M|
|poke|p2|Incineroar, L50, M|
|poke|p2|Amoonguss, L50, M|
|poke|p2|Ursaluna-Bloodmoon, L50, M|
|poke|p2|Sneasler, L50, F|
|poke|p2|Gholdengo, L50|
|poke|p2|Dragonite, L50, M|
|teampreview|4
|showteam|p1|Maushold-Four||SafetyGoggles|FriendGuard|Protect,FollowMe,Taunt,BeatUp||||||50|,,,,,Ghost]Annihilape||Leftovers|Defiant|Protect,BulkUp,RageFist,DrainPunch|||M|||50|,,,,,Fire]Rillaboom||LoadedDice|GrassySurge|FakeOut,GrassyGlide,BulletSeed,Uturn|||M|||50|,,,,,Grass]Arcanine-Hisui||ChoiceBand|RockHead|HeadSmash,ExtremeSpeed,FlareBlitz,RockSlide|||F|||50|,,,,,Ghost]Talonflame||CovertCloak|GaleWings|BraveBird,Tailwind,Taunt,FlareBlitz|||M|||50|,,,,,Grass]Gallade||FocusSash|Sharpness|Protect,SacredSword,PsychoCut,NightSlash|||M|||50|,,,,,Stellar
|showteam|p2|Incineroar||SafetyGoggles|Intimidate|FlareBlitz,KnockOff,PartingShot,FakeOut|||M|||50|,,,,,Ghost]Amoonguss||SitrusBerry|Regenerator|Spore,RagePowder,PollenPuff,Protect|||M|||50|,,,,,Psychic]Ursaluna-Bloodmoon||AssaultVest|MindsEye|HyperVoice,BloodMoon,EarthPower,VacuumWave|||M|||50|,,,,,Water]Sneasler||FocusSash|Unburden|CloseCombat,DireClaw,ThroatChop,Protect|||F|||50|,,,,,Stellar]Gholdengo||LifeOrb|GoodasGold|MakeItRain,ShadowBall,NastyPlot,Protect||||||50|,,,,,Water]Dragonite||LoadedDice|Multiscale|ScaleShot,Tailwind,Haze,Protect|||M|||50|,,,,,Fairy
|inactive|Battle timer is ON: inactive players will automatically lose when time's up. (requested by BiomboVGC)
|inactive|akahyden has 60 seconds left.
|
|t:|1755619201
|teamsize|p1|4
|teamsize|p2|4
|start
|switch|p1a: Los Ramírez|Maushold-Four, L50|100/100
|switch|p1b: 雨景色|Annihilape, L50, M|100/100
|switch|p2a: Amoonguss|Amoonguss, L50, M|100/100
|switch|p2b: Gholdengo|Gholdengo, L50|100/100
|turn|1
|
|t:|1755619214
|move|p2a: Amoonguss|Protect|p2a: Amoonguss
|-singleturn|p2a: Amoonguss|Protect
|move|p1a: Los Ramírez|Taunt|p2a: Amoonguss
|-activate|p2a: Amoonguss|move: Protect
|move|p1b: 雨景色|Bulk Up|p1b: 雨景色
|-boost|p1b: 雨景色|atk|1
|-boost|p1b: 雨景色|def|1
|move|p2b: Gholdengo|Nasty Plot|p2b: Gholdengo
|-boost|p2b: Gholdengo|spa|2
|
|upkeep
|turn|2
|
|t:|1755619231
|-terastallize|p1b: 雨景色|Fire
|move|p2a: Amoonguss|Rage Powder|p2a: Amoonguss
|-singleturn|p2a: Amoonguss|move: Rage Powder
|move|p1a: Los Ramírez|Beat Up|p1b: 雨景色
|-damage|p1b: 雨景色|99/100
|-damage|p1b: 雨景色|97/100
|-damage|p1b: 雨景色|96/100
|-damage|p1b: 雨景色|94/100
|-hitcount|p1b: 雨景色|4
|move|p1b: 雨景色|Rage Fist|p2a: Amoonguss
|-damage|p2a: Amoonguss|0 fnt
|faint|p2a: Amoonguss
|move|p2b: Gholdengo|Make It Rain|p1a: Los Ramírez|[spread] p1a,p1b
|-resisted|p1b: 雨景色
|-damage|p1a: Los Ramírez|0 fnt
|-damage|p1b: 雨景色|52/100
|-unboost|p2b: Gholdengo|spa|1
|faint|p1a: Los Ramírez
|-damage|p2b: Gholdengo|91/100|[from] item: Life Orb
|
|-heal|p1b: 雨景色|59/100|[from] item: Leftovers
|upkeep
|
|t:|1755619243
|switch|p1a: アンコールダンス|Talonflame, L50, M|100/100
|switch|p2a: Sneasler|Sneasler, L50, F|100/100
|turn|3
|
|t:|1755619264
|-terastallize|p2a: Sneasler|Stellar
|move|p1b: 雨景色|Protect|p1b: 雨景色
|-singleturn|p1b: 雨景色|Protect
|move|p1a: アンコールダンス|Tailwind|p1a: アンコールダンス
|-sidestart|p1: BiomboVGC|move: Tailwind
|move|p2a: Sneasler|Close Combat|p1b: 雨景色
|-activate|p1b: 雨景色|move: Protect
|move|p2b: Gholdengo|Make It Rain|p1a: アンコールダンス|[spread] p1a
|-activate|p1b: 雨景色|move: Protect
|-resisted|p1a: アンコールダンス
|-crit|p1a: アンコールダンス
|-damage|p1a: アンコールダンス|0 fnt
|-unboost|p2b: Gholdengo|spa|1
|faint|p1a: アンコールダンス
|-damage|p2b: Gholdengo|81/100|[from] item: Life Orb
|
|-heal|p1b: 雨景色|65/100|[from] item: Leftovers
|upkeep
|
|t:|1755619278
|switch|p1a: 沁み込む|Arcanine-Hisui, L50, F|100/100
|turn|4
|
|t:|1755619299
|move|p1b: 雨景色|Drain Punch|p2a: Sneasler
|-resisted|p2a: Sneasler
|-damage|p2a: Sneasler|63/100
|-heal|p1b: 雨景色|79/100|[from] drain|[of] p2a: Sneasler
|move|p1a: 沁み込む|Flare Blitz|p2b: Gholdengo
|-supereffective|p2b: Gholdengo
|-damage|p2b: Gholdengo|0 fnt
|faint|p2b: Gholdengo
|move|p2a: Sneasler|Close Combat|p1a: 沁み込む
|-supereffective|p1a: 沁み込む
|-damage|p1a: 沁み込む|0 fnt
|-unboost|p2a: Sneasler|def|1
|-unboost|p2a: Sneasler|spd|1
|faint|p1a: 沁み込む
|
|-heal|p1b: 雨景色|86/100|[from] item: Leftovers
|upkeep
|
|t:|1755619306
|switch|p2b: Incineroar|Incineroar, L50, M|100/100
|-ability|p2b: Incineroar|Intimidate|boost
|-unboost|p1b: 雨景色|atk|1
|-ability|p1b: 雨景色|Defiant|boost
|-boost|p1b: 雨景色|atk|2
|turn|5
|
|t:|1755619313
|move|p1b: 雨景色|Protect|p1b: 雨景色
|-singleturn|p1b: 雨景色|Protect
|move|p2b: Incineroar|Fake Out|p1b: 雨景色
|-activate|p1b: 雨景色|move: Protect
|move|p2a: Sneasler|Close Combat|p1b: 雨景色
|-activate|p1b: 雨景色|move: Protect
|
|-heal|p1b: 雨景色|92/100|[from] item: Leftovers
|upkeep
|turn|6
|
|t:|1755619321
|move|p1b: 雨景色|Drain Punch|p2b: Incineroar
|-supereffective|p2b: Incineroar
|-damage|p2b: Incineroar|0 fnt
|-heal|p1b: 雨景色|100/100|[from] drain|[of] p2b: Incineroar
|faint|p2b: Incineroar
|move|p2a: Sneasler|Close Combat|p1b: 雨景色
|-damage|p1b: 雨景色|59/100
|-unboost|p2a: Sneasler|def|1
|-unboost|p2a: Sneasler|spd|1
|
|-heal|p1b: 雨景色|65/100|[from] item: Leftovers
|-sideend|p1: BiomboVGC|move: Tailwind
|upkeep
|turn|7
|
|t:|1755619324
|move|p1b: 雨景色|Protect|p1b: 雨景色
|-singleturn|p1b: 雨景色|Protect
|move|p2a: Sneasler|Close Combat|p1b: 雨景色
|-activate|p1b: 雨景色|move: Protect
|
|-heal|p1b: 雨景色|71/100|[from] item: Leftovers
|upkeep
|turn|8
|
|t:|1755619327
|move|p2a: Sneasler|Close Combat|p1b: 雨景色
|-damage|p1b: 雨景色|25/100
|-unboost|p2a: Sneasler|def|1
|-unboost|p2a: Sneasler|spd|1
|move|p1b: 雨景色|Rage Fist|p2a: Sneasler
|-damage|p2a: Sneasler|0 fnt
|faint|p2a: Sneasler
|
|win|BiomboVGC
|raw|BiomboVGC's rating: 1278 → 1303(+25 for winning)
|raw|akahyden's rating: 1278 → 1253(-25 for losing)
|l|☆BiomboVGC
|player|p1|
