|j|☆ko1d_lol
|j|☆kheld
|html|ko1d_lolkheld    
|uhtml|bestof|Game 1 of a best-of-3
|t:|1783950473
|gametype|doubles
|player|p1|ko1d_lol|1|1314
|player|p2|kheld|170|1331
|gen|9
|tier|[Gen 9 Champions] VGC 2026 Reg M-B (Bo3)
|rated|
|rule|Species Clause: Limit one of each Pokémon
|rule|Item Clause: Limit 1 of each item
|clearpoke
|poke|p1|Charizard, L50, M|
|poke|p1|Whimsicott, L50, M|
|poke|p1|Kingambit, L50, M|
|poke|p1|Basculegion, L50, M|
|poke|p1|Garchomp, L50, F|
|poke|p1|Glimmora, L50, F|
|poke|p2|Gardevoir, L50, M, shiny|
|poke|p2|Basculegion, L50, M|
|poke|p2|Talonflame, L50, F|
|poke|p2|Kingambit, L50, F|
|poke|p2|Kommo-o, L50, M|
|poke|p2|Maushold, L50|
|teampreview|4
|showteam|p1|Charizard||CharizarditeY|Blaze|HeatWave,SolarBeam,WeatherBall,Protect|Modest||M|||50|]Whimsicott||FairyFeather|Prankster|Moonblast,Tailwind,Encore,Protect|Timid||M|||50|]Kingambit||ChopleBerry|Defiant|KowtowCleave,LowKick,SuckerPunch,Protect|Adamant||M|||50|]Basculegion||MysticWater|Adaptability|WaveCrash,LastRespects,AquaJet,Protect|Adamant||M|||50|]Garchomp||SitrusBerry|RoughSkin|DragonClaw,Earthquake,RockSlide,PoisonJab|Jolly||F|||50|]Glimmora||FocusSash|ToxicDebris|PowerGem,SludgeBomb,EarthPower,SpikyShield|Modest||F|||50|
|showteam|p2|Gardevoir||Gardevoirite|Trace|HyperVoice,Psychic,Thunderbolt,Protect|Modest||M|||50|]Basculegion||ChoiceScarf|Adaptability|WaveCrash,LastRespects,FlipTurn,AquaJet|Jolly||M|||50|]Talonflame||SharpBeak|GaleWings|DualWingbeat,FlareBlitz,Tailwind,Protect|Jolly||F|||50|]Kingambit||ExpertBelt|Defiant|KowtowCleave,SuckerPunch,IronHead,LowKick|Jolly||F|||50|]Kommo-o||LifeOrb|Soundproof|ClangingScales,DracoMeteor,AuraSphere,Protect|Modest||M|||50|]Maushold||FocusSash|FriendGuard|SuperFang,Feint,FollowMe,Protect|Jolly|||||50|
|inactive|Battle timer is ON: inactive players will automatically lose when time's up. (requested by kheld)
|inactive|ko1d_lol has 60 seconds left.
|
|t:|1783950565
|teamsize|p1|4
|teamsize|p2|4
|start
|switch|p1a: Whimsicott|Whimsicott, L50, M|100/100
|switch|p1b: Garchomp|Garchomp, L50, F|100/100
|switch|p2a: Kommo-o|Kommo-o, L50, M|100/100
|switch|p2b: Talonflame|Talonflame, L50, F|100/100
|turn|1
|inactive|kheld has 30 seconds left.
|inactive|kheld has 20 seconds left.
|
|t:|1783950603
|move|p2a: Kommo-o|Protect|p2a: Kommo-o
|-singleturn|p2a: Kommo-o|Protect
|move|p2b: Talonflame|Dual Wingbeat|p1a: Whimsicott
|-supereffective|p1a: Whimsicott|1
|-damage|p1a: Whimsicott|51/100
|-supereffective|p1a: Whimsicott|1
|-damage|p1a: Whimsicott|3/100
|-hitcount|p1a: Whimsicott|2
|move|p1a: Whimsicott|Tailwind|p1a: Whimsicott
|-sidestart|p1: ko1d_lol|move: Tailwind
|move|p1b: Garchomp|Dragon Claw|p2a: Kommo-o
|-activate|p2a: Kommo-o|move: Protect
|
|upkeep
|turn|2
|
|t:|1783950625
|switch|p2a: Kingambit|Kingambit, L50, F|100/100
|move|p1a: Whimsicott|Protect|p1a: Whimsicott
|-singleturn|p1a: Whimsicott|Protect
|move|p2b: Talonflame|Tailwind|p2b: Talonflame
|-sidestart|p2: kheld|move: Tailwind
|move|p1b: Garchomp|Dragon Claw|p2a: Kingambit
|-resisted|p2a: Kingambit|1
|-damage|p2a: Kingambit|81/100
|
|upkeep
|turn|3
|
|t:|1783950650
|switch|p1a: Kingambit|Kingambit, L50, M|100/100
|move|p2b: Talonflame|Dual Wingbeat|p1a: Kingambit
|-resisted|p1a: Kingambit|1
|-damage|p1a: Kingambit|93/100
|-resisted|p1a: Kingambit|1
|-damage|p1a: Kingambit|86/100
|-hitcount|p1a: Kingambit|2
|move|p1b: Garchomp|Rock Slide|p2a: Kingambit|[spread] p2a,p2b
|-resisted|p2a: Kingambit|1
|-supereffective|p2b: Talonflame|2
|-damage|p2a: Kingambit|72/100
|-damage|p2b: Talonflame|0 fnt
|faint|p2b: Talonflame
|move|p2a: Kingambit|Kowtow Cleave|p1b: Garchomp
|-damage|p1b: Garchomp|57/100
|-damage|p2a: Kingambit|60/100|[from] ability: Rough Skin|[of] p1b: Garchomp
|
|upkeep
|
|t:|1783950660
|switch|p2b: Gardevoir|Gardevoir, L50, M, shiny|100/100
|-ability|p2b: Gardevoir|Defiant|Trace|[from] ability: Trace|[of] p1a: Kingambit
|turn|4
|inactive|ko1d_lol has 30 seconds left.
|
|t:|1783950694
|detailschange|p2b: Gardevoir|Gardevoir-Mega, L50, M, shiny
|-mega|p2b: Gardevoir|Gardevoir|Gardevoirite
|move|p1b: Garchomp|Poison Jab|p2b: Gardevoir
|-supereffective|p2b: Gardevoir|1
|-damage|p2b: Gardevoir|11/100
|move|p2b: Gardevoir|Hyper Voice|p1b: Garchomp|[spread] p1a,p1b
|-supereffective|p1b: Garchomp|1
|-damage|p1a: Kingambit|35/100
|-damage|p1b: Garchomp|0 fnt
|faint|p1b: Garchomp
|move|p2a: Kingambit|Low Kick|p1a: Kingambit
|-supereffective|p1a: Kingambit|2
|-enditem|p1a: Kingambit|Chople Berry|[eat]
|-enditem|p1a: Kingambit|Chople Berry|[weaken]
|-damage|p1a: Kingambit|0 fnt
|faint|p1a: Kingambit
|
|-sideend|p1: ko1d_lol|move: Tailwind
|upkeep
|
|t:|1783950709
|switch|p1b: Whimsicott|Whimsicott, L50, M|3/100
|switch|p1a: Charizard|Charizard, L50, M|100/100
|turn|5
|inactive|kheld has 30 seconds left.
|inactive|ko1d_lol has 30 seconds left.
|inactive|kheld has 20 seconds left.
|inactive|kheld has 15 seconds left.
|inactive|kheld has 10 seconds left.
|
|t:|1783950757
|detailschange|p1a: Charizard|Charizard-Mega-Y, L50, M
|-mega|p1a: Charizard|Charizard|Charizardite Y
|-weather|SunnyDay|[from] ability: Drought|[of] p1a: Charizard
|move|p1b: Whimsicott|Protect|p1b: Whimsicott
|-singleturn|p1b: Whimsicott|Protect
|move|p2a: Kingambit|Sucker Punch|p1a: Charizard
|-damage|p1a: Charizard|60/100
|move|p2b: Gardevoir|Thunderbolt|p1a: Charizard
|-supereffective|p1a: Charizard|1
|-damage|p1a: Charizard|0 fnt
|faint|p1a: Charizard
|
|-weather|SunnyDay|[upkeep]
|-sideend|p2: kheld|move: Tailwind
|upkeep
|turn|6
|-message|ko1d_lol forfeited.
|
|win|kheld
|l|☆ko1d_lol
|player|p1|
||kheld is ready for game 2.
||ko1d_lol is ready for game 2.
|uhtml|next|Next: Game 2 of 3
