|j|☆chefstony24
|j|☆hungry hillo
|html|chefstony24hungry hillo    
|uhtml|bestof|Game 2 of a best-of-3
|t:|1757658943
|gametype|doubles
|player|p1|chefstony24|brycen|
|player|p2|hungry hillo|n|
|gen|9
|tier|[Gen 9] VGC 2025 Reg H (Bo3)
|rule|Species Clause: Limit one of each Pokémon
|rule|Item Clause: Limit 1 of each item
|clearpoke
|poke|p1|Tyranitar, L50, F|
|poke|p1|Excadrill, L50, M|
|poke|p1|Annihilape, L50, F|
|poke|p1|Amoonguss, L50, M|
|poke|p1|Corviknight, L50, M|
|poke|p1|Basculegion, L50, M|
|poke|p2|Rillaboom, L50, F|
|poke|p2|Dondozo, L50, M|
|poke|p2|Incineroar, L50, F|
|poke|p2|Clefairy, L50, M|
|poke|p2|Hydreigon, L50, M|
|poke|p2|Gholdengo, L50|
|teampreview|4
|showteam|p1|Tyranitar||AssaultVest|SandStream|RockSlide,KnockOff,TeraBlast,LowKick|||F|||50|,,,,,Flying]Excadrill||FocusSash|SandRush|HighHorsepower,IronHead,Earthquake,Protect|||M|||50|,,,,,Stellar]Annihilape||SafetyGoggles|Defiant|CloseCombat,RageFist,FinalGambit,Coaching|||F|||50|,,,,,Water]Amoonguss||SitrusBerry|Regenerator|LeafStorm,Spore,RagePowder,Protect|||M|||50|,,,,,Psychic]Corviknight||Leftovers|MirrorArmor|BraveBird,BulkUp,Tailwind,Roost|||M|||50|,,,,,Dragon]Basculegion||ChoiceScarf|Adaptability|WaveCrash,FlipTurn,LastRespects,TeraBlast|||M|||50|,,,,,Fairy
|showteam|p2|Rillaboom||AssaultVest|GrassySurge|FakeOut,WoodHammer,GrassyGlide,Uturn|||F|||50|,,,,,Water]Dondozo||Leftovers|Unaware|Protect,StompingTantrum,WaveCrash,Yawn|||M|||50|,,,,,Grass]Incineroar||SitrusBerry|Intimidate|FakeOut,KnockOff,FlareBlitz,PartingShot|||F|||50|,,,,,Bug]Clefairy||Eviolite|FriendGuard|LightScreen,FollowMe,Protect,HealPulse|||M|||50|,,,,,Normal]Hydreigon||SafetyGoggles|Levitate|DarkPulse,DracoMeteor,Protect,Tailwind|||M|||50|,,,,,Ghost]Gholdengo||LifeOrb|GoodasGold|MakeItRain,ShadowBall,NastyPlot,Protect||||||50|,,,,,Water
|inactive|Battle timer is ON: inactive players will automatically lose when time's up. (requested by chefstony24)
|inactive|chefstony24 has 60 seconds left.
|
|t:|1757658979
|teamsize|p1|4
|teamsize|p2|4
|start
|switch|p1a: Excadrill|Excadrill, L50, M|100/100
|switch|p1b: Annihilape|Annihilape, L50, F|100/100
|switch|p2a: Hydreigon|Hydreigon, L50, M|100/100
|switch|p2b: Rillaboom|Rillaboom, L50, F|100/100
|-fieldstart|move: Grassy Terrain|[from] ability: Grassy Surge|[of] p2b: Rillaboom
|turn|1
|inactive|hungry hillo has 30 seconds left.
|inactive|hungry hillo has 20 seconds left.
|
|t:|1757659015
|-terastallize|p2a: Hydreigon|Ghost
|move|p1a: Excadrill|Protect|p1a: Excadrill
|-singleturn|p1a: Excadrill|Protect
|move|p2b: Rillaboom|Fake Out|p1a: Excadrill
|-activate|p1a: Excadrill|move: Protect
|move|p2a: Hydreigon|Tailwind|p2a: Hydreigon
|-sidestart|p2: hungry hillo|move: Tailwind
|move|p1b: Annihilape|Final Gambit|p2b: Rillaboom
|-damage|p2b: Rillaboom|0 fnt
|faint|p1b: Annihilape
|faint|p2b: Rillaboom
|
|upkeep
|
|t:|1757659032
|switch|p1b: Amoonguss|Amoonguss, L50, M|100/100
|switch|p2b: Incineroar|Incineroar, L50, F|100/100
|-ability|p2b: Incineroar|Intimidate|boost
|-unboost|p1a: Excadrill|atk|1
|-unboost|p1b: Amoonguss|atk|1
|turn|2
|
|t:|1757659041
|switch|p1a: Corviknight|Corviknight, L50, M|100/100
|move|p2b: Incineroar|Fake Out|p1b: Amoonguss
|-damage|p1b: Amoonguss|90/100
|move|p2a: Hydreigon|Draco Meteor|p1a: Corviknight
|-resisted|p1a: Corviknight
|-damage|p1a: Corviknight|70/100
|-unboost|p2a: Hydreigon|spa|2
|cant|p1b: Amoonguss|flinch
|
|-heal|p1a: Corviknight|76/100|[from] item: Leftovers
|-heal|p1b: Amoonguss|95/100|[from] Grassy Terrain
|upkeep
|turn|3
|inactive|chefstony24 has 30 seconds left.
|inactive|chefstony24 has 20 seconds left.
|inactive|chefstony24 has 15 seconds left.
|inactive|chefstony24 has 10 seconds left.
|inactive|chefstony24 has 5 seconds left.
|
|t:|1757659093
|switch|p2a: Dondozo|Dondozo, L50, M|100/100
|-terastallize|p1a: Corviknight|Dragon
|move|p2b: Incineroar|Flare Blitz|p1a: Corviknight
|-resisted|p1a: Corviknight
|-damage|p1a: Corviknight|55/100
|-damage|p2b: Incineroar|94/100|[from] Recoil
|move|p1a: Corviknight|Bulk Up|p1a: Corviknight
|-boost|p1a: Corviknight|atk|1
|-boost|p1a: Corviknight|def|1
|move|p1b: Amoonguss|Spore|p2a: Dondozo
|-status|p2a: Dondozo|slp|[from] move: Spore
|
|-heal|p2b: Incineroar|99/100|[from] Grassy Terrain
|-heal|p1a: Corviknight|61/100|[from] Grassy Terrain
|-heal|p1a: Corviknight|67/100|[from] item: Leftovers
|-heal|p1b: Amoonguss|100/100|[from] Grassy Terrain
|upkeep
|turn|4
|l|☆hungry hillo
|inactive|hungry hillo disconnected and has 300 seconds to reconnect!
|player|p2|
|inactive|chefstony24 has 30 seconds left.
|inactive|hungry hillo has 270 seconds to reconnect!
|j|☆hungry hillo
|inactive|hungry hillo reconnected and has 55 seconds left.
|player|p2|hungry hillo|n|
|
|t:|1757659141
|move|p2b: Incineroar|Knock Off|p1a: Corviknight
|-damage|p1a: Corviknight|44/100
|-enditem|p1a: Corviknight|Leftovers|[from] move: Knock Off|[of] p2b: Incineroar
|cant|p2a: Dondozo|slp
|move|p1a: Corviknight|Bulk Up|p1a: Corviknight
|-boost|p1a: Corviknight|atk|1
|-boost|p1a: Corviknight|def|1
|move|p1b: Amoonguss|Spore|p2b: Incineroar
|-status|p2b: Incineroar|slp|[from] move: Spore
|
|-heal|p2b: Incineroar|100/100 slp|[from] Grassy Terrain
|-heal|p1a: Corviknight|50/100|[from] Grassy Terrain
|-sideend|p2: hungry hillo|move: Tailwind
|upkeep
|turn|5
|inactive|chefstony24 has 30 seconds left.
|
|t:|1757659173
|move|p1a: Corviknight|Brave Bird|p2a: Dondozo
|-damage|p2a: Dondozo|75/100 slp
|-damage|p1a: Corviknight|39/100|[from] Recoil
|cant|p2b: Incineroar|slp
|-curestatus|p2a: Dondozo|slp|[msg]
|move|p2a: Dondozo|Yawn|p1a: Corviknight
|-start|p1a: Corviknight|move: Yawn|[of] p2a: Dondozo
|move|p1b: Amoonguss|Leaf Storm|p2a: Dondozo
|-supereffective|p2a: Dondozo
|-damage|p2a: Dondozo|2/100
|-unboost|p1b: Amoonguss|spa|2
|
|-heal|p1a: Corviknight|45/100|[from] Grassy Terrain
|-heal|p2a: Dondozo|8/100|[from] Grassy Terrain
|-heal|p2a: Dondozo|15/100|[from] item: Leftovers
|-fieldend|move: Grassy Terrain
|upkeep
|turn|6
|inactive|chefstony24 has 30 seconds left.
|
|t:|1757659202
|switch|p1a: Excadrill|Excadrill, L50, M|100/100
|-curestatus|p2b: Incineroar|slp|[msg]
|move|p2b: Incineroar|Flare Blitz|p1b: Amoonguss
|-supereffective|p1b: Amoonguss
|-damage|p1b: Amoonguss|21/100
|-status|p1b: Amoonguss|brn
|-enditem|p1b: Amoonguss|Sitrus Berry|[eat]
|-heal|p1b: Amoonguss|46/100 brn|[from] item: Sitrus Berry
|-damage|p2b: Incineroar|72/100|[from] Recoil
|move|p2a: Dondozo|Yawn||[still]
|-fail|p2a: Dondozo
|move|p1b: Amoonguss|Spore|p2a: Dondozo
|-status|p2a: Dondozo|slp|[from] move: Spore
|
|-heal|p2a: Dondozo|21/100 slp|[from] item: Leftovers
|-damage|p1b: Amoonguss|40/100 brn|[from] brn
|upkeep
|turn|7
|
|t:|1757659226
|switch|p2b: Hydreigon|Hydreigon, L50, M, tera:Ghost|100/100
|switch|p1b: Corviknight|Corviknight, L50, M, tera:Dragon|45/100
|move|p1a: Excadrill|Earthquake|p2b: Hydreigon|[spread] p1b,p2a
|-immune|p2b: Hydreigon|[from] ability: Levitate
|-damage|p1b: Corviknight|15/100
|-damage|p2a: Dondozo|0 fnt
|faint|p2a: Dondozo
|
|upkeep
|
|t:|1757659235
|switch|p2a: Incineroar|Incineroar, L50, F|72/100
|-ability|p2a: Incineroar|Intimidate|boost
|-unboost|p1a: Excadrill|atk|1
|-ability|p1b: Corviknight|Mirror Armor
|-unboost|p2a: Incineroar|atk|1
|turn|8
|
|t:|1757659248
|switch|p1a: Amoonguss|Amoonguss, L50, M|73/100 brn
|move|p2a: Incineroar|Fake Out|p1b: Corviknight
|-damage|p1b: Corviknight|9/100
|move|p2b: Hydreigon|Tailwind|p2b: Hydreigon
|-sidestart|p2: hungry hillo|move: Tailwind
|cant|p1b: Corviknight|flinch
|
|-damage|p1a: Amoonguss|67/100 brn|[from] brn
|upkeep
|turn|9
|
|t:|1757659269
|switch|p1b: Excadrill|Excadrill, L50, M|100/100
|move|p1a: Amoonguss|Protect|p1a: Amoonguss
|-singleturn|p1a: Amoonguss|Protect
|move|p2b: Hydreigon|Dark Pulse|p1b: Excadrill
|-damage|p1b: Excadrill|42/100
|move|p2a: Incineroar|Flare Blitz|p1a: Amoonguss
|-activate|p1a: Amoonguss|move: Protect
|
|-damage|p1a: Amoonguss|61/100 brn|[from] brn
|upkeep
|turn|10
|
|t:|1757659290
|move|p1a: Amoonguss|Rage Powder|p1a: Amoonguss
|-singleturn|p1a: Amoonguss|move: Rage Powder
|move|p2b: Hydreigon|Dark Pulse|p1b: Excadrill
|-damage|p1b: Excadrill|0 fnt
|faint|p1b: Excadrill
|move|p2a: Incineroar|Flare Blitz|p1a: Amoonguss
|-supereffective|p1a: Amoonguss
|-damage|p1a: Amoonguss|3/100 brn
|-damage|p2a: Incineroar|51/100|[from] Recoil
|
|-damage|p1a: Amoonguss|0 fnt|[from] brn
|faint|p1a: Amoonguss
|upkeep
|
|t:|1757659304
|switch|p1b: Corviknight|Corviknight, L50, M, tera:Dragon|9/100
|turn|11
|
|t:|1757659309
|move|p2b: Hydreigon|Dark Pulse|p1b: Corviknight
|-damage|p1b: Corviknight|0 fnt
|faint|p1b: Corviknight
|
|win|hungry hillo
|c|☆hungry hillo|Gg
||hungry hillo is ready for game 3.
|l|☆chefstony24
|player|p1|
|inactive|chefstony24 has 30 seconds to confirm battle start!
|inactive|chefstony24 has 20 seconds to confirm battle start!
|j|☆chefstony24
|player|p1|chefstony24|brycen|
|inactive|chefstony24 has 10 seconds to confirm battle start!
||chefstony24 is ready for game 3.
|uhtml|next|Next: Game 3 of 3
|l|☆hungry hillo
|player|p2|
