|j|☆RedsRoster123
|j|☆PortgasD.Ass
|html|RedsRoster123PortgasD.Ass    
|uhtml|bestof|Game 2 of a best-of-3
|t:|1783398498
|gametype|doubles
|player|p1|RedsRoster123|lucas|
|player|p2|PortgasD.Ass|265|
|gen|9
|tier|[Gen 9 Champions] VGC 2026 Reg M-B (Bo3)
|rule|Species Clause: Limit one of each Pokémon
|rule|Item Clause: Limit 1 of each item
|clearpoke
|poke|p1|Blastoise, L50, M|
|poke|p1|Steelix, L50, M, shiny|
|poke|p1|Slowking, L50, M|
|poke|p1|Snorlax, L50, M, shiny|
|poke|p1|Venusaur, L50, M|
|poke|p1|Machamp, L50, M|
|poke|p2|Incineroar, L50, M|
|poke|p2|Dragonite, L50, F|
|poke|p2|Spiritomb, L50, F|
|poke|p2|Florges, L50, F, shiny|
|poke|p2|Rotom-Frost, L50, shiny|
|poke|p2|Empoleon, L50, F, shiny|
|teampreview|4
|showteam|p1|Blastoise||Blastoisinite|RainDish|WaterSpout,DarkPulse,FakeOut,Protect|Modest||M|||50|]Steelix||OccaBerry|Sturdy|HeavySlam,StoneEdge,Protect,Earthquake|Brave||M|||50|]Slowking||FocusSash|Regenerator|TrickRoom,ChillyReception,Scald,Psychic|Quiet||M|||50|]Snorlax||Leftovers|ThickFat|HeavySlam,RockSlide,Protect,Yawn|Brave||M|||50|]Venusaur||ExpertBelt|Overgrow|SleepPowder,GigaDrain,SludgeBomb,Protect|Quiet||M|||50|]Machamp||SitrusBerry|NoGuard|DynamicPunch,CloseCombat,KnockOff,Protect|Brave||M|||50|
|showteam|p2|Incineroar||FocusSash|Blaze|PartingShot,BlazeKick,CloseCombat,Flamethrower|Serious||M|||50|]Dragonite||Dragoninite|InnerFocus|DragonDance,Hurricane,Tailwind,DracoMeteor|Modest||F|||50|]Spiritomb||BlackGlasses|Infiltrator|DarkPulse,TrickRoom,Poltergeist,FoulPlay|Serious||F|||50|]Florges||FairyFeather|FlowerVeil|AlluringVoice,DrainingKiss,BatonPass,PetalBlizzard|Serious||F|||50|]Rotom-Frost||NeverMeltIce|Levitate|Blizzard,Thunderbolt,VoltSwitch,ShadowBall|Serious|||||50|]Empoleon||MetalCoat|Competitive|FlashCannon,IceBeam,HydroPump,Roost|Modest||F|||50|
|
|t:|1783398559
|teamsize|p1|4
|teamsize|p2|4
|start
|switch|p1a: BIG MAN|Blastoise, L50, M|100/100
|switch|p1b: Short Bus|Slowking, L50, M|100/100
|switch|p2a: Recoome|Rotom-Frost, L50, shiny|100/100
|switch|p2b: jeice|Dragonite, L50, F|100/100
|turn|1
|
|t:|1783398590
|detailschange|p1a: BIG MAN|Blastoise-Mega, L50, M
|-mega|p1a: BIG MAN|Blastoise|Blastoisinite
|move|p1a: BIG MAN|Fake Out|p2a: Recoome
|-damage|p2a: Recoome|89/100
|move|p2b: jeice|Draco Meteor|p1a: BIG MAN
|-damage|p1a: BIG MAN|41/100
|-unboost|p2b: jeice|spa|2
|cant|p2a: Recoome|flinch
|move|p1b: Short Bus|Trick Room|p1b: Short Bus
|-fieldstart|move: Trick Room|[of] p1b: Short Bus
|
|upkeep
|turn|2
|
|t:|1783398622
|switch|p1a: Sleepy Boi|Snorlax, L50, M, shiny|100/100
|move|p1b: Short Bus|Psychic|p2a: Recoome
|-damage|p2a: Recoome|35/100
|move|p2a: Recoome|Shadow Ball|p1b: Short Bus
|-supereffective|p1b: Short Bus|1
|-damage|p1b: Short Bus|62/100
|move|p2b: jeice|Draco Meteor|p1a: Sleepy Boi
|-damage|p1a: Sleepy Boi|80/100
|-unboost|p2b: jeice|spa|2
|
|-heal|p1a: Sleepy Boi|86/100|[from] item: Leftovers
|upkeep
|turn|3
|
|t:|1783398653
|-prepare|p1b: Short Bus|Chilly Reception|[premajor]
|move|p1b: Short Bus|Chilly Reception|p1b: Short Bus
|-weather|Snowscape
|
|t:|1783398657
|-heal|p1b: Short Bus|95/100|[from] ability: Regenerator|[silent]
|switch|p1b: Golden Rod|Steelix, L50, M, shiny|100/100|[from] Chilly Reception
|move|p1a: Sleepy Boi|Rock Slide|p2b: jeice|[spread] p2b
|-miss|p1a: Sleepy Boi|p2a: Recoome
|-supereffective|p2b: jeice|1
|-damage|p2b: jeice|55/100
|move|p2a: Recoome|Volt Switch|p1b: Golden Rod
|-immune|p1b: Golden Rod
|move|p2b: jeice|Draco Meteor|p1b: Golden Rod
|-resisted|p1b: Golden Rod|1
|-damage|p1b: Golden Rod|86/100
|-unboost|p2b: jeice|spa|2
|
|-weather|Snowscape|[upkeep]
|-heal|p1a: Sleepy Boi|92/100|[from] item: Leftovers
|upkeep
|turn|4
|
|t:|1783398685
|switch|p2a: Ginyu|Incineroar, L50, M|100/100
|switch|p2b: Frieza|Empoleon, L50, F, shiny|100/100
|move|p1a: Sleepy Boi|Rock Slide|p2a: Ginyu|[spread] p2a,p2b
|-supereffective|p2a: Ginyu|1
|-crit|p2a: Ginyu
|-resisted|p2b: Frieza|1
|-damage|p2a: Ginyu|43/100
|-damage|p2b: Frieza|89/100
|move|p1b: Golden Rod|Heavy Slam|p2a: Ginyu
|-resisted|p2a: Ginyu|1
|-damage|p2a: Ginyu|18/100
|
|-weather|Snowscape|[upkeep]
|-heal|p1a: Sleepy Boi|98/100|[from] item: Leftovers
|upkeep
|turn|5
|
|t:|1783398704
|move|p1b: Golden Rod|Earthquake|p2b: Frieza|[spread] p1a,p2a,p2b
|-supereffective|p2a: Ginyu|1
|-supereffective|p2b: Frieza|1
|-damage|p1a: Sleepy Boi|70/100
|-damage|p2a: Ginyu|0 fnt
|-damage|p2b: Frieza|12/100
|faint|p2a: Ginyu
|move|p1a: Sleepy Boi|Rock Slide|p2b: Frieza
|-resisted|p2b: Frieza|1
|-damage|p2b: Frieza|0 fnt
|faint|p2b: Frieza
|
|-weather|Snowscape|[upkeep]
|-heal|p1a: Sleepy Boi|76/100|[from] item: Leftovers
|-fieldend|move: Trick Room
|upkeep
|
|t:|1783398716
|switch|p2a: Recoome|Rotom-Frost, L50, shiny|35/100
|switch|p2b: jeice|Dragonite, L50, F|55/100
|turn|6
|
|t:|1783398734
|detailschange|p2b: jeice|Dragonite-Mega, L50, F
|-mega|p2b: jeice|Dragonite|Dragoninite
|move|p2b: jeice|Draco Meteor|p1a: Sleepy Boi
|-damage|p1a: Sleepy Boi|26/100
|-unboost|p2b: jeice|spa|2
|move|p2a: Recoome|Blizzard|p1b: Golden Rod|[spread] p1a,p1b
|-damage|p1a: Sleepy Boi|13/100
|-damage|p1b: Golden Rod|24/100
|move|p1a: Sleepy Boi|Rock Slide|p2a: Recoome|[spread] p2a,p2b
|-supereffective|p2a: Recoome|1
|-supereffective|p2b: jeice|1
|-damage|p2a: Recoome|3/100
|-damage|p2b: jeice|22/100
|move|p1b: Golden Rod|Stone Edge|p2b: jeice
|-supereffective|p2b: jeice|1
|-damage|p2b: jeice|0 fnt
|faint|p2b: jeice
|
|-weather|Snowscape|[upkeep]
|-heal|p1a: Sleepy Boi|19/100|[from] item: Leftovers
|upkeep
|turn|7
|
|t:|1783398766
|switch|p1a: Short Bus|Slowking, L50, M|95/100
|move|p1b: Golden Rod|Protect|p1b: Golden Rod
|-singleturn|p1b: Golden Rod|Protect
|move|p2a: Recoome|Blizzard|p1b: Golden Rod|[spread] p1a
|-activate|p1b: Golden Rod|move: Protect
|-resisted|p1a: Short Bus|1
|-damage|p1a: Short Bus|78/100
|
|-weather|none
|upkeep
|turn|8
|
|t:|1783398780
|move|p2a: Recoome|Blizzard|p1b: Golden Rod|[spread] p1a,p1b
|-resisted|p1a: Short Bus|1
|-damage|p1a: Short Bus|62/100
|-damage|p1b: Golden Rod|0 fnt
|-status|p1a: Short Bus|frz
|faint|p1b: Golden Rod
|-curestatus|p1a: Short Bus|frz|[from] move: Scald
|move|p1a: Short Bus|Scald|p2a: Recoome
|-damage|p2a: Recoome|0 fnt
|faint|p2a: Recoome
|
|win|RedsRoster123
