|j|☆Rodrigor8054
|j|☆testdigi
|html|Rodrigor8054testdigi    
|uhtml|bestof|Game 1 of a best-of-3
|t:|1784895842
|gametype|doubles
|player|p1|Rodrigor8054|pokemaniac|1203
|player|p2|testdigi|101|1085
|gen|9
|tier|[Gen 9 Champions] VGC 2026 Reg M-B (Bo3)
|rated|
|rule|Species Clause: Limit one of each Pokémon
|rule|Item Clause: Limit 1 of each item
|clearpoke
|poke|p1|Delphox, L50, F|
|poke|p1|Incineroar, L50, F|
|poke|p1|Sinistcha, L50|
|poke|p1|Kingambit, L50, F|
|poke|p1|Sneasler, L50, M|
|poke|p1|Floette-Eternal, L50, F|
|poke|p2|Raichu, L50, M|
|poke|p2|Toxapex, L50, F|
|poke|p2|Mamoswine, L50, F|
|poke|p2|Sylveon, L50, M|
|poke|p2|Corviknight, L50, F|
|poke|p2|Basculegion, L50, M|
|teampreview|4
|showteam|p1|Delphox||Delphoxite|Blaze|Protect,NastyPlot,HeatWave,Psychic|Timid||F|||50|]Incineroar||SitrusBerry|Intimidate|PartingShot,FlareBlitz,ThroatChop,FakeOut|Adamant||F|||50|]Sinistcha||KasibBerry|Hospitality|Protect,RagePowder,MatchaGotcha,TrickRoom|Bold|||||50|]Kingambit||BlackGlasses|Defiant|Protect,SwordsDance,KowtowCleave,SuckerPunch|Adamant||F|||50|]Sneasler||FocusSash|PoisonTouch|FakeOut,CloseCombat,PoisonJab,QuickGuard|Jolly||M|||50|]Floette-Eternal||Floettite|FlowerVeil|Protect,CalmMind,Moonblast,DazzlingGleam|Modest||F|||50|
|showteam|p2|Raichu||RaichuniteY|LightningRod|ZapCannon,FocusBlast,FakeOut,Protect|Timid||M|||50|]Toxapex||Leftovers|Regenerator|Infestation,Toxic,WideGuard,BanefulBunker|Relaxed||F|||50|]Mamoswine||LifeOrb|Oblivious|StompingTantrum,IceShard,RockSlide,Protect|Adamant||F|||50|]Sylveon||FairyFeather|Pixilate|HyperVoice,QuickAttack,Yawn,Detect|Modest||M|||50|]Corviknight||OccaBerry|MirrorArmor|IronHead,BraveBird,Tailwind,Protect|Adamant||F|||50|]Basculegion||FocusSash|Adaptability|LastRespects,Liquidation,AquaJet,Protect|Adamant||M|||50|
|inactive|Battle timer is ON: inactive players will automatically lose when time's up. (requested by testdigi)
|
|t:|1784895904
|teamsize|p1|4
|teamsize|p2|4
|start
|switch|p1a: Delphox|Delphox, L50, F|100/100
|switch|p1b: Incineroar|Incineroar, L50, F|100/100
|switch|p2a: Corviknight|Corviknight, L50, F|100/100
|switch|p2b: Raichu|Raichu, L50, M|100/100
|-ability|p1b: Incineroar|Intimidate|boost
|-ability|p2a: Corviknight|Mirror Armor
|-unboost|p1b: Incineroar|atk|1
|-unboost|p2b: Raichu|atk|1
|turn|1
|
|t:|1784895924
|detailschange|p1a: Delphox|Delphox-Mega, L50, F
|-mega|p1a: Delphox|Delphox|Delphoxite
|detailschange|p2b: Raichu|Raichu-Mega-Y, L50, M
|-mega|p2b: Raichu|Raichu|Raichunite Y
|move|p2b: Raichu|Fake Out|p1b: Incineroar
|-damage|p1b: Incineroar|94/100
|cant|p1b: Incineroar|flinch
|move|p1a: Delphox|Nasty Plot|p1a: Delphox
|-boost|p1a: Delphox|spa|2
|move|p2a: Corviknight|Tailwind|p2a: Corviknight
|-sidestart|p2: testdigi|move: Tailwind
|
|upkeep
|turn|2
|inactive|Rodrigor8054 has 30 seconds left.
|
|t:|1784895950
|move|p1a: Delphox|Protect|p1a: Delphox
|-singleturn|p1a: Delphox|Protect
|move|p2b: Raichu|Zap Cannon|p1a: Delphox
|-activate|p1a: Delphox|move: Protect
|move|p2a: Corviknight|Brave Bird|p1a: Delphox
|-activate|p1a: Delphox|move: Protect
|move|p1b: Incineroar|Parting Shot|p2b: Raichu
|-unboost|p2b: Raichu|atk|1
|-unboost|p2b: Raichu|spa|1
|
|t:|1784895959
|switch|p1b: Sinistcha|Sinistcha, L50|100/100|[from] Parting Shot
|
|upkeep
|turn|3
|
|t:|1784895978
|move|p2b: Raichu|Protect|p2b: Raichu
|-singleturn|p2b: Raichu|Protect
|move|p1b: Sinistcha|Rage Powder|p1b: Sinistcha
|-singleturn|p1b: Sinistcha|move: Rage Powder
|move|p1a: Delphox|Heat Wave|p2a: Corviknight|[spread] p2a
|-activate|p2b: Raichu|move: Protect
|-supereffective|p2a: Corviknight|1
|-enditem|p2a: Corviknight|Occa Berry|[eat]
|-enditem|p2a: Corviknight|Occa Berry|[weaken]
|-damage|p2a: Corviknight|21/100
|move|p2a: Corviknight|Brave Bird|p1b: Sinistcha
|-supereffective|p1b: Sinistcha|1
|-damage|p1b: Sinistcha|14/100
|-damage|p2a: Corviknight|0 fnt|[from] Recoil
|faint|p2a: Corviknight
|
|upkeep
|
|t:|1784895984
|switch|p2a: Basculegion|Basculegion, L50, M|100/100
|turn|4
|
|t:|1784895999
|switch|p1b: Sneasler|Sneasler, L50, M|100/100
|move|p1a: Delphox|Protect|p1a: Delphox
|-singleturn|p1a: Delphox|Protect
|move|p2b: Raichu|Zap Cannon|p1b: Sneasler
|-damage|p1b: Sneasler|42/100
|-status|p1b: Sneasler|par
|move|p2a: Basculegion|Liquidation|p1a: Delphox
|-activate|p1a: Delphox|move: Protect
|
|-sideend|p2: testdigi|move: Tailwind
|upkeep
|turn|5
|inactive|Rodrigor8054 has 30 seconds left.
|
|t:|1784896025
|move|p2b: Raichu|Protect|p2b: Raichu
|-singleturn|p2b: Raichu|Protect
|move|p1a: Delphox|Heat Wave|p2a: Basculegion|[spread] p2a
|-activate|p2b: Raichu|move: Protect
|-resisted|p2a: Basculegion|1
|-damage|p2a: Basculegion|49/100
|move|p2a: Basculegion|Last Respects|p1a: Delphox
|-supereffective|p1a: Delphox|1
|-damage|p1a: Delphox|0 fnt
|faint|p1a: Delphox
|move|p1b: Sneasler|Poison Jab|p2a: Basculegion
|-resisted|p2a: Basculegion|1
|-damage|p2a: Basculegion|23/100
|
|upkeep
|
|t:|1784896040
|switch|p1a: Sinistcha|Sinistcha, L50|14/100
|-heal|p1b: Sneasler|66/100 par|[from] ability: Hospitality|[of] p1a: Sinistcha
|turn|6
|
|t:|1784896053
|move|p2a: Basculegion|Protect|p2a: Basculegion
|-singleturn|p2a: Basculegion|Protect
|move|p2b: Raichu|Zap Cannon|p1b: Sneasler
|-damage|p1b: Sneasler|10/100 par
|move|p1b: Sneasler|Close Combat|p2b: Raichu
|-damage|p2b: Raichu|13/100
|-unboost|p1b: Sneasler|def|1
|-unboost|p1b: Sneasler|spd|1
|move|p1a: Sinistcha|Matcha Gotcha|p2a: Basculegion|[spread] p2b
|-activate|p2a: Basculegion|move: Protect
|-damage|p2b: Raichu|0 fnt
|-heal|p1a: Sinistcha|20/100y|[from] drain|[of] p2b: Raichu
|faint|p2b: Raichu
|
|upkeep
|
|t:|1784896060
|switch|p2b: Sylveon|Sylveon, L50, M|100/100
|turn|7
|inactive|testdigi has 30 seconds left.
|
|t:|1784896086
|move|p1a: Sinistcha|Rage Powder|p1a: Sinistcha
|-singleturn|p1a: Sinistcha|move: Rage Powder
|move|p2a: Basculegion|Last Respects|p1a: Sinistcha
|-supereffective|p1a: Sinistcha|1
|-enditem|p1a: Sinistcha|Kasib Berry|[eat]
|-enditem|p1a: Sinistcha|Kasib Berry|[weaken]
|-damage|p1a: Sinistcha|0 fnt
|faint|p1a: Sinistcha
|move|p1b: Sneasler|Poison Jab|p2b: Sylveon
|-supereffective|p2b: Sylveon|1
|-damage|p2b: Sylveon|16/100
|-status|p2b: Sylveon|psn
|move|p2b: Sylveon|Hyper Voice|p1b: Sneasler
|-damage|p1b: Sneasler|0 fnt
|faint|p1b: Sneasler
|
|-damage|p2b: Sylveon|4/100 psn|[from] psn
|upkeep
|
|t:|1784896096
|switch|p1b: Incineroar|Incineroar, L50, F|94/100
|-ability|p1b: Incineroar|Intimidate|boost
|-unboost|p2a: Basculegion|atk|1
|-unboost|p2b: Sylveon|atk|1
|turn|8
|inactive|Rodrigor8054 has 30 seconds left.
|
|t:|1784896126
|move|p2a: Basculegion|Liquidation|p1b: Incineroar
|-supereffective|p1b: Incineroar|1
|-damage|p1b: Incineroar|19/100
|-enditem|p1b: Incineroar|Sitrus Berry|[eat]
|-heal|p1b: Incineroar|44/100|[from] item: Sitrus Berry
|move|p1b: Incineroar|Throat Chop|p2a: Basculegion
|-supereffective|p2a: Basculegion|1
|-damage|p2a: Basculegion|0 fnt
|faint|p2a: Basculegion
|move|p2b: Sylveon|Yawn|p1b: Incineroar
|-start|p1b: Incineroar|move: Yawn|[of] p2b: Sylveon
|
|-damage|p2b: Sylveon|0 fnt|[from] psn
|faint|p2b: Sylveon
|
|win|Rodrigor8054
|inactive|Rodrigor8054 has 30 seconds to confirm battle start!
|inactive|testdigi has 30 seconds to confirm battle start!
||testdigi is ready for game 2.
||Rodrigor8054 is ready for game 2.
|uhtml|next|Next: Game 2 of 3
