|j|☆Shaymin frohawk
|j|☆hinoky
|html|Shaymin frohawkhinoky    
|uhtml|bestof|Game 2 of a best-of-3
|t:|1786117257
|gametype|doubles
|player|p1|Shaymin frohawk|101|1187
|player|p2|hinoky|wattson|1198
|gen|9
|tier|[Gen 9 Champions] VGC 2026 Reg M-B (Bo3)
|rated|
|rule|Species Clause: Limit one of each Pokémon
|rule|Item Clause: Limit 1 of each item
|clearpoke
|poke|p1|Raichu, L50, F|
|poke|p1|Staraptor, L50, M|
|poke|p1|Arcanine-Hisui, L50, F|
|poke|p1|Sylveon, L50, M|
|poke|p1|Farigiraf, L50, F|
|poke|p1|Kingambit, L50, M|
|poke|p2|Kingambit, L50, M|
|poke|p2|Glimmora, L50, M|
|poke|p2|Whimsicott, L50, F|
|poke|p2|Delphox, L50, F|
|poke|p2|Garchomp, L50, M|
|poke|p2|Staraptor, L50, M|
|teampreview|4
|showteam|p1|Raichu||RaichuniteY|LightningRod|ZapCannon,FocusBlast,FakeOut,Protect|Hasty||F|||50|]Staraptor||Staraptite|Intimidate|DualWingbeat,CloseCombat,Tailwind,Protect|Jolly||M|||50|]Arcanine-Hisui||FocusSash|RockHead|FlareBlitz,HeadSmash,ExtremeSpeed,Protect|Jolly||F|||50|]Sylveon||FairyFeather|Pixilate|HyperBeam,HyperVoice,QuickAttack,Detect|Modest||M|||50|]Farigiraf||SitrusBerry|ArmorTail|TrickRoom,Protect,Psychic,HelpingHand|Calm||F|||50|]Kingambit||LifeOrb|Defiant|KowtowCleave,SuckerPunch,Protect,SwordsDance|Adamant||M|||50|
|showteam|p2|Kingambit||ChopleBerry|Defiant|SuckerPunch,KowtowCleave,IronHead,LowKick|Adamant||M|||50|]Glimmora||FocusSash|ToxicDebris|SludgeBomb,PowerGem,EarthPower,SpikyShield|Timid||M|||50|]Whimsicott||OccaBerry|Prankster|Moonblast,Tailwind,Charm,Protect|Timid||F|||50|]Delphox||Delphoxite|Blaze|HeatWave,Psyshock,Substitute,Protect|Modest||F|||50|]Garchomp||LifeOrb|RoughSkin|DragonClaw,Earthquake,RockSlide,Protect|Jolly||M|||50|]Staraptor||Staraptite|Intimidate|BraveBird,CloseCombat,Roost,Protect|Jolly||M|||50|
|
|t:|1786117284
|teamsize|p1|4
|teamsize|p2|4
|start
|switch|p1a: Staraptor|Staraptor, L50, M|100/100
|switch|p1b: Farigiraf|Farigiraf, L50, F|100/100
|switch|p2a: Kingambit|Kingambit, L50, M|100/100
|switch|p2b: Staraptor|Staraptor, L50, M|100/100
|-ability|p1a: Staraptor|Intimidate|boost
|-unboost|p2a: Kingambit|atk|1
|-ability|p2a: Kingambit|Defiant|boost
|-boost|p2a: Kingambit|atk|2
|-unboost|p2b: Staraptor|atk|1
|-ability|p2b: Staraptor|Intimidate|boost
|-unboost|p1a: Staraptor|atk|1
|-unboost|p1b: Farigiraf|atk|1
|turn|1
|inactive|Battle timer is ON: inactive players will automatically lose when time's up. (requested by hinoky)
|inactive|hinoky has 60 seconds left.
|
|t:|1786117317
|detailschange|p1a: Staraptor|Staraptor-Mega, L50, M
|-mega|p1a: Staraptor|Staraptor|Staraptite
|detailschange|p2b: Staraptor|Staraptor-Mega, L50, M
|-mega|p2b: Staraptor|Staraptor|Staraptite
|move|p2b: Staraptor|Protect|p2b: Staraptor
|-singleturn|p2b: Staraptor|Protect
|move|p1a: Staraptor|Tailwind|p1a: Staraptor
|-sidestart|p1: Shaymin frohawk|move: Tailwind
|move|p1b: Farigiraf|Psychic|p2b: Staraptor
|-activate|p2b: Staraptor|move: Protect
|move|p2a: Kingambit|Kowtow Cleave|p1b: Farigiraf
|-supereffective|p1b: Farigiraf|1
|-damage|p1b: Farigiraf|0 fnt
|faint|p1b: Farigiraf
|
|upkeep
|
|t:|1786117323
|switch|p1b: Arcanine|Arcanine-Hisui, L50, F|100/100
|turn|2
|inactive|hinoky has 30 seconds left.
|inactive|hinoky has 20 seconds left.
|
|t:|1786117361
|switch|p1a: Sylveon|Sylveon, L50, M|100/100
|switch|p2b: Garchomp|Garchomp, L50, M|100/100
|move|p2a: Kingambit|Sucker Punch|p1b: Arcanine
|-damage|p1b: Arcanine|28/100
|move|p1b: Arcanine|Flare Blitz|p2a: Kingambit
|-supereffective|p2a: Kingambit|1
|-damage|p2a: Kingambit|15/100
|
|upkeep
|turn|3
|inactive|hinoky has 30 seconds left.
|
|t:|1786117390
|switch|p1b: Staraptor|Staraptor-Mega, L50, M|100/100
|move|p2b: Garchomp|Protect|p2b: Garchomp
|-singleturn|p2b: Garchomp|Protect
|move|p2a: Kingambit|Sucker Punch|p1a: Sylveon
|-resisted|p1a: Sylveon|1
|-damage|p1a: Sylveon|61/100
|move|p1a: Sylveon|Hyper Voice|p2b: Garchomp|[spread] p2a
|-activate|p2b: Garchomp|move: Protect
|-damage|p2a: Kingambit|0 fnt
|faint|p2a: Kingambit
|
|upkeep
|
|t:|1786117401
|switch|p2a: Staraptor|Staraptor-Mega, L50, M|100/100
|turn|4
|
|t:|1786117419
|move|p2a: Staraptor|Protect|p2a: Staraptor
|-singleturn|p2a: Staraptor|Protect
|move|p1b: Staraptor|Close Combat|p2b: Garchomp
|-damage|p2b: Garchomp|40/100
|-boost|p1b: Staraptor|def|1
|-boost|p1b: Staraptor|spd|1
|-damage|p1b: Staraptor|87/100|[from] ability: Rough Skin|[of] p2b: Garchomp
|move|p1a: Sylveon|Hyper Voice|p2b: Garchomp|[spread] p2b
|-activate|p2a: Staraptor|move: Protect
|-supereffective|p2b: Garchomp|1
|-damage|p2b: Garchomp|0 fnt
|faint|p2b: Garchomp
|
|-sideend|p1: Shaymin frohawk|move: Tailwind
|upkeep
|
|t:|1786117431
|switch|p2b: Glimmora|Glimmora, L50, M|100/100
|turn|5
|
|t:|1786117443
|move|p1b: Staraptor|Tailwind|p1b: Staraptor
|-sidestart|p1: Shaymin frohawk|move: Tailwind
|move|p1a: Sylveon|Hyper Voice|p2b: Glimmora|[spread] p2a,p2b
|-supereffective|p2a: Staraptor|1
|-resisted|p2b: Glimmora|1
|-damage|p2a: Staraptor|3/100
|-damage|p2b: Glimmora|64/100
|move|p2a: Staraptor|Close Combat|p1a: Sylveon
|-resisted|p1a: Sylveon|1
|-damage|p1a: Sylveon|26/100
|-boost|p2a: Staraptor|def|1
|-boost|p2a: Staraptor|spd|1
|move|p2b: Glimmora|Power Gem|p1b: Staraptor
|-damage|p1b: Staraptor|55/100
|
|upkeep
|turn|6
|-message|hinoky forfeited.
|
|win|Shaymin frohawk
|raw|Shaymin frohawk's rating: 1187 → 1213(+26 for winning)
|raw|hinoky's rating: 1198 → 1172(-26 for losing)
