|j|☆saiban004
|j|☆GWMicroK
|html|saiban004GWMicroK    
|uhtml|bestof|Game 1 of a best-of-3
|t:|1783986770
|gametype|doubles
|player|p1|saiban004|1|1148
|player|p2|GWMicroK|101|1103
|gen|9
|tier|[Gen 9 Champions] VGC 2026 Reg M-B (Bo3)
|rated|
|rule|Species Clause: Limit one of each Pokémon
|rule|Item Clause: Limit 1 of each item
|clearpoke
|poke|p1|Gengar, L50, M, shiny|
|poke|p1|Maushold-Four, L50|
|poke|p1|Incineroar, L50, F|
|poke|p1|Aegislash, L50, F, shiny|
|poke|p1|Swampert, L50, F|
|poke|p1|Sneasler, L50, F|
|poke|p2|Ditto, L50, shiny|
|poke|p2|Sinistcha-Masterpiece, L50, shiny|
|poke|p2|Pelipper, L50, F|
|poke|p2|Swampert, L50, F|
|poke|p2|Tyranitar, L50, F|
|poke|p2|Archaludon, L50, F|
|teampreview|4
|showteam|p1|Gengar||Gengarite|CursedBody|PerishSong,Protect,ShadowBall,Disable|Timid||M|||50|]Maushold-Four||KingsRock|FriendGuard|FollowMe,Encore,RainDance,PopulationBomb|Jolly|||||50|]Incineroar||SitrusBerry|Intimidate|FakeOut,FlareBlitz,PartingShot,DrainPunch|Adamant||F|||50|]Aegislash||Leftovers|StanceChange|WideGuard,KingsShield,IronHead,Poltergeist|Careful||F|||50|]Swampert||Swampertite|Torrent|Earthquake,FlipTurn,WaveCrash,BulkUp|Adamant||F|||50|]Sneasler||WhiteHerb|Unburden|CloseCombat,DireClaw,FakeOut,Coaching|Jolly||F|||50|
|showteam|p2|Ditto||QuickClaw|Imposter|Transform|Relaxed|||||50|]Sinistcha-Masterpiece||SitrusBerry|Hospitality|MatchaGotcha,TrickRoom,LifeDew,RagePowder|Bold|||||50|]Pelipper||FocusSash|Drizzle|WeatherBall,Hurricane,WideGuard,Tailwind|Timid||F|||50|]Swampert||Swampertite|Damp|WaveCrash,Earthquake,IcePunch,Protect|Adamant||F|||50|]Tyranitar||Tyranitarite|SandStream|KnockOff,RockSlide,DragonDance,Protect|Adamant||F|||50|]Archaludon||Leftovers|Stamina|DragonPulse,FlashCannon,ElectroShot,Protect|Modest||F|||50|
|inactive|Battle timer is ON: inactive players will automatically lose when time's up. (requested by GWMicroK)
|inactive|GWMicroK has 60 seconds left.
|
|t:|1783986832
|teamsize|p1|4
|teamsize|p2|4
|start
|switch|p1a: Gengar|Gengar, L50, M, shiny|100/100
|switch|p1b: Maushold|Maushold-Four, L50|100/100
|switch|p2a: Ditto|Ditto, L50, shiny|100/100
|switch|p2b: Sinistcha|Sinistcha-Masterpiece, L50, shiny|100/100
|-transform|p2a: Ditto|p1b: Maushold|[from] ability: Imposter
|turn|1
|inactive|GWMicroK has 30 seconds left.
|
|t:|1783986861
|switch|p2a: Pelipper|Pelipper, L50, F|100/100
|-weather|RainDance|[from] ability: Drizzle|[of] p2a: Pelipper
|detailschange|p1a: Gengar|Gengar-Mega, L50, M, shiny
|-mega|p1a: Gengar|Gengar|Gengarite
|move|p1b: Maushold|Follow Me|p1b: Maushold
|-singleturn|p1b: Maushold|move: Follow Me
|move|p1a: Gengar|Perish Song|p1a: Gengar
|-start|p1a: Gengar|perish3|[silent]
|-start|p1b: Maushold|perish3|[silent]
|-start|p2a: Pelipper|perish3|[silent]
|-start|p2b: Sinistcha|perish3|[silent]
|-fieldactivate|move: Perish Song
|move|p2b: Sinistcha|Trick Room|p2b: Sinistcha
|-fieldstart|move: Trick Room|[of] p2b: Sinistcha
|
|-weather|RainDance|[upkeep]
|-start|p2b: Sinistcha|perish3
|-start|p2a: Pelipper|perish3
|-start|p1b: Maushold|perish3
|-start|p1a: Gengar|perish3
|upkeep
|turn|2
|inactive|GWMicroK has 30 seconds left.
|
|t:|1783986891
|move|p1b: Maushold|Follow Me|p1b: Maushold
|-singleturn|p1b: Maushold|move: Follow Me
|move|p2b: Sinistcha|Matcha Gotcha|p1b: Maushold|[spread] p1a,p1b
|-resisted|p1a: Gengar|1
|-damage|p1a: Gengar|89/100
|-damage|p1b: Maushold|73/100
|-status|p1b: Maushold|brn
|move|p2a: Pelipper|Hurricane|p1b: Maushold
|-damage|p1b: Maushold|11/100 brn
|-start|p1b: Maushold|confusion
|move|p1a: Gengar|Shadow Ball|p2b: Sinistcha
|-supereffective|p2b: Sinistcha|1
|-damage|p2b: Sinistcha|14/100
|-enditem|p2b: Sinistcha|Sitrus Berry|[eat]
|-heal|p2b: Sinistcha|39/100|[from] item: Sitrus Berry
|
|-weather|RainDance|[upkeep]
|-damage|p1b: Maushold|5/100 brn|[from] brn
|-start|p2b: Sinistcha|perish2
|-start|p2a: Pelipper|perish2
|-start|p1b: Maushold|perish2
|-start|p1a: Gengar|perish2
|upkeep
|turn|3
|inactive|saiban004 has 30 seconds left.
|inactive|GWMicroK has 30 seconds left.
|
|t:|1783986925
|-activate|p1b: Maushold|confusion
|-damage|p1b: Maushold|0 fnt|[from] confusion
|faint|p1b: Maushold
|move|p2b: Sinistcha|Life Dew||[still]|[spread] p2a,p2b
|-fail|p2a: Pelipper|heal
|-heal|p2b: Sinistcha|64/100
|move|p2a: Pelipper|Hurricane|p1a: Gengar
|-damage|p1a: Gengar|36/100
|move|p1a: Gengar|Shadow Ball|p2b: Sinistcha
|-supereffective|p2b: Sinistcha|1
|-damage|p2b: Sinistcha|0 fnt
|faint|p2b: Sinistcha
|
|-weather|RainDance|[upkeep]
|-start|p2a: Pelipper|perish1
|-start|p1a: Gengar|perish1
|upkeep
|
|t:|1783986943
|switch|p2b: Ditto|Ditto, L50, shiny|100/100
|switch|p1b: Aegislash|Aegislash, L50, F, shiny|100/100
|-transform|p2b: Ditto|p1a: Gengar|[from] ability: Imposter
|turn|4
|inactive|GWMicroK has 30 seconds left.
|-activate|p2b: Ditto|item: Quick Claw
|
|t:|1783986972
|switch|p1a: Sneasler|Sneasler, L50, F|100/100
|move|p2b: Ditto|Protect|p2b: Ditto
|-singleturn|p2b: Ditto|Protect
|-formechange|p1b: Aegislash|Aegislash-Blade|
|move|p1b: Aegislash|Poltergeist|p2b: Ditto
|-activate|p2b: Ditto|move: Protect
|move|p2a: Pelipper|Weather Ball|p1b: Aegislash
|-damage|p1b: Aegislash|7/100
|
|-weather|RainDance|[upkeep]
|-heal|p1b: Aegislash|12/100|[from] item: Leftovers
|-start|p2a: Pelipper|perish0
|faint|p2a: Pelipper
|upkeep
|
|t:|1783986989
|switch|p2a: Swampert|Swampert, L50, F|100/100
|turn|5
|-activate|p2b: Ditto|item: Quick Claw
|
|t:|1783987011
|detailschange|p2a: Swampert|Swampert-Mega, L50, F
|-mega|p2a: Swampert|Swampert|Swampertite
|move|p1a: Sneasler|Fake Out|p2a: Swampert
|-damage|p2a: Swampert|86/100
|move|p2b: Ditto|Shadow Ball|p1b: Aegislash
|-supereffective|p1b: Aegislash|1
|-damage|p1b: Aegislash|0 fnt
|faint|p1b: Aegislash
|cant|p2a: Swampert|flinch
|
|-weather|none
|-fieldend|move: Trick Room
|upkeep
|
|t:|1783987025
|switch|p1b: Gengar|Gengar-Mega, L50, M, shiny|36/100
|turn|6
|
|t:|1783987032
|move|p2b: Ditto|Protect|p2b: Ditto
|-singleturn|p2b: Ditto|Protect
|move|p1b: Gengar|Shadow Ball|p2b: Ditto
|-activate|p2b: Ditto|move: Protect
|move|p1a: Sneasler|Close Combat|p2a: Swampert
|-damage|p2a: Swampert|34/100
|-unboost|p1a: Sneasler|def|1
|-unboost|p1a: Sneasler|spd|1
|-enditem|p1a: Sneasler|White Herb
|-clearnegativeboost|p1a: Sneasler|[silent]
|move|p2a: Swampert|Earthquake|p1b: Gengar|[spread] p1a,p1b
|-activate|p2b: Ditto|move: Protect
|-supereffective|p1a: Sneasler|1
|-supereffective|p1b: Gengar|1
|-damage|p1a: Sneasler|0 fnt
|-damage|p1b: Gengar|0 fnt
|faint|p1a: Sneasler
|faint|p1b: Gengar
|
|win|GWMicroK
||saiban004 is ready for game 2.
|l|☆saiban004
|player|p1|
|inactive|GWMicroK has 30 seconds to confirm battle start!
|inactive|GWMicroK has 20 seconds to confirm battle start!
||GWMicroK is ready for game 2.
|uhtml|next|Next: Game 2 of 3
