|j|☆Frisk Azzy
|j|☆LittleSunLight
|html|Frisk AzzyLittleSunLight    
|uhtml|bestof|Game 2 of a best-of-3
|t:|1784407997
|gametype|doubles
|player|p1|Frisk Azzy|riley|
|player|p2|LittleSunLight|beauty|
|gen|9
|tier|[Gen 9 Champions] VGC 2026 Reg M-B (Bo3)
|rule|Species Clause: Limit one of each Pokémon
|rule|Item Clause: Limit 1 of each item
|clearpoke
|poke|p1|Charizard, L50, M, shiny|
|poke|p1|Venusaur, L50, M|
|poke|p1|Whimsicott, L50, F|
|poke|p1|Luxray, L50, M, shiny|
|poke|p1|Aegislash, L50, M|
|poke|p1|Garchomp, L50, F, shiny|
|poke|p2|Dragonite, L50, F, shiny|
|poke|p2|Froslass, L50, F|
|poke|p2|Sneasler, L50, M|
|poke|p2|Arcanine-Hisui, L50, M|
|poke|p2|Basculegion, L50, M|
|poke|p2|Kingambit, L50, F|
|teampreview|4
|showteam|p1|Charizard||CharizarditeY|SolarPower|AirSlash,HeatWave,Protect,SolarBeam|Timid||M|||50|]Venusaur||LifeOrb|Chlorophyll|GigaDrain,Protect,EarthPower,SludgeBomb|Modest||M|||50|]Whimsicott||FocusSash|Prankster|Taunt,Tailwind,SunnyDay,Moonblast|Timid||F|||50|]Luxray||SitrusBerry|Intimidate|WildCharge,Protect,VoltSwitch,Crunch|Sassy||M|||50|]Aegislash||SpellTag|StanceChange|ShadowSneak,KingsShield,WideGuard,IronHead|Adamant||M|||50|]Garchomp||YacheBerry|RoughSkin|DragonClaw,RockSlide,Earthquake,Protect|Jolly||F|||50|
|showteam|p2|Dragonite||Dragoninite|Multiscale|Protect,Tailwind,DragonPulse,Flamethrower|Modest||F|||50|]Froslass||Froslassite|CursedBody|Protect,Blizzard,ShadowBall,AuroraVeil|Timid||F|||50|]Sneasler||WhiteHerb|Unburden|Protect,CloseCombat,DireClaw,FakeOut|Jolly||M|||50|]Arcanine-Hisui||FocusSash|RockHead|FlareBlitz,HeadSmash,RockSlide,ExtremeSpeed|Jolly||M|||50|]Basculegion||ChoiceScarf|Adaptability|FlipTurn,WaveCrash,AquaJet,LastRespects|Adamant||M|||50|]Kingambit||ChopleBerry|Defiant|Protect,KowtowCleave,IronHead,SuckerPunch|Adamant||F|||50|
|inactive|Battle timer is ON: inactive players will automatically lose when time's up. (requested by LittleSunLight)
|
|t:|1784408025
|teamsize|p1|4
|teamsize|p2|4
|start
|switch|p1a: Skippy|Luxray, L50, M, shiny|100/100
|switch|p1b: Bow|Garchomp, L50, F, shiny|100/100
|switch|p2a: Chaos|Basculegion, L50, M|100/100
|switch|p2b: Mochi|Sneasler, L50, M|100/100
|-ability|p1a: Skippy|Intimidate|boost
|-unboost|p2a: Chaos|atk|1
|-unboost|p2b: Mochi|atk|1
|-enditem|p2b: Mochi|White Herb
|-clearnegativeboost|p2b: Mochi|[silent]
|turn|1
|inactive|LittleSunLight has 30 seconds left.
|inactive|LittleSunLight has 20 seconds left.
|inactive|Frisk Azzy has 30 seconds left.
|inactive|LittleSunLight has 15 seconds left.
|inactive|LittleSunLight has 10 seconds left.
|
|t:|1784408075
|switch|p1a: Hexcalibern|Aegislash, L50, M|100/100
|move|p1b: Bow|Protect|p1b: Bow
|-singleturn|p1b: Bow|Protect
|move|p2b: Mochi|Close Combat|p1b: Bow
|-activate|p1b: Bow|move: Protect
|move|p2a: Chaos|Flip Turn|p1b: Bow
|-activate|p1b: Bow|move: Protect
|
|upkeep
|turn|2
|inactive|LittleSunLight has 30 seconds left.
|
|t:|1784408109
|switch|p1b: Skippy|Luxray, L50, M, shiny|100/100
|-ability|p1b: Skippy|Intimidate|boost
|-unboost|p2a: Chaos|atk|1
|-unboost|p2b: Mochi|atk|1
|-formechange|p1a: Hexcalibern|Aegislash-Blade|
|move|p1a: Hexcalibern|Shadow Sneak|p2a: Chaos
|-supereffective|p2a: Chaos|1
|-damage|p2a: Chaos|29/100
|move|p2b: Mochi|Dire Claw|p1b: Skippy
|-damage|p1b: Skippy|67/100
|move|p2a: Chaos|Flip Turn|p1b: Skippy
|-damage|p1b: Skippy|42/100
|-enditem|p1b: Skippy|Sitrus Berry|[eat]
|-heal|p1b: Skippy|67/100|[from] item: Sitrus Berry
|
|t:|1784408130
|switch|p2a: Helix!|Dragonite, L50, F, shiny|100/100|[from] Flip Turn
|
|upkeep
|turn|3
|
|t:|1784408150
|-formechange|p1a: Hexcalibern|Aegislash|
|move|p1a: Hexcalibern|King's Shield|p1a: Hexcalibern
|-singleturn|p1a: Hexcalibern|Protect
|move|p2b: Mochi|Close Combat|p1b: Skippy
|-damage|p1b: Skippy|15/100
|-unboost|p2b: Mochi|def|1
|-unboost|p2b: Mochi|spd|1
|move|p2a: Helix!|Tailwind|p2a: Helix!
|-sidestart|p2: LittleSunLight|move: Tailwind
|move|p1b: Skippy|Volt Switch|p2a: Helix!
|-damage|p2a: Helix!|87/100
|
|t:|1784408162
|switch|p1b: Bow|Garchomp, L50, F, shiny|100/100|[from] Volt Switch
|
|upkeep
|turn|4
|inactive|LittleSunLight has 30 seconds left.
|inactive|LittleSunLight has 20 seconds left.
|inactive|LittleSunLight has 15 seconds left.
|
|t:|1784408205
|-formechange|p1a: Hexcalibern|Aegislash-Blade|
|move|p1a: Hexcalibern|Shadow Sneak|p2b: Mochi
|-damage|p2b: Mochi|29/100
|move|p2b: Mochi|Close Combat|p1b: Bow
|-damage|p1b: Bow|56/100
|-unboost|p2b: Mochi|def|1
|-unboost|p2b: Mochi|spd|1
|-damage|p2b: Mochi|17/100|[from] ability: Rough Skin|[of] p1b: Bow
|move|p2a: Helix!|Flamethrower|p1a: Hexcalibern
|-supereffective|p1a: Hexcalibern|1
|-damage|p1a: Hexcalibern|0 fnt
|faint|p1a: Hexcalibern
|move|p1b: Bow|Dragon Claw|p2a: Helix!
|-supereffective|p2a: Helix!|1
|-damage|p2a: Helix!|0 fnt
|faint|p2a: Helix!
|
|upkeep
|
|t:|1784408223
|switch|p2a: Chaos|Basculegion, L50, M|29/100
|switch|p1a: Skippy|Luxray, L50, M, shiny|15/100
|-ability|p1a: Skippy|Intimidate|boost
|-unboost|p2a: Chaos|atk|1
|-unboost|p2b: Mochi|atk|1
|turn|5
|inactive|LittleSunLight has 30 seconds left.
|
|t:|1784408249
|move|p1b: Bow|Protect|p1b: Bow
|-singleturn|p1b: Bow|Protect
|move|p2b: Mochi|Close Combat|p1a: Skippy
|-damage|p1a: Skippy|0 fnt
|-unboost|p2b: Mochi|def|1
|-unboost|p2b: Mochi|spd|1
|faint|p1a: Skippy
|move|p2a: Chaos|Wave Crash|p1b: Bow
|-activate|p1b: Bow|move: Protect
|
|upkeep
|
|t:|1784408260
|switch|p1a: Dragoniod|Charizard, L50, M, shiny|100/100
|turn|6
|
|t:|1784408283
|move|p1a: Dragoniod|Protect|p1a: Dragoniod
|-singleturn|p1a: Dragoniod|Protect
|move|p2b: Mochi|Close Combat|p1b: Bow
|-damage|p1b: Bow|24/100
|-unboost|p2b: Mochi|def|1
|-unboost|p2b: Mochi|spd|1
|-damage|p2b: Mochi|5/100|[from] ability: Rough Skin|[of] p1b: Bow
|move|p2a: Chaos|Wave Crash|p1b: Bow
|-damage|p1b: Bow|0 fnt
|-damage|p2a: Chaos|17/100|[from] ability: Rough Skin|[of] p1b: Bow
|faint|p1b: Bow
|-damage|p2a: Chaos|10/100|[from] Recoil
|
|-sideend|p2: LittleSunLight|move: Tailwind
|upkeep
|turn|7
|
|t:|1784408302
|detailschange|p1a: Dragoniod|Charizard-Mega-Y, L50, M, shiny
|-mega|p1a: Dragoniod|Charizard|Charizardite Y
|-weather|SunnyDay|[from] ability: Drought|[of] p1a: Dragoniod
|move|p2b: Mochi|Dire Claw|p1a: Dragoniod
|-damage|p1a: Dragoniod|69/100
|move|p2a: Chaos|Wave Crash|p1a: Dragoniod
|-supereffective|p1a: Dragoniod|1
|-damage|p1a: Dragoniod|0 fnt
|faint|p1a: Dragoniod
|-damage|p2a: Chaos|0 fnt|[from] Recoil
|faint|p2a: Chaos
|
|win|LittleSunLight
|inactive|Frisk Azzy has 30 seconds to confirm battle start!
|inactive|LittleSunLight has 30 seconds to confirm battle start!
|c|☆Frisk Azzy|this match was so close
