|j|☆HolgerD
|j|☆GiovanniMuciaccia
|html|HolgerDGiovanniMuciaccia    
|uhtml|bestof|Game 3 of a best-of-3
|t:|1756732742
|gametype|doubles
|player|p1|HolgerD|1|1282
|player|p2|GiovanniMuciaccia|265|1250
|gen|9
|tier|[Gen 9] VGC 2025 Reg H (Bo3)
|rated|
|rule|Species Clause: Limit one of each Pokémon
|rule|Item Clause: Limit 1 of each item
|clearpoke
|poke|p1|Electabuzz, L50, F|
|poke|p1|Pelipper, L50, F|
|poke|p1|Archaludon, L50, F|
|poke|p1|Ursaluna, L50, M|
|poke|p1|Sinistcha, L50|
|poke|p1|Kingambit, L50, F|
|poke|p2|Charizard, L50, M|
|poke|p2|Torkoal, L50, F|
|poke|p2|Porygon2, L50|
|poke|p2|Incineroar, L50, F|
|poke|p2|Jumpluff, L50, M|
|poke|p2|Ursaluna, L50, F|
|teampreview|4
|showteam|p1|Electabuzz||Eviolite|VitalSpirit|Electroweb,Taunt,FollowMe,Protect|||F|||50|,,,,,Dragon]Pelipper||FocusSash|Drizzle|Hurricane,MuddyWater,Tailwind,Protect|||F|||50|,,,,,Stellar]Archaludon||AssaultVest|Stamina|DragonPulse,ElectroShot,BodyPress,FlashCannon|||F|||50|,,,,,Bug]Ursaluna||FlameOrb|Guts|Facade,HeadlongRush,Earthquake,Protect|||M|||50|,,,,,Ghost]Sinistcha||SitrusBerry|Hospitality|MatchaGotcha,LifeDew,RagePowder,TrickRoom||||||50|,,,,,Dark]Kingambit||SafetyGoggles|Defiant|KowtowCleave,SuckerPunch,SwordsDance,Protect|||F|||50|,,,,,Flying
|showteam|p2|Charizard||ChoiceSpecs|SolarPower|HeatWave,Overheat,WeatherBall,AirSlash|||M|||50|,,,,,Ghost]Torkoal||EjectPack|Drought|Eruption,Overheat,HelpingHand,Protect|||F|||50|,,,,,Fire]Porygon2||Eviolite|Download|TeraBlast,IceBeam,Recover,TrickRoom||||||50|,,,,,Fighting]Incineroar||SitrusBerry|Intimidate|FlareBlitz,KnockOff,FakeOut,PartingShot|||F|||50|,,,,,Ghost]Jumpluff||CovertCloak|Chlorophyll|SleepPowder,SunnyDay,RagePowder,Tailwind|||M|||50|,,,,,Water]Ursaluna||FlameOrb|Guts|HeadlongRush,Facade,Earthquake,Protect|||F|||50|,,,,,Ghost
|j| magicplayher
|
|t:|1756732791
|teamsize|p1|4
|teamsize|p2|4
|start
|switch|p1a: Ursaluna|Ursaluna, L50, M|100/100
|switch|p1b: Electabuzz|Electabuzz, L50, F|100/100
|switch|p2a: Porygon2|Porygon2, L50|100/100
|switch|p2b: Ursaluna|Ursaluna, L50, F|100/100
|-ability|p2a: Porygon2|Download|boost
|-boost|p2a: Porygon2|spa|1
|turn|1
|
|t:|1756732825
|move|p1b: Electabuzz|Protect|p1b: Electabuzz
|-singleturn|p1b: Electabuzz|Protect
|move|p1a: Ursaluna|Protect|p1a: Ursaluna
|-singleturn|p1a: Ursaluna|Protect
|move|p2b: Ursaluna|Facade|p1b: Electabuzz
|-activate|p1b: Electabuzz|move: Protect
|move|p2a: Porygon2|Tera Blast|p1b: Electabuzz
|-activate|p1b: Electabuzz|move: Protect
|
|-status|p2b: Ursaluna|brn|[from] item: Flame Orb
|-status|p1a: Ursaluna|brn|[from] item: Flame Orb
|upkeep
|turn|2
|
|t:|1756732874
|switch|p1b: Archaludon|Archaludon, L50, F|100/100
|-terastallize|p1a: Ursaluna|Ghost
|move|p2b: Ursaluna|Earthquake|p1a: Ursaluna|[spread] p2a,p1a,p1b
|-supereffective|p1b: Archaludon
|-damage|p2a: Porygon2|58/100
|-damage|p1a: Ursaluna|51/100 brn
|-damage|p1b: Archaludon|3/100
|-ability|p1b: Archaludon|Stamina|boost
|-boost|p1b: Archaludon|def|1
|move|p1a: Ursaluna|Facade|p2a: Porygon2
|-damage|p2a: Porygon2|0 fnt
|faint|p2a: Porygon2
|
|-damage|p2b: Ursaluna|95/100 brn|[from] brn
|-damage|p1a: Ursaluna|45/100 brn|[from] brn
|upkeep
|
|t:|1756732886
|switch|p2a: Charizard|Charizard, L50, M|100/100
|turn|3
|
|t:|1756732908
|switch|p1b: Electabuzz|Electabuzz, L50, F|100/100
|move|p1a: Ursaluna|Protect|p1a: Ursaluna
|-singleturn|p1a: Ursaluna|Protect
|move|p2a: Charizard|Heat Wave|p1b: Electabuzz|[spread] p1b
|-activate|p1a: Ursaluna|move: Protect
|-damage|p1b: Electabuzz|56/100
|move|p2b: Ursaluna|Facade|p1a: Ursaluna
|-activate|p1a: Ursaluna|move: Protect
|
|-damage|p2b: Ursaluna|89/100 brn|[from] brn
|-damage|p1a: Ursaluna|39/100 brn|[from] brn
|upkeep
|turn|4
|
|t:|1756732927
|switch|p1a: Pelipper|Pelipper, L50, F|100/100
|-weather|RainDance|[from] ability: Drizzle|[of] p1a: Pelipper
|move|p1b: Electabuzz|Electroweb|p2b: Ursaluna|[spread] p2a
|-immune|p2b: Ursaluna
|-supereffective|p2a: Charizard
|-damage|p2a: Charizard|65/100
|-unboost|p2a: Charizard|spe|1
|move|p2a: Charizard|Heat Wave|p1b: Electabuzz|[spread] p1a,p1b
|-resisted|p1a: Pelipper
|-damage|p1a: Pelipper|80/100
|-damage|p1b: Electabuzz|35/100
|move|p2b: Ursaluna|Earthquake|p1a: Pelipper|[spread] p1b
|-immune|p2a: Charizard
|-immune|p1a: Pelipper
|-supereffective|p1b: Electabuzz
|-damage|p1b: Electabuzz|0 fnt
|faint|p1b: Electabuzz
|
|-weather|RainDance|[upkeep]
|-damage|p2b: Ursaluna|83/100 brn|[from] brn
|upkeep
|
|t:|1756732949
|switch|p1b: Archaludon|Archaludon, L50, F|3/100
|turn|5
|
|t:|1756732971
|switch|p2a: Torkoal|Torkoal, L50, F|100/100
|-weather|SunnyDay|[from] ability: Drought|[of] p2a: Torkoal
|-terastallize|p2b: Ursaluna|Ghost
|move|p1a: Pelipper|Muddy Water|p2b: Ursaluna|[spread] p2a,p2b
|-supereffective|p2a: Torkoal
|-damage|p2a: Torkoal|67/100
|-damage|p2b: Ursaluna|70/100 brn
|-unboost|p2b: Ursaluna|accuracy|1
|move|p1b: Archaludon|Dragon Pulse|p2a: Torkoal
|-damage|p2a: Torkoal|17/100
|move|p2b: Ursaluna|Facade|p1b: Archaludon
|-resisted|p1b: Archaludon
|-damage|p1b: Archaludon|0 fnt
|faint|p1b: Archaludon
|
|-weather|SunnyDay|[upkeep]
|-damage|p2b: Ursaluna|64/100 brn|[from] brn
|upkeep
|
|t:|1756732986
|switch|p1b: Ursaluna|Ursaluna, L50, M, tera:Ghost|39/100 brn
|turn|6
|
|t:|1756733038
|move|p2a: Torkoal|Helping Hand|p2b: Ursaluna
|-singleturn|p2b: Ursaluna|Helping Hand|[of] p2a: Torkoal
|move|p1a: Pelipper|Tailwind|p1a: Pelipper
|-sidestart|p1: HolgerD|move: Tailwind
|move|p1b: Ursaluna|Headlong Rush|p2b: Ursaluna
|-damage|p2b: Ursaluna|0 fnt
|-unboost|p1b: Ursaluna|def|1
|-unboost|p1b: Ursaluna|spd|1
|faint|p2b: Ursaluna
|
|-weather|SunnyDay|[upkeep]
|-damage|p1b: Ursaluna|33/100 brn|[from] brn
|upkeep
|
|t:|1756733046
|switch|p2b: Charizard|Charizard, L50, M|65/100
|turn|7
|
|t:|1756733060
|move|p1a: Pelipper|Muddy Water|p2a: Torkoal|[spread] p2a,p2b
|-supereffective|p2a: Torkoal
|-supereffective|p2b: Charizard
|-damage|p2a: Torkoal|0 fnt
|-damage|p2b: Charizard|26/100
|-unboost|p2b: Charizard|accuracy|1
|faint|p2a: Torkoal
|move|p1b: Ursaluna|Facade|p2b: Charizard
|-damage|p2b: Charizard|0 fnt
|faint|p2b: Charizard
|
|win|HolgerD
|raw|HolgerD's rating: 1282 → 1305(+23 for winning)
|raw|GiovanniMuciaccia's rating: 1250 → 1227(-23 for losing)
