|j|☆phoenix burner
|j|☆uPinhuu
|html|phoenix burneruPinhuu    
|uhtml|bestof|Game 1 of a best-of-3
|t:|1785801631
|gametype|doubles
|player|p1|phoenix burner|1|1170
|player|p2|uPinhuu|2|1133
|gen|9
|tier|[Gen 9 Champions] VGC 2026 Reg M-B (Bo3)
|rated|
|rule|Species Clause: Limit one of each Pokémon
|rule|Item Clause: Limit 1 of each item
|clearpoke
|poke|p1|Camerupt, L50, M, shiny|
|poke|p1|Kingambit, L50, M, shiny|
|poke|p1|Basculegion, L50, M, shiny|
|poke|p1|Kangaskhan, L50, F, shiny|
|poke|p1|Glimmora, L50, M, shiny|
|poke|p1|Farigiraf, L50, F, shiny|
|poke|p2|Staraptor, L50, M|
|poke|p2|Vanilluxe, L50, F|
|poke|p2|Farigiraf, L50, M|
|poke|p2|Blastoise, L50, F|
|poke|p2|Kingambit, L50, F|
|poke|p2|Camerupt, L50, M|
|teampreview|4
|showteam|p1|Camerupt||Cameruptite|SolidRock|HeatWave,EarthPower,Protect,AncientPower|Quiet||M|||50|]Kingambit||BlackGlasses|Defiant|KowtowCleave,IronHead,Protect,SuckerPunch|Adamant||M|||50|]Basculegion||MysticWater|Adaptability|WaveCrash,LastRespects,Protect,AquaJet|Adamant||M|||50|]Kangaskhan||LifeOrb|Scrappy|DoubleEdge,LowKick,IcePunch,FakeOut|Adamant||F|||50|]Glimmora||FocusSash|ToxicDebris|PowerGem,SludgeBomb,SpikyShield,EarthPower|Modest||M|||50|]Farigiraf||SitrusBerry|ArmorTail|Psychic,Thunderbolt,TrickRoom,HelpingHand|Bold||F|||50|
|showteam|p2|Staraptor||ChoiceScarf|Intimidate|FinalGambit,BraveBird,CloseCombat,Uturn|Jolly||M|||50|]Vanilluxe||NeverMeltIce|SnowWarning|Blizzard,FreezeDry,Protect,IceShard|Quiet||F|||50|]Farigiraf||SitrusBerry|ArmorTail|PsychicFangs,HyperVoice,HelpingHand,TrickRoom|Relaxed||M|||50|]Blastoise||Blastoisinite|RainDish|FakeOut,WaterSpout,AuraSphere,DarkPulse|Quiet||F|||50|]Kingambit||LifeOrb|Defiant|KowtowCleave,IronHead,Protect,SuckerPunch|Brave||F|||50|]Camerupt||Cameruptite|SolidRock|HeatWave,EarthPower,Protect,AncientPower|Quiet||M|||50|
|inactive|Battle timer is ON: inactive players will automatically lose when time's up. (requested by uPinhuu)
|inactive|phoenix burner has 60 seconds left.
|inactive|uPinhuu has 60 seconds left.
|
|t:|1785801690
|teamsize|p1|4
|teamsize|p2|4
|start
|switch|p1a: Basculegion|Basculegion, L50, M, shiny|100/100
|switch|p1b: Farigiraf|Farigiraf, L50, F, shiny|100/100
|switch|p2a: Staraptor|Staraptor, L50, M|100/100
|switch|p2b: Farigiraf|Farigiraf, L50, M|100/100
|-ability|p2a: Staraptor|Intimidate|boost
|-unboost|p1a: Basculegion|atk|1
|-unboost|p1b: Farigiraf|atk|1
|turn|1
|
|t:|1785801714
|move|p2a: Staraptor|Final Gambit|p1a: Basculegion
|-immune|p1a: Basculegion
|move|p1a: Basculegion|Wave Crash|p2b: Farigiraf
|-damage|p2b: Farigiraf|45/100
|-enditem|p2b: Farigiraf|Sitrus Berry|[eat]
|-heal|p2b: Farigiraf|70/100|[from] item: Sitrus Berry
|-damage|p1a: Basculegion|80/100|[from] Recoil
|move|p2b: Farigiraf|Hyper Voice|p1a: Basculegion|[spread] p1b
|-immune|p1a: Basculegion
|-damage|p1b: Farigiraf|77/100
|move|p1b: Farigiraf|Trick Room|p1b: Farigiraf
|-fieldstart|move: Trick Room|[of] p1b: Farigiraf
|
|upkeep
|turn|2
|c|☆phoenix burner|...
|inactive|phoenix burner has 30 seconds left.
|inactive|phoenix burner has 20 seconds left.
|inactive|phoenix burner has 15 seconds left.
|inactive|phoenix burner has 10 seconds left.
|
|t:|1785801760
|move|p2b: Farigiraf|Psychic Fangs|p1a: Basculegion
|-damage|p1a: Basculegion|50/100g
|move|p1b: Farigiraf|Thunderbolt|p2a: Staraptor
|-supereffective|p2a: Staraptor|1
|-damage|p2a: Staraptor|40/100
|move|p1a: Basculegion|Wave Crash|p2b: Farigiraf
|-damage|p2b: Farigiraf|15/100
|-damage|p1a: Basculegion|29/100|[from] Recoil
|move|p2a: Staraptor|Final Gambit|p1b: Farigiraf
|-damage|p1b: Farigiraf|42/100
|-enditem|p1b: Farigiraf|Sitrus Berry|[eat]
|-heal|p1b: Farigiraf|67/100|[from] item: Sitrus Berry
|faint|p2a: Staraptor
|
|upkeep
|
|t:|1785801777
|switch|p2a: Vanilluxe|Vanilluxe, L50, F|100/100
|-weather|Snowscape|[from] ability: Snow Warning|[of] p2a: Vanilluxe
|turn|3
|
|t:|1785801795
|move|p2b: Farigiraf|Helping Hand|p2a: Vanilluxe
|-singleturn|p2a: Vanilluxe|Helping Hand|[of] p2b: Farigiraf
|move|p1a: Basculegion|Protect|p1a: Basculegion
|-singleturn|p1a: Basculegion|Protect
|move|p1b: Farigiraf|Thunderbolt|p2b: Farigiraf
|-damage|p2b: Farigiraf|0 fnt
|faint|p2b: Farigiraf
|move|p2a: Vanilluxe|Blizzard|p1a: Basculegion|[spread] p1b
|-activate|p1a: Basculegion|move: Protect
|-damage|p1b: Farigiraf|0 fnt
|faint|p1b: Farigiraf
|
|-weather|Snowscape|[upkeep]
|upkeep
|
|t:|1785801811
|switch|p2b: Blastoise|Blastoise, L50, F|100/100
|switch|p1b: Camerupt|Camerupt, L50, M, shiny|100/100
|turn|4
|inactive|phoenix burner has 30 seconds left.
|
|t:|1785801841
|detailschange|p1b: Camerupt|Camerupt-Mega, L50, M, shiny
|-mega|p1b: Camerupt|Camerupt|Cameruptite
|detailschange|p2b: Blastoise|Blastoise-Mega, L50, F
|-mega|p2b: Blastoise|Blastoise|Blastoisinite
|move|p2b: Blastoise|Fake Out|p1b: Camerupt
|-damage|p1b: Camerupt|90/100
|move|p1a: Basculegion|Aqua Jet|p2a: Vanilluxe
|-damage|p2a: Vanilluxe|83/100
|cant|p1b: Camerupt|flinch
|move|p2a: Vanilluxe|Blizzard|p1b: Camerupt|[spread] p1a,p1b
|-resisted|p1a: Basculegion|1
|-damage|p1a: Basculegion|1/100
|-damage|p1b: Camerupt|44/100
|
|-weather|Snowscape|[upkeep]
|upkeep
|turn|5
|
|t:|1785801859
|move|p2a: Vanilluxe|Protect|p2a: Vanilluxe
|-singleturn|p2a: Vanilluxe|Protect
|move|p1a: Basculegion|Protect|p1a: Basculegion
|-singleturn|p1a: Basculegion|Protect
|move|p1b: Camerupt|Earth Power|p2b: Blastoise
|-damage|p2b: Blastoise|41/100
|move|p2b: Blastoise|Water Spout|p1b: Camerupt|[spread] p1b
|-activate|p1a: Basculegion|move: Protect
|-supereffective|p1b: Camerupt|2
|-damage|p1b: Camerupt|0 fnt
|faint|p1b: Camerupt
|
|-weather|Snowscape|[upkeep]
|-fieldend|move: Trick Room
|upkeep
|
|t:|1785801872
|switch|p1b: Kangaskhan|Kangaskhan, L50, F, shiny|100/100
|turn|6
|
|t:|1785801889
|move|p1b: Kangaskhan|Fake Out|p2b: Blastoise
|-damage|p2b: Blastoise|22/100
|-damage|p1b: Kangaskhan|90/100|[from] item: Life Orb
|move|p2a: Vanilluxe|Ice Shard|p1a: Basculegion
|-resisted|p1a: Basculegion|1
|-damage|p1a: Basculegion|0 fnt
|faint|p1a: Basculegion
|cant|p2b: Blastoise|flinch
|
|-weather|Snowscape|[upkeep]
|upkeep
|turn|7
|
|t:|1785801906
|move|p1b: Kangaskhan|Low Kick|p2b: Blastoise
|-damage|p2b: Blastoise|0 fnt
|faint|p2b: Blastoise
|-damage|p1b: Kangaskhan|80/100|[from] item: Life Orb
|move|p2a: Vanilluxe|Blizzard|p1b: Kangaskhan
|-damage|p1b: Kangaskhan|22/100
|-status|p1b: Kangaskhan|frz
|
|-weather|none
|upkeep
|turn|8
|
|t:|1785801924
|move|p2a: Vanilluxe|Ice Shard|p1b: Kangaskhan
|-damage|p1b: Kangaskhan|5/100 frz
|cant|p1b: Kangaskhan|frz
|
|upkeep
|turn|9
|
|t:|1785801931
|move|p2a: Vanilluxe|Ice Shard|p1b: Kangaskhan
|-damage|p1b: Kangaskhan|0 fnt
|faint|p1b: Kangaskhan
|
|win|uPinhuu
||phoenix burner is ready for game 2.
