|j|Ōśåfumifumii
|j|Ōśåichoseyoupoppo
|html|fumifumiiichoseyoupoppo    
|uhtml|bestof|Game 2 of a best-of-3
|t:|1783085313
|gametype|doubles
|player|p1|fumifumii|caitlin|1000
|player|p2|ichoseyoupoppo|maid|1062
|gen|9
|tier|[Gen 9 Champions] VGC 2026 Reg M-B (Bo3)
|rated|
|rule|Species Clause: Limit one of each Pok├®mon
|rule|Item Clause: Limit 1 of each item
|clearpoke
|poke|p1|Lopunny, L50, F|
|poke|p1|Floette-Eternal, L50, F|
|poke|p1|Ditto, L50, shiny|
|poke|p1|Whimsicott, L50, F|
|poke|p1|Toxapex, L50, F|
|poke|p1|Incineroar, L50, F|
|poke|p2|Scrafty, L50, F|
|poke|p2|Grimmsnarl, L50, M|
|poke|p2|Torkoal, L50, M|
|poke|p2|Farigiraf, L50, M|
|poke|p2|Mudsdale, L50, F|
|poke|p2|Emboar, L50, F|
|teampreview|4
|showteam|p1|Lopunny||Lopunnite|Limber|FakeOut,CloseCombat,IcePunch,Uturn|Jolly||F|||50|]Floette-Eternal||Floettite|FlowerVeil|CalmMind,DrainingKiss,DazzlingGleam,Protect|Timid||F|||50|]Ditto||LifeOrb|Imposter|Transform|Bold|||||50|]Whimsicott||FocusSash|Prankster|Tailwind,WorrySeed,Taunt,HelpingHand|Bold||F|||50|]Toxapex||Leftovers|Regenerator|BanefulBunker,Toxic,Liquidation,Infestation|Careful||F|||50|]Incineroar||SitrusBerry|Intimidate|FakeOut,DarkestLariat,FlareBlitz,Protect|Adamant||F|||50|
|showteam|p2|Scrafty||RoseliBerry|Intimidate|FakeOut,Coaching,HelpingHand,KnockOff|Relaxed||F|||50|]Grimmsnarl||LightClay|Prankster|PartingShot,LightScreen,Reflect,FoulPlay|Bold||M|||50|]Torkoal||Charcoal|Drought|Eruption,WeatherBall,SolarBeam,Protect|Quiet||M|||50|]Farigiraf||SitrusBerry|ArmorTail|TrickRoom,HyperVoice,PsychicNoise,Protect|Quiet||M|||50|]Mudsdale||BlackBelt|Stamina|BodyPress,Sandstorm,Curse,Fissure|Relaxed||F|||50|]Emboar||Emboarite|Blaze|DrainPunch,BulkUp,Earthquake,Protect|Brave||F|||50|
|inactive|Battle timer is ON: inactive players will automatically lose when time's up. (requested by fumifumii)
|
|t:|1783085331
|teamsize|p1|4
|teamsize|p2|4
|start
|switch|p1a: Incineroar|Incineroar, L50, F|100/100
|switch|p1b: Lopunny|Lopunny, L50, F|100/100
|switch|p2a: Grimmsnarl|Grimmsnarl, L50, M|100/100
|switch|p2b: Farigiraf|Farigiraf, L50, M|100/100
|-ability|p1a: Incineroar|Intimidate|boost
|-unboost|p2a: Grimmsnarl|atk|1
|-unboost|p2b: Farigiraf|atk|1
|turn|1
|
|t:|1783085351
|move|p2a: Grimmsnarl|Reflect|p2a: Grimmsnarl
|-sidestart|p2: ichoseyoupoppo|Reflect
|move|p1b: Lopunny|U-turn|p2b: Farigiraf
|-supereffective|p2b: Farigiraf|1
|-damage|p2b: Farigiraf|76/100
|l|Ōśåfumifumii
|inactive|fumifumii disconnected and has a minute to reconnect!
|player|p1|
|j|Ōśåfumifumii
|inactive|fumifumii reconnected and has 45 seconds left.
|player|p1|fumifumii|caitlin|
|inactive|fumifumii has 30 seconds left.
|
|t:|1783085386
|switch|p1b: Whimsicott|Whimsicott, L50, F|100/100|[from] U-turn
|move|p1a: Incineroar|Darkest Lariat|p2b: Farigiraf
|-supereffective|p2b: Farigiraf|1
|-damage|p2b: Farigiraf|23/100
|-enditem|p2b: Farigiraf|Sitrus Berry|[eat]
|-heal|p2b: Farigiraf|48/100|[from] item: Sitrus Berry
|move|p2b: Farigiraf|Trick Room|p2b: Farigiraf
|-fieldstart|move: Trick Room|[of] p2b: Farigiraf
|
|upkeep
|turn|2
|c|Ōśåfumifumii|my signal sucks
|c|Ōśåfumifumii|ugh
|c|Ōśåichoseyoupoppo|dw
|
|t:|1783085407
|move|p1b: Whimsicott|Helping Hand|p1a: Incineroar
|-singleturn|p1a: Incineroar|Helping Hand|[of] p1b: Whimsicott
|move|p2a: Grimmsnarl|Light Screen|p2a: Grimmsnarl
|-sidestart|p2: ichoseyoupoppo|move: Light Screen
|move|p2b: Farigiraf|Hyper Voice|p1b: Whimsicott|[spread] p1a,p1b
|-damage|p1a: Incineroar|69/100
|-damage|p1b: Whimsicott|61/100
|move|p1a: Incineroar|Darkest Lariat|p2b: Farigiraf
|-supereffective|p2b: Farigiraf|1
|-damage|p2b: Farigiraf|0 fnt
|faint|p2b: Farigiraf
|
|upkeep
|
|t:|1783085418
|switch|p2b: Torkoal|Torkoal, L50, M|100/100
|-weather|SunnyDay|[from] ability: Drought|[of] p2b: Torkoal
|turn|3
|inactive|fumifumii has 30 seconds left.
|
|t:|1783085444
|move|p2a: Grimmsnarl|Parting Shot|p1b: Whimsicott
|-unboost|p1b: Whimsicott|atk|1
|-unboost|p1b: Whimsicott|spa|1
|
|t:|1783085447
|switch|p2a: Emboar|Emboar, L50, F|100/100|[from] Parting Shot
|move|p1b: Whimsicott|Taunt|p2b: Torkoal
|-start|p2b: Torkoal|move: Taunt
|move|p2b: Torkoal|Eruption|p1a: Incineroar|[spread] p1a,p1b
|-resisted|p1a: Incineroar|1
|-supereffective|p1b: Whimsicott|1
|-damage|p1a: Incineroar|26/100
|-damage|p1b: Whimsicott|0 fnt
|-enditem|p1a: Incineroar|Sitrus Berry|[eat]
|-heal|p1a: Incineroar|51/100|[from] item: Sitrus Berry
|faint|p1b: Whimsicott
|move|p1a: Incineroar|Flare Blitz|p2a: Emboar
|-resisted|p2a: Emboar|1
|-damage|p2a: Emboar|60/100
|-damage|p1a: Incineroar|37/100|[from] Recoil
|
|-weather|SunnyDay|[upkeep]
|upkeep
|
|t:|1783085463
|switch|p1b: Floette|Floette-Eternal, L50, F|100/100
|turn|4
|inactive|fumifumii has 30 seconds left.
|
|t:|1783085490
|switch|p1a: Lopunny|Lopunny, L50, F|100/100
|detailschange|p2a: Emboar|Emboar-Mega, L50, F
|-mega|p2a: Emboar|Emboar|Emboarite
|-ability|p2a: Emboar|Mold Breaker
|move|p1b: Floette|Protect|p1b: Floette
|-singleturn|p1b: Floette|Protect
|move|p2b: Torkoal|Eruption|p1a: Lopunny|[spread] p1a
|-activate|p1b: Floette|move: Protect
|-damage|p1a: Lopunny|0 fnt
|faint|p1a: Lopunny
|move|p2a: Emboar|Drain Punch|p1b: Floette
|-activate|p1b: Floette|move: Protect
|
|-weather|SunnyDay|[upkeep]
|upkeep
|
|t:|1783085507
|switch|p1a: Incineroar|Incineroar, L50, F|37/100
|-ability|p1a: Incineroar|Intimidate|boost
|-unboost|p2a: Emboar|atk|1
|-unboost|p2b: Torkoal|atk|1
|turn|5
|inactive|ichoseyoupoppo has 30 seconds left.
|
|t:|1783085538
|switch|p2a: Grimmsnarl|Grimmsnarl, L50, M|100/100
|detailschange|p1b: Floette|Floette-Mega, L50, F
|-mega|p1b: Floette|Floette|Floettite
|-ability|p1b: Floette|Fairy Aura
|move|p1a: Incineroar|Fake Out|p2b: Torkoal
|-damage|p2b: Torkoal|92/100
|cant|p2b: Torkoal|flinch
|move|p1b: Floette|Dazzling Gleam|p2b: Torkoal|[spread] p2a,p2b
|-supereffective|p2a: Grimmsnarl|1
|-resisted|p2b: Torkoal|1
|-damage|p2a: Grimmsnarl|41/100
|-damage|p2b: Torkoal|72/100
|
|-weather|SunnyDay|[upkeep]
|-end|p2b: Torkoal|move: Taunt
|-fieldend|move: Trick Room
|upkeep
|turn|6
|inactive|fumifumii has 30 seconds left.
|
|t:|1783085570
|move|p1b: Floette|Dazzling Gleam|p2b: Torkoal|[spread] p2a,p2b
|-supereffective|p2a: Grimmsnarl|1
|-resisted|p2b: Torkoal|1
|-damage|p2a: Grimmsnarl|0 fnt
|-damage|p2b: Torkoal|51/100
|faint|p2a: Grimmsnarl
|move|p1a: Incineroar|Darkest Lariat|p2b: Torkoal
|-damage|p2b: Torkoal|28/100
|move|p2b: Torkoal|Weather Ball|p1b: Floette
|-damage|p1b: Floette|35/100
|
|-weather|SunnyDay|[upkeep]
|upkeep
|
|t:|1783085579
|switch|p2a: Emboar|Emboar-Mega, L50, F|60/100
|-ability|p2a: Emboar|Mold Breaker
|turn|7
|
|t:|1783085591
|move|p2b: Torkoal|Protect|p2b: Torkoal
|-singleturn|p2b: Torkoal|Protect
|move|p1b: Floette|Draining Kiss|p2a: Emboar
|-damage|p2a: Emboar|41/100
|-heal|p1b: Floette|56/100|[from] drain|[of] p2a: Emboar
|move|p2a: Emboar|Earthquake|p1a: Incineroar|[spread] p1a,p1b
|-activate|p2b: Torkoal|move: Protect
|-supereffective|p1a: Incineroar|1
|-damage|p1a: Incineroar|0 fnt
|-damage|p1b: Floette|16/100
|faint|p1a: Incineroar
|
|-weather|none
|upkeep
|turn|8
|
|t:|1783085613
|move|p1b: Floette|Dazzling Gleam|p2b: Torkoal|[spread] p2a,p2b
|-resisted|p2b: Torkoal|1
|-damage|p2a: Emboar|16/100
|-damage|p2b: Torkoal|6/100
|move|p2a: Emboar|Earthquake|p1b: Floette|[spread] p2b,p1b
|-supereffective|p2b: Torkoal|1
|-damage|p2b: Torkoal|0 fnt
|-damage|p1b: Floette|0 fnt
|faint|p2b: Torkoal
|faint|p1b: Floette
|
|win|ichoseyoupoppo
|raw|fumifumii's rating: 1000 → 1000(+0 for losing)
|raw|ichoseyoupoppo's rating: 1062 → 1087(+25 for winning)
|c|Ōśåfumifumii|dam
|c|Ōśåichoseyoupoppo|gg
|c|Ōśåfumifumii|gg
|l|Ōśåfumifumii
|player|p1|
