|j|☆Toslowbro30
|j|☆themismatcher
|html|Toslowbro30themismatcher    
|uhtml|bestof|Game 1 of a best-of-3
|t:|1757750226
|gametype|doubles
|player|p1|Toslowbro30|265|1211
|player|p2|themismatcher|benga|1437
|gen|9
|tier|[Gen 9] VGC 2025 Reg H (Bo3)
|rated|
|rule|Species Clause: Limit one of each Pokémon
|rule|Item Clause: Limit 1 of each item
|clearpoke
|poke|p1|Tyranitar, L50, F|
|poke|p1|Lycanroc, L50, M|
|poke|p1|Indeedee, L50, M|
|poke|p1|Gastrodon-East, L50, M|
|poke|p1|Annihilape, L50, M|
|poke|p1|Gholdengo, L50|
|poke|p2|Pelipper, L50, M|
|poke|p2|Basculegion, L50, M|
|poke|p2|Amoonguss, L50, F|
|poke|p2|Archaludon, L50, F|
|poke|p2|Greninja-*, L50, F|
|poke|p2|Annihilape, L50, F|
|teampreview|4
|showteam|p1|Tyranitar||AguavBerry|SandStream|RockSlide,KnockOff,TeraBlast,Protect|||F|||50|,,,,,Flying]Lycanroc||FocusSash|SandRush|RockSlide,CloseCombat,Taunt,Protect|||M|||50|,,,,,Fighting]Indeedee||ChoiceScarf|PsychicSurge|ExpandingForce,TeraBlast,Trick,Protect|||M|||50|,,,,,Psychic]Gastrodon-East||Leftovers|StormDrain|EarthPower,Yawn,ClearSmog,Protect|||M|||50|,,,,,Grass]Annihilape||PsychicSeed|Defiant|DrainPunch,RageFist,BulkUp,Protect|||M|||50|,,,,,Bug]Gholdengo||LifeOrb|GoodasGold|MakeItRain,ShadowBall,NastyPlot,Protect||||||50|,,,,,Flying
|showteam|p2|Pelipper||FocusSash|Drizzle|WeatherBall,Hurricane,Tailwind,WideGuard|||M|||50|,,,,,Stellar]Basculegion||ChoiceBand|SwiftSwim|WaveCrash,FlipTurn,LastRespects,AquaJet|||M|||50|,,,,,Grass]Amoonguss||SitrusBerry|Regenerator|Spore,RagePowder,PollenPuff,ClearSmog|||F|||50|,,,,,Dark]Archaludon||AssaultVest|Stamina|DragonPulse,FlashCannon,ElectroShot,BodyPress|||F|||50|,,,,,Grass]Greninja||LoadedDice|Torrent|WaterShuriken,Protect,Taunt,RainDance|||F|||50|,,,,,Ghost]Annihilape||ChoiceScarf|Defiant|CloseCombat,RageFist,Uturn,FinalGambit|||F|||50|,,,,,Grass
|
|t:|1757750279
|teamsize|p1|4
|teamsize|p2|4
|start
|switch|p1a: Gholdengo|Gholdengo, L50|100/100
|switch|p1b: Lycanroc|Lycanroc, L50, M|100/100
|switch|p2a: Greninja|Greninja, L50, F|100/100
|switch|p2b: Annihilape|Annihilape, L50, F|100/100
|turn|1
|inactive|Battle timer is ON: inactive players will automatically lose when time's up. (requested by Toslowbro30)
|
|t:|1757750298
|move|p1b: Lycanroc|Protect|p1b: Lycanroc
|-singleturn|p1b: Lycanroc|Protect
|move|p1a: Gholdengo|Protect|p1a: Gholdengo
|-singleturn|p1a: Gholdengo|Protect
|move|p2a: Greninja|Water Shuriken|p2b: Annihilape
|-damage|p2b: Annihilape|95/100
|-damage|p2b: Annihilape|89/100
|-damage|p2b: Annihilape|84/100
|-damage|p2b: Annihilape|78/100
|-damage|p2b: Annihilape|74/100
|-hitcount|p2b: Annihilape|5
|move|p2b: Annihilape|Rage Fist|p1a: Gholdengo
|-activate|p1a: Gholdengo|move: Protect
|
|upkeep
|turn|2
|
|t:|1757750316
|switch|p1a: Tyranitar|Tyranitar, L50, F|100/100
|-weather|Sandstorm|[from] ability: Sand Stream|[of] p1a: Tyranitar
|move|p2a: Greninja|Water Shuriken|p1b: Lycanroc
|-supereffective|p1b: Lycanroc
|-damage|p1b: Lycanroc|87/100
|-supereffective|p1b: Lycanroc
|-damage|p1b: Lycanroc|74/100
|-supereffective|p1b: Lycanroc
|-damage|p1b: Lycanroc|60/100
|-supereffective|p1b: Lycanroc
|-damage|p1b: Lycanroc|44/100
|-supereffective|p1b: Lycanroc
|-damage|p1b: Lycanroc|31/100
|-hitcount|p1b: Lycanroc|5
|move|p1b: Lycanroc|Close Combat|p2a: Greninja
|-supereffective|p2a: Greninja
|-damage|p2a: Greninja|0 fnt
|-unboost|p1b: Lycanroc|def|1
|-unboost|p1b: Lycanroc|spd|1
|faint|p2a: Greninja
|move|p2b: Annihilape|Rage Fist|p1a: Tyranitar
|-resisted|p1a: Tyranitar
|-damage|p1a: Tyranitar|52/100
|
|-weather|Sandstorm|[upkeep]
|-damage|p2b: Annihilape|67/100|[from] Sandstorm
|upkeep
|
|t:|1757750333
|switch|p2a: Pelipper|Pelipper, L50, M|100/100
|-weather|RainDance|[from] ability: Drizzle|[of] p2a: Pelipper
|turn|3
|inactive|themismatcher has 30 seconds left.
|inactive|themismatcher has 20 seconds left.
|inactive|themismatcher has 15 seconds left.
|inactive|themismatcher has 10 seconds left.
|
|t:|1757750378
|switch|p1a: Gastrodon|Gastrodon-East, L50, M|100/100
|-terastallize|p2a: Pelipper|Stellar
|move|p1b: Lycanroc|Protect|p1b: Lycanroc
|-singleturn|p1b: Lycanroc|Protect
|move|p2b: Annihilape|Rage Fist|p1b: Lycanroc
|-activate|p1b: Lycanroc|move: Protect
|move|p2a: Pelipper|Weather Ball|p1a: Gastrodon
|-ability|p1a: Gastrodon|Storm Drain|boost
|-boost|p1a: Gastrodon|spa|1
|
|-weather|RainDance|[upkeep]
|upkeep
|turn|4
|
|t:|1757750400
|switch|p1b: Tyranitar|Tyranitar, L50, F|52/100
|-weather|Sandstorm|[from] ability: Sand Stream|[of] p1b: Tyranitar
|move|p2b: Annihilape|Rage Fist|p1a: Gastrodon
|-damage|p1a: Gastrodon|0 fnt
|faint|p1a: Gastrodon
|move|p2a: Pelipper|Hurricane|p1b: Tyranitar
|-resisted|p1b: Tyranitar
|-damage|p1b: Tyranitar|33/100
|
|-weather|Sandstorm|[upkeep]
|-damage|p2b: Annihilape|61/100|[from] Sandstorm
|-damage|p2a: Pelipper|95/100|[from] Sandstorm
|upkeep
|
|t:|1757750411
|switch|p1a: Lycanroc|Lycanroc, L50, M|31/100
|turn|5
|
|t:|1757750423
|switch|p2a: Archaludon|Archaludon, L50, F|100/100
|-terastallize|p1b: Tyranitar|Flying
|move|p1a: Lycanroc|Rock Slide|p2a: Archaludon|[spread] p2b
|-miss|p1a: Lycanroc|p2a: Archaludon
|-resisted|p2b: Annihilape
|-damage|p2b: Annihilape|47/100
|move|p2b: Annihilape|Rage Fist|p1a: Lycanroc
|-damage|p1a: Lycanroc|0 fnt
|faint|p1a: Lycanroc
|move|p1b: Tyranitar|Tera Blast|p2b: Annihilape|[anim] Tera Blast Flying
|-supereffective|p2b: Annihilape
|-damage|p2b: Annihilape|0 fnt
|faint|p2b: Annihilape
|
|-weather|Sandstorm|[upkeep]
|-damage|p1b: Tyranitar|27/100|[from] Sandstorm
|upkeep
|c|☆Toslowbro30|Gg wp
|
|t:|1757750434
|switch|p1a: Gholdengo|Gholdengo, L50|100/100
|switch|p2b: Pelipper|Pelipper, L50, M, tera:Stellar|95/100
|-weather|RainDance|[from] ability: Drizzle|[of] p2b: Pelipper
|turn|6
|
|t:|1757750445
|move|p1a: Gholdengo|Protect|p1a: Gholdengo
|-singleturn|p1a: Gholdengo|Protect
|move|p2a: Archaludon|Electro Shot||[still]
|-prepare|p2a: Archaludon|Electro Shot
|-boost|p2a: Archaludon|spa|1
|-anim|p2a: Archaludon|Electro Shot|p1b: Tyranitar
|-supereffective|p1b: Tyranitar
|-damage|p1b: Tyranitar|0 fnt
|faint|p1b: Tyranitar
|move|p2b: Pelipper|Tailwind|p2b: Pelipper
|-sidestart|p2: themismatcher|move: Tailwind
|
|-weather|RainDance|[upkeep]
|upkeep
|turn|7
|
|t:|1757750456
|move|p2a: Archaludon|Electro Shot||[still]
|-prepare|p2a: Archaludon|Electro Shot
|-boost|p2a: Archaludon|spa|1
|-anim|p2a: Archaludon|Electro Shot|p1a: Gholdengo
|-damage|p1a: Gholdengo|11/100
|move|p2b: Pelipper|Weather Ball|p1a: Gholdengo
|-damage|p1a: Gholdengo|0 fnt
|faint|p1a: Gholdengo
|
|win|themismatcher
||Toslowbro30 is ready for game 2.
|c|☆themismatcher|gg
|c|☆themismatcher|wp
|inactive|themismatcher has 30 seconds to confirm battle start!
||themismatcher is ready for game 2.
|uhtml|next|Next: Game 2 of 3
|l|☆Toslowbro30
|player|p1|
