|j|☆drczech
|j|☆A Regu1ar Guy
|html|drczechA Regu1ar Guy    
|uhtml|bestof|Game 3 of a best-of-3
|t:|1783015401
|gametype|doubles
|player|p1|drczech|fisherman-gen4|
|player|p2|A Regu1ar Guy|elesa|
|gen|9
|tier|[Gen 9 Champions] VGC 2026 Reg M-B (Bo3)
|rule|Species Clause: Limit one of each Pokémon
|rule|Item Clause: Limit 1 of each item
|clearpoke
|poke|p1|Froslass, L50, F|
|poke|p1|Scovillain, L50, F|
|poke|p1|Sneasler, L50, F|
|poke|p1|Basculegion, L50, M|
|poke|p1|Kingambit, L50, F|
|poke|p1|Lycanroc-Dusk, L50, M|
|poke|p2|Delphox, L50, F|
|poke|p2|Blastoise, L50, M|
|poke|p2|Sneasler, L50, F|
|poke|p2|Incineroar, L50, M|
|poke|p2|Sinistcha, L50|
|poke|p2|Maushold, L50|
|teampreview|4
|showteam|p1|Froslass||Froslassite|CursedBody|Blizzard,ShadowBall,AuroraVeil,Protect|Modest||F|||50|]Scovillain||Scovillainite|Moody|Overheat,GigaDrain,RagePowder,Protect|Bold||F|||50|]Sneasler||WhiteHerb|Unburden|CloseCombat,GunkShot,FakeOut,Protect|Adamant||F|||50|]Basculegion||SitrusBerry|Adaptability|WaveCrash,LastRespects,AquaJet,Protect|Adamant||M|||50|]Kingambit||BlackGlasses|Defiant|KowtowCleave,SuckerPunch,SwordsDance,Protect|Adamant||F|||50|]Lycanroc-Dusk||FocusSash|ToughClaws|RockSlide,Accelerock,CloseCombat,Protect|Adamant||M|||50|
|showteam|p2|Delphox||Delphoxite|Blaze|HeatWave,Psyshock,NastyPlot,Protect|Timid||F|||50|]Blastoise||Blastoisinite|RainDish|WaterSpout,DarkPulse,ShellSmash,Protect|Modest||M|||50|]Sneasler||FocusSash|PoisonTouch|DireClaw,CloseCombat,FakeOut,QuickGuard|Jolly||F|||50|]Incineroar||SitrusBerry|Intimidate|FlareBlitz,DarkestLariat,FakeOut,PartingShot|Impish||M|||50|]Sinistcha||OccaBerry|Hospitality|MatchaGotcha,RagePowder,TrickRoom,Protect|Relaxed|||||50|]Maushold||ChopleBerry|FriendGuard|SuperFang,Feint,FollowMe,Protect|Jolly|||||50|
|inactive|Battle timer is ON: inactive players will automatically lose when time's up. (requested by A Regu1ar Guy)
|j| ryanogiggs11
|j| Kharlie chim
|j| Mr.Andersonkungfoo
|j| unovarydrake
|j| Sudoz zen fan
|l| ryanogiggs11
|j| Snorlaxpikachu1
|j| 2thyfor
|inactive|drczech has 60 seconds left.
|j| epom158
|j| ryanogiggs11
|l| ryanogiggs11
|j| PandaMan7567
|inactive|A Regu1ar Guy has 60 seconds left.
|
|t:|1783015462
|teamsize|p1|4
|teamsize|p2|4
|start
|switch|p1a: Froslass|Froslass, L50, F|100/100
|switch|p1b: Sneasler|Sneasler, L50, F|100/100
|switch|p2a: Blastoise|Blastoise, L50, M|100/100
|switch|p2b: Incineroar|Incineroar, L50, M|100/100
|-ability|p2b: Incineroar|Intimidate|boost
|-unboost|p1a: Froslass|atk|1
|-unboost|p1b: Sneasler|atk|1
|-enditem|p1b: Sneasler|White Herb
|-clearnegativeboost|p1b: Sneasler|[silent]
|turn|1
|j| ryanogiggs11
|
|t:|1783015484
|switch|p2a: Sneasler|Sneasler, L50, F|100/100
|detailschange|p1a: Froslass|Froslass-Mega, L50, F
|-mega|p1a: Froslass|Froslass|Froslassite
|-weather|Snowscape|[from] ability: Snow Warning|[of] p1a: Froslass
|move|p1b: Sneasler|Close Combat|p2b: Incineroar
|-supereffective|p2b: Incineroar|1
|-damage|p2b: Incineroar|9/100
|-unboost|p1b: Sneasler|def|1
|-unboost|p1b: Sneasler|spd|1
|-enditem|p2b: Incineroar|Sitrus Berry|[eat]
|-heal|p2b: Incineroar|34/100|[from] item: Sitrus Berry
|move|p1a: Froslass|Shadow Ball|p2a: Sneasler
|-damage|p2a: Sneasler|38/100
|-unboost|p2a: Sneasler|spd|1
|move|p2b: Incineroar|Parting Shot|p1a: Froslass
|-unboost|p1a: Froslass|atk|1
|-unboost|p1a: Froslass|spa|1
|l| ryanogiggs11
|
|t:|1783015490
|switch|p2b: Blastoise|Blastoise, L50, M|100/100|[from] Parting Shot
|
|-weather|Snowscape|[upkeep]
|upkeep
|turn|2
|j| ryanogiggs11
|inactive|drczech has 30 seconds left.
|
|t:|1783015516
|detailschange|p2b: Blastoise|Blastoise-Mega, L50, M
|-mega|p2b: Blastoise|Blastoise|Blastoisinite
|move|p2a: Sneasler|Fake Out|p1b: Sneasler
|-crit|p1b: Sneasler
|-damage|p1b: Sneasler|49/100
|cant|p1b: Sneasler|flinch
|move|p1a: Froslass|Blizzard|p2b: Blastoise|[spread] p2a,p2b
|-resisted|p2b: Blastoise|1
|-damage|p2a: Sneasler|0 fnt
|-damage|p2b: Blastoise|84/100
|faint|p2a: Sneasler
|move|p2b: Blastoise|Shell Smash|p2b: Blastoise
|-unboost|p2b: Blastoise|def|1
|-unboost|p2b: Blastoise|spd|1
|-boost|p2b: Blastoise|atk|2
|-boost|p2b: Blastoise|spa|2
|-boost|p2b: Blastoise|spe|2
|
|-weather|Snowscape|[upkeep]
|upkeep
|
|t:|1783015518
|switch|p2a: Sinistcha|Sinistcha, L50|100/100
|-heal|p2b: Blastoise|100/100|[from] ability: Hospitality|[of] p2a: Sinistcha
|turn|3
|
|t:|1783015537
|move|p1a: Froslass|Protect|p1a: Froslass
|-singleturn|p1a: Froslass|Protect
|move|p2a: Sinistcha|Rage Powder|p2a: Sinistcha
|-singleturn|p2a: Sinistcha|move: Rage Powder
|move|p1b: Sneasler|Gunk Shot|p2a: Sinistcha
|-damage|p2a: Sinistcha|49/100
|-status|p2a: Sinistcha|psn
|move|p2b: Blastoise|Water Spout|p1b: Sneasler|[spread] p1b
|-activate|p1a: Froslass|move: Protect
|-damage|p1b: Sneasler|0 fnt
|faint|p1b: Sneasler
|
|-weather|Snowscape|[upkeep]
|-damage|p2a: Sinistcha|36/100 psn|[from] psn
|upkeep
|
|t:|1783015549
|switch|p1b: Basculegion|Basculegion, L50, M|100/100
|turn|4
|
|t:|1783015569
|switch|p1a: Kingambit|Kingambit, L50, F|100/100
|move|p2a: Sinistcha|Rage Powder|p2a: Sinistcha
|-singleturn|p2a: Sinistcha|move: Rage Powder
|move|p2b: Blastoise|Water Spout|p1b: Basculegion|[spread] p1a,p1b
|-resisted|p1b: Basculegion|1
|-crit|p1b: Basculegion
|-damage|p1a: Kingambit|0 fnt
|-damage|p1b: Basculegion|2/100
|-enditem|p1b: Basculegion|Sitrus Berry|[eat]
|-heal|p1b: Basculegion|27/100|[from] item: Sitrus Berry
|faint|p1a: Kingambit
|move|p1b: Basculegion|Last Respects|p2a: Sinistcha
|-supereffective|p2a: Sinistcha|1
|-damage|p2a: Sinistcha|0 fnt
|faint|p2a: Sinistcha
|
|-weather|Snowscape|[upkeep]
|upkeep
|
|t:|1783015574
|switch|p2a: Incineroar|Incineroar, L50, M|34/100
|switch|p1a: Froslass|Froslass-Mega, L50, F|100/100
|-ability|p2a: Incineroar|Intimidate|boost
|-unboost|p1a: Froslass|atk|1
|-unboost|p1b: Basculegion|atk|1
|turn|5
|
|t:|1783015580
|move|p1a: Froslass|Protect|p1a: Froslass
|-singleturn|p1a: Froslass|Protect
|move|p1b: Basculegion|Aqua Jet|p2b: Blastoise
|-resisted|p2b: Blastoise|1
|-damage|p2b: Blastoise|88/100
|move|p2b: Blastoise|Water Spout|p1a: Froslass|[spread] p1b
|-activate|p1a: Froslass|move: Protect
|-resisted|p1b: Basculegion|1
|-damage|p1b: Basculegion|0 fnt
|faint|p1b: Basculegion
|move|p2a: Incineroar|Darkest Lariat|p1a: Froslass
|-activate|p1a: Froslass|move: Protect
|
|-weather|none
|upkeep
|turn|6
|-message|drczech forfeited.
|
|win|A Regu1ar Guy
|c|☆A Regu1ar Guy|ggs
|c|☆drczech|Gg
|l| Mr.Andersonkungfoo
|l| ryanogiggs11
|l|☆drczech
|player|p1|
|l| Sudoz zen fan
|l| PandaMan7567
|l| epom158
|l| Kharlie chim
|l| Snorlaxpikachu1
