|j|☆lux raymundi
|j|☆VGC98765
|html|lux raymundiVGC98765    
|uhtml|bestof|Game 2 of a best-of-3
|t:|1786046359
|gametype|doubles
|player|p1|lux raymundi|170|1259
|player|p2|VGC98765|266|1237
|gen|9
|tier|[Gen 9 Champions] VGC 2026 Reg M-B (Bo3)
|rated|
|rule|Species Clause: Limit one of each Pokémon
|rule|Item Clause: Limit 1 of each item
|clearpoke
|poke|p1|Sneasler, L50, M|
|poke|p1|Blastoise, L50, M|
|poke|p1|Kingambit, L50, M|
|poke|p1|Incineroar, L50, M|
|poke|p1|Delphox, L50, F|
|poke|p1|Sinistcha, L50|
|poke|p2|Staraptor, L50, F|
|poke|p2|Arcanine-Hisui, L50, M|
|poke|p2|Kingambit, L50, F|
|poke|p2|Raichu, L50, F|
|poke|p2|Farigiraf, L50, F|
|poke|p2|Sylveon, L50, F|
|teampreview|4
|showteam|p1|Sneasler||FocusSash|PoisonTouch|PoisonJab,CloseCombat,FakeOut,QuickGuard|Jolly||M|||50|]Blastoise||Blastoisinite|RainDish|DarkPulse,WaterSpout,ShellSmash,Protect|Modest||M|||50|]Kingambit||BlackGlasses|Defiant|KowtowCleave,SuckerPunch,SwordsDance,Protect|Adamant||M|||50|]Incineroar||SitrusBerry|Intimidate|FlareBlitz,ThroatChop,PartingShot,FakeOut|Careful||M|||50|]Delphox||Delphoxite|Blaze|HeatWave,NastyPlot,Psychic,Protect|Timid||F|||50|]Sinistcha||KasibBerry|Hospitality|MatchaGotcha,RagePowder,TrickRoom,Protect|Bold|||||50|
|showteam|p2|Staraptor||Staraptite|Intimidate|CloseCombat,DualWingbeat,Tailwind,Protect|Jolly||F|||50|]Arcanine-Hisui||FocusSash|RockHead|FlareBlitz,HeadSmash,ExtremeSpeed,Protect|Jolly||M|||50|]Kingambit||LifeOrb|Defiant|KowtowCleave,SuckerPunch,SwordsDance,Protect|Adamant||F|||50|]Raichu||RaichuniteY|LightningRod|ZapCannon,FocusBlast,FakeOut,Protect|Timid||F|||50|]Farigiraf||SitrusBerry|ArmorTail|Psychic,HelpingHand,TrickRoom,Protect|Calm||F|||50|]Sylveon||FairyFeather|Pixilate|HyperVoice,HyperBeam,QuickAttack,Detect|Modest||F|||50|
|
|t:|1786046383
|teamsize|p1|4
|teamsize|p2|4
|start
|switch|p1a: Sneasler|Sneasler, L50, M|100/100
|switch|p1b: Delphox|Delphox, L50, F|100/100
|switch|p2a: Raichu|Raichu, L50, F|100/100
|switch|p2b: Farigiraf|Farigiraf, L50, F|100/100
|turn|1
|
|t:|1786046428
|switch|p1a: Kingambit|Kingambit, L50, M|100/100
|detailschange|p2a: Raichu|Raichu-Mega-Y, L50, F
|-mega|p2a: Raichu|Raichu|Raichunite Y
|detailschange|p1b: Delphox|Delphox-Mega, L50, F
|-mega|p1b: Delphox|Delphox|Delphoxite
|move|p1b: Delphox|Nasty Plot|p1b: Delphox
|-boost|p1b: Delphox|spa|2
|move|p2a: Raichu|Zap Cannon|p1b: Delphox
|-damage|p1b: Delphox|42/100
|-status|p1b: Delphox|par
|move|p2b: Farigiraf|Psychic|p1a: Kingambit
|-immune|p1a: Kingambit
|
|upkeep
|turn|2
|inactive|Battle timer is ON: inactive players will automatically lose when time's up. (requested by VGC98765)
|
|t:|1786046450
|switch|p2b: Kingambit|Kingambit, L50, F|100/100
|move|p2a: Raichu|Focus Blast|p1a: Kingambit
|-supereffective|p1a: Kingambit|2
|-damage|p1a: Kingambit|0 fnt
|faint|p1a: Kingambit
|move|p1b: Delphox|Heat Wave|p2b: Kingambit|[spread] p2a,p2b
|-supereffective|p2b: Kingambit|1
|-damage|p2a: Raichu|0 fnt
|-damage|p2b: Kingambit|0 fnt
|faint|p2a: Raichu
|faint|p2b: Kingambit
|
|upkeep
|
|t:|1786046463
|switch|p2a: Farigiraf|Farigiraf, L50, F|100/100
|switch|p2b: Arcanine|Arcanine-Hisui, L50, M|100/100
|switch|p1a: Sinistcha|Sinistcha, L50|100/100
|-heal|p1b: Delphox|67/100 par|[from] ability: Hospitality|[of] p1a: Sinistcha
|turn|3
|inactive|lux raymundi has 30 seconds left.
|
|t:|1786046489
|move|p2b: Arcanine|Flare Blitz|p1a: Sinistcha
|-supereffective|p1a: Sinistcha|1
|-damage|p1a: Sinistcha|7/100
|move|p1b: Delphox|Psychic|p2b: Arcanine
|-enditem|p2b: Arcanine|Focus Sash
|-damage|p2b: Arcanine|1/100
|move|p2a: Farigiraf|Psychic|p1a: Sinistcha
|-damage|p1a: Sinistcha|0 fnt
|faint|p1a: Sinistcha
|
|upkeep
|
|t:|1786046499
|switch|p1a: Sneasler|Sneasler, L50, M|100/100
|turn|4
|inactive|VGC98765 has 30 seconds left.
|
|t:|1786046536
|move|p2b: Arcanine|Protect|p2b: Arcanine
|-singleturn|p2b: Arcanine|Protect
|move|p1a: Sneasler|Poison Jab|p2b: Arcanine
|-activate|p2b: Arcanine|move: Protect
|move|p1b: Delphox|Heat Wave|p2b: Arcanine|[spread] 
|-activate|p2b: Arcanine|move: Protect
|-miss|p1b: Delphox|p2a: Farigiraf
|move|p2a: Farigiraf|Psychic|p1a: Sneasler
|-supereffective|p1a: Sneasler|2
|-enditem|p1a: Sneasler|Focus Sash
|-damage|p1a: Sneasler|1/100
|
|upkeep
|turn|5
|
|t:|1786046553
|move|p1a: Sneasler|Quick Guard|p1a: Sneasler
|-singleturn|p1a: Sneasler|Quick Guard
|move|p2b: Arcanine|Extreme Speed|p1b: Delphox
|-activate|p1b: Delphox|move: Quick Guard
|move|p1b: Delphox|Heat Wave|p2b: Arcanine|[spread] p2a,p2b
|-resisted|p2b: Arcanine|2
|-damage|p2a: Farigiraf|33/100
|-damage|p2b: Arcanine|0 fnt
|-enditem|p2a: Farigiraf|Sitrus Berry|[eat]
|-heal|p2a: Farigiraf|58/100|[from] item: Sitrus Berry
|faint|p2b: Arcanine
|move|p2a: Farigiraf|Psychic|p1a: Sneasler
|-supereffective|p1a: Sneasler|2
|-damage|p1a: Sneasler|0 fnt
|faint|p1a: Sneasler
|
|upkeep
|turn|6
|
|t:|1786046566
|cant|p1b: Delphox|par
|move|p2a: Farigiraf|Psychic|p1b: Delphox
|-resisted|p1b: Delphox|1
|-damage|p1b: Delphox|49/100 par
|
|upkeep
|turn|7
|
|t:|1786046571
|move|p1b: Delphox|Heat Wave|p2a: Farigiraf
|-damage|p2a: Farigiraf|0 fnt
|faint|p2a: Farigiraf
|
|win|lux raymundi
