|j|☆Capravolante97
|j|☆PikaTROD
|html|Capravolante97PikaTROD    
|uhtml|bestof|Game 3 of a best-of-3
|t:|1756838299
|gametype|doubles
|player|p1|Capravolante97|fantina|1389
|player|p2|PikaTROD|1|1511
|gen|9
|tier|[Gen 9] VGC 2025 Reg H (Bo3)
|rated|
|rule|Species Clause: Limit one of each Pokémon
|rule|Item Clause: Limit 1 of each item
|clearpoke
|poke|p1|Whimsicott, L50, F|
|poke|p1|Corviknight, L50, M|
|poke|p1|Indeedee, L50, M|
|poke|p1|Sneasler, L50, M|
|poke|p1|Ursaluna-Bloodmoon, L50, M|
|poke|p1|Archaludon, L50, M|
|poke|p2|Kingambit, L50, F|
|poke|p2|Primarina, L50, F|
|poke|p2|Sneasler, L50, F|
|poke|p2|Magmar, L50, F|
|poke|p2|Rillaboom, L50, M|
|poke|p2|Dragapult, L50, M|
|teampreview|4
|showteam|p1|Whimsicott||CovertCloak|Prankster|Moonblast,Taunt,Tailwind,FakeTears|||F|||50|,,,,,Water]Corviknight||Leftovers|MirrorArmor|BraveBird,BulkUp,Tailwind,Roost|||M|||50|,,,,,Dragon]Indeedee||FocusSash|PsychicSurge|ExpandingForce,TeraBlast,Imprison,TrickRoom|||M|||50|,,,,,Psychic]Sneasler||PsychicSeed|Unburden|CloseCombat,DireClaw,ThroatChop,Protect|||M|||50|,,,,,Dark]Ursaluna-Bloodmoon||LifeOrb|MindsEye|HyperVoice,BloodMoon,EarthPower,Protect|||M|||50|,,,,,Normal]Archaludon||PowerHerb|Stalwart|ElectroShot,DragonPulse,Thunderbolt,Protect|||M|||50|,,,,,Electric
|showteam|p2|Kingambit||BlackGlasses|Defiant|KowtowCleave,SuckerPunch,SwordsDance,Protect|||F|||50|,,,,,Dark]Primarina||SitrusBerry|LiquidVoice|HyperVoice,Moonblast,Haze,Protect|||F|||50|,,,,,Water]Sneasler||FocusSash|Unburden|CloseCombat,DireClaw,FakeOut,Protect|||F|||50|,,,,,Stellar]Magmar||Eviolite|VitalSpirit|Overheat,WillOWisp,FollowMe,Protect|||F|||50|,,,,,Ghost]Rillaboom||AssaultVest|GrassySurge|WoodHammer,GrassyGlide,HighHorsepower,FakeOut|||M|||50|,,,,,Fire]Dragapult||ChoiceBand|ClearBody|DragonDarts,PhantomForce,Outrage,Uturn|||M|||50|,,,,,Dragon
|inactive|Battle timer is ON: inactive players will automatically lose when time's up. (requested by Capravolante97)
|j| teamthief420
|inactive|PikaTROD has 60 seconds left.
|
|t:|1756838337
|teamsize|p1|4
|teamsize|p2|4
|start
|switch|p1a: Indeedee|Indeedee, L50, M|100/100
|switch|p1b: Sneasler|Sneasler, L50, M|100/100
|switch|p2a: Sneasler|Sneasler, L50, F|100/100
|switch|p2b: Magmar|Magmar, L50, F|100/100
|-fieldstart|move: Psychic Terrain|[from] ability: Psychic Surge|[of] p1a: Indeedee
|-enditem|p1b: Sneasler|Psychic Seed
|-boost|p1b: Sneasler|spd|1|[from] item: Psychic Seed
|turn|1
|
|t:|1756838357
|switch|p2a: Rillaboom|Rillaboom, L50, M|100/100
|-fieldstart|move: Grassy Terrain|[from] ability: Grassy Surge|[of] p2a: Rillaboom
|move|p1b: Sneasler|Dire Claw|p2b: Magmar
|-damage|p2b: Magmar|63/100
|-status|p2b: Magmar|par
|move|p1a: Indeedee|Expanding Force|p2a: Rillaboom
|-damage|p2a: Rillaboom|72/100
|move|p2b: Magmar|Will-O-Wisp|p1b: Sneasler
|-status|p1b: Sneasler|brn
|
|-heal|p2a: Rillaboom|78/100|[from] Grassy Terrain
|-heal|p2b: Magmar|69/100 par|[from] Grassy Terrain
|-damage|p1b: Sneasler|95/100 brn|[from] brn
|upkeep
|turn|2
|inactive|PikaTROD has 30 seconds left.
|
|t:|1756838387
|switch|p1a: Ursaluna|Ursaluna-Bloodmoon, L50, M|100/100
|-terastallize|p2a: Rillaboom|Fire
|move|p1b: Sneasler|Dire Claw|p2a: Rillaboom
|-damage|p2a: Rillaboom|58/100
|-status|p2a: Rillaboom|slp
|cant|p2a: Rillaboom|slp
|move|p2b: Magmar|Overheat|p1a: Ursaluna
|-damage|p1a: Ursaluna|36/100
|-unboost|p2b: Magmar|spa|2
|
|-heal|p1b: Sneasler|100/100 brn|[from] Grassy Terrain
|-heal|p2a: Rillaboom|64/100 slp|[from] Grassy Terrain
|-heal|p1a: Ursaluna|42/100|[from] Grassy Terrain
|-heal|p2b: Magmar|75/100 par|[from] Grassy Terrain
|-damage|p1b: Sneasler|95/100 brn|[from] brn
|upkeep
|turn|3
|inactive|PikaTROD has 30 seconds left.
|
|t:|1756838421
|switch|p1a: Corviknight|Corviknight, L50, M|100/100
|move|p2b: Magmar|Protect|p2b: Magmar
|-singleturn|p2b: Magmar|Protect
|move|p1b: Sneasler|Dire Claw|p2b: Magmar
|-activate|p2b: Magmar|move: Protect
|cant|p2a: Rillaboom|slp
|
|-heal|p1b: Sneasler|100/100 brn|[from] Grassy Terrain
|-heal|p2a: Rillaboom|69/100 slp|[from] Grassy Terrain
|-heal|p2b: Magmar|81/100 par|[from] Grassy Terrain
|-damage|p1b: Sneasler|95/100 brn|[from] brn
|upkeep
|turn|4
|inactive|PikaTROD has 30 seconds left.
|
|t:|1756838450
|switch|p2a: Primarina|Primarina, L50, F|100/100
|move|p1b: Sneasler|Dire Claw|p2b: Magmar
|-damage|p2b: Magmar|63/100 par
|move|p1a: Corviknight|Tailwind|p1a: Corviknight
|-sidestart|p1: Capravolante97|move: Tailwind
|move|p2b: Magmar|Will-O-Wisp|p1a: Corviknight
|-status|p1a: Corviknight|brn
|
|-heal|p1b: Sneasler|100/100 brn|[from] Grassy Terrain
|-heal|p2b: Magmar|69/100 par|[from] Grassy Terrain
|-damage|p1b: Sneasler|95/100 brn|[from] brn
|-damage|p1a: Corviknight|95/100 brn|[from] brn
|upkeep
|turn|5
|
|t:|1756838470
|move|p2b: Magmar|Follow Me|p2b: Magmar
|-singleturn|p2b: Magmar|move: Follow Me
|move|p1b: Sneasler|Dire Claw|p2b: Magmar
|-damage|p2b: Magmar|50/100 par
|move|p1a: Corviknight|Bulk Up|p1a: Corviknight
|-boost|p1a: Corviknight|atk|1
|-boost|p1a: Corviknight|def|1
|move|p2a: Primarina|Hyper Voice|p1b: Sneasler|[spread] p1a,p1b
|-crit|p1a: Corviknight
|-damage|p1a: Corviknight|55/100 brn
|-damage|p1b: Sneasler|64/100 brn
|
|-heal|p1b: Sneasler|70/100 brn|[from] Grassy Terrain
|-heal|p1a: Corviknight|60/100 brn|[from] item: Leftovers
|-heal|p2b: Magmar|56/100 par|[from] Grassy Terrain
|-damage|p1b: Sneasler|64/100 brn|[from] brn
|-damage|p1a: Corviknight|55/100 brn|[from] brn
|-fieldend|move: Grassy Terrain
|upkeep
|turn|6
|
|t:|1756838485
|move|p2b: Magmar|Protect|p2b: Magmar
|-singleturn|p2b: Magmar|Protect
|move|p1b: Sneasler|Dire Claw|p2a: Primarina
|-supereffective|p2a: Primarina
|-damage|p2a: Primarina|60/100
|move|p1a: Corviknight|Roost|p1a: Corviknight
|-heal|p1a: Corviknight|100/100 brn
|-singleturn|p1a: Corviknight|move: Roost
|move|p2a: Primarina|Haze|p2a: Primarina
|-clearallboost
|
|-damage|p1b: Sneasler|58/100 brn|[from] brn
|-damage|p1a: Corviknight|95/100 brn|[from] brn
|upkeep
|turn|7
|
|t:|1756838508
|move|p1b: Sneasler|Dire Claw|p2a: Primarina
|-supereffective|p2a: Primarina
|-damage|p2a: Primarina|18/100
|-status|p2a: Primarina|psn
|-enditem|p2a: Primarina|Sitrus Berry|[eat]
|-heal|p2a: Primarina|43/100 psn|[from] item: Sitrus Berry
|move|p1a: Corviknight|Brave Bird|p2b: Magmar
|-damage|p2b: Magmar|42/100 par
|-damage|p1a: Corviknight|91/100 brn|[from] Recoil
|move|p2a: Primarina|Hyper Voice|p1b: Sneasler|[spread] p1a,p1b
|-damage|p1a: Corviknight|67/100 brn
|-damage|p1b: Sneasler|18/100 brn
|move|p2b: Magmar|Overheat|p1a: Corviknight
|-supereffective|p1a: Corviknight
|-damage|p1a: Corviknight|0 fnt
|-unboost|p2b: Magmar|spa|2
|faint|p1a: Corviknight
|
|-damage|p2a: Primarina|31/100 psn|[from] psn
|-damage|p1b: Sneasler|12/100 brn|[from] brn
|-sideend|p1: Capravolante97|move: Tailwind
|upkeep
|
|t:|1756838521
|switch|p1a: Ursaluna|Ursaluna-Bloodmoon, L50, M|42/100
|turn|8
|
|t:|1756838546
|move|p2a: Primarina|Protect|p2a: Primarina
|-singleturn|p2a: Primarina|Protect
|move|p1b: Sneasler|Close Combat|p2b: Magmar
|-damage|p2b: Magmar|17/100 par
|-unboost|p1b: Sneasler|def|1
|-unboost|p1b: Sneasler|spd|1
|move|p1a: Ursaluna|Hyper Voice|p2b: Magmar|[spread] p2b
|-activate|p2a: Primarina|move: Protect
|-damage|p2b: Magmar|0 fnt
|faint|p2b: Magmar
|-damage|p1a: Ursaluna|33/100|[from] item: Life Orb
|
|-damage|p2a: Primarina|18/100 psn|[from] psn
|-damage|p1b: Sneasler|6/100 brn|[from] brn
|upkeep
|
|t:|1756838566
|switch|p2b: Sneasler|Sneasler, L50, F|100/100
|turn|9
|inactive|PikaTROD has 30 seconds left.
|inactive|PikaTROD has 20 seconds left.
|inactive|PikaTROD has 15 seconds left.
|
|t:|1756838607
|-terastallize|p1a: Ursaluna|Normal
|move|p1b: Sneasler|Dire Claw|p2b: Sneasler
|-resisted|p2b: Sneasler
|-damage|p2b: Sneasler|81/100
|move|p2b: Sneasler|Close Combat|p1a: Ursaluna
|-supereffective|p1a: Ursaluna
|-damage|p1a: Ursaluna|0 fnt
|-unboost|p2b: Sneasler|def|1
|-unboost|p2b: Sneasler|spd|1
|faint|p1a: Ursaluna
|move|p2a: Primarina|Moonblast|p1b: Sneasler
|-damage|p1b: Sneasler|0 fnt
|faint|p1b: Sneasler
|
|-damage|p2a: Primarina|6/100 psn|[from] psn
|upkeep
|
|t:|1756838615
|switch|p1b: Indeedee|Indeedee, L50, M|100/100
|-fieldstart|move: Psychic Terrain|[from] ability: Psychic Surge|[of] p1b: Indeedee
|turn|10
|
|t:|1756838633
|move|p2b: Sneasler|Protect|p2b: Sneasler
|-singleturn|p2b: Sneasler|Protect
|move|p1b: Indeedee|Expanding Force|p2a: Primarina|[spread] p2a
|-activate|p2b: Sneasler|move: Protect
|-damage|p2a: Primarina|0 fnt
|faint|p2a: Primarina
|
|upkeep
|
|t:|1756838636
|switch|p2a: Rillaboom|Rillaboom, L50, M, tera:Fire|69/100 slp
|-fieldstart|move: Grassy Terrain|[from] ability: Grassy Surge|[of] p2a: Rillaboom
|turn|11
|
|t:|1756838646
|cant|p2a: Rillaboom|slp
|move|p2b: Sneasler|Dire Claw|p1b: Indeedee
|-damage|p1b: Indeedee|10/100
|move|p1b: Indeedee|Expanding Force|p2b: Sneasler
|-supereffective|p2b: Sneasler
|-damage|p2b: Sneasler|0 fnt
|faint|p2b: Sneasler
|
|-heal|p1b: Indeedee|16/100|[from] Grassy Terrain
|-heal|p2a: Rillaboom|75/100 slp|[from] Grassy Terrain
|upkeep
|turn|12
|
|t:|1756838652
|-curestatus|p2a: Rillaboom|slp|[msg]
|move|p2a: Rillaboom|Grassy Glide|p1b: Indeedee
|-damage|p1b: Indeedee|0 fnt
|faint|p1b: Indeedee
|
|win|PikaTROD
|raw|Capravolante97's rating: 1389 → 1376(-13 for losing)
|raw|PikaTROD's rating: 1511 → 1524(+13 for winning)
|c|☆PikaTROD|gg
|l|☆Capravolante97
|player|p1|
|l| teamthief420
