|j|☆Pokeventurer
|j|☆lildueldisk
|html|Pokeventurerlildueldisk    
|uhtml|bestof|Game 2 of a best-of-3
|t:|1757691130
|gametype|doubles
|player|p1|Pokeventurer|2|1181
|player|p2|lildueldisk|burglar|1189
|gen|9
|tier|[Gen 9] VGC 2025 Reg H (Bo3)
|rated|
|rule|Species Clause: Limit one of each Pokémon
|rule|Item Clause: Limit 1 of each item
|clearpoke
|poke|p1|Incineroar, L50, M|
|poke|p1|Ursaluna-Bloodmoon, L50, M|
|poke|p1|Gholdengo, L50|
|poke|p1|Dragonite, L50, F|
|poke|p1|Ninetales-Alola, L50, M|
|poke|p1|Amoonguss, L50, F|
|poke|p2|Dragonite, L50, M|
|poke|p2|Garchomp, L50, F|
|poke|p2|Ninetales-Alola, L50, M|
|poke|p2|Incineroar, L50, F|
|poke|p2|Kingambit, L50, F|
|poke|p2|Amoonguss, L50, F|
|teampreview|4
|showteam|p1|Incineroar||SafetyGoggles|Intimidate|FlareBlitz,KnockOff,PartingShot,FakeOut|||M|||50|,,,,,Ghost]Ursaluna-Bloodmoon||AssaultVest|MindsEye|HyperVoice,BloodMoon,EarthPower,VacuumWave|||M|||50|,,,,,Water]Gholdengo||LifeOrb|GoodasGold|MakeItRain,ShadowBall,NastyPlot,Protect||||||50|,,,,,Water]Dragonite||LoadedDice|InnerFocus|ScaleShot,Tailwind,Haze,ExtremeSpeed|||F|||50|,,,,,Fairy]Ninetales-Alola||CovertCloak|SnowWarning|Blizzard,FreezeDry,AuroraVeil,IcyWind|||M|||50|,,,,,Ice]Amoonguss||RockyHelmet|Regenerator|PollenPuff,RagePowder,Spore,Protect|||F|||50|,,,,,Water
|showteam|p2|Dragonite||LumBerry|InnerFocus|TeraBlast,ExtremeSpeed,LowKick,Protect|||M|||50|,,,,,Flying]Garchomp||LifeOrb|RoughSkin|DragonClaw,Earthquake,StompingTantrum,Protect|||F|||50|,,,,,Steel]Ninetales-Alola||FocusSash|SnowWarning|Blizzard,FreezeDry,Encore,Protect|||M|||50|,,,,,Ice]Incineroar||SafetyGoggles|Intimidate|FlareBlitz,KnockOff,PartingShot,FakeOut|||F|||50|,,,,,Ghost]Kingambit||AssaultVest|Defiant|KowtowCleave,SuckerPunch,IronHead,LowKick|||F|||50|,,,,,Dark]Amoonguss||SitrusBerry|Regenerator|Spore,RagePowder,PollenPuff,ClearSmog|||F|||50|,,,,,Water
|inactive|Battle timer is ON: inactive players will automatically lose when time's up. (requested by Pokeventurer)
|
|t:|1757691159
|teamsize|p1|4
|teamsize|p2|4
|start
|switch|p1a: Ursaluna|Ursaluna-Bloodmoon, L50, M|100/100
|switch|p1b: Amoonguss|Amoonguss, L50, F|100/100
|switch|p2a: Incineroar|Incineroar, L50, F, shiny|100/100
|switch|p2b: Kingambit|Kingambit, L50, F, shiny|100/100
|-ability|p2a: Incineroar|Intimidate|boost
|-unboost|p1a: Ursaluna|atk|1
|-unboost|p1b: Amoonguss|atk|1
|turn|1
|inactive|lildueldisk has 30 seconds left.
|
|t:|1757691187
|move|p2a: Incineroar|Knock Off|p1a: Ursaluna
|-damage|p1a: Ursaluna|72/100
|-enditem|p1a: Ursaluna|Assault Vest|[from] move: Knock Off|[of] p2a: Incineroar
|move|p1a: Ursaluna|Earth Power|p2b: Kingambit
|-supereffective|p2b: Kingambit
|-damage|p2b: Kingambit|34/100
|move|p2b: Kingambit|Iron Head|p1a: Ursaluna
|-damage|p1a: Ursaluna|40/100
|move|p1b: Amoonguss|Spore|p2b: Kingambit
|-status|p2b: Kingambit|slp|[from] move: Spore
|
|upkeep
|turn|2
|
|t:|1757691208
|-terastallize|p1b: Amoonguss|Water
|move|p2a: Incineroar|Flare Blitz|p1b: Amoonguss
|-resisted|p1b: Amoonguss
|-damage|p1b: Amoonguss|75/100
|-damage|p2a: Incineroar|84/100|[from] item: Rocky Helmet|[of] p1b: Amoonguss
|-damage|p2a: Incineroar|75/100|[from] Recoil
|move|p1a: Ursaluna|Earth Power|p2a: Incineroar
|-supereffective|p2a: Incineroar
|-damage|p2a: Incineroar|0 fnt
|faint|p2a: Incineroar
|cant|p2b: Kingambit|slp
|move|p1b: Amoonguss|Pollen Puff|p1a: Ursaluna
|-heal|p1a: Ursaluna|90/100
|
|upkeep
|
|t:|1757691223
|switch|p2a: Ninetales|Ninetales-Alola, L50, M, shiny|100/100
|-weather|Snowscape|[from] ability: Snow Warning|[of] p2a: Ninetales
|turn|3
|
|t:|1757691234
|-terastallize|p2a: Ninetales|Ice
|move|p1a: Ursaluna|Vacuum Wave|p2b: Kingambit
|-supereffective|p2b: Kingambit
|-damage|p2b: Kingambit|0 fnt
|faint|p2b: Kingambit
|move|p2a: Ninetales|Blizzard|p1a: Ursaluna|[spread] p1a,p1b
|-supereffective|p1a: Ursaluna
|-resisted|p1b: Amoonguss
|-damage|p1a: Ursaluna|5/100
|-damage|p1b: Amoonguss|62/100
|-status|p1a: Ursaluna|frz
|move|p1b: Amoonguss|Spore|p2a: Ninetales
|-status|p2a: Ninetales|slp|[from] move: Spore
|
|-weather|Snowscape|[upkeep]
|upkeep
|
|t:|1757691247
|switch|p2b: Garchomp|Garchomp, L50, F, shiny|100/100
|turn|4
|
|t:|1757691256
|cant|p1a: Ursaluna|frz
|cant|p2a: Ninetales|slp
|move|p2b: Garchomp|Dragon Claw|p1b: Amoonguss
|-damage|p1b: Amoonguss|5/100
|-damage|p2b: Garchomp|84/100|[from] item: Rocky Helmet|[of] p1b: Amoonguss
|-damage|p2b: Garchomp|74/100|[from] item: Life Orb
|move|p1b: Amoonguss|Spore|p2b: Garchomp
|-status|p2b: Garchomp|slp|[from] move: Spore
|
|-weather|Snowscape|[upkeep]
|upkeep
|turn|5
|
|t:|1757691270
|switch|p1b: Ninetales|Ninetales-Alola, L50, M|100/100
|cant|p2a: Ninetales|slp
|cant|p2b: Garchomp|slp
|-curestatus|p1a: Ursaluna|frz|[msg]
|move|p1a: Ursaluna|Hyper Voice|p2b: Garchomp|[spread] p2a,p2b
|-damage|p2a: Ninetales|56/100 slp
|-damage|p2b: Garchomp|33/100 slp
|
|-weather|Snowscape|[upkeep]
|upkeep
|turn|6
|
|t:|1757691283
|-curestatus|p2b: Garchomp|slp|[msg]
|move|p2b: Garchomp|Protect|p2b: Garchomp
|-singleturn|p2b: Garchomp|Protect
|move|p1b: Ninetales|Blizzard|p2a: Ninetales|[spread] p2a
|-activate|p2b: Garchomp|move: Protect
|-resisted|p2a: Ninetales
|-damage|p2a: Ninetales|39/100 slp
|cant|p2a: Ninetales|slp
|move|p1a: Ursaluna|Hyper Voice|p2a: Ninetales|[spread] p2a
|-activate|p2b: Garchomp|move: Protect
|-damage|p2a: Ninetales|0 fnt
|faint|p2a: Ninetales
|
|-weather|Snowscape|[upkeep]
|upkeep
|turn|7
|-message|lildueldisk forfeited.
|
|win|Pokeventurer
|l|☆lildueldisk
|player|p2|
