|j|☆No1RalseiFan
|j|☆p3ds
|html|No1RalseiFanp3ds    
|uhtml|bestof|Game 2 of a best-of-3
|t:|1782670863
|gametype|doubles
|player|p1|No1RalseiFan|266|
|player|p2|p3ds|alec-anime|
|gen|9
|tier|[Gen 9 Champions] VGC 2026 Reg M-B (Bo3)
|rule|Species Clause: Limit one of each Pokémon
|rule|Item Clause: Limit 1 of each item
|clearpoke
|poke|p1|Pyroar, L50, M|
|poke|p1|Scrafty, L50, M|
|poke|p1|Farigiraf, L50, M|
|poke|p1|Torkoal, L50, F|
|poke|p1|Sylveon, L50, M|
|poke|p1|Garchomp, L50, M|
|poke|p2|Whimsicott, L50, M|
|poke|p2|Staraptor, L50, F|
|poke|p2|Garchomp, L50, M|
|poke|p2|Gholdengo, L50|
|poke|p2|Basculegion, L50, M|
|poke|p2|Typhlosion-Hisui, L50, F|
|teampreview|4
|showteam|p1|Pyroar||Pyroarite|Unnerve|HeatWave,Overheat,ScorchingSands,Protect|Timid||M|||50|]Scrafty||Scraftinite|Intimidate|CloseCombat,KnockOff,PoisonJab,FakeOut|Brave||M|||50|]Farigiraf||ColburBerry|ArmorTail|Psychic,Thunderbolt,TrickRoom,Protect|Modest||M|||50|]Torkoal||Charcoal|Drought|Eruption,WeatherBall,HelpingHand,Protect|Quiet||F|||50|]Sylveon||FairyFeather|Pixilate|HyperVoice,HyperBeam,QuickAttack,Protect|Modest||M|||50|]Garchomp||LifeOrb|RoughSkin|DragonClaw,StompingTantrum,RockSlide,Protect|Jolly||M|||50|
|showteam|p2|Whimsicott||FocusSash|Prankster|Tickle,Tailwind,Moonblast,FakeTears|Timid||M|||50|]Staraptor||Staraptite|Intimidate|BraveBird,CloseCombat,Roost,Protect|Jolly||F|||50|]Garchomp||RoseliBerry|RoughSkin|DragonClaw,StompingTantrum,PoisonJab,RockTomb|Jolly||M|||50|]Gholdengo||LifeOrb|GoodasGold|MakeItRain,ShadowBall,PowerGem,Protect|Modest|||||50|]Basculegion||MysticWater|Adaptability|WaveCrash,LastRespects,AquaJet,Protect|Adamant||M|||50|]Typhlosion-Hisui||ChoiceScarf|Frisk|Eruption,HeatWave,Flamethrower,ShadowBall|Modest||F|||50|
|j| floettefan670
|
|t:|1782671101
|teamsize|p1|4
|teamsize|p2|4
|start
|switch|p1a: Garchomp|Garchomp, L50, M|100/100
|switch|p1b: Farigiraf|Farigiraf, L50, M|100/100
|switch|p2a: Kris|Typhlosion-Hisui, L50, F|100/100
|switch|p2b: Tropical ⭐🚶|Basculegion, L50, M|100/100
|-item|p1a: Garchomp|Life Orb|[from] ability: Frisk|[of] p2a: Kris
|-item|p1b: Farigiraf|Colbur Berry|[from] ability: Frisk|[of] p2a: Kris
|turn|1
|
|t:|1782671166
|switch|p2a: Berdly|Staraptor, L50, F|100/100
|-ability|p2a: Berdly|Intimidate|boost
|-unboost|p1a: Garchomp|atk|1
|-unboost|p1b: Farigiraf|atk|1
|move|p1b: Farigiraf|Protect|p1b: Farigiraf
|-singleturn|p1b: Farigiraf|Protect
|move|p1a: Garchomp|Rock Slide|p2a: Berdly|[spread] p2a
|-miss|p1a: Garchomp|p2b: Tropical ⭐🚶
|-supereffective|p2a: Berdly|1
|-damage|p2a: Berdly|51/100
|-damage|p1a: Garchomp|90/100|[from] item: Life Orb
|move|p2b: Tropical ⭐🚶|Wave Crash|p1b: Farigiraf
|-activate|p1b: Farigiraf|move: Protect
|
|upkeep
|turn|2
|
|t:|1782671207
|switch|p1a: Scrafty|Scrafty, L50, M|100/100
|-ability|p1a: Scrafty|Intimidate|boost
|-unboost|p2a: Berdly|atk|1
|-unboost|p2b: Tropical ⭐🚶|atk|1
|detailschange|p2a: Berdly|Staraptor-Mega, L50, F
|-mega|p2a: Berdly|Staraptor|Staraptite
|move|p2a: Berdly|Close Combat|p1b: Farigiraf
|-damage|p1b: Farigiraf|61/100
|-boost|p2a: Berdly|def|1
|-boost|p2a: Berdly|spd|1
|move|p2b: Tropical ⭐🚶|Wave Crash|p1b: Farigiraf
|-damage|p1b: Farigiraf|3/100
|-damage|p2b: Tropical ⭐🚶|78/100|[from] Recoil
|move|p1b: Farigiraf|Trick Room|p1b: Farigiraf
|-fieldstart|move: Trick Room|[of] p1b: Farigiraf
|
|upkeep
|turn|3
|
|t:|1782671421
|detailschange|p1a: Scrafty|Scrafty-Mega, L50, M
|-mega|p1a: Scrafty|Scrafty|Scraftinite
|-ability|p1a: Scrafty|Intimidate|boost
|-boost|p2a: Berdly|atk|1
|-unboost|p2b: Tropical ⭐🚶|atk|1
|move|p2b: Tropical ⭐🚶|Protect|p2b: Tropical ⭐🚶
|-singleturn|p2b: Tropical ⭐🚶|Protect
|move|p1a: Scrafty|Knock Off|p2b: Tropical ⭐🚶
|-activate|p2b: Tropical ⭐🚶|move: Protect
|move|p1b: Farigiraf|Psychic|p2a: Berdly
|-supereffective|p2a: Berdly|1
|-damage|p2a: Berdly|0 fnt
|faint|p2a: Berdly
|
|upkeep
|
|t:|1782671433
|switch|p2a: Susie|Garchomp, L50, M|100/100
|turn|4
|
|t:|1782671524
|move|p2b: Tropical ⭐🚶|Protect||[still]
|-fail|p2b: Tropical ⭐🚶
|move|p1a: Scrafty|Knock Off|p2b: Tropical ⭐🚶
|-supereffective|p2b: Tropical ⭐🚶|1
|-damage|p2b: Tropical ⭐🚶|0 fnt
|-enditem|p2b: Tropical ⭐🚶|Mystic Water|[from] move: Knock Off|[of] p1a: Scrafty
|faint|p2b: Tropical ⭐🚶
|move|p1b: Farigiraf|Psychic|p2a: Susie
|-damage|p2a: Susie|56/100
|move|p2a: Susie|Dragon Claw|p1a: Scrafty
|-damage|p1a: Scrafty|66/100
|
|upkeep
|
|t:|1782671530
|switch|p2b: Kris|Typhlosion-Hisui, L50, F|100/100
|-item|p1a: Scrafty|Scraftinite|[from] ability: Frisk|[of] p2b: Kris
|-item|p1b: Farigiraf|Colbur Berry|[from] ability: Frisk|[of] p2b: Kris
|turn|5
|
|t:|1782671542
|move|p1a: Scrafty|Knock Off|p2b: Kris
|-supereffective|p2b: Kris|1
|-damage|p2b: Kris|0 fnt
|-enditem|p2b: Kris|Choice Scarf|[from] move: Knock Off|[of] p1a: Scrafty
|faint|p2b: Kris
|move|p1b: Farigiraf|Psychic|p2a: Susie
|-damage|p2a: Susie|14/100
|move|p2a: Susie|Stomping Tantrum|p1a: Scrafty
|-damage|p1a: Scrafty|34/100
|
|upkeep
|turn|6
|
|t:|1782671555
|move|p1a: Scrafty|Close Combat|p2a: Susie
|-damage|p2a: Susie|0 fnt
|-unboost|p1a: Scrafty|def|1
|-unboost|p1a: Scrafty|spd|1
|-damage|p1a: Scrafty|22/100|[from] ability: Rough Skin|[of] p2a: Susie
|faint|p2a: Susie
|
|win|No1RalseiFan
|c|☆p3ds|ggs
|c|☆No1RalseiFan|ggs
