|j|☆Purgatory12
|j|☆chocokoala vgc
|html|Purgatory12chocokoala vgc    
|uhtml|bestof|Game 1 of a best-of-3
|t:|1784810942
|gametype|doubles
|player|p1|Purgatory12|1|1189
|player|p2|chocokoala vgc|benga|1222
|gen|9
|tier|[Gen 9 Champions] VGC 2026 Reg M-B (Bo3)
|rated|
|rule|Species Clause: Limit one of each Pokémon
|rule|Item Clause: Limit 1 of each item
|clearpoke
|poke|p1|Sinistcha-Masterpiece, L50|
|poke|p1|Raichu, L50, M|
|poke|p1|Talonflame, L50, M|
|poke|p1|Garchomp, L50, M|
|poke|p1|Pelipper, L50, M|
|poke|p1|Staraptor, L50, M|
|poke|p2|Scovillain, L50, F|
|poke|p2|Primarina, L50, F|
|poke|p2|Aerodactyl, L50, F|
|poke|p2|Garchomp, L50, M|
|poke|p2|Gholdengo, L50|
|poke|p2|Grimmsnarl, L50, M|
|teampreview|4
|showteam|p1|Sinistcha-Masterpiece||SitrusBerry|Hospitality|TrickRoom,Imprison,RagePowder,MatchaGotcha|Modest|||||50|]Raichu||RaichuniteY|LightningRod|FakeOut,Protect,ZapCannon,VoltSwitch|Timid||M|||50|]Talonflame||SharpBeak|GaleWings|DualWingbeat,FlareBlitz,Tailwind,Protect|Jolly||M|||50|]Garchomp||LifeOrb|RoughSkin|RockSlide,SwordsDance,Earthquake,StompingTantrum|Jolly||M|||50|]Pelipper||FocusSash|Drizzle|Hurricane,WeatherBall,Protect,WideGuard|Modest||M|||50|]Staraptor||Staraptite|Intimidate|Roost,CloseCombat,BraveBird,Protect|Adamant||M|||50|
|showteam|p2|Scovillain||Scovillainite|Moody|Flamethrower,GigaDrain,Protect,RagePowder|Bold||F|||50|]Primarina||Leftovers|LiquidVoice|HyperVoice,Moonblast,Protect,CalmMind|Modest||F|||50|]Aerodactyl||Aerodactylite|Unnerve|RockSlide,DualWingbeat,Protect,Tailwind|Jolly||F|||50|]Garchomp||SoftSand|RoughSkin|Earthquake,StompingTantrum,Protect,DragonClaw|Jolly||M|||50|]Gholdengo||LifeOrb|GoodasGold|MakeItRain,ShadowBall,Protect,NastyPlot|Modest|||||50|]Grimmsnarl||LightClay|Prankster|LightScreen,Reflect,FakeOut,FoulPlay|Sassy||M|||50|
|inactive|Battle timer is ON: inactive players will automatically lose when time's up. (requested by chocokoala vgc)
|inactive|Purgatory12 also wants the timer to be on.
|inactive|Purgatory12 has 60 seconds left.
|inactive|chocokoala vgc has 60 seconds left.
|
|t:|1784810996
|teamsize|p1|4
|teamsize|p2|4
|start
|switch|p1a: Talonflame|Talonflame, L50, M|100/100
|switch|p1b: Pelipper|Pelipper, L50, M|100/100
|switch|p2a: Aerodactyl|Aerodactyl, L50, F|100/100
|switch|p2b: Primarina|Primarina, L50, F|100/100
|-ability|p2a: Aerodactyl|Unnerve
|-weather|RainDance|[from] ability: Drizzle|[of] p1b: Pelipper
|turn|1
|
|t:|1784811017
|move|p2a: Aerodactyl|Protect|p2a: Aerodactyl
|-singleturn|p2a: Aerodactyl|Protect
|move|p1a: Talonflame|Tailwind|p1a: Talonflame
|-sidestart|p1: Purgatory12|move: Tailwind
|move|p1b: Pelipper|Weather Ball|p2a: Aerodactyl
|-activate|p2a: Aerodactyl|move: Protect
|move|p2b: Primarina|Moonblast|p1a: Talonflame
|-resisted|p1a: Talonflame|1
|-damage|p1a: Talonflame|62/100
|
|-weather|RainDance|[upkeep]
|upkeep
|turn|2
|
|t:|1784811033
|switch|p2a: Garchomp|Garchomp, L50, M|100/100
|move|p1a: Talonflame|Dual Wingbeat|p2b: Primarina
|-damage|p2b: Primarina|77/100
|-damage|p2b: Primarina|54/100
|-hitcount|p2b: Primarina|2
|move|p1b: Pelipper|Weather Ball|p2a: Garchomp
|-damage|p2a: Garchomp|22/100
|move|p2b: Primarina|Hyper Voice|p1a: Talonflame|[spread] p1a,p1b
|-supereffective|p1a: Talonflame|1
|-resisted|p1b: Pelipper|1
|-damage|p1a: Talonflame|0 fnt
|-damage|p1b: Pelipper|56/100
|faint|p1a: Talonflame
|
|-weather|RainDance|[upkeep]
|-heal|p2b: Primarina|60/100|[from] item: Leftovers
|upkeep
|
|t:|1784811053
|switch|p1a: Raichu|Raichu, L50, M|100/100
|turn|3
|
|t:|1784811072
|detailschange|p1a: Raichu|Raichu-Mega-Y, L50, M
|-mega|p1a: Raichu|Raichu|Raichunite Y
|move|p2a: Garchomp|Protect|p2a: Garchomp
|-singleturn|p2a: Garchomp|Protect
|move|p1a: Raichu|Zap Cannon|p2b: Primarina
|-supereffective|p2b: Primarina|1
|-damage|p2b: Primarina|0 fnt
|faint|p2b: Primarina
|move|p1b: Pelipper|Weather Ball|p2a: Garchomp
|-activate|p2a: Garchomp|move: Protect
|
|-weather|RainDance|[upkeep]
|upkeep
|
|t:|1784811080
|switch|p2b: Aerodactyl|Aerodactyl, L50, F|100/100
|-ability|p2b: Aerodactyl|Unnerve
|turn|4
|
|t:|1784811093
|switch|p2a: Gholdengo|Gholdengo, L50|100/100
|move|p2b: Aerodactyl|Protect|p2b: Aerodactyl
|-singleturn|p2b: Aerodactyl|Protect
|move|p1a: Raichu|Zap Cannon|p2b: Aerodactyl
|-activate|p2b: Aerodactyl|move: Protect
|move|p1b: Pelipper|Weather Ball|p2a: Gholdengo
|-damage|p2a: Gholdengo|25/100
|
|-weather|RainDance|[upkeep]
|-sideend|p1: Purgatory12|move: Tailwind
|upkeep
|turn|5
|
|t:|1784811116
|detailschange|p2b: Aerodactyl|Aerodactyl-Mega, L50, F
|-mega|p2b: Aerodactyl|Aerodactyl|Aerodactylite
|move|p1b: Pelipper|Wide Guard|p1b: Pelipper
|-singleturn|p1b: Pelipper|Wide Guard
|move|p2b: Aerodactyl|Tailwind|p2b: Aerodactyl
|-sidestart|p2: chocokoala vgc|move: Tailwind
|move|p2a: Gholdengo|Shadow Ball|p1b: Pelipper
|-damage|p1b: Pelipper|0 fnt
|faint|p1b: Pelipper
|-damage|p2a: Gholdengo|15/100|[from] item: Life Orb
|move|p1a: Raichu|Zap Cannon|p2b: Aerodactyl
|-supereffective|p2b: Aerodactyl|1
|-damage|p2b: Aerodactyl|0 fnt
|faint|p2b: Aerodactyl
|
|-weather|none
|upkeep
|
|t:|1784811129
|switch|p2b: Garchomp|Garchomp, L50, M|22/100
|switch|p1b: Garchomp|Garchomp, L50, M|100/100
|turn|6
|
|t:|1784811151
|move|p2a: Gholdengo|Protect|p2a: Gholdengo
|-singleturn|p2a: Gholdengo|Protect
|move|p1a: Raichu|Protect|p1a: Raichu
|-singleturn|p1a: Raichu|Protect
|move|p2b: Garchomp|Earthquake|p1b: Garchomp|[spread] p1b
|-activate|p2a: Gholdengo|move: Protect
|-activate|p1a: Raichu|move: Protect
|-damage|p1b: Garchomp|49/100
|move|p1b: Garchomp|Earthquake|p2b: Garchomp|[spread] p2b
|-activate|p1a: Raichu|move: Protect
|-activate|p2a: Gholdengo|move: Protect
|-damage|p2b: Garchomp|0 fnt
|faint|p2b: Garchomp
|-damage|p1b: Garchomp|39/100|[from] item: Life Orb
|
|upkeep
|turn|7
|
|t:|1784811169
|move|p2a: Gholdengo|Make It Rain|p1b: Garchomp|[spread] p1a,p1b
|-resisted|p1a: Raichu|1
|-damage|p1a: Raichu|51/100
|-damage|p1b: Garchomp|0 fnt
|-unboost|p2a: Gholdengo|spa|2
|faint|p1b: Garchomp
|-damage|p2a: Gholdengo|6/100|[from] item: Life Orb
|move|p1a: Raichu|Zap Cannon|p2a: Gholdengo
|-damage|p2a: Gholdengo|0 fnt
|faint|p2a: Gholdengo
|
|win|Purgatory12
