|j|☆FerKillerVGC
|j|☆Fell Blue
|html|FerKillerVGCFell Blue    
|uhtml|bestof|Game 2 of a best-of-3
|t:|1782185657
|gametype|doubles
|player|p1|FerKillerVGC|102|1077
|player|p2|Fell Blue|fantina|1170
|gen|9
|tier|[Gen 9 Champions] VGC 2026 Reg M-B (Bo3)
|rated|
|rule|Species Clause: Limit one of each Pokémon
|rule|Item Clause: Limit 1 of each item
|clearpoke
|poke|p1|Snorlax, L50, M|
|poke|p1|Sableye, L50, F|
|poke|p1|Armarouge, L50, F|
|poke|p1|Clefable, L50, F|
|poke|p1|Kingambit, L50, M|
|poke|p1|Venusaur, L50, F|
|poke|p2|Mawile, L50, F|
|poke|p2|Farigiraf, L50, F|
|poke|p2|Hatterene, L50, F|
|poke|p2|Ampharos, L50, M|
|poke|p2|Kangaskhan, L50, F|
|poke|p2|Torkoal, L50, F|
|teampreview|4
|showteam|p1|Snorlax||SitrusBerry|ThickFat|Facade,BodyPress,Stockpile,Recycle|Impish||M|||50|]Sableye||RoseliBerry|Prankster|FoulPlay,WillOWisp,Quash,FakeOut|Careful||F|||50|]Armarouge||FocusSash|FlashFire|HeatWave,Psychic,WideGuard,TrickRoom|Quiet||F|||50|]Clefable||Clefablite|Unaware|Moonblast,Flamethrower,FollowMe,Protect|Bold||F|||50|]Kingambit||BlackGlasses|Defiant|KowtowCleave,IronHead,SuckerPunch,Protect|Adamant||M|||50|]Venusaur||Venusaurite|Chlorophyll|SludgeBomb,GigaDrain,EarthPower,Protect|Modest||F|||50|
|showteam|p2|Mawile||Mawilite|Intimidate|IronHead,Protect,SuckerPunch,PlayRough|Brave||F|||50|]Farigiraf||ColburBerry|ArmorTail|Psychic,TrickRoom,SunnyDay,HelpingHand|Modest||F|||50|]Hatterene||LifeOrb|MagicBounce|DazzlingGleam,MysticalFire,Psychic,Protect|Quiet||F|||50|]Ampharos||Ampharosite|Static|PowerGem,Protect,DragonPulse,Thunderbolt|Quiet||M|||50|]Kangaskhan||SilkScarf|Scrappy|FakeOut,LastResort|Brave||F|||50|]Torkoal||Charcoal|Drought|SolarBeam,Eruption,HeatWave,Protect|Quiet||F|||50|
|
|t:|1782185681
|teamsize|p1|4
|teamsize|p2|4
|start
|switch|p1a: Snorlax|Snorlax, L50, M|100/100
|switch|p1b: Armarouge|Armarouge, L50, F|100/100
|switch|p2a: Mawile|Mawile, L50, F|100/100
|switch|p2b: Kangaskhan|Kangaskhan, L50, F|100/100
|-ability|p2a: Mawile|Intimidate|boost
|-unboost|p1a: Snorlax|atk|1
|-unboost|p1b: Armarouge|atk|1
|turn|1
|
|t:|1782185701
|detailschange|p2a: Mawile|Mawile-Mega, L50, F
|-mega|p2a: Mawile|Mawile|Mawilite
|move|p2b: Kangaskhan|Fake Out|p1b: Armarouge
|-damage|p1b: Armarouge|79/100
|move|p2a: Mawile|Sucker Punch|p1b: Armarouge
|-supereffective|p1b: Armarouge|1
|-damage|p1b: Armarouge|0 fnt
|faint|p1b: Armarouge
|move|p1a: Snorlax|Stockpile|p1a: Snorlax
|-start|p1a: Snorlax|stockpile1
|-boost|p1a: Snorlax|def|1
|-boost|p1a: Snorlax|spd|1
|
|upkeep
|
|t:|1782185712
|switch|p1b: Venusaur|Venusaur, L50, F|100/100
|turn|2
|
|t:|1782185725
|detailschange|p1b: Venusaur|Venusaur-Mega, L50, F
|-mega|p1b: Venusaur|Venusaur|Venusaurite
|move|p2a: Mawile|Protect|p2a: Mawile
|-singleturn|p2a: Mawile|Protect
|move|p1b: Venusaur|Giga Drain|p2b: Kangaskhan
|-damage|p2b: Kangaskhan|66/100
|move|p2b: Kangaskhan|Last Resort|p1b: Venusaur
|-damage|p1b: Venusaur|36/100
|move|p1a: Snorlax|Body Press|p2b: Kangaskhan
|-supereffective|p2b: Kangaskhan|1
|-damage|p2b: Kangaskhan|4/100
|
|upkeep
|turn|3
|
|t:|1782185741
|move|p1b: Venusaur|Protect|p1b: Venusaur
|-singleturn|p1b: Venusaur|Protect
|move|p2a: Mawile|Sucker Punch||[still]
|-fail|p2a: Mawile
|move|p2b: Kangaskhan|Last Resort|p1a: Snorlax
|-damage|p1a: Snorlax|69/100
|move|p1a: Snorlax|Body Press|p2b: Kangaskhan
|-supereffective|p2b: Kangaskhan|1
|-damage|p2b: Kangaskhan|0 fnt
|faint|p2b: Kangaskhan
|
|upkeep
|
|t:|1782185744
|switch|p2b: Farigiraf|Farigiraf, L50, F|100/100
|turn|4
|
|t:|1782185762
|switch|p1b: Kingambit|Kingambit, L50, M|100/100
|move|p2a: Mawile|Play Rough|p1a: Snorlax
|-damage|p1a: Snorlax|31/100
|-enditem|p1a: Snorlax|Sitrus Berry|[eat]
|-heal|p1a: Snorlax|55/100|[from] item: Sitrus Berry
|move|p1a: Snorlax|Stockpile|p1a: Snorlax
|-start|p1a: Snorlax|stockpile2
|-boost|p1a: Snorlax|def|1
|-boost|p1a: Snorlax|spd|1
|move|p2b: Farigiraf|Trick Room|p2b: Farigiraf
|-fieldstart|move: Trick Room|[of] p2b: Farigiraf
|
|upkeep
|turn|5
|
|t:|1782185778
|move|p2b: Farigiraf|Helping Hand|p2a: Mawile
|-singleturn|p2a: Mawile|Helping Hand|[of] p2b: Farigiraf
|move|p1a: Snorlax|Recycle|p1a: Snorlax
|-item|p1a: Snorlax|Sitrus Berry|[from] move: Recycle
|move|p2a: Mawile|Play Rough|p1b: Kingambit
|-damage|p1b: Kingambit|0 fnt
|faint|p1b: Kingambit
|
|upkeep
|
|t:|1782185786
|switch|p1b: Venusaur|Venusaur-Mega, L50, F|36/100
|turn|6
|
|t:|1782185791
|move|p1b: Venusaur|Protect|p1b: Venusaur
|-singleturn|p1b: Venusaur|Protect
|move|p1a: Snorlax|Body Press|p2a: Mawile
|-damage|p2a: Mawile|63/100
|move|p2a: Mawile|Play Rough|p1a: Snorlax|[miss]
|-miss|p2a: Mawile|p1a: Snorlax
|move|p2b: Farigiraf|Psychic|p1b: Venusaur
|-activate|p1b: Venusaur|move: Protect
|
|upkeep
|turn|7
|
|t:|1782185804
|move|p1a: Snorlax|Body Press|p2a: Mawile
|-damage|p2a: Mawile|25/100
|move|p2a: Mawile|Play Rough|p1a: Snorlax
|-damage|p1a: Snorlax|29/100
|-enditem|p1a: Snorlax|Sitrus Berry|[eat]
|-heal|p1a: Snorlax|54/100|[from] item: Sitrus Berry
|move|p2b: Farigiraf|Psychic|p1b: Venusaur
|-supereffective|p1b: Venusaur|1
|-damage|p1b: Venusaur|0 fnt
|faint|p1b: Venusaur
|
|upkeep
|turn|8
|
|t:|1782185815
|move|p2a: Mawile|Protect|p2a: Mawile
|-singleturn|p2a: Mawile|Protect
|move|p1a: Snorlax|Body Press|p2a: Mawile
|-activate|p2a: Mawile|move: Protect
|move|p2b: Farigiraf|Psychic|p1a: Snorlax
|-damage|p1a: Snorlax|41/100
|
|-fieldend|move: Trick Room
|upkeep
|turn|9
|
|t:|1782185824
|move|p2b: Farigiraf|Helping Hand|p2a: Mawile
|-singleturn|p2a: Mawile|Helping Hand|[of] p2b: Farigiraf
|move|p2a: Mawile|Play Rough|p1a: Snorlax
|-damage|p1a: Snorlax|0 fnt
|faint|p1a: Snorlax
|
|win|Fell Blue
||FerKillerVGC is ready for game 3.
|inactive|Fell Blue has 30 seconds to confirm battle start!
||Fell Blue is ready for game 3.
|uhtml|next|Next: Game 3 of 3
