|j|☆SunDiazVGC
|j|☆EZBreezeys
|html|SunDiazVGCEZBreezeys    
|uhtml|bestof|Game 1 of a best-of-3
|t:|1757212838
|gametype|doubles
|player|p1|SunDiazVGC|marley|1121
|player|p2|EZBreezeys|schoolkidf|1043
|gen|9
|tier|[Gen 9] VGC 2025 Reg H (Bo3)
|rated|
|rule|Species Clause: Limit one of each Pokémon
|rule|Item Clause: Limit 1 of each item
|clearpoke
|poke|p1|Clefable, L50, F|
|poke|p1|Gholdengo, L50|
|poke|p1|Annihilape, L50, F|
|poke|p1|Typhlosion-Hisui, L50, F|
|poke|p1|Toedscool, L50, F|
|poke|p1|Salamence, L50, F|
|poke|p2|Armarouge, L50, M|
|poke|p2|Indeedee-F, L50, F|
|poke|p2|Archaludon, L50, M|
|poke|p2|Incineroar, L50, M|
|poke|p2|Whimsicott, L50, F|
|poke|p2|Clodsire, L50, M|
|teampreview|4
|showteam|p1|Clefable||SitrusBerry|Unaware|FollowMe,Moonblast,HelpingHand,Protect|||F|||50|,,,,,Water]Gholdengo||LifeOrb|GoodasGold|Protect,NastyPlot,ShadowBall,MakeItRain||||||50|,,,,,Steel]Annihilape||Leftovers|Defiant|BulkUp,DrainPunch,RageFist,Protect|||F|||50|,,,,,Grass]Typhlosion-Hisui||ChoiceScarf|Blaze|Eruption,HeatWave,SleepTalk,ShadowBall|||F|||50|,,,,,Fire]Toedscool||Eviolite|MyceliumMight|Spore,RagePowder,FoulPlay,Protect|||F|||50|,,,,,Water]Salamence||MirrorHerb|Intimidate|AerialAce,Tailwind,DragonClaw,Protect|||F|||50|,,,,,Steel
|showteam|p2|Armarouge||PsychicSeed|FlashFire|Protect,Flamethrower,TeraBlast,ExpandingForce|||M|||50|,,,,,Water]Indeedee-F||MentalHerb|PsychicSurge|FollowMe,Psychic,HelpingHand,TrickRoom|||F|||50|,,,,,Dragon]Archaludon||PowerHerb|Stalwart|Protect,DracoMeteor,ElectroShot,FlashCannon|||M|||50|,,,,,Electric]Incineroar||SafetyGoggles|Intimidate|FakeOut,Uturn,KnockOff,FlareBlitz|||M|||50|,,,,,Ghost]Whimsicott||CovertCloak|Prankster|Tailwind,Taunt,SunnyDay,Moonblast|||F|||50|,,,,,Dark]Clodsire||LifeOrb|Unaware|Protect,StompingTantrum,GunkShot,Waterfall|||M|||50|,,,,,Water
|inactive|Battle timer is ON: inactive players will automatically lose when time's up. (requested by SunDiazVGC)
|inactive|SunDiazVGC has 60 seconds left.
|inactive|EZBreezeys has 60 seconds left.
|inactive|SunDiazVGC has 30 seconds left.
|
|t:|1757212903
|teamsize|p1|4
|teamsize|p2|4
|start
|switch|p1a: Toedscool|Toedscool, L50, F|100/100
|switch|p1b: Gholdengo|Gholdengo, L50|100/100
|switch|p2a: City Escape|Indeedee-F, L50, F|100/100
|switch|p2b: Tomnyan|Incineroar, L50, M, shiny|100/100
|-fieldstart|move: Psychic Terrain|[from] ability: Psychic Surge|[of] p2a: City Escape
|-ability|p2b: Tomnyan|Intimidate|boost
|-unboost|p1a: Toedscool|atk|1
|-unboost|p1b: Gholdengo|atk|1
|turn|1
|
|t:|1757212922
|move|p2a: City Escape|Helping Hand|p2b: Tomnyan
|-singleturn|p2b: Tomnyan|Helping Hand|[of] p2a: City Escape
|move|p1b: Gholdengo|Protect|p1b: Gholdengo
|-singleturn|p1b: Gholdengo|Protect
|move|p2b: Tomnyan|Flare Blitz|p1a: Toedscool
|-supereffective|p1a: Toedscool
|-damage|p1a: Toedscool|0 fnt
|faint|p1a: Toedscool
|-damage|p2b: Tomnyan|76/100|[from] Recoil
|
|upkeep
|
|t:|1757212930
|switch|p1a: Annihilape|Annihilape, L50, F|100/100
|turn|2
|
|t:|1757212942
|move|p1b: Gholdengo|Make It Rain|p2a: City Escape|[spread] p2a,p2b
|-resisted|p2b: Tomnyan
|-damage|p2a: City Escape|47/100
|-damage|p2b: Tomnyan|52/100
|-unboost|p1b: Gholdengo|spa|1
|-damage|p1b: Gholdengo|91/100|[from] item: Life Orb
|move|p1a: Annihilape|Drain Punch|p2a: City Escape
|-damage|p2a: City Escape|8/100
|move|p2b: Tomnyan|Knock Off|p1b: Gholdengo
|-supereffective|p1b: Gholdengo
|-damage|p1b: Gholdengo|2/100
|-enditem|p1b: Gholdengo|Life Orb|[from] move: Knock Off|[of] p2b: Tomnyan
|move|p2a: City Escape|Trick Room|p2a: City Escape
|-fieldstart|move: Trick Room|[of] p2a: City Escape
|
|upkeep
|turn|3
|inactive|SunDiazVGC has 30 seconds left.
|inactive|EZBreezeys has 30 seconds left.
|inactive|SunDiazVGC has 20 seconds left.
|
|t:|1757212980
|-terastallize|p1a: Annihilape|Grass
|move|p2b: Tomnyan|Knock Off|p1a: Annihilape
|-damage|p1a: Annihilape|59/100
|-enditem|p1a: Annihilape|Leftovers|[from] move: Knock Off|[of] p2b: Tomnyan
|move|p2a: City Escape|Psychic|p1b: Gholdengo
|-resisted|p1b: Gholdengo
|-damage|p1b: Gholdengo|0 fnt
|faint|p1b: Gholdengo
|move|p1a: Annihilape|Bulk Up|p1a: Annihilape
|-boost|p1a: Annihilape|atk|1
|-boost|p1a: Annihilape|def|1
|
|upkeep
|
|t:|1757212986
|switch|p1b: Salamence|Salamence, L50, F|100/100
|-ability|p1b: Salamence|Intimidate|boost
|-unboost|p2a: City Escape|atk|1
|-unboost|p2b: Tomnyan|atk|1
|turn|4
|
|t:|1757213003
|move|p2a: City Escape|Follow Me|p2a: City Escape
|-singleturn|p2a: City Escape|move: Follow Me
|move|p2b: Tomnyan|U-turn|p1b: Salamence
|-resisted|p1b: Salamence
|-damage|p1b: Salamence|93/100
|
|t:|1757213007
|switch|p2b: Guile|Clodsire, L50, M|100/100|[from] U-turn
|move|p1a: Annihilape|Drain Punch|p2a: City Escape
|-damage|p2a: City Escape|0 fnt
|-heal|p1a: Annihilape|62/100|[from] drain|[of] p2a: City Escape
|faint|p2a: City Escape
|move|p1b: Salamence|Aerial Ace|p2b: Guile
|-crit|p2b: Guile
|-damage|p2b: Guile|52/100
|
|upkeep
|
|t:|1757213019
|switch|p2a: Pyro|Armarouge, L50, M|100/100
|-enditem|p2a: Pyro|Psychic Seed
|-boost|p2a: Pyro|spd|1|[from] item: Psychic Seed
|-enditem|p1b: Salamence|Mirror Herb
|-boost|p1b: Salamence|spd|1|[from] item: Mirror Herb
|turn|5
|
|t:|1757213039
|move|p1a: Annihilape|Protect|p1a: Annihilape
|-singleturn|p1a: Annihilape|Protect
|move|p2b: Guile|Gunk Shot|p1a: Annihilape
|-activate|p1a: Annihilape|move: Protect
|move|p2a: Pyro|Expanding Force|p1b: Salamence|[spread] p1b
|-activate|p1a: Annihilape|move: Protect
|-damage|p1b: Salamence|48/100
|move|p1b: Salamence|Dragon Claw|p2a: Pyro
|-damage|p2a: Pyro|60/100
|
|-fieldend|move: Psychic Terrain
|upkeep
|turn|6
|
|t:|1757213063
|move|p1b: Salamence|Protect|p1b: Salamence
|-singleturn|p1b: Salamence|Protect
|move|p2b: Guile|Gunk Shot|p1a: Annihilape
|-supereffective|p1a: Annihilape
|-damage|p1a: Annihilape|0 fnt
|faint|p1a: Annihilape
|-damage|p2b: Guile|43/100|[from] item: Life Orb
|move|p2a: Pyro|Expanding Force|p1b: Salamence
|-activate|p1b: Salamence|move: Protect
|
|-fieldend|move: Trick Room
|upkeep
|turn|7
|inactive|EZBreezeys has 30 seconds left.
|
|t:|1757213094
|switch|p2b: Tomnyan|Incineroar, L50, M, shiny|52/100
|-ability|p2b: Tomnyan|Intimidate|boost
|-unboost|p1b: Salamence|atk|1
|move|p1b: Salamence|Dragon Claw|p2a: Pyro
|-damage|p2a: Pyro|33/100
|move|p2a: Pyro|Flamethrower|p1b: Salamence
|-resisted|p1b: Salamence
|-crit|p1b: Salamence
|-damage|p1b: Salamence|6/100
|-status|p1b: Salamence|brn
|
|-damage|p1b: Salamence|0 fnt|[from] brn
|faint|p1b: Salamence
|
|win|EZBreezeys
||SunDiazVGC is ready for game 2.
|inactive|EZBreezeys has 30 seconds to confirm battle start!
||EZBreezeys is ready for game 2.
|uhtml|next|Next: Game 2 of 3
|l|☆SunDiazVGC
|player|p1|
