|j|☆Storm206
|j|☆rojitas4844n
|html|Storm206rojitas4844n    
|uhtml|bestof|Game 2 of a best-of-3
|t:|1784134418
|gametype|doubles
|player|p1|Storm206|iris-gen5bw2|1078
|player|p2|rojitas4844n|102|1006
|gen|9
|tier|[Gen 9 Champions] VGC 2026 Reg M-B (Bo3)
|rated|
|rule|Species Clause: Limit one of each Pokémon
|rule|Item Clause: Limit 1 of each item
|clearpoke
|poke|p1|Scrafty, L50, M, shiny|
|poke|p1|Farigiraf, L50, M, shiny|
|poke|p1|Mamoswine, L50, F, shiny|
|poke|p1|Torkoal, L50, M, shiny|
|poke|p1|Pyroar, L50, F, shiny|
|poke|p1|Venusaur, L50, M, shiny|
|poke|p2|Greninja, L50, M|
|poke|p2|Ninetales-Alola, L50, M|
|poke|p2|Incineroar, L50, F, shiny|
|poke|p2|Sinistcha, L50|
|poke|p2|Garchomp, L50, M|
|poke|p2|Kingambit, L50, F|
|teampreview|4
|showteam|p1|Scrafty||Scraftinite|Intimidate|DrainPunch,ThroatChop,IcePunch,FakeOut|Adamant||M|||50|]Farigiraf||SitrusBerry|ArmorTail|TwinBeam,Thunderbolt,TrickRoom,Protect|Quiet||M|||50|]Mamoswine||FocusSash|Oblivious|IceShard,HighHorsepower,RockSlide,Protect|Jolly||F|||50|]Torkoal||HeatRock|Drought|Eruption,WeatherBall,HelpingHand,Protect|Quiet||M|||50|]Pyroar||Pyroarite|Unnerve|HeatWave,Overheat,ScorchingSands,Protect|Timid||F|||50|]Venusaur||LifeOrb|Overgrow|EnergyBall,SludgeBomb,EarthPower,Protect|Modest||M|||50|
|showteam|p2|Greninja||Greninjite|Protean|Blizzard,HydroPump,Protect,SludgeWave|Timid||M|||50|]Ninetales-Alola||LightClay|SnowWarning|AuroraVeil,FreezeDry,Protect,Moonblast|Timid||M|||50|]Incineroar||SitrusBerry|Intimidate|PartingShot,ThroatChop,FlareBlitz,FakeOut|Careful||F|||50|]Sinistcha||Leftovers|Hospitality|Protect,LifeDew,MatchaGotcha,RagePowder|Calm|||||50|]Garchomp||LifeOrb|RoughSkin|StompingTantrum,DragonClaw,RockSlide,Protect|Jolly||M|||50|]Kingambit||BlackGlasses|Defiant|Protect,IronHead,SuckerPunch,KowtowCleave|Adamant||F|||50|
|inactive|Battle timer is ON: inactive players will automatically lose when time's up. (requested by rojitas4844n)
|
|t:|1784134470
|teamsize|p1|4
|teamsize|p2|4
|start
|switch|p1a: Mamoswine|Mamoswine, L50, F, shiny|100/100
|switch|p1b: Venusaur|Venusaur, L50, M, shiny|100/100
|switch|p2a: Greninja|Greninja, L50, M|100/100
|switch|p2b: Garchomp|Garchomp, L50, M|100/100
|turn|1
|inactive|Storm206 has 30 seconds left.
|
|t:|1784134500
|switch|p2b: Ninetales|Ninetales-Alola, L50, M|100/100
|-weather|Snowscape|[from] ability: Snow Warning|[of] p2b: Ninetales
|detailschange|p2a: Greninja|Greninja-Mega, L50, M
|-mega|p2a: Greninja|Greninja|Greninjite
|move|p1b: Venusaur|Protect|p1b: Venusaur
|-singleturn|p1b: Venusaur|Protect
|move|p1a: Mamoswine|Ice Shard|p2b: Ninetales
|-resisted|p2b: Ninetales|1
|-damage|p2b: Ninetales|90/100
|move|p2a: Greninja|Blizzard|p1a: Mamoswine|[spread] p1a
|-start|p2a: Greninja|typechange|Ice|[from] ability: Protean
|-activate|p1b: Venusaur|move: Protect
|-damage|p1a: Mamoswine|39/100
|
|-weather|Snowscape|[upkeep]
|upkeep
|turn|2
|inactive|Storm206 has 30 seconds left.
|
|t:|1784134526
|switch|p1a: Torkoal|Torkoal, L50, M, shiny|100/100
|-weather|SunnyDay|[from] ability: Drought|[of] p1a: Torkoal
|move|p2a: Greninja|Blizzard|p1b: Venusaur|[spread] p1a,p1b
|-resisted|p1a: Torkoal|1
|-supereffective|p1b: Venusaur|1
|-damage|p1a: Torkoal|74/100
|-damage|p1b: Venusaur|9/100
|move|p2b: Ninetales|Aurora Veil||[still]
|-fail|p2b: Ninetales
|move|p1b: Venusaur|Energy Ball|p2a: Greninja
|-crit|p2a: Greninja
|-damage|p2a: Greninja|0 fnt
|faint|p2a: Greninja
|-damage|p1b: Venusaur|0 fnt|[from] item: Life Orb
|faint|p1b: Venusaur
|
|-weather|SunnyDay|[upkeep]
|upkeep
|
|t:|1784134545
|switch|p2a: Garchomp|Garchomp, L50, M|100/100
|switch|p1b: Pyroar|Pyroar, L50, F, shiny|100/100
|-ability|p1b: Pyroar|Unnerve
|turn|3
|
|t:|1784134564
|switch|p2b: Incineroar|Incineroar, L50, F, shiny|100/100
|-ability|p2b: Incineroar|Intimidate|boost
|-unboost|p1a: Torkoal|atk|1
|-unboost|p1b: Pyroar|atk|1
|detailschange|p1b: Pyroar|Pyroar-Mega, L50, F, shiny
|-mega|p1b: Pyroar|Pyroar|Pyroarite
|move|p1a: Torkoal|Helping Hand|p1b: Pyroar
|-singleturn|p1b: Pyroar|Helping Hand|[of] p1a: Torkoal
|move|p1b: Pyroar|Heat Wave|p2b: Incineroar|[spread] p2a
|-miss|p1b: Pyroar|p2b: Incineroar
|-resisted|p2a: Garchomp|1
|-damage|p2a: Garchomp|27/100
|-status|p2a: Garchomp|brn
|move|p2a: Garchomp|Rock Slide|p1b: Pyroar|[spread] p1a
|-miss|p2a: Garchomp|p1b: Pyroar
|-supereffective|p1a: Torkoal|1
|-damage|p1a: Torkoal|53/100
|-damage|p2a: Garchomp|17/100 brn|[from] item: Life Orb
|
|-weather|SunnyDay|[upkeep]
|-damage|p2a: Garchomp|11/100 brn|[from] brn
|upkeep
|turn|4
|inactive|Storm206 has 30 seconds left.
|
|t:|1784134598
|move|p1b: Pyroar|Protect|p1b: Pyroar
|-singleturn|p1b: Pyroar|Protect
|move|p2b: Incineroar|Fake Out|p1b: Pyroar
|-activate|p1b: Pyroar|move: Protect
|move|p2a: Garchomp|Stomping Tantrum|p1a: Torkoal
|-supereffective|p1a: Torkoal|1
|-damage|p1a: Torkoal|15/100
|-damage|p2a: Garchomp|1/100 brn|[from] item: Life Orb
|move|p1a: Torkoal|Weather Ball|p2a: Garchomp
|-resisted|p2a: Garchomp|1
|-damage|p2a: Garchomp|0 fnt
|faint|p2a: Garchomp
|
|-weather|SunnyDay|[upkeep]
|upkeep
|
|t:|1784134606
|switch|p2a: Ninetales|Ninetales-Alola, L50, M|90/100
|-weather|Snowscape|[from] ability: Snow Warning|[of] p2a: Ninetales
|turn|5
|
|t:|1784134626
|move|p1a: Torkoal|Helping Hand|p1b: Pyroar
|-singleturn|p1b: Pyroar|Helping Hand|[of] p1a: Torkoal
|move|p2a: Ninetales|Protect|p2a: Ninetales
|-singleturn|p2a: Ninetales|Protect
|move|p1b: Pyroar|Heat Wave|p2a: Ninetales|[spread] p2b
|-activate|p2a: Ninetales|move: Protect
|-resisted|p2b: Incineroar|1
|-damage|p2b: Incineroar|69/100
|move|p2b: Incineroar|Flare Blitz|p1b: Pyroar
|-resisted|p1b: Pyroar|1
|-damage|p1b: Pyroar|75/100
|-damage|p2b: Incineroar|63/100|[from] Recoil
|
|-weather|Snowscape|[upkeep]
|upkeep
|turn|6
|
|t:|1784134650
|move|p1a: Torkoal|Helping Hand|p1b: Pyroar
|-singleturn|p1b: Pyroar|Helping Hand|[of] p1a: Torkoal
|move|p1b: Pyroar|Heat Wave|p2a: Ninetales|[spread] p2b
|-miss|p1b: Pyroar|p2a: Ninetales
|-resisted|p2b: Incineroar|1
|-damage|p2b: Incineroar|31/100
|-enditem|p2b: Incineroar|Sitrus Berry|[eat]
|-heal|p2b: Incineroar|56/100|[from] item: Sitrus Berry
|move|p2a: Ninetales|Moonblast|p1a: Torkoal
|-resisted|p1a: Torkoal|1
|-damage|p1a: Torkoal|0 fnt
|faint|p1a: Torkoal
|move|p2b: Incineroar|Flare Blitz|p1b: Pyroar
|-resisted|p1b: Pyroar|1
|-damage|p1b: Pyroar|49/100
|-damage|p2b: Incineroar|49/100|[from] Recoil
|
|-weather|Snowscape|[upkeep]
|upkeep
|
|t:|1784134668
|switch|p1a: Mamoswine|Mamoswine, L50, F, shiny|39/100
|turn|7
|
|t:|1784134684
|move|p1b: Pyroar|Heat Wave|p2a: Ninetales|[spread] p2a,p2b
|-supereffective|p2a: Ninetales|1
|-resisted|p2b: Incineroar|1
|-damage|p2a: Ninetales|0 fnt
|-damage|p2b: Incineroar|27/100
|faint|p2a: Ninetales
|move|p1a: Mamoswine|Rock Slide|p2b: Incineroar
|-supereffective|p2b: Incineroar|1
|-damage|p2b: Incineroar|0 fnt
|faint|p2b: Incineroar
|
|win|Storm206
|raw|Storm206's rating: 1078 → 1101(+23 for winning)
|raw|rojitas4844n's rating: 1006 → 1000(-6 for losing)
|l|☆rojitas4844n
|player|p2|
|c|☆Storm206|ggs
