|j|☆marcosdeltasena31
|j|☆Quill86
|html|marcosdeltasena31Quill86    
|uhtml|bestof|Game 2 of a best-of-3
|t:|1756864315
|gametype|doubles
|player|p1|marcosdeltasena31|hilbert|1401
|player|p2|Quill86|lucas|1337
|gen|9
|tier|[Gen 9] VGC 2025 Reg H (Bo3)
|rated|
|rule|Species Clause: Limit one of each Pokémon
|rule|Item Clause: Limit 1 of each item
|clearpoke
|poke|p1|Dragonite, L50, F|
|poke|p1|Porygon2, L50|
|poke|p1|Ursaluna, L50, F|
|poke|p1|Incineroar, L50, F|
|poke|p1|Amoonguss, L50, F|
|poke|p1|Gholdengo, L50|
|poke|p2|Indeedee-F, L50, F|
|poke|p2|Gallade, L50, M|
|poke|p2|Torkoal, L50, M|
|poke|p2|Ursaluna, L50, M|
|poke|p2|Hatterene, L50, F|
|poke|p2|Smeargle, L50, F|
|teampreview|4
|showteam|p1|Dragonite||LoadedDice|Multiscale|ScaleShot,Tailwind,Haze,Protect|||F|||50|,,,,,Fairy]Porygon2||Eviolite|Download|TeraBlast,IceBeam,TrickRoom,Recover||||||50|,,,,,Fighting]Ursaluna||FlameOrb|Guts|HeadlongRush,Facade,Earthquake,Protect|||F|||50|,,,,,Ghost]Incineroar||SafetyGoggles|Intimidate|FlareBlitz,FakeOut,PartingShot,KnockOff|||F|||50|,,,,,Ghost]Amoonguss||SitrusBerry|Regenerator|PollenPuff,Spore,RagePowder,Protect|||F|||50|,,,,,Water]Gholdengo||LifeOrb|GoodasGold|MakeItRain,ShadowBall,NastyPlot,Protect||||||50|,,,,,Water
|showteam|p2|Indeedee-F||PsychicSeed|PsychicSurge|FollowMe,TrickRoom,HelpingHand,DazzlingGleam|||F|||50|,,,,,Fairy]Gallade||ClearAmulet|Sharpness|SacredSword,WideGuard,TrickRoom,PsychoCut|||M|||50|,,,,,Grass]Torkoal||ChoiceSpecs|Drought|Eruption,WeatherBall,EarthPower,HeatWave|||M|||50|,,,,,Fire]Ursaluna||FlameOrb|Guts|Protect,HeadlongRush,Facade,Earthquake|||M|||50|,,,,,Ghost]Hatterene||LifeOrb|MagicBounce|DazzlingGleam,ExpandingForce,MysticalFire,TrickRoom|||F|||50|,,,,,Fire]Smeargle||FocusSash|Moody|FakeOut,Spore,Instruct,FollowMe|||F|||50|,,,,,Ghost
|
|t:|1756864329
|teamsize|p1|4
|teamsize|p2|4
|start
|switch|p1a: Gholdengo|Gholdengo, L50|100/100
|switch|p1b: Amoonguss|Amoonguss, L50, F|100/100
|switch|p2a: Indeedee|Indeedee-F, L50, F|100/100
|switch|p2b: Gallade|Gallade, L50, M|100/100
|-fieldstart|move: Psychic Terrain|[from] ability: Psychic Surge|[of] p2a: Indeedee
|-enditem|p2a: Indeedee|Psychic Seed
|-boost|p2a: Indeedee|spd|1|[from] item: Psychic Seed
|turn|1
|inactive|Battle timer is ON: inactive players will automatically lose when time's up. (requested by Quill86)
|
|t:|1756864339
|switch|p2a: Hatterene|Hatterene, L50, F|100/100
|-terastallize|p2b: Gallade|Grass
|move|p1b: Amoonguss|Protect|p1b: Amoonguss
|-singleturn|p1b: Amoonguss|Protect
|move|p1a: Gholdengo|Make It Rain|p2b: Gallade|[spread] p2a,p2b
|-supereffective|p2a: Hatterene
|-crit|p2a: Hatterene
|-damage|p2a: Hatterene|0 fnt
|-damage|p2b: Gallade|46/100
|-unboost|p1a: Gholdengo|spa|1
|faint|p2a: Hatterene
|-damage|p1a: Gholdengo|91/100|[from] item: Life Orb
|move|p2b: Gallade|Trick Room|p2b: Gallade
|-fieldstart|move: Trick Room|[of] p2b: Gallade
|
|upkeep
|
|t:|1756864348
|switch|p2a: Torkoal|Torkoal, L50, M|100/100
|-weather|SunnyDay|[from] ability: Drought|[of] p2a: Torkoal
|turn|2
|
|t:|1756864363
|-terastallize|p1b: Amoonguss|Water
|move|p1a: Gholdengo|Protect|p1a: Gholdengo
|-singleturn|p1a: Gholdengo|Protect
|move|p2a: Torkoal|Eruption|p1b: Amoonguss|[spread] p1b
|-activate|p1a: Gholdengo|move: Protect
|-resisted|p1b: Amoonguss
|-damage|p1b: Amoonguss|55/100
|move|p1b: Amoonguss|Spore|p2a: Torkoal
|-status|p2a: Torkoal|slp|[from] move: Spore
|move|p2b: Gallade|Psycho Cut|p1b: Amoonguss
|-damage|p1b: Amoonguss|0 fnt
|faint|p1b: Amoonguss
|
|-weather|SunnyDay|[upkeep]
|upkeep
|
|t:|1756864376
|switch|p1b: Ursaluna|Ursaluna, L50, F|100/100
|turn|3
|
|t:|1756864384
|move|p1b: Ursaluna|Protect|p1b: Ursaluna
|-singleturn|p1b: Ursaluna|Protect
|cant|p2a: Torkoal|slp
|move|p2b: Gallade|Psycho Cut|p1a: Gholdengo
|-resisted|p1a: Gholdengo
|-damage|p1a: Gholdengo|48/100
|move|p1a: Gholdengo|Shadow Ball|p2b: Gallade
|-damage|p2b: Gallade|16/100
|-damage|p1a: Gholdengo|38/100|[from] item: Life Orb
|
|-weather|SunnyDay|[upkeep]
|-status|p1b: Ursaluna|brn|[from] item: Flame Orb
|upkeep
|turn|4
|
|t:|1756864396
|switch|p1b: Incineroar|Incineroar, L50, F|100/100
|-ability|p1b: Incineroar|Intimidate|boost
|-unboost|p2a: Torkoal|atk|1
|-fail|p2b: Gallade|unboost|[from] item: Clear Amulet|[of] p2b: Gallade
|cant|p2a: Torkoal|slp
|move|p2b: Gallade|Psycho Cut|p1a: Gholdengo
|-resisted|p1a: Gholdengo
|-damage|p1a: Gholdengo|0 fnt
|faint|p1a: Gholdengo
|
|-weather|SunnyDay|[upkeep]
|upkeep
|
|t:|1756864404
|switch|p1a: Ursaluna|Ursaluna, L50, F|100/100 brn
|turn|5
|
|t:|1756864410
|move|p1a: Ursaluna|Protect|p1a: Ursaluna
|-singleturn|p1a: Ursaluna|Protect
|-curestatus|p2a: Torkoal|slp|[msg]
|move|p2a: Torkoal|Eruption|p1b: Incineroar|[spread] p1b
|-activate|p1a: Ursaluna|move: Protect
|-resisted|p1b: Incineroar
|-damage|p1b: Incineroar|62/100
|move|p2b: Gallade|Sacred Sword|p1b: Incineroar
|-supereffective|p1b: Incineroar
|-damage|p1b: Incineroar|0 fnt
|faint|p1b: Incineroar
|
|-weather|SunnyDay|[upkeep]
|-damage|p1a: Ursaluna|94/100 brn|[from] brn
|-fieldend|move: Trick Room
|-fieldend|move: Psychic Terrain
|upkeep
|turn|6
|
|t:|1756864421
|move|p1a: Ursaluna|Earthquake|p2a: Torkoal|[spread] p2a,p2b
|-supereffective|p2a: Torkoal
|-resisted|p2b: Gallade
|-damage|p2a: Torkoal|0 fnt
|-damage|p2b: Gallade|0 fnt
|faint|p2a: Torkoal
|faint|p2b: Gallade
|
|-weather|none
|-damage|p1a: Ursaluna|88/100 brn|[from] brn
|upkeep
|
|t:|1756864424
|switch|p2b: Indeedee|Indeedee-F, L50, F|100/100
|-fieldstart|move: Psychic Terrain|[from] ability: Psychic Surge|[of] p2b: Indeedee
|turn|7
|
|t:|1756864427
|move|p2b: Indeedee|Dazzling Gleam|p1a: Ursaluna
|-damage|p1a: Ursaluna|71/100 brn
|move|p1a: Ursaluna|Facade|p2b: Indeedee
|-damage|p2b: Indeedee|0 fnt
|faint|p2b: Indeedee
|
|win|marcosdeltasena31
|raw|marcosdeltasena31's rating: 1401 → 1417(+16 for winning)
|raw|Quill86's rating: 1337 → 1321(-16 for losing)
