|j|☆y tu de quien eres
|j|☆the winking dol
|html|y tu de quien eresthe winking dol    
|uhtml|bestof|Game 3 of a best-of-3
|t:|1756212623
|gametype|doubles
|player|p1|y tu de quien eres|102|1157
|player|p2|the winking dol|dawn|1124
|gen|9
|tier|[Gen 9] VGC 2025 Reg H (Bo3)
|rated|
|rule|Species Clause: Limit one of each Pokémon
|rule|Item Clause: Limit 1 of each item
|clearpoke
|poke|p1|Dragonite, L50, M|
|poke|p1|Ursaluna-Bloodmoon, L50, M|
|poke|p1|Archaludon, L50, F|
|poke|p1|Whimsicott, L50, F|
|poke|p1|Gholdengo, L50|
|poke|p1|Incineroar, L50, M|
|poke|p2|Rillaboom, L50, F|
|poke|p2|Glimmora, L50, M|
|poke|p2|Farigiraf, L50, F|
|poke|p2|Tyranitar, L50, F|
|poke|p2|Kommo-o, L50, M|
|poke|p2|Volcarona, L50, M|
|teampreview|4
|showteam|p1|Dragonite||LoadedDice|Multiscale|ScaleShot,ExtremeSpeed,IceSpinner,Protect|||M|||50|,,,,,Fairy]Ursaluna-Bloodmoon||AssaultVest|MindsEye|BloodMoon,HyperVoice,EarthPower,VacuumWave|||M|||50|,,,,,Water]Archaludon||PowerHerb|Sturdy|ElectroShot,FlashCannon,DracoMeteor,Protect|||F|||50|,,,,,Stellar]Whimsicott||CovertCloak|Prankster|FakeTears,Tailwind,Encore,Moonblast|||F|||50|,,,,,Poison]Gholdengo||ChoiceSpecs|GoodasGold|MakeItRain,ShadowBall,PowerGem,SteelBeam||||||50|,,,,,Steel]Incineroar||MirrorHerb|Intimidate|FakeOut,PartingShot,KnockOff,FlareBlitz|||M|||50|,,,,,Ghost
|showteam|p2|Rillaboom||MiracleSeed|GrassySurge|WoodHammer,GrassyGlide,HighHorsepower,FakeOut|||F|||50|,,,,,Poison]Glimmora||LifeOrb|ToxicDebris|PowerGem,EarthPower,SludgeWave,SpikyShield|||M|||50|,,,,,Ghost]Farigiraf||SitrusBerry|ArmorTail|Psychic,HyperVoice,FoulPlay,TrickRoom|||F|||50|,,,,,Dark]Tyranitar||AssaultVest|SandStream|RockSlide,KnockOff,LowKick,TeraBlast|||F|||50|,,,,,Ghost]Kommo-o||Leftovers|Overcoat|ClangingScales,AuraSphere,Flamethrower,ClangorousSoul|||M|||50|,,,,,Steel]Volcarona||GrassySeed|FlameBody|HeatWave,TeraBlast,Tailwind,Protect|||M|||50|,,,,,Fairy
|inactive|Battle timer is ON: inactive players will automatically lose when time's up. (requested by the winking dol)
|inactive|the winking dol has 60 seconds left.
|
|t:|1756212674
|teamsize|p1|4
|teamsize|p2|4
|start
|switch|p1a: Incineroar|Incineroar, L50, M|100/100
|switch|p1b: Dragonite|Dragonite, L50, M|100/100
|switch|p2a: Rillaboom|Rillaboom, L50, F|100/100
|switch|p2b: Volcarona|Volcarona, L50, M|100/100
|-fieldstart|move: Grassy Terrain|[from] ability: Grassy Surge|[of] p2a: Rillaboom
|-enditem|p2b: Volcarona|Grassy Seed
|-boost|p2b: Volcarona|def|1|[from] item: Grassy Seed
|-ability|p1a: Incineroar|Intimidate|boost
|-unboost|p2a: Rillaboom|atk|1
|-unboost|p2b: Volcarona|atk|1
|-enditem|p1a: Incineroar|Mirror Herb
|-boost|p1a: Incineroar|def|1|[from] item: Mirror Herb
|turn|1
|
|t:|1756212695
|switch|p2a: Farigiraf|Farigiraf, L50, F|100/100
|move|p2b: Volcarona|Protect|p2b: Volcarona
|-singleturn|p2b: Volcarona|Protect
|move|p1a: Incineroar|Fake Out||[still]
|cant|p2a: Farigiraf|ability: Armor Tail|Fake Out|[of] p1a: Incineroar
|move|p1b: Dragonite|Scale Shot|p2a: Farigiraf
|-damage|p2a: Farigiraf|89/100
|-damage|p2a: Farigiraf|75/100
|-damage|p2a: Farigiraf|63/100
|-damage|p2a: Farigiraf|50/100
|-enditem|p2a: Farigiraf|Sitrus Berry|[eat]
|-heal|p2a: Farigiraf|75/100|[from] item: Sitrus Berry
|-hitcount|p2a: Farigiraf|4
|-unboost|p1b: Dragonite|def|1
|-boost|p1b: Dragonite|spe|1
|
|-heal|p2a: Farigiraf|82/100|[from] Grassy Terrain
|upkeep
|turn|2
|inactive|y tu de quien eres has 30 seconds left.
|inactive|the winking dol has 30 seconds left.
|inactive|y tu de quien eres has 20 seconds left.
|inactive|the winking dol has 20 seconds left.
|inactive|y tu de quien eres has 15 seconds left.
|inactive|the winking dol has 15 seconds left.
|inactive|y tu de quien eres has 10 seconds left.
|inactive|the winking dol has 10 seconds left.
|inactive|y tu de quien eres has 5 seconds left.
|inactive|the winking dol has 5 seconds left.
|
|t:|1756212748
|move|p1b: Dragonite|Ice Spinner|p2a: Farigiraf
|-damage|p2a: Farigiraf|58/100
|-fieldend|move: Grassy Terrain
|move|p2b: Volcarona|Heat Wave|p1b: Dragonite|[spread] p1a,p1b
|-resisted|p1a: Incineroar
|-resisted|p1b: Dragonite
|-damage|p1a: Incineroar|81/100
|-damage|p1b: Dragonite|90/100
|move|p1a: Incineroar|Parting Shot|p2b: Volcarona
|-unboost|p2b: Volcarona|atk|1
|-unboost|p2b: Volcarona|spa|1
|
|t:|1756212759
|switch|p1a: Ursaluna|Ursaluna-Bloodmoon, L50, M|100/100|[from] Parting Shot
|move|p2a: Farigiraf|Hyper Voice|p1b: Dragonite|[spread] p1a,p1b
|-damage|p1a: Ursaluna|82/100
|-damage|p1b: Dragonite|63/100
|
|upkeep
|turn|3
|
|t:|1756212782
|switch|p1b: Incineroar|Incineroar, L50, M|81/100
|-ability|p1b: Incineroar|Intimidate|boost
|-unboost|p2a: Farigiraf|atk|1
|-unboost|p2b: Volcarona|atk|1
|move|p2b: Volcarona|Heat Wave|p1a: Ursaluna|[spread] p1a,p1b
|-resisted|p1b: Incineroar
|-damage|p1a: Ursaluna|62/100
|-damage|p1b: Incineroar|69/100
|move|p1a: Ursaluna|Blood Moon|p2b: Volcarona
|-damage|p2b: Volcarona|21/100
|move|p2a: Farigiraf|Foul Play|p1b: Incineroar
|-resisted|p1b: Incineroar
|-damage|p1b: Incineroar|56/100
|
|upkeep
|turn|4
|inactive|y tu de quien eres has 30 seconds left.
|inactive|the winking dol has 30 seconds left.
|inactive|the winking dol has 20 seconds left.
|inactive|the winking dol has 15 seconds left.
|inactive|the winking dol has 10 seconds left.
|inactive|the winking dol has 5 seconds left.
|
|t:|1756212835
|move|p2b: Volcarona|Heat Wave|p1a: Ursaluna|[spread] p1a
|-miss|p2b: Volcarona|p1b: Incineroar
|-damage|p1a: Ursaluna|44/100
|move|p1b: Incineroar|Parting Shot|p2a: Farigiraf
|-unboost|p2a: Farigiraf|atk|1
|-unboost|p2a: Farigiraf|spa|1
|
|t:|1756212842
|switch|p1b: Dragonite|Dragonite, L50, M|63/100|[from] Parting Shot
|move|p1a: Ursaluna|Hyper Voice|p2b: Volcarona|[spread] p2a,p2b
|-damage|p2a: Farigiraf|28/100
|-damage|p2b: Volcarona|0 fnt
|faint|p2b: Volcarona
|move|p2a: Farigiraf|Hyper Voice|p1a: Ursaluna|[spread] p1a,p1b
|-damage|p1a: Ursaluna|33/100
|-damage|p1b: Dragonite|44/100
|
|upkeep
|
|t:|1756212862
|switch|p2b: Rillaboom|Rillaboom, L50, F|100/100
|-fieldstart|move: Grassy Terrain|[from] ability: Grassy Surge|[of] p2b: Rillaboom
|turn|5
|
|t:|1756212881
|switch|p1a: Incineroar|Incineroar, L50, M|56/100
|-ability|p1a: Incineroar|Intimidate|boost
|-unboost|p2a: Farigiraf|atk|1
|-unboost|p2b: Rillaboom|atk|1
|switch|p2a: Kommo-o|Kommo-o, L50, M|100/100
|move|p2b: Rillaboom|Fake Out|p1b: Dragonite
|-damage|p1b: Dragonite|34/100
|cant|p1b: Dragonite|flinch
|
|-heal|p1a: Incineroar|62/100|[from] Grassy Terrain
|upkeep
|turn|6
|inactive|the winking dol has 30 seconds left.
|inactive|the winking dol has 20 seconds left.
|inactive|the winking dol has 15 seconds left.
|inactive|the winking dol has 10 seconds left.
|inactive|the winking dol has 5 seconds left.
|
|t:|1756212935
|switch|p2b: Farigiraf|Farigiraf, L50, F|28/100
|move|p1a: Incineroar|Fake Out||[still]
|cant|p2b: Farigiraf|ability: Armor Tail|Fake Out|[of] p1a: Incineroar
|move|p1b: Dragonite|Scale Shot|p2a: Kommo-o
|-supereffective|p2a: Kommo-o
|-damage|p2a: Kommo-o|76/100
|-supereffective|p2a: Kommo-o
|-damage|p2a: Kommo-o|53/100
|-supereffective|p2a: Kommo-o
|-crit|p2a: Kommo-o
|-damage|p2a: Kommo-o|16/100
|-supereffective|p2a: Kommo-o
|-damage|p2a: Kommo-o|0 fnt
|faint|p2a: Kommo-o
|-hitcount|p2: Kommo-o|4
|-unboost|p1b: Dragonite|def|1
|-boost|p1b: Dragonite|spe|1
|
|-heal|p1a: Incineroar|68/100|[from] Grassy Terrain
|-heal|p2b: Farigiraf|34/100|[from] Grassy Terrain
|upkeep
|-message|the winking dol forfeited.
|
|win|y tu de quien eres
|raw|y tu de quien eres's rating: 1157 → 1180(+23 for winning)
|raw|the winking dol's rating: 1124 → 1101(-23 for losing)
|c|☆the winking dol|gg
|l|☆the winking dol
|player|p2|
|l|☆y tu de quien eres
|player|p1|
|j|☆the winking dol
|player|p2|the winking dol|dawn|
