|j|☆Silhouetiquette
|j|☆Tractie
|html|SilhouetiquetteTractie    
|uhtml|bestof|Game 1 of a best-of-3
|t:|1757089378
|gametype|doubles
|player|p1|Silhouetiquette|265|1091
|player|p2|Tractie|265|1274
|gen|9
|tier|[Gen 9] VGC 2025 Reg H (Bo3)
|rated|
|rule|Species Clause: Limit one of each Pokémon
|rule|Item Clause: Limit 1 of each item
|clearpoke
|poke|p1|Tyranitar, L50, F|
|poke|p1|Excadrill, L50, F|
|poke|p1|Kilowattrel, L50, F|
|poke|p1|Hydreigon, L50, F|
|poke|p1|Indeedee, L50, M|
|poke|p1|Sneasler, L50, F|
|poke|p2|Gothitelle, L50, M|
|poke|p2|Dondozo, L50, M|
|poke|p2|Kingambit, L50, F|
|poke|p2|Incineroar, L50, F|
|poke|p2|Amoonguss, L50, F|
|poke|p2|Zoroark-Hisui, L50, M|
|teampreview|4
|showteam|p1|Tyranitar||AssaultVest|SandStream|RockSlide,KnockOff,TeraBlast,LowKick|||F|||50|,,,,,Flying]Excadrill||ClearAmulet|SandRush|Earthquake,IronHead,StompingTantrum,Protect|||F|||50|,,,,,Ground]Kilowattrel||CovertCloak|Competitive|WeatherBall,Thunderbolt,AirSlash,Hurricane|||F|||50|,,,,,Stellar]Hydreigon||LifeOrb|Levitate|DarkPulse,DracoMeteor,Taunt,HeatWave|||F|||50|,,,,,Steel]Indeedee||ChoiceScarf|PsychicSurge|ExpandingForce,TeraBlast,EnergyBall,Psychic|||M|||50|,,,,,Fighting]Sneasler||PsychicSeed|Unburden|DireClaw,CloseCombat,Acrobatics,Protect|||F|||50|,,,,,Grass
|showteam|p2|Gothitelle||SitrusBerry|ShadowTag|FakeOut,Psychic,TrickRoom,Protect|||M|||50|,,,,,Water]Dondozo||Leftovers|Unaware|WaveCrash,BodyPress,Yawn,Protect|||M|||50|,,,,,Electric]Kingambit||BlackGlasses|Defiant|SuckerPunch,KowtowCleave,SwordsDance,Protect|||F|||50|,,,,,Dark]Incineroar||SafetyGoggles|Intimidate|FakeOut,FlareBlitz,KnockOff,PartingShot|||F|||50|,,,,,Ghost]Amoonguss||RockyHelmet|Regenerator|Spore,RagePowder,PollenPuff,Protect|||F|||50|,,,,,Fairy]Zoroark-Hisui||LifeOrb|Illusion|ShadowBall,TeraBlast,FocusBlast,Protect|||M|||50|,,,,,Stellar
|inactive|Battle timer is ON: inactive players will automatically lose when time's up. (requested by Tractie)
|inactive|Silhouetiquette also wants the timer to be on.
|inactive|Tractie has 60 seconds left.
|inactive|Tractie has 30 seconds left.
|inactive|Tractie has 20 seconds left.
|inactive|Tractie has 15 seconds left.
|
|t:|1757089457
|teamsize|p1|4
|teamsize|p2|4
|start
|switch|p1a: Indeedee|Indeedee, L50, M|100/100
|switch|p1b: Sneasler|Sneasler, L50, F|100/100
|switch|p2a: Gothitelle|Gothitelle, L50, M|100/100
|switch|p2b: Dondozo|Dondozo, L50, M|100/100
|-fieldstart|move: Psychic Terrain|[from] ability: Psychic Surge|[of] p1a: Indeedee
|-enditem|p1b: Sneasler|Psychic Seed
|-boost|p1b: Sneasler|spd|1|[from] item: Psychic Seed
|turn|1
|
|t:|1757089482
|move|p1b: Sneasler|Dire Claw|p2a: Gothitelle
|-damage|p2a: Gothitelle|56/100
|move|p1a: Indeedee|Expanding Force|p2b: Dondozo|[spread] p2a,p2b
|-resisted|p2a: Gothitelle
|-damage|p2a: Gothitelle|33/100
|-damage|p2b: Dondozo|61/100
|-enditem|p2a: Gothitelle|Sitrus Berry|[eat]
|-heal|p2a: Gothitelle|58/100|[from] item: Sitrus Berry
|move|p2a: Gothitelle|Psychic|p1b: Sneasler
|-supereffective|p1b: Sneasler
|-damage|p1b: Sneasler|0 fnt
|faint|p1b: Sneasler
|move|p2b: Dondozo|Yawn|p1a: Indeedee
|-start|p1a: Indeedee|move: Yawn|[of] p2b: Dondozo
|
|-heal|p2b: Dondozo|67/100|[from] item: Leftovers
|upkeep
|
|t:|1757089498
|switch|p1b: Kilowattrel|Kilowattrel, L50, F|100/100
|turn|2
|
|t:|1757089507
|move|p2a: Gothitelle|Protect|p2a: Gothitelle
|-singleturn|p2a: Gothitelle|Protect
|move|p2b: Dondozo|Protect|p2b: Dondozo
|-singleturn|p2b: Dondozo|Protect
|move|p1a: Indeedee|Expanding Force|p2a: Gothitelle|[spread] 
|-activate|p2a: Gothitelle|move: Protect
|-activate|p2b: Dondozo|move: Protect
|move|p1b: Kilowattrel|Thunderbolt|p2b: Dondozo
|-activate|p2b: Dondozo|move: Protect
|
|-heal|p2b: Dondozo|73/100|[from] item: Leftovers
|-end|p1a: Indeedee|move: Yawn|[silent]
|-status|p1a: Indeedee|slp
|upkeep
|turn|3
|
|t:|1757089524
|cant|p1a: Indeedee|slp
|move|p1b: Kilowattrel|Air Slash|p2a: Gothitelle
|-damage|p2a: Gothitelle|31/100
|move|p2b: Dondozo|Yawn|p1b: Kilowattrel
|-start|p1b: Kilowattrel|move: Yawn|[of] p2b: Dondozo
|move|p2a: Gothitelle|Trick Room|p2a: Gothitelle
|-fieldstart|move: Trick Room|[of] p2a: Gothitelle
|
|-heal|p2b: Dondozo|79/100|[from] item: Leftovers
|upkeep
|turn|4
|
|t:|1757089546
|move|p2b: Dondozo|Wave Crash|p1a: Indeedee
|-damage|p1a: Indeedee|12/100 slp
|-damage|p2b: Dondozo|64/100|[from] Recoil
|move|p2a: Gothitelle|Psychic|p1b: Kilowattrel
|-damage|p1b: Kilowattrel|32/100
|move|p1b: Kilowattrel|Air Slash|p2a: Gothitelle
|-damage|p2a: Gothitelle|5/100
|cant|p1a: Indeedee|slp
|
|-heal|p2b: Dondozo|70/100|[from] item: Leftovers
|-end|p1b: Kilowattrel|move: Yawn|[silent]
|-status|p1b: Kilowattrel|slp
|upkeep
|turn|5
|inactive|Tractie has 30 seconds left.
|
|t:|1757089579
|switch|p2a: Incineroar|Incineroar, L50, F|100/100
|-ability|p2a: Incineroar|Intimidate|boost
|-unboost|p1a: Indeedee|atk|1
|-unboost|p1b: Kilowattrel|atk|1
|-ability|p1b: Kilowattrel|Competitive|boost
|-boost|p1b: Kilowattrel|spa|2
|move|p2b: Dondozo|Body Press|p1a: Indeedee
|-damage|p1a: Indeedee|0 fnt
|faint|p1a: Indeedee
|cant|p1b: Kilowattrel|slp
|
|-heal|p2b: Dondozo|76/100|[from] item: Leftovers
|-fieldend|move: Psychic Terrain
|upkeep
|
|t:|1757089599
|switch|p1a: Tyranitar|Tyranitar, L50, F|100/100
|-weather|Sandstorm|[from] ability: Sand Stream|[of] p1a: Tyranitar
|turn|6
|
|t:|1757089618
|move|p2a: Incineroar|Fake Out|p1a: Tyranitar
|-resisted|p1a: Tyranitar
|-damage|p1a: Tyranitar|96/100
|move|p2b: Dondozo|Wave Crash|p1b: Kilowattrel
|-damage|p1b: Kilowattrel|0 fnt
|faint|p1b: Kilowattrel
|-damage|p2b: Dondozo|70/100|[from] Recoil
|cant|p1a: Tyranitar|flinch
|
|-weather|Sandstorm|[upkeep]
|-damage|p2b: Dondozo|64/100|[from] Sandstorm
|-heal|p2b: Dondozo|70/100|[from] item: Leftovers
|upkeep
|turn|7
|-message|Silhouetiquette forfeited.
|
|win|Tractie
