|j|☆mikelpoyarzabal
|j|☆CappoFeFe
|html|mikelpoyarzabalCappoFeFe    
|uhtml|bestof|Game 1 of a best-of-3
|t:|1784737467
|gametype|doubles
|player|p1|mikelpoyarzabal|arven-s|1317
|player|p2|CappoFeFe|1|1251
|gen|9
|tier|[Gen 9 Champions] VGC 2026 Reg M-B (Bo3)
|rated|
|rule|Species Clause: Limit one of each Pokémon
|rule|Item Clause: Limit 1 of each item
|clearpoke
|poke|p1|Charizard, L50, M|
|poke|p1|Garchomp, L50, M|
|poke|p1|Incineroar, L50, F|
|poke|p1|Venusaur, L50, F|
|poke|p1|Toxapex, L50, F|
|poke|p1|Sylveon, L50, M|
|poke|p2|Gardevoir, L50, F, shiny|
|poke|p2|Maushold-Four, L50, shiny|
|poke|p2|Torkoal, L50, F, shiny|
|poke|p2|Basculegion, L50, M|
|poke|p2|Venusaur, L50, F, shiny|
|poke|p2|Incineroar, L50, M, shiny|
|teampreview|4
|showteam|p1|Charizard||CharizarditeY|SolarPower|WeatherBall,HeatWave,AncientPower,Protect|Modest||M|||50|]Garchomp||ChoiceScarf|RoughSkin|RockSlide,DragonClaw,Earthquake,StompingTantrum|Adamant||M|||50|]Incineroar||SitrusBerry|Intimidate|FlareBlitz,FakeOut,DarkestLariat,PartingShot|Impish||F|||50|]Venusaur||LifeOrb|Chlorophyll|SludgeBomb,LeafStorm,EarthPower,Protect|Modest||F|||50|]Toxapex||Leftovers|Regenerator|Infestation,Toxic,WideGuard,BanefulBunker|Bold||F|||50|]Sylveon||FairyFeather|Pixilate|HyperVoice,QuickAttack,Yawn,Detect|Modest||M|||50|
|showteam|p2|Gardevoir||Gardevoirite|Synchronize|HyperVoice,Psyshock,TrickRoom,Protect|Modest||F|||50|]Maushold-Four||ChopleBerry|FriendGuard|SuperFang,AfterYou,FollowMe,Protect|Jolly|||||50|]Torkoal||Charcoal|Drought|Eruption,HeatWave,AncientPower,Protect|Quiet||F|||50|]Basculegion||MysticWater|Adaptability|WaveCrash,LastRespects,AquaJet,Protect|Adamant||M|||50|]Venusaur||FocusSash|Chlorophyll|SludgeBomb,EarthPower,SleepPowder,Protect|Modest||F|||50|]Incineroar||SitrusBerry|Intimidate|FakeOut,PartingShot,FlareBlitz,ThroatChop|Adamant||M|||50|
|inactive|Battle timer is ON: inactive players will automatically lose when time's up. (requested by mikelpoyarzabal)
|inactive|CappoFeFe has 60 seconds left.
|
|t:|1784737507
|teamsize|p1|4
|teamsize|p2|4
|start
|switch|p1a: Venusaur|Venusaur, L50, F|100/100
|switch|p1b: Charizard|Charizard, L50, M|100/100
|switch|p2a: Gardevoir|Gardevoir, L50, F, shiny|100/100
|switch|p2b: Incineroar|Incineroar, L50, M, shiny|100/100
|-ability|p2b: Incineroar|Intimidate|boost
|-unboost|p1a: Venusaur|atk|1
|-unboost|p1b: Charizard|atk|1
|turn|1
|inactive|mikelpoyarzabal has 30 seconds left.
|inactive|CappoFeFe has 30 seconds left.
|inactive|mikelpoyarzabal has 20 seconds left.
|
|t:|1784737546
|switch|p1a: Incineroar|Incineroar, L50, F|100/100
|-ability|p1a: Incineroar|Intimidate|boost
|-unboost|p2a: Gardevoir|atk|1
|-unboost|p2b: Incineroar|atk|1
|detailschange|p1b: Charizard|Charizard-Mega-Y, L50, M
|-mega|p1b: Charizard|Charizard|Charizardite Y
|-weather|SunnyDay|[from] ability: Drought|[of] p1b: Charizard
|detailschange|p2a: Gardevoir|Gardevoir-Mega, L50, F, shiny
|-mega|p2a: Gardevoir|Gardevoir|Gardevoirite
|move|p2b: Incineroar|Fake Out|p1a: Incineroar
|-damage|p1a: Incineroar|92/100
|move|p1b: Charizard|Heat Wave|p2a: Gardevoir|[spread] p2a
|-miss|p1b: Charizard|p2b: Incineroar
|-damage|p2a: Gardevoir|51/100
|-status|p2a: Gardevoir|brn
|move|p2a: Gardevoir|Trick Room|p2a: Gardevoir
|-fieldstart|move: Trick Room|[of] p2a: Gardevoir
|
|-weather|SunnyDay|[upkeep]
|-damage|p2a: Gardevoir|45/100 brn|[from] brn
|upkeep
|turn|2
|inactive|mikelpoyarzabal has 30 seconds left.
|inactive|CappoFeFe has 30 seconds left.
|
|t:|1784737580
|move|p2a: Gardevoir|Protect|p2a: Gardevoir
|-singleturn|p2a: Gardevoir|Protect
|move|p1a: Incineroar|Parting Shot|p2b: Incineroar
|-unboost|p2b: Incineroar|atk|1
|-unboost|p2b: Incineroar|spa|1
|
|t:|1784737584
|switch|p1a: Venusaur|Venusaur, L50, F|100/100|[from] Parting Shot
|move|p2b: Incineroar|Parting Shot|p1a: Venusaur
|-unboost|p1a: Venusaur|atk|1
|-unboost|p1a: Venusaur|spa|1
|
|t:|1784737589
|switch|p2b: Torkoal|Torkoal, L50, F, shiny|100/100|[from] Parting Shot
|move|p1b: Charizard|Weather Ball|p2b: Torkoal
|-resisted|p2b: Torkoal|1
|-damage|p2b: Torkoal|44/100
|
|-weather|SunnyDay|[upkeep]
|-damage|p2a: Gardevoir|40/100 brn|[from] brn
|upkeep
|turn|3
|inactive|CappoFeFe has 30 seconds left.
|
|t:|1784737618
|move|p1a: Venusaur|Protect|p1a: Venusaur
|-singleturn|p1a: Venusaur|Protect
|move|p2b: Torkoal|Ancient Power|p1b: Charizard
|-supereffective|p1b: Charizard|2
|-damage|p1b: Charizard|35/100
|-boost|p2b: Torkoal|atk|1
|-boost|p2b: Torkoal|def|1
|-boost|p2b: Torkoal|spa|1
|-boost|p2b: Torkoal|spd|1
|-boost|p2b: Torkoal|spe|1
|move|p2a: Gardevoir|Psyshock|p1b: Charizard
|-damage|p1b: Charizard|0 fnt
|faint|p1b: Charizard
|
|-weather|SunnyDay|[upkeep]
|-damage|p2a: Gardevoir|34/100 brn|[from] brn
|upkeep
|
|t:|1784737638
|switch|p1b: Incineroar|Incineroar, L50, F|92/100
|-ability|p1b: Incineroar|Intimidate|boost
|-unboost|p2a: Gardevoir|atk|1
|-unboost|p2b: Torkoal|atk|1
|turn|4
|
|t:|1784737647
|switch|p1a: Garchomp|Garchomp, L50, M|100/100
|move|p2b: Torkoal|Heat Wave|p1b: Incineroar|[spread] p1a,p1b
|-resisted|p1a: Garchomp|1
|-resisted|p1b: Incineroar|1
|-damage|p1a: Garchomp|54/100
|-damage|p1b: Incineroar|55/100
|move|p1b: Incineroar|Darkest Lariat|p2a: Gardevoir
|-damage|p2a: Gardevoir|0 fnt
|faint|p2a: Gardevoir
|
|-weather|SunnyDay|[upkeep]
|upkeep
|inactive|CappoFeFe has 30 seconds left.
|
|t:|1784737672
|switch|p2a: Incineroar|Incineroar, L50, M, shiny|100/100
|-ability|p2a: Incineroar|Intimidate|boost
|-unboost|p1a: Garchomp|atk|1
|-unboost|p1b: Incineroar|atk|1
|turn|5
|
|t:|1784737697
|switch|p1a: Venusaur|Venusaur, L50, F|100/100
|move|p2b: Torkoal|Heat Wave|p1a: Venusaur|[spread] p1a,p1b
|-supereffective|p1a: Venusaur|1
|-resisted|p1b: Incineroar|1
|-damage|p1a: Venusaur|0 fnt
|-damage|p1b: Incineroar|19/100
|-enditem|p1b: Incineroar|Sitrus Berry|[eat]
|-heal|p1b: Incineroar|44/100|[from] item: Sitrus Berry
|faint|p1a: Venusaur
|move|p1b: Incineroar|Parting Shot|p2b: Torkoal
|-unboost|p2b: Torkoal|atk|1
|-unboost|p2b: Torkoal|spa|1
|
|t:|1784737705
|switch|p1b: Garchomp|Garchomp, L50, M|54/100|[from] Parting Shot
|move|p2a: Incineroar|Throat Chop|p1b: Garchomp
|-damage|p1b: Garchomp|14/100
|-start|p1b: Garchomp|Throat Chop|[silent]
|-damage|p2a: Incineroar|87/100|[from] ability: Rough Skin|[of] p1b: Garchomp
|
|-weather|none
|-fieldend|move: Trick Room
|upkeep
|
|t:|1784737707
|switch|p1a: Incineroar|Incineroar, L50, F|44/100
|-ability|p1a: Incineroar|Intimidate|boost
|-unboost|p2a: Incineroar|atk|1
|-unboost|p2b: Torkoal|atk|1
|turn|6
|-message|mikelpoyarzabal forfeited.
|
|win|CappoFeFe
