|j|☆exposniffer
|j|☆teyvgc
|html|exposnifferteyvgc    
|uhtml|bestof|Game 1 of a best-of-3
|t:|1757217982
|gametype|doubles
|player|p1|exposniffer|blue|
|player|p2|teyvgc|benga|
|gen|9
|tier|[Gen 9] VGC 2025 Reg H (Bo3)
|rule|Species Clause: Limit one of each Pokémon
|rule|Item Clause: Limit 1 of each item
|clearpoke
|poke|p1|Gholdengo, L50|
|poke|p1|Dragonite, L50, M|
|poke|p1|Ursaluna-Bloodmoon, L50, M|
|poke|p1|Ninetales-Alola, L50, F|
|poke|p1|Annihilape, L50, F|
|poke|p1|Incineroar, L50, M|
|poke|p2|Excadrill, L50, F|
|poke|p2|Tyranitar, L50, F|
|poke|p2|Corviknight, L50, M|
|poke|p2|Rotom-Wash, L50|
|poke|p2|Amoonguss, L50, F|
|poke|p2|Flamigo, L50, F|
|teampreview|4
|showteam|p1|Gholdengo||MetalCoat|GoodasGold|MakeItRain,ShadowBall,NastyPlot,Protect||||||50|,,,,,Water]Dragonite||LoadedDice|Multiscale|ScaleShot,ExtremeSpeed,Haze,Protect|||M|||50|,,,,,Steel]Ursaluna-Bloodmoon||AssaultVest|MindsEye|BloodMoon,HyperVoice,EarthPower,VacuumWave|||M|||50|,,,,,Water]Ninetales-Alola||FocusSash|SnowWarning|Blizzard,IcyWind,AuroraVeil,IcicleSpear|||F|||50|,,,,,Ghost]Annihilape||SafetyGoggles|Defiant|CloseCombat,RageFist,Coaching,Taunt|||F|||50|,,,,,Fire]Incineroar||RockyHelmet|Intimidate|KnockOff,FlareBlitz,PartingShot,FakeOut|||M|||50|,,,,,Ghost
|showteam|p2|Excadrill||FocusSash|SandRush|Protect,IronHead,HighHorsepower,Earthquake|||F|||50|,,,,,Ground]Tyranitar||AssaultVest|SandStream|KnockOff,RockSlide,LowKick,TeraBlast|||F|||50|,,,,,Flying]Corviknight||WacanBerry|MirrorArmor|BraveBird,Uturn,Taunt,Tailwind|||M|||50|,,,,,Dragon]Rotom-Wash||SafetyGoggles|Levitate|Thunderbolt,HydroPump,WillOWisp,Protect||||||50|,,,,,Electric]Amoonguss||SitrusBerry|Regenerator|ClearSmog,PollenPuff,RagePowder,Spore|||F|||50|,,,,,Water]Flamigo||CovertCloak|Scrappy|BraveBird,WideGuard,CloseCombat,Detect|||F|||50|,,,,,Steel
|
|t:|1757218072
|teamsize|p1|4
|teamsize|p2|4
|start
|switch|p1a: Loui|Ninetales-Alola, L50, F|100/100
|switch|p1b: Leon|Annihilape, L50, F|100/100
|switch|p2a: Corviknight|Corviknight, L50, M|100/100
|switch|p2b: Rotom|Rotom-Wash, L50|100/100
|-weather|Snowscape|[from] ability: Snow Warning|[of] p1a: Loui
|turn|1
|
|t:|1757218127
|-terastallize|p1b: Leon|Fire
|move|p1a: Loui|Icicle Spear|p1b: Leon
|-resisted|p1b: Leon
|-damage|p1b: Leon|97/100
|-resisted|p1b: Leon
|-damage|p1b: Leon|94/100
|-hitcount|p1b: Leon|2
|move|p1b: Leon|Rage Fist|p2a: Corviknight
|-damage|p2a: Corviknight|47/100
|move|p2b: Rotom|Will-O-Wisp|p1b: Leon
|-immune|p1b: Leon
|move|p2a: Corviknight|Tailwind|p2a: Corviknight
|-sidestart|p2: teyvgc|move: Tailwind
|
|-weather|Snowscape|[upkeep]
|upkeep
|turn|2
|
|t:|1757218164
|move|p2b: Rotom|Hydro Pump|p1b: Leon
|-supereffective|p1b: Leon
|-damage|p1b: Leon|0 fnt
|faint|p1b: Leon
|move|p1a: Loui|Blizzard|p2a: Corviknight|[spread] p2a,p2b
|-resisted|p2b: Rotom
|-damage|p2a: Corviknight|22/100
|-damage|p2b: Rotom|84/100
|-status|p2a: Corviknight|frz
|cant|p2a: Corviknight|frz
|
|-weather|Snowscape|[upkeep]
|upkeep
|
|t:|1757218175
|switch|p1b: Franklin|Dragonite, L50, M|100/100
|turn|3
|
|t:|1757218197
|move|p1b: Franklin|Protect|p1b: Franklin
|-singleturn|p1b: Franklin|Protect
|move|p2b: Rotom|Will-O-Wisp|p1b: Franklin
|-activate|p1b: Franklin|move: Protect
|move|p1a: Loui|Icy Wind|p2a: Corviknight|[spread] p2a,p2b
|-resisted|p2b: Rotom
|-damage|p2a: Corviknight|10/100 frz
|-damage|p2b: Rotom|76/100
|-ability|p2a: Corviknight|Mirror Armor
|-unboost|p1a: Loui|spe|1
|-unboost|p2b: Rotom|spe|1
|cant|p2a: Corviknight|frz
|
|-weather|Snowscape|[upkeep]
|upkeep
|turn|4
|
|t:|1757218241
|switch|p2a: Tyranitar|Tyranitar, L50, F|100/100
|-weather|Sandstorm|[from] ability: Sand Stream|[of] p2a: Tyranitar
|switch|p1b: jerome|Ursaluna-Bloodmoon, L50, M|100/100
|move|p2b: Rotom|Protect|p2b: Rotom
|-singleturn|p2b: Rotom|Protect
|move|p1a: Loui|Blizzard|p2a: Tyranitar|[spread] p2a
|-activate|p2b: Rotom|move: Protect
|-damage|p2a: Tyranitar|87/100
|-status|p2a: Tyranitar|frz
|
|-weather|Sandstorm|[upkeep]
|-damage|p1a: Loui|94/100|[from] Sandstorm
|-sideend|p2: teyvgc|move: Tailwind
|upkeep
|turn|5
|
|t:|1757218273
|-terastallize|p2a: Tyranitar|Flying
|move|p1a: Loui|Icy Wind|p2a: Tyranitar|[spread] p2a,p2b
|-supereffective|p2a: Tyranitar
|-resisted|p2b: Rotom
|-damage|p2a: Tyranitar|69/100 frz
|-damage|p2b: Rotom|68/100
|-unboost|p2a: Tyranitar|spe|1
|-unboost|p2b: Rotom|spe|1
|move|p1b: jerome|Blood Moon|p2b: Rotom
|-damage|p2b: Rotom|0 fnt
|faint|p2b: Rotom
|cant|p2a: Tyranitar|frz
|
|-weather|Sandstorm|[upkeep]
|-damage|p1a: Loui|88/100|[from] Sandstorm
|-damage|p2a: Tyranitar|63/100 frz|[from] Sandstorm
|upkeep
|
|t:|1757218297
|switch|p2b: Excadrill|Excadrill, L50, F|100/100
|turn|6
|
|t:|1757218313
|switch|p1a: Franklin|Dragonite, L50, M|100/100
|move|p2b: Excadrill|Iron Head|p1a: Franklin
|-damage|p1a: Franklin|77/100
|move|p1b: jerome|Earth Power|p2b: Excadrill
|-supereffective|p2b: Excadrill
|-enditem|p2b: Excadrill|Focus Sash
|-damage|p2b: Excadrill|1/100
|cant|p2a: Tyranitar|frz
|
|-weather|Sandstorm|[upkeep]
|-damage|p1a: Franklin|71/100|[from] Sandstorm
|-damage|p2a: Tyranitar|58/100 frz|[from] Sandstorm
|upkeep
|turn|7
|
|t:|1757218344
|move|p2b: Excadrill|Protect|p2b: Excadrill
|-singleturn|p2b: Excadrill|Protect
|move|p1a: Franklin|Extreme Speed|p2b: Excadrill
|-activate|p2b: Excadrill|move: Protect
|move|p1b: jerome|Blood Moon|p2a: Tyranitar
|-damage|p2a: Tyranitar|9/100 frz
|cant|p2a: Tyranitar|frz
|
|-weather|Sandstorm|[upkeep]
|-damage|p1a: Franklin|64/100|[from] Sandstorm
|-damage|p2a: Tyranitar|3/100 frz|[from] Sandstorm
|upkeep
|turn|8
|
|t:|1757218372
|switch|p2a: Corviknight|Corviknight, L50, M|10/100 frz
|move|p1a: Franklin|Extreme Speed|p2b: Excadrill
|-resisted|p2b: Excadrill
|-damage|p2b: Excadrill|0 fnt
|faint|p2b: Excadrill
|move|p1b: jerome|Vacuum Wave|p2a: Corviknight
|-damage|p2a: Corviknight|0 fnt
|faint|p2a: Corviknight
|
|-weather|none
|upkeep
|
|t:|1757218378
|switch|p2b: Tyranitar|Tyranitar, L50, F, tera:Flying|3/100 frz
|-weather|Sandstorm|[from] ability: Sand Stream|[of] p2b: Tyranitar
|turn|9
|-message|teyvgc forfeited.
|
|win|exposniffer
||teyvgc is ready for game 2.
|inactive|exposniffer has 30 seconds to confirm battle start!
|inactive|exposniffer has 20 seconds to confirm battle start!
|inactive|exposniffer has 10 seconds to confirm battle start!
||exposniffer is ready for game 2.
|uhtml|next|Next: Game 2 of 3
