|j|☆panflex00
|j|☆Oriozz
|html|panflex00Oriozz    
|uhtml|bestof|Game 1 of a best-of-3
|t:|1783058316
|gametype|doubles
|player|p1|panflex00|steven-masters|1002
|player|p2|Oriozz|1|1103
|gen|9
|tier|[Gen 9 Champions] VGC 2026 Reg M-B (Bo3)
|rated|
|rule|Species Clause: Limit one of each Pokémon
|rule|Item Clause: Limit 1 of each item
|clearpoke
|poke|p1|Mimikyu, L50, M|
|poke|p1|Orthworm, L50, M|
|poke|p1|Garchomp, L50, M|
|poke|p1|Talonflame, L50, M|
|poke|p1|Farigiraf, L50, M|
|poke|p1|Raichu, L50, M|
|poke|p2|Kingambit, L50, M|
|poke|p2|Floette-Eternal, L50, F|
|poke|p2|Sneasler, L50, M|
|poke|p2|Incineroar, L50, M|
|poke|p2|Garchomp, L50, M|
|poke|p2|Sinistcha, L50|
|teampreview|4
|showteam|p1|Mimikyu||SpellTag|Disguise|ShadowClaw,PlayRough,DrainPunch,SwordsDance|Jolly||M|||50|]Orthworm||SitrusBerry|EarthEater|HeavySlam,BodyPress,ShedTail,HelpingHand|Impish||M|||50|]Garchomp||LifeOrb|RoughSkin|DragonClaw,Earthquake,RockSlide,Protect|Jolly||M|||50|]Talonflame|||GaleWings|FlareBlitz,Acrobatics,Tailwind,Protect|Jolly||M|||50|]Farigiraf||Leftovers|ArmorTail|HyperVoice,TwinBeam,Imprison,TrickRoom|Modest||M|||50|]Raichu||RaichuniteY|LightningRod|FakeOut,ZapCannon,FocusBlast,GrassKnot|Timid||M|||50|
|showteam|p2|Kingambit||ChopleBerry|Defiant|KowtowCleave,Protect,SuckerPunch,IronHead|Adamant||M|||50|]Floette-Eternal||Floettite|FlowerVeil|DazzlingGleam,DrainingKiss,Protect,CalmMind|Bold||F|||50|]Sneasler||FocusSash|Unburden|FakeOut,DireClaw,CloseCombat,Coaching|Jolly||M|||50|]Incineroar||Leftovers|Intimidate|FakeOut,FlareBlitz,PartingShot,HelpingHand|Careful||M|||50|]Garchomp||Garchompite|RoughSkin|Earthquake,StompingTantrum,RockSlide,Protect|Adamant||M|||50|]Sinistcha||SitrusBerry|Hospitality|Protect,MatchaGotcha,TrickRoom,RagePowder|Bold|||||50|
|inactive|Battle timer is ON: inactive players will automatically lose when time's up. (requested by Oriozz)
|
|t:|1783058423
|teamsize|p1|4
|teamsize|p2|4
|start
|switch|p1a: Raichu|Raichu, L50, M|100/100
|switch|p1b: Orthworm|Orthworm, L50, M|100/100
|switch|p2a: Garchomp|Garchomp, L50, M|100/100
|switch|p2b: Incineroar|Incineroar, L50, M|100/100
|-ability|p2b: Incineroar|Intimidate|boost
|-unboost|p1a: Raichu|atk|1
|-unboost|p1b: Orthworm|atk|1
|turn|1
|inactive|Oriozz has 30 seconds left.
|inactive|panflex00 has 30 seconds left.
|
|t:|1783058456
|move|p1a: Raichu|Fake Out|p2a: Garchomp
|-damage|p2a: Garchomp|94/100
|-damage|p1a: Raichu|87/100|[from] ability: Rough Skin|[of] p2a: Garchomp
|cant|p2a: Garchomp|flinch
|move|p1b: Orthworm|Body Press|p2b: Incineroar
|-supereffective|p2b: Incineroar|1
|-damage|p2b: Incineroar|48/100
|move|p2b: Incineroar|Flare Blitz|p1b: Orthworm
|-supereffective|p1b: Orthworm|1
|-damage|p1b: Orthworm|40/100
|-enditem|p1b: Orthworm|Sitrus Berry|[eat]
|-heal|p1b: Orthworm|65/100|[from] item: Sitrus Berry
|-damage|p2b: Incineroar|31/100|[from] Recoil
|
|-heal|p2b: Incineroar|37/100|[from] item: Leftovers
|upkeep
|turn|2
|inactive|panflex00 has 30 seconds left.
|inactive|Oriozz has 30 seconds left.
|inactive|Oriozz has 20 seconds left.
|inactive|panflex00 has 20 seconds left.
|inactive|Oriozz has 15 seconds left.
|
|t:|1783058499
|switch|p1a: Garchomp|Garchomp, L50, M|100/100
|switch|p2b: Sneasler|Sneasler, L50, M|100/100
|detailschange|p2a: Garchomp|Garchomp-Mega, L50, M
|-mega|p2a: Garchomp|Garchomp|Garchompite
|move|p2a: Garchomp|Stomping Tantrum|p1a: Garchomp
|-damage|p1a: Garchomp|0 fnt
|-damage|p2a: Garchomp|82/100|[from] ability: Rough Skin|[of] p1a: Garchomp
|faint|p1a: Garchomp
|move|p1b: Orthworm|Shed Tail|p1b: Orthworm
|-start|p1b: Orthworm|Substitute|[from] move: Shed Tail
|-damage|p1b: Orthworm|15/100
|
|t:|1783058514
|switch|p1b: Raichu|Raichu, L50, M|87/100|[from] Shed Tail
|
|upkeep
|
|t:|1783058518
|switch|p1a: Talonflame|Talonflame, L50, M|100/100
|turn|3
|
|t:|1783058539
|detailschange|p1b: Raichu|Raichu-Mega-Y, L50, M
|-mega|p1b: Raichu|Raichu|Raichunite Y
|move|p1a: Talonflame|Protect|p1a: Talonflame
|-singleturn|p1a: Talonflame|Protect
|move|p1b: Raichu|Fake Out|p2a: Garchomp
|-damage|p2a: Garchomp|75/100
|move|p2b: Sneasler|Fake Out|p1a: Talonflame
|-activate|p1a: Talonflame|move: Protect
|cant|p2a: Garchomp|flinch
|
|upkeep
|turn|4
|inactive|panflex00 has 30 seconds left.
|inactive|Oriozz has 30 seconds left.
|
|t:|1783058566
|switch|p2b: Incineroar|Incineroar, L50, M|37/100
|-ability|p2b: Incineroar|Intimidate|boost
|-unboost|p1a: Talonflame|atk|1
|-immune|p1b: Raichu
|move|p1a: Talonflame|Acrobatics|p2b: Incineroar
|-damage|p2b: Incineroar|13/100
|move|p1b: Raichu|Zap Cannon|p2b: Incineroar
|-damage|p2b: Incineroar|0 fnt
|faint|p2b: Incineroar
|move|p2a: Garchomp|Rock Slide|p1b: Raichu|[spread] p1a,p1b
|-end|p1b: Raichu|Substitute
|-supereffective|p1a: Talonflame|2
|-damage|p1a: Talonflame|0 fnt
|faint|p1a: Talonflame
|
|upkeep
|
|t:|1783058589
|switch|p1a: Orthworm|Orthworm, L50, M|15/100
|switch|p2b: Sneasler|Sneasler, L50, M|100/100
|turn|5
|inactive|Oriozz has 30 seconds left.
|
|t:|1783058619
|move|p1b: Raichu|Focus Blast|p2a: Garchomp
|-damage|p2a: Garchomp|27/100
|move|p2b: Sneasler|Close Combat|p1a: Orthworm
|-supereffective|p1a: Orthworm|1
|-damage|p1a: Orthworm|0 fnt
|-unboost|p2b: Sneasler|def|1
|-unboost|p2b: Sneasler|spd|1
|faint|p1a: Orthworm
|move|p2a: Garchomp|Stomping Tantrum|p1b: Raichu
|-supereffective|p1b: Raichu|1
|-damage|p1b: Raichu|0 fnt
|faint|p1b: Raichu
|
|win|Oriozz
||panflex00 is ready for game 2.
|inactive|Oriozz has 30 seconds to confirm battle start!
|inactive|Oriozz has 20 seconds to confirm battle start!
|inactive|Oriozz has 10 seconds to confirm battle start!
|uhtml|next|Next: Game 2 of 3
|l|☆panflex00
|player|p1|
