|j|☆Romarijuan98
|j|☆craser13
|html|Romarijuan98craser13    
|uhtml|bestof|Game 2 of a best-of-3
|t:|1784585876
|gametype|doubles
|player|p1|Romarijuan98|266|
|player|p2|craser13|alder|
|gen|9
|tier|[Gen 9 Champions] VGC 2026 Reg M-B (Bo3)
|rule|Species Clause: Limit one of each Pokémon
|rule|Item Clause: Limit 1 of each item
|clearpoke
|poke|p1|Swampert, L50, M|
|poke|p1|Pelipper, L50, F|
|poke|p1|Farigiraf, L50, F|
|poke|p1|Sneasler, L50, M|
|poke|p1|Mawile, L50, F|
|poke|p1|Archaludon, L50, M|
|poke|p2|Floette-Eternal, L50, F|
|poke|p2|Charizard, L50, F|
|poke|p2|Garchomp, L50, F|
|poke|p2|Whimsicott, L50, F|
|poke|p2|Basculegion, L50, M|
|poke|p2|Kingambit, L50, F|
|teampreview|4
|showteam|p1|Swampert||Swampertite|Damp|IcePunch,WaveCrash,HighHorsepower,Protect|Adamant||M|||50|]Pelipper||LifeOrb|Drizzle|WeatherBall,Tailwind,Hurricane,WideGuard|Modest||F|||50|]Farigiraf||SitrusBerry|ArmorTail|Psychic,TrickRoom,Thunderbolt,HelpingHand|Bold||F|||50|]Sneasler||FocusSash|Unburden|FakeOut,Protect,DireClaw,CloseCombat|Jolly||M|||50|]Mawile||Mawilite|HyperCutter|PlayRough,SuckerPunch,SwordsDance,BrickBreak|Adamant||F|||50|]Archaludon||Leftovers|Stamina|ElectroShot,FlashCannon,DragonPulse,Protect|Modest||M|||50|
|showteam|p2|Floette-Eternal||Floettite|FlowerVeil|Moonblast,DazzlingGleam,LightofRuin,Protect|Modest||F|||50|]Charizard||CharizarditeY|Blaze|HeatWave,SolarBeam,WeatherBall,Protect|Timid||F|||50|]Garchomp||LifeOrb|RoughSkin|Earthquake,RockSlide,DragonClaw,Protect|Jolly||F|||50|]Whimsicott||FocusSash|Prankster|Moonblast,Tailwind,Encore,Protect|Timid||F|||50|]Basculegion||MysticWater|Adaptability|WaveCrash,LastRespects,AquaJet,Protect|Adamant||M|||50|]Kingambit||BlackGlasses|Defiant|KowtowCleave,SuckerPunch,LowKick,Protect|Adamant||F|||50|
|inactive|Battle timer is ON: inactive players will automatically lose when time's up. (requested by Romarijuan98)
|j| Miss It Rain
|j| Drakengor
|j| UpstartMannekin
|j| Esponjo
|inactive|Romarijuan98 has 60 seconds left.
|inactive|craser13 has 60 seconds left.
|
|t:|1784585919
|teamsize|p1|4
|teamsize|p2|4
|start
|switch|p1a: Vereneta|Swampert, L50, M|100/100
|switch|p1b: Kevin Hart|Sneasler, L50, M|100/100
|switch|p2a: Whimsicott|Whimsicott, L50, F|100/100
|switch|p2b: Kingambit|Kingambit, L50, F|100/100
|turn|1
|inactive|Romarijuan98 has 30 seconds left.
|
|t:|1784585953
|switch|p2a: Basculegion|Basculegion, L50, M|100/100
|detailschange|p1a: Vereneta|Swampert-Mega, L50, M
|-mega|p1a: Vereneta|Swampert|Swampertite
|move|p2b: Kingambit|Sucker Punch|p1a: Vereneta
|-damage|p1a: Vereneta|58/100
|move|p1b: Kevin Hart|Dire Claw|p2a: Basculegion
|-resisted|p2a: Basculegion|1
|-damage|p2a: Basculegion|74/100
|-status|p2a: Basculegion|slp
|move|p1a: Vereneta|Ice Punch|p2a: Basculegion
|-resisted|p2a: Basculegion|1
|-damage|p2a: Basculegion|58/100 slp
|
|upkeep
|turn|2
|inactive|craser13 has 30 seconds left.
|
|t:|1784585980
|cant|p2a: Basculegion|slp
|move|p1a: Vereneta|Protect|p1a: Vereneta
|-singleturn|p1a: Vereneta|Protect
|move|p2b: Kingambit|Sucker Punch||[still]
|-fail|p2b: Kingambit
|move|p1b: Kevin Hart|Close Combat|p2b: Kingambit
|-supereffective|p2b: Kingambit|2
|-damage|p2b: Kingambit|0 fnt
|-unboost|p1b: Kevin Hart|def|1
|-unboost|p1b: Kevin Hart|spd|1
|faint|p2b: Kingambit
|
|upkeep
|
|t:|1784585990
|switch|p2b: Whimsicott|Whimsicott, L50, F|100/100
|turn|3
|
|t:|1784586005
|switch|p1b: Fuentealbilla|Pelipper, L50, F|100/100
|-weather|RainDance|[from] ability: Drizzle|[of] p1b: Fuentealbilla
|move|p2b: Whimsicott|Tailwind|p2b: Whimsicott
|-sidestart|p2: craser13|move: Tailwind
|-curestatus|p2a: Basculegion|slp|[msg]
|move|p2a: Basculegion|Last Respects|p1a: Vereneta
|-crit|p1a: Vereneta
|-damage|p1a: Vereneta|0 fnt
|faint|p1a: Vereneta
|
|-weather|RainDance|[upkeep]
|upkeep
|
|t:|1784586029
|switch|p1a: Palindromo|Farigiraf, L50, F|100/100
|turn|4
|inactive|Romarijuan98 has 30 seconds left.
|
|t:|1784586061
|move|p2b: Whimsicott|Moonblast|p1a: Palindromo
|-damage|p1a: Palindromo|69/100
|move|p2a: Basculegion|Wave Crash|p1a: Palindromo
|-damage|p1a: Palindromo|0 fnt
|faint|p1a: Palindromo
|-damage|p2a: Basculegion|31/100|[from] Recoil
|move|p1b: Fuentealbilla|Hurricane|p2b: Whimsicott
|-supereffective|p2b: Whimsicott|1
|-enditem|p2b: Whimsicott|Focus Sash
|-damage|p2b: Whimsicott|1/100
|-damage|p1b: Fuentealbilla|90/100|[from] item: Life Orb
|
|-weather|RainDance|[upkeep]
|upkeep
|
|t:|1784586070
|switch|p1a: Kevin Hart|Sneasler, L50, M|100/100
|turn|5
|
|t:|1784586094
|move|p2b: Whimsicott|Protect|p2b: Whimsicott
|-singleturn|p2b: Whimsicott|Protect
|move|p2a: Basculegion|Protect|p2a: Basculegion
|-singleturn|p2a: Basculegion|Protect
|move|p1a: Kevin Hart|Dire Claw|p2b: Whimsicott
|-activate|p2b: Whimsicott|move: Protect
|move|p1b: Fuentealbilla|Hurricane|p2a: Basculegion
|-activate|p2a: Basculegion|move: Protect
|
|-weather|RainDance|[upkeep]
|upkeep
|turn|6
|
|t:|1784586110
|move|p2b: Whimsicott|Moonblast|p1a: Kevin Hart
|-damage|p1a: Kevin Hart|50/100g
|-unboost|p1a: Kevin Hart|spa|1
|move|p2a: Basculegion|Last Respects|p1a: Kevin Hart
|-damage|p1a: Kevin Hart|0 fnt
|faint|p1a: Kevin Hart
|move|p1b: Fuentealbilla|Hurricane|p2a: Basculegion
|-damage|p2a: Basculegion|0 fnt
|faint|p2a: Basculegion
|-damage|p1b: Fuentealbilla|80/100|[from] item: Life Orb
|
|-weather|RainDance|[upkeep]
|-sideend|p2: craser13|move: Tailwind
|upkeep
|
|t:|1784586122
|switch|p2a: Floette|Floette-Eternal, L50, F|100/100
|turn|7
|
|t:|1784586138
|detailschange|p2a: Floette|Floette-Mega, L50, F
|-mega|p2a: Floette|Floette|Floettite
|-ability|p2a: Floette|Fairy Aura
|move|p2b: Whimsicott|Moonblast|p1b: Fuentealbilla
|-damage|p1b: Fuentealbilla|16/100
|move|p2a: Floette|Moonblast|p1b: Fuentealbilla
|-damage|p1b: Fuentealbilla|0 fnt
|faint|p1b: Fuentealbilla
|
|win|craser13
||Romarijuan98 is ready for game 3.
||craser13 is ready for game 3.
|uhtml|next|Next: Game 3 of 3
|l| Drakengor
|l| Miss It Rain
