|j|☆SunshineTufo
|j|☆FieryFIame
|html|SunshineTufoFieryFIame    
|uhtml|bestof|Game 2 of a best-of-3
|t:|1784233337
|gametype|doubles
|player|p1|SunshineTufo|li|1201
|player|p2|FieryFIame|265|1110
|gen|9
|tier|[Gen 9 Champions] VGC 2026 Reg M-B (Bo3)
|rated|
|rule|Species Clause: Limit one of each Pokémon
|rule|Item Clause: Limit 1 of each item
|clearpoke
|poke|p1|Charizard, L50, M, shiny|
|poke|p1|Incineroar, L50, M, shiny|
|poke|p1|Sylveon, L50, M, shiny|
|poke|p1|Aerodactyl, L50, M, shiny|
|poke|p1|Garchomp, L50, M, shiny|
|poke|p1|Farigiraf, L50, M, shiny|
|poke|p2|Venusaur, L50, F|
|poke|p2|Charizard, L50, M|
|poke|p2|Garchomp, L50, F|
|poke|p2|Annihilape, L50, M|
|poke|p2|Incineroar, L50, F|
|poke|p2|Toxapex, L50, M|
|teampreview|4
|showteam|p1|Charizard||CharizarditeY|SolarPower|HeatWave,WeatherBall,SolarBeam,Protect|Modest||M|||50|]Incineroar||Charcoal|Intimidate|FlareBlitz,DarkestLariat,PartingShot,FakeOut|Brave||M|||50|]Sylveon||FairyFeather|Pixilate|HyperVoice,QuickAttack,HyperBeam,Detect|Modest||M|||50|]Aerodactyl||Aerodactylite|Unnerve|WideGuard,RockSlide,DualWingbeat,Tailwind|Jolly||M|||50|]Garchomp||LifeOrb|RoughSkin|Protect,RockSlide,DragonClaw,Earthquake|Adamant||M|||50|]Farigiraf||SitrusBerry|ArmorTail|SunnyDay,PsychicFangs,Thunderbolt,TrickRoom|Relaxed||M|||50|
|showteam|p2|Venusaur||LifeOrb|Chlorophyll|SolarBeam,SludgeBomb,EarthPower,Protect|Modest||F|||50|]Charizard||CharizarditeY|Blaze|HeatWave,WeatherBall,HelpingHand,Protect|Modest||M|||50|]Garchomp||ChoiceScarf|RoughSkin|DragonClaw,Earthquake,RockSlide,StompingTantrum|Adamant||F|||50|]Annihilape||FocusSash|Defiant|CloseCombat,PhantomForce,RockTomb,Protect|Jolly||M|||50|]Incineroar||SitrusBerry|Intimidate|FakeOut,PartingShot,ThroatChop,FlareBlitz|Impish||F|||50|]Toxapex||Leftovers|Regenerator|Toxic,Infestation,BanefulBunker,WideGuard|Bold||M|||50|
|inactive|Battle timer is ON: inactive players will automatically lose when time's up. (requested by SunshineTufo)
|
|t:|1784233366
|teamsize|p1|4
|teamsize|p2|4
|start
|switch|p1a: Incineroar|Incineroar, L50, M, shiny|100/100
|switch|p1b: Aerodactyl|Aerodactyl, L50, M, shiny|100/100
|switch|p2a: Incineroar|Incineroar, L50, F|100/100
|switch|p2b: Toxapex|Toxapex, L50, M|100/100
|-ability|p1b: Aerodactyl|Unnerve
|-ability|p2a: Incineroar|Intimidate|boost
|-unboost|p1a: Incineroar|atk|1
|-unboost|p1b: Aerodactyl|atk|1
|-ability|p1a: Incineroar|Intimidate|boost
|-unboost|p2a: Incineroar|atk|1
|-unboost|p2b: Toxapex|atk|1
|turn|1
|
|t:|1784233382
|switch|p1b: Farigiraf|Farigiraf, L50, M, shiny|100/100
|move|p2a: Incineroar|Fake Out||[still]
|cant|p1b: Farigiraf|ability: Armor Tail|Fake Out|[of] p2a: Incineroar
|move|p1a: Incineroar|Parting Shot|p2a: Incineroar
|-unboost|p2a: Incineroar|atk|1
|-unboost|p2a: Incineroar|spa|1
|
|t:|1784233390
|switch|p1a: Aerodactyl|Aerodactyl, L50, M, shiny|100/100|[from] Parting Shot
|-ability|p1a: Aerodactyl|Unnerve
|move|p2b: Toxapex|Toxic|p1b: Farigiraf
|-status|p1b: Farigiraf|tox
|
|-damage|p1b: Farigiraf|93/100 tox|[from] psn
|upkeep
|turn|2
|inactive|FieryFIame has 30 seconds left.
|
|t:|1784233417
|switch|p1a: Incineroar|Incineroar, L50, M, shiny|100/100
|-ability|p1a: Incineroar|Intimidate|boost
|-unboost|p2a: Incineroar|atk|1
|-unboost|p2b: Toxapex|atk|1
|switch|p1b: Garchomp|Garchomp, L50, M, shiny|100/100
|move|p2a: Incineroar|Throat Chop|p1b: Garchomp
|-damage|p1b: Garchomp|87/100
|-start|p1b: Garchomp|Throat Chop|[silent]
|-damage|p2a: Incineroar|87/100|[from] ability: Rough Skin|[of] p1b: Garchomp
|move|p2b: Toxapex|Toxic|p1a: Incineroar
|-status|p1a: Incineroar|tox
|
|-damage|p1a: Incineroar|93/100 tox|[from] psn
|upkeep
|turn|3
|
|t:|1784233442
|switch|p2a: Garchomp|Garchomp, L50, F|100/100
|move|p2b: Toxapex|Baneful Bunker|p2b: Toxapex
|-singleturn|p2b: Toxapex|move: Protect
|move|p1a: Incineroar|Fake Out|p2b: Toxapex
|-activate|p2b: Toxapex|move: Protect
|move|p1b: Garchomp|Earthquake|p2a: Garchomp|[spread] p1a,p2a
|-activate|p2b: Toxapex|move: Protect
|-supereffective|p1a: Incineroar|1
|-damage|p1a: Incineroar|0 fnt
|-damage|p2a: Garchomp|48/100
|faint|p1a: Incineroar
|-damage|p1b: Garchomp|77/100|[from] item: Life Orb
|
|-end|p1b: Garchomp|Throat Chop|[silent]
|upkeep
|
|t:|1784233448
|switch|p1a: Aerodactyl|Aerodactyl, L50, M, shiny|100/100
|-ability|p1a: Aerodactyl|Unnerve
|turn|4
|
|t:|1784233463
|switch|p2a: Incineroar|Incineroar, L50, F|87/100
|-ability|p2a: Incineroar|Intimidate|boost
|-unboost|p1a: Aerodactyl|atk|1
|-unboost|p1b: Garchomp|atk|1
|detailschange|p1a: Aerodactyl|Aerodactyl-Mega, L50, M, shiny
|-mega|p1a: Aerodactyl|Aerodactyl|Aerodactylite
|move|p1b: Garchomp|Protect|p1b: Garchomp
|-singleturn|p1b: Garchomp|Protect
|move|p1a: Aerodactyl|Tailwind|p1a: Aerodactyl
|-sidestart|p1: SunshineTufo|move: Tailwind
|move|p2b: Toxapex|Toxic|p1b: Garchomp
|-activate|p1b: Garchomp|move: Protect
|
|upkeep
|turn|5
|inactive|FieryFIame has 30 seconds left.
|
|t:|1784233493
|move|p2a: Incineroar|Fake Out|p1a: Aerodactyl
|-resisted|p1a: Aerodactyl|1
|-damage|p1a: Aerodactyl|94/100
|cant|p1a: Aerodactyl|flinch
|move|p1b: Garchomp|Earthquake|p2a: Incineroar|[spread] p2a,p2b
|-immune|p1a: Aerodactyl
|-supereffective|p2a: Incineroar|1
|-supereffective|p2b: Toxapex|1
|-damage|p2a: Incineroar|33/100
|-damage|p2b: Toxapex|53/100
|-enditem|p2a: Incineroar|Sitrus Berry|[eat]
|-heal|p2a: Incineroar|58/100|[from] item: Sitrus Berry
|-damage|p1b: Garchomp|68/100|[from] item: Life Orb
|move|p2b: Toxapex|Toxic|p1b: Garchomp
|-status|p1b: Garchomp|tox
|
|-heal|p2b: Toxapex|59/100|[from] item: Leftovers
|-damage|p1b: Garchomp|62/100 tox|[from] psn
|upkeep
|turn|6
|
|t:|1784233522
|switch|p1b: Farigiraf|Farigiraf, L50, M, shiny|93/100 tox
|switch|p2a: Charizard|Charizard, L50, M|100/100
|move|p2b: Toxapex|Wide Guard|p2b: Toxapex
|-singleturn|p2b: Toxapex|Wide Guard
|move|p1a: Aerodactyl|Dual Wingbeat|p2a: Charizard
|-damage|p2a: Charizard|84/100
|-damage|p2a: Charizard|67/100
|-hitcount|p2a: Charizard|2
|
|-heal|p2b: Toxapex|64/100|[from] item: Leftovers
|-damage|p1b: Farigiraf|87/100 tox|[from] psn
|upkeep
|turn|7
|inactive|FieryFIame has 30 seconds left.
|
|t:|1784233554
|switch|p2a: Incineroar|Incineroar, L50, F|58/100
|-ability|p2a: Incineroar|Intimidate|boost
|-unboost|p1a: Aerodactyl|atk|1
|-unboost|p1b: Farigiraf|atk|1
|-heal|p2b: Toxapex|98/100|[from] ability: Regenerator|[silent]
|switch|p2b: Garchomp|Garchomp, L50, F|48/100
|move|p1a: Aerodactyl|Rock Slide|p2a: Incineroar|[spread] p2a,p2b
|-supereffective|p2a: Incineroar|1
|-resisted|p2b: Garchomp|1
|-damage|p2a: Incineroar|39/100
|-damage|p2b: Garchomp|43/100
|move|p1b: Farigiraf|Thunderbolt|p2a: Incineroar
|-damage|p2a: Incineroar|20/100y
|
|-damage|p1b: Farigiraf|75/100 tox|[from] psn
|-sideend|p1: SunshineTufo|move: Tailwind
|upkeep
|turn|8
|inactive|FieryFIame has 30 seconds left.
|
|t:|1784233580
|move|p2b: Garchomp|Dragon Claw|p1a: Aerodactyl
|-damage|p1a: Aerodactyl|48/100
|move|p1a: Aerodactyl|Tailwind|p1a: Aerodactyl
|-sidestart|p1: SunshineTufo|move: Tailwind
|move|p1b: Farigiraf|Thunderbolt|p2a: Incineroar
|-crit|p2a: Incineroar
|-damage|p2a: Incineroar|0 fnt
|faint|p2a: Incineroar
|
|-damage|p1b: Farigiraf|56/100 tox|[from] psn
|upkeep
|
|t:|1784233589
|switch|p2a: Toxapex|Toxapex, L50, M|98/100
|turn|9
|
|t:|1784233600
|move|p1a: Aerodactyl|Dual Wingbeat|p2b: Garchomp|[miss]
|-miss|p1a: Aerodactyl|p2b: Garchomp
|move|p2b: Garchomp|Dragon Claw|p1a: Aerodactyl
|-damage|p1a: Aerodactyl|2/100
|move|p1b: Farigiraf|Psychic Fangs|p2b: Garchomp
|-damage|p2b: Garchomp|25/100
|-damage|p1b: Farigiraf|43/100 tox|[from] ability: Rough Skin|[of] p2b: Garchomp
|-enditem|p1b: Farigiraf|Sitrus Berry|[eat]
|-heal|p1b: Farigiraf|68/100 tox|[from] item: Sitrus Berry
|move|p2a: Toxapex|Infestation|p1a: Aerodactyl
|-resisted|p1a: Aerodactyl|1
|-damage|p1a: Aerodactyl|1/100
|-activate|p1a: Aerodactyl|move: Infestation|[of] p2a: Toxapex
|
|-heal|p2a: Toxapex|100/100|[from] item: Leftovers
|-damage|p1b: Farigiraf|43/100 tox|[from] psn
|-damage|p1a: Aerodactyl|0 fnt|[from] move: Infestation|[partiallytrapped]
|faint|p1a: Aerodactyl
|upkeep
|
|t:|1784233603
|switch|p1a: Garchomp|Garchomp, L50, M, shiny|62/100 tox
|turn|10
|-message|SunshineTufo forfeited.
|
|win|FieryFIame
|raw|SunshineTufo's rating: 1201 → 1170(-31 for losing)
|raw|FieryFIame's rating: 1110 → 1141(+31 for winning)
