|j|‽daniiivgc
|j|☆Olciax34
|html|daniiivgcOlciax34    
|uhtml|bestof|Game 1 of a best-of-3
|t:|1784237588
|gametype|doubles
|player|p1|daniiivgc|giovanni|1294
|player|p2|Olciax34|101|1191
|gen|9
|tier|[Gen 9 Champions] VGC 2026 Reg M-B (Bo3)
|rated|
|rule|Species Clause: Limit one of each Pokémon
|rule|Item Clause: Limit 1 of each item
|clearpoke
|poke|p1|Charizard, L50, M|
|poke|p1|Venusaur, L50, M|
|poke|p1|Garchomp, L50, M|
|poke|p1|Incineroar, L50, M|
|poke|p1|Toxapex, L50, M|
|poke|p1|Annihilape, L50, F|
|poke|p2|Garchomp, L50, M|
|poke|p2|Whimsicott, L50, M|
|poke|p2|Aegislash, L50, M|
|poke|p2|Incineroar, L50, F|
|poke|p2|Charizard, L50, M|
|poke|p2|Floette-Eternal, L50, F|
|teampreview|4
|showteam|p1|Charizard||CharizarditeY|Blaze|HeatWave,WeatherBall,HelpingHand,Protect|Modest||M|||50|]Venusaur||LifeOrb|Chlorophyll|SolarBeam,SludgeBomb,EarthPower,Protect|Modest||M|||50|]Garchomp||ChoiceScarf|RoughSkin|DragonClaw,Earthquake,RockSlide,StompingTantrum|Adamant||M|||50|]Incineroar||SitrusBerry|Intimidate|FlareBlitz,ThroatChop,PartingShot,FakeOut|Impish||M|||50|]Toxapex||Leftovers|Regenerator|Toxic,Infestation,WideGuard,BanefulBunker|Bold||M|||50|]Annihilape||FocusSash|Defiant|PhantomForce,CloseCombat,RockTomb,Protect|Jolly||F|||50|
|showteam|p2|Garchomp||LifeOrb|RoughSkin|RockSlide,Earthquake,DragonClaw,Protect|Jolly||M|||50|]Whimsicott||FocusSash|Prankster|Moonblast,Tailwind,Encore,Protect|Timid||M|||50|]Aegislash||SpellTag|StanceChange|Poltergeist,IronHead,WideGuard,KingsShield|Adamant||M|||50|]Incineroar||SitrusBerry|Intimidate|FakeOut,ThroatChop,FlareBlitz,PartingShot|Careful||F|||50|]Charizard||CharizarditeY|SolarPower|HeatWave,WeatherBall,SolarBeam,Protect|Modest||M|||50|]Floette-Eternal||Floettite|FlowerVeil|Moonblast,LightofRuin,DazzlingGleam,Protect|Modest||F|||50|
|inactive|Battle timer is ON: inactive players will automatically lose when time's up. (requested by Olciax34)
|
|t:|1784237616
|teamsize|p1|4
|teamsize|p2|4
|start
|switch|p1a: Charizard|Charizard, L50, M|100/100
|switch|p1b: Toxapex|Toxapex, L50, M|100/100
|switch|p2a: Whimsicott|Whimsicott, L50, M|100/100
|switch|p2b: Garchomp|Garchomp, L50, M|100/100
|turn|1
|inactive|daniiivgc has 30 seconds left.
|
|t:|1784237647
|switch|p2a: Incineroar|Incineroar, L50, F|100/100
|-ability|p2a: Incineroar|Intimidate|boost
|-unboost|p1a: Charizard|atk|1
|-unboost|p1b: Toxapex|atk|1
|move|p1a: Charizard|Protect|p1a: Charizard
|-singleturn|p1a: Charizard|Protect
|move|p2b: Garchomp|Dragon Claw|p1a: Charizard
|-activate|p1a: Charizard|move: Protect
|move|p1b: Toxapex|Infestation|p2b: Garchomp
|-damage|p2b: Garchomp|96/100
|-activate|p2b: Garchomp|move: Infestation|[of] p1b: Toxapex
|-damage|p1b: Toxapex|87/100|[from] ability: Rough Skin|[of] p2b: Garchomp
|
|-heal|p1b: Toxapex|93/100|[from] item: Leftovers
|-damage|p2b: Garchomp|83/100|[from] move: Infestation|[partiallytrapped]
|upkeep
|turn|2
|
|t:|1784237665
|switch|p1a: Garchomp|Garchomp, L50, M|100/100
|move|p1b: Toxapex|Baneful Bunker|p1b: Toxapex
|-singleturn|p1b: Toxapex|move: Protect
|move|p2a: Incineroar|Fake Out|p1b: Toxapex
|-activate|p1b: Toxapex|move: Protect
|-status|p2a: Incineroar|psn
|move|p2b: Garchomp|Dragon Claw|p1a: Garchomp
|-supereffective|p1a: Garchomp|1
|-damage|p1a: Garchomp|0 fnt
|-damage|p2b: Garchomp|71/100|[from] ability: Rough Skin|[of] p1a: Garchomp
|faint|p1a: Garchomp
|-damage|p2b: Garchomp|61/100|[from] item: Life Orb
|
|-heal|p1b: Toxapex|99/100|[from] item: Leftovers
|-damage|p2a: Incineroar|87/100 psn|[from] psn
|-damage|p2b: Garchomp|49/100|[from] move: Infestation|[partiallytrapped]
|upkeep
|
|t:|1784237680
|switch|p1a: Charizard|Charizard, L50, M|100/100
|turn|3
|
|t:|1784237702
|detailschange|p1a: Charizard|Charizard-Mega-Y, L50, M
|-mega|p1a: Charizard|Charizard|Charizardite Y
|-weather|SunnyDay|[from] ability: Drought|[of] p1a: Charizard
|move|p1b: Toxapex|Wide Guard|p1b: Toxapex
|-singleturn|p1b: Toxapex|Wide Guard
|move|p2b: Garchomp|Dragon Claw|p1b: Toxapex
|-damage|p1b: Toxapex|63/100
|-damage|p2b: Garchomp|39/100|[from] item: Life Orb
|move|p1a: Charizard|Heat Wave|p2b: Garchomp|[spread] p2a,p2b
|-resisted|p2a: Incineroar|1
|-resisted|p2b: Garchomp|1
|-damage|p2a: Incineroar|65/100 psn
|-damage|p2b: Garchomp|7/100
|move|p2a: Incineroar|Throat Chop|p1b: Toxapex
|-damage|p1b: Toxapex|38/100
|-start|p1b: Toxapex|Throat Chop|[silent]
|
|-weather|SunnyDay|[upkeep]
|-heal|p1b: Toxapex|44/100|[from] item: Leftovers
|-damage|p2a: Incineroar|52/100 psn|[from] psn
|-damage|p2b: Garchomp|0 fnt|[from] move: Infestation|[partiallytrapped]
|faint|p2b: Garchomp
|upkeep
|
|t:|1784237721
|switch|p2b: Charizard|Charizard, L50, M|100/100
|turn|4
|
|t:|1784237736
|move|p2b: Charizard|Protect|p2b: Charizard
|-singleturn|p2b: Charizard|Protect
|move|p1a: Charizard|Heat Wave|p2a: Incineroar|[spread] p2a
|-activate|p2b: Charizard|move: Protect
|-resisted|p2a: Incineroar|1
|-damage|p2a: Incineroar|31/100 psn
|-enditem|p2a: Incineroar|Sitrus Berry|[eat]
|-heal|p2a: Incineroar|55/100 psn|[from] item: Sitrus Berry
|move|p2a: Incineroar|Parting Shot|p1a: Charizard
|-unboost|p1a: Charizard|atk|1
|-unboost|p1a: Charizard|spa|1
|
|t:|1784237746
|switch|p2a: Whimsicott|Whimsicott, L50, M|100/100|[from] Parting Shot
|move|p1b: Toxapex|Infestation|p2b: Charizard
|-activate|p2b: Charizard|move: Protect
|
|-weather|SunnyDay|[upkeep]
|-damage|p2b: Charizard|87/100|[from] ability: Solar Power|[of] p2b: Charizard
|-heal|p1b: Toxapex|50/100g|[from] item: Leftovers
|-end|p1b: Toxapex|Throat Chop|[silent]
|upkeep
|turn|5
|
|t:|1784237768
|detailschange|p2b: Charizard|Charizard-Mega-Y, L50, M
|-mega|p2b: Charizard|Charizard|Charizardite Y
|move|p2a: Whimsicott|Moonblast|p1b: Toxapex
|-resisted|p1b: Toxapex|1
|-damage|p1b: Toxapex|36/100
|move|p2b: Charizard|Solar Beam||[still]
|-prepare|p2b: Charizard|Solar Beam
|-anim|p2b: Charizard|Solar Beam|p1b: Toxapex
|-damage|p1b: Toxapex|0 fnt
|faint|p1b: Toxapex
|move|p1a: Charizard|Heat Wave|p2a: Whimsicott|[spread] p2b
|-miss|p1a: Charizard|p2a: Whimsicott
|-resisted|p2b: Charizard|1
|-damage|p2b: Charizard|70/100
|
|-weather|SunnyDay|[upkeep]
|upkeep
|
|t:|1784237779
|switch|p1b: Venusaur|Venusaur, L50, M|100/100
|turn|6
|
|t:|1784237787
|move|p2a: Whimsicott|Tailwind|p2a: Whimsicott
|-sidestart|p2: Olciax34|move: Tailwind
|move|p2b: Charizard|Weather Ball|p1b: Venusaur
|-supereffective|p1b: Venusaur|1
|-damage|p1b: Venusaur|0 fnt
|faint|p1b: Venusaur
|move|p1a: Charizard|Heat Wave|p2a: Whimsicott|[spread] p2a,p2b
|-supereffective|p2a: Whimsicott|1
|-resisted|p2b: Charizard|1
|-enditem|p2a: Whimsicott|Focus Sash
|-damage|p2a: Whimsicott|1/100
|-damage|p2b: Charizard|52/100
|-status|p2a: Whimsicott|brn
|
|-weather|SunnyDay|[upkeep]
|-damage|p2a: Whimsicott|0 fnt|[from] brn
|faint|p2a: Whimsicott
|upkeep
|-message|daniiivgc forfeited.
|
|win|Olciax34
||Olciax34 is ready for game 2.
||daniiivgc is ready for game 2.
|uhtml|next|Next: Game 2 of 3
