|j|☆LebronJamesFan23
|j|☆randomguy1114s
|html|LebronJamesFan23randomguy1114s    
|uhtml|bestof|Game 1 of a best-of-3
|t:|1756880955
|gametype|doubles
|player|p1|LebronJamesFan23|janitor|1044
|player|p2|randomguy1114s|lillie-masters|1126
|gen|9
|tier|[Gen 9] VGC 2025 Reg H (Bo3)
|rated|
|rule|Species Clause: Limit one of each Pokémon
|rule|Item Clause: Limit 1 of each item
|clearpoke
|poke|p1|Ursaluna-Bloodmoon, L50, M|
|poke|p1|Amoonguss, L50, F|
|poke|p1|Incineroar, L50, F|
|poke|p1|Porygon2, L50|
|poke|p1|Ninetales-Alola, L50, M|
|poke|p1|Baxcalibur, L50, M|
|poke|p2|Talonflame, L50, M|
|poke|p2|Garchomp, L50, M|
|poke|p2|Tyranitar, L50, M|
|poke|p2|Ursaluna-Bloodmoon, L50, M|
|poke|p2|Amoonguss, L50, F|
|poke|p2|Chandelure, L50, F|
|teampreview|4
|showteam|p1|Ursaluna-Bloodmoon||LifeOrb|MindsEye|Protect,EarthPower,HyperVoice,BloodMoon|||M|||50|,,,,,Normal]Amoonguss||SitrusBerry|Regenerator|Protect,RagePowder,Spore,PollenPuff|||F|||50|,,,,,Water]Incineroar||SafetyGoggles|Intimidate|KnockOff,PartingShot,FlareBlitz,FakeOut|||F|||50|,,,,,Ghost]Porygon2||Eviolite|Download|TrickRoom,Recover,IceBeam,TriAttack||||||50|,,,,,Fighting]Ninetales-Alola||LightClay|SnowWarning|Protect,IcyWind,AuroraVeil,Blizzard|||M|||50|,,,,,Ghost]Baxcalibur||LoadedDice|ThermalExchange|Protect,IcicleSpear,ScaleShot,IceShard|||M|||50|,,,,,Poison
|showteam|p2|Talonflame||SafetyGoggles|GaleWings|Tailwind,FlareBlitz,BraveBird,WillOWisp|||M|||50|,,,,,Ghost]Garchomp||ClearAmulet|SandVeil|Earthquake,DragonClaw,StompingTantrum,Protect|||M|||50|,,,,,Steel]Tyranitar||AssaultVest|SandStream|RockSlide,KnockOff,TeraBlast,LowKick|||M|||50|,,,,,Flying]Ursaluna-Bloodmoon||LifeOrb|MindsEye|BloodMoon,HyperVoice,EarthPower,Protect|||M|||50|,,,,,Normal]Amoonguss||MentalHerb|Regenerator|RagePowder,PollenPuff,Spore,Protect|||F|||50|,,,,,Water]Chandelure||SitrusBerry|FlashFire|HeatWave,ShadowBall,TrickRoom,Protect|||F|||50|,,,,,Grass
|inactive|Battle timer is ON: inactive players will automatically lose when time's up. (requested by LebronJamesFan23)
|inactive|LebronJamesFan23 has 60 seconds left.
|
|t:|1756880991
|teamsize|p1|4
|teamsize|p2|4
|start
|switch|p1a: Incineroar|Incineroar, L50, F|100/100
|switch|p1b: Porygon2|Porygon2, L50|100/100
|switch|p2a: BIRDD|Talonflame, L50, M, shiny|100/100
|switch|p2b: DINOOOO|Tyranitar, L50, M, shiny|100/100
|-ability|p1a: Incineroar|Intimidate|boost
|-unboost|p2a: BIRDD|atk|1
|-unboost|p2b: DINOOOO|atk|1
|-weather|Sandstorm|[from] ability: Sand Stream|[of] p2b: DINOOOO
|-ability|p1b: Porygon2|Download|boost
|-boost|p1b: Porygon2|spa|1
|turn|1
|
|t:|1756881007
|switch|p2a: SHROOMSSSS|Amoonguss, L50, F, shiny|100/100
|switch|p2b: BEARRRRRR|Ursaluna-Bloodmoon, L50, M|100/100
|move|p1a: Incineroar|Fake Out|p2b: BEARRRRRR
|-damage|p2b: BEARRRRRR|92/100
|move|p1b: Porygon2|Trick Room|p1b: Porygon2
|-fieldstart|move: Trick Room|[of] p1b: Porygon2
|
|-weather|Sandstorm|[upkeep]
|-damage|p2a: SHROOMSSSS|95/100|[from] Sandstorm
|-damage|p1b: Porygon2|95/100|[from] Sandstorm
|upkeep
|turn|2
|inactive|LebronJamesFan23 has 30 seconds left.
|
|t:|1756881037
|-terastallize|p1a: Incineroar|Ghost
|move|p2a: SHROOMSSSS|Spore|p1b: Porygon2
|-status|p1b: Porygon2|slp|[from] move: Spore
|cant|p1b: Porygon2|slp
|move|p2b: BEARRRRRR|Earth Power|p1a: Incineroar
|-damage|p1a: Incineroar|37/100
|-unboost|p1a: Incineroar|spd|1
|-damage|p2b: BEARRRRRR|83/100|[from] item: Life Orb
|move|p1a: Incineroar|Flare Blitz|p2a: SHROOMSSSS
|-supereffective|p2a: SHROOMSSSS
|-damage|p2a: SHROOMSSSS|20/100
|-damage|p1a: Incineroar|10/100|[from] Recoil
|
|-weather|Sandstorm|[upkeep]
|-damage|p2a: SHROOMSSSS|14/100|[from] Sandstorm
|-damage|p1b: Porygon2|89/100 slp|[from] Sandstorm
|upkeep
|turn|3
|
|t:|1756881058
|-terastallize|p2b: BEARRRRRR|Normal
|move|p2a: SHROOMSSSS|Pollen Puff|p1a: Incineroar
|-resisted|p1a: Incineroar
|-damage|p1a: Incineroar|0 fnt
|faint|p1a: Incineroar
|cant|p1b: Porygon2|slp
|move|p2b: BEARRRRRR|Blood Moon|p1b: Porygon2
|-damage|p1b: Porygon2|0 fnt
|faint|p1b: Porygon2
|-damage|p2b: BEARRRRRR|73/100|[from] item: Life Orb
|
|-weather|Sandstorm|[upkeep]
|-damage|p2a: SHROOMSSSS|8/100|[from] Sandstorm
|-damage|p2b: BEARRRRRR|67/100|[from] Sandstorm
|upkeep
|
|t:|1756881062
|switch|p1b: Amoonguss|Amoonguss, L50, F|100/100
|switch|p1a: Ursaluna|Ursaluna-Bloodmoon, L50, M|100/100
|turn|4
|
|t:|1756881084
|move|p2b: BEARRRRRR|Protect|p2b: BEARRRRRR
|-singleturn|p2b: BEARRRRRR|Protect
|move|p2a: SHROOMSSSS|Spore|p1a: Ursaluna
|-status|p1a: Ursaluna|slp|[from] move: Spore
|move|p1b: Amoonguss|Pollen Puff|p2a: SHROOMSSSS
|-damage|p2a: SHROOMSSSS|0 fnt
|faint|p2a: SHROOMSSSS
|cant|p1a: Ursaluna|slp
|
|-weather|Sandstorm|[upkeep]
|-damage|p1b: Amoonguss|95/100|[from] Sandstorm
|-damage|p2b: BEARRRRRR|61/100|[from] Sandstorm
|upkeep
|
|t:|1756881094
|switch|p2a: DINOOOO|Tyranitar, L50, M, shiny|100/100
|turn|5
|
|t:|1756881113
|move|p1b: Amoonguss|Spore|p2b: BEARRRRRR
|-status|p2b: BEARRRRRR|slp|[from] move: Spore
|cant|p1a: Ursaluna|slp
|cant|p2b: BEARRRRRR|slp
|move|p2a: DINOOOO|Low Kick|p1a: Ursaluna
|-supereffective|p1a: Ursaluna
|-damage|p1a: Ursaluna|33/100 slp
|
|-weather|none
|-fieldend|move: Trick Room
|upkeep
|turn|6
|
|t:|1756881134
|switch|p2a: BIRDD|Talonflame, L50, M, shiny|100/100
|cant|p1a: Ursaluna|slp
|cant|p2b: BEARRRRRR|slp
|move|p1b: Amoonguss|Spore|p2a: BIRDD
|-activate|p2a: BIRDD|item: Safety Goggles|Spore
|
|upkeep
|turn|7
|
|t:|1756881149
|move|p2a: BIRDD|Brave Bird|p1a: Ursaluna
|-damage|p1a: Ursaluna|3/100 slp
|-damage|p2a: BIRDD|86/100|[from] Recoil
|-curestatus|p2b: BEARRRRRR|slp|[msg]
|move|p2b: BEARRRRRR|Hyper Voice|p1a: Ursaluna|[spread] p1a,p1b
|-damage|p1a: Ursaluna|0 fnt
|-damage|p1b: Amoonguss|25/100
|-enditem|p1b: Amoonguss|Sitrus Berry|[eat]
|-heal|p1b: Amoonguss|50/100|[from] item: Sitrus Berry
|faint|p1a: Ursaluna
|-damage|p2b: BEARRRRRR|52/100|[from] item: Life Orb
|move|p1b: Amoonguss|Pollen Puff|p1: Ursaluna|[notarget]
|-fail|p1b: Amoonguss
|
|upkeep
|turn|8
|
|t:|1756881163
|move|p2a: BIRDD|Will-O-Wisp|p2b: BEARRRRRR
|-status|p2b: BEARRRRRR|brn
|move|p2b: BEARRRRRR|Blood Moon|p1b: Amoonguss
|-damage|p1b: Amoonguss|0 fnt
|faint|p1b: Amoonguss
|-damage|p2b: BEARRRRRR|42/100 brn|[from] item: Life Orb
|
|win|randomguy1114s
||LebronJamesFan23 is ready for game 2.
