|j|☆the country mouse
|j|☆Jiaco5
|html|the country mouseJiaco5    
|uhtml|bestof|Game 1 of a best-of-3
|t:|1784232231
|gametype|doubles
|player|p1|the country mouse|tate|1282
|player|p2|Jiaco5|1|1328
|gen|9
|tier|[Gen 9 Champions] VGC 2026 Reg M-B (Bo3)
|rated|
|rule|Species Clause: Limit one of each Pokémon
|rule|Item Clause: Limit 1 of each item
|clearpoke
|poke|p1|Gengar, L50, M, shiny|
|poke|p1|Swampert, L50, F, shiny|
|poke|p1|Incineroar, L50, F|
|poke|p1|Politoed, L50, M|
|poke|p1|Archaludon, L50, F|
|poke|p1|Vivillon, L50, M|
|poke|p2|Blastoise, L50, F|
|poke|p2|Sinistcha, L50|
|poke|p2|Delphox, L50, F|
|poke|p2|Sneasler, L50, F|
|poke|p2|Incineroar, L50, M|
|poke|p2|Kingambit, L50, M|
|teampreview|4
|showteam|p1|Gengar||Gengarite|CursedBody|SludgeBomb,ShadowBall,PerishSong,Protect|Timid||M|||50|]Swampert||Swampertite|Damp|WaveCrash,Earthquake,IcePunch,Protect|Adamant||F|||50|]Incineroar||PasshoBerry|Intimidate|ThroatChop,PartingShot,FakeOut,Protect|Sassy||F|||50|]Politoed||SitrusBerry|Drizzle|WeatherBall,PerishSong,Encore,Protect|Calm||M|||50|]Archaludon||Leftovers|Stamina|DragonPulse,FlashCannon,ElectroShot,Protect|Bold||F|||50|]Vivillon||FocusSash|CompoundEyes|Hurricane,SleepPowder,RagePowder,Protect|Timid||M|||50|
|showteam|p2|Blastoise||Blastoisinite|RainDish|WaterSpout,DarkPulse,ShellSmash,Protect|Modest||F|||50|]Sinistcha||OccaBerry|Hospitality|MatchaGotcha,TrickRoom,RagePowder,Protect|Relaxed|||||50|]Delphox||Delphoxite|Blaze|HeatWave,Psychic,NastyPlot,Protect|Timid||F|||50|]Sneasler||FocusSash|PoisonTouch|CloseCombat,PoisonJab,FakeOut,QuickGuard|Jolly||F|||50|]Incineroar||SitrusBerry|Intimidate|FlareBlitz,FakeOut,ThroatChop,PartingShot|Impish||M|||50|]Kingambit||BlackGlasses|Defiant|KowtowCleave,SuckerPunch,SwordsDance,Protect|Adamant||M|||50|
|inactive|Battle timer is ON: inactive players will automatically lose when time's up. (requested by the country mouse)
|
|t:|1784232271
|teamsize|p1|4
|teamsize|p2|4
|start
|switch|p1a: VASAQUEDARTE|Gengar, L50, M, shiny|100/100
|switch|p1b: MARIPOSAS|Vivillon, L50, M|100/100
|switch|p2a: Blastoise|Blastoise, L50, F|100/100
|switch|p2b: Sneasler|Sneasler, L50, F|100/100
|turn|1
|inactive|the country mouse has 30 seconds left.
|
|t:|1784232303
|detailschange|p1a: VASAQUEDARTE|Gengar-Mega, L50, M, shiny
|-mega|p1a: VASAQUEDARTE|Gengar|Gengarite
|detailschange|p2a: Blastoise|Blastoise-Mega, L50, F
|-mega|p2a: Blastoise|Blastoise|Blastoisinite
|move|p1b: MARIPOSAS|Protect|p1b: MARIPOSAS
|-singleturn|p1b: MARIPOSAS|Protect
|move|p2b: Sneasler|Fake Out|p1b: MARIPOSAS
|-activate|p1b: MARIPOSAS|move: Protect
|move|p1a: VASAQUEDARTE|Sludge Bomb|p2a: Blastoise
|-damage|p2a: Blastoise|54/100
|move|p2a: Blastoise|Shell Smash|p2a: Blastoise
|-unboost|p2a: Blastoise|def|1
|-unboost|p2a: Blastoise|spd|1
|-boost|p2a: Blastoise|atk|2
|-boost|p2a: Blastoise|spa|2
|-boost|p2a: Blastoise|spe|2
|
|upkeep
|turn|2
|
|t:|1784232322
|move|p1b: MARIPOSAS|Rage Powder|p1b: MARIPOSAS
|-singleturn|p1b: MARIPOSAS|move: Rage Powder
|move|p2a: Blastoise|Water Spout|p1b: MARIPOSAS|[spread] p1a,p1b
|-damage|p1a: VASAQUEDARTE|25/100
|-enditem|p1b: MARIPOSAS|Focus Sash
|-damage|p1b: MARIPOSAS|1/100
|move|p2b: Sneasler|Poison Jab|p1b: MARIPOSAS
|-damage|p1b: MARIPOSAS|0 fnt
|faint|p1b: MARIPOSAS
|move|p1a: VASAQUEDARTE|Sludge Bomb|p2a: Blastoise
|-damage|p2a: Blastoise|0 fnt
|faint|p2a: Blastoise
|
|upkeep
|
|t:|1784232339
|switch|p1b: TRANKIS|Politoed, L50, M|100/100
|switch|p2a: Kingambit|Kingambit, L50, M|100/100
|-weather|RainDance|[from] ability: Drizzle|[of] p1b: TRANKIS
|turn|3
|
|t:|1784232356
|move|p2b: Sneasler|Close Combat|p1b: TRANKIS
|-damage|p1b: TRANKIS|46/100
|-unboost|p2b: Sneasler|def|1
|-unboost|p2b: Sneasler|spd|1
|-enditem|p1b: TRANKIS|Sitrus Berry|[eat]
|-heal|p1b: TRANKIS|71/100|[from] item: Sitrus Berry
|move|p1a: VASAQUEDARTE|Shadow Ball|p2b: Sneasler
|-damage|p2b: Sneasler|12/100
|move|p1b: TRANKIS|Weather Ball|p2b: Sneasler
|-damage|p2b: Sneasler|0 fnt
|faint|p2b: Sneasler
|move|p2a: Kingambit|Swords Dance|p2a: Kingambit
|-boost|p2a: Kingambit|atk|2
|
|-weather|RainDance|[upkeep]
|upkeep
|
|t:|1784232363
|switch|p2b: Sinistcha|Sinistcha, L50|100/100
|turn|4
|
|t:|1784232384
|switch|p1a: GRAN VIA|Archaludon, L50, F|100/100
|move|p1b: TRANKIS|Perish Song|p1b: TRANKIS
|-start|p1a: GRAN VIA|perish3|[silent]
|-start|p1b: TRANKIS|perish3|[silent]
|-start|p2a: Kingambit|perish3|[silent]
|-start|p2b: Sinistcha|perish3|[silent]
|-fieldactivate|move: Perish Song
|move|p2b: Sinistcha|Matcha Gotcha|p1a: GRAN VIA|[spread] p1a,p1b
|-resisted|p1a: GRAN VIA|2
|-supereffective|p1b: TRANKIS|1
|-damage|p1a: GRAN VIA|93/100
|-damage|p1b: TRANKIS|34/100
|-status|p1b: TRANKIS|brn
|-ability|p1a: GRAN VIA|Stamina|boost
|-boost|p1a: GRAN VIA|def|1
|move|p2a: Kingambit|Kowtow Cleave|p1a: GRAN VIA
|-damage|p1a: GRAN VIA|43/100
|-ability|p1a: GRAN VIA|Stamina|boost
|-boost|p1a: GRAN VIA|def|1
|
|-weather|RainDance|[upkeep]
|-heal|p1a: GRAN VIA|49/100|[from] item: Leftovers
|-damage|p1b: TRANKIS|28/100 brn|[from] brn
|-start|p1a: GRAN VIA|perish3
|-start|p1b: TRANKIS|perish3
|-start|p2b: Sinistcha|perish3
|-start|p2a: Kingambit|perish3
|upkeep
|turn|5
|
|t:|1784232399
|move|p1a: GRAN VIA|Protect|p1a: GRAN VIA
|-singleturn|p1a: GRAN VIA|Protect
|move|p1b: TRANKIS|Protect|p1b: TRANKIS
|-singleturn|p1b: TRANKIS|Protect
|move|p2a: Kingambit|Kowtow Cleave|p2b: Sinistcha
|-supereffective|p2b: Sinistcha|1
|-damage|p2b: Sinistcha|0 fnt
|faint|p2b: Sinistcha
|
|-weather|RainDance|[upkeep]
|-heal|p1a: GRAN VIA|55/100|[from] item: Leftovers
|-damage|p1b: TRANKIS|22/100 brn|[from] brn
|-start|p1a: GRAN VIA|perish2
|-start|p1b: TRANKIS|perish2
|-start|p2a: Kingambit|perish2
|upkeep
|turn|6
|
|t:|1784232407
|move|p1a: GRAN VIA|Protect||[still]
|-fail|p1a: GRAN VIA
|move|p1b: TRANKIS|Protect||[still]
|-fail|p1b: TRANKIS
|move|p2a: Kingambit|Kowtow Cleave|p1b: TRANKIS
|-damage|p1b: TRANKIS|0 fnt
|faint|p1b: TRANKIS
|
|-weather|RainDance|[upkeep]
|-heal|p1a: GRAN VIA|61/100|[from] item: Leftovers
|-start|p1a: GRAN VIA|perish1
|-start|p2a: Kingambit|perish1
|upkeep
|
|t:|1784232409
|switch|p1b: VASAQUEDARTE|Gengar-Mega, L50, M, shiny|25/100
|turn|7
|
|t:|1784232414
|move|p1b: VASAQUEDARTE|Protect|p1b: VASAQUEDARTE
|-singleturn|p1b: VASAQUEDARTE|Protect
|move|p1a: GRAN VIA|Protect|p1a: GRAN VIA
|-singleturn|p1a: GRAN VIA|Protect
|move|p2a: Kingambit|Kowtow Cleave|p1a: GRAN VIA
|-activate|p1a: GRAN VIA|move: Protect
|
|-weather|none
|-heal|p1a: GRAN VIA|68/100|[from] item: Leftovers
|-start|p1a: GRAN VIA|perish0
|-start|p2a: Kingambit|perish0
|faint|p1a: GRAN VIA
|faint|p2a: Kingambit
|
|win|the country mouse
||Jiaco5 is ready for game 2.
|inactive|the country mouse has 30 seconds to confirm battle start!
|inactive|the country mouse has 20 seconds to confirm battle start!
|inactive|the country mouse has 10 seconds to confirm battle start!
|uhtml|next|Next: Game 2 of 3
