|j|‽M1ido
|j|☆raksbach
|html|M1idoraksbach    
|uhtml|bestof|Game 2 of a best-of-3
|t:|1782311862
|gametype|doubles
|player|p1|M1ido|scientist-gen4|1137
|player|p2|raksbach|265|1145
|gen|9
|tier|[Gen 9 Champions] VGC 2026 Reg M-B (Bo3)
|rated|
|rule|Species Clause: Limit one of each Pokémon
|rule|Item Clause: Limit 1 of each item
|clearpoke
|poke|p1|Pelipper, L50, F, shiny|
|poke|p1|Sneasler, L50, F, shiny|
|poke|p1|Gholdengo, L50|
|poke|p1|Archaludon, L50, M, shiny|
|poke|p1|Dragonite, L50, F, shiny|
|poke|p1|Swampert, L50, M, shiny|
|poke|p2|Vileplume, L50, M|
|poke|p2|Kangaskhan, L50, F|
|poke|p2|Farigiraf, L50, F|
|poke|p2|Sneasler, L50, M|
|poke|p2|Staraptor, L50, M|
|poke|p2|Torkoal, L50, F|
|teampreview|4
|showteam|p1|Pelipper||SitrusBerry|Drizzle|WeatherBall,WideGuard,Hurricane,Tailwind|Modest||F|||50|]Sneasler||WhiteHerb|Unburden|CloseCombat,DireClaw,FakeOut,Protect|Adamant||F|||50|]Gholdengo||FocusSash|GoodasGold|MakeItRain,ShadowBall,NastyPlot,Protect|Modest|||||50|]Archaludon||Leftovers|Stamina|ElectroShot,DragonPulse,FlashCannon,Protect|Modest||M|||50|]Dragonite||Dragoninite|InnerFocus|DragonPulse,Hurricane,Tailwind,Protect|Modest||F|||50|]Swampert||Swampertite|Damp|WaveCrash,HighHorsepower,IcePunch,Protect|Adamant||M|||50|
|showteam|p2|Vileplume||FocusSash|Chlorophyll|LeafStorm,SleepPowder,SludgeBomb,AfterYou|Timid||M|||50|]Kangaskhan||Kangaskhanite|Scrappy|FakeOut,DoubleEdge,Crunch,HammerArm|Brave||F|||50|]Farigiraf||SitrusBerry|ArmorTail|TrickRoom,Protect,HelpingHand,TwinBeam|Relaxed||F|||50|]Sneasler||MentalHerb|Unburden|FakeOut,CloseCombat,DireClaw,ThroatChop|Adamant||M|||50|]Staraptor||ChoiceScarf|Intimidate|BraveBird,CloseCombat,Uturn,FinalGambit|Adamant||M|||50|]Torkoal||Charcoal|Drought|Eruption,WeatherBall,Protect,HelpingHand|Quiet||F|||50|
|inactive|Battle timer is ON: inactive players will automatically lose when time's up. (requested by raksbach)
|inactive|M1ido has 60 seconds left.
|inactive|raksbach has 60 seconds left.
|
|t:|1782311909
|teamsize|p1|4
|teamsize|p2|4
|start
|switch|p1a: Dragonite|Dragonite, L50, F, shiny|100/100
|switch|p1b: Sneasler|Sneasler, L50, F, shiny|100/100
|switch|p2a: Staraptor|Staraptor, L50, M|100/100
|switch|p2b: Farigiraf|Farigiraf, L50, F|100/100
|-ability|p2a: Staraptor|Intimidate|boost
|-fail|p1a: Dragonite|unboost|Attack|[from] ability: Inner Focus|[of] p1a: Dragonite
|-unboost|p1b: Sneasler|atk|1
|-enditem|p1b: Sneasler|White Herb
|-clearnegativeboost|p1b: Sneasler|[silent]
|turn|1
|inactive|raksbach has 30 seconds left.
|
|t:|1782311940
|switch|p1a: Gholdengo|Gholdengo, L50|100/100
|move|p1b: Sneasler|Close Combat|p2a: Staraptor
|-damage|p2a: Staraptor|17/100
|-unboost|p1b: Sneasler|def|1
|-unboost|p1b: Sneasler|spd|1
|move|p2a: Staraptor|U-turn|p1a: Gholdengo
|-resisted|p1a: Gholdengo|2
|-damage|p1a: Gholdengo|93/100
|
|t:|1782311951
|switch|p2a: Kangaskhan|Kangaskhan, L50, F|100/100|[from] U-turn
|move|p2b: Farigiraf|Twin Beam|p1b: Sneasler
|-supereffective|p1b: Sneasler|2
|-damage|p1b: Sneasler|0 fnt
|faint|p1b: Sneasler
|-hitcount|p1: Sneasler|1
|
|upkeep
|
|t:|1782311961
|switch|p1b: Dragonite|Dragonite, L50, F, shiny|100/100
|turn|2
|inactive|M1ido has 30 seconds left.
|
|t:|1782311993
|detailschange|p1b: Dragonite|Dragonite-Mega, L50, F, shiny
|-mega|p1b: Dragonite|Dragonite|Dragoninite
|detailschange|p2a: Kangaskhan|Kangaskhan-Mega, L50, F
|-mega|p2a: Kangaskhan|Kangaskhan|Kangaskhanite
|move|p2a: Kangaskhan|Fake Out|p1b: Dragonite
|-damage|p1b: Dragonite|89/100
|-damage|p1b: Dragonite|84/100
|-hitcount|p1b: Dragonite|2
|cant|p1b: Dragonite|flinch
|move|p1a: Gholdengo|Make It Rain|p2a: Kangaskhan|[spread] p2a,p2b
|-damage|p2a: Kangaskhan|56/100
|-damage|p2b: Farigiraf|53/100
|-unboost|p1a: Gholdengo|spa|2
|move|p2b: Farigiraf|Trick Room|p2b: Farigiraf
|-fieldstart|move: Trick Room|[of] p2b: Farigiraf
|
|upkeep
|turn|3
|
|t:|1782312017
|switch|p1a: Pelipper|Pelipper, L50, F, shiny|100/100
|-weather|RainDance|[from] ability: Drizzle|[of] p1a: Pelipper
|move|p2b: Farigiraf|Helping Hand|p2a: Kangaskhan
|-singleturn|p2a: Kangaskhan|Helping Hand|[of] p2b: Farigiraf
|move|p2a: Kangaskhan|Crunch|p1a: Pelipper
|-damage|p1a: Pelipper|47/100
|-enditem|p1a: Pelipper|Sitrus Berry|[eat]
|-heal|p1a: Pelipper|72/100|[from] item: Sitrus Berry
|-damage|p1a: Pelipper|59/100
|-hitcount|p1a: Pelipper|2
|move|p1b: Dragonite|Hurricane|p2a: Kangaskhan
|-damage|p2a: Kangaskhan|3/100
|
|-weather|RainDance|[upkeep]
|upkeep
|turn|4
|inactive|M1ido has 30 seconds left.
|
|t:|1782312043
|switch|p2b: Torkoal|Torkoal, L50, F|100/100
|-weather|SunnyDay|[from] ability: Drought|[of] p2b: Torkoal
|switch|p1a: Gholdengo|Gholdengo, L50|93/100
|move|p2a: Kangaskhan|Double-Edge|p1a: Gholdengo
|-immune|p1a: Gholdengo
|move|p1b: Dragonite|Dragon Pulse|p2a: Kangaskhan
|-damage|p2a: Kangaskhan|0 fnt
|faint|p2a: Kangaskhan
|
|-weather|SunnyDay|[upkeep]
|upkeep
|
|t:|1782312053
|switch|p2a: Farigiraf|Farigiraf, L50, F|53/100
|turn|5
|
|t:|1782312076
|switch|p2b: Staraptor|Staraptor, L50, M|17/100
|-ability|p2b: Staraptor|Intimidate|boost
|-unboost|p1a: Gholdengo|atk|1
|-unboost|p1b: Dragonite|atk|1
|move|p1a: Gholdengo|Protect|p1a: Gholdengo
|-singleturn|p1a: Gholdengo|Protect
|move|p1b: Dragonite|Protect|p1b: Dragonite
|-singleturn|p1b: Dragonite|Protect
|move|p2a: Farigiraf|Twin Beam|p1b: Dragonite
|-activate|p1b: Dragonite|move: Protect
|
|-weather|SunnyDay|[upkeep]
|upkeep
|turn|6
|inactive|M1ido has 30 seconds left.
|
|t:|1782312104
|move|p2a: Farigiraf|Protect|p2a: Farigiraf
|-singleturn|p2a: Farigiraf|Protect
|move|p1a: Gholdengo|Nasty Plot|p1a: Gholdengo
|-boost|p1a: Gholdengo|spa|2
|move|p1b: Dragonite|Dragon Pulse|p2b: Staraptor
|-damage|p2b: Staraptor|0 fnt
|faint|p2b: Staraptor
|
|-weather|SunnyDay|[upkeep]
|-fieldend|move: Trick Room
|upkeep
|
|t:|1782312110
|switch|p2b: Torkoal|Torkoal, L50, F|100/100
|turn|7
|-message|raksbach forfeited.
|
|win|M1ido
|raw|M1ido's rating: 1137 → 1163(+26 for winning)
|raw|raksbach's rating: 1145 → 1119(-26 for losing)
