|j|☆hieu213
|j|☆i love all turtles
|html|hieu213i love all turtles    
|uhtml|bestof|Game 1 of a best-of-3
|t:|1785752252
|gametype|doubles
|player|p1|hieu213|266|1049
|player|p2|i love all turtles|volkner|1098
|gen|9
|tier|[Gen 9 Champions] VGC 2026 Reg M-B (Bo3)
|rated|
|rule|Species Clause: Limit one of each Pokémon
|rule|Item Clause: Limit 1 of each item
|clearpoke
|poke|p1|Maushold, L50|
|poke|p1|Staraptor, L50, M|
|poke|p1|Zoroark-Hisui, L50, F|
|poke|p1|Farigiraf, L50, M|
|poke|p1|Wyrdeer, L50, M|
|poke|p1|Lopunny, L50, F|
|poke|p2|Froslass, L50, F|
|poke|p2|Basculegion, L50, M|
|poke|p2|Kingambit, L50, F|
|poke|p2|Sneasler, L50, M|
|poke|p2|Lycanroc-Dusk, L50, M|
|poke|p2|Scovillain, L50, F, shiny|
|teampreview|4
|showteam|p1|Maushold||WideLens|Technician|PopulationBomb,SuperFang,FollowMe,Protect|Jolly|||||50|]Staraptor||SharpBeak|Intimidate|Endeavor,BraveBird,CloseCombat,Protect|Jolly||M|||50|]Zoroark-Hisui||FocusSash|Illusion|HyperVoice,ShadowBall,IcyWind,Protect|Timid||F|||50|]Farigiraf||Leftovers|ArmorTail|ThunderWave,Thunder,PsychicNoise,Protect|Bold||M|||50|]Wyrdeer||SitrusBerry|SapSipper|EarthPower,Gravity,PsychicNoise,Protect|Bold||M|||50|]Lopunny||Lopunnite|Limber|FakeOut,CloseCombat,GigaImpact,Protect|Jolly||F|||50|
|showteam|p2|Froslass||Froslassite|CursedBody|Blizzard,ShadowBall,AuroraVeil,Protect|Timid||F|||50|]Basculegion||SitrusBerry|Adaptability|WaveCrash,LastRespects,AquaJet,Protect|Adamant||M|||50|]Kingambit||LifeOrb|Defiant|KowtowCleave,SuckerPunch,SwordsDance,Protect|Adamant||F|||50|]Sneasler||WhiteHerb|Unburden|CloseCombat,GunkShot,Protect,FakeOut|Adamant||M|||50|]Lycanroc-Dusk||FocusSash|ToughClaws|CloseCombat,Accelerock,RockSlide,Protect|Adamant||M|||50|]Scovillain||Scovillainite|Moody|GigaDrain,Overheat,RagePowder,Protect|Bold||F|||50|
|inactive|Battle timer is ON: inactive players will automatically lose when time's up. (requested by i love all turtles)
|inactive|hieu213 has 60 seconds left.
|inactive|i love all turtles has 60 seconds left.
|
|t:|1785752286
|teamsize|p1|4
|teamsize|p2|4
|start
|switch|p1a: Lopunny|Lopunny, L50, F|100/100
|switch|p1b: Farigiraf|Farigiraf, L50, M|100/100
|switch|p2a: Basculegion|Basculegion, L50, M|100/100
|switch|p2b: Froslass|Froslass, L50, F|100/100
|turn|1
|
|t:|1785752301
|detailschange|p2b: Froslass|Froslass-Mega, L50, F
|-mega|p2b: Froslass|Froslass|Froslassite
|-weather|Snowscape|[from] ability: Snow Warning|[of] p2b: Froslass
|move|p1a: Lopunny|Shadow Ball|p2b: Froslass
|-supereffective|p2b: Froslass|1
|-damage|p2b: Froslass|31/100
|-unboost|p2b: Froslass|spd|1
|move|p2b: Froslass|Aurora Veil|p2b: Froslass
|-sidestart|p2: i love all turtles|move: Aurora Veil
|move|p2a: Basculegion|Wave Crash|p1a: Lopunny
|-enditem|p1a: Lopunny|Focus Sash
|-damage|p1a: Lopunny|1/100
|replace|p1a: Zoroark|Zoroark-Hisui, L50, F
|-end|p1a: Zoroark|Illusion
|-damage|p2a: Basculegion|80/100|[from] Recoil
|move|p1b: Farigiraf|Thunder Wave|p2a: Basculegion
|-status|p2a: Basculegion|par
|
|-weather|Snowscape|[upkeep]
|upkeep
|turn|2
|inactive|hieu213 has 30 seconds left.
|
|t:|1785752333
|switch|p2b: Kingambit|Kingambit, L50, F|100/100
|move|p1a: Zoroark|Protect|p1a: Zoroark
|-singleturn|p1a: Zoroark|Protect
|move|p1b: Farigiraf|Thunder Wave|p2b: Kingambit
|-status|p2b: Kingambit|par
|move|p2a: Basculegion|Wave Crash|p1b: Farigiraf
|-damage|p1b: Farigiraf|41/100
|-damage|p2a: Basculegion|62/100 par|[from] Recoil
|
|-weather|Snowscape|[upkeep]
|-heal|p1b: Farigiraf|47/100|[from] item: Leftovers
|upkeep
|turn|3
|
|t:|1785752357
|move|p1a: Zoroark|Shadow Ball|p2a: Basculegion
|-supereffective|p2a: Basculegion|1
|-damage|p2a: Basculegion|7/100 par
|-enditem|p2a: Basculegion|Sitrus Berry|[eat]
|-heal|p2a: Basculegion|31/100 par|[from] item: Sitrus Berry
|move|p1b: Farigiraf|Psychic Noise|p2a: Basculegion
|-damage|p2a: Basculegion|11/100 par
|-start|p2a: Basculegion|move: Heal Block
|move|p2a: Basculegion|Wave Crash|p1a: Zoroark
|-damage|p1a: Zoroark|0 fnt
|faint|p1a: Zoroark
|-damage|p2a: Basculegion|11/100 par|[from] Recoil
|move|p2b: Kingambit|Swords Dance|p2b: Kingambit
|-boost|p2b: Kingambit|atk|2
|
|-weather|Snowscape|[upkeep]
|-heal|p1b: Farigiraf|54/100|[from] item: Leftovers
|upkeep
|
|t:|1785752372
|switch|p1a: Lopunny|Lopunny, L50, F|100/100
|turn|4
|
|t:|1785752390
|detailschange|p1a: Lopunny|Lopunny-Mega, L50, F
|-mega|p1a: Lopunny|Lopunny|Lopunnite
|move|p2b: Kingambit|Protect|p2b: Kingambit
|-singleturn|p2b: Kingambit|Protect
|move|p1a: Lopunny|Close Combat|p2b: Kingambit
|-activate|p2b: Kingambit|move: Protect
|move|p1b: Farigiraf|Psychic Noise|p2a: Basculegion
|-damage|p2a: Basculegion|0 fnt
|faint|p2a: Basculegion
|
|-weather|Snowscape|[upkeep]
|-heal|p1b: Farigiraf|60/100|[from] item: Leftovers
|upkeep
|
|t:|1785752403
|switch|p2a: Sneasler|Sneasler, L50, M|100/100
|turn|5
|
|t:|1785752414
|switch|p2b: Froslass|Froslass-Mega, L50, F|31/100
|move|p1a: Lopunny|Protect|p1a: Lopunny
|-singleturn|p1a: Lopunny|Protect
|move|p2a: Sneasler|Close Combat|p1a: Lopunny
|-activate|p1a: Lopunny|move: Protect
|move|p1b: Farigiraf|Psychic Noise|p2a: Sneasler
|-supereffective|p2a: Sneasler|2
|-damage|p2a: Sneasler|2/100
|-start|p2a: Sneasler|move: Heal Block
|
|-weather|none
|-heal|p1b: Farigiraf|66/100|[from] item: Leftovers
|-sideend|p2: i love all turtles|move: Aurora Veil
|upkeep
|turn|6
|inactive|hieu213 has 30 seconds left.
|
|t:|1785752445
|switch|p1a: Wyrdeer|Wyrdeer, L50, M|100/100
|move|p2b: Froslass|Blizzard|p1a: Wyrdeer|[spread] p1a
|-miss|p2b: Froslass|p1b: Farigiraf
|-damage|p1a: Wyrdeer|53/100
|move|p2a: Sneasler|Close Combat|p1a: Wyrdeer
|-damage|p1a: Wyrdeer|2/100
|-unboost|p2a: Sneasler|def|1
|-unboost|p2a: Sneasler|spd|1
|-enditem|p1a: Wyrdeer|Sitrus Berry|[eat]
|-heal|p1a: Wyrdeer|27/100|[from] item: Sitrus Berry
|-enditem|p2a: Sneasler|White Herb
|-clearnegativeboost|p2a: Sneasler|[silent]
|move|p1b: Farigiraf|Thunder Wave|p2b: Froslass
|-status|p2b: Froslass|par
|
|-heal|p1b: Farigiraf|72/100|[from] item: Leftovers
|-end|p2a: Sneasler|move: Heal Block
|upkeep
|turn|7
|inactive|hieu213 has 30 seconds left.
|
|t:|1785752472
|switch|p2b: Kingambit|Kingambit, L50, F|100/100 par
|move|p2a: Sneasler|Protect|p2a: Sneasler
|-singleturn|p2a: Sneasler|Protect
|move|p1a: Wyrdeer|Protect|p1a: Wyrdeer
|-singleturn|p1a: Wyrdeer|Protect
|move|p1b: Farigiraf|Psychic Noise|p2a: Sneasler
|-activate|p2a: Sneasler|move: Protect
|
|-heal|p1b: Farigiraf|78/100|[from] item: Leftovers
|upkeep
|turn|8
|
|t:|1785752486
|move|p2a: Sneasler|Close Combat|p1a: Wyrdeer
|-damage|p1a: Wyrdeer|0 fnt
|-unboost|p2a: Sneasler|def|1
|-unboost|p2a: Sneasler|spd|1
|faint|p1a: Wyrdeer
|move|p1b: Farigiraf|Psychic Noise|p2a: Sneasler
|-supereffective|p2a: Sneasler|2
|-damage|p2a: Sneasler|0 fnt
|faint|p2a: Sneasler
|move|p2b: Kingambit|Kowtow Cleave|p1b: Farigiraf
|-supereffective|p1b: Farigiraf|1
|-damage|p1b: Farigiraf|0 fnt
|faint|p1b: Farigiraf
|-damage|p2b: Kingambit|90/100 par|[from] item: Life Orb
|
|upkeep
|
|t:|1785752496
|switch|p2a: Froslass|Froslass-Mega, L50, F|31/100 par
|switch|p1b: Lopunny|Lopunny-Mega, L50, F|100/100
|-weather|Snowscape|[from] ability: Snow Warning|[of] p2a: Froslass
|turn|9
|
|t:|1785752504
|move|p1b: Lopunny|Fake Out|p2a: Froslass
|-damage|p2a: Froslass|12/100 par
|move|p2b: Kingambit|Sucker Punch||[still]
|-fail|p2b: Kingambit
|cant|p2a: Froslass|flinch
|
|-weather|Snowscape|[upkeep]
|upkeep
|turn|10
|
|t:|1785752515
|move|p2a: Froslass|Protect|p2a: Froslass
|-singleturn|p2a: Froslass|Protect
|move|p1b: Lopunny|Close Combat|p2b: Kingambit
|-supereffective|p2b: Kingambit|2
|-damage|p2b: Kingambit|0 fnt
|-unboost|p1b: Lopunny|def|1
|-unboost|p1b: Lopunny|spd|1
|faint|p2b: Kingambit
|
|-weather|Snowscape|[upkeep]
|upkeep
|turn|11
|
|t:|1785752530
|move|p1b: Lopunny|Close Combat|p2a: Froslass
|-supereffective|p2a: Froslass|1
|-damage|p2a: Froslass|0 fnt
|-unboost|p1b: Lopunny|def|1
|-unboost|p1b: Lopunny|spd|1
|faint|p2a: Froslass
|
|win|hieu213
