|j|☆Linkmasterjr
|j|☆jonathan53332
|html|Linkmasterjrjonathan53332    
|uhtml|bestof|Game 1 of a best-of-3
|t:|1782461485
|gametype|doubles
|player|p1|Linkmasterjr|265|
|player|p2|jonathan53332|266|
|gen|9
|tier|[Gen 9 Champions] VGC 2026 Reg M-B (Bo3)
|rule|Species Clause: Limit one of each Pokémon
|rule|Item Clause: Limit 1 of each item
|clearpoke
|poke|p1|Raichu, L50, M|
|poke|p1|Staraptor, L50, F|
|poke|p1|Grimmsnarl, L50, M|
|poke|p1|Scizor, L50, M|
|poke|p1|Archaludon, L50, F|
|poke|p1|Gengar, L50, M|
|poke|p2|Primarina, L50, M|
|poke|p2|Sinistcha-Masterpiece, L50, shiny|
|poke|p2|Pelipper, L50, M|
|poke|p2|Meganium, L50, F, shiny|
|poke|p2|Excadrill, L50, M|
|poke|p2|Golurk, L50|
|teampreview|4
|showteam|p1|Raichu||RaichuniteY|LightningRod|ZapCannon,FocusBlast,AlluringVoice,FakeOut|Hasty||M|||50|]Staraptor||Staraptite|Intimidate|CloseCombat,Tailwind,BraveBird,Protect|Jolly||F|||50|]Grimmsnarl||LightClay|Prankster|LightScreen,Reflect,PartingShot,SpiritBreak|Careful||M|||50|]Scizor||MuscleBand|Technician|BulletPunch,DualWingbeat,Tailwind,CloseCombat|Adamant||M|||50|]Archaludon||SitrusBerry|Stamina|FlashCannon,ElectroShot,AuraSphere,Protect|Timid||F|||50|]Gengar||Gengarite|CursedBody|SludgeWave,ShadowBall,Thunderbolt,Protect|Timid||M|||50|
|showteam|p2|Primarina||Leftovers|LiquidVoice|HyperVoice,Blizzard,EnergyBall,ShadowBall|Modest||M|||50|]Sinistcha-Masterpiece||SitrusBerry|Hospitality|MatchaGotcha,StrengthSap,ShadowBall,Scald|Modest|||||50|]Pelipper||FocusSash|Drizzle|Hurricane,WideGuard,IcyWind,Tailwind|Modest||M|||50|]Meganium||Meganiumite|LeafGuard|WeatherBall,SolarBeam,DazzlingGleam,Synthesis|Timid||F|||50|]Excadrill||Excadrite|SandRush|Earthquake,IronHead,BrickBreak,Protect|Jolly||M|||50|]Golurk||Golurkite|NoGuard|DynamicPunch,ThunderPunch,RockSlide,Poltergeist|Adamant|||||50|
|
|t:|1782461510
|teamsize|p1|4
|teamsize|p2|4
|start
|switch|p1a: Raichu|Raichu, L50, M|100/100
|switch|p1b: Grimmsnarl|Grimmsnarl, L50, M|100/100
|switch|p2a: Golurk|Golurk, L50|100/100
|switch|p2b: Sinistcha|Sinistcha-Masterpiece, L50, shiny|100/100
|turn|1
|
|t:|1782461530
|detailschange|p1a: Raichu|Raichu-Mega-Y, L50, M
|-mega|p1a: Raichu|Raichu|Raichunite Y
|move|p1b: Grimmsnarl|Reflect|p1b: Grimmsnarl
|-sidestart|p1: Linkmasterjr|Reflect
|move|p1a: Raichu|Zap Cannon|p2b: Sinistcha
|-resisted|p2b: Sinistcha|1
|-damage|p2b: Sinistcha|58/100
|-status|p2b: Sinistcha|par
|move|p2a: Golurk|Dynamic Punch|p1a: Raichu
|-damage|p1a: Raichu|37/100
|-start|p1a: Raichu|confusion
|move|p2b: Sinistcha|Matcha Gotcha|p1b: Grimmsnarl|[spread] p1a,p1b
|-damage|p1a: Raichu|0 fnt
|-heal|p2b: Sinistcha|73/100 par|[from] drain|[of] p1a: Raichu
|-damage|p1b: Grimmsnarl|73/100
|-heal|p2b: Sinistcha|88/100 par|[from] drain|[of] p1b: Grimmsnarl
|faint|p1a: Raichu
|
|upkeep
|
|t:|1782461550
|switch|p1a: Gengar|Gengar, L50, M|100/100
|turn|2
|
|t:|1782461567
|detailschange|p2a: Golurk|Golurk-Mega, L50
|-mega|p2a: Golurk|Golurk|Golurkite
|move|p1b: Grimmsnarl|Light Screen|p1b: Grimmsnarl
|-sidestart|p1: Linkmasterjr|move: Light Screen
|move|p1a: Gengar|Shadow Ball|p2b: Sinistcha
|-supereffective|p2b: Sinistcha|1
|-damage|p2b: Sinistcha|0 fnt
|faint|p2b: Sinistcha
|move|p2a: Golurk|Poltergeist|p1a: Gengar|[miss]
|-miss|p2a: Golurk|p1a: Gengar
|
|upkeep
|
|t:|1782461584
|switch|p2b: Excadrill|Excadrill, L50, M|100/100
|turn|3
|
|t:|1782461602
|move|p1a: Gengar|Protect|p1a: Gengar
|-singleturn|p1a: Gengar|Protect
|move|p1b: Grimmsnarl|Parting Shot|p2b: Excadrill
|-unboost|p2b: Excadrill|atk|1
|-unboost|p2b: Excadrill|spa|1
|
|t:|1782461607
|switch|p1b: Scizor|Scizor, L50, M|100/100|[from] Parting Shot
|move|p2b: Excadrill|Earthquake|p1b: Scizor|[spread] p2a,p1b
|-activate|p1a: Gengar|move: Protect
|-damage|p2a: Golurk|73/100
|-damage|p1b: Scizor|83/100
|move|p2a: Golurk|Rock Slide|p1a: Gengar|[spread] p1b
|-activate|p1a: Gengar|move: Protect
|-crit|p1b: Scizor
|-damage|p1b: Scizor|47/100
|
|upkeep
|turn|4
|
|t:|1782461639
|move|p1a: Gengar|Shadow Ball|p2a: Golurk
|-supereffective|p2a: Golurk|1
|-damage|p2a: Golurk|5/100
|move|p2b: Excadrill|Earthquake|p1b: Scizor|[spread] p2a,p1a,p1b
|-supereffective|p1a: Gengar|1
|-damage|p2a: Golurk|0 fnt
|-damage|p1a: Gengar|27/100
|-damage|p1b: Scizor|29/100
|faint|p2a: Golurk
|move|p1b: Scizor|Tailwind|p1b: Scizor
|-sidestart|p1: Linkmasterjr|move: Tailwind
|
|upkeep
|
|t:|1782461648
|switch|p2a: Pelipper|Pelipper, L50, M|100/100
|-weather|RainDance|[from] ability: Drizzle|[of] p2a: Pelipper
|turn|5
|
|t:|1782461657
|move|p1a: Gengar|Thunderbolt|p2a: Pelipper
|-supereffective|p2a: Pelipper|2
|-enditem|p2a: Pelipper|Focus Sash
|-damage|p2a: Pelipper|1/100
|move|p1b: Scizor|Close Combat|p2b: Excadrill
|-supereffective|p2b: Excadrill|1
|-damage|p2b: Excadrill|0 fnt
|-unboost|p1b: Scizor|def|1
|-unboost|p1b: Scizor|spd|1
|faint|p2b: Excadrill
|move|p2a: Pelipper|Hurricane|p1b: Scizor
|-damage|p1b: Scizor|0 fnt
|faint|p1b: Scizor
|
|-weather|RainDance|[upkeep]
|upkeep
|
|t:|1782461664
|switch|p1b: Grimmsnarl|Grimmsnarl, L50, M|73/100
|turn|6
|
|t:|1782461671
|move|p1b: Grimmsnarl|Parting Shot|p2a: Pelipper
|-unboost|p2a: Pelipper|atk|1
|-unboost|p2a: Pelipper|spa|1
|move|p1a: Gengar|Shadow Ball|p2a: Pelipper
|-damage|p2a: Pelipper|0 fnt
|faint|p2a: Pelipper
|
|win|Linkmasterjr
