|j|☆Sloth diesel
|j|☆Jaybee394
|html|Sloth dieselJaybee394    
|uhtml|bestof|Game 1 of a best-of-3
|t:|1785650883
|gametype|doubles
|player|p1|Sloth diesel|janine|
|player|p2|Jaybee394|2|
|gen|9
|tier|[Gen 9 Champions] VGC 2026 Reg M-B (Bo3)
|rule|Species Clause: Limit one of each Pokémon
|rule|Item Clause: Limit 1 of each item
|clearpoke
|poke|p1|Sinistcha, L50|
|poke|p1|Incineroar, L50, F|
|poke|p1|Milotic, L50, F|
|poke|p1|Raichu, L50, M|
|poke|p1|Floette-Eternal, L50, F|
|poke|p1|Ceruledge, L50, F|
|poke|p2|Swampert, L50, M|
|poke|p2|Pelipper, L50, F|
|poke|p2|Archaludon, L50, F|
|poke|p2|Sinistcha, L50|
|poke|p2|Grimmsnarl, L50, M|
|poke|p2|Gholdengo, L50|
|teampreview|4
|showteam|p1|Sinistcha||KasibBerry|Hospitality|MatchaGotcha,LifeDew,RagePowder,Protect|Relaxed|||||50|]Incineroar||SitrusBerry|Intimidate|FlareBlitz,ThroatChop,FakeOut,PartingShot|Impish||F|||50|]Milotic||Leftovers|Competitive|MuddyWater,Coil,Hypnosis,Protect|Calm||F|||50|]Raichu||RaichuniteY|LightningRod|ZapCannon,FocusBlast,FakeOut,Protect|Timid||M|||50|]Floette-Eternal||Floettite|FlowerVeil|DazzlingGleam,DrainingKiss,CalmMind,Protect|Timid||F|||50|]Ceruledge||ColburBerry|FlashFire|BitterBlade,ShadowSneak,BulkUp,Protect|Adamant||F|||50|
|showteam|p2|Swampert||Swampertite|Torrent|Earthquake,IcePunch,WaveCrash,Protect|Adamant||M|||50|]Pelipper||SitrusBerry|Drizzle|Tailwind,Hurricane,WeatherBall,WideGuard|Modest||F|||50|]Archaludon||Leftovers|Stamina|DragonPulse,ElectroShot,FlashCannon,Protect|Modest||F|||50|]Sinistcha||KasibBerry|Hospitality|RagePowder,MatchaGotcha,TrickRoom,Protect|Bold|||||50|]Grimmsnarl||LightClay|Prankster|Reflect,LightScreen,PartingShot,FoulPlay|Careful||M|||50|]Gholdengo||LifeOrb|GoodasGold|MakeItRain,ShadowBall,NastyPlot,Protect|Modest|||||50|
|c|☆Sloth diesel|Glhf
|c|☆Jaybee394|GLHF!
|
|t:|1785651017
|teamsize|p1|4
|teamsize|p2|4
|start
|switch|p1a: Milotic|Milotic, L50, F|100/100
|switch|p1b: Incineroar|Incineroar, L50, F|100/100
|switch|p2a: Swampert|Swampert, L50, M|100/100
|switch|p2b: Pelipper|Pelipper, L50, F|100/100
|-weather|RainDance|[from] ability: Drizzle|[of] p2b: Pelipper
|-ability|p1b: Incineroar|Intimidate|boost
|-unboost|p2a: Swampert|atk|1
|-unboost|p2b: Pelipper|atk|1
|turn|1
|c|☆Jaybee394|Up to you if you wanna play with timer on or not?
|
|t:|1785651076
|switch|p2b: Sinistcha|Sinistcha, L50|100/100
|switch|p1b: Sinistcha|Sinistcha, L50|100/100
|detailschange|p2a: Swampert|Swampert-Mega, L50, M
|-mega|p2a: Swampert|Swampert|Swampertite
|move|p2a: Swampert|Earthquake|p1a: Milotic|[spread] p2b,p1a,p1b
|-resisted|p2b: Sinistcha|1
|-resisted|p1b: Sinistcha|1
|-crit|p1b: Sinistcha
|-damage|p2b: Sinistcha|88/100
|-damage|p1a: Milotic|72/100
|-damage|p1b: Sinistcha|69/100
|move|p1a: Milotic|Coil|p1a: Milotic
|-boost|p1a: Milotic|atk|1
|-boost|p1a: Milotic|def|1
|-boost|p1a: Milotic|accuracy|1
|
|-weather|RainDance|[upkeep]
|-heal|p1a: Milotic|78/100|[from] item: Leftovers
|upkeep
|turn|2
|
|t:|1785651102
|switch|p2a: Gholdengo|Gholdengo, L50|100/100
|move|p1a: Milotic|Protect|p1a: Milotic
|-singleturn|p1a: Milotic|Protect
|move|p2b: Sinistcha|Matcha Gotcha|p1a: Milotic|[spread] p1b
|-activate|p1a: Milotic|move: Protect
|-resisted|p1b: Sinistcha|1
|-damage|p1b: Sinistcha|59/100
|-heal|p2b: Sinistcha|93/100|[from] drain|[of] p1b: Sinistcha
|move|p1b: Sinistcha|Matcha Gotcha|p2a: Gholdengo|[spread] p2a
|-miss|p1b: Sinistcha|p2b: Sinistcha
|-resisted|p2a: Gholdengo|1
|-damage|p2a: Gholdengo|85/100
|-heal|p1b: Sinistcha|66/100|[from] drain|[of] p2a: Gholdengo
|
|-weather|RainDance|[upkeep]
|-heal|p1a: Milotic|84/100|[from] item: Leftovers
|upkeep
|turn|3
|
|t:|1785651136
|switch|p1b: Incineroar|Incineroar, L50, F|100/100
|-ability|p1b: Incineroar|Intimidate|boost
|-unboost|p2a: Gholdengo|atk|1
|-unboost|p2b: Sinistcha|atk|1
|move|p2a: Gholdengo|Nasty Plot|p2a: Gholdengo
|-boost|p2a: Gholdengo|spa|2
|move|p1a: Milotic|Muddy Water|p2b: Sinistcha|[spread] p2a,p2b
|-crit|p2a: Gholdengo
|-resisted|p2b: Sinistcha|1
|-damage|p2a: Gholdengo|23/100
|-damage|p2b: Sinistcha|75/100
|-unboost|p2b: Sinistcha|accuracy|1
|move|p2b: Sinistcha|Matcha Gotcha|p1b: Incineroar|[spread] p1a,p1b
|-supereffective|p1a: Milotic|1
|-resisted|p1b: Incineroar|1
|-damage|p1a: Milotic|51/100
|-heal|p2b: Sinistcha|93/100|[from] drain|[of] p1a: Milotic
|-damage|p1b: Incineroar|88/100
|-heal|p2b: Sinistcha|100/100|[from] drain|[of] p1b: Incineroar
|
|-weather|RainDance|[upkeep]
|-heal|p1a: Milotic|57/100|[from] item: Leftovers
|upkeep
|turn|4
|
|t:|1785651184
|switch|p2b: Swampert|Swampert-Mega, L50, M|100/100
|move|p2a: Gholdengo|Protect|p2a: Gholdengo
|-singleturn|p2a: Gholdengo|Protect
|move|p1a: Milotic|Protect|p1a: Milotic
|-singleturn|p1a: Milotic|Protect
|move|p1b: Incineroar|Parting Shot|p2b: Swampert
|-unboost|p2b: Swampert|atk|1
|-unboost|p2b: Swampert|spa|1
|
|t:|1785651195
|switch|p1b: Sinistcha|Sinistcha, L50|66/100|[from] Parting Shot
|-heal|p1a: Milotic|82/100|[from] ability: Hospitality|[of] p1b: Sinistcha
|
|-weather|RainDance|[upkeep]
|-heal|p1a: Milotic|88/100|[from] item: Leftovers
|upkeep
|turn|5
|
|t:|1785651244
|switch|p2b: Sinistcha|Sinistcha, L50|100/100
|-heal|p2a: Gholdengo|48/100|[from] ability: Hospitality|[of] p2b: Sinistcha
|move|p1b: Sinistcha|Protect|p1b: Sinistcha
|-singleturn|p1b: Sinistcha|Protect
|move|p2a: Gholdengo|Shadow Ball|p1a: Milotic
|-damage|p1a: Milotic|15/100
|-damage|p2a: Gholdengo|39/100|[from] item: Life Orb
|move|p1a: Milotic|Muddy Water|p2a: Gholdengo|[spread] p2a,p2b
|-resisted|p2b: Sinistcha|1
|-damage|p2a: Gholdengo|1/100
|-damage|p2b: Sinistcha|83/100
|
|-weather|none
|-heal|p1a: Milotic|21/100|[from] item: Leftovers
|upkeep
|turn|6
|
|t:|1785651292
|switch|p2b: Pelipper|Pelipper, L50, F|100/100
|-weather|RainDance|[from] ability: Drizzle|[of] p2b: Pelipper
|switch|p1b: Incineroar|Incineroar, L50, F|88/100
|-ability|p1b: Incineroar|Intimidate|boost
|-unboost|p2a: Gholdengo|atk|1
|-unboost|p2b: Pelipper|atk|1
|move|p2a: Gholdengo|Protect|p2a: Gholdengo
|-singleturn|p2a: Gholdengo|Protect
|move|p1a: Milotic|Muddy Water|p2a: Gholdengo|[spread] p2b
|-activate|p2a: Gholdengo|move: Protect
|-resisted|p2b: Pelipper|1
|-damage|p2b: Pelipper|79/100
|
|-weather|RainDance|[upkeep]
|-heal|p1a: Milotic|27/100|[from] item: Leftovers
|upkeep
|turn|7
|
|t:|1785651388
|move|p1b: Incineroar|Fake Out|p2b: Pelipper
|-damage|p2b: Pelipper|68/100
|move|p2a: Gholdengo|Shadow Ball|p1a: Milotic
|-damage|p1a: Milotic|0 fnt
|faint|p1a: Milotic
|-damage|p2a: Gholdengo|0 fnt|[from] item: Life Orb
|faint|p2a: Gholdengo
|cant|p2b: Pelipper|flinch
|
|-weather|RainDance|[upkeep]
|upkeep
|
|t:|1785651404
|switch|p2a: Swampert|Swampert-Mega, L50, M|100/100
|switch|p1a: Sinistcha|Sinistcha, L50|66/100
|-heal|p1b: Incineroar|100/100|[from] ability: Hospitality|[of] p1a: Sinistcha
|turn|8
|
|t:|1785651455
|move|p2a: Swampert|Protect|p2a: Swampert
|-singleturn|p2a: Swampert|Protect
|move|p1a: Sinistcha|Rage Powder|p1a: Sinistcha
|-singleturn|p1a: Sinistcha|move: Rage Powder
|move|p2b: Pelipper|Hurricane|p1a: Sinistcha
|-supereffective|p1a: Sinistcha|1
|-damage|p1a: Sinistcha|0 fnt
|faint|p1a: Sinistcha
|move|p1b: Incineroar|Parting Shot|p2b: Pelipper
|-unboost|p2b: Pelipper|atk|1
|-unboost|p2b: Pelipper|spa|1
|
|t:|1785651466
|switch|p1b: Raichu|Raichu, L50, M|100/100|[from] Parting Shot
|
|-weather|RainDance|[upkeep]
|upkeep
|
|t:|1785651472
|switch|p1a: Incineroar|Incineroar, L50, F|100/100
|-ability|p1a: Incineroar|Intimidate|boost
|-unboost|p2a: Swampert|atk|1
|-unboost|p2b: Pelipper|atk|1
|turn|9
|
|t:|1785651532
|switch|p2b: Sinistcha|Sinistcha, L50|83/100
|detailschange|p1b: Raichu|Raichu-Mega-Y, L50, M
|-mega|p1b: Raichu|Raichu|Raichunite Y
|move|p1a: Incineroar|Fake Out|p2a: Swampert
|-damage|p2a: Swampert|88/100
|cant|p2a: Swampert|flinch
|move|p1b: Raichu|Focus Blast|p2a: Swampert
|-damage|p2a: Swampert|50/100g
|
|-weather|RainDance|[upkeep]
|upkeep
|turn|10
|
|t:|1785651572
|move|p1b: Raichu|Protect|p1b: Raichu
|-singleturn|p1b: Raichu|Protect
|move|p2b: Sinistcha|Rage Powder|p2b: Sinistcha
|-singleturn|p2b: Sinistcha|move: Rage Powder
|move|p2a: Swampert|Earthquake|p1b: Raichu|[spread] p2b,p1a
|-activate|p1b: Raichu|move: Protect
|-resisted|p2b: Sinistcha|1
|-supereffective|p1a: Incineroar|1
|-damage|p2b: Sinistcha|71/100
|-damage|p1a: Incineroar|55/100
|move|p1a: Incineroar|Throat Chop|p2b: Sinistcha
|-supereffective|p2b: Sinistcha|1
|-damage|p2b: Sinistcha|19/100
|-start|p2b: Sinistcha|Throat Chop|[silent]
|
|-weather|none
|upkeep
|turn|11
|
|t:|1785651596
|switch|p2b: Pelipper|Pelipper, L50, F|68/100
|-weather|RainDance|[from] ability: Drizzle|[of] p2b: Pelipper
|move|p2a: Swampert|Earthquake|p1b: Raichu|[spread] p1a,p1b
|-immune|p2b: Pelipper
|-supereffective|p1a: Incineroar|1
|-crit|p1a: Incineroar
|-supereffective|p1b: Raichu|1
|-damage|p1a: Incineroar|0 fnt
|-damage|p1b: Raichu|7/100
|faint|p1a: Incineroar
|move|p1b: Raichu|Zap Cannon|p2b: Pelipper
|-supereffective|p2b: Pelipper|2
|-damage|p2b: Pelipper|0 fnt
|faint|p2b: Pelipper
|
|-weather|RainDance|[upkeep]
|upkeep
|
|t:|1785651610
|switch|p2b: Sinistcha|Sinistcha, L50|19/100
|-heal|p2a: Swampert|75/100|[from] ability: Hospitality|[of] p2b: Sinistcha
|turn|12
|
|t:|1785651618
|move|p2b: Sinistcha|Rage Powder|p2b: Sinistcha
|-singleturn|p2b: Sinistcha|move: Rage Powder
|move|p2a: Swampert|Wave Crash|p1b: Raichu
|-damage|p1b: Raichu|0 fnt
|faint|p1b: Raichu
|-damage|p2a: Swampert|72/100|[from] Recoil
|
|win|Jaybee394
||Sloth diesel is ready for game 2.
||Jaybee394 is ready for game 2.
|uhtml|next|Next: Game 2 of 3
|l|☆Sloth diesel
|player|p1|
