|j|☆Akalaman
|j|☆sdfvsdf
|html|Akalamansdfvsdf    
|uhtml|bestof|Game 2 of a best-of-3
|t:|1783972802
|gametype|doubles
|player|p1|Akalaman|266|1140
|player|p2|sdfvsdf|265|1000
|gen|9
|tier|[Gen 9 Champions] VGC 2026 Reg M-B (Bo3)
|rated|
|rule|Species Clause: Limit one of each Pokémon
|rule|Item Clause: Limit 1 of each item
|clearpoke
|poke|p1|Aerodactyl, L50, F|
|poke|p1|Garchomp, L50, M|
|poke|p1|Raichu, L50, M|
|poke|p1|Sinistcha, L50|
|poke|p1|Floette-Eternal, L50, F|
|poke|p1|Tsareena, L50, F|
|poke|p2|Scovillain, L50, F|
|poke|p2|Steelix, L50, M|
|poke|p2|Toxapex, L50, M|
|poke|p2|Sinistcha-Masterpiece, L50|
|poke|p2|Rhyperior, L50, F|
|poke|p2|Grimmsnarl, L50, M|
|teampreview|4
|showteam|p1|Aerodactyl||FocusSash|Unnerve|RockSlide,Tailwind,DualWingbeat,Protect|Jolly||F|||50|]Garchomp||ChoiceScarf|RoughSkin|StompingTantrum,RockTomb,RockSlide,DragonClaw|Adamant||M|||50|]Raichu||RaichuniteY|LightningRod|FakeOut,ZapCannon,FocusBlast,Protect|Timid||M|||50|]Sinistcha||SitrusBerry|Hospitality|MatchaGotcha,LifeDew,Protect,RagePowder|Calm|||||50|]Floette-Eternal||Floettite|FlowerVeil|Moonblast,DazzlingGleam,Protect,CalmMind|Modest||F|||50|]Tsareena||WideLens|QueenlyMajesty|TripleAxel,PowerWhip,Protect,LowKick|Adamant||F|||50|
|showteam|p2|Scovillain||Scovillainite|Moody|LeechSeed,Protect,RagePowder,Overheat|Calm||F|||50|]Steelix||Steelixite|Sturdy|Fissure,StealthRock,HeavySlam,RockSlide|Careful||M|||50|]Toxapex||Leftovers|Regenerator|BanefulBunker,Toxic,Infestation,WideGuard|Bold||M|||50|]Sinistcha-Masterpiece||CobaBerry|Hospitality|ShadowBall,LifeDew,RagePowder,MatchaGotcha|Bold|||||50|]Rhyperior||SitrusBerry|SolidRock|HornDrill,RockSlide,Roar,BreakingSwipe|Careful||F|||50|]Grimmsnarl||LightClay|Prankster|LightScreen,Reflect,PartingShot,SpiritBreak|Careful||M|||50|
|inactive|Battle timer is ON: inactive players will automatically lose when time's up. (requested by sdfvsdf)
|
|t:|1783972819
|teamsize|p1|4
|teamsize|p2|4
|start
|switch|p1a: Floette|Floette-Eternal, L50, F|100/100
|switch|p1b: Raichu|Raichu, L50, M|100/100
|switch|p2a: Scovillain|Scovillain, L50, F|100/100
|switch|p2b: Grimmsnarl|Grimmsnarl, L50, M|100/100
|turn|1
|
|t:|1783972835
|switch|p2b: Toxapex|Toxapex, L50, M|100/100
|detailschange|p1a: Floette|Floette-Mega, L50, F
|-mega|p1a: Floette|Floette|Floettite
|-ability|p1a: Floette|Fairy Aura
|detailschange|p2a: Scovillain|Scovillain-Mega, L50, F
|-mega|p2a: Scovillain|Scovillain|Scovillainite
|move|p1b: Raichu|Fake Out|p2a: Scovillain
|-damage|p2a: Scovillain|92/100
|-status|p1b: Raichu|brn|[from] ability: Spicy Spray|[of] p2a: Scovillain
|move|p1a: Floette|Calm Mind|p1a: Floette
|-boost|p1a: Floette|spa|1
|-boost|p1a: Floette|spd|1
|cant|p2a: Scovillain|flinch
|
|-damage|p1b: Raichu|93/100 brn|[from] brn
|upkeep
|turn|2
|
|t:|1783972855
|move|p1a: Floette|Protect|p1a: Floette
|-singleturn|p1a: Floette|Protect
|move|p1b: Raichu|Zap Cannon|p2b: Toxapex|[miss]
|-miss|p1b: Raichu|p2b: Toxapex
|move|p2a: Scovillain|Leech Seed|p1a: Floette
|-activate|p1a: Floette|move: Protect
|move|p2b: Toxapex|Toxic|p1a: Floette
|-activate|p1a: Floette|move: Protect
|
|-damage|p1b: Raichu|87/100 brn|[from] brn
|upkeep
|turn|3
|
|t:|1783972867
|move|p2b: Toxapex|Baneful Bunker|p2b: Toxapex
|-singleturn|p2b: Toxapex|move: Protect
|move|p1b: Raichu|Zap Cannon|p2b: Toxapex
|-activate|p2b: Toxapex|move: Protect
|move|p1a: Floette|Calm Mind|p1a: Floette
|-boost|p1a: Floette|spa|1
|-boost|p1a: Floette|spd|1
|move|p2a: Scovillain|Leech Seed|p1a: Floette
|-start|p1a: Floette|move: Leech Seed
|
|-damage|p1a: Floette|87/100|[from] Leech Seed|[of] p2a: Scovillain
|-heal|p2a: Scovillain|100/100|[silent]
|-damage|p1b: Raichu|81/100 brn|[from] brn
|upkeep
|turn|4
|
|t:|1783972883
|switch|p1b: Sinistcha|Sinistcha, L50|100/100
|-heal|p1a: Floette|100/100|[from] ability: Hospitality|[of] p1b: Sinistcha
|move|p1a: Floette|Protect|p1a: Floette
|-singleturn|p1a: Floette|Protect
|move|p2a: Scovillain|Overheat|p1b: Sinistcha
|-supereffective|p1b: Sinistcha|1
|-damage|p1b: Sinistcha|4/100
|-unboost|p2a: Scovillain|spa|2
|-enditem|p1b: Sinistcha|Sitrus Berry|[eat]
|-heal|p1b: Sinistcha|29/100|[from] item: Sitrus Berry
|move|p2b: Toxapex|Toxic|p1a: Floette
|-activate|p1a: Floette|move: Protect
|
|-damage|p1a: Floette|87/100|[from] Leech Seed|[of] p2a: Scovillain
|upkeep
|turn|5
|
|t:|1783972900
|switch|p1b: Raichu|Raichu, L50, M|81/100 brn
|move|p1a: Floette|Calm Mind|p1a: Floette
|-boost|p1a: Floette|spa|1
|-boost|p1a: Floette|spd|1
|move|p2a: Scovillain|Overheat|p1b: Raichu
|-damage|p1b: Raichu|33/100 brn
|-unboost|p2a: Scovillain|spa|2
|move|p2b: Toxapex|Toxic|p1a: Floette
|-status|p1a: Floette|tox
|
|-damage|p1a: Floette|75/100 tox|[from] Leech Seed|[of] p2a: Scovillain
|-damage|p1a: Floette|69/100 tox|[from] psn
|-damage|p1b: Raichu|26/100 brn|[from] brn
|upkeep
|turn|6
|
|t:|1783972916
|switch|p1b: Sinistcha|Sinistcha, L50|29/100
|-heal|p1a: Floette|94/100 tox|[from] ability: Hospitality|[of] p1b: Sinistcha
|move|p2a: Scovillain|Protect|p2a: Scovillain
|-singleturn|p2a: Scovillain|Protect
|move|p2b: Toxapex|Baneful Bunker|p2b: Toxapex
|-singleturn|p2b: Toxapex|move: Protect
|move|p1a: Floette|Calm Mind|p1a: Floette
|-boost|p1a: Floette|spa|1
|-boost|p1a: Floette|spd|1
|
|-damage|p1a: Floette|82/100 tox|[from] Leech Seed|[of] p2a: Scovillain
|-damage|p1a: Floette|70/100 tox|[from] psn
|upkeep
|turn|7
|
|t:|1783972932
|move|p1a: Floette|Moonblast|p2b: Toxapex
|-resisted|p2b: Toxapex|1
|-damage|p2b: Toxapex|21/100
|move|p2a: Scovillain|Overheat|p1b: Sinistcha|[miss]
|-miss|p2a: Scovillain|p1b: Sinistcha
|move|p1b: Sinistcha|Life Dew|p1b: Sinistcha|[spread] p1a,p1b
|-heal|p1a: Floette|95/100 tox
|-heal|p1b: Sinistcha|54/100
|move|p2b: Toxapex|Toxic|p1b: Sinistcha
|-status|p1b: Sinistcha|tox
|
|-heal|p2b: Toxapex|26/100|[from] item: Leftovers
|-damage|p1a: Floette|82/100 tox|[from] Leech Seed|[of] p2a: Scovillain
|-damage|p1a: Floette|64/100 tox|[from] psn
|-damage|p1b: Sinistcha|48/100 tox|[from] psn
|upkeep
|turn|8
|inactive|sdfvsdf has 30 seconds left.
|
|t:|1783972964
|move|p1a: Floette|Dazzling Gleam|p2a: Scovillain|[spread] p2a,p2b
|-resisted|p2a: Scovillain|1
|-resisted|p2b: Toxapex|1
|-damage|p2a: Scovillain|32/100
|-damage|p2b: Toxapex|0 fnt
|faint|p2b: Toxapex
|move|p2a: Scovillain|Overheat|p1b: Sinistcha|[miss]
|-miss|p2a: Scovillain|p1b: Sinistcha
|move|p1b: Sinistcha|Life Dew|p1b: Sinistcha|[spread] p1a,p1b
|-heal|p1a: Floette|89/100 tox
|-heal|p1b: Sinistcha|73/100 tox
|
|-damage|p1a: Floette|77/100 tox|[from] Leech Seed|[of] p2a: Scovillain
|-heal|p2a: Scovillain|45/100|[silent]
|-damage|p1a: Floette|53/100 tox|[from] psn
|-damage|p1b: Sinistcha|61/100 tox|[from] psn
|upkeep
|
|t:|1783972973
|switch|p2b: Grimmsnarl|Grimmsnarl, L50, M|100/100
|turn|9
|
|t:|1783972991
|move|p2a: Scovillain|Protect|p2a: Scovillain
|-singleturn|p2a: Scovillain|Protect
|move|p2b: Grimmsnarl|Light Screen|p2b: Grimmsnarl
|-sidestart|p2: sdfvsdf|move: Light Screen
|move|p1a: Floette|Dazzling Gleam|p2b: Grimmsnarl|[spread] p2b
|-activate|p2a: Scovillain|move: Protect
|-supereffective|p2b: Grimmsnarl|1
|-damage|p2b: Grimmsnarl|0 fnt
|faint|p2b: Grimmsnarl
|move|p1b: Sinistcha|Life Dew|p1b: Sinistcha|[spread] p1a,p1b
|-heal|p1a: Floette|77/100 tox
|-heal|p1b: Sinistcha|86/100 tox
|
|-damage|p1a: Floette|65/100 tox|[from] Leech Seed|[of] p2a: Scovillain
|-heal|p2a: Scovillain|58/100|[silent]
|-damage|p1a: Floette|35/100 tox|[from] psn
|-damage|p1b: Sinistcha|67/100 tox|[from] psn
|upkeep
|
|t:|1783973006
|switch|p2b: Sinistcha|Sinistcha-Masterpiece, L50|100/100
|-heal|p2a: Scovillain|83/100|[from] ability: Hospitality|[of] p2b: Sinistcha
|turn|10
|
|t:|1783973015
|switch|p1a: Tsareena|Tsareena, L50, F|100/100
|move|p2a: Scovillain|Rage Powder|p2a: Scovillain
|-singleturn|p2a: Scovillain|move: Rage Powder
|move|p1b: Sinistcha|Life Dew||[still]|[spread] p1a,p1b
|-fail|p1a: Tsareena|heal
|-heal|p1b: Sinistcha|93/100 tox
|move|p2b: Sinistcha|Life Dew||[still]|[spread] p2a,p2b
|-heal|p2a: Scovillain|100/100
|-fail|p2b: Sinistcha|heal
|
|-damage|p1b: Sinistcha|68/100 tox|[from] psn
|upkeep
|turn|11
|
|t:|1783973036
|move|p1b: Sinistcha|Rage Powder|p1b: Sinistcha
|-singleturn|p1b: Sinistcha|move: Rage Powder
|move|p1a: Tsareena|Triple Axel|p2b: Sinistcha
|-supereffective|p2b: Sinistcha|1
|-damage|p2b: Sinistcha|85/100
|-supereffective|p2b: Sinistcha|1
|-damage|p2b: Sinistcha|57/100
|-supereffective|p2b: Sinistcha|1
|-damage|p2b: Sinistcha|17/100
|-hitcount|p2b: Sinistcha|3
|move|p2a: Scovillain|Overheat|p1a: Tsareena|[miss]
|-miss|p2a: Scovillain|p1a: Tsareena
|move|p2b: Sinistcha|Matcha Gotcha|p1b: Sinistcha|[spread] p1a,p1b
|-resisted|p1a: Tsareena|1
|-resisted|p1b: Sinistcha|1
|-damage|p1a: Tsareena|86/100
|-heal|p2b: Sinistcha|24/100|[from] drain|[of] p1a: Tsareena
|-damage|p1b: Sinistcha|56/100 tox
|-heal|p2b: Sinistcha|30/100|[from] drain|[of] p1b: Sinistcha
|
|-damage|p1b: Sinistcha|25/100 tox|[from] psn
|upkeep
|turn|12
|
|t:|1783973051
|move|p1b: Sinistcha|Rage Powder|p1b: Sinistcha
|-singleturn|p1b: Sinistcha|move: Rage Powder
|move|p1a: Tsareena|Triple Axel|p2b: Sinistcha
|-supereffective|p2b: Sinistcha|1
|-damage|p2b: Sinistcha|16/100
|-supereffective|p2b: Sinistcha|1
|-damage|p2b: Sinistcha|0 fnt
|faint|p2b: Sinistcha
|-hitcount|p2: Sinistcha|2
|move|p2a: Scovillain|Overheat|p1a: Tsareena
|-supereffective|p1a: Tsareena|1
|-damage|p1a: Tsareena|40/100
|-unboost|p2a: Scovillain|spa|2
|
|-damage|p1b: Sinistcha|0 fnt|[from] psn
|faint|p1b: Sinistcha
|upkeep
|
|t:|1783973058
|switch|p1b: Raichu|Raichu, L50, M|26/100 brn
|turn|13
|
|t:|1783973077
|move|p1b: Raichu|Fake Out|p2a: Scovillain
|-damage|p2a: Scovillain|96/100
|move|p1a: Tsareena|Triple Axel|p2a: Scovillain
|-damage|p2a: Scovillain|89/100
|-status|p1a: Tsareena|brn|[from] ability: Spicy Spray|[of] p2a: Scovillain
|-damage|p2a: Scovillain|81/100
|-damage|p2a: Scovillain|72/100
|-hitcount|p2a: Scovillain|3
|cant|p2a: Scovillain|flinch
|
|-damage|p1b: Raichu|20/100y brn|[from] brn
|-damage|p1a: Tsareena|34/100 brn|[from] brn
|upkeep
|turn|14
|
|t:|1783973084
|move|p1b: Raichu|Zap Cannon|p2a: Scovillain|[miss]
|-miss|p1b: Raichu|p2a: Scovillain
|move|p1a: Tsareena|Triple Axel|p2a: Scovillain
|-damage|p2a: Scovillain|68/100
|-damage|p2a: Scovillain|61/100
|-damage|p2a: Scovillain|50/100g
|-hitcount|p2a: Scovillain|3
|move|p2a: Scovillain|Leech Seed|p1b: Raichu
|-start|p1b: Raichu|move: Leech Seed
|
|-damage|p1b: Raichu|8/100 brn|[from] Leech Seed|[of] p2a: Scovillain
|-heal|p2a: Scovillain|61/100|[silent]
|-damage|p1b: Raichu|2/100 brn|[from] brn
|-damage|p1a: Tsareena|28/100 brn|[from] brn
|upkeep
|turn|15
|
|t:|1783973094
|switch|p1b: Floette|Floette-Mega, L50, F|35/100 tox
|-ability|p1b: Floette|Fairy Aura
|move|p1a: Tsareena|Protect|p1a: Tsareena
|-singleturn|p1a: Tsareena|Protect
|move|p2a: Scovillain|Protect||[still]
|-fail|p2a: Scovillain
|
|-damage|p1b: Floette|29/100 tox|[from] psn
|-damage|p1a: Tsareena|22/100 brn|[from] brn
|upkeep
|turn|16
|
|t:|1783973102
|switch|p1a: Raichu|Raichu, L50, M|2/100 brn
|move|p1b: Floette|Moonblast|p2a: Scovillain
|-resisted|p2a: Scovillain|1
|-damage|p2a: Scovillain|38/100
|move|p2a: Scovillain|Leech Seed|p1b: Floette
|-start|p1b: Floette|move: Leech Seed
|
|-damage|p1b: Floette|17/100 tox|[from] Leech Seed|[of] p2a: Scovillain
|-heal|p2a: Scovillain|51/100|[silent]
|-damage|p1b: Floette|4/100 tox|[from] psn
|-damage|p1a: Raichu|0 fnt|[from] brn
|faint|p1a: Raichu
|-sideend|p2: sdfvsdf|move: Light Screen
|upkeep
|
|t:|1783973105
|switch|p1a: Tsareena|Tsareena, L50, F|22/100 brn
|turn|17
|
|t:|1783973116
|move|p2a: Scovillain|Protect|p2a: Scovillain
|-singleturn|p2a: Scovillain|Protect
|move|p1b: Floette|Moonblast|p2a: Scovillain
|-activate|p2a: Scovillain|move: Protect
|move|p1a: Tsareena|Triple Axel|p2a: Scovillain
|-activate|p2a: Scovillain|move: Protect
|
|-damage|p1b: Floette|0 fnt|[from] Leech Seed|[of] p2a: Scovillain
|-heal|p2a: Scovillain|56/100|[silent]
|faint|p1b: Floette
|-damage|p1a: Tsareena|16/100 brn|[from] brn
|upkeep
|turn|18
|
|t:|1783973129
|move|p1a: Tsareena|Triple Axel|p2a: Scovillain
|-damage|p2a: Scovillain|52/100
|-damage|p2a: Scovillain|45/100
|-damage|p2a: Scovillain|34/100
|-hitcount|p2a: Scovillain|3
|move|p2a: Scovillain|Overheat|p1a: Tsareena
|-supereffective|p1a: Tsareena|1
|-damage|p1a: Tsareena|0 fnt
|faint|p1a: Tsareena
|
|win|sdfvsdf
|raw|Akalaman's rating: 1140 → 1105(-35 for losing)
|raw|sdfvsdf's rating: 1000 → 1055(+55 for winning)
