|j|☆DilluVGC
|j|☆chavo666
|html|DilluVGCchavo666    
|uhtml|bestof|Game 1 of a best-of-3
|t:|1784746179
|gametype|doubles
|player|p1|DilluVGC|blaine|
|player|p2|chavo666|biker|
|gen|9
|tier|[Gen 9 Champions] VGC 2026 Reg M-B (Bo3)
|rule|Species Clause: Limit one of each Pokémon
|rule|Item Clause: Limit 1 of each item
|clearpoke
|poke|p1|Tyranitar, L50, F|
|poke|p1|Excadrill, L50, F|
|poke|p1|Milotic, L50, F|
|poke|p1|Gholdengo, L50|
|poke|p1|Sinistcha-Masterpiece, L50|
|poke|p1|Staraptor, L50, F|
|poke|p2|Incineroar, L50, F|
|poke|p2|Corviknight, L50, F|
|poke|p2|Politoed, L50, M|
|poke|p2|Gengar, L50, M, shiny|
|poke|p2|Swampert, L50, M|
|poke|p2|Sneasler, L50, M|
|teampreview|4
|showteam|p1|Tyranitar||Tyranitarite|SandStream|KnockOff,RockSlide,HighHorsepower,Protect|Jolly||F|||50|]Excadrill||FocusSash|SandRush|Earthquake,IronHead,RockSlide,Protect|Jolly||F|||50|]Milotic||SitrusBerry|Competitive|Scald,IcyWind,Haze,Protect|Calm||F|||50|]Gholdengo||LifeOrb|GoodasGold|MakeItRain,ShadowBall,NastyPlot,Protect|Modest|||||50|]Sinistcha-Masterpiece||ColburBerry|Hospitality|MatchaGotcha,ShadowBall,Protect,RagePowder|Bold|||||50|]Staraptor||Staraptite|Intimidate|CloseCombat,BraveBird,Tailwind,Protect|Jolly||F|||50|
|showteam|p2|Incineroar||ChopleBerry|Intimidate|FakeOut,PartingShot,DarkestLariat,FlareBlitz|Adamant||F|||50|]Corviknight||Leftovers|MirrorArmor|BodyPress,IronDefense,Roost,BraveBird|Impish||F|||50|]Politoed||SitrusBerry|Drizzle|IceBeam,PerishSong,Protect,WeatherBall|Modest||M|||50|]Gengar||Gengarite|CursedBody|ShadowBall,PerishSong,Protect,SludgeBomb|Timid||M|||50|]Swampert||Swampertite|Damp|WaveCrash,RockSlide,Earthquake,Protect|Adamant||M|||50|]Sneasler||FocusSash|Unburden|DireClaw,CloseCombat,FakeOut,Coaching|Jolly||M|||50|
|inactive|Battle timer is ON: inactive players will automatically lose when time's up. (requested by chavo666)
|
|t:|1784746253
|teamsize|p1|4
|teamsize|p2|4
|start
|switch|p1a: Ice Tea Cube|Sinistcha-Masterpiece, L50|100/100
|switch|p1b: Aftermath|Gholdengo, L50|100/100
|switch|p2a: Sneasler|Sneasler, L50, M|100/100
|switch|p2b: Swampert|Swampert, L50, M|100/100
|turn|1
|inactive|DilluVGC has 30 seconds left.
|
|t:|1784746279
|switch|p1b: Missy Eeliott|Milotic, L50, F|100/100
|switch|p2b: Corviknight|Corviknight, L50, F|100/100
|move|p2a: Sneasler|Dire Claw|p1a: Ice Tea Cube
|-damage|p1a: Ice Tea Cube|66/100
|move|p1a: Ice Tea Cube|Matcha Gotcha|p2a: Sneasler|[spread] p2a,p2b
|-resisted|p2a: Sneasler|1
|-resisted|p2b: Corviknight|2
|-damage|p2a: Sneasler|84/100
|-heal|p1a: Ice Tea Cube|73/100|[from] drain|[of] p2a: Sneasler
|-damage|p2b: Corviknight|94/100
|-heal|p1a: Ice Tea Cube|76/100|[from] drain|[of] p2b: Corviknight
|
|-heal|p2b: Corviknight|100/100|[from] item: Leftovers
|upkeep
|turn|2
|inactive|DilluVGC has 30 seconds left.
|inactive|chavo666 has 30 seconds left.
|inactive|DilluVGC has 20 seconds left.
|inactive|DilluVGC has 15 seconds left.
|inactive|chavo666 has 20 seconds left.
|
|t:|1784746323
|move|p1a: Ice Tea Cube|Protect|p1a: Ice Tea Cube
|-singleturn|p1a: Ice Tea Cube|Protect
|move|p2a: Sneasler|Coaching|p2b: Corviknight
|-boost|p2b: Corviknight|atk|1
|-boost|p2b: Corviknight|def|1
|move|p1b: Missy Eeliott|Scald|p2a: Sneasler
|-damage|p2a: Sneasler|44/100
|move|p2b: Corviknight|Brave Bird|p1a: Ice Tea Cube
|-activate|p1a: Ice Tea Cube|move: Protect
|
|upkeep
|turn|3
|
|t:|1784746343
|move|p2a: Sneasler|Close Combat|p1b: Missy Eeliott
|-damage|p1b: Missy Eeliott|43/100
|-unboost|p2a: Sneasler|def|1
|-unboost|p2a: Sneasler|spd|1
|-enditem|p1b: Missy Eeliott|Sitrus Berry|[eat]
|-heal|p1b: Missy Eeliott|67/100|[from] item: Sitrus Berry
|move|p1b: Missy Eeliott|Haze|p1b: Missy Eeliott
|-clearallboost
|move|p1a: Ice Tea Cube|Shadow Ball|p2a: Sneasler
|-damage|p2a: Sneasler|1/100
|-unboost|p2a: Sneasler|spd|1
|move|p2b: Corviknight|Brave Bird|p1b: Missy Eeliott
|-damage|p1b: Missy Eeliott|30/100
|-damage|p2b: Corviknight|86/100|[from] Recoil
|
|-heal|p2b: Corviknight|92/100|[from] item: Leftovers
|upkeep
|turn|4
|inactive|DilluVGC has 30 seconds left.
|inactive|chavo666 has 30 seconds left.
|inactive|chavo666 has 20 seconds left.
|
|t:|1784746382
|switch|p1b: Notorious T|Tyranitar, L50, F|100/100
|-weather|Sandstorm|[from] ability: Sand Stream|[of] p1b: Notorious T
|move|p1a: Ice Tea Cube|Rage Powder|p1a: Ice Tea Cube
|-singleturn|p1a: Ice Tea Cube|move: Rage Powder
|move|p2a: Sneasler|Coaching|p2b: Corviknight
|-boost|p2b: Corviknight|atk|1
|-boost|p2b: Corviknight|def|1
|move|p2b: Corviknight|Brave Bird|p1a: Ice Tea Cube
|-supereffective|p1a: Ice Tea Cube|1
|-damage|p1a: Ice Tea Cube|0 fnt
|faint|p1a: Ice Tea Cube
|-damage|p2b: Corviknight|66/100|[from] Recoil
|
|-weather|Sandstorm|[upkeep]
|-damage|p2a: Sneasler|0 fnt|[from] Sandstorm
|faint|p2a: Sneasler
|-heal|p2b: Corviknight|72/100|[from] item: Leftovers
|upkeep
|
|t:|1784746403
|switch|p2a: Swampert|Swampert, L50, M|100/100
|switch|p1a: Missy Eeliott|Milotic, L50, F|30/100
|turn|5
|
|t:|1784746418
|detailschange|p1b: Notorious T|Tyranitar-Mega, L50, F
|-mega|p1b: Notorious T|Tyranitar|Tyranitarite
|detailschange|p2a: Swampert|Swampert-Mega, L50, M
|-mega|p2a: Swampert|Swampert|Swampertite
|move|p1b: Notorious T|Knock Off|p2b: Corviknight
|-damage|p2b: Corviknight|46/100
|-enditem|p2b: Corviknight|Leftovers|[from] move: Knock Off|[of] p1b: Notorious T
|move|p2a: Swampert|Earthquake|p1a: Missy Eeliott|[spread] p1a,p1b
|-immune|p2b: Corviknight
|-supereffective|p1b: Notorious T|1
|-damage|p1a: Missy Eeliott|0 fnt
|-damage|p1b: Notorious T|37/100
|faint|p1a: Missy Eeliott
|move|p2b: Corviknight|Brave Bird|p1b: Notorious T
|-resisted|p1b: Notorious T|1
|-damage|p1b: Notorious T|20/100y
|-damage|p2b: Corviknight|40/100|[from] Recoil
|
|-weather|Sandstorm|[upkeep]
|upkeep
|
|t:|1784746433
|switch|p1a: Aftermath|Gholdengo, L50|100/100
|turn|6
|
|t:|1784746449
|switch|p2b: Politoed|Politoed, L50, M|100/100
|-weather|RainDance|[from] ability: Drizzle|[of] p2b: Politoed
|move|p2a: Swampert|Earthquake|p1b: Notorious T|[spread] p2b,p1a,p1b
|-supereffective|p1a: Aftermath|1
|-supereffective|p1b: Notorious T|1
|-damage|p2b: Politoed|52/100
|-damage|p1a: Aftermath|7/100
|-damage|p1b: Notorious T|0 fnt
|faint|p1b: Notorious T
|move|p1a: Aftermath|Nasty Plot|p1a: Aftermath
|-boost|p1a: Aftermath|spa|2
|
|-weather|RainDance|[upkeep]
|upkeep
|turn|7
|c|☆DilluVGC|gg
|-message|DilluVGC forfeited.
|
|win|chavo666
|l|☆DilluVGC
|player|p1|
|j|☆DilluVGC
|player|p1|DilluVGC|blaine|
