|j|☆Ceriii
|j|☆mikewww
|html|Ceriiimikewww    
|uhtml|bestof|Game 1 of a best-of-3
|t:|1784245076
|gametype|doubles
|player|p1|Ceriii|miku-flying|
|player|p2|mikewww|swimmer-gen4dp|
|gen|9
|tier|[Gen 9 Champions] VGC 2026 Reg M-B (Bo3)
|rule|Species Clause: Limit one of each Pokémon
|rule|Item Clause: Limit 1 of each item
|clearpoke
|poke|p1|Chandelure, L50, M|
|poke|p1|Chesnaught, L50, M, shiny|
|poke|p1|Greninja, L50, M|
|poke|p1|Jolteon, L50, F|
|poke|p1|Krookodile, L50, M|
|poke|p1|Ariados, L50, M|
|poke|p2|Ariados, L50, M|
|poke|p2|Liepard, L50, F|
|poke|p2|Chandelure, L50, M|
|poke|p2|Krookodile, L50, F|
|poke|p2|Gardevoir, L50, F|
|poke|p2|Barbaracle, L50, F|
|teampreview|4
|showteam|p1|Chandelure||FocusSash|Infiltrator|HeatWave,ShadowBall,TrickRoom,Protect|Modest||M|||50|]Chesnaught||Chesnaughtite|Bulletproof|BodyPress,SpikyShield,WideGuard,WoodHammer|Adamant||M|||50|]Greninja||Greninjite|Torrent|IcyWind,Protect,HydroPump,DarkPulse|Timid||M|||50|]Jolteon||ChoiceScarf|VoltAbsorb|VoltSwitch,Thunderbolt,Electroweb,AlluringVoice|Modest||F|||50|]Krookodile||PasshoBerry|Intimidate|Crunch,Taunt,Protect,HighHorsepower|Adamant||M|||50|]Ariados||ScopeLens|Sniper|CrossPoison,Protect,RagePowder,KnockOff|Jolly||M|||50|
|showteam|p2|Ariados||SitrusBerry|Insomnia|Protect,PoisonJab,StringShot,RagePowder|Impish||M|||50|]Liepard||FocusSash|Prankster|KnockOff,Taunt,Encore,FakeOut|Jolly||F|||50|]Chandelure||Chandelurite|FlashFire|Protect,HeatWave,ShadowBall,TrickRoom|Modest||M|||50|]Krookodile||ChoiceScarf|Intimidate|HighHorsepower,Earthquake,KnockOff,GunkShot|Adamant||F|||50|]Gardevoir||FairyFeather|Telepathy|Protect,DazzlingGleam,Moonblast,Psychic|Modest||F|||50|]Barbaracle||Barbaracite|ToughClaws|Protect,RockSlide,CloseCombat,ShellSmash|Adamant||F|||50|
|inactive|Battle timer is ON: inactive players will automatically lose when time's up. (requested by mikewww)
|inactive|Ceriii has 60 seconds left.
|inactive|mikewww has 60 seconds left.
|inactive|mikewww has 30 seconds left.
|inactive|mikewww has 20 seconds left.
|inactive|mikewww has 15 seconds left.
|inactive|mikewww has 10 seconds left.
|
|t:|1784245161
|teamsize|p1|4
|teamsize|p2|4
|start
|switch|p1a: Chesnaught|Chesnaught, L50, M, shiny|100/100
|switch|p1b: Krookodile|Krookodile, L50, M|100/100
|switch|p2a: Liepard|Liepard, L50, F|100/100
|switch|p2b: Krookodile|Krookodile, L50, F|100/100
|-ability|p2b: Krookodile|Intimidate|boost
|-unboost|p1a: Chesnaught|atk|1
|-unboost|p1b: Krookodile|atk|1
|-ability|p1b: Krookodile|Intimidate|boost
|-unboost|p2a: Liepard|atk|1
|-unboost|p2b: Krookodile|atk|1
|turn|1
|inactive|Ceriii has 30 seconds left.
|inactive|mikewww has 30 seconds left.
|
|t:|1784245192
|switch|p2b: Gardevoir|Gardevoir, L50, F|100/100
|switch|p1b: Jolteon|Jolteon, L50, F|100/100
|move|p2a: Liepard|Fake Out|p1b: Jolteon
|-damage|p1b: Jolteon|85/100
|move|p1a: Chesnaught|Body Press|p2b: Gardevoir
|-resisted|p2b: Gardevoir|2
|-damage|p2b: Gardevoir|89/100
|
|upkeep
|turn|2
|inactive|mikewww has 30 seconds left.
|
|t:|1784245220
|switch|p2a: Krookodile|Krookodile, L50, F|100/100
|-ability|p2a: Krookodile|Intimidate|boost
|-unboost|p1a: Chesnaught|atk|1
|-unboost|p1b: Jolteon|atk|1
|move|p1b: Jolteon|Electroweb|p2a: Krookodile|[spread] p2b
|-immune|p2a: Krookodile
|-damage|p2b: Gardevoir|65/100
|-unboost|p2b: Gardevoir|spe|1
|move|p1a: Chesnaught|Wood Hammer|p2b: Gardevoir
|-damage|p2b: Gardevoir|27/100
|-damage|p1a: Chesnaught|89/100|[from] Recoil
|move|p2b: Gardevoir|Moonblast|p1b: Jolteon
|-damage|p1b: Jolteon|6/100
|
|upkeep
|turn|3
|inactive|Ceriii has 30 seconds left.
|inactive|mikewww has 30 seconds left.
|
|t:|1784245249
|switch|p1b: Greninja|Greninja, L50, M|100/100
|move|p2a: Krookodile|Gunk Shot|p1a: Chesnaught
|-supereffective|p1a: Chesnaught|1
|-damage|p1a: Chesnaught|25/100
|move|p1a: Chesnaught|Wood Hammer|p2b: Gardevoir
|-damage|p2b: Gardevoir|0 fnt
|faint|p2b: Gardevoir
|-damage|p1a: Chesnaught|17/100|[from] Recoil
|
|upkeep
|c|☆Ceriii|won't lie thought bulletproof blocked that
|
|t:|1784245268
|switch|p2b: Liepard|Liepard, L50, F|100/100
|turn|4
|
|t:|1784245293
|switch|p2a: Chandelure|Chandelure, L50, M|100/100
|switch|p1a: Krookodile|Krookodile, L50, M|100/100
|-ability|p1a: Krookodile|Intimidate|boost
|-unboost|p2a: Chandelure|atk|1
|-unboost|p2b: Liepard|atk|1
|move|p2b: Liepard|Fake Out|p1b: Greninja
|-damage|p1b: Greninja|87/100
|cant|p1b: Greninja|flinch
|
|upkeep
|turn|5
|inactive|Ceriii has 30 seconds left.
|
|t:|1784245319
|switch|p2b: Krookodile|Krookodile, L50, F|100/100
|-ability|p2b: Krookodile|Intimidate|boost
|-unboost|p1a: Krookodile|atk|1
|-unboost|p1b: Greninja|atk|1
|detailschange|p1b: Greninja|Greninja-Mega, L50, M
|-mega|p1b: Greninja|Greninja|Greninjite
|detailschange|p2a: Chandelure|Chandelure-Mega, L50, M
|-mega|p2a: Chandelure|Chandelure|Chandelurite
|move|p1b: Greninja|Hydro Pump|p2a: Chandelure
|-start|p1b: Greninja|typechange|Water|[from] ability: Protean
|-supereffective|p2a: Chandelure|1
|-damage|p2a: Chandelure|0 fnt
|faint|p2a: Chandelure
|move|p1a: Krookodile|Crunch|p2b: Krookodile
|-resisted|p2b: Krookodile|1
|-damage|p2b: Krookodile|83/100
|
|upkeep
|
|t:|1784245333
|switch|p2a: Liepard|Liepard, L50, F|100/100
|turn|6
|inactive|Ceriii has 30 seconds left.
|inactive|mikewww has 30 seconds left.
|
|t:|1784245360
|move|p1b: Greninja|Protect|p1b: Greninja
|-singleturn|p1b: Greninja|Protect
|move|p2a: Liepard|Fake Out|p1b: Greninja
|-activate|p1b: Greninja|move: Protect
|move|p2b: Krookodile|High Horsepower|p1a: Krookodile
|-damage|p1a: Krookodile|53/100
|move|p1a: Krookodile|Taunt|p2a: Liepard
|-start|p2a: Liepard|move: Taunt
|
|upkeep
|turn|7
|inactive|Ceriii has 30 seconds left.
|
|t:|1784245385
|move|p2b: Krookodile|High Horsepower|p1b: Greninja
|-damage|p1b: Greninja|21/100
|move|p1b: Greninja|Hydro Pump|p2b: Krookodile
|-supereffective|p2b: Krookodile|1
|-damage|p2b: Krookodile|0 fnt
|faint|p2b: Krookodile
|move|p2a: Liepard|Knock Off|p1b: Greninja
|-damage|p1b: Greninja|0 fnt
|faint|p1b: Greninja
|move|p1a: Krookodile|Crunch|p2a: Liepard
|-resisted|p2a: Liepard|1
|-damage|p2a: Liepard|69/100
|
|upkeep
|
|t:|1784245397
|switch|p1b: Jolteon|Jolteon, L50, F|6/100
|turn|8
|
|t:|1784245408
|switch|p1a: Chesnaught|Chesnaught, L50, M, shiny|17/100
|move|p1b: Jolteon|Alluring Voice|p2a: Liepard
|-supereffective|p2a: Liepard|1
|-damage|p2a: Liepard|0 fnt
|faint|p2a: Liepard
|
|win|Ceriii
||Ceriii is ready for game 2.
||mikewww is ready for game 2.
|uhtml|next|Next: Game 2 of 3
