|j|☆garrman3
|j|☆Googie06
|html|garrman3Googie06    
|uhtml|bestof|Game 3 of a best-of-3
|t:|1755084310
|gametype|doubles
|player|p1|garrman3|fisherman-gen4|1147
|player|p2|Googie06|clay|1193
|gen|9
|tier|[Gen 9] VGC 2025 Reg H (Bo3)
|rated|
|rule|Species Clause: Limit one of each Pokémon
|rule|Item Clause: Limit 1 of each item
|clearpoke
|poke|p1|Archaludon, L50, F|
|poke|p1|Pelipper, L50, F|
|poke|p1|Basculegion, L50, M|
|poke|p1|Amoonguss, L50, F|
|poke|p1|Gholdengo, L50|
|poke|p1|Incineroar, L50, M|
|poke|p2|Sinistcha, L50|
|poke|p2|Kingambit, L50, F|
|poke|p2|Garchomp, L50, F|
|poke|p2|Primarina, L50, M|
|poke|p2|Volcarona, L50, M|
|poke|p2|Hariyama, L50, F|
|teampreview|4
|showteam|p1|Archaludon||AssaultVest|Stamina|BodyPress,DragonPulse,FlashCannon,ElectroShot|||F|||50|,,,,,Bug]Pelipper||FocusSash|Drizzle|WeatherBall,Hurricane,Tailwind,Protect|||F|||50|,,,,,Ground]Basculegion||ChoiceBand|SwiftSwim|WaveCrash,LastRespects,AquaJet,FlipTurn|||M|||50|,,,,,Water]Amoonguss||SitrusBerry|Regenerator|PollenPuff,Spore,RagePowder,Protect|||F|||50|,,,,,Fairy]Gholdengo||LifeOrb|GoodasGold|MakeItRain,ShadowBall,NastyPlot,Protect||||||50|,,,,,Water]Incineroar||RockyHelmet|Intimidate|KnockOff,Taunt,PartingShot,FakeOut|||M|||50|,,,,,Ghost
|showteam|p2|Sinistcha||MentalHerb|Heatproof|MatchaGotcha,CalmMind,StrengthSap,TrickRoom||||||50|,,,,,Dark]Kingambit||LumBerry|Defiant|KowtowCleave,IronHead,SuckerPunch,SwordsDance|||F|||50|,,,,,Ghost]Garchomp||LoadedDice|RoughSkin|StompingTantrum,ScaleShot,SwordsDance,Protect|||F|||50|,,,,,Steel]Primarina||ChoiceSpecs|LiquidVoice|HyperVoice,Moonblast,DazzlingGleam,HydroCannon|||M|||50|,,,,,Grass]Volcarona||SafetyGoggles|FlameBody|StruggleBug,Flamethrower,RagePowder,Tailwind|||M|||50|,,,,,Water]Hariyama||AssaultVest|ThickFat|DrainPunch,KnockOff,HeadlongRush,FakeOut|||F|||50|,,,,,Steel
|inactive|Battle timer is ON: inactive players will automatically lose when time's up. (requested by garrman3)
|l|☆garrman3
|inactive|garrman3 disconnected and has a minute to reconnect!
|player|p1|
|inactive|Googie06 has 60 seconds left.
|inactive|garrman3 has 30 seconds to reconnect!
|inactive|garrman3 has 20 seconds to reconnect!
|inactive|garrman3 has 15 seconds to reconnect!
|inactive|garrman3 has 10 seconds to reconnect!
|j|☆garrman3
|inactive|garrman3 reconnected and has 15 seconds left.
|player|p1|garrman3|fisherman-gen4|
|inactive|garrman3 has 10 seconds left.
|inactive|garrman3 has 5 seconds left.
|
|t:|1755084396
|teamsize|p1|4
|teamsize|p2|4
|start
|switch|p1a: Archaludon|Archaludon, L50, F|100/100
|switch|p1b: Amoonguss|Amoonguss, L50, F|100/100
|switch|p2a: Kingambit|Kingambit, L50, F|100/100
|switch|p2b: Volcarona|Volcarona, L50, M|100/100
|turn|1
|inactive|garrman3 has 30 seconds left.
|inactive|Googie06 has 30 seconds left.
|inactive|Googie06 has 20 seconds left.
|inactive|Googie06 has 15 seconds left.
|
|t:|1755084437
|switch|p1b: Pelipper|Pelipper, L50, F|100/100
|-weather|RainDance|[from] ability: Drizzle|[of] p1b: Pelipper
|-terastallize|p2a: Kingambit|Ghost
|move|p2b: Volcarona|Flamethrower|p1a: Archaludon
|-damage|p1a: Archaludon|88/100
|-status|p1a: Archaludon|brn
|-ability|p1a: Archaludon|Stamina|boost
|-boost|p1a: Archaludon|def|1
|move|p1a: Archaludon|Electro Shot||[still]
|-prepare|p1a: Archaludon|Electro Shot
|-boost|p1a: Archaludon|spa|1
|-anim|p1a: Archaludon|Electro Shot|p2a: Kingambit
|-damage|p2a: Kingambit|44/100
|move|p2a: Kingambit|Kowtow Cleave|p1a: Archaludon
|-damage|p1a: Archaludon|66/100 brn
|-ability|p1a: Archaludon|Stamina|boost
|-boost|p1a: Archaludon|def|1
|
|-weather|RainDance|[upkeep]
|-damage|p1a: Archaludon|60/100 brn|[from] brn
|upkeep
|turn|2
|inactive|garrman3 has 30 seconds left.
|
|t:|1755084465
|switch|p1b: Amoonguss|Amoonguss, L50, F|100/100
|move|p2b: Volcarona|Tailwind|p2b: Volcarona
|-sidestart|p2: Googie06|move: Tailwind
|move|p2a: Kingambit|Kowtow Cleave|p1b: Amoonguss
|-damage|p1b: Amoonguss|62/100
|move|p1a: Archaludon|Electro Shot||[still]
|-prepare|p1a: Archaludon|Electro Shot
|-boost|p1a: Archaludon|spa|1
|-anim|p1a: Archaludon|Electro Shot|p2a: Kingambit
|-damage|p2a: Kingambit|0 fnt
|faint|p2a: Kingambit
|
|-weather|RainDance|[upkeep]
|-damage|p1a: Archaludon|54/100 brn|[from] brn
|upkeep
|
|t:|1755084482
|switch|p2a: Primarina|Primarina, L50, M|100/100
|turn|3
|
|t:|1755084494
|-terastallize|p1a: Archaludon|Bug
|move|p1b: Amoonguss|Rage Powder|p1b: Amoonguss
|-singleturn|p1b: Amoonguss|move: Rage Powder
|move|p2b: Volcarona|Struggle Bug|p1b: Amoonguss|[spread] p1a,p1b
|-damage|p1a: Archaludon|44/100 brn
|-damage|p1b: Amoonguss|47/100
|-unboost|p1a: Archaludon|spa|1
|-unboost|p1b: Amoonguss|spa|1
|-ability|p1a: Archaludon|Stamina|boost
|-boost|p1a: Archaludon|def|1
|-enditem|p1b: Amoonguss|Sitrus Berry|[eat]
|-heal|p1b: Amoonguss|72/100|[from] item: Sitrus Berry
|move|p2a: Primarina|Moonblast|p1b: Amoonguss
|-resisted|p1b: Amoonguss
|-damage|p1b: Amoonguss|39/100
|move|p1a: Archaludon|Electro Shot||[still]
|-prepare|p1a: Archaludon|Electro Shot
|-boost|p1a: Archaludon|spa|1
|-anim|p1a: Archaludon|Electro Shot|p2a: Primarina
|-supereffective|p2a: Primarina
|-damage|p2a: Primarina|0 fnt
|faint|p2a: Primarina
|
|-weather|RainDance|[upkeep]
|-damage|p1a: Archaludon|38/100 brn|[from] brn
|upkeep
|
|t:|1755084511
|switch|p2a: Garchomp|Garchomp, L50, F|100/100
|turn|4
|
|t:|1755084528
|move|p2a: Garchomp|Protect|p2a: Garchomp
|-singleturn|p2a: Garchomp|Protect
|move|p1b: Amoonguss|Rage Powder|p1b: Amoonguss
|-singleturn|p1b: Amoonguss|move: Rage Powder
|move|p2b: Volcarona|Flamethrower|p1a: Archaludon
|-supereffective|p1a: Archaludon
|-damage|p1a: Archaludon|10/100 brn
|-ability|p1a: Archaludon|Stamina|boost
|-boost|p1a: Archaludon|def|1
|move|p1a: Archaludon|Dragon Pulse|p2a: Garchomp
|-activate|p2a: Garchomp|move: Protect
|
|-weather|RainDance|[upkeep]
|-damage|p1a: Archaludon|4/100 brn|[from] brn
|upkeep
|turn|5
|
|t:|1755084542
|move|p2b: Volcarona|Struggle Bug|p1b: Amoonguss|[spread] p1a,p1b
|-damage|p1a: Archaludon|0 fnt
|-damage|p1b: Amoonguss|24/100
|-unboost|p1b: Amoonguss|spa|1
|faint|p1a: Archaludon
|move|p2a: Garchomp|Scale Shot|p1b: Amoonguss
|-damage|p1b: Amoonguss|13/100
|-damage|p1b: Amoonguss|1/100
|-damage|p1b: Amoonguss|0 fnt
|faint|p1b: Amoonguss
|-hitcount|p1: Amoonguss|3
|-unboost|p2a: Garchomp|def|1
|-boost|p2a: Garchomp|spe|1
|
|-weather|none
|-sideend|p2: Googie06|move: Tailwind
|upkeep
|
|t:|1755084548
|switch|p1a: Pelipper|Pelipper, L50, F|100/100
|switch|p1b: Basculegion|Basculegion, L50, M|100/100
|-weather|RainDance|[from] ability: Drizzle|[of] p1a: Pelipper
|turn|6
|
|t:|1755084572
|move|p2b: Volcarona|Rage Powder|p2b: Volcarona
|-singleturn|p2b: Volcarona|move: Rage Powder
|move|p1b: Basculegion|Wave Crash|p2b: Volcarona
|-supereffective|p2b: Volcarona
|-damage|p2b: Volcarona|0 fnt
|faint|p2b: Volcarona
|-damage|p1b: Basculegion|69/100|[from] Recoil
|move|p2a: Garchomp|Scale Shot|p1b: Basculegion
|-damage|p1b: Basculegion|54/100
|-damage|p1b: Basculegion|38/100
|-damage|p1b: Basculegion|20/100
|-damage|p1b: Basculegion|2/100
|-damage|p1b: Basculegion|0 fnt
|faint|p1b: Basculegion
|-hitcount|p1: Basculegion|5
|-unboost|p2a: Garchomp|def|1
|-boost|p2a: Garchomp|spe|1
|move|p1a: Pelipper|Weather Ball|p2a: Garchomp
|-damage|p2a: Garchomp|27/100
|
|-weather|RainDance|[upkeep]
|upkeep
|turn|7
|
|t:|1755084593
|move|p2a: Garchomp|Scale Shot|p1a: Pelipper
|-damage|p1a: Pelipper|81/100
|-damage|p1a: Pelipper|63/100
|-crit|p1a: Pelipper
|-damage|p1a: Pelipper|36/100
|-damage|p1a: Pelipper|17/100
|-hitcount|p1a: Pelipper|4
|-unboost|p2a: Garchomp|def|1
|-boost|p2a: Garchomp|spe|1
|move|p1a: Pelipper|Weather Ball|p2a: Garchomp
|-damage|p2a: Garchomp|0 fnt
|faint|p2a: Garchomp
|
|win|garrman3
|raw|garrman3's rating: 1147 → 1175(+28 for winning)
|raw|Googie06's rating: 1193 → 1165(-28 for losing)
|c|☆Googie06|aaaa
