|j|☆Invoker Kuzan
|j|☆cpeavy04
|html|Invoker Kuzancpeavy04    
|uhtml|bestof|Game 2 of a best-of-3
|t:|1756248537
|gametype|doubles
|player|p1|Invoker Kuzan|marnie-masters3|1118
|player|p2|cpeavy04|170|1000
|gen|9
|tier|[Gen 9] VGC 2025 Reg H (Bo3)
|rated|
|rule|Species Clause: Limit one of each Pokémon
|rule|Item Clause: Limit 1 of each item
|clearpoke
|poke|p1|Indeedee-F, L50, F|
|poke|p1|Hatterene, L50, F|
|poke|p1|Gallade, L50, M|
|poke|p1|Ursaluna, L50, M|
|poke|p1|Lilligant-Hisui, L50, F|
|poke|p1|Torkoal, L50, M|
|poke|p2|Dragonite, L50, M|
|poke|p2|Ursaluna-Bloodmoon, L50, M|
|poke|p2|Gholdengo, L50|
|poke|p2|Incineroar, L50, M|
|poke|p2|Ninetales-Alola, L50, F|
|poke|p2|Amoonguss, L50, M|
|teampreview|4
|showteam|p1|Indeedee-F||PsychicSeed|PsychicSurge|TrickRoom,FollowMe,HelpingHand,DazzlingGleam|||F|||50|,,,,,Fire]Hatterene||LifeOrb|MagicBounce|ExpandingForce,TrickRoom,DazzlingGleam,Protect|||F|||50|,,,,,Psychic]Gallade||ClearAmulet|Sharpness|PsychoCut,TrickRoom,SacredSword,WideGuard|||M|||50|,,,,,Grass]Ursaluna||FlameOrb|Guts|HeadlongRush,Facade,SwordsDance,Protect|||M|||50|,,,,,Ghost]Lilligant-Hisui||FocusSash|Chlorophyll|SolarBlade,SleepPowder,CloseCombat,AfterYou|||F|||50|,,,,,Ghost]Torkoal||ChoiceSpecs|Drought|Eruption,HeatWave,WeatherBall,EarthPower|||M|||50|,,,,,Fire
|showteam|p2|Dragonite||LoadedDice|Multiscale|ScaleShot,Tailwind,Haze,Protect|||M|||50|,,,,,Steel]Ursaluna-Bloodmoon||AssaultVest|MindsEye|HyperVoice,BloodMoon,EarthPower,VacuumWave|||M|||50|,,,,,Normal]Gholdengo||Leftovers|GoodasGold|MakeItRain,ShadowBall,NastyPlot,Protect||||||50|,,,,,Steel]Incineroar||SafetyGoggles|Intimidate|FlareBlitz,KnockOff,FakeOut,PartingShot|||M|||50|,,,,,Ghost]Ninetales-Alola||FocusSash|SnowWarning|FreezeDry,DazzlingGleam,AuroraVeil,Protect|||F|||50|,,,,,Ghost]Amoonguss||SitrusBerry|Regenerator|Spore,RagePowder,PollenPuff,ClearSmog|||M|||50|,,,,,Water
|inactive|Battle timer is ON: inactive players will automatically lose when time's up. (requested by Invoker Kuzan)
|
|t:|1756248569
|teamsize|p1|4
|teamsize|p2|4
|start
|switch|p1a: Lilligant|Lilligant-Hisui, L50, F, shiny|100/100
|switch|p1b: Torkoal|Torkoal, L50, M, shiny|100/100
|switch|p2a: Incineroar|Incineroar, L50, M|100/100
|switch|p2b: Gholdengo|Gholdengo, L50|100/100
|-ability|p2a: Incineroar|Intimidate|boost
|-unboost|p1a: Lilligant|atk|1
|-unboost|p1b: Torkoal|atk|1
|-weather|SunnyDay|[from] ability: Drought|[of] p1b: Torkoal
|turn|1
|inactive|Invoker Kuzan has 30 seconds left.
|inactive|cpeavy04 has 30 seconds left.
|inactive|Invoker Kuzan has 20 seconds left.
|inactive|cpeavy04 has 20 seconds left.
|inactive|Invoker Kuzan has 15 seconds left.
|inactive|cpeavy04 has 15 seconds left.
|inactive|Invoker Kuzan has 10 seconds left.
|inactive|cpeavy04 has 10 seconds left.
|inactive|cpeavy04 has 5 seconds left.
|
|t:|1756248620
|switch|p1a: Indeedee|Indeedee-F, L50, F, shiny|100/100
|-fieldstart|move: Psychic Terrain|[from] ability: Psychic Surge|[of] p1a: Indeedee
|-enditem|p1a: Indeedee|Psychic Seed
|-boost|p1a: Indeedee|spd|1|[from] item: Psychic Seed
|move|p2a: Incineroar|Fake Out|p1b: Torkoal
|-activate|p1b: Torkoal|move: Psychic Terrain
|move|p2b: Gholdengo|Shadow Ball|p1b: Torkoal
|-damage|p1b: Torkoal|36/100
|-unboost|p1b: Torkoal|spd|1
|move|p1b: Torkoal|Weather Ball|p2b: Gholdengo
|-supereffective|p2b: Gholdengo
|-damage|p2b: Gholdengo|0 fnt
|faint|p2b: Gholdengo
|
|-weather|SunnyDay|[upkeep]
|upkeep
|
|t:|1756248634
|switch|p2b: Ursaluna|Ursaluna-Bloodmoon, L50, M|100/100
|turn|2
|
|t:|1756248652
|switch|p1b: Ursaluna|Ursaluna, L50, M, shiny|100/100
|-terastallize|p1a: Indeedee|Fire
|move|p2b: Ursaluna|Hyper Voice|p1a: Indeedee|[spread] p1a,p1b
|-damage|p1a: Indeedee|78/100
|-damage|p1b: Ursaluna|69/100
|move|p2a: Incineroar|Knock Off|p1a: Indeedee
|-damage|p1a: Indeedee|55/100
|move|p1a: Indeedee|Trick Room|p1a: Indeedee
|-fieldstart|move: Trick Room|[of] p1a: Indeedee
|
|-weather|SunnyDay|[upkeep]
|-status|p1b: Ursaluna|brn|[from] item: Flame Orb
|upkeep
|turn|3
|inactive|cpeavy04 has 30 seconds left.
|
|t:|1756248685
|switch|p2a: Amoonguss|Amoonguss, L50, M|100/100
|move|p1a: Indeedee|Helping Hand|p1b: Ursaluna
|-singleturn|p1b: Ursaluna|Helping Hand|[of] p1a: Indeedee
|move|p1b: Ursaluna|Facade|p2b: Ursaluna
|-damage|p2b: Ursaluna|0 fnt
|faint|p2b: Ursaluna
|
|-weather|SunnyDay|[upkeep]
|-damage|p1b: Ursaluna|63/100 brn|[from] brn
|upkeep
|
|t:|1756248695
|switch|p2b: Incineroar|Incineroar, L50, M|100/100
|-ability|p2b: Incineroar|Intimidate|boost
|-unboost|p1a: Indeedee|atk|1
|-unboost|p1b: Ursaluna|atk|1
|turn|4
|
|t:|1756248719
|-terastallize|p2b: Incineroar|Ghost
|move|p1a: Indeedee|Helping Hand|p1b: Ursaluna
|-singleturn|p1b: Ursaluna|Helping Hand|[of] p1a: Indeedee
|move|p2a: Amoonguss|Spore|p1a: Indeedee
|-status|p1a: Indeedee|slp|[from] move: Spore
|move|p1b: Ursaluna|Facade|p2a: Amoonguss
|-damage|p2a: Amoonguss|3/100
|-enditem|p2a: Amoonguss|Sitrus Berry|[eat]
|-heal|p2a: Amoonguss|28/100|[from] item: Sitrus Berry
|move|p2b: Incineroar|Flare Blitz|p1b: Ursaluna
|-damage|p1b: Ursaluna|7/100 brn
|-damage|p2b: Incineroar|79/100|[from] Recoil
|
|-weather|SunnyDay|[upkeep]
|-damage|p1b: Ursaluna|1/100 brn|[from] brn
|upkeep
|turn|5
|inactive|cpeavy04 has 30 seconds left.
|inactive|Invoker Kuzan has 30 seconds left.
|
|t:|1756248755
|move|p2a: Amoonguss|Clear Smog|p1b: Ursaluna
|-resisted|p1b: Ursaluna
|-damage|p1b: Ursaluna|0 fnt
|-clearboost|p1b: Ursaluna
|faint|p1b: Ursaluna
|move|p2b: Incineroar|Knock Off|p1a: Indeedee
|-crit|p1a: Indeedee
|-damage|p1a: Indeedee|17/100 slp
|cant|p1a: Indeedee|slp
|
|-weather|none
|-fieldend|move: Psychic Terrain
|upkeep
|
|t:|1756248770
|switch|p1b: Torkoal|Torkoal, L50, M, shiny|36/100
|-weather|SunnyDay|[from] ability: Drought|[of] p1b: Torkoal
|turn|6
|inactive|cpeavy04 has 30 seconds left.
|inactive|Invoker Kuzan has 30 seconds left.
|inactive|cpeavy04 has 20 seconds left.
|inactive|cpeavy04 has 15 seconds left.
|
|t:|1756248810
|-curestatus|p1a: Indeedee|slp|[msg]
|move|p1a: Indeedee|Helping Hand|p1b: Torkoal
|-singleturn|p1b: Torkoal|Helping Hand|[of] p1a: Indeedee
|move|p1b: Torkoal|Heat Wave|p2b: Incineroar|[spread] p2a,p2b
|-supereffective|p2a: Amoonguss
|-damage|p2a: Amoonguss|0 fnt
|-damage|p2b: Incineroar|0 fnt
|faint|p2a: Amoonguss
|faint|p2b: Incineroar
|
|win|Invoker Kuzan
||Invoker Kuzan is ready for game 3.
|inactive|cpeavy04 has 30 seconds to confirm battle start!
||cpeavy04 is ready for game 3.
|uhtml|next|Next: Game 3 of 3
