|j|☆test_0xp
|j|☆themismatcher
|html|test_0xpthemismatcher    
|uhtml|bestof|Game 1 of a best-of-3
|t:|1757832588
|gametype|doubles
|player|p1|test_0xp|265|1202
|player|p2|themismatcher|benga|1344
|gen|9
|tier|[Gen 9] VGC 2025 Reg H (Bo3)
|rated|
|rule|Species Clause: Limit one of each Pokémon
|rule|Item Clause: Limit 1 of each item
|clearpoke
|poke|p1|Charizard, L50, M|
|poke|p1|Jumpluff, L50, F|
|poke|p1|Torkoal, L50, M|
|poke|p1|Ursaluna, L50, M|
|poke|p1|Exeggutor-Alola, L50, M|
|poke|p1|Incineroar, L50, F|
|poke|p2|Pelipper, L50, M|
|poke|p2|Basculegion, L50, M|
|poke|p2|Amoonguss, L50, F|
|poke|p2|Archaludon, L50, F|
|poke|p2|Greninja-*, L50, M|
|poke|p2|Annihilape, L50, M|
|teampreview|4
|showteam|p1|Charizard||ChoiceSpecs|SolarPower|HeatWave,Overheat,WeatherBall,DragonPulse|||M|||50|,,,,,Ghost]Jumpluff||CovertCloak|Chlorophyll|RagePowder,SunnyDay,Tailwind,SleepPowder|||F|||50|,,,,,Fire]Torkoal||EjectPack|Drought|Protect,Overheat,Eruption,HelpingHand|||M|||50|,,,,,Fire]Ursaluna||FlameOrb|Guts|Protect,Facade,Earthquake,HeadlongRush|||M|||50|,,,,,Ghost]Exeggutor-Alola||SitrusBerry|Harvest|Protect,TrickRoom,SleepPowder,GigaDrain|||M|||50|,,,,,Steel]Incineroar||SafetyGoggles|Intimidate|FakeOut,PartingShot,FlareBlitz,KnockOff|||F|||50|,,,,,Flying
|showteam|p2|Pelipper||FocusSash|Drizzle|WeatherBall,Hurricane,Tailwind,WideGuard|||M|||50|,,,,,Stellar]Basculegion||ChoiceBand|SwiftSwim|WaveCrash,FlipTurn,LastRespects,AquaJet|||M|||50|,,,,,Grass]Amoonguss||SitrusBerry|Regenerator|Spore,RagePowder,PollenPuff,ClearSmog|||F|||50|,,,,,Dark]Archaludon||AssaultVest|Stamina|DragonPulse,FlashCannon,ElectroShot,BodyPress|||F|||50|,,,,,Bug]Greninja||LoadedDice|Torrent|WaterShuriken,DarkPulse,Taunt,RainDance|||M|||50|,,,,,Ghost]Annihilape||ChoiceScarf|Defiant|CloseCombat,RageFist,Uturn,FinalGambit|||M|||50|,,,,,Grass
|inactive|Battle timer is ON: inactive players will automatically lose when time's up. (requested by test_0xp)
|inactive|test_0xp has 60 seconds left.
|
|t:|1757832631
|teamsize|p1|4
|teamsize|p2|4
|start
|switch|p1a: Jumpluff|Jumpluff, L50, F|100/100
|switch|p1b: Charizard|Charizard, L50, M|100/100
|switch|p2a: Greninja|Greninja, L50, M|100/100
|switch|p2b: Annihilape|Annihilape, L50, M|100/100
|turn|1
|inactive|test_0xp has 30 seconds left.
|inactive|themismatcher has 30 seconds left.
|
|t:|1757832657
|switch|p1a: Torkoal|Torkoal, L50, M|100/100
|-weather|SunnyDay|[from] ability: Drought|[of] p1a: Torkoal
|-terastallize|p2b: Annihilape|Grass
|move|p2b: Annihilape|Final Gambit|p1a: Torkoal
|-damage|p1a: Torkoal|0 fnt
|faint|p2b: Annihilape
|faint|p1a: Torkoal
|move|p2a: Greninja|Rain Dance|p2a: Greninja
|-weather|RainDance
|move|p1b: Charizard|Heat Wave|p2a: Greninja
|-resisted|p2a: Greninja
|-damage|p2a: Greninja|78/100
|
|-weather|RainDance|[upkeep]
|upkeep
|
|t:|1757832674
|switch|p2b: Basculegion|Basculegion, L50, M|100/100
|switch|p1a: Jumpluff|Jumpluff, L50, F|100/100
|turn|2
|
|t:|1757832693
|-terastallize|p1b: Charizard|Ghost
|move|p2a: Greninja|Water Shuriken|p1b: Charizard
|-damage|p1b: Charizard|90/100
|-damage|p1b: Charizard|80/100
|-damage|p1b: Charizard|69/100
|-damage|p1b: Charizard|59/100
|-hitcount|p1b: Charizard|4
|move|p2b: Basculegion|Last Respects|p1a: Jumpluff
|-damage|p1a: Jumpluff|1/100
|move|p1a: Jumpluff|Sunny Day|p1a: Jumpluff
|-weather|SunnyDay
|move|p1b: Charizard|Heat Wave|p2a: Greninja|[spread] p2a,p2b
|-resisted|p2a: Greninja
|-resisted|p2b: Basculegion
|-damage|p2a: Greninja|1/100
|-damage|p2b: Basculegion|42/100
|
|-weather|SunnyDay|[upkeep]
|-damage|p1b: Charizard|47/100|[from] ability: Solar Power|[of] p1b: Charizard
|upkeep
|turn|3
|
|t:|1757832714
|switch|p2b: Pelipper|Pelipper, L50, M|100/100
|-weather|RainDance|[from] ability: Drizzle|[of] p2b: Pelipper
|move|p2a: Greninja|Water Shuriken|p1a: Jumpluff
|-resisted|p1a: Jumpluff
|-damage|p1a: Jumpluff|0 fnt
|faint|p1a: Jumpluff
|-hitcount|p1: Jumpluff|1
|move|p1b: Charizard|Heat Wave|p2b: Pelipper|[spread] p2a,p2b
|-resisted|p2a: Greninja
|-resisted|p2b: Pelipper
|-damage|p2a: Greninja|0 fnt
|-damage|p2b: Pelipper|78/100
|faint|p2a: Greninja
|
|-weather|RainDance|[upkeep]
|upkeep
|
|t:|1757832724
|switch|p2a: Basculegion|Basculegion, L50, M|42/100
|switch|p1a: Ursaluna|Ursaluna, L50, M|100/100
|turn|4
|
|t:|1757832747
|move|p2b: Pelipper|Wide Guard|p2b: Pelipper
|-singleturn|p2b: Pelipper|Wide Guard
|move|p2a: Basculegion|Wave Crash|p1a: Ursaluna
|-supereffective|p1a: Ursaluna
|-damage|p1a: Ursaluna|0 fnt
|faint|p1a: Ursaluna
|-damage|p2a: Basculegion|5/100|[from] Recoil
|move|p1b: Charizard|Heat Wave|p2a: Basculegion|[spread] 
|-activate|p2a: Basculegion|move: Wide Guard
|-activate|p2b: Pelipper|move: Wide Guard
|
|-weather|RainDance|[upkeep]
|upkeep
|turn|5
|-message|test_0xp forfeited.
|
|win|themismatcher
||test_0xp is ready for game 2.
|inactive|themismatcher has 30 seconds to confirm battle start!
||themismatcher is ready for game 2.
|uhtml|next|Next: Game 2 of 3
|l|☆themismatcher
|player|p2|
|l|☆test_0xp
|player|p1|
|j|☆test_0xp
|player|p1|test_0xp|265|
