|j|☆luk2929powa
|j|☆Emasait
|html|luk2929powaEmasait    
|uhtml|bestof|Game 1 of a best-of-3
|t:|1782524081
|gametype|doubles
|player|p1|luk2929powa|101|1111
|player|p2|Emasait|red|1086
|gen|9
|tier|[Gen 9 Champions] VGC 2026 Reg M-B (Bo3)
|rated|
|rule|Species Clause: Limit one of each Pokémon
|rule|Item Clause: Limit 1 of each item
|clearpoke
|poke|p1|Staraptor, L50, F|
|poke|p1|Sinistcha, L50|
|poke|p1|Grimmsnarl, L50, M|
|poke|p1|Delphox, L50, M|
|poke|p1|Basculegion, L50, M|
|poke|p1|Maushold-Four, L50|
|poke|p2|Swampert, L50, M|
|poke|p2|Venusaur, L50, F|
|poke|p2|Sableye, L50, M|
|poke|p2|Pelipper, L50, M|
|poke|p2|Kingambit, L50, M|
|poke|p2|Archaludon, L50, F|
|teampreview|4
|showteam|p1|Staraptor||Staraptite|Intimidate|DualWingbeat,CloseCombat,Roost,Protect|Jolly||F|||50|]Sinistcha||OccaBerry|Hospitality|MatchaGotcha,RagePowder,LifeDew,Protect|Bold|||||50|]Grimmsnarl||RoseliBerry|Prankster|LightScreen,PartingShot,ScaryFace,FakeOut|Calm||M|||50|]Delphox||Delphoxite|Blaze|HeatWave,Psychic,NastyPlot,Protect|Timid||M|||50|]Basculegion||LifeOrb|SwiftSwim|LastRespects,AquaJet,WaveCrash,Protect|Jolly||M|||50|]Maushold-Four||FocusSash|FriendGuard|FollowMe,FakeTears,Charm,Protect|Jolly|||||50|
|showteam|p2|Swampert||Swampertite|Torrent|WaveCrash,FlipTurn,HighHorsepower,Protect|Adamant||M|||50|]Venusaur||Venusaurite|Chlorophyll|GigaDrain,SludgeBomb,EarthPower,Protect|Bold||F|||50|]Sableye||RoseliBerry|Prankster|Reflect,LightScreen,RainDance,WillOWisp|Careful||M|||50|]Pelipper||FocusSash|Drizzle|Hurricane,WeatherBall,Protect,Tailwind|Modest||M|||50|]Kingambit||BlackGlasses|Defiant|KowtowCleave,SuckerPunch,SwordsDance,Protect|Adamant||M|||50|]Archaludon||Leftovers|Stamina|FlashCannon,DragonPulse,ElectroShot,Protect|Bold||F|||50|
|inactive|Battle timer is ON: inactive players will automatically lose when time's up. (requested by luk2929powa)
|
|t:|1782524099
|teamsize|p1|4
|teamsize|p2|4
|start
|switch|p1a: Staraptor|Staraptor, L50, F|100/100
|switch|p1b: Grimmsnarl|Grimmsnarl, L50, M|100/100
|switch|p2a: Swampert|Swampert, L50, M|100/100
|switch|p2b: Sableye|Sableye, L50, M|100/100
|-ability|p1a: Staraptor|Intimidate|boost
|-unboost|p2a: Swampert|atk|1
|-unboost|p2b: Sableye|atk|1
|turn|1
|
|t:|1782524124
|detailschange|p2a: Swampert|Swampert-Mega, L50, M
|-mega|p2a: Swampert|Swampert|Swampertite
|move|p1a: Staraptor|Protect|p1a: Staraptor
|-singleturn|p1a: Staraptor|Protect
|move|p1b: Grimmsnarl|Parting Shot|p2a: Swampert
|-unboost|p2a: Swampert|atk|1
|-unboost|p2a: Swampert|spa|1
|
|t:|1782524134
|switch|p1b: Sinistcha|Sinistcha, L50|100/100|[from] Parting Shot
|move|p2b: Sableye|Rain Dance|p2b: Sableye
|-weather|RainDance
|move|p2a: Swampert|Wave Crash|p1a: Staraptor
|-activate|p1a: Staraptor|move: Protect
|
|-weather|RainDance|[upkeep]
|upkeep
|turn|2
|
|t:|1782524149
|switch|p2a: Archaludon|Archaludon, L50, F|100/100
|detailschange|p1a: Staraptor|Staraptor-Mega, L50, F
|-mega|p1a: Staraptor|Staraptor|Staraptite
|move|p1b: Sinistcha|Rage Powder|p1b: Sinistcha
|-singleturn|p1b: Sinistcha|move: Rage Powder
|move|p2b: Sableye|Reflect|p2b: Sableye
|-sidestart|p2: Emasait|Reflect
|move|p1a: Staraptor|Close Combat|p2a: Archaludon
|-supereffective|p2a: Archaludon|1
|-damage|p2a: Archaludon|46/100
|-boost|p1a: Staraptor|def|1
|-boost|p1a: Staraptor|spd|1
|-ability|p2a: Archaludon|Stamina|boost
|-boost|p2a: Archaludon|def|1
|
|-weather|RainDance|[upkeep]
|-heal|p2a: Archaludon|52/100|[from] item: Leftovers
|upkeep
|turn|3
|inactive|luk2929powa has 30 seconds left.
|
|t:|1782524175
|switch|p1b: Grimmsnarl|Grimmsnarl, L50, M|100/100
|move|p1a: Staraptor|Protect|p1a: Staraptor
|-singleturn|p1a: Staraptor|Protect
|move|p2a: Archaludon|Protect|p2a: Archaludon
|-singleturn|p2a: Archaludon|Protect
|move|p2b: Sableye|Will-O-Wisp|p1a: Staraptor
|-activate|p1a: Staraptor|move: Protect
|
|-weather|RainDance|[upkeep]
|-heal|p2a: Archaludon|58/100|[from] item: Leftovers
|upkeep
|turn|4
|inactive|luk2929powa has 30 seconds left.
|
|t:|1782524207
|switch|p2a: Swampert|Swampert-Mega, L50, M|100/100
|move|p1b: Grimmsnarl|Parting Shot|p1a: Staraptor
|-boost|p1a: Staraptor|atk|1
|-boost|p1a: Staraptor|spa|1
|
|t:|1782524221
|switch|p1b: Sinistcha|Sinistcha, L50|100/100|[from] Parting Shot
|move|p2b: Sableye|Will-O-Wisp|p1a: Staraptor
|-status|p1a: Staraptor|brn
|move|p1a: Staraptor|Close Combat|p2a: Swampert
|-damage|p2a: Swampert|76/100
|-boost|p1a: Staraptor|def|1
|-boost|p1a: Staraptor|spd|1
|
|-weather|RainDance|[upkeep]
|-damage|p1a: Staraptor|94/100 brn|[from] brn
|upkeep
|turn|5
|inactive|Emasait has 30 seconds left.
|
|t:|1782524247
|move|p2b: Sableye|Will-O-Wisp|p1b: Sinistcha
|-status|p1b: Sinistcha|brn
|move|p2a: Swampert|Flip Turn|p1a: Staraptor
|-damage|p1a: Staraptor|64/100 brn
|
|t:|1782524255
|switch|p2a: Pelipper|Pelipper, L50, M|100/100|[from] Flip Turn
|move|p1a: Staraptor|Close Combat|p2a: Pelipper
|-resisted|p2a: Pelipper|1
|-damage|p2a: Pelipper|80/100
|-boost|p1a: Staraptor|def|1
|-boost|p1a: Staraptor|spd|1
|move|p1b: Sinistcha|Matcha Gotcha|p2b: Sableye|[spread] p2a,p2b
|-damage|p2a: Pelipper|36/100
|-damage|p2b: Sableye|75/100
|
|-weather|none
|-damage|p1a: Staraptor|58/100 brn|[from] brn
|-damage|p1b: Sinistcha|93/100 brn|[from] brn
|upkeep
|turn|6
|inactive|luk2929powa has 30 seconds left.
|
|t:|1782524281
|switch|p1b: Grimmsnarl|Grimmsnarl, L50, M|100/100
|move|p2b: Sableye|Rain Dance|p2b: Sableye
|-weather|RainDance
|move|p1a: Staraptor|Close Combat|p2a: Pelipper
|-resisted|p2a: Pelipper|1
|-damage|p2a: Pelipper|15/100
|-boost|p1a: Staraptor|def|1
|-boost|p1a: Staraptor|spd|1
|move|p2a: Pelipper|Weather Ball|p1a: Staraptor
|-damage|p1a: Staraptor|30/100 brn
|
|-weather|RainDance|[upkeep]
|-damage|p1a: Staraptor|25/100 brn|[from] brn
|-sideend|p2: Emasait|Reflect
|upkeep
|turn|7
|
|t:|1782524304
|move|p1b: Grimmsnarl|Parting Shot|p1a: Staraptor
|-boost|p1a: Staraptor|atk|1
|-boost|p1a: Staraptor|spa|1
|
|t:|1782524308
|switch|p1b: Sinistcha|Sinistcha, L50|93/100 brn|[from] Parting Shot
|-heal|p1a: Staraptor|49/100 brn|[from] ability: Hospitality|[of] p1b: Sinistcha
|move|p2b: Sableye|Will-O-Wisp|p1b: Sinistcha
|-fail|p1b: Sinistcha|brn
|move|p1a: Staraptor|Roost|p1a: Staraptor
|-heal|p1a: Staraptor|100/100 brn
|-singleturn|p1a: Staraptor|move: Roost
|move|p2a: Pelipper|Tailwind|p2a: Pelipper
|-sidestart|p2: Emasait|move: Tailwind
|
|-weather|RainDance|[upkeep]
|-damage|p1a: Staraptor|94/100 brn|[from] brn
|-damage|p1b: Sinistcha|87/100 brn|[from] brn
|upkeep
|turn|8
|inactive|Emasait has 30 seconds left.
|inactive|Emasait has 20 seconds left.
|inactive|Emasait has 15 seconds left.
|
|t:|1782524349
|switch|p1b: Maushold|Maushold-Four, L50|100/100
|move|p2b: Sableye|Reflect|p2b: Sableye
|-sidestart|p2: Emasait|Reflect
|move|p2a: Pelipper|Hurricane|p1b: Maushold
|-damage|p1b: Maushold|34/100
|-start|p1b: Maushold|confusion
|move|p1a: Staraptor|Close Combat|p2a: Pelipper
|-resisted|p2a: Pelipper|1
|-damage|p2a: Pelipper|0 fnt
|-boost|p1a: Staraptor|def|1
|-boost|p1a: Staraptor|spd|1
|faint|p2a: Pelipper
|
|-weather|RainDance|[upkeep]
|-damage|p1a: Staraptor|88/100 brn|[from] brn
|upkeep
|
|t:|1782524367
|switch|p2a: Archaludon|Archaludon, L50, F|58/100
|turn|9
|
|t:|1782524389
|move|p2a: Archaludon|Protect|p2a: Archaludon
|-singleturn|p2a: Archaludon|Protect
|move|p2b: Sableye|Will-O-Wisp|p1b: Maushold
|-status|p1b: Maushold|brn
|-activate|p1b: Maushold|confusion
|move|p1b: Maushold|Charm|p1a: Staraptor
|-boost|p1a: Staraptor|atk|2
|move|p1a: Staraptor|Close Combat|p2a: Archaludon
|-activate|p2a: Archaludon|move: Protect
|
|-weather|RainDance|[upkeep]
|-heal|p2a: Archaludon|64/100|[from] item: Leftovers
|-damage|p1b: Maushold|28/100 brn|[from] brn
|-damage|p1a: Staraptor|82/100 brn|[from] brn
|upkeep
|turn|10
|inactive|luk2929powa has 30 seconds left.
|inactive|Emasait has 30 seconds left.
|inactive|luk2929powa has 20 seconds left.
|
|t:|1782524428
|switch|p2b: Swampert|Swampert-Mega, L50, M|76/100
|move|p2a: Archaludon|Electro Shot||[still]
|-prepare|p2a: Archaludon|Electro Shot
|-boost|p2a: Archaludon|spa|1
|-anim|p2a: Archaludon|Electro Shot|p1a: Staraptor
|-supereffective|p1a: Staraptor|1
|-damage|p1a: Staraptor|55/100 brn
|-activate|p1b: Maushold|confusion
|move|p1b: Maushold|Fake Tears|p2b: Swampert
|-unboost|p2b: Swampert|spd|2
|move|p1a: Staraptor|Close Combat|p2a: Archaludon
|-supereffective|p2a: Archaludon|1
|-damage|p2a: Archaludon|0 fnt
|-boost|p1a: Staraptor|def|1
|-boost|p1a: Staraptor|spd|1
|faint|p2a: Archaludon
|
|-weather|none
|-damage|p1b: Maushold|22/100 brn|[from] brn
|-damage|p1a: Staraptor|49/100 brn|[from] brn
|-sideend|p2: Emasait|move: Tailwind
|upkeep
|
|t:|1782524449
|switch|p2a: Sableye|Sableye, L50, M|75/100
|turn|11
|
|t:|1782524471
|switch|p1b: Sinistcha|Sinistcha, L50|87/100 brn
|-heal|p1a: Staraptor|74/100 brn|[from] ability: Hospitality|[of] p1b: Sinistcha
|move|p2a: Sableye|Rain Dance|p2a: Sableye
|-weather|RainDance
|move|p2b: Swampert|Wave Crash|p1a: Staraptor
|-damage|p1a: Staraptor|46/100 brn
|-damage|p2b: Swampert|68/100|[from] Recoil
|move|p1a: Staraptor|Roost|p1a: Staraptor
|-heal|p1a: Staraptor|97/100 brn
|-singleturn|p1a: Staraptor|move: Roost
|
|-weather|RainDance|[upkeep]
|-damage|p1a: Staraptor|91/100 brn|[from] brn
|-damage|p1b: Sinistcha|81/100 brn|[from] brn
|upkeep
|turn|12
|inactive|Emasait has 30 seconds left.
|
|t:|1782524498
|move|p2a: Sableye|Light Screen|p2a: Sableye
|-sidestart|p2: Emasait|move: Light Screen
|move|p2b: Swampert|Wave Crash|p1a: Staraptor
|-damage|p1a: Staraptor|64/100 brn
|-damage|p2b: Swampert|60/100|[from] Recoil
|move|p1a: Staraptor|Close Combat|p2b: Swampert
|-damage|p2b: Swampert|8/100
|move|p1b: Sinistcha|Matcha Gotcha|p2b: Swampert|[spread] p2a,p2b
|-supereffective|p2b: Swampert|2
|-damage|p2a: Sableye|59/100
|-heal|p1b: Sinistcha|88/100 brn|[from] drain|[of] p2a: Sableye
|-damage|p2b: Swampert|0 fnt
|-heal|p1b: Sinistcha|93/100 brn|[from] drain|[of] p2b: Swampert
|faint|p2b: Swampert
|
|-weather|RainDance|[upkeep]
|-damage|p1a: Staraptor|58/100 brn|[from] brn
|-damage|p1b: Sinistcha|87/100 brn|[from] brn
|-sideend|p2: Emasait|Reflect
|upkeep
|turn|13
|-message|Emasait forfeited.
|raw|luk2929powa's rating: 1111 → 1134(+23 for winning)
|raw|Emasait's rating: 1086 → 1065(-21 for losing)
|
|win|luk2929powa
|l|☆Emasait
|player|p2|
|l|☆luk2929powa
|player|p1|
