|j|☆hkings234
|j|☆ZyresVGC
|html|hkings234ZyresVGC    
|uhtml|bestof|Game 1 of a best-of-3
|t:|1785481260
|gametype|doubles
|player|p1|hkings234|170|1000
|player|p2|ZyresVGC|boarder|1045
|gen|9
|tier|[Gen 9 Champions] VGC 2026 Reg M-B (Bo3)
|rated|
|rule|Species Clause: Limit one of each Pokémon
|rule|Item Clause: Limit 1 of each item
|clearpoke
|poke|p1|Raichu, L50, F|
|poke|p1|Heliolisk, L50, M|
|poke|p1|Garchomp, L50, F|
|poke|p1|Tyranitar, L50, M|
|poke|p1|Whimsicott, L50, F|
|poke|p1|Corviknight, L50, M|
|poke|p2|Malamar, L50, M|
|poke|p2|Maushold, L50|
|poke|p2|Mawile, L50, F|
|poke|p2|Sinistcha, L50|
|poke|p2|Whimsicott, L50, M|
|poke|p2|Incineroar, L50, M|
|teampreview|4
|showteam|p1|Raichu||RaichuniteY|LightningRod|ZapCannon,FakeOut,FocusBlast,Protect|Hasty||F|||50|]Heliolisk||FocusSash|SandVeil|Discharge,Electroweb,Protect,WeatherBall|Timid||M|||50|]Garchomp||Garchompite|RoughSkin|DragonClaw,Earthquake,Protect,RockSlide|Jolly||F|||50|]Tyranitar||SitrusBerry|SandStream|DragonDance,KnockOff,RockSlide,Protect|Adamant||M|||50|]Whimsicott||FairyFeather|Prankster|Tailwind,Moonblast,Encore,StunSpore|Bold||F|||50|]Corviknight||Leftovers|MirrorArmor|BulkUp,BodyPress,Roost,BraveBird|Careful||M|||50|
|showteam|p2|Malamar||Malamarite|Contrary|Superpower,KnockOff,TrickRoom,Protect|Adamant||M|||50|]Maushold||WideLens|Technician|PopulationBomb,FollowMe,Feint,Protect|Jolly|||||50|]Mawile||Mawilite|HyperCutter|PlayRough,RockSlide,SuckerPunch,Protect|Brave||F|||50|]Sinistcha||ColburBerry|Hospitality|MatchaGotcha,LifeDew,RagePowder,Protect|Calm|||||50|]Whimsicott||FocusSash|Prankster|Moonblast,Tailwind,Charm,FakeTears|Modest||M|||50|]Incineroar||LifeOrb|Intimidate|FlareBlitz,DarkestLariat,PartingShot,FakeOut|Brave||M|||50|
|
|t:|1785481310
|teamsize|p1|4
|teamsize|p2|4
|start
|switch|p1a: Heliolisk|Heliolisk, L50, M|100/100
|switch|p1b: Raichu|Raichu, L50, F|100/100
|switch|p2a: Malamar|Malamar, L50, M|100/100
|switch|p2b: Maushold|Maushold, L50|100/100
|turn|1
|
|t:|1785481331
|move|p1b: Raichu|Fake Out|p2a: Malamar
|-damage|p2a: Malamar|91/100
|move|p2b: Maushold|Follow Me|p2b: Maushold
|-singleturn|p2b: Maushold|move: Follow Me
|move|p1a: Heliolisk|Discharge|p2b: Maushold|[spread] p2a,p2b
|-ability|p1b: Raichu|Lightning Rod|boost
|-boost|p1b: Raichu|spa|1
|-damage|p2a: Malamar|62/100
|-damage|p2b: Maushold|55/100
|-status|p2b: Maushold|par
|cant|p2a: Malamar|flinch
|
|upkeep
|turn|2
|
|t:|1785481356
|detailschange|p1b: Raichu|Raichu-Mega-Y, L50, F
|-mega|p1b: Raichu|Raichu|Raichunite Y
|move|p1b: Raichu|Zap Cannon|p2a: Malamar
|-damage|p2a: Malamar|0 fnt
|faint|p2a: Malamar
|move|p1a: Heliolisk|Electroweb|p2b: Maushold
|-damage|p2b: Maushold|17/100 par
|-unboost|p2b: Maushold|spe|1
|move|p2b: Maushold|Population Bomb|p1b: Raichu
|-damage|p1b: Raichu|71/100
|-damage|p1b: Raichu|44/100
|-damage|p1b: Raichu|15/100
|-damage|p1b: Raichu|0 fnt
|faint|p1b: Raichu
|-hitcount|p1: Raichu|4
|
|upkeep
|
|t:|1785481377
|switch|p1b: Tyranitar|Tyranitar, L50, M|100/100
|switch|p2a: Sinistcha|Sinistcha, L50|100/100
|-weather|Sandstorm|[from] ability: Sand Stream|[of] p1b: Tyranitar
|-heal|p2b: Maushold|41/100 par|[from] ability: Hospitality|[of] p2a: Sinistcha
|turn|3
|
|t:|1785481396
|move|p2b: Maushold|Protect|p2b: Maushold
|-singleturn|p2b: Maushold|Protect
|move|p1a: Heliolisk|Weather Ball|p2b: Maushold
|-activate|p2b: Maushold|move: Protect
|move|p1b: Tyranitar|Dragon Dance|p1b: Tyranitar
|-boost|p1b: Tyranitar|atk|1
|-boost|p1b: Tyranitar|spe|1
|move|p2a: Sinistcha|Matcha Gotcha|p1b: Tyranitar|[spread] p1b
|-miss|p2a: Sinistcha|p1a: Heliolisk
|-supereffective|p1b: Tyranitar|1
|-crit|p1b: Tyranitar
|-damage|p1b: Tyranitar|48/100
|-enditem|p1b: Tyranitar|Sitrus Berry|[eat]
|-heal|p1b: Tyranitar|72/100|[from] item: Sitrus Berry
|
|-weather|Sandstorm|[upkeep]
|-damage|p2a: Sinistcha|93/100|[from] Sandstorm
|-damage|p2b: Maushold|35/100 par|[from] Sandstorm
|upkeep
|turn|4
|
|t:|1785481425
|switch|p2b: Mawile|Mawile, L50, F|100/100
|move|p1b: Tyranitar|Protect|p1b: Tyranitar
|-singleturn|p1b: Tyranitar|Protect
|move|p1a: Heliolisk|Discharge|p2b: Mawile|[spread] p2a,p2b
|-activate|p1b: Tyranitar|move: Protect
|-resisted|p2a: Sinistcha|1
|-damage|p2a: Sinistcha|81/100
|-damage|p2b: Mawile|46/100
|-status|p2a: Sinistcha|par
|move|p2a: Sinistcha|Matcha Gotcha|p1b: Tyranitar|[spread] 
|-activate|p1b: Tyranitar|move: Protect
|-miss|p2a: Sinistcha|p1a: Heliolisk
|
|-weather|Sandstorm|[upkeep]
|-damage|p2a: Sinistcha|75/100 par|[from] Sandstorm
|upkeep
|turn|5
|
|t:|1785481444
|detailschange|p2b: Mawile|Mawile-Mega, L50, F
|-mega|p2b: Mawile|Mawile|Mawilite
|move|p1a: Heliolisk|Electroweb|p2a: Sinistcha|[spread] p2a,p2b
|-resisted|p2a: Sinistcha|1
|-damage|p2a: Sinistcha|67/100 par
|-damage|p2b: Mawile|25/100
|-unboost|p2a: Sinistcha|spe|1
|-unboost|p2b: Mawile|spe|1
|move|p1b: Tyranitar|Knock Off|p2a: Sinistcha
|-supereffective|p2a: Sinistcha|1
|-enditem|p2a: Sinistcha|Colbur Berry|[eat]
|-enditem|p2a: Sinistcha|Colbur Berry|[weaken]
|-damage|p2a: Sinistcha|0 fnt
|faint|p2a: Sinistcha
|move|p2b: Mawile|Play Rough|p1a: Heliolisk
|-enditem|p1a: Heliolisk|Focus Sash
|-damage|p1a: Heliolisk|1/100
|
|-weather|Sandstorm|[upkeep]
|upkeep
|
|t:|1785481459
|switch|p2a: Maushold|Maushold, L50|35/100 par
|turn|6
|
|t:|1785481470
|move|p2a: Maushold|Follow Me|p2a: Maushold
|-singleturn|p2a: Maushold|move: Follow Me
|move|p1a: Heliolisk|Discharge|p2a: Maushold|[spread] p1b,p2a,p2b
|-damage|p1b: Tyranitar|54/100
|-damage|p2a: Maushold|0 fnt
|-damage|p2b: Mawile|0 fnt
|-status|p1b: Tyranitar|par
|faint|p2a: Maushold
|faint|p2b: Mawile
|
|win|hkings234
|l|☆ZyresVGC
|player|p2|
|inactive|hkings234 has 30 seconds to confirm battle start!
|inactive|ZyresVGC has 30 seconds to confirm battle start!
||hkings234 is ready for game 2.
||ZyresVGC is ready for game 2.
|uhtml|next|Next: Game 2 of 3
