|j|☆Slim aromatic chad
|j|☆fat stinky chud
|html|Slim aromatic chadfat stinky chud    
|uhtml|bestof|Game 2 of a best-of-3
|t:|1756166880
|gametype|doubles
|player|p1|Slim aromatic chad|brycen|1023
|player|p2|fat stinky chud|chuck|1082
|gen|9
|tier|[Gen 9] VGC 2025 Reg H (Bo3)
|rated|
|rule|Species Clause: Limit one of each Pokémon
|rule|Item Clause: Limit 1 of each item
|clearpoke
|poke|p1|Charizard, L50, F|
|poke|p1|Gallade, L50, M|
|poke|p1|Ursaluna, L50, M|
|poke|p1|Torkoal, L50, M|
|poke|p1|Indeedee-F, L50, F|
|poke|p1|Hatterene, L50, F|
|poke|p2|Charizard, L50, M|
|poke|p2|Gallade, L50, M|
|poke|p2|Ursaluna, L50, F|
|poke|p2|Torkoal, L50, F|
|poke|p2|Indeedee-F, L50, F|
|poke|p2|Hatterene, L50, F|
|teampreview|4
|showteam|p1|Charizard||ChoiceScarf|SolarPower|WeatherBall,HeatWave,SolarBeam,Overheat|||F|||50|,,,,,Fire]Gallade||ClearAmulet|Sharpness|SacredSword,PsychoCut,WideGuard,TrickRoom|||M|||50|,,,,,Grass]Ursaluna||FlameOrb|Guts|Facade,Earthquake,HeadlongRush,Protect|||M|||50|,,,,,Ghost]Torkoal||Charcoal|Drought|Eruption,WeatherBall,Protect,HelpingHand|||M|||50|,,,,,Fire]Indeedee-F||PsychicSeed|PsychicSurge|HealingWish,FollowMe,TrickRoom,HelpingHand|||F|||50|,,,,,Fairy]Hatterene||LifeOrb|MagicBounce|ExpandingForce,DazzlingGleam,Protect,TrickRoom|||F|||50|,,,,,Water
|showteam|p2|Charizard||ChoiceScarf|SolarPower|WeatherBall,HeatWave,SolarBeam,Overheat|||M|||50|,,,,,Fire]Gallade||ClearAmulet|Sharpness|SacredSword,PsychoCut,WideGuard,TrickRoom|||M|||50|,,,,,Grass]Ursaluna||FlameOrb|Guts|Facade,Earthquake,HeadlongRush,Protect|||F|||50|,,,,,Ghost]Torkoal||Charcoal|Drought|Eruption,WeatherBall,Protect,HelpingHand|||F|||50|,,,,,Fire]Indeedee-F||PsychicSeed|PsychicSurge|DazzlingGleam,FollowMe,TrickRoom,HelpingHand|||F|||50|,,,,,Fairy]Hatterene||LifeOrb|MagicBounce|ExpandingForce,DazzlingGleam,Protect,TrickRoom|||F|||50|,,,,,Water
|inactive|Battle timer is ON: inactive players will automatically lose when time's up. (requested by fat stinky chud)
|inactive|Slim aromatic chad also wants the timer to be on.
|inactive|fat stinky chud has 60 seconds left.
|
|t:|1756166913
|teamsize|p1|4
|teamsize|p2|4
|start
|switch|p1a: Indeedee|Indeedee-F, L50, F|100/100
|switch|p1b: Hatterene|Hatterene, L50, F|100/100
|switch|p2a: Charizard|Charizard, L50, M|100/100
|switch|p2b: Gallade|Gallade, L50, M|100/100
|-fieldstart|move: Psychic Terrain|[from] ability: Psychic Surge|[of] p1a: Indeedee
|-enditem|p1a: Indeedee|Psychic Seed
|-boost|p1a: Indeedee|spd|1|[from] item: Psychic Seed
|turn|1
|
|t:|1756166935
|switch|p2b: Torkoal|Torkoal, L50, F|100/100
|-weather|SunnyDay|[from] ability: Drought|[of] p2b: Torkoal
|-terastallize|p2a: Charizard|Fire
|-terastallize|p1b: Hatterene|Water
|move|p2a: Charizard|Heat Wave|p1b: Hatterene|[spread] p1a,p1b
|-resisted|p1b: Hatterene
|-damage|p1a: Indeedee|45/100
|-damage|p1b: Hatterene|38/100
|move|p1a: Indeedee|Healing Wish|p1a: Indeedee
|faint|p1a: Indeedee
|move|p1b: Hatterene|Trick Room|p1b: Hatterene
|-fieldstart|move: Trick Room|[of] p1b: Hatterene
|
|-weather|SunnyDay|[upkeep]
|-damage|p2a: Charizard|89/100|[from] ability: Solar Power|[of] p2a: Charizard
|upkeep
|
|t:|1756166947
|switch|p1a: Torkoal|Torkoal, L50, M|100/100
|turn|2
|
|t:|1756166954
|move|p1a: Torkoal|Weather Ball|p2b: Torkoal
|-resisted|p2b: Torkoal
|-damage|p2b: Torkoal|46/100
|move|p2b: Torkoal|Eruption|p1b: Hatterene|[spread] p1a,p1b
|-resisted|p1a: Torkoal
|-resisted|p1b: Hatterene
|-damage|p1a: Torkoal|75/100
|-damage|p1b: Hatterene|17/100
|move|p1b: Hatterene|Expanding Force|p2a: Charizard|[spread] p2a,p2b
|-damage|p2a: Charizard|0 fnt
|-damage|p2b: Torkoal|0 fnt
|faint|p2a: Charizard
|faint|p2b: Torkoal
|-damage|p1b: Hatterene|7/100|[from] item: Life Orb
|
|-weather|SunnyDay|[upkeep]
|upkeep
|
|t:|1756166968
|switch|p2b: Ursaluna|Ursaluna, L50, F|100/100
|switch|p2a: Gallade|Gallade, L50, M|100/100
|turn|3
|
|t:|1756166975
|move|p1b: Hatterene|Protect|p1b: Hatterene
|-singleturn|p1b: Hatterene|Protect
|move|p2a: Gallade|Wide Guard|p2a: Gallade
|-singleturn|p2a: Gallade|Wide Guard
|move|p1a: Torkoal|Weather Ball|p2b: Ursaluna
|-damage|p2b: Ursaluna|26/100
|move|p2b: Ursaluna|Earthquake|p1b: Hatterene|[spread] p1a
|-activate|p2a: Gallade|move: Wide Guard
|-activate|p1b: Hatterene|move: Protect
|-supereffective|p1a: Torkoal
|-crit|p1a: Torkoal
|-damage|p1a: Torkoal|0 fnt
|faint|p1a: Torkoal
|
|-weather|SunnyDay|[upkeep]
|-status|p2b: Ursaluna|brn|[from] item: Flame Orb
|upkeep
|
|t:|1756166982
|switch|p1a: Ursaluna|Ursaluna, L50, M|100/100
|turn|4
|
|t:|1756166994
|move|p2a: Gallade|Wide Guard|p2a: Gallade
|-singleturn|p2a: Gallade|Wide Guard
|move|p1b: Hatterene|Dazzling Gleam|p2a: Gallade|[spread] 
|-activate|p2a: Gallade|move: Wide Guard
|-activate|p2b: Ursaluna|move: Wide Guard
|move|p1a: Ursaluna|Facade|p2b: Ursaluna
|-damage|p2b: Ursaluna|0 fnt
|faint|p2b: Ursaluna
|
|-weather|SunnyDay|[upkeep]
|-status|p1a: Ursaluna|brn|[from] item: Flame Orb
|upkeep
|turn|5
|
|t:|1756167008
|move|p1a: Ursaluna|Facade|p2a: Gallade
|-damage|p2a: Gallade|0 fnt
|faint|p2a: Gallade
|
|win|Slim aromatic chad
|raw|Slim aromatic chad's rating: 1023 → 1066(+43 for winning)
|raw|fat stinky chud's rating: 1082 → 1056(-26 for losing)
