|j|☆Chelicerate1
|j|☆lobitooooo
|html|Chelicerate1lobitooooo    
|uhtml|bestof|Game 1 of a best-of-3
|t:|1784437877
|gametype|doubles
|player|p1|Chelicerate1|ethan|1278
|player|p2|lobitooooo|linebacker|1187
|gen|9
|tier|[Gen 9 Champions] VGC 2026 Reg M-B (Bo3)
|rated|
|rule|Species Clause: Limit one of each Pokémon
|rule|Item Clause: Limit 1 of each item
|clearpoke
|poke|p1|Grimmsnarl, L50, M|
|poke|p1|Basculegion, L50, M|
|poke|p1|Charizard, L50, F|
|poke|p1|Pelipper, L50, M|
|poke|p1|Venusaur, L50, M|
|poke|p1|Archaludon, L50, M|
|poke|p2|Sceptile, L50, M|
|poke|p2|Archaludon, L50, F|
|poke|p2|Pelipper, L50, F|
|poke|p2|Swampert, L50, F|
|poke|p2|Rotom-Heat, L50|
|poke|p2|Sneasler, L50, F|
|teampreview|4
|showteam|p1|Grimmsnarl||LightClay|Prankster|SpiritBreak,PartingShot,Reflect,LightScreen|Sassy||M|||50|]Basculegion||ChoiceScarf|Adaptability|LastRespects,WaveCrash,AquaJet,FlipTurn|Jolly||M|||50|]Charizard||CharizarditeY|Blaze|Protect,HeatWave,WeatherBall,SolarBeam|Modest||F|||50|]Pelipper||SitrusBerry|Drizzle|Hurricane,WeatherBall,Tailwind,WideGuard|Modest||M|||50|]Venusaur||FocusSash|Chlorophyll|SludgeBomb,SleepPowder,EarthPower,Protect|Modest||M|||50|]Archaludon||Leftovers|Stamina|ElectroShot,DragonPulse,FlashCannon,Protect|Calm||M|||50|
|showteam|p2|Sceptile||Sceptilite|Unburden|EnergyBall,DragonPulse,EarthPower,Detect|Calm||M|||50|]Archaludon||Leftovers|Stamina|DracoMeteor,Protect,FlashCannon,ElectroShot|Modest||F|||50|]Pelipper||SitrusBerry|Drizzle|Tailwind,WideGuard,WeatherBall,Hurricane|Modest||F|||50|]Swampert||Swampertite|Torrent|IcePunch,Protect,WaveCrash,Earthquake|Adamant||F|||50|]Rotom-Heat||ChoiceScarf|Levitate|Overheat,VoltSwitch,WillOWisp,Discharge|Timid|||||50|]Sneasler||WhiteHerb|Unburden|FakeOut,CloseCombat,DireClaw,Protect|Jolly||F|||50|
|inactive|Battle timer is ON: inactive players will automatically lose when time's up. (requested by Chelicerate1)
|inactive|Chelicerate1 has 60 seconds left.
|
|t:|1784437918
|teamsize|p1|4
|teamsize|p2|4
|start
|switch|p1a: Charizard|Charizard, L50, F|100/100
|switch|p1b: Grimmsnarl|Grimmsnarl, L50, M|100/100
|switch|p2a: Archaludon|Archaludon, L50, F|100/100
|switch|p2b: Rotom|Rotom-Heat, L50|100/100
|turn|1
|inactive|Chelicerate1 has 30 seconds left.
|inactive|lobitooooo has 30 seconds left.
|
|t:|1784437950
|switch|p1a: Archaludon|Archaludon, L50, M|100/100
|move|p2a: Archaludon|Protect|p2a: Archaludon
|-singleturn|p2a: Archaludon|Protect
|move|p1b: Grimmsnarl|Light Screen|p1b: Grimmsnarl
|-sidestart|p1: Chelicerate1|move: Light Screen
|move|p2b: Rotom|Volt Switch|p1a: Archaludon
|-resisted|p1a: Archaludon|1
|-damage|p1a: Archaludon|90/100
|-ability|p1a: Archaludon|Stamina|boost
|-boost|p1a: Archaludon|def|1
|
|t:|1784437961
|switch|p2b: Swampert|Swampert, L50, F|100/100|[from] Volt Switch
|
|-heal|p1a: Archaludon|96/100|[from] item: Leftovers
|upkeep
|turn|2
|
|t:|1784437974
|switch|p2b: Rotom|Rotom-Heat, L50|100/100
|move|p1b: Grimmsnarl|Reflect|p1b: Grimmsnarl
|-sidestart|p1: Chelicerate1|Reflect
|move|p2a: Archaludon|Draco Meteor|p1a: Archaludon
|-damage|p1a: Archaludon|59/100
|-unboost|p2a: Archaludon|spa|2
|-ability|p1a: Archaludon|Stamina|boost
|-boost|p1a: Archaludon|def|1
|move|p1a: Archaludon|Dragon Pulse|p2b: Rotom
|-damage|p2b: Rotom|48/100
|
|-heal|p1a: Archaludon|65/100|[from] item: Leftovers
|upkeep
|turn|3
|inactive|Chelicerate1 has 30 seconds left.
|
|t:|1784438002
|switch|p2a: Swampert|Swampert, L50, F|100/100
|move|p1b: Grimmsnarl|Parting Shot|p2b: Rotom
|-unboost|p2b: Rotom|atk|1
|-unboost|p2b: Rotom|spa|1
|
|t:|1784438008
|switch|p1b: Pelipper|Pelipper, L50, M|100/100|[from] Parting Shot
|-weather|RainDance|[from] ability: Drizzle|[of] p1b: Pelipper
|move|p2b: Rotom|Will-O-Wisp|p1a: Archaludon
|-status|p1a: Archaludon|brn
|move|p1a: Archaludon|Dragon Pulse|p2b: Rotom
|-damage|p2b: Rotom|1/100
|
|-weather|RainDance|[upkeep]
|-heal|p1a: Archaludon|71/100 brn|[from] item: Leftovers
|-damage|p1a: Archaludon|65/100 brn|[from] brn
|upkeep
|turn|4
|inactive|Chelicerate1 has 30 seconds left.
|inactive|lobitooooo has 30 seconds left.
|
|t:|1784438036
|switch|p2b: Pelipper|Pelipper, L50, F|100/100
|detailschange|p2a: Swampert|Swampert-Mega, L50, F
|-mega|p2a: Swampert|Swampert|Swampertite
|move|p2a: Swampert|Earthquake|p1b: Pelipper|[spread] p1a
|-immune|p2b: Pelipper
|-immune|p1b: Pelipper
|-supereffective|p1a: Archaludon|1
|-damage|p1a: Archaludon|42/100 brn
|-ability|p1a: Archaludon|Stamina|boost
|-boost|p1a: Archaludon|def|1
|move|p1a: Archaludon|Electro Shot||[still]
|-prepare|p1a: Archaludon|Electro Shot
|-boost|p1a: Archaludon|spa|1
|-anim|p1a: Archaludon|Electro Shot|p2b: Pelipper
|-supereffective|p2b: Pelipper|2
|-damage|p2b: Pelipper|0 fnt
|faint|p2b: Pelipper
|move|p1b: Pelipper|Tailwind|p1b: Pelipper
|-sidestart|p1: Chelicerate1|move: Tailwind
|
|-weather|RainDance|[upkeep]
|-heal|p1a: Archaludon|48/100 brn|[from] item: Leftovers
|-damage|p1a: Archaludon|42/100 brn|[from] brn
|upkeep
|
|t:|1784438058
|switch|p2b: Archaludon|Archaludon, L50, F|100/100
|turn|5
|inactive|Chelicerate1 has 30 seconds left.
|
|t:|1784438087
|move|p1b: Pelipper|Wide Guard|p1b: Pelipper
|-singleturn|p1b: Pelipper|Wide Guard
|move|p1a: Archaludon|Dragon Pulse|p2b: Archaludon
|-damage|p2b: Archaludon|40/100
|-ability|p2b: Archaludon|Stamina|boost
|-boost|p2b: Archaludon|def|1
|move|p2a: Swampert|Wave Crash|p1a: Archaludon
|-resisted|p1a: Archaludon|1
|-damage|p1a: Archaludon|32/100 brn
|-ability|p1a: Archaludon|Stamina|boost
|-boost|p1a: Archaludon|def|1
|-damage|p2a: Swampert|96/100|[from] Recoil
|move|p2b: Archaludon|Electro Shot||[still]
|-prepare|p2b: Archaludon|Electro Shot
|-boost|p2b: Archaludon|spa|1
|-anim|p2b: Archaludon|Electro Shot|p1a: Archaludon
|-resisted|p1a: Archaludon|1
|-damage|p1a: Archaludon|14/100 brn
|-ability|p1a: Archaludon|Stamina|boost
|-boost|p1a: Archaludon|def|1
|
|-weather|RainDance|[upkeep]
|-heal|p1a: Archaludon|20/100y brn|[from] item: Leftovers
|-heal|p2b: Archaludon|46/100|[from] item: Leftovers
|-damage|p1a: Archaludon|14/100 brn|[from] brn
|upkeep
|turn|6
|
|t:|1784438112
|move|p2b: Archaludon|Protect|p2b: Archaludon
|-singleturn|p2b: Archaludon|Protect
|move|p1a: Archaludon|Dragon Pulse|p2a: Swampert
|-damage|p2a: Swampert|54/100
|move|p1b: Pelipper|Weather Ball|p2a: Swampert
|-damage|p2a: Swampert|6/100
|move|p2a: Swampert|Ice Punch|p1a: Archaludon
|-damage|p1a: Archaludon|10/100 brn
|-ability|p1a: Archaludon|Stamina|boost
|-boost|p1a: Archaludon|def|1
|
|-weather|RainDance|[upkeep]
|-heal|p1a: Archaludon|16/100 brn|[from] item: Leftovers
|-heal|p2b: Archaludon|52/100|[from] item: Leftovers
|-damage|p1a: Archaludon|10/100 brn|[from] brn
|upkeep
|turn|7
|
|t:|1784438132
|move|p1a: Archaludon|Dragon Pulse|p2b: Archaludon
|-damage|p2b: Archaludon|0 fnt
|faint|p2b: Archaludon
|move|p1b: Pelipper|Weather Ball|p2a: Swampert
|-crit|p2a: Swampert
|-damage|p2a: Swampert|0 fnt
|faint|p2a: Swampert
|
|-weather|none
|-heal|p1a: Archaludon|16/100 brn|[from] item: Leftovers
|-damage|p1a: Archaludon|10/100 brn|[from] brn
|-sideend|p1: Chelicerate1|move: Tailwind
|upkeep
|
|t:|1784438144
|switch|p2b: Rotom|Rotom-Heat, L50|1/100
|turn|8
|
|t:|1784438149
|move|p2b: Rotom|Overheat|p1a: Archaludon
|-crit|p1a: Archaludon
|-damage|p1a: Archaludon|0 fnt
|-unboost|p2b: Rotom|spa|2
|faint|p1a: Archaludon
|move|p1b: Pelipper|Weather Ball|p2b: Rotom
|-damage|p2b: Rotom|0 fnt
|faint|p2b: Rotom
|
|win|Chelicerate1
|inactive|Chelicerate1 has 30 seconds to confirm battle start!
|inactive|lobitooooo has 30 seconds to confirm battle start!
||lobitooooo is ready for game 2.
