|j|☆spiritnekovgc
|j|☆aldishh
|html|spiritnekovgcaldishh    
|uhtml|bestof|Game 1 of a best-of-3
|t:|1757042566
|gametype|doubles
|player|p1|spiritnekovgc|psychic-gen4|1000
|player|p2|aldishh|169|1076
|gen|9
|tier|[Gen 9] VGC 2025 Reg H (Bo3)
|rated|
|rule|Species Clause: Limit one of each Pokémon
|rule|Item Clause: Limit 1 of each item
|clearpoke
|poke|p1|Sneasler, L50, F|
|poke|p1|Indeedee, L50, M|
|poke|p1|Ursaluna-Bloodmoon, L50, M|
|poke|p1|Talonflame, L50, M|
|poke|p1|Primarina, L50, M|
|poke|p1|Arcanine-Hisui, L50, M|
|poke|p2|Volcarona, L50, M|
|poke|p2|Rillaboom, L50, M|
|poke|p2|Gholdengo, L50|
|poke|p2|Dragonite, L50, F|
|poke|p2|Arcanine-Hisui, L50, F|
|poke|p2|Incineroar, L50, M|
|teampreview|4
|showteam|p1|Sneasler||PsychicSeed|Unburden|CloseCombat,DireClaw,ThroatChop,Protect|||F|||50|,,,,,Dark]Indeedee||FocusSash|PsychicSurge|ExpandingForce,TrickRoom,HelpingHand,Protect|||M|||50|,,,,,Psychic]Ursaluna-Bloodmoon||LifeOrb|MindsEye|BloodMoon,HyperVoice,EarthPower,Protect|||M|||50|,,,,,Normal]Talonflame||CovertCloak|GaleWings|FlareBlitz,DualWingbeat,WillOWisp,Tailwind|||M|||50|,,,,,Flying]Primarina||SitrusBerry|LiquidVoice|HyperVoice,Moonblast,Haze,Protect|||M|||50|,,,,,Poison]Arcanine-Hisui||ChoiceBand|Intimidate|FlareBlitz,ExtremeSpeed,CloseCombat,RockSlide|||M|||50|,,,,,Grass
|showteam|p2|Volcarona||Leftovers|FlameBody|QuiverDance,FieryDance,RagePowder,Protect|||M|||50|,,,,,Fairy]Rillaboom||AssaultVest|GrassySurge|GrassyGlide,WoodHammer,FakeOut,Protect|||M|||50|,,,,,Fire]Gholdengo||MetalCoat|GoodasGold|NastyPlot,Protect,MakeItRain,ShadowBall||||||50|,,,,,Water]Dragonite||LoadedDice|Multiscale|ScaleShot,Protect,Haze,Tailwind|||F|||50|,,,,,Dragon]Arcanine-Hisui||LifeOrb|Intimidate|FlareBlitz,CloseCombat,Protect,FlameCharge|||F|||50|,,,,,Grass]Incineroar||SafetyGoggles|Intimidate|PartingShot,FakeOut,KnockOff,Taunt|||M|||50|,,,,,Ghost
|inactive|Battle timer is ON: inactive players will automatically lose when time's up. (requested by spiritnekovgc)
|inactive|spiritnekovgc has 60 seconds left.
|inactive|aldishh has 60 seconds left.
|inactive|spiritnekovgc has 30 seconds left.
|
|t:|1757042632
|teamsize|p1|4
|teamsize|p2|4
|start
|switch|p1a: Maple|Ursaluna-Bloodmoon, L50, M|100/100
|switch|p1b: Shrike|Talonflame, L50, M, shiny|100/100
|switch|p2a: Gholdengo|Gholdengo, L50|100/100
|switch|p2b: Arcanine|Arcanine-Hisui, L50, F|100/100
|-ability|p2b: Arcanine|Intimidate|boost
|-unboost|p1a: Maple|atk|1
|-unboost|p1b: Shrike|atk|1
|turn|1
|inactive|spiritnekovgc has 30 seconds left.
|inactive|aldishh has 30 seconds left.
|inactive|spiritnekovgc has 20 seconds left.
|inactive|aldishh has 20 seconds left.
|inactive|aldishh has 15 seconds left.
|
|t:|1757042676
|switch|p2a: Incineroar|Incineroar, L50, M, shiny|100/100
|-ability|p2a: Incineroar|Intimidate|boost
|-unboost|p1a: Maple|atk|1
|-unboost|p1b: Shrike|atk|1
|-terastallize|p2b: Arcanine|Grass
|move|p1a: Maple|Protect|p1a: Maple
|-singleturn|p1a: Maple|Protect
|move|p1b: Shrike|Tailwind|p1b: Shrike
|-sidestart|p1: spiritnekovgc|move: Tailwind
|move|p2b: Arcanine|Flame Charge|p1a: Maple
|-activate|p1a: Maple|move: Protect
|
|upkeep
|turn|2
|
|t:|1757042696
|switch|p1b: Alfred|Indeedee, L50, M|100/100
|-fieldstart|move: Psychic Terrain|[from] ability: Psychic Surge|[of] p1b: Alfred
|move|p2a: Incineroar|Fake Out|p1a: Maple
|-activate|p1a: Maple|move: Psychic Terrain
|move|p1a: Maple|Earth Power|p2a: Incineroar
|-supereffective|p2a: Incineroar
|-crit|p2a: Incineroar
|-damage|p2a: Incineroar|0 fnt
|faint|p2a: Incineroar
|-damage|p1a: Maple|91/100|[from] item: Life Orb
|move|p2b: Arcanine|Flame Charge|p1a: Maple
|-damage|p1a: Maple|66/100
|-boost|p2b: Arcanine|spe|1
|-damage|p2b: Arcanine|91/100|[from] item: Life Orb
|
|upkeep
|
|t:|1757042713
|switch|p2a: Rillaboom|Rillaboom, L50, M|100/100
|-fieldstart|move: Grassy Terrain|[from] ability: Grassy Surge|[of] p2a: Rillaboom
|turn|3
|inactive|spiritnekovgc has 30 seconds left.
|
|t:|1757042747
|move|p1a: Maple|Protect|p1a: Maple
|-singleturn|p1a: Maple|Protect
|move|p2a: Rillaboom|Grassy Glide|p1a: Maple
|-activate|p1a: Maple|move: Protect
|move|p1b: Alfred|Expanding Force|p2b: Arcanine
|-damage|p2b: Arcanine|43/100
|move|p2b: Arcanine|Flame Charge|p1b: Alfred
|-damage|p1b: Alfred|31/100
|-boost|p2b: Arcanine|spe|1
|-damage|p2b: Arcanine|33/100|[from] item: Life Orb
|
|-heal|p1b: Alfred|37/100|[from] Grassy Terrain
|-heal|p2b: Arcanine|39/100|[from] Grassy Terrain
|-heal|p1a: Maple|72/100|[from] Grassy Terrain
|upkeep
|turn|4
|
|t:|1757042767
|switch|p1b: Sonya|Sneasler, L50, F|100/100
|switch|p1a: Shrike|Talonflame, L50, M, shiny|100/100
|move|p2a: Rillaboom|Grassy Glide|p1a: Shrike
|-resisted|p1a: Shrike
|-damage|p1a: Shrike|85/100
|move|p2b: Arcanine|Flame Charge|p1b: Sonya
|-damage|p1b: Sonya|45/100
|-boost|p2b: Arcanine|spe|1
|-damage|p2b: Arcanine|29/100|[from] item: Life Orb
|
|-heal|p2b: Arcanine|34/100|[from] Grassy Terrain
|-heal|p1b: Sonya|51/100|[from] Grassy Terrain
|-sideend|p1: spiritnekovgc|move: Tailwind
|upkeep
|turn|5
|inactive|aldishh has 30 seconds left.
|
|t:|1757042802
|switch|p1a: Alfred|Indeedee, L50, M|37/100
|-fieldstart|move: Psychic Terrain|[from] ability: Psychic Surge|[of] p1a: Alfred
|-enditem|p1b: Sonya|Psychic Seed
|-boost|p1b: Sonya|spd|1|[from] item: Psychic Seed
|switch|p2a: Gholdengo|Gholdengo, L50|100/100
|move|p2b: Arcanine|Flare Blitz|p1b: Sonya
|-damage|p1b: Sonya|0 fnt
|faint|p1b: Sonya
|-damage|p2b: Arcanine|19/100|[from] Recoil
|-damage|p2b: Arcanine|9/100|[from] item: Life Orb
|
|upkeep
|
|t:|1757042814
|switch|p1b: Maple|Ursaluna-Bloodmoon, L50, M|72/100
|turn|6
|inactive|aldishh has 30 seconds left.
|inactive|spiritnekovgc has 30 seconds left.
|inactive|spiritnekovgc has 20 seconds left.
|inactive|spiritnekovgc has 15 seconds left.
|inactive|aldishh has 20 seconds left.
|inactive|spiritnekovgc has 10 seconds left.
|
|t:|1757042866
|-terastallize|p1b: Maple|Normal
|move|p1a: Alfred|Helping Hand|p1b: Maple
|-singleturn|p1b: Maple|Helping Hand|[of] p1a: Alfred
|move|p2b: Arcanine|Flare Blitz|p1b: Maple
|-damage|p1b: Maple|14/100
|-status|p1b: Maple|brn
|-damage|p2b: Arcanine|0 fnt|[from] Recoil
|faint|p2b: Arcanine
|move|p2a: Gholdengo|Nasty Plot|p2a: Gholdengo
|-boost|p2a: Gholdengo|spa|2
|move|p1b: Maple|Hyper Voice|p2a: Gholdengo
|-resisted|p2a: Gholdengo
|-damage|p2a: Gholdengo|32/100
|-damage|p1b: Maple|4/100 brn|[from] item: Life Orb
|
|-damage|p1b: Maple|0 fnt|[from] brn
|faint|p1b: Maple
|upkeep
|
|t:|1757042882
|switch|p2b: Rillaboom|Rillaboom, L50, M|100/100
|switch|p1b: Shrike|Talonflame, L50, M, shiny|85/100
|-fieldstart|move: Grassy Terrain|[from] ability: Grassy Surge|[of] p2b: Rillaboom
|turn|7
|c|☆spiritnekovgc|oh wow i surivved that
|c|☆spiritnekovgc|oh wait im dead now
|
|t:|1757042906
|move|p2b: Rillaboom|Fake Out|p1b: Shrike
|-damage|p1b: Shrike|63/100
|move|p1b: Shrike|Flare Blitz|p2a: Gholdengo
|-supereffective|p2a: Gholdengo
|-damage|p2a: Gholdengo|0 fnt
|faint|p2a: Gholdengo
|-damage|p1b: Shrike|50/100|[from] Recoil
|move|p1a: Alfred|Expanding Force|p2b: Rillaboom
|-damage|p2b: Rillaboom|71/100
|
|-heal|p1a: Alfred|43/100|[from] Grassy Terrain
|-heal|p2b: Rillaboom|77/100|[from] Grassy Terrain
|upkeep
|turn|8
|c|☆spiritnekovgc|wait no im not
|-message|aldishh forfeited.
|
|win|spiritnekovgc
|l|☆aldishh
|player|p2|
