|j|☆trainerredvgc26
|j|☆raylof
|html|trainerredvgc26raylof    
|uhtml|bestof|Game 2 of a best-of-3
|t:|1756349847
|gametype|doubles
|player|p1|trainerredvgc26|1|1139
|player|p2|raylof|169|1183
|gen|9
|tier|[Gen 9] VGC 2025 Reg H (Bo3)
|rated|
|rule|Species Clause: Limit one of each Pokémon
|rule|Item Clause: Limit 1 of each item
|clearpoke
|poke|p1|Jumpluff, L50, M|
|poke|p1|Charizard, L50, M|
|poke|p1|Incineroar, L50, M|
|poke|p1|Porygon2, L50|
|poke|p1|Ursaluna, L50, M|
|poke|p1|Torkoal, L50, M|
|poke|p2|Dragonite, L50, F|
|poke|p2|Ursaluna-Bloodmoon, L50, M|
|poke|p2|Gholdengo, L50|
|poke|p2|Incineroar, L50, F|
|poke|p2|Amoonguss, L50, F|
|poke|p2|Ninetales-Alola, L50, F|
|teampreview|4
|showteam|p1|Jumpluff||CovertCloak|Chlorophyll|SleepPowder,SunnyDay,RagePowder,Tailwind|||M|||50|,,,,,Water]Charizard||ChoiceSpecs|SolarPower|HeatWave,Overheat,WeatherBall,AirSlash|||M|||50|,,,,,Ghost]Incineroar||SitrusBerry|Intimidate|FlareBlitz,KnockOff,FakeOut,PartingShot|||M|||50|,,,,,Grass]Porygon2||Eviolite|Download|TeraBlast,IceBeam,Recover,TrickRoom||||||50|,,,,,Fighting]Ursaluna||FlameOrb|Guts|HeadlongRush,Facade,Earthquake,Protect|||M|||50|,,,,,Ghost]Torkoal||EjectPack|Drought|Eruption,Overheat,HelpingHand,Protect|||M|||50|,,,,,Fire
|showteam|p2|Dragonite||LoadedDice|Multiscale|ScaleShot,Haze,Protect,Tailwind|||F|||50|,,,,,Fairy]Ursaluna-Bloodmoon||AssaultVest|MindsEye|BloodMoon,HyperVoice,VacuumWave,EarthPower|||M|||50|,,,,,Ghost]Gholdengo||LifeOrb|GoodasGold|MakeItRain,ShadowBall,Protect,NastyPlot||||||50|,,,,,Water]Incineroar||SafetyGoggles|Intimidate|KnockOff,FakeOut,FlareBlitz,PartingShot|||F|||50|,,,,,Ghost]Amoonguss||SitrusBerry|Regenerator|PollenPuff,Spore,RagePowder,Protect|||F|||50|,,,,,Water]Ninetales-Alola||LightClay|SnowWarning|IcyWind,FreezeDry,Protect,AuroraVeil|||F|||50|,,,,,Ghost
|inactive|Battle timer is ON: inactive players will automatically lose when time's up. (requested by trainerredvgc26)
|inactive|raylof has 60 seconds left.
|
|t:|1756349881
|teamsize|p1|4
|teamsize|p2|4
|start
|switch|p1a: Scat Pack|Incineroar, L50, M|100/100
|switch|p1b: Starbreaker|Porygon2, L50|100/100
|switch|p2a: Dragonite|Dragonite, L50, F|100/100
|switch|p2b: Ursaluna|Ursaluna-Bloodmoon, L50, M|100/100
|-ability|p1a: Scat Pack|Intimidate|boost
|-unboost|p2a: Dragonite|atk|1
|-unboost|p2b: Ursaluna|atk|1
|-ability|p1b: Starbreaker|Download|boost
|-boost|p1b: Starbreaker|spa|1
|turn|1
|inactive|raylof has 30 seconds left.
|inactive|raylof has 20 seconds left.
|
|t:|1756349922
|switch|p2a: Gholdengo|Gholdengo, L50|100/100
|move|p1a: Scat Pack|Parting Shot|p2b: Ursaluna
|-unboost|p2b: Ursaluna|atk|1
|-unboost|p2b: Ursaluna|spa|1
|
|t:|1756349938
|switch|p1a: Baloo|Ursaluna, L50, M, shiny|100/100|[from] Parting Shot
|move|p2b: Ursaluna|Earth Power|p1a: Baloo
|-damage|p1a: Baloo|68/100
|move|p1b: Starbreaker|Trick Room|p1b: Starbreaker
|-fieldstart|move: Trick Room|[of] p1b: Starbreaker
|
|-status|p1a: Baloo|brn|[from] item: Flame Orb
|upkeep
|turn|2
|
|t:|1756349955
|switch|p2b: Incineroar|Incineroar, L50, F|100/100
|-ability|p2b: Incineroar|Intimidate|boost
|-unboost|p1a: Baloo|atk|1
|-unboost|p1b: Starbreaker|atk|1
|move|p2a: Gholdengo|Protect|p2a: Gholdengo
|-singleturn|p2a: Gholdengo|Protect
|move|p1b: Starbreaker|Ice Beam|p2b: Incineroar
|-resisted|p2b: Incineroar
|-damage|p2b: Incineroar|81/100
|move|p1a: Baloo|Facade|p2b: Incineroar
|-damage|p2b: Incineroar|3/100
|
|-damage|p1a: Baloo|62/100 brn|[from] brn
|upkeep
|turn|3
|inactive|raylof has 30 seconds left.
|inactive|raylof has 20 seconds left.
|
|t:|1756349995
|switch|p1a: Turtle|Torkoal, L50, M|100/100
|-weather|SunnyDay|[from] ability: Drought|[of] p1a: Turtle
|-terastallize|p2a: Gholdengo|Water
|move|p2b: Incineroar|Fake Out|p1b: Starbreaker
|-damage|p1b: Starbreaker|92/100
|cant|p1b: Starbreaker|flinch
|move|p2a: Gholdengo|Make It Rain|p1b: Starbreaker|[spread] p1a,p1b
|-resisted|p1a: Turtle
|-crit|p1a: Turtle
|-damage|p1a: Turtle|44/100
|-damage|p1b: Starbreaker|56/100
|-unboost|p2a: Gholdengo|spa|1
|-damage|p2a: Gholdengo|91/100|[from] item: Life Orb
|
|-weather|SunnyDay|[upkeep]
|upkeep
|turn|4
|inactive|raylof has 30 seconds left.
|
|t:|1756350020
|switch|p2b: Dragonite|Dragonite, L50, F|100/100
|move|p2a: Gholdengo|Protect|p2a: Gholdengo
|-singleturn|p2a: Gholdengo|Protect
|move|p1a: Turtle|Eruption|p2b: Dragonite|[spread] p2b
|-activate|p2a: Gholdengo|move: Protect
|-resisted|p2b: Dragonite
|-damage|p2b: Dragonite|92/100
|move|p1b: Starbreaker|Recover|p1b: Starbreaker
|-heal|p1b: Starbreaker|100/100
|
|-weather|SunnyDay|[upkeep]
|upkeep
|turn|5
|
|t:|1756350044
|switch|p1a: Scat Pack|Incineroar, L50, M|100/100
|-ability|p1a: Scat Pack|Intimidate|boost
|-unboost|p2a: Gholdengo|atk|1
|-unboost|p2b: Dragonite|atk|1
|move|p2b: Dragonite|Protect|p2b: Dragonite
|-singleturn|p2b: Dragonite|Protect
|move|p1b: Starbreaker|Tera Blast|p2a: Gholdengo
|-damage|p2a: Gholdengo|29/100
|move|p2a: Gholdengo|Nasty Plot|p2a: Gholdengo
|-boost|p2a: Gholdengo|spa|2
|
|-weather|SunnyDay|[upkeep]
|-fieldend|move: Trick Room
|upkeep
|turn|6
|inactive|trainerredvgc26 has 30 seconds left.
|inactive|raylof has 30 seconds left.
|inactive|trainerredvgc26 has 20 seconds left.
|inactive|raylof has 20 seconds left.
|inactive|trainerredvgc26 has 15 seconds left.
|inactive|raylof has 15 seconds left.
|inactive|raylof has 10 seconds left.
|inactive|trainerredvgc26 has 10 seconds left.
|inactive|trainerredvgc26 has 5 seconds left.
|
|t:|1756350102
|move|p1a: Scat Pack|Fake Out|p2a: Gholdengo
|-damage|p2a: Gholdengo|16/100
|cant|p2a: Gholdengo|flinch
|move|p2b: Dragonite|Scale Shot|p1a: Scat Pack
|-damage|p1a: Scat Pack|91/100
|-damage|p1a: Scat Pack|81/100
|-crit|p1a: Scat Pack
|-damage|p1a: Scat Pack|59/100
|-damage|p1a: Scat Pack|50/100
|-enditem|p1a: Scat Pack|Sitrus Berry|[eat]
|-heal|p1a: Scat Pack|75/100|[from] item: Sitrus Berry
|-hitcount|p1a: Scat Pack|4
|-unboost|p2b: Dragonite|def|1
|-boost|p2b: Dragonite|spe|1
|move|p1b: Starbreaker|Trick Room|p1b: Starbreaker
|-fieldstart|move: Trick Room|[of] p1b: Starbreaker
|
|-weather|SunnyDay|[upkeep]
|upkeep
|turn|7
|inactive|trainerredvgc26 has 30 seconds left.
|inactive|raylof has 30 seconds left.
|inactive|trainerredvgc26 has 20 seconds left.
|
|t:|1756350140
|switch|p2b: Incineroar|Incineroar, L50, F|3/100
|-ability|p2b: Incineroar|Intimidate|boost
|-unboost|p1a: Scat Pack|atk|1
|-unboost|p1b: Starbreaker|atk|1
|move|p2a: Gholdengo|Protect|p2a: Gholdengo
|-singleturn|p2a: Gholdengo|Protect
|move|p1b: Starbreaker|Tera Blast|p2a: Gholdengo
|-activate|p2a: Gholdengo|move: Protect
|move|p1a: Scat Pack|Parting Shot|p2b: Incineroar
|-unboost|p2b: Incineroar|atk|1
|-unboost|p2b: Incineroar|spa|1
|
|t:|1756350152
|switch|p1a: Baloo|Ursaluna, L50, M, shiny|62/100 brn|[from] Parting Shot
|
|-weather|none
|-damage|p1a: Baloo|57/100 brn|[from] brn
|upkeep
|turn|8
|inactive|raylof has 30 seconds left.
|
|t:|1756350177
|switch|p2a: Ursaluna|Ursaluna-Bloodmoon, L50, M|100/100
|-terastallize|p1a: Baloo|Ghost
|move|p2b: Incineroar|Fake Out|p1b: Starbreaker
|-damage|p1b: Starbreaker|95/100
|cant|p1b: Starbreaker|flinch
|move|p1a: Baloo|Facade|p2a: Ursaluna
|-damage|p2a: Ursaluna|11/100
|
|-damage|p1a: Baloo|51/100 brn|[from] brn
|upkeep
|turn|9
|inactive|trainerredvgc26 has 30 seconds left.
|inactive|raylof has 30 seconds left.
|
|t:|1756350207
|move|p2a: Ursaluna|Vacuum Wave|p1a: Baloo
|-damage|p1a: Baloo|35/100 brn
|move|p1b: Starbreaker|Ice Beam|p2a: Ursaluna
|-supereffective|p2a: Ursaluna
|-damage|p2a: Ursaluna|0 fnt
|faint|p2a: Ursaluna
|move|p1a: Baloo|Facade|p2b: Incineroar
|-damage|p2b: Incineroar|0 fnt
|faint|p2b: Incineroar
|
|-damage|p1a: Baloo|29/100 brn|[from] brn
|upkeep
|
|t:|1756350218
|switch|p2a: Dragonite|Dragonite, L50, F|92/100
|switch|p2b: Gholdengo|Gholdengo, L50, tera:Water|16/100
|turn|10
|
|t:|1756350238
|switch|p1a: Scat Pack|Incineroar, L50, M|75/100
|-ability|p1a: Scat Pack|Intimidate|boost
|-unboost|p2a: Dragonite|atk|1
|-unboost|p2b: Gholdengo|atk|1
|move|p2a: Dragonite|Protect|p2a: Dragonite
|-singleturn|p2a: Dragonite|Protect
|move|p2b: Gholdengo|Protect|p2b: Gholdengo
|-singleturn|p2b: Gholdengo|Protect
|move|p1b: Starbreaker|Ice Beam|p2a: Dragonite
|-activate|p2a: Dragonite|move: Protect
|
|-fieldend|move: Trick Room
|upkeep
|turn|11
|inactive|raylof has 30 seconds left.
|inactive|raylof has 20 seconds left.
|inactive|raylof has 15 seconds left.
|inactive|raylof has 10 seconds left.
|
|t:|1756350285
|move|p2b: Gholdengo|Protect|p2b: Gholdengo
|-singleturn|p2b: Gholdengo|Protect
|move|p1a: Scat Pack|Fake Out|p2b: Gholdengo
|-activate|p2b: Gholdengo|move: Protect
|move|p2a: Dragonite|Scale Shot|p1b: Starbreaker
|-damage|p1b: Starbreaker|89/100
|-damage|p1b: Starbreaker|82/100
|-damage|p1b: Starbreaker|75/100
|-damage|p1b: Starbreaker|68/100
|-hitcount|p1b: Starbreaker|4
|-unboost|p2a: Dragonite|def|1
|-boost|p2a: Dragonite|spe|1
|move|p1b: Starbreaker|Trick Room|p1b: Starbreaker
|-fieldstart|move: Trick Room|[of] p1b: Starbreaker
|
|upkeep
|turn|12
|inactive|raylof has 30 seconds left.
|
|t:|1756350311
|move|p1b: Starbreaker|Ice Beam|p2a: Dragonite
|-supereffective|p2a: Dragonite
|-damage|p2a: Dragonite|0 fnt
|faint|p2a: Dragonite
|move|p1a: Scat Pack|Knock Off|p2b: Gholdengo
|-crit|p2b: Gholdengo
|-damage|p2b: Gholdengo|0 fnt
|-enditem|p2b: Gholdengo|Life Orb|[from] move: Knock Off|[of] p1a: Scat Pack
|faint|p2b: Gholdengo
|
|win|trainerredvgc26
||raylof is ready for game 3.
||trainerredvgc26 is ready for game 3.
|uhtml|next|Next: Game 3 of 3
