|j|☆mbrown14
|j|☆elytsujuw
|html|mbrown14elytsujuw    
|uhtml|bestof|Game 1 of a best-of-3
|t:|1757847472
|gametype|doubles
|player|p1|mbrown14|2|1056
|player|p2|elytsujuw|volo|1168
|gen|9
|tier|[Gen 9] VGC 2025 Reg H (Bo3)
|rated|
|rule|Species Clause: Limit one of each Pokémon
|rule|Item Clause: Limit 1 of each item
|clearpoke
|poke|p1|Charizard, L50, M|
|poke|p1|Arcanine-Hisui, L50, M|
|poke|p1|Exeggutor, L50, F|
|poke|p1|Whimsicott, L50, M|
|poke|p1|Incineroar, L50, F|
|poke|p1|Sneasler, L50, M|
|poke|p2|Comfey, L50, M|
|poke|p2|Rillaboom, L50, M|
|poke|p2|Incineroar, L50, M|
|poke|p2|Politoed, L50, F|
|poke|p2|Archaludon, L50, F|
|poke|p2|Grimmsnarl, L50, M|
|teampreview|4
|showteam|p1|Charizard||ChoiceSpecs|SolarPower|HeatWave,ScorchingSands,SolarBeam,AirSlash|||M|||50|,,,,,Water]Arcanine-Hisui||ScopeLens|RockHead|HeadSmash,Protect,ExtremeSpeed,FlareBlitz|||M|||50|,,,,,Water]Exeggutor||WideLens|Chlorophyll|SleepPowder,FutureSight,Protect,SolarBeam|||F|||50|,,,,,Ground]Whimsicott||FocusSash|Prankster|Moonblast,SunnyDay,Endeavor,Tailwind|||M|||50|,,,,,Dark]Incineroar||CovertCloak|Intimidate|FakeOut,KnockOff,PartingShot,LowKick|||F|||50|,,,,,Ghost]Sneasler||SitrusBerry|Unburden|DireClaw,CloseCombat,FakeOut,Uturn|||M|||50|,,,,,Dark
|showteam|p2|Comfey||CovertCloak|Triage|FloralHealing,DrainingKiss,GigaDrain,Protect|||M|||50|,,,,,Grass]Rillaboom||LifeOrb|GrassySurge|FakeOut,WoodHammer,GrassyGlide,HighHorsepower|||M|||50|,,,,,Fire]Incineroar||MirrorHerb|Intimidate|FlareBlitz,KnockOff,FakeOut,PartingShot|||M|||50|,,,,,Ghost]Politoed||Leftovers|Drizzle|WeatherBall,MuddyWater,Haze,Protect|||F|||50|,,,,,Water]Archaludon||PowerHerb|Stamina|ElectroShot,FlashCannon,BodyPress,Protect|||F|||50|,,,,,Electric]Grimmsnarl||LightClay|Prankster|SpiritBreak,LightScreen,Reflect,ThunderWave|||M|||50|,,,,,Dark
|inactive|Battle timer is ON: inactive players will automatically lose when time's up. (requested by elytsujuw)
|
|t:|1757847501
|teamsize|p1|4
|teamsize|p2|4
|start
|switch|p1a: Whimsicott|Whimsicott, L50, M, shiny|100/100
|switch|p1b: Charizard|Charizard, L50, M, shiny|100/100
|switch|p2a: Archaludon|Archaludon, L50, F|100/100
|switch|p2b: Grimmsnarl|Grimmsnarl, L50, M|100/100
|turn|1
|inactive|mbrown14 has 30 seconds left.
|
|t:|1757847535
|-terastallize|p2a: Archaludon|Electric
|move|p1a: Whimsicott|Sunny Day|p1a: Whimsicott
|-weather|SunnyDay
|move|p2b: Grimmsnarl|Light Screen|p2b: Grimmsnarl
|-sidestart|p2: elytsujuw|move: Light Screen
|move|p1b: Charizard|Heat Wave|p2b: Grimmsnarl|[spread] p2a,p2b
|-damage|p2a: Archaludon|9/100
|-damage|p2b: Grimmsnarl|36/100
|-ability|p2a: Archaludon|Stamina|boost
|-boost|p2a: Archaludon|def|1
|move|p2a: Archaludon|Electro Shot||[still]
|-prepare|p2a: Archaludon|Electro Shot
|-boost|p2a: Archaludon|spa|1
|-enditem|p2a: Archaludon|Power Herb
|-anim|p2a: Archaludon|Electro Shot|p1b: Charizard
|-supereffective|p1b: Charizard
|-damage|p1b: Charizard|0 fnt
|faint|p1b: Charizard
|
|-weather|SunnyDay|[upkeep]
|upkeep
|
|t:|1757847553
|switch|p1b: Exeggutor|Exeggutor, L50, F, shiny|100/100
|turn|2
|
|t:|1757847574
|switch|p2b: Comfey|Comfey, L50, M|100/100
|move|p2a: Archaludon|Protect|p2a: Archaludon
|-singleturn|p2a: Archaludon|Protect
|move|p1b: Exeggutor|Solar Beam||[still]
|-prepare|p1b: Exeggutor|Solar Beam
|-anim|p1b: Exeggutor|Solar Beam|p2a: Archaludon
|-activate|p2a: Archaludon|move: Protect
|move|p1a: Whimsicott|Moonblast|p2b: Comfey
|-damage|p2b: Comfey|78/100
|
|-weather|SunnyDay|[upkeep]
|upkeep
|turn|3
|inactive|mbrown14 has 30 seconds left.
|inactive|elytsujuw has 30 seconds left.
|
|t:|1757847609
|move|p2b: Comfey|Floral Healing|p2a: Archaludon
|-heal|p2a: Archaludon|59/100
|move|p1a: Whimsicott|Tailwind|p1a: Whimsicott
|-sidestart|p1: mbrown14|move: Tailwind
|move|p1b: Exeggutor|Solar Beam||[still]
|-prepare|p1b: Exeggutor|Solar Beam
|-anim|p1b: Exeggutor|Solar Beam|p2a: Archaludon
|-damage|p2a: Archaludon|8/100
|-ability|p2a: Archaludon|Stamina|boost
|-boost|p2a: Archaludon|def|1
|move|p2a: Archaludon|Flash Cannon|p1a: Whimsicott
|-supereffective|p1a: Whimsicott
|-crit|p1a: Whimsicott
|-enditem|p1a: Whimsicott|Focus Sash
|-damage|p1a: Whimsicott|1/100
|
|-weather|SunnyDay|[upkeep]
|upkeep
|turn|4
|
|t:|1757847630
|move|p2a: Archaludon|Protect|p2a: Archaludon
|-singleturn|p2a: Archaludon|Protect
|move|p2b: Comfey|Draining Kiss|p1a: Whimsicott
|-damage|p1a: Whimsicott|0 fnt
|-heal|p2b: Comfey|78/100|[from] drain|[of] p1a: Whimsicott
|faint|p1a: Whimsicott
|move|p1b: Exeggutor|Solar Beam||[still]
|-prepare|p1b: Exeggutor|Solar Beam
|-anim|p1b: Exeggutor|Solar Beam|p2a: Archaludon
|-activate|p2a: Archaludon|move: Protect
|
|-weather|SunnyDay|[upkeep]
|upkeep
|
|t:|1757847643
|switch|p1a: Arcanine|Arcanine-Hisui, L50, M, shiny|100/100
|turn|5
|
|t:|1757847667
|switch|p2a: Politoed|Politoed, L50, F|100/100
|-weather|RainDance|[from] ability: Drizzle|[of] p2a: Politoed
|-terastallize|p1b: Exeggutor|Ground
|move|p2b: Comfey|Giga Drain|p1a: Arcanine
|-damage|p1a: Arcanine|75/100
|-heal|p2b: Comfey|92/100|[from] drain|[of] p1a: Arcanine
|move|p1a: Arcanine|Flare Blitz|p2b: Comfey
|-crit|p2b: Comfey
|-damage|p2b: Comfey|37/100
|move|p1b: Exeggutor|Solar Beam||[still]
|-prepare|p1b: Exeggutor|Solar Beam
|
|-weather|RainDance|[upkeep]
|upkeep
|turn|6
|inactive|elytsujuw has 30 seconds left.
|
|t:|1757847693
|move|p2b: Comfey|Giga Drain|p1b: Exeggutor
|-supereffective|p1b: Exeggutor
|-damage|p1b: Exeggutor|45/100
|-heal|p2b: Comfey|67/100|[from] drain|[of] p1b: Exeggutor
|move|p1a: Arcanine|Extreme Speed|p2b: Comfey
|-damage|p2b: Comfey|35/100
|move|p1b: Exeggutor|Solar Beam|p2a: Politoed|[from] lockedmove
|-supereffective|p2a: Politoed
|-damage|p2a: Politoed|70/100
|move|p2a: Politoed|Weather Ball|p1a: Arcanine
|-supereffective|p1a: Arcanine
|-damage|p1a: Arcanine|0 fnt
|faint|p1a: Arcanine
|
|-weather|RainDance|[upkeep]
|-heal|p2a: Politoed|76/100|[from] item: Leftovers
|-sideend|p1: mbrown14|move: Tailwind
|upkeep
|turn|7
|-message|mbrown14 forfeited.
|
|win|elytsujuw
|l|☆mbrown14
|player|p1|
|inactive|mbrown14 has 30 seconds to confirm battle start!
|inactive|elytsujuw has 30 seconds to confirm battle start!
|inactive|mbrown14 has 20 seconds to confirm battle start!
|inactive|elytsujuw has 20 seconds to confirm battle start!
