|j|☆Guiltypleasure06
|j|☆jeffenveneom
|html|Guiltypleasure06jeffenveneom    
|uhtml|bestof|Game 2 of a best-of-3
|t:|1756471297
|gametype|doubles
|player|p1|Guiltypleasure06|169|1101
|player|p2|jeffenveneom|psychic-gen4|1113
|gen|9
|tier|[Gen 9] VGC 2025 Reg H (Bo3)
|rated|
|rule|Species Clause: Limit one of each Pokémon
|rule|Item Clause: Limit 1 of each item
|clearpoke
|poke|p1|Sneasler, L50, M|
|poke|p1|Dondozo, L50, F|
|poke|p1|Magmar, L50, M|
|poke|p1|Rillaboom, L50, M|
|poke|p1|Dragonite, L50, M|
|poke|p1|Kingambit, L50, M|
|poke|p2|Indeedee-F, L50, F|
|poke|p2|Torkoal, L50, F|
|poke|p2|Exeggutor, L50, M|
|poke|p2|Slowpoke, L50, M|
|poke|p2|Flamigo, L50, M|
|poke|p2|Ursaluna, L50, F|
|teampreview|4
|showteam|p1|Sneasler||FocusSash|Unburden|CloseCombat,DireClaw,Coaching,Protect|||M|||50|,,,,,Stellar]Dondozo||Leftovers|Unaware|Liquidation,Yawn,Protect,Fissure|||F|||50|,,,,,Fire]Magmar||Eviolite|VitalSpirit|Overheat,WillOWisp,FollowMe,Protect|||M|||50|,,,,,Dragon]Rillaboom||AssaultVest|GrassySurge|WoodHammer,GrassyGlide,Uturn,FakeOut|||M|||50|,,,,,Fire]Dragonite||LoadedDice|Multiscale|ExtremeSpeed,ScaleShot,LowKick,Protect|||M|||50|,,,,,Fairy]Kingambit||BlackGlasses|Defiant|Protect,SwordsDance,SuckerPunch,KowtowCleave|||M|||50|,,,,,Dark
|showteam|p2|Indeedee-F||PsychicSeed|PsychicSurge|FollowMe,DazzlingGleam,HelpingHand,TrickRoom|||F|||50|,,,,,Steel]Torkoal||WeaknessPolicy|Drought|WeatherBall,HeatWave,EarthPower,Protect|||F|||50|,,,,,Fire]Exeggutor||LifeOrb|Chlorophyll|ExpandingForce,Protect,GigaDrain,TrickRoom|||M|||50|,,,,,Psychic]Slowpoke||Eviolite|Oblivious|Surf,TrickRoom,Protect,SkillSwap|||M|||50|,,,,,Grass]Flamigo||FocusSash|Scrappy|CloseCombat,Tailwind,Protect,Taunt|||M|||50|,,,,,Ghost]Ursaluna||FlameOrb|Guts|Earthquake,Facade,Protect,HeadlongRush|||F|||50|,,,,,Ghost
|inactive|Battle timer is ON: inactive players will automatically lose when time's up. (requested by jeffenveneom)
|
|t:|1756471346
|teamsize|p1|4
|teamsize|p2|4
|start
|switch|p1a: Dragonite|Dragonite, L50, M|100/100
|switch|p1b: Magmar|Magmar, L50, M|100/100
|switch|p2a: Torkoal|Torkoal, L50, F|100/100
|switch|p2b: Indeedee|Indeedee-F, L50, F|100/100
|-fieldstart|move: Psychic Terrain|[from] ability: Psychic Surge|[of] p2b: Indeedee
|-enditem|p2b: Indeedee|Psychic Seed
|-boost|p2b: Indeedee|spd|1|[from] item: Psychic Seed
|-weather|SunnyDay|[from] ability: Drought|[of] p2a: Torkoal
|turn|1
|
|t:|1756471370
|move|p2a: Torkoal|Protect|p2a: Torkoal
|-singleturn|p2a: Torkoal|Protect
|move|p1b: Magmar|Overheat|p2b: Indeedee
|-damage|p2b: Indeedee|59/100
|-unboost|p1b: Magmar|spa|2
|move|p1a: Dragonite|Scale Shot|p2a: Torkoal
|-activate|p2a: Torkoal|move: Protect
|move|p2b: Indeedee|Trick Room|p2b: Indeedee
|-fieldstart|move: Trick Room|[of] p2b: Indeedee
|
|-weather|SunnyDay|[upkeep]
|upkeep
|turn|2
|inactive|jeffenveneom has 30 seconds left.
|
|t:|1756471399
|switch|p2b: Slowpoke|Slowpoke, L50, M|100/100
|move|p1b: Magmar|Protect|p1b: Magmar
|-singleturn|p1b: Magmar|Protect
|move|p2a: Torkoal|Heat Wave|p1a: Dragonite|[spread] p1a
|-activate|p1b: Magmar|move: Protect
|-resisted|p1a: Dragonite
|-damage|p1a: Dragonite|88/100
|move|p1a: Dragonite|Scale Shot|p2a: Torkoal
|-damage|p2a: Torkoal|88/100
|-damage|p2a: Torkoal|76/100
|-damage|p2a: Torkoal|65/100
|-damage|p2a: Torkoal|52/100
|-hitcount|p2a: Torkoal|4
|-unboost|p1a: Dragonite|def|1
|-boost|p1a: Dragonite|spe|1
|
|-weather|SunnyDay|[upkeep]
|upkeep
|turn|3
|inactive|Guiltypleasure06 has 30 seconds left.
|inactive|Guiltypleasure06 has 20 seconds left.
|inactive|Guiltypleasure06 has 15 seconds left.
|inactive|Guiltypleasure06 has 10 seconds left.
|
|t:|1756471448
|move|p1a: Dragonite|Protect|p1a: Dragonite
|-singleturn|p1a: Dragonite|Protect
|move|p2b: Slowpoke|Surf|p1a: Dragonite|[spread] p2a,p1b
|-activate|p1a: Dragonite|move: Protect
|-supereffective|p2a: Torkoal
|-supereffective|p1b: Magmar
|-damage|p2a: Torkoal|40/100
|-damage|p1b: Magmar|92/100
|-enditem|p2a: Torkoal|Weakness Policy
|-boost|p2a: Torkoal|atk|2|[from] item: Weakness Policy
|-boost|p2a: Torkoal|spa|2|[from] item: Weakness Policy
|move|p2a: Torkoal|Heat Wave|p1a: Dragonite|[spread] p1b
|-activate|p1a: Dragonite|move: Protect
|-resisted|p1b: Magmar
|-damage|p1b: Magmar|56/100
|move|p1b: Magmar|Will-O-Wisp|p2b: Slowpoke
|-status|p2b: Slowpoke|brn
|
|-weather|SunnyDay|[upkeep]
|-damage|p2b: Slowpoke|94/100 brn|[from] brn
|upkeep
|turn|4
|inactive|Guiltypleasure06 has 30 seconds left.
|inactive|jeffenveneom has 30 seconds left.
|inactive|Guiltypleasure06 has 20 seconds left.
|inactive|jeffenveneom has 20 seconds left.
|inactive|Guiltypleasure06 has 15 seconds left.
|inactive|jeffenveneom has 15 seconds left.
|inactive|Guiltypleasure06 has 10 seconds left.
|inactive|jeffenveneom has 10 seconds left.
|
|t:|1756471495
|switch|p2b: Ursaluna|Ursaluna, L50, F|100/100
|move|p1b: Magmar|Protect|p1b: Magmar
|-singleturn|p1b: Magmar|Protect
|move|p2a: Torkoal|Heat Wave|p1a: Dragonite|[spread] p1a
|-activate|p1b: Magmar|move: Protect
|-resisted|p1a: Dragonite
|-damage|p1a: Dragonite|47/100
|move|p1a: Dragonite|Scale Shot|p2a: Torkoal
|-damage|p2a: Torkoal|27/100
|-damage|p2a: Torkoal|16/100
|-crit|p2a: Torkoal
|-damage|p2a: Torkoal|0 fnt
|faint|p2a: Torkoal
|-hitcount|p2: Torkoal|3
|-unboost|p1a: Dragonite|def|1
|-boost|p1a: Dragonite|spe|1
|
|-weather|SunnyDay|[upkeep]
|-status|p2b: Ursaluna|brn|[from] item: Flame Orb
|upkeep
|
|t:|1756471512
|switch|p2a: Indeedee|Indeedee-F, L50, F|59/100
|turn|5
|inactive|jeffenveneom has 30 seconds left.
|
|t:|1756471543
|move|p1b: Magmar|Follow Me|p1b: Magmar
|-singleturn|p1b: Magmar|move: Follow Me
|move|p2b: Ursaluna|Facade|p1b: Magmar
|-damage|p1b: Magmar|0 fnt
|faint|p1b: Magmar
|move|p2a: Indeedee|Dazzling Gleam|p1a: Dragonite
|-supereffective|p1a: Dragonite
|-damage|p1a: Dragonite|9/100
|move|p1a: Dragonite|Scale Shot|p2b: Ursaluna
|-damage|p2b: Ursaluna|89/100 brn
|-damage|p2b: Ursaluna|79/100 brn
|-damage|p2b: Ursaluna|67/100 brn
|-damage|p2b: Ursaluna|57/100 brn
|-hitcount|p2b: Ursaluna|4
|-unboost|p1a: Dragonite|def|1
|-boost|p1a: Dragonite|spe|1
|
|-weather|none
|-damage|p2b: Ursaluna|51/100 brn|[from] brn
|-fieldend|move: Trick Room
|-fieldend|move: Psychic Terrain
|upkeep
|
|t:|1756471562
|switch|p1b: Rillaboom|Rillaboom, L50, M|100/100
|-fieldstart|move: Grassy Terrain|[from] ability: Grassy Surge|[of] p1b: Rillaboom
|turn|6
|
|t:|1756471582
|switch|p2a: Slowpoke|Slowpoke, L50, M|94/100 brn
|move|p1a: Dragonite|Scale Shot|p2a: Slowpoke
|-damage|p2a: Slowpoke|83/100 brn
|-damage|p2a: Slowpoke|72/100 brn
|-damage|p2a: Slowpoke|60/100 brn
|-damage|p2a: Slowpoke|49/100 brn
|-damage|p2a: Slowpoke|38/100 brn
|-hitcount|p2a: Slowpoke|5
|-unboost|p1a: Dragonite|def|1
|-boost|p1a: Dragonite|spe|1
|move|p1b: Rillaboom|Wood Hammer|p2b: Ursaluna
|-supereffective|p2b: Ursaluna
|-damage|p2b: Ursaluna|0 fnt
|faint|p2b: Ursaluna
|-damage|p1b: Rillaboom|81/100|[from] Recoil
|
|-heal|p1b: Rillaboom|87/100|[from] Grassy Terrain
|-heal|p2a: Slowpoke|44/100 brn|[from] Grassy Terrain
|-damage|p2a: Slowpoke|38/100 brn|[from] brn
|upkeep
|-message|jeffenveneom forfeited.
|
|win|Guiltypleasure06
|raw|Guiltypleasure06's rating: 1101 → 1127(+26 for winning)
|raw|jeffenveneom's rating: 1113 → 1087(-26 for losing)
|l|☆jeffenveneom
|player|p2|
|l|☆Guiltypleasure06
|player|p1|
|j|☆Guiltypleasure06
|player|p1|Guiltypleasure06|169|
