|j|☆lastduck
|j|☆einresi
|html|lastduckeinresi    
|uhtml|bestof|Game 3 of a best-of-3
|t:|1783933481
|gametype|doubles
|player|p1|lastduck|265|
|player|p2|einresi|brock|
|gen|9
|tier|[Gen 9 Champions] VGC 2026 Reg M-B (Bo3)
|rule|Species Clause: Limit one of each Pokémon
|rule|Item Clause: Limit 1 of each item
|clearpoke
|poke|p1|Simisear, L50, F|
|poke|p1|Farigiraf, L50, F|
|poke|p1|Kingambit, L50, M|
|poke|p1|Sylveon, L50, F|
|poke|p1|Camerupt, L50, M|
|poke|p1|Quaquaval, L50, M|
|poke|p2|Crabominable, L50, F|
|poke|p2|Grimmsnarl, L50, M|
|poke|p2|Zoroark-Hisui, L50, M|
|poke|p2|Meganium, L50, F|
|poke|p2|Glaceon, L50, M|
|poke|p2|Slowking-Galar, L50, F|
|teampreview|4
|showteam|p1|Simisear||MentalHerb|Blaze|FakeOut,SunnyDay,Protect,WillOWisp|Careful||F|||50|]Farigiraf||SitrusBerry|ArmorTail|Crunch,Protect,TrickRoom,Psychic|Calm||F|||50|]Kingambit||LifeOrb|SupremeOverlord|KowtowCleave,SuckerPunch,IronHead,Protect|Brave||M|||50|]Sylveon||FairyFeather|Pixilate|HyperBeam,HyperVoice,Protect,LightScreen|Bold||F|||50|]Camerupt||Cameruptite|MagmaArmor|AncientPower,EarthPower,HeatWave,Protect|Rash||M|||50|]Quaquaval||Leftovers|Moxie|BrickBreak,TripleAxel,AquaStep,Protect|Jolly||M|||50|
|showteam|p2|Crabominable||Crabominite|IronFist|DrainPunch,MachPunch,Protect,IceHammer|Brave||F|||50|]Grimmsnarl||LightClay|Prankster|LightScreen,Reflect,SpiritBreak,FakeOut|Careful||M|||50|]Zoroark-Hisui||ChoiceScarf|Illusion|ShadowBall,HyperVoice,IcyWind,BitterMalice|Timid||M|||50|]Meganium||Meganiumite|Overgrow|EarthPower,WeatherBall,SolarBeam,Protect|Modest||F|||50|]Glaceon||NeverMeltIce|SnowCloak|FreezeDry,Blizzard,IceShard,Detect|Modest||M|||50|]Slowking-Galar||MentalHerb|Regenerator|TrickRoom,AcidSpray,Imprison,ChillyReception|Serious||F|||50|
|
|t:|1783933509
|teamsize|p1|4
|teamsize|p2|4
|start
|switch|p1a: Simisear|Simisear, L50, F|100/100
|switch|p1b: Farigiraf|Farigiraf, L50, F|100/100
|switch|p2a: Slowking|Slowking-Galar, L50, F|100/100
|switch|p2b: Meganium|Meganium, L50, F|100/100
|turn|1
|
|t:|1783933530
|switch|p2a: Grimmsnarl|Grimmsnarl, L50, M|100/100
|detailschange|p2b: Meganium|Meganium-Mega, L50, F
|-mega|p2b: Meganium|Meganium|Meganiumite
|move|p1a: Simisear|Fake Out|p2a: Grimmsnarl
|-damage|p2a: Grimmsnarl|90/100
|move|p2b: Meganium|Earth Power|p1a: Simisear
|-supereffective|p1a: Simisear|1
|-damage|p1a: Simisear|18/100
|move|p1b: Farigiraf|Trick Room|p1b: Farigiraf
|-fieldstart|move: Trick Room|[of] p1b: Farigiraf
|
|upkeep
|turn|2
|inactive|Battle timer is ON: inactive players will automatically lose when time's up. (requested by einresi)
|
|t:|1783933560
|move|p1b: Farigiraf|Protect|p1b: Farigiraf
|-singleturn|p1b: Farigiraf|Protect
|move|p2b: Meganium|Protect|p2b: Meganium
|-singleturn|p2b: Meganium|Protect
|move|p2a: Grimmsnarl|Light Screen|p2a: Grimmsnarl
|-sidestart|p2: einresi|move: Light Screen
|move|p1a: Simisear|Will-O-Wisp|p2b: Meganium
|-activate|p2b: Meganium|move: Protect
|
|upkeep
|turn|3
|
|t:|1783933580
|switch|p2b: Slowking|Slowking-Galar, L50, F|100/100
|switch|p1a: Sylveon|Sylveon, L50, F|100/100
|move|p1b: Farigiraf|Psychic|p2b: Slowking
|-damage|p2b: Slowking|80/100
|move|p2a: Grimmsnarl|Spirit Break|p1b: Farigiraf
|-damage|p1b: Farigiraf|73/100
|-unboost|p1b: Farigiraf|spa|1
|
|upkeep
|turn|4
|
|t:|1783933598
|switch|p1b: Simisear|Simisear, L50, F|18/100
|move|p2b: Slowking|Acid Spray|p1a: Sylveon
|-supereffective|p1a: Sylveon|1
|-damage|p1a: Sylveon|78/100
|-unboost|p1a: Sylveon|spd|2
|move|p2a: Grimmsnarl|Spirit Break|p1a: Sylveon
|-damage|p1a: Sylveon|47/100
|-unboost|p1a: Sylveon|spa|1
|move|p1a: Sylveon|Hyper Voice|p2b: Slowking|[spread] p2a,p2b
|-supereffective|p2a: Grimmsnarl|1
|-resisted|p2b: Slowking|1
|-damage|p2a: Grimmsnarl|52/100
|-damage|p2b: Slowking|72/100
|
|upkeep
|turn|5
|
|t:|1783933620
|move|p1b: Simisear|Fake Out|p2a: Grimmsnarl
|-damage|p2a: Grimmsnarl|43/100
|-prepare|p2b: Slowking|Chilly Reception|[premajor]
|move|p2b: Slowking|Chilly Reception|p2b: Slowking
|-weather|Snowscape
|
|t:|1783933626
|-heal|p2b: Slowking|100/100|[from] ability: Regenerator|[silent]
|switch|p2b: Glaceon|Glaceon, L50, M|100/100|[from] Chilly Reception
|move|p1a: Sylveon|Light Screen|p1a: Sylveon
|-sidestart|p1: lastduck|move: Light Screen
|cant|p2a: Grimmsnarl|flinch
|
|-weather|Snowscape|[upkeep]
|-fieldend|move: Trick Room
|upkeep
|turn|6
|
|t:|1783933646
|move|p1a: Sylveon|Protect|p1a: Sylveon
|-singleturn|p1a: Sylveon|Protect
|move|p1b: Simisear|Sunny Day|p1b: Simisear
|-weather|SunnyDay
|move|p2b: Glaceon|Blizzard|p1a: Sylveon|[spread] 
|-activate|p1a: Sylveon|move: Protect
|-miss|p2b: Glaceon|p1b: Simisear
|move|p2a: Grimmsnarl|Spirit Break|p1a: Sylveon
|-activate|p1a: Sylveon|move: Protect
|
|-weather|SunnyDay|[upkeep]
|upkeep
|turn|7
|
|t:|1783933667
|switch|p1b: Camerupt|Camerupt, L50, M|100/100
|switch|p2a: Slowking|Slowking-Galar, L50, F|100/100
|switch|p1a: Farigiraf|Farigiraf, L50, F|73/100
|move|p2b: Glaceon|Detect||[still]
|-fail|p2b: Glaceon
|
|-weather|SunnyDay|[upkeep]
|upkeep
|turn|8
|
|t:|1783933688
|switch|p2b: Grimmsnarl|Grimmsnarl, L50, M|43/100
|detailschange|p1b: Camerupt|Camerupt-Mega, L50, M
|-mega|p1b: Camerupt|Camerupt|Cameruptite
|move|p2a: Slowking|Imprison|p2a: Slowking
|-start|p2a: Slowking|move: Imprison
|move|p1b: Camerupt|Heat Wave|p2a: Slowking|[spread] p2a,p2b
|-damage|p2a: Slowking|57/100
|-damage|p2b: Grimmsnarl|0 fnt
|faint|p2b: Grimmsnarl
|cant|p1a: Farigiraf|move: Imprison|Trick Room
|
|-weather|SunnyDay|[upkeep]
|upkeep
|
|t:|1783933701
|switch|p2b: Glaceon|Glaceon, L50, M|100/100
|turn|9
|
|t:|1783933723
|move|p2b: Glaceon|Detect|p2b: Glaceon
|-singleturn|p2b: Glaceon|Protect
|move|p1a: Farigiraf|Crunch|p2a: Slowking
|-supereffective|p2a: Slowking|1
|-damage|p2a: Slowking|34/100
|move|p2a: Slowking|Acid Spray|p1b: Camerupt
|-resisted|p1b: Camerupt|1
|-damage|p1b: Camerupt|94/100
|-unboost|p1b: Camerupt|spd|2
|move|p1b: Camerupt|Heat Wave|p2a: Slowking|[spread] p2a
|-activate|p2b: Glaceon|move: Protect
|-damage|p2a: Slowking|0 fnt
|faint|p2a: Slowking
|
|-weather|SunnyDay|[upkeep]
|-sideend|p1: lastduck|move: Light Screen
|-sideend|p2: einresi|move: Light Screen
|upkeep
|
|t:|1783933737
|switch|p2a: Meganium|Meganium-Mega, L50, F|100/100
|turn|10
|
|t:|1783933747
|move|p1b: Camerupt|Protect|p1b: Camerupt
|-singleturn|p1b: Camerupt|Protect
|move|p2a: Meganium|Earth Power|p1b: Camerupt
|-activate|p1b: Camerupt|move: Protect
|move|p2b: Glaceon|Freeze-Dry|p1b: Camerupt
|-activate|p1b: Camerupt|move: Protect
|move|p1a: Farigiraf|Trick Room|p1a: Farigiraf
|-fieldstart|move: Trick Room|[of] p1a: Farigiraf
|
|-weather|none
|upkeep
|turn|11
|
|t:|1783933762
|move|p1b: Camerupt|Heat Wave|p2b: Glaceon|[spread] p2b
|-miss|p1b: Camerupt|p2a: Meganium
|-supereffective|p2b: Glaceon|1
|-damage|p2b: Glaceon|0 fnt
|faint|p2b: Glaceon
|move|p1a: Farigiraf|Psychic|p2a: Meganium
|-damage|p2a: Meganium|71/100
|move|p2a: Meganium|Earth Power|p1b: Camerupt
|-supereffective|p1b: Camerupt|1
|-damage|p1b: Camerupt|0 fnt
|faint|p1b: Camerupt
|
|upkeep
|
|t:|1783933776
|switch|p1b: Simisear|Simisear, L50, F|18/100
|turn|12
|
|t:|1783933801
|switch|p1a: Sylveon|Sylveon, L50, F|47/100
|move|p1b: Simisear|Fake Out|p2a: Meganium
|-damage|p2a: Meganium|62/100
|cant|p2a: Meganium|flinch
|
|upkeep
|turn|13
|
|t:|1783933823
|switch|p1b: Farigiraf|Farigiraf, L50, F|73/100
|move|p1a: Sylveon|Protect|p1a: Sylveon
|-singleturn|p1a: Sylveon|Protect
|move|p2a: Meganium|Solar Beam||[still]
|-prepare|p2a: Meganium|Solar Beam
|-activate|p2a: Meganium|ability: Mega Sol
|-anim|p2a: Meganium|Solar Beam|p1a: Sylveon
|-activate|p1a: Sylveon|move: Protect
|
|upkeep
|turn|14
|
|t:|1783933846
|move|p1a: Sylveon|Hyper Beam|p2a: Meganium
|-damage|p2a: Meganium|0 fnt
|-mustrecharge|p1a: Sylveon
|faint|p2a: Meganium
|
|win|lastduck
|c|☆einresi|ggs
|c|☆lastduck|gg
|c|☆einresi|i threw first game
|c|☆lastduck|i can register
|c|☆einresi|ty
|c|☆lastduck|yeah
|c|☆einresi|wp
|c|☆lastduck|wp
|l|☆einresi
|player|p2|
|l|☆lastduck
|player|p1|
|j|☆lastduck
|player|p1|lastduck|265|
