|j|☆AbadanRiyi92
|j|☆bartcr0987
|html|AbadanRiyi92bartcr0987    
|uhtml|bestof|Game 1 of a best-of-3
|t:|1785463820
|gametype|doubles
|player|p1|AbadanRiyi92|colress|1159
|player|p2|bartcr0987|170|1265
|gen|9
|tier|[Gen 9 Champions] VGC 2026 Reg M-B (Bo3)
|rated|
|rule|Species Clause: Limit one of each Pokémon
|rule|Item Clause: Limit 1 of each item
|clearpoke
|poke|p1|Gengar, L50, M, shiny|
|poke|p1|Maushold-Four, L50|
|poke|p1|Annihilape, L50, F|
|poke|p1|Incineroar, L50, M|
|poke|p1|Politoed, L50, F, shiny|
|poke|p1|Archaludon, L50, M|
|poke|p2|Charizard, L50, M, shiny|
|poke|p2|Sneasler, L50, M, shiny|
|poke|p2|Floette-Eternal, L50, F|
|poke|p2|Kingambit, L50, F, shiny|
|poke|p2|Basculegion, L50, M|
|poke|p2|Farigiraf, L50, M|
|teampreview|4
|showteam|p1|Gengar||Gengarite|CursedBody|ShadowBall,Disable,PerishSong,Protect|Timid||M|||50|]Maushold-Four||FocusSash|FriendGuard|FollowMe,Encore,BeatUp,Protect|Jolly|||||50|]Annihilape||RoseliBerry|Defiant|RageFist,CloseCombat,Taunt,Protect|Jolly||F|||50|]Incineroar||PasshoBerry|Intimidate|PartingShot,ThroatChop,Protect,FakeOut|Sassy||M|||50|]Politoed||SitrusBerry|Drizzle|WeatherBall,Encore,PerishSong,Protect|Calm||F|||50|]Archaludon||Leftovers|Stamina|DragonPulse,FlashCannon,ElectroShot,Protect|Bold||M|||50|
|showteam|p2|Charizard||CharizarditeY|SolarPower|HeatWave,SolarBeam,WeatherBall,Protect|Modest||M|||50|]Sneasler||FocusSash|PoisonTouch|DireClaw,CloseCombat,Protect,FakeOut|Jolly||M|||50|]Floette-Eternal||Floettite|FlowerVeil|Moonblast,DazzlingGleam,LightofRuin,Protect|Timid||F|||50|]Kingambit||BlackGlasses|Defiant|KowtowCleave,SuckerPunch,SwordsDance,Protect|Adamant||F|||50|]Basculegion||ChoiceScarf|Adaptability|LastRespects,WaveCrash,AquaJet,FlipTurn|Jolly||M|||50|]Farigiraf||SitrusBerry|ArmorTail|TrickRoom,Protect,Psychic,HelpingHand|Calm||M|||50|
|inactive|Battle timer is ON: inactive players will automatically lose when time's up. (requested by bartcr0987)
|inactive|bartcr0987 has 60 seconds left.
|
|t:|1785463877
|teamsize|p1|4
|teamsize|p2|4
|start
|switch|p1a: Gengar|Gengar, L50, M, shiny|100/100
|switch|p1b: Maushold|Maushold-Four, L50|100/100
|switch|p2a: Floette|Floette-Eternal, L50, F|100/100
|switch|p2b: Kingambit|Kingambit, L50, F, shiny|100/100
|turn|1
|inactive|bartcr0987 has 30 seconds left.
|
|t:|1785463911
|detailschange|p1a: Gengar|Gengar-Mega, L50, M, shiny
|-mega|p1a: Gengar|Gengar|Gengarite
|move|p1a: Gengar|Protect|p1a: Gengar
|-singleturn|p1a: Gengar|Protect
|move|p1b: Maushold|Protect|p1b: Maushold
|-singleturn|p1b: Maushold|Protect
|move|p2a: Floette|Protect|p2a: Floette
|-singleturn|p2a: Floette|Protect
|move|p2b: Kingambit|Kowtow Cleave|p1b: Maushold
|-activate|p1b: Maushold|move: Protect
|
|upkeep
|turn|2
|
|t:|1785463927
|detailschange|p2a: Floette|Floette-Mega, L50, F
|-mega|p2a: Floette|Floette|Floettite
|-ability|p2a: Floette|Fairy Aura
|move|p1a: Gengar|Disable|p2b: Kingambit
|-start|p2b: Kingambit|Disable|Kowtow Cleave
|move|p1b: Maushold|Encore|p2a: Floette
|-start|p2a: Floette|Encore
|move|p2a: Floette|Protect||[still]
|-fail|p2a: Floette
|cant|p2b: Kingambit|Disable|Kowtow Cleave
|
|upkeep
|turn|3
|
|t:|1785463950
|move|p2a: Floette|Protect|p2a: Floette
|-singleturn|p2a: Floette|Protect
|move|p2b: Kingambit|Sucker Punch||[still]
|-fail|p2b: Kingambit
|move|p1a: Gengar|Perish Song|p1a: Gengar
|-start|p1a: Gengar|perish3|[silent]
|-start|p1b: Maushold|perish3|[silent]
|-start|p2a: Floette|perish3|[silent]
|-start|p2b: Kingambit|perish3|[silent]
|-fieldactivate|move: Perish Song
|move|p1b: Maushold|Encore|p2b: Kingambit
|-start|p2b: Kingambit|Encore
|
|-start|p1a: Gengar|perish3
|-start|p1b: Maushold|perish3
|-start|p2a: Floette|perish3
|-start|p2b: Kingambit|perish3
|upkeep
|turn|4
|
|t:|1785463974
|move|p1b: Maushold|Protect|p1b: Maushold
|-singleturn|p1b: Maushold|Protect
|move|p2a: Floette|Protect||[still]
|-fail|p2a: Floette
|move|p2b: Kingambit|Sucker Punch||[still]
|-fail|p2b: Kingambit
|move|p1a: Gengar|Disable|p2a: Floette
|-start|p2a: Floette|Disable|Protect
|
|-end|p2a: Floette|Encore
|-start|p1a: Gengar|perish2
|-start|p1b: Maushold|perish2
|-start|p2a: Floette|perish2
|-start|p2b: Kingambit|perish2
|upkeep
|turn|5
|inactive|AbadanRiyi92 has 30 seconds left.
|
|t:|1785464000
|move|p1a: Gengar|Protect|p1a: Gengar
|-singleturn|p1a: Gengar|Protect
|move|p2b: Kingambit|Sucker Punch||[still]
|-fail|p2b: Kingambit
|move|p1b: Maushold|Encore|p2a: Floette
|-start|p2a: Floette|Encore
|cant|p2a: Floette|Disable|Protect
|
|-end|p2b: Kingambit|Disable
|-start|p1a: Gengar|perish1
|-start|p1b: Maushold|perish1
|-start|p2a: Floette|perish1
|-start|p2b: Kingambit|perish1
|upkeep
|turn|6
|inactive|bartcr0987 has 30 seconds left.
|
|t:|1785464028
|switch|p1a: Archaludon|Archaludon, L50, M|100/100
|switch|p1b: Politoed|Politoed, L50, F, shiny|100/100
|-weather|RainDance|[from] ability: Drizzle|[of] p1b: Politoed
|move|p2b: Kingambit|Sucker Punch||[still]
|-fail|p2b: Kingambit
|-activate|p2a: Floette|move: Struggle
|move|p2a: Floette|Struggle|p1a: Archaludon
|-damage|p1a: Archaludon|93/100
|-ability|p1a: Archaludon|Stamina|boost
|-boost|p1a: Archaludon|def|1
|-damage|p2a: Floette|75/100|[from] recoil
|
|-weather|RainDance|[upkeep]
|-heal|p1a: Archaludon|100/100|[from] item: Leftovers
|-end|p2b: Kingambit|Encore
|-start|p2a: Floette|perish0
|-start|p2b: Kingambit|perish0
|upkeep
|faint|p2a: Floette
|faint|p2b: Kingambit
|
|t:|1785464031
|switch|p2a: Sneasler|Sneasler, L50, M, shiny|100/100
|switch|p2b: Oscar|Basculegion, L50, M|100/100
|turn|7
|
|t:|1785464054
|move|p2b: Oscar|Last Respects|p1b: Politoed
|-damage|p1b: Politoed|17/100
|-enditem|p1b: Politoed|Sitrus Berry|[eat]
|-heal|p1b: Politoed|42/100|[from] item: Sitrus Berry
|move|p2a: Sneasler|Close Combat|p1b: Politoed
|-damage|p1b: Politoed|0 fnt
|-unboost|p2a: Sneasler|def|1
|-unboost|p2a: Sneasler|spd|1
|faint|p1b: Politoed
|move|p1a: Archaludon|Electro Shot||[still]
|-prepare|p1a: Archaludon|Electro Shot
|-boost|p1a: Archaludon|spa|1
|-anim|p1a: Archaludon|Electro Shot|p2b: Oscar
|-supereffective|p2b: Oscar|1
|-damage|p2b: Oscar|0 fnt
|faint|p2b: Oscar
|
|-weather|RainDance|[upkeep]
|upkeep
|
|t:|1785464070
|switch|p1b: Gengar|Gengar-Mega, L50, M, shiny|100/100
|turn|8
|-message|bartcr0987 forfeited.
|
|win|AbadanRiyi92
||bartcr0987 is ready for game 2.
