|j|☆Prepucio Santos
|j|☆SP-9733
|html|Prepucio SantosSP-9733    
|uhtml|bestof|Game 1 of a best-of-3
|t:|1784306749
|gametype|doubles
|player|p1|Prepucio Santos|striker|1198
|player|p2|SP-9733|n|1159
|gen|9
|tier|[Gen 9 Champions] VGC 2026 Reg M-B (Bo3)
|rated|
|rule|Species Clause: Limit one of each Pokémon
|rule|Item Clause: Limit 1 of each item
|clearpoke
|poke|p1|Incineroar, L50, F|
|poke|p1|Sinistcha-Masterpiece, L50, shiny|
|poke|p1|Floette-Eternal, L50, F|
|poke|p1|Kingambit, L50, F|
|poke|p1|Sneasler, L50, M|
|poke|p1|Delphox, L50, M, shiny|
|poke|p2|Staraptor, L50, M, shiny|
|poke|p2|Garchomp, L50, F|
|poke|p2|Grimmsnarl, L50, M|
|poke|p2|Sylveon, L50, F, shiny|
|poke|p2|Sinistcha-Masterpiece, L50|
|poke|p2|Blastoise, L50, M|
|teampreview|4
|showteam|p1|Incineroar||SitrusBerry|Intimidate|FakeOut,PartingShot,ThroatChop,FlareBlitz|Careful||F|||50|]Sinistcha-Masterpiece||KasibBerry|Hospitality|MatchaGotcha,LifeDew,RagePowder,TrickRoom|Bold|||||50|]Floette-Eternal||Floettite|FlowerVeil|Moonblast,DazzlingGleam,CalmMind,Protect|Modest||F|||50|]Kingambit||BlackGlasses|Defiant|KowtowCleave,SuckerPunch,SwordsDance,Protect|Adamant||F|||50|]Sneasler||FocusSash|PoisonTouch|FakeOut,CloseCombat,DireClaw,QuickGuard|Jolly||M|||50|]Delphox||Delphoxite|Blaze|HeatWave,Psyshock,NastyPlot,Protect|Timid||M|||50|
|showteam|p2|Staraptor||Staraptite|Intimidate|CloseCombat,DualWingbeat,Protect,Roost|Jolly||M|||50|]Garchomp||LifeOrb|RoughSkin|StompingTantrum,DragonClaw,Protect,RockSlide|Jolly||F|||50|]Grimmsnarl||LightClay|Prankster|LightScreen,Reflect,PartingShot,SpiritBreak|Careful||M|||50|]Sylveon||FairyFeather|Pixilate|HyperVoice,HyperBeam,Detect,QuickAttack|Quiet||F|||50|]Sinistcha-Masterpiece||ColburBerry|Hospitality|TrickRoom,Protect,RagePowder,MatchaGotcha|Bold|||||50|]Blastoise||Blastoisinite|Torrent|FakeOut,WaterSpout,DarkPulse,ShellSmash|Modest||M|||50|
|inactive|Battle timer is ON: inactive players will automatically lose when time's up. (requested by SP-9733)
|inactive|Prepucio Santos has 60 seconds left.
|inactive|SP-9733 has 60 seconds left.
|inactive|SP-9733 has 30 seconds left.
|
|t:|1784306812
|teamsize|p1|4
|teamsize|p2|4
|start
|switch|p1a: Incineroar|Incineroar, L50, F|100/100
|switch|p1b: Floette|Floette-Eternal, L50, F|100/100
|switch|p2a: Grimmsnarl|Grimmsnarl, L50, M|100/100
|switch|p2b: Blastoise|Blastoise, L50, M|100/100
|-ability|p1a: Incineroar|Intimidate|boost
|-unboost|p2a: Grimmsnarl|atk|1
|-unboost|p2b: Blastoise|atk|1
|turn|1
|
|t:|1784306825
|detailschange|p2b: Blastoise|Blastoise-Mega, L50, M
|-mega|p2b: Blastoise|Blastoise|Blastoisinite
|detailschange|p1b: Floette|Floette-Mega, L50, F
|-mega|p1b: Floette|Floette|Floettite
|-ability|p1b: Floette|Fairy Aura
|move|p2b: Blastoise|Fake Out|p1b: Floette
|-damage|p1b: Floette|93/100
|move|p1a: Incineroar|Fake Out|p2a: Grimmsnarl
|-damage|p2a: Grimmsnarl|89/100
|cant|p2a: Grimmsnarl|flinch
|cant|p1b: Floette|flinch
|
|upkeep
|turn|2
|inactive|SP-9733 has 30 seconds left.
|
|t:|1784306852
|move|p2a: Grimmsnarl|Light Screen|p2a: Grimmsnarl
|-sidestart|p2: SP-9733|move: Light Screen
|move|p1b: Floette|Dazzling Gleam|p2b: Blastoise|[spread] p2a,p2b
|-supereffective|p2a: Grimmsnarl|1
|-damage|p2a: Grimmsnarl|34/100
|-damage|p2b: Blastoise|71/100
|move|p2b: Blastoise|Shell Smash|p2b: Blastoise
|-unboost|p2b: Blastoise|def|1
|-unboost|p2b: Blastoise|spd|1
|-boost|p2b: Blastoise|atk|2
|-boost|p2b: Blastoise|spa|2
|-boost|p2b: Blastoise|spe|2
|move|p1a: Incineroar|Parting Shot|p2b: Blastoise
|-unboost|p2b: Blastoise|atk|1
|-unboost|p2b: Blastoise|spa|1
|
|t:|1784306866
|switch|p1a: Kingambit|Kingambit, L50, F|100/100|[from] Parting Shot
|
|upkeep
|turn|3
|
|t:|1784306872
|move|p2a: Grimmsnarl|Parting Shot|p1b: Floette
|-unboost|p1b: Floette|atk|1
|-unboost|p1b: Floette|spa|1
|
|t:|1784306875
|switch|p2a: Sinistcha|Sinistcha-Masterpiece, L50|100/100|[from] Parting Shot
|-heal|p2b: Blastoise|96/100|[from] ability: Hospitality|[of] p2a: Sinistcha
|move|p1a: Kingambit|Sucker Punch|p2b: Blastoise
|-damage|p2b: Blastoise|38/100
|move|p2b: Blastoise|Water Spout|p1b: Floette|[spread] p1a,p1b
|-damage|p1a: Kingambit|66/100
|-damage|p1b: Floette|67/100
|move|p1b: Floette|Dazzling Gleam|p2b: Blastoise|[spread] p2a,p2b
|-damage|p2a: Sinistcha|74/100
|-damage|p2b: Blastoise|10/100
|
|upkeep
|turn|4
|
|t:|1784306893
|switch|p2b: Sylveon|Sylveon, L50, F, shiny|100/100
|move|p1b: Floette|Dazzling Gleam|p2a: Sinistcha|[spread] p2a,p2b
|-damage|p2a: Sinistcha|51/100
|-damage|p2b: Sylveon|85/100
|move|p1a: Kingambit|Swords Dance|p1a: Kingambit
|-boost|p1a: Kingambit|atk|2
|move|p2a: Sinistcha|Trick Room|p2a: Sinistcha
|-fieldstart|move: Trick Room|[of] p2a: Sinistcha
|
|upkeep
|turn|5
|
|t:|1784306907
|switch|p1b: Sinistcha|Sinistcha-Masterpiece, L50, shiny|100/100
|-heal|p1a: Kingambit|91/100|[from] ability: Hospitality|[of] p1b: Sinistcha
|move|p2a: Sinistcha|Rage Powder|p2a: Sinistcha
|-singleturn|p2a: Sinistcha|move: Rage Powder
|move|p1a: Kingambit|Kowtow Cleave|p2a: Sinistcha
|-supereffective|p2a: Sinistcha|1
|-enditem|p2a: Sinistcha|Colbur Berry|[eat]
|-enditem|p2a: Sinistcha|Colbur Berry|[weaken]
|-damage|p2a: Sinistcha|0 fnt
|faint|p2a: Sinistcha
|move|p2b: Sylveon|Hyper Voice|p1a: Kingambit|[spread] p1a,p1b
|-damage|p1a: Kingambit|39/100
|-damage|p1b: Sinistcha|47/100
|
|upkeep
|
|t:|1784306930
|switch|p2a: Blastoise|Blastoise-Mega, L50, M|10/100
|turn|6
|
|t:|1784306936
|move|p1a: Kingambit|Protect|p1a: Kingambit
|-singleturn|p1a: Kingambit|Protect
|move|p2a: Blastoise|Fake Out|p1a: Kingambit
|-activate|p1a: Kingambit|move: Protect
|move|p2b: Sylveon|Hyper Voice|p1a: Kingambit|[spread] p1b
|-activate|p1a: Kingambit|move: Protect
|-damage|p1b: Sinistcha|1/100
|move|p1b: Sinistcha|Matcha Gotcha|p2a: Blastoise|[spread] p2a,p2b
|-supereffective|p2a: Blastoise|1
|-damage|p2a: Blastoise|0 fnt
|-heal|p1b: Sinistcha|7/100|[from] drain|[of] p2a: Blastoise
|-damage|p2b: Sylveon|74/100
|-heal|p1b: Sinistcha|13/100|[from] drain|[of] p2b: Sylveon
|-status|p2b: Sylveon|brn
|faint|p2a: Blastoise
|
|-damage|p2b: Sylveon|67/100 brn|[from] brn
|upkeep
|
|t:|1784306942
|switch|p2a: Grimmsnarl|Grimmsnarl, L50, M|34/100
|turn|7
|
|t:|1784306950
|move|p2a: Grimmsnarl|Reflect|p2a: Grimmsnarl
|-sidestart|p2: SP-9733|Reflect
|move|p1a: Kingambit|Kowtow Cleave|p2b: Sylveon
|-resisted|p2b: Sylveon|1
|-damage|p2b: Sylveon|16/100 brn
|move|p2b: Sylveon|Hyper Voice|p1b: Sinistcha|[spread] p1a,p1b
|-damage|p1a: Kingambit|0 fnt
|-damage|p1b: Sinistcha|0 fnt
|faint|p1a: Kingambit
|faint|p1b: Sinistcha
|
|-damage|p2b: Sylveon|10/100 brn|[from] brn
|upkeep
|
|t:|1784306961
|switch|p1a: Incineroar|Incineroar, L50, F|100/100
|switch|p1b: Floette|Floette-Mega, L50, F|67/100
|-ability|p1a: Incineroar|Intimidate|boost
|-unboost|p2a: Grimmsnarl|atk|1
|-unboost|p2b: Sylveon|atk|1
|-ability|p1b: Floette|Fairy Aura
|turn|8
|
|t:|1784306966
|move|p2b: Sylveon|Detect|p2b: Sylveon
|-singleturn|p2b: Sylveon|Protect
|move|p1a: Incineroar|Fake Out|p2b: Sylveon
|-activate|p2b: Sylveon|move: Protect
|move|p2a: Grimmsnarl|Spirit Break|p1b: Floette
|-damage|p1b: Floette|40/100
|-unboost|p1b: Floette|spa|1
|move|p1b: Floette|Dazzling Gleam|p2b: Sylveon|[spread] p2a
|-activate|p2b: Sylveon|move: Protect
|-supereffective|p2a: Grimmsnarl|1
|-damage|p2a: Grimmsnarl|0 fnt
|faint|p2a: Grimmsnarl
|
|-damage|p2b: Sylveon|4/100 brn|[from] brn
|-fieldend|move: Trick Room
|upkeep
|turn|9
|-message|SP-9733 forfeited.
|
|win|Prepucio Santos
|l|☆SP-9733
|player|p2|
||Prepucio Santos is ready for game 2.
||SP-9733 is ready for game 2.
|uhtml|next|Next: Game 2 of 3
