|j|☆PYS_Max2
|j|☆puigdoubleplay
|html|PYS_Max2puigdoubleplay    
|uhtml|bestof|Game 2 of a best-of-3
|t:|1785090114
|gametype|doubles
|player|p1|PYS_Max2|clay|1403
|player|p2|puigdoubleplay|waiter-gen4dp|1291
|gen|9
|tier|[Gen 9 Champions] VGC 2026 Reg M-B (Bo3)
|rated|
|rule|Species Clause: Limit one of each Pokémon
|rule|Item Clause: Limit 1 of each item
|clearpoke
|poke|p1|Garchomp, L50, M|
|poke|p1|Venusaur, L50, M|
|poke|p1|Incineroar, L50, F|
|poke|p1|Charizard, L50, M|
|poke|p1|Toxapex, L50, M|
|poke|p1|Sneasler, L50, F|
|poke|p2|Farigiraf, L50, F|
|poke|p2|Sylveon, L50, M|
|poke|p2|Kingambit, L50, M|
|poke|p2|Raichu, L50, F|
|poke|p2|Arcanine-Hisui, L50, M|
|poke|p2|Staraptor, L50, F|
|teampreview|4
|showteam|p1|Garchomp||LifeOrb|RoughSkin|StompingTantrum,RockSlide,DragonClaw,Protect|Jolly||M|||50|]Venusaur||FocusSash|Chlorophyll|SludgeBomb,SolarBeam,SleepPowder,Protect|Modest||M|||50|]Incineroar||SitrusBerry|Intimidate|FakeOut,FlareBlitz,ThroatChop,PartingShot|Impish||F|||50|]Charizard||CharizarditeY|Blaze|HeatWave,WeatherBall,Protect,HelpingHand|Modest||M|||50|]Toxapex||Leftovers|Regenerator|Infestation,Toxic,WideGuard,BanefulBunker|Impish||M|||50|]Sneasler||WhiteHerb|Unburden|CloseCombat,DireClaw,QuickGuard,FakeOut|Jolly||F|||50|
|showteam|p2|Farigiraf||SitrusBerry|ArmorTail|TwinBeam,TrickRoom,HelpingHand,Thunderbolt|Bold||F|||50|]Sylveon||FairyFeather|Pixilate|HyperVoice,HyperBeam,Detect,QuickAttack|Modest||M|||50|]Kingambit||LifeOrb|Defiant|KowtowCleave,SuckerPunch,Protect,SwordsDance|Adamant||M|||50|]Raichu||RaichuniteY|LightningRod|ZapCannon,FakeOut,Protect,FocusBlast|Timid||F|||50|]Arcanine-Hisui||FocusSash|RockHead|FlareBlitz,HeadSmash,Protect,ExtremeSpeed|Jolly||M|||50|]Staraptor||Staraptite|Intimidate|CloseCombat,BraveBird,Tailwind,Protect|Jolly||F|||50|
|inactive|Battle timer is ON: inactive players will automatically lose when time's up. (requested by puigdoubleplay)
|inactive|puigdoubleplay has 60 seconds left.
|inactive|PYS_Max2 has 60 seconds left.
|
|t:|1785090166
|teamsize|p1|4
|teamsize|p2|4
|start
|switch|p1a: Charizard|Charizard, L50, M|100/100
|switch|p1b: Venusaur|Venusaur, L50, M|100/100
|switch|p2a: Raichu|Raichu, L50, F|100/100
|switch|p2b: Farigiraf|Farigiraf, L50, F|100/100
|turn|1
|inactive|puigdoubleplay has 30 seconds left.
|
|t:|1785090194
|switch|p1b: Garchomp|Garchomp, L50, M|100/100
|detailschange|p2a: Raichu|Raichu-Mega-Y, L50, F
|-mega|p2a: Raichu|Raichu|Raichunite Y
|move|p1a: Charizard|Protect|p1a: Charizard
|-singleturn|p1a: Charizard|Protect
|move|p2a: Raichu|Fake Out|p1b: Garchomp
|-damage|p1b: Garchomp|91/100
|-damage|p2a: Raichu|88/100|[from] ability: Rough Skin|[of] p1b: Garchomp
|move|p2b: Farigiraf|Trick Room|p2b: Farigiraf
|-fieldstart|move: Trick Room|[of] p2b: Farigiraf
|
|upkeep
|turn|2
|inactive|PYS_Max2 has 30 seconds left.
|
|t:|1785090222
|detailschange|p1a: Charizard|Charizard-Mega-Y, L50, M
|-mega|p1a: Charizard|Charizard|Charizardite Y
|-weather|SunnyDay|[from] ability: Drought|[of] p1a: Charizard
|move|p2b: Farigiraf|Thunderbolt|p1a: Charizard
|-supereffective|p1a: Charizard|1
|-damage|p1a: Charizard|62/100
|move|p1a: Charizard|Weather Ball|p2b: Farigiraf
|-damage|p2b: Farigiraf|12/100
|-enditem|p2b: Farigiraf|Sitrus Berry|[eat]
|-heal|p2b: Farigiraf|37/100|[from] item: Sitrus Berry
|move|p1b: Garchomp|Stomping Tantrum|p2b: Farigiraf
|-damage|p2b: Farigiraf|0 fnt
|faint|p2b: Farigiraf
|-damage|p1b: Garchomp|81/100|[from] item: Life Orb
|move|p2a: Raichu|Focus Blast|p1b: Garchomp
|-damage|p1b: Garchomp|34/100
|
|-weather|SunnyDay|[upkeep]
|upkeep
|inactive|puigdoubleplay has 30 seconds left.
|
|t:|1785090253
|switch|p2b: Sylveon|Sylveon, L50, M|100/100
|turn|3
|
|t:|1785090272
|move|p2a: Raichu|Protect|p2a: Raichu
|-singleturn|p2a: Raichu|Protect
|move|p2b: Sylveon|Hyper Voice|p1a: Charizard|[spread] p1a,p1b
|-resisted|p1a: Charizard|1
|-supereffective|p1b: Garchomp|1
|-damage|p1a: Charizard|42/100
|-damage|p1b: Garchomp|0 fnt
|faint|p1b: Garchomp
|move|p1a: Charizard|Weather Ball|p2a: Raichu
|-activate|p2a: Raichu|move: Protect
|
|-weather|SunnyDay|[upkeep]
|upkeep
|
|t:|1785090276
|switch|p1b: Toxapex|Toxapex, L50, M|100/100
|turn|4
|inactive|puigdoubleplay has 30 seconds left.
|
|t:|1785090308
|switch|p1a: Venusaur|Venusaur, L50, M|100/100
|switch|p2a: Kingambit|Kingambit, L50, M|100/100
|move|p1b: Toxapex|Baneful Bunker|p1b: Toxapex
|-singleturn|p1b: Toxapex|move: Protect
|move|p2b: Sylveon|Hyper Voice|p1a: Venusaur|[spread] p1a
|-activate|p1b: Toxapex|move: Protect
|-resisted|p1a: Venusaur|1
|-crit|p1a: Venusaur
|-damage|p1a: Venusaur|60/100
|
|-weather|SunnyDay|[upkeep]
|upkeep
|turn|5
|
|t:|1785090326
|switch|p2b: Raichu|Raichu-Mega-Y, L50, F|88/100
|move|p1a: Venusaur|Protect|p1a: Venusaur
|-singleturn|p1a: Venusaur|Protect
|move|p1b: Toxapex|Infestation|p2a: Kingambit
|-damage|p2a: Kingambit|97/100
|-activate|p2a: Kingambit|move: Infestation|[of] p1b: Toxapex
|move|p2a: Kingambit|Kowtow Cleave|p1a: Venusaur
|-activate|p1a: Venusaur|move: Protect
|
|-weather|SunnyDay|[upkeep]
|-damage|p2a: Kingambit|85/100|[from] move: Infestation|[partiallytrapped]
|-fieldend|move: Trick Room
|upkeep
|turn|6
|inactive|PYS_Max2 has 30 seconds left.
|
|t:|1785090354
|move|p1a: Venusaur|Protect||[still]
|-fail|p1a: Venusaur
|move|p2b: Raichu|Fake Out|p1a: Venusaur
|-damage|p1a: Venusaur|49/100
|move|p2a: Kingambit|Kowtow Cleave|p1a: Venusaur
|-damage|p1a: Venusaur|0 fnt
|faint|p1a: Venusaur
|-damage|p2a: Kingambit|75/100|[from] item: Life Orb
|move|p1b: Toxapex|Infestation|p2b: Raichu
|-damage|p2b: Raichu|84/100
|-activate|p2b: Raichu|move: Infestation|[of] p1b: Toxapex
|
|-weather|none
|-damage|p2b: Raichu|72/100|[from] move: Infestation|[partiallytrapped]
|-damage|p2a: Kingambit|63/100|[from] move: Infestation|[partiallytrapped]
|upkeep
|
|t:|1785090363
|switch|p1a: Charizard|Charizard-Mega-Y, L50, M|42/100
|-weather|SunnyDay|[from] ability: Drought|[of] p1a: Charizard
|turn|7
|
|t:|1785090373
|move|p1a: Charizard|Protect|p1a: Charizard
|-singleturn|p1a: Charizard|Protect
|move|p2a: Kingambit|Sucker Punch||[still]
|-fail|p2a: Kingambit
|move|p2b: Raichu|Zap Cannon|p1b: Toxapex
|-supereffective|p1b: Toxapex|1
|-damage|p1b: Toxapex|3/100
|-status|p1b: Toxapex|par
|move|p1b: Toxapex|Toxic|p2b: Raichu
|-status|p2b: Raichu|tox
|
|-weather|SunnyDay|[upkeep]
|-heal|p1b: Toxapex|8/100 par|[from] item: Leftovers
|-damage|p2b: Raichu|66/100 tox|[from] psn
|-damage|p2b: Raichu|54/100 tox|[from] move: Infestation|[partiallytrapped]
|-damage|p2a: Kingambit|51/100|[from] move: Infestation|[partiallytrapped]
|upkeep
|turn|8
|
|t:|1785090394
|move|p1a: Charizard|Protect||[still]
|-fail|p1a: Charizard
|move|p1b: Toxapex|Baneful Bunker|p1b: Toxapex
|-singleturn|p1b: Toxapex|move: Protect
|move|p2b: Raichu|Zap Cannon|p1a: Charizard
|-supereffective|p1a: Charizard|1
|-damage|p1a: Charizard|0 fnt
|faint|p1a: Charizard
|move|p2a: Kingambit|Kowtow Cleave|p1b: Toxapex
|-activate|p1b: Toxapex|move: Protect
|
|-weather|SunnyDay|[upkeep]
|-heal|p1b: Toxapex|14/100 par|[from] item: Leftovers
|-damage|p2b: Raichu|42/100 tox|[from] psn
|-damage|p2b: Raichu|30/100 tox|[from] move: Infestation|[partiallytrapped]
|-damage|p2a: Kingambit|39/100|[from] move: Infestation|[partiallytrapped]
|upkeep
|turn|9
|
|t:|1785090418
|move|p2b: Raichu|Zap Cannon|p1b: Toxapex
|-supereffective|p1b: Toxapex|1
|-damage|p1b: Toxapex|0 fnt
|faint|p1b: Toxapex
|
|win|puigdoubleplay
|raw|PYS_Max2's rating: 1403 → 1377(-26 for losing)
|raw|puigdoubleplay's rating: 1291 → 1324(+33 for winning)
