|j|☆esther1234
|j|☆EDJPP
|html|esther1234EDJPP    
|uhtml|bestof|Game 1 of a best-of-3
|t:|1783381487
|gametype|doubles
|player|p1|esther1234|1|1000
|player|p2|EDJPP|volkner|1138
|gen|9
|tier|[Gen 9 Champions] VGC 2026 Reg M-B (Bo3)
|rated|
|rule|Species Clause: Limit one of each Pokémon
|rule|Item Clause: Limit 1 of each item
|clearpoke
|poke|p1|Decidueye-Hisui, L50, F, shiny|
|poke|p1|Oranguru, L50, M|
|poke|p1|Kingambit, L50, M|
|poke|p1|Floette-Eternal, L50, F|
|poke|p1|Toxapex, L50, F|
|poke|p1|Incineroar, L50, M|
|poke|p2|Charizard, L50, F|
|poke|p2|Venusaur, L50, M|
|poke|p2|Basculegion, L50, M|
|poke|p2|Farigiraf, L50, F|
|poke|p2|Typhlosion-Hisui, L50, M|
|poke|p2|Sneasler, L50, M|
|teampreview|4
|showteam|p1|Decidueye-Hisui||CobaBerry|Scrappy|LeafBlade,TripleArrows,BulkUp,Protect|Adamant||F|||50|]Oranguru||Leftovers|InnerFocus|TrickRoom,Taunt,FocusBlast,LightScreen|Sassy||M|||50|]Kingambit||ChopleBerry|Defiant|StoneEdge,IronHead,NightSlash,Protect|Adamant||M|||50|]Floette-Eternal||Floettite|FlowerVeil|LightofRuin,Moonblast,GigaDrain,Protect|Timid||F|||50|]Toxapex||MentalHerb|Merciless|PoisonJab,ToxicSpikes,Liquidation,Protect|Impish||F|||50|]Incineroar||SitrusBerry|Intimidate|Taunt,DarkPulse,BlazeKick,FakeOut|Sassy||M|||50|
|showteam|p2|Charizard||CharizarditeY|SolarPower|HeatWave,SolarBeam,WeatherBall,Protect|Modest||F|||50|]Venusaur||Venusaurite|Chlorophyll|GigaDrain,SludgeBomb,EarthPower,SleepPowder|Modest||M|||50|]Basculegion||MysticWater|Adaptability|WaveCrash,AquaJet,LastRespects,Protect|Adamant||M|||50|]Farigiraf||FocusSash|ArmorTail|Roar,Psychic,Thunderbolt,Protect|Modest||F|||50|]Typhlosion-Hisui||ChoiceScarf|Blaze|Eruption,HeatWave,Overheat,InfernalParade|Timid||M|||50|]Sneasler||WhiteHerb|Unburden|FakeOut,Protect,DireClaw,CloseCombat|Jolly||M|||50|
|inactive|Battle timer is ON: inactive players will automatically lose when time's up. (requested by EDJPP)
|inactive|esther1234 has 60 seconds left.
|inactive|EDJPP has 60 seconds left.
|inactive|esther1234 has 30 seconds left.
|
|t:|1783381555
|teamsize|p1|4
|teamsize|p2|4
|start
|switch|p1a: Oranguru|Oranguru, L50, M|100/100
|switch|p1b: Toxapex|Toxapex, L50, F|100/100
|switch|p2a: Charizard|Charizard, L50, F|100/100
|switch|p2b: Farigiraf|Farigiraf, L50, F|100/100
|turn|1
|inactive|EDJPP has 30 seconds left.
|inactive|EDJPP has 20 seconds left.
|inactive|EDJPP has 15 seconds left.
|inactive|EDJPP has 10 seconds left.
|inactive|EDJPP has 5 seconds left.
|
|t:|1783381608
|detailschange|p2a: Charizard|Charizard-Mega-Y, L50, F
|-mega|p2a: Charizard|Charizard|Charizardite Y
|-weather|SunnyDay|[from] ability: Drought|[of] p2a: Charizard
|move|p2a: Charizard|Weather Ball|p1a: Oranguru
|-damage|p1a: Oranguru|42/100
|move|p2b: Farigiraf|Thunderbolt|p1a: Oranguru
|-damage|p1a: Oranguru|21/100
|move|p1b: Toxapex|Toxic Spikes|p2a: Charizard
|-sidestart|p2: EDJPP|move: Toxic Spikes
|move|p1a: Oranguru|Trick Room|p1a: Oranguru
|-fieldstart|move: Trick Room|[of] p1a: Oranguru
|
|-weather|SunnyDay|[upkeep]
|-heal|p1a: Oranguru|27/100|[from] item: Leftovers
|upkeep
|turn|2
|
|t:|1783381629
|move|p1b: Toxapex|Liquidation|p2a: Charizard
|-supereffective|p2a: Charizard|1
|-damage|p2a: Charizard|73/100
|-unboost|p2a: Charizard|def|1
|move|p1a: Oranguru|Taunt|p2a: Charizard
|-start|p2a: Charizard|move: Taunt
|move|p2b: Farigiraf|Psychic|p1b: Toxapex
|-supereffective|p1b: Toxapex|1
|-damage|p1b: Toxapex|15/100
|move|p2a: Charizard|Solar Beam||[still]
|-prepare|p2a: Charizard|Solar Beam
|-anim|p2a: Charizard|Solar Beam|p1b: Toxapex
|-damage|p1b: Toxapex|0 fnt
|faint|p1b: Toxapex
|
|-weather|SunnyDay|[upkeep]
|-heal|p1a: Oranguru|34/100|[from] item: Leftovers
|upkeep
|
|t:|1783381645
|switch|p1b: Decidueye|Decidueye-Hisui, L50, F, shiny|100/100
|turn|3
|
|t:|1783381658
|switch|p2a: Venusaur|Venusaur, L50, M|100/100
|-sideend|p2: EDJPP|move: Toxic Spikes|[of] p2a: Venusaur
|move|p1a: Oranguru|Light Screen|p1a: Oranguru
|-sidestart|p1: esther1234|move: Light Screen
|move|p1b: Decidueye|Triple Arrows|p2a: Venusaur
|-resisted|p2a: Venusaur|1
|-damage|p2a: Venusaur|75/100
|-unboost|p2a: Venusaur|def|1
|move|p2b: Farigiraf|Psychic|p1b: Decidueye
|-supereffective|p1b: Decidueye|1
|-damage|p1b: Decidueye|42/100
|
|-weather|SunnyDay|[upkeep]
|-heal|p1a: Oranguru|40/100|[from] item: Leftovers
|upkeep
|turn|4
|
|t:|1783381683
|switch|p2a: Basculegion|Basculegion, L50, M|100/100
|move|p1a: Oranguru|Focus Blast|p2a: Basculegion
|-immune|p2a: Basculegion
|move|p1b: Decidueye|Triple Arrows|p2b: Farigiraf
|-damage|p2b: Farigiraf|37/100
|cant|p2b: Farigiraf|flinch
|
|-weather|SunnyDay|[upkeep]
|-heal|p1a: Oranguru|46/100|[from] item: Leftovers
|upkeep
|turn|5
|
|t:|1783381706
|move|p2a: Basculegion|Protect|p2a: Basculegion
|-singleturn|p2a: Basculegion|Protect
|move|p2b: Farigiraf|Protect|p2b: Farigiraf
|-singleturn|p2b: Farigiraf|Protect
|move|p1a: Oranguru|Focus Blast|p2b: Farigiraf
|-activate|p2b: Farigiraf|move: Protect
|move|p1b: Decidueye|Leaf Blade|p2a: Basculegion
|-activate|p2a: Basculegion|move: Protect
|
|-weather|none
|-heal|p1a: Oranguru|52/100|[from] item: Leftovers
|-fieldend|move: Trick Room
|upkeep
|turn|6
|
|t:|1783381723
|move|p1b: Decidueye|Protect|p1b: Decidueye
|-singleturn|p1b: Decidueye|Protect
|move|p2b: Farigiraf|Psychic|p1b: Decidueye
|-activate|p1b: Decidueye|move: Protect
|move|p2a: Basculegion|Wave Crash|p1a: Oranguru
|-damage|p1a: Oranguru|0 fnt
|faint|p1a: Oranguru
|-damage|p2a: Basculegion|84/100|[from] Recoil
|
|upkeep
|
|t:|1783381730
|switch|p1a: Kingambit|Kingambit, L50, M|100/100
|turn|7
|inactive|EDJPP has 30 seconds left.
|
|t:|1783381757
|move|p2b: Farigiraf|Psychic|p1b: Decidueye
|-supereffective|p1b: Decidueye|1
|-damage|p1b: Decidueye|0 fnt
|faint|p1b: Decidueye
|move|p2a: Basculegion|Wave Crash|p1a: Kingambit
|-damage|p1a: Kingambit|20/100y
|-damage|p2a: Basculegion|58/100|[from] Recoil
|move|p1a: Kingambit|Night Slash|p2a: Basculegion
|-supereffective|p2a: Basculegion|1
|-damage|p2a: Basculegion|0 fnt
|faint|p2a: Basculegion
|
|-sideend|p1: esther1234|move: Light Screen
|upkeep
|
|t:|1783381760
|switch|p2a: Charizard|Charizard-Mega-Y, L50, F|73/100
|-weather|SunnyDay|[from] ability: Drought|[of] p2a: Charizard
|turn|8
|
|t:|1783381772
|move|p2a: Charizard|Weather Ball|p1a: Kingambit
|-supereffective|p1a: Kingambit|1
|-damage|p1a: Kingambit|0 fnt
|faint|p1a: Kingambit
|
|win|EDJPP
||EDJPP is ready for game 2.
|l|☆esther1234
|player|p1|
