|j|☆Slothpk
|j|☆Sagiboi
|html|SlothpkSagiboi    
|uhtml|bestof|Game 1 of a best-of-3
|t:|1784313424
|gametype|doubles
|player|p1|Slothpk|101|1070
|player|p2|Sagiboi|scientist|1000
|gen|9
|tier|[Gen 9 Champions] VGC 2026 Reg M-B (Bo3)
|rated|
|rule|Species Clause: Limit one of each Pokémon
|rule|Item Clause: Limit 1 of each item
|clearpoke
|poke|p1|Staraptor, L50, F|
|poke|p1|Scizor, L50, F|
|poke|p1|Milotic, L50, F|
|poke|p1|Maushold-Four, L50|
|poke|p1|Ceruledge, L50, F|
|poke|p1|Sinistcha-Masterpiece, L50|
|poke|p2|Clefable, L50, F|
|poke|p2|Froslass, L50, F, shiny|
|poke|p2|Palafin, L50, F, shiny|
|poke|p2|Aerodactyl, L50, M, shiny|
|poke|p2|Garchomp, L50, M, shiny|
|poke|p2|Kingambit, L50, M, shiny|
|teampreview|4
|showteam|p1|Staraptor||Staraptite|Intimidate|CloseCombat,BraveBird,Protect,Tailwind|Jolly||F|||50|]Scizor||Scizorite|Technician|Protect,BulletPunch,BugBite,SwordsDance|Adamant||F|||50|]Milotic||Leftovers|Competitive|Protect,IcyWind,Scald,Haze|Modest||F|||50|]Maushold-Four||SitrusBerry|FriendGuard|FollowMe,SuperFang,Charm,Protect|Jolly|||||50|]Ceruledge||ColburBerry|FlashFire|ShadowSneak,BitterBlade,SwordsDance,Protect|Adamant||F|||50|]Sinistcha-Masterpiece||MiracleSeed|Hospitality|MatchaGotcha,Protect,RagePowder,TrickRoom|Modest|||||50|
|showteam|p2|Clefable||SitrusBerry|Unaware|Moonblast,Protect,HelpingHand,FollowMe|Calm||F|||50|]Froslass||Froslassite|SnowCloak|Blizzard,ShadowBall,Protect,AuroraVeil|Timid||F|||50|]Palafin||MysticWater|ZerotoHero|WaveCrash,CloseCombat,Protect,JetPunch|Jolly||F|||50|]Aerodactyl||Aerodactylite|Unnerve|RockSlide,DualWingbeat,Protect,Tailwind|Jolly||M|||50|]Garchomp||ChoiceScarf|RoughSkin|Earthquake,DragonClaw,StompingTantrum,RockSlide|Jolly||M|||50|]Kingambit||BlackGlasses|Defiant|KowtowCleave,SuckerPunch,Protect,SwordsDance|Adamant||M|||50|
|inactive|Battle timer is ON: inactive players will automatically lose when time's up. (requested by Slothpk)
|inactive|Slothpk has 60 seconds left.
|inactive|Sagiboi has 60 seconds left.
|
|t:|1784313480
|teamsize|p1|4
|teamsize|p2|4
|start
|switch|p1a: Scizor|Scizor, L50, F|100/100
|switch|p1b: Milotic|Milotic, L50, F|100/100
|switch|p2a: Sakaki|Froslass, L50, F, shiny|100/100
|switch|p2b: Chiyo|Clefable, L50, F|100/100
|turn|1
|inactive|Slothpk has 30 seconds left.
|inactive|Sagiboi has 30 seconds left.
|
|t:|1784313509
|detailschange|p2a: Sakaki|Froslass-Mega, L50, F, shiny
|-mega|p2a: Sakaki|Froslass|Froslassite
|-weather|Snowscape|[from] ability: Snow Warning|[of] p2a: Sakaki
|detailschange|p1a: Scizor|Scizor-Mega, L50, F
|-mega|p1a: Scizor|Scizor|Scizorite
|move|p2b: Chiyo|Follow Me|p2b: Chiyo
|-singleturn|p2b: Chiyo|move: Follow Me
|move|p1a: Scizor|Bullet Punch|p2b: Chiyo
|-supereffective|p2b: Chiyo|1
|-crit|p2b: Chiyo
|-damage|p2b: Chiyo|0 fnt
|faint|p2b: Chiyo
|move|p2a: Sakaki|Aurora Veil|p2a: Sakaki
|-sidestart|p2: Sagiboi|move: Aurora Veil
|move|p1b: Milotic|Scald|p2a: Sakaki
|-damage|p2a: Sakaki|68/100
|
|-weather|Snowscape|[upkeep]
|upkeep
|inactive|Sagiboi has 30 seconds left.
|
|t:|1784313535
|switch|p2b: Getos|Kingambit, L50, M, shiny|100/100
|turn|2
|
|t:|1784313554
|move|p2a: Sakaki|Protect|p2a: Sakaki
|-singleturn|p2a: Sakaki|Protect
|move|p1b: Milotic|Scald|p2b: Getos
|-damage|p2b: Getos|74/100
|move|p1a: Scizor|Bug Bite|p2b: Getos
|-damage|p2b: Getos|47/100
|move|p2b: Getos|Swords Dance|p2b: Getos
|-boost|p2b: Getos|atk|2
|
|-weather|Snowscape|[upkeep]
|upkeep
|turn|3
|inactive|Slothpk has 30 seconds left.
|inactive|Sagiboi has 30 seconds left.
|inactive|Slothpk has 20 seconds left.
|inactive|Slothpk has 15 seconds left.
|
|t:|1784313596
|move|p1a: Scizor|Protect|p1a: Scizor
|-singleturn|p1a: Scizor|Protect
|move|p2a: Sakaki|Shadow Ball|p1a: Scizor
|-activate|p1a: Scizor|move: Protect
|move|p1b: Milotic|Haze|p1b: Milotic
|-clearallboost
|move|p2b: Getos|Kowtow Cleave|p1a: Scizor
|-activate|p1a: Scizor|move: Protect
|
|-weather|Snowscape|[upkeep]
|upkeep
|turn|4
|
|t:|1784313612
|switch|p2a: Bazinga!|Garchomp, L50, M, shiny|100/100
|move|p1b: Milotic|Scald|p2b: Getos
|-damage|p2b: Getos|22/100
|move|p1a: Scizor|Bug Bite|p2b: Getos
|-damage|p2b: Getos|0 fnt
|faint|p2b: Getos
|
|-weather|Snowscape|[upkeep]
|upkeep
|
|t:|1784313620
|switch|p2b: Sakaki|Froslass-Mega, L50, F, shiny|68/100
|turn|5
|
|t:|1784313637
|move|p1b: Milotic|Protect|p1b: Milotic
|-singleturn|p1b: Milotic|Protect
|move|p1a: Scizor|Protect|p1a: Scizor
|-singleturn|p1a: Scizor|Protect
|move|p2a: Bazinga!|Stomping Tantrum|p1a: Scizor
|-activate|p1a: Scizor|move: Protect
|move|p2b: Sakaki|Shadow Ball|p1a: Scizor
|-activate|p1a: Scizor|move: Protect
|
|-weather|none
|-sideend|p2: Sagiboi|move: Aurora Veil
|upkeep
|turn|6
|
|t:|1784313657
|move|p1a: Scizor|Bullet Punch|p2b: Sakaki
|-supereffective|p2b: Sakaki|1
|-damage|p2b: Sakaki|0 fnt
|faint|p2b: Sakaki
|move|p2a: Bazinga!|Stomping Tantrum|p1a: Scizor
|-damage|p1a: Scizor|71/100
|move|p1b: Milotic|Icy Wind|p2a: Bazinga!
|-supereffective|p2a: Bazinga!|2
|-damage|p2a: Bazinga!|24/100
|-unboost|p2a: Bazinga!|spe|1
|
|upkeep
|turn|7
|
|t:|1784313666
|move|p2a: Bazinga!|Stomping Tantrum|p1a: Scizor
|-damage|p1a: Scizor|43/100
|move|p1b: Milotic|Icy Wind|p2a: Bazinga!
|-supereffective|p2a: Bazinga!|2
|-damage|p2a: Bazinga!|0 fnt
|faint|p2a: Bazinga!
|
|win|Slothpk
||Slothpk is ready for game 2.
||Sagiboi is ready for game 2.
|uhtml|next|Next: Game 2 of 3
|l|☆Slothpk
|player|p1|
