|j|☆latios66
|j|☆Lazybones9190
|html|latios66Lazybones9190    
|uhtml|bestof|Game 2 of a best-of-3
|t:|1756327728
|gametype|doubles
|player|p1|latios66|265|1102
|player|p2|Lazybones9190|dawn|1000
|gen|9
|tier|[Gen 9] VGC 2025 Reg H (Bo3)
|rated|
|rule|Species Clause: Limit one of each Pokémon
|rule|Item Clause: Limit 1 of each item
|clearpoke
|poke|p1|Indeedee, L50, M|
|poke|p1|Drifblim, L50, M|
|poke|p1|Volcarona, L50, F|
|poke|p1|Kommo-o, L50, M|
|poke|p1|Toxtricity, L50, M|
|poke|p1|Hydreigon, L50, M|
|poke|p2|Politoed, L50, M|
|poke|p2|Kingdra, L50, M|
|poke|p2|Gothitelle, L50, F|
|poke|p2|Archaludon, L50, M|
|poke|p2|Incineroar, L50, F|
|poke|p2|Amoonguss, L50, M|
|teampreview|4
|showteam|p1|Indeedee||FocusSash|PsychicSurge|ExpandingForce,TeraBlast,Imprison,TrickRoom|||M|||50|,,,,,Ground]Drifblim||PsychicSeed|Unburden|ShadowBall,WillOWisp,StrengthSap,Tailwind|||M|||50|,,,,,Grass]Volcarona||LifeOrb|FlameBody|BugBuzz,HeatWave,TeraBlast,Protect|||F|||50|,,,,,Fairy]Kommo-o||Leftovers|Soundproof|BodyPress,Flamethrower,IronDefense,Protect|||M|||50|,,,,,Fire]Toxtricity||ChoiceSpecs|PunkRock|Overdrive,SludgeBomb,Boomburst,VoltSwitch|||M|||50|,,,,,Normal]Hydreigon||AssaultVest|Levitate|DarkPulse,DracoMeteor,EarthPower,Snarl|||M|||50|,,,,,Ghost
|showteam|p2|Politoed||Leftovers|Drizzle|WeatherBall,Encore,PerishSong,Protect|||M|||50|,,,,,Grass]Kingdra||LifeOrb|SwiftSwim|WeatherBall,DracoMeteor,MuddyWater,Protect|||M|||50|,,,,,Stellar]Gothitelle||SitrusBerry|ShadowTag|FakeOut,Psychic,TrickRoom,Protect|||F|||50|,,,,,Dark]Archaludon||PowerHerb|Sturdy|ElectroShot,DragonPulse,FlashCannon,Protect|||M|||50|,,,,,Electric]Incineroar||SafetyGoggles|Intimidate|FakeOut,KnockOff,PartingShot,Protect|||F|||50|,,,,,Ghost]Amoonguss||EjectButton|Regenerator|PollenPuff,Spore,Protect,RagePowder|||M|||50|,,,,,Water
|
|t:|1756327746
|teamsize|p1|4
|teamsize|p2|4
|start
|switch|p1a: Indeedee|Indeedee, L50, M|100/100
|switch|p1b: Drifblim|Drifblim, L50, M|100/100
|switch|p2a: Archaludon|Archaludon, L50, M, shiny|100/100
|switch|p2b: Incineroar|Incineroar, L50, F|100/100
|-fieldstart|move: Psychic Terrain|[from] ability: Psychic Surge|[of] p1a: Indeedee
|-enditem|p1b: Drifblim|Psychic Seed
|-boost|p1b: Drifblim|spd|1|[from] item: Psychic Seed
|-ability|p2b: Incineroar|Intimidate|boost
|-unboost|p1a: Indeedee|atk|1
|-unboost|p1b: Drifblim|atk|1
|turn|1
|
|t:|1756327763
|switch|p1b: Kommo-o|Kommo-o, L50, M|100/100
|-terastallize|p1a: Indeedee|Ground
|move|p1a: Indeedee|Tera Blast|p2a: Archaludon|[anim] Tera Blast Ground
|-supereffective|p2a: Archaludon
|-ability|p2a: Archaludon|Sturdy
|-damage|p2a: Archaludon|1/100
|move|p2a: Archaludon|Electro Shot||[still]
|-prepare|p2a: Archaludon|Electro Shot
|-boost|p2a: Archaludon|spa|1
|-enditem|p2a: Archaludon|Power Herb
|-anim|p2a: Archaludon|Electro Shot|p1b: Kommo-o
|-resisted|p1b: Kommo-o
|-damage|p1b: Kommo-o|74/100
|move|p2b: Incineroar|Knock Off|p1a: Indeedee
|-damage|p1a: Indeedee|14/100
|-enditem|p1a: Indeedee|Focus Sash|[from] move: Knock Off|[of] p2b: Incineroar
|
|-heal|p1b: Kommo-o|80/100|[from] item: Leftovers
|upkeep
|turn|2
|
|t:|1756327796
|move|p1a: Indeedee|Expanding Force|p2b: Incineroar|[spread] p2a
|-immune|p2b: Incineroar
|-resisted|p2a: Archaludon
|-damage|p2a: Archaludon|0 fnt
|faint|p2a: Archaludon
|move|p1b: Kommo-o|Body Press|p2b: Incineroar
|-supereffective|p2b: Incineroar
|-damage|p2b: Incineroar|19/100
|move|p2b: Incineroar|Parting Shot|p1b: Kommo-o
|-immune|p1b: Kommo-o|[from] ability: Soundproof
|
|-heal|p1b: Kommo-o|86/100|[from] item: Leftovers
|upkeep
|
|t:|1756327810
|switch|p2a: Kingdra|Kingdra, L50, M|100/100
|turn|3
|
|t:|1756327826
|switch|p2b: Politoed|Politoed, L50, M, shiny|100/100
|-weather|RainDance|[from] ability: Drizzle|[of] p2b: Politoed
|-terastallize|p2a: Kingdra|Stellar
|move|p2a: Kingdra|Muddy Water|p1a: Indeedee|[spread] p1a,p1b
|-supereffective|p1a: Indeedee
|-resisted|p1b: Kommo-o
|-damage|p1a: Indeedee|0 fnt
|-damage|p1b: Kommo-o|47/100
|faint|p1a: Indeedee
|-damage|p2a: Kingdra|90/100|[from] item: Life Orb
|move|p1b: Kommo-o|Iron Defense|p1b: Kommo-o
|-boost|p1b: Kommo-o|def|2
|
|-weather|RainDance|[upkeep]
|-heal|p1b: Kommo-o|53/100|[from] item: Leftovers
|upkeep
|
|t:|1756327831
|switch|p1a: Drifblim|Drifblim, L50, M|100/100
|turn|4
|
|t:|1756327839
|move|p1b: Kommo-o|Protect|p1b: Kommo-o
|-singleturn|p1b: Kommo-o|Protect
|move|p2b: Politoed|Protect|p2b: Politoed
|-singleturn|p2b: Politoed|Protect
|move|p2a: Kingdra|Draco Meteor|p1b: Kommo-o
|-activate|p1b: Kommo-o|move: Protect
|move|p1a: Drifblim|Tailwind|p1a: Drifblim
|-sidestart|p1: latios66|move: Tailwind
|
|-weather|RainDance|[upkeep]
|-heal|p1b: Kommo-o|59/100|[from] item: Leftovers
|upkeep
|turn|5
|
|t:|1756327858
|move|p2a: Kingdra|Draco Meteor|p1b: Kommo-o
|-supereffective|p1b: Kommo-o
|-damage|p1b: Kommo-o|0 fnt
|-unboost|p2a: Kingdra|spa|2
|faint|p1b: Kommo-o
|-damage|p2a: Kingdra|80/100|[from] item: Life Orb
|move|p1a: Drifblim|Shadow Ball|p2b: Politoed
|-damage|p2b: Politoed|83/100
|move|p2b: Politoed|Encore|p1a: Drifblim
|-start|p1a: Drifblim|Encore
|
|-weather|RainDance|[upkeep]
|-heal|p2b: Politoed|89/100|[from] item: Leftovers
|-fieldend|move: Psychic Terrain
|upkeep
|
|t:|1756327861
|switch|p1b: Toxtricity|Toxtricity, L50, M|100/100
|turn|6
|
|t:|1756327881
|switch|p2a: Incineroar|Incineroar, L50, F|19/100
|-ability|p2a: Incineroar|Intimidate|boost
|-unboost|p1a: Drifblim|atk|1
|-unboost|p1b: Toxtricity|atk|1
|move|p1b: Toxtricity|Overdrive|p2a: Incineroar|[spread] p2a,p2b
|-supereffective|p2b: Politoed
|-damage|p2a: Incineroar|0 fnt
|-damage|p2b: Politoed|12/100
|faint|p2a: Incineroar
|move|p1a: Drifblim|Shadow Ball|p2b: Politoed
|-damage|p2b: Politoed|0 fnt
|faint|p2b: Politoed
|
|-weather|RainDance|[upkeep]
|upkeep
|
|t:|1756327887
|switch|p2a: Kingdra|Kingdra, L50, M, tera:Stellar|80/100
|turn|7
|
|t:|1756327896
|move|p2a: Kingdra|Muddy Water|p1b: Toxtricity|[spread] p1a,p1b
|-damage|p1a: Drifblim|39/100
|-damage|p1b: Toxtricity|2/100
|-damage|p2a: Kingdra|70/100|[from] item: Life Orb
|move|p1b: Toxtricity|Overdrive|p2a: Kingdra
|-damage|p2a: Kingdra|0 fnt
|faint|p2a: Kingdra
|
|win|latios66
|raw|latios66's rating: 1102 → 1120(+18 for winning)
|raw|Lazybones9190's rating: 1000 → 1000(+0 for losing)
|l|☆Lazybones9190
|player|p2|
