|j|☆Cristante terabug
|j|☆hariolos
|html|Cristante terabughariolos    
|uhtml|bestof|Game 1 of a best-of-3
|t:|1756237838
|gametype|doubles
|player|p1|Cristante terabug|kieran-champion|1132
|player|p2|hariolos|hooligans|1044
|gen|9
|tier|[Gen 9] VGC 2025 Reg H (Bo3)
|rated|
|rule|Species Clause: Limit one of each Pokémon
|rule|Item Clause: Limit 1 of each item
|clearpoke
|poke|p1|Kommo-o, L50, F|
|poke|p1|Gholdengo, L50|
|poke|p1|Sneasler, L50, F|
|poke|p1|Rillaboom, L50, F|
|poke|p1|Dondozo, L50, M|
|poke|p1|Electabuzz, L50, F|
|poke|p2|Typhlosion-Hisui, L50, M|
|poke|p2|Indeedee-F, L50, F|
|poke|p2|Glimmora, L50, M|
|poke|p2|Sneasler, L50, M|
|poke|p2|Whimsicott, L50, F|
|poke|p2|Wigglytuff, L50, M|
|teampreview|4
|showteam|p1|Kommo-o||ThroatSpray|Soundproof|ClangorousSoul,ClangingScales,Flamethrower,Protect|||F|||50|,,,,,Fire]Gholdengo||LifeOrb|GoodasGold|MakeItRain,NastyPlot,Protect,ShadowBall||||||50|,,,,,Water]Sneasler||FocusSash|PoisonTouch|FakeOut,DireClaw,CloseCombat,Protect|||F|||50|,,,,,Stellar]Rillaboom||AssaultVest|GrassySurge|FakeOut,WoodHammer,GrassyGlide,HighHorsepower|||F|||50|,,,,,Fire]Dondozo||Leftovers|Unaware|WaveCrash,Fissure,Yawn,Protect|||M|||50|,,,,,Poison]Electabuzz||Eviolite|VitalSpirit|Electroweb,FollowMe,Taunt,Protect|||F|||50|,,,,,Ghost
|showteam|p2|Typhlosion-Hisui||ChoiceScarf|Blaze|Eruption,InfernalParade,Flamethrower,Extrasensory|||M|||50|,,,,,Fire]Indeedee-F||SitrusBerry|PsychicSurge|FollowMe,DazzlingGleam,Protect,TrickRoom|||F|||50|,,,,,Fairy]Glimmora||PowerHerb|ToxicDebris|MeteorBeam,SpikyShield,SludgeBomb,EarthPower|||M|||50|,,,,,Grass]Sneasler||PsychicSeed|Unburden|SwordsDance,CloseCombat,DireClaw,Protect|||M|||50|,,,,,Fighting]Whimsicott||FocusSash|Prankster|Tailwind,Encore,Moonblast,Protect|||F|||50|,,,,,Water]Wigglytuff||LifeOrb|Competitive|ExpandingForce,Protect,DazzlingGleam,IcyWind|||M|||50|,,,,,Psychic
|
|t:|1756237867
|teamsize|p1|4
|teamsize|p2|4
|start
|switch|p1a: Rillaboom|Rillaboom, L50, F|100/100
|switch|p1b: Kommo-o|Kommo-o, L50, F|100/100
|switch|p2a: Typhlosion|Typhlosion-Hisui, L50, M|100/100
|switch|p2b: Whimsicott|Whimsicott, L50, F|100/100
|-fieldstart|move: Grassy Terrain|[from] ability: Grassy Surge|[of] p1a: Rillaboom
|turn|1
|inactive|Battle timer is ON: inactive players will automatically lose when time's up. (requested by Cristante terabug)
|
|t:|1756237884
|switch|p2b: Indeedee|Indeedee-F, L50, F|100/100
|-fieldstart|move: Psychic Terrain|[from] ability: Psychic Surge|[of] p2b: Indeedee
|-terastallize|p2a: Typhlosion|Fire
|-terastallize|p1a: Rillaboom|Fire
|move|p1a: Rillaboom|Fake Out|p2b: Indeedee
|-activate|p2b: Indeedee|move: Psychic Terrain
|move|p2a: Typhlosion|Eruption|p1b: Kommo-o|[spread] p1a,p1b
|-resisted|p1a: Rillaboom
|-crit|p1a: Rillaboom
|-resisted|p1b: Kommo-o
|-damage|p1a: Rillaboom|62/100
|-damage|p1b: Kommo-o|62/100
|move|p1b: Kommo-o|Clanging Scales|p2a: Typhlosion|[spread] p2a,p2b
|-damage|p2a: Typhlosion|58/100
|-damage|p2b: Indeedee|73/100
|-unboost|p1b: Kommo-o|def|1
|-enditem|p1b: Kommo-o|Throat Spray
|-boost|p1b: Kommo-o|spa|1|[from] item: Throat Spray
|
|upkeep
|turn|2
|inactive|Cristante terabug has 30 seconds left.
|
|t:|1756237915
|switch|p2a: Whimsicott|Whimsicott, L50, F|100/100
|move|p1b: Kommo-o|Clanging Scales|p2b: Indeedee|[spread] p2b
|-immune|p2a: Whimsicott
|-damage|p2b: Indeedee|28/100
|-enditem|p2b: Indeedee|Sitrus Berry|[eat]
|-heal|p2b: Indeedee|53/100|[from] item: Sitrus Berry
|-unboost|p1b: Kommo-o|def|1
|move|p1a: Rillaboom|Wood Hammer|p2b: Indeedee
|-damage|p2b: Indeedee|0 fnt
|faint|p2b: Indeedee
|-damage|p1a: Rillaboom|47/100|[from] Recoil
|
|upkeep
|
|t:|1756237929
|switch|p2b: Sneasler|Sneasler, L50, M|100/100
|-enditem|p2b: Sneasler|Psychic Seed
|-boost|p2b: Sneasler|spd|1|[from] item: Psychic Seed
|turn|3
|
|t:|1756237940
|switch|p1a: Gholdengo|Gholdengo, L50|100/100
|move|p1b: Kommo-o|Protect|p1b: Kommo-o
|-singleturn|p1b: Kommo-o|Protect
|move|p2a: Whimsicott|Tailwind|p2a: Whimsicott
|-sidestart|p2: hariolos|move: Tailwind
|move|p2b: Sneasler|Dire Claw|p1b: Kommo-o
|-activate|p1b: Kommo-o|move: Protect
|
|upkeep
|turn|4
|
|t:|1756237958
|switch|p2a: Typhlosion|Typhlosion-Hisui, L50, M, tera:Fire|58/100
|move|p2b: Sneasler|Dire Claw|p1b: Kommo-o
|-damage|p1b: Kommo-o|0 fnt
|faint|p1b: Kommo-o
|move|p1a: Gholdengo|Make It Rain|p2b: Sneasler|[spread] p2a,p2b
|-resisted|p2a: Typhlosion
|-damage|p2a: Typhlosion|21/100
|-damage|p2b: Sneasler|42/100
|-unboost|p1a: Gholdengo|spa|1
|-damage|p1a: Gholdengo|91/100|[from] item: Life Orb
|
|upkeep
|
|t:|1756237974
|switch|p1b: Dondozo|Dondozo, L50, M|100/100
|turn|5
|
|t:|1756237988
|move|p1a: Gholdengo|Protect|p1a: Gholdengo
|-singleturn|p1a: Gholdengo|Protect
|move|p2b: Sneasler|Swords Dance|p2b: Sneasler
|-boost|p2b: Sneasler|atk|2
|move|p2a: Typhlosion|Extrasensory|p1b: Dondozo
|-damage|p1b: Dondozo|71/100
|move|p1b: Dondozo|Wave Crash|p2a: Typhlosion
|-supereffective|p2a: Typhlosion
|-damage|p2a: Typhlosion|0 fnt
|faint|p2a: Typhlosion
|-damage|p1b: Dondozo|67/100|[from] Recoil
|
|-heal|p1b: Dondozo|73/100|[from] item: Leftovers
|-fieldend|move: Psychic Terrain
|upkeep
|
|t:|1756238003
|switch|p2a: Whimsicott|Whimsicott, L50, F|100/100
|turn|6
|
|t:|1756238021
|move|p2b: Sneasler|Close Combat|p1b: Dondozo
|-damage|p1b: Dondozo|36/100
|-unboost|p2b: Sneasler|def|1
|-unboost|p2b: Sneasler|spd|1
|move|p2a: Whimsicott|Moonblast|p1b: Dondozo
|-damage|p1b: Dondozo|13/100
|move|p1a: Gholdengo|Make It Rain|p2b: Sneasler|[spread] p2a,p2b
|-supereffective|p2a: Whimsicott
|-enditem|p2a: Whimsicott|Focus Sash
|-damage|p2a: Whimsicott|1/100
|-damage|p2b: Sneasler|0 fnt
|-unboost|p1a: Gholdengo|spa|1
|faint|p2b: Sneasler
|-damage|p1a: Gholdengo|82/100|[from] item: Life Orb
|move|p1b: Dondozo|Wave Crash|p2a: Whimsicott
|-resisted|p2a: Whimsicott
|-damage|p2a: Whimsicott|0 fnt
|faint|p2a: Whimsicott
|-damage|p1b: Dondozo|12/100|[from] Recoil
|
|win|Cristante terabug
||hariolos is ready for game 2.
|inactive|Cristante terabug has 30 seconds to confirm battle start!
|inactive|Cristante terabug has 20 seconds to confirm battle start!
|inactive|Cristante terabug has 10 seconds to confirm battle start!
|uhtml|next|Next: Game 2 of 3
