|j|☆ag_poking
|j|☆Diamondnt_
|html|ag_pokingDiamondnt_    
|uhtml|bestof|Game 3 of a best-of-3
|t:|1782333096
|gametype|doubles
|player|p1|ag_poking|cyclist|
|player|p2|Diamondnt_|n-masters|
|gen|9
|tier|[Gen 9 Champions] VGC 2026 Reg M-B (Bo3)
|rule|Species Clause: Limit one of each Pokémon
|rule|Item Clause: Limit 1 of each item
|clearpoke
|poke|p1|Floette-Eternal, L50, F|
|poke|p1|Sneasler, L50, F|
|poke|p1|Garchomp, L50, F|
|poke|p1|Basculegion, L50, M|
|poke|p1|Volcarona, L50, F|
|poke|p1|Kingambit, L50, F|
|poke|p2|Raichu, L50, F|
|poke|p2|Whimsicott, L50, M|
|poke|p2|Garchomp, L50, M|
|poke|p2|Incineroar, L50, F, shiny|
|poke|p2|Kingambit, L50, M|
|poke|p2|Sylveon, L50, F|
|teampreview|4
|showteam|p1|Floette-Eternal||Floettite|FlowerVeil|DazzlingGleam,Moonblast,LightofRuin,Protect|Modest||F|||50|]Sneasler||ChoiceScarf|PoisonTouch|DireClaw,RockTomb,CloseCombat,LashOut|Adamant||F|||50|]Garchomp||RoseliBerry|RoughSkin|Earthquake,RockSlide,StompingTantrum,Protect|Jolly||F|||50|]Basculegion||MysticWater|Adaptability|LastRespects,AquaJet,WaveCrash,Protect|Adamant||M|||50|]Volcarona||PasshoBerry|FlameBody|Overheat,RagePowder,Tailwind,Protect|Bold||F|||50|]Kingambit||FocusSash|Defiant|KowtowCleave,IronHead,SuckerPunch,Protect|Adamant||F|||50|
|showteam|p2|Raichu||RaichuniteY|LightningRod|ZapCannon,FocusBlast,GrassKnot,Protect|Timid||F|||50|]Whimsicott||FocusSash|Prankster|Moonblast,Tailwind,Encore,Protect|Timid||M|||50|]Garchomp||LifeOrb|RoughSkin|DragonClaw,StompingTantrum,RockSlide,Protect|Jolly||M|||50|]Incineroar||SitrusBerry|Intimidate|FakeOut,FlareBlitz,ThroatChop,PartingShot|Impish||F|||50|]Kingambit||ChopleBerry|Defiant|KowtowCleave,SuckerPunch,IronHead,Protect|Adamant||M|||50|]Sylveon||FairyFeather|Pixilate|HyperVoice,HyperBeam,Protect,QuickAttack|Modest||F|||50|
|j| Rubmv_
|
|t:|1782333197
|teamsize|p1|4
|teamsize|p2|4
|start
|switch|p1a: Volcarona|Volcarona, L50, F|100/100
|switch|p1b: Sneasler|Sneasler, L50, F|100/100
|switch|p2a: Whimsicott|Whimsicott, L50, M|100/100
|switch|p2b: Kingambit|Kingambit, L50, M|100/100
|turn|1
|
|t:|1782333239
|switch|p2b: Garchomp|Garchomp, L50, M|100/100
|move|p2a: Whimsicott|Protect|p2a: Whimsicott
|-singleturn|p2a: Whimsicott|Protect
|move|p1b: Sneasler|Dire Claw|p2a: Whimsicott
|-activate|p2a: Whimsicott|move: Protect
|move|p1a: Volcarona|Overheat|p2b: Garchomp|[miss]
|-miss|p1a: Volcarona|p2b: Garchomp
|
|upkeep
|turn|2
|
|t:|1782333258
|switch|p1b: Floette|Floette-Eternal, L50, F|100/100
|move|p1a: Volcarona|Protect|p1a: Volcarona
|-singleturn|p1a: Volcarona|Protect
|move|p2a: Whimsicott|Tailwind|p2a: Whimsicott
|-sidestart|p2: Diamondnt_|move: Tailwind
|move|p2b: Garchomp|Rock Slide|p1a: Volcarona|[spread] p1b
|-activate|p1a: Volcarona|move: Protect
|-damage|p1b: Floette|60/100
|-damage|p2b: Garchomp|90/100|[from] item: Life Orb
|
|upkeep
|turn|3
|
|t:|1782333282
|switch|p1a: Garchomp|Garchomp, L50, F|100/100
|detailschange|p1b: Floette|Floette-Mega, L50, F
|-mega|p1b: Floette|Floette|Floettite
|-ability|p1b: Floette|Fairy Aura
|move|p2a: Whimsicott|Encore||[still]
|-fail|p2a: Whimsicott
|move|p2b: Garchomp|Rock Slide|p1b: Floette|[spread] p1b
|-miss|p2b: Garchomp|p1a: Garchomp
|-damage|p1b: Floette|28/100
|-damage|p2b: Garchomp|80/100|[from] item: Life Orb
|move|p1b: Floette|Dazzling Gleam|p2a: Whimsicott|[spread] p2a,p2b
|-supereffective|p2b: Garchomp|1
|-damage|p2a: Whimsicott|37/100
|-damage|p2b: Garchomp|0 fnt
|faint|p2b: Garchomp
|
|upkeep
|
|t:|1782333300
|switch|p2b: Sylveon|Sylveon, L50, F|100/100
|turn|4
|
|t:|1782333340
|switch|p1a: Volcarona|Volcarona, L50, F|100/100
|move|p2a: Whimsicott|Moonblast|p1a: Volcarona
|-resisted|p1a: Volcarona|1
|-damage|p1a: Volcarona|82/100
|move|p2b: Sylveon|Hyper Voice|p1a: Volcarona|[spread] p1a,p1b
|-resisted|p1a: Volcarona|1
|-damage|p1a: Volcarona|51/100
|-damage|p1b: Floette|0 fnt
|faint|p1b: Floette
|
|upkeep
|
|t:|1782333351
|switch|p1b: Sneasler|Sneasler, L50, F|100/100
|turn|5
|
|t:|1782333374
|switch|p2a: Kingambit|Kingambit, L50, M|100/100
|move|p2b: Sylveon|Protect|p2b: Sylveon
|-singleturn|p2b: Sylveon|Protect
|move|p1b: Sneasler|Dire Claw|p2b: Sylveon
|-activate|p2b: Sylveon|move: Protect
|move|p1a: Volcarona|Overheat|p2a: Kingambit
|-supereffective|p2a: Kingambit|1
|-damage|p2a: Kingambit|0 fnt
|-unboost|p1a: Volcarona|spa|2
|faint|p2a: Kingambit
|
|-sideend|p2: Diamondnt_|move: Tailwind
|upkeep
|
|t:|1782333387
|switch|p2a: Whimsicott|Whimsicott, L50, M|37/100
|turn|6
|
|t:|1782333410
|move|p2a: Whimsicott|Tailwind|p2a: Whimsicott
|-sidestart|p2: Diamondnt_|move: Tailwind
|move|p1b: Sneasler|Dire Claw|p2b: Sylveon
|-supereffective|p2b: Sylveon|1
|-damage|p2b: Sylveon|0 fnt
|faint|p2b: Sylveon
|move|p1a: Volcarona|Overheat|p2a: Whimsicott
|-supereffective|p2a: Whimsicott|1
|-damage|p2a: Whimsicott|0 fnt
|-unboost|p1a: Volcarona|spa|2
|faint|p2a: Whimsicott
|
|win|ag_poking
