|j|‽valiantvalerie
|j|☆la cabra1
|html|valiantvaleriela cabra1    
|uhtml|bestof|Game 3 of a best-of-3
|t:|1783082296
|gametype|doubles
|player|p1|valiantvalerie|gwynn|1212
|player|p2|la cabra1|volkner|1334
|gen|9
|tier|[Gen 9 Champions] VGC 2026 Reg M-B (Bo3)
|rated|
|rule|Species Clause: Limit one of each Pokémon
|rule|Item Clause: Limit 1 of each item
|clearpoke
|poke|p1|Staraptor, L50, F|
|poke|p1|Incineroar, L50, F|
|poke|p1|Gholdengo, L50|
|poke|p1|Kommo-o, L50, M|
|poke|p1|Whimsicott, L50, F|
|poke|p1|Gengar, L50, F|
|poke|p2|Aerodactyl, L50, F|
|poke|p2|Garchomp, L50, M|
|poke|p2|Kingambit, L50, F|
|poke|p2|Charizard, L50, M|
|poke|p2|Sylveon, L50, F|
|poke|p2|Farigiraf, L50, F|
|teampreview|4
|showteam|p1|Staraptor||Staraptite|Intimidate|CloseCombat,BraveBird,Roost,Protect|Jolly||F|||50|]Incineroar||PasshoBerry|Intimidate|FakeOut,FlareBlitz,ThroatChop,PartingShot|Careful||F|||50|]Gholdengo||MetalCoat|GoodasGold|MakeItRain,ShadowBall,NastyPlot,Protect|Modest|||||50|]Kommo-o||LifeOrb|Soundproof|ClangingScales,AuraSphere,DracoMeteor,Protect|Modest||M|||50|]Whimsicott||FocusSash|Prankster|Moonblast,Tailwind,FakeTears,Protect|Timid||F|||50|]Gengar||Gengarite|CursedBody|ShadowBall,SludgeBomb,Disable,Protect|Modest||F|||50|
|showteam|p2|Aerodactyl||Aerodactylite|Unnerve|IceFang,RockSlide,Tailwind,DualWingbeat|Jolly||F|||50|]Garchomp||LifeOrb|RoughSkin|DragonClaw,StompingTantrum,Earthquake,Protect|Jolly||M|||50|]Kingambit||FocusSash|Defiant|SuckerPunch,KowtowCleave,IronHead,LowKick|Adamant||F|||50|]Charizard||CharizarditeY|SolarPower|Protect,HeatWave,SolarBeam,WeatherBall|Modest||M|||50|]Sylveon||FairyFeather|Pixilate|Protect,HyperVoice,HyperBeam,QuickAttack|Modest||F|||50|]Farigiraf||SitrusBerry|ArmorTail|TrickRoom,Thunderbolt,Psychic,Roar|Bold||F|||50|
|inactive|Battle timer is ON: inactive players will automatically lose when time's up. (requested by valiantvalerie)
|
|t:|1783082307
|teamsize|p1|4
|teamsize|p2|4
|start
|switch|p1a: Staraptor|Staraptor, L50, F|100/100
|switch|p1b: Incineroar|Incineroar, L50, F|100/100
|switch|p2a: Aerodactyl|Aerodactyl, L50, F|100/100
|switch|p2b: Kingambit|Kingambit, L50, F|100/100
|-ability|p2a: Aerodactyl|Unnerve
|-ability|p1a: Staraptor|Intimidate|boost
|-unboost|p2a: Aerodactyl|atk|1
|-unboost|p2b: Kingambit|atk|1
|-ability|p2b: Kingambit|Defiant|boost
|-boost|p2b: Kingambit|atk|2
|-ability|p1b: Incineroar|Intimidate|boost
|-unboost|p2a: Aerodactyl|atk|1
|-unboost|p2b: Kingambit|atk|1
|-ability|p2b: Kingambit|Defiant|boost
|-boost|p2b: Kingambit|atk|2
|turn|1
|
|t:|1783082318
|switch|p2a: Farigiraf|Farigiraf, L50, F|100/100
|detailschange|p1a: Staraptor|Staraptor-Mega, L50, F
|-mega|p1a: Staraptor|Staraptor|Staraptite
|move|p1a: Staraptor|Close Combat|p2b: Kingambit
|-supereffective|p2b: Kingambit|2
|-enditem|p2b: Kingambit|Focus Sash
|-damage|p2b: Kingambit|1/100
|-boost|p1a: Staraptor|def|1
|-boost|p1a: Staraptor|spd|1
|move|p2b: Kingambit|Low Kick|p1b: Incineroar
|-supereffective|p1b: Incineroar|1
|-damage|p1b: Incineroar|0 fnt
|faint|p1b: Incineroar
|
|upkeep
|
|t:|1783082329
|switch|p1b: Gholdengo|Gholdengo, L50|100/100
|turn|2
|
|t:|1783082343
|move|p1a: Staraptor|Close Combat|p2b: Kingambit
|-supereffective|p2b: Kingambit|2
|-damage|p2b: Kingambit|0 fnt
|-boost|p1a: Staraptor|def|1
|-boost|p1a: Staraptor|spd|1
|faint|p2b: Kingambit
|move|p1b: Gholdengo|Nasty Plot|p1b: Gholdengo
|-boost|p1b: Gholdengo|spa|2
|move|p2a: Farigiraf|Trick Room|p2a: Farigiraf
|-fieldstart|move: Trick Room|[of] p2a: Farigiraf
|
|upkeep
|
|t:|1783082347
|switch|p2b: Sylveon|Sylveon, L50, F|100/100
|turn|3
|
|t:|1783082364
|move|p2b: Sylveon|Protect|p2b: Sylveon
|-singleturn|p2b: Sylveon|Protect
|move|p2a: Farigiraf|Psychic|p1b: Gholdengo
|-resisted|p1b: Gholdengo|1
|-damage|p1b: Gholdengo|81/100
|move|p1b: Gholdengo|Make It Rain|p2a: Farigiraf|[spread] p2a
|-activate|p2b: Sylveon|move: Protect
|-damage|p2a: Farigiraf|0 fnt
|-unboost|p1b: Gholdengo|spa|2
|faint|p2a: Farigiraf
|move|p1a: Staraptor|Close Combat|p2b: Sylveon
|-activate|p2b: Sylveon|move: Protect
|
|upkeep
|
|t:|1783082372
|switch|p2a: Aerodactyl|Aerodactyl, L50, F|100/100
|-ability|p2a: Aerodactyl|Unnerve
|turn|4
|
|t:|1783082385
|detailschange|p2a: Aerodactyl|Aerodactyl-Mega, L50, F
|-mega|p2a: Aerodactyl|Aerodactyl|Aerodactylite
|move|p2b: Sylveon|Hyper Voice|p1b: Gholdengo|[spread] p1a,p1b
|-supereffective|p1a: Staraptor|1
|-resisted|p1b: Gholdengo|1
|-damage|p1a: Staraptor|51/100
|-damage|p1b: Gholdengo|56/100
|move|p1b: Gholdengo|Make It Rain|p2b: Sylveon|[spread] p2b
|-miss|p1b: Gholdengo|p2a: Aerodactyl
|-supereffective|p2b: Sylveon|1
|-damage|p2b: Sylveon|8/100
|-unboost|p1b: Gholdengo|spa|2
|move|p1a: Staraptor|Close Combat|p2a: Aerodactyl
|-damage|p2a: Aerodactyl|25/100
|-boost|p1a: Staraptor|def|1
|-boost|p1a: Staraptor|spd|1
|move|p2a: Aerodactyl|Dual Wingbeat|p1b: Gholdengo|[miss]
|-miss|p2a: Aerodactyl|p1b: Gholdengo
|
|upkeep
|turn|5
|inactive|la cabra1 has 30 seconds left.
|
|t:|1783082413
|move|p2b: Sylveon|Hyper Beam|p1b: Gholdengo
|-resisted|p1b: Gholdengo|1
|-damage|p1b: Gholdengo|5/100
|-mustrecharge|p2b: Sylveon
|move|p1b: Gholdengo|Make It Rain|p2b: Sylveon|[spread] p2a,p2b
|-supereffective|p2a: Aerodactyl|1
|-crit|p2a: Aerodactyl
|-supereffective|p2b: Sylveon|1
|-damage|p2a: Aerodactyl|0 fnt
|-damage|p2b: Sylveon|0 fnt
|-unboost|p1b: Gholdengo|spa|2
|faint|p2a: Aerodactyl
|faint|p2b: Sylveon
|
|win|valiantvalerie
|raw|valiantvalerie's rating: 1212 → 1245(+33 for winning)
|raw|la cabra1's rating: 1334 → 1307(-27 for losing)
