|j|☆SirNeru
|j|☆dont make me walk
|html|SirNerudont make me walk    
|uhtml|bestof|Game 1 of a best-of-3
|t:|1756476726
|gametype|doubles
|player|p1|SirNeru|1|1162
|player|p2|dont make me walk|red-masters3|1286
|gen|9
|tier|[Gen 9] VGC 2025 Reg H (Bo3)
|rated|
|rule|Species Clause: Limit one of each Pokémon
|rule|Item Clause: Limit 1 of each item
|clearpoke
|poke|p1|Gholdengo, L50|
|poke|p1|Primarina, L50, F|
|poke|p1|Tyranitar, L50, F|
|poke|p1|Electabuzz, L50, F|
|poke|p1|Excadrill, L50, F|
|poke|p1|Dragonite, L50, M|
|poke|p2|Ursaluna-Bloodmoon, L50, M|
|poke|p2|Indeedee, L50, M|
|poke|p2|Sneasler, L50, F|
|poke|p2|Incineroar, L50, M|
|poke|p2|Electabuzz, L50, M|
|poke|p2|Talonflame, L50, M|
|teampreview|4
|showteam|p1|Gholdengo||LifeOrb|GoodasGold|MakeItRain,NastyPlot,Protect,ShadowBall||||||50|,,,,,Dragon]Primarina||ThroatSpray|LiquidVoice|Moonblast,HyperVoice,Protect,IceBeam|||F|||50|,,,,,Poison]Tyranitar||AssaultVest|SandStream|RockSlide,IcyWind,KnockOff,TeraBlast|||F|||50|,,,,,Flying]Electabuzz||Eviolite|VitalSpirit|FollowMe,Electroweb,Taunt,Protect|||F|||50|,,,,,Ghost]Excadrill||FocusSash|SandRush|Earthquake,SwordsDance,RockSlide,Protect|||F|||50|,,,,,Stellar]Dragonite||LoadedDice|Multiscale|ScaleShot,Tailwind,Haze,Protect|||M|||50|,,,,,Fairy
|showteam|p2|Ursaluna-Bloodmoon||LifeOrb|MindsEye|Protect,EarthPower,HyperVoice,BloodMoon|||M|||50|,,,,,Normal]Indeedee||FocusSash|PsychicSurge|ExpandingForce,TeraBlast,TrickRoom,Protect|||M|||50|,,,,,Fighting]Sneasler||PsychicSeed|Unburden|DireClaw,CloseCombat,ThroatChop,Protect|||F|||50|,,,,,Dark]Incineroar||AssaultVest|Intimidate|FakeOut,KnockOff,FlareBlitz,Uturn|||M|||50|,,,,,Grass]Electabuzz||Eviolite|VitalSpirit|Electroweb,Taunt,FollowMe,Protect|||M|||50|,,,,,Ghost]Talonflame||CovertCloak|GaleWings|FlareBlitz,DualWingbeat,WillOWisp,Tailwind|||M|||50|,,,,,Fairy
|inactive|Battle timer is ON: inactive players will automatically lose when time's up. (requested by dont make me walk)
|inactive|SirNeru has 60 seconds left.
|inactive|dont make me walk has 60 seconds left.
|
|t:|1756476766
|teamsize|p1|4
|teamsize|p2|4
|start
|switch|p1a: Excadrill|Excadrill, L50, F, shiny|100/100
|switch|p1b: Tyranitar|Tyranitar, L50, F, shiny|100/100
|switch|p2a: Talonflame|Talonflame, L50, M|100/100
|switch|p2b: Ursaluna|Ursaluna-Bloodmoon, L50, M|100/100
|-weather|Sandstorm|[from] ability: Sand Stream|[of] p1b: Tyranitar
|turn|1
|
|t:|1756476785
|-terastallize|p1b: Tyranitar|Flying
|move|p2a: Talonflame|Tailwind|p2a: Talonflame
|-sidestart|p2: dont make me walk|move: Tailwind
|move|p1a: Excadrill|Swords Dance|p1a: Excadrill
|-boost|p1a: Excadrill|atk|2
|move|p2b: Ursaluna|Earth Power|p1a: Excadrill
|-supereffective|p1a: Excadrill
|-crit|p1a: Excadrill
|-enditem|p1a: Excadrill|Focus Sash
|-damage|p1a: Excadrill|1/100
|-damage|p2b: Ursaluna|91/100|[from] item: Life Orb
|move|p1b: Tyranitar|Icy Wind|p2b: Ursaluna|[spread] p2a,p2b
|-supereffective|p2b: Ursaluna
|-damage|p2a: Talonflame|89/100
|-damage|p2b: Ursaluna|70/100
|-unboost|p2b: Ursaluna|spe|1
|
|-weather|Sandstorm|[upkeep]
|-damage|p2a: Talonflame|83/100|[from] Sandstorm
|-damage|p1b: Tyranitar|95/100|[from] Sandstorm
|upkeep
|turn|2
|
|t:|1756476805
|move|p1a: Excadrill|Protect|p1a: Excadrill
|-singleturn|p1a: Excadrill|Protect
|move|p2b: Ursaluna|Protect|p2b: Ursaluna
|-singleturn|p2b: Ursaluna|Protect
|move|p2a: Talonflame|Will-O-Wisp|p1b: Tyranitar|[miss]
|-miss|p2a: Talonflame|p1b: Tyranitar
|move|p1b: Tyranitar|Rock Slide|p2a: Talonflame|[spread] p2a
|-activate|p2b: Ursaluna|move: Protect
|-supereffective|p2a: Talonflame
|-damage|p2a: Talonflame|0 fnt
|faint|p2a: Talonflame
|
|-weather|Sandstorm|[upkeep]
|-damage|p1b: Tyranitar|89/100|[from] Sandstorm
|upkeep
|
|t:|1756476813
|switch|p2a: Sneasler|Sneasler, L50, F|100/100
|turn|3
|j| Trestkon
|
|t:|1756476828
|switch|p1a: Gholdengo|Gholdengo, L50|100/100
|switch|p2b: Indeedee|Indeedee, L50, M|100/100
|-fieldstart|move: Psychic Terrain|[from] ability: Psychic Surge|[of] p2b: Indeedee
|-enditem|p2a: Sneasler|Psychic Seed
|-boost|p2a: Sneasler|spd|1|[from] item: Psychic Seed
|-terastallize|p2a: Sneasler|Dark
|move|p2a: Sneasler|Throat Chop|p1a: Gholdengo
|-supereffective|p1a: Gholdengo
|-damage|p1a: Gholdengo|14/100
|-start|p1a: Gholdengo|Throat Chop|[silent]
|move|p1b: Tyranitar|Tera Blast|p2a: Sneasler|[anim] Tera Blast Flying
|-damage|p2a: Sneasler|15/100
|
|-weather|Sandstorm|[upkeep]
|-damage|p2a: Sneasler|9/100|[from] Sandstorm
|-damage|p2b: Indeedee|95/100|[from] Sandstorm
|-damage|p1b: Tyranitar|83/100|[from] Sandstorm
|upkeep
|turn|4
|inactive|SirNeru has 30 seconds left.
|
|t:|1756476853
|move|p1a: Gholdengo|Protect|p1a: Gholdengo
|-singleturn|p1a: Gholdengo|Protect
|move|p2a: Sneasler|Dire Claw|p1b: Tyranitar
|-damage|p1b: Tyranitar|47/100
|move|p2b: Indeedee|Expanding Force|p1a: Gholdengo|[spread] p1b
|-activate|p1a: Gholdengo|move: Protect
|-damage|p1b: Tyranitar|16/100
|move|p1b: Tyranitar|Knock Off|p2b: Indeedee
|-supereffective|p2b: Indeedee
|-damage|p2b: Indeedee|0 fnt
|-enditem|p2b: Indeedee|Focus Sash|[from] move: Knock Off|[of] p1b: Tyranitar
|faint|p2b: Indeedee
|
|-weather|Sandstorm|[upkeep]
|-damage|p2a: Sneasler|3/100|[from] Sandstorm
|-damage|p1b: Tyranitar|11/100|[from] Sandstorm
|-end|p1a: Gholdengo|Throat Chop|[silent]
|-sideend|p2: dont make me walk|move: Tailwind
|upkeep
|
|t:|1756476860
|switch|p2b: Ursaluna|Ursaluna-Bloodmoon, L50, M|70/100
|turn|5
|
|t:|1756476883
|switch|p1b: Electabuzz|Electabuzz, L50, F, shiny|100/100
|move|p2a: Sneasler|Throat Chop|p1a: Gholdengo
|-supereffective|p1a: Gholdengo
|-damage|p1a: Gholdengo|0 fnt
|faint|p1a: Gholdengo
|move|p2b: Ursaluna|Hyper Voice|p1b: Electabuzz
|-damage|p1b: Electabuzz|38/100
|-damage|p2b: Ursaluna|60/100|[from] item: Life Orb
|
|-weather|none
|upkeep
|
|t:|1756476889
|switch|p1a: Tyranitar|Tyranitar, L50, F, shiny, tera:Flying|11/100
|-weather|Sandstorm|[from] ability: Sand Stream|[of] p1a: Tyranitar
|turn|6
|
|t:|1756476905
|move|p1b: Electabuzz|Follow Me|p1b: Electabuzz
|-singleturn|p1b: Electabuzz|move: Follow Me
|move|p2a: Sneasler|Throat Chop|p1b: Electabuzz
|-damage|p1b: Electabuzz|1/100
|-start|p1b: Electabuzz|Throat Chop|[silent]
|move|p2b: Ursaluna|Earth Power|p1b: Electabuzz
|-supereffective|p1b: Electabuzz
|-damage|p1b: Electabuzz|0 fnt
|faint|p1b: Electabuzz
|-damage|p2b: Ursaluna|51/100|[from] item: Life Orb
|move|p1a: Tyranitar|Knock Off|p2b: Ursaluna
|-damage|p2b: Ursaluna|11/100
|-enditem|p2b: Ursaluna|Life Orb|[from] move: Knock Off|[of] p1a: Tyranitar
|
|-weather|Sandstorm|[upkeep]
|-damage|p2a: Sneasler|0 fnt|[from] Sandstorm
|-damage|p1a: Tyranitar|5/100|[from] Sandstorm
|faint|p2a: Sneasler
|upkeep
|-message|dont make me walk forfeited.
|
|win|SirNeru
||dont make me walk is ready for game 2.
|inactive|SirNeru has 30 seconds to confirm battle start!
||SirNeru is ready for game 2.
|uhtml|next|Next: Game 2 of 3
