|j|☆ancient95
|j|☆Ethan's Bleakmiss
|html|ancient95Ethan's Bleakmiss    
|uhtml|bestof|Game 1 of a best-of-3
|t:|1784732668
|gametype|doubles
|player|p1|ancient95|benga|1280
|player|p2|Ethan's Bleakmiss|unknown|1146
|gen|9
|tier|[Gen 9 Champions] VGC 2026 Reg M-B (Bo3)
|rated|
|rule|Species Clause: Limit one of each Pokémon
|rule|Item Clause: Limit 1 of each item
|clearpoke
|poke|p1|Grimmsnarl, L50, M, shiny|
|poke|p1|Basculegion, L50, M|
|poke|p1|Archaludon, L50, M|
|poke|p1|Staraptor, L50, M, shiny|
|poke|p1|Politoed, L50, F, shiny|
|poke|p1|Skarmory, L50, M|
|poke|p2|Blaziken, L50, F|
|poke|p2|Ninetales-Alola, L50, F|
|poke|p2|Kingambit, L50, M|
|poke|p2|Lycanroc-Dusk, L50, M, shiny|
|poke|p2|Venusaur, L50, F, shiny|
|poke|p2|Clefable, L50, M, shiny|
|teampreview|4
|showteam|p1|Grimmsnarl||LightClay|Prankster|LightScreen,Reflect,PartingShot,ScaryFace|Calm||M|||50|]Basculegion||ChoiceScarf|Adaptability|WaveCrash,FlipTurn,AquaJet,LastRespects|Jolly||M|||50|]Archaludon||Leftovers|Stamina|ElectroShot,FlashCannon,DragonPulse,Protect|Bold||M|||50|]Staraptor||Staraptite|Intimidate|CloseCombat,BraveBird,Protect,Roost|Jolly||M|||50|]Politoed||SitrusBerry|Drizzle|MuddyWater,RainDance,Protect,HelpingHand|Bold||F|||50|]Skarmory||Skarmorite|Sturdy|BraveBird,IronHead,BodyPress,Protect|Adamant||M|||50|
|showteam|p2|Blaziken||Blazikenite|SpeedBoost|CloseCombat,FlareBlitz,StoneEdge,Detect|Adamant||F|||50|]Ninetales-Alola||NeverMeltIce|SnowWarning|Blizzard,FreezeDry,Encore,Protect|Timid||F|||50|]Kingambit||LifeOrb|Defiant|SuckerPunch,KowtowCleave,IronHead,Protect|Adamant||M|||50|]Lycanroc-Dusk||FocusSash|ToughClaws|Accelerock,SwordsDance,Protect,RockSlide|Jolly||M|||50|]Venusaur||Venusaurite|Chlorophyll|SleepPowder,EnergyBall,SludgeBomb,Protect|Modest||F|||50|]Clefable||SitrusBerry|MagicGuard|Protect,FollowMe,HelpingHand,Moonblast|Bold||M|||50|
|inactive|Battle timer is ON: inactive players will automatically lose when time's up. (requested by Ethan's Bleakmiss)
|inactive|ancient95 also wants the timer to be on.
|inactive|ancient95 has 60 seconds left.
|inactive|Ethan's Bleakmiss has 60 seconds left.
|inactive|Ethan's Bleakmiss has 30 seconds left.
|inactive|Ethan's Bleakmiss has 20 seconds left.
|inactive|Ethan's Bleakmiss has 15 seconds left.
|
|t:|1784732744
|teamsize|p1|4
|teamsize|p2|4
|start
|switch|p1a: 오롱털|Grimmsnarl, L50, M, shiny|100/100
|switch|p1b: Skarmory|Skarmory, L50, M|100/100
|switch|p2a: Clefable|Clefable, L50, M, shiny|100/100
|switch|p2b: Blaziken|Blaziken, L50, F|100/100
|turn|1
|
|t:|1784732759
|detailschange|p2b: Blaziken|Blaziken-Mega, L50, F
|-mega|p2b: Blaziken|Blaziken|Blazikenite
|detailschange|p1b: Skarmory|Skarmory-Mega, L50, M
|-mega|p1b: Skarmory|Skarmory|Skarmorite
|move|p2a: Clefable|Follow Me|p2a: Clefable
|-singleturn|p2a: Clefable|move: Follow Me
|move|p1a: 오롱털|Reflect|p1a: 오롱털
|-sidestart|p1: ancient95|Reflect
|move|p1b: Skarmory|Brave Bird|p2b: Blaziken
|-supereffective|p2b: Blaziken|1
|-damage|p2b: Blaziken|0 fnt
|faint|p2b: Blaziken
|-damage|p1b: Skarmory|63/100|[from] Recoil
|
|upkeep
|
|t:|1784732771
|switch|p2b: Venusaur|Venusaur, L50, F, shiny|100/100
|turn|2
|
|t:|1784732792
|move|p1a: 오롱털|Parting Shot|p2b: Venusaur
|-unboost|p2b: Venusaur|atk|1
|-unboost|p2b: Venusaur|spa|1
|
|t:|1784732794
|switch|p1a: 대쓰여너|Basculegion, L50, M|100/100|[from] Parting Shot
|move|p1b: Skarmory|Iron Head|p2a: Clefable
|-supereffective|p2a: Clefable|1
|-damage|p2a: Clefable|16/100
|-enditem|p2a: Clefable|Sitrus Berry|[eat]
|-heal|p2a: Clefable|41/100|[from] item: Sitrus Berry
|move|p2b: Venusaur|Sleep Powder|p1b: Skarmory
|-status|p1b: Skarmory|slp|[from] move: Sleep Powder
|move|p2a: Clefable|Moonblast|p1a: 대쓰여너
|-damage|p1a: 대쓰여너|62/100
|
|upkeep
|turn|3
|
|t:|1784732811
|move|p2a: Clefable|Follow Me|p2a: Clefable
|-singleturn|p2a: Clefable|move: Follow Me
|move|p1a: 대쓰여너|Wave Crash|p2a: Clefable
|-damage|p2a: Clefable|0 fnt
|faint|p2a: Clefable
|-damage|p1a: 대쓰여너|48/100|[from] Recoil
|cant|p1b: Skarmory|slp
|move|p2b: Venusaur|Energy Ball|p1a: 대쓰여너
|-supereffective|p1a: 대쓰여너|1
|-damage|p1a: 대쓰여너|0 fnt
|faint|p1a: 대쓰여너
|
|upkeep
|
|t:|1784732823
|switch|p1a: 오롱털|Grimmsnarl, L50, M, shiny|100/100
|switch|p2a: Kingambit|Kingambit, L50, M|100/100
|turn|4
|
|t:|1784732833
|move|p1a: 오롱털|Reflect||[still]
|-fail|p1a: 오롱털
|-curestatus|p1b: Skarmory|slp|[msg]
|move|p1b: Skarmory|Brave Bird|p2b: Venusaur
|-supereffective|p2b: Venusaur|1
|-damage|p2b: Venusaur|0 fnt
|faint|p2b: Venusaur
|-damage|p1b: Skarmory|23/100|[from] Recoil
|move|p2a: Kingambit|Kowtow Cleave|p1b: Skarmory
|-damage|p1b: Skarmory|0 fnt
|faint|p1b: Skarmory
|-damage|p2a: Kingambit|90/100|[from] item: Life Orb
|
|upkeep
|
|t:|1784732836
|switch|p1b: 왕구리|Politoed, L50, F, shiny|100/100
|-weather|RainDance|[from] ability: Drizzle|[of] p1b: 왕구리
|turn|5
|
|t:|1784732849
|move|p1a: 오롱털|Light Screen|p1a: 오롱털
|-sidestart|p1: ancient95|move: Light Screen
|move|p1b: 왕구리|Muddy Water|p2a: Kingambit
|-damage|p2a: Kingambit|44/100
|move|p2a: Kingambit|Kowtow Cleave|p1b: 왕구리
|-damage|p1b: 왕구리|57/100
|-damage|p2a: Kingambit|35/100|[from] item: Life Orb
|
|-weather|RainDance|[upkeep]
|upkeep
|turn|6
|
|t:|1784732860
|move|p1a: 오롱털|Reflect||[still]
|-fail|p1a: 오롱털
|move|p1b: 왕구리|Muddy Water|p2a: Kingambit
|-damage|p2a: Kingambit|0 fnt
|faint|p2a: Kingambit
|
|win|ancient95
