|j|☆J.Arch
|j|☆Kevin-V8
|html|J.ArchKevin-V8    
|uhtml|bestof|Game 2 of a best-of-3
|t:|1756258350
|gametype|doubles
|player|p1|J.Arch|ethan|1147
|player|p2|Kevin-V8|ethan|1078
|gen|9
|tier|[Gen 9] VGC 2025 Reg H (Bo3)
|rated|
|rule|Species Clause: Limit one of each Pokémon
|rule|Item Clause: Limit 1 of each item
|clearpoke
|poke|p1|Annihilape, L50, F|
|poke|p1|Pelipper, L50, M|
|poke|p1|Archaludon, L50, M|
|poke|p1|Breloom, L50, F|
|poke|p1|Farigiraf, L50, M|
|poke|p1|Incineroar, L50, F|
|poke|p2|Dragonite, L50, M|
|poke|p2|Ursaluna-Bloodmoon, L50, M|
|poke|p2|Archaludon, L50, M|
|poke|p2|Whimsicott, L50, M|
|poke|p2|Gholdengo, L50|
|poke|p2|Incineroar, L50, F|
|teampreview|4
|showteam|p1|Annihilape||ChoiceScarf|Defiant|FinalGambit,RageFist,Coaching,Uturn|||F|||50|,,,,,Poison]Pelipper||DampRock|Drizzle|Tailwind,Hurricane,WeatherBall,Protect|||M|||50|,,,,,Ghost]Archaludon||AssaultVest|Stamina|ElectroShot,DracoMeteor,BodyPress,FlashCannon|||M|||50|,,,,,Bug]Breloom||FocusSash|Technician|BulletSeed,MachPunch,Spore,SwordsDance|||F|||50|,,,,,Ghost]Farigiraf||ThroatSpray|ArmorTail|TrickRoom,HyperVoice,Psychic,HelpingHand|||M|||50|,,,,,Fairy]Incineroar||SitrusBerry|Intimidate|FakeOut,KnockOff,FlareBlitz,PartingShot|||F|||50|,,,,,Water
|showteam|p2|Dragonite||LoadedDice|Multiscale|ScaleShot,ExtremeSpeed,IceSpinner,Protect|||M|||50|,,,,,Fairy]Ursaluna-Bloodmoon||AssaultVest|MindsEye|BloodMoon,HyperVoice,EarthPower,VacuumWave|||M|||50|,,,,,Water]Archaludon||PowerHerb|Sturdy|ElectroShot,FlashCannon,DracoMeteor,Protect|||M|||50|,,,,,Stellar]Whimsicott||CovertCloak|Prankster|FakeTears,Tailwind,Encore,Moonblast|||M|||50|,,,,,Poison]Gholdengo||ChoiceSpecs|GoodasGold|MakeItRain,ShadowBall,PowerGem,SteelBeam||||||50|,,,,,Steel]Incineroar||MirrorHerb|Intimidate|FakeOut,PartingShot,KnockOff,FlareBlitz|||F|||50|,,,,,Ghost
|inactive|Battle timer is ON: inactive players will automatically lose when time's up. (requested by Kevin-V8)
|inactive|Kevin-V8 has 60 seconds left.
|inactive|Kevin-V8 has 30 seconds left.
|inactive|Kevin-V8 has 20 seconds left.
|inactive|Kevin-V8 has 15 seconds left.
|inactive|Kevin-V8 has 10 seconds left.
|inactive|Kevin-V8 has 5 seconds left.
|
|t:|1756258437
|teamsize|p1|4
|teamsize|p2|4
|start
|switch|p1a: Incineroar|Incineroar, L50, F|100/100
|switch|p1b: Annihilape|Annihilape, L50, F|100/100
|switch|p2a: Whimsicott|Whimsicott, L50, M|100/100
|switch|p2b: Dragonite|Dragonite, L50, M|100/100
|-ability|p1a: Incineroar|Intimidate|boost
|-unboost|p2a: Whimsicott|atk|1
|-unboost|p2b: Dragonite|atk|1
|turn|1
|inactive|J.Arch has 30 seconds left.
|inactive|Kevin-V8 has 30 seconds left.
|inactive|J.Arch has 20 seconds left.
|inactive|J.Arch has 15 seconds left.
|inactive|J.Arch has 10 seconds left.
|inactive|J.Arch has 5 seconds left.
|
|t:|1756258489
|switch|p2b: Archaludon|Archaludon, L50, M|100/100
|move|p1a: Incineroar|Fake Out|p2b: Archaludon
|-resisted|p2b: Archaludon
|-damage|p2b: Archaludon|96/100
|move|p2a: Whimsicott|Tailwind|p2a: Whimsicott
|-sidestart|p2: Kevin-V8|move: Tailwind
|move|p1b: Annihilape|U-turn|p2a: Whimsicott
|-damage|p2a: Whimsicott|71/100
|
|t:|1756258505
|switch|p1b: Archaludon|Archaludon, L50, M|100/100|[from] U-turn
|
|upkeep
|turn|2
|
|t:|1756258528
|-terastallize|p2b: Archaludon|Stellar
|-terastallize|p1b: Archaludon|Bug
|move|p2a: Whimsicott|Fake Tears|p1b: Archaludon
|-unboost|p1b: Archaludon|spd|2
|move|p2b: Archaludon|Electro Shot||[still]
|-prepare|p2b: Archaludon|Electro Shot
|-boost|p2b: Archaludon|spa|1
|-enditem|p2b: Archaludon|Power Herb
|-anim|p2b: Archaludon|Electro Shot|p1b: Archaludon
|-damage|p1b: Archaludon|0 fnt
|faint|p1b: Archaludon
|move|p1a: Incineroar|Parting Shot|p2b: Archaludon
|-unboost|p2b: Archaludon|atk|1
|-unboost|p2b: Archaludon|spa|1
|
|t:|1756258550
|switch|p1a: Pelipper|Pelipper, L50, M|100/100|[from] Parting Shot
|-weather|RainDance|[from] ability: Drizzle|[of] p1a: Pelipper
|
|-weather|RainDance|[upkeep]
|upkeep
|
|t:|1756258568
|switch|p1b: Incineroar|Incineroar, L50, F|100/100
|-ability|p1b: Incineroar|Intimidate|boost
|-unboost|p2a: Whimsicott|atk|1
|-unboost|p2b: Archaludon|atk|1
|turn|3
|
|t:|1756258590
|switch|p2a: Dragonite|Dragonite, L50, M|100/100
|move|p2b: Archaludon|Electro Shot||[still]
|-prepare|p2b: Archaludon|Electro Shot
|-boost|p2b: Archaludon|spa|1
|-anim|p2b: Archaludon|Electro Shot|p1a: Pelipper
|-supereffective|p1a: Pelipper
|-damage|p1a: Pelipper|0 fnt
|faint|p1a: Pelipper
|move|p1b: Incineroar|Parting Shot|p2a: Dragonite
|-unboost|p2a: Dragonite|atk|1
|-unboost|p2a: Dragonite|spa|1
|
|t:|1756258603
|switch|p1b: Annihilape|Annihilape, L50, F|100/100|[from] Parting Shot
|
|-weather|RainDance|[upkeep]
|upkeep
|
|t:|1756258607
|switch|p1a: Incineroar|Incineroar, L50, F|100/100
|-ability|p1a: Incineroar|Intimidate|boost
|-unboost|p2a: Dragonite|atk|1
|-unboost|p2b: Archaludon|atk|1
|turn|4
|
|t:|1756258626
|move|p1a: Incineroar|Fake Out|p2b: Archaludon
|-resisted|p2b: Archaludon
|-damage|p2b: Archaludon|90/100
|cant|p2b: Archaludon|flinch
|move|p2a: Dragonite|Scale Shot|p1a: Incineroar
|-damage|p1a: Incineroar|94/100
|-damage|p1a: Incineroar|86/100
|-damage|p1a: Incineroar|79/100
|-damage|p1a: Incineroar|71/100
|-damage|p1a: Incineroar|65/100
|-hitcount|p1a: Incineroar|5
|-unboost|p2a: Dragonite|def|1
|-boost|p2a: Dragonite|spe|1
|move|p1b: Annihilape|Rage Fist|p2b: Archaludon
|-damage|p2b: Archaludon|72/100
|
|-weather|RainDance|[upkeep]
|-sideend|p2: Kevin-V8|move: Tailwind
|upkeep
|turn|5
|inactive|J.Arch has 30 seconds left.
|inactive|J.Arch has 20 seconds left.
|
|t:|1756258666
|move|p2a: Dragonite|Extreme Speed|p1a: Incineroar
|-damage|p1a: Incineroar|51/100
|move|p1b: Annihilape|Rage Fist|p2b: Archaludon
|-damage|p2b: Archaludon|54/100
|move|p2b: Archaludon|Electro Shot||[still]
|-prepare|p2b: Archaludon|Electro Shot
|-boost|p2b: Archaludon|spa|1
|-anim|p2b: Archaludon|Electro Shot|p1b: Annihilape
|-damage|p1b: Annihilape|11/100
|move|p1a: Incineroar|Knock Off|p2b: Archaludon
|-damage|p2b: Archaludon|28/100
|
|-weather|RainDance|[upkeep]
|upkeep
|turn|6
|inactive|J.Arch has 30 seconds left.
|
|t:|1756258700
|move|p1b: Annihilape|Rage Fist|p2a: Dragonite
|-damage|p2a: Dragonite|64/100
|move|p2a: Dragonite|Scale Shot|p1b: Annihilape|[miss]
|-miss|p2a: Dragonite|p1b: Annihilape
|move|p2b: Archaludon|Electro Shot||[still]
|-prepare|p2b: Archaludon|Electro Shot
|-boost|p2b: Archaludon|spa|1
|-anim|p2b: Archaludon|Electro Shot|p1a: Incineroar
|-damage|p1a: Incineroar|0 fnt
|faint|p1a: Incineroar
|
|-weather|RainDance|[upkeep]
|upkeep
|turn|7
|c|☆Kevin-V8|GG
|inactive|Kevin-V8 has 30 seconds left.
|inactive|Kevin-V8 has 20 seconds left.
|
|t:|1756258736
|move|p1b: Annihilape|Rage Fist|p2b: Archaludon
|-damage|p2b: Archaludon|0 fnt
|faint|p2b: Archaludon
|move|p2a: Dragonite|Scale Shot|p1b: Annihilape
|-damage|p1b: Annihilape|3/100
|-damage|p1b: Annihilape|0 fnt
|faint|p1b: Annihilape
|-hitcount|p1: Annihilape|2
|
|win|Kevin-V8
|raw|J.Arch's rating: 1147 → 1117(-30 for losing)
|raw|Kevin-V8's rating: 1078 → 1112(+34 for winning)
|l|☆J.Arch
|player|p1|
