|j|☆porygon peo
|j|☆marcosdeltasena31
|html|porygon peomarcosdeltasena31    
|uhtml|bestof|Game 1 of a best-of-3
|t:|1786069010
|gametype|doubles
|player|p1|porygon peo|skier|1432
|player|p2|marcosdeltasena31|hilbert|1522
|gen|9
|tier|[Gen 9 Champions] VGC 2026 Reg M-B (Bo3)
|rated|
|rule|Species Clause: Limit one of each Pokémon
|rule|Item Clause: Limit 1 of each item
|clearpoke
|poke|p1|Arcanine-Hisui, L50, M|
|poke|p1|Staraptor, L50, M|
|poke|p1|Farigiraf, L50, F|
|poke|p1|Sylveon, L50, F|
|poke|p1|Kingambit, L50, M|
|poke|p1|Raichu, L50, F|
|poke|p2|Froslass, L50, F|
|poke|p2|Scovillain, L50, F|
|poke|p2|Sneasler, L50, F|
|poke|p2|Lycanroc-Dusk, L50, M|
|poke|p2|Basculegion, L50, M|
|poke|p2|Kingambit, L50, F|
|teampreview|4
|showteam|p1|Arcanine-Hisui||FocusSash|RockHead|Protect,ExtremeSpeed,HeadSmash,FlareBlitz|Adamant||M|||50|]Staraptor||Staraptite|Intimidate|Tailwind,Protect,CloseCombat,DualWingbeat|Adamant||M|||50|]Farigiraf||SitrusBerry|ArmorTail|Protect,Psychic,TrickRoom,HelpingHand|Bold||F|||50|]Sylveon||FairyFeather|Pixilate|Protect,HyperBeam,HyperVoice,QuickAttack|Modest||F|||50|]Kingambit||LifeOrb|Defiant|Protect,KowtowCleave,SwordsDance,SuckerPunch|Adamant||M|||50|]Raichu||RaichuniteY|LightningRod|Protect,ZapCannon,FakeOut,FocusBlast|Timid||F|||50|
|showteam|p2|Froslass||Froslassite|CursedBody|Blizzard,ShadowBall,AuroraVeil,Protect|Timid||F|||50|]Scovillain||Scovillainite|Moody|Overheat,GigaDrain,RagePowder,Protect|Bold||F|||50|]Sneasler||WhiteHerb|Unburden|CloseCombat,FakeOut,DireClaw,Protect|Adamant||F|||50|]Lycanroc-Dusk||FocusSash|ToughClaws|RockSlide,CloseCombat,Accelerock,Protect|Adamant||M|||50|]Basculegion||SitrusBerry|Adaptability|WaveCrash,LastRespects,AquaJet,Protect|Adamant||M|||50|]Kingambit||LifeOrb|Defiant|KowtowCleave,SuckerPunch,SwordsDance,Protect|Adamant||F|||50|
|inactive|Battle timer is ON: inactive players will automatically lose when time's up. (requested by porygon peo)
|inactive|porygon peo has 60 seconds left.
|
|t:|1786069057
|teamsize|p1|4
|teamsize|p2|4
|start
|switch|p1a: Raichu|Raichu, L50, F|100/100
|switch|p1b: Farigiraf|Farigiraf, L50, F|100/100
|switch|p2a: Scovillain|Scovillain, L50, F|100/100
|switch|p2b: Basculegion|Basculegion, L50, M|100/100
|turn|1
|inactive|porygon peo has 30 seconds left.
|inactive|porygon peo has 20 seconds left.
|
|t:|1786069095
|detailschange|p1a: Raichu|Raichu-Mega-Y, L50, F
|-mega|p1a: Raichu|Raichu|Raichunite Y
|detailschange|p2a: Scovillain|Scovillain-Mega, L50, F
|-mega|p2a: Scovillain|Scovillain|Scovillainite
|move|p2a: Scovillain|Rage Powder|p2a: Scovillain
|-singleturn|p2a: Scovillain|move: Rage Powder
|move|p1a: Raichu|Focus Blast|p2a: Scovillain
|-damage|p2a: Scovillain|57/100
|-unboost|p2a: Scovillain|spd|1
|-status|p1a: Raichu|brn|[from] ability: Spicy Spray|[of] p2a: Scovillain
|move|p2b: Basculegion|Wave Crash|p1b: Farigiraf
|-damage|p1b: Farigiraf|32/100
|-enditem|p1b: Farigiraf|Sitrus Berry|[eat]
|-heal|p1b: Farigiraf|57/100|[from] item: Sitrus Berry
|-damage|p2b: Basculegion|77/100|[from] Recoil
|move|p1b: Farigiraf|Trick Room|p1b: Farigiraf
|-fieldstart|move: Trick Room|[of] p1b: Farigiraf
|
|-damage|p1a: Raichu|93/100 brn|[from] brn
|upkeep
|turn|2
|
|t:|1786069113
|switch|p2a: Kingambit|Kingambit, L50, F|100/100
|move|p1b: Farigiraf|Psychic|p2a: Kingambit
|-immune|p2a: Kingambit
|move|p2b: Basculegion|Wave Crash|p1a: Raichu
|-damage|p1a: Raichu|0 fnt
|faint|p1a: Raichu
|-damage|p2b: Basculegion|54/100|[from] Recoil
|
|upkeep
|
|t:|1786069119
|switch|p1a: Sylveon|Sylveon, L50, F|100/100
|turn|3
|
|t:|1786069127
|switch|p1b: Kingambit|Kingambit, L50, M|100/100
|switch|p2b: Scovillain|Scovillain-Mega, L50, F|57/100
|move|p2a: Kingambit|Kowtow Cleave|p1b: Kingambit
|-resisted|p1b: Kingambit|1
|-damage|p1b: Kingambit|76/100
|-damage|p2a: Kingambit|90/100|[from] item: Life Orb
|move|p1a: Sylveon|Hyper Voice|p2a: Kingambit|[spread] p2a,p2b
|-resisted|p2b: Scovillain|1
|-damage|p2a: Kingambit|44/100
|-damage|p2b: Scovillain|36/100
|-status|p1a: Sylveon|brn|[from] ability: Spicy Spray|[of] p2b: Scovillain
|
|-damage|p1a: Sylveon|93/100 brn|[from] brn
|upkeep
|turn|4
|inactive|porygon peo has 30 seconds left.
|
|t:|1786069154
|move|p1b: Kingambit|Protect|p1b: Kingambit
|-singleturn|p1b: Kingambit|Protect
|move|p2a: Kingambit|Protect|p2a: Kingambit
|-singleturn|p2a: Kingambit|Protect
|move|p2b: Scovillain|Rage Powder|p2b: Scovillain
|-singleturn|p2b: Scovillain|move: Rage Powder
|move|p1a: Sylveon|Hyper Voice|p2a: Kingambit|[spread] p2b
|-activate|p2a: Kingambit|move: Protect
|-resisted|p2b: Scovillain|1
|-damage|p2b: Scovillain|11/100
|
|-damage|p1a: Sylveon|87/100 brn|[from] brn
|upkeep
|turn|5
|
|t:|1786069168
|move|p2b: Scovillain|Protect|p2b: Scovillain
|-singleturn|p2b: Scovillain|Protect
|move|p2a: Kingambit|Sucker Punch|p1a: Sylveon
|-resisted|p1a: Sylveon|1
|-damage|p1a: Sylveon|56/100 brn
|-damage|p2a: Kingambit|35/100|[from] item: Life Orb
|move|p1b: Kingambit|Swords Dance|p1b: Kingambit
|-boost|p1b: Kingambit|atk|2
|move|p1a: Sylveon|Hyper Voice|p2b: Scovillain|[spread] p2a
|-activate|p2b: Scovillain|move: Protect
|-damage|p2a: Kingambit|0 fnt
|faint|p2a: Kingambit
|
|-damage|p1a: Sylveon|50/100g brn|[from] brn
|-fieldend|move: Trick Room
|upkeep
|
|t:|1786069177
|switch|p2a: Sneasler|Sneasler, L50, F|100/100
|turn|6
|
|t:|1786069196
|move|p2b: Scovillain|Rage Powder|p2b: Scovillain
|-singleturn|p2b: Scovillain|move: Rage Powder
|move|p1b: Kingambit|Sucker Punch||[still]
|-fail|p1b: Kingambit
|move|p2a: Sneasler|Dire Claw|p1a: Sylveon
|-supereffective|p1a: Sylveon|1
|-damage|p1a: Sylveon|0 fnt
|faint|p1a: Sylveon
|
|upkeep
|
|t:|1786069200
|switch|p1a: Farigiraf|Farigiraf, L50, F|57/100
|turn|7
|
|t:|1786069220
|move|p2b: Scovillain|Rage Powder|p2b: Scovillain
|-singleturn|p2b: Scovillain|move: Rage Powder
|move|p2a: Sneasler|Close Combat|p1a: Farigiraf
|-damage|p1a: Farigiraf|9/100
|-unboost|p2a: Sneasler|def|1
|-unboost|p2a: Sneasler|spd|1
|-enditem|p2a: Sneasler|White Herb
|-clearnegativeboost|p2a: Sneasler|[silent]
|move|p1b: Kingambit|Kowtow Cleave|p2b: Scovillain
|-damage|p2b: Scovillain|0 fnt
|-status|p1b: Kingambit|brn|[from] ability: Spicy Spray|[of] p2b: Scovillain
|faint|p2b: Scovillain
|-damage|p1b: Kingambit|66/100 brn|[from] item: Life Orb
|move|p1a: Farigiraf|Trick Room|p1a: Farigiraf
|-fieldstart|move: Trick Room|[of] p1a: Farigiraf
|
|-damage|p1b: Kingambit|60/100 brn|[from] brn
|upkeep
|
|t:|1786069230
|switch|p2b: Basculegion|Basculegion, L50, M|54/100
|turn|8
|
|t:|1786069237
|move|p2b: Basculegion|Protect|p2b: Basculegion
|-singleturn|p2b: Basculegion|Protect
|move|p1b: Kingambit|Kowtow Cleave|p2b: Basculegion
|-activate|p2b: Basculegion|move: Protect
|move|p1a: Farigiraf|Psychic|p2a: Sneasler
|-supereffective|p2a: Sneasler|2
|-damage|p2a: Sneasler|0 fnt
|faint|p2a: Sneasler
|
|-damage|p1b: Kingambit|55/100 brn|[from] brn
|upkeep
|turn|9
|
|t:|1786069249
|move|p1b: Kingambit|Kowtow Cleave|p2b: Basculegion
|-supereffective|p2b: Basculegion|1
|-damage|p2b: Basculegion|0 fnt
|faint|p2b: Basculegion
|-damage|p1b: Kingambit|45/100 brn|[from] item: Life Orb
|
|win|porygon peo
||marcosdeltasena31 is ready for game 2.
||porygon peo is ready for game 2.
|uhtml|next|Next: Game 2 of 3
