|j|☆damian.200
|j|☆sarkysays
|html|damian.200sarkysays    
|uhtml|bestof|Game 2 of a best-of-3
|t:|1783376104
|gametype|doubles
|player|p1|damian.200|1|1048
|player|p2|sarkysays|266|1081
|gen|9
|tier|[Gen 9 Champions] VGC 2026 Reg M-B (Bo3)
|rated|
|rule|Species Clause: Limit one of each Pokémon
|rule|Item Clause: Limit 1 of each item
|clearpoke
|poke|p1|Pyroar, L50, M|
|poke|p1|Ninetales, L50, M|
|poke|p1|Whimsicott, L50, M|
|poke|p1|Farigiraf, L50, F|
|poke|p1|Basculegion, L50, M|
|poke|p1|Floette-Eternal, L50, F|
|poke|p2|Meganium, L50, F|
|poke|p2|Metagross, L50|
|poke|p2|Pelipper, L50, F|
|poke|p2|Garchomp, L50, F|
|poke|p2|Sneasler, L50, F|
|poke|p2|Volcarona, L50, F|
|teampreview|4
|showteam|p1|Pyroar||Pyroarite|Unnerve|Overheat,SolarBeam,HeatWave,Protect|Timid||M|||50|]Ninetales||ChoiceScarf|Drought|HeatWave,Overheat,SolarBeam,FakeTears|Timid||M|||50|]Whimsicott||FocusSash|Prankster|Tailwind,SunnyDay,Protect,Moonblast|Timid||M|||50|]Farigiraf||SitrusBerry|ArmorTail|HelpingHand,TwinBeam,Thunderbolt,TrickRoom|Bold||F|||50|]Basculegion||LifeOrb|Adaptability|WaveCrash,AquaJet,LastRespects,Protect|Adamant||M|||50|]Floette-Eternal||Floettite|FlowerVeil|DazzlingGleam,Moonblast,LightofRuin,Protect|Modest||F|||50|
|showteam|p2|Meganium||Meganiumite|Overgrow|DazzlingGleam,SolarBeam,Protect,WeatherBall|Modest||F|||50|]Metagross||LifeOrb|ClearBody|PsychicFangs,BulletPunch,IronHead,Protect|Jolly|||||50|]Pelipper||MysticWater|Drizzle|Hurricane,WeatherBall,IceBeam,WideGuard|Modest||F|||50|]Garchomp||Leftovers|RoughSkin|StompingTantrum,DragonClaw,RockSlide,Protect|Jolly||F|||50|]Sneasler||MentalHerb|Unburden|CloseCombat,FakeOut,DireClaw,Protect|Adamant||F|||50|]Volcarona||FocusSash|FlameBody|RagePowder,Tailwind,HeatWave,LightScreen|Calm||F|||50|
|inactive|Battle timer is ON: inactive players will automatically lose when time's up. (requested by sarkysays)
|inactive|sarkysays has 60 seconds left.
|
|t:|1783376143
|teamsize|p1|4
|teamsize|p2|4
|start
|switch|p1a: Whimsicott|Whimsicott, L50, M|100/100
|switch|p1b: Basculegion|Basculegion, L50, M|100/100
|switch|p2a: Meganium|Meganium, L50, F|100/100
|switch|p2b: Garchomp|Garchomp, L50, F|100/100
|turn|1
|inactive|sarkysays has 30 seconds left.
|inactive|sarkysays has 20 seconds left.
|inactive|sarkysays has 15 seconds left.
|
|t:|1783376184
|detailschange|p2a: Meganium|Meganium-Mega, L50, F
|-mega|p2a: Meganium|Meganium|Meganiumite
|move|p1a: Whimsicott|Tailwind|p1a: Whimsicott
|-sidestart|p1: damian.200|move: Tailwind
|move|p1b: Basculegion|Wave Crash|p2b: Garchomp
|-damage|p2b: Garchomp|0 fnt
|-damage|p1b: Basculegion|87/100|[from] ability: Rough Skin|[of] p2b: Garchomp
|faint|p2b: Garchomp
|-damage|p1b: Basculegion|59/100|[from] Recoil
|-damage|p1b: Basculegion|50/100g|[from] item: Life Orb
|move|p2a: Meganium|Weather Ball|p1a: Whimsicott
|-supereffective|p1a: Whimsicott|1
|-enditem|p1a: Whimsicott|Focus Sash
|-damage|p1a: Whimsicott|1/100
|
|upkeep
|
|t:|1783376198
|switch|p2b: Volcarona|Volcarona, L50, F|100/100
|turn|2
|
|t:|1783376218
|switch|p2b: Pelipper|Pelipper, L50, F|100/100
|-weather|RainDance|[from] ability: Drizzle|[of] p2b: Pelipper
|move|p1a: Whimsicott|Sunny Day|p1a: Whimsicott
|-weather|SunnyDay
|move|p1b: Basculegion|Wave Crash|p2b: Pelipper
|-resisted|p2b: Pelipper|1
|-damage|p2b: Pelipper|73/100
|-damage|p1b: Basculegion|43/100|[from] Recoil
|-damage|p1b: Basculegion|33/100|[from] item: Life Orb
|move|p2a: Meganium|Solar Beam||[still]
|-prepare|p2a: Meganium|Solar Beam
|-anim|p2a: Meganium|Solar Beam|p1b: Basculegion
|-supereffective|p1b: Basculegion|1
|-damage|p1b: Basculegion|0 fnt
|faint|p1b: Basculegion
|
|-weather|SunnyDay|[upkeep]
|upkeep
|
|t:|1783376223
|switch|p1b: Pyroar|Pyroar, L50, M|100/100
|-ability|p1b: Pyroar|Unnerve
|turn|3
|
|t:|1783376234
|switch|p2b: Volcarona|Volcarona, L50, F|100/100
|detailschange|p1b: Pyroar|Pyroar-Mega, L50, M
|-mega|p1b: Pyroar|Pyroar|Pyroarite
|move|p2a: Meganium|Protect|p2a: Meganium
|-singleturn|p2a: Meganium|Protect
|move|p1b: Pyroar|Overheat|p2a: Meganium
|-activate|p2a: Meganium|move: Protect
|move|p1a: Whimsicott|Moonblast|p2b: Volcarona
|-resisted|p2b: Volcarona|1
|-damage|p2b: Volcarona|88/100
|
|-weather|SunnyDay|[upkeep]
|upkeep
|turn|4
|
|t:|1783376250
|switch|p2a: Pelipper|Pelipper, L50, F|73/100
|-weather|RainDance|[from] ability: Drizzle|[of] p2a: Pelipper
|move|p1b: Pyroar|Heat Wave|p2b: Volcarona|[spread] p2b
|-miss|p1b: Pyroar|p2a: Pelipper
|-damage|p2b: Volcarona|69/100
|move|p1a: Whimsicott|Moonblast|p2b: Volcarona
|-resisted|p2b: Volcarona|1
|-damage|p2b: Volcarona|58/100
|move|p2b: Volcarona|Heat Wave|p1b: Pyroar|[spread] p1a
|-miss|p2b: Volcarona|p1b: Pyroar
|-supereffective|p1a: Whimsicott|1
|-damage|p1a: Whimsicott|0 fnt
|faint|p1a: Whimsicott
|
|-weather|RainDance|[upkeep]
|-sideend|p1: damian.200|move: Tailwind
|upkeep
|
|t:|1783376257
|switch|p1a: Ninetales|Ninetales, L50, M|100/100
|-weather|SunnyDay|[from] ability: Drought|[of] p1a: Ninetales
|turn|5
|inactive|sarkysays has 30 seconds left.
|inactive|damian.200 has 30 seconds left.
|inactive|sarkysays has 20 seconds left.
|inactive|sarkysays has 15 seconds left.
|inactive|sarkysays has 10 seconds left.
|
|t:|1783376303
|switch|p2a: Meganium|Meganium-Mega, L50, F|100/100
|move|p2b: Volcarona|Rage Powder|p2b: Volcarona
|-singleturn|p2b: Volcarona|move: Rage Powder
|move|p1a: Ninetales|Heat Wave|p2a: Meganium|[spread] p2a,p2b
|-supereffective|p2a: Meganium|1
|-damage|p2a: Meganium|23/100
|-damage|p2b: Volcarona|33/100
|-status|p2a: Meganium|brn
|move|p1b: Pyroar|Heat Wave|p2a: Meganium|[spread] p2a,p2b
|-supereffective|p2a: Meganium|1
|-damage|p2a: Meganium|0 fnt
|-damage|p2b: Volcarona|0 fnt
|faint|p2a: Meganium
|faint|p2b: Volcarona
|
|-weather|SunnyDay|[upkeep]
|upkeep
|
|t:|1783376313
|switch|p2a: Pelipper|Pelipper, L50, F|73/100
|-weather|RainDance|[from] ability: Drizzle|[of] p2a: Pelipper
|turn|6
|
|t:|1783376323
|move|p1a: Ninetales|Heat Wave|p2a: Pelipper
|-resisted|p2a: Pelipper|1
|-damage|p2a: Pelipper|60/100
|-status|p2a: Pelipper|brn
|move|p1b: Pyroar|Overheat|p2a: Pelipper
|-resisted|p2a: Pelipper|1
|-damage|p2a: Pelipper|24/100 brn
|-unboost|p1b: Pyroar|spa|2
|move|p2a: Pelipper|Weather Ball|p1a: Ninetales
|-supereffective|p1a: Ninetales|1
|-damage|p1a: Ninetales|0 fnt
|faint|p1a: Ninetales
|
|-weather|RainDance|[upkeep]
|-damage|p2a: Pelipper|18/100 brn|[from] brn
|upkeep
|turn|7
|
|t:|1783376336
|move|p1b: Pyroar|Overheat|p2a: Pelipper
|-resisted|p2a: Pelipper|1
|-damage|p2a: Pelipper|1/100 brn
|-unboost|p1b: Pyroar|spa|2
|move|p2a: Pelipper|Weather Ball|p1b: Pyroar
|-supereffective|p1b: Pyroar|1
|-damage|p1b: Pyroar|0 fnt
|faint|p1b: Pyroar
|
|win|sarkysays
|raw|damian.200's rating: 1048 → 1032(-16 for losing)
|raw|sarkysays's rating: 1081 → 1106(+25 for winning)
