|j|☆Mupigg
|j|☆Surwiival
|html|MupiggSurwiival    
|uhtml|bestof|Game 1 of a best-of-3
|t:|1756307819
|gametype|doubles
|player|p1|Mupigg|266|1021
|player|p2|Surwiival|170|1090
|gen|9
|tier|[Gen 9] VGC 2025 Reg H (Bo3)
|rated|
|rule|Species Clause: Limit one of each Pokémon
|rule|Item Clause: Limit 1 of each item
|clearpoke
|poke|p1|Dragonite, L50, F|
|poke|p1|Kingambit, L50, M|
|poke|p1|Ninetales-Alola, L50, M|
|poke|p1|Incineroar, L50, M|
|poke|p1|Amoonguss, L50, M|
|poke|p1|Garchomp, L50, F|
|poke|p2|Incineroar, L50, M|
|poke|p2|Sneasler, L50, M|
|poke|p2|Kingambit, L50, F|
|poke|p2|Electabuzz, L50, F|
|poke|p2|Baxcalibur, L50, F|
|poke|p2|Primarina, L50, F|
|teampreview|4
|showteam|p1|Dragonite||LumBerry|Multiscale|TeraBlast,ExtremeSpeed,LowKick,Protect|||F|||50|,,,,,Flying]Kingambit||AssaultVest|Defiant|KowtowCleave,IronHead,LowKick,SuckerPunch|||M|||50|,,,,,Dark]Ninetales-Alola||FocusSash|SnowWarning|Blizzard,FreezeDry,Encore,Protect|||M|||50|,,,,,Ice]Incineroar||SafetyGoggles|Intimidate|FakeOut,FlareBlitz,KnockOff,PartingShot|||M|||50|,,,,,Ghost]Amoonguss||SitrusBerry|Regenerator|Spore,RagePowder,PollenPuff,ClearSmog|||M|||50|,,,,,Water]Garchomp||LifeOrb|RoughSkin|Earthquake,DragonClaw,StompingTantrum,Protect|||F|||50|,,,,,Steel
|showteam|p2|Incineroar||SitrusBerry|Intimidate|FakeOut,PartingShot,FlareBlitz,KnockOff|||M|||50|,,,,,Grass]Sneasler||FocusSash|Unburden|FakeOut,CloseCombat,DireClaw,Coaching|||M|||50|,,,,,Stellar]Kingambit||SafetyGoggles|Defiant|KowtowCleave,SuckerPunch,SwordsDance,Protect|||F|||50|,,,,,Ghost]Electabuzz||Eviolite|VitalSpirit|VoltSwitch,Taunt,FollowMe,Protect|||F|||50|,,,,,Ghost]Baxcalibur||LoadedDice|ThermalExchange|ScaleShot,IcicleSpear,IceShard,Protect|||F|||50|,,,,,Poison]Primarina||ThroatSpray|LiquidVoice|HyperVoice,Moonblast,Haze,Protect|||F|||50|,,,,,Water
|
|t:|1756307866
|teamsize|p1|4
|teamsize|p2|4
|start
|switch|p1a: Dragonite|Dragonite, L50, F|100/100
|switch|p1b: Garchomp|Garchomp, L50, F|100/100
|switch|p2a: Sneasler|Sneasler, L50, M|100/100
|switch|p2b: Baxcalibur|Baxcalibur, L50, F|100/100
|turn|1
|
|t:|1756307899
|-terastallize|p1a: Dragonite|Flying
|move|p1b: Garchomp|Protect|p1b: Garchomp
|-singleturn|p1b: Garchomp|Protect
|move|p2a: Sneasler|Coaching|p2b: Baxcalibur
|-boost|p2b: Baxcalibur|atk|1
|-boost|p2b: Baxcalibur|def|1
|move|p2b: Baxcalibur|Scale Shot|p1a: Dragonite
|-damage|p1a: Dragonite|90/100
|-damage|p1a: Dragonite|68/100
|-damage|p1a: Dragonite|47/100
|-damage|p1a: Dragonite|24/100
|-hitcount|p1a: Dragonite|4
|-unboost|p2b: Baxcalibur|def|1
|-boost|p2b: Baxcalibur|spe|1
|move|p1a: Dragonite|Tera Blast|p2a: Sneasler|[anim] Tera Blast Flying
|-supereffective|p2a: Sneasler
|-enditem|p2a: Sneasler|Focus Sash
|-damage|p2a: Sneasler|1/100
|
|upkeep
|turn|2
|
|t:|1756307951
|switch|p2a: Incineroar|Incineroar, L50, M, shiny|100/100
|-ability|p2a: Incineroar|Intimidate|boost
|-unboost|p1a: Dragonite|atk|1
|-unboost|p1b: Garchomp|atk|1
|switch|p1b: Ninetales|Ninetales-Alola, L50, M|100/100
|-weather|Snowscape|[from] ability: Snow Warning|[of] p1b: Ninetales
|move|p1a: Dragonite|Extreme Speed|p2a: Incineroar
|-damage|p2a: Incineroar|79/100
|move|p2b: Baxcalibur|Icicle Spear|p1b: Ninetales
|-resisted|p1b: Ninetales
|-damage|p1b: Ninetales|88/100
|-resisted|p1b: Ninetales
|-damage|p1b: Ninetales|77/100
|-resisted|p1b: Ninetales
|-damage|p1b: Ninetales|65/100
|-resisted|p1b: Ninetales
|-damage|p1b: Ninetales|54/100
|-hitcount|p1b: Ninetales|4
|
|-weather|Snowscape|[upkeep]
|upkeep
|turn|3
|
|t:|1756308012
|switch|p1a: Incineroar|Incineroar, L50, M|100/100
|-ability|p1a: Incineroar|Intimidate|boost
|-unboost|p2a: Incineroar|atk|1
|-unboost|p2b: Baxcalibur|atk|1
|move|p1b: Ninetales|Protect|p1b: Ninetales
|-singleturn|p1b: Ninetales|Protect
|move|p2a: Incineroar|Fake Out|p1a: Incineroar
|-damage|p1a: Incineroar|93/100
|move|p2b: Baxcalibur|Icicle Spear|p1b: Ninetales
|-activate|p1b: Ninetales|move: Protect
|
|-weather|Snowscape|[upkeep]
|upkeep
|turn|4
|
|t:|1756308032
|move|p2b: Baxcalibur|Protect|p2b: Baxcalibur
|-singleturn|p2b: Baxcalibur|Protect
|move|p1a: Incineroar|Fake Out|p2a: Incineroar
|-damage|p2a: Incineroar|68/100
|move|p1b: Ninetales|Blizzard|p2a: Incineroar|[spread] p2a
|-activate|p2b: Baxcalibur|move: Protect
|-resisted|p2a: Incineroar
|-damage|p2a: Incineroar|56/100
|cant|p2a: Incineroar|flinch
|
|-weather|Snowscape|[upkeep]
|upkeep
|turn|5
|
|t:|1756308077
|move|p2b: Baxcalibur|Scale Shot|p1a: Incineroar|[miss]
|-miss|p2b: Baxcalibur|p1a: Incineroar
|move|p1b: Ninetales|Blizzard|p2a: Incineroar|[spread] p2a,p2b
|-resisted|p2a: Incineroar
|-damage|p2a: Incineroar|41/100
|-damage|p2b: Baxcalibur|69/100
|-enditem|p2a: Incineroar|Sitrus Berry|[eat]
|-heal|p2a: Incineroar|66/100|[from] item: Sitrus Berry
|move|p2a: Incineroar|Knock Off|p1a: Incineroar
|-resisted|p1a: Incineroar
|-damage|p1a: Incineroar|78/100
|-enditem|p1a: Incineroar|Safety Goggles|[from] move: Knock Off|[of] p2a: Incineroar
|move|p1a: Incineroar|Knock Off|p2a: Incineroar
|-resisted|p2a: Incineroar
|-damage|p2a: Incineroar|53/100
|
|-weather|Snowscape|[upkeep]
|upkeep
|turn|6
|
|t:|1756308102
|switch|p2a: Electabuzz|Electabuzz, L50, F|100/100
|move|p2b: Baxcalibur|Protect|p2b: Baxcalibur
|-singleturn|p2b: Baxcalibur|Protect
|move|p1b: Ninetales|Protect|p1b: Ninetales
|-singleturn|p1b: Ninetales|Protect
|move|p1a: Incineroar|Parting Shot|p2b: Baxcalibur
|-activate|p2b: Baxcalibur|move: Protect
|
|-weather|none
|upkeep
|turn|7
|
|t:|1756308129
|switch|p1b: Dragonite|Dragonite, L50, F, tera:Flying|24/100
|move|p2a: Electabuzz|Follow Me|p2a: Electabuzz
|-singleturn|p2a: Electabuzz|move: Follow Me
|move|p2b: Baxcalibur|Scale Shot|p1a: Incineroar
|-damage|p1a: Incineroar|65/100
|-damage|p1a: Incineroar|50/100
|-damage|p1a: Incineroar|34/100
|-damage|p1a: Incineroar|19/100
|-hitcount|p1a: Incineroar|4
|-unboost|p2b: Baxcalibur|def|1
|-boost|p2b: Baxcalibur|spe|1
|move|p1a: Incineroar|Parting Shot|p2a: Electabuzz
|-unboost|p2a: Electabuzz|atk|1
|-unboost|p2a: Electabuzz|spa|1
|
|t:|1756308148
|switch|p1a: Garchomp|Garchomp, L50, F|100/100|[from] Parting Shot
|
|upkeep
|turn|8
|
|t:|1756308168
|move|p2b: Baxcalibur|Icicle Spear|p1a: Garchomp
|-supereffective|p1a: Garchomp
|-damage|p1a: Garchomp|28/100
|-supereffective|p1a: Garchomp
|-damage|p1a: Garchomp|0 fnt
|faint|p1a: Garchomp
|-hitcount|p1: Garchomp|2
|move|p2a: Electabuzz|Volt Switch|p1b: Dragonite
|-supereffective|p1b: Dragonite
|-damage|p1b: Dragonite|0 fnt
|faint|p1b: Dragonite
|
|t:|1756308180
|switch|p2a: Sneasler|Sneasler, L50, M|1/100|[from] Volt Switch
|
|upkeep
|
|t:|1756308186
|switch|p1a: Ninetales|Ninetales-Alola, L50, M|54/100
|switch|p1b: Incineroar|Incineroar, L50, M|19/100
|-weather|Snowscape|[from] ability: Snow Warning|[of] p1a: Ninetales
|-ability|p1b: Incineroar|Intimidate|boost
|-unboost|p2a: Sneasler|atk|1
|-unboost|p2b: Baxcalibur|atk|1
|turn|9
|
|t:|1756308218
|move|p2a: Sneasler|Fake Out|p1a: Ninetales
|-damage|p1a: Ninetales|43/100
|move|p1b: Incineroar|Fake Out|p2a: Sneasler
|-damage|p2a: Sneasler|0 fnt
|faint|p2a: Sneasler
|move|p2b: Baxcalibur|Icicle Spear|p1b: Incineroar
|-resisted|p1b: Incineroar
|-damage|p1b: Incineroar|14/100
|-resisted|p1b: Incineroar
|-damage|p1b: Incineroar|9/100
|-resisted|p1b: Incineroar
|-damage|p1b: Incineroar|4/100
|-resisted|p1b: Incineroar
|-damage|p1b: Incineroar|0 fnt
|faint|p1b: Incineroar
|-hitcount|p1: Incineroar|4
|cant|p1a: Ninetales|flinch
|
|-weather|Snowscape|[upkeep]
|upkeep
|
|t:|1756308237
|switch|p2a: Incineroar|Incineroar, L50, M, shiny|53/100
|-ability|p2a: Incineroar|Intimidate|boost
|-unboost|p1a: Ninetales|atk|1
|turn|10
|
|t:|1756308249
|move|p2a: Incineroar|Fake Out|p1a: Ninetales
|-damage|p1a: Ninetales|29/100
|move|p2b: Baxcalibur|Icicle Spear|p1a: Ninetales
|-resisted|p1a: Ninetales
|-damage|p1a: Ninetales|23/100
|-resisted|p1a: Ninetales
|-damage|p1a: Ninetales|18/100
|-resisted|p1a: Ninetales
|-crit|p1a: Ninetales
|-damage|p1a: Ninetales|6/100
|-resisted|p1a: Ninetales
|-damage|p1a: Ninetales|1/100
|-resisted|p1a: Ninetales
|-damage|p1a: Ninetales|0 fnt
|faint|p1a: Ninetales
|-hitcount|p1: Ninetales|5
|
|win|Surwiival
|inactive|Mupigg has 30 seconds to confirm battle start!
|inactive|Surwiival has 30 seconds to confirm battle start!
