|j|☆marcosdeltasena31
|j|☆sbhaga34
|html|marcosdeltasena31sbhaga34    
|uhtml|bestof|Game 2 of a best-of-3
|t:|1757716999
|gametype|doubles
|player|p1|marcosdeltasena31|hilbert|1467
|player|p2|sbhaga34|hugh|1394
|gen|9
|tier|[Gen 9] VGC 2025 Reg H (Bo3)
|rated|
|rule|Species Clause: Limit one of each Pokémon
|rule|Item Clause: Limit 1 of each item
|clearpoke
|poke|p1|Dragonite, L50, F|
|poke|p1|Sneasler, L50, F|
|poke|p1|Volcarona, L50, F|
|poke|p1|Rillaboom, L50, M|
|poke|p1|Kingambit, L50, F|
|poke|p1|Electabuzz, L50, F|
|poke|p2|Indeedee-F, L50, F|
|poke|p2|Talonflame, L50, F|
|poke|p2|Tyranitar, L50, M|
|poke|p2|Excadrill, L50, F|
|poke|p2|Gardevoir, L50, M|
|poke|p2|Ursaluna-Bloodmoon, L50, M|
|teampreview|4
|showteam|p1|Dragonite||LoadedDice|Multiscale|ScaleShot,ExtremeSpeed,Haze,Protect|||F|||50|,,,,,Fairy]Sneasler||FocusSash|PoisonTouch|DireClaw,CloseCombat,FakeOut,Coaching|||F|||50|,,,,,Ghost]Volcarona||CovertCloak|FlameBody|HeatWave,TeraBlast,QuiverDance,Protect|||F|||50|,,,,,Fairy]Rillaboom||AssaultVest|GrassySurge|WoodHammer,FakeOut,GrassyGlide,HighHorsepower|||M|||50|,,,,,Fire]Kingambit||BlackGlasses|Defiant|KowtowCleave,SwordsDance,SuckerPunch,Protect|||F|||50|,,,,,Dark]Electabuzz||Eviolite|VitalSpirit|Thunderbolt,FollowMe,Taunt,Protect|||F|||50|,,,,,Ghost
|showteam|p2|Indeedee-F||SafetyGoggles|PsychicSurge|FollowMe,TrickRoom,HelpingHand,Psychic|||F|||50|,,,,,Fairy]Talonflame||CovertCloak|GaleWings|Tailwind,Taunt,FlareBlitz,BraveBird|||F|||50|,,,,,Grass]Tyranitar||WeaknessPolicy|SandStream|RockSlide,KnockOff,LowKick,Protect|||M|||50|,,,,,Flying]Excadrill||FocusSash|SandRush|Earthquake,IronHead,SwordsDance,Protect|||F|||50|,,,,,Ground]Gardevoir||ChoiceScarf|Telepathy|ExpandingForce,Thunderbolt,Moonblast,IcyWind|||M|||50|,,,,,Psychic]Ursaluna-Bloodmoon||SilkScarf|MindsEye|BloodMoon,HyperVoice,EarthPower,Protect|||M|||50|,,,,,Normal
|
|t:|1757717039
|teamsize|p1|4
|teamsize|p2|4
|start
|switch|p1a: Kingambit|Kingambit, L50, F|100/100
|switch|p1b: Sneasler|Sneasler, L50, F|100/100
|switch|p2a: Excadrill|Excadrill, L50, F, shiny|100/100
|switch|p2b: Tyranitar|Tyranitar, L50, M|100/100
|-weather|Sandstorm|[from] ability: Sand Stream|[of] p2b: Tyranitar
|turn|1
|
|t:|1757717053
|-terastallize|p1a: Kingambit|Dark
|move|p2a: Excadrill|Protect|p2a: Excadrill
|-singleturn|p2a: Excadrill|Protect
|move|p2b: Tyranitar|Protect|p2b: Tyranitar
|-singleturn|p2b: Tyranitar|Protect
|move|p1a: Kingambit|Sucker Punch||[still]
|-fail|p1a: Kingambit
|move|p1b: Sneasler|Close Combat|p2a: Excadrill
|-activate|p2a: Excadrill|move: Protect
|
|-weather|Sandstorm|[upkeep]
|-damage|p1b: Sneasler|95/100|[from] Sandstorm
|-damage|p1a: Kingambit|95/100|[from] Sandstorm
|upkeep
|turn|2
|
|t:|1757717082
|switch|p1b: Rillaboom|Rillaboom, L50, M|100/100
|-fieldstart|move: Grassy Terrain|[from] ability: Grassy Surge|[of] p1b: Rillaboom
|-terastallize|p2b: Tyranitar|Flying
|move|p1a: Kingambit|Sucker Punch|p2a: Excadrill
|-damage|p2a: Excadrill|2/100
|move|p2a: Excadrill|Earthquake|p1a: Kingambit|[spread] p1a,p1b
|-immune|p2b: Tyranitar
|-resisted|p1b: Rillaboom
|-damage|p1a: Kingambit|80/100
|-damage|p1b: Rillaboom|91/100
|move|p2b: Tyranitar|Knock Off|p1b: Rillaboom
|-damage|p1b: Rillaboom|39/100
|-enditem|p1b: Rillaboom|Assault Vest|[from] move: Knock Off|[of] p2b: Tyranitar
|
|-weather|Sandstorm|[upkeep]
|-damage|p1b: Rillaboom|33/100|[from] Sandstorm
|-damage|p2b: Tyranitar|94/100|[from] Sandstorm
|-damage|p1a: Kingambit|74/100|[from] Sandstorm
|-heal|p2a: Excadrill|7/100|[from] Grassy Terrain
|-heal|p1b: Rillaboom|39/100|[from] Grassy Terrain
|-heal|p1a: Kingambit|80/100|[from] Grassy Terrain
|upkeep
|turn|3
|
|t:|1757717104
|switch|p2b: Indeedee|Indeedee-F, L50, F|100/100
|-fieldstart|move: Psychic Terrain|[from] ability: Psychic Surge|[of] p2b: Indeedee
|move|p1b: Rillaboom|Fake Out|p2b: Indeedee
|-activate|p2b: Indeedee|move: Psychic Terrain
|move|p2a: Excadrill|Iron Head|p1b: Rillaboom
|-damage|p1b: Rillaboom|1/100
|move|p1a: Kingambit|Kowtow Cleave|p2b: Indeedee
|-supereffective|p2b: Indeedee
|-damage|p2b: Indeedee|0 fnt
|faint|p2b: Indeedee
|
|-weather|Sandstorm|[upkeep]
|-damage|p1b: Rillaboom|0 fnt|[from] Sandstorm
|-damage|p1a: Kingambit|74/100|[from] Sandstorm
|faint|p1b: Rillaboom
|upkeep
|
|t:|1757717121
|switch|p1b: Volcarona|Volcarona, L50, F|100/100
|switch|p2b: Gardevoir|Gardevoir, L50, M, shiny|100/100
|turn|4
|
|t:|1757717153
|move|p2a: Excadrill|Earthquake|p1a: Kingambit|[spread] p1a,p1b
|-activate|p2b: Gardevoir|ability: Telepathy
|-damage|p1a: Kingambit|44/100
|-damage|p1b: Volcarona|43/100
|move|p2b: Gardevoir|Expanding Force|p1a: Kingambit|[spread] p1b
|-immune|p1a: Kingambit
|-damage|p1b: Volcarona|0 fnt
|faint|p1b: Volcarona
|move|p1a: Kingambit|Kowtow Cleave|p2a: Excadrill
|-damage|p2a: Excadrill|0 fnt
|faint|p2a: Excadrill
|
|-weather|Sandstorm|[upkeep]
|-damage|p2b: Gardevoir|95/100|[from] Sandstorm
|-damage|p1a: Kingambit|39/100|[from] Sandstorm
|upkeep
|
|t:|1757717166
|switch|p1b: Sneasler|Sneasler, L50, F|95/100
|switch|p2a: Tyranitar|Tyranitar, L50, M, tera:Flying|94/100
|turn|5
|
|t:|1757717186
|move|p1a: Kingambit|Protect|p1a: Kingambit
|-singleturn|p1a: Kingambit|Protect
|move|p2b: Gardevoir|Expanding Force|p1b: Sneasler|[spread] p1b
|-activate|p1a: Kingambit|move: Protect
|-supereffective|p1b: Sneasler
|-damage|p1b: Sneasler|0 fnt
|faint|p1b: Sneasler
|move|p2a: Tyranitar|Low Kick|p1a: Kingambit
|-activate|p1a: Kingambit|move: Protect
|
|-weather|none
|upkeep
|turn|6
|inactive|Battle timer is ON: inactive players will automatically lose when time's up. (requested by sbhaga34)
|
|t:|1757717200
|move|p2b: Gardevoir|Expanding Force|p1a: Kingambit
|-immune|p1a: Kingambit
|move|p2a: Tyranitar|Low Kick|p1a: Kingambit
|-supereffective|p1a: Kingambit
|-damage|p1a: Kingambit|0 fnt
|faint|p1a: Kingambit
|
|win|sbhaga34
|raw|marcosdeltasena31's rating: 1467 → 1443(-24 for losing)
|raw|sbhaga34's rating: 1394 → 1418(+24 for winning)
