|j|☆ToastedArt
|j|☆RaloTapia024
|html|ToastedArtRaloTapia024    
|uhtml|bestof|Game 2 of a best-of-3
|t:|1785360898
|gametype|doubles
|player|p1|ToastedArt|iris|1101
|player|p2|RaloTapia024|ghetsis-gen5bw|1078
|gen|9
|tier|[Gen 9 Champions] VGC 2026 Reg M-B (Bo3)
|rated|
|rule|Species Clause: Limit one of each Pokémon
|rule|Item Clause: Limit 1 of each item
|clearpoke
|poke|p1|Floette-Eternal, L50, F|
|poke|p1|Sneasler, L50, F|
|poke|p1|Incineroar, L50, M|
|poke|p1|Sinistcha, L50|
|poke|p1|Rotom-Wash, L50|
|poke|p1|Falinks, L50, shiny|
|poke|p2|Gardevoir, L50, F|
|poke|p2|Talonflame, L50, F|
|poke|p2|Basculegion, L50, M|
|poke|p2|Kommo-o, L50, M|
|poke|p2|Maushold, L50|
|poke|p2|Kingambit, L50, M|
|teampreview|4
|showteam|p1|Floette-Eternal||Floettite|FlowerVeil|Moonblast,CalmMind,DazzlingGleam,Protect|Modest||F|||50|]Sneasler||FocusSash|PoisonTouch|CloseCombat,DireClaw,FakeOut,Coaching|Jolly||F|||50|]Incineroar||SitrusBerry|Intimidate|PartingShot,ThroatChop,FakeOut,FlareBlitz|Careful||M|||50|]Sinistcha||OccaBerry|Hospitality|MatchaGotcha,TrickRoom,RagePowder,Protect|Relaxed|||||50|]Rotom-Wash||ChoiceScarf|Levitate|Electroweb,VoltSwitch,HydroPump,WillOWisp|Timid|||||50|]Falinks||Falinksite|Defiant|NoRetreat,CloseCombat,RockSlide,Protect|Adamant|||||50|
|showteam|p2|Gardevoir||Gardevoirite|Trace|HyperVoice,Psychic,Thunderbolt,Protect|Modest||F|||50|]Talonflame||SharpBeak|GaleWings|DualWingbeat,FlareBlitz,Tailwind,Protect|Jolly||F|||50|]Basculegion||ChoiceScarf|Adaptability|AquaJet,LastRespects,WaveCrash,FlipTurn|Jolly||M|||50|]Kommo-o||LifeOrb|Soundproof|ClangingScales,DracoMeteor,AuraSphere,Protect|Modest||M|||50|]Maushold||FocusSash|FriendGuard|FollowMe,Feint,SuperFang,Protect|Jolly|||||50|]Kingambit||ExpertBelt|Defiant|KowtowCleave,SuckerPunch,IronHead,LowKick|Jolly||M|||50|
|inactive|Battle timer is ON: inactive players will automatically lose when time's up. (requested by RaloTapia024)
|inactive|ToastedArt also wants the timer to be on.
|
|t:|1785360921
|teamsize|p1|4
|teamsize|p2|4
|start
|switch|p1a: Falinks|Falinks, L50, shiny|100/100
|switch|p1b: Sneasler|Sneasler, L50, F|100/100
|switch|p2a: Talonflame|Talonflame, L50, F|100/100
|switch|p2b: Gardevoir|Gardevoir, L50, F|100/100
|-ability|p2b: Gardevoir|Defiant|Trace|[from] ability: Trace|[of] p1a: Falinks
|turn|1
|
|t:|1785360939
|detailschange|p1a: Falinks|Falinks-Mega, L50, shiny
|-mega|p1a: Falinks|Falinks|Falinksite
|move|p2a: Talonflame|Protect|p2a: Talonflame
|-singleturn|p2a: Talonflame|Protect
|move|p2b: Gardevoir|Protect|p2b: Gardevoir
|-singleturn|p2b: Gardevoir|Protect
|move|p1b: Sneasler|Fake Out|p2b: Gardevoir
|-activate|p2b: Gardevoir|move: Protect
|move|p1a: Falinks|No Retreat|p1a: Falinks
|-boost|p1a: Falinks|atk|1
|-boost|p1a: Falinks|def|1
|-boost|p1a: Falinks|spa|1
|-boost|p1a: Falinks|spd|1
|-boost|p1a: Falinks|spe|1
|-start|p1a: Falinks|move: No Retreat
|
|upkeep
|turn|2
|
|t:|1785360963
|detailschange|p2b: Gardevoir|Gardevoir-Mega, L50, F
|-mega|p2b: Gardevoir|Gardevoir|Gardevoirite
|move|p1a: Falinks|Protect|p1a: Falinks
|-singleturn|p1a: Falinks|Protect
|move|p2a: Talonflame|Dual Wingbeat|p1b: Sneasler
|-supereffective|p1b: Sneasler|1
|-damage|p1b: Sneasler|37/100
|-supereffective|p1b: Sneasler|1
|-damage|p1b: Sneasler|0 fnt
|faint|p1b: Sneasler
|-hitcount|p1: Sneasler|2
|move|p2b: Gardevoir|Hyper Voice|p1a: Falinks
|-activate|p1a: Falinks|move: Protect
|
|upkeep
|
|t:|1785360970
|switch|p1b: Incineroar|Incineroar, L50, M|100/100
|-ability|p1b: Incineroar|Intimidate|boost
|-unboost|p2a: Talonflame|atk|1
|-unboost|p2b: Gardevoir|atk|1
|turn|3
|
|t:|1785360986
|switch|p2a: Basculegion|Basculegion, L50, M|100/100
|move|p2b: Gardevoir|Protect|p2b: Gardevoir
|-singleturn|p2b: Gardevoir|Protect
|move|p1b: Incineroar|Fake Out|p2a: Basculegion
|-immune|p2a: Basculegion
|move|p1a: Falinks|Rock Slide|p2b: Gardevoir|[spread] p2a
|-activate|p2b: Gardevoir|move: Protect
|-damage|p2a: Basculegion|59/100
|
|upkeep
|turn|4
|
|t:|1785361007
|switch|p1b: Sinistcha|Sinistcha, L50|100/100
|move|p2a: Basculegion|Last Respects|p1b: Sinistcha
|-supereffective|p1b: Sinistcha|1
|-damage|p1b: Sinistcha|48/100
|move|p1a: Falinks|Rock Slide|p2a: Basculegion|[spread] p2a,p2b
|-damage|p2a: Basculegion|19/100
|-damage|p2b: Gardevoir|44/100
|cant|p2b: Gardevoir|flinch
|
|upkeep
|turn|5
|
|t:|1785361021
|switch|p1b: Incineroar|Incineroar, L50, M|100/100
|-ability|p1b: Incineroar|Intimidate|boost
|-unboost|p2a: Basculegion|atk|1
|-unboost|p2b: Gardevoir|atk|1
|move|p2a: Basculegion|Last Respects|p1b: Incineroar
|-resisted|p1b: Incineroar|1
|-damage|p1b: Incineroar|90/100
|move|p1a: Falinks|Rock Slide|p2a: Basculegion|[spread] p2a
|-miss|p1a: Falinks|p2b: Gardevoir
|-damage|p2a: Basculegion|0 fnt
|faint|p2a: Basculegion
|move|p2b: Gardevoir|Hyper Voice|p1b: Incineroar|[spread] p1a,p1b
|-supereffective|p1a: Falinks|1
|-crit|p1a: Falinks
|-damage|p1a: Falinks|0 fnt
|-damage|p1b: Incineroar|48/100
|-enditem|p1b: Incineroar|Sitrus Berry|[eat]
|-heal|p1b: Incineroar|72/100|[from] item: Sitrus Berry
|faint|p1a: Falinks
|
|upkeep
|inactive|RaloTapia024 has 30 seconds left.
|inactive|RaloTapia024 has 20 seconds left.
|inactive|RaloTapia024 has 15 seconds left.
|inactive|RaloTapia024 has 10 seconds left.
|inactive|RaloTapia024 has 5 seconds left.
|
|t:|1785361076
|switch|p2a: Talonflame|Talonflame, L50, F|100/100
|switch|p1a: Sinistcha|Sinistcha, L50|48/100
|-heal|p1b: Incineroar|97/100|[from] ability: Hospitality|[of] p1a: Sinistcha
|turn|6
|inactive|RaloTapia024 has 30 seconds left.
|inactive|RaloTapia024 has 20 seconds left.
|inactive|RaloTapia024 has 15 seconds left.
|inactive|RaloTapia024 has 10 seconds left.
|inactive|RaloTapia024 has 5 seconds left.
|
|t:|1785361132
|move|p1a: Sinistcha|Protect|p1a: Sinistcha
|-singleturn|p1a: Sinistcha|Protect
|move|p2a: Talonflame|Dual Wingbeat|p1a: Sinistcha
|-activate|p1a: Sinistcha|move: Protect
|move|p2b: Gardevoir|Hyper Voice|p1a: Sinistcha|[spread] p1b
|-activate|p1a: Sinistcha|move: Protect
|-damage|p1b: Incineroar|49/100
|move|p1b: Incineroar|Throat Chop|p2b: Gardevoir
|-damage|p2b: Gardevoir|0 fnt
|faint|p2b: Gardevoir
|
|upkeep
|inactive|RaloTapia024 has 30 seconds left.
|l|☆RaloTapia024
|inactive|RaloTapia024 disconnected and has a minute to reconnect!
|player|p2|
|inactive|RaloTapia024 has 20 seconds left.
|inactive|RaloTapia024 has 15 seconds left.
|inactive|RaloTapia024 has 10 seconds left.
|inactive|RaloTapia024 has 5 seconds left.
|-message|RaloTapia024 lost due to inactivity.
|
|win|ToastedArt
|raw|ToastedArt's rating: 1101 → 1124(+23 for winning)
|raw|RaloTapia024's rating: 1078 → 1058(-20 for losing)
