|j|‽whiphtikoto
|j|☆slubkid
|html|whiphtikotoslubkid    
|uhtml|bestof|Game 1 of a best-of-3
|t:|1784128256
|gametype|doubles
|player|p1|whiphtikoto|miku-ground|1000
|player|p2|slubkid|camper|1104
|gen|9
|tier|[Gen 9 Champions] VGC 2026 Reg M-B (Bo3)
|rated|
|rule|Species Clause: Limit one of each Pokémon
|rule|Item Clause: Limit 1 of each item
|clearpoke
|poke|p1|Torkoal, L50, F|
|poke|p1|Grimmsnarl, L50, M|
|poke|p1|Farigiraf, L50, M|
|poke|p1|Garchomp, L50, M|
|poke|p1|Sneasler, L50, M|
|poke|p1|Tsareena, L50, F|
|poke|p2|Gholdengo, L50|
|poke|p2|Whimsicott, L50, M|
|poke|p2|Staraptor, L50, F|
|poke|p2|Charizard, L50, M|
|poke|p2|Sylveon, L50, F, shiny|
|poke|p2|Grimmsnarl, L50, M|
|teampreview|4
|showteam|p1|Torkoal||LifeOrb|Drought|Eruption,AncientPower,HeatWave,SludgeBomb|Quiet||F|||50|]Grimmsnarl||LightClay|Prankster|Reflect,LightScreen,PartingShot,SpiritBreak|Impish||M|||50|]Farigiraf||SitrusBerry|ArmorTail|TwinBeam,TrickRoom,HelpingHand,Thunderbolt|Relaxed||M|||50|]Garchomp||Garchompite|SandVeil|StompingTantrum,Earthquake,DragonClaw,RockSlide|Brave||M|||50|]Sneasler||FocusSash|PoisonTouch|CloseCombat,DireClaw,FakeOut,ThroatChop|Lonely||M|||50|]Tsareena||Leftovers|QueenlyMajesty|HelpingHand,Protect,TropKick,ZenHeadbutt|Brave||F|||50|
|showteam|p2|Gholdengo||ChoiceScarf|GoodasGold|ShadowBall,MakeItRain,Thunder,PowerGem|Timid|||||50|]Whimsicott||FocusSash|Prankster|Moonblast,Charm,Tailwind,Encore|Bold||M|||50|]Staraptor||Staraptite|Intimidate|BraveBird,CloseCombat,Roost,Protect|Jolly||F|||50|]Charizard||CharizarditeY|Blaze|WeatherBall,HeatWave,SolarBeam,Protect|Modest||M|||50|]Sylveon||FairyFeather|Pixilate|HyperVoice,HyperBeam,SunnyDay,Detect|Modest||F|||50|]Grimmsnarl||ExpertBelt|Prankster|FakeOut,SuckerPunch,SpiritBreak,PartingShot|Adamant||M|||50|
|inactive|Battle timer is ON: inactive players will automatically lose when time's up. (requested by whiphtikoto)
|
|t:|1784128322
|teamsize|p1|4
|teamsize|p2|4
|start
|switch|p1a: Grimmsnarl|Grimmsnarl, L50, M|100/100
|switch|p1b: Farigiraf|Farigiraf, L50, M|100/100
|switch|p2a: Whimsicott|Whimsicott, L50, M|100/100
|switch|p2b: Staraptor|Staraptor, L50, F|100/100
|-ability|p2b: Staraptor|Intimidate|boost
|-unboost|p1a: Grimmsnarl|atk|1
|-unboost|p1b: Farigiraf|atk|1
|turn|1
|
|t:|1784128343
|switch|p2b: Sylveon|Sylveon, L50, F, shiny|100/100
|move|p1a: Grimmsnarl|Reflect|p1a: Grimmsnarl
|-sidestart|p1: whiphtikoto|Reflect
|move|p2a: Whimsicott|Moonblast|p1a: Grimmsnarl
|-supereffective|p1a: Grimmsnarl|1
|-damage|p1a: Grimmsnarl|34/100
|move|p1b: Farigiraf|Trick Room|p1b: Farigiraf
|-fieldstart|move: Trick Room|[of] p1b: Farigiraf
|
|upkeep
|turn|2
|
|t:|1784128362
|move|p1a: Grimmsnarl|Light Screen|p1a: Grimmsnarl
|-sidestart|p1: whiphtikoto|move: Light Screen
|move|p1b: Farigiraf|Twin Beam|p2a: Whimsicott
|-damage|p2a: Whimsicott|78/100
|-crit|p2a: Whimsicott
|-damage|p2a: Whimsicott|45/100
|-hitcount|p2a: Whimsicott|2
|move|p2b: Sylveon|Hyper Voice|p1b: Farigiraf|[spread] p1a,p1b
|-supereffective|p1a: Grimmsnarl|1
|-crit|p1a: Grimmsnarl
|-damage|p1a: Grimmsnarl|0 fnt
|-damage|p1b: Farigiraf|66/100
|faint|p1a: Grimmsnarl
|move|p2a: Whimsicott|Moonblast|p1b: Farigiraf
|-damage|p1b: Farigiraf|47/100
|-unboost|p1b: Farigiraf|spa|1
|-enditem|p1b: Farigiraf|Sitrus Berry|[eat]
|-heal|p1b: Farigiraf|72/100|[from] item: Sitrus Berry
|
|upkeep
|
|t:|1784128367
|switch|p1a: Torkoal|Torkoal, L50, F|100/100
|-weather|SunnyDay|[from] ability: Drought|[of] p1a: Torkoal
|turn|3
|inactive|slubkid has 30 seconds left.
|
|t:|1784128395
|move|p1b: Farigiraf|Helping Hand|p1a: Torkoal
|-singleturn|p1a: Torkoal|Helping Hand|[of] p1b: Farigiraf
|move|p1a: Torkoal|Eruption|p2a: Whimsicott|[spread] p2a,p2b
|-supereffective|p2a: Whimsicott|1
|-damage|p2a: Whimsicott|0 fnt
|-damage|p2b: Sylveon|0 fnt
|faint|p2a: Whimsicott
|faint|p2b: Sylveon
|-damage|p1a: Torkoal|90/100|[from] item: Life Orb
|
|-weather|SunnyDay|[upkeep]
|upkeep
|
|t:|1784128401
|switch|p2b: Grimmsnarl|Grimmsnarl, L50, M|100/100
|switch|p2a: Staraptor|Staraptor, L50, F|100/100
|-ability|p2a: Staraptor|Intimidate|boost
|-unboost|p1a: Torkoal|atk|1
|-unboost|p1b: Farigiraf|atk|1
|turn|4
|inactive|slubkid has 30 seconds left.
|
|t:|1784128433
|move|p1b: Farigiraf|Helping Hand|p1a: Torkoal
|-singleturn|p1a: Torkoal|Helping Hand|[of] p1b: Farigiraf
|move|p2a: Staraptor|Protect|p2a: Staraptor
|-singleturn|p2a: Staraptor|Protect
|move|p1a: Torkoal|Eruption|p2b: Grimmsnarl|[spread] p2b
|-activate|p2a: Staraptor|move: Protect
|-damage|p2b: Grimmsnarl|0 fnt
|faint|p2b: Grimmsnarl
|-damage|p1a: Torkoal|80/100|[from] item: Life Orb
|
|-weather|SunnyDay|[upkeep]
|upkeep
|turn|5
|
|t:|1784128444
|detailschange|p2a: Staraptor|Staraptor-Mega, L50, F
|-mega|p2a: Staraptor|Staraptor|Staraptite
|move|p1b: Farigiraf|Helping Hand|p1a: Torkoal
|-singleturn|p1a: Torkoal|Helping Hand|[of] p1b: Farigiraf
|move|p1a: Torkoal|Eruption|p2a: Staraptor
|-damage|p2a: Staraptor|0 fnt
|faint|p2a: Staraptor
|-damage|p1a: Torkoal|71/100|[from] item: Life Orb
|
|win|whiphtikoto
||slubkid is ready for game 2.
|inactive|whiphtikoto has 30 seconds to confirm battle start!
||whiphtikoto is ready for game 2.
|uhtml|next|Next: Game 2 of 3
