|j|鈽哹aohong2505
|j|鈽哅arzipanTheFirst
|html|baohong2505MarzipanTheFirst    
|uhtml|bestof|Game 1 of a best-of-3
|t:|1782282273
|gametype|doubles
|player|p1|baohong2505|169|1040
|player|p2|MarzipanTheFirst|wallace|1091
|gen|9
|tier|[Gen 9 Champions] VGC 2026 Reg M-B (Bo3)
|rated|
|rule|Species Clause: Limit one of each Pok茅mon
|rule|Item Clause: Limit 1 of each item
|clearpoke
|poke|p1|Charizard, L50, M, shiny|
|poke|p1|Incineroar, L50, M, shiny|
|poke|p1|Toxapex, L50, F, shiny|
|poke|p1|Hydreigon, L50, M|
|poke|p1|Sneasler, L50, M, shiny|
|poke|p1|Mamoswine, L50, M, shiny|
|poke|p2|Clawitzer, L50, M|
|poke|p2|Raichu, L50, F|
|poke|p2|Dragapult, L50, F|
|poke|p2|Garchomp, L50, M|
|poke|p2|Staraptor, L50, F, shiny|
|poke|p2|Sinistcha, L50|
|teampreview|4
|showteam|p1|Charizard||CharizarditeY|Blaze|HeatWave,SolarBeam,Protect,WeatherBall|Modest||M|||50|]Incineroar||SitrusBerry|Blaze|FakeOut,FlareBlitz,PartingShot,ThroatChop|Careful||M|||50|]Toxapex||Leftovers|Merciless|BanefulBunker,Toxic,Infestation,WideGuard|Bold||F|||50|]Hydreigon||ChoiceScarf|Levitate|DarkPulse,DracoMeteor,EarthPower,Snarl|Timid||M|||50|]Sneasler||FocusSash|Pressure|CloseCombat,DireClaw,FakeOut,QuickGuard|Jolly||M|||50|]Mamoswine||LifeOrb|Oblivious|IceShard,IcicleCrash,HighHorsepower,Protect|Adamant||M|||50|
|showteam|p2|Clawitzer||SitrusBerry|MegaLauncher|WaterPulse,AuraSphere,HealPulse,DragonPulse|Timid||M|||50|]Raichu||RaichuniteY|LightningRod|ZapCannon,AlluringVoice,FakeOut,Protect|Timid||F|||50|]Dragapult||HabanBerry|ClearBody|WillOWisp,Disable,Flamethrower,ShadowBall|Timid||F|||50|]Garchomp||LifeOrb|RoughSkin|StompingTantrum,RockSlide,DragonClaw,Protect|Adamant||M|||50|]Staraptor||Staraptite|Intimidate|BlazeKick,DualWingbeat,CloseCombat,Protect|Adamant||F|||50|]Sinistcha||Leftovers|Hospitality|StrengthSap,MatchaGotcha,Protect,RagePowder|Bold|||||50|
|inactive|Battle timer is ON: inactive players will automatically lose when time's up. (requested by baohong2505)
|l|鈽哅arzipanTheFirst
|inactive|MarzipanTheFirst disconnected and has a minute to reconnect!
|player|p2|
|j|鈽哅arzipanTheFirst
|inactive|MarzipanTheFirst reconnected and has 80 seconds left.
|player|p2|MarzipanTheFirst|wallace|
|inactive|MarzipanTheFirst has 60 seconds left.
|c|鈽哹aohong2505|lol
|
|t:|1782282330
|teamsize|p1|4
|teamsize|p2|4
|start
|switch|p1a: Toxapex|Toxapex, L50, F, shiny|100/100
|switch|p1b: Incineroar|Incineroar, L50, M, shiny|100/100
|switch|p2a: Raichu|Raichu, L50, F|100/100
|switch|p2b: Dragapult|Dragapult, L50, F|100/100
|turn|1
|
|t:|1782282354
|move|p1a: Toxapex|Baneful Bunker|p1a: Toxapex
|-singleturn|p1a: Toxapex|move: Protect
|move|p2a: Raichu|Fake Out|p1b: Incineroar
|-damage|p1b: Incineroar|91/100
|cant|p1b: Incineroar|flinch
|move|p2b: Dragapult|Shadow Ball|p1a: Toxapex
|-activate|p1a: Toxapex|move: Protect
|
|upkeep
|turn|2
|
|t:|1782282371
|detailschange|p2a: Raichu|Raichu-Mega-Y, L50, F
|-mega|p2a: Raichu|Raichu|Raichunite Y
|move|p2b: Dragapult|Disable|p1a: Toxapex
|-start|p1a: Toxapex|Disable|Baneful Bunker
|move|p2a: Raichu|Zap Cannon|p1a: Toxapex
|-supereffective|p1a: Toxapex|1
|-damage|p1a: Toxapex|0 fnt
|faint|p1a: Toxapex
|move|p1b: Incineroar|Throat Chop|p2b: Dragapult
|-supereffective|p2b: Dragapult|1
|-damage|p2b: Dragapult|4/100
|-start|p2b: Dragapult|Throat Chop|[silent]
|
|upkeep
|
|t:|1782282386
|switch|p1a: Sneasler|Sneasler, L50, M, shiny|100/100
|-ability|p1a: Sneasler|Pressure
|turn|3
|
|t:|1782282403
|switch|p2a: Sinistcha|Sinistcha, L50|100/100
|-heal|p2b: Dragapult|28/100|[from] ability: Hospitality|[of] p2a: Sinistcha
|move|p1a: Sneasler|Fake Out|p2a: Sinistcha
|-immune|p2a: Sinistcha
|move|p2b: Dragapult|Will-O-Wisp|p1a: Sneasler
|-status|p1a: Sneasler|brn
|move|p1b: Incineroar|Throat Chop|p2b: Dragapult
|-supereffective|p2b: Dragapult|1
|-damage|p2b: Dragapult|0 fnt
|faint|p2b: Dragapult
|
|-damage|p1a: Sneasler|94/100 brn|[from] brn
|upkeep
|
|t:|1782282416
|switch|p2b: Clawitzer|Clawitzer, L50, M|100/100
|turn|4
|
|t:|1782282437
|move|p2a: Sinistcha|Rage Powder|p2a: Sinistcha
|-singleturn|p2a: Sinistcha|move: Rage Powder
|move|p1a: Sneasler|Dire Claw|p2a: Sinistcha
|-damage|p2a: Sinistcha|83/100
|move|p2b: Clawitzer|Water Pulse|p1a: Sneasler
|-damage|p1a: Sneasler|36/100 brn
|move|p1b: Incineroar|Flare Blitz|p2a: Sinistcha
|-supereffective|p2a: Sinistcha|1
|-damage|p2a: Sinistcha|0 fnt
|faint|p2a: Sinistcha
|-damage|p1b: Incineroar|65/100|[from] Recoil
|
|-damage|p1a: Sneasler|31/100 brn|[from] brn
|upkeep
|
|t:|1782282447
|switch|p2a: Raichu|Raichu-Mega-Y, L50, F|100/100
|turn|5
|
|t:|1782282464
|move|p2a: Raichu|Alluring Voice|p1a: Sneasler
|-damage|p1a: Sneasler|0 fnt
|faint|p1a: Sneasler
|move|p2b: Clawitzer|Water Pulse|p1b: Incineroar
|-supereffective|p1b: Incineroar|1
|-damage|p1b: Incineroar|0 fnt
|faint|p1b: Incineroar
|
|upkeep
|
|t:|1782282476
|switch|p1a: Charizard|Charizard, L50, M, shiny|100/100
|turn|6
|
|t:|1782282483
|detailschange|p1a: Charizard|Charizard-Mega-Y, L50, M, shiny
|-mega|p1a: Charizard|Charizard|Charizardite Y
|-weather|SunnyDay|[from] ability: Drought|[of] p1a: Charizard
|move|p2a: Raichu|Zap Cannon|p1a: Charizard
|-supereffective|p1a: Charizard|1
|-damage|p1a: Charizard|0 fnt
|faint|p1a: Charizard
|
|win|MarzipanTheFirst
||MarzipanTheFirst is ready for game 2.
