|j|☆Caporosso74
|j|☆NegaiFreak
|html|Caporosso74NegaiFreak    
|uhtml|bestof|Game 1 of a best-of-3
|t:|1756301243
|gametype|doubles
|player|p1|Caporosso74|1|1033
|player|p2|NegaiFreak|265|1132
|gen|9
|tier|[Gen 9] VGC 2025 Reg H (Bo3)
|rated|
|rule|Species Clause: Limit one of each Pokémon
|rule|Item Clause: Limit 1 of each item
|clearpoke
|poke|p1|Pelipper, L50, M|
|poke|p1|Basculegion, L50, M|
|poke|p1|Archaludon, L50, F|
|poke|p1|Rillaboom, L50, M|
|poke|p1|Dragonite, L50, M|
|poke|p1|Gholdengo, L50|
|poke|p2|Ceruledge, L50, F|
|poke|p2|Sneasler, L50, F|
|poke|p2|Rillaboom, L50, M|
|poke|p2|Salamence, L50, M|
|poke|p2|Milotic, L50, F|
|poke|p2|Ninetales-Alola, L50, F|
|teampreview|4
|showteam|p1|Pelipper||FocusSash|Drizzle|Hurricane,Protect,WeatherBall,Tailwind|||M|||50|,,,,,Ghost]Basculegion||LifeOrb|SwiftSwim|LastRespects,AquaJet,WaveCrash,PsychicFangs|||M|||50|,,,,,Water]Archaludon||SafetyGoggles|Stamina|DragonPulse,ElectroShot,FlashCannon,Thunder|||F|||50|,,,,,Dragon]Rillaboom||AssaultVest|GrassySurge|FakeOut,WoodHammer,GrassyGlide,Uturn|||M|||50|,,,,,Water]Dragonite||ChoiceScarf|Multiscale|IceSpinner,ExtremeSpeed,LowKick,StompingTantrum|||M|||50|,,,,,Normal]Gholdengo||WeaknessPolicy|GoodasGold|Protect,ShadowBall,MakeItRain,DazzlingGleam||||||50|,,,,,Steel
|showteam|p2|Ceruledge||ClearAmulet|FlashFire|BitterBlade,ShadowSneak,BulkUp,Protect|||F|||50|,,,,,Grass]Sneasler||GrassySeed|Unburden|DireClaw,CloseCombat,Coaching,Protect|||F|||50|,,,,,Stellar]Rillaboom||AssaultVest|GrassySurge|FakeOut,GrassyGlide,WoodHammer,HighHorsepower|||M|||50|,,,,,Fire]Salamence||LifeOrb|Intimidate|AirSlash,DracoMeteor,Tailwind,Protect|||M|||50|,,,,,Steel]Milotic||Leftovers|Competitive|Scald,IceBeam,Haze,Protect|||F|||50|,,,,,Dragon]Ninetales-Alola||FocusSash|SnowWarning|FreezeDry,Moonblast,AuroraVeil,Protect|||F|||50|,,,,,Ice
|c|☆NegaiFreak|GLHF
|
|t:|1756301301
|teamsize|p1|4
|teamsize|p2|4
|start
|switch|p1a: Rillaboom|Rillaboom, L50, M|100/100
|switch|p1b: Dragonite|Dragonite, L50, M|100/100
|switch|p2a: Milotic|Milotic, L50, F|100/100
|switch|p2b: Rillaboom|Rillaboom, L50, M|100/100
|-fieldstart|move: Grassy Terrain|[from] ability: Grassy Surge|[of] p1a: Rillaboom
|turn|1
|inactive|Battle timer is ON: inactive players will automatically lose when time's up. (requested by Caporosso74)
|inactive|Caporosso74 has 60 seconds left.
|inactive|NegaiFreak has 60 seconds left.
|
|t:|1756301335
|-terastallize|p1b: Dragonite|Normal
|move|p1a: Rillaboom|Fake Out|p2b: Rillaboom
|-damage|p2b: Rillaboom|87/100
|cant|p2b: Rillaboom|flinch
|move|p1b: Dragonite|Extreme Speed|p2a: Milotic
|-damage|p2a: Milotic|60/100
|move|p2a: Milotic|Scald|p1a: Rillaboom
|-resisted|p1a: Rillaboom
|-damage|p1a: Rillaboom|87/100
|
|-heal|p1a: Rillaboom|92/100|[from] Grassy Terrain
|-heal|p2b: Rillaboom|93/100|[from] Grassy Terrain
|-heal|p2a: Milotic|66/100|[from] Grassy Terrain
|-heal|p2a: Milotic|72/100|[from] item: Leftovers
|upkeep
|turn|2
|inactive|Caporosso74 has 30 seconds left.
|
|t:|1756301363
|move|p2a: Milotic|Protect|p2a: Milotic
|-singleturn|p2a: Milotic|Protect
|move|p1b: Dragonite|Extreme Speed|p2b: Rillaboom
|-damage|p2b: Rillaboom|52/100
|move|p2b: Rillaboom|Grassy Glide|p1b: Dragonite
|-damage|p1b: Dragonite|78/100
|move|p1a: Rillaboom|Wood Hammer|p2a: Milotic
|-activate|p2a: Milotic|move: Protect
|
|-heal|p1b: Dragonite|84/100|[from] Grassy Terrain
|-heal|p1a: Rillaboom|98/100|[from] Grassy Terrain
|-heal|p2b: Rillaboom|58/100|[from] Grassy Terrain
|-heal|p2a: Milotic|78/100|[from] Grassy Terrain
|-heal|p2a: Milotic|85/100|[from] item: Leftovers
|upkeep
|turn|3
|
|t:|1756301384
|-terastallize|p2a: Milotic|Dragon
|move|p1b: Dragonite|Extreme Speed|p2a: Milotic
|-damage|p2a: Milotic|43/100
|move|p1a: Rillaboom|Grassy Glide|p2a: Milotic
|-resisted|p2a: Milotic
|-damage|p2a: Milotic|26/100
|move|p2b: Rillaboom|Wood Hammer|p1b: Dragonite
|-crit|p1b: Dragonite
|-damage|p1b: Dragonite|0 fnt
|faint|p1b: Dragonite
|-damage|p2b: Rillaboom|32/100|[from] Recoil
|move|p2a: Milotic|Ice Beam|p1a: Rillaboom
|-supereffective|p1a: Rillaboom
|-damage|p1a: Rillaboom|50/100
|
|-heal|p1a: Rillaboom|56/100|[from] Grassy Terrain
|-heal|p2b: Rillaboom|38/100|[from] Grassy Terrain
|-heal|p2a: Milotic|32/100|[from] Grassy Terrain
|-heal|p2a: Milotic|39/100|[from] item: Leftovers
|upkeep
|
|t:|1756301406
|switch|p1b: Archaludon|Archaludon, L50, F|100/100
|turn|4
|
|t:|1756301422
|switch|p2b: Salamence|Salamence, L50, M|100/100
|-ability|p2b: Salamence|Intimidate|boost
|-unboost|p1a: Rillaboom|atk|1
|-unboost|p1b: Archaludon|atk|1
|move|p2a: Milotic|Protect|p2a: Milotic
|-singleturn|p2a: Milotic|Protect
|move|p1a: Rillaboom|U-turn|p2b: Salamence
|-resisted|p2b: Salamence
|-damage|p2b: Salamence|92/100
|
|t:|1756301431
|switch|p1a: Pelipper|Pelipper, L50, M|100/100|[from] U-turn
|-weather|RainDance|[from] ability: Drizzle|[of] p1a: Pelipper
|move|p1b: Archaludon|Dragon Pulse|p2a: Milotic
|-activate|p2a: Milotic|move: Protect
|
|-weather|RainDance|[upkeep]
|-heal|p2a: Milotic|45/100|[from] Grassy Terrain
|-heal|p2a: Milotic|51/100|[from] item: Leftovers
|upkeep
|turn|5
|
|t:|1756301448
|move|p2b: Salamence|Draco Meteor|p1b: Archaludon
|-crit|p1b: Archaludon
|-damage|p1b: Archaludon|0 fnt
|-unboost|p2b: Salamence|spa|2
|faint|p1b: Archaludon
|-damage|p2b: Salamence|82/100|[from] item: Life Orb
|move|p2a: Milotic|Ice Beam|p1a: Pelipper
|-damage|p1a: Pelipper|68/100
|move|p1a: Pelipper|Tailwind|p1a: Pelipper
|-sidestart|p1: Caporosso74|move: Tailwind
|
|-weather|RainDance|[upkeep]
|-heal|p2a: Milotic|57/100|[from] Grassy Terrain
|-heal|p2a: Milotic|64/100|[from] item: Leftovers
|-fieldend|move: Grassy Terrain
|upkeep
|
|t:|1756301456
|switch|p1b: Rillaboom|Rillaboom, L50, M|56/100
|-fieldstart|move: Grassy Terrain|[from] ability: Grassy Surge|[of] p1b: Rillaboom
|turn|6
|
|t:|1756301475
|switch|p2b: Rillaboom|Rillaboom, L50, M|38/100
|move|p2a: Milotic|Protect|p2a: Milotic
|-singleturn|p2a: Milotic|Protect
|move|p1b: Rillaboom|Fake Out|p2a: Milotic
|-activate|p2a: Milotic|move: Protect
|move|p1a: Pelipper|Hurricane|p2b: Rillaboom
|-supereffective|p2b: Rillaboom
|-damage|p2b: Rillaboom|0 fnt
|faint|p2b: Rillaboom
|
|-weather|RainDance|[upkeep]
|-heal|p1b: Rillaboom|62/100|[from] Grassy Terrain
|-heal|p2a: Milotic|70/100|[from] Grassy Terrain
|-heal|p2a: Milotic|76/100|[from] item: Leftovers
|upkeep
|
|t:|1756301492
|switch|p2b: Sneasler|Sneasler, L50, F|100/100
|-enditem|p2b: Sneasler|Grassy Seed
|-boost|p2b: Sneasler|def|1|[from] item: Grassy Seed
|turn|7
|
|t:|1756301500
|move|p1b: Rillaboom|Grassy Glide|p2b: Sneasler
|-resisted|p2b: Sneasler
|-damage|p2b: Sneasler|79/100
|move|p2b: Sneasler|Dire Claw|p1a: Pelipper
|-damage|p1a: Pelipper|17/100
|-status|p1a: Pelipper|par
|move|p2a: Milotic|Ice Beam|p1b: Rillaboom
|-supereffective|p1b: Rillaboom
|-damage|p1b: Rillaboom|17/100
|cant|p1a: Pelipper|par
|
|-weather|RainDance|[upkeep]
|-heal|p2b: Sneasler|85/100|[from] Grassy Terrain
|-heal|p1b: Rillaboom|23/100|[from] Grassy Terrain
|-heal|p2a: Milotic|82/100|[from] Grassy Terrain
|-heal|p2a: Milotic|89/100|[from] item: Leftovers
|upkeep
|turn|8
|
|t:|1756301519
|move|p1b: Rillaboom|Fake Out||[still]
|-hint|Fake Out only works on your first turn out.
|-fail|p1b: Rillaboom
|move|p2b: Sneasler|Dire Claw|p1b: Rillaboom
|-supereffective|p1b: Rillaboom
|-damage|p1b: Rillaboom|0 fnt
|faint|p1b: Rillaboom
|move|p2a: Milotic|Ice Beam|p1a: Pelipper
|-damage|p1a: Pelipper|0 fnt
|faint|p1a: Pelipper
|
|win|NegaiFreak
||Caporosso74 is ready for game 2.
|inactive|NegaiFreak has 30 seconds to confirm battle start!
