|j|☆smugplayspkmn
|j|☆KrsCrossAppleSauce
|html|smugplayspkmnKrsCrossAppleSauce    
|uhtml|bestof|Game 3 of a best-of-3
|t:|1756234903
|gametype|doubles
|player|p1|smugplayspkmn|shauntal|1000
|player|p2|KrsCrossAppleSauce|green|1102
|gen|9
|tier|[Gen 9] VGC 2025 Reg H (Bo3)
|rated|
|rule|Species Clause: Limit one of each Pokémon
|rule|Item Clause: Limit 1 of each item
|clearpoke
|poke|p1|Muk-Alola, L50, F|
|poke|p1|Smeargle, L50, F|
|poke|p1|Flamigo, L50, F|
|poke|p1|Sinistcha, L50|
|poke|p1|Alcremie-Mint-Cream, L50, F|
|poke|p1|Glalie, L50, F|
|poke|p2|Sneasler, L50, M|
|poke|p2|Gholdengo, L50|
|poke|p2|Dondozo, L50, F|
|poke|p2|Rillaboom, L50, F|
|poke|p2|Volcarona, L50, M|
|poke|p2|Electabuzz, L50, F|
|teampreview|4
|showteam|p1|Muk-Alola||Leftovers|PowerofAlchemy|Minimize,KnockOff,Protect,Toxic|||F|||50|,,,,,Water]Smeargle||FocusSash|Moody|FakeOut,FollowMe,Spore,Taunt|||F|||50|,,,,,Ghost]Flamigo||LifeOrb|Costar|CloseCombat,BraveBird,WideGuard,Protect|||F|||50|,,,,,Stellar]Sinistcha||RockyHelmet|Hospitality|Protect,RagePowder,MatchaGotcha,LifeDew||||||50|,,,,,Dark]Alcremie-Mint-Cream||SitrusBerry|SweetVeil|PsychUp,DrainingKiss,StoredPower,CalmMind|||F|||50|,,,,,Steel]Glalie||BrightPowder|Moody|Substitute,Protect,FrostBreath,DoubleTeam|||F|||50|,,,,,Fire
|showteam|p2|Sneasler||FocusSash|PoisonTouch|FakeOut,DireClaw,CloseCombat,Protect|||M|||50|,,,,,Dark]Gholdengo||LifeOrb|GoodasGold|MakeItRain,ShadowBall,NastyPlot,Protect||||||50|,,,,,Water]Dondozo||Leftovers|Unaware|WaveCrash,Yawn,Fissure,Protect|||F|||50|,,,,,Psychic]Rillaboom||AssaultVest|GrassySurge|FakeOut,WoodHammer,GrassyGlide,Uturn|||F|||50|,,,,,Fire]Volcarona||CovertCloak|FlameBody|HeatWave,QuiverDance,TeraBlast,Protect|||M|||50|,,,,,Fairy]Electabuzz||Eviolite|VitalSpirit|Thunderbolt,FollowMe,Taunt,Protect|||F|||50|,,,,,Ghost
|
|t:|1756234932
|teamsize|p1|4
|teamsize|p2|4
|start
|switch|p1a: Sack1|Smeargle, L50, F|100/100
|switch|p1b: OMA GOD|Muk-Alola, L50, F, shiny|100/100
|switch|p2a: Rillaboom|Rillaboom, L50, F|100/100
|switch|p2b: Electabuzz|Electabuzz, L50, F|100/100
|-fieldstart|move: Grassy Terrain|[from] ability: Grassy Surge|[of] p2a: Rillaboom
|turn|1
|
|t:|1756234945
|move|p1a: Sack1|Fake Out|p2b: Electabuzz
|-damage|p2b: Electabuzz|96/100
|move|p2a: Rillaboom|Fake Out|p1b: OMA GOD
|-damage|p1b: OMA GOD|91/100
|cant|p2b: Electabuzz|flinch
|cant|p1b: OMA GOD|flinch
|
|-heal|p2b: Electabuzz|100/100|[from] Grassy Terrain
|-heal|p1b: OMA GOD|97/100|[from] Grassy Terrain
|-heal|p1b: OMA GOD|100/100|[from] item: Leftovers
|-ability|p1a: Sack1|Moody|boost
|-boost|p1a: Sack1|spd|2
|-unboost|p1a: Sack1|spa|1
|upkeep
|turn|2
|
|t:|1756234969
|move|p1b: OMA GOD|Protect|p1b: OMA GOD
|-singleturn|p1b: OMA GOD|Protect
|move|p1a: Sack1|Taunt|p2b: Electabuzz
|-start|p2b: Electabuzz|move: Taunt
|move|p2a: Rillaboom|U-turn|p1a: Sack1
|-damage|p1a: Sack1|45/100
|
|t:|1756234974
|switch|p2a: Dondozo|Dondozo, L50, F|100/100|[from] U-turn
|cant|p2b: Electabuzz|move: Taunt|Taunt
|
|-heal|p1a: Sack1|51/100|[from] Grassy Terrain
|-ability|p1a: Sack1|Moody|boost
|-boost|p1a: Sack1|spe|2
|-unboost|p1a: Sack1|spa|1
|upkeep
|turn|3
|
|t:|1756234983
|switch|p2b: Rillaboom|Rillaboom, L50, F|100/100
|move|p1a: Sack1|Spore|p2a: Dondozo
|-status|p2a: Dondozo|slp|[from] move: Spore
|move|p1b: OMA GOD|Minimize|p1b: OMA GOD
|-boost|p1b: OMA GOD|evasion|2
|cant|p2a: Dondozo|slp
|
|-heal|p1a: Sack1|57/100|[from] Grassy Terrain
|-ability|p1a: Sack1|Moody|boost
|-boost|p1a: Sack1|def|2
|-unboost|p1a: Sack1|atk|1
|upkeep
|turn|4
|
|t:|1756234998
|move|p2b: Rillaboom|Fake Out|p1b: OMA GOD
|-damage|p1b: OMA GOD|90/100
|move|p1a: Sack1|Follow Me|p1a: Sack1
|-singleturn|p1a: Sack1|move: Follow Me
|cant|p1b: OMA GOD|flinch
|-curestatus|p2a: Dondozo|slp|[msg]
|move|p2a: Dondozo|Yawn|p1a: Sack1
|-start|p1a: Sack1|move: Yawn|[of] p2a: Dondozo
|
|-heal|p1a: Sack1|63/100|[from] Grassy Terrain
|-heal|p1b: OMA GOD|96/100|[from] Grassy Terrain
|-heal|p1b: OMA GOD|100/100|[from] item: Leftovers
|-ability|p1a: Sack1|Moody|boost
|-boost|p1a: Sack1|atk|2
|-unboost|p1a: Sack1|spd|1
|upkeep
|turn|5
|
|t:|1756235019
|move|p2a: Dondozo|Protect|p2a: Dondozo
|-singleturn|p2a: Dondozo|Protect
|move|p1a: Sack1|Follow Me|p1a: Sack1
|-singleturn|p1a: Sack1|move: Follow Me
|move|p2b: Rillaboom|U-turn|p1a: Sack1
|-damage|p1a: Sack1|35/100
|j| luixens
|c| luixens|damn
|
|t:|1756235031
|switch|p2b: Electabuzz|Electabuzz, L50, F|100/100|[from] U-turn
|move|p1b: OMA GOD|Minimize|p1b: OMA GOD
|-boost|p1b: OMA GOD|evasion|2
|
|-heal|p1a: Sack1|41/100|[from] Grassy Terrain
|-end|p1a: Sack1|move: Yawn|[silent]
|-status|p1a: Sack1|slp
|-fieldend|move: Grassy Terrain
|-ability|p1a: Sack1|Moody|boost
|-boost|p1a: Sack1|spd|2
|-unboost|p1a: Sack1|spe|1
|upkeep
|turn|6
|
|t:|1756235042
|move|p1b: OMA GOD|Protect|p1b: OMA GOD
|-singleturn|p1b: OMA GOD|Protect
|cant|p1a: Sack1|slp
|move|p2b: Electabuzz|Follow Me|p2b: Electabuzz
|-singleturn|p2b: Electabuzz|move: Follow Me
|move|p2a: Dondozo|Fissure|p1b: OMA GOD
|-activate|p1b: OMA GOD|move: Protect
|
|-ability|p1a: Sack1|Moody|boost
|-boost|p1a: Sack1|atk|2
|-unboost|p1a: Sack1|spd|1
|upkeep
|turn|7
|
|t:|1756235053
|cant|p1a: Sack1|slp
|move|p2b: Electabuzz|Follow Me|p2b: Electabuzz
|-singleturn|p2b: Electabuzz|move: Follow Me
|move|p1b: OMA GOD|Minimize|p1b: OMA GOD
|-boost|p1b: OMA GOD|evasion|2
|move|p2a: Dondozo|Fissure|p1b: OMA GOD|[miss]
|-miss|p2a: Dondozo|p1b: OMA GOD
|
|-ability|p1a: Sack1|Moody|boost
|-boost|p1a: Sack1|spe|2
|-unboost|p1a: Sack1|atk|1
|upkeep
|turn|8
|
|t:|1756235066
|cant|p1a: Sack1|slp
|move|p2b: Electabuzz|Follow Me|p2b: Electabuzz
|-singleturn|p2b: Electabuzz|move: Follow Me
|move|p1b: OMA GOD|Toxic|p2b: Electabuzz
|-status|p2b: Electabuzz|tox
|move|p2a: Dondozo|Fissure|p1b: OMA GOD|[miss]
|-miss|p2a: Dondozo|p1b: OMA GOD
|
|-damage|p2b: Electabuzz|95/100 tox|[from] psn
|-ability|p1a: Sack1|Moody|boost
|-boost|p1a: Sack1|spe|2
|-unboost|p1a: Sack1|spa|1
|upkeep
|turn|9
|
|t:|1756235083
|move|p1b: OMA GOD|Protect|p1b: OMA GOD
|-singleturn|p1b: OMA GOD|Protect
|move|p2a: Dondozo|Protect|p2a: Dondozo
|-singleturn|p2a: Dondozo|Protect
|-curestatus|p1a: Sack1|slp|[msg]
|move|p1a: Sack1|Spore|p2a: Dondozo
|-activate|p2a: Dondozo|move: Protect
|move|p2b: Electabuzz|Taunt|p1a: Sack1
|-start|p1a: Sack1|move: Taunt
|
|-damage|p2b: Electabuzz|83/100 tox|[from] psn
|-ability|p1a: Sack1|Moody|boost
|-boost|p1a: Sack1|atk|2
|-unboost|p1a: Sack1|def|1
|upkeep
|turn|10
|
|t:|1756235095
|move|p1a: Sack1|Fake Out||[still]
|-hint|Fake Out only works on your first turn out.
|-fail|p1a: Sack1
|move|p2b: Electabuzz|Follow Me|p2b: Electabuzz
|-singleturn|p2b: Electabuzz|move: Follow Me
|move|p1b: OMA GOD|Toxic|p2b: Electabuzz
|-fail|p2b: Electabuzz|tox
|move|p2a: Dondozo|Fissure|p1b: OMA GOD
|-damage|p1b: OMA GOD|0 fnt
|faint|p1b: OMA GOD
|-ohko
|
|-damage|p2b: Electabuzz|66/100 tox|[from] psn
|-ability|p1a: Sack1|Moody|boost
|-boost|p1a: Sack1|spe|1
|-unboost|p1a: Sack1|spd|1
|upkeep
|
|t:|1756235109
|switch|p1b: ?|Flamigo, L50, F|100/100
|-copyboost|p1b: ?|p1a: Sack1|[from] ability: Costar
|turn|11
|l| luixens
|
|t:|1756235122
|-terastallize|p1b: ?|Stellar
|move|p1a: Sack1|Fake Out||[still]
|-hint|Fake Out only works on your first turn out.
|-fail|p1a: Sack1
|move|p2b: Electabuzz|Follow Me|p2b: Electabuzz
|-singleturn|p2b: Electabuzz|move: Follow Me
|move|p1b: ?|Close Combat|p2b: Electabuzz
|-damage|p2b: Electabuzz|0 fnt
|-unboost|p1b: ?|def|1
|-unboost|p1b: ?|spd|1
|faint|p2b: Electabuzz
|-damage|p1b: ?|91/100|[from] item: Life Orb
|move|p2a: Dondozo|Yawn|p1b: ?
|-start|p1b: ?|move: Yawn|[of] p2a: Dondozo
|
|-ability|p1a: Sack1|Moody|boost
|-boost|p1a: Sack1|spd|2
|-unboost|p1a: Sack1|atk|1
|upkeep
|
|t:|1756235131
|switch|p2b: Gholdengo|Gholdengo, L50|100/100
|turn|12
|
|t:|1756235164
|move|p2b: Gholdengo|Protect|p2b: Gholdengo
|-singleturn|p2b: Gholdengo|Protect
|move|p1a: Sack1|Fake Out||[still]
|-hint|Fake Out only works on your first turn out.
|-fail|p1a: Sack1
|move|p1b: ?|Brave Bird|p2b: Gholdengo
|-activate|p2b: Gholdengo|move: Protect
|move|p2a: Dondozo|Wave Crash|p1a: Sack1
|-damage|p1a: Sack1|0 fnt
|faint|p1a: Sack1
|-damage|p2a: Dondozo|91/100|[from] Recoil
|
|-heal|p2a: Dondozo|98/100|[from] item: Leftovers
|-end|p1b: ?|move: Yawn|[silent]
|-status|p1b: ?|slp
|upkeep
|
|t:|1756235177
|switch|p1a: Sack2|Sinistcha, L50|100/100
|-heal|p1b: ?|100/100 slp|[from] ability: Hospitality|[of] p1a: Sack2
|turn|13
|
|t:|1756235185
|cant|p1b: ?|slp
|move|p1a: Sack2|Protect|p1a: Sack2
|-singleturn|p1a: Sack2|Protect
|move|p2b: Gholdengo|Shadow Ball|p1a: Sack2
|-activate|p1a: Sack2|move: Protect
|move|p2a: Dondozo|Wave Crash|p1b: ?
|-damage|p1b: ?|39/100 slp
|-damage|p2a: Dondozo|84/100|[from] Recoil
|
|-heal|p2a: Dondozo|91/100|[from] item: Leftovers
|upkeep
|turn|14
|
|t:|1756235201
|move|p1a: Sack2|Rage Powder|p1a: Sack2
|-singleturn|p1a: Sack2|move: Rage Powder
|cant|p1b: ?|slp
|move|p2b: Gholdengo|Shadow Ball|p1a: Sack2
|-supereffective|p1a: Sack2
|-crit|p1a: Sack2
|-damage|p1a: Sack2|0 fnt
|faint|p1a: Sack2
|-damage|p2b: Gholdengo|91/100|[from] item: Life Orb
|move|p2a: Dondozo|Wave Crash|p1b: ?
|-damage|p1b: ?|0 fnt
|faint|p1b: ?
|-damage|p2a: Dondozo|82/100|[from] Recoil
|
|win|KrsCrossAppleSauce
|raw|smugplayspkmn's rating: 1000 → 1000(+0 for losing)
|raw|KrsCrossAppleSauce's rating: 1102 → 1120(+18 for winning)
|l|☆smugplayspkmn
|player|p1|
