|j|☆naibot2814
|j|☆Centiskorch18
|html|naibot2814Centiskorch18    
|uhtml|bestof|Game 2 of a best-of-3
|t:|1782608485
|gametype|doubles
|player|p1|naibot2814|ghetsis|1346
|player|p2|Centiskorch18|caitlin|1335
|gen|9
|tier|[Gen 9 Champions] VGC 2026 Reg M-B (Bo3)
|rated|
|rule|Species Clause: Limit one of each Pokémon
|rule|Item Clause: Limit 1 of each item
|clearpoke
|poke|p1|Metagross, L50, shiny|
|poke|p1|Sneasler, L50, M|
|poke|p1|Hydreigon, L50, M|
|poke|p1|Incineroar, L50, M|
|poke|p1|Aerodactyl, L50, M|
|poke|p1|Floette-Eternal, L50, F|
|poke|p2|Mawile, L50, M|
|poke|p2|Delphox, L50, M|
|poke|p2|Incineroar, L50, M|
|poke|p2|Sneasler, L50, F|
|poke|p2|Sinistcha, L50|
|poke|p2|Garchomp, L50, F|
|teampreview|4
|showteam|p1|Metagross||Metagrossite|ClearBody|PsychicFangs,BodyPress,IronHead,Protect|Jolly|||||50|]Sneasler||WhiteHerb|Unburden|FakeOut,Coaching,CloseCombat,DireClaw|Jolly||M|||50|]Hydreigon||ChoiceScarf|Levitate|DracoMeteor,Snarl,DarkPulse,Flamethrower|Modest||M|||50|]Incineroar||PasshoBerry|Intimidate|FakeOut,DarkestLariat,FlareBlitz,PartingShot|Careful||M|||50|]Aerodactyl||FocusSash|Unnerve|DualWingbeat,RockSlide,WideGuard,Tailwind|Jolly||M|||50|]Floette-Eternal||Floettite|FlowerVeil|DrainingKiss,DazzlingGleam,CalmMind,Protect|Modest||F|||50|
|showteam|p2|Mawile||Mawilite|HyperCutter|PlayRough,SuckerPunch,SwordsDance,Protect|Brave||M|||50|]Delphox||Delphoxite|Blaze|HeatWave,Psyshock,NastyPlot,Protect|Timid||M|||50|]Incineroar||SitrusBerry|Intimidate|FlareBlitz,ThroatChop,FakeOut,PartingShot|Careful||M|||50|]Sneasler||FocusSash|PoisonTouch|CloseCombat,DireClaw,FakeOut,Coaching|Jolly||F|||50|]Sinistcha||CobaBerry|Hospitality|MatchaGotcha,RagePowder,TrickRoom,StrengthSap|Bold|||||50|]Garchomp||LifeOrb|RoughSkin|StompingTantrum,DragonClaw,RockSlide,Protect|Jolly||F|||50|
|inactive|Battle timer is ON: inactive players will automatically lose when time's up. (requested by Centiskorch18)
|c|☆Centiskorch18|glhf
|inactive|Centiskorch18 has 60 seconds left.
|
|t:|1782608525
|teamsize|p1|4
|teamsize|p2|4
|start
|switch|p1a: Madoka Kaname|Floette-Eternal, L50, F|100/100
|switch|p1b: Gumball|Incineroar, L50, M|100/100
|switch|p2a: Garchomp|Garchomp, L50, F|100/100
|switch|p2b: Mawile|Mawile, L50, M|100/100
|-ability|p1b: Gumball|Intimidate|boost
|-unboost|p2a: Garchomp|atk|1
|-fail|p2b: Mawile|unboost|Attack|[from] ability: Hyper Cutter|[of] p2b: Mawile
|turn|1
|
|t:|1782608549
|switch|p2a: Sinistcha|Sinistcha, L50|100/100
|detailschange|p1a: Madoka Kaname|Floette-Mega, L50, F
|-mega|p1a: Madoka Kaname|Floette|Floettite
|-ability|p1a: Madoka Kaname|Fairy Aura
|detailschange|p2b: Mawile|Mawile-Mega, L50, M
|-mega|p2b: Mawile|Mawile|Mawilite
|move|p1b: Gumball|Fake Out|p2b: Mawile
|-resisted|p2b: Mawile|1
|-damage|p2b: Mawile|95/100
|move|p1a: Madoka Kaname|Dazzling Gleam|p2a: Sinistcha|[spread] p2a,p2b
|-resisted|p2b: Mawile|1
|-damage|p2a: Sinistcha|56/100
|-damage|p2b: Mawile|70/100
|cant|p2b: Mawile|flinch
|
|upkeep
|turn|2
|
|t:|1782608570
|move|p1a: Madoka Kaname|Dazzling Gleam|p2a: Sinistcha|[spread] p2a,p2b
|-resisted|p2b: Mawile|1
|-damage|p2a: Sinistcha|10/100
|-damage|p2b: Mawile|45/100
|move|p2a: Sinistcha|Strength Sap|p1b: Gumball
|-unboost|p1b: Gumball|atk|1
|-heal|p2a: Sinistcha|85/100
|move|p1b: Gumball|Darkest Lariat|p2a: Sinistcha
|-supereffective|p2a: Sinistcha|1
|-damage|p2a: Sinistcha|47/100
|move|p2b: Mawile|Play Rough|p1b: Gumball
|-damage|p1b: Gumball|4/100
|
|upkeep
|turn|3
|inactive|Centiskorch18 has 30 seconds left.
|
|t:|1782608596
|move|p2b: Mawile|Sucker Punch|p1b: Gumball
|-resisted|p1b: Gumball|1
|-damage|p1b: Gumball|0 fnt
|faint|p1b: Gumball
|move|p1a: Madoka Kaname|Dazzling Gleam|p2a: Sinistcha|[spread] p2a,p2b
|-resisted|p2b: Mawile|1
|-damage|p2a: Sinistcha|5/100
|-damage|p2b: Mawile|22/100
|move|p2a: Sinistcha|Trick Room|p2a: Sinistcha
|-fieldstart|move: Trick Room|[of] p2a: Sinistcha
|
|upkeep
|
|t:|1782608603
|switch|p1b: Pedro Sánchez|Aerodactyl, L50, M|100/100
|-ability|p1b: Pedro Sánchez|Unnerve
|turn|4
|inactive|naibot2814 has 30 seconds left.
|
|t:|1782608632
|switch|p2a: Sneasler|Sneasler, L50, F|100/100
|move|p2b: Mawile|Protect|p2b: Mawile
|-singleturn|p2b: Mawile|Protect
|move|p1b: Pedro Sánchez|Wide Guard|p1b: Pedro Sánchez
|-singleturn|p1b: Pedro Sánchez|Wide Guard
|move|p1a: Madoka Kaname|Dazzling Gleam|p2a: Sneasler|[spread] p2a
|-activate|p2b: Mawile|move: Protect
|-damage|p2a: Sneasler|36/100
|
|upkeep
|turn|5
|
|t:|1782608657
|move|p2a: Sneasler|Fake Out|p1a: Madoka Kaname
|-damage|p1a: Madoka Kaname|84/100
|move|p2b: Mawile|Play Rough|p1a: Madoka Kaname
|-damage|p1a: Madoka Kaname|0 fnt
|faint|p1a: Madoka Kaname
|move|p1b: Pedro Sánchez|Rock Slide|p2a: Sneasler|[spread] p2a,p2b
|-resisted|p2a: Sneasler|1
|-resisted|p2b: Mawile|1
|-damage|p2a: Sneasler|14/100
|-damage|p2b: Mawile|12/100
|
|upkeep
|
|t:|1782608660
|switch|p1a: HAIL HYDRA|Hydreigon, L50, M|100/100
|turn|6
|-message|naibot2814 forfeited.
|
|win|Centiskorch18
|l|☆naibot2814
|player|p1|
||naibot2814 is ready for game 3.
||Centiskorch18 is ready for game 3.
|uhtml|next|Next: Game 3 of 3
|l|☆Centiskorch18
|player|p2|
|j|☆naibot2814
|player|p1|naibot2814|ghetsis|
