|j|☆homerj71
|j|☆Nezk025
|html|homerj71Nezk025    
|uhtml|bestof|Game 2 of a best-of-3
|t:|1785350500
|gametype|doubles
|player|p1|homerj71|101|
|player|p2|Nezk025|nate|
|gen|9
|tier|[Gen 9 Champions] VGC 2026 Reg M-B (Bo3)
|rule|Species Clause: Limit one of each Pokémon
|rule|Item Clause: Limit 1 of each item
|clearpoke
|poke|p1|Tyranitar, L50, M|
|poke|p1|Staraptor, L50, M|
|poke|p1|Gholdengo, L50|
|poke|p1|Excadrill, L50, F|
|poke|p1|Sinistcha, L50|
|poke|p1|Milotic, L50, F|
|poke|p2|Excadrill, L50, F|
|poke|p2|Tyranitar, L50, M|
|poke|p2|Corviknight, L50, M|
|poke|p2|Hydreigon, L50, F|
|poke|p2|Rotom-Wash, L50|
|poke|p2|Mimikyu, L50, F|
|teampreview|4
|showteam|p1|Tyranitar||Tyranitarite|SandStream|KnockOff,LowKick,RockSlide,Protect|Jolly||M|||50|]Staraptor||Staraptite|Intimidate|BraveBird,CloseCombat,Tailwind,Protect|Jolly||M|||50|]Gholdengo||LifeOrb|GoodasGold|MakeItRain,NastyPlot,ShadowBall,Protect|Modest|||||50|]Excadrill||FocusSash|SandRush|RockSlide,HighHorsepower,IronHead,Protect|Adamant||F|||50|]Sinistcha||SitrusBerry|Hospitality|MatchaGotcha,RagePowder,ShadowBall,Protect|Bold|||||50|]Milotic||Leftovers|Competitive|Scald,IcyWind,IceBeam,Protect|Calm||F|||50|
|showteam|p2|Excadrill||FocusSash|SandRush|Protect,Earthquake,IronHead,RockTomb|Adamant||F|||50|]Tyranitar||Tyranitarite|SandStream|Protect,RockSlide,KnockOff,LowKick|Adamant||M|||50|]Corviknight||Leftovers|MirrorArmor|Roost,BraveBird,Tailwind,BulkUp|Careful||M|||50|]Hydreigon||ChoiceScarf|Levitate|DragonPulse,DarkPulse,Snarl,EarthPower|Modest||F|||50|]Rotom-Wash||SitrusBerry|Levitate|Protect,Thunderbolt,HydroPump,Reflect|Modest|||||50|]Mimikyu||FairyFeather|Disguise|Taunt,PlayRough,ShadowClaw,Protect|Adamant||F|||50|
|inactive|Battle timer is ON: inactive players will automatically lose when time's up. (requested by homerj71)
|inactive|Nezk025 has 60 seconds left.
|
|t:|1785350539
|teamsize|p1|4
|teamsize|p2|4
|start
|switch|p1a: Tyranitar|Tyranitar, L50, M|100/100
|switch|p1b: Gholdengo|Gholdengo, L50|100/100
|switch|p2a: Rotom|Rotom-Wash, L50|100/100
|switch|p2b: Tyranitar|Tyranitar, L50, M|100/100
|-weather|Sandstorm|[from] ability: Sand Stream|[of] p1a: Tyranitar
|turn|1
|
|t:|1785350553
|switch|p2b: Excadrill|Excadrill, L50, F|100/100
|detailschange|p1a: Tyranitar|Tyranitar-Mega, L50, M
|-mega|p1a: Tyranitar|Tyranitar|Tyranitarite
|move|p1b: Gholdengo|Nasty Plot|p1b: Gholdengo
|-boost|p1b: Gholdengo|spa|2
|move|p1a: Tyranitar|Low Kick|p2b: Excadrill
|-supereffective|p2b: Excadrill|1
|-damage|p2b: Excadrill|27/100
|move|p2a: Rotom|Reflect|p2a: Rotom
|-sidestart|p2: Nezk025|Reflect
|
|-weather|Sandstorm|[upkeep]
|-damage|p2a: Rotom|94/100|[from] Sandstorm
|upkeep
|turn|2
|
|t:|1785350573
|move|p1b: Gholdengo|Protect|p1b: Gholdengo
|-singleturn|p1b: Gholdengo|Protect
|move|p2b: Excadrill|Earthquake|p1a: Tyranitar|[spread] p1a
|-activate|p1b: Gholdengo|move: Protect
|-immune|p2a: Rotom|[from] ability: Levitate
|-supereffective|p1a: Tyranitar|1
|-damage|p1a: Tyranitar|43/100
|move|p1a: Tyranitar|Knock Off|p2b: Excadrill
|-damage|p2b: Excadrill|0 fnt
|-enditem|p2b: Excadrill|Focus Sash|[from] move: Knock Off|[of] p1a: Tyranitar
|faint|p2b: Excadrill
|move|p2a: Rotom|Hydro Pump|p1a: Tyranitar
|-supereffective|p1a: Tyranitar|1
|-damage|p1a: Tyranitar|0 fnt
|faint|p1a: Tyranitar
|
|-weather|Sandstorm|[upkeep]
|-damage|p2a: Rotom|88/100|[from] Sandstorm
|upkeep
|
|t:|1785350589
|switch|p2b: Corviknight|Corviknight, L50, M|100/100
|switch|p1a: Staraptor|Staraptor, L50, M|100/100
|-ability|p1a: Staraptor|Intimidate|boost
|-unboost|p2a: Rotom|atk|1
|-ability|p2b: Corviknight|Mirror Armor
|-unboost|p1a: Staraptor|atk|1
|turn|3
|
|t:|1785350601
|move|p2a: Rotom|Protect|p2a: Rotom
|-singleturn|p2a: Rotom|Protect
|move|p1a: Staraptor|Tailwind|p1a: Staraptor
|-sidestart|p1: homerj71|move: Tailwind
|move|p1b: Gholdengo|Shadow Ball|p2a: Rotom
|-activate|p2a: Rotom|move: Protect
|move|p2b: Corviknight|Tailwind|p2b: Corviknight
|-sidestart|p2: Nezk025|move: Tailwind
|
|-weather|Sandstorm|[upkeep]
|-damage|p1a: Staraptor|94/100|[from] Sandstorm
|-damage|p2a: Rotom|82/100|[from] Sandstorm
|upkeep
|turn|4
|
|t:|1785350616
|move|p1a: Staraptor|Close Combat|p2b: Corviknight
|-damage|p2b: Corviknight|88/100
|-unboost|p1a: Staraptor|def|1
|-unboost|p1a: Staraptor|spd|1
|move|p1b: Gholdengo|Shadow Ball|p2a: Rotom
|-damage|p2a: Rotom|0 fnt
|faint|p2a: Rotom
|-damage|p1b: Gholdengo|90/100|[from] item: Life Orb
|move|p2b: Corviknight|Bulk Up|p2b: Corviknight
|-boost|p2b: Corviknight|atk|1
|-boost|p2b: Corviknight|def|1
|
|-weather|Sandstorm|[upkeep]
|-damage|p1a: Staraptor|88/100|[from] Sandstorm
|-heal|p2b: Corviknight|94/100|[from] item: Leftovers
|upkeep
|
|t:|1785350619
|switch|p2a: Tyranitar|Tyranitar, L50, M|100/100
|turn|5
|
|t:|1785350627
|move|p2a: Tyranitar|Protect|p2a: Tyranitar
|-singleturn|p2a: Tyranitar|Protect
|move|p1a: Staraptor|Close Combat|p2a: Tyranitar
|-activate|p2a: Tyranitar|move: Protect
|move|p1b: Gholdengo|Shadow Ball|p2b: Corviknight
|-damage|p2b: Corviknight|0 fnt
|faint|p2b: Corviknight
|-damage|p1b: Gholdengo|81/100|[from] item: Life Orb
|
|-weather|none
|-sideend|p2: Nezk025|Reflect
|upkeep
|turn|6
|
|t:|1785350637
|detailschange|p2a: Tyranitar|Tyranitar-Mega, L50, M
|-mega|p2a: Tyranitar|Tyranitar|Tyranitarite
|-weather|Sandstorm|[from] ability: Sand Stream|[of] p2a: Tyranitar
|move|p1a: Staraptor|Close Combat|p2a: Tyranitar
|-supereffective|p2a: Tyranitar|2
|-damage|p2a: Tyranitar|41/100
|-unboost|p1a: Staraptor|def|1
|-unboost|p1a: Staraptor|spd|1
|move|p1b: Gholdengo|Make It Rain|p2a: Tyranitar
|-supereffective|p2a: Tyranitar|1
|-damage|p2a: Tyranitar|0 fnt
|-unboost|p1b: Gholdengo|spa|2
|faint|p2a: Tyranitar
|-damage|p1b: Gholdengo|71/100|[from] item: Life Orb
|
|win|homerj71
