|j|☆poukayak
|j|☆Tyler478
|html|poukayakTyler478    
|uhtml|bestof|Game 1 of a best-of-3
|t:|1785005668
|gametype|doubles
|player|p1|poukayak|266|
|player|p2|Tyler478|cynthia|
|gen|9
|tier|[Gen 9 Champions] VGC 2026 Reg M-B (Bo3)
|rule|Species Clause: Limit one of each Pokémon
|rule|Item Clause: Limit 1 of each item
|clearpoke
|poke|p1|Raichu, L50, M|
|poke|p1|Gholdengo, L50|
|poke|p1|Incineroar, L50, F|
|poke|p1|Aggron, L50, M|
|poke|p1|Whimsicott, L50, F|
|poke|p1|Primarina, L50, F|
|poke|p2|Golurk, L50|
|poke|p2|Mawile, L50, M|
|poke|p2|Farigiraf, L50, M|
|poke|p2|Sinistcha, L50|
|poke|p2|Araquanid, L50, F, shiny|
|poke|p2|Gallade, L50, M|
|teampreview|4
|showteam|p1|Raichu||RaichuniteY|LightningRod|FakeOut,ZapCannon,FocusBlast,Protect|Hasty||M|||50|]Gholdengo||WhiteHerb|GoodasGold|MakeItRain,NastyPlot,Protect,ShadowBall|Modest|||||50|]Incineroar||SitrusBerry|Intimidate|FakeOut,FlareBlitz,PartingShot,DarkestLariat|Adamant||F|||50|]Aggron||Aggronite|Sturdy|BodyPress,IronDefense,HeavySlam,Protect|Careful||M|||50|]Whimsicott||FocusSash|Prankster|Encore,TrickRoom,Tailwind,Moonblast|Timid||F|||50|]Primarina||LifeOrb|LiquidVoice|HyperVoice,Moonblast,Protect,EnergyBall|Modest||F|||50|
|showteam|p2|Golurk||Golurkite|IronFist|HeadlongRush,Poltergeist,IcePunch,Protect|Brave|||||50|]Mawile||Mawilite|Intimidate|PlayRough,RockSlide,SuckerPunch,Protect|Brave||M|||50|]Farigiraf||SitrusBerry|ArmorTail|Psychic,Thunder,Roar,TrickRoom|Bold||M|||50|]Sinistcha||CobaBerry|Hospitality|RagePowder,MatchaGotcha,Protect,TrickRoom|Bold|||||50|]Araquanid||MysticWater|WaterBubble|Liquidation,Protect,WideGuard,MirrorCoat|Careful||F|||50|]Gallade||FocusSash|Sharpness|SacredSword,TrickRoom,LeafBlade,Protect|Adamant||M|||50|
|c|☆poukayak|Uy puse la team sheet creo
|j| loxyss23
|j| andrukarman
|c| andrukarman|gl hf
|c|☆Tyler478|glhf
|c|☆poukayak|Se puede ver el equipo o troleé?
|j| nowerd
|j| santiastidias27
|c| andrukarman|no c
|c| andrukarman|@santi
|c| andrukarman|se puede ver el equipo o no?
|c| santiastidias27|Empiecen
|c| nowerd|TR
|c| santiastidias27|Si quieren los 2 si
|c| andrukarman|oks
|c| santiastidias27|Pero prohibido filtrar
|
|t:|1785005783
|teamsize|p1|4
|teamsize|p2|4
|start
|switch|p1a: Incineroar|Incineroar, L50, F|100/100
|switch|p1b: Primarina|Primarina, L50, F|100/100
|switch|p2a: Muffet|Araquanid, L50, F, shiny|100/100
|switch|p2b: Gallade|Gallade, L50, M|100/100
|-ability|p1a: Incineroar|Intimidate|boost
|-unboost|p2a: Muffet|atk|1
|-unboost|p2b: Gallade|atk|1
|turn|1
|c| andrukarman|good
|
|t:|1785005804
|move|p2b: Gallade|Protect|p2b: Gallade
|-singleturn|p2b: Gallade|Protect
|move|p1a: Incineroar|Fake Out|p2a: Muffet
|-damage|p2a: Muffet|89/100
|move|p1b: Primarina|Moonblast|p2b: Gallade
|-activate|p2b: Gallade|move: Protect
|cant|p2a: Muffet|flinch
|
|upkeep
|turn|2
|c| andrukarman|muchos pokes con intimidate
|
|t:|1785005824
|switch|p1a: Gholdengo|Gholdengo, L50|100/100
|move|p2b: Gallade|Sacred Sword|p1a: Gholdengo
|-immune|p1a: Gholdengo
|move|p1b: Primarina|Moonblast|p2b: Gallade
|-supereffective|p2b: Gallade|1
|-enditem|p2b: Gallade|Focus Sash
|-damage|p2b: Gallade|1/100
|-damage|p1b: Primarina|90/100|[from] item: Life Orb
|move|p2a: Muffet|Liquidation|p1a: Gholdengo
|-damage|p1a: Gholdengo|67/100
|
|upkeep
|turn|3
|
|t:|1785005849
|switch|p1b: Incineroar|Incineroar, L50, F|100/100
|-ability|p1b: Incineroar|Intimidate|boost
|-unboost|p2a: Muffet|atk|1
|-unboost|p2b: Gallade|atk|1
|move|p2b: Gallade|Leaf Blade|p1b: Incineroar
|-resisted|p1b: Incineroar|1
|-damage|p1b: Incineroar|89/100
|move|p1a: Gholdengo|Nasty Plot|p1a: Gholdengo
|-boost|p1a: Gholdengo|spa|2
|move|p2a: Muffet|Mirror Coat||[still]
|-fail|p2a: Muffet
|
|upkeep
|turn|4
|c| andrukarman|lo q lee marcos
|
|t:|1785005869
|move|p1b: Incineroar|Fake Out|p2b: Gallade
|-damage|p2b: Gallade|0 fnt
|faint|p2b: Gallade
|move|p2a: Muffet|Wide Guard|p2a: Muffet
|-singleturn|p2a: Muffet|Wide Guard
|move|p1a: Gholdengo|Shadow Ball|p2a: Muffet
|-damage|p2a: Muffet|29/100
|
|upkeep
|
|t:|1785005878
|switch|p2b: Sinistcha|Sinistcha, L50|100/100
|-heal|p2a: Muffet|53/100|[from] ability: Hospitality|[of] p2b: Sinistcha
|turn|5
|
|t:|1785005896
|switch|p2a: Kamogawa|Golurk, L50|100/100
|move|p2b: Sinistcha|Protect|p2b: Sinistcha
|-singleturn|p2b: Sinistcha|Protect
|move|p1a: Gholdengo|Shadow Ball|p2b: Sinistcha
|-activate|p2b: Sinistcha|move: Protect
|move|p1b: Incineroar|Darkest Lariat|p2a: Kamogawa
|-supereffective|p2a: Kamogawa|1
|-damage|p2a: Kamogawa|17/100
|
|upkeep
|turn|6
|
|t:|1785005925
|detailschange|p2a: Kamogawa|Golurk-Mega, L50
|-mega|p2a: Kamogawa|Golurk|Golurkite
|move|p2a: Kamogawa|Protect|p2a: Kamogawa
|-singleturn|p2a: Kamogawa|Protect
|move|p1a: Gholdengo|Make It Rain|p2b: Sinistcha|[spread] p2b
|-activate|p2a: Kamogawa|move: Protect
|-damage|p2b: Sinistcha|0 fnt
|-unboost|p1a: Gholdengo|spa|2
|faint|p2b: Sinistcha
|move|p1b: Incineroar|Parting Shot|p2a: Kamogawa
|-activate|p2a: Kamogawa|move: Protect
|
|upkeep
|
|t:|1785005937
|switch|p2b: Muffet|Araquanid, L50, F, shiny|53/100
|turn|7
|c| loxyss23|Abre grande la boquita tyler
|c| nowerd|Por esto el bo3
|c| andrukarman|ps go game 2
|
|t:|1785005959
|move|p2b: Muffet|Wide Guard|p2b: Muffet
|-singleturn|p2b: Muffet|Wide Guard
|move|p1a: Gholdengo|Make It Rain|p2a: Kamogawa|[spread] 
|-activate|p2a: Kamogawa|move: Wide Guard
|-activate|p2b: Muffet|move: Wide Guard
|move|p1b: Incineroar|Darkest Lariat|p2b: Muffet
|-damage|p2b: Muffet|19/100
|move|p2a: Kamogawa|Headlong Rush|p1b: Incineroar
|-supereffective|p1b: Incineroar|1
|-damage|p1b: Incineroar|0 fnt
|-unboost|p2a: Kamogawa|def|1
|-unboost|p2a: Kamogawa|spd|1
|faint|p1b: Incineroar
|
|upkeep
|
|t:|1785005972
|switch|p1b: Primarina|Primarina, L50, F|90/100
|turn|8
|
|t:|1785005979
|move|p2a: Kamogawa|Protect|p2a: Kamogawa
|-singleturn|p2a: Kamogawa|Protect
|move|p1a: Gholdengo|Shadow Ball|p2b: Muffet
|-damage|p2b: Muffet|0 fnt
|faint|p2b: Muffet
|move|p1b: Primarina|Moonblast|p2a: Kamogawa
|-activate|p2a: Kamogawa|move: Protect
|
|upkeep
|turn|9
|
|t:|1785005993
|move|p1a: Gholdengo|Make It Rain|p2a: Kamogawa
|-damage|p2a: Kamogawa|0 fnt
|-unboost|p1a: Gholdengo|spa|2
|faint|p2a: Kamogawa
|
|win|poukayak
||Tyler478 is ready for game 2.
||poukayak is ready for game 2.
|uhtml|next|Next: Game 2 of 3
|c| andrukarman|ps go g2
|l| nowerd
