|j|☆llufamistica
|j|☆baichede
|html|llufamisticabaichede    
|uhtml|bestof|Game 2 of a best-of-3
|t:|1757182551
|gametype|doubles
|player|p1|llufamistica|169|1054
|player|p2|baichede|cyclistf|1036
|gen|9
|tier|[Gen 9] VGC 2025 Reg H (Bo3)
|rated|
|rule|Species Clause: Limit one of each Pokémon
|rule|Item Clause: Limit 1 of each item
|clearpoke
|poke|p1|Murkrow, L50, F|
|poke|p1|Garchomp, L50, M|
|poke|p1|Toxtricity, L50, M|
|poke|p1|Zoroark-Hisui, L50, M|
|poke|p1|Indeedee-F, L50, F|
|poke|p1|Annihilape, L50, F|
|poke|p2|Whimsicott, L50, M|
|poke|p2|Pelipper, L50, M|
|poke|p2|Archaludon, L50, F|
|poke|p2|Incineroar, L50, F|
|poke|p2|Rillaboom, L50, M|
|poke|p2|Ursaluna-Bloodmoon, L50, M|
|teampreview|4
|showteam|p1|Murkrow||Eviolite|Prankster|BraveBird,Tailwind,Quash,Haze|||F|||50|,,,,,Ghost]Garchomp||LifeOrb|RoughSkin|Earthquake,IronHead,RockSlide,Protect|||M|||50|,,,,,Steel]Toxtricity||ChoiceSpecs|PunkRock|Boomburst,Overdrive,VoltSwitch,SludgeBomb|||M|||50|,,,,,Normal]Zoroark-Hisui||FocusSash|Illusion|ShadowBall,Protect,HyperVoice,NastyPlot|||M|||50|,,,,,Stellar]Indeedee-F||SafetyGoggles|Synchronize|FollowMe,HelpingHand,FakeOut,DazzlingGleam|||F|||50|,,,,,Fairy]Annihilape||ChoiceScarf|Defiant|FinalGambit,HelpingHand,ShadowClaw,CloseCombat|||F|||50|,,,,,Grass
|showteam|p2|Whimsicott||CovertCloak|Prankster|BeatUp,Tailwind,Taunt,Encore|||M|||50|,,,,,Dark]Pelipper||FocusSash|Drizzle|Tailwind,Protect,Hurricane,WeatherBall|||M|||50|,,,,,Ground]Archaludon||AssaultVest|Stamina|ElectroShot,FlashCannon,BodyPress,DracoMeteor|||F|||50|,,,,,Grass]Incineroar||SafetyGoggles|Intimidate|WillOWisp,PartingShot,FakeOut,KnockOff|||F|||50|,,,,,Bug]Rillaboom||ChoiceBand|GrassySurge|GrassyGlide,Uturn,HighHorsepower,WoodHammer|||M|||50|,,,,,Grass]Ursaluna-Bloodmoon||ThroatSpray|MindsEye|EarthPower,BloodMoon,HyperVoice,Protect|||M|||50|,,,,,Normal
|inactive|Battle timer is ON: inactive players will automatically lose when time's up. (requested by baichede)
|
|t:|1757182568
|teamsize|p1|4
|teamsize|p2|4
|start
|switch|p1a: Murkrow|Murkrow, L50, F, shiny|100/100
|switch|p1b: Annihilape|Annihilape, L50, F, shiny|100/100
|switch|p2a: Whimsicott|Whimsicott, L50, M|100/100
|switch|p2b: Ursaluna|Ursaluna-Bloodmoon, L50, M|100/100
|turn|1
|
|t:|1757182589
|move|p2a: Whimsicott|Tailwind|p2a: Whimsicott
|-sidestart|p2: baichede|move: Tailwind
|move|p1b: Annihilape|Close Combat|p2b: Ursaluna
|-supereffective|p2b: Ursaluna
|-damage|p2b: Ursaluna|30/100
|-unboost|p1b: Annihilape|def|1
|-unboost|p1b: Annihilape|spd|1
|move|p2b: Ursaluna|Hyper Voice|p1a: Murkrow|[spread] p1a,p1b
|-damage|p1a: Murkrow|43/100
|-damage|p1b: Annihilape|50/100
|-enditem|p2b: Ursaluna|Throat Spray
|-boost|p2b: Ursaluna|spa|1|[from] item: Throat Spray
|move|p1a: Murkrow|Brave Bird|p2a: Whimsicott
|-supereffective|p2a: Whimsicott
|-damage|p2a: Whimsicott|9/100
|-damage|p1a: Murkrow|13/100|[from] Recoil
|
|upkeep
|turn|2
|inactive|baichede has 30 seconds left.
|inactive|llufamistica has 30 seconds left.
|inactive|llufamistica has 20 seconds left.
|inactive|llufamistica has 15 seconds left.
|inactive|llufamistica has 10 seconds left.
|inactive|llufamistica has 5 seconds left.
|inactive|baichede has 20 seconds left.
|inactive|baichede has 15 seconds left.
|
|t:|1757182650
|switch|p2a: Archaludon|Archaludon, L50, F|100/100
|move|p1a: Murkrow|Tailwind|p1a: Murkrow
|-sidestart|p1: llufamistica|move: Tailwind
|move|p1b: Annihilape|Close Combat|p2b: Ursaluna
|-supereffective|p2b: Ursaluna
|-crit|p2b: Ursaluna
|-damage|p2b: Ursaluna|0 fnt
|-unboost|p1b: Annihilape|def|1
|-unboost|p1b: Annihilape|spd|1
|faint|p2b: Ursaluna
|
|upkeep
|
|t:|1757182663
|switch|p2b: Pelipper|Pelipper, L50, M|100/100
|-weather|RainDance|[from] ability: Drizzle|[of] p2b: Pelipper
|turn|3
|inactive|llufamistica has 30 seconds left.
|inactive|llufamistica has 20 seconds left.
|inactive|llufamistica has 15 seconds left.
|
|t:|1757182706
|switch|p1a: Garchomp|Garchomp, L50, M, shiny|100/100
|-terastallize|p2a: Archaludon|Grass
|move|p1b: Annihilape|Close Combat|p2a: Archaludon
|-damage|p2a: Archaludon|66/100
|-unboost|p1b: Annihilape|def|1
|-unboost|p1b: Annihilape|spd|1
|-ability|p2a: Archaludon|Stamina|boost
|-boost|p2a: Archaludon|def|1
|move|p2b: Pelipper|Hurricane|p1b: Annihilape
|-supereffective|p1b: Annihilape
|-damage|p1b: Annihilape|0 fnt
|faint|p1b: Annihilape
|move|p2a: Archaludon|Electro Shot||[still]
|-prepare|p2a: Archaludon|Electro Shot
|-boost|p2a: Archaludon|spa|1
|-anim|p2a: Archaludon|Electro Shot|p1a: Garchomp
|-immune|p1a: Garchomp
|
|-weather|RainDance|[upkeep]
|upkeep
|
|t:|1757182728
|switch|p1b: Toxtricity|Toxtricity, L50, M, shiny|100/100
|turn|4
|
|t:|1757182748
|move|p1a: Garchomp|Rock Slide|p2a: Archaludon|[spread] p2a
|-miss|p1a: Garchomp|p2b: Pelipper
|-damage|p2a: Archaludon|52/100
|-ability|p2a: Archaludon|Stamina|boost
|-boost|p2a: Archaludon|def|1
|-damage|p1a: Garchomp|91/100|[from] item: Life Orb
|move|p1b: Toxtricity|Sludge Bomb|p2a: Archaludon
|-supereffective|p2a: Archaludon
|-damage|p2a: Archaludon|0 fnt
|faint|p2a: Archaludon
|move|p2b: Pelipper|Weather Ball|p1b: Toxtricity
|-damage|p1b: Toxtricity|3/100
|
|-weather|RainDance|[upkeep]
|-sideend|p2: baichede|move: Tailwind
|upkeep
|
|t:|1757182764
|switch|p2a: Whimsicott|Whimsicott, L50, M|9/100
|turn|5
|inactive|llufamistica has 30 seconds left.
|inactive|llufamistica has 20 seconds left.
|
|t:|1757182802
|move|p2a: Whimsicott|Tailwind|p2a: Whimsicott
|-sidestart|p2: baichede|move: Tailwind
|move|p1a: Garchomp|Rock Slide|p2b: Pelipper|[spread] p2a,p2b
|-supereffective|p2b: Pelipper
|-damage|p2a: Whimsicott|0 fnt
|-damage|p2b: Pelipper|22/100
|faint|p2a: Whimsicott
|-damage|p1a: Garchomp|81/100|[from] item: Life Orb
|move|p1b: Toxtricity|Sludge Bomb|p2b: Pelipper
|-damage|p2b: Pelipper|0 fnt
|faint|p2b: Pelipper
|
|win|llufamistica
|inactive|llufamistica has 30 seconds to confirm battle start!
|inactive|baichede has 30 seconds to confirm battle start!
||llufamistica is ready for game 3.
|l|☆baichede
|player|p2|
||baichede is ready for game 3.
|uhtml|next|Next: Game 3 of 3
