|j|☆kimius64
|j|☆Len0MWG
|html|kimius64Len0MWG    
|uhtml|bestof|Game 1 of a best-of-3
|t:|1782218674
|gametype|doubles
|player|p1|kimius64|iris-gen5bw2|1120
|player|p2|Len0MWG|266|1116
|gen|9
|tier|[Gen 9 Champions] VGC 2026 Reg M-B (Bo3)
|rated|
|rule|Species Clause: Limit one of each Pokémon
|rule|Item Clause: Limit 1 of each item
|clearpoke
|poke|p1|Sneasler, L50, F|
|poke|p1|Mawile, L50, M, shiny|
|poke|p1|Sinistcha, L50|
|poke|p1|Delphox, L50, F|
|poke|p1|Whimsicott, L50, M, shiny|
|poke|p1|Garchomp, L50, M|
|poke|p2|Floette-Eternal, L50, F|
|poke|p2|Whimsicott, L50, F|
|poke|p2|Staraptor, L50, F|
|poke|p2|Grimmsnarl, L50, M|
|poke|p2|Garchomp, L50, F|
|poke|p2|Sinistcha-Masterpiece, L50|
|teampreview|4
|showteam|p1|Sneasler||WhiteHerb|Unburden|FakeOut,CloseCombat,DireClaw,Coaching|Jolly||F|||50|]Mawile||Mawilite|HyperCutter|SuckerPunch,PlayRough,Protect,SwordsDance|Brave||M|||50|]Sinistcha||CobaBerry|Hospitality|TrickRoom,LifeDew,LeafStorm,RagePowder|Sassy|||||50|]Delphox||Delphoxite|Blaze|CalmMind,Protect,HeatWave,Psychic|Timid||F|||50|]Whimsicott||FocusSash|Prankster|Tailwind,Moonblast,SunnyDay,Protect|Timid||M|||50|]Garchomp||LifeOrb|RoughSkin|Earthquake,DragonClaw,RockSlide,Protect|Jolly||M|||50|
|showteam|p2|Floette-Eternal||Floettite|FlowerVeil|LightofRuin,Protect,CalmMind,DazzlingGleam|Modest||F|||50|]Whimsicott||FocusSash|Prankster|Tailwind,Taunt,Moonblast,Charm|Bold||F|||50|]Staraptor||Staraptite|Intimidate|CloseCombat,DualWingbeat,Protect,Roost|Adamant||F|||50|]Grimmsnarl||LightClay|Prankster|LightScreen,Reflect,PlayRough,PartingShot|Careful||M|||50|]Garchomp||SitrusBerry|RoughSkin|DragonClaw,StompingTantrum,Protect,RockSlide|Adamant||F|||50|]Sinistcha-Masterpiece||Leftovers|Hospitality|LifeDew,RagePowder,MatchaGotcha,ShadowBall|Bold|||||50|
|
|t:|1782218729
|teamsize|p1|4
|teamsize|p2|4
|start
|switch|p1a: Delphox|Delphox, L50, F|100/100
|switch|p1b: Sneasler|Sneasler, L50, F|100/100
|switch|p2a: Garchomp|Garchomp, L50, F|100/100
|switch|p2b: Grimmsnarl|Grimmsnarl, L50, M|100/100
|turn|1
|
|t:|1782218746
|detailschange|p1a: Delphox|Delphox-Mega, L50, F
|-mega|p1a: Delphox|Delphox|Delphoxite
|move|p2b: Grimmsnarl|Light Screen|p2b: Grimmsnarl
|-sidestart|p2: Len0MWG|move: Light Screen
|move|p1a: Delphox|Psychic|p2a: Garchomp
|-damage|p2a: Garchomp|69/100
|move|p1b: Sneasler|Close Combat|p2a: Garchomp
|-damage|p2a: Garchomp|14/100
|-unboost|p1b: Sneasler|def|1
|-unboost|p1b: Sneasler|spd|1
|-damage|p1b: Sneasler|87/100|[from] ability: Rough Skin|[of] p2a: Garchomp
|-enditem|p2a: Garchomp|Sitrus Berry|[eat]
|-heal|p2a: Garchomp|39/100|[from] item: Sitrus Berry
|-enditem|p1b: Sneasler|White Herb
|-clearnegativeboost|p1b: Sneasler|[silent]
|move|p2a: Garchomp|Rock Slide|p1b: Sneasler|[spread] p1a,p1b
|-supereffective|p1a: Delphox|1
|-resisted|p1b: Sneasler|1
|-damage|p1a: Delphox|53/100
|-damage|p1b: Sneasler|70/100
|
|upkeep
|turn|2
|
|t:|1782218773
|move|p2a: Garchomp|Protect|p2a: Garchomp
|-singleturn|p2a: Garchomp|Protect
|move|p1b: Sneasler|Dire Claw|p2b: Grimmsnarl
|-supereffective|p2b: Grimmsnarl|1
|-damage|p2b: Grimmsnarl|0 fnt
|faint|p2b: Grimmsnarl
|move|p1a: Delphox|Heat Wave|p2a: Garchomp
|-activate|p2a: Garchomp|move: Protect
|
|upkeep
|
|t:|1782218793
|switch|p2b: Floette|Floette-Eternal, L50, F|100/100
|turn|3
|
|t:|1782218817
|detailschange|p2b: Floette|Floette-Mega, L50, F
|-mega|p2b: Floette|Floette|Floettite
|-ability|p2b: Floette|Fairy Aura
|move|p1b: Sneasler|Close Combat|p2a: Garchomp
|-damage|p2a: Garchomp|0 fnt
|-unboost|p1b: Sneasler|def|1
|-unboost|p1b: Sneasler|spd|1
|-damage|p1b: Sneasler|58/100|[from] ability: Rough Skin|[of] p2a: Garchomp
|faint|p2a: Garchomp
|move|p1a: Delphox|Calm Mind|p1a: Delphox
|-boost|p1a: Delphox|spa|1
|-boost|p1a: Delphox|spd|1
|move|p2b: Floette|Dazzling Gleam|p1b: Sneasler|[spread] p1a,p1b
|-resisted|p1a: Delphox|1
|-damage|p1a: Delphox|39/100
|-damage|p1b: Sneasler|0 fnt
|faint|p1b: Sneasler
|
|upkeep
|
|t:|1782218835
|switch|p1b: Whimsicott|Whimsicott, L50, M, shiny|100/100
|switch|p2a: Sinistcha|Sinistcha-Masterpiece, L50|100/100
|turn|4
|
|t:|1782218844
|move|p1b: Whimsicott|Sunny Day|p1b: Whimsicott
|-weather|SunnyDay
|move|p1a: Delphox|Heat Wave|p2a: Sinistcha|[spread] p2b
|-miss|p1a: Delphox|p2a: Sinistcha
|-damage|p2b: Floette|57/100
|move|p2b: Floette|Light of Ruin|p1a: Delphox
|-resisted|p1a: Delphox|1
|-damage|p1a: Delphox|4/100
|-damage|p2b: Floette|39/100|[from] Recoil
|move|p2a: Sinistcha|Life Dew||[still]|[spread] p2a,p2b
|-fail|p2a: Sinistcha|heal
|-heal|p2b: Floette|64/100
|
|-weather|SunnyDay|[upkeep]
|upkeep
|turn|5
|
|t:|1782218864
|move|p1a: Delphox|Heat Wave|p2b: Floette|[spread] p2a,p2b
|-supereffective|p2a: Sinistcha|1
|-damage|p2a: Sinistcha|0 fnt
|-damage|p2b: Floette|19/100
|faint|p2a: Sinistcha
|move|p1b: Whimsicott|Moonblast|p2b: Floette
|-damage|p2b: Floette|0 fnt
|faint|p2b: Floette
|
|win|kimius64
||kimius64 is ready for game 2.
|inactive|Len0MWG has 30 seconds to confirm battle start!
||Len0MWG is ready for game 2.
|uhtml|next|Next: Game 2 of 3
|l|☆Len0MWG
|player|p2|
