|j|☆toottewtpachute
|j|☆ssooner
|html|toottewtpachutessooner    
|uhtml|bestof|Game 2 of a best-of-3
|t:|1786080147
|gametype|doubles
|player|p1|toottewtpachute|102|1235
|player|p2|ssooner|wallace|1177
|gen|9
|tier|[Gen 9 Champions] VGC 2026 Reg M-B (Bo3)
|rated|
|rule|Species Clause: Limit one of each Pokémon
|rule|Item Clause: Limit 1 of each item
|clearpoke
|poke|p1|Altaria, L50, M, shiny|
|poke|p1|Whimsicott, L50, F, shiny|
|poke|p1|Typhlosion-Hisui, L50, F|
|poke|p1|Farigiraf, L50, F|
|poke|p1|Garchomp, L50, M|
|poke|p1|Rotom-Wash, L50|
|poke|p2|Floette-Eternal, L50, F|
|poke|p2|Whimsicott, L50, M|
|poke|p2|Arcanine-Hisui, L50, M|
|poke|p2|Basculegion, L50, M|
|poke|p2|Kingambit, L50, F|
|poke|p2|Mudsdale, L50, M|
|teampreview|4
|showteam|p1|Altaria||Altarianite|CloudNine|HyperVoice,Flamethrower,Roost,Protect|Modest||M|||50|]Whimsicott||FocusSash|Prankster|Tailwind,Moonblast,SunnyDay,FakeTears|Modest||F|||50|]Typhlosion-Hisui||ChoiceScarf|Blaze|Eruption,HeatWave,ShadowBall,FocusBlast|Modest||F|||50|]Farigiraf||SitrusBerry|ArmorTail|TrickRoom,GrassKnot,TwinBeam,HelpingHand|Quiet||F|||50|]Garchomp||RoseliBerry|RoughSkin|PoisonJab,Protect,StompingTantrum,RockSlide|Adamant||M|||50|]Rotom-Wash||Leftovers|Levitate|Thunderbolt,Protect,HydroPump,WillOWisp|Modest|||||50|
|showteam|p2|Floette-Eternal||Floettite|FlowerVeil|Moonblast,DazzlingGleam,LightofRuin,Protect|Modest||F|||50|]Whimsicott||FocusSash|Prankster|Tailwind,Moonblast,Encore,Protect|Timid||M|||50|]Arcanine-Hisui||LifeOrb|RockHead|HeadSmash,FlareBlitz,ExtremeSpeed,Protect|Jolly||M|||50|]Basculegion||ChoiceScarf|Adaptability|WaveCrash,LastRespects,AquaJet,FlipTurn|Jolly||M|||50|]Kingambit||BlackGlasses|Defiant|KowtowCleave,SuckerPunch,IronHead,Protect|Adamant||F|||50|]Mudsdale||ExpertBelt|InnerFocus|CloseCombat,Protect,HeavySlam,RockSlide|Adamant||M|||50|
|inactive|Battle timer is ON: inactive players will automatically lose when time's up. (requested by ssooner)
|inactive|ssooner has 60 seconds left.
|
|t:|1786080210
|teamsize|p1|4
|teamsize|p2|4
|start
|switch|p1a: Typhlosion|Typhlosion-Hisui, L50, F|100/100
|switch|p1b: Whimsicott|Whimsicott, L50, F, shiny|100/100
|switch|p2a: Whimsicott|Whimsicott, L50, M|100/100
|switch|p2b: hatsune miku|Floette-Eternal, L50, F|100/100
|turn|1
|inactive|toottewtpachute has 30 seconds left.
|inactive|ssooner has 30 seconds left.
|inactive|toottewtpachute has 20 seconds left.
|inactive|ssooner has 20 seconds left.
|
|t:|1786080248
|switch|p2b: Basculegion|Basculegion, L50, M|100/100
|move|p2a: Whimsicott|Tailwind|p2a: Whimsicott
|-sidestart|p2: ssooner|move: Tailwind
|move|p1b: Whimsicott|Tailwind|p1b: Whimsicott
|-sidestart|p1: toottewtpachute|move: Tailwind
|move|p1a: Typhlosion|Eruption|p2b: Basculegion|[spread] p2a,p2b
|-supereffective|p2a: Whimsicott|1
|-resisted|p2b: Basculegion|1
|-enditem|p2a: Whimsicott|Focus Sash
|-damage|p2a: Whimsicott|1/100
|-damage|p2b: Basculegion|65/100
|
|upkeep
|turn|2
|inactive|toottewtpachute has 30 seconds left.
|
|t:|1786080276
|switch|p1a: Altaria|Altaria, L50, M, shiny|100/100
|-ability|p1a: Altaria|Cloud Nine
|switch|p1b: Garchomp|Garchomp, L50, M|100/100
|move|p2b: Basculegion|Aqua Jet|p1a: Altaria
|-resisted|p1a: Altaria|1
|-damage|p1a: Altaria|85/100
|move|p2a: Whimsicott|Encore||[still]
|-fail|p2a: Whimsicott
|
|upkeep
|turn|3
|
|t:|1786080296
|switch|p2b: hatsune miku|Floette-Eternal, L50, F|100/100
|detailschange|p1a: Altaria|Altaria-Mega, L50, M, shiny
|-mega|p1a: Altaria|Altaria|Altarianite
|move|p2a: Whimsicott|Protect|p2a: Whimsicott
|-singleturn|p2a: Whimsicott|Protect
|move|p1b: Garchomp|Rock Slide|p2b: hatsune miku|[spread] 
|-activate|p2a: Whimsicott|move: Protect
|-miss|p1b: Garchomp|p2b: hatsune miku
|move|p1a: Altaria|Hyper Voice|p2b: hatsune miku|[spread] p2b
|-activate|p2a: Whimsicott|move: Protect
|-damage|p2b: hatsune miku|59/100
|
|upkeep
|turn|4
|inactive|toottewtpachute has 30 seconds left.
|
|t:|1786080330
|switch|p2a: goodest puppy|Arcanine-Hisui, L50, M|100/100
|detailschange|p2b: hatsune miku|Floette-Mega, L50, F
|-mega|p2b: hatsune miku|Floette|Floettite
|-ability|p2b: hatsune miku|Fairy Aura
|move|p2b: hatsune miku|Protect|p2b: hatsune miku
|-singleturn|p2b: hatsune miku|Protect
|move|p1a: Altaria|Protect|p1a: Altaria
|-singleturn|p1a: Altaria|Protect
|move|p1b: Garchomp|Rock Slide|p2a: goodest puppy|[spread] p2a
|-activate|p2b: hatsune miku|move: Protect
|-supereffective|p2a: goodest puppy|1
|-damage|p2a: goodest puppy|51/100
|
|-sideend|p1: toottewtpachute|move: Tailwind
|-sideend|p2: ssooner|move: Tailwind
|upkeep
|turn|5
|inactive|toottewtpachute has 30 seconds left.
|inactive|ssooner has 30 seconds left.
|inactive|toottewtpachute has 20 seconds left.
|inactive|ssooner has 20 seconds left.
|inactive|toottewtpachute has 15 seconds left.
|inactive|ssooner has 15 seconds left.
|inactive|toottewtpachute has 10 seconds left.
|inactive|toottewtpachute has 5 seconds left.
|
|t:|1786080383
|move|p2a: goodest puppy|Head Smash|p1a: Altaria
|-damage|p1a: Altaria|0 fnt
|faint|p1a: Altaria
|-damage|p2a: goodest puppy|41/100|[from] item: Life Orb
|move|p2b: hatsune miku|Moonblast|p1b: Garchomp
|-supereffective|p1b: Garchomp|1
|-enditem|p1b: Garchomp|Roseli Berry|[eat]
|-enditem|p1b: Garchomp|Roseli Berry|[weaken]
|-damage|p1b: Garchomp|33/100
|move|p1b: Garchomp|Poison Jab|p2b: hatsune miku
|-supereffective|p2b: hatsune miku|1
|-damage|p2b: hatsune miku|0 fnt
|faint|p2b: hatsune miku
|
|upkeep
|
|t:|1786080400
|switch|p2b: Whimsicott|Whimsicott, L50, M|1/100
|switch|p1a: Typhlosion|Typhlosion-Hisui, L50, F|100/100
|turn|6
|
|t:|1786080419
|move|p2b: Whimsicott|Tailwind|p2b: Whimsicott
|-sidestart|p2: ssooner|move: Tailwind
|move|p2a: goodest puppy|Head Smash|p1a: Typhlosion|[miss]
|-miss|p2a: goodest puppy|p1a: Typhlosion
|move|p1a: Typhlosion|Eruption|p2a: goodest puppy|[spread] p2a,p2b
|-resisted|p2a: goodest puppy|2
|-supereffective|p2b: Whimsicott|1
|-damage|p2a: goodest puppy|22/100
|-damage|p2b: Whimsicott|0 fnt
|faint|p2b: Whimsicott
|move|p1b: Garchomp|Stomping Tantrum|p2a: goodest puppy
|-supereffective|p2a: goodest puppy|2
|-damage|p2a: goodest puppy|0 fnt
|faint|p2a: goodest puppy
|
|upkeep
|
|t:|1786080427
|switch|p2a: Basculegion|Basculegion, L50, M|65/100
|turn|7
|
|t:|1786080440
|move|p2a: Basculegion|Last Respects|p1b: Garchomp
|-damage|p1b: Garchomp|0 fnt
|faint|p1b: Garchomp
|move|p1a: Typhlosion|Eruption|p2a: Basculegion
|-resisted|p2a: Basculegion|1
|-damage|p2a: Basculegion|23/100
|
|upkeep
|
|t:|1786080447
|switch|p1b: Whimsicott|Whimsicott, L50, F, shiny|100/100
|turn|8
|
|t:|1786080456
|move|p2a: Basculegion|Last Respects|p1a: Typhlosion
|-supereffective|p1a: Typhlosion|1
|-damage|p1a: Typhlosion|0 fnt
|faint|p1a: Typhlosion
|move|p1b: Whimsicott|Moonblast|p2a: Basculegion
|-damage|p2a: Basculegion|0 fnt
|faint|p2a: Basculegion
|
|win|toottewtpachute
