|j|☆TWICEenjoyer
|j|☆salcranvgc
|html|TWICEenjoyersalcranvgc    
|uhtml|bestof|Game 2 of a best-of-3
|t:|1782234744
|gametype|doubles
|player|p1|TWICEenjoyer|scientist-gen1rb|
|player|p2|salcranvgc|266|
|gen|9
|tier|[Gen 9 Champions] VGC 2026 Reg M-B (Bo3)
|rule|Species Clause: Limit one of each Pokémon
|rule|Item Clause: Limit 1 of each item
|clearpoke
|poke|p1|Charizard, L50, M|
|poke|p1|Incineroar, L50, F|
|poke|p1|Garchomp, L50, F, shiny|
|poke|p1|Vileplume, L50, M, shiny|
|poke|p1|Whimsicott, L50, M, shiny|
|poke|p1|Basculegion, L50, M|
|poke|p2|Mawile, L50, F, shiny|
|poke|p2|Pelipper, L50, F|
|poke|p2|Sinistcha-Masterpiece, L50|
|poke|p2|Raichu, L50, F|
|poke|p2|Basculegion, L50, M|
|poke|p2|Hydreigon, L50, M|
|teampreview|4
|showteam|p1|Charizard||CharizarditeY|Blaze|HeatWave,WeatherBall,SolarBeam,Protect|Modest||M|||50|]Incineroar||SitrusBerry|Intimidate|FakeOut,ThroatChop,FlareBlitz,PartingShot|Impish||F|||50|]Garchomp||ExpertBelt|RoughSkin|RockSlide,Earthquake,DragonClaw,Protect|Adamant||F|||50|]Vileplume||LifeOrb|Chlorophyll|SleepPowder,WeatherBall,SludgeBomb,Protect|Modest||M|||50|]Whimsicott||FairyFeather|Prankster|Tailwind,Moonblast,Encore,Protect|Bold||M|||50|]Basculegion||FocusSash|Adaptability|Liquidation,LastRespects,AquaJet,Protect|Jolly||M|||50|
|showteam|p2|Mawile||Mawilite|Intimidate|IronHead,SuckerPunch,SwordsDance,Protect|Adamant||F|||50|]Pelipper||FocusSash|Drizzle|WeatherBall,Hurricane,Tailwind,HelpingHand|Modest||F|||50|]Sinistcha-Masterpiece||ColburBerry|Hospitality|LeafStorm,RagePowder,TrickRoom,Protect|Calm|||||50|]Raichu||RaichuniteY|LightningRod|ZapCannon,FocusBlast,GrassKnot,Protect|Modest||F|||50|]Basculegion||LifeOrb|SwiftSwim|WaveCrash,AquaJet,LastRespects,Protect|Adamant||M|||50|]Hydreigon||ChoiceScarf|Levitate|DarkPulse,DracoMeteor,Uturn,Snarl|Modest||M|||50|
|j| RadiantSteelix
|j| the gong lady
|j| aox93
|j| AxoLottiee
|j| splash2ndcousin
|c|☆salcranvgc|this isn't even the team I wanted to use
|l| the gong lady
|l| splash2ndcousin
|
|t:|1782234819
|teamsize|p1|4
|teamsize|p2|4
|start
|switch|p1a: Whimsicott|Whimsicott, L50, M, shiny|100/100
|switch|p1b: Garchomp|Garchomp, L50, F, shiny|100/100
|switch|p2a: Pelipper|Pelipper, L50, F|100/100
|switch|p2b: Mawile|Mawile, L50, F, shiny|100/100
|-weather|RainDance|[from] ability: Drizzle|[of] p2a: Pelipper
|-ability|p2b: Mawile|Intimidate|boost
|-unboost|p1a: Whimsicott|atk|1
|-unboost|p1b: Garchomp|atk|1
|turn|1
|j| splash2ndcousin
|
|t:|1782234847
|switch|p1b: Basculegion|Basculegion, L50, M|100/100
|detailschange|p2b: Mawile|Mawile-Mega, L50, F, shiny
|-mega|p2b: Mawile|Mawile|Mawilite
|move|p1a: Whimsicott|Protect|p1a: Whimsicott
|-singleturn|p1a: Whimsicott|Protect
|move|p2a: Pelipper|Tailwind|p2a: Pelipper
|-sidestart|p2: salcranvgc|move: Tailwind
|move|p2b: Mawile|Swords Dance|p2b: Mawile
|-boost|p2b: Mawile|atk|2
|
|-weather|RainDance|[upkeep]
|upkeep
|turn|2
|l| splash2ndcousin
|j| splash2ndcousin
|
|t:|1782234861
|move|p2b: Mawile|Protect|p2b: Mawile
|-singleturn|p2b: Mawile|Protect
|move|p1a: Whimsicott|Tailwind|p1a: Whimsicott
|-sidestart|p1: TWICEenjoyer|move: Tailwind
|move|p1b: Basculegion|Liquidation|p2b: Mawile
|-activate|p2b: Mawile|move: Protect
|move|p2a: Pelipper|Hurricane|p1a: Whimsicott
|-supereffective|p1a: Whimsicott|1
|-damage|p1a: Whimsicott|0 fnt
|faint|p1a: Whimsicott
|
|-weather|RainDance|[upkeep]
|upkeep
|
|t:|1782234879
|switch|p1a: Charizard|Charizard, L50, M|100/100
|turn|3
|
|t:|1782234891
|switch|p1b: Garchomp|Garchomp, L50, F, shiny|100/100
|detailschange|p1a: Charizard|Charizard-Mega-Y, L50, M
|-mega|p1a: Charizard|Charizard|Charizardite Y
|-weather|SunnyDay|[from] ability: Drought|[of] p1a: Charizard
|move|p2a: Pelipper|Helping Hand|p2b: Mawile
|-singleturn|p2b: Mawile|Helping Hand|[of] p2a: Pelipper
|move|p2b: Mawile|Sucker Punch|p1a: Charizard
|-damage|p1a: Charizard|0 fnt
|faint|p1a: Charizard
|
|-weather|SunnyDay|[upkeep]
|upkeep
|
|t:|1782234901
|switch|p1a: Basculegion|Basculegion, L50, M|100/100
|turn|4
|j| the gong lady
|j| No1RalseiFan
|
|t:|1782234913
|move|p2b: Mawile|Protect|p2b: Mawile
|-singleturn|p2b: Mawile|Protect
|move|p1a: Basculegion|Last Respects|p2b: Mawile
|-activate|p2b: Mawile|move: Protect
|move|p1b: Garchomp|Rock Slide|p2a: Pelipper|[spread] p2a
|-activate|p2b: Mawile|move: Protect
|-supereffective|p2a: Pelipper|1
|-damage|p2a: Pelipper|39/100
|move|p2a: Pelipper|Weather Ball|p1a: Basculegion
|-resisted|p1a: Basculegion|1
|-damage|p1a: Basculegion|71/100
|
|-weather|SunnyDay|[upkeep]
|-sideend|p2: salcranvgc|move: Tailwind
|upkeep
|turn|5
|
|t:|1782234933
|move|p1a: Basculegion|Protect|p1a: Basculegion
|-singleturn|p1a: Basculegion|Protect
|move|p2b: Mawile|Sucker Punch||[still]
|-fail|p2b: Mawile
|move|p1b: Garchomp|Earthquake|p2b: Mawile|[spread] p2b
|-activate|p1a: Basculegion|move: Protect
|-immune|p2a: Pelipper
|-supereffective|p2b: Mawile|1
|-damage|p2b: Mawile|15/100
|move|p2a: Pelipper|Tailwind|p2a: Pelipper
|-sidestart|p2: salcranvgc|move: Tailwind
|
|-weather|SunnyDay|[upkeep]
|-sideend|p1: TWICEenjoyer|move: Tailwind
|upkeep
|turn|6
|
|t:|1782234951
|switch|p2a: Sinistcha|Sinistcha-Masterpiece, L50|100/100
|-heal|p2b: Mawile|40/100|[from] ability: Hospitality|[of] p2a: Sinistcha
|move|p2b: Mawile|Sucker Punch|p1a: Basculegion
|-supereffective|p1a: Basculegion|1
|-damage|p1a: Basculegion|0 fnt
|faint|p1a: Basculegion
|move|p1b: Garchomp|Rock Slide|p2b: Mawile|[spread] p2a,p2b
|-resisted|p2b: Mawile|1
|-damage|p2a: Sinistcha|80/100
|-damage|p2b: Mawile|30/100
|
|-weather|SunnyDay|[upkeep]
|upkeep
|turn|7
|-message|TWICEenjoyer forfeited.
|
|win|salcranvgc
||salcranvgc is ready for game 3.
||TWICEenjoyer is ready for game 3.
|uhtml|next|Next: Game 3 of 3
|j| Gdrampa
|j| FBISurveillanceMan
|l| aox93
|l| No1RalseiFan
|l| RadiantSteelix
|l| the gong lady
|l| FBISurveillanceMan
|l| splash2ndcousin
|j| delucieous
|l| Gdrampa
|j| splash2ndcousin
|l| delucieous
|l| splash2ndcousin
|l|☆TWICEenjoyer
|player|p1|
|j| starling01
