|j|☆toxicwofl
|j|☆Brutalandathebozz
|html|toxicwoflBrutalandathebozz    
|uhtml|bestof|Game 1 of a best-of-3
|t:|1756369118
|gametype|doubles
|player|p1|toxicwofl|cynthia|1171
|player|p2|Brutalandathebozz|266|1322
|gen|9
|tier|[Gen 9] VGC 2025 Reg H (Bo3)
|rated|
|rule|Species Clause: Limit one of each Pokémon
|rule|Item Clause: Limit 1 of each item
|clearpoke
|poke|p1|Sneasler, L50, F|
|poke|p1|Indeedee, L50, M|
|poke|p1|Ursaluna-Bloodmoon, L50, M|
|poke|p1|Annihilape, L50, M|
|poke|p1|Tyranitar, L50, M|
|poke|p1|Maushold-Four, L50|
|poke|p2|Sneasler, L50, M|
|poke|p2|Electabuzz, L50, F|
|poke|p2|Rillaboom, L50, F|
|poke|p2|Primarina, L50, F|
|poke|p2|Kingambit, L50, F|
|poke|p2|Volcarona, L50, M|
|teampreview|4
|showteam|p1|Sneasler||PsychicSeed|Unburden|CloseCombat,DireClaw,ThroatChop,Protect|||F|||50|,,,,,Dark]Indeedee||ChoiceScarf|PsychicSurge|ExpandingForce,TeraBlast,Trick,Protect|||M|||50|,,,,,Psychic]Ursaluna-Bloodmoon||LifeOrb|MindsEye|BloodMoon,HyperVoice,EarthPower,Protect|||M|||50|,,,,,Normal]Annihilape||SafetyGoggles|Defiant|DrainPunch,RageFist,BulkUp,FinalGambit|||M|||50|,,,,,Fairy]Tyranitar||AssaultVest|SandStream|RockSlide,KnockOff,TeraBlast,LowKick|||M|||50|,,,,,Flying]Maushold-Four||CovertCloak|FriendGuard|FollowMe,Taunt,Protect,PopulationBomb||||||50|,,,,,Normal
|showteam|p2|Sneasler||FocusSash|PoisonTouch|FakeOut,CloseCombat,DireClaw,Protect|||M|||50|,,,,,Ghost]Electabuzz||Eviolite|VitalSpirit|Protect,Taunt,FollowMe,Electroweb|||F|||50|,,,,,Ghost]Rillaboom||AssaultVest|GrassySurge|WoodHammer,GrassyGlide,FakeOut,HighHorsepower|||F|||50|,,,,,Fire]Primarina||SitrusBerry|LiquidVoice|HyperVoice,Moonblast,Protect,Haze|||F|||50|,,,,,Poison]Kingambit||BlackGlasses|Defiant|KowtowCleave,SuckerPunch,Protect,SwordsDance|||F|||50|,,,,,Dark]Volcarona||Leftovers|FlameBody|HeatWave,TeraBlast,QuiverDance,Protect|||M|||50|,,,,,Fairy
|
|t:|1756369160
|teamsize|p1|4
|teamsize|p2|4
|start
|switch|p1a: Ursaluna|Ursaluna-Bloodmoon, L50, M|100/100
|switch|p1b: Sneasler|Sneasler, L50, F|100/100
|switch|p2a: Volcarona|Volcarona, L50, M, shiny|100/100
|switch|p2b: Electabuzz|Electabuzz, L50, F|100/100
|turn|1
|inactive|Battle timer is ON: inactive players will automatically lose when time's up. (requested by Brutalandathebozz)
|
|t:|1756369184
|-terastallize|p2b: Electabuzz|Ghost
|move|p2b: Electabuzz|Follow Me|p2b: Electabuzz
|-singleturn|p2b: Electabuzz|move: Follow Me
|move|p1b: Sneasler|Dire Claw|p2b: Electabuzz
|-resisted|p2b: Electabuzz
|-damage|p2b: Electabuzz|80/100
|-status|p2b: Electabuzz|psn
|move|p2a: Volcarona|Quiver Dance|p2a: Volcarona
|-boost|p2a: Volcarona|spa|1
|-boost|p2a: Volcarona|spd|1
|-boost|p2a: Volcarona|spe|1
|move|p1a: Ursaluna|Earth Power|p2b: Electabuzz
|-damage|p2b: Electabuzz|18/100 psn
|-damage|p1a: Ursaluna|91/100|[from] item: Life Orb
|
|-damage|p2b: Electabuzz|5/100 psn|[from] psn
|upkeep
|turn|2
|inactive|toxicwofl has 30 seconds left.
|
|t:|1756369213
|move|p2b: Electabuzz|Follow Me|p2b: Electabuzz
|-singleturn|p2b: Electabuzz|move: Follow Me
|move|p2a: Volcarona|Quiver Dance|p2a: Volcarona
|-boost|p2a: Volcarona|spa|1
|-boost|p2a: Volcarona|spd|1
|-boost|p2a: Volcarona|spe|1
|move|p1b: Sneasler|Dire Claw|p2b: Electabuzz
|-resisted|p2b: Electabuzz
|-damage|p2b: Electabuzz|0 fnt
|faint|p2b: Electabuzz
|move|p1a: Ursaluna|Earth Power|p2a: Volcarona
|-damage|p2a: Volcarona|66/100
|-unboost|p2a: Volcarona|spd|1
|-damage|p1a: Ursaluna|81/100|[from] item: Life Orb
|
|-heal|p2a: Volcarona|72/100|[from] item: Leftovers
|upkeep
|
|t:|1756369226
|switch|p2b: Sneasler|Sneasler, L50, M|100/100
|turn|3
|
|t:|1756369251
|switch|p1a: Indeedee|Indeedee, L50, M|100/100
|-fieldstart|move: Psychic Terrain|[from] ability: Psychic Surge|[of] p1a: Indeedee
|-enditem|p1b: Sneasler|Psychic Seed
|-boost|p1b: Sneasler|spd|1|[from] item: Psychic Seed
|move|p1b: Sneasler|Protect|p1b: Sneasler
|-singleturn|p1b: Sneasler|Protect
|move|p2b: Sneasler|Fake Out|p1b: Sneasler
|-activate|p1b: Sneasler|move: Psychic Terrain
|move|p2a: Volcarona|Heat Wave|p1a: Indeedee|[spread] p1a
|-activate|p1b: Sneasler|move: Protect
|-damage|p1a: Indeedee|5/100
|
|-heal|p2a: Volcarona|79/100|[from] item: Leftovers
|upkeep
|turn|4
|
|t:|1756369278
|switch|p2b: Rillaboom|Rillaboom, L50, F|100/100
|-fieldstart|move: Grassy Terrain|[from] ability: Grassy Surge|[of] p2b: Rillaboom
|move|p1b: Sneasler|Dire Claw|p2a: Volcarona
|-damage|p2a: Volcarona|27/100
|move|p2a: Volcarona|Heat Wave|p1a: Indeedee|[spread] p1a,p1b
|-damage|p1a: Indeedee|0 fnt
|-damage|p1b: Sneasler|29/100
|faint|p1a: Indeedee
|
|-heal|p1b: Sneasler|35/100|[from] Grassy Terrain
|-heal|p2a: Volcarona|33/100|[from] Grassy Terrain
|-heal|p2a: Volcarona|39/100|[from] item: Leftovers
|upkeep
|
|t:|1756369294
|switch|p1a: Annihilape|Annihilape, L50, M|100/100
|turn|5
|
|t:|1756369316
|move|p1b: Sneasler|Protect|p1b: Sneasler
|-singleturn|p1b: Sneasler|Protect
|move|p2b: Rillaboom|Fake Out|p1b: Sneasler
|-activate|p1b: Sneasler|move: Protect
|move|p2a: Volcarona|Heat Wave|p1b: Sneasler|[spread] p1a
|-activate|p1b: Sneasler|move: Protect
|-damage|p1a: Annihilape|35/100
|-status|p1a: Annihilape|brn
|move|p1a: Annihilape|Bulk Up|p1a: Annihilape
|-boost|p1a: Annihilape|atk|1
|-boost|p1a: Annihilape|def|1
|
|-heal|p1b: Sneasler|40/100|[from] Grassy Terrain
|-heal|p2a: Volcarona|45/100|[from] Grassy Terrain
|-heal|p2a: Volcarona|52/100|[from] item: Leftovers
|-heal|p1a: Annihilape|42/100 brn|[from] Grassy Terrain
|-damage|p1a: Annihilape|35/100 brn|[from] brn
|upkeep
|turn|6
|
|t:|1756369338
|switch|p2b: Sneasler|Sneasler, L50, M|100/100
|move|p2a: Volcarona|Protect|p2a: Volcarona
|-singleturn|p2a: Volcarona|Protect
|move|p1b: Sneasler|Dire Claw|p2a: Volcarona
|-activate|p2a: Volcarona|move: Protect
|move|p1a: Annihilape|Drain Punch|p2a: Volcarona
|-activate|p2a: Volcarona|move: Protect
|
|-heal|p1b: Sneasler|46/100|[from] Grassy Terrain
|-heal|p2a: Volcarona|58/100|[from] Grassy Terrain
|-heal|p2a: Volcarona|64/100|[from] item: Leftovers
|-heal|p1a: Annihilape|42/100 brn|[from] Grassy Terrain
|-damage|p1a: Annihilape|35/100 brn|[from] brn
|upkeep
|turn|7
|
|t:|1756369362
|move|p1b: Sneasler|Protect|p1b: Sneasler
|-singleturn|p1b: Sneasler|Protect
|move|p2b: Sneasler|Fake Out|p1b: Sneasler
|-activate|p1b: Sneasler|move: Protect
|move|p2a: Volcarona|Heat Wave|p1b: Sneasler|[spread] p1a
|-activate|p1b: Sneasler|move: Protect
|-damage|p1a: Annihilape|0 fnt
|faint|p1a: Annihilape
|
|-heal|p1b: Sneasler|52/100|[from] Grassy Terrain
|-heal|p2a: Volcarona|70/100|[from] Grassy Terrain
|-heal|p2a: Volcarona|77/100|[from] item: Leftovers
|upkeep
|
|t:|1756369373
|switch|p1a: Ursaluna|Ursaluna-Bloodmoon, L50, M|81/100
|turn|8
|
|t:|1756369383
|-terastallize|p1a: Ursaluna|Normal
|move|p1b: Sneasler|Dire Claw|p2a: Volcarona
|-damage|p2a: Volcarona|23/100
|-status|p2a: Volcarona|par
|-status|p1b: Sneasler|brn|[from] ability: Flame Body|[of] p2a: Volcarona
|move|p2b: Sneasler|Close Combat|p1a: Ursaluna
|-supereffective|p1a: Ursaluna
|-damage|p1a: Ursaluna|0 fnt
|-unboost|p2b: Sneasler|def|1
|-unboost|p2b: Sneasler|spd|1
|faint|p1a: Ursaluna
|cant|p2a: Volcarona|par
|
|-heal|p1b: Sneasler|58/100 brn|[from] Grassy Terrain
|-heal|p2a: Volcarona|29/100 par|[from] Grassy Terrain
|-heal|p2a: Volcarona|35/100 par|[from] item: Leftovers
|-damage|p1b: Sneasler|52/100 brn|[from] brn
|-fieldend|move: Grassy Terrain
|upkeep
|turn|9
|-message|toxicwofl forfeited.
|
|win|Brutalandathebozz
|l|☆toxicwofl
|player|p1|
||toxicwofl is ready for game 2.
||Brutalandathebozz is ready for game 2.
|uhtml|next|Next: Game 2 of 3
