|j|☆lettitripppp
|j|☆A15003606
|html|lettitrippppA15003606    
|uhtml|bestof|Game 3 of a best-of-3
|t:|1783702929
|gametype|doubles
|player|p1|lettitripppp|lucas|1214
|player|p2|A15003606|ethan|1146
|gen|9
|tier|[Gen 9 Champions] VGC 2026 Reg M-B (Bo3)
|rated|
|rule|Species Clause: Limit one of each Pokémon
|rule|Item Clause: Limit 1 of each item
|clearpoke
|poke|p1|Charizard, L50, F|
|poke|p1|Basculegion, L50, M|
|poke|p1|Whimsicott, L50, F, shiny|
|poke|p1|Garchomp, L50, M, shiny|
|poke|p1|Floette-Eternal, L50, F|
|poke|p1|Kingambit, L50, M, shiny|
|poke|p2|Crabominable, L50, M, shiny|
|poke|p2|Slowking, L50, M, shiny|
|poke|p2|Farigiraf, L50, F|
|poke|p2|Primarina, L50, M|
|poke|p2|Tinkaton, L50, F, shiny|
|poke|p2|Mawile, L50, M|
|teampreview|4
|showteam|p1|Charizard||CharizarditeY|Blaze|WeatherBall,SolarBeam,HeatWave,Protect|Modest||F|||50|]Basculegion||MysticWater|Adaptability|LastRespects,WaveCrash,AquaJet,Protect|Adamant||M|||50|]Whimsicott||FocusSash|Prankster|Moonblast,Tailwind,Encore,Protect|Timid||F|||50|]Garchomp||LifeOrb|RoughSkin|DragonClaw,Earthquake,RockSlide,Protect|Jolly||M|||50|]Floette-Eternal||Floettite|FlowerVeil|DazzlingGleam,LightofRuin,Moonblast,Protect|Modest||F|||50|]Kingambit||ChopleBerry|Defiant|KowtowCleave,SuckerPunch,IronHead,LowKick|Adamant||M|||50|
|showteam|p2|Crabominable||Crabominite|HyperCutter|DrainPunch,IceHammer,MachPunch,Protect|Brave||M|||50|]Slowking||MentalHerb|Regenerator|PsychicNoise,ChillyReception,Protect,TrickRoom|Relaxed||M|||50|]Farigiraf||ColburBerry|ArmorTail|PsychicNoise,TrickRoom,Protect,HelpingHand|Bold||F|||50|]Primarina||LifeOrb|LiquidVoice|HyperVoice,Moonblast,CalmMind,Protect|Quiet||M|||50|]Tinkaton||FocusSash|MoldBreaker|PlayRough,GigatonHammer,KnockOff,FakeOut|Brave||F|||50|]Mawile||Mawilite|HyperCutter|IronHead,PlayRough,SuckerPunch,Protect|Brave||M|||50|
|inactive|Battle timer is ON: inactive players will automatically lose when time's up. (requested by lettitripppp)
|inactive|A15003606 also wants the timer to be on.
|
|t:|1783702941
|teamsize|p1|4
|teamsize|p2|4
|start
|switch|p1a: CRUSH SHARK|Garchomp, L50, M, shiny|100/100
|switch|p1b: AGNI|Charizard, L50, F|100/100
|switch|p2a: Slowking|Slowking, L50, M, shiny|100/100
|switch|p2b: Tinkaton|Tinkaton, L50, F, shiny|100/100
|-ability|p2b: Tinkaton|Mold Breaker
|turn|1
|
|t:|1783702959
|detailschange|p1b: AGNI|Charizard-Mega-Y, L50, F
|-mega|p1b: AGNI|Charizard|Charizardite Y
|-weather|SunnyDay|[from] ability: Drought|[of] p1b: AGNI
|move|p2b: Tinkaton|Fake Out|p1b: AGNI
|-damage|p1b: AGNI|89/100
|move|p1a: CRUSH SHARK|Earthquake|p2a: Slowking|[spread] p2a,p2b
|-immune|p1b: AGNI
|-supereffective|p2b: Tinkaton|1
|-damage|p2a: Slowking|64/100
|-enditem|p2b: Tinkaton|Focus Sash
|-damage|p2b: Tinkaton|1/100
|-damage|p1a: CRUSH SHARK|90/100|[from] item: Life Orb
|cant|p1b: AGNI|flinch
|move|p2a: Slowking|Trick Room|p2a: Slowking
|-fieldstart|move: Trick Room|[of] p2a: Slowking
|
|-weather|SunnyDay|[upkeep]
|upkeep
|turn|2
|
|t:|1783702980
|switch|p1a: GENERAL BLADUS|Kingambit, L50, M, shiny|100/100
|-prepare|p2a: Slowking|Chilly Reception|[premajor]
|move|p2a: Slowking|Chilly Reception|p2a: Slowking
|-weather|Snowscape
|
|t:|1783702986
|-heal|p2a: Slowking|98/100|[from] ability: Regenerator|[silent]
|switch|p2a: Primarina|Primarina, L50, M|100/100|[from] Chilly Reception
|move|p2b: Tinkaton|Play Rough|p1a: GENERAL BLADUS
|-damage|p1a: GENERAL BLADUS|71/100
|move|p1b: AGNI|Heat Wave|p2b: Tinkaton|[spread] p2a,p2b
|-resisted|p2a: Primarina|1
|-supereffective|p2b: Tinkaton|1
|-damage|p2a: Primarina|83/100
|-damage|p2b: Tinkaton|0 fnt
|faint|p2b: Tinkaton
|
|-weather|Snowscape|[upkeep]
|upkeep
|
|t:|1783702992
|switch|p2b: Mawile|Mawile, L50, M|100/100
|turn|3
|
|t:|1783703003
|switch|p1b: GHOSTWAVE|Basculegion, L50, M|100/100
|detailschange|p2b: Mawile|Mawile-Mega, L50, M
|-mega|p2b: Mawile|Mawile|Mawilite
|move|p2b: Mawile|Play Rough|p1a: GENERAL BLADUS
|-damage|p1a: GENERAL BLADUS|3/100
|move|p2a: Primarina|Hyper Voice|p1b: GHOSTWAVE|[spread] p1a,p1b
|-resisted|p1b: GHOSTWAVE|1
|-damage|p1a: GENERAL BLADUS|0 fnt
|-damage|p1b: GHOSTWAVE|71/100
|faint|p1a: GENERAL BLADUS
|-damage|p2a: Primarina|73/100|[from] item: Life Orb
|
|-weather|Snowscape|[upkeep]
|upkeep
|
|t:|1783703014
|switch|p1a: AGNI|Charizard-Mega-Y, L50, F|89/100
|-weather|SunnyDay|[from] ability: Drought|[of] p1a: AGNI
|turn|4
|
|t:|1783703023
|move|p2b: Mawile|Sucker Punch|p1b: GHOSTWAVE
|-supereffective|p1b: GHOSTWAVE|1
|-damage|p1b: GHOSTWAVE|0 fnt
|faint|p1b: GHOSTWAVE
|move|p2a: Primarina|Moonblast|p1a: AGNI
|-resisted|p1a: AGNI|1
|-damage|p1a: AGNI|57/100
|-damage|p2a: Primarina|64/100|[from] item: Life Orb
|move|p1a: AGNI|Heat Wave|p2b: Mawile|[spread] p2a,p2b
|-resisted|p2a: Primarina|1
|-supereffective|p2b: Mawile|1
|-damage|p2a: Primarina|37/100
|-damage|p2b: Mawile|0 fnt
|faint|p2b: Mawile
|
|-weather|SunnyDay|[upkeep]
|upkeep
|
|t:|1783703031
|switch|p2b: Slowking|Slowking, L50, M, shiny|98/100
|switch|p1b: CRUSH SHARK|Garchomp, L50, M, shiny|90/100
|turn|5
|
|t:|1783703037
|move|p1a: AGNI|Protect|p1a: AGNI
|-singleturn|p1a: AGNI|Protect
|move|p1b: CRUSH SHARK|Protect|p1b: CRUSH SHARK
|-singleturn|p1b: CRUSH SHARK|Protect
|-prepare|p2b: Slowking|Chilly Reception|[premajor]
|move|p2b: Slowking|Chilly Reception|p2b: Slowking
|-weather|Snowscape
|move|p2a: Primarina|Hyper Voice|p1a: AGNI|[spread] 
|-activate|p1a: AGNI|move: Protect
|-activate|p1b: CRUSH SHARK|move: Protect
|
|-weather|Snowscape|[upkeep]
|-fieldend|move: Trick Room
|upkeep
|turn|6
|
|t:|1783703058
|move|p1b: CRUSH SHARK|Earthquake|p2a: Primarina|[spread] p2a,p2b
|-immune|p1a: AGNI
|-damage|p2a: Primarina|0 fnt
|-damage|p2b: Slowking|60/100
|faint|p2a: Primarina
|-damage|p1b: CRUSH SHARK|80/100|[from] item: Life Orb
|move|p1a: AGNI|Solar Beam||[still]
|-prepare|p1a: AGNI|Solar Beam
|move|p2b: Slowking|Psychic Noise|p1a: AGNI
|-damage|p1a: AGNI|33/100
|-start|p1a: AGNI|move: Heal Block
|
|-weather|Snowscape|[upkeep]
|upkeep
|turn|7
|
|t:|1783703073
|move|p2b: Slowking|Protect|p2b: Slowking
|-singleturn|p2b: Slowking|Protect
|move|p1b: CRUSH SHARK|Earthquake|p2b: Slowking|[spread] 
|-activate|p2b: Slowking|move: Protect
|-immune|p1a: AGNI
|move|p1a: AGNI|Solar Beam|p2b: Slowking|[from] lockedmove
|-activate|p2b: Slowking|move: Protect
|
|-weather|Snowscape|[upkeep]
|-end|p1a: AGNI|move: Heal Block
|upkeep
|turn|8
|
|t:|1783703081
|move|p1b: CRUSH SHARK|Earthquake|p2b: Slowking|[spread] p2b
|-immune|p1a: AGNI
|-damage|p2b: Slowking|26/100
|-damage|p1b: CRUSH SHARK|70/100|[from] item: Life Orb
|move|p1a: AGNI|Solar Beam||[still]
|-prepare|p1a: AGNI|Solar Beam
|move|p2b: Slowking|Psychic Noise|p1b: CRUSH SHARK
|-damage|p1b: CRUSH SHARK|44/100
|-start|p1b: CRUSH SHARK|move: Heal Block
|
|-weather|Snowscape|[upkeep]
|upkeep
|turn|9
|
|t:|1783703091
|move|p2b: Slowking|Protect|p2b: Slowking
|-singleturn|p2b: Slowking|Protect
|move|p1b: CRUSH SHARK|Earthquake|p2b: Slowking|[spread] 
|-activate|p2b: Slowking|move: Protect
|-immune|p1a: AGNI
|move|p1a: AGNI|Solar Beam|p2b: Slowking|[from] lockedmove
|-activate|p2b: Slowking|move: Protect
|
|-weather|none
|-end|p1b: CRUSH SHARK|move: Heal Block
|upkeep
|turn|10
|
|t:|1783703096
|move|p1b: CRUSH SHARK|Earthquake|p2b: Slowking|[spread] p2b
|-immune|p1a: AGNI
|-damage|p2b: Slowking|0 fnt
|faint|p2b: Slowking
|-damage|p1b: CRUSH SHARK|34/100|[from] item: Life Orb
|
|win|lettitripppp
|raw|lettitripppp's rating: 1214 → 1234(+20 for winning)
|raw|A15003606's rating: 1146 → 1126(-20 for losing)
