|j|☆fa15eh0pe
|j|☆ClefableBot
|html|fa15eh0peClefableBot    
|uhtml|bestof|Game 2 of a best-of-3
|t:|1782765113
|gametype|doubles
|player|p1|fa15eh0pe|169|1134
|player|p2|ClefableBot|koga|1257
|gen|9
|tier|[Gen 9 Champions] VGC 2026 Reg M-B (Bo3)
|rated|
|rule|Species Clause: Limit one of each Pokémon
|rule|Item Clause: Limit 1 of each item
|clearpoke
|poke|p1|Raichu, L50, M|
|poke|p1|Gholdengo, L50|
|poke|p1|Whimsicott, L50, F|
|poke|p1|Garchomp, L50, F|
|poke|p1|Floette-Eternal, L50, F|
|poke|p1|Basculegion, L50, M|
|poke|p2|Floette-Eternal, L50, F|
|poke|p2|Delphox, L50, M|
|poke|p2|Incineroar, L50, M|
|poke|p2|Sinistcha-Masterpiece, L50|
|poke|p2|Maushold-Four, L50|
|poke|p2|Vivillon, L50, F|
|teampreview|4
|showteam|p1|Raichu||RaichuniteY|LightningRod|ZapCannon,FakeOut,FocusBlast,Protect|Modest||M|||50|]Gholdengo||LifeOrb|GoodasGold|MakeItRain,NastyPlot,ShadowBall,Protect|Modest|||||50|]Whimsicott||FocusSash|Prankster|Tailwind,Moonblast,Encore,Protect|Modest||F|||50|]Garchomp||SitrusBerry|RoughSkin|RockSlide,StompingTantrum,DragonClaw,Protect|Adamant||F|||50|]Floette-Eternal||Floettite|FlowerVeil|Protect,Moonblast,LightofRuin,DazzlingGleam|Timid||F|||50|]Basculegion||MysticWater|Adaptability|Protect,WaveCrash,LastRespects,AquaJet|Adamant||M|||50|
|showteam|p2|Floette-Eternal||Floettite|FlowerVeil|Protect,DrainingKiss,Moonblast,CalmMind|Bold||F|||50|]Delphox||Delphoxite|Blaze|HeatWave,Psychic,NastyPlot,Protect|Timid||M|||50|]Incineroar||PasshoBerry|Intimidate|FlareBlitz,ThroatChop,PartingShot,FakeOut|Careful||M|||50|]Sinistcha-Masterpiece||KasibBerry|Hospitality|Protect,RagePowder,MatchaGotcha,LifeDew|Bold|||||50|]Maushold-Four||FocusSash|FriendGuard|Protect,FollowMe,SuperFang,Feint|Timid|||||50|]Vivillon||ChoiceScarf|CompoundEyes|SleepPowder,Hurricane,RagePowder,PollenPuff|Timid||F|||50|
|inactive|Battle timer is ON: inactive players will automatically lose when time's up. (requested by ClefableBot)
|inactive|fa15eh0pe also wants the timer to be on.
|inactive|ClefableBot has 60 seconds left.
|inactive|ClefableBot has 30 seconds left.
|inactive|ClefableBot has 20 seconds left.
|inactive|ClefableBot has 15 seconds left.
|inactive|ClefableBot has 10 seconds left.
|inactive|ClefableBot has 5 seconds left.
|
|t:|1782765202
|teamsize|p1|4
|teamsize|p2|4
|start
|switch|p1a: Raichu|Raichu, L50, M|100/100
|switch|p1b: Whimsicott|Whimsicott, L50, F|100/100
|switch|p2a: Incineroar|Incineroar, L50, M|100/100
|switch|p2b: Vivillon|Vivillon, L50, F|100/100
|-ability|p2a: Incineroar|Intimidate|boost
|-unboost|p1a: Raichu|atk|1
|-unboost|p1b: Whimsicott|atk|1
|turn|1
|
|t:|1782765219
|detailschange|p1a: Raichu|Raichu-Mega-Y, L50, M
|-mega|p1a: Raichu|Raichu|Raichunite Y
|move|p1a: Raichu|Fake Out|p2b: Vivillon
|-damage|p2b: Vivillon|91/100
|move|p2a: Incineroar|Fake Out|p1b: Whimsicott
|-damage|p1b: Whimsicott|83/100
|cant|p1b: Whimsicott|flinch
|cant|p2b: Vivillon|flinch
|
|upkeep
|turn|2
|
|t:|1782765231
|switch|p2b: Sinistcha|Sinistcha-Masterpiece, L50|100/100
|move|p1b: Whimsicott|Tailwind|p1b: Whimsicott
|-sidestart|p1: fa15eh0pe|move: Tailwind
|move|p1a: Raichu|Zap Cannon|p2b: Sinistcha
|-resisted|p2b: Sinistcha|1
|-damage|p2b: Sinistcha|64/100
|-status|p2b: Sinistcha|par
|move|p2a: Incineroar|Parting Shot|p1a: Raichu
|-unboost|p1a: Raichu|atk|1
|-unboost|p1a: Raichu|spa|1
|
|t:|1782765248
|switch|p2a: Delphox|Delphox, L50, M|100/100|[from] Parting Shot
|
|upkeep
|turn|3
|
|t:|1782765263
|switch|p1b: Garchomp|Garchomp, L50, F|100/100
|detailschange|p2a: Delphox|Delphox-Mega, L50, M
|-mega|p2a: Delphox|Delphox|Delphoxite
|move|p1a: Raichu|Zap Cannon|p2a: Delphox
|-damage|p2a: Delphox|55/100
|-status|p2a: Delphox|par
|move|p2a: Delphox|Heat Wave|p1a: Raichu|[spread] p1a
|-miss|p2a: Delphox|p1b: Garchomp
|-damage|p1a: Raichu|48/100
|move|p2b: Sinistcha|Life Dew|p2b: Sinistcha|[spread] p2a,p2b
|-heal|p2a: Delphox|80/100 par
|-heal|p2b: Sinistcha|89/100 par
|
|upkeep
|turn|4
|
|t:|1782765284
|switch|p2b: Incineroar|Incineroar, L50, M|100/100
|-ability|p2b: Incineroar|Intimidate|boost
|-unboost|p1a: Raichu|atk|1
|-unboost|p1b: Garchomp|atk|1
|move|p2a: Delphox|Protect|p2a: Delphox
|-singleturn|p2a: Delphox|Protect
|move|p1a: Raichu|Zap Cannon|p2a: Delphox
|-activate|p2a: Delphox|move: Protect
|move|p1b: Garchomp|Rock Slide|p2a: Delphox|[spread] p2b
|-activate|p2a: Delphox|move: Protect
|-supereffective|p2b: Incineroar|1
|-damage|p2b: Incineroar|77/100
|
|upkeep
|turn|5
|inactive|ClefableBot has 30 seconds left.
|
|t:|1782765316
|move|p2b: Incineroar|Fake Out|p1b: Garchomp
|-damage|p1b: Garchomp|90/100
|-damage|p2b: Incineroar|64/100|[from] ability: Rough Skin|[of] p1b: Garchomp
|move|p1a: Raichu|Zap Cannon|p2a: Delphox
|-damage|p2a: Delphox|37/100 par
|cant|p1b: Garchomp|flinch
|move|p2a: Delphox|Heat Wave|p1b: Garchomp|[spread] p1a,p1b
|-resisted|p1b: Garchomp|1
|-damage|p1a: Raichu|0 fnt
|-damage|p1b: Garchomp|70/100
|faint|p1a: Raichu
|
|-sideend|p1: fa15eh0pe|move: Tailwind
|upkeep
|
|t:|1782765323
|switch|p1a: Whimsicott|Whimsicott, L50, F|83/100
|turn|6
|
|t:|1782765330
|move|p2a: Delphox|Protect|p2a: Delphox
|-singleturn|p2a: Delphox|Protect
|move|p1a: Whimsicott|Tailwind|p1a: Whimsicott
|-sidestart|p1: fa15eh0pe|move: Tailwind
|move|p1b: Garchomp|Rock Slide|p2b: Incineroar|[spread] p2b
|-activate|p2a: Delphox|move: Protect
|-supereffective|p2b: Incineroar|1
|-damage|p2b: Incineroar|44/100
|move|p2b: Incineroar|Parting Shot|p1b: Garchomp
|-unboost|p1b: Garchomp|atk|1
|-unboost|p1b: Garchomp|spa|1
|
|t:|1782765341
|switch|p2b: Sinistcha|Sinistcha-Masterpiece, L50|89/100 par|[from] Parting Shot
|-heal|p2a: Delphox|62/100 par|[from] ability: Hospitality|[of] p2b: Sinistcha
|
|upkeep
|turn|7
|
|t:|1782765357
|switch|p1b: Gholdengo|Gholdengo, L50|100/100
|switch|p2a: Incineroar|Incineroar, L50, M|44/100
|-ability|p2a: Incineroar|Intimidate|boost
|-unboost|p1a: Whimsicott|atk|1
|-unboost|p1b: Gholdengo|atk|1
|move|p1a: Whimsicott|Encore|p2a: Incineroar
|-hint|Since gen 7, Dark is immune to Prankster moves.
|-immune|p2a: Incineroar
|move|p2b: Sinistcha|Matcha Gotcha|p1b: Gholdengo|[spread] p1a
|-miss|p2b: Sinistcha|p1b: Gholdengo
|-resisted|p1a: Whimsicott|1
|-damage|p1a: Whimsicott|62/100
|-heal|p2b: Sinistcha|98/100 par|[from] drain|[of] p1a: Whimsicott
|
|upkeep
|turn|8
|
|t:|1782765379
|move|p1a: Whimsicott|Moonblast|p2b: Sinistcha
|-damage|p2b: Sinistcha|58/100 par
|move|p1b: Gholdengo|Nasty Plot|p1b: Gholdengo
|-boost|p1b: Gholdengo|spa|2
|move|p2a: Incineroar|Flare Blitz|p1a: Whimsicott
|-supereffective|p1a: Whimsicott|1
|-damage|p1a: Whimsicott|0 fnt
|faint|p1a: Whimsicott
|-damage|p2a: Incineroar|30/100|[from] Recoil
|move|p2b: Sinistcha|Matcha Gotcha|p1b: Gholdengo
|-resisted|p1b: Gholdengo|1
|-damage|p1b: Gholdengo|84/100
|-heal|p2b: Sinistcha|67/100 par|[from] drain|[of] p1b: Gholdengo
|
|upkeep
|
|t:|1782765383
|switch|p1a: Garchomp|Garchomp, L50, F|70/100
|turn|9
|
|t:|1782765408
|move|p2b: Sinistcha|Protect|p2b: Sinistcha
|-singleturn|p2b: Sinistcha|Protect
|move|p1a: Garchomp|Rock Slide|p2a: Incineroar|[spread] p2a
|-activate|p2b: Sinistcha|move: Protect
|-supereffective|p2a: Incineroar|1
|-damage|p2a: Incineroar|0 fnt
|faint|p2a: Incineroar
|move|p1b: Gholdengo|Shadow Ball|p2b: Sinistcha
|-activate|p2b: Sinistcha|move: Protect
|
|-sideend|p1: fa15eh0pe|move: Tailwind
|upkeep
|
|t:|1782765424
|switch|p2a: Delphox|Delphox-Mega, L50, M|62/100 par
|turn|10
|
|t:|1782765433
|move|p2a: Delphox|Protect|p2a: Delphox
|-singleturn|p2a: Delphox|Protect
|move|p1a: Garchomp|Rock Slide|p2b: Sinistcha|[spread] 
|-activate|p2a: Delphox|move: Protect
|-miss|p1a: Garchomp|p2b: Sinistcha
|move|p1b: Gholdengo|Shadow Ball|p2a: Delphox
|-activate|p2a: Delphox|move: Protect
|move|p2b: Sinistcha|Life Dew|p2b: Sinistcha|[spread] p2a,p2b
|-heal|p2a: Delphox|87/100 par
|-heal|p2b: Sinistcha|92/100 par
|
|upkeep
|turn|11
|
|t:|1782765449
|move|p2b: Sinistcha|Rage Powder|p2b: Sinistcha
|-singleturn|p2b: Sinistcha|move: Rage Powder
|move|p1a: Garchomp|Rock Slide|p2b: Sinistcha|[spread] p2b
|-miss|p1a: Garchomp|p2a: Delphox
|-damage|p2b: Sinistcha|75/100 par
|move|p1b: Gholdengo|Shadow Ball|p2b: Sinistcha
|-supereffective|p2b: Sinistcha|1
|-enditem|p2b: Sinistcha|Kasib Berry|[eat]
|-enditem|p2b: Sinistcha|Kasib Berry|[weaken]
|-damage|p2b: Sinistcha|0 fnt
|faint|p2b: Sinistcha
|-damage|p1b: Gholdengo|74/100|[from] item: Life Orb
|move|p2a: Delphox|Heat Wave|p1b: Gholdengo|[spread] p1a,p1b
|-resisted|p1a: Garchomp|1
|-supereffective|p1b: Gholdengo|1
|-damage|p1a: Garchomp|50/100g
|-damage|p1b: Gholdengo|0 fnt
|faint|p1b: Gholdengo
|
|upkeep
|
|t:|1782765463
|switch|p2b: Vivillon|Vivillon, L50, F|91/100
|turn|12
|
|t:|1782765467
|move|p2b: Vivillon|Sleep Powder|p1a: Garchomp
|-status|p1a: Garchomp|slp|[from] move: Sleep Powder
|cant|p1a: Garchomp|slp
|move|p2a: Delphox|Psychic|p1a: Garchomp
|-damage|p1a: Garchomp|4/100 slp
|-enditem|p1a: Garchomp|Sitrus Berry|[eat]
|-heal|p1a: Garchomp|29/100 slp|[from] item: Sitrus Berry
|
|upkeep
|turn|13
|
|t:|1782765481
|move|p2b: Vivillon|Sleep Powder|p1a: Garchomp
|-fail|p1a: Garchomp|slp
|-curestatus|p1a: Garchomp|slp|[msg]
|move|p1a: Garchomp|Rock Slide|p2a: Delphox|[spread] p2a,p2b
|-supereffective|p2a: Delphox|1
|-supereffective|p2b: Vivillon|2
|-damage|p2a: Delphox|37/100 par
|-damage|p2b: Vivillon|0 fnt
|faint|p2b: Vivillon
|move|p2a: Delphox|Psychic|p1a: Garchomp
|-damage|p1a: Garchomp|0 fnt
|faint|p1a: Garchomp
|
|win|ClefableBot
|raw|fa15eh0pe's rating: 1134 → 1117(-17 for losing)
|raw|ClefableBot's rating: 1257 → 1274(+17 for winning)
|l|☆fa15eh0pe
|player|p1|
