|j|â˜†ThomasTheLamb
|j|â˜†Mashuno
|html|ThomasTheLambMashuno    
|uhtml|bestof|Game 2 of a best-of-3
|t:|1784047494
|gametype|doubles
|player|p1|ThomasTheLamb|102|1180
|player|p2|Mashuno|harlequin|1140
|gen|9
|tier|[Gen 9 Champions] VGC 2026 Reg M-B (Bo3)
|rated|
|rule|Species Clause: Limit one of each PokÃ©mon
|rule|Item Clause: Limit 1 of each item
|clearpoke
|poke|p1|Charizard, L50, F|
|poke|p1|Sylveon, L50, F|
|poke|p1|Kingambit, L50, F|
|poke|p1|Basculegion, L50, M|
|poke|p1|Garchomp, L50, M|
|poke|p1|Aerodactyl, L50, F|
|poke|p2|Pelipper, L50, M|
|poke|p2|Venusaur, L50, M|
|poke|p2|Blastoise, L50, M|
|poke|p2|Sinistcha, L50|
|poke|p2|Sableye, L50, F|
|poke|p2|Gholdengo, L50|
|teampreview|4
|showteam|p1|Charizard||CharizarditeY|Blaze|HeatWave,SolarBeam,WeatherBall,Protect|Timid||F|||50|]Sylveon||FairyFeather|Pixilate|Detect,HyperVoice,Yawn,QuickAttack|Sassy||F|||50|]Kingambit||ChopleBerry|Defiant|SuckerPunch,KowtowCleave,LowKick,IronHead|Adamant||F|||50|]Basculegion||FocusSash|Adaptability|Protect,LastRespects,AquaJet,Liquidation|Adamant||M|||50|]Garchomp||SitrusBerry|RoughSkin|RockTomb,Earthquake,DragonClaw,Protect|Jolly||M|||50|]Aerodactyl||Aerodactylite|Unnerve|Tailwind,DualWingbeat,RockSlide,WideGuard|Jolly||F|||50|
|showteam|p2|Pelipper||FocusSash|Drizzle|WeatherBall,Hurricane,Tailwind,RainDance|Modest||M|||50|]Venusaur||Venusaurite|Overgrow|Protect,GigaDrain,SludgeBomb,EarthPower|Modest||M|||50|]Blastoise||Blastoisinite|RainDish|Protect,WaterSpout,DarkPulse,AuraSphere|Modest||M|||50|]Sinistcha||SitrusBerry|Hospitality|MatchaGotcha,RagePowder,LifeDew,TrickRoom|Bold|||||50|]Sableye||LightClay|Prankster|FoulPlay,LightScreen,Reflect,RainDance|Impish||F|||50|]Gholdengo||ChoiceScarf|GoodasGold|MakeItRain,ShadowBall,PowerGem,Trick|Timid|||||50|
|inactive|Battle timer is ON: inactive players will automatically lose when time's up. (requested by ThomasTheLamb)
|inactive|Mashuno has 60 seconds left.
|
|t:|1784047589
|teamsize|p1|4
|teamsize|p2|4
|start
|switch|p1a: Charizard|Charizard, L50, F|100/100
|switch|p1b: Garchomp|Garchomp, L50, M|100/100
|switch|p2a: Blastoise|Blastoise, L50, M|100/100
|switch|p2b: 5 Bands Bob|Sableye, L50, F|100/100
|turn|1
|
|t:|1784047611
|move|p1a: Charizard|Protect|p1a: Charizard
|-singleturn|p1a: Charizard|Protect
|move|p2a: Blastoise|Protect|p2a: Blastoise
|-singleturn|p2a: Blastoise|Protect
|move|p2b: 5 Bands Bob|Rain Dance|p2b: 5 Bands Bob
|-weather|RainDance
|move|p1b: Garchomp|Earthquake|p2a: Blastoise|[spread] p2b
|-activate|p1a: Charizard|move: Protect
|-activate|p2a: Blastoise|move: Protect
|-damage|p2b: 5 Bands Bob|46/100
|
|-weather|RainDance|[upkeep]
|upkeep
|turn|2
|
|t:|1784047635
|switch|p2a: Ghol.D.engo|Gholdengo, L50|100/100
|detailschange|p1a: Charizard|Charizard-Mega-Y, L50, F
|-mega|p1a: Charizard|Charizard|Charizardite Y
|-weather|SunnyDay|[from] ability: Drought|[of] p1a: Charizard
|move|p2b: 5 Bands Bob|Reflect|p2b: 5 Bands Bob
|-sidestart|p2: Mashuno|Reflect
|move|p1b: Garchomp|Earthquake|p2a: Ghol.D.engo|[spread] p2a,p2b
|-immune|p1a: Charizard
|-supereffective|p2a: Ghol.D.engo|1
|-damage|p2a: Ghol.D.engo|45/100
|-damage|p2b: 5 Bands Bob|12/100
|move|p1a: Charizard|Solar Beam||[still]
|-prepare|p1a: Charizard|Solar Beam
|-anim|p1a: Charizard|Solar Beam|p2a: Ghol.D.engo
|-resisted|p2a: Ghol.D.engo|1
|-damage|p2a: Ghol.D.engo|15/100
|
|-weather|SunnyDay|[upkeep]
|upkeep
|turn|3
|inactive|Mashuno has 30 seconds left.
|inactive|Mashuno has 20 seconds left.
|inactive|Mashuno has 15 seconds left.
|
|t:|1784047676
|move|p1b: Garchomp|Protect|p1b: Garchomp
|-singleturn|p1b: Garchomp|Protect
|move|p2a: Ghol.D.engo|Make It Rain|p1a: Charizard|[spread] p1a
|-activate|p1b: Garchomp|move: Protect
|-resisted|p1a: Charizard|1
|-damage|p1a: Charizard|78/100
|-unboost|p2a: Ghol.D.engo|spa|2
|move|p1a: Charizard|Heat Wave|p2b: 5 Bands Bob|[spread] p2a,p2b
|-supereffective|p2a: Ghol.D.engo|1
|-crit|p2a: Ghol.D.engo
|-damage|p2a: Ghol.D.engo|0 fnt
|-damage|p2b: 5 Bands Bob|0 fnt
|faint|p2a: Ghol.D.engo
|faint|p2b: 5 Bands Bob
|
|-weather|SunnyDay|[upkeep]
|upkeep
|c|â˜†Mashuno|I THOUGHT YOU'D SWITCH D:
|inactive|Mashuno has 30 seconds left.
|c|â˜†ThomasTheLamb|never
|inactive|Mashuno has 20 seconds left.
|c|â˜†Mashuno|You werent scared of power gem?
|inactive|Mashuno has 15 seconds left.
|
|t:|1784047719
|switch|p2a: Dai News|Pelipper, L50, M|100/100
|switch|p2b: Blastoise|Blastoise, L50, M|100/100
|-weather|RainDance|[from] ability: Drizzle|[of] p2a: Dai News
|turn|4
|c|â˜†ThomasTheLamb|nope
|c|â˜†ThomasTheLamb|i didnt even know ngl
|c|â˜†Mashuno|bruh:')
|inactive|Mashuno has 30 seconds left.
|
|t:|1784047747
|switch|p1a: Kingambit|Kingambit, L50, F|100/100
|move|p2b: Blastoise|Protect|p2b: Blastoise
|-singleturn|p2b: Blastoise|Protect
|move|p1b: Garchomp|Rock Tomb|p2a: Dai News
|-supereffective|p2a: Dai News|1
|-damage|p2a: Dai News|67/100
|-unboost|p2a: Dai News|spe|1
|move|p2a: Dai News|Tailwind|p2a: Dai News
|-sidestart|p2: Mashuno|move: Tailwind
|
|-weather|RainDance|[upkeep]
|upkeep
|turn|5
|inactive|ThomasTheLamb has 30 seconds left.
|inactive|Mashuno has 30 seconds left.
|inactive|Mashuno has 20 seconds left.
|
|t:|1784047786
|switch|p1a: Charizard|Charizard-Mega-Y, L50, F|78/100
|-weather|SunnyDay|[from] ability: Drought|[of] p1a: Charizard
|detailschange|p2b: Blastoise|Blastoise-Mega, L50, M
|-mega|p2b: Blastoise|Blastoise|Blastoisinite
|move|p2b: Blastoise|Water Spout|p1b: Garchomp|[spread] p1a,p1b
|-supereffective|p1a: Charizard|1
|-damage|p1a: Charizard|10/100
|-damage|p1b: Garchomp|63/100
|move|p1b: Garchomp|Rock Tomb|p2a: Dai News
|-supereffective|p2a: Dai News|1
|-damage|p2a: Dai News|35/100
|-unboost|p2a: Dai News|spe|1
|move|p2a: Dai News|Rain Dance|p2a: Dai News
|-weather|RainDance
|
|-weather|RainDance|[upkeep]
|upkeep
|turn|6
|inactive|ThomasTheLamb has 30 seconds left.
|
|t:|1784047817
|switch|p1a: Kingambit|Kingambit, L50, F|100/100
|move|p2b: Blastoise|Water Spout|p1a: Kingambit|[spread] p1a,p1b
|-damage|p1a: Kingambit|1/100
|-damage|p1b: Garchomp|0 fnt
|faint|p1b: Garchomp
|move|p2a: Dai News|Weather Ball|p1a: Kingambit
|-damage|p1a: Kingambit|0 fnt
|faint|p1a: Kingambit
|
|-weather|RainDance|[upkeep]
|upkeep
|
|t:|1784047829
|switch|p1b: Charizard|Charizard-Mega-Y, L50, F|10/100
|switch|p1a: Aerodactyl|Aerodactyl, L50, F|100/100
|-ability|p1a: Aerodactyl|Unnerve
|-weather|SunnyDay|[from] ability: Drought|[of] p1b: Charizard
|turn|7
|inactive|Mashuno has 30 seconds left.
|inactive|Mashuno has 20 seconds left.
|
|t:|1784047868
|move|p1a: Aerodactyl|Wide Guard|p1a: Aerodactyl
|-singleturn|p1a: Aerodactyl|Wide Guard
|move|p2b: Blastoise|Dark Pulse|p1b: Charizard
|-damage|p1b: Charizard|0 fnt
|faint|p1b: Charizard
|move|p2a: Dai News|Rain Dance|p2a: Dai News
|-weather|RainDance
|
|-weather|RainDance|[upkeep]
|-sideend|p2: Mashuno|move: Tailwind
|upkeep
|turn|8
|c|â˜†ThomasTheLamb|im a seller
|
|t:|1784047890
|move|p1a: Aerodactyl|Rock Slide|p2a: Dai News|[spread] p2a
|-miss|p1a: Aerodactyl|p2b: Blastoise
|-supereffective|p2a: Dai News|1
|-crit|p2a: Dai News
|-damage|p2a: Dai News|0 fnt
|faint|p2a: Dai News
|move|p2b: Blastoise|Water Spout|p1a: Aerodactyl
|-supereffective|p1a: Aerodactyl|1
|-damage|p1a: Aerodactyl|0 fnt
|faint|p1a: Aerodactyl
|
|win|Mashuno
||ThomasTheLamb is ready for game 3.
|c|â˜†Mashuno|Game 3 of 3
|l|â˜†ThomasTheLamb
|player|p1|
