|j|☆Semiau
|j|☆mackerjuan
|html|Semiaumackerjuan    
|uhtml|bestof|Game 2 of a best-of-3
|t:|1756219782
|gametype|doubles
|player|p1|Semiau|policeman|1129
|player|p2|mackerjuan|102|1180
|gen|9
|tier|[Gen 9] VGC 2025 Reg H (Bo3)
|rated|
|rule|Species Clause: Limit one of each Pokémon
|rule|Item Clause: Limit 1 of each item
|clearpoke
|poke|p1|Indeedee-F, L50, F|
|poke|p1|Typhlosion-Hisui, L50, F|
|poke|p1|Gallade, L50, M|
|poke|p1|Toxtricity, L50, F|
|poke|p1|Ursaluna-Bloodmoon, L50, M|
|poke|p1|Torkoal, L50, F|
|poke|p2|Incineroar, L50, F|
|poke|p2|Gholdengo, L50|
|poke|p2|Porygon2, L50|
|poke|p2|Ursaluna, L50, F|
|poke|p2|Amoonguss, L50, F|
|poke|p2|Hydreigon, L50, M|
|teampreview|4
|showteam|p1|Indeedee-F||PsychicSeed|PsychicSurge|HelpingHand,FollowMe,DazzlingGleam,TrickRoom|||F|||50|,,,,,Fairy]Typhlosion-Hisui||ChoiceScarf|Frisk|Eruption,Overheat,ShadowBall,FocusBlast|||F|||50|,,,,,Fire]Gallade||FocusSash|Sharpness|PsychoCut,SacredSword,WideGuard,TrickRoom|||M|||50|,,,,,Psychic]Toxtricity||ChoiceSpecs|PunkRock|Boomburst,Overdrive,VoltSwitch,SludgeBomb|||F|||50|,,,,,Normal]Ursaluna-Bloodmoon||ThroatSpray|MindsEye|HyperVoice,BloodMoon,EarthPower,Protect|||M|||50|,,,,,Normal]Torkoal||Charcoal|Drought|Eruption,Yawn,Protect,Flamethrower|||F|||50|,,,,,Fire
|showteam|p2|Incineroar||SafetyGoggles|Intimidate|FlareBlitz,KnockOff,FakeOut,PartingShot|||F|||50|,,,,,Ghost]Gholdengo||LifeOrb|GoodasGold|MakeItRain,ShadowBall,NastyPlot,Protect||||||50|,,,,,Water]Porygon2||Eviolite|Download|TeraBlast,IceBeam,Recover,TrickRoom||||||50|,,,,,Fighting]Ursaluna||FlameOrb|Guts|Facade,HeadlongRush,Earthquake,Protect|||F|||50|,,,,,Ghost]Amoonguss||SitrusBerry|Regenerator|PollenPuff,Spore,RagePowder,Protect|||F|||50|,,,,,Water]Hydreigon||CovertCloak|Levitate|Taunt,Tailwind,DracoMeteor,Snarl|||M|||50|,,,,,Steel
|inactive|Battle timer is ON: inactive players will automatically lose when time's up. (requested by mackerjuan)
|
|t:|1756219810
|teamsize|p1|4
|teamsize|p2|4
|start
|switch|p1a: Indeedee|Indeedee-F, L50, F|100/100
|switch|p1b: Typhlosion|Typhlosion-Hisui, L50, F|100/100
|switch|p2a: Incineroar|Incineroar, L50, F|100/100
|switch|p2b: Hydreigon|Hydreigon, L50, M|100/100
|-item|p2a: Incineroar|Safety Goggles|[from] ability: Frisk|[of] p1b: Typhlosion
|-item|p2b: Hydreigon|Covert Cloak|[from] ability: Frisk|[of] p1b: Typhlosion
|-fieldstart|move: Psychic Terrain|[from] ability: Psychic Surge|[of] p1a: Indeedee
|-enditem|p1a: Indeedee|Psychic Seed
|-boost|p1a: Indeedee|spd|1|[from] item: Psychic Seed
|-ability|p2a: Incineroar|Intimidate|boost
|-unboost|p1a: Indeedee|atk|1
|-unboost|p1b: Typhlosion|atk|1
|turn|1
|inactive|mackerjuan has 30 seconds left.
|
|t:|1756219839
|switch|p1b: Toxtricity|Toxtricity, L50, F|100/100
|switch|p2b: Gholdengo|Gholdengo, L50|100/100
|move|p1a: Indeedee|Dazzling Gleam|p2b: Gholdengo|[spread] p2a,p2b
|-resisted|p2b: Gholdengo
|-damage|p2a: Incineroar|89/100
|-damage|p2b: Gholdengo|94/100
|move|p2a: Incineroar|Parting Shot|p1b: Toxtricity
|-unboost|p1b: Toxtricity|atk|1
|-unboost|p1b: Toxtricity|spa|1
|
|t:|1756219852
|switch|p2a: Hydreigon|Hydreigon, L50, M|100/100|[from] Parting Shot
|
|upkeep
|turn|2
|
|t:|1756219876
|move|p2a: Hydreigon|Snarl|p1b: Toxtricity|[spread] p1a,p1b
|-supereffective|p1a: Indeedee
|-crit|p1a: Indeedee
|-damage|p1a: Indeedee|53/100
|-damage|p1b: Toxtricity|87/100
|-unboost|p1a: Indeedee|spa|1
|-unboost|p1b: Toxtricity|spa|1
|move|p2b: Gholdengo|Nasty Plot|p2b: Gholdengo
|-boost|p2b: Gholdengo|spa|2
|move|p1b: Toxtricity|Volt Switch|p2b: Gholdengo
|-damage|p2b: Gholdengo|68/100
|
|t:|1756219882
|switch|p1b: Gallade|Gallade, L50, M|100/100|[from] Volt Switch
|move|p1a: Indeedee|Trick Room|p1a: Indeedee
|-fieldstart|move: Trick Room|[of] p1a: Indeedee
|
|upkeep
|turn|3
|
|t:|1756219911
|switch|p2a: Incineroar|Incineroar, L50, F|89/100
|-ability|p2a: Incineroar|Intimidate|boost
|-unboost|p1a: Indeedee|atk|1
|-unboost|p1b: Gallade|atk|1
|-terastallize|p1b: Gallade|Psychic
|move|p1a: Indeedee|Helping Hand|p1b: Gallade
|-singleturn|p1b: Gallade|Helping Hand|[of] p1a: Indeedee
|move|p1b: Gallade|Psycho Cut|p2b: Gholdengo
|-resisted|p2b: Gholdengo
|-damage|p2b: Gholdengo|14/100
|move|p2b: Gholdengo|Make It Rain|p1a: Indeedee|[spread] p1a,p1b
|-damage|p1a: Indeedee|2/100
|-enditem|p1b: Gallade|Focus Sash
|-damage|p1b: Gallade|1/100
|-unboost|p2b: Gholdengo|spa|1
|-damage|p2b: Gholdengo|4/100|[from] item: Life Orb
|
|upkeep
|turn|4
|
|t:|1756219940
|move|p2b: Gholdengo|Protect|p2b: Gholdengo
|-singleturn|p2b: Gholdengo|Protect
|move|p2a: Incineroar|Flare Blitz|p1b: Gallade
|-damage|p1b: Gallade|0 fnt
|faint|p1b: Gallade
|-damage|p2a: Incineroar|88/100|[from] Recoil
|move|p1a: Indeedee|Dazzling Gleam|p2b: Gholdengo|[spread] p2a
|-activate|p2b: Gholdengo|move: Protect
|-damage|p2a: Incineroar|81/100
|
|upkeep
|
|t:|1756219945
|switch|p1b: Toxtricity|Toxtricity, L50, F|87/100
|turn|5
|
|t:|1756219956
|switch|p2b: Ursaluna|Ursaluna, L50, F|100/100
|move|p1a: Indeedee|Helping Hand|p1b: Toxtricity
|-singleturn|p1b: Toxtricity|Helping Hand|[of] p1a: Indeedee
|move|p2a: Incineroar|Knock Off|p1b: Toxtricity
|-damage|p1b: Toxtricity|26/100
|-enditem|p1b: Toxtricity|Choice Specs|[from] move: Knock Off|[of] p2a: Incineroar
|move|p1b: Toxtricity|Overdrive|p2a: Incineroar|[spread] p2a
|-immune|p2b: Ursaluna
|-damage|p2a: Incineroar|34/100
|
|-fieldend|move: Psychic Terrain
|-status|p2b: Ursaluna|brn|[from] item: Flame Orb
|upkeep
|turn|6
|
|t:|1756219969
|move|p2b: Ursaluna|Earthquake|p1b: Toxtricity|[spread] p2a,p1a,p1b
|-supereffective|p2a: Incineroar
|-supereffective|p1b: Toxtricity
|-damage|p2a: Incineroar|0 fnt
|-damage|p1a: Indeedee|0 fnt
|-damage|p1b: Toxtricity|0 fnt
|faint|p2a: Incineroar
|faint|p1a: Indeedee
|faint|p1b: Toxtricity
|
|-damage|p2b: Ursaluna|95/100 brn|[from] brn
|-fieldend|move: Trick Room
|upkeep
|c|☆Semiau|Paliza me líquidaste jaja
|
|t:|1756219988
|switch|p1b: Typhlosion|Typhlosion-Hisui, L50, F|100/100
|switch|p2a: Hydreigon|Hydreigon, L50, M|100/100
|-item|p2a: Hydreigon|Covert Cloak|[from] ability: Frisk|[of] p1b: Typhlosion
|-item|p2b: Ursaluna|Flame Orb|[from] ability: Frisk|[of] p1b: Typhlosion
|turn|7
|
|t:|1756220001
|-terastallize|p2b: Ursaluna|Ghost
|move|p1b: Typhlosion|Focus Blast|p2a: Hydreigon
|-supereffective|p2a: Hydreigon
|-crit|p2a: Hydreigon
|-damage|p2a: Hydreigon|0 fnt
|faint|p2a: Hydreigon
|move|p2b: Ursaluna|Earthquake|p1b: Typhlosion
|-supereffective|p1b: Typhlosion
|-damage|p1b: Typhlosion|0 fnt
|faint|p1b: Typhlosion
|
|win|mackerjuan
|raw|Semiau's rating: 1129 → 1108(-21 for losing)
|raw|mackerjuan's rating: 1180 → 1201(+21 for winning)
|l|☆Semiau
|player|p1|
