|j|☆CaratroncoSun
|j|☆burbujina
|html|CaratroncoSunburbujina    
|uhtml|bestof|Game 1 of a best-of-3
|t:|1782415216
|gametype|doubles
|player|p1|CaratroncoSun|juan|1271
|player|p2|burbujina|brawly|1367
|gen|9
|tier|[Gen 9 Champions] VGC 2026 Reg M-B (Bo3)
|rated|
|rule|Species Clause: Limit one of each Pokémon
|rule|Item Clause: Limit 1 of each item
|clearpoke
|poke|p1|Overqwil, L50, F, shiny|
|poke|p1|Swampert, L50, M|
|poke|p1|Pelipper, L50, F|
|poke|p1|Metagross, L50, shiny|
|poke|p1|Sneasler, L50, F|
|poke|p1|Sinistcha-Masterpiece, L50|
|poke|p2|Raichu, L50, M|
|poke|p2|Staraptor, L50, M|
|poke|p2|Farigiraf, L50, F|
|poke|p2|Sylveon, L50, F|
|poke|p2|Kingambit, L50, F|
|poke|p2|Basculegion, L50, M|
|teampreview|4
|showteam|p1|Overqwil||LifeOrb|SwiftSwim|Protect,PoisonJab,ThroatChop,Liquidation|Adamant||F|||50|]Swampert||Swampertite|Damp|Protect,WaveCrash,HighHorsepower,IcePunch|Adamant||M|||50|]Pelipper||FocusSash|Drizzle|RainDance,Tailwind,Hurricane,WeatherBall|Modest||F|||50|]Metagross||Metagrossite|ClearBody|Protect,PsychicFangs,IronHead,IcePunch|Jolly|||||50|]Sneasler||WhiteHerb|Unburden|Coaching,FakeOut,DireClaw,CloseCombat|Jolly||F|||50|]Sinistcha-Masterpiece||SitrusBerry|Hospitality|MatchaGotcha,TrickRoom,LifeDew,RagePowder|Bold|||||50|
|showteam|p2|Raichu||RaichuniteY|LightningRod|FakeOut,ZapCannon,FocusBlast,Protect|Timid||M|||50|]Staraptor||Staraptite|Intimidate|BraveBird,CloseCombat,Roost,Protect|Jolly||M|||50|]Farigiraf||SitrusBerry|ArmorTail|Psychic,Thunderbolt,TrickRoom,HelpingHand|Calm||F|||50|]Sylveon||FairyFeather|Pixilate|HyperVoice,HyperBeam,QuickAttack,Detect|Modest||F|||50|]Kingambit||FocusSash|Defiant|KowtowCleave,IronHead,SuckerPunch,LowKick|Adamant||F|||50|]Basculegion||LifeOrb|Adaptability|WaveCrash,LastRespects,AquaJet,Protect|Adamant||M|||50|
|
|t:|1782415267
|teamsize|p1|4
|teamsize|p2|4
|start
|switch|p1a: Overqwil|Overqwil, L50, F, shiny|100/100
|switch|p1b: Sneasler|Sneasler, L50, F|100/100
|switch|p2a: Staraptor|Staraptor, L50, M|100/100
|switch|p2b: Basculegion|Basculegion, L50, M|100/100
|-ability|p2a: Staraptor|Intimidate|boost
|-unboost|p1a: Overqwil|atk|1
|-unboost|p1b: Sneasler|atk|1
|-enditem|p1b: Sneasler|White Herb
|-clearnegativeboost|p1b: Sneasler|[silent]
|turn|1
|
|t:|1782415294
|switch|p2b: Farigiraf|Farigiraf, L50, F|100/100
|detailschange|p2a: Staraptor|Staraptor-Mega, L50, M
|-mega|p2a: Staraptor|Staraptor|Staraptite
|move|p1a: Overqwil|Protect|p1a: Overqwil
|-singleturn|p1a: Overqwil|Protect
|move|p1b: Sneasler|Coaching|p1a: Overqwil
|-boost|p1a: Overqwil|atk|1
|-boost|p1a: Overqwil|def|1
|move|p2a: Staraptor|Close Combat|p1a: Overqwil
|-activate|p1a: Overqwil|move: Protect
|
|upkeep
|turn|2
|
|t:|1782415310
|switch|p2b: Kingambit|Kingambit, L50, F|100/100
|move|p1b: Sneasler|Coaching|p1a: Overqwil
|-boost|p1a: Overqwil|atk|1
|-boost|p1a: Overqwil|def|1
|move|p2a: Staraptor|Close Combat|p1a: Overqwil
|-damage|p1a: Overqwil|62/100
|-boost|p2a: Staraptor|def|1
|-boost|p2a: Staraptor|spd|1
|move|p1a: Overqwil|Throat Chop|p2b: Kingambit
|-resisted|p2b: Kingambit|1
|-damage|p2b: Kingambit|62/100
|-start|p2b: Kingambit|Throat Chop|[silent]
|-damage|p1a: Overqwil|52/100|[from] item: Life Orb
|
|upkeep
|turn|3
|
|t:|1782415352
|move|p1b: Sneasler|Coaching|p1a: Overqwil
|-boost|p1a: Overqwil|atk|1
|-boost|p1a: Overqwil|def|1
|move|p2a: Staraptor|Close Combat|p1a: Overqwil
|-damage|p1a: Overqwil|23/100
|-boost|p2a: Staraptor|def|1
|-boost|p2a: Staraptor|spd|1
|move|p1a: Overqwil|Poison Jab|p2a: Staraptor
|-damage|p2a: Staraptor|42/100
|-damage|p1a: Overqwil|13/100|[from] item: Life Orb
|move|p2b: Kingambit|Iron Head|p1a: Overqwil
|-damage|p1a: Overqwil|0 fnt
|faint|p1a: Overqwil
|
|-end|p2b: Kingambit|Throat Chop|[silent]
|upkeep
|
|t:|1782415366
|switch|p1a: Metagross|Metagross, L50, shiny|100/100
|turn|4
|
|t:|1782415392
|move|p1a: Metagross|Protect|p1a: Metagross
|-singleturn|p1a: Metagross|Protect
|move|p1b: Sneasler|Close Combat|p2b: Kingambit
|-supereffective|p2b: Kingambit|2
|-damage|p2b: Kingambit|0 fnt
|-unboost|p1b: Sneasler|def|1
|-unboost|p1b: Sneasler|spd|1
|faint|p2b: Kingambit
|move|p2a: Staraptor|Roost|p2a: Staraptor
|-heal|p2a: Staraptor|92/100
|-singleturn|p2a: Staraptor|move: Roost
|
|upkeep
|
|t:|1782415403
|switch|p2b: Basculegion|Basculegion, L50, M|100/100
|turn|5
|
|t:|1782415414
|detailschange|p1a: Metagross|Metagross-Mega, L50, shiny
|-mega|p1a: Metagross|Metagross|Metagrossite
|move|p1b: Sneasler|Coaching|p1a: Metagross
|-boost|p1a: Metagross|atk|1
|-boost|p1a: Metagross|def|1
|move|p1a: Metagross|Psychic Fangs|p2b: Basculegion
|-damage|p2b: Basculegion|0 fnt
|faint|p2b: Basculegion
|move|p2a: Staraptor|Close Combat|p1a: Metagross
|-damage|p1a: Metagross|68/100
|-boost|p2a: Staraptor|def|1
|-boost|p2a: Staraptor|spd|1
|
|upkeep
|
|t:|1782415425
|switch|p2b: Farigiraf|Farigiraf, L50, F|100/100
|turn|6
|
|t:|1782415444
|move|p1b: Sneasler|Coaching|p1a: Metagross
|-boost|p1a: Metagross|atk|1
|-boost|p1a: Metagross|def|1
|move|p2a: Staraptor|Close Combat|p1a: Metagross
|-damage|p1a: Metagross|43/100
|-boost|p2a: Staraptor|def|1
|-boost|p2a: Staraptor|spd|1
|move|p1a: Metagross|Psychic Fangs|p2a: Staraptor
|-supereffective|p2a: Staraptor|1
|-damage|p2a: Staraptor|10/100
|move|p2b: Farigiraf|Psychic|p1b: Sneasler
|-supereffective|p1b: Sneasler|2
|-damage|p1b: Sneasler|0 fnt
|faint|p1b: Sneasler
|
|upkeep
|
|t:|1782415457
|switch|p1b: Pelipper|Pelipper, L50, F|100/100
|-weather|RainDance|[from] ability: Drizzle|[of] p1b: Pelipper
|turn|7
|
|t:|1782415482
|move|p2b: Farigiraf|Helping Hand|p2a: Staraptor
|-singleturn|p2a: Staraptor|Helping Hand|[of] p2b: Farigiraf
|move|p2a: Staraptor|Close Combat|p1a: Metagross
|-damage|p1a: Metagross|5/100
|-boost|p2a: Staraptor|def|1
|-boost|p2a: Staraptor|spd|1
|move|p1a: Metagross|Psychic Fangs|p2a: Staraptor
|-supereffective|p2a: Staraptor|1
|-damage|p2a: Staraptor|0 fnt
|faint|p2a: Staraptor
|move|p1b: Pelipper|Weather Ball|p2b: Farigiraf
|-damage|p2b: Farigiraf|50/100g
|
|-weather|RainDance|[upkeep]
|upkeep
|turn|8
|
|t:|1782415498
|move|p1a: Metagross|Iron Head|p2b: Farigiraf
|-damage|p2b: Farigiraf|0 fnt
|faint|p2b: Farigiraf
|
|win|CaratroncoSun
