|j|☆chestnot
|j|☆roman_legend
|html|chestnotroman_legend    
|uhtml|bestof|Game 1 of a best-of-3
|t:|1757172159
|gametype|doubles
|player|p1|chestnot|collector|1119
|player|p2|roman_legend|nate-masters|1177
|gen|9
|tier|[Gen 9] VGC 2025 Reg H (Bo3)
|rated|
|rule|Species Clause: Limit one of each Pokémon
|rule|Item Clause: Limit 1 of each item
|clearpoke
|poke|p1|Ceruledge, L50, F|
|poke|p1|Sableye, L50, M|
|poke|p1|Rillaboom, L50, M|
|poke|p1|Incineroar, L50, F|
|poke|p1|Tauros-Paldea-Aqua, L50, M|
|poke|p1|Kilowattrel, L50, M|
|poke|p2|Gholdengo, L50|
|poke|p2|Sneasler, L50, M|
|poke|p2|Rillaboom, L50, M|
|poke|p2|Dragonite, L50, F|
|poke|p2|Ninetales-Alola, L50, M|
|poke|p2|Arcanine-Hisui, L50, M|
|teampreview|4
|showteam|p1|Ceruledge||GrassySeed|FlashFire|BitterBlade,Poltergeist,BulkUp,Protect|||F|||50|,,,,,Grass]Sableye||LightClay|Prankster|WillOWisp,LightScreen,Snarl,Encore|||M|||50|,,,,,Dark]Rillaboom||AssaultVest|GrassySurge|Uturn,DrumBeating,GrassyGlide,FakeOut|||M|||50|,,,,,Grass]Incineroar||RockyHelmet|Intimidate|KnockOff,PartingShot,FlareBlitz,FakeOut|||F|||50|,,,,,Bug]Tauros-Paldea-Aqua||MirrorHerb|Intimidate|CloseCombat,RagingBull,Protect,HighHorsepower|||M|||50|,,,,,Stellar]Kilowattrel||CovertCloak|Competitive|Thunderbolt,Tailwind,EerieImpulse,Protect|||M|||50|,,,,,Electric
|showteam|p2|Gholdengo||GrassySeed|GoodasGold|NastyPlot,MakeItRain,ShadowBall,Protect||||||50|,,,,,Water]Sneasler||WhiteHerb|Unburden|CloseCombat,DireClaw,Coaching,Protect|||M|||50|,,,,,Ghost]Rillaboom||AssaultVest|GrassySurge|FakeOut,GrassyGlide,DrumBeating,HighHorsepower|||M|||50|,,,,,Fire]Dragonite||LoadedDice|Multiscale|ScaleShot,StompingTantrum,Tailwind,Protect|||F|||50|,,,,,Ground]Ninetales-Alola||FocusSash|SnowWarning|Blizzard,IcyWind,Encore,AuroraVeil|||M|||50|,,,,,Ghost]Arcanine-Hisui||ClearAmulet|Intimidate|RockSlide,FlareBlitz,ExtremeSpeed,Protect|||M|||50|,,,,,Water
|inactive|Battle timer is ON: inactive players will automatically lose when time's up. (requested by chestnot)
|inactive|roman_legend has 60 seconds left.
|inactive|roman_legend has 30 seconds left.
|
|t:|1757172221
|teamsize|p1|4
|teamsize|p2|4
|start
|switch|p1a: Ceruledge|Ceruledge, L50, F|100/100
|switch|p1b: Sableye|Sableye, L50, M|100/100
|switch|p2a: Ninetales|Ninetales-Alola, L50, M|100/100
|switch|p2b: Gholdengo|Gholdengo, L50, shiny|100/100
|-weather|Snowscape|[from] ability: Snow Warning|[of] p2a: Ninetales
|turn|1
|inactive|chestnot has 30 seconds left.
|inactive|chestnot has 20 seconds left.
|inactive|chestnot has 15 seconds left.
|
|t:|1757172265
|switch|p2a: Arcanine|Arcanine-Hisui, L50, M, shiny|100/100
|-ability|p2a: Arcanine|Intimidate|boost
|-unboost|p1a: Ceruledge|atk|1
|-unboost|p1b: Sableye|atk|1
|-terastallize|p2b: Gholdengo|Water
|move|p1b: Sableye|Light Screen|p1b: Sableye
|-sidestart|p1: chestnot|move: Light Screen
|move|p2b: Gholdengo|Nasty Plot|p2b: Gholdengo
|-boost|p2b: Gholdengo|spa|2
|move|p1a: Ceruledge|Bitter Blade|p2a: Arcanine
|-resisted|p2a: Arcanine
|-damage|p2a: Arcanine|91/100
|
|-weather|Snowscape|[upkeep]
|upkeep
|turn|2
|inactive|chestnot has 30 seconds left.
|inactive|chestnot has 20 seconds left.
|inactive|chestnot has 15 seconds left.
|inactive|chestnot has 10 seconds left.
|
|t:|1757172312
|move|p2a: Arcanine|Rock Slide|p1a: Ceruledge|[spread] p1a
|-miss|p2a: Arcanine|p1b: Sableye
|-supereffective|p1a: Ceruledge
|-damage|p1a: Ceruledge|23/100
|move|p2b: Gholdengo|Shadow Ball|p1a: Ceruledge
|-supereffective|p1a: Ceruledge
|-damage|p1a: Ceruledge|0 fnt
|faint|p1a: Ceruledge
|move|p1b: Sableye|Snarl|p2a: Arcanine|[spread] p2b
|-miss|p1b: Sableye|p2a: Arcanine
|-damage|p2b: Gholdengo|90/100
|-unboost|p2b: Gholdengo|spa|1
|
|-weather|Snowscape|[upkeep]
|upkeep
|
|t:|1757172327
|switch|p1a: Incineroar|Incineroar, L50, F|100/100
|-ability|p1a: Incineroar|Intimidate|boost
|-fail|p2a: Arcanine|unboost|[from] item: Clear Amulet|[of] p2a: Arcanine
|-unboost|p2b: Gholdengo|atk|1
|turn|3
|
|t:|1757172340
|move|p2a: Arcanine|Rock Slide|p1a: Incineroar|[spread] p1a,p1b
|-supereffective|p1a: Incineroar
|-damage|p1a: Incineroar|52/100
|-damage|p1b: Sableye|58/100
|move|p2b: Gholdengo|Nasty Plot|p2b: Gholdengo
|-boost|p2b: Gholdengo|spa|2
|move|p1a: Incineroar|Knock Off|p2a: Arcanine
|-damage|p2a: Arcanine|31/100
|-enditem|p2a: Arcanine|Clear Amulet|[from] move: Knock Off|[of] p1a: Incineroar
|cant|p1b: Sableye|flinch
|
|-weather|Snowscape|[upkeep]
|upkeep
|turn|4
|
|t:|1757172358
|move|p2a: Arcanine|Rock Slide|p1a: Incineroar|[spread] p1a,p1b
|-supereffective|p1a: Incineroar
|-damage|p1a: Incineroar|1/100
|-damage|p1b: Sableye|22/100
|move|p2b: Gholdengo|Make It Rain|p1a: Incineroar|[spread] p1a,p1b
|-resisted|p1a: Incineroar
|-damage|p1a: Incineroar|0 fnt
|-damage|p1b: Sableye|0 fnt
|-unboost|p2b: Gholdengo|spa|1
|faint|p1a: Incineroar
|faint|p1b: Sableye
|
|-weather|Snowscape|[upkeep]
|upkeep
|
|t:|1757172370
|switch|p1b: Tauros|Tauros-Paldea-Aqua, L50, M|100/100
|-ability|p1b: Tauros|Intimidate|boost
|-unboost|p2a: Arcanine|atk|1
|-unboost|p2b: Gholdengo|atk|1
|turn|5
|
|t:|1757172379
|switch|p2a: Rillaboom|Rillaboom, L50, M|100/100
|-fieldstart|move: Grassy Terrain|[from] ability: Grassy Surge|[of] p2a: Rillaboom
|-enditem|p2b: Gholdengo|Grassy Seed
|-boost|p2b: Gholdengo|def|1|[from] item: Grassy Seed
|-enditem|p1b: Tauros|Mirror Herb
|-boost|p1b: Tauros|def|1|[from] item: Mirror Herb
|move|p2b: Gholdengo|Protect|p2b: Gholdengo
|-singleturn|p2b: Gholdengo|Protect
|move|p1b: Tauros|Raging Bull|p2a: Rillaboom
|-resisted|p2a: Rillaboom
|-damage|p2a: Rillaboom|79/100
|
|-weather|none
|-heal|p2a: Rillaboom|85/100|[from] Grassy Terrain
|-heal|p2b: Gholdengo|96/100|[from] Grassy Terrain
|upkeep
|turn|6
|
|t:|1757172396
|-terastallize|p1b: Tauros|Stellar
|move|p2a: Rillaboom|Fake Out|p1b: Tauros
|-damage|p1b: Tauros|91/100
|cant|p1b: Tauros|flinch
|move|p2b: Gholdengo|Nasty Plot|p2b: Gholdengo
|-boost|p2b: Gholdengo|spa|2
|
|-heal|p1b: Tauros|97/100|[from] Grassy Terrain
|-heal|p2a: Rillaboom|90/100|[from] Grassy Terrain
|-heal|p2b: Gholdengo|100/100|[from] Grassy Terrain
|upkeep
|turn|7
|
|t:|1757172408
|move|p2b: Gholdengo|Protect|p2b: Gholdengo
|-singleturn|p2b: Gholdengo|Protect
|move|p1b: Tauros|Close Combat|p2b: Gholdengo
|-activate|p2b: Gholdengo|move: Protect
|move|p2a: Rillaboom|Drum Beating|p1b: Tauros
|-supereffective|p1b: Tauros
|-crit|p1b: Tauros
|-damage|p1b: Tauros|0 fnt
|faint|p1b: Tauros
|
|win|roman_legend
||roman_legend is ready for game 2.
||chestnot is ready for game 2.
|uhtml|next|Next: Game 2 of 3
