|j|☆xMiQux
|j|☆Argentavis_Gaming
|html|xMiQuxArgentavis_Gaming    
|uhtml|bestof|Game 1 of a best-of-3
|t:|1782245113
|gametype|doubles
|player|p1|xMiQux|red|1046
|player|p2|Argentavis_Gaming|unknown|1132
|gen|9
|tier|[Gen 9 Champions] VGC 2026 Reg M-B (Bo3)
|rated|
|rule|Species Clause: Limit one of each Pokémon
|rule|Item Clause: Limit 1 of each item
|clearpoke
|poke|p1|Staraptor, L50, M, shiny|
|poke|p1|Whimsicott, L50, F|
|poke|p1|Basculegion, L50, M|
|poke|p1|Garchomp, L50, F|
|poke|p1|Raichu, L50, M, shiny|
|poke|p1|Espathra, L50, F|
|poke|p2|Metagross, L50|
|poke|p2|Hydreigon, L50, F|
|poke|p2|Staraptor, L50, F|
|poke|p2|Whimsicott, L50, M|
|poke|p2|Incineroar, L50, F|
|poke|p2|Sinistcha-Masterpiece, L50|
|teampreview|4
|showteam|p1|Staraptor||Staraptite|Intimidate|CloseCombat,Protect,SteelWing,AerialAce|Jolly||M|||50|]Whimsicott||FocusSash|Prankster|Charm,Tailwind,Protect,Moonblast|Timid||F|||50|]Basculegion||ChoiceScarf|Adaptability|WaveCrash,AquaJet,FlipTurn,LastRespects|Adamant||M|||50|]Garchomp||LifeOrb|RoughSkin|DragonClaw,Crunch,RockSlide,Earthquake|Adamant||F|||50|]Raichu||Leftovers|LightningRod|VoltSwitch,FakeOut,IronTail,Nuzzle|Jolly||M|||50|]Espathra||LightClay|Frisk|Reflect,Hypnosis,LightScreen,SkillSwap|Timid||F|||50|
|showteam|p2|Metagross||Metagrossite|ClearBody|IronHead,PsychicFangs,BulletPunch,Protect|Adamant|||||50|]Hydreigon||ChoiceScarf|Levitate|DarkPulse,DracoMeteor,Snarl,Uturn|Timid||F|||50|]Staraptor||Staraptite|Intimidate|CloseCombat,BraveBird,Roost,Protect|Jolly||F|||50|]Whimsicott||FocusSash|Prankster|Moonblast,Tailwind,Charm,Encore|Timid||M|||50|]Incineroar||SitrusBerry|Intimidate|FakeOut,DarkestLariat,FlareBlitz,PartingShot|Careful||F|||50|]Sinistcha-Masterpiece||KasibBerry|Hospitality|MatchaGotcha,TrickRoom,ShadowBall,RagePowder|Bold|||||50|
|
|t:|1782245141
|teamsize|p1|4
|teamsize|p2|4
|start
|switch|p1a: Whimsicott|Whimsicott, L50, F|100/100
|switch|p1b: Raichu|Raichu, L50, M, shiny|100/100
|switch|p2a: Hydreigon|Hydreigon, L50, F|100/100
|switch|p2b: Metagross|Metagross, L50|100/100
|turn|1
|
|t:|1782245182
|move|p2b: Metagross|Protect|p2b: Metagross
|-singleturn|p2b: Metagross|Protect
|move|p1b: Raichu|Fake Out|p2b: Metagross
|-activate|p2b: Metagross|move: Protect
|move|p2a: Hydreigon|U-turn|p1a: Whimsicott
|-damage|p1a: Whimsicott|85/100
|
|t:|1782245188
|switch|p2a: Whimsicott|Whimsicott, L50, M|100/100|[from] U-turn
|move|p1a: Whimsicott|Moonblast|p2a: Whimsicott
|-damage|p2a: Whimsicott|54/100
|
|upkeep
|turn|2
|
|t:|1782245199
|detailschange|p2b: Metagross|Metagross-Mega, L50
|-mega|p2b: Metagross|Metagross|Metagrossite
|move|p2a: Whimsicott|Tailwind|p2a: Whimsicott
|-sidestart|p2: Argentavis_Gaming|move: Tailwind
|move|p2b: Metagross|Bullet Punch|p1a: Whimsicott
|-supereffective|p1a: Whimsicott|1
|-damage|p1a: Whimsicott|24/100
|move|p1a: Whimsicott|Charm|p2b: Metagross
|-unboost|p2b: Metagross|atk|2
|move|p1b: Raichu|Nuzzle|p2b: Metagross
|-damage|p2b: Metagross|92/100
|-status|p2b: Metagross|par
|
|upkeep
|turn|3
|
|t:|1782245218
|switch|p2b: Hydreigon|Hydreigon, L50, F|100/100
|move|p1a: Whimsicott|Protect|p1a: Whimsicott
|-singleturn|p1a: Whimsicott|Protect
|move|p2a: Whimsicott|Encore|p1a: Whimsicott
|-activate|p1a: Whimsicott|move: Protect
|move|p1b: Raichu|Iron Tail|p2a: Whimsicott
|-supereffective|p2a: Whimsicott|1
|-damage|p2a: Whimsicott|0 fnt
|faint|p2a: Whimsicott
|
|upkeep
|
|t:|1782245228
|switch|p2a: Metagross|Metagross-Mega, L50|92/100 par
|turn|4
|
|t:|1782245243
|cant|p2a: Metagross|par
|move|p2b: Hydreigon|Dark Pulse|p1b: Raichu
|-damage|p1b: Raichu|35/100
|move|p1b: Raichu|Nuzzle|p2b: Hydreigon
|-resisted|p2b: Hydreigon|1
|-damage|p2b: Hydreigon|94/100
|-status|p2b: Hydreigon|par
|move|p1a: Whimsicott|Moonblast|p2b: Hydreigon
|-supereffective|p2b: Hydreigon|2
|-damage|p2b: Hydreigon|0 fnt
|faint|p2b: Hydreigon
|
|-heal|p1b: Raichu|41/100|[from] item: Leftovers
|upkeep
|
|t:|1782245249
|switch|p2b: Sinistcha|Sinistcha-Masterpiece, L50|100/100
|-heal|p2a: Metagross|100/100 par|[from] ability: Hospitality|[of] p2b: Sinistcha
|turn|5
|
|t:|1782245266
|move|p2a: Metagross|Bullet Punch|p1a: Whimsicott
|-supereffective|p1a: Whimsicott|1
|-crit|p1a: Whimsicott
|-damage|p1a: Whimsicott|0 fnt
|faint|p1a: Whimsicott
|move|p2b: Sinistcha|Shadow Ball|p1b: Raichu
|-crit|p1b: Raichu
|-damage|p1b: Raichu|0 fnt
|faint|p1b: Raichu
|
|-sideend|p2: Argentavis_Gaming|move: Tailwind
|upkeep
|
|t:|1782245275
|switch|p1b: Staraptor|Staraptor, L50, M, shiny|100/100
|switch|p1a: Garchomp|Garchomp, L50, F|100/100
|-ability|p1b: Staraptor|Intimidate|boost
|-unboost|p2a: Metagross|atk|1
|-unboost|p2b: Sinistcha|atk|1
|turn|6
|
|t:|1782245291
|detailschange|p1b: Staraptor|Staraptor-Mega, L50, M, shiny
|-mega|p1b: Staraptor|Staraptor|Staraptite
|cant|p2a: Metagross|par
|move|p1b: Staraptor|Close Combat|p2a: Metagross
|-damage|p2a: Metagross|43/100 par
|-boost|p1b: Staraptor|def|1
|-boost|p1b: Staraptor|spd|1
|move|p1a: Garchomp|Earthquake|p2a: Metagross|[spread] p2a,p2b
|-immune|p1b: Staraptor
|-supereffective|p2a: Metagross|1
|-resisted|p2b: Sinistcha|1
|-damage|p2a: Metagross|0 fnt
|-damage|p2b: Sinistcha|76/100
|faint|p2a: Metagross
|-damage|p1a: Garchomp|90/100|[from] item: Life Orb
|move|p2b: Sinistcha|Trick Room|p2b: Sinistcha
|-fieldstart|move: Trick Room|[of] p2b: Sinistcha
|
|upkeep
|turn|7
|-message|Argentavis_Gaming forfeited.
|
|win|xMiQux
||Argentavis_Gaming is ready for game 2.
|inactive|xMiQux has 30 seconds to confirm battle start!
