|j|☆tailmyroom
|j|☆pgoiko
|html|tailmyroompgoiko    
|uhtml|bestof|Game 1 of a best-of-3
|t:|1756221372
|gametype|doubles
|player|p1|tailmyroom|scientist-gen4dp|1155
|player|p2|pgoiko|266|1294
|gen|9
|tier|[Gen 9] VGC 2025 Reg H (Bo3)
|rated|
|rule|Species Clause: Limit one of each Pokémon
|rule|Item Clause: Limit 1 of each item
|clearpoke
|poke|p1|Gholdengo, L50|
|poke|p1|Sneasler, L50, M|
|poke|p1|Rillaboom, L50, M|
|poke|p1|Dragonite, L50, F|
|poke|p1|Ninetales-Alola, L50, F|
|poke|p1|Arcanine-Hisui, L50, M|
|poke|p2|Indeedee-F, L50, F|
|poke|p2|Armarouge, L50, M|
|poke|p2|Torkoal, L50, M|
|poke|p2|Ursaluna, L50, F|
|poke|p2|Hatterene, L50, F|
|poke|p2|Lilligant-Hisui, L50, F|
|teampreview|4
|showteam|p1|Gholdengo||GrassySeed|GoodasGold|NastyPlot,MakeItRain,ShadowBall,Protect||||||50|,,,,,Water]Sneasler||WhiteHerb|Unburden|CloseCombat,DireClaw,Coaching,Protect|||M|||50|,,,,,Ghost]Rillaboom||AssaultVest|GrassySurge|FakeOut,GrassyGlide,DrumBeating,HighHorsepower|||M|||50|,,,,,Fire]Dragonite||LoadedDice|Multiscale|ScaleShot,StompingTantrum,Tailwind,Protect|||F|||50|,,,,,Ground]Ninetales-Alola||FocusSash|SnowWarning|Blizzard,IcyWind,Encore,AuroraVeil|||F|||50|,,,,,Ghost]Arcanine-Hisui||ClearAmulet|Intimidate|RockSlide,FlareBlitz,ExtremeSpeed,Protect|||M|||50|,,,,,Water
|showteam|p2|Indeedee-F||RockyHelmet|PsychicSurge|Psychic,HelpingHand,FollowMe,TrickRoom|||F|||50|,,,,,Grass]Armarouge||PowerHerb|FlashFire|ExpandingForce,ArmorCannon,MeteorBeam,TrickRoom|||M|||50|,,,,,Grass]Torkoal||Charcoal|Drought|Eruption,WeatherBall,HeatWave,Protect|||M|||50|,,,,,Fire]Ursaluna||FlameOrb|Guts|Facade,HeadlongRush,Substitute,Protect|||F|||50|,,,,,Ghost]Hatterene||LifeOrb|MagicBounce|ExpandingForce,DazzlingGleam,TrickRoom,Protect|||F|||50|,,,,,Psychic]Lilligant-Hisui||FocusSash|Chlorophyll|SolarBlade,CloseCombat,SleepPowder,AfterYou|||F|||50|,,,,,Ghost
|
|t:|1756221406
|teamsize|p1|4
|teamsize|p2|4
|start
|switch|p1a: Gholdengo|Gholdengo, L50|100/100
|switch|p1b: Arcanine|Arcanine-Hisui, L50, M|100/100
|switch|p2a: Torkoal|Torkoal, L50, M|100/100
|switch|p2b: Lilligant|Lilligant-Hisui, L50, F|100/100
|-ability|p1b: Arcanine|Intimidate|boost
|-unboost|p2a: Torkoal|atk|1
|-unboost|p2b: Lilligant|atk|1
|-weather|SunnyDay|[from] ability: Drought|[of] p2a: Torkoal
|turn|1
|
|t:|1756221439
|switch|p1b: Ninetales|Ninetales-Alola, L50, F|100/100
|-weather|Snowscape|[from] ability: Snow Warning|[of] p1b: Ninetales
|switch|p2a: Armarouge|Armarouge, L50, M|100/100
|-terastallize|p1a: Gholdengo|Water
|move|p2b: Lilligant|Sleep Powder|p1b: Ninetales
|-status|p1b: Ninetales|slp|[from] move: Sleep Powder
|move|p1a: Gholdengo|Nasty Plot|p1a: Gholdengo
|-boost|p1a: Gholdengo|spa|2
|
|-weather|Snowscape|[upkeep]
|upkeep
|turn|2
|
|t:|1756221459
|switch|p1b: Arcanine|Arcanine-Hisui, L50, M|100/100
|-ability|p1b: Arcanine|Intimidate|boost
|-unboost|p2a: Armarouge|atk|1
|-unboost|p2b: Lilligant|atk|1
|switch|p2a: Torkoal|Torkoal, L50, M|100/100
|-weather|SunnyDay|[from] ability: Drought|[of] p2a: Torkoal
|move|p1a: Gholdengo|Protect|p1a: Gholdengo
|-singleturn|p1a: Gholdengo|Protect
|move|p2b: Lilligant|Solar Blade||[still]
|-prepare|p2b: Lilligant|Solar Blade
|-anim|p2b: Lilligant|Solar Blade|p1a: Gholdengo
|-activate|p1a: Gholdengo|move: Protect
|
|-weather|SunnyDay|[upkeep]
|upkeep
|turn|3
|
|t:|1756221483
|switch|p2b: Armarouge|Armarouge, L50, M|100/100
|switch|p1b: Ninetales|Ninetales-Alola, L50, F|100/100 slp
|-weather|Snowscape|[from] ability: Snow Warning|[of] p1b: Ninetales
|move|p2a: Torkoal|Protect|p2a: Torkoal
|-singleturn|p2a: Torkoal|Protect
|move|p1a: Gholdengo|Shadow Ball|p2a: Torkoal
|-activate|p2a: Torkoal|move: Protect
|
|-weather|Snowscape|[upkeep]
|upkeep
|turn|4
|
|t:|1756221513
|switch|p2a: Hatterene|Hatterene, L50, F|100/100
|-terastallize|p2b: Armarouge|Grass
|cant|p1b: Ninetales|slp
|move|p1a: Gholdengo|Shadow Ball|p2b: Armarouge
|-damage|p2b: Armarouge|18/100
|move|p2b: Armarouge|Trick Room|p2b: Armarouge
|-fieldstart|move: Trick Room|[of] p2b: Armarouge
|
|-weather|Snowscape|[upkeep]
|upkeep
|turn|5
|
|t:|1756221554
|switch|p1b: Rillaboom|Rillaboom, L50, M|100/100
|-fieldstart|move: Grassy Terrain|[from] ability: Grassy Surge|[of] p1b: Rillaboom
|-enditem|p1a: Gholdengo|Grassy Seed
|-boost|p1a: Gholdengo|def|1|[from] item: Grassy Seed
|move|p2a: Hatterene|Expanding Force|p1a: Gholdengo
|-damage|p1a: Gholdengo|41/100
|-damage|p2a: Hatterene|91/100|[from] item: Life Orb
|move|p2b: Armarouge|Meteor Beam||[still]
|-prepare|p2b: Armarouge|Meteor Beam
|-boost|p2b: Armarouge|spa|1
|-enditem|p2b: Armarouge|Power Herb
|-anim|p2b: Armarouge|Meteor Beam|p1b: Rillaboom
|-damage|p1b: Rillaboom|43/100
|move|p1a: Gholdengo|Make It Rain|p2a: Hatterene|[spread] p2a,p2b
|-supereffective|p2a: Hatterene
|-damage|p2a: Hatterene|0 fnt
|-damage|p2b: Armarouge|0 fnt
|-unboost|p1a: Gholdengo|spa|1
|faint|p2a: Hatterene
|faint|p2b: Armarouge
|
|-weather|Snowscape|[upkeep]
|-heal|p1a: Gholdengo|47/100|[from] Grassy Terrain
|-heal|p1b: Rillaboom|49/100|[from] Grassy Terrain
|upkeep
|l|☆pgoiko
|player|p2|
|inactive|Battle timer is ON: inactive players will automatically lose when time's up. (requested by tailmyroom)
|j|☆pgoiko
|inactive|pgoiko reconnected and has 80 seconds left.
|player|p2|pgoiko|266|
|inactive|pgoiko has 60 seconds left.
|
|t:|1756221621
|switch|p2a: Torkoal|Torkoal, L50, M|100/100
|switch|p2b: Lilligant|Lilligant-Hisui, L50, F|100/100
|-weather|SunnyDay|[from] ability: Drought|[of] p2a: Torkoal
|turn|6
|
|t:|1756221634
|move|p1b: Rillaboom|Fake Out|p2a: Torkoal
|-damage|p2a: Torkoal|91/100
|cant|p2a: Torkoal|flinch
|move|p1a: Gholdengo|Make It Rain|p2b: Lilligant|[spread] p2a,p2b
|-resisted|p2a: Torkoal
|-damage|p2a: Torkoal|50/100
|-damage|p2b: Lilligant|3/100
|-unboost|p1a: Gholdengo|spa|1
|move|p2b: Lilligant|Solar Blade||[still]
|-prepare|p2b: Lilligant|Solar Blade
|-anim|p2b: Lilligant|Solar Blade|p1a: Gholdengo
|-supereffective|p1a: Gholdengo
|-crit|p1a: Gholdengo
|-damage|p1a: Gholdengo|0 fnt
|faint|p1a: Gholdengo
|
|-weather|SunnyDay|[upkeep]
|-heal|p2a: Torkoal|56/100|[from] Grassy Terrain
|-heal|p1b: Rillaboom|54/100|[from] Grassy Terrain
|-heal|p2b: Lilligant|9/100|[from] Grassy Terrain
|upkeep
|
|t:|1756221648
|switch|p1a: Ninetales|Ninetales-Alola, L50, F|100/100 slp
|-weather|Snowscape|[from] ability: Snow Warning|[of] p1a: Ninetales
|turn|7
|
|t:|1756221663
|move|p1b: Rillaboom|Grassy Glide|p2b: Lilligant
|-resisted|p2b: Lilligant
|-damage|p2b: Lilligant|0 fnt
|faint|p2b: Lilligant
|move|p2a: Torkoal|Heat Wave|p1b: Rillaboom|[spread] p1a,p1b
|-supereffective|p1a: Ninetales
|-supereffective|p1b: Rillaboom
|-damage|p1a: Ninetales|11/100 slp
|-damage|p1b: Rillaboom|0 fnt
|faint|p1b: Rillaboom
|cant|p1a: Ninetales|slp
|
|-weather|Snowscape|[upkeep]
|-heal|p2a: Torkoal|62/100|[from] Grassy Terrain
|-heal|p1a: Ninetales|17/100 slp|[from] Grassy Terrain
|upkeep
|
|t:|1756221669
|switch|p1b: Arcanine|Arcanine-Hisui, L50, M|100/100
|-ability|p1b: Arcanine|Intimidate|boost
|-unboost|p2a: Torkoal|atk|1
|turn|8
|
|t:|1756221689
|move|p2a: Torkoal|Heat Wave|p1a: Ninetales|[spread] p1a,p1b
|-supereffective|p1a: Ninetales
|-resisted|p1b: Arcanine
|-damage|p1a: Ninetales|0 fnt
|-damage|p1b: Arcanine|89/100
|faint|p1a: Ninetales
|move|p1b: Arcanine|Rock Slide|p2a: Torkoal|[miss]
|-miss|p1b: Arcanine|p2a: Torkoal
|
|-weather|Snowscape|[upkeep]
|-heal|p2a: Torkoal|68/100|[from] Grassy Terrain
|-heal|p1b: Arcanine|95/100|[from] Grassy Terrain
|-fieldend|move: Trick Room
|upkeep
|turn|9
|
|t:|1756221700
|move|p1b: Arcanine|Rock Slide|p2a: Torkoal
|-supereffective|p2a: Torkoal
|-damage|p2a: Torkoal|16/100
|move|p2a: Torkoal|Weather Ball|p1b: Arcanine
|-resisted|p1b: Arcanine
|-damage|p1b: Arcanine|78/100
|
|-weather|Snowscape|[upkeep]
|-heal|p1b: Arcanine|84/100|[from] Grassy Terrain
|-heal|p2a: Torkoal|23/100|[from] Grassy Terrain
|-fieldend|move: Grassy Terrain
|upkeep
|turn|10
|
|t:|1756221710
|move|p1b: Arcanine|Rock Slide|p2a: Torkoal
|-supereffective|p2a: Torkoal
|-damage|p2a: Torkoal|0 fnt
|faint|p2a: Torkoal
|
|win|tailmyroom
||tailmyroom is ready for game 2.
||pgoiko is ready for game 2.
|uhtml|next|Next: Game 2 of 3
