|j|☆aqueousbloop
|j|☆anderitur
|html|aqueousbloopanderitur    
|uhtml|bestof|Game 2 of a best-of-3
|t:|1756376245
|gametype|doubles
|player|p1|aqueousbloop|169|1115
|player|p2|anderitur|266|1123
|gen|9
|tier|[Gen 9] VGC 2025 Reg H (Bo3)
|rated|
|rule|Species Clause: Limit one of each Pokémon
|rule|Item Clause: Limit 1 of each item
|clearpoke
|poke|p1|Sneasler, L50, F|
|poke|p1|Basculegion, L50, M|
|poke|p1|Pelipper, L50, M|
|poke|p1|Lurantis, L50, F|
|poke|p1|Hatterene, L50, F|
|poke|p1|Archaludon, L50, F|
|poke|p2|Grimmsnarl, L50, M|
|poke|p2|Sinistcha, L50|
|poke|p2|Archaludon, L50, F|
|poke|p2|Maushold, L50|
|poke|p2|Pelipper, L50, M|
|poke|p2|Annihilape, L50, F|
|teampreview|4
|showteam|p1|Sneasler||SafetyGoggles|PoisonTouch|ThroatChop,CloseCombat,DireClaw,FakeOut|||F|||50|,,,,,Dark]Basculegion||ChoiceBand|SwiftSwim|FlipTurn,WaveCrash,LastRespects,AquaJet|||M|||50|,,,,,Grass]Pelipper||FocusSash|Drizzle|Hurricane,WeatherBall,WideGuard,Protect|||M|||50|,,,,,Ghost]Lurantis||AssaultVest|Contrary|Superpower,LeafBlade,KnockOff,LeechLife|||F|||50|,,,,,Poison]Hatterene||Leftovers|MagicBounce|TrickRoom,HelpingHand,DazzlingGleam,Protect|||F|||50|,,,,,Psychic]Archaludon||PowerHerb|Stamina|BodyPress,ElectroShot,DracoMeteor,Protect|||F|||50|,,,,,Water
|showteam|p2|Grimmsnarl||LightClay|Prankster|SpiritBreak,ThunderWave,Reflect,LightScreen|||M|||50|,,,,,Ghost]Sinistcha||SitrusBerry|Hospitality|MatchaGotcha,LifeDew,RagePowder,TrickRoom||||||50|,,,,,Dark]Archaludon||AssaultVest|Stamina|ElectroShot,FlashCannon,BodyPress,Snarl|||F|||50|,,,,,Grass]Maushold||SafetyGoggles|FriendGuard|BeatUp,Taunt,FollowMe,Protect||||||50|,,,,,Ghost]Pelipper||FocusSash|Drizzle|Hurricane,WeatherBall,Tailwind,Protect|||M|||50|,,,,,Ghost]Annihilape||Leftovers|Defiant|DrainPunch,RageFist,BulkUp,Protect|||F|||50|,,,,,Water
|inactive|Battle timer is ON: inactive players will automatically lose when time's up. (requested by anderitur)
|
|t:|1756376261
|teamsize|p1|4
|teamsize|p2|4
|start
|switch|p1a: Sneasler|Sneasler, L50, F|100/100
|switch|p1b: Basculegion|Basculegion, L50, M|100/100
|switch|p2a: Grimmsnarl|Grimmsnarl, L50, M|100/100
|switch|p2b: Archaludon|Archaludon, L50, F|100/100
|turn|1
|inactive|aqueousbloop has 30 seconds left.
|inactive|anderitur has 30 seconds left.
|inactive|aqueousbloop has 20 seconds left.
|inactive|anderitur has 20 seconds left.
|
|t:|1756376300
|-terastallize|p2b: Archaludon|Grass
|move|p1a: Sneasler|Fake Out|p2a: Grimmsnarl
|-damage|p2a: Grimmsnarl|83/100
|cant|p2a: Grimmsnarl|flinch
|move|p1b: Basculegion|Flip Turn|p2a: Grimmsnarl
|-damage|p2a: Grimmsnarl|38/100
|
|t:|1756376309
|switch|p1b: Lurantis|Lurantis, L50, F|100/100|[from] Flip Turn
|move|p2b: Archaludon|Flash Cannon|p1b: Lurantis
|-damage|p1b: Lurantis|74/100
|
|upkeep
|turn|2
|
|t:|1756376324
|move|p2a: Grimmsnarl|Reflect|p2a: Grimmsnarl
|-sidestart|p2: anderitur|Reflect
|move|p1a: Sneasler|Dire Claw|p2b: Archaludon
|-supereffective|p2b: Archaludon
|-damage|p2b: Archaludon|63/100
|-ability|p2b: Archaludon|Stamina|boost
|-boost|p2b: Archaludon|def|1
|move|p2b: Archaludon|Flash Cannon|p1a: Sneasler
|-damage|p1a: Sneasler|51/100
|move|p1b: Lurantis|Superpower|p2a: Grimmsnarl
|-damage|p2a: Grimmsnarl|9/100
|-boost|p1b: Lurantis|atk|1
|-boost|p1b: Lurantis|def|1
|
|upkeep
|turn|3
|inactive|aqueousbloop has 30 seconds left.
|
|t:|1756376354
|move|p2a: Grimmsnarl|Thunder Wave|p1a: Sneasler
|-status|p1a: Sneasler|par
|move|p2b: Archaludon|Flash Cannon|p1a: Sneasler
|-damage|p1a: Sneasler|2/100 par
|move|p1a: Sneasler|Dire Claw|p2a: Grimmsnarl
|-supereffective|p2a: Grimmsnarl
|-damage|p2a: Grimmsnarl|0 fnt
|faint|p2a: Grimmsnarl
|move|p1b: Lurantis|Leech Life|p2b: Archaludon
|-supereffective|p2b: Archaludon
|-damage|p2b: Archaludon|41/100
|-heal|p1b: Lurantis|87/100|[from] drain|[of] p2b: Archaludon
|-ability|p2b: Archaludon|Stamina|boost
|-boost|p2b: Archaludon|def|1
|
|upkeep
|
|t:|1756376370
|switch|p2a: Sinistcha|Sinistcha, L50|100/100
|-heal|p2b: Archaludon|66/100|[from] ability: Hospitality|[of] p2a: Sinistcha
|turn|4
|
|t:|1756376390
|switch|p2a: Annihilape|Annihilape, L50, F|100/100
|move|p2b: Archaludon|Snarl|p1b: Lurantis|[spread] p1a,p1b
|-resisted|p1a: Sneasler
|-damage|p1a: Sneasler|0 fnt
|-damage|p1b: Lurantis|78/100
|-boost|p1b: Lurantis|spa|1
|faint|p1a: Sneasler
|move|p1b: Lurantis|Superpower|p2b: Archaludon
|-crit|p2b: Archaludon
|-damage|p2b: Archaludon|9/100
|-boost|p1b: Lurantis|atk|1
|-boost|p1b: Lurantis|def|1
|-ability|p2b: Archaludon|Stamina|boost
|-boost|p2b: Archaludon|def|1
|
|upkeep
|inactive|aqueousbloop has 30 seconds left.
|
|t:|1756376420
|switch|p1a: Pelipper|Pelipper, L50, M|100/100
|-weather|RainDance|[from] ability: Drizzle|[of] p1a: Pelipper
|turn|5
|inactive|aqueousbloop has 30 seconds left.
|
|t:|1756376448
|switch|p2a: Sinistcha|Sinistcha, L50|100/100
|-heal|p2b: Archaludon|33/100|[from] ability: Hospitality|[of] p2a: Sinistcha
|move|p2b: Archaludon|Electro Shot||[still]
|-prepare|p2b: Archaludon|Electro Shot
|-boost|p2b: Archaludon|spa|1
|-anim|p2b: Archaludon|Electro Shot|p1a: Pelipper
|-supereffective|p1a: Pelipper
|-enditem|p1a: Pelipper|Focus Sash
|-damage|p1a: Pelipper|1/100
|move|p1a: Pelipper|Hurricane|p2a: Sinistcha
|-supereffective|p2a: Sinistcha
|-damage|p2a: Sinistcha|8/100
|-enditem|p2a: Sinistcha|Sitrus Berry|[eat]
|-heal|p2a: Sinistcha|33/100|[from] item: Sitrus Berry
|move|p1b: Lurantis|Superpower|p2b: Archaludon
|-damage|p2b: Archaludon|20/100
|-boost|p1b: Lurantis|atk|1
|-boost|p1b: Lurantis|def|1
|-ability|p2b: Archaludon|Stamina|boost
|-boost|p2b: Archaludon|def|1
|
|-weather|RainDance|[upkeep]
|upkeep
|turn|6
|inactive|aqueousbloop has 30 seconds left.
|inactive|anderitur has 30 seconds left.
|inactive|aqueousbloop has 20 seconds left.
|
|t:|1756376483
|switch|p2a: Annihilape|Annihilape, L50, F|100/100
|move|p1a: Pelipper|Protect|p1a: Pelipper
|-singleturn|p1a: Pelipper|Protect
|move|p2b: Archaludon|Snarl|p1b: Lurantis|[spread] p1b
|-activate|p1a: Pelipper|move: Protect
|-damage|p1b: Lurantis|65/100
|-boost|p1b: Lurantis|spa|1
|move|p1b: Lurantis|Superpower|p2b: Archaludon
|-crit|p2b: Archaludon
|-damage|p2b: Archaludon|0 fnt
|-boost|p1b: Lurantis|atk|1
|-boost|p1b: Lurantis|def|1
|faint|p2b: Archaludon
|
|-weather|RainDance|[upkeep]
|upkeep
|
|t:|1756376501
|switch|p2b: Sinistcha|Sinistcha, L50|33/100
|turn|7
|inactive|aqueousbloop has 30 seconds left.
|inactive|aqueousbloop has 20 seconds left.
|inactive|aqueousbloop has 15 seconds left.
|inactive|aqueousbloop has 10 seconds left.
|
|t:|1756376549
|move|p1a: Pelipper|Wide Guard|p1a: Pelipper
|-singleturn|p1a: Pelipper|Wide Guard
|move|p2a: Annihilape|Bulk Up|p2a: Annihilape
|-boost|p2a: Annihilape|atk|1
|-boost|p2a: Annihilape|def|1
|move|p2b: Sinistcha|Life Dew||[still]|[spread] p2a,p2b
|-fail|p2a: Annihilape|heal
|-heal|p2b: Sinistcha|58/100
|move|p1b: Lurantis|Leech Life|p2b: Sinistcha
|-damage|p2b: Sinistcha|7/100
|-heal|p1b: Lurantis|91/100|[from] drain|[of] p2b: Sinistcha
|
|-weather|RainDance|[upkeep]
|upkeep
|turn|8
|inactive|aqueousbloop has 30 seconds left.
|inactive|anderitur has 30 seconds left.
|inactive|aqueousbloop has 20 seconds left.
|inactive|aqueousbloop has 15 seconds left.
|inactive|aqueousbloop has 10 seconds left.
|
|t:|1756376597
|move|p2a: Annihilape|Bulk Up|p2a: Annihilape
|-boost|p2a: Annihilape|atk|1
|-boost|p2a: Annihilape|def|1
|move|p2b: Sinistcha|Life Dew||[still]|[spread] p2a,p2b
|-fail|p2a: Annihilape|heal
|-heal|p2b: Sinistcha|33/100
|move|p1a: Pelipper|Hurricane|p2b: Sinistcha
|-supereffective|p2b: Sinistcha
|-damage|p2b: Sinistcha|0 fnt
|faint|p2b: Sinistcha
|move|p1b: Lurantis|Knock Off|p2a: Annihilape
|-damage|p2a: Annihilape|67/100
|-enditem|p2a: Annihilape|Leftovers|[from] move: Knock Off|[of] p1b: Lurantis
|
|-weather|RainDance|[upkeep]
|upkeep
|turn|9
|inactive|aqueousbloop has 30 seconds left.
|inactive|aqueousbloop has 20 seconds left.
|
|t:|1756376636
|move|p2a: Annihilape|Rage Fist|p1b: Lurantis
|-damage|p1b: Lurantis|60/100
|move|p1a: Pelipper|Hurricane|p2a: Annihilape
|-supereffective|p2a: Annihilape
|-damage|p2a: Annihilape|0 fnt
|faint|p2a: Annihilape
|
|win|aqueousbloop
||aqueousbloop is ready for game 3.
|inactive|anderitur has 30 seconds to confirm battle start!
||anderitur is ready for game 3.
|uhtml|next|Next: Game 3 of 3
