|j|☆mikelpoyarzabal
|j|☆parmesanlugubre206
|html|mikelpoyarzabalparmesanlugubre206    
|uhtml|bestof|Game 3 of a best-of-3
|t:|1783881937
|gametype|doubles
|player|p1|mikelpoyarzabal|arven-s|1341
|player|p2|parmesanlugubre206|ethan|1306
|gen|9
|tier|[Gen 9 Champions] VGC 2026 Reg M-B (Bo3)
|rated|
|rule|Species Clause: Limit one of each Pokémon
|rule|Item Clause: Limit 1 of each item
|clearpoke
|poke|p1|Incineroar, L50, F|
|poke|p1|Sinistcha, L50|
|poke|p1|Sneasler, L50, M|
|poke|p1|Blastoise, L50, M|
|poke|p1|Delphox, L50, F|
|poke|p1|Kingambit, L50, F|
|poke|p2|Alakazam, L50, M|
|poke|p2|Meowstic, L50, M|
|poke|p2|Staraptor, L50, F|
|poke|p2|Sneasler, L50, M, shiny|
|poke|p2|Dragonite, L50, M|
|poke|p2|Aegislash, L50, F|
|teampreview|4
|showteam|p1|Incineroar||SitrusBerry|Intimidate|FakeOut,FlareBlitz,DarkestLariat,PartingShot|Impish||F|||50|]Sinistcha||OccaBerry|Hospitality|MatchaGotcha,TrickRoom,RagePowder,Protect|Bold|||||50|]Sneasler||FocusSash|PoisonTouch|FakeOut,CloseCombat,PoisonJab,RockTomb|Jolly||M|||50|]Blastoise||Blastoisinite|Torrent|WaterSpout,DarkPulse,ShellSmash,Protect|Modest||M|||50|]Delphox||Delphoxite|Blaze|HeatWave,Psychic,NastyPlot,Protect|Timid||F|||50|]Kingambit||LifeOrb|Defiant|SwordsDance,Protect,KowtowCleave,SuckerPunch|Adamant||F|||50|
|showteam|p2|Alakazam||Alakazite|InnerFocus|ExpandingForce,ShadowBall,Protect,Encore|Timid||M|||50|]Meowstic||FocusSash|Prankster|Psyshock,PsychicTerrain,Charm,ThunderWave|Modest||M|||50|]Staraptor||Staraptite|Intimidate|CloseCombat,BraveBird,Roost,Protect|Jolly||F|||50|]Sneasler||WhiteHerb|Unburden|CloseCombat,DireClaw,FakeOut,RockSlide|Jolly||M|||50|]Dragonite||LifeOrb|InnerFocus|DragonClaw,LowKick,Tailwind,Protect|Adamant||M|||50|]Aegislash||Leftovers|StanceChange|Poltergeist,IronHead,ShadowSneak,KingsShield|Adamant||F|||50|
|inactive|Battle timer is ON: inactive players will automatically lose when time's up. (requested by parmesanlugubre206)
|inactive|mikelpoyarzabal also wants the timer to be on.
|inactive|mikelpoyarzabal has 60 seconds left.
|
|t:|1783881978
|teamsize|p1|4
|teamsize|p2|4
|start
|switch|p1a: Incineroar|Incineroar, L50, F|100/100
|switch|p1b: Sinistcha|Sinistcha, L50|100/100
|switch|p2a: Dragonite|Dragonite, L50, M|100/100
|switch|p2b: Alakazam|Alakazam, L50, M|100/100
|-ability|p1a: Incineroar|Intimidate|boost
|-fail|p2a: Dragonite|unboost|Attack|[from] ability: Inner Focus|[of] p2a: Dragonite
|-fail|p2b: Alakazam|unboost|Attack|[from] ability: Inner Focus|[of] p2b: Alakazam
|turn|1
|
|t:|1783881993
|detailschange|p2b: Alakazam|Alakazam-Mega, L50, M
|-mega|p2b: Alakazam|Alakazam|Alakazite
|-ability|p2b: Alakazam|Hospitality|Trace|[from] ability: Trace|[of] p1b: Sinistcha
|move|p1a: Incineroar|Fake Out|p2b: Alakazam
|-crit|p2b: Alakazam
|-damage|p2b: Alakazam|71/100
|cant|p2b: Alakazam|flinch
|move|p2a: Dragonite|Dragon Claw|p1b: Sinistcha
|-damage|p1b: Sinistcha|48/100
|-damage|p2a: Dragonite|90/100|[from] item: Life Orb
|move|p1b: Sinistcha|Trick Room|p1b: Sinistcha
|-fieldstart|move: Trick Room|[of] p1b: Sinistcha
|
|upkeep
|turn|2
|
|t:|1783882007
|move|p2b: Alakazam|Protect|p2b: Alakazam
|-singleturn|p2b: Alakazam|Protect
|move|p1a: Incineroar|Parting Shot|p2a: Dragonite
|-unboost|p2a: Dragonite|atk|1
|-unboost|p2a: Dragonite|spa|1
|
|t:|1783882012
|switch|p1a: Blastoise|Blastoise, L50, M|100/100|[from] Parting Shot
|move|p1b: Sinistcha|Matcha Gotcha|p2b: Alakazam|[spread] p2a
|-activate|p2b: Alakazam|move: Protect
|-resisted|p2a: Dragonite|2
|-damage|p2a: Dragonite|84/100
|-heal|p1b: Sinistcha|51/100|[from] drain|[of] p2a: Dragonite
|move|p2a: Dragonite|Low Kick|p1b: Sinistcha
|-immune|p1b: Sinistcha
|
|upkeep
|turn|3
|
|t:|1783882020
|switch|p2b: Meowstic|Meowstic, L50, M|100/100
|detailschange|p1a: Blastoise|Blastoise-Mega, L50, M
|-mega|p1a: Blastoise|Blastoise|Blastoisinite
|move|p1b: Sinistcha|Rage Powder|p1b: Sinistcha
|-singleturn|p1b: Sinistcha|move: Rage Powder
|move|p1a: Blastoise|Dark Pulse|p2b: Meowstic
|-supereffective|p2b: Meowstic|1
|-enditem|p2b: Meowstic|Focus Sash
|-damage|p2b: Meowstic|1/100
|move|p2a: Dragonite|Dragon Claw|p1b: Sinistcha
|-damage|p1b: Sinistcha|16/100
|-damage|p2a: Dragonite|75/100|[from] item: Life Orb
|
|upkeep
|turn|4
|
|t:|1783882035
|move|p1b: Sinistcha|Rage Powder|p1b: Sinistcha
|-singleturn|p1b: Sinistcha|move: Rage Powder
|move|p1a: Blastoise|Water Spout|p2a: Dragonite|[spread] p2a,p2b
|-resisted|p2a: Dragonite|1
|-damage|p2a: Dragonite|42/100
|-damage|p2b: Meowstic|0 fnt
|faint|p2b: Meowstic
|move|p2a: Dragonite|Dragon Claw|p1b: Sinistcha
|-damage|p1b: Sinistcha|0 fnt
|faint|p1b: Sinistcha
|-damage|p2a: Dragonite|33/100|[from] item: Life Orb
|
|upkeep
|
|t:|1783882043
|switch|p1b: Incineroar|Incineroar, L50, F|100/100
|switch|p2b: Sneasler|Sneasler, L50, M, shiny|100/100
|-ability|p1b: Incineroar|Intimidate|boost
|-fail|p2a: Dragonite|unboost|Attack|[from] ability: Inner Focus|[of] p2a: Dragonite
|-unboost|p2b: Sneasler|atk|1
|-enditem|p2b: Sneasler|White Herb
|-clearnegativeboost|p2b: Sneasler|[silent]
|turn|5
|
|t:|1783882060
|move|p1b: Incineroar|Fake Out|p2b: Sneasler
|-damage|p2b: Sneasler|80/100
|cant|p2b: Sneasler|flinch
|move|p1a: Blastoise|Water Spout|p2b: Sneasler|[spread] p2a,p2b
|-resisted|p2a: Dragonite|1
|-damage|p2a: Dragonite|0 fnt
|-damage|p2b: Sneasler|0 fnt
|faint|p2a: Dragonite
|faint|p2b: Sneasler
|
|-fieldend|move: Trick Room
|upkeep
|
|t:|1783882066
|switch|p2b: Alakazam|Alakazam-Mega, L50, M|71/100
|-ability|p2b: Alakazam|Mega Launcher|Trace|[from] ability: Trace|[of] p1a: Blastoise
|turn|6
|
|t:|1783882077
|move|p2b: Alakazam|Encore|p1b: Incineroar
|-start|p1b: Incineroar|Encore
|move|p1b: Incineroar|Fake Out||[still]
|-hint|Fake Out only works on your first turn out.
|-fail|p1b: Incineroar
|move|p1a: Blastoise|Dark Pulse|p2b: Alakazam
|-supereffective|p2b: Alakazam|1
|-damage|p2b: Alakazam|0 fnt
|faint|p2b: Alakazam
|
|win|mikelpoyarzabal
|raw|mikelpoyarzabal's rating: 1341 → 1359(+18 for winning)
|raw|parmesanlugubre206's rating: 1306 → 1288(-18 for losing)
