|j|☆AltForRandomTeams
|j|☆ToshiVGC
|html|AltForRandomTeamsToshiVGC    
|uhtml|bestof|Game 2 of a best-of-3
|t:|1756367900
|gametype|doubles
|player|p1|AltForRandomTeams|kieran-champion|1047
|player|p2|ToshiVGC|elesa|1051
|gen|9
|tier|[Gen 9] VGC 2025 Reg H (Bo3)
|rated|
|rule|Species Clause: Limit one of each Pokémon
|rule|Item Clause: Limit 1 of each item
|clearpoke
|poke|p1|Pikachu, L50, F|
|poke|p1|Murkrow, L50, M|
|poke|p1|Gyarados, L50, M|
|poke|p1|Zoroark-Hisui, L50, M|
|poke|p1|Maushold, L50|
|poke|p1|Volcarona, L50, M|
|poke|p2|Annihilape, L50, M|
|poke|p2|Baxcalibur, L50, F|
|poke|p2|Ninetales-Alola, L50, M|
|poke|p2|Sinistcha, L50|
|poke|p2|Sneasler, L50, F|
|poke|p2|Indeedee, L50, M|
|teampreview|4
|showteam|p1|Pikachu||FocusSash|LightningRod|FakeOut,Nuzzle,Endeavor,Feint|||F|||50|,,,,,Ghost]Murkrow||Eviolite|Prankster|Haze,FoulPlay,Quash,Tailwind|||M|||50|,,,,,Ghost]Gyarados||ClearAmulet|Intimidate|Waterfall,TeraBlast,DragonDance,Protect|||M|||50|,,,,,Flying]Zoroark-Hisui||ChoiceSpecs|Illusion|HyperVoice,ShadowBall,Flamethrower,TeraBlast|||M|||50|,,,,,Dark]Maushold||WideLens|Technician|PopulationBomb,FakeTears,FollowMe,Protect||||||50|,,,,,Normal]Volcarona||Leftovers|FlameBody|HeatWave,GigaDrain,QuiverDance,Protect|||M|||50|,,,,,Grass
|showteam|p2|Annihilape||SafetyGoggles|Defiant|Taunt,DrainPunch,RageFist,BulkUp|||M|||50|,,,,,Fairy]Baxcalibur||LoadedDice|ThermalExchange|IcicleSpear,ScaleShot,Protect,HighHorsepower|||F|||50|,,,,,Ghost]Ninetales-Alola||FocusSash|SnowWarning|AuroraVeil,Protect,Blizzard,Moonblast|||M|||50|,,,,,Water]Sinistcha||SitrusBerry|Hospitality|MatchaGotcha,LifeDew,RagePowder,TrickRoom||||||50|,,,,,Dark]Sneasler||PsychicSeed|Unburden|DireClaw,Protect,CloseCombat,ThroatChop|||F|||50|,,,,,Dark]Indeedee||ChoiceScarf|PsychicSurge|ExpandingForce,TeraBlast,Trick,Protect|||M|||50|,,,,,Psychic
|inactive|Battle timer is ON: inactive players will automatically lose when time's up. (requested by AltForRandomTeams)
|
|t:|1756367923
|teamsize|p1|4
|teamsize|p2|4
|start
|switch|p1a: Pikachu|Pikachu, L50, F|100/100
|switch|p1b: Volcarona|Volcarona, L50, M|100/100
|switch|p2a: Sneasler|Sneasler, L50, F|100/100
|switch|p2b: Indeedee|Indeedee, L50, M|100/100
|-fieldstart|move: Psychic Terrain|[from] ability: Psychic Surge|[of] p2b: Indeedee
|-enditem|p2a: Sneasler|Psychic Seed
|-boost|p2a: Sneasler|spd|1|[from] item: Psychic Seed
|turn|1
|
|t:|1756367944
|-terastallize|p1b: Volcarona|Dark
|move|p2a: Sneasler|Dire Claw|p1a: Pikachu
|-enditem|p1a: Pikachu|Focus Sash
|-damage|p1a: Pikachu|2/100
|move|p2b: Indeedee|Expanding Force|p1b: Volcarona|[spread] p1a
|-immune|p1b: Volcarona
|-crit|p1a: Pikachu
|-damage|p1a: Pikachu|0 fnt
|faint|p1a: Pikachu
|move|p1b: Volcarona|Tera Blast|p2b: Indeedee|[anim] Tera Blast Dark
|-supereffective|p2b: Indeedee
|-damage|p2b: Indeedee|0 fnt
|faint|p2b: Indeedee
|
|upkeep
|
|t:|1756367962
|switch|p1a: Gyarados|Gyarados, L50, M, shiny|100/100
|switch|p2b: Annihilape|Annihilape, L50, M, shiny|100/100
|-ability|p1a: Gyarados|Intimidate|boost
|-unboost|p2a: Sneasler|atk|1
|-unboost|p2b: Annihilape|atk|1
|-ability|p2b: Annihilape|Defiant|boost
|-boost|p2b: Annihilape|atk|2
|turn|2
|inactive|ToshiVGC has 30 seconds left.
|inactive|ToshiVGC has 20 seconds left.
|
|t:|1756368000
|switch|p1b: Volcarona|Volcarona, L50, M|100/100
|-terastallize|p2b: Annihilape|Fairy
|move|p2a: Sneasler|Dire Claw|p1a: Gyarados
|-damage|p1a: Gyarados|58/100
|move|p2b: Annihilape|Drain Punch|p1b: Volcarona
|-resisted|p1b: Volcarona
|-damage|p1b: Volcarona|67/100
|move|p1a: Gyarados|Dragon Dance|p1a: Gyarados
|-boost|p1a: Gyarados|atk|1
|-boost|p1a: Gyarados|spe|1
|
|-heal|p1b: Volcarona|73/100|[from] item: Leftovers
|upkeep
|turn|3
|
|t:|1756368020
|move|p2a: Sneasler|Dire Claw|p1a: Gyarados
|-damage|p1a: Gyarados|22/100
|-status|p1a: Gyarados|par
|move|p2b: Annihilape|Rage Fist|p1b: Volcarona
|-damage|p1b: Volcarona|25/100
|move|p1b: Volcarona|Quiver Dance|p1b: Volcarona
|-boost|p1b: Volcarona|spa|1
|-boost|p1b: Volcarona|spd|1
|-boost|p1b: Volcarona|spe|1
|move|p1a: Gyarados|Waterfall|p2a: Sneasler
|-damage|p2a: Sneasler|0 fnt
|faint|p2a: Sneasler
|
|-heal|p1b: Volcarona|32/100|[from] item: Leftovers
|upkeep
|
|t:|1756368035
|switch|p2a: Sinistcha|Sinistcha, L50, shiny|100/100
|turn|4
|
|t:|1756368050
|move|p1b: Volcarona|Heat Wave|p2a: Sinistcha|[spread] p2a,p2b
|-supereffective|p2a: Sinistcha
|-damage|p2a: Sinistcha|0 fnt
|-damage|p2b: Annihilape|45/100
|-status|p2b: Annihilape|brn
|faint|p2a: Sinistcha
|move|p2b: Annihilape|Rage Fist|p1b: Volcarona
|-damage|p1b: Volcarona|0 fnt
|faint|p1b: Volcarona
|cant|p1a: Gyarados|par
|
|-damage|p2b: Annihilape|38/100 brn|[from] brn
|upkeep
|
|t:|1756368059
|switch|p1b: Zoroark|Zoroark-Hisui, L50, M, tera:Dark|100/100
|turn|5
|
|t:|1756368067
|move|p1b: Zoroark|Hyper Voice|p2b: Annihilape
|-crit|p2b: Annihilape
|-damage|p2b: Annihilape|0 fnt
|faint|p2b: Annihilape
|
|win|AltForRandomTeams
|raw|AltForRandomTeams's rating: 1047 → 1080(+33 for winning)
|raw|ToshiVGC's rating: 1051 → 1033(-18 for losing)
|l|☆ToshiVGC
|player|p2|
|l|☆AltForRandomTeams
|player|p1|
|j|☆AltForRandomTeams
|player|p1|AltForRandomTeams|kieran-champion|
