|j|☆chimbuotza
|j|☆okes30
|html|chimbuotzaokes30    
|uhtml|bestof|Game 2 of a best-of-3
|t:|1784215403
|gametype|doubles
|player|p1|chimbuotza|102|1202
|player|p2|okes30|1|1164
|gen|9
|tier|[Gen 9 Champions] VGC 2026 Reg M-B (Bo3)
|rated|
|rule|Species Clause: Limit one of each Pokémon
|rule|Item Clause: Limit 1 of each item
|clearpoke
|poke|p1|Sneasler, L50, M|
|poke|p1|Blastoise, L50, M|
|poke|p1|Kingambit, L50, M|
|poke|p1|Incineroar, L50, M|
|poke|p1|Delphox, L50, F|
|poke|p1|Sinistcha, L50|
|poke|p2|Delphox, L50, F|
|poke|p2|Blastoise, L50, F|
|poke|p2|Sinistcha-Masterpiece, L50|
|poke|p2|Sneasler, L50, M|
|poke|p2|Incineroar, L50, F, shiny|
|poke|p2|Kingambit, L50, M|
|teampreview|4
|showteam|p1|Sneasler||FocusSash|PoisonTouch|PoisonJab,CloseCombat,FakeOut,QuickGuard|Jolly||M|||50|]Blastoise||Blastoisinite|RainDish|DarkPulse,WaterSpout,ShellSmash,Protect|Modest||M|||50|]Kingambit||BlackGlasses|Defiant|KowtowCleave,SuckerPunch,SwordsDance,Protect|Adamant||M|||50|]Incineroar||SitrusBerry|Intimidate|FlareBlitz,HelpingHand,PartingShot,FakeOut|Careful||M|||50|]Delphox||Delphoxite|Blaze|HeatWave,NastyPlot,Psyshock,Protect|Modest||F|||50|]Sinistcha||KasibBerry|Hospitality|MatchaGotcha,RagePowder,TrickRoom,Protect|Bold|||||50|
|showteam|p2|Delphox||Delphoxite|Blaze|HeatWave,Psyshock,NastyPlot,Protect|Modest||F|||50|]Blastoise||Blastoisinite|RainDish|WaterSpout,DarkPulse,ShellSmash,Protect|Modest||F|||50|]Sinistcha-Masterpiece||MentalHerb|Hospitality|TrickRoom,MatchaGotcha,RagePowder,Imprison|Calm|||||50|]Sneasler||FocusSash|PoisonTouch|PoisonJab,FakeOut,QuickGuard,CloseCombat|Adamant||M|||50|]Incineroar||SitrusBerry|Intimidate|PartingShot,FakeOut,FlareBlitz,ThroatChop|Careful||F|||50|]Kingambit||BlackGlasses|Defiant|LowKick,SuckerPunch,KowtowCleave,Protect|Adamant||M|||50|
|inactive|Battle timer is ON: inactive players will automatically lose when time's up. (requested by chimbuotza)
|inactive|okes30 has 60 seconds left.
|
|t:|1784215464
|teamsize|p1|4
|teamsize|p2|4
|start
|switch|p1a: Blastoise|Blastoise, L50, M|100/100
|switch|p1b: Sneasler|Sneasler, L50, M|100/100
|switch|p2a: Sneasler|Sneasler, L50, M|100/100
|switch|p2b: Blastoise|Blastoise, L50, F|100/100
|turn|1
|
|t:|1784215475
|detailschange|p1a: Blastoise|Blastoise-Mega, L50, M
|-mega|p1a: Blastoise|Blastoise|Blastoisinite
|detailschange|p2b: Blastoise|Blastoise-Mega, L50, F
|-mega|p2b: Blastoise|Blastoise|Blastoisinite
|move|p1b: Sneasler|Fake Out|p2a: Sneasler
|-damage|p2a: Sneasler|79/100
|cant|p2a: Sneasler|flinch
|move|p1a: Blastoise|Shell Smash|p1a: Blastoise
|-unboost|p1a: Blastoise|def|1
|-unboost|p1a: Blastoise|spd|1
|-boost|p1a: Blastoise|atk|2
|-boost|p1a: Blastoise|spa|2
|-boost|p1a: Blastoise|spe|2
|move|p2b: Blastoise|Shell Smash|p2b: Blastoise
|-unboost|p2b: Blastoise|def|1
|-unboost|p2b: Blastoise|spd|1
|-boost|p2b: Blastoise|atk|2
|-boost|p2b: Blastoise|spa|2
|-boost|p2b: Blastoise|spe|2
|
|upkeep
|turn|2
|inactive|okes30 has 30 seconds left.
|
|t:|1784215507
|switch|p2a: Sinistcha|Sinistcha-Masterpiece, L50|100/100
|move|p1a: Blastoise|Water Spout|p2a: Sinistcha|[spread] p2a,p2b
|-resisted|p2a: Sinistcha|1
|-resisted|p2b: Blastoise|1
|-damage|p2a: Sinistcha|39/100
|-damage|p2b: Blastoise|4/100
|move|p2b: Blastoise|Dark Pulse|p1a: Blastoise
|-damage|p1a: Blastoise|0 fnt
|faint|p1a: Blastoise
|move|p1b: Sneasler|Close Combat|p2b: Blastoise
|-damage|p2b: Blastoise|0 fnt
|-unboost|p1b: Sneasler|def|1
|-unboost|p1b: Sneasler|spd|1
|faint|p2b: Blastoise
|
|upkeep
|
|t:|1784215522
|switch|p1a: Kingambit|Kingambit, L50, M|100/100
|switch|p2b: Sneasler|Sneasler, L50, M|79/100
|turn|3
|inactive|okes30 has 30 seconds left.
|
|t:|1784215548
|move|p1b: Sneasler|Quick Guard|p1b: Sneasler
|-singleturn|p1b: Sneasler|Quick Guard
|move|p2b: Sneasler|Close Combat|p1a: Kingambit
|-supereffective|p1a: Kingambit|2
|-damage|p1a: Kingambit|0 fnt
|-unboost|p2b: Sneasler|def|1
|-unboost|p2b: Sneasler|spd|1
|faint|p1a: Kingambit
|move|p2a: Sinistcha|Matcha Gotcha|p1b: Sneasler
|-resisted|p1b: Sneasler|1
|-damage|p1b: Sneasler|65/100
|-heal|p2a: Sinistcha|56/100|[from] drain|[of] p1b: Sneasler
|
|upkeep
|
|t:|1784215552
|switch|p1a: Sinistcha|Sinistcha, L50|100/100
|-heal|p1b: Sneasler|90/100|[from] ability: Hospitality|[of] p1a: Sinistcha
|turn|4
|inactive|okes30 has 30 seconds left.
|
|t:|1784215579
|move|p2a: Sinistcha|Rage Powder|p2a: Sinistcha
|-singleturn|p2a: Sinistcha|move: Rage Powder
|move|p1b: Sneasler|Poison Jab|p2a: Sinistcha
|-damage|p2a: Sinistcha|17/100
|move|p2b: Sneasler|Poison Jab|p1a: Sinistcha
|-damage|p1a: Sinistcha|65/100
|move|p1a: Sinistcha|Matcha Gotcha|p2b: Sneasler|[spread] p2a,p2b
|-resisted|p2a: Sinistcha|1
|-resisted|p2b: Sneasler|1
|-damage|p2a: Sinistcha|6/100
|-heal|p1a: Sinistcha|71/100|[from] drain|[of] p2a: Sinistcha
|-damage|p2b: Sneasler|58/100
|-heal|p1a: Sinistcha|82/100|[from] drain|[of] p2b: Sneasler
|
|upkeep
|turn|5
|inactive|okes30 has 30 seconds left.
|
|t:|1784215605
|move|p2a: Sinistcha|Rage Powder|p2a: Sinistcha
|-singleturn|p2a: Sinistcha|move: Rage Powder
|move|p1b: Sneasler|Poison Jab|p2a: Sinistcha
|-damage|p2a: Sinistcha|0 fnt
|faint|p2a: Sinistcha
|move|p2b: Sneasler|Close Combat|p1b: Sneasler
|-resisted|p1b: Sneasler|1
|-damage|p1b: Sneasler|14/100
|-unboost|p2b: Sneasler|def|1
|-unboost|p2b: Sneasler|spd|1
|move|p1a: Sinistcha|Matcha Gotcha|p2b: Sneasler|[miss]
|-miss|p1a: Sinistcha|p2b: Sneasler
|
|upkeep
|
|t:|1784215609
|switch|p2a: Kingambit|Kingambit, L50, M|100/100
|turn|6
|
|t:|1784215618
|move|p2a: Kingambit|Protect|p2a: Kingambit
|-singleturn|p2a: Kingambit|Protect
|move|p1a: Sinistcha|Rage Powder|p1a: Sinistcha
|-singleturn|p1a: Sinistcha|move: Rage Powder
|move|p1b: Sneasler|Close Combat|p2a: Kingambit
|-activate|p2a: Kingambit|move: Protect
|move|p2b: Sneasler|Close Combat|p1a: Sinistcha
|-immune|p1a: Sinistcha
|
|upkeep
|turn|7
|inactive|okes30 has 30 seconds left.
|
|t:|1784215651
|move|p2a: Kingambit|Protect|p2a: Kingambit
|-singleturn|p2a: Kingambit|Protect
|move|p1a: Sinistcha|Rage Powder|p1a: Sinistcha
|-singleturn|p1a: Sinistcha|move: Rage Powder
|move|p1b: Sneasler|Close Combat|p2a: Kingambit
|-activate|p2a: Kingambit|move: Protect
|move|p2b: Sneasler|Poison Jab|p1a: Sinistcha
|-damage|p1a: Sinistcha|50/100y
|
|upkeep
|turn|8
|
|t:|1784215676
|move|p1a: Sinistcha|Rage Powder|p1a: Sinistcha
|-singleturn|p1a: Sinistcha|move: Rage Powder
|move|p1b: Sneasler|Close Combat|p2a: Kingambit
|-supereffective|p2a: Kingambit|2
|-damage|p2a: Kingambit|0 fnt
|-unboost|p1b: Sneasler|def|1
|-unboost|p1b: Sneasler|spd|1
|faint|p2a: Kingambit
|move|p2b: Sneasler|Poison Jab|p1a: Sinistcha
|-damage|p1a: Sinistcha|14/100
|-status|p1a: Sinistcha|psn|[from] ability: Poison Touch|[of] p2b: Sneasler
|
|-damage|p1a: Sinistcha|2/100 psn|[from] psn
|upkeep
|turn|9
|
|t:|1784215687
|move|p1a: Sinistcha|Rage Powder|p1a: Sinistcha
|-singleturn|p1a: Sinistcha|move: Rage Powder
|move|p1b: Sneasler|Close Combat|p2b: Sneasler
|-resisted|p2b: Sneasler|1
|-damage|p2b: Sneasler|0 fnt
|-unboost|p1b: Sneasler|def|1
|-unboost|p1b: Sneasler|spd|1
|faint|p2b: Sneasler
|
|win|chimbuotza
|raw|chimbuotza's rating: 1202 → 1224(+22 for winning)
|raw|okes30's rating: 1164 → 1142(-22 for losing)
|l|☆okes30
|player|p2|
|j|☆okes30
|player|p2|okes30|1|
