|j|☆Sabis RPPLF
|j|☆artymasion
|html|Sabis RPPLFartymasion    
|uhtml|bestof|Game 2 of a best-of-3
|t:|1782337216
|gametype|doubles
|player|p1|Sabis RPPLF|ltsurge|
|player|p2|artymasion|#ndwcvfrance|
|gen|9
|tier|[Gen 9 Champions] VGC 2026 Reg M-B (Bo3)
|rule|Species Clause: Limit one of each Pokémon
|rule|Item Clause: Limit 1 of each item
|clearpoke
|poke|p1|Staraptor, L50, F, shiny|
|poke|p1|Farigiraf, L50, M|
|poke|p1|Mawile, L50, M|
|poke|p1|Sableye, L50, F, shiny|
|poke|p1|Torkoal, L50, F|
|poke|p1|Garchomp, L50, F|
|poke|p2|Scrafty, L50, F|
|poke|p2|Gholdengo, L50|
|poke|p2|Aerodactyl, L50, M|
|poke|p2|Garchomp, L50, F|
|poke|p2|Ninetales-Alola, L50, M|
|poke|p2|Sylveon, L50, M|
|teampreview|4
|showteam|p1|Staraptor||ChoiceScarf|Intimidate|FinalGambit,BraveBird,CloseCombat,Uturn|Jolly||F|||50|]Farigiraf||SitrusBerry|ArmorTail|Psychic,Thunderbolt,TrickRoom,Protect|Modest||M|||50|]Mawile||Mawilite|Intimidate|PlayRough,SuckerPunch,IronHead,Protect|Brave||M|||50|]Sableye||FocusSash|Prankster|Quash,FakeOut,WillOWisp,Encore|Impish||F|||50|]Torkoal||Charcoal|Drought|Eruption,EarthPower,HeatWave,Protect|Quiet||F|||50|]Garchomp||LifeOrb|RoughSkin|Earthquake,RockSlide,DragonClaw,Protect|Jolly||F|||50|
|showteam|p2|Scrafty||Scraftinite|Intimidate|DrainPunch,SwordsDance,KnockOff,FakeOut|Adamant||F|||50|]Gholdengo||ChoiceScarf|GoodasGold|MakeItRain,SteelBeam,ShadowBall,PowerGem|Modest|||||50|]Aerodactyl||FocusSash|Unnerve|DualWingbeat,RockSlide,Tailwind,Protect|Jolly||M|||50|]Garchomp||RoseliBerry|RoughSkin|DragonClaw,RockSlide,PoisonJab,Earthquake|Adamant||F|||50|]Ninetales-Alola||LightClay|SnowWarning|AuroraVeil,IcyWind,Encore,Blizzard|Timid||M|||50|]Sylveon||LifeOrb|Pixilate|HyperBeam,HyperVoice,QuickAttack,Detect|Modest||M|||50|
|j| Frankl1♥
|j| Themagiclicorne
|j| Sulfura152
|j| Trigazelli
|
|t:|1782337253
|teamsize|p1|4
|teamsize|p2|4
|start
|switch|p1a: Coucou|Staraptor, L50, F, shiny|100/100
|switch|p1b: Melman|Farigiraf, L50, M|100/100
|switch|p2a: el lokogringo|Aerodactyl, L50, M|100/100
|switch|p2b: pas d’inspi|Sylveon, L50, M|100/100
|-ability|p2a: el lokogringo|Unnerve
|-ability|p1a: Coucou|Intimidate|boost
|-unboost|p2a: el lokogringo|atk|1
|-unboost|p2b: pas d’inspi|atk|1
|turn|1
|
|t:|1782337281
|move|p2b: pas d’inspi|Detect|p2b: pas d’inspi
|-singleturn|p2b: pas d’inspi|Protect
|move|p1a: Coucou|U-turn|p2a: el lokogringo
|-resisted|p2a: el lokogringo|1
|-damage|p2a: el lokogringo|84/100
|
|t:|1782337288
|switch|p1a: Chompette|Mawile, L50, M|100/100|[from] U-turn
|-ability|p1a: Chompette|Intimidate|boost
|-unboost|p2a: el lokogringo|atk|1
|-unboost|p2b: pas d’inspi|atk|1
|move|p2a: el lokogringo|Rock Slide|p1b: Melman|[spread] p1a,p1b
|-resisted|p1a: Chompette|1
|-damage|p1a: Chompette|92/100
|-damage|p1b: Melman|87/100
|move|p1b: Melman|Trick Room|p1b: Melman
|-fieldstart|move: Trick Room|[of] p1b: Melman
|
|upkeep
|turn|2
|
|t:|1782337319
|switch|p2b: patatexman|Scrafty, L50, F|100/100
|-ability|p2b: patatexman|Intimidate|boost
|-unboost|p1a: Chompette|atk|1
|-unboost|p1b: Melman|atk|1
|detailschange|p1a: Chompette|Mawile-Mega, L50, M
|-mega|p1a: Chompette|Mawile|Mawilite
|move|p1a: Chompette|Iron Head|p2b: patatexman
|-damage|p2b: patatexman|42/100
|move|p1b: Melman|Thunderbolt|p2a: el lokogringo
|-supereffective|p2a: el lokogringo|1
|-damage|p2a: el lokogringo|3/100
|move|p2a: el lokogringo|Rock Slide|p1b: Melman|[spread] p1a
|-miss|p2a: el lokogringo|p1b: Melman
|-resisted|p1a: Chompette|1
|-damage|p1a: Chompette|86/100
|
|upkeep
|turn|3
|
|t:|1782337356
|switch|p1a: Krakatoa|Torkoal, L50, F|100/100
|-weather|SunnyDay|[from] ability: Drought|[of] p1a: Krakatoa
|detailschange|p2b: patatexman|Scrafty-Mega, L50, F
|-mega|p2b: patatexman|Scrafty|Scraftinite
|-ability|p2b: patatexman|Intimidate|boost
|-unboost|p1a: Krakatoa|atk|1
|-unboost|p1b: Melman|atk|1
|move|p1b: Melman|Thunderbolt|p2a: el lokogringo
|-supereffective|p2a: el lokogringo|1
|-damage|p2a: el lokogringo|0 fnt
|faint|p2a: el lokogringo
|move|p2b: patatexman|Knock Off|p1b: Melman
|-supereffective|p1b: Melman|1
|-damage|p1b: Melman|0 fnt
|-enditem|p1b: Melman|Sitrus Berry|[from] move: Knock Off|[of] p2b: patatexman
|faint|p1b: Melman
|
|-weather|SunnyDay|[upkeep]
|upkeep
|
|t:|1782337374
|switch|p1b: Chompette|Mawile-Mega, L50, M|86/100
|switch|p2a: hasbulza|Garchomp, L50, F|100/100
|turn|4
|
|t:|1782337414
|switch|p2a: pas d’inspi|Sylveon, L50, M|100/100
|move|p1a: Krakatoa|Eruption|p2a: pas d’inspi|[spread] p2a,p2b
|-damage|p2a: pas d’inspi|29/100
|-damage|p2b: patatexman|0 fnt
|faint|p2b: patatexman
|move|p1b: Chompette|Play Rough|p2a: pas d’inspi
|-damage|p2a: pas d’inspi|0 fnt
|faint|p2a: pas d’inspi
|
|-weather|SunnyDay|[upkeep]
|upkeep
|
|t:|1782337420
|switch|p2b: hasbulza|Garchomp, L50, F|100/100
|turn|5
|j| Kindyy
|
|t:|1782337437
|move|p1a: Krakatoa|Eruption|p2b: hasbulza
|-resisted|p2b: hasbulza|1
|-damage|p2b: hasbulza|30/100
|move|p1b: Chompette|Play Rough|p2b: hasbulza
|-supereffective|p2b: hasbulza|1
|-enditem|p2b: hasbulza|Roseli Berry|[eat]
|-enditem|p2b: hasbulza|Roseli Berry|[weaken]
|-damage|p2b: hasbulza|0 fnt
|-damage|p1b: Chompette|74/100|[from] ability: Rough Skin|[of] p2b: hasbulza
|faint|p2b: hasbulza
|
|win|Sabis RPPLF
||Sabis RPPLF is ready for game 3.
||artymasion is ready for game 3.
|uhtml|next|Next: Game 3 of 3
|l| Trigazelli
|l| Themagiclicorne
|l| Kindyy
|l|☆artymasion
|player|p2|
