|j|☆Zurneus
|j|☆SomeKidJon
|html|ZurneusSomeKidJon    
|uhtml|bestof|Game 3 of a best-of-3
|t:|1756184582
|gametype|doubles
|player|p1|Zurneus|silver|1166
|player|p2|SomeKidJon|scientistf|1186
|gen|9
|tier|[Gen 9] VGC 2025 Reg H (Bo3)
|rated|
|rule|Species Clause: Limit one of each Pokémon
|rule|Item Clause: Limit 1 of each item
|clearpoke
|poke|p1|Gyarados, L50, F|
|poke|p1|Indeedee, L50, M|
|poke|p1|Volcarona, L50, M|
|poke|p1|Excadrill, L50, M|
|poke|p1|Amoonguss, L50, M|
|poke|p1|Tyranitar, L50, F|
|poke|p2|Zoroark-Hisui, L50, M|
|poke|p2|Serperior, L50, F|
|poke|p2|Basculegion, L50, M|
|poke|p2|Pelipper, L50, M|
|poke|p2|Kingambit, L50, F|
|poke|p2|Baxcalibur, L50, F|
|teampreview|4
|showteam|p1|Gyarados||SafetyGoggles|Intimidate|Taunt,ThunderWave,Waterfall,Protect|||F|||50|,,,,,Steel]Indeedee||ChoiceScarf|PsychicSurge|DazzlingGleam,TeraBlast,Trick,ExpandingForce|||M|||50|,,,,,Psychic]Volcarona||LifeOrb|FlameBody|HeatWave,Tailwind,TeraBlast,Protect|||M|||50|,,,,,Fairy]Excadrill||ClearAmulet|SandRush|Protect,Earthquake,HighHorsepower,IronHead|||M|||50|,,,,,Ghost]Amoonguss||SitrusBerry|Regenerator|Protect,ClearSmog,RagePowder,Spore|||M|||50|,,,,,Water]Tyranitar||AssaultVest|SandStream|LowKick,TeraBlast,KnockOff,RockSlide|||F|||50|,,,,,Flying
|showteam|p2|Zoroark-Hisui||ChoiceSpecs|Illusion|TeraBlast,HyperVoice,Snarl,ShadowBall|||M|||50|,,,,,Stellar]Serperior||LightClay|Contrary|LeafStorm,Reflect,LightScreen,HelpingHand|||F|||50|,,,,,Water]Basculegion||ChoiceBand|SwiftSwim|WaveCrash,LastRespects,AquaJet,FlipTurn|||M|||50|,,,,,Water]Pelipper||FocusSash|Drizzle|HelpingHand,Tailwind,WeatherBall,Hurricane|||M|||50|,,,,,Dragon]Kingambit||AssaultVest|Defiant|KowtowCleave,SuckerPunch,LowKick,IronHead|||F|||50|,,,,,Fairy]Baxcalibur||ClearAmulet|ThermalExchange|IceShard,GlaiveRush,Protect,SwordsDance|||F|||50|,,,,,Poison
|
|t:|1756184643
|teamsize|p1|4
|teamsize|p2|4
|start
|switch|p1a: Volcarona|Volcarona, L50, M|100/100
|switch|p1b: Amoonguss|Amoonguss, L50, M|100/100
|switch|p2a: Maelle|Kingambit, L50, F, shiny|100/100
|switch|p2b: Sciel|Serperior, L50, F|100/100
|turn|1
|
|t:|1756184685
|-terastallize|p2a: Maelle|Stellar
|move|p2b: Sciel|Helping Hand|p2a: Maelle
|-singleturn|p2a: Maelle|Helping Hand|[of] p2b: Sciel
|move|p2a: Maelle|Hyper Voice|p1a: Volcarona|[spread] p1a,p1b
|-damage|p1a: Volcarona|0 fnt
|-damage|p1b: Amoonguss|8/100
|-enditem|p1b: Amoonguss|Sitrus Berry|[eat]
|-heal|p1b: Amoonguss|33/100|[from] item: Sitrus Berry
|faint|p1a: Volcarona
|move|p1b: Amoonguss|Spore|p2a: Maelle
|-status|p2a: Maelle|slp|[from] move: Spore
|
|upkeep
|
|t:|1756184698
|switch|p1a: Tyranitar|Tyranitar, L50, F|100/100
|-weather|Sandstorm|[from] ability: Sand Stream|[of] p1a: Tyranitar
|turn|2
|
|t:|1756184723
|switch|p1b: Excadrill|Excadrill, L50, M|100/100
|-terastallize|p1a: Tyranitar|Flying
|move|p2b: Sciel|Reflect|p2b: Sciel
|-sidestart|p2: SomeKidJon|Reflect
|cant|p2a: Maelle|slp
|move|p1a: Tyranitar|Tera Blast|p2b: Sciel|[anim] Tera Blast Flying
|-supereffective|p2b: Sciel
|-damage|p2b: Sciel|36/100
|
|-weather|Sandstorm|[upkeep]
|-damage|p2b: Sciel|30/100|[from] Sandstorm
|-damage|p2a: Maelle|94/100 slp|[from] Sandstorm
|-damage|p1a: Tyranitar|95/100|[from] Sandstorm
|upkeep
|turn|3
|
|t:|1756184750
|switch|p2a: Esquie|Pelipper, L50, M|100/100
|-weather|RainDance|[from] ability: Drizzle|[of] p2a: Esquie
|move|p2b: Sciel|Leaf Storm|p1b: Excadrill
|-damage|p1b: Excadrill|57/100
|-boost|p2b: Sciel|spa|2
|move|p1b: Excadrill|Earthquake|p2a: Esquie|[spread] p2b
|-immune|p1a: Tyranitar
|-immune|p2a: Esquie
|-resisted|p2b: Sciel
|-damage|p2b: Sciel|15/100
|move|p1a: Tyranitar|Tera Blast|p2b: Sciel|[anim] Tera Blast Flying
|-supereffective|p2b: Sciel
|-damage|p2b: Sciel|0 fnt
|faint|p2b: Sciel
|
|-weather|RainDance|[upkeep]
|upkeep
|
|t:|1756184758
|switch|p2b: Maelle|Kingambit, L50, F, shiny|100/100
|turn|4
|
|t:|1756184779
|switch|p1b: Amoonguss|Amoonguss, L50, M|66/100
|switch|p2b: Maelle|Kingambit, L50, F, shiny, tera:Stellar|94/100 slp
|move|p2a: Esquie|Tailwind|p2a: Esquie
|-sidestart|p2: SomeKidJon|move: Tailwind
|move|p1a: Tyranitar|Rock Slide|p2b: Maelle|[spread] p2b
|-miss|p1a: Tyranitar|p2a: Esquie
|-damage|p2b: Maelle|47/100 slp
|replace|p2b: Verso|Zoroark-Hisui, L50, M, shiny
|-end|p2b: Verso|Illusion
|
|-weather|RainDance|[upkeep]
|upkeep
|turn|5
|
|t:|1756184803
|move|p1b: Amoonguss|Protect|p1b: Amoonguss
|-singleturn|p1b: Amoonguss|Protect
|cant|p2b: Verso|slp
|move|p2a: Esquie|Hurricane|p1b: Amoonguss
|-activate|p1b: Amoonguss|move: Protect
|move|p1a: Tyranitar|Rock Slide|p2b: Verso|[spread] p2a,p2b
|-supereffective|p2a: Esquie
|-damage|p2a: Esquie|44/100
|-damage|p2b: Verso|4/100 slp
|
|-weather|RainDance|[upkeep]
|upkeep
|turn|6
|
|t:|1756184817
|switch|p1b: Excadrill|Excadrill, L50, M|57/100
|-curestatus|p2b: Verso|slp|[msg]
|move|p2b: Verso|Tera Blast|p1a: Tyranitar|[anim] Tera Blast Stellar
|-supereffective|p1a: Tyranitar
|-damage|p1a: Tyranitar|26/100
|-unboost|p2b: Verso|atk|1
|-unboost|p2b: Verso|spa|1
|move|p2a: Esquie|Hurricane|p1b: Excadrill
|-resisted|p1b: Excadrill
|-damage|p1b: Excadrill|30/100
|move|p1a: Tyranitar|Rock Slide|p2b: Verso|[spread] p2a,p2b
|-supereffective|p2a: Esquie
|-damage|p2a: Esquie|0 fnt
|-damage|p2b: Verso|0 fnt
|faint|p2a: Esquie
|faint|p2b: Verso
|
|-weather|RainDance|[upkeep]
|upkeep
|
|t:|1756184824
|switch|p2b: Maelle|Kingambit, L50, F, shiny|100/100
|turn|7
|
|t:|1756184841
|move|p2b: Maelle|Kowtow Cleave|p1a: Tyranitar
|-damage|p1a: Tyranitar|0 fnt
|faint|p1a: Tyranitar
|move|p1b: Excadrill|High Horsepower|p2b: Maelle
|-supereffective|p2b: Maelle
|-damage|p2b: Maelle|45/100
|
|-weather|none
|-sideend|p2: SomeKidJon|move: Tailwind
|upkeep
|
|t:|1756184850
|switch|p1a: Amoonguss|Amoonguss, L50, M|99/100
|turn|8
|
|t:|1756184863
|move|p1b: Excadrill|Protect|p1b: Excadrill
|-singleturn|p1b: Excadrill|Protect
|move|p2b: Maelle|Iron Head|p1a: Amoonguss
|-damage|p1a: Amoonguss|59/100
|move|p1a: Amoonguss|Spore|p2b: Maelle
|-status|p2b: Maelle|slp|[from] move: Spore
|
|upkeep
|turn|9
|
|t:|1756184876
|move|p1a: Amoonguss|Rage Powder|p1a: Amoonguss
|-singleturn|p1a: Amoonguss|move: Rage Powder
|cant|p2b: Maelle|slp
|move|p1b: Excadrill|High Horsepower|p2b: Maelle
|-supereffective|p2b: Maelle
|-damage|p2b: Maelle|0 fnt
|faint|p2b: Maelle
|
|win|Zurneus
|raw|Zurneus's rating: 1166 → 1192(+26 for winning)
|raw|SomeKidJon's rating: 1186 → 1160(-26 for losing)
|l|☆SomeKidJon
|player|p2|
