|j|☆xiaoliyunVGC
|j|☆mil0battles
|html|xiaoliyunVGCmil0battles    
|uhtml|bestof|Game 1 of a best-of-3
|t:|1756599658
|gametype|doubles
|player|p1|xiaoliyunVGC|liko|1207
|player|p2|mil0battles|pokemonranger-gen4|1135
|gen|9
|tier|[Gen 9] VGC 2025 Reg H (Bo3)
|rated|
|rule|Species Clause: Limit one of each Pokémon
|rule|Item Clause: Limit 1 of each item
|clearpoke
|poke|p1|Smeargle, L50, F|
|poke|p1|Hatterene, L50, F|
|poke|p1|Torkoal, L50, M|
|poke|p1|Lilligant-Hisui, L50, F|
|poke|p1|Ursaluna, L50, F|
|poke|p1|Indeedee-F, L50, F|
|poke|p2|Incineroar, L50, M|
|poke|p2|Primarina, L50, M|
|poke|p2|Gholdengo, L50|
|poke|p2|Sneasler, L50, F|
|poke|p2|Kilowattrel, L50, M|
|poke|p2|Rillaboom, L50, M|
|teampreview|4
|showteam|p1|Smeargle||EjectPack|Moody|FakeOut,FollowMe,Spore,WideGuard|||F|||50|,,,,,Ghost]Hatterene||LifeOrb|MagicBounce|DazzlingGleam,ExpandingForce,Protect,TrickRoom|||F|||50|,,,,,Water]Torkoal||ChoiceSpecs|Drought|Eruption,HeatWave,WeatherBall,EarthPower|||M|||50|,,,,,Fire]Lilligant-Hisui||ClearAmulet|Chlorophyll|CloseCombat,SolarBlade,AfterYou,SleepPowder|||F|||50|,,,,,Fire]Ursaluna||FlameOrb|Guts|Facade,Earthquake,HeadlongRush,Protect|||F|||50|,,,,,Normal]Indeedee-F||RockyHelmet|PsychicSurge|AlluringVoice,TrickRoom,FollowMe,HelpingHand|||F|||50|,,,,,Fairy
|showteam|p2|Incineroar||SafetyGoggles|Intimidate|FakeOut,KnockOff,PartingShot,FlareBlitz|||M|||50|,,,,,Ghost]Primarina||ThroatSpray|LiquidVoice|HyperVoice,Moonblast,Haze,Protect|||M|||50|,,,,,Poison]Gholdengo||LifeOrb|GoodasGold|NastyPlot,MakeItRain,ShadowBall,Protect||||||50|,,,,,Water]Sneasler||WhiteHerb|Unburden|DireClaw,CloseCombat,FakeOut,Protect|||F|||50|,,,,,Stellar]Kilowattrel||FocusSash|Competitive|AirSlash,Thunderbolt,Tailwind,Protect|||M|||50|,,,,,Ghost]Rillaboom||AssaultVest|GrassySurge|GrassyGlide,WoodHammer,FakeOut,Uturn|||M|||50|,,,,,Fire
|inactive|Battle timer is ON: inactive players will automatically lose when time's up. (requested by xiaoliyunVGC)
|inactive|mil0battles has 60 seconds left.
|
|t:|1756599703
|teamsize|p1|4
|teamsize|p2|4
|start
|switch|p1a: Hatterene|Hatterene, L50, F|100/100
|switch|p1b: Smeargle|Smeargle, L50, F|100/100
|switch|p2a: Primarina|Primarina, L50, M|100/100
|switch|p2b: Gholdengo|Gholdengo, L50|100/100
|turn|1
|inactive|mil0battles has 30 seconds left.
|
|t:|1756599731
|switch|p2a: Incineroar|Incineroar, L50, M|100/100
|-ability|p2a: Incineroar|Intimidate|boost
|-unboost|p1a: Hatterene|atk|1
|-unboost|p1b: Smeargle|atk|1
|-enditem|p1b: Smeargle|Eject Pack
|
|t:|1756599736
|switch|p1b: Indeedee|Indeedee-F, L50, F, shiny|100/100
|-fieldstart|move: Psychic Terrain|[from] ability: Psychic Surge|[of] p1b: Indeedee
|move|p1a: Hatterene|Protect|p1a: Hatterene
|-singleturn|p1a: Hatterene|Protect
|move|p2b: Gholdengo|Nasty Plot|p2b: Gholdengo
|-boost|p2b: Gholdengo|spa|2
|
|upkeep
|turn|2
|
|t:|1756599754
|-terastallize|p1a: Hatterene|Water
|move|p1b: Indeedee|Follow Me|p1b: Indeedee
|-singleturn|p1b: Indeedee|move: Follow Me
|move|p2b: Gholdengo|Make It Rain|p1b: Indeedee|[spread] p1a,p1b
|-resisted|p1a: Hatterene
|-damage|p1a: Hatterene|46/100
|-damage|p1b: Indeedee|0 fnt
|-unboost|p2b: Gholdengo|spa|1
|faint|p1b: Indeedee
|-damage|p2b: Gholdengo|91/100|[from] item: Life Orb
|move|p2a: Incineroar|Knock Off|p1a: Hatterene
|-damage|p1a: Hatterene|4/100
|-enditem|p1a: Hatterene|Life Orb|[from] move: Knock Off|[of] p2a: Incineroar
|move|p1a: Hatterene|Trick Room|p1a: Hatterene
|-fieldstart|move: Trick Room|[of] p1a: Hatterene
|
|upkeep
|
|t:|1756599766
|switch|p1b: Torkoal|Torkoal, L50, M, shiny|100/100
|-weather|SunnyDay|[from] ability: Drought|[of] p1b: Torkoal
|turn|3
|
|t:|1756599780
|-terastallize|p2b: Gholdengo|Water
|move|p1b: Torkoal|Eruption|p2b: Gholdengo|[spread] p2a,p2b
|-resisted|p2a: Incineroar
|-resisted|p2b: Gholdengo
|-crit|p2b: Gholdengo
|-damage|p2a: Incineroar|52/100
|-damage|p2b: Gholdengo|0 fnt
|faint|p2b: Gholdengo
|move|p1a: Hatterene|Dazzling Gleam|p2a: Incineroar
|-damage|p2a: Incineroar|6/100
|move|p2a: Incineroar|Knock Off|p1b: Torkoal
|-damage|p1b: Torkoal|73/100
|-enditem|p1b: Torkoal|Choice Specs|[from] move: Knock Off|[of] p2a: Incineroar
|
|-weather|SunnyDay|[upkeep]
|upkeep
|
|t:|1756599790
|switch|p2b: Rillaboom|Rillaboom, L50, M|100/100
|-fieldstart|move: Grassy Terrain|[from] ability: Grassy Surge|[of] p2b: Rillaboom
|turn|4
|
|t:|1756599812
|move|p2b: Rillaboom|Fake Out|p1b: Torkoal
|-damage|p1b: Torkoal|63/100
|cant|p1b: Torkoal|flinch
|move|p1a: Hatterene|Dazzling Gleam|p2a: Incineroar|[spread] p2a,p2b
|-damage|p2a: Incineroar|0 fnt
|-damage|p2b: Rillaboom|74/100
|faint|p2a: Incineroar
|
|-weather|SunnyDay|[upkeep]
|-heal|p1b: Torkoal|69/100|[from] Grassy Terrain
|-heal|p1a: Hatterene|10/100|[from] Grassy Terrain
|-heal|p2b: Rillaboom|80/100|[from] Grassy Terrain
|upkeep
|
|t:|1756599816
|switch|p2a: Primarina|Primarina, L50, M|100/100
|turn|5
|
|t:|1756599828
|move|p1a: Hatterene|Protect|p1a: Hatterene
|-singleturn|p1a: Hatterene|Protect
|move|p2b: Rillaboom|Grassy Glide|p1a: Hatterene
|-activate|p1a: Hatterene|move: Protect
|move|p1b: Torkoal|Heat Wave|p2b: Rillaboom|[spread] p2a,p2b
|-resisted|p2a: Primarina
|-supereffective|p2b: Rillaboom
|-damage|p2a: Primarina|80/100
|-damage|p2b: Rillaboom|16/100
|move|p2a: Primarina|Hyper Voice|p1a: Hatterene|[spread] p1b
|-activate|p1a: Hatterene|move: Protect
|-supereffective|p1b: Torkoal
|-damage|p1b: Torkoal|25/100
|-enditem|p2a: Primarina|Throat Spray
|-boost|p2a: Primarina|spa|1|[from] item: Throat Spray
|
|-weather|SunnyDay|[upkeep]
|-heal|p1b: Torkoal|31/100|[from] Grassy Terrain
|-heal|p1a: Hatterene|16/100|[from] Grassy Terrain
|-heal|p2a: Primarina|87/100|[from] Grassy Terrain
|-heal|p2b: Rillaboom|21/100|[from] Grassy Terrain
|upkeep
|turn|6
|
|t:|1756599844
|switch|p1a: Smeargle|Smeargle, L50, F|100/100
|move|p2b: Rillaboom|Grassy Glide|p1a: Smeargle
|-damage|p1a: Smeargle|29/100
|move|p1b: Torkoal|Heat Wave|p2b: Rillaboom|[spread] p2a
|-miss|p1b: Torkoal|p2b: Rillaboom
|-resisted|p2a: Primarina
|-damage|p2a: Primarina|66/100
|move|p2a: Primarina|Hyper Voice|p1a: Smeargle|[spread] p1a,p1b
|-supereffective|p1b: Torkoal
|-damage|p1a: Smeargle|0 fnt
|-damage|p1b: Torkoal|0 fnt
|faint|p1a: Smeargle
|faint|p1b: Torkoal
|
|-weather|SunnyDay|[upkeep]
|-heal|p2a: Primarina|72/100|[from] Grassy Terrain
|-heal|p2b: Rillaboom|27/100|[from] Grassy Terrain
|-fieldend|move: Trick Room
|upkeep
|-message|xiaoliyunVGC forfeited.
|
|win|mil0battles
|l|☆xiaoliyunVGC
|player|p1|
||xiaoliyunVGC is ready for game 2.
