|j|☆atealcoloredcat
|j|☆Moonz605
|html|atealcoloredcatMoonz605    
|uhtml|bestof|Game 2 of a best-of-3
|t:|1784589716
|gametype|doubles
|player|p1|atealcoloredcat|101|
|player|p2|Moonz605|roxie|
|gen|9
|tier|[Gen 9 Champions] VGC 2026 Reg M-B (Bo3)
|rule|Species Clause: Limit one of each Pokémon
|rule|Item Clause: Limit 1 of each item
|clearpoke
|poke|p1|Meowstic, L50, M|
|poke|p1|Farigiraf, L50, M|
|poke|p1|Delphox, L50, M|
|poke|p1|Espathra, L50, M|
|poke|p1|Armarouge, L50, M|
|poke|p1|Slowbro-Galar, L50, M|
|poke|p2|Noivern, L50, M|
|poke|p2|Dragalge, L50, M|
|poke|p2|Sneasler, L50, F|
|poke|p2|Overqwil, L50, F|
|poke|p2|Clefable, L50, F|
|poke|p2|Samurott-Hisui, L50, M|
|teampreview|4
|showteam|p1|Meowstic||Meowsticite|Prankster|MistyTerrain,FakeOut,Gravity,FakeTears|Serious||M|||50|]Farigiraf||SitrusBerry|ArmorTail|TwinBeam,HyperVoice,HelpingHand,Reflect|Bold||M|||50|]Delphox||Delphoxite|Blaze|HeatWave,Psyshock,DazzlingGleam,Protect|Modest||M|||50|]Espathra||ColburBerry|SpeedBoost|Protect,SkillSwap,LuminaCrash,SunnyDay|Modest||M|||50|]Armarouge||FocusSash|FlashFire|AuraSphere,Endure,ArmorCannon,Reflect|Modest||M|||50|]Slowbro-Galar||QuickClaw|QuickDraw|TrickRoom,IcyWind,HelpingHand,LightScreen|Relaxed||M|||50|
|showteam|p2|Noivern||FocusSash|Infiltrator|DracoMeteor,Flamethrower,AirSlash,Tailwind|Timid||M|||50|]Dragalge||Dragalgite|PoisonPoint|DracoMeteor,FlipTurn,Scald,Protect|Bold||M|||50|]Sneasler||KingsRock|Unburden|CloseCombat,DireClaw,Fling,Protect|Jolly||F|||50|]Overqwil||Leftovers|Intimidate|BarbBarrage,Protect,Substitute,ToxicSpikes|Impish||F|||50|]Clefable||QuickClaw|Unaware|BatonPass,AlluringVoice,FollowMe,CalmMind|Modest||F|||50|]Samurott-Hisui||ChoiceScarf|Sharpness|CeaselessEdge,AquaCutter,XScissor,SacredSword|Jolly||M|||50|
|j| Tbigongue
|j| arlothegoose
|j| code hammer
|c| arlothegoose|LETS GO ROUND 2!!!!!!!!!!!!11!1!!
|
|t:|1784589751
|teamsize|p1|4
|teamsize|p2|4
|start
|switch|p1a: Farigiraf|Farigiraf, L50, M|100/100
|switch|p1b: Meowstic|Meowstic, L50, M|100/100
|switch|p2a: Noivern|Noivern, L50, M|100/100
|switch|p2b: Overqwil|Overqwil, L50, F|100/100
|-ability|p2b: Overqwil|Intimidate|boost
|-unboost|p1a: Farigiraf|atk|1
|-unboost|p1b: Meowstic|atk|1
|turn|1
|c| arlothegoose|WHO TF IS CODE HAMMER LOL
|
|t:|1784589771
|switch|p2a: Samurott|Samurott-Hisui, L50, M|100/100
|move|p1b: Meowstic|Misty Terrain|p1b: Meowstic
|-fieldstart|move: Misty Terrain
|move|p2b: Overqwil|Toxic Spikes|p1a: Farigiraf
|-sidestart|p1: atealcoloredcat|move: Toxic Spikes
|move|p1a: Farigiraf|Reflect|p1a: Farigiraf
|-sidestart|p1: atealcoloredcat|Reflect
|
|upkeep
|turn|2
|
|t:|1784589834
|switch|p1b: Espathra|Espathra, L50, M|100/100
|move|p2a: Samurott|Ceaseless Edge|p1a: Farigiraf
|-supereffective|p1a: Farigiraf|1
|-damage|p1a: Farigiraf|45/100
|-sidestart|p1: atealcoloredcat|Spikes
|-enditem|p1a: Farigiraf|Sitrus Berry|[eat]
|-heal|p1a: Farigiraf|70/100|[from] item: Sitrus Berry
|move|p2b: Overqwil|Substitute|p2b: Overqwil
|-start|p2b: Overqwil|Substitute
|-damage|p2b: Overqwil|75/100
|move|p1a: Farigiraf|Hyper Voice|p2b: Overqwil|[spread] p2a,p2b
|-damage|p2a: Samurott|56/100
|-damage|p2b: Overqwil|39/100
|
|-heal|p2b: Overqwil|45/100|[from] item: Leftovers
|upkeep
|turn|3
|c| Tbigongue|He should be inveted fot the next draft fr
|c| Tbigongue|Hi code hammer
|c| arlothegoose|shittt fr
|
|t:|1784589873
|move|p2a: Samurott|Ceaseless Edge|p1a: Farigiraf
|-supereffective|p1a: Farigiraf|1
|-damage|p1a: Farigiraf|10/100
|-sidestart|p1: atealcoloredcat|Spikes
|move|p1b: Espathra|Sunny Day|p1b: Espathra
|-weather|SunnyDay
|move|p2b: Overqwil|Barb Barrage|p1a: Farigiraf
|-damage|p1a: Farigiraf|0 fnt
|faint|p1a: Farigiraf
|
|-weather|SunnyDay|[upkeep]
|-heal|p2b: Overqwil|50/100g|[from] item: Leftovers
|-ability|p1b: Espathra|Speed Boost|boost
|-boost|p1b: Espathra|spe|1
|upkeep
|
|t:|1784589890
|switch|p1a: Delphox|Delphox, L50, M|100/100
|-damage|p1a: Delphox|83/100|[from] Spikes
|turn|4
|j| RedSnivy
|c| RedSnivy|Omg is that CodeHammer???
|c| Tbigongue|Hazard stack againts ultimate setup
|c| arlothegoose|we inviting code hammer to the next draft before vari
|
|t:|1784589936
|detailschange|p1a: Delphox|Delphox-Mega, L50, M
|-mega|p1a: Delphox|Delphox|Delphoxite
|move|p2a: Samurott|Ceaseless Edge|p1b: Espathra
|-supereffective|p1b: Espathra|1
|-enditem|p1b: Espathra|Colbur Berry|[eat]
|-enditem|p1b: Espathra|Colbur Berry|[weaken]
|-damage|p1b: Espathra|57/100
|-sidestart|p1: atealcoloredcat|Spikes
|move|p1b: Espathra|Skill Swap|p1a: Delphox
|-activate|p1b: Espathra|Skill Swap|||[of] p1a: Delphox
|move|p1a: Delphox|Dazzling Gleam|p2b: Overqwil|[spread] p2a,p2b
|-end|p2b: Overqwil|Substitute
|-supereffective|p2a: Samurott|1
|-damage|p2a: Samurott|0 fnt
|faint|p2a: Samurott
|move|p2b: Overqwil|Barb Barrage|p1a: Delphox
|-damage|p1a: Delphox|58/100
|
|-weather|SunnyDay|[upkeep]
|-heal|p2b: Overqwil|56/100|[from] item: Leftovers
|-ability|p1a: Delphox|Speed Boost|boost
|-boost|p1a: Delphox|spe|1
|upkeep
|
|t:|1784589953
|switch|p2a: Noivern|Noivern, L50, M|100/100
|turn|5
|c| arlothegoose|where was the link to this sent lol
|c|☆atealcoloredcat|i sent it in schedules and live battles
|
|t:|1784589990
|move|p1b: Espathra|Protect|p1b: Espathra
|-singleturn|p1b: Espathra|Protect
|move|p2b: Overqwil|Protect|p2b: Overqwil
|-singleturn|p2b: Overqwil|Protect
|move|p1a: Delphox|Dazzling Gleam|p2a: Noivern|[spread] p2a
|-activate|p2b: Overqwil|move: Protect
|-supereffective|p2a: Noivern|1
|-damage|p2a: Noivern|35/100
|move|p2a: Noivern|Tailwind|p2a: Noivern
|-sidestart|p2: Moonz605|move: Tailwind
|
|-weather|SunnyDay|[upkeep]
|-heal|p2b: Overqwil|62/100|[from] item: Leftovers
|-sideend|p1: atealcoloredcat|Reflect
|-fieldend|Misty Terrain
|-ability|p1a: Delphox|Speed Boost|boost
|-boost|p1a: Delphox|spe|1
|upkeep
|turn|6
|c| Tbigongue|People just be clicking in random battles to watch
|c| arlothegoose|lol
|c| Tbigongue|I do this some times
|c| arlothegoose|i dont use showdown enough
|
|t:|1784590017
|move|p1a: Delphox|Protect|p1a: Delphox
|-singleturn|p1a: Delphox|Protect
|move|p2a: Noivern|Draco Meteor|p1a: Delphox
|-activate|p1a: Delphox|move: Protect
|move|p2b: Overqwil|Barb Barrage|p1a: Delphox
|-activate|p1a: Delphox|move: Protect
|move|p1b: Espathra|Lumina Crash|p2a: Noivern
|-damage|p2a: Noivern|0 fnt
|faint|p2a: Noivern
|
|-weather|SunnyDay|[upkeep]
|-heal|p2b: Overqwil|68/100|[from] item: Leftovers
|-ability|p1a: Delphox|Speed Boost|boost
|-boost|p1a: Delphox|spe|1
|upkeep
|
|t:|1784590031
|switch|p2a: Sneasler|Sneasler, L50, F|100/100
|turn|7
|
|t:|1784590056
|move|p1a: Delphox|Dazzling Gleam|p2b: Overqwil|[spread] p2a,p2b
|-damage|p2a: Sneasler|63/100
|-damage|p2b: Overqwil|37/100
|move|p2a: Sneasler|Fling|p1a: Delphox
|-supereffective|p1a: Delphox|1
|-damage|p1a: Delphox|22/100
|-enditem|p2a: Sneasler|King's Rock|[from] move: Fling
|move|p2b: Overqwil|Barb Barrage|p1a: Delphox
|-damage|p1a: Delphox|0 fnt
|faint|p1a: Delphox
|move|p1b: Espathra|Lumina Crash|p2a: Sneasler
|-supereffective|p2a: Sneasler|2
|-damage|p2a: Sneasler|0 fnt
|faint|p2a: Sneasler
|
|-weather|none
|-heal|p2b: Overqwil|42/100|[from] item: Leftovers
|upkeep
|
|t:|1784590074
|switch|p1a: Meowstic|Meowstic, L50, M|100/100
|-status|p1a: Meowstic|psn
|-damage|p1a: Meowstic|75/100 psn|[from] Spikes
|turn|8
|c|☆atealcoloredcat|i dont have a way to touch this :sob:
|
|t:|1784590113
|move|p2b: Overqwil|Protect|p2b: Overqwil
|-singleturn|p2b: Overqwil|Protect
|move|p1b: Espathra|Protect|p1b: Espathra
|-singleturn|p1b: Espathra|Protect
|move|p1a: Meowstic|Fake Out|p2b: Overqwil
|-activate|p2b: Overqwil|move: Protect
|
|-heal|p2b: Overqwil|48/100|[from] item: Leftovers
|-damage|p1a: Meowstic|62/100 psn|[from] psn
|-sideend|p2: Moonz605|move: Tailwind
|upkeep
|turn|9
|c| arlothegoose|wait fr
|c| arlothegoose|overquil solo?
|
|t:|1784590137
|move|p1a: Meowstic|Misty Terrain|p1a: Meowstic
|-fieldstart|move: Misty Terrain
|move|p1b: Espathra|Skill Swap|p2b: Overqwil
|-activate|p1b: Espathra|Skill Swap|Intimidate|Levitate|[of] p2b: Overqwil
|-ability|p1b: Espathra|Intimidate|boost
|-unboost|p2b: Overqwil|atk|1
|move|p2b: Overqwil|Barb Barrage|p1b: Espathra
|-damage|p1b: Espathra|35/100
|
|-heal|p2b: Overqwil|54/100|[from] item: Leftovers
|-damage|p1a: Meowstic|50/100g psn|[from] psn
|upkeep
|turn|10
|c|☆Moonz605|wait wha
|c| Tbigongue|They dont have moves to hit the quill
|c| Tbigongue|Lmao
|c|☆atealcoloredcat|the only attacking move i have between these two is lumina crash on espathra LOL
|c|☆atealcoloredcat|so do i just forfeit for time or do we play this out for points
|
|t:|1784590199
|move|p1a: Meowstic|Fake Tears|p2b: Overqwil
|-hint|Since gen 7, Dark is immune to Prankster moves.
|-immune|p2b: Overqwil
|move|p1b: Espathra|Skill Swap|p1a: Meowstic
|-activate|p1b: Espathra|Skill Swap|||[of] p1a: Meowstic
|-ability|p1a: Meowstic|Intimidate|boost
|-unboost|p2b: Overqwil|atk|1
|move|p2b: Overqwil|Substitute|p2b: Overqwil
|-start|p2b: Overqwil|Substitute
|-damage|p2b: Overqwil|29/100
|
|-heal|p2b: Overqwil|35/100|[from] item: Leftovers
|-damage|p1a: Meowstic|38/100 psn|[from] psn
|upkeep
|turn|11
|
|t:|1784590221
|move|p1b: Espathra|Skill Swap|p1a: Meowstic
|-activate|p1b: Espathra|Skill Swap|||[of] p1a: Meowstic
|-ability|p1b: Espathra|Intimidate|boost
|-immune|p2b: Overqwil
|move|p1a: Meowstic|Fake Tears|p2b: Overqwil
|-hint|Since gen 7, Dark is immune to Prankster moves.
|-immune|p2b: Overqwil
|move|p2b: Overqwil|Barb Barrage|p1b: Espathra
|-damage|p1b: Espathra|20/100y
|
|-heal|p2b: Overqwil|41/100|[from] item: Leftovers
|-damage|p1a: Meowstic|26/100 psn|[from] psn
|upkeep
|turn|12
|c| arlothegoose|espartha doesnt have dgleam?
|c| Tbigongue|Play for points i guess
|c|☆atealcoloredcat|nope
|c|☆Moonz605|aint no way I win off of pure luck
|c| Tbigongue|This will already be 2 more kills to overqwill
|j| Diavolo's Abs
|
|t:|1784590249
|move|p1a: Meowstic|Fake Tears|p1b: Espathra
|-unboost|p1b: Espathra|spd|2
|move|p1b: Espathra|Sunny Day|p1b: Espathra
|-weather|SunnyDay
|move|p2b: Overqwil|Barb Barrage|p1b: Espathra
|-damage|p1b: Espathra|3/100
|
|-weather|SunnyDay|[upkeep]
|-heal|p2b: Overqwil|47/100|[from] item: Leftovers
|-damage|p1a: Meowstic|14/100 psn|[from] psn
|upkeep
|turn|13
|c| arlothegoose|the hero moon's draft needed lol
|
|t:|1784590268
|move|p1b: Espathra|Protect|p1b: Espathra
|-singleturn|p1b: Espathra|Protect
|move|p1a: Meowstic|Fake Tears|p2b: Overqwil
|-hint|Since gen 7, Dark is immune to Prankster moves.
|-immune|p2b: Overqwil
|move|p2b: Overqwil|Barb Barrage|p1b: Espathra
|-activate|p1b: Espathra|move: Protect
|
|-weather|SunnyDay|[upkeep]
|-heal|p2b: Overqwil|52/100|[from] item: Leftovers
|-damage|p1a: Meowstic|2/100 psn|[from] psn
|-fieldend|Misty Terrain
|upkeep
|turn|14
|
|t:|1784590284
|move|p1a: Meowstic|Misty Terrain|p1a: Meowstic
|-fieldstart|move: Misty Terrain
|move|p1b: Espathra|Skill Swap|p2b: Overqwil
|-activate|p1b: Espathra|Skill Swap|Levitate|Intimidate|[of] p2b: Overqwil
|-ability|p2b: Overqwil|Intimidate|boost
|-unboost|p1a: Meowstic|atk|1
|-unboost|p1b: Espathra|atk|1
|move|p2b: Overqwil|Barb Barrage|p1b: Espathra
|-damage|p1b: Espathra|0 fnt
|faint|p1b: Espathra
|
|-weather|SunnyDay|[upkeep]
|-heal|p2b: Overqwil|58/100|[from] item: Leftovers
|-damage|p1a: Meowstic|0 fnt|[from] psn
|faint|p1a: Meowstic
|
|win|Moonz605
|c| code hammer|Game 3?!
||atealcoloredcat is ready for game 3.
|inactive|Moonz605 has 30 seconds to confirm battle start!
||Moonz605 is ready for game 3.
|uhtml|next|Next: Game 3 of 3
|l| Diavolo's Abs
|l| code hammer
|l| RedSnivy
|l|☆Moonz605
|player|p2|
