|j|☆MidoMidori
|j|☆TobiYume
|html|MidoMidoriTobiYume    
|uhtml|bestof|Game 3 of a best-of-3
|t:|1757625940
|gametype|doubles
|player|p1|MidoMidori|roxanne-gen6|1299
|player|p2|TobiYume|roxie|1327
|gen|9
|tier|[Gen 9] VGC 2025 Reg H (Bo3)
|rated|
|rule|Species Clause: Limit one of each Pokémon
|rule|Item Clause: Limit 1 of each item
|clearpoke
|poke|p1|Sneasler, L50, M|
|poke|p1|Indeedee, L50, M|
|poke|p1|Volcarona, L50, M|
|poke|p1|Ursaluna-Bloodmoon, L50, M|
|poke|p1|Annihilape, L50, M|
|poke|p1|Tyranitar, L50, M|
|poke|p2|Garchomp, L50, M|
|poke|p2|Talonflame, L50, F|
|poke|p2|Sylveon, L50, F|
|poke|p2|Tyranitar, L50, M|
|poke|p2|Decidueye-Hisui, L50, F|
|poke|p2|Gholdengo, L50|
|teampreview|4
|showteam|p1|Sneasler||PsychicSeed|Unburden|CloseCombat,DireClaw,ThroatChop,Protect|||M|||50|,,,,,Dark]Indeedee||FocusSash|PsychicSurge|ExpandingForce,TeraBlast,TrickRoom,Protect|||M|||50|,,,,,Fighting]Volcarona||SitrusBerry|FlameBody|Overheat,StruggleBug,RagePowder,Tailwind|||M|||50|,,,,,Grass]Ursaluna-Bloodmoon||LifeOrb|MindsEye|BloodMoon,HyperVoice,EarthPower,Protect|||M|||50|,,,,,Normal]Annihilape||SafetyGoggles|Defiant|CloseCombat,RageFist,Taunt,FinalGambit|||M|||50|,,,,,Fairy]Tyranitar||AssaultVest|SandStream|RockSlide,KnockOff,TeraBlast,LowKick|||M|||50|,,,,,Flying
|showteam|p2|Garchomp||LifeOrb|RoughSkin|DragonClaw,StompingTantrum,Earthquake,Protect|||M|||50|,,,,,Steel]Talonflame||CovertCloak|GaleWings|Tailwind,WillOWisp,BraveBird,Taunt|||F|||50|,,,,,Grass]Sylveon||ThroatSpray|Pixilate|HyperVoice,HyperBeam,TeraBlast,Protect|||F|||50|,,,,,Water]Tyranitar||AssaultVest|SandStream|RockSlide,KnockOff,TeraBlast,LowKick|||M|||50|,,,,,Flying]Decidueye-Hisui||RazorClaw|Scrappy|TripleArrows,LeafBlade,SuckerPunch,Protect|||F|||50|,,,,,Fire]Gholdengo||Leftovers|GoodasGold|MakeItRain,ShadowBall,NastyPlot,Protect||||||50|,,,,,Dragon
|inactive|Battle timer is ON: inactive players will automatically lose when time's up. (requested by TobiYume)
|
|t:|1757625981
|teamsize|p1|4
|teamsize|p2|4
|start
|switch|p1a: Tyranitar|Tyranitar, L50, M|100/100
|switch|p1b: Annihilape|Annihilape, L50, M|100/100
|switch|p2a: Elie|Talonflame, L50, F|100/100
|switch|p2b: Lloyd|Garchomp, L50, M|100/100
|-weather|Sandstorm|[from] ability: Sand Stream|[of] p1a: Tyranitar
|turn|1
|inactive|TobiYume has 30 seconds left.
|inactive|MidoMidori has 30 seconds left.
|inactive|TobiYume has 20 seconds left.
|
|t:|1757626021
|-terastallize|p1a: Tyranitar|Flying
|move|p2a: Elie|Tailwind|p2a: Elie
|-sidestart|p2: TobiYume|move: Tailwind
|move|p2b: Lloyd|Earthquake|p1b: Annihilape|[spread] p1b
|-immune|p2a: Elie
|-immune|p1a: Tyranitar
|-damage|p1b: Annihilape|48/100
|-damage|p2b: Lloyd|91/100|[from] item: Life Orb
|move|p1b: Annihilape|Close Combat|p2b: Lloyd
|-damage|p2b: Lloyd|36/100
|-unboost|p1b: Annihilape|def|1
|-unboost|p1b: Annihilape|spd|1
|-damage|p1b: Annihilape|36/100|[from] ability: Rough Skin|[of] p2b: Lloyd
|move|p1a: Tyranitar|Rock Slide|p2a: Elie|[spread] p2a,p2b
|-supereffective|p2a: Elie
|-resisted|p2b: Lloyd
|-damage|p2a: Elie|0 fnt
|-damage|p2b: Lloyd|21/100
|faint|p2a: Elie
|
|-weather|Sandstorm|[upkeep]
|-damage|p1a: Tyranitar|95/100|[from] Sandstorm
|upkeep
|
|t:|1757626038
|switch|p2a: Randy|Tyranitar, L50, M|100/100
|turn|2
|
|t:|1757626044
|switch|p1b: Indeedee|Indeedee, L50, M|100/100
|-fieldstart|move: Psychic Terrain|[from] ability: Psychic Surge|[of] p1b: Indeedee
|move|p2b: Lloyd|Dragon Claw|p1a: Tyranitar
|-damage|p1a: Tyranitar|49/100
|-damage|p2b: Lloyd|11/100|[from] item: Life Orb
|move|p2a: Randy|Rock Slide|p1b: Indeedee|[spread] p1a,p1b
|-supereffective|p1a: Tyranitar
|-damage|p1a: Tyranitar|0 fnt
|-damage|p1b: Indeedee|34/100
|faint|p1a: Tyranitar
|
|-weather|Sandstorm|[upkeep]
|-damage|p1b: Indeedee|28/100|[from] Sandstorm
|upkeep
|
|t:|1757626053
|switch|p1a: Sneasler|Sneasler, L50, M|100/100
|-enditem|p1a: Sneasler|Psychic Seed
|-boost|p1a: Sneasler|spd|1|[from] item: Psychic Seed
|turn|3
|
|t:|1757626071
|switch|p2b: Wazy|Gholdengo, L50|100/100
|-terastallize|p2a: Randy|Flying
|move|p1a: Sneasler|Protect|p1a: Sneasler
|-singleturn|p1a: Sneasler|Protect
|move|p1b: Indeedee|Protect|p1b: Indeedee
|-singleturn|p1b: Indeedee|Protect
|move|p2a: Randy|Tera Blast|p1a: Sneasler|[anim] Tera Blast Flying
|-activate|p1a: Sneasler|move: Protect
|
|-weather|Sandstorm|[upkeep]
|-damage|p1a: Sneasler|95/100|[from] Sandstorm
|-damage|p2a: Randy|94/100|[from] Sandstorm
|-damage|p1b: Indeedee|23/100|[from] Sandstorm
|upkeep
|turn|4
|inactive|MidoMidori has 30 seconds left.
|inactive|MidoMidori has 20 seconds left.
|inactive|MidoMidori has 15 seconds left.
|
|t:|1757626113
|move|p1a: Sneasler|Dire Claw|p2a: Randy
|-damage|p2a: Randy|60/100
|-status|p2a: Randy|slp
|move|p2b: Wazy|Make It Rain|p1b: Indeedee|[spread] p1a,p1b
|-damage|p1a: Sneasler|58/100
|-damage|p1b: Indeedee|0 fnt
|-unboost|p2b: Wazy|spa|1
|faint|p1b: Indeedee
|cant|p2a: Randy|slp
|
|-weather|Sandstorm|[upkeep]
|-damage|p1a: Sneasler|52/100|[from] Sandstorm
|-damage|p2a: Randy|54/100 slp|[from] Sandstorm
|-sideend|p2: TobiYume|move: Tailwind
|upkeep
|
|t:|1757626118
|switch|p1b: Annihilape|Annihilape, L50, M|36/100
|turn|5
|
|t:|1757626131
|move|p1a: Sneasler|Dire Claw|p2a: Randy
|-damage|p2a: Randy|17/100 slp
|move|p1b: Annihilape|Rage Fist|p2b: Wazy
|-supereffective|p2b: Wazy
|-damage|p2b: Wazy|19/100
|move|p2b: Wazy|Nasty Plot|p2b: Wazy
|-boost|p2b: Wazy|spa|2
|-curestatus|p2a: Randy|slp|[msg]
|move|p2a: Randy|Tera Blast|p1b: Annihilape|[anim] Tera Blast Flying
|-supereffective|p1b: Annihilape
|-damage|p1b: Annihilape|0 fnt
|faint|p1b: Annihilape
|
|-weather|none
|-heal|p2b: Wazy|25/100|[from] item: Leftovers
|upkeep
|turn|6
|c|☆MidoMidori|Fair enough
|
|t:|1757626141
|move|p1a: Sneasler|Dire Claw|p2a: Randy
|-damage|p2a: Randy|0 fnt
|faint|p2a: Randy
|move|p2b: Wazy|Make It Rain|p1a: Sneasler
|-damage|p1a: Sneasler|0 fnt
|-unboost|p2b: Wazy|spa|1
|faint|p1a: Sneasler
|
|win|TobiYume
|raw|MidoMidori's rating: 1299 → 1276(-23 for losing)
|raw|TobiYume's rating: 1327 → 1345(+18 for winning)
|c|☆MidoMidori|Ggwp
|c|☆MidoMidori|U got me, the sleep would have been the only reason I could make it back
|l|☆TobiYume
|player|p2|
