|j|☆ming0mang0
|j|☆Luke693VGC
|html|ming0mang0Luke693VGC    
|uhtml|bestof|Game 3 of a best-of-3
|t:|1756233882
|gametype|doubles
|player|p1|ming0mang0|harlequin|1102
|player|p2|Luke693VGC|cyclist-gen4|1005
|gen|9
|tier|[Gen 9] VGC 2025 Reg H (Bo3)
|rated|
|rule|Species Clause: Limit one of each Pokémon
|rule|Item Clause: Limit 1 of each item
|clearpoke
|poke|p1|Pelipper, L50, M|
|poke|p1|Archaludon, L50, F|
|poke|p1|Basculegion, L50, M|
|poke|p1|Toxicroak, L50, F|
|poke|p1|Incineroar, L50, F|
|poke|p1|Amoonguss, L50, M|
|poke|p2|Pelipper, L50, M|
|poke|p2|Archaludon, L50, F|
|poke|p2|Sinistcha, L50|
|poke|p2|Ursaluna, L50, M|
|poke|p2|Dragonite, L50, F|
|poke|p2|Incineroar, L50, F|
|teampreview|4
|showteam|p1|Pelipper||FocusSash|Drizzle|WeatherBall,Hurricane,Tailwind,Protect|||M|||50|,,,,,Ghost]Archaludon||AssaultVest|Stamina|ElectroShot,BodyPress,DracoMeteor,FlashCannon|||F|||50|,,,,,Grass]Basculegion||ChoiceBand|SwiftSwim|WaveCrash,FlipTurn,LastRespects,AquaJet|||M|||50|,,,,,Water]Toxicroak||ClearAmulet|DrySkin|GunkShot,CloseCombat,SuckerPunch,FakeOut|||F|||50|,,,,,Dark]Incineroar||SafetyGoggles|Intimidate|FakeOut,KnockOff,Taunt,PartingShot|||F|||50|,,,,,Ghost]Amoonguss||SitrusBerry|Regenerator|PollenPuff,Spore,RagePowder,ClearSmog|||M|||50|,,,,,Water
|showteam|p2|Pelipper||FocusSash|Drizzle|MuddyWater,Hurricane,WideGuard,Tailwind|||M|||50|,,,,,Ghost]Archaludon||AssaultVest|Stamina|FlashCannon,BodyPress,ElectroShot,Snarl|||F|||50|,,,,,Fighting]Sinistcha||SitrusBerry|Hospitality|MatchaGotcha,LifeDew,RagePowder,TrickRoom||||||50|,,,,,Dark]Ursaluna||FlameOrb|Guts|Protect,Facade,HeadlongRush,Earthquake|||M|||50|,,,,,Ghost]Dragonite||LoadedDice|Multiscale|Protect,ScaleShot,Haze,Tailwind|||F|||50|,,,,,Fairy]Incineroar||SafetyGoggles|Intimidate|FlareBlitz,KnockOff,FakeOut,PartingShot|||F|||50|,,,,,Ghost
|inactive|Battle timer is ON: inactive players will automatically lose when time's up. (requested by Luke693VGC)
|inactive|ming0mang0 has 60 seconds left.
|
|t:|1756233956
|teamsize|p1|4
|teamsize|p2|4
|start
|switch|p1a: Pelipper|Pelipper, L50, M|100/100
|switch|p1b: Toxicroak|Toxicroak, L50, F|100/100
|switch|p2a: Archaludon|Archaludon, L50, F|100/100
|switch|p2b: Incineroar|Incineroar, L50, F|100/100
|-weather|RainDance|[from] ability: Drizzle|[of] p1a: Pelipper
|-ability|p2b: Incineroar|Intimidate|boost
|-unboost|p1a: Pelipper|atk|1
|-fail|p1b: Toxicroak|unboost|[from] item: Clear Amulet|[of] p1b: Toxicroak
|turn|1
|inactive|ming0mang0 has 30 seconds left.
|inactive|Luke693VGC has 30 seconds left.
|inactive|ming0mang0 has 20 seconds left.
|inactive|Luke693VGC has 20 seconds left.
|inactive|ming0mang0 has 15 seconds left.
|inactive|Luke693VGC has 15 seconds left.
|inactive|ming0mang0 has 10 seconds left.
|
|t:|1756234004
|-terastallize|p2a: Archaludon|Fighting
|move|p1a: Pelipper|Protect|p1a: Pelipper
|-singleturn|p1a: Pelipper|Protect
|move|p2b: Incineroar|Fake Out|p1b: Toxicroak
|-damage|p1b: Toxicroak|84/100
|cant|p1b: Toxicroak|flinch
|move|p2a: Archaludon|Electro Shot||[still]
|-prepare|p2a: Archaludon|Electro Shot
|-boost|p2a: Archaludon|spa|1
|-anim|p2a: Archaludon|Electro Shot|p1a: Pelipper
|-activate|p1a: Pelipper|move: Protect
|
|-weather|RainDance|[upkeep]
|-heal|p1b: Toxicroak|97/100|[from] ability: Dry Skin
|upkeep
|turn|2
|inactive|ming0mang0 has 30 seconds left.
|inactive|Luke693VGC has 30 seconds left.
|inactive|ming0mang0 has 20 seconds left.
|inactive|ming0mang0 has 15 seconds left.
|
|t:|1756234045
|switch|p2b: Dragonite|Dragonite, L50, F|100/100
|move|p1b: Toxicroak|Gunk Shot|p2a: Archaludon|[miss]
|-miss|p1b: Toxicroak|p2a: Archaludon
|move|p1a: Pelipper|Tailwind|p1a: Pelipper
|-sidestart|p1: ming0mang0|move: Tailwind
|move|p2a: Archaludon|Electro Shot||[still]
|-prepare|p2a: Archaludon|Electro Shot
|-boost|p2a: Archaludon|spa|1
|-anim|p2a: Archaludon|Electro Shot|p1a: Pelipper
|-supereffective|p1a: Pelipper
|-enditem|p1a: Pelipper|Focus Sash
|-damage|p1a: Pelipper|1/100
|
|-weather|RainDance|[upkeep]
|-heal|p1b: Toxicroak|100/100|[from] ability: Dry Skin
|upkeep
|turn|3
|inactive|ming0mang0 has 30 seconds left.
|inactive|Luke693VGC has 30 seconds left.
|inactive|ming0mang0 has 20 seconds left.
|inactive|ming0mang0 has 15 seconds left.
|inactive|ming0mang0 has 10 seconds left.
|inactive|ming0mang0 has 5 seconds left.
|
|t:|1756234096
|switch|p1a: Archaludon|Archaludon, L50, F|100/100
|move|p1b: Toxicroak|Gunk Shot|p2b: Dragonite
|-damage|p2b: Dragonite|71/100
|-status|p2b: Dragonite|psn
|move|p2b: Dragonite|Tailwind|p2b: Dragonite
|-sidestart|p2: Luke693VGC|move: Tailwind
|move|p2a: Archaludon|Electro Shot||[still]
|-prepare|p2a: Archaludon|Electro Shot
|-boost|p2a: Archaludon|spa|1
|-anim|p2a: Archaludon|Electro Shot|p1a: Archaludon
|-resisted|p1a: Archaludon
|-damage|p1a: Archaludon|71/100
|-ability|p1a: Archaludon|Stamina|boost
|-boost|p1a: Archaludon|def|1
|
|-weather|RainDance|[upkeep]
|-damage|p2b: Dragonite|59/100 psn|[from] psn
|upkeep
|turn|4
|inactive|ming0mang0 has 30 seconds left.
|inactive|Luke693VGC has 30 seconds left.
|inactive|ming0mang0 has 20 seconds left.
|inactive|Luke693VGC has 20 seconds left.
|
|t:|1756234136
|move|p1b: Toxicroak|Gunk Shot|p2b: Dragonite|[miss]
|-miss|p1b: Toxicroak|p2b: Dragonite
|move|p2b: Dragonite|Scale Shot|p1b: Toxicroak
|-damage|p1b: Toxicroak|78/100
|-damage|p1b: Toxicroak|58/100
|-damage|p1b: Toxicroak|33/100
|-damage|p1b: Toxicroak|12/100
|-hitcount|p1b: Toxicroak|4
|-unboost|p2b: Dragonite|def|1
|-boost|p2b: Dragonite|spe|1
|move|p2a: Archaludon|Electro Shot||[still]
|-prepare|p2a: Archaludon|Electro Shot
|-boost|p2a: Archaludon|spa|1
|-anim|p2a: Archaludon|Electro Shot|p1b: Toxicroak
|-damage|p1b: Toxicroak|0 fnt
|faint|p1b: Toxicroak
|move|p1a: Archaludon|Body Press|p2a: Archaludon
|-damage|p2a: Archaludon|77/100
|-ability|p2a: Archaludon|Stamina|boost
|-boost|p2a: Archaludon|def|1
|
|-weather|RainDance|[upkeep]
|-damage|p2b: Dragonite|46/100 psn|[from] psn
|upkeep
|inactive|ming0mang0 has 30 seconds left.
|inactive|ming0mang0 has 20 seconds left.
|
|t:|1756234174
|switch|p1b: Basculegion|Basculegion, L50, M|100/100
|turn|5
|inactive|ming0mang0 has 30 seconds left.
|inactive|ming0mang0 has 20 seconds left.
|inactive|ming0mang0 has 15 seconds left.
|
|t:|1756234219
|move|p1b: Basculegion|Last Respects|p2a: Archaludon
|-crit|p2a: Archaludon
|-damage|p2a: Archaludon|0 fnt
|faint|p2a: Archaludon
|move|p2b: Dragonite|Scale Shot|p1b: Basculegion
|-damage|p1b: Basculegion|80/100
|-damage|p1b: Basculegion|62/100
|-damage|p1b: Basculegion|45/100
|-damage|p1b: Basculegion|26/100
|-damage|p1b: Basculegion|9/100
|-hitcount|p1b: Basculegion|5
|-unboost|p2b: Dragonite|def|1
|-boost|p2b: Dragonite|spe|1
|move|p1a: Archaludon|Electro Shot||[still]
|-prepare|p1a: Archaludon|Electro Shot
|-boost|p1a: Archaludon|spa|1
|-anim|p1a: Archaludon|Electro Shot|p2b: Dragonite
|-damage|p2b: Dragonite|0 fnt
|faint|p2b: Dragonite
|
|-weather|none
|-sideend|p1: ming0mang0|move: Tailwind
|upkeep
|
|t:|1756234238
|switch|p2b: Incineroar|Incineroar, L50, F|100/100
|switch|p2a: Ursaluna|Ursaluna, L50, M|100/100
|-ability|p2b: Incineroar|Intimidate|boost
|-unboost|p1a: Archaludon|atk|1
|-unboost|p1b: Basculegion|atk|1
|turn|6
|inactive|ming0mang0 has 30 seconds left.
|inactive|Luke693VGC has 30 seconds left.
|inactive|ming0mang0 has 20 seconds left.
|inactive|Luke693VGC has 20 seconds left.
|inactive|ming0mang0 has 15 seconds left.
|inactive|Luke693VGC has 15 seconds left.
|inactive|ming0mang0 has 10 seconds left.
|inactive|Luke693VGC has 10 seconds left.
|
|t:|1756234285
|switch|p1b: Pelipper|Pelipper, L50, M|1/100
|-weather|RainDance|[from] ability: Drizzle|[of] p1b: Pelipper
|move|p2a: Ursaluna|Headlong Rush|p1b: Pelipper
|-immune|p1b: Pelipper
|move|p2b: Incineroar|Knock Off|p1a: Archaludon
|-damage|p1a: Archaludon|52/100
|-ability|p1a: Archaludon|Stamina|boost
|-boost|p1a: Archaludon|def|1
|-enditem|p1a: Archaludon|Assault Vest|[from] move: Knock Off|[of] p2b: Incineroar
|move|p1a: Archaludon|Electro Shot||[still]
|-prepare|p1a: Archaludon|Electro Shot
|-boost|p1a: Archaludon|spa|1
|-anim|p1a: Archaludon|Electro Shot|p2b: Incineroar
|-damage|p2b: Incineroar|40/100
|
|-weather|RainDance|[upkeep]
|-sideend|p2: Luke693VGC|move: Tailwind
|-status|p2a: Ursaluna|brn|[from] item: Flame Orb
|upkeep
|turn|7
|inactive|ming0mang0 has 30 seconds left.
|inactive|Luke693VGC has 30 seconds left.
|inactive|ming0mang0 has 20 seconds left.
|inactive|ming0mang0 has 15 seconds left.
|
|t:|1756234325
|move|p1b: Pelipper|Tailwind|p1b: Pelipper
|-sidestart|p1: ming0mang0|move: Tailwind
|move|p1a: Archaludon|Body Press|p2b: Incineroar
|-supereffective|p2b: Incineroar
|-damage|p2b: Incineroar|0 fnt
|faint|p2b: Incineroar
|move|p2a: Ursaluna|Headlong Rush|p1a: Archaludon
|-supereffective|p1a: Archaludon
|-damage|p1a: Archaludon|0 fnt
|-unboost|p2a: Ursaluna|def|1
|-unboost|p2a: Ursaluna|spd|1
|faint|p1a: Archaludon
|
|-weather|RainDance|[upkeep]
|-damage|p2a: Ursaluna|95/100 brn|[from] brn
|upkeep
|
|t:|1756234338
|switch|p1a: Basculegion|Basculegion, L50, M|9/100
|turn|8
|inactive|ming0mang0 has 30 seconds left.
|
|t:|1756234373
|-terastallize|p1a: Basculegion|Water
|move|p2a: Ursaluna|Protect|p2a: Ursaluna
|-singleturn|p2a: Ursaluna|Protect
|move|p1a: Basculegion|Wave Crash|p2a: Ursaluna
|-activate|p2a: Ursaluna|move: Protect
|move|p1b: Pelipper|Weather Ball|p2a: Ursaluna
|-activate|p2a: Ursaluna|move: Protect
|
|-weather|RainDance|[upkeep]
|-damage|p2a: Ursaluna|89/100 brn|[from] brn
|upkeep
|turn|9
|
|t:|1756234396
|move|p1a: Basculegion|Wave Crash|p2a: Ursaluna
|-supereffective|p2a: Ursaluna
|-damage|p2a: Ursaluna|0 fnt
|faint|p2a: Ursaluna
|-damage|p1a: Basculegion|0 fnt|[from] Recoil
|faint|p1a: Basculegion
|
|win|ming0mang0
|raw|ming0mang0's rating: 1102 → 1120(+18 for winning)
|raw|Luke693VGC's rating: 1005 → 1000(-5 for losing)
