|j|☆Divine Monkey King
|j|☆Under Limbo
|html|Divine Monkey KingUnder Limbo    
|uhtml|bestof|Game 2 of a best-of-3
|t:|1784821915
|gametype|doubles
|player|p1|Divine Monkey King|silver|1123
|player|p2|Under Limbo|n|1054
|gen|9
|tier|[Gen 9 Champions] VGC 2026 Reg M-B (Bo3)
|rated|
|rule|Species Clause: Limit one of each Pokémon
|rule|Item Clause: Limit 1 of each item
|clearpoke
|poke|p1|Tyranitar, L50, M, shiny|
|poke|p1|Aerodactyl, L50, M, shiny|
|poke|p1|Pelipper, L50, M, shiny|
|poke|p1|Basculegion, L50, M, shiny|
|poke|p1|Beedrill, L50, M, shiny|
|poke|p1|Annihilape, L50, M, shiny|
|poke|p2|Froslass, L50, F, shiny|
|poke|p2|Glimmora, L50, M, shiny|
|poke|p2|Grimmsnarl, L50, M|
|poke|p2|Sneasler, L50, F|
|poke|p2|Milotic, L50, F, shiny|
|poke|p2|Tsareena, L50, F, shiny|
|teampreview|4
|showteam|p1|Tyranitar||Tyranitarite|SandStream|BrickBreak,KnockOff,Protect,RockSlide|Adamant||M|||50|]Aerodactyl||FocusSash|Unnerve|DualWingbeat,IronHead,Protect,Tailwind|Jolly||M|||50|]Pelipper||WacanBerry|Drizzle|Hurricane,IceBeam,Protect,WeatherBall|Calm||M|||50|]Basculegion||MysticWater|SwiftSwim|AquaJet,FlipTurn,LastRespects,Protect|Adamant||M|||50|]Beedrill||Beedrillite|Sniper|PoisonJab,Protect,Uturn,FellStinger|Jolly||M|||50|]Annihilape||Leftovers|Defiant|BulkUp,DrainPunch,Protect,ThunderPunch|Adamant||M|||50|
|showteam|p2|Froslass||Froslassite|CursedBody|Blizzard,AuroraVeil,Protect,Hex|Timid||F|||50|]Glimmora||SitrusBerry|ToxicDebris|MortalSpin,SpikyShield,PowerGem,EarthPower|Bold||M|||50|]Grimmsnarl||LightClay|Prankster|SpiritBreak,PartingShot,LightScreen,Reflect|Careful||M|||50|]Sneasler||FocusSash|Unburden|CloseCombat,ThroatChop,FakeOut,DireClaw|Jolly||F|||50|]Milotic||Leftovers|Competitive|MuddyWater,IceBeam,Haze,Recover|Calm||F|||50|]Tsareena||ExpertBelt|QueenlyMajesty|TropKick,TripleAxel,LowKick,Protect|Adamant||F|||50|
|
|t:|1784821957
|teamsize|p1|4
|teamsize|p2|4
|start
|switch|p1a: Aerodactyl|Aerodactyl, L50, M, shiny|100/100
|switch|p1b: Pelipper|Pelipper, L50, M, shiny|100/100
|switch|p2a: Krow|Grimmsnarl, L50, M|100/100
|switch|p2b: Celeste|Sneasler, L50, F|100/100
|-ability|p1a: Aerodactyl|Unnerve
|-weather|RainDance|[from] ability: Drizzle|[of] p1b: Pelipper
|turn|1
|
|t:|1784821982
|move|p2b: Celeste|Fake Out|p1a: Aerodactyl
|-resisted|p1a: Aerodactyl|1
|-damage|p1a: Aerodactyl|88/100
|move|p2a: Krow|Reflect|p2a: Krow
|-sidestart|p2: Under Limbo|Reflect
|cant|p1a: Aerodactyl|flinch
|move|p1b: Pelipper|Hurricane|p2b: Celeste
|-supereffective|p2b: Celeste|1
|-enditem|p2b: Celeste|Focus Sash
|-damage|p2b: Celeste|1/100
|
|-weather|RainDance|[upkeep]
|upkeep
|turn|2
|
|t:|1784822003
|move|p2a: Krow|Light Screen|p2a: Krow
|-sidestart|p2: Under Limbo|move: Light Screen
|move|p2b: Celeste|Dire Claw|p1b: Pelipper
|-damage|p1b: Pelipper|54/100
|move|p1a: Aerodactyl|Dual Wingbeat|p2b: Celeste
|-supereffective|p2b: Celeste|1
|-damage|p2b: Celeste|0 fnt
|faint|p2b: Celeste
|-hitcount|p2: Celeste|1
|move|p1b: Pelipper|Hurricane|p2a: Krow
|-damage|p2a: Krow|73/100
|
|-weather|RainDance|[upkeep]
|upkeep
|
|t:|1784822021
|switch|p2b: Kitana|Milotic, L50, F, shiny|100/100
|turn|3
|
|t:|1784822035
|move|p1a: Aerodactyl|Tailwind|p1a: Aerodactyl
|-sidestart|p1: Divine Monkey King|move: Tailwind
|move|p1b: Pelipper|Hurricane|p2b: Kitana
|-damage|p2b: Kitana|81/100
|move|p2b: Kitana|Muddy Water|p1b: Pelipper|[spread] p1a,p1b
|-supereffective|p1a: Aerodactyl|1
|-resisted|p1b: Pelipper|1
|-crit|p1b: Pelipper
|-damage|p1a: Aerodactyl|0 fnt
|-damage|p1b: Pelipper|15/100
|faint|p1a: Aerodactyl
|move|p2a: Krow|Spirit Break|p1b: Pelipper
|-damage|p1b: Pelipper|0 fnt
|faint|p1b: Pelipper
|
|-weather|RainDance|[upkeep]
|-heal|p2b: Kitana|87/100|[from] item: Leftovers
|upkeep
|
|t:|1784822044
|switch|p1a: Basculegion|Basculegion, L50, M, shiny|100/100
|switch|p1b: Beedrill|Beedrill, L50, M, shiny|100/100
|turn|4
|
|t:|1784822068
|detailschange|p1b: Beedrill|Beedrill-Mega, L50, M, shiny
|-mega|p1b: Beedrill|Beedrill|Beedrillite
|move|p2a: Krow|Parting Shot|p1b: Beedrill
|-unboost|p1b: Beedrill|atk|1
|-unboost|p1b: Beedrill|spa|1
|
|t:|1784822073
|switch|p2a: Carmen|Froslass, L50, F, shiny|100/100|[from] Parting Shot
|move|p1a: Basculegion|Last Respects|p2b: Kitana
|-damage|p2b: Kitana|33/100
|move|p1b: Beedrill|Poison Jab|p2a: Carmen
|-resisted|p2a: Carmen|1
|-damage|p2a: Carmen|76/100
|move|p2b: Kitana|Muddy Water|p1a: Basculegion|[spread] p1a,p1b
|-resisted|p1a: Basculegion|1
|-damage|p1a: Basculegion|73/100
|-damage|p1b: Beedrill|31/100
|-unboost|p1a: Basculegion|accuracy|1
|
|-weather|RainDance|[upkeep]
|-heal|p2b: Kitana|39/100|[from] item: Leftovers
|upkeep
|turn|5
|
|t:|1784822097
|detailschange|p2a: Carmen|Froslass-Mega, L50, F, shiny
|-mega|p2a: Carmen|Froslass|Froslassite
|-weather|Snowscape|[from] ability: Snow Warning|[of] p2a: Carmen
|move|p1b: Beedrill|U-turn|p2a: Carmen
|-resisted|p2a: Carmen|1
|-damage|p2a: Carmen|61/100
|move|p1a: Basculegion|Last Respects|p2b: Kitana
|-damage|p2b: Kitana|0 fnt
|faint|p2b: Kitana
|move|p2a: Carmen|Blizzard|p1b: Beedrill|[spread] p1a,p1b
|-resisted|p1a: Basculegion|1
|-damage|p1a: Basculegion|46/100
|-damage|p1b: Beedrill|0 fnt
|faint|p1b: Beedrill
|
|-weather|Snowscape|[upkeep]
|upkeep
|
|t:|1784822114
|switch|p2b: Krow|Grimmsnarl, L50, M|73/100
|turn|6
|
|t:|1784822119
|move|p2a: Carmen|Protect|p2a: Carmen
|-singleturn|p2a: Carmen|Protect
|move|p1a: Basculegion|Last Respects|p2a: Carmen
|-activate|p2a: Carmen|move: Protect
|move|p2b: Krow|Spirit Break|p1a: Basculegion
|-damage|p1a: Basculegion|6/100
|-unboost|p1a: Basculegion|spa|1
|
|-weather|Snowscape|[upkeep]
|-sideend|p1: Divine Monkey King|move: Tailwind
|upkeep
|turn|7
|
|t:|1784822134
|move|p2a: Carmen|Hex|p1a: Basculegion
|-supereffective|p1a: Basculegion|1
|-damage|p1a: Basculegion|0 fnt
|faint|p1a: Basculegion
|
|win|Under Limbo
||Divine Monkey King is ready for game 3.
||Under Limbo is ready for game 3.
|uhtml|next|Next: Game 3 of 3
|l|☆Under Limbo
|player|p2|
