|j|☆25th_mang
|j|☆s!dd_1
|html|25th_mangs!dd_1    
|uhtml|bestof|Game 2 of a best-of-3
|t:|1784956262
|gametype|doubles
|player|p1|25th_mang|ballguy|1322
|player|p2|s!dd_1|flannery-gen6|1579
|gen|9
|tier|[Gen 9 Champions] VGC 2026 Reg M-B (Bo3)
|rated|
|rule|Species Clause: Limit one of each Pokémon
|rule|Item Clause: Limit 1 of each item
|clearpoke
|poke|p1|Blastoise, L50, M|
|poke|p1|Camerupt, L50, M|
|poke|p1|Farigiraf, L50, M|
|poke|p1|Kingambit, L50, M|
|poke|p1|Vanilluxe, L50, F|
|poke|p1|Staraptor, L50, F|
|poke|p2|Raichu, L50, M|
|poke|p2|Mamoswine, L50, F|
|poke|p2|Maushold, L50|
|poke|p2|Sylveon, L50, F|
|poke|p2|Arcanine-Hisui, L50, M|
|poke|p2|Meowscarada, L50, M|
|teampreview|4
|showteam|p1|Blastoise||Blastoisinite|RainDish|WaterSpout,DarkPulse,AuraSphere,FakeOut|Quiet||M|||50|]Camerupt||Cameruptite|SolidRock|AncientPower,EarthPower,HeatWave,Protect|Quiet||M|||50|]Farigiraf||SitrusBerry|ArmorTail|PsychicFangs,HyperVoice,HelpingHand,TrickRoom|Relaxed||M|||50|]Kingambit||LifeOrb|Defiant|KowtowCleave,IronHead,Protect,SuckerPunch|Brave||M|||50|]Vanilluxe||NeverMeltIce|SnowWarning|Blizzard,FreezeDry,Protect,IceShard|Quiet||F|||50|]Staraptor||ChoiceScarf|Intimidate|FinalGambit,CloseCombat,BraveBird,Uturn|Jolly||F|||50|
|showteam|p2|Raichu||RaichuniteY|LightningRod|ZapCannon,FocusBlast,FakeOut,Protect|Timid||M|||50|]Mamoswine||LifeOrb|Oblivious|HighHorsepower,IcicleCrash,IceShard,Protect|Adamant||F|||50|]Maushold||ChopleBerry|FriendGuard|SuperFang,HelpingHand,FollowMe,Protect|Timid|||||50|]Sylveon||FairyFeather|Pixilate|HyperVoice,HyperBeam,CalmMind,Detect|Modest||F|||50|]Arcanine-Hisui||FocusSash|Intimidate|FlareBlitz,RockSlide,ExtremeSpeed,Protect|Adamant||M|||50|]Meowscarada||ChoiceScarf|Protean|FlowerTrick,KnockOff,TripleAxel,AerialAce|Jolly||M|||50|
|inactive|Battle timer is ON: inactive players will automatically lose when time's up. (requested by s!dd_1)
|inactive|25th_mang also wants the timer to be on.
|inactive|25th_mang has 60 seconds left.
|inactive|25th_mang has 30 seconds left.
|inactive|25th_mang has 20 seconds left.
|inactive|25th_mang has 15 seconds left.
|
|t:|1784956340
|teamsize|p1|4
|teamsize|p2|4
|start
|switch|p1a: Blind Spot|Farigiraf, L50, M|100/100
|switch|p1b: Miroh|Staraptor, L50, F|100/100
|switch|p2a: Maushold|Maushold, L50|100/100
|switch|p2b: Tame Impala|Sylveon, L50, F|100/100
|-ability|p1b: Miroh|Intimidate|boost
|-unboost|p2a: Maushold|atk|1
|-unboost|p2b: Tame Impala|atk|1
|turn|1
|
|t:|1784956357
|move|p1a: Blind Spot|Helping Hand|p1b: Miroh
|-singleturn|p1b: Miroh|Helping Hand|[of] p1a: Blind Spot
|move|p2a: Maushold|Follow Me|p2a: Maushold
|-singleturn|p2a: Maushold|move: Follow Me
|move|p1b: Miroh|Close Combat|p2a: Maushold
|-supereffective|p2a: Maushold|1
|-enditem|p2a: Maushold|Chople Berry|[eat]
|-enditem|p2a: Maushold|Chople Berry|[weaken]
|-damage|p2a: Maushold|35/100
|-unboost|p1b: Miroh|def|1
|-unboost|p1b: Miroh|spd|1
|move|p2b: Tame Impala|Calm Mind|p2b: Tame Impala
|-boost|p2b: Tame Impala|spa|1
|-boost|p2b: Tame Impala|spd|1
|
|upkeep
|turn|2
|inactive|25th_mang has 30 seconds left.
|
|t:|1784956385
|move|p2a: Maushold|Follow Me|p2a: Maushold
|-singleturn|p2a: Maushold|move: Follow Me
|move|p1b: Miroh|Close Combat|p2a: Maushold
|-supereffective|p2a: Maushold|1
|-damage|p2a: Maushold|0 fnt
|-unboost|p1b: Miroh|def|1
|-unboost|p1b: Miroh|spd|1
|faint|p2a: Maushold
|move|p2b: Tame Impala|Calm Mind|p2b: Tame Impala
|-boost|p2b: Tame Impala|spa|1
|-boost|p2b: Tame Impala|spd|1
|move|p1a: Blind Spot|Trick Room|p1a: Blind Spot
|-fieldstart|move: Trick Room|[of] p1a: Blind Spot
|
|upkeep
|
|t:|1784956402
|switch|p2a: Skillet|Arcanine-Hisui, L50, M|100/100
|-ability|p2a: Skillet|Intimidate|boost
|-unboost|p1a: Blind Spot|atk|1
|-unboost|p1b: Miroh|atk|1
|turn|3
|
|t:|1784956409
|move|p2a: Skillet|Protect|p2a: Skillet
|-singleturn|p2a: Skillet|Protect
|move|p1a: Blind Spot|Hyper Voice|p2a: Skillet|[spread] p2b
|-activate|p2a: Skillet|move: Protect
|-damage|p2b: Tame Impala|91/100
|move|p2b: Tame Impala|Hyper Voice|p1a: Blind Spot|[spread] p1a,p1b
|-damage|p1a: Blind Spot|8/100
|-damage|p1b: Miroh|0 fnt
|-enditem|p1a: Blind Spot|Sitrus Berry|[eat]
|-heal|p1a: Blind Spot|33/100|[from] item: Sitrus Berry
|faint|p1b: Miroh
|
|upkeep
|
|t:|1784956417
|switch|p1b: Star Lost|Kingambit, L50, M|100/100
|turn|4
|
|t:|1784956431
|move|p2b: Tame Impala|Detect|p2b: Tame Impala
|-singleturn|p2b: Tame Impala|Protect
|move|p1b: Star Lost|Iron Head|p2a: Skillet
|-damage|p2a: Skillet|17/100
|-damage|p1b: Star Lost|90/100|[from] item: Life Orb
|move|p1a: Blind Spot|Hyper Voice|p2b: Tame Impala|[spread] p2a
|-activate|p2b: Tame Impala|move: Protect
|-resisted|p2a: Skillet|1
|-damage|p2a: Skillet|1/100
|move|p2a: Skillet|Flare Blitz|p1b: Star Lost
|-supereffective|p1b: Star Lost|1
|-damage|p1b: Star Lost|2/100
|-damage|p2a: Skillet|0 fnt|[from] Recoil
|faint|p2a: Skillet
|
|upkeep
|
|t:|1784956441
|switch|p2a: Grabbitz|Raichu, L50, M|100/100
|turn|5
|
|t:|1784956457
|detailschange|p2a: Grabbitz|Raichu-Mega-Y, L50, M
|-mega|p2a: Grabbitz|Raichu|Raichunite Y
|move|p2b: Tame Impala|Detect||[still]
|-fail|p2b: Tame Impala
|move|p1b: Star Lost|Iron Head|p2b: Tame Impala
|-supereffective|p2b: Tame Impala|1
|-damage|p2b: Tame Impala|0 fnt
|faint|p2b: Tame Impala
|-damage|p1b: Star Lost|0 fnt|[from] item: Life Orb
|faint|p1b: Star Lost
|move|p1a: Blind Spot|Hyper Voice|p2a: Grabbitz
|-crit|p2a: Grabbitz
|-damage|p2a: Grabbitz|38/100
|move|p2a: Grabbitz|Zap Cannon|p1a: Blind Spot
|-damage|p1a: Blind Spot|0 fnt
|faint|p1a: Blind Spot
|
|upkeep
|
|t:|1784956476
|switch|p1b: Haven|Blastoise, L50, M|100/100
|turn|6
|
|t:|1784956481
|move|p2a: Grabbitz|Protect|p2a: Grabbitz
|-singleturn|p2a: Grabbitz|Protect
|move|p1b: Haven|Water Spout|p2a: Grabbitz
|-activate|p2a: Grabbitz|move: Protect
|
|-fieldend|move: Trick Room
|upkeep
|turn|7
|
|t:|1784956487
|detailschange|p1b: Haven|Blastoise-Mega, L50, M
|-mega|p1b: Haven|Blastoise|Blastoisinite
|move|p2a: Grabbitz|Zap Cannon|p1b: Haven
|-supereffective|p1b: Haven|1
|-damage|p1b: Haven|0 fnt
|faint|p1b: Haven
|
|win|s!dd_1
||s!dd_1 is ready for game 3.
||25th_mang is ready for game 3.
|uhtml|next|Next: Game 3 of 3
|l|☆s!dd_1
|player|p2|
|c|☆25th_mang|https://replay.pokemonshowdown.com/gen9championsvgc2026regmbbo3-2654514848
|l|☆25th_mang
|player|p1|
|j|☆25th_mang
|player|p1|25th_mang|ballguy|
