|j|☆Jon Guridi VGC
|j|☆the rainy mouse
|html|Jon Guridi VGCthe rainy mouse    
|uhtml|bestof|Game 1 of a best-of-3
|t:|1785766974
|gametype|doubles
|player|p1|Jon Guridi VGC|lady|1325
|player|p2|the rainy mouse|pokemaniac|1385
|gen|9
|tier|[Gen 9 Champions] VGC 2026 Reg M-B (Bo3)
|rated|
|rule|Species Clause: Limit one of each Pokémon
|rule|Item Clause: Limit 1 of each item
|clearpoke
|poke|p1|Dragonite, L50, F, shiny|
|poke|p1|Kingambit, L50, F|
|poke|p1|Floette-Eternal, L50, F|
|poke|p1|Garchomp, L50, M|
|poke|p1|Talonflame, L50, M|
|poke|p1|Sneasler, L50, F|
|poke|p2|Charizard, L50, F|
|poke|p2|Garchomp, L50, F|
|poke|p2|Incineroar, L50, M|
|poke|p2|Venusaur, L50, M|
|poke|p2|Toxapex, L50, M|
|poke|p2|Annihilape, L50, M|
|teampreview|4
|showteam|p1|Dragonite||Dragoninite|Multiscale|DragonPulse,HeatWave,Thunderbolt,Protect|Modest||F|||50|]Kingambit||FocusSash|Defiant|IronHead,SuckerPunch,KowtowCleave,Protect|Adamant||F|||50|]Floette-Eternal||Floettite|FlowerVeil|LightofRuin,DazzlingGleam,Moonblast,Protect|Modest||F|||50|]Garchomp||LifeOrb|RoughSkin|RockSlide,Earthquake,DragonClaw,Protect|Jolly||M|||50|]Talonflame||SharpBeak|GaleWings|DualWingbeat,FlareBlitz,Tailwind,Protect|Jolly||M|||50|]Sneasler||WhiteHerb|Unburden|DireClaw,CloseCombat,FakeOut,Protect|Jolly||F|||50|
|showteam|p2|Charizard||CharizarditeY|Blaze|WeatherBall,HeatWave,AncientPower,Protect|Modest||F|||50|]Garchomp||ChoiceScarf|RoughSkin|RockSlide,DragonClaw,Earthquake,StompingTantrum|Adamant||F|||50|]Incineroar||SitrusBerry|Intimidate|FlareBlitz,FakeOut,DarkestLariat,PartingShot|Impish||M|||50|]Venusaur||LifeOrb|Chlorophyll|SludgeBomb,LeafStorm,EarthPower,Protect|Modest||M|||50|]Toxapex||Leftovers|Regenerator|Infestation,Toxic,WideGuard,BanefulBunker|Bold||M|||50|]Annihilape||FocusSash|Defiant|CloseCombat,PhantomForce,RockTomb,Protect|Adamant||M|||50|
|inactive|Battle timer is ON: inactive players will automatically lose when time's up. (requested by Jon Guridi VGC)
|c|☆the rainy mouse|hey
|c|☆the rainy mouse|soy cereales
|c|☆the rainy mouse|JAJAJA
|inactive|Jon Guridi VGC has 60 seconds left.
|inactive|the rainy mouse has 60 seconds left.
|inactive|the rainy mouse has 30 seconds left.
|
|t:|1785767043
|teamsize|p1|4
|teamsize|p2|4
|start
|switch|p1a: Talonflame|Talonflame, L50, M|100/100
|switch|p1b: Garchomp|Garchomp, L50, M|100/100
|switch|p2a: Incineroar|Incineroar, L50, M|100/100
|switch|p2b: Charizard|Charizard, L50, F|100/100
|-ability|p2a: Incineroar|Intimidate|boost
|-unboost|p1a: Talonflame|atk|1
|-unboost|p1b: Garchomp|atk|1
|turn|1
|inactive|Jon Guridi VGC has 30 seconds left.
|
|t:|1785767076
|move|p1a: Talonflame|Protect|p1a: Talonflame
|-singleturn|p1a: Talonflame|Protect
|move|p1b: Garchomp|Protect|p1b: Garchomp
|-singleturn|p1b: Garchomp|Protect
|move|p2b: Charizard|Protect|p2b: Charizard
|-singleturn|p2b: Charizard|Protect
|move|p2a: Incineroar|Parting Shot|p1b: Garchomp
|-activate|p1b: Garchomp|move: Protect
|
|upkeep
|turn|2
|
|t:|1785767091
|switch|p1a: Kingambit|Kingambit, L50, F|100/100
|switch|p2b: Toxapex|Toxapex, L50, M|100/100
|move|p1b: Garchomp|Rock Slide|p2b: Toxapex|[spread] p2a,p2b
|-supereffective|p2a: Incineroar|1
|-damage|p2a: Incineroar|71/100
|-damage|p2b: Toxapex|87/100
|-damage|p1b: Garchomp|90/100|[from] item: Life Orb
|move|p2a: Incineroar|Parting Shot|p1b: Garchomp
|-unboost|p1b: Garchomp|atk|1
|-unboost|p1b: Garchomp|spa|1
|
|t:|1785767100
|switch|p2a: Charizard|Charizard, L50, F|100/100|[from] Parting Shot
|
|-heal|p2b: Toxapex|93/100|[from] item: Leftovers
|upkeep
|turn|3
|
|t:|1785767116
|switch|p1b: Dragonite|Dragonite, L50, F, shiny|100/100
|detailschange|p2a: Charizard|Charizard-Mega-Y, L50, F
|-mega|p2a: Charizard|Charizard|Charizardite Y
|-weather|SunnyDay|[from] ability: Drought|[of] p2a: Charizard
|move|p1a: Kingambit|Protect|p1a: Kingambit
|-singleturn|p1a: Kingambit|Protect
|move|p2a: Charizard|Heat Wave|p1a: Kingambit|[spread] p1b
|-activate|p1a: Kingambit|move: Protect
|-resisted|p1b: Dragonite|1
|-damage|p1b: Dragonite|85/100
|move|p2b: Toxapex|Infestation|p1a: Kingambit
|-activate|p1a: Kingambit|move: Protect
|
|-weather|SunnyDay|[upkeep]
|-heal|p2b: Toxapex|99/100|[from] item: Leftovers
|upkeep
|turn|4
|inactive|the rainy mouse has 30 seconds left.
|
|t:|1785767142
|detailschange|p1b: Dragonite|Dragonite-Mega, L50, F, shiny
|-mega|p1b: Dragonite|Dragonite|Dragoninite
|move|p2a: Charizard|Heat Wave|p1a: Kingambit|[spread] p1a,p1b
|-supereffective|p1a: Kingambit|1
|-resisted|p1b: Dragonite|1
|-enditem|p1a: Kingambit|Focus Sash
|-damage|p1a: Kingambit|1/100
|-damage|p1b: Dragonite|60/100
|move|p1b: Dragonite|Thunderbolt|p2b: Toxapex
|-supereffective|p2b: Toxapex|1
|-damage|p2b: Toxapex|38/100
|move|p1a: Kingambit|Kowtow Cleave|p2b: Toxapex
|-damage|p2b: Toxapex|7/100
|move|p2b: Toxapex|Infestation|p1b: Dragonite
|-resisted|p1b: Dragonite|1
|-damage|p1b: Dragonite|59/100
|-activate|p1b: Dragonite|move: Infestation|[of] p2b: Toxapex
|
|-weather|SunnyDay|[upkeep]
|-heal|p2b: Toxapex|12/100|[from] item: Leftovers
|-damage|p1b: Dragonite|46/100|[from] move: Infestation|[partiallytrapped]
|upkeep
|turn|5
|inactive|Jon Guridi VGC has 30 seconds left.
|inactive|the rainy mouse has 30 seconds left.
|inactive|Jon Guridi VGC has 20 seconds left.
|inactive|the rainy mouse has 20 seconds left.
|inactive|the rainy mouse has 15 seconds left.
|inactive|the rainy mouse has 10 seconds left.
|
|t:|1785767187
|move|p2a: Charizard|Protect|p2a: Charizard
|-singleturn|p2a: Charizard|Protect
|move|p2b: Toxapex|Baneful Bunker|p2b: Toxapex
|-singleturn|p2b: Toxapex|move: Protect
|move|p1b: Dragonite|Thunderbolt|p2a: Charizard
|-activate|p2a: Charizard|move: Protect
|move|p1a: Kingambit|Kowtow Cleave|p2b: Toxapex
|-activate|p2b: Toxapex|move: Protect
|
|-weather|SunnyDay|[upkeep]
|-heal|p2b: Toxapex|18/100|[from] item: Leftovers
|-damage|p1b: Dragonite|34/100|[from] move: Infestation|[partiallytrapped]
|upkeep
|turn|6
|inactive|Jon Guridi VGC has 30 seconds left.
|
|t:|1785767218
|-heal|p2b: Toxapex|51/100|[from] ability: Regenerator|[silent]
|switch|p2b: Garchomp|Garchomp, L50, F|100/100
|move|p1a: Kingambit|Sucker Punch|p2a: Charizard
|-damage|p2a: Charizard|56/100
|move|p2a: Charizard|Ancient Power|p1b: Dragonite
|-supereffective|p1b: Dragonite|1
|-damage|p1b: Dragonite|0 fnt
|-boost|p2a: Charizard|atk|1
|-boost|p2a: Charizard|def|1
|-boost|p2a: Charizard|spa|1
|-boost|p2a: Charizard|spd|1
|-boost|p2a: Charizard|spe|1
|faint|p1b: Dragonite
|
|-weather|SunnyDay|[upkeep]
|upkeep
|
|t:|1785767230
|switch|p1b: Garchomp|Garchomp, L50, M|90/100
|turn|7
|
|t:|1785767241
|move|p1b: Garchomp|Protect|p1b: Garchomp
|-singleturn|p1b: Garchomp|Protect
|move|p1a: Kingambit|Sucker Punch|p2b: Garchomp
|-crit|p2b: Garchomp
|-damage|p2b: Garchomp|37/100
|-damage|p1a: Kingambit|0 fnt|[from] ability: Rough Skin|[of] p2b: Garchomp
|faint|p1a: Kingambit
|move|p2b: Garchomp|Dragon Claw|p1b: Garchomp
|-activate|p1b: Garchomp|move: Protect
|move|p2a: Charizard|Weather Ball|p1b: Garchomp
|-activate|p1b: Garchomp|move: Protect
|
|-weather|none
|upkeep
|
|t:|1785767247
|switch|p1a: Talonflame|Talonflame, L50, M|100/100
|turn|8
|
|t:|1785767261
|switch|p2b: Incineroar|Incineroar, L50, M|71/100
|-ability|p2b: Incineroar|Intimidate|boost
|-unboost|p1a: Talonflame|atk|1
|-unboost|p1b: Garchomp|atk|1
|move|p2a: Charizard|Protect|p2a: Charizard
|-singleturn|p2a: Charizard|Protect
|move|p1a: Talonflame|Tailwind|p1a: Talonflame
|-sidestart|p1: Jon Guridi VGC|move: Tailwind
|move|p1b: Garchomp|Rock Slide|p2a: Charizard|[spread] p2b
|-activate|p2a: Charizard|move: Protect
|-supereffective|p2b: Incineroar|1
|-damage|p2b: Incineroar|47/100
|-enditem|p2b: Incineroar|Sitrus Berry|[eat]
|-heal|p2b: Incineroar|72/100|[from] item: Sitrus Berry
|-damage|p1b: Garchomp|80/100|[from] item: Life Orb
|
|upkeep
|turn|9
|
|t:|1785767277
|move|p1a: Talonflame|Protect|p1a: Talonflame
|-singleturn|p1a: Talonflame|Protect
|move|p1b: Garchomp|Protect|p1b: Garchomp
|-singleturn|p1b: Garchomp|Protect
|move|p2b: Incineroar|Fake Out|p1b: Garchomp
|-activate|p1b: Garchomp|move: Protect
|move|p2a: Charizard|Ancient Power|p1a: Talonflame
|-activate|p1a: Talonflame|move: Protect
|
|upkeep
|turn|10
|
|t:|1785767286
|move|p2a: Charizard|Protect|p2a: Charizard
|-singleturn|p2a: Charizard|Protect
|move|p1a: Talonflame|Dual Wingbeat|p2a: Charizard
|-activate|p2a: Charizard|move: Protect
|move|p1b: Garchomp|Rock Slide|p2b: Incineroar|[spread] p2b
|-activate|p2a: Charizard|move: Protect
|-supereffective|p2b: Incineroar|1
|-damage|p2b: Incineroar|48/100
|-damage|p1b: Garchomp|70/100|[from] item: Life Orb
|move|p2b: Incineroar|Parting Shot|p1b: Garchomp
|-unboost|p1b: Garchomp|atk|1
|-unboost|p1b: Garchomp|spa|1
|
|t:|1785767289
|switch|p2b: Toxapex|Toxapex, L50, M|51/100|[from] Parting Shot
|
|-heal|p2b: Toxapex|57/100|[from] item: Leftovers
|upkeep
|turn|11
|
|t:|1785767305
|-heal|p2b: Toxapex|90/100|[from] ability: Regenerator|[silent]
|switch|p2b: Incineroar|Incineroar, L50, M|48/100
|-ability|p2b: Incineroar|Intimidate|boost
|-unboost|p1a: Talonflame|atk|1
|-unboost|p1b: Garchomp|atk|1
|move|p1a: Talonflame|Dual Wingbeat|p2a: Charizard
|-damage|p2a: Charizard|49/100
|-damage|p2a: Charizard|42/100
|-hitcount|p2a: Charizard|2
|move|p1b: Garchomp|Dragon Claw|p2a: Charizard
|-damage|p2a: Charizard|24/100
|-damage|p1b: Garchomp|61/100|[from] item: Life Orb
|move|p2a: Charizard|Ancient Power|p1a: Talonflame
|-supereffective|p1a: Talonflame|2
|-damage|p1a: Talonflame|0 fnt
|faint|p1a: Talonflame
|
|-sideend|p1: Jon Guridi VGC|move: Tailwind
|upkeep
|turn|12
|inactive|the rainy mouse has 30 seconds left.
|
|t:|1785767337
|switch|p2b: Toxapex|Toxapex, L50, M|90/100
|move|p2a: Charizard|Weather Ball|p1b: Garchomp
|-damage|p1b: Garchomp|28/100
|move|p1b: Garchomp|Rock Slide|p2a: Charizard|[spread] p2a,p2b
|-supereffective|p2a: Charizard|2
|-crit|p2b: Toxapex
|-damage|p2a: Charizard|0 fnt
|-damage|p2b: Toxapex|66/100
|faint|p2a: Charizard
|-damage|p1b: Garchomp|18/100|[from] item: Life Orb
|
|-heal|p2b: Toxapex|71/100|[from] item: Leftovers
|upkeep
|
|t:|1785767340
|switch|p2a: Garchomp|Garchomp, L50, F|37/100
|turn|13
|
|t:|1785767348
|move|p2a: Garchomp|Dragon Claw|p1b: Garchomp
|-supereffective|p1b: Garchomp|1
|-damage|p1b: Garchomp|0 fnt
|-damage|p2a: Garchomp|25/100|[from] ability: Rough Skin|[of] p1b: Garchomp
|faint|p1b: Garchomp
|
|win|the rainy mouse
||Jon Guridi VGC is ready for game 2.
||the rainy mouse is ready for game 2.
|uhtml|next|Next: Game 2 of 3
|l|☆Jon Guridi VGC
|player|p1|
