|j|☆Light_Nova7
|j|☆VenusaurBot
|html|Light_Nova7VenusaurBot    
|uhtml|bestof|Game 2 of a best-of-3
|t:|1784463276
|gametype|doubles
|player|p1|Light_Nova7|hilbert|1051
|player|p2|VenusaurBot|koga|1255
|gen|9
|tier|[Gen 9 Champions] VGC 2026 Reg M-B (Bo3)
|rated|
|rule|Species Clause: Limit one of each Pokémon
|rule|Item Clause: Limit 1 of each item
|clearpoke
|poke|p1|Staraptor, L50, F|
|poke|p1|Tyranitar, L50, F|
|poke|p1|Rotom-Wash, L50|
|poke|p1|Excadrill, L50, F|
|poke|p1|Venusaur, L50, M|
|poke|p1|Charizard, L50, F|
|poke|p2|Blaziken, L50, F|
|poke|p2|Venusaur, L50, F|
|poke|p2|Ninetales-Alola, L50, M|
|poke|p2|Dragonite, L50, M|
|poke|p2|Kingambit, L50, F|
|poke|p2|Basculegion, L50, M|
|teampreview|4
|showteam|p1|Staraptor||Staraptite|Intimidate|BraveBird,CloseCombat,Tailwind,Protect|Jolly||F|||50|]Tyranitar||ChoiceScarf|SandStream|RockSlide,KnockOff,IcePunch,LowKick|Jolly||F|||50|]Rotom-Wash||Magnet|Levitate|HydroPump,Thunderbolt,VoltSwitch,Protect|Modest|||||50|]Excadrill||FocusSash|SandRush|Earthquake,IronHead,RockSlide,Protect|Adamant||F|||50|]Venusaur||Venusaurite|Chlorophyll|SludgeBomb,EarthPower,SleepPowder,Protect|Modest||M|||50|]Charizard||CharizarditeY|Blaze|HeatWave,WeatherBall,AirSlash,Protect|Hasty||F|||50|
|showteam|p2|Blaziken||Blazikenite|SpeedBoost|Protect,FlareBlitz,CloseCombat,RockSlide|Adamant||F|||50|]Venusaur||Venusaurite|Chlorophyll|Protect,EarthPower,SludgeBomb,GigaDrain|Modest||F|||50|]Ninetales-Alola||NeverMeltIce|SnowWarning|Protect,Blizzard,FreezeDry,Encore|Timid||M|||50|]Dragonite||LifeOrb|InnerFocus|Protect,ExtremeSpeed,DragonClaw,LowKick|Adamant||M|||50|]Kingambit||BlackGlasses|Defiant|Protect,KowtowCleave,SuckerPunch,IronHead|Adamant||F|||50|]Basculegion||ChoiceScarf|Adaptability|WaveCrash,FlipTurn,AquaJet,LastRespects|Jolly||M|||50|
|inactive|Battle timer is ON: inactive players will automatically lose when time's up. (requested by Light_Nova7)
|inactive|VenusaurBot has 60 seconds left.
|
|t:|1784463317
|teamsize|p1|4
|teamsize|p2|4
|start
|switch|p1a: Staraptor|Staraptor, L50, F|100/100
|switch|p1b: Rotom|Rotom-Wash, L50|100/100
|switch|p2a: Venusaur|Venusaur, L50, F|100/100
|switch|p2b: Basculegion|Basculegion, L50, M|100/100
|-ability|p1a: Staraptor|Intimidate|boost
|-unboost|p2a: Venusaur|atk|1
|-unboost|p2b: Basculegion|atk|1
|turn|1
|inactive|Light_Nova7 has 30 seconds left.
|inactive|VenusaurBot has 30 seconds left.
|inactive|Light_Nova7 has 20 seconds left.
|inactive|VenusaurBot has 20 seconds left.
|inactive|VenusaurBot has 15 seconds left.
|inactive|VenusaurBot has 10 seconds left.
|
|t:|1784463365
|detailschange|p2a: Venusaur|Venusaur-Mega, L50, F
|-mega|p2a: Venusaur|Venusaur|Venusaurite
|move|p1a: Staraptor|Protect|p1a: Staraptor
|-singleturn|p1a: Staraptor|Protect
|move|p2b: Basculegion|Flip Turn|p1b: Rotom
|-resisted|p1b: Rotom|1
|-damage|p1b: Rotom|86/100
|
|t:|1784463374
|switch|p2b: Dragonite|Dragonite, L50, M|100/100|[from] Flip Turn
|move|p1b: Rotom|Volt Switch|p2b: Dragonite
|-damage|p2b: Dragonite|57/100
|
|t:|1784463391
|switch|p1b: Venusaur|Venusaur, L50, M|100/100|[from] Volt Switch
|move|p2a: Venusaur|Giga Drain|p1b: Venusaur
|-resisted|p1b: Venusaur|2
|-crit|p1b: Venusaur
|-damage|p1b: Venusaur|87/100
|
|upkeep
|turn|2
|inactive|VenusaurBot has 30 seconds left.
|
|t:|1784463417
|detailschange|p1b: Venusaur|Venusaur-Mega, L50, M
|-mega|p1b: Venusaur|Venusaur|Venusaurite
|move|p1a: Staraptor|Brave Bird|p2a: Venusaur
|-supereffective|p2a: Venusaur|1
|-damage|p2a: Venusaur|29/100
|-damage|p1a: Staraptor|76/100|[from] Recoil
|move|p2b: Dragonite|Dragon Claw|p1b: Venusaur
|-damage|p1b: Venusaur|36/100
|-damage|p2b: Dragonite|47/100|[from] item: Life Orb
|move|p1b: Venusaur|Sludge Bomb|p2b: Dragonite
|-damage|p2b: Dragonite|0 fnt
|faint|p2b: Dragonite
|move|p2a: Venusaur|Sludge Bomb|p1a: Staraptor
|-damage|p1a: Staraptor|16/100
|
|upkeep
|
|t:|1784463438
|switch|p2b: Ninetales|Ninetales-Alola, L50, M|100/100
|-weather|Snowscape|[from] ability: Snow Warning|[of] p2b: Ninetales
|turn|3
|
|t:|1784463461
|move|p2b: Ninetales|Blizzard|p1b: Venusaur|[spread] p1a,p1b
|-supereffective|p1a: Staraptor|1
|-supereffective|p1b: Venusaur|1
|-damage|p1a: Staraptor|0 fnt
|-damage|p1b: Venusaur|10/100
|faint|p1a: Staraptor
|move|p1b: Venusaur|Sludge Bomb|p2a: Venusaur
|-damage|p2a: Venusaur|0 fnt
|faint|p2a: Venusaur
|
|-weather|Snowscape|[upkeep]
|upkeep
|
|t:|1784463471
|switch|p1a: Rotom|Rotom-Wash, L50|86/100
|switch|p2a: Basculegion|Basculegion, L50, M|100/100
|turn|4
|
|t:|1784463487
|move|p1b: Venusaur|Protect|p1b: Venusaur
|-singleturn|p1b: Venusaur|Protect
|move|p2a: Basculegion|Last Respects|p1a: Rotom
|-damage|p1a: Rotom|0 fnt
|faint|p1a: Rotom
|move|p2b: Ninetales|Blizzard|p1b: Venusaur
|-activate|p1b: Venusaur|move: Protect
|
|-weather|Snowscape|[upkeep]
|upkeep
|
|t:|1784463496
|switch|p1a: Charizard|Charizard, L50, F|100/100
|turn|5
|
|t:|1784463518
|move|p1b: Venusaur|Protect||[still]
|-fail|p1b: Venusaur
|move|p2a: Basculegion|Last Respects|p1b: Venusaur
|-damage|p1b: Venusaur|0 fnt
|faint|p1b: Venusaur
|move|p2b: Ninetales|Freeze-Dry|p1a: Charizard
|-damage|p1a: Charizard|64/100
|move|p1a: Charizard|Heat Wave|p2b: Ninetales|[spread] p2a,p2b
|-resisted|p2a: Basculegion|1
|-supereffective|p2b: Ninetales|1
|-damage|p2a: Basculegion|82/100
|-damage|p2b: Ninetales|20/100y
|
|-weather|Snowscape|[upkeep]
|upkeep
|turn|6
|
|t:|1784463532
|move|p2a: Basculegion|Last Respects|p1a: Charizard
|-damage|p1a: Charizard|0 fnt
|faint|p1a: Charizard
|
|win|VenusaurBot
||Light_Nova7 is ready for game 3.
|inactive|VenusaurBot has 30 seconds to confirm battle start!
||VenusaurBot is ready for game 3.
|uhtml|next|Next: Game 3 of 3
