|j|☆IscoDIMES
|j|☆seattlebandit
|html|IscoDIMESseattlebandit    
|uhtml|bestof|Game 2 of a best-of-3
|t:|1782497583
|gametype|doubles
|player|p1|IscoDIMES|169|1148
|player|p2|seattlebandit|roughneck-gen4|1136
|gen|9
|tier|[Gen 9 Champions] VGC 2026 Reg M-B (Bo3)
|rated|
|rule|Species Clause: Limit one of each Pokémon
|rule|Item Clause: Limit 1 of each item
|clearpoke
|poke|p1|Ceruledge, L50, M|
|poke|p1|Kleavor, L50, M|
|poke|p1|Palafin, L50, F|
|poke|p1|Abomasnow, L50, M|
|poke|p1|Farigiraf, L50, M|
|poke|p1|Aggron, L50, F|
|poke|p2|Basculegion, L50, M|
|poke|p2|Charizard, L50, F|
|poke|p2|Garchomp, L50, F|
|poke|p2|Kingambit, L50, F|
|poke|p2|Sylveon, L50, F|
|poke|p2|Aerodactyl, L50, M|
|teampreview|4
|showteam|p1|Ceruledge||ColburBerry|FlashFire|Curse,BitterBlade,Protect,WillOWisp|Brave||M|||50|]Kleavor||FocusSash|Sharpness|Protect,StoneAxe,NightSlash,XScissor|Jolly||M|||50|]Palafin||LifeOrb|ZerotoHero|Protect,JetPunch,WaveCrash,CloseCombat|Jolly||F|||50|]Abomasnow||Abomasite|SnowWarning|Protect,Blizzard,LeechSeed,EarthPower|Quiet||M|||50|]Farigiraf||SitrusBerry|ArmorTail|Protect,TrickRoom,HelpingHand,DazzlingGleam|Bold||M|||50|]Aggron||Aggronite|Sturdy|Protect,HeavySlam,IcePunch,Earthquake|Brave||F|||50|
|showteam|p2|Basculegion||FocusSash|Adaptability|Protect,LastRespects,AquaJet,Liquidation|Adamant||M|||50|]Charizard||CharizarditeY|Blaze|HeatWave,SolarBeam,WeatherBall,Protect|Modest||F|||50|]Garchomp||SitrusBerry|RoughSkin|RockTomb,Earthquake,DragonClaw,Protect|Jolly||F|||50|]Kingambit||ChopleBerry|Defiant|SuckerPunch,KowtowCleave,LowKick,IronHead|Adamant||F|||50|]Sylveon||FairyFeather|Pixilate|Detect,HyperVoice,Yawn,QuickAttack|Modest||F|||50|]Aerodactyl||Aerodactylite|Unnerve|Tailwind,DualWingbeat,RockSlide,WideGuard|Jolly||M|||50|
|inactive|Battle timer is ON: inactive players will automatically lose when time's up. (requested by IscoDIMES)
|
|t:|1782497615
|teamsize|p1|4
|teamsize|p2|4
|start
|switch|p1a: Show-er|Farigiraf, L50, M|100/100
|switch|p1b: Say No to Drugs|Kleavor, L50, M|100/100
|switch|p2a: Sylveon|Sylveon, L50, F|100/100
|switch|p2b: Charizard|Charizard, L50, F|100/100
|turn|1
|
|t:|1782497632
|switch|p2b: Garchomp|Garchomp, L50, F|100/100
|move|p1b: Say No to Drugs|Stone Axe|p2b: Garchomp
|-resisted|p2b: Garchomp|1
|-damage|p2b: Garchomp|72/100
|-damage|p1b: Say No to Drugs|87/100|[from] ability: Rough Skin|[of] p2b: Garchomp
|-sidestart|p2: seattlebandit|move: Stealth Rock
|move|p2a: Sylveon|Hyper Voice|p1b: Say No to Drugs|[spread] p1a,p1b
|-damage|p1a: Show-er|57/100
|-damage|p1b: Say No to Drugs|14/100
|move|p1a: Show-er|Trick Room|p1a: Show-er
|-fieldstart|move: Trick Room|[of] p1a: Show-er
|
|upkeep
|turn|2
|inactive|IscoDIMES has 30 seconds left.
|
|t:|1782497659
|move|p2b: Garchomp|Protect|p2b: Garchomp
|-singleturn|p2b: Garchomp|Protect
|move|p1a: Show-er|Dazzling Gleam|p2a: Sylveon|[spread] p2a
|-activate|p2b: Garchomp|move: Protect
|-damage|p2a: Sylveon|88/100
|move|p2a: Sylveon|Hyper Voice|p1b: Say No to Drugs|[spread] p1a,p1b
|-damage|p1a: Show-er|16/100
|-damage|p1b: Say No to Drugs|0 fnt
|-enditem|p1a: Show-er|Sitrus Berry|[eat]
|-heal|p1a: Show-er|40/100|[from] item: Sitrus Berry
|faint|p1b: Say No to Drugs
|
|upkeep
|
|t:|1782497670
|switch|p1b: Lizzo|Aggron, L50, F|100/100
|turn|3
|
|t:|1782497684
|detailschange|p1b: Lizzo|Aggron-Mega, L50, F
|-mega|p1b: Lizzo|Aggron|Aggronite
|move|p1b: Lizzo|Heavy Slam|p2a: Sylveon
|-supereffective|p2a: Sylveon|1
|-damage|p2a: Sylveon|0 fnt
|faint|p2a: Sylveon
|move|p1a: Show-er|Dazzling Gleam|p2b: Garchomp
|-supereffective|p2b: Garchomp|1
|-damage|p2b: Garchomp|32/100
|-enditem|p2b: Garchomp|Sitrus Berry|[eat]
|-heal|p2b: Garchomp|57/100|[from] item: Sitrus Berry
|move|p2b: Garchomp|Dragon Claw|p1a: Show-er
|-damage|p1a: Show-er|13/100
|
|upkeep
|
|t:|1782497705
|switch|p2a: Charizard|Charizard, L50, F|100/100
|-damage|p2a: Charizard|50/100y|[from] Stealth Rock
|turn|4
|
|t:|1782497719
|switch|p1a: The Diddler|Ceruledge, L50, M|100/100
|detailschange|p2a: Charizard|Charizard-Mega-Y, L50, F
|-mega|p2a: Charizard|Charizard|Charizardite Y
|-weather|SunnyDay|[from] ability: Drought|[of] p2a: Charizard
|move|p1b: Lizzo|Ice Punch|p2a: Charizard
|-damage|p2a: Charizard|19/100
|move|p2a: Charizard|Heat Wave|p1a: The Diddler|[spread] p1b
|-start|p1a: The Diddler|ability: Flash Fire
|-supereffective|p1b: Lizzo|1
|-crit|p1b: Lizzo
|-damage|p1b: Lizzo|0 fnt
|faint|p1b: Lizzo
|move|p2b: Garchomp|Earthquake|p1a: The Diddler|[spread] p1a
|-immune|p2a: Charizard
|-supereffective|p1a: The Diddler|1
|-damage|p1a: The Diddler|40/100
|
|-weather|SunnyDay|[upkeep]
|upkeep
|
|t:|1782497735
|switch|p1b: Show-er|Farigiraf, L50, M|13/100
|turn|5
|
|t:|1782497741
|move|p2a: Charizard|Protect|p2a: Charizard
|-singleturn|p2a: Charizard|Protect
|move|p2b: Garchomp|Protect|p2b: Garchomp
|-singleturn|p2b: Garchomp|Protect
|move|p1b: Show-er|Dazzling Gleam|p2b: Garchomp|[spread] 
|-activate|p2a: Charizard|move: Protect
|-activate|p2b: Garchomp|move: Protect
|move|p1a: The Diddler|Will-O-Wisp|p2b: Garchomp
|-activate|p2b: Garchomp|move: Protect
|
|-weather|SunnyDay|[upkeep]
|-fieldend|move: Trick Room
|upkeep
|turn|6
|-message|IscoDIMES forfeited.
|
|win|seattlebandit
|l|☆IscoDIMES
|player|p1|
||IscoDIMES is ready for game 3.
|inactive|seattlebandit has 30 seconds to confirm battle start!
||seattlebandit is ready for game 3.
|uhtml|next|Next: Game 3 of 3
