|j|☆KodeBeast0526
|j|☆Rat Rizzo
|html|KodeBeast0526Rat Rizzo    
|uhtml|bestof|Game 2 of a best-of-3
|t:|1756596591
|gametype|doubles
|player|p1|KodeBeast0526|sailor|1186
|player|p2|Rat Rizzo|1|1156
|gen|9
|tier|[Gen 9] VGC 2025 Reg H (Bo3)
|rated|
|rule|Species Clause: Limit one of each Pokémon
|rule|Item Clause: Limit 1 of each item
|clearpoke
|poke|p1|Sneasler, L50, M|
|poke|p1|Excadrill, L50, M|
|poke|p1|Corviknight, L50, M|
|poke|p1|Tyranitar, L50, M|
|poke|p1|Indeedee-F, L50, F|
|poke|p1|Gholdengo, L50|
|poke|p2|Ursaluna, L50, M|
|poke|p2|Indeedee-F, L50, F|
|poke|p2|Torkoal, L50, F|
|poke|p2|Gallade, L50, M|
|poke|p2|Hatterene, L50, F|
|poke|p2|Armarouge, L50, M|
|teampreview|4
|showteam|p1|Sneasler||WhiteHerb|Unburden|CloseCombat,DireClaw,FakeOut,Coaching|||M|||50|,,,,,Flying]Excadrill||FocusSash|SandRush|Earthquake,IronHead,SwordsDance,Protect|||M|||50|,,,,,Ground]Corviknight||PsychicSeed|MirrorArmor|BraveBird,PowerTrip,BulkUp,Roost|||M|||50|,,,,,Water]Tyranitar||AssaultVest|SandStream|RockSlide,KnockOff,LowKick,TeraBlast|||M|||50|,,,,,Flying]Indeedee-F||SafetyGoggles|PsychicSurge|DazzlingGleam,FollowMe,HelpingHand,TrickRoom|||F|||50|,,,,,Fairy]Gholdengo||MetalCoat|GoodasGold|MakeItRain,ShadowBall,NastyPlot,Protect||||||50|,,,,,Water
|showteam|p2|Ursaluna||FlameOrb|Guts|Protect,Facade,HeadlongRush,IcePunch|||M|||50|,,,,,Ghost]Indeedee-F||PsychicSeed|PsychicSurge|FollowMe,TrickRoom,HelpingHand,Psychic|||F|||50|,,,,,Fairy]Torkoal||Charcoal|Drought|Protect,Eruption,HeatWave,EarthPower|||F|||50|,,,,,Fire]Gallade||ClearAmulet|Sharpness|WideGuard,TrickRoom,PsychoCut,SacredSword|||M|||50|,,,,,Grass]Hatterene||CovertCloak|MagicBounce|TrickRoom,ExpandingForce,MysticalFire,DazzlingGleam|||F|||50|,,,,,Fire]Armarouge||LifeOrb|FlashFire|TrickRoom,HeatWave,ExpandingForce,WideGuard|||M|||50|,,,,,Grass
|inactive|Battle timer is ON: inactive players will automatically lose when time's up. (requested by Rat Rizzo)
|inactive|KodeBeast0526 has 60 seconds left.
|
|t:|1756596646
|teamsize|p1|4
|teamsize|p2|4
|start
|switch|p1a: Excadrill|Excadrill, L50, M, shiny|100/100
|switch|p1b: Tyranitar|Tyranitar, L50, M, shiny|100/100
|switch|p2a: Indeedee|Indeedee-F, L50, F|100/100
|switch|p2b: Gallade|Gallade, L50, M|100/100
|-weather|Sandstorm|[from] ability: Sand Stream|[of] p1b: Tyranitar
|-fieldstart|move: Psychic Terrain|[from] ability: Psychic Surge|[of] p2a: Indeedee
|-enditem|p2a: Indeedee|Psychic Seed
|-boost|p2a: Indeedee|spd|1|[from] item: Psychic Seed
|turn|1
|
|t:|1756596667
|-terastallize|p1b: Tyranitar|Flying
|move|p2a: Indeedee|Follow Me|p2a: Indeedee
|-singleturn|p2a: Indeedee|move: Follow Me
|move|p1a: Excadrill|Earthquake|p2b: Gallade|[spread] p2a,p2b
|-immune|p1b: Tyranitar
|-damage|p2a: Indeedee|59/100
|-damage|p2b: Gallade|42/100
|move|p1b: Tyranitar|Rock Slide|p2a: Indeedee|[spread] p2b
|-miss|p1b: Tyranitar|p2a: Indeedee
|-resisted|p2b: Gallade
|-damage|p2b: Gallade|20/100
|move|p2b: Gallade|Trick Room|p2b: Gallade
|-fieldstart|move: Trick Room|[of] p2b: Gallade
|
|-weather|Sandstorm|[upkeep]
|-damage|p2b: Gallade|14/100|[from] Sandstorm
|-damage|p2a: Indeedee|53/100|[from] Sandstorm
|-damage|p1b: Tyranitar|95/100|[from] Sandstorm
|upkeep
|turn|2
|inactive|KodeBeast0526 has 30 seconds left.
|
|t:|1756596693
|move|p2a: Indeedee|Helping Hand|p2b: Gallade
|-singleturn|p2b: Gallade|Helping Hand|[of] p2a: Indeedee
|move|p1a: Excadrill|Protect|p1a: Excadrill
|-singleturn|p1a: Excadrill|Protect
|move|p2b: Gallade|Psycho Cut|p1b: Tyranitar
|-damage|p1b: Tyranitar|8/100
|move|p1b: Tyranitar|Tera Blast|p2a: Indeedee|[anim] Tera Blast Flying
|-damage|p2a: Indeedee|17/100
|
|-weather|Sandstorm|[upkeep]
|-damage|p2b: Gallade|8/100|[from] Sandstorm
|-damage|p2a: Indeedee|11/100|[from] Sandstorm
|-damage|p1b: Tyranitar|2/100|[from] Sandstorm
|upkeep
|turn|3
|
|t:|1756596709
|switch|p1b: Corviknight|Corviknight, L50, M, shiny|100/100
|-enditem|p1b: Corviknight|Psychic Seed
|-boost|p1b: Corviknight|spd|1|[from] item: Psychic Seed
|move|p2b: Gallade|Sacred Sword|p1a: Excadrill
|-supereffective|p1a: Excadrill
|-enditem|p1a: Excadrill|Focus Sash
|-damage|p1a: Excadrill|1/100
|move|p2a: Indeedee|Psychic|p1b: Corviknight
|-resisted|p1b: Corviknight
|-damage|p1b: Corviknight|88/100
|move|p1a: Excadrill|Earthquake|p2b: Gallade|[spread] p2a,p2b
|-immune|p1b: Corviknight
|-damage|p2a: Indeedee|0 fnt
|-damage|p2b: Gallade|0 fnt
|faint|p2a: Indeedee
|faint|p2b: Gallade
|
|-weather|Sandstorm|[upkeep]
|upkeep
|
|t:|1756596712
|switch|p2b: Torkoal|Torkoal, L50, F|100/100
|switch|p2a: Ursaluna|Ursaluna, L50, M|100/100
|-weather|SunnyDay|[from] ability: Drought|[of] p2b: Torkoal
|turn|4
|inactive|KodeBeast0526 has 30 seconds left.
|inactive|Rat Rizzo has 30 seconds left.
|inactive|KodeBeast0526 has 20 seconds left.
|
|t:|1756596748
|switch|p1b: Tyranitar|Tyranitar, L50, M, shiny, tera:Flying|2/100
|-weather|Sandstorm|[from] ability: Sand Stream|[of] p1b: Tyranitar
|move|p1a: Excadrill|Protect|p1a: Excadrill
|-singleturn|p1a: Excadrill|Protect
|move|p2b: Torkoal|Eruption|p1a: Excadrill|[spread] p1b
|-activate|p1a: Excadrill|move: Protect
|-damage|p1b: Tyranitar|0 fnt
|faint|p1b: Tyranitar
|move|p2a: Ursaluna|Ice Punch|p1a: Excadrill
|-activate|p1a: Excadrill|move: Protect
|
|-weather|Sandstorm|[upkeep]
|-damage|p2b: Torkoal|94/100|[from] Sandstorm
|-status|p2a: Ursaluna|brn|[from] item: Flame Orb
|upkeep
|
|t:|1756596770
|switch|p1b: Gholdengo|Gholdengo, L50, shiny|100/100
|turn|5
|
|t:|1756596794
|switch|p1a: Corviknight|Corviknight, L50, M, shiny|88/100
|move|p1b: Gholdengo|Protect|p1b: Gholdengo
|-singleturn|p1b: Gholdengo|Protect
|move|p2b: Torkoal|Eruption|p1b: Gholdengo|[spread] p1a
|-activate|p1b: Gholdengo|move: Protect
|-supereffective|p1a: Corviknight
|-damage|p1a: Corviknight|0 fnt
|faint|p1a: Corviknight
|move|p2a: Ursaluna|Facade|p1b: Gholdengo
|-activate|p1b: Gholdengo|move: Protect
|
|-weather|Sandstorm|[upkeep]
|-damage|p2b: Torkoal|88/100|[from] Sandstorm
|-damage|p2a: Ursaluna|95/100 brn|[from] brn
|-fieldend|move: Trick Room
|-fieldend|move: Psychic Terrain
|upkeep
|
|t:|1756596809
|switch|p1a: Excadrill|Excadrill, L50, M, shiny|1/100
|turn|6
|
|t:|1756596830
|-terastallize|p2b: Torkoal|Fire
|move|p1a: Excadrill|Iron Head|p2a: Ursaluna
|-damage|p2a: Ursaluna|66/100 brn
|move|p1b: Gholdengo|Make It Rain|p2b: Torkoal|[spread] p2a,p2b
|-resisted|p2b: Torkoal
|-damage|p2a: Ursaluna|16/100 brn
|-damage|p2b: Torkoal|51/100
|-unboost|p1b: Gholdengo|spa|1
|move|p2a: Ursaluna|Headlong Rush|p1b: Gholdengo
|-supereffective|p1b: Gholdengo
|-damage|p1b: Gholdengo|0 fnt
|-unboost|p2a: Ursaluna|def|1
|-unboost|p2a: Ursaluna|spd|1
|faint|p1b: Gholdengo
|move|p2b: Torkoal|Heat Wave|p1a: Excadrill
|-supereffective|p1a: Excadrill
|-damage|p1a: Excadrill|0 fnt
|faint|p1a: Excadrill
|
|win|Rat Rizzo
|raw|KodeBeast0526's rating: 1186 → 1159(-27 for losing)
|raw|Rat Rizzo's rating: 1156 → 1183(+27 for winning)
|c|☆Rat Rizzo|gg
|c|☆KodeBeast0526|gg
