|j|☆Sizzle2466
|j|☆pokeplaygg
|html|Sizzle2466pokeplaygg    
|uhtml|bestof|Game 1 of a best-of-3
|t:|1757806187
|gametype|doubles
|player|p1|Sizzle2466|102|1132
|player|p2|pokeplaygg|266|1176
|gen|9
|tier|[Gen 9] VGC 2025 Reg H (Bo3)
|rated|
|rule|Species Clause: Limit one of each Pokémon
|rule|Item Clause: Limit 1 of each item
|clearpoke
|poke|p1|Galvantula, L50, M|
|poke|p1|Incineroar, L50, F|
|poke|p1|Amoonguss, L50, M|
|poke|p1|Gholdengo, L50|
|poke|p1|Palafin, L50, F|
|poke|p1|Flamigo, L50, M|
|poke|p2|Annihilape, L50, F|
|poke|p2|Pelipper, L50, F|
|poke|p2|Maushold, L50|
|poke|p2|Basculegion, L50, M|
|poke|p2|Rillaboom, L50, M|
|poke|p2|Kingambit, L50, F|
|teampreview|4
|showteam|p1|Galvantula||AssaultVest|CompoundEyes|Electroweb,BugBuzz,Thunderbolt,VoltSwitch|||M|||50|,,,,,Electric]Incineroar||SafetyGoggles|Intimidate|FakeOut,FlareBlitz,KnockOff,PartingShot|||F|||50|,,,,,Ghost]Amoonguss||CovertCloak|Regenerator|Spore,RagePowder,SludgeBomb,PollenPuff|||M|||50|,,,,,Ghost]Gholdengo||SitrusBerry|GoodasGold|NastyPlot,MakeItRain,ShadowBall,Protect||||||50|,,,,,Dragon]Palafin||MysticWater|ZerotoHero|JetPunch,WaveCrash,Protect,FlipTurn|||F|||50|,,,,,Water]Flamigo||LifeOrb|Scrappy|BraveBird,CloseCombat,Detect,Tailwind|||M|||50|,,,,,Stellar
|showteam|p2|Annihilape||Leftovers|Defiant|Protect,DrainPunch,BulkUp,RageFist|||F|||50|,,,,,Fire]Pelipper||FocusSash|Drizzle|MuddyWater,Protect,Hurricane,WideGuard|||F|||50|,,,,,Stellar]Maushold||SafetyGoggles|FriendGuard|FollowMe,BeatUp,Taunt,Protect||||||50|,,,,,Ghost]Basculegion||ChoiceBand|SwiftSwim|LastRespects,AquaJet,WaveCrash,FlipTurn|||M|||50|,,,,,Fire]Rillaboom||AssaultVest|GrassySurge|FakeOut,GrassyGlide,WoodHammer,Uturn|||M|||50|,,,,,Fire]Kingambit||BlackGlasses|Defiant|SwordsDance,KowtowCleave,SuckerPunch,IronHead|||F|||50|,,,,,Dark
|inactive|Battle timer is ON: inactive players will automatically lose when time's up. (requested by pokeplaygg)
|
|t:|1757806218
|teamsize|p1|4
|teamsize|p2|4
|start
|switch|p1a: Palafin|Palafin, L50, F|100/100
|switch|p1b: Galvantula|Galvantula, L50, M|100/100
|switch|p2a: Annihilape|Annihilape, L50, F|100/100
|switch|p2b: Maushold|Maushold, L50|100/100
|turn|1
|
|t:|1757806231
|move|p2b: Maushold|Beat Up|p2a: Annihilape
|-damage|p2a: Annihilape|99/100
|-damage|p2a: Annihilape|97/100
|-damage|p2a: Annihilape|95/100
|-damage|p2a: Annihilape|94/100
|-hitcount|p2a: Annihilape|4
|move|p1b: Galvantula|Volt Switch|p2b: Maushold
|-damage|p2b: Maushold|70/100
|
|t:|1757806241
|switch|p1b: Flamigo|Flamigo, L50, M|100/100|[from] Volt Switch
|move|p1a: Palafin|Flip Turn|p2b: Maushold
|-damage|p2b: Maushold|42/100
|
|t:|1757806246
|detailschange|p1a: Palafin|Palafin-Hero, L50, F
|switch|p1a: Galvantula|Galvantula, L50, M|100/100|[from] Flip Turn
|move|p2a: Annihilape|Rage Fist|p1b: Flamigo
|-crit|p1b: Flamigo
|-damage|p1b: Flamigo|0 fnt
|faint|p1b: Flamigo
|
|-heal|p2a: Annihilape|99/100|[from] item: Leftovers
|upkeep
|
|t:|1757806255
|switch|p1b: Palafin|Palafin-Hero, L50, F|100/100
|-activate|p1b: Palafin|ability: Zero to Hero
|turn|2
|inactive|pokeplaygg has 30 seconds left.
|inactive|pokeplaygg has 20 seconds left.
|inactive|pokeplaygg has 15 seconds left.
|
|t:|1757806299
|-terastallize|p1b: Palafin|Water
|move|p2b: Maushold|Protect|p2b: Maushold
|-singleturn|p2b: Maushold|Protect
|move|p1a: Galvantula|Thunderbolt|p2b: Maushold
|-activate|p2b: Maushold|move: Protect
|move|p1b: Palafin|Wave Crash|p2a: Annihilape
|-damage|p2a: Annihilape|20/100
|-damage|p1b: Palafin|72/100|[from] Recoil
|move|p2a: Annihilape|Rage Fist|p1b: Palafin
|-damage|p1b: Palafin|0 fnt
|faint|p1b: Palafin
|
|-heal|p2a: Annihilape|26/100|[from] item: Leftovers
|upkeep
|
|t:|1757806313
|switch|p1b: Gholdengo|Gholdengo, L50|100/100
|turn|3
|inactive|pokeplaygg has 30 seconds left.
|
|t:|1757806345
|move|p2a: Annihilape|Protect|p2a: Annihilape
|-singleturn|p2a: Annihilape|Protect
|move|p2b: Maushold|Follow Me|p2b: Maushold
|-singleturn|p2b: Maushold|move: Follow Me
|move|p1a: Galvantula|Electroweb|p2b: Maushold|[spread] p2b
|-activate|p2a: Annihilape|move: Protect
|-damage|p2b: Maushold|24/100
|-unboost|p2b: Maushold|spe|1
|move|p1b: Gholdengo|Make It Rain|p2a: Annihilape|[spread] p2b
|-activate|p2a: Annihilape|move: Protect
|-crit|p2b: Maushold
|-damage|p2b: Maushold|0 fnt
|-unboost|p1b: Gholdengo|spa|1
|faint|p2b: Maushold
|
|-heal|p2a: Annihilape|32/100|[from] item: Leftovers
|upkeep
|
|t:|1757806361
|switch|p2b: Basculegion|Basculegion, L50, M|100/100
|turn|4
|
|t:|1757806375
|switch|p2a: Pelipper|Pelipper, L50, F|100/100
|-weather|RainDance|[from] ability: Drizzle|[of] p2a: Pelipper
|-terastallize|p2b: Basculegion|Fire
|move|p2b: Basculegion|Wave Crash|p1a: Galvantula
|-damage|p1a: Galvantula|0 fnt
|faint|p1a: Galvantula
|-damage|p2b: Basculegion|73/100|[from] Recoil
|move|p1b: Gholdengo|Shadow Ball|p2b: Basculegion
|-damage|p2b: Basculegion|39/100
|
|-weather|RainDance|[upkeep]
|upkeep
|turn|5
|
|t:|1757806395
|move|p2b: Basculegion|Wave Crash|p1b: Gholdengo
|-damage|p1b: Gholdengo|0 fnt
|faint|p1b: Gholdengo
|-damage|p2b: Basculegion|7/100|[from] Recoil
|
|win|pokeplaygg
|inactive|Sizzle2466 has 30 seconds to confirm battle start!
|inactive|pokeplaygg has 30 seconds to confirm battle start!
||Sizzle2466 is ready for game 2.
|inactive|pokeplaygg has 20 seconds to confirm battle start!
||pokeplaygg is ready for game 2.
|uhtml|next|Next: Game 2 of 3
|l|☆pokeplaygg
|player|p2|
