|j|☆tang de maracuja
|j|☆DomDaBomb886!
|html|tang de maracujaDomDaBomb886!    
|uhtml|bestof|Game 3 of a best-of-3
|t:|1784687439
|gametype|doubles
|player|p1|tang de maracuja|morty|1251
|player|p2|DomDaBomb886!|101|1285
|gen|9
|tier|[Gen 9 Champions] VGC 2026 Reg M-B (Bo3)
|rated|
|rule|Species Clause: Limit one of each Pokémon
|rule|Item Clause: Limit 1 of each item
|clearpoke
|poke|p1|Sinistcha, L50|
|poke|p1|Gholdengo, L50|
|poke|p1|Incineroar, L50, M|
|poke|p1|Staraptor, L50, M|
|poke|p1|Arcanine-Hisui, L50, F|
|poke|p1|Ninetales-Alola, L50, F|
|poke|p2|Gengar, L50, M|
|poke|p2|Swampert, L50, F|
|poke|p2|Incineroar, L50, M|
|poke|p2|Vivillon, L50, F|
|poke|p2|Archaludon, L50, F|
|poke|p2|Politoed, L50, M|
|teampreview|4
|showteam|p1|Sinistcha||ColburBerry|Hospitality|MatchaGotcha,RagePowder,TrickRoom,StrengthSap|Calm|||||50|]Gholdengo||LifeOrb|GoodasGold|Protect,MakeItRain,ShadowBall,NastyPlot|Modest|||||50|]Incineroar||SitrusBerry|Intimidate|PartingShot,FlareBlitz,DarkestLariat,FakeOut|Careful||M|||50|]Staraptor||Staraptite|Intimidate|Protect,CloseCombat,BraveBird,Roost|Jolly||M|||50|]Arcanine-Hisui||FocusSash|RockHead|Protect,HeadSmash,FlareBlitz,ExtremeSpeed|Jolly||F|||50|]Ninetales-Alola||NeverMeltIce|SnowWarning|Protect,Blizzard,FreezeDry,AuroraVeil|Timid||F|||50|
|showteam|p2|Gengar||Gengarite|CursedBody|Protect,ShadowBall,SludgeBomb,PerishSong|Timid||M|||50|]Swampert||Swampertite|Torrent|Protect,WaveCrash,Earthquake,IcePunch|Adamant||F|||50|]Incineroar||PasshoBerry|Intimidate|Protect,ThroatChop,FakeOut,PartingShot|Careful||M|||50|]Vivillon||FocusSash|CompoundEyes|Protect,Hurricane,SleepPowder,RagePowder|Timid||F|||50|]Archaludon||Leftovers|Stamina|Protect,DragonPulse,FlashCannon,ElectroShot|Calm||F|||50|]Politoed||SitrusBerry|Drizzle|Protect,WeatherBall,Encore,PerishSong|Bold||M|||50|
|inactive|Battle timer is ON: inactive players will automatically lose when time's up. (requested by tang de maracuja)
|inactive|DomDaBomb886! has 60 seconds left.
|
|t:|1784687482
|teamsize|p1|4
|teamsize|p2|4
|start
|switch|p1a: Gholdengo|Gholdengo, L50|100/100
|switch|p1b: Staraptor|Staraptor, L50, M|100/100
|switch|p2a: Vivillon|Vivillon, L50, F|100/100
|switch|p2b: Swampert|Swampert, L50, F|100/100
|-ability|p1b: Staraptor|Intimidate|boost
|-unboost|p2a: Vivillon|atk|1
|-unboost|p2b: Swampert|atk|1
|turn|1
|inactive|tang de maracuja has 30 seconds left.
|inactive|DomDaBomb886! has 30 seconds left.
|
|t:|1784687514
|switch|p2a: Incineroar|Incineroar, L50, M|100/100
|-ability|p2a: Incineroar|Intimidate|boost
|-unboost|p1a: Gholdengo|atk|1
|-unboost|p1b: Staraptor|atk|1
|detailschange|p2b: Swampert|Swampert-Mega, L50, F
|-mega|p2b: Swampert|Swampert|Swampertite
|move|p1b: Staraptor|Protect|p1b: Staraptor
|-singleturn|p1b: Staraptor|Protect
|move|p1a: Gholdengo|Nasty Plot|p1a: Gholdengo
|-boost|p1a: Gholdengo|spa|2
|move|p2b: Swampert|Wave Crash|p1a: Gholdengo
|-damage|p1a: Gholdengo|49/100
|-damage|p2b: Swampert|81/100|[from] Recoil
|
|upkeep
|turn|2
|inactive|DomDaBomb886! has 30 seconds left.
|inactive|DomDaBomb886! has 20 seconds left.
|
|t:|1784687550
|switch|p1b: Incineroar|Incineroar, L50, M|100/100
|-ability|p1b: Incineroar|Intimidate|boost
|-unboost|p2a: Incineroar|atk|1
|-unboost|p2b: Swampert|atk|1
|move|p1a: Gholdengo|Protect|p1a: Gholdengo
|-singleturn|p1a: Gholdengo|Protect
|move|p2b: Swampert|Ice Punch|p1b: Incineroar
|-resisted|p1b: Incineroar|1
|-damage|p1b: Incineroar|94/100
|move|p2a: Incineroar|Throat Chop|p1b: Incineroar
|-resisted|p1b: Incineroar|1
|-damage|p1b: Incineroar|85/100
|-start|p1b: Incineroar|Throat Chop|[silent]
|
|upkeep
|turn|3
|inactive|DomDaBomb886! has 30 seconds left.
|
|t:|1784687576
|switch|p2b: Politoed|Politoed, L50, M|100/100
|-weather|RainDance|[from] ability: Drizzle|[of] p2b: Politoed
|move|p1b: Incineroar|Fake Out|p2a: Incineroar
|-damage|p2a: Incineroar|89/100
|move|p1a: Gholdengo|Shadow Ball|p2a: Incineroar
|-resisted|p2a: Incineroar|1
|-damage|p2a: Incineroar|52/100
|-unboost|p2a: Incineroar|spd|1
|-damage|p1a: Gholdengo|39/100|[from] item: Life Orb
|cant|p2a: Incineroar|flinch
|
|-weather|RainDance|[upkeep]
|-end|p1b: Incineroar|Throat Chop|[silent]
|upkeep
|turn|4
|
|t:|1784687595
|switch|p1b: Sinistcha|Sinistcha, L50|100/100
|-heal|p1a: Gholdengo|64/100|[from] ability: Hospitality|[of] p1b: Sinistcha
|move|p1a: Gholdengo|Protect|p1a: Gholdengo
|-singleturn|p1a: Gholdengo|Protect
|move|p2b: Politoed|Weather Ball|p1b: Sinistcha
|-resisted|p1b: Sinistcha|1
|-damage|p1b: Sinistcha|80/100
|move|p2a: Incineroar|Throat Chop|p1a: Gholdengo
|-activate|p1a: Gholdengo|move: Protect
|
|-weather|RainDance|[upkeep]
|upkeep
|turn|5
|inactive|tang de maracuja has 30 seconds left.
|inactive|tang de maracuja has 20 seconds left.
|inactive|tang de maracuja has 15 seconds left.
|inactive|tang de maracuja has 10 seconds left.
|
|t:|1784687644
|move|p1a: Gholdengo|Shadow Ball|p2b: Politoed
|-damage|p2b: Politoed|14/100
|-enditem|p2b: Politoed|Sitrus Berry|[eat]
|-heal|p2b: Politoed|39/100|[from] item: Sitrus Berry
|-damage|p1a: Gholdengo|55/100|[from] item: Life Orb
|move|p2b: Politoed|Encore||[still]
|-fail|p2b: Politoed
|move|p1b: Sinistcha|Matcha Gotcha|p2b: Politoed|[spread] p2a,p2b
|-resisted|p2a: Incineroar|1
|-supereffective|p2b: Politoed|1
|-damage|p2a: Incineroar|39/100
|-heal|p1b: Sinistcha|88/100|[from] drain|[of] p2a: Incineroar
|-damage|p2b: Politoed|0 fnt
|-heal|p1b: Sinistcha|100/100|[from] drain|[of] p2b: Politoed
|faint|p2b: Politoed
|move|p2a: Incineroar|Parting Shot|p1b: Sinistcha
|-unboost|p1b: Sinistcha|atk|1
|-unboost|p1b: Sinistcha|spa|1
|
|t:|1784687659
|switch|p2a: Swampert|Swampert-Mega, L50, F|81/100|[from] Parting Shot
|
|-weather|RainDance|[upkeep]
|upkeep
|
|t:|1784687660
|switch|p2b: Vivillon|Vivillon, L50, F|100/100
|turn|6
|inactive|tang de maracuja has 30 seconds left.
|inactive|DomDaBomb886! has 30 seconds left.
|inactive|DomDaBomb886! has 20 seconds left.
|
|t:|1784687709
|switch|p1b: Staraptor|Staraptor, L50, M|100/100
|-ability|p1b: Staraptor|Intimidate|boost
|-unboost|p2a: Swampert|atk|1
|-unboost|p2b: Vivillon|atk|1
|move|p1a: Gholdengo|Protect|p1a: Gholdengo
|-singleturn|p1a: Gholdengo|Protect
|move|p2a: Swampert|Earthquake|p1b: Staraptor|[spread] 
|-activate|p1a: Gholdengo|move: Protect
|-immune|p2b: Vivillon
|-immune|p1b: Staraptor
|move|p2b: Vivillon|Hurricane|p1a: Gholdengo
|-activate|p1a: Gholdengo|move: Protect
|
|-weather|RainDance|[upkeep]
|upkeep
|turn|7
|inactive|tang de maracuja has 30 seconds left.
|inactive|DomDaBomb886! has 30 seconds left.
|inactive|tang de maracuja has 20 seconds left.
|
|t:|1784687746
|switch|p1b: Sinistcha|Sinistcha, L50|100/100
|-heal|p1a: Gholdengo|79/100|[from] ability: Hospitality|[of] p1b: Sinistcha
|move|p2a: Swampert|Wave Crash|p1a: Gholdengo
|-damage|p1a: Gholdengo|3/100
|-damage|p2a: Swampert|54/100|[from] Recoil
|move|p2b: Vivillon|Sleep Powder|p1a: Gholdengo
|-immune|p1a: Gholdengo|[from] ability: Good as Gold
|move|p1a: Gholdengo|Shadow Ball|p2a: Swampert
|-damage|p2a: Swampert|0 fnt
|faint|p2a: Swampert
|-damage|p1a: Gholdengo|0 fnt|[from] item: Life Orb
|faint|p1a: Gholdengo
|
|-weather|none
|upkeep
|
|t:|1784687763
|switch|p1a: Staraptor|Staraptor, L50, M|100/100
|switch|p2a: Incineroar|Incineroar, L50, M|39/100
|-ability|p1a: Staraptor|Intimidate|boost
|-unboost|p2a: Incineroar|atk|1
|-unboost|p2b: Vivillon|atk|1
|-ability|p2a: Incineroar|Intimidate|boost
|-unboost|p1a: Staraptor|atk|1
|-unboost|p1b: Sinistcha|atk|1
|turn|8
|inactive|DomDaBomb886! has 30 seconds left.
|
|t:|1784687795
|switch|p1b: Incineroar|Incineroar, L50, M|85/100
|-ability|p1b: Incineroar|Intimidate|boost
|-unboost|p2a: Incineroar|atk|1
|-unboost|p2b: Vivillon|atk|1
|move|p1a: Staraptor|Protect|p1a: Staraptor
|-singleturn|p1a: Staraptor|Protect
|move|p2b: Vivillon|Hurricane|p1b: Incineroar
|-damage|p1b: Incineroar|50/100y
|-enditem|p1b: Incineroar|Sitrus Berry|[eat]
|-heal|p1b: Incineroar|74/100|[from] item: Sitrus Berry
|move|p2a: Incineroar|Throat Chop|p1b: Incineroar
|-resisted|p1b: Incineroar|1
|-damage|p1b: Incineroar|68/100
|-start|p1b: Incineroar|Throat Chop|[silent]
|
|upkeep
|turn|9
|
|t:|1784687815
|detailschange|p1a: Staraptor|Staraptor-Mega, L50, M
|-mega|p1a: Staraptor|Staraptor|Staraptite
|move|p2b: Vivillon|Protect|p2b: Vivillon
|-singleturn|p2b: Vivillon|Protect
|move|p2a: Incineroar|Protect|p2a: Incineroar
|-singleturn|p2a: Incineroar|Protect
|move|p1b: Incineroar|Fake Out|p2b: Vivillon
|-activate|p2b: Vivillon|move: Protect
|move|p1a: Staraptor|Close Combat|p2a: Incineroar
|-activate|p2a: Incineroar|move: Protect
|
|-end|p1b: Incineroar|Throat Chop|[silent]
|upkeep
|turn|10
|
|t:|1784687829
|move|p2a: Incineroar|Protect|p2a: Incineroar
|-singleturn|p2a: Incineroar|Protect
|move|p1a: Staraptor|Close Combat|p2a: Incineroar
|-activate|p2a: Incineroar|move: Protect
|move|p2b: Vivillon|Sleep Powder|p1a: Staraptor
|-status|p1a: Staraptor|slp|[from] move: Sleep Powder
|move|p1b: Incineroar|Darkest Lariat|p2b: Vivillon
|-damage|p2b: Vivillon|40/100
|
|upkeep
|turn|11
|inactive|DomDaBomb886! has 30 seconds left.
|inactive|DomDaBomb886! has 20 seconds left.
|inactive|DomDaBomb886! has 15 seconds left.
|
|t:|1784687873
|switch|p1a: Sinistcha|Sinistcha, L50|100/100
|-heal|p1b: Incineroar|93/100|[from] ability: Hospitality|[of] p1a: Sinistcha
|move|p2b: Vivillon|Hurricane|p1b: Incineroar|[miss]
|-miss|p2b: Vivillon|p1b: Incineroar
|move|p2a: Incineroar|Throat Chop|p1b: Incineroar
|-resisted|p1b: Incineroar|1
|-damage|p1b: Incineroar|86/100
|-start|p1b: Incineroar|Throat Chop|[silent]
|move|p1b: Incineroar|Darkest Lariat|p2b: Vivillon
|-damage|p2b: Vivillon|0 fnt
|faint|p2b: Vivillon
|
|upkeep
|turn|12
|-message|DomDaBomb886! forfeited.
|
|win|tang de maracuja
