|j|☆riccardofano
|j|☆new mental
|html|riccardofanonew mental    
|uhtml|bestof|Game 3 of a best-of-3
|t:|1785247750
|gametype|doubles
|player|p1|riccardofano|ruinmaniac|1239
|player|p2|new mental|volkner|1283
|gen|9
|tier|[Gen 9 Champions] VGC 2026 Reg M-B (Bo3)
|rated|
|rule|Species Clause: Limit one of each Pokémon
|rule|Item Clause: Limit 1 of each item
|clearpoke
|poke|p1|Hydreigon, L50, M|
|poke|p1|Annihilape, L50, F|
|poke|p1|Metagross, L50|
|poke|p1|Incineroar, L50, F|
|poke|p1|Charizard, L50, F|
|poke|p1|Toxapex, L50, F|
|poke|p2|Charizard, L50, F|
|poke|p2|Garchomp, L50, M|
|poke|p2|Incineroar, L50, F|
|poke|p2|Venusaur, L50, M|
|poke|p2|Toxapex, L50, M|
|poke|p2|Sylveon, L50, M|
|teampreview|4
|showteam|p1|Hydreigon||ChoiceScarf|Levitate|DarkPulse,Snarl,DracoMeteor,HeatWave|Modest||M|||50|]Annihilape||FocusSash|Defiant|CloseCombat,RockTomb,PhantomForce,Protect|Jolly||F|||50|]Metagross||Metagrossite|ClearBody|BulletPunch,StompingTantrum,Protect,PsychicFangs|Jolly|||||50|]Incineroar||SitrusBerry|Intimidate|FakeOut,FlareBlitz,ThroatChop,PartingShot|Impish||F|||50|]Charizard||CharizarditeY|Blaze|HeatWave,WeatherBall,Protect,SolarBeam|Modest||F|||50|]Toxapex||Leftovers|Regenerator|Infestation,Toxic,WideGuard,BanefulBunker|Impish||F|||50|
|showteam|p2|Charizard||CharizarditeY|SolarPower|WeatherBall,HeatWave,AncientPower,Protect|Modest||F|||50|]Garchomp||ChoiceScarf|RoughSkin|RockSlide,DragonClaw,Earthquake,StompingTantrum|Adamant||M|||50|]Incineroar||SitrusBerry|Intimidate|FlareBlitz,FakeOut,DarkestLariat,PartingShot|Impish||F|||50|]Venusaur||LifeOrb|Chlorophyll|SludgeBomb,LeafStorm,EarthPower,Protect|Modest||M|||50|]Toxapex||Leftovers|Regenerator|Infestation,Toxic,WideGuard,BanefulBunker|Bold||M|||50|]Sylveon||FairyFeather|Pixilate|HyperVoice,QuickAttack,Yawn,Detect|Modest||M|||50|
|inactive|Battle timer is ON: inactive players will automatically lose when time's up. (requested by new mental)
|
|t:|1785247780
|teamsize|p1|4
|teamsize|p2|4
|start
|switch|p1a: Metagross|Metagross, L50|100/100
|switch|p1b: Annihilape|Annihilape, L50, F|100/100
|switch|p2a: Charizard|Charizard, L50, F|100/100
|switch|p2b: Sylveon|Sylveon, L50, M|100/100
|turn|1
|inactive|riccardofano has 30 seconds left.
|
|t:|1785247808
|switch|p2b: Garchomp|Garchomp, L50, M|100/100
|detailschange|p1a: Metagross|Metagross-Mega, L50
|-mega|p1a: Metagross|Metagross|Metagrossite
|move|p2a: Charizard|Protect|p2a: Charizard
|-singleturn|p2a: Charizard|Protect
|move|p1a: Metagross|Psychic Fangs|p2b: Garchomp
|-damage|p2b: Garchomp|38/100
|-damage|p1a: Metagross|87/100|[from] ability: Rough Skin|[of] p2b: Garchomp
|move|p1b: Annihilape|Phantom Force||[still]
|-prepare|p1b: Annihilape|Phantom Force
|
|upkeep
|turn|2
|
|t:|1785247823
|switch|p2b: Sylveon|Sylveon, L50, M|100/100
|switch|p1a: Charizard|Charizard, L50, F|100/100
|detailschange|p2a: Charizard|Charizard-Mega-Y, L50, F
|-mega|p2a: Charizard|Charizard|Charizardite Y
|-weather|SunnyDay|[from] ability: Drought|[of] p2a: Charizard
|move|p1b: Annihilape|Phantom Force|p2b: Sylveon|[from] lockedmove
|-damage|p2b: Sylveon|55/100
|move|p2a: Charizard|Heat Wave|p1b: Annihilape|[spread] p1a,p1b
|-resisted|p1a: Charizard|1
|-damage|p1a: Charizard|66/100
|-damage|p1b: Annihilape|35/100
|
|-weather|SunnyDay|[upkeep]
|upkeep
|turn|3
|
|t:|1785247841
|move|p1b: Annihilape|Rock Tomb|p2a: Charizard
|-supereffective|p2a: Charizard|2
|-damage|p2a: Charizard|26/100
|-unboost|p2a: Charizard|spe|1
|move|p1a: Charizard|Heat Wave|p2b: Sylveon|[spread] p2a,p2b
|-resisted|p2a: Charizard|1
|-damage|p2a: Charizard|7/100
|-damage|p2b: Sylveon|21/100
|-status|p2b: Sylveon|brn
|move|p2b: Sylveon|Hyper Voice|p1b: Annihilape|[spread] p1a,p1b
|-resisted|p1a: Charizard|1
|-supereffective|p1b: Annihilape|1
|-damage|p1a: Charizard|39/100
|-damage|p1b: Annihilape|0 fnt
|faint|p1b: Annihilape
|move|p2a: Charizard|Ancient Power|p1a: Charizard
|-supereffective|p1a: Charizard|2
|-damage|p1a: Charizard|0 fnt
|faint|p1a: Charizard
|
|-weather|SunnyDay|[upkeep]
|-damage|p2b: Sylveon|15/100 brn|[from] brn
|upkeep
|
|t:|1785247861
|switch|p1b: Metagross|Metagross-Mega, L50|87/100
|switch|p1a: Hydreigon|Hydreigon, L50, M|100/100
|turn|4
|
|t:|1785247879
|move|p1b: Metagross|Bullet Punch|p2b: Sylveon
|-supereffective|p2b: Sylveon|1
|-damage|p2b: Sylveon|0 fnt
|faint|p2b: Sylveon
|move|p1a: Hydreigon|Dark Pulse|p2a: Charizard
|-damage|p2a: Charizard|0 fnt
|faint|p2a: Charizard
|
|-weather|SunnyDay|[upkeep]
|upkeep
|
|t:|1785247881
|switch|p2a: Toxapex|Toxapex, L50, M|100/100
|switch|p2b: Garchomp|Garchomp, L50, M|38/100
|turn|5
|
|t:|1785247899
|move|p2b: Garchomp|Stomping Tantrum|p1b: Metagross
|-supereffective|p1b: Metagross|1
|-damage|p1b: Metagross|27/100
|move|p1a: Hydreigon|Dark Pulse|p2b: Garchomp
|-damage|p2b: Garchomp|0 fnt
|faint|p2b: Garchomp
|move|p1b: Metagross|Psychic Fangs|p2a: Toxapex
|-supereffective|p2a: Toxapex|1
|-damage|p2a: Toxapex|18/100
|move|p2a: Toxapex|Infestation|p1b: Metagross
|-damage|p1b: Metagross|24/100
|-activate|p1b: Metagross|move: Infestation|[of] p2a: Toxapex
|
|-weather|SunnyDay|[upkeep]
|-heal|p2a: Toxapex|24/100|[from] item: Leftovers
|-damage|p1b: Metagross|12/100|[from] move: Infestation|[partiallytrapped]
|upkeep
|turn|6
|
|t:|1785247919
|move|p2a: Toxapex|Baneful Bunker|p2a: Toxapex
|-singleturn|p2a: Toxapex|move: Protect
|move|p1a: Hydreigon|Dark Pulse|p2a: Toxapex
|-activate|p2a: Toxapex|move: Protect
|move|p1b: Metagross|Psychic Fangs|p2a: Toxapex
|-activate|p2a: Toxapex|move: Protect
|
|-weather|none
|-heal|p2a: Toxapex|29/100|[from] item: Leftovers
|-damage|p1b: Metagross|0 fnt|[from] move: Infestation|[partiallytrapped]
|faint|p1b: Metagross
|upkeep
|turn|7
|
|t:|1785247931
|move|p1a: Hydreigon|Dark Pulse|p2a: Toxapex
|-damage|p2a: Toxapex|0 fnt
|faint|p2a: Toxapex
|
|win|riccardofano
|raw|riccardofano's rating: 1239 → 1267(+28 for winning)
|raw|new mental's rating: 1283 → 1255(-28 for losing)
