|j|☆FocusRanja
|j|☆Pelosis
|html|FocusRanjaPelosis    
|uhtml|bestof|Game 2 of a best-of-3
|t:|1784040647
|gametype|doubles
|player|p1|FocusRanja|2|1058
|player|p2|Pelosis|2|1091
|gen|9
|tier|[Gen 9 Champions] VGC 2026 Reg M-B (Bo3)
|rated|
|rule|Species Clause: Limit one of each Pokémon
|rule|Item Clause: Limit 1 of each item
|clearpoke
|poke|p1|Sinistcha, L50|
|poke|p1|Farigiraf, L50, F|
|poke|p1|Mawile, L50, M, shiny|
|poke|p1|Torkoal, L50, M|
|poke|p1|Scrafty, L50, M|
|poke|p1|Lycanroc-Dusk, L50, M|
|poke|p2|Mawile, L50, M|
|poke|p2|Farigiraf, L50, F|
|poke|p2|Incineroar, L50, M|
|poke|p2|Torkoal, L50, M|
|poke|p2|Venusaur, L50, M|
|poke|p2|Scrafty, L50, F|
|teampreview|4
|showteam|p1|Sinistcha||SitrusBerry|Hospitality|MatchaGotcha,RagePowder,TrickRoom,ShadowBall|Relaxed|||||50|]Farigiraf||ColburBerry|ArmorTail|Psychic,TrickRoom,Thunderbolt,HelpingHand|Relaxed||F|||50|]Mawile||Mawilite|Intimidate|PlayRough,IronHead,SuckerPunch,Protect|Brave||M|||50|]Torkoal||Charcoal|Drought|Eruption,WeatherBall,SolarBeam,Protect|Quiet||M|||50|]Scrafty||Scraftinite|Intimidate|BulkUp,BrickBreak,KnockOff,FakeOut|Brave||M|||50|]Lycanroc-Dusk||FocusSash|ToughClaws|Accelerock,RockSlide,CloseCombat,Protect|Adamant||M|||50|
|showteam|p2|Mawile||Mawilite|HyperCutter|Protect,PlayRough,SwordsDance,SuckerPunch|Brave||M|||50|]Farigiraf||SitrusBerry|ArmorTail|TrickRoom,TwinBeam,Thunderbolt,HelpingHand|Quiet||F|||50|]Incineroar||WhiteHerb|Intimidate|FakeOut,CloseCombat,FlareBlitz,ThroatChop|Brave||M|||50|]Torkoal||Charcoal|Drought|Protect,Eruption,HeatWave,WeatherBall|Quiet||M|||50|]Venusaur||FocusSash|Chlorophyll|SleepPowder,EarthPower,EnergyBall,SludgeBomb|Modest||M|||50|]Scrafty||Scraftinite|Intimidate|FakeOut,CloseCombat,KnockOff,IcePunch|Brave||F|||50|
|inactive|Battle timer is ON: inactive players will automatically lose when time's up. (requested by Pelosis)
|
|t:|1784040668
|teamsize|p1|4
|teamsize|p2|4
|start
|switch|p1a: Scrafty|Scrafty, L50, M|100/100
|switch|p1b: Lycanroc|Lycanroc-Dusk, L50, M|100/100
|switch|p2a: Farigiraf|Farigiraf, L50, F|100/100
|switch|p2b: Incineroar|Incineroar, L50, M|100/100
|-ability|p2b: Incineroar|Intimidate|boost
|-unboost|p1a: Scrafty|atk|1
|-unboost|p1b: Lycanroc|atk|1
|-ability|p1a: Scrafty|Intimidate|boost
|-unboost|p2a: Farigiraf|atk|1
|-unboost|p2b: Incineroar|atk|1
|-enditem|p2b: Incineroar|White Herb
|-clearnegativeboost|p2b: Incineroar|[silent]
|turn|1
|
|t:|1784040690
|detailschange|p1a: Scrafty|Scrafty-Mega, L50, M
|-mega|p1a: Scrafty|Scrafty|Scraftinite
|-ability|p1a: Scrafty|Intimidate|boost
|-unboost|p2a: Farigiraf|atk|1
|-unboost|p2b: Incineroar|atk|1
|move|p1b: Lycanroc|Rock Slide|p2b: Incineroar|[spread] p2a,p2b
|-supereffective|p2b: Incineroar|1
|-damage|p2a: Farigiraf|81/100
|-damage|p2b: Incineroar|64/100
|move|p1a: Scrafty|Bulk Up|p1a: Scrafty
|-boost|p1a: Scrafty|atk|1
|-boost|p1a: Scrafty|def|1
|move|p2b: Incineroar|Close Combat|p1a: Scrafty
|-supereffective|p1a: Scrafty|1
|-damage|p1a: Scrafty|70/100
|-unboost|p2b: Incineroar|def|1
|-unboost|p2b: Incineroar|spd|1
|cant|p2a: Farigiraf|flinch
|
|upkeep
|turn|2
|inactive|FocusRanja has 30 seconds left.
|inactive|Pelosis has 30 seconds left.
|inactive|Pelosis has 20 seconds left.
|
|t:|1784040726
|switch|p2b: Torkoal|Torkoal, L50, M|100/100
|-weather|SunnyDay|[from] ability: Drought|[of] p2b: Torkoal
|switch|p2a: Mawile|Mawile, L50, M|100/100
|move|p1b: Lycanroc|Rock Slide|p2b: Torkoal|[spread] p2a,p2b
|-resisted|p2a: Mawile|1
|-supereffective|p2b: Torkoal|1
|-damage|p2a: Mawile|86/100
|-damage|p2b: Torkoal|68/100
|move|p1a: Scrafty|Bulk Up|p1a: Scrafty
|-boost|p1a: Scrafty|atk|1
|-boost|p1a: Scrafty|def|1
|
|-weather|SunnyDay|[upkeep]
|upkeep
|turn|3
|inactive|FocusRanja has 30 seconds left.
|inactive|FocusRanja has 20 seconds left.
|
|t:|1784040764
|switch|p2a: Incineroar|Incineroar, L50, M|64/100
|-ability|p2a: Incineroar|Intimidate|boost
|-unboost|p1a: Scrafty|atk|1
|-unboost|p1b: Lycanroc|atk|1
|move|p1b: Lycanroc|Close Combat|p2a: Incineroar
|-supereffective|p2a: Incineroar|1
|-damage|p2a: Incineroar|15/100
|-unboost|p1b: Lycanroc|def|1
|-unboost|p1b: Lycanroc|spd|1
|move|p1a: Scrafty|Knock Off|p2b: Torkoal
|-damage|p2b: Torkoal|23/100
|-enditem|p2b: Torkoal|Charcoal|[from] move: Knock Off|[of] p1a: Scrafty
|move|p2b: Torkoal|Weather Ball|p1a: Scrafty
|-damage|p1a: Scrafty|15/100
|
|-weather|SunnyDay|[upkeep]
|upkeep
|turn|4
|inactive|FocusRanja has 30 seconds left.
|inactive|Pelosis has 30 seconds left.
|
|t:|1784040792
|switch|p1b: Farigiraf|Farigiraf, L50, F|100/100
|move|p2a: Incineroar|Fake Out||[still]
|cant|p1b: Farigiraf|ability: Armor Tail|Fake Out|[of] p2a: Incineroar
|move|p1a: Scrafty|Brick Break|p2b: Torkoal
|-damage|p2b: Torkoal|0 fnt
|faint|p2b: Torkoal
|
|-weather|SunnyDay|[upkeep]
|upkeep
|
|t:|1784040801
|switch|p2b: Mawile|Mawile, L50, M|86/100
|turn|5
|
|t:|1784040816
|detailschange|p2b: Mawile|Mawile-Mega, L50, M
|-mega|p2b: Mawile|Mawile|Mawilite
|move|p1a: Scrafty|Brick Break|p2b: Mawile
|-damage|p2b: Mawile|43/100
|move|p1b: Farigiraf|Thunderbolt|p2a: Incineroar
|-crit|p2a: Incineroar
|-damage|p2a: Incineroar|0 fnt
|faint|p2a: Incineroar
|move|p2b: Mawile|Play Rough|p1a: Scrafty
|-supereffective|p1a: Scrafty|2
|-damage|p1a: Scrafty|0 fnt
|faint|p1a: Scrafty
|
|-weather|SunnyDay|[upkeep]
|upkeep
|
|t:|1784040830
|switch|p1a: Lycanroc|Lycanroc-Dusk, L50, M|100/100
|switch|p2a: Farigiraf|Farigiraf, L50, F|81/100
|turn|6
|
|t:|1784040842
|move|p1a: Lycanroc|Rock Slide|p2b: Mawile|[spread] p2a,p2b
|-resisted|p2b: Mawile|1
|-damage|p2a: Farigiraf|51/100
|-damage|p2b: Mawile|29/100
|move|p1b: Farigiraf|Psychic|p2a: Farigiraf
|-resisted|p2a: Farigiraf|1
|-damage|p2a: Farigiraf|36/100
|-enditem|p2a: Farigiraf|Sitrus Berry|[eat]
|-heal|p2a: Farigiraf|61/100|[from] item: Sitrus Berry
|move|p2b: Mawile|Swords Dance|p2b: Mawile
|-boost|p2b: Mawile|atk|2
|move|p2a: Farigiraf|Trick Room|p2a: Farigiraf
|-fieldstart|move: Trick Room|[of] p2a: Farigiraf
|
|-weather|none
|upkeep
|turn|7
|j| f27 BuffLucario
|inactive|FocusRanja has 30 seconds left.
|inactive|FocusRanja has 20 seconds left.
|inactive|FocusRanja has 15 seconds left.
|inactive|FocusRanja has 10 seconds left.
|
|t:|1784040889
|switch|p1a: Sinistcha|Sinistcha, L50|100/100
|move|p2b: Mawile|Play Rough|p1b: Farigiraf
|-crit|p1b: Farigiraf
|-damage|p1b: Farigiraf|0 fnt
|faint|p1b: Farigiraf
|move|p2a: Farigiraf|Thunderbolt|p1a: Sinistcha
|-resisted|p1a: Sinistcha|1
|-damage|p1a: Sinistcha|85/100
|
|upkeep
|
|t:|1784040899
|switch|p1b: Lycanroc|Lycanroc-Dusk, L50, M|100/100
|turn|8
|
|t:|1784040915
|move|p2b: Mawile|Play Rough|p1a: Sinistcha
|-damage|p1a: Sinistcha|0 fnt
|faint|p1a: Sinistcha
|move|p2a: Farigiraf|Thunderbolt|p1b: Lycanroc
|-damage|p1b: Lycanroc|56/100
|move|p1b: Lycanroc|Close Combat|p2a: Farigiraf
|-damage|p2a: Farigiraf|8/100
|-unboost|p1b: Lycanroc|def|1
|-unboost|p1b: Lycanroc|spd|1
|
|upkeep
|turn|9
|-message|FocusRanja forfeited.
|
|win|Pelosis
|l|☆FocusRanja
|player|p1|
||Pelosis is ready for game 3.
||FocusRanja is ready for game 3.
|uhtml|next|Next: Game 3 of 3
|l| f27 BuffLucario
