|j|☆PuniHina
|j|☆new mental
|html|PuniHinanew mental    
|uhtml|bestof|Game 1 of a best-of-3
|t:|1783949831
|gametype|doubles
|player|p1|PuniHina|lacey|1287
|player|p2|new mental|volkner|1338
|gen|9
|tier|[Gen 9 Champions] VGC 2026 Reg M-B (Bo3)
|rated|
|rule|Species Clause: Limit one of each Pokémon
|rule|Item Clause: Limit 1 of each item
|clearpoke
|poke|p1|Meganium, L50, F, shiny|
|poke|p1|Altaria, L50, M|
|poke|p1|Incineroar, L50, M|
|poke|p1|Scizor, L50, F|
|poke|p1|Basculegion, L50, M|
|poke|p1|Garchomp, L50, F|
|poke|p2|Charizard, L50, F|
|poke|p2|Kingambit, L50, M|
|poke|p2|Sylveon, L50, M|
|poke|p2|Garchomp, L50, M|
|poke|p2|Aerodactyl, L50, M|
|poke|p2|Farigiraf, L50, F|
|teampreview|4
|showteam|p1|Meganium||Meganiumite|LeafGuard|SolarBeam,DazzlingGleam,Protect,EarthPower|Modest||F|||50|]Altaria||RoseliBerry|CloudNine|BraveBird,Roost,Tailwind,WillOWisp|Impish||M|||50|]Incineroar||PasshoBerry|Intimidate|FlareBlitz,ThroatChop,FakeOut,PartingShot|Impish||M|||50|]Scizor||Scizorite|Technician|BulletPunch,BugBite,Protect,SwordsDance|Adamant||F|||50|]Basculegion||SitrusBerry|Adaptability|WaveCrash,LastRespects,AquaJet,Protect|Adamant||M|||50|]Garchomp||LifeOrb|RoughSkin|StompingTantrum,DragonClaw,RockSlide,Protect|Jolly||F|||50|
|showteam|p2|Charizard||CharizarditeY|SolarPower|Protect,HeatWave,SolarBeam,WeatherBall|Modest||F|||50|]Kingambit||FocusSash|Defiant|IronHead,SuckerPunch,KowtowCleave,LowKick|Adamant||M|||50|]Sylveon||FairyFeather|Pixilate|Detect,HyperVoice,HyperBeam,QuickAttack|Modest||M|||50|]Garchomp||LifeOrb|RoughSkin|Protect,DragonClaw,Earthquake,RockSlide|Jolly||M|||50|]Aerodactyl||Aerodactylite|Unnerve|IceFang,RockSlide,Tailwind,DualWingbeat|Jolly||M|||50|]Farigiraf||SitrusBerry|ArmorTail|TrickRoom,Psychic,Thunderbolt,Roar|Bold||F|||50|
|
|t:|1783949856
|teamsize|p1|4
|teamsize|p2|4
|start
|switch|p1a: Scizor|Scizor, L50, F|100/100
|switch|p1b: Basculegion|Basculegion, L50, M|100/100
|switch|p2a: Sylveon|Sylveon, L50, M|100/100
|switch|p2b: Farigiraf|Farigiraf, L50, F|100/100
|turn|1
|
|t:|1783949883
|detailschange|p1a: Scizor|Scizor-Mega, L50, F
|-mega|p1a: Scizor|Scizor|Scizorite
|move|p1b: Basculegion|Wave Crash|p2b: Farigiraf
|-damage|p2b: Farigiraf|44/100
|-enditem|p2b: Farigiraf|Sitrus Berry|[eat]
|-heal|p2b: Farigiraf|69/100|[from] item: Sitrus Berry
|-damage|p1b: Basculegion|80/100|[from] Recoil
|move|p1a: Scizor|Bug Bite|p2b: Farigiraf
|-supereffective|p2b: Farigiraf|1
|-damage|p2b: Farigiraf|0 fnt
|faint|p2b: Farigiraf
|move|p2a: Sylveon|Hyper Voice|p1b: Basculegion|[spread] p1a,p1b
|-resisted|p1a: Scizor|1
|-damage|p1a: Scizor|73/100
|-damage|p1b: Basculegion|28/100
|-enditem|p1b: Basculegion|Sitrus Berry|[eat]
|-heal|p1b: Basculegion|53/100|[from] item: Sitrus Berry
|
|upkeep
|
|t:|1783949895
|switch|p2b: Charizard|Charizard, L50, F|100/100
|turn|2
|
|t:|1783949904
|detailschange|p2b: Charizard|Charizard-Mega-Y, L50, F
|-mega|p2b: Charizard|Charizard|Charizardite Y
|-weather|SunnyDay|[from] ability: Drought|[of] p2b: Charizard
|move|p1b: Basculegion|Protect|p1b: Basculegion
|-singleturn|p1b: Basculegion|Protect
|move|p1a: Scizor|Protect|p1a: Scizor
|-singleturn|p1a: Scizor|Protect
|move|p2a: Sylveon|Detect|p2a: Sylveon
|-singleturn|p2a: Sylveon|Protect
|move|p2b: Charizard|Solar Beam||[still]
|-prepare|p2b: Charizard|Solar Beam
|-anim|p2b: Charizard|Solar Beam|p1b: Basculegion
|-activate|p1b: Basculegion|move: Protect
|
|-weather|SunnyDay|[upkeep]
|upkeep
|turn|3
|
|t:|1783949920
|switch|p1b: Altaria|Altaria, L50, M|100/100
|-ability|p1b: Altaria|Cloud Nine
|switch|p2a: Garchomp|Garchomp, L50, M|100/100
|move|p1a: Scizor|Bullet Punch|p2a: Garchomp
|-crit|p2a: Garchomp
|-damage|p2a: Garchomp|38/100
|-damage|p1a: Scizor|61/100|[from] ability: Rough Skin|[of] p2a: Garchomp
|move|p2b: Charizard|Solar Beam||[still]
|-prepare|p2b: Charizard|Solar Beam
|
|-weather|SunnyDay|[upkeep]
|upkeep
|turn|4
|inactive|Battle timer is ON: inactive players will automatically lose when time's up. (requested by new mental)
|
|t:|1783949936
|move|p1a: Scizor|Bullet Punch|p2a: Garchomp
|-damage|p2a: Garchomp|0 fnt
|-damage|p1a: Scizor|49/100|[from] ability: Rough Skin|[of] p2a: Garchomp
|faint|p2a: Garchomp
|move|p2b: Charizard|Solar Beam|p1b: Altaria|[from] lockedmove
|-resisted|p1b: Altaria|2
|-crit|p1b: Altaria
|-damage|p1b: Altaria|85/100
|move|p1b: Altaria|Tailwind|p1b: Altaria
|-sidestart|p1: PuniHina|move: Tailwind
|
|-weather|SunnyDay|[upkeep]
|upkeep
|
|t:|1783949939
|switch|p2a: Sylveon|Sylveon, L50, M|100/100
|turn|5
|
|t:|1783949955
|move|p1a: Scizor|Protect|p1a: Scizor
|-singleturn|p1a: Scizor|Protect
|move|p2a: Sylveon|Detect|p2a: Sylveon
|-singleturn|p2a: Sylveon|Protect
|move|p1b: Altaria|Brave Bird|p2b: Charizard
|-damage|p2b: Charizard|70/100
|-damage|p1b: Altaria|75/100|[from] Recoil
|move|p2b: Charizard|Heat Wave|p1b: Altaria|[spread] p1b
|-activate|p1a: Scizor|move: Protect
|-resisted|p1b: Altaria|1
|-damage|p1b: Altaria|57/100
|
|-weather|SunnyDay|[upkeep]
|upkeep
|turn|6
|
|t:|1783949969
|move|p2a: Sylveon|Detect|p2a: Sylveon
|-singleturn|p2a: Sylveon|Protect
|move|p1a: Scizor|Bullet Punch|p2a: Sylveon
|-activate|p2a: Sylveon|move: Protect
|move|p1b: Altaria|Brave Bird|p2a: Sylveon
|-activate|p2a: Sylveon|move: Protect
|move|p2b: Charizard|Heat Wave|p1b: Altaria|[spread] p1a,p1b
|-supereffective|p1a: Scizor|2
|-resisted|p1b: Altaria|1
|-damage|p1a: Scizor|0 fnt
|-damage|p1b: Altaria|37/100
|faint|p1a: Scizor
|
|-weather|none
|upkeep
|
|t:|1783949974
|switch|p1a: Basculegion|Basculegion, L50, M|53/100
|turn|7
|
|t:|1783949979
|move|p1b: Altaria|Brave Bird|p2a: Sylveon
|-damage|p2a: Sylveon|66/100
|-damage|p1b: Altaria|26/100|[from] Recoil
|move|p1a: Basculegion|Wave Crash|p2a: Sylveon
|-damage|p2a: Sylveon|0 fnt
|faint|p2a: Sylveon
|-damage|p1a: Basculegion|34/100|[from] Recoil
|move|p2b: Charizard|Heat Wave|p1b: Altaria|[spread] p1a,p1b
|-resisted|p1a: Basculegion|1
|-resisted|p1b: Altaria|1
|-damage|p1a: Basculegion|13/100
|-damage|p1b: Altaria|8/100
|
|-sideend|p1: PuniHina|move: Tailwind
|upkeep
|turn|8
|
|t:|1783949995
|move|p1a: Basculegion|Aqua Jet|p2b: Charizard
|-supereffective|p2b: Charizard|1
|-damage|p2b: Charizard|22/100
|move|p2b: Charizard|Heat Wave|p1b: Altaria|[spread] p1a
|-miss|p2b: Charizard|p1b: Altaria
|-resisted|p1a: Basculegion|1
|-damage|p1a: Basculegion|0 fnt
|faint|p1a: Basculegion
|move|p1b: Altaria|Roost|p1b: Altaria
|-heal|p1b: Altaria|58/100
|-singleturn|p1b: Altaria|move: Roost
|
|upkeep
|
|t:|1783949998
|switch|p1a: Garchomp|Garchomp, L50, F|100/100
|turn|9
|
|t:|1783950003
|move|p1a: Garchomp|Dragon Claw|p2b: Charizard
|-damage|p2b: Charizard|0 fnt
|faint|p2b: Charizard
|-damage|p1a: Garchomp|90/100|[from] item: Life Orb
|
|win|PuniHina
||new mental is ready for game 2.
||PuniHina is ready for game 2.
|uhtml|next|Next: Game 2 of 3
