|j|☆Frankieon
|j|☆mamoswinefanboi
|html|Frankieonmamoswinefanboi    
|uhtml|bestof|Game 1 of a best-of-3
|t:|1757910546
|gametype|doubles
|player|p1|Frankieon|acetrainerf-gen4dp|1265
|player|p2|mamoswinefanboi|preschooler|1476
|gen|9
|tier|[Gen 9] VGC 2025 Reg H (Bo3)
|rated|
|rule|Species Clause: Limit one of each Pokémon
|rule|Item Clause: Limit 1 of each item
|clearpoke
|poke|p1|Gholdengo, L50|
|poke|p1|Grimmsnarl, L50, M|
|poke|p1|Archaludon, L50, F|
|poke|p1|Pelipper, L50, F|
|poke|p1|Ursaluna, L50, M|
|poke|p1|Sinistcha, L50|
|poke|p2|Rillaboom, L50, M|
|poke|p2|Incineroar, L50, M|
|poke|p2|Ursaluna-Bloodmoon, L50, M|
|poke|p2|Sneasler, L50, M|
|poke|p2|Dondozo, L50, F|
|poke|p2|Gholdengo, L50|
|teampreview|4
|showteam|p1|Gholdengo||Leftovers|GoodasGold|MakeItRain,ShadowBall,NastyPlot,Protect||||||50|,,,,,Water]Grimmsnarl||LightClay|Prankster|LightScreen,Reflect,ThunderWave,SpiritBreak|||M|||50|,,,,,Ghost]Archaludon||AssaultVest|Stamina|DracoMeteor,ElectroShot,BodyPress,FlashCannon|||F|||50|,,,,,Electric]Pelipper||FocusSash|Drizzle|MuddyWater,Hurricane,Tailwind,Protect|||F|||50|,,,,,Ghost]Ursaluna||FlameOrb|Guts|Facade,HeadlongRush,Earthquake,Protect|||M|||50|,,,,,Ghost]Sinistcha||SitrusBerry|Hospitality|TrickRoom,MatchaGotcha,LifeDew,RagePowder||||||50|,,,,,Dark
|showteam|p2|Rillaboom||MiracleSeed|GrassySurge|WoodHammer,FakeOut,GrassyGlide,HighHorsepower|||M|||50|,,,,,Grass]Incineroar||SafetyGoggles|Intimidate|FakeOut,FlareBlitz,KnockOff,PartingShot|||M|||50|,,,,,Ghost]Ursaluna-Bloodmoon||AssaultVest|MindsEye|BloodMoon,EarthPower,HyperVoice,VacuumWave|||M|||50|,,,,,Electric]Sneasler||GrassySeed|Unburden|CloseCombat,Acrobatics,SwordsDance,Protect|||M|||50|,,,,,Flying]Dondozo||Leftovers|Unaware|Protect,WaveCrash,Fissure,Yawn|||F|||50|,,,,,Bug]Gholdengo||LifeOrb|GoodasGold|MakeItRain,ShadowBall,NastyPlot,Protect||||||50|,,,,,Water
|inactive|Battle timer is ON: inactive players will automatically lose when time's up. (requested by mamoswinefanboi)
|
|t:|1757910643
|teamsize|p1|4
|teamsize|p2|4
|start
|switch|p1a: Pelipper|Pelipper, L50, F|100/100
|switch|p1b: Archaludon|Archaludon, L50, F, shiny|100/100
|switch|p2a: Ursaluna|Ursaluna-Bloodmoon, L50, M|100/100
|switch|p2b: Rillaboom|Rillaboom, L50, M|100/100
|-fieldstart|move: Grassy Terrain|[from] ability: Grassy Surge|[of] p2b: Rillaboom
|-weather|RainDance|[from] ability: Drizzle|[of] p1a: Pelipper
|turn|1
|inactive|Frankieon has 30 seconds left.
|inactive|Frankieon has 20 seconds left.
|
|t:|1757910679
|switch|p1b: Ursaluna|Ursaluna, L50, M|100/100
|-terastallize|p2a: Ursaluna|Electric
|move|p1a: Pelipper|Protect|p1a: Pelipper
|-singleturn|p1a: Pelipper|Protect
|move|p2b: Rillaboom|Grassy Glide|p1a: Pelipper
|-activate|p1a: Pelipper|move: Protect
|move|p2a: Ursaluna|Earth Power|p1b: Ursaluna
|-damage|p1b: Ursaluna|52/100
|
|-weather|RainDance|[upkeep]
|-heal|p1b: Ursaluna|58/100|[from] Grassy Terrain
|-status|p1b: Ursaluna|brn|[from] item: Flame Orb
|upkeep
|turn|2
|inactive|Frankieon has 30 seconds left.
|inactive|Frankieon has 20 seconds left.
|inactive|Frankieon has 15 seconds left.
|inactive|Frankieon has 10 seconds left.
|inactive|Frankieon has 5 seconds left.
|
|t:|1757910734
|move|p2b: Rillaboom|Wood Hammer|p1b: Ursaluna
|-supereffective|p1b: Ursaluna
|-damage|p1b: Ursaluna|0 fnt
|faint|p1b: Ursaluna
|-damage|p2b: Rillaboom|81/100|[from] Recoil
|move|p1a: Pelipper|Muddy Water|p2b: Rillaboom|[spread] p2a,p2b
|-resisted|p2b: Rillaboom
|-damage|p2a: Ursaluna|67/100
|-damage|p2b: Rillaboom|57/100
|move|p2a: Ursaluna|Blood Moon|p1a: Pelipper
|-enditem|p1a: Pelipper|Focus Sash
|-damage|p1a: Pelipper|1/100
|
|-weather|RainDance|[upkeep]
|-heal|p2b: Rillaboom|62/100|[from] Grassy Terrain
|-heal|p2a: Ursaluna|73/100|[from] Grassy Terrain
|upkeep
|
|t:|1757910755
|switch|p1b: Sinistcha|Sinistcha, L50|100/100
|-heal|p1a: Pelipper|26/100|[from] ability: Hospitality|[of] p1b: Sinistcha
|turn|3
|
|t:|1757910767
|switch|p1a: Archaludon|Archaludon, L50, F, shiny|100/100
|move|p2b: Rillaboom|Grassy Glide|p1a: Archaludon
|-resisted|p1a: Archaludon
|-damage|p1a: Archaludon|92/100
|-ability|p1a: Archaludon|Stamina|boost
|-boost|p1a: Archaludon|def|1
|move|p1b: Sinistcha|Matcha Gotcha|p2b: Rillaboom|[spread] p2a,p2b
|-resisted|p2b: Rillaboom
|-damage|p2a: Ursaluna|51/100
|-damage|p2b: Rillaboom|46/100
|move|p2a: Ursaluna|Hyper Voice|p1a: Archaludon|[spread] p1a,p1b
|-resisted|p1a: Archaludon
|-damage|p1a: Archaludon|78/100
|-damage|p1b: Sinistcha|60/100
|-ability|p1a: Archaludon|Stamina|boost
|-boost|p1a: Archaludon|def|1
|
|-weather|RainDance|[upkeep]
|-heal|p1a: Archaludon|84/100|[from] Grassy Terrain
|-heal|p2b: Rillaboom|52/100|[from] Grassy Terrain
|-heal|p1b: Sinistcha|66/100|[from] Grassy Terrain
|-heal|p2a: Ursaluna|57/100|[from] Grassy Terrain
|upkeep
|turn|4
|inactive|Frankieon has 30 seconds left.
|inactive|Frankieon has 20 seconds left.
|inactive|Frankieon has 15 seconds left.
|inactive|Frankieon has 10 seconds left.
|
|t:|1757910814
|move|p2b: Rillaboom|Grassy Glide|p1b: Sinistcha
|-resisted|p1b: Sinistcha
|-damage|p1b: Sinistcha|48/100
|-enditem|p1b: Sinistcha|Sitrus Berry|[eat]
|-heal|p1b: Sinistcha|73/100|[from] item: Sitrus Berry
|move|p1a: Archaludon|Body Press|p2a: Ursaluna
|-damage|p2a: Ursaluna|24/100
|move|p1b: Sinistcha|Matcha Gotcha|p2b: Rillaboom|[spread] p2a,p2b
|-resisted|p2b: Rillaboom
|-damage|p2a: Ursaluna|0 fnt
|-heal|p1b: Sinistcha|88/100|[from] drain|[of] p2a: Ursaluna
|-damage|p2b: Rillaboom|32/100
|-heal|p1b: Sinistcha|99/100|[from] drain|[of] p2b: Rillaboom
|faint|p2a: Ursaluna
|
|-weather|RainDance|[upkeep]
|-heal|p1a: Archaludon|89/100|[from] Grassy Terrain
|-heal|p2b: Rillaboom|38/100|[from] Grassy Terrain
|-heal|p1b: Sinistcha|100/100|[from] Grassy Terrain
|upkeep
|
|t:|1757910830
|switch|p2a: Dondozo|Dondozo, L50, F|100/100
|turn|5
|
|t:|1757910846
|-terastallize|p1a: Archaludon|Electric
|move|p1a: Archaludon|Electro Shot||[still]
|-prepare|p1a: Archaludon|Electro Shot
|-boost|p1a: Archaludon|spa|1
|-anim|p1a: Archaludon|Electro Shot|p2a: Dondozo
|-supereffective|p2a: Dondozo
|-damage|p2a: Dondozo|0 fnt
|faint|p2a: Dondozo
|move|p2b: Rillaboom|Wood Hammer|p1b: Sinistcha
|-resisted|p1b: Sinistcha
|-damage|p1b: Sinistcha|66/100
|-damage|p2b: Rillaboom|28/100|[from] Recoil
|move|p1b: Sinistcha|Matcha Gotcha|p2b: Rillaboom
|-resisted|p2b: Rillaboom
|-damage|p2b: Rillaboom|6/100
|-heal|p1b: Sinistcha|79/100|[from] drain|[of] p2b: Rillaboom
|
|-weather|none
|-heal|p1a: Archaludon|95/100|[from] Grassy Terrain
|-heal|p2b: Rillaboom|12/100|[from] Grassy Terrain
|-heal|p1b: Sinistcha|85/100|[from] Grassy Terrain
|-fieldend|move: Grassy Terrain
|upkeep
|-message|mamoswinefanboi forfeited.
|
|win|Frankieon
||mamoswinefanboi is ready for game 2.
|inactive|Frankieon has 30 seconds to confirm battle start!
|inactive|Frankieon has 20 seconds to confirm battle start!
|inactive|Frankieon has 10 seconds to confirm battle start!
||Frankieon is ready for game 2.
|uhtml|next|Next: Game 2 of 3
|l|☆mamoswinefanboi
|player|p2|
