|j|☆ToastTopping
|j|☆lonewolf047
|html|ToastToppinglonewolf047    
|uhtml|bestof|Game 1 of a best-of-3
|t:|1784869231
|gametype|doubles
|player|p1|ToastTopping|hilbert-wonderlauncher|1177
|player|p2|lonewolf047|giovanni|1063
|gen|9
|tier|[Gen 9 Champions] VGC 2026 Reg M-B (Bo3)
|rated|
|rule|Species Clause: Limit one of each Pokémon
|rule|Item Clause: Limit 1 of each item
|clearpoke
|poke|p1|Delphox, L50, F|
|poke|p1|Sinistcha, L50|
|poke|p1|Aerodactyl, L50, M|
|poke|p1|Kingambit, L50, M|
|poke|p1|Sneasler, L50, F|
|poke|p1|Raichu, L50, F|
|poke|p2|Feraligatr, L50, F|
|poke|p2|Scrafty, L50, F|
|poke|p2|Pelipper, L50, M|
|poke|p2|Gholdengo, L50|
|poke|p2|Sinistcha-Masterpiece, L50|
|poke|p2|Archaludon, L50, M|
|teampreview|4
|showteam|p1|Delphox||Delphoxite|Blaze|HeatWave,Psychic,NastyPlot,Protect|Timid||F|||50|]Sinistcha||SitrusBerry|Hospitality|MatchaGotcha,LifeDew,TrickRoom,RagePowder|Calm|||||50|]Aerodactyl||FocusSash|Unnerve|RockSlide,DualWingbeat,Tailwind,WideGuard|Jolly||M|||50|]Kingambit||ChopleBerry|Defiant|KowtowCleave,SuckerPunch,IronHead,Protect|Adamant||M|||50|]Sneasler||WhiteHerb|Unburden|CloseCombat,DireClaw,FakeOut,Protect|Adamant||F|||50|]Raichu||RaichuniteY|LightningRod|ZapCannon,FocusBlast,FakeOut,Protect|Hasty||F|||50|
|showteam|p2|Feraligatr||Feraligite|Torrent|DoubleEdge,Liquidation,SwordsDance,Protect|Adamant||F|||50|]Scrafty||Scraftinite|Intimidate|FakeOut,CloseCombat,Crunch,Protect|Adamant||F|||50|]Pelipper||FocusSash|Drizzle|Tailwind,MuddyWater,Hurricane,Protect|Bold||M|||50|]Gholdengo||MetalCoat|GoodasGold|MakeItRain,ShadowBall,NastyPlot,Protect|Timid|||||50|]Sinistcha-Masterpiece||Leftovers|Hospitality|LifeDew,MatchaGotcha,ShadowBall,Protect|Bold|||||50|]Archaludon||ExpertBelt|Stamina|ElectroShot,FlashCannon,DragonPulse,Protect|Timid||M|||50|
|inactive|Battle timer is ON: inactive players will automatically lose when time's up. (requested by ToastTopping)
|inactive|ToastTopping has 60 seconds left.
|
|t:|1784869280
|teamsize|p1|4
|teamsize|p2|4
|start
|switch|p1a: Raichu|Raichu, L50, F|100/100
|switch|p1b: Sneasler|Sneasler, L50, F|100/100
|switch|p2a: Feraligatr|Feraligatr, L50, F|100/100
|switch|p2b: Pelipper|Pelipper, L50, M|100/100
|-weather|RainDance|[from] ability: Drizzle|[of] p2b: Pelipper
|turn|1
|inactive|ToastTopping has 30 seconds left.
|
|t:|1784869309
|detailschange|p2a: Feraligatr|Feraligatr-Mega, L50, F
|-mega|p2a: Feraligatr|Feraligatr|Feraligite
|move|p1a: Raichu|Fake Out|p2b: Pelipper
|-damage|p2b: Pelipper|93/100
|move|p1b: Sneasler|Close Combat|p2a: Feraligatr
|-damage|p2a: Feraligatr|49/100
|-unboost|p1b: Sneasler|def|1
|-unboost|p1b: Sneasler|spd|1
|-enditem|p1b: Sneasler|White Herb
|-clearnegativeboost|p1b: Sneasler|[silent]
|move|p2a: Feraligatr|Swords Dance|p2a: Feraligatr
|-boost|p2a: Feraligatr|atk|2
|cant|p2b: Pelipper|flinch
|
|-weather|RainDance|[upkeep]
|upkeep
|turn|2
|
|t:|1784869333
|detailschange|p1a: Raichu|Raichu-Mega-Y, L50, F
|-mega|p1a: Raichu|Raichu|Raichunite Y
|move|p2a: Feraligatr|Protect|p2a: Feraligatr
|-singleturn|p2a: Feraligatr|Protect
|move|p1b: Sneasler|Close Combat|p2a: Feraligatr
|-activate|p2a: Feraligatr|move: Protect
|move|p1a: Raichu|Zap Cannon|p2b: Pelipper
|-supereffective|p2b: Pelipper|2
|-damage|p2b: Pelipper|0 fnt
|faint|p2b: Pelipper
|
|-weather|RainDance|[upkeep]
|upkeep
|
|t:|1784869345
|switch|p2b: Sinistcha|Sinistcha-Masterpiece, L50|100/100
|-heal|p2a: Feraligatr|73/100|[from] ability: Hospitality|[of] p2b: Sinistcha
|turn|3
|
|t:|1784869360
|move|p1b: Sneasler|Dire Claw|p2a: Feraligatr
|-damage|p2a: Feraligatr|39/100
|move|p1a: Raichu|Zap Cannon|p2a: Feraligatr
|-damage|p2a: Feraligatr|0 fnt
|faint|p2a: Feraligatr
|move|p2b: Sinistcha|Life Dew||[still]
|-fail|p2b: Sinistcha|heal
|
|-weather|RainDance|[upkeep]
|upkeep
|
|t:|1784869368
|switch|p2a: Archaludon|Archaludon, L50, M|100/100
|turn|4
|
|t:|1784869374
|move|p1b: Sneasler|Close Combat|p2a: Archaludon
|-supereffective|p2a: Archaludon|1
|-damage|p2a: Archaludon|0 fnt
|-unboost|p1b: Sneasler|def|1
|-unboost|p1b: Sneasler|spd|1
|faint|p2a: Archaludon
|move|p1a: Raichu|Focus Blast|p2b: Sinistcha
|-immune|p2b: Sinistcha
|move|p2b: Sinistcha|Matcha Gotcha|p1b: Sneasler|[spread] p1a,p1b
|-resisted|p1b: Sneasler|1
|-damage|p1a: Raichu|57/100
|-damage|p1b: Sneasler|75/100
|
|-weather|RainDance|[upkeep]
|upkeep
|turn|5
|
|t:|1784869390
|move|p1b: Sneasler|Dire Claw|p2b: Sinistcha
|-damage|p2b: Sinistcha|67/100
|move|p1a: Raichu|Zap Cannon|p2b: Sinistcha
|-resisted|p2b: Sinistcha|1
|-damage|p2b: Sinistcha|24/100
|-status|p2b: Sinistcha|par
|cant|p2b: Sinistcha|par
|
|-weather|none
|-heal|p2b: Sinistcha|30/100 par|[from] item: Leftovers
|upkeep
|turn|6
|
|t:|1784869401
|move|p1b: Sneasler|Dire Claw|p2b: Sinistcha
|-damage|p2b: Sinistcha|0 fnt
|-fail|p2b: Sinistcha|par
|faint|p2b: Sinistcha
|
|win|ToastTopping
||lonewolf047 is ready for game 2.
