|j|☆natsukivgc
|j|‽whensheteraponmycm
|html|natsukivgcwhensheteraponmycm    
|uhtml|bestof|Game 1 of a best-of-3
|t:|1785389062
|gametype|doubles
|player|p1|natsukivgc|1|1225
|player|p2|whensheteraponmycm|102|1306
|gen|9
|tier|[Gen 9 Champions] VGC 2026 Reg M-B (Bo3)
|rated|
|rule|Species Clause: Limit one of each Pokémon
|rule|Item Clause: Limit 1 of each item
|clearpoke
|poke|p1|Garchomp, L50, F|
|poke|p1|Venusaur, L50, F|
|poke|p1|Incineroar, L50, M|
|poke|p1|Charizard, L50, F|
|poke|p1|Toxapex, L50, M|
|poke|p1|Annihilape, L50, M|
|poke|p2|Froslass, L50, F|
|poke|p2|Blaziken, L50, M|
|poke|p2|Kingambit, L50, M|
|poke|p2|Gyarados, L50, M|
|poke|p2|Whimsicott, L50, M|
|poke|p2|Glimmora, L50, F|
|teampreview|4
|showteam|p1|Garchomp||ChoiceScarf|RoughSkin|Earthquake,DragonClaw,StompingTantrum,RockSlide|Adamant||F|||50|]Venusaur||LifeOrb|Chlorophyll|SolarBeam,SludgeBomb,EarthPower,Protect|Modest||F|||50|]Incineroar||SitrusBerry|Intimidate|FlareBlitz,ThroatChop,FakeOut,PartingShot|Impish||M|||50|]Charizard||CharizarditeY|Blaze|HeatWave,WeatherBall,HelpingHand,Protect|Modest||F|||50|]Toxapex||Leftovers|Regenerator|Infestation,Toxic,WideGuard,BanefulBunker|Bold||M|||50|]Annihilape||FocusSash|Defiant|CloseCombat,PhantomForce,StealthRock,Protect|Jolly||M|||50|
|showteam|p2|Froslass||Froslassite|SnowCloak|Blizzard,ShadowBall,AuroraVeil,Protect|Timid||F|||50|]Blaziken||Blazikenite|SpeedBoost|FlareBlitz,CloseCombat,RockSlide,Protect|Adamant||M|||50|]Kingambit||BlackGlasses|Defiant|KowtowCleave,SuckerPunch,SwordsDance,Protect|Adamant||M|||50|]Gyarados||SitrusBerry|Intimidate|Waterfall,Crunch,Taunt,Protect|Adamant||M|||50|]Whimsicott||FocusSash|Prankster|Moonblast,Encore,Tailwind,Protect|Timid||M|||50|]Glimmora||LifeOrb|ToxicDebris|SludgeBomb,PowerGem,EarthPower,SpikyShield|Timid||F|||50|
|inactive|Battle timer is ON: inactive players will automatically lose when time's up. (requested by whensheteraponmycm)
|inactive|natsukivgc has 60 seconds left.
|inactive|whensheteraponmycm has 60 seconds left.
|inactive|natsukivgc has 30 seconds left.
|inactive|whensheteraponmycm has 30 seconds left.
|
|t:|1785389130
|teamsize|p1|4
|teamsize|p2|4
|start
|switch|p1a: Charizard|Charizard, L50, F|100/100
|switch|p1b: Venusaur|Venusaur, L50, F|100/100
|switch|p2a: Whimsicott|Whimsicott, L50, M|100/100
|switch|p2b: Glimmora|Glimmora, L50, F|100/100
|turn|1
|inactive|natsukivgc has 30 seconds left.
|inactive|whensheteraponmycm has 30 seconds left.
|
|t:|1785389160
|detailschange|p1a: Charizard|Charizard-Mega-Y, L50, F
|-mega|p1a: Charizard|Charizard|Charizardite Y
|-weather|SunnyDay|[from] ability: Drought|[of] p1a: Charizard
|move|p2b: Glimmora|Spiky Shield|p2b: Glimmora
|-singleturn|p2b: Glimmora|move: Protect
|move|p1a: Charizard|Protect|p1a: Charizard
|-singleturn|p1a: Charizard|Protect
|move|p1b: Venusaur|Earth Power|p2b: Glimmora
|-activate|p2b: Glimmora|move: Protect
|move|p2a: Whimsicott|Moonblast|p1b: Venusaur
|-resisted|p1b: Venusaur|1
|-damage|p1b: Venusaur|81/100
|
|-weather|SunnyDay|[upkeep]
|upkeep
|turn|2
|inactive|natsukivgc has 30 seconds left.
|inactive|whensheteraponmycm has 30 seconds left.
|inactive|natsukivgc has 20 seconds left.
|
|t:|1785389196
|switch|p1a: Toxapex|Toxapex, L50, M|100/100
|move|p2a: Whimsicott|Tailwind|p2a: Whimsicott
|-sidestart|p2: whensheteraponmycm|move: Tailwind
|move|p2b: Glimmora|Sludge Bomb|p1b: Venusaur
|-damage|p1b: Venusaur|5/100
|-damage|p2b: Glimmora|90/100|[from] item: Life Orb
|move|p1b: Venusaur|Earth Power|p2b: Glimmora
|-supereffective|p2b: Glimmora|2
|-damage|p2b: Glimmora|0 fnt
|faint|p2b: Glimmora
|-damage|p1b: Venusaur|0 fnt|[from] item: Life Orb
|faint|p1b: Venusaur
|
|-weather|SunnyDay|[upkeep]
|upkeep
|inactive|natsukivgc has 30 seconds left.
|
|t:|1785389224
|switch|p2b: Blaziken|Blaziken, L50, M|100/100
|switch|p1b: Garchomp|Garchomp, L50, F|100/100
|turn|3
|inactive|natsukivgc has 30 seconds left.
|inactive|natsukivgc has 20 seconds left.
|inactive|natsukivgc has 15 seconds left.
|inactive|natsukivgc has 10 seconds left.
|
|t:|1785389270
|detailschange|p2b: Blaziken|Blaziken-Mega, L50, M
|-mega|p2b: Blaziken|Blaziken|Blazikenite
|move|p2a: Whimsicott|Moonblast|p1b: Garchomp
|-supereffective|p1b: Garchomp|1
|-damage|p1b: Garchomp|25/100
|move|p2b: Blaziken|Flare Blitz|p1b: Garchomp
|-resisted|p1b: Garchomp|1
|-damage|p1b: Garchomp|0 fnt
|-damage|p2b: Blaziken|87/100|[from] ability: Rough Skin|[of] p1b: Garchomp
|faint|p1b: Garchomp
|-damage|p2b: Blaziken|78/100|[from] Recoil
|move|p1a: Toxapex|Infestation|p2a: Whimsicott
|-damage|p2a: Whimsicott|95/100
|-activate|p2a: Whimsicott|move: Infestation|[of] p1a: Toxapex
|
|-weather|SunnyDay|[upkeep]
|-damage|p2a: Whimsicott|83/100|[from] move: Infestation|[partiallytrapped]
|-ability|p2b: Blaziken|Speed Boost|boost
|-boost|p2b: Blaziken|spe|1
|upkeep
|
|t:|1785389285
|switch|p1b: Charizard|Charizard-Mega-Y, L50, F|100/100
|turn|4
|
|t:|1785389308
|move|p2b: Blaziken|Flare Blitz|p1b: Charizard
|-resisted|p1b: Charizard|1
|-damage|p1b: Charizard|51/100
|-damage|p2b: Blaziken|62/100|[from] Recoil
|move|p2a: Whimsicott|Moonblast|p1b: Charizard
|-resisted|p1b: Charizard|1
|-damage|p1b: Charizard|37/100
|move|p1b: Charizard|Weather Ball|p2b: Blaziken
|-resisted|p2b: Blaziken|1
|-damage|p2b: Blaziken|17/100
|move|p1a: Toxapex|Toxic|p2b: Blaziken
|-status|p2b: Blaziken|tox
|
|-weather|SunnyDay|[upkeep]
|-damage|p2b: Blaziken|11/100 tox|[from] psn
|-damage|p2a: Whimsicott|70/100|[from] move: Infestation|[partiallytrapped]
|-ability|p2b: Blaziken|Speed Boost|boost
|-boost|p2b: Blaziken|spe|1
|upkeep
|turn|5
|inactive|natsukivgc has 30 seconds left.
|inactive|whensheteraponmycm has 30 seconds left.
|inactive|natsukivgc has 20 seconds left.
|inactive|whensheteraponmycm has 20 seconds left.
|
|t:|1785389345
|move|p1b: Charizard|Protect|p1b: Charizard
|-singleturn|p1b: Charizard|Protect
|move|p2a: Whimsicott|Encore|p1b: Charizard
|-activate|p1b: Charizard|move: Protect
|move|p2b: Blaziken|Flare Blitz|p1b: Charizard
|-activate|p1b: Charizard|move: Protect
|move|p1a: Toxapex|Toxic|p2a: Whimsicott
|-status|p2a: Whimsicott|tox
|
|-weather|none
|-damage|p2b: Blaziken|0 fnt|[from] psn
|faint|p2b: Blaziken
|-damage|p2a: Whimsicott|64/100 tox|[from] psn
|-damage|p2a: Whimsicott|52/100 tox|[from] move: Infestation|[partiallytrapped]
|-sideend|p2: whensheteraponmycm|move: Tailwind
|upkeep
|
|t:|1785389350
|switch|p2b: Kingambit|Kingambit, L50, M|100/100
|turn|6
|
|t:|1785389364
|move|p2a: Whimsicott|Encore|p1b: Charizard
|-start|p1b: Charizard|Encore
|move|p1b: Charizard|Protect||[still]
|-fail|p1b: Charizard
|move|p2b: Kingambit|Kowtow Cleave|p1b: Charizard
|-damage|p1b: Charizard|0 fnt
|faint|p1b: Charizard
|move|p1a: Toxapex|Infestation|p2b: Kingambit
|-damage|p2b: Kingambit|96/100
|-activate|p2b: Kingambit|move: Infestation|[of] p1a: Toxapex
|
|-damage|p2a: Whimsicott|40/100 tox|[from] psn
|-damage|p2a: Whimsicott|28/100 tox|[from] move: Infestation|[partiallytrapped]
|-damage|p2b: Kingambit|84/100|[from] move: Infestation|[partiallytrapped]
|upkeep
|turn|7
|
|t:|1785389377
|move|p1a: Toxapex|Baneful Bunker|p1a: Toxapex
|-singleturn|p1a: Toxapex|move: Protect
|move|p2a: Whimsicott|Encore|p1a: Toxapex
|-activate|p1a: Toxapex|move: Protect
|move|p2b: Kingambit|Swords Dance|p2b: Kingambit
|-boost|p2b: Kingambit|atk|2
|
|-damage|p2a: Whimsicott|10/100 tox|[from] psn
|-damage|p2a: Whimsicott|0 fnt|[from] move: Infestation|[partiallytrapped]
|faint|p2a: Whimsicott
|-damage|p2b: Kingambit|72/100|[from] move: Infestation|[partiallytrapped]
|upkeep
|turn|8
|
|t:|1785389390
|move|p2b: Kingambit|Kowtow Cleave|p1a: Toxapex
|-damage|p1a: Toxapex|21/100
|move|p1a: Toxapex|Infestation|p2b: Kingambit
|-damage|p2b: Kingambit|69/100
|
|-heal|p1a: Toxapex|26/100|[from] item: Leftovers
|-damage|p2b: Kingambit|57/100|[from] move: Infestation|[partiallytrapped]
|upkeep
|turn|9
|
|t:|1785389398
|move|p1a: Toxapex|Baneful Bunker|p1a: Toxapex
|-singleturn|p1a: Toxapex|move: Protect
|move|p2b: Kingambit|Kowtow Cleave|p1a: Toxapex
|-activate|p1a: Toxapex|move: Protect
|
|-heal|p1a: Toxapex|32/100|[from] item: Leftovers
|-damage|p2b: Kingambit|45/100|[from] move: Infestation|[partiallytrapped]
|upkeep
|turn|10
|
|t:|1785389407
|move|p1a: Toxapex|Baneful Bunker||[still]
|-fail|p1a: Toxapex
|move|p2b: Kingambit|Kowtow Cleave|p1a: Toxapex
|-damage|p1a: Toxapex|0 fnt
|faint|p1a: Toxapex
|
|win|whensheteraponmycm
