|j|☆SleepySilver07
|j|☆ThierryVGC
|html|SleepySilver07ThierryVGC    
|uhtml|bestof|Game 1 of a best-of-3
|t:|1756425122
|gametype|doubles
|player|p1|SleepySilver07|102|1193
|player|p2|ThierryVGC|101|1239
|gen|9
|tier|[Gen 9] VGC 2025 Reg H (Bo3)
|rated|
|rule|Species Clause: Limit one of each Pokémon
|rule|Item Clause: Limit 1 of each item
|clearpoke
|poke|p1|Garchomp, L50, M|
|poke|p1|Talonflame, L50, M|
|poke|p1|Gothitelle, L50, M|
|poke|p1|Gardevoir, L50, M|
|poke|p1|Tyranitar, L50, F|
|poke|p1|Gholdengo, L50|
|poke|p2|Garchomp, L50, M|
|poke|p2|Drifblim, L50, M|
|poke|p2|Indeedee, L50, M|
|poke|p2|Sneasler, L50, M|
|poke|p2|Corviknight, L50, M|
|poke|p2|Grimmsnarl, L50, M|
|teampreview|4
|showteam|p1|Garchomp||LifeOrb|SandVeil|Earthquake,DragonClaw,StompingTantrum,Protect|||M|||50|,,,,,Steel]Talonflame||CovertCloak|GaleWings|BraveBird,Taunt,Tailwind,Defog|||M|||50|,,,,,Grass]Gothitelle||SafetyGoggles|ShadowTag|Psychic,FakeOut,HelpingHand,TrickRoom|||M|||50|,,,,,Steel]Gardevoir||ChoiceSpecs|Telepathy|Moonblast,Psychic,Psyshock,DazzlingGleam|||M|||50|,,,,,Steel]Tyranitar||ClearAmulet|SandStream|RockSlide,KnockOff,TeraBlast,Protect|||F|||50|,,,,,Flying]Gholdengo||SitrusBerry|GoodasGold|MakeItRain,ShadowBall,Protect,NastyPlot||||||50|,,,,,Flying
|showteam|p2|Garchomp||LifeOrb|RoughSkin|Earthquake,StompingTantrum,DragonClaw,Protect|||M|||50|,,,,,Ground]Drifblim||PsychicSeed|Unburden|Acrobatics,WillOWisp,Tailwind,Haze|||M|||50|,,,,,Grass]Indeedee||FocusSash|PsychicSurge|ExpandingForce,TeraBlast,Imprison,TrickRoom|||M|||50|,,,,,Ground]Sneasler||WhiteHerb|Unburden|DireClaw,CloseCombat,ThroatChop,Protect|||M|||50|,,,,,Dark]Corviknight||LumBerry|MirrorArmor|BraveBird,BodyPress,BulkUp,Roost|||M|||50|,,,,,Dragon]Grimmsnarl||LightClay|Prankster|SpiritBreak,LightScreen,Reflect,ThunderWave|||M|||50|,,,,,Dark
|
|t:|1756425197
|teamsize|p1|4
|teamsize|p2|4
|start
|switch|p1a: Talonflame|Talonflame, L50, M|100/100
|switch|p1b: Garchomp|Garchomp, L50, M|100/100
|switch|p2a: Sneasler|Sneasler, L50, M|100/100
|switch|p2b: Indeedee|Indeedee, L50, M|100/100
|-fieldstart|move: Psychic Terrain|[from] ability: Psychic Surge|[of] p2b: Indeedee
|turn|1
|inactive|Battle timer is ON: inactive players will automatically lose when time's up. (requested by ThierryVGC)
|
|t:|1756425211
|move|p2a: Sneasler|Protect|p2a: Sneasler
|-singleturn|p2a: Sneasler|Protect
|move|p1a: Talonflame|Defog|p1b: Garchomp
|-unboost|p1b: Garchomp|evasion|1
|-fieldend|move: Psychic Terrain
|move|p1b: Garchomp|Earthquake|p2b: Indeedee|[spread] p2b
|-activate|p2a: Sneasler|move: Protect
|-immune|p1a: Talonflame
|-enditem|p2b: Indeedee|Focus Sash
|-damage|p2b: Indeedee|1/100
|-damage|p1b: Garchomp|91/100|[from] item: Life Orb
|move|p2b: Indeedee|Expanding Force|p1a: Talonflame
|-damage|p1a: Talonflame|45/100
|
|upkeep
|turn|2
|inactive|ThierryVGC has 30 seconds left.
|
|t:|1756425237
|switch|p2b: Corviknight|Corviknight, L50, M|100/100
|move|p1a: Talonflame|Tailwind|p1a: Talonflame
|-sidestart|p1: SleepySilver07|move: Tailwind
|move|p1b: Garchomp|Earthquake|p2a: Sneasler|[spread] p2a
|-immune|p1a: Talonflame
|-immune|p2b: Corviknight
|-supereffective|p2a: Sneasler
|-damage|p2a: Sneasler|0 fnt
|faint|p2a: Sneasler
|-damage|p1b: Garchomp|81/100|[from] item: Life Orb
|
|upkeep
|
|t:|1756425248
|switch|p2a: Indeedee|Indeedee, L50, M|1/100
|-fieldstart|move: Psychic Terrain|[from] ability: Psychic Surge|[of] p2a: Indeedee
|turn|3
|
|t:|1756425258
|move|p1a: Talonflame|Taunt|p2b: Corviknight
|-start|p2b: Corviknight|move: Taunt
|move|p1b: Garchomp|Earthquake|p2b: Corviknight|[spread] p2a
|-immune|p1a: Talonflame
|-immune|p2b: Corviknight
|-damage|p2a: Indeedee|0 fnt
|faint|p2a: Indeedee
|-damage|p1b: Garchomp|71/100|[from] item: Life Orb
|cant|p2b: Corviknight|move: Taunt|Bulk Up
|
|upkeep
|
|t:|1756425260
|switch|p2a: Garchomp|Garchomp, L50, M|100/100
|turn|4
|
|t:|1756425274
|-terastallize|p2a: Garchomp|Ground
|move|p1a: Talonflame|Brave Bird|p2a: Garchomp
|-damage|p2a: Garchomp|58/100
|-damage|p1a: Talonflame|33/100|[from] ability: Rough Skin|[of] p2a: Garchomp
|-damage|p1a: Talonflame|16/100|[from] Recoil
|move|p1b: Garchomp|Dragon Claw|p2a: Garchomp
|-damage|p2a: Garchomp|0 fnt
|-damage|p1b: Garchomp|59/100|[from] ability: Rough Skin|[of] p2a: Garchomp
|faint|p2a: Garchomp
|-damage|p1b: Garchomp|49/100|[from] item: Life Orb
|move|p2b: Corviknight|Brave Bird|p1a: Talonflame
|-crit|p1a: Talonflame
|-damage|p1a: Talonflame|0 fnt
|faint|p1a: Talonflame
|-damage|p2b: Corviknight|97/100|[from] Recoil
|
|upkeep
|
|t:|1756425286
|switch|p1a: Gholdengo|Gholdengo, L50|100/100
|turn|5
|
|t:|1756425291
|move|p1b: Garchomp|Dragon Claw|p2b: Corviknight
|-resisted|p2b: Corviknight
|-damage|p2b: Corviknight|78/100
|-damage|p1b: Garchomp|39/100|[from] item: Life Orb
|move|p1a: Gholdengo|Nasty Plot|p1a: Gholdengo
|-boost|p1a: Gholdengo|spa|2
|move|p2b: Corviknight|Brave Bird|p1a: Gholdengo
|-resisted|p1a: Gholdengo
|-damage|p1a: Gholdengo|79/100
|-damage|p2b: Corviknight|72/100|[from] Recoil
|
|-end|p2b: Corviknight|move: Taunt
|-sideend|p1: SleepySilver07|move: Tailwind
|upkeep
|turn|6
|
|t:|1756425299
|move|p1b: Garchomp|Dragon Claw|p2b: Corviknight
|-resisted|p2b: Corviknight
|-crit|p2b: Corviknight
|-damage|p2b: Corviknight|42/100
|-damage|p1b: Garchomp|29/100|[from] item: Life Orb
|move|p1a: Gholdengo|Shadow Ball|p2b: Corviknight
|-damage|p2b: Corviknight|0 fnt
|faint|p2b: Corviknight
|
|win|SleepySilver07
||ThierryVGC is ready for game 2.
||SleepySilver07 is ready for game 2.
|uhtml|next|Next: Game 2 of 3
