|j|☆naibot2814
|j|☆kingdracothe3rd
|html|naibot2814kingdracothe3rd    
|uhtml|bestof|Game 3 of a best-of-3
|t:|1756934770
|gametype|doubles
|player|p1|naibot2814|ghetsis|1180
|player|p2|kingdracothe3rd|nobunaga-conquest|1275
|gen|9
|tier|[Gen 9] VGC 2025 Reg H (Bo3)
|rated|
|rule|Species Clause: Limit one of each Pokémon
|rule|Item Clause: Limit 1 of each item
|clearpoke
|poke|p1|Gholdengo, L50|
|poke|p1|Porygon2, L50|
|poke|p1|Ursaluna, L50, M|
|poke|p1|Annihilape, L50, M|
|poke|p1|Amoonguss, L50, M|
|poke|p1|Incineroar, L50, M|
|poke|p2|Kingambit, L50, M|
|poke|p2|Sneasler, L50, M|
|poke|p2|Electabuzz, L50, F|
|poke|p2|Baxcalibur, L50, M|
|poke|p2|Corviknight, L50, F|
|poke|p2|Gastrodon-East, L50, F|
|teampreview|4
|showteam|p1|Gholdengo||LifeOrb|GoodasGold|MakeItRain,NastyPlot,Protect,ShadowBall||||||50|,,,,,Fairy]Porygon2||Eviolite|Download|TeraBlast,Recover,TrickRoom,IceBeam||||||50|,,,,,Fighting]Ursaluna||FlameOrb|Guts|Earthquake,Protect,Facade,HeadlongRush|||M|||50|,,,,,Ghost]Annihilape||SitrusBerry|Defiant|RageFist,Coaching,FinalGambit,DrainPunch|||M|||50|,,,,,Water]Amoonguss||CovertCloak|Regenerator|PollenPuff,RagePowder,Spore,ClearSmog|||M|||50|,,,,,Fairy]Incineroar||SafetyGoggles|Intimidate|FlareBlitz,FakeOut,PartingShot,KnockOff|||M|||50|,,,,,Ghost
|showteam|p2|Kingambit||DreadPlate|Defiant|KowtowCleave,SuckerPunch,SwordsDance,Protect|||M|||50|,,,,,Dark]Sneasler||FocusSash|Unburden|CloseCombat,DireClaw,Coaching,FakeOut|||M|||50|,,,,,Stellar]Electabuzz||Eviolite|VitalSpirit|Electroweb,FollowMe,Taunt,VoltSwitch|||F|||50|,,,,,Dragon]Baxcalibur||LoadedDice|ThermalExchange|IcicleSpear,ScaleShot,IceShard,Protect|||M|||50|,,,,,Poison]Corviknight||Leftovers|MirrorArmor|BraveBird,BodyPress,BulkUp,Roost|||F|||50|,,,,,Dragon]Gastrodon-East||MarangaBerry|StormDrain|EarthPower,IceBeam,Yawn,Recover|||F|||50|,,,,,Fire
|
|t:|1756934780
|teamsize|p1|4
|teamsize|p2|4
|start
|switch|p1a: Ursaluna|Ursaluna, L50, M, shiny|100/100
|switch|p1b: Porygon2|Porygon2, L50|100/100
|switch|p2a: Kingambit|Kingambit, L50, M, shiny|100/100
|switch|p2b: Electabuzz|Electabuzz, L50, F, shiny|100/100
|-ability|p1b: Porygon2|Download|boost
|-boost|p1b: Porygon2|spa|1
|turn|1
|
|t:|1756934790
|-terastallize|p2a: Kingambit|Dark
|move|p2b: Electabuzz|Follow Me|p2b: Electabuzz
|-singleturn|p2b: Electabuzz|move: Follow Me
|move|p2a: Kingambit|Swords Dance|p2a: Kingambit
|-boost|p2a: Kingambit|atk|2
|move|p1a: Ursaluna|Headlong Rush|p2b: Electabuzz
|-supereffective|p2b: Electabuzz
|-damage|p2b: Electabuzz|0 fnt
|-unboost|p1a: Ursaluna|def|1
|-unboost|p1a: Ursaluna|spd|1
|faint|p2b: Electabuzz
|move|p1b: Porygon2|Trick Room|p1b: Porygon2
|-fieldstart|move: Trick Room|[of] p1b: Porygon2
|
|-status|p1a: Ursaluna|brn|[from] item: Flame Orb
|upkeep
|
|t:|1756934808
|switch|p2b: Corviknight|Corviknight, L50, F, shiny|100/100
|turn|2
|
|t:|1756934822
|switch|p1a: Amoonguss|Amoonguss, L50, M|100/100
|-terastallize|p1b: Porygon2|Fighting
|move|p2a: Kingambit|Protect|p2a: Kingambit
|-singleturn|p2a: Kingambit|Protect
|move|p1b: Porygon2|Tera Blast|p2a: Kingambit|[anim] Tera Blast Fighting
|-activate|p2a: Kingambit|move: Protect
|move|p2b: Corviknight|Bulk Up|p2b: Corviknight
|-boost|p2b: Corviknight|atk|1
|-boost|p2b: Corviknight|def|1
|
|upkeep
|turn|3
|
|t:|1756934881
|switch|p2a: Sneasler|Sneasler, L50, M|100/100
|switch|p1b: Gholdengo|Gholdengo, L50, shiny|100/100
|move|p1a: Amoonguss|Spore|p2a: Sneasler
|-status|p2a: Sneasler|slp|[from] move: Spore
|move|p2b: Corviknight|Brave Bird|p1a: Amoonguss
|-supereffective|p1a: Amoonguss
|-damage|p1a: Amoonguss|0 fnt
|faint|p1a: Amoonguss
|-damage|p2b: Corviknight|67/100|[from] Recoil
|
|-heal|p2b: Corviknight|73/100|[from] item: Leftovers
|upkeep
|
|t:|1756934900
|switch|p1a: Porygon2|Porygon2, L50, tera:Fighting|100/100
|-ability|p1a: Porygon2|Download|boost
|-boost|p1a: Porygon2|spa|1
|turn|4
|
|t:|1756934918
|move|p1a: Porygon2|Ice Beam|p2b: Corviknight
|-damage|p2b: Corviknight|39/100
|move|p1b: Gholdengo|Nasty Plot|p1b: Gholdengo
|-boost|p1b: Gholdengo|spa|2
|move|p2b: Corviknight|Brave Bird|p1a: Porygon2
|-supereffective|p1a: Porygon2
|-damage|p1a: Porygon2|36/100
|-damage|p2b: Corviknight|20/100|[from] Recoil
|cant|p2a: Sneasler|slp
|
|-heal|p2b: Corviknight|25/100|[from] item: Leftovers
|upkeep
|turn|5
|
|t:|1756934938
|move|p1a: Porygon2|Ice Beam|p2a: Sneasler
|-damage|p2a: Sneasler|48/100 slp
|move|p1b: Gholdengo|Make It Rain|p2b: Corviknight|[spread] p2a,p2b
|-resisted|p2b: Corviknight
|-damage|p2a: Sneasler|0 fnt
|-damage|p2b: Corviknight|0 fnt
|-unboost|p1b: Gholdengo|spa|1
|faint|p2a: Sneasler
|faint|p2b: Corviknight
|-damage|p1b: Gholdengo|91/100|[from] item: Life Orb
|
|-fieldend|move: Trick Room
|upkeep
|
|t:|1756934949
|switch|p2b: Kingambit|Kingambit, L50, M, shiny, tera:Dark|100/100
|turn|6
|
|t:|1756934956
|move|p2b: Kingambit|Sucker Punch||[still]
|-fail|p2b: Kingambit
|move|p1b: Gholdengo|Make It Rain|p2b: Kingambit
|-damage|p2b: Kingambit|0 fnt
|-unboost|p1b: Gholdengo|spa|1
|faint|p2b: Kingambit
|-damage|p1b: Gholdengo|81/100|[from] item: Life Orb
|
|win|naibot2814
|raw|naibot2814's rating: 1180 → 1212(+32 for winning)
|raw|kingdracothe3rd's rating: 1275 → 1243(-32 for losing)
|l|☆kingdracothe3rd
|player|p2|
