|j|☆natsukookie
|j|☆lanagram
|html|natsukookielanagram    
|uhtml|bestof|Game 1 of a best-of-3
|t:|1785602207
|gametype|doubles
|player|p1|natsukookie|102|1099
|player|p2|lanagram|102|1151
|gen|9
|tier|[Gen 9 Champions] VGC 2026 Reg M-B (Bo3)
|rated|
|rule|Species Clause: Limit one of each Pokémon
|rule|Item Clause: Limit 1 of each item
|clearpoke
|poke|p1|Hatterene, L50, F|
|poke|p1|Oranguru, L50, F|
|poke|p1|Mawile, L50, F|
|poke|p1|Kangaskhan, L50, F|
|poke|p1|Venusaur, L50, M|
|poke|p1|Torkoal, L50, F|
|poke|p2|Gengar, L50, M|
|poke|p2|Altaria, L50, F|
|poke|p2|Grimmsnarl, L50, M|
|poke|p2|Hawlucha, L50, F|
|poke|p2|Snorlax, L50, F|
|poke|p2|Clefable, L50, M|
|teampreview|4
|showteam|p1|Hatterene||LifeOrb|MagicBounce|Protect,Psychic,TrickRoom,DazzlingGleam|Quiet||F|||50|]Oranguru||MentalHerb|InnerFocus|Protect,Instruct,Psychic,TrickRoom|Bold||F|||50|]Mawile||Mawilite|HyperCutter|SuckerPunch,PlayRough,Protect,IronHead|Brave||F|||50|]Kangaskhan||SilkScarf|Scrappy|LastResort,FakeOut|Brave||F|||50|]Venusaur||FocusSash|Chlorophyll|LeafStorm,SludgeBomb,SleepPowder,Protect|Modest||M|||50|]Torkoal||Charcoal|Drought|Eruption,Protect,EarthPower,HeatWave|Quiet||F|||50|
|showteam|p2|Gengar||Gengarite|CursedBody|ShadowBall,SludgeBomb,PerishSong,Protect|Timid||M|||50|]Altaria||YacheBerry|CloudNine|FireSpin,CottonGuard,Roost,Haze|Serious||F|||50|]Grimmsnarl||RoseliBerry|Prankster|FakeOut,Superpower,PartingShot,MistyTerrain|Adamant||M|||50|]Hawlucha||Hawluchanite|Limber|CrossChop,Entrainment,DualWingbeat,Protect|Jolly||F|||50|]Snorlax||Leftovers|ThickFat|Fissure,Stockpile,BodyPress,Protect|Bold||F|||50|]Clefable||SitrusBerry|Unaware|FollowMe,DazzlingGleam,LifeDew,Gravity|Bold||M|||50|
|inactive|Battle timer is ON: inactive players will automatically lose when time's up. (requested by natsukookie)
|inactive|lanagram has 60 seconds left.
|inactive|lanagram has 30 seconds left.
|
|t:|1785602329
|teamsize|p1|4
|teamsize|p2|4
|start
|switch|p1a: Oranguru|Oranguru, L50, F|100/100
|switch|p1b: Torkoal|Torkoal, L50, F|100/100
|switch|p2a: Hawlucha|Hawlucha, L50, F|100/100
|switch|p2b: Snorlax|Snorlax, L50, F|100/100
|-weather|SunnyDay|[from] ability: Drought|[of] p1b: Torkoal
|turn|1
|
|t:|1785602343
|detailschange|p2a: Hawlucha|Hawlucha-Mega, L50, F
|-mega|p2a: Hawlucha|Hawlucha|Hawluchanite
|move|p1b: Torkoal|Protect|p1b: Torkoal
|-singleturn|p1b: Torkoal|Protect
|move|p2a: Hawlucha|Entrainment|p2b: Snorlax
|-ability|p2b: Snorlax|No Guard|Thick Fat|[from] move: Entrainment|[of] p2a: Hawlucha
|move|p2b: Snorlax|Stockpile|p2b: Snorlax
|-start|p2b: Snorlax|stockpile1
|-boost|p2b: Snorlax|def|1
|-boost|p2b: Snorlax|spd|1
|move|p1a: Oranguru|Trick Room|p1a: Oranguru
|-fieldstart|move: Trick Room|[of] p1a: Oranguru
|
|-weather|SunnyDay|[upkeep]
|upkeep
|turn|2
|inactive|lanagram has 30 seconds left.
|
|t:|1785602375
|move|p2b: Snorlax|Protect|p2b: Snorlax
|-singleturn|p2b: Snorlax|Protect
|move|p2a: Hawlucha|Protect|p2a: Hawlucha
|-singleturn|p2a: Hawlucha|Protect
|move|p1b: Torkoal|Eruption|p2a: Hawlucha|[spread] 
|-activate|p2a: Hawlucha|move: Protect
|-activate|p2b: Snorlax|move: Protect
|move|p1a: Oranguru|Instruct|p1b: Torkoal
|-singleturn|p1b: Torkoal|move: Instruct|[of] p1a: Oranguru
|move|p1b: Torkoal|Eruption|p2b: Snorlax|[spread] 
|-activate|p2a: Hawlucha|move: Protect
|-activate|p2b: Snorlax|move: Protect
|
|-weather|SunnyDay|[upkeep]
|upkeep
|turn|3
|inactive|lanagram has 30 seconds left.
|
|t:|1785602400
|move|p1b: Torkoal|Eruption|p2b: Snorlax|[spread] p2a,p2b
|-crit|p2b: Snorlax
|-damage|p2a: Hawlucha|3/100
|-damage|p2b: Snorlax|19/100
|move|p2b: Snorlax|Fissure|p1b: Torkoal
|-damage|p1b: Torkoal|0 fnt
|faint|p1b: Torkoal
|-ohko
|move|p1a: Oranguru|Instruct|p1: Torkoal|[notarget]
|-fail|p1a: Oranguru
|move|p2a: Hawlucha|Cross Chop|p1a: Oranguru
|-damage|p1a: Oranguru|61/100
|
|-weather|SunnyDay|[upkeep]
|-heal|p2b: Snorlax|25/100|[from] item: Leftovers
|upkeep
|
|t:|1785602418
|switch|p1b: Hatterene|Hatterene, L50, F|100/100
|turn|4
|inactive|natsukookie has 30 seconds left.
|
|t:|1785602444
|move|p2b: Snorlax|Protect|p2b: Snorlax
|-singleturn|p2b: Snorlax|Protect
|move|p1b: Hatterene|Dazzling Gleam|p2a: Hawlucha|[spread] p2a
|-activate|p2b: Snorlax|move: Protect
|-supereffective|p2a: Hawlucha|1
|-damage|p2a: Hawlucha|0 fnt
|faint|p2a: Hawlucha
|-damage|p1b: Hatterene|90/100|[from] item: Life Orb
|move|p1a: Oranguru|Instruct|p1b: Hatterene
|-singleturn|p1b: Hatterene|move: Instruct|[of] p1a: Oranguru
|move|p1b: Hatterene|Dazzling Gleam|p2b: Snorlax
|-activate|p2b: Snorlax|move: Protect
|
|-weather|SunnyDay|[upkeep]
|-heal|p2b: Snorlax|31/100|[from] item: Leftovers
|upkeep
|
|t:|1785602449
|switch|p2a: Grimmsnarl|Grimmsnarl, L50, M|100/100
|turn|5
|
|t:|1785602463
|move|p2a: Grimmsnarl|Fake Out|p1b: Hatterene
|-damage|p1b: Hatterene|75/100
|cant|p1b: Hatterene|flinch
|move|p2b: Snorlax|Stockpile|p2b: Snorlax
|-start|p2b: Snorlax|stockpile2
|-boost|p2b: Snorlax|def|1
|-boost|p2b: Snorlax|spd|1
|move|p1a: Oranguru|Instruct|p1b: Hatterene
|-singleturn|p1b: Hatterene|move: Instruct|[of] p1a: Oranguru
|cant|p1b: Hatterene|flinch
|
|-weather|none
|-heal|p2b: Snorlax|37/100|[from] item: Leftovers
|-fieldend|move: Trick Room
|upkeep
|turn|6
|inactive|lanagram has 30 seconds left.
|inactive|lanagram has 20 seconds left.
|inactive|lanagram has 15 seconds left.
|inactive|lanagram has 10 seconds left.
|inactive|lanagram has 5 seconds left.
|
|t:|1785602518
|move|p1b: Hatterene|Protect|p1b: Hatterene
|-singleturn|p1b: Hatterene|Protect
|move|p2a: Grimmsnarl|Superpower|p1a: Oranguru
|-damage|p1a: Oranguru|26/100
|-unboost|p2a: Grimmsnarl|atk|1
|-unboost|p2a: Grimmsnarl|def|1
|move|p2b: Snorlax|Fissure|p1b: Hatterene
|-activate|p1b: Hatterene|move: Protect
|move|p1a: Oranguru|Trick Room|p1a: Oranguru
|-fieldstart|move: Trick Room|[of] p1a: Oranguru
|
|-heal|p2b: Snorlax|43/100|[from] item: Leftovers
|upkeep
|turn|7
|
|t:|1785602538
|move|p2b: Snorlax|Protect|p2b: Snorlax
|-singleturn|p2b: Snorlax|Protect
|move|p2a: Grimmsnarl|Parting Shot|p1a: Oranguru
|-unboost|p1a: Oranguru|atk|1
|-unboost|p1a: Oranguru|spa|1
|
|t:|1785602541
|switch|p2a: Gengar|Gengar, L50, M|100/100|[from] Parting Shot
|move|p1b: Hatterene|Dazzling Gleam|p2a: Gengar|[spread] p2a
|-activate|p2b: Snorlax|move: Protect
|-resisted|p2a: Gengar|1
|-damage|p2a: Gengar|66/100
|-damage|p1b: Hatterene|65/100|[from] item: Life Orb
|move|p1a: Oranguru|Instruct|p1b: Hatterene
|-singleturn|p1b: Hatterene|move: Instruct|[of] p1a: Oranguru
|move|p1b: Hatterene|Dazzling Gleam|p2a: Gengar|[spread] p2a
|-activate|p2b: Snorlax|move: Protect
|-resisted|p2a: Gengar|1
|-damage|p2a: Gengar|36/100
|-damage|p1b: Hatterene|56/100|[from] item: Life Orb
|
|-heal|p2b: Snorlax|49/100|[from] item: Leftovers
|upkeep
|turn|8
|inactive|natsukookie has 30 seconds left.
|inactive|lanagram has 30 seconds left.
|
|t:|1785602568
|move|p1b: Hatterene|Dazzling Gleam|p2b: Snorlax|[spread] p2a,p2b
|-resisted|p2a: Gengar|1
|-damage|p2a: Gengar|7/100
|-damage|p2b: Snorlax|35/100
|-damage|p1b: Hatterene|46/100|[from] item: Life Orb
|move|p2b: Snorlax|Fissure|p1b: Hatterene
|-damage|p1b: Hatterene|0 fnt
|faint|p1b: Hatterene
|-ohko
|move|p1a: Oranguru|Psychic|p2a: Gengar
|-supereffective|p2a: Gengar|1
|-damage|p2a: Gengar|0 fnt
|faint|p2a: Gengar
|
|-heal|p2b: Snorlax|41/100|[from] item: Leftovers
|upkeep
|
|t:|1785602586
|switch|p1b: Mawile|Mawile, L50, F|100/100
|switch|p2a: Grimmsnarl|Grimmsnarl, L50, M|100/100
|turn|9
|
|t:|1785602597
|detailschange|p1b: Mawile|Mawile-Mega, L50, F
|-mega|p1b: Mawile|Mawile|Mawilite
|move|p1b: Mawile|Protect|p1b: Mawile
|-singleturn|p1b: Mawile|Protect
|move|p1a: Oranguru|Protect|p1a: Oranguru
|-singleturn|p1a: Oranguru|Protect
|move|p2a: Grimmsnarl|Fake Out|p1b: Mawile
|-activate|p1b: Mawile|move: Protect
|move|p2b: Snorlax|Fissure|p1a: Oranguru
|-activate|p1a: Oranguru|move: Protect
|
|-heal|p2b: Snorlax|47/100|[from] item: Leftovers
|upkeep
|turn|10
|inactive|natsukookie has 30 seconds left.
|inactive|lanagram has 30 seconds left.
|
|t:|1785602630
|move|p2a: Grimmsnarl|Parting Shot|p1a: Oranguru
|-unboost|p1a: Oranguru|atk|1
|-unboost|p1a: Oranguru|spa|1
|move|p2b: Snorlax|Fissure|p1b: Mawile
|-damage|p1b: Mawile|0 fnt
|faint|p1b: Mawile
|-ohko
|move|p1a: Oranguru|Instruct|p1: Mawile|[notarget]
|-fail|p1a: Oranguru
|
|-heal|p2b: Snorlax|53/100|[from] item: Leftovers
|-fieldend|move: Trick Room
|upkeep
|turn|11
|inactive|natsukookie has 30 seconds left.
|
|t:|1785602658
|move|p2a: Grimmsnarl|Superpower|p1a: Oranguru
|-damage|p1a: Oranguru|0 fnt
|-unboost|p2a: Grimmsnarl|atk|1
|-unboost|p2a: Grimmsnarl|def|1
|faint|p1a: Oranguru
|
|win|lanagram
||natsukookie is ready for game 2.
|inactive|lanagram has 30 seconds to confirm battle start!
||lanagram is ready for game 2.
|uhtml|next|Next: Game 2 of 3
|l|☆lanagram
|player|p2|
