|j|☆videoasaurus
|j|☆redistr
|html|videoasaurusredistr    
|uhtml|bestof|Game 2 of a best-of-3
|t:|1785655667
|gametype|doubles
|player|p1|videoasaurus|265|1105
|player|p2|redistr|chili|1299
|gen|9
|tier|[Gen 9 Champions] VGC 2026 Reg M-B (Bo3)
|rated|
|rule|Species Clause: Limit one of each Pokémon
|rule|Item Clause: Limit 1 of each item
|clearpoke
|poke|p1|Glimmora, L50, M|
|poke|p1|Staraptor, L50, M|
|poke|p1|Sinistcha, L50|
|poke|p1|Incineroar, L50, M|
|poke|p1|Aegislash, L50, F, shiny|
|poke|p1|Rotom-Wash, L50|
|poke|p2|Farigiraf, L50, F|
|poke|p2|Mawile, L50, F|
|poke|p2|Incineroar, L50, F|
|poke|p2|Charizard, L50, F|
|poke|p2|Venusaur, L50, F|
|poke|p2|Garchomp, L50, F|
|teampreview|4
|showteam|p1|Glimmora||Glimmoranite|ToxicDebris|SludgeBomb,PowerGem,EarthPower,SpikyShield|Modest||M|||50|]Staraptor||Staraptite|Intimidate|BraveBird,CloseCombat,Tailwind,Protect|Adamant||M|||50|]Sinistcha||Leftovers|Hospitality|MatchaGotcha,TrickRoom,RagePowder,Protect|Relaxed|||||50|]Incineroar||SitrusBerry|Intimidate|FlareBlitz,FakeOut,PartingShot,Taunt|Impish||M|||50|]Aegislash||LifeOrb|StanceChange|KingsShield,SwordsDance,IronHead,ShadowSneak|Adamant||F|||50|]Rotom-Wash||ChoiceScarf|Levitate|Electroweb,HydroPump,Thunderbolt,VoltSwitch|Timid|||||50|
|showteam|p2|Farigiraf||ColburBerry|ArmorTail|HelpingHand,TrickRoom,Psychic,Thunderbolt|Relaxed||F|||50|]Mawile||Mawilite|HyperCutter|Protect,PlayRough,RockSlide,SuckerPunch|Brave||F|||50|]Incineroar||SitrusBerry|Intimidate|FakeOut,PartingShot,FlareBlitz,DarkestLariat|Relaxed||F|||50|]Charizard||CharizarditeY|Blaze|Protect,HeatWave,WeatherBall,SolarBeam|Modest||F|||50|]Venusaur||FocusSash|Chlorophyll|Protect,SleepPowder,LeafStorm,SludgeBomb|Timid||F|||50|]Garchomp||LifeOrb|RoughSkin|Protect,DragonClaw,Earthquake,RockSlide|Jolly||F|||50|
|inactive|Battle timer is ON: inactive players will automatically lose when time's up. (requested by redistr)
|inactive|videoasaurus has 60 seconds left.
|inactive|redistr has 60 seconds left.
|
|t:|1785655714
|teamsize|p1|4
|teamsize|p2|4
|start
|switch|p1a: Aegislash|Aegislash, L50, F, shiny|100/100
|switch|p1b: Incineroar|Incineroar, L50, M|100/100
|switch|p2a: THE SUN!|Venusaur, L50, F|100/100
|switch|p2b: A Diva|Charizard, L50, F|100/100
|-ability|p1b: Incineroar|Intimidate|boost
|-unboost|p2a: THE SUN!|atk|1
|-unboost|p2b: A Diva|atk|1
|turn|1
|inactive|videoasaurus has 30 seconds left.
|inactive|videoasaurus has 20 seconds left.
|
|t:|1785655749
|detailschange|p2b: A Diva|Charizard-Mega-Y, L50, F
|-mega|p2b: A Diva|Charizard|Charizardite Y
|-weather|SunnyDay|[from] ability: Drought|[of] p2b: A Diva
|move|p1a: Aegislash|King's Shield|p1a: Aegislash
|-singleturn|p1a: Aegislash|Protect
|move|p1b: Incineroar|Fake Out|p2a: THE SUN!
|-damage|p2a: THE SUN!|85/100
|cant|p2a: THE SUN!|flinch
|move|p2b: A Diva|Heat Wave|p1a: Aegislash|[spread] p1b
|-activate|p1a: Aegislash|move: Protect
|-resisted|p1b: Incineroar|1
|-damage|p1b: Incineroar|74/100
|
|-weather|SunnyDay|[upkeep]
|upkeep
|turn|2
|inactive|videoasaurus has 30 seconds left.
|
|t:|1785655783
|switch|p1a: Sinistcha|Sinistcha, L50|100/100
|-heal|p1b: Incineroar|99/100|[from] ability: Hospitality|[of] p1a: Sinistcha
|move|p2a: THE SUN!|Sleep Powder|p1b: Incineroar
|-status|p1b: Incineroar|slp|[from] move: Sleep Powder
|move|p2b: A Diva|Heat Wave|p1a: Sinistcha|[spread] p1a,p1b
|-supereffective|p1a: Sinistcha|1
|-resisted|p1b: Incineroar|1
|-damage|p1a: Sinistcha|0 fnt
|-damage|p1b: Incineroar|69/100 slp
|faint|p1a: Sinistcha
|cant|p1b: Incineroar|slp
|
|-weather|SunnyDay|[upkeep]
|upkeep
|
|t:|1785655797
|switch|p1a: Staraptor|Staraptor, L50, M|100/100
|-ability|p1a: Staraptor|Intimidate|boost
|-unboost|p2a: THE SUN!|atk|1
|-unboost|p2b: A Diva|atk|1
|turn|3
|
|t:|1785655808
|move|p1a: Staraptor|Protect|p1a: Staraptor
|-singleturn|p1a: Staraptor|Protect
|move|p2a: THE SUN!|Sludge Bomb|p1b: Incineroar
|-damage|p1b: Incineroar|35/100 slp
|-enditem|p1b: Incineroar|Sitrus Berry|[eat]
|-heal|p1b: Incineroar|59/100 slp|[from] item: Sitrus Berry
|move|p2b: A Diva|Heat Wave|p1b: Incineroar|[spread] p1b
|-activate|p1a: Staraptor|move: Protect
|-resisted|p1b: Incineroar|1
|-damage|p1b: Incineroar|31/100 slp
|-curestatus|p1b: Incineroar|slp|[msg]
|move|p1b: Incineroar|Taunt|p2a: THE SUN!
|-start|p2a: THE SUN!|move: Taunt
|
|-weather|SunnyDay|[upkeep]
|upkeep
|turn|4
|inactive|videoasaurus has 30 seconds left.
|
|t:|1785655835
|switch|p2a: Karma|Incineroar, L50, F|100/100
|-ability|p2a: Karma|Intimidate|boost
|-unboost|p1a: Staraptor|atk|1
|-unboost|p1b: Incineroar|atk|1
|detailschange|p1a: Staraptor|Staraptor-Mega, L50, M
|-mega|p1a: Staraptor|Staraptor|Staraptite
|move|p1a: Staraptor|Close Combat|p2a: Karma
|-supereffective|p2a: Karma|1
|-damage|p2a: Karma|22/100
|-boost|p1a: Staraptor|def|1
|-boost|p1a: Staraptor|spd|1
|-enditem|p2a: Karma|Sitrus Berry|[eat]
|-heal|p2a: Karma|47/100|[from] item: Sitrus Berry
|move|p2b: A Diva|Weather Ball|p1a: Staraptor
|-damage|p1a: Staraptor|37/100
|move|p1b: Incineroar|Parting Shot|p2b: A Diva
|-unboost|p2b: A Diva|atk|1
|-unboost|p2b: A Diva|spa|1
|
|t:|1785655851
|switch|p1b: Aegislash|Aegislash, L50, F, shiny|100/100|[from] Parting Shot
|
|-weather|SunnyDay|[upkeep]
|upkeep
|turn|5
|
|t:|1785655875
|move|p1a: Staraptor|Protect|p1a: Staraptor
|-singleturn|p1a: Staraptor|Protect
|move|p2a: Karma|Fake Out|p1a: Staraptor
|-activate|p1a: Staraptor|move: Protect
|-formechange|p1b: Aegislash|Aegislash-Blade|
|move|p1b: Aegislash|Shadow Sneak|p2b: A Diva
|-damage|p2b: A Diva|69/100
|-damage|p1b: Aegislash|90/100|[from] item: Life Orb
|move|p2b: A Diva|Heat Wave|p1a: Staraptor|[spread] p1b
|-activate|p1a: Staraptor|move: Protect
|-supereffective|p1b: Aegislash|1
|-damage|p1b: Aegislash|0 fnt
|faint|p1b: Aegislash
|
|-weather|none
|upkeep
|
|t:|1785655888
|switch|p1b: Incineroar|Incineroar, L50, M|31/100
|-ability|p1b: Incineroar|Intimidate|boost
|-unboost|p2a: Karma|atk|1
|-unboost|p2b: A Diva|atk|1
|turn|6
|
|t:|1785655903
|switch|p2a: DragQueen|Garchomp, L50, F|100/100
|move|p2b: A Diva|Protect|p2b: A Diva
|-singleturn|p2b: A Diva|Protect
|move|p1b: Incineroar|Fake Out|p2b: A Diva
|-activate|p2b: A Diva|move: Protect
|move|p1a: Staraptor|Close Combat|p2a: DragQueen
|-damage|p2a: DragQueen|55/100
|-boost|p1a: Staraptor|def|1
|-boost|p1a: Staraptor|spd|1
|-damage|p1a: Staraptor|25/100|[from] ability: Rough Skin|[of] p2a: DragQueen
|
|upkeep
|turn|7
|
|t:|1785655925
|switch|p2b: THE SUN!|Venusaur, L50, F|85/100
|move|p2a: DragQueen|Rock Slide|p1a: Staraptor|[spread] p1a
|-miss|p2a: DragQueen|p1b: Incineroar
|-damage|p1a: Staraptor|11/100
|-damage|p2a: DragQueen|45/100|[from] item: Life Orb
|move|p1a: Staraptor|Close Combat|p2b: THE SUN!
|-resisted|p2b: THE SUN!|1
|-crit|p2b: THE SUN!
|-damage|p2b: THE SUN!|14/100
|-boost|p1a: Staraptor|def|1
|-boost|p1a: Staraptor|spd|1
|move|p1b: Incineroar|Parting Shot|p1a: Staraptor
|-boost|p1a: Staraptor|atk|1
|-boost|p1a: Staraptor|spa|1
|
|upkeep
|turn|8
|
|t:|1785655947
|switch|p2a: A Diva|Charizard-Mega-Y, L50, F|69/100
|-weather|SunnyDay|[from] ability: Drought|[of] p2a: A Diva
|move|p2b: THE SUN!|Sludge Bomb|p1b: Incineroar
|-damage|p1b: Incineroar|0 fnt
|faint|p1b: Incineroar
|move|p1a: Staraptor|Close Combat|p2b: THE SUN!
|-resisted|p2b: THE SUN!|1
|-damage|p2b: THE SUN!|0 fnt
|-boost|p1a: Staraptor|def|1
|-boost|p1a: Staraptor|spd|1
|faint|p2b: THE SUN!
|
|-weather|SunnyDay|[upkeep]
|upkeep
|
|t:|1785655959
|switch|p2b: DragQueen|Garchomp, L50, F|45/100
|turn|9
|
|t:|1785655964
|move|p2b: DragQueen|Dragon Claw|p1a: Staraptor
|-damage|p1a: Staraptor|0 fnt
|faint|p1a: Staraptor
|-damage|p2b: DragQueen|36/100|[from] item: Life Orb
|
|win|redistr
|l|☆videoasaurus
|player|p1|
||redistr is ready for game 3.
||videoasaurus is ready for game 3.
|uhtml|next|Next: Game 3 of 3
