|j|☆SP-9733
|j|☆owbd
|html|SP-9733owbd    
|uhtml|bestof|Game 2 of a best-of-3
|t:|1784793952
|gametype|doubles
|player|p1|SP-9733|n|1216
|player|p2|owbd|cynthia-gen4|1217
|gen|9
|tier|[Gen 9 Champions] VGC 2026 Reg M-B (Bo3)
|rated|
|rule|Species Clause: Limit one of each Pokémon
|rule|Item Clause: Limit 1 of each item
|clearpoke
|poke|p1|Staraptor, L50, M, shiny|
|poke|p1|Garchomp, L50, F|
|poke|p1|Grimmsnarl, L50, M|
|poke|p1|Sylveon, L50, F, shiny|
|poke|p1|Sinistcha-Masterpiece, L50|
|poke|p1|Blastoise, L50, M|
|poke|p2|Charizard, L50, F|
|poke|p2|Floette-Eternal, L50, F|
|poke|p2|Kingambit, L50, M|
|poke|p2|Garchomp, L50, F|
|poke|p2|Basculegion, L50, M|
|poke|p2|Whimsicott, L50, F|
|teampreview|4
|showteam|p1|Staraptor||Staraptite|Intimidate|CloseCombat,DualWingbeat,Protect,Roost|Jolly||M|||50|]Garchomp||LifeOrb|RoughSkin|StompingTantrum,DragonClaw,Protect,RockSlide|Jolly||F|||50|]Grimmsnarl||LightClay|Prankster|LightScreen,Reflect,PartingShot,SpiritBreak|Careful||M|||50|]Sylveon||FairyFeather|Pixilate|HyperVoice,HyperBeam,Detect,QuickAttack|Quiet||F|||50|]Sinistcha-Masterpiece||ColburBerry|Hospitality|TrickRoom,StrengthSap,RagePowder,MatchaGotcha|Bold|||||50|]Blastoise||Blastoisinite|Torrent|FakeOut,WaterSpout,DarkPulse,ShellSmash|Modest||M|||50|
|showteam|p2|Charizard||CharizarditeY|Blaze|HeatWave,WeatherBall,SolarBeam,Protect|Modest||F|||50|]Floette-Eternal||Floettite|FlowerVeil|Moonblast,DazzlingGleam,LightofRuin,Protect|Modest||F|||50|]Kingambit||BlackGlasses|Defiant|IronHead,KowtowCleave,SuckerPunch,Protect|Adamant||M|||50|]Garchomp||LifeOrb|RoughSkin|RockSlide,DragonClaw,Earthquake,Protect|Jolly||F|||50|]Basculegion||MysticWater|Adaptability|WaveCrash,LastRespects,AquaJet,Protect|Adamant||M|||50|]Whimsicott||FocusSash|Prankster|Moonblast,Encore,Tailwind,Protect|Timid||F|||50|
|inactive|Battle timer is ON: inactive players will automatically lose when time's up. (requested by owbd)
|
|t:|1784793959
|teamsize|p1|4
|teamsize|p2|4
|start
|switch|p1a: Sinistcha|Sinistcha-Masterpiece, L50|100/100
|switch|p1b: Grimmsnarl|Grimmsnarl, L50, M|100/100
|switch|p2a: Floette|Floette-Eternal, L50, F|100/100
|switch|p2b: Whimsicott|Whimsicott, L50, F|100/100
|turn|1
|
|t:|1784793978
|detailschange|p2a: Floette|Floette-Mega, L50, F
|-mega|p2a: Floette|Floette|Floettite
|-ability|p2a: Floette|Fairy Aura
|move|p1b: Grimmsnarl|Light Screen|p1b: Grimmsnarl
|-sidestart|p1: SP-9733|move: Light Screen
|move|p2b: Whimsicott|Moonblast|p1a: Sinistcha
|-damage|p1a: Sinistcha|62/100
|move|p2a: Floette|Light of Ruin|p1b: Grimmsnarl
|-supereffective|p1b: Grimmsnarl|1
|-crit|p1b: Grimmsnarl
|-damage|p1b: Grimmsnarl|0 fnt
|faint|p1b: Grimmsnarl
|-damage|p2a: Floette|33/100|[from] Recoil
|move|p1a: Sinistcha|Trick Room|p1a: Sinistcha
|-fieldstart|move: Trick Room|[of] p1a: Sinistcha
|
|upkeep
|inactive|SP-9733 has 30 seconds left.
|
|t:|1784794006
|switch|p1b: Blastoise|Blastoise, L50, M|100/100
|turn|2
|
|t:|1784794019
|switch|p1a: Sylveon|Sylveon, L50, F, shiny|100/100
|switch|p2a: Basculegion|Basculegion, L50, M|100/100
|detailschange|p1b: Blastoise|Blastoise-Mega, L50, M
|-mega|p1b: Blastoise|Blastoise|Blastoisinite
|move|p1b: Blastoise|Water Spout|p2a: Basculegion|[spread] p2a,p2b
|-resisted|p2a: Basculegion|1
|-resisted|p2b: Whimsicott|1
|-damage|p2a: Basculegion|63/100
|-damage|p2b: Whimsicott|48/100
|move|p2b: Whimsicott|Moonblast|p1b: Blastoise
|-crit|p1b: Blastoise
|-damage|p1b: Blastoise|54/100
|-unboost|p1b: Blastoise|spa|1
|
|upkeep
|turn|3
|inactive|owbd has 30 seconds left.
|
|t:|1784794045
|move|p2b: Whimsicott|Encore|p1b: Blastoise
|-start|p1b: Blastoise|Encore
|move|p1a: Sylveon|Hyper Voice|p2a: Basculegion|[spread] p2a,p2b
|-crit|p2a: Basculegion
|-damage|p2a: Basculegion|0 fnt
|-damage|p2b: Whimsicott|0 fnt
|faint|p2a: Basculegion
|faint|p2b: Whimsicott
|move|p1b: Blastoise|Water Spout|p2: Basculegion|[notarget]
|-fail|p1b: Blastoise
|
|upkeep
|
|t:|1784794055
|switch|p2a: Floette|Floette-Mega, L50, F|33/100
|switch|p2b: Kingambit|Kingambit, L50, M|100/100
|-ability|p2a: Floette|Fairy Aura
|turn|4
|
|t:|1784794065
|switch|p1b: Sinistcha|Sinistcha-Masterpiece, L50|62/100
|move|p1a: Sylveon|Detect|p1a: Sylveon
|-singleturn|p1a: Sylveon|Protect
|move|p2b: Kingambit|Iron Head|p1a: Sylveon
|-activate|p1a: Sylveon|move: Protect
|move|p2a: Floette|Dazzling Gleam|p1a: Sylveon|[spread] p1b
|-activate|p1a: Sylveon|move: Protect
|-damage|p1b: Sinistcha|28/100
|
|upkeep
|turn|5
|
|t:|1784794081
|switch|p1b: Blastoise|Blastoise-Mega, L50, M|54/100
|move|p2b: Kingambit|Protect|p2b: Kingambit
|-singleturn|p2b: Kingambit|Protect
|move|p2a: Floette|Protect|p2a: Floette
|-singleturn|p2a: Floette|Protect
|move|p1a: Sylveon|Hyper Voice|p2a: Floette|[spread] 
|-activate|p2a: Floette|move: Protect
|-activate|p2b: Kingambit|move: Protect
|
|-fieldend|move: Trick Room
|upkeep
|turn|6
|
|t:|1784794094
|move|p1b: Blastoise|Fake Out|p2b: Kingambit
|-resisted|p2b: Kingambit|1
|-damage|p2b: Kingambit|96/100
|move|p2a: Floette|Dazzling Gleam|p1b: Blastoise|[spread] p1a,p1b
|-damage|p1a: Sylveon|74/100
|-damage|p1b: Blastoise|23/100
|cant|p2b: Kingambit|flinch
|move|p1a: Sylveon|Hyper Voice|p2b: Kingambit|[spread] p2a,p2b
|-damage|p2a: Floette|0 fnt
|-damage|p2b: Kingambit|26/100
|faint|p2a: Floette
|
|upkeep
|turn|7
|
|t:|1784794110
|switch|p1b: Sinistcha|Sinistcha-Masterpiece, L50|28/100
|-heal|p1a: Sylveon|99/100|[from] ability: Hospitality|[of] p1b: Sinistcha
|move|p1a: Sylveon|Detect|p1a: Sylveon
|-singleturn|p1a: Sylveon|Protect
|move|p2b: Kingambit|Iron Head|p1a: Sylveon
|-activate|p1a: Sylveon|move: Protect
|
|upkeep
|turn|8
|
|t:|1784794122
|move|p1b: Sinistcha|Rage Powder|p1b: Sinistcha
|-singleturn|p1b: Sinistcha|move: Rage Powder
|move|p2b: Kingambit|Iron Head|p1b: Sinistcha
|-damage|p1b: Sinistcha|0 fnt
|faint|p1b: Sinistcha
|move|p1a: Sylveon|Hyper Voice|p2b: Kingambit
|-damage|p2b: Kingambit|0 fnt
|faint|p2b: Kingambit
|
|win|SP-9733
||SP-9733 is ready for game 3.
||owbd is ready for game 3.
|uhtml|next|Next: Game 3 of 3
|l|☆SP-9733
|player|p1|
