|j|☆L1mun
|j|☆Sogerto
|html|L1munSogerto    
|uhtml|bestof|Game 2 of a best-of-3
|t:|1757790186
|gametype|doubles
|player|p1|L1mun|flint|
|player|p2|Sogerto|170|
|gen|9
|tier|[Gen 9] VGC 2025 Reg H (Bo3)
|rule|Species Clause: Limit one of each Pokémon
|rule|Item Clause: Limit 1 of each item
|clearpoke
|poke|p1|Armarouge, L50, F|
|poke|p1|Indeedee-F, L50, F|
|poke|p1|Ursaluna-Bloodmoon, L50, M|
|poke|p1|Hatterene, L50, F|
|poke|p1|Amoonguss, L50, M|
|poke|p1|Gallade, L50, M|
|poke|p2|Indeedee-F, L50, F|
|poke|p2|Hatterene, L50, F|
|poke|p2|Gallade, L50, M|
|poke|p2|Ursaluna, L50, M|
|poke|p2|Lilligant-Hisui, L50, F|
|poke|p2|Torkoal, L50, M|
|teampreview|4
|showteam|p1|Armarouge||PowerHerb|FlashFire|ExpandingForce,ArmorCannon,Protect,MeteorBeam|||F|||50|,,,,,Psychic]Indeedee-F||SafetyGoggles|PsychicSurge|FollowMe,Psychic,HelpingHand,TrickRoom|||F|||50|,,,,,Dragon]Ursaluna-Bloodmoon||LifeOrb|MindsEye|HyperVoice,BloodMoon,EarthPower,Protect|||M|||50|,,,,,Normal]Hatterene||CovertCloak|MagicBounce|ExpandingForce,DazzlingGleam,TrickRoom,Protect|||F|||50|,,,,,Water]Amoonguss||SitrusBerry|Regenerator|PollenPuff,SludgeBomb,Spore,RagePowder|||M|||50|,,,,,Water]Gallade||ClearAmulet|Sharpness|WideGuard,TrickRoom,SacredSword,PsychoCut|||M|||50|,,,,,Fighting
|showteam|p2|Indeedee-F||PsychicSeed|PsychicSurge|TrickRoom,FollowMe,HelpingHand,DazzlingGleam|||F|||50|,,,,,Fire]Hatterene||LifeOrb|MagicBounce|ExpandingForce,TrickRoom,DazzlingGleam,Protect|||F|||50|,,,,,Psychic]Gallade||ClearAmulet|Sharpness|PsychoCut,TrickRoom,SacredSword,WideGuard|||M|||50|,,,,,Grass]Ursaluna||FlameOrb|Guts|HeadlongRush,Facade,SwordsDance,Protect|||M|||50|,,,,,Water]Lilligant-Hisui||FocusSash|Chlorophyll|SolarBlade,SleepPowder,CloseCombat,AfterYou|||F|||50|,,,,,Ghost]Torkoal||ChoiceSpecs|Drought|Eruption,HeatWave,WeatherBall,EarthPower|||M|||50|,,,,,Fire
|j| ZhiZhi<3
|j| Javy Moment
|j| rangersxx30
|j| Shorknado
|
|t:|1757790243
|teamsize|p1|4
|teamsize|p2|4
|start
|switch|p1a: Hatterene|Hatterene, L50, F|100/100
|switch|p1b: Indeedee|Indeedee-F, L50, F|100/100
|switch|p2a: Gareth|Indeedee-F, L50, F|100/100
|switch|p2b: Steve|Hatterene, L50, F, shiny|100/100
|-fieldstart|move: Psychic Terrain|[from] ability: Psychic Surge|[of] p1b: Indeedee
|-enditem|p2a: Gareth|Psychic Seed
|-boost|p2a: Gareth|spd|1|[from] item: Psychic Seed
|turn|1
|
|t:|1757790272
|move|p1b: Indeedee|Helping Hand|p1a: Hatterene
|-singleturn|p1a: Hatterene|Helping Hand|[of] p1b: Indeedee
|move|p2a: Gareth|Helping Hand|p2b: Steve
|-singleturn|p2b: Steve|Helping Hand|[of] p2a: Gareth
|move|p1a: Hatterene|Expanding Force|p2b: Steve|[spread] p2a,p2b
|-resisted|p2a: Gareth
|-resisted|p2b: Steve
|-damage|p2a: Gareth|68/100
|-damage|p2b: Steve|40/100
|move|p2b: Steve|Expanding Force|p1b: Indeedee|[spread] p1a,p1b
|-resisted|p1a: Hatterene
|-resisted|p1b: Indeedee
|-damage|p1a: Hatterene|29/100
|-damage|p1b: Indeedee|38/100
|-damage|p2b: Steve|31/100|[from] item: Life Orb
|
|upkeep
|turn|2
|c| rangersxx30|spider man meme
|c| rangersxx30|great turn guys
|
|t:|1757790296
|move|p1b: Indeedee|Helping Hand|p1a: Hatterene
|-singleturn|p1a: Hatterene|Helping Hand|[of] p1b: Indeedee
|move|p2b: Steve|Protect|p2b: Steve
|-singleturn|p2b: Steve|Protect
|move|p1a: Hatterene|Expanding Force|p2b: Steve|[spread] p2a
|-activate|p2b: Steve|move: Protect
|-resisted|p2a: Gareth
|-damage|p2a: Gareth|37/100
|move|p2a: Gareth|Trick Room|p2a: Gareth
|-fieldstart|move: Trick Room|[of] p2a: Gareth
|
|upkeep
|turn|3
|
|t:|1757790312
|move|p2a: Gareth|Helping Hand|p2b: Steve
|-singleturn|p2b: Steve|Helping Hand|[of] p2a: Gareth
|move|p1a: Hatterene|Protect|p1a: Hatterene
|-singleturn|p1a: Hatterene|Protect
|move|p2b: Steve|Expanding Force|p1b: Indeedee|[spread] p1b
|-activate|p1a: Hatterene|move: Protect
|-resisted|p1b: Indeedee
|-damage|p1b: Indeedee|0 fnt
|faint|p1b: Indeedee
|-damage|p2b: Steve|21/100|[from] item: Life Orb
|
|upkeep
|
|t:|1757790325
|switch|p1b: Armarouge|Armarouge, L50, F|100/100
|turn|4
|c| Javy Moment|Good fucking play soggy
|c| rangersxx30|well
|c| rangersxx30|they're going band for band
|
|t:|1757790360
|move|p2a: Gareth|Helping Hand|p2b: Steve
|-singleturn|p2b: Steve|Helping Hand|[of] p2a: Gareth
|move|p1a: Hatterene|Expanding Force|p2a: Gareth|[spread] p2a,p2b
|-resisted|p2a: Gareth
|-resisted|p2b: Steve
|-damage|p2a: Gareth|16/100
|-damage|p2b: Steve|0 fnt
|faint|p2b: Steve
|move|p1b: Armarouge|Expanding Force|p2a: Gareth
|-resisted|p2a: Gareth
|-damage|p2a: Gareth|0 fnt
|faint|p2a: Gareth
|
|upkeep
|c|☆Sogerto|i just went band for band slightly earlier and now i no longer do
|
|t:|1757790376
|switch|p2b: Penelope|Gallade, L50, M, shiny|100/100
|switch|p2a: Daisy|Ursaluna, L50, M|100/100
|turn|5
|c| Javy Moment|Oh
|c| Javy Moment|it was a speed tie all along
|c| Javy Moment|what a catastrophe
|l| Javy Moment
|c| rangersxx30|i fuckin hope so bro
|j| Javy Moment
|
|t:|1757790419
|move|p1b: Armarouge|Protect|p1b: Armarouge
|-singleturn|p1b: Armarouge|Protect
|move|p2a: Daisy|Headlong Rush|p1b: Armarouge
|-activate|p1b: Armarouge|move: Protect
|move|p2b: Penelope|Psycho Cut|p1b: Armarouge
|-activate|p1b: Armarouge|move: Protect
|move|p1a: Hatterene|Trick Room|p1a: Hatterene
|-fieldend|move: Trick Room
|
|-fieldend|move: Psychic Terrain
|-status|p2a: Daisy|brn|[from] item: Flame Orb
|upkeep
|turn|6
|c| rangersxx30|wait
|c| rangersxx30|lowkey cooking
|
|t:|1757790467
|-terastallize|p1b: Armarouge|Psychic
|move|p2b: Penelope|Psycho Cut|p1a: Hatterene
|-resisted|p1a: Hatterene
|-damage|p1a: Hatterene|0 fnt
|faint|p1a: Hatterene
|move|p1b: Armarouge|Armor Cannon|p2a: Daisy
|-damage|p2a: Daisy|41/100 brn
|-unboost|p1b: Armarouge|def|1
|-unboost|p1b: Armarouge|spd|1
|move|p2a: Daisy|Headlong Rush|p1b: Armarouge
|-damage|p1b: Armarouge|0 fnt
|-unboost|p2a: Daisy|def|1
|-unboost|p2a: Daisy|spd|1
|faint|p1b: Armarouge
|
|-damage|p2a: Daisy|35/100 brn|[from] brn
|upkeep
|
|t:|1757790476
|switch|p1a: Ursaluna|Ursaluna-Bloodmoon, L50, M|100/100
|turn|7
|c| rangersxx30|ok we cooked a little too close to the sun lmao
|
|t:|1757790504
|move|p2b: Penelope|Sacred Sword|p1a: Ursaluna
|-supereffective|p1a: Ursaluna
|-damage|p1a: Ursaluna|0 fnt
|faint|p1a: Ursaluna
|
|win|Sogerto
||L1mun is ready for game 3.
||Sogerto is ready for game 3.
|uhtml|next|Next: Game 3 of 3
