|j|鈽哹lfuller_4
|j|鈽哛egionalModeSlow
|html|blfuller_4RegionalModeSlow    
|uhtml|bestof|Game 2 of a best-of-3
|t:|1756316492
|gametype|doubles
|player|p1|blfuller_4|2|1160
|player|p2|RegionalModeSlow|steven|1104
|gen|9
|tier|[Gen 9] VGC 2025 Reg H (Bo3)
|rated|
|rule|Species Clause: Limit one of each Pok茅mon
|rule|Item Clause: Limit 1 of each item
|clearpoke
|poke|p1|Tyranitar, L50, F|
|poke|p1|Sneasler, L50, M|
|poke|p1|Indeedee, L50, M|
|poke|p1|Gholdengo, L50|
|poke|p1|Incineroar, L50, M|
|poke|p1|Amoonguss, L50, M|
|poke|p2|Noivern, L50, M|
|poke|p2|Weezing-Galar, L50, M|
|poke|p2|Gholdengo, L50|
|poke|p2|Garchomp, L50, M|
|poke|p2|Annihilape, L50, M|
|poke|p2|Magmar, L50, F|
|teampreview|4
|showteam|p1|Tyranitar||AssaultVest|SandStream|RockSlide,TeraBlast,KnockOff,LowKick|||F|||50|,,,,,Flying]Sneasler||PsychicSeed|Unburden|ThroatChop,Protect,CloseCombat,DireClaw|||M|||50|,,,,,Dark]Indeedee||ChoiceScarf|PsychicSurge|ExpandingForce,DazzlingGleam,ShadowBall,Trick|||M|||50|,,,,,Psychic]Gholdengo||ChoiceSpecs|GoodasGold|MakeItRain,ShadowBall,Thunderbolt,PowerGem||||||50|,,,,,Dragon]Incineroar||SafetyGoggles|Intimidate|FlareBlitz,KnockOff,PartingShot,FakeOut|||M|||50|,,,,,Ghost]Amoonguss||CovertCloak|Regenerator|Spore,RagePowder,GrassKnot,Protect|||M|||50|,,,,,Psychic
|showteam|p2|Noivern||CovertCloak|Telepathy|AirSlash,SuperFang,Tailwind,Taunt|||M|||50|,,,,,Steel]Weezing-Galar||ChoiceSpecs|NeutralizingGas|DazzlingGleam,SludgeBomb,StrangeSteam,Flamethrower|||M|||50|,,,,,Flying]Gholdengo||MetalCoat|GoodasGold|MakeItRain,ShadowBall,NastyPlot,Protect||||||50|,,,,,Flying]Garchomp||LifeOrb|RoughSkin|DragonClaw,Earthquake,StompingTantrum,Protect|||M|||50|,,,,,Ground]Annihilape||AssaultVest|Defiant|CloseCombat,ShadowClaw,FinalGambit,Uturn|||M|||50|,,,,,Stellar]Magmar||Eviolite|VitalSpirit|HeatWave,WillOWisp,FollowMe,Protect|||F|||50|,,,,,Ghost
|inactive|Battle timer is ON: inactive players will automatically lose when time's up. (requested by RegionalModeSlow)
|inactive|RegionalModeSlow has 60 seconds left.
|
|t:|1756316527
|teamsize|p1|4
|teamsize|p2|4
|start
|switch|p1a: Sneasler|Sneasler, L50, M|100/100
|switch|p1b: Indeedee|Indeedee, L50, M|100/100
|switch|p2a: Magmar|Magmar, L50, F|100/100
|switch|p2b: Steely Dan|Gholdengo, L50, shiny|100/100
|-fieldstart|move: Psychic Terrain|[from] ability: Psychic Surge|[of] p1b: Indeedee
|-enditem|p1a: Sneasler|Psychic Seed
|-boost|p1a: Sneasler|spd|1|[from] item: Psychic Seed
|turn|1
|
|t:|1756316548
|move|p2b: Steely Dan|Protect|p2b: Steely Dan
|-singleturn|p2b: Steely Dan|Protect
|move|p1a: Sneasler|Dire Claw|p2a: Magmar
|-damage|p2a: Magmar|65/100
|move|p1b: Indeedee|Expanding Force|p2a: Magmar|[spread] p2a
|-activate|p2b: Steely Dan|move: Protect
|-damage|p2a: Magmar|25/100
|move|p2a: Magmar|Will-O-Wisp|p1a: Sneasler
|-status|p1a: Sneasler|brn
|
|-damage|p1a: Sneasler|94/100 brn|[from] brn
|upkeep
|turn|2
|
|t:|1756316564
|move|p2a: Magmar|Follow Me|p2a: Magmar
|-singleturn|p2a: Magmar|move: Follow Me
|move|p1a: Sneasler|Close Combat|p2a: Magmar
|-damage|p2a: Magmar|0 fnt
|-unboost|p1a: Sneasler|def|1
|-unboost|p1a: Sneasler|spd|1
|faint|p2a: Magmar
|move|p1b: Indeedee|Expanding Force|p2b: Steely Dan
|-resisted|p2b: Steely Dan
|-damage|p2b: Steely Dan|66/100
|move|p2b: Steely Dan|Nasty Plot|p2b: Steely Dan
|-boost|p2b: Steely Dan|spa|2
|
|-damage|p1a: Sneasler|88/100 brn|[from] brn
|upkeep
|
|t:|1756316568
|switch|p2a: Ozzy|Noivern, L50, M|100/100
|turn|3
|
|t:|1756316583
|-terastallize|p2a: Ozzy|Steel
|move|p2b: Steely Dan|Protect|p2b: Steely Dan
|-singleturn|p2b: Steely Dan|Protect
|move|p1a: Sneasler|Dire Claw|p2a: Ozzy
|-immune|p2a: Ozzy
|move|p1b: Indeedee|Expanding Force|p2a: Ozzy|[spread] p2a
|-activate|p2b: Steely Dan|move: Protect
|-resisted|p2a: Ozzy
|-damage|p2a: Ozzy|66/100
|move|p2a: Ozzy|Tailwind|p2a: Ozzy
|-sidestart|p2: RegionalModeSlow|move: Tailwind
|
|-damage|p1a: Sneasler|82/100 brn|[from] brn
|upkeep
|turn|4
|
|t:|1756316604
|switch|p2a: Purple馃挏Haze|Weezing-Galar, L50, M|100/100
|-ability|p2a: Purple馃挏Haze|Neutralizing Gas
|-terastallize|p1a: Sneasler|Dark
|move|p2b: Steely Dan|Make It Rain|p1b: Indeedee|[spread] p1a,p1b
|-damage|p1a: Sneasler|0 fnt
|-damage|p1b: Indeedee|0 fnt
|-unboost|p2b: Steely Dan|spa|1
|faint|p1a: Sneasler
|faint|p1b: Indeedee
|
|upkeep
|
|t:|1756316618
|switch|p1a: Amoonguss|Amoonguss, L50, M|100/100
|switch|p1b: Gholdengo|Gholdengo, L50|100/100
|turn|5
|
|t:|1756316630
|move|p1a: Amoonguss|Rage Powder|p1a: Amoonguss
|-singleturn|p1a: Amoonguss|move: Rage Powder
|move|p2b: Steely Dan|Make It Rain|p1a: Amoonguss|[spread] p1a,p1b
|-resisted|p1b: Gholdengo
|-damage|p1a: Amoonguss|35/100
|-damage|p1b: Gholdengo|54/100
|-unboost|p2b: Steely Dan|spa|1
|move|p2a: Purple馃挏Haze|Flamethrower|p1a: Amoonguss
|-supereffective|p1a: Amoonguss
|-damage|p1a: Amoonguss|0 fnt
|faint|p1a: Amoonguss
|move|p1b: Gholdengo|Shadow Ball|p2b: Steely Dan
|-supereffective|p2b: Steely Dan
|-damage|p2b: Steely Dan|0 fnt
|faint|p2b: Steely Dan
|
|-fieldend|move: Psychic Terrain
|upkeep
|
|t:|1756316636
|switch|p2b: Ozzy|Noivern, L50, M, tera:Steel|66/100
|turn|6
|
|t:|1756316643
|move|p2b: Ozzy|Air Slash|p1b: Gholdengo
|-resisted|p1b: Gholdengo
|-damage|p1b: Gholdengo|40/100
|move|p2a: Purple馃挏Haze|Flamethrower|p1b: Gholdengo
|-supereffective|p1b: Gholdengo
|-damage|p1b: Gholdengo|0 fnt
|faint|p1b: Gholdengo
|
|win|RegionalModeSlow
|raw|blfuller_4's rating: 1160 → 1131(-29 for losing)
|raw|RegionalModeSlow's rating: 1104 → 1133(+29 for winning)
