|j|☆Person_McSomeone
|j|☆Ganondorth
|html|Person_McSomeoneGanondorth    
|uhtml|bestof|Game 3 of a best-of-3
|t:|1784971185
|gametype|doubles
|player|p1|Person_McSomeone|bryony|1031
|player|p2|Ganondorth|ghetsis|1223
|gen|9
|tier|[Gen 9 Champions] VGC 2026 Reg M-B (Bo3)
|rated|
|rule|Species Clause: Limit one of each Pokémon
|rule|Item Clause: Limit 1 of each item
|clearpoke
|poke|p1|Swampert, L50, M|
|poke|p1|Pelipper, L50, M|
|poke|p1|Archaludon, L50, F|
|poke|p1|Venusaur, L50, F|
|poke|p1|Kingambit, L50, M|
|poke|p1|Grimmsnarl, L50, M|
|poke|p2|Archaludon, L50, M|
|poke|p2|Swampert, L50, F|
|poke|p2|Politoed, L50, F|
|poke|p2|Sinistcha-Masterpiece, L50|
|poke|p2|Gengar, L50, F|
|poke|p2|Incineroar, L50, M|
|teampreview|4
|showteam|p1|Swampert||Swampertite|Damp|IcePunch,WaveCrash,HighHorsepower,Protect|Adamant||M|||50|]Pelipper||SitrusBerry|Drizzle|Tailwind,WeatherBall,Hurricane,Protect|Timid||M|||50|]Archaludon||Leftovers|Stamina|ElectroShot,DracoMeteor,AuraSphere,Protect|Modest||F|||50|]Venusaur||Venusaurite|Chlorophyll|EarthPower,GigaDrain,LeechSeed,Protect|Modest||F|||50|]Kingambit||OccaBerry|Defiant|SuckerPunch,KowtowCleave,IronHead,Protect|Adamant||M|||50|]Grimmsnarl||LightClay|Prankster|Reflect,LightScreen,ScaryFace,SpiritBreak|Careful||M|||50|
|showteam|p2|Archaludon||Leftovers|Stamina|ElectroShot,AuraSphere,DragonPulse,Protect|Modest||M|||50|]Swampert||Swampertite|Torrent|HighHorsepower,RockSlide,WaveCrash,Protect|Adamant||F|||50|]Politoed||SitrusBerry|Drizzle|PerishSong,WeatherBall,Encore,Protect|Bold||F|||50|]Sinistcha-Masterpiece||CobaBerry|Hospitality|RagePowder,LifeDew,MatchaGotcha,Protect|Calm|||||50|]Gengar||Gengarite|CursedBody|PerishSong,ShadowBall,SludgeBomb,Protect|Timid||F|||50|]Incineroar||PasshoBerry|Intimidate|FakeOut,PartingShot,Protect,ThroatChop|Impish||M|||50|
|inactive|Battle timer is ON: inactive players will automatically lose when time's up. (requested by Person_McSomeone)
|
|t:|1784971199
|teamsize|p1|4
|teamsize|p2|4
|start
|switch|p1a: Archaludon|Archaludon, L50, F|100/100
|switch|p1b: Kingambit|Kingambit, L50, M|100/100
|switch|p2a: Gengar|Gengar, L50, F|100/100
|switch|p2b: Sinistcha|Sinistcha-Masterpiece, L50|100/100
|turn|1
|
|t:|1784971218
|detailschange|p2a: Gengar|Gengar-Mega, L50, F
|-mega|p2a: Gengar|Gengar|Gengarite
|move|p1a: Archaludon|Protect|p1a: Archaludon
|-singleturn|p1a: Archaludon|Protect
|move|p2b: Sinistcha|Rage Powder|p2b: Sinistcha
|-singleturn|p2b: Sinistcha|move: Rage Powder
|move|p2a: Gengar|Perish Song|p2a: Gengar
|-start|p1a: Archaludon|perish3|[silent]
|-start|p1b: Kingambit|perish3|[silent]
|-start|p2a: Gengar|perish3|[silent]
|-start|p2b: Sinistcha|perish3|[silent]
|-fieldactivate|move: Perish Song
|move|p1b: Kingambit|Kowtow Cleave|p2b: Sinistcha
|-supereffective|p2b: Sinistcha|1
|-damage|p2b: Sinistcha|11/100
|
|-start|p2a: Gengar|perish3
|-start|p1a: Archaludon|perish3
|-start|p2b: Sinistcha|perish3
|-start|p1b: Kingambit|perish3
|upkeep
|turn|2
|
|t:|1784971236
|move|p2a: Gengar|Protect|p2a: Gengar
|-singleturn|p2a: Gengar|Protect
|move|p1a: Archaludon|Protect|p1a: Archaludon
|-singleturn|p1a: Archaludon|Protect
|move|p2b: Sinistcha|Protect|p2b: Sinistcha
|-singleturn|p2b: Sinistcha|Protect
|move|p1b: Kingambit|Kowtow Cleave|p2b: Sinistcha
|-activate|p2b: Sinistcha|move: Protect
|
|-start|p2a: Gengar|perish2
|-start|p1a: Archaludon|perish2
|-start|p2b: Sinistcha|perish2
|-start|p1b: Kingambit|perish2
|upkeep
|turn|3
|
|t:|1784971259
|switch|p2a: Incineroar|Incineroar, L50, M|100/100
|-ability|p2a: Incineroar|Intimidate|boost
|-unboost|p1a: Archaludon|atk|1
|-unboost|p1b: Kingambit|atk|1
|-ability|p1b: Kingambit|Defiant|boost
|-boost|p1b: Kingambit|atk|2
|switch|p2b: Politoed|Politoed, L50, F|100/100
|-weather|RainDance|[from] ability: Drizzle|[of] p2b: Politoed
|move|p1a: Archaludon|Draco Meteor|p2a: Incineroar
|-damage|p2a: Incineroar|46/100
|-unboost|p1a: Archaludon|spa|2
|move|p1b: Kingambit|Kowtow Cleave|p2b: Politoed
|-damage|p2b: Politoed|36/100
|-enditem|p2b: Politoed|Sitrus Berry|[eat]
|-heal|p2b: Politoed|61/100|[from] item: Sitrus Berry
|
|-weather|RainDance|[upkeep]
|-start|p1a: Archaludon|perish1
|-start|p1b: Kingambit|perish1
|upkeep
|turn|4
|inactive|Ganondorth has 30 seconds left.
|
|t:|1784971286
|switch|p2b: Gengar|Gengar-Mega, L50, F|100/100
|move|p1a: Archaludon|Electro Shot||[still]
|-prepare|p1a: Archaludon|Electro Shot
|-boost|p1a: Archaludon|spa|1
|-anim|p1a: Archaludon|Electro Shot|p2a: Incineroar
|-damage|p2a: Incineroar|21/100
|move|p2a: Incineroar|Parting Shot|p1b: Kingambit
|-unboost|p1b: Kingambit|atk|1
|-ability|p1b: Kingambit|Defiant|boost
|-boost|p1b: Kingambit|atk|2
|-unboost|p1b: Kingambit|spa|1
|-ability|p1b: Kingambit|Defiant|boost
|-boost|p1b: Kingambit|atk|2
|
|t:|1784971303
|switch|p2a: Sinistcha|Sinistcha-Masterpiece, L50|11/100|[from] Parting Shot
|move|p1b: Kingambit|Kowtow Cleave|p2b: Gengar
|-supereffective|p2b: Gengar|1
|-damage|p2b: Gengar|0 fnt
|faint|p2b: Gengar
|
|-weather|RainDance|[upkeep]
|-start|p1a: Archaludon|perish0
|-start|p1b: Kingambit|perish0
|upkeep
|faint|p1a: Archaludon
|faint|p1b: Kingambit
|
|t:|1784971321
|switch|p2b: Incineroar|Incineroar, L50, M|21/100
|switch|p1a: Grimmsnarl|Grimmsnarl, L50, M|100/100
|switch|p1b: Venusaur|Venusaur, L50, F|100/100
|-ability|p2b: Incineroar|Intimidate|boost
|-unboost|p1a: Grimmsnarl|atk|1
|-unboost|p1b: Venusaur|atk|1
|turn|5
|
|t:|1784971335
|detailschange|p1b: Venusaur|Venusaur-Mega, L50, F
|-mega|p1b: Venusaur|Venusaur|Venusaurite
|move|p2b: Incineroar|Fake Out|p1b: Venusaur
|-damage|p1b: Venusaur|92/100
|move|p1a: Grimmsnarl|Light Screen|p1a: Grimmsnarl
|-sidestart|p1: Person_McSomeone|move: Light Screen
|cant|p1b: Venusaur|flinch
|move|p2a: Sinistcha|Life Dew|p2a: Sinistcha|[spread] p2a,p2b
|-heal|p2a: Sinistcha|36/100
|-heal|p2b: Incineroar|46/100
|
|-weather|RainDance|[upkeep]
|upkeep
|turn|6
|
|t:|1784971350
|move|p2b: Incineroar|Protect|p2b: Incineroar
|-singleturn|p2b: Incineroar|Protect
|move|p1b: Venusaur|Earth Power|p2b: Incineroar
|-activate|p2b: Incineroar|move: Protect
|move|p2a: Sinistcha|Life Dew|p2a: Sinistcha|[spread] p2a,p2b
|-heal|p2a: Sinistcha|61/100
|-heal|p2b: Incineroar|71/100
|move|p1a: Grimmsnarl|Spirit Break|p2a: Sinistcha
|-damage|p2a: Sinistcha|44/100
|-unboost|p2a: Sinistcha|spa|1
|
|-weather|RainDance|[upkeep]
|upkeep
|turn|7
|
|t:|1784971369
|move|p2a: Sinistcha|Rage Powder|p2a: Sinistcha
|-singleturn|p2a: Sinistcha|move: Rage Powder
|move|p1a: Grimmsnarl|Reflect|p1a: Grimmsnarl
|-sidestart|p1: Person_McSomeone|Reflect
|move|p1b: Venusaur|Leech Seed|p2b: Incineroar
|-start|p2b: Incineroar|move: Leech Seed
|move|p2b: Incineroar|Throat Chop|p1b: Venusaur
|-damage|p1b: Venusaur|77/100
|-start|p1b: Venusaur|Throat Chop|[silent]
|
|-weather|none
|-damage|p2b: Incineroar|59/100|[from] Leech Seed|[of] p1b: Venusaur
|-heal|p1b: Venusaur|90/100|[silent]
|upkeep
|turn|8
|
|t:|1784971383
|switch|p2b: Politoed|Politoed, L50, F|61/100
|-weather|RainDance|[from] ability: Drizzle|[of] p2b: Politoed
|move|p1b: Venusaur|Earth Power|p2b: Politoed
|-damage|p2b: Politoed|34/100
|-unboost|p2b: Politoed|spd|1
|move|p2a: Sinistcha|Matcha Gotcha|p1a: Grimmsnarl|[spread] p1a,p1b
|-resisted|p1b: Venusaur|2
|-damage|p1a: Grimmsnarl|90/100
|-heal|p2a: Sinistcha|50/100y|[from] drain|[of] p1a: Grimmsnarl
|-damage|p1b: Venusaur|88/100
|-heal|p2a: Sinistcha|51/100|[from] drain|[of] p1b: Venusaur
|move|p1a: Grimmsnarl|Spirit Break|p2a: Sinistcha
|-damage|p2a: Sinistcha|33/100
|-unboost|p2a: Sinistcha|spa|1
|
|-weather|RainDance|[upkeep]
|-end|p1b: Venusaur|Throat Chop|[silent]
|upkeep
|turn|9
|inactive|Person_McSomeone has 30 seconds left.
|
|t:|1784971409
|switch|p2b: Incineroar|Incineroar, L50, M|59/100
|-ability|p2b: Incineroar|Intimidate|boost
|-unboost|p1a: Grimmsnarl|atk|1
|-unboost|p1b: Venusaur|atk|1
|move|p1b: Venusaur|Giga Drain|p2b: Incineroar
|-resisted|p2b: Incineroar|1
|-damage|p2b: Incineroar|43/100
|-heal|p1b: Venusaur|96/100|[from] drain|[of] p2b: Incineroar
|move|p2a: Sinistcha|Matcha Gotcha|p1a: Grimmsnarl|[spread] p1a
|-miss|p2a: Sinistcha|p1b: Venusaur
|-damage|p1a: Grimmsnarl|82/100
|-heal|p2a: Sinistcha|38/100|[from] drain|[of] p1a: Grimmsnarl
|-status|p1a: Grimmsnarl|brn
|move|p1a: Grimmsnarl|Spirit Break|p2a: Sinistcha
|-damage|p2a: Sinistcha|31/100
|-unboost|p2a: Sinistcha|spa|1
|
|-weather|RainDance|[upkeep]
|-damage|p1a: Grimmsnarl|76/100 brn|[from] brn
|upkeep
|turn|10
|
|t:|1784971434
|move|p2b: Incineroar|Fake Out|p1b: Venusaur
|-damage|p1b: Venusaur|91/100
|cant|p1b: Venusaur|flinch
|move|p2a: Sinistcha|Life Dew|p2a: Sinistcha|[spread] p2a,p2b
|-heal|p2a: Sinistcha|56/100
|-heal|p2b: Incineroar|68/100
|move|p1a: Grimmsnarl|Spirit Break|p2a: Sinistcha
|-damage|p2a: Sinistcha|50/100g
|-unboost|p2a: Sinistcha|spa|1
|
|-weather|RainDance|[upkeep]
|-damage|p1a: Grimmsnarl|70/100 brn|[from] brn
|upkeep
|turn|11
|
|t:|1784971447
|move|p2b: Incineroar|Protect|p2b: Incineroar
|-singleturn|p2b: Incineroar|Protect
|move|p1b: Venusaur|Leech Seed|p2b: Incineroar
|-activate|p2b: Incineroar|move: Protect
|move|p2a: Sinistcha|Matcha Gotcha|p1b: Venusaur|[spread] p1a,p1b
|-crit|p1a: Grimmsnarl
|-resisted|p1b: Venusaur|2
|-damage|p1a: Grimmsnarl|36/100 brn
|-heal|p2a: Sinistcha|70/100|[from] drain|[of] p1a: Grimmsnarl
|-damage|p1b: Venusaur|90/100
|-heal|p2a: Sinistcha|71/100|[from] drain|[of] p1b: Venusaur
|-status|p1b: Venusaur|brn
|move|p1a: Grimmsnarl|Spirit Break|p2a: Sinistcha
|-damage|p2a: Sinistcha|64/100
|-unboost|p2a: Sinistcha|spa|1
|
|-weather|RainDance|[upkeep]
|-damage|p1b: Venusaur|84/100 brn|[from] brn
|-damage|p1a: Grimmsnarl|30/100 brn|[from] brn
|upkeep
|turn|12
|
|t:|1784971471
|move|p1b: Venusaur|Earth Power|p2b: Incineroar
|-supereffective|p2b: Incineroar|1
|-damage|p2b: Incineroar|22/100
|move|p2b: Incineroar|Parting Shot|p1b: Venusaur
|-unboost|p1b: Venusaur|atk|1
|-unboost|p1b: Venusaur|spa|1
|
|t:|1784971478
|switch|p2b: Politoed|Politoed, L50, F|34/100|[from] Parting Shot
|move|p2a: Sinistcha|Matcha Gotcha|p1a: Grimmsnarl|[spread] p1a,p1b
|-resisted|p1b: Venusaur|2
|-damage|p1a: Grimmsnarl|26/100 brn
|-heal|p2a: Sinistcha|67/100|[from] drain|[of] p1a: Grimmsnarl
|-damage|p1b: Venusaur|83/100 brn
|-heal|p2a: Sinistcha|67/100|[from] drain|[of] p1b: Venusaur
|move|p1a: Grimmsnarl|Spirit Break|p2a: Sinistcha
|-damage|p2a: Sinistcha|61/100
|-unboost|p2a: Sinistcha|spa|1
|
|-weather|none
|-damage|p1b: Venusaur|77/100 brn|[from] brn
|-damage|p1a: Grimmsnarl|20/100y brn|[from] brn
|-sideend|p1: Person_McSomeone|move: Light Screen
|upkeep
|turn|13
|
|t:|1784971498
|move|p2b: Politoed|Protect|p2b: Politoed
|-singleturn|p2b: Politoed|Protect
|move|p2a: Sinistcha|Protect|p2a: Sinistcha
|-singleturn|p2a: Sinistcha|Protect
|move|p1a: Grimmsnarl|Light Screen|p1a: Grimmsnarl
|-sidestart|p1: Person_McSomeone|move: Light Screen
|move|p1b: Venusaur|Earth Power|p2b: Politoed
|-activate|p2b: Politoed|move: Protect
|
|-damage|p1b: Venusaur|71/100 brn|[from] brn
|-damage|p1a: Grimmsnarl|14/100 brn|[from] brn
|upkeep
|turn|14
|c|☆Ganondorth|I'm sorry bro
|c|☆Person_McSomeone|its fine lol
|inactive|Person_McSomeone has 30 seconds left.
|inactive|Ganondorth has 30 seconds left.
|c|☆Person_McSomeone|you should win though
|c|☆Person_McSomeone|pp stall
|c|☆Person_McSomeone|you can switch so you win
|inactive|Person_McSomeone has 20 seconds left.
|inactive|Ganondorth has 20 seconds left.
|inactive|Person_McSomeone has 15 seconds left.
|c|☆Person_McSomeone|if you get like another spa drop on venu i have no win con
|inactive|Person_McSomeone has 10 seconds left.
|
|t:|1784971548
|switch|p2a: Incineroar|Incineroar, L50, M|22/100
|-ability|p2a: Incineroar|Intimidate|boost
|-unboost|p1a: Grimmsnarl|atk|1
|-unboost|p1b: Venusaur|atk|1
|move|p2b: Politoed|Encore|p1a: Grimmsnarl
|-start|p1a: Grimmsnarl|Encore
|move|p1a: Grimmsnarl|Light Screen||[still]
|-fail|p1a: Grimmsnarl
|move|p1b: Venusaur|Earth Power|p2b: Politoed
|-damage|p2b: Politoed|15/100
|
|-damage|p1b: Venusaur|65/100 brn|[from] brn
|-damage|p1a: Grimmsnarl|8/100 brn|[from] brn
|-sideend|p1: Person_McSomeone|Reflect
|upkeep
|turn|15
|c|☆Ganondorth|yeah
|c|☆Person_McSomeone|or an encore
|
|t:|1784971567
|move|p2a: Incineroar|Fake Out|p1b: Venusaur
|-damage|p1b: Venusaur|58/100 brn
|move|p1a: Grimmsnarl|Light Screen||[still]
|-fail|p1a: Grimmsnarl
|move|p2b: Politoed|Weather Ball|p1b: Venusaur
|-damage|p1b: Venusaur|51/100 brn
|cant|p1b: Venusaur|flinch
|
|-damage|p1b: Venusaur|45/100 brn|[from] brn
|-damage|p1a: Grimmsnarl|2/100 brn|[from] brn
|upkeep
|turn|16
|c|☆Person_McSomeone|gg
|-message|Person_McSomeone forfeited.
|
|win|Ganondorth
|raw|Person_McSomeone's rating: 1031 → 1024(-7 for losing)
|raw|Ganondorth's rating: 1223 → 1235(+12 for winning)
