|j|☆stoshyy
|j|☆guillelona
|html|stoshyyguillelona    
|uhtml|bestof|Game 1 of a best-of-3
|t:|1784996499
|gametype|doubles
|player|p1|stoshyy|266|1116
|player|p2|guillelona|veteran|1161
|gen|9
|tier|[Gen 9 Champions] VGC 2026 Reg M-B (Bo3)
|rated|
|rule|Species Clause: Limit one of each Pokémon
|rule|Item Clause: Limit 1 of each item
|clearpoke
|poke|p1|Blaziken, L50, M|
|poke|p1|Kingambit, L50, F|
|poke|p1|Garchomp, L50, M|
|poke|p1|Floette-Eternal, L50, F|
|poke|p1|Whimsicott, L50, M|
|poke|p1|Sinistcha, L50|
|poke|p2|Vivillon-Tundra, L50, M|
|poke|p2|Mawile, L50, M|
|poke|p2|Torkoal, L50, M|
|poke|p2|Farigiraf, L50, F|
|poke|p2|Garchomp, L50, M|
|poke|p2|Raichu, L50, M|
|teampreview|4
|showteam|p1|Blaziken||Blazikenite|SpeedBoost|FlareBlitz,Protect,CloseCombat,RockSlide|Adamant||M|||50|]Kingambit||BlackGlasses|Defiant|KowtowCleave,SuckerPunch,IronHead,Protect|Adamant||F|||50|]Garchomp||ChoiceScarf|RoughSkin|DragonClaw,Earthquake,RockSlide,StompingTantrum|Jolly||M|||50|]Floette-Eternal||Floettite|FlowerVeil|CalmMind,Moonblast,Protect,DazzlingGleam|Timid||F|||50|]Whimsicott||FocusSash|Prankster|Encore,Moonblast,Tailwind,GrassKnot|Timid||M|||50|]Sinistcha||MiracleSeed|Hospitality|MatchaGotcha,Protect,TrickRoom,RagePowder|Bold|||||50|
|showteam|p2|Vivillon-Tundra||FocusSash|CompoundEyes|Hurricane,SleepPowder,RagePowder,Protect|Timid||M|||50|]Mawile||Mawilite|Intimidate|PlayRough,RockSlide,SuckerPunch,Protect|Adamant||M|||50|]Torkoal||Charcoal|Drought|Eruption,WeatherBall,Protect,EarthPower|Quiet||M|||50|]Farigiraf||SitrusBerry|ArmorTail|Psychic,Thunderbolt,TrickRoom,HelpingHand|Relaxed||F|||50|]Garchomp||LifeOrb|RoughSkin|DragonClaw,Earthquake,RockSlide,Protect|Jolly||M|||50|]Raichu||RaichuniteY|LightningRod|ZapCannon,FocusBlast,FakeOut,Protect|Timid||M|||50|
|inactive|Battle timer is ON: inactive players will automatically lose when time's up. (requested by stoshyy)
|inactive|stoshyy has 60 seconds left.
|inactive|guillelona has 60 seconds left.
|
|t:|1784996547
|teamsize|p1|4
|teamsize|p2|4
|start
|switch|p1a: Garchomp|Garchomp, L50, M|100/100
|switch|p1b: Whimsicott|Whimsicott, L50, M|100/100
|switch|p2a: Vivillon|Vivillon-Tundra, L50, M|100/100
|switch|p2b: Mawile|Mawile, L50, M|100/100
|-ability|p2b: Mawile|Intimidate|boost
|-unboost|p1a: Garchomp|atk|1
|-unboost|p1b: Whimsicott|atk|1
|turn|1
|
|t:|1784996570
|detailschange|p2b: Mawile|Mawile-Mega, L50, M
|-mega|p2b: Mawile|Mawile|Mawilite
|move|p1b: Whimsicott|Tailwind|p1b: Whimsicott
|-sidestart|p1: stoshyy|move: Tailwind
|move|p1a: Garchomp|Earthquake|p2a: Vivillon|[spread] p1b,p2b
|-immune|p2a: Vivillon
|-resisted|p1b: Whimsicott|1
|-supereffective|p2b: Mawile|1
|-damage|p1b: Whimsicott|81/100
|-damage|p2b: Mawile|54/100
|move|p2a: Vivillon|Hurricane|p1b: Whimsicott
|-supereffective|p1b: Whimsicott|1
|-crit|p1b: Whimsicott
|-damage|p1b: Whimsicott|0 fnt
|faint|p1b: Whimsicott
|move|p2b: Mawile|Play Rough|p1a: Garchomp
|-supereffective|p1a: Garchomp|1
|-damage|p1a: Garchomp|0 fnt
|-damage|p2b: Mawile|42/100|[from] ability: Rough Skin|[of] p1a: Garchomp
|faint|p1a: Garchomp
|
|upkeep
|
|t:|1784996586
|switch|p1b: Kingambit|Kingambit, L50, F|100/100
|switch|p1a: Floette|Floette-Eternal, L50, F|100/100
|turn|2
|
|t:|1784996608
|detailschange|p1a: Floette|Floette-Mega, L50, F
|-mega|p1a: Floette|Floette|Floettite
|-ability|p1a: Floette|Fairy Aura
|move|p1b: Kingambit|Sucker Punch|p2b: Mawile
|-resisted|p2b: Mawile|1
|-damage|p2b: Mawile|19/100
|move|p1a: Floette|Moonblast|p2b: Mawile
|-resisted|p2b: Mawile|1
|-damage|p2b: Mawile|0 fnt
|faint|p2b: Mawile
|move|p2a: Vivillon|Sleep Powder|p1a: Floette
|-status|p1a: Floette|slp|[from] move: Sleep Powder
|
|upkeep
|
|t:|1784996619
|switch|p2b: Torkoal|Torkoal, L50, M|100/100
|-weather|SunnyDay|[from] ability: Drought|[of] p2b: Torkoal
|turn|3
|
|t:|1784996638
|cant|p1a: Floette|slp
|move|p1b: Kingambit|Kowtow Cleave|p2b: Torkoal
|-damage|p2b: Torkoal|57/100
|move|p2a: Vivillon|Sleep Powder|p1b: Kingambit
|-status|p1b: Kingambit|slp|[from] move: Sleep Powder
|move|p2b: Torkoal|Eruption|p1b: Kingambit|[spread] p1a,p1b
|-supereffective|p1b: Kingambit|1
|-damage|p1a: Floette|56/100 slp
|-damage|p1b: Kingambit|0 fnt
|faint|p1b: Kingambit
|
|-weather|SunnyDay|[upkeep]
|upkeep
|turn|4
|
|t:|1784996652
|move|p2a: Vivillon|Protect|p2a: Vivillon
|-singleturn|p2a: Vivillon|Protect
|move|p2b: Torkoal|Protect|p2b: Torkoal
|-singleturn|p2b: Torkoal|Protect
|-curestatus|p1a: Floette|slp|[msg]
|move|p1a: Floette|Dazzling Gleam|p2b: Torkoal|[spread] 
|-activate|p2a: Vivillon|move: Protect
|-activate|p2b: Torkoal|move: Protect
|
|-weather|SunnyDay|[upkeep]
|-sideend|p1: stoshyy|move: Tailwind
|upkeep
|turn|5
|
|t:|1784996668
|move|p1a: Floette|Dazzling Gleam|p2b: Torkoal|[spread] p2a,p2b
|-resisted|p2b: Torkoal|1
|-damage|p2a: Vivillon|5/100
|-damage|p2b: Torkoal|28/100
|move|p2a: Vivillon|Sleep Powder|p1a: Floette
|-status|p1a: Floette|slp|[from] move: Sleep Powder
|move|p2b: Torkoal|Weather Ball|p1a: Floette
|-damage|p1a: Floette|0 fnt
|faint|p1a: Floette
|
|win|guillelona
||stoshyy is ready for game 2.
|l|☆stoshyy
|player|p1|
|inactive|guillelona has 30 seconds to confirm battle start!
||guillelona is ready for game 2.
|uhtml|next|Next: Game 2 of 3
