|j|☆reshiee
|j|☆TimtheElephant
|html|reshieeTimtheElephant    
|uhtml|bestof|Game 1 of a best-of-3
|t:|1784495207
|gametype|doubles
|player|p1|reshiee|gwynn|1079
|player|p2|TimtheElephant|169|1095
|gen|9
|tier|[Gen 9 Champions] VGC 2026 Reg M-B (Bo3)
|rated|
|rule|Species Clause: Limit one of each Pokémon
|rule|Item Clause: Limit 1 of each item
|clearpoke
|poke|p1|Charizard, L50, M|
|poke|p1|Venusaur, L50, F|
|poke|p1|Pelipper, L50, F|
|poke|p1|Grimmsnarl, L50, M|
|poke|p1|Basculegion, L50, M|
|poke|p1|Archaludon, L50, M|
|poke|p2|Falinks, L50|
|poke|p2|Gholdengo, L50|
|poke|p2|Venusaur, L50, F|
|poke|p2|Tyranitar, L50, F|
|poke|p2|Milotic, L50, M|
|poke|p2|Aerodactyl, L50, M|
|teampreview|4
|showteam|p1|Charizard||CharizarditeY|Blaze|HeatWave,WeatherBall,SolarBeam,Protect|Modest||M|||50|]Venusaur||FocusSash|Chlorophyll|SludgeBomb,EarthPower,SleepPowder,Protect|Modest||F|||50|]Pelipper||SitrusBerry|Drizzle|Hurricane,WeatherBall,Tailwind,WideGuard|Modest||F|||50|]Grimmsnarl||LightClay|Prankster|SpiritBreak,Reflect,LightScreen,PartingShot|Sassy||M|||50|]Basculegion||ChoiceScarf|Adaptability|WaveCrash,LastRespects,FlipTurn,AquaJet|Jolly||M|||50|]Archaludon||Leftovers|Stamina|DragonPulse,FlashCannon,ElectroShot,Protect|Calm||M|||50|
|showteam|p2|Falinks||Falinksite|Defiant|NoRetreat,CloseCombat,RockSlide,ThroatChop|Adamant|||||50|]Gholdengo||LifeOrb|GoodasGold|MakeItRain,ShadowBall,Protect,NastyPlot|Modest|||||50|]Venusaur||Venusaurite|Overgrow|SludgeBomb,Protect,EarthPower,GigaDrain|Modest||F|||50|]Tyranitar||ChopleBerry|SandStream|RockSlide,KnockOff,LowKick,Protect|Adamant||F|||50|]Milotic||Leftovers|Competitive|Coil,MuddyWater,Hypnosis,Recover|Bold||M|||50|]Aerodactyl||FocusSash|Unnerve|RockSlide,Tailwind,WideGuard,IceFang|Jolly||M|||50|
|c|☆reshiee|glhf
|
|t:|1784495246
|teamsize|p1|4
|teamsize|p2|4
|start
|switch|p1a: Pelipper|Pelipper, L50, F|100/100
|switch|p1b: Archaludon|Archaludon, L50, M|100/100
|switch|p2a: Falinks|Falinks, L50|100/100
|switch|p2b: Aerodactyl|Aerodactyl, L50, M|100/100
|-ability|p2b: Aerodactyl|Unnerve
|-weather|RainDance|[from] ability: Drizzle|[of] p1a: Pelipper
|turn|1
|
|t:|1784495266
|move|p2b: Aerodactyl|Tailwind|p2b: Aerodactyl
|-sidestart|p2: TimtheElephant|move: Tailwind
|move|p2a: Falinks|No Retreat|p2a: Falinks
|-boost|p2a: Falinks|atk|1
|-boost|p2a: Falinks|def|1
|-boost|p2a: Falinks|spa|1
|-boost|p2a: Falinks|spd|1
|-boost|p2a: Falinks|spe|1
|-start|p2a: Falinks|move: No Retreat
|move|p1b: Archaludon|Electro Shot||[still]
|-prepare|p1b: Archaludon|Electro Shot
|-boost|p1b: Archaludon|spa|1
|-anim|p1b: Archaludon|Electro Shot|p2b: Aerodactyl
|-supereffective|p2b: Aerodactyl|1
|-enditem|p2b: Aerodactyl|Focus Sash
|-damage|p2b: Aerodactyl|1/100
|move|p1a: Pelipper|Tailwind|p1a: Pelipper
|-sidestart|p1: reshiee|move: Tailwind
|
|-weather|RainDance|[upkeep]
|upkeep
|turn|2
|
|t:|1784495290
|switch|p2b: Tyranitar|Tyranitar, L50, F|100/100
|-weather|Sandstorm|[from] ability: Sand Stream|[of] p2b: Tyranitar
|detailschange|p2a: Falinks|Falinks-Mega, L50
|-mega|p2a: Falinks|Falinks|Falinksite
|move|p1b: Archaludon|Protect|p1b: Archaludon
|-singleturn|p1b: Archaludon|Protect
|move|p2a: Falinks|Close Combat|p1b: Archaludon
|-activate|p1b: Archaludon|move: Protect
|move|p1a: Pelipper|Hurricane|p2a: Falinks
|-supereffective|p2a: Falinks|1
|-damage|p2a: Falinks|0 fnt
|faint|p2a: Falinks
|
|-weather|Sandstorm|[upkeep]
|-damage|p1a: Pelipper|94/100|[from] Sandstorm
|upkeep
|
|t:|1784495311
|switch|p2a: Gholdengo|Gholdengo, L50|100/100
|turn|3
|
|t:|1784495347
|switch|p1a: Basculegion|Basculegion, L50, M|100/100
|move|p1b: Archaludon|Protect|p1b: Archaludon
|-singleturn|p1b: Archaludon|Protect
|move|p2a: Gholdengo|Nasty Plot|p2a: Gholdengo
|-boost|p2a: Gholdengo|spa|2
|move|p2b: Tyranitar|Rock Slide|p1a: Basculegion|[spread] 
|-activate|p1b: Archaludon|move: Protect
|-miss|p2b: Tyranitar|p1a: Basculegion
|
|-weather|Sandstorm|[upkeep]
|-damage|p1a: Basculegion|93/100|[from] Sandstorm
|upkeep
|turn|4
|
|t:|1784495393
|switch|p1a: Pelipper|Pelipper, L50, F|94/100
|-weather|RainDance|[from] ability: Drizzle|[of] p1a: Pelipper
|move|p2a: Gholdengo|Shadow Ball|p1a: Pelipper
|-damage|p1a: Pelipper|0 fnt
|faint|p1a: Pelipper
|-damage|p2a: Gholdengo|90/100|[from] item: Life Orb
|move|p2b: Tyranitar|Rock Slide|p1b: Archaludon
|-resisted|p1b: Archaludon|1
|-damage|p1b: Archaludon|82/100
|-ability|p1b: Archaludon|Stamina|boost
|-boost|p1b: Archaludon|def|1
|move|p1b: Archaludon|Electro Shot||[still]
|-prepare|p1b: Archaludon|Electro Shot
|-boost|p1b: Archaludon|spa|1
|-anim|p1b: Archaludon|Electro Shot|p2a: Gholdengo
|-damage|p2a: Gholdengo|9/100
|
|-weather|RainDance|[upkeep]
|-heal|p1b: Archaludon|88/100|[from] item: Leftovers
|-sideend|p2: TimtheElephant|move: Tailwind
|-sideend|p1: reshiee|move: Tailwind
|upkeep
|
|t:|1784495414
|switch|p1a: Basculegion|Basculegion, L50, M|93/100
|turn|5
|
|t:|1784495428
|move|p1a: Basculegion|Aqua Jet|p2a: Gholdengo
|-damage|p2a: Gholdengo|0 fnt
|faint|p2a: Gholdengo
|move|p2b: Tyranitar|Knock Off|p1b: Archaludon
|-damage|p1b: Archaludon|62/100
|-ability|p1b: Archaludon|Stamina|boost
|-boost|p1b: Archaludon|def|1
|-enditem|p1b: Archaludon|Leftovers|[from] move: Knock Off|[of] p2b: Tyranitar
|move|p1b: Archaludon|Electro Shot||[still]
|-prepare|p1b: Archaludon|Electro Shot
|-boost|p1b: Archaludon|spa|1
|-anim|p1b: Archaludon|Electro Shot|p2b: Tyranitar
|-damage|p2b: Tyranitar|2/100
|
|-weather|RainDance|[upkeep]
|upkeep
|
|t:|1784495440
|switch|p2a: Aerodactyl|Aerodactyl, L50, M|1/100
|-ability|p2a: Aerodactyl|Unnerve
|turn|6
|
|t:|1784495449
|move|p1a: Basculegion|Aqua Jet|p2a: Aerodactyl
|-supereffective|p2a: Aerodactyl|1
|-damage|p2a: Aerodactyl|0 fnt
|faint|p2a: Aerodactyl
|move|p2b: Tyranitar|Rock Slide|p1b: Archaludon|[spread] p1a,p1b
|-resisted|p1b: Archaludon|1
|-damage|p1a: Basculegion|55/100
|-damage|p1b: Archaludon|56/100
|-ability|p1b: Archaludon|Stamina|boost
|-boost|p1b: Archaludon|def|1
|move|p1b: Archaludon|Electro Shot||[still]
|-prepare|p1b: Archaludon|Electro Shot
|-boost|p1b: Archaludon|spa|1
|-anim|p1b: Archaludon|Electro Shot|p2b: Tyranitar
|-damage|p2b: Tyranitar|0 fnt
|faint|p2b: Tyranitar
|
|win|reshiee
|inactive|reshiee has 30 seconds to confirm battle start!
|inactive|TimtheElephant has 30 seconds to confirm battle start!
