|j|☆notoriousczr
|j|☆PaoloIsAnOshawott
|html|notoriousczrPaoloIsAnOshawott    
|uhtml|bestof|Game 3 of a best-of-3
|t:|1785611479
|gametype|doubles
|player|p1|notoriousczr|clown|
|player|p2|PaoloIsAnOshawott|hugh|
|gen|9
|tier|[Gen 9 Champions] VGC 2026 Reg M-B (Bo3)
|rule|Species Clause: Limit one of each Pokémon
|rule|Item Clause: Limit 1 of each item
|clearpoke
|poke|p1|Drampa, L50, M|
|poke|p1|Diggersby, L50, M|
|poke|p1|Zoroark-Hisui, L50, M|
|poke|p1|Kangaskhan, L50, F|
|poke|p1|Staraptor, L50, F|
|poke|p1|Farigiraf, L50, F|
|poke|p2|Pelipper, L50, F|
|poke|p2|Swampert, L50, F|
|poke|p2|Basculegion, L50, M|
|poke|p2|Empoleon, L50, F, shiny|
|poke|p2|Samurott-Hisui, L50, M|
|poke|p2|Toxapex, L50, M, shiny|
|teampreview|4
|showteam|p1|Drampa||SitrusBerry|Berserk|DragonPulse,HyperVoice,HeatWave,Protect|Quiet||M|||50|]Diggersby||SilkScarf|HugePower|BodySlam,HighHorsepower,QuickAttack,Protect|Adamant||M|||50|]Zoroark-Hisui||LifeOrb|Illusion|BitterMalice,NastyPlot,HyperVoice,Protect|Timid||M|||50|]Kangaskhan||Kangaskhanite|Scrappy|FakeOut,HammerArm,DoubleEdge,SuckerPunch|Adamant||F|||50|]Staraptor||FocusSash|Intimidate|DualWingbeat,CloseCombat,Tailwind,Protect|Jolly||F|||50|]Farigiraf||ColburBerry|ArmorTail|TrickRoom,Protect,HyperVoice,Psychic|Quiet||F|||50|
|showteam|p2|Pelipper||FocusSash|Drizzle|Hurricane,WeatherBall,Tailwind,Protect|Timid||F|||50|]Swampert||Swampertite|Damp|WaveCrash,HighHorsepower,Protect,IcePunch|Adamant||F|||50|]Basculegion||ChoiceScarf|Adaptability|LastRespects,WaveCrash,FlipTurn,AquaJet|Jolly||M|||50|]Empoleon||SitrusBerry|Competitive|Surf,FlashCannon,Roost,Roar|Quiet||F|||50|]Samurott-Hisui||LifeOrb|Sharpness|CeaselessEdge,AquaCutter,SuckerPunch,SacredSword|Adamant||M|||50|]Toxapex||Leftovers|Merciless|Toxic,Infestation,WideGuard,Recover|Sassy||M|||50|
|
|t:|1785611505
|teamsize|p1|4
|teamsize|p2|4
|start
|switch|p1a: MonoNormal(genius)|Kangaskhan, L50, F|100/100
|switch|p1b: MonoPsychic|Farigiraf, L50, F|100/100
|switch|p2a: Samurott|Samurott-Hisui, L50, M|100/100
|switch|p2b: Basculegion|Basculegion, L50, M|100/100
|turn|1
|
|t:|1785611517
|move|p1a: MonoNormal(genius)|Fake Out|p2b: Basculegion
|-damage|p2b: Basculegion|75/100
|cant|p2b: Basculegion|flinch
|move|p2a: Samurott|Ceaseless Edge|p1b: MonoPsychic
|-supereffective|p1b: MonoPsychic|1
|-enditem|p1b: MonoPsychic|Colbur Berry|[eat]
|-enditem|p1b: MonoPsychic|Colbur Berry|[weaken]
|-damage|p1b: MonoPsychic|44/100
|-sidestart|p1: notoriousczr|Spikes
|-damage|p2a: Samurott|90/100|[from] item: Life Orb
|move|p1b: MonoPsychic|Trick Room|p1b: MonoPsychic
|-fieldstart|move: Trick Room|[of] p1b: MonoPsychic
|
|upkeep
|turn|2
|
|t:|1785611552
|detailschange|p1a: MonoNormal(genius)|Kangaskhan-Mega, L50, F
|-mega|p1a: MonoNormal(genius)|Kangaskhan|Kangaskhanite
|move|p1b: MonoPsychic|Psychic|p2b: Basculegion
|-damage|p2b: Basculegion|31/100
|move|p2a: Samurott|Ceaseless Edge|p1b: MonoPsychic
|-supereffective|p1b: MonoPsychic|1
|-damage|p1b: MonoPsychic|0 fnt
|-sidestart|p1: notoriousczr|Spikes
|faint|p1b: MonoPsychic
|-damage|p2a: Samurott|80/100|[from] item: Life Orb
|move|p1a: MonoNormal(genius)|Hammer Arm|p2a: Samurott
|-supereffective|p2a: Samurott|1
|-damage|p2a: Samurott|0 fnt
|-unboost|p1a: MonoNormal(genius)|spe|1
|faint|p2a: Samurott
|move|p2b: Basculegion|Flip Turn|p1a: MonoNormal(genius)
|-damage|p1a: MonoNormal(genius)|66/100
|
|t:|1785611559
|switch|p2b: Swampert|Swampert, L50, F|100/100|[from] Flip Turn
|
|upkeep
|
|t:|1785611572
|switch|p1b: MonoGround|Diggersby, L50, M|100/100
|switch|p2a: Pelipper|Pelipper, L50, F|100/100
|-damage|p1b: MonoGround|83/100|[from] Spikes
|-weather|RainDance|[from] ability: Drizzle|[of] p2a: Pelipper
|turn|3
|
|t:|1785611597
|move|p2b: Swampert|Protect|p2b: Swampert
|-singleturn|p2b: Swampert|Protect
|move|p2a: Pelipper|Protect|p2a: Pelipper
|-singleturn|p2a: Pelipper|Protect
|move|p1a: MonoNormal(genius)|Double-Edge|p2a: Pelipper
|-activate|p2a: Pelipper|move: Protect
|move|p1b: MonoGround|Body Slam|p2b: Swampert
|-activate|p2b: Swampert|move: Protect
|
|-weather|RainDance|[upkeep]
|upkeep
|turn|4
|
|t:|1785611610
|move|p1a: MonoNormal(genius)|Double-Edge|p2a: Pelipper
|-damage|p2a: Pelipper|6/100
|-crit|p2a: Pelipper
|-damage|p2a: Pelipper|0 fnt
|faint|p2a: Pelipper
|-hitcount|p2: Pelipper|2
|-damage|p1a: MonoNormal(genius)|44/100|[from] Recoil
|move|p1b: MonoGround|High Horsepower|p2b: Swampert
|-damage|p2b: Swampert|24/100
|move|p2b: Swampert|Wave Crash|p1b: MonoGround
|-supereffective|p1b: MonoGround|1
|-damage|p1b: MonoGround|0 fnt
|faint|p1b: MonoGround
|-damage|p2b: Swampert|0 fnt|[from] Recoil
|faint|p2b: Swampert
|
|-weather|RainDance|[upkeep]
|upkeep
|
|t:|1785611622
|switch|p1b: MonoDragon|Drampa, L50, M|100/100
|switch|p2b: Basculegion|Basculegion, L50, M|31/100
|-damage|p1b: MonoDragon|83/100|[from] Spikes
|turn|5
|
|t:|1785611629
|move|p1a: MonoNormal(genius)|Sucker Punch|p2b: Basculegion
|-supereffective|p2b: Basculegion|1
|-damage|p2b: Basculegion|0 fnt
|faint|p2b: Basculegion
|
|win|notoriousczr
|c|☆PaoloIsAnOshawott|gg
|c|☆notoriousczr|Gg
|l|☆notoriousczr
|player|p1|
|j|☆notoriousczr
|player|p1|notoriousczr|clown|
