|j|☆paralyze u
|j|☆porygon peo
|html|paralyze uporygon peo    
|uhtml|bestof|Game 3 of a best-of-3
|t:|1786135428
|gametype|doubles
|player|p1|paralyze u|265|1366
|player|p2|porygon peo|skier|1400
|gen|9
|tier|[Gen 9 Champions] VGC 2026 Reg M-B (Bo3)
|rated|
|rule|Species Clause: Limit one of each Pokémon
|rule|Item Clause: Limit 1 of each item
|clearpoke
|poke|p1|Gardevoir, L50, F, shiny|
|poke|p1|Basculegion, L50, M|
|poke|p1|Talonflame, L50, M|
|poke|p1|Maushold, L50|
|poke|p1|Kingambit, L50, M|
|poke|p1|Kommo-o, L50, F|
|poke|p2|Arcanine-Hisui, L50, M|
|poke|p2|Staraptor, L50, F|
|poke|p2|Farigiraf, L50, M|
|poke|p2|Sylveon, L50, F|
|poke|p2|Kingambit, L50, M|
|poke|p2|Raichu, L50, M|
|teampreview|4
|showteam|p1|Gardevoir||Gardevoirite|Trace|HyperVoice,Psychic,Thunderbolt,Protect|Modest||F|||50|]Basculegion||ChoiceScarf|Adaptability|WaveCrash,LastRespects,FlipTurn,AquaJet|Jolly||M|||50|]Talonflame||SharpBeak|GaleWings|DualWingbeat,FlareBlitz,Tailwind,Protect|Jolly||M|||50|]Maushold||FocusSash|FriendGuard|SuperFang,Feint,FollowMe,Protect|Jolly|||||50|]Kingambit||ExpertBelt|Defiant|KowtowCleave,SuckerPunch,IronHead,LowKick|Jolly||M|||50|]Kommo-o||LifeOrb|Soundproof|ClangingScales,VacuumWave,AuraSphere,Protect|Modest||F|||50|
|showteam|p2|Arcanine-Hisui||FocusSash|RockHead|Protect,ExtremeSpeed,HeadSmash,FlareBlitz|Adamant||M|||50|]Staraptor||Staraptite|Intimidate|Tailwind,Protect,CloseCombat,DualWingbeat|Adamant||F|||50|]Farigiraf||SitrusBerry|ArmorTail|Protect,Psychic,TrickRoom,HelpingHand|Bold||M|||50|]Sylveon||FairyFeather|Pixilate|Protect,HyperBeam,HyperVoice,QuickAttack|Modest||F|||50|]Kingambit||LifeOrb|Defiant|Protect,KowtowCleave,SwordsDance,SuckerPunch|Adamant||M|||50|]Raichu||RaichuniteY|LightningRod|Protect,ZapCannon,FakeOut,FocusBlast|Timid||M|||50|
|inactive|Battle timer is ON: inactive players will automatically lose when time's up. (requested by porygon peo)
|inactive|paralyze u has 60 seconds left.
|inactive|porygon peo has 60 seconds left.
|
|t:|1786135473
|teamsize|p1|4
|teamsize|p2|4
|start
|switch|p1a: Basculegion|Basculegion, L50, M|100/100
|switch|p1b: Kommo-o|Kommo-o, L50, F|100/100
|switch|p2a: Staraptor|Staraptor, L50, F|100/100
|switch|p2b: Arcanine|Arcanine-Hisui, L50, M|100/100
|-ability|p2a: Staraptor|Intimidate|boost
|-unboost|p1a: Basculegion|atk|1
|-unboost|p1b: Kommo-o|atk|1
|turn|1
|inactive|paralyze u has 30 seconds left.
|inactive|porygon peo has 30 seconds left.
|
|t:|1786135508
|detailschange|p2a: Staraptor|Staraptor-Mega, L50, F
|-mega|p2a: Staraptor|Staraptor|Staraptite
|move|p1b: Kommo-o|Vacuum Wave|p2b: Arcanine
|-supereffective|p2b: Arcanine|1
|-damage|p2b: Arcanine|31/100
|-damage|p1b: Kommo-o|90/100|[from] item: Life Orb
|move|p1a: Basculegion|Flip Turn|p2b: Arcanine
|-supereffective|p2b: Arcanine|2
|-damage|p2b: Arcanine|0 fnt
|faint|p2b: Arcanine
|
|t:|1786135516
|switch|p1a: Gardevoir|Gardevoir, L50, F, shiny|100/100|[from] Flip Turn
|-ability|p1a: Gardevoir|Contrary|Trace|[from] ability: Trace|[of] p2a: Staraptor
|move|p2a: Staraptor|Tailwind|p2a: Staraptor
|-sidestart|p2: porygon peo|move: Tailwind
|
|upkeep
|
|t:|1786135527
|switch|p2b: Sylveon|Sylveon, L50, F|100/100
|turn|2
|inactive|paralyze u has 30 seconds left.
|
|t:|1786135554
|move|p1a: Gardevoir|Protect|p1a: Gardevoir
|-singleturn|p1a: Gardevoir|Protect
|move|p2a: Staraptor|Close Combat|p1b: Kommo-o
|-damage|p1b: Kommo-o|15/100
|-boost|p2a: Staraptor|def|1
|-boost|p2a: Staraptor|spd|1
|move|p2b: Sylveon|Hyper Beam|p1a: Gardevoir
|-activate|p1a: Gardevoir|move: Protect
|move|p1b: Kommo-o|Clanging Scales|p2b: Sylveon|[spread] p2a
|-immune|p2b: Sylveon
|-damage|p2a: Staraptor|65/100
|-unboost|p1b: Kommo-o|def|1
|-damage|p1b: Kommo-o|5/100|[from] item: Life Orb
|
|upkeep
|turn|3
|inactive|paralyze u has 30 seconds left.
|inactive|paralyze u has 20 seconds left.
|inactive|paralyze u has 15 seconds left.
|inactive|paralyze u has 10 seconds left.
|
|t:|1786135603
|switch|p1a: Maushold|Maushold, L50|100/100
|move|p2a: Staraptor|Dual Wingbeat|p1a: Maushold
|-damage|p1a: Maushold|66/100
|-damage|p1a: Maushold|34/100
|-hitcount|p1a: Maushold|2
|move|p2b: Sylveon|Hyper Voice|p1a: Maushold|[spread] p1a
|-immune|p1b: Kommo-o|[from] ability: Soundproof
|-damage|p1a: Maushold|0 fnt
|faint|p1a: Maushold
|move|p1b: Kommo-o|Clanging Scales|p2b: Sylveon|[spread] p2a
|-immune|p2b: Sylveon
|-damage|p2a: Staraptor|30/100
|-unboost|p1b: Kommo-o|def|1
|-damage|p1b: Kommo-o|0 fnt|[from] item: Life Orb
|faint|p1b: Kommo-o
|
|upkeep
|
|t:|1786135622
|switch|p1a: Basculegion|Basculegion, L50, M|100/100
|switch|p1b: Gardevoir|Gardevoir, L50, F, shiny|100/100
|-ability|p1b: Gardevoir|Pixilate|Trace|[from] ability: Trace|[of] p2b: Sylveon
|turn|4
|inactive|porygon peo has 30 seconds left.
|
|t:|1786135654
|switch|p2b: Farigiraf|Farigiraf, L50, M|100/100
|detailschange|p1b: Gardevoir|Gardevoir-Mega, L50, F, shiny
|-mega|p1b: Gardevoir|Gardevoir|Gardevoirite
|move|p2a: Staraptor|Dual Wingbeat|p1b: Gardevoir
|-damage|p1b: Gardevoir|54/100
|-damage|p1b: Gardevoir|13/100
|-hitcount|p1b: Gardevoir|2
|move|p1a: Basculegion|Last Respects|p2b: Farigiraf
|-immune|p2b: Farigiraf
|move|p1b: Gardevoir|Hyper Voice|p2a: Staraptor|[spread] p2a,p2b
|-supereffective|p2a: Staraptor|1
|-damage|p2a: Staraptor|0 fnt
|-damage|p2b: Farigiraf|53/100
|faint|p2a: Staraptor
|
|-sideend|p2: porygon peo|move: Tailwind
|upkeep
|
|t:|1786135666
|switch|p2a: Sylveon|Sylveon, L50, F|100/100
|turn|5
|
|t:|1786135672
|move|p1b: Gardevoir|Protect|p1b: Gardevoir
|-singleturn|p1b: Gardevoir|Protect
|move|p2a: Sylveon|Protect|p2a: Sylveon
|-singleturn|p2a: Sylveon|Protect
|move|p1a: Basculegion|Last Respects|p2a: Sylveon
|-activate|p2a: Sylveon|move: Protect
|move|p2b: Farigiraf|Trick Room|p2b: Farigiraf
|-fieldstart|move: Trick Room|[of] p2b: Farigiraf
|
|upkeep
|turn|6
|
|t:|1786135682
|move|p2b: Farigiraf|Helping Hand|p2a: Sylveon
|-singleturn|p2a: Sylveon|Helping Hand|[of] p2b: Farigiraf
|move|p1b: Gardevoir|Protect|p1b: Gardevoir
|-singleturn|p1b: Gardevoir|Protect
|move|p2a: Sylveon|Hyper Voice|p1a: Basculegion|[spread] p1a
|-activate|p1b: Gardevoir|move: Protect
|-damage|p1a: Basculegion|16/100
|move|p1a: Basculegion|Last Respects|p2a: Sylveon
|-damage|p2a: Sylveon|1/100
|
|upkeep
|turn|7
|
|t:|1786135697
|move|p2b: Farigiraf|Helping Hand|p2a: Sylveon
|-singleturn|p2a: Sylveon|Helping Hand|[of] p2b: Farigiraf
|move|p1b: Gardevoir|Protect||[still]
|-fail|p1b: Gardevoir
|move|p2a: Sylveon|Hyper Voice|p1a: Basculegion|[spread] p1a,p1b
|-damage|p1a: Basculegion|0 fnt
|-damage|p1b: Gardevoir|0 fnt
|faint|p1a: Basculegion
|faint|p1b: Gardevoir
|
|win|porygon peo
|raw|paralyze u's rating: 1366 → 1348(-18 for losing)
|raw|porygon peo's rating: 1400 → 1418(+18 for winning)
|l|☆porygon peo
|player|p2|
