|j|☆freudianbreath
|j|☆spongebob601
|html|freudianbreathspongebob601    
|uhtml|bestof|Game 3 of a best-of-3
|t:|1756708698
|gametype|doubles
|player|p1|freudianbreath|266|1004
|player|p2|spongebob601|169|1036
|gen|9
|tier|[Gen 9] VGC 2025 Reg H (Bo3)
|rated|
|rule|Species Clause: Limit one of each Pokémon
|rule|Item Clause: Limit 1 of each item
|clearpoke
|poke|p1|Indeedee-F, L50, F|
|poke|p1|Tyranitar, L50, M|
|poke|p1|Whimsicott, L50, F|
|poke|p1|Amoonguss, L50, F|
|poke|p1|Annihilape, L50, F|
|poke|p1|Gholdengo, L50|
|poke|p2|Dondozo, L50, F|
|poke|p2|Incineroar, L50, M|
|poke|p2|Tatsugiri-Droopy, L50, M|
|poke|p2|Glimmora, L50, M|
|poke|p2|Rillaboom, L50, M|
|poke|p2|Gliscor, L50, F|
|teampreview|4
|showteam|p1|Indeedee-F||SafetyGoggles|PsychicSurge|FollowMe,TrickRoom,HelpingHand,DazzlingGleam|||F|||50|,,,,,Fairy]Tyranitar||AssaultVest|SandStream|KnockOff,RockSlide,TeraBlast,LowKick|||M|||50|,,,,,Flying]Whimsicott||CovertCloak|Prankster|Tailwind,Moonblast,Encore,HelpingHand|||F|||50|,,,,,Water]Amoonguss||RockyHelmet|Regenerator|PollenPuff,Spore,RagePowder,Protect|||F|||50|,,,,,Fairy]Annihilape||Leftovers|Defiant|DrainPunch,RageFist,BulkUp,Protect|||F|||50|,,,,,Fire]Gholdengo||ChoiceSpecs|GoodasGold|MakeItRain,ShadowBall,Thunderbolt,Trick||||||50|,,,,,Steel
|showteam|p2|Dondozo||Leftovers|Unaware|BodyPress,Protect,OrderUp,Waterfall|||F|||50|,,,,,Grass]Incineroar||AssaultVest|Intimidate|FlareBlitz,FakeOut,KnockOff,Uturn|||M|||50|,,,,,Ghost]Tatsugiri-Droopy||FocusSash|Commander|IcyWind,DracoMeteor,MuddyWater,Protect|||M|||50|,,,,,Water]Glimmora||PowerHerb|ToxicDebris|MeteorBeam,MortalSpin,EarthPower,SpikyShield|||M|||50|,,,,,Grass]Rillaboom||GrassySeed|GrassySurge|GrassyGlide,Acrobatics,FakeOut,HighHorsepower|||M|||50|,,,,,Fire]Gliscor||ToxicOrb|PoisonHeal|StealthRock,DualWingbeat,Protect,HighHorsepower|||F|||50|,,,,,Water
|inactive|Battle timer is ON: inactive players will automatically lose when time's up. (requested by spongebob601)
|j| BmacBmac
|inactive|freudianbreath has 60 seconds left.
|inactive|freudianbreath has 30 seconds left.
|
|t:|1756708769
|teamsize|p1|4
|teamsize|p2|4
|start
|switch|p1a: Whimsicott|Whimsicott, L50, F|100/100
|switch|p1b: Gholdengo|Gholdengo, L50|100/100
|switch|p2a: Gliscor|Gliscor, L50, F|100/100
|switch|p2b: Glimmora|Glimmora, L50, M|100/100
|turn|1
|j| Hackervgc
|l| BmacBmac
|inactive|freudianbreath has 30 seconds left.
|inactive|spongebob601 has 30 seconds left.
|inactive|freudianbreath has 20 seconds left.
|inactive|freudianbreath has 15 seconds left.
|inactive|freudianbreath has 10 seconds left.
|inactive|freudianbreath has 5 seconds left.
|
|t:|1756708821
|-terastallize|p1b: Gholdengo|Steel
|-terastallize|p2b: Glimmora|Grass
|move|p1a: Whimsicott|Tailwind|p1a: Whimsicott
|-sidestart|p1: freudianbreath|move: Tailwind
|move|p1b: Gholdengo|Make It Rain|p2b: Glimmora|[spread] p2a,p2b
|-damage|p2a: Gliscor|0 fnt
|-damage|p2b: Glimmora|7/100
|-unboost|p1b: Gholdengo|spa|1
|faint|p2a: Gliscor
|move|p2b: Glimmora|Earth Power|p1b: Gholdengo
|-supereffective|p1b: Gholdengo
|-damage|p1b: Gholdengo|31/100
|
|upkeep
|
|t:|1756708834
|switch|p2a: Dondozo|Dondozo, L50, F|100/100
|turn|2
|inactive|freudianbreath has 30 seconds left.
|
|t:|1756708865
|switch|p1b: Amoonguss|Amoonguss, L50, F|100/100
|switch|p2b: Tatsugiri|Tatsugiri-Droopy, L50, M|100/100
|-activate|p2b: Tatsugiri|ability: Commander|[of] p2a: Dondozo
|-boost|p2a: Dondozo|atk|2
|-boost|p2a: Dondozo|spa|2
|-boost|p2a: Dondozo|spe|2
|-boost|p2a: Dondozo|def|2
|-boost|p2a: Dondozo|spd|2
|move|p1a: Whimsicott|Encore||[still]
|-fail|p1a: Whimsicott
|move|p2a: Dondozo|Body Press|p1b: Amoonguss
|-resisted|p1b: Amoonguss
|-damage|p1b: Amoonguss|83/100
|-damage|p2a: Dondozo|84/100|[from] item: Rocky Helmet|[of] p1b: Amoonguss
|
|-heal|p2a: Dondozo|90/100|[from] item: Leftovers
|upkeep
|turn|3
|inactive|freudianbreath has 30 seconds left.
|inactive|spongebob601 has 30 seconds left.
|
|t:|1756708897
|move|p1b: Amoonguss|Rage Powder|p1b: Amoonguss
|-singleturn|p1b: Amoonguss|move: Rage Powder
|move|p1a: Whimsicott|Encore|p2a: Dondozo
|-start|p2a: Dondozo|Encore
|move|p2a: Dondozo|Body Press|p1b: Amoonguss
|-resisted|p1b: Amoonguss
|-damage|p1b: Amoonguss|62/100
|-damage|p2a: Dondozo|74/100|[from] item: Rocky Helmet|[of] p1b: Amoonguss
|
|-heal|p2a: Dondozo|80/100|[from] item: Leftovers
|upkeep
|turn|4
|inactive|freudianbreath has 30 seconds left.
|
|t:|1756708932
|move|p1b: Amoonguss|Rage Powder|p1b: Amoonguss
|-singleturn|p1b: Amoonguss|move: Rage Powder
|move|p1a: Whimsicott|Moonblast|p2a: Dondozo
|-damage|p2a: Dondozo|70/100
|move|p2a: Dondozo|Body Press|p1b: Amoonguss
|-resisted|p1b: Amoonguss
|-damage|p1b: Amoonguss|44/100
|-damage|p2a: Dondozo|53/100|[from] item: Rocky Helmet|[of] p1b: Amoonguss
|
|-heal|p2a: Dondozo|60/100|[from] item: Leftovers
|-sideend|p1: freudianbreath|move: Tailwind
|upkeep
|turn|5
|inactive|freudianbreath has 30 seconds left.
|
|t:|1756708959
|move|p1a: Whimsicott|Tailwind|p1a: Whimsicott
|-sidestart|p1: freudianbreath|move: Tailwind
|move|p2a: Dondozo|Body Press|p1a: Whimsicott
|-resisted|p1a: Whimsicott
|-damage|p1a: Whimsicott|71/100
|move|p1b: Amoonguss|Spore|p2a: Dondozo
|-status|p2a: Dondozo|slp|[from] move: Spore
|
|-heal|p2a: Dondozo|66/100 slp|[from] item: Leftovers
|-end|p2a: Dondozo|Encore
|upkeep
|turn|6
|
|t:|1756708981
|switch|p1a: Gholdengo|Gholdengo, L50, tera:Steel|31/100
|move|p1b: Amoonguss|Rage Powder|p1b: Amoonguss
|-singleturn|p1b: Amoonguss|move: Rage Powder
|cant|p2a: Dondozo|slp
|
|-heal|p2a: Dondozo|72/100 slp|[from] item: Leftovers
|upkeep
|turn|7
|
|t:|1756709002
|move|p1b: Amoonguss|Rage Powder|p1b: Amoonguss
|-singleturn|p1b: Amoonguss|move: Rage Powder
|move|p1a: Gholdengo|Trick|p2a: Dondozo
|-activate|p1a: Gholdengo|move: Trick|[of] p2a: Dondozo
|-item|p2a: Dondozo|Choice Specs|[from] move: Trick
|-item|p1a: Gholdengo|Leftovers|[from] move: Trick
|-curestatus|p2a: Dondozo|slp|[msg]
|move|p2a: Dondozo|Body Press|p1b: Amoonguss
|-resisted|p1b: Amoonguss
|-damage|p1b: Amoonguss|25/100
|-damage|p2a: Dondozo|56/100|[from] item: Rocky Helmet|[of] p1b: Amoonguss
|
|-heal|p1a: Gholdengo|37/100|[from] item: Leftovers
|upkeep
|turn|8
|inactive|freudianbreath has 30 seconds left.
|
|t:|1756709036
|switch|p1a: Whimsicott|Whimsicott, L50, F|71/100
|move|p2a: Dondozo|Body Press|p1a: Whimsicott
|-resisted|p1a: Whimsicott
|-damage|p1a: Whimsicott|39/100
|move|p1b: Amoonguss|Spore|p2a: Dondozo
|-status|p2a: Dondozo|slp|[from] move: Spore
|
|-sideend|p1: freudianbreath|move: Tailwind
|upkeep
|turn|9
|
|t:|1756709049
|switch|p1a: Gholdengo|Gholdengo, L50, tera:Steel|37/100
|cant|p2a: Dondozo|slp
|move|p1b: Amoonguss|Pollen Puff|p1a: Gholdengo
|-heal|p1a: Gholdengo|86/100
|
|-heal|p1a: Gholdengo|93/100|[from] item: Leftovers
|upkeep
|turn|10
|
|t:|1756709063
|move|p1b: Amoonguss|Rage Powder|p1b: Amoonguss
|-singleturn|p1b: Amoonguss|move: Rage Powder
|move|p1a: Gholdengo|Thunderbolt|p2a: Dondozo
|-supereffective|p2a: Dondozo
|-damage|p2a: Dondozo|31/100 slp
|-curestatus|p2a: Dondozo|slp|[msg]
|move|p2a: Dondozo|Body Press|p1b: Amoonguss
|-resisted|p1b: Amoonguss
|-damage|p1b: Amoonguss|5/100
|-damage|p2a: Dondozo|15/100|[from] item: Rocky Helmet|[of] p1b: Amoonguss
|
|-heal|p1a: Gholdengo|99/100|[from] item: Leftovers
|upkeep
|turn|11
|-message|spongebob601 forfeited.
|
|win|freudianbreath
|raw|freudianbreath's rating: 1004 → 1047(+43 for winning)
|raw|spongebob601's rating: 1036 → 1019(-17 for losing)
|l|☆spongebob601
|player|p2|
