|j|☆tt/el.glenko
|j|☆Alphonse_gg
|html|tt/el.glenkoAlphonse_gg    
|uhtml|bestof|Game 1 of a best-of-3
|t:|1783876466
|gametype|doubles
|player|p1|tt/el.glenko|170|
|player|p2|Alphonse_gg|1|
|gen|9
|tier|[Gen 9 Champions] VGC 2026 Reg M-B (Bo3)
|rule|Species Clause: Limit one of each Pokémon
|rule|Item Clause: Limit 1 of each item
|clearpoke
|poke|p1|Pelipper, L50, M|
|poke|p1|Swampert, L50, F|
|poke|p1|Archaludon, L50, M, shiny|
|poke|p1|Basculegion, L50, M|
|poke|p1|Klefki, L50, M|
|poke|p1|Farigiraf, L50, M|
|poke|p2|Blaziken, L50, F|
|poke|p2|Farigiraf, L50, M|
|poke|p2|Venusaur, L50, M|
|poke|p2|Torkoal, L50, M|
|poke|p2|Kingambit, L50, F|
|poke|p2|Grimmsnarl, L50, M|
|teampreview|4
|showteam|p1|Pelipper||FocusSash|Drizzle|Tailwind,Hurricane,WeatherBall,WideGuard|Modest||M|||50|]Swampert||Swampertite|Torrent|Protect,WaveCrash,StompingTantrum,IcePunch|Adamant||F|||50|]Archaludon||Leftovers|Stamina|Protect,ElectroShot,DragonPulse,FlashCannon|Sassy||M|||50|]Basculegion||ChoiceScarf|Adaptability|WaveCrash,LastRespects,FlipTurn,AquaJet|Adamant||M|||50|]Klefki||SitrusBerry|Prankster|FlashCannon,LightScreen,DazzlingGleam,RainDance|Bold||M|||50|]Farigiraf||ColburBerry|SapSipper|SkillSwap,HyperVoice,GrassKnot,TrickRoom|Calm||M|||50|
|showteam|p2|Blaziken||Blazikenite|SpeedBoost|FlareBlitz,CloseCombat,RockSlide,Detect|Adamant||F|||50|]Farigiraf||SitrusBerry|ArmorTail|Psychic,Thunderbolt,HelpingHand,TrickRoom|Relaxed||M|||50|]Venusaur||LifeOrb|Chlorophyll|EnergyBall,SludgeBomb,EarthPower,Protect|Modest||M|||50|]Torkoal||Leftovers|Drought|WeatherBall,Yawn,HelpingHand,Protect|Relaxed||M|||50|]Kingambit||FocusSash|Defiant|KowtowCleave,SuckerPunch,IronHead,Protect|Adamant||F|||50|]Grimmsnarl||LightClay|Prankster|SpiritBreak,Reflect,LightScreen,FakeOut|Careful||M|||50|
|c|☆Alphonse_gg|buenasss
|c|☆tt/el.glenko|buenas
|c|☆Alphonse_gg|buena suerte
|c|☆tt/el.glenko|srry por la espera
|c|☆tt/el.glenko|gracias, igualmente!
|c|☆Alphonse_gg|no te preocupes
|c|☆Alphonse_gg|aqui esta tu batalla carlos puto
|c|☆Alphonse_gg|para que lo lea
|c|☆tt/el.glenko|XD
|
|t:|1783876574
|teamsize|p1|4
|teamsize|p2|4
|start
|switch|p1a: Klefki|Klefki, L50, M|100/100
|switch|p1b: Basculegion|Basculegion, L50, M|100/100
|switch|p2a: Blaziken|Blaziken, L50, F|100/100
|switch|p2b: Grimmsnarl|Grimmsnarl, L50, M|100/100
|turn|1
|
|t:|1783876634
|switch|p2a: Venusaur|Venusaur, L50, M|100/100
|switch|p1a: Pelipper|Pelipper, L50, M|100/100
|-weather|RainDance|[from] ability: Drizzle|[of] p1a: Pelipper
|move|p2b: Grimmsnarl|Reflect|p2b: Grimmsnarl
|-sidestart|p2: Alphonse_gg|Reflect
|move|p1b: Basculegion|Wave Crash|p2b: Grimmsnarl
|-damage|p2b: Grimmsnarl|27/100
|-damage|p1b: Basculegion|74/100|[from] Recoil
|
|-weather|RainDance|[upkeep]
|upkeep
|turn|2
|
|t:|1783876692
|switch|p1b: Archaludon|Archaludon, L50, M, shiny|100/100
|switch|p2b: Torkoal|Torkoal, L50, M|100/100
|-weather|SunnyDay|[from] ability: Drought|[of] p2b: Torkoal
|move|p2a: Venusaur|Energy Ball|p1b: Archaludon
|-resisted|p1b: Archaludon|2
|-damage|p1b: Archaludon|89/100
|-unboost|p1b: Archaludon|spd|1
|-ability|p1b: Archaludon|Stamina|boost
|-boost|p1b: Archaludon|def|1
|-damage|p2a: Venusaur|90/100|[from] item: Life Orb
|move|p1a: Pelipper|Tailwind|p1a: Pelipper
|-sidestart|p1: tt/el.glenko|move: Tailwind
|
|-weather|SunnyDay|[upkeep]
|-heal|p1b: Archaludon|95/100|[from] item: Leftovers
|upkeep
|turn|3
|
|t:|1783876757
|switch|p1a: Klefki|Klefki, L50, M|100/100
|move|p1b: Archaludon|Protect|p1b: Archaludon
|-singleturn|p1b: Archaludon|Protect
|move|p2a: Venusaur|Earth Power|p1b: Archaludon
|-activate|p1b: Archaludon|move: Protect
|move|p2b: Torkoal|Yawn|p1a: Klefki
|-start|p1a: Klefki|move: Yawn|[of] p2b: Torkoal
|
|-weather|SunnyDay|[upkeep]
|-heal|p1b: Archaludon|100/100|[from] item: Leftovers
|upkeep
|turn|4
|
|t:|1783876795
|switch|p2a: Grimmsnarl|Grimmsnarl, L50, M|27/100
|switch|p1b: Pelipper|Pelipper, L50, M|100/100
|-weather|RainDance|[from] ability: Drizzle|[of] p1b: Pelipper
|move|p2b: Torkoal|Protect|p2b: Torkoal
|-singleturn|p2b: Torkoal|Protect
|move|p1a: Klefki|Light Screen|p1a: Klefki
|-sidestart|p1: tt/el.glenko|move: Light Screen
|
|-weather|RainDance|[upkeep]
|-end|p1a: Klefki|move: Yawn|[silent]
|-status|p1a: Klefki|slp
|upkeep
|turn|5
|
|t:|1783876818
|switch|p1b: Basculegion|Basculegion, L50, M|74/100
|switch|p2b: Venusaur|Venusaur, L50, M|90/100
|move|p2a: Grimmsnarl|Light Screen|p2a: Grimmsnarl
|-sidestart|p2: Alphonse_gg|move: Light Screen
|cant|p1a: Klefki|slp
|
|-weather|RainDance|[upkeep]
|-sideend|p1: tt/el.glenko|move: Tailwind
|upkeep
|turn|6
|
|t:|1783876849
|switch|p2a: Torkoal|Torkoal, L50, M|100/100
|-weather|SunnyDay|[from] ability: Drought|[of] p2a: Torkoal
|move|p2b: Venusaur|Earth Power|p1a: Klefki
|-supereffective|p1a: Klefki|1
|-crit|p1a: Klefki
|-damage|p1a: Klefki|0 fnt
|faint|p1a: Klefki
|-damage|p2b: Venusaur|80/100|[from] item: Life Orb
|move|p1b: Basculegion|Flip Turn|p2b: Venusaur
|-resisted|p2b: Venusaur|1
|-damage|p2b: Venusaur|72/100
|
|t:|1783876861
|switch|p1b: Pelipper|Pelipper, L50, M|100/100|[from] Flip Turn
|-weather|RainDance|[from] ability: Drizzle|[of] p1b: Pelipper
|
|-weather|RainDance|[upkeep]
|upkeep
|
|t:|1783876908
|switch|p1a: Archaludon|Archaludon, L50, M, shiny|100/100
|turn|7
|
|t:|1783876932
|switch|p2a: Grimmsnarl|Grimmsnarl, L50, M|27/100
|move|p2b: Venusaur|Protect|p2b: Venusaur
|-singleturn|p2b: Venusaur|Protect
|move|p1b: Pelipper|Hurricane|p2b: Venusaur
|-activate|p2b: Venusaur|move: Protect
|move|p1a: Archaludon|Electro Shot||[still]
|-prepare|p1a: Archaludon|Electro Shot
|-boost|p1a: Archaludon|spa|1
|-anim|p1a: Archaludon|Electro Shot|p2a: Grimmsnarl
|-damage|p2a: Grimmsnarl|0 fnt
|faint|p2a: Grimmsnarl
|
|-weather|RainDance|[upkeep]
|upkeep
|
|t:|1783876949
|switch|p2a: Torkoal|Torkoal, L50, M|100/100
|-weather|SunnyDay|[from] ability: Drought|[of] p2a: Torkoal
|turn|8
|
|t:|1783877008
|move|p1a: Archaludon|Protect|p1a: Archaludon
|-singleturn|p1a: Archaludon|Protect
|move|p2b: Venusaur|Energy Ball|p1b: Pelipper
|-damage|p1b: Pelipper|29/100
|-damage|p2b: Venusaur|63/100|[from] item: Life Orb
|move|p1b: Pelipper|Weather Ball|p2b: Venusaur
|-supereffective|p2b: Venusaur|1
|-damage|p2b: Venusaur|0 fnt
|faint|p2b: Venusaur
|move|p2a: Torkoal|Weather Ball|p1b: Pelipper
|-resisted|p1b: Pelipper|1
|-damage|p1b: Pelipper|1/100
|
|-weather|SunnyDay|[upkeep]
|-sideend|p2: Alphonse_gg|Reflect
|-sideend|p1: tt/el.glenko|move: Light Screen
|upkeep
|
|t:|1783877022
|switch|p2b: Blaziken|Blaziken, L50, F|100/100
|turn|9
|
|t:|1783877090
|switch|p1a: Basculegion|Basculegion, L50, M|74/100
|detailschange|p2b: Blaziken|Blaziken-Mega, L50, F
|-mega|p2b: Blaziken|Blaziken|Blazikenite
|move|p2b: Blaziken|Close Combat|p1a: Basculegion
|-immune|p1a: Basculegion
|move|p1b: Pelipper|Weather Ball|p2a: Torkoal
|-resisted|p2a: Torkoal|1
|-damage|p2a: Torkoal|83/100
|move|p2a: Torkoal|Weather Ball|p1a: Basculegion
|-resisted|p1a: Basculegion|1
|-damage|p1a: Basculegion|48/100
|
|-weather|SunnyDay|[upkeep]
|-heal|p2a: Torkoal|89/100|[from] item: Leftovers
|-ability|p2b: Blaziken|Speed Boost|boost
|-boost|p2b: Blaziken|spe|1
|upkeep
|turn|10
|
|t:|1783877164
|switch|p1b: Archaludon|Archaludon, L50, M, shiny|100/100
|move|p2b: Blaziken|Rock Slide|p1b: Archaludon|[spread] p1a,p1b
|-resisted|p1b: Archaludon|1
|-damage|p1a: Basculegion|22/100
|-damage|p1b: Archaludon|90/100
|-ability|p1b: Archaludon|Stamina|boost
|-boost|p1b: Archaludon|def|1
|move|p1a: Basculegion|Last Respects|p2a: Torkoal
|-damage|p2a: Torkoal|44/100
|move|p2a: Torkoal|Weather Ball|p1a: Basculegion
|-resisted|p1a: Basculegion|1
|-damage|p1a: Basculegion|0 fnt
|faint|p1a: Basculegion
|
|-weather|SunnyDay|[upkeep]
|-heal|p1b: Archaludon|96/100|[from] item: Leftovers
|-heal|p2a: Torkoal|50/100g|[from] item: Leftovers
|-ability|p2b: Blaziken|Speed Boost|boost
|-boost|p2b: Blaziken|spe|1
|upkeep
|
|t:|1783877178
|switch|p1a: Pelipper|Pelipper, L50, M|1/100
|-weather|RainDance|[from] ability: Drizzle|[of] p1a: Pelipper
|turn|11
|
|t:|1783877220
|move|p2a: Torkoal|Helping Hand|p2b: Blaziken
|-singleturn|p2b: Blaziken|Helping Hand|[of] p2a: Torkoal
|move|p1a: Pelipper|Wide Guard|p1a: Pelipper
|-singleturn|p1a: Pelipper|Wide Guard
|move|p2b: Blaziken|Close Combat|p1b: Archaludon
|-supereffective|p1b: Archaludon|1
|-damage|p1b: Archaludon|0 fnt
|-unboost|p2b: Blaziken|def|1
|-unboost|p2b: Blaziken|spd|1
|faint|p1b: Archaludon
|
|-weather|RainDance|[upkeep]
|-heal|p2a: Torkoal|57/100|[from] item: Leftovers
|-ability|p2b: Blaziken|Speed Boost|boost
|-boost|p2b: Blaziken|spe|1
|upkeep
|turn|12
|-message|tt/el.glenko forfeited.
|
|win|Alphonse_gg
|l|☆tt/el.glenko
|player|p1|
||tt/el.glenko is ready for game 2.
||Alphonse_gg is ready for game 2.
|uhtml|next|Next: Game 2 of 3
