|j|☆endertytar
|j|☆El Dexter
|html|endertytarEl Dexter    
|uhtml|bestof|Game 2 of a best-of-3
|t:|1756228824
|gametype|doubles
|player|p1|endertytar|266|
|player|p2|El Dexter|hilbert-wonderlauncher|
|gen|9
|tier|[Gen 9] VGC 2025 Reg H (Bo3)
|rule|Species Clause: Limit one of each Pokémon
|rule|Item Clause: Limit 1 of each item
|clearpoke
|poke|p1|Tyranitar, L50, M|
|poke|p1|Dondozo, L50, F|
|poke|p1|Sneasler, L50, M|
|poke|p1|Gholdengo, L50|
|poke|p1|Indeedee, L50, M|
|poke|p1|Volcarona, L50, F|
|poke|p2|Electabuzz, L50, M|
|poke|p2|Pelipper, L50, M|
|poke|p2|Rillaboom, L50, M|
|poke|p2|Basculegion, L50, M|
|poke|p2|Kingambit, L50, M|
|poke|p2|Archaludon, L50, M|
|teampreview|4
|showteam|p1|Tyranitar||ClearAmulet|SandStream|Protect,DragonDance,RockSlide,KnockOff|||M|||50|,,,,,Ghost]Dondozo||Leftovers|Unaware|Protect,Yawn,Liquidation,Substitute|||F|||50|,,,,,Grass]Sneasler||PsychicSeed|Unburden|CloseCombat,DireClaw,Coaching,Protect|||M|||50|,,,,,Dark]Gholdengo||MetalCoat|GoodasGold|Protect,NastyPlot,ShadowBall,MakeItRain||||||50|,,,,,Steel]Indeedee||ChoiceScarf|PsychicSurge|Trick,ExpandingForce,TrickRoom,Protect|||M|||50|,,,,,Psychic]Volcarona||SitrusBerry|FlameBody|Tailwind,FieryDance,StruggleBug,RagePowder|||F|||50|,,,,,Grass
|showteam|p2|Electabuzz||Eviolite|VitalSpirit|Electroweb,Taunt,FollowMe,Protect|||M|||50|,,,,,Ghost]Pelipper||FocusSash|Drizzle|WeatherBall,Hurricane,Tailwind,Protect|||M|||50|,,,,,Ghost]Rillaboom||LoadedDice|GrassySurge|BulletSeed,GrassyGlide,FakeOut,HighHorsepower|||M|||50|,,,,,Fire]Basculegion||ChoiceBand|SwiftSwim|WaveCrash,AquaJet,FlipTurn,LastRespects|||M|||50|,,,,,Grass]Kingambit||BlackGlasses|Defiant|KowtowCleave,SuckerPunch,SwordsDance,Protect|||M|||50|,,,,,Dark]Archaludon||AssaultVest|Stamina|FlashCannon,DragonPulse,ElectroShot,BodyPress|||M|||50|,,,,,Fairy
|inactive|Battle timer is ON: inactive players will automatically lose when time's up. (requested by endertytar)
|inactive|endertytar has 60 seconds left.
|inactive|El Dexter has 60 seconds left.
|
|t:|1756228868
|teamsize|p1|4
|teamsize|p2|4
|start
|switch|p1a: Sneasler|Sneasler, L50, M|100/100
|switch|p1b: Dondozo|Dondozo, L50, F|100/100
|switch|p2a: Mojo Jojo|Rillaboom, L50, M, shiny|100/100
|switch|p2b: Basculegion|Basculegion, L50, M|100/100
|-fieldstart|move: Grassy Terrain|[from] ability: Grassy Surge|[of] p2a: Mojo Jojo
|turn|1
|
|t:|1756228890
|switch|p2a: Richa|Pelipper, L50, M|100/100
|-weather|RainDance|[from] ability: Drizzle|[of] p2a: Richa
|move|p1a: Sneasler|Protect|p1a: Sneasler
|-singleturn|p1a: Sneasler|Protect
|move|p2b: Basculegion|Flip Turn|p1a: Sneasler
|-activate|p1a: Sneasler|move: Protect
|move|p1b: Dondozo|Yawn|p2b: Basculegion
|-start|p2b: Basculegion|move: Yawn|[of] p1b: Dondozo
|
|-weather|RainDance|[upkeep]
|upkeep
|turn|2
|inactive|endertytar has 30 seconds left.
|inactive|endertytar has 20 seconds left.
|
|t:|1756228928
|switch|p1b: Indeedee|Indeedee, L50, M|100/100
|-fieldstart|move: Psychic Terrain|[from] ability: Psychic Surge|[of] p1b: Indeedee
|-enditem|p1a: Sneasler|Psychic Seed
|-boost|p1a: Sneasler|spd|1|[from] item: Psychic Seed
|move|p1a: Sneasler|Dire Claw|p2a: Richa
|-damage|p2a: Richa|43/100
|move|p2b: Basculegion|Flip Turn|p1a: Sneasler
|-damage|p1a: Sneasler|0 fnt
|faint|p1a: Sneasler
|
|t:|1756228941
|switch|p2b: Mojo Jojo|Rillaboom, L50, M, shiny|100/100|[from] Flip Turn
|-fieldstart|move: Grassy Terrain|[from] ability: Grassy Surge|[of] p2b: Mojo Jojo
|move|p2a: Richa|Tailwind|p2a: Richa
|-sidestart|p2: El Dexter|move: Tailwind
|
|-weather|RainDance|[upkeep]
|upkeep
|
|t:|1756228948
|switch|p1a: Dondozo|Dondozo, L50, F|100/100
|turn|3
|
|t:|1756228968
|switch|p2a: Francisco|Archaludon, L50, M|100/100
|move|p1a: Dondozo|Protect|p1a: Dondozo
|-singleturn|p1a: Dondozo|Protect
|move|p2b: Mojo Jojo|Bullet Seed|p2a: Francisco
|-resisted|p2a: Francisco
|-damage|p2a: Francisco|98/100
|-ability|p2a: Francisco|Stamina|boost
|-boost|p2a: Francisco|def|1
|-resisted|p2a: Francisco
|-damage|p2a: Francisco|96/100
|-ability|p2a: Francisco|Stamina|boost
|-boost|p2a: Francisco|def|1
|-resisted|p2a: Francisco
|-crit|p2a: Francisco
|-damage|p2a: Francisco|92/100
|-ability|p2a: Francisco|Stamina|boost
|-boost|p2a: Francisco|def|1
|-resisted|p2a: Francisco
|-damage|p2a: Francisco|91/100
|-ability|p2a: Francisco|Stamina|boost
|-boost|p2a: Francisco|def|1
|-hitcount|p2a: Francisco|4
|move|p1b: Indeedee|Trick Room|p1b: Indeedee
|-fieldstart|move: Trick Room|[of] p1b: Indeedee
|
|-weather|RainDance|[upkeep]
|-heal|p2a: Francisco|97/100|[from] Grassy Terrain
|upkeep
|turn|4
|inactive|El Dexter has 30 seconds left.
|
|t:|1756228997
|switch|p1b: Tyranitar|Tyranitar, L50, M|100/100
|-weather|Sandstorm|[from] ability: Sand Stream|[of] p1b: Tyranitar
|-terastallize|p1a: Dondozo|Grass
|move|p1a: Dondozo|Yawn|p2a: Francisco
|-start|p2a: Francisco|move: Yawn|[of] p1a: Dondozo
|move|p2a: Francisco|Body Press|p1b: Tyranitar
|-supereffective|p1b: Tyranitar
|-damage|p1b: Tyranitar|0 fnt
|faint|p1b: Tyranitar
|move|p2b: Mojo Jojo|Bullet Seed|p1a: Dondozo
|-resisted|p1a: Dondozo
|-damage|p1a: Dondozo|95/100
|-resisted|p1a: Dondozo
|-damage|p1a: Dondozo|90/100
|-resisted|p1a: Dondozo
|-damage|p1a: Dondozo|85/100
|-resisted|p1a: Dondozo
|-damage|p1a: Dondozo|80/100
|-resisted|p1a: Dondozo
|-damage|p1a: Dondozo|75/100
|-hitcount|p1a: Dondozo|5
|
|-weather|Sandstorm|[upkeep]
|-damage|p1a: Dondozo|69/100|[from] Sandstorm
|-damage|p2b: Mojo Jojo|95/100|[from] Sandstorm
|-heal|p1a: Dondozo|75/100|[from] Grassy Terrain
|-heal|p1a: Dondozo|81/100|[from] item: Leftovers
|-heal|p2a: Francisco|100/100|[from] Grassy Terrain
|-heal|p2b: Mojo Jojo|100/100|[from] Grassy Terrain
|upkeep
|
|t:|1756229010
|switch|p1b: Indeedee|Indeedee, L50, M|100/100
|-fieldstart|move: Psychic Terrain|[from] ability: Psychic Surge|[of] p1b: Indeedee
|turn|5
|inactive|El Dexter has 30 seconds left.
|inactive|El Dexter has 20 seconds left.
|
|t:|1756229048
|switch|p2a: Richa|Pelipper, L50, M|43/100
|-weather|RainDance|[from] ability: Drizzle|[of] p2a: Richa
|switch|p2b: Basculegion|Basculegion, L50, M|100/100
|move|p1a: Dondozo|Substitute|p1a: Dondozo
|-start|p1a: Dondozo|Substitute
|-damage|p1a: Dondozo|56/100
|move|p1b: Indeedee|Trick|p2a: Richa
|-activate|p1b: Indeedee|move: Trick|[of] p2a: Richa
|-item|p2a: Richa|Choice Scarf|[from] move: Trick
|-item|p1b: Indeedee|Focus Sash|[from] move: Trick
|
|-weather|RainDance|[upkeep]
|-heal|p1a: Dondozo|62/100|[from] item: Leftovers
|-sideend|p2: El Dexter|move: Tailwind
|upkeep
|turn|6
|inactive|El Dexter has 30 seconds left.
|
|t:|1756229081
|switch|p2a: Mojo Jojo|Rillaboom, L50, M, shiny|100/100
|-fieldstart|move: Grassy Terrain|[from] ability: Grassy Surge|[of] p2a: Mojo Jojo
|-terastallize|p2b: Basculegion|Grass
|move|p1a: Dondozo|Protect|p1a: Dondozo
|-singleturn|p1a: Dondozo|Protect
|move|p1b: Indeedee|Expanding Force|p2a: Mojo Jojo
|-damage|p2a: Mojo Jojo|62/100
|move|p2b: Basculegion|Wave Crash|p1b: Indeedee
|-enditem|p1b: Indeedee|Focus Sash
|-damage|p1b: Indeedee|1/100
|-damage|p2b: Basculegion|77/100|[from] Recoil
|
|-weather|RainDance|[upkeep]
|-heal|p1a: Dondozo|68/100|[from] Grassy Terrain
|-heal|p1a: Dondozo|74/100|[from] item: Leftovers
|-heal|p2a: Mojo Jojo|68/100|[from] Grassy Terrain
|-heal|p1b: Indeedee|7/100|[from] Grassy Terrain
|-heal|p2b: Basculegion|84/100|[from] Grassy Terrain
|upkeep
|turn|7
|
|t:|1756229103
|switch|p2b: Francisco|Archaludon, L50, M|100/100
|move|p1b: Indeedee|Protect|p1b: Indeedee
|-singleturn|p1b: Indeedee|Protect
|move|p1a: Dondozo|Liquidation|p2b: Francisco
|-resisted|p2b: Francisco
|-damage|p2b: Francisco|83/100
|-ability|p2b: Francisco|Stamina|boost
|-boost|p2b: Francisco|def|1
|move|p2a: Mojo Jojo|Bullet Seed|p1b: Indeedee
|-activate|p1b: Indeedee|move: Protect
|
|-weather|RainDance|[upkeep]
|-heal|p1a: Dondozo|80/100|[from] Grassy Terrain
|-heal|p1a: Dondozo|86/100|[from] item: Leftovers
|-heal|p2b: Francisco|90/100|[from] Grassy Terrain
|-heal|p2a: Mojo Jojo|74/100|[from] Grassy Terrain
|-heal|p1b: Indeedee|13/100|[from] Grassy Terrain
|-fieldend|move: Trick Room
|upkeep
|turn|8
|inactive|El Dexter has 30 seconds left.
|
|t:|1756229130
|move|p2a: Mojo Jojo|Grassy Glide|p1b: Indeedee
|-damage|p1b: Indeedee|0 fnt
|faint|p1b: Indeedee
|move|p2b: Francisco|Dragon Pulse|p1a: Dondozo
|-end|p1a: Dondozo|Substitute
|move|p1a: Dondozo|Liquidation|p2a: Mojo Jojo
|-resisted|p2a: Mojo Jojo
|-damage|p2a: Mojo Jojo|51/100
|
|-weather|RainDance|[upkeep]
|-heal|p2a: Mojo Jojo|57/100|[from] Grassy Terrain
|-heal|p2b: Francisco|96/100|[from] Grassy Terrain
|-heal|p1a: Dondozo|91/100|[from] Grassy Terrain
|-heal|p1a: Dondozo|97/100|[from] item: Leftovers
|upkeep
|turn|9
|
|t:|1756229146
|move|p2a: Mojo Jojo|Bullet Seed|p1a: Dondozo
|-resisted|p1a: Dondozo
|-damage|p1a: Dondozo|92/100
|-resisted|p1a: Dondozo
|-damage|p1a: Dondozo|87/100
|-resisted|p1a: Dondozo
|-damage|p1a: Dondozo|82/100
|-resisted|p1a: Dondozo
|-damage|p1a: Dondozo|77/100
|-resisted|p1a: Dondozo
|-damage|p1a: Dondozo|72/100
|-hitcount|p1a: Dondozo|5
|move|p2b: Francisco|Dragon Pulse|p1a: Dondozo
|-damage|p1a: Dondozo|42/100
|move|p1a: Dondozo|Liquidation|p2a: Mojo Jojo
|-resisted|p2a: Mojo Jojo
|-damage|p2a: Mojo Jojo|33/100
|
|-weather|none
|-heal|p2a: Mojo Jojo|39/100|[from] Grassy Terrain
|-heal|p2b: Francisco|100/100|[from] Grassy Terrain
|-heal|p1a: Dondozo|48/100|[from] Grassy Terrain
|-heal|p1a: Dondozo|54/100|[from] item: Leftovers
|upkeep
|turn|10
|
|t:|1756229165
|switch|p2a: Richa|Pelipper, L50, M|43/100
|-weather|RainDance|[from] ability: Drizzle|[of] p2a: Richa
|move|p2b: Francisco|Dragon Pulse|p1a: Dondozo
|-damage|p1a: Dondozo|24/100
|move|p1a: Dondozo|Liquidation|p2a: Richa
|-resisted|p2a: Richa
|-damage|p2a: Richa|12/100
|
|-weather|RainDance|[upkeep]
|-heal|p1a: Dondozo|30/100|[from] Grassy Terrain
|-heal|p1a: Dondozo|36/100|[from] item: Leftovers
|-fieldend|move: Grassy Terrain
|upkeep
|turn|11
|
|t:|1756229179
|move|p2a: Richa|Hurricane|p1a: Dondozo
|-supereffective|p1a: Dondozo
|-damage|p1a: Dondozo|0 fnt
|faint|p1a: Dondozo
|
|win|El Dexter
||endertytar is ready for game 3.
||El Dexter is ready for game 3.
|uhtml|next|Next: Game 3 of 3
|l|☆endertytar
|player|p1|
