|j|☆kdkems
|j|☆lox1sm
|html|kdkemslox1sm    
|uhtml|bestof|Game 1 of a best-of-3
|t:|1783279916
|gametype|doubles
|player|p1|kdkems|101|1251
|player|p2|lox1sm|veteran|1194
|gen|9
|tier|[Gen 9 Champions] VGC 2026 Reg M-B (Bo3)
|rated|
|rule|Species Clause: Limit one of each Pokémon
|rule|Item Clause: Limit 1 of each item
|clearpoke
|poke|p1|Charizard, L50, F|
|poke|p1|Incineroar, L50, F|
|poke|p1|Whimsicott, L50, F|
|poke|p1|Garchomp, L50, M|
|poke|p1|Basculegion, L50, M|
|poke|p1|Floette-Eternal, L50, F|
|poke|p2|Charizard, L50, M|
|poke|p2|Aerodactyl, L50, F|
|poke|p2|Garchomp, L50, M|
|poke|p2|Kingambit, L50, F|
|poke|p2|Farigiraf, L50, F|
|poke|p2|Primarina, L50, M|
|teampreview|4
|showteam|p1|Charizard||CharizarditeY|Blaze|SolarBeam,HeatWave,WeatherBall,Protect|Modest||F|||50|]Incineroar||SitrusBerry|Intimidate|FakeOut,PartingShot,ThroatChop,FlareBlitz|Sassy||F|||50|]Whimsicott||FocusSash|Prankster|Encore,Moonblast,Tailwind,Protect|Timid||F|||50|]Garchomp||LifeOrb|RoughSkin|Earthquake,DragonClaw,RockSlide,Protect|Jolly||M|||50|]Basculegion||ChoiceScarf|Adaptability|WaveCrash,AquaJet,FlipTurn,LastRespects|Jolly||M|||50|]Floette-Eternal||Floettite|FlowerVeil|DazzlingGleam,Moonblast,LightofRuin,Protect|Modest||F|||50|
|showteam|p2|Charizard||CharizarditeY|Blaze|HeatWave,WeatherBall,SolarBeam,Protect|Modest||M|||50|]Aerodactyl||Aerodactylite|Unnerve|RockSlide,IceFang,Tailwind,Protect|Jolly||F|||50|]Garchomp||LifeOrb|RoughSkin|DragonClaw,Earthquake,RockSlide,Protect|Jolly||M|||50|]Kingambit||FocusSash|Defiant|KowtowCleave,SuckerPunch,IronHead,LowKick|Adamant||F|||50|]Farigiraf||ExpertBelt|ArmorTail|Psychic,DazzlingGleam,Thunderbolt,TrickRoom|Modest||F|||50|]Primarina||MysticWater|LiquidVoice|HyperVoice,Moonblast,Haze,Protect|Modest||M|||50|
|inactive|Battle timer is ON: inactive players will automatically lose when time's up. (requested by kdkems)
|inactive|kdkems has 60 seconds left.
|inactive|lox1sm has 60 seconds left.
|inactive|kdkems has 30 seconds left.
|inactive|lox1sm has 30 seconds left.
|inactive|kdkems has 20 seconds left.
|inactive|lox1sm has 20 seconds left.
|inactive|kdkems has 15 seconds left.
|inactive|lox1sm has 15 seconds left.
|inactive|kdkems has 10 seconds left.
|inactive|lox1sm has 10 seconds left.
|inactive|kdkems has 5 seconds left.
|inactive|lox1sm has 5 seconds left.
|
|t:|1783280010
|teamsize|p1|4
|teamsize|p2|4
|start
|switch|p1a: Charizard|Charizard, L50, F|100/100
|switch|p1b: Garchomp|Garchomp, L50, M|100/100
|switch|p2a: Primarina|Primarina, L50, M|100/100
|switch|p2b: Farigiraf|Farigiraf, L50, F|100/100
|turn|1
|inactive|kdkems has 30 seconds left.
|inactive|lox1sm has 30 seconds left.
|
|t:|1783280043
|detailschange|p1a: Charizard|Charizard-Mega-Y, L50, F
|-mega|p1a: Charizard|Charizard|Charizardite Y
|-weather|SunnyDay|[from] ability: Drought|[of] p1a: Charizard
|move|p2a: Primarina|Protect|p2a: Primarina
|-singleturn|p2a: Primarina|Protect
|move|p1b: Garchomp|Earthquake|p2a: Primarina|[spread] p2b
|-activate|p2a: Primarina|move: Protect
|-immune|p1a: Charizard
|-damage|p2b: Farigiraf|43/100
|-damage|p1b: Garchomp|90/100|[from] item: Life Orb
|move|p1a: Charizard|Solar Beam||[still]
|-prepare|p1a: Charizard|Solar Beam
|-anim|p1a: Charizard|Solar Beam|p2a: Primarina
|-activate|p2a: Primarina|move: Protect
|move|p2b: Farigiraf|Trick Room|p2b: Farigiraf
|-fieldstart|move: Trick Room|[of] p2b: Farigiraf
|
|-weather|SunnyDay|[upkeep]
|upkeep
|turn|2
|inactive|kdkems has 30 seconds left.
|inactive|lox1sm has 30 seconds left.
|
|t:|1783280072
|move|p1b: Garchomp|Protect|p1b: Garchomp
|-singleturn|p1b: Garchomp|Protect
|move|p2b: Farigiraf|Thunderbolt|p1a: Charizard
|-supereffective|p1a: Charizard|1
|-damage|p1a: Charizard|22/100
|move|p2a: Primarina|Hyper Voice|p1a: Charizard|[spread] p1a
|-activate|p1b: Garchomp|move: Protect
|-supereffective|p1a: Charizard|1
|-damage|p1a: Charizard|0 fnt
|faint|p1a: Charizard
|
|-weather|SunnyDay|[upkeep]
|upkeep
|
|t:|1783280082
|switch|p1a: Incineroar|Incineroar, L50, F|100/100
|-ability|p1a: Incineroar|Intimidate|boost
|-unboost|p2a: Primarina|atk|1
|-unboost|p2b: Farigiraf|atk|1
|turn|3
|
|t:|1783280100
|move|p1a: Incineroar|Throat Chop|p2a: Primarina
|-resisted|p2a: Primarina|1
|-damage|p2a: Primarina|75/100
|-start|p2a: Primarina|Throat Chop|[silent]
|move|p2b: Farigiraf|Psychic|p1b: Garchomp
|-damage|p1b: Garchomp|41/100
|cant|p2a: Primarina|move: Throat Chop
|move|p1b: Garchomp|Rock Slide|p2a: Primarina|[spread] p2a,p2b
|-damage|p2a: Primarina|37/100
|-damage|p2b: Farigiraf|18/100
|-damage|p1b: Garchomp|31/100|[from] item: Life Orb
|
|-weather|SunnyDay|[upkeep]
|upkeep
|turn|4
|
|t:|1783280123
|move|p2a: Primarina|Protect|p2a: Primarina
|-singleturn|p2a: Primarina|Protect
|move|p1b: Garchomp|Protect|p1b: Garchomp
|-singleturn|p1b: Garchomp|Protect
|move|p1a: Incineroar|Flare Blitz|p2a: Primarina
|-activate|p2a: Primarina|move: Protect
|move|p2b: Farigiraf|Dazzling Gleam|p1b: Garchomp|[spread] p1a
|-activate|p1b: Garchomp|move: Protect
|-damage|p1a: Incineroar|85/100
|
|-weather|SunnyDay|[upkeep]
|-end|p2a: Primarina|Throat Chop|[silent]
|upkeep
|turn|5
|
|t:|1783280142
|switch|p2a: Charizard|Charizard, L50, M|100/100
|move|p1b: Garchomp|Protect||[still]
|-fail|p1b: Garchomp
|move|p1a: Incineroar|Flare Blitz|p2a: Charizard
|-resisted|p2a: Charizard|1
|-damage|p2a: Charizard|62/100
|-damage|p1a: Incineroar|74/100|[from] Recoil
|move|p2b: Farigiraf|Dazzling Gleam|p1a: Incineroar|[spread] p1a,p1b
|-supereffective|p1b: Garchomp|1
|-damage|p1a: Incineroar|60/100
|-damage|p1b: Garchomp|0 fnt
|faint|p1b: Garchomp
|
|-weather|none
|-fieldend|move: Trick Room
|upkeep
|
|t:|1783280150
|switch|p1b: Basculegion|Basculegion, L50, M|100/100
|turn|6
|
|t:|1783280169
|detailschange|p2a: Charizard|Charizard-Mega-Y, L50, M
|-mega|p2a: Charizard|Charizard|Charizardite Y
|-weather|SunnyDay|[from] ability: Drought|[of] p2a: Charizard
|move|p2a: Charizard|Protect|p2a: Charizard
|-singleturn|p2a: Charizard|Protect
|move|p1b: Basculegion|Last Respects|p2a: Charizard
|-activate|p2a: Charizard|move: Protect
|move|p2b: Farigiraf|Dazzling Gleam|p1a: Incineroar|[spread] p1a,p1b
|-damage|p1a: Incineroar|46/100
|-damage|p1b: Basculegion|77/100
|-enditem|p1a: Incineroar|Sitrus Berry|[eat]
|-heal|p1a: Incineroar|71/100|[from] item: Sitrus Berry
|move|p1a: Incineroar|Throat Chop|p2b: Farigiraf
|-supereffective|p2b: Farigiraf|1
|-damage|p2b: Farigiraf|0 fnt
|faint|p2b: Farigiraf
|
|-weather|SunnyDay|[upkeep]
|upkeep
|
|t:|1783280186
|switch|p2b: Kingambit|Kingambit, L50, F|100/100
|turn|7
|
|t:|1783280199
|move|p2b: Kingambit|Sucker Punch|p1b: Basculegion
|-supereffective|p1b: Basculegion|1
|-damage|p1b: Basculegion|0 fnt
|faint|p1b: Basculegion
|move|p2a: Charizard|Weather Ball|p1a: Incineroar
|-resisted|p1a: Incineroar|1
|-damage|p1a: Incineroar|39/100
|move|p1a: Incineroar|Flare Blitz|p2b: Kingambit
|-supereffective|p2b: Kingambit|1
|-enditem|p2b: Kingambit|Focus Sash
|-damage|p2b: Kingambit|1/100
|-status|p2b: Kingambit|brn
|-damage|p1a: Incineroar|10/100|[from] Recoil
|
|-weather|SunnyDay|[upkeep]
|-damage|p2b: Kingambit|0 fnt|[from] brn
|faint|p2b: Kingambit
|upkeep
|-message|kdkems forfeited.
|
|win|lox1sm
|l|☆kdkems
|player|p1|
||kdkems is ready for game 2.
||lox1sm is ready for game 2.
|uhtml|next|Next: Game 2 of 3
