|j|☆void25o
|j|☆3rdPlaceTennis
|html|void25o3rdPlaceTennis    
|uhtml|bestof|Game 2 of a best-of-3
|t:|1756602926
|gametype|doubles
|player|p1|void25o|miku-ghost|1135
|player|p2|3rdPlaceTennis|bugcatcher-gen4dp|1048
|gen|9
|tier|[Gen 9] VGC 2025 Reg H (Bo3)
|rated|
|rule|Species Clause: Limit one of each Pokémon
|rule|Item Clause: Limit 1 of each item
|clearpoke
|poke|p1|Pelipper, L50, F|
|poke|p1|Archaludon, L50, M|
|poke|p1|Maushold-Four, L50|
|poke|p1|Poliwrath, L50, M|
|poke|p1|Sinistcha, L50|
|poke|p1|Indeedee, L50, M|
|poke|p2|Kommo-o, L50, F|
|poke|p2|Gothitelle, L50, F|
|poke|p2|Ninetales-Alola, L50, M|
|poke|p2|Incineroar, L50, M|
|poke|p2|Ursaluna, L50, F|
|poke|p2|Archaludon, L50, F|
|teampreview|4
|showteam|p1|Pelipper||SafetyGoggles|Drizzle|WeatherBall,Hurricane,Tailwind,Protect|||F|||50|,,,,,Ground]Archaludon||AssaultVest|Stamina|DragonPulse,ElectroShot,FlashCannon,BodyPress|||M|||50|,,,,,Grass]Maushold-Four||WideLens|Technician|PopulationBomb,FollowMe,Taunt,Protect||||||50|,,,,,Ghost]Poliwrath||SitrusBerry|SwiftSwim|DrainPunch,Liquidation,BellyDrum,Protect|||M|||50|,,,,,Grass]Sinistcha||RockyHelmet|Hospitality|MatchaGotcha,LifeDew,RagePowder,TrickRoom||||||50|,,,,,Water]Indeedee||FocusSash|PsychicSurge|ExpandingForce,TeraBlast,Imprison,TrickRoom|||M|||50|,,,,,Psychic
|showteam|p2|Kommo-o||ThroatSpray|Soundproof|ClangingScales,Flamethrower,ClangorousSoul,Protect|||F|||50|,,,,,Fire]Gothitelle||Leftovers|ShadowTag|Protect,Psychic,TrickRoom,FakeOut|||F|||50|,,,,,Water]Ninetales-Alola||FocusSash|SnowWarning|Protect,Encore,Blizzard,IcyWind|||M|||50|,,,,,Ghost]Incineroar||SafetyGoggles|Intimidate|KnockOff,Taunt,FakeOut,PartingShot|||M|||50|,,,,,Ghost]Ursaluna||FlameOrb|Guts|Facade,HeadlongRush,Earthquake,Protect|||F|||50|,,,,,Fairy]Archaludon||PowerHerb|Sturdy|DracoMeteor,ElectroShot,Thunderbolt,Protect|||F|||50|,,,,,Electric
|
|t:|1756602936
|teamsize|p1|4
|teamsize|p2|4
|start
|switch|p1a: Maushold|Maushold-Four, L50|100/100
|switch|p1b: Poliwrath|Poliwrath, L50, M|100/100
|switch|p2a: Gothitelle|Gothitelle, L50, F|100/100
|switch|p2b: Kommo-o|Kommo-o, L50, F|100/100
|turn|1
|
|t:|1756602944
|-terastallize|p1a: Maushold|Ghost
|move|p2a: Gothitelle|Fake Out|p1b: Poliwrath
|-damage|p1b: Poliwrath|94/100
|move|p1a: Maushold|Population Bomb|p2a: Gothitelle
|-damage|p2a: Gothitelle|89/100
|-damage|p2a: Gothitelle|77/100
|-damage|p2a: Gothitelle|65/100
|-damage|p2a: Gothitelle|52/100
|-damage|p2a: Gothitelle|41/100
|-damage|p2a: Gothitelle|29/100
|-damage|p2a: Gothitelle|18/100
|-damage|p2a: Gothitelle|7/100
|-damage|p2a: Gothitelle|0 fnt
|faint|p2a: Gothitelle
|-hitcount|p2: Gothitelle|9
|move|p2b: Kommo-o|Clanging Scales|p1a: Maushold|[spread] p1a,p1b
|-damage|p1a: Maushold|38/100
|-damage|p1b: Poliwrath|52/100
|-unboost|p2b: Kommo-o|def|1
|-enditem|p2b: Kommo-o|Throat Spray
|-boost|p2b: Kommo-o|spa|1|[from] item: Throat Spray
|cant|p1b: Poliwrath|flinch
|
|upkeep
|
|t:|1756602960
|switch|p2a: Archaludon|Archaludon, L50, F|100/100
|turn|2
|
|t:|1756602968
|move|p2b: Kommo-o|Protect|p2b: Kommo-o
|-singleturn|p2b: Kommo-o|Protect
|move|p1a: Maushold|Population Bomb|p2a: Archaludon
|-resisted|p2a: Archaludon
|-damage|p2a: Archaludon|95/100
|-resisted|p2a: Archaludon
|-damage|p2a: Archaludon|90/100
|-resisted|p2a: Archaludon
|-damage|p2a: Archaludon|85/100
|-resisted|p2a: Archaludon
|-damage|p2a: Archaludon|79/100
|-resisted|p2a: Archaludon
|-damage|p2a: Archaludon|74/100
|-resisted|p2a: Archaludon
|-damage|p2a: Archaludon|68/100
|-resisted|p2a: Archaludon
|-damage|p2a: Archaludon|63/100
|-resisted|p2a: Archaludon
|-damage|p2a: Archaludon|57/100
|-resisted|p2a: Archaludon
|-damage|p2a: Archaludon|53/100
|-resisted|p2a: Archaludon
|-damage|p2a: Archaludon|48/100
|-hitcount|p2a: Archaludon|10
|move|p2a: Archaludon|Electro Shot||[still]
|-prepare|p2a: Archaludon|Electro Shot
|-boost|p2a: Archaludon|spa|1
|-enditem|p2a: Archaludon|Power Herb
|-anim|p2a: Archaludon|Electro Shot|p1a: Maushold
|-damage|p1a: Maushold|0 fnt
|faint|p1a: Maushold
|move|p1b: Poliwrath|Drain Punch|p2a: Archaludon
|-supereffective|p2a: Archaludon
|-damage|p2a: Archaludon|0 fnt
|-heal|p1b: Poliwrath|74/100|[from] drain|[of] p2a: Archaludon
|faint|p2a: Archaludon
|
|upkeep
|
|t:|1756602978
|switch|p1a: Pelipper|Pelipper, L50, F|100/100
|switch|p2a: Ninetales|Ninetales-Alola, L50, M|100/100
|-weather|Snowscape|[from] ability: Snow Warning|[of] p2a: Ninetales
|-weather|RainDance|[from] ability: Drizzle|[of] p1a: Pelipper
|turn|3
|
|t:|1756602989
|move|p1b: Poliwrath|Drain Punch|p2b: Kommo-o
|-damage|p2b: Kommo-o|50/100
|-heal|p1b: Poliwrath|95/100|[from] drain|[of] p2b: Kommo-o
|move|p2a: Ninetales|Blizzard|p1b: Poliwrath|[spread] p1a,p1b
|-resisted|p1b: Poliwrath
|-damage|p1a: Pelipper|57/100
|-damage|p1b: Poliwrath|79/100
|move|p2b: Kommo-o|Clanging Scales|p1a: Pelipper|[spread] p1a,p1b
|-damage|p1a: Pelipper|0 fnt
|-damage|p1b: Poliwrath|15/100
|-enditem|p1b: Poliwrath|Sitrus Berry|[eat]
|-heal|p1b: Poliwrath|40/100|[from] item: Sitrus Berry
|faint|p1a: Pelipper
|-unboost|p2b: Kommo-o|def|1
|
|-weather|RainDance|[upkeep]
|upkeep
|
|t:|1756602993
|switch|p1a: Indeedee|Indeedee, L50, M|100/100
|-fieldstart|move: Psychic Terrain|[from] ability: Psychic Surge|[of] p1a: Indeedee
|turn|4
|
|t:|1756603010
|move|p2b: Kommo-o|Protect|p2b: Kommo-o
|-singleturn|p2b: Kommo-o|Protect
|move|p1b: Poliwrath|Drain Punch|p2b: Kommo-o
|-activate|p2b: Kommo-o|move: Protect
|move|p2a: Ninetales|Blizzard|p1b: Poliwrath|[spread] p1a,p1b
|-resisted|p1b: Poliwrath
|-damage|p1a: Indeedee|60/100
|-damage|p1b: Poliwrath|23/100
|move|p1a: Indeedee|Expanding Force|p2a: Ninetales|[spread] p2a
|-activate|p2b: Kommo-o|move: Protect
|-damage|p2a: Ninetales|42/100
|
|-weather|RainDance|[upkeep]
|upkeep
|turn|5
|
|t:|1756603020
|move|p1b: Poliwrath|Drain Punch|p2b: Kommo-o
|-damage|p2b: Kommo-o|0 fnt
|-heal|p1b: Poliwrath|44/100|[from] drain|[of] p2b: Kommo-o
|faint|p2b: Kommo-o
|move|p2a: Ninetales|Icy Wind|p1a: Indeedee|[spread] p1a,p1b
|-resisted|p1b: Poliwrath
|-crit|p1b: Poliwrath
|-damage|p1a: Indeedee|39/100
|-damage|p1b: Poliwrath|32/100
|-unboost|p1a: Indeedee|spe|1
|-unboost|p1b: Poliwrath|spe|1
|move|p1a: Indeedee|Expanding Force|p2a: Ninetales
|-damage|p2a: Ninetales|0 fnt
|faint|p2a: Ninetales
|
|win|void25o
