|j|☆dragapultintin
|j|☆itsmako psoe
|html|dragapultintinitsmako psoe    
|uhtml|bestof|Game 1 of a best-of-3
|t:|1785965077
|gametype|doubles
|player|p1|dragapultintin|ethan-gen2|1110
|player|p2|itsmako psoe|benga|1172
|gen|9
|tier|[Gen 9 Champions] VGC 2026 Reg M-B (Bo3)
|rated|
|rule|Species Clause: Limit one of each Pokémon
|rule|Item Clause: Limit 1 of each item
|clearpoke
|poke|p1|Staraptor, L50, M|
|poke|p1|Raichu, L50, F, shiny|
|poke|p1|Sylveon, L50, F|
|poke|p1|Farigiraf, L50, F, shiny|
|poke|p1|Arcanine-Hisui, L50, M, shiny|
|poke|p1|Kingambit, L50, M|
|poke|p2|Basculegion, L50, M|
|poke|p2|Whimsicott, L50, F|
|poke|p2|Charizard, L50, M|
|poke|p2|Sylveon, L50, F|
|poke|p2|Kingambit, L50, M|
|poke|p2|Garchomp, L50, M|
|teampreview|4
|showteam|p1|Staraptor||Staraptite|Intimidate|Tailwind,Protect,CloseCombat,DualWingbeat|Jolly||M|||50|]Raichu||RaichuniteY|LightningRod|FakeOut,ZapCannon,FocusBlast,Protect|Timid||F|||50|]Sylveon||FairyFeather|Pixilate|Detect,HyperVoice,QuickAttack,HyperBeam|Modest||F|||50|]Farigiraf||SitrusBerry|ArmorTail|Psychic,TrickRoom,HelpingHand,Protect|Calm||F|||50|]Arcanine-Hisui||FocusSash|RockHead|Protect,ExtremeSpeed,HeadSmash,FlareBlitz|Jolly||M|||50|]Kingambit||LifeOrb|Defiant|Protect,KowtowCleave,SwordsDance,SuckerPunch|Adamant||M|||50|
|showteam|p2|Basculegion||ChoiceScarf|Adaptability|LastRespects,PsychicFangs,WaveCrash,AquaJet|Jolly||M|||50|]Whimsicott||FocusSash|Prankster|Tailwind,Moonblast,Encore,Protect|Timid||F|||50|]Charizard||CharizarditeY|Blaze|HeatWave,SolarBeam,AirSlash,Protect|Modest||M|||50|]Sylveon||FairyFeather|Pixilate|HyperVoice,HyperBeam,QuickAttack,Detect|Rash||F|||50|]Kingambit||ChopleBerry|Defiant|SuckerPunch,KowtowCleave,Protect,LowKick|Adamant||M|||50|]Garchomp||LifeOrb|RoughSkin|Earthquake,RockSlide,Protect,DragonClaw|Jolly||M|||50|
|inactive|Battle timer is ON: inactive players will automatically lose when time's up. (requested by dragapultintin)
|inactive|itsmako psoe also wants the timer to be on.
|inactive|dragapultintin has 60 seconds left.
|inactive|itsmako psoe has 60 seconds left.
|
|t:|1785965135
|teamsize|p1|4
|teamsize|p2|4
|start
|switch|p1a: Raichu|Raichu, L50, F, shiny|100/100
|switch|p1b: Kingambit|Kingambit, L50, M|100/100
|switch|p2a: Sylveon|Sylveon, L50, F|100/100
|switch|p2b: Kingambit|Kingambit, L50, M|100/100
|turn|1
|
|t:|1785965151
|move|p2a: Sylveon|Detect|p2a: Sylveon
|-singleturn|p2a: Sylveon|Protect
|move|p2b: Kingambit|Protect|p2b: Kingambit
|-singleturn|p2b: Kingambit|Protect
|move|p1a: Raichu|Fake Out|p2b: Kingambit
|-activate|p2b: Kingambit|move: Protect
|move|p1b: Kingambit|Swords Dance|p1b: Kingambit
|-boost|p1b: Kingambit|atk|2
|
|upkeep
|turn|2
|
|t:|1785965169
|switch|p2b: Garchomp|Garchomp, L50, M|100/100
|detailschange|p1a: Raichu|Raichu-Mega-Y, L50, F, shiny
|-mega|p1a: Raichu|Raichu|Raichunite Y
|move|p1b: Kingambit|Protect|p1b: Kingambit
|-singleturn|p1b: Kingambit|Protect
|move|p1a: Raichu|Focus Blast|p2b: Garchomp
|-damage|p2b: Garchomp|56/100
|-unboost|p2b: Garchomp|spd|1
|move|p2a: Sylveon|Hyper Beam|p1b: Kingambit
|-activate|p1b: Kingambit|move: Protect
|
|upkeep
|turn|3
|
|t:|1785965184
|move|p2a: Sylveon|Detect|p2a: Sylveon
|-singleturn|p2a: Sylveon|Protect
|move|p1b: Kingambit|Sucker Punch|p2b: Garchomp
|-damage|p2b: Garchomp|0 fnt
|-damage|p1b: Kingambit|87/100|[from] ability: Rough Skin|[of] p2b: Garchomp
|faint|p2b: Garchomp
|-damage|p1b: Kingambit|78/100|[from] item: Life Orb
|move|p1a: Raichu|Zap Cannon|p2a: Sylveon
|-activate|p2a: Sylveon|move: Protect
|
|upkeep
|
|t:|1785965191
|switch|p2b: Charizard|Charizard, L50, M|100/100
|turn|4
|
|t:|1785965205
|move|p2b: Charizard|Protect|p2b: Charizard
|-singleturn|p2b: Charizard|Protect
|move|p1b: Kingambit|Sucker Punch||[still]
|-fail|p1b: Kingambit
|move|p1a: Raichu|Zap Cannon|p2a: Sylveon
|-damage|p2a: Sylveon|48/100
|-status|p2a: Sylveon|par
|move|p2a: Sylveon|Hyper Beam|p1b: Kingambit
|-damage|p1b: Kingambit|0 fnt
|-mustrecharge|p2a: Sylveon
|faint|p1b: Kingambit
|
|upkeep
|
|t:|1785965212
|switch|p1b: Sylveon|Sylveon, L50, F|100/100
|turn|5
|
|t:|1785965220
|detailschange|p2b: Charizard|Charizard-Mega-Y, L50, M
|-mega|p2b: Charizard|Charizard|Charizardite Y
|-weather|SunnyDay|[from] ability: Drought|[of] p2b: Charizard
|move|p1a: Raichu|Zap Cannon|p2b: Charizard
|-supereffective|p2b: Charizard|1
|-damage|p2b: Charizard|0 fnt
|faint|p2b: Charizard
|move|p1b: Sylveon|Hyper Voice|p2a: Sylveon
|-damage|p2a: Sylveon|1/100 par
|cant|p2a: Sylveon|recharge
|
|-weather|SunnyDay|[upkeep]
|upkeep
|
|t:|1785965225
|switch|p2b: Kingambit|Kingambit, L50, M|100/100
|turn|6
|
|t:|1785965232
|move|p2b: Kingambit|Sucker Punch|p1b: Sylveon
|-resisted|p1b: Sylveon|1
|-damage|p1b: Sylveon|76/100
|move|p1a: Raichu|Focus Blast|p2b: Kingambit
|-supereffective|p2b: Kingambit|2
|-enditem|p2b: Kingambit|Chople Berry|[eat]
|-enditem|p2b: Kingambit|Chople Berry|[weaken]
|-damage|p2b: Kingambit|19/100
|move|p1b: Sylveon|Hyper Voice|p2b: Kingambit|[spread] p2a,p2b
|-damage|p2a: Sylveon|0 fnt
|-damage|p2b: Kingambit|0 fnt
|faint|p2a: Sylveon
|faint|p2b: Kingambit
|
|win|dragapultintin
||itsmako psoe is ready for game 2.
