|j|☆HarigeHenk
|j|☆Gray_Gak
|html|HarigeHenkGray_Gak    
|uhtml|bestof|Game 2 of a best-of-3
|t:|1757698891
|gametype|doubles
|player|p1|HarigeHenk|170|1122
|player|p2|Gray_Gak|flannery|1171
|gen|9
|tier|[Gen 9] VGC 2025 Reg H (Bo3)
|rated|
|rule|Species Clause: Limit one of each Pokémon
|rule|Item Clause: Limit 1 of each item
|clearpoke
|poke|p1|Kommo-o, L50, F|
|poke|p1|Drifblim, L50, F|
|poke|p1|Hydreigon, L50, M|
|poke|p1|Toxtricity, L50, M|
|poke|p1|Volcarona, L50, M|
|poke|p1|Indeedee, L50, M|
|poke|p2|Wyrdeer, L50, F|
|poke|p2|Indeedee-F, L50, F|
|poke|p2|Annihilape, L50, F|
|poke|p2|Torkoal, L50, F|
|poke|p2|Delphox, L50, F|
|poke|p2|Kingambit, L50, F|
|teampreview|4
|showteam|p1|Kommo-o||Leftovers|Soundproof|BodyPress,Flamethrower,IronDefense,Protect|||F|||50|,,,,,Fire]Drifblim||PsychicSeed|Unburden|Acrobatics,WillOWisp,StrengthSap,Tailwind|||F|||50|,,,,,Grass]Hydreigon||AssaultVest|Levitate|DarkPulse,DracoMeteor,EarthPower,Snarl|||M|||50|,,,,,Ghost]Toxtricity||ChoiceSpecs|PunkRock|Overdrive,SludgeBomb,Boomburst,VoltSwitch|||M|||50|,,,,,Normal]Volcarona||LifeOrb|FlameBody|BugBuzz,HeatWave,TeraBlast,Protect|||M|||50|,,,,,Fairy]Indeedee||FocusSash|PsychicSurge|ExpandingForce,TeraBlast,Imprison,TrickRoom|||M|||50|,,,,,Ground
|showteam|p2|Wyrdeer||LifeOrb|Intimidate|Protect,TrickRoom,ExpandingForce,EarthPower|||F|||50|,,,,,Ground]Indeedee-F||RockyHelmet|PsychicSurge|Imprison,FollowMe,TrickRoom,Psychic|||F|||50|,,,,,Grass]Annihilape||SafetyGoggles|Defiant|DrainPunch,ThroatChop,RageFist,Protect|||F|||50|,,,,,Fire]Torkoal||Charcoal|Drought|Eruption,HelpingHand,Protect,WeatherBall|||F|||50|,,,,,Grass]Delphox||ChoiceScarf|Blaze|HeatWave,ExpandingForce,DazzlingGleam,Flamethrower|||F|||50|,,,,,Fairy]Kingambit||AssaultVest|Defiant|KowtowCleave,SuckerPunch,PoisonJab,LowKick|||F|||50|,,,,,Flying
|inactive|Battle timer is ON: inactive players will automatically lose when time's up. (requested by HarigeHenk)
|
|t:|1757698936
|teamsize|p1|4
|teamsize|p2|4
|start
|switch|p1a: Toxtricity|Toxtricity, L50, M|100/100
|switch|p1b: Kommo-o|Kommo-o, L50, F|100/100
|switch|p2a: Delphox|Delphox, L50, F|100/100
|switch|p2b: Indeedee|Indeedee-F, L50, F|100/100
|-fieldstart|move: Psychic Terrain|[from] ability: Psychic Surge|[of] p2b: Indeedee
|turn|1
|
|t:|1757698958
|switch|p1b: Hydreigon|Hydreigon, L50, M|100/100
|-terastallize|p1a: Toxtricity|Normal
|move|p2a: Delphox|Expanding Force|p1b: Hydreigon|[spread] p1a
|-immune|p1b: Hydreigon
|-damage|p1a: Toxtricity|8/100
|move|p1a: Toxtricity|Boomburst|p2a: Delphox|[spread] p1b,p2a,p2b
|-damage|p1b: Hydreigon|31/100
|-damage|p2a: Delphox|0 fnt
|-damage|p2b: Indeedee|0 fnt
|faint|p2a: Delphox
|faint|p2b: Indeedee
|
|upkeep
|
|t:|1757698972
|switch|p2a: Wyrdeer|Wyrdeer, L50, F|100/100
|switch|p2b: Annihilape|Annihilape, L50, F|100/100
|-ability|p2a: Wyrdeer|Intimidate|boost
|-unboost|p1a: Toxtricity|atk|1
|-unboost|p1b: Hydreigon|atk|1
|turn|2
|
|t:|1757698989
|switch|p1a: Volcarona|Volcarona, L50, M|100/100
|-terastallize|p2a: Wyrdeer|Ground
|move|p2b: Annihilape|Protect|p2b: Annihilape
|-singleturn|p2b: Annihilape|Protect
|move|p1b: Hydreigon|Snarl|p2a: Wyrdeer|[spread] p2a
|-activate|p2b: Annihilape|move: Protect
|-crit|p2a: Wyrdeer
|-damage|p2a: Wyrdeer|68/100
|-unboost|p2a: Wyrdeer|spa|1
|move|p2a: Wyrdeer|Trick Room|p2a: Wyrdeer
|-fieldstart|move: Trick Room|[of] p2a: Wyrdeer
|
|upkeep
|turn|3
|inactive|Gray_Gak has 30 seconds left.
|
|t:|1757699021
|move|p2a: Wyrdeer|Expanding Force|p1b: Hydreigon|[spread] p1a
|-immune|p1b: Hydreigon
|-damage|p1a: Volcarona|45/100
|-damage|p2a: Wyrdeer|58/100|[from] item: Life Orb
|move|p2b: Annihilape|Drain Punch|p1b: Hydreigon
|-supereffective|p1b: Hydreigon
|-damage|p1b: Hydreigon|0 fnt
|faint|p1b: Hydreigon
|move|p1a: Volcarona|Heat Wave|p2a: Wyrdeer|[spread] p2b
|-miss|p1a: Volcarona|p2a: Wyrdeer
|-damage|p2b: Annihilape|52/100
|-damage|p1a: Volcarona|35/100|[from] item: Life Orb
|
|upkeep
|
|t:|1757699031
|switch|p1b: Kommo-o|Kommo-o, L50, F|100/100
|turn|4
|
|t:|1757699045
|move|p2a: Wyrdeer|Expanding Force|p1b: Kommo-o|[spread] p1a,p1b
|-supereffective|p1b: Kommo-o
|-damage|p1a: Volcarona|0 fnt
|-damage|p1b: Kommo-o|27/100
|faint|p1a: Volcarona
|-damage|p2a: Wyrdeer|48/100|[from] item: Life Orb
|move|p2b: Annihilape|Drain Punch|p1b: Kommo-o
|-damage|p1b: Kommo-o|0 fnt
|-heal|p2b: Annihilape|64/100|[from] drain|[of] p1b: Kommo-o
|faint|p1b: Kommo-o
|
|upkeep
|
|t:|1757699048
|switch|p1b: Toxtricity|Toxtricity, L50, M, tera:Normal|8/100
|turn|5
|-message|HarigeHenk forfeited.
|
|win|Gray_Gak
|raw|HarigeHenk's rating: 1122 → 1101(-21 for losing)
|raw|Gray_Gak's rating: 1171 → 1192(+21 for winning)
|l|☆HarigeHenk
|player|p1|
|l|☆Gray_Gak
|player|p2|
|j|☆Gray_Gak
|player|p2|Gray_Gak|flannery|
