|j|☆x-3 demon
|j|☆bigboyblue3451
|html|x-3 demonbigboyblue3451    
|uhtml|bestof|Game 1 of a best-of-3
|t:|1757204061
|gametype|doubles
|player|p1|x-3 demon|boarder-gen2|1290
|player|p2|bigboyblue3451|101|1314
|gen|9
|tier|[Gen 9] VGC 2025 Reg H (Bo3)
|rated|
|rule|Species Clause: Limit one of each Pokémon
|rule|Item Clause: Limit 1 of each item
|clearpoke
|poke|p1|Dragonite, L50, F|
|poke|p1|Sinistcha, L50|
|poke|p1|Ursaluna, L50, F|
|poke|p1|Gholdengo, L50|
|poke|p1|Incineroar, L50, F|
|poke|p1|Ninetales-Alola, L50, M|
|poke|p2|Archaludon, L50, M|
|poke|p2|Pelipper, L50, M|
|poke|p2|Amoonguss, L50, F|
|poke|p2|Basculegion, L50, M|
|poke|p2|Farigiraf, L50, M|
|poke|p2|Kingambit, L50, M|
|teampreview|4
|showteam|p1|Dragonite||LoadedDice|Multiscale|ScaleShot,Haze,Tailwind,Protect|||F|||50|,,,,,Fairy]Sinistcha||SitrusBerry|Hospitality|MatchaGotcha,LifeDew,RagePowder,TrickRoom||||||50|,,,,,Dark]Ursaluna||FlameOrb|Guts|HeadlongRush,Earthquake,Facade,Protect|||F|||50|,,,,,Ghost]Gholdengo||LifeOrb|GoodasGold|MakeItRain,ShadowBall,NastyPlot,Protect||||||50|,,,,,Water]Incineroar||AssaultVest|Intimidate|FlareBlitz,KnockOff,FakeOut,Uturn|||F|||50|,,,,,Grass]Ninetales-Alola||FocusSash|SnowWarning|IcyWind,FreezeDry,Encore,AuroraVeil|||M|||50|,,,,,Ghost
|showteam|p2|Archaludon||AssaultVest|Stamina|ElectroShot,FlashCannon,DracoMeteor,BodyPress|||M|||50|,,,,,Grass]Pelipper||FocusSash|Drizzle|MuddyWater,Hurricane,Tailwind,Protect|||M|||50|,,,,,Stellar]Amoonguss||CovertCloak|Regenerator|Spore,PollenPuff,RagePowder,ClearSmog|||F|||50|,,,,,Psychic]Basculegion||ChoiceBand|SwiftSwim|AquaJet,FlipTurn,WaveCrash,LastRespects|||M|||50|,,,,,Water]Farigiraf||SitrusBerry|ArmorTail|TeraBlast,Psychic,TrickRoom,Protect|||M|||50|,,,,,Fighting]Kingambit||SafetyGoggles|Defiant|SuckerPunch,KowtowCleave,SwordsDance,Protect|||M|||50|,,,,,Ghost
|
|t:|1757204132
|teamsize|p1|4
|teamsize|p2|4
|start
|switch|p1a: Dragonite|Dragonite, L50, F|100/100
|switch|p1b: Ninetales|Ninetales-Alola, L50, M|100/100
|switch|p2a: Pelipper|Pelipper, L50, M|100/100
|switch|p2b: Basculegion|Basculegion, L50, M|100/100
|-weather|Snowscape|[from] ability: Snow Warning|[of] p1b: Ninetales
|-weather|RainDance|[from] ability: Drizzle|[of] p2a: Pelipper
|turn|1
|
|t:|1757204164
|move|p2b: Basculegion|Flip Turn|p1b: Ninetales
|-enditem|p1b: Ninetales|Focus Sash
|-damage|p1b: Ninetales|1/100
|
|t:|1757204178
|switch|p2b: Archaludon|Archaludon, L50, M|100/100|[from] Flip Turn
|move|p1b: Ninetales|Freeze-Dry|p2a: Pelipper
|-supereffective|p2a: Pelipper
|-enditem|p2a: Pelipper|Focus Sash
|-damage|p2a: Pelipper|1/100
|move|p1a: Dragonite|Scale Shot|p2a: Pelipper
|-damage|p2a: Pelipper|0 fnt
|faint|p2a: Pelipper
|-hitcount|p2: Pelipper|1
|-unboost|p1a: Dragonite|def|1
|-boost|p1a: Dragonite|spe|1
|
|-weather|RainDance|[upkeep]
|upkeep
|
|t:|1757204185
|switch|p2a: Basculegion|Basculegion, L50, M|100/100
|turn|2
|
|t:|1757204214
|switch|p1b: Sinistcha|Sinistcha, L50|100/100
|move|p1a: Dragonite|Protect|p1a: Dragonite
|-singleturn|p1a: Dragonite|Protect
|move|p2a: Basculegion|Flip Turn|p1a: Dragonite
|-activate|p1a: Dragonite|move: Protect
|move|p2b: Archaludon|Electro Shot||[still]
|-prepare|p2b: Archaludon|Electro Shot
|-boost|p2b: Archaludon|spa|1
|-anim|p2b: Archaludon|Electro Shot|p1a: Dragonite
|-activate|p1a: Dragonite|move: Protect
|
|-weather|RainDance|[upkeep]
|upkeep
|turn|3
|inactive|Battle timer is ON: inactive players will automatically lose when time's up. (requested by bigboyblue3451)
|
|t:|1757204282
|switch|p1b: Ninetales|Ninetales-Alola, L50, M|1/100
|-weather|Snowscape|[from] ability: Snow Warning|[of] p1b: Ninetales
|move|p1a: Dragonite|Tailwind|p1a: Dragonite
|-sidestart|p1: x-3 demon|move: Tailwind
|move|p2a: Basculegion|Flip Turn|p1a: Dragonite
|-resisted|p1a: Dragonite
|-damage|p1a: Dragonite|83/100
|
|t:|1757204299
|switch|p2a: Amoonguss|Amoonguss, L50, F|100/100|[from] Flip Turn
|move|p2b: Archaludon|Flash Cannon|p1a: Dragonite
|-damage|p1a: Dragonite|21/100
|
|-weather|Snowscape|[upkeep]
|upkeep
|turn|4
|inactive|x-3 demon has 30 seconds left.
|inactive|x-3 demon has 20 seconds left.
|
|t:|1757204338
|-terastallize|p2a: Amoonguss|Psychic
|move|p1a: Dragonite|Scale Shot|p2a: Amoonguss
|-crit|p2a: Amoonguss
|-damage|p2a: Amoonguss|82/100
|-damage|p2a: Amoonguss|71/100
|-damage|p2a: Amoonguss|60/100
|-damage|p2a: Amoonguss|47/100
|-damage|p2a: Amoonguss|35/100
|-hitcount|p2a: Amoonguss|5
|-unboost|p1a: Dragonite|def|1
|-boost|p1a: Dragonite|spe|1
|move|p1b: Ninetales|Freeze-Dry|p2a: Amoonguss
|-damage|p2a: Amoonguss|13/100
|move|p2b: Archaludon|Flash Cannon|p1b: Ninetales
|-supereffective|p1b: Ninetales
|-damage|p1b: Ninetales|0 fnt
|faint|p1b: Ninetales
|move|p2a: Amoonguss|Spore|p1a: Dragonite
|-status|p1a: Dragonite|slp|[from] move: Spore
|
|-weather|Snowscape|[upkeep]
|upkeep
|
|t:|1757204359
|switch|p1b: Ursaluna|Ursaluna, L50, F, shiny|100/100
|turn|5
|inactive|x-3 demon has 30 seconds left.
|inactive|x-3 demon has 20 seconds left.
|
|t:|1757204395
|switch|p1a: Sinistcha|Sinistcha, L50|100/100
|switch|p2a: Basculegion|Basculegion, L50, M|100/100
|move|p1b: Ursaluna|Earthquake|p2b: Archaludon|[spread] p1a,p2a,p2b
|-resisted|p1a: Sinistcha
|-supereffective|p2b: Archaludon
|-damage|p1a: Sinistcha|84/100
|-damage|p2a: Basculegion|42/100
|-damage|p2b: Archaludon|41/100
|-ability|p2b: Archaludon|Stamina|boost
|-boost|p2b: Archaludon|def|1
|move|p2b: Archaludon|Body Press|p1b: Ursaluna
|-supereffective|p1b: Ursaluna
|-damage|p1b: Ursaluna|43/100
|
|-weather|Snowscape|[upkeep]
|-status|p1b: Ursaluna|brn|[from] item: Flame Orb
|upkeep
|turn|6
|inactive|x-3 demon has 30 seconds left.
|inactive|bigboyblue3451 has 30 seconds left.
|inactive|x-3 demon has 20 seconds left.
|inactive|bigboyblue3451 has 20 seconds left.
|inactive|x-3 demon has 15 seconds left.
|inactive|bigboyblue3451 has 15 seconds left.
|inactive|bigboyblue3451 has 10 seconds left.
|inactive|x-3 demon has 10 seconds left.
|inactive|bigboyblue3451 has 5 seconds left.
|
|t:|1757204450
|move|p2a: Basculegion|Aqua Jet|p1a: Sinistcha
|-resisted|p1a: Sinistcha
|-damage|p1a: Sinistcha|71/100
|move|p1b: Ursaluna|Earthquake|p2a: Basculegion|[spread] p1a,p2a,p2b
|-resisted|p1a: Sinistcha
|-crit|p2a: Basculegion
|-supereffective|p2b: Archaludon
|-damage|p1a: Sinistcha|43/100
|-damage|p2a: Basculegion|0 fnt
|-damage|p2b: Archaludon|0 fnt
|-enditem|p1a: Sinistcha|Sitrus Berry|[eat]
|-heal|p1a: Sinistcha|67/100|[from] item: Sitrus Berry
|faint|p2a: Basculegion
|faint|p2b: Archaludon
|move|p1a: Sinistcha|Life Dew|p1a: Sinistcha|[spread] p1a,p1b
|-heal|p1a: Sinistcha|93/100
|-heal|p1b: Ursaluna|68/100 brn
|
|-weather|Snowscape|[upkeep]
|-damage|p1b: Ursaluna|62/100 brn|[from] brn
|-sideend|p1: x-3 demon|move: Tailwind
|upkeep
|inactive|bigboyblue3451 has 30 seconds left.
|inactive|bigboyblue3451 has 20 seconds left.
|inactive|bigboyblue3451 has 15 seconds left.
|inactive|bigboyblue3451 has 10 seconds left.
|inactive|bigboyblue3451 has 5 seconds left.
|
|t:|1757204505
|switch|p2a: Amoonguss|Amoonguss, L50, F, tera:Psychic|46/100
|turn|7
|inactive|bigboyblue3451 has 30 seconds left.
|inactive|bigboyblue3451 has 20 seconds left.
|inactive|bigboyblue3451 has 15 seconds left.
|inactive|bigboyblue3451 has 10 seconds left.
|inactive|bigboyblue3451 has 5 seconds left.
|
|t:|1757204560
|move|p1b: Ursaluna|Facade|p2a: Amoonguss
|-damage|p2a: Amoonguss|0 fnt
|faint|p2a: Amoonguss
|
|win|x-3 demon
||x-3 demon is ready for game 2.
|inactive|bigboyblue3451 has 30 seconds to confirm battle start!
