|j|☆gundi8
|j|☆Sapillo
|html|gundi8Sapillo    
|uhtml|bestof|Game 3 of a best-of-3
|t:|1756245788
|gametype|doubles
|player|p1|gundi8|ethan-gen2|1163
|player|p2|Sapillo|1|1203
|gen|9
|tier|[Gen 9] VGC 2025 Reg H (Bo3)
|rated|
|rule|Species Clause: Limit one of each Pokémon
|rule|Item Clause: Limit 1 of each item
|clearpoke
|poke|p1|Garchomp, L50, M|
|poke|p1|Jumpluff, L50, F|
|poke|p1|Torkoal, L50, M|
|poke|p1|Dragonite, L50, F|
|poke|p1|Kingambit, L50, F|
|poke|p1|Typhlosion-Hisui, L50, M|
|poke|p2|Tyranitar, L50, M|
|poke|p2|Excadrill, L50, F|
|poke|p2|Dragonite, L50, F|
|poke|p2|Incineroar, L50, F|
|poke|p2|Amoonguss, L50, M|
|poke|p2|Primarina, L50, M|
|teampreview|4
|showteam|p1|Garchomp||LifeOrb|RoughSkin|DragonClaw,StompingTantrum,Earthquake,Protect|||M|||50|,,,,,Fire]Jumpluff||CovertCloak|Chlorophyll|LeafStorm,SleepPowder,Encore,Tailwind|||F|||50|,,,,,Dark]Torkoal||EjectPack|Drought|Overheat,BurningJealousy,HelpingHand,Protect|||M|||50|,,,,,Flying]Dragonite||LoadedDice|Multiscale|ScaleShot,ExtremeSpeed,Haze,Protect|||F|||50|,,,,,Fairy]Kingambit||AssaultVest|Defiant|IronHead,SuckerPunch,Assurance,LowKick|||F|||50|,,,,,Flying]Typhlosion-Hisui||ChoiceSpecs|Blaze|Eruption,ShadowBall,HeatWave,Overheat|||M|||50|,,,,,Fire
|showteam|p2|Tyranitar||AssaultVest|SandStream|RockSlide,KnockOff,LowKick,TeraBlast|||M|||50|,,,,,Flying]Excadrill||ClearAmulet|SandRush|IronHead,HighHorsepower,Earthquake,Protect|||F|||50|,,,,,Stellar]Dragonite||LoadedDice|Multiscale|ScaleShot,Haze,Tailwind,Protect|||F|||50|,,,,,Fairy]Incineroar||SafetyGoggles|Intimidate|FakeOut,KnockOff,Taunt,PartingShot|||F|||50|,,,,,Ghost]Amoonguss||SitrusBerry|Regenerator|GigaDrain,Spore,RagePowder,Protect|||M|||50|,,,,,Water]Primarina||ChoiceSpecs|LiquidVoice|Moonblast,HyperVoice,DazzlingGleam,IcyWind|||M|||50|,,,,,Poison
|inactive|Battle timer is ON: inactive players will automatically lose when time's up. (requested by gundi8)
|inactive|Sapillo has 60 seconds left.
|inactive|Sapillo has 30 seconds left.
|inactive|Sapillo has 20 seconds left.
|inactive|Sapillo has 15 seconds left.
|inactive|Sapillo has 10 seconds left.
|
|t:|1756245869
|teamsize|p1|4
|teamsize|p2|4
|start
|switch|p1a: Kingambit|Kingambit, L50, F|100/100
|switch|p1b: Jumpluff|Jumpluff, L50, F|100/100
|switch|p2a: Amoonguss|Amoonguss, L50, M|100/100
|switch|p2b: Dragonite|Dragonite, L50, F|100/100
|turn|1
|inactive|gundi8 has 30 seconds left.
|inactive|Sapillo has 30 seconds left.
|
|t:|1756245898
|move|p2b: Dragonite|Protect|p2b: Dragonite
|-singleturn|p2b: Dragonite|Protect
|move|p1b: Jumpluff|Tailwind|p1b: Jumpluff
|-sidestart|p1: gundi8|move: Tailwind
|move|p1a: Kingambit|Assurance|p2b: Dragonite
|-activate|p2b: Dragonite|move: Protect
|move|p2a: Amoonguss|Spore|p1a: Kingambit
|-status|p1a: Kingambit|slp|[from] move: Spore
|
|upkeep
|turn|2
|
|t:|1756245911
|switch|p2a: Tyranitar|Tyranitar, L50, M|100/100
|-weather|Sandstorm|[from] ability: Sand Stream|[of] p2a: Tyranitar
|move|p1b: Jumpluff|Encore|p2b: Dragonite
|-start|p2b: Dragonite|Encore
|cant|p1a: Kingambit|slp
|move|p2b: Dragonite|Protect||[still]
|-fail|p2b: Dragonite
|
|-weather|Sandstorm|[upkeep]
|-damage|p1b: Jumpluff|94/100|[from] Sandstorm
|-damage|p2b: Dragonite|95/100|[from] Sandstorm
|upkeep
|turn|3
|
|t:|1756245923
|switch|p2b: Amoonguss|Amoonguss, L50, M|100/100
|move|p1b: Jumpluff|Sleep Powder|p2a: Tyranitar
|-status|p2a: Tyranitar|slp|[from] move: Sleep Powder
|cant|p1a: Kingambit|slp
|cant|p2a: Tyranitar|slp
|
|-weather|Sandstorm|[upkeep]
|-damage|p1b: Jumpluff|88/100|[from] Sandstorm
|-damage|p2b: Amoonguss|95/100|[from] Sandstorm
|upkeep
|turn|4
|
|t:|1756245942
|switch|p2a: Dragonite|Dragonite, L50, F|95/100
|move|p1b: Jumpluff|Leaf Storm|p2a: Dragonite
|-resisted|p2a: Dragonite
|-damage|p2a: Dragonite|87/100
|-unboost|p1b: Jumpluff|spa|2
|-curestatus|p1a: Kingambit|slp|[msg]
|move|p1a: Kingambit|Low Kick|p2a: Dragonite
|-resisted|p2a: Dragonite
|-damage|p2a: Dragonite|64/100
|move|p2b: Amoonguss|Spore|p1a: Kingambit
|-status|p1a: Kingambit|slp|[from] move: Spore
|
|-weather|Sandstorm|[upkeep]
|-damage|p1b: Jumpluff|82/100|[from] Sandstorm
|-damage|p2a: Dragonite|58/100|[from] Sandstorm
|-damage|p2b: Amoonguss|89/100|[from] Sandstorm
|-sideend|p1: gundi8|move: Tailwind
|upkeep
|turn|5
|inactive|gundi8 has 30 seconds left.
|inactive|Sapillo has 30 seconds left.
|
|t:|1756245973
|move|p1b: Jumpluff|Tailwind|p1b: Jumpluff
|-sidestart|p1: gundi8|move: Tailwind
|cant|p1a: Kingambit|slp
|move|p2a: Dragonite|Scale Shot|p1b: Jumpluff
|-damage|p1b: Jumpluff|63/100
|-damage|p1b: Jumpluff|46/100
|-damage|p1b: Jumpluff|26/100
|-damage|p1b: Jumpluff|9/100
|-damage|p1b: Jumpluff|0 fnt
|faint|p1b: Jumpluff
|-hitcount|p1: Jumpluff|5
|-unboost|p2a: Dragonite|def|1
|-boost|p2a: Dragonite|spe|1
|move|p2b: Amoonguss|Spore|p1a: Kingambit
|-fail|p1a: Kingambit|slp
|
|-weather|Sandstorm|[upkeep]
|-damage|p2a: Dragonite|52/100|[from] Sandstorm
|-damage|p2b: Amoonguss|83/100|[from] Sandstorm
|upkeep
|
|t:|1756245983
|switch|p1b: Typhlosion|Typhlosion-Hisui, L50, M|100/100
|turn|6
|
|t:|1756246002
|-terastallize|p1b: Typhlosion|Fire
|-terastallize|p2b: Amoonguss|Water
|move|p2a: Dragonite|Protect|p2a: Dragonite
|-singleturn|p2a: Dragonite|Protect
|move|p1b: Typhlosion|Eruption|p2b: Amoonguss|[spread] p2b
|-activate|p2a: Dragonite|move: Protect
|-resisted|p2b: Amoonguss
|-damage|p2b: Amoonguss|39/100
|-enditem|p2b: Amoonguss|Sitrus Berry|[eat]
|-heal|p2b: Amoonguss|64/100|[from] item: Sitrus Berry
|cant|p1a: Kingambit|slp
|move|p2b: Amoonguss|Spore|p1a: Kingambit
|-fail|p1a: Kingambit|slp
|
|-weather|none
|upkeep
|turn|7
|
|t:|1756246027
|move|p2b: Amoonguss|Rage Powder|p2b: Amoonguss
|-singleturn|p2b: Amoonguss|move: Rage Powder
|move|p1b: Typhlosion|Eruption|p2a: Dragonite|[spread] p2a,p2b
|-resisted|p2a: Dragonite
|-resisted|p2b: Amoonguss
|-damage|p2a: Dragonite|0 fnt
|-damage|p2b: Amoonguss|12/100
|faint|p2a: Dragonite
|cant|p1a: Kingambit|slp
|
|upkeep
|
|t:|1756246032
|switch|p2a: Tyranitar|Tyranitar, L50, M|100/100 slp
|-weather|Sandstorm|[from] ability: Sand Stream|[of] p2a: Tyranitar
|turn|8
|
|t:|1756246039
|switch|p1a: Torkoal|Torkoal, L50, M, shiny|100/100
|-weather|SunnyDay|[from] ability: Drought|[of] p1a: Torkoal
|move|p2b: Amoonguss|Rage Powder|p2b: Amoonguss
|-singleturn|p2b: Amoonguss|move: Rage Powder
|move|p1b: Typhlosion|Eruption|p2b: Amoonguss|[spread] p2a,p2b
|-resisted|p2a: Tyranitar
|-resisted|p2b: Amoonguss
|-damage|p2a: Tyranitar|54/100 slp
|-damage|p2b: Amoonguss|0 fnt
|faint|p2b: Amoonguss
|-curestatus|p2a: Tyranitar|slp|[msg]
|move|p2a: Tyranitar|Low Kick|p1a: Torkoal
|-damage|p1a: Torkoal|77/100
|
|-weather|SunnyDay|[upkeep]
|-sideend|p1: gundi8|move: Tailwind
|upkeep
|
|t:|1756246041
|switch|p2b: Incineroar|Incineroar, L50, F|100/100
|-ability|p2b: Incineroar|Intimidate|boost
|-unboost|p1a: Torkoal|atk|1
|-unboost|p1b: Typhlosion|atk|1
|-enditem|p1a: Torkoal|Eject Pack
|
|t:|1756246044
|switch|p1a: Kingambit|Kingambit, L50, F|100/100 slp
|turn|9
|
|t:|1756246064
|move|p2b: Incineroar|Fake Out|p1b: Typhlosion
|-damage|p1b: Typhlosion|83/100
|cant|p1b: Typhlosion|flinch
|-curestatus|p1a: Kingambit|slp|[msg]
|move|p1a: Kingambit|Low Kick|p2a: Tyranitar
|-supereffective|p2a: Tyranitar
|-damage|p2a: Tyranitar|0 fnt
|faint|p2a: Tyranitar
|
|-weather|SunnyDay|[upkeep]
|upkeep
|turn|10
|-message|Sapillo forfeited.
|
|win|gundi8
|raw|gundi8's rating: 1163 → 1191(+28 for winning)
|raw|Sapillo's rating: 1203 → 1175(-28 for losing)
|l|☆Sapillo
|player|p2|
