|j|☆wade connects
|j|☆homerj71
|html|wade connectshomerj71    
|uhtml|bestof|Game 2 of a best-of-3
|t:|1783882570
|gametype|doubles
|player|p1|wade connects|266|1126
|player|p2|homerj71|169|1231
|gen|9
|tier|[Gen 9 Champions] VGC 2026 Reg M-B (Bo3)
|rated|
|rule|Species Clause: Limit one of each Pokémon
|rule|Item Clause: Limit 1 of each item
|clearpoke
|poke|p1|Malamar, L50, F|
|poke|p1|Mimikyu, L50, M, shiny|
|poke|p1|Pyroar, L50, F, shiny|
|poke|p1|Vileplume, L50, M, shiny|
|poke|p1|Aegislash, L50, F|
|poke|p1|Torkoal, L50, F|
|poke|p2|Sneasler, L50, F|
|poke|p2|Sinistcha, L50|
|poke|p2|Incineroar, L50, F|
|poke|p2|Kingambit, L50, M|
|poke|p2|Delphox, L50, F|
|poke|p2|Floette-Eternal, L50, F|
|teampreview|4
|showteam|p1|Malamar||Malamarite|Contrary|Protect,PsychoCut,KnockOff,Superpower|Brave||F|||50|]Mimikyu||MentalHerb|Disguise|Protect,TrickRoom,PlayRough,ShadowClaw|Brave||M|||50|]Pyroar||Pyroarite|Unnerve|Protect,Flamethrower,ScorchingSands,HeatWave|Timid||F|||50|]Vileplume||FocusSash|Chlorophyll|AfterYou,SleepPowder,SolarBeam,SludgeBomb|Timid||M|||50|]Aegislash||ColburBerry|StanceChange|KingsShield,IronHead,SacredSword,Poltergeist|Brave||F|||50|]Torkoal||LifeOrb|Drought|Protect,HelpingHand,Eruption,EarthPower|Quiet||F|||50|
|showteam|p2|Sneasler||FocusSash|PoisonTouch|QuickGuard,FakeOut,DireClaw,CloseCombat|Jolly||F|||50|]Sinistcha||OccaBerry|Hospitality|Protect,RagePowder,MatchaGotcha,TrickRoom|Relaxed|||||50|]Incineroar||SitrusBerry|Intimidate|FakeOut,FlareBlitz,ThroatChop,PartingShot|Careful||F|||50|]Kingambit||BlackGlasses|Defiant|KowtowCleave,SwordsDance,SuckerPunch,Protect|Adamant||M|||50|]Delphox||Delphoxite|Blaze|Protect,NastyPlot,HeatWave,Psyshock|Timid||F|||50|]Floette-Eternal||Floettite|FlowerVeil|Moonblast,CalmMind,Protect,DazzlingGleam|Bold||F|||50|
|inactive|Battle timer is ON: inactive players will automatically lose when time's up. (requested by homerj71)
|inactive|homerj71 has 60 seconds left.
|
|t:|1783882603
|teamsize|p1|4
|teamsize|p2|4
|start
|switch|p1a: Aegislash|Aegislash, L50, F|100/100
|switch|p1b: Mimikyu|Mimikyu, L50, M, shiny|100/100
|switch|p2a: Delphox|Delphox, L50, F|100/100
|switch|p2b: Sneasler|Sneasler, L50, F|100/100
|turn|1
|
|t:|1783882615
|detailschange|p2a: Delphox|Delphox-Mega, L50, F
|-mega|p2a: Delphox|Delphox|Delphoxite
|move|p1a: Aegislash|King's Shield|p1a: Aegislash
|-singleturn|p1a: Aegislash|Protect
|move|p2a: Delphox|Heat Wave|p1a: Aegislash|[spread] p1b
|-activate|p1a: Aegislash|move: Protect
|-activate|p1b: Mimikyu|ability: Disguise
|-damage|p1b: Mimikyu|100/100
|detailschange|p1b: Mimikyu|Mimikyu-Busted, L50, M, shiny
|-damage|p1b: Mimikyu|87/100|[from] pokemon: Mimikyu-Busted
|move|p2b: Sneasler|Dire Claw|p1b: Mimikyu
|-damage|p1b: Mimikyu|33/100
|-status|p1b: Mimikyu|psn|[from] ability: Poison Touch|[of] p2b: Sneasler
|move|p1b: Mimikyu|Trick Room|p1b: Mimikyu
|-fieldstart|move: Trick Room|[of] p1b: Mimikyu
|
|-damage|p1b: Mimikyu|20/100y psn|[from] psn
|upkeep
|turn|2
|inactive|wade connects has 30 seconds left.
|
|t:|1783882644
|switch|p2a: Incineroar|Incineroar, L50, F|100/100
|-ability|p2a: Incineroar|Intimidate|boost
|-unboost|p1a: Aegislash|atk|1
|-unboost|p1b: Mimikyu|atk|1
|-formechange|p1a: Aegislash|Aegislash-Blade|
|move|p1a: Aegislash|Poltergeist|p2a: Incineroar
|-activate|p2a: Incineroar|move: Poltergeist|Sitrus Berry
|-resisted|p2a: Incineroar|1
|-damage|p2a: Incineroar|80/100
|move|p1b: Mimikyu|Play Rough|p2a: Incineroar|[miss]
|-miss|p1b: Mimikyu|p2a: Incineroar
|move|p2b: Sneasler|Dire Claw|p1b: Mimikyu
|-damage|p1b: Mimikyu|0 fnt
|faint|p1b: Mimikyu
|
|upkeep
|
|t:|1783882662
|switch|p1b: Malamar|Malamar, L50, F|100/100
|turn|3
|
|t:|1783882672
|switch|p2b: Sinistcha|Sinistcha, L50|100/100
|-heal|p2a: Incineroar|100/100|[from] ability: Hospitality|[of] p2b: Sinistcha
|detailschange|p1b: Malamar|Malamar-Mega, L50, F
|-mega|p1b: Malamar|Malamar|Malamarite
|move|p1a: Aegislash|Sacred Sword|p2a: Incineroar
|-supereffective|p2a: Incineroar|1
|-crit|p2a: Incineroar
|-damage|p2a: Incineroar|5/100
|-enditem|p2a: Incineroar|Sitrus Berry|[eat]
|-heal|p2a: Incineroar|30/100|[from] item: Sitrus Berry
|move|p1b: Malamar|Superpower|p2a: Incineroar
|-supereffective|p2a: Incineroar|1
|-damage|p2a: Incineroar|0 fnt
|-boost|p1b: Malamar|atk|1
|-boost|p1b: Malamar|def|1
|faint|p2a: Incineroar
|
|upkeep
|
|t:|1783882687
|switch|p2a: Sneasler|Sneasler, L50, F|100/100
|turn|4
|
|t:|1783882699
|switch|p1a: Torkoal|Torkoal, L50, F|100/100
|-weather|SunnyDay|[from] ability: Drought|[of] p1a: Torkoal
|move|p2a: Sneasler|Fake Out|p1b: Malamar
|-damage|p1b: Malamar|91/100
|move|p2b: Sinistcha|Matcha Gotcha|p1b: Malamar|[spread] p1b
|-miss|p2b: Sinistcha|p1a: Torkoal
|-damage|p1b: Malamar|74/100
|cant|p1b: Malamar|flinch
|
|-weather|SunnyDay|[upkeep]
|upkeep
|turn|5
|
|t:|1783882722
|switch|p2a: Delphox|Delphox-Mega, L50, F|100/100
|move|p2b: Sinistcha|Rage Powder|p2b: Sinistcha
|-singleturn|p2b: Sinistcha|move: Rage Powder
|move|p1a: Torkoal|Eruption|p2b: Sinistcha|[spread] p2a,p2b
|-resisted|p2a: Delphox|1
|-supereffective|p2b: Sinistcha|1
|-enditem|p2b: Sinistcha|Occa Berry|[eat]
|-enditem|p2b: Sinistcha|Occa Berry|[weaken]
|-damage|p2a: Delphox|57/100
|-damage|p2b: Sinistcha|1/100
|-damage|p1a: Torkoal|90/100|[from] item: Life Orb
|move|p1b: Malamar|Knock Off|p2b: Sinistcha
|-supereffective|p2b: Sinistcha|1
|-damage|p2b: Sinistcha|0 fnt
|faint|p2b: Sinistcha
|
|-weather|SunnyDay|[upkeep]
|-fieldend|move: Trick Room
|upkeep
|
|t:|1783882732
|switch|p2b: Sneasler|Sneasler, L50, F|100/100
|turn|6
|
|t:|1783882747
|move|p2a: Delphox|Heat Wave|p1a: Torkoal|[spread] p1a,p1b
|-resisted|p1a: Torkoal|1
|-damage|p1a: Torkoal|51/100
|-damage|p1b: Malamar|32/100
|move|p2b: Sneasler|Close Combat|p1b: Malamar
|-damage|p1b: Malamar|0 fnt
|-unboost|p2b: Sneasler|def|1
|-unboost|p2b: Sneasler|spd|1
|faint|p1b: Malamar
|move|p1a: Torkoal|Eruption|p2b: Sneasler|[spread] p2a,p2b
|-resisted|p2a: Delphox|1
|-damage|p2a: Delphox|35/100
|-damage|p2b: Sneasler|4/100
|-damage|p1a: Torkoal|41/100|[from] item: Life Orb
|
|-weather|SunnyDay|[upkeep]
|upkeep
|
|t:|1783882766
|switch|p1b: Aegislash|Aegislash, L50, F|100/100
|turn|7
|
|t:|1783882772
|move|p1a: Torkoal|Protect|p1a: Torkoal
|-singleturn|p1a: Torkoal|Protect
|move|p2a: Delphox|Heat Wave|p1a: Torkoal|[spread] p1b
|-activate|p1a: Torkoal|move: Protect
|-supereffective|p1b: Aegislash|1
|-damage|p1b: Aegislash|1/100
|move|p2b: Sneasler|Close Combat|p1a: Torkoal
|-activate|p1a: Torkoal|move: Protect
|-formechange|p1b: Aegislash|Aegislash-Blade|
|move|p1b: Aegislash|Poltergeist|p2a: Delphox
|-activate|p2a: Delphox|move: Poltergeist|Delphoxite
|-supereffective|p2a: Delphox|1
|-damage|p2a: Delphox|0 fnt
|faint|p2a: Delphox
|
|-weather|SunnyDay|[upkeep]
|upkeep
|turn|8
|-message|homerj71 forfeited.
|
|win|wade connects
