|j|☆pati_patout
|j|☆Treit_3
|html|pati_patoutTreit_3    
|uhtml|bestof|Game 1 of a best-of-3
|t:|1783435596
|gametype|doubles
|player|p1|pati_patout|102|1127
|player|p2|Treit_3|marshal|1054
|gen|9
|tier|[Gen 9 Champions] VGC 2026 Reg M-B (Bo3)
|rated|
|rule|Species Clause: Limit one of each Pokémon
|rule|Item Clause: Limit 1 of each item
|clearpoke
|poke|p1|Gholdengo, L50|
|poke|p1|Incineroar, L50, F|
|poke|p1|Garchomp, L50, M|
|poke|p1|Tyranitar, L50, F|
|poke|p1|Rotom-Wash, L50|
|poke|p1|Scovillain, L50, F|
|poke|p2|Scrafty, L50, F|
|poke|p2|Blaziken, L50, F|
|poke|p2|Torterra, L50, M|
|poke|p2|Milotic, L50, F|
|poke|p2|Gholdengo, L50|
|poke|p2|Farigiraf, L50, F|
|teampreview|4
|showteam|p1|Gholdengo||MetalCoat|GoodasGold|Protect,MakeItRain,ShadowBall,NastyPlot|Timid|||||50|]Incineroar||SitrusBerry|Intimidate|FlareBlitz,ThroatChop,FakeOut,PartingShot|Careful||F|||50|]Garchomp||LifeOrb|RoughSkin|Earthquake,StompingTantrum,DragonClaw,Protect|Jolly||M|||50|]Tyranitar||Tyranitarite|SandStream|Protect,RockSlide,KnockOff,LowKick|Adamant||F|||50|]Rotom-Wash||ChoiceScarf|Levitate|HydroPump,Thunderbolt,Electroweb,VoltSwitch|Timid|||||50|]Scovillain||Scovillainite|Moody|Overheat,GigaDrain,RagePowder,Protect|Calm||F|||50|
|showteam|p2|Scrafty||Scraftinite|Intimidate|FakeOut,Coaching,DrainPunch,ThroatChop|Adamant||F|||50|]Blaziken||Blazikenite|SpeedBoost|Detect,RockSlide,FlareBlitz,CloseCombat|Adamant||F|||50|]Torterra||Leftovers|ShellArmor|Protect,WideGuard,HeadlongRush,WoodHammer|Brave||M|||50|]Milotic||MysticWater|Competitive|Protect,Scald,MuddyWater,IceBeam|Modest||F|||50|]Gholdengo||LifeOrb|GoodasGold|Protect,NastyPlot,MakeItRain,ShadowBall|Modest|||||50|]Farigiraf||SitrusBerry|ArmorTail|Protect,TrickRoom,Thunderbolt,HyperVoice|Bold||F|||50|
|inactive|Battle timer is ON: inactive players will automatically lose when time's up. (requested by Treit_3)
|inactive|pati_patout has 60 seconds left.
|inactive|pati_patout has 30 seconds left.
|
|t:|1783435716
|teamsize|p1|4
|teamsize|p2|4
|start
|switch|p1a: Scovillain|Scovillain, L50, F|100/100
|switch|p1b: Gholdengo|Gholdengo, L50|100/100
|switch|p2a: Scrafty|Scrafty, L50, F|100/100
|switch|p2b: Blaziken|Blaziken, L50, F|100/100
|-ability|p2a: Scrafty|Intimidate|boost
|-unboost|p1a: Scovillain|atk|1
|-unboost|p1b: Gholdengo|atk|1
|turn|1
|inactive|pati_patout has 30 seconds left.
|inactive|Treit_3 has 30 seconds left.
|inactive|pati_patout has 20 seconds left.
|
|t:|1783435755
|switch|p1a: Rotom|Rotom-Wash, L50|100/100
|detailschange|p2b: Blaziken|Blaziken-Mega, L50, F
|-mega|p2b: Blaziken|Blaziken|Blazikenite
|move|p2a: Scrafty|Fake Out|p1a: Rotom
|-damage|p1a: Rotom|84/100
|move|p2b: Blaziken|Rock Slide|p1a: Rotom|[spread] p1a,p1b
|-resisted|p1b: Gholdengo|1
|-damage|p1a: Rotom|51/100
|-damage|p1b: Gholdengo|87/100
|move|p1b: Gholdengo|Nasty Plot|p1b: Gholdengo
|-boost|p1b: Gholdengo|spa|2
|
|-ability|p2b: Blaziken|Speed Boost|boost
|-boost|p2b: Blaziken|spe|1
|upkeep
|turn|2
|inactive|pati_patout has 30 seconds left.
|
|t:|1783435783
|move|p2b: Blaziken|Detect|p2b: Blaziken
|-singleturn|p2b: Blaziken|Protect
|move|p1b: Gholdengo|Protect|p1b: Gholdengo
|-singleturn|p1b: Gholdengo|Protect
|move|p1a: Rotom|Hydro Pump|p2b: Blaziken
|-activate|p2b: Blaziken|move: Protect
|move|p2a: Scrafty|Throat Chop|p1b: Gholdengo
|-activate|p1b: Gholdengo|move: Protect
|
|-ability|p2b: Blaziken|Speed Boost|boost
|-boost|p2b: Blaziken|spe|1
|upkeep
|turn|3
|
|t:|1783435804
|move|p2b: Blaziken|Close Combat|p1a: Rotom
|-damage|p1a: Rotom|0 fnt
|-unboost|p2b: Blaziken|def|1
|-unboost|p2b: Blaziken|spd|1
|faint|p1a: Rotom
|move|p1b: Gholdengo|Make It Rain|p2b: Blaziken|[spread] p2a,p2b
|-resisted|p2b: Blaziken|1
|-damage|p2a: Scrafty|4/100
|-damage|p2b: Blaziken|0 fnt
|-unboost|p1b: Gholdengo|spa|2
|faint|p2b: Blaziken
|move|p2a: Scrafty|Throat Chop|p1b: Gholdengo
|-supereffective|p1b: Gholdengo|1
|-damage|p1b: Gholdengo|11/100
|-start|p1b: Gholdengo|Throat Chop|[silent]
|
|upkeep
|
|t:|1783435819
|switch|p1a: Scovillain|Scovillain, L50, F|100/100
|switch|p2b: Milotic|Milotic, L50, F|100/100
|turn|4
|
|t:|1783435838
|switch|p2a: Farigiraf|Farigiraf, L50, F|100/100
|detailschange|p1a: Scovillain|Scovillain-Mega, L50, F
|-mega|p1a: Scovillain|Scovillain|Scovillainite
|move|p2b: Milotic|Protect|p2b: Milotic
|-singleturn|p2b: Milotic|Protect
|move|p1b: Gholdengo|Shadow Ball|p2a: Farigiraf
|-immune|p2a: Farigiraf
|move|p1a: Scovillain|Giga Drain|p2b: Milotic
|-activate|p2b: Milotic|move: Protect
|
|-end|p1b: Gholdengo|Throat Chop|[silent]
|upkeep
|turn|5
|
|t:|1783435860
|move|p1b: Gholdengo|Nasty Plot|p1b: Gholdengo
|-boost|p1b: Gholdengo|spa|2
|move|p2b: Milotic|Muddy Water|p1b: Gholdengo|[spread] p1b
|-miss|p2b: Milotic|p1a: Scovillain
|-damage|p1b: Gholdengo|0 fnt
|faint|p1b: Gholdengo
|move|p1a: Scovillain|Giga Drain|p2b: Milotic
|-supereffective|p2b: Milotic|1
|-damage|p2b: Milotic|54/100
|move|p2a: Farigiraf|Trick Room|p2a: Farigiraf
|-fieldstart|move: Trick Room|[of] p2a: Farigiraf
|
|upkeep
|
|t:|1783435871
|switch|p1b: Garchomp|Garchomp, L50, M|100/100
|turn|6
|inactive|Treit_3 has 30 seconds left.
|
|t:|1783435896
|move|p2b: Milotic|Protect|p2b: Milotic
|-singleturn|p2b: Milotic|Protect
|move|p2a: Farigiraf|Hyper Voice|p1b: Garchomp|[spread] p1a,p1b
|-damage|p1a: Scovillain|71/100
|-damage|p1b: Garchomp|70/100
|-status|p2a: Farigiraf|brn|[from] ability: Spicy Spray|[of] p1a: Scovillain
|move|p1a: Scovillain|Giga Drain|p2b: Milotic
|-activate|p2b: Milotic|move: Protect
|move|p1b: Garchomp|Dragon Claw|p2a: Farigiraf
|-damage|p2a: Farigiraf|60/100 brn
|-damage|p1b: Garchomp|61/100|[from] item: Life Orb
|
|-damage|p2a: Farigiraf|54/100 brn|[from] brn
|upkeep
|turn|7
|inactive|Treit_3 has 30 seconds left.
|
|t:|1783435925
|move|p1a: Scovillain|Giga Drain|p2b: Milotic
|-supereffective|p2b: Milotic|1
|-damage|p2b: Milotic|5/100
|-heal|p1a: Scovillain|100/100|[from] drain|[of] p2b: Milotic
|move|p2b: Milotic|Ice Beam|p1b: Garchomp
|-supereffective|p1b: Garchomp|2
|-damage|p1b: Garchomp|0 fnt
|faint|p1b: Garchomp
|move|p2a: Farigiraf|Trick Room|p2a: Farigiraf
|-fieldend|move: Trick Room
|
|-damage|p2a: Farigiraf|48/100 brn|[from] brn
|upkeep
|-enditem|p2a: Farigiraf|Sitrus Berry|[eat]
|-heal|p2a: Farigiraf|72/100 brn|[from] item: Sitrus Berry
|turn|8
|
|t:|1783435939
|move|p2b: Milotic|Protect|p2b: Milotic
|-singleturn|p2b: Milotic|Protect
|move|p1a: Scovillain|Giga Drain|p2a: Farigiraf
|-damage|p2a: Farigiraf|33/100 brn
|move|p2a: Farigiraf|Hyper Voice|p1a: Scovillain
|-damage|p1a: Scovillain|66/100
|
|-damage|p2a: Farigiraf|27/100 brn|[from] brn
|upkeep
|turn|9
|
|t:|1783435948
|move|p2b: Milotic|Scald|p1a: Scovillain
|-damage|p1a: Scovillain|25/100
|-status|p2b: Milotic|brn|[from] ability: Spicy Spray|[of] p1a: Scovillain
|move|p1a: Scovillain|Giga Drain|p2b: Milotic
|-supereffective|p2b: Milotic|1
|-damage|p2b: Milotic|0 fnt
|-heal|p1a: Scovillain|28/100|[from] drain|[of] p2b: Milotic
|faint|p2b: Milotic
|move|p2a: Farigiraf|Hyper Voice|p1a: Scovillain
|-damage|p1a: Scovillain|0 fnt
|faint|p1a: Scovillain
|
|win|Treit_3
||pati_patout is ready for game 2.
|inactive|Treit_3 has 30 seconds to confirm battle start!
||Treit_3 is ready for game 2.
|uhtml|next|Next: Game 2 of 3
