|j|☆d1mo22
|j|☆vrocehpalon
|html|d1mo22vrocehpalon    
|uhtml|bestof|Game 3 of a best-of-3
|t:|1784294501
|gametype|doubles
|player|p1|d1mo22|skier|1261
|player|p2|vrocehpalon|marshal|1416
|gen|9
|tier|[Gen 9 Champions] VGC 2026 Reg M-B (Bo3)
|rated|
|rule|Species Clause: Limit one of each Pokémon
|rule|Item Clause: Limit 1 of each item
|clearpoke
|poke|p1|Raichu, L50, M|
|poke|p1|Gyarados, L50, F, shiny|
|poke|p1|Mamoswine, L50, M|
|poke|p1|Ceruledge, L50, F|
|poke|p1|Sinistcha, L50|
|poke|p1|Kingambit, L50, M, shiny|
|poke|p2|Charizard, L50, F|
|poke|p2|Venusaur, L50, F|
|poke|p2|Grimmsnarl, L50, M|
|poke|p2|Pelipper, L50, F|
|poke|p2|Archaludon, L50, F|
|poke|p2|Basculegion, L50, M|
|teampreview|4
|showteam|p1|Raichu||RaichuniteY|LightningRod|FakeOut,Encore,ZapCannon,FocusBlast|Timid||M|||50|]Gyarados||Gyaradosite|Intimidate|LashOut,Waterfall,DragonDance,Protect|Adamant||F|||50|]Mamoswine||LifeOrb|Oblivious|Protect,IcicleCrash,IceShard,HighHorsepower|Jolly||M|||50|]Ceruledge||ColburBerry|FlashFire|BitterBlade,ShadowSneak,BulkUp,Protect|Adamant||F|||50|]Sinistcha||SitrusBerry|Hospitality|Protect,RagePowder,MatchaGotcha,LifeDew|Bold|||||50|]Kingambit||FocusSash|Defiant|Protect,SuckerPunch,KowtowCleave,IronHead|Adamant||M|||50|
|showteam|p2|Charizard||CharizarditeY|Blaze|HeatWave,WeatherBall,SolarBeam,Protect|Modest||F|||50|]Venusaur||FocusSash|Chlorophyll|SleepPowder,SludgeBomb,EarthPower,Protect|Modest||F|||50|]Grimmsnarl||LightClay|Prankster|SpiritBreak,PartingShot,Reflect,LightScreen|Sassy||M|||50|]Pelipper||SitrusBerry|Drizzle|WeatherBall,Hurricane,Tailwind,WideGuard|Modest||F|||50|]Archaludon||Leftovers|Stamina|ElectroShot,FlashCannon,DragonPulse,Protect|Modest||F|||50|]Basculegion||ChoiceScarf|Adaptability|WaveCrash,FlipTurn,LastRespects,AquaJet|Jolly||M|||50|
|inactive|Battle timer is ON: inactive players will automatically lose when time's up. (requested by d1mo22)
|inactive|vrocehpalon also wants the timer to be on.
|inactive|d1mo22 has 60 seconds left.
|
|t:|1784294533
|teamsize|p1|4
|teamsize|p2|4
|start
|switch|p1a: Raichu|Raichu, L50, M|100/100
|switch|p1b: Gyarados|Gyarados, L50, F, shiny|100/100
|switch|p2a: Charizard|Charizard, L50, F|100/100
|switch|p2b: Venusaur|Venusaur, L50, F|100/100
|-ability|p1b: Gyarados|Intimidate|boost
|-unboost|p2a: Charizard|atk|1
|-unboost|p2b: Venusaur|atk|1
|turn|1
|inactive|d1mo22 has 30 seconds left.
|
|t:|1784294561
|detailschange|p2a: Charizard|Charizard-Mega-Y, L50, F
|-mega|p2a: Charizard|Charizard|Charizardite Y
|-weather|SunnyDay|[from] ability: Drought|[of] p2a: Charizard
|move|p1a: Raichu|Fake Out|p2b: Venusaur
|-damage|p2b: Venusaur|89/100
|cant|p2b: Venusaur|flinch
|move|p2a: Charizard|Solar Beam||[still]
|-prepare|p2a: Charizard|Solar Beam
|-anim|p2a: Charizard|Solar Beam|p1b: Gyarados
|-damage|p1b: Gyarados|53/100
|move|p1b: Gyarados|Dragon Dance|p1b: Gyarados
|-boost|p1b: Gyarados|atk|1
|-boost|p1b: Gyarados|spe|1
|
|-weather|SunnyDay|[upkeep]
|upkeep
|turn|2
|j| adrianlucario
|l| adrianlucario
|inactive|d1mo22 has 30 seconds left.
|inactive|d1mo22 has 20 seconds left.
|
|t:|1784294598
|detailschange|p1a: Raichu|Raichu-Mega-Y, L50, M
|-mega|p1a: Raichu|Raichu|Raichunite Y
|move|p2b: Venusaur|Sleep Powder|p1a: Raichu
|-status|p1a: Raichu|slp|[from] move: Sleep Powder
|cant|p1a: Raichu|slp
|move|p1b: Gyarados|Lash Out|p2b: Venusaur
|-damage|p2b: Venusaur|36/100
|move|p2a: Charizard|Solar Beam||[still]
|-prepare|p2a: Charizard|Solar Beam
|-anim|p2a: Charizard|Solar Beam|p1b: Gyarados
|-damage|p1b: Gyarados|7/100
|
|-weather|SunnyDay|[upkeep]
|upkeep
|turn|3
|
|t:|1784294614
|move|p1b: Gyarados|Protect|p1b: Gyarados
|-singleturn|p1b: Gyarados|Protect
|move|p2b: Venusaur|Sludge Bomb|p1b: Gyarados
|-activate|p1b: Gyarados|move: Protect
|cant|p1a: Raichu|slp
|move|p2a: Charizard|Weather Ball|p1a: Raichu
|-damage|p1a: Raichu|0 fnt
|faint|p1a: Raichu
|
|-weather|SunnyDay|[upkeep]
|upkeep
|
|t:|1784294619
|switch|p1a: Ceruledge|Ceruledge, L50, F|100/100
|turn|4
|
|t:|1784294632
|move|p1b: Gyarados|Protect||[still]
|-fail|p1b: Gyarados
|move|p2b: Venusaur|Sludge Bomb|p1b: Gyarados
|-damage|p1b: Gyarados|0 fnt
|faint|p1b: Gyarados
|move|p2a: Charizard|Solar Beam||[still]
|-prepare|p2a: Charizard|Solar Beam
|-anim|p2a: Charizard|Solar Beam|p1a: Ceruledge
|-resisted|p1a: Ceruledge|1
|-damage|p1a: Ceruledge|78/100
|move|p1a: Ceruledge|Bulk Up|p1a: Ceruledge
|-boost|p1a: Ceruledge|atk|1
|-boost|p1a: Ceruledge|def|1
|
|-weather|SunnyDay|[upkeep]
|upkeep
|
|t:|1784294636
|switch|p1b: Mamoswine|Mamoswine, L50, M|100/100
|turn|5
|
|t:|1784294660
|move|p1b: Mamoswine|Ice Shard|p2b: Venusaur
|-supereffective|p2b: Venusaur|1
|-damage|p2b: Venusaur|0 fnt
|faint|p2b: Venusaur
|-damage|p1b: Mamoswine|90/100|[from] item: Life Orb
|move|p2a: Charizard|Weather Ball|p1b: Mamoswine
|-supereffective|p1b: Mamoswine|1
|-damage|p1b: Mamoswine|0 fnt
|faint|p1b: Mamoswine
|move|p1a: Ceruledge|Bitter Blade|p2a: Charizard
|-resisted|p2a: Charizard|1
|-damage|p2a: Charizard|44/100
|-heal|p1a: Ceruledge|100/100|[from] drain|[of] p2a: Charizard
|
|-weather|none
|upkeep
|
|t:|1784294665
|switch|p2b: Basculegion|Basculegion, L50, M|100/100
|turn|6
|
|t:|1784294681
|switch|p2a: Pelipper|Pelipper, L50, F|100/100
|-weather|RainDance|[from] ability: Drizzle|[of] p2a: Pelipper
|move|p1a: Ceruledge|Shadow Sneak|p2b: Basculegion
|-supereffective|p2b: Basculegion|1
|-damage|p2b: Basculegion|23/100
|move|p2b: Basculegion|Wave Crash|p1a: Ceruledge
|-supereffective|p1a: Ceruledge|1
|-damage|p1a: Ceruledge|0 fnt
|faint|p1a: Ceruledge
|-damage|p2b: Basculegion|0 fnt|[from] Recoil
|faint|p2b: Basculegion
|
|win|vrocehpalon
|raw|d1mo22's rating: 1261 → 1246(-15 for losing)
|raw|vrocehpalon's rating: 1416 → 1428(+12 for winning)
