|j|☆NerdConsultant
|j|☆tmp_axo
|html|NerdConsultanttmp_axo    
|uhtml|bestof|Game 1 of a best-of-3
|t:|1756548236
|gametype|doubles
|player|p1|NerdConsultant|roxie|1158
|player|p2|tmp_axo|pokekid|1083
|gen|9
|tier|[Gen 9] VGC 2025 Reg H (Bo3)
|rated|
|rule|Species Clause: Limit one of each Pokémon
|rule|Item Clause: Limit 1 of each item
|clearpoke
|poke|p1|Kingambit, L50, M|
|poke|p1|Rillaboom, L50, M|
|poke|p1|Archaludon, L50, F|
|poke|p1|Basculegion, L50, M|
|poke|p1|Electabuzz, L50, M|
|poke|p1|Pelipper, L50, M|
|poke|p2|Gothitelle, L50, F|
|poke|p2|Politoed, L50, M|
|poke|p2|Incineroar, L50, M|
|poke|p2|Amoonguss, L50, M|
|poke|p2|Archaludon, L50, M|
|poke|p2|Kingdra, L50, M|
|teampreview|4
|showteam|p1|Kingambit||BlackGlasses|Defiant|KowtowCleave,SwordsDance,SuckerPunch,Protect|||M|||50|,,,,,Dark]Rillaboom||LoadedDice|GrassySurge|HighHorsepower,GrassyGlide,BulletSeed,FakeOut|||M|||50|,,,,,Fire]Archaludon||AssaultVest|Stamina|ElectroShot,BodyPress,DracoMeteor,FlashCannon|||F|||50|,,,,,Bug]Basculegion||ChoiceBand|SwiftSwim|WaveCrash,AquaJet,LastRespects,FlipTurn|||M|||50|,,,,,Grass]Electabuzz||Eviolite|VitalSpirit|Electroweb,Taunt,FollowMe,Protect|||M|||50|,,,,,Ghost]Pelipper||FocusSash|Drizzle|Tailwind,WeatherBall,Hurricane,Protect|||M|||50|,,,,,Ghost
|showteam|p2|Gothitelle||SitrusBerry|ShadowTag|FakeOut,Psychic,TrickRoom,Protect|||F|||50|,,,,,Dark]Politoed||Leftovers|Drizzle|WeatherBall,PerishSong,Encore,Protect|||M|||50|,,,,,Grass]Incineroar||SafetyGoggles|Blaze|FakeOut,KnockOff,PartingShot,Protect|||M|||50|,,,,,Ghost]Amoonguss||EjectButton|Regenerator|PollenPuff,Spore,RagePowder,Protect|||M|||50|,,,,,Fairy]Archaludon||PowerHerb|Sturdy|ElectroShot,DragonPulse,FlashCannon,Protect|||M|||50|,,,,,Electric]Kingdra||LifeOrb|SwiftSwim|DracoMeteor,WeatherBall,MuddyWater,Protect|||M|||50|,,,,,Stellar
|inactive|Battle timer is ON: inactive players will automatically lose when time's up. (requested by NerdConsultant)
|
|t:|1756548298
|teamsize|p1|4
|teamsize|p2|4
|start
|switch|p1a: Basculegion|Basculegion, L50, M|100/100
|switch|p1b: Electabuzz|Electabuzz, L50, M|100/100
|switch|p2a: Politoed|Politoed, L50, M|100/100
|switch|p2b: Kingdra|Kingdra, L50, M|100/100
|-weather|RainDance|[from] ability: Drizzle|[of] p2a: Politoed
|turn|1
|inactive|tmp_axo has 30 seconds left.
|inactive|NerdConsultant has 30 seconds left.
|inactive|tmp_axo has 20 seconds left.
|inactive|NerdConsultant has 20 seconds left.
|inactive|tmp_axo has 15 seconds left.
|inactive|tmp_axo has 10 seconds left.
|
|t:|1756548345
|switch|p1a: Archaludon|Archaludon, L50, F|100/100
|move|p2b: Kingdra|Protect|p2b: Kingdra
|-singleturn|p2b: Kingdra|Protect
|move|p1b: Electabuzz|Taunt|p2a: Politoed
|-start|p2a: Politoed|move: Taunt
|cant|p2a: Politoed|move: Taunt|Encore
|
|-weather|RainDance|[upkeep]
|upkeep
|turn|2
|
|t:|1756548369
|switch|p2b: Amoonguss|Amoonguss, L50, M|100/100
|-terastallize|p2a: Politoed|Grass
|move|p1b: Electabuzz|Electroweb|p2b: Amoonguss|[spread] p2a,p2b
|-resisted|p2a: Politoed
|-resisted|p2b: Amoonguss
|-damage|p2a: Politoed|95/100
|-damage|p2b: Amoonguss|95/100
|-unboost|p2a: Politoed|spe|1
|-unboost|p2b: Amoonguss|spe|1
|-enditem|p2b: Amoonguss|Eject Button
|
|t:|1756548384
|switch|p2b: Gothitelle|Gothitelle, L50, F|100/100
|move|p1a: Archaludon|Electro Shot||[still]
|-prepare|p1a: Archaludon|Electro Shot
|-boost|p1a: Archaludon|spa|1
|-anim|p1a: Archaludon|Electro Shot|p2a: Politoed
|-resisted|p2a: Politoed
|-damage|p2a: Politoed|75/100
|move|p2a: Politoed|Weather Ball|p1b: Electabuzz
|-damage|p1b: Electabuzz|63/100
|
|-weather|RainDance|[upkeep]
|-heal|p2a: Politoed|81/100|[from] item: Leftovers
|upkeep
|turn|3
|inactive|tmp_axo has 30 seconds left.
|
|t:|1756548412
|switch|p2a: Amoonguss|Amoonguss, L50, M|100/100
|move|p2b: Gothitelle|Fake Out|p1a: Archaludon
|-resisted|p1a: Archaludon
|-crit|p1a: Archaludon
|-damage|p1a: Archaludon|97/100
|-ability|p1a: Archaludon|Stamina|boost
|-boost|p1a: Archaludon|def|1
|move|p1b: Electabuzz|Taunt|p2b: Gothitelle
|-start|p2b: Gothitelle|move: Taunt
|cant|p1a: Archaludon|flinch
|
|-weather|RainDance|[upkeep]
|upkeep
|turn|4
|
|t:|1756548437
|switch|p2b: Politoed|Politoed, L50, M, tera:Grass|81/100
|move|p2a: Amoonguss|Rage Powder|p2a: Amoonguss
|-singleturn|p2a: Amoonguss|move: Rage Powder
|move|p1b: Electabuzz|Taunt|p2a: Amoonguss
|-start|p2a: Amoonguss|move: Taunt
|move|p1a: Archaludon|Electro Shot||[still]
|-prepare|p1a: Archaludon|Electro Shot
|-boost|p1a: Archaludon|spa|1
|-anim|p1a: Archaludon|Electro Shot|p2a: Amoonguss
|-resisted|p2a: Amoonguss
|-damage|p2a: Amoonguss|66/100
|
|-weather|RainDance|[upkeep]
|-heal|p2b: Politoed|87/100|[from] item: Leftovers
|upkeep
|turn|5
|
|t:|1756548459
|move|p2b: Politoed|Protect|p2b: Politoed
|-singleturn|p2b: Politoed|Protect
|move|p1b: Electabuzz|Taunt|p2b: Politoed
|-activate|p2b: Politoed|move: Protect
|move|p1a: Archaludon|Electro Shot||[still]
|-prepare|p1a: Archaludon|Electro Shot
|-boost|p1a: Archaludon|spa|1
|-anim|p1a: Archaludon|Electro Shot|p2a: Amoonguss
|-resisted|p2a: Amoonguss
|-damage|p2a: Amoonguss|22/100
|move|p2a: Amoonguss|Pollen Puff|p1b: Electabuzz
|-damage|p1b: Electabuzz|48/100
|
|-weather|none
|-heal|p2b: Politoed|93/100|[from] item: Leftovers
|upkeep
|turn|6
|inactive|tmp_axo has 30 seconds left.
|inactive|tmp_axo has 20 seconds left.
|inactive|tmp_axo has 15 seconds left.
|inactive|tmp_axo has 10 seconds left.
|
|t:|1756548505
|switch|p2a: Gothitelle|Gothitelle, L50, F|100/100
|move|p1b: Electabuzz|Taunt|p2b: Politoed
|-start|p2b: Politoed|move: Taunt
|move|p1a: Archaludon|Body Press|p2b: Politoed
|-damage|p2b: Politoed|55/100
|move|p2b: Politoed|Weather Ball|p1b: Electabuzz
|-damage|p1b: Electabuzz|39/100
|
|-heal|p2b: Politoed|61/100|[from] item: Leftovers
|upkeep
|turn|7
|
|t:|1756548527
|switch|p2b: Kingdra|Kingdra, L50, M|100/100
|move|p1b: Electabuzz|Taunt|p2a: Gothitelle
|-start|p2a: Gothitelle|move: Taunt
|move|p1a: Archaludon|Body Press|p2a: Gothitelle
|-resisted|p2a: Gothitelle
|-damage|p2a: Gothitelle|81/100
|move|p2a: Gothitelle|Psychic|p1b: Electabuzz
|-damage|p1b: Electabuzz|16/100
|
|upkeep
|turn|8
|inactive|tmp_axo has 30 seconds left.
|
|t:|1756548552
|move|p2b: Kingdra|Protect|p2b: Kingdra
|-singleturn|p2b: Kingdra|Protect
|move|p1b: Electabuzz|Follow Me|p1b: Electabuzz
|-singleturn|p1b: Electabuzz|move: Follow Me
|move|p1a: Archaludon|Draco Meteor|p2b: Kingdra
|-activate|p2b: Kingdra|move: Protect
|move|p2a: Gothitelle|Psychic|p1b: Electabuzz
|-damage|p1b: Electabuzz|0 fnt
|faint|p1b: Electabuzz
|
|upkeep
|
|t:|1756548562
|switch|p1b: Kingambit|Kingambit, L50, M|100/100
|turn|9
|
|t:|1756548578
|switch|p2a: Politoed|Politoed, L50, M, tera:Grass|61/100
|-weather|RainDance|[from] ability: Drizzle|[of] p2a: Politoed
|move|p2b: Kingdra|Draco Meteor|p1a: Archaludon
|-damage|p1a: Archaludon|39/100
|-unboost|p2b: Kingdra|spa|2
|-ability|p1a: Archaludon|Stamina|boost
|-boost|p1a: Archaludon|def|1
|-damage|p2b: Kingdra|91/100|[from] item: Life Orb
|move|p1a: Archaludon|Draco Meteor|p2b: Kingdra
|-supereffective|p2b: Kingdra
|-damage|p2b: Kingdra|0 fnt
|-unboost|p1a: Archaludon|spa|2
|faint|p2b: Kingdra
|move|p1b: Kingambit|Kowtow Cleave|p2a: Politoed
|-damage|p2a: Politoed|1/100
|
|-weather|RainDance|[upkeep]
|-heal|p2a: Politoed|7/100|[from] item: Leftovers
|upkeep
|
|t:|1756548585
|switch|p2b: Amoonguss|Amoonguss, L50, M|55/100
|turn|10
|inactive|tmp_axo has 30 seconds left.
|inactive|NerdConsultant has 30 seconds left.
|inactive|tmp_axo has 20 seconds left.
|inactive|tmp_axo has 15 seconds left.
|
|t:|1756548628
|move|p1a: Archaludon|Draco Meteor|p2b: Amoonguss
|-damage|p2b: Amoonguss|0 fnt
|-unboost|p1a: Archaludon|spa|2
|faint|p2b: Amoonguss
|move|p2a: Politoed|Perish Song|p2a: Politoed
|-start|p1a: Archaludon|perish3|[silent]
|-start|p1b: Kingambit|perish3|[silent]
|-start|p2a: Politoed|perish3|[silent]
|-fieldactivate|move: Perish Song
|move|p1b: Kingambit|Kowtow Cleave|p2a: Politoed
|-crit|p2a: Politoed
|-damage|p2a: Politoed|0 fnt
|faint|p2a: Politoed
|
|-weather|RainDance|[upkeep]
|-start|p1a: Archaludon|perish3
|-start|p1b: Kingambit|perish3
|upkeep
|
|t:|1756548633
|switch|p2a: Gothitelle|Gothitelle, L50, F|81/100
|turn|11
|
|t:|1756548648
|-terastallize|p1b: Kingambit|Dark
|move|p2a: Gothitelle|Fake Out|p1b: Kingambit
|-damage|p1b: Kingambit|96/100
|move|p1a: Archaludon|Electro Shot||[still]
|-prepare|p1a: Archaludon|Electro Shot
|-boost|p1a: Archaludon|spa|1
|-anim|p1a: Archaludon|Electro Shot|p2a: Gothitelle
|-damage|p2a: Gothitelle|54/100
|cant|p1b: Kingambit|flinch
|
|-weather|RainDance|[upkeep]
|-start|p1a: Archaludon|perish2
|-start|p1b: Kingambit|perish2
|upkeep
|turn|12
|
|t:|1756548670
|move|p2a: Gothitelle|Protect|p2a: Gothitelle
|-singleturn|p2a: Gothitelle|Protect
|move|p1a: Archaludon|Electro Shot||[still]
|-prepare|p1a: Archaludon|Electro Shot
|-boost|p1a: Archaludon|spa|1
|-anim|p1a: Archaludon|Electro Shot|p2a: Gothitelle
|-activate|p2a: Gothitelle|move: Protect
|move|p1b: Kingambit|Kowtow Cleave|p2a: Gothitelle
|-activate|p2a: Gothitelle|move: Protect
|
|-weather|RainDance|[upkeep]
|-start|p1a: Archaludon|perish1
|-start|p1b: Kingambit|perish1
|upkeep
|turn|13
|
|t:|1756548687
|move|p2a: Gothitelle|Protect|p2a: Gothitelle
|-singleturn|p2a: Gothitelle|Protect
|move|p1a: Archaludon|Electro Shot||[still]
|-prepare|p1a: Archaludon|Electro Shot
|-boost|p1a: Archaludon|spa|1
|-anim|p1a: Archaludon|Electro Shot|p2a: Gothitelle
|-activate|p2a: Gothitelle|move: Protect
|move|p1b: Kingambit|Kowtow Cleave|p2a: Gothitelle
|-activate|p2a: Gothitelle|move: Protect
|
|-weather|none
|-start|p1a: Archaludon|perish0
|-start|p1b: Kingambit|perish0
|faint|p1a: Archaludon
|faint|p1b: Kingambit
|upkeep
|
|t:|1756548701
|switch|p1b: Basculegion|Basculegion, L50, M|100/100
|turn|14
|
|t:|1756548707
|move|p1b: Basculegion|Last Respects|p2a: Gothitelle
|-supereffective|p2a: Gothitelle
|-damage|p2a: Gothitelle|0 fnt
|faint|p2a: Gothitelle
|
|win|NerdConsultant
||NerdConsultant is ready for game 2.
|inactive|tmp_axo has 30 seconds to confirm battle start!
||tmp_axo is ready for game 2.
|uhtml|next|Next: Game 2 of 3
