|j|☆orbwair
|j|☆RosieAndJim
|html|orbwairRosieAndJim    
|uhtml|bestof|Game 1 of a best-of-3
|t:|1756220827
|gametype|doubles
|player|p1|orbwair|hexmaniac-gen6|1028
|player|p2|RosieAndJim|1|1074
|gen|9
|tier|[Gen 9] VGC 2025 Reg H (Bo3)
|rated|
|rule|Species Clause: Limit one of each Pokémon
|rule|Item Clause: Limit 1 of each item
|clearpoke
|poke|p1|Talonflame, L50, M|
|poke|p1|Sylveon, L50, F|
|poke|p1|Amoonguss, L50, F|
|poke|p1|Sneasler, L50, M|
|poke|p1|Garchomp, L50, F|
|poke|p1|Incineroar, L50, F|
|poke|p2|Inteleon, L50, M|
|poke|p2|Archaludon, L50, F|
|poke|p2|Garchomp, L50, F|
|poke|p2|Incineroar, L50, F|
|poke|p2|Pelipper, L50, F|
|poke|p2|Talonflame, L50, M|
|teampreview|4
|showteam|p1|Talonflame||CovertCloak|GaleWings|DualWingbeat,FlareBlitz,Tailwind,Taunt|||M|||50|,,,,,Fairy]Sylveon||ThroatSpray|Pixilate|HyperVoice,HelpingHand,Protect,TeraBlast|||F|||50|,,,,,Grass]Amoonguss||RockyHelmet|Regenerator|PollenPuff,RagePowder,Protect,Spore|||F|||50|,,,,,Water]Sneasler||FocusSash|Unburden|Acrobatics,CloseCombat,DireClaw,Protect|||M|||50|,,,,,Dark]Garchomp||ClearAmulet|RoughSkin|DragonClaw,Earthquake,StompingTantrum,Protect|||F|||50|,,,,,Ground]Incineroar||AssaultVest|Intimidate|FakeOut,FlareBlitz,KnockOff,Snarl|||F|||50|,,,,,Grass
|showteam|p2|Inteleon||ChoiceSpecs|Sniper|SnipeShot,Scald,ShadowBall,FlipTurn|||M|||50|,,,,,Water]Archaludon||AssaultVest|Stamina|ElectroShot,DragonPulse,BodyPress,Snarl|||F|||50|,,,,,Grass]Garchomp||LifeOrb|RoughSkin|Earthquake,DragonClaw,StompingTantrum,Protect|||F|||50|,,,,,Ground]Incineroar||SafetyGoggles|Intimidate|FlareBlitz,KnockOff,PartingShot,FakeOut|||F|||50|,,,,,Ghost]Pelipper||FocusSash|Drizzle|WeatherBall,Hurricane,Tailwind,Protect|||F|||50|,,,,,Stellar]Talonflame||CovertCloak|GaleWings|BraveBird,Tailwind,Taunt,RainDance|||M|||50|,,,,,Flying
|j| thewanderer55
|c|☆orbwair|play wo timer?
|
|t:|1756220866
|teamsize|p1|4
|teamsize|p2|4
|start
|switch|p1a: Cherish|Amoonguss, L50, F|100/100
|switch|p1b: Small Child|Incineroar, L50, F|100/100
|switch|p2a: Talonflame|Talonflame, L50, M|100/100
|switch|p2b: Garchomp|Garchomp, L50, F|100/100
|-ability|p1b: Small Child|Intimidate|boost
|-unboost|p2a: Talonflame|atk|1
|-unboost|p2b: Garchomp|atk|1
|turn|1
|
|t:|1756220892
|move|p1a: Cherish|Protect|p1a: Cherish
|-singleturn|p1a: Cherish|Protect
|move|p1b: Small Child|Fake Out|p2b: Garchomp
|-damage|p2b: Garchomp|84/100
|-damage|p1b: Small Child|88/100|[from] ability: Rough Skin|[of] p2b: Garchomp
|move|p2a: Talonflame|Taunt|p1a: Cherish
|-activate|p1a: Cherish|move: Protect
|cant|p2b: Garchomp|flinch
|
|upkeep
|turn|2
|
|t:|1756220918
|-terastallize|p2b: Garchomp|Ground
|move|p2a: Talonflame|Taunt|p1a: Cherish
|-start|p1a: Cherish|move: Taunt
|move|p2b: Garchomp|Stomping Tantrum|p1b: Small Child
|-supereffective|p1b: Small Child
|-damage|p1b: Small Child|0 fnt
|faint|p1b: Small Child
|-damage|p2b: Garchomp|74/100|[from] item: Life Orb
|cant|p1a: Cherish|move: Taunt|Spore
|
|upkeep
|
|t:|1756220934
|switch|p1b: Kana|Sylveon, L50, F|100/100
|turn|3
|
|t:|1756220958
|-terastallize|p1b: Kana|Grass
|move|p2a: Talonflame|Taunt|p1b: Kana
|-start|p1b: Kana|move: Taunt
|move|p2b: Garchomp|Earthquake|p1a: Cherish|[spread] p1a,p1b
|-immune|p2a: Talonflame
|-resisted|p1b: Kana
|-damage|p1a: Cherish|53/100
|-damage|p1b: Kana|71/100
|-damage|p2b: Garchomp|65/100|[from] item: Life Orb
|move|p1b: Kana|Tera Blast|p2b: Garchomp|[anim] Tera Blast Grass
|-supereffective|p2b: Garchomp
|-damage|p2b: Garchomp|0 fnt
|faint|p2b: Garchomp
|move|p1a: Cherish|Pollen Puff|p2a: Talonflame
|-resisted|p2a: Talonflame
|-damage|p2a: Talonflame|93/100
|
|upkeep
|
|t:|1756220975
|switch|p2b: Pelipper|Pelipper, L50, F|100/100
|-weather|RainDance|[from] ability: Drizzle|[of] p2b: Pelipper
|turn|4
|
|t:|1756221014
|switch|p1a: OORRRREEEOOOOOOOO|Sneasler, L50, M, shiny|100/100
|move|p2a: Talonflame|Brave Bird|p1b: Kana
|-supereffective|p1b: Kana
|-damage|p1b: Kana|0 fnt
|faint|p1b: Kana
|-damage|p2a: Talonflame|63/100|[from] Recoil
|move|p2b: Pelipper|Hurricane|p1a: OORRRREEEOOOOOOOO
|-supereffective|p1a: OORRRREEEOOOOOOOO
|-enditem|p1a: OORRRREEEOOOOOOOO|Focus Sash
|-damage|p1a: OORRRREEEOOOOOOOO|1/100
|
|-weather|RainDance|[upkeep]
|upkeep
|
|t:|1756221030
|switch|p1b: Cherish|Amoonguss, L50, F|86/100
|turn|5
|
|t:|1756221047
|move|p1a: OORRRREEEOOOOOOOO|Dire Claw|p2a: Talonflame
|-damage|p2a: Talonflame|0 fnt
|faint|p2a: Talonflame
|move|p2b: Pelipper|Hurricane|p1a: OORRRREEEOOOOOOOO
|-supereffective|p1a: OORRRREEEOOOOOOOO
|-damage|p1a: OORRRREEEOOOOOOOO|0 fnt
|faint|p1a: OORRRREEEOOOOOOOO
|move|p1b: Cherish|Spore|p2b: Pelipper
|-status|p2b: Pelipper|slp|[from] move: Spore
|
|-weather|RainDance|[upkeep]
|upkeep
|
|t:|1756221057
|switch|p2a: Inteleon|Inteleon, L50, M|100/100
|turn|6
|
|t:|1756221064
|move|p2a: Inteleon|Snipe Shot|p1b: Cherish
|-resisted|p1b: Cherish
|-damage|p1b: Cherish|54/100
|cant|p2b: Pelipper|slp
|move|p1b: Cherish|Spore|p2a: Inteleon
|-status|p2a: Inteleon|slp|[from] move: Spore
|
|-weather|RainDance|[upkeep]
|upkeep
|turn|7
|
|t:|1756221075
|cant|p2a: Inteleon|slp
|cant|p2b: Pelipper|slp
|move|p1b: Cherish|Pollen Puff|p2a: Inteleon
|-damage|p2a: Inteleon|70/100 slp
|
|-weather|RainDance|[upkeep]
|upkeep
|turn|8
|
|t:|1756221087
|-curestatus|p2a: Inteleon|slp|[msg]
|move|p2a: Inteleon|Snipe Shot|p1b: Cherish
|-resisted|p1b: Cherish
|-damage|p1b: Cherish|23/100
|cant|p2b: Pelipper|slp
|move|p1b: Cherish|Pollen Puff|p2a: Inteleon
|-damage|p2a: Inteleon|40/100
|
|-weather|none
|upkeep
|turn|9
|-message|orbwair forfeited.
|
|win|RosieAndJim
