|j|☆That_Leek
|j|☆arkjsmith
|html|That_Leekarkjsmith    
|uhtml|bestof|Game 2 of a best-of-3
|t:|1755406016
|gametype|doubles
|player|p1|That_Leek|blue-masters|1269
|player|p2|arkjsmith|roxie|1174
|gen|9
|tier|[Gen 9] VGC 2025 Reg H (Bo3)
|rated|
|rule|Species Clause: Limit one of each Pokémon
|rule|Item Clause: Limit 1 of each item
|clearpoke
|poke|p1|Incineroar, L50, F|
|poke|p1|Gholdengo, L50|
|poke|p1|Dragonite, L50, F|
|poke|p1|Amoonguss, L50, M|
|poke|p1|Ursaluna-Bloodmoon, L50, M|
|poke|p1|Gallade, L50, M|
|poke|p2|Incineroar, L50, M|
|poke|p2|Gholdengo, L50|
|poke|p2|Dragonite, L50, M|
|poke|p2|Ursaluna, L50, F|
|poke|p2|Annihilape, L50, F|
|poke|p2|Mimikyu, L50, F|
|teampreview|4
|showteam|p1|Incineroar||SafetyGoggles|Intimidate|FakeOut,FlareBlitz,KnockOff,PartingShot|||F|||50|,,,,,Water]Gholdengo||LifeOrb|GoodasGold|MakeItRain,ShadowBall,NastyPlot,Protect||||||50|,,,,,Dragon]Dragonite||LoadedDice|Multiscale|Tailwind,StompingTantrum,ScaleShot,Protect|||F|||50|,,,,,Fairy]Amoonguss||SitrusBerry|Regenerator|PollenPuff,Spore,RagePowder,Protect|||M|||50|,,,,,Fairy]Ursaluna-Bloodmoon||AssaultVest|MindsEye|VacuumWave,BloodMoon,HyperVoice,EarthPower|||M|||50|,,,,,Ghost]Gallade||FocusSash|Sharpness|TrickRoom,SacredSword,WideGuard,PsychoCut|||M|||50|,,,,,Fairy
|showteam|p2|Incineroar||SafetyGoggles|Intimidate|FakeOut,KnockOff,PartingShot,FlareBlitz|||M|||50|,,,,,Ghost]Gholdengo||SitrusBerry|GoodasGold|MakeItRain,ShadowBall,NastyPlot,Protect||||||50|,,,,,Flying]Dragonite||LoadedDice|Multiscale|ScaleShot,ExtremeSpeed,Tailwind,Protect|||M|||50|,,,,,Steel]Ursaluna||FlameOrb|Guts|HeadlongRush,Facade,Earthquake,Protect|||F|||50|,,,,,Ghost]Annihilape||FocusSash|Defiant|CloseCombat,RageFist,Coaching,FinalGambit|||F|||50|,,,,,Stellar]Mimikyu||LifeOrb|Disguise|ShadowClaw,PlayRough,ShadowSneak,TrickRoom|||F|||50|,,,,,Ghost
|inactive|Battle timer is ON: inactive players will automatically lose when time's up. (requested by arkjsmith)
|
|t:|1755406040
|teamsize|p1|4
|teamsize|p2|4
|start
|switch|p1a: Amoonguss|Amoonguss, L50, M|100/100
|switch|p1b: Dragonite|Dragonite, L50, F|100/100
|switch|p2a: Cheese|Gholdengo, L50|100/100
|switch|p2b: Bobert|Annihilape, L50, F|100/100
|turn|1
|
|t:|1755406059
|switch|p2b: Stripe|Incineroar, L50, M, shiny|100/100
|-ability|p2b: Stripe|Intimidate|boost
|-unboost|p1a: Amoonguss|atk|1
|-unboost|p1b: Dragonite|atk|1
|-terastallize|p2a: Cheese|Flying
|move|p2a: Cheese|Nasty Plot|p2a: Cheese
|-boost|p2a: Cheese|spa|2
|move|p1b: Dragonite|Scale Shot|p2b: Stripe
|-damage|p2b: Stripe|90/100
|-damage|p2b: Stripe|79/100
|-damage|p2b: Stripe|70/100
|-damage|p2b: Stripe|59/100
|-hitcount|p2b: Stripe|4
|-unboost|p1b: Dragonite|def|1
|-boost|p1b: Dragonite|spe|1
|move|p1a: Amoonguss|Pollen Puff|p1b: Dragonite
|
|upkeep
|turn|2
|
|t:|1755406076
|move|p1b: Dragonite|Protect|p1b: Dragonite
|-singleturn|p1b: Dragonite|Protect
|move|p1a: Amoonguss|Protect|p1a: Amoonguss
|-singleturn|p1a: Amoonguss|Protect
|move|p2b: Stripe|Fake Out|p1b: Dragonite
|-activate|p1b: Dragonite|move: Protect
|move|p2a: Cheese|Nasty Plot|p2a: Cheese
|-boost|p2a: Cheese|spa|2
|
|upkeep
|turn|3
|
|t:|1755406087
|move|p2a: Cheese|Protect|p2a: Cheese
|-singleturn|p2a: Cheese|Protect
|move|p1a: Amoonguss|Rage Powder|p1a: Amoonguss
|-singleturn|p1a: Amoonguss|move: Rage Powder
|move|p1b: Dragonite|Tailwind|p1b: Dragonite
|-sidestart|p1: That_Leek|move: Tailwind
|move|p2b: Stripe|Knock Off|p1b: Dragonite
|-damage|p1b: Dragonite|61/100
|-enditem|p1b: Dragonite|Loaded Dice|[from] move: Knock Off|[of] p2b: Stripe
|
|upkeep
|turn|4
|
|t:|1755406101
|move|p1b: Dragonite|Scale Shot|p2a: Cheese
|-damage|p2a: Cheese|90/100
|-damage|p2a: Cheese|80/100
|-damage|p2a: Cheese|69/100
|-damage|p2a: Cheese|59/100
|-hitcount|p2a: Cheese|4
|-unboost|p1b: Dragonite|def|1
|-boost|p1b: Dragonite|spe|1
|move|p2a: Cheese|Make It Rain|p1a: Amoonguss|[spread] p1a,p1b
|-damage|p1a: Amoonguss|0 fnt
|-damage|p1b: Dragonite|0 fnt
|-unboost|p2a: Cheese|spa|1
|faint|p1a: Amoonguss
|faint|p1b: Dragonite
|move|p2b: Stripe|Flare Blitz|p1: Amoonguss|[notarget]
|-fail|p2b: Stripe
|
|upkeep
|
|t:|1755406105
|switch|p1b: Ursaluna|Ursaluna-Bloodmoon, L50, M|100/100
|switch|p1a: Gholdengo|Gholdengo, L50|100/100
|turn|5
|
|t:|1755406114
|switch|p2b: Pete|Dragonite, L50, M, shiny|100/100
|move|p2a: Cheese|Protect|p2a: Cheese
|-singleturn|p2a: Cheese|Protect
|move|p1a: Gholdengo|Make It Rain|p2b: Pete|[spread] p2b
|-activate|p2a: Cheese|move: Protect
|-damage|p2b: Pete|65/100
|-unboost|p1a: Gholdengo|spa|1
|-damage|p1a: Gholdengo|91/100|[from] item: Life Orb
|move|p1b: Ursaluna|Earth Power|p2b: Pete
|-immune|p2b: Pete
|
|upkeep
|turn|6
|
|t:|1755406139
|switch|p2a: Stripe|Incineroar, L50, M, shiny|59/100
|-ability|p2a: Stripe|Intimidate|boost
|-unboost|p1a: Gholdengo|atk|1
|-unboost|p1b: Ursaluna|atk|1
|move|p2b: Pete|Protect|p2b: Pete
|-singleturn|p2b: Pete|Protect
|move|p1a: Gholdengo|Make It Rain|p2a: Stripe|[spread] p2a
|-activate|p2b: Pete|move: Protect
|-resisted|p2a: Stripe
|-damage|p2a: Stripe|41/100
|-unboost|p1a: Gholdengo|spa|1
|-damage|p1a: Gholdengo|82/100|[from] item: Life Orb
|move|p1b: Ursaluna|Hyper Voice|p2b: Pete|[spread] p2a
|-activate|p2b: Pete|move: Protect
|-damage|p2a: Stripe|8/100
|
|-sideend|p1: That_Leek|move: Tailwind
|upkeep
|turn|7
|
|t:|1755406158
|move|p2a: Stripe|Fake Out|p1b: Ursaluna
|-damage|p1b: Ursaluna|91/100
|move|p2b: Pete|Scale Shot|p1b: Ursaluna
|-damage|p1b: Ursaluna|80/100
|-damage|p1b: Ursaluna|67/100
|-damage|p1b: Ursaluna|56/100
|-crit|p1b: Ursaluna
|-damage|p1b: Ursaluna|37/100
|-hitcount|p1b: Ursaluna|4
|-unboost|p2b: Pete|def|1
|-boost|p2b: Pete|spe|1
|move|p1a: Gholdengo|Make It Rain|p2b: Pete|[spread] p2a,p2b
|-resisted|p2a: Stripe
|-damage|p2a: Stripe|0 fnt
|-damage|p2b: Pete|28/100
|-unboost|p1a: Gholdengo|spa|1
|faint|p2a: Stripe
|-damage|p1a: Gholdengo|72/100|[from] item: Life Orb
|cant|p1b: Ursaluna|flinch
|
|upkeep
|-message|That_Leek forfeited.
|
|win|arkjsmith
|raw|That_Leek's rating: 1269 → 1237(-32 for losing)
|raw|arkjsmith's rating: 1174 → 1206(+32 for winning)
|l|☆That_Leek
|player|p1|
