|j|☆chocokoala vgc
|j|☆rowletspin
|html|chocokoala vgcrowletspin    
|uhtml|bestof|Game 1 of a best-of-3
|t:|1784814191
|gametype|doubles
|player|p1|chocokoala vgc|benga|1300
|player|p2|rowletspin|1|1382
|gen|9
|tier|[Gen 9 Champions] VGC 2026 Reg M-B (Bo3)
|rated|
|rule|Species Clause: Limit one of each Pokémon
|rule|Item Clause: Limit 1 of each item
|clearpoke
|poke|p1|Scovillain, L50, F|
|poke|p1|Primarina, L50, M|
|poke|p1|Aerodactyl, L50, M|
|poke|p1|Garchomp, L50, M|
|poke|p1|Gholdengo, L50|
|poke|p1|Grimmsnarl, L50, M|
|poke|p2|Raichu, L50, M|
|poke|p2|Corviknight, L50, M|
|poke|p2|Sylveon, L50, F|
|poke|p2|Basculegion, L50, M|
|poke|p2|Mamoswine, L50, M|
|poke|p2|Tyranitar, L50, M|
|teampreview|4
|showteam|p1|Scovillain||Scovillainite|Moody|Flamethrower,GigaDrain,Protect,RagePowder|Bold||F|||50|]Primarina||Leftovers|LiquidVoice|HyperVoice,Moonblast,Protect,CalmMind|Modest||M|||50|]Aerodactyl||Aerodactylite|Unnerve|RockSlide,DualWingbeat,Protect,Tailwind|Jolly||M|||50|]Garchomp||SoftSand|RoughSkin|Earthquake,StompingTantrum,Protect,DragonClaw|Jolly||M|||50|]Gholdengo||LifeOrb|GoodasGold|MakeItRain,ShadowBall,Protect,NastyPlot|Modest|||||50|]Grimmsnarl||LightClay|Prankster|LightScreen,Reflect,FakeOut,FoulPlay|Sassy||M|||50|
|showteam|p2|Raichu||RaichuniteY|LightningRod|ZapCannon,FocusBlast,FakeOut,Protect|Timid||M|||50|]Corviknight||Leftovers|MirrorArmor|BraveBird,IronHead,Tailwind,Protect|Careful||M|||50|]Sylveon||FairyFeather|Pixilate|HyperVoice,QuickAttack,Protect,Yawn|Modest||F|||50|]Basculegion||MysticWater|Adaptability|WaveCrash,LastRespects,AquaJet,Protect|Adamant||M|||50|]Mamoswine||LifeOrb|Oblivious|HighHorsepower,IcicleCrash,IceShard,Protect|Adamant||M|||50|]Tyranitar||FocusSash|SandStream|RockSlide,KnockOff,Superpower,Protect|Adamant||M|||50|
|inactive|Battle timer is ON: inactive players will automatically lose when time's up. (requested by chocokoala vgc)
|inactive|rowletspin also wants the timer to be on.
|inactive|rowletspin has 60 seconds left.
|
|t:|1784814224
|teamsize|p1|4
|teamsize|p2|4
|start
|switch|p1a: Scovillain|Scovillain, L50, F|100/100
|switch|p1b: Garchomp|Garchomp, L50, M|100/100
|switch|p2a: Raichu|Raichu, L50, M|100/100
|switch|p2b: Mamoswine|Mamoswine, L50, M|100/100
|turn|1
|inactive|chocokoala vgc has 30 seconds left.
|inactive|chocokoala vgc has 20 seconds left.
|inactive|chocokoala vgc has 15 seconds left.
|inactive|chocokoala vgc has 10 seconds left.
|inactive|chocokoala vgc has 5 seconds left.
|
|t:|1784814279
|detailschange|p2a: Raichu|Raichu-Mega-Y, L50, M
|-mega|p2a: Raichu|Raichu|Raichunite Y
|move|p2a: Raichu|Fake Out|p1a: Scovillain
|-damage|p1a: Scovillain|89/100
|move|p2b: Mamoswine|Ice Shard|p1b: Garchomp
|-supereffective|p1b: Garchomp|2
|-damage|p1b: Garchomp|0 fnt
|faint|p1b: Garchomp
|-damage|p2b: Mamoswine|90/100|[from] item: Life Orb
|cant|p1a: Scovillain|flinch
|
|-ability|p1a: Scovillain|Moody|boost
|-boost|p1a: Scovillain|spd|2
|-unboost|p1a: Scovillain|spe|1
|upkeep
|
|t:|1784814286
|switch|p1b: Gholdengo|Gholdengo, L50|100/100
|turn|2
|
|t:|1784814305
|detailschange|p1a: Scovillain|Scovillain-Mega, L50, F
|-mega|p1a: Scovillain|Scovillain|Scovillainite
|move|p1b: Gholdengo|Protect|p1b: Gholdengo
|-singleturn|p1b: Gholdengo|Protect
|move|p2a: Raichu|Zap Cannon|p1b: Gholdengo
|-activate|p1b: Gholdengo|move: Protect
|move|p2b: Mamoswine|High Horsepower|p1a: Scovillain
|-damage|p1a: Scovillain|13/100
|-status|p2b: Mamoswine|brn|[from] ability: Spicy Spray|[of] p1a: Scovillain
|-damage|p2b: Mamoswine|80/100 brn|[from] item: Life Orb
|move|p1a: Scovillain|Giga Drain|p2b: Mamoswine
|-supereffective|p2b: Mamoswine|1
|-damage|p2b: Mamoswine|0 fnt
|-heal|p1a: Scovillain|58/100|[from] drain|[of] p2b: Mamoswine
|faint|p2b: Mamoswine
|
|upkeep
|
|t:|1784814319
|switch|p2b: Tyranitar|Tyranitar, L50, M|100/100
|-weather|Sandstorm|[from] ability: Sand Stream|[of] p2b: Tyranitar
|turn|3
|
|t:|1784814327
|move|p2b: Tyranitar|Protect|p2b: Tyranitar
|-singleturn|p2b: Tyranitar|Protect
|move|p1a: Scovillain|Rage Powder|p1a: Scovillain
|-singleturn|p1a: Scovillain|move: Rage Powder
|move|p2a: Raichu|Zap Cannon|p1a: Scovillain
|-resisted|p1a: Scovillain|1
|-damage|p1a: Scovillain|41/100
|-status|p1a: Scovillain|par
|-status|p2a: Raichu|brn|[from] ability: Spicy Spray|[of] p1a: Scovillain
|move|p1b: Gholdengo|Shadow Ball|p2a: Raichu
|-damage|p2a: Raichu|15/100 brn
|-damage|p1b: Gholdengo|90/100|[from] item: Life Orb
|
|-weather|Sandstorm|[upkeep]
|-damage|p2a: Raichu|9/100 brn|[from] Sandstorm
|-damage|p1a: Scovillain|35/100 par|[from] Sandstorm
|-damage|p2a: Raichu|4/100 brn|[from] brn
|upkeep
|turn|4
|
|t:|1784814344
|move|p1b: Gholdengo|Protect|p1b: Gholdengo
|-singleturn|p1b: Gholdengo|Protect
|move|p2a: Raichu|Zap Cannon|p1a: Scovillain
|-resisted|p1a: Scovillain|1
|-damage|p1a: Scovillain|19/100 par
|move|p2b: Tyranitar|Rock Slide|p1a: Scovillain|[spread] p1a
|-activate|p1b: Gholdengo|move: Protect
|-supereffective|p1a: Scovillain|1
|-damage|p1a: Scovillain|0 fnt
|-status|p2b: Tyranitar|brn|[from] ability: Spicy Spray|[of] p1a: Scovillain
|faint|p1a: Scovillain
|
|-weather|Sandstorm|[upkeep]
|-damage|p2a: Raichu|0 fnt|[from] Sandstorm
|faint|p2a: Raichu
|-damage|p2b: Tyranitar|94/100 brn|[from] brn
|upkeep
|
|t:|1784814351
|switch|p2a: Basculegion|Basculegion, L50, M|100/100
|switch|p1a: Primarina|Primarina, L50, M|100/100
|turn|5
|
|t:|1784814361
|move|p1b: Gholdengo|Shadow Ball|p2a: Basculegion
|-supereffective|p2a: Basculegion|1
|-damage|p2a: Basculegion|0 fnt
|faint|p2a: Basculegion
|-damage|p1b: Gholdengo|81/100|[from] item: Life Orb
|move|p2b: Tyranitar|Knock Off|p1b: Gholdengo
|-supereffective|p1b: Gholdengo|1
|-damage|p1b: Gholdengo|15/100
|-enditem|p1b: Gholdengo|Life Orb|[from] move: Knock Off|[of] p2b: Tyranitar
|move|p1a: Primarina|Moonblast|p2b: Tyranitar
|-supereffective|p2b: Tyranitar|1
|-damage|p2b: Tyranitar|34/100 brn
|
|-weather|Sandstorm|[upkeep]
|-damage|p1a: Primarina|94/100|[from] Sandstorm
|-heal|p1a: Primarina|100/100|[from] item: Leftovers
|-damage|p2b: Tyranitar|29/100 brn|[from] brn
|upkeep
|turn|6
|-message|rowletspin forfeited.
|
|win|chocokoala vgc
