|j|☆penpur
|j|☆Oscarm92
|html|penpurOscarm92    
|uhtml|bestof|Game 2 of a best-of-3
|t:|1784698609
|gametype|doubles
|player|p1|penpur|266|1349
|player|p2|Oscarm92|169|1290
|gen|9
|tier|[Gen 9 Champions] VGC 2026 Reg M-B (Bo3)
|rated|
|rule|Species Clause: Limit one of each Pokémon
|rule|Item Clause: Limit 1 of each item
|clearpoke
|poke|p1|Tyranitar, L50, M|
|poke|p1|Excadrill, L50, F|
|poke|p1|Milotic, L50, M|
|poke|p1|Sinistcha, L50|
|poke|p1|Staraptor, L50, F|
|poke|p1|Gholdengo, L50|
|poke|p2|Charizard, L50, M, shiny|
|poke|p2|Aerodactyl, L50, M|
|poke|p2|Garchomp, L50, M, shiny|
|poke|p2|Kingambit, L50, F|
|poke|p2|Sylveon, L50, F|
|poke|p2|Farigiraf, L50, F|
|teampreview|4
|showteam|p1|Tyranitar||Tyranitarite|SandStream|KnockOff,RockSlide,LowKick,Protect|Adamant||M|||50|]Excadrill||FocusSash|SandRush|HighHorsepower,IronHead,RockSlide,Protect|Adamant||F|||50|]Milotic||SitrusBerry|Competitive|Scald,IcyWind,Recover,Protect|Modest||M|||50|]Sinistcha||ColburBerry|Hospitality|MatchaGotcha,TrickRoom,RagePowder,Protect|Bold|||||50|]Staraptor||Staraptite|Intimidate|CloseCombat,BraveBird,Tailwind,Protect|Jolly||F|||50|]Gholdengo||LifeOrb|GoodasGold|MakeItRain,ShadowBall,NastyPlot,Protect|Modest|||||50|
|showteam|p2|Charizard||CharizarditeY|Blaze|HeatWave,WeatherBall,SolarBeam,Protect|Modest||M|||50|]Aerodactyl||Aerodactylite|Unnerve|IceFang,RockSlide,Tailwind,DualWingbeat|Jolly||M|||50|]Garchomp||LifeOrb|RoughSkin|DragonClaw,StompingTantrum,Earthquake,Protect|Jolly||M|||50|]Kingambit||FocusSash|Defiant|SuckerPunch,KowtowCleave,IronHead,LowKick|Adamant||F|||50|]Sylveon||FairyFeather|Pixilate|QuickAttack,HyperVoice,HyperBeam,Protect|Modest||F|||50|]Farigiraf||SitrusBerry|ArmorTail|TrickRoom,Thunderbolt,PsychicFangs,Psychic|Bold||F|||50|
|inactive|Battle timer is ON: inactive players will automatically lose when time's up. (requested by penpur)
|
|t:|1784698651
|teamsize|p1|4
|teamsize|p2|4
|start
|switch|p1a: Staraptor|Staraptor, L50, F|100/100
|switch|p1b: Milotic|Milotic, L50, M|100/100
|switch|p2a: Garchomp|Garchomp, L50, M, shiny|100/100
|switch|p2b: Kingambit|Kingambit, L50, F|100/100
|-ability|p1a: Staraptor|Intimidate|boost
|-unboost|p2a: Garchomp|atk|1
|-unboost|p2b: Kingambit|atk|1
|-ability|p2b: Kingambit|Defiant|boost
|-boost|p2b: Kingambit|atk|2
|turn|1
|inactive|Oscarm92 has 30 seconds left.
|inactive|Oscarm92 has 20 seconds left.
|inactive|Oscarm92 has 15 seconds left.
|inactive|Oscarm92 has 10 seconds left.
|
|t:|1784698697
|switch|p2a: Sylveon|Sylveon, L50, F|100/100
|detailschange|p1a: Staraptor|Staraptor-Mega, L50, F
|-mega|p1a: Staraptor|Staraptor|Staraptite
|move|p1a: Staraptor|Close Combat|p2b: Kingambit
|-supereffective|p2b: Kingambit|2
|-enditem|p2b: Kingambit|Focus Sash
|-damage|p2b: Kingambit|1/100
|-boost|p1a: Staraptor|def|1
|-boost|p1a: Staraptor|spd|1
|move|p1b: Milotic|Icy Wind|p2a: Sylveon|[spread] p2a
|-miss|p1b: Milotic|p2b: Kingambit
|-damage|p2a: Sylveon|90/100
|-unboost|p2a: Sylveon|spe|1
|move|p2b: Kingambit|Iron Head|p1a: Staraptor
|-damage|p1a: Staraptor|50/100g
|
|upkeep
|turn|2
|inactive|penpur has 30 seconds left.
|inactive|Oscarm92 has 30 seconds left.
|
|t:|1784698732
|move|p1a: Staraptor|Protect|p1a: Staraptor
|-singleturn|p1a: Staraptor|Protect
|move|p2b: Kingambit|Sucker Punch||[still]
|-fail|p2b: Kingambit
|move|p1b: Milotic|Icy Wind|p2a: Sylveon|[spread] p2b
|-miss|p1b: Milotic|p2a: Sylveon
|-resisted|p2b: Kingambit|1
|-damage|p2b: Kingambit|0 fnt
|faint|p2b: Kingambit
|move|p2a: Sylveon|Hyper Voice|p1b: Milotic|[spread] p1b
|-activate|p1a: Staraptor|move: Protect
|-damage|p1b: Milotic|65/100
|
|upkeep
|
|t:|1784698737
|switch|p2b: Charizard|Charizard, L50, M, shiny|100/100
|turn|3
|
|t:|1784698759
|move|p2b: Charizard|Protect|p2b: Charizard
|-singleturn|p2b: Charizard|Protect
|move|p1b: Milotic|Protect|p1b: Milotic
|-singleturn|p1b: Milotic|Protect
|move|p1a: Staraptor|Tailwind|p1a: Staraptor
|-sidestart|p1: penpur|move: Tailwind
|move|p2a: Sylveon|Hyper Voice|p1a: Staraptor|[spread] p1a
|-activate|p1b: Milotic|move: Protect
|-supereffective|p1a: Staraptor|1
|-damage|p1a: Staraptor|0 fnt
|faint|p1a: Staraptor
|
|upkeep
|
|t:|1784698768
|switch|p1a: Tyranitar|Tyranitar, L50, M|100/100
|-weather|Sandstorm|[from] ability: Sand Stream|[of] p1a: Tyranitar
|turn|4
|inactive|Oscarm92 has 30 seconds left.
|
|t:|1784698802
|detailschange|p2b: Charizard|Charizard-Mega-Y, L50, M, shiny
|-mega|p2b: Charizard|Charizard|Charizardite Y
|-weather|SunnyDay|[from] ability: Drought|[of] p2b: Charizard
|move|p1b: Milotic|Icy Wind|p2a: Sylveon|[spread] p2a,p2b
|-damage|p2a: Sylveon|81/100
|-damage|p2b: Charizard|90/100
|-unboost|p2a: Sylveon|spe|1
|-unboost|p2b: Charizard|spe|1
|move|p1a: Tyranitar|Rock Slide|p2b: Charizard|[spread] p2a,p2b
|-supereffective|p2b: Charizard|2
|-damage|p2a: Sylveon|48/100
|-damage|p2b: Charizard|0 fnt
|faint|p2b: Charizard
|move|p2a: Sylveon|Hyper Voice|p1a: Tyranitar|[spread] p1a,p1b
|-supereffective|p1a: Tyranitar|1
|-damage|p1a: Tyranitar|12/100
|-damage|p1b: Milotic|29/100
|-enditem|p1b: Milotic|Sitrus Berry|[eat]
|-heal|p1b: Milotic|53/100|[from] item: Sitrus Berry
|
|-weather|SunnyDay|[upkeep]
|upkeep
|
|t:|1784698809
|switch|p2b: Garchomp|Garchomp, L50, M, shiny|100/100
|turn|5
|inactive|Oscarm92 has 30 seconds left.
|inactive|penpur has 30 seconds left.
|inactive|Oscarm92 has 20 seconds left.
|
|t:|1784698847
|move|p2b: Garchomp|Protect|p2b: Garchomp
|-singleturn|p2b: Garchomp|Protect
|move|p1b: Milotic|Icy Wind|p2a: Sylveon|[spread] p2a
|-activate|p2b: Garchomp|move: Protect
|-damage|p2a: Sylveon|38/100
|-unboost|p2a: Sylveon|spe|1
|move|p1a: Tyranitar|Rock Slide|p2b: Garchomp|[spread] p2a
|-activate|p2b: Garchomp|move: Protect
|-damage|p2a: Sylveon|4/100
|cant|p2a: Sylveon|flinch
|
|-weather|SunnyDay|[upkeep]
|upkeep
|turn|6
|inactive|Oscarm92 has 30 seconds left.
|
|t:|1784698875
|move|p2a: Sylveon|Quick Attack|p1a: Tyranitar
|-supereffective|p1a: Tyranitar|1
|-damage|p1a: Tyranitar|0 fnt
|faint|p1a: Tyranitar
|move|p1b: Milotic|Icy Wind|p2b: Garchomp|[spread] p2a,p2b
|-supereffective|p2b: Garchomp|2
|-damage|p2a: Sylveon|0 fnt
|-damage|p2b: Garchomp|54/100
|-unboost|p2b: Garchomp|spe|1
|faint|p2a: Sylveon
|move|p2b: Garchomp|Dragon Claw|p1b: Milotic
|-damage|p1b: Milotic|1/100
|-damage|p2b: Garchomp|44/100|[from] item: Life Orb
|
|-weather|SunnyDay|[upkeep]
|-sideend|p1: penpur|move: Tailwind
|upkeep
|
|t:|1784698881
|switch|p1a: Sinistcha|Sinistcha, L50|100/100
|-heal|p1b: Milotic|26/100|[from] ability: Hospitality|[of] p1a: Sinistcha
|turn|7
|
|t:|1784698886
|move|p1a: Sinistcha|Rage Powder|p1a: Sinistcha
|-singleturn|p1a: Sinistcha|move: Rage Powder
|move|p1b: Milotic|Recover|p1b: Milotic
|-heal|p1b: Milotic|76/100
|move|p2b: Garchomp|Earthquake|p1a: Sinistcha|[spread] p1a,p1b
|-resisted|p1a: Sinistcha|1
|-damage|p1a: Sinistcha|80/100
|-damage|p1b: Milotic|28/100
|-damage|p2b: Garchomp|34/100|[from] item: Life Orb
|
|-weather|SunnyDay|[upkeep]
|upkeep
|turn|8
|
|t:|1784698893
|move|p1a: Sinistcha|Rage Powder|p1a: Sinistcha
|-singleturn|p1a: Sinistcha|move: Rage Powder
|move|p1b: Milotic|Recover|p1b: Milotic
|-heal|p1b: Milotic|78/100
|move|p2b: Garchomp|Earthquake|p1b: Milotic|[spread] p1a,p1b
|-resisted|p1a: Sinistcha|1
|-damage|p1a: Sinistcha|61/100
|-damage|p1b: Milotic|28/100
|-damage|p2b: Garchomp|24/100|[from] item: Life Orb
|
|-weather|none
|upkeep
|turn|9
|
|t:|1784698903
|move|p1b: Milotic|Recover|p1b: Milotic
|-heal|p1b: Milotic|78/100
|move|p2b: Garchomp|Earthquake|p1a: Sinistcha|[spread] p1a,p1b
|-resisted|p1a: Sinistcha|1
|-damage|p1a: Sinistcha|40/100
|-damage|p1b: Milotic|26/100
|-damage|p2b: Garchomp|14/100|[from] item: Life Orb
|move|p1a: Sinistcha|Matcha Gotcha|p2b: Garchomp
|-damage|p2b: Garchomp|0 fnt
|-heal|p1a: Sinistcha|48/100|[from] drain|[of] p2b: Garchomp
|faint|p2b: Garchomp
|
|win|penpur
|raw|penpur's rating: 1349 → 1366(+17 for winning)
|raw|Oscarm92's rating: 1290 → 1269(-21 for losing)
|l|☆penpur
|player|p1|
