|j|☆silknotsong
|j|☆uno74
|html|silknotsonguno74    
|uhtml|bestof|Game 1 of a best-of-3
|t:|1756313170
|gametype|doubles
|player|p1|silknotsong|infielder|1099
|player|p2|uno74|youngster-gen4dp|1194
|gen|9
|tier|[Gen 9] VGC 2025 Reg H (Bo3)
|rated|
|rule|Species Clause: Limit one of each Pokémon
|rule|Item Clause: Limit 1 of each item
|clearpoke
|poke|p1|Charizard, L50, M|
|poke|p1|Torkoal, L50, M|
|poke|p1|Porygon2, L50|
|poke|p1|Incineroar, L50, F|
|poke|p1|Jumpluff, L50, M|
|poke|p1|Ursaluna, L50, F|
|poke|p2|Charizard, L50, F|
|poke|p2|Torkoal, L50, F|
|poke|p2|Porygon2, L50|
|poke|p2|Incineroar, L50, F|
|poke|p2|Jumpluff, L50, F|
|poke|p2|Ursaluna, L50, M|
|teampreview|4
|showteam|p1|Charizard||ChoiceSpecs|SolarPower|HeatWave,Overheat,WeatherBall,AirSlash|||M|||50|,,,,,Ghost]Torkoal||EjectPack|Drought|Eruption,Overheat,HelpingHand,Protect|||M|||50|,,,,,Fire]Porygon2||Eviolite|Download|TeraBlast,IceBeam,Recover,TrickRoom||||||50|,,,,,Fighting]Incineroar||SitrusBerry|Intimidate|FlareBlitz,KnockOff,FakeOut,PartingShot|||F|||50|,,,,,Ghost]Jumpluff||CovertCloak|Chlorophyll|SleepPowder,SunnyDay,RagePowder,Tailwind|||M|||50|,,,,,Water]Ursaluna||FlameOrb|Guts|HeadlongRush,Facade,Earthquake,Protect|||F|||50|,,,,,Ghost
|showteam|p2|Charizard||ChoiceSpecs|SolarPower|HeatWave,Overheat,WeatherBall,AirSlash|||F|||50|,,,,,Ghost]Torkoal||EjectPack|Drought|Eruption,Overheat,HelpingHand,Protect|||F|||50|,,,,,Fire]Porygon2||Eviolite|Download|TeraBlast,IceBeam,Recover,TrickRoom||||||50|,,,,,Fighting]Incineroar||SitrusBerry|Intimidate|FlareBlitz,KnockOff,FakeOut,PartingShot|||F|||50|,,,,,Ghost]Jumpluff||CovertCloak|Chlorophyll|SleepPowder,SunnyDay,RagePowder,Tailwind|||F|||50|,,,,,Water]Ursaluna||FlameOrb|Guts|HeadlongRush,Facade,Earthquake,Protect|||M|||50|,,,,,Ghost
|c|☆uno74|hey
|c|☆silknotsong|uhm
|c|☆uno74|spiderman pointing at spiderman
|c|☆silknotsong|ahahahah
|
|t:|1756313225
|teamsize|p1|4
|teamsize|p2|4
|start
|switch|p1a: Incineroar|Incineroar, L50, F|100/100
|switch|p1b: Charizard|Charizard, L50, M|100/100
|switch|p2a: Jumpluff|Jumpluff, L50, F|100/100
|switch|p2b: Charizard|Charizard, L50, F|100/100
|-ability|p1a: Incineroar|Intimidate|boost
|-unboost|p2a: Jumpluff|atk|1
|-unboost|p2b: Charizard|atk|1
|turn|1
|
|t:|1756313287
|move|p2a: Jumpluff|Sleep Powder|p1b: Charizard
|-status|p1b: Charizard|slp|[from] move: Sleep Powder
|cant|p1b: Charizard|slp
|move|p2b: Charizard|Air Slash|p1b: Charizard
|-damage|p1b: Charizard|34/100 slp
|move|p1a: Incineroar|Flare Blitz|p2a: Jumpluff
|-supereffective|p2a: Jumpluff
|-damage|p2a: Jumpluff|0 fnt
|faint|p2a: Jumpluff
|-damage|p1a: Incineroar|71/100|[from] Recoil
|
|upkeep
|
|t:|1756313300
|switch|p2a: Porygon2|Porygon2, L50|100/100
|-ability|p2a: Porygon2|Download|boost
|-boost|p2a: Porygon2|atk|1
|turn|2
|
|t:|1756313314
|switch|p1b: Ursaluna|Ursaluna, L50, F|100/100
|-terastallize|p2a: Porygon2|Fighting
|move|p2b: Charizard|Air Slash|p1b: Ursaluna
|-damage|p1b: Ursaluna|54/100
|move|p1a: Incineroar|Knock Off|p2a: Porygon2
|-resisted|p2a: Porygon2
|-damage|p2a: Porygon2|86/100
|-enditem|p2a: Porygon2|Eviolite|[from] move: Knock Off|[of] p1a: Incineroar
|move|p2a: Porygon2|Tera Blast|p1a: Incineroar|[anim] Tera Blast Fighting
|-supereffective|p1a: Incineroar
|-damage|p1a: Incineroar|0 fnt
|faint|p1a: Incineroar
|
|-status|p1b: Ursaluna|brn|[from] item: Flame Orb
|upkeep
|
|t:|1756313328
|switch|p1a: Porygon2|Porygon2, L50|100/100
|-ability|p1a: Porygon2|Download|boost
|-boost|p1a: Porygon2|atk|1
|turn|3
|
|t:|1756313373
|switch|p2a: Incineroar|Incineroar, L50, F|100/100
|-ability|p2a: Incineroar|Intimidate|boost
|-unboost|p1a: Porygon2|atk|1
|-unboost|p1b: Ursaluna|atk|1
|move|p2b: Charizard|Air Slash|p1b: Ursaluna
|-damage|p1b: Ursaluna|0 fnt
|faint|p1b: Ursaluna
|move|p1a: Porygon2|Trick Room|p1a: Porygon2
|-fieldstart|move: Trick Room|[of] p1a: Porygon2
|
|upkeep
|
|t:|1756313381
|switch|p1b: Charizard|Charizard, L50, M|34/100 slp
|turn|4
|
|t:|1756313394
|move|p1a: Porygon2|Tera Blast|p2b: Charizard
|-damage|p2b: Charizard|53/100
|move|p2a: Incineroar|Knock Off|p1b: Charizard
|-damage|p1b: Charizard|0 fnt
|-enditem|p1b: Charizard|Choice Specs|[from] move: Knock Off|[of] p2a: Incineroar
|faint|p1b: Charizard
|move|p2b: Charizard|Air Slash|p1a: Porygon2
|-damage|p1a: Porygon2|66/100
|
|upkeep
|turn|5
|
|t:|1756313406
|switch|p2b: Porygon2|Porygon2, L50, tera:Fighting|86/100
|-ability|p2b: Porygon2|Download|boost
|-boost|p2b: Porygon2|atk|1
|move|p1a: Porygon2|Tera Blast|p2b: Porygon2
|-damage|p2b: Porygon2|50/100
|move|p2a: Incineroar|Knock Off|p1a: Porygon2
|-damage|p1a: Porygon2|36/100
|-enditem|p1a: Porygon2|Eviolite|[from] move: Knock Off|[of] p2a: Incineroar
|
|upkeep
|turn|6
|
|t:|1756313415
|-terastallize|p1a: Porygon2|Fighting
|move|p1a: Porygon2|Tera Blast|p2a: Incineroar|[anim] Tera Blast Fighting
|-supereffective|p2a: Incineroar
|-damage|p2a: Incineroar|28/100
|-enditem|p2a: Incineroar|Sitrus Berry|[eat]
|-heal|p2a: Incineroar|53/100|[from] item: Sitrus Berry
|move|p2b: Porygon2|Recover|p2b: Porygon2
|-heal|p2b: Porygon2|99/100
|move|p2a: Incineroar|Parting Shot|p1a: Porygon2
|-unboost|p1a: Porygon2|atk|1
|-unboost|p1a: Porygon2|spa|1
|
|t:|1756313419
|switch|p2a: Charizard|Charizard, L50, F|53/100|[from] Parting Shot
|
|upkeep
|turn|7
|-message|silknotsong forfeited.
|
|win|uno74
