|j|Ōśåsodium factory
|j|Ōśåepic17x
|html|sodium factoryepic17x    
|uhtml|bestof|Game 1 of a best-of-3
|t:|1756229295
|gametype|doubles
|player|p1|sodium factory|youngster-gen4dp|1255
|player|p2|epic17x|steven|1360
|gen|9
|tier|[Gen 9] VGC 2025 Reg H (Bo3)
|rated|
|rule|Species Clause: Limit one of each Pok├®mon
|rule|Item Clause: Limit 1 of each item
|clearpoke
|poke|p1|Maushold, L50|
|poke|p1|Annihilape, L50, F|
|poke|p1|Grimmsnarl, L50, M|
|poke|p1|Gholdengo, L50|
|poke|p1|Dragonite, L50, M|
|poke|p1|Garchomp, L50, F|
|poke|p2|Ninetales-Alola, L50, F|
|poke|p2|Rillaboom, L50, F|
|poke|p2|Magmar, L50, M|
|poke|p2|Sneasler, L50, F|
|poke|p2|Kingambit, L50, M|
|poke|p2|Basculegion, L50, M|
|teampreview|4
|showteam|p1|Maushold||WideLens|FriendGuard|PopulationBomb,BeatUp,Protect,FollowMe||||||50|,,,,,Ghost]Annihilape||SafetyGoggles|Defiant|RageFist,DrainPunch,Protect,BulkUp|||F|||50|,,,,,Fire]Grimmsnarl||LightClay|Prankster|ThunderWave,LightScreen,SpiritBreak,Reflect|||M|||50|,,,,,Ghost]Gholdengo||Leftovers|GoodasGold|MakeItRain,ShadowBall,Protect,NastyPlot||||||50|,,,,,Water]Dragonite||LoadedDice|Multiscale|ScaleShot,Tailwind,Protect,Haze|||M|||50|,,,,,Fairy]Garchomp||LifeOrb|RoughSkin|StompingTantrum,Earthquake,Protect,DragonClaw|||F|||50|,,,,,Ground
|showteam|p2|Ninetales-Alola||NeverMeltIce|SnowWarning|Blizzard,FreezeDry,Encore,Protect|||F|||50|,,,,,Ghost]Rillaboom||AssaultVest|GrassySurge|WoodHammer,FakeOut,Uturn,GrassyGlide|||F|||50|,,,,,Ghost]Magmar||Eviolite|VitalSpirit|Protect,HeatWave,WillOWisp,FollowMe|||M|||50|,,,,,Ghost]Sneasler||FocusSash|PoisonTouch|FakeOut,DireClaw,CloseCombat,Protect|||F|||50|,,,,,Ghost]Kingambit||BlackGlasses|Defiant|KowtowCleave,SwordsDance,SuckerPunch,Protect|||M|||50|,,,,,Fire]Basculegion||ChoiceScarf|Adaptability|WaveCrash,FlipTurn,TeraBlast,LastRespects|||M|||50|,,,,,Fighting
|inactive|Battle timer is ON: inactive players will automatically lose when time's up. (requested by epic17x)
|c|Ōśåsodium factory|ing
|c|Ōśåsodium factory|gl
|c|Ōśåepic17x|u2
|inactive|sodium factory has 60 seconds left.
|inactive|epic17x has 60 seconds left.
|j| ur1ryanpowney
|inactive|sodium factory has 30 seconds left.
|
|t:|1756229365
|teamsize|p1|4
|teamsize|p2|4
|start
|switch|p1a: Grimmsnarl|Grimmsnarl, L50, M|100/100
|switch|p1b: Annihilape|Annihilape, L50, F|100/100
|switch|p2a: Sneasler|Sneasler, L50, F|100/100
|switch|p2b: Kingambit|Kingambit, L50, M|100/100
|turn|1
|
|t:|1756229384
|move|p2a: Sneasler|Fake Out|p1a: Grimmsnarl
|-damage|p1a: Grimmsnarl|87/100
|cant|p1a: Grimmsnarl|flinch
|move|p1b: Annihilape|Bulk Up|p1b: Annihilape
|-boost|p1b: Annihilape|atk|1
|-boost|p1b: Annihilape|def|1
|move|p2b: Kingambit|Swords Dance|p2b: Kingambit
|-boost|p2b: Kingambit|atk|2
|
|upkeep
|turn|2
|
|t:|1756229407
|-terastallize|p2b: Kingambit|Fire
|move|p1a: Grimmsnarl|Reflect|p1a: Grimmsnarl
|-sidestart|p1: sodium factory|Reflect
|move|p2a: Sneasler|Dire Claw|p1a: Grimmsnarl
|-supereffective|p1a: Grimmsnarl
|-damage|p1a: Grimmsnarl|32/100
|-status|p1a: Grimmsnarl|psn
|move|p1b: Annihilape|Bulk Up|p1b: Annihilape
|-boost|p1b: Annihilape|atk|1
|-boost|p1b: Annihilape|def|1
|move|p2b: Kingambit|Swords Dance|p2b: Kingambit
|-boost|p2b: Kingambit|atk|2
|
|-damage|p1a: Grimmsnarl|19/100 psn|[from] psn
|upkeep
|turn|3
|
|t:|1756229429
|move|p2a: Sneasler|Protect|p2a: Sneasler
|-singleturn|p2a: Sneasler|Protect
|move|p1a: Grimmsnarl|Thunder Wave|p2a: Sneasler
|-activate|p2a: Sneasler|move: Protect
|move|p1b: Annihilape|Drain Punch|p2b: Kingambit
|-damage|p2b: Kingambit|53/100
|move|p2b: Kingambit|Kowtow Cleave|p1b: Annihilape
|-damage|p1b: Annihilape|42/100
|
|-damage|p1a: Grimmsnarl|7/100 psn|[from] psn
|upkeep
|turn|4
|
|t:|1756229444
|switch|p2a: Ninetales|Ninetales-Alola, L50, F|100/100
|-weather|Snowscape|[from] ability: Snow Warning|[of] p2a: Ninetales
|move|p1b: Annihilape|Protect|p1b: Annihilape
|-singleturn|p1b: Annihilape|Protect
|move|p2b: Kingambit|Sucker Punch||[still]
|-fail|p2b: Kingambit
|move|p1a: Grimmsnarl|Thunder Wave|p2a: Ninetales
|-status|p2a: Ninetales|par
|
|-weather|Snowscape|[upkeep]
|-damage|p1a: Grimmsnarl|0 fnt|[from] psn
|faint|p1a: Grimmsnarl
|upkeep
|
|t:|1756229463
|switch|p1a: Maushold|Maushold, L50|100/100
|turn|5
|
|t:|1756229483
|move|p1a: Maushold|Follow Me|p1a: Maushold
|-singleturn|p1a: Maushold|move: Follow Me
|move|p1b: Annihilape|Rage Fist|p2a: Ninetales
|-damage|p2a: Ninetales|15/100 par
|move|p2b: Kingambit|Kowtow Cleave|p1a: Maushold
|-damage|p1a: Maushold|0 fnt
|faint|p1a: Maushold
|move|p2a: Ninetales|Blizzard|p1b: Annihilape
|-damage|p1b: Annihilape|0 fnt
|faint|p1b: Annihilape
|
|-weather|Snowscape|[upkeep]
|upkeep
|
|t:|1756229489
|switch|p1b: capitalism|Gholdengo, L50|100/100
|turn|6
|c|Ōśåsodium factory|gg
|c|Ōśåepic17x|gg
|
|t:|1756229506
|switch|p2a: Basculegion|Basculegion, L50, M|100/100
|-terastallize|p1b: capitalism|Water
|move|p2b: Kingambit|Sucker Punch|p1b: capitalism
|-damage|p1b: capitalism|0 fnt
|faint|p1b: capitalism
|
|win|epic17x
||sodium factory is ready for game 2.
||epic17x is ready for game 2.
|uhtml|next|Next: Game 2 of 3
