|j|☆OOF? YEE?
|j|☆CrystalGem02
|html|OOF? YEE?CrystalGem02    
|uhtml|bestof|Game 3 of a best-of-3
|t:|1756300346
|gametype|doubles
|player|p1|OOF? YEE?|265|1369
|player|p2|CrystalGem02|valerie|1236
|gen|9
|tier|[Gen 9] VGC 2025 Reg H (Bo3)
|rated|
|rule|Species Clause: Limit one of each Pokémon
|rule|Item Clause: Limit 1 of each item
|clearpoke
|poke|p1|Archaludon, L50, F|
|poke|p1|Pelipper, L50, F|
|poke|p1|Basculegion, L50, M|
|poke|p1|Toedscruel, L50, F|
|poke|p1|Comfey, L50, F|
|poke|p1|Weezing, L50, F|
|poke|p2|Ursaluna, L50, M|
|poke|p2|Porygon2, L50|
|poke|p2|Incineroar, L50, F|
|poke|p2|Yanmega, L50, M|
|poke|p2|Sneasler, L50, M|
|poke|p2|Archaludon, L50, M|
|teampreview|4
|showteam|p1|Archaludon||AssaultVest|Stamina|ElectroShot,BodyPress,FlashCannon,Snarl|||F|||50|,,,,,Grass]Pelipper||ChoiceScarf|Drizzle|Tailwind,Hurricane,WeatherBall,Uturn|||F|||50|,,,,,Ghost]Basculegion||MysticWater|SwiftSwim|Protect,FlipTurn,WaveCrash,LastRespects|||M|||50|,,,,,Dragon]Toedscruel||CovertCloak|MyceliumMight|Spore,EarthPower,BulletSeed,RagePowder|||F|||50|,,,,,Water]Comfey||SafetyGoggles|Triage|DrainingKiss,FloralHealing,Taunt,Protect|||F|||50|,,,,,Steel]Weezing||ChoiceSpecs|NeutralizingGas|DarkPulse,DestinyBond,ClearSmog,SludgeBomb|||F|||50|,,,,,Ghost
|showteam|p2|Ursaluna||FlameOrb|Guts|Facade,HeadlongRush,Earthquake,Protect|||M|||50|,,,,,Ghost]Porygon2||Eviolite|Download|TeraBlast,IceBeam,Recover,TrickRoom||||||50|,,,,,Flying]Incineroar||SafetyGoggles|Intimidate|FlareBlitz,KnockOff,PartingShot,FakeOut|||F|||50|,,,,,Ghost]Yanmega||FocusSash|SpeedBoost|BugBuzz,AirSlash,Tailwind,Protect|||M|||50|,,,,,Ghost]Sneasler||WhiteHerb|Unburden|DireClaw,CloseCombat,ThroatChop,Protect|||M|||50|,,,,,Stellar]Archaludon||PowerHerb|Stalwart|ElectroShot,DragonPulse,Thunderbolt,Protect|||M|||50|,,,,,Electric
|inactive|Battle timer is ON: inactive players will automatically lose when time's up. (requested by CrystalGem02)
|inactive|OOF? YEE? has 60 seconds left.
|inactive|CrystalGem02 has 60 seconds left.
|
|t:|1756300405
|teamsize|p1|4
|teamsize|p2|4
|start
|switch|p1a: Pelipper|Pelipper, L50, F|100/100
|switch|p1b: Basculegion|Basculegion, L50, M|100/100
|switch|p2a: Yanmega|Yanmega, L50, M, shiny|100/100
|switch|p2b: Sneasler|Sneasler, L50, M|100/100
|-weather|RainDance|[from] ability: Drizzle|[of] p1a: Pelipper
|turn|1
|
|t:|1756300426
|switch|p1a: Archaludon|Archaludon, L50, F|100/100
|move|p2a: Yanmega|Protect|p2a: Yanmega
|-singleturn|p2a: Yanmega|Protect
|move|p1b: Basculegion|Flip Turn|p1a: Archaludon
|-resisted|p1a: Archaludon
|-damage|p1a: Archaludon|81/100
|-ability|p1a: Archaludon|Stamina|boost
|-boost|p1a: Archaludon|def|1
|
|t:|1756300449
|switch|p1b: Comfey|Comfey, L50, F|100/100|[from] Flip Turn
|move|p2b: Sneasler|Close Combat|p1b: Comfey
|-resisted|p1b: Comfey
|-damage|p1b: Comfey|72/100
|-unboost|p2b: Sneasler|def|1
|-unboost|p2b: Sneasler|spd|1
|-enditem|p2b: Sneasler|White Herb
|-clearnegativeboost|p2b: Sneasler|[silent]
|
|-weather|RainDance|[upkeep]
|-ability|p2a: Yanmega|Speed Boost|boost
|-boost|p2a: Yanmega|spe|1
|upkeep
|turn|2
|inactive|CrystalGem02 has 30 seconds left.
|
|t:|1756300483
|-terastallize|p2b: Sneasler|Stellar
|move|p1b: Comfey|Protect|p1b: Comfey
|-singleturn|p1b: Comfey|Protect
|move|p2b: Sneasler|Close Combat|p1a: Archaludon
|-supereffective|p1a: Archaludon
|-damage|p1a: Archaludon|1/100
|-unboost|p2b: Sneasler|def|1
|-unboost|p2b: Sneasler|spd|1
|-ability|p1a: Archaludon|Stamina|boost
|-boost|p1a: Archaludon|def|1
|move|p2a: Yanmega|Bug Buzz|p1a: Archaludon
|-resisted|p1a: Archaludon
|-damage|p1a: Archaludon|0 fnt
|faint|p1a: Archaludon
|
|-weather|RainDance|[upkeep]
|-ability|p2a: Yanmega|Speed Boost|boost
|-boost|p2a: Yanmega|spe|1
|upkeep
|inactive|OOF? YEE? has 30 seconds left.
|inactive|OOF? YEE? has 20 seconds left.
|inactive|OOF? YEE? has 15 seconds left.
|
|t:|1756300527
|switch|p1a: Basculegion|Basculegion, L50, M|100/100
|turn|3
|inactive|CrystalGem02 has 30 seconds left.
|
|t:|1756300556
|-terastallize|p1a: Basculegion|Dragon
|move|p2b: Sneasler|Protect|p2b: Sneasler
|-singleturn|p2b: Sneasler|Protect
|move|p2a: Yanmega|Protect|p2a: Yanmega
|-singleturn|p2a: Yanmega|Protect
|move|p1b: Comfey|Draining Kiss|p2b: Sneasler
|-activate|p2b: Sneasler|move: Protect
|move|p1a: Basculegion|Last Respects|p2a: Yanmega
|-activate|p2a: Yanmega|move: Protect
|
|-weather|RainDance|[upkeep]
|-ability|p2a: Yanmega|Speed Boost|boost
|-boost|p2a: Yanmega|spe|1
|upkeep
|turn|4
|inactive|CrystalGem02 has 30 seconds left.
|inactive|OOF? YEE? has 30 seconds left.
|
|t:|1756300595
|move|p1a: Basculegion|Protect|p1a: Basculegion
|-singleturn|p1a: Basculegion|Protect
|move|p1b: Comfey|Draining Kiss|p2b: Sneasler
|-damage|p2b: Sneasler|73/100
|-heal|p1b: Comfey|94/100|[from] drain|[of] p2b: Sneasler
|move|p2a: Yanmega|Bug Buzz|p1a: Basculegion
|-activate|p1a: Basculegion|move: Protect
|move|p2b: Sneasler|Close Combat|p1a: Basculegion
|-activate|p1a: Basculegion|move: Protect
|
|-weather|RainDance|[upkeep]
|-ability|p2a: Yanmega|Speed Boost|boost
|-boost|p2a: Yanmega|spe|1
|upkeep
|turn|5
|
|t:|1756300609
|move|p2a: Yanmega|Bug Buzz|p1a: Basculegion
|-damage|p1a: Basculegion|47/100
|move|p2b: Sneasler|Dire Claw|p1a: Basculegion
|-damage|p1a: Basculegion|0 fnt
|faint|p1a: Basculegion
|move|p1b: Comfey|Taunt|p2a: Yanmega
|-start|p2a: Yanmega|move: Taunt
|
|-weather|none
|-ability|p2a: Yanmega|Speed Boost|boost
|-boost|p2a: Yanmega|spe|1
|upkeep
|
|t:|1756300612
|switch|p1a: Pelipper|Pelipper, L50, F|100/100
|-weather|RainDance|[from] ability: Drizzle|[of] p1a: Pelipper
|turn|6
|
|t:|1756300628
|move|p1b: Comfey|Draining Kiss|p2a: Yanmega
|-damage|p2a: Yanmega|76/100
|-heal|p1b: Comfey|100/100|[from] drain|[of] p2a: Yanmega
|move|p2a: Yanmega|Air Slash|p1a: Pelipper
|-damage|p1a: Pelipper|36/100
|move|p2b: Sneasler|Dire Claw|p1a: Pelipper
|-damage|p1a: Pelipper|0 fnt
|faint|p1a: Pelipper
|
|-weather|RainDance|[upkeep]
|-ability|p2a: Yanmega|Speed Boost|boost
|-boost|p2a: Yanmega|spe|1
|upkeep
|turn|7
|c|☆OOF? YEE?|Fuck this game
|inactive|OOF? YEE? has 30 seconds left.
|inactive|OOF? YEE? has 20 seconds left.
|inactive|OOF? YEE? has 15 seconds left.
|inactive|OOF? YEE? has 10 seconds left.
|inactive|OOF? YEE? has 5 seconds left.
|c|☆OOF? YEE?|You outplayed me this time but I honestly believe I deserved to win G2
|
|t:|1756300682
|move|p1b: Comfey|Draining Kiss|p2b: Sneasler
|-damage|p2b: Sneasler|43/100
|move|p2a: Yanmega|Air Slash|p1b: Comfey
|-damage|p1b: Comfey|64/100
|move|p2b: Sneasler|Dire Claw|p1b: Comfey
|-supereffective|p1b: Comfey
|-damage|p1b: Comfey|0 fnt
|faint|p1b: Comfey
|
|win|CrystalGem02
|raw|OOF? YEE?'s rating: 1369 → 1342(-27 for losing)
|raw|CrystalGem02's rating: 1236 → 1270(+34 for winning)
